<mjloggm ver="2.3"><GO type="169" lobby="0"/><UN n0="%E3%81%91%E3%83%BC%E3%81%9E%E3%81%88" n1="%73%65%37%37%65%6E" n2="%E6%A1%83%E3%81%A3%E3%81%BA" n3="%E7%89%8C%E6%B5%81%E7%8A%B6%E6%85%8B%E9%BA%BB%E9%9B%80" dan="17,16,16,16" rate="2146.55,2040.69,2071.68,2166.47" sx="F,M,M,M"/><TAIKYOKU oya="0"/><INIT seed="0,0,0,1,2,51" ten="250,250,250,250" oya="0" hai0="98,65,90,112,134,123,77,2,116,58,9,1,48" hai1="104,92,6,39,79,91,28,21,113,67,100,5,66" hai2="114,47,111,25,88,109,60,38,80,110,23,30,24" hai3="45,102,76,19,82,11,71,32,41,63,3,22,7"/><T10/><D112/><U97/><E39/><V85/><F114/><W124/><G124/><T118/><D123/><U99/><E113/><V18/><F60/><W49/><G32/><T29/><D29/><U15/><E79/><V101/><F101/><W0/><G102/><T74/><D134/><U55/><E67/><V106/><F106/><W117/><G117/><T43/><D77/><U52/><E66/><V73/><F73/><W115/><G115/><T70/><D74/><U4/><REACH who="1" step="1"/><E15/><REACH who="1" ten="250,240,250,250" step="2"/><V54/><F38/><W119/><G119/><T121/><D65/><U122/><E122/><V50/><REACH who="2" step="1"/><F25/><AGARI ba="0,1" hai="4,5,6,21,25,28,52,55,91,92,97,99,100,104" machi="25" ten="40,8000,1" yaku="1,1,52,2,54,1,53,0" doraHai="51" doraHaiUra="61" who="1" fromWho="2" sc="250,0,240,90,250,-80,250,0" /><INIT seed="1,0,0,4,1,109" ten="250,330,170,250" oya="1" hai0="108,13,92,86,101,40,84,46,25,39,128,4,114" hai1="107,80,74,52,127,95,53,50,55,83,49,81,9" hai2="12,85,1,30,123,96,79,89,57,51,32,82,26" hai3="14,133,15,11,0,8,17,125,132,102,76,116,54"/><U60/><E107/><V63/><F1/><W5/><G76/><T94/><D108/><U21/><E127/><V119/><F123/><W36/><G102/><T70/><D70/><U130/><E130/><V19/><F119/><W59/><G36/><T121/><D128/><U27/><E74/><V105/><F51/><N who="1" m="19465" /><E9/><V134/><F134/><N who="3" m="51819" /><G59/><T58/><D58/><N who="1" m="34887" /><E95/><V35/><F35/><W34/><G54/><T69/><D69/><U44/><E44/><V110/><F110/><W48/><G48/><T64/><D64/><U3/><E3/><V29/><F29/><AGARI ba="0,0" hai="21,27,29,53,55,80,81,83" m="34887,19465" machi="29" ten="30,2900,0" yaku="8,1,54,1" doraHai="109" who="1" fromWho="2" sc="250,0,330,29,170,-29,250,0" /><INIT seed="1,1,0,4,4,121" ten="250,359,141,250" oya="1" hai0="15,99,81,57,111,117,73,60,89,47,31,61,30" hai1="130,3,45,6,38,115,113,131,17,124,49,34,55" hai2="68,127,53,33,106,59,9,4,48,90,41,43,28" hai3="27,14,84,112,42,78,64,69,51,123,135,105,125"/><U132/><E34/><V13/><F106/><W114/><G123/><T71/><D117/><U83/><E38/><V11/><F68/><W2/><G2/><T44/><D73/><U67/><E124/><V65/><F65/><W93/><G105/><T16/><D71/><U107/><E107/><V91/><F127/><W32/><G125/><T50/><D111/><U24/><E67/><V92/><F33/><W21/><G135/><T122/><D47/><U70/><E70/><V118/><F28/><W58/><G69/><T26/><D122/><U102/><E102/><V8/><F91/><W79/><G32/><T0/><D0/><U18/><E132/><V7/><F11/><W54/><G14/><T109/><D109/><U80/><E6/><V72/><F72/><W25/><G64/><N who="0" m="38927" /><D61/><U126/><E3/><V36/><F36/><W87/><G42/><N who="0" m="24855" /><D26/><U128/><E126/><V95/><F95/><W88/><G27/><T97/><D97/><U75/><E75/><V56/><F56/><W100/><G100/><T110/><D110/><U19/><REACH who="1" step="1"/><E24/><REACH who="1" ten="250,349,141,250" step="2"/><V77/><F118/><W101/><G101/><T23/><D31/><U74/><E74/><V98/><F77/><W66/><G66/><T10/><D30/><U22/><E22/><V1/><AGARI ba="1,1" hai="1,4,7,8,9,13,41,43,48,53,59,90,92,98" machi="1" ten="20,1500,0" yaku="0,1,7,1" doraHai="121" who="2" fromWho="2" sc="250,-5,349,-8,141,28,250,-5" /><INIT seed="2,0,0,5,2,55" ten="245,341,169,245" oya="2" hai0="8,41,116,125,129,26,68,109,81,51,64,10,101" hai1="39,84,122,98,34,65,42,97,119,120,2,69,13" hai2="88,89,16,61,104,105,76,58,118,53,50,72,0" hai3="23,113,21,45,79,128,40,46,127,30,54,25,5"/><V52/><F118/><W96/><G128/><T31/><D109/><U11/><E119/><V121/><F0/><W124/><G113/><T126/><D116/><U20/><E34/><V108/><F121/><W102/><G79/><T6/><D81/><U3/><E84/><V82/><F108/><W83/><G83/><T47/><D101/><U115/><E115/><V18/><F105/><W77/><G77/><T70/><D10/><U49/><E39/><V33/><F33/><W28/><G5/><T57/><D26/><U80/><E80/><V59/><F104/><W71/><G71/><N who="0" m="27179" /><D31/><U12/><E20/><V22/><F18/><W27/><G54/><N who="0" m="31967" /><D8/><U92/><E11/><V36/><F36/><W74/><G74/><T48/><D6/><U32/><E92/><V85/><F72/><W93/><REACH who="3" step="1"/><G46/><REACH who="3" ten="245,341,169,235" step="2"/><T131/><D64/><U4/><E4/><V95/><REACH who="2" step="1"/><F95/><REACH who="2" ten="245,341,159,235" step="2"/><W17/><G17/><T130/><AGARI ba="0,2" hai="41,47,48,125,126,129,130,131" m="31967,27179" machi="130" ten="40,8000,1" yaku="19,1,34,2,52,1" doraHai="55" who="0" fromWho="0" sc="245,100,341,-20,159,-40,235,-20" /><INIT seed="3,0,0,2,4,78" ten="345,321,119,215" oya="3" hai0="124,99,80,123,33,95,42,108,24,10,25,104,19" hai1="59,16,85,52,49,116,39,56,27,69,6,50,37" hai2="28,120,126,44,9,38,114,41,74,58,106,7,77" hai3="79,31,1,34,100,87,102,22,63,115,14,36,35"/><W132/><G115/><T121/><D108/><U11/><E69/><V75/><F114/><W93/><G1/><T119/><D104/><U98/><E98/><V82/><F58/><W40/><G132/><T90/><D119/><U67/><E116/><V117/><F117/><W32/><G36/><T5/><D124/><U29/><E85/><V112/><F112/><W66/><G40/><T103/><D33/><U73/><E73/><V81/><F28/><W110/><G110/><T4/><D42/><U21/><E29/><V54/><F54/><W84/><G84/><N who="0" m="50439" /><D123/><U61/><E49/><V109/><F109/><W26/><G14/><AGARI ba="0,0" hai="6,11,14,16,21,27,37,39,50,52,56,59,61,67" machi="14" ten="30,3900,0" yaku="7,1,54,2" doraHai="78" who="1" fromWho="3" sc="345,0,321,39,119,0,215,-39" /><INIT seed="4,0,0,5,5,59" ten="345,360,119,176" oya="0" hai0="109,112,75,47,111,49,70,94,29,18,68,46,48" hai1="74,84,118,132,35,85,110,131,14,26,21,30,24" hai2="83,4,116,31,65,57,34,54,124,114,120,8,79" hai3="58,95,100,78,20,76,44,89,108,27,71,88,113"/><T12/><D75/><U129/><E118/><V3/><F120/><W90/><G71/><N who="0" m="27179" /><D29/><U69/><E69/><V55/><F116/><W9/><G108/><N who="0" m="41547" /><D94/><U60/><E74/><V105/><F105/><W97/><G113/><T33/><D33/><U36/><E36/><V72/><F114/><W117/><G117/><T130/><D112/><U127/><E127/><V37/><F37/><W0/><G44/><N who="0" m="16939" /><D130/><U86/><E110/><V41/><F124/><W45/><G45/><T81/><D81/><U51/><E131/><V134/><F31/><W17/><G0/><T126/><D126/><U22/><E35/><V107/><F34/><W56/><G9/><AGARI ba="0,0" hai="9,12,18,48,49" m="16939,41547,27179" machi="9" ten="30,1500,0" yaku="10,1" doraHai="59" who="0" fromWho="3" sc="345,15,360,0,119,0,176,-15" /><INIT seed="4,1,0,0,5,70" ten="360,360,119,161" oya="0" hai0="121,48,25,115,105,47,99,84,57,114,60,108,45" hai1="36,106,5,14,58,86,73,71,61,117,122,79,2" hai2="92,12,43,17,35,103,7,55,34,6,80,33,126" hai3="124,19,133,65,96,24,78,28,69,116,62,68,67"/><T72/><D72/><U112/><E71/><V120/><F43/><W40/><G116/><T95/><D121/><U3/><E117/><V87/><F120/><W74/><G124/><T10/><D105/><U0/><E106/><V109/><F109/><W27/><G133/><T81/><D108/><U130/><E73/><V98/><F126/><W85/><G74/><T129/><D129/><U82/><E130/><V51/><F35/><W88/><G40/><T4/><D25/><U54/><E122/><V63/><F63/><W76/><G96/><T111/><D48/><U21/><E112/><V123/><F33/><W44/><G44/><T101/><D111/><U102/><E102/><V1/><F1/><W119/><G119/><T49/><D49/><U39/><E21/><V15/><F15/><W38/><G38/><T56/><D56/><U59/><REACH who="1" step="1"/><E58/><REACH who="1" ten="360,350,119,161" step="2"/><N who="2" m="33151" /><F34/><W29/><G69/><T100/><D100/><U18/><E18/><V8/><F123/><W113/><G68/><T135/><D115/><U128/><E128/><V23/><F23/><W42/><G19/><T20/><D20/><U30/><E30/><V97/><F97/><W77/><G113/><T75/><D75/><U46/><E46/><V132/><F132/><W104/><G104/><T41/><D114/><U89/><E89/><AGARI ba="1,1" hai="6,7,8,12,17,80,87,89,92,98,103" m="33151" machi="89" ten="30,1000,0" yaku="8,1" doraHai="70" who="2" fromWho="1" sc="360,0,350,-13,119,23,161,0" /><INIT seed="5,0,0,1,2,112" ten="360,337,142,161" oya="1" hai0="115,24,96,58,114,92,82,88,21,3,118,132,5" hai1="44,62,111,110,122,97,90,121,85,106,28,55,47" hai2="0,87,103,35,116,104,42,49,128,52,61,14,123" hai3="129,37,1,100,54,51,64,25,59,66,99,89,19"/><U60/><E28/><V102/><F0/><W31/><G129/><T7/><D118/><U40/><E97/><V33/><F123/><W86/><G37/><T11/><D132/><U77/><E77/><V119/><F128/><W81/><G1/><T32/><D32/><U29/><E106/><V101/><F104/><W45/><G19/><T71/><D71/><U73/><E29/><V120/><F120/><W79/><G79/><T53/><D7/><U6/><E6/><V43/><F61/><N who="1" m="23657" /><E73/><V84/><F14/><W108/><G108/><N who="1" m="41514" /><E55/><V126/><F126/><W39/><G99/><T74/><D74/><U23/><E23/><V34/><F87/><W107/><G107/><T2/><D82/><N who="1" m="49463" /><E47/><V113/><F84/><W38/><G100/><T46/><D46/><U36/><AGARI ba="0,0" hai="36,40,44,121,122" m="49463,41514,23657" machi="36" ten="30,1500,0" yaku="10,1" doraHai="112" who="1" fromWho="1" sc="360,-5,337,15,142,-5,161,-5" /><INIT seed="5,1,0,3,3,85" ten="355,352,137,156" oya="1" hai0="89,26,78,96,36,51,49,125,71,4,110,94,104" hai1="25,63,101,52,56,55,34,133,100,64,0,37,59" hai2="134,43,40,115,129,112,131,84,41,106,123,38,31" hai3="93,81,121,18,79,35,114,44,24,14,72,45,113"/><U62/><E0/><V70/><F106/><W30/><G121/><T127/><D110/><U80/><E37/><V88/><F123/><W109/><G109/><T11/><D71/><U61/><E133/><V46/><F70/><W29/><G29/><T77/><D36/><U82/><E34/><V6/><F134/><W9/><REACH who="3" step="1"/><G93/><REACH who="3" ten="355,352,137,146" step="2"/><T91/><D104/><U8/><E80/><N who="2" m="49159" /><F31/><W32/><G32/><T65/><D94/><U42/><E82/><V58/><F6/><W47/><AGARI ba="1,1" hai="9,14,18,24,30,35,44,45,47,72,79,81,113,114" machi="47" ten="30,2000,0" yaku="1,1,0,1,53,0" doraHai="85" doraHaiUra="97" who="3" fromWho="3" sc="355,-6,352,-11,137,-6,146,33" /><INIT seed="6,0,0,5,5,42" ten="349,341,131,179" oya="2" hai0="120,63,67,14,73,97,78,65,118,13,45,76,32" hai1="75,36,84,106,94,103,2,46,71,82,19,57,39" hai2="11,12,20,127,6,105,122,125,38,69,9,59,124" hai3="86,30,0,81,41,72,134,83,50,47,74,112,43"/><V126/><N who="2" m="31744" /><DORA hai="113" /><V98/><F69/><W7/><G112/><T129/><D120/><U132/><E2/><V31/><F38/><W25/><G134/><T58/><D32/><U61/><E132/><V70/><F70/><W133/><G133/><T111/><D111/><U53/><E75/><V115/><F115/><W23/><G43/><T56/><D73/><U101/><E106/><V4/><F59/><W44/><G44/><T131/><D97/><U87/><E84/><V116/><F98/><W28/><G81/><T37/><D37/><U5/><E5/><V22/><F105/><W109/><G109/><T27/><D27/><U130/><E46/><V119/><F122/><W90/><REACH who="3" step="1"/><G30/><REACH who="3" ten="349,341,131,169" step="2"/><T3/><D45/><U135/><E135/><V108/><F108/><W16/><G16/><T114/><D114/><U88/><E19/><V1/><F31/><W15/><G15/><T128/><D3/><U123/><E82/><V96/><F96/><W80/><G80/><T8/><D14/><U21/><E123/><V51/><F51/><W29/><G29/><T104/><D13/><U17/><E36/><V107/><F107/><W89/><G89/><T54/><D104/><U60/><E17/><V35/><F35/><W102/><G102/><T91/><D91/><U68/><E101/><V40/><F40/><W79/><G79/><T110/><D110/><U33/><E103/><V93/><F93/><W48/><G48/><T100/><D100/><U95/><E94/><V77/><F77/><W121/><G121/><T18/><D78/><U66/><E39/><V64/><F64/><RYUUKYOKU ba="0,1" sc="349,-15,341,-15,131,15,169,15" hai2="1,4,6,9,11,12,20,22,116,119" hai3="0,7,23,25,28,41,47,50,72,74,83,86,90" /><INIT seed="6,1,1,2,0,66" ten="334,326,146,184" oya="2" hai0="23,78,48,53,127,50,68,134,33,65,120,97,63" hai1="56,17,11,51,35,34,27,111,81,6,126,32,115" hai2="12,72,75,30,38,129,85,117,128,87,55,62,13" hai3="80,131,20,73,31,3,91,52,9,43,86,83,8"/><V92/><F117/><W123/><G123/><T108/><D108/><U100/><E111/><V7/><F38/><W29/><G131/><N who="2" m="50249" /><F30/><W101/><G43/><T112/><D33/><U15/><E126/><V98/><F55/><W90/><G101/><T45/><D112/><U109/><E109/><V82/><F62/><W103/><G103/><T110/><D110/><U4/><E115/><V2/><F2/><W49/><G3/><T40/><D134/><U122/><E122/><V135/><F135/><W104/><G104/><T19/><D78/><U99/><E27/><V28/><F28/><N who="3" m="10827" /><G73/><N who="2" m="28233" /><F7/><W42/><G20/><T124/><D97/><U41/><E41/><V60/><F60/><W105/><G105/><T67/><D120/><U119/><E4/><V89/><F87/><N who="3" m="50535" /><G42/><T37/><D67/><U133/><E6/><V77/><AGARI ba="1,1" hai="12,13,77,82,85,89,92,98" m="28233,50249" machi="77" ten="30,1500,0" yaku="19,1" doraHai="66" who="2" fromWho="2" sc="334,-6,326,-6,146,28,184,-6" /><INIT seed="6,2,0,5,2,10" ten="328,320,174,178" oya="2" hai0="133,34,91,46,61,51,27,121,127,59,11,132,128" hai1="16,74,23,125,49,111,37,26,13,4,17,81,66" hai2="104,57,87,31,93,116,99,50,69,82,40,135,47" hai3="18,76,56,24,120,106,2,100,25,33,129,101,53"/><V44/><F116/><W9/><G120/><T113/><D121/><U41/><E37/><V6/><F69/><W55/><G129/><T75/><D75/><U19/><E111/><V68/><F68/><W14/><G76/><T72/><D72/><U79/><E125/><V95/><F135/><W118/><G118/><T12/><D113/><U83/><E66/><V0/><F31/><W96/><G2/><T78/><D78/><U30/><E81/><V62/><F47/><W97/><G33/><T105/><D105/><U85/><E74/><V126/><F126/><W35/><G35/><T65/><D128/><U130/><E4/><V42/><F42/><W109/><G109/><T3/><D3/><U29/><E130/><V15/><F0/><W21/><G56/><T20/><D91/><U71/><E71/><V54/><F99/><W22/><G22/><T131/><D34/><U112/><E30/><V48/><F62/><W84/><G84/><T103/><D103/><U88/><E79/><N who="2" m="46559" /><F104/><W7/><REACH who="3" step="1"/><G25/><REACH who="3" ten="328,320,174,168" step="2"/><T73/><D131/><U86/><E85/><V115/><F115/><W89/><G89/><T90/><D90/><U52/><E112/><V45/><F57/><W5/><G5/><N who="0" m="3183" /><D127/><U98/><E98/><V80/><F80/><W108/><G108/><T94/><D73/><U77/><E77/><V107/><F107/><AGARI ba="2,1" hai="7,9,14,18,21,24,53,55,96,97,100,101,106,107" machi="107" ten="30,7700,0" yaku="1,1,7,1,9,1,52,1,53,0" doraHai="10" doraHaiUra="117" who="3" fromWho="2" sc="328,0,320,0,174,-83,168,93" /><INIT seed="7,0,0,5,3,11" ten="328,320,91,261" oya="3" hai0="55,29,134,40,95,1,91,92,125,22,47,25,16" hai1="114,133,46,103,13,26,77,74,33,73,106,75,113" hai2="97,72,102,27,31,35,115,118,116,89,110,68,42" hai3="96,86,37,51,4,81,7,63,112,122,80,76,84"/><W78/><G122/><T119/><D119/><U50/><E133/><V36/><F89/><W14/><G37/><T65/><D125/><U66/><E66/><V123/><F110/><W2/><G112/><N who="1" m="43114" /><E103/><V49/><F49/><W57/><G2/><T12/><D1/><U30/><E13/><V105/><F115/><W6/><G96/><T111/><D65/><U3/><E106/><V19/><F19/><W59/><G51/><N who="0" m="27111" /><D111/><U94/><E94/><N who="0" m="35881" /><D134/><U107/><E107/><V64/><F72/><W70/><G70/><T62/><D91/><U101/><E101/><V44/><REACH who="2" step="1"/><F123/><REACH who="2" ten="328,320,81,261" step="2"/><W129/><G4/><T52/><D62/><AGARI ba="0,1" hai="27,31,35,36,42,44,62,64,68,97,102,105,116,118" machi="62" ten="40,12000,2" yaku="1,1,2,1,25,2,23,2,53,1" doraHai="11" doraHaiUra="41" who="2" fromWho="0" sc="328,-120,320,0,81,130,261,0" owari="208,-29.2,320,42.0,211,-18.9,261,6.1" /></mjloggm>