<mjloggm ver="2.3"><GO type="169" lobby="0"/><UN n0="%E3%81%8B%E3%82%8F%E3%81%97%E3%81%83" n1="%46%75%77%61" n2="%E8%B2%B4%E6%97%8F%E7%B3%BB%E9%9B%80%E5%A3%AB" n3="%48%69%70%70%6F%5F" dan="16,17,17,17" rate="2115.61,2177.74,2178.93,2204.96" sx="M,M,M,M"/><TAIKYOKU oya="0"/><INIT seed="0,0,0,0,2,41" ten="250,250,250,250" oya="0" hai0="126,108,4,20,15,110,98,50,6,30,95,116,123" hai1="131,132,25,120,122,78,128,68,31,17,28,106,53" hai2="125,63,119,81,83,96,12,39,124,114,38,87,117" hai3="77,54,46,59,133,56,89,18,71,48,134,8,27"/><T47/><D116/><N who="2" m="44618" /><F63/><W94/><G71/><T49/><D123/><N who="1" m="47147" /><E106/><V103/><F12/><W73/><G73/><T45/><D126/><N who="2" m="48746" /><F38/><W76/><G134/><T37/><D37/><U101/><E101/><V91/><F39/><W52/><G133/><T113/><D113/><U26/><E78/><N who="3" m="30314" /><G54/><N who="0" m="29999" /><D30/><N who="1" m="11307" /><E68/><V92/><F114/><W85/><G8/><T69/><D69/><U65/><E65/><V29/><F29/><W80/><G94/><AGARI ba="0,0" hai="81,83,87,91,92,94,96,103" m="48746,44618" machi="94" ten="30,7700,0" yaku="12,1,18,1,34,2" doraHai="41" who="2" fromWho="3" sc="250,0,250,0,250,77,250,-77" /><INIT seed="1,0,0,1,1,28" ten="250,250,327,173" oya="1" hai0="92,27,68,44,83,37,45,40,118,101,11,80,89" hai1="64,130,116,51,56,59,90,46,42,35,39,106,34" hai2="100,104,54,3,109,96,15,23,127,20,119,125,29" hai3="122,22,62,105,0,33,124,123,63,131,117,41,97"/><U103/><E116/><V47/><F3/><W73/><G0/><T71/><D118/><U107/><E130/><V65/><F109/><W81/><G117/><T113/><D113/><U19/><E90/><V2/><F2/><W55/><G131/><T132/><D132/><U32/><E19/><V24/><F119/><W78/><G123/><T18/><D101/><U91/><E91/><V87/><F87/><W98/><G122/><T1/><D45/><U10/><E10/><V134/><F65/><W133/><G133/><T126/><D126/><N who="2" m="48138" /><F134/><W85/><G73/><T74/><D27/><U76/><E76/><V31/><F15/><W5/><G85/><T112/><D112/><U108/><E108/><V79/><F79/><W30/><G78/><N who="0" m="44119" /><D83/><U58/><E64/><V9/><F9/><W120/><G81/><T16/><D68/><U128/><E128/><V13/><F13/><W43/><G124/><T102/><D102/><U66/><E66/><V17/><F20/><W72/><G22/><T67/><D67/><U88/><E88/><V50/><AGARI ba="0,0" hai="17,23,24,29,31,47,50,54,96,100,104" m="48138" machi="50" ten="30,1100,0" yaku="18,1" doraHai="28" who="2" fromWho="2" sc="250,-3,250,-5,327,11,173,-3" /><INIT seed="2,0,0,3,5,99" ten="247,245,338,170" oya="2" hai0="39,109,14,56,92,123,130,135,118,40,16,111,81" hai1="0,68,127,59,129,3,121,24,73,65,22,125,34" hai2="85,35,29,79,114,5,64,131,44,134,91,53,37" hai3="57,67,11,26,45,113,43,42,90,71,15,82,112"/><V31/><F114/><N who="3" m="44139" /><G71/><T106/><D106/><U12/><E73/><V13/><F134/><W19/><G26/><T98/><D123/><U93/><E121/><V17/><F35/><W32/><G32/><T52/><D135/><U23/><E68/><V75/><F75/><W2/><G2/><N who="1" m="554" /><E93/><V36/><F36/><W49/><G57/><T104/><D104/><U28/><E65/><V110/><F110/><N who="0" m="41994" /><D130/><U80/><E80/><V107/><F107/><W38/><G67/><T21/><D81/><U105/><E59/><V66/><F37/><W122/><G122/><T60/><D118/><U128/><E105/><V4/><F66/><W87/><G38/><T97/><D92/><U102/><E102/><V41/><F64/><W1/><G1/><T62/><D62/><U48/><E48/><V89/><F131/><N who="1" m="50249" /><E12/><V55/><F13/><W101/><G101/><T63/><D63/><U88/><E88/><V95/><F89/><W8/><G43/><T115/><D115/><U84/><E84/><V74/><F91/><W6/><G90/><T124/><D124/><AGARI ba="0,0" hai="22,23,24,28,34,124,125,127" m="50249,554" machi="124" ten="40,8000,1" yaku="18,1,19,1,34,2" doraHai="99" who="1" fromWho="0" sc="247,-80,245,80,338,0,170,0" /><INIT seed="3,0,0,4,2,46" ten="167,325,338,170" oya="3" hai0="60,55,90,87,49,106,96,88,41,118,23,32,132" hai1="54,114,117,127,86,104,109,126,103,20,45,130,6" hai2="111,21,113,112,48,93,33,123,66,95,94,12,59" hai3="76,70,31,9,75,24,3,51,71,7,91,129,80"/><W5/><G129/><T36/><D32/><U18/><E114/><V82/><F33/><W44/><G91/><T128/><D118/><U65/><E109/><V83/><F111/><W98/><G98/><T26/><D128/><U85/><E130/><V27/><F123/><W25/><G5/><T79/><D132/><U74/><E74/><V97/><F97/><W34/><REACH who="3" step="1"/><G24/><REACH who="3" ten="167,325,338,160" step="2"/><T99/><D106/><U64/><E117/><V120/><F27/><W50/><G50/><T10/><D96/><U119/><E119/><V4/><F4/><W115/><G115/><T42/><D36/><U110/><E110/><V39/><F112/><W67/><G67/><T43/><D60/><U19/><E65/><V124/><F39/><W17/><G17/><N who="0" m="12655" /><D99/><U38/><E64/><V62/><F113/><W37/><G37/><T47/><D10/><U122/><E38/><V68/><F68/><W101/><G101/><T56/><D56/><U100/><E103/><V133/><F62/><W84/><G84/><T125/><D125/><U77/><E100/><V61/><F124/><W89/><G89/><N who="0" m="34411" /><D79/><U131/><E86/><AGARI ba="0,1" hai="41,42,43,47,49,55,86,87" m="34411,12655" machi="86" ten="30,3900,0" yaku="8,1,52,1,54,1" doraHai="46" who="0" fromWho="1" sc="167,49,325,-39,338,0,160,0" /><INIT seed="4,0,0,5,2,62" ten="216,286,338,160" oya="0" hai0="99,115,18,135,9,103,35,51,90,118,97,131,79" hai1="36,60,125,87,22,82,28,110,45,38,32,29,74" hai2="93,119,25,14,21,105,94,114,70,37,89,123,2" hai3="128,101,132,52,124,46,55,72,104,53,30,113,65"/><T57/><D118/><U24/><E110/><V63/><F2/><W42/><G72/><T6/><D35/><U84/><E125/><V77/><F105/><W31/><G124/><T91/><D131/><U15/><E74/><V109/><F37/><W34/><G128/><T111/><D135/><U12/><E87/><V40/><F40/><W5/><G132/><T41/><D115/><U0/><E0/><V39/><F39/><W80/><G113/><T7/><D79/><U59/><E29/><V96/><F109/><W64/><G5/><T75/><D75/><U100/><E100/><V107/><F107/><W56/><G56/><T73/><D73/><U26/><E26/><V49/><F77/><W81/><G101/><T98/><D103/><U71/><E71/><V106/><F106/><W17/><G104/><T78/><D78/><U83/><E83/><N who="3" m="31818" /><G34/><T120/><D120/><U68/><E68/><V112/><F70/><W47/><G17/><T130/><D130/><U69/><E69/><V86/><F123/><W134/><G134/><T85/><D111/><U116/><E116/><V67/><F119/><W122/><G122/><T127/><D127/><U1/><E1/><V58/><F114/><W27/><G42/><T133/><D133/><U126/><E126/><V129/><F129/><W121/><G121/><T23/><D41/><N who="1" m="22695" /><E38/><V10/><F112/><W92/><G92/><N who="0" m="54351" /><D91/><N who="1" m="51607" /><E32/><V76/><F76/><W4/><G4/><T19/><D6/><U108/><E108/><V88/><F89/><W48/><G31/><T61/><D7/><U54/><E28/><N who="2" m="17455" /><F88/><W50/><G55/><RYUUKYOKU ba="0,0" sc="216,-15,286,15,338,-15,160,15" hai1="12,15,22,24,54,59,60" hai3="27,30,46,47,48,50,52,53,64,65" /><INIT seed="5,1,0,3,1,6" ten="201,301,323,175" oya="1" hai0="66,105,120,127,126,71,45,9,104,32,90,23,83" hai1="77,69,21,40,34,72,123,12,58,62,60,48,28" hai2="80,11,129,75,125,29,116,39,112,35,0,81,8" hai3="92,10,84,101,51,108,47,122,19,68,43,41,2"/><U79/><E123/><V7/><F116/><W134/><G108/><T99/><D32/><U49/><E34/><V133/><F125/><N who="0" m="47626" /><D23/><U131/><E131/><V61/><F133/><W82/><G134/><T65/><D120/><U17/><E69/><V15/><F39/><W117/><G117/><T64/><D71/><U89/><E72/><V110/><F75/><W63/><G122/><T107/><D45/><N who="1" m="25639" /><E28/><V5/><F110/><W74/><G74/><T73/><D9/><U27/><E27/><V76/><F76/><N who="1" m="29257" /><E89/><V115/><F129/><W103/><G2/><T87/><D73/><U130/><E130/><V44/><F44/><W42/><G68/><T26/><D26/><U16/><E17/><V88/><F88/><N who="3" m="51223" /><G63/><T86/><D86/><U18/><E18/><V95/><F61/><W25/><G25/><T33/><D33/><U109/><E109/><V1/><F35/><W106/><G106/><N who="0" m="27139" /><T100/><DORA hai="30" /><D100/><N who="3" m="38473" /><G92/><T37/><D99/><U121/><E121/><V114/><F95/><W20/><G20/><T91/><D90/><U46/><E58/><V57/><F57/><W70/><G70/><T31/><D31/><U52/><AGARI ba="1,0" hai="12,16,21,46,49,52,60,62" m="29257,25639" machi="52" ten="30,6000,0" yaku="8,1,54,2" doraHai="6,30" who="1" fromWho="1" sc="201,-21,301,63,323,-21,175,-21" /><INIT seed="5,2,0,0,3,116" ten="180,364,302,154" oya="1" hai0="94,18,35,120,89,106,60,86,49,6,91,131,117" hai1="110,41,22,16,97,69,57,40,87,13,56,127,5" hai2="36,28,27,111,96,90,119,108,25,101,26,78,29" hai3="32,102,134,73,0,109,53,130,107,10,67,132,63"/><U114/><E69/><V30/><F36/><W59/><G109/><T72/><D35/><U129/><E110/><V82/><F119/><W52/><G32/><T38/><D117/><U2/><E114/><V70/><F70/><W88/><G73/><T105/><D38/><U75/><E75/><V31/><F90/><W128/><G102/><T123/><D6/><U17/><E129/><N who="3" m="49770" /><G107/><N who="0" m="40971" /><D18/><U68/><E68/><V11/><F11/><W7/><G88/><T95/><D49/><U99/><E127/><V65/><F65/><W14/><G0/><T81/><D60/><U37/><E17/><V64/><F64/><W122/><G122/><N who="0" m="46635" /><D131/><U84/><E5/><V80/><F31/><W1/><G1/><T74/><D81/><U103/><E2/><V77/><F111/><W55/><AGARI ba="2,0" hai="7,10,14,52,53,55,59,63,67,132,134" m="49770" machi="55" ten="40,2700,0" yaku="19,1,54,1" doraHai="116" who="3" fromWho="3" sc="180,-9,364,-15,302,-9,154,33" /><INIT seed="6,0,0,0,3,3" ten="171,349,293,187" oya="2" hai0="42,6,49,111,113,104,21,93,5,33,32,132,94" hai1="103,36,95,20,34,71,17,51,53,105,43,125,25" hai2="2,69,26,16,39,13,35,18,12,60,99,58,121" hai3="45,88,124,8,97,96,102,89,123,79,98,67,133"/><V82/><F2/><W109/><G109/><T37/><D111/><U119/><E119/><V9/><F69/><W27/><G123/><T84/><D104/><U75/><E75/><V61/><F39/><W47/><G133/><T1/><D37/><U23/><E71/><V19/><F121/><W59/><G124/><T76/><D1/><U31/><E125/><V7/><F61/><N who="3" m="38335" /><G79/><T92/><D132/><U41/><E105/><V101/><F82/><W73/><G73/><T129/><D113/><U100/><E36/><V0/><F35/><W10/><G27/><T127/><D127/><U86/><E34/><V112/><F112/><W29/><G29/><T50/><D129/><U63/><E63/><V30/><F30/><W77/><G77/><T87/><D32/><U128/><E128/><V115/><F26/><W38/><G102/><N who="1" m="38954" /><E86/><N who="0" m="32809" /><D33/><U4/><E4/><N who="0" m="1641" /><D76/><U62/><E95/><V28/><F28/><W106/><G106/><T22/><D42/><U134/><E43/><V122/><F115/><W126/><G126/><T80/><D80/><U11/><E41/><V14/><F122/><W40/><G40/><T65/><D65/><U64/><E64/><N who="2" m="38935" /><F0/><W68/><G38/><T24/><D24/><U91/><E25/><V55/><F55/><W114/><G114/><T108/><D108/><U117/><E53/><V135/><F135/><W85/><G68/><T74/><D74/><U46/><E134/><V90/><F13/><W81/><G89/><T118/><D118/><U83/><E91/><V52/><F90/><W72/><G72/><T57/><D57/><U78/><E117/><RYUUKYOKU ba="0,0" sc="171,15,349,-15,293,-15,187,15" hai0="21,22,49,50,92,93,94" hai3="8,10,45,47,81,85,88,96,97,98" /><INIT seed="7,1,0,0,3,26" ten="186,334,278,202" oya="3" hai0="24,122,97,119,118,104,71,70,52,21,125,16,112" hai1="27,63,17,64,46,8,107,124,120,111,19,35,65" hai2="20,13,121,36,100,103,81,115,7,47,23,82,69" hai3="3,77,75,58,108,1,39,51,60,28,87,105,110"/><W94/><G39/><T18/><D122/><U48/><E120/><V66/><F121/><W41/><G105/><T123/><D123/><U44/><E111/><N who="3" m="42538" /><G75/><T0/><D0/><U92/><E107/><V79/><F115/><W93/><G1/><T134/><D112/><U85/><E124/><V91/><F66/><N who="1" m="25705" /><E35/><V113/><F69/><W89/><G3/><T67/><D125/><U78/><E63/><V25/><F113/><W9/><G9/><T106/><D134/><U37/><E37/><V72/><F23/><W56/><G77/><T99/><D67/><U34/><E34/><V86/><F13/><W130/><G130/><T128/><D24/><U10/><E78/><V45/><F7/><W14/><G14/><T88/><D21/><N who="1" m="13743" /><E8/><V43/><REACH who="2" step="1"/><F45/><REACH who="2" ten="186,334,268,202" step="2"/><W4/><G4/><T11/><D11/><U5/><E5/><V31/><AGARI ba="1,1" hai="20,25,31,36,43,47,72,79,81,82,86,91,100,103" machi="31" ten="20,8000,1" yaku="1,1,2,1,0,1,7,1,52,1,53,0" doraHai="26" doraHaiUra="101" who="2" fromWho="2" sc="186,-21,334,-21,268,93,202,-41" owari="165,-23.5,313,11.3,361,46.1,161,-33.9" /></mjloggm>