<mjloggm ver="2.3"><GO type="169" lobby="0"/><UN n0="%E3%81%A4%E3%81%8B%E3%82%93%E3%81%BD%E3%81%A3" n1="%E3%82%B7%E3%83%A9%2E" n2="%E3%82%B0%E3%83%B3%E3%83%80%E3%83%AA%E3%83%BC" n3="%78%78%E3%81%9D%E3%81%B0" dan="17,16,19,16" rate="2179.05,2190.63,2245.64,2113.29" sx="F,M,M,M"/><TAIKYOKU oya="0"/><INIT seed="0,0,0,5,2,78" ten="250,250,250,250" oya="0" hai0="15,9,124,116,10,44,110,92,34,30,40,51,56" hai1="104,102,28,61,55,68,86,120,130,114,62,96,126" hai2="26,38,82,81,22,129,57,6,103,73,36,42,52" hai3="80,47,53,91,113,74,5,115,37,117,58,23,16"/><T70/><D116/><U31/><E120/><V46/><F73/><W88/><G117/><T35/><D70/><U79/><E130/><V24/><F38/><W108/><G5/><T29/><D124/><U83/><E126/><V135/><F129/><W32/><G32/><T33/><D110/><U17/><E114/><V54/><F135/><W59/><G108/><T72/><D72/><U25/><E17/><V100/><F6/><W66/><G66/><T99/><D56/><U127/><E127/><V39/><F57/><W3/><G3/><T94/><D94/><U1/><E1/><V121/><F22/><W97/><G59/><T76/><D76/><U21/><E55/><V119/><F42/><W105/><G47/><T101/><REACH who="0" step="1"/><D9/><REACH who="0" ten="240,250,250,250" step="2"/><U71/><REACH who="1" step="1"/><E31/><REACH who="1" ten="240,240,250,250" step="2"/><V11/><F119/><W49/><G115/><T75/><D75/><U13/><E13/><V8/><REACH who="2" step="1"/><F46/><REACH who="2" ten="240,240,240,250" step="2"/><W133/><G113/><T50/><D50/><U27/><E27/><V93/><F93/><N who="3" m="56487" /><G133/><T128/><D128/><U0/><E0/><V19/><F19/><AGARI ba="0,3" hai="10,15,19,29,30,33,34,35,40,44,51,92,99,101" machi="19" ten="40,2000,0" yaku="1,1,53,0" doraHai="78" doraHaiUra="67" who="0" fromWho="2" sc="240,50,240,0,240,-20,250,0" /><INIT seed="0,1,0,0,4,58" ten="290,240,220,250" oya="0" hai0="83,28,74,127,48,77,107,45,15,53,88,19,90" hai1="46,44,123,102,66,64,49,129,63,78,1,34,76" hai2="57,8,134,133,97,62,99,39,41,24,98,116,87" hai3="117,122,93,12,68,96,111,118,104,85,40,91,22"/><T32/><D107/><U119/><E1/><V124/><F124/><W80/><G68/><T35/><D127/><U113/><E34/><V38/><F41/><W73/><G40/><T5/><D5/><U79/><E119/><V65/><F116/><W75/><G22/><T84/><D28/><U11/><E123/><V23/><F87/><W18/><G122/><T60/><D60/><U16/><E129/><V126/><F126/><W2/><G2/><T33/><REACH who="0" step="1"/><D74/><REACH who="0" ten="280,240,220,250" step="2"/><U20/><E113/><V52/><F65/><W125/><G75/><T54/><D54/><U94/><E66/><V71/><F71/><W36/><G73/><T132/><D132/><N who="2" m="50794" /><F8/><AGARI ba="1,1" hai="8,15,19,32,33,35,45,48,53,77,83,84,88,90" machi="8" ten="40,7700,0" yaku="1,1,54,1,53,1" doraHai="58" doraHaiUra="47" who="0" fromWho="2" sc="280,90,240,0,220,-80,250,0" /><INIT seed="0,2,0,0,5,83" ten="370,240,140,250" oya="0" hai0="91,74,80,79,110,116,47,17,62,45,23,53,94" hai1="58,107,117,3,85,108,10,118,26,76,90,92,131" hai2="121,87,38,64,25,1,130,67,120,122,63,52,129" hai3="8,96,124,7,86,111,112,60,78,50,127,19,103"/><T99/><D116/><U6/><E108/><V13/><F1/><W49/><G112/><T0/><D0/><U21/><E131/><N who="2" m="50187" /><F13/><W59/><G111/><T71/><D110/><U115/><E115/><V126/><F25/><W125/><G19/><T35/><D35/><U32/><E32/><V89/><F38/><W54/><G78/><T30/><D30/><U5/><E107/><V9/><F9/><W88/><G8/><T44/><D71/><U95/><E6/><V27/><F27/><W34/><G7/><T93/><D93/><U113/><E113/><V41/><F41/><W65/><G34/><T40/><D62/><U56/><E76/><V31/><F31/><W18/><G18/><T36/><D53/><U2/><E2/><V72/><F72/><W51/><G96/><T114/><D114/><U75/><E75/><V81/><F126/><W33/><G103/><T14/><AGARI ba="2,0" hai="14,17,23,36,40,44,45,47,74,79,80,91,94,99" machi="14" ten="20,2100,0" yaku="0,1,7,1" doraHai="83" who="0" fromWho="0" sc="370,27,240,-9,140,-9,250,-9" /><INIT seed="0,3,0,0,3,1" ten="397,231,131,241" oya="0" hai0="120,29,58,124,129,32,15,80,38,128,78,35,110" hai1="8,4,108,71,21,102,86,56,81,83,41,17,14" hai2="10,121,11,135,53,97,30,55,101,114,62,28,34" hai3="113,131,134,82,64,76,122,45,72,118,48,49,66"/><T31/><D38/><U50/><E108/><V6/><F135/><W7/><G118/><T90/><D90/><U23/><E71/><V0/><F121/><W79/><G79/><T94/><D94/><U95/><E23/><V52/><F114/><W73/><G113/><T111/><D120/><U9/><E9/><V87/><F34/><W109/><G73/><T51/><D51/><U36/><E36/><V119/><F119/><W117/><G49/><T105/><D105/><U67/><E67/><V96/><F96/><W40/><G122/><T116/><D58/><U12/><E56/><V42/><F42/><W127/><G117/><T61/><D61/><U13/><E13/><V57/><F87/><W2/><G109/><N who="0" m="41483" /><D15/><U74/><E74/><V39/><F39/><W93/><G93/><T43/><D43/><U103/><E95/><V126/><F126/><W22/><G127/><T115/><D115/><U100/><REACH who="1" step="1"/><E86/><REACH who="1" ten="397,221,131,241" step="2"/><V133/><F133/><W132/><G72/><N who="0" m="43079" /><D116/><U5/><E5/><V89/><F11/><W130/><G7/><T47/><D124/><U85/><E85/><V63/><F57/><W54/><G134/><T107/><D107/><U26/><E26/><V18/><F6/><W84/><G132/><T75/><D75/><U44/><AGARI ba="3,1" hai="4,8,12,14,17,21,41,44,50,81,83,100,102,103" machi="44" ten="30,12000,2" yaku="1,1,0,1,8,1,52,1,53,2" doraHai="1" doraHaiUra="77" who="1" fromWho="1" sc="397,-63,221,139,131,-33,241,-33" /><INIT seed="1,0,0,0,1,17" ten="334,360,98,208" oya="1" hai0="74,46,35,52,29,70,56,61,2,54,117,81,4" hai1="13,42,78,16,96,31,104,22,98,100,64,88,34" hai2="71,69,3,112,134,49,45,89,47,60,72,133,103" hai3="109,5,38,58,0,63,15,32,130,114,7,8,99"/><U91/><E78/><V65/><F3/><W40/><G32/><T18/><D117/><U26/><E42/><N who="2" m="24759" /><F89/><W132/><G114/><T102/><D70/><N who="2" m="26634" /><F103/><W107/><G109/><T84/><D74/><U121/><E121/><V106/><F72/><W62/><G130/><T79/><D102/><U33/><E33/><V123/><F106/><W87/><G0/><T50/><D35/><U115/><E115/><V124/><F112/><W43/><G38/><T118/><D118/><U44/><E64/><V21/><F21/><W120/><G63/><T105/><D105/><U119/><E119/><V77/><F77/><W12/><G120/><T131/><D131/><U27/><E98/><V73/><F73/><W127/><G107/><T113/><D29/><U53/><REACH who="1" step="1"/><E27/><REACH who="1" ten="334,350,98,208" step="2"/><V95/><F123/><W66/><G99/><T93/><D113/><U41/><E41/><V24/><F24/><W36/><G40/><T1/><D79/><U28/><E28/><V75/><F65/><W9/><G43/><T82/><D54/><U48/><AGARI ba="0,1" hai="13,16,22,26,31,34,44,48,53,88,91,96,100,104" machi="48" ten="30,12000,1" yaku="1,1,0,1,52,1,54,2,53,0" doraHai="17" doraHaiUra="128" who="1" fromWho="1" sc="334,-40,350,130,98,-40,208,-40" /><INIT seed="1,1,0,3,3,37" ten="294,480,58,168" oya="1" hai0="61,128,99,85,117,48,53,96,97,27,4,123,121" hai1="89,72,23,16,56,64,77,98,124,75,2,80,71" hai2="101,92,94,45,111,32,41,50,90,59,115,87,84" hai3="125,35,31,133,119,9,135,28,95,20,70,91,86"/><U52/><E2/><V120/><F111/><W51/><G70/><T13/><D117/><U93/><E124/><V103/><F120/><W38/><G38/><T8/><D128/><U30/><E30/><V55/><F115/><W46/><G35/><T102/><D61/><U66/><E72/><V39/><REACH who="2" step="1"/><F32/><REACH who="2" ten="294,480,48,168" step="2"/><W100/><G119/><T36/><D123/><U60/><REACH who="1" step="1"/><E71/><REACH who="1" ten="294,470,48,168" step="2"/><V6/><F6/><W127/><G125/><T22/><D4/><U109/><E109/><V29/><F29/><W113/><G31/><T33/><D121/><U62/><E62/><V79/><F79/><W54/><G28/><T17/><D33/><U74/><E74/><V118/><F118/><W57/><G127/><T40/><D17/><U25/><AGARI ba="1,2" hai="16,23,25,52,56,60,64,66,75,77,80,89,93,98" machi="25" ten="20,18000,2" yaku="1,1,0,1,7,1,25,2,54,2,53,0" doraHai="37" doraHaiUra="116" who="1" fromWho="1" sc="294,-61,470,203,48,-61,168,-61" owari="233,3.3,673,77.3,-13,-51.3,107,-29.3" /></mjloggm>