<mjloggm ver="2.3"><GO type="169" lobby="0"/><UN n0="%E3%81%86%E3%81%A1%E3%83%BC" n1="%61%73%61%64%61%31%32" n2="%E3%83%9E%E3%83%9E%E3%83%AC%E3%83%BC%E3%83%89%E7%94%B7" n3="%E4%B9%85%E4%BF%9D%E3%82%B7%E3%82%AA%E3%83%AA" dan="16,17,16,16" rate="2137.35,2177.74,2058.41,2021.10" sx="M,M,M,M"/><TAIKYOKU oya="0"/><INIT seed="0,0,0,5,4,115" ten="250,250,250,250" oya="0" hai0="3,27,103,67,1,126,10,128,76,43,95,34,19" hai1="78,39,37,91,87,20,0,116,127,65,125,75,2" hai2="9,36,73,42,129,13,23,84,77,114,6,71,81" hai3="62,111,80,41,134,31,97,49,63,108,11,113,109"/><T133/><D126/><N who="1" m="48139" /><E65/><V28/><F129/><W74/><G134/><T14/><D128/><U29/><E78/><V61/><F114/><W94/><G113/><T64/><D133/><U92/><E75/><V72/><F36/><N who="1" m="13897" /><E116/><V59/><F71/><W98/><G97/><T44/><D76/><U112/><E112/><V130/><F130/><W56/><G74/><T102/><D64/><U35/><E35/><V110/><F110/><W121/><G121/><T132/><D67/><U22/><E29/><V79/><F42/><W82/><G31/><T7/><D132/><U45/><E45/><V53/><F77/><W93/><G93/><T5/><D34/><U15/><E15/><V85/><F73/><W99/><G99/><T12/><D27/><U52/><E52/><V120/><F120/><W104/><G104/><T124/><D124/><U135/><E135/><V57/><F57/><W90/><G11/><T58/><D58/><U117/><E117/><V60/><F60/><W16/><G63/><T66/><D66/><U105/><E105/><V51/><F61/><W38/><G62/><T4/><D14/><U17/><E17/><V48/><F48/><W47/><REACH who="3" step="1"/><G16/><REACH who="3" ten="250,250,250,240" step="2"/><T83/><D95/><U100/><E100/><V33/><F28/><W86/><G86/><T131/><D131/><U24/><E24/><V18/><REACH who="2" step="1"/><F33/><REACH who="2" ten="250,250,240,240" step="2"/><W119/><G119/><T8/><D3/><AGARI ba="0,2" hai="0,2,3,20,22,87,91,92" m="13897,48139" machi="3" ten="40,1300,0" yaku="18,1" doraHai="115" who="1" fromWho="0" sc="250,-13,250,33,240,0,240,0" /><AGARI ba="0,0" hai="3,6,9,13,18,23,51,53,59,72,79,81,84,85" machi="3" ten="30,3900,0" yaku="1,1,2,1,7,1,53,0" doraHai="115" doraHaiUra="68" who="2" fromWho="0" sc="237,-39,283,0,240,39,240,0" /><INIT seed="1,0,0,0,4,128" ten="198,283,279,240" oya="1" hai0="118,79,60,34,113,44,65,40,30,120,129,127,54" hai1="86,122,84,134,61,43,91,107,135,12,88,27,35" hai2="38,41,99,29,76,11,57,108,90,126,48,21,105" hai3="71,92,82,24,4,18,132,124,69,97,16,13,83"/><U19/><E107/><V85/><F38/><W2/><G124/><T39/><D129/><U1/><E1/><V74/><F108/><W15/><G2/><T87/><D34/><U51/><E122/><V112/><F11/><W116/><G24/><T6/><D30/><U100/><E100/><V23/><F29/><W25/><G25/><T55/><D6/><U78/><E78/><V62/><F74/><W63/><G4/><T89/><D79/><U106/><E106/><V56/><F76/><W117/><G63/><T101/><D101/><U111/><E61/><V110/><F99/><W0/><G0/><T72/><D72/><U8/><E111/><V36/><F112/><W130/><G92/><T73/><D73/><U28/><E51/><V75/><F21/><W70/><G130/><T114/><D118/><N who="3" m="45673" /><G97/><T47/><D127/><U119/><E43/><V123/><F41/><W125/><G132/><N who="1" m="50730" /><E119/><V9/><F62/><W58/><G125/><T121/><D40/><U33/><E33/><V115/><F105/><W53/><G13/><T49/><D49/><U3/><E3/><V14/><F48/><W22/><G18/><T104/><D104/><U67/><E67/><V131/><F14/><W102/><G102/><T45/><D39/><U31/><E31/><V5/><F36/><W96/><G16/><T103/><D103/><U52/><E52/><N who="0" m="20009" /><D121/><U77/><E77/><V109/><F123/><W7/><G15/><T94/><D120/><U68/><E68/><V64/><F110/><W17/><G70/><T133/><D133/><U95/><E95/><N who="2" m="54735" /><F109/><W10/><G69/><AGARI ba="0,0" hai="44,45,47,60,65,69,87,89,94,113,114" m="20009" machi="69" ten="30,2000,0" yaku="6,1,54,1" doraHai="128" who="0" fromWho="3" sc="198,20,283,0,279,0,240,-20" /><INIT seed="2,0,0,5,5,64" ten="218,283,279,220" oya="2" hai0="112,1,27,10,19,133,11,49,12,62,119,108,48" hai1="22,116,135,125,36,14,99,30,131,76,115,102,65" hai2="107,89,37,58,67,97,57,128,123,43,79,25,17" hai3="98,118,87,95,110,121,39,68,21,16,38,84,85"/><V47/><F123/><W61/><G121/><T59/><D112/><U127/><E36/><V55/><F128/><W9/><G9/><T51/><D108/><U42/><E42/><V70/><F79/><W13/><G110/><T28/><D133/><U52/><E116/><V113/><F113/><W122/><G122/><T104/><D104/><U96/><E115/><V41/><F41/><W0/><G0/><T100/><D100/><U120/><E76/><V130/><F130/><W78/><G78/><T18/><D119/><U81/><E81/><V63/><F107/><W33/><G33/><T7/><D18/><U69/><E135/><V114/><F114/><W86/><N who="3" m="21504" /><DORA hai="91" /><W74/><G74/><T56/><REACH who="0" step="1"/><D62/><REACH who="0" ten="208,283,279,220" step="2"/><N who="1" m="40119" /><E120/><V101/><F101/><W24/><G118/><T2/><D2/><U129/><E129/><V50/><F17/><W80/><G80/><T53/><D53/><U34/><E131/><V46/><REACH who="2" step="1"/><F25/><REACH who="2" ten="208,283,269,220" step="2"/><W88/><G24/><T4/><D4/><U3/><E102/><V20/><F20/><AGARI ba="0,2" hai="1,7,10,11,12,19,20,27,28,48,49,51,56,59" machi="20" ten="40,5200,0" yaku="1,1,53,2" doraHai="64,91" doraHaiUra="6,111" who="0" fromWho="2" sc="208,72,283,0,269,-52,220,0" /><INIT seed="3,0,0,1,2,80" ten="280,283,217,220" oya="3" hai0="77,40,31,75,93,88,74,121,76,24,101,46,47" hai1="33,29,49,64,107,57,92,41,94,53,98,5,19" hai2="52,122,37,95,89,131,22,30,14,23,90,61,13" hai3="38,73,20,132,27,15,42,35,133,9,56,66,63"/><W36/><G73/><T79/><D101/><U111/><E5/><V48/><F37/><W119/><G35/><T102/><D102/><U125/><E107/><V103/><F131/><W54/><G119/><T45/><D40/><U123/><E123/><V129/><F129/><W68/><G42/><T51/><D51/><U126/><E64/><V67/><F103/><W87/><G133/><T113/><D113/><U34/><E111/><V12/><F122/><W135/><G135/><T86/><REACH who="0" step="1"/><D121/><REACH who="0" ten="270,283,217,220" step="2"/><U4/><E41/><V21/><F30/><W6/><G132/><T128/><D128/><U25/><E29/><V44/><REACH who="2" step="1"/><F95/><REACH who="2" ten="270,283,207,220" step="2"/><W127/><G36/><T82/><D82/><U60/><E92/><V96/><F96/><W106/><G38/><T59/><D59/><AGARI ba="0,2" hai="12,13,14,21,22,23,44,48,52,59,61,67,89,90" machi="59" ten="40,5200,0" yaku="1,1,8,1,54,1,53,0" doraHai="80" doraHaiUra="81" who="2" fromWho="0" sc="270,-52,283,0,207,72,220,0" /><INIT seed="4,0,0,1,5,57" ten="218,283,279,220" oya="0" hai0="128,94,13,66,127,78,4,97,68,88,130,126,29" hai1="114,111,119,72,69,98,91,10,33,43,58,17,110" hai2="26,103,115,133,125,62,64,45,25,70,48,7,76" hai3="54,49,82,53,41,42,14,93,120,18,5,121,34"/><T95/><D78/><U99/><E69/><V12/><F115/><W116/><G34/><T80/><D29/><U3/><E33/><V20/><F133/><W100/><G116/><T65/><D80/><U21/><E72/><V71/><F125/><N who="0" m="47626" /><D68/><U6/><E119/><V124/><F124/><W122/><G5/><T83/><D83/><U31/><E31/><V73/><F71/><W102/><G82/><T23/><D23/><U81/><E114/><V37/><F103/><W52/><G49/><T2/><D13/><U77/><E43/><N who="3" m="16394" /><G93/><T67/><D95/><U134/><E134/><V105/><F20/><AGARI ba="0,0" hai="14,18,20,52,53,54,100,102,120,121,122" m="16394" machi="20" ten="40,2600,0" yaku="13,1,54,1" doraHai="57" who="3" fromWho="2" sc="218,0,283,0,279,-26,220,26" /><INIT seed="5,0,0,0,5,67" ten="218,283,253,246" oya="1" hai0="118,123,47,23,92,30,87,70,95,133,94,25,113" hai1="24,93,12,62,29,46,112,3,2,99,43,77,84" hai2="16,27,54,100,75,80,60,73,8,61,40,105,0" hai3="34,111,48,109,120,115,33,4,56,18,53,86,14"/><U15/><E112/><V104/><F40/><W83/><G120/><T39/><D113/><U44/><E62/><V74/><F0/><W41/><G115/><T51/><D118/><U107/><E107/><V5/><F5/><W97/><G34/><T116/><D116/><U91/><E3/><V98/><F105/><W130/><G130/><T72/><D72/><U58/><E2/><V13/><F27/><W11/><G33/><T131/><D123/><U76/><E58/><V134/><F134/><W7/><G41/><T127/><D39/><U69/><E69/><V117/><F117/><W63/><G97/><T124/><D131/><U121/><E121/><V78/><REACH who="2" step="1"/><F60/><REACH who="2" ten="218,283,243,246" step="2"/><W32/><G4/><T110/><D133/><U17/><E43/><V126/><F126/><W55/><G7/><T79/><D110/><U132/><E132/><V88/><F88/><W42/><G42/><N who="0" m="25079" /><D79/><U122/><E122/><V28/><F28/><W114/><G114/><T128/><D128/><U19/><E77/><V49/><F49/><W81/><G111/><T71/><D87/><U45/><E84/><V31/><F31/><W6/><G109/><T9/><D9/><U68/><E76/><V52/><F52/><W59/><G86/><T36/><D36/><U22/><E12/><V50/><F50/><W57/><G48/><T96/><D96/><U125/><E125/><AGARI ba="0,1" hai="23,25,30,70,71,92,94,95,124,125,127" m="25079" machi="125" ten="30,3900,0" yaku="18,1,52,2" doraHai="67" who="0" fromWho="1" sc="218,49,283,-39,243,0,246,0" /><INIT seed="6,0,0,3,0,27" ten="267,244,243,246" oya="2" hai0="114,107,79,70,103,54,132,37,127,47,74,106,72" hai1="30,97,93,17,58,61,19,109,125,123,89,105,57" hai2="40,134,101,126,24,104,75,69,63,42,23,32,71" hai3="36,90,12,62,55,31,81,7,3,113,83,67,8"/><V52/><F75/><W131/><G131/><T33/><D114/><U121/><E105/><V4/><F32/><W50/><G36/><T6/><D54/><U65/><E109/><V15/><F134/><W116/><G116/><T99/><D127/><U14/><E125/><V66/><F126/><W35/><G113/><T130/><D107/><U2/><E2/><V39/><F71/><W115/><G115/><T84/><D84/><U53/><E30/><V77/><F77/><W128/><G128/><T91/><D91/><U34/><E34/><V111/><F111/><W95/><G3/><T68/><D132/><U82/><E82/><V88/><F39/><W92/><G92/><T18/><D18/><U85/><E97/><V26/><F101/><W16/><G7/><T119/><D119/><U112/><E112/><V49/><F104/><W0/><G0/><T94/><D94/><U11/><E19/><V10/><F24/><W124/><G31/><T38/><D38/><U29/><E29/><V43/><F88/><W80/><G35/><T96/><D96/><U21/><E11/><V135/><F135/><W1/><G1/><T102/><D102/><U45/><E45/><V5/><F5/><W51/><G124/><T87/><D33/><U46/><E46/><V98/><F98/><N who="3" m="57719" /><G67/><T13/><D130/><U78/><E78/><V22/><REACH who="2" step="1"/><F26/><REACH who="2" ten="267,244,233,246" step="2"/><W25/><G25/><T118/><D70/><U86/><E86/><V64/><F64/><W41/><G41/><N who="0" m="22959" /><D68/><U108/><E108/><V73/><F73/><W59/><AGARI ba="0,1" hai="8,12,16,50,51,55,59,62,80,81,83" m="57719" machi="59" ten="30,2000,0" yaku="8,1,54,1" doraHai="27" who="3" fromWho="3" sc="267,-5,244,-5,233,-10,246,30" /><INIT seed="7,0,0,0,0,32" ten="262,239,223,276" oya="3" hai0="30,87,25,66,50,18,28,109,60,115,77,129,19" hai1="73,71,88,113,78,57,15,62,76,44,55,13,95" hai2="23,96,97,84,0,65,81,82,63,108,92,36,130" hai3="21,85,94,43,59,100,101,47,111,34,67,124,45"/><W121/><G121/><T26/><D109/><U9/><E71/><V22/><F108/><W51/><G34/><T4/><D129/><U69/><E69/><V54/><F130/><W70/><G111/><T107/><D107/><U14/><E113/><V2/><F36/><W33/><G33/><T128/><D115/><U80/><E44/><V17/><F54/><W105/><G105/><T102/><D102/><U27/><E27/><V91/><F82/><W114/><G70/><T79/><D4/><U99/><REACH who="1" step="1"/><E76/><REACH who="1" ten="262,229,223,276" step="2"/><V12/><F22/><W103/><G21/><T133/><D79/><U56/><E56/><V37/><F37/><W3/><G45/><T48/><D128/><U104/><E104/><V31/><F31/><W72/><G59/><N who="0" m="37151" /><D26/><U53/><E53/><V118/><F118/><W8/><G47/><T127/><D25/><U131/><E131/><V16/><F17/><AGARI ba="0,1" hai="9,13,14,15,17,55,57,62,73,78,80,88,95,99" machi="17" ten="30,7700,0" yaku="1,1,7,1,54,1,53,1" doraHai="32" doraHaiUra="58" who="1" fromWho="2" sc="262,0,229,87,223,-77,276,0" owari="262,-13.8,316,41.6,146,-35.4,276,7.6" /></mjloggm>