<mjloggm ver="2.3"><GO type="169" lobby="0"/><UN n0="%E7%89%A7%E5%A0%B4%E3%81%AE%E5%B0%91%E5%A5%B3" n1="%E7%8C%AA%E7%8B%A9%E5%AE%88" n2="%6B%61%74%65%72%69%6E%61" n3="%E5%BE%A1%E5%BD%B1%E3%82%86%E3%81%9A%E3%81%8D" dan="17,17,17,16" rate="2217.77,2178.18,2172.94,2144.42" sx="F,M,M,M"/><TAIKYOKU oya="0"/><INIT seed="0,0,0,4,5,100" ten="250,250,250,250" oya="0" hai0="133,11,93,40,76,121,25,102,32,21,129,56,75" hai1="58,89,45,80,22,106,2,38,118,122,19,77,30" hai2="81,90,26,128,115,10,101,61,43,78,97,55,62" hai3="59,27,131,13,108,57,109,7,117,96,36,79,49"/><T47/><D121/><U111/><E118/><V41/><F115/><W94/><G36/><T119/><D119/><U12/><E2/><V8/><F128/><W37/><G37/><T60/><D32/><U134/><E111/><V85/><F26/><W31/><G117/><T3/><D133/><U110/><E110/><N who="3" m="42602" /><G79/><T132/><D132/><U33/><E134/><V50/><F78/><W87/><G87/><T15/><D3/><U83/><E122/><V65/><F43/><W91/><G131/><T104/><D93/><U28/><E33/><V99/><F99/><W51/><G13/><T86/><D75/><U74/><E106/><V95/><F41/><W69/><G7/><T16/><D129/><U107/><E107/><V67/><F62/><W42/><G69/><T9/><D104/><U112/><E58/><N who="3" m="22026" /><G42/><T123/><D123/><U4/><E45/><N who="2" m="28111" /><F61/><W88/><G91/><T24/><D102/><U34/><E38/><V70/><F70/><W130/><G130/><T135/><D135/><U98/><E89/><V29/><F29/><W23/><AGARI ba="0,0" hai="23,27,31,49,51,88,94,96" m="22026,42602" machi="23" ten="30,2000,0" yaku="14,1,54,1" doraHai="100" who="3" fromWho="3" sc="250,-10,250,-5,250,-5,250,20" /><INIT seed="1,0,0,2,0,9" ten="240,245,245,270" oya="1" hai0="69,90,23,59,62,96,43,53,11,79,52,84,15" hai1="91,34,21,45,98,36,126,25,38,95,86,65,54" hai2="60,77,116,33,70,29,92,57,110,122,14,24,35" hai3="94,131,88,113,32,76,18,80,118,7,42,63,100"/><U20/><E126/><V47/><F116/><W130/><G32/><T71/><D43/><U12/><E65/><V58/><F122/><W127/><G7/><T37/><D37/><U56/><E34/><V10/><F35/><W107/><G42/><T3/><D3/><U78/><E45/><V103/><F110/><W4/><G4/><T102/><D23/><U97/><E38/><V0/><F77/><W19/><G113/><T85/><D79/><U129/><E36/><V87/><F0/><W26/><G127/><T125/><D53/><U104/><E104/><V13/><F10/><W27/><G63/><T44/><D44/><U73/><E73/><V46/><F58/><W40/><G40/><T55/><D55/><U134/><E134/><V75/><F75/><W49/><G49/><T61/><D125/><U2/><E2/><V109/><F109/><W50/><G50/><T72/><D72/><U133/><E129/><N who="3" m="49162" /><G100/><T17/><D62/><U67/><E67/><V114/><F114/><W93/><G93/><T124/><D124/><U81/><E133/><V31/><F70/><W6/><G6/><T66/><D66/><U89/><E25/><N who="3" m="9226" /><G107/><T16/><D17/><N who="1" m="10279" /><E21/><N who="2" m="15503" /><F31/><W1/><G1/><T123/><D123/><U117/><E117/><V82/><F33/><W8/><G8/><T120/><D120/><U115/><E115/><V101/><F47/><W28/><G28/><T5/><D5/><U51/><E98/><N who="2" m="59591" /><F46/><W74/><G118/><T108/><D108/><U112/><E112/><V68/><F68/><N who="0" m="26186" /><D102/><AGARI ba="0,0" hai="51,54,56,78,81,86,89,91,95,97,102" m="10279" machi="102" ten="30,2900,0" yaku="8,1,52,1" doraHai="9" who="1" fromWho="0" sc="240,-29,245,29,245,0,270,0" /><INIT seed="1,1,0,2,5,7" ten="211,274,245,270" oya="1" hai0="131,76,13,130,97,93,90,31,89,11,42,55,134" hai1="51,25,114,47,66,110,14,16,91,100,102,4,118" hai2="27,86,67,0,24,36,56,105,108,26,52,21,35" hai3="57,46,128,69,132,82,45,30,81,123,125,77,75"/><U135/><E114/><V60/><F108/><W113/><G113/><T126/><D134/><U99/><E118/><V44/><F105/><W63/><G69/><T54/><D126/><U23/><E135/><V112/><F112/><W74/><G132/><T127/><D127/><U19/><E110/><V94/><F0/><W12/><G123/><T124/><D124/><U73/><E73/><V115/><F115/><W6/><G30/><T87/><D76/><U79/><E79/><V9/><F35/><W43/><G128/><N who="0" m="49195" /><D42/><U129/><E66/><V71/><F86/><W39/><G46/><T65/><D31/><U10/><E129/><V3/><F94/><W120/><G120/><T72/><D65/><U111/><E111/><V106/><F106/><W98/><G98/><T96/><D72/><U8/><E91/><V88/><F88/><W70/><G70/><T84/><D84/><U2/><E99/><N who="0" m="37961" /><D89/><U59/><E59/><V37/><F44/><W22/><G125/><T80/><D80/><U119/><E119/><V34/><F34/><W61/><G82/><T117/><D117/><U53/><AGARI ba="1,0" hai="2,4,8,10,14,16,19,23,25,47,51,53,100,102" machi="53" ten="20,12000,1" yaku="0,1,7,1,52,2,54,1" doraHai="7" who="1" fromWho="1" sc="211,-41,274,123,245,-41,270,-41" /><INIT seed="1,2,0,5,5,135" ten="170,397,204,229" oya="1" hai0="123,44,118,3,88,56,42,52,101,37,11,92,31" hai1="54,99,4,73,77,72,47,103,122,28,113,110,93" hai2="84,17,102,55,9,87,25,27,46,112,109,63,111" hai3="39,130,119,86,7,128,33,41,116,36,75,107,43"/><U60/><E113/><V95/><F112/><W82/><G7/><T134/><D118/><N who="3" m="45097" /><G33/><T30/><D134/><U105/><E122/><V6/><F102/><W21/><G21/><T65/><D123/><U67/><E4/><V127/><F17/><W97/><G97/><T124/><D101/><U100/><E110/><N who="2" m="41995" /><F95/><W26/><G26/><N who="2" m="9737" /><F127/><W80/><G107/><T85/><D124/><U78/><E28/><V50/><F63/><W51/><G75/><T1/><D65/><U45/><E105/><V129/><F129/><N who="3" m="49771" /><G86/><T58/><D58/><U61/><E99/><V16/><F16/><W48/><G80/><T125/><D125/><U5/><E5/><V106/><F106/><W8/><G8/><T15/><D15/><AGARI ba="2,0" hai="6,9,15,46,50,55,84,87" m="9737,41995" machi="15" ten="30,1000,0" yaku="14,1" doraHai="135" who="2" fromWho="0" sc="170,-16,397,0,204,16,229,0" /><INIT seed="2,0,0,5,5,107" ten="154,397,220,229" oya="2" hai0="120,105,30,69,85,53,2,121,28,10,25,11,101" hai1="132,60,1,103,131,4,86,41,82,134,130,91,115" hai2="19,5,32,36,15,116,125,96,23,61,49,90,73" hai3="98,124,26,110,37,94,34,57,40,118,70,24,62"/><V111/><F116/><W66/><G118/><T114/><D114/><U51/><E4/><V39/><F32/><W89/><G124/><T21/><D69/><U48/><E1/><V127/><F5/><W54/><G110/><T55/><D101/><U14/><E14/><V68/><F49/><N who="1" m="19017" /><E103/><V88/><F73/><W74/><G74/><T59/><D105/><U67/><E41/><V13/><F13/><W87/><G34/><T126/><D59/><N who="1" m="37279" /><E115/><V45/><F111/><W129/><G129/><AGARI ba="0,0" hai="82,86,91,129,130,131,132,134" m="37279,19017" machi="129" ten="30,1000,0" yaku="19,1" doraHai="107" who="1" fromWho="3" sc="154,0,397,10,220,0,229,-10" /><INIT seed="3,0,0,5,3,63" ten="154,407,220,219" oya="3" hai0="30,117,34,97,7,105,96,9,51,104,3,24,20" hai1="22,0,14,40,6,48,131,61,29,99,18,37,113" hai2="108,83,107,80,65,91,111,95,68,10,54,53,32" hai3="75,59,47,23,112,126,11,2,55,109,12,60,31"/><W50/><G75/><T41/><D117/><U16/><E113/><V64/><F32/><W88/><G112/><T19/><D41/><U21/><E131/><V120/><F120/><W118/><G118/><T36/><D36/><U15/><E37/><V123/><F107/><W122/><G122/><T27/><D96/><U128/><E128/><V5/><F68/><W84/><G2/><T43/><D43/><U25/><E61/><V73/><F54/><W66/><G126/><T124/><D124/><U127/><E99/><N who="2" m="57855" /><F53/><W119/><G119/><T87/><D51/><U81/><E81/><N who="2" m="31307" /><F123/><W13/><G109/><N who="2" m="42057" /><F73/><W103/><G103/><T94/><REACH who="0" step="1"/><D87/><REACH who="0" ten="144,407,220,219" step="2"/><U133/><E40/><V90/><F90/><AGARI ba="0,1" hai="3,7,9,19,20,24,27,30,34,90,94,97,104,105" machi="90" ten="30,3900,0" yaku="1,1,2,1,7,1,53,0" doraHai="63" doraHaiUra="44" who="0" fromWho="2" sc="144,49,407,0,220,-39,219,0" /><INIT seed="4,0,0,2,2,108" ten="193,407,181,219" oya="0" hai0="102,21,120,19,4,7,100,77,42,26,96,127,118" hai1="93,14,114,123,47,134,51,36,17,95,8,73,116" hai2="62,64,75,109,1,74,101,3,46,35,119,97,44" hai3="54,86,107,28,126,34,49,90,2,71,128,117,20"/><T67/><D118/><U9/><E123/><V85/><F119/><W84/><G2/><T105/><D120/><U131/><E73/><V33/><F85/><W94/><G107/><T53/><D127/><U91/><E36/><V59/><F109/><W111/><G111/><T50/><D67/><U16/><E134/><V103/><F97/><W83/><G71/><T122/><D122/><U72/><E72/><V23/><F23/><W98/><G117/><T112/><D100/><U78/><E78/><V10/><F59/><W45/><G34/><T25/><D77/><U79/><E79/><V13/><F13/><W40/><G126/><T87/><D42/><U133/><E131/><V31/><F64/><W57/><G128/><T37/><D37/><U22/><E133/><V69/><F10/><W104/><G104/><T48/><D87/><U106/><E106/><V99/><F99/><W130/><G130/><T76/><D76/><U65/><E65/><V27/><F27/><N who="3" m="16487" /><G83/><T52/><D25/><U29/><E29/><V125/><F125/><W70/><G70/><T30/><D30/><U80/><E8/><V113/><F31/><W129/><G129/><T56/><REACH who="0" step="1"/><D112/><REACH who="0" ten="183,407,181,219" step="2"/><U24/><E114/><V124/><F124/><W68/><G68/><T0/><D0/><U121/><E121/><V55/><F69/><W135/><G135/><T5/><D5/><U39/><E39/><V41/><F113/><W115/><G115/><T15/><D15/><U81/><E116/><V132/><F132/><W60/><AGARI ba="0,1" hai="40,45,49,54,57,60,84,86,90,94,98" m="16487" machi="60" ten="30,1100,0" yaku="8,1" doraHai="108" who="3" fromWho="3" sc="183,-5,407,-3,181,-3,219,21" /><INIT seed="5,0,0,0,2,79" ten="178,404,178,240" oya="1" hai0="90,125,132,121,33,10,5,24,72,9,128,53,134" hai1="95,59,89,39,127,21,15,85,68,64,44,23,80" hai2="75,25,61,112,58,71,69,94,19,57,56,78,131" hai3="55,130,0,93,27,38,119,63,34,77,99,103,115"/><U135/><E68/><V45/><F131/><W22/><G0/><T82/><D128/><U3/><E3/><V107/><F107/><W73/><G38/><T1/><D9/><U47/><E135/><V123/><F123/><W106/><G34/><T87/><D121/><U16/><E127/><V26/><F112/><W81/><G130/><T66/><D125/><U117/><E117/><V109/><F109/><W74/><G115/><T40/><D66/><U70/><E70/><V35/><F45/><N who="1" m="17481" /><E39/><V83/><F94/><W101/><G119/><T14/><D40/><U98/><E59/><V4/><F61/><W49/><G63/><T104/><D53/><U122/><E64/><V17/><F4/><W37/><G37/><T97/><D72/><U41/><E41/><V13/><F17/><W76/><G106/><T108/><D108/><U102/><E122/><V18/><F19/><W129/><G129/><T105/><D1/><U50/><E50/><V46/><F46/><W114/><G114/><T62/><D62/><U28/><E28/><V8/><REACH who="2" step="1"/><F25/><REACH who="2" ten="178,404,168,240" step="2"/><W84/><G27/><T43/><D43/><U118/><E118/><V36/><F36/><W11/><G93/><T110/><D110/><U42/><E42/><V86/><F86/><W31/><G84/><T120/><D120/><U111/><E111/><V100/><F100/><W20/><G73/><T96/><D104/><U126/><E126/><V2/><F2/><W32/><G74/><T60/><D60/><U67/><E67/><V6/><F6/><W133/><G101/><N who="0" m="62631" /><D97/><U65/><E65/><V29/><AGARI ba="0,1" hai="8,13,18,26,29,35,56,57,58,69,71,75,78,83" machi="29" ten="30,12000,2" yaku="1,1,5,1,0,1,52,1,53,3" doraHai="79" doraHaiUra="52" who="2" fromWho="2" sc="178,-30,404,-60,168,130,240,-30" /><INIT seed="6,0,0,4,1,105" ten="148,344,298,210" oya="2" hai0="100,84,34,106,92,83,41,61,25,16,24,111,98" hai1="26,72,42,119,96,126,131,65,28,48,70,19,57" hai2="78,21,129,132,91,4,29,73,134,18,35,99,75" hai3="36,3,107,64,82,121,89,14,66,93,67,47,43"/><V102/><F4/><W62/><G107/><T50/><D111/><U12/><E119/><V101/><F78/><W79/><G3/><T120/><D120/><U80/><E70/><V85/><F129/><W116/><G116/><T2/><D2/><U127/><E131/><V88/><F29/><W69/><G14/><T39/><D39/><U71/><E71/><V7/><F7/><W1/><G1/><T128/><D128/><U40/><E96/><V76/><F76/><W81/><G81/><T54/><D106/><U5/><E5/><V56/><F56/><W112/><G112/><T103/><D103/><N who="2" m="39434" /><F35/><W32/><G32/><T124/><D124/><N who="1" m="47659" /><E80/><N who="2" m="49191" /><F91/><W27/><G27/><T122/><D122/><U6/><E72/><V94/><F94/><W53/><G121/><T104/><D104/><U51/><E6/><V15/><F99/><W11/><G11/><T118/><D34/><N who="1" m="20759" /><E57/><V30/><F30/><W97/><REACH who="3" step="1"/><G53/><REACH who="3" ten="148,344,298,200" step="2"/><T9/><D118/><U117/><E117/><V77/><F77/><W38/><G38/><T17/><D83/><U110/><E110/><V59/><F15/><W90/><G90/><T23/><D100/><U74/><E12/><V135/><F21/><W33/><G33/><T114/><D114/><U63/><E42/><V46/><F135/><W58/><G58/><N who="0" m="35031" /><D9/><U130/><E40/><V95/><F134/><W87/><AGARI ba="0,1" hai="36,43,47,62,64,66,67,69,79,82,87,89,93,97" machi="87" ten="20,2700,0" yaku="1,1,0,1,7,1,53,0" doraHai="105" doraHaiUra="113" who="3" fromWho="3" sc="148,-7,344,-7,298,-13,200,37" /><INIT seed="7,0,0,4,2,3" ten="141,337,285,237" oya="3" hai0="34,77,129,64,91,54,53,128,7,39,84,24,135" hai1="12,66,115,32,98,13,52,21,28,67,80,6,127" hai2="60,111,57,15,88,43,102,96,70,61,114,25,55" hai3="118,103,101,18,134,2,126,42,83,37,0,74,71"/><W14/><G118/><T122/><D122/><U41/><E32/><V97/><F111/><W131/><G71/><T62/><D39/><U95/><E41/><V79/><F114/><W90/><G131/><T1/><D77/><U108/><E108/><V17/><F79/><W76/><G134/><T50/><D135/><U23/><E80/><V123/><F123/><W11/><G126/><T5/><D1/><U120/><E127/><V63/><F25/><W117/><G117/><T56/><D34/><U85/><E85/><V93/><F43/><W27/><G2/><T59/><D128/><U47/><E13/><V51/><F70/><W46/><G90/><T26/><D129/><U105/><E105/><V133/><F133/><W78/><G78/><T65/><D24/><N who="1" m="16399" /><E23/><V82/><F82/><W87/><G87/><T107/><D107/><U100/><E115/><V35/><F35/><W121/><G121/><T75/><D75/><U29/><E29/><V16/><F15/><W106/><G106/><T92/><D26/><U30/><E30/><V86/><F97/><W4/><G27/><T31/><D31/><U22/><E22/><AGARI ba="0,0" hai="0,4,11,14,18,22,37,42,46,74,76,83,101,103" machi="22" ten="30,11600,0" yaku="7,1,25,2,52,1" doraHai="3" who="3" fromWho="1" sc="141,0,337,-116,285,0,237,116" owari="141,-35.9,221,-17.9,285,8.5,353,45.3" /></mjloggm>