<mjloggm ver="2.3"><GO type="169" lobby="0"/><UN n0="%68%61%72%75%6B%61%73" n1="%45%72%77%69%6E%52%64" n2="%54%72%69%6F%73%64%61%64" n3="%E3%81%93%E3%82%8C%E3%81%8C%E3%81%B5%E3%81%95%E3%81%B5%E3%81%95" dan="18,16,16,17" rate="2208.00,2139.12,2099.04,2213.14" sx="M,M,M,M"/><TAIKYOKU oya="0"/><INIT seed="0,0,0,5,1,52" ten="250,250,250,250" oya="0" hai0="12,25,118,97,57,101,130,18,61,17,47,23,21" hai1="11,114,54,34,59,121,84,92,50,122,83,60,38" hai2="105,24,51,96,28,69,110,103,117,33,1,40,39" hai3="127,119,91,48,42,123,45,132,3,74,7,112,131"/><T26/><D130/><U76/><E38/><V14/><F110/><W126/><G112/><T8/><D47/><U19/><E34/><V64/><F51/><W125/><G119/><T49/><D49/><U124/><E114/><V56/><F14/><W85/><G131/><T36/><D36/><U9/><E124/><V53/><F117/><W63/><G132/><T73/><D73/><U113/><E113/><V95/><F95/><W16/><G74/><T72/><D72/><U104/><E104/><V100/><F100/><W79/><G79/><T116/><D97/><U120/><E92/><V13/><F13/><W82/><G123/><T58/><D101/><U68/><E68/><V5/><F53/><W10/><G63/><T108/><D108/><U15/><REACH who="1" step="1"/><E50/><REACH who="1" ten="250,240,250,250" step="2"/><V2/><F69/><W80/><G82/><T67/><REACH who="0" step="1"/><D57/><REACH who="0" ten="240,240,250,250" step="2"/><U90/><E90/><V4/><F56/><W22/><REACH who="3" step="1"/><G126/><REACH who="3" ten="240,240,250,240" step="2"/><T94/><D94/><U37/><E37/><V65/><F39/><W44/><G44/><T86/><D86/><U107/><E107/><V106/><F105/><W81/><G81/><T111/><D111/><U55/><E55/><V89/><F106/><W75/><G75/><T46/><D46/><U6/><E6/><AGARI ba="0,3" hai="6,8,12,17,18,21,23,25,26,58,61,67,116,118" machi="6" ten="30,11600,0" yaku="1,1,7,1,9,1,52,1,53,0" doraHai="52" doraHaiUra="43" who="0" fromWho="1" sc="240,146,240,-116,250,0,240,0" /><INIT seed="0,1,0,0,5,35" ten="386,124,250,240" oya="0" hai0="58,62,120,33,126,122,3,63,89,121,32,7,105" hai1="106,98,112,57,49,100,15,2,64,88,77,36,14" hai2="30,108,9,127,19,31,99,83,20,118,41,86,115" hai3="94,0,40,17,104,37,111,131,42,76,92,87,80"/><T97/><D126/><U13/><E36/><V117/><F115/><W66/><G111/><T113/><D113/><U39/><E39/><V125/><F41/><W128/><G104/><T4/><D105/><U12/><N who="1" m="3072" /><DORA hai="109" /><U25/><E112/><V26/><F99/><W1/><G17/><T82/><D97/><U24/><E77/><V27/><F108/><W65/><G37/><T52/><D63/><U110/><E110/><V114/><F114/><W51/><G51/><T22/><D22/><U69/><E69/><V50/><F50/><W48/><G48/><T61/><D61/><U59/><E64/><V10/><F83/><W45/><G45/><T95/><D7/><U70/><E70/><V29/><F86/><W46/><G46/><T130/><D82/><U16/><E2/><N who="3" m="1130" /><G40/><T84/><REACH who="0" step="1"/><D130/><REACH who="0" ten="376,124,250,240" step="2"/><N who="3" m="49705" /><G42/><T75/><D75/><U44/><E106/><V8/><REACH who="2" step="1"/><F27/><REACH who="2" ten="376,124,240,240" step="2"/><W81/><G81/><T38/><D38/><U123/><E25/><V53/><F53/><W101/><G92/><T107/><D107/><U116/><E24/><V133/><F133/><W134/><G134/><T68/><D68/><U129/><E129/><V67/><F67/><W54/><G54/><T132/><D132/><U18/><E44/><V124/><AGARI ba="1,2" hai="8,9,10,19,20,26,29,30,31,117,118,124,125,127" machi="124" ten="40,16000,3" yaku="1,1,0,1,29,2,18,1,34,3,53,0" doraHai="35,109" doraHaiUra="11,28" who="2" fromWho="2" sc="376,-81,124,-41,240,183,240,-41" /><INIT seed="1,0,0,3,4,135" ten="295,83,423,199" oya="1" hai0="53,54,79,43,89,110,0,111,7,51,23,18,24" hai1="113,8,58,108,106,71,103,45,48,91,69,112,127" hai2="65,33,123,41,30,130,52,81,129,101,1,95,60" hai3="119,86,122,120,134,77,94,75,124,121,98,99,100"/><U62/><E106/><V27/><F123/><W84/><G134/><T64/><D64/><U13/><E103/><V131/><F1/><W50/><G50/><T80/><D89/><U3/><E3/><V59/><F41/><W70/><G70/><T74/><D43/><U19/><E108/><N who="0" m="41513" /><D51/><U4/><E71/><V105/><F81/><N who="3" m="45247" /><G119/><T115/><D115/><U6/><E69/><V46/><F105/><N who="3" m="63639" /><G124/><T21/><D21/><U35/><E35/><V104/><F104/><W92/><G92/><T93/><D93/><U10/><E127/><V40/><F95/><W78/><G78/><T63/><D63/><U66/><E91/><AGARI ba="0,0" hai="84,86,91,94,99,120,121,122" m="63639,45247" machi="91" ten="30,2000,0" yaku="34,2" doraHai="135" who="3" fromWho="1" sc="295,0,83,-20,423,0,199,20" /><INIT seed="2,0,0,4,1,94" ten="295,63,423,219" oya="2" hai0="134,119,8,27,17,114,66,16,15,45,59,57,135" hai1="79,103,117,75,0,71,93,26,90,72,74,43,49" hai2="53,127,9,100,121,87,129,63,105,95,76,18,131" hai3="126,46,6,98,51,123,29,73,113,84,54,92,109"/><V19/><F121/><W34/><G123/><T77/><D114/><U5/><E117/><V38/><F38/><W64/><G73/><T30/><D119/><U122/><E122/><V102/><F127/><W23/><G126/><T33/><D77/><U52/><E71/><V78/><F105/><W86/><G109/><T104/><D104/><U41/><E103/><N who="2" m="39467" /><F63/><W14/><G113/><T47/><D17/><N who="2" m="6154" /><F53/><W96/><G64/><T82/><D82/><U85/><E79/><N who="2" m="30251" /><F9/><W31/><G34/><T12/><D12/><U58/><REACH who="1" step="1"/><E26/><REACH who="1" ten="295,53,423,219" step="2"/><V128/><F131/><W88/><G31/><T133/><D66/><U44/><E44/><AGARI ba="0,1" hai="8,15,16,27,30,33,44,45,47,57,59,133,134,135" machi="44" ten="40,2600,0" yaku="20,1,54,1" doraHai="94" who="0" fromWho="1" sc="295,36,53,-26,423,0,219,0" /><INIT seed="3,0,0,2,1,7" ten="331,27,423,219" oya="3" hai0="104,39,115,122,34,85,4,50,92,36,123,54,1" hai1="25,46,134,0,10,103,59,77,67,51,100,89,15" hai2="79,11,114,72,88,70,99,131,105,83,112,12,65" hai3="71,101,69,98,124,57,28,76,86,94,55,18,58"/><W22/><G124/><T116/><D116/><U120/><E120/><V17/><F131/><W41/><G28/><T108/><D104/><U16/><E134/><V52/><F65/><W23/><G41/><T90/><D34/><U127/><E127/><V97/><F70/><W38/><G38/><T68/><D68/><U74/><E0/><V43/><F43/><W44/><G44/><T109/><D115/><U24/><E74/><V37/><F37/><N who="0" m="14410" /><D4/><U64/><E77/><V19/><F19/><W60/><G23/><T75/><D75/><U56/><E89/><V29/><F29/><W110/><G110/><N who="0" m="42603" /><D1/><U106/><E106/><V121/><F121/><W49/><G76/><T27/><D27/><U14/><E46/><AGARI ba="0,0" hai="46,50,54,85,90,92,122,123" m="42603,14410" machi="46" ten="30,1000,0" yaku="14,1" doraHai="7" who="0" fromWho="1" sc="331,10,27,-10,423,0,219,0" /><INIT seed="4,0,0,5,5,69" ten="341,17,423,219" oya="0" hai0="84,134,26,28,22,100,102,47,115,34,103,16,129" hai1="89,116,57,83,113,90,37,110,82,130,10,1,104" hai2="97,35,21,77,126,4,59,24,49,42,85,45,71" hai3="94,13,11,79,132,43,112,91,39,117,27,17,114"/><T80/><D115/><N who="3" m="44073" /><G117/><T106/><D134/><U56/><E110/><V67/><F126/><W2/><G132/><T119/><D129/><U19/><E113/><V88/><F35/><W60/><G79/><T58/><D119/><U46/><E116/><V75/><F71/><W5/><G60/><T30/><D106/><U66/><E104/><V50/><F97/><N who="3" m="57567" /><G27/><T6/><D6/><U118/><E118/><V3/><F77/><W108/><G108/><T62/><D47/><U93/><E46/><V98/><F98/><W128/><G128/><T51/><D51/><U32/><E93/><V96/><F96/><W14/><G17/><T33/><D33/><U87/><E130/><V111/><F75/><W107/><G107/><T38/><D38/><U12/><E19/><V63/><F111/><W65/><G65/><N who="0" m="39127" /><D34/><U25/><E32/><V70/><F70/><W86/><G39/><T123/><D123/><U101/><E66/><V81/><F50/><W61/><G61/><T0/><D0/><U135/><E1/><V23/><F24/><W29/><G2/><T133/><D133/><U92/><E25/><V8/><AGARI ba="0,0" hai="3,4,8,21,23,42,45,49,59,63,67,81,85,88" machi="8" ten="30,2000,0" yaku="0,1,54,1" doraHai="69" who="2" fromWho="2" sc="341,-10,17,-5,423,20,219,-5" /><INIT seed="5,0,0,0,0,117" ten="331,12,443,214" oya="1" hai0="14,41,78,12,75,28,21,7,101,125,131,5,4" hai1="46,127,133,61,87,3,95,59,132,37,105,83,13" hai2="2,115,106,39,26,29,120,109,67,64,111,99,116" hai3="53,25,6,92,32,76,112,62,114,35,103,34,49"/><U121/><E3/><V65/><F120/><W19/><G6/><T69/><D69/><U66/><E105/><V55/><F116/><W50/><G76/><T123/><D101/><U81/><E127/><V54/><F39/><W100/><G62/><T9/><D41/><N who="1" m="22831" /><E13/><V48/><F2/><W72/><G72/><T107/><D107/><U31/><E31/><V77/><F115/><N who="3" m="44075" /><G92/><T89/><D89/><N who="1" m="53695" /><E121/><V84/><F99/><W124/><G124/><T97/><D97/><U94/><E94/><V88/><F77/><W51/><G53/><T96/><D96/><U118/><E118/><V27/><F55/><W22/><AGARI ba="0,0" hai="19,22,25,32,34,35,49,50,51,100,103" m="44075" machi="22" ten="40,1500,0" yaku="15,1" doraHai="117" who="3" fromWho="3" sc="331,-4,12,-7,443,-4,214,15" /><INIT seed="6,0,0,4,5,72" ten="327,5,439,229" oya="2" hai0="88,29,122,76,32,7,61,53,117,15,98,44,118" hai1="83,36,42,86,16,126,99,121,135,9,41,17,93" hai2="39,129,4,38,57,47,70,23,40,114,82,92,108" hai3="56,87,35,101,51,115,85,79,31,22,90,80,54"/><V109/><BYE who="1" /><F114/><W2/><G115/><UN n1="%45%72%77%69%6E%52%64" /><T105/><D122/><U58/><E58/><V102/><BYE who="1" /><F129/><W75/><G35/><UN n1="%45%72%77%69%6E%52%64" /><T19/><D7/><U96/><E96/><BYE who="1" /><N who="2" m="59655" /><F70/><W65/><G2/><UN n1="%45%72%77%69%6E%52%64" /><T91/><BYE who="1" /><D29/><U59/><E59/><V66/><F4/><UN n1="%45%72%77%69%6E%52%64" /><W113/><G113/><T89/><D32/><U69/><E69/><V62/><BYE who="1" /><F82/><W78/><G65/><T5/><D5/><U130/><E130/><V112/><F112/><W10/><G101/><T74/><D98/><U104/><E104/><V95/><F95/><W133/><G133/><T33/><D105/><U45/><E45/><V60/><F60/><W71/><G71/><T21/><D33/><U81/><E81/><V3/><F3/><W127/><G127/><T131/><D131/><U120/><E120/><V128/><F128/><W111/><G111/><N who="2" m="42569" /><F23/><W103/><G103/><T49/><REACH who="0" step="1"/><D61/><REACH who="0" ten="317,5,439,229" step="2"/><U52/><E52/><V14/><F14/><W0/><G0/><T100/><D100/><U6/><E6/><V106/><F106/><W123/><G123/><T68/><D68/><U13/><E13/><V28/><F28/><W20/><G31/><T37/><D37/><AGARI ba="0,1" hai="37,38,39,40,47,57,62,66" m="42569,59655" machi="37" ten="30,1500,0" yaku="10,1" doraHai="72" who="2" fromWho="0" sc="317,-15,5,0,439,25,229,0" /><INIT seed="6,1,0,2,0,76" ten="302,5,464,229" oya="2" hai0="28,33,117,32,124,74,73,16,69,10,7,134,78" hai1="55,70,36,116,100,85,15,109,45,26,43,81,8" hai2="114,72,135,62,22,115,34,21,47,87,90,103,118" hai3="133,71,2,131,65,24,38,80,106,19,96,111,37"/><V68/><F118/><W126/><G111/><T132/><D69/><U112/><E112/><N who="2" m="43051" /><F72/><W105/><G2/><T104/><D104/><U127/><E127/><V67/><F34/><W98/><G126/><T121/><D124/><U58/><E58/><V60/><F103/><W18/><G71/><T52/><D121/><U56/><E56/><V48/><F62/><W54/><G65/><T51/><D117/><U44/><E44/><V107/><F135/><N who="0" m="51754" /><D28/><U94/><E94/><N who="2" m="54623" /><F107/><W46/><G133/><T6/><D74/><U40/><E40/><AGARI ba="1,0" hai="21,22,40,47,48,60,67,68" m="54623,43051" machi="40" ten="30,1500,0" yaku="15,1" doraHai="76" who="2" fromWho="1" sc="302,0,5,-18,464,18,229,0" owari="302,10.2,-13,-51.3,482,58.2,229,-17.1" /></mjloggm>