<mjloggm ver="2.3"><GO type="169" lobby="0"/><UN n0="%E3%81%AF%E3%81%92%E3%81%97%E3%81%8F%E3%82%A6%E3%83%84" n1="%E4%B8%8D%E5%9C%A8%E3%81%AE%E9%A8%8E%E5%A3%AB" n2="%6D%65%67%75%72%75%32" n3="%E7%89%A7%E5%A0%B4%E3%81%AE%E5%B0%91%E5%A5%B3" dan="17,16,16,17" rate="2182.89,2015.55,2087.99,2201.98" sx="M,F,M,F"/><TAIKYOKU oya="0"/><INIT seed="0,0,0,0,5,66" ten="250,250,250,250" oya="0" hai0="132,15,127,28,49,78,81,99,101,103,89,45,54" hai1="33,35,128,20,70,93,97,46,51,88,107,108,37" hai2="110,9,58,65,120,2,77,43,68,79,6,56,18" hai3="83,85,14,109,4,87,59,10,1,57,41,3,60"/><T114/><D114/><U42/><E108/><V64/><F120/><W131/><G109/><T22/><D132/><U69/><E128/><V82/><F110/><W53/><G131/><T36/><D127/><U80/><E37/><V92/><F79/><W31/><G31/><T72/><D36/><U119/><E119/><V24/><F43/><W38/><BYE who="2" /><G38/><T30/><D89/><UN n2="%6D%65%67%75%72%75%32" /><U116/><E116/><V135/><F92/><W86/><G41/><T130/><D130/><U112/><E107/><V17/><F135/><W91/><G86/><T126/><D126/><U100/><E112/><V48/><F65/><W111/><G111/><T25/><D15/><U115/><E115/><V62/><F24/><W52/><REACH who="3" step="1"/><G85/><REACH who="3" ten="250,250,250,240" step="2"/><T16/><REACH who="0" step="1"/><D103/><REACH who="0" ten="240,250,250,240" step="2"/><U34/><E100/><V73/><F77/><W84/><G84/><T29/><D29/><U122/><E122/><V19/><F73/><W5/><G5/><T118/><D118/><U11/><E35/><V40/><F82/><W104/><G104/><AGARI ba="0,2" hai="16,22,25,28,30,45,49,54,72,78,81,99,101,104" machi="104" ten="30,11600,0" yaku="1,1,7,1,54,1,53,1" doraHai="66" doraHaiUra="13" who="0" fromWho="3" sc="240,136,250,0,250,0,240,-116" /><INIT seed="0,1,0,2,0,112" ten="376,250,250,124" oya="0" hai0="120,14,8,118,5,71,27,111,55,102,28,94,117" hai1="88,29,95,66,9,86,17,13,63,100,128,130,49" hai2="104,106,38,96,36,77,78,70,41,10,107,34,133" hai3="59,45,54,74,126,48,109,30,131,92,46,115,81"/><T1/><D120/><U121/><E121/><V42/><F96/><W99/><G115/><T58/><D71/><U23/><E49/><V33/><F70/><W61/><G109/><T91/><D102/><U4/><E29/><V97/><F97/><W31/><G131/><T21/><D1/><U75/><E75/><V22/><F22/><W0/><G0/><T125/><D125/><U44/><E44/><V60/><F60/><W65/><G126/><T43/><D43/><U124/><E124/><V35/><F10/><W82/><G45/><T68/><D68/><U114/><E100/><V80/><F133/><W101/><G74/><T122/><D111/><U24/><REACH who="1" step="1"/><E114/><REACH who="1" ten="376,240,250,124" step="2"/><V110/><F110/><W64/><G64/><T108/><D108/><U129/><E129/><V119/><F35/><W12/><G30/><T62/><REACH who="0" step="1"/><D122/><REACH who="0" ten="366,240,250,124" step="2"/><U93/><E93/><V90/><F106/><W11/><REACH who="3" step="1"/><G31/><REACH who="3" ten="366,240,250,114" step="2"/><T134/><D134/><U32/><E32/><V39/><F34/><W103/><G103/><T3/><D3/><U53/><E53/><V25/><F33/><W79/><G79/><T18/><D18/><AGARI ba="1,3" hai="11,12,18,46,48,54,59,61,65,81,82,92,99,101" machi="18" ten="30,3900,0" yaku="1,1,7,1,8,1,53,0" doraHai="112" doraHaiUra="135" who="3" fromWho="0" sc="366,-42,240,0,250,0,114,72" /><INIT seed="1,0,0,3,5,61" ten="324,240,250,186" oya="1" hai0="90,12,10,68,123,19,36,84,107,91,64,62,102" hai1="31,55,71,93,78,8,96,65,115,118,134,63,75" hai2="0,34,129,14,13,127,9,39,2,109,17,135,1" hai3="112,85,98,23,58,11,82,122,88,41,46,24,83"/><U116/><E115/><V5/><F39/><W43/><G122/><T15/><D36/><U4/><E134/><V70/><F70/><W94/><G112/><T60/><D123/><U21/><E75/><V76/><F76/><W20/><G46/><T105/><D102/><U50/><E78/><V57/><F57/><W108/><G108/><T132/><D132/><U49/><E49/><V100/><F100/><W16/><G11/><T111/><D111/><U38/><E31/><V124/><F109/><W6/><G6/><T72/><D72/><U28/><E38/><V52/><F52/><W126/><G126/><N who="2" m="48169" /><F135/><W103/><G82/><T35/><D35/><U37/><E37/><V42/><F42/><W45/><G45/><T22/><D60/><U97/><E97/><V48/><F48/><W128/><G128/><T106/><REACH who="0" step="1"/><D84/><REACH who="0" ten="314,240,250,186" step="2"/><U66/><E63/><V125/><F125/><W3/><G3/><T86/><D86/><U47/><E116/><V87/><F87/><W99/><G99/><T81/><D81/><U131/><E118/><V56/><F34/><W25/><REACH who="3" step="1"/><G58/><REACH who="3" ten="314,240,250,176" step="2"/><T110/><D110/><U29/><E131/><V59/><F129/><W67/><G67/><T51/><D51/><U101/><E71/><V26/><F59/><W54/><G54/><T130/><D130/><U121/><E121/><V30/><F56/><W44/><G44/><T7/><AGARI ba="0,2" hai="7,10,12,15,19,22,62,64,68,90,91,105,106,107" machi="7" ten="30,4000,0" yaku="1,1,0,1,52,1,53,0" doraHai="61" doraHaiUra="117" who="0" fromWho="0" sc="314,60,240,-20,250,-10,176,-10" /><INIT seed="2,0,0,3,2,102" ten="374,220,240,166" oya="2" hai0="120,78,114,13,80,29,71,123,104,75,4,47,30" hai1="51,49,58,53,19,85,68,79,35,105,111,50,63" hai2="28,10,84,1,2,129,128,7,55,15,72,9,87" hai3="122,118,66,117,89,26,52,21,46,94,90,101,14"/><V0/><F72/><W133/><G122/><T97/><D114/><U54/><E111/><V11/><F55/><W73/><G133/><T34/><D71/><U99/><E35/><V88/><F87/><W41/><G73/><T12/><D47/><U74/><E74/><V95/><REACH who="2" step="1"/><F28/><REACH who="2" ten="374,220,230,166" step="2"/><W91/><G118/><T107/><D29/><U67/><E54/><V98/><F98/><W33/><G117/><T62/><D97/><U22/><E85/><V106/><F106/><W57/><G66/><T116/><D116/><U127/><E99/><V60/><F60/><W76/><G76/><T44/><D62/><U69/><E105/><V83/><F83/><W32/><G94/><T8/><D107/><U61/><E79/><V6/><F6/><W113/><G113/><T130/><D104/><U56/><E127/><V37/><F37/><W45/><G45/><T109/><D44/><N who="1" m="27815" /><E19/><V16/><F16/><W64/><G52/><T70/><D80/><U43/><E43/><V124/><F124/><W20/><G41/><T31/><D78/><U126/><E126/><V121/><F121/><W38/><G38/><T135/><D75/><U3/><E63/><V24/><F24/><W42/><G26/><T25/><D25/><U59/><E61/><V125/><F125/><W27/><G27/><T110/><D123/><U96/><E96/><V115/><F115/><W134/><G42/><T23/><D31/><U48/><E67/><V112/><F112/><W40/><G40/><T17/><D30/><U18/><E18/><V92/><F92/><W86/><G64/><T77/><D120/><RYUUKYOKU ba="0,1" sc="374,-10,220,-10,230,30,166,-10" hai2="0,1,2,7,9,10,11,15,84,88,95,128,129" /><INIT seed="2,1,1,2,1,94" ten="364,210,260,156" oya="2" hai0="10,131,91,16,22,105,80,127,43,17,40,72,116" hai1="78,55,68,97,39,27,100,75,128,113,88,26,49" hai2="28,13,115,98,6,32,85,133,119,45,109,18,123" hai3="102,0,112,129,104,96,36,34,101,50,99,86,135"/><V89/><F115/><W44/><G36/><T65/><D105/><U108/><E68/><V8/><F119/><W1/><G34/><T77/><D116/><U70/><E70/><V84/><F123/><W51/><G112/><T7/><D131/><U42/><E128/><V106/><F133/><W48/><G129/><T63/><D127/><U120/><E120/><V21/><F109/><W29/><G29/><T59/><D91/><U41/><E113/><V54/><F32/><W110/><G110/><T53/><D65/><U9/><E9/><V83/><F28/><W33/><G33/><T5/><D5/><U82/><E108/><V130/><F130/><W37/><G135/><T24/><REACH who="0" step="1"/><D17/><REACH who="0" ten="354,210,260,156" step="2"/><U111/><E111/><V118/><F118/><W64/><G64/><T61/><D61/><U93/><E100/><V67/><F67/><W114/><G114/><T47/><D47/><U107/><E107/><V15/><F106/><W74/><G104/><T14/><AGARI ba="1,2" hai="7,10,14,16,22,24,40,43,53,59,63,72,77,80" machi="14" ten="20,5200,0" yaku="1,1,0,1,7,1,54,1,53,0" doraHai="94" doraHaiUra="62" who="0" fromWho="0" sc="354,75,210,-14,260,-27,156,-14" /><INIT seed="3,0,0,4,2,57" ten="429,196,233,142" oya="3" hai0="131,87,53,45,125,84,26,23,0,20,37,108,15" hai1="124,74,112,79,66,35,64,63,75,130,36,132,134" hai2="81,58,44,62,5,70,106,2,105,122,4,54,95" hai3="135,17,40,120,49,123,133,39,117,96,30,14,50"/><W43/><G30/><T19/><D0/><U56/><E79/><V11/><F122/><N who="3" m="46635" /><G96/><T128/><D108/><U13/><E35/><V29/><F5/><W102/><G102/><T22/><D125/><U38/><E112/><V111/><F111/><W31/><G31/><T116/><D116/><U8/><E124/><V60/><F95/><W51/><G117/><T1/><D1/><U72/><E66/><V77/><F29/><W86/><G86/><T100/><D100/><U127/><E127/><V88/><F44/><N who="3" m="23583" /><G14/><T21/><D26/><U91/><E91/><V25/><F25/><W109/><G17/><T18/><D18/><U114/><E114/><V69/><F88/><W6/><G6/><T97/><D97/><U82/><E82/><V129/><F129/><N who="0" m="49738" /><D37/><U12/><E130/><V32/><F32/><W34/><G34/><T94/><D94/><U71/><E13/><V27/><F27/><W76/><G76/><T24/><D24/><U16/><E38/><V107/><F81/><W41/><G109/><T46/><D87/><U80/><E80/><V73/><F77/><W110/><G110/><T121/><D84/><U103/><E36/><V59/><REACH who="2" step="1"/><F73/><REACH who="2" ten="429,196,223,142" step="2"/><W126/><G126/><T92/><D92/><U83/><E83/><V7/><F7/><W113/><G113/><T78/><D78/><U104/><E103/><V28/><F28/><W55/><G55/><AGARI ba="0,1" hai="2,4,11,54,55,58,59,60,62,69,70,105,106,107" machi="55" ten="40,8000,1" yaku="1,1,9,1,52,2,53,1" doraHai="57" doraHaiUra="33" who="2" fromWho="3" sc="429,0,196,0,223,90,142,-80" /><INIT seed="4,0,0,2,4,130" ten="429,196,313,62" oya="0" hai0="74,64,76,132,92,84,53,32,83,93,77,110,134" hai1="49,6,119,62,73,131,118,89,17,124,66,82,102" hai2="39,103,59,81,68,123,126,1,107,30,42,56,36" hai3="133,45,88,125,69,12,37,67,86,29,14,99,112"/><T54/><D32/><U41/><E131/><V113/><F123/><W50/><G112/><T2/><D2/><U63/><E102/><V108/><F108/><W44/><G125/><T28/><D28/><U121/><E124/><V87/><F1/><W94/><G29/><T100/><D64/><U10/><E17/><V120/><F120/><W70/><G133/><N who="0" m="51307" /><D110/><U18/><E18/><V5/><F68/><W57/><G37/><T115/><D115/><U104/><E104/><V128/><F39/><W60/><G45/><T129/><D129/><U116/><E66/><V3/><F36/><W0/><G0/><T33/><D33/><U27/><E27/><V101/><F126/><W11/><G99/><N who="0" m="59495" /><D93/><U79/><E119/><V13/><F3/><W55/><REACH who="3" step="1"/><G14/><REACH who="3" ten="429,196,313,52" step="2"/><T40/><D40/><U85/><E41/><V43/><F13/><W109/><G109/><T105/><D105/><U78/><E118/><V46/><F107/><W8/><G8/><T4/><D4/><AGARI ba="0,1" hai="4,11,12,44,50,55,57,60,67,69,70,86,88,94" machi="4" ten="30,3900,0" yaku="1,1,7,1,54,1,53,0" doraHai="130" doraHaiUra="21" who="3" fromWho="0" sc="429,-39,196,0,313,0,52,49" /><INIT seed="5,0,0,4,0,85" ten="390,196,313,101" oya="1" hai0="32,116,93,118,38,55,1,44,129,40,74,50,94" hai1="89,130,64,60,123,83,107,134,133,113,39,78,7" hai2="58,43,119,87,112,97,6,127,100,28,68,71,77" hai3="120,109,18,81,67,102,117,125,41,131,63,10,126"/><U27/><E123/><V106/><F119/><W33/><G109/><T29/><D74/><U8/><E39/><V128/><F128/><W76/><G120/><T52/><D1/><U98/><E27/><V23/><F127/><W4/><G131/><T17/><D129/><U20/><E20/><V42/><F6/><W70/><G117/><T79/><D79/><U45/><E45/><V104/><F104/><W14/><G41/><T19/><D29/><U30/><E30/><V86/><F58/><W61/><G102/><T103/><D32/><U108/><E130/><V9/><F9/><W101/><G101/><T124/><D124/><U34/><E34/><V69/><F112/><W2/><G61/><T31/><D31/><U62/><E64/><V96/><F96/><W16/><G18/><T0/><D0/><U36/><E36/><V57/><F57/><W35/><G126/><T51/><D38/><U26/><E26/><V91/><F77/><W11/><REACH who="3" step="1"/><G125/><REACH who="3" ten="390,196,313,91" step="2"/><T48/><D103/><N who="1" m="62967" /><E108/><V49/><F43/><W92/><G92/><T12/><D17/><U66/><E62/><V13/><F42/><W72/><AGARI ba="0,1" hai="2,4,10,11,14,16,33,35,63,67,70,72,76,81" machi="72" ten="20,5200,0" yaku="1,1,0,1,7,1,54,1,53,0" doraHai="85" doraHaiUra="84" who="3" fromWho="3" sc="390,-13,196,-26,313,-13,91,62" /><INIT seed="6,0,0,2,4,76" ten="377,170,300,153" oya="2" hai0="12,97,31,86,56,58,32,79,44,65,134,128,41" hai1="96,127,50,53,120,95,71,108,74,133,43,78,1" hai2="125,130,15,102,63,132,7,3,49,20,83,13,88" hai3="2,27,5,98,30,54,14,52,40,84,69,25,26"/><V75/><F3/><W114/><G2/><T60/><D134/><U46/><E108/><V93/><F132/><W42/><G69/><T122/><D122/><U37/><E120/><V131/><F125/><W111/><G111/><T124/><D124/><U9/><E133/><V106/><F7/><W119/><G119/><T68/><D128/><N who="2" m="49194" /><F63/><W39/><G30/><T77/><D97/><U22/><E22/><V33/><F33/><W87/><G98/><T101/><D101/><U81/><E71/><V66/><F66/><W45/><G40/><T38/><D12/><U73/><E73/><V64/><F64/><W70/><G70/><T57/><D86/><U62/><E62/><V6/><F6/><W0/><G0/><T35/><D35/><U34/><E34/><V115/><F49/><W72/><G72/><T89/><D89/><U4/><E127/><V21/><F115/><W23/><G114/><T16/><D16/><U47/><E96/><N who="2" m="61767" /><F15/><W135/><G135/><T67/><REACH who="0" step="1"/><D65/><REACH who="0" ten="367,170,300,153" step="2"/><U129/><E129/><V91/><F13/><W103/><G103/><T90/><D90/><N who="2" m="34346" /><F93/><AGARI ba="0,1" hai="1,4,9,37,43,46,47,50,53,74,78,81,93,95" machi="93" ten="40,5200,0" yaku="25,2,52,1" doraHai="76" who="1" fromWho="2" sc="367,0,170,62,300,-52,153,0" /><INIT seed="7,0,0,1,3,12" ten="367,232,248,153" oya="3" hai0="4,28,44,128,5,81,96,101,82,36,84,41,124" hai1="65,56,112,94,31,68,49,69,127,110,130,23,16" hai2="39,11,15,48,78,57,63,43,13,34,35,10,50" hai3="1,90,29,71,33,26,6,17,106,2,102,121,19"/><W99/><G121/><T86/><D128/><U9/><E110/><V117/><F117/><W103/><G103/><T115/><D124/><U126/><E130/><V75/><F39/><W40/><G40/><T95/><D28/><U97/><E112/><V55/><F75/><W111/><G111/><T45/><D115/><U107/><E107/><V93/><F78/><W79/><G79/><T66/><D66/><U3/><E31/><V98/><F43/><W131/><G131/><T24/><D24/><N who="1" m="14439" /><E9/><V125/><F125/><N who="1" m="47625" /><E3/><V32/><F11/><W134/><G134/><T67/><D67/><U122/><E122/><V22/><F22/><W7/><G1/><T64/><D64/><U60/><E49/><V88/><REACH who="2" step="1"/><F15/><REACH who="2" ten="367,232,238,153" step="2"/><W61/><G90/><AGARI ba="0,1" hai="56,60,65,68,69,90,94,97" m="47625,14439" machi="90" ten="30,3900,0" yaku="18,1,52,1,54,1" doraHai="12" who="1" fromWho="3" sc="367,0,232,49,238,0,153,-39" owari="367,46.7,281,8.1,238,-16.2,114,-38.6" /></mjloggm>