<mjloggm ver="2.3"><GO type="169" lobby="0"/><UN n0="%61%63%74%79" n1="%4E%55%44%41" n2="%E4%B8%89%E5%B3%B6%E5%85%AB%E9%9B%B2" n3="%68%61%72%6F%6F%6B%69%65" dan="16,17,16,17" rate="2026.58,2189.03,2181.25,2206.05" sx="M,M,M,M"/><TAIKYOKU oya="0"/><INIT seed="0,0,0,4,1,53" ten="250,250,250,250" oya="0" hai0="126,123,16,26,63,131,84,96,80,103,72,62,105" hai1="95,36,31,7,70,65,69,76,17,109,93,88,97" hai2="6,125,120,92,78,10,28,79,112,45,2,101,0" hai3="133,14,61,58,13,40,39,4,117,15,18,98,35"/><T107/><D123/><U134/><E36/><V104/><F120/><W129/><G117/><T20/><D126/><U8/><E109/><V83/><F112/><W50/><G35/><T122/><D122/><U3/><E134/><V121/><F121/><W11/><G133/><T113/><D113/><U57/><E31/><V77/><F104/><W114/><G129/><T106/><D131/><U37/><E37/><V34/><F125/><W64/><G39/><T52/><D72/><U68/><E76/><V29/><F0/><W102/><G114/><T91/><REACH who="0" step="1"/><D63/><REACH who="0" ten="240,250,250,250" step="2"/><U51/><E17/><V41/><F29/><W33/><G18/><T127/><D127/><U19/><E19/><V86/><F28/><W55/><G33/><T108/><D108/><U24/><E24/><V110/><F34/><W49/><G40/><T73/><D73/><U60/><REACH who="1" step="1"/><E95/><REACH who="1" ten="240,240,250,250" step="2"/><V38/><F110/><W132/><G132/><T124/><D124/><U5/><E5/><V67/><F92/><W48/><G4/><T100/><D100/><U85/><E85/><V128/><F101/><W75/><G75/><T89/><D89/><U44/><E44/><V66/><F128/><W99/><G102/><T111/><D111/><U12/><E12/><V32/><F32/><W23/><G11/><T46/><D46/><U47/><E47/><V81/><F77/><W27/><G27/><T90/><D90/><U21/><E21/><V56/><F78/><W43/><G23/><T9/><D9/><U74/><E74/><V54/><F83/><W115/><G115/><T94/><D94/><U130/><E130/><RYUUKYOKU ba="0,2" sc="240,10,240,10,250,10,250,-30" hai0="16,20,26,52,62,80,84,91,96,103,105,106,107" hai1="3,7,8,51,57,60,65,68,69,70,88,93,97" hai2="2,6,10,38,41,45,54,56,66,67,79,81,86" /><INIT seed="0,1,2,0,5,36" ten="250,250,260,220" oya="0" hai0="52,76,31,43,46,44,100,38,77,116,75,92,87" hai1="39,7,40,78,2,135,131,29,11,22,110,53,1" hai2="117,89,16,59,69,123,125,112,9,127,47,68,57" hai3="74,128,105,93,106,60,28,4,73,67,130,33,111"/><T6/><D116/><U98/><E110/><V80/><F123/><W122/><G111/><T102/><D31/><U88/><E131/><N who="3" m="50218" /><G122/><T96/><D102/><U55/><E135/><V101/><F112/><W26/><G4/><T71/><D71/><U64/><E78/><V24/><F101/><W134/><G93/><T79/><D75/><N who="3" m="28681" /><G134/><T115/><D115/><U120/><E120/><V3/><F117/><W17/><G17/><T15/><D6/><U133/><E133/><V62/><F3/><W8/><G8/><T94/><D15/><U119/><E119/><V83/><F9/><W50/><G50/><T12/><D12/><U103/><E1/><V42/><F80/><W108/><G108/><T14/><D14/><U35/><E103/><V97/><F83/><W126/><G126/><N who="2" m="48137" /><F97/><W90/><G90/><T25/><D25/><U65/><E98/><V104/><F89/><W58/><AGARI ba="1,2" hai="26,28,33,58,60,67,105,106" m="28681,50218" machi="58" ten="30,1100,0" yaku="19,1" doraHai="36" who="3" fromWho="3" sc="250,-6,250,-4,260,-4,220,34" /><INIT seed="1,0,0,3,0,48" ten="244,246,256,254" oya="1" hai0="19,30,85,103,107,101,123,10,13,112,55,131,20" hai1="75,108,74,45,31,8,73,104,84,7,97,90,119" hai2="58,39,134,47,133,124,2,125,98,35,24,38,40" hai3="51,60,88,16,69,129,5,71,53,68,43,128,87"/><U83/><E119/><V118/><F2/><W122/><G5/><T127/><D112/><U114/><E114/><V46/><F98/><W110/><G110/><T105/><D127/><N who="2" m="48714" /><F24/><W50/><G122/><T81/><D131/><N who="3" m="50249" /><G16/><N who="0" m="8247" /><D105/><U25/><E108/><V111/><F35/><W36/><G87/><T70/><D70/><U99/><E45/><V76/><F76/><W21/><G21/><T62/><D30/><U79/><E104/><V96/><F96/><W27/><G27/><T29/><D29/><U12/><REACH who="1" step="1"/><E79/><REACH who="1" ten="244,236,256,254" step="2"/><V26/><F111/><W59/><G88/><N who="0" m="51247" /><D107/><U67/><E67/><V3/><F118/><W28/><G28/><T9/><D123/><U37/><E37/><V14/><F39/><W42/><G42/><T116/><D116/><U130/><E130/><V135/><F38/><W94/><G94/><T23/><D101/><U66/><E66/><V95/><F95/><W100/><G100/><T126/><D103/><U0/><E0/><V32/><F3/><W78/><G78/><T4/><D126/><U89/><E89/><V120/><F120/><W17/><G36/><T80/><D80/><U41/><E41/><V49/><F40/><W65/><G17/><T109/><D109/><U56/><E56/><V121/><F58/><N who="3" m="37015" /><G43/><T102/><D102/><U44/><E44/><V115/><F47/><W11/><G69/><T54/><D19/><U117/><E117/><V92/><F46/><W34/><G71/><T132/><D4/><U52/><E52/><V63/><F121/><W82/><G68/><T77/><D54/><U33/><AGARI ba="0,1" hai="7,8,12,25,31,33,73,74,75,83,84,90,97,99" machi="33" ten="30,3000,0" yaku="1,1,0,1,53,0" doraHai="48" doraHaiUra="91" who="1" fromWho="1" sc="244,-10,236,40,256,-10,254,-10" /><BYE who="0" /><UN n0="%61%63%74%79" /><INIT seed="1,1,0,0,2,25" ten="234,276,246,244" oya="1" hai0="58,88,39,74,83,4,114,7,98,1,107,13,46" hai1="57,14,21,79,113,17,18,52,105,89,135,38,132" hai2="50,19,49,73,95,119,59,84,120,76,3,69,129" hai3="65,51,97,130,42,81,78,10,15,116,47,122,9"/><U93/><E113/><V60/><F119/><W66/><G130/><T103/><D114/><U44/><E105/><V85/><F120/><W31/><G122/><T82/><D1/><U121/><E121/><V104/><F104/><W117/><G9/><T41/><D83/><U134/><E79/><V24/><F3/><W67/><G97/><T61/><D13/><U106/><E106/><V108/><F69/><W70/><G70/><T30/><D30/><U11/><E44/><V53/><F108/><W124/><G124/><T12/><D12/><U75/><E38/><V128/><F73/><W23/><G23/><T35/><D35/><U131/><E75/><V55/><F76/><W20/><G20/><T16/><D16/><N who="1" m="8287" /><E21/><N who="2" m="13375" /><F95/><W101/><G31/><T37/><D39/><U111/><E131/><N who="2" m="50251" /><F49/><W63/><G101/><T115/><D115/><U40/><E111/><V87/><F50/><W133/><G63/><T56/><D58/><U26/><E40/><V80/><F80/><W54/><G42/><T64/><D74/><U77/><E77/><V71/><F71/><W8/><G81/><T99/><D82/><U94/><E94/><V102/><F102/><W72/><G78/><T33/><D107/><U125/><E125/><V6/><F6/><N who="3" m="3479" /><G72/><T2/><D4/><U118/><E118/><N who="3" m="45674" /><G10/><T28/><D7/><U43/><E43/><V112/><F112/><W48/><G51/><T90/><D37/><U32/><E32/><V29/><F29/><W96/><G96/><T5/><D41/><U109/><E109/><V36/><F36/><W91/><G91/><T34/><D88/><RYUUKYOKU ba="1,0" sc="234,-15,276,-15,246,15,244,15" hai2="53,55,59,60,84,85,87" hai3="47,48,54,65,66,67,133" /><INIT seed="2,2,0,5,1,89" ten="219,261,261,259" oya="2" hai0="5,134,19,14,76,110,9,74,72,91,8,99,93" hai1="106,33,121,123,133,113,105,73,124,13,41,39,58" hai2="135,66,25,71,130,101,37,79,96,88,92,128,50" hai3="56,28,122,109,57,54,34,49,61,95,112,86,125"/><V119/><F119/><W6/><G109/><T81/><D134/><U117/><RYUUKYOKU type="yao9" ba="2,0" sc="219,0,261,0,261,0,259,0" hai1="13,33,39,41,58,73,105,106,113,117,121,123,124,133" /><INIT seed="2,3,0,5,1,67" ten="219,261,261,259" oya="2" hai0="13,120,49,29,95,7,60,51,53,87,18,92,123" hai1="33,23,106,97,1,121,124,3,34,26,27,57,105" hai2="15,66,109,4,0,68,101,79,78,43,42,59,5" hai3="126,132,107,103,98,84,22,119,36,89,72,116,58"/><V55/><F0/><N who="1" m="73" /><E57/><V69/><F66/><W135/><G22/><T75/><D7/><N who="2" m="2634" /><F15/><W11/><G11/><T25/><D75/><U108/><E97/><V86/><F86/><W88/><G58/><T73/><D73/><U47/><E47/><V115/><F101/><W71/><G71/><N who="2" m="27209" /><F59/><W112/><G36/><T80/><D60/><U94/><E94/><V125/><F115/><W96/><G126/><T10/><D49/><U114/><E124/><V54/><F125/><W9/><G9/><T8/><D10/><U111/><E121/><V52/><F109/><N who="1" m="42057" /><E114/><V110/><F110/><W99/><G72/><T130/><D120/><U37/><E37/><V46/><F46/><W76/><G112/><T38/><D38/><U6/><E6/><V102/><F102/><W16/><G16/><T31/><D123/><U104/><E23/><V62/><F62/><W83/><G96/><T77/><D87/><U100/><E100/><V129/><F129/><W41/><G41/><AGARI ba="3,0" hai="41,42,43,52,54,55,78,79" m="27209,2634" machi="41" ten="40,18000,2" yaku="28,2,52,3,54,1" doraHai="67" who="2" fromWho="3" sc="219,0,261,0,261,189,259,-189" /><INIT seed="2,4,0,1,3,121" ten="219,261,450,70" oya="2" hai0="33,112,107,11,9,34,64,44,114,18,135,1,119" hai1="120,79,87,61,12,5,30,52,95,94,46,134,48" hai2="15,66,43,65,0,8,100,24,102,108,35,133,123" hai3="62,13,73,115,45,89,122,31,92,103,47,126,14"/><V131/><F123/><W129/><G122/><T72/><D107/><U76/><E120/><V28/><F133/><W106/><G129/><T60/><D72/><U59/><E134/><V6/><F131/><W17/><G126/><T37/><D135/><U77/><E30/><V80/><F43/><W26/><G73/><T38/><D119/><U93/><E12/><V29/><F29/><W58/><G115/><T85/><D85/><U7/><REACH who="1" step="1"/><E87/><REACH who="1" ten="219,251,450,70" step="2"/><V39/><F15/><W125/><G14/><T113/><D1/><U99/><E99/><V118/><F28/><W101/><G31/><T86/><D86/><U51/><E51/><V110/><F0/><W67/><G26/><T84/><D84/><U2/><E2/><V36/><F24/><W88/><G125/><T98/><D98/><U71/><E71/><V42/><F35/><W83/><G83/><T32/><D33/><U82/><E82/><V78/><F80/><W63/><G63/><T91/><D32/><U90/><E90/><V70/><F70/><W56/><G89/><T27/><D34/><U96/><E96/><V55/><F8/><W75/><G75/><T23/><D91/><U21/><E21/><V111/><F39/><W25/><G25/><T53/><D37/><U68/><E68/><V22/><F36/><W81/><G81/><T20/><D23/><U54/><AGARI ba="4,1" hai="5,7,46,48,52,54,59,61,76,77,79,93,94,95" machi="54" ten="30,7900,0" yaku="1,1,0,1,8,1,54,1,53,0" doraHai="121" doraHaiUra="127" who="1" fromWho="1" sc="219,-24,251,101,450,-43,70,-24" /><INIT seed="3,0,0,1,4,121" ten="195,352,407,46" oya="3" hai0="47,123,94,128,115,56,119,76,118,49,57,98,103" hai1="85,112,67,92,95,68,23,14,33,31,43,90,75" hai2="39,38,18,66,102,46,22,54,127,3,62,132,99" hai3="41,7,134,133,61,117,107,74,129,34,131,35,79"/><W125/><G41/><T124/><D123/><U55/><E112/><V73/><F3/><W37/><G37/><T60/><D115/><U11/><E75/><V2/><F2/><W83/><G61/><T53/><D124/><U8/><E33/><N who="3" m="12298" /><G117/><T111/><D76/><U110/><E110/><V12/><F73/><W120/><G120/><T70/><D70/><U77/><E77/><V82/><F132/><N who="3" m="50795" /><G107/><T51/><D128/><N who="3" m="49225" /><G7/><T69/><D69/><U44/><E55/><V45/><F54/><W113/><G113/><T116/><D116/><U17/><E68/><V58/><F39/><W13/><G13/><T19/><D118/><U101/><E67/><V105/><F38/><W1/><G1/><T27/><D60/><U16/><E101/><V108/><F102/><W28/><G28/><T114/><D103/><U87/><E31/><V126/><F105/><W86/><G86/><T0/><D119/><U100/><E100/><V63/><F63/><W64/><G64/><T91/><D0/><U40/><E14/><V81/><F62/><W109/><G109/><T97/><D111/><U42/><E42/><V72/><F108/><W9/><G9/><T106/><D114/><U93/><E93/><V130/><F130/><W80/><G83/><T135/><D135/><U15/><E15/><V50/><F82/><W89/><G89/><T32/><D91/><U71/><E71/><V24/><F12/><W59/><G59/><T10/><D57/><U65/><E65/><V36/><F58/><W6/><G6/><T104/><D56/><U88/><E44/><V4/><F46/><RYUUKYOKU ba="0,0" sc="195,-15,352,15,407,-15,46,15" hai1="8,11,16,17,23,40,43,85,87,88,90,92,95" hai3="74,79,80,125" /><INIT seed="3,1,0,5,1,24" ten="180,367,392,61" oya="3" hai0="64,96,106,95,132,52,45,38,30,82,70,32,97" hai1="124,39,108,134,11,72,109,43,85,42,110,111,28" hai2="56,71,60,8,12,27,61,31,125,7,20,33,15" hai3="59,80,63,57,4,92,53,22,10,48,18,119,68"/><W41/><G119/><T131/><D131/><U19/><N who="1" m="27648" /><DORA hai="14" /><U36/><E72/><V77/><F125/><W0/><G68/><T135/><D82/><U54/><E124/><V81/><F71/><W118/><G118/><T73/><D73/><U102/><E134/><V69/><F69/><W51/><G80/><T78/><D78/><U128/><E128/><V65/><F61/><W1/><G41/><N who="1" m="15370" /><E102/><V84/><REACH who="2" step="1"/><F15/><REACH who="2" ten="180,367,382,61" step="2"/><W116/><G116/><T55/><D70/><U50/><E28/><V35/><AGARI ba="1,1" hai="7,8,12,20,27,31,33,35,56,60,65,77,81,84" machi="35" ten="30,7900,0" yaku="1,1,2,1,0,1,52,1,53,0" doraHai="24,14" doraHaiUra="13,99" who="2" fromWho="2" sc="180,-21,367,-21,382,92,61,-40" /><INIT seed="4,0,0,4,4,42" ten="159,346,474,21" oya="0" hai0="16,86,85,1,79,17,74,76,89,50,129,60,24" hai1="56,66,118,29,21,91,94,125,10,67,5,62,122" hai2="102,99,53,65,45,126,59,34,41,113,128,70,4" hai3="121,120,9,69,35,58,127,18,117,28,75,37,68"/><T93/><D129/><U12/><E125/><V15/><F126/><W7/><G127/><T23/><D1/><U124/><E124/><V111/><F111/><W39/><G75/><T63/><D74/><U19/><E118/><V49/><F34/><W44/><G117/><T132/><D132/><U27/><E122/><N who="3" m="47210" /><G58/><T92/><D50/><U134/><E134/><V33/><F33/><W87/><G18/><T101/><D101/><U40/><E40/><V116/><F116/><W81/><G37/><T48/><D48/><U119/><E119/><V0/><F0/><N who="3" m="231" /><G87/><T73/><D73/><U57/><E57/><V71/><F65/><W106/><G81/><T105/><D105/><U108/><E108/><V64/><F64/><W26/><G106/><T25/><D23/><U82/><E82/><V80/><F80/><W123/><N who="3" m="47218" /><W130/><DORA hai="133" /><G130/><T88/><AGARI ba="0,0" hai="16,17,24,25,60,63,76,79,85,86,88,89,92,93" machi="88" ten="25,18000,2" yaku="0,1,22,2,8,1,54,2" doraHai="42,133" who="0" fromWho="0" sc="159,180,346,-60,474,-60,21,-60" owari="339,13.9,286,-11.4,414,51.4,-39,-53.9" /></mjloggm>