<mjloggm ver="2.3"><GO type="169" lobby="0"/><UN n0="%E3%83%A9%E3%83%96%E3%83%AC%E3%83%BC" n1="%E7%94%9F%E5%BE%92%E4%BC%9A%E3%80%90%E5%BA%8F%E3%80%91" n2="%E8%8C%B6%E5%BA%A6" n3="%61%73%61%64%61%31%32" dan="18,16,16,17" rate="2221.34,2126.59,2120.48,2174.23" sx="M,M,M,M"/><TAIKYOKU oya="0"/><INIT seed="0,0,0,3,0,40" ten="250,250,250,250" oya="0" hai0="30,50,65,130,67,97,106,85,33,4,24,35,23" hai1="14,95,37,60,21,64,108,94,48,77,57,71,89" hai2="47,92,6,124,74,76,34,22,68,20,105,54,11" hai3="134,110,84,126,131,99,53,119,28,79,75,78,45"/><T27/><D4/><U31/><E37/><V62/><F105/><W109/><G75/><T128/><D85/><U129/><E129/><V7/><F34/><W81/><G119/><T80/><D80/><U42/><E77/><V101/><F124/><W113/><G126/><T55/><D97/><U0/><E0/><V132/><F132/><W98/><G134/><T39/><D39/><U17/><E108/><N who="3" m="41578" /><G131/><N who="0" m="50219" /><D106/><U46/><E31/><V100/><F7/><W8/><G28/><N who="0" m="19591" /><D35/><U19/><E71/><V90/><F68/><W13/><G79/><T116/><D116/><U87/><E19/><V118/><F118/><W103/><G103/><T49/><D49/><U29/><E29/><V10/><F6/><N who="3" m="3223" /><G113/><T88/><D88/><U114/><E114/><V82/><F100/><W41/><G53/><T43/><D43/><U2/><E2/><V69/><F101/><W120/><G120/><T25/><D25/><U83/><AGARI ba="0,0" hai="14,17,21,42,46,48,57,60,64,83,87,89,94,95" machi="83" ten="20,5200,0" yaku="0,1,7,1,8,1,52,1" doraHai="40" who="1" fromWho="1" sc="250,-26,250,52,250,-13,250,-13" /><INIT seed="1,0,0,0,5,40" ten="224,302,237,237" oya="1" hai0="95,115,100,101,50,102,14,91,107,81,79,12,22" hai1="80,86,72,3,134,34,76,116,112,62,56,13,57" hai2="5,24,94,60,35,65,8,41,70,135,42,77,84" hai3="58,93,1,19,87,85,120,61,83,7,11,122,26"/><U124/><E116/><V71/><F71/><W31/><G19/><T98/><D115/><U37/><E3/><V44/><F135/><W111/><G93/><T117/><D117/><U29/><E112/><V9/><F42/><W104/><G104/><T48/><D107/><U64/><E37/><V110/><F110/><W131/><G87/><T133/><D133/><U38/><E38/><V47/><F9/><W114/><G111/><T99/><D99/><U103/><E124/><V78/><F41/><W51/><G51/><T6/><D14/><U27/><E103/><V123/><F123/><W4/><G4/><T36/><D36/><U69/><E134/><V127/><F127/><W15/><G1/><T17/><REACH who="0" step="1"/><D6/><REACH who="0" ten="214,302,237,237" step="2"/><U73/><E13/><V43/><F5/><W105/><G105/><T28/><D28/><U16/><E16/><V49/><F24/><W10/><G114/><T130/><D130/><U74/><AGARI ba="0,1" hai="27,29,34,56,57,62,64,69,72,73,74,76,80,86" machi="74" ten="30,1500,0" yaku="0,1" doraHai="40" who="1" fromWho="1" sc="214,-5,302,25,237,-5,237,-5" /><INIT seed="1,1,0,4,3,132" ten="209,327,232,232" oya="1" hai0="1,97,27,116,114,35,39,115,104,99,17,92,95" hai1="33,29,28,7,119,76,67,107,63,64,77,31,41" hai2="60,135,50,10,80,49,25,98,90,133,94,88,30" hai3="70,105,16,57,6,66,93,122,54,89,111,48,72"/><U86/><E107/><V55/><F60/><W42/><G122/><T32/><D104/><U18/><E119/><V68/><F68/><W134/><G6/><T121/><D1/><U101/><E101/><V9/><F49/><W113/><G105/><T120/><D27/><U118/><E118/><V130/><F130/><W12/><G72/><T0/><D0/><U71/><E7/><V127/><F127/><W65/><G134/><N who="2" m="51209" /><F80/><W4/><G4/><T128/><D17/><U56/><E67/><V19/><F90/><W69/><G113/><T62/><D62/><U91/><E41/><V124/><F124/><W79/><G79/><T53/><D53/><U126/><E126/><V44/><F19/><W59/><G111/><T96/><D39/><U14/><E71/><V123/><F123/><N who="0" m="47178" /><D128/><U11/><E33/><AGARI ba="1,0" hai="9,10,25,30,33,44,50,55,88,94,98" m="51209" machi="33" ten="30,2000,0" yaku="20,1,54,1" doraHai="132" who="2" fromWho="1" sc="209,0,327,-23,232,23,232,0" /><INIT seed="2,0,0,2,2,85" ten="209,304,255,232" oya="2" hai0="19,61,108,9,4,66,67,32,93,57,45,23,24" hai1="22,26,25,20,51,65,107,78,43,106,75,63,110" hai2="50,17,130,73,1,38,104,113,49,77,35,133,102" hai3="41,118,74,34,3,124,62,132,16,28,129,117,29"/><V128/><F113/><W46/><G74/><T99/><D108/><U79/><E110/><V7/><F17/><W60/><G3/><T116/><D116/><U68/><E75/><V0/><F35/><W44/><G129/><T86/><D32/><U81/><E107/><V15/><F38/><W103/><G34/><T30/><D86/><U48/><E106/><V76/><F104/><W10/><G103/><T8/><D45/><U82/><E68/><V98/><F73/><W6/><G6/><T59/><D19/><U114/><E63/><V2/><F2/><W80/><G80/><T18/><D18/><U88/><E65/><V95/><F7/><W83/><G16/><T40/><D40/><U47/><E47/><V64/><F64/><W96/><G83/><T105/><D105/><U94/><E94/><V91/><F95/><W56/><G56/><T87/><D87/><U13/><E43/><V55/><F0/><W135/><G41/><T100/><D4/><U84/><E84/><V31/><F98/><W121/><G96/><T125/><D125/><U89/><E13/><V70/><F15/><W126/><REACH who="3" step="1"/><G121/><REACH who="3" ten="209,304,255,222" step="2"/><T36/><D36/><U27/><REACH who="1" step="1"/><E27/><REACH who="1" ten="209,294,255,222" step="2"/><V123/><F1/><W111/><G111/><T122/><D122/><U52/><E52/><V97/><F55/><W131/><G131/><T11/><D67/><U72/><E72/><V54/><F123/><W101/><G101/><T69/><AGARI ba="0,2" hai="8,9,11,23,24,30,57,59,61,66,69,93,99,100" machi="69" ten="30,1100,0" yaku="0,1" doraHai="85" who="0" fromWho="0" sc="209,31,294,-3,255,-5,222,-3" /><INIT seed="3,0,0,3,1,101" ten="240,291,250,219" oya="3" hai0="44,118,82,92,120,105,112,70,41,113,3,134,75" hai1="66,40,62,27,87,81,119,54,16,28,42,23,102" hai2="29,133,7,48,2,19,14,90,98,95,38,6,12" hai3="10,25,131,32,84,73,121,111,117,127,60,83,97"/><W22/><G117/><T21/><D70/><U122/><E122/><V135/><F38/><W52/><G121/><T17/><D120/><U67/><E102/><V108/><F108/><W129/><G73/><T31/><D31/><U4/><E4/><N who="2" m="1579" /><F29/><N who="3" m="17591" /><G32/><T36/><D92/><U91/><E119/><V126/><F126/><W56/><G127/><T49/><D3/><U8/><E54/><V39/><F39/><W37/><G37/><T33/><D33/><U76/><E76/><V80/><F2/><W78/><G97/><T34/><D34/><U109/><E109/><V59/><F80/><W88/><G111/><T35/><D35/><U85/><E85/><V104/><F19/><W72/><G10/><T89/><D36/><U63/><E8/><V55/><F104/><W47/><G72/><T18/><D18/><U9/><E9/><V58/><F59/><W96/><G47/><T30/><D30/><U115/><E115/><N who="0" m="44105" /><D118/><U68/><REACH who="1" step="1"/><E28/><REACH who="1" ten="240,281,250,219" step="2"/><V93/><F135/><W24/><G78/><N who="0" m="44383" /><D89/><U99/><E99/><N who="2" m="57783" /><F133/><W57/><G96/><T77/><D77/><U15/><E15/><V123/><F123/><W106/><G24/><N who="0" m="14383" /><D134/><U1/><E1/><V26/><F26/><W45/><G106/><AGARI ba="0,1" hai="41,44,49,105,106" m="14383,44383,44105" machi="106" ten="30,3900,0" yaku="11,1,52,2" doraHai="101" who="0" fromWho="3" sc="240,49,281,0,250,0,219,-39" /><INIT seed="4,0,0,1,4,21" ten="289,281,250,180" oya="0" hai0="49,81,30,71,43,40,61,131,15,62,5,92,25" hai1="46,53,42,97,85,89,111,66,16,87,35,51,119" hai2="72,26,18,106,69,39,76,104,83,29,124,70,9" hai3="113,54,96,11,38,122,74,33,7,133,86,99,110"/><T105/><D105/><N who="2" m="40554" /><F18/><W84/><G38/><T63/><D71/><N who="2" m="27146" /><F9/><W20/><G33/><T120/><D120/><U130/><E35/><N who="2" m="20919" /><F124/><W32/><G32/><T94/><D131/><U109/><E130/><V8/><F8/><W73/><G20/><N who="0" m="15655" /><D81/><U88/><E66/><V101/><F101/><W77/><G11/><N who="0" m="4591" /><D49/><U58/><E119/><V27/><F27/><W102/><G122/><T55/><D55/><U14/><E111/><V98/><F98/><W57/><G110/><T67/><D67/><U24/><E24/><V78/><F78/><W3/><G99/><T17/><D17/><U108/><E108/><V37/><AGARI ba="0,0" hai="37,39,72,76,83" m="20919,27146,40554" machi="37" ten="40,5200,0" yaku="33,2,52,1" doraHai="21" who="2" fromWho="2" sc="289,-26,281,-13,250,52,180,-13" /><INIT seed="5,0,0,4,4,5" ten="263,268,302,167" oya="1" hai0="72,14,68,99,47,127,13,57,65,98,54,4,116" hai1="19,18,22,84,43,50,106,78,87,11,8,109,88" hai2="41,135,63,92,45,64,114,118,131,73,77,80,12" hai3="35,128,20,9,17,115,32,70,44,3,53,91,39"/><U134/><E106/><V93/><F118/><W24/><G70/><T69/><D116/><U111/><E134/><V26/><F131/><W21/><G128/><T96/><D72/><U94/><E19/><V130/><F130/><W31/><G115/><T34/><D34/><U95/><E43/><V51/><F135/><W1/><G91/><T60/><D127/><U133/><E133/><V61/><F61/><W66/><G66/><T81/><D81/><N who="1" m="47159" /><E50/><V124/><F124/><W10/><G53/><T42/><D4/><U76/><E95/><V71/><F114/><W46/><G39/><T108/><D108/><N who="1" m="41547" /><E76/><V102/><F102/><W126/><G126/><T113/><D113/><U112/><E112/><V55/><F41/><W25/><REACH who="3" step="1"/><G17/><REACH who="3" ten="263,268,302,157" step="2"/><T0/><D65/><U67/><E67/><V117/><F117/><W75/><G75/><T105/><D69/><U49/><E49/><V125/><F125/><W56/><G56/><T120/><D68/><U119/><E119/><V89/><F73/><W100/><G100/><T85/><D57/><U82/><E82/><V103/><F103/><W6/><G6/><T122/><D54/><U23/><E18/><V83/><F83/><W40/><G40/><T107/><D42/><U38/><E38/><V104/><F71/><W79/><G79/><T62/><D60/><U123/><E123/><V59/><F77/><W86/><G86/><T29/><D62/><U37/><E37/><V16/><F63/><W30/><AGARI ba="0,1" hai="1,3,9,10,20,21,24,25,30,31,32,35,44,46" machi="30" ten="25,12000,2" yaku="1,1,0,1,22,2,52,2,53,0" doraHai="5" doraHaiUra="132" who="3" fromWho="3" sc="263,-30,268,-60,302,-30,157,130" /><INIT seed="6,0,0,1,4,106" ten="233,208,272,287" oya="2" hai0="118,53,47,54,110,60,26,83,93,12,22,100,124" hai1="111,68,78,117,71,131,126,43,86,109,88,105,20" hai2="28,5,29,125,46,85,89,63,33,50,62,115,79" hai3="4,25,77,114,132,74,130,67,36,81,127,45,48"/><V103/><F115/><W92/><G130/><T119/><D110/><U107/><E117/><V121/><F121/><W95/><G132/><T40/><D12/><U30/><E43/><V102/><F125/><W116/><G116/><N who="0" m="44587" /><D124/><U37/><E126/><V70/><F5/><W18/><G127/><T11/><D11/><U38/><E30/><N who="2" m="11883" /><F79/><W16/><G36/><N who="1" m="13930" /><E78/><V15/><F15/><W72/><G4/><T6/><D6/><U44/><E44/><V112/><F70/><N who="1" m="26665" /><E20/><V41/><F112/><W104/><G104/><N who="1" m="40010" /><E86/><V94/><F33/><W98/><G114/><T52/><D40/><U90/><E131/><V66/><F66/><W113/><G67/><T128/><D128/><U56/><E56/><V97/><F85/><W14/><G113/><T19/><D47/><U21/><E21/><V75/><F46/><W49/><G14/><T87/><D60/><U96/><E96/><V17/><F97/><W57/><G98/><N who="0" m="59471" /><D54/><U82/><E82/><V65/><F62/><W13/><G45/><T39/><D39/><U122/><E122/><V84/><F63/><W42/><G13/><T24/><D26/><U76/><E76/><AGARI ba="0,0" hai="19,22,24,52,53,76,83,87" m="59471,44587" machi="76" ten="30,2000,0" yaku="12,1,54,1" doraHai="106" who="0" fromWho="1" sc="233,20,208,-20,272,0,287,0" /><INIT seed="7,0,0,0,0,122" ten="253,188,272,287" oya="3" hai0="87,51,54,80,77,14,49,134,33,118,73,111,131" hai1="117,103,44,5,34,27,75,105,11,62,1,65,84" hai2="70,42,17,71,43,116,93,0,58,15,114,25,132" hai3="106,53,63,76,55,28,26,36,100,107,67,8,125"/><W3/><G36/><T16/><D33/><U69/><E84/><V127/><F0/><W98/><G106/><T82/><D118/><U40/><E117/><V2/><F2/><W124/><G76/><T74/><D131/><U108/><E108/><V10/><F116/><W24/><G24/><T38/><D134/><U29/><E44/><V90/><F114/><W110/><G110/><T59/><D38/><U121/><E40/><V45/><F127/><N who="3" m="48715" /><G8/><T88/><D111/><U130/><E130/><V123/><F58/><N who="3" m="37367" /><G3/><T30/><D30/><U21/><E21/><AGARI ba="0,0" hai="21,26,28,53,55,98,100,107" m="37367,48715" machi="21" ten="30,1500,0" yaku="18,1" doraHai="122" who="3" fromWho="1" sc="253,0,188,-15,272,0,287,15" owari="253,-14.7,173,-32.7,272,7.2,302,40.2" /></mjloggm>