<mjloggm ver="2.3"><GO type="169" lobby="0"/><UN n0="%E9%BB%92%E9%9B%BB%E8%A9%B1" n1="%E5%9C%92%E5%9F%8E%E5%AF%BA%E2%98%86%E6%80%9C" n2="%E3%82%8F%E3%81%A3%E3%81%97%E3%82%87%E3%81%84%E5%90%9B%32%E5%8F%B7" n3="%E6%96%B0%E6%89%8B%31%34%32%38%35%37" dan="16,16,20,17" rate="2135.20,2161.88,2335.15,2138.85" sx="M,F,M,M"/><TAIKYOKU oya="0"/><INIT seed="0,0,0,5,2,40" ten="250,250,250,250" oya="0" hai0="73,42,34,66,43,70,11,64,107,3,106,100,47" hai1="85,38,72,68,16,74,114,101,31,127,88,124,78" hai2="26,61,17,90,52,12,44,5,25,69,62,94,111" hai3="108,87,50,121,14,82,104,89,80,53,49,123,60"/><T131/><D131/><U0/><E0/><V32/><F111/><W2/><G2/><T71/><D73/><U83/><E68/><V115/><F115/><W6/><G104/><T84/><D84/><U98/><E31/><V22/><F32/><W129/><G108/><T57/><D57/><U112/><E38/><V132/><F132/><W117/><G117/><T128/><D128/><U67/><E67/><V37/><F69/><W105/><G105/><T86/><D86/><U9/><E16/><N who="2" m="12487" /><F26/><W99/><G99/><T8/><D3/><U24/><E24/><V35/><F5/><W36/><G36/><T133/><D100/><U59/><E9/><N who="2" m="6287" /><F37/><W46/><G129/><T118/><D133/><U75/><E59/><V91/><F35/><W65/><G82/><T30/><D34/><U134/><E78/><V102/><F102/><W1/><G1/><T103/><D103/><U4/><E4/><V122/><F122/><N who="3" m="46603" /><G6/><T135/><D135/><U21/><E21/><V29/><F29/><W113/><G14/><T63/><D30/><U48/><E134/><V28/><F28/><W96/><G96/><T51/><D118/><U76/><E76/><V19/><F19/><W39/><G39/><T95/><D71/><U130/><E130/><V33/><F33/><W41/><G65/><T56/><D70/><U55/><E112/><V27/><F27/><W20/><G113/><T7/><D7/><U110/><E110/><V77/><F77/><W109/><G109/><T97/><D66/><U45/><E114/><V79/><F79/><W126/><G20/><T13/><D64/><RYUUKYOKU ba="0,0" sc="250,-10,250,30,250,-10,250,-10" hai1="45,48,55,72,74,75,83,85,88,98,101,124,127" /><INIT seed="1,1,0,3,4,78" ten="240,280,240,240" oya="1" hai0="19,42,101,96,114,38,49,34,29,119,112,91,16" hai1="24,107,51,11,40,123,44,48,116,108,104,60,52" hai2="21,17,131,120,124,55,113,72,67,41,64,109,76" hai3="77,15,45,2,10,37,14,84,121,18,4,94,33"/><U12/><E123/><V98/><F120/><W74/><G121/><T129/><D38/><U86/><E116/><V93/><F109/><W110/><G110/><T8/><D119/><U57/><E108/><V66/><F124/><W99/><G33/><T122/><D122/><U30/><E51/><V62/><F131/><W36/><G84/><T25/><D129/><U56/><E56/><V80/><F41/><N who="3" m="22695" /><G18/><T3/><D42/><U81/><E24/><V0/><F0/><W105/><G105/><T100/><D49/><U70/><E70/><V102/><F113/><W59/><G59/><T87/><D112/><U85/><E85/><V83/><F55/><W103/><G37/><T128/><D128/><U39/><E30/><V20/><F62/><W130/><G130/><T7/><D114/><U69/><E69/><V47/><F47/><W111/><G111/><T90/><D90/><U115/><E39/><V63/><F63/><W5/><G5/><T6/><D7/><N who="1" m="3199" /><E115/><V9/><F9/><W118/><G118/><T43/><D43/><U58/><E58/><V117/><F117/><W68/><G68/><T54/><D54/><U126/><E126/><V50/><F50/><W82/><AGARI ba="1,0" hai="2,4,10,14,15,74,77,82,94,99,103" m="22695" machi="82" ten="30,2000,0" yaku="25,1,52,1" doraHai="78" who="3" fromWho="3" sc="240,-6,280,-11,240,-6,240,23" /><INIT seed="2,0,0,4,2,55" ten="234,269,234,263" oya="2" hai0="66,112,36,10,105,41,16,113,49,84,117,59,19" hai1="119,31,0,106,33,23,129,6,28,97,91,8,44" hai2="92,121,32,38,90,123,17,88,72,71,51,78,29" hai3="101,69,95,39,118,54,37,74,65,134,125,24,43"/><V21/><F38/><W128/><G24/><T120/><D120/><U100/><E119/><V4/><F32/><W103/><G95/><T35/><D35/><U131/><E33/><V70/><F29/><W77/><G43/><T57/><D105/><U40/><E91/><V130/><F130/><N who="1" m="49673" /><E23/><V110/><F4/><W102/><G118/><T135/><D117/><U98/><E97/><V68/><F110/><W62/><G125/><T26/><D135/><U111/><E111/><V124/><F124/><W115/><G134/><T87/><D36/><AGARI ba="0,0" hai="0,6,8,28,31,36,40,44,98,100,106" m="49673" machi="36" ten="30,1000,0" yaku="19,1" doraHai="55" who="1" fromWho="0" sc="234,-10,269,10,234,0,263,0" /><INIT seed="3,0,0,4,1,120" ten="224,279,234,263" oya="3" hai0="24,32,117,35,103,105,49,19,38,65,4,22,31" hai1="58,17,3,84,121,78,89,134,51,52,20,66,83" hai2="110,97,1,40,28,80,125,23,39,62,104,21,86" hai3="81,6,96,61,85,129,16,64,94,18,122,43,102"/><W48/><G122/><T108/><D38/><U10/><E121/><V50/><F1/><W111/><G6/><T75/><D75/><U68/><E134/><V124/><F39/><W0/><G0/><T30/><D117/><U112/><E112/><V45/><F62/><W2/><G2/><T44/><D65/><U79/><E68/><V76/><F28/><W100/><G129/><T116/><D4/><U11/><E66/><V59/><F59/><N who="3" m="36927" /><G102/><T55/><D116/><U127/><E127/><N who="2" m="48715" /><F110/><W90/><G111/><T36/><D36/><U126/><E126/><V130/><F130/><W53/><G43/><T70/><D70/><U91/><E91/><V33/><F33/><W71/><G71/><T77/><D77/><U131/><E131/><V67/><F67/><W74/><G74/><T9/><D9/><N who="1" m="3083" /><E3/><V47/><F47/><AGARI ba="0,0" hai="16,18,47,48,53,81,85,90,94,96,100" m="36927" machi="47" ten="30,2900,0" yaku="8,1,54,1" doraHai="120" who="3" fromWho="2" sc="224,0,279,0,234,-29,263,29" /><INIT seed="3,1,0,0,2,86" ten="224,279,205,292" oya="3" hai0="91,9,45,63,23,119,62,98,118,134,53,122,70" hai1="100,34,84,12,54,42,11,71,55,81,87,59,104" hai2="129,0,28,29,43,128,111,101,78,74,130,72,125" hai3="73,65,5,75,131,120,25,67,33,115,97,44,106"/><W60/><G115/><T49/><D122/><U92/><E71/><V30/><F0/><W135/><G120/><T40/><D134/><U21/><E34/><V99/><F111/><W32/><G131/><T64/><D9/><U19/><E104/><V61/><F125/><W37/><G5/><T24/><D63/><U52/><E42/><V15/><F43/><N who="3" m="22639" /><G67/><T112/><D112/><U47/><E47/><V26/><F61/><W103/><G135/><T16/><REACH who="0" step="1"/><D40/><REACH who="0" ten="214,279,205,292" step="2"/><U2/><E2/><V31/><F78/><W7/><G7/><T17/><D17/><U69/><E69/><V127/><F127/><W57/><G57/><T48/><D48/><U3/><E3/><V76/><F76/><W13/><G13/><T79/><D79/><N who="1" m="46143" /><E11/><V124/><F15/><W95/><G60/><T14/><D14/><U39/><E39/><V22/><REACH who="2" step="1"/><F124/><REACH who="2" ten="214,279,195,292" step="2"/><W107/><G65/><T102/><D102/><U82/><E59/><V1/><F1/><W88/><G103/><T116/><D116/><U4/><E4/><V35/><F35/><W20/><G33/><T56/><D56/><U50/><E50/><V18/><F18/><W83/><G32/><T41/><D41/><U90/><E100/><V8/><F8/><W133/><G133/><T123/><D123/><U10/><E10/><V6/><F6/><W89/><G20/><T68/><D68/><U94/><AGARI ba="1,2" hai="12,19,21,52,54,55,82,87,90,92,94" m="46143" machi="94" ten="30,4000,0" yaku="8,1,52,1,54,1" doraHai="86" who="1" fromWho="1" sc="214,-11,279,63,195,-11,292,-21" /><INIT seed="4,0,0,0,3,117" ten="203,342,184,271" oya="0" hai0="120,84,105,121,14,73,22,19,48,40,25,58,24" hai1="102,113,37,28,103,3,98,85,36,128,29,64,10" hai2="39,52,79,118,129,72,86,74,109,54,0,78,67" hai3="17,114,4,111,6,35,31,9,132,119,30,51,94"/><T53/><D73/><U55/><E128/><V101/><F129/><W93/><G119/><T49/><D105/><U61/><E102/><V133/><F118/><W2/><G111/><T126/><D126/><U21/><E55/><V115/><F109/><W130/><G130/><T42/><D42/><U83/><E113/><V23/><F0/><W13/><G114/><T127/><D127/><U82/><E82/><V124/><F39/><W81/><G132/><T45/><D84/><U15/><E3/><V99/><F67/><W18/><G51/><T69/><D69/><U104/><E21/><V11/><F11/><N who="3" m="2455" /><G81/><T88/><D88/><U26/><E26/><V135/><F23/><W43/><G43/><T116/><D116/><U95/><E104/><V27/><F27/><N who="3" m="18911" /><G94/><T16/><D25/><U96/><E37/><V38/><F38/><W107/><G93/><T70/><D70/><U8/><E96/><V65/><F65/><W20/><G107/><T108/><D108/><U33/><E33/><V92/><F115/><W112/><G112/><T125/><D125/><U89/><E36/><V56/><F54/><W71/><G71/><T1/><D1/><U100/><E100/><V110/><F110/><W7/><G31/><N who="1" m="11850" /><E15/><AGARI ba="0,0" hai="6,7,9,13,15,17,18,20" m="18911,2455" machi="15" ten="30,12000,2" yaku="24,1,35,5" doraHai="117" who="3" fromWho="1" sc="203,0,342,-120,184,0,271,120" /><INIT seed="5,0,0,5,0,123" ten="203,222,184,391" oya="1" hai0="44,86,102,26,135,55,24,11,94,65,120,49,18" hai1="119,129,41,16,126,70,64,40,59,35,122,34,45" hai2="108,51,75,109,38,23,104,113,79,121,50,69,83" hai3="71,37,114,12,28,25,98,91,101,3,92,15,78"/><U93/><E122/><V2/><F121/><W13/><G3/><T130/><D130/><U128/><E119/><V6/><F104/><W36/><G71/><T48/><D135/><U8/><E70/><V58/><F69/><W60/><G60/><T5/><D120/><U67/><E126/><V82/><F113/><W118/><G114/><T66/><D49/><U117/><E117/><V21/><F38/><W95/><G78/><T85/><D85/><U106/><E106/><V134/><F134/><W125/><G125/><T103/><D103/><U74/><E74/><V22/><F83/><W112/><G112/><T42/><D55/><U43/><E45/><V32/><F32/><W87/><REACH who="3" step="1"/><G118/><REACH who="3" ten="203,222,184,381" step="2"/><T14/><D66/><U132/><E67/><V116/><F116/><W131/><G131/><N who="1" m="50250" /><E132/><V61/><F2/><W84/><G84/><T127/><D65/><U115/><E115/><V57/><F61/><W20/><AGARI ba="0,1" hai="12,13,15,20,25,28,36,37,87,91,92,95,98,101" machi="20" ten="30,8000,1" yaku="1,1,0,1,53,3" doraHai="123" doraHaiUra="9" who="3" fromWho="3" sc="203,-20,222,-40,184,-20,381,90" /><INIT seed="6,0,0,5,5,121" ten="183,182,164,471" oya="2" hai0="0,1,64,96,57,27,28,11,116,48,26,49,43" hai1="55,111,115,22,110,54,131,120,85,14,33,5,75" hai2="69,104,2,18,112,51,113,100,79,66,41,127,89" hai3="93,47,19,38,81,132,130,122,107,58,84,20,123"/><V105/><F2/><W10/><G107/><T101/><D116/><U32/><E75/><V106/><F127/><W133/><G93/><T63/><D27/><U16/><E115/><N who="2" m="44107" /><F79/><N who="3" m="46143" /><G10/><T129/><D129/><U13/><E85/><V125/><F125/><W52/><G130/><T70/><D11/><N who="1" m="4335" /><E131/><V21/><F89/><W97/><G97/><T30/><D30/><U6/><E55/><V29/><F29/><W86/><G86/><T74/><D74/><U44/><E54/><V31/><F31/><W3/><G3/><T134/><D134/><N who="3" m="51817" /><G47/><T53/><D48/><U35/><E44/><N who="2" m="25999" /><F100/><W39/><G122/><T9/><D43/><U92/><E92/><V62/><F104/><W94/><G94/><T103/><D9/><N who="1" m="4407" /><E120/><V65/><F65/><W61/><G123/><T46/><D103/><U17/><E17/><V23/><F23/><W98/><G98/><T25/><D25/><RYUUKYOKU type="ron3" ba="0,0" sc="183,0,182,0,164,0,471,0" hai1="16,22,32,33,35,110,111" hai2="18,21,62,66,69,105,106" hai3="19,20,38,39,52,58,61" /><INIT seed="6,1,0,5,4,66" ten="183,182,164,471" oya="2" hai0="59,75,1,37,88,121,132,49,70,52,125,21,0" hai1="85,98,19,113,92,36,100,67,73,45,43,29,18" hai2="3,124,8,107,89,50,51,64,135,104,40,115,32" hai3="96,118,23,112,63,130,84,93,13,110,54,30,111"/><V117/><F117/><W102/><G130/><T109/><D109/><U6/><E73/><V74/><F32/><W86/><G118/><T61/><D121/><U116/><E116/><V58/><F115/><W24/><G112/><T4/><D75/><U81/><E113/><V17/><F124/><W42/><G111/><T46/><D125/><U71/><E29/><V5/><F135/><W22/><G42/><T83/><D132/><U99/><E6/><V72/><F72/><W11/><G23/><T78/><D4/><U127/><E127/><V76/><F89/><W44/><G110/><T103/><D103/><U62/><REACH who="1" step="1"/><E98/><REACH who="1" ten="183,172,164,471" step="2"/><V39/><F5/><N who="3" m="3311" /><G44/><T12/><D0/><U25/><E25/><V9/><F3/><W82/><G82/><T10/><D1/><U47/><E47/><V15/><F74/><W131/><G131/><T90/><D37/><U28/><E28/><V68/><F39/><W95/><G95/><T27/><D12/><U56/><E56/><AGARI ba="1,1" hai="22,24,30,54,56,63,84,86,93,96,102" m="3311" machi="56" ten="30,1000,0" yaku="8,1" doraHai="66" who="3" fromWho="1" sc="183,0,172,-13,164,0,471,23" /><INIT seed="7,0,0,0,1,0" ten="183,159,164,494" oya="3" hai0="22,38,123,46,6,80,120,78,70,85,93,114,60" hai1="65,92,83,115,55,82,44,75,74,102,121,49,52" hai2="90,77,48,124,37,79,28,54,17,51,81,4,29" hai3="73,2,88,134,57,67,23,64,8,30,13,32,130"/><W42/><G73/><T108/><D108/><U9/><E121/><V53/><F37/><W36/><G130/><T96/><D114/><U122/><E122/><V135/><F135/><W107/><G107/><T41/><D22/><U89/><E115/><V117/><F117/><W111/><G134/><T76/><D76/><N who="2" m="29258" /><F124/><W12/><G2/><T58/><D6/><U26/><E75/><V133/><F133/><W63/><G32/><T68/><D68/><U18/><E74/><V66/><F66/><W86/><G36/><T24/><D24/><U104/><E104/><V99/><F4/><N who="3" m="3079" /><G42/><T21/><D21/><N who="1" m="13623" /><E65/><V71/><F71/><W40/><G40/><T10/><D10/><U72/><E72/><V100/><F17/><N who="3" m="10671" /><G111/><T94/><D70/><U106/><E106/><V129/><F129/><W126/><G126/><T132/><D132/><U35/><E35/><V14/><F14/><W56/><G30/><T125/><D125/><U69/><E69/><V62/><F28/><W103/><G103/><T45/><D120/><U84/><E9/><V109/><F29/><W91/><G86/><T113/><D113/><U105/><E105/><V59/><F109/><W5/><G5/><T31/><D123/><U25/><E25/><V128/><F128/><W34/><G34/><T50/><D31/><U15/><E15/><V112/><F112/><W131/><G131/><T16/><D16/><U118/><E118/><V127/><F127/><W97/><G67/><N who="0" m="39319" /><D96/><N who="1" m="59655" /><E55/><V47/><F100/><W27/><G27/><T33/><D33/><U87/><E87/><N who="2" m="50543" /><F99/><W101/><G97/><T61/><D61/><AGARI ba="0,0" hai="47,48,51,53,54,59,61,62" m="50543,29258" machi="61" ten="30,2000,0" yaku="6,1,8,1" doraHai="0" who="2" fromWho="0" sc="183,-20,159,0,164,20,494,0" owari="163,-23.7,159,-34.1,184,-1.6,494,59.4" /></mjloggm>