<mjloggm ver="2.3"><GO type="169" lobby="0"/><UN n0="%E7%8C%AA%E7%8B%A9%E5%AE%88" n1="%E3%81%AA%E3%81%BE%E3%81%91%E8%80%85" n2="%4D%75%64%46%6C%6F%77" n3="%E3%81%93%E3%82%8C%E3%81%8C%E3%81%B5%E3%81%95%E3%81%B5%E3%81%95" dan="17,16,17,16" rate="2198.08,2064.27,2203.20,2115.35" sx="M,M,M,M"/><TAIKYOKU oya="0"/><INIT seed="0,0,0,5,4,120" ten="250,250,250,250" oya="0" hai0="73,99,109,134,1,103,32,0,14,135,89,117,62" hai1="33,76,55,133,40,122,88,22,101,4,119,37,130" hai2="69,23,110,67,75,51,107,131,83,68,111,24,81" hai3="123,48,31,98,82,44,71,108,18,79,80,100,78"/><T106/><D89/><U11/><E122/><V77/><F131/><W8/><G123/><T115/><D14/><U127/><E33/><V91/><F107/><W10/><G71/><T72/><D115/><U66/><E119/><V104/><F104/><W5/><G31/><T3/><D117/><U113/><E66/><V27/><F51/><W93/><G18/><T53/><D53/><U112/><E101/><V26/><F23/><W19/><G19/><T35/><D62/><U125/><E76/><V42/><F42/><W9/><G5/><T121/><D121/><U15/><E130/><V85/><REACH who="2" step="1"/><F67/><REACH who="2" ten="250,250,240,250" step="2"/><W126/><G126/><T28/><D32/><U65/><E40/><V60/><F60/><W20/><G20/><T94/><D106/><U92/><E22/><V86/><F86/><W90/><G48/><T17/><D35/><U30/><E65/><V63/><F63/><W52/><G52/><T54/><D54/><U61/><E61/><V84/><F84/><W29/><G44/><T114/><D114/><U70/><E127/><V87/><F87/><W132/><G8/><T45/><D72/><U118/><E11/><V105/><F105/><W59/><G9/><T12/><D73/><U6/><E125/><V7/><F7/><W96/><G10/><N who="0" m="6295" /><D45/><U49/><E55/><V116/><F116/><W128/><G128/><T50/><D50/><U46/><E118/><V43/><F43/><W56/><G98/><T129/><D129/><U36/><E113/><V74/><F74/><W25/><G96/><T97/><D99/><U34/><E112/><V2/><F2/><RYUUKYOKU ba="0,1" sc="250,-10,250,-10,240,30,250,-10" hai2="24,26,27,68,69,75,77,81,83,85,91,110,111" /><INIT seed="1,1,1,0,5,13" ten="240,240,270,240" oya="1" hai0="10,29,125,32,91,116,74,117,66,52,26,40,11" hai1="99,27,113,89,17,21,61,57,7,36,130,96,19" hai2="114,12,88,90,103,87,48,31,102,16,49,4,35" hai3="105,22,94,95,9,120,134,131,5,77,72,34,15"/><U73/><E113/><V68/><F68/><W80/><G120/><T82/><D66/><U50/><E73/><V37/><F37/><W86/><G134/><T6/><D125/><U8/><E36/><V46/><F4/><W42/><G131/><T81/><D40/><U51/><E130/><V92/><F114/><W109/><G109/><T123/><D123/><U133/><E133/><V54/><F49/><W84/><G34/><T101/><D101/><U104/><E104/><V63/><F63/><W25/><G105/><T20/><D10/><U2/><E99/><N who="2" m="57735" /><F31/><W76/><G42/><T70/><D70/><U62/><E62/><V0/><F0/><W58/><G58/><T124/><D124/><U24/><E96/><V64/><F64/><W115/><G115/><T59/><D32/><U108/><E89/><V60/><F60/><W65/><G65/><T112/><D112/><U119/><E119/><V41/><F41/><W28/><REACH who="3" step="1"/><G72/><REACH who="3" ten="240,240,270,230" step="2"/><T53/><D74/><U107/><E107/><V121/><F35/><W1/><G1/><T47/><D116/><U97/><E108/><V83/><F121/><W126/><G126/><T118/><D118/><U43/><E43/><V44/><F46/><W135/><G135/><T127/><D127/><U23/><E97/><V30/><F30/><W14/><G14/><N who="0" m="5495" /><D117/><U55/><AGARI ba="1,2" hai="2,7,8,17,19,21,23,24,27,50,51,55,57,61" machi="55" ten="20,12000,1" yaku="0,1,7,1,9,1,52,2" doraHai="13" who="1" fromWho="1" sc="240,-41,240,143,270,-41,230,-41" /><INIT seed="1,2,0,2,2,51" ten="199,383,229,189" oya="1" hai0="11,63,48,67,88,130,75,82,10,79,112,30,81" hai1="15,77,111,78,0,133,102,98,116,9,124,42,46" hai2="69,3,117,23,99,66,49,2,20,32,12,113,132" hai3="105,64,26,120,106,85,25,44,100,134,50,87,8"/><U34/><E116/><V104/><F32/><W73/><G73/><T38/><D112/><U76/><E34/><V14/><F66/><W41/><G120/><T91/><D38/><U135/><E124/><V122/><F69/><W131/><G131/><T58/><D130/><U21/><E21/><V17/><F104/><W39/><G134/><T68/><D30/><U89/><E0/><V4/><F99/><W16/><G64/><T121/><D121/><U94/><E102/><V59/><F59/><W127/><G127/><T40/><D82/><U56/><E111/><V61/><F49/><W97/><G106/><T33/><D33/><U93/><E93/><V43/><F61/><W115/><G115/><T65/><D65/><U74/><E74/><V57/><F57/><W13/><REACH who="3" step="1"/><G39/><REACH who="3" ten="199,383,229,179" step="2"/><T55/><D40/><U22/><E42/><V18/><F43/><W1/><G1/><T27/><D27/><AGARI ba="2,1" hai="8,13,16,25,26,27,41,44,50,85,87,97,100,105" machi="27" ten="40,2600,0" yaku="1,1,54,1,53,0" doraHai="51" doraHaiUra="52" who="3" fromWho="0" sc="199,-32,383,0,229,0,179,42" /><INIT seed="2,0,0,5,5,28" ten="167,383,229,221" oya="2" hai0="83,119,134,98,112,95,21,70,43,67,113,80,53" hai1="71,121,55,32,58,100,14,131,27,90,135,91,45" hai2="128,72,92,129,93,56,38,46,108,7,42,63,97" hai3="22,87,34,111,130,73,13,54,66,76,104,85,99"/><V64/><F72/><W48/><G111/><T10/><D134/><U88/><E71/><V30/><F108/><W68/><G130/><T50/><D119/><U125/><E131/><N who="2" m="50251" /><F7/><W115/><G115/><T19/><D43/><U5/><E135/><V25/><F97/><W118/><G34/><AGARI ba="0,0" hai="25,30,34,38,42,46,56,63,64,92,93" m="50251" machi="34" ten="30,2900,0" yaku="19,1,52,1" doraHai="28" who="2" fromWho="3" sc="167,0,383,0,229,29,221,-29" /><INIT seed="2,1,0,0,5,108" ten="167,383,258,192" oya="2" hai0="94,93,68,21,69,80,127,97,53,49,59,102,82" hai1="124,32,109,116,119,99,107,31,43,74,18,0,112" hai2="36,33,5,78,58,87,122,95,9,111,120,63,25" hai3="110,129,8,67,4,51,101,26,89,72,17,105,29"/><V39/><F111/><W30/><G110/><T34/><D34/><U114/><E18/><V46/><F33/><W7/><G129/><T52/><D127/><U6/><E109/><V3/><F25/><W81/><G105/><T40/><D40/><U133/><E124/><V106/><F106/><W54/><G101/><T2/><D2/><U47/><E133/><V22/><F22/><N who="3" m="13647" /><G67/><T70/><D94/><U100/><E74/><V19/><F19/><W73/><G73/><T132/><D132/><U65/><E65/><V85/><F85/><N who="3" m="50351" /><G72/><T113/><D21/><U79/><E79/><V134/><F134/><W11/><G11/><T41/><D41/><U86/><E86/><V64/><F39/><W48/><G48/><T24/><D24/><N who="1" m="18535" /><E6/><N who="3" m="2090" /><G8/><T12/><D12/><U128/><E128/><V60/><F78/><W121/><G121/><T115/><REACH who="0" step="1"/><D53/><REACH who="0" ten="157,383,258,192" step="2"/><U92/><E92/><V61/><F95/><W35/><G35/><T71/><N who="0" m="17408" /><DORA hai="126" /><T76/><D76/><U88/><E0/><V90/><F122/><W66/><G66/><T96/><D96/><U37/><E88/><V16/><F120/><W42/><G42/><T10/><D10/><U14/><E14/><V77/><F9/><W123/><G123/><T131/><D131/><U23/><E23/><V130/><F3/><W1/><G1/><T118/><D118/><AGARI ba="1,1" hai="37,43,47,99,100,107,112,114,116,118,119" m="18535" machi="118" ten="30,3900,0" yaku="23,1,52,2" doraHai="108,126" who="1" fromWho="0" sc="157,-42,383,52,258,0,192,0" /><INIT seed="3,0,0,3,4,110" ten="115,435,258,192" oya="3" hai0="64,79,52,84,78,65,109,74,113,73,70,133,40" hai1="77,19,97,33,95,88,83,45,30,67,107,71,100" hai2="111,103,132,57,14,116,114,49,130,23,54,125,5" hai3="117,104,6,126,32,20,38,112,129,124,18,27,24"/><W115/><G104/><T61/><D109/><U0/><E0/><V47/><F116/><W76/><G38/><T43/><D133/><U44/><E19/><V87/><F111/><W39/><G39/><T55/><D61/><U105/><E105/><V53/><F130/><W21/><G76/><T86/><REACH who="0" step="1"/><D70/><REACH who="0" ten="105,435,258,192" step="2"/><U3/><E71/><V51/><F132/><W72/><G117/><T123/><D123/><U34/><E34/><V69/><F69/><W127/><G129/><T82/><D82/><U85/><E67/><V41/><F125/><W135/><G135/><T119/><D119/><U42/><E3/><V92/><F51/><W7/><G32/><T48/><D48/><U62/><E62/><V94/><F49/><W102/><G102/><T75/><D75/><U80/><E80/><V17/><F103/><W15/><G72/><T35/><D35/><U22/><E33/><V46/><F46/><W121/><G121/><T63/><D63/><U16/><E45/><V93/><F47/><W60/><G60/><T131/><D131/><U134/><E134/><V118/><F118/><W81/><G81/><T12/><D12/><U4/><E83/><V99/><F14/><W108/><G108/><T10/><D10/><U29/><E44/><V13/><F13/><W96/><G15/><T120/><D120/><U26/><E77/><V91/><F41/><W106/><G127/><T37/><D37/><U128/><E128/><V2/><F2/><W8/><G126/><T56/><D56/><U59/><E42/><V101/><F57/><W25/><G124/><T89/><D89/><RYUUKYOKU ba="0,1" sc="105,30,435,-10,258,-10,192,-10" hai0="40,43,52,55,64,65,73,74,78,79,84,86,113" /><INIT seed="4,1,1,3,5,77" ten="135,425,248,182" oya="0" hai0="66,74,1,22,116,31,82,33,8,81,133,17,89" hai1="72,48,69,28,43,95,107,88,79,109,73,65,60" hai2="20,128,101,32,0,86,90,29,63,97,121,76,112" hai3="75,45,106,87,54,7,68,40,85,135,46,62,59"/><T113/><D116/><U34/><E107/><V52/><F0/><W58/><G135/><T41/><D66/><U124/><E109/><V12/><F121/><W10/><G106/><T129/><D133/><U36/><E36/><V49/><F112/><W102/><G68/><T96/><D113/><U3/><E3/><V16/><F63/><W80/><G102/><T21/><D129/><U98/><E124/><V103/><F128/><W25/><G25/><T61/><D61/><U132/><E132/><V78/><F29/><W134/><G134/><T91/><D41/><U105/><E105/><V122/><F32/><W27/><G27/><N who="0" m="18687" /><D74/><U56/><E28/><V118/><F122/><W11/><G75/><T38/><D38/><U26/><E72/><V30/><F30/><W37/><G46/><T119/><D21/><U123/><E43/><V131/><F118/><W44/><G44/><T111/><D111/><U14/><E65/><V115/><F115/><W130/><G130/><T15/><D119/><U92/><E60/><V19/><F19/><W51/><G7/><N who="0" m="1135" /><D96/><U126/><E98/><V53/><F131/><W114/><G114/><T2/><D2/><U127/><E127/><V5/><F5/><W4/><G4/><T104/><D104/><U100/><E73/><V110/><F110/><W71/><G87/><T39/><D39/><U93/><E126/><V47/><F97/><W70/><G58/><T57/><D57/><U13/><E56/><V125/><F125/><W67/><G71/><T94/><D94/><U18/><E69/><V6/><F6/><W84/><G84/><RYUUKYOKU ba="1,1" sc="135,15,425,-15,248,-15,182,15" hai0="15,17,22,81,82,89,91" hai3="10,11,37,40,45,51,54,59,62,67,70,80,85" /><INIT seed="4,2,1,4,4,107" ten="150,410,233,197" oya="0" hai0="26,123,44,132,94,47,12,95,28,49,20,131,10" hai1="134,114,43,2,46,58,55,117,85,70,45,5,97" hai2="135,79,29,51,33,101,82,56,89,0,106,133,57" hai3="62,83,25,103,30,59,34,80,4,24,66,27,71"/><T31/><D123/><U74/><E74/><V68/><F68/><W93/><G4/><T91/><D131/><U38/><E70/><V52/><F0/><W63/><G24/><T73/><D132/><N who="2" m="50762" /><F89/><W48/><G48/><T120/><D73/><U96/><E46/><N who="2" m="27767" /><F29/><W50/><G50/><T105/><D105/><U35/><E117/><V81/><F33/><W92/><G25/><T61/><D120/><U128/><E35/><V53/><F53/><W13/><G13/><T88/><D28/><U3/><E3/><V8/><F8/><W104/><G80/><N who="2" m="30825" /><F79/><W126/><G83/><T72/><D72/><U86/><E128/><V122/><F122/><W127/><G92/><N who="0" m="35371" /><D61/><U41/><E134/><V14/><F14/><W125/><G93/><T98/><D98/><AGARI ba="2,1" hai="56,57,98,101,106" m="30825,27767,50762" machi="98" ten="30,2000,0" yaku="20,1,54,1" doraHai="107" who="2" fromWho="0" sc="150,-26,410,0,233,36,197,0" /><INIT seed="5,0,0,3,2,106" ten="124,410,269,197" oya="1" hai0="116,72,103,61,81,104,133,99,127,124,51,120,87" hai1="47,21,57,50,66,33,108,60,82,102,90,38,80" hai2="132,96,26,9,17,89,28,23,98,112,101,122,119" hai3="121,52,0,68,111,69,2,16,11,77,94,63,76"/><U36/><E33/><V107/><F119/><W84/><G111/><T10/><D10/><U42/><E108/><V29/><F122/><W117/><G121/><T126/><D61/><U91/><E102/><V56/><F132/><W40/><G117/><T20/><D20/><U32/><E32/><V74/><F74/><W88/><G40/><T37/><D51/><U5/><E38/><V13/><F112/><W109/><G109/><T64/><D64/><U25/><E5/><V4/><F56/><W134/><G134/><T8/><D8/><U131/><E131/><V78/><F78/><W39/><G39/><T18/><D18/><U65/><E65/><V6/><F6/><W73/><G77/><N who="0" m="44199" /><D37/><U123/><E123/><V130/><F130/><W22/><G11/><T31/><D31/><U110/><E110/><V24/><F24/><W62/><G0/><T45/><D45/><U35/><E35/><V95/><AGARI ba="0,0" hai="4,9,13,17,23,26,28,29,89,95,96,98,101,107" machi="95" ten="30,1100,0" yaku="0,1" doraHai="106" who="2" fromWho="2" sc="124,-3,410,-5,269,11,197,-3" /><INIT seed="6,0,0,4,4,67" ten="121,405,280,194" oya="2" hai0="8,55,79,47,125,58,62,132,42,71,127,101,39" hai1="99,15,86,77,93,109,43,63,69,48,27,90,78" hai2="19,13,75,95,87,88,38,1,14,65,105,41,61" hai3="52,57,17,117,12,118,80,116,98,60,45,126,70"/><V53/><F1/><W5/><G126/><N who="0" m="48139" /><D101/><U7/><E109/><V135/><F135/><W9/><G98/><T21/><D79/><U103/><E69/><V115/><F115/><W20/><G70/><T83/><D83/><N who="1" m="49503" /><E27/><V74/><F105/><W91/><G45/><T133/><D8/><N who="1" m="4511" /><E63/><V107/><F107/><W81/><REACH who="3" step="1"/><G91/><REACH who="3" ten="121,405,280,184" step="2"/><T129/><D21/><U114/><E114/><V68/><F68/><W59/><G59/><T23/><D23/><U56/><E56/><V96/><F96/><W30/><G30/><T113/><D113/><U11/><E99/><V16/><F88/><W100/><G100/><T36/><D36/><U94/><E103/><V49/><F38/><W123/><G123/><T111/><D111/><U97/><E97/><V44/><F44/><W34/><G34/><T24/><D24/><AGARI ba="0,1" hai="5,9,12,17,20,24,52,57,60,80,81,116,117,118" machi="24" ten="40,5200,0" yaku="1,1,54,1,53,1" doraHai="67" doraHaiUra="50" who="3" fromWho="0" sc="121,-52,405,0,280,0,184,62" /><INIT seed="7,0,0,4,4,41" ten="69,405,280,246" oya="3" hai0="109,71,134,47,117,45,26,4,7,88,13,76,108" hai1="32,53,79,25,93,12,21,102,24,28,18,115,73" hai2="59,103,72,15,14,44,81,0,35,91,119,82,22" hai3="69,48,116,49,55,52,86,80,78,85,56,65,60"/><W98/><G116/><T133/><D76/><U11/><E115/><V123/><F35/><W125/><G125/><T19/><D26/><U127/><E127/><V17/><F0/><W1/><G1/><T10/><D71/><U2/><E79/><V42/><F119/><W66/><G98/><T92/><D117/><U99/><E73/><V131/><F131/><W75/><REACH who="3" step="1"/><G66/><REACH who="3" ten="69,405,280,236" step="2"/><T77/><D77/><U113/><E2/><V100/><F123/><W94/><G94/><T63/><D63/><U121/><E121/><V118/><F118/><W20/><G20/><T6/><D109/><U104/><E93/><V68/><F72/><W84/><G84/><T87/><REACH who="0" step="1"/><D108/><REACH who="0" ten="59,405,280,236" step="2"/><U50/><E113/><V128/><F68/><W96/><G96/><T97/><D97/><U70/><E70/><V132/><F128/><W31/><G31/><T33/><D33/><U57/><E32/><V16/><F103/><W36/><G36/><T29/><D29/><U58/><E28/><V64/><F100/><W27/><G27/><T61/><D61/><U51/><E99/><V37/><F37/><W114/><G114/><T74/><D74/><U40/><E102/><V112/><F112/><W135/><G135/><AGARI ba="0,2" hai="4,6,7,10,13,19,45,47,87,88,92,133,134,135" machi="135" ten="40,8000,1" yaku="1,1,20,1,52,2,54,1,53,0" doraHai="41" doraHaiUra="62" who="0" fromWho="3" sc="59,100,405,0,280,0,236,-80" owari="159,-24.1,405,50.5,280,8.0,156,-34.4" /></mjloggm>