<mjloggm ver="2.3"><GO type="169" lobby="0"/><UN n0="%E7%99%BD%E9%AB%AA%E9%AC%BC" n1="%E7%AD%89%E3%80%85%E5%8A%9B%E5%8A%87%E5%A0%B4" n2="%68%69%72%61%6A%75%6E" n3="%4D%4C%5A%4E%55%2D%53%4B" dan="16,16,16,17" rate="2124.27,2159.05,2084.09,2148.54" sx="M,M,M,M"/><TAIKYOKU oya="0"/><INIT seed="0,0,0,5,5,19" ten="250,250,250,250" oya="0" hai0="75,39,71,32,57,132,87,34,85,106,118,91,127" hai1="93,59,6,115,47,84,131,89,135,73,60,64,8" hai2="104,128,117,90,125,74,124,70,126,69,114,45,51" hai3="46,12,76,53,121,11,29,33,67,120,92,110,68"/><T5/><D118/><U24/><E135/><V4/><F74/><W22/><G110/><T122/><D71/><N who="2" m="27146" /><F104/><W44/><G33/><T17/><D39/><U108/><E131/><V123/><F4/><W55/><G76/><T23/><D132/><U78/><E108/><V37/><F90/><W16/><G92/><T113/><D75/><U1/><E115/><V40/><F114/><W25/><G67/><T18/><D106/><U41/><E73/><V49/><F123/><N who="3" m="47179" /><G68/><T99/><D5/><U48/><E24/><V27/><F27/><W35/><G46/><T101/><D113/><U63/><E60/><V105/><F105/><W95/><G44/><T2/><D2/><U3/><E78/><V38/><F128/><W83/><G83/><T134/><D134/><U62/><E63/><V42/><F117/><W21/><G95/><T86/><D122/><U82/><E93/><V116/><F116/><W65/><G65/><T88/><D57/><U100/><E100/><V61/><F61/><W58/><G58/><T111/><D111/><U94/><E94/><V77/><F77/><W119/><G119/><T31/><D34/><U28/><E28/><V109/><F109/><W15/><G35/><T97/><D32/><U9/><E9/><V30/><F30/><W107/><G107/><T7/><D101/><U130/><E130/><V80/><F80/><W112/><G112/><T36/><D99/><U0/><AGARI ba="0,0" hai="0,1,3,6,8,41,47,48,59,62,64,82,84,89" machi="0" ten="20,1500,0" yaku="0,1,7,1" doraHai="19" who="1" fromWho="1" sc="250,-7,250,15,250,-4,250,-4" /><INIT seed="1,0,0,3,1,125" ten="243,265,246,246" oya="1" hai0="98,127,31,88,52,67,32,91,33,94,63,120,119" hai1="72,64,18,118,109,43,55,19,0,73,132,89,71" hai2="40,111,14,70,116,37,41,97,12,8,2,57,93" hai3="60,46,121,49,101,42,16,135,47,74,90,21,13"/><U45/><E118/><V113/><F116/><W30/><G121/><T105/><D119/><U79/><E0/><V130/><F111/><W39/><G74/><T66/><D120/><U129/><E132/><V4/><F113/><W133/><G101/><T10/><D127/><U20/><E109/><V123/><F123/><W65/><G90/><T25/><D32/><U59/><E71/><V38/><F70/><W82/><G82/><T86/><D10/><U110/><E110/><V95/><F57/><W26/><G60/><T15/><D15/><U62/><E19/><V17/><F2/><W54/><REACH who="3" step="1"/><G65/><REACH who="3" ten="243,265,246,236" step="2"/><T5/><D105/><U61/><E89/><V126/><F126/><W68/><G68/><T27/><D67/><U58/><E79/><V85/><F38/><W48/><G48/><T50/><D63/><U6/><E72/><V56/><F37/><W124/><G124/><T36/><D66/><U108/><E73/><V53/><F130/><W107/><G107/><T80/><D36/><U131/><E108/><V22/><F95/><W134/><G134/><T87/><D98/><U29/><E131/><V106/><F106/><W115/><G115/><T128/><D128/><U103/><E103/><V81/><F93/><W92/><G92/><T96/><D96/><U28/><E129/><V9/><F97/><W11/><AGARI ba="0,1" hai="11,13,16,21,26,30,39,42,46,47,49,54,133,135" machi="11" ten="30,4000,0" yaku="1,1,0,1,54,1,53,0" doraHai="125" doraHaiUra="84" who="3" fromWho="3" sc="243,-10,265,-20,246,-10,236,50" /><INIT seed="2,0,0,5,2,57" ten="233,245,236,286" oya="2" hai0="41,107,103,135,39,91,100,31,59,37,92,6,75" hai1="130,16,18,27,79,93,104,101,60,22,68,64,98" hai2="67,116,2,1,13,7,87,119,97,84,94,121,114" hai3="21,99,81,45,82,46,106,95,10,30,15,134,35"/><V11/><F114/><W76/><G106/><T125/><D135/><U113/><E130/><V52/><F121/><W69/><G69/><T14/><D125/><U49/><E113/><V102/><F67/><W34/><G34/><T47/><D75/><U78/><E104/><V26/><F26/><W36/><G35/><T9/><D39/><U128/><E128/><V108/><F108/><W4/><G36/><T124/><D124/><U51/><REACH who="1" step="1"/><E18/><REACH who="1" ten="233,235,236,286" step="2"/><V25/><F119/><W131/><G131/><T50/><D107/><U86/><E86/><V132/><F116/><W109/><G134/><T72/><D72/><U53/><E53/><V89/><F132/><W74/><G74/><T115/><D115/><U32/><E32/><V12/><F87/><W20/><G109/><T19/><D19/><U43/><E43/><V117/><F117/><W83/><G76/><AGARI ba="0,1" hai="16,22,27,49,51,60,64,68,76,78,79,93,98,101" machi="76" ten="40,8000,1" yaku="1,1,52,1,54,1,53,1" doraHai="57" doraHaiUra="88" who="1" fromWho="3" sc="233,0,235,90,236,0,286,-80" /><INIT seed="3,0,0,5,0,60" ten="233,325,236,206" oya="3" hai0="8,25,50,6,88,126,73,46,121,86,62,40,48" hai1="127,115,102,56,59,93,118,129,21,83,92,95,65" hai2="79,94,49,26,74,98,89,16,34,64,97,131,0" hai3="2,43,52,47,132,38,85,28,114,70,9,113,29"/><W78/><G70/><T3/><D121/><U13/><E115/><V111/><F0/><W110/><G132/><T44/><D126/><U120/><E120/><V17/><F111/><W91/><G78/><T128/><D128/><U112/><E112/><V90/><F131/><W12/><G2/><T32/><D73/><U33/><E33/><V104/><F74/><W42/><G110/><T124/><D124/><U96/><E127/><V135/><F79/><W39/><G113/><T116/><D116/><U27/><E129/><V57/><F135/><W1/><G1/><T41/><D62/><N who="1" m="38087" /><E118/><V19/><F34/><W84/><G84/><T81/><D32/><U69/><E69/><V36/><F36/><W101/><G101/><T37/><REACH who="0" step="1"/><D25/><REACH who="0" ten="223,325,236,206" step="2"/><U11/><E27/><V51/><F26/><W107/><G114/><T54/><D54/><U117/><E117/><V63/><F104/><W31/><G107/><T76/><D76/><U130/><E130/><V55/><F55/><W30/><N who="3" m="7168" /><DORA hai="122" /><W22/><G52/><T133/><D133/><U103/><E103/><V125/><F125/><W53/><G53/><T77/><D77/><U134/><E102/><V4/><F4/><W18/><G43/><T119/><D119/><U82/><E134/><V35/><F35/><W109/><G109/><T7/><D7/><U105/><E105/><V80/><F80/><W108/><G108/><T23/><D23/><U71/><E21/><V99/><F94/><N who="3" m="54639" /><G22/><T14/><D14/><U72/><E13/><V106/><F106/><W58/><G58/><T87/><D87/><U15/><E59/><RYUUKYOKU ba="0,1" sc="223,10,325,-30,236,10,206,10" hai0="3,6,8,37,40,41,44,46,48,50,81,86,88" hai2="16,17,19,49,51,57,63,64,89,90,97,98,99" hai3="9,12,18,38,39,42,47" /><INIT seed="3,1,1,3,5,0" ten="233,295,246,216" oya="3" hai0="111,64,32,91,6,16,10,125,107,116,105,23,4" hai1="26,130,75,60,128,37,33,34,67,72,106,63,95" hai2="135,108,84,44,1,134,29,109,70,101,120,46,90" hai3="127,86,131,31,68,99,132,102,103,112,30,96,97"/><W82/><G68/><T80/><D116/><U117/><E106/><V40/><F1/><W115/><G30/><T15/><D111/><N who="2" m="42570" /><F29/><W42/><G42/><T47/><D32/><N who="1" m="12395" /><E67/><V50/><F101/><N who="3" m="38411" /><G31/><T53/><D125/><U5/><E37/><N who="2" m="21519" /><F70/><W45/><G45/><T121/><D64/><U59/><E59/><V39/><F39/><W17/><G17/><T48/><D121/><U104/><E104/><N who="0" m="40009" /><D23/><U11/><E26/><V54/><F120/><W133/><G127/><T14/><D15/><U74/><E95/><AGARI ba="1,1" hai="46,50,54,84,90,95,134,135" m="21519,42570" machi="95" ten="30,1000,0" yaku="14,1" doraHai="0" who="2" fromWho="1" sc="233,0,295,-13,246,23,216,0" /><INIT seed="4,0,0,5,2,82" ten="233,282,269,216" oya="0" hai0="72,16,120,62,115,94,74,81,65,60,103,47,126" hai1="2,5,17,33,90,7,3,124,84,32,113,66,41" hai2="21,73,23,92,91,96,20,100,4,118,49,125,135" hai3="43,69,71,95,109,34,116,1,11,57,119,68,12"/><T105/><D120/><U89/><E41/><V108/><F108/><W87/><G109/><T53/><D126/><U75/><E75/><V28/><F125/><W39/><G34/><T35/><D35/><U46/><E46/><V128/><F128/><W13/><G57/><T70/><D105/><U127/><E66/><V93/><F135/><W51/><G39/><T44/><D115/><U123/><E17/><V45/><F118/><W79/><G1/><T67/><D53/><U110/><E110/><V36/><F73/><W131/><G13/><T77/><D74/><U134/><E113/><V40/><F4/><W97/><G131/><T52/><D16/><U121/><REACH who="1" step="1"/><E134/><REACH who="1" ten="233,272,269,216" step="2"/><V64/><F64/><W0/><G43/><T50/><D44/><U132/><E132/><V85/><REACH who="2" step="1"/><F36/><REACH who="2" ten="233,272,259,216" step="2"/><W55/><G119/><T133/><D133/><U6/><E6/><V101/><F101/><W9/><G116/><T61/><D65/><U10/><E10/><V114/><F114/><W99/><G9/><T98/><AGARI ba="0,2" hai="47,50,52,60,61,62,67,70,72,77,81,94,98,103" machi="98" ten="30,3000,0" yaku="0,1,54,1" doraHai="82" who="0" fromWho="0" sc="233,50,272,-10,259,-10,216,-10" /><INIT seed="4,1,0,5,0,130" ten="283,262,249,206" oya="0" hai0="38,12,88,94,91,26,30,126,69,67,117,61,46" hai1="34,62,87,92,73,134,65,45,86,21,83,77,36" hai2="122,50,131,125,124,52,112,128,97,23,44,47,18" hai3="10,24,72,111,40,74,71,58,3,116,16,123,79"/><T103/><D117/><U121/><E34/><V17/><F122/><W120/><G71/><T104/><D126/><N who="2" m="48746" /><F97/><W33/><G40/><T64/><D64/><U80/><E121/><V0/><F0/><W27/><G58/><T22/><D38/><U32/><E32/><V105/><F105/><W13/><G33/><T119/><D119/><U19/><E134/><V54/><F112/><W4/><G111/><T6/><D46/><U35/><E35/><V132/><F18/><W14/><G116/><T81/><D104/><U55/><E92/><V25/><F132/><W5/><G79/><T56/><D81/><U93/><E93/><V11/><F11/><W106/><G106/><T84/><D69/><U90/><E73/><V53/><F47/><W51/><G10/><N who="0" m="4183" /><D84/><U29/><E87/><V108/><F108/><W75/><G75/><T76/><D76/><U95/><E77/><V115/><F115/><W8/><G8/><T100/><D100/><U85/><E86/><V42/><AGARI ba="1,0" hai="17,23,25,42,44,50,52,53,54,128,131" m="48746" machi="42" ten="40,2700,0" yaku="18,1,54,1" doraHai="130" who="2" fromWho="2" sc="283,-14,262,-8,249,30,206,-8" /><INIT seed="5,0,0,3,5,119" ten="269,254,279,198" oya="1" hai0="116,135,107,25,87,114,130,123,23,89,52,64,124" hai1="66,44,40,47,78,53,73,1,69,17,5,51,128" hai2="110,129,32,49,8,81,13,50,102,94,126,93,62" hai3="10,45,108,71,18,127,46,115,80,36,86,39,85"/><U38/><E128/><V43/><F110/><W92/><G71/><T12/><D116/><U22/><E1/><V54/><F129/><W26/><G108/><T7/><D130/><U2/><E2/><V65/><F126/><W113/><G92/><T56/><D107/><U37/><E5/><V19/><F32/><W9/><G80/><T103/><D103/><U76/><E73/><V133/><F133/><W67/><G67/><T63/><D124/><U20/><E20/><V118/><F118/><W109/><G109/><T4/><D114/><U60/><E38/><V96/><F81/><W132/><G18/><T117/><D117/><U3/><E3/><V55/><F43/><W84/><G26/><AGARI ba="0,0" hai="17,22,26,37,40,44,47,51,53,60,66,69,76,78" machi="26" ten="30,1500,0" yaku="7,1" doraHai="119" who="1" fromWho="3" sc="269,0,254,15,279,0,198,-15" /><INIT seed="5,1,0,2,2,13" ten="269,269,279,183" oya="1" hai0="97,8,39,45,9,58,50,63,100,57,26,116,41" hai1="36,1,82,106,38,59,31,42,113,129,20,46,108" hai2="122,27,34,3,60,135,22,112,130,17,134,33,79" hai3="49,32,37,65,7,87,12,76,120,92,35,124,101"/><U67/><E106/><V94/><F122/><W55/><G37/><T114/><D116/><U28/><E1/><V21/><F79/><W64/><G124/><T111/><D111/><U84/><E113/><V24/><F94/><W80/><G120/><T96/><D114/><U10/><E129/><V68/><F112/><W115/><G32/><N who="2" m="12393" /><F60/><W56/><G35/><T121/><D121/><U44/><E108/><V98/><F98/><W109/><G109/><T126/><D39/><U25/><E10/><V52/><F52/><W91/><G101/><T40/><D40/><U128/><E128/><V0/><F68/><W123/><G115/><T75/><D75/><U85/><E85/><V16/><F130/><W19/><G7/><T43/><D43/><U47/><E38/><V18/><F18/><W133/><G133/><AGARI ba="1,0" hai="0,3,16,17,21,22,24,27,133,134,135" m="12393" machi="133" ten="30,12000,2" yaku="20,1,34,2,52,2,54,1" doraHai="13" who="2" fromWho="3" sc="269,0,269,0,279,123,183,-123" /><INIT seed="6,0,0,4,2,37" ten="269,269,402,60" oya="2" hai0="94,23,110,108,34,77,97,10,90,8,55,38,52" hai1="11,86,51,15,64,132,93,53,107,25,87,31,113" hai2="120,73,106,59,100,48,119,5,134,35,88,39,122" hai3="16,62,121,19,42,66,96,26,74,44,33,68,13"/><V127/><F119/><W65/><G74/><T123/><D123/><U85/><E107/><V92/><F39/><W129/><G129/><T76/><D34/><U4/><E113/><V54/><F35/><W135/><G135/><T18/><D38/><U130/><E130/><V30/><F73/><W29/><G121/><T81/><D110/><U20/><E132/><V83/><F134/><W128/><G128/><T89/><D89/><U27/><E64/><V40/><F30/><W131/><G131/><T82/><D108/><U79/><E27/><V75/><F5/><W67/><G96/><T32/><D32/><U118/><E118/><V133/><F133/><W61/><G13/><T17/><D8/><U91/><REACH who="1" step="1"/><E79/><REACH who="1" ten="269,259,402,60" step="2"/><N who="2" m="44543" /><F120/><W114/><G114/><T7/><D77/><U99/><E99/><V2/><F106/><W28/><G28/><T71/><D76/><U56/><AGARI ba="0,1" hai="4,11,15,20,25,31,51,53,56,85,86,87,91,93" machi="56" ten="20,8000,1" yaku="1,1,0,1,7,1,8,1,53,1" doraHai="37" doraHaiUra="24" who="1" fromWho="1" sc="269,-20,259,90,402,-40,60,-20" /><INIT seed="7,0,0,4,3,112" ten="249,349,362,40" oya="3" hai0="72,73,100,61,35,28,32,63,56,96,40,14,13" hai1="82,89,76,21,49,83,86,87,110,91,132,62,108" hai2="36,67,130,103,121,118,10,133,79,17,107,23,55" hai3="24,74,109,80,97,48,53,52,42,134,19,0,104"/><W129/><G129/><T116/><D40/><U122/><E122/><V11/><F118/><W92/><G134/><T25/><D32/><U124/><E124/><V18/><F36/><W105/><G0/><T20/><D61/><U70/><E132/><V34/><F34/><W54/><G109/><T69/><D116/><U46/><E76/><V64/><F133/><W102/><G19/><T71/><D71/><U94/><E94/><V9/><F130/><W101/><G24/><T47/><D47/><U66/><E21/><V111/><F111/><W41/><G48/><T88/><D69/><U12/><E12/><V99/><F121/><W95/><G80/><T68/><D68/><U33/><E33/><V59/><F79/><W135/><G74/><T38/><D38/><U30/><E30/><V26/><REACH who="2" step="1"/><F17/><REACH who="2" ten="249,349,352,40" step="2"/><W123/><G135/><T81/><D35/><U85/><E87/><V6/><F6/><W1/><G123/><T15/><D81/><U37/><E37/><V44/><F44/><W78/><G78/><T43/><D43/><AGARI ba="0,1" hai="43,46,49,62,66,70,82,83,85,86,89,91,108,110" machi="43" ten="30,2000,0" yaku="7,1,9,1" doraHai="112" who="1" fromWho="0" sc="249,-20,349,30,352,0,40,0" owari="229,-17.1,379,47.9,352,15.2,40,-46.0" /></mjloggm>