<mjloggm ver="2.3"><GO type="169" lobby="0"/><UN n0="%74%6F%72%69%30%36%31%32" n1="%33%37%E6%82%A0%E4%B8%80" n2="%E5%9C%A8%E5%8E%9F%E4%B8%83%E6%B5%B7%E5%A4%A7%E5%A5%BD%E3%81%8D" n3="%6C%75%6E%61%32%33%34%35" dan="16,17,17,16" rate="2163.29,2185.18,2213.59,2079.42" sx="M,M,M,F"/><TAIKYOKU oya="0"/><INIT seed="0,0,0,0,4,81" ten="250,250,250,250" oya="0" hai0="79,33,115,13,47,120,74,85,39,102,84,57,134" hai1="91,25,12,65,109,9,87,61,89,43,110,75,93" hai2="53,28,124,135,52,126,96,21,112,54,67,90,58" hai3="70,113,92,36,31,44,73,122,121,40,99,48,32"/><T83/><D120/><N who="3" m="46185" /><G113/><T101/><D115/><U14/><E75/><V41/><F135/><W20/><G70/><T128/><D33/><U117/><E117/><V97/><F41/><W2/><G2/><T8/><D134/><U82/><E43/><V35/><F35/><W22/><G73/><T30/><D30/><U76/><E25/><N who="2" m="16431" /><F112/><W80/><G80/><T94/><D128/><U130/><E130/><V127/><F90/><N who="3" m="55703" /><G36/><T17/><D47/><U45/><E45/><V49/><F49/><W15/><G15/><T24/><D24/><AGARI ba="0,0" hai="20,22,24,31,32,40,44,48" m="55703,46185" machi="24" ten="30,1000,0" yaku="13,1" doraHai="81" who="3" fromWho="0" sc="250,-10,250,0,250,0,250,10" /><INIT seed="1,0,0,3,3,43" ten="240,250,250,260" oya="1" hai0="73,72,45,21,126,22,12,51,41,88,120,78,94" hai1="71,30,114,55,7,97,8,125,28,67,130,121,98" hai2="18,52,42,50,44,40,96,110,93,74,107,89,0" hai3="84,15,5,2,65,112,63,132,24,100,31,33,83"/><U1/><E121/><V47/><F110/><W81/><G132/><T95/><D120/><U32/><E114/><V122/><F74/><W36/><G112/><T108/><D108/><U105/><E125/><V128/><F0/><W54/><G2/><T57/><D126/><U85/><E130/><V131/><F122/><W82/><G100/><T92/><D73/><U38/><E85/><V99/><F18/><W102/><G102/><T134/><D78/><U111/><E30/><V60/><F107/><W80/><G36/><T123/><D72/><U6/><E55/><V29/><F29/><W49/><G15/><T103/><D103/><N who="1" m="62703" /><E7/><V90/><F60/><W46/><G5/><T127/><D134/><U113/><E98/><V25/><F25/><W129/><G129/><N who="2" m="49737" /><F40/><W77/><REACH who="3" step="1"/><G80/><REACH who="3" ten="240,250,250,250" step="2"/><T69/><D127/><U56/><E113/><V23/><F93/><N who="0" m="35946" /><D123/><U35/><E111/><V135/><F135/><W53/><G53/><N who="0" m="31935" /><D12/><U3/><E3/><V10/><F52/><W118/><G118/><T117/><D117/><U17/><E38/><V66/><F42/><W68/><AGARI ba="0,1" hai="24,31,33,46,49,54,63,65,68,77,81,82,83,84" machi="68" ten="20,8000,1" yaku="1,1,0,1,7,1,52,1,53,1" doraHai="43" doraHaiUra="48" who="3" fromWho="3" sc="240,-20,250,-40,250,-20,250,90" /><INIT seed="2,0,0,3,2,15" ten="220,210,230,340" oya="2" hai0="99,130,39,31,2,27,116,25,26,46,40,59,0" hai1="123,95,1,107,111,61,100,41,82,28,45,32,91" hai2="109,62,70,102,122,124,88,131,19,64,76,17,108" hai3="47,3,23,115,51,74,134,129,18,8,49,6,58"/><V12/><F122/><W104/><G134/><T37/><D31/><U128/><E123/><V65/><F131/><W77/><G129/><T4/><D130/><U7/><E128/><V53/><F124/><W42/><G115/><T86/><D39/><U85/><E111/><N who="2" m="42571" /><F102/><W94/><G104/><T125/><D116/><U11/><E61/><N who="2" m="40207" /><F76/><W5/><G5/><T98/><D125/><U83/><E107/><V36/><F36/><W44/><G94/><T22/><D22/><U80/><E100/><V29/><F29/><W79/><G58/><T106/><D106/><U38/><E28/><V117/><F117/><W105/><G74/><T52/><D86/><U73/><REACH who="1" step="1"/><E32/><REACH who="1" ten="220,200,230,340" step="2"/><V114/><F114/><W90/><G105/><T121/><D121/><U30/><E30/><V75/><F75/><AGARI ba="0,1" hai="1,7,11,38,41,45,73,75,80,82,83,85,91,95" machi="75" ten="40,2600,0" yaku="1,1,53,1" doraHai="15" doraHaiUra="33" who="1" fromWho="2" sc="220,0,200,36,230,-26,340,0" /><INIT seed="3,0,0,3,0,3" ten="220,236,204,340" oya="3" hai0="82,68,116,130,124,46,37,115,62,134,88,106,86" hai1="9,103,123,102,85,56,59,18,83,40,30,92,45" hai2="4,47,24,64,127,43,77,6,55,70,84,112,76" hai3="101,63,57,17,13,129,29,61,52,114,71,93,81"/><W79/><G129/><T19/><D116/><U32/><E123/><V25/><F112/><W117/><G117/><T2/><D106/><U50/><E32/><V72/><F72/><W74/><G114/><T1/><D115/><U21/><E30/><V15/><F127/><W78/><G29/><T7/><D130/><U54/><E9/><V95/><F64/><W119/><G119/><T104/><D104/><U8/><E8/><V34/><F70/><W128/><G128/><T111/><D134/><U125/><E125/><V133/><F55/><W28/><G79/><N who="2" m="30281" /><F15/><W94/><G28/><T16/><D2/><U26/><E59/><V65/><F65/><W113/><G71/><T98/><D111/><U90/><REACH who="1" step="1"/><E83/><REACH who="1" ten="220,226,204,340" step="2"/><V14/><F34/><W42/><G81/><T110/><D124/><U118/><E118/><V121/><F121/><W107/><G113/><T100/><D110/><U91/><E91/><N who="2" m="53735" /><F133/><W122/><G122/><T126/><D126/><U132/><E132/><V33/><F33/><W11/><G74/><T60/><D68/><U10/><E10/><N who="2" m="4423" /><F6/><W27/><G11/><T67/><D1/><U20/><E20/><V35/><F35/><W53/><G78/><T105/><D7/><U38/><AGARI ba="0,1" hai="18,21,26,38,40,45,50,54,56,85,90,92,102,103" machi="38" ten="20,5200,0" yaku="1,1,0,1,7,1,53,1" doraHai="3" doraHaiUra="89" who="1" fromWho="1" sc="220,-13,226,62,204,-13,340,-26" /><INIT seed="4,0,0,0,0,104" ten="207,288,191,314" oya="0" hai0="45,92,123,36,122,89,55,7,17,121,37,19,84" hai1="33,102,128,1,14,76,54,110,34,51,48,75,113" hai2="62,127,85,87,12,65,9,97,94,43,25,58,101" hai3="24,29,99,40,114,31,95,133,115,6,96,23,79"/><T120/><N who="0" m="30720" /><DORA hai="129" /><T105/><D105/><U50/><E113/><N who="3" m="43018" /><G133/><T67/><D67/><U13/><E1/><V108/><F108/><W93/><G79/><T125/><D125/><U116/><E128/><V15/><F127/><W20/><G40/><T134/><D7/><U70/><E116/><V118/><F118/><W78/><G78/><T18/><REACH who="0" step="1"/><D134/><REACH who="0" ten="197,288,191,314" step="2"/><U28/><E110/><V135/><F135/><W61/><G6/><T71/><D71/><U39/><E70/><V53/><F43/><W112/><G112/><T124/><D124/><U98/><E54/><V111/><F111/><W47/><G93/><T10/><D10/><U11/><E11/><V49/><F25/><W132/><G95/><T44/><D44/><U131/><E131/><V41/><F41/><W91/><G47/><T56/><D56/><U8/><E8/><V103/><F103/><W130/><G132/><T88/><D88/><U69/><E69/><V81/><F81/><W2/><G91/><T74/><D74/><U4/><E75/><V59/><REACH who="2" step="1"/><F15/><REACH who="2" ten="197,288,181,314" step="2"/><W63/><G130/><T21/><D21/><U73/><E14/><V26/><F26/><N who="3" m="16583" /><G2/><T82/><D82/><U27/><E13/><V126/><F126/><W119/><G119/><T80/><D80/><U66/><E27/><V22/><F22/><W83/><G83/><T38/><D38/><U0/><E39/><V106/><F106/><W117/><G117/><T68/><D68/><U86/><E73/><V16/><AGARI ba="0,2" hai="9,12,16,49,53,58,59,62,65,85,87,94,97,101" machi="16" ten="20,12000,2" yaku="1,1,0,1,7,1,8,1,54,1,53,1" doraHai="104,129" doraHaiUra="109,5" who="2" fromWho="2" sc="197,-60,288,-30,181,140,314,-30" /><INIT seed="5,0,0,5,5,108" ten="137,258,321,284" oya="1" hai0="71,134,106,103,25,98,39,97,76,125,32,31,121" hai1="45,19,99,135,14,132,29,112,133,129,59,70,128" hai2="51,17,81,48,21,16,109,117,2,3,88,105,96" hai3="69,23,83,63,116,107,114,124,94,33,93,101,13"/><U26/><E70/><V110/><F117/><W79/><G116/><T12/><D39/><U130/><E45/><V28/><F28/><W40/><G124/><T82/><D125/><U131/><E59/><V58/><F105/><W55/><G33/><T68/><D121/><U123/><E99/><V90/><F21/><W65/><G40/><T20/><D134/><U86/><N who="1" m="32768" /><DORA hai="36" /><U100/><E86/><V102/><F81/><W118/><G101/><T11/><D98/><U47/><E47/><V46/><F46/><W127/><G107/><T6/><REACH who="0" step="1"/><D32/><REACH who="0" ten="127,258,321,284" step="2"/><N who="1" m="20535" /><E123/><V7/><F96/><W62/><G127/><T89/><D89/><U61/><E100/><V10/><F102/><W87/><G118/><T80/><D80/><U75/><E75/><AGARI ba="0,1" hai="6,11,12,20,25,31,68,71,75,76,82,97,103,106" machi="75" ten="30,8000,1" yaku="1,1,7,1,53,3" doraHai="108,36" doraHaiUra="64,74" who="0" fromWho="1" sc="127,90,258,-80,321,0,284,0" /><INIT seed="6,0,0,1,4,16" ten="217,178,321,284" oya="2" hai0="105,21,45,82,18,14,41,90,70,132,92,50,4" hai1="112,67,99,75,51,97,23,60,89,133,107,103,15" hai2="39,1,115,29,68,128,71,78,55,42,9,118,25" hai3="108,93,35,114,121,8,83,124,96,117,110,62,61"/><V106/><F118/><W123/><G35/><T81/><D105/><U5/><E133/><V58/><F106/><W11/><G124/><T3/><D70/><U48/><E112/><V72/><F128/><W126/><G126/><T37/><D132/><U84/><E75/><V120/><F42/><W28/><G28/><T6/><D37/><U34/><E97/><V95/><F39/><W43/><G43/><T44/><D44/><U26/><E34/><V54/><F54/><W104/><G104/><T49/><D49/><U7/><E15/><V20/><F95/><W131/><G93/><T31/><D31/><U134/><E134/><V65/><F65/><W13/><G117/><T125/><D125/><U38/><E38/><V46/><F46/><W27/><G131/><T36/><D36/><U22/><E51/><V17/><F72/><W98/><G114/><T122/><D122/><U53/><E26/><V63/><F1/><W101/><G27/><T94/><D94/><U2/><E2/><V76/><F120/><W116/><G116/><T102/><D102/><U47/><E5/><N who="0" m="2153" /><D3/><U113/><E7/><V40/><F71/><W119/><G119/><T24/><D24/><U79/><E79/><V52/><F78/><W66/><G121/><T10/><D10/><U77/><E77/><V130/><F76/><W80/><G123/><T86/><AGARI ba="0,0" hai="14,18,21,41,45,50,81,82,86,90,92" m="2153" machi="86" ten="30,2000,0" yaku="8,1,52,1" doraHai="16" who="0" fromWho="0" sc="217,20,178,-5,321,-10,284,-5" /><INIT seed="7,0,0,0,0,95" ten="237,173,311,279" oya="3" hai0="116,92,52,129,42,98,123,24,77,73,71,130,46" hai1="124,40,21,94,114,105,16,49,48,56,118,67,27" hai2="85,39,107,135,125,58,100,38,59,22,103,41,121" hai3="87,6,0,62,74,96,13,134,20,3,61,69,29"/><W113/><G74/><T128/><D71/><U60/><E114/><V84/><F22/><W104/><G113/><T70/><D70/><U72/><E124/><V82/><F82/><W34/><G87/><T133/><D123/><U64/><E105/><V122/><F41/><W23/><G134/><T43/><D116/><U93/><E118/><V4/><F4/><W108/><G108/><T32/><D133/><U102/><E72/><V106/><F135/><W68/><G13/><T26/><D77/><U63/><E40/><N who="0" m="15401" /><D32/><U119/><E119/><V65/><F65/><W14/><G14/><T80/><D80/><U55/><E64/><V110/><F125/><W91/><G34/><T78/><D78/><U9/><E9/><V101/><F101/><W44/><G0/><T131/><D73/><U7/><E7/><V47/><F47/><W88/><G3/><T18/><D18/><U79/><E79/><V31/><F31/><W89/><G6/><T115/><D115/><U25/><E25/><V33/><F33/><W8/><G29/><T50/><N who="0" m="32768" /><DORA hai="132" /><T111/><D111/><AGARI ba="0,0" hai="38,39,58,59,84,85,100,103,106,107,110,111,121,122" machi="111" ten="25,1600,0" yaku="22,2" doraHai="95,132" who="2" fromWho="0" sc="237,-16,173,0,311,16,279,0" owari="221,-17.9,173,-32.7,327,42.7,279,7.9" /></mjloggm>