<mjloggm ver="2.3"><GO type="169" lobby="0"/><UN n0="%46%69%72%73%74" n1="%E6%B2%B3%E7%AB%A5%E3%81%AE%E3%83%AF%E3%82%AB%E3%83%9E%E3%83%84" n2="%E3%81%AF%E3%81%9A%E3%82%8C%E3%83%A1%E3%82%BF%E3%83%AB" n3="%E3%81%82%E3%81%84%E3%81%93%E3%81%99" dan="16,19,16,16" rate="2044.59,2304.84,2080.64,2082.62" sx="M,M,M,M"/><TAIKYOKU oya="0"/><INIT seed="0,0,0,5,0,75" ten="250,250,250,250" oya="0" hai0="16,89,85,57,79,58,22,123,63,113,135,27,20" hai1="6,128,127,46,29,42,118,61,91,100,43,64,38" hai2="8,40,107,116,65,19,98,86,67,26,0,131,120" hai3="41,95,60,110,71,93,111,101,28,106,15,109,54"/><T126/><D113/><U52/><E118/><V31/><F120/><W59/><G41/><T25/><D123/><U84/><E128/><V105/><F131/><W72/><G72/><T122/><D122/><U99/><E127/><V23/><F116/><W45/><G45/><T39/><D126/><U70/><E29/><V68/><F40/><W80/><G28/><T32/><D39/><U117/><E117/><V49/><F49/><W44/><G44/><T119/><D119/><U96/><E43/><V33/><F86/><W24/><G24/><T134/><D32/><U53/><E6/><V129/><F129/><W10/><G80/><N who="0" m="47263" /><D89/><U11/><E11/><V130/><F130/><W66/><G106/><T2/><D2/><U102/><E100/><V124/><F124/><W18/><REACH who="3" step="1"/><G101/><REACH who="3" ten="250,250,250,240" step="2"/><T108/><D108/><U133/><E102/><V103/><F107/><W114/><G114/><T82/><D82/><U9/><E46/><V14/><REACH who="2" step="1"/><F68/><REACH who="2" ten="250,250,240,240" step="2"/><W92/><G92/><T13/><D135/><U55/><E133/><V1/><F1/><W7/><G7/><AGARI ba="0,2" hai="0,7,8,14,19,23,26,31,33,65,67,98,103,105" machi="7" ten="40,5200,0" yaku="1,1,24,2,53,0" doraHai="75" doraHaiUra="81" who="2" fromWho="3" sc="250,0,250,0,240,72,240,-52" /><INIT seed="1,0,0,2,2,21" ten="250,250,312,188" oya="1" hai0="53,82,27,105,73,15,23,104,24,6,49,84,117" hai1="68,121,97,59,36,118,32,80,57,69,58,103,31" hai2="71,65,18,55,37,131,39,70,14,64,113,1,42" hai3="92,126,87,43,48,111,28,119,47,19,125,101,93"/><U45/><E118/><V11/><F131/><W130/><G119/><T29/><D117/><U51/><E121/><V133/><F133/><W86/><G130/><T129/><D73/><U106/><E36/><V72/><F72/><W85/><G111/><T94/><D129/><U109/><E109/><V17/><F113/><W35/><G19/><T77/><D94/><U26/><REACH who="1" step="1"/><E80/><REACH who="1" ten="250,240,312,188" step="2"/><V22/><F39/><W89/><G125/><T13/><D105/><U116/><E116/><V128/><F37/><W123/><G126/><T98/><D6/><U12/><E12/><V63/><F14/><W4/><G123/><T0/><D0/><U112/><E112/><V76/><F1/><W50/><G93/><T56/><D104/><U52/><AGARI ba="0,1" hai="26,31,32,45,51,52,57,58,59,68,69,97,103,106" machi="52" ten="30,12000,1" yaku="1,1,0,1,52,1,54,1,53,1" doraHai="21" doraHaiUra="25" who="1" fromWho="1" sc="250,-40,240,130,312,-40,188,-40" /><INIT seed="1,1,0,1,5,113" ten="210,370,272,148" oya="1" hai0="19,11,1,108,76,65,43,16,0,33,114,48,30" hai1="66,46,79,12,50,77,106,117,72,75,74,116,101" hai2="13,35,9,69,42,18,8,131,73,27,3,61,105" hai3="32,132,59,22,40,127,115,107,57,39,5,128,94"/><U21/><E66/><V84/><F73/><W125/><G107/><T28/><D65/><U53/><E106/><V45/><F105/><W78/><G32/><T109/><D76/><U104/><E77/><V56/><F131/><W67/><G94/><T29/><D43/><U86/><E12/><V98/><F69/><W91/><G91/><T23/><D48/><U41/><E21/><V44/><F98/><W24/><G5/><T124/><D114/><U120/><E120/><V71/><F71/><W112/><G78/><T122/><D122/><U133/><E133/><V97/><F97/><W4/><G4/><T87/><D87/><U110/><E110/><N who="0" m="42601" /><D124/><U130/><E130/><V64/><F84/><W54/><G40/><T49/><D49/><U68/><E68/><V134/><F134/><W62/><G39/><T38/><D38/><U82/><REACH who="1" step="1"/><E41/><REACH who="1" ten="210,360,272,148" step="2"/><V88/><F42/><W89/><G132/><T25/><D33/><U95/><E95/><V103/><F64/><W126/><G128/><T92/><D92/><U31/><E31/><V58/><F35/><W80/><G115/><T6/><D0/><U135/><E135/><V14/><F3/><W93/><G112/><T60/><D30/><U123/><E123/><V7/><F13/><W129/><G129/><T55/><D29/><U20/><E20/><V99/><F14/><W85/><G93/><T83/><D83/><U63/><E63/><V118/><F61/><N who="3" m="36023" /><G22/><T34/><D23/><U119/><E119/><V36/><F118/><W17/><G127/><T2/><D1/><U121/><E121/><V15/><F15/><RYUUKYOKU ba="1,1" sc="210,10,360,10,272,-30,148,10" hai0="2,6,11,16,19,25,28,34,55,60" hai1="46,50,53,72,74,75,79,82,86,101,104,116,117" hai3="17,24,59,62,67,80,85,89,125,126" /><INIT seed="1,2,1,4,3,130" ten="220,370,242,158" oya="1" hai0="18,39,12,14,24,110,85,44,53,126,42,29,72" hai1="61,124,108,96,38,69,6,89,10,77,63,54,31" hai2="59,68,8,41,30,91,86,135,102,56,4,52,76" hai3="26,35,121,47,36,92,123,22,50,117,132,88,34"/><U64/><E124/><V62/><F102/><W87/><G36/><T73/><D126/><U79/><E38/><V48/><F68/><W80/><G117/><T74/><D110/><U118/><E118/><V71/><F71/><W81/><G35/><T82/><D53/><U57/><E108/><V37/><F30/><W15/><G34/><T97/><D97/><U58/><E31/><V75/><F75/><W84/><G15/><T112/><D112/><U65/><E89/><V33/><F33/><W109/><G109/><T60/><D60/><U90/><E54/><V104/><F104/><W83/><G87/><T78/><REACH who="0" step="1"/><D18/><REACH who="0" ten="210,370,242,158" step="2"/><U1/><REACH who="1" step="1"/><E69/><REACH who="1" ten="210,360,242,158" step="2"/><V45/><F52/><W67/><G67/><T114/><D114/><U20/><E20/><AGARI ba="2,3" hai="12,14,20,24,29,39,42,44,72,73,74,78,82,85" machi="20" ten="40,2600,0" yaku="1,1,53,1" doraHai="130" doraHaiUra="70" who="0" fromWho="1" sc="210,62,360,-32,242,0,158,0" /><INIT seed="2,0,0,4,5,49" ten="272,328,242,158" oya="2" hai0="28,7,2,121,43,18,24,40,16,103,90,46,55" hai1="100,8,54,15,53,76,32,135,51,9,37,4,130" hai2="6,133,94,48,17,111,52,84,122,80,30,93,88" hai3="64,31,113,116,105,79,25,77,102,21,109,124,106"/><V89/><F133/><W73/><G116/><T27/><D121/><U11/><E37/><V91/><F122/><W19/><G109/><T114/><D114/><U87/><E135/><V72/><F111/><W112/><G124/><T115/><D115/><N who="3" m="44105" /><G64/><T117/><D117/><U23/><E32/><V119/><F119/><W66/><G66/><T78/><D103/><U44/><E130/><V82/><F30/><W67/><G67/><T104/><D104/><N who="3" m="40041" /><G102/><T92/><D78/><N who="3" m="29705" /><G73/><T85/><D2/><U5/><E100/><V127/><F127/><W39/><G39/><T60/><D7/><N who="1" m="2635" /><E53/><V125/><F125/><W123/><G123/><T56/><D27/><U129/><E129/><V131/><F131/><W108/><G108/><T26/><D24/><U86/><E76/><V59/><F72/><W132/><G132/><T10/><D10/><N who="1" m="4203" /><E23/><V1/><F6/><AGARI ba="0,0" hai="6,11,15,44,51,54,86,87" m="4203,2635" machi="6" ten="30,2000,0" yaku="8,1,52,1" doraHai="49" who="1" fromWho="2" sc="272,0,328,20,242,-20,158,0" /><INIT seed="3,0,0,5,0,87" ten="272,348,222,158" oya="3" hai0="89,67,61,25,72,110,27,39,28,14,33,124,58" hai1="111,69,107,64,68,115,71,13,46,59,34,60,73" hai2="55,122,77,117,8,38,48,44,43,7,32,83,80" hai3="127,75,81,15,24,2,102,70,105,29,22,118,16"/><W42/><G118/><T129/><D110/><U3/><E3/><V90/><F117/><W114/><G114/><T1/><D129/><U94/><E107/><V6/><F122/><W101/><G127/><T65/><D124/><U91/><E115/><V128/><F32/><W36/><G2/><T17/><D72/><U62/><E111/><V133/><F128/><W76/><G70/><T86/><D39/><U132/><E132/><V134/><F83/><W82/><G105/><T0/><D27/><U35/><E73/><V92/><F80/><W126/><G126/><T56/><D67/><U30/><E30/><V120/><F77/><W98/><G82/><T31/><D58/><U84/><E60/><V41/><F120/><W131/><G131/><T108/><D31/><U123/><E123/><V11/><F11/><W57/><G57/><T23/><D108/><U37/><REACH who="1" step="1"/><E13/><REACH who="1" ten="272,338,222,158" step="2"/><V10/><F134/><W40/><G36/><T4/><D0/><U95/><E95/><V100/><F133/><W116/><G116/><T93/><D1/><U50/><E50/><V9/><F38/><W121/><G121/><T74/><D74/><U99/><E99/><V103/><F6/><W21/><REACH who="3" step="1"/><G98/><REACH who="3" ten="272,338,222,148" step="2"/><T96/><D96/><U49/><E49/><V63/><F7/><W78/><G78/><T109/><D109/><U52/><E52/><V97/><F63/><W19/><G19/><T53/><D4/><U104/><E104/><V130/><REACH who="2" step="1"/><F130/><REACH who="2" ten="272,338,212,148" step="2"/><W85/><G85/><T112/><D112/><U5/><E5/><V79/><F79/><W66/><G66/><T119/><D65/><RYUUKYOKU ba="0,3" sc="272,0,338,0,212,0,148,0" hai0="14,17,23,25,28,33,53,56,61,86,89,93,119" hai1="34,35,37,46,59,62,64,68,69,71,84,91,94" hai2="8,9,10,41,43,44,48,55,90,92,97,100,103" hai3="15,16,21,22,24,29,40,42,75,76,81,101,102" /><INIT seed="3,1,3,0,1,61" ten="272,338,212,148" oya="3" hai0="127,85,79,53,41,115,132,81,125,113,47,52,8" hai1="11,65,128,72,12,99,6,58,67,93,105,108,103" hai2="32,38,118,96,17,92,2,109,35,82,0,10,3" hai3="129,54,123,75,14,30,116,15,94,24,19,84,23"/><W69/><G123/><T97/><D132/><U7/><E108/><V16/><F118/><W60/><G116/><T29/><D29/><U102/><E128/><V91/><F38/><W55/><G75/><T98/><D8/><U95/><E72/><V31/><F109/><W20/><G129/><T21/><D21/><U26/><E6/><V87/><F31/><W57/><G69/><T104/><D98/><N who="1" m="59727" /><E105/><V76/><REACH who="2" step="1"/><F10/><REACH who="2" ten="272,338,202,148" step="2"/><W71/><G71/><T73/><D113/><U56/><E26/><V45/><F45/><W59/><G14/><T106/><D115/><U64/><AGARI ba="1,4" hai="7,11,12,56,58,64,65,67,95,99,103" m="59727" machi="64" ten="30,7900,0" yaku="8,1,52,3" doraHai="61" who="1" fromWho="1" sc="272,-21,338,122,202,-21,148,-40" /><INIT seed="4,0,0,5,3,9" ten="251,460,181,108" oya="0" hai0="46,33,116,106,89,117,132,39,94,31,28,113,43" hai1="91,42,25,44,48,6,76,57,86,98,45,77,52" hai2="11,93,72,79,87,130,22,29,123,41,16,125,105" hai3="10,8,119,81,82,114,38,121,62,78,96,12,15"/><T54/><D106/><U58/><E6/><V18/><F123/><W37/><G119/><T111/><D113/><U128/><E128/><V19/><F105/><W112/><G96/><T23/><D132/><U84/><E98/><V85/><F130/><W100/><G62/><T110/><D33/><U34/><E34/><V102/><F125/><W83/><G78/><T118/><D54/><U92/><E25/><N who="2" m="16567" /><F72/><W0/><G83/><T59/><D59/><U108/><E108/><N who="0" m="41513" /><D23/><U61/><E84/><AGARI ba="0,0" hai="28,31,39,43,46,84,89,94,116,117,118" m="41513" machi="84" ten="40,2000,0" yaku="10,1" doraHai="9" who="0" fromWho="1" sc="251,20,460,-20,181,0,108,0" /><INIT seed="4,1,0,5,4,101" ten="271,440,181,108" oya="0" hai0="55,68,110,51,119,117,60,90,44,19,66,86,97" hai1="61,16,26,23,10,107,78,120,133,87,53,106,45" hai2="9,29,135,38,17,99,82,124,3,14,67,95,91" hai3="54,6,96,81,37,57,85,130,20,43,84,63,13"/><T108/><D19/><U102/><E120/><V131/><F38/><W113/><G113/><T69/><D97/><U98/><E133/><V34/><F135/><W18/><G130/><T58/><D90/><U50/><E61/><V47/><F131/><W28/><G37/><T11/><D11/><U49/><E10/><V48/><F124/><W122/><G122/><T62/><D86/><U118/><E118/><V2/><F67/><W76/><G43/><N who="0" m="24991" /><D69/><U128/><E128/><V103/><F34/><W77/><G96/><T74/><D74/><U39/><E39/><V121/><F121/><W126/><G126/><T56/><D58/><U8/><E8/><V64/><F64/><W36/><G36/><T41/><D41/><U35/><E35/><V123/><F29/><W22/><G6/><T15/><D15/><U79/><E106/><V115/><F115/><W0/><G0/><T92/><D92/><U109/><E50/><V70/><F70/><W88/><REACH who="3" step="1"/><G84/><REACH who="3" ten="271,440,181,98" step="2"/><T21/><D21/><U125/><E125/><V116/><F123/><W89/><G89/><T80/><D119/><U30/><E109/><V12/><F116/><W7/><G7/><T132/><D132/><U5/><E5/><V93/><F2/><W52/><G52/><T65/><D117/><U4/><E4/><V24/><F3/><W1/><G1/><T134/><D134/><U59/><E87/><V104/><F91/><W129/><G129/><T127/><D127/><U112/><E112/><V40/><F99/><W31/><G31/><T72/><D55/><N who="1" m="32239" /><E30/><V46/><F40/><W42/><G42/><RYUUKYOKU ba="1,1" sc="271,10,440,10,181,-30,98,10" hai0="56,60,62,65,66,68,72,80,108,110" hai1="16,23,26,45,53,78,79,98,102,107" hai3="13,18,20,22,28,54,57,63,76,77,81,85,88" /><INIT seed="4,2,1,1,2,84" ten="281,450,151,108" oya="0" hai0="130,72,85,77,110,11,67,24,78,133,128,48,54" hai1="92,60,108,98,26,88,51,106,44,59,9,129,112" hai2="31,52,12,134,66,56,41,37,33,104,36,102,15" hai3="25,27,29,49,132,91,8,75,35,135,19,2,113"/><T16/><D133/><N who="3" m="51273" /><G75/><T18/><D110/><U82/><E108/><V21/><F134/><W117/><G49/><T32/><D72/><U107/><E129/><N who="0" m="49769" /><D67/><U115/><E9/><V127/><F33/><W131/><G117/><T103/><D103/><U76/><E26/><V89/><F66/><W118/><G131/><T124/><D124/><U96/><E59/><V93/><F127/><W119/><G113/><N who="1" m="43594" /><E60/><V55/><F31/><W69/><G69/><T5/><D32/><U126/><E96/><V65/><F65/><W1/><G19/><N who="0" m="7211" /><D24/><U111/><E111/><V94/><F102/><W95/><G27/><T13/><D85/><N who="1" m="48327" /><E126/><V122/><F122/><W63/><G1/><T114/><D114/><U28/><E28/><V123/><F123/><W125/><G125/><T120/><D120/><U46/><E46/><AGARI ba="2,1" hai="5,11,13,46,48,54,77,78" m="7211,49769" machi="46" ten="30,2900,0" yaku="19,1,54,1" doraHai="84" who="0" fromWho="1" sc="281,45,450,-35,151,0,108,0" /><INIT seed="4,3,0,2,2,35" ten="326,415,151,108" oya="0" hai0="67,7,26,42,50,125,132,75,71,24,103,58,59" hai1="18,121,122,9,77,29,101,19,127,102,27,49,10" hai2="93,61,43,5,115,2,31,112,39,111,88,46,117" hai3="62,41,108,36,90,0,15,16,123,106,104,107,30"/><T3/><D75/><U119/><E49/><V135/><F111/><W6/><G108/><T33/><D132/><U110/><E110/><V21/><F135/><W95/><G123/><T130/><D130/><U126/><E77/><V109/><F109/><W54/><G30/><T13/><D125/><N who="1" m="47627" /><E101/><V96/><F117/><W79/><G79/><T76/><D76/><U114/><E102/><V124/><F124/><W73/><G73/><T28/><D103/><U55/><E55/><V20/><F61/><W47/><G54/><T105/><D105/><U133/><E114/><N who="2" m="43563" /><F31/><W128/><G62/><T68/><D59/><U17/><E119/><V98/><F98/><W92/><G128/><T65/><D71/><U40/><E40/><V8/><AGARI ba="3,0" hai="2,5,8,20,21,39,43,46,88,93,96" m="43563" machi="8" ten="30,4000,0" yaku="15,1,52,1,54,1" doraHai="35" who="2" fromWho="2" sc="326,-23,415,-13,151,49,108,-13" /><INIT seed="5,0,0,2,1,87" ten="303,402,200,95" oya="1" hai0="112,131,106,12,103,21,42,48,132,113,57,24,121" hai1="104,13,22,86,18,91,88,68,16,124,63,72,82" hai2="125,66,39,79,126,111,50,102,115,20,78,130,33" hai3="27,129,119,52,96,118,84,92,4,65,38,46,59"/><U93/><E104/><V117/><F117/><W31/><G129/><T90/><D131/><U105/><E105/><V97/><F111/><W76/><G4/><T133/><D121/><U134/><E134/><N who="0" m="51817" /><D103/><U36/><E36/><V35/><F130/><W3/><G3/><T83/><D12/><U116/><E116/><V120/><F120/><W54/><G118/><T45/><D57/><U1/><E1/><V71/><F39/><W56/><G119/><T8/><D8/><U37/><E37/><V55/><F115/><W34/><G65/><T122/><D106/><U0/><E0/><V99/><F66/><W67/><G67/><T40/><D40/><U61/><E68/><V49/><F20/><W70/><G70/><T5/><D5/><U60/><E124/><V47/><F71/><W6/><G6/><T7/><D7/><U128/><E128/><V94/><F47/><W114/><G114/><T10/><D10/><N who="1" m="6199" /><E72/><V81/><F102/><W85/><G76/><T32/><D32/><U15/><E61/><V53/><F94/><W109/><G109/><T30/><D122/><U135/><E135/><V107/><F107/><W64/><G64/><T75/><D75/><U11/><E11/><V19/><F19/><W23/><G34/><T80/><D113/><U17/><E18/><V9/><F9/><W2/><G2/><T25/><D112/><U41/><E41/><V101/><F101/><N who="3" m="60551" /><G38/><T77/><D30/><U89/><E89/><V62/><F62/><N who="3" m="36103" /><G59/><T123/><D123/><U43/><E43/><V28/><F28/><W108/><G108/><T69/><D69/><RYUUKYOKU ba="0,0" sc="303,-30,402,10,200,10,95,10" hai1="15,17,22,60,63,82,86,88,91,93" hai2="33,35,49,50,53,55,78,79,81,97,99,125,126" hai3="23,27,31,46,54,84,85" /><INIT seed="5,1,0,2,1,49" ten="273,412,210,105" oya="1" hai0="66,5,94,67,31,112,47,10,110,106,68,103,97" hai1="37,8,38,15,104,83,116,19,6,55,85,43,130" hai2="58,36,96,70,12,52,80,62,76,26,122,93,63" hai3="3,124,22,99,20,50,65,135,57,120,109,77,87"/><U108/><E116/><V56/><F122/><W13/><G109/><T4/><D110/><U92/><E108/><V123/><F123/><W40/><G120/><T42/><D112/><U51/><E104/><V18/><F36/><W75/><G3/><T14/><D4/><U102/><E43/><V134/><F134/><W45/><G135/><T64/><D31/><U41/><E41/><V129/><F129/><W33/><G33/><T59/><D68/><U113/><E113/><V30/><F70/><W0/><G0/><T74/><D74/><U21/><E102/><V115/><F115/><W126/><G75/><T121/><D121/><U118/><E92/><V23/><F80/><W25/><G99/><T100/><D100/><U54/><E54/><N who="2" m="34071" /><F76/><W117/><G117/><T60/><REACH who="0" step="1"/><D106/><REACH who="0" ten="263,412,210,105" step="2"/><U98/><E118/><V114/><F114/><W88/><G126/><T101/><D101/><U28/><E28/><V131/><F131/><W119/><G124/><T39/><AGARI ba="1,1" hai="5,10,14,39,42,47,59,60,64,66,67,94,97,103" machi="39" ten="20,2700,0" yaku="1,1,0,1,7,1,53,0" doraHai="49" doraHaiUra="111" who="0" fromWho="0" sc="263,40,412,-14,210,-8,105,-8" /><INIT seed="6,0,0,4,5,116" ten="303,398,202,97" oya="2" hai0="106,7,64,120,50,44,4,115,122,66,14,65,89" hai1="96,13,67,125,126,59,51,9,10,45,23,107,30" hai2="56,127,103,61,95,46,93,55,76,119,121,18,53" hai3="82,43,117,90,29,108,17,129,98,35,8,31,114"/><V26/><F119/><W52/><G117/><T12/><D106/><U71/><E71/><V131/><F127/><N who="1" m="48649" /><E67/><V110/><F131/><W27/><G108/><T36/><D36/><U91/><E59/><V128/><F128/><W48/><G129/><T123/><D115/><U0/><E0/><V3/><F3/><W134/><G134/><T72/><D72/><U34/><E34/><V87/><F110/><W69/><G69/><T83/><D83/><U102/><E91/><V124/><F124/><W113/><G43/><T70/><D89/><U47/><E51/><V86/><F121/><W24/><G17/><T132/><D70/><U1/><E1/><V57/><F46/><N who="1" m="17417" /><E13/><V105/><F105/><W63/><G63/><T41/><REACH who="0" step="1"/><D132/><REACH who="0" ten="293,398,202,97" step="2"/><U104/><E107/><V6/><F76/><W28/><G82/><T109/><D109/><U11/><E102/><V85/><F103/><W100/><G90/><T33/><D33/><U77/><E104/><V20/><REACH who="2" step="1"/><F6/><AGARI ba="0,1" hai="4,6,7,12,14,41,44,50,64,65,66,120,122,123" machi="6" ten="50,8000,1" yaku="1,1,52,3,53,0" doraHai="116" doraHaiUra="84" who="0" fromWho="2" sc="293,90,398,0,202,-80,97,0" /><INIT seed="7,0,0,1,1,23" ten="383,398,122,97" oya="3" hai0="18,116,110,134,64,108,83,80,26,101,69,104,78" hai1="66,84,27,97,52,130,126,29,74,95,44,91,20" hai2="46,120,81,15,76,122,17,5,70,86,19,119,28" hai3="100,94,113,129,54,4,85,77,56,71,59,61,117"/><W9/><G117/><T109/><D116/><U55/><E74/><V127/><F119/><W125/><G113/><T36/><D134/><U25/><E130/><V30/><F127/><W14/><G125/><T92/><D36/><U58/><E126/><V48/><F70/><W49/><G71/><T38/><D38/><U105/><E105/><V39/><F39/><W132/><G132/><T24/><D104/><U72/><E72/><V89/><F5/><W93/><G129/><T57/><D69/><U53/><E44/><V107/><F107/><W45/><G59/><T75/><D83/><N who="1" m="49567" /><E27/><V42/><F76/><W11/><G11/><T41/><D41/><U96/><E95/><V135/><F135/><W112/><G112/><T68/><D68/><U10/><E10/><N who="2" m="6391" /><F19/><W37/><G37/><T123/><D123/><AGARI ba="0,0" hai="28,30,42,46,48,81,86,89,120,122,123" m="6391" machi="123" ten="30,1000,0" yaku="13,1" doraHai="23" who="2" fromWho="0" sc="383,-10,398,0,122,10,97,0" owari="373,17.3,398,49.8,132,-26.8,97,-40.3" /></mjloggm>