<mjloggm ver="2.3"><GO type="169" lobby="0"/><UN n0="%E5%AD%A4%E7%8B%AC%E6%82%A3%E8%80%85" n1="%E3%83%8A%E3%82%B4%E3%83%A0" n2="%E7%B4%AB%E3%81%AE%E9%8F%A1" n3="%67%61%79%75%6E%79" dan="16,18,17,17" rate="2062.40,2242.49,2152.26,2203.11" sx="F,M,M,M"/><TAIKYOKU oya="0"/><INIT seed="0,0,0,4,5,19" ten="250,250,250,250" oya="0" hai0="127,114,14,18,93,1,78,28,82,119,0,57,63" hai1="75,8,90,26,9,72,116,122,110,46,42,17,113" hai2="66,71,64,31,60,86,35,115,104,49,134,16,101" hai3="85,5,52,70,106,95,25,81,4,73,128,20,41"/><T44/><D114/><U79/><E116/><V68/><F115/><W126/><G106/><T102/><D119/><U84/><E113/><V30/><F134/><W107/><G107/><T129/><D129/><U53/><E122/><V55/><F35/><W80/><G70/><T76/><D127/><U45/><E110/><V61/><F86/><W43/><G73/><T99/><D28/><U10/><E53/><V117/><F117/><W74/><G74/><T51/><D1/><U69/><E69/><V96/><REACH who="2" step="1"/><F16/><REACH who="2" ten="250,250,240,250" step="2"/><N who="3" m="12423" /><G128/><T131/><D131/><U100/><E75/><V67/><F67/><W58/><G126/><T118/><D118/><U65/><E65/><V37/><F37/><W124/><G124/><T11/><D82/><N who="3" m="31849" /><G5/><T15/><D0/><U112/><E72/><V97/><F97/><W12/><G85/><T38/><D38/><U33/><E84/><V13/><F13/><W36/><G36/><T105/><D15/><U111/><E33/><V89/><F89/><W133/><G133/><T123/><D123/><U87/><E87/><V56/><AGARI ba="0,1" hai="30,31,49,55,56,60,61,64,66,68,71,96,101,104" machi="56" ten="20,5200,0" yaku="1,1,0,1,7,1,9,1,53,0" doraHai="19" doraHaiUra="83" who="2" fromWho="2" sc="250,-26,250,-13,240,62,250,-13" /><INIT seed="1,0,0,3,4,91" ten="224,237,302,237" oya="1" hai0="110,1,5,66,62,100,63,3,11,114,22,134,52" hai1="42,120,125,107,34,13,61,86,57,26,97,132,112" hai2="123,18,127,84,115,50,71,131,69,87,93,47,37" hai3="12,99,83,49,25,38,60,129,46,98,105,70,81"/><U43/><E112/><V80/><F123/><W79/><G38/><T65/><D114/><U95/><E120/><V122/><F122/><W33/><G105/><T36/><D36/><U124/><E107/><V96/><F115/><W77/><G70/><T23/><D110/><U41/><E86/><V6/><F37/><W85/><G129/><T73/><D73/><U45/><E132/><V48/><F131/><W14/><G60/><T92/><D134/><U130/><E130/><V74/><F127/><N who="1" m="48713" /><E13/><V119/><F119/><W126/><G126/><T75/><D75/><U58/><E45/><V16/><F6/><W21/><G33/><T4/><D100/><N who="1" m="60479" /><E61/><V15/><F74/><W64/><G12/><T116/><D116/><U113/><E113/><V24/><F84/><N who="3" m="48175" /><G14/><T40/><D11/><U30/><AGARI ba="0,0" hai="26,30,34,41,42,43,57,58" m="60479,48713" machi="30" ten="40,3900,0" yaku="18,1,52,1" doraHai="91" who="1" fromWho="1" sc="224,-13,237,39,302,-13,237,-13" /><INIT seed="1,1,0,1,1,120" ten="211,276,289,224" oya="1" hai0="64,129,5,92,32,77,123,132,79,63,11,126,70" hai1="131,47,104,95,19,100,35,25,91,2,103,111,96" hai2="86,117,112,66,102,45,62,51,68,113,89,24,1" hai3="124,118,14,0,74,130,4,78,65,27,31,107,119"/><U8/><E131/><V29/><F117/><W106/><G0/><T59/><D123/><U128/><E128/><V6/><F102/><W18/><G4/><T116/><D116/><N who="3" m="44585" /><G65/><T41/><D129/><U99/><E47/><V38/><F38/><W125/><G130/><T49/><D32/><U39/><E39/><V23/><F6/><W83/><G14/><T46/><D132/><U72/><E72/><V73/><F1/><W133/><G18/><T53/><D126/><N who="3" m="48745" /><G133/><T57/><D57/><U17/><E103/><V13/><F13/><W58/><G58/><T56/><D56/><U10/><E2/><V54/><REACH who="2" step="1"/><F73/><REACH who="2" ten="211,276,279,224" step="2"/><W40/><G40/><T127/><D127/><U93/><E100/><V82/><AGARI ba="1,1" hai="23,24,29,45,51,54,62,66,68,82,86,89,112,113" machi="82" ten="30,7900,0" yaku="1,1,2,1,0,1,53,1" doraHai="120" doraHaiUra="16" who="2" fromWho="2" sc="211,-21,276,-40,279,92,224,-21" /><INIT seed="2,0,0,1,5,3" ten="190,236,371,203" oya="2" hai0="62,46,124,17,5,106,52,44,33,22,100,42,18" hai1="36,108,19,117,49,57,119,114,87,72,94,73,71" hai2="68,32,8,47,0,50,130,45,55,132,116,93,118" hai3="131,67,76,63,113,6,129,20,64,105,37,1,92"/><V123/><F123/><W23/><G105/><T27/><D124/><U30/><E49/><V135/><F32/><W80/><G37/><T41/><D33/><U4/><E57/><V84/><F84/><W83/><G92/><T111/><D111/><U58/><E58/><V127/><F93/><W101/><G101/><T96/><D18/><U7/><E19/><V51/><F8/><W34/><G34/><T109/><D109/><U115/><E94/><V26/><F0/><W120/><G120/><T112/><D112/><N who="1" m="43051" /><E87/><V86/><F26/><W125/><G125/><T10/><D62/><U40/><E36/><V74/><F86/><W53/><G53/><T126/><D126/><U12/><E108/><V43/><F74/><N who="1" m="28777" /><E40/><V59/><F127/><W69/><G113/><T70/><D70/><U133/><E71/><V56/><F68/><W13/><G69/><T90/><D90/><U122/><E12/><V29/><F29/><W38/><G13/><T81/><D81/><U14/><E14/><V95/><F95/><W91/><G38/><T24/><D24/><U28/><E133/><V103/><F103/><W15/><G15/><N who="0" m="5583" /><D52/><U54/><E54/><V134/><F55/><W39/><G39/><T88/><D88/><U82/><E82/><V65/><F135/><W66/><G91/><T121/><D121/><U104/><E104/><V128/><F43/><W75/><G83/><T9/><D9/><U35/><E122/><V102/><F102/><W2/><G63/><T85/><D85/><U79/><E35/><V16/><F16/><W60/><G60/><T25/><D25/><RYUUKYOKU ba="0,0" sc="190,15,236,-15,371,15,203,-15" hai0="17,22,27,41,42,44,46,96,100,106" hai2="45,47,50,51,56,59,65,116,118,128,130,132,134" /><INIT seed="2,1,0,1,2,30" ten="205,221,386,188" oya="2" hai0="131,78,40,104,36,119,19,24,99,113,63,121,65" hai1="84,128,124,44,96,33,126,31,74,60,100,53,93" hai2="57,43,97,110,106,16,115,58,86,9,54,21,98" hai3="28,34,79,89,68,122,73,6,1,69,15,92,11"/><V4/><F115/><W32/><G122/><T67/><D121/><U130/><E53/><V72/><F72/><W109/><G109/><T35/><D113/><U118/><E44/><V127/><F127/><N who="1" m="48681" /><E60/><V45/><F110/><W42/><G42/><T77/><D131/><N who="1" m="50219" /><E31/><V59/><F106/><W22/><G79/><T125/><D119/><U123/><E123/><V47/><F86/><W82/><G82/><T51/><D36/><U133/><E33/><V107/><F107/><W27/><G73/><T95/><D104/><N who="1" m="63495" /><E74/><V8/><F54/><W76/><G76/><T10/><D125/><U116/><E133/><V56/><F56/><W18/><REACH who="3" step="1"/><G34/><REACH who="3" ten="205,221,386,178" step="2"/><T55/><D35/><U112/><E112/><V108/><F43/><W17/><G17/><T41/><D41/><U62/><E62/><V87/><F16/><W103/><G103/><N who="0" m="60927" /><D40/><U105/><E105/><V12/><F108/><W39/><G39/><T48/><D63/><U88/><AGARI ba="1,1" hai="84,88,93,116,118" m="63495,50219,48681" machi="88" ten="40,8000,1" yaku="18,1,19,1,34,2,54,1" doraHai="30" who="1" fromWho="1" sc="205,-21,221,93,386,-41,178,-21" /><INIT seed="3,0,0,4,5,84" ten="184,314,345,157" oya="3" hai0="132,53,9,42,50,20,118,112,14,82,48,102,47" hai1="114,23,43,22,97,63,85,29,19,21,15,40,89" hai2="77,51,5,28,37,4,69,34,107,113,1,83,7" hai3="60,75,71,74,44,55,12,17,99,0,117,65,68"/><W100/><G0/><T111/><D111/><U116/><E114/><V88/><F37/><W131/><G117/><T128/><D128/><U31/><E116/><V58/><F69/><W45/><G71/><T46/><D132/><U94/><E63/><V124/><F113/><W8/><G131/><T52/><D118/><U11/><REACH who="1" step="1"/><E97/><REACH who="1" ten="184,304,345,157" step="2"/><V80/><F124/><W103/><G103/><T38/><D112/><U129/><E129/><V109/><F109/><W30/><G30/><AGARI ba="0,1" hai="11,15,19,21,22,23,29,30,31,40,43,85,89,94" machi="30" ten="40,5200,0" yaku="1,1,8,1,52,1,53,0" doraHai="84" doraHaiUra="96" who="1" fromWho="3" sc="184,0,304,62,345,0,157,-52" /><INIT seed="4,0,0,0,5,33" ten="184,366,345,105" oya="0" hai0="80,88,19,32,127,28,132,38,9,5,58,60,107" hai1="90,24,135,96,20,45,69,8,7,120,131,97,85" hai2="71,126,51,44,81,6,93,36,106,108,50,74,13" hai3="129,117,91,86,56,79,67,112,119,115,76,11,68"/><T18/><D127/><U1/><E120/><V29/><F108/><W134/><G68/><T113/><D113/><N who="3" m="43593" /><G11/><T89/><D132/><U31/><E131/><V124/><F106/><W22/><G22/><T99/><D38/><U105/><E135/><V123/><F123/><W130/><G56/><T17/><D32/><U101/><E69/><V103/><F71/><W23/><G23/><T54/><D28/><U92/><E45/><V3/><F29/><W84/><G67/><T59/><D80/><U64/><E64/><V77/><F13/><W2/><G2/><T34/><D34/><U73/><E73/><V35/><F35/><W30/><G30/><T15/><D107/><U41/><E41/><N who="2" m="22567" /><F103/><W114/><N who="3" m="43601" /><W43/><DORA hai="26" /><G43/><T121/><D121/><U65/><REACH who="1" step="1"/><E65/><REACH who="1" ten="184,356,345,105" step="2"/><V128/><F128/><N who="3" m="49259" /><G134/><T70/><D70/><U0/><E0/><V52/><F3/><W116/><G86/><AGARI ba="0,1" hai="1,7,8,20,24,31,85,86,90,92,96,97,101,105" machi="86" ten="40,8000,1" yaku="1,1,52,2,53,2" doraHai="33,26" doraHaiUra="133,82" who="1" fromWho="3" sc="184,0,356,90,345,0,105,-80" /><INIT seed="5,0,0,0,2,44" ten="184,446,345,25" oya="1" hai0="68,120,89,5,50,25,75,77,112,116,129,66,21" hai1="123,11,43,81,110,84,92,128,34,76,69,45,19" hai2="27,126,42,28,1,125,37,2,97,3,16,121,22" hai3="114,31,91,87,62,46,10,117,26,41,67,14,36"/><U96/><E123/><V51/><F37/><W33/><G114/><T134/><D116/><U94/><E34/><V72/><F72/><W63/><G117/><T7/><D112/><U115/><E115/><V70/><F70/><W101/><G101/><T38/><D38/><U24/><E69/><V107/><F121/><W78/><G78/><T40/><D129/><U85/><E128/><V4/><F107/><W124/><G124/><N who="2" m="47721" /><F97/><W6/><REACH who="3" step="1"/><G67/><REACH who="3" ten="184,446,345,15" step="2"/><T53/><D66/><U60/><E76/><V29/><F4/><W95/><AGARI ba="0,1" hai="6,10,14,26,31,33,36,41,46,62,63,87,91,95" machi="95" ten="20,5200,0" yaku="1,1,2,1,0,1,7,1,53,0" doraHai="44" doraHaiUra="74" who="3" fromWho="3" sc="184,-13,446,-26,345,-13,15,62" /><INIT seed="6,0,0,2,4,77" ten="171,420,332,77" oya="2" hai0="92,105,20,102,63,2,27,36,127,120,107,94,53" hai1="85,14,89,69,57,10,116,58,68,90,15,76,24" hai2="46,1,132,80,26,6,71,31,4,19,93,95,88" hai3="44,130,126,79,133,56,45,12,55,75,37,3,117"/><V87/><F132/><W39/><G3/><T50/><D2/><U104/><E104/><V114/><F71/><W112/><G79/><T111/><D111/><U67/><E76/><V125/><F114/><W121/><G12/><T30/><D36/><N who="3" m="13897" /><G75/><T49/><D127/><U9/><E67/><V101/><F125/><W124/><G121/><T98/><D120/><U62/><E62/><V122/><F122/><W65/><G117/><T22/><D105/><U60/><E60/><V113/><F113/><W70/><G112/><T119/><D119/><U40/><E40/><V42/><F19/><W66/><G133/><T129/><D129/><U84/><E24/><V16/><F1/><W17/><G17/><T34/><D63/><U52/><E52/><V83/><F31/><W110/><G110/><T86/><D50/><U128/><E116/><V135/><F135/><W32/><G32/><T134/><D134/><U106/><E106/><V72/><F72/><W18/><G18/><T48/><D48/><U7/><E128/><V81/><F42/><W109/><G130/><T64/><D64/><N who="3" m="24681" /><G70/><T59/><D107/><U43/><E43/><V99/><F46/><N who="3" m="18027" /><G109/><T131/><D131/><U23/><E23/><AGARI ba="0,0" hai="4,6,16,23,26,80,81,83,87,88,93,95,99,101" machi="23" ten="40,18000,2" yaku="8,1,52,3,54,2" doraHai="77" who="2" fromWho="1" sc="171,0,420,-180,332,180,77,0" /><INIT seed="6,1,0,4,1,43" ten="171,240,512,77" oya="2" hai0="86,39,78,40,17,99,38,4,34,126,16,120,81" hai1="88,128,67,69,130,27,28,65,93,60,115,62,29" hai2="72,49,95,14,90,134,15,75,103,57,117,94,6" hai3="44,53,106,61,129,63,26,135,105,87,50,42,41"/><V92/><F117/><W104/><G135/><T119/><D120/><U23/><E115/><V96/><F134/><W19/><G129/><T89/><D34/><U124/><E124/><V77/><F6/><W83/><G42/><T25/><D126/><U121/><E121/><V113/><F113/><W52/><G63/><T122/><D122/><U74/><E74/><V46/><F72/><W107/><N who="3" m="26624" /><DORA hai="20" /><W3/><G3/><T31/><D119/><U37/><E37/><V125/><F125/><W85/><G61/><T55/><D4/><U100/><E100/><V33/><F33/><W116/><G116/><T114/><D114/><U98/><REACH who="1" step="1"/><E29/><REACH who="1" ten="171,230,512,77" step="2"/><V1/><F75/><W132/><G132/><T109/><D109/><U64/><E64/><V101/><F101/><W123/><G123/><T118/><D118/><U111/><E111/><V18/><F103/><W12/><G26/><T66/><D66/><U133/><E133/><V79/><F96/><W68/><G68/><AGARI ba="1,1" hai="23,27,28,60,62,65,67,68,69,88,93,98,128,130" machi="68" ten="40,12000,2" yaku="1,1,9,1,52,1,54,1,53,2" doraHai="43,20" doraHaiUra="56,108" who="1" fromWho="3" sc="171,0,230,133,512,0,77,-123" owari="171,-22.9,363,16.3,512,61.2,-46,-54.6" /></mjloggm>