<mjloggm ver="2.3"><GO type="169" lobby="0"/><UN n0="%E3%83%9E%E3%83%BC%E3%83%9C%E3%82%A6" n1="%52%59%4F%40%53%53" n2="%65%76%31%36%33%38%34" n3="%E3%82%8A%E3%82%87%E3%81%91%E3%81%99" dan="16,17,17,17" rate="2114.66,2229.49,2144.48,2169.30" sx="M,M,M,M"/><TAIKYOKU oya="0"/><INIT seed="0,0,0,1,0,99" ten="250,250,250,250" oya="0" hai0="132,0,58,33,50,68,38,100,86,44,81,64,123" hai1="110,30,97,21,102,73,127,49,125,129,118,94,112" hai2="19,93,37,98,89,24,15,25,27,103,29,70,88" hai3="124,91,20,78,105,31,56,52,113,106,75,108,34"/><T60/><D0/><U109/><E118/><V43/><F70/><W72/><G34/><T40/><D33/><U96/><E73/><V101/><F37/><W48/><G113/><T4/><D4/><U126/><E112/><V85/><F43/><W8/><G108/><N who="1" m="41578" /><E49/><V71/><F71/><W107/><G124/><T41/><D123/><U114/><E114/><V83/><REACH who="2" step="1"/><F29/><REACH who="2" ten="250,250,240,250" step="2"/><W36/><G36/><T95/><D38/><U111/><E111/><V7/><F7/><W66/><G31/><T87/><D68/><U92/><E129/><V57/><F57/><W69/><G69/><T16/><D16/><U54/><E30/><V79/><F79/><W128/><G78/><T122/><D122/><U135/><E135/><V14/><F14/><W104/><G128/><T47/><D132/><U17/><E17/><V131/><F131/><W12/><G12/><T61/><D58/><U84/><E54/><V26/><N who="2" m="6144" /><DORA hai="2" /><V121/><F121/><W67/><G56/><T63/><D41/><U32/><E32/><V9/><AGARI ba="0,1" hai="9,15,19,83,85,88,89,93,98,101,103" m="6144" machi="9" ten="40,12000,2" yaku="1,1,0,1,8,1,52,2,54,1,53,0" doraHai="99,2" doraHaiUra="39,18" who="2" fromWho="2" sc="250,-60,250,-30,240,130,250,-30" /><INIT seed="1,0,0,0,5,31" ten="190,220,370,220" oya="1" hai0="41,34,115,111,5,69,108,20,17,130,45,44,26" hai1="66,50,21,67,91,83,47,52,88,51,57,93,75" hai2="42,94,90,48,0,8,126,14,28,55,71,18,103" hai3="62,77,114,25,78,68,7,13,81,95,131,124,125"/><U128/><E128/><V38/><F71/><W22/><G114/><T113/><D69/><U10/><E75/><V43/><F126/><W102/><G131/><T80/><D80/><U30/><E10/><V112/><F112/><N who="0" m="43082" /><D45/><U40/><E30/><V39/><F39/><W19/><G102/><T9/><D44/><U123/><E21/><V85/><F38/><W121/><G95/><T60/><D60/><U65/><E123/><V129/><F129/><W32/><G121/><T135/><D41/><U3/><E3/><V100/><F0/><W72/><G78/><T49/><D49/><U53/><E83/><V104/><F28/><W117/><G117/><T73/><D73/><U106/><E106/><V46/><F104/><W74/><G74/><T89/><D89/><N who="1" m="34379" /><E93/><V107/><F107/><W110/><G68/><T29/><D130/><U127/><E127/><V63/><F63/><W11/><G62/><T59/><D59/><U58/><E58/><V92/><F103/><W6/><G125/><T37/><D37/><U133/><E133/><V105/><F105/><W2/><G124/><T56/><D56/><U98/><E98/><AGARI ba="0,0" hai="8,14,18,42,43,46,48,55,85,90,92,94,98,100" machi="98" ten="40,1300,0" yaku="8,1" doraHai="31" who="2" fromWho="1" sc="190,0,220,-13,370,13,220,0" /><INIT seed="2,0,0,1,3,67" ten="190,207,383,220" oya="2" hai0="83,112,107,52,53,100,26,75,130,31,13,29,131" hai1="93,22,60,40,135,2,63,33,95,71,28,105,43" hai2="41,76,14,79,133,86,58,49,117,9,103,62,115" hai3="132,68,21,122,111,118,56,91,73,24,66,15,25"/><V16/><F133/><W125/><G56/><T5/><D112/><U18/><E105/><V54/><F117/><W108/><G91/><T23/><D29/><U110/><E110/><V4/><F115/><W89/><G89/><T55/><D100/><U92/><E2/><V42/><F103/><W51/><G51/><T99/><D99/><U50/><E135/><V7/><F79/><W81/><G132/><T124/><D107/><U47/><E43/><V72/><F72/><W80/><G122/><T6/><D124/><U88/><E28/><V37/><F37/><W85/><G85/><T35/><D35/><U114/><E33/><V120/><F120/><W82/><G73/><T17/><D75/><U119/><E119/><V44/><F42/><W77/><G77/><T106/><D83/><AGARI ba="0,0" hai="4,7,9,14,16,41,44,49,54,58,62,76,83,86" machi="83" ten="40,3900,0" yaku="8,1,54,1" doraHai="67" who="2" fromWho="0" sc="190,-39,207,0,383,39,220,0" /><INIT seed="2,1,0,2,0,103" ten="151,207,422,220" oya="2" hai0="126,21,55,92,82,52,16,64,120,10,73,118,60" hai1="77,109,49,122,106,1,17,40,24,85,71,86,105" hai2="89,98,111,128,59,57,3,42,119,63,95,31,68" hai3="45,6,84,79,123,4,48,81,101,67,65,38,99"/><V62/><F119/><W83/><G38/><T76/><D120/><U131/><E122/><V34/><F3/><W44/><G45/><T23/><D126/><U13/><E71/><V87/><F128/><W113/><G113/><T75/><D118/><U130/><E1/><V33/><F111/><W133/><G133/><T121/><D121/><U107/><E24/><V72/><F72/><W110/><G110/><T134/><D75/><U69/><E69/><V108/><F42/><W37/><G37/><T56/><D134/><U43/><E109/><V94/><F108/><W50/><G50/><T46/><D92/><U12/><E77/><V25/><F34/><W100/><G100/><T41/><D10/><U74/><E74/><V70/><F59/><W124/><G124/><T90/><D90/><U26/><E26/><V2/><F63/><W112/><G112/><T104/><D104/><U91/><E49/><V125/><F2/><W93/><G81/><T53/><REACH who="0" step="1"/><D16/><REACH who="0" ten="141,207,422,220" step="2"/><U29/><E91/><V0/><F125/><W22/><G123/><T102/><D102/><U30/><E107/><V28/><F95/><W117/><G117/><T18/><D18/><AGARI ba="1,1" hai="12,13,17,18,29,30,40,43,85,86,105,106,130,131" machi="18" ten="25,6400,0" yaku="22,2,52,2" doraHai="103" who="1" fromWho="0" sc="141,-67,207,77,422,0,220,0" /><INIT seed="3,0,0,2,4,91" ten="74,284,422,220" oya="3" hai0="111,83,10,120,41,24,53,47,50,64,66,102,55" hai1="11,51,132,56,15,117,46,43,17,95,3,19,97" hai2="80,107,45,1,44,112,21,131,63,125,33,109,37" hai3="27,130,110,54,96,38,87,70,81,103,93,25,42"/><W5/><G130/><T104/><D120/><U89/><E132/><V75/><RYUUKYOKU type="yao9" ba="0,0" sc="74,0,284,0,422,0,220,0" hai2="1,21,33,37,44,45,63,75,80,107,109,112,125,131" /><INIT seed="3,1,0,1,4,51" ten="74,284,422,220" oya="3" hai0="81,124,97,105,104,93,91,22,115,4,122,131,28" hai1="48,42,8,117,3,85,73,75,60,111,59,37,18" hai2="62,118,43,84,27,26,65,9,5,7,41,36,64" hai3="109,10,53,77,112,98,103,67,44,102,17,13,133"/><W50/><G112/><T90/><D4/><U127/><E111/><V24/><F118/><W116/><G116/><T130/><D22/><U88/><E127/><V11/><F36/><W66/><G133/><T89/><D28/><U108/><E108/><V1/><F84/><W106/><G109/><T30/><D30/><U120/><E120/><V32/><F32/><W78/><REACH who="3" step="1"/><G103/><REACH who="3" ten="74,284,422,210" step="2"/><N who="0" m="60847" /><D122/><U129/><E117/><V12/><REACH who="2" step="1"/><F65/><AGARI ba="1,1" hai="10,13,17,44,50,53,65,66,67,77,78,98,102,106" machi="65" ten="40,7700,0" yaku="1,1,52,1,53,1" doraHai="51" doraHaiUra="47" who="3" fromWho="2" sc="74,0,284,0,422,-80,210,90" /><INIT seed="3,2,0,0,1,0" ten="74,284,342,300" oya="3" hai0="9,4,10,44,20,6,70,80,47,103,36,93,124" hai1="85,21,23,121,64,25,109,28,114,26,97,126,78" hai2="2,42,24,131,110,56,17,83,129,112,68,35,39" hai3="127,75,87,95,77,72,34,69,58,8,92,135,32"/><W45/><G69/><T101/><D70/><U1/><E114/><V116/><F68/><W102/><G127/><T40/><D124/><U90/><E126/><V76/><F112/><W55/><G135/><T88/><D80/><U38/><E38/><V51/><F51/><W130/><G130/><T107/><D107/><U46/><E109/><V108/><F56/><W115/><G115/><T33/><D33/><U12/><E1/><V41/><F2/><W5/><G45/><N who="0" m="17483" /><D40/><N who="2" m="15466" /><F39/><W81/><G34/><T65/><D65/><U100/><E46/><V7/><F116/><W120/><G32/><T82/><D82/><U96/><E78/><V11/><F17/><W111/><G120/><T49/><D20/><U13/><E64/><V91/><F91/><W30/><G30/><T3/><D3/><U119/><E119/><V48/><F35/><W104/><G104/><T122/><D49/><U94/><E121/><V125/><F48/><W79/><G79/><T99/><D36/><U105/><REACH who="1" step="1"/><E96/><REACH who="1" ten="74,274,342,300" step="2"/><V84/><F125/><W86/><G111/><T123/><D123/><U54/><E54/><V134/><F110/><W18/><G55/><T52/><D52/><U133/><E133/><V43/><F134/><W31/><G77/><T132/><D132/><U66/><E66/><V60/><F108/><W14/><G75/><T29/><D29/><BYE who="0" /><AGARI ba="2,1" hai="12,13,21,23,25,26,28,29,85,90,94,97,100,105" machi="29" ten="30,8000,1" yaku="1,1,7,1,9,1,53,2" doraHai="0" doraHaiUra="22" who="1" fromWho="0" sc="74,-86,274,96,342,0,300,0" owari="-12,-51.2,370,47.0,342,14.2,300,-10.0" /></mjloggm>