<mjloggm ver="2.3"><GO type="169" lobby="0"/><UN n0="%E3%82%AD%E3%83%AA%E3%83%B3%E3%83%AA%E3%82%AD%E5%BF%AB" n1="%E3%81%95%E3%81%8B%E3%81%8D" n2="%70%61%77%61" n3="%6F%6B%62%6F%6B%62" dan="17,17,18,16" rate="2211.74,2223.21,2299.50,2072.42" sx="M,M,M,M"/><TAIKYOKU oya="0"/><INIT seed="0,0,0,3,1,66" ten="250,250,250,250" oya="0" hai0="95,57,131,75,99,121,11,6,35,67,29,18,77" hai1="102,54,17,73,72,63,14,74,3,70,88,13,117" hai2="116,69,130,47,106,111,15,132,103,7,0,53,100" hai3="94,87,96,49,108,129,112,76,8,109,2,44,126"/><T43/><D121/><U97/><E117/><V110/><F0/><W32/><G112/><T45/><D131/><U61/><E3/><V56/><F130/><W22/><G129/><T113/><D113/><U92/><E102/><V58/><F132/><W26/><G32/><T23/><D35/><U12/><E61/><V21/><F116/><W85/><G2/><T79/><D29/><U39/><E39/><V98/><F103/><W91/><G8/><T118/><D75/><U24/><E24/><V52/><F47/><W30/><G126/><T65/><D118/><U71/><REACH who="1" step="1"/><E17/><REACH who="1" ten="250,240,250,250" step="2"/><V46/><F100/><W16/><G30/><T84/><D18/><U19/><E19/><V31/><F31/><W89/><G76/><T36/><D79/><U125/><E125/><V38/><F38/><W83/><REACH who="3" step="1"/><G96/><REACH who="3" ten="250,240,250,240" step="2"/><T80/><D99/><U9/><E9/><V37/><F98/><W25/><G25/><T10/><D11/><U64/><E64/><V120/><F15/><W107/><G107/><T134/><D67/><U124/><E124/><V114/><F106/><W55/><AGARI ba="0,2" hai="16,22,26,44,49,55,83,85,87,89,91,94,108,109" machi="55" ten="30,4000,0" yaku="1,1,0,1,54,1,53,0" doraHai="66" doraHaiUra="1" who="3" fromWho="3" sc="250,-20,240,-10,250,-10,240,60" /><INIT seed="1,0,0,5,1,123" ten="230,230,240,300" oya="1" hai0="112,53,103,114,52,21,131,55,54,63,48,13,25" hai1="40,69,71,1,32,113,119,121,101,109,38,90,23" hai2="30,73,35,87,91,94,51,106,42,41,65,4,70" hai3="118,12,102,132,44,5,68,76,83,84,98,64,127"/><U47/><E113/><V28/><F73/><W27/><G132/><T16/><D131/><U3/><E119/><V95/><F106/><W14/><G127/><T97/><D63/><U22/><E121/><V120/><F120/><W2/><G118/><T96/><D25/><U89/><E32/><V20/><F35/><W105/><G44/><T93/><REACH who="0" step="1"/><D96/><REACH who="0" ten="220,230,240,300" step="2"/><U57/><E71/><V129/><F70/><W18/><G68/><T9/><D9/><U77/><E69/><V17/><F129/><W135/><G27/><T75/><D75/><U39/><E1/><V19/><F30/><W58/><G2/><T85/><D85/><U124/><E3/><V122/><F87/><W10/><G84/><T78/><D78/><U6/><E77/><V115/><F28/><W74/><G74/><T7/><D7/><U130/><E6/><V66/><F4/><W49/><G76/><T15/><D15/><U36/><E130/><V11/><F11/><W33/><G12/><T24/><D24/><U34/><E124/><V61/><F61/><W108/><G5/><T99/><D99/><U133/><E133/><V81/><F122/><W45/><G135/><T8/><D8/><U126/><E126/><V37/><F17/><W86/><G86/><T80/><D80/><U29/><E29/><V128/><F19/><W116/><G83/><T117/><D117/><U26/><E26/><V59/><F81/><W79/><G79/><T92/><D92/><U62/><E62/><V88/><F95/><W60/><G116/><T72/><D72/><U50/><E34/><V31/><F128/><RYUUKYOKU ba="0,1" sc="220,30,230,-10,240,-10,300,-10" hai0="13,16,21,48,52,53,54,55,93,97,103,112,114" /><INIT seed="2,1,1,0,0,65" ten="250,220,230,290" oya="2" hai0="124,44,89,38,70,83,46,113,2,81,56,9,62" hai1="103,55,29,104,107,123,93,76,30,106,52,74,72" hai2="48,88,18,61,120,116,132,33,69,21,14,111,54" hai3="118,112,87,86,43,51,7,58,121,125,34,98,95"/><V101/><F116/><W24/><G118/><T82/><D113/><U77/><E93/><V53/><F120/><W19/><G121/><T73/><D124/><U17/><E123/><V114/><F114/><W108/><G112/><T16/><D73/><N who="1" m="28267" /><E17/><V128/><F33/><W41/><G125/><T117/><D117/><U32/><E103/><V90/><F128/><W64/><G108/><T67/><D38/><U129/><E32/><V126/><F126/><W37/><G7/><T36/><D36/><U135/><E135/><V133/><F101/><W79/><G37/><T27/><D2/><U0/><E0/><V97/><F111/><W109/><G109/><T80/><D56/><U28/><E129/><V96/><F96/><W40/><G79/><AGARI ba="1,1" hai="28,29,30,52,55,76,77,79,104,106,107" m="28267" machi="79" ten="40,5200,0" yaku="28,2,54,1" doraHai="65" who="1" fromWho="3" sc="250,0,220,65,230,0,290,-55" /><INIT seed="3,0,0,5,1,28" ten="250,285,230,235" oya="3" hai0="54,103,131,111,57,60,10,120,80,65,88,110,68" hai1="15,108,83,56,109,51,49,1,132,46,0,69,134" hai2="70,6,121,133,42,31,82,39,47,52,67,9,118" hai3="102,35,34,107,41,117,101,8,30,61,5,17,84"/><W13/><G117/><T77/><D120/><U87/><E69/><V135/><F118/><W92/><G107/><T81/><D131/><U24/><E15/><V4/><F121/><W91/><G41/><T59/><D103/><U97/><E97/><V2/><F6/><W126/><G126/><T62/><D10/><U98/><E98/><V76/><F52/><W72/><G72/><T104/><D104/><U115/><E56/><V89/><F89/><W112/><G112/><T95/><D68/><U16/><E115/><V36/><F31/><W79/><G79/><T55/><D65/><U114/><E114/><V38/><F135/><N who="1" m="51753" /><E0/><V3/><F2/><W32/><G30/><T129/><D129/><U124/><E1/><V99/><F99/><W94/><G94/><T75/><REACH who="0" step="1"/><D80/><REACH who="0" ten="240,285,230,235" step="2"/><U21/><E124/><V27/><F133/><W43/><G5/><T33/><D33/><U90/><E49/><V7/><F4/><W11/><G8/><T66/><D66/><U106/><E106/><V125/><F125/><W122/><G122/><T50/><D50/><U78/><E78/><V96/><F67/><W18/><G61/><T116/><D116/><U37/><E37/><V19/><F70/><W130/><G130/><T29/><D29/><U48/><E51/><V23/><REACH who="2" step="1"/><F96/><AGARI ba="0,1" hai="54,55,57,59,60,62,75,77,81,88,95,96,110,111" machi="96" ten="40,5200,0" yaku="1,1,9,1,54,1,53,0" doraHai="28" doraHaiUra="127" who="0" fromWho="2" sc="240,62,285,0,230,-52,235,0" /><INIT seed="4,0,0,4,5,51" ten="302,285,178,235" oya="0" hai0="109,97,40,7,83,64,93,46,104,113,130,122,54" hai1="33,111,30,12,131,11,38,42,129,96,105,108,88" hai2="58,3,2,102,70,68,44,106,39,99,110,126,20" hai3="118,34,119,13,63,123,103,134,55,107,89,1,36"/><T127/><D122/><U91/><E38/><V18/><F110/><W90/><G123/><T132/><D104/><U5/><E42/><V21/><F126/><W60/><G1/><T35/><D35/><U14/><E105/><V98/><F58/><W67/><G34/><T27/><D64/><U92/><E14/><V121/><F121/><W84/><G36/><T124/><D7/><U48/><E91/><V57/><F57/><W29/><G29/><T37/><D113/><U100/><E100/><V22/><F18/><W0/><G0/><T25/><D109/><U80/><E80/><V43/><REACH who="2" step="1"/><F99/><REACH who="2" ten="302,285,168,235" step="2"/><W6/><G118/><T15/><D97/><U26/><E111/><V133/><F133/><W86/><G119/><T28/><D132/><U76/><E108/><V75/><F75/><W94/><G134/><T61/><D127/><U56/><REACH who="1" step="1"/><E76/><REACH who="1" ten="302,275,168,235" step="2"/><V114/><F114/><W101/><G107/><T17/><D124/><U135/><E135/><V45/><F45/><W78/><G78/><T65/><D46/><U120/><E120/><V50/><F50/><W41/><G60/><T9/><D37/><U10/><E10/><V73/><F73/><W72/><G63/><T19/><D61/><U32/><E32/><V47/><F47/><W66/><G72/><T112/><D112/><U95/><E95/><V8/><F8/><W82/><G94/><T128/><D9/><U115/><E115/><V53/><F53/><AGARI ba="0,2" hai="5,11,12,26,30,33,48,53,56,88,92,96,129,131" machi="53" ten="40,5200,0" yaku="1,1,52,1,54,1,53,0" doraHai="51" doraHaiUra="69" who="1" fromWho="2" sc="302,0,275,72,168,-52,235,0" /><INIT seed="5,0,0,5,3,63" ten="302,347,116,235" oya="1" hai0="104,65,92,134,0,109,130,10,84,118,60,75,52" hai1="68,113,32,20,9,124,89,115,126,39,82,100,43" hai2="25,95,81,27,12,135,111,64,13,93,36,117,5" hai3="40,116,6,85,18,80,58,30,119,96,101,72,4"/><U51/><E32/><V66/><F111/><W53/><G30/><T106/><D109/><U133/><E68/><V45/><F117/><W26/><G40/><T69/><D118/><U62/><E39/><V127/><F127/><N who="1" m="48681" /><E133/><V47/><F36/><W94/><G72/><T87/><D75/><U1/><E100/><V102/><F135/><W23/><G119/><T42/><D134/><U86/><E20/><V16/><F81/><W70/><G70/><T79/><D130/><U37/><E62/><V48/><F5/><W17/><G17/><T88/><D42/><U103/><E103/><V76/><F102/><W22/><G23/><T128/><D128/><U120/><E120/><V15/><F76/><W91/><REACH who="3" step="1"/><G116/><REACH who="3" ten="302,347,116,225" step="2"/><T56/><D10/><U74/><E74/><V121/><F121/><W107/><G107/><T7/><D106/><U131/><E131/><V77/><F77/><W3/><G3/><T55/><D104/><U14/><E1/><V67/><F16/><W122/><G122/><T125/><D125/><U129/><E129/><V90/><F47/><W54/><G54/><T114/><D69/><U108/><E108/><V41/><REACH who="2" step="1"/><F95/><REACH who="2" ten="302,347,106,225" step="2"/><W73/><G73/><T11/><D79/><U105/><E105/><V29/><F29/><W71/><G71/><T44/><D44/><N who="1" m="26015" /><E37/><V2/><F2/><W98/><G98/><AGARI ba="0,2" hai="12,13,15,25,27,41,45,48,64,66,67,90,93,98" machi="98" ten="40,12000,2" yaku="1,1,8,1,52,3,53,1" doraHai="63" doraHaiUra="46" who="2" fromWho="3" sc="302,0,347,0,106,140,225,-120" /><INIT seed="6,0,0,4,2,55" ten="302,347,246,105" oya="2" hai0="123,60,27,134,127,122,83,50,98,109,89,9,44" hai1="115,117,26,82,21,35,2,97,0,59,116,48,107" hai2="84,111,110,53,31,106,69,121,78,47,7,8,129" hai3="6,36,32,49,131,23,5,62,112,79,71,95,114"/><V1/><F121/><W46/><G32/><T86/><D109/><N who="2" m="41482" /><F69/><W40/><G131/><T42/><D134/><U56/><E35/><V99/><F129/><W58/><G79/><T10/><D127/><U75/><E75/><V101/><F31/><W133/><G133/><T81/><D27/><U132/><E107/><V128/><F128/><W64/><G23/><T29/><D29/><U33/><E33/><V108/><N who="2" m="41490" /><V124/><DORA hai="72" /><F124/><W119/><G119/><T57/><D98/><U37/><E37/><V54/><F47/><W105/><G95/><T45/><D45/><U87/><E132/><V11/><F11/><W34/><G105/><T76/><D122/><U51/><E0/><V118/><F118/><W96/><G96/><T68/><D68/><U15/><E2/><V28/><F28/><W90/><G90/><T19/><D19/><U103/><E103/><V41/><F41/><W120/><G34/><T13/><D13/><U93/><E21/><V39/><F39/><W65/><G120/><T66/><REACH who="0" step="1"/><D123/><REACH who="0" ten="292,347,246,105" step="2"/><U77/><E117/><V14/><F14/><W91/><G91/><T88/><D88/><U73/><E15/><V102/><F102/><W74/><G5/><T85/><AGARI ba="0,1" hai="9,10,42,44,50,57,60,66,76,81,83,85,86,89" machi="85" ten="20,12000,2" yaku="1,1,0,1,7,1,8,1,52,2,53,1" doraHai="55,72" doraHaiUra="52,24" who="0" fromWho="0" sc="292,130,347,-30,246,-60,105,-30" /><INIT seed="7,0,0,2,5,118" ten="422,317,186,75" oya="3" hai0="3,120,58,65,108,63,6,29,42,91,21,98,59" hai1="52,111,64,53,40,27,127,89,11,12,107,17,20" hai2="55,102,101,47,23,100,54,22,34,124,33,37,4" hai3="19,1,106,83,131,67,56,8,73,104,45,99,121"/><W62/><G131/><T75/><D120/><U60/><E111/><V117/><F117/><W122/><G45/><T79/><D42/><U115/><E115/><V74/><F74/><W132/><G132/><T133/><D108/><U113/><E113/><V31/><F4/><W88/><G19/><T14/><D3/><U18/><E107/><V77/><F77/><W103/><G104/><T134/><D58/><U48/><E127/><V80/><F80/><W25/><G25/><T61/><D63/><U92/><E40/><V57/><F124/><W105/><G105/><T114/><D114/><U36/><E36/><V49/><F37/><W110/><G110/><T84/><D98/><U26/><E48/><N who="2" m="28959" /><F33/><W35/><G35/><T135/><D79/><U51/><E51/><V90/><F34/><W94/><G8/><T71/><D75/><U70/><E26/><N who="2" m="16855" /><F90/><W81/><G1/><T126/><D84/><AGARI ba="0,0" hai="11,12,17,18,20,27,52,53,60,64,70,84,89,92" machi="84" ten="30,2000,0" yaku="7,1,54,1" doraHai="118" who="1" fromWho="0" sc="422,-20,317,20,186,0,75,0" owari="402,50.2,337,13.7,186,-21.4,75,-42.5" /></mjloggm>