<mjloggm ver="2.3"><GO type="169" lobby="0"/><UN n0="%E3%81%82%E3%81%9F%E3%81%8B%E3%81%AA" n1="%48%41%2D%52%55" n2="%E6%BC%82%E3%81%86" n3="%E3%81%AA%E3%81%BE%E3%81%8B%E3%82%84%E3%81%95%E3%81%AA%E3%81%9F" dan="17,17,16,16" rate="2165.46,2116.25,2114.94,2162.13" sx="M,M,M,M"/><TAIKYOKU oya="0"/><INIT seed="0,0,0,5,3,16" ten="250,250,250,250" oya="0" hai0="19,77,58,14,72,94,113,101,45,29,134,116,50" hai1="105,86,73,37,97,82,27,36,119,54,49,79,71" hai2="10,70,81,23,1,25,123,59,135,92,118,128,42" hai3="89,96,26,53,85,40,108,41,57,8,66,48,88"/><T68/><D113/><U125/><E119/><V106/><F118/><W51/><G108/><T131/><D116/><U127/><E71/><V109/><F70/><W63/><G96/><T75/><D68/><U122/><E122/><V43/><F106/><W133/><G133/><T110/><D134/><U35/><E86/><V44/><F109/><W84/><G8/><T100/><D110/><U5/><E5/><V21/><F123/><W111/><G111/><T129/><D58/><U38/><E54/><V126/><F1/><W56/><G26/><T55/><D29/><N who="1" m="19903" /><E49/><V32/><F32/><W9/><G9/><T52/><D55/><U114/><E114/><V78/><F128/><N who="0" m="49226" /><D94/><U121/><E121/><V98/><F126/><W115/><G115/><T4/><D4/><U107/><E105/><V99/><F135/><W87/><REACH who="3" step="1"/><G40/><REACH who="3" ten="250,250,250,240" step="2"/><T47/><D100/><AGARI ba="0,1" hai="36,37,38,73,79,82,97,100,107,125,127" m="19903" machi="100" ten="40,1300,0" yaku="23,1" doraHai="16" who="1" fromWho="0" sc="250,-13,250,23,250,0,240,0" /><INIT seed="1,0,0,5,2,59" ten="237,273,250,240" oya="1" hai0="46,67,84,43,25,85,30,9,3,126,65,114,5" hai1="20,92,39,38,62,81,134,76,14,70,106,36,95" hai2="40,121,35,33,64,132,124,128,118,104,18,86,133" hai3="16,21,60,58,49,74,54,17,41,90,135,111,87"/><U53/><E106/><V7/><F104/><W89/><G74/><T26/><D114/><U100/><E134/><V71/><F118/><W123/><G123/><T122/><D126/><U113/><E113/><V22/><F121/><W45/><G135/><N who="2" m="51785" /><F124/><W79/><G111/><T34/><D122/><U47/><E100/><V96/><F128/><W50/><G17/><T99/><D99/><U103/><E103/><V0/><F40/><W78/><G50/><T13/><D26/><U23/><E47/><V28/><F86/><W68/><G68/><T82/><D3/><U98/><E14/><V83/><F83/><W131/><G131/><T55/><D55/><U105/><E105/><V27/><F96/><W112/><G112/><T125/><D84/><U93/><E98/><V102/><F102/><W77/><REACH who="3" step="1"/><G87/><REACH who="3" ten="237,273,250,230" step="2"/><T80/><D125/><U127/><E127/><V73/><F73/><W4/><G4/><T8/><D80/><U119/><E119/><V51/><F51/><W2/><G2/><T12/><D85/><U109/><E109/><V24/><F0/><W116/><G116/><T120/><D82/><U66/><E81/><V97/><F7/><W129/><G129/><T42/><D120/><U15/><E76/><V1/><F1/><W48/><G48/><T56/><D46/><U37/><E38/><V10/><F97/><W108/><G108/><T32/><D56/><N who="1" m="35087" /><E15/><AGARI ba="0,1" hai="15,16,21,41,45,49,54,58,60,77,78,79,89,90" machi="15" ten="40,8000,1" yaku="1,1,8,1,52,1,54,1,53,0" doraHai="59" doraHaiUra="31" who="3" fromWho="1" sc="237,0,273,-80,250,0,230,90" /><INIT seed="2,0,0,2,1,67" ten="237,193,250,320" oya="2" hai0="53,101,51,102,0,125,37,20,127,23,87,19,63" hai1="26,4,100,30,40,11,21,3,134,121,94,50,83" hai2="72,15,28,68,96,2,93,135,107,57,22,42,27" hai3="61,133,74,70,76,106,36,130,131,56,29,66,85"/><V120/><F72/><W32/><G85/><T52/><D37/><U84/><E134/><V13/><F120/><W122/><G56/><N who="0" m="35207" /><D0/><U99/><E121/><V5/><F107/><W103/><G36/><T73/><D73/><U129/><E129/><V18/><F68/><W123/><G133/><T112/><D112/><U33/><E33/><V108/><F135/><W117/><G117/><T44/><D23/><U118/><E118/><V60/><F42/><W80/><G123/><T97/><D97/><U38/><E38/><V39/><F39/><W54/><G54/><T47/><D47/><U95/><E50/><V49/><F49/><W17/><G17/><T82/><D125/><U78/><REACH who="1" step="1"/><E40/><REACH who="1" ten="237,183,250,320" step="2"/><V77/><F108/><W126/><G122/><T81/><D127/><U6/><E6/><V124/><F124/><W86/><G126/><T62/><D62/><U10/><E10/><V90/><F5/><W88/><G32/><T12/><D82/><U1/><E1/><V119/><F2/><W9/><G9/><T65/><D65/><U8/><E8/><V115/><F119/><W91/><G130/><T109/><D109/><U7/><E7/><V92/><F115/><W24/><G131/><T14/><D14/><U79/><E79/><AGARI ba="0,1" hai="12,19,20,44,51,53,79,81,87,101,102" m="35207" machi="79" ten="30,2000,0" yaku="8,1,54,1" doraHai="67" who="0" fromWho="1" sc="237,30,183,-20,250,0,320,0" /><INIT seed="3,0,0,3,0,40" ten="267,163,250,320" oya="3" hai0="38,128,83,2,48,73,33,123,130,15,113,28,69" hai1="20,76,92,118,35,52,1,125,54,96,108,102,84" hai2="111,127,72,8,43,121,50,81,98,21,70,31,47" hai3="77,41,66,12,71,93,44,51,74,101,56,117,7"/><W131/><G131/><T18/><D38/><U23/><E35/><V49/><F111/><W94/><G117/><T46/><D69/><U24/><E1/><V126/><F70/><W65/><G71/><T87/><D73/><U100/><E108/><V124/><F121/><W60/><G66/><T27/><D2/><U129/><E129/><V82/><F8/><W104/><G104/><T63/><D63/><U10/><E125/><V62/><F62/><W13/><G101/><T3/><D3/><U90/><E118/><V107/><F72/><W109/><G109/><T91/><D113/><U86/><E10/><V36/><F107/><W133/><G133/><T75/><D75/><U68/><E68/><V105/><F105/><W106/><G106/><T53/><REACH who="0" step="1"/><D123/><REACH who="0" ten="257,163,250,320" step="2"/><U37/><E37/><V4/><F124/><W79/><G74/><T134/><D134/><U55/><E23/><AGARI ba="0,1" hai="15,18,23,27,28,33,46,48,53,83,87,91,128,130" machi="23" ten="40,2600,0" yaku="1,1,52,1,53,0" doraHai="40" doraHaiUra="112" who="0" fromWho="1" sc="257,36,163,-26,250,0,320,0" /><INIT seed="4,0,0,0,3,121" ten="293,137,250,320" oya="0" hai0="26,61,48,50,106,84,53,72,8,70,11,46,129" hai1="27,56,127,134,128,113,52,9,3,68,132,133,51" hai2="66,21,29,22,24,20,2,117,87,81,58,122,69" hai3="19,125,78,44,13,90,43,100,64,124,88,131,80"/><T126/><D72/><U73/><E73/><V45/><F122/><W14/><G64/><T118/><D118/><U83/><E68/><V6/><F117/><W101/><G131/><T99/><D129/><U82/><E128/><V77/><F69/><W91/><G101/><T76/><D126/><N who="3" m="48745" /><G100/><T33/><D99/><U34/><E127/><V54/><F2/><W37/><G19/><T57/><D48/><U130/><E130/><V108/><F108/><W4/><G4/><T32/><D106/><U17/><E113/><V109/><F109/><W18/><G18/><T15/><D26/><U39/><E39/><V119/><F6/><W107/><G107/><T96/><D96/><U35/><E3/><V31/><F119/><W89/><N who="3" m="22528" /><DORA hai="95" /><W75/><AGARI ba="0,0" hai="13,14,37,43,44,75,78,80" m="22528,48745" machi="75" ten="50,6400,0" yaku="4,1,18,1,54,1" doraHai="121,95" who="3" fromWho="3" sc="293,-32,137,-16,250,-16,320,64" /><INIT seed="5,0,0,4,3,71" ten="261,121,234,384" oya="1" hai0="30,93,113,23,78,94,92,100,110,96,104,130,91" hai1="106,68,59,22,66,32,122,47,4,18,45,86,41" hai2="10,58,82,112,85,20,119,76,40,43,80,107,36" hai3="1,115,114,12,31,83,129,108,133,39,97,120,44"/><U77/><E122/><V95/><F107/><W52/><G1/><T33/><D33/><U87/><E32/><V34/><F34/><W125/><G120/><T132/><D110/><U63/><E106/><V13/><F119/><W29/><G108/><T7/><D113/><U8/><E68/><V60/><F112/><W28/><G133/><T69/><D69/><U17/><E47/><V121/><F36/><W56/><G129/><T54/><D7/><U126/><E126/><V27/><F82/><W49/><G125/><T42/><D42/><U111/><E111/><V103/><F95/><W11/><G97/><T3/><D3/><U117/><E117/><V19/><F103/><W24/><G39/><T65/><D65/><U127/><E127/><V98/><F98/><W26/><G114/><T70/><D70/><U5/><E77/><V74/><F74/><W38/><G115/><T62/><D78/><U35/><E35/><V57/><F57/><W102/><G102/><T124/><D130/><U53/><E66/><N who="2" m="39191" /><F121/><W61/><G83/><T79/><D79/><U73/><E73/><V55/><F55/><W6/><REACH who="3" step="1"/><G38/><REACH who="3" ten="261,121,234,374" step="2"/><T72/><D132/><U90/><E87/><V2/><F2/><W21/><G21/><T37/><D37/><N who="1" m="21679" /><E22/><V0/><F0/><W99/><G99/><T64/><D124/><U89/><E89/><V128/><F128/><W123/><G123/><T48/><D91/><U14/><E5/><AGARI ba="0,1" hai="5,10,13,19,20,27,40,43,76,80,85" m="39191" machi="5" ten="30,1000,0" yaku="8,1" doraHai="71" who="2" fromWho="1" sc="261,0,121,-10,234,20,374,0" /><INIT seed="6,0,0,4,5,81" ten="261,111,254,374" oya="2" hai0="92,7,117,52,125,1,67,113,38,103,98,87,97" hai1="15,74,104,0,30,63,69,129,23,122,36,119,127" hai2="28,131,16,68,33,111,25,13,19,93,99,44,29" hai3="82,12,53,37,126,91,132,96,102,60,14,6,78"/><V43/><F68/><W84/><G37/><T62/><D113/><U71/><E15/><V66/><F66/><W90/><G126/><T27/><D38/><U135/><E23/><N who="2" m="13567" /><F33/><W3/><G3/><T121/><D121/><U24/><E63/><V39/><F39/><W49/><G132/><T34/><D125/><U107/><E24/><V77/><F77/><W55/><G60/><T73/><D73/><U35/><E30/><N who="2" m="11883" /><F131/><W47/><G55/><T124/><D117/><U2/><E2/><V133/><F133/><W42/><G53/><T134/><D134/><U17/><E17/><V54/><F43/><W118/><G118/><T18/><D124/><U128/><E71/><V61/><F111/><W57/><G57/><T100/><D7/><U22/><E22/><N who="2" m="11535" /><F61/><W20/><G20/><T115/><D1/><U106/><E106/><V26/><F26/><W79/><G79/><T120/><D27/><U85/><E85/><V112/><F112/><W59/><G14/><T83/><D115/><U75/><E75/><V88/><F54/><W48/><G48/><T76/><D34/><U45/><E45/><AGARI ba="0,0" hai="44,45,88,93,99" m="11535,11883,13567" machi="45" ten="30,5800,0" yaku="8,1,54,2" doraHai="81" who="2" fromWho="1" sc="261,0,111,-58,254,58,374,0" /><INIT seed="6,1,0,0,1,95" ten="261,53,312,374" oya="2" hai0="94,71,61,128,49,53,55,24,35,63,105,113,112" hai1="25,109,27,120,134,26,21,118,20,99,88,57,10" hai2="28,114,131,93,96,69,87,117,5,54,135,39,91" hai3="90,11,45,110,123,129,1,70,50,72,31,2,77"/><V76/><F117/><W116/><G116/><T74/><D105/><U107/><E109/><V9/><F39/><W52/><G123/><T51/><D74/><U62/><E118/><V130/><F69/><W56/><G110/><T43/><D35/><U19/><E134/><V36/><F36/><W98/><G70/><T89/><D24/><U103/><E120/><V121/><F121/><W64/><G129/><N who="2" m="49161" /><F114/><N who="0" m="44138" /><D43/><U23/><E10/><V13/><F28/><W58/><G58/><N who="0" m="33071" /><D71/><U44/><E44/><V82/><F54/><W73/><G45/><N who="0" m="28143" /><D128/><U124/><E124/><V0/><F135/><W122/><G122/><T97/><AGARI ba="1,0" hai="61,63,89,94,97" m="28143,33071,44138" machi="97" ten="30,2000,0" yaku="15,1,52,1" doraHai="95" who="0" fromWho="0" sc="261,23,53,-6,312,-11,374,-6" /><INIT seed="7,0,0,3,1,109" ten="284,47,301,368" oya="3" hai0="100,6,29,14,106,36,8,67,72,118,28,126,75" hai1="37,117,69,120,4,96,115,81,70,63,40,49,95" hai2="2,13,34,89,56,128,11,130,92,26,58,79,42" hai3="65,111,59,86,50,17,55,99,32,24,80,103,54"/><W3/><G3/><T101/><D118/><U47/><E81/><V12/><F79/><W61/><G111/><T119/><D119/><U10/><E95/><V35/><F42/><W127/><G127/><T129/><D126/><U94/><E94/><V62/><F2/><W124/><G124/><T1/><D129/><N who="2" m="49770" /><F58/><W48/><G32/><N who="2" m="12329" /><F26/><W51/><G24/><T23/><D36/><U123/><E96/><N who="2" m="57359" /><F11/><W113/><G17/><T132/><D132/><U108/><E4/><V87/><F87/><W122/><G86/><T82/><D67/><AGARI ba="0,0" hai="12,13,56,62,67" m="57359,12329,49770" machi="67" ten="30,1000,0" yaku="19,1" doraHai="109" who="2" fromWho="0" sc="284,-10,47,0,301,10,368,0" owari="274,-12.6,47,-45.3,311,11.1,368,46.8" /></mjloggm>