<mjloggm ver="2.3"><GO type="169" lobby="0"/><UN n0="%E4%BE%8D" n1="%E3%81%98%E3%82%83%E3%81%99%E3%81%BF%E3%82%93" n2="%E3%81%86%E3%81%A1%E3%83%BC" n3="%4D%4A%E6%9C%80%E5%BC%B7%E4%BD%8D" dan="18,16,16,17" rate="2235.32,2065.45,2136.49,2227.26" sx="M,M,M,M"/><TAIKYOKU oya="0"/><INIT seed="0,0,0,1,5,82" ten="250,250,250,250" oya="0" hai0="126,41,10,73,51,77,38,18,123,97,122,70,59" hai1="6,8,111,85,61,17,57,116,7,52,108,49,104" hai2="36,40,68,2,88,28,112,66,105,78,107,64,27" hai3="99,131,69,132,11,23,48,20,34,103,26,44,63"/><T84/><D70/><U25/><E104/><V22/><F112/><W32/><G131/><T94/><D73/><U83/><E116/><V120/><F120/><W39/><G39/><T13/><D38/><U35/><E61/><V109/><F109/><N who="1" m="42057" /><E35/><V30/><F2/><W60/><G11/><T113/><D113/><U1/><E7/><V95/><F30/><W119/><G119/><T47/><D126/><U5/><E6/><V67/><F78/><W53/><G132/><T79/><D123/><U114/><E114/><V102/><F102/><W54/><G20/><T100/><D122/><U31/><E31/><V76/><F76/><W134/><G134/><T62/><REACH who="0" step="1"/><D84/><REACH who="0" ten="240,250,250,250" step="2"/><U110/><E110/><V87/><REACH who="2" step="1"/><F68/><REACH who="2" ten="240,250,240,250" step="2"/><W75/><G69/><T58/><D58/><U45/><E57/><V115/><F115/><W81/><G75/><T33/><D33/><U12/><E1/><V15/><F15/><W93/><G32/><T29/><D29/><U55/><E25/><V86/><F86/><W4/><G34/><T74/><D74/><U133/><E133/><V43/><F43/><W46/><G26/><T19/><D19/><U3/><E3/><V130/><F130/><W127/><G4/><T90/><D90/><N who="1" m="51519" /><E5/><V16/><F16/><W0/><G0/><T24/><D24/><U9/><E9/><V71/><F71/><W125/><G125/><T56/><D56/><U101/><E101/><V124/><F124/><W14/><G127/><T106/><D106/><U135/><E135/><V65/><N who="2" m="16384" /><DORA hai="92" /><V91/><F91/><W121/><G121/><T37/><D37/><RYUUKYOKU ba="0,2" sc="240,10,250,10,240,10,250,-30" hai0="10,13,18,41,47,51,59,62,77,79,94,97,100" hai1="8,12,17,45,49,52,55" hai2="22,27,28,36,40,87,88,95,105,107" /><INIT seed="0,1,2,0,5,75" ten="250,260,250,220" oya="0" hai0="110,10,68,66,80,127,90,79,15,60,121,34,119" hai1="109,47,65,38,44,63,71,134,62,76,40,23,32" hai2="77,94,51,91,128,36,99,123,14,42,5,53,18" hai3="118,16,117,106,61,49,20,126,8,73,84,54,28"/><T69/><D121/><U111/><E32/><V78/><F123/><W122/><G73/><T93/><D119/><U112/><E23/><V7/><F128/><W59/><G106/><T13/><D34/><U98/><E98/><V129/><F129/><W30/><G122/><T46/><D127/><U101/><E101/><V120/><F120/><W4/><G126/><T25/><D110/><N who="1" m="41995" /><E76/><N who="2" m="29291" /><F42/><W33/><G84/><T26/><D69/><N who="1" m="42167" /><E44/><N who="2" m="27879" /><F36/><W22/><G33/><T52/><D26/><U70/><E134/><V2/><F2/><W125/><G22/><AGARI ba="1,2" hai="5,7,14,18,22,91,94,99" m="27879,29291" machi="22" ten="30,7700,0" yaku="8,1,52,3" doraHai="75" who="2" fromWho="3" sc="250,0,260,0,250,100,220,-80" /><INIT seed="1,0,0,3,0,65" ten="250,260,350,140" oya="1" hai0="63,82,124,21,47,113,17,14,123,80,127,84,67" hai1="102,27,46,87,112,64,79,75,40,100,7,110,91" hai2="129,54,62,121,56,18,3,49,23,120,106,36,74" hai3="68,116,85,8,51,94,111,37,10,55,44,128,126"/><U122/><E112/><V11/><F36/><W104/><G104/><T34/><D113/><U30/><E122/><V133/><F74/><W12/><G116/><T43/><D34/><U26/><E7/><V105/><F133/><W90/><G111/><T81/><D123/><U77/><E110/><V88/><F129/><W2/><G128/><T72/><D72/><U101/><E75/><V125/><F125/><W29/><G126/><T25/><D25/><U132/><E64/><V118/><F118/><W5/><G37/><T114/><D114/><U134/><E79/><V19/><F105/><W60/><G29/><T131/><D131/><U130/><E77/><V95/><F106/><W135/><G60/><T98/><D98/><U20/><E26/><V15/><F3/><W119/><G119/><T76/><D127/><U38/><REACH who="1" step="1"/><E130/><REACH who="1" ten="250,250,350,140" step="2"/><V1/><F120/><W96/><G135/><T93/><D124/><U117/><E117/><V6/><F121/><W99/><G68/><T33/><D76/><U53/><E53/><V48/><REACH who="2" step="1"/><F19/><AGARI ba="0,1" hai="2,5,8,10,12,19,44,51,55,85,90,94,96,99" machi="19" ten="30,1000,0" yaku="7,1" doraHai="65" who="3" fromWho="2" sc="250,0,250,0,350,-10,140,20" /><INIT seed="2,0,0,0,2,122" ten="250,250,340,160" oya="2" hai0="0,88,19,64,60,71,62,55,91,103,12,50,69" hai1="32,70,61,44,57,5,128,79,134,16,130,31,95" hai2="54,125,105,90,87,28,17,33,24,117,10,11,52" hai3="59,131,114,15,124,9,48,135,67,132,26,29,121"/><V37/><F117/><W25/><G121/><T14/><D0/><U86/><E5/><V72/><F125/><W43/><G124/><T73/><D103/><U84/><E70/><V101/><F72/><W7/><G114/><T51/><D73/><U118/><E118/><V89/><F37/><W98/><G131/><T120/><D120/><U82/><E44/><V2/><F90/><W41/><G98/><T66/><D19/><U56/><E134/><N who="3" m="51242" /><G26/><T65/><D65/><U100/><E57/><V20/><F11/><W40/><G67/><T75/><D75/><U13/><E31/><V113/><F113/><W46/><G59/><T45/><D45/><U129/><E32/><AGARI ba="0,0" hai="7,9,15,25,29,32,40,41,43,46,48" m="51242" machi="32" ten="30,1000,0" yaku="20,1" doraHai="122" who="3" fromWho="1" sc="250,0,250,-10,340,0,160,10" /><INIT seed="3,0,0,4,2,56" ten="250,240,340,170" oya="3" hai0="57,89,113,116,78,14,87,12,67,25,61,48,108" hai1="96,85,75,127,105,111,31,121,66,8,106,44,74" hai2="83,3,99,36,104,132,125,28,133,118,46,33,79" hai3="72,76,73,32,21,130,52,10,41,16,60,58,19"/><W93/><G32/><T98/><D116/><U22/><E121/><V23/><F118/><W103/><G130/><T40/><D108/><U47/><E111/><V39/><F125/><W81/><G41/><T0/><D0/><U86/><E66/><V54/><F23/><W9/><G72/><T26/><D98/><U94/><E8/><V68/><F54/><W70/><G70/><T5/><D113/><U50/><E127/><V24/><F3/><W63/><G63/><T123/><D123/><U37/><E37/><V88/><F68/><W49/><G19/><T7/><D78/><U65/><E65/><V69/><F69/><W6/><G49/><T91/><D14/><U82/><E22/><V42/><F39/><W120/><G120/><T109/><D89/><U126/><E31/><V112/><F88/><W101/><G93/><T59/><D109/><U128/><E128/><V122/><F112/><W131/><G131/><T45/><D59/><U34/><E34/><V38/><F38/><W4/><G10/><N who="0" m="4175" /><D7/><U114/><E114/><V15/><F15/><W1/><G4/><T134/><D134/><U29/><E126/><V71/><F71/><W100/><G100/><T107/><D107/><U135/><E135/><V97/><F122/><W64/><G64/><T11/><D11/><U27/><E105/><V95/><F104/><W102/><G103/><T2/><D2/><U13/><E106/><V117/><F117/><W129/><G129/><T92/><AGARI ba="0,0" hai="25,26,40,45,48,57,61,67,87,91,92" m="4175" machi="92" ten="30,2000,0" yaku="8,1,52,1" doraHai="56" who="0" fromWho="0" sc="250,20,240,-5,340,-5,170,-10" /><INIT seed="4,0,0,5,5,90" ten="270,235,335,160" oya="0" hai0="100,119,65,130,53,41,66,107,78,38,71,101,58" hai1="2,61,77,116,91,74,95,0,20,23,120,35,37" hai2="24,8,19,60,97,12,72,13,40,117,67,34,105" hai3="112,121,36,80,96,42,45,135,10,79,49,133,82"/><T56/><D119/><U99/><E116/><V68/><F72/><W87/><G112/><T44/><D78/><U81/><E37/><V62/><F117/><W29/><G121/><T113/><D107/><U108/><E35/><V76/><F76/><W28/><G96/><T134/><D101/><U118/><E108/><V50/><F60/><W98/><G80/><T5/><D100/><U122/><E118/><V83/><F83/><W125/><G125/><T86/><D86/><U16/><E20/><V123/><F13/><W21/><G98/><T57/><D5/><U7/><E61/><V39/><F39/><W94/><G94/><T59/><D130/><U27/><REACH who="1" step="1"/><E7/><REACH who="1" ten="270,225,335,160" step="2"/><V129/><F62/><W51/><G21/><T22/><D22/><U14/><E14/><V31/><F12/><W102/><G10/><T26/><D66/><U127/><E127/><V85/><F67/><W92/><G28/><T52/><D65/><U48/><E48/><V131/><F50/><W25/><G29/><T3/><D38/><U69/><E69/><V43/><F68/><W47/><G25/><T75/><D71/><U33/><E33/><V84/><F8/><W18/><G18/><T126/><D26/><U63/><E63/><V30/><F19/><W103/><G36/><T64/><D64/><U93/><E93/><V111/><F30/><W115/><G92/><T114/><D126/><U54/><E54/><V15/><F31/><W70/><G70/><T124/><D53/><U110/><E110/><V55/><F111/><W6/><G6/><T9/><N who="0" m="14336" /><DORA hai="132" /><T17/><D124/><RYUUKYOKU ba="0,1" sc="270,-10,225,30,335,-10,160,-10" hai1="0,2,16,23,27,74,77,81,91,95,99,120,122" /><INIT seed="5,1,1,5,1,35" ten="260,255,325,150" oya="1" hai0="29,92,12,1,33,3,101,15,40,30,126,13,122" hai1="111,110,53,54,85,127,105,46,16,121,43,84,45" hai2="5,64,42,60,76,58,14,71,9,67,37,109,132" hai3="39,32,116,28,59,96,68,11,114,107,38,44,27"/><U94/><E105/><V108/><F132/><W57/><G114/><T95/><D33/><U133/><E121/><V34/><F34/><W93/><G116/><T115/><D40/><U97/><E127/><V87/><F64/><W10/><G68/><T41/><D41/><U80/><E133/><V117/><F71/><W130/><G107/><T18/><D18/><U81/><E43/><V75/><F117/><W56/><G44/><T69/><D69/><U49/><E16/><V129/><F129/><W51/><G51/><T78/><D78/><U135/><E135/><V125/><F75/><W82/><G82/><T77/><D77/><U73/><E94/><N who="0" m="35881" /><D101/><U118/><E118/><V7/><F7/><W70/><G70/><T50/><D50/><U26/><E49/><V22/><F125/><W62/><G62/><T91/><D91/><U66/><E26/><V120/><F120/><W17/><G130/><T123/><D126/><U36/><E97/><V99/><F99/><W86/><G86/><T24/><D24/><U21/><E21/><V124/><F22/><W128/><G128/><T25/><D25/><U100/><E73/><V102/><F102/><W103/><REACH who="3" step="1"/><G17/><REACH who="3" ten="260,255,325,140" step="2"/><T90/><D115/><U8/><E84/><V88/><F124/><W19/><G19/><T47/><D47/><U0/><E85/><V98/><F60/><W61/><G61/><T83/><D123/><U119/><E119/><V72/><F72/><W112/><G112/><T74/><D122/><U31/><E46/><V6/><F87/><W63/><G63/><T2/><D74/><U20/><E45/><RYUUKYOKU ba="1,2" sc="260,15,255,-15,325,-15,140,15" hai0="1,2,3,12,13,15,29,30,83,90" hai3="10,11,27,28,32,38,39,56,57,59,93,96,103" /><INIT seed="6,2,2,3,2,120" ten="275,240,310,155" oya="2" hai0="51,12,133,94,85,121,57,126,4,77,86,52,76" hai1="99,41,6,92,15,44,82,45,24,8,38,108,28" hai2="114,66,0,55,117,2,30,127,70,100,62,91,39" hai3="89,36,27,42,97,125,74,22,63,124,14,50,80"/><V72/><F72/><W69/><G36/><T29/><D121/><U33/><E45/><V107/><F117/><W53/><G42/><T65/><D126/><N who="3" m="48745" /><G14/><T67/><D133/><U43/><E43/><V104/><F30/><N who="3" m="17783" /><G69/><T131/><D29/><U17/><E82/><V3/><F39/><W58/><G97/><T135/><D135/><U134/><E134/><V79/><F0/><W16/><G16/><T78/><D131/><U20/><E6/><V49/><F127/><W105/><G105/><T106/><D106/><U32/><REACH who="1" step="1"/><E108/><REACH who="1" ten="275,230,310,155" step="2"/><V132/><F132/><W13/><G74/><T109/><D109/><U9/><E9/><V31/><F2/><W35/><G35/><T7/><D7/><U115/><E115/><V25/><F114/><W34/><G34/><T88/><D86/><U111/><E111/><V103/><F3/><W47/><G13/><T5/><D4/><U40/><E40/><V81/><F25/><W23/><G23/><T112/><D112/><U118/><E118/><V96/><F104/><W60/><G47/><T75/><D75/><U21/><E21/><V95/><F107/><W19/><G19/><T68/><D68/><U59/><E59/><V128/><F31/><W64/><G64/><T48/><D48/><U113/><E113/><V119/><F119/><W71/><G71/><T56/><D56/><U83/><E83/><V90/><F70/><W87/><AGARI ba="2,3" hai="50,53,58,60,63,80,87,89" m="17783,48745" machi="87" ten="30,1100,0" yaku="18,1" doraHai="120" who="3" fromWho="3" sc="275,-5,230,-5,310,-7,155,47" /><INIT seed="7,0,0,5,1,117" ten="270,225,303,202" oya="3" hai0="83,135,122,70,16,11,63,6,59,101,39,7,103" hai1="125,110,107,120,79,115,78,41,77,94,47,89,86" hai2="100,118,32,58,128,56,3,8,99,53,67,26,82" hai3="51,92,10,114,34,74,13,60,4,14,119,64,124"/><W37/><G37/><T71/><D122/><U84/><E110/><V24/><F128/><W57/><G74/><T36/><D135/><U46/><E120/><V35/><F26/><W76/><G34/><T49/><D49/><U106/><E115/><V45/><F45/><W97/><G119/><T54/><D71/><U116/><E116/><V66/><F82/><W52/><G114/><T42/><D70/><U112/><E112/><V96/><F96/><W28/><G28/><T109/><D109/><U88/><E125/><V132/><F132/><W21/><G76/><T68/><D68/><U27/><E27/><V62/><F24/><W131/><G131/><T73/><D16/><U121/><E121/><V25/><F25/><W113/><G124/><T61/><D61/><U50/><REACH who="1" step="1"/><E47/><REACH who="1" ten="270,215,303,202" step="2"/><V33/><F118/><W127/><G127/><T69/><D69/><U75/><E75/><V95/><F33/><W23/><G113/><T1/><D6/><U65/><E65/><V12/><F67/><W44/><REACH who="3" step="1"/><G14/><REACH who="3" ten="270,215,303,192" step="2"/><T55/><D1/><U123/><E123/><V108/><F3/><W85/><G85/><T126/><D126/><U105/><E105/><V81/><F108/><W72/><G72/><T15/><D73/><U30/><E30/><V134/><F35/><W87/><G87/><T43/><D15/><U18/><E18/><V0/><F0/><W91/><AGARI ba="0,2" hai="4,10,13,21,23,44,51,52,57,60,64,91,92,97" machi="91" ten="20,18000,2" yaku="1,1,0,1,7,1,8,1,54,1,53,1" doraHai="117" doraHaiUra="9" who="3" fromWho="3" sc="270,-60,215,-60,303,-60,192,200" owari="210,-19.0,155,-34.5,243,4.3,392,49.2" /></mjloggm>