<mjloggm ver="2.3"><GO type="169" lobby="0"/><UN n0="%6B%73%77%72%74" n1="%E3%83%AA%E3%83%84%E3%83%9F%E3%82%B5%E3%83%B3" n2="%50%73%79%63%68%65" n3="%E8%82%89%E5%9B%A3%E5%AD%90%E5%85%88%E7%94%9F" dan="16,17,16,16" rate="2131.04,2205.03,2122.19,2086.95" sx="M,M,M,M"/><TAIKYOKU oya="0"/><INIT seed="0,0,0,2,4,59" ten="250,250,250,250" oya="0" hai0="104,100,55,92,77,127,52,70,56,129,89,85,63" hai1="115,128,22,78,9,62,1,72,57,23,130,30,69" hai2="43,32,109,46,50,134,81,31,84,17,110,20,75" hai3="0,44,8,94,28,120,86,102,6,124,14,29,114"/><T71/><D129/><N who="1" m="49771" /><E69/><V121/><F121/><W2/><G114/><T49/><D127/><U111/><E30/><V24/><F75/><W48/><G120/><T38/><D38/><U97/><E111/><V96/><F96/><W74/><G74/><T25/><D77/><U13/><E1/><V118/><F118/><W15/><G124/><T125/><D125/><U105/><E115/><V93/><F93/><W83/><G102/><T42/><D42/><U61/><E57/><V76/><REACH who="2" step="1"/><F134/><REACH who="2" ten="250,250,240,250" step="2"/><W5/><G94/><T54/><D104/><U106/><E106/><V37/><F37/><W26/><G83/><T131/><D100/><U12/><E97/><V119/><F119/><W87/><G86/><T33/><D131/><U45/><E105/><V58/><F58/><W90/><G87/><T18/><D71/><U51/><E72/><V66/><F66/><W7/><G44/><N who="0" m="27687" /><D70/><U126/><E126/><V135/><F135/><W122/><G122/><T113/><D113/><U41/><E78/><V67/><F67/><W36/><G36/><T117/><D117/><U99/><E99/><V40/><F40/><W64/><G64/><N who="0" m="39015" /><D33/><U107/><E107/><V79/><F79/><W103/><G0/><T53/><D55/><U133/><E133/><V16/><F16/><W123/><G2/><T39/><D39/><U35/><E35/><V11/><F11/><W21/><G8/><T88/><D89/><U116/><E116/><V3/><F3/><W19/><G90/><T112/><D112/><U10/><E41/><V108/><F108/><W132/><G123/><T60/><D60/><RYUUKYOKU ba="0,1" sc="250,15,250,-15,240,15,250,-15" hai0="18,25,53,54,85,88,92" hai2="17,20,24,31,32,43,46,50,76,81,84,109,110" /><INIT seed="0,1,1,3,2,95" ten="265,235,255,235" oya="0" hai0="126,67,47,15,52,135,88,134,1,14,112,83,45" hai1="54,113,13,10,118,19,20,28,104,82,33,86,43" hai2="53,18,17,60,107,44,116,66,133,6,25,30,61" hai3="105,58,100,7,3,97,123,62,96,71,94,21,85"/><T87/><D112/><U56/><E118/><V117/><F6/><W9/><G71/><T98/><D1/><U108/><E108/><V5/><F5/><W127/><G127/><T32/><D32/><U90/><E104/><V128/><F107/><W24/><G123/><T23/><D126/><U2/><E43/><V89/><F89/><W114/><G85/><T50/><D67/><U41/><E41/><V77/><F77/><W110/><G110/><T125/><D125/><U130/><E130/><V31/><F133/><N who="0" m="50698" /><D45/><U29/><E33/><V92/><F44/><W63/><G58/><T76/><D23/><U36/><E36/><V91/><F66/><W78/><G78/><T65/><D65/><U129/><E129/><V102/><F128/><W16/><REACH who="3" step="1"/><G114/><REACH who="3" ten="265,235,255,225" step="2"/><T119/><D119/><U74/><E113/><V72/><F117/><W48/><G48/><T26/><D26/><U69/><E69/><V122/><F25/><W111/><G111/><T131/><D131/><U55/><E56/><V37/><F116/><W22/><G22/><T59/><D59/><U79/><E20/><V40/><F122/><W101/><AGARI ba="1,2" hai="3,7,9,16,21,24,62,63,94,96,97,100,101,105" machi="101" ten="20,12000,2" yaku="1,1,0,1,7,1,52,2,54,1,53,0" doraHai="95" doraHaiUra="8" who="3" fromWho="3" sc="265,-61,235,-31,255,-31,225,143" /><INIT seed="1,0,0,2,1,1" ten="204,204,224,368" oya="1" hai0="4,22,10,111,58,69,0,15,131,48,65,83,128" hai1="101,33,78,89,50,116,112,9,74,126,8,59,72" hai2="5,97,42,11,24,77,17,37,46,119,67,63,109" hai3="82,93,27,26,85,80,114,53,43,61,99,6,86"/><U133/><E116/><V71/><F119/><W34/><G43/><T94/><D111/><U121/><E33/><V49/><F109/><W18/><G34/><T113/><D113/><U57/><E121/><V120/><F120/><W122/><G122/><T125/><D125/><U76/><E101/><V91/><F77/><W60/><G18/><T20/><D69/><U84/><E133/><V127/><F127/><W47/><G47/><T54/><D65/><U88/><E50/><V41/><F41/><W124/><G53/><T95/><D83/><U62/><E84/><V55/><F24/><W118/><G93/><T130/><D0/><U98/><E98/><V134/><F17/><W102/><G102/><T21/><AGARI ba="0,0" hai="4,10,15,20,21,22,48,54,58,94,95,128,130,131" machi="21" ten="40,5200,0" yaku="0,1,19,1,52,1" doraHai="1" who="0" fromWho="0" sc="204,52,204,-26,224,-13,368,-13" /><INIT seed="2,0,0,5,3,131" ten="256,178,211,355" oya="2" hai0="13,64,58,54,66,114,63,28,110,19,35,12,75" hai1="50,115,106,34,29,130,0,22,30,21,55,93,68" hai2="98,3,9,71,47,89,128,69,81,20,87,6,111" hai3="16,10,126,25,135,57,18,26,133,4,52,91,27"/><V77/><F128/><W53/><G126/><T44/><D114/><U80/><E106/><V65/><F111/><W7/><G91/><T97/><D75/><U46/><E0/><V96/><F65/><W88/><G88/><T74/><D74/><U125/><E68/><V41/><F20/><W61/><G53/><T129/><D129/><U23/><E34/><V37/><REACH who="2" step="1"/><F77/><REACH who="2" ten="256,178,201,355" step="2"/><W49/><G61/><T2/><D66/><U103/><E130/><V112/><F112/><W99/><G99/><AGARI ba="0,1" hai="3,6,9,37,41,47,69,71,81,87,89,96,98,99" machi="99" ten="40,3900,0" yaku="1,1,53,1" doraHai="131" doraHaiUra="38" who="2" fromWho="3" sc="256,0,178,0,201,49,355,-39" /><INIT seed="2,1,0,2,3,95" ten="256,178,250,316" oya="2" hai0="0,38,55,111,94,58,119,63,88,72,86,116,61" hai1="34,85,29,90,128,23,5,21,32,57,135,2,4" hai2="39,117,107,113,106,129,131,49,59,127,15,43,83" hai3="96,46,121,13,67,60,71,70,125,92,36,31,104"/><V8/><F117/><W130/><G121/><T115/><D115/><U110/><E57/><V62/><F113/><W28/><G130/><N who="2" m="49673" /><F39/><W16/><G104/><T26/><D0/><U52/><E128/><V133/><F83/><W27/><G71/><T33/><D111/><U48/><E110/><V54/><F133/><W123/><G125/><T120/><D120/><U78/><E78/><V18/><F127/><W7/><G7/><T17/><D72/><U30/><E2/><V114/><F114/><W22/><G123/><T132/><D132/><U74/><E74/><V122/><F122/><W97/><G92/><T40/><D63/><U98/><E85/><V89/><F89/><W80/><G80/><T109/><D109/><U42/><E42/><V44/><AGARI ba="1,0" hai="8,15,18,43,44,49,54,59,62,106,107" m="49673" machi="44" ten="30,1500,0" yaku="19,1" doraHai="95" who="2" fromWho="2" sc="256,-6,178,-6,250,18,316,-6" /><INIT seed="2,2,0,2,3,51" ten="250,172,268,310" oya="2" hai0="85,117,46,23,84,35,43,54,53,69,24,59,105" hai1="76,10,109,15,82,25,3,30,40,45,83,6,2" hai2="80,9,66,131,65,70,124,86,18,113,27,102,99" hai3="39,0,37,130,127,87,95,134,120,114,29,88,20"/><V8/><F113/><W32/><G20/><T121/><D121/><U61/><E109/><V62/><F131/><W79/><G29/><T128/><D35/><U11/><E61/><V81/><F124/><W92/><G32/><T98/><D69/><U5/><E15/><V111/><F66/><W4/><G4/><T91/><D128/><U77/><E77/><V36/><F36/><W68/><G0/><T119/><D105/><U103/><E103/><V96/><F111/><W13/><G13/><T44/><D98/><U108/><E76/><V56/><F70/><W28/><G28/><T47/><D43/><U38/><REACH who="1" step="1"/><E108/><REACH who="1" ten="250,162,268,310" step="2"/><V33/><F102/><W90/><G79/><T50/><D91/><U73/><E73/><V63/><F63/><W55/><G88/><T126/><D126/><U78/><E78/><V100/><F100/><W22/><G90/><T1/><D1/><U48/><E48/><V42/><F62/><W97/><G127/><T17/><D119/><U26/><E26/><V31/><F27/><W7/><G130/><T94/><D117/><U106/><E106/><V64/><F64/><W115/><G37/><T125/><D125/><U123/><E123/><V110/><F65/><W133/><G39/><T104/><D104/><U58/><E58/><V60/><F56/><W72/><G72/><T14/><D14/><U107/><E107/><V74/><F60/><W75/><G120/><T49/><D94/><U71/><E71/><V112/><F74/><W52/><G114/><T57/><AGARI ba="2,1" hai="17,23,24,44,46,47,49,50,53,54,57,59,84,85" machi="57" ten="30,8000,1" yaku="0,1,9,1,8,1,52,2" doraHai="51" who="0" fromWho="0" sc="250,96,162,-22,268,-42,310,-22" /><INIT seed="3,0,0,4,3,132" ten="346,140,226,288" oya="3" hai0="69,38,91,89,134,52,135,85,112,43,11,62,81" hai1="18,79,99,8,14,22,130,128,118,53,87,2,19" hai2="78,84,51,92,83,37,101,58,10,47,4,114,33" hai3="68,34,3,55,74,5,116,127,26,96,32,93,9"/><W100/><G116/><T88/><D112/><U65/><E65/><V108/><F114/><W94/><G74/><T42/><D11/><U21/><E99/><V45/><F33/><W25/><G68/><T95/><D69/><U67/><E67/><V54/><F108/><W20/><G55/><T29/><D29/><U119/><E87/><V41/><F101/><W126/><G93/><T115/><D115/><U107/><E53/><V39/><F92/><W60/><G60/><T75/><D75/><U40/><E79/><V59/><REACH who="2" step="1"/><F39/><REACH who="2" ten="346,140,216,288" step="2"/><W98/><G96/><T17/><D95/><U36/><E36/><V77/><F77/><W80/><G80/><T31/><D38/><U48/><E107/><V15/><AGARI ba="0,1" hai="4,10,15,37,41,45,47,51,54,58,59,78,83,84" machi="15" ten="20,2700,0" yaku="1,1,0,1,7,1,53,0" doraHai="132" doraHaiUra="133" who="2" fromWho="2" sc="346,-7,140,-7,216,37,288,-13" /><INIT seed="4,0,0,3,1,112" ten="339,133,253,275" oya="0" hai0="21,79,61,99,93,129,96,132,117,119,80,23,47" hai1="22,97,109,6,69,85,25,3,32,5,60,11,115" hai2="86,39,19,71,0,40,131,76,81,105,28,111,133" hai3="50,57,135,125,15,8,62,51,36,90,53,89,121"/><T35/><D35/><U66/><E109/><V82/><F111/><W63/><G135/><T92/><D132/><U67/><E67/><V130/><F133/><W110/><G125/><T2/><D2/><U100/><E6/><V14/><F105/><W20/><G36/><T43/><D129/><N who="2" m="49162" /><F71/><W88/><G121/><T37/><D61/><U91/><E115/><V84/><F28/><W31/><G110/><T59/><D59/><U98/><E32/><V114/><F0/><W38/><G38/><T78/><D80/><U102/><E102/><V27/><F27/><W33/><G33/><T1/><D1/><U95/><REACH who="1" step="1"/><E100/><REACH who="1" ten="339,123,253,275" step="2"/><V72/><F114/><W70/><G70/><T42/><D37/><U55/><E55/><V124/><F39/><W87/><G53/><T34/><D34/><U16/><AGARI ba="0,1" hai="3,5,11,16,22,25,60,66,69,85,91,95,97,98" machi="16" ten="20,8000,1" yaku="1,1,0,1,7,1,54,1,53,1" doraHai="112" doraHaiUra="12" who="1" fromWho="1" sc="339,-40,123,90,253,-20,275,-20" /><INIT seed="5,0,0,5,5,109" ten="299,213,233,255" oya="1" hai0="64,9,46,65,130,47,63,72,28,92,26,96,124" hai1="127,85,104,55,94,71,99,39,57,5,81,29,3" hai2="114,121,135,36,41,11,113,58,123,86,78,14,88" hai3="1,112,54,69,34,131,21,23,102,133,101,6,73"/><U79/><E71/><V51/><F78/><W119/><G54/><T24/><D72/><U20/><E39/><V18/><F36/><W53/><G53/><T49/><D124/><U27/><E127/><V37/><F37/><W56/><G56/><T12/><D130/><U62/><E3/><V8/><F135/><W115/><G69/><T60/><D60/><U45/><E104/><V83/><F11/><N who="3" m="2511" /><G73/><T74/><D74/><U108/><E108/><V118/><F118/><W59/><G59/><N who="0" m="36991" /><D28/><U103/><E5/><V132/><F132/><W67/><G67/><T105/><D105/><U120/><E120/><V82/><F82/><W15/><G133/><T126/><D65/><U48/><E45/><N who="0" m="16905" /><D49/><AGARI ba="0,0" hai="20,27,29,48,49,55,57,62,79,81,85,94,99,103" machi="49" ten="40,2000,0" yaku="8,1" doraHai="109" who="1" fromWho="0" sc="299,-20,213,20,233,0,255,0" /><INIT seed="5,1,0,4,0,26" ten="279,233,233,255" oya="1" hai0="30,74,113,21,123,78,17,34,107,90,5,104,102" hai1="0,117,7,89,68,9,103,119,120,46,66,129,45" hai2="28,75,53,33,32,36,57,80,73,85,83,23,40" hai3="86,96,67,106,64,99,51,55,22,132,115,62,77"/><U54/><E120/><V114/><F36/><W61/><G115/><T121/><D113/><U44/><E129/><V49/><F40/><W3/><G3/><T101/><D5/><U11/><E103/><V29/><F114/><W8/><G132/><T37/><D37/><U91/><E54/><V16/><F33/><W63/><G8/><T93/><D34/><U50/><E50/><V128/><F32/><W1/><G1/><T87/><D30/><N who="2" m="11882" /><F75/><W124/><G22/><T118/><D17/><U59/><E68/><V127/><F73/><W42/><G42/><T20/><D21/><U15/><E119/><V70/><F70/><W4/><G4/><T95/><D20/><U14/><E117/><V48/><F128/><W58/><G124/><T133/><D133/><U84/><E0/><V94/><F127/><W97/><G106/><T112/><D118/><U41/><E41/><V72/><F72/><W65/><G86/><T43/><D43/><U39/><E39/><V52/><BYE who="1" /><F94/><W130/><G130/><T71/><D112/><U125/><E125/><V2/><F85/><W116/><G116/><T111/><D71/><U109/><E109/><V13/><F2/><W24/><G24/><T92/><D111/><U56/><E56/><AGARI ba="1,0" hai="13,16,23,48,49,52,53,56,57,80,83" m="11882" machi="56" ten="30,12000,2" yaku="8,1,52,3,54,2" doraHai="26" who="2" fromWho="1" sc="279,0,233,-123,233,123,255,0" /><INIT seed="6,0,0,2,5,104" ten="279,110,356,255" oya="2" hai0="67,49,12,90,66,36,71,53,25,131,68,32,37" hai1="82,122,129,26,31,84,38,106,86,114,55,7,74" hai2="45,73,78,79,15,103,120,18,81,54,1,101,19" hai3="85,24,108,97,10,4,60,92,8,29,42,40,102"/><V89/><F1/><W58/><G108/><T98/><D131/><UN n1="%E3%83%AA%E3%83%84%E3%83%9F%E3%82%B5%E3%83%B3" /><U107/><E122/><V128/><F120/><W75/><G75/><T113/><D113/><U0/><E38/><V100/><F128/><W126/><G85/><T2/><D2/><U11/><E129/><V132/><F132/><W65/><G126/><T35/><D12/><U64/><E114/><V33/><F33/><W87/><G87/><T133/><D133/><U91/><E64/><V124/><F124/><W28/><G28/><T30/><D35/><U123/><E123/><V110/><F110/><W70/><G70/><T56/><D67/><U88/><E55/><V119/><F119/><W115/><G115/><T111/><D111/><U14/><E0/><V125/><F125/><W41/><REACH who="3" step="1"/><G4/><REACH who="3" ten="279,110,356,245" step="2"/><T21/><D71/><U52/><E74/><V94/><F73/><W135/><G135/><T130/><D130/><U95/><REACH who="1" step="1"/><E52/><REACH who="1" ten="279,100,356,245" step="2"/><V116/><F54/><W105/><G105/><T134/><D53/><U50/><E50/><V99/><F116/><W22/><AGARI ba="0,2" hai="8,10,22,24,29,40,41,42,58,60,65,92,97,102" machi="22" ten="30,8000,1" yaku="1,1,0,1,25,2,8,1,53,0" doraHai="104" doraHaiUra="72" who="3" fromWho="3" sc="279,-20,100,-20,356,-40,245,100" /><INIT seed="7,0,0,1,3,15" ten="259,80,316,345" oya="3" hai0="114,134,8,64,24,93,71,94,49,91,2,32,37" hai1="36,86,74,106,88,60,33,135,23,38,39,69,50" hai2="45,117,55,62,116,122,97,112,102,40,46,124,133" hai3="83,18,126,119,11,109,95,79,42,131,35,44,28"/><W72/><G119/><T30/><D37/><U77/><E33/><V4/><F4/><W47/><G131/><T104/><D134/><U105/><E135/><V56/><F133/><W51/><G126/><T68/><D114/><U58/><E74/><V127/><F112/><W7/><G35/><T115/><D115/><U90/><E69/><V54/><F97/><W10/><G28/><T89/><D104/><U75/><E75/><V80/><F80/><W120/><G120/><T99/><D64/><U14/><E77/><V59/><F102/><W29/><G29/><T9/><D49/><U73/><E73/><V63/><F40/><W118/><G118/><T0/><D9/><U26/><E90/><V121/><AGARI ba="0,0" hai="45,46,54,55,56,59,62,63,116,117,121,122,124,127" machi="121" ten="25,12000,2" yaku="0,1,22,2,34,3" doraHai="15" who="2" fromWho="2" sc="259,-30,80,-30,316,120,345,-60" owari="229,-17.1,50,-45.0,436,53.6,285,8.5" /></mjloggm>