<mjloggm ver="2.3"><GO type="169" lobby="0"/><UN n0="%E6%84%9B%E5%AA%9B%E7%9C%8C%E7%94%A3%E3%81%BF%E3%81%8B%E3%82%93" n1="%43%72%37" n2="%E3%83%A8%E3%82%B3%E3%83%86%E3%82%A3%E3%83%B3%40" n3="%6E%70%63%30%30%39" dan="16,17,16,16" rate="2156.77,2209.08,2081.03,2127.42" sx="M,M,M,M"/><TAIKYOKU oya="0"/><INIT seed="0,0,0,1,4,121" ten="250,250,250,250" oya="0" hai0="76,109,30,87,43,86,40,103,9,52,33,15,135" hai1="101,50,59,100,1,77,58,81,74,62,57,2,17" hai2="113,114,118,22,34,71,80,6,120,127,134,0,69" hai3="130,44,42,49,24,75,32,12,11,41,21,128,78"/><T18/><D135/><U96/><E101/><V26/><F80/><W89/><G32/><T29/><D103/><U25/><E50/><V123/><F69/><W117/><G117/><T107/><D107/><U93/><REACH who="1" step="1"/><E62/><REACH who="1" ten="250,240,250,250" step="2"/><V105/><F120/><W55/><G130/><T8/><D43/><U111/><E111/><V79/><F123/><W27/><G128/><T60/><D109/><U110/><E110/><V131/><F118/><W48/><G42/><T132/><D40/><U36/><E36/><V72/><F113/><W10/><G49/><T91/><D132/><U51/><E51/><V90/><F114/><W14/><G41/><T63/><D63/><U35/><E35/><V92/><F34/><W99/><G48/><T56/><D33/><U23/><AGARI ba="0,1" hai="1,2,17,23,25,57,58,59,74,77,81,93,96,100" machi="23" ten="30,2000,0" yaku="1,1,0,1,53,0" doraHai="121" doraHaiUra="45" who="1" fromWho="1" sc="250,-10,240,30,250,-5,250,-5" /><INIT seed="1,0,0,4,5,86" ten="240,270,245,245" oya="1" hai0="103,75,57,102,131,13,121,109,83,10,95,52,91" hai1="125,64,36,5,17,77,40,31,110,51,2,97,44" hai2="59,32,35,132,41,4,122,65,29,74,84,68,123" hai3="0,3,88,47,8,120,130,117,38,56,39,21,104"/><U126/><E31/><V114/><F74/><W116/><G104/><T85/><D109/><U71/><E77/><V108/><F68/><W76/><G76/><T6/><D131/><U58/><E5/><V111/><F132/><W94/><G120/><T37/><D37/><N who="3" m="13833" /><G8/><T92/><D121/><U42/><E2/><V43/><F4/><W119/><G130/><T7/><D7/><U62/><E17/><V9/><F84/><N who="3" m="52487" /><G47/><T127/><D127/><N who="1" m="48651" /><E97/><V14/><F14/><W63/><G21/><T105/><D75/><U89/><E89/><V19/><F9/><W72/><G72/><T82/><D95/><U118/><E110/><V87/><F87/><W128/><G128/><T27/><D27/><U48/><E40/><V73/><F73/><W124/><G124/><T70/><D105/><U93/><E93/><V69/><F41/><W26/><G26/><T53/><D82/><U55/><E118/><N who="3" m="30210" /><W33/><DORA hai="100" /><G33/><T96/><D103/><U112/><E112/><V24/><F35/><W113/><G113/><T12/><D102/><U22/><E22/><V135/><F32/><W107/><G107/><T90/><D10/><U28/><E28/><V60/><F114/><W78/><G78/><T79/><D79/><U67/><E67/><AGARI ba="0,0" hai="0,3,56,63,67" m="30210,52487,13833" machi="67" ten="40,5200,0" yaku="12,1,52,1,54,1" doraHai="86,100" who="3" fromWho="1" sc="240,0,270,-52,245,0,245,52" /><INIT seed="2,0,0,5,4,25" ten="240,218,245,297" oya="2" hai0="0,91,67,128,33,70,110,19,31,99,11,5,17" hai1="123,121,46,39,23,107,79,18,133,134,9,132,2" hai2="38,100,15,34,59,49,10,32,47,21,83,92,41" hai3="95,62,102,118,88,85,53,50,74,71,51,72,1"/><V80/><F34/><W76/><G1/><T116/><D70/><U96/><E79/><V54/><F32/><W111/><G111/><T119/><D67/><U37/><E107/><V30/><F100/><W73/><G118/><N who="0" m="45099" /><D99/><U131/><E96/><V122/><F122/><N who="1" m="46601" /><E46/><V45/><F45/><W109/><G109/><T101/><D91/><U108/><E108/><V14/><F92/><W112/><G112/><T93/><D93/><U48/><E48/><V44/><F44/><W56/><G102/><T103/><D103/><U12/><E131/><V129/><F129/><W97/><REACH who="3" step="1"/><G71/><REACH who="3" ten="240,218,245,287" step="2"/><T6/><D128/><U36/><E2/><V94/><F94/><W35/><G35/><T77/><D101/><U55/><E55/><V52/><F80/><AGARI ba="0,1" hai="50,51,53,56,62,72,73,74,76,80,85,88,95,97" machi="80" ten="40,2600,0" yaku="1,1,54,1,53,0" doraHai="25" doraHaiUra="69" who="3" fromWho="2" sc="240,0,218,0,245,-26,287,36" /><INIT seed="3,0,0,1,5,91" ten="240,218,219,323" oya="3" hai0="82,134,74,24,0,114,109,81,90,122,69,117,116" hai1="57,38,105,37,50,123,93,58,47,104,8,2,115" hai2="113,77,46,112,60,52,59,78,35,20,16,39,22" hai3="17,44,132,99,54,1,51,29,76,121,106,87,19"/><W31/><G121/><T119/><D0/><U11/><E123/><V89/><F35/><W62/><G1/><T3/><D3/><U108/><E2/><V83/><F22/><W126/><G132/><T48/><D69/><U120/><E120/><V72/><F78/><W102/><G126/><T33/><D122/><U26/><E47/><V75/><F75/><W68/><G76/><T130/><D48/><U36/><E50/><V27/><REACH who="2" step="1"/><F89/><REACH who="2" ten="240,218,209,323" step="2"/><W92/><G31/><T18/><D90/><U61/><E115/><V71/><F71/><W98/><G29/><T66/><D33/><U131/><E8/><V97/><F97/><W34/><G34/><T4/><D114/><U73/><E11/><V10/><F10/><W28/><G28/><T21/><D74/><U7/><E73/><V111/><F111/><W13/><G87/><T12/><D21/><U70/><E70/><V14/><F14/><W43/><G13/><T101/><D12/><U103/><E108/><V42/><AGARI ba="0,1" hai="16,20,27,39,42,46,52,59,60,72,77,83,112,113" machi="42" ten="30,8000,1" yaku="1,1,0,1,54,2,53,1" doraHai="91" doraHaiUra="15" who="2" fromWho="2" sc="240,-20,218,-20,209,90,323,-40" /><INIT seed="4,0,0,1,3,0" ten="220,198,299,283" oya="0" hai0="14,103,100,114,105,53,29,8,95,106,124,58,30" hai1="129,117,133,134,16,127,108,52,72,23,22,9,41" hai2="37,15,5,71,4,62,116,25,49,69,98,34,81" hai3="97,75,92,31,1,66,39,10,78,18,77,107,63"/><T94/><D114/><U118/><E72/><V65/><F37/><W125/><G39/><T89/><D124/><U87/><E41/><V130/><F71/><W11/><G107/><T6/><D106/><U67/><E67/><V135/><F135/><N who="1" m="51721" /><E87/><V59/><F130/><W28/><G75/><T48/><D105/><U64/><E64/><V101/><F81/><W55/><G55/><T54/><D54/><U70/><E70/><V119/><F15/><N who="3" m="7543" /><G1/><T86/><REACH who="0" step="1"/><D103/><REACH who="0" ten="210,198,299,283" step="2"/><U50/><E127/><V79/><F116/><N who="1" m="44649" /><E129/><V43/><F119/><W45/><G125/><T17/><D17/><U85/><E108/><V35/><F43/><W60/><G66/><T24/><D24/><U90/><E16/><V47/><F25/><W20/><G31/><T83/><D83/><N who="1" m="49471" /><E9/><V126/><F126/><W21/><G28/><T115/><D115/><U36/><E36/><V61/><F101/><W56/><G11/><T111/><D111/><U82/><E82/><V26/><F26/><W84/><G21/><T2/><D2/><U74/><E74/><V122/><F35/><W88/><G20/><T121/><D121/><U91/><E22/><V120/><F34/><W104/><G104/><T76/><D76/><U123/><E23/><V128/><F79/><W68/><G78/><T7/><D7/><U12/><E123/><V113/><F4/><W112/><G112/><T110/><D110/><U19/><E91/><V40/><F120/><W46/><G77/><T96/><AGARI ba="0,1" hai="6,8,14,29,30,48,53,58,86,89,94,95,96,100" machi="96" ten="30,12000,1" yaku="1,1,0,1,8,1,52,1,53,1" doraHai="0" doraHaiUra="44" who="0" fromWho="0" sc="210,130,198,-40,299,-40,283,-40" /><INIT seed="4,1,0,1,0,44" ten="340,158,259,243" oya="0" hai0="30,85,34,76,58,27,86,118,62,124,40,52,97" hai1="53,81,61,89,48,122,79,80,112,88,16,77,73" hai2="54,127,68,104,131,92,6,9,107,121,18,78,37" hai3="46,29,28,35,108,38,4,120,106,96,60,66,5"/><T102/><D118/><U57/><E122/><V128/><F121/><W21/><G108/><T90/><D124/><U134/><E134/><V3/><F127/><W135/><G135/><T45/><D76/><U8/><E112/><V41/><F68/><W11/><G120/><T2/><D90/><U39/><E39/><V91/><F78/><W15/><G4/><T22/><D34/><U84/><REACH who="1" step="1"/><E61/><REACH who="1" ten="340,148,259,243" step="2"/><V109/><F37/><W72/><G60/><T132/><D132/><U113/><E113/><V20/><F109/><W87/><G38/><T105/><D2/><U123/><E123/><V71/><F128/><W116/><G116/><T70/><D70/><U98/><E98/><V69/><F131/><W95/><G96/><T49/><AGARI ba="1,1" hai="22,27,30,40,45,49,52,58,62,85,86,97,102,105" machi="49" ten="20,7800,0" yaku="0,1,7,1,52,1,54,1" doraHai="44" who="0" fromWho="0" sc="340,91,148,-27,259,-27,243,-27" /><INIT seed="4,2,0,0,1,54" ten="431,121,232,216" oya="0" hai0="89,122,4,47,59,55,105,87,16,88,108,62,133" hai1="52,0,90,44,79,115,41,120,109,49,97,24,83" hai2="106,11,14,127,125,72,132,1,2,123,45,92,51" hai3="99,39,7,38,70,67,81,30,48,85,128,12,75"/><T82/><D122/><U69/><E120/><V135/><F123/><W58/><G75/><T22/><D105/><U10/><E109/><V26/><F72/><W98/><G128/><T57/><D133/><N who="2" m="51274" /><F106/><W46/><G30/><T102/><D4/><U117/><E117/><V34/><F26/><W25/><G70/><T60/><D102/><U71/><E115/><V111/><F92/><W77/><G39/><T112/><D108/><U65/><E65/><V91/><F91/><W110/><G38/><T3/><D3/><N who="2" m="1034" /><F34/><W8/><G25/><N who="0" m="14535" /><D112/><U66/><E66/><V63/><F63/><N who="0" m="24106" /><D89/><U61/><E24/><V80/><F80/><W13/><G13/><T37/><D37/><U93/><E0/><V28/><F28/><W9/><G9/><T103/><D103/><U124/><E10/><V21/><F111/><W18/><G18/><T78/><D78/><U6/><E6/><N who="2" m="3447" /><F21/><W131/><G110/><T29/><D29/><U5/><E5/><V31/><F31/><W32/><G32/><T95/><D82/><U74/><REACH who="1" step="1"/><E124/><REACH who="1" ten="431,111,232,216" step="2"/><V118/><F118/><W35/><G35/><T113/><D113/><U53/><E53/><AGARI ba="2,1" hai="45,51,53,125,127" m="3447,1034,51274" machi="53" ten="30,1000,0" yaku="20,1" doraHai="54" who="2" fromWho="1" sc="431,0,111,-16,232,26,216,0" /><INIT seed="5,0,0,4,4,90" ten="431,95,258,216" oya="1" hai0="96,84,3,8,95,68,63,49,88,11,129,4,75" hai1="66,44,14,50,7,91,13,103,16,60,76,54,79" hai2="33,92,34,120,58,86,23,22,100,123,65,62,18" hai3="41,30,32,9,132,64,2,74,55,20,26,61,110"/><U102/><E7/><V130/><F130/><W105/><G132/><T57/><D75/><U27/><E13/><V43/><F43/><W12/><G110/><T42/><D68/><U40/><E27/><V134/><F134/><W70/><G74/><T6/><D129/><U31/><E31/><V77/><F77/><W135/><G135/><T10/><D3/><U97/><E40/><V122/><F23/><W108/><G108/><T124/><D124/><U21/><E91/><V87/><F100/><W127/><G127/><T80/><D49/><U36/><E103/><V109/><F109/><W94/><G105/><T107/><D107/><U15/><E15/><V59/><F58/><W115/><G115/><T81/><D42/><U51/><E50/><V5/><F5/><N who="0" m="2154" /><D96/><U19/><E19/><V126/><F126/><W116/><G116/><T117/><D117/><U35/><E35/><V17/><F17/><W47/><G2/><T93/><D81/><U106/><REACH who="1" step="1"/><E36/><REACH who="1" ten="431,85,258,216" step="2"/><V39/><F39/><W133/><G133/><T67/><AGARI ba="0,1" hai="8,10,11,57,63,67,80,84,88,93,95" m="2154" machi="67" ten="30,7900,0" yaku="8,1,52,2,54,1" doraHai="90" who="0" fromWho="0" sc="431,89,85,-39,258,-20,216,-20" /><INIT seed="6,0,0,3,4,12" ten="520,46,238,196" oya="2" hai0="72,73,40,109,101,39,37,84,104,97,33,123,95" hai1="89,56,64,1,61,114,110,48,70,60,88,118,125" hai2="17,90,130,26,50,54,91,7,102,93,96,10,119" hai3="99,3,92,44,11,76,134,52,43,135,16,8,124"/><V79/><F130/><W5/><G76/><T49/><D109/><U34/><E118/><V6/><F119/><W69/><G69/><T36/><D33/><U18/><E110/><V77/><F7/><W127/><G43/><T117/><D123/><U87/><E114/><V120/><F120/><W51/><G92/><T4/><D4/><U27/><E125/><N who="3" m="48202" /><G99/><T74/><D117/><U107/><E1/><V112/><F112/><W105/><G105/><T132/><D132/><U57/><E107/><V31/><F91/><W85/><G85/><T28/><D28/><U83/><E48/><V23/><F102/><W38/><G38/><T80/><D49/><U111/><E111/><V94/><F93/><W41/><G41/><T46/><REACH who="0" step="1"/><D104/><REACH who="0" ten="510,46,238,196" step="2"/><U131/><E131/><V108/><F31/><W19/><G8/><T9/><D9/><U113/><E113/><V100/><F108/><W55/><G55/><T98/><D98/><U126/><E126/><V53/><F53/><W128/><G128/><T25/><D25/><U66/><E70/><V58/><REACH who="2" step="1"/><F100/><REACH who="2" ten="510,46,228,196" step="2"/><W14/><G3/><AGARI ba="0,2" hai="3,6,10,17,23,26,50,54,58,77,79,90,94,96" machi="3" ten="30,12000,1" yaku="1,1,2,1,7,1,52,1,53,1" doraHai="12" doraHaiUra="21" who="2" fromWho="3" sc="510,0,46,0,228,140,196,-120" /><INIT seed="6,1,0,2,5,3" ten="510,46,368,76" oya="2" hai0="104,83,135,50,95,30,126,25,63,117,16,70,71" hai1="107,133,119,94,123,79,113,86,121,7,116,122,101" hai2="29,1,65,32,85,96,106,77,108,118,111,23,37" hai3="36,64,28,105,26,46,38,60,35,132,67,0,14"/><V57/><F118/><N who="1" m="45097" /><E7/><V91/><F1/><W56/><G0/><T100/><D117/><U34/><E34/><V17/><F37/><W27/><G105/><T97/><D126/><U18/><E18/><V98/><F77/><W22/><G132/><T15/><D135/><U6/><E6/><V84/><F29/><W9/><G67/><T129/><D129/><U66/><E66/><V31/><F31/><W45/><G45/><T44/><D83/><N who="1" m="47487" /><E133/><V47/><F32/><W125/><G125/><T54/><D95/><U8/><E8/><V58/><F47/><W110/><G110/><N who="2" m="42025" /><F65/><W90/><G90/><T40/><D97/><N who="2" m="37482" /><F106/><W93/><G93/><T81/><D104/><U21/><E21/><V134/><F134/><W89/><G89/><T68/><D100/><U52/><E107/><V39/><F39/><W78/><G78/><T124/><D124/><U76/><E76/><V11/><F11/><W10/><G10/><T92/><D30/><U102/><E52/><V51/><F51/><W33/><G33/><T43/><D63/><U82/><E113/><V80/><F84/><W13/><G36/><T75/><D50/><U109/><E109/><V41/><F41/><N who="3" m="22839" /><G9/><N who="0" m="6255" /><D54/><U61/><E61/><V112/><F112/><W130/><G130/><T69/><D44/><U4/><E4/><V73/><F73/><W99/><G99/><T24/><D43/><U72/><E94/><V2/><F2/><W128/><G128/><T48/><N who="0" m="17408" /><DORA hai="12" /><T55/><D92/><U49/><E49/><V5/><F5/><W103/><G103/><N who="1" m="39434" /><E72/><V88/><F91/><W19/><AGARI ba="1,0" hai="13,14,19,22,26,27,28,35,56,60,64" m="22839" machi="19" ten="30,2000,0" yaku="5,1,52,1" doraHai="3,12" who="3" fromWho="3" sc="510,-6,46,-6,368,-11,76,23" /><INIT seed="7,0,0,3,3,112" ten="504,40,357,99" oya="3" hai0="86,93,52,68,8,18,13,121,46,62,29,95,42" hai1="57,59,58,124,38,77,79,17,31,26,85,89,132" hai2="73,30,131,36,120,115,83,100,126,48,3,25,70" hai3="84,113,43,122,111,110,2,71,119,81,125,10,6"/><W27/><G71/><T69/><D121/><U15/><E132/><V135/><RYUUKYOKU type="yao9" ba="0,0" sc="504,0,40,0,357,0,99,0" hai2="3,25,30,36,48,70,73,83,100,115,120,126,131,135" /><INIT seed="7,1,0,4,5,92" ten="504,40,357,99" oya="3" hai0="98,28,39,43,103,70,45,56,60,115,96,18,66" hai1="8,26,11,109,58,128,29,61,54,74,40,69,116" hai2="71,5,23,135,88,10,19,104,73,3,46,31,30" hai3="55,21,34,125,81,51,85,9,35,97,108,78,93"/><W47/><G125/><T87/><D115/><U63/><E109/><V38/><F71/><W4/><G21/><T133/><D133/><U105/><E128/><V79/><F104/><W122/><G122/><T64/><D28/><U126/><E126/><V113/><F113/><W111/><G111/><T101/><D66/><U100/><E74/><V80/><F135/><W72/><G72/><T16/><D87/><U86/><E40/><N who="2" m="22807" /><F88/><W14/><REACH who="3" step="1"/><G108/><REACH who="3" ten="504,40,357,89" step="2"/><T65/><D70/><U134/><E134/><V129/><F129/><W82/><G82/><T7/><D65/><N who="1" m="41135" /><E116/><V42/><F42/><W95/><G95/><T107/><D64/><U48/><E86/><V76/><F76/><W127/><G127/><T41/><D41/><U77/><E77/><V36/><F36/><W118/><G118/><T59/><D39/><U102/><E102/><AGARI ba="1,1" hai="4,9,14,34,35,47,51,55,78,81,85,93,97,102" machi="102" ten="30,5800,0" yaku="1,1,7,1,52,1,53,0" doraHai="92" doraHaiUra="27" who="3" fromWho="1" sc="504,0,40,-61,357,0,89,71" owari="504,60.4,-21,-52.1,357,15.7,160,-24.0" /></mjloggm>