<mjloggm ver="2.3"><GO type="169" lobby="0"/><UN n0="%E3%83%8E%E3%82%AA%E3%83%81%E3%83%A3%E3%83%99%E3%82%B9" n1="%4E%6F%2E%30%30%30%31" n2="%E3%83%A8%E3%82%B3%E3%83%86%E3%82%A3%E3%83%B3%40" n3="%E3%82%82%E3%81%93%E3%81%BF" dan="16,17,16,16" rate="2155.78,2158.53,2078.83,2077.50" sx="M,F,M,M"/><TAIKYOKU oya="0"/><INIT seed="0,0,0,2,4,120" ten="250,250,250,250" oya="0" hai0="48,79,116,13,70,8,89,41,33,75,42,125,34" hai1="28,93,78,77,97,81,83,9,37,4,51,40,129" hai2="88,99,56,20,25,105,21,57,134,109,49,104,2" hai3="96,43,46,45,16,106,135,94,71,65,69,101,17"/><T86/><D70/><U113/><E129/><V31/><F2/><W68/><G135/><T76/><D116/><U18/><E113/><V117/><F117/><W35/><G35/><T38/><D38/><U132/><E132/><V19/><F134/><W36/><G65/><T60/><D60/><U66/><E66/><V61/><F49/><W108/><G108/><T63/><D63/><U122/><E28/><V121/><F109/><W85/><REACH who="3" step="1"/><G45/><REACH who="3" ten="250,250,250,240" step="2"/><T1/><D34/><U24/><E122/><V23/><F121/><W73/><G73/><T91/><D33/><U119/><E119/><V6/><F104/><W112/><G112/><T27/><D75/><U133/><E133/><V130/><F105/><W102/><G102/><T44/><D125/><U118/><E118/><V127/><F127/><W90/><AGARI ba="0,1" hai="16,17,36,43,46,68,69,71,85,90,94,96,101,106" machi="90" ten="40,5200,0" yaku="1,1,0,1,54,1,53,0" doraHai="120" doraHaiUra="29" who="3" fromWho="3" sc="250,-26,250,-13,250,-13,240,62" /><INIT seed="1,0,0,4,3,94" ten="224,237,237,302" oya="1" hai0="6,14,72,32,116,65,101,113,49,133,132,122,92" hai1="77,66,50,115,4,109,26,98,90,12,35,105,97" hai2="52,99,121,8,134,127,93,28,23,57,86,20,95" hai3="60,17,118,124,110,19,44,1,29,36,74,117,68"/><U81/><E115/><V13/><F121/><W123/><G29/><T135/><D113/><U41/><E105/><V79/><F134/><W69/><G74/><T87/><D72/><U91/><E66/><V80/><F127/><W108/><G1/><T70/><D116/><N who="3" m="44649" /><G123/><T83/><D122/><U40/><E26/><V71/><F71/><N who="3" m="27211" /><G60/><T16/><D32/><U130/><E35/><V3/><F3/><W73/><G73/><T46/><D6/><U125/><E125/><V89/><F93/><W39/><G44/><T47/><D65/><U111/><E130/><V31/><F31/><W27/><G27/><T43/><D47/><N who="1" m="25959" /><E41/><V25/><F23/><W37/><G124/><T85/><D70/><U100/><E100/><V78/><F8/><W21/><G21/><N who="0" m="11415" /><D83/><U33/><E33/><V120/><F13/><W24/><G24/><T55/><D43/><U48/><E48/><N who="2" m="30855" /><F120/><W84/><G84/><T107/><D107/><U11/><E90/><AGARI ba="0,0" hai="20,25,28,78,79,80,86,89,90,95,99" m="30855" machi="90" ten="30,3900,0" yaku="8,1,52,1,54,1" doraHai="94" who="2" fromWho="1" sc="224,0,237,-39,237,39,302,0" /><INIT seed="2,0,0,4,4,111" ten="224,198,276,302" oya="2" hai0="123,134,15,11,54,38,49,5,127,13,102,117,27" hai1="0,30,124,75,80,76,55,133,62,40,84,121,83" hai2="125,73,101,41,85,77,24,28,20,60,118,7,74" hai3="116,33,3,66,109,21,39,57,131,35,18,6,4"/><V59/><F125/><W104/><G39/><T69/><D38/><U64/><E124/><V17/><F118/><W114/><G57/><T26/><D127/><U92/><E0/><V22/><F7/><W9/><G66/><T23/><D123/><U105/><E105/><V100/><F41/><W12/><G104/><T52/><D69/><U94/><E40/><V48/><F48/><W108/><G116/><T129/><D117/><U14/><E133/><V97/><F73/><W37/><G37/><T44/><D134/><U19/><E55/><V103/><F74/><W42/><G42/><T71/><D71/><U120/><E30/><V34/><F34/><N who="3" m="12811" /><G131/><T79/><D129/><U107/><E107/><V32/><F32/><W63/><G63/><T10/><D102/><U135/><E135/><V45/><F45/><W95/><G95/><T110/><D110/><N who="3" m="42601" /><G4/><N who="0" m="3271" /><D79/><U36/><E36/><V51/><F51/><W16/><G18/><N who="0" m="12663" /><D27/><U56/><E120/><V68/><F68/><W115/><AGARI ba="0,0" hai="3,6,9,12,16,21,114,115" m="42601,12811" machi="115" ten="40,12000,2" yaku="14,1,34,2,52,2,54,1" doraHai="111" who="3" fromWho="3" sc="224,-30,198,-30,276,-60,302,120" /><INIT seed="3,0,0,2,0,59" ten="194,168,216,422" oya="3" hai0="135,91,127,31,132,42,6,3,73,13,70,120,103" hai1="52,86,61,34,80,74,134,14,23,51,81,122,33" hai2="85,32,72,87,84,15,99,17,35,48,82,110,108" hai3="75,67,62,92,95,28,93,46,112,5,113,26,121"/><W45/><G121/><T94/><D73/><U69/><E122/><V102/><F48/><W47/><G75/><T131/><D120/><U22/><E134/><V39/><F39/><W1/><G1/><T24/><D3/><U36/><E36/><V10/><F72/><W97/><G5/><T115/><D103/><U100/><E100/><V0/><F0/><W8/><G8/><T58/><D70/><U76/><E33/><V29/><F82/><W53/><G53/><T9/><D42/><U66/><E14/><V12/><F12/><W68/><REACH who="3" step="1"/><G97/><REACH who="3" ten="194,168,216,412" step="2"/><T50/><D132/><U77/><REACH who="1" step="1"/><E34/><AGARI ba="0,1" hai="26,28,34,45,46,47,62,67,68,92,93,95,112,113" machi="34" ten="40,7700,0" yaku="1,1,2,1,52,1,53,0" doraHai="59" doraHaiUra="11" who="3" fromWho="1" sc="194,0,168,-77,216,0,412,87" /><INIT seed="3,1,0,5,0,92" ten="194,91,216,499" oya="3" hai0="129,74,3,123,71,55,19,113,44,8,122,59,69" hai1="37,34,99,80,75,23,100,133,105,18,79,56,14" hai2="90,6,78,112,5,66,82,84,86,1,61,125,33" hai3="31,104,76,17,106,12,16,94,15,128,97,11,35"/><W109/><G128/><T81/><D129/><U116/><E133/><V41/><F112/><W48/><G109/><T83/><D44/><U114/><E114/><V68/><F33/><W102/><G76/><T60/><D113/><U24/><E116/><V47/><F1/><W98/><G35/><T54/><D3/><U29/><E56/><V93/><REACH who="2" step="1"/><F125/><REACH who="2" ten="194,91,206,499" step="2"/><W7/><G31/><T45/><D123/><U58/><E58/><V2/><F2/><W46/><G12/><T134/><D122/><U120/><E120/><V51/><AGARI ba="1,1" hai="5,6,41,47,51,61,66,68,78,82,84,86,90,93" machi="51" ten="20,2700,0" yaku="1,1,0,1,7,1,53,0" doraHai="92" doraHaiUra="4" who="2" fromWho="2" sc="194,-8,91,-8,206,40,499,-14" /><INIT seed="4,0,0,4,3,21" ten="186,83,246,485" oya="0" hai0="97,55,18,121,32,111,29,113,7,6,102,43,0" hai1="114,25,107,133,115,116,75,45,105,83,23,106,64" hai2="8,91,34,96,52,98,12,58,19,104,132,48,62" hai3="51,49,39,37,101,117,109,81,79,47,90,87,31"/><T16/><D43/><U61/><E116/><V78/><F132/><W40/><G109/><T135/><D121/><U95/><E133/><V100/><F34/><W41/><G117/><T27/><D135/><U92/><E45/><V5/><F78/><W77/><G101/><T126/><D111/><U20/><E20/><V71/><F91/><W134/><G134/><T93/><D113/><N who="1" m="43019" /><E83/><V63/><F71/><W42/><G31/><T82/><D126/><U60/><E75/><V72/><F72/><W26/><G26/><T84/><D55/><U88/><E64/><V4/><REACH who="2" step="1"/><F96/><REACH who="2" ten="186,83,236,485" step="2"/><W33/><G33/><T130/><D130/><U110/><E110/><V50/><F50/><W123/><G123/><T99/><D99/><N who="1" m="57735" /><E95/><V57/><F57/><W119/><G119/><T118/><D118/><U35/><E35/><V11/><F11/><W44/><G41/><T129/><D129/><U128/><E128/><V67/><F67/><W54/><G54/><T127/><D127/><U24/><E23/><V1/><F1/><W14/><G79/><T125/><D125/><U86/><E86/><V65/><F65/><W69/><G77/><T103/><D102/><U13/><E13/><V22/><F22/><W59/><G14/><T30/><D0/><U56/><E56/><V15/><F15/><W120/><G69/><T66/><D66/><U80/><E80/><V28/><F28/><W74/><G74/><T38/><D29/><U53/><E53/><V131/><F131/><W112/><G112/><T108/><D108/><U9/><E9/><V89/><F89/><W124/><G124/><RYUUKYOKU ba="0,1" sc="186,-15,83,15,236,15,485,-15" hai1="24,25,60,61,105,106,107" hai2="4,5,8,12,19,48,52,58,62,63,98,100,104" /><INIT seed="5,1,1,2,4,45" ten="171,98,251,470" oya="1" hai0="128,87,97,8,124,127,31,63,67,77,89,135,36" hai1="14,65,112,18,126,51,100,75,86,24,118,96,99" hai2="54,78,21,101,29,104,133,85,19,123,69,70,56" hai3="43,50,74,13,4,11,90,94,84,103,26,72,17"/><U83/><E118/><V92/><F123/><W59/><G103/><T131/><D36/><U130/><E75/><V62/><F133/><W25/><G74/><T117/><D31/><U76/><E112/><V39/><F39/><W82/><G72/><T41/><D41/><U27/><E130/><N who="0" m="49705" /><D8/><U91/><E126/><N who="0" m="48169" /><D63/><U119/><E119/><V47/><F104/><W55/><G43/><T80/><D67/><U40/><E65/><V42/><F29/><W98/><G4/><T132/><D117/><U49/><E76/><V30/><F30/><W105/><G105/><T46/><D46/><U53/><E40/><V111/><F47/><W113/><G113/><T66/><D66/><U3/><E3/><V28/><F28/><W35/><G35/><T129/><D129/><U57/><E49/><V44/><F44/><W122/><G122/><T52/><D52/><U32/><E32/><V10/><F42/><W58/><G58/><T61/><D61/><U15/><E15/><V5/><F69/><W114/><G114/><T68/><D68/><U9/><REACH who="1" step="1"/><E99/><REACH who="1" ten="171,88,251,470" step="2"/><V7/><F70/><W110/><G98/><T81/><D97/><U60/><E60/><V38/><F62/><W121/><G121/><T23/><D23/><U33/><E33/><V16/><F21/><W102/><G13/><T22/><D22/><U0/><E0/><V125/><F38/><W2/><G2/><T120/><D120/><U6/><E6/><V71/><F5/><W1/><G1/><T93/><D77/><U12/><E12/><V20/><F125/><W64/><G64/><T116/><D116/><RYUUKYOKU ba="1,2" sc="171,15,88,15,251,-15,470,-15" hai0="80,81,87,89,93,132,135" hai1="9,14,18,24,27,51,53,57,83,86,91,96,100" /><INIT seed="5,2,2,3,2,9" ten="186,103,236,455" oya="1" hai0="57,72,102,28,20,46,76,70,12,124,110,88,84" hai1="62,66,11,135,32,23,27,34,24,111,60,83,47" hai2="52,100,0,69,3,122,19,96,106,101,4,77,44" hai3="125,80,92,119,36,64,120,116,50,16,41,65,133"/><U42/><E135/><V99/><F122/><W105/><G105/><T61/><D70/><U103/><E111/><V107/><F69/><W14/><G36/><T89/><D110/><U73/><E103/><V109/><F109/><W35/><G35/><T7/><D72/><U45/><E11/><V8/><F77/><W40/><G125/><T113/><D124/><U29/><E34/><V95/><F95/><W43/><G120/><T115/><D46/><U132/><E132/><V128/><F128/><W91/><G80/><T112/><D102/><U55/><E55/><V67/><F67/><W81/><G81/><N who="0" m="47143" /><D28/><U82/><E47/><V10/><F19/><W74/><G50/><T39/><D39/><U1/><E1/><V130/><F130/><W58/><G74/><T54/><D7/><U68/><E60/><V117/><F117/><N who="3" m="45131" /><G58/><T13/><D20/><U123/><E123/><V131/><F131/><W51/><G51/><T21/><D21/><U15/><E73/><V6/><F44/><W56/><G56/><T118/><D118/><U104/><E104/><V86/><F86/><N who="3" m="52343" /><G133/><T108/><D108/><U85/><E85/><V30/><F30/><W37/><G37/><T22/><D22/><AGARI ba="2,2" hai="14,16,22,40,41,43,64,65" m="52343,45131" machi="22" ten="30,3900,0" yaku="12,1,52,1,54,1" doraHai="9" who="3" fromWho="0" sc="186,-45,103,0,236,0,455,65" /><INIT seed="6,0,0,4,3,26" ten="141,103,236,520" oya="2" hai0="122,16,43,66,85,108,112,119,62,110,102,86,57" hai1="12,89,46,71,84,132,115,30,128,3,83,75,29" hai2="59,35,125,135,131,76,24,13,20,61,33,70,63" hai3="21,103,99,34,39,69,97,93,2,101,6,116,117"/><V58/><F125/><W107/><G39/><T51/><D122/><U54/><E3/><V133/><F131/><W5/><G34/><T109/><D102/><U48/><E128/><V87/><F70/><W79/><G69/><T49/><D112/><U80/><E71/><V65/><F13/><W1/><G79/><T38/><D38/><U25/><E115/><V45/><F45/><W64/><G64/><T134/><D134/><N who="2" m="51210" /><F87/><W114/><G114/><T73/><D73/><U105/><E105/><V90/><F90/><W28/><G2/><T130/><D130/><U100/><E100/><V18/><F76/><W4/><G1/><T44/><D119/><U77/><E132/><V81/><F81/><W121/><G121/><T41/><D16/><U32/><E12/><V111/><F111/><W68/><G68/><T47/><AGARI ba="0,0" hai="41,43,44,47,49,51,57,62,66,85,86,108,109,110" machi="47" ten="40,2700,0" yaku="0,1,9,1" doraHai="26" who="0" fromWho="0" sc="141,27,103,-7,236,-13,520,-7" /><INIT seed="7,0,0,0,4,124" ten="168,96,223,513" oya="3" hai0="4,37,22,8,44,35,114,20,112,77,83,123,25" hai1="6,5,111,131,74,95,91,56,127,50,57,69,100" hai2="59,118,18,3,9,119,109,17,94,106,90,98,135" hai3="31,14,84,62,79,72,125,89,48,41,55,15,53"/><W1/><G1/><N who="0" m="15" /><D123/><U121/><E121/><V63/><F109/><W78/><G125/><T60/><D60/><U130/><E127/><V36/><F36/><W7/><G31/><N who="0" m="19951" /><D22/><U64/><E74/><V115/><F106/><W105/><G105/><T97/><D97/><U81/><E81/><V122/><F122/><W68/><G7/><N who="1" m="2570" /><E100/><V32/><F32/><W21/><G41/><N who="0" m="22575" /><D20/><U24/><E24/><V10/><F3/><W61/><G78/><T75/><AGARI ba="0,0" hai="75,77,83,112,114" m="22575,19951,15" machi="75" ten="30,2000,0" yaku="25,1,23,1" doraHai="124" who="0" fromWho="0" sc="168,20,96,-5,223,-5,513,-10" owari="188,-21.2,91,-40.9,218,1.8,503,60.3" /></mjloggm>