<mjloggm ver="2.3"><GO type="169" lobby="0"/><UN n0="%E3%81%8A%E3%81%98%E3%81%95%E3%82%93" n1="%E5%8F%A4%E6%96%AF%E5%A1%94%E5%A4%AB%E4%BA%8C%E4%B8%96" n2="%32%30%31%33%36%31%32" n3="%74%77%69%74%63%68" dan="19,16,17,16" rate="2270.30,2093.05,2218.95,2149.21" sx="M,M,M,F"/><TAIKYOKU oya="0"/><INIT seed="0,0,0,0,5,16" ten="250,250,250,250" oya="0" hai0="57,129,36,73,122,1,11,95,131,133,15,83,3" hai1="54,24,105,78,76,92,25,104,56,89,128,96,26" hai2="49,41,124,32,8,52,9,65,106,74,12,47,80" hai3="134,70,51,68,40,90,33,2,117,91,21,0,112"/><T17/><D122/><U127/><E127/><V113/><F113/><W135/><G112/><T97/><D36/><U69/><E69/><V45/><F32/><W110/><G117/><T18/><D133/><U61/><REACH who="1" step="1"/><E128/><REACH who="1" ten="250,240,250,250" step="2"/><V71/><F124/><W102/><G134/><T101/><D131/><U94/><E94/><V130/><F130/><W98/><G135/><T34/><D129/><U60/><E60/><V118/><F118/><W126/><G70/><T44/><D95/><U87/><E87/><V42/><F106/><AGARI ba="0,1" hai="24,25,26,54,56,61,76,78,89,92,96,104,105,106" machi="106" ten="40,1300,0" yaku="1,1,53,0" doraHai="16" doraHaiUra="19" who="1" fromWho="2" sc="250,0,240,23,250,-13,250,0" /><INIT seed="1,0,0,2,1,97" ten="250,263,237,250" oya="1" hai0="72,33,8,43,79,29,82,45,17,75,2,113,116" hai1="25,14,38,85,89,9,129,73,22,24,23,56,40" hai2="128,4,94,11,49,114,50,35,44,88,102,124,130" hai3="62,134,127,91,39,60,121,101,19,70,71,78,6"/><U7/><E129/><N who="2" m="49771" /><F35/><W86/><G121/><T133/><D113/><U21/><E73/><V67/><F124/><W47/><G134/><T96/><D133/><U111/><E38/><V122/><F122/><W16/><G78/><T100/><D116/><U87/><E40/><V18/><F67/><W34/><G34/><T32/><D75/><U108/><E56/><V10/><F114/><W1/><G127/><T58/><D58/><U12/><E87/><N who="2" m="52511" /><F18/><W63/><G6/><N who="0" m="1111" /><D17/><U28/><E89/><V68/><F68/><W61/><G1/><T107/><D29/><N who="1" m="17551" /><E85/><V115/><F11/><W31/><G31/><T135/><D135/><U27/><E14/><V132/><F115/><W117/><G117/><T26/><D26/><N who="1" m="9739" /><E28/><V66/><F66/><W20/><G70/><T74/><D74/><U84/><E84/><V103/><F132/><W54/><G71/><T41/><D41/><U125/><E125/><V36/><F36/><AGARI ba="0,0" hai="32,33,36,43,45,72,79,82,96,100,107" m="1111" machi="36" ten="30,7700,0" yaku="25,1,33,2,52,1" doraHai="97" who="0" fromWho="2" sc="250,77,263,0,237,-77,250,0" /><INIT seed="2,0,0,1,3,32" ten="327,263,160,250" oya="2" hai0="126,18,111,88,103,124,38,133,106,110,43,113,97" hai1="14,120,86,36,23,104,12,7,91,118,57,121,68" hai2="33,122,28,67,132,19,3,115,52,96,101,22,21" hai3="30,41,93,129,83,123,35,29,63,135,99,71,125"/><V50/><F122/><W27/><G123/><T76/><D18/><U25/><E68/><V55/><F115/><W74/><G129/><T66/><D66/><U72/><E118/><V0/><F132/><W65/><G125/><N who="0" m="48235" /><D43/><U84/><E36/><V109/><F33/><W102/><G135/><T119/><D38/><U34/><E104/><V100/><F67/><W112/><G112/><T53/><D53/><U81/><E34/><V116/><F116/><W94/><G41/><T16/><D133/><U87/><E72/><V46/><F109/><N who="0" m="41482" /><D119/><U39/><E39/><V73/><F73/><W70/><G29/><T117/><D117/><U82/><E120/><V47/><F28/><W90/><G74/><T56/><D56/><U131/><E131/><V40/><F40/><W5/><G70/><T9/><D113/><U85/><E121/><V31/><F31/><W2/><G83/><T37/><D37/><U98/><E81/><V49/><REACH who="2" step="1"/><F19/><REACH who="2" ten="327,263,150,250" step="2"/><W127/><G127/><T4/><D16/><U89/><E82/><V51/><F51/><W105/><REACH who="3" step="1"/><G90/><REACH who="3" ten="327,263,150,240" step="2"/><T44/><D88/><U58/><E89/><V10/><F10/><AGARI ba="0,2" hai="2,5,10,27,30,35,63,65,71,93,94,99,102,105" machi="10" ten="40,12000,2" yaku="1,1,2,1,25,2,52,1,53,1" doraHai="32" doraHaiUra="95" who="3" fromWho="2" sc="327,0,263,0,150,-120,240,140" /><INIT seed="3,0,0,0,2,101" ten="327,263,30,380" oya="3" hai0="69,63,128,68,33,127,112,85,135,15,76,41,117" hai1="29,38,52,109,124,43,122,26,93,94,30,48,121" hai2="87,74,119,22,116,20,88,62,45,66,50,130,56" hai3="60,125,7,51,131,78,98,31,24,107,23,83,97"/><W70/><G131/><T113/><D33/><U54/><E109/><V44/><F74/><W3/><G125/><T99/><D99/><U25/><E124/><V103/><F130/><W40/><G7/><T8/><D127/><U92/><E38/><V134/><F134/><W27/><G3/><T18/><D128/><U55/><E48/><V13/><F103/><W102/><G98/><T95/><D135/><U35/><REACH who="1" step="1"/><E43/><REACH who="1" ten="327,253,30,380" step="2"/><V72/><F116/><W100/><G51/><T91/><D117/><U64/><E64/><V133/><F119/><W111/><G40/><T75/><D41/><U120/><E120/><V86/><F133/><W114/><G111/><T17/><D63/><U12/><E12/><V129/><F129/><W77/><G114/><N who="0" m="44139" /><D18/><U67/><E67/><V42/><F72/><W110/><G60/><T90/><D90/><U71/><E71/><N who="0" m="27209" /><D75/><U73/><E73/><V34/><F13/><W82/><G70/><T32/><D76/><U14/><E14/><V46/><F42/><W21/><G110/><T6/><D32/><AGARI ba="0,1" hai="25,26,29,30,32,35,52,54,55,92,93,94,121,122" machi="32" ten="40,5200,0" yaku="1,1,9,1,54,1,53,0" doraHai="101" doraHaiUra="126" who="1" fromWho="0" sc="327,-52,253,62,30,0,380,0" /><INIT seed="4,0,0,0,5,96" ten="275,315,30,380" oya="0" hai0="57,133,23,33,52,6,90,120,77,110,134,4,104" hai1="12,106,81,79,37,125,87,16,116,97,99,109,34" hai2="7,31,91,114,22,21,72,117,83,122,41,49,111" hai3="54,53,131,27,100,38,135,30,42,119,98,24,2"/><T51/><D33/><U11/><E116/><V85/><F111/><W19/><G119/><T36/><D120/><U39/><E109/><V78/><F122/><W14/><G131/><T74/><D110/><U9/><E125/><V45/><F114/><W121/><G2/><T101/><D36/><U8/><E34/><V124/><F124/><W103/><G121/><T107/><D90/><U105/><E99/><V0/><F117/><W118/><G118/><T5/><D23/><U28/><E28/><V76/><F31/><W112/><G135/><N who="0" m="51723" /><D101/><N who="3" m="38985" /><G42/><T55/><D55/><N who="3" m="21001" /><G38/><T92/><D92/><U128/><E39/><V132/><F132/><W66/><G112/><T75/><D77/><U1/><E37/><V95/><F76/><W32/><G32/><T15/><D15/><U102/><E128/><V29/><F29/><W108/><G108/><T10/><D10/><U62/><E106/><AGARI ba="0,0" hai="4,5,6,51,52,57,74,75,104,106,107" m="51723" machi="106" ten="40,3900,0" yaku="20,1,54,1" doraHai="96" who="0" fromWho="1" sc="275,39,315,-39,30,0,380,0" /><INIT seed="4,1,0,1,5,135" ten="314,276,30,380" oya="0" hai0="41,74,15,129,32,50,43,54,113,88,56,80,3" hai1="119,16,120,73,37,134,69,47,93,28,96,8,107" hai2="99,90,109,45,79,116,55,78,101,38,66,87,125" hai3="10,49,97,4,30,115,104,27,39,127,103,98,35"/><T60/><D3/><U7/><E120/><V5/><F109/><W72/><G115/><T18/><D32/><U51/><E119/><V106/><F116/><W0/><G39/><T31/><D113/><U124/><E73/><V77/><F66/><W61/><G72/><T108/><D108/><U25/><E134/><V133/><F133/><W57/><G49/><T19/><D31/><U117/><E37/><V34/><F34/><W21/><G97/><T52/><D129/><U17/><E107/><V26/><F26/><W81/><G81/><T33/><D33/><U75/><E69/><V82/><F5/><W132/><G132/><T118/><D118/><U130/><E75/><V84/><F55/><W131/><G131/><T24/><D24/><U65/><E65/><V114/><F114/><W111/><G111/><T122/><D122/><U83/><E83/><N who="2" m="49535" /><F45/><W128/><G128/><T2/><D2/><U67/><E67/><V70/><F70/><W71/><G71/><T76/><D88/><U12/><E117/><V42/><F42/><W110/><G110/><T6/><D6/><U92/><E130/><V123/><F38/><W105/><G105/><T36/><D36/><U14/><E25/><V22/><F22/><W40/><G40/><T102/><D102/><U89/><E28/><V121/><F121/><W64/><G21/><T29/><D29/><U1/><E1/><V68/><F68/><W20/><G20/><N who="0" m="11359" /><D19/><U48/><E7/><V126/><F123/><W9/><G9/><T46/><D41/><U95/><E17/><V53/><F53/><W58/><G58/><RYUUKYOKU ba="1,0" sc="314,10,276,-30,30,10,380,10" hai0="43,46,50,52,54,56,60,74,76,80" hai2="77,78,79,82,84,99,101,106,125,126" hai3="0,4,10,27,30,35,57,61,64,98,103,104,127" /><INIT seed="4,2,0,4,2,69" ten="324,246,40,390" oya="0" hai0="126,55,78,53,117,34,112,21,123,99,58,75,106" hai1="22,2,108,37,41,98,96,114,36,11,24,109,39" hai2="10,25,57,56,81,87,14,17,15,100,77,94,40" hai3="47,32,118,52,102,30,124,85,86,90,92,59,35"/><T113/><D34/><U43/><E2/><V8/><F25/><W104/><G118/><T44/><D117/><U64/><E64/><V50/><F100/><W101/><G124/><T91/><D123/><U76/><E76/><V82/><F94/><W70/><G70/><T79/><D126/><U4/><E4/><V80/><F56/><W111/><G111/><T26/><D44/><U115/><E11/><V74/><F74/><W0/><G0/><T29/><D55/><U132/><E24/><V84/><F84/><W28/><G104/><T72/><D79/><U1/><E1/><V66/><F66/><W127/><G127/><T46/><D46/><U31/><E31/><V13/><F13/><W129/><G129/><T49/><D78/><U134/><E36/><V45/><REACH who="2" step="1"/><F57/><REACH who="2" ten="324,246,30,390" step="2"/><W122/><G102/><N who="0" m="62815" /><D91/><U133/><E132/><V3/><F3/><W7/><G101/><T63/><D63/><U107/><E107/><V88/><F88/><W125/><G90/><T110/><D110/><U93/><E93/><V9/><F9/><W130/><G92/><T12/><D12/><U121/><REACH who="1" step="1"/><E22/><REACH who="1" ten="324,236,30,390" step="2"/><V128/><F128/><W103/><G125/><T20/><D21/><U120/><AGARI ba="2,2" hai="37,39,41,43,96,98,108,109,114,115,120,121,133,134" machi="120" ten="25,16000,3" yaku="1,1,2,1,0,1,22,2,52,2,53,2" doraHai="69" doraHaiUra="119" who="1" fromWho="1" sc="324,-82,236,186,30,-42,390,-42" owari="242,-15.8,422,52.2,-12,-51.2,348,14.8" /></mjloggm>