<mjloggm ver="2.3"><GO type="169" lobby="0"/><UN n0="%E5%A4%8F%E7%9B%AE" n1="%E3%81%B5%E3%81%8B%E3%81%8C%E3%82%8F" n2="%6D%79%6D%65%6C%6F%58%58" n3="%E4%B8%83%E7%94%9F%E5%A4%95" dan="16,16,16,17" rate="2170.62,2046.65,2121.35,2121.92" sx="M,M,F,M"/><TAIKYOKU oya="0"/><INIT seed="0,0,0,4,1,34" ten="250,250,250,250" oya="0" hai0="55,20,48,2,94,96,57,71,99,23,88,75,9" hai1="32,117,110,92,108,30,107,15,56,84,58,59,22" hai2="130,4,54,72,49,77,134,63,129,102,90,89,60" hai3="52,53,81,123,70,125,46,66,10,27,7,109,25"/><T80/><D71/><U5/><E117/><V105/><F134/><W116/><G116/><T26/><D99/><U35/><E107/><V85/><F4/><W76/><G109/><N who="1" m="42090" /><E30/><V65/><F72/><W12/><G125/><T128/><D128/><N who="2" m="49258" /><F102/><W124/><G124/><T91/><D26/><U95/><E5/><V115/><F105/><W43/><G123/><T38/><D38/><U33/><E84/><V3/><F3/><W82/><G81/><T74/><D74/><U119/><E119/><V98/><F98/><W73/><G25/><T21/><D9/><U0/><E0/><V40/><F40/><W13/><G12/><T113/><D2/><U36/><E36/><V83/><F115/><W16/><G70/><T42/><D42/><U47/><E47/><N who="2" m="27967" /><F60/><W68/><G68/><AGARI ba="0,0" hai="63,65,68,77,83,85,89,90" m="27967,49258" machi="68" ten="30,1000,0" yaku="19,1" doraHai="34" who="2" fromWho="3" sc="250,0,250,0,250,10,250,-10" /><INIT seed="1,0,0,3,1,126" ten="250,250,260,240" oya="1" hai0="131,108,60,35,40,37,132,128,70,39,55,82,49" hai1="115,65,51,28,21,124,80,46,119,66,25,88,20" hai2="44,106,69,38,62,102,118,15,122,9,34,83,121" hai3="45,7,57,113,67,92,47,61,116,19,73,125,43"/><U72/><E124/><V109/><F118/><W29/><G113/><T103/><D35/><U90/><E115/><V114/><F114/><W85/><G73/><T91/><D108/><U56/><E119/><V94/><F106/><W129/><G125/><T30/><D30/><U18/><E72/><V33/><F109/><W104/><G104/><T101/><D132/><U96/><E56/><V16/><F83/><W100/><G7/><T84/><D40/><U22/><E22/><V1/><F1/><W93/><G29/><T135/><D135/><U53/><E96/><V68/><F94/><W87/><G45/><T2/><D2/><U0/><E0/><V74/><F74/><W86/><G116/><T117/><D117/><U77/><E77/><V50/><F38/><W75/><G75/><T133/><D133/><U23/><E23/><V26/><F102/><N who="0" m="38922" /><D60/><U97/><E97/><V17/><F34/><W98/><G19/><T89/><D89/><N who="1" m="34411" /><E80/><V13/><F26/><AGARI ba="0,0" hai="18,20,21,25,26,28,46,51,53,65,66" m="34411" machi="26" ten="30,2900,0" yaku="8,1,54,1" doraHai="126" who="1" fromWho="2" sc="250,0,250,29,260,-29,240,0" /><INIT seed="1,1,0,3,3,82" ten="250,279,231,240" oya="1" hai0="127,129,1,78,91,4,117,98,77,97,28,79,92" hai1="47,124,41,108,16,109,105,72,123,65,63,50,25" hai2="26,11,84,110,106,8,27,68,126,9,95,76,39" hai3="38,3,134,113,14,18,34,55,96,83,103,60,99"/><U29/><E123/><V2/><F2/><W69/><G3/><T56/><D117/><U74/><E105/><V81/><F106/><W118/><G38/><T104/><D129/><U52/><E124/><V64/><F126/><W62/><G113/><T48/><D127/><U53/><E53/><V17/><F39/><W0/><G0/><T111/><D111/><N who="1" m="42571" /><E41/><V32/><F110/><W120/><G34/><T5/><D28/><U119/><E119/><V131/><F131/><W46/><G83/><T114/><D114/><U13/><E25/><V80/><F68/><W40/><G55/><N who="0" m="31847" /><D104/><U122/><E122/><V130/><F64/><W33/><G69/><T43/><D43/><U107/><E29/><V54/><F130/><W10/><G40/><T116/><D1/><U51/><E50/><V85/><F32/><W12/><G33/><T75/><D75/><U61/><E107/><V57/><F95/><W73/><G120/><T71/><D71/><N who="1" m="42415" /><E63/><N who="2" m="36279" /><F17/><W121/><G18/><T49/><D49/><U7/><E7/><N who="0" m="2633" /><D116/><U42/><E42/><V6/><F6/><W93/><G118/><T125/><D125/><U58/><E58/><V102/><F102/><W59/><G103/><T22/><D22/><AGARI ba="1,0" hai="13,16,22,47,51,52,72,74" m="42415,42571" machi="22" ten="30,11600,0" yaku="14,1,10,1,54,2" doraHai="82" who="1" fromWho="0" sc="250,-119,279,119,231,0,240,0" /><INIT seed="1,2,0,0,1,35" ten="131,398,231,240" oya="1" hai0="30,18,48,67,97,12,102,133,65,87,27,128,82" hai1="129,119,21,32,88,14,110,130,91,95,4,42,24" hai2="106,72,57,11,99,90,37,16,23,111,25,131,54" hai3="93,44,89,46,6,51,70,26,116,0,75,117,86"/><U71/><E119/><V9/><F111/><W120/><G120/><T112/><D133/><U94/><E71/><V118/><F118/><N who="3" m="45675" /><G75/><T73/><D128/><N who="1" m="49259" /><E32/><V29/><F131/><W52/><G70/><T83/><D112/><U80/><E42/><V17/><F72/><W19/><G46/><T113/><D113/><U76/><E110/><V38/><F38/><W62/><G62/><T115/><D115/><U15/><E94/><N who="2" m="56791" /><F37/><W36/><G36/><T5/><D5/><U33/><E33/><V98/><F98/><W74/><G74/><T85/><D73/><N who="1" m="43023" /><E4/><V58/><F58/><W31/><G19/><N who="2" m="7241" /><F106/><W1/><G6/><T60/><D30/><N who="1" m="17679" /><E91/><V135/><F135/><W7/><G7/><T132/><D132/><U84/><AGARI ba="2,0" hai="14,15,84,88,95" m="17679,43023,49259" machi="84" ten="30,3000,0" yaku="19,1,54,1" doraHai="35" who="1" fromWho="1" sc="131,-12,398,36,231,-12,240,-12" /><INIT seed="1,3,0,0,0,55" ten="119,434,219,228" oya="1" hai0="30,73,26,23,10,15,47,122,113,109,133,95,0" hai1="37,24,92,42,58,9,40,36,123,70,5,41,56" hai2="129,112,25,107,44,81,97,16,74,83,89,60,27" hai3="13,52,127,48,51,80,66,2,103,76,135,108,102"/><U84/><E123/><V126/><F126/><W94/><G2/><T120/><D73/><U111/><E70/><V34/><F129/><W87/><G108/><T121/><D109/><U61/><E111/><V67/><F112/><W21/><G135/><T106/><D106/><U18/><E37/><V19/><F44/><W114/><G66/><T105/><D105/><U75/><E75/><V77/><F83/><W104/><G104/><T79/><D79/><U131/><E36/><V50/><F50/><W43/><G127/><T118/><D133/><U110/><E61/><V96/><F96/><W119/><G119/><T6/><D118/><U54/><E54/><V86/><F86/><W20/><G94/><T116/><D116/><U17/><E24/><V29/><F27/><W91/><G76/><T85/><D47/><U33/><E33/><V132/><F89/><W4/><G48/><T53/><D53/><U78/><E131/><V45/><F45/><N who="3" m="27759" /><G43/><T125/><D125/><U72/><E72/><V99/><F99/><W130/><G130/><T128/><D128/><U14/><E110/><V82/><F82/><W38/><G114/><T11/><D113/><U68/><E68/><N who="2" m="42087" /><F132/><W31/><G38/><T12/><D95/><U71/><E71/><V7/><F7/><W134/><G134/><T28/><D0/><U124/><E124/><V57/><F57/><N who="1" m="22121" /><E78/><V117/><F117/><W98/><G31/><N who="0" m="17887" /><D85/><U115/><E115/><V69/><F69/><W101/><G98/><T32/><D32/><U35/><E35/><V59/><F59/><W88/><G91/><AGARI ba="3,0" hai="5,9,14,17,18,40,41,42,84,91,92" m="22121" machi="91" ten="30,11600,0" yaku="8,1,52,3" doraHai="55" who="1" fromWho="3" sc="119,0,434,125,219,0,228,-125" /><INIT seed="1,4,0,5,0,9" ten="119,559,219,103" oya="1" hai0="92,54,33,10,43,7,78,111,85,8,120,98,125" hai1="57,60,73,106,115,40,96,61,100,2,46,35,31" hai2="20,37,66,135,126,131,58,5,121,123,80,0,23" hai3="72,16,4,93,24,51,74,28,30,102,32,82,45"/><U34/><E115/><V77/><F37/><W29/><G4/><T113/><D113/><U124/><E124/><V62/><F126/><W47/><G47/><T56/><D125/><U27/><E2/><V104/><F104/><W83/><G102/><T94/><D33/><U39/><E34/><V87/><F135/><W44/><G93/><T86/><D111/><U117/><E117/><V69/><F131/><W88/><G44/><T129/><D129/><U99/><E73/><V25/><F23/><W89/><G32/><T49/><D120/><U41/><E41/><V114/><F69/><W68/><G68/><T1/><D43/><U52/><REACH who="1" step="1"/><E99/><REACH who="1" ten="119,549,219,103" step="2"/><V112/><F112/><W53/><G72/><T11/><D1/><U36/><E36/><V63/><F114/><W59/><G74/><T134/><D98/><U95/><E95/><V67/><F123/><W70/><G70/><T13/><D94/><U116/><E116/><V133/><F121/><W55/><G82/><N who="0" m="47319" /><D134/><U91/><E91/><AGARI ba="4,1" hai="7,8,10,11,13,49,54,56,86,91,92" m="47319" machi="91" ten="30,2000,0" yaku="8,1,52,1" doraHai="9" who="0" fromWho="1" sc="119,42,549,-32,219,0,103,0" /><INIT seed="2,0,0,2,3,107" ten="161,517,219,103" oya="2" hai0="79,105,110,37,40,42,57,130,120,111,6,55,104" hai1="95,7,65,88,71,45,134,75,35,133,58,9,18" hai2="54,5,24,112,38,122,101,116,90,25,99,129,77" hai3="15,11,20,26,43,51,114,108,69,70,86,53,132"/><V84/><F116/><W34/><G108/><N who="0" m="41515" /><D120/><U123/><E75/><V10/><F112/><W89/><G114/><T16/><D6/><U32/><E71/><V82/><F129/><W4/><G34/><T109/><D130/><U76/><E76/><V36/><F122/><W49/><G132/><N who="1" m="50794" /><E18/><V115/><F115/><W72/><G43/><N who="0" m="16427" /><D37/><U46/><E46/><V33/><F38/><W22/><G49/><N who="0" m="30959" /><D79/><U92/><E45/><V29/><F36/><W127/><G127/><T97/><D97/><U21/><E32/><V67/><F67/><W23/><G26/><T66/><D66/><U64/><E35/><V48/><F25/><W103/><G103/><T126/><D126/><U12/><E7/><V31/><F31/><W91/><G91/><T44/><D44/><U47/><E47/><V121/><F121/><W28/><G89/><T60/><D60/><U62/><E88/><V59/><F90/><W106/><G4/><T96/><D96/><U102/><E102/><V131/><F131/><W68/><G28/><T81/><D81/><U2/><E65/><V17/><F17/><W85/><G106/><T93/><D93/><U8/><E95/><N who="2" m="58623" /><F5/><W1/><G1/><T19/><D109/><U135/><E135/><V124/><F124/><W61/><G61/><T83/><D83/><U41/><E64/><V14/><F14/><W13/><G13/><T98/><D105/><U63/><E123/><V74/><F84/><W39/><G39/><T30/><D30/><U56/><E2/><V73/><F73/><W78/><G72/><T113/><D113/><U87/><E87/><RYUUKYOKU ba="0,0" sc="161,15,517,-15,219,15,103,-15" hai0="16,19,98,104" hai2="10,24,29,33,48,54,59,74,77,82" /><INIT seed="2,1,0,5,3,4" ten="176,502,234,88" oya="2" hai0="123,18,50,6,62,22,57,30,26,81,32,38,14" hai1="20,60,15,37,59,17,117,0,36,93,54,86,106" hai2="2,100,131,11,116,74,134,39,44,46,61,126,122" hai3="23,69,12,87,40,90,79,48,52,103,72,114,111"/><V77/><F46/><W128/><G69/><T42/><D123/><U8/><E106/><V104/><F61/><W120/><G120/><T1/><D81/><U124/><E124/><V34/><F44/><W115/><G40/><T66/><D50/><U24/><E0/><V47/><F47/><N who="3" m="27679" /><G72/><T129/><D129/><U127/><E127/><V97/><F77/><W19/><G79/><T88/><D42/><U95/><E117/><V92/><F92/><N who="3" m="54367" /><G103/><T3/><D38/><U78/><E37/><V55/><F55/><W107/><G107/><T99/><D99/><U102/><E102/><V27/><F27/><W105/><G105/><T83/><REACH who="0" step="1"/><D6/><REACH who="0" ten="166,502,234,88" step="2"/><U94/><E36/><V53/><F97/><W80/><G128/><T96/><D96/><U112/><E112/><N who="3" m="43050" /><G111/><T5/><D5/><N who="1" m="3471" /><E78/><V71/><F131/><W43/><G43/><T82/><D82/><AGARI ba="1,1" hai="12,19,23,80,82" m="43050,54367,27679" machi="82" ten="30,2000,0" yaku="11,1,54,1" doraHai="4" who="3" fromWho="0" sc="166,-23,502,0,234,0,88,33" /><INIT seed="3,0,0,0,5,110" ten="143,502,234,121" oya="3" hai0="97,108,130,105,12,101,93,60,32,85,109,44,118" hai1="42,28,25,34,36,53,90,43,54,77,91,39,112" hai2="0,64,37,8,3,80,7,16,57,10,117,55,50" hai3="89,13,133,38,116,94,35,21,73,69,76,98,17"/><W41/><G116/><T107/><D32/><U126/><E112/><V62/><F117/><W111/><G133/><T102/><D118/><U1/><E1/><V14/><F37/><W26/><G111/><N who="0" m="42571" /><D44/><U81/><E43/><V70/><F80/><W67/><G73/><T18/><D60/><U120/><E39/><V100/><F100/><N who="0" m="38506" /><D85/><U123/><E126/><V124/><REACH who="2" step="1"/><F124/><REACH who="2" ten="143,502,224,121" step="2"/><W31/><G76/><T88/><D130/><U58/><E77/><V11/><F11/><AGARI ba="0,1" hai="11,12,18,88,93,97,105,107" m="38506,42571" machi="11" ten="30,2000,0" yaku="14,1,54,1" doraHai="110" who="0" fromWho="2" sc="143,30,502,0,224,-20,121,0" /><INIT seed="4,0,0,0,1,126" ten="173,502,204,121" oya="0" hai0="61,127,53,47,69,97,40,100,76,1,15,36,6" hai1="86,23,119,62,44,4,75,57,54,64,80,101,33" hai2="49,81,8,13,116,92,117,41,51,113,112,68,109" hai3="91,48,55,95,12,42,93,105,9,63,110,84,83"/><T122/><D122/><U58/><E33/><V24/><F68/><W130/><G105/><T96/><D127/><U131/><E75/><V52/><F109/><W115/><G110/><T0/><D76/><U66/><E66/><V71/><F71/><W67/><G42/><T78/><D78/><U90/><E131/><V26/><F81/><W5/><G115/><N who="2" m="44105" /><F49/><W125/><G125/><T35/><D35/><U106/><E44/><N who="2" m="27751" /><F92/><W22/><G22/><T107/><D96/><U17/><E4/><N who="2" m="3207" /><F41/><W21/><G130/><T2/><D15/><U88/><E101/><V89/><F89/><W32/><G32/><T25/><D25/><AGARI ba="0,0" hai="24,25,26,116,117" m="3207,27751,44105" machi="25" ten="30,2000,0" yaku="15,1,54,1" doraHai="126" who="2" fromWho="0" sc="173,-20,502,0,204,20,121,0" /><INIT seed="5,0,0,0,5,25" ten="153,502,224,121" oya="1" hai0="128,107,53,59,102,111,80,131,87,71,45,125,14" hai1="28,44,67,110,101,49,79,122,98,114,23,31,60" hai2="41,75,21,109,40,119,116,91,121,39,94,106,27" hai3="105,115,2,9,100,95,69,5,34,11,134,92,30"/><U68/><E114/><V61/><F121/><W12/><G115/><T47/><D111/><U16/><E122/><V57/><F75/><W77/><G134/><T15/><D71/><U85/><E110/><V97/><F109/><W117/><G69/><T22/><D125/><U56/><E68/><V126/><F126/><W133/><G133/><T108/><D108/><U8/><E8/><V42/><F106/><W43/><G117/><T54/><D102/><U64/><E64/><V70/><F70/><W51/><G77/><T103/><D103/><U123/><E123/><V81/><F81/><W66/><G66/><T113/><D107/><U90/><E79/><V48/><F39/><W132/><G132/><T84/><D113/><U13/><E98/><V129/><F129/><W19/><G43/><T76/><D22/><U32/><E32/><V104/><F104/><W18/><G51/><T86/><D76/><U17/><E17/><N who="2" m="12719" /><F48/><W38/><G38/><T50/><D80/><N who="1" m="49447" /><E101/><V6/><F6/><W130/><G130/><N who="0" m="49707" /><D47/><U0/><E0/><V52/><AGARI ba="0,0" hai="40,41,42,52,57,61,91,94,97,116,119" m="12719" machi="52" ten="30,2000,0" yaku="25,1,54,1" doraHai="25" who="2" fromWho="2" sc="153,-5,502,-10,224,20,121,-5" /><INIT seed="6,0,0,1,1,19" ten="148,492,244,116" oya="2" hai0="127,77,88,35,26,50,96,82,4,87,54,15,2" hai1="64,32,47,43,80,16,33,3,28,13,18,55,63" hai2="67,8,78,14,74,86,44,66,128,108,129,133,52" hai3="84,99,130,110,49,126,106,79,45,93,115,71,85"/><V23/><F133/><W94/><G71/><T12/><D127/><U92/><E55/><V39/><F74/><W10/><G126/><T97/><D2/><U105/><E105/><V91/><F78/><W62/><G110/><T31/><D4/><U70/><E3/><V119/><F119/><W112/><G62/><T22/><D35/><U113/><E28/><V65/><F39/><W81/><G10/><T56/><D77/><U72/><E18/><N who="2" m="10711" /><F108/><W37/><G37/><T125/><D125/><U131/><E72/><V41/><F41/><W11/><G11/><T132/><D132/><U20/><E70/><V124/><F8/><W58/><G58/><T89/><D96/><U29/><E33/><V46/><F124/><W5/><G5/><T34/><D34/><U42/><E32/><V7/><F7/><W98/><G130/><N who="2" m="50281" /><F52/><N who="3" m="29743" /><G85/><N who="0" m="50231" /><D97/><N who="3" m="36873" /><G106/><T30/><D30/><U51/><E42/><V27/><F27/><W75/><G75/><T36/><D36/><U122/><E43/><V109/><F109/><W1/><G1/><T101/><D101/><U9/><E9/><V95/><AGARI ba="0,0" hai="44,46,65,66,67,86,91,95" m="50281,10711" machi="95" ten="30,3000,0" yaku="19,1,52,1" doraHai="19" who="2" fromWho="2" sc="148,-10,492,-10,244,30,116,-10" /><INIT seed="6,1,0,3,3,2" ten="138,482,274,106" oya="2" hai0="89,101,61,105,32,54,93,85,135,45,31,64,11" hai1="60,21,73,4,40,92,33,5,52,23,38,67,127" hai2="51,27,76,66,115,88,121,71,83,15,14,117,3" hai3="123,43,22,70,107,68,56,113,109,6,47,8,63"/><V16/><F115/><W84/><G109/><T102/><D135/><U86/><E33/><V125/><F117/><W10/><G123/><T57/><D105/><U100/><E73/><V116/><F116/><W77/><G107/><T69/><D32/><U55/><E38/><V19/><F3/><W74/><G113/><T95/><D31/><U94/><E40/><V128/><F121/><W65/><G22/><T120/><D120/><U13/><E86/><N who="2" m="50271" /><F71/><W34/><G34/><T20/><D20/><U36/><E36/><V48/><F125/><W80/><G10/><T44/><D11/><U112/><E60/><V114/><F128/><W9/><G9/><T132/><D132/><U62/><E62/><V59/><F76/><W35/><G35/><T104/><D104/><U78/><E78/><V0/><F0/><W108/><G108/><T79/><D79/><U17/><E13/><N who="2" m="4619" /><F114/><W58/><G74/><T111/><D111/><U106/><E106/><V126/><F126/><W119/><G119/><T39/><D39/><U133/><E112/><V42/><F42/><W41/><G41/><T46/><D69/><U25/><E133/><V1/><F1/><W72/><G70/><T134/><D134/><U18/><E127/><V110/><F110/><W53/><G72/><T122/><D122/><U24/><E100/><N who="0" m="38505" /><D64/><AGARI ba="1,0" hai="4,5,17,18,21,23,24,25,52,55,64,67,92,94" machi="64" ten="25,12000,2" yaku="22,2,8,1,52,2,54,1" doraHai="2" who="1" fromWho="0" sc="138,-123,482,123,274,0,106,0" /><INIT seed="7,0,0,2,4,20" ten="15,605,274,106" oya="3" hai0="25,36,53,87,75,3,60,77,100,22,88,54,81" hai1="47,15,97,8,40,10,134,35,127,45,56,71,73" hai2="55,69,96,48,110,43,2,126,102,115,46,89,116" hai3="101,90,125,82,39,66,62,114,51,104,32,0,99"/><W118/><G39/><T16/><D36/><U74/><E47/><V30/><F110/><W28/><G118/><T34/><D3/><U14/><E14/><V27/><F2/><W78/><G114/><T98/><D34/><U94/><E8/><V6/><F126/><W52/><G125/><T4/><D4/><U85/><E134/><V109/><F6/><W120/><G0/><T111/><D111/><U121/><E97/><V38/><F109/><W44/><G90/><T107/><D60/><U123/><E56/><V92/><F69/><W132/><G132/><T133/><D133/><U50/><E71/><V130/><F130/><W108/><G108/><T129/><D129/><U135/><E35/><V80/><F115/><W103/><G103/><T119/><D119/><U49/><E123/><V86/><F116/><W64/><G120/><T1/><D1/><U29/><E49/><V131/><F131/><W93/><G104/><T24/><D24/><U12/><E12/><V21/><F38/><W63/><G63/><T67/><D67/><U79/><E79/><V17/><F30/><W84/><G62/><T70/><D70/><U95/><E50/><V65/><F65/><W124/><G124/><T33/><D33/><U91/><E127/><V61/><F61/><W18/><G18/><T42/><D42/><AGARI ba="0,0" hai="17,21,27,42,43,46,48,55,80,86,89,92,96,102" machi="42" ten="40,2600,0" yaku="8,1,52,1" doraHai="20" who="2" fromWho="0" sc="15,-26,605,0,274,26,106,0" owari="-11,-51.1,605,70.5,300,10.0,106,-29.4" /></mjloggm>