<mjloggm ver="2.3"><GO type="169" lobby="0"/><UN n0="%50%61%73%73%43%6F%64%65" n1="%E5%B8%B0%E3%82%8A%E3%81%9F%E3%81%84%E3%80%82" n2="%EF%BC%AE%EF%BC%A1%EF%BC%AF%33%33%39" n3="%E3%81%8B%E3%82%81%E3%81%98%E3%82%8D%E3%81%86" dan="18,17,16,16" rate="2181.48,2199.97,2129.46,2089.73" sx="M,M,M,M"/><TAIKYOKU oya="0"/><INIT seed="0,0,0,4,5,33" ten="250,250,250,250" oya="0" hai0="26,0,113,127,54,28,60,104,20,114,81,119,55" hai1="70,23,62,106,53,58,92,6,82,65,76,67,4" hai2="66,109,134,89,135,44,125,130,41,128,50,11,94" hai3="52,13,61,75,18,84,124,30,83,100,45,107,120"/><T9/><D104/><U126/><E106/><V118/><F11/><W78/><G124/><T24/><D119/><U8/><E126/><V85/><F125/><W131/><G131/><N who="2" m="50217" /><F66/><W72/><G120/><T7/><D127/><U74/><E23/><V29/><F29/><W64/><G30/><T35/><D81/><U80/><E80/><V108/><F118/><W51/><G100/><T133/><D133/><AGARI ba="0,0" hai="41,44,50,85,89,94,108,109,133,134,135" m="50217" machi="133" ten="30,2000,0" yaku="20,1,19,1" doraHai="33" who="2" fromWho="0" sc="250,-20,250,0,250,20,250,0" /><INIT seed="1,0,0,5,0,90" ten="230,250,270,250" oya="1" hai0="31,130,60,91,38,113,12,47,89,64,23,106,27" hai1="62,83,124,14,100,13,29,71,76,95,67,42,117" hai2="3,50,61,103,51,69,48,99,77,86,127,93,135" hai3="97,94,80,109,134,85,11,5,107,133,68,121,32"/><U102/><E117/><V128/><F3/><W2/><G121/><T15/><D113/><U79/><E124/><V78/><F127/><W52/><G68/><T1/><D1/><U84/><E42/><V28/><F28/><W119/><G119/><T123/><D106/><U26/><E79/><V18/><F128/><W63/><G32/><T66/><D130/><U0/><E0/><V17/><F135/><W8/><G107/><T111/><D111/><U88/><E102/><V58/><F69/><W132/><G109/><T9/><D15/><U118/><E100/><V56/><F56/><N who="3" m="35207" /><G11/><T37/><D66/><U41/><E41/><V49/><N who="2" m="12288" /><DORA hai="72" /><V101/><F101/><N who="3" m="60599" /><G85/><T108/><D123/><U24/><E118/><V59/><F59/><W20/><G20/><T34/><D34/><U104/><E104/><V19/><REACH who="2" step="1"/><F86/><REACH who="2" ten="230,250,260,250" step="2"/><W92/><G80/><T81/><D81/><U82/><E83/><V39/><F39/><W129/><G129/><T33/><D38/><U70/><E71/><V131/><F131/><W21/><G2/><T126/><D126/><U73/><REACH who="1" step="1"/><E26/><REACH who="1" ten="230,240,260,250" step="2"/><V36/><F36/><W6/><G133/><T43/><D108/><U53/><E53/><AGARI ba="0,2" hai="17,18,19,53,58,61,77,78,93,99,103" m="12288" machi="53" ten="50,12000,2" yaku="1,1,8,1,52,3,53,2" doraHai="90,72" doraHaiUra="57,98" who="2" fromWho="1" sc="230,0,240,-120,260,140,250,0" /><INIT seed="2,0,0,5,1,35" ten="230,120,400,250" oya="2" hai0="11,32,37,13,111,118,108,12,66,36,72,91,74" hai1="77,110,59,97,73,54,131,0,86,43,3,129,61" hai2="67,63,103,89,81,20,84,22,8,78,112,58,19" hai3="27,55,104,85,28,134,48,109,133,121,87,128,119"/><V47/><F112/><W53/><G121/><T52/><D32/><U96/><E73/><V116/><F116/><W126/><G119/><T60/><D118/><U107/><E110/><N who="0" m="42025" /><D91/><U21/><E43/><V25/><F103/><W30/><G109/><T83/><D52/><N who="3" m="20041" /><G48/><T24/><D24/><U2/><E21/><V46/><F8/><W23/><G104/><T105/><D105/><U42/><E42/><V9/><F9/><W40/><G40/><T93/><D93/><U6/><E6/><V57/><F57/><W41/><G41/><T17/><D13/><U10/><E10/><V76/><F22/><W75/><G75/><N who="0" m="28715" /><D83/><N who="1" m="47471" /><E107/><V39/><F39/><W14/><G14/><T100/><D100/><U106/><E106/><V88/><F89/><W4/><G30/><T62/><D62/><U90/><E90/><V120/><F120/><W130/><G85/><T38/><D38/><U99/><E54/><V102/><F102/><W114/><G87/><T80/><D80/><U33/><E33/><V135/><F78/><W70/><G28/><T95/><D95/><U26/><E26/><V127/><F76/><W51/><G27/><T122/><D122/><U124/><E61/><V16/><F25/><W98/><G51/><T115/><D115/><U94/><E94/><V5/><F81/><W65/><G114/><T101/><D101/><U123/><E123/><V64/><F84/><W69/><G65/><T82/><D82/><U50/><E50/><V117/><F117/><W31/><G31/><T113/><D113/><U79/><E79/><V92/><F92/><W34/><G34/><RYUUKYOKU ba="0,0" sc="230,30,120,-10,400,-10,250,-10" hai0="11,12,17,36,37,60,66" /><INIT seed="3,1,0,1,3,90" ten="260,110,390,240" oya="3" hai0="112,44,78,123,108,8,84,102,131,11,35,12,18" hai1="46,48,36,27,39,76,59,111,45,79,95,118,133" hai2="126,105,83,56,71,73,42,55,1,2,98,20,51" hai3="96,119,74,110,86,33,63,69,25,54,82,21,34"/><W94/><G119/><T89/><D123/><U4/><E111/><V87/><F71/><W91/><G74/><T57/><D108/><U47/><E133/><V80/><F73/><W85/><G110/><T40/><D131/><U6/><E118/><V77/><F126/><W52/><G85/><T70/><D70/><U92/><E27/><V124/><F124/><W130/><G130/><T132/><D35/><U117/><E48/><V38/><F83/><W93/><G54/><T135/><D112/><U0/><E0/><V67/><F67/><W66/><G52/><T61/><D102/><U107/><E107/><V5/><F5/><N who="1" m="2153" /><E59/><V26/><F38/><N who="1" m="14377" /><E117/><V97/><F42/><W68/><G68/><T13/><D57/><U127/><E127/><V7/><F105/><W24/><G24/><T106/><D106/><U75/><E75/><V28/><F7/><W14/><G14/><T50/><D13/><U65/><E65/><V100/><F98/><W129/><G129/><T23/><D135/><U43/><E43/><V99/><F97/><W101/><REACH who="3" step="1"/><G82/><REACH who="3" ten="260,110,390,230" step="2"/><T32/><D12/><U15/><E15/><V22/><F1/><W31/><AGARI ba="1,1" hai="21,25,31,33,34,63,66,69,86,91,93,94,96,101" machi="31" ten="20,18000,2" yaku="1,1,2,1,0,1,7,1,52,2,53,0" doraHai="90" doraHaiUra="120" who="3" fromWho="3" sc="260,-61,110,-61,390,-61,230,193" /><INIT seed="3,2,0,3,0,56" ten="199,49,329,423" oya="3" hai0="37,135,91,80,19,22,58,82,10,107,16,125,31" hai1="53,102,123,114,116,111,78,103,89,38,73,64,65" hai2="36,44,106,23,60,113,127,42,61,7,119,87,33" hai3="11,62,90,52,68,124,72,75,69,51,32,92,108"/><W8/><G32/><T26/><D107/><U130/><E123/><V41/><F33/><W46/><G124/><T96/><D125/><U54/><E114/><V13/><F106/><W101/><G101/><N who="1" m="38410" /><E38/><V121/><F127/><W18/><G108/><T86/><D37/><U48/><E73/><V34/><F34/><W115/><G115/><T131/><D135/><U132/><E78/><V15/><F113/><W77/><G69/><T81/><D131/><U35/><E35/><V45/><F119/><W134/><G134/><T85/><D96/><U83/><E111/><V4/><F87/><W84/><G18/><T126/><D126/><U6/><E130/><V109/><F109/><W49/><G49/><T93/><D86/><N who="1" m="50399" /><E116/><V133/><F133/><W95/><G95/><T25/><D26/><U99/><E6/><V129/><F129/><W110/><G110/><T120/><D120/><U88/><E54/><V74/><F74/><W100/><G100/><T122/><D122/><U14/><E14/><V63/><F121/><W118/><G118/><T71/><D71/><U50/><E50/><V128/><F128/><W76/><G75/><T43/><D43/><N who="2" m="16394" /><F36/><W24/><G24/><T98/><D85/><U104/><E132/><V5/><F23/><W30/><G72/><T47/><D10/><U39/><E39/><V2/><F2/><W66/><G11/><T67/><D47/><N who="1" m="27807" /><E104/><V117/><F117/><W17/><G76/><T12/><D12/><AGARI ba="2,0" hai="4,5,7,12,13,15,44,45,60,61,63" m="16394" machi="12" ten="40,12000,2" yaku="28,2,8,1,52,3" doraHai="56" who="2" fromWho="0" sc="199,-126,49,0,329,126,423,0" /><INIT seed="4,0,0,1,1,125" ten="73,49,455,423" oya="0" hai0="40,114,115,55,68,119,18,64,9,49,123,71,34" hai1="103,93,104,126,46,33,10,94,101,23,29,31,26" hai2="84,124,120,16,65,35,66,88,37,129,70,134,102" hai3="127,81,57,58,52,45,12,122,117,27,72,6,24"/><T32/><D119/><U44/><E126/><V15/><F124/><W60/><G117/><T8/><D123/><U69/><E69/><N who="0" m="26697" /><D40/><U90/><E104/><V135/><F120/><W59/><G127/><T5/><D64/><U47/><E94/><V25/><F37/><W133/><G122/><T21/><D21/><U2/><E33/><N who="0" m="12905" /><D18/><N who="1" m="12663" /><E10/><V50/><F102/><N who="1" m="38921" /><E2/><V109/><F70/><W54/><G45/><T48/><D55/><U95/><E95/><V14/><F35/><W80/><G57/><T116/><D116/><U74/><E74/><V111/><F65/><W0/><G72/><T86/><D86/><AGARI ba="0,0" hai="29,31,44,46,47,86,90,93" m="38921,12663" machi="86" ten="30,1000,0" yaku="8,1" doraHai="125" who="1" fromWho="0" sc="73,-10,49,10,455,0,423,0" /><INIT seed="5,0,0,0,2,47" ten="63,59,455,423" oya="1" hai0="117,10,75,80,69,81,25,105,48,5,135,2,8" hai1="12,31,77,101,39,45,9,55,34,51,62,58,92" hai2="106,33,4,72,49,7,21,56,121,79,126,100,130" hai3="125,88,22,27,124,73,65,59,93,50,35,63,54"/><U37/><E34/><V32/><F126/><W1/><G73/><T66/><D117/><U128/><E128/><V14/><F121/><W89/><G1/><T41/><D105/><U91/><E31/><V0/><F0/><W99/><G35/><T122/><D135/><U74/><E77/><V98/><F130/><W112/><G112/><T84/><D122/><U53/><E101/><V29/><F32/><W119/><G119/><T46/><D25/><U11/><E74/><V108/><F108/><W90/><G124/><T76/><D10/><U64/><E9/><V43/><F33/><W114/><G114/><T111/><D111/><U61/><E61/><V42/><F42/><W113/><G113/><T123/><D123/><U3/><E3/><V96/><F96/><W70/><REACH who="3" step="1"/><G125/><REACH who="3" ten="63,59,455,413" step="2"/><T71/><REACH who="0" step="1"/><D66/><REACH who="0" ten="53,59,455,413" step="2"/><U60/><E64/><V26/><F72/><W44/><G44/><T127/><D127/><U78/><E39/><V110/><F110/><W30/><AGARI ba="0,2" hai="22,27,30,50,54,59,63,65,70,88,89,90,93,99" machi="30" ten="20,8000,1" yaku="1,1,0,1,7,1,52,1,54,1,53,0" doraHai="47" doraHaiUra="120" who="3" fromWho="3" sc="53,-20,59,-40,455,-20,413,100" /><INIT seed="6,0,0,4,0,55" ten="33,19,435,513" oya="2" hai0="7,77,8,79,81,49,12,88,107,62,51,96,101" hai1="44,124,125,24,34,69,3,39,9,135,57,122,115" hai2="112,75,130,66,23,53,132,32,17,41,119,31,5" hai3="93,16,30,43,90,47,131,121,13,128,116,1,133"/><V61/><F75/><W70/><G116/><T6/><D6/><N who="1" m="1247" /><E69/><V11/><F119/><W54/><G121/><T117/><D117/><U104/><E104/><V110/><F41/><W134/><G1/><T80/><D62/><U26/><E34/><V0/><F53/><W42/><G30/><T113/><D113/><U37/><E115/><V58/><F112/><W95/><G70/><T99/><D79/><U126/><E135/><N who="3" m="51722" /><G54/><T10/><D10/><U36/><E122/><V103/><F132/><W100/><G100/><T127/><D127/><N who="1" m="32515" /><U118/><DORA hai="76" /><E118/><V97/><F130/><N who="3" m="49707" /><G90/><T102/><D88/><U29/><E29/><V73/><F110/><W87/><G87/><T50/><REACH who="0" step="1"/><D77/><REACH who="0" ten="23,19,435,513" step="2"/><U123/><E123/><V59/><F103/><W64/><G64/><T84/><D84/><U45/><E57/><V2/><F59/><W52/><G95/><AGARI ba="0,1" hai="7,8,12,49,50,51,80,81,95,96,99,101,102,107" machi="95" ten="40,8000,1" yaku="1,1,52,2,53,2" doraHai="55,76" doraHaiUra="98,18" who="0" fromWho="3" sc="23,90,19,0,435,0,513,-80" /><INIT seed="7,0,0,3,4,65" ten="113,19,435,433" oya="3" hai0="129,56,106,99,110,78,89,69,8,135,44,39,75" hai1="7,17,50,37,19,4,66,71,27,61,42,124,125" hai2="10,97,104,58,107,43,40,11,23,45,29,116,3" hai3="121,12,113,63,103,60,41,118,101,54,59,120,73"/><W51/><G118/><T6/><D69/><U38/><E27/><V9/><F116/><W5/><G73/><T21/><D110/><U52/><E4/><V33/><F33/><W134/><G113/><T62/><D129/><U28/><E7/><V48/><F3/><W91/><G134/><T128/><D135/><U76/><E28/><V114/><F114/><W57/><G121/><T74/><D128/><U15/><E76/><V72/><F72/><W105/><G120/><T86/><D21/><U88/><E19/><V49/><F97/><W102/><G105/><T77/><D77/><U96/><E17/><V13/><F58/><W98/><G41/><T82/><D78/><U36/><E15/><V90/><F90/><W53/><G51/><T2/><D99/><U80/><E42/><V115/><F115/><W32/><G32/><T95/><D95/><N who="1" m="56423" /><E80/><V20/><F13/><W70/><G70/><T68/><D68/><U85/><E85/><V112/><F112/><W94/><G101/><T122/><D106/><U47/><E38/><V67/><F67/><W30/><G30/><T123/><D122/><U0/><E0/><V87/><F87/><W109/><G109/><T16/><D123/><U1/><E1/><V46/><F29/><W130/><G130/><T92/><D82/><U24/><E24/><V127/><F127/><N who="1" m="48713" /><E47/><V84/><F84/><W131/><G131/><T64/><D44/><U14/><E14/><V22/><AGARI ba="0,0" hai="9,10,11,20,22,23,40,43,45,46,48,49,104,107" machi="22" ten="30,2000,0" yaku="0,1,9,1" doraHai="65" who="2" fromWho="2" sc="113,-5,19,-5,435,20,433,-10" owari="108,-29.2,14,-48.6,455,55.5,423,22.3" /></mjloggm>