<mjloggm ver="2.3"><GO type="169" lobby="0"/><UN n0="%E9%87%A3%E3%82%8A%E6%97%A5%E5%92%8C" n1="%61%6D%61%69%6B%61" n2="%E7%88%86%E7%89%8C%E3%82%A6%E3%82%B7%E3%82%B8%E3%83%9E%E3%81%8F%E3%82%93" n3="%43%E3%82%A8%E3%83%BC%E3%82%B8%E3%82%A7%E3%83%B3%E3%83%88" dan="18,17,19,17" rate="2230.28,2174.38,2250.80,2212.49" sx="M,M,M,M"/><TAIKYOKU oya="0"/><INIT seed="0,0,0,5,1,96" ten="250,250,250,250" oya="0" hai0="67,79,51,93,45,116,128,110,7,49,48,105,68" hai1="95,65,99,129,4,11,104,25,20,135,21,123,62" hai2="14,6,38,107,82,30,39,16,108,119,117,12,122" hai3="115,58,80,124,43,71,94,85,111,33,88,76,34"/><T41/><D105/><U53/><E129/><V100/><F122/><W57/><G111/><T86/><D116/><N who="2" m="44618" /><F108/><W121/><G115/><T97/><D110/><U52/><E104/><V90/><F30/><W83/><G71/><T84/><D128/><U113/><E135/><V28/><F28/><W66/><G124/><T10/><D67/><U89/><E123/><V1/><F1/><W106/><G43/><T27/><D27/><U36/><E36/><V18/><F6/><W118/><G118/><T101/><D68/><U8/><E113/><V42/><F90/><W22/><G22/><T54/><D79/><U60/><E8/><N who="2" m="6151" /><F82/><W64/><G106/><T74/><D74/><U29/><E20/><N who="2" m="11351" /><F42/><W3/><G3/><T134/><D134/><U75/><E75/><V23/><F23/><W56/><G80/><T32/><D32/><U133/><E133/><V24/><F24/><W59/><G121/><T78/><D78/><U125/><E125/><V73/><F73/><W70/><G70/><T87/><REACH who="0" step="1"/><D41/><REACH who="0" ten="240,250,250,250" step="2"/><U37/><E25/><V63/><F63/><W81/><G33/><T126/><D126/><U69/><E62/><V109/><F109/><W44/><G34/><T17/><D17/><U127/><E60/><V2/><F2/><AGARI ba="0,1" hai="2,7,10,45,48,49,51,54,84,86,87,93,97,101" machi="2" ten="40,7700,0" yaku="1,1,52,1,53,1" doraHai="96" doraHaiUra="35" who="0" fromWho="2" sc="240,87,250,0,250,-77,250,0" /><INIT seed="0,1,0,2,4,37" ten="327,250,173,250" oya="0" hai0="71,11,124,45,111,123,49,68,64,29,117,57,134" hai1="41,63,92,32,4,12,77,53,15,72,74,80,34" hai2="102,55,81,6,33,73,91,112,62,36,83,39,125" hai3="97,122,13,10,61,87,109,51,30,46,79,7,20"/><T50/><D29/><U27/><E72/><V21/><F33/><W60/><G109/><T132/><D11/><U19/><E4/><V31/><F112/><W58/><G97/><T120/><D117/><U56/><E27/><V96/><F125/><W16/><G122/><N who="0" m="46635" /><D124/><U89/><E12/><V86/><F6/><W84/><G30/><T98/><D98/><U9/><REACH who="1" step="1"/><E41/><REACH who="1" ten="327,240,173,250" step="2"/><V106/><F73/><W118/><G118/><T116/><D116/><U52/><E52/><V67/><F55/><W24/><G61/><N who="0" m="37935" /><D111/><U94/><E94/><V22/><F83/><W3/><G3/><T5/><D5/><U0/><E0/><V69/><F31/><W131/><G7/><T93/><D93/><U127/><E127/><V88/><F39/><W95/><G95/><T133/><D50/><U105/><E105/><V59/><F36/><W14/><G24/><T75/><D75/><U70/><E70/><V85/><F69/><W2/><G2/><T28/><D28/><U47/><E47/><V108/><F108/><W8/><G13/><T76/><D76/><U130/><E130/><V78/><F78/><W44/><G131/><T35/><D35/><U42/><E42/><AGARI ba="1,1" hai="42,45,49,68,71,132,133,134" m="37935,46635" machi="42" ten="40,12000,1" yaku="20,1,34,2,52,1" doraHai="37" who="0" fromWho="1" sc="327,133,240,-123,173,0,250,0" /><INIT seed="0,2,0,3,5,85" ten="460,117,173,250" oya="0" hai0="30,96,5,42,15,122,114,28,19,100,27,121,90" hai1="17,62,1,128,83,57,135,84,102,47,104,115,37" hai2="11,29,68,6,60,14,35,97,20,8,105,103,81" hai3="21,3,43,53,124,130,116,125,25,39,110,107,79"/><T13/><D114/><U16/><E1/><V129/><F129/><W58/><G3/><T126/><D126/><U82/><E128/><V36/><F36/><W108/><G130/><T9/><D42/><U55/><E135/><V91/><F35/><W41/><G107/><T98/><D98/><U87/><E115/><V12/><F29/><W86/><G116/><T44/><D44/><U106/><E37/><V54/><F20/><W117/><G117/><T99/><D99/><U71/><E71/><V7/><F54/><W51/><G86/><T77/><D77/><U94/><E94/><V23/><F23/><W10/><G10/><T74/><D74/><U80/><E102/><V133/><F133/><W49/><G51/><T65/><D65/><U127/><E127/><N who="3" m="48714" /><G79/><T72/><D9/><U131/><E131/><V113/><F113/><W46/><G43/><T119/><D96/><U95/><E106/><V73/><F73/><W26/><G26/><T33/><D27/><U63/><E104/><V34/><F34/><W45/><G46/><T101/><D72/><U92/><E62/><V22/><F22/><W132/><G132/><T89/><D33/><U24/><E47/><V93/><F105/><W69/><G69/><T31/><D119/><U66/><E24/><V118/><F118/><W67/><G67/><T76/><D31/><AGARI ba="2,0" hai="21,25,31,39,41,45,49,53,58,108,110" m="48714" machi="31" ten="30,1000,0" yaku="18,1" doraHai="85" who="3" fromWho="0" sc="460,-16,117,0,173,0,250,16" /><INIT seed="1,0,0,5,2,50" ten="444,117,173,266" oya="1" hai0="27,85,4,87,127,51,46,59,75,66,8,117,13" hai1="26,121,88,131,114,31,62,55,19,134,122,57,101" hai2="43,69,126,45,120,83,86,91,7,90,32,40,70" hai3="78,39,35,93,23,11,9,80,2,84,96,119,49"/><U115/><E101/><V102/><F120/><W15/><G39/><T73/><D117/><U82/><E131/><V65/><F32/><W12/><G35/><T1/><D127/><U118/><E118/><V0/><F126/><W99/><G99/><T5/><D73/><U125/><E125/><V16/><F102/><W130/><G130/><T89/><D75/><U21/><E134/><V33/><F33/><W104/><G104/><T38/><D38/><U41/><E41/><V74/><F43/><W123/><G123/><T61/><D27/><U132/><E132/><V110/><F110/><W81/><G81/><T63/><D63/><U28/><E122/><V92/><F65/><W52/><G2/><T113/><D113/><U100/><E100/><V36/><F16/><N who="3" m="10631" /><G15/><T98/><D1/><U14/><E121/><V25/><F25/><W3/><G3/><T97/><D85/><U24/><E24/><V116/><F116/><W112/><G112/><T135/><D4/><U22/><REACH who="1" step="1"/><E31/><REACH who="1" ten="444,107,173,266" step="2"/><V56/><F40/><W77/><G119/><T10/><D135/><U128/><E128/><V6/><F36/><W111/><G111/><T94/><D8/><U17/><E17/><V67/><F6/><W106/><G106/><T108/><D10/><U103/><E103/><V71/><F7/><W29/><G29/><T42/><D108/><U133/><E133/><V124/><F124/><W95/><G9/><N who="0" m="4271" /><D42/><U58/><E58/><V30/><F56/><N who="3" m="32783" /><G11/><T34/><D34/><U47/><E47/><V64/><F0/><W60/><G77/><T129/><D129/><U109/><E109/><RYUUKYOKU ba="0,1" sc="444,15,107,15,173,-15,266,-15" hai0="46,51,59,61,66,87,89,94,97,98" hai1="14,19,21,22,26,28,55,57,62,82,88,114,115" /><INIT seed="1,1,1,0,0,11" ten="459,122,158,251" oya="1" hai0="28,34,66,58,71,4,83,75,3,48,30,113,123" hai1="53,22,87,14,102,39,69,18,108,115,52,40,88" hai2="90,73,97,31,15,114,96,35,68,26,128,98,78" hai3="79,134,82,74,2,93,129,50,94,80,84,49,76"/><U124/><E115/><V42/><F114/><W109/><G109/><T111/><D113/><U85/><E69/><V24/><F68/><W105/><G2/><T110/><D123/><U103/><E39/><V95/><F128/><W106/><G49/><T33/><D71/><U131/><E40/><V13/><F42/><W23/><G23/><T25/><D3/><U5/><E131/><V127/><F127/><W55/><G55/><N who="1" m="21066" /><E124/><V36/><F36/><W47/><G134/><T7/><D66/><U1/><E1/><V126/><F126/><W89/><G50/><T99/><D48/><U10/><E108/><V38/><F38/><W8/><G8/><T64/><D64/><U61/><E61/><V19/><F78/><W17/><G17/><T65/><D65/><U104/><E104/><N who="3" m="40042" /><G47/><T12/><D75/><U60/><E60/><V56/><F73/><N who="3" m="43023" /><G129/><T0/><D0/><U120/><E120/><V72/><F72/><W117/><G117/><T43/><D43/><U46/><E46/><V29/><F56/><W41/><G41/><T63/><D58/><U119/><E119/><V107/><F107/><W6/><G6/><T91/><D34/><U125/><E125/><V132/><F132/><W16/><G16/><T86/><D33/><U112/><E112/><V118/><F118/><W54/><G54/><T37/><D37/><U67/><E67/><V20/><REACH who="2" step="1"/><F19/><REACH who="2" ten="459,122,148,251" step="2"/><W116/><G116/><T27/><D110/><U70/><E70/><V122/><F122/><W133/><G133/><T21/><D111/><U57/><E57/><V92/><F92/><AGARI ba="1,2" hai="74,79,82,84,89,92,93,94" m="43023,40042" machi="92" ten="30,8000,1" yaku="35,5" doraHai="11" who="3" fromWho="2" sc="459,0,122,0,148,-83,251,103" /><INIT seed="2,0,0,3,5,0" ten="459,122,65,354" oya="2" hai0="132,78,57,67,85,134,25,22,54,90,15,83,40" hai1="11,42,27,24,46,75,102,17,38,10,110,35,29" hai2="118,58,65,1,94,74,135,43,79,23,88,71,119" hai3="124,49,41,63,60,59,28,32,36,113,128,13,95"/><V44/><F71/><W127/><G128/><T51/><D67/><U3/><E110/><V56/><F135/><N who="0" m="51754" /><D40/><U61/><E75/><V91/><F1/><W97/><G113/><T16/><D25/><U12/><E102/><V133/><F133/><W4/><G28/><T93/><D93/><U76/><E76/><AGARI ba="0,0" hai="15,16,22,51,54,57,76,78,83,85,90" m="51754" machi="76" ten="30,2000,0" yaku="20,1,54,1" doraHai="0" who="0" fromWho="1" sc="459,20,122,-20,65,0,354,0" /><INIT seed="3,0,0,2,0,6" ten="479,102,65,354" oya="3" hai0="64,68,44,98,134,87,15,58,60,108,21,49,119" hai1="102,92,70,103,16,9,12,18,33,5,88,116,67" hai2="123,106,101,122,11,84,45,41,121,62,20,91,118" hai3="120,25,80,14,52,31,129,10,26,61,71,27,4"/><W63/><G120/><T69/><D119/><U130/><E33/><V35/><F118/><W78/><G129/><T40/><D108/><U30/><E116/><V90/><F35/><W105/><G105/><T39/><D134/><U32/><E130/><V24/><F106/><W22/><G71/><T94/><D87/><U109/><E109/><V135/><F101/><N who="1" m="38409" /><E70/><V23/><F135/><W127/><G127/><T56/><D56/><U42/><E32/><V73/><F73/><W19/><G31/><T125/><D125/><U126/><E126/><V97/><F62/><W76/><G76/><T133/><D133/><U51/><E67/><V112/><F112/><W93/><G93/><T48/><D48/><U86/><E30/><V2/><F97/><W114/><G114/><T81/><D81/><U1/><E1/><V74/><F74/><W43/><G43/><T38/><D38/><U34/><E34/><V55/><F55/><W79/><G79/><T36/><D36/><U100/><E100/><V72/><F72/><W96/><G96/><T104/><D104/><U59/><E59/><V46/><F91/><W54/><G63/><T82/><D69/><U117/><E117/><V57/><F57/><N who="3" m="34983" /><G54/><T37/><D68/><U132/><E132/><V110/><F110/><W77/><G77/><T111/><D111/><U53/><E53/><V95/><F41/><W128/><G128/><T66/><D64/><U17/><E42/><V99/><F121/><W124/><G124/><T83/><D37/><U29/><E29/><V28/><F122/><W107/><G107/><T131/><D39/><RYUUKYOKU ba="0,0" sc="479,-15,102,15,65,-15,354,15" hai1="5,9,12,16,17,18,51,86,88,92" hai3="4,10,14,19,22,25,26,27,78,80" /><INIT seed="3,1,0,0,5,36" ten="464,117,50,369" oya="3" hai0="73,69,91,76,59,51,86,103,122,27,35,67,97" hai1="33,112,46,93,2,37,78,127,87,123,32,10,114" hai2="104,109,89,49,15,30,101,16,77,125,6,121,107" hai3="44,60,134,54,1,71,92,63,0,130,126,13,29"/><W90/><G134/><T5/><D122/><U50/><E123/><V113/><F121/><W26/><G130/><T28/><D5/><U25/><E37/><V120/><F120/><W105/><G105/><T79/><D73/><U52/><E127/><V19/><F113/><W99/><G13/><T75/><D75/><U24/><E2/><V61/><F125/><W4/><G126/><T80/><D59/><U43/><E10/><V66/><F77/><W8/><G71/><T84/><D51/><U96/><E33/><V64/><F109/><W132/><G0/><T47/><D47/><U131/><E131/><V128/><F30/><W41/><G54/><T9/><D9/><U7/><E7/><V81/><F6/><W3/><G132/><T88/><D67/><U83/><E32/><V31/><F31/><W56/><G56/><T108/><D69/><U55/><E114/><V95/><F66/><W111/><G111/><T14/><D14/><U23/><E112/><V135/><F135/><W70/><G70/><T102/><D102/><N who="1" m="60687" /><E25/><V100/><F15/><W85/><G99/><T11/><D11/><U110/><E110/><V124/><F124/><W12/><G1/><T62/><D108/><U115/><E115/><V22/><F128/><W65/><G65/><T119/><D97/><U42/><E55/><V53/><F53/><W48/><REACH who="3" step="1"/><G3/><REACH who="3" ten="464,117,50,359" step="2"/><T17/><D27/><U58/><E58/><V68/><F68/><W74/><G74/><T57/><D57/><U118/><E118/><V40/><F64/><W45/><G45/><T106/><D119/><U18/><AGARI ba="1,1" hai="18,23,24,42,43,46,50,52,78,83,87" m="60687" machi="18" ten="30,8000,1" yaku="5,1,8,1,52,2,54,1" doraHai="36" who="1" fromWho="1" sc="464,-21,117,93,50,-21,359,-41" /><INIT seed="4,0,0,2,5,49" ten="443,210,29,318" oya="0" hai0="58,26,73,111,28,16,19,77,32,109,3,92,113" hai1="34,95,129,102,78,54,97,13,7,14,131,106,47" hai2="116,65,122,2,93,119,126,76,61,51,71,89,107" hai3="80,121,50,87,12,29,118,35,84,11,31,114,41"/><T70/><D70/><U30/><E78/><V9/><F122/><W90/><G118/><N who="2" m="45097" /><F107/><W38/><G38/><T134/><D3/><U120/><E120/><V67/><F76/><W127/><G114/><T105/><D105/><U133/><E106/><V85/><F126/><W123/><G35/><T6/><D6/><U100/><E100/><V75/><F75/><W128/><G128/><N who="1" m="49226" /><E7/><N who="2" m="1271" /><F51/><W62/><G127/><T103/><D113/><U72/><E72/><V15/><F15/><W101/><G101/><T125/><D125/><U24/><E133/><V88/><F89/><W110/><G110/><N who="0" m="41995" /><D134/><U64/><E64/><AGARI ba="0,0" hai="61,64,65,67,71,85,88,93" m="1271,45097" machi="64" ten="30,2000,0" yaku="12,1,54,1" doraHai="49" who="2" fromWho="1" sc="443,0,210,-20,29,20,318,0" /><INIT seed="5,0,0,0,5,39" ten="443,190,49,318" oya="1" hai0="37,42,64,9,113,12,132,22,59,129,50,119,62" hai1="4,43,78,115,111,34,2,95,125,87,128,104,110" hai2="13,86,49,27,100,7,24,92,101,53,79,91,55" hai3="120,90,112,58,71,133,105,54,45,97,21,103,16"/><U41/><E104/><V57/><F79/><W5/><G112/><T52/><D119/><U48/><E34/><V123/><F123/><W77/><G133/><T83/><D113/><U108/><E115/><V23/><F7/><W117/><G71/><T80/><D132/><U15/><E2/><V106/><F106/><W11/><G117/><T134/><D134/><U51/><E128/><V63/><F27/><W122/><G45/><N who="0" m="23759" /><D22/><U26/><E26/><V93/><F93/><W96/><G77/><T17/><D129/><U29/><E29/><V84/><F84/><W8/><G96/><T0/><D0/><U73/><E125/><V28/><REACH who="2" step="1"/><F13/><REACH who="2" ten="443,190,39,318" step="2"/><W25/><G5/><T32/><D32/><U14/><E73/><V88/><F88/><W85/><G122/><T46/><D80/><N who="1" m="47511" /><E95/><V18/><F18/><W60/><G120/><T89/><D83/><AGARI ba="0,1" hai="8,11,16,21,25,54,58,60,83,85,90,97,103,105" machi="83" ten="30,2000,0" yaku="7,1,54,1" doraHai="39" who="3" fromWho="0" sc="443,-20,190,0,39,0,318,30" /><INIT seed="6,0,0,0,4,79" ten="423,190,39,348" oya="2" hai0="107,20,62,40,65,50,58,117,32,22,47,14,43" hai1="98,130,135,101,21,46,104,53,100,57,95,10,127" hai2="51,34,74,39,123,124,110,13,36,129,93,26,7" hai3="17,35,109,18,128,0,55,69,111,66,24,68,59"/><V106/><F123/><W67/><G0/><T134/><D32/><U37/><E130/><V4/><F129/><W80/><G128/><T16/><D107/><U48/><E127/><V12/><F106/><W41/><G41/><T75/><D75/><U45/><E135/><V91/><F74/><W83/><G24/><T30/><D134/><U92/><E37/><V112/><F124/><W87/><G87/><T94/><D117/><U118/><E118/><V76/><F112/><W31/><G59/><T131/><D131/><U120/><E120/><V9/><F76/><W56/><G56/><T81/><D94/><U33/><E33/><V5/><F110/><W121/><G35/><T6/><D6/><U42/><E42/><V89/><F51/><W49/><G49/><T71/><D71/><U2/><E21/><V28/><F89/><W11/><G11/><T15/><D81/><U73/><E73/><V86/><REACH who="2" step="1"/><F13/><REACH who="2" ten="423,190,29,348" step="2"/><W116/><G121/><T102/><D14/><U132/><E104/><V119/><F119/><W3/><G116/><T126/><D126/><U1/><E132/><V72/><F72/><W70/><G109/><T8/><D50/><U113/><E113/><V64/><F64/><W108/><G108/><T133/><D65/><U27/><E1/><V78/><F78/><W122/><G111/><T61/><D15/><U23/><E2/><V103/><F103/><W105/><G105/><T97/><D102/><U84/><E100/><V88/><F88/><W44/><G3/><T125/><D125/><U85/><E101/><V25/><F25/><W96/><G66/><RYUUKYOKU ba="0,1" sc="423,-10,190,-10,29,30,348,-10" hai2="4,5,7,9,12,26,28,34,36,39,86,91,93" /><INIT seed="6,1,1,4,0,51" ten="413,180,59,338" oya="2" hai0="2,94,75,132,23,8,107,61,10,99,38,41,93" hai1="27,71,134,64,116,89,1,11,22,17,56,33,106" hai2="131,14,77,74,48,28,126,57,82,101,98,55,16" hai3="34,121,39,128,83,24,29,36,43,20,50,81,66"/><V31/><F126/><W130/><G121/><T115/><D75/><U76/><E106/><V95/><REACH who="2" step="1"/><F131/><REACH who="2" ten="413,180,49,338" step="2"/><W53/><G128/><T112/><D115/><U117/><E117/><V35/><F35/><W91/><G34/><T0/><D112/><U7/><E116/><V85/><F85/><W42/><G130/><T124/><D124/><U119/><E119/><V127/><F127/><W37/><G37/><T78/><D38/><U6/><E33/><V25/><F25/><W5/><G36/><T19/><D0/><U46/><E27/><V21/><AGARI ba="1,2" hai="14,16,21,28,31,48,55,57,74,77,82,95,98,101" machi="21" ten="20,18000,2" yaku="1,1,0,1,7,1,52,1,54,1,53,1" doraHai="51" doraHaiUra="18" who="2" fromWho="2" sc="413,-61,180,-61,49,203,338,-61" /><INIT seed="6,2,0,1,3,111" ten="352,119,252,277" oya="2" hai0="28,59,131,122,20,11,88,106,121,14,90,54,76" hai1="1,22,87,95,19,3,6,39,63,13,67,126,40" hai2="73,53,74,2,38,29,26,31,119,57,9,21,135" hai3="77,45,47,83,115,23,46,34,18,42,64,101,110"/><V37/><F119/><W116/><G34/><T89/><D106/><U108/><E108/><V62/><F135/><W94/><G110/><T105/><D105/><U68/><E126/><V25/><F2/><W71/><G116/><T93/><D76/><U17/><E6/><V60/><F9/><W0/><G0/><T24/><D131/><U118/><E118/><V15/><F15/><W27/><G71/><T66/><D66/><U5/><E5/><V81/><F81/><W36/><G64/><T33/><D33/><U35/><E35/><V91/><F91/><W99/><REACH who="3" step="1"/><G115/><REACH who="3" ten="352,119,252,267" step="2"/><T50/><D122/><U130/><E130/><V82/><F21/><W48/><G48/><T16/><D121/><U7/><E1/><V41/><F60/><W72/><AGARI ba="2,1" hai="18,23,27,36,42,45,46,47,72,77,83,94,99,101" machi="72" ten="20,2700,0" yaku="1,1,0,1,7,1,53,0" doraHai="111" doraHaiUra="102" who="3" fromWho="3" sc="352,-9,119,-9,252,-15,267,43" /><INIT seed="7,0,0,5,5,53" ten="343,110,237,310" oya="3" hai0="75,37,101,1,0,8,79,119,15,31,50,59,12" hai1="68,134,110,72,92,55,77,87,39,126,80,107,131" hai2="78,52,65,88,74,100,56,109,122,14,86,135,17" hai3="20,111,3,94,129,73,47,44,133,102,21,2,57"/><W118/><G118/><T51/><D37/><U115/><RYUUKYOKU type="yao9" ba="0,0" sc="343,0,110,0,237,0,310,0" hai1="39,55,68,72,77,80,87,92,107,110,115,126,131,134" /><INIT seed="7,1,0,1,0,13" ten="343,110,237,310" oya="3" hai0="24,70,8,54,89,15,50,2,29,72,67,133,51" hai1="22,78,19,122,73,116,104,114,38,91,33,112,106" hai2="68,52,60,76,107,113,120,41,130,14,95,27,42" hai3="102,108,4,92,77,55,6,131,75,31,98,66,11"/><W64/><G131/><T1/><D72/><U53/><E122/><V43/><F107/><W28/><G108/><T36/><D36/><U83/><E38/><V88/><F130/><W26/><G75/><T39/><D39/><U61/><E33/><V9/><F120/><W81/><G55/><T132/><D89/><U48/><E61/><V115/><F76/><W40/><G40/><T99/><D99/><U34/><E34/><V12/><F27/><W35/><G28/><T20/><D70/><U86/><E116/><V124/><F124/><W10/><G81/><T63/><D63/><U126/><E126/><V129/><F129/><W119/><G119/><T93/><D93/><U56/><E112/><N who="2" m="43083" /><F68/><W25/><G26/><T49/><D67/><U5/><E5/><V96/><F9/><W59/><G59/><AGARI ba="1,0" hai="12,14,41,42,43,52,59,60,88,95,96" m="43083" machi="59" ten="30,3900,0" yaku="15,1,54,2" doraHai="13" who="2" fromWho="3" sc="343,0,110,0,237,42,310,-42" owari="343,44.3,110,-39.0,279,7.9,268,-13.2" /></mjloggm>