<mjloggm ver="2.3"><GO type="169" lobby="0"/><UN n0="%4D%4A%E6%9C%80%E5%BC%B7%E4%BD%8D" n1="%E6%A1%9C%E5%B0%8F%E8%B7%AF%E6%89%8D%E8%8F%AF" n2="%E3%83%AC%E3%82%AA%E3%83%B3%E3%83%8F%E3%83%AB%E3%83%88" n3="%67%63%40%E6%BF%80%E8%BE%9B" dan="17,16,17,18" rate="2229.78,2184.66,2153.12,2183.60" sx="M,M,M,M"/><TAIKYOKU oya="0"/><INIT seed="0,0,0,2,2,3" ten="250,250,250,250" oya="0" hai0="122,31,81,57,30,100,24,130,126,68,15,43,77" hai1="71,102,14,39,99,38,42,46,63,54,8,37,67" hai2="78,44,115,53,107,128,9,41,106,47,84,116,65" hai3="7,51,73,121,86,134,48,101,11,55,1,89,22"/><T21/><D68/><U103/><E54/><V125/><F115/><W132/><G121/><T33/><D122/><U10/><E10/><V79/><F128/><W83/><G101/><T117/><D117/><U76/><E76/><V91/><F125/><W127/><G127/><T4/><D130/><U62/><E62/><V5/><F116/><W119/><G119/><T120/><D120/><U109/><E109/><V50/><F65/><W49/><G73/><T29/><D126/><U25/><E25/><V34/><F34/><W123/><G123/><T52/><D100/><U80/><E80/><V90/><F107/><W104/><G104/><T114/><D43/><U2/><E103/><V40/><F106/><W27/><REACH who="3" step="1"/><G55/><REACH who="3" ten="250,250,250,240" step="2"/><T124/><D124/><U112/><E112/><V88/><F53/><W95/><G95/><T96/><D114/><U58/><E2/><V85/><F79/><W19/><AGARI ba="0,1" hai="1,7,11,19,22,27,48,49,51,83,86,89,132,134" machi="19" ten="30,7900,0" yaku="1,1,0,1,52,1,53,1" doraHai="3" doraHaiUra="82" who="3" fromWho="3" sc="250,-39,250,-20,250,-20,240,89" /><INIT seed="1,0,0,3,0,119" ten="211,230,230,329" oya="1" hai0="41,91,84,115,96,5,61,34,63,131,70,86,29" hai1="59,92,15,132,111,129,55,121,3,51,52,99,82" hai2="12,68,64,93,65,79,133,45,94,120,9,44,48" hai3="103,66,89,62,95,102,14,109,58,87,98,105,75"/><U46/><E121/><V77/><F133/><W57/><G109/><T110/><D115/><U8/><E132/><V73/><F73/><W104/><G75/><T88/><D110/><U76/><E111/><V112/><F112/><W31/><G31/><T32/><D96/><U85/><E129/><V67/><F68/><W39/><G39/><T117/><D5/><U54/><E3/><V135/><F135/><W123/><G103/><T97/><D97/><U107/><E59/><V71/><F71/><W33/><G33/><T22/><D41/><U130/><E107/><V18/><F120/><W114/><G114/><T0/><D0/><U83/><E83/><V108/><F108/><W122/><G105/><T6/><D6/><U106/><E106/><V78/><REACH who="2" step="1"/><F44/><REACH who="2" ten="211,230,220,329" step="2"/><W113/><G113/><T11/><D70/><U90/><REACH who="1" step="1"/><E130/><REACH who="1" ten="211,220,220,329" step="2"/><V40/><AGARI ba="0,2" hai="9,12,18,40,45,48,64,65,67,77,78,79,93,94" machi="40" ten="30,7900,0" yaku="1,1,2,1,0,1,8,1,53,0" doraHai="119" doraHaiUra="35" who="2" fromWho="2" sc="211,-20,220,-39,220,99,329,-20" /><INIT seed="2,0,0,2,4,28" ten="191,181,319,309" oya="2" hai0="65,69,133,118,100,56,17,49,124,94,44,39,46" hai1="132,98,3,85,125,117,8,122,23,5,104,22,21" hai2="4,26,35,48,64,2,34,30,95,50,83,61,7" hai3="15,53,60,97,76,9,109,19,38,29,54,36,101"/><V59/><F35/><W6/><G109/><T71/><D17/><U111/><E117/><V25/><F26/><W27/><G76/><T73/><D94/><U24/><E111/><V80/><F95/><W112/><G112/><T45/><D100/><U0/><E132/><V103/><F103/><W41/><G6/><T57/><D73/><U131/><E131/><V81/><REACH who="2" step="1"/><F7/><REACH who="2" ten="191,181,309,309" step="2"/><W43/><G27/><T110/><D110/><U12/><E24/><V66/><F66/><W114/><G101/><T96/><D96/><U40/><E98/><V123/><F123/><W120/><G97/><T88/><D133/><U14/><E122/><V75/><F75/><W32/><G120/><T72/><D72/><U126/><E5/><V1/><F1/><W52/><G32/><T70/><D118/><U82/><E0/><V99/><F99/><W84/><G84/><T74/><D74/><U107/><E3/><V92/><F92/><W91/><G114/><T42/><D124/><U51/><E125/><V128/><F128/><W87/><G29/><T37/><D88/><N who="1" m="51255" /><E126/><V86/><F86/><W10/><G91/><T20/><D20/><U106/><E23/><V63/><F63/><W129/><G129/><T130/><D130/><U102/><E102/><V55/><F55/><N who="3" m="21067" /><G87/><T134/><D134/><U93/><E93/><V11/><AGARI ba="0,1" hai="2,4,11,25,30,34,48,50,59,61,64,80,81,83" machi="11" ten="30,11700,0" yaku="1,1,0,1,52,1,53,1" doraHai="28" doraHaiUra="31" who="2" fromWho="2" sc="191,-39,181,-39,309,127,309,-39" /><INIT seed="2,1,0,0,5,45" ten="152,142,436,270" oya="2" hai0="40,109,86,118,16,76,95,5,119,69,48,85,18" hai1="12,19,60,57,127,61,21,97,93,10,104,100,126" hai2="56,8,117,68,36,87,75,11,132,72,33,24,22" hai3="107,9,4,120,103,29,81,41,39,129,62,14,28"/><V46/><F68/><W67/><G120/><T121/><D69/><U108/><E108/><V133/><F33/><W113/><G113/><T23/><D109/><U130/><E130/><V26/><F117/><N who="0" m="44554" /><D121/><U80/><E80/><V71/><F71/><W49/><G39/><T77/><D5/><U110/><E110/><V73/><F87/><N who="0" m="33290" /><D95/><U115/><E115/><V101/><F101/><W111/><G111/><T63/><D63/><U114/><E114/><V59/><F46/><W7/><G129/><T70/><D70/><U25/><E104/><V128/><F36/><W55/><G41/><T78/><D23/><U106/><E106/><V74/><F74/><W122/><G122/><T13/><D13/><U88/><E100/><V90/><F90/><W58/><G81/><T54/><D40/><U131/><E131/><V47/><F22/><W112/><G112/><T6/><D6/><N who="1" m="3159" /><E61/><V135/><F128/><W96/><REACH who="3" step="1"/><G4/><REACH who="3" ten="152,142,436,260" step="2"/><T124/><D124/><U65/><E127/><V99/><F135/><W2/><G2/><T15/><D15/><U94/><E126/><V79/><F133/><W20/><G20/><T44/><AGARI ba="1,1" hai="16,18,44,48,54,76,77,78" m="33290,44554" machi="44" ten="40,5200,0" yaku="12,1,52,1,54,1" doraHai="45" who="0" fromWho="0" sc="152,65,142,-14,436,-27,260,-14" /><INIT seed="3,0,0,3,1,123" ten="217,128,409,246" oya="3" hai0="131,80,70,56,22,107,128,84,117,71,48,11,88" hai1="61,111,15,47,59,108,55,105,126,73,121,60,46" hai2="132,63,82,122,25,18,44,54,29,116,133,114,24" hai3="35,43,34,6,13,67,0,109,62,14,102,49,97"/><W20/><G0/><T3/><D107/><U4/><E105/><V40/><F114/><W135/><G135/><N who="2" m="51785" /><F116/><W87/><G87/><T65/><D117/><U36/><E73/><V64/><F54/><W103/><G103/><T52/><D22/><U86/><E86/><V93/><F18/><W10/><G20/><T33/><D33/><U104/><E104/><V21/><F24/><W89/><G89/><T94/><D94/><U106/><E106/><V77/><F93/><W118/><G118/><T127/><D127/><U125/><E121/><V57/><F122/><W45/><G97/><T27/><D27/><U51/><E15/><V41/><F44/><N who="1" m="16937" /><E36/><V98/><F98/><W2/><G102/><T119/><D119/><U72/><E72/><AGARI ba="0,0" hai="21,25,29,40,41,57,63,64,72,77,82" m="51785" machi="72" ten="30,1000,0" yaku="20,1" doraHai="123" who="2" fromWho="1" sc="217,0,128,-10,409,10,246,0" /><INIT seed="4,0,0,3,3,95" ten="217,118,419,246" oya="0" hai0="101,68,72,74,51,69,20,71,3,131,130,128,10" hai1="117,30,107,116,106,59,126,134,129,16,102,60,93" hai2="85,86,114,48,15,109,36,80,63,29,49,89,39" hai3="42,54,33,6,25,26,96,32,75,8,27,127,122"/><T19/><D101/><U118/><E129/><V81/><F109/><W84/><G75/><T56/><D10/><U104/><E134/><V45/><F114/><W135/><G127/><T123/><D3/><U65/><E126/><V17/><F29/><W94/><G135/><T41/><D123/><U78/><E30/><V9/><F63/><W121/><G42/><T38/><D38/><U14/><E78/><V1/><F1/><W46/><G84/><T2/><D2/><U55/><E93/><V57/><F57/><W110/><G110/><T87/><D87/><U100/><REACH who="1" step="1"/><E65/><REACH who="1" ten="217,108,419,246" step="2"/><V61/><F81/><W98/><G94/><T7/><D128/><U82/><E82/><V67/><F67/><W76/><G76/><T124/><D124/><U12/><E12/><V105/><F15/><N who="3" m="5527" /><G33/><T28/><D28/><U111/><E111/><V64/><F64/><W11/><G32/><T92/><D92/><U18/><E18/><V113/><F17/><W70/><G122/><T53/><D130/><U97/><E97/><N who="3" m="37482" /><G121/><T24/><D131/><U47/><E47/><V22/><F45/><W112/><G112/><T0/><D0/><U4/><E4/><V77/><F113/><W40/><G27/><T5/><D7/><U52/><E52/><V34/><F34/><W37/><G54/><T58/><D5/><U83/><E83/><V99/><F80/><W132/><G132/><T35/><D35/><U115/><E115/><V23/><F77/><W125/><G125/><T31/><D31/><U79/><E79/><V13/><F86/><W62/><G26/><T21/><D24/><RYUUKYOKU ba="0,1" sc="217,-10,108,30,419,-10,246,-10" hai1="14,16,55,59,60,100,102,104,106,107,116,117,118" /><INIT seed="5,1,1,1,2,121" ten="207,138,409,236" oya="1" hai0="17,67,57,129,28,18,0,123,93,7,64,6,59" hai1="125,80,99,79,102,71,87,31,35,84,16,23,131" hai2="119,65,128,9,33,53,101,86,58,135,1,106,27" hai3="25,122,46,32,72,61,91,133,81,108,113,127,104"/><U10/><E71/><V41/><F119/><W34/><G122/><T24/><D123/><U111/><E131/><V130/><F65/><W14/><G14/><T42/><D42/><U4/><E125/><V39/><F135/><W15/><G15/><T38/><D38/><U115/><E115/><V117/><F117/><W13/><G13/><T60/><D129/><U29/><E84/><V47/><F101/><W92/><G104/><T112/><D112/><U63/><E63/><V69/><F106/><W43/><G113/><T83/><D83/><U54/><E54/><V52/><F53/><W26/><G127/><T77/><D77/><U105/><E35/><V98/><F69/><W44/><G61/><T48/><D93/><U120/><E120/><V62/><F98/><W36/><G44/><T22/><D0/><U12/><REACH who="1" step="1"/><E111/><REACH who="1" ten="207,128,409,236" step="2"/><V37/><F86/><W75/><G108/><T88/><D67/><U70/><E70/><V20/><F33/><W116/><G116/><T124/><D124/><U51/><E51/><V78/><F37/><W5/><G34/><T55/><D64/><U56/><E56/><V11/><F130/><W45/><G32/><T68/><D57/><U132/><E132/><V8/><F128/><W95/><G133/><T126/><D126/><U66/><E66/><V21/><F39/><W97/><G36/><T85/><D60/><U94/><E94/><V107/><F62/><W74/><G95/><N who="0" m="54671" /><D68/><U96/><E96/><V110/><F58/><W134/><G134/><T82/><D82/><U118/><E118/><V89/><F110/><W30/><G81/><RYUUKYOKU ba="1,2" sc="207,15,128,15,409,-15,236,-15" hai0="6,7,17,18,22,24,28,48,55,59" hai1="4,10,12,16,23,29,31,79,80,87,99,102,105" /><INIT seed="5,2,2,1,3,40" ten="222,143,394,221" oya="1" hai0="133,125,132,55,120,97,43,22,60,27,10,38,58" hai1="64,89,32,49,94,87,50,11,129,3,96,37,107" hai2="135,86,102,4,19,95,45,98,81,26,6,53,126" hai3="106,73,46,68,92,52,54,62,131,116,112,100,75"/><U66/><E37/><V0/><F0/><W17/><G106/><T70/><D70/><U18/><E32/><V128/><F128/><W51/><G131/><T76/><D120/><U69/><E129/><V7/><F135/><N who="0" m="51786" /><D125/><U57/><E69/><V82/><F126/><W104/><G104/><T36/><D76/><U56/><E107/><V78/><F82/><W42/><G112/><T16/><D97/><U90/><E57/><V101/><F101/><W105/><G105/><T110/><D110/><U41/><E3/><V21/><F4/><W80/><G116/><T127/><D43/><U83/><E41/><V99/><F99/><W15/><G100/><T77/><D77/><U121/><E121/><V39/><F39/><W114/><G92/><T111/><D111/><U85/><E96/><V1/><F1/><W8/><G114/><T65/><D127/><U108/><E108/><V44/><F44/><W24/><G24/><T91/><D91/><U2/><E2/><V23/><F21/><W74/><REACH who="3" step="1"/><G80/><REACH who="3" ten="222,143,394,211" step="2"/><T79/><D27/><U13/><REACH who="1" step="1"/><E66/><AGARI ba="2,3" hai="8,15,17,42,46,51,52,54,62,66,68,73,74,75" machi="66" ten="40,8000,1" yaku="1,1,2,1,52,1,54,1,53,0" doraHai="40" doraHaiUra="93" who="3" fromWho="1" sc="222,0,143,-86,394,0,211,116" /><INIT seed="6,0,0,3,0,80" ten="222,57,394,327" oya="2" hai0="47,109,83,27,85,104,18,41,55,103,97,52,65" hai1="10,62,72,3,117,107,92,118,112,110,15,42,124" hai2="31,64,29,57,75,95,99,8,94,81,37,33,93" hai3="6,45,50,125,98,5,114,13,59,79,74,90,119"/><V48/><F37/><W26/><G119/><T123/><D109/><U1/><E110/><V121/><F121/><W63/><G74/><T115/><D115/><U96/><E112/><V129/><F129/><W135/><G79/><T69/><D123/><U0/><E124/><V56/><F33/><W61/><G114/><T78/><D65/><U116/><E72/><V128/><F128/><W106/><G125/><T105/><D69/><U73/><E73/><V70/><F70/><W35/><G135/><T87/><D105/><U101/><E42/><V16/><F81/><W36/><G36/><T77/><D77/><U53/><E62/><N who="2" m="37959" /><F99/><W111/><G111/><T102/><D85/><U113/><E53/><N who="2" m="31911" /><F75/><W68/><G68/><T88/><D102/><U12/><E113/><V130/><F130/><W71/><G71/><T91/><D91/><U120/><E120/><V44/><F44/><W22/><G35/><T20/><REACH who="0" step="1"/><D78/><REACH who="0" ten="212,57,394,327" step="2"/><U25/><E107/><V76/><F76/><W132/><G90/><T23/><D23/><U82/><E82/><V30/><F95/><W100/><G22/><T14/><D14/><AGARI ba="0,1" hai="8,14,16,29,30,31,93,94" m="31911,37959" machi="14" ten="30,2900,0" yaku="8,1,54,1" doraHai="80" who="2" fromWho="0" sc="212,-29,57,0,394,39,327,0" /><INIT seed="6,1,0,4,1,32" ten="183,57,433,327" oya="2" hai0="16,102,93,39,24,59,4,61,83,82,65,29,8" hai1="118,98,23,96,126,89,18,38,75,80,108,36,48" hai2="95,114,27,72,90,117,62,124,13,53,49,0,35" hai3="28,14,128,73,68,43,55,100,81,104,91,11,22"/><V103/><F117/><W3/><G68/><T125/><D39/><U37/><E108/><V69/><F72/><W12/><G128/><T109/><D125/><U15/><E126/><V116/><F116/><W58/><G43/><T46/><D46/><U107/><E118/><V110/><F0/><W47/><G47/><T70/><D70/><U5/><E107/><V76/><F76/><W105/><G3/><T7/><D109/><U2/><E48/><V10/><F103/><W78/><G91/><T33/><D4/><U64/><E64/><V52/><F27/><W6/><G100/><T1/><D102/><U79/><REACH who="1" step="1"/><E89/><REACH who="1" ten="183,47,433,327" step="2"/><V121/><F49/><W26/><G12/><T34/><D65/><U106/><E106/><V74/><F90/><W42/><G42/><T133/><D61/><AGARI ba="1,1" hai="6,11,14,22,26,28,55,58,61,73,78,81,104,105" machi="61" ten="30,1000,0" yaku="7,1" doraHai="32" who="3" fromWho="0" sc="183,-13,47,0,433,0,327,23" /><INIT seed="7,0,0,0,1,37" ten="170,47,433,350" oya="3" hai0="12,93,78,100,127,14,82,99,92,69,29,89,105" hai1="3,19,85,25,65,107,16,103,21,9,98,119,102" hai2="114,111,108,132,60,118,117,7,110,24,40,88,33" hai3="26,81,49,109,53,35,63,80,56,32,36,61,66"/><W70/><G109/><T23/><D69/><U42/><E119/><N who="2" m="45579" /><F88/><W68/><G36/><T8/><D127/><U55/><E65/><V130/><F40/><W20/><G35/><T86/><D29/><U52/><E102/><V1/><F60/><W22/><G32/><T128/><D128/><U58/><E85/><V112/><F130/><W126/><G126/><T0/><D23/><U135/><E135/><V54/><F54/><W83/><REACH who="3" step="1"/><G26/><REACH who="3" ten="170,47,433,340" step="2"/><T76/><D0/><U121/><E121/><V91/><F132/><W129/><G129/><T51/><D14/><U120/><E120/><V101/><F101/><W44/><G44/><T113/><D113/><N who="2" m="43626" /><F91/><W11/><G11/><T45/><D76/><U133/><E133/><V75/><F75/><W62/><G62/><T115/><D115/><U67/><E67/><AGARI ba="0,1" hai="20,22,49,53,56,61,63,66,67,68,70,80,81,83" machi="67" ten="40,3900,0" yaku="1,1,9,1,53,0" doraHai="37" doraHaiUra="2" who="3" fromWho="1" sc="170,0,47,-39,433,0,340,49" /><INIT seed="7,1,0,5,5,59" ten="170,8,433,389" oya="3" hai0="111,76,0,16,6,46,110,1,26,97,135,103,87" hai1="71,93,79,3,10,109,86,99,50,120,21,29,2" hai2="94,80,61,100,104,107,17,119,117,47,72,24,96" hai3="90,75,128,44,121,22,108,40,126,116,25,42,20"/><W69/><G116/><T13/><D135/><U115/><E109/><V89/><F61/><W131/><G121/><T9/><D26/><U19/><E120/><V38/><F107/><W133/><G108/><T113/><D113/><U68/><E115/><V102/><F102/><W49/><G133/><T106/><D0/><U124/><E124/><V129/><F129/><N who="3" m="49739" /><G126/><T5/><D5/><U62/><E50/><V88/><F89/><W63/><G75/><T51/><D87/><U132/><E132/><V123/><F123/><W34/><G42/><T118/><D76/><U52/><E29/><V14/><F24/><W7/><G7/><T95/><D106/><U74/><E74/><V15/><F38/><W84/><G34/><T78/><D78/><U57/><E10/><V130/><F130/><W98/><G98/><T134/><D134/><U23/><E23/><V85/><F47/><W114/><G114/><T127/><D118/><N who="2" m="45066" /><F17/><W82/><G25/><T73/><D73/><U60/><E79/><AGARI ba="1,0" hai="14,15,72,79,80,85,88,94,96,100,104" m="45066" machi="79" ten="30,2000,0" yaku="24,1,54,1" doraHai="59" who="2" fromWho="1" sc="170,0,8,-23,433,23,389,0" owari="170,-23.0,-15,-51.5,456,55.6,389,18.9" /></mjloggm>