<mjloggm ver="2.3"><GO type="169" lobby="0"/><UN n0="%E3%82%86%E3%83%BC%E3%81%B5%E3%82%89" n1="%E7%99%BD%E3%81%AE%E7%A9%BA" n2="%6D%73%E3%82%80%E3%83%BC%E3%81%95%E3%82%93" n3="%E5%8D%88%E5%BE%8C%E3%82%B4%E3%83%AA%E3%83%A9" dan="16,17,17,16" rate="2031.93,2156.91,2140.53,2134.09" sx="M,M,F,M"/><TAIKYOKU oya="0"/><INIT seed="0,0,0,3,1,54" ten="250,250,250,250" oya="0" hai0="57,130,26,11,90,40,127,107,78,66,1,18,99" hai1="52,97,81,83,47,39,5,51,73,17,45,3,4" hai2="68,84,46,122,112,67,65,55,121,131,27,32,102" hai3="10,34,56,86,62,61,33,58,123,92,63,12,19"/><T118/><D118/><U124/><E124/><V72/><F72/><W9/><G123/><T76/><D127/><U15/><E97/><V74/><F74/><W38/><G38/><T7/><D130/><U42/><E3/><V24/><F84/><W111/><G111/><T28/><D40/><U59/><E45/><V35/><F55/><W88/><REACH who="3" step="1"/><G9/><REACH who="3" ten="250,250,250,240" step="2"/><T115/><D115/><U22/><REACH who="1" step="1"/><E81/><REACH who="1" ten="250,240,250,240" step="2"/><V50/><F121/><W60/><N who="3" m="15360" /><DORA hai="134" /><W104/><G104/><T48/><D107/><U29/><E29/><V6/><F122/><W85/><G85/><T108/><D28/><U75/><E75/><V119/><F112/><W110/><G110/><T44/><D108/><U70/><E70/><V101/><F68/><W31/><G31/><T128/><D66/><U2/><E2/><V21/><F67/><W53/><G53/><T37/><D1/><U16/><E16/><V14/><F65/><W125/><G125/><T20/><D18/><U25/><E25/><V49/><F24/><W77/><G77/><AGARI ba="0,2" hai="4,5,15,17,22,39,42,47,51,52,59,73,77,83" machi="77" ten="40,8000,1" yaku="1,1,52,1,54,1,53,1" doraHai="54,134" doraHaiUra="71,93" who="1" fromWho="3" sc="250,0,240,100,250,0,240,-80" /><INIT seed="1,0,0,5,1,96" ten="250,340,250,160" oya="1" hai0="55,130,56,18,118,91,50,3,78,38,62,48,103" hai1="58,32,39,76,9,113,60,114,135,116,121,84,17" hai2="90,47,54,44,100,81,74,106,71,75,64,86,29" hai3="133,66,28,99,34,22,35,20,127,69,27,132,30"/><U61/><E121/><V31/><F71/><W101/><G127/><T65/><D130/><U120/><E120/><V95/><F64/><W6/><G6/><T115/><D38/><U26/><E116/><V36/><F74/><W12/><G12/><T53/><D3/><U104/><E135/><V92/><F92/><W109/><G109/><T97/><D115/><U123/><E123/><V87/><F75/><W67/><G67/><T82/><D91/><U33/><E39/><V93/><F106/><W89/><G89/><T98/><D98/><U122/><E104/><V16/><F36/><W4/><G4/><T126/><D126/><U128/><E128/><V105/><F105/><N who="3" m="63679" /><G30/><T10/><D50/><U80/><E122/><V7/><F7/><W52/><G52/><T70/><D55/><U8/><E61/><V45/><F100/><W11/><G11/><T13/><D118/><U23/><E8/><V46/><F16/><W57/><G57/><T72/><REACH who="0" step="1"/><D97/><REACH who="0" ten="240,340,250,160" step="2"/><U73/><E113/><V77/><F95/><W42/><G42/><T21/><D21/><N who="3" m="8297" /><G35/><T119/><D119/><U63/><E114/><V111/><F111/><W0/><G0/><T124/><D124/><U40/><E40/><V14/><F54/><W41/><G41/><T15/><D15/><U125/><E125/><V88/><F14/><W102/><G102/><AGARI ba="0,1" hai="10,13,18,48,53,56,62,65,70,72,78,82,102,103" machi="102" ten="40,5200,0" yaku="1,1,52,2,53,0" doraHai="96" doraHaiUra="85" who="0" fromWho="3" sc="240,62,340,0,250,0,160,-52" /><INIT seed="2,0,0,0,2,128" ten="302,340,250,108" oya="2" hai0="93,18,72,115,67,87,77,132,40,47,104,37,50" hai1="8,103,92,3,112,99,16,11,26,68,94,107,120" hai2="6,42,126,86,97,135,31,19,20,85,105,111,12" hai3="60,17,25,88,51,39,58,2,61,63,5,134,95"/><V55/><F126/><W123/><G39/><T36/><D104/><U130/><E112/><V57/><F42/><W30/><G123/><T79/><D115/><U14/><E130/><V80/><F111/><W46/><G2/><T91/><D67/><U7/><E120/><V24/><F6/><W118/><G118/><T35/><D35/><U10/><E68/><V21/><F135/><W62/><G5/><T44/><D132/><U52/><E26/><V74/><F74/><W133/><G17/><T1/><D1/><U125/><E125/><V9/><F105/><W64/><G51/><T84/><D72/><U71/><E71/><V41/><F41/><W53/><G46/><T100/><D100/><U54/><E10/><V114/><F97/><W110/><G110/><T45/><D36/><U122/><E122/><V81/><F114/><W4/><G4/><T98/><D18/><U13/><E3/><V108/><F108/><W32/><REACH who="3" step="1"/><G64/><REACH who="3" ten="302,340,250,98" step="2"/><T102/><D45/><U82/><REACH who="1" step="1"/><E82/><REACH who="1" ten="302,330,250,98" step="2"/><N who="2" m="31851" /><F9/><W59/><G59/><T119/><D47/><U117/><E117/><V78/><F78/><W83/><G83/><T38/><D119/><U90/><E90/><V129/><F129/><W113/><G113/><T66/><D38/><U121/><E121/><V75/><F75/><W48/><G48/><AGARI ba="0,2" hai="12,19,20,21,24,31,48,55,57,85,86" m="31851" machi="48" ten="30,1500,0" yaku="8,1" doraHai="128" who="2" fromWho="3" sc="302,0,330,0,250,35,98,-15" /><INIT seed="2,1,0,5,0,37" ten="302,330,285,83" oya="2" hai0="127,56,16,59,107,98,24,54,70,2,71,47,74" hai1="4,82,96,11,93,13,23,125,79,126,62,53,58" hai2="75,22,46,117,101,65,51,30,44,95,57,67,80" hai3="35,10,60,7,42,94,34,83,18,55,119,64,6"/><V85/><F117/><W36/><G119/><T33/><D2/><U29/><E29/><V69/><F69/><W50/><G18/><T32/><D74/><U100/><REACH who="1" step="1"/><E23/><REACH who="1" ten="302,320,285,83" step="2"/><V26/><F75/><AGARI ba="1,1" hai="4,11,13,53,58,62,75,79,82,93,96,100,125,126" machi="75" ten="40,5200,0" yaku="1,1,2,1,53,1" doraHai="37" doraHaiUra="76" who="1" fromWho="2" sc="302,0,320,65,285,-55,83,0" /><INIT seed="3,0,0,0,2,117" ten="302,385,230,83" oya="3" hai0="51,111,29,31,49,67,10,104,22,15,75,43,114" hai1="103,13,12,17,93,35,78,77,40,116,100,1,27" hai2="8,34,63,80,24,125,54,37,119,38,48,134,88" hai3="2,5,33,46,30,92,20,14,42,61,0,91,3"/><W98/><G33/><T113/><D104/><U16/><E1/><V106/><F119/><W69/><G69/><T96/><D111/><U127/><E116/><V70/><F106/><W101/><G61/><T76/><D75/><U84/><E127/><V85/><F125/><W47/><G30/><T123/><D76/><U64/><E64/><V99/><F134/><W81/><G81/><T115/><D96/><U94/><E40/><V68/><F99/><W102/><G47/><T130/><D130/><U110/><E35/><V58/><F8/><W79/><G79/><T62/><D123/><U126/><E126/><V109/><F109/><W53/><G53/><T73/><D73/><U52/><E52/><V135/><F135/><W50/><REACH who="3" step="1"/><G5/><REACH who="3" ten="302,385,230,73" step="2"/><N who="0" m="3535" /><D31/><U82/><E82/><V132/><F132/><W45/><G45/><T19/><D29/><U59/><E78/><V72/><F70/><W97/><G97/><T55/><D55/><U60/><E77/><V89/><F72/><W83/><G83/><T112/><D112/><U4/><E4/><V74/><F74/><W95/><G95/><T133/><D133/><U39/><E93/><V23/><F34/><W6/><G6/><T18/><D43/><U66/><E94/><N who="2" m="54543" /><F68/><W71/><G71/><N who="0" m="42487" /><D19/><AGARI ba="0,1" hai="0,2,3,14,19,20,42,46,50,91,92,98,101,102" machi="19" ten="40,2000,0" yaku="1,1,53,0" doraHai="117" doraHaiUra="120" who="3" fromWho="0" sc="302,-20,385,0,230,0,73,30" /><INIT seed="3,1,0,4,3,97" ten="282,385,230,103" oya="3" hai0="113,30,54,49,115,56,92,11,33,90,120,63,76" hai1="88,25,108,16,19,124,73,32,114,48,34,89,41" hai2="104,27,7,44,36,14,91,119,71,103,8,72,22" hai3="128,24,51,126,68,94,1,17,125,106,112,5,58"/><W3/><G106/><T87/><D120/><U4/><E114/><N who="0" m="43529" /><D76/><U43/><E73/><V0/><F119/><W15/><G112/><T40/><D30/><U134/><E108/><V95/><F71/><W13/><G68/><T23/><D33/><U6/><E48/><V117/><F117/><W20/><G51/><T53/><D23/><U77/><E77/><V102/><F72/><W26/><G58/><T75/><D75/><U37/><E25/><N who="3" m="9834" /><G94/><T105/><D105/><U28/><E28/><V67/><F0/><N who="3" m="75" /><G128/><T21/><D21/><U55/><E55/><V59/><F104/><W82/><G82/><T70/><D11/><AGARI ba="1,0" hai="5,11,13,15,17,20,125,126" m="75,9834" machi="11" ten="30,2900,0" yaku="34,2" doraHai="97" who="3" fromWho="0" sc="282,-32,385,0,230,0,103,32" /><INIT seed="3,2,0,2,1,13" ten="250,385,230,135" oya="3" hai0="57,17,55,24,74,14,85,110,93,80,7,63,30" hai1="60,73,27,12,37,94,15,119,117,46,34,102,84" hai2="65,53,122,6,10,115,40,105,81,50,107,129,87" hai3="11,1,98,23,9,16,96,100,97,121,120,92,19"/><W95/><G98/><T26/><D110/><U32/><E73/><V79/><F115/><W4/><G11/><T62/><D74/><U90/><E102/><V44/><F129/><W36/><G36/><T43/><D7/><U2/><E2/><V101/><F122/><W116/><G116/><N who="1" m="44618" /><E60/><V64/><F53/><W8/><G9/><T41/><D93/><U71/><E71/><V134/><F134/><W69/><G69/><T33/><D26/><U127/><E127/><V124/><F124/><W47/><G47/><T68/><D62/><U89/><E89/><V77/><F77/><W21/><G21/><T51/><D63/><U86/><E86/><V52/><F40/><W59/><G59/><T103/><D103/><U5/><E5/><V118/><F118/><W25/><G19/><T135/><D135/><U123/><E123/><V112/><F112/><W78/><G78/><T67/><D67/><U75/><E46/><V22/><F101/><AGARI ba="2,0" hai="1,4,8,16,23,25,92,95,96,97,100,101,120,121" machi="101" ten="30,11600,0" yaku="7,1,9,1,52,1,54,1" doraHai="13" who="3" fromWho="2" sc="250,0,385,0,230,-122,135,122" /><INIT seed="3,3,0,2,0,133" ten="250,385,108,257" oya="3" hai0="22,49,36,94,115,78,15,57,44,17,6,19,109" hai1="77,59,91,3,66,29,56,90,97,54,62,33,134" hai2="76,52,85,20,37,64,2,11,104,103,53,23,21" hai3="125,88,65,9,39,26,1,83,10,106,81,7,0"/><W122/><G122/><T45/><D109/><U84/><E134/><V87/><F37/><W107/><G39/><T27/><D6/><U35/><E3/><V127/><F64/><W72/><G65/><T61/><D115/><U128/><E128/><V46/><F127/><W16/><G125/><T80/><D94/><U108/><E108/><V102/><F104/><W55/><G72/><T60/><D36/><U124/><E124/><V89/><F2/><W13/><G0/><T116/><D116/><U79/><E35/><V126/><F126/><W130/><G130/><T30/><D17/><U8/><E8/><V75/><F75/><W25/><G55/><N who="2" m="21065" /><F11/><W34/><G81/><T40/><D57/><U51/><E29/><V92/><F46/><W43/><G43/><T98/><D98/><U119/><E33/><V105/><F105/><W28/><REACH who="3" step="1"/><G26/><REACH who="3" ten="250,385,108,247" step="2"/><T38/><D38/><U14/><E119/><V118/><F118/><W47/><G47/><T100/><D44/><U48/><E66/><V32/><F32/><W99/><G99/><T50/><D45/><U63/><E97/><V113/><F113/><W42/><G42/><T132/><D40/><U120/><E120/><V112/><F112/><W24/><G24/><T5/><D132/><U70/><E54/><V111/><F111/><W101/><G101/><T74/><D100/><U58/><E51/><V71/><F71/><W95/><G95/><T68/><D50/><U131/><E48/><V110/><F110/><W82/><G82/><AGARI ba="3,1" hai="20,21,23,76,82,85,87,89,92,102,103" m="21065" machi="82" ten="30,2000,0" yaku="8,1,54,1" doraHai="133" who="2" fromWho="3" sc="250,0,385,0,108,39,247,-29" /><INIT seed="4,0,0,5,5,7" ten="250,385,147,218" oya="0" hai0="13,14,50,104,88,28,74,132,68,93,81,134,100" hai1="5,71,96,6,115,86,55,8,94,23,83,9,121" hai2="25,87,117,72,46,120,116,34,3,99,118,58,15" hai3="92,70,126,33,61,124,4,90,114,60,27,125,98"/><T80/><D68/><U91/><E71/><V44/><F120/><W64/><G114/><T41/><D28/><U30/><E121/><V52/><F72/><W19/><G60/><T107/><D100/><U56/><E115/><V39/><F3/><W110/><G110/><T1/><D1/><U67/><E67/><V113/><F113/><W18/><REACH who="3" step="1"/><G4/><REACH who="3" ten="250,385,147,208" step="2"/><T128/><D134/><U112/><E112/><V51/><F116/><W75/><G75/><T129/><D74/><U22/><E5/><V24/><F117/><W102/><G102/><T62/><D62/><N who="1" m="36127" /><E6/><V40/><F118/><W66/><G66/><T89/><D132/><U84/><E84/><V131/><F87/><W76/><G76/><T111/><D111/><U127/><E127/><V16/><F131/><W36/><G36/><T43/><D50/><U85/><E85/><V17/><F39/><W105/><G105/><T79/><D79/><N who="1" m="46463" /><E30/><AGARI ba="0,1" hai="18,19,27,30,33,61,64,70,90,92,98,124,125,126" machi="30" ten="40,2600,0" yaku="1,1,18,1,53,0" doraHai="7" doraHaiUra="54" who="3" fromWho="1" sc="250,0,385,-26,147,0,208,36" /><INIT seed="5,0,0,0,4,116" ten="250,359,147,244" oya="1" hai0="13,97,25,37,88,41,2,119,11,32,23,133,118" hai1="128,96,6,30,90,60,19,93,95,135,76,79,126" hai2="44,58,52,114,35,50,67,29,9,7,5,21,92" hai3="73,123,102,10,99,127,82,63,57,24,81,1,69"/><U18/><E128/><V78/><F35/><W34/><G127/><T72/><D72/><U70/><E126/><V124/><F124/><W59/><G73/><T53/><D133/><U113/><E135/><V131/><F131/><W42/><G42/><T68/><D68/><U14/><E113/><V31/><F114/><W132/><G132/><T46/><D2/><U8/><E30/><V91/><F78/><W40/><G40/><T109/><D32/><U38/><E38/><V36/><F36/><W106/><G57/><T33/><D33/><U51/><E51/><V89/><F89/><W45/><G45/><T22/><D22/><U15/><E6/><V49/><F21/><W64/><G59/><T120/><D109/><U84/><E60/><V86/><F7/><W28/><G123/><T3/><D3/><U75/><E75/><V103/><F103/><W111/><G111/><T65/><D65/><U85/><E70/><V26/><F26/><W100/><G100/><T66/><D66/><U0/><E0/><V125/><F125/><W74/><G74/><T16/><D53/><U117/><E117/><V122/><F122/><W27/><G24/><T47/><D47/><U121/><E121/><V129/><F129/><W134/><G134/><T101/><D120/><U62/><E62/><N who="2" m="38359" /><F49/><W20/><REACH who="3" step="1"/><G20/><REACH who="3" ten="250,359,147,234" step="2"/><T108/><D108/><U115/><E115/><V104/><F104/><W98/><G98/><T43/><D101/><N who="1" m="60575" /><E85/><V48/><F48/><W107/><G107/><T94/><REACH who="0" step="1"/><D43/><REACH who="0" ten="240,359,147,234" step="2"/><U54/><E54/><V12/><AGARI ba="0,2" hai="5,9,12,29,31,44,50,52,86,91,92" m="38359" machi="12" ten="30,2000,0" yaku="8,1,54,1" doraHai="116" who="2" fromWho="2" sc="240,-5,359,-10,147,40,234,-5" /><INIT seed="6,0,0,4,5,17" ten="235,349,187,229" oya="2" hai0="6,19,118,36,88,101,23,94,10,62,14,35,47" hai1="82,135,29,74,97,121,50,24,71,109,130,3,90" hai2="44,85,60,58,0,115,81,27,102,20,105,111,25" hai3="15,84,5,103,100,132,114,112,129,39,125,8,87"/><V32/><F115/><N who="3" m="44075" /><G39/><T12/><D35/><U79/><E109/><V65/><F0/><W46/><G46/><T2/><D118/><U69/><E135/><V21/><F111/><W104/><G132/><T122/><D122/><U63/><E121/><V96/><F44/><W72/><G72/><T53/><D101/><N who="3" m="38985" /><G104/><T37/><D2/><U110/><E3/><V128/><F128/><W73/><G73/><T99/><D47/><U31/><E130/><V86/><F32/><W119/><G129/><T28/><D28/><U43/><E31/><V66/><F66/><W91/><G119/><T34/><D34/><U4/><E29/><V48/><F48/><W7/><G125/><T64/><D53/><U22/><E74/><V68/><F68/><AGARI ba="0,0" hai="6,10,12,14,19,23,36,37,62,64,68,88,94,99" machi="68" ten="30,3900,0" yaku="7,1,52,1,54,1" doraHai="17" who="0" fromWho="2" sc="235,39,349,0,187,-39,229,0" /><INIT seed="7,0,0,5,0,97" ten="274,349,148,229" oya="3" hai0="95,92,22,83,26,44,51,5,17,106,71,87,58" hai1="122,62,81,57,75,23,40,37,45,74,89,8,104" hai2="90,34,101,15,38,49,50,53,6,79,84,102,7" hai3="30,91,64,18,4,128,46,82,124,32,19,107,56"/><W67/><G107/><T11/><D71/><U109/><E109/><V78/><F38/><W13/><G128/><T29/><D106/><U126/><E122/><V65/><F34/><W69/><G69/><T117/><D58/><U73/><E104/><V99/><F65/><W68/><G68/><T135/><D29/><U125/><E23/><V80/><F49/><W72/><G46/><T66/><D66/><U132/><E132/><V76/><F99/><W88/><G67/><T39/><D39/><U120/><E120/><V119/><F119/><W111/><G111/><T48/><D48/><U134/><E134/><V55/><F55/><W118/><G118/><T20/><D20/><U70/><E70/><V129/><F129/><W3/><G124/><N who="1" m="47722" /><E8/><V10/><F6/><W27/><G72/><T110/><D135/><U60/><E57/><AGARI ba="0,0" hai="7,10,15,50,53,57,76,78,79,80,84,90,101,102" machi="57" ten="40,5200,0" yaku="8,1,52,2" doraHai="97" who="2" fromWho="1" sc="274,0,349,-52,148,52,229,0" /><INIT seed="8,0,0,0,2,33" ten="274,297,200,229" oya="0" hai0="117,81,24,103,66,105,107,27,59,124,56,114,121" hai1="122,48,83,36,13,95,116,125,7,9,11,130,92" hai2="69,28,57,37,127,108,104,60,12,118,133,26,90" hai3="46,110,87,40,45,64,16,79,126,29,23,20,0"/><T41/><D114/><U17/><E36/><V98/><F108/><W67/><G110/><T102/><D121/><U6/><E122/><V34/><F37/><W35/><G35/><T21/><D41/><U22/><E125/><V55/><F127/><W47/><G40/><T3/><D81/><U2/><E130/><V85/><F133/><W53/><G0/><T75/><D75/><U31/><E116/><V91/><F118/><W123/><G123/><T72/><D72/><U19/><E83/><V1/><F1/><W4/><G4/><T78/><D78/><U115/><E115/><V43/><F43/><W18/><G126/><T30/><D124/><U89/><E48/><V134/><F134/><W84/><G53/><T109/><D109/><U42/><E42/><V65/><F12/><N who="3" m="9223" /><G29/><T96/><D117/><U106/><E106/><V74/><F74/><W112/><G112/><T101/><D101/><U62/><E62/><N who="2" m="40119" /><F85/><N who="3" m="32843" /><G79/><T54/><D66/><U131/><E131/><V25/><F25/><AGARI ba="0,0" hai="18,23,25,45,46,47,64,67" m="32843,9223" machi="25" ten="30,2000,0" yaku="8,1,54,1" doraHai="33" who="3" fromWho="2" sc="274,0,297,0,200,-20,229,20" /><INIT seed="9,0,0,1,5,98" ten="274,297,180,249" oya="1" hai0="57,123,88,26,73,78,60,111,43,23,34,82,103" hai1="7,118,63,29,121,33,110,17,19,100,40,113,116" hai2="0,101,89,32,31,54,133,15,65,9,91,37,38" hai3="4,112,107,122,125,50,132,134,126,18,93,115,108"/><U71/><E113/><N who="3" m="43594" /><G107/><T130/><D111/><U74/><E110/><V102/><F0/><W49/><G108/><T48/><D34/><U70/><E121/><V66/><F32/><W27/><G4/><T42/><D130/><U87/><E74/><V72/><F72/><W84/><G122/><T81/><D48/><N who="3" m="18537" /><G27/><T79/><D88/><N who="2" m="33866" /><F54/><W52/><G18/><T55/><D103/><N who="2" m="39434" /><F37/><W47/><G84/><T35/><D35/><U59/><E87/><V128/><F38/><W119/><G93/><T45/><D123/><U5/><E33/><V94/><F128/><W2/><G2/><T62/><D45/><U67/><E71/><V104/><F104/><W135/><G119/><T131/><D131/><U39/><E70/><V44/><F44/><W14/><G14/><T76/><D73/><U22/><E116/><V105/><F105/><W68/><G68/><T36/><D36/><U21/><E118/><V129/><F129/><W109/><G109/><T1/><D1/><U25/><E39/><V77/><F31/><W95/><G95/><T11/><D82/><U85/><E29/><V3/><F3/><W64/><G64/><N who="2" m="24681" /><F94/><W80/><G80/><T56/><D81/><U120/><E120/><V51/><F51/><AGARI ba="0,0" hai="47,51,52,125,126,132,134,135" m="18537,43594" machi="51" ten="40,8000,1" yaku="20,1,34,2,54,1" doraHai="98" who="3" fromWho="2" sc="274,0,297,0,180,-80,249,80" owari="274,-12.6,297,9.7,100,-40.0,329,42.9" /></mjloggm>