<mjloggm ver="2.3"><GO type="169" lobby="0"/><UN n0="%E3%81%9D%E3%81%86%E3%81%9F%E3%81%A3%E3%81%9F" n1="%E2%91%A3%E9%81%BF%E9%81%8A%E6%88%AF%E3%80%90%E6%9D%B1%E5%8D%97%E3%80%91" n2="%6B%69%72%61%72%69%79%75" n3="%E3%81%88%E3%81%84%E3%81%8D%E3%81%A1%40%35%6D%66" dan="16,17,16,17" rate="2067.57,2152.24,2116.19,2239.48" sx="M,M,M,M"/><TAIKYOKU oya="0"/><INIT seed="0,0,0,5,1,81" ten="250,250,250,250" oya="0" hai0="48,29,128,78,23,109,19,25,108,89,16,124,117" hai1="80,125,121,46,134,50,100,120,114,10,131,110,107" hai2="87,36,58,96,4,52,9,112,0,119,111,105,56" hai3="3,54,65,40,20,103,14,84,18,5,94,31,85"/><T95/><D117/><U60/><E107/><V30/><F112/><W33/><G40/><T102/><D124/><U47/><E100/><V70/><F70/><W42/><G42/><T15/><D128/><U90/><E114/><V67/><F36/><W132/><G132/><T74/><D102/><U49/><E10/><V61/><F119/><W126/><G126/><T24/><D78/><U75/><E80/><V68/><F30/><W2/><G65/><T13/><D74/><U28/><E28/><V38/><F38/><W1/><G5/><T97/><D48/><U22/><E22/><V83/><F111/><N who="0" m="42570" /><D29/><U127/><E90/><V72/><F72/><W98/><REACH who="3" step="1"/><G54/><REACH who="3" ten="250,250,250,240" step="2"/><T45/><D45/><U77/><E110/><V106/><F52/><W91/><G91/><T64/><D64/><U17/><E134/><V44/><F44/><W63/><G63/><T53/><D53/><U26/><E60/><V57/><REACH who="2" step="1"/><F96/><REACH who="2" ten="250,250,240,240" step="2"/><W37/><G37/><T73/><D73/><U71/><E125/><V122/><F122/><W35/><G35/><T34/><D34/><U113/><E127/><V130/><F130/><W21/><G21/><AGARI ba="0,2" hai="13,15,16,19,21,23,24,25,89,95,97" m="42570" machi="21" ten="30,5800,0" yaku="14,1,10,1,54,1" doraHai="81" who="0" fromWho="3" sc="250,78,250,0,240,0,240,-58" /><INIT seed="0,1,0,5,3,58" ten="328,250,240,182" oya="0" hai0="125,68,120,49,35,73,1,19,133,93,24,122,64" hai1="99,61,39,124,6,118,119,69,7,54,12,129,134" hai2="78,36,55,43,52,34,112,89,22,128,71,121,77" hai3="8,95,114,66,88,90,70,113,105,87,10,0,26"/><T85/><D73/><U111/><E39/><V41/><F34/><W82/><G105/><T63/><D1/><U75/><E75/><V32/><F32/><W15/><G26/><T115/><D115/><U65/><E119/><V38/><F112/><W29/><G29/><T20/><D133/><U131/><E118/><V25/><F71/><W18/><G0/><T102/><D125/><U37/><E37/><V31/><F121/><W106/><G106/><T5/><D5/><U42/><E42/><V97/><F128/><W92/><G8/><T57/><D35/><U91/><E124/><V60/><F38/><W127/><G82/><T94/><D85/><U101/><E91/><V62/><F36/><W96/><REACH who="3" step="1"/><G127/><REACH who="3" ten="328,250,240,172" step="2"/><T13/><D24/><U117/><E131/><V109/><F109/><W14/><G14/><T50/><D122/><U79/><E111/><V53/><F78/><W47/><G47/><T83/><D83/><U28/><E79/><V132/><F77/><W74/><G74/><T3/><D3/><U16/><E117/><V46/><F132/><W81/><G81/><T123/><D123/><U59/><E134/><V33/><F33/><W23/><G23/><T100/><D120/><U126/><E126/><V2/><F2/><W104/><G104/><T30/><D30/><U44/><E28/><V48/><F41/><W11/><G11/><T98/><D20/><N who="1" m="11271" /><E44/><V86/><F97/><W40/><G40/><T67/><D98/><U17/><E129/><V80/><AGARI ba="1,1" hai="22,25,31,43,46,48,52,53,55,60,62,80,86,89" machi="80" ten="30,8000,1" yaku="0,1,8,1,52,2,54,1" doraHai="58" who="2" fromWho="2" sc="328,-41,250,-21,240,93,172,-21" /><INIT seed="1,0,0,4,0,123" ten="287,229,333,151" oya="1" hai0="105,41,77,38,54,49,75,79,121,107,80,7,11" hai1="104,9,60,108,21,83,59,29,35,31,40,14,27" hai2="63,106,62,24,94,10,95,134,114,98,53,96,91" hai3="58,30,92,56,28,52,42,100,89,93,109,101,36"/><U73/><E104/><V66/><F134/><W6/><G6/><T131/><D131/><U50/><E35/><V125/><F106/><W115/><G115/><T18/><D121/><U76/><E40/><V117/><F114/><W67/><G42/><T65/><D65/><U43/><E43/><V48/><F117/><W78/><G78/><T135/><D18/><U99/><E50/><V129/><F129/><W0/><G0/><N who="0" m="487" /><D77/><U22/><E99/><V102/><F125/><W3/><G3/><T82/><D82/><U110/><E31/><V55/><F10/><W85/><G36/><T127/><D135/><U118/><E22/><V64/><F24/><W17/><G17/><T16/><D16/><U12/><E118/><V71/><REACH who="2" step="1"/><F48/><REACH who="2" ten="287,229,323,151" step="2"/><W81/><G28/><T74/><D107/><U15/><REACH who="1" step="1"/><E9/><REACH who="1" ten="287,219,323,151" step="2"/><V86/><F86/><W61/><G30/><T103/><D105/><U97/><E97/><V23/><F23/><W46/><G85/><T44/><D127/><U68/><E68/><AGARI ba="0,2" hai="53,55,62,63,64,66,68,71,91,94,95,96,98,102" machi="68" ten="30,3900,0" yaku="1,1,7,1,9,1,53,0" doraHai="123" doraHaiUra="34" who="2" fromWho="1" sc="287,0,219,-39,323,59,151,0" /><INIT seed="2,0,0,0,0,122" ten="287,180,382,151" oya="2" hai0="93,32,117,16,44,97,110,112,86,101,25,41,57" hai1="36,21,31,33,100,133,104,6,26,116,12,132,60" hai2="69,11,106,124,81,114,4,39,34,121,56,47,0" hai3="82,134,64,99,50,23,105,75,70,22,43,30,55"/><V51/><F121/><W73/><G134/><T85/><D110/><U90/><E116/><V79/><F114/><W54/><G43/><T48/><D112/><U8/><E36/><V107/><F124/><W66/><G70/><T71/><D71/><U17/><E90/><V129/><F129/><W19/><G30/><T87/><D117/><U20/><E60/><V1/><F1/><W131/><G131/><T58/><REACH who="0" step="1"/><D32/><REACH who="0" ten="277,180,382,151" step="2"/><U29/><E104/><V42/><F34/><W65/><G105/><T103/><D103/><U45/><E100/><V63/><F69/><W13/><G64/><T92/><D92/><U5/><E45/><V27/><F107/><W67/><G65/><T98/><D98/><U130/><E130/><V72/><F106/><W46/><G99/><T109/><D109/><U123/><E123/><V53/><REACH who="2" step="1"/><F27/><REACH who="2" ten="277,180,372,151" step="2"/><W96/><G67/><T52/><D52/><U38/><E133/><V24/><F24/><W62/><G55/><T127/><D127/><U14/><E132/><V77/><F77/><W120/><G120/><T108/><D108/><U3/><E38/><AGARI ba="0,2" hai="0,4,11,38,39,42,47,51,53,56,63,72,79,81" machi="38" ten="40,3900,0" yaku="1,1,53,1" doraHai="122" doraHaiUra="74" who="2" fromWho="1" sc="277,0,180,-39,372,59,151,0" /><INIT seed="2,1,0,0,1,51" ten="277,141,431,151" oya="2" hai0="29,52,30,87,117,135,37,58,57,3,9,13,8" hai1="33,49,5,100,91,43,11,92,94,123,85,115,2" hai2="104,35,109,132,114,86,64,69,45,75,129,10,88" hai3="38,121,66,127,76,59,113,65,55,108,84,63,1"/><V107/><F75/><W25/><G121/><T128/><D37/><U24/><E123/><V18/><F114/><W17/><G1/><T68/><D68/><U80/><E115/><V81/><F129/><W61/><G113/><T27/><D135/><U26/><E33/><V4/><F132/><W34/><G38/><T119/><D87/><U54/><E43/><V32/><F18/><W120/><G120/><T98/><D98/><U70/><E70/><V118/><F118/><N who="0" m="45066" /><D58/><U39/><E39/><V131/><F45/><W93/><G108/><T82/><D82/><U101/><E80/><V31/><F131/><W20/><G127/><T14/><D3/><U112/><E112/><V106/><F31/><W105/><G105/><T72/><D72/><U124/><E124/><V89/><F89/><W48/><G76/><T116/><D27/><U97/><REACH who="1" step="1"/><E101/><REACH who="1" ten="277,131,431,151" step="2"/><V73/><F109/><W134/><G134/><T62/><D116/><U78/><E78/><V67/><F69/><W99/><G34/><T130/><D128/><U60/><E60/><N who="3" m="23114" /><G84/><T46/><D130/><U77/><E77/><V126/><F126/><W28/><G28/><T83/><D29/><U103/><E103/><AGARI ba="1,1" hai="17,20,25,48,55,59,65,66,93,99,103" m="23114" machi="103" ten="30,2000,0" yaku="8,1,52,1" doraHai="51" who="3" fromWho="1" sc="277,0,131,-23,431,0,151,33" /><INIT seed="3,0,0,1,5,128" ten="277,108,431,184" oya="3" hai0="25,132,39,113,119,84,29,11,80,22,50,95,127" hai1="134,100,47,88,14,117,109,2,123,59,12,57,67" hai2="77,93,23,102,111,83,17,61,21,3,69,120,115" hai3="37,54,15,96,4,130,121,105,53,58,28,51,48"/><W104/><G121/><T99/><D39/><U78/><E123/><V44/><F115/><W85/><G37/><T92/><D132/><U114/><E109/><V124/><F3/><W41/><G41/><T13/><D127/><U71/><E114/><V18/><F44/><W110/><G130/><T31/><D119/><U43/><E2/><V97/><F124/><W126/><G126/><T56/><D31/><U26/><E117/><V122/><F111/><W66/><G66/><T49/><D56/><U45/><E100/><V32/><F32/><W10/><G110/><T62/><D62/><U20/><E78/><V46/><F46/><W7/><G28/><T68/><D95/><U72/><E72/><V16/><F122/><W63/><G4/><N who="0" m="3303" /><D68/><U90/><E71/><V116/><F116/><W91/><G96/><T40/><D40/><U89/><E134/><V106/><F106/><W65/><G51/><T82/><D82/><U74/><E74/><V35/><F35/><W81/><REACH who="3" step="1"/><G53/><REACH who="3" ten="277,108,431,174" step="2"/><T94/><D99/><U55/><E67/><V73/><F120/><W6/><G6/><T107/><D49/><N who="1" m="26815" /><E47/><AGARI ba="0,1" hai="7,10,15,47,48,54,58,63,65,81,85,91,104,105" machi="47" ten="30,5800,0" yaku="1,1,7,1,53,1" doraHai="128" doraHaiUra="76" who="3" fromWho="1" sc="277,0,108,-58,431,0,174,68" /><INIT seed="3,1,0,3,5,80" ten="277,50,431,242" oya="3" hai0="70,51,128,72,103,0,98,38,74,125,84,45,110" hai1="118,113,76,100,133,122,134,60,75,112,135,87,10" hai2="49,8,69,32,58,29,28,35,82,91,5,102,40" hai3="59,2,95,18,73,21,67,54,94,16,114,11,90"/><W131/><G114/><N who="1" m="44138" /><E60/><V108/><F69/><W34/><G34/><T14/><D110/><U65/><E65/><V3/><F108/><W57/><G73/><T53/><D125/><U23/><E23/><V43/><F102/><W15/><G131/><T120/><D0/><U115/><N who="1" m="44146" /><U56/><DORA hai="92" /><E56/><V111/><F111/><W46/><G2/><T104/><D120/><U107/><E10/><V24/><F58/><W27/><G95/><T130/><D38/><U101/><E122/><V121/><F49/><N who="3" m="28983" /><G67/><T48/><D70/><U109/><E109/><V79/><F91/><W1/><G1/><T119/><D119/><U36/><E36/><V81/><F81/><W30/><G30/><T99/><D130/><U77/><E118/><V4/><F4/><W61/><G61/><T124/><D128/><U6/><E6/><V55/><F55/><W33/><G33/><T78/><D51/><U42/><E42/><V26/><F121/><W93/><G93/><T68/><D48/><U126/><E126/><V132/><F43/><W20/><G11/><T12/><D124/><U96/><E75/><V86/><F40/><W17/><G17/><T9/><D74/><U13/><E13/><V88/><F79/><N who="1" m="30281" /><E101/><V52/><F52/><W63/><G63/><T22/><D53/><U41/><E41/><V44/><F44/><W116/><G116/><T129/><D72/><U19/><E19/><V71/><F71/><W64/><G64/><T7/><D129/><U31/><E31/><V66/><F66/><W83/><G57/><T106/><D68/><U47/><E47/><RYUUKYOKU ba="1,0" sc="277,-15,50,15,431,15,242,-15" hai1="87,96,100,107,133,134,135" hai2="3,5,8,24,26,28,29,32,35,82,86,88,132" /><INIT seed="4,2,0,4,0,73" ten="262,65,446,227" oya="0" hai0="62,27,101,70,120,18,106,99,130,124,20,0,66" hai1="112,119,105,61,39,56,22,59,44,83,86,134,82" hai2="31,94,132,84,109,79,15,64,123,68,104,76,102" hai3="116,16,32,128,95,67,7,9,54,57,114,92,69"/><T53/><D124/><U5/><E119/><V51/><F104/><W23/><G116/><T75/><D130/><U111/><E111/><V21/><F109/><W41/><G32/><T81/><D0/><U72/><E105/><V122/><F132/><W2/><G128/><T113/><D113/><U63/><E134/><V4/><F68/><W11/><G114/><T80/><D120/><U45/><E112/><V52/><F64/><W97/><G41/><T26/><D75/><U3/><E22/><V30/><F123/><W48/><G11/><T19/><D19/><U60/><E82/><V58/><F122/><W71/><G67/><T91/><D91/><U12/><E72/><V96/><F84/><W88/><REACH who="3" step="1"/><G95/><REACH who="3" ten="262,65,446,217" step="2"/><T25/><REACH who="0" step="1"/><D53/><REACH who="0" ten="252,65,446,217" step="2"/><N who="1" m="33807" /><E3/><V131/><F131/><W43/><G43/><T40/><D40/><U87/><E39/><V89/><F52/><W13/><AGARI ba="2,2" hai="2,7,9,13,16,23,48,54,57,69,71,88,92,97" machi="13" ten="20,12000,2" yaku="1,1,0,1,7,1,54,2,53,1" doraHai="73" doraHaiUra="1" who="3" fromWho="3" sc="252,-62,65,-32,446,-32,217,146" /><INIT seed="5,0,0,0,3,108" ten="190,33,414,363" oya="1" hai0="116,60,55,17,0,4,22,23,84,41,38,127,80" hai1="101,125,44,19,45,132,88,16,78,79,117,54,98" hai2="89,43,99,75,118,56,124,51,66,61,25,109,12" hai3="113,86,85,28,37,87,58,52,97,20,112,105,27"/><U76/><E117/><V6/><F75/><W114/><G37/><T100/><D100/><U2/><E2/><V122/><F109/><W83/><G105/><T35/><D35/><U90/><E125/><V103/><F118/><W102/><G97/><T69/><D38/><U24/><E132/><V129/><F124/><W14/><G102/><T95/><D95/><U82/><E54/><V13/><F122/><W91/><G14/><T49/><D22/><U29/><E45/><V81/><F129/><W96/><G96/><T73/><D4/><U115/><E44/><V30/><F51/><AGARI ba="0,0" hai="20,27,28,51,52,58,83,85,86,87,91,112,113,114" machi="51" ten="40,8000,1" yaku="15,1,52,3,54,1" doraHai="108" who="3" fromWho="2" sc="190,0,33,0,414,-80,363,80" /><INIT seed="6,0,0,0,0,110" ten="190,33,334,443" oya="2" hai0="4,54,128,6,10,97,85,62,31,11,60,59,90" hai1="42,48,78,9,91,44,66,39,22,20,52,135,89" hai2="2,117,103,45,123,1,82,65,122,7,120,75,129" hai3="28,17,77,80,113,34,79,3,131,83,126,119,112"/><V132/><F117/><W72/><G119/><T35/><D128/><U92/><E135/><V64/><F129/><W14/><G3/><T84/><D31/><U50/><E39/><V86/><F132/><W56/><G131/><T69/><D35/><U40/><E78/><V33/><F33/><W106/><G106/><T5/><D69/><U58/><E89/><V109/><F75/><W101/><G101/><T102/><D62/><U21/><E9/><N who="0" m="3081" /><D102/><U32/><E32/><V98/><F109/><W111/><G111/><T118/><D118/><U16/><E66/><V99/><F45/><W46/><G126/><T133/><D133/><U27/><REACH who="1" step="1"/><E42/><REACH who="1" ten="190,23,334,443" step="2"/><V13/><F65/><W47/><G79/><T43/><D43/><U116/><E116/><V104/><F64/><W18/><G77/><T26/><D90/><U23/><E23/><V12/><F123/><W94/><G34/><T15/><D5/><U74/><E74/><V55/><F122/><W41/><G41/><T19/><D4/><U0/><E0/><V61/><F120/><W95/><G72/><T87/><D6/><U71/><E71/><V68/><F68/><W93/><G80/><T100/><D100/><U121/><E121/><V130/><F130/><W107/><G83/><T8/><D8/><U96/><AGARI ba="0,1" hai="16,20,21,22,27,40,44,48,50,52,58,91,92,96" machi="96" ten="20,12000,2" yaku="1,1,0,1,7,1,8,1,54,2,53,0" doraHai="110" doraHaiUra="63" who="1" fromWho="1" sc="190,-30,23,130,334,-60,443,-30" /><INIT seed="7,0,0,3,5,41" ten="160,153,274,413" oya="3" hai0="57,124,118,126,29,55,134,64,77,63,73,101,99" hai1="125,86,110,31,0,3,100,92,113,82,37,81,23" hai2="88,45,65,35,14,72,49,61,107,123,103,79,4" hai3="40,115,13,132,5,17,102,91,19,18,90,87,7"/><W51/><G115/><T42/><D118/><U119/><E110/><V16/><F35/><W28/><G132/><T2/><D2/><U20/><E37/><V116/><F116/><W128/><G128/><T15/><D42/><U69/><E119/><V74/><F123/><W95/><G28/><T120/><D29/><U111/><E111/><V39/><F39/><W59/><G102/><T109/><D134/><U47/><E69/><V24/><F4/><W56/><G91/><T27/><D27/><U85/><E113/><V84/><F24/><W38/><G38/><T114/><D120/><U94/><E31/><V22/><F79/><W68/><G68/><T122/><D15/><U108/><E108/><V44/><F103/><W6/><G13/><T32/><D32/><U62/><E62/><V53/><F44/><AGARI ba="0,0" hai="5,6,7,17,18,19,40,44,51,56,59,87,90,95" machi="44" ten="40,3900,0" yaku="8,1,52,1" doraHai="41" who="3" fromWho="2" sc="160,0,153,0,274,-39,413,39" owari="160,-24.0,153,-34.7,235,3.5,452,55.2" /></mjloggm>