<mjloggm ver="2.3"><GO type="169" lobby="0"/><UN n0="%74%6F%69%72%6F" n1="%E3%83%9C%E3%82%AF%E3%81%A1%E3%82%83%E3%82%93" n2="%6E%6F%73%75%6B%65" n3="%E7%94%9F%E5%BE%92%E4%BC%9A%E3%80%90%E5%BA%8F%E3%80%91" dan="16,16,17,16" rate="2110.73,2075.37,2180.40,2116.21" sx="F,M,M,M"/><TAIKYOKU oya="0"/><INIT seed="0,0,0,4,1,26" ten="250,250,250,250" oya="0" hai0="5,108,34,110,9,14,10,82,50,22,125,100,104" hai1="0,11,129,6,90,57,20,111,61,28,1,119,35" hai2="53,109,54,42,67,112,81,133,115,52,106,96,59" hai3="68,84,16,46,78,75,13,19,25,48,51,12,128"/><T71/><D71/><U27/><E119/><V24/><F109/><N who="0" m="42090" /><D34/><U116/><E116/><V31/><F133/><W122/><G68/><T30/><D125/><U7/><E111/><V63/><F42/><W66/><G66/><T2/><D50/><U77/><E129/><V102/><REACH who="2" step="1"/><F81/><REACH who="2" ten="250,250,240,250" step="2"/><W56/><G128/><T135/><D135/><U94/><E77/><V124/><F124/><W126/><G78/><T113/><D82/><U41/><E41/><V130/><F130/><W89/><G126/><T37/><D113/><U23/><E1/><V134/><F134/><W49/><G46/><T83/><D83/><U64/><REACH who="1" step="1"/><E7/><REACH who="1" ten="250,240,240,250" step="2"/><V47/><F47/><W3/><G3/><T38/><D2/><U99/><AGARI ba="0,2" hai="0,6,11,20,23,27,28,35,57,61,64,90,94,99" machi="99" ten="20,8000,1" yaku="1,1,2,1,0,1,7,1,52,1,53,0" doraHai="26" doraHaiUra="65" who="1" fromWho="1" sc="250,-40,240,100,240,-20,250,-20" /><INIT seed="1,0,0,5,4,12" ten="210,340,220,230" oya="1" hai0="19,61,7,5,112,68,123,91,82,52,54,130,75" hai1="43,39,23,45,117,97,0,94,103,113,36,10,40" hai2="76,25,65,128,106,92,18,33,30,66,58,21,122" hai3="13,6,62,116,14,127,56,42,88,16,121,60,102"/><U26/><E113/><V69/><F122/><W2/><G2/><T79/><D112/><U93/><E117/><V74/><F128/><W34/><G34/><T72/><D72/><U27/><E27/><V78/><F106/><W107/><G121/><T28/><D123/><U41/><E94/><V48/><F69/><W98/><G116/><T96/><D28/><U133/><E133/><V50/><F92/><W44/><G127/><T17/><D130/><U35/><E35/><V99/><F99/><W120/><G14/><T67/><D91/><U118/><E118/><V4/><F4/><W131/><G6/><T9/><D5/><U31/><E0/><V51/><F58/><W126/><G126/><T57/><D96/><U132/><E10/><V24/><REACH who="2" step="1"/><F74/><REACH who="2" ten="210,340,210,230" step="2"/><W101/><G131/><T55/><REACH who="0" step="1"/><D68/><REACH who="0" ten="200,340,210,230" step="2"/><U129/><E129/><V71/><F71/><W87/><G120/><T1/><AGARI ba="0,2" hai="1,7,9,17,19,52,54,55,57,61,67,75,79,82" machi="1" ten="30,12000,2" yaku="1,1,2,1,0,1,52,2,54,1,53,0" doraHai="12" doraHaiUra="90" who="0" fromWho="0" sc="200,140,340,-60,210,-30,230,-30" /><INIT seed="2,0,0,5,3,63" ten="340,280,180,200" oya="2" hai0="131,51,71,15,56,87,13,53,124,122,95,57,4" hai1="103,12,101,65,54,114,18,26,69,59,105,64,76" hai2="24,47,82,5,67,68,75,62,30,132,113,130,91" hai3="35,90,1,32,33,84,22,126,129,29,6,52,66"/><V48/><F113/><W14/><G126/><T70/><D122/><U46/><E69/><V55/><F132/><W60/><G129/><T100/><D124/><U44/><E76/><V98/><F130/><W21/><G1/><T61/><D131/><U39/><E26/><V16/><F5/><W88/><G52/><T73/><D73/><U34/><E34/><V83/><F75/><W92/><G29/><T17/><D15/><U10/><E105/><V74/><F74/><W107/><G107/><T108/><D108/><U78/><E78/><V111/><F111/><W96/><G14/><T49/><D49/><U20/><E10/><V28/><F28/><W110/><G6/><T27/><D27/><U135/><E135/><V3/><F3/><W36/><G36/><T106/><D106/><U79/><E79/><V50/><F50/><W42/><G42/><T118/><D118/><U89/><E89/><V41/><F41/><W115/><G115/><T123/><D123/><U134/><E134/><V116/><F116/><W119/><G110/><T127/><D4/><U120/><E120/><V7/><F7/><W45/><G45/><N who="1" m="17514" /><E39/><V99/><F30/><W58/><REACH who="3" step="1"/><G119/><REACH who="3" ten="340,280,180,190" step="2"/><T0/><D0/><U38/><E38/><V72/><F72/><W19/><G19/><T86/><D17/><U9/><E114/><V8/><F16/><W117/><G117/><T102/><D127/><U40/><E40/><V109/><F109/><W128/><G128/><T37/><D37/><U43/><E43/><V80/><F47/><W94/><AGARI ba="0,1" hai="21,22,32,33,35,58,60,66,84,88,90,92,94,96" machi="94" ten="40,8000,1" yaku="1,1,0,1,52,1,54,1,53,1" doraHai="63" doraHaiUra="93" who="3" fromWho="3" sc="340,-20,280,-20,180,-40,190,90" /><INIT seed="3,0,0,1,4,66" ten="320,260,140,280" oya="3" hai0="103,5,18,16,109,27,15,71,80,17,47,58,74" hai1="8,22,2,34,60,92,84,1,31,45,0,75,50" hai2="37,132,90,119,24,102,26,40,114,125,68,98,122" hai3="10,126,94,63,113,53,30,3,49,67,104,25,118"/><W9/><G118/><T135/><D109/><U69/><E75/><V7/><F114/><W21/><G104/><T51/><D135/><U32/><E8/><V13/><F119/><W100/><G126/><T112/><D112/><U108/><E108/><V12/><F125/><W106/><G106/><T88/><D103/><U87/><E22/><V85/><F132/><W93/><G93/><T120/><D71/><U105/><E105/><V117/><F117/><W54/><G54/><T77/><D58/><U73/><E73/><V72/><F72/><W65/><G65/><T39/><D39/><U124/><E31/><V133/><F133/><W97/><G3/><T101/><D101/><U128/><E128/><V62/><F122/><W43/><G43/><T107/><D120/><U81/><E60/><V55/><F40/><W96/><G96/><T11/><D107/><U44/><E69/><V48/><F37/><W130/><G130/><T91/><REACH who="0" step="1"/><D27/><REACH who="0" ten="310,260,140,280" step="2"/><U121/><E121/><V4/><F26/><W14/><G113/><T83/><D83/><U33/><E81/><V61/><F24/><W134/><G134/><T76/><D76/><U129/><E129/><V89/><F68/><W56/><G14/><T95/><D95/><U23/><E92/><N who="2" m="58695" /><F13/><W99/><G99/><T123/><D123/><U78/><E78/><V41/><F12/><W131/><G131/><T59/><D59/><AGARI ba="0,1" hai="9,10,21,25,30,49,53,56,59,63,67,94,97,100" machi="59" ten="30,11600,0" yaku="7,1,25,2,8,1" doraHai="66" who="3" fromWho="0" sc="310,-116,260,0,140,0,280,126" /><INIT seed="3,1,0,0,3,19" ten="194,260,140,406" oya="3" hai0="69,60,129,39,73,33,99,76,54,84,17,100,80" hai1="52,63,2,45,70,112,108,58,127,51,88,113,3" hai2="104,56,85,115,123,116,15,65,37,53,77,98,32" hai3="119,78,7,102,27,36,18,95,40,55,22,124,106"/><W75/><G119/><T114/><D129/><U79/><E79/><V81/><F37/><W47/><G124/><T132/><D132/><U62/><E127/><V38/><F38/><W16/><G106/><T42/><D114/><U96/><E108/><V109/><F109/><W103/><G7/><T67/><D54/><U111/><E111/><V5/><F115/><W25/><G95/><T34/><D84/><U128/><E128/><V20/><F32/><W43/><G43/><T61/><D61/><U29/><E113/><V92/><F116/><W126/><G126/><T4/><D4/><U89/><E29/><V30/><F104/><W28/><G18/><T21/><D39/><U130/><E130/><V72/><F123/><W118/><G118/><T71/><D71/><U23/><E23/><V6/><F72/><W117/><G117/><T94/><REACH who="0" step="1"/><D42/><REACH who="0" ten="184,260,140,406" step="2"/><U105/><E63/><N who="2" m="38119" /><F53/><W122/><G122/><T131/><D131/><U26/><E70/><V90/><F15/><AGARI ba="1,1" hai="15,17,21,33,34,60,67,69,73,76,80,94,99,100" machi="15" ten="30,3900,0" yaku="1,1,7,1,52,1,53,0" doraHai="19" doraHaiUra="101" who="0" fromWho="2" sc="184,52,260,0,140,-42,406,0" /><INIT seed="4,0,0,4,1,5" ten="236,260,98,406" oya="0" hai0="65,46,96,48,123,134,94,100,12,15,135,32,128" hai1="1,34,104,133,110,82,129,105,49,17,109,102,28" hai2="64,40,31,88,59,19,41,21,72,10,56,29,58" hai3="101,95,53,76,83,75,84,23,50,67,26,44,35"/><T131/><D32/><U113/><E17/><V90/><F72/><W22/><G67/><T115/><D123/><U111/><E28/><V8/><F64/><W119/><G119/><T125/><D115/><U77/><E49/><V9/><F31/><W16/><G35/><T63/><D125/><U103/><E1/><V51/><F29/><W14/><G75/><T132/><D46/><U57/><E57/><V45/><REACH who="2" step="1"/><F41/><REACH who="2" ten="236,260,88,406" step="2"/><W97/><G26/><AGARI ba="0,1" hai="8,9,10,19,21,26,40,45,51,56,58,59,88,90" machi="26" ten="40,12000,2" yaku="1,1,2,1,8,1,52,3,54,1,53,0" doraHai="5" doraHaiUra="93" who="2" fromWho="3" sc="236,0,260,0,88,130,406,-120" /><INIT seed="5,0,0,1,2,40" ten="236,260,218,286" oya="1" hai0="63,100,96,82,69,37,56,92,50,42,118,29,44" hai1="135,107,30,84,127,121,81,26,124,12,65,33,122" hai2="120,20,46,60,102,76,6,110,83,48,116,114,39" hai3="112,98,43,62,53,75,109,58,129,10,106,119,67"/><U105/><E65/><V7/><F116/><W70/><G75/><T4/><D118/><U16/><E107/><V25/><F110/><W111/><G119/><T34/><D4/><U104/><E104/><V74/><F120/><W66/><G10/><T78/><D34/><U68/><E68/><V130/><F130/><W55/><G98/><T132/><D132/><U125/><E105/><V47/><F114/><W101/><G101/><T19/><D29/><U61/><E61/><V87/><F102/><W99/><G99/><T22/><D69/><U133/><E81/><V64/><F74/><W57/><G106/><T21/><D19/><U17/><E17/><V15/><F39/><W103/><G103/><T0/><D0/><U95/><E84/><V86/><F86/><W18/><G18/><T134/><D37/><U93/><E93/><V5/><F48/><N who="3" m="30887" /><G129/><T72/><REACH who="0" step="1"/><D134/><REACH who="0" ten="226,260,218,286" step="2"/><N who="1" m="51211" /><E95/><V52/><F15/><W97/><G111/><T41/><D41/><U49/><E49/><V13/><F13/><W2/><G43/><T113/><D113/><U85/><E85/><V24/><F24/><W31/><G2/><T77/><D77/><U1/><E1/><V80/><F80/><W89/><G109/><T126/><D126/><U28/><E28/><N who="2" m="17447" /><F64/><AGARI ba="0,1" hai="21,22,42,44,50,56,63,64,72,78,82,92,96,100" machi="64" ten="30,3900,0" yaku="1,1,7,1,52,1,53,0" doraHai="40" doraHaiUra="8" who="0" fromWho="2" sc="226,49,260,0,218,-39,286,0" /><INIT seed="6,0,0,2,1,53" ten="275,260,179,286" oya="2" hai0="63,124,57,7,90,119,43,61,13,88,108,107,71" hai1="39,35,52,87,100,70,96,16,72,60,4,22,89" hai2="129,82,24,3,132,46,126,49,15,19,8,117,68" hai3="10,106,11,103,55,81,0,84,28,74,80,36,118"/><V98/><F117/><W5/><G118/><T50/><D108/><U32/><E72/><V26/><F68/><W65/><G65/><T135/><D107/><U91/><E39/><V94/><F126/><W20/><G36/><T85/><D71/><U30/><E4/><V27/><F132/><W21/><G11/><N who="0" m="4351" /><D119/><U75/><E75/><V12/><F129/><W86/><G74/><T73/><D73/><U131/><E131/><V1/><F82/><W110/><G28/><T40/><D135/><U134/><E30/><V125/><F125/><W6/><G6/><T99/><D50/><U25/><E134/><V114/><F15/><W62/><G103/><T33/><D33/><U128/><E128/><V31/><F114/><W123/><G106/><T76/><D63/><U78/><E78/><V44/><F31/><W105/><G105/><T101/><D101/><U18/><E18/><V120/><F120/><W109/><G123/><T112/><D112/><U102/><E35/><V77/><F77/><W127/><G127/><T92/><D76/><U2/><E2/><V42/><REACH who="2" step="1"/><F44/><REACH who="2" ten="275,260,169,286" step="2"/><W122/><G122/><T66/><D124/><U59/><E70/><V69/><F69/><W83/><G110/><T54/><D66/><U58/><E32/><V29/><F29/><W79/><G109/><T47/><D47/><U48/><E96/><V17/><F17/><W23/><G79/><T38/><D99/><U37/><E37/><V97/><F97/><W115/><G115/><T130/><D130/><U133/><E133/><V51/><F51/><W64/><G64/><T45/><D38/><RYUUKYOKU ba="0,1" sc="275,-15,260,-15,169,15,286,15" hai2="1,3,8,12,19,24,26,27,42,46,49,94,98" hai3="0,5,10,20,21,23,55,62,80,81,83,84,86" /><INIT seed="6,1,1,4,4,3" ten="260,245,184,301" oya="2" hai0="19,27,23,110,118,109,67,36,13,44,119,105,42" hai1="66,115,106,114,2,50,120,91,97,8,116,98,60" hai2="20,99,100,68,32,48,72,58,53,133,47,113,84" hai3="122,9,46,77,129,18,0,121,125,17,25,101,1"/><V24/><F113/><N who="1" m="43017" /><E116/><N who="0" m="44585" /><D105/><U94/><E120/><V40/><F133/><W6/><G77/><T134/><D134/><U85/><E50/><V65/><F72/><W38/><G101/><T7/><D67/><U111/><E106/><V4/><F32/><W70/><G70/><T128/><D128/><U22/><E111/><V95/><F65/><W5/><G46/><T43/><D43/><U75/><E75/><V124/><F124/><W30/><G38/><T51/><D36/><U83/><E22/><V59/><F68/><W14/><G129/><T28/><D7/><N who="3" m="2569" /><G18/><T90/><D90/><N who="1" m="51519" /><E8/><AGARI ba="1,1" hai="8,13,19,23,27,28,42,44,51,109,110" m="44585" machi="8" ten="30,1000,0" yaku="12,1" doraHai="3" who="0" fromWho="1" sc="260,23,245,-13,184,0,301,0" /><INIT seed="7,0,0,5,4,63" ten="283,232,184,301" oya="3" hai0="47,94,42,116,35,39,71,20,88,2,108,111,52" hai1="65,79,77,6,97,127,27,51,86,61,49,54,14" hai2="104,43,89,90,99,56,29,119,57,69,66,73,15" hai3="4,128,107,16,83,133,67,23,120,0,123,44,78"/><W124/><G107/><T19/><D116/><U121/><E121/><V22/><F119/><W7/><G67/><T81/><D35/><U13/><E51/><V93/><F73/><W30/><G30/><T70/><D2/><U68/><E127/><V5/><F104/><W91/><G124/><T45/><D70/><U1/><E1/><V21/><F43/><W92/><G44/><T25/><D71/><U85/><E27/><V76/><F76/><W129/><G133/><T95/><D81/><U112/><E112/><V37/><F37/><W125/><G125/><T74/><D95/><U122/><E97/><V126/><F126/><W110/><G110/><T62/><D74/><U87/><E122/><V46/><F46/><W18/><G18/><T26/><D26/><U102/><E102/><V106/><F106/><W48/><G48/><T134/><D134/><U34/><E34/><V24/><F89/><W36/><G36/><T9/><D9/><U109/><E109/><V10/><REACH who="2" step="1"/><F22/><REACH who="2" ten="283,232,174,301" step="2"/><W40/><G40/><T101/><D47/><N who="1" m="27967" /><E79/><V58/><F58/><W50/><G123/><T32/><D32/><U41/><E41/><V131/><F131/><W72/><G120/><T100/><D108/><U105/><E77/><V3/><F3/><W59/><G0/><T98/><D111/><U80/><E105/><V96/><F96/><N who="3" m="57375" /><G129/><T113/><D113/><U114/><E114/><V132/><F132/><W11/><G128/><T8/><D39/><U75/><E75/><V55/><F55/><N who="3" m="32247" /><G23/><T82/><D42/><U130/><E130/><V31/><F31/><W118/><G118/><RYUUKYOKU ba="0,1" sc="283,-15,232,-15,174,15,301,15" hai2="5,10,15,21,24,29,56,57,66,69,90,93,99" hai3="4,7,11,16,72,78,83" owari="268,6.8,217,-18.3,189,-31.1,326,42.6" /></mjloggm>