<mjloggm ver="2.3"><GO type="169" lobby="0"/><UN n0="%E7%A0%B2%E5%A7%90%E5%A7%90" n1="%E3%80%8C%E3%83%92%E3%83%AD%E3%80%8D%34%30" n2="%74%6F%69%74%6F%69%34" n3="%E3%81%8F%E3%81%8E%E3%82%85%E3%81%86%E3%81%86%E3%81%86%E3%81%86" dan="16,17,17,18" rate="2106.58,2206.50,2210.73,2259.53" sx="F,M,F,M"/><TAIKYOKU oya="0"/><INIT seed="0,0,0,4,2,133" ten="250,250,250,250" oya="0" hai0="89,59,129,123,79,85,77,70,128,99,36,41,115" hai1="109,111,81,98,112,87,31,130,26,102,74,3,121" hai2="124,38,134,97,53,32,107,62,28,29,52,78,120" hai3="14,127,82,91,95,113,57,118,7,122,131,15,72"/><T110/><D70/><U108/><E121/><V48/><F120/><W23/><G122/><T1/><D123/><U54/><E3/><V5/><F38/><W40/><G113/><T9/><D115/><U58/><E112/><V106/><F78/><W60/><G72/><T114/><D114/><U90/><E74/><V65/><F5/><W24/><G82/><T75/><D110/><U69/><E69/><V43/><F134/><W25/><G25/><T49/><D99/><U22/><E130/><V47/><F107/><W73/><G73/><T64/><D75/><U132/><E132/><V34/><F29/><W46/><G7/><N who="0" m="1263" /><D36/><U105/><REACH who="1" step="1"/><E109/><REACH who="1" ten="250,240,250,250" step="2"/><V42/><F34/><W50/><G131/><T55/><D129/><U88/><E88/><V17/><F32/><W126/><G118/><T80/><D89/><U83/><E83/><V6/><F106/><W117/><G117/><T27/><D80/><U8/><E8/><V135/><F135/><W37/><G91/><T100/><D128/><U4/><E4/><V13/><F6/><W84/><G95/><T116/><D116/><U86/><E86/><V119/><F119/><W68/><G84/><T12/><D85/><U30/><E30/><V94/><F28/><N who="3" m="17439" /><G68/><T76/><D76/><U16/><E16/><V96/><F17/><W0/><G0/><T63/><D79/><U101/><E101/><V20/><F94/><W10/><G10/><T19/><D100/><U125/><E125/><N who="3" m="47626" /><G37/><T2/><D77/><U35/><E35/><V44/><F124/><W104/><G104/><T18/><D2/><U66/><E66/><AGARI ba="0,1" hai="14,15,40,46,50,57,60,66" m="47626,17439" machi="66" ten="30,8000,1" yaku="6,1,18,1,52,3" doraHai="133" who="3" fromWho="1" sc="250,0,240,-80,250,0,250,90" /><INIT seed="1,0,0,5,2,48" ten="250,160,250,340" oya="1" hai0="99,107,103,20,45,91,97,51,40,85,70,56,9" hai1="88,37,7,36,47,31,10,72,86,74,94,81,2" hai2="21,115,120,93,117,53,27,79,127,15,4,66,39" hai3="52,113,6,69,106,28,1,57,64,38,114,35,54"/><U76/><E31/><V135/><F39/><W46/><G1/><T11/><D70/><U30/><E30/><V16/><F117/><W13/><G6/><T96/><D107/><U8/><E8/><V34/><F120/><W23/><G13/><T128/><D128/><U110/><E110/><V100/><F34/><W95/><G95/><N who="0" m="54767" /><D103/><U14/><E14/><V116/><F116/><W119/><G23/><T83/><D83/><U80/><REACH who="1" step="1"/><E47/><REACH who="1" ten="250,150,250,340" step="2"/><V122/><F15/><W25/><G46/><T44/><D45/><U32/><E32/><V129/><F122/><W105/><G119/><T131/><D131/><U75/><E75/><V22/><F129/><W121/><G121/><T59/><D20/><U0/><E0/><V82/><F22/><W17/><G28/><T133/><D133/><U60/><E60/><V89/><F21/><W109/><G109/><T49/><D11/><U26/><E26/><V87/><F27/><W65/><G25/><T84/><D9/><U132/><E132/><V108/><F108/><W12/><G12/><T24/><D24/><U104/><E104/><V134/><F134/><W68/><G35/><T111/><D111/><U92/><E92/><V18/><F93/><W55/><G106/><T50/><D44/><U102/><E102/><V130/><F100/><W78/><G105/><T63/><D40/><U42/><E42/><V125/><F135/><W41/><G41/><T29/><D29/><U5/><E5/><V123/><F4/><W62/><G62/><T124/><D63/><U73/><E73/><V98/><F130/><W67/><G17/><RYUUKYOKU ba="0,1" sc="250,-10,150,30,250,-10,340,-10" hai1="2,7,10,36,37,72,74,76,80,81,86,88,94" /><INIT seed="1,1,1,5,2,27" ten="240,180,240,330" oya="1" hai0="99,106,61,110,24,111,69,120,128,53,66,88,101" hai1="135,74,16,12,83,38,112,17,13,133,41,30,42" hai2="97,62,92,55,79,116,72,113,58,127,14,114,95" hai3="68,22,123,125,25,23,122,0,78,96,32,33,63"/><U49/><E38/><V1/><F116/><W39/><G39/><T108/><D128/><U90/><E112/><V11/><F127/><W20/><G78/><T15/><D120/><U93/><E83/><V129/><F129/><W64/><G0/><T40/><D40/><U94/><E49/><V26/><F1/><W73/><G73/><T3/><D3/><U37/><E37/><V59/><F72/><W10/><G10/><T117/><D117/><U9/><E74/><V81/><F26/><W29/><G125/><T21/><D53/><U43/><E30/><V31/><F31/><W5/><G5/><T89/><REACH who="0" step="1"/><D15/><REACH who="0" ten="230,180,240,330" step="2"/><U54/><E54/><V126/><F14/><W45/><G123/><T28/><AGARI ba="1,2" hai="21,24,28,61,66,69,88,89,99,101,106,108,110,111" machi="28" ten="30,12000,2" yaku="1,1,2,1,0,1,14,1,52,1,54,1,53,0" doraHai="27" doraHaiUra="51" who="0" fromWho="0" sc="230,143,180,-61,240,-31,330,-31" /><INIT seed="2,0,0,1,4,119" ten="373,119,209,299" oya="2" hai0="110,112,135,51,3,93,6,39,40,69,79,5,46" hai1="63,26,1,38,35,90,17,62,91,58,56,32,113" hai2="84,21,106,15,52,49,14,29,7,4,2,117,0" hai3="37,59,41,66,122,76,134,34,102,100,16,83,125"/><V11/><F117/><W77/><G134/><T118/><D118/><U120/><E38/><V8/><F106/><W108/><G108/><T9/><D112/><U33/><E113/><V107/><F107/><W42/><G125/><T53/><D110/><U61/><E1/><V28/><F84/><W20/><G34/><T109/><D109/><U98/><E98/><V130/><F130/><W18/><G122/><T101/><D135/><U129/><E129/><V24/><REACH who="2" step="1"/><F29/><REACH who="2" ten="373,119,199,299" step="2"/><W80/><G37/><T126/><D39/><U48/><E35/><V12/><F12/><W94/><G94/><T121/><D3/><U78/><E33/><V114/><F114/><W22/><REACH who="3" step="1"/><G66/><REACH who="3" ten="373,119,199,289" step="2"/><T36/><D93/><U92/><E92/><V81/><F81/><W73/><G73/><T13/><D126/><U27/><E32/><V96/><F96/><W60/><G60/><T86/><D86/><U23/><E63/><V116/><F116/><W74/><G74/><T10/><D101/><U95/><E62/><V131/><F131/><W55/><G55/><T88/><D53/><U45/><E61/><V44/><AGARI ba="0,2" hai="0,2,4,7,8,11,14,15,21,24,28,44,49,52" machi="44" ten="20,12000,1" yaku="1,1,0,1,7,1,9,1,54,1,53,0" doraHai="119" doraHaiUra="115" who="2" fromWho="2" sc="373,-40,119,-40,199,140,289,-40" /><INIT seed="2,1,0,4,2,111" ten="333,79,339,249" oya="2" hai0="89,73,54,75,105,10,81,59,27,118,87,130,106" hai1="65,20,91,88,44,40,125,38,119,117,62,116,112" hai2="127,33,36,110,15,24,121,58,55,0,52,123,50" hai3="131,6,90,30,56,108,67,7,25,1,66,22,60"/><V86/><F0/><W39/><G108/><T13/><D130/><U47/><E125/><V26/><F110/><W120/><G120/><T80/><D118/><U115/><E20/><V21/><F127/><W96/><G131/><T109/><D109/><U64/><E64/><V82/><F36/><W83/><G39/><T124/><D124/><U32/><E32/><V134/><F134/><W48/><G1/><T74/><D27/><U37/><E91/><V31/><F15/><W133/><G133/><T78/><D75/><U19/><E19/><V11/><F55/><W122/><G122/><T70/><D74/><U34/><E88/><V72/><F72/><W3/><G3/><T12/><D12/><U28/><E28/><V14/><F26/><W42/><G67/><T16/><REACH who="0" step="1"/><D70/><REACH who="0" ten="323,79,339,249" step="2"/><N who="1" m="42295" /><E34/><V102/><F33/><W29/><G25/><T98/><D98/><U9/><E9/><V85/><F123/><W49/><G96/><T129/><D129/><U92/><E92/><V104/><F121/><W41/><G29/><T135/><D135/><U46/><E37/><V126/><F126/><W18/><G30/><T45/><D45/><AGARI ba="1,1" hai="38,40,44,45,46,47,112,115,116,117,119" m="42295" machi="45" ten="40,8000,1" yaku="34,2,52,2" doraHai="111" who="1" fromWho="0" sc="323,-83,79,93,339,0,249,0" /><INIT seed="3,0,0,0,0,135" ten="240,172,339,249" oya="3" hai0="90,54,3,120,134,125,42,89,131,38,65,47,40" hai1="92,108,132,98,20,7,77,133,116,57,68,83,69" hai2="27,51,43,60,107,105,94,26,34,10,87,24,74" hai3="64,113,52,21,53,46,128,97,86,61,48,114,62"/><W50/><G97/><T49/><D120/><U59/><E108/><V75/><F34/><W44/><G86/><T11/><D134/><N who="1" m="51819" /><E116/><V70/><F10/><W8/><G8/><T102/><D102/><N who="1" m="60743" /><E7/><V129/><F129/><W37/><G21/><T79/><D79/><U28/><E28/><V22/><F22/><W25/><G25/><T2/><D131/><U17/><E69/><V95/><F70/><W41/><G128/><T91/><D65/><U6/><E68/><V30/><F60/><N who="3" m="23147" /><G64/><T84/><D42/><U5/><E5/><V122/><F30/><W109/><G109/><T101/><D101/><U99/><E6/><V119/><F27/><W19/><G19/><T130/><D130/><U31/><E99/><V126/><F26/><W9/><G9/><T118/><D11/><U103/><E103/><V63/><F24/><W29/><G29/><T66/><D66/><U35/><E31/><V18/><F18/><W82/><G82/><T45/><D84/><N who="1" m="48239" /><E35/><V12/><F107/><W85/><G85/><T124/><REACH who="0" step="1"/><D118/><REACH who="0" ten="230,172,339,249" step="2"/><U33/><E33/><V1/><F87/><W78/><G78/><T73/><D73/><U36/><E36/><V71/><F119/><W106/><G106/><T76/><D76/><U127/><E20/><V123/><F71/><W58/><AGARI ba="0,1" hai="37,41,44,46,48,50,52,53,58,113,114" m="23147" machi="58" ten="30,6000,0" yaku="34,2,54,1" doraHai="135" who="3" fromWho="3" sc="230,-20,172,-20,339,-20,249,70" /><INIT seed="3,1,0,4,4,11" ten="210,152,319,319" oya="3" hai0="85,79,128,7,69,40,126,4,9,132,39,32,91" hai1="102,92,49,22,117,121,120,33,131,124,87,133,41" hai2="83,10,75,65,27,74,28,34,55,43,125,113,134" hai3="112,127,25,108,70,13,48,60,89,122,5,50,109"/><W118/><G112/><T94/><D32/><U15/><E33/><V93/><F113/><W119/><G122/><T20/><D69/><U37/><E37/><V62/><F134/><W1/><G1/><T130/><D132/><U135/><E117/><N who="3" m="44554" /><G89/><T110/><D110/><N who="3" m="42601" /><G25/><T129/><D126/><U26/><E26/><V114/><F43/><W101/><G101/><T52/><D20/><U95/><E41/><V23/><F125/><W77/><G77/><T35/><D35/><U76/><E76/><V3/><F83/><W98/><G98/><T123/><D123/><U96/><E96/><V45/><F114/><W47/><G127/><T73/><D40/><U46/><E102/><V67/><F27/><W80/><G80/><N who="0" m="45167" /><D39/><U99/><E124/><V72/><F28/><W18/><G5/><N who="0" m="2123" /><D9/><U88/><E121/><V2/><F10/><N who="3" m="6455" /><G47/><T59/><D59/><U16/><E46/><V42/><F45/><W81/><G81/><T103/><D103/><U12/><E120/><V29/><F3/><W14/><G14/><T61/><D61/><U17/><E12/><V115/><F62/><W21/><G21/><T58/><D58/><U105/><E22/><V53/><F23/><W30/><G30/><T8/><D8/><U54/><E15/><V84/><F29/><W90/><G90/><T63/><D63/><U57/><E135/><V44/><F34/><W31/><G31/><T104/><D104/><U68/><E105/><V97/><F2/><W19/><G19/><T100/><D100/><U107/><E133/><V106/><F115/><W24/><G24/><T66/><D66/><AGARI ba="1,0" hai="48,50,60,66,70" m="6455,42601,44554" machi="66" ten="30,11600,0" yaku="6,1,14,1,10,1,52,1" doraHai="11" who="3" fromWho="0" sc="210,-119,152,0,319,0,319,119" /><INIT seed="3,2,0,0,4,74" ten="91,152,319,438" oya="3" hai0="59,41,87,118,53,60,40,10,17,20,103,106,2" hai1="47,26,33,31,81,122,100,109,14,132,84,50,115" hai2="121,37,12,69,90,13,133,43,92,45,11,75,73" hai3="38,57,95,58,76,25,112,78,110,0,29,77,4"/><W130/><G112/><T128/><D118/><U123/><E115/><V108/><F69/><W49/><G38/><T19/><D128/><U125/><E109/><V99/><F108/><W98/><G110/><T42/><D106/><U46/><E132/><V135/><F121/><W120/><G120/><T129/><D129/><U39/><E125/><V68/><F68/><W3/><G130/><T94/><D2/><U134/><E134/><N who="2" m="51211" /><F13/><W80/><G80/><T85/><D10/><U104/><E39/><V102/><F102/><W113/><G113/><T107/><D107/><U70/><E70/><V34/><F34/><W52/><G4/><AGARI ba="2,0" hai="4,11,12,37,43,45,73,75,90,92,99" m="51211" machi="4" ten="30,1000,0" yaku="20,1" doraHai="74" who="2" fromWho="3" sc="91,0,152,0,319,16,438,-16" /><INIT seed="4,0,0,0,0,120" ten="91,152,335,422" oya="0" hai0="68,130,29,40,88,23,45,77,22,38,100,41,72" hai1="47,135,101,58,105,50,56,49,87,114,52,8,102" hai2="92,74,46,104,109,81,71,78,62,85,122,32,18" hai3="124,16,91,7,108,19,90,13,69,25,127,115,10"/><T98/><D68/><U36/><E135/><V15/><F122/><W3/><G108/><T12/><D130/><U33/><E33/><V82/><F32/><W112/><G69/><T76/><D41/><U51/><E114/><N who="3" m="43562" /><G90/><T27/><D72/><U121/><E121/><V61/><F104/><W119/><G91/><T1/><D1/><U60/><E87/><V93/><F109/><W66/><G66/><T0/><D0/><U95/><E105/><V44/><F71/><W57/><G57/><T31/><D12/><U48/><E8/><V70/><F70/><W54/><G54/><T118/><D118/><U28/><E28/><V96/><F82/><W39/><G39/><T99/><D99/><U131/><E131/><V126/><F93/><W123/><G123/><T73/><D73/><U6/><E6/><V65/><F126/><W34/><G119/><T134/><D134/><U86/><E86/><V64/><F64/><W24/><G19/><T26/><REACH who="0" step="1"/><D88/><REACH who="0" ten="81,152,335,422" step="2"/><U67/><REACH who="1" step="1"/><E95/><AGARI ba="0,1" hai="22,23,26,27,29,31,38,40,45,76,77,95,98,100" machi="95" ten="30,11600,0" yaku="1,1,2,1,7,1,9,1,53,0" doraHai="120" doraHaiUra="80" who="0" fromWho="1" sc="81,126,152,-116,335,0,422,0" /><INIT seed="4,1,0,4,0,99" ten="207,36,335,422" oya="0" hai0="110,67,128,39,105,53,46,49,68,91,42,6,104" hai1="15,18,50,123,131,16,3,27,43,94,69,51,129" hai2="93,30,100,31,71,61,115,73,127,102,56,23,107" hai3="130,33,63,13,41,117,119,72,124,9,133,10,90"/><T83/><D128/><U60/><E3/><V86/><F107/><W47/><G72/><T57/><D110/><U88/><E123/><V106/><F106/><W97/><G33/><T17/><D6/><U2/><E2/><V24/><F73/><W37/><G9/><T5/><D5/><U19/><E15/><V58/><F71/><W95/><G130/><N who="1" m="49674" /><E43/><V116/><F115/><W125/><G63/><N who="0" m="40063" /><D17/><U55/><E27/><V75/><F75/><W40/><G40/><T134/><D134/><U135/><E135/><V36/><F36/><W65/><G133/><T21/><D21/><U12/><E12/><V32/><F32/><W87/><G65/><T62/><D62/><U109/><E109/><V48/><F31/><W29/><G29/><T59/><D59/><N who="1" m="34943" /><E69/><V28/><F28/><W78/><G117/><T74/><D74/><U22/><E22/><V126/><F116/><W45/><G119/><T52/><D53/><U20/><E20/><V64/><F23/><W34/><G34/><T7/><D7/><U113/><E113/><V101/><F24/><W111/><G111/><T4/><D4/><U98/><AGARI ba="1,0" hai="16,18,19,50,51,88,94,98" m="34943,49674" machi="98" ten="30,4000,0" yaku="19,1,54,2" doraHai="99" who="1" fromWho="1" sc="207,-21,36,43,335,-11,422,-11" /><INIT seed="5,0,0,2,5,123" ten="186,79,324,411" oya="1" hai0="15,9,94,57,14,115,1,87,52,10,44,78,133" hai1="69,34,75,72,126,102,39,42,86,38,6,106,37" hai2="70,33,13,0,63,46,56,48,54,92,104,84,3" hai3="35,121,76,131,73,107,81,93,83,135,108,16,85"/><U41/><E34/><V18/><F33/><W127/><G108/><T2/><D115/><U32/><E32/><V110/><F104/><W7/><G7/><T118/><D133/><U103/><E126/><V95/><F110/><W79/><G121/><T105/><D105/><U80/><E69/><V4/><F4/><W88/><G35/><T124/><D124/><U117/><E117/><V67/><F95/><W101/><G131/><T43/><D118/><U29/><E29/><V28/><F28/><W21/><G135/><T36/><D94/><U20/><E6/><V82/><F92/><W77/><G127/><T109/><D109/><U125/><E20/><V90/><REACH who="2" step="1"/><F70/><REACH who="2" ten="186,79,314,411" step="2"/><W59/><G81/><T97/><D1/><U64/><E125/><V132/><F132/><W31/><G31/><T8/><D2/><U128/><E128/><V112/><F112/><W50/><G107/><T47/><D97/><U55/><E64/><V89/><F89/><W74/><G101/><T5/><D5/><U22/><E103/><V114/><F114/><W45/><G74/><T53/><D78/><U116/><E116/><V113/><F113/><W58/><G73/><T23/><D87/><U49/><E102/><V122/><F122/><W130/><G93/><T27/><D27/><U98/><E98/><V96/><F96/><W99/><G99/><T62/><REACH who="0" step="1"/><D23/><AGARI ba="0,1" hai="0,3,13,18,23,46,48,54,56,63,67,82,84,90" machi="23" ten="30,2000,0" yaku="1,1,7,1,53,0" doraHai="123" doraHaiUra="129" who="2" fromWho="0" sc="186,-20,79,0,314,30,411,0" /><INIT seed="6,0,0,1,3,79" ten="166,79,344,411" oya="2" hai0="0,103,94,31,54,49,36,19,33,37,20,2,57" hai1="35,11,69,111,105,86,98,23,16,117,61,114,65" hai2="27,135,42,93,125,74,118,121,108,34,38,92,70" hai3="63,89,7,44,124,47,48,10,97,113,41,116,43"/><V75/><RYUUKYOKU type="yao9" ba="0,0" sc="166,0,79,0,344,0,411,0" hai2="27,34,38,42,70,74,75,92,93,108,118,121,125,135" /><INIT seed="6,1,0,0,5,46" ten="166,79,344,411" oya="2" hai0="9,94,66,42,95,112,11,77,127,129,22,25,53" hai1="90,67,52,43,98,115,83,10,133,2,73,104,122" hai2="128,124,72,118,123,38,54,111,100,87,103,21,12" hai3="40,35,59,6,130,65,88,31,55,96,120,113,28"/><V5/><F118/><W79/><G120/><T13/><D112/><U119/><E119/><V71/><F123/><W108/><G108/><T97/><D129/><U89/><E115/><V78/><F72/><W51/><G113/><T20/><D127/><U61/><E122/><V131/><F124/><W110/><G110/><T85/><D42/><U107/><E43/><V82/><F111/><W64/><G79/><T76/><D66/><N who="3" m="25705" /><G35/><T109/><D109/><U69/><E133/><V62/><F38/><W16/><G6/><T63/><D9/><U126/><E126/><V41/><F41/><W29/><G130/><N who="2" m="49705" /><F71/><W60/><G16/><T70/><D70/><U27/><E27/><V18/><F5/><W24/><G24/><T44/><D95/><U75/><E75/><V17/><F17/><W26/><G26/><T3/><D3/><U105/><E10/><V93/><F93/><N who="3" m="56359" /><G40/><T86/><D76/><U134/><E2/><V8/><F8/><W7/><G7/><T34/><D34/><U121/><E134/><V135/><F135/><W101/><G101/><T99/><D77/><U23/><E23/><V57/><AGARI ba="1,0" hai="12,18,21,54,57,62,78,82,87,100,103" m="49705" machi="57" ten="30,1500,0" yaku="19,1" doraHai="46" who="2" fromWho="2" sc="166,-6,79,-6,344,18,411,-6" /><INIT seed="6,2,0,5,5,15" ten="160,73,362,405" oya="2" hai0="64,113,127,85,133,88,101,4,107,102,71,110,28" hai1="22,40,6,7,114,10,35,96,0,95,66,61,23" hai2="97,87,31,135,1,134,48,77,52,13,67,27,59" hai3="39,79,120,118,14,43,12,132,74,57,78,34,63"/><V128/><F1/><W106/><G118/><T76/><D110/><U117/><E117/><V94/><F128/><W72/><G120/><T30/><D113/><U55/><E114/><V38/><F38/><W25/><G106/><T130/><D130/><U124/><E124/><V100/><F67/><W91/><G91/><T47/><D133/><U103/><E35/><V9/><F87/><W2/><G2/><T83/><D127/><U21/><E7/><V82/><F82/><W53/><G43/><T5/><D47/><U109/><E109/><V44/><F77/><W119/><G39/><T112/><D112/><U131/><E131/><V54/><F54/><W69/><G69/><T70/><D64/><U56/><E40/><V18/><REACH who="2" step="1"/><F44/><REACH who="2" ten="160,73,352,405" step="2"/><W108/><G79/><T122/><D76/><U93/><E66/><V126/><F126/><W98/><G78/><T75/><D83/><U49/><E61/><V24/><F24/><W20/><G25/><T42/><D85/><U19/><REACH who="1" step="1"/><E93/><REACH who="1" ten="160,63,352,405" step="2"/><V65/><F65/><W73/><G63/><T29/><D71/><U105/><E105/><V8/><F8/><W80/><G119/><T33/><D70/><U129/><E129/><V68/><F68/><W99/><G108/><T92/><D107/><U121/><E121/><V58/><F58/><W86/><G57/><T125/><D122/><U84/><E84/><V3/><F3/><W36/><G86/><N who="0" m="52247" /><D125/><U123/><E123/><V104/><F104/><W50/><G80/><T32/><D75/><U41/><E41/><V62/><F62/><W16/><G73/><T51/><D42/><RYUUKYOKU ba="2,2" sc="160,-15,63,15,352,15,405,-15" hai1="0,6,10,19,21,22,23,49,55,56,95,96,103" hai2="9,13,18,27,31,48,52,59,94,97,100,134,135" /><INIT seed="6,3,2,2,2,7" ten="145,78,367,390" oya="2" hai0="105,49,32,57,107,92,89,63,18,16,126,41,23" hai1="35,85,43,114,86,10,46,42,62,67,9,74,50" hai2="6,51,82,61,54,132,58,34,133,65,95,131,112" hai3="118,83,99,55,124,36,73,17,12,26,88,123,15"/><V113/><F34/><W3/><G118/><T13/><D126/><U94/><E114/><N who="2" m="44139" /><F6/><W44/><G123/><T79/><D32/><U60/><E74/><V76/><F76/><W120/><G120/><T20/><D79/><U90/><E35/><V8/><F95/><W4/><G124/><T2/><D2/><U48/><E85/><V22/><F22/><W93/><G26/><T11/><D105/><U70/><REACH who="1" step="1"/><E62/><REACH who="1" ten="145,68,367,390" step="2"/><V75/><F75/><W87/><G73/><T117/><D117/><U0/><E0/><V81/><F131/><W40/><G3/><T56/><D107/><U29/><E29/><V102/><F102/><W108/><G87/><N who="0" m="52287" /><D18/><U21/><E21/><V122/><F122/><W45/><G17/><T52/><D41/><U72/><E72/><V106/><F106/><W98/><G40/><T78/><D78/><U25/><E25/><V31/><F31/><W33/><G33/><T135/><D135/><N who="2" m="51786" /><F8/><W101/><G101/><T110/><D110/><U130/><E130/><V116/><F116/><W104/><G108/><T39/><D39/><U127/><E127/><V69/><AGARI ba="3,3" hai="51,54,58,61,65,69,81,82" m="51786,44139" machi="69" ten="30,3000,0" yaku="15,1,20,1" doraHai="7" who="2" fromWho="2" sc="145,-13,68,-13,367,69,390,-13" /><INIT seed="6,4,0,5,4,68" ten="132,55,436,377" oya="2" hai0="21,89,71,30,120,15,72,91,46,6,49,53,73" hai1="124,86,88,43,57,126,42,102,18,80,56,97,0" hai2="90,38,100,84,125,127,103,76,117,99,9,95,17" hai3="10,87,121,54,93,5,77,63,50,19,123,119,110"/><V27/><F117/><W66/><G119/><T82/><D120/><U135/><E0/><V130/><F38/><W52/><G110/><T24/><D71/><U29/><E135/><V8/><F27/><W75/><G75/><T108/><D108/><U26/><E18/><V61/><F61/><W118/><G118/><T58/><D73/><U98/><E98/><V51/><F51/><W104/><G104/><T78/><D6/><U12/><E12/><V113/><F17/><W83/><G93/><T96/><D96/><U111/><E111/><V79/><F9/><W131/><G19/><T101/><D101/><N who="2" m="38986" /><F8/><W32/><G32/><T116/><D116/><U132/><E132/><V128/><F113/><W14/><G131/><N who="2" m="50217" /><F99/><W25/><G25/><T70/><D70/><U81/><E43/><V94/><F94/><W134/><G134/><T39/><D15/><U2/><E42/><V109/><F109/><W7/><G7/><T67/><D39/><U85/><E2/><V65/><F65/><W112/><G112/><T1/><D1/><U114/><E97/><V37/><F37/><W59/><REACH who="3" step="1"/><G54/><REACH who="3" ten="132,55,436,367" step="2"/><T44/><D53/><U48/><E114/><V40/><F40/><W41/><G41/><T92/><D24/><U69/><E26/><V45/><F45/><AGARI ba="4,1" hai="5,10,14,45,50,52,59,63,66,77,83,87,121,123" machi="45" ten="30,7700,0" yaku="1,1,7,1,54,1,53,1" doraHai="68" doraHaiUra="4" who="3" fromWho="2" sc="132,0,55,0,436,-89,367,99" /><INIT seed="7,0,0,2,1,75" ten="132,55,347,466" oya="3" hai0="36,61,43,92,88,26,38,4,18,79,46,27,128" hai1="29,50,122,0,17,117,133,109,113,82,32,59,35" hai2="49,72,95,23,44,45,91,94,24,53,70,134,25" hai3="126,97,54,73,89,19,96,115,99,77,10,100,3"/><W111/><G115/><T103/><D128/><U15/><E109/><V84/><F72/><W124/><G111/><T121/><D121/><U41/><E113/><V63/><F134/><W30/><G30/><T85/><D4/><U62/><E122/><V42/><F70/><W93/><G54/><T90/><D38/><U106/><E133/><V39/><F63/><W14/><G3/><T37/><D37/><U71/><E117/><V2/><F2/><W81/><REACH who="3" step="1"/><G99/><REACH who="3" ten="132,55,347,456" step="2"/><T104/><D43/><U40/><E0/><V74/><F74/><W1/><G1/><T130/><D130/><U13/><E29/><V102/><F102/><W118/><G118/><T135/><D103/><U52/><E41/><V57/><F45/><W105/><AGARI ba="0,1" hai="10,14,19,73,77,81,89,93,96,97,100,105,124,126" machi="105" ten="30,6000,0" yaku="1,1,0,1,52,1,53,0" doraHai="75" doraHaiUra="16" who="3" fromWho="3" sc="132,-20,55,-20,347,-20,456,70" owari="112,-28.8,35,-46.5,327,12.7,526,62.6" /></mjloggm>