<mjloggm ver="2.3"><GO type="169" lobby="0"/><UN n0="%E4%BF%BA%E3%81%A7%E3%81%99" n1="%43%E3%82%A8%E3%83%BC%E3%82%B8%E3%82%A7%E3%83%B3%E3%83%88" n2="%E7%88%86%E7%89%8C%E3%82%A6%E3%82%B7%E3%82%B8%E3%83%9E%E3%81%8F%E3%82%93" n3="%E3%81%8A%E3%81%9F%E3%81%BE%E3%82%8B" dan="16,17,19,16" rate="2043.48,2203.25,2261.69,2075.53" sx="M,M,M,M"/><TAIKYOKU oya="0"/><INIT seed="0,0,0,4,5,16" ten="250,250,250,250" oya="0" hai0="51,54,20,58,40,35,32,128,47,135,134,99,131" hai1="68,100,5,114,101,55,1,121,85,122,127,87,125" hai2="76,94,132,28,115,63,120,10,3,79,33,74,8" hai3="11,102,4,21,81,18,67,88,75,6,45,22,7"/><T9/><D9/><U31/><E68/><V53/><F115/><W118/><G118/><T112/><D112/><U43/><E43/><V46/><F120/><W83/><G75/><T91/><D91/><U72/><E114/><V24/><F132/><N who="0" m="50730" /><D99/><U97/><E31/><V117/><F117/><W110/><G110/><T124/><D20/><N who="3" m="7785" /><G102/><T98/><D98/><U103/><E97/><V48/><F74/><W52/><G67/><T70/><D70/><U86/><E55/><V104/><F104/><W113/><G113/><T69/><D69/><U77/><E5/><V23/><F33/><W73/><G73/><T107/><D107/><U108/><E1/><V0/><F0/><W12/><G88/><T84/><D84/><U2/><E2/><V13/><F3/><W109/><G109/><T80/><D80/><N who="1" m="45095" /><E108/><V93/><F8/><W56/><G45/><T66/><D66/><U60/><E60/><AGARI ba="0,0" hai="4,6,7,11,12,18,52,56,60,81,83" m="7785" machi="60" ten="30,8000,1" yaku="8,1,52,3,54,1" doraHai="16" who="3" fromWho="1" sc="250,0,250,-80,250,0,250,80" /><INIT seed="1,0,0,0,5,38" ten="250,170,250,330" oya="1" hai0="0,14,119,114,98,27,37,80,84,24,88,48,3" hai1="132,77,79,2,23,123,120,56,101,112,70,106,58" hai2="99,60,12,57,95,44,33,135,1,100,43,94,75" hai3="40,65,32,89,96,91,16,110,20,85,121,30,71"/><U125/><E112/><V18/><F135/><W87/><G121/><T66/><D114/><U118/><E70/><V8/><F75/><W39/><G110/><T90/><D37/><U7/><E118/><V83/><F33/><W6/><G6/><T34/><D119/><U42/><E132/><V131/><F131/><W25/><G65/><T15/><D66/><U47/><E125/><V78/><F1/><W67/><G67/><T92/><D3/><U35/><E35/><V69/><F69/><W64/><G64/><T128/><D0/><U50/><E23/><V72/><F57/><W133/><G133/><T134/><D134/><U104/><E7/><V108/><F108/><W117/><G117/><T113/><D113/><U130/><E2/><V126/><F60/><W52/><G71/><T76/><D128/><U51/><E130/><V93/><REACH who="2" step="1"/><F126/><REACH who="2" ten="250,170,240,330" step="2"/><W105/><G32/><T19/><D34/><U55/><E56/><V36/><AGARI ba="0,1" hai="8,12,18,36,43,44,72,78,83,93,94,95,99,100" machi="36" ten="20,8000,1" yaku="1,1,2,1,0,1,7,1,52,1,53,0" doraHai="38" doraHaiUra="59" who="2" fromWho="2" sc="250,-20,170,-40,240,90,330,-20" /><INIT seed="2,0,0,0,3,124" ten="230,130,330,310" oya="2" hai0="22,71,117,85,52,76,63,95,86,59,34,109,90" hai1="10,131,55,12,13,130,54,102,36,126,15,134,122" hai2="101,112,92,107,78,115,106,7,23,8,118,16,97" hai3="42,31,80,111,123,114,48,91,4,41,82,128,39"/><V65/><F118/><W57/><G123/><T116/><D34/><U33/><E33/><V84/><F65/><W11/><G114/><T43/><D109/><U44/><E126/><V125/><F125/><W20/><G111/><T119/><D43/><U108/><E108/><V81/><F107/><W18/><G31/><T135/><D135/><U64/><E134/><V53/><F53/><W113/><G113/><T49/><D22/><U14/><E64/><V129/><F129/><N who="1" m="49161" /><E102/><V75/><F75/><W62/><G39/><T132/><D132/><U68/><E68/><V40/><F40/><W89/><G128/><T70/><D63/><U99/><E99/><V30/><F30/><W50/><G62/><T60/><D60/><U72/><E72/><V121/><F121/><W127/><G127/><T37/><D37/><U110/><E110/><V38/><F38/><W1/><G48/><T67/><D67/><U25/><E25/><V93/><F112/><W19/><G50/><T96/><D96/><U105/><E105/><V27/><F115/><W32/><G32/><T98/><D98/><U87/><E87/><V120/><F120/><W21/><G57/><T3/><D86/><U28/><E28/><V9/><F106/><W26/><G42/><T45/><D59/><U77/><E77/><V133/><F101/><W94/><G41/><T0/><D76/><U73/><E73/><V24/><F97/><W6/><G91/><T88/><D90/><U46/><E122/><V51/><F133/><W79/><G79/><T100/><D100/><U58/><E36/><V83/><F78/><RYUUKYOKU ba="0,0" sc="230,30,130,-10,330,-10,310,-10" hai0="0,3,45,49,52,70,71,85,88,95,116,117,119" /><INIT seed="3,1,0,5,3,109" ten="260,120,320,300" oya="3" hai0="74,115,112,26,133,30,120,64,97,105,129,122,86" hai1="89,111,108,63,4,5,65,128,45,22,76,3,100" hai2="29,135,94,132,67,60,43,103,24,33,53,6,21" hai3="54,78,15,101,55,106,13,35,130,68,50,81,93"/><W72/><G35/><N who="0" m="20951" /><D64/><U113/><E128/><V124/><F43/><W25/><G68/><T27/><D129/><U75/><E100/><V39/><F39/><W77/><G106/><T125/><D125/><U107/><E107/><V69/><F124/><W80/><G130/><T92/><D133/><N who="2" m="51274" /><F6/><W56/><G25/><T19/><D86/><U9/><E5/><V66/><F66/><W110/><G110/><N who="1" m="42026" /><E89/><V41/><F41/><W47/><G93/><T123/><D19/><U38/><E22/><V131/><F131/><W1/><G1/><T82/><D27/><U90/><E90/><V134/><F134/><W88/><G101/><N who="0" m="62639" /><D92/><U84/><E84/><V87/><F87/><W127/><G127/><T2/><D2/><U121/><E121/><V23/><F53/><W98/><G98/><AGARI ba="1,0" hai="21,23,24,29,33,60,67,69,94,98,103" m="51274" machi="98" ten="30,1000,0" yaku="20,1" doraHai="109" who="2" fromWho="3" sc="260,0,120,0,320,13,300,-13" /><INIT seed="4,0,0,5,1,40" ten="260,120,333,287" oya="0" hai0="105,2,128,70,6,81,59,23,64,51,97,18,57" hai1="80,19,117,33,68,29,61,4,120,38,133,50,88" hai2="99,102,76,48,74,134,15,116,31,53,71,118,49" hai3="13,110,79,46,55,89,122,16,34,63,1,27,135"/><T62/><D128/><U11/><E38/><V123/><F123/><W36/><G36/><T87/><D6/><U9/><E117/><V130/><F71/><W90/><G90/><T125/><D2/><U77/><E120/><V8/><F130/><W86/><G86/><T101/><D125/><U85/><E133/><V119/><F134/><W104/><G104/><T45/><D23/><U37/><E37/><V78/><F31/><W30/><G30/><T124/><D18/><U108/><E108/><V112/><F112/><W114/><G114/><T82/><D124/><U100/><E100/><V60/><F60/><W115/><G115/><T98/><D98/><U14/><E33/><V103/><F74/><W39/><G39/><T91/><REACH who="0" step="1"/><D82/><REACH who="0" ten="250,120,333,287" step="2"/><U32/><E29/><V65/><F99/><W25/><G16/><T20/><D20/><U54/><E32/><V84/><F116/><W0/><G1/><T129/><D129/><U41/><E9/><V95/><F8/><W72/><G34/><T132/><D132/><U126/><E126/><V10/><F10/><W52/><G135/><T106/><D106/><U109/><E19/><V44/><F118/><W121/><G0/><T58/><D58/><N who="1" m="35031" /><E68/><V127/><F119/><W12/><G121/><T17/><D17/><U21/><E21/><V83/><F127/><W22/><G122/><T35/><D35/><U107/><E107/><V92/><F83/><W5/><G5/><T28/><D28/><U96/><E96/><V131/><F131/><W7/><G7/><T43/><AGARI ba="0,1" hai="43,45,51,57,59,62,64,70,81,87,91,97,101,105" machi="43" ten="20,7800,0" yaku="1,1,0,1,7,1,52,1,53,0" doraHai="40" doraHaiUra="73" who="0" fromWho="0" sc="250,88,120,-26,333,-26,287,-26" /><INIT seed="4,1,0,2,3,73" ten="338,94,307,261" oya="0" hai0="93,18,46,128,1,114,126,27,49,45,132,84,26" hai1="48,38,106,78,75,116,37,15,102,66,104,4,71" hai2="50,52,44,110,68,56,6,28,124,32,134,121,43" hai3="57,112,29,109,122,79,9,69,90,83,77,120,129"/><T59/><D114/><U94/><E116/><V135/><F110/><W31/><G69/><T70/><D70/><U82/><E94/><V11/><F68/><W10/><G109/><T13/><D1/><U91/><E48/><V58/><F121/><N who="3" m="46699" /><G112/><T24/><D132/><N who="2" m="50730" /><F124/><W42/><G129/><T115/><D128/><U39/><E91/><V20/><F32/><W89/><G42/><T25/><D126/><U88/><E88/><N who="3" m="33898" /><G57/><T113/><D113/><U98/><E15/><N who="2" m="5623" /><F43/><W60/><G60/><T101/><D84/><U7/><REACH who="1" step="1"/><E106/><REACH who="1" ten="338,84,307,261" step="2"/><V23/><F23/><W131/><G131/><T41/><D115/><U123/><E123/><V107/><F107/><W74/><G79/><T65/><D93/><U76/><E76/><V85/><F85/><W92/><G92/><T117/><D117/><U3/><E3/><V54/><F20/><W61/><G61/><AGARI ba="1,1" hai="4,7,37,38,39,61,66,71,75,78,82,98,102,104" machi="61" ten="40,2600,0" yaku="1,1,52,1,53,0" doraHai="73" doraHaiUra="125" who="1" fromWho="3" sc="338,0,84,39,307,0,261,-29" /><INIT seed="5,0,0,4,0,114" ten="338,123,307,232" oya="1" hai0="21,25,31,23,102,124,34,112,28,129,94,106,105" hai1="61,42,87,20,111,57,29,91,120,101,118,77,54" hai2="116,95,52,72,44,119,7,128,109,126,127,26,43" hai3="48,38,51,130,132,18,84,55,12,100,30,39,1"/><U17/><E120/><V97/><F109/><W63/><G1/><T11/><D112/><U16/><E111/><V35/><F72/><W3/><G3/><T85/><D129/><U76/><E118/><V133/><F7/><W117/><G117/><T36/><D36/><U110/><E42/><V56/><F128/><W27/><G130/><T83/><D124/><N who="2" m="47658" /><F133/><W78/><G132/><T62/><D31/><U64/><E101/><N who="2" m="60607" /><F26/><W134/><G134/><T49/><D11/><U32/><E110/><V88/><F88/><W69/><G100/><T99/><D49/><U92/><E32/><V96/><F96/><W15/><G78/><N who="1" m="30314" /><E64/><V2/><F2/><W74/><G74/><T8/><D8/><U81/><E92/><V75/><F75/><W107/><G107/><T73/><D73/><U6/><E6/><V53/><F53/><W82/><G55/><T86/><D86/><U13/><E13/><V19/><F19/><W93/><G84/><T123/><D123/><U50/><E61/><N who="2" m="35975" /><F35/><W5/><G18/><T125/><D125/><U9/><E9/><V115/><F115/><W14/><G5/><T45/><D62/><U4/><E4/><V122/><F122/><W0/><G0/><T113/><D113/><U60/><E60/><V131/><F131/><W41/><G63/><T10/><D10/><U24/><AGARI ba="0,0" hai="16,17,20,24,29,50,54,57,81,87,91" m="30314" machi="24" ten="30,3000,0" yaku="8,1,54,1" doraHai="114" who="1" fromWho="1" sc="338,-10,123,30,307,-10,232,-10" /><INIT seed="5,1,0,2,2,17" ten="328,153,297,222" oya="1" hai0="57,63,15,98,127,77,60,70,119,114,87,128,109" hai1="96,107,93,0,48,115,86,37,58,24,129,16,85" hai2="54,21,45,134,95,26,67,1,69,14,135,92,126" hai3="118,6,64,59,100,105,56,130,79,7,4,94,31"/><U131/><E37/><V75/><F1/><W33/><G105/><T73/><D109/><U112/><E0/><V35/><F75/><W120/><G120/><T132/><D119/><U52/><E107/><V12/><F67/><W123/><G123/><T19/><D114/><N who="1" m="43563" /><E85/><V40/><F69/><W41/><G118/><T23/><D127/><U22/><E86/><V110/><F54/><W32/><G130/><T104/><D73/><U125/><E125/><V51/><F110/><W102/><G79/><T46/><D128/><U18/><E18/><N who="2" m="10455" /><F12/><W76/><G76/><T74/><D74/><U55/><E55/><V83/><F83/><W99/><G41/><T113/><D113/><U90/><AGARI ba="1,0" hai="16,22,24,48,52,58,90,93,96,129,131" m="43563" machi="90" ten="30,11700,0" yaku="15,1,52,1,54,2" doraHai="17" who="1" fromWho="1" sc="328,-40,153,120,297,-40,222,-40" /><INIT seed="5,2,0,1,1,79" ten="288,273,257,182" oya="1" hai0="16,115,54,0,18,20,42,123,69,6,28,120,126" hai1="58,109,110,89,74,132,116,114,86,87,52,15,4" hai2="50,17,10,73,9,68,133,24,128,99,63,34,90" hai3="134,26,3,97,103,72,22,124,64,31,94,37,85"/><U5/><E116/><V80/><F128/><W29/><G72/><T91/><D69/><U66/><E74/><V7/><F133/><W57/><G124/><T112/><D42/><U111/><E114/><N who="0" m="43561" /><D126/><U51/><E132/><V93/><F50/><W33/><G134/><T41/><D41/><U96/><E66/><V53/><F68/><W35/><G3/><T108/><D54/><U60/><E60/><V131/><F131/><W12/><G37/><T121/><D91/><U92/><REACH who="1" step="1"/><E15/><REACH who="1" ten="288,263,257,182" step="2"/><V81/><F73/><W100/><G12/><T27/><D108/><U38/><E38/><V113/><F63/><W78/><G64/><T129/><D129/><U55/><E55/><V49/><F53/><W44/><G103/><T71/><D71/><U106/><E106/><V95/><F49/><W122/><G100/><T19/><D0/><U46/><E46/><V23/><F113/><W82/><G44/><T127/><D127/><U76/><E76/><V13/><F34/><W98/><G78/><T43/><D43/><U67/><E67/><V11/><F93/><W59/><G35/><N who="0" m="20895" /><D6/><AGARI ba="2,1" hai="4,5,6,51,52,58,86,87,89,92,96,109,110,111" machi="6" ten="40,7700,0" yaku="1,1,10,1,54,1,53,0" doraHai="79" doraHaiUra="135" who="1" fromWho="0" sc="288,-83,263,93,257,0,182,0" /><INIT seed="5,3,0,0,3,92" ten="205,356,257,182" oya="1" hai0="74,79,129,50,18,47,84,40,22,68,109,119,120" hai1="36,100,121,110,60,75,23,37,89,105,45,35,41" hai2="64,125,42,77,97,112,3,58,38,102,85,91,67" hai3="26,11,134,46,133,54,19,21,15,116,108,43,71"/><U16/><E35/><V103/><F3/><W93/><G108/><T98/><D109/><U126/><E110/><V20/><F125/><W94/><G71/><T33/><D119/><U73/><E121/><V14/><F112/><W30/><G116/><T96/><D33/><U130/><E130/><V51/><F38/><W88/><G54/><T63/><D129/><U113/><E113/><V52/><F42/><W124/><G124/><T106/><D106/><U9/><E9/><V6/><F77/><W62/><G62/><T8/><D74/><U27/><E36/><V32/><F32/><W25/><G25/><T131/><D131/><U99/><E126/><V81/><F103/><W132/><REACH who="3" step="1"/><G88/><REACH who="3" ten="205,356,257,172" step="2"/><T122/><D122/><U90/><E60/><V104/><F67/><W34/><G34/><T28/><D120/><U82/><E89/><V5/><F64/><W1/><G1/><T80/><D68/><U114/><E114/><V115/><F115/><W10/><G10/><T66/><D63/><U127/><E127/><V86/><F20/><W87/><G87/><T101/><D66/><U57/><E57/><V17/><F86/><W31/><G31/><T29/><D29/><U118/><E118/><V61/><F61/><W107/><G107/><T70/><D70/><U7/><E7/><V59/><F59/><W76/><G76/><T44/><D28/><U2/><E2/><V72/><F72/><W0/><G0/><T13/><D8/><U117/><E117/><V12/><F17/><W4/><G4/><N who="2" m="1641" /><F58/><W48/><AGARI ba="3,1" hai="11,15,19,21,26,30,43,46,48,93,94,132,133,134" machi="48" ten="30,4000,0" yaku="1,1,0,1,20,1,53,0" doraHai="92" doraHaiUra="49" who="3" fromWho="3" sc="205,-13,356,-23,257,-13,172,59" /><INIT seed="6,0,0,3,4,51" ten="192,333,244,231" oya="2" hai0="39,130,56,103,79,1,11,61,119,64,80,84,58" hai1="127,34,87,23,120,50,98,121,68,13,77,72,48" hai2="111,0,60,14,96,42,66,38,4,36,28,76,43" hai3="129,30,37,99,12,106,55,46,135,21,62,18,10"/><V15/><F0/><W3/><G129/><T105/><D130/><U133/><E34/><V53/><F111/><W5/><G135/><T9/><D119/><U104/><E68/><V54/><F76/><W70/><G37/><T16/><D39/><U126/><E72/><V90/><F28/><W41/><G41/><T94/><D105/><U2/><E2/><V114/><F114/><W125/><G125/><N who="1" m="47626" /><E133/><V107/><F90/><W100/><G30/><T88/><D1/><U6/><E98/><V26/><F26/><W85/><G85/><N who="0" m="48287" /><D103/><U124/><E104/><V59/><F107/><W8/><G8/><T118/><D118/><U78/><E78/><V113/><F96/><W116/><G116/><T128/><D128/><U52/><E50/><V63/><F59/><W44/><REACH who="3" step="1"/><G70/><REACH who="3" ten="192,333,244,221" step="2"/><T31/><D31/><U40/><E124/><V7/><F113/><W123/><G123/><T29/><D29/><U45/><E40/><V97/><F38/><W69/><G69/><T108/><D108/><U101/><E23/><V122/><F36/><W102/><G102/><T117/><D117/><U24/><E101/><V134/><F134/><W19/><G19/><T109/><D109/><U67/><E6/><V93/><F122/><W115/><G115/><T81/><D16/><U17/><E17/><V65/><F97/><W27/><G27/><T131/><D131/><U33/><E24/><V35/><F35/><W20/><G20/><T74/><D74/><U47/><E33/><V95/><AGARI ba="0,1" hai="4,7,14,15,42,43,53,54,60,63,65,66,93,95" machi="95" ten="25,18000,2" yaku="0,1,22,2,8,1,52,2" doraHai="51" who="2" fromWho="2" sc="192,-60,333,-60,244,190,221,-60" /><INIT seed="6,1,0,5,2,130" ten="132,273,434,161" oya="2" hai0="47,12,92,35,43,71,41,107,91,21,61,131,87" hai1="118,108,16,120,121,58,66,48,86,28,83,125,62" hai2="63,102,18,34,57,80,40,60,2,98,73,99,44" hai3="49,82,115,55,51,119,90,127,75,94,124,89,109"/><V114/><F114/><W29/><G109/><T116/><D131/><U100/><E108/><V6/><F34/><W46/><G119/><T122/><D122/><U45/><E118/><V105/><F98/><W33/><G115/><T19/><D116/><U4/><E4/><V128/><F18/><W3/><G3/><T70/><D107/><U50/><E100/><V32/><F32/><W104/><G104/><T65/><D35/><U74/><E74/><V95/><F95/><W52/><G29/><T69/><REACH who="0" step="1"/><D43/><REACH who="0" ten="122,273,434,161" step="2"/><U123/><E123/><V36/><F40/><W59/><G33/><T27/><D27/><U38/><E120/><V13/><F105/><W11/><G11/><T15/><D15/><U10/><E121/><V9/><F13/><W17/><G17/><T42/><D42/><U117/><E28/><V77/><F9/><W8/><G8/><T31/><D31/><U129/><E117/><V110/><F2/><W14/><G14/><T56/><D56/><U93/><E58/><V24/><F57/><W111/><G111/><T68/><D68/><U88/><E16/><V126/><F110/><W132/><G59/><T76/><D76/><U101/><E10/><V39/><F77/><W103/><G127/><T20/><D20/><U112/><E125/><V0/><F126/><W81/><G124/><T5/><D5/><U37/><E112/><V134/><F0/><W53/><G55/><T78/><D78/><U97/><E129/><V67/><F128/><W22/><G22/><T64/><D64/><U135/><E66/><V84/><F6/><W85/><G53/><RYUUKYOKU ba="1,1" sc="122,30,273,-10,434,-10,161,-10" hai0="12,19,21,41,47,61,65,69,70,71,87,91,92" /><INIT seed="7,2,1,4,5,57" ten="152,263,424,151" oya="3" hai0="108,95,112,101,92,58,70,88,100,48,21,113,86" hai1="4,62,93,79,132,68,125,116,40,16,114,109,41" hai2="13,75,78,96,20,44,25,0,91,119,84,33,61" hai3="36,49,11,71,130,34,26,115,17,9,24,103,87"/><W37/><G115/><N who="0" m="44107" /><D70/><U90/><E109/><V51/><F0/><W82/><G71/><T99/><D108/><U77/><E4/><V19/><F119/><W12/><G130/><T97/><D21/><U110/><E110/><V45/><F45/><W8/><G103/><N who="0" m="39499" /><D95/><U135/><E93/><V107/><F61/><W106/><G106/><T31/><D31/><U60/><E68/><V80/><F33/><W54/><G36/><T52/><AGARI ba="2,1" hai="48,52,58,86,88,92,97,99" m="39499,44107" machi="52" ten="30,7900,0" yaku="15,1,11,1,54,2" doraHai="57" who="0" fromWho="0" sc="152,95,263,-22,424,-22,151,-41" owari="247,4.7,241,-15.9,402,50.2,110,-39.0" /></mjloggm>