<mjloggm ver="2.3"><GO type="169" lobby="0"/><UN n0="%73%68%61%79%65" n1="%E7%89%A7%E5%A0%B4%E3%81%AE%E5%B0%91%E5%A5%B3" n2="%E3%82%86%E3%81%86%E3%82%8C%E3%81%84%E3%81%84%E3%81%8B" n3="%63%68%69%73%73" dan="17,17,17,16" rate="2180.83,2214.22,2193.08,2165.00" sx="M,F,M,M"/><TAIKYOKU oya="0"/><INIT seed="0,0,0,3,4,36" ten="250,250,250,250" oya="0" hai0="129,112,45,78,107,120,14,17,77,46,133,44,85" hai1="6,38,115,29,24,42,134,1,82,106,93,122,8" hai2="104,92,79,101,65,11,53,128,127,51,96,131,40" hai3="57,15,47,63,71,22,105,103,110,69,70,48,67"/><T18/><D120/><U55/><E93/><V126/><F65/><N who="3" m="39151" /><G22/><T123/><D112/><U91/><E122/><V25/><F79/><W108/><G15/><T102/><D129/><N who="2" m="49738" /><F104/><W43/><G103/><T68/><D68/><N who="3" m="26217" /><G105/><T88/><D133/><U64/><E64/><V119/><F119/><W54/><G54/><T4/><D107/><U130/><E134/><V50/><F11/><W32/><G32/><T124/><D124/><N who="2" m="47658" /><F25/><W12/><G12/><T49/><D102/><U52/><E130/><V81/><F81/><W111/><N who="3" m="26225" /><W94/><DORA hai="59" /><G94/><T73/><D73/><U34/><E106/><V60/><F40/><N who="3" m="24679" /><G67/><T76/><D123/><U13/><E115/><V35/><F35/><W116/><G116/><T19/><D4/><U16/><E82/><V0/><F0/><W135/><G135/><T41/><D14/><U21/><E91/><V87/><F87/><W26/><G26/><T20/><D20/><U56/><E56/><AGARI ba="0,0" hai="50,51,53,56,60,92,96,101" m="47658,49738" machi="56" ten="30,3900,0" yaku="19,1,18,1,52,1" doraHai="36,59" who="2" fromWho="1" sc="250,0,250,-39,250,39,250,0" /><INIT seed="1,0,0,2,5,62" ten="250,211,289,250" oya="1" hai0="87,10,43,11,38,115,8,48,135,85,25,26,98" hai1="40,14,20,74,16,71,107,81,57,32,78,70,12" hai2="86,95,101,15,22,28,89,90,30,77,9,60,129" hai3="116,79,3,27,91,122,73,31,120,68,36,61,39"/><U93/><BYE who="3" /><E107/><V75/><F129/><W124/><G124/><T45/><D115/><U130/><E130/><V72/><F101/><W33/><G33/><T100/><D135/><U37/><E32/><UN n3="%63%68%69%73%73" /><V88/><F75/><W118/><G91/><T46/><D26/><U109/><E109/><V134/><F134/><W133/><G133/><T117/><D25/><U111/><E111/><V53/><F72/><W110/><G110/><T132/><D117/><U80/><E80/><V121/><F121/><W84/><G84/><T123/><D123/><U106/><E106/><V35/><F35/><W102/><G102/><T59/><D59/><U6/><E93/><V50/><F60/><W1/><G27/><T113/><D113/><U131/><E131/><V105/><F22/><W64/><G31/><N who="2" m="11817" /><F105/><W92/><G61/><T19/><D132/><U96/><E96/><V56/><F77/><W126/><G79/><T17/><D98/><U58/><E37/><V34/><F34/><W18/><G73/><T55/><D100/><U69/><REACH who="1" step="1"/><E40/><REACH who="1" ten="250,201,289,250" step="2"/><V5/><AGARI ba="0,1" hai="5,9,15,50,53,56,86,88,89,90,95" m="11817" machi="5" ten="30,2000,0" yaku="8,1,54,1" doraHai="62" who="2" fromWho="2" sc="250,-5,201,-10,289,30,250,-5" /><INIT seed="2,0,0,1,1,115" ten="245,191,319,245" oya="2" hai0="20,125,25,121,87,118,61,114,16,123,73,80,10" hai1="90,89,13,21,15,29,112,84,99,72,95,44,28" hai2="11,110,5,98,97,38,128,42,74,100,62,43,133" hai3="91,33,1,101,0,122,50,68,51,49,71,18,67"/><V126/><F74/><W120/><G33/><T9/><D114/><U31/><E72/><V37/><F128/><W17/><G67/><T12/><D125/><U113/><E113/><V111/><F126/><W22/><G91/><T94/><D73/><U54/><E112/><V103/><F62/><W96/><G96/><N who="2" m="36969" /><F11/><W4/><G4/><T127/><D127/><U65/><E65/><V105/><F105/><W30/><G30/><T46/><D94/><U23/><E44/><V106/><F106/><W83/><G83/><T48/><D61/><U7/><E54/><V70/><F5/><W24/><G101/><N who="2" m="38985" /><F70/><W64/><G64/><T77/><D118/><U8/><REACH who="1" step="1"/><E15/><REACH who="1" ten="245,181,319,245" step="2"/><V59/><F59/><W108/><G71/><T76/><D12/><U14/><E14/><V124/><F124/><W92/><G68/><T66/><D66/><U32/><E32/><V53/><F53/><W36/><G1/><T69/><D69/><U75/><E75/><V19/><F133/><W109/><G0/><T47/><D47/><U86/><E86/><V130/><F130/><W102/><G120/><T131/><D131/><U119/><E119/><V88/><F43/><W85/><G122/><T135/><D135/><U129/><E129/><V132/><F42/><W81/><G85/><N who="0" m="48263" /><D123/><U79/><E79/><V27/><F132/><W35/><G35/><T2/><D121/><U107/><E107/><V26/><F26/><W57/><G24/><T3/><D3/><U117/><E117/><V41/><F41/><W134/><G134/><T116/><D2/><U6/><E6/><V34/><F27/><RYUUKYOKU ba="0,1" sc="245,-10,181,30,319,-10,245,-10" hai1="7,8,13,21,23,28,29,31,84,89,90,95,99" /><INIT seed="3,1,1,5,4,32" ten="235,211,309,235" oya="3" hai0="99,70,11,12,116,107,47,103,102,17,100,74,60" hai1="10,80,31,115,25,90,54,24,49,29,56,135,59" hai2="89,15,121,81,63,88,58,26,111,98,72,37,123" hai3="86,122,4,41,106,62,27,125,42,73,95,23,13"/><W40/><G122/><N who="2" m="46601" /><F37/><W87/><G125/><T28/><D74/><U128/><E115/><V52/><F111/><W118/><G73/><T30/><D116/><U9/><E135/><V93/><F15/><W66/><G106/><T20/><D47/><U127/><E128/><V114/><F114/><W14/><G118/><T83/><D83/><U38/><E38/><V3/><F3/><W68/><G4/><T126/><D126/><U43/><E43/><V18/><F18/><W61/><G61/><T78/><D78/><U110/><E110/><V35/><F26/><N who="1" m="10345" /><E59/><V6/><F6/><W22/><G22/><T97/><D20/><U133/><E133/><V48/><F35/><W0/><G0/><T50/><D50/><U64/><E64/><V113/><F113/><W44/><G44/><T19/><D19/><U36/><E36/><V108/><F108/><W119/><G119/><T55/><D70/><U96/><E127/><V7/><F7/><W120/><G120/><T129/><D129/><U94/><E80/><V46/><F72/><W117/><G117/><T132/><D132/><U65/><E65/><N who="2" m="39159" /><F81/><W124/><G124/><T77/><D77/><U84/><E96/><N who="0" m="36937" /><D107/><U67/><E67/><V82/><F82/><W105/><G105/><T51/><D60/><U5/><E5/><V39/><F39/><W34/><G34/><T112/><D112/><U134/><E134/><V131/><F131/><W21/><G21/><T92/><D92/><U130/><E130/><V76/><F76/><W101/><G95/><T91/><D91/><AGARI ba="1,1" hai="46,48,52,88,89,91,93,98" m="39159,46601" machi="91" ten="30,3900,0" yaku="13,1,54,2" doraHai="32" who="2" fromWho="0" sc="235,-42,211,0,309,52,235,0" /><INIT seed="4,0,0,4,0,89" ten="193,211,361,235" oya="0" hai0="117,73,114,71,11,135,81,31,5,60,110,46,48" hai1="87,69,129,90,7,83,76,20,38,8,37,120,58" hai2="112,108,57,32,17,47,9,67,104,124,56,30,86" hai3="91,10,72,103,84,1,4,122,128,14,77,106,43"/><T28/><D117/><U41/><E69/><V64/><F112/><W126/><G128/><T118/><D114/><U40/><E120/><V130/><F104/><W16/><G122/><T99/><D118/><U44/><E129/><V33/><F130/><W29/><G126/><T25/><D135/><U70/><E70/><V74/><F74/><W127/><G127/><T62/><D110/><U51/><E20/><V125/><F86/><W52/><G43/><T132/><D71/><U66/><E41/><V78/><F78/><W42/><G42/><T123/><D123/><U68/><E68/><V98/><F98/><W24/><G72/><T88/><D73/><U39/><E66/><V119/><F9/><W100/><G77/><T36/><D36/><U75/><E58/><V6/><F6/><W3/><G3/><T49/><D132/><U109/><E109/><V79/><F79/><W115/><G115/><T63/><D46/><U0/><REACH who="1" step="1"/><E51/><REACH who="1" ten="193,201,361,235" step="2"/><V18/><F108/><W45/><G10/><T95/><D49/><U23/><E23/><V134/><F134/><W2/><G29/><T102/><D48/><U101/><E101/><V21/><F30/><W111/><G103/><T116/><D116/><U80/><AGARI ba="0,1" hai="0,7,8,37,38,39,40,44,75,76,80,83,87,90" machi="80" ten="20,12000,2" yaku="1,1,0,1,7,1,25,2,53,1" doraHai="89" doraHaiUra="85" who="1" fromWho="1" sc="193,-60,201,130,361,-30,235,-30" /><INIT seed="5,0,0,0,4,14" ten="133,331,331,205" oya="1" hai0="61,132,70,20,112,62,7,128,59,48,75,73,45" hai1="98,69,46,26,33,25,30,108,36,81,29,84,68" hai2="49,116,134,17,32,16,91,13,66,51,5,103,43" hai3="6,110,114,79,106,129,107,86,111,2,133,28,122"/><U15/><E108/><V56/><F116/><W82/><G122/><T3/><D112/><U52/><E98/><V101/><F32/><W90/><G28/><T125/><D132/><U35/><E15/><V97/><F134/><W85/><G6/><T127/><D128/><U24/><E24/><V1/><F1/><W38/><G2/><T126/><D3/><U67/><E67/><V123/><F123/><W77/><G38/><T39/><D7/><U119/><E119/><V117/><F91/><W4/><G4/><T78/><D78/><U88/><REACH who="1" step="1"/><E52/><REACH who="1" ten="133,321,331,205" step="2"/><N who="2" m="31759" /><F66/><W40/><G111/><T80/><D126/><U95/><E95/><N who="2" m="58559" /><F103/><W21/><G110/><T55/><D125/><U19/><E19/><V93/><F93/><W115/><G133/><T76/><D127/><U102/><E102/><V105/><F105/><W104/><G107/><T72/><D80/><U99/><E99/><V23/><F117/><W57/><G106/><T10/><D55/><U31/><E31/><V118/><F118/><W83/><G104/><T27/><D27/><U8/><E8/><N who="2" m="4239" /><F23/><W41/><G21/><T74/><D20/><U0/><E0/><V94/><F94/><W9/><G114/><T18/><D10/><U37/><E37/><V42/><F42/><AGARI ba="0,1" hai="25,26,29,30,33,35,36,42,46,68,69,81,84,88" machi="42" ten="40,7700,0" yaku="1,1,9,1,54,1,53,0" doraHai="14" doraHaiUra="12" who="1" fromWho="2" sc="133,0,321,87,331,-77,205,0" /><INIT seed="5,1,0,0,5,129" ten="133,408,254,205" oya="1" hai0="49,115,69,82,17,72,94,111,68,78,71,80,55" hai1="8,29,22,54,105,108,109,64,114,93,121,47,133" hai2="79,32,66,101,118,27,18,12,33,67,5,128,88" hai3="91,62,1,59,41,35,95,44,48,102,25,19,20"/><U15/><E105/><V119/><F79/><W37/><G1/><T2/><D111/><U61/><E121/><V132/><F101/><W73/><G73/><T97/><D2/><U28/><E114/><V36/><F36/><W112/><G112/><T30/><D115/><U65/><E93/><V34/><F128/><W74/><G74/><T127/><D127/><U11/><E47/><V75/><F75/><W9/><G35/><T110/><D110/><U40/><E40/><V57/><F5/><W13/><G102/><T7/><D7/><U124/><E54/><V107/><F107/><W85/><G37/><T56/><D80/><U122/><E22/><V39/><F39/><W3/><G3/><T100/><D30/><U23/><E23/><V51/><F27/><W50/><G50/><T81/><D81/><U84/><E84/><V76/><F76/><W135/><G135/><T134/><REACH who="0" step="1"/><D17/><REACH who="0" ten="123,408,254,205" step="2"/><U131/><E124/><V10/><F18/><W4/><G62/><T21/><D21/><U77/><E61/><V31/><F34/><W90/><G90/><T103/><D103/><U104/><E131/><V116/><F33/><W99/><G4/><T26/><D26/><U120/><E77/><V63/><F88/><W96/><G25/><T43/><D43/><U117/><E109/><V24/><F63/><W86/><G20/><T92/><D92/><U83/><E108/><V6/><F32/><W98/><G86/><T45/><D45/><U126/><E83/><V46/><F46/><W113/><G113/><T70/><N who="0" m="17408" /><DORA hai="53" /><T42/><D42/><U58/><E126/><RYUUKYOKU ba="1,1" sc="123,15,408,-15,254,-15,205,15" hai0="49,55,56,72,78,82,94,97,100,134" hai3="9,13,19,41,44,48,59,85,91,95,96,98,99" /><INIT seed="6,2,1,0,1,56" ten="138,393,239,220" oya="2" hai0="21,23,118,113,5,27,2,74,76,89,1,20,37" hai1="33,64,103,109,108,52,55,119,51,19,91,124,93" hai2="59,57,36,81,104,42,61,111,127,8,38,85,130" hai3="43,41,63,46,114,69,30,107,24,31,15,48,73"/><V10/><F104/><W75/><G107/><T123/><D123/><U6/><E119/><V125/><F130/><W84/><G114/><T106/><D106/><U112/><E33/><V39/><F42/><W83/><G41/><T45/><D113/><U29/><E29/><V71/><F71/><W98/><G98/><T131/><D131/><U50/><E103/><V70/><F70/><W34/><G31/><T65/><D118/><U49/><E112/><V62/><F111/><W35/><G35/><T82/><D89/><U102/><E102/><V28/><F28/><W53/><G15/><T26/><D65/><U87/><E124/><N who="2" m="47691" /><F85/><W95/><G95/><T122/><D1/><U100/><E100/><V7/><F81/><W110/><G110/><T117/><D122/><U72/><E72/><V11/><F7/><W90/><REACH who="3" step="1"/><G53/><REACH who="3" ten="138,393,239,210" step="2"/><T97/><D97/><U9/><E108/><V88/><F88/><W18/><G18/><T3/><D3/><U47/><E109/><V68/><F68/><W32/><G32/><T25/><D117/><U14/><E6/><V115/><F115/><W40/><G40/><N who="0" m="22671" /><D27/><U22/><E19/><V4/><F4/><W77/><G77/><T17/><D17/><U79/><E79/><V58/><AGARI ba="2,2" hai="8,10,11,36,38,39,57,58,59,61,62" m="47691" machi="58" ten="50,18000,2" yaku="29,2,28,2,18,1,52,2" doraHai="56" who="2" fromWho="2" sc="138,-62,393,-62,239,206,210,-62" /><INIT seed="6,3,0,0,3,8" ten="76,331,445,148" oya="2" hai0="43,81,6,109,28,34,14,40,99,80,129,45,122" hai1="11,50,61,1,51,104,27,112,15,5,94,73,133" hai2="31,21,90,68,100,82,62,78,124,52,135,3,119" hai3="29,108,13,92,0,120,44,127,36,118,22,63,7"/><V23/><F119/><W54/><G108/><T71/><D109/><U24/><E104/><V89/><F3/><W42/><G118/><T79/><D71/><U101/><E73/><V17/><F100/><W123/><G127/><T30/><D122/><U85/><E112/><V84/><F68/><W58/><G0/><T130/><D99/><U110/><E110/><V56/><F135/><W48/><G29/><T111/><D111/><U10/><E133/><V83/><F124/><W72/><G72/><T76/><D45/><U66/><E27/><N who="2" m="16879" /><F83/><W105/><G105/><T98/><D98/><U25/><E25/><AGARI ba="3,0" hai="17,23,25,52,56,62,78,82,84,89,90" m="16879" machi="25" ten="30,2900,0" yaku="8,1,54,1" doraHai="8" who="2" fromWho="1" sc="76,0,331,-38,445,38,148,0" /><INIT seed="6,4,0,0,2,70" ten="76,293,483,148" oya="2" hai0="18,63,132,81,34,4,106,13,71,28,121,62,91" hai1="85,103,20,6,90,23,117,50,17,14,52,53,60" hai2="11,75,16,51,102,101,122,119,80,1,7,8,47" hai3="38,5,98,48,123,104,126,135,118,134,82,58,59"/><V31/><F119/><W127/><G5/><T42/><D121/><U0/><E117/><V29/><F122/><W30/><G118/><T110/><D110/><U40/><E103/><V83/><F102/><W10/><G123/><T25/><D106/><U115/><E115/><V129/><F101/><W128/><G98/><T27/><D132/><N who="3" m="50729" /><G104/><T2/><D71/><U92/><E0/><V22/><F11/><W111/><G10/><T64/><D64/><U65/><E6/><V39/><F129/><W74/><G30/><T79/><D91/><U99/><E99/><V15/><F83/><W44/><G111/><T124/><D124/><N who="3" m="47657" /><G82/><T69/><D69/><U45/><REACH who="1" step="1"/><E20/><REACH who="1" ten="76,283,483,148" step="2"/><V57/><F22/><W32/><G32/><T113/><D113/><U26/><E26/><V21/><F21/><W105/><G105/><T133/><D27/><U35/><E35/><V107/><F107/><W41/><G74/><T66/><D133/><U46/><E46/><V97/><F97/><W49/><G128/><T125/><D125/><U87/><E87/><V43/><F7/><W93/><G93/><T54/><D2/><U120/><E120/><V55/><F1/><W131/><G131/><T100/><D4/><U109/><E109/><V78/><AGARI ba="4,1" hai="8,15,16,29,31,39,43,47,51,55,57,75,78,80" machi="78" ten="30,6000,0" yaku="0,1,52,1,54,1" doraHai="70" who="2" fromWho="2" sc="76,-24,283,-24,483,82,148,-24" /><INIT seed="6,5,0,4,2,8" ten="52,259,565,124" oya="2" hai0="118,129,60,43,40,9,10,29,11,37,96,135,110" hai1="109,61,77,121,55,74,62,56,20,122,100,76,58" hai2="107,44,86,105,30,3,18,92,91,31,127,99,114" hai3="103,63,51,108,7,54,78,115,93,104,17,123,35"/><V39/><F3/><W87/><G108/><T112/><D110/><U113/><E109/><V106/><F114/><W52/><G123/><N who="1" m="47114" /><E113/><V75/><F127/><W49/><G35/><T12/><D112/><U22/><E100/><V27/><F75/><W13/><G104/><T73/><D129/><U1/><E1/><V16/><F31/><W117/><G7/><T45/><D135/><U102/><E102/><V25/><F27/><W134/><G117/><T130/><D73/><U97/><E97/><V72/><F72/><W24/><G24/><T21/><D130/><U23/><E74/><V81/><F44/><W15/><G134/><T124/><D124/><U47/><E47/><V65/><F65/><AGARI ba="5,0" hai="20,22,23,55,56,58,61,62,65,76,77" m="47114" machi="65" ten="30,1000,0" yaku="13,1" doraHai="8" who="1" fromWho="2" sc="52,0,259,25,565,-25,124,0" /><INIT seed="7,0,0,0,0,68" ten="52,284,540,124" oya="3" hai0="119,87,128,36,42,58,71,29,17,20,64,50,8" hai1="40,0,86,98,59,97,6,19,122,31,34,18,121" hai2="46,2,70,77,22,127,134,21,125,91,56,112,62" hai3="101,135,126,116,65,16,14,118,9,66,74,73,63"/><W33/><G135/><T67/><D119/><U1/><E59/><V82/><F112/><W3/><G126/><N who="2" m="48137" /><F91/><W102/><G33/><T88/><D128/><U89/><E40/><V106/><F106/><W75/><G3/><T90/><D29/><U107/><E6/><V81/><F70/><W43/><G43/><T4/><D71/><U109/><E86/><V49/><F2/><W51/><G51/><T55/><D90/><U57/><E57/><V84/><F82/><W72/><G63/><T103/><D103/><U48/><E89/><V92/><F92/><W113/><G113/><T7/><D7/><U24/><E48/><V69/><F69/><W110/><G75/><T78/><D78/><U93/><E24/><V38/><F38/><W115/><G110/><T12/><D36/><U32/><E31/><V120/><F120/><W130/><G115/><T25/><REACH who="0" step="1"/><D42/><REACH who="0" ten="42,284,540,124" step="2"/><U100/><E109/><V54/><F134/><W114/><G130/><T10/><D10/><U124/><E124/><V96/><F96/><W108/><G102/><T23/><D23/><U52/><E100/><V26/><F26/><W45/><G101/><T41/><D41/><AGARI ba="0,1" hai="21,22,41,46,49,54,56,62,77,81,84" m="48137" machi="41" ten="30,1000,0" yaku="18,1" doraHai="68" who="2" fromWho="0" sc="42,-10,284,0,540,20,124,0" owari="32,-46.8,284,8.4,560,66.0,124,-27.6" /></mjloggm>