<mjloggm ver="2.3"><GO type="169" lobby="0"/><UN n0="%E3%83%AC%E3%82%A4%E3%83%88%E3%83%B3%E5%87%86%E6%95%99%E6%8E%88" n1="%E3%81%8B%E3%81%A3%E9%A3%9B%E3%81%B0%E3%81%9B%E5%85%A8%E9%83%A8" n2="%E3%81%84%E3%81%AA%E3%81%A1%E3%81%83" n3="%6F%73%72%67" dan="18,17,16,16" rate="2276.86,2182.62,2057.92,2149.59" sx="M,M,F,M"/><TAIKYOKU oya="0"/><INIT seed="0,0,0,3,2,43" ten="250,250,250,250" oya="0" hai0="51,106,85,60,11,55,132,17,28,123,109,20,56" hai1="119,5,49,46,45,42,115,9,18,34,84,57,38" hai2="70,87,79,96,77,103,41,98,52,101,88,110,4" hai3="30,90,64,120,48,127,26,126,107,75,7,58,108"/><T63/><D123/><U72/><E119/><V24/><F70/><W94/><G107/><T105/><D132/><U40/><E72/><V59/><F4/><W61/><G75/><T8/><D109/><U99/><E115/><V2/><F2/><W80/><G108/><T65/><D28/><U116/><E116/><V36/><F24/><W92/><G7/><T111/><D111/><U19/><E34/><V12/><F12/><W10/><G10/><T16/><D63/><U129/><E129/><V53/><F110/><W3/><G3/><T29/><D29/><U33/><E33/><V32/><F32/><W66/><G66/><T113/><D113/><U15/><E99/><N who="2" m="37931" /><F41/><W62/><G62/><T0/><D85/><U6/><E6/><V121/><F36/><W23/><G48/><T117/><D117/><U97/><E97/><V31/><F31/><W118/><G120/><T135/><D135/><U112/><E112/><V68/><F68/><W125/><G118/><T54/><D17/><U122/><E122/><V47/><F47/><W128/><G128/><T89/><D0/><U104/><E104/><V82/><F121/><W13/><G13/><N who="0" m="9231" /><D105/><U93/><REACH who="1" step="1"/><E57/><REACH who="1" ten="250,240,250,250" step="2"/><V69/><F69/><W100/><G100/><N who="2" m="38473" /><F59/><W130/><G130/><T95/><D106/><U50/><E50/><V76/><AGARI ba="0,1" hai="52,53,76,77,79,82,87,88" m="38473,37931" machi="76" ten="30,4000,0" yaku="8,1,54,2" doraHai="43" who="2" fromWho="2" sc="250,-20,240,-10,250,50,250,-10" /><INIT seed="1,0,0,0,4,15" ten="230,230,300,240" oya="1" hai0="10,44,71,103,91,99,50,9,102,57,51,25,87" hai1="98,2,35,27,77,4,26,133,76,61,131,0,132" hai2="105,93,126,66,23,75,109,56,124,49,62,16,7" hai3="14,128,119,30,113,68,101,107,36,8,60,92,135"/><U70/><E131/><V28/><F105/><W3/><G113/><T84/><D71/><U134/><E98/><V5/><F75/><W59/><G107/><T121/><D121/><U1/><E4/><V43/><F28/><W96/><G68/><T19/><D57/><U88/><E88/><V11/><F109/><W122/><G122/><T83/><D84/><U32/><E70/><V89/><F49/><W38/><G3/><T46/><D25/><N who="1" m="9227" /><E61/><V118/><F43/><W33/><G30/><T45/><D9/><U22/><E22/><V18/><F118/><W12/><G33/><AGARI ba="0,0" hai="0,1,2,32,33,35,76,77,132,133,134" m="9227" machi="33" ten="50,9600,0" yaku="28,2,20,1" doraHai="15" who="1" fromWho="3" sc="230,0,230,96,300,0,240,-96" /><INIT seed="1,1,0,0,3,96" ten="230,326,300,144" oya="1" hai0="88,42,18,55,135,51,32,58,78,99,104,95,74" hai1="31,80,25,40,44,35,123,49,34,89,111,97,41" hai2="102,76,13,91,39,132,21,129,98,103,29,120,48" hai3="7,11,87,45,53,113,71,33,54,3,23,131,2"/><U24/><E123/><V114/><F39/><W60/><G113/><T84/><D135/><U126/><E126/><V121/><F76/><W119/><G33/><T134/><D134/><U107/><E111/><V108/><F132/><W130/><G119/><T26/><D42/><U90/><E40/><V37/><F37/><W65/><G23/><T14/><D32/><U20/><E80/><V105/><F108/><W36/><G3/><T28/><D28/><U57/><E34/><V79/><F79/><W43/><REACH who="3" step="1"/><G87/><REACH who="3" ten="230,326,300,134" step="2"/><T59/><D84/><U86/><E86/><V133/><F21/><W0/><G0/><T69/><D74/><U66/><E20/><V50/><F114/><W63/><G63/><T47/><D26/><U109/><E24/><V27/><F27/><W8/><G8/><T93/><D14/><U122/><E109/><V127/><F13/><W101/><G101/><T9/><D9/><U67/><E25/><V110/><F110/><W75/><G75/><T70/><D18/><U6/><E35/><V77/><F133/><W106/><G106/><T56/><D104/><U125/><E107/><V85/><F105/><W73/><G73/><T17/><D17/><U117/><E117/><V116/><F85/><W22/><G22/><T64/><D93/><U115/><E115/><V46/><F29/><W19/><G19/><T1/><D1/><U15/><E31/><V118/><F116/><W92/><G92/><T83/><D64/><U62/><E15/><V81/><F118/><W10/><G10/><T61/><D61/><U5/><E62/><V100/><F120/><RYUUKYOKU ba="1,1" sc="230,15,326,-15,300,-15,134,15" hai0="47,51,55,56,58,59,69,70,78,83,88,95,99" hai3="2,7,11,36,43,45,53,54,60,65,71,130,131" /><INIT seed="2,2,1,0,0,29" ten="245,311,285,149" oya="2" hai0="23,65,56,15,2,117,40,75,67,128,14,94,105" hai1="133,129,39,115,51,135,72,83,100,5,116,69,10" hai2="42,47,87,36,35,104,109,78,21,6,43,134,127" hai3="126,114,8,27,31,32,55,96,20,48,95,108,0"/><V34/><F104/><W73/><G73/><T130/><D105/><U64/><E115/><V18/><F6/><W25/><G108/><T44/><D2/><U84/><E116/><V19/><F109/><W7/><G126/><T82/><D117/><U50/><E39/><V62/><F127/><W46/><G114/><T113/><D113/><U74/><E129/><N who="0" m="49769" /><D94/><U57/><E100/><V70/><F134/><N who="1" m="51209" /><E69/><V110/><F110/><W17/><G95/><T85/><D75/><N who="1" m="28715" /><E57/><V52/><F43/><W111/><G111/><T68/><D56/><U97/><E64/><N who="0" m="24649" /><D23/><U98/><E98/><V103/><F103/><W121/><REACH who="3" step="1"/><G96/><REACH who="3" ten="245,311,285,139" step="2"/><T132/><D132/><U30/><E97/><V66/><F87/><W11/><G11/><T45/><D68/><U4/><E10/><V80/><F70/><W38/><G38/><N who="0" m="21527" /><D45/><U59/><E84/><V13/><F47/><W92/><G92/><T90/><AGARI ba="2,2" hai="14,15,82,85,90" m="21527,24649,49769" machi="90" ten="30,1100,0" yaku="19,1" doraHai="29" who="0" fromWho="0" sc="245,37,311,-5,285,-7,139,-5" /><INIT seed="3,0,0,1,5,90" ten="282,306,278,134" oya="3" hai0="93,96,112,73,87,97,18,54,36,109,17,60,128" hai1="81,117,123,106,133,68,38,103,92,25,37,132,52" hai2="65,5,135,30,14,85,35,46,50,111,32,70,124" hai3="51,91,127,79,33,39,101,119,2,121,41,8,28"/><W113/><G113/><T89/><D109/><U15/><E123/><V21/><F111/><W71/><G121/><T19/><D112/><U130/><E68/><V62/><F135/><W22/><G119/><T7/><D73/><U29/><E117/><V13/><F124/><W129/><G51/><T9/><D36/><U115/><E115/><V116/><F116/><W72/><G22/><T104/><D128/><U56/><E130/><V74/><F74/><W131/><G101/><T4/><D104/><U57/><E106/><V48/><F48/><W107/><G91/><T78/><D78/><U61/><E15/><V27/><F14/><W10/><G10/><T55/><D60/><U43/><E81/><V53/><REACH who="2" step="1"/><F85/><REACH who="2" ten="282,306,268,134" step="2"/><W16/><G127/><T26/><D26/><U58/><E133/><V66/><F66/><W82/><G131/><T31/><D87/><U76/><E132/><V100/><F100/><W3/><G129/><T110/><D110/><U80/><E25/><V6/><F6/><W102/><G3/><T11/><D4/><U94/><E103/><V98/><F98/><W1/><G2/><T134/><D97/><U24/><E24/><V114/><F114/><W45/><G1/><T88/><D134/><U126/><E126/><V63/><F63/><W86/><G72/><T122/><D7/><U40/><E61/><V118/><F118/><W42/><G102/><T105/><D122/><U59/><E37/><V77/><F77/><W99/><G79/><T12/><D12/><U20/><E38/><V125/><F125/><W83/><G39/><T120/><D120/><RYUUKYOKU ba="0,1" sc="282,-10,306,-10,268,30,134,-10" hai2="5,13,21,27,30,32,35,46,50,53,62,65,70" /><INIT seed="4,1,1,5,0,25" ten="272,296,298,124" oya="0" hai0="127,76,104,74,113,46,6,133,7,18,119,55,62" hai1="60,117,43,79,61,99,67,1,123,45,40,49,126" hai2="90,81,22,2,38,63,66,5,59,11,48,84,54" hai3="23,86,131,3,132,53,125,85,70,44,134,41,88"/><T97/><D119/><U71/><E117/><V51/><F38/><W73/><G73/><T8/><D133/><N who="3" m="51305" /><G70/><T20/><D127/><U121/><E1/><V16/><REACH who="2" step="1"/><F66/><REACH who="2" ten="272,296,288,124" step="2"/><W42/><G125/><T106/><D106/><U57/><E126/><V118/><F118/><W130/><G3/><T15/><D104/><U105/><E105/><V116/><F116/><W94/><G85/><T115/><D115/><U135/><E67/><V102/><F102/><W129/><G23/><T120/><D113/><U27/><E135/><V107/><F107/><W21/><G21/><T128/><D20/><U14/><E123/><V50/><F50/><AGARI ba="1,2" hai="41,42,44,50,53,86,88,94,129,130,131" m="51305" machi="50" ten="40,5200,0" yaku="19,1,20,1,54,1" doraHai="25" who="3" fromWho="2" sc="272,0,296,0,288,-55,124,75" /><INIT seed="5,0,0,3,0,39" ten="272,296,233,199" oya="1" hai0="77,127,16,59,17,103,12,83,28,40,5,128,11" hai1="45,54,23,50,117,124,2,24,60,10,116,22,79" hai2="134,102,8,84,21,131,126,52,35,6,129,68,113" hai3="66,41,93,19,123,53,95,89,61,3,34,106,96"/><U31/><E124/><V132/><F35/><W85/><G3/><T80/><D127/><U70/><E79/><V33/><F33/><W7/><G7/><T105/><D128/><N who="2" m="49226" /><F68/><W64/><G106/><T115/><D115/><U71/><E22/><V107/><F126/><W49/><G34/><T110/><D110/><U74/><E74/><V55/><F113/><W37/><G123/><T94/><D28/><U114/><E114/><V32/><F21/><W13/><G37/><T90/><D59/><U56/><E2/><N who="2" m="87" /><F32/><W69/><G66/><T73/><D80/><U88/><E10/><V46/><F46/><W111/><G111/><T67/><D67/><U0/><E0/><V27/><F27/><W48/><G48/><T125/><D125/><U120/><E120/><V87/><F102/><W44/><G53/><N who="2" m="20553" /><F107/><W108/><G108/><T58/><D103/><U109/><E109/><V57/><F57/><W62/><G64/><T65/><D105/><U26/><E26/><V29/><F29/><W92/><G69/><T118/><D58/><U104/><E104/><V38/><F38/><W100/><REACH who="3" step="1"/><G95/><REACH who="3" ten="272,296,233,189" step="2"/><T20/><D65/><N who="1" m="39047" /><E70/><V30/><F30/><W91/><G91/><T119/><D90/><U51/><E71/><V76/><F76/><W122/><G122/><T78/><D78/><U47/><E88/><V130/><F130/><W82/><G82/><T1/><D94/><U43/><E31/><V75/><F75/><W97/><G97/><T4/><D4/><U135/><E135/><AGARI ba="0,1" hai="84,87,132,134,135" m="20553,87,49226" machi="135" ten="30,3900,0" yaku="20,1,19,1,54,1" doraHai="39" who="2" fromWho="1" sc="272,0,296,-39,233,49,189,0" /><INIT seed="6,0,0,1,4,47" ten="272,257,282,189" oya="2" hai0="26,33,77,125,11,37,114,83,25,112,92,108,35" hai1="129,34,19,80,32,66,45,7,10,134,107,14,122" hai2="3,27,44,86,130,23,101,0,57,99,5,76,124" hai3="84,79,102,54,55,85,133,116,91,36,71,115,70"/><V20/><F130/><W75/><G36/><T87/><D108/><U96/><E129/><V53/><F124/><W109/><G109/><T41/><D125/><U78/><E134/><V131/><F131/><W58/><G116/><T74/><D37/><U65/><E122/><V113/><F113/><N who="0" m="43626" /><D41/><U6/><E32/><N who="0" m="12361" /><D11/><U68/><E34/><V111/><F44/><W120/><G115/><T17/><D17/><U106/><E45/><V46/><F46/><W62/><G120/><T90/><AGARI ba="0,0" hai="25,26,74,77,83,87,90,92" m="12361,43626" machi="90" ten="40,1500,0" yaku="15,1" doraHai="47" who="0" fromWho="0" sc="272,15,257,-4,282,-7,189,-4" /><INIT seed="7,0,0,4,4,96" ten="287,253,275,185" oya="3" hai0="19,21,119,54,92,26,130,53,102,37,90,10,135" hai1="123,104,25,60,50,94,89,23,74,20,18,81,109" hai2="2,115,112,68,83,30,82,79,29,33,100,114,110" hai3="40,72,24,103,85,38,48,134,124,91,67,51,101"/><W8/><G134/><T36/><D119/><U86/><E109/><V113/><F110/><W56/><G72/><T95/><D135/><U97/><E123/><V93/><F112/><W65/><G124/><T122/><D122/><U58/><E104/><V11/><F68/><W45/><G24/><T12/><D36/><U57/><E74/><V34/><F2/><W88/><G91/><T52/><D37/><U66/><E20/><V108/><F108/><W75/><G75/><T105/><D130/><U111/><E111/><V118/><F11/><W129/><G129/><T71/><D71/><U31/><E50/><V61/><F61/><N who="3" m="38055" /><G38/><T6/><D90/><U132/><E132/><V98/><F118/><W121/><G67/><T5/><D105/><U84/><E57/><V41/><F41/><N who="3" m="24623" /><G8/><T42/><D42/><U70/><E70/><V125/><F125/><W106/><G106/><T63/><D63/><U80/><E31/><N who="2" m="11787" /><F79/><W77/><G77/><T43/><D43/><U107/><E107/><V9/><F9/><W15/><G15/><T62/><D62/><U22/><E22/><V39/><F39/><W46/><G121/><T1/><D1/><U76/><E76/><V4/><F4/><W35/><G35/><AGARI ba="0,0" hai="33,34,35,82,83,93,98,100,113,114,115" m="11787" machi="35" ten="40,2600,0" yaku="15,1,52,1" doraHai="96" who="2" fromWho="3" sc="287,0,253,0,275,26,185,-26" owari="287,8.7,253,-14.7,301,40.1,159,-34.1" /></mjloggm>