<mjloggm ver="2.3"><GO type="169" lobby="0"/><UN n0="%E3%83%8F%E3%82%AC%E3%82%BF%E3%82%AB%E3%81%AE%E3%81%88%E3%81%98%E3%81%8D" n1="%E3%81%82%E3%81%84%E3%81%93%E3%81%99" n2="%E3%81%8F%E3%81%8E%E3%82%85%E3%81%86%E3%81%86%E3%81%86%E3%81%86" n3="%E9%9B%B2%E3%81%AE%E3%83%95%E3%83%89%E3%82%A6" dan="17,16,18,16" rate="2165.75,2108.64,2254.37,2077.41" sx="M,M,M,M"/><TAIKYOKU oya="0"/><INIT seed="0,0,0,4,4,1" ten="250,250,250,250" oya="0" hai0="131,82,60,37,73,40,69,51,46,115,61,94,130" hai1="16,6,8,113,95,105,58,71,44,110,41,49,76" hai2="39,2,27,33,18,85,36,125,81,19,17,72,28" hai3="119,97,0,3,102,22,48,70,91,127,134,92,103"/><T117/><D115/><U42/><E105/><V52/><F72/><W53/><G70/><T29/><D29/><U108/><E71/><V111/><F111/><N who="1" m="42537" /><E113/><V89/><F125/><W9/><G119/><T50/><D117/><U84/><E58/><V10/><REACH who="2" step="1"/><F52/><REACH who="2" ten="250,250,240,250" step="2"/><W34/><G53/><T65/><D73/><U57/><E42/><V123/><F123/><W109/><G127/><T5/><D61/><U30/><E30/><V98/><F98/><W133/><G97/><T14/><D60/><U93/><E57/><V32/><F32/><W15/><G34/><T135/><D69/><U66/><E66/><V79/><F79/><W83/><G109/><T21/><D65/><U100/><E76/><V118/><F118/><W54/><G54/><T101/><D130/><U90/><E100/><V74/><F74/><W20/><G103/><T68/><D131/><U23/><E84/><V63/><F63/><W59/><G102/><T4/><D68/><U13/><E90/><V25/><F25/><AGARI ba="0,1" hai="6,8,13,16,23,25,41,44,49,93,95" m="42537" machi="25" ten="30,3900,0" yaku="14,1,52,1,54,1" doraHai="1" who="1" fromWho="2" sc="250,0,250,49,240,-39,250,0" /><INIT seed="1,0,0,3,5,97" ten="250,299,201,250" oya="1" hai0="124,84,66,83,107,96,44,64,60,134,122,111,32" hai1="129,76,114,34,85,131,3,75,16,19,103,135,106" hai2="82,45,101,53,128,74,39,43,88,79,92,71,70" hai3="90,126,105,78,15,36,109,33,133,47,40,17,25"/><U26/><E114/><V50/><F128/><N who="1" m="49225" /><E75/><V48/><F39/><W28/><G109/><T69/><D111/><U115/><E3/><V116/><F116/><W72/><G133/><T24/><D134/><U98/><E135/><V104/><F50/><W67/><G126/><T65/><D124/><U8/><E115/><V38/><F38/><W120/><G120/><T119/><D119/><U14/><E76/><V132/><F43/><W5/><G105/><T27/><D122/><U1/><E1/><V91/><F91/><W13/><G90/><T99/><D44/><U112/><E85/><N who="2" m="52239" /><F132/><W62/><G5/><T95/><D107/><U63/><E63/><V4/><F4/><W35/><G35/><T58/><D69/><U117/><E112/><V0/><F0/><W31/><G31/><T77/><D96/><AGARI ba="0,0" hai="45,48,53,70,71,74,79,82,96,101,104" m="52239" machi="96" ten="30,3900,0" yaku="24,1,52,1,54,1" doraHai="97" who="2" fromWho="0" sc="250,-39,299,0,201,39,250,0" /><INIT seed="2,0,0,3,3,94" ten="211,299,240,250" oya="2" hai0="64,112,72,9,66,65,34,51,31,110,54,21,86" hai1="91,29,113,130,47,78,4,27,118,44,49,56,106" hai2="11,2,96,63,132,5,85,77,93,82,28,117,17" hai3="98,19,57,116,26,32,24,108,68,73,122,0,46"/><V23/><F117/><W35/><G116/><T43/><D72/><U50/><E113/><V131/><F131/><W6/><G68/><T12/><D112/><U69/><E69/><V114/><F132/><W74/><G122/><T7/><D110/><U135/><E135/><V134/><F134/><W103/><G108/><T125/><D125/><U20/><E130/><V75/><F114/><W97/><G46/><T37/><D34/><U102/><E78/><V62/><F28/><W119/><G119/><T127/><D127/><U13/><E91/><V3/><F2/><W22/><G57/><T109/><D109/><U52/><E118/><V55/><F55/><W79/><G79/><T40/><D37/><U15/><E56/><V48/><F48/><W61/><G61/><T10/><D10/><U107/><E4/><V83/><F83/><W33/><G26/><N who="0" m="16847" /><D86/><U123/><E123/><V84/><F84/><W100/><G6/><T60/><D60/><U70/><E70/><V53/><F53/><W8/><G8/><T115/><D115/><U30/><E30/><V67/><F67/><N who="0" m="17154" /><T16/><DORA hai="89" /><D7/><U129/><E107/><V92/><F75/><W18/><G18/><T101/><D101/><U25/><E102/><V120/><F120/><W81/><G0/><T88/><D88/><U126/><E106/><V42/><F77/><W95/><REACH who="3" step="1"/><G81/><REACH who="3" ten="211,299,240,240" step="2"/><T1/><D1/><U121/><E121/><V128/><F82/><W58/><G58/><AGARI ba="0,1" hai="9,12,16,40,43,51,54,58" m="17154,16847" machi="58" ten="30,2000,0" yaku="8,1,54,1" doraHai="94,89" who="0" fromWho="3" sc="211,30,299,0,240,0,240,-20" /><INIT seed="3,0,0,2,1,14" ten="241,299,240,220" oya="3" hai0="12,72,123,121,27,44,24,117,124,79,21,67,108" hai1="75,18,101,31,39,37,111,42,36,61,116,97,52" hai2="59,135,29,83,82,87,130,56,74,55,119,64,132" hai3="25,134,57,41,78,99,49,110,38,133,0,17,102"/><W22/><G0/><T103/><D103/><U109/><E75/><V96/><F119/><W128/><G38/><T127/><D67/><U10/><E31/><V54/><F130/><W89/><G78/><T93/><D93/><U104/><E42/><V76/><F29/><W71/><G71/><T94/><D94/><U47/><E116/><V40/><F40/><W50/><G128/><T131/><D79/><U30/><E30/><V20/><F96/><W15/><G89/><T60/><D60/><U68/><E68/><V85/><F76/><W73/><G73/><T46/><D72/><U80/><E80/><V23/><F64/><W112/><G112/><T113/><D117/><U51/><E61/><V118/><F118/><W53/><G110/><T7/><D108/><N who="1" m="41547" /><E39/><V3/><F3/><W26/><G41/><T120/><D113/><U1/><E1/><V11/><F11/><W66/><G66/><T9/><D131/><U62/><E62/><V114/><REACH who="2" step="1"/><F74/><REACH who="2" ten="241,299,230,220" step="2"/><W122/><G122/><T33/><D123/><U13/><AGARI ba="0,1" hai="10,13,18,36,37,47,51,52,97,101,104" m="41547" machi="13" ten="30,4000,0" yaku="14,1,52,1,54,1" doraHai="14" who="1" fromWho="1" sc="241,-10,299,50,230,-10,220,-20" /><INIT seed="4,0,0,5,1,96" ten="231,349,220,200" oya="0" hai0="103,1,65,71,95,69,116,127,25,72,61,106,15" hai1="78,17,20,39,48,107,80,4,66,16,98,8,97" hai2="77,111,115,83,6,92,12,132,47,124,128,93,110" hai3="35,131,3,99,112,55,36,64,76,11,29,60,2"/><T86/><D116/><U84/><E39/><V22/><F115/><W100/><G112/><T102/><D1/><U0/><E66/><V121/><F121/><W94/><G131/><T14/><D72/><U27/><E48/><V68/><F68/><W134/><G134/><T108/><D106/><U24/><E107/><V117/><F47/><W135/><G135/><T53/><D127/><U28/><REACH who="1" step="1"/><E17/><REACH who="1" ten="231,339,220,200" step="2"/><V109/><F132/><W13/><G36/><T119/><D65/><U7/><E7/><V133/><F6/><W104/><G104/><T101/><D119/><U81/><E81/><V50/><F83/><W41/><G64/><T19/><D71/><U51/><E51/><V57/><F50/><W33/><G60/><T38/><D69/><U122/><E122/><V126/><F117/><W34/><G41/><T52/><D38/><U9/><E9/><V85/><F133/><W32/><G55/><N who="0" m="21067" /><D61/><U89/><E89/><V37/><F37/><W56/><G76/><T5/><D5/><U67/><E67/><V58/><F77/><W74/><G56/><T62/><D62/><U44/><E44/><V23/><F57/><W129/><G129/><T105/><D105/><U90/><E90/><V113/><F58/><W120/><G120/><T54/><D54/><U70/><E70/><V43/><F128/><W46/><G46/><T118/><D118/><U63/><E63/><V88/><F113/><W75/><G3/><T31/><D19/><U125/><E125/><V18/><F126/><W26/><G2/><T87/><D108/><N who="2" m="41578" /><F124/><W49/><G49/><T40/><D40/><RYUUKYOKU ba="0,1" sc="231,-15,339,15,220,-15,200,15" hai1="0,4,8,16,20,24,27,28,78,80,84,97,98" hai3="11,13,26,29,32,33,34,35,74,75,94,99,100" /><INIT seed="5,1,1,0,1,5" ten="216,354,205,215" oya="1" hai0="123,13,59,34,26,115,18,114,7,40,78,36,119" hai1="21,17,106,117,84,14,129,91,95,20,61,2,29" hai2="128,86,44,49,22,96,23,111,97,25,108,133,90" hai3="68,75,35,57,62,43,77,32,120,112,53,56,81"/><U113/><E117/><V88/><F128/><W19/><G120/><T63/><D119/><U46/><E129/><V55/><F133/><W118/><G118/><T89/><D123/><U39/><E2/><V41/><F111/><W70/><G43/><T102/><D102/><U38/><E113/><N who="0" m="43017" /><D78/><U69/><E106/><V82/><F108/><W130/><G112/><T132/><D132/><U99/><E46/><V107/><F107/><W9/><G130/><T124/><D124/><U64/><E29/><V24/><F90/><W72/><G72/><T71/><D71/><U45/><E21/><V66/><F66/><W0/><G57/><T51/><D36/><U30/><E30/><N who="2" m="17687" /><F55/><W67/><G70/><T48/><D40/><U127/><E127/><V125/><F125/><W8/><G0/><T11/><D89/><U94/><E45/><V10/><F10/><W134/><G134/><T33/><D7/><U98/><E98/><V6/><F6/><W12/><REACH who="3" step="1"/><G9/><REACH who="3" ten="216,354,205,205" step="2"/><T121/><D121/><U104/><E104/><V93/><F82/><W74/><G74/><T122/><D122/><U15/><E39/><V87/><F87/><W42/><G42/><T4/><D33/><U79/><E38/><V58/><F58/><W60/><AGARI ba="1,2" hai="8,12,19,32,35,53,56,60,62,67,68,75,77,81" machi="60" ten="20,5200,0" yaku="1,1,0,1,7,1,52,1,53,0" doraHai="5" doraHaiUra="126" who="3" fromWho="3" sc="216,-14,354,-27,205,-14,205,75" /><INIT seed="6,0,0,3,1,71" ten="202,327,191,280" oya="2" hai0="126,102,66,13,69,114,82,43,9,81,90,91,122" hai1="107,74,128,87,54,53,32,96,121,3,106,129,23" hai2="16,84,94,61,60,26,99,28,93,50,27,76,42" hai3="72,112,83,86,45,134,12,67,108,4,18,118,127"/><V70/><F70/><W97/><G118/><T31/><D122/><U124/><E32/><V19/><F42/><W52/><G108/><T62/><D114/><U75/><E3/><V63/><F50/><W110/><G110/><T109/><D109/><U11/><E11/><V59/><F59/><W38/><G72/><T88/><D126/><U29/><E87/><V103/><F27/><W95/><G67/><T49/><D102/><U123/><E96/><V125/><F125/><W5/><G127/><T0/><D0/><U135/><E124/><V119/><F119/><W56/><G112/><T33/><D31/><U34/><E34/><V68/><F68/><W116/><G116/><T22/><D22/><U133/><E23/><N who="2" m="15455" /><F93/><W20/><G134/><T55/><D43/><U100/><E29/><V104/><F104/><W130/><G130/><T37/><D37/><U115/><E100/><V131/><F131/><W132/><G38/><T73/><D73/><U48/><E48/><V2/><F2/><W101/><G45/><T58/><REACH who="0" step="1"/><D33/><REACH who="0" ten="192,327,191,280" step="2"/><U17/><E115/><V98/><F98/><W46/><G132/><T117/><D117/><U1/><E1/><V15/><F15/><W30/><G30/><T51/><D51/><U77/><E135/><V89/><F103/><W21/><G21/><T41/><D41/><U113/><E133/><V35/><F35/><W80/><G20/><T10/><D10/><U36/><E113/><V79/><F99/><W24/><G97/><T92/><D92/><U85/><E36/><V44/><F44/><W120/><G101/><T78/><D78/><AGARI ba="0,1" hai="16,19,60,61,63,76,78,79,84,89,94" m="15455" machi="78" ten="30,5800,0" yaku="6,1,8,1,54,1" doraHai="71" who="2" fromWho="0" sc="192,-58,327,0,191,68,280,0" /><INIT seed="6,1,0,5,4,106" ten="134,327,259,280" oya="2" hai0="36,60,16,50,57,85,44,112,127,69,131,18,75" hai1="94,77,2,74,3,62,46,65,8,95,105,118,96" hai2="129,108,126,1,78,22,42,84,29,45,111,30,17" hai3="72,52,117,81,79,109,53,120,110,135,63,4,54"/><V68/><F68/><W49/><G117/><T133/><D112/><U23/><E118/><V90/><F1/><W71/><G120/><T27/><D127/><U26/><E105/><V43/><F126/><W119/><G119/><T10/><D131/><U20/><E46/><V31/><F78/><W113/><G135/><T67/><D133/><U125/><E125/><V122/><F122/><W115/><G4/><T55/><D85/><U47/><E47/><V28/><N who="2" m="7168" /><DORA hai="82" /><V92/><F129/><W101/><G101/><T102/><D102/><U98/><E8/><V104/><F104/><W124/><G49/><T32/><D32/><U64/><E62/><V80/><F80/><W34/><G34/><T7/><D27/><U58/><E58/><V61/><F61/><W89/><G89/><T15/><REACH who="0" step="1"/><D75/><REACH who="0" ten="124,327,259,280" step="2"/><U70/><E26/><V56/><F111/><W5/><G124/><T107/><D107/><U51/><E77/><V37/><F108/><W134/><G134/><T76/><D76/><U21/><E74/><V9/><F84/><W86/><G86/><T6/><D6/><U97/><E70/><V103/><F103/><W40/><G5/><T48/><D48/><U24/><E51/><V83/><F90/><W59/><G109/><T39/><D39/><U14/><E24/><V93/><F37/><W13/><G110/><T88/><D88/><U121/><E121/><V12/><F42/><AGARI ba="1,1" hai="7,10,15,16,18,36,42,44,50,55,57,60,67,69" machi="42" ten="40,8000,1" yaku="1,1,24,2,54,1,53,0" doraHai="106,82" doraHaiUra="128,33" who="0" fromWho="2" sc="124,93,327,0,259,-83,280,0" /><INIT seed="7,0,0,3,5,86" ten="217,327,176,280" oya="3" hai0="74,102,98,5,34,61,37,131,112,4,109,117,94" hai1="53,15,25,103,115,40,43,90,12,31,20,66,106" hai2="80,57,13,105,87,126,75,132,10,135,64,70,49" hai3="44,22,121,41,118,130,33,0,134,42,50,107,63"/><W67/><G107/><T2/><D117/><U46/><E115/><V23/><F105/><W48/><G33/><T100/><D109/><U52/><E106/><V104/><F104/><W120/><G0/><T124/><D37/><U32/><E103/><V38/><F75/><W18/><G118/><T127/><D74/><U65/><E32/><V54/><F126/><N who="0" m="48170" /><D34/><U14/><E90/><V125/><F125/><W72/><G72/><T28/><D28/><U89/><E89/><V101/><F101/><W8/><G8/><N who="0" m="2071" /><D5/><U51/><E53/><V93/><F38/><W1/><G1/><T11/><D11/><U9/><E9/><V71/><F23/><W97/><G97/><T16/><D112/><U111/><E111/><V122/><F93/><W60/><G134/><T76/><D76/><U7/><E7/><V123/><F64/><AGARI ba="0,0" hai="12,14,15,20,25,31,40,43,46,51,52,64,65,66" machi="64" ten="40,2600,0" yaku="8,1,54,1" doraHai="86" who="1" fromWho="2" sc="217,0,327,26,176,-26,280,0" owari="217,-18.3,353,45.3,150,-35.0,280,8.0" /></mjloggm>