<mjloggm ver="2.3"><GO type="169" lobby="0"/><UN n0="%E3%83%9E%E3%83%9E%E3%83%AC%E3%83%BC%E3%83%89%E7%94%B7" n1="%43%68%65" n2="%E9%9B%B2%E3%81%AE%E3%83%95%E3%83%89%E3%82%A6" n3="%E3%83%A2%E3%82%A4%E3%83%92%E3%83%A3%E3%83%B3" dan="16,16,16,17" rate="2036.53,2080.52,2082.35,2149.01" sx="M,M,M,M"/><TAIKYOKU oya="0"/><INIT seed="0,0,0,5,1,13" ten="250,250,250,250" oya="0" hai0="116,133,1,134,127,62,19,32,95,12,97,53,74" hai1="67,43,75,27,132,61,94,36,55,108,120,111,46" hai2="38,23,112,88,119,44,60,135,106,9,130,18,103" hai3="7,126,104,89,102,58,16,84,76,131,118,70,64"/><T114/><D74/><U24/><E75/><V54/><F112/><W99/><G118/><T40/><D114/><U14/><E120/><V3/><F119/><W105/><G131/><T49/><D1/><U52/><E94/><V45/><F130/><W73/><G126/><T100/><D116/><U125/><E14/><V96/><F135/><W81/><G70/><T85/><D32/><U11/><E11/><V98/><F38/><W113/><G7/><T57/><D127/><U71/><E125/><V20/><F20/><W21/><G113/><T0/><D0/><U101/><E101/><V8/><F3/><W90/><G105/><T123/><D123/><U87/><E87/><V80/><F45/><W26/><REACH who="3" step="1"/><G73/><REACH who="3" ten="250,250,250,240" step="2"/><T93/><D133/><U82/><E132/><V121/><F121/><W31/><G31/><T128/><D128/><U17/><E71/><V29/><F29/><W50/><G50/><T37/><D134/><U34/><E36/><V79/><F60/><AGARI ba="0,1" hai="16,21,26,58,60,64,76,81,84,89,90,99,102,104" machi="60" ten="40,5200,0" yaku="1,1,52,1,54,1,53,0" doraHai="13" doraHaiUra="28" who="3" fromWho="2" sc="250,0,250,0,250,-52,240,62" /><INIT seed="1,0,0,5,3,42" ten="250,250,198,302" oya="1" hai0="31,17,38,27,48,108,4,128,14,102,26,91,57" hai1="120,41,110,50,131,66,129,121,94,117,76,67,81" hai2="52,2,107,20,1,103,32,5,75,7,83,44,3" hai3="29,130,33,133,63,106,37,68,74,109,55,72,54"/><U126/><E94/><V16/><F32/><W19/><G106/><T113/><D38/><U53/><E41/><V115/><F115/><W18/><G37/><T22/><D113/><U85/><E117/><V34/><F34/><W51/><G74/><T6/><D108/><U99/><E99/><V13/><F103/><W23/><G72/><T98/><D128/><N who="1" m="49227" /><E126/><V82/><F107/><W12/><G109/><T101/><D91/><U11/><E11/><V90/><F90/><W114/><G114/><T89/><D89/><U9/><E9/><V36/><F36/><W39/><G39/><T35/><D27/><U59/><E110/><V8/><F82/><W87/><G130/><T25/><D101/><U69/><E69/><V84/><F75/><W123/><G68/><T125/><D125/><U134/><E134/><V93/><F93/><W111/><G133/><T46/><D57/><U80/><E80/><V86/><F83/><W10/><G10/><T15/><D26/><U92/><E92/><V47/><F47/><W124/><G124/><T104/><REACH who="0" step="1"/><D15/><REACH who="0" ten="240,250,198,302" step="2"/><U116/><E116/><V56/><F56/><W0/><G12/><T24/><D24/><U45/><E59/><V127/><F127/><W28/><G111/><T21/><D21/><U105/><E105/><V119/><F119/><W97/><G23/><T95/><D95/><U58/><E58/><V62/><F20/><W132/><G33/><T88/><D88/><U112/><E112/><V71/><F71/><W96/><G132/><T30/><D30/><U73/><E73/><V122/><F13/><W49/><G29/><RYUUKYOKU ba="0,1" sc="240,15,250,15,198,-15,302,-15" hai0="4,6,14,17,22,25,31,35,46,48,98,102,104" hai1="45,50,53,66,67,76,81,85,120,121" /><INIT seed="1,1,1,4,4,103" ten="255,265,183,287" oya="1" hai0="26,92,69,88,6,73,30,63,108,60,58,121,98" hai1="14,36,131,83,72,48,89,39,123,129,90,53,105" hai2="66,65,28,61,93,84,135,7,78,118,117,79,20" hai3="76,75,25,134,38,40,12,110,87,106,127,81,47"/><U57/><E123/><V107/><F135/><W43/><G134/><T19/><D73/><U1/><E1/><V132/><F132/><W115/><G115/><T56/><D108/><U80/><E14/><V95/><F7/><W96/><G110/><T62/><D121/><U91/><E105/><V55/><F55/><W33/><G127/><T125/><D125/><U51/><E51/><V112/><F112/><W86/><G43/><T17/><D6/><U102/><E102/><V50/><F50/><W31/><G106/><T45/><D45/><U54/><E54/><V59/><F107/><W126/><G126/><T85/><D69/><U9/><E9/><V133/><F133/><W18/><REACH who="3" step="1"/><G96/><REACH who="3" ten="255,265,183,277" step="2"/><T13/><D98/><U116/><E116/><V21/><F117/><W64/><G64/><T5/><D5/><U0/><E0/><V77/><F118/><W15/><G15/><T68/><D68/><U119/><E119/><V44/><F66/><W71/><G71/><T109/><D109/><U70/><E70/><V130/><F130/><N who="1" m="49673" /><E72/><V42/><F84/><W97/><G97/><T29/><D13/><U111/><E111/><V22/><F28/><W122/><G122/><T11/><D30/><U24/><E24/><V99/><F99/><W37/><G37/><AGARI ba="1,2" hai="36,37,39,48,53,57,80,83,89,90,91" m="49673" machi="37" ten="40,2000,0" yaku="19,1" doraHai="103" who="1" fromWho="3" sc="255,0,265,43,183,0,277,-23" /><INIT seed="1,2,0,1,2,117" ten="255,308,183,254" oya="1" hai0="5,73,24,89,63,99,135,90,9,79,105,15,34" hai1="54,111,22,45,52,33,134,77,128,8,92,46,95" hai2="48,85,84,104,93,41,68,119,124,98,67,71,11" hai3="13,7,65,130,16,64,47,42,96,81,76,108,18"/><U14/><E33/><V40/><F119/><W118/><G118/><T37/><D37/><U31/><E77/><V88/><F124/><W115/><G115/><T0/><D135/><U101/><E134/><V70/><F67/><W28/><G7/><T39/><D39/><U129/><E22/><V29/><F104/><W35/><G108/><T61/><D73/><U121/><E31/><V72/><F72/><W3/><G3/><T126/><D79/><U25/><E25/><V125/><F125/><W87/><G96/><T53/><D105/><U131/><E111/><V109/><F109/><W36/><G18/><T107/><D107/><U38/><E121/><V102/><F29/><W133/><G130/><T1/><D24/><U17/><E101/><V69/><N who="2" m="17408" /><DORA hai="132" /><V43/><F11/><W50/><G36/><T114/><D99/><U49/><E38/><V110/><F110/><W106/><G106/><T55/><D9/><U59/><REACH who="1" step="1"/><E45/><REACH who="1" ten="255,298,183,254" step="2"/><V120/><F120/><W75/><G133/><T74/><D34/><U86/><E86/><V12/><F102/><W23/><G87/><T57/><D74/><U103/><E103/><V116/><F116/><W58/><G35/><T80/><D126/><U6/><E6/><V94/><F85/><W44/><G28/><T19/><D5/><U30/><E30/><V82/><F98/><W56/><G47/><T127/><D127/><U60/><AGARI ba="2,1" hai="8,14,17,46,49,52,54,59,60,92,95,128,129,131" machi="60" ten="30,12000,1" yaku="1,1,0,1,19,1,54,1,53,1" doraHai="117,132" doraHaiUra="4,78" who="1" fromWho="1" sc="255,-42,298,136,183,-42,254,-42" /><INIT seed="1,3,0,4,3,95" ten="213,434,141,212" oya="1" hai0="94,89,61,44,38,124,125,128,96,78,26,126,82" hai1="101,122,31,43,49,18,104,33,69,47,15,91,121" hai2="58,63,46,66,105,81,2,55,93,132,57,59,53" hai3="108,129,97,88,119,10,123,83,14,16,109,41,1"/><U131/><E69/><V100/><F132/><W70/><G123/><T25/><D128/><U13/><E131/><V62/><F2/><W52/><G129/><T110/><D110/><N who="3" m="42601" /><G70/><T42/><REACH who="0" step="1"/><D61/><REACH who="0" ten="203,434,141,212" step="2"/><U48/><E122/><V92/><F46/><W34/><G119/><T75/><AGARI ba="3,1" hai="25,26,38,42,44,75,78,82,89,94,96,124,125,126" machi="75" ten="30,12000,2" yaku="1,1,2,1,0,1,18,1,52,1,53,1" doraHai="95" doraHaiUra="79" who="0" fromWho="0" sc="203,139,434,-63,141,-33,212,-33" /><INIT seed="2,0,0,2,0,130" ten="342,371,108,179" oya="2" hai0="9,91,76,49,18,120,82,132,64,106,80,41,74" hai1="61,105,127,19,126,98,63,96,69,47,90,94,7" hai2="8,48,13,28,60,134,40,24,20,125,35,33,89" hai3="15,39,93,46,58,104,32,12,110,117,11,131,77"/><V26/><F134/><W133/><G104/><T1/><D120/><U44/><E7/><V54/><F125/><N who="1" m="47625" /><E19/><V92/><F40/><W31/><G117/><T108/><D106/><U68/><E63/><V21/><F60/><W43/><G131/><T14/><D108/><U0/><E0/><V70/><F70/><N who="1" m="27241" /><E61/><V122/><F122/><W52/><G110/><T100/><D132/><U119/><E119/><V23/><F23/><W67/><G133/><T107/><D100/><AGARI ba="0,0" hai="44,47,90,94,96,98,100,105" m="27241,47625" machi="100" ten="30,1000,0" yaku="18,1" doraHai="130" who="1" fromWho="0" sc="342,-10,371,10,108,0,179,0" /><INIT seed="3,0,0,4,3,88" ten="332,381,108,179" oya="3" hai0="107,85,3,40,116,42,75,119,77,29,129,82,57" hai1="52,0,105,95,90,61,21,46,62,45,17,126,93" hai2="67,25,28,9,12,130,63,18,100,123,55,43,128" hai3="74,65,56,104,68,92,38,23,26,131,36,33,112"/><W50/><G104/><T101/><D3/><U59/><E105/><V103/><F123/><W132/><G112/><T83/><D29/><U81/><E126/><V89/><F43/><W15/><G74/><T115/><D57/><N who="1" m="34983" /><E0/><V13/><F55/><W44/><G132/><T120/><D42/><U31/><E31/><V127/><F127/><W16/><G131/><T106/><D40/><U53/><E81/><V96/><F13/><W125/><G125/><T114/><D120/><U60/><E60/><V118/><F118/><W11/><G68/><T99/><D107/><U34/><E34/><V64/><F64/><W78/><G78/><T47/><D47/><N who="1" m="17931" /><E90/><V102/><F89/><W84/><G33/><T87/><D129/><U98/><E98/><V30/><F30/><W58/><G38/><T71/><D71/><U108/><BYE who="0" /><E108/><V94/><F128/><W117/><G36/><T35/><D35/><U110/><E110/><V72/><F72/><W5/><G65/><T4/><D4/><U80/><E80/><V76/><F76/><W121/><G121/><T6/><D6/><U24/><AGARI ba="0,0" hai="17,21,24,53,59,62,93,95" m="17931,34983" machi="24" ten="30,7900,0" yaku="8,1,52,2,54,1" doraHai="88" who="1" fromWho="1" sc="332,-20,381,79,108,-20,179,-39" /><INIT seed="4,0,0,1,3,95" ten="312,460,88,140" oya="0" hai0="46,59,48,27,0,97,112,77,108,65,43,127,17" hai1="37,126,103,11,75,23,60,83,9,64,55,24,39" hai2="28,130,3,44,18,47,94,116,78,93,89,1,5" hai3="29,52,4,92,25,109,117,42,118,131,70,90,14"/><T50/><D50/><U99/><E126/><V20/><F130/><W132/><G131/><T101/><D101/><U58/><E39/><V61/><F116/><UN n0="%E3%83%9E%E3%83%9E%E3%83%AC%E3%83%BC%E3%83%89%E7%94%B7" /><W36/><G70/><T71/><D108/><U125/><E37/><V88/><F78/><W114/><G109/><T98/><D0/><U73/><E125/><V72/><F72/><W87/><G132/><T113/><D127/><U135/><E135/><V35/><F61/><W85/><G114/><N who="0" m="44139" /><D77/><U86/><E55/><V120/><F120/><W105/><G105/><T96/><D17/><U133/><E75/><V129/><F129/><W128/><G128/><T110/><D110/><U51/><E51/><V121/><F121/><W119/><G42/><T76/><D76/><U30/><E73/><V69/><F69/><W7/><G36/><T81/><D81/><U15/><E15/><V31/><F18/><W68/><G68/><T84/><D84/><U80/><E80/><V63/><F63/><W19/><G87/><T66/><D71/><U104/><E133/><V33/><REACH who="2" step="1"/><F20/><REACH who="2" ten="312,460,78,140" step="2"/><W107/><G19/><T54/><D66/><U74/><E74/><V12/><F12/><W115/><G115/><T124/><D124/><U82/><E82/><V122/><F122/><W13/><G13/><T22/><D65/><U79/><AGARI ba="0,1" hai="9,11,23,24,30,58,60,64,79,83,86,99,103,104" machi="79" ten="20,2700,0" yaku="0,1,7,1,52,1" doraHai="95" who="1" fromWho="1" sc="312,-13,460,37,78,-7,140,-7" /><INIT seed="5,0,0,5,5,15" ten="299,497,71,133" oya="1" hai0="38,6,35,134,107,65,115,12,61,45,7,71,124" hai1="102,13,117,95,72,91,28,113,89,40,53,23,86" hai2="109,54,24,50,110,17,1,25,0,5,75,135,81" hai3="31,85,59,27,21,133,47,67,52,116,96,111,84"/><U18/><E117/><V123/><F123/><W62/><G111/><T64/><D35/><U60/><E72/><V76/><F135/><W78/><G133/><T121/><D107/><U94/><E113/><V20/><F25/><W55/><G116/><T68/><D115/><U108/><E40/><V112/><F112/><W106/><G106/><T93/><D134/><U92/><E108/><V9/><REACH who="2" step="1"/><F1/><REACH who="2" ten="299,497,61,133" step="2"/><W44/><G78/><T57/><D121/><U49/><E28/><V37/><F37/><W104/><G104/><T132/><D132/><U46/><E102/><V122/><F122/><W36/><G36/><T77/><D38/><U79/><E60/><V99/><F99/><W87/><REACH who="3" step="1"/><G96/><REACH who="3" ten="299,497,61,123" step="2"/><T128/><D77/><U73/><E79/><V63/><F63/><W22/><G22/><T74/><D61/><U29/><E23/><V126/><F126/><W32/><G32/><T131/><D124/><U119/><E119/><V88/><F88/><W90/><G90/><T2/><D2/><U100/><E91/><V16/><F16/><W10/><G10/><T129/><D128/><U82/><E89/><V11/><F11/><W80/><G80/><T56/><D129/><U130/><E82/><V98/><F98/><W14/><G14/><T114/><D12/><U8/><E13/><V4/><F4/><W127/><G127/><T66/><D7/><U19/><E19/><V83/><F83/><W58/><G58/><AGARI ba="0,2" hai="0,5,9,17,20,24,50,54,58,75,76,81,109,110" machi="58" ten="30,7700,0" yaku="1,1,7,1,52,1,53,1" doraHai="15" doraHaiUra="51" who="2" fromWho="3" sc="299,0,497,0,61,97,123,-77" /><INIT seed="6,0,0,3,1,85" ten="299,497,158,46" oya="2" hai0="65,62,71,16,60,55,129,14,119,23,77,89,50" hai1="109,116,18,130,22,83,121,36,26,134,117,45,58" hai2="10,21,68,30,80,53,70,135,108,99,124,15,3" hai3="110,28,103,115,69,97,41,132,7,120,92,33,102"/><V86/><F135/><W76/><G120/><T105/><D129/><U39/><E109/><V13/><F124/><W42/><G110/><T78/><D119/><U61/><E130/><V4/><F108/><W125/><G132/><T133/><D105/><U67/><E121/><V106/><F53/><W79/><G69/><T111/><D111/><U113/><E113/><V49/><F49/><W75/><G125/><T29/><D62/><U123/><E123/><V44/><F44/><W27/><G115/><T114/><D114/><U40/><E134/><V9/><F3/><W96/><G7/><T90/><D29/><U5/><E39/><V63/><F63/><W37/><G37/><T81/><D78/><U24/><E5/><V88/><F30/><W91/><G103/><T104/><D104/><U51/><E26/><V46/><F46/><W98/><G98/><T127/><D127/><U52/><E83/><V0/><F21/><W64/><G64/><T12/><D12/><U126/><E126/><V59/><F59/><AGARI ba="0,0" hai="18,22,24,36,40,45,51,52,58,59,61,67,116,117" machi="59" ten="30,2000,0" yaku="7,1,54,1" doraHai="85" who="1" fromWho="2" sc="299,0,497,20,158,-20,46,0" /><INIT seed="7,0,0,3,0,133" ten="299,517,138,46" oya="3" hai0="56,131,101,84,83,41,22,132,125,85,79,31,4" hai1="21,2,48,127,8,87,89,134,20,73,50,51,111" hai2="105,61,67,97,103,69,126,115,82,34,3,109,104" hai3="98,25,55,123,64,72,130,117,76,27,77,11,120"/><W40/><G117/><T135/><D125/><U65/><E127/><V12/><F126/><W96/><G40/><T129/><D4/><U18/><E73/><V38/><F12/><W13/><G64/><T99/><D41/><U0/><E111/><V121/><F121/><W108/><G108/><T71/><D71/><U66/><E134/><N who="0" m="51241" /><D56/><U49/><E2/><V100/><F109/><W35/><G130/><T36/><D36/><U43/><E0/><V23/><F23/><W75/><G13/><T88/><D22/><U102/><E102/><V119/><F119/><W92/><G92/><N who="0" m="54279" /><D31/><U91/><E91/><V26/><F115/><W60/><G60/><T7/><D7/><U118/><E118/><V6/><F82/><W46/><G46/><T9/><D9/><U124/><E8/><V113/><F113/><W86/><G86/><T1/><D1/><U58/><E124/><V122/><F122/><W74/><G11/><T57/><D57/><U63/><E66/><V47/><F6/><W30/><G55/><T32/><D32/><U17/><E21/><V110/><F3/><W107/><G107/><AGARI ba="0,0" hai="79,83,85,99,101,107,129,131" m="54279,51241" machi="107" ten="30,7700,0" yaku="20,1,34,2,54,1" doraHai="133" who="0" fromWho="3" sc="299,77,517,0,138,0,46,-77" owari="376,17.6,517,61.7,138,-26.2,-31,-53.1" /></mjloggm>