<mjloggm ver="2.3"><GO type="169" lobby="0"/><UN n0="%E3%81%86%E3%81%98%E3%81%93" n1="%43%55%4B%45%59" n2="%E4%B8%80%E7%95%AA%E3%81%84%E3%81%A1%E3%81%B0%E3%82%93" n3="%E4%B9%9D%E5%B0%BE%E3%81%AE%E3%83%8D%E3%82%B3" dan="16,16,16,16" rate="2093.21,2145.49,2085.32,2047.60" sx="M,M,F,M"/><TAIKYOKU oya="0"/><INIT seed="0,0,0,4,0,66" ten="250,250,250,250" oya="0" hai0="5,41,101,32,45,77,89,119,113,133,103,28,105" hai1="38,131,78,88,16,86,15,97,61,4,3,26,128" hai2="55,111,96,109,134,44,24,100,13,20,75,36,23" hai3="132,60,127,90,35,0,43,30,130,87,10,84,94"/><T27/><D119/><U51/><E38/><V58/><F75/><W57/><G130/><N who="1" m="49706" /><E78/><V8/><F134/><W49/><G132/><T11/><D113/><U25/><E97/><V76/><F76/><W31/><G127/><T121/><D121/><U91/><E51/><V65/><F36/><W40/><G35/><T83/><D89/><N who="1" m="34379" /><E86/><V126/><F126/><W123/><G123/><T29/><D29/><U18/><E61/><V67/><F44/><W22/><G87/><T6/><D133/><U21/><E18/><V7/><F111/><W95/><G95/><T48/><D5/><U92/><E92/><N who="2" m="58375" /><F109/><W82/><G94/><T125/><D105/><U122/><E122/><V53/><F53/><W68/><G49/><T114/><D114/><U70/><E70/><V14/><F67/><W81/><G81/><T124/><D125/><U135/><E135/><V129/><F65/><W80/><G80/><T59/><D59/><U17/><E17/><V2/><F129/><W46/><G82/><T33/><D124/><U107/><E107/><V79/><F79/><W112/><G57/><T42/><D42/><U98/><E98/><V118/><F58/><W99/><G112/><T104/><D104/><U63/><E63/><V54/><F55/><W72/><G60/><T47/><D47/><U106/><E106/><V64/><F54/><W50/><G46/><T73/><REACH who="0" step="1"/><D33/><REACH who="0" ten="240,250,250,250" step="2"/><U108/><E108/><V37/><F118/><W74/><G43/><T52/><D52/><U71/><E71/><V39/><F64/><W69/><G40/><T12/><AGARI ba="0,1" hai="6,11,12,27,28,32,41,45,48,73,77,83,101,103" machi="12" ten="20,3900,0" yaku="1,1,0,1,7,1,53,0" doraHai="66" doraHaiUra="62" who="0" fromWho="0" sc="240,49,250,-13,250,-13,250,-13" /><INIT seed="0,1,0,0,0,92" ten="289,237,237,237" oya="0" hai0="40,16,85,117,37,20,98,97,44,42,101,72,56" hai1="91,100,68,59,1,9,114,94,28,41,63,53,106" hai2="43,15,60,134,22,30,127,67,71,18,120,99,66" hai3="95,104,103,54,124,76,86,14,50,6,112,83,48"/><T125/><D72/><U4/><E114/><V8/><F120/><W51/><G112/><T87/><D117/><U82/><E82/><V69/><F134/><W133/><G133/><T12/><D125/><U80/><E80/><V130/><F130/><W111/><G111/><T77/><D40/><U21/><E41/><V0/><F43/><W88/><G124/><T115/><D115/><U84/><E68/><V31/><F127/><W90/><G104/><T52/><D77/><U7/><E7/><V102/><F0/><W36/><G36/><T81/><D81/><U57/><E57/><V24/><F67/><W26/><G26/><T23/><D23/><U109/><E109/><V3/><F3/><W78/><G103/><T116/><D116/><U61/><E21/><V5/><REACH who="2" step="1"/><F71/><REACH who="2" ten="289,237,227,237" step="2"/><W110/><G110/><T64/><D64/><U33/><E1/><V46/><F46/><W62/><G54/><T73/><D73/><U118/><E53/><V10/><F10/><N who="3" m="4439" /><G62/><T38/><D38/><U107/><E63/><V45/><F45/><W122/><G122/><T119/><D119/><U2/><E61/><V25/><F25/><W49/><N who="3" m="12288" /><DORA hai="75" /><W55/><G55/><T128/><D128/><U121/><E121/><V129/><F129/><W132/><G132/><T123/><D123/><U13/><E118/><V34/><F34/><W17/><G17/><T135/><D135/><U79/><E2/><V47/><F47/><W29/><G29/><T32/><D32/><U108/><E108/><V35/><F35/><W131/><G131/><T11/><D44/><U70/><E33/><RYUUKYOKU ba="1,1" sc="289,-15,237,-15,227,15,237,15" hai2="5,8,15,18,22,24,30,31,60,66,69,99,102" hai3="76,78,83,86,88,90,95" /><INIT seed="1,2,1,4,1,125" ten="274,222,242,252" oya="1" hai0="135,52,116,29,3,58,0,50,35,110,44,102,131" hai1="100,93,122,117,14,65,95,5,71,30,63,104,42" hai2="130,89,132,60,43,106,38,48,113,92,34,115,134" hai3="19,79,88,99,16,84,77,72,21,91,101,26,10"/><U41/><E122/><V7/><F106/><W11/><G72/><T20/><D110/><U49/><E117/><V112/><F34/><W80/><G91/><T39/><D116/><U51/><E93/><V66/><F7/><W27/><G11/><T129/><D135/><N who="2" m="51754" /><F38/><W87/><G87/><T86/><D35/><U124/><E95/><V119/><F119/><W47/><G47/><T114/><D114/><U123/><E123/><V32/><F32/><W127/><G127/><T36/><D102/><U4/><E124/><V62/><F43/><W56/><G56/><T18/><D29/><U94/><E94/><V24/><F48/><W126/><G126/><T46/><D86/><U73/><E51/><V67/><F24/><W68/><G68/><T31/><D31/><U105/><E49/><V85/><F130/><N who="0" m="49674" /><D44/><U82/><E30/><V37/><F37/><N who="0" m="14410" /><D46/><U59/><E42/><V111/><F111/><W97/><G97/><T12/><AGARI ba="2,1" hai="0,3,12,18,20,50,52,58" m="14410,49674" machi="12" ten="30,8000,1" yaku="19,1,52,3,54,1" doraHai="125" who="0" fromWho="0" sc="274,96,222,-42,242,-22,252,-22" /><INIT seed="2,0,0,1,5,135" ten="370,180,220,230" oya="2" hai0="103,9,52,111,117,130,23,74,127,105,65,27,55" hai1="63,95,62,77,34,78,19,85,86,106,40,70,13" hai2="33,43,49,61,35,22,64,115,51,123,76,37,133" hai3="58,5,8,97,108,46,134,119,88,100,30,79,10"/><V42/><F115/><W45/><G119/><T121/><D65/><U96/><E34/><V56/><F123/><W60/><G108/><T89/><D9/><U81/><E106/><V38/><F76/><W92/><G134/><T39/><D89/><U84/><E40/><N who="2" m="15403" /><F22/><W32/><G79/><N who="1" m="30218" /><E70/><N who="2" m="42255" /><F33/><W94/><G32/><T113/><D55/><U16/><E81/><V125/><F35/><W2/><G10/><T20/><D52/><U131/><E131/><V29/><F29/><W80/><G80/><T120/><D20/><N who="1" m="11279" /><E19/><V116/><F116/><W7/><G7/><T48/><D23/><U75/><E75/><V69/><F69/><W98/><REACH who="3" step="1"/><G30/><REACH who="3" ten="370,180,220,220" step="2"/><T93/><D117/><U36/><E36/><N who="2" m="13931" /><F133/><W12/><G12/><T53/><D113/><U102/><AGARI ba="0,1" hai="62,63,84,85,86,95,96,102" m="11279,30218" machi="102" ten="30,2000,0" yaku="8,1,54,1" doraHai="135" who="1" fromWho="1" sc="370,-5,180,30,220,-10,220,-5" /><INIT seed="3,0,0,3,4,2" ten="365,210,210,215" oya="3" hai0="27,113,9,109,73,116,97,72,105,5,79,71,78" hai1="51,89,10,25,128,41,11,87,110,37,85,7,83" hai2="14,106,88,133,111,13,126,119,74,57,127,99,31" hai3="131,19,50,135,0,53,49,44,77,104,18,30,40"/><W52/><G104/><T28/><D113/><U24/><E110/><V42/><F119/><W60/><G131/><T96/><D116/><U76/><E37/><V17/><F111/><W65/><G135/><T100/><D71/><U108/><E128/><V103/><F74/><W48/><G0/><T55/><D55/><U123/><E11/><V62/><F133/><W43/><G30/><T15/><D96/><U20/><E123/><V26/><F42/><W80/><G43/><T117/><D117/><U94/><E108/><V129/><F129/><W21/><G19/><T75/><REACH who="0" step="1"/><D109/><REACH who="0" ten="355,210,210,215" step="2"/><U115/><E115/><V45/><F99/><W63/><G40/><T36/><D36/><U70/><E70/><V122/><F122/><W16/><G65/><T134/><D134/><U93/><E41/><V82/><F126/><W33/><G33/><AGARI ba="0,1" hai="5,9,15,27,28,33,72,73,75,78,79,97,100,105" machi="33" ten="40,5200,0" yaku="1,1,52,1,53,1" doraHai="2" doraHaiUra="92" who="0" fromWho="3" sc="355,62,210,0,210,0,215,-52" /><INIT seed="4,0,0,2,0,126" ten="417,210,210,163" oya="0" hai0="21,81,10,112,30,67,100,132,69,5,28,44,128" hai1="45,85,24,110,95,1,14,104,60,43,71,2,125" hai2="25,48,111,70,65,134,53,61,59,94,19,87,97" hai3="92,17,20,49,135,9,46,11,50,84,26,80,18"/><T13/><D112/><U130/><E104/><V90/><F111/><W34/><G34/><T122/><D122/><U0/><E125/><V88/><F134/><W41/><G135/><T133/><D100/><U15/><E110/><V127/><F127/><W42/><G92/><T35/><D81/><U39/><E24/><V52/><F25/><W120/><G120/><T33/><D44/><U74/><E85/><V55/><REACH who="2" step="1"/><F19/><REACH who="2" ten="417,210,200,163" step="2"/><W66/><G18/><T40/><D40/><U115/><E115/><V129/><F129/><W79/><G42/><T16/><D128/><U99/><E130/><V73/><F73/><W32/><G32/><T119/><D133/><U62/><E74/><V93/><AGARI ba="0,1" hai="48,52,53,55,59,61,65,70,87,88,90,93,94,97" machi="93" ten="20,8000,1" yaku="1,1,0,1,7,1,54,2,53,0" doraHai="126" doraHaiUra="96" who="2" fromWho="2" sc="417,-40,210,-20,200,90,163,-20" /><INIT seed="5,0,0,2,1,19" ten="377,190,290,143" oya="1" hai0="59,123,23,30,11,70,135,126,87,45,26,80,32" hai1="37,69,1,46,54,124,62,66,50,25,44,71,79" hai2="27,65,94,0,31,89,130,17,10,131,86,52,60" hai3="68,63,117,109,121,13,53,118,64,132,111,78,57"/><U48/><E79/><V75/><F75/><W112/><G78/><T24/><D135/><U72/><E72/><V22/><F0/><W120/><G13/><T9/><D70/><N who="1" m="42327" /><E1/><V76/><F76/><W35/><G35/><T102/><D102/><U4/><E4/><V5/><F5/><W15/><G15/><T12/><D9/><U28/><E25/><V29/><F10/><W39/><G39/><T84/><D84/><U91/><E28/><V51/><F131/><W47/><G132/><T81/><D80/><U92/><E91/><V125/><F125/><W58/><G47/><N who="1" m="17962" /><E92/><V67/><F130/><W36/><G36/><T83/><D83/><U82/><E82/><V101/><F101/><W8/><G8/><T106/><D106/><U93/><E93/><V119/><F119/><N who="3" m="45579" /><G68/><N who="1" m="26186" /><E37/><V115/><F31/><W43/><G43/><T88/><D12/><U103/><E103/><V122/><F29/><W97/><G97/><T108/><D11/><U104/><E104/><V3/><F3/><W6/><G6/><T85/><D26/><U38/><E38/><V16/><F27/><W98/><G98/><T77/><D32/><U74/><E74/><V99/><F99/><W40/><G40/><T96/><D96/><U33/><E33/><V134/><F134/><W7/><G7/><T56/><D30/><U14/><E124/><V20/><F86/><W129/><G129/><T42/><D87/><U21/><E54/><V18/><F52/><W113/><G53/><T100/><D126/><U133/><E133/><V49/><F94/><W114/><G58/><T41/><D24/><RYUUKYOKU ba="0,0" sc="377,-15,190,15,290,-15,143,15" hai1="14,21,48,50" hai3="57,63,64,109,111,112,113,114,120,121" /><INIT seed="5,1,0,5,4,26" ten="362,205,275,158" oya="1" hai0="124,24,83,120,134,11,39,54,15,59,118,108,32" hai1="100,18,107,123,88,127,36,109,12,70,8,101,45" hai2="29,104,16,60,57,125,80,79,28,41,69,96,14" hai3="106,130,31,27,43,6,110,34,30,94,71,84,72"/><U77/><E123/><V4/><F125/><W91/><G110/><T102/><D39/><U116/><E116/><V50/><F69/><W85/><G130/><T115/><D108/><U44/><E109/><V65/><F4/><W22/><G71/><T126/><D118/><U2/><E107/><V58/><F104/><W76/><G106/><T112/><D120/><U62/><E77/><V74/><F96/><W133/><G133/><T3/><D102/><U78/><E78/><V0/><F0/><W113/><G113/><N who="0" m="43595" /><D83/><U9/><E36/><V86/><F74/><W122/><G122/><T114/><D114/><U95/><E127/><V93/><F93/><W89/><G43/><T35/><D3/><U51/><E62/><V21/><F41/><W20/><G6/><N who="0" m="3575" /><D134/><U42/><E70/><V135/><F135/><W132/><G132/><T19/><D35/><U37/><E8/><V48/><F48/><W81/><REACH who="3" step="1"/><G31/><REACH who="3" ten="362,205,275,148" step="2"/><N who="0" m="19559" /><D19/><U117/><E117/><V61/><F50/><AGARI ba="1,1" hai="50,54,59,124,126" m="19559,3575,43595" machi="50" ten="30,2000,0" yaku="15,1,52,1" doraHai="26" who="0" fromWho="2" sc="362,33,205,0,275,-23,148,0" /><INIT seed="6,0,0,5,4,29" ten="395,205,252,148" oya="2" hai0="61,48,5,91,103,60,115,133,13,116,21,12,105" hai1="1,54,79,106,76,23,63,125,7,112,45,50,107" hai2="14,34,6,114,18,121,57,94,53,70,120,52,66" hai3="8,38,102,41,47,80,97,35,25,135,123,96,104"/><V40/><F114/><W122/><G135/><T37/><D37/><U100/><E112/><V129/><F129/><W28/><G97/><T17/><D103/><U87/><E125/><V39/><F6/><W71/><G80/><T72/><D105/><U119/><E119/><V30/><F53/><W36/><G36/><T24/><D72/><U16/><E1/><V118/><F118/><W74/><G74/><T127/><D127/><U26/><E7/><V130/><F130/><W86/><G86/><T49/><D49/><U65/><E87/><V124/><F124/><W44/><G44/><T111/><D133/><U19/><E19/><V84/><F66/><W85/><G85/><T58/><D48/><U98/><REACH who="1" step="1"/><E107/><REACH who="1" ten="395,195,252,148" step="2"/><V73/><F73/><W67/><REACH who="3" step="1"/><G8/><REACH who="3" ten="395,195,252,138" step="2"/><T3/><D115/><U46/><E46/><V82/><F84/><W27/><G27/><T101/><D24/><U64/><E64/><V90/><F121/><W59/><G59/><AGARI ba="0,2" hai="16,23,26,45,50,54,59,63,65,76,79,98,100,106" machi="59" ten="30,7700,0" yaku="1,1,7,1,54,1,53,1" doraHai="29" doraHaiUra="42" who="1" fromWho="3" sc="395,0,195,97,252,0,138,-77" /><INIT seed="7,0,0,4,2,114" ten="395,292,252,61" oya="3" hai0="127,50,45,60,97,11,62,54,116,53,51,130,48" hai1="34,9,12,1,23,90,8,122,33,25,3,115,77" hai2="41,68,80,24,128,88,40,29,17,103,129,132,119" hai3="18,112,5,101,110,125,73,37,21,105,10,74,111"/><W98/><G112/><T56/><D116/><U96/><E77/><V36/><F68/><W79/><G125/><T0/><D130/><N who="2" m="50282" /><F132/><W91/><G37/><T43/><D0/><N who="1" m="75" /><E90/><V44/><F41/><W35/><G35/><N who="1" m="13322" /><E96/><V100/><F17/><W102/><G102/><N who="2" m="38953" /><F24/><W108/><G91/><T87/><D87/><U109/><E122/><V58/><F29/><W66/><G66/><T20/><D50/><U83/><E83/><V86/><F58/><W75/><G5/><T65/><D48/><U19/><E109/><V81/><F81/><W67/><G67/><T131/><D54/><U55/><E55/><V59/><F59/><W30/><G30/><T106/><D53/><U31/><E115/><V49/><F49/><W38/><G38/><T13/><D62/><U4/><E9/><V135/><F135/><W126/><G10/><T69/><D69/><U70/><E70/><V39/><F39/><W121/><G126/><T94/><D127/><U124/><E124/><V99/><F99/><W6/><G6/><AGARI ba="0,0" hai="4,6,8,12,19,23,25,31" m="13322,75" machi="6" ten="30,8000,1" yaku="35,5" doraHai="114" who="1" fromWho="3" sc="395,0,292,80,252,0,61,-80" owari="395,49.5,372,17.2,252,-14.8,-19,-51.9" /></mjloggm>