<mjloggm ver="2.3"><GO type="169" lobby="0"/><UN n0="%46%4C%41%4D%45" n1="%53%6F%6C%69%74%6F%6E" n2="%E8%82%89%E5%9B%A3%E5%AD%90%E5%85%88%E7%94%9F" n3="%E3%81%8B%E3%82%81%E3%81%98%E3%82%8D%E3%81%86" dan="16,17,16,16" rate="2197.51,2147.07,2062.61,2094.38" sx="M,M,M,M"/><TAIKYOKU oya="0"/><INIT seed="0,0,0,2,4,35" ten="250,250,250,250" oya="0" hai0="132,39,101,82,60,54,31,107,20,3,70,74,8" hai1="99,111,77,32,133,12,2,16,46,68,17,64,88" hai2="25,29,120,135,11,83,93,92,134,103,26,128,87" hai3="94,108,113,33,58,117,43,66,40,65,57,14,19"/><T81/><D39/><U98/><E32/><V28/><F120/><W0/><G33/><T71/><D132/><N who="2" m="50730" /><F128/><W96/><G113/><T129/><D129/><U78/><E133/><V125/><F125/><W84/><G108/><T10/><D107/><U23/><E111/><V91/><F11/><W56/><G0/><T21/><D60/><U115/><E115/><V47/><F47/><W42/><G84/><T118/><D54/><U37/><E2/><V106/><F106/><W52/><G117/><T41/><D3/><U5/><E5/><V45/><F45/><W110/><G110/><T102/><D31/><N who="2" m="11850" /><F93/><W59/><N who="3" m="14336" /><DORA hai="6" /><W122/><G52/><T116/><REACH who="0" step="1"/><D74/><REACH who="0" ten="240,250,250,250" step="2"/><U119/><E119/><V127/><F127/><W73/><G73/><T100/><D100/><U72/><E64/><V97/><AGARI ba="0,1" hai="25,26,83,87,91,92,97,103" m="11850,50730" machi="97" ten="30,1100,0" yaku="20,1" doraHai="35,6" who="2" fromWho="2" sc="240,-5,250,-3,250,21,250,-3" /><INIT seed="1,0,0,4,5,5" ten="235,247,271,247" oya="1" hai0="105,58,17,96,109,129,84,63,80,115,128,99,132" hai1="122,35,81,88,104,0,75,125,82,89,103,16,46" hai2="92,100,9,67,47,86,18,114,61,95,13,119,134" hai3="78,102,107,94,90,36,33,27,121,76,106,69,12"/><U124/><E122/><V93/><F119/><W85/><G36/><T59/><D109/><U55/><E35/><V29/><F134/><W52/><G121/><T7/><D132/><U118/><E118/><V79/><F29/><W1/><G1/><T72/><D72/><U98/><E0/><V39/><F114/><W108/><G108/><T60/><D115/><U8/><E46/><V24/><F24/><W50/><G69/><T3/><D17/><U113/><E55/><V66/><F66/><W42/><G42/><T116/><D116/><U25/><E113/><V74/><F74/><W21/><G33/><T71/><D71/><U101/><E101/><V43/><F79/><W127/><G12/><T65/><D105/><U22/><E75/><V20/><F20/><W45/><G127/><N who="1" m="48714" /><E8/><V6/><F6/><W54/><G54/><T44/><D44/><U111/><E111/><V28/><F28/><W19/><G107/><T30/><D30/><U57/><E57/><V117/><F117/><W123/><G123/><T62/><D7/><U10/><E10/><V120/><F120/><W135/><G135/><T53/><D3/><U56/><E56/><V37/><F37/><W34/><G34/><T31/><D31/><U26/><E25/><V73/><F73/><W87/><G106/><T4/><D4/><U15/><E26/><V130/><F130/><N who="0" m="50282" /><D63/><U51/><E51/><V14/><F100/><W23/><G102/><T49/><D49/><U77/><E77/><AGARI ba="0,0" hai="53,58,59,60,62,65,77,80,84,96,99" m="50282" machi="77" ten="30,1000,0" yaku="19,1" doraHai="5" who="0" fromWho="1" sc="235,10,247,-10,271,0,247,0" /><INIT seed="2,0,0,2,4,57" ten="245,237,271,247" oya="2" hai0="121,35,66,68,4,90,40,107,80,75,67,117,118" hai1="50,96,7,84,128,69,101,15,78,134,9,44,105" hai2="70,109,77,11,123,60,91,81,0,108,93,135,94" hai3="39,54,83,126,18,100,87,133,99,10,42,106,56"/><V114/><F114/><W119/><G119/><T129/><D4/><U49/><E128/><V127/><F123/><W113/><G113/><T132/><D90/><U33/><E134/><V98/><F135/><W37/><G133/><T6/><D6/><U13/><E33/><V86/><F0/><W45/><G126/><T63/><D121/><U122/><E122/><V88/><F11/><W61/><G10/><T72/><D132/><U79/><E69/><V65/><F127/><W27/><G27/><T82/><D40/><U38/><E38/><V47/><REACH who="2" step="1"/><F47/><REACH who="2" ten="245,237,261,247" step="2"/><W74/><G45/><T32/><D118/><U120/><E120/><V22/><F22/><W112/><G112/><T5/><D117/><U111/><E44/><V43/><F43/><W30/><G42/><T52/><D35/><U73/><E9/><V115/><F115/><W3/><G3/><T85/><D32/><U48/><E7/><V12/><F12/><W102/><G39/><T89/><D5/><U29/><E13/><V58/><F58/><W19/><G37/><T104/><D68/><U95/><E15/><V51/><F51/><W34/><G34/><T110/><D129/><U124/><E50/><V130/><F130/><W24/><G56/><T103/><D67/><U46/><E48/><V16/><F16/><W17/><G19/><T21/><D66/><U31/><E49/><V1/><F1/><W25/><G17/><T76/><D21/><U55/><E46/><V26/><F26/><W20/><G18/><T14/><D14/><U59/><E124/><V41/><F41/><W2/><G20/><RYUUKYOKU ba="0,1" sc="245,-10,237,-10,261,30,247,-10" hai2="60,65,70,77,81,86,88,91,93,94,98,108,109" /><INIT seed="2,1,1,2,4,50" ten="235,227,291,237" oya="2" hai0="61,3,93,1,83,78,97,127,20,112,88,49,32" hai1="38,84,135,36,134,117,51,42,25,69,73,131,89" hai2="11,72,12,122,59,116,92,118,55,81,123,7,9" hai3="8,62,44,80,95,109,103,74,111,79,100,87,57"/><V16/><F92/><W46/><G8/><T106/><D112/><U114/><E114/><V101/><F101/><N who="3" m="38987" /><G74/><T5/><D32/><U27/><E117/><V4/><F72/><W2/><G2/><T110/><D106/><U125/><E73/><V34/><F81/><W65/><G95/><T33/><D33/><U121/><E69/><V23/><F34/><W85/><G85/><T94/><D94/><U22/><E125/><V19/><F59/><W71/><G71/><T129/><D127/><U39/><E131/><V18/><F55/><W24/><G24/><T105/><D129/><U48/><E121/><N who="2" m="46091" /><F23/><W76/><G76/><T63/><D20/><U35/><E35/><V21/><F21/><W90/><G79/><T40/><D78/><U56/><E42/><V120/><N who="2" m="46099" /><V96/><DORA hai="30" /><F96/><W58/><G57/><T99/><D99/><U132/><E56/><V0/><AGARI ba="1,1" hai="0,4,7,9,11,12,16,18,19,116,118" m="46099" machi="0" ten="50,9600,0" yaku="34,2,54,1" doraHai="50,30" who="2" fromWho="2" sc="235,-33,227,-33,291,109,237,-33" /><INIT seed="2,2,0,5,5,57" ten="202,194,400,204" oya="2" hai0="69,24,60,89,17,121,63,16,33,91,96,113,107" hai1="31,111,22,101,109,127,126,38,64,114,15,58,43" hai2="71,20,75,104,93,110,67,42,7,84,82,61,68" hai3="112,130,23,46,97,1,78,65,98,62,48,18,54"/><V25/><F104/><W11/><G130/><T86/><D121/><U51/><E114/><V6/><F75/><W72/><G112/><T21/><D113/><U95/><E38/><V118/><F71/><W132/><G132/><T0/><D0/><U66/><E101/><V2/><F118/><W92/><G72/><T56/><D69/><U80/><E95/><V100/><F42/><W41/><G78/><T87/><D33/><U124/><E80/><V116/><F2/><W37/><G1/><T106/><D96/><U125/><N who="1" m="31744" /><DORA hai="73" /><U59/><E43/><V49/><F49/><W134/><G11/><T19/><D107/><U32/><E32/><V94/><F116/><W120/><G120/><T9/><D106/><U123/><E123/><V129/><F129/><W29/><G29/><N who="0" m="17551" /><D9/><U77/><E77/><V88/><F110/><N who="1" m="41993" /><E31/><V131/><F131/><W90/><G134/><T28/><D28/><U119/><E119/><V4/><REACH who="2" step="1"/><F100/><REACH who="2" ten="202,194,390,204" step="2"/><W10/><G41/><T3/><D3/><U79/><E51/><V115/><F115/><W103/><G37/><T30/><D30/><AGARI ba="2,1" hai="4,6,7,20,25,30,61,67,68,82,84,88,93,94" machi="30" ten="40,12000,1" yaku="1,1,52,1,54,1,53,1" doraHai="57,73" doraHaiUra="76,12" who="2" fromWho="0" sc="202,-126,194,0,390,136,204,0" /><INIT seed="2,3,0,2,1,76" ten="76,194,526,204" oya="2" hai0="135,18,15,133,20,104,66,45,79,117,134,42,35" hai1="53,67,112,72,102,71,65,94,46,95,81,126,5" hai2="16,48,27,80,100,108,115,56,85,98,12,122,87" hai3="97,123,55,31,6,109,10,90,89,37,11,96,113"/><V47/><F115/><W111/><G37/><T34/><D104/><U2/><E112/><V52/><F122/><W54/><G113/><T101/><D101/><U57/><E126/><V60/><F27/><W26/><G123/><T129/><D129/><U124/><E124/><V70/><F70/><W22/><G6/><T62/><D117/><U127/><E127/><V91/><F87/><W82/><G26/><T63/><D79/><U13/><E2/><V77/><F108/><W74/><G22/><T8/><D8/><U86/><E72/><V105/><F77/><W131/><G31/><T33/><REACH who="0" step="1"/><D66/><REACH who="0" ten="66,194,526,204" step="2"/><N who="1" m="25099" /><E71/><V125/><F125/><W30/><G131/><T4/><D4/><U32/><E102/><V44/><F60/><W3/><G11/><AGARI ba="3,1" hai="11,12,16,44,47,48,52,56,80,85,91,98,100,105" machi="11" ten="30,11600,0" yaku="7,1,52,1,54,2" doraHai="76" who="2" fromWho="3" sc="66,0,194,0,526,135,204,-125" /><INIT seed="2,4,0,2,4,126" ten="66,194,661,79" oya="2" hai0="121,117,99,20,25,36,116,37,71,32,45,107,22" hai1="102,27,115,30,48,51,12,5,95,92,74,41,93" hai2="42,133,109,1,134,24,111,68,52,78,80,18,69" hai3="108,86,94,122,40,104,11,73,72,23,101,63,77"/><V127/><F127/><W60/><G122/><T90/><D121/><U3/><E3/><V4/><F42/><W76/><G40/><T96/><D71/><U120/><E74/><V8/><F69/><W125/><G125/><T15/><D32/><U81/><E120/><V98/><F98/><N who="0" m="37418" /><D107/><U59/><E115/><V54/><F68/><W9/><G108/><N who="2" m="41545" /><F18/><W10/><G104/><T114/><D114/><U128/><E81/><V64/><F64/><W61/><G23/><N who="0" m="8747" /><D15/><U16/><E128/><V34/><F24/><W135/><G135/><N who="2" m="51721" /><F34/><W70/><G70/><T2/><D25/><U26/><E30/><V0/><F0/><W124/><G124/><T132/><D2/><U84/><E26/><V56/><F56/><W112/><G112/><T89/><D132/><U110/><E59/><V57/><F57/><W91/><G101/><T53/><D45/><U7/><E102/><V29/><F29/><W113/><G113/><T38/><D53/><U13/><E110/><V123/><F123/><W58/><G58/><T33/><D33/><U55/><E27/><V28/><F28/><W17/><G17/><T130/><D130/><U14/><E16/><V87/><AGARI ba="4,0" hai="1,4,8,52,54,78,80,87" m="51721,41545" machi="87" ten="30,11700,0" yaku="14,1,10,1,20,1,54,1" doraHai="126" who="2" fromWho="2" sc="66,-43,194,-43,661,129,79,-43" /><INIT seed="2,5,0,1,1,129" ten="23,151,790,36" oya="2" hai0="72,119,40,52,82,91,57,128,39,24,21,69,108" hai1="18,12,71,78,46,114,110,56,36,0,34,7,124" hai2="8,75,104,87,10,70,55,66,92,50,43,133,86" hai3="73,60,44,2,51,17,101,15,116,41,6,83,103"/><V100/><F75/><W117/><G60/><T102/><D69/><U74/><E71/><V53/><F104/><W127/><G127/><T30/><D128/><U135/><E114/><V131/><F43/><W109/><G109/><T47/><D108/><U23/><E34/><V126/><F131/><W90/><G2/><T38/><D119/><U28/><E110/><V112/><F112/><W33/><G33/><T26/><D102/><U98/><E98/><V89/><F126/><W27/><G27/><T68/><D68/><U1/><E28/><V22/><F70/><W48/><G6/><T58/><D39/><U115/><E56/><V94/><F66/><W67/><G67/><T79/><D91/><U84/><E84/><V19/><F55/><W20/><G116/><T61/><D58/><U63/><E63/><V81/><F100/><W107/><G117/><T65/><REACH who="0" step="1"/><D26/><REACH who="0" ten="13,151,790,36" step="2"/><U9/><E115/><V85/><F89/><W134/><G90/><T14/><D14/><U13/><E124/><V132/><F81/><W80/><G80/><T121/><D121/><U64/><E13/><N who="2" m="9583" /><F94/><W88/><G88/><T37/><D37/><U54/><E0/><V11/><F92/><W111/><G111/><T3/><D3/><U31/><E36/><V29/><F29/><W93/><G93/><T105/><D105/><U42/><E31/><V118/><F118/><W125/><G107/><T5/><D5/><U49/><E7/><V122/><F122/><W62/><G103/><T120/><D120/><U97/><E1/><V59/><F59/><W4/><G101/><T123/><D123/><RYUUKYOKU ba="5,1" sc="13,15,151,-15,790,15,36,-15" hai0="21,24,30,38,40,47,52,57,61,65,72,79,82" hai2="8,10,11,50,53,85,86,87,132,133" /><INIT seed="2,6,1,5,5,38" ten="28,136,805,21" oya="2" hai0="99,54,4,65,34,74,126,72,45,8,117,44,21" hai1="111,96,112,39,33,35,19,73,16,95,42,128,47" hai2="50,78,63,118,31,132,77,80,62,103,51,114,120" hai3="129,66,85,113,52,13,94,134,98,14,133,116,58"/><V23/><F114/><W127/><G116/><T84/><D34/><U101/><E112/><V109/><F118/><W46/><G113/><T68/><D117/><U130/><E73/><V70/><F120/><W27/><G129/><N who="1" m="49770" /><E111/><V40/><F103/><W79/><G127/><T121/><D126/><U87/><E87/><V102/><F102/><W92/><G66/><T9/><D121/><U6/><E6/><V17/><F31/><W67/><G67/><T43/><D65/><U104/><E104/><V71/><F109/><W10/><G46/><T124/><D68/><U119/><E119/><V49/><F132/><W1/><G27/><T90/><D84/><U29/><E29/><V108/><F108/><W107/><G107/><T83/><D4/><U2/><E2/><V30/><F30/><W75/><G75/><T0/><D74/><U26/><E26/><V32/><F32/><AGARI ba="6,1" hai="16,19,32,33,35,39,42,47,95,96,101" m="49770" machi="32" ten="30,3900,0" yaku="19,1,52,1,54,1" doraHai="38" who="1" fromWho="2" sc="28,0,136,67,805,-57,21,0" /><INIT seed="3,0,0,5,3,73" ten="28,203,748,21" oya="3" hai0="108,130,133,109,60,61,132,135,83,107,84,76,65" hai1="105,115,33,116,111,25,2,91,95,22,5,34,24" hai2="41,32,123,36,37,9,77,46,129,54,15,96,29" hai3="68,92,11,128,27,38,6,80,52,72,78,21,85"/><W79/><G128/><T87/><D107/><U53/><E105/><V119/><F119/><W40/><G68/><T43/><D130/><U31/><E116/><V82/><F129/><W58/><G38/><T23/><D43/><U57/><E115/><V51/><F32/><W117/><G117/><T89/><D23/><U70/><E70/><V94/><F29/><W118/><G118/><T67/><D60/><U75/><E75/><V1/><F1/><W20/><G40/><T66/><REACH who="0" step="1"/><D61/><REACH who="0" ten="18,203,748,21" step="2"/><U98/><E34/><V47/><F41/><W4/><G21/><T97/><D97/><U63/><E111/><V99/><F96/><W8/><G20/><T39/><D39/><U112/><E112/><V131/><F131/><W48/><G27/><T102/><D102/><U64/><E25/><V124/><F37/><W114/><G114/><T30/><D30/><U134/><E33/><V127/><F36/><W101/><G11/><T104/><D104/><U113/><E113/><V19/><F123/><W3/><G8/><T26/><D26/><U13/><E134/><V81/><F9/><W56/><G56/><T62/><D62/><U71/><E71/><V100/><F46/><W16/><G101/><T122/><D122/><U44/><E44/><V106/><F47/><W55/><G55/><T7/><D7/><N who="3" m="2601" /><G16/><T17/><D17/><U49/><E2/><V69/><F19/><W45/><G3/><T93/><AGARI ba="0,1" hai="65,66,67,76,83,84,87,89,93,108,109,132,133,135" machi="93" ten="40,8000,1" yaku="1,1,0,1,20,1,52,1,53,0" doraHai="73" doraHaiUra="28" who="0" fromWho="0" sc="18,90,203,-20,748,-20,21,-40" owari="108,-29.2,183,-1.7,728,82.8,-19,-51.9" /></mjloggm>