<mjloggm ver="2.3"><GO type="169" lobby="0"/><UN n0="%E3%81%8B%E3%81%A3%E3%81%95%E3%83%BC" n1="%4C%C3%97%57%C3%97%4C" n2="%E7%B4%AB%E3%81%AE%E9%8F%A1" n3="%73%68%6F%67%6F%6F" dan="17,16,17,16" rate="2141.57,2144.89,2156.59,2086.18" sx="M,M,M,M"/><TAIKYOKU oya="0"/><INIT seed="0,0,0,0,5,96" ten="250,250,250,250" oya="0" hai0="75,11,64,74,66,90,73,7,60,37,101,52,108" hai1="86,1,112,68,129,35,26,113,102,116,105,134,19" hai2="40,111,132,84,48,13,2,46,47,51,125,15,106" hai3="85,107,21,127,126,41,94,100,9,78,16,57,114"/><T91/><D37/><U99/><E116/><V5/><F111/><W8/><G114/><N who="1" m="44138" /><E134/><V65/><F132/><W44/><G57/><T76/><D108/><U49/><E49/><V89/><F125/><N who="3" m="47627" /><G107/><T22/><D76/><U30/><E86/><V104/><F2/><W29/><G29/><T55/><D22/><U88/><E129/><V62/><F5/><W71/><G71/><T109/><D109/><U128/><E128/><V70/><F106/><W24/><G78/><T77/><D77/><U43/><E43/><V117/><F104/><W115/><G115/><T6/><D101/><U42/><E42/><V34/><F34/><W69/><G69/><T87/><D7/><U36/><E88/><V135/><F117/><W81/><G81/><T80/><D91/><U58/><E58/><V27/><F135/><W38/><G85/><T39/><D39/><U45/><E19/><V122/><F122/><W33/><G33/><T23/><D23/><U120/><E120/><V67/><F70/><W103/><G94/><T79/><D90/><U83/><E68/><V32/><F32/><W25/><G24/><T10/><D10/><AGARI ba="0,0" hai="8,9,10,16,21,25,38,41,44,100,103" m="47627" machi="10" ten="30,7700,0" yaku="18,1,52,2,54,1" doraHai="96" who="3" fromWho="0" sc="250,-77,250,0,250,0,250,77" /><INIT seed="1,0,0,3,5,10" ten="173,250,250,327" oya="1" hai0="86,5,84,43,25,39,128,123,102,94,61,98,20" hai1="31,83,24,131,57,127,135,103,80,121,118,64,4" hai2="18,28,111,109,130,93,91,55,37,110,88,14,90" hai3="47,100,68,0,44,67,132,38,9,26,82,101,75"/><U45/><E118/><V105/><F105/><W104/><G132/><T12/><D128/><U71/><E121/><V51/><F37/><W32/><G47/><T108/><D108/><U119/><E119/><V133/><F28/><N who="3" m="19479" /><G67/><T49/><D39/><U58/><E135/><V56/><F133/><W30/><G30/><T50/><D61/><U34/><E127/><V112/><F112/><W54/><G54/><T41/><D41/><U15/><E45/><V66/><F66/><W89/><G89/><T1/><D1/><U60/><E131/><V40/><F40/><N who="3" m="22551" /><G68/><T115/><D115/><U19/><E4/><V42/><F42/><W85/><G85/><N who="0" m="32875" /><D43/><U29/><E29/><V92/><REACH who="2" step="1"/><F130/><REACH who="2" ten="173,250,240,327" step="2"/><W6/><G104/><T8/><D123/><U107/><E64/><V124/><F124/><W46/><G46/><T106/><D106/><U35/><E107/><V78/><F78/><AGARI ba="0,1" hai="0,6,9,75,78,82,100,101" m="22551,19479" machi="78" ten="30,1000,0" yaku="25,1" doraHai="10" who="3" fromWho="2" sc="173,0,250,0,240,-10,327,20" /><INIT seed="2,0,0,3,4,7" ten="173,250,230,347" oya="2" hai0="4,67,6,92,36,78,42,76,121,91,16,118,45" hai1="106,27,12,43,40,41,20,82,25,112,83,88,17" hai2="86,132,22,80,62,133,122,23,104,130,123,134,70" hai3="73,0,64,108,33,49,24,89,117,68,51,57,66"/><V1/><F70/><W85/><G117/><T101/><D121/><N who="2" m="46090" /><F62/><W11/><G73/><T65/><D101/><U28/><E106/><V96/><F1/><W63/><G108/><T31/><D31/><U13/><E112/><V93/><F22/><W120/><G120/><T59/><D118/><U111/><E111/><V131/><F104/><W8/><G0/><T29/><D29/><U3/><E3/><V21/><F21/><W54/><G66/><T119/><D119/><U129/><E129/><V39/><F23/><W2/><G2/><T77/><D16/><N who="1" m="10247" /><E82/><V50/><F50/><W53/><G24/><T124/><D124/><U107/><E107/><V75/><F39/><W84/><G84/><T74/><D74/><U115/><E115/><V34/><F34/><W94/><REACH who="3" step="1"/><G33/><REACH who="3" ten="173,250,230,337" step="2"/><T69/><D67/><U135/><E28/><V38/><F75/><W26/><G26/><T10/><D65/><U95/><E27/><V44/><F86/><W30/><G30/><T9/><D69/><U109/><E25/><V114/><F114/><W32/><G32/><T105/><D105/><U60/><E109/><V5/><F131/><W103/><G103/><T71/><D71/><U113/><E113/><V87/><F130/><W18/><G18/><T116/><D116/><U97/><E17/><V102/><F87/><W46/><AGARI ba="0,1" hai="8,11,46,49,51,53,54,57,63,64,68,85,89,94" machi="46" ten="20,8000,1" yaku="1,1,0,1,7,1,52,2,53,0" doraHai="7" doraHaiUra="127" who="3" fromWho="3" sc="173,-20,250,-20,230,-40,337,90" /><INIT seed="3,0,0,5,4,132" ten="153,230,190,427" oya="3" hai0="22,91,116,38,117,110,11,44,59,88,107,80,124" hai1="32,40,35,54,108,56,119,115,84,17,94,15,89" hai2="41,82,81,93,31,51,131,8,74,24,45,134,20" hai3="123,102,96,130,98,121,99,68,128,10,14,16,127"/><W19/><G68/><T101/><D110/><U50/><E108/><V120/><F134/><W95/><G19/><T55/><D22/><U6/><E115/><V129/><F120/><W39/><G39/><T26/><D26/><U122/><E122/><V52/><F93/><W78/><G78/><T135/><D135/><U72/><E72/><V57/><F8/><W113/><G113/><T76/><D11/><U63/><E6/><V9/><F9/><W23/><G123/><T42/><D124/><U33/><E119/><V46/><F46/><W58/><G121/><T109/><D109/><U2/><E2/><V86/><F74/><W97/><G58/><T7/><D7/><U92/><E92/><V61/><REACH who="2" step="1"/><F86/><REACH who="2" ten="153,230,180,427" step="2"/><W75/><G75/><T112/><D112/><U100/><E84/><V34/><F34/><W71/><G10/><T105/><D117/><U48/><E35/><V73/><F73/><W106/><G106/><T47/><D47/><U66/><E33/><V13/><F13/><W30/><G95/><T36/><D107/><U126/><E32/><V25/><F25/><W21/><G14/><T18/><D116/><U118/><E118/><V67/><F67/><W90/><G23/><T0/><D44/><U28/><E15/><V104/><F104/><W5/><G21/><T60/><D105/><U43/><E94/><V27/><F27/><W133/><G133/><T37/><D0/><U83/><E66/><V79/><F79/><W70/><G102/><T4/><D76/><U12/><E12/><V69/><F69/><W77/><G71/><T85/><D4/><RYUUKYOKU ba="0,1" sc="153,-10,230,-10,180,30,427,-10" hai2="20,24,31,41,45,51,52,57,61,81,82,129,131" /><INIT seed="4,1,1,1,4,85" ten="143,220,210,417" oya="0" hai0="16,114,95,39,80,129,110,69,3,115,15,25,82" hai1="125,99,61,34,84,30,74,107,17,98,100,127,78" hai2="112,79,32,109,96,119,131,13,77,76,128,36,105" hai3="20,60,73,89,122,120,41,5,35,11,62,31,52"/><T87/><D39/><U118/><E118/><V6/><F32/><W64/><G35/><T135/><D69/><U83/><E17/><V72/><F36/><W90/><G73/><T134/><D3/><U101/><E61/><V1/><F1/><N who="3" m="431" /><G41/><T9/><D110/><U68/><E68/><V29/><F29/><W59/><G20/><N who="0" m="13447" /><D95/><N who="1" m="58463" /><E30/><V22/><F22/><W33/><G31/><T37/><D37/><U42/><E42/><V133/><F13/><W71/><G33/><T26/><D26/><U58/><E58/><V102/><F6/><W103/><G103/><T49/><D49/><U132/><E34/><V54/><F54/><W75/><G75/><T92/><D92/><U116/><E116/><V48/><F48/><W56/><G71/><T123/><D123/><AGARI ba="1,1" hai="52,56,59,60,62,64,89,90,120,122,123" m="431" machi="123" ten="30,7700,0" yaku="13,1,52,2,54,1" doraHai="85" who="3" fromWho="0" sc="143,-80,220,0,210,0,417,90" /><INIT seed="5,0,0,0,3,50" ten="63,220,210,507" oya="1" hai0="19,105,110,94,95,75,108,24,82,59,35,57,89" hai1="30,61,92,23,90,51,0,69,13,78,123,112,54" hai2="46,48,55,120,84,28,127,71,93,63,41,102,100" hai3="40,62,74,12,117,14,64,77,122,26,25,132,126"/><U42/><E123/><V86/><F120/><W38/><G122/><T133/><D105/><U107/><E0/><V27/><F127/><W49/><G38/><T131/><D131/><U8/><BYE who="0" /><E107/><V125/><F125/><W22/><G126/><T32/><D32/><U79/><E112/><V91/><F84/><W16/><G132/><T53/><D53/><U39/><E39/><V29/><F29/><W76/><G74/><T135/><D135/><U65/><E42/><UN n0="%E3%81%8B%E3%81%A3%E3%81%95%E3%83%BC" /><V115/><F115/><W56/><G117/><T85/><D133/><U130/><E130/><V37/><F71/><W114/><G114/><T104/><D104/><U34/><E34/><V128/><F63/><W87/><G12/><T67/><D35/><U96/><E23/><V4/><F4/><W60/><G60/><N who="0" m="38287" /><D59/><U58/><REACH who="1" step="1"/><E30/><REACH who="1" ten="63,210,210,507" step="2"/><V134/><F128/><W118/><G40/><T109/><D108/><U6/><AGARI ba="0,1" hai="6,8,13,51,54,58,61,65,69,78,79,90,92,96" machi="6" ten="20,12000,1" yaku="1,1,2,1,0,1,7,1,52,1,53,0" doraHai="50" doraHaiUra="119" who="1" fromWho="1" sc="63,-40,210,130,210,-40,507,-40" /><INIT seed="5,1,0,2,5,115" ten="23,340,170,467" oya="1" hai0="78,120,71,11,50,20,110,87,106,134,25,55,61" hai1="33,81,104,76,119,84,45,46,112,59,13,5,37" hai2="98,22,74,42,32,29,127,39,114,130,48,57,101" hai3="56,86,124,107,73,8,53,80,49,52,54,62,117"/><U131/><E33/><V65/><F74/><W95/><G107/><T16/><D134/><U111/><E112/><V82/><F32/><W68/><G68/><T109/><D106/><U79/><E104/><V63/><F114/><W105/><G105/><T4/><D120/><U93/><E131/><V133/><F130/><W47/><G73/><T64/><D87/><U83/><E37/><V89/><F39/><W66/><G124/><T35/><D78/><U122/><E122/><V96/><F127/><W92/><G8/><T118/><D35/><U108/><E93/><N who="3" m="35914" /><G117/><T27/><D27/><U41/><E119/><V123/><F123/><W97/><G97/><T26/><D26/><U135/><E135/><V88/><F133/><W36/><G36/><T90/><D90/><AGARI ba="1,0" hai="47,49,52,53,54,56,62,66,80,86,90" m="35914" machi="90" ten="30,2000,0" yaku="8,1,54,1" doraHai="115" who="3" fromWho="0" sc="23,-23,340,0,170,0,467,23" /><INIT seed="6,0,0,3,2,21" ten="0,340,170,490" oya="2" hai0="87,93,97,28,105,22,6,123,3,96,34,103,129" hai1="55,31,38,4,67,47,82,90,32,120,71,70,109" hai2="54,43,74,99,119,88,40,116,49,102,33,48,56" hai3="39,135,41,125,10,65,37,27,131,53,69,20,59"/><V13/><F74/><W122/><G122/><T107/><D123/><U15/><E109/><V62/><F33/><W118/><G118/><T94/><D34/><U2/><E67/><V61/><F13/><W127/><G131/><T52/><D129/><U30/><E120/><V16/><F102/><W76/><G76/><T104/><D6/><U25/><E31/><V9/><F116/><W68/><G10/><T36/><D36/><N who="3" m="13897" /><G41/><N who="2" m="15945" /><F119/><W44/><G44/><T91/><D3/><U17/><E38/><V78/><F78/><W1/><G65/><T60/><D28/><U113/><E2/><V95/><F61/><N who="3" m="36079" /><G1/><T5/><D5/><U80/><E4/><V58/><F58/><W112/><G135/><T46/><D22/><U101/><E101/><V77/><F77/><W11/><G11/><T121/><D121/><U126/><E71/><V134/><F134/><W86/><G86/><T35/><D35/><U111/><E70/><V51/><F9/><W12/><G12/><T72/><D60/><U45/><E15/><V98/><F99/><W85/><G85/><T124/><D46/><U108/><E45/><V24/><F16/><N who="3" m="12679" /><G68/><T19/><D19/><U66/><E17/><V75/><F75/><W84/><G84/><T26/><D72/><U132/><E132/><V8/><F8/><W73/><G73/><T81/><D52/><U42/><E42/><V92/><F92/><W23/><G69/><T50/><D50/><N who="1" m="29151" /><E32/><V57/><F57/><W63/><G63/><T115/><D124/><U106/><E126/><V100/><F100/><W89/><G127/><T18/><D115/><RYUUKYOKU ba="0,0" sc="0,-10,340,-10,170,30,490,-10" hai2="24,48,49,51,54,56,62,88,95,98" owari="-10,-51.0,330,13.0,200,-20.0,480,58.0" /></mjloggm>