<mjloggm ver="2.3"><GO type="169" lobby="0"/><UN n0="%E3%81%9F%E3%81%8B%31%34%31" n1="%E3%82%B9%E3%82%AB%E3%83%9D%E3%83%B3" n2="%6B%61%74%65%72%69%6E%61" n3="%78%78%62%6D%6D" dan="16,17,17,17" rate="2136.62,2141.65,2176.93,2187.46" sx="M,M,M,M"/><TAIKYOKU oya="0"/><INIT seed="0,0,0,0,3,105" ten="250,250,250,250" oya="0" hai0="100,48,9,39,117,0,11,23,97,124,36,68,8" hai1="10,27,63,114,2,112,14,108,83,20,28,1,40" hai2="89,30,24,126,71,121,66,41,61,109,76,19,57" hai3="22,12,135,49,94,26,133,17,118,79,123,81,131"/><T125/><D117/><U64/><E40/><V54/><F121/><W77/><G118/><T85/><D68/><U73/><E108/><V129/><F109/><W91/><G123/><T130/><D130/><U34/><E63/><V31/><F129/><W119/><G119/><T132/><D132/><U110/><E64/><V3/><F3/><N who="1" m="1033" /><E83/><V52/><F126/><N who="0" m="48746" /><D0/><U84/><E84/><V74/><F41/><W21/><G131/><T102/><D23/><U13/><E73/><V82/><F89/><W50/><G135/><T42/><D85/><U47/><E47/><V96/><F96/><W5/><G5/><T128/><D128/><U111/><E111/><V116/><F116/><W59/><G133/><T32/><D32/><U113/><E110/><V90/><F90/><W65/><G65/><T25/><D25/><N who="1" m="18703" /><E10/><V38/><F38/><N who="0" m="14378" /><D97/><U67/><E67/><V104/><F104/><W53/><G49/><T69/><D69/><U75/><E75/><V62/><F54/><W134/><G81/><T56/><D56/><U86/><E86/><V72/><F72/><W120/><G134/><T115/><D115/><U18/><AGARI ba="0,0" hai="13,14,18,20,27,112,113,114" m="18703,1033" machi="18" ten="40,5200,0" yaku="11,1,34,2" doraHai="105" who="1" fromWho="1" sc="250,-26,250,52,250,-13,250,-13" /><INIT seed="1,0,0,0,5,88" ten="224,302,237,237" oya="1" hai0="51,38,24,65,16,20,133,21,127,105,132,63,47" hai1="60,12,86,102,87,90,92,68,35,115,57,71,94" hai2="131,75,77,64,110,122,113,69,119,19,56,41,97" hai3="50,27,112,114,22,120,14,15,36,33,67,11,134"/><U7/><E115/><V83/><F119/><W39/><G67/><T72/><D72/><U48/><E35/><V9/><F122/><W121/><G50/><T74/><D74/><U2/><E2/><V103/><F113/><N who="3" m="43627" /><G33/><T5/><D105/><U116/><E116/><V44/><F131/><W3/><G36/><T17/><D5/><U124/><E124/><V23/><F110/><W96/><G96/><T61/><D38/><U99/><E48/><V66/><F56/><W29/><G39/><T80/><D80/><U30/><E30/><V104/><F69/><W59/><G59/><T31/><D127/><U128/><E128/><V78/><F78/><W52/><G52/><T79/><D79/><U46/><E46/><V45/><F45/><W108/><G108/><T91/><D91/><U10/><REACH who="1" step="1"/><E87/><REACH who="1" ten="224,292,237,237" step="2"/><V32/><F32/><W13/><G134/><T100/><D51/><U25/><E25/><V70/><F44/><W101/><G3/><T95/><D47/><U98/><E98/><V8/><F41/><W118/><G118/><T111/><D111/><U26/><E26/><V135/><F135/><W54/><G27/><N who="0" m="14727" /><D31/><U117/><E117/><V28/><F28/><W130/><G29/><T73/><D73/><U126/><E126/><V18/><F75/><W55/><G130/><T123/><D133/><U42/><E42/><V43/><F43/><W58/><G121/><T82/><D132/><U89/><E89/><V106/><F97/><W129/><G120/><T125/><D123/><U40/><E40/><V6/><F103/><W62/><G129/><T53/><D125/><RYUUKYOKU ba="0,1" sc="224,-10,292,30,237,-10,237,-10" hai1="7,10,12,57,60,68,71,86,90,92,94,99,102" /><INIT seed="1,1,1,5,3,96" ten="214,322,227,227" oya="1" hai0="88,49,1,115,121,100,55,28,50,13,71,41,97" hai1="80,124,35,102,81,6,68,7,129,95,14,17,65" hai2="94,47,86,39,93,123,128,99,43,106,58,48,34" hai3="2,90,59,110,5,117,131,54,29,98,57,114,30"/><U24/><E129/><V38/><F123/><W18/><G114/><T116/><D1/><U0/><E124/><V84/><F128/><W134/><G134/><T72/><D72/><U104/><E104/><V112/><F112/><W63/><G110/><T3/><D3/><U66/><E68/><V37/><F34/><W75/><G75/><T67/><D116/><U70/><E70/><V31/><F31/><W32/><G32/><T53/><D41/><U52/><E24/><V10/><F106/><W73/><G73/><T111/><D111/><U83/><E35/><V87/><F58/><W11/><G117/><T19/><D28/><U101/><E95/><V33/><F33/><W62/><G18/><T23/><D121/><U8/><E52/><V125/><F125/><W120/><G120/><T82/><D115/><U36/><E36/><V118/><F118/><W46/><G46/><T25/><D67/><N who="1" m="25611" /><E0/><V133/><F133/><W130/><G130/><T69/><D25/><U16/><E17/><V40/><F40/><W119/><G119/><T61/><D71/><U44/><E44/><V109/><F109/><W127/><G127/><T60/><D69/><U42/><E42/><V21/><F94/><N who="3" m="56663" /><G131/><T77/><D55/><U20/><E20/><V89/><F21/><W107/><G107/><T76/><D53/><U126/><E126/><V12/><REACH who="2" step="1"/><F39/><REACH who="2" ten="214,322,217,227" step="2"/><W103/><G30/><T108/><D108/><U27/><E27/><V9/><F9/><W26/><G26/><T113/><D23/><U56/><E56/><V85/><N who="2" m="21504" /><DORA hai="79" /><V15/><F15/><W105/><G29/><RYUUKYOKU ba="1,2" sc="214,-15,322,15,217,15,227,-15" hai1="6,7,8,14,16,80,81,83,101,102" hai2="10,12,37,38,43,47,48,89,93,99" /><INIT seed="1,2,2,5,3,37" ten="199,337,232,212" oya="1" hai0="92,80,0,70,5,60,78,49,19,104,53,99,118" hai1="43,114,61,65,59,135,55,76,9,115,34,63,102" hai2="131,83,32,101,57,87,25,21,125,39,36,110,35" hai3="2,91,79,22,116,106,4,47,51,105,7,107,1"/><U30/><E76/><V124/><F110/><W67/><G116/><T122/><D118/><U11/><E102/><V95/><F131/><W82/><G91/><T73/><D122/><U111/><E34/><N who="2" m="12843" /><F57/><W93/><G93/><T119/><D119/><U45/><E30/><V88/><F101/><W56/><G22/><T84/><D5/><U133/><E9/><V6/><F6/><W66/><G7/><T120/><D0/><U121/><E11/><V81/><F81/><W31/><G31/><T96/><D120/><U8/><E8/><V24/><F24/><W77/><G77/><T74/><D19/><U18/><E18/><N who="2" m="12471" /><F83/><W29/><G29/><T50/><D104/><U126/><E111/><V123/><F123/><W14/><G14/><T38/><D38/><N who="1" m="21751" /><E121/><V127/><AGARI ba="2,2" hai="36,39,87,88,95,124,125,127" m="12471,12843" machi="127" ten="40,2700,0" yaku="18,1,54,1" doraHai="37" who="2" fromWho="2" sc="199,-9,337,-15,232,53,212,-9" /><INIT seed="2,0,0,2,2,66" ten="190,322,285,203" oya="2" hai0="35,130,21,88,109,89,19,119,9,3,93,132,128" hai1="73,111,7,68,94,45,116,98,42,105,49,36,32" hai2="2,67,38,28,50,22,26,48,107,58,129,17,47" hai3="91,90,41,103,31,53,37,102,56,110,100,11,76"/><V18/><F107/><W99/><G110/><T8/><D109/><U97/><E111/><V4/><F129/><W74/><G31/><T95/><D35/><U108/><E116/><V61/><F2/><W82/><G99/><T54/><D132/><U27/><E73/><V117/><F4/><W131/><G131/><N who="0" m="50219" /><D119/><U87/><E7/><V62/><F117/><W29/><G29/><T96/><D54/><U52/><E68/><V115/><F115/><W33/><G33/><T126/><D3/><U71/><E71/><V134/><F134/><W57/><G57/><T78/><D78/><U79/><E105/><V83/><F83/><W112/><G11/><T16/><D126/><U101/><E98/><V81/><F81/><W24/><G24/><N who="0" m="14375" /><D19/><U30/><E108/><V0/><F0/><W72/><G72/><T59/><D59/><U80/><REACH who="1" step="1"/><E52/><REACH who="1" ten="190,312,285,203" step="2"/><V114/><F67/><W23/><G53/><T6/><D6/><U122/><E122/><V124/><F62/><W25/><G56/><T77/><D77/><U127/><E127/><V118/><F124/><W86/><G74/><T125/><D125/><U121/><E121/><V64/><F118/><W51/><G76/><T55/><D55/><U43/><E43/><N who="2" m="23031" /><F114/><W85/><G112/><T12/><D12/><U1/><E1/><V69/><F69/><W13/><G13/><T106/><D106/><U133/><E133/><V15/><F15/><W39/><G41/><T113/><D113/><U40/><E40/><V63/><F63/><W123/><G123/><T20/><D20/><U104/><E104/><V5/><F5/><RYUUKYOKU ba="0,1" sc="190,10,312,10,285,10,203,-30" hai0="8,9,88,89,93,95,96" hai1="27,30,32,36,42,45,49,79,80,87,94,97,101" hai2="17,18,22,26,28,48,50,58,61,64" /><INIT seed="2,1,1,5,0,51" ten="200,322,295,173" oya="2" hai0="22,88,46,125,108,96,75,45,5,122,111,77,32" hai1="27,107,133,135,58,47,19,105,134,48,8,130,120" hai2="99,102,87,129,50,78,127,131,71,37,117,3,74" hai3="41,98,128,43,49,64,14,40,42,34,86,73,57"/><V31/><F37/><W84/><G73/><T1/><D32/><U17/><E130/><V126/><F3/><W61/><G34/><T72/><D122/><U92/><E120/><V20/><F71/><W26/><G128/><N who="2" m="49225" /><F31/><W2/><G2/><T95/><D125/><N who="2" m="47626" /><F20/><W0/><G0/><T39/><D22/><U9/><E58/><V97/><F117/><W59/><G26/><T124/><D124/><U36/><E36/><V28/><F28/><W81/><G98/><N who="2" m="37385" /><F50/><W18/><G81/><N who="0" m="45223" /><D75/><U115/><E27/><V110/><F110/><N who="0" m="42026" /><D39/><U70/><E70/><V103/><F87/><W65/><N who="3" m="10240" /><DORA hai="68" /><W44/><G44/><T93/><D1/><U100/><E8/><V52/><F52/><N who="3" m="31887" /><G65/><T91/><D5/><U112/><E47/><V118/><F118/><W82/><G82/><AGARI ba="1,1" hai="74,78,82,102,103" m="37385,47626,49225" machi="82" ten="40,12000,1" yaku="19,1,18,1,34,2" doraHai="51,68" who="2" fromWho="3" sc="200,0,322,0,295,133,173,-123" /><INIT seed="2,2,0,3,4,47" ten="200,322,428,50" oya="2" hai0="67,40,18,119,37,60,100,86,105,98,130,97,26" hai1="66,45,88,127,8,115,92,96,132,56,124,2,38" hai2="0,11,4,1,9,13,16,83,20,55,121,44,58" hai3="28,94,62,27,89,64,103,110,34,7,79,71,33"/><V108/><F121/><W25/><G110/><T116/><D130/><U120/><E115/><V43/><F108/><W22/><G79/><T82/><D37/><U118/><E118/><V93/><F93/><W48/><G103/><T77/><D40/><U133/><E120/><V63/><F83/><W17/><G7/><T81/><D98/><U75/><E75/><V76/><F76/><W84/><REACH who="3" step="1"/><G48/><REACH who="3" ten="200,322,428,40" step="2"/><T57/><D119/><U50/><E38/><V70/><F70/><W125/><G125/><T135/><D116/><U21/><E127/><V95/><F95/><W99/><G99/><T129/><D97/><U131/><E124/><V46/><F43/><W113/><G113/><T19/><D77/><U30/><E96/><V80/><F80/><W32/><AGARI ba="2,1" hai="17,22,25,27,28,32,33,34,62,64,71,84,89,94" machi="32" ten="20,5200,0" yaku="1,1,0,1,7,1,53,1" doraHai="47" doraHaiUra="24" who="3" fromWho="3" sc="200,-15,322,-15,428,-28,40,68" /><INIT seed="3,0,0,3,5,55" ten="185,307,400,108" oya="3" hai0="102,127,110,15,129,96,40,107,26,84,85,118,122" hai1="19,92,106,34,86,14,8,119,104,132,130,123,44" hai2="80,113,134,76,90,35,64,61,37,6,28,16,32" hai3="18,70,124,9,7,117,5,120,93,12,91,29,88"/><W97/><G117/><T13/><D118/><U109/><E119/><V115/><F134/><W114/><G114/><T67/><D122/><U75/><E109/><V49/><F37/><W103/><G120/><T81/><D110/><U69/><E132/><V56/><F6/><W27/><G70/><T42/><D129/><U83/><E130/><V125/><F125/><W78/><G124/><T51/><D127/><U111/><E69/><V89/><F89/><W82/><G5/><T105/><D67/><U135/><E34/><V50/><F90/><W60/><G7/><T66/><D66/><U94/><E75/><V101/><F101/><W33/><REACH who="3" step="1"/><G60/><REACH who="3" ten="185,307,400,98" step="2"/><T3/><D3/><U128/><E123/><V58/><F115/><W22/><G22/><T10/><D10/><U133/><E133/><V47/><F35/><W11/><G11/><T48/><D107/><U65/><E106/><V31/><F32/><W95/><G95/><T108/><D108/><U25/><E94/><V126/><F126/><W116/><G116/><T99/><D105/><U21/><E92/><V121/><F121/><W54/><G54/><T79/><D42/><U38/><E104/><V77/><F113/><W2/><G2/><T39/><D40/><U4/><E135/><V43/><F43/><W71/><G71/><T73/><D39/><U0/><E111/><V30/><F61/><W36/><G36/><T57/><D51/><U24/><E128/><V62/><F50/><W52/><G52/><T17/><D48/><U53/><E38/><V98/><F49/><W74/><AGARI ba="0,1" hai="9,12,18,27,29,33,74,78,82,88,91,93,97,103" machi="74" ten="20,7800,0" yaku="1,1,0,1,7,1,54,1,53,0" doraHai="55" doraHaiUra="46" who="3" fromWho="3" sc="185,-26,307,-26,400,-26,98,88" /><INIT seed="3,1,0,1,5,134" ten="159,281,374,186" oya="3" hai0="15,23,49,79,107,13,40,128,98,12,30,100,101" hai1="33,91,54,31,2,11,60,102,76,83,103,111,77" hai2="6,62,27,126,10,85,47,65,99,57,84,133,29" hai3="110,32,89,20,135,127,86,53,120,25,21,24,105"/><W129/><G120/><T55/><D128/><U71/><E111/><V80/><F126/><W96/><G135/><T125/><D101/><U5/><E31/><V69/><F133/><W43/><G129/><T56/><D79/><U130/><E33/><V7/><F99/><W73/><G73/><T104/><D40/><U114/><E114/><V123/><F123/><W18/><G32/><T93/><REACH who="0" step="1"/><D125/><REACH who="0" ten="149,281,374,186" step="2"/><U26/><E77/><V108/><F108/><W119/><G43/><T70/><D70/><U36/><E71/><V28/><F69/><W82/><G110/><T50/><D50/><U52/><E103/><V113/><F113/><W75/><G127/><T9/><D9/><U95/><E102/><V92/><F10/><W131/><G131/><T67/><D67/><U22/><E36/><V109/><F65/><W118/><G105/><T94/><D94/><U17/><E60/><V14/><F92/><W58/><G75/><T117/><D117/><U122/><E122/><V121/><F121/><W0/><G119/><T63/><D63/><U61/><E61/><V87/><F62/><N who="3" m="36175" /><G118/><T39/><D39/><U46/><E130/><V97/><F109/><W42/><G42/><T37/><D37/><U78/><E78/><V59/><F80/><W106/><G106/><T45/><D45/><U112/><E46/><V124/><F47/><W72/><G72/><T34/><D34/><U51/><E51/><V90/><F124/><W1/><G96/><T19/><D19/><U81/><E112/><V3/><F97/><W8/><G8/><T35/><D35/><U88/><E17/><AGARI ba="1,1" hai="0,1,17,18,20,21,24,25,82,86,89" m="36175" machi="17" ten="30,1500,0" yaku="6,1" doraHai="134" who="3" fromWho="1" sc="149,0,281,-18,374,0,186,28" /><INIT seed="3,2,0,0,2,104" ten="149,263,374,214" oya="3" hai0="117,128,82,55,14,63,59,32,30,106,3,36,124" hai1="65,41,74,86,68,34,134,16,0,77,72,101,103" hai2="70,62,99,11,95,69,129,43,52,12,2,91,132" hai3="60,25,100,57,80,18,130,92,135,110,116,54,94"/><W120/><G116/><T47/><D3/><U26/><E0/><V98/><F2/><W38/><G120/><T10/><D117/><U126/><E41/><V40/><F132/><W13/><G135/><T111/><D111/><U5/><E5/><V64/><F129/><W115/><G115/><T50/><D128/><U58/><E68/><V97/><F70/><W76/><G130/><T9/><D106/><U27/><E34/><V46/><F52/><W125/><G125/><T48/><D124/><U105/><E134/><V127/><F127/><W121/><G121/><T112/><D112/><U51/><E27/><V20/><F20/><W71/><G38/><T96/><D9/><U28/><E28/><V122/><F122/><W23/><G71/><T39/><D50/><U109/><E109/><V119/><F119/><W83/><G100/><T67/><D96/><U17/><E103/><V108/><F108/><W84/><G110/><T6/><REACH who="0" step="1"/><D82/><REACH who="0" ten="139,263,374,214" step="2"/><U44/><E51/><V56/><F99/><W93/><G83/><T113/><D113/><U22/><E105/><V37/><F98/><W35/><G35/><T73/><D73/><U45/><E74/><V29/><F97/><W89/><REACH who="3" step="1"/><G13/><REACH who="3" ten="139,263,374,204" step="2"/><T102/><D102/><U61/><E126/><V15/><F12/><W85/><AGARI ba="2,2" hai="18,23,25,54,57,60,76,80,84,85,89,92,93,94" machi="85" ten="20,12000,1" yaku="1,1,2,1,0,1,7,1,8,1,53,0" doraHai="104" doraHaiUra="118" who="3" fromWho="3" sc="139,-42,263,-42,374,-42,204,146" /><INIT seed="3,3,0,3,4,115" ten="97,221,332,350" oya="3" hai0="4,9,52,80,91,59,32,17,27,113,16,82,22" hai1="97,58,64,125,72,79,20,133,66,76,110,45,61" hai2="75,130,19,84,29,135,62,38,112,48,46,55,123" hai3="126,51,116,57,127,134,102,14,114,90,128,71,104"/><W94/><G71/><T131/><D131/><U85/><E110/><V74/><F112/><W12/><G114/><T81/><D32/><U37/><E133/><V47/><F130/><W35/><G35/><T100/><D100/><U40/><E125/><N who="3" m="47626" /><G134/><T39/><D39/><U77/><E72/><V98/><F135/><W69/><G69/><T121/><D121/><U132/><E132/><V13/><F123/><W21/><G102/><T108/><D108/><U109/><E109/><V106/><F29/><W93/><G93/><T83/><D113/><U53/><E97/><V11/><F62/><W99/><G104/><T86/><D17/><U18/><REACH who="1" step="1"/><E85/><REACH who="1" ten="97,211,332,350" step="2"/><V56/><F84/><W41/><G128/><T42/><D42/><U73/><E73/><V7/><F75/><W96/><G96/><T101/><D101/><U24/><AGARI ba="3,1" hai="18,20,24,37,40,45,53,58,61,64,66,76,77,79" machi="24" ten="30,2000,0" yaku="1,1,0,1,53,0" doraHai="115" doraHaiUra="120" who="1" fromWho="1" sc="97,-8,211,39,332,-8,350,-13" /><INIT seed="4,0,0,3,1,62" ten="89,250,324,337" oya="0" hai0="1,38,107,97,49,124,66,33,108,80,36,102,13" hai1="114,23,8,58,126,131,95,10,91,81,110,30,44" hai2="112,92,84,119,52,47,11,133,82,39,67,18,54" hai3="19,21,94,90,75,0,104,37,45,28,60,48,106"/><T40/><D1/><U2/><E110/><V105/><F105/><W109/><G37/><T46/><D108/><U127/><E131/><V93/><F112/><W121/><G75/><T20/><D33/><U65/><E114/><V57/><F133/><W83/><G0/><T5/><D124/><U34/><E44/><V41/><F119/><W6/><G6/><T68/><D80/><U74/><E74/><V50/><F54/><W123/><G83/><T17/><REACH who="0" step="1"/><D5/><REACH who="0" ten="79,250,324,337" step="2"/><U118/><E81/><V87/><F82/><W113/><G109/><T12/><D12/><U51/><E34/><V3/><F3/><W29/><G113/><T43/><D43/><U61/><E2/><V25/><F93/><W89/><G94/><T55/><D55/><U116/><E127/><V125/><F92/><W72/><G106/><T132/><D132/><U122/><E126/><V71/><F125/><W117/><G104/><T15/><D15/><U99/><E118/><V100/><F100/><W56/><G117/><T130/><D130/><U22/><E116/><V42/><F42/><N who="3" m="24631" /><G72/><T7/><D7/><U78/><E95/><V98/><F41/><W76/><G76/><T26/><D26/><U4/><E4/><V16/><F25/><N who="3" m="14527" /><G123/><T79/><D79/><U120/><E120/><V73/><F73/><W135/><G121/><T27/><D27/><U85/><E78/><V31/><F52/><N who="3" m="33799" /><G135/><T129/><D129/><U96/><E122/><V69/><F39/><W88/><AGARI ba="0,1" hai="28,29,88,89,90" m="33799,14527,24631" machi="88" ten="30,4000,0" yaku="8,1,54,2" doraHai="62" who="3" fromWho="3" sc="79,-20,250,-10,324,-10,337,50" /><INIT seed="5,0,0,1,3,10" ten="59,240,314,387" oya="1" hai0="94,46,84,134,18,35,38,131,129,17,11,30,36" hai1="108,114,14,111,58,128,91,103,130,32,127,24,25" hai2="81,1,4,41,113,118,88,93,80,110,53,124,6" hai3="133,9,61,5,115,50,57,126,120,99,125,97,92"/><U95/><E103/><V3/><F118/><W42/><G120/><T106/><D106/><U122/><E122/><V116/><F110/><N who="1" m="42025" /><E114/><V54/><F116/><W27/><G115/><T76/><D134/><U132/><E132/><V77/><F113/><W82/><G82/><T52/><D30/><U87/><E127/><N who="3" m="48650" /><G27/><N who="1" m="10314" /><E32/><V15/><F124/><W19/><G19/><T104/><D35/><U107/><E107/><V96/><F41/><W89/><G42/><T22/><D104/><U85/><E58/><V69/><F69/><W43/><G99/><T109/><D109/><U105/><E105/><V20/><F1/><W68/><G68/><T28/><D28/><U78/><E14/><V90/><F3/><W2/><G133/><T121/><D121/><U112/><E112/><V51/><F15/><W75/><G75/><T79/><D11/><U0/><E0/><V74/><F20/><W135/><G135/><T40/><D22/><U117/><E117/><V34/><F34/><W73/><G73/><T39/><D40/><U31/><E31/><V71/><F71/><W64/><G43/><T26/><D26/><U33/><E33/><V23/><F23/><W72/><G72/><T65/><D38/><U29/><E29/><V119/><F119/><W16/><G2/><T66/><D39/><U62/><E62/><V49/><F49/><W7/><G50/><T60/><D60/><U48/><E48/><V83/><F51/><W21/><G21/><T8/><D8/><U44/><E44/><V59/><F74/><W55/><G9/><T102/><D36/><U98/><E98/><RYUUKYOKU ba="0,0" sc="59,-10,240,30,314,-10,387,-10" hai1="78,85,87,91,95,128,130" /><INIT seed="5,1,0,2,1,55" ten="49,270,304,377" oya="1" hai0="66,39,53,45,63,11,89,112,49,0,38,23,31" hai1="62,48,57,129,33,15,127,5,106,1,92,132,100" hai2="16,79,76,2,128,119,72,69,84,52,124,94,10" hai3="85,80,88,125,133,32,61,21,109,134,116,37,87"/><U6/><E132/><N who="3" m="50794" /><G32/><T17/><D112/><U90/><E129/><V22/><F119/><W101/><G37/><T59/><D31/><U71/><E127/><V64/><F128/><W34/><G34/><T7/><REACH who="0" step="1"/><D89/><REACH who="0" ten="39,270,304,377" step="2"/><U14/><E90/><N who="2" m="53575" /><F124/><W104/><G88/><T77/><D77/><U91/><E33/><V41/><F79/><W105/><G125/><T126/><D126/><U121/><E121/><V111/><F76/><W96/><G116/><T120/><D120/><U108/><E108/><V67/><F111/><W114/><G109/><T43/><D43/><U58/><E91/><V36/><F41/><W115/><G115/><T30/><D30/><U107/><E92/><V24/><F72/><W103/><G114/><T82/><D82/><U118/><E118/><V113/><F113/><W75/><G80/><T29/><D29/><U74/><E74/><V8/><F36/><W35/><G75/><T73/><D73/><U86/><E86/><V44/><F69/><W50/><G85/><T102/><D102/><U54/><E100/><V19/><F2/><W81/><G87/><T28/><D28/><U56/><E1/><V99/><F99/><W12/><G81/><T27/><AGARI ba="1,1" hai="0,7,11,17,23,27,38,39,45,49,53,59,63,66" machi="27" ten="20,8000,1" yaku="1,1,0,1,7,1,52,1,53,1" doraHai="55" doraHaiUra="46" who="0" fromWho="0" sc="39,93,270,-41,304,-21,377,-21" /><INIT seed="6,0,0,3,3,16" ten="132,229,283,356" oya="2" hai0="25,105,84,8,131,116,43,100,85,99,0,88,122" hai1="119,69,120,59,90,46,1,65,20,115,11,80,28" hai2="72,83,54,18,95,34,132,71,110,76,61,62,87" hai3="23,2,74,26,53,123,126,19,114,125,45,52,12"/><V60/><F132/><W57/><G123/><T21/><D122/><U42/><E119/><V6/><F34/><W86/><G74/><T82/><D116/><U63/><E115/><V73/><F110/><W30/><G2/><T35/><D131/><U15/><E120/><V49/><F71/><W64/><G114/><T41/><D35/><U111/><E111/><V124/><F124/><N who="3" m="47723" /><G86/><T94/><D8/><U102/><E102/><V39/><F39/><W33/><G45/><T127/><D0/><U70/><E90/><V37/><F37/><W50/><G53/><T40/><D127/><U92/><E92/><V51/><F51/><W117/><G117/><T3/><D3/><U9/><E80/><V112/><F112/><W89/><G89/><T107/><REACH who="0" step="1"/><D84/><REACH who="0" ten="122,229,283,356" step="2"/><U118/><E11/><V91/><F73/><W97/><G97/><T29/><AGARI ba="0,1" hai="21,25,29,40,41,43,82,85,88,94,99,100,105,107" machi="29" ten="30,8000,1" yaku="1,1,2,1,0,1,52,1,54,1,53,0" doraHai="16" doraHaiUra="48" who="0" fromWho="0" sc="122,90,229,-20,283,-40,356,-20" /><INIT seed="7,0,0,3,4,33" ten="212,209,243,336" oya="3" hai0="126,68,72,106,124,95,86,21,102,41,19,70,75" hai1="44,96,36,37,114,5,61,16,92,79,50,90,108" hai2="26,81,132,84,32,120,57,49,13,38,74,46,127" hai3="0,10,129,23,122,125,63,43,121,69,112,20,64"/><W89/><G43/><T14/><D106/><U1/><E108/><V56/><F74/><N who="0" m="28202" /><D41/><U17/><E1/><V91/><F38/><W134/><G129/><T135/><D135/><U55/><E37/><V66/><F132/><W24/><G125/><N who="0" m="48235" /><D86/><U58/><E114/><V62/><F127/><W117/><G89/><T2/><D2/><U39/><E5/><V110/><F110/><W99/><G23/><T118/><D118/><U98/><E39/><V93/><F13/><W18/><G63/><T130/><D130/><U94/><E79/><V104/><F104/><W59/><G59/><T48/><D48/><U105/><E36/><V28/><F120/><W30/><G20/><T42/><D42/><N who="1" m="24855" /><E105/><V131/><F131/><W128/><G0/><T65/><D65/><U34/><E34/><V15/><F66/><W83/><G64/><T8/><D21/><U107/><E107/><V47/><F32/><W67/><G67/><T103/><D95/><U25/><E25/><V52/><F93/><W35/><G24/><T123/><D123/><U31/><E31/><V71/><F28/><W27/><G30/><T80/><D80/><U101/><AGARI ba="0,0" hai="16,17,55,58,61,90,92,94,96,98,101" m="24855" machi="101" ten="30,2000,0" yaku="8,1,54,1" doraHai="33" who="1" fromWho="1" sc="212,-5,209,20,243,-5,336,-10" owari="207,-29.3,229,-17.1,238,3.8,326,42.6" /></mjloggm>