<mjloggm ver="2.3"><GO type="169" lobby="0"/><UN n0="%E3%81%82%E3%81%84%E3%81%93%E3%81%99" n1="%E7%AD%89%E3%80%85%E5%8A%9B%E5%8A%87%E5%A0%B4" n2="%37%36%35%2D%37%32" n3="%E6%96%90%E6%B5%85" dan="16,16,16,16" rate="2088.59,2138.05,2064.23,2071.94" sx="M,M,M,M"/><TAIKYOKU oya="0"/><INIT seed="0,0,0,1,2,17" ten="250,250,250,250" oya="0" hai0="18,31,36,21,104,32,72,118,40,109,64,5,74" hai1="82,53,63,71,120,114,34,97,101,33,122,41,35" hai2="106,52,110,113,132,127,112,70,90,50,98,27,75" hai3="54,88,76,100,130,8,133,92,134,19,45,37,108"/><T51/><D118/><U15/><E114/><V121/><F121/><W23/><G108/><T85/><D109/><U116/><E116/><V57/><F110/><W126/><G76/><T95/><D104/><U49/><E41/><V128/><F128/><W103/><G130/><T78/><D36/><U83/><E15/><V131/><F131/><W65/><G8/><T96/><D5/><U94/><E63/><V10/><F132/><N who="3" m="50795" /><G65/><T80/><D31/><U107/><E71/><V12/><F127/><W14/><G126/><T66/><D32/><U60/><E60/><V59/><F70/><W2/><G2/><T93/><D74/><U44/><REACH who="1" step="1"/><E107/><REACH who="1" ten="250,240,250,250" step="2"/><V56/><F106/><W24/><G14/><N who="0" m="9431" /><D72/><U84/><E84/><V77/><F75/><W0/><G0/><T125/><D125/><U55/><E55/><V20/><F52/><W68/><G68/><T129/><D129/><U119/><E119/><V9/><F12/><W6/><G6/><T91/><D40/><U3/><E3/><V58/><F113/><W22/><G54/><T43/><D43/><U46/><E46/><V111/><F112/><W39/><G45/><T4/><D4/><U69/><E69/><V1/><F1/><W105/><G105/><T117/><D117/><U38/><E38/><V115/><F115/><W30/><G39/><T26/><D51/><U42/><E42/><V28/><F111/><W123/><G37/><T135/><D135/><U29/><E29/><V79/><F50/><W62/><G62/><T25/><D66/><U61/><E61/><V13/><N who="2" m="14336" /><DORA hai="16" /><V48/><F48/><RYUUKYOKU ba="0,1" sc="250,-10,240,30,250,-10,250,-10" hai1="33,34,35,44,49,53,82,83,94,97,101,120,122" /><INIT seed="1,1,1,5,1,33" ten="240,270,240,240" oya="1" hai0="14,80,72,20,87,83,65,60,102,24,124,73,9" hai1="43,5,135,114,84,92,123,110,57,32,28,51,22" hai2="128,70,117,69,29,50,10,131,21,68,75,109,26" hai3="97,112,13,132,134,81,98,88,126,104,129,37,127"/><U90/><E114/><V106/><F117/><W105/><G37/><T45/><D124/><N who="3" m="47657" /><G112/><T96/><D45/><U118/><E123/><V95/><F106/><N who="3" m="41067" /><G13/><T52/><D73/><U56/><E118/><V19/><F75/><W39/><G39/><T107/><D72/><U116/><E116/><V8/><F109/><W108/><G108/><T89/><D83/><U49/><E32/><V122/><F122/><W16/><G16/><T47/><D65/><U130/><E110/><V94/><F50/><W58/><G58/><T7/><D60/><U103/><E56/><V101/><F101/><W53/><G53/><T113/><D113/><U125/><E51/><V41/><F41/><W121/><G121/><T71/><D47/><U42/><E57/><V0/><F29/><W74/><G129/><N who="2" m="49737" /><F10/><W133/><G74/><T120/><D120/><U115/><E28/><V85/><F85/><AGARI ba="1,1" hai="81,85,88,97,98,132,133,134" m="41067,47657" machi="85" ten="40,8000,1" yaku="20,1,18,1,34,2,54,1" doraHai="33" who="3" fromWho="2" sc="240,0,270,0,240,-83,240,93" /><INIT seed="2,0,0,3,4,98" ten="240,270,157,333" oya="2" hai0="73,61,63,64,118,44,9,128,54,91,121,82,81" hai1="28,7,77,41,0,101,112,62,67,4,108,88,86" hai2="84,16,55,114,115,33,83,21,15,79,25,127,35" hai3="100,92,107,74,18,49,116,113,120,68,78,58,17"/><V71/><F127/><W80/><G116/><T106/><D118/><U59/><E112/><V70/><F114/><W111/><G113/><T60/><D121/><U29/><E108/><V37/><F115/><W5/><G111/><T134/><D128/><U6/><E0/><V102/><F37/><W85/><G68/><T26/><D134/><U24/><E77/><V119/><F119/><W36/><G36/><T14/><D106/><U51/><E101/><V97/><F55/><W131/><G131/><T65/><D26/><U32/><E29/><V22/><F71/><W13/><G120/><T11/><D11/><U30/><E30/><V23/><F70/><W124/><G124/><T8/><D8/><U89/><REACH who="1" step="1"/><E86/><REACH who="1" ten="240,260,157,333" step="2"/><V31/><REACH who="2" step="1"/><F35/><REACH who="2" ten="240,260,147,333" step="2"/><W46/><G74/><T87/><D73/><U103/><E103/><V47/><F47/><AGARI ba="0,2" hai="4,6,7,24,28,32,41,47,51,59,62,67,88,89" machi="47" ten="40,2600,0" yaku="1,1,54,1,53,0" doraHai="98" doraHaiUra="125" who="1" fromWho="2" sc="240,0,260,46,147,-26,333,0" /><INIT seed="3,0,0,1,2,33" ten="240,306,121,333" oya="3" hai0="78,34,70,94,89,126,95,17,113,41,16,32,69" hai1="101,120,93,73,74,12,79,122,80,31,106,38,91" hai2="36,128,64,54,8,18,22,45,7,133,115,82,57" hai3="65,58,121,24,60,92,20,37,88,6,131,5,14"/><W87/><G121/><N who="1" m="46698" /><E12/><V105/><F115/><W9/><G131/><T84/><D113/><U76/><E31/><V96/><F128/><W55/><G37/><T49/><D126/><U52/><E52/><V75/><F133/><W114/><G114/><T97/><D70/><U40/><E40/><V51/><F105/><W102/><G102/><T104/><D69/><U46/><E46/><V129/><F96/><W10/><G10/><T48/><D104/><U30/><E30/><V67/><F129/><W132/><G132/><T109/><D109/><U100/><E38/><V77/><F57/><W90/><G90/><T11/><D34/><U23/><E23/><V116/><F116/><W28/><REACH who="3" step="1"/><G55/><REACH who="3" ten="240,306,121,323" step="2"/><T61/><D11/><U125/><E91/><V59/><F36/><W118/><G118/><T71/><D89/><U68/><E101/><V3/><REACH who="2" step="1"/><F45/><REACH who="2" ten="240,306,111,323" step="2"/><W72/><G72/><T130/><D130/><U29/><E73/><V53/><F53/><W50/><G50/><T81/><D49/><U63/><E74/><V111/><F111/><W112/><G112/><T99/><D48/><U110/><E110/><V108/><F108/><W4/><AGARI ba="0,2" hai="4,5,6,9,14,20,24,28,58,60,65,87,88,92" machi="4" ten="20,12000,1" yaku="1,1,0,1,7,1,8,1,54,1,53,0" doraHai="33" doraHaiUra="15" who="3" fromWho="3" sc="240,-40,306,-40,111,-40,323,140" /><INIT seed="3,1,0,5,4,134" ten="200,266,71,463" oya="3" hai0="5,18,97,46,66,44,85,120,52,105,65,57,39" hai1="0,103,15,111,13,75,26,56,16,28,30,21,50" hai2="109,108,99,130,33,60,48,122,17,38,117,12,45" hai3="1,69,63,95,81,80,20,62,132,2,59,88,90"/><W98/><G132/><T86/><D120/><U64/><E0/><V40/><F117/><W55/><G2/><T72/><D72/><U51/><E75/><V76/><F122/><W127/><G127/><T79/><D5/><U29/><E111/><V54/><F130/><W133/><G1/><T11/><D105/><U121/><E121/><V61/><F33/><W119/><G119/><T22/><D97/><U96/><E64/><N who="0" m="24681" /><D11/><U68/><E68/><V118/><F118/><W131/><G69/><T37/><D37/><U67/><E67/><V82/><F99/><W58/><G131/><T124/><D39/><U106/><REACH who="1" step="1"/><E51/><REACH who="1" ten="200,256,71,463" step="2"/><V113/><F109/><W73/><G73/><T112/><D112/><U125/><E125/><V135/><F113/><W70/><G70/><T47/><D124/><U7/><E7/><V84/><F108/><W78/><G133/><T10/><D79/><U49/><E49/><V101/><F135/><W92/><G78/><T35/><D35/><U128/><E128/><V27/><F38/><W8/><G63/><N who="0" m="36263" /><D10/><U41/><E41/><V36/><F40/><W3/><G8/><T34/><D34/><U114/><E114/><V87/><F36/><W94/><G62/><T93/><D93/><U123/><E123/><V6/><F61/><W104/><G95/><T9/><D9/><U24/><E24/><AGARI ba="1,1" hai="18,22,24,44,46,47,85,86" m="36263,24681" machi="24" ten="30,2000,0" yaku="8,1,54,1" doraHai="134" who="0" fromWho="1" sc="200,33,256,-23,71,0,463,0" /><INIT seed="4,0,0,1,3,67" ten="233,233,71,463" oya="0" hai0="114,87,88,13,126,64,29,122,60,57,75,28,80" hai1="85,33,99,132,74,25,103,104,19,93,9,130,94" hai2="79,21,73,59,72,47,18,56,46,14,107,120,45" hai3="54,69,6,0,78,11,42,109,10,37,23,129,116"/><T123/><D114/><U125/><E74/><V71/><F107/><W31/><G116/><T131/><D131/><U117/><E117/><V44/><N who="2" m="11264" /><DORA hai="133" /><V63/><F120/><W89/><G109/><T112/><D112/><U32/><E132/><V82/><F56/><W111/><G78/><T8/><D75/><U118/><E118/><V98/><F98/><W58/><G58/><T135/><D135/><U27/><E130/><V61/><F61/><W65/><G54/><T110/><D110/><U4/><E104/><V66/><F59/><W38/><G23/><T115/><D115/><U84/><E9/><V124/><REACH who="2" step="1"/><F72/><REACH who="2" ten="233,233,61,463" step="2"/><W24/><G111/><T97/><D123/><U51/><E99/><V128/><F128/><W127/><G129/><T2/><D122/><U81/><E51/><V100/><F100/><W68/><G38/><T39/><D39/><U101/><E103/><V43/><F43/><W53/><G42/><T108/><D108/><U105/><E101/><V20/><F20/><W48/><G48/><T70/><D97/><U50/><E50/><V121/><F121/><W3/><G37/><T96/><D96/><U62/><E62/><V92/><F92/><W55/><G11/><T76/><D57/><U119/><E94/><V86/><F86/><W16/><G10/><T49/><D49/><U102/><E93/><V41/><F41/><W90/><G55/><T34/><D87/><U134/><E85/><V83/><F83/><W26/><G53/><T35/><D80/><U91/><E84/><V36/><F36/><W52/><G52/><T1/><D8/><RYUUKYOKU ba="0,1" sc="233,-10,233,-10,61,30,463,-10" hai2="14,18,21,63,66,71,73,79,82,124" /><INIT seed="5,1,1,1,3,26" ten="223,223,91,453" oya="1" hai0="105,99,77,51,31,39,10,122,114,101,79,108,36" hai1="68,24,112,120,100,107,33,67,91,3,46,93,58" hai2="1,74,89,19,13,75,57,40,135,95,12,60,37" hai3="45,106,54,66,83,4,109,125,61,121,96,20,17"/><U124/><E120/><V59/><F135/><W76/><G121/><T92/><D122/><U35/><E3/><V63/><F1/><W0/><G109/><T132/><D108/><U98/><E112/><V6/><F37/><W70/><G125/><T44/><D132/><U73/><E124/><V110/><F110/><W34/><G34/><T8/><D39/><U15/><E73/><V82/><F40/><W127/><G127/><T16/><D36/><U126/><E126/><V115/><F82/><W48/><G4/><T38/><D38/><U28/><E68/><V25/><F6/><W56/><G0/><T50/><D50/><U104/><E35/><V90/><F25/><W55/><G70/><T22/><D105/><U131/><E131/><V41/><F41/><W65/><G96/><T128/><D114/><U88/><E46/><V71/><F71/><W30/><G30/><T42/><D31/><U21/><E107/><V117/><F115/><W81/><G106/><T129/><D128/><U64/><E58/><V123/><F123/><W27/><G83/><T118/><D118/><U53/><E53/><V23/><F117/><W5/><G5/><T130/><D130/><U111/><E111/><V69/><F69/><W133/><G133/><T80/><D129/><U119/><E119/><V43/><F43/><W78/><G78/><N who="0" m="29707" /><D80/><U11/><E33/><V102/><F74/><AGARI ba="1,1" hai="17,20,27,45,48,54,55,56,61,65,66,74,76,81" machi="74" ten="30,1000,0" yaku="7,1" doraHai="26" who="3" fromWho="2" sc="223,0,223,0,91,-13,453,23" /><INIT seed="6,0,0,5,4,132" ten="223,223,78,476" oya="2" hai0="10,16,104,50,83,101,73,93,119,3,23,86,108" hai1="85,30,99,122,41,21,120,98,105,39,45,109,28" hai2="88,11,91,19,29,42,8,84,22,78,70,97,7" hai3="62,2,61,103,51,32,33,110,4,6,56,0,81"/><V65/><F70/><W90/><G110/><T27/><D108/><U69/><E109/><V64/><F29/><W112/><G112/><T100/><D104/><U38/><E69/><V36/><F36/><W40/><G103/><T107/><D107/><U95/><E39/><V125/><F42/><W129/><G129/><T20/><D20/><U131/><E131/><V9/><F7/><W55/><G90/><T47/><D73/><U18/><E105/><V124/><F78/><W87/><G87/><T58/><D58/><U127/><E85/><V134/><F134/><W26/><G81/><T43/><D93/><U94/><E95/><N who="2" m="56551" /><F22/><W130/><G130/><T67/><D119/><U75/><E75/><V52/><F19/><W74/><G74/><T14/><D67/><U66/><E66/><V117/><F52/><W96/><G40/><T31/><D3/><U82/><E41/><V44/><F44/><W17/><G17/><T106/><D106/><U63/><E18/><V48/><F48/><W102/><G51/><T49/><D50/><U15/><E38/><V121/><F121/><W113/><G6/><T54/><D43/><U77/><E77/><AGARI ba="0,0" hai="10,14,16,23,27,31,47,49,54,77,83,86,100,101" machi="77" ten="30,3900,0" yaku="7,1,8,1,54,1" doraHai="132" who="0" fromWho="1" sc="223,39,223,-39,78,0,476,0" /><INIT seed="7,0,0,2,5,109" ten="262,184,78,476" oya="3" hai0="34,27,62,89,91,120,107,112,11,16,67,5,98" hai1="73,41,121,56,80,53,96,92,29,12,66,72,97" hai2="4,6,75,36,32,24,113,127,101,48,0,9,30" hai3="33,126,19,88,124,40,14,59,63,51,85,54,105"/><W1/><G33/><T35/><D120/><U43/><E73/><V61/><F48/><W110/><G1/><T46/><D46/><U65/><E72/><V70/><F101/><W115/><G110/><T132/><D132/><U106/><E106/><V49/><F49/><W45/><G105/><T99/><D99/><U125/><E97/><V64/><F6/><W128/><G128/><T52/><D52/><U134/><E121/><V10/><F10/><W15/><G19/><T8/><D16/><U26/><E134/><V39/><F127/><W68/><G68/><T129/><D11/><U130/><E130/><V13/><F13/><W131/><G131/><T69/><D89/><U122/><E80/><V23/><F23/><W119/><G15/><T71/><D91/><U25/><E25/><V60/><F75/><W104/><G14/><T7/><D7/><U116/><E125/><V3/><F3/><W57/><G88/><T117/><D71/><U133/><E12/><V90/><F90/><W79/><G54/><T42/><D69/><U103/><E53/><V20/><F61/><W84/><G63/><T2/><D62/><U50/><E50/><V100/><F20/><W18/><G51/><T135/><D35/><U123/><E103/><V58/><F58/><W94/><G59/><T87/><D34/><U28/><E56/><V77/><F77/><W108/><G79/><T102/><D102/><U95/><E123/><V82/><F82/><W86/><G124/><T83/><D83/><U81/><E81/><V111/><F111/><W17/><G108/><T21/><D2/><RYUUKYOKU ba="0,0" sc="262,0,184,0,78,0,476,0" owari="262,6.2,184,-21.6,78,-42.2,476,57.6" /></mjloggm>