<mjloggm ver="2.3"><GO type="169" lobby="0"/><UN n0="%E3%82%8A%E3%82%93%E3%81%94%32%32%36" n1="%68%69%72%61%6A%75%6E" n2="%E3%82%8C%E3%81%8A%E3%81%A8%E3%81%BE%E3%81%8A" n3="%53%48%55%54%45%52" dan="16,16,16,17" rate="2137.98,2054.31,2123.26,2195.65" sx="M,M,M,M"/><TAIKYOKU oya="0"/><INIT seed="0,0,0,0,3,56" ten="250,250,250,250" oya="0" hai0="81,30,72,36,53,120,115,9,76,122,13,50,84" hai1="85,66,52,118,14,73,1,101,18,17,10,39,63" hai2="91,106,108,87,79,26,82,19,40,22,112,21,103" hai3="83,32,104,62,55,24,74,8,33,96,58,95,92"/><T65/><D115/><U80/><E118/><V54/><F108/><W119/><G119/><T98/><D36/><U67/><E73/><V75/><F112/><W27/><G104/><T42/><D42/><U7/><E39/><V99/><F40/><W64/><G95/><T135/><D135/><U111/><E111/><V89/><F54/><W31/><G8/><T25/><D98/><U70/><E101/><V100/><F100/><W134/><G134/><T23/><D65/><U0/><E0/><V68/><F68/><W97/><G83/><T59/><REACH who="0" step="1"/><D72/><REACH who="0" ten="240,250,250,250" step="2"/><U130/><E67/><V113/><F113/><W28/><G74/><T38/><D38/><U45/><E130/><V16/><REACH who="2" step="1"/><F75/><REACH who="2" ten="240,250,240,250" step="2"/><W133/><G133/><T15/><D15/><AGARI ba="0,2" hai="15,16,19,21,22,26,79,82,87,89,91,99,103,106" machi="15" ten="30,7700,0" yaku="1,1,2,1,7,1,54,1,53,0" doraHai="56" doraHaiUra="29" who="2" fromWho="0" sc="240,-77,250,0,240,97,250,0" /><INIT seed="1,0,0,3,3,96" ten="163,250,337,250" oya="1" hai0="45,123,16,24,33,65,66,101,17,38,113,54,63" hai1="71,32,49,135,7,97,93,12,14,124,127,74,29" hai2="103,67,105,87,89,80,91,56,48,41,133,52,68" hai3="0,125,79,108,76,23,35,69,59,57,77,110,3"/><U75/><E71/><V106/><F133/><W134/><G69/><T6/><D113/><U46/><E135/><V30/><F91/><W99/><G134/><T132/><D132/><U9/><E32/><V104/><F30/><W36/><G35/><T22/><D33/><U78/><E29/><V2/><F2/><N who="3" m="555" /><G36/><T114/><D6/><U111/><E14/><V70/><F67/><W27/><G99/><T120/><D114/><U31/><E31/><V100/><F70/><W43/><G43/><T85/><D85/><U11/><E11/><V117/><F68/><W72/><G72/><T94/><D38/><U51/><E111/><N who="3" m="42538" /><G125/><N who="1" m="48202" /><E78/><V19/><F117/><W81/><G81/><T107/><D123/><U64/><E64/><V88/><F89/><W118/><G118/><T122/><D66/><U116/><E116/><V128/><F128/><W82/><G82/><T90/><D65/><U115/><E115/><V50/><REACH who="2" step="1"/><F19/><AGARI ba="0,0" hai="19,23,27,57,59,76,77,79" m="42538,555" machi="19" ten="40,1300,0" yaku="14,1" doraHai="96" who="3" fromWho="2" sc="163,0,250,0,337,-13,250,13" /><INIT seed="2,0,0,0,0,30" ten="163,250,324,263" oya="2" hai0="79,109,0,40,2,7,12,87,84,6,8,34,65" hai1="22,31,39,128,122,51,108,41,120,127,62,94,100" hai2="86,104,11,92,116,77,97,85,69,55,82,114,112" hai3="29,59,42,53,113,133,105,48,83,72,74,131,111"/><V43/><F69/><W33/><G111/><T81/><D109/><U56/><E108/><V134/><F43/><W25/><G131/><T106/><D106/><U63/><E128/><V89/><F116/><W64/><G133/><T101/><D101/><U88/><E127/><V73/><F134/><W110/><G110/><T20/><D65/><U50/><E100/><N who="2" m="62479" /><F55/><W32/><G113/><N who="2" m="43625" /><F11/><W102/><G42/><T103/><D103/><U1/><E1/><V52/><F52/><W27/><G83/><T49/><D6/><U4/><E4/><V124/><F124/><W129/><G64/><T66/><D66/><U57/><E39/><V96/><AGARI ba="0,0" hai="73,77,82,85,86,89,92,96" m="43625,62479" machi="96" ten="30,3000,0" yaku="34,2" doraHai="30" who="2" fromWho="2" sc="163,-10,250,-10,324,30,263,-10" /><INIT seed="2,1,0,1,4,53" ten="153,240,354,253" oya="2" hai0="6,12,22,133,16,104,25,120,26,45,101,5,98" hai1="109,132,131,33,51,110,62,81,30,114,84,103,3" hai2="11,1,24,29,19,69,34,63,106,128,85,107,55" hai3="92,64,124,8,94,2,65,125,99,54,100,31,0"/><V95/><F128/><W93/><G31/><T72/><D133/><U117/><E3/><V44/><F44/><W83/><G83/><T46/><D120/><U115/><E33/><V111/><F111/><N who="1" m="42505" /><E30/><V50/><F63/><W14/><G54/><T37/><D72/><U79/><E51/><V66/><F66/><W40/><G40/><T123/><D123/><U73/><E62/><V20/><F69/><W76/><G76/><T23/><D12/><U82/><E117/><V57/><F85/><W126/><G0/><T75/><D75/><U89/><E131/><V135/><F95/><N who="3" m="36427" /><G2/><T78/><D78/><U7/><E7/><AGARI ba="1,0" hai="7,8,14,64,65,94,99,100,124,125,126" m="36427" machi="7" ten="30,1000,0" yaku="18,1" doraHai="53" who="3" fromWho="1" sc="153,0,240,-13,354,0,253,13" /><INIT seed="3,0,0,0,5,52" ten="153,227,354,266" oya="3" hai0="33,66,28,125,86,72,14,94,36,130,119,93,115" hai1="45,91,82,111,46,30,70,123,27,83,102,64,79" hai2="31,48,37,88,132,19,92,95,133,22,96,59,43" hai3="87,118,57,98,3,99,69,23,134,80,18,71,124"/><W121/><G118/><T104/><D28/><U100/><E123/><V24/><F37/><W49/><G3/><T131/><D14/><U15/><E111/><V78/><F78/><W128/><G121/><T68/><D66/><U47/><E15/><V10/><F95/><W17/><G128/><T55/><D55/><U29/><E70/><V50/><F43/><W114/><G114/><T12/><D12/><U25/><E64/><V129/><F129/><W117/><G117/><T108/><D86/><U77/><REACH who="1" step="1"/><E46/><REACH who="1" ten="153,217,354,266" step="2"/><V127/><F133/><W34/><G71/><T21/><D131/><U85/><E85/><V5/><F132/><W76/><G69/><T44/><D44/><U90/><AGARI ba="0,1" hai="25,27,29,30,45,47,77,79,82,83,90,91,100,102" machi="90" ten="25,8000,1" yaku="1,1,0,1,22,2,8,1,53,0" doraHai="52" doraHaiUra="122" who="1" fromWho="1" sc="153,-20,217,90,354,-20,266,-40" /><INIT seed="4,0,0,0,4,71" ten="133,307,334,226" oya="0" hai0="26,29,42,134,77,105,90,13,49,52,79,73,19" hai1="107,60,24,124,67,70,37,132,5,66,78,84,7" hai2="20,58,10,15,2,3,62,6,8,125,110,85,89" hai3="131,120,11,57,123,65,92,39,74,53,122,44,114"/><T117/><D117/><U115/><E107/><V35/><F35/><W43/><G74/><T38/><D105/><U87/><E132/><V64/><F110/><W100/><G11/><T27/><D134/><U82/><E124/><V45/><F125/><W16/><G114/><T108/><D108/><U28/><E115/><V34/><F34/><W83/><G83/><T130/><D130/><U118/><E67/><V21/><F45/><W80/><G80/><T68/><D68/><U59/><E70/><V61/><F62/><W106/><G106/><T116/><D116/><U1/><E37/><V55/><F64/><W101/><G92/><T31/><D38/><U128/><E128/><V104/><F104/><W51/><G131/><T94/><D42/><U12/><E1/><V88/><F89/><W76/><G76/><N who="0" m="29259" /><D29/><U9/><E118/><V109/><F2/><W40/><G43/><T99/><D31/><U98/><E98/><V96/><F96/><W93/><G93/><T63/><D63/><U75/><REACH who="1" step="1"/><E5/><REACH who="1" ten="133,297,334,226" step="2"/><V30/><F109/><W102/><G65/><T135/><D135/><U50/><E50/><V54/><F3/><W91/><G16/><T86/><D99/><U111/><E111/><V133/><F133/><W32/><G32/><AGARI ba="0,1" hai="7,9,12,24,28,32,59,60,66,75,78,82,84,87" machi="32" ten="30,2000,0" yaku="1,1,7,1,53,0" doraHai="71" doraHaiUra="14" who="1" fromWho="3" sc="133,0,297,30,334,0,226,-20" /><INIT seed="5,0,0,3,4,80" ten="133,327,334,206" oya="1" hai0="49,69,108,133,85,4,125,3,71,119,8,92,47" hai1="45,13,26,77,127,30,95,40,76,21,20,57,123" hai2="100,29,5,81,112,110,53,14,73,44,1,52,10" hai3="55,90,94,115,31,18,16,106,70,62,43,25,91"/><U27/><E127/><V41/><F110/><W135/><G115/><T48/><D108/><U42/><E123/><V51/><F112/><W87/><G135/><T128/><D119/><U132/><E132/><V84/><F73/><W79/><G106/><T96/><D133/><U101/><E13/><V11/><F29/><W124/><G124/><T88/><D128/><U93/><E57/><V54/><F100/><W117/><G43/><T0/><D0/><U122/><E122/><V6/><F54/><W65/><G79/><AGARI ba="0,0" hai="1,5,6,10,11,14,41,44,51,52,53,79,81,84" machi="79" ten="30,8000,1" yaku="7,1,25,2,52,1,54,1" doraHai="80" who="2" fromWho="3" sc="133,0,327,0,334,80,206,-80" /><INIT seed="6,0,0,2,5,38" ten="133,327,414,126" oya="2" hai0="95,44,27,92,89,88,129,11,51,93,71,28,68" hai1="60,67,91,72,35,123,57,1,134,50,45,128,56" hai2="65,53,107,79,120,132,29,122,78,114,26,31,37" hai3="131,4,23,126,108,124,103,8,127,34,87,40,46"/><V113/><F65/><W63/><G108/><T96/><D129/><U2/><E35/><V111/><F37/><W17/><G34/><T73/><D73/><U43/><E72/><V106/><F111/><W82/><G103/><T99/><D95/><U119/><E119/><V42/><F53/><W32/><G32/><T125/><D125/><U3/><E123/><V25/><REACH who="2" step="1"/><F132/><REACH who="2" ten="133,327,404,126" step="2"/><W39/><G131/><T115/><D115/><U77/><E128/><V58/><F58/><W105/><G126/><T94/><D68/><U16/><E134/><V22/><F22/><W104/><G127/><T19/><D71/><U6/><E57/><V59/><F59/><W97/><G124/><T117/><D117/><U14/><E56/><V100/><F100/><W10/><G63/><T112/><D112/><U102/><E102/><V75/><F75/><W121/><G121/><T66/><D66/><U15/><E60/><V21/><F21/><W30/><G39/><T24/><D99/><U80/><E67/><V84/><F84/><W90/><G97/><T48/><D96/><U74/><E74/><V133/><F133/><W52/><G52/><T36/><D36/><U55/><E55/><V62/><F62/><W69/><G69/><T0/><D51/><U33/><E50/><V18/><F18/><W5/><G17/><T101/><D101/><U54/><E54/><V118/><F118/><W81/><G23/><N who="0" m="13439" /><D48/><U9/><E33/><V49/><F49/><N who="3" m="26823" /><G30/><T109/><D109/><U12/><E45/><V70/><F70/><W85/><G4/><N who="0" m="1415" /><D44/><U110/><E110/><V20/><F20/><AGARI ba="0,1" hai="20,27,28,88,89,92,93,94" m="1415,13439" machi="20" ten="30,2000,0" yaku="6,1,54,1" doraHai="38" who="0" fromWho="2" sc="133,30,327,0,404,-20,126,0" /><INIT seed="7,0,0,1,1,61" ten="163,327,384,126" oya="3" hai0="133,85,78,40,2,106,104,1,91,13,49,29,38" hai1="25,17,114,80,88,87,23,112,121,99,53,105,65" hai2="57,111,47,101,20,90,103,58,67,92,89,93,125" hai3="39,3,79,7,5,64,43,46,45,73,36,41,27"/><W134/><G134/><T82/><D38/><U37/><E121/><V119/><F111/><W15/><G15/><T71/><D71/><U14/><E37/><V63/><F119/><W56/><G27/><T118/><D118/><U4/><E53/><V97/><F125/><W129/><G129/><T70/><D70/><U96/><E105/><V33/><F33/><W42/><G42/><T59/><D29/><U83/><E83/><V130/><F130/><W131/><G131/><T22/><D106/><U109/><E109/><V86/><F47/><W0/><G7/><T116/><D104/><U11/><REACH who="1" step="1"/><E65/><REACH who="1" ten="163,317,384,126" step="2"/><V81/><F81/><N who="3" m="45295" /><G56/><T124/><D59/><U94/><E94/><V9/><F57/><W74/><G64/><T60/><D82/><U55/><E55/><V8/><F103/><W127/><G127/><T98/><D124/><U48/><E48/><V100/><F100/><W123/><G123/><T95/><D49/><U84/><E84/><V66/><F101/><W69/><G69/><T52/><D85/><U10/><E10/><V120/><F67/><W54/><G54/><T132/><D116/><U50/><E50/><V76/><F120/><W30/><G30/><T68/><D68/><U26/><E26/><V117/><F117/><W108/><G108/><T113/><D132/><U35/><E35/><V72/><F8/><N who="3" m="2087" /><G74/><T126/><D133/><U44/><E44/><V19/><F9/><W107/><G107/><T62/><D126/><U115/><AGARI ba="0,1" hai="4,11,14,17,23,25,80,87,88,96,99,112,114,115" machi="115" ten="30,7900,0" yaku="1,1,0,1,15,1,54,1,53,0" doraHai="61" doraHaiUra="122" who="1" fromWho="1" sc="163,-20,317,89,384,-20,126,-39" owari="143,-25.7,406,50.6,364,16.4,87,-41.3" /></mjloggm>