<mjloggm ver="2.3"><GO type="169" lobby="0"/><UN n0="%E9%9D%92%E6%A3%AE%E3%81%AE%E7%9C%BC%E9%8F%A1%E5%85%88%E8%BC%A9" n1="%E3%81%A8%E3%81%B3%E3%81%BE%E3%81%93" n2="%E3%82%8F%E3%81%8B%E3%82%81%75%64%6E" n3="%67%61%79%75%6E%79" dan="16,17,16,17" rate="2040.93,2196.32,2119.64,2207.56" sx="M,M,M,M"/><TAIKYOKU oya="0"/><INIT seed="0,0,0,4,2,104" ten="250,250,250,250" oya="0" hai0="16,52,91,63,123,134,8,54,0,33,119,1,70" hai1="35,90,51,89,76,57,10,99,85,107,67,109,17" hai2="125,112,94,103,68,53,102,117,100,120,78,106,121" hai3="127,37,98,79,4,118,83,71,93,69,60,62,66"/><T49/><D123/><U84/><E35/><V24/><F68/><W105/><G127/><T101/><D119/><U20/><E109/><V6/><F112/><W111/><G118/><T43/><D33/><U11/><E107/><V96/><F117/><W113/><G113/><T61/><D134/><U2/><E2/><V75/><F6/><W40/><G111/><T56/><D101/><N who="2" m="39018" /><F53/><W72/><G4/><T5/><D1/><U64/><E99/><V97/><F24/><W88/><G105/><T133/><D133/><U128/><E76/><V39/><F39/><W47/><G62/><T15/><D91/><U46/><E128/><V7/><F7/><W124/><G124/><T30/><D30/><U12/><E90/><N who="2" m="55383" /><F125/><W34/><G34/><T110/><D110/><U3/><E84/><V116/><F116/><W44/><G47/><T126/><D126/><U73/><E73/><V82/><AGARI ba="0,0" hai="75,78,82,97,103,106,120,121" m="55383,39018" machi="82" ten="30,4000,0" yaku="34,2,52,1" doraHai="104" who="2" fromWho="2" sc="250,-20,250,-10,250,40,250,-10" /><INIT seed="1,0,0,1,4,66" ten="230,240,290,240" oya="1" hai0="33,13,90,132,77,61,110,39,116,93,126,111,96" hai1="124,122,7,17,65,75,78,123,62,8,31,112,72" hai2="69,51,135,49,127,53,29,134,92,32,103,48,18" hai3="38,104,130,20,59,128,129,114,73,131,85,23,50"/><U4/><E112/><V36/><F36/><W2/><G73/><T43/><D116/><U102/><E124/><V107/><F107/><W15/><G38/><T19/><D126/><U106/><E31/><V118/><F118/><W1/><G104/><T16/><D33/><U21/><E102/><V60/><F127/><W71/><G114/><T37/><D19/><U24/><E106/><V105/><F18/><W115/><G115/><T57/><D77/><U0/><E7/><V99/><F92/><W113/><G113/><T98/><D98/><U89/><E89/><V55/><F55/><N who="3" m="32247" /><G71/><T84/><D96/><U119/><E119/><V64/><REACH who="2" step="1"/><F53/><REACH who="2" ten="230,240,280,240" step="2"/><W54/><G131/><T109/><D43/><U81/><REACH who="1" step="1"/><E72/><REACH who="1" ten="230,230,280,240" step="2"/><V82/><F82/><W28/><G130/><T95/><D95/><U108/><E108/><V80/><F80/><W94/><G129/><T5/><D110/><U35/><E35/><V133/><F133/><W9/><G94/><T34/><D132/><U121/><E121/><V79/><F79/><W74/><G74/><T45/><D34/><U14/><E14/><V68/><F68/><AGARI ba="0,2" hai="0,4,8,17,21,24,62,65,68,75,78,81,122,123" machi="68" ten="30,11600,0" yaku="1,1,7,1,52,1,53,1" doraHai="66" doraHaiUra="6" who="1" fromWho="2" sc="230,0,230,136,280,-116,240,0" /><INIT seed="1,1,0,4,1,11" ten="230,366,164,240" oya="1" hai0="18,22,43,90,19,74,58,33,80,23,41,101,28" hai1="21,71,79,7,83,108,99,31,102,129,45,68,114" hai2="61,89,66,29,53,70,62,87,135,128,8,109,121" hai3="25,15,65,92,119,110,118,1,54,125,44,107,48"/><U98/><E114/><V132/><F121/><W72/><G107/><T117/><D117/><N who="3" m="44553" /><G1/><T78/><D33/><U42/><E129/><V17/><F29/><W95/><G72/><T13/><D28/><U67/><E7/><V38/><F38/><W106/><G106/><T91/><D58/><U10/><E10/><V6/><F17/><W50/><G65/><T130/><D101/><U16/><E31/><V60/><F128/><W3/><G3/><T88/><REACH who="0" step="1"/><D130/><REACH who="0" ten="220,366,164,240" step="2"/><U97/><E71/><V52/><F70/><W59/><G59/><T100/><D100/><U47/><E102/><V84/><F135/><W94/><G125/><T115/><D115/><U0/><E68/><V96/><F132/><W24/><G110/><T12/><AGARI ba="1,1" hai="12,13,18,19,22,23,41,43,74,78,80,88,90,91" machi="12" ten="30,12000,2" yaku="1,1,0,1,9,1,52,2,54,1,53,0" doraHai="11" doraHaiUra="113" who="0" fromWho="0" sc="220,133,366,-61,164,-31,240,-31" /><INIT seed="2,0,0,4,3,77" ten="353,305,133,209" oya="2" hai0="16,128,111,44,79,28,48,51,45,39,118,5,117" hai1="130,135,52,96,87,93,0,24,68,62,18,47,61" hai2="110,21,119,121,86,89,116,64,58,90,120,124,66" hai3="26,74,115,103,76,134,22,46,82,133,81,109,55"/><V131/><F21/><W33/><G33/><T8/><D111/><U56/><E0/><V70/><F70/><W83/><G109/><T30/><D128/><U75/><E75/><V114/><F110/><W97/><G115/><T2/><D79/><U105/><E105/><V34/><F34/><W15/><G15/><T60/><D60/><U112/><E135/><N who="3" m="51722" /><G55/><T94/><D94/><U19/><E130/><V98/><F58/><W27/><G46/><T125/><D125/><U4/><E4/><V36/><F36/><W41/><G41/><T95/><D95/><U50/><E87/><V129/><F86/><W84/><G74/><T20/><D48/><U25/><E62/><V91/><F98/><W71/><G71/><T127/><D44/><U12/><E19/><V42/><F42/><W53/><G53/><N who="0" m="29935" /><D39/><U7/><E7/><V85/><F85/><W49/><G49/><T3/><D127/><U122/><E122/><V104/><F104/><N who="3" m="63599" /><G26/><N who="0" m="14599" /><D2/><U126/><E126/><V14/><F14/><W123/><G123/><T9/><D9/><N who="1" m="6415" /><E112/><V59/><F124/><W23/><G23/><T92/><D3/><U13/><E13/><V113/><F59/><W54/><G54/><T67/><D5/><U1/><E1/><V108/><F108/><W17/><AGARI ba="0,0" hai="17,22,27,76,81,82,83,84" m="63599,51722" machi="17" ten="30,7900,0" yaku="20,1,52,3" doraHai="77" who="3" fromWho="3" sc="353,-20,305,-20,133,-39,209,79" /><INIT seed="3,0,0,2,5,80" ten="333,285,94,288" oya="3" hai0="128,10,95,110,134,93,98,75,1,56,101,65,32" hai1="7,107,39,27,6,52,45,31,68,50,117,24,77" hai2="104,100,133,2,124,123,108,109,78,119,69,122,14" hai3="12,15,3,49,26,44,4,9,85,17,66,34,11"/><W13/><G66/><T112/><D32/><U63/><E107/><V90/><F2/><W73/><G73/><T91/><D75/><U36/><E117/><V72/><F69/><W105/><G105/><T116/><D116/><U35/><E77/><V43/><F119/><W37/><G37/><T83/><D83/><U23/><E68/><V20/><F43/><W115/><G115/><T54/><D65/><U67/><E67/><V28/><F28/><N who="3" m="19735" /><G85/><T58/><D58/><U97/><E63/><V120/><F20/><N who="3" m="11303" /><G49/><T8/><D112/><U51/><E97/><V121/><F121/><W131/><G44/><T89/><D54/><U76/><E76/><V92/><F78/><W130/><G11/><T5/><D10/><U40/><E39/><V25/><F72/><W38/><G38/><T103/><D56/><U94/><E94/><V113/><F113/><W71/><G71/><T46/><D46/><U81/><E81/><V82/><F82/><W41/><G41/><T84/><D93/><U96/><E96/><V86/><F104/><W118/><G118/><T64/><D95/><U61/><E61/><V0/><F123/><W88/><G88/><T87/><D91/><U18/><E36/><V135/><F122/><W126/><G126/><T53/><D89/><U79/><E79/><V99/><F124/><W60/><G60/><T59/><D98/><U57/><AGARI ba="0,0" hai="6,7,18,23,24,27,31,35,40,45,50,51,52,57" machi="57" ten="20,2700,0" yaku="0,1,7,1,54,1" doraHai="80" who="1" fromWho="1" sc="333,-7,285,27,94,-7,288,-13" /><INIT seed="4,0,0,1,0,130" ten="326,312,87,275" oya="0" hai0="68,92,93,51,71,3,20,25,86,85,58,120,24" hai1="41,74,125,19,95,21,61,38,89,63,54,49,96" hai2="128,16,62,88,64,33,59,7,103,5,6,111,8" hai3="101,76,12,9,52,115,66,34,40,131,134,15,46"/><T102/><D120/><U2/><E2/><V36/><F111/><W27/><G131/><T135/><D135/><U0/><E0/><V113/><F128/><W73/><G66/><T77/><D3/><U104/><E74/><V67/><F113/><W123/><G115/><T47/><D68/><U4/><E4/><V126/><F36/><W80/><G123/><T121/><D71/><U37/><E125/><V79/><F33/><W48/><G101/><T100/><D58/><U60/><E104/><V105/><F126/><W118/><G118/><T23/><D121/><U112/><E41/><V13/><F79/><W133/><G40/><T98/><D77/><U10/><E10/><V26/><F26/><W43/><G43/><T53/><D100/><U70/><E70/><V109/><F109/><W72/><G72/><T35/><D35/><U106/><E106/><V91/><REACH who="2" step="1"/><F67/><REACH who="2" ten="326,312,77,275" step="2"/><W28/><REACH who="3" step="1"/><G15/><REACH who="3" ten="326,312,77,265" step="2"/><T108/><D108/><U29/><E112/><V110/><F110/><W117/><G117/><T94/><D25/><N who="1" m="14527" /><E38/><V116/><F116/><W50/><G50/><T1/><D24/><U90/><E37/><V75/><F75/><W14/><G14/><T39/><D39/><U18/><E49/><V78/><F78/><W69/><G69/><T83/><D1/><U57/><E61/><V11/><F11/><W55/><G55/><T114/><D114/><U17/><E60/><V81/><F81/><W119/><G119/><T32/><D83/><U44/><E54/><V45/><F45/><W107/><G107/><T99/><D53/><U97/><E44/><V31/><F31/><RYUUKYOKU ba="0,2" sc="326,-15,312,-15,77,15,265,15" hai2="5,6,7,8,13,16,59,62,64,88,91,103,105" hai3="9,12,27,28,34,46,48,52,73,76,80,133,134" /><INIT seed="5,1,2,5,1,109" ten="311,297,92,280" oya="1" hai0="110,77,45,60,27,99,37,10,96,58,49,84,35" hai1="117,101,62,73,133,57,92,51,94,127,90,108,4" hai2="6,1,103,121,47,36,81,131,53,83,59,89,87" hai3="55,28,16,63,125,134,8,26,29,12,18,41,69"/><U120/><E117/><V116/><F116/><W106/><G134/><T65/><D110/><U61/><E108/><V7/><F121/><W20/><G125/><T132/><D37/><U135/><E120/><V82/><F131/><W75/><G75/><T24/><D35/><U11/><E73/><V97/><F36/><W128/><G128/><T43/><D10/><U38/><E38/><V9/><F47/><W88/><G106/><T42/><D42/><U32/><E32/><V74/><F7/><W13/><G41/><T34/><D34/><U100/><E51/><V15/><F1/><W98/><G69/><T19/><D132/><N who="1" m="50763" /><E92/><V71/><F71/><W79/><G13/><T85/><D85/><N who="1" m="52559" /><E127/><V129/><F74/><W5/><G5/><T112/><D84/><U46/><E46/><V44/><F44/><W124/><G79/><T86/><D86/><U91/><E91/><V67/><F129/><W14/><G124/><T70/><D77/><U105/><E105/><V122/><F122/><W115/><G98/><T48/><D99/><U78/><E78/><V126/><F126/><W54/><G88/><T39/><D96/><U30/><E30/><N who="3" m="11882" /><G63/><N who="1" m="24074" /><E57/><V50/><REACH who="2" step="1"/><F67/><REACH who="2" ten="311,297,82,280" step="2"/><W3/><G3/><AGARI ba="1,3" hai="3,4,11,100,101" m="24074,52559,50763" machi="3" ten="30,1500,0" yaku="20,1" doraHai="109" who="1" fromWho="3" sc="311,0,297,48,82,0,280,-18" /><INIT seed="5,2,0,2,0,123" ten="311,345,82,262" oya="1" hai0="37,33,102,28,19,89,93,110,77,11,8,116,98" hai1="78,115,54,26,74,122,5,6,21,91,121,3,38" hai2="97,7,99,69,87,126,45,75,36,22,71,62,83" hai3="39,4,133,73,59,16,12,1,124,17,127,81,42"/><U50/><E38/><V92/><F126/><N who="3" m="48171" /><G133/><T106/><D116/><U57/><E115/><V129/><F129/><W113/><G113/><T104/><D37/><U76/><E91/><V95/><F75/><W86/><G73/><T82/><D110/><U53/><E53/><V120/><F120/><W56/><G1/><T32/><D104/><U68/><E68/><V43/><F7/><W13/><G4/><T40/><D40/><U72/><E54/><V27/><F62/><W10/><G42/><T64/><D64/><U114/><E114/><V103/><F87/><W2/><G2/><T128/><D128/><U135/><E3/><V51/><F83/><W100/><G100/><T90/><D102/><U107/><E21/><V105/><F36/><W55/><G55/><T18/><D82/><U20/><E20/><V108/><F105/><W41/><G41/><T65/><D65/><U52/><E52/><V79/><F79/><N who="3" m="46399" /><G39/><T23/><D106/><U15/><E107/><V48/><F48/><W84/><G84/><T80/><D32/><U117/><E50/><V118/><F118/><W131/><G131/><T130/><D33/><U46/><E117/><V70/><F108/><W24/><G24/><T63/><D80/><U132/><E26/><V112/><F112/><W31/><G31/><T29/><D28/><U96/><E15/><V34/><F34/><W125/><N who="3" m="48179" /><W61/><DORA hai="94" /><G61/><T101/><D29/><U66/><E122/><V60/><F60/><W111/><G111/><T44/><D63/><U35/><E121/><V134/><F134/><W85/><G85/><RYUUKYOKU ba="2,0" sc="311,-10,345,-10,82,-10,262,30" hai3="10,12,13,16,17,56,59" /><INIT seed="6,3,0,2,0,10" ten="301,335,72,292" oya="2" hai0="27,76,49,47,90,118,82,15,119,48,94,100,102" hai1="16,128,12,1,19,57,30,98,6,45,105,120,110" hai2="51,93,18,4,23,36,40,7,62,5,126,111,56" hai3="39,95,69,124,8,121,87,96,127,133,35,88,11"/><V135/><F135/><W81/><G121/><T70/><D70/><U86/><E110/><V32/><F126/><N who="3" m="48171" /><G133/><T84/><D27/><U99/><E128/><V125/><F125/><W116/><G116/><N who="0" m="44587" /><D15/><U61/><E1/><V79/><F32/><W132/><G132/><T59/><D59/><U55/><E105/><V80/><F111/><W92/><G39/><T113/><D113/><U41/><E30/><V123/><F123/><W26/><G69/><T106/><D106/><U44/><E86/><V78/><F36/><W83/><G11/><T53/><D49/><N who="1" m="26767" /><E120/><V72/><F93/><W63/><G63/><T91/><D91/><U89/><E89/><V85/><F40/><W104/><G104/><T37/><D37/><U103/><E103/><V33/><F33/><W3/><G26/><T46/><D46/><U71/><E71/><V20/><F51/><W14/><G3/><T73/><AGARI ba="3,0" hai="47,48,53,73,76,82,84,90,94,100,102" m="44587" machi="73" ten="30,1100,0" yaku="12,1" doraHai="10" who="0" fromWho="0" sc="301,20,335,-6,72,-8,292,-6" /><INIT seed="7,0,0,1,1,111" ten="321,329,64,286" oya="3" hai0="33,100,72,112,44,10,50,113,27,110,133,38,73" hai1="81,19,5,39,42,57,8,91,88,17,84,24,79" hai2="92,132,9,101,77,119,4,59,36,18,123,52,2" hai3="129,41,31,135,26,45,90,124,34,46,12,43,74"/><W67/><G129/><T82/><D110/><U68/><E68/><V116/><F36/><W64/><G135/><T78/><D133/><U104/><E104/><V7/><F132/><W0/><G124/><T1/><D100/><U21/><E19/><V96/><F123/><W55/><G0/><T49/><D72/><U28/><E57/><V70/><F70/><W11/><G74/><T15/><D27/><U134/><E134/><V114/><F77/><W23/><G55/><T128/><D33/><U121/><E121/><V58/><F7/><W3/><G90/><T87/><D87/><U105/><E105/><V75/><F75/><W108/><G3/><T117/><D117/><U80/><E80/><V56/><F18/><N who="3" m="8479" /><G34/><T99/><D99/><U37/><E17/><V61/><F58/><W127/><G108/><T94/><D94/><U66/><E66/><N who="3" m="25130" /><G127/><T25/><D25/><U120/><E120/><V95/><F95/><W130/><G130/><T103/><D103/><U93/><E42/><AGARI ba="0,0" hai="23,26,31,41,42,43,45,46" m="25130,8479" machi="42" ten="30,1500,0" yaku="8,1" doraHai="111" who="3" fromWho="1" sc="321,0,329,-15,64,0,286,15" /><INIT seed="7,1,0,0,4,86" ten="321,314,64,301" oya="3" hai0="108,31,5,20,15,119,44,38,22,110,10,84,14" hai1="19,36,11,8,96,52,83,126,128,13,85,21,18" hai2="112,77,90,92,132,48,26,2,63,3,29,40,95" hai3="34,94,75,80,32,7,55,61,43,118,66,23,87"/><W78/><G118/><T45/><D119/><U120/><E120/><V109/><F112/><W12/><G43/><T97/><D97/><U60/><E36/><V131/><F109/><W64/><G55/><T37/><D84/><U49/><E126/><V88/><F132/><W46/><G46/><T117/><D117/><U99/><E60/><V135/><F135/><W47/><G47/><T54/><D54/><U107/><E107/><V72/><F131/><W33/><G61/><T17/><D31/><U125/><E125/><V73/><F63/><W68/><G68/><T39/><D45/><N who="1" m="27695" /><E128/><V1/><F40/><W50/><G50/><T101/><D44/><U81/><E81/><V122/><F48/><W111/><G111/><T41/><D41/><U16/><E21/><V51/><F51/><W123/><G123/><T105/><D105/><U115/><E115/><V93/><F122/><W82/><G94/><T30/><D101/><U62/><E62/><V113/><F113/><W133/><G133/><T79/><D79/><N who="1" m="46335" /><E11/><V27/><F77/><N who="3" m="46543" /><G23/><T35/><D35/><N who="3" m="8961" /><W134/><DORA hai="103" /><G134/><T58/><D108/><U67/><E67/><V104/><F104/><W4/><G12/><T106/><D106/><U129/><E129/><V71/><F71/><W28/><G28/><T76/><D110/><U24/><E24/><N who="2" m="9259" /><F29/><W74/><G74/><T59/><D76/><U114/><E114/><V57/><F57/><W98/><G98/><AGARI ba="1,0" hai="8,13,16,18,19,96,98,99" m="46335,27695" machi="98" ten="30,3900,0" yaku="8,1,54,2" doraHai="86,103" who="1" fromWho="3" sc="321,0,314,42,64,0,301,-42" owari="321,12.1,356,45.6,64,-43.6,259,-14.1" /></mjloggm>