<mjloggm ver="2.3"><GO type="169" lobby="0"/><UN n0="%56%69%76%79" n1="%7A%6F%6F%31%39%36%34" n2="%74%34%63%34%32%32" n3="%E8%8A%B1%E9%81%93%E6%A1%9C%E6%9C%A8" dan="16,18,16,16" rate="2119.44,2278.25,2137.79,2138.90" sx="F,M,M,M"/><TAIKYOKU oya="0"/><INIT seed="0,0,0,1,1,70" ten="250,250,250,250" oya="0" hai0="48,14,100,62,57,124,132,109,21,45,20,49,40" hai1="22,79,24,31,42,32,10,29,60,71,77,66,102" hai2="129,84,116,73,89,54,130,134,1,117,105,23,44" hai3="93,2,95,18,110,81,76,16,121,119,58,115,38"/><T128/><D128/><N who="2" m="49258" /><F1/><W11/><G115/><T91/><D132/><U120/><E120/><V104/><F73/><W106/><G119/><N who="2" m="45641" /><F23/><W118/><G118/><T41/><D100/><U43/><E10/><V75/><F75/><W68/><G68/><T99/><D124/><U15/><E102/><V135/><F54/><W5/><G106/><N who="2" m="41065" /><F44/><W27/><G2/><T122/><D21/><U47/><E47/><V6/><F6/><W97/><G5/><T33/><D20/><U8/><E22/><V86/><F86/><W34/><G11/><T36/><D45/><U39/><E31/><V25/><F25/><W107/><G27/><T30/><D30/><U7/><E24/><V127/><F127/><W63/><G18/><T90/><D122/><U3/><E3/><V92/><AGARI ba="0,0" hai="84,89,92,134,135" m="41065,45641,49258" machi="92" ten="40,8000,1" yaku="19,1,12,1,34,2" doraHai="70" who="2" fromWho="2" sc="250,-40,250,-20,250,80,250,-20" /><INIT seed="1,0,0,3,0,95" ten="210,230,330,230" oya="1" hai0="34,36,58,108,6,103,129,14,0,132,66,80,56" hai1="71,8,104,20,133,13,76,75,91,30,124,126,41" hai2="70,69,114,87,54,73,102,40,42,131,31,10,18" hai3="92,64,84,61,15,1,106,94,19,127,89,86,45"/><U96/><E71/><V77/><F73/><W9/><G127/><N who="1" m="48682" /><E41/><V81/><F131/><W50/><G106/><T135/><D36/><U98/><E133/><N who="0" m="51273" /><D34/><U79/><E104/><V43/><F31/><W100/><G1/><T85/><D103/><U23/><E91/><V11/><F114/><W128/><G128/><T22/><D0/><U90/><E90/><V134/><F134/><W62/><BYE who="2" /><G64/><T116/><D116/><U63/><E63/><V107/><F107/><W97/><REACH who="3" step="1"/><G86/><REACH who="3" ten="210,230,330,220" step="2"/><T26/><D85/><UN n2="%74%34%63%34%32%32" /><U119/><E119/><V53/><F102/><W21/><G21/><N who="1" m="8266" /><E75/><V123/><F123/><W39/><G39/><T24/><D129/><U109/><E109/><V110/><F110/><W115/><G115/><T35/><D66/><U28/><E30/><V72/><F72/><W111/><G111/><T17/><D108/><U74/><E28/><V122/><F122/><W48/><G48/><T82/><D22/><U16/><E74/><V83/><F87/><W7/><G7/><T3/><D6/><U4/><E4/><V67/><F67/><W88/><G88/><T130/><D130/><U51/><E51/><V99/><F77/><AGARI ba="0,1" hai="8,13,16,76,77,79,96,98" m="8266,48682" machi="77" ten="30,11600,0" yaku="18,1,52,2,54,1" doraHai="95" who="1" fromWho="2" sc="210,0,230,126,330,-116,220,0" /><INIT seed="1,1,0,2,2,96" ten="210,356,214,220" oya="1" hai0="55,135,77,74,16,89,47,119,79,73,51,4,85" hai1="57,93,71,115,82,125,134,25,23,39,105,69,88" hai2="106,34,90,14,110,92,65,128,31,1,114,76,111" hai3="58,87,81,67,29,122,45,64,0,86,36,132,113"/><U9/><E115/><V32/><F1/><W40/><G113/><T17/><D135/><U124/><E39/><V126/><F114/><W35/><G122/><T33/><D33/><U6/><E82/><V95/><F106/><W70/><G70/><T43/><D119/><U13/><E57/><V7/><F76/><W56/><G0/><T11/><D74/><U48/><E48/><V91/><F128/><W44/><G132/><T53/><D73/><U100/><E134/><V116/><F116/><W10/><G10/><T129/><D129/><U118/><E118/><V102/><F65/><W80/><G29/><T41/><D41/><U66/><E66/><V54/><F126/><N who="1" m="48745" /><E100/><V62/><F102/><W63/><G35/><T117/><D117/><U59/><E59/><N who="2" m="35191" /><F31/><W72/><G72/><T50/><D77/><U84/><E105/><V3/><F32/><W12/><G12/><T120/><D79/><U99/><E84/><V27/><F34/><W8/><G8/><T15/><D43/><U52/><E52/><V107/><F14/><W42/><REACH who="3" step="1"/><G36/><REACH who="3" ten="210,356,214,210" step="2"/><T2/><D2/><U60/><E60/><AGARI ba="1,1" hai="40,42,44,45,56,58,60,63,64,67,80,81,86,87" machi="60" ten="25,8000,1" yaku="1,1,2,1,22,2,8,1,53,0" doraHai="96" doraHaiUra="75" who="3" fromWho="1" sc="210,0,356,-83,214,0,210,93" /><INIT seed="2,0,0,3,5,103" ten="210,273,214,303" oya="2" hai0="115,29,17,69,30,5,52,21,70,80,135,64,78" hai1="25,128,40,97,37,95,24,45,114,76,49,120,11" hai2="53,84,39,51,34,73,9,93,8,101,111,33,109" hai3="57,133,121,79,23,1,119,83,6,86,44,41,4"/><V82/><F39/><W81/><G119/><T98/><D135/><U77/><E114/><V99/><F73/><W18/><G121/><T116/><D116/><U108/><E120/><V129/><F129/><W46/><G133/><T14/><D115/><U100/><E128/><V42/><F42/><W22/><G1/><T126/><D126/><U47/><E108/><N who="2" m="41547" /><F33/><W105/><G57/><T113/><D5/><U13/><E77/><N who="2" m="46159" /><F34/><W89/><G23/><T28/><D64/><U130/><E76/><V88/><F101/><W90/><G89/><T56/><D98/><U96/><E96/><V59/><AGARI ba="0,0" hai="8,9,51,53,59,88,93,99" m="46159,41547" machi="59" ten="30,6000,0" yaku="14,1,10,1,54,1" doraHai="103" who="2" fromWho="2" sc="210,-20,273,-20,214,60,303,-20" /><INIT seed="2,1,0,2,1,47" ten="190,253,274,283" oya="2" hai0="6,77,123,122,46,12,82,107,134,73,48,129,86" hai1="53,43,52,16,132,112,124,50,33,72,87,99,91" hai2="128,89,100,78,66,105,114,120,26,21,108,29,36" hai3="126,106,31,20,59,71,7,10,135,133,79,32,19"/><V113/><F120/><W15/><G71/><T61/><D129/><U81/><E112/><V34/><F36/><W97/><G79/><T60/><D107/><U55/><E33/><V35/><F78/><W58/><G106/><T3/><D3/><U131/><E131/><V57/><F128/><W75/><G75/><T93/><D134/><N who="3" m="51209" /><G97/><T115/><D115/><U45/><E132/><V25/><F108/><W70/><G70/><T1/><D1/><U14/><E124/><V84/><F100/><W94/><G94/><T39/><D39/><U64/><E72/><V111/><F105/><W5/><G7/><T88/><D122/><U23/><E99/><V76/><F76/><W101/><G101/><T8/><REACH who="0" step="1"/><D123/><REACH who="0" ten="180,253,274,283" step="2"/><U0/><E0/><V130/><F130/><W44/><G126/><T41/><AGARI ba="1,1" hai="6,8,12,41,46,48,60,61,73,77,82,86,88,93" machi="41" ten="20,12000,2" yaku="1,1,2,1,0,1,7,1,52,1,54,1,53,0" doraHai="47" doraHaiUra="24" who="0" fromWho="0" sc="180,133,253,-31,274,-61,283,-31" /><INIT seed="3,0,0,1,4,7" ten="313,222,213,252" oya="3" hai0="134,38,128,19,52,99,27,18,77,84,37,46,60" hai1="89,51,50,71,73,125,104,112,34,78,133,14,65" hai2="86,94,106,28,88,23,83,91,22,111,103,4,5" hai3="16,43,66,117,53,56,59,124,80,90,40,68,114"/><W108/><G114/><T132/><D128/><U107/><E112/><V54/><F111/><W17/><G117/><T74/><D74/><U32/><E89/><V49/><F103/><W61/><G124/><T47/><D99/><U44/><E78/><V120/><F106/><W0/><G0/><T92/><D47/><U127/><E14/><V12/><F28/><W55/><G68/><T1/><D1/><U25/><E25/><V72/><F120/><W97/><G108/><T64/><D27/><U131/><E44/><V81/><F81/><W135/><G135/><N who="0" m="51755" /><D64/><U110/><E110/><V26/><F26/><W35/><G35/><T70/><D70/><U6/><E133/><V8/><F4/><W21/><G66/><T15/><D19/><U79/><E6/><V130/><F130/><W116/><G17/><T63/><D63/><U48/><E131/><V39/><F39/><W123/><G116/><T24/><D24/><U20/><E65/><V3/><F3/><W115/><G123/><T2/><D2/><U33/><E71/><V101/><F101/><W11/><G97/><T98/><D98/><U31/><E107/><V121/><F121/><W93/><G61/><T69/><D69/><U9/><E104/><V85/><F72/><W13/><G115/><T129/><D129/><U82/><E127/><V75/><F75/><W36/><G36/><T45/><D60/><U122/><E125/><V87/><F85/><W119/><G119/><T57/><D38/><U102/><E122/><V109/><F109/><W76/><G16/><T67/><D37/><U62/><E34/><RYUUKYOKU ba="0,0" sc="313,-10,222,-10,213,30,252,-10" hai2="5,8,12,22,23,49,54,83,86,87,88,91,94" /><INIT seed="4,1,0,5,0,83" ten="303,212,243,242" oya="0" hai0="60,18,14,51,28,23,82,130,96,42,97,55,105" hai1="133,124,93,52,111,53,43,117,27,24,114,106,29" hai2="45,123,131,110,30,122,68,59,109,25,71,81,121" hai3="87,22,119,37,12,80,108,19,79,115,6,49,9"/><T127/><D127/><U57/><E117/><V48/><F131/><W67/><G115/><T76/><D130/><U21/><E106/><V33/><F59/><W129/><G129/><T8/><D105/><U58/><E111/><V65/><F65/><W126/><G126/><T100/><D60/><U5/><E124/><V113/><F113/><W88/><G37/><T86/><D42/><U0/><E133/><V4/><F4/><W16/><G119/><T61/><D61/><U41/><E114/><V11/><F11/><W54/><G108/><T64/><D64/><U89/><E5/><V26/><F26/><N who="3" m="14687" /><G67/><T32/><D32/><U101/><E101/><V118/><F118/><W50/><G6/><T77/><D77/><U75/><E75/><V39/><F81/><W73/><G73/><T78/><D78/><U84/><E0/><V92/><F92/><W116/><G116/><T134/><D100/><U46/><E27/><V35/><F35/><W31/><G31/><T99/><D134/><U128/><E46/><V135/><F135/><W120/><G120/><T125/><D125/><U90/><E90/><V74/><F74/><W63/><G79/><T104/><D28/><U40/><E128/><V66/><F66/><W102/><G102/><T38/><D104/><U91/><E91/><V72/><F72/><W62/><G50/><T10/><REACH who="0" step="1"/><D38/><REACH who="0" ten="293,212,243,242" step="2"/><U103/><E103/><V47/><F39/><W44/><AGARI ba="1,1" hai="9,12,16,44,49,54,62,63,80,87,88" m="14687" machi="44" ten="30,8000,1" yaku="25,1,8,1,52,1,54,2" doraHai="83" who="3" fromWho="3" sc="293,-41,212,-21,243,-21,242,93" /><INIT seed="5,0,0,0,1,18" ten="252,191,222,335" oya="1" hai0="95,62,78,111,33,126,112,2,97,96,94,64,108" hai1="39,40,86,0,70,109,4,15,106,130,13,3,14" hai2="42,103,75,66,73,77,36,28,71,57,100,34,37" hai3="104,92,20,16,83,128,72,98,80,27,82,124,35"/><U59/><E70/><V105/><F57/><W122/><G122/><T63/><D2/><U44/><E106/><V76/><F42/><W85/><G104/><T1/><D1/><U19/><E130/><V101/><F105/><W69/><G72/><N who="2" m="27721" /><F71/><W45/><G69/><T53/><D33/><U131/><E131/><V65/><F28/><W84/><G124/><T47/><D78/><N who="2" m="30314" /><F34/><W68/><G68/><T54/><D47/><U30/><E30/><V9/><F9/><W7/><G35/><T60/><D60/><U90/><E109/><V11/><F11/><W113/><G7/><T134/><D126/><U133/><E4/><V43/><F43/><W5/><G5/><T119/><D64/><AGARI ba="0,0" hai="36,37,64,65,66,100,101,103" m="30314,27721" machi="64" ten="40,2600,0" yaku="28,2" doraHai="18" who="2" fromWho="0" sc="252,-26,191,0,222,26,335,0" /><INIT seed="6,0,0,3,2,125" ten="226,191,248,335" oya="2" hai0="36,55,77,59,23,73,56,133,86,131,115,13,117" hai1="12,8,90,15,82,53,87,108,71,114,70,51,31" hai2="39,54,29,66,10,74,41,76,72,17,96,92,110" hai3="49,111,32,16,119,1,68,78,126,84,129,69,88"/><V35/><F66/><W81/><G111/><T80/><D36/><U105/><E108/><V85/><F41/><W18/><G119/><T98/><D117/><U103/><E114/><V25/><F39/><W48/><G32/><T89/><D115/><U121/><E121/><V83/><F110/><W40/><G1/><T120/><D120/><U116/><E116/><V20/><F10/><W104/><G104/><T60/><D133/><U37/><E37/><V97/><F54/><W34/><G34/><T94/><D131/><U61/><E61/><V67/><F67/><W27/><G129/><T44/><D44/><U127/><E127/><V130/><F130/><W95/><G126/><T14/><D23/><U7/><E31/><V26/><REACH who="2" step="1"/><F97/><REACH who="2" ten="226,191,238,335" step="2"/><W65/><G65/><T11/><D11/><U128/><E128/><V135/><F135/><W50/><G40/><T45/><D45/><U118/><E118/><V102/><AGARI ba="0,1" hai="17,20,25,26,29,35,72,74,76,83,85,92,96,102" machi="102" ten="20,3900,0" yaku="1,1,0,1,7,1,53,0" doraHai="125" doraHaiUra="46" who="2" fromWho="2" sc="226,-13,191,-13,238,49,335,-13" /><INIT seed="6,1,0,4,2,87" ten="213,178,287,322" oya="2" hai0="114,125,117,67,41,56,75,98,88,49,60,4,129" hai1="18,93,68,20,120,131,3,124,121,37,35,45,95" hai2="48,76,14,54,55,59,22,63,6,38,104,73,58" hai3="52,77,106,101,115,135,105,23,1,32,130,85,92"/><V100/><F38/><W10/><G32/><T99/><D75/><U119/><E119/><V17/><F6/><W74/><G74/><T62/><D117/><U69/><E35/><V26/><F73/><W19/><G135/><T5/><D114/><U113/><E3/><V128/><F128/><W96/><G130/><T65/><D129/><U127/><E131/><V116/><F116/><W123/><G123/><N who="1" m="47178" /><E113/><V25/><REACH who="2" step="1"/><F76/><REACH who="2" ten="213,178,277,322" step="2"/><W47/><G77/><T50/><D125/><N who="1" m="48203" /><E37/><V90/><F90/><W94/><G115/><T103/><D103/><U15/><E45/><V24/><F24/><W126/><G47/><T83/><D5/><U61/><E69/><V36/><F36/><W72/><G126/><T21/><D4/><U12/><E12/><V53/><F53/><W79/><G52/><T112/><D112/><U91/><E91/><V109/><F109/><W29/><G1/><T80/><D88/><U31/><E31/><V16/><F16/><W42/><G29/><T134/><D41/><U13/><E13/><V102/><F102/><W108/><G42/><T27/><D27/><U43/><E43/><V30/><F30/><W51/><G108/><T11/><D134/><U64/><AGARI ba="1,1" hai="15,18,20,61,64,68,93,95" m="48203,47178" machi="64" ten="40,2700,0" yaku="13,1,18,1" doraHai="87" who="1" fromWho="1" sc="213,-8,178,40,277,-14,322,-8" /><INIT seed="7,0,0,1,0,88" ten="205,218,263,314" oya="3" hai0="93,30,48,43,108,22,20,1,131,51,31,58,39" hai1="36,56,105,59,119,45,95,103,14,115,69,17,5" hai2="33,122,25,57,7,91,11,92,64,94,53,90,44" hai3="0,10,100,82,35,6,87,133,99,75,97,55,73"/><W32/><G133/><T12/><D1/><U130/><E69/><V66/><F33/><W114/><G114/><T68/><D68/><U9/><E105/><V72/><F72/><W123/><G123/><T116/><D108/><U21/><E115/><V110/><F25/><W120/><G120/><T62/><D116/><U81/><E119/><V124/><F124/><W77/><G75/><T85/><D39/><U111/><E111/><V13/><F44/><W80/><G55/><N who="0" m="34143" /><D131/><U47/><E81/><V24/><F24/><W42/><G42/><T78/><D78/><U40/><E47/><V65/><F110/><W86/><G97/><T128/><D128/><U79/><E79/><V126/><F126/><W15/><G0/><T49/><D43/><U107/><E107/><V71/><F71/><W8/><G8/><T109/><D109/><U125/><E125/><V83/><F122/><W34/><REACH who="3" step="1"/><G82/><REACH who="3" ten="205,218,263,304" step="2"/><T117/><D117/><U98/><REACH who="1" step="1"/><E130/><REACH who="1" ten="205,208,263,304" step="2"/><V27/><F83/><W50/><G50/><T127/><D127/><U89/><E89/><V135/><F91/><W84/><G84/><T129/><D129/><U134/><E134/><V29/><F90/><W67/><G67/><T60/><D60/><U26/><AGARI ba="0,2" hai="5,9,14,17,21,26,36,40,45,56,59,95,98,103" machi="26" ten="20,8000,1" yaku="1,1,0,1,7,1,52,1,53,1" doraHai="88" doraHaiUra="23" who="1" fromWho="1" sc="205,-20,208,100,263,-20,304,-40" owari="185,-31.5,308,40.8,243,-15.7,264,6.4" /></mjloggm>