<mjloggm ver="2.3"><GO type="169" lobby="0"/><UN n0="%43%68%69%39%77%61" n1="%E3%81%B1%E3%83%BC%E3%81%9B%E3%82%93%E3%81%A8%E4%BE%8D" n2="%73%79%6C%76%65%6F%6E" n3="%64%61%6E%6E%63%68%69" dan="17,18,16,17" rate="2125.78,2197.81,2134.79,2191.18" sx="M,M,M,M"/><TAIKYOKU oya="0"/><INIT seed="0,0,0,5,2,122" ten="250,250,250,250" oya="0" hai0="79,56,70,52,30,4,89,112,0,118,11,63,80" hai1="91,90,35,101,31,50,64,28,6,18,47,39,111" hai2="119,25,20,92,37,97,38,23,126,22,14,107,24" hai3="46,75,62,104,85,94,51,7,19,40,45,82,5"/><T57/><D112/><U105/><E39/><V131/><F107/><W34/><G104/><T53/><D118/><U121/><E121/><V83/><F119/><W54/><G34/><T21/><D70/><U109/><E6/><V33/><F126/><W81/><G75/><T43/><D43/><U125/><E64/><V27/><F33/><W128/><G128/><T124/><D124/><U120/><E120/><V86/><F14/><W73/><G73/><T2/><D89/><N who="1" m="33803" /><E35/><V114/><F114/><W72/><G72/><T135/><D135/><U100/><E18/><V66/><F66/><W60/><G94/><T96/><D96/><N who="1" m="61575" /><E101/><V1/><F1/><W115/><G82/><T41/><D41/><N who="1" m="24943" /><E125/><V48/><F131/><W106/><G115/><T113/><D113/><U87/><E87/><V133/><F133/><W108/><G106/><T65/><D2/><U110/><AGARI ba="0,0" hai="28,31,109,110,111" m="24943,61575,33803" machi="110" ten="40,8000,1" yaku="14,1,52,3" doraHai="122" who="1" fromWho="1" sc="250,-40,250,80,250,-20,250,-20" /><INIT seed="1,0,0,0,0,89" ten="210,330,230,230" oya="1" hai0="95,106,23,21,111,102,54,101,42,73,122,43,109" hai1="2,16,107,63,129,87,121,59,64,132,61,58,19" hai2="85,45,108,127,128,66,120,98,37,11,69,50,110" hai3="72,56,74,88,8,5,96,105,126,14,100,28,47"/><U94/><E121/><V7/><F120/><W38/><G28/><T18/><D122/><U118/><E118/><V83/><F37/><W17/><G126/><T135/><D73/><U24/><E107/><V113/><F127/><W9/><G56/><T32/><D32/><U104/><E104/><V51/><F128/><W33/><G33/><T36/><D106/><U125/><E125/><V67/><F113/><W82/><G38/><T131/><D135/><U29/><E2/><V26/><F26/><W57/><G57/><T65/><D65/><U76/><E132/><V119/><F98/><W60/><G60/><T4/><D4/><U39/><E39/><V35/><F35/><W40/><G40/><T46/><D131/><U133/><E133/><V78/><F51/><W10/><G47/><T3/><D3/><U31/><E76/><V52/><F119/><W22/><REACH who="3" step="1"/><G5/><REACH who="3" ten="210,330,230,220" step="2"/><T1/><D46/><U6/><E6/><V86/><F69/><W115/><G115/><T97/><D43/><U123/><E129/><V90/><F110/><W117/><G117/><T134/><D42/><U84/><E123/><V0/><REACH who="2" step="1"/><F108/><REACH who="2" ten="210,330,220,220" step="2"/><W77/><G77/><T44/><D36/><U41/><E63/><V91/><F91/><W49/><G49/><N who="0" m="28967" /><D134/><U81/><E61/><V80/><AGARI ba="0,2" hai="0,7,11,45,50,52,66,67,78,80,83,85,86,90" machi="80" ten="20,5200,0" yaku="1,1,0,1,7,1,54,1,53,0" doraHai="89" doraHaiUra="27" who="2" fromWho="2" sc="210,-13,330,-26,220,72,220,-13" /><INIT seed="2,0,0,1,4,76" ten="197,304,292,207" oya="2" hai0="106,99,70,127,30,5,77,37,81,112,85,113,130" hai1="50,98,63,71,2,110,7,17,42,39,10,75,49" hai2="73,86,84,90,93,80,78,123,29,103,88,94,40" hai3="22,21,11,64,12,15,35,58,47,115,48,23,135"/><V89/><F40/><W34/><G64/><T116/><D37/><U13/><E110/><V68/><F68/><W82/><G58/><T65/><D127/><U69/><E75/><V104/><F29/><W0/><G135/><T3/><D130/><U122/><E122/><V51/><F51/><W9/><G115/><T57/><D116/><U52/><E39/><V14/><F14/><W44/><G48/><T56/><D30/><U125/><E125/><V83/><F123/><W124/><G124/><T32/><D32/><U121/><E98/><N who="2" m="61559" /><F90/><W109/><G109/><T107/><D70/><U45/><E63/><V19/><F19/><W4/><G82/><AGARI ba="0,0" hai="73,78,80,82,83,84,86,88,89,93,94" m="61559" machi="82" ten="30,24000,3" yaku="24,1,35,5,52,3,54,1" doraHai="76" who="2" fromWho="3" sc="197,0,304,0,292,240,207,-240" owari="197,-20.3,304,10.4,532,63.2,-33,-53.3" /></mjloggm>