<mjloggm ver="2.3"><GO type="169" lobby="0"/><UN n0="%46%69%72%73%74" n1="%E3%83%AC%E3%82%A4%E3%81%A1%E3%82%83%E3%82%93" n2="%E7%9C%9F%E4%B8%80" n3="%E4%BE%8D" dan="16,16,16,18" rate="2058.26,2126.36,2166.05,2257.59" sx="M,M,M,M"/><TAIKYOKU oya="0"/><INIT seed="0,0,0,2,4,80" ten="250,250,250,250" oya="0" hai0="115,104,94,22,91,30,14,61,1,15,132,83,99" hai1="112,29,44,43,120,130,79,36,31,81,40,10,35" hai2="4,57,77,68,126,113,129,73,118,105,106,0,6" hai3="111,95,55,122,50,9,23,60,38,90,74,37,123"/><T134/><D1/><U28/><E130/><V46/><F57/><W125/><G74/><T18/><D115/><U42/><E120/><N who="3" m="46122" /><G111/><T21/><D104/><U69/><E69/><V92/><F92/><W71/><G23/><T24/><D61/><U3/><E35/><V59/><F59/><N who="3" m="33271" /><G9/><T11/><REACH who="0" step="1"/><D83/><REACH who="0" ten="240,250,250,250" step="2"/><U75/><E112/><V110/><F106/><W135/><G135/><T67/><D67/><U84/><E3/><V48/><F105/><W56/><G71/><T109/><D109/><U76/><E10/><V102/><F110/><W66/><G125/><T98/><D98/><AGARI ba="0,1" hai="37,38,56,60,66,90,95,98" m="33271,46122" machi="98" ten="30,1000,0" yaku="13,1" doraHai="80" who="3" fromWho="0" sc="240,-10,250,0,250,0,250,20" /><INIT seed="1,0,0,2,1,124" ten="230,250,250,270" oya="1" hai0="52,4,114,106,90,45,28,24,116,31,10,44,93" hai1="117,66,91,14,119,11,48,104,32,69,35,125,88" hai2="96,40,118,129,111,30,82,54,51,53,78,0,8" hai3="134,100,46,71,77,34,18,49,123,122,57,86,23"/><U89/><E104/><V99/><F118/><W80/><G34/><T47/><D116/><U17/><E119/><V101/><F111/><W56/><G71/><T6/><D114/><U94/><E117/><V3/><F30/><W127/><G134/><T26/><D106/><U12/><E125/><V22/><F22/><W74/><G127/><T7/><D10/><U132/><E132/><V85/><F40/><W65/><G74/><T9/><D9/><U108/><E48/><V60/><F60/><W110/><G110/><T70/><D70/><U50/><E108/><V55/><F51/><W103/><G123/><T87/><REACH who="0" step="1"/><D52/><REACH who="0" ten="220,250,250,270" step="2"/><U33/><E69/><V79/><F53/><W19/><G122/><T61/><D61/><U2/><E66/><V63/><F54/><W135/><G135/><T20/><D20/><U97/><E2/><V107/><F55/><W42/><G57/><T120/><D120/><U126/><E126/><V59/><F8/><W130/><G56/><T13/><D13/><U95/><E14/><V5/><F59/><W68/><G65/><T105/><D105/><U81/><E35/><V92/><F63/><W109/><G68/><T62/><D62/><U16/><E33/><V102/><F0/><W84/><G109/><T128/><D128/><U121/><E32/><V25/><F129/><W36/><G130/><T64/><D64/><U41/><E121/><V67/><F67/><W1/><G1/><T76/><D76/><U27/><E11/><N who="2" m="2495" /><F25/><AGARI ba="0,1" hai="4,6,7,24,25,26,28,31,44,45,47,87,90,93" machi="25" ten="40,2600,0" yaku="1,1,8,1,53,0" doraHai="124" doraHaiUra="39" who="0" fromWho="2" sc="220,36,250,0,250,-26,270,0" /><INIT seed="2,0,0,3,1,119" ten="256,250,224,270" oya="2" hai0="33,118,98,4,63,80,23,3,5,36,12,22,117" hai1="124,73,120,58,85,40,96,29,126,6,18,54,78" hai2="26,2,95,48,109,28,112,121,13,74,83,1,104" hai3="43,113,129,79,61,56,92,30,125,25,89,130,115"/><V132/><F112/><N who="3" m="43083" /><G79/><T42/><D63/><U14/><E73/><V70/><F104/><W64/><G43/><T116/><D33/><U31/><E6/><V49/><F70/><W97/><G125/><N who="1" m="48234" /><E40/><V131/><F131/><W88/><G89/><T52/><D3/><U100/><E85/><V20/><F132/><W84/><G84/><T9/><D4/><U127/><E78/><V47/><F109/><W10/><G10/><T94/><D80/><U105/><E120/><V17/><F95/><W0/><G0/><T32/><D32/><AGARI ba="0,0" hai="25,30,32,56,61,64,88,92,97,129,130" m="43083" machi="32" ten="30,2000,0" yaku="11,1,54,1" doraHai="119" who="3" fromWho="0" sc="256,-20,250,0,224,0,270,20" /><INIT seed="3,0,0,5,4,78" ten="236,250,224,290" oya="3" hai0="40,19,68,118,124,25,43,18,104,54,59,133,47" hai1="86,31,85,114,93,91,37,58,113,28,73,98,101" hai2="129,48,27,71,9,100,127,67,3,79,89,44,36" hai3="63,51,12,24,83,70,66,0,15,111,2,120,39"/><W29/><G120/><T110/><D118/><U42/><E37/><V17/><F129/><W5/><G39/><T50/><D104/><U45/><E73/><V128/><F128/><W90/><G111/><T119/><D119/><U109/><E109/><V53/><F127/><W22/><G51/><T99/><D110/><U49/><E114/><V92/><F36/><W14/><REACH who="3" step="1"/><G5/><REACH who="3" ten="236,250,224,280" step="2"/><T60/><D50/><U105/><E113/><V61/><F48/><W16/><G16/><T57/><D18/><U65/><E28/><V1/><F17/><W121/><G121/><T131/><D19/><U55/><E31/><V75/><F61/><W21/><G21/><T32/><D60/><U34/><E34/><V72/><F9/><W130/><G130/><T76/><D32/><U10/><E10/><V69/><F1/><W26/><G26/><T62/><D25/><U46/><E49/><V117/><F3/><W35/><G35/><T106/><D131/><U4/><E4/><V84/><F27/><W135/><G135/><T56/><D133/><U77/><E46/><V108/><F117/><W122/><G122/><T30/><D47/><U96/><E45/><V38/><F108/><W7/><G7/><T97/><D30/><U11/><E11/><V107/><F38/><W41/><G41/><T81/><D40/><U134/><E42/><V116/><F116/><W123/><G123/><T125/><D43/><U87/><E134/><V126/><F126/><W132/><G132/><T23/><D125/><U8/><E8/><V80/><F72/><W88/><G88/><T13/><D124/><RYUUKYOKU ba="0,1" sc="236,-10,250,-10,224,-10,280,30" hai3="0,2,12,14,15,22,24,29,63,66,70,83,90" /><INIT seed="3,1,1,2,3,1" ten="226,240,214,310" oya="3" hai0="72,2,28,101,109,125,7,131,108,4,65,77,36" hai1="106,50,45,0,66,135,19,52,43,95,67,26,89" hai2="120,113,86,54,10,40,87,91,69,119,82,46,93" hai3="130,98,122,21,23,9,61,59,37,74,47,57,123"/><W105/><G74/><T62/><D131/><U84/><E135/><V76/><F119/><W63/><G130/><T18/><D125/><U15/><E106/><V121/><F113/><W73/><G73/><T44/><D28/><U39/><E26/><V27/><F69/><W68/><G68/><T35/><D35/><U56/><E0/><V70/><F70/><W22/><G9/><AGARI ba="1,1" hai="9,15,19,39,43,45,50,52,56,66,67,84,89,95" machi="9" ten="30,2000,0" yaku="7,1,54,1" doraHai="1" who="1" fromWho="3" sc="226,0,240,33,214,0,310,-23" /><INIT seed="4,0,0,4,5,108" ten="226,273,214,287" oya="0" hai0="79,3,110,60,118,74,111,128,5,55,91,36,133" hai1="129,42,13,9,45,19,116,4,92,90,135,86,64" hai2="106,34,18,37,69,126,57,114,52,87,14,28,70" hai3="51,89,20,77,58,85,53,109,22,121,41,1,24"/><T122/><D122/><U123/><E135/><V38/><F106/><W12/><G121/><T131/><D118/><U16/><E129/><N who="0" m="49737" /><D3/><U119/><E123/><V67/><F126/><W48/><G1/><T84/><D5/><U99/><E64/><V127/><F127/><W75/><G109/><N who="0" m="41483" /><D36/><U93/><E119/><V88/><F67/><W39/><G39/><T27/><D27/><U130/><E116/><V26/><F114/><W21/><G75/><T105/><D133/><U54/><E54/><V124/><F124/><W11/><G77/><T17/><D17/><U61/><E61/><V8/><F38/><W76/><G76/><T33/><D33/><U65/><E65/><V117/><F37/><W23/><G41/><T112/><D105/><U134/><E134/><V82/><REACH who="2" step="1"/><F117/><REACH who="2" ten="226,273,204,287" step="2"/><W49/><N who="3" m="5120" /><DORA hai="97" /><W68/><G24/><T103/><D112/><U56/><E130/><V107/><F107/><W40/><G68/><T120/><D120/><U10/><E10/><V25/><F25/><W59/><G40/><T100/><D74/><U132/><E132/><V32/><F32/><W72/><G72/><T62/><D79/><U95/><E42/><V115/><F115/><W80/><REACH who="3" step="1"/><G53/><REACH who="3" ten="226,273,204,277" step="2"/><T35/><D55/><U6/><E9/><V50/><AGARI ba="0,2" hai="8,14,18,26,28,34,50,52,57,69,70,82,87,88" machi="50" ten="20,8000,1" yaku="1,1,0,1,7,1,54,2,53,0" doraHai="108,97" doraHaiUra="113,102" who="2" fromWho="2" sc="226,-40,273,-20,204,100,277,-20" /><INIT seed="5,0,0,5,2,77" ten="186,253,304,257" oya="1" hai0="88,105,48,28,61,81,4,117,124,130,46,118,0" hai1="3,9,129,14,76,52,42,53,103,56,55,110,38" hai2="59,5,97,17,8,112,68,86,12,40,132,104,43" hai3="13,45,84,108,128,15,32,49,96,60,120,24,16"/><U20/><E3/><V39/><F68/><W126/><G108/><T109/><D109/><U47/><E110/><V44/><F132/><W93/><G120/><T33/><D105/><U51/><E129/><V41/><F112/><W36/><G36/><T82/><D33/><U102/><E20/><V74/><F74/><W66/><G126/><T58/><D28/><U64/><E53/><V18/><F18/><W106/><G84/><T115/><D115/><U69/><E55/><V125/><F125/><W113/><G106/><T99/><D124/><U122/><E76/><V133/><F133/><W123/><G123/><T114/><D114/><U83/><E83/><N who="0" m="31753" /><D130/><U73/><E73/><V90/><F104/><W121/><G121/><T22/><D0/><U63/><E122/><V134/><F134/><W27/><G32/><T98/><D118/><U95/><E95/><V11/><F97/><N who="0" m="36874" /><D117/><U111/><E111/><V26/><F39/><W71/><G128/><T31/><D4/><AGARI ba="0,0" hai="4,9,14,38,42,47,51,52,56,63,64,69,102,103" machi="4" ten="30,11600,0" yaku="7,1,24,2,54,1" doraHai="77" who="1" fromWho="0" sc="186,-116,253,116,304,0,257,0" /><INIT seed="5,1,0,1,2,63" ten="70,369,304,257" oya="1" hai0="52,129,72,92,24,67,101,126,30,84,6,32,8" hai1="106,113,20,69,124,132,0,128,109,111,114,34,70" hai2="112,28,62,55,133,97,58,33,88,134,1,108,78" hai3="44,49,64,10,130,25,93,120,29,2,21,56,103"/><U122/><E20/><V83/><F108/><N who="1" m="41545" /><E122/><V36/><F36/><W135/><G130/><T76/><D129/><U86/><E86/><V68/><F1/><W4/><G135/><N who="2" m="51721" /><F68/><N who="1" m="26217" /><E132/><V115/><F28/><W99/><G120/><T3/><D126/><U15/><E15/><V125/><F33/><W102/><G102/><T90/><D101/><U71/><E124/><V110/><F125/><W87/><G87/><T119/><D119/><U127/><E128/><V118/><F118/><W22/><G22/><T46/><D76/><U47/><E47/><V75/><F110/><W74/><G74/><T50/><REACH who="0" step="1"/><D72/><REACH who="0" ten="60,369,304,257" step="2"/><U81/><E127/><V14/><F75/><W13/><G103/><T79/><D79/><U19/><E106/><V42/><F78/><W5/><G2/><T23/><D23/><U39/><E0/><V96/><F115/><W48/><G21/><T89/><D89/><U53/><E34/><V31/><F112/><W9/><G10/><T131/><D131/><U40/><E114/><V18/><F88/><W37/><G9/><T61/><D61/><U7/><E113/><V59/><F62/><W45/><G13/><T121/><D121/><U11/><E11/><V38/><F14/><W43/><G29/><T73/><D73/><U123/><E123/><V51/><F31/><W104/><G25/><T17/><D17/><U91/><E19/><V54/><F18/><W65/><G104/><T41/><D41/><U94/><E91/><V66/><F42/><N who="3" m="24599" /><G4/><T16/><D16/><U100/><E7/><V117/><F117/><W60/><G5/><T107/><D107/><RYUUKYOKU ba="1,1" sc="60,30,369,-10,304,-10,257,-10" hai0="3,6,8,24,30,32,46,50,52,67,84,90,92" /><INIT seed="6,2,1,0,5,44" ten="90,359,294,247" oya="2" hai0="124,90,86,94,70,43,95,18,80,54,31,2,50" hai1="92,99,108,47,53,85,134,3,10,19,93,67,133" hai2="14,13,127,26,58,65,40,97,122,84,121,77,119" hai3="113,120,68,132,101,29,41,4,64,78,117,59,30"/><V135/><F119/><W66/><G117/><T51/><D124/><U11/><E108/><V22/><F127/><W87/><G120/><T52/><D70/><U107/><E107/><V61/><F135/><W91/><G68/><T24/><D2/><U114/><E67/><V20/><F122/><W72/><G41/><T9/><D43/><U48/><E114/><V49/><F121/><W34/><G4/><T27/><D27/><U0/><E85/><V16/><F97/><W32/><G78/><T8/><D8/><N who="1" m="3115" /><E19/><V110/><F110/><W69/><G72/><T112/><D112/><U118/><E93/><V55/><F40/><W125/><G69/><T56/><D31/><U83/><E83/><N who="2" m="47215" /><F20/><W75/><G75/><T126/><D126/><U98/><E98/><V104/><F104/><W37/><G37/><T102/><D102/><N who="1" m="60775" /><E118/><V42/><F42/><W45/><G101/><T123/><D123/><U39/><E39/><V36/><F36/><W35/><G34/><T33/><D33/><U88/><E88/><V81/><F81/><W100/><G100/><T131/><D131/><U1/><E1/><V15/><F65/><W111/><G35/><T21/><D9/><U128/><E128/><V116/><F116/><W28/><G32/><T23/><D21/><U115/><E115/><V25/><F25/><W74/><G125/><T46/><AGARI ba="2,1" hai="18,23,24,46,50,51,52,54,56,80,86,90,94,95" machi="46" ten="20,12000,2" yaku="0,1,7,1,8,1,52,2,54,1" doraHai="44" who="0" fromWho="0" sc="90,136,359,-32,294,-62,247,-32" /><INIT seed="7,0,0,0,3,34" ten="226,327,232,215" oya="3" hai0="127,90,7,58,63,94,81,95,52,120,83,25,46" hai1="96,50,86,61,57,85,23,36,115,12,18,133,5" hai2="64,79,98,28,59,119,37,103,45,111,106,87,71" hai3="131,41,88,107,19,39,125,102,30,66,40,105,44"/><W42/><G125/><T56/><D127/><U76/><E36/><V74/><F119/><W26/><G131/><T8/><D120/><U73/><E73/><V14/><F111/><W62/><G19/><T49/><D25/><U72/><E72/><V132/><F132/><W84/><G105/><T82/><D90/><U21/><E133/><V68/><F74/><W70/><G102/><T100/><D100/><U97/><E50/><V16/><F28/><W20/><REACH who="3" step="1"/><G107/><REACH who="3" ten="226,327,232,205" step="2"/><T27/><D27/><U80/><E18/><V54/><F16/><W60/><G60/><T122/><D122/><U6/><E61/><V0/><F103/><W4/><G4/><T31/><D31/><U110/><E5/><V53/><F106/><W69/><G69/><T65/><REACH who="0" step="1"/><D58/><REACH who="0" ten="216,327,232,205" step="2"/><U123/><E57/><V93/><F59/><W48/><G48/><T22/><D22/><U135/><E23/><V43/><F71/><W2/><G2/><AGARI ba="0,2" hai="2,7,8,46,49,52,56,63,65,81,82,83,94,95" machi="2" ten="40,5200,0" yaku="1,1,52,1,54,1,53,0" doraHai="34" doraHaiUra="114" who="0" fromWho="3" sc="216,72,327,0,232,0,205,-52" owari="288,8.8,327,42.7,232,-16.8,153,-34.7" /></mjloggm>