<mjloggm ver="2.3"><GO type="169" lobby="0"/><UN n0="%E3%81%94%E3%82%8B%E3%81%A3" n1="%E3%81%A8%E3%81%A3%E3%81%A8%E3%83%BC" n2="%E3%81%9D%E3%81%86%E3%81%9F%E3%81%A3%E3%81%9F" n3="%E5%8D%88%E5%BE%8C%E3%82%B4%E3%83%AA%E3%83%A9" dan="17,16,16,16" rate="2203.15,2109.98,2069.32,2141.65" sx="M,M,M,M"/><TAIKYOKU oya="0"/><INIT seed="0,0,0,2,3,60" ten="250,250,250,250" oya="0" hai0="50,88,80,70,17,0,42,41,129,48,15,119,131" hai1="73,78,93,58,116,122,55,120,67,90,105,8,24" hai2="34,3,26,87,95,97,106,28,20,91,86,31,59" hai3="6,51,32,107,1,100,40,25,81,65,30,10,113"/><T53/><D119/><U101/><E116/><V21/><F3/><W33/><G113/><T4/><D0/><U11/><E105/><V36/><F36/><W56/><G81/><T125/><D4/><U64/><E101/><V117/><F117/><W68/><G33/><T96/><D70/><U126/><E126/><V35/><F106/><W46/><G68/><T110/><D125/><U104/><E104/><V52/><F34/><W61/><G107/><T45/><D110/><U13/><E24/><V130/><F130/><N who="0" m="49674" /><D50/><U72/><E8/><V94/><F31/><W83/><G83/><T89/><D96/><U112/><E112/><V5/><F5/><W85/><G85/><N who="0" m="50215" /><D89/><U29/><E78/><V66/><F87/><W102/><AGARI ba="0,0" hai="1,6,10,25,30,32,40,46,51,56,61,65,100,102" machi="102" ten="30,2000,0" yaku="0,1,52,1" doraHai="60" who="3" fromWho="3" sc="250,-10,250,-5,250,-5,250,20" /><INIT seed="1,0,0,3,1,111" ten="240,245,245,270" oya="1" hai0="31,120,0,100,131,75,79,68,32,73,106,65,28" hai1="95,123,11,48,26,134,6,108,51,98,84,54,13" hai2="87,41,29,35,36,63,96,16,91,55,116,49,66" hai3="124,17,38,132,56,90,37,126,115,58,9,53,62"/><U8/><E134/><V61/><F116/><W99/><G132/><T93/><D131/><U5/><E123/><V77/><F35/><W57/><G9/><T101/><D120/><U129/><E129/><V88/><F29/><W81/><G17/><T60/><D31/><U67/><E67/><V59/><F36/><W23/><G23/><T3/><D93/><U97/><E108/><V2/><F2/><N who="0" m="554" /><D100/><U105/><E105/><V25/><F41/><W10/><G10/><T117/><D79/><U127/><E26/><V4/><F4/><W19/><G19/><T1/><N who="0" m="562" /><T34/><DORA hai="119" /><D117/><U109/><E109/><V50/><F96/><N who="1" m="36969" /><E127/><V86/><F77/><W107/><G81/><T64/><D64/><U39/><E39/><V128/><F128/><W44/><G90/><N who="2" m="34345" /><F50/><N who="1" m="18985" /><E95/><V80/><F63/><W85/><G62/><T76/><D76/><U14/><E84/><V15/><F25/><W113/><G85/><T70/><D70/><U112/><E54/><V20/><F80/><W52/><G99/><N who="0" m="61759" /><D34/><U69/><E69/><V122/><F122/><W7/><G107/><T27/><AGARI ba="0,0" hai="27,28,32,60,65,68,73,75" m="61759,562" machi="27" ten="40,5200,0" yaku="25,1,33,2" doraHai="111,119" who="0" fromWho="0" sc="240,52,245,-26,245,-13,270,-13" /><INIT seed="2,0,0,3,2,14" ten="292,219,232,257" oya="2" hai0="113,9,46,76,39,78,133,126,22,5,32,41,52" hai1="55,64,31,82,93,125,70,124,91,101,57,87,79" hai2="90,40,30,61,12,37,80,88,92,103,56,59,83" hai3="129,33,2,118,63,121,131,114,62,117,42,13,119"/><V127/><F127/><N who="1" m="48713" /><E70/><V115/><F115/><W10/><G2/><T99/><D113/><U106/><E31/><V44/><F30/><W116/><G114/><T23/><D32/><U68/><E68/><V71/><F71/><W94/><G33/><T24/><D133/><U120/><E64/><V58/><F61/><W97/><G42/><T16/><D126/><U27/><E27/><V96/><F90/><W28/><G28/><T51/><D23/><U17/><E17/><V107/><REACH who="2" step="1"/><F12/><REACH who="2" ten="292,219,222,257" step="2"/><W75/><G121/><T65/><D65/><U123/><E123/><V15/><F15/><W85/><G119/><T89/><D89/><U74/><E120/><V35/><F35/><W135/><G62/><T1/><REACH who="0" step="1"/><D99/><AGARI ba="0,1" hai="37,40,44,56,58,59,80,83,88,92,96,99,103,107" machi="99" ten="40,7700,0" yaku="1,1,54,1,53,1" doraHai="14" doraHaiUra="43" who="2" fromWho="0" sc="292,-77,219,0,222,87,257,0" /><INIT seed="2,1,0,2,4,86" ten="215,219,309,257" oya="2" hai0="84,14,111,52,9,46,32,20,25,6,5,119,51" hai1="107,75,128,28,125,69,41,117,96,60,4,87,116" hai2="18,36,49,64,113,121,67,23,100,72,16,44,92" hai3="33,24,3,93,104,115,133,40,22,55,105,34,48"/><V90/><F113/><W19/><G3/><T31/><D111/><U127/><E75/><V122/><F36/><W98/><G115/><T53/><D119/><U132/><E28/><V85/><F72/><W83/><G133/><T126/><D126/><N who="1" m="48139" /><E4/><V81/><F122/><W66/><G66/><N who="2" m="25129" /><F121/><W63/><G63/><T7/><D32/><U120/><E120/><V102/><F81/><W68/><G68/><T13/><D13/><U65/><E132/><V129/><F129/><W45/><G83/><T58/><REACH who="0" step="1"/><D84/><REACH who="0" ten="205,219,309,257" step="2"/><U0/><E0/><V57/><F85/><W8/><G34/><T123/><D123/><U56/><E128/><V109/><F109/><W124/><G124/><T15/><D15/><U70/><E87/><V10/><F10/><W110/><G110/><T112/><D112/><U42/><E70/><V12/><F12/><W21/><G8/><T54/><D54/><U134/><E69/><V47/><F23/><W94/><G33/><T62/><AGARI ba="1,1" hai="5,6,7,9,14,20,25,31,46,51,52,53,58,62" machi="62" ten="20,8000,1" yaku="1,1,0,1,7,1,8,1,54,1,53,0" doraHai="86" doraHaiUra="99" who="0" fromWho="0" sc="205,93,219,-21,309,-41,257,-21" /><INIT seed="3,0,0,1,5,65" ten="298,198,268,236" oya="3" hai0="83,51,75,132,102,5,17,32,118,41,86,56,18" hai1="8,34,50,67,6,72,84,130,64,57,54,81,121" hai2="12,128,114,101,106,16,44,48,21,80,7,59,2" hai3="88,92,91,116,71,82,98,11,120,31,73,4,37"/><W39/><G120/><T94/><D118/><U49/><E121/><V123/><F123/><W127/><G116/><T24/><D132/><U119/><E119/><V20/><F114/><W109/><G127/><T66/><D75/><U89/><E34/><V117/><F128/><W74/><G31/><T68/><D5/><U29/><E29/><V0/><F7/><W93/><G71/><T55/><D41/><U85/><E72/><V134/><F134/><W131/><G131/><T25/><D68/><U28/><E28/><V19/><F59/><W22/><G22/><T112/><D66/><U1/><E130/><V61/><F61/><W13/><G109/><T78/><D112/><U135/><E135/><V107/><F80/><W43/><G43/><T113/><D32/><U104/><E104/><V110/><F110/><W133/><G133/><T103/><D113/><U105/><E105/><V35/><F107/><W69/><G69/><T27/><D94/><U14/><E49/><V38/><F38/><W87/><REACH who="3" step="1"/><G73/><REACH who="3" ten="298,198,268,226" step="2"/><T124/><D124/><U53/><E53/><V111/><F111/><W115/><G115/><T52/><D55/><U30/><E30/><V122/><F122/><W125/><G125/><T99/><D99/><U46/><E67/><V36/><F117/><W47/><G47/><T77/><D77/><AGARI ba="0,1" hai="4,11,13,37,39,74,77,82,87,88,91,92,93,98" machi="77" ten="40,3900,0" yaku="1,1,54,1,53,0" doraHai="65" doraHaiUra="62" who="3" fromWho="0" sc="298,-39,198,0,268,0,226,49" /><INIT seed="3,1,0,2,2,59" ten="259,198,268,275" oya="3" hai0="63,127,45,18,34,32,60,77,54,98,17,40,92" hai1="43,33,91,67,56,44,68,71,83,50,129,49,51" hai2="38,35,7,5,55,27,78,101,21,70,125,22,93" hai3="66,2,133,128,90,48,52,73,117,39,31,84,20"/><W103/><G117/><T107/><D107/><U94/><E33/><V37/><F35/><W64/><G39/><T75/><D32/><U97/><E129/><V47/><F70/><W10/><G73/><T11/><D34/><U79/><E71/><V13/><F78/><W42/><G42/><T102/><D127/><U105/><E105/><V16/><F38/><W126/><G103/><T1/><D54/><U123/><E68/><V130/><F125/><W119/><G119/><T132/><D132/><U109/><E109/><V8/><F22/><W134/><G126/><T81/><D18/><U88/><E91/><V87/><F37/><W104/><G104/><T28/><D28/><U26/><E26/><V29/><F130/><W118/><G118/><T62/><D17/><U74/><REACH who="1" step="1"/><E123/><REACH who="1" ten="259,188,268,275" step="2"/><V115/><F115/><W36/><G128/><T106/><D106/><U72/><E72/><V110/><F110/><W80/><G134/><T12/><D1/><U121/><E121/><V124/><F124/><W24/><G133/><T14/><REACH who="0" step="1"/><D11/><REACH who="0" ten="249,188,268,275" step="2"/><U96/><E96/><V9/><F9/><W3/><G3/><T82/><D82/><U58/><E58/><V61/><F8/><W6/><REACH who="3" step="1"/><G36/><AGARI ba="1,2" hai="12,14,36,40,45,60,62,63,75,77,81,92,98,102" machi="36" ten="40,8000,1" yaku="1,1,52,3,53,1" doraHai="59" doraHaiUra="76" who="0" fromWho="3" sc="249,103,188,0,268,0,275,-83" /><INIT seed="4,0,0,5,4,89" ten="352,188,268,192" oya="0" hai0="38,50,47,117,9,23,46,93,118,8,110,22,130" hai1="126,127,106,101,27,102,82,90,61,98,68,63,72" hai2="92,6,16,78,116,48,84,45,105,132,87,120,65" hai3="17,114,119,54,10,40,36,43,57,69,12,11,55"/><T28/><D130/><U115/><E68/><V62/><F105/><W51/><G119/><T37/><D50/><U7/><E7/><V88/><F120/><W1/><G69/><T111/><REACH who="0" step="1"/><D28/><REACH who="0" ten="342,188,268,192" step="2"/><U80/><E61/><V56/><F116/><W121/><G36/><T19/><D19/><U123/><E123/><V53/><F132/><W20/><G121/><T76/><D76/><U83/><E63/><V42/><F6/><W26/><G114/><T99/><D99/><N who="1" m="61759" /><E115/><V30/><F30/><W18/><G1/><T4/><D4/><U135/><E135/><V24/><F78/><W13/><REACH who="3" step="1"/><G55/><REACH who="3" ten="342,188,268,182" step="2"/><T91/><D91/><U108/><E90/><V74/><F53/><W34/><G34/><T100/><D100/><U60/><E102/><V2/><F2/><W59/><G59/><T29/><D29/><AGARI ba="0,2" hai="10,11,12,13,17,18,20,26,29,40,43,51,54,57" machi="29" ten="30,7700,0" yaku="1,1,7,1,9,1,8,1,53,0" doraHai="89" doraHaiUra="79" who="3" fromWho="0" sc="342,-77,188,0,268,0,182,97" /><INIT seed="5,0,0,2,5,30" ten="265,188,268,279" oya="1" hai0="72,45,122,32,114,74,119,33,112,19,55,24,125" hai1="4,39,100,129,109,11,27,101,43,53,96,48,124" hai2="8,17,106,46,64,115,67,78,121,36,38,77,62" hai3="110,5,20,56,103,18,40,15,71,81,89,135,59"/><U118/><E118/><V63/><F106/><W37/><G110/><T47/><D119/><U21/><E109/><V41/><F115/><N who="0" m="44074" /><D125/><U126/><E129/><V120/><F8/><W12/><G71/><T68/><D68/><U83/><E83/><V93/><F93/><W6/><G135/><T44/><D122/><U97/><E43/><V22/><F22/><W132/><G132/><T58/><D19/><N who="1" m="12735" /><E39/><V9/><F9/><W16/><G103/><N who="1" m="39498" /><E126/><V87/><F17/><W105/><G105/><T26/><D26/><U65/><E65/><V42/><F87/><N who="3" m="50415" /><G37/><T61/><D24/><U51/><E124/><V69/><F69/><W127/><G127/><T94/><D94/><U111/><E111/><V66/><F67/><W134/><G40/><T10/><D10/><U60/><E11/><V92/><REACH who="2" step="1"/><F92/><REACH who="2" ten="265,188,258,279" step="2"/><W54/><G134/><T29/><D29/><U70/><E70/><V99/><F99/><N who="1" m="37961" /><E4/><V117/><F117/><W85/><G5/><T102/><D102/><U88/><E88/><V107/><F107/><W50/><G6/><T25/><D25/><U128/><E128/><V35/><F35/><AGARI ba="0,1" hai="32,33,35,44,45,47,55,58,61,72,74" m="44074" machi="35" ten="40,8000,1" yaku="15,1,52,3" doraHai="30" who="0" fromWho="2" sc="265,90,188,0,258,-80,279,0" /><INIT seed="6,0,0,1,3,116" ten="355,188,178,279" oya="2" hai0="80,50,67,90,44,104,3,40,103,88,17,33,77" hai1="42,95,45,8,60,123,58,35,11,56,100,9,41" hai2="94,73,130,21,16,26,132,13,64,39,63,25,66" hai3="32,37,12,0,70,87,79,51,120,118,29,31,20"/><V112/><F112/><W84/><G37/><T46/><D33/><U96/><E35/><V38/><F73/><W4/><G70/><T124/><D3/><U127/><E127/><V57/><F132/><W131/><G118/><T2/><D2/><U61/><E123/><V119/><F119/><W126/><G32/><T62/><D124/><U107/><E107/><V115/><F130/><W125/><G131/><T105/><D105/><U101/><E45/><V15/><F115/><W22/><G0/><T98/><D17/><U89/><E89/><V72/><F72/><W55/><G4/><T114/><D46/><U28/><E28/><V109/><F109/><W83/><G120/><T128/><D128/><U49/><E49/><V75/><F75/><W69/><G69/><T1/><D1/><U71/><E71/><V82/><F82/><W99/><G99/><T110/><D110/><U86/><E86/><V68/><F94/><W52/><G51/><T30/><D30/><U48/><E48/><V74/><F74/><W47/><G47/><T97/><D97/><U85/><E85/><V24/><REACH who="2" step="1"/><F13/><REACH who="2" ten="355,188,168,279" step="2"/><W43/><G12/><T91/><D114/><U117/><E117/><V106/><F106/><W23/><G126/><T108/><D108/><U113/><E113/><V76/><F76/><W18/><G125/><T122/><D77/><U5/><E95/><V36/><F36/><W53/><G79/><T102/><D122/><U92/><E92/><V111/><F111/><W121/><G83/><T81/><D81/><U78/><E78/><V54/><F54/><W19/><G53/><RYUUKYOKU ba="0,1" sc="355,-10,188,-10,168,30,279,-10" hai2="15,16,21,24,25,26,38,39,57,63,64,66,68" /><INIT seed="6,1,1,2,4,38" ten="345,178,198,269" oya="2" hai0="26,16,44,65,61,104,39,18,86,5,55,98,78" hai1="32,45,9,15,74,99,35,128,77,89,125,92,103" hai2="70,37,106,46,82,47,91,79,22,51,71,36,80" hai3="58,10,93,114,48,119,1,101,63,90,23,112,81"/><V102/><F22/><W25/><G119/><T19/><D5/><U83/><E128/><V96/><F82/><W73/><G101/><T134/><D134/><U109/><E109/><V21/><F91/><W129/><G129/><T24/><D39/><U94/><E125/><V17/><F37/><W88/><G48/><N who="0" m="29063" /><D104/><U41/><E94/><V56/><F46/><W28/><G1/><T66/><D98/><U111/><E111/><V60/><F36/><W8/><G73/><T135/><D135/><U13/><E13/><V30/><F30/><W131/><G81/><N who="0" m="47415" /><D61/><U130/><E130/><V120/><F120/><W76/><G76/><T126/><D126/><U33/><E103/><V123/><F123/><W132/><G132/><T95/><D95/><U87/><E74/><V97/><F97/><N who="3" m="57511" /><G90/><T29/><D29/><U100/><E100/><V43/><F80/><W57/><G131/><T75/><D75/><U69/><E69/><V12/><REACH who="2" step="1"/><F79/><REACH who="2" ten="345,178,188,269" step="2"/><W127/><G127/><T50/><D24/><U11/><REACH who="1" step="1"/><E15/><REACH who="1" ten="345,168,188,269" step="2"/><V4/><F4/><W117/><G117/><T49/><D26/><U107/><E107/><V7/><F7/><W0/><G25/><T72/><D72/><U62/><E62/><V42/><F42/><W124/><G63/><T68/><D68/><U2/><E2/><V27/><F27/><W105/><G0/><T34/><D34/><U52/><E52/><AGARI ba="1,3" hai="12,17,21,43,47,51,52,56,60,70,71,96,102,106" machi="52" ten="30,11600,0" yaku="1,1,7,1,52,1,54,1,53,0" doraHai="38" doraHaiUra="118" who="2" fromWho="1" sc="345,0,168,-119,188,149,269,0" /><INIT seed="6,2,0,3,2,106" ten="345,49,337,269" oya="2" hai0="13,90,25,70,17,113,3,9,117,24,81,29,2" hai1="32,62,60,109,54,100,41,63,55,133,118,59,128" hai2="82,73,47,91,15,65,127,112,19,45,88,28,46" hai3="23,85,14,94,80,99,125,97,10,11,0,6,69"/><V135/><F112/><W98/><G69/><T36/><D36/><U107/><E32/><V114/><F114/><W104/><G125/><T39/><D113/><U31/><E31/><V102/><F127/><W108/><G108/><T78/><D39/><U79/><E79/><V92/><F135/><W86/><G104/><T53/><D70/><U48/><E100/><V77/><F28/><W8/><G23/><T129/><D129/><U93/><E93/><V33/><F33/><W52/><G94/><T44/><D24/><U67/><E107/><V64/><F102/><W87/><G80/><T22/><D117/><U34/><E34/><V74/><F74/><W130/><G130/><T26/><D26/><U96/><E96/><V7/><F7/><W116/><G116/><T30/><D30/><U66/><E109/><V27/><F27/><W110/><G110/><T124/><D124/><U72/><E72/><V49/><F49/><W21/><G21/><T42/><D42/><U126/><E126/><V132/><F132/><W40/><G40/><T121/><D121/><U5/><E5/><V131/><F131/><W111/><G111/><T43/><D43/><U103/><E103/><V71/><F92/><W115/><G115/><T4/><D4/><U76/><E76/><V18/><F18/><W35/><G35/><T123/><D78/><U16/><E118/><V122/><F122/><W83/><G83/><T75/><D75/><U61/><E133/><V50/><F71/><W120/><G120/><T134/><D123/><U84/><N who="1" m="15360" /><DORA hai="101" /><U56/><E128/><V51/><F73/><RYUUKYOKU ba="2,0" sc="345,0,49,0,337,0,269,0" /><INIT seed="7,3,0,3,1,6" ten="345,49,337,269" oya="3" hai0="88,68,135,121,18,90,33,127,125,133,96,105,19" hai1="29,10,17,16,100,80,76,4,60,55,41,94,89" hai2="5,103,120,22,102,72,117,34,54,1,106,56,9" hai3="99,36,132,31,130,48,62,15,75,39,67,40,116"/><W8/><G75/><T49/><D68/><U44/><E100/><V63/><F34/><W107/><G116/><T86/><D33/><U47/><E29/><V21/><F117/><W53/><G31/><T35/><D35/><U91/><E47/><V69/><F120/><W124/><G40/><T50/><D121/><U38/><E89/><N who="0" m="34409" /><D86/><U0/><E55/><V113/><F113/><W24/><G24/><T13/><D19/><U65/><E91/><V78/><F69/><W66/><G124/><N who="0" m="47691" /><D96/><U3/><E94/><V45/><F45/><W52/><G132/><N who="0" m="50763" /><D105/><U101/><E0/><V108/><F103/><W128/><G99/><T81/><D81/><U123/><E101/><V23/><F102/><W126/><G126/><T64/><D64/><N who="3" m="24617" /><G107/><T134/><D134/><U119/><E119/><V77/><F106/><W112/><G62/><T95/><D95/><U14/><E14/><V25/><F1/><W71/><G71/><T26/><D26/><U46/><E46/><V84/><F25/><W28/><G28/><T79/><D79/><U43/><E43/><V27/><F27/><W85/><G85/><T57/><D57/><U82/><E123/><V61/><F84/><W93/><G93/><T83/><D83/><U87/><E82/><N who="2" m="45351" /><F63/><W118/><G118/><T42/><D42/><U2/><E2/><V73/><F73/><W104/><G104/><T109/><D109/><U98/><E98/><V74/><F108/><W59/><G112/><T20/><AGARI ba="3,0" hai="13,18,20,49,50" m="50763,47691,34409" machi="20" ten="40,5200,0" yaku="18,1,20,1,54,1" doraHai="6" who="0" fromWho="0" sc="345,61,49,-16,337,-16,269,-29" owari="406,50.6,33,-46.7,321,12.1,240,-16.0" /></mjloggm>