<mjloggm ver="2.3"><GO type="169" lobby="0"/><UN n0="%74%61%6B%65%33" n1="%E4%BB%99%E5%A2%83%E5%B0%BE%E7%80%AC%E6%B2%BC%E8%8A%B1%E3%81%AE%E5%8E%9F" n2="%E6%9A%97%E9%BB%92%E7%96%BE%E9%A2%A8%E9%BE%8D%E7%8E%8B%E4%B8%B8" n3="%E9%BB%92%E9%9B%BB%E8%A9%B1" dan="17,16,16,16" rate="2209.57,2018.87,2028.30,2141.00" sx="M,F,M,M"/><TAIKYOKU oya="0"/><INIT seed="0,0,0,4,1,10" ten="250,250,250,250" oya="0" hai0="22,37,133,68,42,21,124,59,109,53,127,126,38" hai1="89,87,3,102,134,130,29,115,36,101,125,64,107" hai2="12,66,61,49,108,14,35,119,110,78,34,33,84" hai3="32,55,113,69,63,129,77,17,23,118,114,135,117"/><T57/><D68/><U91/><E36/><V80/><F119/><W97/><G77/><T30/><D133/><U95/><E3/><V112/><F112/><W16/><G32/><T100/><D100/><U111/><E64/><V7/><F49/><W28/><G69/><T90/><D30/><U9/><E134/><V122/><F7/><W120/><G135/><T39/><D42/><U86/><E29/><V82/><F82/><W45/><G97/><T48/><D109/><N who="2" m="42090" /><F122/><W8/><G55/><T51/><D90/><U96/><E111/><V67/><F67/><W5/><G63/><T93/><D93/><U94/><E115/><N who="3" m="44042" /><G45/><T19/><D19/><N who="3" m="7241" /><G129/><T15/><D15/><U41/><E41/><V58/><AGARI ba="0,0" hai="12,14,33,34,35,58,61,66,78,80,84" m="42090" machi="58" ten="40,5200,0" yaku="14,1,52,2" doraHai="10" who="2" fromWho="2" sc="250,-26,250,-13,250,52,250,-13" /><INIT seed="1,0,0,1,1,24" ten="224,237,302,237" oya="1" hai0="89,104,25,114,91,117,85,94,79,54,69,109,68" hai1="55,75,72,96,28,42,65,7,101,131,2,44,0" hai2="133,30,26,12,62,112,99,73,5,88,66,4,83" hai3="27,124,71,125,76,18,115,98,86,135,77,49,1"/><U126/><E126/><V78/><F133/><W51/><G1/><T38/><D38/><U108/><E131/><V64/><F112/><W116/><G71/><T40/><D40/><U129/><E129/><V22/><F12/><W36/><G36/><T90/><D104/><U45/><E55/><V37/><F37/><W43/><G98/><T134/><D114/><U74/><E7/><V92/><REACH who="2" step="1"/><F66/><REACH who="2" ten="224,237,292,237" step="2"/><W52/><G115/><T105/><D134/><U60/><E0/><V41/><F41/><W120/><G135/><T103/><D117/><U132/><E2/><V34/><F34/><W39/><G39/><T100/><D54/><U113/><E42/><V81/><F81/><W15/><G116/><T127/><D127/><N who="3" m="48713" /><G15/><T48/><D109/><U56/><E113/><V21/><F21/><N who="3" m="13751" /><G120/><T122/><D122/><U6/><E132/><V59/><AGARI ba="0,1" hai="4,5,22,26,30,59,62,64,73,78,83,88,92,99" machi="59" ten="20,8000,1" yaku="1,1,0,1,7,1,52,1,54,1,53,0" doraHai="24" doraHaiUra="80" who="2" fromWho="2" sc="224,-20,237,-40,292,90,237,-20" /><INIT seed="2,0,0,4,5,92" ten="204,197,382,217" oya="2" hai0="67,78,74,100,7,83,40,99,96,5,20,2,51" hai1="85,84,95,134,124,70,52,29,110,43,17,19,104" hai2="3,41,126,55,112,76,125,46,34,60,102,11,118" hai3="132,63,62,101,48,12,129,80,111,16,10,82,66"/><V44/><F34/><W57/><G111/><T68/><D2/><U131/><E104/><V88/><F112/><W73/><G129/><T42/><D68/><U127/><E70/><V107/><F118/><W26/><G132/><T35/><D35/><U81/><E43/><V61/><F76/><W18/><G73/><T119/><D67/><U121/><E29/><V45/><F102/><W50/><G101/><T90/><D119/><U98/><E110/><V135/><F107/><W89/><G62/><T31/><D90/><U37/><E37/><V22/><F22/><N who="3" m="13639" /><G82/><T38/><D38/><U105/><E105/><V23/><F23/><W56/><G57/><T120/><D120/><U0/><E0/><V1/><F41/><W113/><G113/><T24/><D42/><U21/><E131/><V115/><F115/><W8/><G10/><T53/><D40/><U109/><E109/><V97/><F11/><W54/><G66/><T86/><D74/><U123/><E134/><V39/><F135/><W6/><G6/><N who="0" m="2059" /><D100/><N who="1" m="60511" /><E81/><V14/><F39/><W103/><G103/><T72/><D72/><U116/><E116/><V94/><F55/><W79/><G79/><T77/><D78/><U13/><E52/><V130/><F130/><W49/><G80/><T58/><AGARI ba="0,0" hai="20,24,31,51,53,58,77,83,86,96,99" m="2059" machi="58" ten="30,4000,0" yaku="8,1,52,2" doraHai="92" who="0" fromWho="0" sc="204,40,197,-10,382,-20,217,-10" /><INIT seed="3,0,0,3,2,77" ten="244,187,362,207" oya="3" hai0="26,37,36,14,94,98,27,32,65,47,71,103,2" hai1="87,120,84,6,131,108,111,18,64,113,15,127,9" hai2="66,60,57,39,110,133,95,74,56,45,92,123,25" hai3="31,59,49,132,83,23,29,42,118,7,97,61,135"/><W115/><G115/><T86/><D2/><U63/><E113/><V46/><F74/><W112/><G118/><T62/><D32/><U114/><E114/><V89/><F110/><N who="1" m="42025" /><E120/><V17/><F133/><W121/><G121/><T82/><D14/><N who="1" m="5431" /><E127/><V91/><F39/><W21/><G7/><T33/><D33/><U122/><E131/><V70/><F70/><W20/><G97/><T22/><D47/><U80/><E80/><V124/><F124/><W54/><G112/><T10/><D10/><N who="1" m="6519" /><E122/><V41/><F41/><W76/><G61/><T101/><D101/><U73/><E73/><V1/><F1/><W38/><G38/><T35/><D35/><U58/><AGARI ba="0,0" hai="58,63,64,84,87" m="6519,5431,42025" machi="58" ten="30,1100,0" yaku="14,1" doraHai="77" who="1" fromWho="1" sc="244,-3,187,11,362,-3,207,-5" /><INIT seed="4,0,0,4,3,133" ten="241,198,359,202" oya="0" hai0="79,83,43,31,98,61,106,103,60,124,71,8,36" hai1="25,120,99,68,74,100,26,41,116,135,46,75,134" hai2="6,56,55,107,44,72,37,91,58,40,105,47,64" hai3="23,114,49,3,18,1,118,17,10,121,16,132,42"/><T73/><D31/><U87/><E68/><V115/><F72/><W130/><G132/><N who="1" m="50730" /><E120/><V69/><F6/><W109/><G109/><T95/><D71/><U77/><E87/><V11/><F11/><W112/><G42/><T59/><D8/><U94/><E116/><V128/><F91/><W78/><G78/><T111/><D111/><U22/><E77/><V38/><F105/><W84/><G49/><T0/><D0/><U108/><E108/><V12/><F12/><W82/><G118/><T32/><D32/><U96/><E96/><V13/><F13/><W86/><G121/><T65/><D61/><U81/><E81/><V34/><F107/><W67/><G67/><T104/><REACH who="0" step="1"/><D124/><REACH who="0" ten="231,198,359,202" step="2"/><U48/><E25/><V93/><F34/><W30/><G10/><T110/><D110/><U51/><E51/><V123/><F69/><W50/><G50/><T28/><D28/><AGARI ba="0,1" hai="22,26,28,41,46,48,74,75,94,99,100" m="50730" machi="28" ten="30,1000,0" yaku="20,1" doraHai="133" who="1" fromWho="0" sc="231,-10,198,20,359,0,202,0" /><INIT seed="5,0,0,3,0,133" ten="221,218,359,202" oya="1" hai0="89,81,87,64,62,105,109,1,134,129,46,74,118" hai1="95,22,23,128,102,41,2,4,66,6,3,14,127" hai2="70,11,77,125,71,83,7,38,103,17,45,9,29" hai3="112,65,91,24,19,92,58,107,123,55,119,78,27"/><U26/><E41/><N who="2" m="22711" /><F29/><W101/><G112/><T100/><D109/><U21/><E66/><V37/><F37/><W39/><G39/><T124/><D118/><U42/><E42/><V114/><F103/><W131/><G78/><T110/><D110/><U56/><E56/><V28/><F28/><W98/><G131/><T116/><D116/><U135/><E95/><V86/><F11/><W104/><G119/><T76/><D1/><N who="1" m="11" /><E102/><V111/><F17/><W61/><G123/><T88/><D46/><U54/><E54/><V16/><F16/><W20/><G27/><T47/><D47/><U75/><E75/><V52/><F52/><W5/><G5/><N who="1" m="2154" /><E135/><V85/><F71/><W68/><REACH who="3" step="1"/><G101/><REACH who="3" ten="221,218,359,192" step="2"/><T36/><D36/><U53/><E128/><V60/><F77/><W94/><G94/><T43/><D129/><U51/><E26/><V97/><F111/><W33/><G33/><T15/><D134/><U113/><E113/><V120/><F114/><W63/><AGARI ba="0,1" hai="19,20,24,55,58,61,63,65,68,91,92,98,104,107" machi="63" ten="20,12000,2" yaku="1,1,0,1,7,1,25,2,53,2" doraHai="133" doraHaiUra="59" who="3" fromWho="3" sc="221,-30,218,-60,359,-30,192,130" /><INIT seed="6,0,0,3,4,21" ten="191,158,329,322" oya="2" hai0="9,26,38,31,57,23,99,114,54,91,93,5,43" hai1="125,55,52,4,20,117,132,39,14,109,130,128,41" hai2="13,84,46,96,16,105,82,69,85,36,47,120,45" hai3="56,48,90,118,17,124,30,58,101,65,7,68,64"/><V11/><F120/><W133/><G118/><T113/><D38/><U88/><E117/><V67/><F69/><W70/><G101/><T63/><REACH who="0" step="1"/><D43/><REACH who="0" ten="181,158,329,322" step="2"/><U62/><E39/><V78/><F36/><W2/><G70/><T44/><D44/><U102/><E41/><V34/><F47/><W115/><G68/><T18/><D18/><U119/><E119/><V72/><F46/><W104/><G17/><T15/><AGARI ba="0,1" hai="5,9,15,23,26,31,54,57,63,91,93,99,113,114" machi="15" ten="30,4000,0" yaku="1,1,0,1,52,1,53,0" doraHai="21" doraHaiUra="98" who="0" fromWho="0" sc="181,50,158,-10,329,-20,322,-10" /><INIT seed="7,0,0,2,0,131" ten="231,148,309,312" oya="3" hai0="0,61,113,2,21,90,33,71,83,60,45,89,58" hai1="54,19,36,70,133,10,6,98,100,38,47,4,43" hai2="27,64,40,50,86,122,15,20,56,75,29,93,7" hai3="118,129,31,108,97,77,104,51,37,80,87,74,127"/><W94/><G37/><T46/><D33/><U132/><E36/><V130/><F75/><W25/><G118/><T91/><D83/><U120/><E120/><V8/><F130/><W84/><G129/><T101/><D101/><U96/><E96/><V67/><F122/><W116/><G116/><T106/><D106/><U9/><E70/><V114/><F114/><W81/><G127/><T59/><D71/><U99/><E54/><N who="2" m="31831" /><F40/><W63/><G63/><T82/><D82/><U69/><E69/><V135/><F135/><N who="1" m="51785" /><E19/><V112/><F112/><W32/><G104/><T110/><D113/><U39/><E39/><V53/><F53/><W111/><G51/><T95/><D110/><N who="3" m="42025" /><G81/><T57/><D95/><U73/><E73/><V42/><F42/><W128/><G128/><T11/><D21/><U62/><E62/><N who="0" m="24169" /><D11/><N who="1" m="4107" /><E98/><V76/><F76/><W117/><G117/><T65/><D65/><U79/><E79/><V107/><F107/><W121/><G121/><T119/><D119/><U102/><E102/><AGARI ba="0,0" hai="25,31,32,74,77,80,84,87,94,97,102" m="42025" machi="102" ten="30,1500,0" yaku="10,1" doraHai="131" who="3" fromWho="1" sc="231,0,148,-15,309,0,312,15" owari="231,-16.9,133,-36.7,309,10.9,327,42.7" /></mjloggm>