<mjloggm ver="2.3"><GO type="169" lobby="0"/><UN n0="%E3%81%93%E3%81%9A" n1="%E3%80%90%E7%BD%AA%E6%AD%8C%E3%80%91" n2="%E3%81%AA%E3%81%BE%E3%81%91%E8%80%85" n3="%EF%BC%AE%EF%BC%A1%EF%BC%AF%33%33%39" dan="16,18,16,16" rate="2057.11,2268.36,2067.26,2134.46" sx="M,M,M,M"/><TAIKYOKU oya="0"/><INIT seed="0,0,0,4,1,13" ten="250,250,250,250" oya="0" hai0="12,41,20,69,81,7,62,4,61,18,58,76,22" hai1="45,122,48,115,6,65,53,29,57,2,82,92,36" hai2="105,10,25,63,38,100,126,98,59,117,125,67,121" hai3="27,32,108,75,16,132,73,14,5,109,17,46,23"/><T127/><D127/><N who="2" m="48650" /><F121/><W84/><G5/><T21/><D41/><U112/><E29/><V42/><F117/><W78/><G46/><T95/><D69/><U15/><E2/><V26/><F42/><W1/><G1/><T71/><D71/><U30/><E30/><V31/><F38/><W3/><G3/><T110/><D110/><N who="3" m="42601" /><G32/><T130/><D130/><U99/><E82/><V9/><F26/><W64/><G64/><T77/><D95/><U106/><E106/><V60/><F63/><N who="0" m="24074" /><D58/><U37/><E122/><V24/><F24/><W70/><G70/><T52/><D52/><U111/><E111/><V124/><N who="2" m="48658" /><V11/><DORA hai="85" /><F11/><N who="3" m="6367" /><G132/><T114/><D114/><U131/><E131/><V54/><F67/><W113/><G113/><T89/><D81/><AGARI ba="0,0" hai="16,23,27,73,75,78,81,84" m="6367,42601" machi="81" ten="30,7700,0" yaku="14,1,52,2,54,1" doraHai="13,85" who="3" fromWho="0" sc="250,-77,250,0,250,0,250,77" /><INIT seed="1,0,0,4,5,10" ten="173,250,250,327" oya="1" hai0="17,46,130,55,21,72,116,26,122,24,50,2,23" hai1="90,83,112,129,132,8,103,44,62,115,106,28,73" hai2="0,97,85,94,121,66,93,105,128,39,60,51,102" hai3="96,91,32,5,29,33,135,41,58,69,48,3,74"/><U77/><E28/><V78/><F121/><W71/><G74/><T42/><D116/><U15/><E132/><V64/><F39/><W124/><G5/><T107/><D130/><U92/><E129/><V11/><F128/><W56/><G3/><T113/><D113/><U68/><E44/><V49/><F66/><W40/><G96/><T36/><D2/><U18/><E103/><V109/><F109/><W114/><G29/><T84/><D72/><U34/><E34/><V16/><F105/><W38/><G48/><T37/><D122/><U7/><E106/><V125/><F125/><W104/><G104/><T1/><D1/><U4/><E4/><V131/><F131/><W54/><G91/><T75/><D75/><U43/><E43/><V47/><F0/><W45/><G54/><T52/><D107/><U63/><E7/><V12/><F47/><W53/><G53/><T88/><D37/><U123/><E123/><V111/><F111/><W57/><G45/><T100/><D100/><U82/><E82/><V98/><F85/><W127/><G38/><T87/><D36/><U81/><E81/><V25/><F78/><W9/><G114/><T14/><D87/><U110/><E110/><V99/><F25/><N who="0" m="9834" /><D23/><U30/><E30/><V67/><F67/><W13/><G33/><T119/><D119/><U117/><E117/><V134/><F134/><W61/><G32/><T108/><D108/><U65/><REACH who="1" step="1"/><E63/><REACH who="1" ten="173,240,250,327" step="2"/><V101/><REACH who="2" step="1"/><F99/><AGARI ba="0,1" hai="8,15,18,62,65,68,73,77,83,90,92,99,112,115" machi="99" ten="30,11600,0" yaku="1,1,2,1,7,1,52,1,53,0" doraHai="10" doraHaiUra="126" who="1" fromWho="2" sc="173,0,240,126,250,-116,327,0" /><INIT seed="1,1,0,5,5,131" ten="173,366,134,327" oya="1" hai0="10,118,27,104,56,52,32,83,81,80,44,46,64" hai1="23,134,41,71,86,128,53,47,2,14,87,100,132" hai2="15,114,31,130,106,113,25,123,117,19,62,75,111" hai3="116,7,38,115,50,70,122,135,93,77,95,68,63"/><U112/><E112/><V51/><F117/><W1/><G115/><T84/><D118/><U82/><E2/><V96/><F123/><W73/><G122/><T26/><D104/><U28/><E71/><V12/><F75/><W49/><G38/><T92/><D32/><U6/><E100/><V79/><F111/><W125/><G116/><T127/><D127/><U43/><E128/><V74/><F130/><W101/><G7/><T59/><D10/><N who="1" m="4439" /><E53/><V57/><F114/><W36/><G36/><T126/><D126/><U8/><E8/><V88/><F51/><W21/><G77/><T76/><D64/><U24/><E87/><V103/><F79/><W109/><G101/><T99/><D84/><U108/><E108/><V3/><F74/><W94/><G73/><T102/><D76/><N who="1" m="46407" /><E43/><V5/><F3/><W119/><G1/><T45/><REACH who="0" step="1"/><D59/><REACH who="0" ten="163,366,134,327" step="2"/><U129/><E129/><V18/><F57/><W105/><G119/><T35/><D35/><U133/><E41/><V110/><F113/><W39/><G125/><T98/><D98/><U0/><E0/><V22/><F110/><W90/><G109/><T54/><D54/><U69/><E69/><V42/><F42/><W37/><G68/><T13/><D13/><U40/><E40/><V72/><F72/><W91/><G70/><T33/><D33/><U65/><E47/><V34/><F34/><W17/><G39/><T120/><D120/><U121/><E121/><V107/><F107/><W61/><G105/><T97/><D97/><U78/><E78/><V124/><F124/><W58/><G37/><T4/><D4/><RYUUKYOKU ba="1,1" sc="163,15,366,15,134,-15,327,-15" hai0="26,27,44,45,46,52,56,80,81,83,92,99,102" hai1="23,24,28,65,132,133,134" /><INIT seed="1,2,1,1,5,123" ten="178,381,119,312" oya="1" hai0="118,62,126,63,87,13,124,88,9,82,69,122,26" hai1="67,116,50,56,27,37,132,130,113,32,45,0,107" hai2="95,20,110,59,96,22,18,80,38,31,14,39,43" hai3="35,57,64,119,98,76,7,108,117,44,91,111,127"/><U125/><RYUUKYOKU type="yao9" ba="2,1" sc="178,0,381,0,119,0,312,0" hai1="0,27,32,37,45,50,56,67,107,113,116,125,130,132" /><INIT seed="1,3,1,2,2,98" ten="178,381,119,312" oya="1" hai0="5,132,108,66,103,12,109,61,25,69,41,128,88" hai1="96,101,70,87,56,59,93,115,68,24,3,84,18" hai2="1,127,89,7,63,90,34,9,113,52,116,106,121" hai3="17,32,118,72,21,19,117,112,47,114,81,74,135"/><U125/><E115/><N who="3" m="44074" /><G32/><T60/><D128/><U28/><E3/><V40/><F113/><W107/><G107/><T31/><D132/><U75/><E75/><N who="3" m="28714" /><G81/><T27/><D41/><U134/><E134/><V79/><F34/><W26/><G135/><T104/><D61/><U124/><E18/><V92/><F116/><N who="3" m="44651" /><G47/><T10/><D88/><U55/><E87/><V105/><F90/><W111/><G111/><T94/><D94/><U0/><E84/><V86/><F92/><W2/><G2/><T82/><D82/><U29/><E0/><V43/><F1/><W62/><G62/><T130/><D130/><U95/><E95/><V110/><F86/><W8/><G8/><T65/><D65/><U122/><E59/><V123/><F9/><W99/><G99/><N who="0" m="61567" /><D27/><U53/><E24/><V77/><F105/><W100/><G19/><T131/><D131/><U78/><E78/><V4/><F79/><W126/><G126/><T42/><D42/><U13/><E125/><V50/><F43/><W33/><G33/><AGARI ba="3,1" hai="5,10,12,25,31,33,60,66,69,108,109" m="61567" machi="33" ten="30,2000,0" yaku="25,1,52,1" doraHai="98" who="0" fromWho="3" sc="178,39,381,0,119,0,312,-29" /><INIT seed="2,0,0,0,3,76" ten="217,381,119,283" oya="2" hai0="15,0,12,58,8,73,17,47,22,95,71,94,128" hai1="56,133,57,69,90,88,121,67,42,33,36,3,126" hai2="87,79,46,125,13,26,44,53,93,35,37,5,41" hai3="105,99,38,117,108,112,89,7,52,131,54,45,86"/><V120/><F120/><W9/><G117/><T104/><D128/><U80/><E121/><V4/><F125/><W132/><G131/><T27/><D71/><U110/><E33/><V134/><F134/><W68/><G68/><T96/><D73/><U82/><E3/><V124/><F124/><W30/><G30/><T84/><D0/><U72/><E126/><V118/><F118/><W10/><G10/><T135/><D135/><U91/><E133/><V103/><F103/><W40/><G132/><T59/><D15/><U101/><E101/><V122/><F122/><W18/><G18/><T21/><D21/><U130/><E130/><V50/><F13/><W63/><G63/><T43/><D84/><U114/><E114/><V19/><F93/><W11/><G11/><T127/><D95/><U64/><E69/><V77/><F77/><W98/><G112/><T92/><D92/><U81/><E72/><V74/><F74/><W2/><G108/><T39/><D104/><U78/><E78/><V123/><F123/><W113/><G113/><T106/><D106/><U75/><E75/><V66/><F66/><N who="1" m="25129" /><E36/><V29/><REACH who="2" step="1"/><F19/><REACH who="2" ten="217,381,109,283" step="2"/><W83/><G105/><T20/><D127/><U70/><E110/><V60/><F60/><W34/><G34/><T116/><D116/><U100/><E70/><V115/><F115/><W102/><G102/><T61/><D61/><U28/><E100/><V31/><F31/><W16/><G16/><T111/><D17/><U55/><E28/><V62/><F62/><W85/><G85/><T25/><D12/><U129/><E129/><V24/><F24/><RYUUKYOKU ba="0,1" sc="217,-15,381,-15,109,15,283,15" hai2="4,5,26,29,35,37,41,44,46,50,53,79,87" hai3="2,7,9,38,40,45,52,54,83,86,89,98,99" /><INIT seed="2,1,1,5,5,93" ten="202,366,124,298" oya="2" hai0="24,54,65,125,13,130,22,109,103,5,120,63,40" hai1="101,116,82,28,84,4,38,112,124,89,77,66,72" hai2="87,18,79,126,105,19,37,3,117,0,131,78,48" hai3="115,111,100,106,108,56,85,73,135,104,123,20,70"/><V9/><F37/><W67/><G70/><T36/><D120/><U47/><E112/><V46/><F126/><W128/><G123/><T107/><D125/><U71/><E124/><V45/><F105/><W88/><G73/><T23/><D130/><U91/><E116/><V99/><F131/><W127/><G127/><T97/><D109/><N who="3" m="42057" /><G128/><T59/><D36/><U1/><E28/><V68/><F68/><W110/><G110/><T32/><D40/><N who="1" m="22935" /><E84/><V61/><F87/><W121/><G121/><T26/><D32/><U43/><E43/><V55/><F61/><N who="3" m="38311" /><G100/><T86/><D86/><U10/><E101/><V41/><F117/><W64/><G64/><T134/><D134/><U2/><E2/><V74/><F74/><W51/><G135/><T119/><D119/><U14/><E14/><V81/><F0/><W57/><G20/><T6/><D13/><U17/><E17/><V49/><F3/><W21/><G21/><T94/><D107/><U15/><E15/><V53/><F9/><W39/><G39/><T50/><D23/><U114/><E114/><V62/><F62/><AGARI ba="1,1" hai="1,4,10,62,66,71,72,77,82,89,91" m="22935" machi="62" ten="30,1000,0" yaku="25,1" doraHai="93" who="1" fromWho="2" sc="202,0,366,23,124,-13,298,0" /><INIT seed="3,0,0,3,4,64" ten="202,389,111,298" oya="3" hai0="119,90,114,103,76,104,21,58,67,39,135,20,109" hai1="34,132,93,49,81,130,80,108,123,77,60,95,75" hai2="112,124,66,53,3,5,15,11,33,121,9,117,25" hai3="72,127,2,118,106,115,50,79,56,73,65,14,31"/><W44/><G2/><T45/><D119/><U126/><E123/><V13/><F117/><W36/><G118/><T122/><D122/><U59/><E34/><V116/><F116/><W26/><G115/><T32/><D32/><U1/><E1/><V68/><F121/><W111/><G106/><T97/><D109/><U0/><E0/><V63/><F124/><W8/><G36/><T88/><D135/><U38/><E38/><V57/><F112/><W78/><G73/><T129/><D129/><U27/><E27/><V54/><F3/><W40/><G72/><T10/><D10/><U92/><E49/><V99/><F99/><W7/><G127/><T23/><D76/><U24/><E24/><V22/><F33/><W94/><G111/><T69/><D58/><U102/><E108/><V85/><F57/><W52/><G94/><T96/><D96/><N who="1" m="59655" /><E80/><V128/><F85/><W134/><G134/><T89/><D114/><U30/><E30/><V47/><F47/><W41/><G65/><T74/><D74/><U62/><E126/><V120/><F128/><W18/><G31/><T125/><D125/><U55/><E130/><V98/><F98/><W87/><G87/><T86/><D86/><U51/><E132/><V35/><F35/><W100/><G100/><T71/><REACH who="0" step="1"/><D67/><REACH who="0" ten="192,389,111,298" step="2"/><U37/><E75/><V61/><F120/><W101/><G56/><T107/><D107/><U17/><E77/><N who="3" m="29194" /><G101/><T91/><N who="0" m="22528" /><DORA hai="113" /><T29/><D29/><U48/><E81/><V82/><F82/><W110/><G110/><T19/><D19/><U43/><E59/><V105/><F105/><RYUUKYOKU ba="0,1" sc="192,15,389,-15,111,-15,298,15" hai0="20,21,23,39,45,69,71,97,103,104" hai3="7,8,14,18,26,40,41,44,50,52" /><INIT seed="3,1,1,1,2,106" ten="207,374,96,313" oya="3" hai0="68,50,112,18,82,89,109,28,119,87,103,120,26" hai1="7,88,36,104,67,9,94,127,14,98,58,79,12" hai2="46,97,130,113,65,63,56,3,61,21,15,27,19" hai3="40,41,93,37,10,105,78,24,52,117,133,20,90"/><W76/><G105/><T100/><D119/><U16/><E36/><V111/><F113/><W23/><G117/><T60/><D120/><U31/><E104/><V44/><F3/><W116/><G116/><T0/><D0/><U29/><E127/><V83/><F111/><W118/><G118/><T77/><D109/><U72/><E72/><V59/><F130/><W75/><G37/><T107/><D112/><U95/><E79/><N who="3" m="30250" /><G75/><T74/><D18/><U124/><E124/><V11/><F83/><W99/><G133/><T122/><D122/><U110/><E110/><V5/><REACH who="2" step="1"/><F97/><REACH who="2" ten="207,374,86,313" step="2"/><W125/><G125/><T17/><D82/><U64/><E95/><V2/><F2/><W55/><G10/><T45/><D107/><U47/><E94/><V129/><F129/><W69/><G69/><T128/><D128/><U22/><E98/><V81/><F81/><W115/><G115/><T8/><D68/><U135/><E135/><V66/><AGARI ba="1,2" hai="5,11,15,19,21,27,44,46,56,59,61,63,65,66" machi="66" ten="20,8000,1" yaku="1,1,0,1,7,1,9,1,8,1,53,0" doraHai="106" doraHaiUra="131" who="2" fromWho="2" sc="207,-21,374,-21,86,103,313,-41" /><INIT seed="4,0,0,2,4,9" ten="186,353,189,272" oya="0" hai0="117,84,129,101,86,29,16,6,76,39,26,12,87" hai1="23,116,82,112,105,124,58,103,96,107,106,47,89" hai2="45,80,48,113,0,109,135,66,97,54,20,38,31" hai3="125,55,62,17,69,130,65,59,115,44,95,60,88"/><T79/><D129/><U15/><E116/><V2/><F109/><W11/><G130/><T100/><D117/><U63/><E124/><V27/><F113/><W35/><G35/><T119/><D119/><U128/><E128/><V111/><F111/><W104/><G104/><T43/><D6/><U131/><E131/><V30/><F135/><W91/><G115/><T40/><D39/><U121/><E121/><V13/><F31/><W33/><G33/><T122/><D122/><U34/><E47/><V1/><F66/><W14/><G125/><T24/><D29/><U25/><E34/><V110/><F38/><W67/><G95/><T73/><D73/><U53/><E15/><V8/><F110/><W71/><G44/><T78/><D100/><U41/><E41/><N who="0" m="15945" /><D101/><U132/><E132/><V75/><F97/><W42/><G42/><T123/><D123/><U90/><E112/><V108/><F108/><W93/><G93/><T5/><D5/><U21/><E82/><V52/><F80/><W46/><G46/><T3/><D3/><U4/><E4/><V7/><REACH who="2" step="1"/><F54/><REACH who="2" ten="186,353,179,272" step="2"/><W127/><G127/><T72/><D72/><AGARI ba="0,1" hai="0,1,2,7,8,13,20,27,30,45,48,52,72,75" machi="72" ten="40,8000,1" yaku="1,1,2,1,52,1,54,1,53,0" doraHai="9" doraHaiUra="57" who="2" fromWho="0" sc="186,-80,353,0,179,90,272,0" /><INIT seed="5,0,0,5,2,74" ten="106,353,269,272" oya="1" hai0="19,21,77,120,118,125,117,18,75,55,6,34,7" hai1="124,95,92,37,116,4,107,29,31,131,100,30,10" hai2="91,97,135,82,53,129,25,90,101,66,105,70,121" hai3="16,103,3,35,62,9,42,133,69,84,0,12,5"/><U89/><E116/><V102/><F121/><W57/><G35/><T111/><D111/><U24/><E37/><V44/><F102/><W32/><G32/><T36/><D36/><U39/><E39/><V109/><F109/><W115/><G69/><T112/><D120/><U126/><E107/><V94/><F129/><W2/><G42/><T41/><D41/><U81/><E100/><V64/><F135/><W71/><G71/><T61/><D125/><N who="1" m="48235" /><E131/><V58/><F44/><W88/><G103/><T23/><D61/><U113/><E113/><V50/><F70/><W67/><G133/><T56/><D75/><U54/><E54/><V104/><F104/><W85/><G85/><T14/><D34/><N who="1" m="20775" /><E95/><V119/><F119/><W48/><G48/><T47/><D47/><U98/><E81/><V72/><F25/><W11/><REACH who="3" step="1"/><G115/><REACH who="3" ten="106,353,269,262" step="2"/><T43/><D112/><U17/><E17/><V13/><F101/><W8/><G8/><T1/><D43/><U22/><E22/><V63/><F72/><W49/><G49/><T45/><D118/><U33/><E33/><V93/><F50/><W20/><G20/><T68/><D117/><U73/><E73/><V79/><F105/><W123/><G123/><T86/><D68/><U134/><E134/><V38/><F38/><W78/><G78/><T59/><D77/><U108/><E108/><V26/><F79/><W96/><G96/><T128/><D128/><U27/><E31/><V114/><F97/><W60/><G60/><T65/><D21/><N who="1" m="15727" /><E10/><V51/><F114/><W110/><G110/><T106/><D23/><U80/><E98/><RYUUKYOKU ba="0,1" sc="106,-10,353,-10,269,-10,262,30" hai3="0,2,3,5,9,11,12,16,57,62,67,84,88" /><INIT seed="6,1,1,1,2,54" ten="96,343,259,292" oya="2" hai0="110,49,66,9,44,115,67,103,14,128,89,94,63" hai1="47,16,19,113,48,10,92,78,37,79,53,65,105" hai2="2,42,46,102,17,51,58,112,59,69,15,0,127" hai3="50,73,6,116,83,122,91,3,27,74,70,57,29"/><V30/><F112/><W24/><G70/><T33/><D110/><U76/><E105/><V107/><F69/><W97/><G116/><T26/><D128/><U111/><E111/><V82/><F30/><W34/><G122/><T93/><D115/><U7/><E113/><V87/><F127/><W11/><G27/><T31/><D103/><U109/><E109/><V121/><F121/><W28/><G28/><T80/><D80/><U85/><E65/><V35/><F35/><W129/><G129/><T81/><D81/><U61/><E61/><V131/><F131/><W13/><G3/><T134/><D134/><U52/><E53/><V106/><F0/><W120/><G120/><T55/><D89/><N who="1" m="53295" /><E37/><V56/><F2/><W18/><G6/><T84/><D84/><U96/><E96/><V101/><F107/><W4/><G4/><T5/><REACH who="0" step="1"/><D67/><REACH who="0" ten="86,343,259,292" step="2"/><U71/><E79/><N who="2" m="46559" /><F106/><W125/><G83/><T22/><D22/><AGARI ba="1,2" hai="15,17,22,42,46,51,56,58,59,101,102" m="46559" machi="22" ten="30,11600,0" yaku="8,1,52,3" doraHai="54" who="2" fromWho="0" sc="86,-119,343,0,259,139,292,0" owari="-33,-53.3,343,14.3,398,49.8,292,-10.8" /></mjloggm>