<mjloggm ver="2.3"><GO type="169" lobby="0"/><UN n0="%E3%82%B3%E3%81%98%E3%81%95%E3%82%93%EF%BC%9F" n1="%53%E6%9C%A8" n2="%E3%81%84%E3%81%AC%E3%81%A6%E3%82%93" n3="%E3%81%B1%E3%83%BC%E3%81%9B%E3%82%93%E3%81%A8%E4%BE%8D" dan="17,17,16,18" rate="2141.15,2189.66,2059.48,2204.08" sx="M,M,M,M"/><TAIKYOKU oya="0"/><INIT seed="0,0,0,5,2,17" ten="250,250,250,250" oya="0" hai0="71,47,109,42,122,94,65,69,51,70,132,121,50" hai1="32,118,75,29,14,135,1,12,45,74,37,54,59" hai2="61,49,76,36,81,40,97,11,128,63,64,95,130" hai3="86,119,20,48,91,21,88,73,112,68,41,39,31"/><T27/><D132/><U92/><E118/><V58/><F36/><W38/><G119/><T108/><D94/><U25/><E135/><V2/><F2/><W8/><G73/><T103/><D103/><U110/><E110/><N who="0" m="42601" /><D27/><U126/><E126/><V120/><F120/><N who="0" m="46186" /><D65/><U102/><E1/><V44/><F11/><W134/><G112/><T6/><D6/><U78/><E75/><V93/><F63/><W55/><G31/><T117/><D117/><U24/><E29/><V10/><F10/><W79/><G8/><T67/><D67/><U96/><E24/><V89/><REACH who="2" step="1"/><F93/><REACH who="2" ten="250,250,240,250" step="2"/><W26/><G134/><T18/><D18/><U105/><E92/><V9/><F9/><W101/><G39/><AGARI ba="0,1" hai="39,42,47,50,51,69,70,71" m="46186,42601" machi="39" ten="40,12000,1" yaku="14,1,10,1,34,2" doraHai="17" who="0" fromWho="3" sc="250,130,250,0,240,0,250,-120" /><INIT seed="0,1,0,2,2,37" ten="380,250,240,130" oya="0" hai0="21,43,128,78,109,59,53,98,20,26,1,31,33" hai1="86,114,61,113,96,79,115,77,107,58,64,55,103" hai2="70,28,56,89,14,2,8,118,9,110,30,67,40" hai3="3,75,69,134,12,18,73,123,46,15,125,72,29"/><T88/><D1/><U84/><REACH who="1" step="1"/><E64/><REACH who="1" ten="380,240,240,130" step="2"/><V81/><F67/><W104/><G123/><T48/><D128/><U129/><E129/><V52/><F118/><W68/><G68/><T93/><D109/><U17/><E17/><V54/><F70/><W133/><G69/><T126/><D126/><U57/><E57/><V24/><F56/><W105/><G125/><T74/><REACH who="0" step="1"/><D43/><REACH who="0" ten="370,240,240,130" step="2"/><U19/><E19/><V102/><F40/><W11/><G18/><T22/><D22/><U66/><E66/><V80/><F110/><W36/><G134/><T100/><D100/><U63/><E63/><V35/><F102/><W90/><G133/><T132/><D132/><U32/><E32/><V119/><F35/><W27/><G75/><T122/><D122/><U62/><E62/><V16/><F119/><W130/><G73/><T83/><AGARI ba="1,2" hai="20,21,26,31,33,48,53,59,74,78,83,88,93,98" machi="83" ten="30,6000,0" yaku="1,1,0,1,54,1,53,0" doraHai="37" doraHaiUra="131" who="0" fromWho="0" sc="370,83,240,-21,240,-21,130,-21" /><INIT seed="0,2,0,3,5,127" ten="453,219,219,109" oya="0" hai0="88,81,90,129,102,61,46,14,95,8,10,23,133" hai1="134,123,39,112,26,87,13,40,68,44,117,89,107" hai2="29,93,119,99,72,4,22,135,17,97,55,24,18" hai3="49,109,130,80,74,63,126,66,6,132,131,114,116"/><T30/><D133/><U53/><E117/><V59/><F72/><W92/><G116/><T69/><D129/><N who="3" m="49161" /><G132/><T86/><D46/><U70/><E13/><V7/><F135/><W83/><G126/><T1/><D102/><U52/><E107/><V120/><F120/><W79/><G109/><T27/><D1/><U94/><E112/><V38/><F38/><W5/><G114/><T98/><D69/><U108/><E134/><V100/><F99/><W11/><G83/><T96/><D61/><U60/><E123/><V105/><F105/><W128/><N who="3" m="49169" /><W85/><DORA hai="103" /><G49/><T0/><D0/><U82/><E108/><V56/><F119/><W115/><G115/><T9/><REACH who="0" step="1"/><D96/><REACH who="0" ten="443,219,219,109" step="2"/><U58/><E70/><V106/><F59/><N who="3" m="37247" /><G11/><T3/><D3/><U35/><E68/><V91/><F56/><W15/><G15/><AGARI ba="2,1" hai="8,9,10,14,15,23,27,30,81,86,88,90,95,98" machi="15" ten="40,7700,0" yaku="1,1,8,1,54,1,53,0" doraHai="127,103" doraHaiUra="104,121" who="0" fromWho="3" sc="443,93,219,0,219,0,109,-83" /><INIT seed="0,3,0,3,0,28" ten="536,219,219,26" oya="0" hai0="40,95,101,44,23,58,130,65,15,84,96,93,121" hai1="109,122,57,9,55,26,80,37,7,73,123,66,16" hai2="135,22,59,125,70,31,110,117,6,71,30,75,72" hai3="10,113,76,134,13,53,69,127,77,92,35,60,38"/><T100/><D121/><U27/><E109/><V41/><F41/><W105/><G105/><T131/><D65/><U63/><E37/><V5/><F22/><W132/><G113/><T48/><D58/><U45/><E122/><V52/><F110/><W49/><G38/><T81/><D95/><U115/><E123/><V36/><F36/><W20/><G20/><T114/><D100/><U88/><E73/><V43/><F43/><W25/><G92/><T120/><D114/><U46/><E115/><V51/><F125/><W94/><G94/><T78/><D120/><U19/><E45/><V119/><F51/><W74/><G127/><T108/><REACH who="0" step="1"/><D108/><REACH who="0" ten="526,219,219,26" step="2"/><U98/><E66/><V107/><F59/><N who="3" m="33199" /><G69/><T83/><D83/><U102/><E80/><V50/><F107/><W0/><G60/><T47/><D47/><U82/><E46/><V85/><F70/><W68/><G68/><T61/><D61/><U90/><E82/><V126/><F71/><W54/><G134/><T21/><D21/><U62/><E63/><V17/><F135/><W128/><G132/><T3/><D3/><U87/><E62/><V18/><F126/><W112/><G0/><T12/><D12/><U133/><E57/><V116/><F116/><W111/><G111/><T11/><D11/><U124/><E133/><V34/><F119/><W103/><G112/><T86/><D86/><U33/><E87/><V2/><F117/><W64/><G64/><T91/><D91/><U1/><E1/><V39/><F2/><W56/><G56/><T14/><D14/><N who="1" m="5439" /><E124/><V32/><F85/><W8/><G8/><RYUUKYOKU ba="3,1" sc="526,30,219,-10,219,-10,26,-10" hai0="15,23,40,44,48,78,81,84,93,96,101,130,131" /><INIT seed="0,4,1,0,2,25" ten="556,209,209,16" oya="0" hai0="34,3,84,91,130,13,87,74,117,43,81,52,107" hai1="64,53,16,48,2,111,79,72,35,50,103,58,100" hai2="63,27,1,42,59,101,82,9,22,76,10,69,11" hai3="19,88,108,70,65,135,23,47,106,95,15,18,98"/><T68/><D3/><U89/><E111/><V57/><F101/><W66/><G108/><T4/><D107/><U49/><E35/><V118/><F118/><W41/><G135/><T37/><D68/><U90/><E2/><V54/><F1/><W17/><G106/><T80/><D34/><U29/><E64/><V44/><F69/><W36/><REACH who="3" step="1"/><G66/><REACH who="3" ten="556,209,209,6" step="2"/><T28/><D117/><U45/><E45/><V94/><F44/><W12/><G12/><T119/><D13/><U21/><E103/><V71/><F71/><W62/><AGARI ba="4,2" hai="15,17,18,19,23,36,41,47,62,65,70,88,95,98" machi="62" ten="30,4000,0" yaku="1,1,0,1,54,1,53,0" doraHai="25" doraHaiUra="96" who="3" fromWho="3" sc="556,-24,209,-14,209,-14,6,72" /><INIT seed="1,0,0,2,4,7" ten="532,195,195,78" oya="1" hai0="35,3,127,53,2,94,100,117,116,123,33,92,78" hai1="4,1,88,134,70,101,74,96,122,93,81,104,106" hai2="46,111,115,119,121,67,55,125,108,107,72,129,97" hai3="17,71,80,26,41,102,51,38,52,99,45,39,22"/><U73/><E70/><V66/><F72/><N who="1" m="27753" /><E1/><V13/><F107/><N who="1" m="41001" /><E4/><V19/><F97/><W98/><G71/><T47/><D47/><U126/><E122/><V28/><F28/><W37/><G80/><T63/><D63/><U23/><E23/><V90/><F121/><W54/><REACH who="3" step="1"/><G99/><REACH who="3" ten="532,195,195,68" step="2"/><T69/><D69/><U61/><E134/><V25/><F119/><W58/><G58/><T21/><D117/><U64/><E64/><V95/><F115/><W76/><G76/><T130/><D116/><U15/><E61/><V50/><F66/><W114/><G114/><T91/><D123/><U32/><E32/><V57/><F67/><W89/><G89/><T49/><D33/><U11/><E126/><V12/><F57/><W44/><G44/><T103/><D127/><U77/><E77/><V112/><F125/><W30/><G30/><T6/><D78/><U124/><E81/><V31/><F112/><W36/><N who="3" m="9216" /><DORA hai="105" /><W43/><G43/><T131/><D35/><U27/><E124/><V42/><F31/><W5/><G5/><T85/><D6/><U10/><E88/><V113/><F42/><W132/><G132/><T18/><D91/><U79/><E79/><V135/><F113/><W62/><G62/><T9/><D100/><U56/><E101/><V8/><F135/><W118/><G118/><T82/><D103/><U83/><E96/><V84/><F90/><W34/><G34/><T60/><D82/><U16/><E83/><V48/><F46/><W59/><G59/><T109/><D60/><U24/><E56/><V110/><F110/><W86/><G86/><RYUUKYOKU ba="0,1" sc="532,-10,195,-10,195,-10,68,30" hai3="17,22,26,41,45,51,52,54,98,102" /><INIT seed="2,1,1,2,1,132" ten="522,185,185,98" oya="2" hai0="6,29,103,51,59,127,109,82,8,56,111,39,26" hai1="92,93,47,49,91,105,102,124,62,129,0,18,55" hai2="50,135,32,101,31,76,28,98,122,14,116,134,48" hai3="106,128,54,67,120,4,53,13,41,5,23,123,43"/><V110/><F122/><W112/><G106/><T44/><D127/><U45/><E129/><V57/><F116/><W25/><G67/><T38/><D82/><U35/><E124/><V65/><F76/><W24/><G13/><N who="0" m="5271" /><D103/><U60/><E35/><V22/><F32/><W69/><G23/><N who="0" m="15583" /><D56/><U99/><E0/><V61/><F14/><W15/><G15/><T30/><D59/><U20/><E47/><V3/><F3/><W63/><G63/><T16/><D16/><U73/><E73/><V78/><F78/><W7/><G69/><T108/><D30/><U115/><E105/><V52/><F50/><W46/><G46/><T113/><D113/><U95/><E115/><V96/><F31/><W89/><G112/><T17/><D17/><U94/><REACH who="1" step="1"/><E102/><REACH who="1" ten="522,175,185,98" step="2"/><V107/><F107/><W117/><G128/><T10/><D44/><U119/><E119/><V27/><F101/><W72/><G117/><T104/><D104/><U1/><E1/><V125/><F125/><W121/><G72/><T97/><D109/><U64/><E64/><V75/><F75/><W71/><G71/><T68/><D68/><U88/><E88/><V130/><F110/><W126/><G89/><T66/><D66/><U87/><E87/><V79/><F130/><W74/><G74/><T33/><D108/><U9/><E9/><V70/><F79/><W86/><G86/><T34/><D10/><U42/><E42/><N who="3" m="15882" /><G126/><T131/><D111/><U81/><E81/><V58/><F70/><W114/><G114/><T11/><D131/><U37/><E37/><V85/><F85/><W36/><G36/><RYUUKYOKU ba="1,2" sc="522,-30,175,10,185,10,98,10" hai1="18,20,45,49,55,60,62,91,92,93,94,95,99" hai2="22,27,28,48,52,57,58,61,65,96,98,134,135" hai3="4,5,7,24,25,53,54,120,121,123" /><INIT seed="2,2,2,4,5,87" ten="492,185,195,108" oya="2" hai0="36,71,21,10,99,20,117,135,124,57,80,25,51" hai1="48,50,76,109,69,64,82,27,45,85,39,52,15" hai2="62,26,7,33,100,67,91,53,122,23,77,93,107" hai3="38,22,88,34,30,29,17,2,116,127,43,35,115"/><V58/><F122/><W97/><G116/><T84/><D71/><U112/><E109/><V133/><F133/><W44/><G2/><T125/><D36/><U74/><E112/><V92/><F33/><W63/><G115/><T96/><D10/><U37/><E15/><V8/><F77/><W32/><G63/><T28/><D135/><U3/><E3/><V111/><F107/><W54/><G54/><N who="0" m="31967" /><D20/><U130/><E130/><V132/><F132/><W86/><G97/><T79/><D117/><U120/><E120/><V75/><F75/><W59/><G59/><T90/><D79/><U119/><E119/><V0/><F100/><W131/><G131/><T121/><D121/><U102/><E102/><V24/><F93/><W16/><G127/><AGARI ba="2,2" hai="21,25,28,80,84,90,96,99,124,125,127" m="31967" machi="127" ten="30,2000,0" yaku="18,1,52,1" doraHai="87" who="0" fromWho="3" sc="492,46,185,0,195,0,108,-26" /><INIT seed="3,0,0,0,3,81" ten="538,185,195,82" oya="3" hai0="71,84,33,32,106,131,31,50,2,72,95,82,119" hai1="15,98,125,12,118,34,92,26,108,96,44,129,102" hai2="16,87,23,73,134,74,7,18,17,70,100,65,126" hai3="10,35,90,86,62,104,113,57,83,13,36,112,47"/><W78/><G35/><T66/><D2/><U28/><E108/><V97/><F23/><W45/><G104/><T14/><D50/><U20/><E129/><V130/><F130/><W93/><G36/><T111/><D14/><U89/><E125/><V64/><F7/><W46/><G113/><T38/><D95/><U55/><E118/><V56/><F126/><W127/><G112/><T6/><D82/><U5/><E5/><V105/><F70/><W115/><G115/><T128/><D66/><U53/><E34/><V49/><F134/><W51/><G127/><T24/><D24/><U135/><E135/><V110/><F110/><W59/><G51/><T30/><D72/><U123/><E123/><V99/><F99/><W114/><G62/><T121/><D31/><U11/><E44/><V61/><F65/><W94/><G94/><T29/><D29/><U120/><E15/><V107/><F107/><W67/><G67/><T42/><D30/><U103/><E120/><V9/><F9/><W116/><G116/><T122/><D38/><U88/><E98/><V69/><REACH who="2" step="1"/><F87/><REACH who="2" ten="538,185,185,82" step="2"/><N who="3" m="52447" /><G114/><T79/><D128/><U133/><E133/><V52/><AGARI ba="0,1" hai="16,17,18,49,52,56,61,64,69,73,74,97,100,105" machi="52" ten="30,7900,0" yaku="1,1,0,1,54,2,53,0" doraHai="81" doraHaiUra="8" who="2" fromWho="2" sc="538,-20,185,-20,185,89,82,-39" /><INIT seed="4,0,0,5,5,105" ten="518,165,274,43" oya="0" hai0="124,27,14,75,74,91,63,126,127,108,94,120,23" hai1="88,24,111,42,87,110,132,69,123,15,60,7,96" hai2="66,22,25,134,48,101,78,115,2,114,71,92,112" hai3="107,52,133,56,30,35,122,10,62,81,98,33,57"/><T85/><D120/><U61/><E123/><V0/><F134/><W36/><G122/><T40/><D108/><U47/><E132/><V128/><F78/><W118/><G133/><T119/><D119/><U6/><E96/><N who="2" m="59527" /><F128/><W9/><G36/><T54/><D14/><U50/><E24/><V43/><F48/><W39/><G39/><T90/><D40/><U65/><E61/><N who="2" m="40399" /><F43/><W59/><G118/><T103/><D103/><U32/><E32/><V89/><F89/><W99/><G81/><N who="0" m="49455" /><D54/><U34/><E34/><V29/><AGARI ba="0,0" hai="0,2,22,25,29,112,114,115" m="40399,59527" machi="29" ten="30,1100,0" yaku="15,1" doraHai="105" who="2" fromWho="2" sc="518,-5,165,-3,274,11,43,-3" /><INIT seed="5,0,0,2,3,19" ten="513,162,285,40" oya="1" hai0="51,0,96,59,134,92,54,83,70,107,17,64,40" hai1="75,56,108,118,8,27,79,13,4,76,48,3,25" hai2="2,53,50,11,16,55,129,82,52,36,86,24,130" hai3="84,77,65,131,128,41,37,34,6,38,113,26,28"/><U81/><E118/><V39/><F2/><W124/><G65/><T9/><D107/><U15/><E79/><V1/><F1/><W90/><G77/><T18/><D134/><U46/><E56/><V68/><F50/><W132/><G132/><T115/><D83/><U35/><E108/><V66/><F66/><W30/><G6/><T29/><D29/><U71/><E71/><V85/><F85/><W127/><G113/><T103/><D115/><U110/><E35/><V95/><F95/><W58/><G58/><T100/><D100/><U112/><E112/><V116/><F116/><W123/><G30/><T10/><D10/><U122/><E122/><V44/><F44/><N who="3" m="23599" /><G38/><T88/><D103/><U43/><E110/><V45/><F45/><W102/><G102/><T31/><D31/><U133/><E133/><V47/><F68/><W125/><G123/><T21/><D40/><U57/><E57/><V67/><F67/><W114/><G114/><T60/><D9/><U104/><E104/><V97/><F11/><W12/><G12/><T7/><D7/><U117/><E117/><V14/><F14/><W72/><G72/><T62/><D0/><U99/><E3/><V94/><F47/><W93/><AGARI ba="0,0" hai="26,28,34,84,90,93,124,125,127,128,131" m="23599" machi="93" ten="40,1500,0" yaku="18,1" doraHai="19" who="3" fromWho="3" sc="513,-4,162,-7,285,-4,40,15" /><INIT seed="6,0,0,5,5,125" ten="509,155,281,55" oya="2" hai0="13,39,123,85,38,44,16,46,83,14,87,35,1" hai1="61,17,32,2,108,22,78,58,60,42,47,100,93" hai2="43,134,103,90,131,106,36,55,80,99,11,126,96" hai3="52,107,68,29,94,6,31,26,9,62,91,30,33"/><V79/><F36/><W73/><G73/><T67/><D35/><U109/><E32/><V76/><F43/><W10/><G107/><T127/><D67/><U117/><E2/><V69/><F69/><W59/><G68/><T41/><D1/><U12/><E117/><V51/><F126/><W104/><G104/><T84/><D123/><U98/><E78/><V56/><F134/><W64/><G64/><T53/><D127/><U63/><REACH who="1" step="1"/><E58/><REACH who="1" ten="509,145,281,55" step="2"/><V7/><F79/><W70/><G70/><T0/><D0/><U102/><E102/><V50/><F76/><W113/><G113/><T57/><D57/><U130/><E130/><V37/><F131/><W4/><G33/><T86/><D83/><U122/><E122/><V120/><F80/><W45/><G45/><T66/><D46/><U82/><E82/><V112/><F112/><W72/><G72/><T23/><D44/><U21/><E21/><V54/><F120/><W118/><G118/><T128/><D23/><U105/><E105/><V8/><F103/><W89/><G89/><T110/><D128/><U119/><E119/><V133/><F106/><W135/><G135/><T18/><D39/><AGARI ba="0,1" hai="12,17,22,39,42,47,60,61,63,93,98,100,108,109" machi="39" ten="40,2600,0" yaku="1,1,53,1" doraHai="125" doraHaiUra="19" who="1" fromWho="0" sc="509,-26,145,36,281,0,55,0" /><INIT seed="7,0,0,1,2,83" ten="483,181,281,55" oya="3" hai0="4,117,113,123,15,99,84,22,79,120,51,21,78" hai1="129,56,87,31,116,76,17,110,73,96,126,97,118" hai2="45,2,8,135,37,115,70,133,124,54,10,42,112" hai3="125,66,130,109,71,94,19,18,103,61,30,34,44"/><W106/><G125/><T16/><D117/><N who="1" m="45163" /><E110/><V60/><F2/><W86/><G130/><T12/><D113/><N who="2" m="43594" /><F124/><W20/><G109/><T35/><D35/><U58/><E126/><V72/><F72/><W69/><G69/><T95/><D51/><U57/><E73/><V55/><F70/><W41/><G34/><T13/><D4/><U59/><E31/><V6/><F60/><W46/><G30/><T11/><D22/><U98/><E129/><V68/><F68/><W36/><G46/><T77/><D84/><U7/><E7/><V64/><F64/><W24/><G106/><T82/><D82/><N who="1" m="47559" /><E58/><V92/><F6/><W93/><G103/><T67/><D67/><U65/><E17/><V100/><F10/><W121/><G121/><T32/><D13/><U80/><E80/><V9/><F8/><W49/><G19/><T62/><D62/><AGARI ba="0,0" hai="56,57,59,62,65,96,97,98" m="47559,45163" machi="62" ten="30,2000,0" yaku="12,1,52,1" doraHai="83" who="1" fromWho="0" sc="483,-20,181,20,281,0,55,0" owari="463,56.3,201,-19.9,281,8.1,55,-44.5" /></mjloggm>