<mjloggm ver="2.3"><GO type="169" lobby="0"/><UN n0="%74%6F%69%72%6F" n1="%EF%BC%81%E2%80%9D%EF%BC%83%EF%BC%84%EF%BC%85%EF%BC%86%E2%80%99%EF%BC%88" n2="%6E%6F%73%75%6B%65" n3="%74%77%69%74%63%68" dan="16,16,17,16" rate="2110.73,2131.94,2134.80,2139.02" sx="F,M,M,M"/><TAIKYOKU oya="0"/><INIT seed="0,0,0,1,2,62" ten="250,250,250,250" oya="0" hai0="93,53,134,96,99,38,61,11,44,36,65,135,66" hai1="87,71,51,12,131,5,27,55,115,79,58,39,121" hai2="81,94,6,91,14,123,73,18,49,60,74,30,48" hai3="32,110,56,100,40,82,130,124,25,107,43,33,52"/><T104/><D104/><U101/><E121/><V7/><F123/><W1/><G110/><T105/><D105/><U8/><E131/><V98/><F30/><W127/><G130/><T37/><D11/><U50/><E39/><V106/><F106/><W116/><G1/><T47/><D53/><U67/><E115/><V9/><F74/><W42/><G116/><T23/><D23/><U86/><E101/><V77/><F49/><W88/><G100/><T83/><D83/><U16/><E79/><V112/><F112/><W35/><G107/><T75/><D75/><U72/><E72/><V13/><F48/><W126/><G25/><T111/><D111/><U54/><E67/><N who="0" m="25609" /><D61/><U28/><E5/><V20/><F60/><N who="3" m="35847" /><G82/><T64/><N who="0" m="25617" /><T84/><DORA hai="132" /><D84/><U15/><E71/><V26/><REACH who="2" step="1"/><F7/><REACH who="2" ten="250,250,240,250" step="2"/><W89/><AGARI ba="0,1" hai="32,33,35,40,42,43,88,89,124,126,127" m="35847" machi="89" ten="50,16000,3" yaku="29,2,18,1,52,3,54,2" doraHai="62,132" who="3" fromWho="3" sc="250,-80,250,-40,240,-40,250,170" /><INIT seed="1,0,0,3,5,96" ten="170,210,200,420" oya="1" hai0="33,12,125,101,111,131,98,59,117,47,54,120,77" hai1="94,27,57,24,36,105,115,5,72,106,70,28,62" hai2="127,99,112,35,64,40,82,25,90,86,113,19,93" hai3="84,104,1,6,121,58,110,89,2,52,65,66,108"/><U39/><E115/><V73/><F127/><W0/><G104/><T123/><D117/><U129/><E129/><V81/><F64/><W38/><G38/><T18/><D125/><U31/><E72/><V133/><F40/><W37/><G37/><T116/><D116/><U74/><E74/><V75/><F19/><W17/><G17/><T126/><D126/><U46/><E70/><V61/><F61/><W48/><G6/><T91/><D131/><U34/><E5/><V118/><F118/><W79/><G79/><T11/><D111/><N who="3" m="42537" /><G121/><T55/><D33/><U9/><E9/><V41/><F41/><W21/><G21/><T42/><D91/><U132/><E132/><V134/><F25/><W45/><G58/><T122/><D77/><U103/><E39/><V26/><F26/><W22/><G22/><T20/><D59/><U102/><E46/><V85/><F35/><W107/><G107/><T56/><D56/><U68/><E36/><V92/><F90/><W130/><G130/><T16/><D42/><U63/><E68/><V128/><F128/><W44/><G44/><T14/><D47/><U100/><E57/><V3/><F3/><N who="3" m="771" /><W83/><AGARI ba="0,0" hai="45,48,52,65,66,83,84,89" m="771,42537" machi="83" ten="50,6400,0" yaku="4,1,14,1,54,1" doraHai="96" who="3" fromWho="3" sc="170,-16,210,-32,200,-16,420,64" /><INIT seed="2,0,0,3,2,119" ten="154,178,184,484" oya="2" hai0="9,74,41,87,117,108,81,63,128,51,23,120,61" hai1="79,29,30,55,52,49,54,16,98,45,90,124,122" hai2="69,13,64,37,66,2,18,47,21,60,65,118,42" hai3="82,12,113,93,73,20,32,104,134,17,129,75,106"/><V56/><F2/><W24/><G129/><T101/><D128/><U70/><E124/><V6/><F6/><W83/><G134/><T80/><D108/><U88/><E70/><V109/><F118/><W100/><G113/><T72/><D101/><U102/><E79/><V53/><REACH who="2" step="1"/><F109/><REACH who="2" ten="154,178,174,484" step="2"/><W112/><G112/><T35/><D117/><U89/><E122/><V71/><AGARI ba="0,1" hai="13,18,21,37,42,47,53,56,60,64,65,66,69,71" machi="71" ten="30,6000,0" yaku="1,1,2,1,0,1,53,0" doraHai="119" doraHaiUra="4" who="2" fromWho="2" sc="154,-20,178,-20,174,70,484,-20" /><INIT seed="2,1,0,3,1,47" ten="134,158,244,464" oya="2" hai0="34,12,17,44,93,110,74,80,90,126,121,132,87" hai1="82,108,11,59,3,50,77,129,102,131,0,2,124" hai2="128,19,83,25,70,118,27,95,64,119,81,111,15" hai3="76,7,88,56,97,135,120,35,41,9,62,130,122"/><V26/><F128/><W37/><G35/><T32/><D121/><U116/><E116/><V42/><F111/><W73/><G135/><T16/><D132/><U14/><E108/><V106/><F106/><W24/><G130/><N who="1" m="49674" /><E102/><V4/><F4/><W84/><G73/><T107/><D126/><U46/><E59/><V63/><F95/><W100/><G24/><T96/><D110/><U45/><E124/><V78/><F42/><W109/><G109/><T40/><D74/><N who="1" m="43319" /><E50/><V69/><F69/><W75/><G41/><T115/><D115/><U54/><E54/><V22/><REACH who="2" step="1"/><F83/><REACH who="2" ten="134,158,234,464" step="2"/><W13/><G120/><T1/><D107/><U125/><E125/><V123/><F123/><W10/><G122/><T91/><D1/><U104/><E104/><V39/><F39/><W98/><G7/><AGARI ba="1,1" hai="0,2,3,7,11,14,45,46" m="43319,49674" machi="7" ten="40,1300,0" yaku="19,1" doraHai="47" who="1" fromWho="3" sc="134,0,158,26,234,0,464,-16" /><INIT seed="3,0,0,3,0,92" ten="134,184,234,448" oya="3" hai0="21,15,80,129,22,47,127,72,41,88,119,4,8" hai1="68,9,100,116,61,18,86,39,19,81,53,94,64" hai2="99,128,132,56,75,110,133,33,3,101,40,67,36" hai3="91,95,5,59,79,87,34,117,31,122,13,16,58"/><W114/><G114/><T30/><D119/><U45/><E116/><V90/><F110/><W71/><G117/><T134/><D129/><U121/><E121/><V108/><F108/><W1/><G71/><T38/><D134/><N who="2" m="51818" /><F128/><W98/><G122/><T62/><D127/><U51/><E9/><V17/><F33/><W124/><G124/><T32/><D72/><U37/><E37/><V93/><F75/><W131/><G131/><T83/><D83/><U55/><E55/><V0/><F17/><W135/><G135/><T35/><D62/><U23/><E39/><V112/><F112/><W54/><G1/><T103/><D103/><U89/><REACH who="1" step="1"/><E23/><REACH who="1" ten="134,174,234,448" step="2"/><V57/><F36/><W10/><G54/><T25/><REACH who="0" step="1"/><D32/><REACH who="0" ten="124,174,234,448" step="2"/><U20/><E20/><V130/><F130/><W42/><G34/><T60/><D60/><U29/><E29/><V6/><F3/><W50/><G31/><T2/><D2/><U28/><E28/><V84/><F0/><W14/><G5/><T78/><D78/><U105/><E105/><V65/><F6/><W115/><G115/><T113/><D113/><U123/><E123/><V107/><F40/><W85/><G79/><T27/><D27/><U69/><E69/><V43/><F43/><W102/><G13/><T96/><D96/><AGARI ba="0,2" hai="18,19,45,51,53,61,64,68,81,86,89,94,96,100" machi="96" ten="40,2600,0" yaku="1,1,52,1,53,0" doraHai="92" doraHaiUra="7" who="1" fromWho="0" sc="124,-26,174,46,234,0,448,0" /><INIT seed="4,0,0,2,5,135" ten="98,220,234,448" oya="0" hai0="126,26,67,94,122,106,93,109,11,32,76,55,68" hai1="98,12,18,74,38,46,119,50,110,108,102,91,99" hai2="87,112,92,133,7,83,22,95,33,84,120,20,29" hai3="15,39,5,0,58,4,14,24,40,88,90,116,73"/><T43/><D122/><U118/><E38/><V69/><F120/><W28/><G73/><T117/><D117/><U61/><E74/><V114/><F133/><W89/><G116/><T100/><D43/><U30/><E30/><V86/><F69/><W9/><G39/><T65/><D109/><U72/><E72/><V128/><F7/><W23/><G40/><T10/><D106/><U56/><E91/><V131/><F33/><W42/><G42/><T54/><D68/><U80/><E80/><V103/><F83/><W27/><G0/><T129/><D76/><U127/><E118/><V34/><F34/><W79/><G79/><T104/><D32/><U75/><E75/><V36/><F36/><W48/><G27/><T51/><D104/><U77/><E77/><V35/><F35/><W44/><G44/><T96/><D129/><N who="2" m="49738" /><F103/><W78/><G78/><T31/><D31/><U85/><E119/><V101/><F101/><W130/><G130/><T107/><D26/><U115/><E102/><V121/><F121/><W62/><G48/><T45/><D107/><U13/><E50/><V57/><F57/><W63/><G58/><T113/><D100/><U123/><E56/><V16/><F29/><W8/><AGARI ba="0,0" hai="4,5,8,9,14,15,23,24,28,62,63,88,89,90" machi="8" ten="30,7900,0" yaku="0,1,9,1,8,1,54,1" doraHai="135" who="3" fromWho="3" sc="98,-39,220,-20,234,-20,448,79" /><INIT seed="5,0,0,5,1,40" ten="59,200,214,527" oya="1" hai0="121,18,98,3,56,71,72,55,130,35,86,21,100" hai1="24,47,16,17,48,13,119,4,135,60,127,114,69" hai2="76,120,104,77,113,73,125,74,67,9,8,107,19" hai3="27,38,129,25,34,84,54,92,95,89,126,106,115"/><U14/><E119/><V31/><F67/><W11/><G106/><T44/><D72/><U49/><E114/><V2/><F19/><W46/><G115/><T39/><D35/><U93/><E135/><V20/><F20/><W30/><G129/><T90/><D71/><U134/><E134/><V41/><F41/><W103/><G126/><T124/><D124/><U1/><E1/><V7/><F125/><W63/><G25/><T64/><D3/><U132/><E132/><V105/><F120/><W0/><G0/><T91/><D130/><U85/><E4/><V58/><F58/><W51/><G38/><T45/><D64/><U133/><E133/><V117/><F9/><W52/><G11/><T99/><D39/><U12/><E48/><V29/><F113/><W109/><G109/><T94/><D121/><U111/><E24/><V23/><F117/><W28/><G28/><T42/><D42/><N who="1" m="24823" /><E111/><V81/><F23/><W22/><G34/><T108/><D108/><U110/><E110/><V82/><AGARI ba="0,0" hai="2,7,8,29,31,73,74,76,77,81,82,104,105,107" machi="82" ten="40,2700,0" yaku="0,1,9,1" doraHai="40" who="2" fromWho="2" sc="59,-7,200,-13,214,27,527,-7" /><INIT seed="6,0,0,5,4,75" ten="52,187,241,520" oya="2" hai0="126,57,40,129,17,31,25,2,105,26,76,70,13" hai1="73,123,54,10,18,113,34,61,24,59,109,44,3" hai2="63,101,16,0,88,125,5,66,72,4,112,65,21" hai3="84,28,55,48,30,14,33,78,82,42,104,67,37"/><V135/><F112/><W19/><G104/><T121/><D70/><U1/><E109/><V119/><F119/><W98/><G33/><T35/><D121/><U124/><E113/><V96/><F72/><W60/><G98/><T95/><D105/><U11/><E124/><V9/><F5/><W93/><G93/><T122/><D122/><U68/><E68/><V23/><F125/><W49/><G37/><T131/><D40/><U22/><E34/><V134/><F23/><W43/><G49/><T50/><D126/><U133/><E133/><N who="2" m="50699" /><F63/><W47/><G30/><T106/><D106/><U111/><E111/><V53/><F53/><W94/><G94/><T91/><D2/><U39/><E73/><V51/><F51/><W127/><G127/><T12/><D25/><U83/><E123/><V115/><F101/><W56/><G28/><T8/><D13/><U20/><E1/><V116/><F116/><W29/><G29/><T102/><D102/><U90/><E20/><AGARI ba="0,0" hai="14,19,20,42,43,47,48,55,56,60,67,78,82,84" machi="20" ten="30,3900,0" yaku="7,1,8,1,52,1" doraHai="75" who="3" fromWho="1" sc="52,0,187,-39,241,0,520,39" /><INIT seed="7,0,0,3,5,131" ten="52,148,241,559" oya="3" hai0="60,132,86,124,7,32,130,14,19,95,24,84,117" hai1="80,133,37,50,10,3,2,118,72,87,70,30,52" hai2="77,15,13,57,35,68,53,81,128,99,28,74,58" hai3="79,1,112,100,101,75,64,31,38,83,115,106,92"/><W55/><G38/><T108/><D117/><U22/><E37/><V8/><F68/><W126/><G1/><T111/><D124/><U59/><E70/><V125/><F128/><W104/><G64/><T5/><D130/><U89/><E118/><V127/><F99/><N who="3" m="59495" /><G31/><N who="0" m="19559" /><D60/><U97/><E72/><V98/><F98/><N who="3" m="61495" /><G55/><T4/><D95/><U0/><E97/><V46/><F46/><W12/><G12/><T78/><D78/><U120/><E120/><V18/><F15/><W36/><G36/><T39/><D86/><U114/><E114/><N who="3" m="43562" /><G126/><T116/><D84/><U69/><E69/><V90/><F53/><W71/><G71/><T62/><D62/><U91/><E52/><V43/><F43/><W48/><G48/><T45/><D45/><U42/><E50/><V65/><F65/><W56/><G56/><T82/><D82/><U26/><E59/><V122/><F81/><W105/><AGARI ba="0,0" hai="75,79,83,105,106" m="43562,61495,59495" machi="105" ten="30,6000,0" yaku="15,1,34,2" doraHai="131" who="3" fromWho="3" sc="52,-20,148,-20,241,-20,559,60" owari="32,-46.8,128,-27.2,221,2.1,619,71.9" /></mjloggm>