<mjloggm ver="2.3"><GO type="169" lobby="0"/><UN n0="%E3%83%A8%E3%82%B3%E3%83%86%E3%82%A3%E3%83%B3%40" n1="%E3%81%8B%E3%81%B6%E8%8C%B6" n2="%68%69%73%61%74%6F%E6%A3%92" n3="%E3%81%97%E3%82%89%E3%81%99%EF%BC%A1" dan="16,17,16,16" rate="2094.50,2142.60,2117.53,2092.89" sx="M,M,M,M"/><TAIKYOKU oya="0"/><INIT seed="0,0,0,1,4,117" ten="250,250,250,250" oya="0" hai0="112,135,118,91,47,54,55,124,72,66,20,132,6" hai1="110,92,48,24,53,33,70,7,107,27,87,16,133" hai2="109,76,28,119,14,29,64,59,18,65,113,84,19" hai3="131,74,52,88,86,68,80,50,78,56,58,32,130"/><T31/><D118/><U30/><E107/><V85/><F113/><W89/><G68/><T98/><D112/><U123/><E70/><V83/><F109/><W126/><G32/><T36/><D72/><U38/><E38/><V115/><F115/><W100/><G126/><T120/><D124/><U71/><E71/><V82/><F119/><W4/><G100/><T35/><D66/><U15/><E133/><V44/><F44/><W42/><G42/><N who="0" m="22983" /><D35/><U9/><E110/><V121/><F59/><W122/><G4/><T75/><D75/><U128/><E128/><N who="3" m="49194" /><G122/><T22/><D6/><U103/><E123/><V90/><F121/><W134/><G134/><N who="0" m="51243" /><D120/><U77/><E103/><V10/><REACH who="2" step="1"/><F18/><REACH who="2" ten="250,250,240,250" step="2"/><W108/><G108/><T1/><D31/><AGARI ba="0,1" hai="10,14,19,28,29,31,64,65,76,82,83,84,85,90" machi="31" ten="40,5200,0" yaku="1,1,2,1,8,1,53,0" doraHai="117" doraHaiUra="116" who="2" fromWho="0" sc="250,-52,250,0,240,62,250,0" /><INIT seed="1,0,0,1,4,115" ten="198,250,302,250" oya="1" hai0="8,96,15,34,92,23,97,46,0,93,37,89,33" hai1="132,27,45,122,81,101,22,87,66,112,26,114,113" hai2="3,35,6,128,40,76,131,100,16,106,118,109,124" hai3="11,28,70,50,25,56,67,5,104,73,98,68,13"/><U61/><E122/><V80/><F35/><W31/><G73/><T83/><D0/><U36/><E132/><V78/><F6/><W54/><G31/><T88/><D23/><U9/><E101/><V79/><F3/><W74/><G74/><T60/><D83/><U110/><E110/><V99/><F124/><W69/><G98/><T134/><D134/><U43/><E9/><V105/><F40/><W18/><G104/><T32/><D60/><U38/><E38/><V75/><F105/><W7/><REACH who="3" step="1"/><G67/><REACH who="3" ten="198,250,302,240" step="2"/><T29/><D29/><U135/><E135/><V39/><F75/><W42/><G42/><T121/><D121/><U63/><E66/><V62/><F109/><W119/><G119/><T65/><D65/><U10/><E113/><V85/><F118/><W120/><G120/><T123/><D123/><U77/><E114/><V19/><F39/><W116/><G116/><T71/><D71/><U64/><E112/><V53/><F128/><W130/><G130/><T49/><D37/><U21/><E64/><V133/><F133/><W127/><G127/><T30/><D30/><U107/><E107/><V57/><REACH who="2" step="1"/><F131/><REACH who="2" ten="198,250,292,240" step="2"/><W2/><G2/><T58/><D34/><AGARI ba="0,2" hai="5,7,11,13,18,25,28,34,50,54,56,68,69,70" machi="34" ten="40,1300,0" yaku="1,1,53,0" doraHai="115" doraHaiUra="84" who="3" fromWho="0" sc="198,-13,250,0,292,0,240,33" /><INIT seed="2,0,0,3,2,129" ten="185,250,292,273" oya="2" hai0="126,95,72,20,131,30,86,28,5,50,26,65,66" hai1="127,42,3,53,125,87,115,1,23,114,104,119,77" hai2="105,120,0,37,113,96,133,84,27,35,38,128,68" hai3="83,25,130,121,108,14,85,78,112,47,49,94,60"/><V80/><RYUUKYOKU type="yao9" ba="0,0" sc="185,0,250,0,292,0,273,0" hai2="0,27,35,37,38,68,80,84,96,105,113,120,128,133" /><INIT seed="2,1,0,0,0,7" ten="185,250,292,273" oya="2" hai0="80,75,67,79,69,76,89,127,36,125,15,34,70" hai1="72,95,26,119,92,113,108,54,46,58,107,129,29" hai2="103,16,40,52,123,3,120,1,0,100,85,105,81" hai3="30,45,10,8,93,59,115,63,78,21,9,98,53"/><V66/><F66/><W112/><G78/><T28/><D36/><U55/><E107/><V84/><F40/><W104/><G104/><T18/><D79/><U49/><E113/><N who="3" m="43594" /><G45/><T88/><D28/><U64/><E119/><V87/><F81/><W91/><G21/><T24/><D24/><U50/><E108/><V86/><F105/><W61/><G30/><T68/><D34/><U122/><E122/><V132/><F132/><W71/><G63/><T32/><D67/><U35/><E129/><V124/><F124/><N who="0" m="47690" /><D32/><U135/><E135/><V38/><F38/><W27/><G27/><T33/><D33/><U106/><E72/><V41/><F41/><W94/><G93/><T56/><D56/><U25/><E25/><V82/><F82/><W128/><G128/><T60/><D60/><U62/><REACH who="1" step="1"/><E106/><REACH who="1" ten="185,240,292,273" step="2"/><V134/><F134/><W20/><G71/><AGARI ba="1,1" hai="26,29,35,46,49,50,54,55,58,62,64,71,92,95" machi="71" ten="30,3900,0" yaku="1,1,2,1,7,1,53,0" doraHai="7" doraHaiUra="39" who="1" fromWho="3" sc="185,0,240,52,292,0,273,-42" /><INIT seed="3,0,0,4,2,129" ten="185,292,292,231" oya="3" hai0="38,44,130,112,34,15,56,37,12,3,97,120,58" hai1="117,21,36,107,55,35,16,39,2,105,114,83,104" hai2="134,64,65,90,84,28,87,111,109,70,0,106,91" hai3="11,4,89,57,22,6,51,131,73,98,71,126,103"/><W30/><G71/><T18/><D120/><U100/><E114/><V82/><F106/><W122/><G122/><T77/><D130/><U135/><E35/><V123/><F0/><W128/><G73/><T48/><D34/><U81/><E100/><V24/><F123/><W33/><G33/><T17/><D3/><U68/><E68/><V32/><F134/><W8/><G89/><T5/><D5/><N who="3" m="2153" /><G51/><T108/><D108/><N who="2" m="41546" /><F70/><W69/><G57/><T125/><D125/><U132/><E55/><V52/><F52/><W78/><G78/><T121/><D77/><U115/><E115/><V60/><F60/><W74/><G74/><T61/><D112/><U102/><E102/><V92/><AGARI ba="0,0" hai="24,28,32,64,65,82,84,87,90,91,92" m="41546" machi="92" ten="30,1100,0" yaku="14,1" doraHai="129" who="2" fromWho="2" sc="185,-3,292,-3,292,11,231,-5" /><INIT seed="4,0,0,0,2,123" ten="182,289,303,226" oya="0" hai0="46,33,76,4,116,70,20,48,21,43,96,128,31" hai1="91,68,3,28,7,135,125,78,9,41,88,34,90" hai2="134,126,52,55,1,24,94,54,17,61,30,10,89" hai3="109,0,122,82,114,15,22,129,120,67,36,106,11"/><T19/><D128/><U64/><E41/><V18/><F134/><W84/><G106/><T131/><D131/><U56/><E68/><V42/><F42/><W23/><G129/><T69/><D116/><U115/><E78/><V2/><F61/><W103/><G103/><T45/><D33/><U95/><E135/><V5/><F1/><W47/><G114/><T108/><D4/><U87/><E115/><V65/><F65/><W102/><G67/><T44/><D76/><U117/><E117/><V74/><F74/><W124/><G124/><T49/><D96/><U40/><E40/><V79/><F79/><W57/><G57/><T60/><D60/><U50/><E125/><V97/><REACH who="2" step="1"/><F126/><REACH who="2" ten="182,289,293,226" step="2"/><W73/><G0/><T12/><D69/><U62/><REACH who="1" step="1"/><E50/><REACH who="1" ten="182,279,293,226" step="2"/><V86/><F86/><W83/><G84/><T99/><D70/><U132/><E132/><V85/><F85/><W66/><G73/><T80/><D43/><U111/><E111/><V27/><F27/><AGARI ba="0,2" hai="3,7,9,27,28,34,56,62,64,87,88,90,91,95" machi="27" ten="40,2600,0" yaku="1,1,54,1,53,0" doraHai="123" doraHaiUra="71" who="1" fromWho="2" sc="182,0,279,46,293,-26,226,0" /><INIT seed="5,0,0,5,2,54" ten="182,325,267,226" oya="1" hai0="39,50,91,41,85,52,120,84,103,11,119,58,47" hai1="81,113,61,66,112,122,38,55,46,115,95,72,3" hai2="2,134,76,42,35,100,116,135,127,13,56,4,26" hai3="22,67,51,45,28,110,68,14,65,126,43,6,19"/><U129/><E3/><V131/><F2/><W63/><G126/><T25/><D120/><U117/><E122/><V73/><F116/><W128/><G128/><T133/><D133/><N who="2" m="50698" /><F100/><W123/><G123/><T59/><D119/><U94/><E117/><V124/><F76/><W8/><G110/><T27/><D103/><U21/><E129/><V93/><F93/><W75/><G75/><T23/><D11/><U53/><E72/><V92/><F92/><N who="1" m="35369" /><E81/><V96/><F96/><W37/><G67/><T78/><D78/><U108/><E108/><V36/><F42/><W98/><G98/><T82/><D85/><U97/><E97/><V125/><F36/><W64/><G64/><T5/><D5/><U30/><E38/><V80/><F80/><W18/><G37/><T111/><D111/><U121/><E46/><V20/><F73/><W86/><G86/><T87/><D87/><U90/><E90/><V57/><F35/><W12/><G28/><T106/><D106/><U104/><E104/><V0/><F0/><W102/><G102/><T1/><D1/><U79/><E79/><V83/><F83/><W74/><G74/><T114/><D41/><U62/><E121/><V49/><F131/><W24/><G24/><T17/><D27/><N who="1" m="16751" /><E61/><V105/><F105/><W130/><G130/><T32/><D32/><U9/><E9/><N who="2" m="4263" /><F49/><W88/><G88/><T15/><D39/><U60/><E60/><V40/><F40/><W44/><G6/><T107/><D107/><U101/><E101/><V29/><AGARI ba="0,0" hai="20,26,29,56,57,124,125,127" m="4263,50698" machi="29" ten="40,8000,1" yaku="18,1,20,1,52,2" doraHai="54" who="2" fromWho="2" sc="182,-20,325,-40,267,80,226,-20" /><INIT seed="6,0,0,3,2,57" ten="162,285,347,206" oya="2" hai0="38,42,133,4,50,125,135,3,21,84,77,19,108" hai1="32,97,96,86,23,88,121,110,62,52,48,122,70" hai2="55,92,65,91,53,109,115,119,25,20,46,101,54" hai3="27,113,130,35,82,73,116,33,132,43,112,123,72"/><V128/><F119/><W49/><G116/><T94/><D108/><U16/><E32/><V83/><F128/><W5/><G123/><N who="1" m="47114" /><E110/><V120/><F115/><N who="3" m="44107" /><G132/><N who="0" m="50763" /><D125/><U104/><E62/><V11/><F11/><W10/><G130/><T24/><D38/><U14/><E70/><V124/><F65/><W60/><G60/><T29/><D4/><U126/><E104/><V22/><F124/><W15/><G82/><N who="0" m="47183" /><D3/><U95/><E126/><V1/><F1/><W12/><G12/><T51/><D42/><U41/><E41/><V6/><F6/><W106/><G106/><T67/><D94/><U30/><E30/><V89/><F83/><W102/><G102/><T26/><D67/><U75/><E75/><N who="3" m="28746" /><G27/><T36/><D36/><U71/><E71/><V40/><F25/><W98/><G98/><T13/><D24/><U61/><E61/><V17/><F109/><W134/><G134/><T103/><D103/><U56/><AGARI ba="0,0" hai="14,16,23,48,52,56,86,88,95,96,97" m="47114" machi="56" ten="30,8000,1" yaku="25,1,13,1,54,3" doraHai="57" who="1" fromWho="1" sc="162,-20,285,80,347,-40,206,-20" /><INIT seed="7,0,0,4,5,71" ten="142,365,307,186" oya="3" hai0="113,75,78,112,34,35,57,107,103,32,77,118,3" hai1="64,89,120,46,95,61,134,70,100,2,83,115,54" hai2="99,105,125,0,122,42,85,59,102,27,69,55,135" hai3="53,87,79,128,116,25,93,76,131,36,20,21,37"/><W4/><G116/><T18/><D118/><U14/><E2/><V80/><F69/><W91/><G4/><T92/><D3/><U47/><E120/><V33/><F0/><W41/><G53/><T111/><D111/><U39/><E100/><V124/><F135/><W1/><G1/><T119/><D119/><U132/><E83/><V38/><F33/><W5/><G5/><T6/><D6/><U9/><E39/><N who="3" m="14922" /><G41/><T88/><D75/><U17/><E54/><V10/><F27/><W13/><G13/><T48/><D18/><U30/><E30/><V51/><F10/><W40/><G40/><T104/><D48/><U62/><E62/><V90/><F122/><W43/><G43/><T117/><D117/><U44/><REACH who="1" step="1"/><E115/><REACH who="1" ten="142,355,307,186" step="2"/><N who="0" m="44105" /><D103/><U126/><E126/><V19/><F124/><W22/><G25/><T130/><D57/><U67/><E67/><V121/><F125/><W56/><G56/><T114/><D114/><U23/><E23/><V94/><F121/><W45/><G45/><T24/><D24/><U74/><E74/><V66/><F66/><W50/><G50/><T16/><D16/><U31/><E31/><V127/><F19/><W108/><G108/><T133/><D133/><U81/><E81/><V52/><F55/><W49/><G49/><T68/><D68/><U15/><E15/><V101/><F127/><W96/><G22/><T8/><D8/><U110/><E110/><V72/><F42/><W12/><G12/><T11/><D11/><U28/><E28/><V65/><F38/><W84/><G21/><T97/><D130/><U7/><E7/><RYUUKYOKU ba="0,1" sc="142,15,355,15,307,-15,186,-15" hai0="32,34,35,77,78,88,92,97,104,107" hai1="9,14,17,44,46,47,61,64,70,89,95,132,134" owari="157,-34.3,380,48.0,292,9.2,171,-22.9" /></mjloggm>