<mjloggm ver="2.3"><GO type="169" lobby="0"/><UN n0="%E3%81%A7%E3%82%93%E3%81%A4%E3%81%86" n1="%EF%BC%81%E2%80%9D%EF%BC%83%EF%BC%84%EF%BC%85%EF%BC%86%E2%80%99%EF%BC%88" n2="%E7%AD%89%E3%80%85%E5%8A%9B%E5%8A%87%E5%A0%B4" n3="%31%35%2E%31%35%63%6D" dan="18,16,16,18" rate="2212.54,2119.12,2101.45,2270.07" sx="M,M,M,M"/><TAIKYOKU oya="0"/><INIT seed="0,0,0,1,5,33" ten="250,250,250,250" oya="0" hai0="34,84,22,98,69,18,1,75,108,101,57,6,54" hai1="100,76,64,24,20,35,97,123,92,19,14,41,96" hai2="106,29,71,120,95,10,132,78,39,55,104,27,56" hai3="93,47,46,80,81,52,68,30,5,67,66,8,70"/><T77/><D69/><U11/><E123/><V134/><F71/><W44/><G30/><T102/><D75/><U38/><E64/><V125/><F120/><W90/><G68/><T32/><D108/><U16/><E35/><V9/><F39/><W87/><G70/><T60/><D101/><U74/><E38/><V62/><F78/><W131/><G131/><T110/><D110/><U112/><E41/><V85/><F125/><W7/><G66/><T45/><D45/><U25/><E112/><V65/><F65/><W103/><G67/><T94/><D77/><U83/><REACH who="1" step="1"/><E97/><REACH who="1" ten="250,240,250,250" step="2"/><V2/><F55/><W111/><G111/><T4/><D34/><U40/><E40/><V73/><F134/><W86/><G52/><T109/><D32/><U0/><E0/><V58/><F2/><W121/><G121/><T72/><D109/><U13/><AGARI ba="0,1" hai="11,13,14,16,19,20,24,25,74,76,83,92,96,100" machi="13" ten="20,12000,2" yaku="1,1,0,1,7,1,54,1,53,2" doraHai="33" doraHaiUra="15" who="1" fromWho="1" sc="250,-60,240,130,250,-30,250,-30" /><INIT seed="1,0,0,5,5,134" ten="190,370,220,220" oya="1" hai0="104,33,71,73,9,94,55,57,29,21,92,72,35" hai1="12,109,115,19,103,107,23,10,8,5,54,124,65" hai2="77,1,34,25,129,82,38,117,62,76,52,30,27" hai3="44,111,131,31,26,20,56,39,123,112,7,86,28"/><U46/><E115/><V66/><F117/><W75/><G75/><T113/><D71/><U17/><E65/><V99/><F38/><W42/><G112/><T67/><D104/><U4/><E109/><V90/><F1/><W126/><G123/><T110/><D113/><U105/><E103/><V43/><F129/><W97/><G7/><T24/><D110/><U36/><E17/><V81/><F43/><W3/><G3/><T68/><D67/><U80/><E80/><V116/><F116/><W58/><G111/><T93/><D68/><U6/><E124/><V122/><F122/><W41/><G97/><T128/><D9/><U2/><E5/><V32/><F66/><W88/><G42/><T59/><D59/><U83/><E83/><V79/><F99/><W102/><G102/><T51/><REACH who="0" step="1"/><D128/><REACH who="0" ten="180,370,220,220" step="2"/><U63/><E8/><V69/><F69/><W15/><G58/><T48/><D48/><U89/><E10/><V13/><F62/><W118/><G56/><T37/><D37/><U100/><E36/><V108/><F108/><W0/><G131/><T45/><D45/><U11/><E46/><V14/><F77/><W70/><G70/><T119/><D119/><U18/><E105/><V87/><F79/><W22/><G118/><T121/><D121/><U114/><E114/><V133/><F76/><W120/><G120/><T47/><D47/><U98/><E2/><V50/><F50/><W135/><G0/><T91/><D91/><U125/><E89/><V49/><F90/><W74/><G88/><T61/><D61/><U96/><E63/><V40/><F49/><RYUUKYOKU ba="0,1" sc="180,30,370,-10,220,-10,220,-10" hai0="21,24,29,33,35,51,55,57,72,73,92,93,94" /><INIT seed="2,1,1,5,4,130" ten="210,360,210,210" oya="2" hai0="44,102,34,60,36,22,91,87,86,134,67,23,106" hai1="15,39,123,82,110,121,11,17,119,71,31,50,20" hai2="18,42,120,45,126,40,19,90,125,48,84,30,88" hai3="12,108,103,128,65,85,56,133,28,100,25,105,38"/><V113/><F113/><W5/><G38/><T33/><D102/><U14/><E119/><V66/><F120/><N who="1" m="46153" /><E39/><V94/><F30/><W2/><G2/><T98/><D106/><U116/><E116/><V112/><F112/><W21/><G128/><T63/><D98/><U109/><E71/><V81/><F66/><W78/><G105/><T10/><D10/><U1/><E50/><V55/><F126/><W68/><G68/><T96/><D96/><U135/><E82/><V124/><F124/><W24/><G108/><N who="1" m="41578" /><E1/><V26/><F125/><W122/><G78/><T70/><D36/><U8/><E31/><V95/><F81/><W79/><G28/><T59/><D70/><U41/><E41/><V29/><F42/><W93/><G79/><T32/><D60/><U131/><E131/><V51/><F48/><W13/><G85/><T99/><D86/><U75/><E75/><V9/><F40/><W43/><G43/><T49/><D99/><U0/><E0/><V35/><REACH who="2" step="1"/><F9/><REACH who="2" ten="210,360,200,210" step="2"/><W7/><G122/><T111/><D111/><U54/><E54/><V83/><F83/><W129/><G129/><T27/><D49/><U132/><E8/><V72/><F72/><W92/><G65/><T74/><D74/><U97/><E97/><AGARI ba="1,2" hai="18,19,26,29,35,45,51,55,84,88,90,94,95,97" machi="97" ten="30,5800,0" yaku="1,1,7,1,54,1,53,0" doraHai="130" doraHaiUra="4" who="2" fromWho="1" sc="210,0,360,-61,200,81,210,0" /><INIT seed="2,2,0,3,1,83" ten="210,299,281,210" oya="2" hai0="104,43,79,36,134,51,70,8,135,3,88,65,109" hai1="19,67,29,89,31,10,26,111,130,126,73,114,4" hai2="33,97,46,7,50,96,86,71,105,0,39,82,54" hai3="48,80,76,21,18,85,129,116,5,41,95,66,92"/><V81/><F33/><W6/><G129/><T77/><D104/><U123/><E114/><V12/><F71/><W101/><G116/><T132/><D36/><U99/><E73/><V57/><F0/><W133/><G133/><T53/><D43/><U34/><E111/><V38/><F82/><W42/><G66/><T40/><D40/><N who="3" m="15465" /><G48/><T106/><D106/><U23/><E126/><V55/><F105/><W49/><G49/><T75/><D75/><U37/><E123/><V47/><F39/><W113/><G113/><T124/><D109/><U64/><E130/><V115/><F38/><W60/><G60/><N who="0" m="40231" /><D124/><U24/><E29/><V91/><F115/><W121/><G121/><T16/><D3/><U119/><E119/><V93/><F55/><W102/><G95/><T100/><D100/><N who="3" m="38505" /><G92/><T22/><D8/><U13/><E37/><V125/><F125/><W108/><G108/><T103/><D103/><U128/><E128/><V78/><REACH who="2" step="1"/><F97/><REACH who="2" ten="210,299,271,210" step="2"/><W59/><G59/><T72/><D53/><U112/><E112/><V58/><F58/><W90/><G76/><T17/><D77/><U63/><E99/><V110/><F110/><W122/><G122/><T52/><D79/><U14/><E34/><V15/><F15/><AGARI ba="2,1" hai="5,6,15,18,21,80,85,90" m="38505,15465" machi="15" ten="30,2000,0" yaku="8,1,52,1" doraHai="83" who="3" fromWho="2" sc="210,0,299,0,271,-26,210,36" /><INIT seed="3,0,0,5,0,46" ten="210,299,245,246" oya="3" hai0="81,13,61,109,34,51,112,98,127,111,26,94,52" hai1="30,70,66,119,18,121,126,84,20,56,78,12,16" hai2="107,29,124,5,50,15,32,65,123,22,6,101,108" hai3="54,39,24,89,135,48,110,97,96,122,38,11,47"/><W63/><G122/><T77/><D127/><U130/><E121/><V113/><F123/><W0/><G135/><T90/><D61/><U105/><E105/><V27/><F113/><W85/><G39/><T17/><D112/><U35/><E70/><V117/><F117/><W72/><G72/><T74/><D26/><U106/><E106/><V116/><F116/><W71/><G38/><T9/><REACH who="0" step="1"/><D34/><REACH who="0" ten="200,299,245,246" step="2"/><U91/><E35/><V118/><F124/><W79/><G24/><T104/><D104/><U28/><E126/><V37/><F27/><W68/><G63/><T62/><D62/><U82/><E119/><V40/><F107/><W75/><G71/><T49/><D49/><U31/><E31/><V2/><F50/><W115/><G68/><T33/><D33/><U67/><E28/><V4/><F29/><W14/><G115/><T10/><D10/><U92/><E30/><V129/><F32/><W103/><G11/><T21/><D21/><U114/><E114/><V19/><F22/><W132/><G48/><T23/><D23/><U76/><E20/><V95/><F37/><W131/><G132/><T100/><D100/><U125/><E125/><V59/><F101/><W44/><G103/><T134/><D134/><U55/><E66/><V64/><F65/><W43/><G110/><T25/><D25/><U57/><E67/><V99/><F64/><W1/><G131/><T133/><D133/><U73/><E130/><V93/><F129/><W69/><G69/><T86/><D86/><U53/><E84/><V8/><F108/><W41/><G85/><T83/><D83/><RYUUKYOKU ba="0,1" sc="200,30,299,-10,245,-10,246,-10" hai0="9,13,17,51,52,74,77,81,90,94,98,109,111" /><INIT seed="4,1,1,3,3,135" ten="230,289,235,236" oya="0" hai0="14,40,28,100,120,97,47,89,131,35,27,86,77" hai1="127,101,5,121,29,123,4,57,110,95,107,109,83" hai2="81,87,74,1,26,79,85,75,124,61,6,7,113" hai3="99,52,126,54,50,80,41,103,122,20,115,84,132"/><T102/><D120/><U129/><E107/><V105/><F105/><W33/><G33/><T73/><D131/><U118/><E83/><V21/><F113/><W16/><G132/><T10/><D73/><U66/><E95/><V15/><F1/><W125/><G115/><T34/><D35/><U112/><E101/><V104/><F104/><W90/><G41/><T130/><D77/><U106/><E106/><V31/><F75/><W133/><G133/><T94/><D130/><U117/><E129/><V93/><F124/><N who="3" m="47723" /><G50/><T9/><D14/><U82/><E127/><V30/><F15/><N who="3" m="9247" /><G122/><T134/><D100/><U69/><E112/><V64/><F61/><W114/><G114/><T76/><D76/><U88/><E123/><V42/><F79/><W37/><G37/><T68/><D134/><U32/><E32/><V119/><F42/><W72/><G72/><T62/><D62/><U25/><E121/><V91/><F74/><W11/><G11/><T111/><D111/><U60/><E110/><V45/><F119/><W53/><G103/><T58/><D10/><U71/><E109/><V0/><F21/><W8/><G8/><T70/><D9/><U24/><E118/><V23/><F23/><W3/><G99/><T13/><D13/><U67/><E117/><V18/><F0/><AGARI ba="1,1" hai="0,3,52,53,54,80,84,90" m="9247,47723" machi="0" ten="30,12000,2" yaku="18,1,52,3,54,2" doraHai="135" who="3" fromWho="2" sc="230,0,289,0,235,-123,236,133" /><INIT seed="5,0,0,0,0,78" ten="230,289,112,369" oya="1" hai0="101,9,114,64,116,18,44,103,129,68,107,115,87" hai1="82,75,121,79,2,131,89,104,61,117,56,108,95" hai2="77,15,8,93,12,38,33,112,42,60,86,111,69" hai3="43,135,31,22,41,113,126,7,88,11,34,36,23"/><U17/><E117/><V59/><F111/><W134/><G113/><T49/><D116/><U6/><E121/><V39/><F33/><W124/><G88/><T74/><D74/><U123/><E123/><V94/><F69/><W70/><G70/><T128/><D18/><U54/><E131/><N who="0" m="50249" /><D9/><U92/><E104/><V100/><F112/><N who="0" m="43050" /><D107/><U72/><E72/><V19/><F39/><W16/><G36/><T76/><D64/><U40/><E108/><V91/><F38/><W105/><G16/><T52/><D68/><U25/><E2/><V127/><F127/><W65/><G65/><T81/><AGARI ba="0,0" hai="44,49,52,76,81,87,101,103" m="43050,50249" machi="81" ten="40,8000,1" yaku="19,1,15,1,52,1,54,1" doraHai="78" who="0" fromWho="0" sc="230,80,289,-40,112,-20,369,-20" /><INIT seed="6,0,0,0,5,120" ten="310,249,92,349" oya="2" hai0="38,58,132,11,47,105,118,117,86,33,110,106,6" hai1="4,57,76,66,43,133,107,78,60,8,19,24,21" hai2="35,101,73,29,63,27,65,50,48,37,84,23,109" hai3="130,34,17,25,83,122,28,71,1,55,99,16,62"/><V70/><F73/><W12/><G122/><T54/><D33/><U92/><E107/><V53/><F37/><W123/><G123/><T36/><D110/><U51/><E133/><V128/><F128/><W5/><G1/><T134/><D86/><U44/><REACH who="1" step="1"/><E92/><REACH who="1" ten="310,239,92,349" step="2"/><V20/><F109/><W121/><G121/><T14/><D106/><U95/><E95/><V103/><F103/><W102/><G130/><T67/><D105/><U135/><E135/><N who="0" m="51753" /><D67/><U0/><AGARI ba="0,1" hai="0,4,8,19,21,24,43,44,51,57,60,66,76,78" machi="0" ten="20,2700,0" yaku="1,1,0,1,7,1,53,0" doraHai="120" doraHaiUra="82" who="1" fromWho="1" sc="310,-7,239,37,92,-13,349,-7" /><INIT seed="7,0,0,0,3,50" ten="303,276,79,342" oya="3" hai0="18,28,118,90,101,104,71,67,26,74,124,99,21" hai1="22,78,35,123,57,7,20,66,120,3,58,105,79" hai2="19,96,64,125,131,81,113,70,108,107,117,86,106" hai3="8,116,132,69,59,68,126,128,32,130,4,85,119"/><W15/><G32/><T48/><D118/><U24/><E105/><V42/><F108/><W95/><G126/><T77/><D124/><U82/><E35/><V52/><F125/><W61/><G132/><T134/><D134/><U98/><E98/><V115/><F117/><N who="3" m="45131" /><G95/><T92/><D67/><U46/><E46/><V65/><F42/><W10/><G10/><T45/><D71/><U75/><E79/><V91/><F131/><N who="3" m="50219" /><G85/><T133/><D133/><U111/><E111/><V17/><F107/><W121/><G121/><T12/><D77/><U38/><E38/><V36/><F36/><W14/><G14/><T88/><D74/><U100/><E100/><V23/><F70/><W54/><AGARI ba="0,0" hai="4,8,15,54,59,61,68,69" m="50219,45131" machi="54" ten="30,3000,0" yaku="19,1,52,1" doraHai="50" who="3" fromWho="3" sc="303,-10,276,-10,79,-10,342,30" owari="293,9.3,266,-13.4,69,-43.1,372,47.2" /></mjloggm>