<mjloggm ver="2.3"><GO type="169" lobby="0"/><UN n0="%6B%61%74%65%72%69%6E%61" n1="%E6%9A%97%E9%BB%92%E7%96%BE%E9%A2%A8%E9%BE%8D%E7%8E%8B%E4%B8%B8" n2="%E5%9C%A8%E5%8E%9F%E4%B8%83%E6%B5%B7%E5%A4%A7%E5%A5%BD%E3%81%8D" n3="%53%63%61%6E%64%61%6C" dan="17,16,17,16" rate="2180.92,2038.34,2227.23,2131.85" sx="M,M,M,M"/><TAIKYOKU oya="0"/><INIT seed="0,0,0,1,2,95" ten="250,250,250,250" oya="0" hai0="133,90,111,22,117,34,81,76,99,104,71,97,123" hai1="16,93,45,125,70,48,25,58,112,59,69,100,63" hai2="2,135,26,10,122,46,27,102,88,1,5,56,94" hai3="32,118,42,72,132,20,116,52,4,101,19,13,66"/><T8/><D117/><U68/><E125/><V114/><F122/><W103/><G32/><T65/><D123/><U134/><E134/><V89/><F114/><W60/><G72/><T79/><D34/><U33/><E112/><V96/><F1/><W127/><G132/><T41/><D133/><U0/><E0/><V3/><F3/><W38/><G127/><T126/><D126/><U121/><E121/><V14/><F2/><W12/><G38/><T43/><D71/><U49/><E59/><V39/><F39/><W78/><G42/><N who="0" m="15883" /><D104/><U21/><E45/><V44/><F56/><N who="3" m="34823" /><G78/><N who="0" m="29739" /><D65/><U37/><E33/><V131/><F131/><W120/><G120/><T130/><D130/><U84/><E37/><V107/><F135/><W80/><G66/><T54/><D8/><U74/><E74/><V55/><F44/><W62/><G118/><T115/><D115/><U64/><REACH who="1" step="1"/><E84/><REACH who="1" ten="250,240,250,250" step="2"/><V67/><F46/><W40/><G116/><T73/><D73/><U98/><AGARI ba="0,1" hai="16,21,25,48,49,58,63,64,68,69,70,93,98,100" machi="98" ten="40,12000,2" yaku="1,1,2,1,0,1,52,1,54,1,53,1" doraHai="95" doraHaiUra="18" who="1" fromWho="1" sc="250,-60,240,130,250,-30,250,-30" /><INIT seed="1,0,0,4,0,100" ten="190,370,220,220" oya="1" hai0="32,125,73,36,21,7,47,28,8,29,133,74,60" hai1="71,38,16,77,126,96,90,135,105,63,67,109,30" hai2="42,45,22,26,52,120,54,5,55,78,59,53,97" hai3="41,0,124,3,99,10,131,92,35,6,118,31,86"/><U80/><E135/><V23/><F120/><W121/><G121/><T103/><D133/><U49/><E38/><V122/><F122/><W89/><G118/><T18/><D125/><U127/><E30/><V98/><F78/><W104/><G124/><T91/><D91/><U106/><E109/><V40/><F5/><W56/><G131/><T115/><D115/><U13/><E49/><V57/><F22/><W9/><G41/><N who="2" m="15977" /><F45/><W81/><G56/><N who="2" m="21577" /><F55/><W93/><G35/><T58/><D47/><U2/><E2/><V27/><F23/><W85/><G31/><T83/><D36/><U17/><E17/><V79/><F79/><W102/><G0/><T69/><D29/><U76/><E76/><V111/><F111/><W43/><G43/><T134/><D73/><U72/><E126/><V14/><F14/><W1/><REACH who="3" step="1"/><G86/><REACH who="3" ten="190,370,220,210" step="2"/><T39/><D32/><U62/><E127/><V117/><F117/><W82/><G82/><T61/><D83/><U68/><E68/><V24/><AGARI ba="0,1" hai="24,26,27,52,53,54,97,98" m="21577,15977" machi="24" ten="40,8000,1" yaku="28,2,8,1,54,1" doraHai="100" who="2" fromWho="2" sc="190,-20,370,-40,220,90,210,-20" /><INIT seed="2,0,0,1,2,114" ten="170,330,310,190" oya="2" hai0="42,76,69,12,59,70,87,130,99,35,43,36,93" hai1="2,18,119,80,77,90,37,129,132,8,14,46,75" hai2="53,112,9,82,22,96,74,91,47,111,72,107,126" hai3="128,102,103,32,81,41,3,92,117,50,21,62,10"/><V66/><F22/><W17/><G32/><T101/><D130/><U49/><E129/><V29/><F29/><W68/><G128/><T34/><D34/><U23/><E132/><V6/><F66/><W16/><G81/><T131/><D131/><U115/><E115/><V105/><F53/><W79/><G79/><T120/><D120/><U15/><E37/><V55/><F55/><W61/><G92/><T125/><D125/><U60/><E2/><V73/><F47/><W89/><G89/><T65/><D35/><U83/><E60/><V25/><F25/><W127/><G127/><T100/><D100/><U133/><E133/><V28/><F28/><W7/><G68/><T135/><D135/><U1/><E1/><V109/><F9/><W98/><G41/><T95/><D69/><U52/><E119/><V110/><F6/><W58/><G21/><T118/><D118/><U27/><REACH who="1" step="1"/><E8/><REACH who="1" ten="170,320,310,190" step="2"/><V40/><F112/><W20/><G10/><T4/><D36/><U97/><E97/><V26/><F96/><W54/><G98/><T86/><D99/><U122/><E122/><V88/><F126/><W63/><G117/><T19/><D101/><N who="3" m="38409" /><G7/><T11/><D4/><U57/><E57/><V13/><F111/><W71/><G3/><T38/><D38/><U106/><E106/><V67/><F107/><W64/><G71/><T31/><D70/><U45/><E45/><V56/><F105/><W5/><G5/><T134/><D134/><U30/><E30/><V116/><F116/><W85/><G58/><T113/><D59/><U44/><E44/><V121/><F56/><RYUUKYOKU ba="0,1" sc="170,-10,320,30,310,-10,190,-10" hai1="14,15,18,23,27,46,49,52,75,77,80,83,90" /><INIT seed="3,1,1,3,5,1" ten="160,350,300,180" oya="3" hai0="81,26,59,122,75,15,98,108,96,38,6,102,79" hai1="103,48,85,88,121,113,130,124,14,112,18,134,131" hai2="23,74,31,105,104,22,109,5,73,84,91,19,20" hai3="117,87,45,9,62,72,114,127,29,32,39,119,37"/><W66/><G72/><T4/><D122/><U55/><E121/><V42/><F109/><W70/><G114/><T47/><D108/><U7/><E103/><V132/><F42/><W33/><G127/><T24/><D96/><U46/><E134/><V12/><F105/><W52/><G87/><T68/><D68/><U27/><E27/><V30/><F104/><W0/><G29/><T80/><D80/><U16/><E124/><V71/><F71/><W115/><G115/><T61/><D47/><U123/><E123/><V41/><F41/><W78/><G78/><T63/><D38/><U128/><E7/><V54/><F54/><W99/><G99/><T28/><D61/><U86/><E86/><V65/><F65/><W8/><G0/><T53/><D15/><U44/><E44/><V51/><F51/><W110/><G45/><T57/><D57/><U36/><E18/><V3/><F74/><W35/><G110/><T92/><REACH who="0" step="1"/><D26/><REACH who="0" ten="150,350,300,180" step="2"/><U58/><E46/><V11/><F12/><W2/><G37/><T90/><D90/><U126/><E36/><V56/><F91/><W116/><G39/><T17/><D17/><U133/><E126/><V129/><F56/><N who="3" m="35079" /><G2/><T125/><D125/><U21/><E133/><V25/><F3/><W76/><G76/><T118/><D118/><U82/><AGARI ba="1,2" hai="14,16,21,48,55,58,82,85,88,112,113,128,130,131" machi="82" ten="30,7900,0" yaku="0,1,19,1,54,2" doraHai="1" who="1" fromWho="1" sc="150,-21,350,102,300,-21,180,-40" /><INIT seed="4,0,0,2,2,10" ten="129,452,279,140" oya="0" hai0="94,70,15,29,9,73,82,57,32,37,76,52,28" hai1="4,13,46,64,123,30,68,11,131,117,3,1,124" hai2="7,19,119,17,41,85,116,34,95,87,108,133,100" hai3="66,62,55,120,77,118,72,18,86,27,81,71,115"/><T6/><D32/><U92/><E117/><V126/><F108/><W98/><G118/><T75/><D37/><U114/><E123/><V67/><F34/><W101/><G115/><T80/><D70/><U74/><E74/><V69/><F41/><W61/><G120/><T79/><REACH who="0" step="1"/><D94/><REACH who="0" ten="119,452,279,140" step="2"/><U122/><E92/><V103/><F95/><W132/><G71/><T0/><D0/><U33/><E3/><V36/><F69/><W135/><G132/><T129/><D129/><U102/><E1/><V127/><F36/><W42/><G135/><T78/><D78/><U121/><E131/><V21/><F133/><W25/><G77/><T35/><D35/><U43/><E33/><V8/><F119/><W88/><G72/><T93/><D93/><U59/><E68/><V48/><F116/><W96/><G101/><T24/><D24/><U53/><E102/><V128/><F103/><W125/><G27/><T65/><D65/><U63/><E64/><V26/><F67/><W5/><G25/><T91/><D91/><U105/><E122/><V90/><F100/><W113/><G88/><T104/><D104/><U54/><E105/><V14/><F90/><W97/><G66/><T20/><D20/><U110/><E121/><V109/><F21/><W56/><G113/><T38/><D38/><U134/><E114/><V106/><F26/><W49/><G125/><T2/><D2/><U84/><E124/><V112/><F127/><W107/><G107/><T130/><D130/><U58/><E134/><V99/><F126/><W60/><G81/><T39/><D39/><N who="1" m="21887" /><E30/><V16/><F128/><RYUUKYOKU ba="0,1" sc="119,30,452,-10,279,-10,140,-10" hai0="6,9,15,28,29,52,57,73,75,76,79,80,82" /><INIT seed="4,1,1,4,3,73" ten="149,442,269,130" oya="0" hai0="34,57,110,113,37,116,0,43,82,81,53,58,11" hai1="17,10,88,129,48,39,96,76,78,80,47,75,121" hai2="44,42,7,4,32,18,115,31,26,109,24,71,40" hai3="83,45,117,2,126,67,94,101,41,74,60,56,122"/><T125/><D116/><U72/><E121/><V46/><F71/><W95/><G117/><T33/><D113/><U23/><E39/><V97/><F97/><W66/><G122/><T118/><D118/><U127/><E10/><V28/><F18/><W111/><G111/><T92/><D125/><U131/><E127/><V25/><F25/><W54/><G2/><T27/><D58/><U14/><E96/><V106/><F106/><W59/><G101/><T120/><D92/><U50/><E88/><V93/><F93/><W103/><G103/><T124/><D34/><U100/><E100/><V133/><F133/><W55/><G126/><T62/><D110/><U68/><E68/><V108/><F32/><W52/><G74/><T65/><D124/><U16/><E17/><V79/><F79/><W128/><G83/><T104/><D82/><N who="1" m="45319" /><E47/><V105/><F105/><W134/><G134/><T107/><D81/><U8/><E8/><V84/><F84/><W22/><G128/><AGARI ba="1,1" hai="14,16,23,48,50,75,78,80,128,129,131" m="45319" machi="128" ten="30,7700,0" yaku="19,1,52,2,54,1" doraHai="73" who="1" fromWho="3" sc="149,0,442,90,269,0,130,-80" /><INIT seed="5,0,0,0,5,102" ten="149,532,269,50" oya="1" hai0="70,47,62,108,72,69,117,56,116,125,100,57,6" hai1="127,126,107,89,28,21,94,110,5,2,1,63,58" hai2="101,111,88,128,65,91,79,45,130,105,106,73,81" hai3="98,10,131,43,33,74,16,4,14,120,37,90,42"/><U113/><E113/><V22/><F65/><W40/><G120/><T67/><D108/><U53/><E110/><V30/><F45/><W41/><G131/><N who="2" m="50217" /><F111/><W119/><G119/><T54/><D72/><U104/><E28/><V135/><F135/><W121/><G121/><T68/><D100/><U76/><E21/><V124/><F101/><W39/><N who="3" m="10240" /><DORA hai="77" /><W92/><G33/><T51/><D6/><U12/><E76/><V93/><F124/><N who="1" m="47657" /><E12/><V36/><F36/><W46/><G46/><T19/><D19/><U80/><E80/><V86/><F91/><W87/><G74/><T75/><D75/><U99/><E5/><V96/><F73/><W55/><G55/><N who="0" m="30207" /><D125/><U15/><E15/><V71/><F71/><W123/><G123/><T95/><D95/><U8/><E8/><V7/><F7/><W18/><REACH who="3" step="1"/><G87/><REACH who="3" ten="149,532,269,40" step="2"/><T20/><D20/><U114/><E114/><V13/><F22/><W25/><G25/><T61/><AGARI ba="0,1" hai="54,56,57,61,62,67,68,69,70,116,117" m="30207" machi="61" ten="40,2700,0" yaku="34,2" doraHai="102,77" who="0" fromWho="0" sc="149,37,532,-13,269,-7,40,-7" /><INIT seed="6,0,0,0,1,12" ten="186,519,262,33" oya="2" hai0="75,116,69,114,118,74,14,71,66,61,82,86,127" hai1="37,95,120,55,110,101,104,70,18,40,53,97,26" hai2="88,94,77,115,132,38,126,60,5,81,25,23,128" hai3="123,112,93,134,31,131,67,28,57,89,52,76,11"/><V99/><F38/><W15/><G123/><T42/><D114/><U72/><E110/><V49/><F128/><W80/><G131/><T90/><D127/><U13/><E70/><V64/><F132/><W17/><G67/><T58/><D42/><U32/><E72/><N who="0" m="27689" /><D14/><U85/><E26/><V91/><F5/><W1/><G1/><T109/><D109/><U103/><E32/><V27/><F49/><W46/><G134/><T83/><D83/><U56/><E56/><N who="2" m="36871" /><F27/><W87/><G46/><T84/><D84/><U105/><E105/><V106/><F106/><W39/><G39/><T92/><D82/><U79/><E104/><V59/><F59/><W47/><G47/><T21/><D21/><U108/><E108/><V4/><F4/><W96/><REACH who="3" step="1"/><G112/><REACH who="3" ten="186,519,262,23" step="2"/><T9/><D71/><U135/><E135/><V48/><F115/><W10/><G10/><T54/><D9/><U19/><E37/><V7/><F126/><W29/><G29/><T73/><D69/><U78/><E120/><V98/><F77/><W0/><G0/><T102/><D66/><U62/><E79/><V41/><F41/><W119/><G119/><T117/><D73/><U124/><E40/><V24/><F23/><W68/><G68/><T8/><D8/><U133/><E78/><V44/><F44/><W125/><G125/><T130/><D130/><U3/><E124/><V63/><F7/><W20/><G20/><T30/><D30/><U51/><E133/><V111/><F111/><W45/><G45/><T6/><D6/><U121/><E121/><V16/><F16/><W22/><G22/><RYUUKYOKU ba="0,1" sc="186,15,519,-15,262,-15,23,15" hai0="54,58,61,86,90,92,102,116,117,118" hai3="11,15,17,28,31,52,57,76,80,87,89,93,96" /><INIT seed="7,1,1,3,1,14" ten="201,504,247,38" oya="3" hai0="39,10,8,65,74,107,123,133,9,18,110,89,46" hai1="115,38,124,67,100,4,91,42,24,48,99,49,112" hai2="12,127,3,134,56,21,40,83,52,62,63,41,102" hai3="70,126,97,90,73,82,111,61,130,5,19,34,25"/><W120/><G120/><T53/><D123/><U68/><E124/><V98/><F3/><W122/><G122/><T51/><D110/><U116/><E91/><V106/><F134/><W30/><G126/><T20/><D133/><U58/><E4/><V131/><F127/><W93/><G111/><T92/><D74/><U80/><E80/><V64/><F83/><W2/><G130/><T95/><D107/><U96/><E96/><V109/><F131/><W35/><G35/><T32/><D32/><U69/><E49/><V135/><F135/><W29/><G29/><T94/><D65/><U23/><E38/><V33/><F33/><W0/><G5/><T128/><D39/><U17/><E42/><V54/><F54/><W75/><G73/><T66/><D66/><U47/><E47/><V60/><F60/><W114/><G114/><N who="1" m="43562" /><E116/><V78/><F63/><W104/><G104/><T22/><D22/><U7/><E7/><V71/><F21/><W88/><G70/><T125/><D128/><U15/><E15/><V76/><F71/><W28/><G28/><T55/><D55/><N who="1" m="32103" /><E67/><V31/><F64/><W105/><G105/><AGARI ba="1,1" hai="17,23,24,68,69,99,100,105" m="32103,43562" machi="105" ten="30,2000,0" yaku="15,1,52,1" doraHai="14" who="1" fromWho="3" sc="201,0,504,33,247,0,38,-23" owari="201,-19.9,537,63.7,247,4.7,15,-48.5" /></mjloggm>