<mjloggm ver="2.3"><GO type="169" lobby="0"/><UN n0="%E5%B3%B6%E7%94%B0%E7%9C%9F%E5%A4%A2" n1="%E2%91%A3%E9%81%BF%E9%81%8A%E6%88%AF%E3%80%90%E6%9D%B1%E5%8D%97%E3%80%91" n2="%E3%81%84%E3%81%AC%E3%81%A6%E3%82%93" n3="%E3%81%8B%E3%82%8F%E3%81%97%E3%81%83" dan="16,17,16,16" rate="2136.96,2136.21,2072.58,2134.41" sx="F,M,M,M"/><TAIKYOKU oya="0"/><INIT seed="0,0,0,2,3,0" ten="250,250,250,250" oya="0" hai0="23,90,103,47,113,53,132,112,59,7,111,68,43" hai1="32,9,12,121,117,45,64,36,54,35,14,110,28" hai2="2,65,40,19,120,25,13,108,94,50,76,100,48" hai3="22,62,15,96,73,102,82,115,101,8,130,63,126"/><T3/><D132/><U81/><E110/><V61/><F108/><W52/><G115/><T51/><D103/><U79/><E121/><V34/><F2/><W71/><G130/><T127/><D111/><U131/><E131/><V55/><F76/><W56/><G126/><T114/><D127/><U18/><E117/><V86/><F25/><W21/><G73/><T135/><D135/><U17/><E64/><V24/><F24/><W109/><G109/><T95/><D68/><U37/><E28/><V75/><F34/><W74/><G74/><T125/><D125/><U123/><E123/><V84/><F50/><W106/><G101/><T98/><D23/><U57/><E35/><V66/><F40/><W41/><G41/><T107/><D107/><U31/><E31/><V89/><F75/><W60/><G82/><T20/><D20/><U77/><E32/><V97/><F86/><W27/><G71/><T129/><D129/><U116/><E45/><V6/><F61/><W99/><G99/><T11/><REACH who="0" step="1"/><D114/><REACH who="0" ten="240,250,250,250" step="2"/><U58/><E116/><V104/><F120/><W128/><G128/><T133/><D133/><U118/><E118/><V26/><F104/><W122/><G122/><T105/><D105/><U42/><E37/><AGARI ba="0,1" hai="3,7,11,37,43,47,51,53,59,90,95,98,112,113" machi="37" ten="30,5800,0" yaku="1,1,7,1,52,1,53,0" doraHai="0" doraHaiUra="29" who="0" fromWho="1" sc="240,68,250,-58,250,0,250,0" /><INIT seed="0,1,0,3,0,60" ten="308,192,250,250" oya="0" hai0="64,61,66,90,15,20,57,109,133,26,53,32,13" hai1="116,27,19,98,117,76,30,54,5,134,124,58,18" hai2="127,14,41,74,35,132,108,93,107,43,75,45,47" hai3="40,48,0,6,31,135,4,119,121,104,122,105,7"/><T120/><D120/><N who="3" m="46185" /><G31/><T91/><D133/><U59/><E134/><V42/><F107/><N who="3" m="41035" /><G135/><T89/><D32/><U73/><E124/><V38/><F35/><W130/><G48/><T9/><D109/><U37/><E37/><V50/><F127/><W114/><G40/><T22/><D15/><U33/><E5/><V25/><F108/><W8/><G114/><T39/><D39/><U113/><E59/><V118/><F25/><W111/><G111/><T63/><D63/><U86/><E73/><V96/><F42/><W72/><G72/><T46/><D46/><U103/><E113/><V28/><F28/><W106/><N who="3" m="41043" /><W112/><DORA hai="110" /><G112/><T79/><D79/><U65/><E116/><V23/><F118/><W10/><G119/><T51/><D51/><U126/><E117/><V94/><F132/><W62/><G130/><T55/><D55/><U84/><E126/><V2/><F50/><W1/><G62/><T88/><N who="0" m="22528" /><DORA hai="131" /><T44/><D44/><U24/><E54/><V12/><F38/><W102/><G102/><T81/><D81/><U92/><E27/><V49/><F49/><W95/><G95/><T69/><D69/><U29/><E30/><V125/><F125/><W21/><G21/><N who="0" m="8299" /><D26/><U3/><E76/><V11/><F23/><W16/><G16/><AGARI ba="1,0" hai="9,13,16,53,57,61,64,66" m="8299,22528" machi="16" ten="40,12000,1" yaku="8,1,52,2,54,2" doraHai="60,110,131" who="0" fromWho="3" sc="308,123,192,0,250,0,250,-123" /><INIT seed="0,2,0,0,3,118" ten="431,192,250,127" oya="0" hai0="7,36,46,20,80,37,82,105,97,132,83,109,117" hai1="92,2,52,131,29,124,5,133,86,88,125,121,27" hai2="104,4,45,76,40,116,99,79,19,98,51,75,126" hai3="67,17,90,70,9,114,30,15,1,65,28,84,58"/><T24/><D117/><U31/><E133/><V135/><F116/><W107/><G114/><T57/><D132/><U48/><E131/><V89/><F135/><W49/><G107/><T101/><D109/><U13/><E2/><V42/><F4/><W96/><G1/><T128/><D128/><U60/><E60/><V8/><F104/><W16/><G70/><T87/><D7/><U6/><E31/><V23/><F75/><W77/><G77/><N who="2" m="29769" /><F8/><W35/><G96/><N who="2" m="36905" /><F126/><N who="1" m="48745" /><E13/><N who="2" m="9711" /><F89/><W123/><G123/><T33/><D33/><N who="1" m="20671" /><E121/><V73/><F73/><W103/><G103/><T94/><D105/><U22/><E22/><V41/><AGARI ba="2,0" hai="40,41,42,45,51" m="9711,36905,29769" machi="41" ten="30,1100,0" yaku="8,1" doraHai="118" who="2" fromWho="2" sc="431,-7,192,-5,250,17,127,-5" /><INIT seed="1,0,0,1,4,69" ten="424,187,267,122" oya="1" hai0="131,99,127,76,21,31,64,27,48,66,115,32,36" hai1="95,65,10,107,93,118,74,38,42,1,45,133,35" hai2="132,13,61,85,110,57,39,126,58,71,59,63,87" hai3="62,97,75,96,17,109,135,112,23,67,28,43,77"/><U86/><E74/><V50/><F13/><W79/><G112/><T4/><D115/><U7/><E118/><V41/><F85/><W106/><G109/><T130/><D36/><U40/><E133/><V12/><F12/><W98/><G106/><T20/><D127/><U33/><E107/><V0/><F87/><W2/><G2/><T105/><D76/><U5/><E65/><N who="0" m="25193" /><D48/><U18/><E7/><V25/><F25/><W117/><G28/><T122/><D4/><U111/><E111/><V94/><F0/><W30/><G30/><T16/><D122/><U103/><E18/><V91/><F71/><W9/><G9/><T29/><D20/><U108/><E108/><V55/><F132/><W47/><G117/><T81/><D81/><U70/><E70/><V120/><F120/><W49/><G75/><T101/><D32/><U60/><E60/><N who="2" m="23115" /><F126/><W26/><REACH who="3" step="1"/><G135/><REACH who="3" ten="424,187,267,112" step="2"/><T90/><D31/><U100/><E1/><V24/><F110/><W82/><G82/><T129/><D29/><U11/><E5/><V56/><F24/><W114/><G114/><T121/><D121/><U78/><E78/><V46/><F39/><W80/><G80/><T83/><D83/><U89/><E38/><V119/><F119/><W8/><G8/><T128/><D128/><U84/><E89/><AGARI ba="0,1" hai="16,21,27,89,90,99,101,105,129,130,131" m="25193" machi="89" ten="40,2600,0" yaku="19,1,54,1" doraHai="69" who="0" fromWho="1" sc="424,36,187,-26,267,0,112,0" /><INIT seed="2,0,0,3,5,14" ten="460,161,267,112" oya="2" hai0="96,41,11,105,84,34,28,83,77,32,117,132,2" hai1="97,114,36,78,85,6,10,64,25,3,55,15,8" hai2="129,51,47,17,52,99,67,113,48,98,57,93,79" hai3="5,71,16,58,27,26,121,72,29,86,90,20,33"/><V68/><F113/><W35/><G71/><T103/><D132/><U116/><E114/><V38/><F129/><W127/><G72/><T1/><D117/><U9/><E116/><V66/><F79/><W50/><G121/><T100/><D100/><U23/><E36/><V81/><F81/><W7/><G127/><T123/><D123/><U70/><E97/><V80/><F80/><W76/><G76/><T124/><D124/><U62/><E55/><N who="2" m="30111" /><F38/><W69/><G69/><T135/><D135/><U43/><E43/><V65/><F93/><W61/><G50/><T104/><D104/><U73/><E73/><V133/><F133/><W30/><G90/><T134/><D134/><U115/><E115/><V89/><F89/><W44/><G44/><T119/><D119/><U56/><E70/><V91/><F91/><W46/><G46/><T53/><D41/><U128/><E128/><V42/><F42/><W40/><G86/><T94/><D105/><U22/><E3/><V0/><F0/><W112/><G40/><T131/><D131/><U49/><E49/><V13/><F68/><W101/><G101/><T82/><D82/><N who="1" m="47319" /><E23/><AGARI ba="0,0" hai="13,17,23,51,52,57,65,66,67,98,99" m="30111" machi="23" ten="30,5800,0" yaku="8,1,52,1,54,1" doraHai="14" who="2" fromWho="1" sc="460,0,161,-58,267,58,112,0" /><INIT seed="2,1,0,5,4,77" ten="460,103,325,112" oya="2" hai0="114,35,103,1,86,113,70,135,38,52,13,116,120" hai1="83,73,108,17,84,102,133,48,74,19,43,64,50" hai2="127,66,33,89,91,123,45,67,11,25,104,107,57" hai3="131,99,68,2,79,20,85,65,22,115,106,97,80"/><V0/><F123/><W49/><G2/><T71/><D38/><U8/><E108/><V39/><F39/><W122/><G122/><T4/><D1/><U81/><E133/><V6/><F107/><W23/><G106/><T5/><D35/><U92/><E73/><V42/><F104/><W121/><G121/><T110/><D120/><U101/><E74/><V7/><F7/><W40/><G131/><T14/><D103/><U134/><E134/><V100/><F100/><W47/><G68/><T90/><D135/><U32/><E32/><V132/><F132/><W18/><G65/><T82/><D116/><U118/><E118/><V3/><F67/><W96/><REACH who="3" step="1"/><G115/><REACH who="3" ten="460,103,325,102" step="2"/><T78/><D71/><U41/><E64/><V62/><F0/><W63/><G63/><T12/><D70/><U30/><E8/><V128/><F128/><W129/><G129/><T87/><D114/><U72/><E72/><V27/><F3/><W126/><G126/><T31/><D113/><U112/><E112/><V9/><F127/><W124/><G124/><T93/><D110/><U61/><E61/><V21/><F9/><W36/><G36/><T88/><D31/><U95/><E84/><V94/><F11/><W75/><G75/><T130/><D130/><U58/><E58/><V37/><F57/><W44/><G44/><T34/><D87/><U28/><AGARI ba="1,1" hai="17,19,28,30,41,43,48,50,81,83,92,95,101,102" machi="28" ten="25,12000,2" yaku="0,1,22,2,8,1,52,2" doraHai="77" who="1" fromWho="1" sc="460,-31,103,133,325,-61,102,-31" /><INIT seed="3,0,0,1,1,86" ten="429,236,264,71" oya="3" hai0="56,134,102,92,71,43,77,111,44,85,89,16,99" hai1="80,14,97,20,11,18,3,115,125,41,95,75,119" hai2="84,1,108,94,116,26,68,90,131,19,81,107,124" hai3="27,50,36,38,35,47,51,122,57,28,100,30,6"/><W91/><G122/><T126/><D111/><U118/><E115/><V22/><F68/><W15/><G100/><T4/><D71/><U93/><E41/><V63/><F116/><W78/><G78/><T110/><D110/><U53/><E125/><V88/><F124/><W101/><G101/><T127/><D134/><U114/><E114/><V74/><F1/><W2/><G2/><T42/><D4/><U25/><E3/><V48/><F107/><W69/><G69/><T37/><D43/><U73/><E95/><V17/><F131/><W105/><G105/><T13/><D56/><U82/><E75/><V5/><F5/><W9/><G30/><T65/><D65/><U83/><E73/><V130/><F63/><W96/><G57/><T0/><D0/><U33/><E33/><V59/><F130/><W128/><G128/><T67/><D67/><U121/><E121/><V135/><F135/><W54/><REACH who="3" step="1"/><G51/><REACH who="3" ten="429,236,264,61" step="2"/><T31/><D77/><U45/><E119/><V132/><F132/><W79/><G79/><T103/><D31/><U72/><E118/><V8/><F108/><W76/><G76/><T106/><D103/><U98/><E72/><V66/><F48/><W129/><G129/><T112/><D112/><U32/><E45/><V12/><F74/><W70/><G70/><T109/><D109/><U87/><E32/><V62/><F94/><AGARI ba="0,1" hai="6,9,15,27,28,35,36,38,47,50,54,91,94,96" machi="94" ten="40,3900,0" yaku="1,1,52,1,53,0" doraHai="86" doraHaiUra="133" who="3" fromWho="2" sc="429,0,236,0,264,-39,61,49" /><INIT seed="3,1,0,2,3,77" ten="429,236,225,110" oya="3" hai0="113,124,20,100,79,115,16,37,130,91,14,108,74" hai1="72,84,38,28,116,122,36,85,105,39,0,18,51" hai2="103,12,94,33,29,125,96,90,8,102,58,71,81" hai3="80,24,55,78,82,99,19,35,112,41,67,57,27"/><W97/><G112/><N who="0" m="43083" /><D108/><U40/><E122/><V59/><F71/><W89/><G35/><T23/><D37/><U64/><E105/><V86/><F125/><W43/><G67/><T9/><D124/><U10/><E72/><V127/><F127/><W129/><G129/><T75/><D130/><U60/><E116/><V131/><F131/><W63/><G78/><T46/><D100/><U26/><E40/><N who="3" m="15434" /><G27/><T3/><D46/><U4/><E18/><V101/><F29/><W1/><G1/><T134/><D134/><U109/><E51/><V93/><F33/><W7/><G7/><N who="0" m="1279" /><D91/><U54/><E54/><V87/><F59/><W114/><G114/><T21/><D79/><U133/><E133/><V42/><F58/><W11/><G99/><T70/><D70/><U135/><E135/><V13/><F13/><N who="3" m="7615" /><G24/><T98/><D98/><U52/><E109/><V30/><F30/><W25/><G25/><T22/><AGARI ba="1,0" hai="14,16,20,21,22,23,74,75" m="1279,43083" machi="22" ten="30,2000,0" yaku="11,1,54,1" doraHai="77" who="0" fromWho="0" sc="429,23,236,-6,225,-6,110,-11" /><INIT seed="4,0,0,4,5,134" ten="452,230,219,99" oya="0" hai0="65,113,80,63,126,91,100,76,123,55,74,88,131" hai1="42,37,130,127,71,34,5,49,67,93,117,70,7" hai2="85,21,15,122,22,47,64,115,72,57,58,59,95" hai3="45,38,39,46,82,32,4,108,28,52,83,8,132"/><T6/><D123/><U79/><E117/><V107/><F107/><W78/><G108/><T116/><D116/><U102/><E34/><V135/><F72/><W60/><G132/><T3/><D113/><U20/><E71/><V53/><F122/><W101/><G101/><T50/><D131/><U43/><E37/><V36/><F36/><W41/><G38/><T104/><D6/><U109/><E70/><V86/><F115/><W10/><G32/><T112/><D3/><U9/><E67/><V61/><F135/><W90/><G28/><T133/><D112/><U73/><E5/><V125/><F47/><W99/><G10/><T44/><D133/><U84/><E73/><V31/><F59/><W19/><G19/><T103/><D104/><U0/><E109/><V75/><F75/><W12/><G78/><T96/><D103/><U121/><E121/><V23/><F15/><W35/><G35/><T87/><D74/><U26/><E130/><V14/><F14/><W106/><G106/><T2/><D2/><U48/><E79/><V18/><F18/><W77/><G77/><T129/><D129/><U120/><E120/><V54/><F31/><W105/><G105/><T94/><D126/><U1/><E1/><V81/><F125/><W124/><G124/><T97/><REACH who="0" step="1"/><D96/><REACH who="0" ten="442,230,219,99" step="2"/><N who="1" m="59663" /><E127/><V40/><F81/><W66/><G99/><T24/><D24/><U30/><E84/><N who="2" m="32363" /><F95/><W118/><G118/><T56/><AGARI ba="0,1" hai="44,50,55,56,63,65,76,80,87,88,91,94,97,100" machi="56" ten="20,12000,1" yaku="1,1,0,1,7,1,8,1,54,1,53,0" doraHai="134" doraHaiUra="119" who="0" fromWho="0" sc="442,130,230,-40,219,-40,99,-40" /><INIT seed="4,1,0,2,5,16" ten="572,190,179,59" oya="0" hai0="77,86,66,68,35,101,84,13,42,38,39,4,34" hai1="127,56,123,51,40,129,71,53,33,21,107,69,122" hai2="30,67,45,130,2,133,91,64,80,128,78,112,54" hai3="43,88,87,120,111,57,8,116,85,50,49,74,99"/><T11/><D101/><U24/><E33/><V97/><F2/><W134/><G111/><T36/><D42/><U29/><E107/><V81/><F30/><W109/><G109/><T26/><D77/><U92/><E40/><V119/><F112/><W70/><G70/><T95/><D95/><U9/><E127/><V58/><F133/><W5/><G116/><T12/><D12/><U15/><E129/><N who="2" m="49771" /><F45/><W22/><G134/><T115/><D115/><U7/><REACH who="1" step="1"/><E92/><REACH who="1" ten="572,180,179,59" step="2"/><N who="2" m="56479" /><F119/><W46/><G120/><AGARI ba="1,1" hai="7,9,15,21,24,29,51,53,56,69,71,120,122,123" machi="120" ten="40,5200,0" yaku="1,1,52,1,53,1" doraHai="16" doraHaiUra="19" who="1" fromWho="3" sc="572,0,180,65,179,0,59,-55" /><INIT seed="5,0,0,3,3,128" ten="572,245,179,4" oya="1" hai0="57,79,108,24,82,62,106,14,95,121,113,44,17" hai1="132,133,65,46,68,36,70,54,47,67,41,96,35" hai2="22,38,94,37,135,39,2,27,76,122,78,87,93" hai3="33,102,3,55,9,52,20,111,12,86,18,60,28"/><U8/><E35/><V0/><F122/><W81/><G111/><T6/><D113/><U71/><E8/><V124/><F87/><W73/><G102/><T10/><D106/><U15/><E15/><V58/><F58/><W101/><G73/><T110/><D121/><U77/><E77/><V118/><F22/><W74/><G101/><T69/><D69/><U119/><E96/><V66/><F27/><N who="3" m="18591" /><G74/><T100/><D44/><U114/><E119/><V25/><F25/><W30/><G60/><T42/><D42/><N who="1" m="22855" /><E54/><V97/><F66/><N who="1" m="25097" /><E114/><V11/><F97/><W84/><G30/><T19/><D100/><U7/><E7/><V16/><F118/><W109/><G109/><T123/><D123/><U43/><E43/><V120/><F120/><W131/><G131/><T130/><D130/><U5/><E5/><V91/><F11/><W127/><G127/><T134/><D10/><U29/><E29/><V125/><F91/><N who="3" m="51599" /><G86/><T83/><D108/><U92/><E92/><V104/><F104/><W50/><G50/><AGARI ba="0,0" hai="41,47,50,68,70,71,132,133" m="25097,22855" machi="50" ten="40,12000,1" yaku="34,2,52,2" doraHai="128" who="1" fromWho="3" sc="572,0,245,120,179,0,4,-120" owari="572,67.2,365,16.5,179,-22.1,-116,-61.6" /></mjloggm>