<mjloggm ver="2.3"><GO type="169" lobby="0"/><UN n0="%E5%8D%83%E8%8D%89%E5%8F%B0" n1="%E3%82%B5%E3%83%95%E3%82%A9%E3%83%BC%E3%82%AF%E3%81%AE%E7%94%BA" n2="%56%69%76%79" n3="%68%69%73%61%74%6F%E6%A3%92" dan="17,16,16,16" rate="2128.87,2155.90,2067.11,2114.17" sx="M,M,F,M"/><TAIKYOKU oya="0"/><INIT seed="0,0,0,2,1,101" ten="250,250,250,250" oya="0" hai0="106,46,24,118,123,59,58,16,51,32,120,82,15" hai1="63,12,61,102,133,98,43,124,111,23,74,38,34" hai2="135,126,3,94,104,57,121,100,125,18,122,52,89" hai3="66,86,29,134,31,7,70,91,103,93,45,56,79"/><T109/><D118/><U8/><E34/><V76/><F76/><W119/><G134/><T67/><D59/><U41/><E74/><V47/><F47/><W65/><G70/><T92/><D109/><U48/><E124/><N who="2" m="47723" /><F3/><W99/><G79/><T1/><D1/><U54/><E23/><V87/><F135/><W28/><G7/><T75/><D92/><N who="1" m="58695" /><E38/><V77/><F18/><W88/><G45/><T14/><D14/><U129/><E129/><V80/><F52/><W9/><G9/><T50/><D50/><U30/><E30/><V64/><F64/><W127/><G119/><T73/><D73/><U128/><E128/><V115/><F115/><W40/><G40/><N who="1" m="15434" /><E111/><V10/><F10/><W13/><G13/><T132/><D132/><U33/><E33/><V53/><F53/><W35/><G35/><T0/><D0/><U5/><E133/><V90/><F57/><AGARI ba="0,0" hai="5,8,12,48,54,57,61,63" m="15434,58695" machi="57" ten="30,1000,0" yaku="8,1" doraHai="101" who="1" fromWho="2" sc="250,0,250,10,250,-10,250,0" /><INIT seed="1,0,0,5,2,2" ten="250,260,240,250" oya="1" hai0="1,83,14,36,92,22,35,59,130,119,104,116,60" hai1="32,105,115,23,54,81,16,79,21,48,55,66,106" hai2="68,88,74,67,99,24,40,124,113,123,129,20,96" hai3="37,28,126,121,15,62,56,0,98,72,5,110,70"/><U131/><E32/><V61/><F74/><W101/><G70/><T27/><D104/><U132/><E115/><V65/><F123/><W63/><G72/><T38/><D130/><U97/><E132/><V51/><F113/><W118/><G110/><T3/><D83/><U50/><E66/><V86/><F67/><W18/><G37/><T90/><D36/><U71/><E71/><V89/><F124/><W103/><G121/><T9/><D38/><U53/><E131/><V52/><F40/><W75/><G75/><T80/><D80/><U127/><E23/><V85/><F129/><W44/><G44/><T17/><D3/><U49/><E97/><V57/><F86/><W45/><G45/><T135/><D1/><U109/><E127/><V82/><REACH who="2" step="1"/><F89/><REACH who="2" ten="250,260,230,250" step="2"/><W117/><G126/><T11/><D119/><U128/><E128/><V95/><F95/><W102/><G117/><T30/><D116/><U107/><E109/><V31/><AGARI ba="0,1" hai="20,24,31,51,52,57,61,65,68,82,85,88,96,99" machi="31" ten="20,8000,1" yaku="1,1,0,1,7,1,54,2,53,0" doraHai="2" doraHaiUra="134" who="2" fromWho="2" sc="250,-20,260,-40,230,90,250,-20" /><INIT seed="2,0,0,0,4,91" ten="230,220,320,230" oya="2" hai0="22,84,32,83,133,27,0,9,100,50,87,23,41" hai1="26,56,24,97,30,132,89,61,21,67,124,29,104" hai2="130,98,64,63,134,103,3,37,1,115,74,13,113" hai3="33,93,14,28,119,42,110,44,112,31,125,16,80"/><V99/><F37/><W118/><G110/><T75/><D75/><U53/><E132/><V52/><F134/><W135/><G125/><T62/><D133/><U39/><E39/><V38/><F38/><W78/><G112/><T77/><D32/><U88/><E124/><V94/><F74/><W25/><G31/><T35/><D35/><U51/><E104/><V18/><F130/><W20/><G135/><T12/><D0/><U105/><E105/><V45/><F64/><W128/><G128/><T70/><D70/><U79/><E79/><V68/><F68/><W10/><G80/><T107/><D84/><U73/><E97/><V127/><F99/><W4/><G78/><T117/><D107/><U43/><E43/><V65/><F65/><W123/><G123/><T95/><D62/><U116/><E116/><V108/><F127/><W129/><G129/><T102/><D102/><U57/><REACH who="1" step="1"/><E73/><REACH who="1" ten="230,210,320,230" step="2"/><V8/><F113/><W131/><G131/><T71/><D41/><U5/><E5/><V111/><F115/><W121/><G118/><T90/><D77/><U114/><E114/><V85/><F85/><W6/><G119/><T69/><D117/><U36/><E36/><V122/><F122/><W66/><G6/><T47/><D87/><U86/><E86/><V40/><F40/><W34/><G121/><T19/><D83/><U11/><E11/><V58/><REACH who="2" step="1"/><F45/><REACH who="2" ten="230,210,310,230" step="2"/><W106/><G44/><T82/><D47/><U59/><E59/><V46/><F46/><W101/><G42/><T92/><D69/><U7/><E7/><V126/><F126/><W96/><G96/><RYUUKYOKU ba="0,2" sc="230,-15,210,15,310,15,230,-15" hai1="21,24,26,29,30,51,53,56,57,61,67,88,89" hai2="1,3,8,13,18,52,58,63,94,98,103,108,111" /><INIT seed="2,1,2,5,0,124" ten="215,225,325,215" oya="2" hai0="132,78,13,71,128,111,72,39,14,66,36,57,126" hai1="60,38,32,45,83,65,69,103,23,33,29,129,12" hai2="48,24,110,81,76,95,31,27,62,135,1,40,6" hai3="107,84,75,94,19,41,63,59,131,112,74,93,130"/><V113/><F113/><W42/><G107/><T64/><D72/><U127/><E103/><V119/><F119/><W68/><G68/><T102/><D126/><U17/><E127/><V10/><F135/><W34/><G34/><T8/><D78/><U37/><E29/><V5/><F110/><W120/><G120/><T80/><D80/><U4/><E4/><V15/><F62/><W79/><G19/><T61/><D111/><U50/><E32/><V22/><F95/><N who="3" m="36363" /><G75/><T118/><D102/><U16/><E33/><V53/><F40/><W86/><G74/><T85/><D85/><N who="3" m="32873" /><G79/><T43/><D39/><U77/><E129/><N who="3" m="49162" /><G112/><T92/><D128/><U105/><E105/><V11/><F76/><W116/><G116/><T67/><D71/><U90/><E90/><V89/><F89/><W26/><G26/><T97/><D118/><U49/><E83/><V87/><F27/><W133/><G133/><T28/><D132/><U115/><E115/><V30/><F81/><W134/><G134/><T7/><D28/><U55/><E17/><V20/><F31/><W73/><G73/><T100/><D92/><U122/><E122/><V58/><F87/><W21/><G21/><AGARI ba="1,2" hai="1,5,6,10,11,15,20,21,22,24,30,48,53,58" machi="21" ten="30,1500,0" yaku="7,1" doraHai="124" who="2" fromWho="3" sc="215,0,225,0,325,38,215,-18" /><INIT seed="2,2,0,0,2,46" ten="215,225,363,197" oya="2" hai0="2,59,13,24,51,104,72,53,78,42,30,118,71" hai1="60,47,95,77,109,11,114,76,125,92,18,36,35" hai2="107,85,88,124,19,34,81,61,29,80,112,133,68" hai3="135,100,37,101,14,126,86,6,97,44,132,38,8"/><V54/><F107/><W83/><G126/><T5/><D104/><U89/><E35/><V32/><F112/><W119/><G119/><T115/><D71/><U108/><E114/><V84/><F124/><W129/><G129/><T64/><D115/><U121/><E121/><V55/><F133/><W41/><G38/><T110/><D64/><U33/><E33/><V16/><F68/><W50/><G37/><T111/><D2/><U23/><E95/><V131/><F131/><W27/><G27/><T120/><D120/><U17/><E60/><V48/><F61/><W49/><G49/><T79/><D42/><N who="1" m="22983" /><E11/><V87/><F87/><W31/><G31/><T128/><D118/><U134/><E17/><V106/><F106/><W28/><G28/><T52/><D53/><U21/><E21/><V82/><F55/><W98/><G100/><T12/><D128/><U63/><E63/><V15/><F29/><W93/><REACH who="3" step="1"/><G98/><REACH who="3" ten="215,225,363,187" step="2"/><T130/><D130/><U99/><E125/><V62/><F48/><W70/><G70/><T66/><D24/><N who="1" m="14455" /><E134/><V39/><F39/><W26/><G26/><T20/><D30/><U0/><E0/><V116/><F116/><W91/><AGARI ba="2,1" hai="6,8,14,41,44,50,83,86,91,93,97,101,132,135" machi="91" ten="30,4000,0" yaku="1,1,0,1,52,1,53,0" doraHai="46" doraHaiUra="73" who="3" fromWho="3" sc="215,-12,225,-12,363,-22,187,56" /><INIT seed="3,0,0,5,3,57" ten="203,213,341,243" oya="3" hai0="29,32,54,3,31,121,132,78,43,86,72,56,92" hai1="94,100,88,134,33,21,103,73,35,34,105,11,30" hai2="41,128,8,97,124,122,39,17,4,118,68,69,95" hai3="119,7,130,76,66,71,20,125,87,101,77,37,74"/><W60/><G119/><T36/><D3/><U91/><E73/><V47/><F118/><W80/><G37/><T2/><D2/><U131/><E105/><V116/><F116/><W42/><G42/><T126/><D121/><U48/><E134/><V110/><F122/><W64/><G130/><T114/><D132/><U99/><E131/><V45/><F128/><W112/><G112/><T15/><D72/><U135/><E135/><V53/><F17/><W1/><G101/><T117/><D32/><U16/><E100/><V70/><F110/><W49/><G49/><T63/><D126/><U62/><E48/><V67/><F67/><W25/><G66/><T82/><D114/><U96/><E96/><V22/><F22/><W133/><G125/><T81/><D81/><U55/><E11/><V61/><F47/><W38/><G38/><T113/><D92/><U40/><E30/><V44/><F44/><W26/><G26/><T85/><D113/><U28/><E28/><V106/><F106/><W83/><G133/><T9/><D117/><U93/><E93/><V50/><F95/><W19/><G1/><T89/><D43/><U10/><E10/><V0/><F97/><W120/><REACH who="3" step="1"/><G7/><REACH who="3" ten="203,213,341,233" step="2"/><N who="0" m="3519" /><D36/><U27/><E40/><V65/><F124/><W104/><G104/><T98/><D31/><U107/><E107/><V84/><F41/><W13/><G13/><T115/><D29/><U24/><E27/><V111/><F39/><W6/><G6/><T90/><D115/><U18/><E18/><V58/><F111/><W75/><G75/><T5/><D5/><U127/><E127/><RYUUKYOKU ba="0,1" sc="203,-30,213,10,341,10,233,10" hai1="16,21,24,33,34,35,55,62,88,91,94,99,103" hai2="0,4,8,45,50,53,58,61,65,68,69,70,84" hai3="19,20,25,60,64,71,74,76,77,80,83,87,120" /><INIT seed="3,1,1,0,2,64" ten="173,223,351,243" oya="3" hai0="41,79,65,69,31,125,122,81,117,17,98,46,11" hai1="121,37,14,97,72,9,131,12,101,93,35,0,100" hai2="62,114,33,54,67,75,43,71,124,111,60,130,1" hai3="103,34,32,110,26,82,95,89,78,50,63,73,29"/><W27/><G110/><T123/><D117/><U129/><E121/><V108/><F33/><W133/><G133/><T99/><D125/><U61/><E37/><V25/><F25/><W42/><G63/><T120/><D31/><U56/><E72/><V51/><F1/><W45/><G103/><T23/><D11/><U55/><E35/><V10/><F10/><W109/><G109/><N who="2" m="42057" /><F75/><W105/><G27/><T83/><D83/><U134/><E134/><V66/><F130/><N who="1" m="49673" /><E100/><V47/><F114/><W70/><G105/><T86/><D65/><U28/><E28/><V104/><F104/><W59/><G59/><T85/><D85/><U96/><E96/><V58/><F124/><W40/><G34/><T116/><D116/><U91/><E101/><V8/><F8/><W52/><REACH who="3" step="1"/><G70/><REACH who="3" ten="173,223,351,233" step="2"/><T44/><D69/><U7/><AGARI ba="1,2" hai="0,7,9,12,14,55,56,61,91,93,97" m="49673" machi="7" ten="30,1100,0" yaku="19,1" doraHai="64" who="1" fromWho="1" sc="173,-4,223,34,351,-4,233,-6" /><INIT seed="4,0,0,4,3,39" ten="169,257,347,227" oya="0" hai0="92,8,0,89,76,109,20,127,1,22,97,42,59" hai1="30,16,106,110,86,105,70,19,101,50,56,49,34" hai2="32,95,6,132,61,67,93,55,71,94,66,111,72" hai3="60,99,44,57,43,79,45,134,18,48,3,73,83"/><T15/><D109/><U87/><E70/><V133/><F111/><W41/><G3/><T82/><D1/><U14/><E110/><V2/><F32/><W91/><G18/><T51/><D0/><U85/><E101/><V118/><F72/><W135/><G99/><T4/><D127/><U102/><E102/><V54/><F67/><W29/><G29/><T53/><REACH who="0" step="1"/><D42/><REACH who="0" ten="159,257,347,227" step="2"/><U27/><E105/><V11/><F118/><W80/><G134/><AGARI ba="0,1" hai="2,6,11,54,55,61,66,71,93,94,95,132,133,134" machi="134" ten="40,1300,0" yaku="20,1" doraHai="39" who="2" fromWho="3" sc="159,0,257,0,347,23,227,-13" /><INIT seed="5,0,0,0,2,68" ten="159,257,370,214" oya="1" hai0="96,99,101,60,9,110,27,95,51,31,122,65,71" hai1="23,63,70,22,111,105,30,83,20,114,52,86,135" hai2="120,123,82,13,14,0,6,134,33,29,59,77,25" hai3="124,72,34,57,84,42,74,10,2,113,11,45,73"/><U102/><E114/><V43/><F134/><W66/><G124/><T112/><D112/><U32/><E135/><V121/><F43/><W15/><G34/><T88/><D122/><U4/><E4/><V3/><F59/><W54/><G66/><T97/><D110/><U117/><E117/><V125/><F125/><W17/><G2/><N who="2" m="553" /><F82/><W35/><G35/><T38/><D38/><U126/><E111/><V76/><F76/><W49/><G11/><T69/><D9/><U40/><E40/><V93/><F93/><W87/><REACH who="3" step="1"/><G113/><REACH who="3" ten="159,257,370,204" step="2"/><T41/><D71/><U8/><E8/><V104/><F33/><W98/><G98/><T115/><D115/><U79/><E70/><V37/><F120/><W81/><G81/><T78/><D97/><U106/><E126/><V89/><F121/><W48/><AGARI ba="0,1" hai="10,15,17,42,45,48,49,54,57,72,73,74,84,87" machi="48" ten="30,2000,0" yaku="1,1,0,1,53,0" doraHai="68" doraHaiUra="94" who="3" fromWho="3" sc="159,-5,257,-10,370,-5,204,30" /><INIT seed="6,0,0,3,3,69" ten="154,247,365,234" oya="2" hai0="125,104,5,25,91,81,37,100,102,110,27,1,31" hai1="120,113,36,130,72,14,20,119,58,99,19,95,70" hai2="124,40,30,52,61,121,60,134,38,66,53,26,98" hai3="18,131,96,78,74,67,75,87,118,23,4,128,59"/><V111/><F121/><W90/><G4/><T71/><D71/><U129/><E70/><V54/><F134/><W77/><G96/><T6/><D125/><U82/><E119/><V22/><F124/><W68/><G68/><T8/><D110/><U2/><E2/><V86/><F86/><W50/><G118/><T117/><D117/><U80/><E113/><V92/><F66/><W94/><G75/><T97/><D102/><U11/><E120/><V24/><F24/><W42/><G42/><T73/><D27/><U35/><E35/><V93/><F93/><W112/><G112/><T123/><D6/><U12/><E36/><V29/><F29/><W57/><G57/><T83/><D83/><U45/><E45/><V44/><REACH who="2" step="1"/><F111/><REACH who="2" ten="154,247,355,234" step="2"/><W17/><G67/><T126/><D126/><U43/><E95/><V10/><F10/><W88/><G74/><T16/><D123/><U63/><E11/><V109/><F109/><W34/><G128/><T47/><D31/><U105/><E72/><V41/><F41/><W132/><G131/><T84/><D73/><U64/><E43/><V51/><F51/><W39/><G50/><T116/><D116/><U133/><E133/><V114/><F114/><W55/><G87/><T13/><D25/><N who="1" m="14495" /><E130/><V15/><F15/><N who="1" m="5673" /><E129/><V115/><F115/><W46/><G94/><T28/><D28/><U76/><E76/><V101/><AGARI ba="0,1" hai="22,26,30,38,40,44,52,53,54,60,61,92,98,101" machi="101" ten="30,11700,0" yaku="1,1,0,1,52,1,54,1,53,0" doraHai="69" doraHaiUra="122" who="2" fromWho="2" sc="154,-39,247,-39,355,127,234,-39" /><INIT seed="6,1,0,1,5,101" ten="115,208,482,195" oya="2" hai0="98,109,45,20,133,15,105,129,43,19,123,127,12" hai1="130,83,116,102,92,131,28,53,13,46,57,61,91" hai2="21,77,104,52,39,71,65,51,97,67,48,120,79" hai3="135,73,107,103,78,95,90,27,41,93,81,117,69"/><V32/><F32/><W75/><G69/><T6/><D109/><U121/><E116/><V8/><F39/><W115/><G41/><T56/><D123/><U9/><E121/><V66/><F71/><W31/><G31/><T50/><D127/><U54/><E102/><V94/><F104/><W35/><G27/><T88/><D129/><N who="1" m="49163" /><E83/><V119/><F51/><W62/><G62/><T10/><D133/><U49/><E28/><V14/><F21/><W58/><G58/><T84/><D56/><U47/><E54/><V40/><F119/><W2/><G2/><T126/><D126/><U25/><E25/><V30/><F40/><W124/><G35/><T114/><D114/><U44/><E91/><V64/><F30/><W55/><G55/><T110/><D110/><U85/><E85/><V108/><F67/><W113/><G117/><T112/><D112/><N who="3" m="43081" /><G135/><T23/><D98/><U42/><E92/><N who="3" m="35402" /><G90/><T3/><D3/><U17/><AGARI ba="1,0" hai="9,13,17,42,44,46,47,49,53,57,61" m="49163" machi="17" ten="30,1100,0" yaku="19,1" doraHai="101" who="1" fromWho="1" sc="115,-4,208,14,482,-6,195,-4" /><INIT seed="7,0,0,4,4,53" ten="111,222,476,191" oya="3" hai0="48,44,67,45,84,69,23,80,14,76,41,22,97" hai1="20,124,12,111,32,128,5,65,51,72,123,127,81" hai2="95,61,121,78,109,85,21,58,117,19,104,28,68" hai3="92,30,16,40,4,120,77,6,110,114,88,133,35"/><W36/><G120/><T74/><D69/><U33/><E111/><V113/><F104/><W63/><G110/><T18/><D74/><U13/><E128/><V116/><F28/><W101/><G101/><T83/><D83/><U125/><E65/><V39/><F39/><W89/><G77/><T50/><D67/><U29/><E51/><V2/><F68/><W108/><G114/><T43/><REACH who="0" step="1"/><D97/><REACH who="0" ten="101,222,476,191" step="2"/><U60/><E81/><V59/><F109/><W10/><G108/><T107/><D107/><U46/><E72/><V115/><F78/><W71/><G71/><T129/><D129/><U93/><E124/><V86/><F95/><W31/><G92/><T96/><D96/><U24/><E125/><V8/><F2/><W49/><G133/><T119/><D119/><U27/><E127/><V134/><F121/><W132/><G132/><T15/><D15/><U17/><E13/><V66/><F134/><W122/><G122/><T94/><D94/><U98/><E12/><V103/><F103/><W118/><G118/><T87/><D87/><U102/><E98/><V3/><F3/><W55/><G35/><T38/><D38/><U70/><E33/><V99/><F99/><W11/><G36/><T52/><D52/><U112/><E32/><V75/><F75/><W42/><G55/><T54/><D54/><U62/><E123/><V79/><F117/><W7/><G42/><T105/><D105/><U100/><E102/><V57/><F116/><W90/><G40/><T26/><D26/><N who="1" m="16583" /><E100/><V34/><F115/><W56/><G6/><T73/><D73/><U106/><E5/><RYUUKYOKU ba="0,1" sc="101,30,222,-10,476,-10,191,-10" hai0="14,18,22,23,41,43,44,45,48,50,76,80,84" owari="131,-36.9,212,1.2,476,57.6,181,-21.9" /></mjloggm>