<mjloggm ver="2.3"><GO type="169" lobby="0"/><UN n0="%4B%6F%68%65%69" n1="%E6%9E%95%E9%AD%9A" n2="%E3%82%A4%E3%82%AB%E3%81%AB%E3%82%82%E6%9D%B1%E5%8C%97" n3="%E5%9C%A8%E5%8E%9F%E4%B8%83%E6%B5%B7%E5%A4%A7%E5%A5%BD%E3%81%8D" dan="16,16,17,17" rate="2121.04,2103.13,2179.04,2207.86" sx="M,F,M,M"/><TAIKYOKU oya="0"/><INIT seed="0,0,0,5,0,122" ten="250,250,250,250" oya="0" hai0="114,130,68,49,42,107,64,103,126,112,30,15,18" hai1="13,121,62,123,66,127,83,20,11,24,3,57,115" hai2="8,131,99,77,33,43,102,116,113,41,51,90,96" hai3="36,91,100,1,31,17,71,135,6,2,40,26,12"/><T55/><D130/><U9/><E127/><V22/><F113/><W133/><G71/><T47/><D126/><U98/><E115/><V52/><F33/><W79/><G100/><T76/><D30/><U84/><E3/><V61/><F131/><W89/><G79/><T53/><D76/><U35/><E35/><V16/><F116/><W70/><G70/><T50/><D107/><U81/><E11/><V28/><F28/><W87/><G40/><T97/><D103/><U108/><E108/><V58/><F8/><W110/><G36/><T56/><D97/><U93/><E121/><V92/><F51/><W72/><G72/><T67/><D18/><U104/><E104/><V132/><F132/><W69/><G91/><T94/><D94/><U38/><E38/><V80/><F99/><W119/><G31/><T125/><D15/><U134/><E134/><V63/><F63/><W4/><G12/><T44/><D125/><U95/><E123/><V128/><F102/><W86/><G1/><T120/><D120/><U14/><E98/><V34/><F34/><W46/><G2/><T54/><D55/><U27/><E9/><V124/><F128/><W21/><G135/><T29/><D29/><N who="1" m="17543" /><E27/><N who="2" m="14791" /><F124/><W129/><G129/><T65/><D68/><U39/><E13/><V111/><F111/><W19/><G110/><T101/><D101/><U7/><E14/><V60/><F60/><AGARI ba="0,0" hai="42,44,47,49,50,53,54,56,60,64,65,67,112,114" machi="60" ten="40,7700,0" yaku="34,3" doraHai="122" who="0" fromWho="2" sc="250,77,250,0,250,-77,250,0" /><INIT seed="0,1,0,3,2,55" ten="327,250,173,250" oya="0" hai0="110,9,1,6,12,0,68,36,14,131,129,97,24" hai1="4,30,66,87,79,85,22,112,122,40,76,98,33" hai2="109,64,86,2,57,56,113,62,102,28,92,48,61" hai3="115,7,44,53,31,16,125,41,116,118,35,106,124"/><T67/><D36/><U133/><E122/><V13/><F113/><W135/><G106/><T120/><D97/><U107/><E33/><V27/><F2/><N who="0" m="1130" /><D68/><U84/><E133/><V88/><F109/><W10/><G115/><T59/><D67/><U52/><E4/><V111/><F111/><W54/><G135/><T81/><D81/><U100/><E40/><V134/><F134/><W42/><G31/><T82/><D82/><U99/><E66/><V105/><F13/><W65/><G35/><T70/><D70/><U18/><E30/><V95/><F48/><W69/><G7/><T72/><D72/><U114/><E114/><V73/><F73/><W117/><G10/><N who="0" m="4183" /><D120/><U128/><E128/><N who="0" m="49225" /><D59/><N who="2" m="22602" /><F105/><W46/><G69/><T123/><D123/><U43/><E43/><V47/><F47/><W23/><G46/><T80/><D80/><U26/><E112/><V51/><F51/><W20/><G44/><T103/><D103/><U121/><E121/><V77/><F77/><N who="1" m="29769" /><E100/><V71/><F71/><W34/><G42/><T29/><D110/><U38/><E38/><V37/><F37/><W132/><G41/><T83/><D83/><U17/><E107/><V90/><F102/><W39/><G39/><T11/><D14/><N who="1" m="9527" /><E52/><V8/><F64/><W5/><G54/><T60/><D60/><U119/><E98/><N who="2" m="57607" /><F8/><W49/><G53/><T91/><D91/><U15/><E99/><V21/><AGARI ba="1,0" hai="21,27,28,61,62,86,90,95" m="57607,22602" machi="21" ten="30,8000,1" yaku="8,1,52,3,54,1" doraHai="55" who="2" fromWho="2" sc="327,-41,250,-21,173,83,250,-21" /><INIT seed="1,0,0,5,5,19" ten="286,229,256,229" oya="1" hai0="56,134,77,69,98,26,95,27,114,11,18,85,72" hai1="41,91,9,104,58,7,118,120,81,111,73,131,93" hai2="62,32,66,97,21,37,101,102,130,126,28,53,125" hai3="65,105,121,6,25,46,70,59,4,116,31,127,48"/><U16/><E118/><V33/><F37/><W13/><G121/><T38/><D38/><U113/><E120/><V80/><F80/><W60/><G127/><N who="2" m="48649" /><F53/><W86/><G116/><T68/><D114/><U100/><E113/><V17/><F130/><W76/><G105/><T92/><D72/><U3/><E131/><V1/><F1/><W124/><G70/><T84/><D134/><U78/><E111/><V0/><F0/><W107/><G107/><T135/><D135/><U10/><E41/><V67/><F28/><W90/><G13/><T103/><D56/><U43/><E43/><V55/><F55/><W64/><G64/><N who="2" m="24617" /><F62/><W35/><G76/><T5/><D77/><U36/><E36/><V29/><F29/><W50/><G50/><T71/><D71/><U96/><E58/><V2/><F2/><W8/><G48/><T63/><D63/><U24/><E3/><V128/><F128/><W87/><G46/><T115/><D69/><U42/><E42/><V40/><F40/><W74/><G31/><T54/><D68/><U117/><E117/><V20/><F102/><W79/><G60/><T39/><D54/><U52/><E52/><V51/><F51/><W44/><G59/><T45/><D39/><U12/><E7/><V75/><F75/><W47/><G65/><T22/><D45/><U34/><E100/><V89/><F89/><W82/><G47/><T132/><D132/><U129/><E129/><V30/><F30/><W99/><G44/><T49/><D103/><U14/><E73/><V83/><F101/><W133/><G124/><T109/><D49/><RYUUKYOKU ba="0,0" sc="286,0,229,0,256,0,229,0" /><INIT seed="2,1,0,1,2,46" ten="286,229,256,229" oya="2" hai0="96,53,114,135,102,61,50,22,91,45,51,62,26" hai1="83,110,68,43,131,58,37,48,70,28,133,6,80" hai2="129,16,23,88,12,15,89,95,35,49,79,108,118" hai3="25,121,117,31,65,71,1,60,104,67,132,86,17"/><V52/><F118/><W100/><G121/><T56/><D135/><U77/><E28/><V128/><F35/><W105/><G117/><T78/><D114/><U19/><E133/><V97/><F108/><W36/><G67/><T103/><D78/><U14/><E37/><V76/><F89/><W63/><G63/><T20/><D20/><U119/><E131/><N who="2" m="50251" /><F12/><W33/><G36/><T59/><D45/><AGARI ba="1,0" hai="15,16,23,45,49,52,76,79,88,95,97" m="50251" machi="45" ten="30,12000,1" yaku="19,1,52,1,54,3" doraHai="46" who="2" fromWho="0" sc="286,-123,229,0,256,123,229,0" /><INIT seed="2,2,0,1,3,75" ten="163,229,379,229" oya="2" hai0="27,86,82,3,40,83,49,79,8,46,54,108,103" hai1="62,85,67,71,59,56,30,36,73,96,15,111,121" hai2="22,39,76,78,116,66,107,45,55,114,90,109,131" hai3="32,29,11,97,74,132,2,70,113,25,91,7,33"/><V61/><F114/><W35/><G91/><T58/><D108/><U44/><E73/><V135/><F116/><W16/><G97/><T98/><D27/><U13/><E111/><V68/><F107/><W80/><G70/><T81/><D3/><U87/><E121/><V1/><F109/><W88/><G132/><T112/><D8/><U63/><E30/><V12/><F1/><W9/><G74/><T101/><D112/><U118/><E118/><V20/><F135/><W122/><G122/><T34/><D34/><N who="3" m="13417" /><G88/><T26/><D26/><U10/><E96/><V14/><F131/><W60/><G60/><T84/><D84/><U119/><E15/><V77/><F90/><W110/><G80/><T69/><D69/><U104/><E104/><V42/><REACH who="2" step="1"/><F55/><REACH who="2" ten="163,229,369,229" step="2"/><W89/><G89/><T4/><D103/><U21/><E119/><V126/><F126/><W129/><G110/><T31/><D101/><U28/><E67/><V5/><F5/><W134/><G134/><T102/><D4/><U117/><E117/><V72/><F72/><W127/><G127/><T41/><D31/><U92/><E28/><V50/><F50/><W115/><G129/><T124/><D124/><U128/><E128/><V48/><F48/><W105/><G105/><T24/><D102/><U43/><E85/><V19/><F19/><W95/><G95/><T57/><D86/><U47/><E92/><V0/><F0/><W125/><G125/><T133/><D133/><U99/><E87/><V53/><F53/><W100/><G100/><T52/><D54/><N who="1" m="34071" /><E99/><V37/><F37/><W106/><G106/><RYUUKYOKU ba="2,1" sc="163,-15,229,-15,369,15,229,15" hai2="12,14,20,22,39,42,45,61,66,68,76,77,78" hai3="2,7,9,11,16,25,29,35,113,115" /><INIT seed="2,3,1,0,5,62" ten="148,214,384,244" oya="2" hai0="12,42,88,121,81,73,33,115,112,55,52,94,106" hai1="134,124,111,93,1,133,105,3,89,98,23,26,132" hai2="86,109,45,75,126,119,95,127,90,25,107,66,99" hai3="131,67,60,37,100,58,47,70,130,27,43,22,13"/><V40/><F119/><W97/><G13/><T114/><D121/><U116/><E116/><V68/><F75/><W76/><G76/><T87/><D106/><U61/><E111/><V118/><F118/><W0/><G0/><T59/><D33/><U38/><E38/><V77/><F109/><W10/><G10/><T53/><D42/><U108/><E108/><V54/><F54/><W9/><G9/><T15/><D73/><U71/><E124/><N who="2" m="47659" /><F25/><W35/><G58/><T19/><D12/><U102/><E71/><V96/><F107/><N who="3" m="63887" /><G22/><T120/><D81/><U92/><E61/><N who="2" m="40015" /><F77/><W84/><G27/><T32/><D32/><U46/><E46/><V2/><F2/><N who="1" m="521" /><E89/><V82/><F95/><W29/><G35/><T129/><D129/><U24/><E24/><V113/><F113/><W36/><G131/><T51/><REACH who="0" step="1"/><D120/><REACH who="0" ten="138,214,384,244" step="2"/><U72/><E72/><V30/><F30/><AGARI ba="3,2" hai="23,26,30,92,93,98,102,105,132,133,134" m="521" machi="30" ten="40,1300,0" yaku="20,1" doraHai="62" who="1" fromWho="2" sc="138,0,214,42,384,-22,244,0" /><INIT seed="3,0,0,3,2,109" ten="138,256,362,244" oya="3" hai0="112,63,101,68,74,75,72,83,133,27,43,82,19" hai1="5,120,10,55,17,52,114,35,105,111,62,9,6" hai2="47,59,48,125,51,7,94,88,69,119,79,87,25" hai3="117,121,80,37,29,98,130,26,73,49,76,85,116"/><W129/><G37/><T13/><D43/><U23/><E105/><V126/><F119/><W12/><G49/><T65/><D133/><U28/><E120/><V106/><F106/><W21/><G121/><T71/><D101/><U103/><E62/><V89/><F69/><W110/><G110/><T54/><D71/><U8/><E103/><V1/><F79/><W53/><G53/><T102/><D102/><U81/><E111/><V22/><F59/><W64/><G64/><T0/><D27/><N who="1" m="18847" /><E52/><N who="2" m="29727" /><F51/><W86/><G117/><T78/><D0/><N who="1" m="39" /><E81/><V84/><F7/><W38/><G80/><T107/><D107/><U39/><E55/><V32/><F1/><W104/><G73/><T95/><D54/><U61/><E61/><V42/><F32/><W128/><G116/><T122/><D122/><U36/><E36/><V67/><F42/><W15/><G38/><T70/><D70/><U134/><E39/><V77/><F77/><W2/><G76/><T91/><D82/><U34/><E134/><V99/><F89/><W127/><G104/><T93/><D83/><U46/><E46/><V60/><F60/><W18/><G130/><T30/><D78/><U132/><E132/><V115/><F67/><W4/><G129/><T24/><D91/><U100/><E100/><V118/><F118/><W90/><G90/><T56/><D68/><U45/><E45/><V16/><F87/><W97/><G86/><T92/><D75/><U123/><E123/><V44/><F44/><W11/><G85/><T131/><D131/><U57/><E57/><V113/><F84/><W33/><G128/><RYUUKYOKU ba="0,0" sc="138,-10,256,-10,362,30,244,-10" hai2="16,22,25,88,94,99,113,115,125,126" /><INIT seed="4,1,0,0,1,63" ten="128,246,392,234" oya="0" hai0="33,31,88,72,36,130,118,125,74,2,29,18,97" hai1="42,58,135,68,65,70,43,81,45,60,84,51,30" hai2="85,129,123,55,100,49,64,19,39,61,73,115,25" hai3="10,113,34,4,6,8,20,120,17,94,0,102,119"/><T106/><D118/><U103/><E135/><V54/><F123/><W116/><G94/><T1/><D36/><U48/><E30/><V101/><F73/><W50/><G102/><T41/><D41/><N who="1" m="24623" /><E84/><V105/><F39/><W28/><G50/><T67/><D106/><U126/><E81/><V53/><F115/><W108/><G108/><T98/><D18/><U117/><E103/><V35/><F129/><W114/><G120/><T11/><D130/><U47/><E117/><N who="3" m="45130" /><G34/><T57/><D125/><U9/><E9/><N who="3" m="3690" /><G28/><T52/><D11/><U59/><E126/><V131/><F35/><W76/><G76/><T111/><D33/><U110/><E110/><V122/><F105/><W24/><G0/><T90/><D111/><U134/><E134/><V62/><F122/><W91/><G91/><T14/><D57/><N who="1" m="21515" /><E70/><V69/><F101/><W83/><G83/><T56/><D56/><U21/><E21/><V124/><F100/><W109/><G109/><T92/><D14/><U80/><E80/><V40/><F69/><W79/><G79/><T75/><D75/><U13/><E13/><V77/><F77/><W89/><G89/><T16/><D92/><U96/><E96/><V132/><F132/><W71/><G71/><T95/><D95/><U46/><E46/><V127/><F127/><W44/><G44/><T3/><D3/><U38/><E38/><V93/><F93/><W104/><G104/><T7/><D7/><AGARI ba="1,0" hai="4,6,7,17,20,24,113,114" m="3690,45130" machi="7" ten="30,2000,0" yaku="34,2" doraHai="63" who="3" fromWho="0" sc="128,-23,246,0,392,0,234,23" /><INIT seed="5,0,0,4,1,118" ten="105,246,392,257" oya="1" hai0="126,62,102,91,0,18,61,100,81,99,11,52,112" hai1="17,113,19,30,5,67,109,83,115,89,49,92,104" hai2="69,15,73,28,6,48,117,53,59,21,3,119,127" hai3="39,29,77,130,75,35,101,124,66,120,47,42,96"/><U8/><E104/><V122/><F122/><W88/><G130/><T68/><D112/><N who="1" m="43083" /><E109/><V40/><F73/><W71/><G124/><T20/><D126/><U93/><E30/><V56/><F127/><W95/><G66/><T80/><D68/><U27/><E67/><V55/><F69/><W72/><G71/><T63/><D0/><N who="1" m="39" /><E27/><V98/><F40/><W26/><G120/><T37/><D37/><U132/><E132/><V82/><F28/><W36/><G36/><T114/><D11/><U7/><E7/><V64/><F3/><W70/><G70/><T31/><D31/><U129/><E129/><V50/><F64/><W94/><REACH who="3" step="1"/><G77/><REACH who="3" ten="105,246,392,247" step="2"/><T78/><D78/><U97/><E83/><V14/><F82/><W44/><G44/><T60/><D114/><U110/><E110/><V33/><F119/><W74/><G74/><T32/><D81/><U121/><E121/><V79/><F79/><W43/><G43/><T1/><D80/><U23/><E23/><V108/><F21/><W133/><G133/><T45/><D45/><U24/><E24/><V51/><F117/><W46/><G46/><T84/><D32/><U16/><E92/><V41/><F33/><W9/><G9/><T13/><D1/><U86/><E86/><AGARI ba="0,1" hai="26,29,35,39,42,47,72,75,86,88,94,95,96,101" machi="86" ten="30,3900,0" yaku="1,1,7,1,54,1,53,0" doraHai="118" doraHaiUra="4" who="3" fromWho="1" sc="105,0,246,-39,392,0,247,49" /><INIT seed="6,0,0,3,2,111" ten="105,207,392,296" oya="2" hai0="47,134,35,63,13,33,56,18,38,48,10,43,98" hai1="127,14,12,28,60,124,39,95,84,92,102,11,90" hai2="27,9,93,94,70,89,76,117,91,118,7,16,114" hai3="52,29,133,2,65,121,23,15,72,26,37,82,54"/><V116/><F70/><W45/><G2/><T4/><D134/><U59/><E39/><V83/><F114/><W58/><G121/><T61/><D61/><U120/><E120/><V21/><F93/><N who="1" m="35913" /><E102/><V135/><F135/><W75/><G65/><T5/><D5/><U100/><E100/><V113/><F113/><W64/><G64/><T62/><D62/><U41/><E41/><V53/><F53/><W0/><G0/><T123/><D123/><U122/><E28/><V109/><F109/><W115/><G82/><T24/><D98/><U51/><E51/><V49/><F49/><W96/><G96/><T86/><D86/><U1/><E11/><V130/><F130/><W34/><G29/><T77/><D77/><U104/><E104/><V6/><F94/><W129/><G75/><T30/><D38/><U106/><E106/><V85/><REACH who="2" step="1"/><F6/><REACH who="2" ten="105,207,382,296" step="2"/><W119/><G115/><T71/><D71/><U73/><E122/><V69/><F69/><W55/><G129/><T103/><D4/><U128/><E128/><V110/><F110/><W22/><G133/><T20/><REACH who="0" step="1"/><D103/><REACH who="0" ten="95,207,382,296" step="2"/><U66/><E60/><V105/><F105/><W40/><G37/><T97/><D97/><U32/><E66/><AGARI ba="0,2" hai="10,13,18,20,24,30,33,35,43,47,48,56,63,66" machi="66" ten="30,2000,0" yaku="1,1,7,1,53,0" doraHai="111" doraHaiUra="74" who="0" fromWho="1" sc="95,40,207,-20,382,0,296,0" /><INIT seed="7,0,0,0,1,16" ten="135,187,382,296" oya="3" hai0="73,92,5,94,14,121,62,91,10,103,44,51,83" hai1="99,66,125,116,68,25,40,98,42,9,34,61,48" hai2="26,123,56,85,64,87,78,47,0,2,75,105,122" hai3="27,90,69,6,20,88,39,29,30,118,77,58,63"/><W117/><G69/><T59/><D121/><N who="2" m="46090" /><F105/><W21/><G39/><T111/><D111/><U12/><E98/><V129/><F129/><W35/><G118/><T108/><D108/><U128/><E48/><V81/><F26/><N who="3" m="16583" /><G35/><T120/><D120/><U86/><E9/><V1/><F47/><W130/><G117/><T102/><D73/><U31/><E86/><V115/><F115/><W119/><G119/><T100/><D83/><U107/><E12/><V43/><F43/><W18/><G6/><T23/><D23/><U84/><E66/><V7/><F7/><W65/><G77/><T52/><REACH who="0" step="1"/><D91/><REACH who="0" ten="125,187,382,296" step="2"/><N who="3" m="34857" /><G130/><T101/><N who="0" m="25600" /><DORA hai="93" /><T127/><D127/><U60/><E34/><V70/><F70/><W80/><G80/><T57/><D57/><U36/><E125/><V106/><F106/><W19/><AGARI ba="0,1" hai="18,19,21,27,30,58,63,65" m="34857,16583" machi="19" ten="30,11700,0" yaku="8,1,52,2,54,1" doraHai="16,93" who="3" fromWho="3" sc="125,-39,187,-39,382,-39,296,127" owari="86,-41.4,148,-25.2,343,14.3,423,52.3" /></mjloggm>