<mjloggm ver="2.3"><GO type="169" lobby="0"/><UN n0="%E3%81%93%E3%82%8C%E3%81%8C%E3%81%B5%E3%81%95%E3%81%B5%E3%81%95" n1="%E5%8F%97%E3%81%91%E5%85%A5%E3%82%8C%E9%87%8D%E8%A6%96" n2="%E4%BE%8D" n3="%E3%81%A6%E3%82%8A%E3%81%86%E3%82%80" dan="17,17,18,16" rate="2213.43,2183.90,2242.71,2091.09" sx="M,M,M,M"/><TAIKYOKU oya="0"/><INIT seed="0,0,0,4,0,122" ten="250,250,250,250" oya="0" hai0="60,78,133,20,53,40,49,5,61,124,132,79,113" hai1="42,111,70,106,86,24,72,33,76,127,88,28,102" hai2="8,39,2,63,116,128,126,47,93,35,82,104,77" hai3="21,51,125,16,55,89,135,7,115,97,68,45,64"/><T110/><D113/><U91/><E127/><V129/><F93/><W98/><G135/><N who="0" m="51787" /><D124/><U103/><E111/><V109/><F126/><W131/><G131/><T123/><D123/><U112/><E112/><V32/><F104/><W37/><G7/><T54/><D5/><U9/><E70/><V31/><F63/><N who="0" m="24138" /><D20/><U19/><E42/><N who="2" m="23007" /><F116/><W18/><G64/><T100/><D100/><U3/><E106/><V117/><F117/><W66/><G66/><T0/><D0/><U34/><E34/><V67/><F67/><W65/><G65/><T56/><D40/><U74/><E103/><V95/><F95/><W73/><G68/><T114/><D114/><U12/><E102/><V29/><F29/><W80/><G115/><T46/><D110/><U90/><REACH who="1" step="1"/><E3/><REACH who="1" ten="250,240,250,250" step="2"/><V14/><F2/><W44/><G125/><T59/><D46/><U43/><E43/><V121/><F109/><W107/><G45/><T62/><AGARI ba="0,1" hai="49,53,54,56,59,62,78,79" m="24138,51787" machi="62" ten="30,1500,0" yaku="20,1" doraHai="122" who="0" fromWho="0" sc="250,25,240,-5,250,-5,250,-5" /><INIT seed="0,1,0,1,4,13" ten="275,235,245,245" oya="0" hai0="99,82,8,53,91,3,102,96,21,62,11,43,119" hai1="24,5,93,103,34,29,72,75,86,54,73,117,85" hai2="105,112,48,132,37,58,2,106,135,115,23,113,32" hai3="124,20,57,15,18,92,100,127,77,66,60,111,104"/><T12/><D119/><U59/><E117/><V55/><F32/><W6/><G111/><T79/><D43/><U9/><E103/><V17/><F37/><W129/><G129/><T36/><D36/><U74/><N who="1" m="18432" /><DORA hai="95" /><U63/><REACH who="1" step="1"/><E93/><REACH who="1" ten="275,225,245,245" step="2"/><V128/><F128/><W126/><G92/><N who="0" m="58631" /><D3/><AGARI ba="1,1" hai="3,5,9,24,29,34,54,59,63,85,86" m="18432" machi="3" ten="70,8000,1" yaku="1,1,53,2" doraHai="13,95" doraHaiUra="80,118" who="1" fromWho="0" sc="275,-83,225,93,245,0,245,0" /><INIT seed="1,0,0,3,4,85" ten="192,318,245,245" oya="1" hai0="128,122,131,98,80,65,74,109,45,44,108,116,102" hai1="55,126,86,59,100,68,21,101,133,20,32,79,8" hai2="69,83,9,51,1,63,19,66,93,84,107,94,67" hai3="60,88,82,14,121,40,123,72,95,118,30,47,134"/><U18/><E32/><V75/><F107/><W70/><G134/><T62/><D74/><U4/><E68/><V132/><F132/><W106/><G106/><T48/><D80/><U92/><E133/><V73/><F67/><W42/><G30/><T16/><D98/><U31/><E31/><V87/><F75/><W99/><G42/><T7/><D102/><U105/><E105/><V117/><F117/><W119/><G14/><T43/><D7/><U36/><E36/><V77/><F73/><W0/><G0/><T52/><D16/><U26/><E20/><V15/><F1/><W130/><G130/><N who="0" m="49707" /><D116/><N who="3" m="44585" /><G72/><T54/><D122/><U127/><E79/><V11/><F11/><W38/><G82/><T27/><D27/><U90/><E127/><V81/><REACH who="2" step="1"/><F51/><REACH who="2" ten="192,318,235,245" step="2"/><W33/><G33/><T22/><D22/><U135/><E135/><V91/><AGARI ba="0,1" hai="9,15,19,63,66,69,77,81,83,84,87,91,93,94" machi="91" ten="20,8000,1" yaku="1,1,2,1,0,1,7,1,52,1,53,0" doraHai="85" doraHaiUra="3" who="2" fromWho="2" sc="192,-20,318,-40,235,90,245,-20" /><INIT seed="2,0,0,5,3,9" ten="172,278,325,225" oya="2" hai0="122,18,50,89,81,17,135,80,95,48,65,51,67" hai1="73,64,75,1,13,40,11,3,91,115,29,39,43" hai2="23,19,123,56,15,127,77,28,4,87,25,124,92" hai3="131,47,90,41,104,16,84,79,49,66,107,134,114"/><V88/><F123/><W45/><G134/><T42/><D135/><U63/><E115/><V55/><F77/><W129/><G66/><N who="0" m="25099" /><D122/><U83/><E29/><V125/><F4/><W61/><G61/><T44/><D44/><U30/><E30/><V0/><F0/><W62/><G62/><T32/><D42/><U108/><E108/><V2/><F2/><W5/><G5/><T58/><D58/><U78/><E73/><V24/><F28/><W60/><G60/><AGARI ba="0,0" hai="15,19,23,24,25,55,56,60,87,88,92,124,125,127" machi="60" ten="40,7700,0" yaku="18,1,52,1,54,1" doraHai="9" who="2" fromWho="3" sc="172,0,278,0,325,77,225,-77" /><INIT seed="2,1,0,1,4,34" ten="172,278,402,148" oya="2" hai0="84,98,100,63,79,15,131,111,128,126,107,120,36" hai1="122,25,17,14,22,48,69,13,23,39,6,32,28" hai2="134,44,18,60,49,76,51,103,4,94,29,45,33" hai3="108,130,80,72,117,66,121,106,61,115,58,116,97"/><V62/><F76/><W129/><G121/><T92/><D15/><N who="1" m="9535" /><E48/><V47/><F134/><W102/><G108/><T59/><D36/><U105/><E69/><V81/><F81/><W65/><G65/><T26/><D26/><N who="1" m="18455" /><E105/><V133/><F133/><W0/><G0/><T109/><D59/><U54/><E54/><V40/><F4/><W55/><G55/><T85/><D63/><N who="2" m="24106" /><F33/><W83/><G115/><T38/><D38/><U37/><E37/><V56/><F29/><W78/><REACH who="3" step="1"/><G80/><REACH who="3" ten="172,278,402,138" step="2"/><N who="0" m="47135" /><D120/><U50/><E122/><V64/><F64/><W93/><G93/><T119/><D119/><AGARI ba="1,1" hai="58,61,66,72,78,83,97,102,106,116,117,119,129,130" machi="119" ten="40,2600,0" yaku="1,1,53,1" doraHai="34" doraHaiUra="73" who="3" fromWho="0" sc="172,-29,278,0,402,0,138,39" /><INIT seed="3,0,0,3,0,14" ten="143,278,402,177" oya="3" hai0="101,100,104,11,45,32,5,89,34,47,22,41,50" hai1="59,18,4,98,79,23,127,20,42,25,86,94,125" hai2="52,133,63,36,130,82,115,69,75,38,15,65,134" hai3="37,76,103,70,73,87,113,21,91,110,84,51,78"/><W31/><G113/><T64/><D64/><U109/><E109/><V114/><F15/><W107/><G37/><N who="2" m="14441" /><F82/><W126/><G70/><T132/><D132/><N who="2" m="50794" /><F75/><W2/><G2/><T3/><D47/><U7/><E42/><V117/><F117/><W0/><G0/><T8/><D8/><U95/><E59/><N who="2" m="35303" /><F130/><W83/><G73/><T28/><D89/><N who="1" m="53559" /><E79/><V55/><F55/><W105/><G76/><T124/><D124/><N who="1" m="47691" /><E20/><V29/><F29/><W57/><G126/><T81/><D81/><U53/><E53/><V67/><F67/><W106/><G83/><T112/><D28/><U9/><E9/><V119/><F119/><W60/><G78/><T116/><D22/><U108/><E108/><V93/><F93/><W99/><G110/><T12/><D116/><U85/><E85/><V17/><F17/><W54/><G87/><T19/><D19/><U24/><E24/><V77/><F77/><W120/><G31/><T72/><D72/><U61/><E61/><AGARI ba="0,0" hai="61,65,69,114,115" m="35303,50794,14441" machi="61" ten="30,7700,0" yaku="20,1,34,2,54,1" doraHai="14" who="2" fromWho="1" sc="143,0,278,-77,402,77,177,0" /><INIT seed="4,0,0,4,0,19" ten="143,201,479,177" oya="0" hai0="131,6,85,113,55,116,125,62,10,96,77,71,76" hai1="80,2,14,115,29,38,114,47,25,32,100,9,91" hai2="53,3,21,74,101,94,16,82,109,97,134,56,70" hai3="102,52,4,37,106,92,127,8,45,118,105,81,23"/><T63/><D116/><U124/><E2/><V123/><F109/><W78/><G127/><T27/><D125/><U41/><E124/><V130/><F3/><W58/><G92/><T43/><D131/><U128/><E128/><V68/><F123/><W83/><G83/><T103/><D113/><U104/><E100/><V133/><F130/><W28/><G102/><T50/><D43/><U40/><E104/><V86/><F74/><W33/><G33/><T22/><D71/><U129/><E40/><V66/><F66/><W18/><G28/><T122/><D122/><U65/><E65/><V60/><F134/><W88/><G45/><T42/><D42/><U121/><E121/><V79/><F133/><W20/><G37/><T54/><D85/><U49/><E38/><V135/><F135/><W39/><G39/><T72/><D72/><U15/><E129/><V84/><F86/><N who="3" m="50255" /><G4/><T93/><D76/><U1/><E1/><V108/><F108/><W48/><G105/><T46/><D77/><U73/><E91/><V126/><F126/><W112/><G106/><T44/><D10/><U36/><E36/><V99/><F97/><W119/><G112/><N who="1" m="43050" /><E9/><V26/><AGARI ba="0,0" hai="16,21,26,53,56,60,68,70,79,82,84,94,99,101" machi="26" ten="20,5200,0" yaku="0,1,7,1,52,1,54,1" doraHai="19" who="2" fromWho="2" sc="143,-26,201,-13,479,52,177,-13" /><INIT seed="5,0,0,1,1,83" ten="117,188,531,164" oya="1" hai0="82,70,84,76,120,12,117,73,121,6,2,5,27" hai1="62,91,93,11,8,132,36,98,110,127,14,67,42" hai2="96,105,3,37,74,77,101,24,34,35,102,52,113" hai3="130,54,112,56,65,78,97,29,125,71,81,39,95"/><U9/><E127/><V129/><F3/><W43/><G112/><T50/><D117/><U45/><E132/><V103/><F37/><W124/><G130/><T116/><D116/><U59/><REACH who="1" step="1"/><E110/><REACH who="1" ten="117,178,531,164" step="2"/><V18/><F129/><W16/><G124/><T49/><D121/><U33/><E33/><V68/><F34/><W1/><G125/><T134/><D120/><U69/><E69/><V15/><F68/><W41/><G71/><T79/><D134/><U86/><E86/><V90/><F35/><W66/><G1/><T75/><D70/><U10/><E10/><V61/><F74/><W135/><G135/><T46/><D2/><U87/><E87/><V28/><F113/><W53/><G39/><T88/><D75/><U122/><E122/><V60/><F96/><W25/><G97/><T109/><D109/><U126/><E126/><V133/><F133/><W128/><G128/><T123/><D123/><U48/><E48/><V58/><F105/><W13/><G65/><T108/><D108/><U40/><E40/><V63/><F52/><W131/><G43/><N who="0" m="24799" /><D73/><U104/><E104/><V19/><F63/><N who="3" m="38247" /><G41/><T106/><D106/><U92/><E92/><V32/><F61/><W22/><G95/><T7/><D50/><U107/><E107/><V119/><F60/><W20/><G131/><T118/><D118/><U44/><E44/><V51/><F119/><W111/><G111/><T31/><D12/><AGARI ba="0,1" hai="8,9,11,12,14,36,42,45,59,62,67,91,93,98" machi="12" ten="40,2000,0" yaku="1,1,53,0" doraHai="83" doraHaiUra="47" who="1" fromWho="0" sc="117,-20,178,30,531,0,164,0" /><INIT seed="5,1,0,0,4,38" ten="97,208,531,164" oya="1" hai0="57,106,29,135,48,18,49,60,128,39,73,21,32" hai1="109,5,13,115,58,61,98,9,101,113,52,87,100" hai2="22,124,59,107,83,23,104,65,16,79,19,24,53" hai3="35,129,122,4,102,56,81,68,0,71,94,36,67"/><U40/><E109/><V96/><F124/><W43/><G122/><T12/><D135/><U130/><E130/><V99/><F65/><W108/><G56/><T93/><D128/><U8/><E87/><N who="2" m="48639" /><F107/><W28/><G108/><T11/><D106/><U84/><E84/><V117/><F104/><W51/><G51/><T30/><D39/><U15/><E40/><V66/><F66/><W42/><G67/><T64/><D73/><U34/><E34/><V62/><F117/><W121/><G121/><T116/><D116/><U90/><E90/><V134/><F134/><W72/><G94/><T20/><D32/><U91/><E91/><V85/><F85/><W125/><G125/><T110/><D110/><U1/><E1/><V37/><F37/><W54/><G54/><T97/><D21/><U69/><E69/><V63/><F62/><W14/><G102/><T76/><D76/><U41/><E41/><V7/><F7/><W123/><G43/><T33/><D33/><U44/><E44/><V114/><F114/><N who="1" m="43529" /><E98/><V47/><F47/><N who="3" m="24007" /><G123/><T31/><REACH who="0" step="1"/><D20/><REACH who="0" ten="87,208,531,164" step="2"/><U10/><E10/><V112/><F112/><W105/><G129/><T46/><D46/><U88/><E88/><AGARI ba="1,1" hai="11,12,18,29,30,31,48,49,57,60,64,88,93,97" machi="88" ten="40,12000,2" yaku="1,1,8,1,54,1,53,3" doraHai="38" doraHaiUra="27" who="0" fromWho="1" sc="87,133,208,-123,531,0,164,0" /><INIT seed="6,0,0,1,1,116" ten="220,85,531,164" oya="2" hai0="106,76,109,2,14,38,103,54,132,68,115,28,100" hai1="4,33,53,92,60,50,9,3,80,95,121,69,67" hai2="41,98,130,85,26,12,110,78,45,11,117,126,79" hai3="55,118,32,105,57,77,66,101,13,10,122,42,35"/><V7/><F126/><W30/><G118/><T36/><D2/><U46/><E33/><V120/><F130/><W18/><G42/><T127/><D68/><U70/><E69/><V73/><F73/><W58/><G77/><T75/><D109/><U83/><E121/><V111/><F117/><W99/><G30/><T16/><D115/><U39/><E39/><V104/><F26/><W131/><G131/><T49/><D28/><U65/><E65/><V59/><F59/><W63/><REACH who="3" step="1"/><G122/><REACH who="3" ten="220,85,531,154" step="2"/><T112/><D127/><U71/><E71/><V74/><F120/><W113/><G113/><T1/><D112/><U6/><E6/><V43/><F79/><W82/><G82/><T91/><D76/><U5/><E5/><V31/><F31/><W84/><G84/><T20/><D75/><U17/><E17/><V125/><F74/><W90/><G90/><T124/><D91/><U56/><E70/><V29/><F125/><W27/><G27/><T129/><D16/><U87/><REACH who="1" step="1"/><E80/><REACH who="1" ten="220,75,531,154" step="2"/><N who="2" m="47255" /><F29/><W96/><G96/><T61/><D124/><U52/><E52/><V107/><F41/><W128/><G128/><T23/><D54/><U34/><E34/><V88/><F111/><W108/><G108/><T22/><D129/><U51/><E51/><AGARI ba="0,2" hai="10,13,18,32,35,51,55,57,58,63,66,99,101,105" machi="51" ten="30,2000,0" yaku="1,1,7,1,53,0" doraHai="116" doraHaiUra="0" who="3" fromWho="1" sc="220,0,75,-20,531,0,154,40" /><INIT seed="7,0,0,5,4,34" ten="220,55,531,194" oya="3" hai0="102,115,60,106,43,111,6,99,77,83,59,17,11" hai1="109,7,52,48,58,79,57,67,121,84,23,122,56" hai2="28,69,131,38,12,105,90,135,39,62,68,114,80" hai3="127,116,94,55,93,18,36,118,35,86,133,19,88"/><W112/><G112/><T98/><D111/><U26/><E109/><V95/><F105/><W4/><G36/><T126/><D126/><U27/><E7/><V40/><F28/><W123/><G35/><T85/><D115/><U71/><E71/><V51/><F80/><W125/><G133/><T76/><D43/><U0/><E0/><V14/><F114/><W72/><G72/><T64/><D17/><N who="3" m="6153" /><G123/><T13/><D99/><U70/><E70/><V74/><F74/><W41/><G41/><T16/><D6/><U120/><E67/><V97/><F69/><W119/><G55/><T117/><D117/><U25/><E23/><V107/><F107/><W96/><G4/><T24/><D24/><U45/><E84/><V46/><F135/><W42/><G42/><T128/><D128/><U50/><E48/><V10/><F131/><W65/><G65/><T47/><D47/><U54/><E54/><V33/><F33/><W20/><G20/><T44/><D44/><U31/><E79/><AGARI ba="0,0" hai="11,13,16,59,60,64,76,77,79,83,85,98,102,106" machi="79" ten="30,2000,0" yaku="7,1,54,1" doraHai="34" who="0" fromWho="1" sc="220,20,55,-20,531,0,194,0" owari="240,4.0,35,-46.5,531,63.1,194,-20.6" /></mjloggm>