<mjloggm ver="2.3"><GO type="169" lobby="0"/><UN n0="%52%35" n1="%6D%61%74%6F%30%36%30%33" n2="%E5%85%AD%E9%83%A8%E5%9C%AD" n3="%E8%82%89%E5%9B%A3%E5%AD%90%E5%85%88%E7%94%9F" dan="17,17,16,16" rate="2230.23,2201.55,2036.45,2067.63" sx="M,M,M,M"/><TAIKYOKU oya="0"/><INIT seed="0,0,0,3,4,84" ten="250,250,250,250" oya="0" hai0="34,0,101,115,104,60,54,11,21,4,35,33,47" hai1="74,129,45,108,93,131,56,103,95,81,55,87,43" hai2="119,83,70,50,120,79,5,124,80,26,71,12,37" hai3="88,44,32,105,42,117,123,1,40,73,52,65,112"/><T57/><D115/><U61/><E74/><V109/><F37/><W110/><G112/><T78/><D78/><U127/><E108/><V63/><F120/><W25/><G117/><T30/><D104/><U51/><E127/><V14/><F50/><W96/><G65/><T107/><D107/><U58/><E58/><V121/><F26/><W22/><G32/><T125/><D101/><U31/><E31/><V18/><F63/><W118/><G1/><T91/><D125/><U2/><E2/><V76/><F18/><W46/><G73/><T6/><D6/><U97/><REACH who="1" step="1"/><E95/><REACH who="1" ten="250,240,250,250" step="2"/><V86/><F109/><W94/><G110/><T3/><D3/><U89/><AGARI ba="0,1" hai="43,45,51,55,56,61,81,87,89,93,97,103,129,131" machi="89" ten="30,8000,1" yaku="1,1,2,1,0,1,52,1,53,1" doraHai="84" doraHaiUra="53" who="1" fromWho="1" sc="250,-40,240,90,250,-20,250,-20" /><INIT seed="1,0,0,4,3,47" ten="210,330,230,230" oya="1" hai0="45,42,81,92,118,132,88,50,83,16,85,1,114" hai1="131,94,61,123,54,39,134,53,133,56,31,9,6" hai2="0,106,35,59,51,2,124,104,23,102,21,99,103" hai3="60,74,79,125,115,41,105,7,5,38,90,12,107"/><U69/><E123/><V3/><F35/><W87/><G115/><T67/><D132/><N who="1" m="50795" /><E39/><V11/><F124/><W135/><G135/><T117/><D114/><U55/><E131/><V126/><F11/><W86/><G74/><T34/><D1/><N who="1" m="207" /><E69/><V108/><F108/><W129/><G41/><T20/><D34/><U101/><E31/><V48/><F126/><W68/><G38/><T76/><D67/><U30/><E30/><V52/><F51/><W25/><G79/><T43/><D43/><U91/><E101/><V73/><F73/><W19/><G5/><T17/><D17/><U40/><E40/><V26/><F26/><W22/><G7/><T62/><D62/><U111/><E111/><V33/><F33/><W121/><G25/><T130/><D130/><U29/><E29/><V18/><F18/><W110/><G110/><T93/><D93/><U66/><E66/><V72/><F72/><W113/><G113/><T44/><D44/><U37/><E37/><V75/><F75/><W32/><G32/><T127/><D127/><U46/><E46/><V109/><F109/><W112/><G112/><T128/><D128/><U65/><E65/><V97/><AGARI ba="0,0" hai="0,2,3,21,23,48,52,59,97,99,102,103,104,106" machi="97" ten="40,8000,1" yaku="0,1,9,1,52,1,54,1" doraHai="47" who="2" fromWho="2" sc="210,-20,330,-40,230,80,230,-20" /><INIT seed="2,0,0,2,1,67" ten="190,290,310,210" oya="2" hai0="112,6,47,53,8,79,56,43,117,115,30,31,12" hai1="95,116,27,68,1,22,60,100,85,63,3,128,91" hai2="108,20,35,49,127,38,70,72,109,131,66,106,123" hai3="64,23,61,13,0,40,97,44,50,78,134,16,121"/><V54/><RYUUKYOKU type="yao9" ba="0,0" sc="190,0,290,0,310,0,210,0" hai2="20,35,38,49,54,66,70,72,106,108,109,123,127,131" /><INIT seed="2,1,0,3,5,26" ten="190,290,310,210" oya="2" hai0="71,96,61,103,30,7,19,38,114,9,102,50,110" hai1="87,81,24,75,33,80,58,123,64,41,47,99,15" hai2="21,107,84,2,70,121,39,126,23,0,59,78,133" hai3="54,108,90,134,34,92,16,5,91,3,131,127,66"/><V83/><F70/><W74/><G108/><T98/><D38/><U44/><E75/><V95/><F107/><W17/><G74/><T135/><D135/><U10/><E123/><V65/><F121/><W62/><G134/><T89/><D114/><U118/><E118/><V45/><F133/><W125/><G34/><T76/><D76/><U4/><E99/><V116/><F116/><W101/><G54/><T79/><D79/><U67/><E58/><V63/><F126/><N who="3" m="48139" /><G131/><T55/><D19/><N who="3" m="7241" /><G5/><T52/><D110/><U37/><E47/><V1/><REACH who="2" step="1"/><F95/><REACH who="2" ten="190,290,300,210" step="2"/><W82/><G82/><T112/><D71/><U6/><E81/><V20/><F20/><W73/><G73/><T111/><D111/><U129/><E80/><V13/><F13/><W97/><G3/><T11/><D112/><U32/><E15/><V14/><F14/><W42/><G42/><AGARI ba="1,1" hai="0,1,2,21,23,39,42,45,59,63,65,78,83,84" machi="42" ten="40,2000,0" yaku="1,1,53,0" doraHai="26" doraHaiUra="94" who="2" fromWho="3" sc="190,0,290,0,300,33,210,-23" /><INIT seed="2,2,0,4,1,104" ten="190,290,333,187" oya="2" hai0="101,42,22,64,60,15,26,36,103,121,2,4,125" hai1="25,132,20,27,92,76,41,14,30,122,84,99,40" hai2="67,82,131,86,9,129,35,58,44,112,80,57,10" hai3="100,62,97,89,128,13,134,106,83,29,75,55,65"/><V108/><F112/><W50/><G128/><N who="2" m="49225" /><F35/><W124/><G134/><T56/><D121/><U48/><E122/><V18/><F108/><W16/><G29/><T93/><D125/><U88/><E132/><V117/><F117/><W63/><G124/><T90/><D2/><U21/><E14/><N who="2" m="7503" /><F44/><W24/><G24/><T54/><D42/><U73/><E73/><V98/><F98/><W46/><G65/><T1/><D36/><U115/><E115/><V49/><F10/><W6/><G6/><T32/><D32/><U53/><E76/><V12/><F12/><W37/><G37/><T133/><D1/><U126/><E126/><V71/><F49/><W113/><G113/><T69/><D4/><U107/><E107/><V102/><F102/><W111/><G111/><T94/><D15/><U38/><E99/><V119/><F119/><W110/><G110/><T59/><D103/><U11/><E11/><V109/><F109/><W47/><G47/><T66/><D133/><U87/><E87/><V78/><F80/><W95/><G106/><T70/><D94/><U77/><E77/><V105/><F105/><W91/><G100/><T51/><D101/><U33/><E38/><V39/><F39/><W7/><G7/><T120/><D120/><U135/><E135/><V3/><F3/><W114/><G114/><T74/><D74/><U72/><E72/><V17/><F17/><W28/><G28/><N who="0" m="17495" /><D93/><U130/><E130/><V85/><F85/><N who="3" m="50367" /><G75/><T8/><D8/><AGARI ba="2,0" hai="8,13,16,46,50,55,62,63,91,95,97" m="50367" machi="8" ten="30,3900,0" yaku="25,1,8,1,54,1" doraHai="104" who="3" fromWho="0" sc="190,-45,290,0,333,0,187,45" /><INIT seed="3,0,0,5,1,81" ten="145,290,333,232" oya="3" hai0="127,83,29,22,102,91,123,10,41,70,6,95,15" hai1="27,116,61,40,42,93,75,62,99,33,119,55,56" hai2="109,79,125,49,74,64,47,45,108,110,107,2,120" hai3="72,44,57,112,36,104,31,130,84,11,115,114,58"/><W77/><G104/><T38/><D127/><U52/><E75/><V80/><F2/><W132/><G72/><T92/><D123/><U50/><E33/><V73/><F107/><W9/><G132/><T124/><D124/><U103/><E27/><V126/><F120/><W67/><G31/><T98/><D70/><U1/><E1/><V101/><F73/><W26/><G26/><T94/><D38/><U48/><E119/><V16/><F101/><W65/><G130/><T111/><D111/><U63/><REACH who="1" step="1"/><E116/><REACH who="1" ten="145,280,333,232" step="2"/><V39/><F126/><W76/><G115/><T85/><D29/><U121/><E121/><V90/><F125/><W135/><G135/><T134/><D134/><U59/><AGARI ba="0,1" hai="40,42,48,50,52,55,56,59,61,62,63,93,99,103" machi="59" ten="30,8000,1" yaku="1,1,0,1,9,1,8,1,54,1,53,0" doraHai="81" doraHaiUra="35" who="1" fromWho="1" sc="145,-20,280,90,333,-20,232,-40" /><INIT seed="4,0,0,5,5,58" ten="125,370,313,192" oya="0" hai0="56,37,135,31,100,98,59,130,119,110,73,79,61" hai1="49,77,108,2,10,91,94,129,39,69,78,103,87" hai2="133,96,13,62,81,43,44,53,17,88,38,32,12" hai3="60,122,123,71,125,83,47,86,11,20,111,104,57"/><T72/><D119/><U75/><E108/><V52/><F32/><W105/><G111/><T115/><D110/><U15/><E39/><V66/><F133/><W51/><G125/><T27/><D37/><U106/><E2/><V64/><F64/><W121/><G71/><T85/><D135/><U63/><E129/><V101/><F12/><W90/><G20/><T107/><D130/><U70/><E49/><V134/><F134/><W126/><G11/><T35/><D115/><U28/><E28/><V113/><F113/><W67/><REACH who="3" step="1"/><G126/><REACH who="3" ten="125,370,313,182" step="2"/><T8/><D8/><U36/><E70/><V82/><F38/><W118/><G118/><T14/><D14/><U45/><E69/><V21/><F21/><W74/><G74/><T19/><D19/><U55/><E75/><V23/><F23/><W97/><G97/><T76/><D72/><U22/><E22/><V80/><F96/><W127/><G127/><T68/><D73/><U109/><E109/><V41/><F13/><W6/><G6/><T95/><D68/><U89/><E15/><V5/><F17/><W3/><G3/><T99/><D85/><U65/><E10/><V34/><F5/><W18/><G18/><T48/><D99/><U4/><E4/><V16/><F16/><W33/><G33/><T7/><D7/><U25/><E36/><V26/><F34/><W54/><AGARI ba="0,1" hai="47,51,54,57,60,67,83,86,90,104,105,121,122,123" machi="54" ten="30,7900,0" yaku="1,1,0,1,13,1,52,1,53,0" doraHai="58" doraHaiUra="120" who="3" fromWho="3" sc="125,-39,370,-20,313,-20,182,89" /><INIT seed="5,0,0,4,2,96" ten="86,350,293,271" oya="1" hai0="104,39,3,0,15,86,30,134,50,89,103,131,27" hai1="57,45,42,129,69,78,90,81,26,113,44,16,114" hai2="93,135,10,123,5,66,35,128,53,20,75,36,18" hai3="61,119,116,71,33,84,51,106,1,14,47,22,117"/><U88/><E69/><V83/><F35/><W95/><G33/><T105/><D131/><U46/><E129/><V25/><F128/><W118/><G1/><T98/><D134/><U76/><E42/><V70/><F123/><W24/><G106/><T102/><D39/><U52/><E26/><V54/><F36/><W4/><G4/><T17/><D50/><N who="1" m="30871" /><E16/><V19/><F135/><W60/><G14/><T34/><D104/><U101/><E101/><V133/><F18/><W110/><G110/><T125/><D125/><U107/><E107/><V48/><F66/><W111/><G111/><T68/><D68/><U23/><E23/><V9/><F70/><W38/><G38/><T67/><D67/><U120/><E120/><V74/><F54/><W77/><G71/><T64/><D64/><U49/><E49/><V55/><F55/><W8/><G8/><T100/><D0/><U59/><E59/><V37/><F10/><W108/><G108/><T91/><D3/><U126/><E126/><V11/><F11/><W87/><G116/><T72/><D72/><N who="1" m="43143" /><E78/><V43/><F133/><W85/><G77/><T124/><D124/><U63/><E63/><V112/><F43/><N who="3" m="25087" /><G60/><T32/><D32/><U80/><E80/><V58/><F37/><W13/><G61/><T40/><D40/><U73/><E73/><N who="2" m="27659" /><F83/><W127/><G127/><T94/><D91/><U121/><E121/><V65/><F65/><W2/><G2/><T62/><D62/><U41/><E41/><V130/><F130/><W79/><G79/><T109/><D109/><U132/><E132/><V122/><F122/><RYUUKYOKU ba="0,0" sc="86,15,350,15,293,-15,271,-15" hai0="15,17,27,30,34,86,89,94,98,100,102,103,105" hai1="44,45,46,88,90,113,114" /><INIT seed="5,1,0,1,0,96" ten="101,365,278,256" oya="1" hai0="95,42,100,21,122,81,94,1,84,68,131,69,62" hai1="90,26,111,89,52,124,44,118,86,17,32,67,50" hai2="99,36,27,24,47,78,60,41,9,132,40,93,82" hai3="18,125,30,127,75,102,12,5,71,98,135,80,134"/><U2/><E118/><V128/><F128/><W38/><G71/><T43/><D1/><U11/><E124/><N who="3" m="47690" /><G38/><T72/><D72/><U87/><E111/><V13/><F132/><W55/><G30/><T49/><D122/><U35/><E67/><V34/><F34/><W29/><G29/><T88/><D131/><U6/><E17/><V85/><F60/><W76/><G55/><T114/><D114/><U4/><E4/><V101/><REACH who="2" step="1"/><F41/><REACH who="2" ten="101,365,268,256" step="2"/><W105/><G5/><AGARI ba="1,1" hai="5,9,13,24,27,36,40,47,78,82,85,93,99,101" machi="5" ten="30,7700,0" yaku="1,1,2,1,7,1,52,1,53,0" doraHai="96" doraHaiUra="31" who="2" fromWho="3" sc="101,0,365,0,268,90,256,-80" /><INIT seed="6,0,0,3,5,23" ten="101,365,358,176" oya="2" hai0="92,125,108,56,6,2,43,115,26,58,100,123,9" hai1="51,85,48,72,80,62,134,66,60,3,74,59,61" hai2="47,132,67,121,35,0,126,91,25,111,10,118,98" hai3="1,103,90,93,78,119,11,71,52,14,96,57,112"/><V5/><F118/><W33/><G119/><T49/><D115/><U128/><E3/><V105/><F121/><W106/><G71/><T101/><D125/><U89/><E128/><V36/><F91/><W110/><G33/><T122/><D108/><U76/><E134/><V94/><F94/><W4/><G110/><T68/><D68/><U7/><E7/><V53/><F53/><W50/><G78/><T17/><D122/><U46/><E74/><V37/><F111/><W27/><G27/><T88/><D123/><U16/><E16/><V63/><F47/><W116/><G116/><T41/><D101/><U44/><E44/><V131/><F126/><W8/><G112/><T117/><D100/><U22/><E22/><V70/><F131/><W109/><G109/><T73/><D73/><U12/><E12/><V114/><F132/><W87/><G8/><T81/><D81/><U75/><E75/><V21/><F114/><W82/><REACH who="3" step="1"/><G1/><REACH who="3" ten="101,365,358,166" step="2"/><T77/><D77/><U65/><E76/><V31/><F21/><W127/><G127/><T130/><D117/><U55/><REACH who="1" step="1"/><E72/><REACH who="1" ten="101,355,358,166" step="2"/><V124/><F124/><W69/><G69/><T99/><D130/><U84/><E84/><V104/><F98/><W28/><G28/><T19/><D99/><U79/><E79/><V29/><F29/><W133/><G133/><T113/><D113/><U95/><E95/><AGARI ba="0,2" hai="4,11,14,50,52,57,82,87,90,93,95,96,103,106" machi="95" ten="40,2600,0" yaku="1,1,54,1,53,0" doraHai="23" doraHaiUra="64" who="3" fromWho="1" sc="101,0,355,-26,358,0,166,46" /><INIT seed="7,0,0,0,4,135" ten="101,329,358,212" oya="3" hai0="98,125,27,117,33,119,57,100,72,13,97,16,68" hai1="42,132,107,95,21,80,123,60,113,121,26,56,134" hai2="130,114,66,101,38,75,5,74,61,18,2,51,81" hai3="124,47,79,111,78,73,48,94,4,109,30,55,104"/><W44/><G104/><T116/><D68/><U127/><E107/><V133/><F38/><W25/><G4/><T7/><D72/><U105/><E105/><V77/><F74/><W65/><G65/><T36/><D36/><U46/><E80/><V15/><F133/><N who="1" m="51305" /><E95/><V22/><F114/><W122/><G122/><N who="1" m="46602" /><E21/><V19/><F130/><W128/><G128/><T115/><D115/><U3/><E26/><V8/><F19/><W69/><G69/><T28/><D7/><U96/><E96/><V85/><F51/><W41/><G73/><T45/><D45/><U54/><E3/><V29/><F101/><W131/><G131/><T35/><D35/><U92/><E92/><V91/><F29/><W23/><G94/><T126/><D57/><U6/><E6/><V84/><F91/><W103/><G103/><T31/><D31/><U34/><E34/><V87/><F75/><W14/><G79/><T9/><REACH who="0" step="1"/><D100/><REACH who="0" ten="91,329,358,212" step="2"/><U86/><E113/><V67/><F67/><W120/><G30/><T12/><D12/><U93/><E46/><V49/><F49/><W63/><G14/><T53/><D53/><U118/><E42/><V102/><F102/><W52/><G47/><T58/><D58/><AGARI ba="0,1" hai="2,5,8,15,18,22,58,61,66,77,81,84,85,87" machi="58" ten="30,1000,0" yaku="7,1" doraHai="135" who="2" fromWho="0" sc="91,-10,329,0,358,20,212,0" owari="81,-41.9,329,12.9,378,47.8,212,-18.8" /></mjloggm>