<mjloggm ver="2.3"><GO type="169" lobby="0"/><UN n0="%E7%88%86%E7%89%8C%E3%82%A6%E3%82%B7%E3%82%B8%E3%83%9E%E3%81%8F%E3%82%93" n1="%6D%61%62%75%69" n2="%E7%8C%AA%E7%8B%A9%E5%AE%88" n3="%74%34%63%34%32%32" dan="19,16,17,16" rate="2244.15,2052.76,2187.75,2116.81" sx="M,M,M,M"/><TAIKYOKU oya="0"/><INIT seed="0,0,0,0,1,101" ten="250,250,250,250" oya="0" hai0="120,32,121,15,110,119,5,130,116,105,55,4,1" hai1="98,59,6,117,8,37,73,118,38,12,97,46,134" hai2="76,45,89,70,14,127,85,41,63,132,10,44,114" hai3="75,56,93,87,78,21,61,23,83,30,51,52,29"/><T107/><D55/><U40/><E38/><V36/><F114/><W106/><G106/><N who="0" m="40459" /><D15/><U103/><E73/><V99/><F99/><W94/><G75/><T122/><D32/><U108/><E98/><V24/><F76/><W126/><G126/><T91/><D91/><U0/><E134/><V77/><F132/><W42/><G21/><T35/><D35/><U123/><E123/><V115/><F127/><W18/><G42/><T3/><D110/><U13/><E108/><V57/><F77/><W11/><G11/><N who="0" m="2447" /><D130/><U67/><E13/><V124/><F124/><W96/><G51/><T128/><D128/><U90/><E90/><V49/><F115/><W20/><G20/><T95/><D95/><N who="3" m="36361" /><G96/><T64/><D64/><U113/><E113/><V53/><F24/><AGARI ba="0,0" hai="18,23,24,29,30,52,56,61,78,83,87" m="36361" machi="24" ten="30,2000,0" yaku="8,1,54,1" doraHai="101" who="3" fromWho="2" sc="250,0,250,0,250,-20,250,20" /><INIT seed="1,0,0,4,0,16" ten="250,250,230,270" oya="1" hai0="97,65,134,119,31,66,62,11,106,72,44,57,9" hai1="74,104,110,38,121,6,2,70,88,1,79,53,130" hai2="64,126,116,95,101,0,84,52,82,23,5,75,35" hai3="32,125,10,131,113,12,55,29,128,40,132,118,89"/><U42/><E121/><V25/><F116/><W39/><G118/><T19/><D119/><U102/><E70/><V112/><F126/><W83/><G113/><T105/><D72/><U135/><E130/><N who="3" m="49706" /><G40/><T58/><D134/><U127/><E127/><V14/><F112/><W36/><G125/><T41/><D31/><U92/><E135/><V49/><F0/><W94/><G83/><T22/><D105/><U60/><E6/><V15/><F5/><W103/><G103/><T117/><D117/><U111/><E102/><V96/><F75/><W28/><G55/><T13/><D97/><U85/><E104/><V63/><F35/><W4/><G132/><T7/><D106/><U67/><E67/><V124/><F124/><W68/><G68/><T46/><D41/><U90/><E90/><N who="2" m="51479" /><F63/><W108/><G108/><N who="1" m="41514" /><E38/><N who="3" m="14378" /><G32/><T133/><D133/><U122/><E42/><V100/><F64/><W109/><G109/><T37/><D37/><U86/><E74/><V115/><F101/><W76/><G76/><T8/><D7/><U18/><E122/><V50/><F50/><W56/><G56/><T33/><D33/><U61/><E79/><V3/><F115/><W34/><G34/><T17/><D19/><U30/><E30/><N who="2" m="17727" /><F3/><N who="1" m="1033" /><E86/><AGARI ba="0,0" hai="4,10,12,28,29,86,89,94" m="14378,49706" machi="86" ten="30,1000,0" yaku="19,1" doraHai="16" who="3" fromWho="1" sc="250,0,250,-10,230,0,270,10" /><INIT seed="2,0,0,1,4,102" ten="250,240,230,280" oya="2" hai0="70,118,124,14,89,103,78,7,12,15,13,27,60" hai1="54,37,104,87,2,93,46,114,65,41,1,71,72" hai2="26,121,84,25,134,79,31,0,28,132,30,105,21" hai3="18,119,110,23,125,35,10,29,97,90,120,106,52"/><V19/><F121/><W109/><G120/><T69/><D124/><U100/><E114/><V112/><F79/><W40/><G119/><T61/><D118/><U32/><E87/><V76/><F76/><W131/><G40/><T74/><D78/><U44/><E93/><V108/><F84/><W133/><G131/><T123/><D74/><U75/><E54/><V94/><F94/><W22/><G35/><T82/><D123/><U38/><E32/><V83/><F83/><W128/><G128/><T64/><D103/><U59/><E59/><V57/><F57/><W96/><G125/><T101/><D101/><U24/><E24/><N who="2" m="9323" /><F112/><W39/><G39/><T88/><D27/><U135/><E46/><V5/><F105/><W116/><G116/><T117/><D82/><U130/><E38/><V55/><F55/><W8/><G52/><T58/><D117/><U91/><E91/><V20/><F108/><W85/><G85/><T66/><REACH who="0" step="1"/><D58/><REACH who="0" ten="240,240,230,280" step="2"/><U42/><E130/><V56/><F56/><W51/><G109/><T9/><AGARI ba="0,1" hai="7,9,12,13,14,15,60,61,64,66,69,70,88,89" machi="9" ten="30,8000,1" yaku="1,1,2,1,0,1,9,1,54,1,53,0" doraHai="102" doraHaiUra="49" who="0" fromWho="0" sc="240,90,240,-20,230,-40,280,-20" /><INIT seed="3,0,0,1,4,131" ten="330,220,190,260" oya="3" hai0="24,73,99,37,3,107,130,29,38,84,126,76,27" hai1="110,109,98,113,20,74,12,48,88,112,83,125,135" hai2="23,10,85,44,119,25,56,75,61,15,128,45,19" hai3="26,120,33,55,16,60,40,66,62,103,106,115,41"/><W0/><G120/><T17/><D3/><U80/><E20/><V21/><F75/><W123/><G123/><T94/><D130/><U71/><E12/><V97/><F119/><W93/><G0/><T43/><D126/><U133/><E71/><V117/><F117/><W87/><G33/><T95/><D107/><U124/><E48/><V114/><F114/><W46/><G106/><T86/><D73/><U90/><E74/><V51/><F128/><W53/><G115/><T34/><D43/><N who="3" m="16457" /><G46/><T30/><D17/><U1/><E1/><V104/><F51/><W35/><G35/><T36/><D76/><U116/><E116/><V58/><F58/><N who="3" m="37143" /><G62/><T102/><D94/><U68/><E68/><V28/><F104/><W77/><G103/><T91/><D102/><U50/><E50/><V70/><F70/><W111/><G111/><T22/><AGARI ba="0,0" hai="22,24,27,29,30,34,36,37,38,84,86,91,95,99" machi="22" ten="30,1100,0" yaku="0,1" doraHai="131" who="0" fromWho="0" sc="330,11,220,-3,190,-3,260,-5" /><INIT seed="4,0,0,5,4,80" ten="341,217,187,255" oya="0" hai0="3,105,131,2,55,116,85,36,0,112,25,69,81" hai1="30,75,29,52,117,17,79,71,87,111,127,61,11" hai2="1,97,6,27,47,98,126,83,39,37,92,50,66" hai3="42,28,10,107,46,104,16,33,15,70,78,113,84"/><T95/><D116/><U88/><E117/><V91/><F126/><W48/><G70/><T19/><D105/><U90/><E111/><V32/><F66/><W102/><G113/><T22/><D36/><U108/><E108/><V120/><F120/><W65/><G65/><T124/><D124/><U57/><E71/><V89/><F6/><W82/><REACH who="3" step="1"/><G102/><REACH who="3" ten="341,217,187,245" step="2"/><T74/><D112/><U100/><E100/><V21/><F1/><W123/><G123/><T67/><D69/><U86/><E127/><V135/><F135/><W99/><G99/><T63/><D67/><U26/><E75/><V96/><F98/><W44/><G44/><T41/><D74/><U115/><E115/><V134/><F134/><W93/><G93/><T54/><D95/><N who="1" m="54743" /><E79/><V7/><F97/><W35/><G35/><T59/><D2/><U119/><E119/><V43/><F32/><W38/><G38/><T8/><D0/><U58/><E58/><V122/><F122/><W24/><AGARI ba="0,1" hai="10,15,16,24,28,33,42,46,48,78,82,84,104,107" machi="24" ten="30,8000,1" yaku="1,1,0,1,52,1,54,1,53,1" doraHai="80" doraHaiUra="9" who="3" fromWho="3" sc="341,-40,217,-20,187,-20,245,90" /><INIT seed="5,0,0,1,2,14" ten="301,197,167,335" oya="1" hai0="62,133,32,23,0,131,76,7,85,117,71,52,54" hai1="89,8,93,47,55,38,72,56,65,84,68,124,94" hai2="83,58,26,130,106,120,103,101,42,43,44,30,51" hai3="81,28,15,128,126,9,70,36,35,121,18,123,41"/><U116/><E116/><V92/><F120/><W27/><G70/><T40/><D32/><U114/><E114/><V134/><F106/><W21/><G128/><T100/><D117/><U91/><E72/><V57/><F130/><W13/><G81/><T4/><D131/><U59/><E124/><V107/><F107/><W24/><G41/><T64/><D133/><U48/><E38/><V73/><F42/><W22/><G36/><T20/><D40/><U97/><E68/><V98/><F103/><W122/><G126/><T109/><D100/><U86/><E65/><V16/><F30/><N who="3" m="19911" /><G13/><T111/><D0/><U82/><REACH who="1" step="1"/><E8/><AGARI ba="0,0" hai="8,9,15,18,21,22,27,28,121,122,123" m="19911" machi="8" ten="30,3900,0" yaku="34,2,52,1" doraHai="14" who="3" fromWho="1" sc="301,0,197,-39,167,0,335,39" /><INIT seed="6,0,0,0,3,10" ten="301,158,167,374" oya="2" hai0="8,88,59,34,13,100,126,48,49,108,3,38,52" hai1="102,32,58,51,113,24,128,114,97,115,90,80,130" hai2="92,71,29,98,75,37,110,46,72,68,2,19,104" hai3="4,109,103,40,50,64,27,6,95,77,129,67,73"/><V116/><F116/><W1/><G109/><T122/><D108/><U76/><E32/><V28/><F110/><W26/><G129/><T62/><D122/><U85/><E24/><N who="3" m="9258" /><G73/><T86/><D126/><U61/><E51/><V12/><F2/><W74/><G74/><T106/><D38/><U87/><E58/><V63/><F104/><W120/><G77/><T53/><D34/><U25/><E25/><V81/><F75/><W14/><G1/><T112/><D3/><U107/><E61/><V43/><F81/><AGARI ba="0,0" hai="76,80,81,85,87,90,97,102,107,113,114,115,128,130" machi="81" ten="50,8000,1" yaku="15,1,34,3" doraHai="10" who="1" fromWho="2" sc="301,0,158,80,167,-80,374,0" /><INIT seed="7,0,0,5,4,74" ten="301,238,87,374" oya="3" hai0="58,6,113,123,129,24,75,104,82,102,39,119,59" hai1="91,67,81,52,42,94,62,14,64,43,69,101,117" hai2="133,112,13,125,10,132,128,32,61,121,107,21,30" hai3="92,3,108,99,51,83,11,109,22,15,130,8,41"/><W49/><G130/><T118/><D129/><U38/><E101/><V31/><F61/><W33/><G33/><T88/><D39/><U5/><E117/><V127/><F107/><W78/><G3/><T68/><D123/><U25/><E25/><V111/><F111/><N who="3" m="42571" /><G22/><T56/><D68/><U98/><E67/><V12/><F128/><W86/><G41/><T95/><D6/><U46/><E43/><V0/><F21/><W135/><G135/><T93/><D24/><U72/><E5/><V105/><F105/><W71/><G71/><T17/><D17/><U63/><E63/><V87/><F87/><W77/><G77/><T2/><D2/><U16/><E81/><V85/><F85/><W122/><G122/><T124/><D124/><U100/><E72/><V120/><F0/><W116/><G116/><T79/><D113/><U7/><E7/><V89/><F89/><N who="3" m="55695" /><G8/><T34/><D34/><U23/><E91/><V50/><F50/><W70/><G70/><T55/><D95/><U73/><E73/><V29/><F112/><W53/><G53/><T45/><D55/><U134/><E134/><V60/><F60/><W36/><G36/><T48/><D48/><U97/><E97/><V106/><F106/><W18/><AGARI ba="0,0" hai="11,15,18,49,51,78,83,86" m="55695,42571" machi="18" ten="30,3000,0" yaku="10,1,52,1" doraHai="74" who="3" fromWho="3" sc="301,-10,238,-10,87,-10,374,30" owari="291,9.1,228,-17.2,77,-42.3,404,50.4" /></mjloggm>