<mjloggm ver="2.3"><GO type="169" lobby="0"/><UN n0="%48%79" n1="%E3%83%A8%E3%82%B3%E3%83%86%E3%82%A3%E3%83%B3%40" n2="%E4%BA%BA%E7%8B%BC" n3="%E3%83%8E%E3%82%AA%E3%83%81%E3%83%A3%E3%83%99%E3%82%B9" dan="16,16,16,16" rate="2128.58,2107.28,2054.35,2135.81" sx="F,M,M,M"/><TAIKYOKU oya="0"/><INIT seed="0,0,0,4,5,20" ten="250,250,250,250" oya="0" hai0="64,102,40,85,89,122,13,114,92,100,59,65,44" hai1="38,29,70,50,117,30,104,15,36,74,43,105,56" hai2="57,72,131,22,75,127,88,16,9,76,62,125,83" hai3="98,93,113,41,25,42,47,77,8,80,73,11,97"/><T34/><D114/><U134/><E56/><V69/><F69/><W87/><G42/><T31/><D122/><U45/><E117/><V132/><F132/><W67/><G113/><T37/><D13/><U17/><E70/><V27/><F131/><W60/><G73/><T48/><D37/><U79/><E36/><V130/><F130/><W133/><G133/><T123/><D123/><U110/><E134/><V82/><F9/><W78/><G77/><T119/><D119/><U135/><E135/><V2/><F2/><W24/><G11/><T49/><D49/><U10/><E110/><V58/><F75/><W32/><G32/><T84/><D84/><U61/><E61/><V95/><F82/><W103/><G98/><T109/><D109/><U118/><E79/><V54/><REACH who="2" step="1"/><F58/><REACH who="2" ten="250,250,240,250" step="2"/><W1/><G8/><T108/><D108/><U81/><E81/><V107/><F107/><W52/><G1/><T126/><D59/><U86/><E74/><V5/><F5/><W7/><G7/><T129/><D129/><U4/><E104/><V26/><F26/><W111/><G111/><T51/><D126/><U91/><E105/><V94/><F94/><W6/><G6/><T3/><D3/><U96/><E4/><V39/><F39/><W99/><G93/><T128/><D128/><U63/><E38/><V112/><F112/><W124/><G80/><T55/><D92/><U21/><E10/><V101/><F101/><W14/><G103/><T33/><D102/><U53/><E118/><V28/><F28/><W106/><G124/><T19/><D100/><U66/><E29/><RYUUKYOKU ba="0,1" sc="250,-10,250,-10,240,30,250,-10" hai2="16,22,27,54,57,62,72,76,83,88,95,125,127" /><INIT seed="1,1,1,4,2,103" ten="240,240,270,240" oya="1" hai0="7,18,124,35,112,109,120,83,119,11,70,12,57" hai1="52,114,115,96,36,61,94,31,84,22,133,80,71" hai2="75,108,2,50,65,132,127,135,129,25,111,32,45" hai3="34,131,23,0,41,73,44,19,72,38,79,33,17"/><U128/><E128/><V3/><F75/><W14/><G0/><T64/><D70/><U113/><E36/><V8/><F65/><W10/><G131/><T78/><D112/><U48/><E133/><N who="2" m="51275" /><F129/><W46/><G46/><T63/><D119/><U1/><E1/><N who="2" m="11" /><F50/><W77/><G73/><T85/><D109/><N who="2" m="42058" /><F45/><W4/><G4/><T59/><D59/><U62/><E71/><V21/><F127/><W16/><G19/><T47/><D124/><U51/><E51/><V93/><F93/><W101/><G101/><T49/><D120/><U110/><E110/><V15/><F32/><W125/><G125/><T102/><D102/><N who="1" m="60695" /><E113/><V67/><F67/><W122/><G122/><T37/><D35/><U30/><E115/><V69/><F69/><W123/><G123/><T88/><D37/><U104/><E104/><V58/><F58/><W82/><G79/><T27/><D78/><N who="1" m="46103" /><E114/><V56/><F56/><W43/><REACH who="3" step="1"/><G41/><REACH who="3" ten="240,240,270,230" step="2"/><T9/><D47/><N who="1" m="27679" /><E30/><N who="2" m="17711" /><F15/><AGARI ba="1,2" hai="10,14,15,16,17,23,33,34,38,43,44,72,77,82" machi="15" ten="30,3900,0" yaku="1,1,7,1,54,1,53,0" doraHai="103" doraHaiUra="89" who="3" fromWho="2" sc="240,0,240,0,270,-42,230,62" /><INIT seed="2,0,0,4,4,79" ten="240,240,228,292" oya="2" hai0="81,53,83,50,95,45,102,99,93,88,3,132,44" hai1="5,0,17,49,27,116,7,64,54,71,6,4,119" hai2="59,46,24,38,112,113,111,31,97,118,23,47,90" hai3="65,128,2,130,87,123,114,92,107,115,1,16,122"/><V15/><F118/><W10/><G65/><T101/><D3/><N who="3" m="1033" /><G87/><N who="0" m="52383" /><D132/><U29/><E0/><V20/><F38/><W43/><G92/><N who="0" m="58599" /><D44/><U28/><E64/><V70/><F70/><W52/><G43/><T12/><D12/><U104/><E104/><V124/><F124/><W84/><G84/><T42/><D42/><U75/><E75/><V78/><F111/><W35/><G35/><T94/><D94/><U76/><E76/><V98/><F90/><W109/><G107/><T86/><D86/><U110/><E71/><V125/><F125/><W89/><G89/><T129/><D129/><N who="3" m="49769" /><G52/><T58/><D45/><N who="1" m="27951" /><E110/><V69/><F47/><W56/><G56/><T33/><D33/><U117/><E117/><V21/><F46/><W61/><G61/><T120/><D120/><N who="3" m="46121" /><G109/><T73/><D73/><U60/><E60/><V22/><F59/><W80/><G80/><T40/><D40/><U131/><E131/><V135/><F69/><W48/><G48/><T11/><D11/><U126/><E119/><V14/><F98/><AGARI ba="0,0" hai="50,53,58,81,83,95,98,102" m="58599,52383" machi="98" ten="30,7700,0" yaku="8,1,52,2,54,1" doraHai="79" who="0" fromWho="2" sc="240,77,240,0,228,-77,292,0" /><INIT seed="3,0,0,5,3,100" ten="317,240,151,292" oya="3" hai0="21,99,16,51,106,52,69,130,132,4,41,90,7" hai1="122,81,76,48,98,131,82,9,80,70,68,121,119" hai2="11,102,111,114,87,133,107,33,67,72,0,50,66" hai3="56,29,35,43,64,62,23,37,59,104,103,74,30"/><W128/><G74/><T53/><D69/><U85/><E131/><V86/><F111/><W71/><G128/><T47/><D130/><U118/><E9/><V34/><F114/><W40/><G23/><T24/><D132/><U22/><E22/><V10/><F50/><W18/><G18/><T113/><D113/><U20/><E20/><V105/><F102/><W45/><G30/><T79/><D79/><U5/><E5/><N who="0" m="2121" /><D106/><U116/><E48/><V78/><F78/><W125/><G43/><T13/><D13/><U123/><E70/><V84/><F87/><W126/><G59/><T93/><AGARI ba="0,0" hai="16,21,24,41,47,51,52,53,90,93,99" m="2121" machi="93" ten="30,4000,0" yaku="8,1,54,2" doraHai="100" who="0" fromWho="0" sc="317,40,240,-10,151,-10,292,-20" /><INIT seed="4,0,0,2,1,32" ten="357,230,141,272" oya="0" hai0="109,115,84,128,40,130,95,77,100,39,78,62,31" hai1="35,103,116,86,67,98,66,18,33,127,47,38,105" hai2="71,117,118,58,27,119,69,59,1,123,74,50,68" hai3="57,20,56,79,97,65,24,9,15,22,55,44,101"/><T110/><D115/><U43/><E116/><V13/><F74/><W17/><G79/><N who="0" m="30219" /><D31/><U107/><E107/><V88/><F123/><W99/><G22/><T82/><D62/><U63/><E127/><V2/><F27/><W12/><G12/><T16/><D40/><U64/><E86/><V83/><F13/><W90/><G65/><T85/><D39/><U122/><E122/><V91/><F83/><W94/><G44/><T108/><D16/><U26/><REACH who="1" step="1"/><E63/><REACH who="1" ten="357,220,141,272" step="2"/><V49/><F49/><W48/><G57/><N who="2" m="21513" /><F50/><W93/><G24/><T37/><D37/><U30/><E30/><V61/><F61/><W51/><G51/><T25/><D25/><U29/><E29/><V53/><F53/><W133/><G133/><T46/><D46/><U87/><E87/><N who="0" m="33353" /><D82/><U8/><E8/><V0/><AGARI ba="0,1" hai="0,1,2,68,69,71,88,91,117,118,119" m="21513" machi="0" ten="50,16000,3" yaku="29,2,28,2,12,1,52,3,54,1" doraHai="32" who="2" fromWho="2" sc="357,-80,220,-40,141,170,272,-40" /><INIT seed="5,0,0,5,0,22" ten="277,180,311,232" oya="1" hai0="97,73,42,41,47,46,75,99,5,9,43,78,1" hai1="68,115,76,66,26,107,84,91,64,3,54,11,20" hai2="16,112,106,49,89,57,15,45,34,6,118,48,130" hai3="30,61,135,24,51,60,90,39,124,131,133,119,13"/><U28/><E107/><V87/><F118/><W94/><G39/><T69/><D69/><U32/><E115/><V27/><F130/><W83/><G83/><T111/><D111/><U35/><E76/><V98/><F112/><W17/><G124/><T70/><D70/><U132/><E132/><N who="3" m="50762" /><G131/><T122/><D122/><U95/><E54/><V129/><F129/><W120/><G51/><T81/><REACH who="0" step="1"/><D75/><REACH who="0" ten="267,180,311,232" step="2"/><U74/><E74/><V18/><F106/><W55/><G120/><T36/><D36/><U19/><E68/><V114/><F114/><W67/><G119/><T85/><D85/><U121/><E121/><V110/><F87/><N who="3" m="52575" /><G55/><T128/><D128/><U93/><E64/><V10/><F110/><W31/><G31/><T4/><D4/><N who="1" m="1439" /><E66/><V105/><F6/><W12/><G67/><T53/><D53/><U123/><E123/><V103/><F105/><W23/><G13/><T40/><N who="0" m="10240" /><DORA hai="52" /><T127/><D127/><U72/><E72/><V14/><F15/><W58/><G58/><T25/><D25/><U126/><E126/><V92/><F57/><W44/><G44/><AGARI ba="0,1" hai="1,5,9,44,46,47,73,78,81,97,99" m="10240" machi="44" ten="50,3200,0" yaku="1,1,53,1" doraHai="22,52" doraHaiUra="71,2" who="0" fromWho="3" sc="267,42,180,0,311,0,232,-32" /><INIT seed="6,0,0,5,4,83" ten="309,180,311,200" oya="2" hai0="63,11,94,9,127,106,28,135,29,40,132,68,45" hai1="16,89,134,88,105,116,101,13,81,72,2,102,20" hai2="60,93,112,44,98,85,48,73,49,39,82,119,50" hai3="22,80,111,70,47,17,90,41,18,125,66,75,61"/><V104/><F119/><W57/><G111/><T108/><D106/><U33/><E33/><V99/><F112/><W109/><G109/><T87/><D108/><U115/><E116/><V123/><F123/><W71/><G125/><T77/><D127/><U79/><E2/><V114/><F114/><W42/><G42/><T52/><D29/><U34/><E34/><V96/><F104/><W59/><G59/><N who="0" m="35303" /><D28/><U84/><E115/><V103/><F73/><W86/><G75/><T43/><D68/><U130/><E130/><V110/><F110/><W25/><REACH who="3" step="1"/><G18/><REACH who="3" ten="309,180,311,190" step="2"/><T55/><D40/><U31/><E72/><V92/><F39/><AGARI ba="0,1" hai="17,22,25,39,41,47,57,61,66,70,71,80,86,90" machi="39" ten="30,7700,0" yaku="1,1,2,1,7,1,52,1,53,0" doraHai="83" doraHaiUra="3" who="3" fromWho="2" sc="309,0,180,0,311,-77,190,87" /><INIT seed="7,0,0,1,5,25" ten="309,180,234,277" oya="3" hai0="48,27,42,1,55,118,73,67,41,17,97,89,5" hai1="8,52,3,4,94,64,106,112,39,87,13,131,117" hai2="103,125,59,75,70,74,134,102,109,51,31,127,121" hai3="34,133,9,19,29,69,45,111,78,47,54,135,122"/><W130/><G69/><T22/><D73/><U108/><E108/><V38/><F109/><W49/><G111/><T23/><D118/><U116/><E106/><V36/><F70/><W82/><G122/><T110/><D110/><U72/><E72/><N who="2" m="27691" /><F59/><W30/><G34/><T90/><D67/><U32/><E39/><N who="2" m="14891" /><F51/><W26/><G130/><T101/><D1/><U66/><E131/><V33/><F121/><W21/><G9/><T44/><D5/><U107/><E107/><V104/><F104/><W10/><G10/><T56/><D41/><U53/><E32/><V81/><F81/><W20/><G20/><T43/><D43/><U50/><E3/><V126/><F134/><N who="3" m="51211" /><G47/><T93/><D23/><U14/><E14/><V86/><F86/><AGARI ba="0,0" hai="19,21,26,29,30,45,49,54,78,82,86" m="51211" machi="86" ten="30,5800,0" yaku="20,1,52,2" doraHai="25" who="3" fromWho="2" sc="309,0,180,0,234,-58,277,58" owari="309,10.9,180,-22.0,176,-32.4,335,43.5" /></mjloggm>