<mjloggm ver="2.3"><GO type="169" lobby="0"/><UN n0="%E5%A4%9A%E6%91%A9%E3%82%BD%E3%83%BC%E3%82%B8" n1="%52%59%4F%30%31%31%36" n2="%62%6F%79%61%74%65%74%75" n3="%E3%83%88%E3%82%B7%E3%83%95%E3%83%BC%E3%83%8B" dan="17,16,16,16" rate="2225.89,2127.56,2131.02,2143.19" sx="M,M,M,M"/><TAIKYOKU oya="0"/><INIT seed="0,0,0,4,4,129" ten="250,250,250,250" oya="0" hai0="60,61,66,40,86,92,102,118,30,131,69,25,84" hai1="108,105,114,113,26,44,80,68,47,52,13,41,115" hai2="53,22,62,23,87,93,82,95,130,101,11,103,116" hai3="109,83,117,110,50,51,39,124,75,29,28,4,107"/><T112/><D112/><U81/><E68/><V120/><F130/><W71/><G117/><T100/><D131/><U6/><E108/><N who="3" m="41578" /><G71/><T10/><D118/><U48/><E105/><V125/><F125/><W55/><G107/><T111/><D111/><U106/><E106/><V16/><F120/><W77/><G39/><T18/><D40/><U32/><E6/><V72/><F72/><W3/><G124/><T20/><D60/><U64/><E64/><V127/><F11/><N who="3" m="2463" /><G51/><T46/><D46/><AGARI ba="0,0" hai="28,29,46,50,55,75,77,83" m="2463,41578" machi="46" ten="30,1000,0" yaku="14,1" doraHai="129" who="3" fromWho="0" sc="250,-10,250,0,250,0,250,10" /><INIT seed="1,0,0,0,1,118" ten="240,250,250,260" oya="1" hai0="117,83,91,88,77,59,25,7,112,53,27,86,13" hai1="34,54,1,94,81,24,19,48,5,97,65,78,18" hai2="126,35,32,111,6,106,93,41,16,11,55,122,124" hai3="72,127,52,133,68,38,85,129,120,134,49,30,66"/><U87/><E65/><V74/><F106/><W63/><G72/><T90/><D112/><U47/><E1/><V113/><F74/><W31/><G127/><N who="2" m="48681" /><F41/><W84/><G129/><T12/><D117/><U43/><E5/><V119/><F119/><W22/><G38/><T102/><D102/><U2/><E2/><V28/><F113/><W8/><G8/><N who="0" m="4127" /><D13/><U123/><E123/><V103/><F55/><W61/><G120/><T20/><D20/><U57/><E24/><V37/><F37/><W100/><G100/><T51/><AGARI ba="0,0" hai="25,27,51,53,59,77,83,86,88,90,91" m="4127" machi="51" ten="30,2000,0" yaku="8,1,54,1" doraHai="118" who="0" fromWho="0" sc="240,20,250,-10,250,-5,260,-5" /><INIT seed="2,0,0,2,1,4" ten="260,240,245,255" oya="2" hai0="128,127,13,43,51,86,21,121,81,71,0,126,111" hai1="117,45,64,25,73,52,29,75,19,83,74,26,77" hai2="130,72,1,50,101,57,59,11,70,10,104,115,87" hai3="103,32,134,8,96,18,41,105,60,97,133,112,14"/><V48/><F115/><W47/><G112/><T28/><D121/><U27/><E117/><V76/><F72/><W110/><G32/><T90/><D0/><U89/><E64/><V85/><F70/><W12/><G110/><T124/><D111/><U100/><E29/><V31/><F31/><W109/><G109/><T67/><D128/><U65/><E65/><V119/><F119/><W69/><G69/><T116/><D116/><U80/><E100/><V42/><F130/><W94/><G60/><T16/><D28/><U17/><E89/><V108/><F108/><W84/><G84/><T106/><D106/><U36/><E36/><V78/><F104/><W95/><G14/><T46/><D67/><U102/><E102/><V93/><F101/><W44/><G44/><T23/><REACH who="0" step="1"/><D71/><REACH who="0" ten="250,240,245,255" step="2"/><U37/><E37/><V15/><F1/><W54/><G105/><T113/><D113/><U132/><E132/><V63/><F93/><W135/><G95/><T61/><D61/><U131/><E131/><V55/><F63/><W92/><G96/><T38/><D38/><U9/><E83/><V99/><F99/><W20/><G94/><T114/><D114/><U22/><E80/><V24/><F42/><W58/><G41/><T40/><D40/><U35/><E35/><V3/><F3/><W88/><G103/><T107/><D107/><U30/><E30/><V34/><F34/><W33/><G33/><T7/><D7/><U129/><E129/><V118/><F118/><W123/><G123/><T66/><D66/><U62/><E62/><V79/><F48/><W6/><G54/><RYUUKYOKU ba="0,1" sc="250,30,240,-10,245,-10,255,-10" hai0="13,16,21,23,43,46,51,81,86,90,124,126,127" /><INIT seed="3,1,1,2,2,63" ten="280,230,235,245" oya="3" hai0="16,48,34,124,18,115,32,21,87,80,15,126,29" hai1="37,26,3,30,77,69,104,112,38,35,42,101,128" hai2="56,125,117,54,28,20,75,74,39,52,84,40,73" hai3="62,22,31,9,44,95,123,108,109,118,100,61,111"/><W46/><G118/><T88/><D115/><U14/><E112/><V120/><F117/><W60/><G123/><T5/><D5/><U19/><E3/><V58/><F120/><W17/><G9/><T94/><D48/><U105/><E77/><V98/><F125/><N who="0" m="48234" /><D29/><U49/><E128/><V116/><F116/><W92/><G31/><T130/><D130/><U0/><E0/><V91/><F98/><W1/><G1/><T2/><D2/><U4/><E4/><V99/><F99/><W114/><G114/><T10/><D80/><U70/><E49/><V27/><F40/><W6/><G6/><T135/><D135/><U68/><E101/><V23/><F39/><W131/><G131/><T53/><D53/><U102/><E102/><V81/><F54/><W47/><G100/><T71/><D71/><U97/><E97/><V67/><F56/><W55/><G55/><T79/><D79/><U11/><REACH who="1" step="1"/><E42/><REACH who="1" ten="280,220,235,245" step="2"/><V106/><F106/><AGARI ba="1,2" hai="11,14,19,26,30,35,37,38,68,69,70,104,105,106" machi="106" ten="50,3200,0" yaku="1,1,2,1,53,0" doraHai="63" doraHaiUra="107" who="1" fromWho="2" sc="280,0,220,55,235,-35,245,0" /><INIT seed="4,0,0,0,2,67" ten="280,275,200,245" oya="0" hai0="32,9,3,45,63,2,104,57,66,115,1,117,49" hai1="85,133,17,89,40,124,22,50,25,112,122,94,18" hai2="43,0,35,37,30,16,92,64,75,73,93,90,98" hai3="126,123,77,27,42,12,120,100,19,48,118,31,62"/><T14/><D115/><U96/><E122/><N who="3" m="46634" /><G100/><T134/><D134/><U128/><E133/><V39/><F0/><W54/><G77/><T72/><D117/><U46/><E128/><V20/><F35/><W99/><G99/><T28/><D72/><U8/><E124/><V26/><F30/><W111/><G111/><T56/><D104/><U84/><E112/><V103/><F64/><W5/><G5/><T130/><D130/><U65/><E65/><V68/><F68/><W132/><G132/><T83/><D83/><U135/><E135/><V4/><F4/><W113/><G113/><T76/><D76/><U91/><E89/><V125/><F125/><W82/><G82/><T116/><D116/><U11/><E18/><V6/><F6/><W58/><G126/><T53/><D32/><U15/><E25/><V101/><F101/><W127/><G127/><T110/><D28/><U52/><E40/><V71/><F71/><W78/><G78/><T13/><D110/><U79/><E79/><V102/><F102/><W74/><G74/><T129/><D129/><U51/><E50/><V34/><F34/><N who="3" m="20863" /><G118/><T60/><REACH who="0" step="1"/><D9/><AGARI ba="0,0" hai="8,9,11,15,17,22,46,51,52,84,85,91,94,96" machi="9" ten="40,2600,0" yaku="8,1,54,1" doraHai="67" who="1" fromWho="0" sc="280,-26,275,26,200,0,245,0" /><INIT seed="5,0,0,1,5,129" ten="254,301,200,245" oya="1" hai0="50,20,24,29,116,96,66,114,65,41,122,135,33" hai1="99,91,69,5,123,40,57,38,73,34,0,131,62" hai2="11,113,35,85,128,64,98,23,74,95,124,67,15" hai3="26,108,43,78,58,39,3,18,90,30,86,37,89"/><U49/><E123/><V12/><F74/><W54/><G108/><T4/><D116/><U110/><E34/><V59/><F35/><W117/><G3/><T88/><D122/><U21/><E73/><V63/><F128/><W1/><G1/><T44/><D114/><U92/><E131/><V84/><F124/><W111/><G111/><T83/><D135/><U87/><E38/><V81/><F113/><W14/><G78/><T25/><D4/><U2/><E69/><V46/><F67/><W51/><G117/><T61/><D61/><U31/><E5/><V107/><F107/><W70/><G70/><T27/><D27/><U19/><E31/><V7/><F46/><W9/><G43/><T121/><D121/><U103/><E40/><V48/><F48/><W112/><G112/><T115/><D115/><U82/><E49/><V132/><F132/><W47/><G58/><T97/><D97/><U17/><E17/><N who="2" m="10663" /><F81/><N who="3" m="49359" /><G90/><AGARI ba="0,0" hai="7,11,15,59,63,64,84,85,90,95,98" m="10663" machi="90" ten="30,1000,0" yaku="8,1" doraHai="129" who="2" fromWho="3" sc="254,0,301,0,200,10,245,-10" /><INIT seed="6,0,0,3,5,1" ten="254,301,210,235" oya="2" hai0="73,131,120,76,104,16,101,45,48,62,13,117,124" hai1="18,14,35,128,96,28,20,53,135,72,93,122,37" hai2="3,19,44,133,32,68,105,115,75,123,86,30,94" hai3="50,33,69,57,119,31,114,9,78,130,15,41,42"/><V67/><F123/><W132/><G69/><T91/><D120/><U61/><E122/><V84/><F105/><W23/><G130/><T97/><D131/><U82/><E37/><V111/><F75/><W65/><G119/><T52/><D124/><U12/><E135/><V22/><F133/><W66/><G33/><T40/><D117/><U87/><E72/><V98/><F3/><W92/><G114/><T59/><D73/><U51/><E61/><V90/><F115/><W21/><G78/><T80/><D76/><U116/><E35/><V134/><F134/><W83/><G83/><T79/><D79/><N who="1" m="46559" /><E28/><V103/><F32/><W25/><G23/><T7/><D80/><U99/><E128/><V11/><F111/><W27/><G27/><T88/><D7/><U5/><E93/><V125/><F125/><W10/><G10/><AGARI ba="0,0" hai="10,13,16,40,45,48,52,59,62,88,91,97,101,104" machi="10" ten="30,7700,0" yaku="7,1,54,3" doraHai="1" who="0" fromWho="3" sc="254,77,301,0,210,0,235,-77" /><INIT seed="7,0,0,5,2,17" ten="331,301,210,158" oya="3" hai0="84,60,4,98,87,34,110,96,122,66,56,119,21" hai1="37,86,73,126,80,43,10,45,128,54,65,127,44" hai2="121,5,22,19,123,77,125,48,118,68,134,28,61" hai3="63,33,67,51,104,29,57,16,132,135,69,31,62"/><W70/><G104/><T103/><D110/><U92/><E65/><V59/><F118/><W20/><G51/><T72/><D34/><U23/><E128/><V75/><F5/><W113/><G113/><T2/><D72/><U107/><E107/><V78/><F28/><W46/><G46/><T88/><D122/><U36/><E10/><V114/><F114/><W12/><G69/><T39/><D39/><U14/><E92/><V71/><F48/><W116/><G116/><T47/><D119/><U82/><E73/><V30/><F30/><W76/><G76/><T53/><D2/><U18/><E54/><V11/><F11/><W105/><G105/><T124/><D124/><U131/><E131/><V41/><F41/><W24/><REACH who="3" step="1"/><G31/><REACH who="3" ten="331,301,210,148" step="2"/><T99/><D47/><U79/><E44/><V111/><F71/><W97/><G97/><T129/><D99/><U58/><E37/><V26/><F68/><W133/><G133/><T3/><D98/><U25/><E58/><V120/><F134/><W27/><G27/><T35/><D96/><U89/><E25/><V81/><F77/><W83/><G83/><T6/><D56/><U55/><E82/><V130/><F130/><W9/><G9/><T40/><D129/><U64/><E79/><V50/><F50/><W91/><G91/><T52/><D88/><U109/><E89/><V94/><F94/><W7/><G7/><T100/><D4/><U74/><E36/><V13/><F26/><W38/><G38/><T106/><D6/><U49/><E45/><V117/><F123/><W85/><G85/><N who="0" m="32843" /><D106/><U15/><E86/><RYUUKYOKU ba="0,1" sc="331,-10,301,-10,210,-10,148,30" hai3="12,16,20,24,29,33,57,62,63,67,70,132,135" /><INIT seed="7,1,1,4,3,83" ten="321,291,200,178" oya="3" hai0="115,5,103,38,78,49,82,74,133,79,64,13,131" hai1="30,91,51,110,129,11,14,23,98,62,24,54,52" hai2="130,119,84,116,76,6,61,108,125,60,31,3,44" hai3="93,71,58,97,96,25,101,46,75,80,126,16,55"/><W9/><G71/><T57/><D38/><U19/><E129/><V56/><F130/><W12/><G126/><T104/><D131/><U18/><E110/><V122/><F108/><W39/><G96/><T94/><D104/><U117/><E117/><V121/><F125/><W107/><G107/><T33/><D33/><U17/><E62/><V127/><F127/><W67/><G67/><T85/><D133/><U21/><E21/><V132/><F132/><W45/><G39/><T90/><D115/><U50/><E51/><V43/><F31/><W102/><G102/><T1/><D1/><U48/><E50/><V135/><F135/><W92/><G92/><T37/><D37/><U113/><E113/><V27/><F27/><W32/><G32/><T4/><D74/><U106/><E106/><V28/><F28/><W7/><G75/><T40/><D64/><U36/><E36/><V109/><F109/><W81/><G46/><N who="0" m="25799" /><D57/><N who="1" m="32903" /><E54/><V77/><F3/><W42/><G45/><T100/><D13/><U111/><E111/><V86/><F44/><W22/><REACH who="3" step="1"/><G42/><REACH who="3" ten="321,291,200,168" step="2"/><T118/><D103/><U134/><E134/><V124/><F124/><W15/><G15/><T47/><D47/><U114/><E114/><V2/><F2/><W112/><G112/><T26/><D100/><U53/><E53/><V59/><F43/><W120/><G120/><T73/><D73/><U99/><E98/><V89/><F89/><W10/><G10/><T69/><D90/><U65/><E65/><V29/><F29/><W123/><G123/><T63/><D69/><U66/><E66/><V41/><F41/><RYUUKYOKU ba="1,2" sc="321,-30,291,10,200,10,168,10" hai1="11,14,17,18,19,23,24,30,91,99" hai2="6,56,59,60,61,76,77,84,86,116,119,121,122" hai3="7,9,12,16,22,25,55,58,80,81,93,97,101" /><INIT seed="7,2,2,0,2,9" ten="291,301,210,178" oya="3" hai0="2,88,29,21,28,126,125,70,114,39,54,8,11" hai1="116,0,133,45,120,72,69,38,121,77,66,51,68" hai2="112,74,34,95,67,75,14,80,107,119,7,98,10" hai3="52,41,43,17,103,27,129,6,92,104,108,100,90"/><W40/><G129/><T117/><D117/><U64/><E0/><V85/><F119/><W23/><G108/><T47/><D70/><N who="1" m="27243" /><E77/><V49/><F67/><N who="1" m="25641" /><E72/><V135/><F135/><W84/><G104/><T131/><D131/><U48/><E133/><V13/><F112/><W36/><G36/><T58/><D114/><U31/><E31/><N who="0" m="11849" /><D2/><U3/><E3/><V26/><F107/><W122/><G122/><N who="1" m="47210" /><E116/><V99/><F74/><W101/><G6/><T73/><D73/><U113/><E113/><V102/><F75/><W115/><G115/><T105/><D105/><U86/><E86/><V55/><F85/><W24/><G24/><T12/><D21/><U15/><E15/><V42/><F26/><W110/><G110/><T16/><D39/><U128/><E128/><V63/><F14/><W19/><G19/><T94/><D47/><U106/><E106/><V132/><F132/><W81/><G81/><T30/><D30/><U5/><E5/><V96/><F80/><W111/><G111/><T53/><D8/><U32/><E32/><V109/><F109/><W79/><G79/><T35/><D35/><U56/><E56/><N who="2" m="35231" /><F34/><W18/><G18/><T37/><D37/><U87/><E87/><V33/><F33/><W124/><G124/><N who="0" m="47723" /><D58/><U46/><E46/><AGARI ba="2,2" hai="7,10,13,42,46,49,95,96,98,99,102" m="35231" machi="46" ten="30,2000,0" yaku="8,1,52,1" doraHai="9" who="2" fromWho="1" sc="291,0,301,-26,210,46,178,0" /><INIT seed="8,0,0,2,5,113" ten="291,275,256,178" oya="0" hai0="117,40,90,3,110,38,81,18,30,7,22,21,2" hai1="129,116,24,72,29,61,12,65,8,80,132,60,50" hai2="71,78,119,85,96,69,133,73,115,53,135,109,130" hai3="23,79,39,56,91,102,5,70,95,25,44,103,45"/><T37/><D117/><U33/><E132/><V58/><F73/><W0/><G70/><T89/><D110/><U48/><E129/><V27/><F130/><W51/><G79/><T114/><D114/><U106/><E106/><V104/><F115/><W59/><G0/><T6/><D18/><U134/><E61/><V11/><F109/><W93/><G5/><T15/><D15/><U76/><E116/><V49/><F119/><W128/><G128/><T66/><D40/><U10/><E10/><V122/><F122/><W86/><G39/><T92/><D92/><U120/><E134/><N who="2" m="51211" /><F27/><W26/><G26/><T4/><D30/><U32/><E33/><V54/><F11/><W94/><G45/><T75/><D75/><U111/><E120/><V57/><F85/><W82/><G103/><T62/><D62/><U36/><E36/><N who="0" m="13929" /><D81/><U123/><E123/><V107/><F78/><W41/><REACH who="3" step="1"/><G102/><REACH who="3" ten="291,275,256,168" step="2"/><T20/><D2/><U17/><REACH who="1" step="1"/><E111/><REACH who="1" ten="291,265,256,168" step="2"/><V101/><F107/><W126/><G126/><T64/><D3/><U9/><E9/><V47/><F47/><W42/><G42/><T97/><D97/><U46/><E46/><V105/><F104/><W31/><AGARI ba="0,2" hai="23,25,31,41,44,51,56,59,82,86,91,93,94,95" machi="31" ten="30,4000,0" yaku="1,1,0,1,8,1,53,0" doraHai="113" doraHaiUra="74" who="3" fromWho="3" sc="291,-20,265,-10,256,-10,168,60" /><INIT seed="9,0,0,2,2,52" ten="271,255,246,228" oya="1" hai0="107,13,101,92,116,78,9,120,8,118,74,81,69" hai1="0,97,60,11,110,117,111,124,2,26,14,5,134" hai2="125,72,96,35,29,121,50,17,57,12,112,38,88" hai3="33,122,100,99,1,83,106,31,93,113,98,30,77"/><U103/><E117/><N who="0" m="45161" /><D120/><U109/><E134/><V128/><F38/><W127/><G113/><T55/><D69/><U64/><E26/><V43/><F72/><W119/><G122/><T129/><D129/><U25/><E25/><V91/><F121/><W70/><G119/><T21/><D107/><U44/><E44/><V75/><F75/><W41/><G70/><T80/><D80/><U76/><E76/><V114/><F125/><W34/><G127/><T104/><D104/><N who="1" m="63599" /><E124/><V86/><F128/><W66/><G1/><T28/><D55/><U27/><E27/><V89/><F35/><W94/><G66/><T67/><D67/><U59/><AGARI ba="0,0" hai="0,2,5,11,14,59,60,64,109,110,111" m="63599" machi="59" ten="30,3000,0" yaku="10,1,52,1" doraHai="52" who="1" fromWho="1" sc="271,-10,255,30,246,-10,228,-10" /><INIT seed="9,1,0,5,5,25" ten="261,285,236,218" oya="1" hai0="63,35,127,113,30,27,43,49,120,96,125,52,45" hai1="9,82,133,70,54,112,80,78,10,14,116,16,88" hai2="17,97,98,46,130,7,93,28,22,39,129,56,67" hai3="77,104,114,29,103,126,47,108,73,86,119,11,84"/><U4/><E112/><V34/><F7/><W15/><G114/><T8/><D113/><U75/><E70/><V50/><F39/><W32/><G108/><T101/><D120/><U131/><E116/><V5/><F5/><W24/><G119/><T117/><D117/><U58/><E133/><V91/><F98/><W95/><G126/><N who="0" m="48139" /><D8/><U121/><E131/><V128/><F67/><W12/><G104/><N who="0" m="63527" /><D63/><U72/><E121/><V109/><F109/><W1/><G1/><T66/><D66/><U53/><E58/><V81/><F56/><W19/><G47/><T134/><D134/><U64/><E64/><V62/><F62/><W87/><G12/><T65/><D65/><U44/><E44/><V102/><F46/><W123/><G123/><T37/><D37/><U48/><E48/><V61/><F50/><W132/><G132/><T122/><D122/><U36/><E36/><V100/><F61/><W38/><G38/><T2/><D2/><U99/><E75/><V51/><F51/><W59/><G59/><T21/><D35/><U42/><E42/><AGARI ba="1,0" hai="21,27,30,42,43,45,49,52" m="63527,48139" machi="42" ten="30,3900,0" yaku="18,1,52,1,54,1" doraHai="25" who="0" fromWho="1" sc="261,42,285,-42,236,0,218,0" owari="303,40.3,243,4.3,236,-16.4,218,-28.2" /></mjloggm>