<mjloggm ver="2.3"><GO type="169" lobby="0"/><UN n0="%72%61%6E%75%2D" n1="%59%54%39%38%39%39" n2="%E3%81%82%E3%81%84%E3%81%93%E3%81%99" n3="%79%75%68%65%69" dan="16,17,16,16" rate="2071.33,2165.18,2113.76,2043.92" sx="M,M,M,M"/><TAIKYOKU oya="0"/><INIT seed="0,0,0,1,2,120" ten="250,250,250,250" oya="0" hai0="9,27,96,44,11,0,68,130,128,14,52,38,20" hai1="121,134,22,135,101,32,18,118,17,122,107,133,41" hai2="117,131,12,85,109,5,111,42,99,19,53,49,90" hai3="112,35,87,26,34,37,89,59,71,1,106,125,83"/><T105/><D68/><U98/><E118/><V91/><F117/><W3/><G71/><T70/><D70/><U113/><E32/><V47/><F131/><N who="0" m="50218" /><D0/><U86/><E41/><V23/><F5/><W78/><G37/><T75/><D75/><U63/><E113/><V2/><F2/><W82/><G106/><T7/><D38/><U28/><E63/><V80/><F42/><W79/><G112/><T94/><D105/><U77/><E28/><V132/><F132/><W48/><G125/><T114/><D11/><U103/><E18/><V127/><F127/><W15/><G35/><T21/><D27/><U62/><E62/><V76/><F99/><W29/><G15/><T46/><D114/><U8/><E8/><V81/><REACH who="2" step="1"/><F91/><REACH who="2" ten="250,250,240,250" step="2"/><W24/><G89/><N who="0" m="55375" /><D44/><U10/><E122/><V39/><F39/><W55/><REACH who="3" step="1"/><G26/><REACH who="3" ten="250,250,240,240" step="2"/><T104/><D104/><U57/><E121/><V73/><AGARI ba="0,2" hai="12,19,23,47,49,53,73,76,80,81,85,90,109,111" machi="73" ten="30,7900,0" yaku="1,1,0,1,52,2,53,0" doraHai="120" doraHaiUra="88" who="2" fromWho="2" sc="250,-39,250,-20,240,99,240,-20" /><INIT seed="1,0,0,4,4,132" ten="211,230,339,220" oya="1" hai0="78,23,35,134,105,16,101,54,63,7,48,116,0" hai1="76,73,19,125,37,93,86,94,17,107,130,96,64" hai2="10,21,72,79,81,90,8,40,84,58,69,135,25" hai3="109,51,6,75,113,9,66,114,2,70,83,102,110"/><U28/><E37/><V112/><F135/><W120/><G120/><T29/><D116/><U4/><E130/><V20/><F69/><W38/><G38/><T106/><D134/><U39/><E39/><V1/><F40/><W67/><G102/><T115/><D115/><U85/><E4/><V74/><F21/><W27/><G27/><T5/><D78/><U50/><E64/><N who="3" m="24618" /><G70/><T88/><D63/><U55/><E28/><V24/><F24/><W14/><G51/><T43/><D43/><U57/><E94/><V49/><F1/><W65/><G2/><T128/><D29/><U82/><E86/><V32/><F32/><W26/><G26/><T45/><D35/><U129/><E129/><V41/><F112/><W68/><G83/><T42/><D128/><U117/><E117/><V133/><F74/><W46/><G46/><T91/><D106/><U100/><E17/><V12/><F12/><W61/><G75/><T53/><D101/><U34/><E19/><V36/><F36/><W80/><G80/><T13/><D105/><U118/><E34/><V123/><F123/><W30/><G30/><T126/><D126/><U11/><E11/><V3/><F3/><W97/><G97/><T52/><REACH who="0" step="1"/><D0/><REACH who="0" ten="201,230,339,220" step="2"/><U104/><E118/><V99/><F133/><W87/><G113/><T121/><D121/><U103/><E103/><V124/><F124/><W95/><G114/><T62/><D62/><U108/><E107/><V71/><F41/><W131/><G131/><T56/><D56/><U89/><E125/><V33/><F33/><W47/><G47/><T77/><D77/><RYUUKYOKU ba="0,1" sc="201,10,230,10,339,-30,220,10" hai0="5,7,13,16,23,42,45,48,52,53,54,88,91" hai1="50,55,57,73,76,82,85,89,93,96,100,104,108" hai3="6,9,14,61,65,68,87,95,109,110" /><INIT seed="1,1,1,5,0,130" ten="211,240,309,230" oya="1" hai0="20,109,90,53,11,135,86,114,119,4,87,12,5" hai1="131,60,123,6,46,63,70,116,100,75,50,3,108" hai2="104,80,42,40,64,103,13,128,47,38,126,68,45" hai3="132,92,125,95,121,71,43,107,113,19,134,16,127"/><U26/><E116/><V56/><F128/><W48/><G107/><T18/><D119/><U129/><E123/><V62/><F126/><N who="3" m="48139" /><G71/><T67/><D114/><U49/><E75/><V59/><F80/><W91/><G113/><T61/><D109/><U102/><E6/><V93/><F104/><W17/><G121/><T124/><D124/><U24/><E46/><V88/><F103/><W89/><G43/><T97/><D135/><N who="3" m="51753" /><G48/><T41/><D41/><U23/><E70/><V9/><F47/><W22/><G22/><T65/><D53/><U76/><E23/><V99/><F42/><W14/><G14/><T73/><D67/><U25/><E25/><V21/><F21/><W82/><G82/><T115/><D115/><U78/><E3/><V133/><F133/><W29/><G29/><T101/><D20/><U10/><E10/><V96/><F96/><N who="3" m="57359" /><G19/><AGARI ba="1,1" hai="9,13,19,38,40,45,56,59,62,64,68,88,93,99" machi="19" ten="30,2000,0" yaku="7,1,54,1" doraHai="130" who="2" fromWho="3" sc="211,0,240,0,309,33,230,-23" /><INIT seed="2,0,0,3,4,14" ten="211,240,342,207" oya="2" hai0="120,59,34,44,70,61,41,53,54,102,63,69,93" hai1="100,133,83,62,79,97,24,116,98,131,0,60,4" hai2="94,90,58,74,68,3,125,11,27,8,55,25,92" hai3="101,48,15,67,89,121,104,124,26,99,43,126,72"/><V45/><F125/><W50/><G121/><T47/><D34/><U134/><E116/><V85/><F68/><N who="0" m="26218" /><D102/><U12/><E0/><V108/><F74/><W109/><G72/><T64/><D93/><U29/><E131/><V111/><F45/><N who="0" m="17482" /><D120/><U73/><E12/><V7/><F11/><W18/><G26/><T77/><D77/><U16/><E29/><V30/><F94/><W112/><G43/><T130/><D130/><U5/><E98/><V10/><F10/><W6/><G6/><T128/><D128/><U17/><E24/><V119/><F119/><W66/><G112/><T37/><D63/><N who="1" m="24107" /><E5/><V19/><F30/><W33/><G33/><T110/><D110/><N who="2" m="42026" /><F19/><W51/><G89/><T132/><D132/><N who="1" m="50795" /><E4/><V9/><F9/><N who="3" m="6511" /><G109/><T32/><D32/><U35/><E35/><V103/><F103/><W39/><G126/><T91/><D91/><U42/><E42/><V38/><F38/><W96/><G39/><T95/><D95/><AGARI ba="0,0" hai="16,17,73,79,83,95,97,100" m="50795,24107" machi="95" ten="30,7700,0" yaku="20,1,52,2,54,1" doraHai="14" who="1" fromWho="0" sc="211,-77,240,77,342,0,207,0" /><INIT seed="3,0,0,3,0,23" ten="134,317,342,207" oya="3" hai0="4,41,32,49,87,132,103,92,108,43,123,38,111" hai1="95,119,55,125,96,13,75,106,129,65,78,93,67" hai2="16,15,54,110,25,85,31,7,72,118,36,134,94" hai3="59,97,17,82,90,81,2,24,102,107,42,126,21"/><W9/><G126/><T34/><D123/><U133/><E106/><V68/><F118/><W127/><G127/><T52/><D132/><U122/><E122/><V76/><F134/><W71/><G71/><T86/><D4/><U80/><E133/><V100/><F68/><W18/><G42/><N who="0" m="15883" /><D38/><U28/><E95/><V56/><F36/><W11/><G11/><T40/><N who="0" m="15891" /><T14/><DORA hai="53" /><D14/><U12/><E125/><V116/><F7/><W112/><G112/><T74/><D74/><U3/><E129/><V88/><F116/><W45/><G45/><T70/><D70/><U57/><E3/><V33/><F100/><W128/><G128/><T135/><D135/><U29/><E12/><V35/><F35/><N who="0" m="13354" /><D92/><U6/><E13/><V69/><F69/><W37/><G37/><T44/><D103/><U121/><E6/><V99/><F72/><W51/><G17/><T114/><D114/><U5/><E5/><V84/><F76/><W98/><G98/><T8/><D8/><U27/><E119/><V39/><F39/><W124/><G124/><T104/><D104/><U115/><E115/><V63/><F110/><AGARI ba="0,0" hai="44,49,52,86,87,108,110,111" m="13354,15891" machi="110" ten="40,2600,0" yaku="14,1,54,1" doraHai="23,53" who="0" fromWho="2" sc="134,26,317,0,342,-26,207,0" /><INIT seed="4,0,0,2,1,120" ten="160,317,316,207" oya="0" hai0="28,30,126,59,89,131,18,98,133,11,26,16,21" hai1="108,61,121,4,29,104,100,102,113,97,57,23,19" hai2="47,67,84,37,76,96,13,93,46,1,109,128,132" hai3="54,49,103,50,51,17,127,85,64,90,114,110,38"/><T39/><D39/><U101/><E121/><V125/><F1/><W10/><G38/><T99/><D126/><U22/><E113/><V9/><F125/><W6/><G127/><T77/><D131/><U124/><E4/><V119/><F128/><W87/><G103/><T86/><D133/><U72/><E72/><V78/><F132/><W33/><G33/><T111/><D77/><U123/><E123/><V60/><F119/><W122/><G64/><T25/><D111/><U129/><E129/><V44/><F109/><W74/><G74/><T32/><D59/><U35/><E108/><V94/><F37/><W88/><G122/><T7/><D99/><U69/><E35/><V105/><F105/><W56/><G114/><T106/><D98/><U116/><E69/><V5/><F84/><N who="3" m="32331" /><G6/><T15/><REACH who="0" step="1"/><D106/><REACH who="0" ten="150,317,316,207" step="2"/><U55/><E124/><V134/><F134/><W41/><G110/><T70/><D70/><U20/><E116/><V3/><F78/><W36/><G36/><T63/><D63/><U71/><E71/><V2/><F76/><W79/><G79/><T0/><D0/><U14/><E104/><V135/><F135/><W65/><G56/><T42/><D42/><U92/><E29/><V62/><F62/><W83/><G90/><AGARI ba="0,1" hai="14,19,20,22,23,55,57,61,90,92,97,100,101,102" machi="90" ten="40,1300,0" yaku="8,1" doraHai="120" who="1" fromWho="3" sc="150,0,317,23,316,0,207,-13" /><INIT seed="5,0,0,5,3,78" ten="150,340,316,194" oya="1" hai0="83,26,101,58,6,66,117,105,52,135,36,122,70" hai1="63,11,4,61,38,108,89,132,120,54,50,77,17" hai2="40,84,79,88,45,33,9,16,42,56,34,74,107" hai3="43,131,113,81,39,10,65,86,116,1,96,59,123"/><U23/><E120/><V134/><F107/><W0/><G123/><T94/><D117/><U12/><E38/><V67/><F134/><W119/><G113/><T35/><D122/><U118/><E132/><V102/><F102/><W87/><G131/><T5/><D94/><U103/><E118/><V71/><F71/><W128/><G128/><T97/><D36/><U73/><E108/><V109/><F109/><W31/><G31/><T15/><D135/><U125/><E103/><V106/><F106/><W114/><G114/><T98/><D98/><U92/><E125/><V100/><F79/><W99/><G39/><T129/><D129/><U55/><E55/><V72/><F72/><W30/><G30/><T37/><D37/><U53/><E53/><V111/><F74/><W22/><G59/><T20/><D35/><U18/><E18/><V62/><F100/><W130/><G130/><T13/><D83/><U24/><E77/><V85/><F85/><W64/><G22/><T76/><D76/><U29/><E73/><V2/><F111/><W48/><G48/><T126/><D126/><U27/><E24/><V121/><F121/><W110/><G110/><T49/><D5/><U91/><E91/><V90/><F90/><W115/><G115/><T95/><D6/><U41/><E41/><N who="2" m="15979" /><F45/><W104/><G43/><T112/><D105/><U19/><E4/><N who="2" m="1175" /><F16/><W3/><G3/><T69/><D112/><U93/><E19/><V28/><F28/><W44/><G104/><T47/><D47/><N who="1" m="27999" /><E89/><V127/><F127/><W80/><G44/><T57/><D57/><U32/><E32/><RYUUKYOKU ba="0,0" sc="150,-30,340,10,316,10,194,10" hai1="11,12,17,23,27,29,61,63,92,93" hai2="33,34,56,62,67,84,88" hai3="0,1,10,64,65,80,81,86,87,96,99,116,119" /><INIT seed="5,1,0,3,4,56" ten="120,350,326,204" oya="1" hai0="90,12,44,16,65,91,110,70,61,100,93,57,0" hai1="84,128,105,95,68,101,73,107,86,10,126,87,108" hai2="74,102,119,116,4,58,21,47,37,26,9,31,33" hai3="62,131,35,98,2,55,75,25,63,125,112,88,6"/><U130/><E68/><V13/><F74/><W115/><G75/><T111/><D0/><U51/><E10/><V41/><F102/><W38/><G38/><T113/><D113/><N who="3" m="43593" /><G125/><T40/><D100/><U83/><E51/><V121/><F121/><W42/><G42/><T109/><D70/><U34/><E34/><V49/><F37/><W71/><G71/><T127/><D127/><U11/><E11/><V132/><F132/><W79/><G79/><T64/><D64/><U85/><E126/><V103/><F103/><W7/><G131/><N who="1" m="50218" /><E108/><V94/><F94/><N who="3" m="56647" /><G55/><T14/><D14/><U106/><E73/><V50/><F33/><W77/><G77/><T123/><D123/><U66/><E66/><V104/><F104/><W135/><G135/><T17/><D12/><U129/><N who="1" m="50226" /><U28/><DORA hai="32" /><E28/><V92/><REACH who="2" step="1"/><F92/><REACH who="2" ten="120,350,316,204" step="2"/><W114/><G114/><T22/><D22/><U48/><E101/><V52/><AGARI ba="1,1" hai="4,9,13,21,26,31,41,47,49,50,52,58,116,119" machi="52" ten="30,8000,1" yaku="1,1,2,1,0,1,54,1,53,1" doraHai="56,32" doraHaiUra="69,43" who="2" fromWho="2" sc="120,-21,350,-41,316,93,204,-21" /><INIT seed="6,0,0,1,0,24" ten="99,309,409,183" oya="2" hai0="13,45,81,27,113,11,67,31,77,114,123,84,4" hai1="33,54,43,10,98,53,102,119,91,118,71,48,16" hai2="46,116,42,26,99,30,95,124,21,94,35,129,87" hai3="56,57,92,50,103,110,63,96,55,89,25,40,17"/><V130/><F116/><W14/><G110/><T131/><D131/><N who="2" m="50186" /><F124/><W74/><G74/><T93/><D123/><U108/><E71/><V39/><F87/><W109/><G109/><T122/><D122/><U70/><E33/><V120/><F120/><W83/><G40/><T47/><D67/><U115/><E70/><V132/><F132/><W82/><G25/><T3/><D3/><U0/><E0/><V121/><F121/><W28/><G103/><T134/><D134/><U34/><E34/><V32/><F95/><W12/><G12/><T58/><D58/><U36/><E36/><V112/><F112/><W90/><G90/><AGARI ba="0,0" hai="21,26,30,32,35,39,42,46,90,94,99" m="50186" machi="90" ten="30,2900,0" yaku="19,1,52,1" doraHai="24" who="2" fromWho="3" sc="99,0,309,0,409,29,183,-29" /><INIT seed="6,1,0,3,1,101" ten="99,309,438,154" oya="2" hai0="52,114,44,40,66,63,122,62,34,102,91,48,84" hai1="77,130,22,126,5,49,17,129,26,73,119,59,79" hai2="67,16,132,112,70,37,125,0,127,9,23,29,7" hai3="1,110,19,64,20,54,11,123,115,25,57,96,27"/><V50/><F37/><W2/><G110/><T87/><D122/><U104/><E119/><V93/><F112/><W55/><G123/><T135/><D114/><U100/><E126/><V71/><F132/><W60/><G115/><T120/><D120/><U42/><E73/><V124/><F29/><W108/><G108/><T30/><D135/><U56/><E5/><V41/><F93/><W4/><G1/><T51/><D102/><U131/><E42/><V75/><F75/><W98/><G27/><T38/><D38/><U116/><E116/><V134/><F67/><W109/><G109/><T15/><D15/><U6/><E6/><V106/><F106/><W88/><G98/><T32/><D87/><U80/><E49/><V39/><F39/><W58/><G57/><N who="1" m="22090" /><E80/><V97/><F97/><AGARI ba="1,0" hai="17,22,26,77,79,97,100,104,129,130,131" m="22090" machi="97" ten="40,2600,0" yaku="19,1,52,1" doraHai="101" who="1" fromWho="2" sc="99,0,309,29,438,-29,154,0" /><INIT seed="7,0,0,1,2,32" ten="99,338,409,154" oya="3" hai0="63,125,66,51,85,25,38,74,45,40,4,1,19" hai1="95,91,53,7,35,22,68,44,102,31,20,101,124" hai2="133,52,126,69,23,10,123,130,71,58,104,64,115" hai3="57,117,111,49,79,67,33,75,88,128,135,41,18"/><W26/><G117/><T97/><D125/><U109/><E68/><V90/><F126/><W118/><G118/><T54/><D74/><U46/><E124/><V106/><F115/><W93/><G128/><T21/><D97/><U50/><E35/><V36/><F36/><W127/><G127/><T59/><D85/><U100/><E109/><V47/><F47/><W113/><G113/><T17/><D4/><U82/><E82/><V108/><F64/><W83/><G135/><T48/><D1/><U72/><E72/><V16/><F10/><W0/><G0/><T131/><D131/><U9/><E31/><V28/><F28/><W81/><G81/><T61/><REACH who="0" step="1"/><D17/><REACH who="0" ten="89,338,409,154" step="2"/><U134/><E134/><V14/><F133/><W2/><G2/><T76/><D76/><U56/><E22/><V60/><F130/><W6/><G6/><T103/><D103/><U119/><E20/><V105/><F123/><W121/><G121/><T34/><D34/><U96/><REACH who="1" step="1"/><E119/><REACH who="1" ten="89,328,409,154" step="2"/><V84/><F108/><W132/><G132/><T62/><D62/><U55/><E55/><V122/><F122/><W13/><G111/><T12/><D12/><AGARI ba="0,2" hai="7,9,12,44,46,50,53,56,91,95,96,100,101,102" machi="12" ten="40,2600,0" yaku="1,1,8,1,53,0" doraHai="32" doraHaiUra="129" who="1" fromWho="0" sc="89,-26,328,46,409,0,154,0" owari="63,-43.7,374,17.4,409,50.9,154,-24.6" /></mjloggm>