<mjloggm ver="2.3"><GO type="169" lobby="0"/><UN n0="%E3%83%AB%E3%82%BF%E3%82%B9%E3%82%B1" n1="%E3%81%A8%E3%81%B3%E3%81%BE%E3%81%93" n2="%E9%9B%B2%E3%81%AE%E3%83%95%E3%83%89%E3%82%A6" n3="%E3%81%AF%E3%81%92%E3%81%97%E3%81%8F%E3%82%A6%E3%83%84" dan="17,18,16,17" rate="2192.42,2195.57,2088.12,2188.59" sx="M,M,M,M"/><TAIKYOKU oya="0"/><INIT seed="0,0,0,5,5,35" ten="250,250,250,250" oya="0" hai0="40,127,28,58,107,103,116,118,30,123,7,39,109" hai1="29,71,115,114,89,119,113,92,9,129,14,108,65" hai2="12,133,91,120,102,47,100,68,78,77,70,21,130" hai3="41,128,95,75,0,81,90,98,50,42,48,126,51"/><T49/><D123/><U80/><E119/><V53/><F120/><W124/><G128/><T72/><D72/><U66/><E129/><V112/><F130/><W33/><G33/><T63/><D103/><U85/><E108/><V74/><F112/><W5/><G75/><T59/><D107/><U111/><E111/><V134/><F12/><W18/><G18/><T11/><D109/><U104/><E104/><V101/><F21/><W61/><G61/><T125/><D39/><U73/><E29/><N who="0" m="11369" /><D49/><U43/><E43/><V46/><F91/><W86/><G5/><T79/><D58/><U2/><E71/><N who="2" m="27179" /><F53/><W94/><G94/><T105/><D40/><U25/><E25/><V93/><F93/><W88/><REACH who="3" step="1"/><G0/><REACH who="3" ten="250,250,250,240" step="2"/><N who="0" m="487" /><D105/><U96/><E2/><V27/><F74/><W36/><G36/><T122/><D122/><U17/><REACH who="1" step="1"/><E73/><REACH who="1" ten="250,240,250,240" step="2"/><V16/><F27/><W3/><G3/><T117/><D117/><U57/><E57/><V84/><F16/><W83/><G83/><T76/><D116/><U8/><E8/><V34/><F34/><W56/><G56/><T13/><D118/><U60/><E60/><V15/><F15/><W67/><G67/><N who="0" m="39423" /><D13/><U110/><E110/><V45/><F45/><W23/><G23/><T26/><D26/><U32/><E32/><V82/><F47/><W1/><G1/><T132/><D132/><N who="2" m="50794" /><F46/><W62/><G62/><T97/><D127/><AGARI ba="0,2" hai="41,42,48,50,51,81,86,88,90,95,98,124,126,127" machi="127" ten="40,5200,0" yaku="1,1,18,1,54,1,53,0" doraHai="35" doraHaiUra="19" who="3" fromWho="0" sc="250,-52,240,0,250,0,240,72" /><INIT seed="1,0,0,5,5,11" ten="198,240,250,312" oya="1" hai0="87,21,5,104,19,70,40,114,49,54,83,131,47" hai1="57,135,112,38,129,119,59,134,26,6,86,81,74" hai2="50,106,130,23,97,95,123,124,107,53,18,67,34" hai3="99,105,35,108,29,62,52,60,111,128,63,41,36"/><U3/><E112/><V14/><F123/><W101/><G128/><T71/><D114/><U77/><E119/><V58/><F130/><W89/><G89/><T120/><D131/><U78/><E129/><V72/><F124/><W115/><G115/><T127/><D127/><U22/><E38/><V43/><F34/><W126/><G126/><T92/><D104/><U33/><E33/><V75/><F67/><W109/><G41/><T31/><D31/><U25/><E3/><V42/><F106/><W76/><G36/><T66/><D5/><U61/><E6/><V10/><F107/><W44/><G76/><T68/><D92/><U118/><E118/><V93/><F93/><W69/><G44/><T65/><D40/><U39/><E39/><V24/><F75/><W51/><G51/><T100/><D100/><U80/><E26/><V103/><REACH who="2" step="1"/><F72/><REACH who="2" ten="198,240,240,312" step="2"/><W37/><G69/><T17/><D120/><U15/><E25/><V7/><AGARI ba="0,1" hai="7,10,14,18,23,24,42,43,50,53,58,95,97,103" machi="7" ten="20,12000,2" yaku="1,1,2,1,0,1,7,1,8,1,52,1,53,0" doraHai="11" doraHaiUra="30" who="2" fromWho="2" sc="198,-30,240,-60,240,130,312,-30" /><INIT seed="2,0,0,0,3,65" ten="168,180,370,282" oya="2" hai0="93,69,35,29,19,80,66,8,1,6,99,81,26" hai1="39,129,5,14,57,89,3,21,96,127,24,31,109" hai2="118,119,12,111,76,117,107,135,44,114,97,128,16" hai3="75,126,102,63,42,25,74,95,49,103,77,87,9"/><V17/><F114/><W33/><G126/><T22/><D66/><U71/><E71/><V7/><F76/><W72/><G9/><T11/><D11/><U56/><E39/><V108/><F135/><W123/><G123/><T41/><D41/><U59/><E127/><V131/><F44/><W101/><G63/><T83/><D69/><U52/><E109/><N who="2" m="42059" /><F97/><W112/><G112/><T91/><REACH who="0" step="1"/><D81/><REACH who="0" ten="158,180,370,282" step="2"/><U62/><E129/><N who="2" m="49739" /><F107/><W23/><G42/><T122/><D122/><U54/><E3/><V125/><F125/><W133/><G133/><T67/><D67/><U68/><E68/><V27/><F27/><AGARI ba="0,1" hai="1,6,8,19,22,26,27,29,35,80,83,91,93,99" machi="27" ten="30,3900,0" yaku="1,1,7,1,53,1" doraHai="65" doraHaiUra="85" who="0" fromWho="2" sc="158,49,180,0,370,-39,282,0" /><INIT seed="3,0,0,1,1,18" ten="207,180,331,282" oya="3" hai0="123,133,119,13,52,58,41,20,33,65,129,131,42" hai1="70,105,78,3,15,55,73,111,14,102,94,75,87" hai2="12,21,50,82,17,60,86,91,22,109,54,1,121" hai3="69,68,6,43,115,112,48,95,35,40,97,34,99"/><W92/><REACH who="3" step="1"/><G48/><REACH who="3" ten="207,180,331,272" step="2"/><N who="0" m="30983" /><D123/><U28/><E111/><V46/><F109/><W89/><G89/><T84/><D119/><U31/><E78/><V36/><F121/><W100/><G100/><T106/><D131/><U27/><E102/><V127/><F127/><W38/><G38/><T135/><D129/><U108/><E108/><V101/><F36/><W53/><G53/><T32/><D133/><U74/><E55/><N who="2" m="30167" /><F101/><W49/><G49/><T124/><D135/><U29/><E105/><V37/><F37/><W132/><G132/><T47/><D124/><U79/><E79/><V128/><F128/><W110/><G110/><T134/><D106/><U116/><E116/><V10/><F1/><W117/><G117/><T114/><D134/><U39/><E3/><V98/><F98/><W113/><G113/><T16/><D114/><U9/><E39/><V90/><F90/><W26/><G26/><T93/><D41/><U103/><E27/><V44/><F44/><W126/><G126/><T120/><D120/><U57/><E103/><V24/><F24/><W8/><G8/><T80/><D47/><U81/><E9/><V67/><F54/><W59/><G59/><AGARI ba="0,1" hai="10,12,17,21,22,59,60,67,82,86,91" m="30167" machi="59" ten="30,7700,0" yaku="25,1,8,1,52,2" doraHai="18" who="2" fromWho="3" sc="207,0,180,0,331,87,272,-77" /><INIT seed="4,0,0,4,0,21" ten="207,180,418,195" oya="0" hai0="14,17,132,99,87,118,86,107,80,117,130,57,123" hai1="109,12,101,61,49,2,25,59,52,50,60,5,92" hai2="22,74,35,28,7,53,78,70,95,85,31,68,89" hai3="29,18,1,73,133,67,113,108,82,122,69,115,55"/><T96/><D123/><U114/><E2/><V84/><F74/><W75/><G108/><T24/><D130/><U71/><E109/><V121/><F121/><W65/><G122/><T13/><D132/><U37/><E37/><V48/><F7/><W66/><G1/><T128/><D128/><U32/><E114/><N who="3" m="43530" /><G133/><T104/><D57/><U124/><E124/><V91/><F35/><W45/><G69/><T105/><D80/><U41/><E71/><V98/><F78/><W102/><G102/><T9/><D24/><U8/><E101/><V0/><F0/><W34/><G18/><T81/><D81/><U110/><E92/><V27/><F31/><W58/><G45/><T26/><D26/><U36/><E36/><V129/><F129/><W47/><G47/><T90/><D90/><U38/><E38/><V4/><F4/><W10/><G10/><T126/><D126/><U112/><E110/><V111/><F111/><W76/><G73/><T20/><D117/><U125/><E125/><V40/><F40/><W97/><G97/><T3/><D3/><U135/><E135/><V83/><F98/><W19/><G19/><T79/><D118/><U46/><REACH who="1" step="1"/><E112/><REACH who="1" ten="207,170,418,195" step="2"/><V106/><F106/><W23/><G82/><N who="0" m="47455" /><D107/><U93/><E93/><V116/><F116/><W131/><G131/><T16/><D105/><U39/><E39/><V15/><F70/><W77/><G75/><T11/><D104/><U94/><E94/><V64/><F68/><W62/><G34/><T30/><D87/><U43/><E43/><V103/><F85/><W127/><G127/><T63/><D96/><RYUUKYOKU ba="0,1" sc="207,-15,170,15,418,-15,195,15" hai1="5,8,12,25,32,41,46,49,50,52,59,60,61" hai3="23,29,55,58,62,65,66,67,76,77" /><INIT seed="5,1,1,5,1,7" ten="192,185,403,210" oya="1" hai0="4,54,73,51,86,77,93,42,128,132,66,127,67" hai1="117,106,89,37,64,23,10,123,114,34,91,33,74" hai2="95,44,101,120,104,88,25,53,79,57,2,115,135" hai3="3,29,121,32,107,71,126,80,99,87,65,13,133"/><U124/><E117/><V22/><F120/><W28/><G3/><T20/><D132/><U129/><E123/><V122/><F122/><W21/><G121/><T83/><D127/><U90/><E124/><V16/><F2/><W43/><G126/><T97/><D128/><U50/><E37/><V31/><F79/><W84/><G133/><T103/><D42/><U85/><E74/><V27/><F135/><W92/><G107/><T69/><D69/><U109/><E106/><V100/><F44/><W47/><G71/><T40/><D40/><U70/><E129/><V19/><F104/><W58/><G32/><T26/><D4/><U62/><E109/><V61/><F115/><W0/><G0/><T118/><D73/><U52/><E114/><V105/><F105/><W75/><G75/><T45/><REACH who="0" step="1"/><D118/><REACH who="0" ten="182,185,403,210" step="2"/><U11/><E85/><N who="2" m="52623" /><F27/><W113/><G43/><T81/><D81/><U46/><REACH who="1" step="1"/><E23/><REACH who="1" ten="182,175,403,210" step="2"/><V119/><F119/><W112/><G84/><T12/><D12/><U131/><E131/><V36/><F36/><W38/><G112/><T35/><D35/><AGARI ba="1,3" hai="10,11,33,34,35,46,50,52,62,64,70,89,90,91" machi="35" ten="40,12000,1" yaku="1,1,52,2,54,1,53,0" doraHai="7" doraHaiUra="125" who="1" fromWho="0" sc="182,-123,175,153,403,0,210,0" /><INIT seed="5,2,0,1,2,114" ten="59,328,403,210" oya="1" hai0="31,42,105,108,84,106,115,91,78,109,24,87,21" hai1="36,83,134,27,65,60,20,112,22,52,102,3,13" hai2="80,110,44,97,66,71,16,123,94,88,9,25,81" hai3="117,26,73,14,1,104,135,64,48,76,93,17,51"/><U59/><E36/><V46/><F123/><W90/><G104/><T43/><D91/><U8/><E3/><V67/><F110/><W118/><G1/><T98/><D98/><U53/><E112/><V129/><F129/><W79/><G135/><T5/><D115/><U72/><E134/><V69/><F69/><W55/><G64/><N who="2" m="24617" /><F71/><W86/><G26/><T54/><D21/><U75/><E102/><V85/><F80/><W124/><G124/><T37/><D24/><U113/><E113/><V95/><F95/><W10/><G51/><T28/><D5/><U35/><E35/><V49/><F49/><W116/><G73/><T41/><D41/><U29/><E22/><N who="2" m="13511" /><F9/><W130/><G130/><T50/><D50/><U58/><E83/><V56/><F56/><AGARI ba="2,0" hai="10,14,17,48,55,56,76,79,86,90,93,116,117,118" machi="56" ten="40,8000,1" yaku="12,1,52,3" doraHai="114" who="3" fromWho="2" sc="59,0,328,0,403,-86,210,86" /><INIT seed="6,0,0,1,0,62" ten="59,328,317,296" oya="2" hai0="53,133,104,126,81,106,120,86,105,118,39,108,58" hai1="134,17,99,84,52,64,94,16,49,35,116,131,71" hai2="121,130,113,34,76,89,109,96,19,102,75,61,18" hai3="93,83,8,30,43,44,12,63,132,25,90,59,7"/><V112/><F121/><W77/><G132/><T95/><D39/><U24/><E116/><V74/><F34/><W98/><G30/><T115/><D53/><U50/><E134/><V80/><F61/><W73/><G25/><T119/><D58/><N who="1" m="33039" /><E71/><V37/><F37/><W45/><REACH who="3" step="1"/><G43/><REACH who="3" ten="59,328,317,286" step="2"/><T72/><D133/><U27/><E24/><V111/><F130/><W60/><G60/><T79/><D120/><U4/><E27/><V123/><F123/><W38/><G38/><T110/><D126/><U78/><E131/><V46/><F46/><W6/><G6/><T129/><D129/><U117/><E35/><V20/><F18/><N who="1" m="7273" /><E50/><V31/><F31/><W42/><G42/><T32/><D32/><U41/><E4/><V22/><F19/><W70/><G70/><T26/><D26/><U65/><E41/><V36/><F36/><W11/><G11/><T67/><D115/><N who="2" m="44106" /><F22/><W82/><G82/><T13/><D13/><U97/><E117/><N who="0" m="44553" /><D67/><AGARI ba="0,1" hai="7,8,12,44,45,59,63,67,73,77,83,90,93,98" machi="67" ten="30,7700,0" yaku="1,1,7,1,52,1,53,1" doraHai="62" doraHaiUra="85" who="3" fromWho="0" sc="59,-77,328,0,317,0,286,87" owari="-18,-51.8,328,12.8,317,-8.3,373,47.3" /></mjloggm>