<mjloggm ver="2.3"><GO type="169" lobby="0"/><UN n0="%6B%E3%81%AE" n1="%E6%9C%AA%E6%9D%A5%E5%B0%91%E5%B9%B4" n2="%E3%81%97%E3%82%93%E3%81%A1%E3%82%83%E3%82%93%E3%80%82" n3="%E5%A5%88%E8%89%AF%E3%82%B7%E3%82%AB%E3%83%9E%E3%83%AB%EF%BC%81" dan="17,16,16,16" rate="2233.65,2151.81,2012.31,2142.23" sx="M,F,F,M"/><TAIKYOKU oya="0"/><INIT seed="0,0,0,1,2,114" ten="250,250,250,250" oya="0" hai0="134,46,97,57,70,124,125,38,111,20,122,135,115" hai1="32,78,77,130,94,72,104,45,71,87,66,126,54" hai2="31,65,19,21,60,103,108,42,101,62,28,76,35" hai3="59,128,18,26,96,133,106,82,4,39,7,107,29"/><T12/><D122/><U118/><E104/><V117/><F108/><W56/><G39/><T8/><D115/><U105/><E105/><V113/><F113/><W79/><G128/><T121/><D121/><U89/><E32/><V90/><F76/><W6/><G18/><T100/><D70/><U74/><E130/><V131/><F131/><W5/><G133/><N who="0" m="50699" /><D20/><U81/><E126/><N who="0" m="48745" /><D57/><U119/><E66/><V25/><F42/><W34/><N who="3" m="1024" /><DORA hai="58" /><W43/><G43/><N who="0" m="22903" /><D111/><U116/><E71/><V64/><F35/><W92/><G56/><T52/><D12/><U91/><E45/><V13/><F65/><W15/><G15/><T41/><D41/><U44/><E44/><V120/><F120/><W109/><G59/><T16/><D8/><U102/><E54/><V86/><F64/><W9/><G9/><T0/><D0/><U48/><E48/><V17/><F13/><W99/><G109/><T73/><D73/><N who="1" m="28267" /><E102/><V30/><F101/><W10/><G10/><T49/><D49/><U47/><E47/><V27/><F103/><W98/><REACH who="3" step="1"/><G92/><REACH who="3" ten="250,250,250,240" step="2"/><N who="0" m="58407" /><D16/><U110/><E110/><V83/><F17/><W51/><G51/><T129/><D129/><U11/><E11/><V95/><F95/><W69/><G69/><T36/><D36/><U84/><AGARI ba="0,1" hai="77,78,81,84,87,89,91,94,116,118,119" m="28267" machi="84" ten="40,8000,1" yaku="34,2,52,3" doraHai="114,58" who="1" fromWho="1" sc="250,-40,250,90,250,-20,240,-20" /><INIT seed="1,0,0,5,2,18" ten="210,340,230,220" oya="1" hai0="79,13,21,81,91,82,106,133,107,135,53,93,4" hai1="116,47,51,12,121,36,24,76,61,32,10,20,115" hai2="124,63,103,120,77,44,33,70,68,119,9,99,62" hai3="1,71,31,122,132,58,78,11,125,123,23,8,126"/><U30/><E115/><V97/><F119/><W110/><G71/><T3/><D3/><U95/><E116/><V45/><F120/><W15/><G78/><T17/><D4/><U102/><E121/><N who="3" m="46090" /><G58/><T37/><D37/><U42/><E76/><V111/><F77/><W40/><G40/><T105/><D53/><U88/><E102/><V90/><F103/><W6/><G110/><T75/><REACH who="0" step="1"/><D81/><REACH who="0" ten="200,340,230,220" step="2"/><U73/><E36/><V83/><F83/><W2/><G132/><T52/><D52/><U130/><E130/><V112/><F112/><W27/><G2/><T104/><N who="0" m="26624" /><DORA hai="41" /><T67/><D67/><U131/><E131/><V84/><F111/><W89/><G89/><T85/><AGARI ba="0,1" hai="13,17,21,75,79,82,85,91,93,133,135" m="26624" machi="85" ten="60,7900,0" yaku="1,1,0,1,52,1,53,0" doraHai="18,41" doraHaiUra="134,117" who="0" fromWho="0" sc="200,89,340,-39,230,-20,220,-20" /><INIT seed="2,0,0,5,3,98" ten="289,301,210,200" oya="2" hai0="128,80,56,93,104,50,46,72,15,105,69,19,30" hai1="109,108,53,48,10,73,121,82,113,81,2,27,12" hai2="114,120,78,26,63,123,62,13,88,11,58,99,36" hai3="37,95,17,8,22,103,76,135,74,55,85,1,41"/><V38/><F114/><W25/><G135/><T44/><D69/><U126/><E113/><V129/><F129/><W77/><G74/><T3/><D3/><U32/><E2/><V97/><F78/><W28/><G37/><T102/><D30/><N who="1" m="19551" /><E73/><V54/><F26/><W51/><G41/><T122/><D122/><U64/><E64/><V70/><F99/><N who="3" m="59903" /><G1/><T33/><D33/><U118/><E126/><V133/><F133/><W125/><G125/><T130/><D56/><N who="1" m="32807" /><E118/><V68/><F123/><W9/><G85/><T83/><D46/><U14/><E14/><V7/><F120/><W111/><G111/><N who="1" m="42570" /><E121/><V65/><REACH who="2" step="1"/><F70/><REACH who="2" ten="289,301,200,200" step="2"/><W71/><G71/><T23/><D130/><U66/><E66/><V107/><F107/><W89/><G77/><T91/><D105/><U94/><E94/><AGARI ba="0,1" hai="7,11,13,36,38,54,58,62,63,65,68,88,94,97" machi="94" ten="40,3900,0" yaku="1,1,54,1,53,0" doraHai="98" doraHaiUra="127" who="2" fromWho="1" sc="289,0,301,-39,200,49,200,0" /><INIT seed="2,1,0,5,4,46" ten="289,262,249,200" oya="2" hai0="5,131,78,41,97,61,2,29,44,49,62,81,56" hai1="114,68,79,67,134,24,96,126,95,116,127,28,106" hai2="18,83,33,76,93,1,48,77,94,91,59,102,12" hai3="118,50,11,82,47,22,64,31,63,15,27,84,135"/><V122/><F1/><W85/><G135/><T32/><D131/><U124/><E114/><V103/><F33/><W45/><G45/><T121/><D121/><U66/><E116/><V87/><F122/><W39/><G39/><T69/><D32/><U72/><E134/><V21/><F94/><W17/><G118/><T98/><D29/><U113/><E106/><V132/><F132/><W88/><G84/><T19/><D19/><U13/><E13/><V74/><REACH who="2" step="1"/><F77/><REACH who="2" ten="289,262,239,200" step="2"/><W73/><G73/><T80/><D80/><N who="1" m="45159" /><E113/><V53/><AGARI ba="1,1" hai="12,18,21,48,53,59,74,76,83,87,91,93,102,103" machi="53" ten="30,18000,2" yaku="1,1,0,1,25,2,52,1,53,1" doraHai="46" doraHaiUra="51" who="2" fromWho="2" sc="289,-61,262,-61,239,193,200,-61" /><INIT seed="2,2,0,0,4,107" ten="228,201,432,139" oya="2" hai0="128,23,115,98,29,80,25,0,49,19,94,11,126" hai1="93,83,120,116,79,85,65,27,1,103,10,67,134" hai2="108,95,30,14,3,111,54,86,113,63,102,16,114" hai3="68,121,17,21,133,64,24,43,33,123,59,62,55"/><V92/><F3/><W90/><G133/><T18/><D115/><U57/><E116/><V15/><F30/><W91/><G33/><T96/><D128/><U125/><E134/><V32/><F32/><W61/><REACH who="3" step="1"/><G43/><REACH who="3" ten="228,201,432,129" step="2"/><T76/><D126/><U31/><E125/><V44/><F114/><W109/><G109/><T84/><D49/><U37/><E37/><V74/><F113/><W135/><G135/><T7/><REACH who="0" step="1"/><D98/><REACH who="0" ten="218,201,432,129" step="2"/><U50/><E50/><N who="2" m="28999" /><F111/><W105/><G105/><T101/><AGARI ba="2,2" hai="0,7,11,18,19,23,25,29,76,80,84,94,96,101" machi="101" ten="20,8000,1" yaku="1,1,0,1,7,1,53,2" doraHai="107" doraHaiUra="13" who="0" fromWho="0" sc="218,106,201,-22,432,-42,129,-22" /><INIT seed="3,0,0,3,3,128" ten="324,179,390,107" oya="3" hai0="135,76,124,0,130,89,14,111,126,20,46,42,55" hai1="41,38,94,95,117,84,2,45,78,110,90,8,103" hai2="109,75,82,47,36,134,21,113,16,71,39,37,97" hai3="15,80,100,1,98,69,102,52,59,40,83,10,62"/><W96/><G1/><T43/><D0/><U104/><E110/><V120/><F113/><W105/><G69/><T67/><D76/><U66/><E117/><V11/><F109/><W106/><REACH who="3" step="1"/><G40/><REACH who="3" ten="324,179,390,97" step="2"/><T70/><D43/><U33/><E2/><V74/><F71/><W72/><G72/><T132/><D42/><U125/><E41/><V121/><F37/><W61/><G61/><N who="0" m="40303" /><D111/><U64/><E38/><V44/><F39/><W35/><G35/><T13/><D130/><U50/><E33/><V30/><F74/><W31/><G31/><T48/><D124/><U107/><E125/><V123/><F30/><W112/><G112/><T115/><D126/><U133/><E50/><V118/><F36/><W3/><G3/><T51/><D51/><U85/><E107/><V81/><F75/><W93/><G93/><T99/><D115/><U58/><E104/><V23/><F120/><W25/><G25/><T32/><D32/><U57/><E94/><V127/><F127/><W53/><G53/><T56/><D55/><U12/><E95/><V60/><F121/><W88/><G88/><T34/><D34/><U19/><E90/><V68/><F60/><W63/><G63/><T119/><D48/><U131/><E66/><V77/><F68/><W29/><G29/><T26/><D26/><U18/><E64/><V49/><F49/><W108/><G108/><T122/><D89/><U6/><E45/><V22/><F44/><W7/><AGARI ba="0,1" hai="7,10,15,52,59,62,80,83,96,98,100,102,105,106" machi="7" ten="20,18000,2" yaku="1,1,0,1,7,1,9,1,54,1,53,2" doraHai="128" doraHaiUra="92" who="3" fromWho="3" sc="324,-60,179,-60,390,-60,97,190" /><INIT seed="3,1,0,5,5,70" ten="264,119,330,287" oya="3" hai0="57,11,126,61,35,28,104,112,30,82,38,78,10" hai1="96,76,109,41,93,135,120,67,122,102,22,37,15" hai2="111,43,91,85,75,66,31,9,99,42,62,114,107" hai3="68,60,74,40,108,117,129,1,34,27,103,95,118"/><W134/><G74/><T39/><D104/><U69/><E109/><V29/><F75/><W128/><G1/><T50/><D126/><U3/><E135/><V123/><F111/><W100/><G108/><T18/><D112/><U83/><E3/><V121/><F114/><W24/><G134/><T86/><D50/><U130/><E130/><N who="3" m="50282" /><G40/><T47/><D47/><U87/><E67/><V4/><F43/><W71/><G60/><T63/><D63/><U80/><E69/><N who="3" m="26698" /><G95/><T73/><D73/><U25/><E15/><V125/><F125/><W88/><G88/><T32/><D32/><U44/><REACH who="1" step="1"/><E83/><REACH who="1" ten="264,109,330,287" step="2"/><V97/><F66/><W16/><G27/><T58/><D82/><U92/><E92/><V115/><F107/><W101/><G34/><T8/><D35/><U127/><E127/><V81/><F81/><W5/><G5/><T72/><D72/><U133/><E133/><V21/><F4/><W98/><G98/><T105/><D105/><U116/><E116/><V20/><F97/><W90/><G118/><T79/><D86/><U106/><E106/><V94/><F85/><W36/><G24/><T46/><D79/><U84/><E84/><V6/><F6/><W52/><G117/><T113/><D78/><U13/><E13/><V48/><F91/><W26/><G90/><T53/><D113/><U17/><AGARI ba="1,1" hai="17,22,25,37,41,44,76,80,87,93,96,102,120,122" machi="17" ten="20,5200,0" yaku="1,1,0,1,7,1,52,1,53,0" doraHai="70" doraHaiUra="124" who="1" fromWho="1" sc="264,-14,109,65,330,-14,287,-27" /><INIT seed="4,0,0,0,4,65" ten="250,174,316,260" oya="0" hai0="6,48,107,113,15,127,133,131,5,0,31,108,64" hai1="104,97,24,118,88,49,56,7,94,67,58,92,28" hai2="98,89,129,25,2,20,29,59,43,11,36,78,54" hai3="17,90,96,35,84,126,53,135,74,110,21,3,128"/><T26/><D107/><U14/><E118/><V40/><F129/><W122/><G110/><T22/><D48/><U120/><E120/><V81/><F36/><W103/><G74/><T70/><D108/><U19/><E104/><V45/><F2/><W134/><G3/><T46/><D46/><U125/><E125/><V23/><F11/><W13/><G35/><T47/><D47/><U82/><E7/><V38/><F40/><W79/><G79/><T68/><D64/><U121/><E121/><V62/><F89/><W50/><G128/><T71/><D131/><U91/><E49/><V114/><F98/><W116/><G116/><T111/><D111/><U8/><E82/><V27/><F114/><W99/><G126/><T119/><D119/><U33/><REACH who="1" step="1"/><E67/><REACH who="1" ten="250,164,316,260" step="2"/><V39/><F38/><W124/><G124/><T55/><D127/><U106/><E106/><V16/><REACH who="2" step="1"/><F81/><REACH who="2" ten="250,164,306,260" step="2"/><W102/><G122/><T12/><D113/><U32/><E32/><V130/><F130/><W101/><G134/><T109/><D133/><U52/><E52/><V93/><F93/><N who="3" m="54471" /><G135/><T42/><D55/><U4/><E4/><V117/><F117/><W1/><G1/><T85/><D5/><U112/><E112/><V9/><F9/><W115/><G115/><T60/><D6/><U83/><E83/><V76/><AGARI ba="0,2" hai="16,20,23,25,27,29,39,43,45,54,59,62,76,78" machi="76" ten="30,4000,0" yaku="1,1,0,1,54,1,53,0" doraHai="65" doraHaiUra="80" who="2" fromWho="2" sc="250,-20,164,-10,306,60,260,-10" /><INIT seed="5,0,0,3,1,113" ten="230,154,366,250" oya="1" hai0="73,72,63,30,59,116,23,121,32,6,87,93,13" hai1="81,92,95,42,103,7,35,53,41,126,105,68,8" hai2="134,3,66,96,14,99,5,18,69,43,1,123,107" hai3="74,127,12,10,46,51,112,130,67,114,16,33,22"/><U26/><E68/><V9/><F123/><W135/><G74/><T34/><D121/><U60/><E126/><V44/><F134/><W55/><G33/><T128/><D128/><U122/><E122/><V50/><F107/><W129/><G67/><T76/><D116/><U77/><E105/><V97/><F66/><W108/><G108/><T19/><D6/><U94/><E103/><V100/><F69/><W11/><G135/><T110/><D110/><U0/><E35/><V111/><F111/><W117/><G127/><T80/><D30/><U15/><E26/><V49/><F100/><W61/><G61/><T71/><D71/><U47/><E0/><V4/><F4/><W84/><G84/><T86/><D86/><N who="1" m="48431" /><E47/><V25/><F25/><W17/><G117/><T31/><D31/><U58/><AGARI ba="0,0" hai="7,8,15,41,42,53,58,60,92,94,95" m="48431" machi="58" ten="30,1500,0" yaku="8,1" doraHai="113" who="1" fromWho="1" sc="230,-5,154,15,366,-5,250,-5" /><INIT seed="5,1,0,2,2,12" ten="225,169,361,245" oya="1" hai0="89,129,2,126,9,94,15,133,90,32,69,56,128" hai1="110,100,109,111,59,82,17,87,41,27,29,130,62" hai2="77,107,31,52,91,26,53,115,63,97,85,43,24" hai3="79,103,122,112,18,1,48,33,80,70,119,20,7"/><U3/><E130/><N who="0" m="50281" /><D69/><U108/><N who="1" m="27648" /><DORA hai="35" /><U64/><E3/><V73/><F115/><W6/><G33/><T125/><D32/><U74/><E100/><N who="2" m="62863" /><F43/><W75/><G70/><T71/><D71/><U113/><E113/><V106/><F106/><W127/><G122/><T86/><D2/><U120/><E120/><V124/><F124/><N who="0" m="47722" /><D56/><U13/><E41/><V45/><F45/><W10/><G119/><T68/><D68/><U23/><E74/><V84/><F63/><W50/><G7/><N who="0" m="3519" /><D89/><U99/><E99/><V83/><F73/><W42/><G112/><T123/><D123/><U118/><E118/><V88/><F91/><W116/><G116/><T21/><D21/><U37/><E37/><V30/><F88/><W61/><G103/><T34/><D34/><U78/><REACH who="1" step="1"/><E13/><REACH who="1" ten="225,159,361,245" step="2"/><V98/><F98/><W58/><G42/><T60/><D60/><U101/><E101/><V49/><F85/><W25/><REACH who="3" step="1"/><G127/><REACH who="3" ten="225,159,361,235" step="2"/><T96/><D96/><U66/><E66/><AGARI ba="1,2" hai="1,6,10,18,20,25,48,50,58,61,66,75,79,80" machi="66" ten="30,8000,1" yaku="1,1,2,1,7,1,52,2,53,0" doraHai="12,35" doraHaiUra="134,28" who="3" fromWho="1" sc="225,0,159,-83,361,0,235,103" /><INIT seed="6,0,0,4,1,64" ten="225,76,361,338" oya="2" hai0="26,15,48,51,89,96,28,40,75,71,99,101,5" hai1="77,41,98,118,88,115,69,114,36,46,61,14,126" hai2="25,3,58,90,34,85,107,104,0,117,106,6,121" hai3="105,81,52,39,66,13,94,70,53,87,31,17,29"/><V129/><F117/><W8/><G105/><T82/><D40/><U110/><E126/><V95/><F121/><W68/><G66/><T37/><D37/><U102/><E118/><V23/><F34/><W32/><G39/><T91/><D5/><U49/><E110/><V80/><F129/><W4/><G32/><T97/><D15/><U65/><E77/><V2/><F58/><W92/><G68/><T83/><D101/><U125/><E125/><V124/><F124/><W108/><G70/><T9/><D9/><U62/><E62/><V20/><F6/><W59/><G59/><T38/><BYE who="3" /><D38/><U30/><E30/><V50/><F50/><UN n3="%E5%A5%88%E8%89%AF%E3%82%B7%E3%82%AB%E3%83%9E%E3%83%AB%EF%BC%81" /><W44/><G4/><T122/><D71/><U45/><E14/><V103/><F25/><W42/><G42/><T73/><D122/><U63/><E63/><V128/><F128/><W56/><G53/><T135/><D26/><U100/><E100/><V21/><F103/><W43/><G43/><T22/><D22/><U35/><E35/><V55/><F55/><W60/><G44/><T11/><D11/><U57/><E46/><V133/><F133/><W79/><G108/><T116/><D28/><AGARI ba="0,0" hai="8,13,17,28,29,31,52,56,60,79,81,87,92,94" machi="28" ten="40,2600,0" yaku="8,1,54,1" doraHai="64" who="3" fromWho="0" sc="225,-26,76,0,361,0,338,26" /><INIT seed="7,0,0,3,1,50" ten="199,76,361,364" oya="3" hai0="31,114,70,85,21,105,92,26,133,109,122,75,34" hai1="64,4,3,134,14,100,101,47,16,129,106,73,5" hai2="22,135,125,58,7,41,102,23,1,28,61,123,67" hai3="49,59,89,118,18,117,77,72,63,81,97,112,130"/><W17/><G112/><T94/><D85/><U6/><E134/><V83/><F135/><W25/><G130/><T87/><D87/><U104/><E129/><V10/><F125/><W99/><G117/><T27/><D94/><U68/><E73/><V113/><F113/><W132/><G132/><T84/><D84/><U36/><E68/><V44/><F83/><W98/><G118/><T120/><D92/><U116/><E116/><V57/><F123/><W32/><G89/><T0/><D105/><U42/><E64/><V128/><F128/><W53/><REACH who="3" step="1"/><G63/><REACH who="3" ten="199,76,361,354" step="2"/><T54/><D114/><U111/><E111/><V78/><F61/><W76/><G76/><T56/><D109/><U119/><E119/><V69/><F78/><W35/><G35/><T74/><D133/><U29/><E3/><V38/><F102/><W12/><G12/><T62/><D0/><U127/><E127/><V13/><F1/><W124/><G124/><T93/><D122/><U80/><E80/><V48/><F38/><W88/><G88/><T46/><D120/><U107/><REACH who="1" step="1"/><E29/><AGARI ba="0,1" hai="17,18,25,29,32,49,53,59,72,77,81,97,98,99" machi="29" ten="40,7700,0" yaku="1,1,52,1,53,1" doraHai="50" doraHaiUra="30" who="3" fromWho="1" sc="199,0,76,-77,361,0,354,87" owari="199,-20.1,-1,-50.1,361,16.1,441,54.1" /></mjloggm>