<mjloggm ver="2.3"><GO type="169" lobby="0"/><UN n0="%48%4F%4D%4F%E5%A5%B3" n1="%E8%B1%86%E3%83%80%E3%83%9E%E8%AD%A6%E5%AF%9F" n2="%E3%81%A1%E3%82%87%E3%82%8A%E3%81%8A" n3="%E3%83%94%E3%82%AC%E3%82%B7" dan="16,16,16,17" rate="2085.85,2136.33,2122.38,2177.44" sx="M,M,M,M"/><TAIKYOKU oya="0"/><INIT seed="0,0,0,5,2,112" ten="250,250,250,250" oya="0" hai0="20,9,110,39,36,105,80,83,108,6,121,47,21" hai1="57,4,78,119,118,116,40,65,132,89,38,67,32" hai2="124,102,88,134,64,95,43,63,79,71,33,73,52" hai3="37,26,58,92,60,5,25,24,77,87,135,111,113"/><T130/><D121/><U109/><E32/><V98/><F134/><W122/><G113/><T91/><D105/><U27/><E78/><V126/><F33/><W12/><G135/><T123/><D130/><U90/><E132/><V117/><F117/><W10/><G122/><T72/><D123/><U101/><E101/><V106/><F43/><W22/><G111/><N who="0" m="42539" /><D91/><U131/><E109/><V35/><F35/><W56/><G37/><N who="0" m="14411" /><D47/><U133/><E131/><V66/><F66/><W85/><G77/><N who="0" m="44071" /><D83/><U28/><E133/><V82/><REACH who="2" step="1"/><F52/><REACH who="2" ten="250,250,240,250" step="2"/><N who="3" m="33799" /><G58/><T49/><D49/><U19/><E40/><V81/><F81/><W69/><G69/><T100/><D100/><U61/><E38/><V51/><F51/><W14/><G92/><T76/><D76/><U17/><E67/><V128/><F128/><W93/><G93/><T115/><D115/><U125/><E65/><V1/><F1/><AGARI ba="0,1" hai="1,6,9,20,21" m="44071,14411,42539" machi="1" ten="30,2900,0" yaku="14,1,10,1" doraHai="112" who="0" fromWho="2" sc="250,39,250,0,240,-29,250,0" /><INIT seed="0,1,0,5,3,120" ten="289,250,211,250" oya="0" hai0="84,125,108,71,72,29,28,123,69,61,130,68,110" hai1="50,122,22,31,21,90,117,135,64,114,89,26,34" hai2="113,35,17,103,132,131,92,37,116,129,46,9,98" hai3="133,20,70,45,128,14,101,56,66,52,111,83,7"/><T62/><D123/><U39/><E122/><V79/><F113/><W102/><G128/><T65/><D125/><U23/><E39/><V99/><F35/><W112/><G112/><T51/><D72/><U13/><E114/><V8/><F79/><W80/><G133/><T76/><D130/><N who="2" m="49674" /><F132/><W78/><G83/><N who="0" m="47207" /><D51/><U12/><E135/><V93/><F116/><W118/><G118/><T54/><D54/><U43/><E64/><V88/><F17/><W53/><G70/><N who="0" m="27243" /><D62/><U38/><E38/><V3/><F3/><W96/><G66/><T100/><D100/><U18/><E117/><V15/><F15/><W0/><G102/><T67/><D67/><U104/><E104/><V27/><F27/><W42/><G0/><T91/><D91/><U75/><E75/><V82/><F82/><W127/><G127/><T107/><D107/><U105/><E105/><V41/><AGARI ba="1,0" hai="8,9,37,41,46,88,92,93,98,99,103" m="49674" machi="41" ten="30,2000,0" yaku="19,1,54,1" doraHai="120" who="2" fromWho="2" sc="289,-11,250,-6,211,23,250,-6" /><INIT seed="1,0,0,2,1,36" ten="278,244,234,244" oya="1" hai0="11,17,9,57,115,66,24,52,5,27,97,53,85" hai1="125,43,99,121,74,81,2,59,30,86,77,98,71" hai2="0,122,61,63,1,20,120,79,41,101,29,92,22" hai3="12,40,70,130,126,50,4,72,58,38,112,73,26"/><U48/><E121/><V80/><F101/><W35/><G112/><T132/><D132/><U87/><E125/><V62/><F92/><W45/><G126/><T18/><D115/><U107/><E71/><V78/><F80/><W31/><G130/><T14/><D97/><U131/><E2/><V6/><F6/><W7/><G70/><T32/><D32/><U102/><E131/><V111/><F111/><W75/><REACH who="3" step="1"/><G12/><REACH who="3" ten="278,244,234,234" step="2"/><T49/><D66/><U123/><E123/><V114/><F114/><W94/><G94/><T129/><D129/><U33/><E107/><V108/><F108/><W10/><G10/><T13/><D5/><U54/><E102/><V55/><F120/><W104/><G104/><T8/><D8/><U42/><E99/><V64/><F64/><W135/><G135/><T60/><REACH who="0" step="1"/><D85/><REACH who="0" ten="268,244,234,234" step="2"/><U46/><E98/><V47/><F122/><W88/><G88/><T82/><D82/><U113/><E113/><V118/><F78/><W84/><G84/><T56/><AGARI ba="0,2" hai="9,11,13,14,17,18,24,27,49,52,53,56,57,60" machi="56" ten="20,12000,2" yaku="1,1,0,1,7,1,9,1,8,1,54,1,53,0" doraHai="36" doraHaiUra="100" who="0" fromWho="0" sc="268,140,244,-60,234,-30,234,-30" /><INIT seed="2,0,0,5,5,22" ten="408,184,204,204" oya="2" hai0="111,57,56,133,67,119,37,59,113,89,96,98,5" hai1="60,64,83,1,87,125,0,29,45,62,110,84,7" hai2="121,10,77,50,38,122,55,128,80,26,94,21,70" hai3="48,112,75,28,105,18,130,123,95,104,15,93,49"/><V31/><F38/><W27/><G123/><T101/><D113/><U106/><E106/><V43/><F70/><W41/><G130/><T19/><D111/><U65/><E45/><V17/><F43/><W53/><G112/><T79/><D119/><U16/><E29/><V90/><F10/><W78/><G75/><T25/><D37/><U71/><E125/><V124/><F128/><W81/><G104/><T68/><D79/><U88/><E110/><V51/><F51/><W39/><G105/><T103/><D5/><U115/><E7/><V109/><F109/><W40/><G39/><T116/><D116/><U47/><E47/><V69/><F69/><W107/><G107/><T73/><D73/><U91/><E16/><V74/><F31/><W99/><G95/><T14/><D89/><U131/><E131/><V8/><F8/><W86/><G49/><T42/><D42/><U108/><E115/><V36/><F36/><W3/><G3/><T135/><D67/><U61/><E61/><V118/><F124/><W4/><G4/><T6/><D6/><U127/><E127/><V33/><F33/><W30/><G41/><T46/><D46/><U13/><E13/><V72/><F72/><W44/><G40/><T35/><D68/><U129/><E129/><V114/><F114/><W20/><REACH who="3" step="1"/><G15/><REACH who="3" ten="408,184,204,194" step="2"/><T9/><D14/><U92/><REACH who="1" step="1"/><E108/><REACH who="1" ten="408,174,204,194" step="2"/><V58/><REACH who="2" step="1"/><F118/><REACH who="2" ten="408,174,194,194" step="2"/><W100/><AGARI ba="0,3" hai="18,20,27,28,30,44,48,53,78,81,86,93,99,100" machi="100" ten="20,12000,2" yaku="1,1,2,1,0,1,7,1,8,1,52,1,53,0" doraHai="22" doraHaiUra="126" who="3" fromWho="3" sc="408,-30,174,-30,194,-60,194,150" /><INIT seed="3,0,0,1,3,110" ten="378,144,134,344" oya="3" hai0="11,121,84,100,21,115,109,79,96,43,129,0,120" hai1="44,108,52,47,98,95,91,17,97,104,15,35,87" hai2="130,94,90,46,61,36,16,70,49,111,45,67,126" hai3="107,14,112,19,135,76,85,51,39,89,37,1,101"/><W66/><G1/><T28/><D129/><U99/><E108/><V64/><F111/><W13/><G135/><T56/><D109/><U83/><E35/><V20/><F130/><W7/><G76/><T93/><D43/><U23/><E104/><V8/><F126/><W114/><G66/><T62/><D11/><U29/><E29/><V74/><F74/><W10/><G39/><T82/><D0/><U132/><E132/><V6/><F36/><W40/><G37/><T30/><D30/><U113/><E113/><V60/><F49/><W116/><G116/><T86/><D86/><U38/><E38/><V26/><F8/><W57/><G101/><T128/><D128/><U75/><E75/><V58/><REACH who="2" step="1"/><F6/><REACH who="2" ten="378,144,124,344" step="2"/><W41/><G107/><T3/><D120/><U117/><E117/><V78/><F78/><W123/><G123/><T68/><D121/><U50/><REACH who="1" step="1"/><E47/><REACH who="1" ten="378,134,124,344" step="2"/><V124/><F124/><W131/><G131/><T102/><D115/><U73/><E73/><V118/><F118/><W33/><G114/><T80/><D28/><U72/><E72/><V77/><F77/><AGARI ba="0,2" hai="15,17,23,44,50,52,77,83,87,91,95,97,98,99" machi="77" ten="30,12000,2" yaku="1,1,7,1,8,1,54,1,53,3" doraHai="110" doraHaiUra="92" who="1" fromWho="2" sc="378,0,134,140,124,-120,344,0" /><INIT seed="4,0,0,4,3,39" ten="378,274,4,344" oya="0" hai0="43,55,119,17,107,115,77,23,122,12,24,19,4" hai1="69,90,131,58,108,62,71,91,94,85,92,34,132" hai2="61,87,96,52,76,57,6,8,30,133,79,80,99" hai3="48,135,26,44,98,53,123,102,37,81,60,13,95"/><T10/><D119/><U113/><E108/><V117/><F133/><W18/><G135/><T21/><D107/><U31/><E132/><V45/><F117/><W25/><G123/><T3/><D77/><U100/><E131/><V128/><F128/><W116/><G116/><T126/><D122/><U112/><E100/><V7/><F30/><W49/><G37/><T72/><D72/><U22/><E34/><V74/><F74/><W54/><G60/><T66/><D66/><U40/><E40/><V15/><F79/><W38/><G81/><T83/><D83/><U46/><E46/><V73/><F73/><W82/><G82/><T11/><D55/><U1/><E1/><V129/><F129/><W41/><G38/><T63/><D63/><U56/><E22/><V120/><F120/><W16/><G18/><N who="0" m="12343" /><D43/><U42/><E42/><V86/><F7/><W121/><G121/><T84/><D84/><U89/><E89/><V47/><F87/><W111/><G111/><T9/><D126/><U59/><E31/><V88/><F76/><W68/><G68/><T51/><D51/><U110/><E110/><V125/><F125/><W28/><G28/><T0/><D115/><N who="1" m="44107" /><E62/><V32/><F32/><W2/><G2/><N who="0" m="151" /><D10/><U33/><E33/><V124/><F124/><W106/><G106/><T127/><D127/><U134/><E134/><V93/><F80/><W20/><G53/><T114/><D114/><U65/><E65/><V36/><F36/><W105/><G105/><T70/><D70/><N who="1" m="26635" /><E85/><V50/><F45/><AGARI ba="0,0" hai="13,16,20,25,26,41,44,45,48,49,54,95,98,102" machi="45" ten="30,7700,0" yaku="7,1,8,1,52,1,54,1" doraHai="39" who="3" fromWho="2" sc="378,0,274,0,4,-77,344,77" owari="378,17.8,274,-12.6,-73,-57.3,421,52.1" /></mjloggm>