<mjloggm ver="2.3"><GO type="169" lobby="0"/><UN n0="%4E%6F%2E%30%30%30%31" n1="%E3%82%BF%E3%83%BC%E3%83%90%E3%83%B3%E9%87%8E%E5%8F%A3" n2="%E3%81%9B%E3%81%A9%E3%81%AA%E3%82%8A%E3%81%82%E3%82%93" n3="%E3%81%84%E3%81%84%E3%81%9E" dan="17,17,16,16" rate="2158.52,2166.92,2172.28,2142.34" sx="F,M,M,M"/><TAIKYOKU oya="0"/><INIT seed="0,0,0,5,4,2" ten="250,250,250,250" oya="0" hai0="68,117,116,7,85,12,44,74,97,25,81,9,27" hai1="55,90,46,53,131,58,96,6,54,100,60,65,76" hai2="110,102,69,94,130,18,121,89,61,73,63,103,128" hai3="64,88,82,122,80,39,4,41,1,28,109,8,11"/><T107/><D68/><U49/><E131/><N who="2" m="50219" /><F121/><W57/><G109/><T78/><D27/><U23/><E76/><V70/><F110/><W29/><G122/><T26/><D26/><U13/><E90/><V119/><F73/><W84/><G82/><T112/><D112/><U134/><E134/><V135/><F135/><W10/><G8/><T92/><D25/><U62/><E62/><N who="2" m="23563" /><F18/><W108/><G64/><T20/><D20/><U114/><E114/><V124/><F124/><W66/><G57/><T79/><D79/><U16/><REACH who="1" step="1"/><E6/><REACH who="1" ten="250,240,250,250" step="2"/><V40/><F119/><W123/><G123/><T118/><D74/><U33/><E33/><V86/><F40/><W67/><G108/><T132/><D132/><U56/><E56/><V24/><F24/><W17/><G67/><T22/><D116/><U35/><E35/><V95/><F103/><W115/><G66/><T0/><D117/><U75/><E75/><V45/><F45/><W126/><G115/><T133/><D118/><U106/><AGARI ba="0,1" hai="13,16,23,46,49,53,54,55,58,60,65,96,100,106" machi="106" ten="20,8000,1" yaku="1,1,0,1,7,1,54,1,53,1" doraHai="2" doraHaiUra="101" who="1" fromWho="1" sc="250,-40,240,90,250,-20,250,-20" /><INIT seed="1,0,0,0,4,109" ten="210,330,230,230" oya="1" hai0="99,37,131,81,83,111,35,115,63,89,32,51,50" hai1="55,113,87,76,66,12,40,52,78,130,64,9,28" hai2="77,23,125,70,120,46,20,96,93,72,86,107,90" hai3="58,75,92,62,105,126,100,61,60,27,74,41,2"/><U31/><E130/><V56/><F70/><W114/><G114/><T49/><D37/><U3/><E3/><V43/><F125/><W80/><G126/><T4/><D111/><U59/><E40/><V104/><F120/><W110/><G110/><T79/><D131/><U53/><E113/><V88/><F56/><W95/><G2/><T1/><D1/><U135/><E135/><V117/><F117/><W68/><G68/><T42/><D4/><U13/><E87/><V129/><F129/><W22/><G41/><T119/><D42/><U33/><E33/><V21/><F77/><N who="1" m="29801" /><E59/><V132/><F72/><W133/><G58/><T116/><D115/><U0/><E0/><V38/><REACH who="2" step="1"/><F132/><REACH who="2" ten="210,330,220,230" step="2"/><W122/><G75/><T25/><D116/><U106/><E64/><V73/><F73/><W6/><G74/><T19/><D119/><U45/><E66/><V15/><F15/><W24/><G133/><T84/><D79/><U10/><E13/><V30/><F30/><N who="1" m="11305" /><E12/><V82/><AGARI ba="0,1" hai="20,21,23,38,43,46,82,86,88,90,93,96,104,107" machi="82" ten="30,4000,0" yaku="1,1,0,1,54,1,53,0" doraHai="109" doraHaiUra="14" who="2" fromWho="2" sc="210,-10,330,-20,220,50,230,-10" /><INIT seed="2,0,0,2,1,4" ten="200,310,270,220" oya="2" hai0="112,43,13,71,87,48,35,16,80,97,50,9,135" hai1="106,78,2,77,67,15,17,64,117,122,79,0,111" hai2="107,42,96,39,52,25,121,53,12,41,57,81,10" hai3="88,51,100,33,74,5,105,128,38,54,28,133,68"/><V8/><F121/><W113/><G38/><T90/><D112/><U58/><E117/><V126/><F126/><W7/><G68/><T6/><D71/><U59/><E106/><V40/><F39/><W11/><G113/><T130/><D130/><U46/><E111/><V31/><F81/><W101/><G128/><T94/><D135/><U75/><E75/><V123/><F123/><W119/><G119/><T132/><D132/><U14/><E46/><V62/><F12/><W104/><G74/><T72/><D72/><U114/><E114/><V127/><F127/><W89/><G5/><T86/><D35/><U125/><E125/><V22/><REACH who="2" step="1"/><F53/><REACH who="2" ten="200,310,260,220" step="2"/><W108/><G133/><T95/><D43/><U110/><E122/><V93/><F93/><W30/><G105/><T19/><D94/><U23/><E14/><V55/><F55/><W18/><G104/><T102/><D86/><U36/><E36/><V34/><F34/><W24/><G33/><T129/><D129/><U1/><REACH who="1" step="1"/><E110/><REACH who="1" ten="200,300,260,220" step="2"/><V21/><F21/><W73/><G108/><T45/><D45/><U131/><E131/><V70/><F70/><W98/><G73/><T37/><D37/><U44/><E44/><V69/><F69/><W99/><G24/><T49/><AGARI ba="0,2" hai="6,9,13,16,19,48,49,50,80,87,90,95,97,102" machi="49" ten="30,7900,0" yaku="0,1,8,1,52,1,54,1" doraHai="4" who="0" fromWho="0" sc="200,99,300,-20,260,-39,220,-20" /><INIT seed="3,0,0,3,4,97" ten="299,280,221,200" oya="3" hai0="112,78,71,60,99,51,80,11,126,86,63,56,21" hai1="76,47,121,73,132,113,65,115,107,17,40,119,100" hai2="123,89,38,12,117,81,55,87,15,57,6,95,134" hai3="116,85,120,106,93,105,13,53,50,45,0,94,26"/><W24/><G0/><T128/><D128/><U42/><E65/><V88/><F117/><W103/><G116/><T49/><D126/><U122/><E17/><V114/><F114/><N who="1" m="43529" /><E47/><V52/><F134/><W131/><G131/><T25/><D112/><U70/><E70/><V28/><F38/><W2/><G2/><T27/><D71/><U77/><E119/><V36/><F36/><W124/><G124/><T118/><D63/><U41/><E107/><V90/><F123/><N who="1" m="47113" /><E73/><V67/><F28/><W33/><G120/><T37/><D11/><U29/><E29/><V8/><F15/><W44/><G13/><T96/><D37/><U83/><E83/><V102/><F67/><W127/><G127/><T23/><D118/><U39/><E39/><V130/><F130/><W16/><G106/><T9/><D9/><U7/><E7/><V84/><F55/><W64/><G105/><T68/><D68/><U135/><E100/><V18/><F102/><W79/><G64/><N who="0" m="38919" /><D49/><U59/><E59/><V35/><F35/><W62/><G62/><T111/><D51/><U20/><E20/><V34/><F34/><W75/><G33/><T5/><D5/><U91/><E91/><N who="2" m="51599" /><F6/><W74/><G44/><T14/><D14/><U48/><E48/><AGARI ba="0,0" hai="8,12,18,48,52,57,87,88,89,90,95" m="51599" machi="48" ten="30,3900,0" yaku="8,1,54,2" doraHai="97" who="2" fromWho="1" sc="299,0,280,-39,221,39,200,0" /><INIT seed="4,0,0,3,1,58" ten="299,241,260,200" oya="0" hai0="92,91,88,49,98,10,31,65,104,135,118,5,23" hai1="40,61,75,111,1,46,67,26,38,76,37,62,107" hai2="86,81,14,119,90,106,42,100,125,28,16,11,72" hai3="39,54,101,59,105,48,78,82,17,112,96,113,109"/><T8/><D118/><U87/><E107/><V30/><F125/><W36/><G109/><T4/><D104/><U6/><E111/><V57/><F119/><W110/><G110/><T55/><D135/><U34/><E37/><V108/><F108/><W130/><G130/><T52/><D65/><U129/><E129/><V15/><F42/><W116/><G116/><T50/><D31/><N who="1" m="19831" /><E87/><V123/><F123/><W63/><G17/><T102/><D23/><U18/><E18/><V120/><F120/><W115/><REACH who="3" step="1"/><G48/><REACH who="3" ten="299,241,260,190" step="2"/><N who="0" m="18539" /><D4/><U35/><E6/><V69/><F28/><W32/><G32/><T128/><D128/><U70/><E35/><V2/><F30/><W29/><G29/><T121/><D121/><U83/><E38/><V41/><F16/><W7/><G7/><T71/><D5/><U0/><E1/><V51/><F51/><W66/><G66/><T77/><D77/><U74/><E0/><V126/><F2/><W80/><G80/><T132/><D132/><U99/><E67/><V3/><F81/><W127/><G127/><T85/><D55/><U131/><E83/><N who="2" m="49503" /><F126/><W73/><AGARI ba="0,1" hai="36,39,54,59,63,73,78,82,96,101,105,112,113,115" machi="73" ten="30,7900,0" yaku="1,1,0,1,15,1,52,1,53,0" doraHai="58" doraHaiUra="44" who="3" fromWho="3" sc="299,-39,241,-20,260,-20,190,89" /><INIT seed="5,0,0,0,2,34" ten="260,221,240,279" oya="1" hai0="38,49,85,88,18,20,103,75,40,62,113,102,43" hai1="61,71,3,86,6,66,44,45,131,74,110,32,11" hai2="50,21,28,73,100,115,68,51,22,96,106,39,89" hai3="104,91,5,107,9,98,87,1,26,95,126,82,65"/><U127/><E127/><V79/><F39/><W7/><G126/><T122/><D75/><U125/><E125/><V29/><F68/><W10/><G26/><T31/><D38/><U64/><E131/><V111/><F111/><W112/><G65/><T12/><D113/><U133/><E110/><V93/><F115/><W80/><G112/><T83/><D122/><U15/><E74/><V33/><F33/><W119/><G119/><T108/><D108/><U53/><E133/><V60/><F60/><W135/><G135/><T17/><D31/><U4/><E32/><V47/><F51/><W121/><G121/><T37/><D37/><U16/><E6/><V123/><F22/><W24/><G24/><T46/><D40/><U42/><E66/><V78/><F21/><W27/><G27/><T94/><D62/><U116/><E116/><V130/><F130/><W55/><G55/><T92/><D18/><U14/><E14/><V105/><F105/><W48/><G48/><T120/><D120/><U25/><E25/><V81/><F78/><W35/><G82/><T19/><D19/><U114/><E114/><V99/><REACH who="2" step="1"/><F123/><REACH who="2" ten="260,221,230,279" step="2"/><W84/><G35/><T67/><D67/><U77/><E77/><V41/><AGARI ba="0,1" hai="28,29,41,47,50,73,79,81,89,93,96,99,100,106" machi="41" ten="20,5200,0" yaku="1,1,2,1,0,1,7,1,53,0" doraHai="34" doraHaiUra="54" who="2" fromWho="2" sc="260,-13,221,-26,230,62,279,-13" /><INIT seed="6,0,0,5,2,103" ten="247,195,292,266" oya="2" hai0="107,23,80,35,9,65,67,77,11,128,27,61,96" hai1="91,124,37,90,123,122,16,84,112,101,34,76,131" hai2="99,8,116,45,68,39,106,69,43,18,26,93,1" hai3="10,120,104,24,114,108,29,110,41,40,79,17,83"/><V133/><F116/><W0/><G120/><N who="1" m="46122" /><E34/><V88/><F133/><W7/><G114/><T38/><D38/><U72/><E37/><V135/><F135/><W19/><G41/><T82/><D128/><U21/><E112/><V134/><F134/><W125/><G40/><T42/><D42/><U85/><E131/><V98/><F1/><W46/><G46/><T71/><D67/><U113/><E113/><V53/><F53/><W86/><G125/><T30/><D23/><U109/><E109/><V13/><REACH who="2" step="1"/><F26/><REACH who="2" ten="247,195,282,266" step="2"/><W36/><G24/><T102/><REACH who="0" step="1"/><D80/><REACH who="0" ten="237,195,282,266" step="2"/><U20/><E124/><V6/><F6/><W52/><G7/><T54/><D54/><U55/><E55/><V57/><F57/><W15/><G52/><T70/><D70/><U75/><E21/><V126/><F126/><W87/><G83/><T48/><D48/><U49/><E49/><V60/><F60/><W132/><G36/><T81/><D81/><U2/><E20/><V25/><F25/><W92/><G132/><T117/><D117/><U94/><E16/><V12/><F12/><W4/><G15/><T127/><D127/><U95/><E2/><V66/><F66/><W44/><G17/><T118/><D118/><U51/><E51/><V50/><F50/><W28/><G19/><T59/><D59/><U119/><E119/><V58/><F58/><W89/><G0/><T111/><D111/><U100/><E76/><V31/><F31/><W74/><G28/><T130/><D130/><U47/><E47/><V56/><F56/><W14/><G44/><T78/><D78/><U97/><E97/><RYUUKYOKU ba="0,2" sc="237,10,195,10,282,10,266,-30" hai0="9,11,27,30,35,61,65,71,77,82,96,102,107" hai1="72,75,84,85,90,91,94,95,100,101" hai2="8,13,18,39,43,45,68,69,88,93,98,99,106" /><INIT seed="6,1,2,2,2,89" ten="247,205,292,236" oya="2" hai0="5,7,71,2,99,62,20,8,101,106,123,43,128" hai1="92,131,79,16,114,52,122,45,19,66,78,70,32" hai2="18,26,108,37,104,81,126,87,64,75,95,73,27" hai3="105,49,25,53,94,15,33,30,91,121,10,74,46"/><V124/><F104/><W47/><G121/><T34/><D20/><U13/><E32/><V133/><F37/><W129/><G129/><T50/><D123/><U39/><E122/><V119/><F119/><W24/><G105/><T110/><D128/><U14/><E131/><V61/><F133/><W127/><G127/><N who="2" m="48681" /><F108/><W82/><G25/><N who="2" m="9225" /><F18/><N who="1" m="6697" /><E70/><N who="2" m="42255" /><F95/><W117/><G117/><T100/><D106/><U41/><E39/><V0/><F0/><W60/><G60/><T69/><D62/><U109/><E109/><V112/><F112/><W111/><G111/><T86/><D2/><U90/><E66/><V12/><F12/><N who="1" m="4713" /><E41/><V72/><F72/><W116/><G116/><T22/><D43/><U97/><E114/><V29/><F29/><W65/><G65/><T68/><D110/><U125/><E125/><V51/><F51/><AGARI ba="1,2" hai="45,51,52,78,79,90,92,97" m="4713,6697" machi="51" ten="30,7700,0" yaku="8,1,52,1,54,2" doraHai="89" who="1" fromWho="2" sc="247,0,205,100,292,-80,236,0" /><INIT seed="7,0,0,2,5,97" ten="247,305,212,236" oya="3" hai0="12,42,56,125,86,15,81,119,111,103,43,114,61" hai1="108,134,120,98,113,131,33,37,54,79,121,0,84" hai2="60,53,58,11,74,88,65,124,64,4,130,117,115" hai3="5,90,85,72,10,22,34,36,82,19,118,100,75"/><W116/><G34/><T135/><D119/><U27/><E108/><V80/><F117/><W109/><G36/><T128/><D111/><U50/><E37/><V47/><F115/><W73/><G109/><T55/><D125/><U6/><E113/><V62/><F124/><W91/><G91/><T25/><D114/><U3/><E131/><V93/><F130/><W67/><G67/><T38/><D135/><U70/><E70/><V127/><F127/><W16/><G19/><T7/><D38/><U44/><E98/><V24/><F24/><W102/><G118/><T122/><D122/><U78/><E78/><V48/><F74/><W31/><G31/><T1/><D1/><U35/><E35/><V110/><F80/><W83/><G83/><T133/><D25/><U96/><E96/><N who="2" m="57383" /><F110/><W66/><G66/><N who="2" m="25705" /><F58/><W87/><G116/><T99/><D133/><U14/><E134/><V29/><F29/><W68/><G68/><T13/><D128/><U8/><E27/><V126/><F126/><W41/><G75/><T94/><D7/><U112/><E33/><V69/><F69/><W18/><G73/><T105/><D105/><U123/><E112/><V39/><F39/><W89/><G72/><T20/><D81/><N who="1" m="47167" /><E123/><V28/><F28/><W92/><G18/><N who="0" m="10335" /><D86/><U49/><E121/><V129/><F129/><W76/><G76/><T106/><D106/><U9/><E120/><V21/><F21/><W104/><G104/><T45/><D56/><N who="1" m="32847" /><E9/><V46/><F46/><W132/><G132/><T101/><D45/><U95/><E95/><V32/><F32/><W63/><G10/><RYUUKYOKU ba="0,0" sc="247,-15,305,15,212,15,236,-15" hai1="0,3,6,8,14,44,50" hai2="4,11,47,48,53,60,62" owari="232,3.2,320,42.0,227,-17.3,221,-27.9" /></mjloggm>