<mjloggm ver="2.3"><GO type="169" lobby="0"/><UN n0="%E5%A6%B9%E5%A9%9A%2D%E3%82%B7%E3%82%B9%E3%82%B3%E3%83%B3%2D" n1="%E9%87%A3%E3%82%8A%E6%97%A5%E5%92%8C" n2="%E3%83%AC%E3%82%AA%E3%83%B3%E3%83%8F%E3%83%AB%E3%83%88" n3="%78%78%E3%81%9D%E3%81%B0" dan="17,18,17,16" rate="2180.32,2240.85,2168.41,2112.84" sx="M,M,M,M"/><TAIKYOKU oya="0"/><INIT seed="0,0,0,3,1,21" ten="250,250,250,250" oya="0" hai0="6,41,35,45,80,89,33,75,81,39,54,79,9" hai1="28,66,124,47,22,23,84,111,113,88,73,44,76" hai2="86,105,117,112,78,109,51,1,130,61,64,133,56" hai3="11,126,16,96,115,7,43,50,116,102,98,97,118"/><T8/><D8/><U114/><E111/><V38/><F86/><W34/><G115/><N who="1" m="44042" /><E124/><V5/><F78/><W0/><G34/><T17/><D17/><U90/><E66/><V128/><F5/><W70/><G70/><T134/><D134/><U101/><E101/><V110/><F105/><W14/><G126/><T27/><D27/><N who="1" m="16503" /><E23/><V57/><F1/><W77/><G102/><T24/><D24/><U36/><E36/><V87/><F112/><W62/><G77/><T82/><D54/><U46/><E73/><V13/><F13/><W12/><G62/><T18/><D18/><U107/><E107/><V2/><F2/><W60/><G60/><T10/><D10/><U37/><E37/><V15/><F15/><W69/><G69/><T127/><D127/><U42/><E42/><V55/><F38/><W58/><G0/><N who="0" m="199" /><D80/><AGARI ba="0,0" hai="44,46,47,76,80,84,88,90" m="16503,44042" machi="80" ten="30,3900,0" yaku="11,1,52,1,54,1" doraHai="21" who="1" fromWho="0" sc="250,-39,250,39,250,0,250,0" /><INIT seed="1,0,0,4,4,22" ten="211,289,250,250" oya="1" hai0="76,3,107,36,116,6,56,11,103,5,65,48,43" hai1="59,62,40,16,61,54,52,81,72,0,15,90,96" hai2="98,64,124,1,123,118,133,49,46,127,88,19,84" hai3="93,32,109,101,9,97,78,18,128,131,104,42,102"/><U114/><E0/><V99/><F118/><W120/><G32/><T100/><D116/><U67/><E114/><V26/><F64/><W73/><G120/><T135/><D135/><U92/><E40/><V53/><F1/><W82/><G42/><T30/><D6/><U63/><E72/><V13/><F123/><W77/><G18/><T106/><D76/><U25/><E81/><V14/><F14/><W95/><G9/><T51/><D36/><U86/><E86/><V125/><F133/><W41/><G41/><T39/><D39/><U47/><E47/><V85/><F85/><W134/><G134/><T7/><D7/><U35/><E35/><V55/><F55/><N who="1" m="21033" /><E25/><V50/><F50/><W66/><G66/><T108/><D30/><U8/><AGARI ba="0,0" hai="8,15,16,59,61,62,63,67,90,92,96" m="21033" machi="8" ten="30,6000,0" yaku="8,1,54,2" doraHai="22" who="1" fromWho="1" sc="211,-20,289,60,250,-20,250,-20" /><INIT seed="1,1,0,4,3,49" ten="191,349,230,230" oya="1" hai0="16,115,36,96,89,80,121,98,3,106,46,82,125" hai1="122,114,71,37,15,116,45,130,120,60,75,6,78" hai2="28,73,79,119,17,99,4,27,56,127,118,42,53" hai3="108,62,81,1,24,74,33,29,12,69,123,25,88"/><U40/><E114/><V85/><F127/><W94/><G1/><T31/><D3/><U5/><E116/><V97/><F73/><W48/><G108/><T112/><D31/><U10/><E130/><V30/><F4/><W44/><G123/><T63/><D63/><U109/><E109/><V93/><F42/><W39/><G39/><T11/><D36/><U111/><E111/><V21/><F119/><W52/><G24/><T50/><D121/><U65/><E5/><V133/><F133/><W9/><G74/><T55/><D125/><U128/><E128/><V54/><F118/><W84/><G69/><T57/><D57/><U107/><E107/><V67/><F67/><W68/><G68/><T72/><D82/><U13/><E13/><V64/><F64/><W83/><REACH who="3" step="1"/><G62/><REACH who="3" ten="191,349,230,220" step="2"/><T92/><D115/><U8/><E75/><V47/><F27/><W43/><G43/><T34/><D112/><U51/><E37/><V35/><F35/><W129/><G129/><T104/><D72/><U32/><E32/><V124/><F124/><W91/><G91/><T7/><D89/><U70/><E71/><V90/><F90/><W100/><G100/><T59/><D106/><U18/><E78/><V0/><F79/><W76/><G76/><T61/><D104/><U117/><E117/><V77/><F77/><W58/><G58/><T105/><D59/><U87/><E120/><V126/><F0/><W113/><G113/><T86/><D61/><U103/><E122/><V101/><F101/><W132/><G132/><T19/><D105/><U14/><E103/><V134/><F126/><RYUUKYOKU ba="1,1" sc="191,-15,349,15,230,-15,220,15" hai1="6,8,10,14,15,18,40,45,51,60,65,70,87" hai3="9,12,25,29,33,44,48,52,81,83,84,88,94" /><INIT seed="1,2,1,3,2,5" ten="176,364,215,235" oya="1" hai0="101,3,123,126,92,34,41,23,67,103,42,120,15" hai1="88,81,98,28,72,49,135,7,121,102,59,0,78" hai2="56,33,19,99,105,64,125,93,80,127,71,79,117" hai3="38,11,6,16,118,87,4,52,111,107,119,108,35"/><U85/><E121/><N who="0" m="46665" /><D34/><U32/><E135/><V104/><F71/><W17/><G107/><T65/><D3/><U46/><E59/><V73/><F33/><W77/><G38/><T63/><D126/><N who="2" m="48138" /><F19/><N who="3" m="7243" /><G35/><T82/><D23/><U95/><E32/><V10/><F10/><W13/><G6/><T124/><D124/><U84/><E28/><V113/><F117/><N who="3" m="44555" /><G77/><T58/><D65/><U24/><E24/><V86/><F113/><W12/><G87/><T50/><D15/><N who="3" m="5705" /><G52/><N who="0" m="32023" /><D82/><U43/><REACH who="1" step="1"/><E102/><REACH who="1" ten="176,354,215,235" step="2"/><N who="0" m="38921" /><D92/><U47/><E47/><V74/><F105/><W18/><G18/><T40/><D40/><U20/><E20/><V122/><F104/><W14/><AGARI ba="2,2" hai="4,11,14,108,111" m="5705,44555,7243" machi="14" ten="40,8000,1" yaku="12,1,34,2,52,1,54,1" doraHai="5" who="3" fromWho="3" sc="176,-22,354,-42,215,-22,235,106" /><INIT seed="2,0,0,0,0,49" ten="154,312,193,341" oya="2" hai0="133,99,111,69,134,65,98,88,79,17,43,80,121" hai1="58,132,29,13,125,14,131,50,8,83,101,103,94" hai2="1,122,63,19,33,61,12,119,15,135,7,96,52" hai3="44,42,53,54,129,59,23,124,108,36,40,123,16"/><V0/><F119/><W110/><G123/><T51/><D69/><U39/><E39/><V47/><F122/><W114/><G124/><T41/><D65/><U37/><E37/><V95/><F33/><W67/><G42/><T75/><D121/><U76/><E125/><V38/><F135/><N who="0" m="51722" /><D111/><N who="3" m="42537" /><G129/><T118/><D118/><U74/><E132/><V130/><F130/><W73/><G73/><T56/><D17/><U5/><E29/><V3/><F7/><W10/><G10/><T92/><D99/><U82/><E14/><V18/><F38/><W27/><G114/><T66/><D66/><U113/><E131/><V9/><F63/><AGARI ba="0,0" hai="16,23,27,36,40,44,53,54,59,63,67" m="42537" machi="63" ten="30,7700,0" yaku="14,1,52,2,54,1" doraHai="49" who="3" fromWho="2" sc="154,0,312,0,193,-77,341,77" /><INIT seed="3,0,0,2,0,122" ten="154,312,116,418" oya="3" hai0="23,118,117,98,26,110,17,85,9,31,74,124,121" hai1="29,48,127,42,51,20,13,76,102,95,84,132,10" hai2="101,4,135,8,71,87,0,93,41,79,39,92,43" hai3="46,81,104,60,80,55,131,21,100,66,1,54,96"/><W83/><G1/><T24/><D74/><U69/><E132/><V56/><F71/><W19/><G131/><T64/><D64/><U3/><E3/><V91/><F135/><W109/><G46/><T113/><D98/><U82/><E127/><V58/><F79/><W12/><REACH who="3" step="1"/><G109/><REACH who="3" ten="154,312,116,408" step="2"/><T73/><D110/><U2/><E2/><V129/><F129/><W49/><G49/><T123/><D123/><U36/><E36/><V50/><F39/><W75/><G75/><T111/><D73/><U70/><E51/><V107/><F50/><W119/><G119/><T47/><D47/><U89/><E48/><V67/><F43/><W28/><G28/><T116/><D31/><U99/><E42/><V108/><F41/><W77/><G77/><T33/><D111/><U34/><E34/><V86/><F108/><W11/><G11/><T128/><D9/><U114/><E114/><V68/><F8/><W112/><G112/><T59/><D113/><U5/><E29/><V27/><F0/><W15/><G15/><T63/><D124/><U115/><E115/><V35/><F35/><W130/><G130/><T62/><D33/><U61/><E20/><V105/><F27/><W103/><G103/><T90/><D26/><U6/><E6/><V38/><F101/><W22/><G22/><T45/><D128/><U40/><E40/><V126/><F126/><W106/><G106/><T30/><D30/><U120/><E120/><V125/><F125/><W7/><G7/><T94/><D121/><U133/><E133/><V37/><F4/><W14/><G14/><T57/><D45/><RYUUKYOKU ba="0,1" sc="154,15,312,-15,116,-15,408,15" hai0="17,23,24,57,59,62,63,85,90,94,116,117,118" hai3="12,19,21,54,55,60,66,80,81,83,96,100,104" /><INIT seed="3,1,1,3,5,106" ten="169,297,101,423" oya="3" hai0="6,133,21,11,30,107,81,70,89,7,20,1,71" hai1="24,27,130,5,79,96,51,66,105,72,80,55,48" hai2="100,127,134,118,83,58,126,112,98,13,88,76,117" hai3="68,38,14,54,84,17,15,32,43,65,101,39,132"/><W115/><G32/><T128/><D107/><U82/><E130/><V22/><F13/><W119/><G101/><T125/><D128/><U35/><E66/><V12/><F12/><W69/><G65/><T108/><D108/><U135/><E135/><V42/><F22/><W73/><G84/><T23/><D133/><U78/><E5/><V64/><F58/><W49/><G49/><T28/><D125/><N who="2" m="47626" /><F42/><W2/><G54/><T113/><D113/><U131/><E131/><V36/><F36/><W103/><G17/><T4/><D1/><U109/><E109/><V114/><F64/><W92/><G103/><T19/><D19/><U99/><E105/><N who="2" m="63639" /><F134/><W37/><G37/><T25/><D11/><U120/><E55/><V31/><F31/><W57/><G57/><T9/><D9/><U18/><E35/><V29/><F29/><W123/><G43/><T91/><D23/><U75/><E18/><V34/><F88/><W8/><G14/><T94/><D6/><U124/><E124/><V93/><F93/><W44/><G15/><T67/><D94/><U102/><E102/><V33/><F34/><W52/><G92/><T116/><D67/><U41/><REACH who="1" step="1"/><E41/><REACH who="1" ten="169,287,101,423" step="2"/><V90/><F33/><W53/><G132/><T16/><D16/><U0/><E0/><V40/><F40/><W122/><G2/><T3/><D3/><U104/><E104/><V10/><F10/><W87/><G8/><T60/><D4/><U74/><E74/><N who="2" m="43415" /><F90/><W111/><G53/><T47/><D89/><U110/><E110/><V45/><F45/><W46/><G111/><T77/><D91/><RYUUKYOKU ba="1,2" sc="169,-15,287,15,101,15,423,-15" hai1="24,27,48,51,72,75,78,79,80,82,96,99,120" hai2="112,114,117,118" /><INIT seed="4,2,2,4,2,4" ten="154,302,116,408" oya="0" hai0="101,105,83,67,120,106,64,26,86,37,93,36,79" hai1="85,9,116,52,54,27,23,107,16,89,55,39,45" hai2="20,112,42,119,111,91,78,132,80,129,95,32,102" hai3="8,135,130,29,59,113,57,50,63,65,69,2,114"/><T109/><D120/><U71/><E116/><V5/><F32/><W33/><G130/><T28/><D109/><U94/><E107/><V76/><F111/><W96/><G135/><T46/><D105/><U70/><REACH who="1" step="1"/><E9/><REACH who="1" ten="154,292,116,408" step="2"/><V128/><F119/><W92/><G8/><T74/><D106/><U81/><E81/><V77/><F80/><W127/><G127/><T25/><D25/><U7/><E7/><V6/><F5/><W24/><G24/><T0/><D0/><U68/><E68/><V98/><F6/><W73/><G69/><T35/><D74/><U34/><E34/><V58/><F129/><W118/><G33/><T30/><D30/><U14/><E14/><V88/><F128/><W82/><G29/><T31/><D31/><U110/><E110/><V53/><F132/><W131/><G2/><T15/><D15/><U99/><E99/><V13/><F98/><W21/><G131/><T18/><D18/><U60/><E60/><V90/><F13/><W11/><G63/><T115/><D26/><U103/><E103/><V126/><F102/><W100/><G11/><T75/><D28/><U22/><E22/><V48/><F20/><W19/><G21/><T44/><D35/><U49/><E49/><V12/><F48/><W43/><G19/><T62/><D75/><U125/><E125/><V124/><F12/><W38/><G100/><T84/><D101/><U1/><E1/><V117/><F126/><W97/><G50/><T121/><D62/><U72/><E72/><V123/><F124/><W51/><G73/><T108/><D108/><U41/><AGARI ba="2,3" hai="16,23,27,39,41,45,52,54,55,70,71,85,89,94" machi="41" ten="30,12000,2" yaku="1,1,5,1,0,1,54,2,53,1" doraHai="4" doraHaiUra="17" who="1" fromWho="1" sc="154,-62,292,156,116,-32,408,-32" /><INIT seed="5,0,0,4,2,53" ten="92,448,84,376" oya="1" hai0="20,114,17,34,98,46,12,33,107,82,117,14,84" hai1="11,104,133,6,126,54,73,39,19,8,10,66,64" hai2="59,4,56,26,48,113,127,28,97,109,36,76,85" hai3="88,47,105,69,60,7,24,44,15,119,121,68,123"/><U22/><E39/><V40/><F109/><W21/><G105/><T77/><D117/><U87/><E73/><V13/><F36/><W91/><G119/><T130/><D130/><U102/><E6/><V71/><F71/><W134/><G134/><T115/><D46/><N who="3" m="17449" /><G68/><T83/><D83/><U38/><E38/><V43/><F127/><W42/><G69/><T49/><D49/><U111/><E133/><V50/><F48/><W61/><G42/><N who="2" m="15913" /><F50/><W35/><G35/><T58/><D58/><N who="2" m="22058" /><F113/><N who="0" m="43018" /><D14/><U65/><E54/><V1/><F1/><W62/><G123/><T63/><D63/><U120/><E120/><V75/><F75/><W3/><G3/><T25/><D12/><U0/><E126/><V57/><N who="2" m="22066" /><V74/><DORA hai="90" /><F74/><W131/><G131/><T86/><D86/><U78/><E87/><V128/><F128/><W125/><G125/><T100/><AGARI ba="0,0" hai="17,20,25,33,34,77,82,84,98,100,107" m="43018" machi="100" ten="30,1100,0" yaku="15,1" doraHai="53,90" who="0" fromWho="0" sc="92,11,448,-5,84,-3,376,-3" /><INIT seed="6,0,0,3,0,77" ten="103,443,81,373" oya="2" hai0="102,107,112,43,7,59,105,78,74,95,118,93,14" hai1="6,44,4,127,60,133,124,120,71,134,66,96,135" hai2="18,56,34,117,99,28,72,101,110,67,84,11,79" hai3="116,39,113,38,90,98,36,103,64,106,8,10,31"/><V69/><F117/><W128/><G116/><T85/><D43/><U52/><E120/><V27/><F110/><W125/><G125/><N who="1" m="48202" /><E96/><V33/><F69/><W3/><G128/><T115/><D59/><U94/><E94/><V100/><F72/><W92/><G3/><T91/><D14/><U51/><AGARI ba="0,0" hai="4,6,44,51,52,60,66,71,133,134,135" m="48202" machi="51" ten="40,5200,0" yaku="20,1,18,1,54,1" doraHai="77" who="1" fromWho="1" sc="103,-13,443,52,81,-26,373,-13" /><INIT seed="7,0,0,0,4,105" ten="90,495,55,360" oya="3" hai0="41,68,16,51,27,7,98,83,93,67,29,59,34" hai1="8,31,107,55,100,94,17,102,128,1,57,48,50" hai2="90,117,123,64,24,118,15,37,133,84,20,18,135" hai3="80,72,87,32,56,10,28,65,49,44,39,9,95"/><W82/><G39/><T58/><D7/><U33/><E107/><V122/><F64/><W81/><G72/><T113/><D113/><U14/><E1/><V4/><F90/><N who="3" m="53727" /><G28/><T89/><D68/><U19/><E128/><V109/><F84/><W61/><G32/><T38/><D67/><U13/><E31/><N who="2" m="17799" /><F4/><W3/><G3/><T106/><D38/><U129/><E129/><V71/><F71/><W0/><G0/><T126/><D106/><U45/><E94/><V52/><F52/><AGARI ba="0,0" hai="9,10,44,49,52,56,61,65,80,81,82" m="53727" machi="52" ten="30,2900,0" yaku="8,1,54,1" doraHai="105" who="3" fromWho="2" sc="90,0,495,0,55,-29,360,29" /><INIT seed="7,1,0,3,1,36" ten="90,495,26,389" oya="3" hai0="129,121,75,6,126,71,135,52,113,68,99,131,100" hai1="37,15,12,42,76,74,23,77,10,128,95,58,34" hai2="86,3,60,69,43,32,80,61,103,117,5,73,17" hai3="101,0,132,18,39,114,106,24,97,127,90,1,111"/><W21/><G111/><T64/><D121/><U25/><E34/><V11/><F117/><W83/><G127/><T26/><D75/><U59/><E15/><V93/><F73/><W72/><G132/><T53/><D6/><U84/><E74/><V134/><F32/><W85/><G114/><T92/><D126/><U108/><E108/><V105/><F105/><W27/><G39/><T57/><D113/><U50/><E37/><V44/><F134/><W67/><G67/><T8/><D8/><U20/><E20/><V7/><F69/><W119/><G119/><T56/><D26/><U112/><E128/><V79/><F5/><W104/><G104/><T48/><D64/><U96/><E42/><V124/><F17/><W30/><REACH who="3" step="1"/><G72/><REACH who="3" ten="90,495,26,379" step="2"/><T120/><D135/><U116/><E112/><V94/><F124/><W122/><G122/><T81/><D120/><U28/><E116/><V78/><F78/><W102/><G102/><T16/><D100/><N who="1" m="60447" /><E76/><V41/><F103/><W19/><G19/><T51/><D16/><N who="1" m="8215" /><E50/><V29/><F29/><W88/><G88/><T45/><D129/><U115/><E115/><V87/><F41/><W70/><G70/><T65/><D131/><U54/><E54/><V55/><F55/><W91/><G91/><T123/><D123/><U47/><E77/><V125/><F125/><W98/><G98/><T4/><D99/><U35/><E84/><V14/><F87/><W109/><G109/><T2/><D53/><U13/><E28/><V89/><F79/><W22/><AGARI ba="1,1" hai="0,1,18,21,22,24,27,30,83,85,90,97,101,106" machi="22" ten="20,3900,0" yaku="1,1,0,1,7,1,53,0" doraHai="36" doraHaiUra="31" who="3" fromWho="3" sc="90,-14,495,-14,26,-14,379,52" /><INIT seed="7,2,0,3,5,91" ten="76,481,12,431" oya="3" hai0="119,0,113,40,56,5,95,22,64,134,62,59,107" hai1="102,61,105,16,31,20,69,115,75,127,81,83,3" hai2="84,109,41,34,57,2,13,58,70,54,23,36,30" hai3="65,132,80,77,45,108,48,100,33,93,49,4,106"/><W103/><G33/><T63/><D107/><U133/><E3/><V42/><F109/><W96/><G132/><T27/><D119/><U92/><E105/><V116/><F116/><W74/><G108/><T66/><D113/><U112/><E31/><V90/><F70/><W128/><G128/><T104/><D104/><U72/><E127/><V78/><F2/><W94/><G65/><T11/><D40/><U125/><E125/><V68/><F68/><W79/><G79/><T89/><D134/><U73/><E133/><V25/><F78/><W24/><G4/><T76/><D76/><U35/><E35/><V6/><F36/><W12/><G103/><T51/><D51/><U9/><E9/><V97/><F97/><W122/><G122/><T117/><D117/><U46/><E46/><V32/><F32/><W111/><G111/><T21/><D27/><N who="1" m="14727" /><E92/><V67/><F67/><W99/><G99/><AGARI ba="2,0" hai="0,5,11,21,22,56,59,62,63,64,66,89,95,99" machi="99" ten="30,3900,0" yaku="7,1,9,1,52,1" doraHai="91" who="0" fromWho="3" sc="76,45,481,0,12,0,431,-45" owari="121,-27.9,481,58.1,12,-48.8,386,18.6" /></mjloggm>