<mjloggm ver="2.3"><GO type="169" lobby="0"/><UN n0="%E5%9C%A8%E5%8E%9F%E4%B8%83%E6%B5%B7%E5%A4%A7%E5%A5%BD%E3%81%8D" n1="%E3%81%A8%E3%81%A3%E3%81%A8%E3%83%BC" n2="%E3%83%A8%E3%83%83%E3%82%B7%E3%83%BC%39%7A%64%65" n3="%E3%82%AB%E3%83%A9%E6%9D%BE" dan="17,16,16,17" rate="2228.10,2093.08,2073.83,2125.47" sx="M,M,M,M"/><TAIKYOKU oya="0"/><INIT seed="0,0,0,5,0,131" ten="250,250,250,250" oya="0" hai0="81,129,14,89,42,28,59,132,135,101,18,33,118" hai1="49,76,126,58,53,103,79,119,16,73,123,121,60" hai2="84,95,82,67,91,10,26,41,63,117,29,51,45" hai3="114,27,20,85,116,100,105,134,11,92,68,35,1"/><T13/><D118/><U31/><E119/><V97/><F10/><W32/><G68/><T111/><D129/><U110/><E110/><V15/><F15/><W80/><G105/><T94/><D13/><U75/><E126/><V124/><F124/><W5/><G114/><T93/><D42/><U72/><E31/><V62/><F67/><W37/><G37/><T66/><D28/><U61/><E103/><V104/><F104/><W120/><G120/><T108/><D33/><U99/><E99/><V55/><F41/><W21/><G21/><T133/><D81/><U96/><E96/><V6/><F6/><W22/><G22/><N who="0" m="11607" /><D101/><U19/><E79/><V86/><F86/><W4/><G4/><T90/><D59/><U25/><E76/><V56/><F117/><W113/><G113/><T69/><D66/><U17/><REACH who="1" step="1"/><E25/><REACH who="1" ten="250,240,250,250" step="2"/><V130/><F130/><W50/><G27/><T52/><D69/><U47/><E47/><V115/><F115/><W23/><G116/><T3/><D3/><U24/><E24/><V64/><F26/><W65/><G1/><T107/><D107/><U2/><E2/><V48/><F29/><W57/><G100/><T30/><D30/><U128/><E128/><V71/><F45/><W77/><G32/><T106/><D106/><U43/><E43/><V39/><REACH who="2" step="1"/><F39/><REACH who="2" ten="250,240,240,250" step="2"/><W109/><G35/><T122/><D111/><U40/><E40/><V78/><AGARI ba="0,2" hai="48,51,55,56,62,63,64,71,78,82,84,91,95,97" machi="78" ten="20,5200,0" yaku="1,1,2,1,0,1,7,1,53,0" doraHai="131" doraHaiUra="36" who="2" fromWho="2" sc="250,-26,240,-13,240,72,250,-13" /><INIT seed="1,0,0,5,1,24" ten="224,227,312,237" oya="1" hai0="36,22,50,102,132,37,108,47,61,39,118,8,82" hai1="44,28,133,1,21,73,93,15,99,124,111,105,64" hai2="55,6,32,110,63,66,31,71,3,12,100,78,135" hai3="51,46,67,17,83,127,60,98,2,122,112,43,87"/><U91/><E1/><V92/><F110/><W79/><G122/><T107/><D107/><U40/><E73/><V52/><F135/><W94/><G112/><T13/><D102/><U109/><E133/><V97/><F3/><W33/><G127/><T114/><D132/><U85/><E64/><V115/><F115/><W49/><G2/><T59/><D114/><U121/><E121/><V81/><F6/><W58/><G33/><T35/><D35/><U16/><E124/><V45/><F12/><W76/><G17/><T29/><D82/><U129/><E129/><V11/><F11/><W104/><G104/><T117/><D108/><N who="1" m="41547" /><E105/><V75/><REACH who="2" step="1"/><F45/><REACH who="2" ten="224,227,302,237" step="2"/><W23/><G46/><T0/><D47/><U20/><E44/><V119/><F119/><W65/><G43/><T80/><D118/><U34/><E40/><V10/><F10/><W123/><G123/><T70/><D8/><N who="1" m="6247" /><E99/><V69/><F69/><W54/><G98/><T57/><D70/><U74/><E74/><V38/><F38/><W101/><G58/><T41/><D117/><U95/><E95/><V72/><F72/><W14/><G94/><T56/><D0/><U113/><E113/><V131/><F131/><W4/><G4/><T86/><D41/><U9/><E9/><V30/><F30/><W7/><G7/><T5/><D5/><U88/><E91/><V48/><F48/><W128/><G49/><T96/><D50/><U125/><E125/><V84/><F84/><W53/><G51/><T130/><D130/><U18/><E18/><V134/><F134/><W126/><G128/><T68/><D37/><RYUUKYOKU ba="0,1" sc="224,-15,227,15,302,15,237,-15" hai1="20,21,28,34,85,88,93" hai2="31,32,52,55,63,66,71,75,78,81,92,97,100" /><INIT seed="1,1,1,0,5,24" ten="209,242,317,222" oya="1" hai0="28,120,101,42,84,56,69,123,8,93,55,110,99" hai1="89,79,133,102,61,49,108,86,62,27,88,0,128" hai2="82,30,26,2,92,48,118,47,114,111,83,95,98" hai3="15,44,130,45,25,107,65,124,4,75,9,50,20"/><U38/><E38/><V51/><F111/><W91/><G75/><T7/><D110/><U104/><E108/><V12/><F2/><W85/><G107/><T70/><D42/><U106/><E133/><V119/><F114/><W35/><G35/><T52/><D84/><U64/><E0/><V94/><F98/><W100/><G100/><T131/><D131/><U87/><E128/><V19/><F119/><W18/><G124/><T109/><D28/><U96/><E79/><V40/><F51/><W58/><G130/><T68/><D109/><U63/><E64/><V81/><F118/><W31/><G4/><T17/><D17/><U76/><E76/><V16/><REACH who="2" step="1"/><F12/><REACH who="2" ten="209,242,307,222" step="2"/><W116/><G116/><T1/><REACH who="0" step="1"/><D55/><REACH who="0" ten="199,242,307,222" step="2"/><U134/><E134/><V54/><F54/><N who="3" m="32087" /><G65/><T67/><D67/><U41/><E96/><V80/><N who="2" m="20480" /><DORA hai="113" /><V29/><F29/><W74/><G74/><T23/><D23/><AGARI ba="1,3" hai="16,19,23,26,30,40,47,48,92,94,95" m="20480" machi="23" ten="50,8000,1" yaku="1,1,8,1,52,1,54,1,53,0" doraHai="24,113" doraHaiUra="105,11" who="2" fromWho="0" sc="199,-83,242,0,307,113,222,0" /><INIT seed="2,0,0,3,1,78" ten="116,242,420,222" oya="2" hai0="14,20,7,1,37,118,85,3,17,134,83,103,69" hai1="91,10,12,132,55,53,32,121,51,2,45,127,77" hai2="23,124,47,21,42,22,18,57,58,90,113,73,71" hai3="119,35,15,44,126,29,116,96,60,67,100,108,5"/><V48/><F124/><W50/><G126/><T106/><D69/><U95/><E32/><V107/><F113/><W66/><G108/><T65/><D65/><U26/><E132/><V33/><F33/><W76/><G67/><T49/><D37/><U72/><E2/><BYE who="1" /><V82/><F107/><W34/><G34/><T93/><D106/><U101/><E101/><V61/><F73/><UN n1="%E3%81%A8%E3%81%A3%E3%81%A8%E3%83%BC" /><W117/><G76/><T88/><D118/><U75/><E121/><V0/><F0/><W89/><G89/><T24/><D134/><U9/><E9/><V54/><F71/><W40/><G5/><T111/><D111/><U81/><E75/><V41/><F57/><W109/><G15/><T36/><D36/><U8/><E8/><V19/><REACH who="2" step="1"/><F41/><REACH who="2" ten="116,242,410,222" step="2"/><W125/><G125/><T39/><D1/><U130/><E72/><V25/><F25/><W120/><G109/><T115/><D3/><U114/><E26/><V63/><F63/><W68/><G119/><T87/><D115/><U52/><E114/><V46/><F46/><W98/><G117/><T86/><D24/><U105/><E105/><V133/><F133/><W62/><G116/><T27/><D27/><U128/><E127/><V79/><F79/><W122/><G62/><T30/><D14/><U38/><E12/><V31/><F31/><W135/><G29/><T13/><D30/><U131/><E45/><V43/><F43/><W70/><G35/><T123/><D13/><U56/><E77/><V129/><F129/><W64/><G135/><T80/><D7/><U28/><E131/><V99/><F99/><W4/><G96/><RYUUKYOKU ba="0,1" sc="116,-10,242,-10,410,30,222,-10" hai2="18,19,21,22,23,42,47,48,54,58,61,82,90" /><INIT seed="2,1,1,0,2,29" ten="106,232,440,212" oya="2" hai0="63,16,70,91,98,134,19,58,112,71,25,100,68" hai1="128,56,18,26,108,76,28,51,55,69,75,22,132" hai2="89,66,113,120,8,35,127,94,115,45,74,121,12" hai3="84,3,10,23,79,110,78,44,2,82,65,97,67"/><V53/><F74/><W83/><G110/><T5/><D112/><U103/><E108/><V27/><F66/><W122/><G122/><T107/><D134/><U62/><E132/><V77/><F77/><W123/><G123/><T111/><D111/><U47/><E128/><V80/><F127/><W15/><G97/><T92/><D5/><U93/><E69/><V40/><F120/><W41/><G23/><T31/><D91/><U109/><E109/><V88/><F121/><W85/><G3/><T114/><D107/><U38/><E38/><V57/><F89/><W81/><G81/><T96/><D96/><N who="1" m="59791" /><E75/><V49/><F80/><W37/><REACH who="3" step="1"/><G2/><REACH who="3" ten="106,232,440,202" step="2"/><T72/><D114/><U73/><E73/><V11/><F115/><W21/><G21/><T64/><REACH who="0" step="1"/><D72/><REACH who="0" ten="96,232,440,202" step="2"/><U24/><E76/><V30/><F113/><W116/><G116/><T119/><D119/><U135/><E135/><V133/><F133/><W48/><G48/><T39/><D39/><U36/><E36/><V117/><F117/><W33/><G33/><AGARI ba="1,3" hai="16,19,25,31,33,58,63,64,68,70,71,92,98,100" machi="33" ten="40,5200,0" yaku="1,1,52,1,54,1,53,0" doraHai="29" doraHaiUra="105" who="0" fromWho="3" sc="96,85,232,0,440,0,202,-55" /><INIT seed="3,0,0,1,0,62" ten="181,232,440,147" oya="3" hai0="25,74,21,67,59,91,116,128,41,24,60,32,85" hai1="44,61,50,31,92,119,83,98,51,66,43,0,131" hai2="52,57,81,88,38,72,1,101,46,39,112,58,28" hai3="68,56,70,75,65,26,12,121,124,55,49,10,76"/><W133/><G121/><T87/><D74/><U84/><E131/><V93/><F1/><W23/><G133/><T117/><D128/><U127/><E127/><V109/><F112/><W6/><G124/><T11/><D41/><U9/><E119/><V63/><F109/><W99/><G75/><T78/><D32/><U95/><E31/><V89/><F28/><W79/><G99/><T35/><D35/><U27/><E27/><V15/><F101/><W3/><G3/><T97/><D11/><U126/><E50/><V80/><F46/><W111/><G111/><T86/><D25/><U14/><E0/><V110/><F110/><W4/><G4/><T132/><D132/><U69/><E98/><V18/><F72/><W103/><G103/><T17/><D78/><U71/><E71/><V36/><F58/><W104/><G104/><T40/><REACH who="0" step="1"/><D40/><REACH who="0" ten="171,232,440,147" step="2"/><U73/><E126/><V42/><F42/><W118/><G118/><T20/><D20/><U107/><E73/><V114/><F114/><W37/><G37/><T120/><D120/><U53/><E43/><V129/><F129/><W125/><G125/><T82/><D82/><U113/><E113/><V13/><F80/><W8/><G8/><T90/><D90/><U130/><E130/><V106/><F81/><W102/><G102/><T96/><D96/><U29/><E83/><V135/><F89/><W48/><G76/><T34/><D34/><U64/><E9/><N who="2" m="6447" /><F135/><W47/><G79/><T22/><D22/><U45/><E84/><N who="2" m="52359" /><F106/><W115/><G115/><T123/><D123/><U54/><E107/><V94/><F94/><AGARI ba="0,1" hai="17,21,24,59,60,67,85,86,87,91,94,97,116,117" machi="94" ten="40,5200,0" yaku="1,1,6,1,52,1,53,0" doraHai="62" doraHaiUra="2" who="0" fromWho="2" sc="171,62,232,0,440,-52,147,0" /><INIT seed="4,0,0,2,2,13" ten="233,232,388,147" oya="0" hai0="135,78,119,0,97,27,72,7,59,90,41,112,42" hai1="44,130,106,38,17,104,26,84,18,99,120,127,98" hai2="37,74,50,4,114,105,64,19,69,70,83,129,25" hai3="23,107,94,20,111,12,77,66,48,75,54,6,100"/><T33/><D119/><U121/><E130/><V62/><F114/><W79/><G107/><T126/><D78/><U21/><E127/><V14/><F129/><W39/><G39/><T110/><D72/><U57/><E84/><V45/><F105/><W55/><G111/><T16/><D7/><U2/><E57/><V15/><F37/><W60/><G75/><T80/><D0/><U43/><E2/><V133/><F133/><W24/><G20/><N who="0" m="13703" /><D33/><U35/><E35/><V89/><F4/><W132/><G132/><T125/><D135/><U109/><E109/><V123/><F123/><W81/><G6/><T103/><D59/><U31/><E106/><V82/><F70/><W28/><G12/><T96/><D112/><U46/><E104/><V32/><F89/><W73/><G79/><T10/><D10/><U113/><E113/><V85/><F85/><W76/><G77/><T47/><D47/><U3/><E46/><V52/><F14/><W67/><G67/><T91/><D103/><U128/><E3/><V1/><F1/><W58/><REACH who="3" step="1"/><G48/><REACH who="3" ten="233,232,388,137" step="2"/><T40/><D110/><U8/><E128/><V86/><F74/><W63/><G63/><T5/><D5/><U88/><E121/><V122/><F122/><W9/><G9/><T92/><D126/><U34/><E120/><V87/><F15/><W116/><G116/><T49/><D125/><U95/><E8/><V61/><F61/><W71/><G71/><T117/><D117/><U11/><E11/><V30/><F62/><W29/><G29/><T53/><D49/><U102/><E34/><V68/><F32/><RYUUKYOKU ba="0,1" sc="233,-15,232,15,388,-15,137,15" hai1="17,18,21,26,31,38,43,44,88,95,98,99,102" hai3="23,24,28,54,55,58,60,66,73,76,81,94,100" /><INIT seed="5,1,1,2,0,1" ten="218,247,373,152" oya="1" hai0="124,63,127,98,110,15,60,19,58,85,17,55,25" hai1="45,5,112,128,125,51,102,20,61,79,93,90,134" hai2="132,66,46,96,74,80,99,67,35,8,117,114,108" hai3="94,56,41,47,43,13,11,103,86,36,133,118,52"/><U97/><E112/><V26/><F108/><W115/><G115/><T44/><D110/><U91/><E134/><V18/><F132/><W113/><G133/><T40/><D63/><U33/><E33/><V111/><F117/><W57/><G118/><T48/><D85/><U88/><E128/><V71/><F111/><W28/><G113/><T72/><D72/><U21/><E125/><N who="0" m="48201" /><D98/><U106/><E106/><V6/><F114/><W7/><G43/><T37/><D25/><U104/><E104/><V89/><F46/><W3/><G28/><T29/><D29/><U9/><E61/><V73/><F35/><W75/><G75/><T76/><D76/><U53/><REACH who="1" step="1"/><E79/><REACH who="1" ten="218,237,373,152" step="2"/><V120/><F120/><W122/><G122/><T65/><D15/><AGARI ba="1,2" hai="5,9,15,20,21,45,51,53,88,90,91,93,97,102" machi="15" ten="40,12000,1" yaku="1,1,2,1,8,1,52,1,54,1,53,0" doraHai="1" doraHaiUra="64" who="1" fromWho="0" sc="218,-123,237,143,373,0,152,0" /><INIT seed="5,2,0,1,1,6" ten="95,380,373,152" oya="1" hai0="21,109,66,77,102,28,81,71,127,111,119,8,46" hai1="95,24,61,132,108,43,67,130,2,105,30,44,1" hai2="15,70,25,83,11,91,0,120,98,110,7,54,38" hai3="68,9,135,134,96,27,118,82,115,99,92,88,85"/><U53/><E132/><N who="3" m="50730" /><G115/><T64/><D119/><U39/><E130/><V29/><F110/><W114/><G114/><T86/><D127/><U121/><E121/><V128/><F70/><W17/><G118/><T73/><D102/><U36/><E36/><V37/><F128/><W133/><N who="3" m="50738" /><W32/><DORA hai="116" /><G68/><T42/><D73/><U63/><E105/><V94/><F120/><W117/><G117/><T14/><D71/><U45/><E108/><V74/><F0/><W19/><G99/><T20/><D111/><U97/><E45/><V79/><REACH who="2" step="1"/><F54/><REACH who="2" ten="95,380,363,152" step="2"/><W125/><G125/><T75/><D109/><U47/><E1/><V56/><F56/><W49/><G49/><T104/><D66/><U124/><E2/><V65/><F65/><W26/><G32/><AGARI ba="2,1" hai="7,11,15,25,29,32,37,38,74,79,83,91,94,98" machi="32" ten="30,7700,0" yaku="1,1,7,1,52,1,53,1" doraHai="6,116" doraHaiUra="80,84" who="2" fromWho="3" sc="95,0,380,0,363,93,152,-83" /><INIT seed="6,0,0,1,3,30" ten="95,380,456,69" oya="2" hai0="37,99,27,56,128,58,9,115,74,33,125,117,29" hai1="51,31,104,76,93,112,2,59,70,106,6,123,134" hai2="73,7,126,105,19,122,135,132,32,4,111,38,119" hai3="52,3,130,64,14,45,89,79,78,49,39,84,107"/><V40/><RYUUKYOKU type="yao9" ba="0,0" sc="95,0,380,0,456,0,69,0" hai2="4,7,19,32,38,40,73,105,111,119,122,126,132,135" /><INIT seed="6,1,0,1,4,92" ten="95,380,456,69" oya="2" hai0="56,75,107,62,130,81,120,70,34,98,47,72,82" hai1="49,91,79,31,86,67,133,69,111,25,36,122,51" hai2="115,65,76,26,129,102,124,54,19,101,108,44,58" hai3="125,88,119,106,97,42,109,28,24,15,64,5,127"/><V113/><F124/><N who="3" m="47691" /><G119/><T13/><D120/><U83/><E111/><V118/><F129/><W1/><G109/><T45/><D34/><U52/><E36/><V60/><F76/><W90/><G1/><T74/><D70/><U30/><E122/><V9/><F118/><W59/><G42/><T78/><D13/><U29/><E133/><V53/><F108/><W2/><G2/><T121/><D130/><U32/><E49/><V35/><F9/><N who="3" m="4527" /><G59/><T66/><D121/><U48/><E48/><N who="2" m="28807" /><F19/><W43/><G64/><T85/><REACH who="0" step="1"/><D82/><REACH who="0" ten="85,380,456,69" step="2"/><U95/><E69/><V0/><F35/><N who="3" m="20871" /><G43/><T135/><D135/><U57/><REACH who="1" step="1"/><E67/><REACH who="1" ten="85,370,456,69" step="2"/><V8/><F65/><W10/><G10/><T99/><D99/><AGARI ba="1,2" hai="25,29,30,31,32,51,52,57,79,83,86,91,95,99" machi="99" ten="30,12000,2" yaku="1,1,2,1,7,1,52,1,54,1,53,1" doraHai="92" doraHaiUra="94" who="1" fromWho="0" sc="85,-123,370,143,456,0,69,0" owari="-38,-53.8,513,61.3,456,25.6,69,-33.1" /></mjloggm>