<mjloggm ver="2.3"><GO type="169" lobby="0"/><UN n0="%E3%82%A4%E3%82%AB%E3%81%AB%E3%82%82%E6%9D%B1%E5%8C%97" n1="%E5%A4%A7%E7%A9%BA%E5%AF%BA%E3%81%82%E3%82%86" n2="%67%6F%67%6F%2D%E3%82%B4%E3%83%AA%E3%83%A9" n3="%79%75%68%65%69" dan="17,16,17,16" rate="2173.06,2069.94,2198.85,2058.90" sx="M,M,M,M"/><TAIKYOKU oya="0"/><INIT seed="0,0,0,0,4,111" ten="250,250,250,250" oya="0" hai0="103,17,85,43,50,23,15,94,7,3,0,128,125" hai1="5,123,37,75,129,82,44,104,63,83,39,46,77" hai2="118,59,1,89,135,84,93,34,48,42,73,126,108" hai3="124,92,22,60,101,45,74,121,9,56,57,78,80"/><T30/><D128/><U69/><E123/><V66/><F34/><W71/><G124/><T53/><D125/><U81/><E129/><V90/><F126/><W70/><G121/><T107/><D43/><U132/><E104/><V96/><F73/><W28/><G45/><T62/><D62/><U52/><E44/><V109/><F1/><W32/><G32/><T117/><D117/><U41/><E37/><V120/><F120/><W67/><G56/><T97/><D30/><U29/><E29/><V102/><F135/><W14/><G9/><T47/><REACH who="0" step="1"/><D7/><REACH who="0" ten="240,250,250,250" step="2"/><U68/><E5/><V54/><F42/><W4/><G4/><T64/><D64/><U25/><E132/><V95/><F66/><W12/><G71/><T36/><D36/><U49/><E69/><V76/><F118/><W91/><G70/><T112/><D112/><U106/><E68/><V13/><F109/><W115/><G115/><T19/><D19/><U110/><E63/><V134/><F108/><W65/><G67/><T20/><D20/><U130/><E130/><V38/><F38/><W26/><REACH who="3" step="1"/><G101/><REACH who="3" ten="240,250,250,240" step="2"/><T86/><D86/><AGARI ba="0,2" hai="12,14,22,26,28,57,60,65,74,78,80,86,91,92" machi="86" ten="30,3900,0" yaku="1,1,2,1,7,1,53,0" doraHai="111" doraHaiUra="2" who="3" fromWho="0" sc="240,-39,250,0,250,0,240,59" /><INIT seed="1,0,0,0,1,63" ten="201,250,250,299" oya="1" hai0="60,58,66,22,83,43,133,79,127,119,124,65,17" hai1="56,19,42,134,53,74,40,25,50,130,105,110,116" hai2="55,86,57,61,16,75,78,98,23,106,49,95,104" hai3="0,97,39,92,13,135,94,84,120,4,24,3,5"/><U38/><E74/><V52/><F75/><W9/><G39/><T123/><D119/><U80/><E105/><V87/><F106/><W30/><G120/><T70/><D123/><U36/><E80/><V45/><F104/><W18/><G135/><T2/><D2/><U131/><E25/><V91/><REACH who="2" step="1"/><F78/><REACH who="2" ten="201,250,240,299" step="2"/><W73/><G73/><T112/><D79/><U32/><E116/><V7/><F7/><W35/><G5/><T103/><D127/><U6/><E6/><V31/><F31/><W12/><G3/><T85/><D124/><U100/><E19/><V89/><F89/><W90/><G18/><T129/><D17/><U72/><E72/><V132/><F132/><W114/><G114/><T68/><D112/><U46/><E134/><V128/><F128/><N who="1" m="49193" /><E100/><AGARI ba="0,1" hai="0,4,9,12,13,24,30,35,84,90,92,94,97,100" machi="100" ten="30,1000,0" yaku="7,1" doraHai="63" who="3" fromWho="1" sc="201,0,250,-10,240,0,299,20" /><INIT seed="2,0,0,2,2,32" ten="201,240,240,319" oya="2" hai0="91,86,4,19,3,124,34,61,92,134,29,117,30" hai1="16,27,115,85,25,38,78,118,89,131,35,43,102" hai2="7,95,135,94,120,41,36,121,68,17,71,106,109" hai3="47,104,103,45,63,125,8,84,110,73,132,113,128"/><V74/><F106/><W58/><G73/><T39/><D39/><U69/><E69/><V122/><F135/><W50/><G113/><T11/><D134/><U93/><E115/><V5/><F74/><W51/><G132/><T60/><D124/><U87/><E118/><V12/><F36/><W119/><G119/><T31/><D117/><U62/><E62/><V46/><F109/><W75/><G75/><T88/><D34/><U55/><E55/><V67/><F46/><W0/><G128/><T126/><D126/><U64/><E64/><V9/><F41/><W15/><G110/><T10/><REACH who="0" step="1"/><D91/><REACH who="0" ten="191,240,240,319" step="2"/><U129/><E35/><V98/><F121/><W21/><G125/><T97/><D97/><U127/><E127/><V28/><F98/><W26/><G103/><T123/><D123/><U65/><E102/><V37/><F37/><W81/><G104/><T52/><D52/><U40/><E38/><V76/><F122/><W70/><G84/><T112/><D112/><U79/><E89/><V130/><F120/><W57/><G47/><T83/><D83/><U59/><E65/><V72/><F67/><W20/><G81/><T82/><D82/><U108/><E108/><V107/><F107/><W44/><G45/><T99/><D99/><U18/><E93/><V114/><F114/><W48/><G44/><T22/><D22/><U116/><E116/><V49/><F95/><W101/><G20/><T53/><D53/><U100/><E100/><V2/><F94/><W13/><G21/><T96/><D96/><U23/><E23/><V66/><F66/><W24/><G101/><RYUUKYOKU ba="0,1" sc="191,15,240,15,240,-15,319,-15" hai0="3,4,10,11,19,29,30,31,60,61,86,88,92" hai1="16,18,25,27,40,43,59,78,79,85,87,129,131" /><INIT seed="3,1,1,4,3,118" ten="206,255,225,304" oya="3" hai0="79,84,115,121,123,23,71,67,98,33,59,114,27" hai1="103,99,85,55,0,87,116,73,60,28,92,101,124" hai2="21,25,133,90,58,112,96,86,91,130,93,64,9" hai3="135,17,69,82,44,65,51,31,35,111,75,76,66"/><W18/><G135/><T100/><D33/><U70/><E0/><V32/><F133/><W125/><G125/><T3/><D3/><U54/><E124/><V63/><F130/><W68/><G68/><T104/><D71/><U113/><E113/><N who="0" m="43017" /><D84/><U117/><E28/><V83/><F112/><W129/><G129/><T131/><D79/><U20/><E20/><V42/><F32/><W62/><G66/><T109/><D109/><U14/><E14/><V106/><F106/><W50/><G111/><T45/><D45/><U72/><E70/><V19/><F42/><W8/><G8/><T74/><D74/><N who="1" m="28779" /><E60/><V57/><F57/><W88/><G51/><T49/><D131/><U26/><E54/><V41/><F41/><W36/><G36/><T52/><D67/><U95/><E55/><V37/><F37/><W53/><G31/><AGARI ba="1,1" hai="23,27,31,49,52,59,98,100,104,121,123" m="43017" machi="31" ten="30,7700,0" yaku="11,1,52,2,54,1" doraHai="118" who="0" fromWho="3" sc="206,90,255,0,225,0,304,-80" /><INIT seed="4,0,0,3,3,59" ten="296,255,225,224" oya="0" hai0="135,72,21,80,2,52,111,77,134,78,108,22,58" hai1="103,17,7,38,19,47,127,46,85,23,70,49,40" hai2="128,100,11,36,73,129,64,125,24,32,26,90,107" hai3="61,119,0,44,43,94,63,84,109,96,88,114,74"/><T13/><D2/><U53/><E70/><V10/><F36/><W75/><G0/><T126/><D78/><U106/><E127/><V81/><F125/><W113/><G109/><N who="0" m="42059" /><D126/><U66/><E7/><V118/><F118/><W99/><G119/><T1/><D1/><U56/><E106/><V54/><F64/><W93/><G75/><T3/><D3/><U30/><E103/><V4/><F54/><W67/><G74/><T117/><D117/><U65/><E85/><V12/><F11/><W79/><G79/><T8/><D8/><U130/><E130/><N who="2" m="50283" /><F32/><W20/><G20/><N who="0" m="7787" /><D13/><U131/><E131/><V14/><F14/><W123/><G123/><T28/><D28/><U102/><E102/><V15/><F15/><W25/><G25/><T16/><D16/><N who="1" m="6219" /><E38/><V68/><F100/><W95/><G67/><N who="1" m="25610" /><E40/><V60/><F68/><W48/><G113/><T122/><D122/><U86/><E86/><N who="2" m="50511" /><F73/><W76/><G114/><T121/><D121/><U110/><E110/><V133/><F24/><AGARI ba="0,0" hai="23,24,30,46,47,49,53,56" m="25610,6219" machi="24" ten="30,2000,0" yaku="8,1,54,1" doraHai="59" who="1" fromWho="2" sc="296,0,255,20,225,-20,224,0" /><INIT seed="5,0,0,3,1,0" ten="296,275,205,224" oya="1" hai0="66,33,27,38,100,96,26,5,109,39,31,46,128" hai1="50,92,44,116,90,10,127,54,8,7,48,61,49" hai2="129,134,119,74,101,68,125,79,124,126,64,58,42" hai3="52,132,104,133,12,16,28,60,82,123,99,118,22"/><U80/><E116/><V17/><F119/><W14/><G123/><T63/><D109/><U108/><E127/><V19/><F68/><W105/><G118/><T67/><D128/><U9/><E108/><V84/><F74/><W103/><G104/><N who="0" m="63495" /><D67/><U53/><E80/><V115/><F101/><W97/><G97/><T2/><D27/><U81/><E81/><V32/><F32/><W88/><G28/><T55/><D55/><U114/><E114/><V87/><F42/><W94/><G82/><T85/><D85/><N who="2" m="32842" /><F79/><W21/><G105/><T76/><D46/><U83/><E83/><V73/><F73/><W36/><G103/><T25/><D25/><U78/><E61/><N who="2" m="37943" /><F129/><W70/><G70/><N who="0" m="42335" /><D76/><U23/><E23/><V120/><F120/><W18/><G36/><T130/><D130/><U30/><E78/><V113/><F134/><W15/><G15/><T110/><D110/><U11/><E30/><V98/><F98/><W35/><G35/><T41/><D41/><U56/><E56/><AGARI ba="0,0" hai="12,14,16,18,21,22,52,56,60,88,94,99,132,133" machi="56" ten="40,8000,1" yaku="9,1,54,3" doraHai="0" who="3" fromWho="1" sc="296,0,275,-80,205,0,224,80" /><INIT seed="6,0,0,3,2,83" ten="296,195,205,304" oya="2" hai0="113,28,101,102,133,25,45,56,44,49,74,75,62" hai1="52,110,58,84,35,48,91,117,66,9,118,77,99" hai2="0,61,16,72,95,23,126,92,78,100,122,22,124" hai3="7,79,47,121,12,132,108,37,119,53,111,41,10"/><V97/><F122/><W80/><G119/><T1/><D1/><U135/><E110/><V112/><F0/><W69/><G69/><T8/><D113/><U40/><E35/><V34/><F34/><W106/><G121/><T38/><D133/><U123/><E135/><V4/><F4/><W86/><G132/><T55/><D8/><U81/><E123/><V115/><F23/><W11/><G106/><T18/><D18/><U51/><E66/><V2/><F2/><W125/><G125/><N who="2" m="48233" /><F61/><W39/><G39/><T24/><D24/><U6/><E99/><V68/><F68/><W63/><G11/><T57/><D75/><U70/><E70/><V114/><F78/><W116/><G116/><T43/><D57/><U26/><E26/><N who="2" m="14663" /><F72/><W104/><G104/><AGARI ba="0,0" hai="92,95,97,100,104,112,114,115" m="14663,48233" machi="104" ten="40,7700,0" yaku="15,1,18,1,54,1" doraHai="83" who="2" fromWho="3" sc="296,0,195,0,205,77,304,-77" /><INIT seed="6,1,0,1,0,102" ten="296,195,282,227" oya="2" hai0="42,101,14,127,9,89,37,11,82,52,75,115,86" hai1="83,70,93,35,29,38,128,74,60,77,55,105,123" hai2="34,96,39,36,18,44,112,41,90,13,129,91,100" hai3="48,33,106,80,114,23,53,120,66,76,28,25,103"/><V5/><F34/><W1/><G120/><T6/><D115/><U62/><E93/><V85/><F112/><W122/><G122/><T121/><D121/><U31/><E123/><V7/><F129/><W65/><G1/><T133/><D133/><U104/><E55/><V50/><F39/><W111/><G111/><T27/><D127/><U110/><E62/><V88/><F36/><W58/><G114/><T22/><D101/><U130/><E31/><V54/><F41/><W97/><REACH who="3" step="1"/><G33/><REACH who="3" ten="296,195,282,217" step="2"/><T10/><D6/><U125/><E110/><V49/><F7/><W73/><AGARI ba="1,1" hai="23,25,28,48,53,58,65,66,73,76,80,97,103,106" machi="73" ten="20,8000,1" yaku="1,1,2,1,0,1,7,1,52,1,53,0" doraHai="102" doraHaiUra="8" who="3" fromWho="3" sc="296,-21,195,-21,282,-41,217,93" /><INIT seed="7,0,0,4,5,56" ten="275,174,241,310" oya="3" hai0="50,128,31,68,38,95,105,127,49,22,81,0,10" hai1="52,114,118,48,54,37,17,79,43,24,80,44,74" hai2="62,96,125,120,113,46,57,45,66,7,25,71,6" hai3="135,87,115,91,129,69,97,27,104,123,121,130,102"/><W26/><G115/><T112/><D105/><U67/><E114/><V32/><F113/><W28/><G135/><T53/><D38/><U42/><E118/><V122/><F125/><W64/><G64/><T19/><D68/><U18/><E67/><V34/><F96/><W134/><G69/><T36/><D36/><U132/><E132/><V16/><F71/><W8/><G8/><T1/><D128/><N who="3" m="49257" /><G134/><T73/><D95/><U13/><E24/><N who="3" m="9258" /><G28/><T30/><D10/><U100/><E100/><V11/><F46/><W29/><G29/><T40/><D30/><U124/><E124/><V86/><F45/><W110/><G110/><T82/><D31/><U35/><E35/><V101/><F86/><W39/><G39/><T103/><D127/><U119/><E119/><V20/><F7/><W5/><G5/><T4/><D4/><U60/><E18/><V77/><F77/><W58/><G58/><T63/><D19/><U116/><E116/><V94/><F94/><AGARI ba="0,0" hai="87,91,94,97,102,104,121,123" m="9258,49257" machi="94" ten="30,1500,0" yaku="19,1" doraHai="56" who="3" fromWho="2" sc="275,0,174,0,241,-15,310,15" owari="275,7.5,174,-32.6,226,-17.4,325,42.5" /></mjloggm>