<mjloggm ver="2.3"><GO type="169" lobby="0"/><UN n0="%E3%83%90%E3%83%AA%E3%83%88%E3%83%B3" n1="%E8%8B%B1%E5%9B%BD%E5%A3%B2%E5%8D%B4" n2="%E3%83%8F%E5%B4%8E%E7%9C%9F%E6%82%9F" n3="%E9%9B%B2%E3%81%AE%E3%83%95%E3%83%89%E3%82%A6" dan="17,18,17,16" rate="2251.79,2239.33,2221.22,2082.40" sx="M,M,M,M"/><TAIKYOKU oya="0"/><INIT seed="0,0,0,0,2,1" ten="250,250,250,250" oya="0" hai0="7,0,96,118,103,15,68,27,9,98,33,46,82" hai1="111,56,75,45,58,81,4,102,122,115,100,101,127" hai2="128,120,47,26,90,21,107,32,25,105,50,41,61" hai3="28,110,112,74,86,106,29,99,62,64,93,63,48"/><T52/><D118/><U84/><E122/><V83/><F120/><W77/><G112/><T23/><D68/><U12/><E111/><V134/><F128/><W72/><G110/><T71/><D71/><U3/><E3/><V49/><F134/><W85/><G48/><N who="0" m="28695" /><D103/><U135/><E75/><V10/><F61/><W91/><G63/><T30/><D82/><U114/><E127/><V42/><F42/><W117/><G117/><T34/><D34/><U133/><E45/><V124/><F49/><W22/><G86/><T67/><D67/><U88/><E58/><V31/><F124/><W35/><G35/><T43/><D43/><U92/><E56/><V37/><F37/><W38/><G38/><T39/><D39/><U109/><E109/><V40/><F40/><W66/><G74/><T69/><D69/><U60/><E60/><V11/><F105/><W123/><G123/><T13/><D13/><U116/><E116/><V8/><F107/><W119/><G119/><T54/><D54/><U131/><E131/><V59/><F59/><W129/><G129/><T51/><D51/><U2/><E2/><V24/><F32/><W44/><G44/><T125/><D125/><U108/><E108/><V95/><REACH who="2" step="1"/><F83/><REACH who="2" ten="250,250,240,250" step="2"/><N who="3" m="45479" /><G62/><T94/><D94/><U36/><E36/><V130/><F130/><W53/><G66/><T113/><D113/><N who="1" m="43019" /><E81/><V73/><F73/><W104/><G64/><T87/><D87/><AGARI ba="0,1" hai="8,10,11,21,24,25,26,31,41,47,50,87,90,95" machi="87" ten="40,2600,0" yaku="1,1,8,1,53,0" doraHai="1" doraHaiUra="97" who="2" fromWho="0" sc="250,-26,250,0,240,36,250,0" /><INIT seed="1,0,0,3,4,54" ten="224,250,276,250" oya="1" hai0="125,85,84,20,70,5,14,133,78,11,95,31,56" hai1="98,36,123,100,43,63,76,117,42,59,116,34,30" hai2="108,66,90,46,55,121,103,3,61,110,112,124,49" hai3="86,64,120,48,97,57,104,9,135,67,2,51,25"/><U33/><E123/><V82/><F3/><W21/><G120/><T19/><D70/><U29/><E76/><V16/><F121/><W115/><G115/><T50/><D133/><U39/><E63/><V106/><F103/><W8/><G135/><T130/><D130/><U74/><E100/><V113/><F106/><W38/><G38/><T83/><D125/><U75/><REACH who="1" step="1"/><E98/><REACH who="1" ten="224,240,276,250" step="2"/><V72/><F124/><W127/><G127/><T10/><D31/><U58/><AGARI ba="0,1" hai="29,30,33,34,36,39,42,43,58,59,74,75,116,117" machi="58" ten="25,24000,3" yaku="1,1,2,1,0,1,22,2,52,2,53,2" doraHai="54" doraHaiUra="52" who="1" fromWho="1" sc="224,-80,240,250,276,-80,250,-80" /><INIT seed="1,1,0,1,5,31" ten="144,490,196,170" oya="1" hai0="13,21,110,109,106,47,46,98,66,72,38,12,7" hai1="24,71,26,94,112,125,19,86,108,121,113,97,35" hai2="57,130,34,123,29,50,119,122,41,103,6,23,124" hai3="48,18,49,60,53,80,33,25,120,51,133,76,20"/><U14/><E71/><V83/><F119/><W89/><G120/><T135/><D72/><U115/><E121/><V32/><F103/><W65/><G133/><T107/><D66/><U37/><E37/><V15/><F29/><W52/><G89/><T22/><D7/><U129/><E125/><V128/><F83/><W99/><G99/><T17/><D98/><U0/><E0/><V101/><F101/><W40/><G40/><T75/><D75/><U62/><E86/><V8/><F124/><W127/><G127/><T131/><D17/><U118/><E118/><V78/><F78/><W111/><G111/><T73/><D73/><U67/><E35/><N who="2" m="13355" /><F23/><W56/><REACH who="3" step="1"/><G33/><REACH who="3" ten="144,490,196,160" step="2"/><T2/><D135/><U126/><E108/><V39/><F41/><W85/><AGARI ba="1,1" hai="18,20,25,48,49,51,52,53,56,60,65,76,80,85" machi="85" ten="30,8000,1" yaku="1,1,2,1,0,1,8,1,54,1,53,0" doraHai="31" doraHaiUra="132" who="3" fromWho="3" sc="144,-21,490,-41,196,-21,160,93" /><INIT seed="2,0,0,0,2,35" ten="123,449,175,253" oya="2" hai0="91,77,68,10,108,105,51,129,24,19,135,94,28" hai1="101,58,103,53,11,70,71,115,97,67,87,133,85" hai2="15,17,118,50,111,30,26,66,132,46,80,73,92" hai3="84,93,89,106,121,65,42,3,78,41,88,43,57"/><V82/><F118/><W54/><G121/><T128/><D105/><U123/><E115/><V75/><F132/><W83/><G106/><T79/><D68/><U20/><E133/><V62/><F75/><W72/><G65/><T8/><D108/><U124/><E124/><V60/><F92/><W90/><REACH who="3" step="1"/><G3/><REACH who="3" ten="123,449,175,243" step="2"/><T21/><D135/><U134/><E67/><V107/><F107/><W2/><G2/><T59/><D129/><U37/><E134/><V122/><F122/><W100/><G100/><T47/><D128/><U117/><E103/><V31/><F111/><W44/><G44/><T76/><D59/><U63/><E101/><V69/><F66/><W39/><G39/><T95/><D28/><U112/><E37/><V1/><F69/><W102/><G102/><T27/><D24/><U18/><E123/><V36/><F36/><W13/><G13/><T99/><REACH who="0" step="1"/><D94/><REACH who="0" ten="113,449,175,243" step="2"/><U130/><E130/><V14/><F26/><W5/><G5/><T98/><D98/><U16/><E71/><V7/><F30/><W104/><G104/><T22/><D22/><U32/><E70/><V55/><F31/><W96/><G96/><T29/><D29/><U48/><E97/><V113/><F7/><W131/><G131/><T125/><D125/><U64/><E20/><V74/><F46/><W110/><G110/><T4/><D4/><U38/><E32/><V34/><F34/><W40/><N who="3" m="10240" /><DORA hai="127" /><W45/><G45/><T49/><D49/><AGARI ba="0,2" hai="49,54,57,72,78,83,84,88,89,90,93" m="10240" machi="49" ten="50,3200,0" yaku="1,1,54,1,53,0" doraHai="35,127" doraHaiUra="119,9" who="3" fromWho="0" sc="113,-32,449,0,175,0,243,52" /><INIT seed="3,0,0,0,1,92" ten="81,449,175,295" oya="3" hai0="24,113,15,45,20,66,111,88,131,128,35,1,9" hai1="122,96,102,74,44,83,117,112,81,133,76,41,125" hai2="108,61,49,56,2,127,132,86,3,115,40,97,110" hai3="135,68,7,130,71,12,101,42,64,4,60,84,100"/><W25/><G130/><N who="0" m="49707" /><D66/><U51/><E125/><V58/><F115/><W22/><G135/><T114/><D45/><U121/><E133/><V85/><F132/><W23/><G71/><T107/><D107/><U19/><E112/><N who="0" m="43113" /><D88/><U27/><E83/><V75/><F75/><W73/><G73/><T99/><D99/><U46/><E117/><V43/><F127/><W63/><G42/><T78/><D78/><U5/><E5/><V65/><F65/><W129/><G129/><T39/><D39/><U18/><E46/><V62/><F49/><W120/><G84/><T13/><D35/><U106/><REACH who="1" step="1"/><E27/><REACH who="1" ten="81,439,175,295" step="2"/><V126/><F126/><W48/><G25/><T34/><D111/><U90/><E90/><V79/><F79/><W109/><G109/><T28/><D34/><U98/><E98/><AGARI ba="0,1" hai="2,3,40,43,56,58,61,62,85,86,97,98,108,110" machi="98" ten="25,6400,0" yaku="22,2,52,2" doraHai="92" who="2" fromWho="1" sc="81,0,439,-64,175,74,295,0" /><INIT seed="4,0,0,4,2,23" ten="81,375,249,295" oya="0" hai0="16,15,3,71,59,1,47,14,50,111,85,4,126" hai1="127,17,27,51,122,97,116,8,75,22,77,57,132" hai2="74,45,9,73,46,133,5,119,13,10,101,41,63" hai3="6,31,93,107,70,67,121,29,62,68,91,35,49"/><T95/><D71/><U88/><E116/><V0/><F133/><W90/><G107/><T34/><D34/><U58/><E122/><V96/><F119/><W134/><G134/><T20/><D126/><U2/><E132/><V86/><F46/><W125/><G125/><T80/><D111/><U89/><E127/><V108/><F86/><W56/><G121/><T99/><D59/><U72/><E72/><V100/><F63/><W112/><G112/><T110/><D110/><U53/><E77/><V128/><F128/><W79/><G79/><T98/><D14/><N who="1" m="7367" /><E75/><V117/><F100/><W24/><G29/><T25/><D15/><U94/><E2/><V92/><F117/><W78/><G78/><T114/><D114/><U21/><E21/><V113/><F108/><W32/><G32/><T36/><D36/><U87/><E58/><V81/><F81/><W109/><G109/><T66/><D66/><U30/><E87/><V42/><F42/><W33/><G33/><T120/><D120/><U43/><E43/><V39/><F113/><W84/><G6/><AGARI ba="0,0" hai="0,5,6,9,10,13,39,41,45,73,74,92,96,101" machi="6" ten="30,1000,0" yaku="7,1" doraHai="23" who="2" fromWho="3" sc="81,0,375,0,249,10,295,-10" /><INIT seed="5,0,0,4,0,103" ten="81,375,259,285" oya="1" hai0="36,128,88,95,104,99,73,8,60,126,100,4,0" hai1="42,108,57,71,82,117,91,68,63,37,83,48,107" hai2="116,70,50,134,17,127,51,121,22,105,10,94,13" hai3="79,119,135,54,41,23,114,72,11,46,2,133,110"/><U29/><E117/><V131/><F116/><W98/><G119/><T59/><D128/><U86/><E37/><V93/><F70/><W43/><G110/><T52/><D126/><U18/><E29/><V27/><F121/><W49/><G114/><T132/><D132/><N who="3" m="50761" /><G23/><T24/><D73/><U106/><E82/><V65/><F134/><W3/><G98/><T122/><D36/><U14/><E42/><N who="3" m="15882" /><G11/><T15/><D122/><U9/><E48/><V44/><F65/><W130/><G130/><T32/><D32/><U120/><E120/><V16/><F127/><W81/><AGARI ba="0,0" hai="2,3,46,49,54,72,79,81" m="15882,50761" machi="81" ten="30,1100,0" yaku="20,1" doraHai="103" who="3" fromWho="3" sc="81,-3,375,-5,259,-3,285,11" /><INIT seed="6,0,0,2,1,112" ten="78,370,256,296" oya="2" hai0="45,102,16,30,37,110,81,5,135,36,106,15,96" hai1="57,126,131,98,90,59,91,123,88,114,75,55,71" hai2="68,87,78,109,29,18,89,103,21,46,23,9,44" hai3="80,66,39,94,14,93,70,120,49,0,65,105,12"/><V61/><F109/><W132/><G39/><T84/><D110/><U133/><E114/><V40/><F103/><W3/><G80/><T77/><D135/><U52/><E123/><V27/><F78/><W95/><G49/><T63/><D30/><U8/><E75/><V128/><F128/><W101/><G120/><T122/><D5/><U56/><E71/><V124/><F124/><W92/><G132/><T19/><D122/><U74/><E74/><V64/><F9/><W73/><G73/><T69/><D19/><U104/><E133/><V51/><F44/><W127/><G127/><T34/><D34/><U62/><E126/><V130/><F130/><W117/><G117/><T115/><D115/><U28/><E28/><V41/><F41/><W129/><G129/><T99/><D45/><U107/><E131/><V47/><F47/><W35/><G35/><T22/><REACH who="0" step="1"/><D99/><REACH who="0" ten="68,370,256,296" step="2"/><U50/><E98/><V42/><F42/><W25/><G3/><T108/><D108/><U32/><E32/><V118/><F18/><W13/><G0/><T6/><D6/><U24/><E24/><V10/><F27/><W1/><G1/><T83/><D83/><U134/><E134/><V111/><F29/><W54/><G25/><T113/><D113/><U20/><E20/><V85/><F111/><W38/><G14/><T2/><D2/><U53/><E8/><V82/><F10/><W7/><G13/><T58/><D58/><U121/><E121/><V33/><F33/><W31/><G12/><T11/><D11/><U4/><E4/><V100/><F21/><W60/><G31/><RYUUKYOKU ba="0,1" sc="68,15,370,15,256,-15,296,-15" hai0="15,16,22,36,37,63,69,77,81,84,96,102,106" hai1="50,52,53,55,56,57,59,62,88,90,91,104,107" /><INIT seed="7,1,1,4,3,7" ten="83,385,241,281" oya="3" hai0="60,87,17,77,5,46,98,94,84,67,12,131,107" hai1="132,25,13,118,86,133,1,85,0,108,83,128,62" hai2="43,51,75,6,99,103,68,4,73,24,47,64,40" hai3="31,10,29,121,130,3,63,71,112,59,49,96,30"/><W54/><G121/><T11/><D131/><U15/><E108/><V122/><F122/><W21/><G112/><T105/><D105/><U81/><E25/><V27/><F68/><W41/><G130/><T74/><D107/><U52/><E52/><N who="2" m="29823" /><F64/><W79/><G79/><T119/><D119/><U33/><E62/><V124/><F75/><W2/><G21/><T120/><D120/><U116/><E128/><V9/><F73/><W66/><G96/><T134/><D134/><U102/><E102/><V22/><F27/><W38/><REACH who="3" step="1"/><G10/><REACH who="3" ten="83,385,241,271" step="2"/><T82/><D5/><N who="2" m="2154" /><F9/><W106/><G106/><T126/><D126/><U70/><E33/><V95/><F124/><W16/><G16/><AGARI ba="1,2" hai="16,22,24,40,43,95,99,103" m="2154,29823" machi="16" ten="30,3900,0" yaku="8,1,54,2" doraHai="7" who="2" fromWho="3" sc="83,0,385,0,241,62,271,-42" owari="83,-41.7,385,48.5,303,10.3,229,-17.1" /></mjloggm>