<mjloggm ver="2.3"><GO type="169" lobby="0"/><UN n0="%44%75%64%65" n1="%41%4C%50%45%52%49%4E" n2="%69%54%65%6E%68%6F%75" n3="%4D%4C%5A%4E%55%2D%53%4B" dan="16,16,16,17" rate="2087.69,2112.87,2090.81,2150.75" sx="M,M,M,M"/><TAIKYOKU oya="0"/><INIT seed="0,0,0,5,0,41" ten="250,250,250,250" oya="0" hai0="127,42,119,71,93,78,110,40,107,45,116,72,117" hai1="31,68,54,39,82,58,21,91,20,9,94,120,2" hai2="65,11,63,134,16,126,23,33,102,79,27,95,114" hai3="75,67,18,60,7,131,97,37,84,123,89,99,48"/><T38/><D107/><U118/><E118/><V80/><F114/><W122/><G37/><T103/><D71/><U101/><E68/><V55/><F134/><W8/><G75/><T100/><D127/><U90/><E39/><V98/><F126/><W1/><G18/><T105/><D105/><U36/><E36/><V0/><F33/><W133/><G48/><T15/><D110/><U29/><E120/><N who="3" m="46122" /><G133/><T62/><D40/><U32/><E32/><V25/><F55/><W34/><G34/><T13/><D62/><U14/><E2/><V108/><F108/><W51/><G51/><T81/><REACH who="0" step="1"/><D93/><REACH who="0" ten="240,250,250,250" step="2"/><U92/><E92/><V61/><F63/><W109/><G109/><T26/><D26/><U77/><E94/><V12/><F27/><W104/><G104/><T46/><D46/><U5/><E58/><V30/><F61/><W128/><G128/><T87/><D87/><U6/><E82/><V56/><F56/><N who="3" m="37255" /><G131/><T43/><D43/><U88/><E54/><V10/><F65/><W76/><G76/><T115/><D115/><U22/><E77/><V113/><F113/><W130/><G130/><T49/><D49/><U125/><E125/><V57/><F57/><W135/><G135/><T35/><D35/><U4/><REACH who="1" step="1"/><E101/><AGARI ba="0,1" hai="13,15,38,42,45,72,78,81,100,101,103,116,117,119" machi="101" ten="40,3900,0" yaku="1,1,52,1,53,0" doraHai="41" doraHaiUra="24" who="0" fromWho="1" sc="240,49,250,-39,250,0,250,0" /><INIT seed="0,1,0,2,4,96" ten="289,211,250,250" oya="0" hai0="59,35,122,112,91,83,58,135,48,13,24,7,28" hai1="125,119,130,32,31,79,39,64,115,0,90,9,51" hai2="57,34,44,49,70,14,29,87,61,41,2,99,12" hai3="3,113,117,15,43,94,62,10,72,42,73,127,93"/><T133/><D112/><U67/><E39/><V78/><F2/><W110/><G3/><T107/><D107/><U85/><E119/><V86/><F70/><W33/><G33/><T8/><D122/><U88/><E125/><V27/><F87/><W23/><G23/><T6/><D6/><U37/><E37/><V109/><F109/><W103/><G62/><T38/><D38/><U63/><E130/><V134/><F134/><N who="0" m="51210" /><D48/><U98/><E115/><V36/><F36/><W21/><G127/><T52/><D52/><U53/><E32/><V121/><F121/><W71/><G43/><T65/><D65/><U45/><E31/><V82/><REACH who="2" step="1"/><F99/><REACH who="2" ten="289,211,240,250" step="2"/><W80/><G113/><T111/><D111/><U17/><E98/><V126/><F126/><W16/><G110/><T20/><D35/><U1/><E1/><V54/><AGARI ba="1,1" hai="12,14,27,29,34,41,44,49,54,57,61,78,82,86" machi="54" ten="20,5200,0" yaku="1,1,0,1,7,1,53,1" doraHai="96" doraHaiUra="56" who="2" fromWho="2" sc="289,-27,211,-14,240,65,250,-14" /><INIT seed="1,0,0,4,4,128" ten="262,197,305,236" oya="1" hai0="80,64,70,71,4,53,122,56,10,51,49,0,114" hai1="28,81,46,16,3,108,75,31,131,41,14,109,58" hai2="54,50,86,24,72,69,19,74,134,30,82,101,95" hai3="33,107,22,85,23,98,124,20,17,38,88,65,60"/><U89/><E3/><V116/><F116/><W84/><G38/><T52/><D114/><U106/><E106/><V67/><F19/><W130/><G130/><T100/><D122/><U104/><E104/><V123/><F123/><W79/><G33/><T133/><D133/><U83/><E131/><V73/><F67/><W48/><G124/><T45/><D100/><U63/><E31/><V27/><F69/><W9/><G48/><T29/><D64/><U44/><E28/><V135/><F95/><W66/><G66/><T92/><D92/><U43/><E89/><V39/><F39/><W42/><G42/><T97/><D97/><U62/><E75/><V8/><F8/><W18/><G79/><T96/><D96/><U40/><E83/><V118/><F118/><W103/><G9/><T126/><D126/><U117/><E81/><V1/><F1/><W94/><REACH who="3" step="1"/><G84/><REACH who="3" ten="262,197,305,226" step="2"/><T7/><D10/><N who="1" m="6231" /><E117/><V25/><F30/><W21/><N who="3" m="5120" /><DORA hai="112" /><W47/><G47/><N who="1" m="17962" /><E58/><AGARI ba="0,1" hai="17,18,58,60,65,85,88,94,98,103,107" m="5120" machi="58" ten="50,3200,0" yaku="1,1,54,1,53,0" doraHai="128,112" doraHaiUra="37,129" who="3" fromWho="1" sc="262,0,197,-32,305,0,226,42" /><INIT seed="2,0,0,3,5,6" ten="262,165,305,268" oya="2" hai0="42,125,85,92,60,94,123,70,103,52,130,117,80" hai1="83,93,15,129,27,98,131,56,21,34,50,11,14" hai2="49,39,54,4,72,25,74,1,73,28,119,95,121" hai3="124,17,135,41,23,0,104,20,22,12,8,24,133"/><V78/><F121/><W18/><G104/><T59/><D123/><U77/><E34/><V44/><F119/><W62/><G41/><T66/><D117/><U38/><E38/><V55/><F95/><W35/><G62/><T122/><D122/><U13/><E56/><V31/><F31/><N who="3" m="19943" /><G124/><T118/><D118/><U90/><E50/><V111/><F111/><W102/><G102/><T29/><D125/><U51/><E51/><V43/><F78/><W65/><G65/><T106/><D130/><U99/><E99/><V30/><F30/><W84/><G84/><T114/><D114/><U45/><E45/><V58/><F55/><W69/><G69/><T40/><D29/><U67/><E67/><V63/><F4/><N who="3" m="1031" /><G22/><T108/><D106/><U116/><E116/><V109/><F109/><W96/><G96/><T91/><D108/><U132/><E132/><V82/><F1/><W115/><G115/><T76/><D103/><U32/><E32/><V7/><F82/><W127/><G127/><T37/><D94/><U68/><E68/><V2/><F2/><W48/><G48/><T88/><D91/><U126/><E126/><V3/><F3/><W100/><G100/><T75/><D37/><U9/><E131/><V53/><F7/><W57/><G57/><T86/><D75/><U105/><E105/><V101/><F101/><W89/><G89/><T46/><D46/><U134/><E129/><V97/><F97/><W110/><G110/><T71/><D71/><U61/><E134/><V112/><F112/><W47/><G47/><T64/><D70/><U16/><E61/><RYUUKYOKU ba="0,0" sc="262,10,165,10,305,-30,268,10" hai0="40,42,52,59,60,64,66,76,80,85,86,88,92" hai1="9,11,13,14,15,16,21,27,77,83,90,93,98" hai3="12,17,18,20,23,133,135" /><INIT seed="3,1,0,3,2,78" ten="272,175,275,278" oya="3" hai0="63,2,40,22,116,120,62,114,109,38,57,100,95" hai1="46,0,126,99,19,48,53,66,128,118,71,6,25" hai2="129,79,49,4,42,45,54,30,81,112,119,127,69" hai3="85,34,110,72,28,43,104,15,76,52,86,106,32"/><W101/><G43/><T102/><D116/><U29/><E118/><V31/><F119/><W1/><G1/><T64/><D120/><U37/><E128/><V90/><F112/><W117/><G117/><T105/><D105/><U5/><E126/><V33/><F129/><W88/><G15/><T10/><D109/><U55/><E37/><V24/><F69/><W65/><G65/><T122/><D122/><U3/><E19/><V130/><F130/><W17/><G17/><T74/><D74/><U35/><E99/><V134/><F134/><W7/><G7/><T60/><D114/><U125/><E125/><V39/><F127/><W75/><G76/><T89/><D40/><U26/><E66/><V132/><F132/><W73/><G28/><T36/><D36/><U18/><E71/><V70/><F90/><W96/><G85/><N who="0" m="52655" /><D38/><U77/><E77/><V21/><F70/><W14/><G14/><T11/><D22/><U83/><E35/><V115/><F4/><W9/><G104/><T44/><D44/><U111/><E46/><V123/><F123/><W58/><G9/><N who="0" m="3083" /><D2/><U47/><E47/><V13/><F13/><W56/><G56/><T135/><D135/><U41/><E41/><V20/><F31/><W124/><G124/><T8/><N who="0" m="3091" /><T133/><DORA hai="23" /><D133/><U108/><E29/><V113/><F115/><W84/><G110/><T82/><D82/><U59/><E83/><V103/><F113/><W94/><REACH who="3" step="1"/><G86/><REACH who="3" ten="272,175,275,268" step="2"/><T12/><D12/><U80/><E108/><V131/><F131/><W68/><G68/><T16/><D16/><U92/><E18/><RYUUKYOKU ba="1,1" sc="272,15,175,-15,275,-15,268,15" hai0="57,60,62,63,64,100,102" hai3="32,34,52,58,72,73,75,84,88,94,96,101,106" /><INIT seed="3,2,1,5,2,109" ten="287,160,260,283" oya="3" hai0="27,13,115,73,50,53,42,57,72,49,80,68,17" hai1="113,96,123,87,8,3,33,38,108,114,29,43,58" hai2="59,128,67,20,10,47,32,100,126,21,23,133,60" hai3="44,84,41,74,51,56,121,14,75,82,35,46,95"/><W15/><G35/><T64/><D27/><U93/><E123/><V134/><F32/><W76/><G121/><T78/><D68/><U116/><E108/><V88/><F100/><W119/><G119/><T66/><D73/><U12/><E116/><V4/><F128/><W2/><G2/><T31/><D31/><U65/><E3/><V54/><F126/><W48/><G56/><T69/><D69/><U91/><E33/><V6/><F6/><W61/><G61/><T131/><D131/><U124/><E29/><V62/><F47/><W26/><G26/><T34/><D34/><U102/><E124/><V79/><F79/><W117/><G117/><T63/><D115/><U127/><E127/><V0/><REACH who="2" step="1"/><F88/><REACH who="2" ten="287,160,250,283" step="2"/><W92/><G74/><T97/><D97/><U83/><E38/><V132/><F132/><W106/><G75/><T111/><D111/><U104/><E43/><V107/><F107/><W86/><G106/><T118/><D118/><U45/><E45/><V52/><F52/><N who="3" m="29703" /><G92/><T16/><D42/><U89/><E65/><V36/><F36/><W125/><G125/><T77/><D64/><U71/><E104/><V55/><F55/><W129/><G129/><T110/><D110/><U90/><E102/><V70/><AGARI ba="2,2" hai="0,4,10,20,21,23,54,59,60,62,67,70,133,134" machi="70" ten="30,2000,0" yaku="1,1,0,1,53,0" doraHai="109" doraHaiUra="22" who="2" fromWho="2" sc="287,-7,160,-7,250,46,283,-12" /><INIT seed="4,0,0,5,3,69" ten="280,153,296,271" oya="0" hai0="101,130,19,11,6,70,83,124,28,133,25,3,62" hai1="30,14,68,94,9,24,21,88,52,0,115,40,42" hai2="64,75,5,105,55,20,120,102,132,60,87,85,135" hai3="90,61,106,63,37,29,98,10,86,111,109,35,49"/><T92/><D133/><U44/><E68/><V77/><F120/><W7/><G49/><T39/><D130/><U118/><E0/><V46/><F75/><W13/><G37/><T34/><D124/><U112/><E118/><V17/><F5/><W45/><G45/><T113/><D113/><N who="1" m="43595" /><E44/><V38/><F102/><W59/><G61/><T116/><D116/><U54/><E42/><V36/><F105/><W104/><G104/><T95/><D101/><U100/><E40/><V53/><F46/><W65/><G98/><T110/><D110/><U43/><E43/><V127/><F127/><W8/><G106/><T84/><D39/><N who="2" m="14890" /><F77/><W97/><G97/><T80/><D19/><N who="1" m="8655" /><E100/><V103/><F103/><W126/><G126/><T107/><D107/><U27/><E24/><N who="2" m="14351" /><F53/><W121/><G109/><T1/><D1/><U91/><E91/><V117/><F55/><W108/><G90/><T67/><D83/><U33/><E33/><V74/><F74/><W81/><G35/><T4/><D4/><U66/><E66/><V99/><F117/><W114/><G65/><T82/><D80/><U131/><E131/><V93/><F93/><W12/><G7/><T16/><D16/><U47/><E47/><V58/><F99/><AGARI ba="0,0" hai="21,27,30,52,54,88,94,99" m="8655,43595" machi="99" ten="30,7700,0" yaku="15,1,11,1,54,2" doraHai="69" who="1" fromWho="2" sc="280,0,153,77,296,-77,271,0" /><INIT seed="5,0,0,2,3,20" ten="280,230,219,271" oya="1" hai0="80,35,111,128,56,34,41,75,44,2,130,61,122" hai1="125,83,135,24,23,101,113,39,62,52,116,115,97" hai2="57,14,18,26,92,22,121,106,11,129,93,84,13" hai3="38,68,91,9,112,15,69,118,103,6,131,43,60"/><U7/><E116/><V132/><F129/><N who="0" m="49770" /><D2/><U70/><E39/><V58/><F132/><W40/><G103/><T10/><D10/><U25/><E135/><V46/><F106/><W107/><G107/><T96/><D96/><U98/><E125/><V32/><F32/><W63/><G91/><T19/><D19/><U79/><E7/><V95/><F121/><W28/><G15/><T27/><D111/><U49/><E62/><V3/><F3/><W87/><G28/><N who="0" m="19743" /><D35/><U119/><E70/><V48/><F84/><W86/><G9/><T0/><D0/><U4/><E4/><V127/><F127/><W99/><G6/><T36/><D80/><U59/><E119/><V71/><F71/><W126/><G99/><N who="1" m="37898" /><E23/><V55/><REACH who="2" step="1"/><F14/><REACH who="2" ten="280,230,209,271" step="2"/><W123/><G131/><T74/><D122/><U51/><E101/><V102/><F102/><W124/><G123/><T105/><D105/><U85/><E49/><V114/><F114/><AGARI ba="0,1" hai="24,25,51,52,59,79,83,85,113,114,115" m="37898" machi="114" ten="30,11600,0" yaku="15,1,52,2,54,1" doraHai="20" who="1" fromWho="2" sc="280,0,230,126,209,-116,271,0" /><INIT seed="5,1,0,2,1,91" ten="280,356,93,271" oya="1" hai0="128,118,78,19,100,2,89,31,119,34,44,60,15" hai1="76,41,115,42,102,39,17,32,18,56,135,70,46" hai2="83,13,72,21,43,59,14,84,88,111,74,107,4" hai3="63,45,53,86,35,120,62,90,109,67,97,11,133"/><U66/><E32/><V104/><F111/><W73/><G35/><T47/><D128/><U114/><E76/><V69/><F69/><W55/><G73/><T92/><D2/><U79/><E79/><V49/><F14/><W61/><G133/><T131/><D131/><U68/><E102/><V87/><F72/><W6/><G97/><T48/><D100/><U10/><E10/><V121/><F74/><W28/><G28/><T125/><D78/><U110/><E110/><V29/><F121/><W126/><G126/><T57/><D125/><U3/><E3/><V5/><F107/><W82/><G120/><T116/><D31/><U117/><E117/><V7/><F104/><W112/><G112/><N who="1" m="43050" /><E18/><N who="2" m="10447" /><F29/><W8/><G8/><T50/><D34/><U81/><E17/><V23/><F23/><W96/><G11/><N who="0" m="6655" /><D119/><U106/><E106/><V71/><F71/><N who="1" m="27177" /><E81/><V0/><F0/><W12/><G82/><T52/><D118/><U77/><E135/><V22/><F22/><W98/><G12/><T9/><D9/><U130/><E130/><V40/><F87/><W20/><G86/><N who="0" m="52279" /><D116/><U113/><E113/><V132/><F132/><W30/><G30/><T101/><D101/><U75/><E75/><V25/><F25/><W64/><G109/><T108/><D108/><U58/><E77/><V38/><F38/><W16/><G20/><T36/><D36/><U33/><E33/><V26/><F26/><W37/><G37/><T54/><D44/><U103/><E39/><V127/><F127/><W65/><G16/><T124/><D124/><U99/><E46/><V27/><F27/><RYUUKYOKU ba="1,0" sc="280,15,356,-15,93,15,271,-15" hai0="47,48,50,52,54,57,60" hai2="4,5,7,40,43,49,59,83,84,88" /><INIT seed="6,2,0,2,4,66" ten="295,341,108,256" oya="2" hai0="33,16,124,53,3,7,22,97,17,93,135,133,91" hai1="42,4,90,77,21,9,41,115,10,65,73,83,51" hai2="88,134,58,121,110,114,119,107,48,76,118,101,95" hai3="28,127,87,75,123,40,108,43,38,68,120,2,126"/><V85/><F121/><W100/><G87/><T128/><D33/><U29/><E115/><V55/><F114/><W69/><G75/><T1/><D128/><U82/><E65/><V32/><F32/><W131/><G2/><T71/><D124/><N who="3" m="47657" /><G108/><T50/><D71/><N who="3" m="27209" /><G131/><T80/><D80/><U96/><E90/><V129/><F129/><W0/><G0/><T13/><D17/><U37/><E82/><V8/><F134/><N who="0" m="51210" /><D7/><U46/><E4/><V6/><F110/><W102/><G28/><T47/><AGARI ba="2,0" hai="1,3,13,16,22,47,50,53,91,93,97" m="51210" machi="47" ten="30,2000,0" yaku="20,1,54,1" doraHai="66" who="0" fromWho="0" sc="295,26,341,-7,108,-12,256,-7" /><INIT seed="7,0,0,2,5,57" ten="321,334,96,249" oya="3" hai0="77,6,71,111,0,10,47,37,17,113,27,8,44" hai1="58,61,132,72,20,107,118,85,106,133,125,26,7" hai2="33,88,68,40,120,97,66,126,101,81,80,28,18" hai3="115,21,4,14,74,29,39,76,108,9,32,124,22"/><W13/><G39/><T11/><D111/><U63/><E72/><V98/><F40/><W109/><G76/><T94/><D71/><U87/><E125/><V79/><F126/><W35/><G74/><T25/><D77/><U52/><E7/><V119/><F119/><W19/><G124/><T65/><D65/><U49/><E118/><V60/><F120/><W75/><G75/><T59/><D113/><U83/><E106/><V134/><F134/><N who="1" m="51817" /><E107/><V130/><F130/><W82/><G82/><T48/><D37/><U102/><E102/><V78/><F18/><N who="3" m="10455" /><G115/><T89/><D6/><U127/><E127/><V15/><F15/><W24/><G32/><T93/><D0/><AGARI ba="0,0" hai="0,4,9,13,19,22,24,29,35,108,109" m="10455" machi="0" ten="30,5800,0" yaku="24,1,34,2" doraHai="57" who="3" fromWho="0" sc="321,-58,334,0,96,0,249,58" /><INIT seed="7,1,0,5,0,44" ten="263,334,96,307" oya="3" hai0="45,95,12,100,19,5,24,10,123,61,97,91,90" hai1="134,57,32,22,81,26,126,23,0,50,1,120,67" hai2="51,127,129,21,15,122,113,56,69,30,48,89,36" hai3="70,93,2,125,68,105,121,11,128,72,108,132,119"/><W79/><G93/><T124/><D124/><U103/><E120/><V101/><F122/><W34/><G11/><T3/><D123/><U9/><E32/><V83/><F69/><W76/><G76/><T13/><D3/><U131/><E126/><V107/><F127/><W75/><G79/><T114/><D114/><U73/><E134/><V59/><F113/><W8/><G8/><T117/><D117/><U6/><E131/><V49/><F129/><W39/><G72/><T53/><D24/><U104/><E0/><V52/><F107/><W16/><G16/><T4/><D4/><U71/><E71/><V42/><F101/><W77/><G77/><T98/><D98/><U31/><E73/><V28/><F36/><W106/><G106/><T112/><D112/><AGARI ba="1,0" hai="2,34,39,68,70,75,105,108,112,119,121,125,128,132" machi="112" ten="0,48000,5" yakuman="47" doraHai="44" who="3" fromWho="0" sc="263,-483,334,0,96,0,307,483" owari="-220,-72.0,334,13.4,96,-30.4,790,89.0" /></mjloggm>