<mjloggm ver="2.3"><GO type="169" lobby="0"/><UN n0="%E3%83%87%E3%83%93%E3%83%AB%E3%81%BE%E3%83%BC%E3%81%8F%E3%82%93" n1="%E3%81%9F%E3%81%8B%E3%81%AF%E3%81%97%E3%81%83%E3%81%83%E3%81%83" n2="%45%7A%61%6B%69" n3="%E3%81%82%E3%81%84%E3%81%93%E3%81%99" dan="16,16,16,16" rate="2094.95,2124.15,2038.01,2148.84" sx="M,M,M,M"/><TAIKYOKU oya="0"/><INIT seed="0,0,0,5,5,55" ten="250,250,250,250" oya="0" hai0="125,77,21,42,46,10,69,61,24,67,25,88,82" hai1="104,95,110,3,27,100,71,103,85,65,112,56,129" hai2="29,59,13,11,74,133,134,123,101,92,89,19,76" hai3="114,54,12,15,117,72,68,128,53,94,111,90,99"/><T80/><D125/><U30/><E3/><V31/><F123/><W44/><G114/><T93/><D10/><U5/><E5/><V50/><F101/><W108/><G117/><T36/><D77/><U57/><E112/><V20/><F74/><W135/><G135/><N who="2" m="51721" /><F76/><W83/><G68/><T70/><D70/><U105/><E110/><N who="3" m="42026" /><G128/><T0/><D0/><U35/><E129/><V75/><F75/><W26/><G26/><T22/><D25/><U86/><E103/><V60/><F11/><W120/><G120/><T18/><REACH who="0" step="1"/><D22/><REACH who="0" ten="240,250,250,250" step="2"/><U81/><E71/><V122/><F122/><W113/><G113/><T126/><D126/><U37/><E27/><V116/><F116/><W8/><G12/><T49/><D49/><U66/><E37/><V4/><F50/><W48/><G15/><T2/><D2/><U73/><E73/><V84/><F4/><W1/><G8/><T78/><D78/><U7/><E7/><V118/><F118/><W79/><G1/><T87/><AGARI ba="0,1" hai="18,21,24,36,42,46,61,67,69,80,82,87,88,93" machi="87" ten="20,7800,0" yaku="1,1,0,1,7,1,54,1,53,0" doraHai="55" doraHaiUra="97" who="0" fromWho="0" sc="240,88,250,-26,250,-26,250,-26" /><INIT seed="0,1,0,2,0,8" ten="328,224,224,224" oya="0" hai0="64,60,36,56,132,22,58,55,106,21,129,101,77" hai1="5,102,20,9,72,103,122,127,16,100,92,71,35" hai2="81,85,134,79,50,46,0,76,97,70,86,11,24" hai3="98,41,128,112,44,110,131,118,51,2,7,89,104"/><T87/><D36/><U65/><E35/><V14/><F70/><W67/><G118/><T26/><D129/><U15/><E72/><V39/><F39/><W96/><G112/><T115/><D115/><U109/><E122/><V91/><F134/><W74/><G74/><T23/><D132/><U84/><E109/><V27/><F0/><W123/><G110/><T82/><D106/><U48/><E127/><V88/><F97/><W38/><G67/><T116/><D116/><U33/><E33/><V4/><F76/><W32/><G32/><T40/><D101/><U34/><E34/><V49/><F49/><W19/><G7/><T95/><D95/><U69/><E65/><V78/><F78/><W57/><G2/><T37/><D37/><U63/><E63/><V133/><F133/><W93/><G123/><T105/><D105/><U12/><REACH who="1" step="1"/><E48/><REACH who="1" ten="328,214,224,224" step="2"/><V114/><F114/><W62/><G38/><T73/><D73/><U17/><E17/><V83/><REACH who="2" step="1"/><F79/><REACH who="2" ten="328,214,214,224" step="2"/><W124/><G131/><T25/><REACH who="0" step="1"/><D40/><AGARI ba="1,2" hai="4,11,14,24,27,40,46,50,81,83,85,86,88,91" machi="40" ten="30,12000,2" yaku="1,1,2,1,7,1,9,1,8,1,52,1,54,1,53,0" doraHai="8" doraHaiUra="107" who="2" fromWho="0" sc="328,-123,214,0,214,143,224,0" /><INIT seed="1,0,0,1,4,98" ten="205,214,357,224" oya="1" hai0="92,122,27,115,121,0,13,117,19,21,59,47,100" hai1="15,22,2,119,39,95,70,104,18,133,29,33,48" hai2="96,93,40,43,77,85,38,56,50,109,58,120,127" hai3="91,9,25,128,67,74,65,51,87,32,83,131,129"/><U80/><E104/><V54/><F120/><N who="0" m="46186" /><D0/><U73/><E39/><V89/><F109/><W126/><G126/><T4/><D115/><U37/><E37/><V61/><F127/><W57/><G9/><N who="0" m="4263" /><D47/><U20/><E119/><V125/><F38/><W132/><G132/><T94/><D117/><U90/><E70/><V42/><F125/><W112/><G112/><T97/><D59/><U102/><E2/><V7/><F7/><W17/><G74/><T12/><D12/><U35/><E133/><V28/><F28/><N who="3" m="19471" /><G17/><T30/><D19/><U52/><E22/><V44/><F61/><W82/><G82/><AGARI ba="0,0" hai="40,42,43,44,50,54,56,58,77,82,85,89,93,96" machi="82" ten="40,1300,0" yaku="8,1" doraHai="98" who="2" fromWho="3" sc="205,0,214,0,357,13,224,-13" /><INIT seed="2,0,0,3,2,99" ten="205,214,370,211" oya="2" hai0="2,129,118,69,89,94,52,102,123,71,107,10,110" hai1="7,57,66,115,6,70,76,125,96,126,97,17,32" hai2="103,19,21,121,59,83,112,16,86,81,34,41,68" hai3="85,127,64,28,54,39,5,23,120,49,8,63,62"/><V100/><F121/><W79/><G120/><T111/><D123/><U84/><E115/><V104/><F68/><W42/><G127/><T9/><D129/><U44/><E70/><V74/><F104/><W128/><G42/><T72/><D72/><U15/><E32/><V22/><F34/><W26/><G39/><T30/><D30/><U33/><E33/><V108/><F112/><W38/><G38/><T131/><D131/><U77/><E44/><V92/><F74/><W45/><G128/><T122/><D122/><U80/><E76/><V51/><F108/><N who="0" m="41514" /><D118/><U43/><E43/><V90/><F83/><W93/><G64/><T25/><D25/><U58/><E6/><V91/><F21/><W98/><G85/><N who="0" m="52527" /><D2/><U50/><E66/><V24/><F19/><W47/><G47/><T48/><D71/><U14/><E7/><V35/><F35/><W130/><G79/><T78/><D78/><U132/><E77/><V116/><F116/><W55/><G55/><T18/><D18/><U40/><E17/><V117/><F117/><W11/><G130/><T95/><D95/><U113/><E40/><V82/><F82/><W53/><G53/><T75/><D75/><U0/><E80/><V134/><F41/><W135/><G5/><T88/><D88/><U37/><E37/><V12/><F24/><W3/><G26/><T65/><D65/><U56/><E113/><V119/><F119/><W60/><G28/><T67/><D67/><U31/><E31/><V36/><F36/><W114/><G114/><T13/><D69/><U4/><E4/><V87/><F134/><RYUUKYOKU ba="0,0" sc="205,-10,214,-10,370,30,211,-10" hai2="12,16,22,51,59,81,86,87,90,91,92,100,103" /><INIT seed="2,1,0,0,4,42" ten="195,204,400,201" oya="2" hai0="82,115,72,89,91,30,1,36,60,94,100,19,9" hai1="116,117,112,81,56,79,69,129,119,78,16,47,22" hai2="126,125,6,76,114,103,62,10,58,108,13,27,4" hai3="110,65,85,83,128,132,109,122,46,135,35,64,28"/><V75/><F114/><W68/><G122/><T41/><D115/><U113/><E69/><V49/><F103/><W80/><G35/><T32/><D60/><U37/><E129/><V107/><F107/><W77/><G28/><T97/><D30/><U7/><E7/><V59/><F75/><W43/><G128/><T5/><D32/><U17/><E56/><V120/><F76/><W134/><G83/><T71/><D19/><U53/><E78/><V31/><F120/><W14/><G14/><T50/><D50/><U15/><E17/><V67/><F108/><N who="3" m="41579" /><G68/><T51/><D51/><AGARI ba="1,0" hai="43,46,51,64,65,77,80,85,132,134,135" m="41579" machi="51" ten="40,5200,0" yaku="20,1,14,1,52,1" doraHai="42" who="3" fromWho="0" sc="195,-55,204,0,400,0,201,55" /><INIT seed="3,0,0,3,2,76" ten="140,204,400,256" oya="3" hai0="78,82,134,44,95,20,129,68,47,40,17,64,120" hai1="30,19,12,23,33,127,5,14,11,87,75,114,119" hai2="108,25,99,45,39,116,131,118,94,115,50,77,106" hai3="71,63,97,7,104,117,88,18,10,31,112,56,4"/><W57/><G117/><T21/><D120/><U41/><E75/><V130/><F115/><W128/><G112/><T109/><D109/><U79/><E114/><V36/><F108/><W96/><G128/><N who="2" m="49193" /><F106/><W51/><G31/><T123/><D123/><U85/><E127/><V9/><F77/><W1/><G4/><T2/><D129/><U103/><E119/><N who="2" m="45611" /><F25/><W34/><G34/><T26/><D2/><U55/><E103/><N who="2" m="60919" /><F9/><W93/><G18/><T16/><D95/><U22/><E41/><AGARI ba="0,0" hai="36,39,41,45,50" m="60919,45611,49193" machi="41" ten="30,1000,0" yaku="19,1" doraHai="76" who="2" fromWho="1" sc="140,0,204,-10,400,10,256,0" /><INIT seed="4,0,0,3,0,61" ten="140,194,410,256" oya="0" hai0="132,23,47,19,13,44,123,120,127,103,46,90,86" hai1="5,45,40,73,88,117,125,122,85,93,91,64,41" hai2="75,3,25,49,106,35,51,53,84,74,38,27,31" hai3="30,43,21,111,121,34,108,57,14,134,65,98,7"/><T42/><D132/><U54/><E117/><V6/><F106/><W128/><G134/><T24/><D127/><U60/><E122/><V72/><F38/><W67/><G121/><T9/><D103/><U81/><E125/><V62/><F3/><W69/><G69/><T102/><D102/><U112/><E112/><V113/><F6/><W95/><G128/><T119/><D119/><U124/><E124/><V10/><F113/><W2/><G43/><T33/><D33/><U76/><E5/><V68/><F10/><W100/><G34/><T105/><D105/><U12/><E12/><V115/><F115/><W77/><G2/><T56/><D56/><U58/><E91/><V4/><F4/><W92/><G77/><T133/><D133/><U82/><E82/><V20/><F84/><W97/><G111/><T79/><D79/><U29/><E29/><V22/><F35/><W83/><G83/><T0/><D0/><U110/><E110/><V52/><F68/><W32/><G32/><T135/><D135/><U16/><E16/><V118/><F118/><W1/><G1/><T129/><D129/><U17/><E17/><V130/><F130/><W18/><G30/><T48/><D120/><U109/><E109/><V28/><F62/><W70/><G70/><T11/><D123/><U15/><E15/><V114/><F114/><W96/><G7/><N who="0" m="3263" /><D11/><U66/><E40/><V94/><F75/><W116/><G116/><T50/><D42/><U55/><E55/><V36/><F36/><AGARI ba="0,0" hai="36,41,45,54,58,60,64,66,73,76,81,85,88,93" machi="36" ten="30,7700,0" yaku="7,1,52,2,54,1" doraHai="61" who="1" fromWho="2" sc="140,0,194,77,410,-77,256,0" /><INIT seed="5,0,0,3,4,3" ten="140,271,333,256" oya="1" hai0="43,48,14,15,50,24,114,83,73,49,62,116,107" hai1="134,89,104,57,133,87,33,105,28,13,110,17,94" hai2="109,76,46,81,135,127,34,90,97,82,67,85,39" hai3="84,125,99,59,123,96,111,74,0,29,112,118,78"/><U121/><E121/><V8/><F109/><W101/><G111/><T79/><D116/><U35/><E110/><V9/><F34/><N who="1" m="12809" /><E28/><V86/><F135/><N who="1" m="51721" /><E57/><V130/><F127/><W93/><G125/><T119/><D114/><U12/><E12/><V25/><F130/><W19/><G112/><T128/><D119/><U37/><E37/><V26/><F67/><W56/><G29/><T129/><D107/><U10/><AGARI ba="0,0" hai="10,13,17,87,89,94,104,105" m="51721,12809" machi="10" ten="30,1500,0" yaku="20,1" doraHai="3" who="1" fromWho="1" sc="140,-5,271,15,333,-5,256,-5" /><INIT seed="5,1,0,1,1,66" ten="135,286,328,251" oya="1" hai0="82,129,115,80,32,56,72,41,67,81,97,24,40" hai1="109,2,102,36,98,127,30,11,89,95,83,25,7" hai2="124,28,105,53,75,93,74,104,6,64,99,65,71" hai3="4,1,14,114,87,22,78,116,3,50,62,106,121"/><U132/><E127/><V43/><F43/><W54/><G121/><T57/><D115/><U110/><E36/><V0/><F28/><W58/><G114/><T117/><D117/><U123/><E123/><V10/><F53/><W103/><G116/><T94/><D72/><U77/><E132/><V52/><F52/><W8/><G106/><T5/><D5/><U135/><E135/><V96/><F124/><W48/><G103/><T88/><D129/><U68/><E68/><V55/><F55/><W69/><G48/><T15/><D15/><U76/><E89/><V122/><F65/><W111/><G111/><N who="1" m="42506" /><E83/><V16/><F122/><W42/><G22/><AGARI ba="1,0" hai="2,7,11,22,25,30,76,77,95,98,102" m="42506" machi="22" ten="30,1500,0" yaku="10,1" doraHai="66" who="1" fromWho="3" sc="135,0,286,18,328,0,251,-18" /><INIT seed="5,2,0,0,0,115" ten="135,304,328,233" oya="1" hai0="94,15,10,102,20,71,79,54,89,129,98,26,37" hai1="66,27,65,9,69,92,13,41,118,51,16,121,74" hai2="43,134,67,56,63,82,21,50,0,30,84,135,108" hai3="85,72,106,22,38,36,29,53,58,100,73,95,131"/><U12/><E121/><V91/><F108/><W133/><G133/><N who="2" m="50697" /><F0/><W55/><G131/><T76/><D129/><U61/><E74/><V78/><F30/><W127/><G127/><T86/><D37/><U110/><E118/><V5/><F5/><W96/><G73/><T120/><D71/><U23/><E110/><V97/><F21/><W33/><G33/><T104/><D120/><U60/><E92/><N who="2" m="56479" /><F50/><W8/><G72/><T112/><D112/><U123/><E123/><V6/><F6/><W77/><G8/><T62/><D62/><U39/><E39/><V87/><F43/><W80/><G106/><T34/><D34/><U114/><E114/><V130/><F130/><W40/><G40/><T113/><D113/><U125/><E125/><V99/><F99/><W45/><G45/><T7/><REACH who="0" step="1"/><D54/><REACH who="0" ten="125,304,328,233" step="2"/><U117/><E41/><V75/><AGARI ba="2,1" hai="56,63,67,75,78,82,84,87" m="56479,50697" machi="75" ten="30,1100,0" yaku="20,1" doraHai="115" who="2" fromWho="2" sc="125,-5,304,-7,328,27,233,-5" /><INIT seed="6,0,0,1,5,89" ten="120,297,355,228" oya="2" hai0="79,60,4,135,98,39,122,134,19,56,31,49,17" hai1="34,92,37,48,1,68,7,33,83,107,130,63,75" hai2="24,131,104,72,2,30,117,66,80,15,90,53,22" hai3="73,21,97,112,127,100,124,16,28,58,84,85,116"/><V61/><F104/><W105/><G116/><T95/><D39/><U101/><E48/><V14/><F2/><W43/><G73/><T71/><D122/><U108/><E92/><V110/><F117/><W91/><G28/><T36/><D36/><U115/><E63/><V123/><F123/><W51/><G112/><T96/><D71/><U42/><E101/><V77/><F131/><W74/><G74/><T41/><D79/><U82/><E83/><V59/><F110/><W11/><G11/><T20/><D4/><U8/><E82/><V78/><F78/><W88/><G85/><T47/><D98/><U65/><E65/><V50/><REACH who="2" step="1"/><F90/><REACH who="2" ten="120,297,345,228" step="2"/><W45/><G91/><T103/><D135/><U35/><E1/><V6/><F6/><W57/><G127/><T26/><REACH who="0" step="1"/><D134/><REACH who="0" ten="110,297,345,228" step="2"/><U64/><E7/><V93/><F93/><N who="3" m="58415" /><G124/><T102/><D102/><U132/><E132/><V3/><F3/><W87/><G105/><T55/><AGARI ba="0,2" hai="17,19,20,26,31,41,47,49,55,56,60,95,96,103" machi="55" ten="20,12000,2" yaku="1,1,0,1,7,1,8,1,52,1,53,2" doraHai="89" doraHaiUra="12" who="0" fromWho="0" sc="110,140,297,-30,345,-60,228,-30" /><INIT seed="7,0,0,0,5,99" ten="250,267,285,198" oya="3" hai0="103,1,69,68,107,129,92,98,11,118,65,40,16" hai1="20,130,105,116,36,59,111,114,28,7,44,70,12" hai2="109,14,88,115,37,81,132,89,71,56,10,62,66" hai3="113,63,31,17,87,122,48,74,43,131,101,97,124"/><W34/><G122/><T61/><D118/><U55/><E111/><V47/><F109/><W75/><G113/><T77/><D129/><U128/><E70/><V135/><F115/><W104/><G131/><T42/><D69/><U41/><E105/><V45/><F71/><W133/><G133/><N who="2" m="51273" /><F81/><W19/><G124/><T125/><D125/><U108/><E7/><N who="2" m="3423" /><F47/><W0/><G0/><T52/><D77/><U80/><E41/><AGARI ba="0,0" hai="37,41,45,56,62,66,88,89" m="3423,51273" machi="41" ten="30,2000,0" yaku="20,1,54,1" doraHai="99" who="2" fromWho="1" sc="250,0,267,-20,285,20,198,0" owari="250,5.0,247,-15.3,305,40.5,198,-30.2" /></mjloggm>