<mjloggm ver="2.3"><GO type="169" lobby="0"/><UN n0="%E9%88%8D%E7%97%9B" n1="%73%79%6C%76%65%6F%6E" n2="%E3%81%BA%E3%83%BC%E3%81%8C%E3%82%8F" n3="%6D%61%6A%75%6E%69%61" dan="16,16,16,16" rate="2107.17,2164.67,2075.78,2152.12" sx="F,M,M,M"/><TAIKYOKU oya="0"/><INIT seed="0,0,0,1,0,111" ten="250,250,250,250" oya="0" hai0="12,55,57,14,23,82,129,135,30,19,79,52,51" hai1="28,121,27,38,26,86,4,41,1,65,97,117,102" hai2="84,105,33,6,87,67,126,98,21,132,29,128,9" hai3="20,103,130,66,0,22,91,113,88,39,48,5,90"/><T18/><D129/><U122/><BYE who="3" /><E117/><V3/><F128/><W49/><G49/><UN n3="%6D%61%6A%75%6E%69%61" /><T46/><D135/><U56/><E38/><V123/><F123/><W16/><G130/><T64/><D64/><U58/><E41/><V7/><F126/><W31/><G39/><T112/><D30/><U25/><E28/><V42/><F42/><W108/><G108/><T75/><D112/><U37/><E37/><V81/><F7/><W110/><G110/><T114/><D114/><U124/><E124/><V101/><F132/><W63/><G113/><T80/><D79/><U11/><E86/><V107/><F21/><W60/><G103/><T96/><D96/><U74/><E74/><V44/><F44/><W95/><G0/><T36/><D75/><U119/><E119/><V61/><F81/><W116/><G5/><T15/><D36/><U78/><E78/><V131/><F107/><W73/><G73/><T2/><D2/><U106/><REACH who="1" step="1"/><E65/><REACH who="1" ten="250,240,250,250" step="2"/><V40/><F40/><W125/><G125/><T99/><D99/><U53/><E53/><V109/><F109/><W59/><G116/><T104/><D104/><U93/><E93/><V71/><REACH who="2" step="1"/><F131/><REACH who="2" ten="250,240,240,250" step="2"/><W34/><G95/><T17/><REACH who="0" step="1"/><D23/><REACH who="0" ten="240,240,240,250" step="2"/><U100/><E100/><V134/><F134/><W54/><G34/><T118/><D118/><U8/><E8/><V13/><F13/><W133/><G22/><T24/><D24/><AGARI ba="0,3" hai="3,6,9,24,29,33,61,67,71,84,87,98,101,105" machi="24" ten="40,5200,0" yaku="1,1,25,2,53,0" doraHai="111" doraHaiUra="69" who="2" fromWho="0" sc="240,-52,240,0,240,82,250,0" /><INIT seed="1,0,0,5,4,33" ten="188,240,322,250" oya="1" hai0="124,48,77,41,80,40,52,101,71,68,2,112,16" hai1="3,131,20,128,45,109,36,60,135,96,84,127,59" hai2="44,125,6,90,98,86,0,21,91,76,107,126,61" hai3="93,95,89,14,47,17,106,12,129,46,34,123,115"/><U113/><E113/><V67/><F76/><W74/><G115/><T134/><D112/><U97/><E127/><N who="2" m="48651" /><F21/><W122/><G106/><T32/><D32/><U49/><E36/><V58/><F44/><W63/><G129/><N who="1" m="49738" /><E135/><V23/><F23/><W50/><G74/><T55/><D101/><U9/><E84/><V56/><F56/><W117/><G117/><T29/><D77/><U42/><E20/><V24/><F24/><W88/><G34/><T132/><D124/><U10/><E109/><V130/><F130/><W114/><G114/><T51/><D29/><U22/><E22/><V19/><F19/><W83/><G17/><T87/><D16/><U102/><E3/><V62/><F62/><W103/><G63/><T121/><D87/><U43/><E43/><V104/><F98/><N who="1" m="37993" /><E102/><V72/><F72/><W38/><G103/><T81/><REACH who="0" step="1"/><D2/><REACH who="0" ten="178,240,322,250" step="2"/><U118/><E118/><V73/><F73/><W111/><G111/><T57/><D57/><U119/><E119/><V78/><F58/><W18/><G18/><T99/><D99/><U69/><E69/><V94/><F0/><W70/><G70/><T4/><D4/><U65/><AGARI ba="0,1" hai="9,10,42,45,49,59,60,65" m="37993,49738" machi="65" ten="30,1500,0" yaku="19,1" doraHai="33" who="1" fromWho="1" sc="178,-5,240,25,322,-5,250,-5" /><INIT seed="1,1,0,1,1,70" ten="173,265,317,245" oya="1" hai0="56,72,67,93,10,73,18,131,83,82,135,126,48" hai1="106,54,99,45,134,35,90,65,92,129,105,59,32" hai2="39,19,23,2,114,43,22,51,96,125,104,0,40" hai3="87,94,119,66,31,121,15,41,38,118,116,98,133"/><U6/><E129/><V26/><F125/><W123/><G66/><T14/><D126/><U60/><E134/><V7/><F114/><W71/><G71/><T88/><D135/><U95/><E6/><V128/><F128/><W86/><G31/><T42/><D131/><U25/><E45/><V122/><F122/><N who="3" m="46603" /><G15/><T117/><D73/><U61/><E25/><V4/><F51/><W108/><G41/><T124/><D72/><U89/><E105/><V29/><F43/><W53/><G53/><T76/><D76/><U109/><E109/><V5/><F104/><W49/><G49/><T57/><D124/><U28/><E28/><V130/><F96/><W112/><G133/><T12/><D12/><U44/><E106/><V1/><F130/><W113/><G38/><T127/><D127/><U69/><REACH who="1" step="1"/><E44/><REACH who="1" ten="173,255,317,245" step="2"/><V37/><REACH who="2" step="1"/><F40/><REACH who="2" ten="173,255,307,245" step="2"/><W13/><G108/><T100/><D42/><U79/><E79/><V30/><F30/><W50/><G119/><T111/><D117/><U84/><AGARI ba="1,2" hai="32,35,54,59,60,61,65,69,84,89,90,92,95,99" machi="84" ten="20,7800,0" yaku="1,1,0,1,7,1,53,1" doraHai="70" doraHaiUra="63" who="1" fromWho="1" sc="173,-27,255,101,307,-27,245,-27" /><INIT seed="1,2,0,3,0,49" ten="146,356,280,218" oya="1" hai0="32,90,55,60,33,21,9,73,19,37,80,8,77" hai1="54,85,35,100,108,39,43,64,112,132,42,20,119" hai2="29,123,1,46,61,92,22,75,111,15,6,126,51" hai3="88,79,59,69,86,94,50,113,30,82,5,74,66"/><U36/><E35/><V70/><F123/><W17/><G113/><T13/><D37/><N who="1" m="14411" /><E100/><V63/><F75/><W25/><G5/><T52/><D32/><U62/><E20/><V4/><F1/><W93/><G69/><T98/><D33/><U95/><E95/><V114/><F114/><W115/><G115/><T125/><D125/><U104/><E104/><V105/><F126/><W56/><G17/><T31/><D60/><N who="2" m="23114" /><F70/><W72/><G66/><T11/><REACH who="0" step="1"/><D31/><REACH who="0" ten="136,356,280,218" step="2"/><U44/><E112/><V102/><F29/><W128/><G128/><T106/><D106/><U38/><E38/><V28/><F105/><W40/><G94/><AGARI ba="2,1" hai="8,9,11,13,19,21,52,55,73,77,80,90,94,98" machi="94" ten="40,8000,1" yaku="1,1,52,2,54,1,53,0" doraHai="49" doraHaiUra="133" who="0" fromWho="3" sc="136,96,356,0,280,0,218,-86" /><INIT seed="2,0,0,3,1,17" ten="232,356,280,132" oya="2" hai0="101,39,14,36,78,94,81,76,66,95,134,99,86" hai1="84,10,54,108,3,18,109,62,91,130,65,113,98" hai2="85,126,67,24,133,25,93,60,88,15,29,129,1" hai3="35,27,89,41,104,74,2,34,118,47,82,11,83"/><V90/><F1/><W26/><G118/><T97/><D66/><U102/><E113/><V40/><F129/><W0/><G89/><T114/><D134/><U38/><E38/><V125/><F133/><W32/><G104/><T111/><D111/><N who="1" m="42571" /><E130/><V69/><F40/><W22/><G27/><T43/><D114/><U57/><E3/><V33/><F15/><W80/><G11/><T8/><D76/><U20/><E10/><V105/><F105/><W128/><G74/><T77/><D78/><U31/><E31/><V71/><F71/><W21/><G128/><T37/><D43/><U110/><E110/><V9/><F9/><W79/><G79/><T19/><REACH who="0" step="1"/><D37/><REACH who="0" ten="222,356,280,132" step="2"/><U112/><E112/><V122/><F122/><W42/><G42/><T45/><D45/><U13/><E65/><V4/><F4/><W131/><G131/><T53/><D53/><U121/><E121/><V132/><F132/><W68/><G68/><T6/><D6/><U58/><E54/><V72/><F72/><W124/><G124/><T12/><D12/><U28/><E13/><V115/><F115/><W119/><G119/><T96/><D96/><U30/><E98/><V135/><F135/><W56/><G56/><T64/><D64/><U73/><E58/><V127/><F24/><W75/><G75/><T48/><D48/><U55/><E73/><V63/><F63/><W70/><G70/><T5/><D5/><U103/><E57/><V116/><F116/><W50/><REACH who="3" step="1"/><G22/><REACH who="3" ten="222,356,280,122" step="2"/><T123/><D123/><U51/><E20/><V46/><F46/><W92/><G92/><T117/><D117/><RYUUKYOKU ba="0,2" sc="222,10,356,-30,280,10,122,10" hai0="8,14,19,36,39,77,81,86,94,95,97,99,101" hai2="25,29,33,60,67,69,85,88,90,93,125,126,127" hai3="0,2,21,26,32,34,35,41,47,50,80,82,83" /><INIT seed="2,1,2,0,2,110" ten="232,326,290,132" oya="2" hai0="77,131,21,25,49,43,28,54,53,33,120,112,117" hai1="55,3,66,80,76,87,99,17,88,32,5,116,6" hai2="60,19,47,133,61,56,111,132,102,94,83,10,89" hai3="37,124,68,50,70,67,130,135,22,52,20,97,92"/><V27/><F111/><W62/><G130/><T105/><D112/><U45/><E116/><V109/><F109/><W85/><G135/><N who="2" m="51785" /><F102/><W104/><G124/><T39/><D120/><U0/><E32/><V101/><F101/><W121/><G104/><T1/><D105/><U13/><E66/><V29/><F83/><W107/><G107/><T119/><D1/><U44/><E0/><V75/><F75/><W41/><G85/><T86/><D39/><U63/><E3/><V51/><F10/><W9/><G70/><T106/><D106/><U64/><E6/><V100/><F100/><W14/><G121/><T38/><D38/><U122/><E5/><V23/><F56/><N who="3" m="32791" /><G14/><T126/><D33/><U115/><E122/><V95/><F29/><W57/><G57/><T79/><D131/><U58/><E115/><V114/><F114/><W8/><G8/><T65/><D126/><U36/><E36/><V18/><F18/><W134/><G9/><T96/><D65/><U98/><E64/><V42/><F95/><W40/><G40/><T59/><D43/><U31/><E31/><V84/><AGARI ba="1,2" hai="19,23,27,42,47,51,60,61,84,89,94" m="51785" machi="84" ten="30,1500,0" yaku="20,1" doraHai="110" who="2" fromWho="2" sc="232,-6,326,-6,290,38,132,-6" /><INIT seed="2,2,0,4,1,111" ten="226,320,328,126" oya="2" hai0="48,68,62,57,53,67,77,22,23,59,30,102,122" hai1="64,24,15,80,27,93,104,20,92,81,105,74,86" hai2="10,106,3,130,108,123,58,12,55,107,114,4,21" hai3="117,18,91,29,126,119,35,42,110,9,6,19,44"/><V87/><F123/><W39/><G110/><T97/><D122/><U50/><E64/><V32/><F108/><W41/><G126/><T116/><D77/><N who="1" m="44087" /><E50/><V73/><F73/><W45/><G91/><T113/><D116/><U103/><E15/><V94/><F32/><W99/><G99/><T46/><D113/><U134/><E20/><V69/><F130/><W33/><G18/><T112/><D112/><U128/><E24/><V47/><F114/><W66/><G66/><T52/><D30/><U17/><E17/><V131/><F69/><W120/><G19/><T25/><D25/><U76/><E27/><V82/><F94/><N who="1" m="36457" /><E134/><V34/><F131/><W98/><G120/><T135/><D135/><U85/><E128/><V11/><F34/><W83/><G83/><T26/><D26/><U36/><E36/><V88/><F21/><W129/><G98/><T96/><D68/><U38/><E38/><V90/><F90/><W61/><G61/><T63/><REACH who="0" step="1"/><D97/><REACH who="0" ten="216,320,328,126" step="2"/><N who="1" m="61551" /><E105/><AGARI ba="2,1" hai="22,23,46,48,52,53,57,59,62,63,67,96,102,105" machi="105" ten="30,3900,0" yaku="1,1,7,1,54,1,53,0" doraHai="111" doraHaiUra="133" who="0" fromWho="1" sc="216,55,320,-45,328,0,126,0" /><INIT seed="3,0,0,2,2,105" ten="271,275,328,126" oya="3" hai0="128,100,94,132,11,97,2,43,104,58,84,106,16" hai1="42,75,96,101,116,52,12,53,23,15,8,33,14" hai2="68,59,29,124,72,93,95,133,62,79,92,61,83" hai3="0,51,76,103,37,5,99,119,63,111,71,126,109"/><W18/><G119/><T91/><D128/><U80/><E116/><V67/><F124/><W26/><G37/><T135/><D43/><U110/><E33/><V48/><F133/><N who="0" m="51274" /><D58/><U55/><E110/><N who="3" m="41994" /><G126/><T44/><D44/><U125/><E125/><V4/><F4/><W9/><G76/><T36/><D36/><U131/><E131/><V66/><F29/><W6/><G51/><T107/><D16/><U74/><E80/><V57/><REACH who="2" step="1"/><F48/><REACH who="2" ten="271,275,318,126" step="2"/><W22/><G6/><AGARI ba="0,1" hai="2,6,11,84,91,94,97,100,104,106,107" m="51274" machi="6" ten="30,1000,0" yaku="20,1" doraHai="105" who="0" fromWho="3" sc="271,20,275,0,318,0,126,-10" /><INIT seed="4,0,0,3,0,57" ten="291,275,318,116" oya="0" hai0="79,65,121,10,96,5,35,133,107,76,134,55,117" hai1="73,64,125,120,31,106,110,97,41,81,122,104,98" hai2="94,27,84,48,88,3,77,124,47,95,85,60,115" hai3="39,129,68,63,108,114,58,93,17,18,21,71,26"/><T44/><D35/><U34/><E41/><V119/><F3/><W42/><G108/><T43/><D117/><U33/><E64/><V99/><F115/><W52/><G129/><T12/><D121/><N who="1" m="46699" /><E31/><V8/><F124/><W90/><G39/><T80/><D55/><U51/><E51/><V2/><F119/><W92/><G42/><T118/><D118/><U49/><E49/><V4/><F27/><W54/><G114/><T66/><D107/><N who="1" m="41003" /><E33/><V126/><F126/><W86/><G92/><T128/><D128/><U1/><E1/><V25/><F25/><W50/><REACH who="3" step="1"/><G18/><REACH who="3" ten="291,275,318,106" step="2"/><T67/><D96/><U113/><E113/><V109/><F99/><W16/><G16/><T101/><D101/><U135/><E110/><V83/><F109/><W123/><G123/><T91/><D133/><U32/><E135/><V40/><F95/><W56/><AGARI ba="0,1" hai="17,21,26,50,52,54,56,58,63,68,71,86,90,93" machi="56" ten="20,8000,1" yaku="1,1,0,1,7,1,52,1,54,1,53,0" doraHai="57" doraHaiUra="111" who="3" fromWho="3" sc="291,-40,275,-20,318,-20,106,90" /><INIT seed="5,0,0,5,5,132" ten="251,255,298,196" oya="1" hai0="53,48,94,103,104,56,12,95,41,1,35,36,122" hai1="119,116,58,45,98,11,133,124,38,105,74,125,2" hai2="61,127,31,106,8,86,24,77,100,33,121,96,62" hai3="54,32,88,69,39,117,65,85,7,80,3,20,4"/><U5/><E58/><V128/><F121/><W67/><G117/><N who="1" m="45130" /><E74/><V26/><F128/><W109/><G109/><T111/><D111/><U107/><E133/><V27/><F8/><W47/><G69/><T19/><D1/><U21/><E21/><V84/><F84/><W82/><G39/><T120/><D35/><U76/><E76/><V130/><F130/><W90/><G32/><T66/><D66/><N who="3" m="25097" /><G3/><T23/><D104/><N who="1" m="40011" /><E98/><V46/><F46/><W49/><G20/><T0/><D0/><U123/><E123/><N who="0" m="47145" /><D103/><U15/><E15/><V37/><F37/><W30/><G30/><T59/><D59/><U29/><E29/><V34/><F26/><W60/><G60/><T114/><D36/><U44/><E44/><V57/><F62/><W83/><G90/><T134/><D134/><U9/><E9/><V93/><F27/><W6/><AGARI ba="0,0" hai="4,6,7,47,49,54,80,82,83,85,88" m="25097" machi="6" ten="30,2000,0" yaku="8,1,54,1" doraHai="132" who="3" fromWho="3" sc="251,-5,255,-10,298,-5,196,20" /><INIT seed="6,0,0,5,4,118" ten="246,245,293,216" oya="2" hai0="121,102,25,115,37,92,26,40,104,43,73,79,51" hai1="91,39,75,1,30,23,103,128,117,126,9,16,78" hai2="95,124,112,90,85,17,13,132,64,133,35,29,34" hai3="19,57,66,49,68,8,44,71,54,122,5,15,108"/><V119/><F119/><W70/><G108/><T105/><D121/><U111/><E117/><V53/><F112/><W4/><REACH who="3" step="1"/><G122/><REACH who="3" ten="246,245,293,206" step="2"/><T27/><D115/><U116/><E111/><V82/><F132/><W123/><G123/><T129/><D129/><U56/><E128/><V130/><F133/><W20/><G20/><T97/><D37/><U14/><E23/><V32/><F130/><W18/><G18/><T87/><D73/><U86/><E16/><V134/><F134/><W100/><G100/><T52/><D104/><U99/><E103/><V47/><F29/><W109/><G109/><T80/><REACH who="0" step="1"/><D105/><REACH who="0" ten="236,245,293,206" step="2"/><U58/><E75/><V96/><F124/><W38/><G38/><T83/><D83/><U88/><E39/><V3/><F82/><W59/><G59/><AGARI ba="0,2" hai="25,26,27,40,43,51,52,59,79,80,87,92,97,102" machi="59" ten="40,8000,1" yaku="1,1,8,1,54,1,53,1" doraHai="118" doraHaiUra="50" who="0" fromWho="3" sc="236,100,245,0,293,0,206,-80" /><INIT seed="7,0,0,4,4,118" ten="336,245,293,126" oya="3" hai0="67,120,84,52,95,114,108,47,50,76,80,77,56" hai1="29,46,30,133,23,45,113,135,130,32,93,26,116" hai2="14,51,94,100,5,3,4,58,70,25,128,75,88" hai3="82,24,63,9,62,98,13,115,38,11,105,78,102"/><W132/><G115/><T15/><D120/><U131/><E93/><V12/><F70/><W7/><G132/><N who="1" m="50762" /><E46/><V19/><F128/><N who="1" m="49193" /><E45/><V74/><F100/><W92/><G38/><T79/><D108/><U28/><E116/><V110/><F110/><W61/><G11/><T122/><D122/><U123/><E123/><V43/><F75/><W111/><G111/><T2/><D2/><U66/><E66/><V134/><F74/><W103/><G24/><T55/><D67/><U68/><E68/><V35/><F134/><W37/><G37/><T119/><D114/><U99/><E99/><V1/><F1/><W0/><G105/><T117/><D95/><U89/><E89/><V44/><F58/><W106/><G106/><T10/><D117/><U6/><E113/><V96/><F3/><W17/><G102/><T36/><D119/><U121/><E121/><V31/><REACH who="2" step="1"/><F14/><REACH who="2" ten="336,245,283,126" step="2"/><W127/><G127/><T124/><D124/><U48/><E48/><V33/><F33/><W53/><G0/><T60/><D36/><U64/><E64/><V34/><F34/><W8/><G8/><AGARI ba="0,1" hai="4,5,8,12,19,25,31,35,43,44,51,88,94,96" machi="8" ten="30,3900,0" yaku="1,1,7,1,54,1,53,0" doraHai="118" doraHaiUra="126" who="2" fromWho="3" sc="336,0,245,0,283,49,126,-39" owari="336,43.6,245,-15.5,332,13.2,87,-41.3" /></mjloggm>