<mjloggm ver="2.3"><GO type="169" lobby="0"/><UN n0="%E8%8B%B1%E5%9B%BD%E5%A3%B2%E5%8D%B4" n1="%E3%83%87%E3%83%93%E3%83%AB%E3%81%BE%E3%83%BC%E3%81%8F%E3%82%93" n2="%E5%B8%B0%E3%82%8A%E3%81%9F%E3%81%84%E3%80%82" n3="%73%61%74%6F%6D%69%6E" dan="18,16,17,16" rate="2242.15,2082.29,2223.88,2081.54" sx="M,M,M,M"/><TAIKYOKU oya="0"/><INIT seed="0,0,0,5,4,74" ten="250,250,250,250" oya="0" hai0="28,41,12,117,68,19,85,54,21,119,26,79,84" hai1="93,88,48,32,47,36,2,29,38,11,51,133,92" hai2="122,18,123,105,111,125,98,7,110,4,115,75,90" hai3="135,8,53,30,104,83,65,101,10,42,102,124,128"/><T132/><D68/><U100/><E133/><V17/><F90/><W118/><G118/><T1/><D132/><U116/><E116/><V76/><F115/><W127/><G135/><T3/><D41/><U33/><E36/><V35/><F98/><W103/><G128/><T59/><D117/><U95/><E38/><V57/><F57/><W23/><G104/><T46/><D46/><U86/><E51/><V49/><F49/><W45/><G65/><T34/><D119/><U99/><E29/><V58/><F58/><W14/><G53/><T55/><D55/><U131/><E131/><V72/><F105/><W62/><G62/><T31/><D31/><U126/><E126/><N who="3" m="48170" /><G83/><T52/><D54/><U64/><E64/><V67/><F125/><W63/><G63/><T73/><D73/><N who="2" m="28234" /><F76/><W9/><G23/><T44/><D44/><U70/><E70/><V134/><F35/><W78/><G78/><T13/><D13/><U80/><E11/><V82/><F82/><W0/><G30/><T15/><D15/><U130/><E130/><V37/><F67/><W50/><G0/><T108/><D108/><N who="2" m="41514" /><F37/><W40/><G42/><T60/><REACH who="0" step="1"/><D79/><REACH who="0" ten="240,250,250,250" step="2"/><U87/><E2/><AGARI ba="0,1" hai="1,2,3,12,19,21,26,28,34,52,59,60,84,85" machi="2" ten="40,7700,0" yaku="1,1,2,1,54,1,53,0" doraHai="74" doraHaiUra="113" who="0" fromWho="1" sc="240,87,250,-77,250,0,250,0" /><INIT seed="0,1,0,0,4,68" ten="327,173,250,250" oya="0" hai0="19,33,8,16,45,18,27,82,17,116,80,122,67" hai1="13,4,61,1,124,14,49,23,46,83,135,97,36" hai2="6,58,123,86,96,102,114,127,57,65,66,41,2" hai3="0,29,110,44,111,87,84,21,109,115,90,50,74"/><T40/><D116/><U10/><E135/><V121/><F114/><W69/><G115/><T48/><D122/><U95/><E124/><V63/><F127/><W37/><G69/><T5/><D67/><U77/><E61/><V106/><F2/><W59/><G74/><T112/><D112/><U22/><E14/><V15/><F41/><W128/><G128/><T118/><D118/><U91/><E1/><V79/><F79/><W62/><G0/><T51/><D51/><U64/><E64/><V54/><F86/><W126/><G126/><T92/><D92/><U131/><E36/><V24/><F24/><N who="3" m="16527" /><G90/><T134/><D134/><U100/><E100/><V93/><F106/><W107/><G107/><T31/><N who="0" m="4096" /><DORA hai="12" /><T60/><REACH who="0" step="1"/><D60/><REACH who="0" ten="317,173,250,250" step="2"/><U78/><E131/><V132/><F132/><W125/><G125/><T104/><D104/><U133/><E133/><V75/><F66/><N who="3" m="39263" /><G37/><T129/><D129/><U89/><E49/><V94/><F94/><W53/><AGARI ba="1,1" hai="44,50,53,84,87,109,110,111" m="39263,16527" machi="53" ten="30,1100,0" yaku="14,1" doraHai="68,12" who="3" fromWho="3" sc="317,-6,173,-4,250,-4,250,24" /><INIT seed="1,0,0,2,1,22" ten="311,169,246,274" oya="1" hai0="130,0,60,66,72,24,61,70,103,108,133,99,37" hai1="83,57,67,32,84,2,9,54,4,21,80,33,25" hai2="23,3,98,134,38,69,78,82,31,16,39,49,11" hai3="26,122,135,76,53,29,19,94,34,46,74,62,7"/><U45/><E67/><V56/><F69/><W48/><G122/><T51/><D108/><U8/><E45/><V36/><F134/><W44/><G135/><T125/><D133/><U30/><E9/><V120/><F120/><W109/><G109/><T50/><D37/><U15/><E84/><V59/><F98/><W1/><G62/><T43/><D72/><U90/><E90/><V131/><F131/><W113/><G113/><T55/><D130/><U132/><E132/><V101/><F101/><W105/><G105/><T88/><D125/><U17/><REACH who="1" step="1"/><E33/><REACH who="1" ten="311,159,246,274" step="2"/><V114/><F11/><W71/><G46/><T81/><D88/><U107/><E107/><V18/><F59/><W85/><G44/><T52/><D66/><U121/><E121/><V58/><F56/><W102/><G85/><T116/><D70/><U42/><E42/><V124/><F58/><W126/><G34/><T73/><D43/><U65/><E65/><V123/><F123/><W86/><G86/><T118/><D55/><U111/><E111/><V40/><F40/><W96/><G53/><T13/><D52/><U63/><AGARI ba="0,1" hai="2,4,8,15,17,21,25,30,32,54,57,63,80,83" machi="63" ten="20,18000,2" yaku="1,1,0,1,7,1,24,2,52,1,53,0" doraHai="22" doraHaiUra="87" who="1" fromWho="1" sc="311,-60,159,190,246,-60,274,-60" /><INIT seed="1,1,0,5,1,75" ten="251,349,186,214" oya="1" hai0="88,126,67,11,89,105,124,103,20,38,10,129,133" hai1="31,73,59,21,18,70,61,25,118,52,45,83,36" hai2="123,66,2,27,108,112,91,65,8,32,40,23,121" hai3="44,16,95,135,77,113,127,53,111,71,102,92,98"/><U0/><E118/><V69/><F108/><W1/><G111/><T117/><D117/><U39/><E0/><V87/><F32/><W82/><G113/><T34/><D34/><U125/><E125/><V46/><F112/><W131/><G1/><T7/><D38/><U43/><E70/><V99/><F99/><W130/><G135/><T120/><D133/><U24/><E36/><V79/><F2/><W76/><G71/><T64/><D129/><N who="3" m="49161" /><G127/><T13/><D20/><U58/><E58/><V37/><F8/><W116/><G116/><T110/><D110/><U57/><E57/><V114/><F114/><W60/><G82/><T12/><D103/><U49/><E39/><V104/><F104/><W22/><G92/><T97/><D97/><U115/><E115/><V33/><F33/><W119/><G119/><T3/><D3/><U17/><REACH who="1" step="1"/><E25/><REACH who="1" ten="251,339,186,214" step="2"/><V6/><F69/><W109/><G109/><T30/><D124/><U29/><E29/><V42/><F37/><W78/><G60/><T68/><D30/><U47/><E47/><V81/><F46/><W51/><G78/><AGARI ba="1,1" hai="17,18,21,24,31,43,45,49,52,59,61,73,78,83" machi="78" ten="40,7700,0" yaku="1,1,52,1,54,1,53,0" doraHai="75" doraHaiUra="96" who="1" fromWho="3" sc="251,0,339,90,186,0,214,-80" /><INIT seed="1,2,0,2,0,117" ten="251,429,186,134" oya="1" hai0="18,100,97,131,85,0,106,22,86,41,118,124,11" hai1="2,133,110,9,72,126,58,69,94,3,61,5,75" hai2="50,120,45,1,76,65,134,26,23,37,105,101,4" hai3="109,93,87,25,88,27,40,82,116,130,67,59,135"/><U30/><E133/><V52/><F134/><W91/><G135/><T32/><D32/><U80/><E126/><V99/><F120/><W74/><G116/><T129/><D118/><U39/><E3/><V7/><F65/><W60/><G109/><T20/><D124/><U96/><E30/><V46/><F76/><W10/><G130/><N who="0" m="49675" /><D41/><U113/><E113/><V14/><F14/><W78/><G40/><T54/><D54/><U55/><E39/><V98/><F98/><W121/><G121/><T47/><D47/><U104/><E104/><V103/><F103/><W35/><G35/><T19/><D11/><U44/><E110/><V112/><F112/><W57/><G10/><T13/><D0/><U83/><E44/><V115/><F115/><W49/><REACH who="3" step="1"/><G91/><REACH who="3" ten="251,429,186,124" step="2"/><T107/><D106/><U122/><E122/><V62/><F37/><W16/><G16/><T73/><D73/><U31/><E31/><V71/><F7/><W125/><G125/><T21/><D21/><U132/><E132/><V6/><F6/><W56/><G56/><T28/><D28/><U123/><E123/><V128/><F4/><W92/><G92/><T36/><D36/><U42/><E42/><V114/><F128/><W77/><G77/><T84/><D19/><U63/><E75/><V43/><F114/><W68/><G68/><T15/><D22/><U66/><REACH who="1" step="1"/><E72/><REACH who="1" ten="251,419,186,124" step="2"/><V53/><F46/><W81/><G81/><T102/><D107/><U64/><E64/><N who="2" m="41367" /><F1/><W33/><G33/><T111/><D111/><U90/><AGARI ba="2,2" hai="2,5,9,55,58,61,63,66,69,80,83,90,94,96" machi="90" ten="20,3900,0" yaku="1,1,0,1,7,1,53,0" doraHai="117" doraHaiUra="17" who="1" fromWho="1" sc="251,-15,419,65,186,-15,124,-15" /><INIT seed="1,3,0,4,1,132" ten="236,484,171,109" oya="1" hai0="13,97,124,33,46,125,94,70,91,15,19,134,128" hai1="58,78,99,74,84,133,121,65,22,53,101,26,130" hai2="92,90,7,117,98,30,71,127,64,63,41,50,6" hai3="27,12,40,108,95,24,96,75,118,39,49,120,107"/><U105/><E121/><V87/><F117/><W18/><G120/><T72/><D72/><U48/><E133/><V11/><F127/><N who="0" m="48714" /><D70/><U62/><E130/><V104/><F30/><W119/><G75/><T115/><D134/><U77/><E74/><V37/><F37/><W112/><G107/><T93/><D128/><U85/><E77/><V69/><F69/><W9/><G112/><T3/><D3/><U42/><E42/><V80/><F104/><W52/><G108/><T67/><D67/><U103/><E103/><V44/><REACH who="2" step="1"/><F11/><REACH who="2" ten="236,484,161,109" step="2"/><W23/><G39/><T82/><D115/><U29/><REACH who="1" step="1"/><E78/><AGARI ba="3,1" hai="6,7,41,44,50,63,64,71,78,80,87,90,92,98" machi="78" ten="30,7700,0" yaku="1,1,2,1,7,1,53,1" doraHai="132" doraHaiUra="43" who="2" fromWho="1" sc="236,0,484,-86,161,96,109,0" /><INIT seed="2,0,0,4,2,53" ten="236,398,257,109" oya="2" hai0="58,112,51,43,114,26,57,45,122,15,10,36,125" hai1="119,74,75,129,76,20,80,25,94,29,92,83,35" hai2="11,135,101,32,62,27,16,69,130,126,33,30,118" hai3="111,23,84,17,56,98,38,60,42,50,103,1,127"/><V22/><F118/><W99/><G111/><T91/><D122/><U40/><E119/><V68/><F126/><W108/><G108/><T86/><D125/><U59/><E129/><V47/><F130/><W55/><G1/><T44/><D26/><U95/><E40/><V3/><F135/><W61/><G127/><T70/><D70/><U37/><E37/><V31/><F101/><W123/><G123/><T64/><D64/><U109/><E109/><V21/><F47/><W18/><G38/><T8/><D114/><U52/><E35/><N who="2" m="13387" /><F62/><W110/><G42/><T13/><D112/><U5/><E5/><N who="2" m="1471" /><F69/><W121/><G121/><T65/><D65/><U100/><E100/><V12/><F68/><W85/><G110/><T133/><D133/><U48/><E95/><V120/><F120/><W7/><G7/><N who="0" m="3231" /><D45/><U81/><E81/><V115/><F115/><W49/><G99/><T0/><D0/><U88/><REACH who="1" step="1"/><E88/><REACH who="1" ten="236,388,257,109" step="2"/><V105/><F105/><W9/><G103/><T67/><D67/><U104/><E104/><V117/><F117/><W72/><G98/><T97/><D97/><U131/><E131/><V107/><F107/><W34/><G85/><T82/><D36/><U116/><E116/><V124/><F124/><W78/><G84/><T96/><D96/><U90/><E90/><V79/><F79/><AGARI ba="0,1" hai="20,25,29,48,52,59,74,75,76,79,80,83,92,94" machi="79" ten="40,8000,1" yaku="1,1,9,1,52,1,54,1,53,0" doraHai="53" doraHaiUra="4" who="1" fromWho="2" sc="236,0,388,90,257,-80,109,0" /><INIT seed="3,0,0,4,0,134" ten="236,478,177,109" oya="3" hai0="88,114,42,34,90,19,48,67,116,22,109,110,23" hai1="135,130,75,1,77,0,61,101,92,94,106,38,56" hai2="37,31,81,3,13,72,119,115,66,128,30,76,26" hai3="6,73,93,124,123,53,32,16,33,41,86,89,14"/><W36/><G123/><T103/><D116/><U95/><E38/><V29/><F115/><W20/><G73/><T40/><D34/><U62/><E135/><V2/><F119/><W25/><G36/><T18/><D103/><U59/><E130/><V45/><F128/><W125/><G41/><T52/><D67/><U84/><E75/><V117/><F117/><W80/><G53/><T97/><D114/><U132/><E106/><V104/><F104/><W64/><G64/><T68/><D68/><U98/><E132/><V63/><F13/><W47/><G47/><T60/><D60/><U58/><E77/><V87/><F87/><W55/><G55/><T91/><D97/><U21/><E21/><N who="0" m="7689" /><D110/><U44/><E44/><V54/><F26/><W35/><G6/><T105/><D105/><U121/><E121/><V102/><F102/><W112/><G112/><T39/><D39/><U83/><E83/><V120/><F120/><W107/><G107/><T8/><D109/><U65/><E84/><V43/><REACH who="2" step="1"/><F54/><REACH who="2" ten="236,478,167,109" step="2"/><W79/><REACH who="3" step="1"/><G25/><REACH who="3" ten="236,478,167,99" step="2"/><T12/><D19/><U50/><E65/><V51/><F51/><W100/><G100/><T17/><D18/><U118/><E50/><V129/><F129/><W10/><G10/><T7/><D17/><U99/><E118/><V78/><F78/><W15/><G15/><T108/><D108/><U4/><E101/><V5/><F5/><W9/><G9/><T131/><D131/><U74/><E74/><V24/><F24/><W71/><G71/><AGARI ba="0,2" hai="2,3,29,30,31,37,43,45,63,66,71,72,76,81" machi="71" ten="40,1300,0" yaku="1,1,53,0" doraHai="134" doraHaiUra="111" who="2" fromWho="3" sc="236,0,478,0,167,33,99,-13" /><INIT seed="4,0,0,0,0,93" ten="236,478,200,86" oya="0" hai0="31,18,94,128,21,116,36,64,90,38,30,48,65" hai1="103,127,55,62,133,42,76,54,124,67,123,41,23" hai2="84,61,111,131,114,72,43,47,102,98,100,104,69" hai3="26,97,135,125,119,95,96,113,13,22,16,117,71"/><T105/><D105/><U120/><E76/><V4/><F111/><W112/><G71/><T52/><D116/><U89/><E23/><V108/><F108/><W35/><G135/><T56/><D128/><U37/><E89/><V15/><F72/><W132/><G132/><T88/><D38/><U115/><E103/><V2/><F2/><W14/><G125/><N who="1" m="48202" /><E133/><V77/><F102/><W11/><G35/><T33/><D36/><U60/><E115/><N who="3" m="44106" /><G14/><N who="0" m="9431" /><D90/><U85/><E85/><V29/><F29/><N who="0" m="10762" /><D33/><U49/><E37/><V74/><F131/><W5/><G95/><T92/><D92/><U50/><E67/><V51/><F114/><W106/><G106/><T86/><AGARI ba="0,0" hai="48,52,56,64,65,86,88,94" m="10762,9431" machi="86" ten="30,11700,0" yaku="25,1,8,1,54,2" doraHai="93" who="0" fromWho="0" sc="236,117,478,-39,200,-39,86,-39" /><INIT seed="4,1,0,3,3,49" ten="353,439,161,47" oya="0" hai0="43,109,113,60,118,83,19,68,87,71,32,77,55" hai1="74,64,54,9,15,89,45,22,38,48,135,102,90" hai2="127,105,6,53,125,95,40,98,97,115,14,70,110" hai3="111,23,21,31,12,62,123,91,20,93,8,2,84"/><T79/><D113/><U39/><E135/><V66/><F110/><W50/><G111/><T92/><D118/><U78/><E102/><N who="2" m="62671" /><F40/><W58/><G123/><T67/><D109/><U65/><E38/><V7/><F66/><W63/><G2/><T0/><D0/><U121/><E121/><V94/><F70/><W76/><G31/><T11/><D32/><U28/><E39/><V82/><F14/><W99/><G76/><T117/><D117/><U41/><E41/><V104/><F53/><W52/><REACH who="3" step="1"/><G99/><REACH who="3" ten="353,439,161,37" step="2"/><T37/><D77/><U122/><E78/><V132/><F98/><W18/><AGARI ba="1,1" hai="8,12,18,20,21,23,50,52,58,62,63,84,91,93" machi="18" ten="30,16000,3" yaku="1,1,2,1,0,1,8,1,52,1,54,1,53,3" doraHai="49" doraHaiUra="16" who="3" fromWho="3" sc="353,-81,439,-41,161,-41,37,173" /><INIT seed="5,0,0,1,0,101" ten="272,398,120,210" oya="1" hai0="96,100,35,116,120,32,98,67,107,51,99,2,130" hai1="72,21,58,16,41,61,26,103,123,125,86,76,56" hai2="52,102,68,17,70,39,97,19,113,133,15,82,121" hai3="74,126,134,49,62,12,34,24,132,9,89,53,7"/><U84/><E123/><V23/><F121/><W71/><G74/><T44/><D120/><U81/><E125/><V131/><F39/><W110/><G110/><T1/><D116/><U63/><E41/><V14/><F131/><W29/><G126/><T64/><D130/><U94/><E103/><V13/><F133/><W10/><G10/><T117/><D117/><U25/><E94/><V111/><F111/><W78/><G78/><T115/><D115/><U65/><REACH who="1" step="1"/><E26/><REACH who="1" ten="272,388,120,210" step="2"/><V50/><F113/><W4/><G24/><T66/><D35/><U91/><E91/><V54/><F82/><W90/><G89/><T127/><D32/><U31/><E31/><V57/><F102/><W22/><G90/><T73/><D127/><U46/><E46/><V20/><F97/><W77/><G29/><T38/><D38/><U60/><E60/><V59/><REACH who="2" step="1"/><F15/><REACH who="2" ten="272,388,110,210" step="2"/><W80/><G12/><T30/><D96/><U118/><E118/><V0/><F0/><W69/><G80/><T87/><D98/><U18/><E18/><V6/><F6/><W124/><G7/><T42/><D2/><U37/><E37/><V114/><F114/><W5/><G4/><T27/><D1/><U105/><E105/><V47/><F47/><W83/><G5/><T79/><D99/><U93/><E93/><V88/><F88/><W36/><G83/><T129/><D129/><U45/><E45/><V43/><F43/><W48/><G36/><T75/><D100/><U128/><E128/><V92/><F92/><W112/><G112/><T109/><D107/><U3/><E3/><V85/><F85/><RYUUKYOKU ba="0,2" sc="272,-15,388,15,110,15,210,-15" hai1="16,21,25,56,58,61,63,65,72,76,81,84,86" hai2="13,14,17,19,20,23,50,52,54,57,59,68,70" /><INIT seed="5,1,2,4,2,126" ten="257,403,125,195" oya="1" hai0="132,30,120,48,106,87,18,41,75,61,15,96,60" hai1="112,129,93,67,3,72,122,100,64,131,12,44,9" hai2="10,65,7,59,23,92,121,115,84,8,81,98,104" hai3="5,1,105,56,35,40,76,130,90,91,6,110,11"/><U46/><E3/><V53/><F121/><W80/><G110/><T134/><D75/><U20/><E122/><V16/><F104/><W102/><G35/><T83/><D30/><U78/><E20/><V28/><F65/><N who="1" m="25161" /><E78/><N who="2" m="46135" /><F7/><W125/><G125/><T101/><D120/><U14/><E72/><V77/><F77/><W66/><G6/><T111/><D111/><U113/><E93/><V88/><F28/><W95/><G105/><T135/><D48/><U109/><E100/><V89/><F89/><W21/><G40/><T116/><D41/><U94/><E94/><V85/><F115/><N who="1" m="44105" /><E109/><V19/><F98/><W47/><G102/><T29/><D116/><U55/><E55/><V108/><F108/><W24/><G91/><N who="0" m="51711" /><D29/><U45/><E9/><AGARI ba="1,2" hai="9,15,18,60,61,96,101,106,132,134,135" m="51711" machi="9" ten="30,1000,0" yaku="20,1" doraHai="126" who="0" fromWho="1" sc="257,33,403,-13,125,0,195,0" /><INIT seed="6,0,0,1,5,75" ten="290,390,125,195" oya="2" hai0="111,29,112,55,89,73,14,26,27,56,91,20,1" hai1="28,103,87,39,13,40,8,76,97,38,32,0,67" hai2="82,93,5,98,10,126,46,11,106,21,72,24,115" hai3="54,109,50,92,128,123,65,96,102,74,34,135,104"/><V131/><F115/><W48/><G123/><T69/><D112/><U18/><E67/><V70/><F70/><W78/><G109/><T19/><D1/><U6/><E40/><V114/><F114/><W132/><G128/><T12/><D69/><U44/><E44/><V120/><F120/><W117/><G117/><T33/><D73/><U9/><E28/><V124/><F106/><W77/><G34/><T53/><D53/><U110/><E32/><V22/><F22/><W2/><G2/><T31/><D111/><U41/><E41/><V4/><F46/><W59/><G74/><T133/><D14/><U57/><E57/><V130/><F82/><W71/><G104/><T88/><D133/><N who="3" m="51273" /><G50/><T30/><REACH who="0" step="1"/><D33/><REACH who="0" ten="280,390,125,195" step="2"/><U63/><E110/><V17/><F72/><W3/><G3/><T134/><D134/><U66/><E13/><V37/><F131/><W127/><G127/><N who="2" m="48681" /><F130/><W47/><G71/><T23/><D23/><U90/><E0/><V125/><N who="2" m="48689" /><V36/><DORA hai="99" /><F11/><W80/><G80/><T52/><D52/><U60/><E9/><V81/><F81/><W61/><AGARI ba="0,1" hai="47,48,54,59,61,65,77,78,92,96,102" m="51273" machi="61" ten="30,7900,0" yaku="20,1,52,3" doraHai="75,99" who="3" fromWho="3" sc="280,-20,390,-20,125,-39,195,89" /><INIT seed="7,0,0,4,1,81" ten="260,370,86,284" oya="3" hai0="115,87,129,131,3,10,64,135,40,90,61,105,76" hai1="96,126,24,32,73,84,65,27,60,59,22,70,134" hai2="19,102,5,21,112,106,13,50,23,74,88,109,83" hai3="34,7,28,20,128,123,116,110,113,104,120,43,133"/><W16/><G104/><T92/><D105/><U47/><E73/><V91/><F112/><W122/><G43/><T94/><D135/><U97/><E134/><V107/><F74/><W36/><G36/><T55/><D40/><U52/><E126/><V9/><F109/><W57/><G57/><T98/><D115/><U130/><E130/><N who="0" m="49673" /><D55/><U15/><E15/><V49/><F106/><W41/><G41/><T79/><D10/><U53/><E47/><V101/><F107/><W124/><G133/><T44/><D3/><U82/><E32/><V63/><F63/><W58/><G58/><N who="0" m="36919" /><D44/><U80/><E80/><V93/><F23/><W2/><G128/><T72/><D72/><U69/><E69/><V35/><F35/><W86/><G113/><T75/><D75/><U62/><E53/><V121/><F121/><W95/><G116/><T132/><D132/><U56/><E70/><V37/><F37/><W46/><G124/><T127/><D127/><U6/><E6/><V54/><F50/><W99/><G46/><T114/><D114/><U29/><E27/><V71/><F71/><W48/><G48/><T33/><D33/><U66/><E52/><V119/><F119/><W17/><G110/><T0/><D0/><U103/><E103/><V108/><F108/><W11/><G34/><T51/><D51/><U100/><E100/><V118/><F118/><W125/><G125/><T39/><D39/><U67/><E67/><V85/><F5/><N who="3" m="1463" /><G123/><T18/><D18/><N who="3" m="7273" /><G122/><T68/><D68/><U26/><E26/><V45/><F21/><W31/><G120/><T89/><AGARI ba="0,0" hai="76,79,87,89,90,92,94,98" m="36919,49673" machi="89" ten="30,4000,0" yaku="5,1,19,1,52,1" doraHai="81" who="0" fromWho="0" sc="260,40,370,-10,86,-10,284,-20" owari="300,10.0,360,46.0,76,-42.4,264,-13.6" /></mjloggm>