<mjloggm ver="2.3"><GO type="169" lobby="0"/><UN n0="%E3%83%95%E3%82%AF%E3%83%80%E3%83%B3%E3%83%81%E3%83%A7" n1="%E7%99%BD%E3%81%AE%E7%A9%BA" n2="%E5%8D%83%E8%8D%89%E5%8F%B0" n3="%73%79%6C%76%65%6F%6E" dan="16,17,17,16" rate="2140.69,2163.53,2134.75,2160.88" sx="M,M,M,M"/><TAIKYOKU oya="0"/><INIT seed="0,0,0,4,5,5" ten="250,250,250,250" oya="0" hai0="102,91,64,89,104,79,80,124,78,38,109,19,123" hai1="56,22,3,87,94,54,90,81,115,44,21,71,15" hai2="31,114,34,107,0,100,32,18,120,73,92,55,61" hai3="72,84,105,57,8,9,128,33,23,49,75,27,58"/><T122/><D38/><U99/><E71/><V103/><F73/><W86/><G33/><T62/><D124/><U53/><E3/><V39/><F39/><W28/><G105/><T45/><D109/><U121/><E121/><V82/><F107/><W13/><G128/><T25/><D45/><U85/><E115/><V69/><F0/><W7/><G75/><T108/><D108/><U125/><E125/><V96/><F103/><W52/><G72/><T24/><D19/><U30/><E44/><V93/><F92/><W14/><G58/><T127/><D104/><U43/><E43/><V106/><F106/><W66/><G66/><T113/><D102/><U111/><E111/><V133/><F82/><W126/><G126/><T51/><D127/><U36/><E36/><V98/><F98/><W2/><G2/><T77/><D51/><U63/><E54/><V6/><F18/><AGARI ba="0,0" hai="7,8,9,13,14,18,23,27,28,49,52,57,84,86" machi="18" ten="30,8000,1" yaku="7,1,8,1,52,2,54,1" doraHai="5" who="3" fromWho="2" sc="250,0,250,0,250,-80,250,80" /><INIT seed="1,0,0,4,5,30" ten="250,250,170,330" oya="1" hai0="29,85,83,78,49,128,1,42,121,119,100,15,81" hai1="110,135,118,43,11,41,17,53,65,92,127,104,59" hai2="89,2,72,77,27,74,125,61,5,25,48,124,40" hai3="96,75,109,10,106,113,98,22,60,82,51,35,38"/><U123/><E104/><V14/><F2/><W12/><G113/><T130/><D1/><U84/><E123/><V50/><F61/><W97/><G38/><T126/><D119/><U39/><E118/><V94/><F72/><W116/><G116/><T21/><D126/><U63/><E127/><V69/><F69/><W20/><G109/><T71/><D71/><U45/><E135/><V19/><F27/><W117/><G117/><T86/><D100/><U44/><E110/><V76/><F48/><W108/><G106/><T56/><D121/><U112/><E112/><V33/><F76/><W80/><G35/><T23/><D29/><U0/><E65/><V91/><F5/><W47/><G60/><T31/><D31/><U99/><E84/><V73/><F73/><W111/><G111/><T26/><D15/><U102/><E0/><V62/><F14/><W46/><G75/><T68/><D68/><U101/><E11/><V95/><F74/><W18/><G47/><N who="0" m="25847" /><D26/><U64/><E17/><V57/><F19/><W107/><G107/><T7/><D7/><U13/><E13/><V58/><F25/><W3/><G108/><T54/><D128/><U4/><E4/><V133/><F124/><W66/><G66/><T16/><D16/><U34/><E64/><V37/><F37/><W8/><G3/><T93/><D130/><U132/><E34/><V122/><F33/><W105/><G105/><T67/><D67/><U36/><E132/><V55/><F133/><W134/><G134/><T88/><D83/><N who="3" m="31785" /><G10/><T129/><D129/><U79/><E79/><V90/><F77/><RYUUKYOKU ba="0,0" sc="250,10,250,10,170,-30,330,10" hai0="21,23,54,56,78,81,85,86,88,93" hai1="36,39,41,43,44,45,53,59,63,92,99,101,102" hai3="8,12,18,20,22,46,51,96,97,98" /><INIT seed="1,1,0,5,1,49" ten="260,260,140,340" oya="1" hai0="89,102,80,88,77,85,54,8,43,65,82,124,111" hai1="116,51,118,20,53,4,122,40,121,50,126,18,135" hai2="32,15,73,97,61,123,100,13,26,117,69,1,103" hai3="72,132,52,110,113,86,38,10,96,104,131,68,9"/><U119/><E4/><V42/><F73/><W105/><G72/><T58/><D111/><U11/><E11/><V109/><F1/><W3/><G113/><T46/><D65/><U91/><E126/><V22/><F32/><W19/><G68/><T35/><D35/><U28/><E28/><V94/><F103/><W93/><G38/><T36/><D124/><U17/><E135/><V125/><F123/><W63/><G110/><T25/><D102/><U98/><E40/><V108/><F125/><W101/><G132/><T0/><D25/><U127/><E127/><V66/><F117/><W130/><G3/><T99/><D99/><U27/><E18/><V6/><F42/><W60/><G60/><T16/><D82/><U120/><REACH who="1" step="1"/><E53/><REACH who="1" ten="260,250,140,340" step="2"/><V75/><F6/><W129/><G19/><T12/><REACH who="0" step="1"/><D0/><REACH who="0" ten="250,250,140,340" step="2"/><U34/><E34/><V44/><F108/><W24/><G130/><T47/><D47/><U78/><E78/><V84/><F109/><W133/><G129/><T2/><D2/><U39/><E39/><V30/><F44/><W7/><G131/><T81/><D81/><U41/><E41/><V74/><F66/><W71/><G133/><T37/><D37/><U56/><E56/><V70/><F69/><W33/><G71/><T5/><D5/><U107/><E107/><N who="3" m="41034" /><G7/><T14/><D14/><U31/><E31/><V79/><F15/><W45/><G33/><T87/><D87/><U67/><E67/><N who="2" m="41327" /><F13/><W106/><G106/><T92/><D92/><AGARI ba="1,2" hai="17,20,27,50,51,91,92,98,116,118,119,120,121,122" machi="92" ten="50,2400,0" yaku="1,1,53,0" doraHai="49" doraHaiUra="62" who="1" fromWho="0" sc="250,-27,250,47,140,0,340,0" /><INIT seed="1,2,0,4,5,46" ten="223,297,140,340" oya="1" hai0="6,101,98,123,115,130,76,38,39,125,97,62,80" hai1="10,13,45,48,114,59,15,77,56,124,71,100,96" hai2="44,105,9,73,81,132,26,113,24,17,31,21,52" hai3="4,93,5,85,3,133,118,104,107,131,61,8,33"/><U63/><E114/><V0/><F105/><W117/><G33/><T83/><D115/><U11/><E124/><V79/><F113/><W89/><G131/><T51/><D123/><U18/><E77/><V67/><F67/><W119/><G133/><T91/><D62/><U103/><E71/><V102/><F102/><W92/><G5/><T82/><D6/><U27/><E27/><V78/><F78/><W22/><G22/><T120/><D120/><U7/><E63/><V111/><F132/><W110/><G110/><T72/><D51/><U2/><E2/><V50/><F111/><W86/><G61/><T58/><D58/><U49/><E100/><V47/><F0/><W64/><G64/><T16/><D16/><U20/><E20/><V90/><F90/><AGARI ba="2,0" hai="3,4,8,85,86,89,90,92,93,104,107,117,118,119" machi="90" ten="40,2600,0" yaku="9,1,12,1" doraHai="46" who="3" fromWho="2" sc="223,0,297,0,140,-32,340,32" /><INIT seed="2,0,0,1,2,1" ten="223,297,108,372" oya="2" hai0="90,45,77,122,37,4,61,62,106,63,40,113,54" hai1="48,29,22,53,71,31,76,65,66,35,82,17,110" hai2="33,60,116,75,101,23,100,118,79,11,119,93,34" hai3="19,20,73,8,7,10,114,132,123,30,124,39,16"/><V52/><F101/><W49/><G39/><T99/><D113/><U128/><E128/><V102/><F102/><W6/><G73/><T104/><D122/><U88/><E110/><V135/><F23/><W36/><G36/><T133/><D133/><U14/><E71/><V86/><F75/><W129/><G123/><T95/><D77/><U130/><E130/><V89/><F79/><W103/><G129/><T51/><REACH who="0" step="1"/><D4/><REACH who="0" ten="213,297,108,372" step="2"/><U105/><E76/><V85/><F135/><W111/><G7/><T97/><D97/><U68/><E105/><V25/><F86/><W2/><G6/><T32/><D32/><U83/><E68/><V64/><F34/><W81/><G132/><T84/><D84/><N who="1" m="50199" /><E35/><V26/><F33/><W38/><G114/><T126/><D126/><U125/><E125/><V109/><F109/><W115/><G115/><T96/><D96/><U120/><E120/><V94/><F116/><W43/><G124/><T107/><D107/><U44/><E83/><V92/><F118/><W12/><G81/><T127/><D127/><U59/><E66/><V57/><F64/><W5/><G111/><T112/><D112/><U72/><E72/><V41/><F119/><W47/><G2/><T108/><D108/><U70/><E70/><V21/><F93/><W69/><G69/><T134/><D134/><U80/><E80/><V24/><F92/><W131/><G131/><T42/><D42/><N who="1" m="24599" /><E65/><V13/><F41/><W18/><G43/><T0/><D0/><U98/><E98/><V87/><F87/><W67/><G67/><T3/><D3/><U28/><E53/><RYUUKYOKU ba="0,1" sc="213,15,297,15,108,-15,372,-15" hai0="37,40,45,51,54,61,62,63,90,95,99,104,106" hai1="14,17,22,28,29,31,59" /><INIT seed="3,1,1,1,1,61" ten="228,312,93,357" oya="3" hai0="128,97,54,25,100,77,116,107,112,5,32,81,74" hai1="132,124,40,58,62,101,66,133,84,78,93,18,4" hai2="53,131,29,135,15,34,38,121,42,122,37,103,45" hai3="71,47,67,114,17,104,69,82,72,33,126,90,125"/><W9/><G33/><T50/><D112/><U36/><E124/><N who="3" m="47722" /><G104/><T27/><D116/><U3/><E18/><V109/><F103/><W60/><G114/><T79/><D128/><U73/><E101/><V8/><F131/><W14/><G47/><T119/><D119/><U108/><E108/><V127/><F109/><W68/><G90/><T57/><D32/><U102/><E102/><V24/><F127/><W88/><G72/><T91/><D77/><U12/><E73/><V87/><F135/><W89/><G89/><T130/><D130/><U95/><E132/><V51/><F87/><AGARI ba="1,1" hai="9,14,17,60,67,68,69,71,82,87,88" m="47722" machi="87" ten="30,5800,0" yaku="18,1,52,1,54,1" doraHai="61" who="3" fromWho="2" sc="228,0,312,0,93,-61,357,71" /><INIT seed="3,2,0,2,4,129" ten="228,312,32,428" oya="3" hai0="84,96,19,8,59,107,81,57,1,14,95,85,121" hai1="21,2,52,104,83,126,70,26,90,56,68,80,93" hai2="10,128,86,47,110,101,40,64,15,51,24,100,99" hai3="6,13,92,122,28,37,23,114,5,106,78,66,36"/><W9/><G106/><T97/><D1/><U55/><E104/><V116/><F128/><W17/><G114/><T71/><D71/><U60/><E126/><V98/><F116/><W61/><G122/><T25/><D121/><U41/><E2/><V91/><F110/><W16/><G28/><T30/><D107/><U73/><E41/><V42/><F64/><W117/><G117/><T20/><D96/><U46/><E73/><V133/><F24/><W67/><G78/><T44/><D44/><U108/><E108/><V103/><F133/><W94/><G61/><T12/><D12/><U75/><E75/><V0/><F42/><W39/><G39/><T105/><D105/><U119/><E119/><V87/><F0/><W65/><G65/><T111/><D111/><U135/><E135/><V50/><F50/><W53/><G53/><T134/><D134/><U34/><E34/><V32/><F32/><W35/><G35/><T18/><D30/><U102/><E102/><V27/><F27/><W79/><G79/><N who="0" m="46143" /><D85/><N who="2" m="32266" /><F91/><AGARI ba="2,0" hai="8,14,18,19,20,25,57,59,91,95,97" m="46143" machi="91" ten="30,1000,0" yaku="8,1" doraHai="129" who="0" fromWho="2" sc="228,16,312,0,32,-16,428,0" /><INIT seed="4,0,0,3,2,124" ten="244,312,16,428" oya="0" hai0="12,113,75,101,105,53,130,28,61,55,34,62,71" hai1="115,131,60,94,2,26,109,134,54,38,68,7,39" hai2="93,67,132,41,25,47,74,20,104,81,91,33,85" hai3="125,5,123,128,24,88,31,29,66,21,83,10,99"/><T63/><D113/><U114/><E109/><V43/><F104/><W102/><G128/><T69/><D75/><U0/><E134/><V14/><F132/><W16/><G125/><T56/><D28/><U119/><E119/><V48/><F67/><W111/><G111/><T23/><D34/><U1/><E7/><V84/><F74/><W36/><G36/><T65/><D105/><U70/><E26/><V42/><F14/><W22/><G66/><T45/><D101/><U59/><E94/><V40/><F33/><W110/><G123/><T120/><D23/><U106/><E106/><V78/><REACH who="2" step="1"/><F43/><REACH who="2" ten="244,312,6,428" step="2"/><W116/><G110/><T89/><D12/><U92/><E1/><V118/><F118/><W98/><G116/><T126/><D126/><U133/><E0/><V129/><F129/><W90/><G10/><T27/><D130/><U4/><E131/><V108/><F108/><W13/><G13/><T50/><D27/><U64/><E133/><V32/><F32/><W127/><G24/><T30/><D120/><U82/><E2/><V8/><F8/><W17/><G127/><T77/><D65/><U73/><E64/><V37/><F37/><W46/><G5/><T80/><D69/><U72/><E4/><V97/><F97/><W76/><G99/><T19/><D71/><U112/><E72/><V117/><F117/><W3/><G98/><T96/><D96/><U100/><E68/><V52/><F52/><W95/><G3/><T15/><D55/><U11/><E70/><V49/><F49/><W87/><G102/><T51/><D51/><U9/><E38/><RYUUKYOKU ba="0,1" sc="244,-10,312,-10,6,30,428,-10" hai2="20,25,40,41,42,47,48,78,81,84,85,91,93" /><INIT seed="5,1,1,4,5,57" ten="234,302,36,418" oya="1" hai0="123,113,7,70,76,47,23,24,30,119,112,92,135" hai1="59,80,120,71,12,127,107,105,50,68,14,133,39" hai2="10,61,6,125,132,96,20,37,84,55,0,25,97" hai3="15,88,63,19,53,60,44,110,38,128,43,126,95"/><U94/><E120/><V99/><F37/><W129/><G110/><T36/><D119/><U3/><E3/><V102/><F132/><W93/><G126/><T31/><D70/><U85/><E39/><V117/><F125/><W98/><G93/><T100/><D135/><U69/><E127/><V118/><F84/><W108/><G108/><T109/><D109/><U82/><E133/><V40/><F40/><W86/><G98/><N who="0" m="59463" /><D7/><U27/><E27/><V81/><F81/><W122/><G122/><T16/><D76/><U75/><E75/><V62/><F102/><W41/><G41/><N who="0" m="22951" /><D123/><U87/><E94/><V106/><F106/><W104/><G104/><T114/><AGARI ba="1,1" hai="16,23,24,30,31,112,113,114" m="22951,59463" machi="114" ten="30,2000,0" yaku="15,1,54,1" doraHai="57" who="0" fromWho="0" sc="234,33,302,-11,36,-6,418,-6" /><INIT seed="6,0,0,2,5,5" ten="267,291,30,412" oya="2" hai0="98,3,55,62,72,58,34,7,46,76,54,2,97" hai1="123,61,73,17,132,87,122,47,125,75,91,22,44" hai2="39,131,59,109,27,11,127,120,14,90,18,9,133" hai3="23,71,79,106,104,51,112,26,43,110,33,13,60"/><V99/><F39/><W29/><G110/><T15/><D34/><U49/><E132/><V63/><F133/><W31/><G79/><T69/><D2/><U83/><E125/><V38/><F38/><W95/><G31/><T57/><D3/><U113/><E113/><V21/><F127/><W111/><G111/><T126/><D69/><U128/><E128/><V92/><F131/><W6/><G112/><T80/><D46/><U84/><E61/><V37/><F37/><W64/><G95/><T12/><D12/><U67/><E67/><V119/><F109/><W115/><G115/><T16/><D7/><U50/><E22/><V20/><F120/><N who="1" m="46121" /><E17/><V134/><F134/><W52/><G43/><T66/><D66/><U103/><E103/><V36/><F36/><W56/><G33/><T89/><D89/><U32/><E32/><V4/><F119/><W114/><G114/><T116/><D116/><U53/><E84/><V108/><F108/><W93/><G6/><T102/><D102/><U42/><AGARI ba="0,0" hai="42,44,47,49,50,53,73,75,83,87,91" m="46121" machi="42" ten="30,1100,0" yaku="13,1" doraHai="5" who="1" fromWho="1" sc="267,-3,291,11,30,-5,412,-3" /><INIT seed="7,0,0,0,1,19" ten="264,302,25,409" oya="3" hai0="55,110,60,70,103,95,92,101,5,43,51,34,23" hai1="28,56,118,83,133,73,131,120,2,33,12,113,123" hai2="42,67,35,3,37,99,108,82,124,135,10,89,36" hai3="22,130,6,127,105,32,9,75,49,93,40,62,74"/><W4/><G105/><T26/><D34/><U41/><E41/><V96/><F35/><W134/><G32/><T84/><D110/><U115/><E56/><V90/><F108/><W114/><G6/><T126/><D126/><U20/><E83/><V17/><F135/><W1/><G127/><T79/><D5/><U47/><E47/><V24/><F124/><W8/><G134/><T121/><D121/><N who="1" m="46667" /><E73/><V107/><F67/><W14/><G93/><T98/><D43/><U45/><E45/><V80/><F42/><W39/><G4/><T21/><D26/><N who="1" m="18583" /><E133/><V46/><F46/><W69/><G49/><T57/><D70/><U122/><N who="1" m="46675" /><U106/><DORA hai="59" /><E106/><V53/><F53/><W76/><G62/><T18/><D18/><N who="1" m="10311" /><E2/><V27/><F107/><W104/><G104/><T66/><D79/><U15/><E131/><V111/><F111/><W94/><G94/><T44/><D84/><U132/><E132/><V58/><F3/><W38/><G1/><T7/><D7/><U71/><E71/><V97/><F58/><W109/><G76/><T0/><D0/><U100/><E100/><V87/><F10/><W85/><G9/><T63/><D63/><U50/><E50/><V52/><F17/><W31/><G75/><T16/><D16/><U91/><E91/><V116/><F116/><W29/><G74/><T78/><D78/><U129/><E118/><V68/><F68/><W128/><G69/><T61/><D61/><U119/><E119/><V81/><F87/><W54/><G85/><T112/><D112/><N who="1" m="43083" /><E129/><V86/><F86/><W64/><G128/><RYUUKYOKU ba="0,0" sc="264,15,302,15,25,-15,409,-15" hai0="21,23,44,51,55,57,60,66,92,95,98,101,103" hai1="15" owari="279,-12.1,317,11.7,10,-49.0,394,49.4" /></mjloggm>