<mjloggm ver="2.3"><GO type="169" lobby="0"/><UN n0="%E4%BF%9D%E8%82%B2%E5%A3%AB" n1="%E7%9C%BC%E9%8F%A1%E3%81%AE%E7%94%B7%E3%81%AE%E5%AD%90" n2="%E5%B8%B0%E3%82%8A%E3%81%9F%E3%81%84%E3%80%82" n3="%E7%88%86%E5%8B%9D%E5%95%8F%E9%A1%8C" dan="17,16,17,16" rate="2139.61,2101.95,2196.65,2080.15" sx="M,M,M,M"/><TAIKYOKU oya="0"/><INIT seed="0,0,0,2,1,128" ten="250,250,250,250" oya="0" hai0="54,91,112,83,115,2,92,49,69,123,56,29,21" hai1="98,121,133,131,18,10,106,31,94,52,73,87,122" hai2="46,24,124,76,23,64,1,126,26,15,72,55,104" hai3="11,86,79,50,130,36,127,109,82,102,40,70,44"/><T118/><D118/><U57/><E73/><V39/><F104/><W17/><G109/><T34/><D123/><U9/><E131/><V116/><F1/><W53/><G127/><N who="2" m="48681" /><F64/><W4/><G130/><T88/><D34/><U89/><E31/><V93/><F93/><W66/><G102/><T67/><D2/><U78/><E133/><V47/><F39/><W107/><G107/><T119/><D119/><U71/><E71/><V108/><F116/><W114/><G114/><T3/><D3/><U85/><E85/><V80/><F55/><W96/><G96/><T5/><D5/><U129/><E129/><V28/><F15/><W41/><G36/><T7/><D7/><U58/><E58/><V120/><F120/><W97/><G97/><T63/><D83/><U20/><E122/><V8/><F8/><W74/><G17/><T33/><D33/><U60/><E121/><V25/><F108/><W117/><G74/><T45/><D69/><U62/><E62/><V135/><F135/><W99/><G99/><T59/><D59/><U95/><E106/><V35/><F26/><W37/><G37/><T84/><REACH who="0" step="1"/><D91/><REACH who="0" ten="240,250,250,250" step="2"/><N who="1" m="53631" /><E78/><V32/><F35/><W13/><G117/><T77/><D77/><U19/><E19/><AGARI ba="0,1" hai="19,23,24,25,28,32,46,47,72,76,80" m="48681" machi="19" ten="30,1000,0" yaku="18,1" doraHai="128" who="2" fromWho="1" sc="240,0,250,-10,250,20,250,0" /><INIT seed="1,0,0,3,0,51" ten="240,240,270,250" oya="1" hai0="68,65,103,106,60,77,39,112,70,79,99,35,66" hai1="87,121,63,95,46,24,34,18,42,123,105,109,127" hai2="26,76,10,89,37,6,74,126,113,3,81,93,110" hai3="8,111,1,100,29,41,47,72,122,33,36,97,102"/><U4/><E105/><V13/><F110/><W128/><G111/><T64/><D112/><U131/><E109/><V80/><F126/><W57/><G122/><T88/><D39/><U56/><E127/><V62/><F113/><W98/><G128/><T16/><D35/><U7/><E131/><V85/><F37/><W117/><G117/><T94/><D16/><U44/><E44/><V104/><F104/><W27/><G72/><T15/><D15/><U78/><E34/><V92/><F26/><W67/><G67/><T53/><D53/><U58/><E58/><V11/><REACH who="2" step="1"/><F62/><REACH who="2" ten="240,240,260,250" step="2"/><W134/><G27/><T133/><D133/><U96/><E123/><V9/><F9/><W119/><G8/><T90/><D60/><U17/><E121/><V75/><F75/><W38/><G38/><T32/><D32/><U101/><E24/><V30/><F30/><W28/><G33/><T82/><D77/><U130/><E130/><V116/><F116/><W115/><G29/><T108/><D108/><U59/><E63/><V14/><F14/><W23/><G28/><T5/><D5/><AGARI ba="0,1" hai="3,5,6,10,11,13,74,76,80,81,85,89,92,93" machi="5" ten="30,2000,0" yaku="1,1,7,1,53,0" doraHai="51" doraHaiUra="125" who="2" fromWho="0" sc="240,-20,240,0,260,30,250,0" /><INIT seed="2,0,0,2,2,102" ten="220,240,290,250" oya="2" hai0="29,26,70,76,86,105,113,37,14,134,45,59,88" hai1="22,127,57,97,83,20,107,1,78,51,74,123,132" hai2="32,24,13,99,53,21,81,106,101,109,94,68,135" hai3="41,60,118,48,55,128,119,12,42,61,80,71,23"/><V63/><F135/><W39/><G128/><T89/><D113/><U91/><E1/><V116/><F116/><W100/><G100/><T79/><D70/><U17/><E132/><V31/><F109/><W56/><G80/><T62/><D134/><U7/><E7/><V96/><F81/><W121/><G23/><T2/><D2/><U66/><E127/><V44/><F44/><N who="3" m="23615" /><G12/><T47/><D105/><U75/><E75/><V54/><F21/><W19/><G19/><T50/><D37/><U126/><E126/><V125/><F125/><W133/><G133/><T69/><D69/><U52/><E123/><V77/><F77/><W129/><G129/><T16/><D26/><U9/><E9/><V4/><F13/><W33/><G33/><T72/><D29/><U28/><E28/><V120/><F4/><W25/><G25/><T117/><D117/><U27/><E66/><N who="2" m="41055" /><F120/><W115/><G115/><T5/><D5/><U130/><E130/><V35/><F35/><W95/><G95/><N who="0" m="54679" /><D89/><AGARI ba="0,0" hai="24,31,32,53,54,89,94,96,99,101,106" m="41055" machi="89" ten="30,2900,0" yaku="25,1,52,1" doraHai="102" who="2" fromWho="0" sc="220,-29,240,0,290,29,250,0" /><INIT seed="2,1,0,2,3,135" ten="191,240,319,250" oya="2" hai0="129,69,77,51,112,70,76,20,18,28,19,114,65" hai1="108,17,3,104,116,90,6,4,111,13,84,94,95" hai2="1,91,27,59,14,105,73,119,40,29,132,39,57" hai3="85,78,64,12,45,62,115,89,96,22,118,16,133"/><V48/><F119/><W15/><G133/><T130/><D51/><U121/><E104/><V32/><F105/><W33/><G33/><T0/><D20/><U46/><E116/><V117/><F117/><W124/><G118/><T126/><D65/><U92/><E3/><V75/><F1/><W87/><G115/><T109/><D0/><U74/><E74/><V93/><F132/><W50/><G124/><T60/><D60/><U122/><E46/><V44/><F14/><W30/><G30/><T98/><D28/><U35/><E35/><V26/><F26/><W106/><G15/><T103/><D98/><U66/><E66/><V9/><F9/><W37/><G37/><T101/><D109/><N who="1" m="42059" /><E4/><V127/><F127/><AGARI ba="1,0" hai="18,19,69,70,76,77,101,103,112,114,126,127,129,130" machi="127" ten="25,6400,0" yaku="22,2,52,2" doraHai="135" who="0" fromWho="2" sc="191,67,240,0,319,-67,250,0" /><INIT seed="3,0,0,0,5,5" ten="258,240,252,250" oya="3" hai0="119,126,75,10,56,125,12,23,1,111,64,45,54" hai1="49,121,25,33,38,74,42,32,35,132,71,107,62" hai2="39,68,55,57,124,44,104,15,50,122,36,135,20" hai3="26,61,76,92,100,109,101,34,80,96,77,40,51"/><W2/><G2/><T63/><D119/><U134/><E121/><V29/><F124/><N who="0" m="47722" /><D75/><U79/><E49/><V86/><F104/><W90/><G109/><T128/><D111/><U60/><E25/><V67/><F135/><W17/><G77/><T58/><D128/><U82/><E107/><V9/><F122/><W110/><G110/><T53/><D23/><U130/><E130/><V123/><F123/><W30/><G17/><N who="0" m="8343" /><D1/><U65/><REACH who="1" step="1"/><E62/><REACH who="1" ten="258,230,252,250" step="2"/><V59/><F39/><W91/><G61/><N who="0" m="35983" /><D45/><AGARI ba="0,1" hai="32,33,35,38,42,45,60,65,71,74,79,82,132,134" machi="45" ten="50,8000,1" yaku="1,1,23,2,53,1" doraHai="5" doraHaiUra="41" who="1" fromWho="0" sc="258,-80,230,90,252,0,250,0" /><INIT seed="4,0,0,5,0,23" ten="178,320,252,250" oya="0" hai0="83,0,91,48,134,68,71,45,92,6,100,58,39" hai1="29,54,1,135,115,43,3,19,81,131,95,111,21" hai2="35,40,59,8,108,38,80,34,33,27,51,42,12" hai3="104,103,22,112,99,55,2,18,28,110,11,49,64"/><T96/><D134/><U75/><E111/><V67/><F108/><W7/><G110/><T113/><D113/><U90/><E135/><V47/><F42/><W124/><G112/><T26/><D39/><U107/><E107/><V93/><F93/><W101/><G124/><T9/><D58/><U63/><E29/><V24/><F80/><W44/><G64/><T52/><D83/><U70/><E43/><V132/><F132/><W74/><G74/><T85/><REACH who="0" step="1"/><D26/><REACH who="0" ten="168,320,252,250" step="2"/><U98/><E115/><V76/><F38/><W77/><G77/><T62/><D62/><U65/><E131/><V73/><F76/><W31/><REACH who="3" step="1"/><G103/><REACH who="3" ten="168,320,252,240" step="2"/><T118/><D118/><U82/><E75/><V37/><F73/><W122/><G122/><T120/><D120/><U46/><E70/><V20/><F67/><W88/><G88/><T10/><D10/><U125/><E65/><V32/><F8/><W121/><G121/><T130/><D130/><U84/><E90/><V114/><F114/><W5/><G5/><T16/><D16/><U97/><E19/><V69/><F69/><W36/><G36/><T30/><D30/><U126/><E126/><V72/><F37/><W14/><AGARI ba="0,2" hai="2,7,11,14,18,22,28,31,44,49,55,99,101,104" machi="14" ten="20,2700,0" yaku="1,1,0,1,7,1,53,0" doraHai="23" doraHaiUra="129" who="3" fromWho="3" sc="168,-13,320,-7,252,-7,240,47" /><INIT seed="5,0,0,2,5,121" ten="155,313,245,287" oya="1" hai0="98,16,76,47,99,135,60,10,74,89,129,88,134" hai1="62,17,77,42,118,111,102,41,113,97,12,96,21" hai2="101,52,8,86,61,50,92,63,13,56,117,103,85" hai3="15,23,59,1,7,91,95,49,132,66,133,130,131"/><U40/><E118/><V72/><F72/><W5/><G1/><T126/><D47/><U109/><E113/><V29/><F117/><W19/><G49/><T108/><D60/><N who="2" m="23114" /><F29/><W36/><G59/><T20/><D10/><U83/><E62/><V100/><F92/><W3/><G66/><T30/><D30/><U46/><E46/><V124/><F124/><W18/><G36/><T84/><D126/><U35/><E35/><V51/><F51/><W34/><G19/><AGARI ba="0,0" hai="8,13,19,50,52,56,85,86,100,101,103" m="23114" machi="19" ten="30,2000,0" yaku="8,1,54,1" doraHai="121" who="2" fromWho="3" sc="155,0,313,0,245,20,287,-20" /><INIT seed="6,0,0,3,1,62" ten="155,313,265,267" oya="2" hai0="78,90,56,35,123,41,135,93,70,106,74,68,47" hai1="45,87,50,20,58,17,29,128,67,127,7,16,18" hai2="42,88,64,43,101,98,57,19,13,132,91,99,36" hai3="59,54,120,40,31,1,115,27,3,12,0,30,60"/><V15/><F132/><W122/><G40/><N who="2" m="15401" /><F36/><W39/><G39/><T32/><D123/><U6/><E128/><V21/><F13/><W110/><G110/><T24/><D106/><U63/><E127/><V125/><F125/><W133/><G133/><T100/><D100/><U11/><E11/><V82/><F82/><W109/><G109/><T46/><D135/><U49/><E87/><V73/><F73/><W83/><G31/><T37/><D78/><U85/><E85/><V111/><F111/><W77/><G12/><T92/><D74/><U66/><E66/><V52/><F64/><W105/><G105/><T8/><D8/><U44/><E50/><N who="2" m="30871" /><F101/><W113/><G83/><T81/><D81/><U38/><E38/><V4/><F4/><N who="1" m="1577" /><E49/><V112/><F112/><N who="3" m="43083" /><G77/><T118/><D37/><U5/><E5/><V14/><F14/><W94/><G94/><T114/><D41/><U84/><E84/><V121/><F121/><W9/><G9/><T75/><D114/><U2/><E2/><N who="3" m="514" /><W117/><DORA hai="124" /><G117/><T23/><D75/><U69/><E69/><V55/><F99/><W86/><G86/><T34/><D70/><U76/><E76/><V119/><F98/><W129/><G129/><T131/><D68/><U96/><E96/><V116/><F119/><W72/><G72/><T79/><D118/><U26/><AGARI ba="0,0" hai="16,17,18,20,26,29,44,45,58,63,67" m="1577" machi="26" ten="30,4000,0" yaku="8,1,52,1,54,1" doraHai="62,124" who="1" fromWho="1" sc="155,-10,313,40,265,-20,267,-10" /><INIT seed="7,0,0,2,4,22" ten="145,353,245,257" oya="3" hai0="86,34,14,57,123,76,131,23,45,15,109,78,98" hai1="96,39,65,20,13,111,125,40,21,132,56,104,107" hai2="135,5,37,49,64,87,110,29,1,71,33,80,48" hai3="122,58,28,106,11,103,36,118,97,25,30,75,73"/><W0/><G118/><T120/><D131/><U108/><E39/><V85/><F110/><W102/><G122/><T17/><D34/><U42/><E65/><V74/><F33/><W81/><G36/><T133/><D133/><U47/><E56/><V72/><F29/><W119/><G119/><T60/><D109/><U3/><E3/><V116/><F37/><W59/><G30/><T101/><D45/><U70/><E70/><V134/><F5/><W112/><G112/><T115/><D115/><U94/><E47/><V84/><F1/><W7/><G103/><T126/><D126/><U46/><E46/><V35/><F35/><W95/><G106/><T8/><D123/><U18/><E107/><V100/><F100/><W130/><G130/><T121/><D120/><U114/><E104/><V99/><F99/><W44/><G44/><T113/><D113/><U10/><E132/><N who="2" m="50731" /><F80/><W31/><G31/><T41/><D41/><N who="1" m="15979" /><E114/><V63/><F116/><W16/><G28/><T68/><D68/><U88/><E125/><V38/><F38/><W77/><REACH who="3" step="1"/><G75/><AGARI ba="0,0" hai="48,49,63,64,71,72,74,75,84,85,87" m="50731" machi="75" ten="40,1300,0" yaku="20,1" doraHai="22" who="2" fromWho="3" sc="145,0,353,0,245,13,257,-13" owari="145,-35.5,353,45.3,258,5.8,244,-15.6" /></mjloggm>