<mjloggm ver="2.3"><GO type="169" lobby="0"/><UN n0="%64%61%6E%6E%63%68%69" n1="%E3%81%95%E3%82%93%E3%81%84%E3%81%A1%E3%82%8D%E3%81%8F%E3%81%94" n2="%73%61%6E%67%6F%64%64%6F" n3="%41%6E%6B%6F%61%6E%6B%6F" dan="17,17,17,17" rate="2187.35,2087.20,2216.70,2187.56" sx="M,M,M,F"/><TAIKYOKU oya="0"/><INIT seed="0,0,0,4,5,40" ten="250,250,250,250" oya="0" hai0="108,75,133,53,44,33,5,92,12,130,21,72,43" hai1="31,47,121,55,63,38,28,35,93,101,99,106,46" hai2="109,87,74,103,70,9,117,62,122,112,8,36,27" hai3="83,85,131,69,20,73,57,61,98,11,119,6,65"/><T129/><D33/><U54/><E121/><V89/><F74/><W25/><G119/><T0/><D133/><U66/><E35/><V32/><F112/><W115/><G115/><T81/><D53/><N who="1" m="19979" /><E38/><V110/><F122/><W76/><G131/><N who="0" m="50187" /><D0/><U104/><E106/><V4/><F103/><W97/><G69/><T78/><D92/><U42/><E42/><V127/><F36/><W88/><G73/><N who="0" m="43215" /><D108/><U16/><E104/><V90/><F110/><W123/><G76/><T22/><D22/><U100/><E101/><V107/><F107/><W23/><G123/><T91/><D91/><U50/><E50/><V86/><F89/><W134/><G134/><T39/><D21/><U102/><E100/><V51/><F32/><W56/><G56/><T114/><D114/><U59/><E16/><V84/><F109/><W124/><G23/><T52/><D52/><U68/><E68/><V126/><F70/><W14/><REACH who="3" step="1"/><G124/><REACH who="3" ten="250,250,250,240" step="2"/><T2/><D12/><U30/><AGARI ba="0,1" hai="28,30,31,46,47,59,63,66,93,99,102" m="19979" machi="30" ten="30,4000,0" yaku="8,1,52,2" doraHai="40" who="1" fromWho="1" sc="250,-20,250,50,250,-10,240,-10" /><INIT seed="1,0,0,5,4,94" ten="230,300,240,230" oya="1" hai0="12,93,56,125,112,106,105,103,117,82,42,128,20" hai1="119,109,47,107,91,64,120,99,53,127,52,36,14" hai2="87,23,101,96,63,81,134,37,88,1,31,3,35" hai3="5,75,45,83,51,80,57,65,46,122,7,44,48"/><U73/><E120/><V135/><F37/><W72/><G122/><T84/><D112/><U90/><E119/><V67/><F23/><W79/><G65/><T98/><D117/><U95/><E127/><V108/><F108/><W34/><G34/><T19/><D125/><U60/><E73/><V21/><F35/><W102/><G102/><T77/><D128/><U18/><E107/><V85/><F85/><W78/><G57/><T89/><D42/><U26/><E26/><V92/><F21/><W115/><G115/><T129/><D129/><U38/><E109/><V118/><F31/><W86/><G86/><T104/><REACH who="0" step="1"/><D56/><REACH who="0" ten="220,300,240,230" step="2"/><N who="1" m="36871" /><E38/><V43/><F43/><W114/><G114/><T10/><D10/><N who="1" m="6487" /><E36/><V126/><F118/><W39/><G39/><T130/><D130/><U97/><E47/><V32/><F126/><W0/><G44/><T124/><D124/><U62/><E62/><V49/><F49/><W6/><G45/><T59/><D59/><U15/><E15/><V70/><REACH who="2" step="1"/><F32/><REACH who="2" ten="220,300,230,230" step="2"/><W13/><G51/><T24/><D24/><U28/><E28/><V74/><F74/><AGARI ba="0,2" hai="12,19,20,74,77,82,84,89,93,98,103,104,105,106" machi="74" ten="30,8000,1" yaku="1,1,7,1,24,2,52,1,53,0" doraHai="94" doraHaiUra="132" who="0" fromWho="2" sc="220,100,300,0,230,-80,230,0" /><INIT seed="2,0,0,2,1,93" ten="320,300,150,230" oya="2" hai0="103,112,92,63,66,128,26,31,100,36,129,90,6" hai1="135,71,8,11,94,76,108,121,24,22,33,21,32" hai2="87,48,37,41,83,51,106,55,84,132,27,99,113" hai3="111,80,130,78,88,35,44,116,50,74,0,75,20"/><V77/><F113/><W17/><G116/><T117/><D36/><U34/><E71/><V96/><F37/><W59/><G111/><T73/><D73/><U82/><E108/><V110/><F110/><W65/><G130/><N who="0" m="50283" /><D6/><U7/><E121/><V42/><F132/><W118/><G118/><T68/><D112/><U13/><E135/><V109/><F109/><W47/><G35/><N who="0" m="20983" /><D117/><U123/><E123/><V64/><F64/><W125/><G125/><T15/><D15/><U30/><E94/><V61/><F106/><W53/><G0/><T133/><D133/><U120/><E120/><V69/><F69/><W14/><G75/><T102/><D102/><U85/><E7/><V49/><F87/><AGARI ba="0,0" hai="63,66,68,87,90,92,100,103" m="20983,50283" machi="87" ten="30,1000,0" yaku="19,1" doraHai="93" who="0" fromWho="2" sc="320,10,300,0,150,-10,230,0" /><INIT seed="3,0,0,4,3,42" ten="330,300,140,230" oya="3" hai0="126,132,27,68,100,70,65,62,73,17,111,96,14" hai1="121,45,67,79,106,99,83,33,116,39,109,80,3" hai2="57,72,69,31,103,19,6,130,102,88,61,120,53" hai3="21,29,54,119,77,59,44,18,10,30,0,2,92"/><W89/><G119/><T104/><D111/><U7/><E116/><V101/><F72/><W41/><G77/><T112/><D126/><U50/><E83/><V46/><F130/><W127/><G127/><T105/><D132/><U125/><E121/><V11/><F120/><W24/><G0/><T34/><D73/><U8/><E109/><V15/><F31/><W9/><G30/><T91/><D91/><U52/><E125/><V114/><F114/><W134/><G134/><T108/><D108/><U123/><E123/><V55/><F69/><W40/><G40/><T28/><D112/><U48/><E33/><V1/><F1/><W66/><G66/><T110/><D110/><U5/><E7/><V74/><F74/><W82/><G82/><T128/><D128/><U90/><E67/><V16/><REACH who="2" step="1"/><F88/><REACH who="2" ten="330,300,130,230" step="2"/><W93/><G29/><T107/><REACH who="0" step="1"/><D70/><REACH who="0" ten="320,300,130,230" step="2"/><U37/><E90/><V94/><F94/><W135/><G135/><T51/><D51/><AGARI ba="0,2" hai="6,11,15,16,19,46,51,53,55,57,61,101,102,103" machi="51" ten="40,8000,1" yaku="1,1,8,1,52,1,54,1,53,0" doraHai="42" doraHaiUra="23" who="2" fromWho="0" sc="320,-80,300,0,130,100,230,0" /><INIT seed="4,0,0,0,4,49" ten="240,300,230,230" oya="0" hai0="33,1,18,22,26,55,37,15,19,115,42,105,135" hai1="53,120,36,16,133,90,134,131,113,62,11,68,118" hai2="127,84,38,34,107,40,103,99,95,57,23,89,58" hai3="2,100,12,63,24,54,43,10,80,20,39,93,97"/><T6/><D105/><U79/><E118/><V31/><F127/><W130/><G130/><T27/><D42/><U46/><E120/><V71/><F23/><W60/><G2/><T65/><D65/><U13/><E131/><V70/><F38/><W111/><G111/><T122/><D37/><U121/><E121/><V109/><F40/><W83/><G43/><T61/><D122/><U82/><E113/><V110/><F109/><W75/><G75/><T7/><D115/><U108/><E108/><V69/><REACH who="2" step="1"/><F110/><REACH who="2" ten="240,300,220,230" step="2"/><W78/><G39/><T3/><D135/><U94/><E36/><V74/><F74/><W101/><G20/><T25/><D33/><U4/><E133/><V104/><F104/><W14/><G10/><N who="0" m="6519" /><D61/><U45/><E134/><V9/><F9/><W0/><G60/><T59/><D3/><U87/><E62/><V112/><F112/><W35/><G0/><T8/><D8/><U29/><E11/><V41/><F41/><W91/><G35/><T116/><D1/><U125/><E125/><V56/><F56/><W102/><G24/><AGARI ba="0,1" hai="24,31,34,57,58,69,70,71,84,89,95,99,103,107" machi="24" ten="40,2600,0" yaku="1,1,53,1" doraHai="49" doraHaiUra="30" who="2" fromWho="3" sc="240,0,300,0,220,36,230,-26" /><INIT seed="5,0,0,5,4,31" ten="240,300,256,204" oya="1" hai0="4,16,62,66,126,123,70,18,105,131,87,58,82" hai1="74,109,64,135,81,45,124,59,33,83,17,20,130" hai2="37,41,24,103,88,79,60,47,49,1,86,113,27" hai3="38,107,95,133,13,39,118,77,12,28,54,34,5"/><U101/><E124/><V90/><F1/><W8/><G107/><T35/><D126/><U108/><E130/><V116/><F116/><W51/><G133/><T128/><D105/><U67/><E135/><V76/><F103/><W52/><G118/><T125/><D125/><U102/><E45/><V48/><F90/><W32/><G28/><T73/><D73/><U129/><E129/><N who="0" m="49737" /><D123/><U119/><E119/><V68/><F113/><W57/><G77/><N who="0" m="46543" /><D4/><U56/><E20/><V53/><F76/><W100/><G13/><T89/><D35/><U106/><E106/><V2/><F79/><W117/><G117/><T97/><D70/><U104/><E104/><V3/><F2/><W6/><G6/><T46/><D46/><U11/><E11/><V63/><F3/><W26/><G26/><N who="2" m="9769" /><F68/><W99/><REACH who="3" step="1"/><G54/><REACH who="3" ten="240,300,256,194" step="2"/><T55/><D55/><U71/><E108/><V21/><F53/><W110/><G110/><T40/><D40/><U65/><E109/><V98/><F41/><W93/><G93/><AGARI ba="0,1" hai="16,18,58,62,66,89,93,97" m="46543,49737" machi="93" ten="30,2000,0" yaku="19,1,54,1" doraHai="31" who="0" fromWho="3" sc="240,30,300,0,256,0,194,-20" /><INIT seed="6,0,0,4,5,69" ten="270,300,256,174" oya="2" hai0="131,96,99,53,87,27,83,17,85,73,57,104,58" hai1="11,50,68,94,1,75,65,80,60,7,126,119,4" hai2="91,28,37,31,9,43,72,76,109,106,118,12,2" hai3="132,51,32,8,108,130,127,66,120,70,54,19,110"/><V90/><F118/><W40/><G32/><T123/><D123/><U20/><E126/><V0/><F106/><W98/><G98/><T35/><D73/><U97/><E4/><V129/><F129/><W133/><G19/><T23/><D131/><U100/><E20/><V115/><F115/><W22/><G22/><T86/><D35/><U88/><E119/><V113/><F113/><W49/><G8/><T30/><D30/><U128/><E128/><V34/><F109/><N who="3" m="42091" /><G130/><T61/><D104/><U45/><E75/><V33/><F72/><W59/><G120/><T56/><D56/><U21/><E21/><V36/><F9/><W103/><G103/><T114/><D114/><U78/><E78/><V105/><F105/><W15/><G15/><T5/><D5/><U13/><E80/><V39/><F12/><W29/><G29/><N who="2" m="11337" /><F43/><W92/><G92/><T44/><D44/><U42/><REACH who="1" step="1"/><E100/><REACH who="1" ten="270,290,256,174" step="2"/><V6/><F76/><W16/><G127/><T117/><D83/><U10/><E10/><V101/><F101/><W116/><G116/><T71/><D117/><U67/><E67/><V107/><F6/><W89/><G66/><N who="0" m="39223" /><D71/><U14/><AGARI ba="0,1" hai="1,7,11,13,14,42,45,50,60,65,68,88,94,97" machi="14" ten="30,4000,0" yaku="1,1,0,1,54,1,53,0" doraHai="69" doraHaiUra="77" who="1" fromWho="1" sc="270,-10,290,50,256,-20,174,-10" /><INIT seed="7,0,0,0,4,51" ten="260,340,236,164" oya="3" hai0="23,2,110,7,74,135,100,8,126,78,10,99,39" hai1="60,132,20,31,91,45,134,46,96,83,54,28,115" hai2="128,108,89,27,69,65,14,15,18,9,112,119,13" hai3="125,127,120,103,59,113,22,5,86,4,56,73,55"/><W41/><G120/><T92/><D110/><U130/><E115/><V131/><F119/><W38/><G73/><T102/><D135/><N who="1" m="51755" /><E130/><N who="2" m="49707" /><F69/><W6/><G113/><T98/><D23/><U19/><E45/><V79/><F65/><W122/><G122/><T81/><D10/><U70/><E70/><V76/><F112/><W117/><G117/><T33/><D126/><N who="3" m="48137" /><G103/><T123/><D123/><U53/><E60/><V114/><F114/><W17/><G86/><T106/><D33/><U116/><E116/><V58/><F108/><W68/><G68/><T29/><D29/><N who="1" m="11339" /><E46/><V109/><F109/><W42/><G38/><T121/><D121/><U11/><E11/><V25/><F89/><W87/><G87/><T48/><D48/><U21/><E21/><V105/><F9/><W61/><G59/><T43/><D43/><U35/><E35/><V44/><F44/><W95/><G95/><T80/><D80/><U104/><E104/><V101/><F58/><W124/><N who="3" m="48145" /><W50/><DORA hai="64" /><G61/><T93/><D106/><U62/><E62/><V57/><F57/><W72/><G72/><T71/><D71/><U0/><E83/><V3/><F105/><W77/><G77/><N who="2" m="29769" /><F101/><W107/><G107/><T30/><D30/><U66/><E96/><V37/><F37/><AGARI ba="0,0" hai="2,7,8,37,39,74,78,81,92,93,98,99,100,102" machi="37" ten="40,1300,0" yaku="9,1" doraHai="51,64" who="0" fromWho="2" sc="260,13,340,0,236,-13,164,0" owari="273,7.3,340,44.0,223,-17.7,164,-33.6" /></mjloggm>