<mjloggm ver="2.3"><GO type="169" lobby="0"/><UN n0="%E3%81%8B%E3%81%B6%E8%8C%B6" n1="%E5%AE%8C%E5%85%A8%E5%AE%89%E7%89%8C" n2="%E3%82%8C%E3%81%8A%E3%81%A8%E3%81%BE%E3%81%8A" n3="%73%79%6C%76%65%6F%6E" dan="17,17,16,16" rate="2152.49,2140.20,2101.92,2174.42" sx="M,M,M,M"/><TAIKYOKU oya="0"/><INIT seed="0,0,0,5,4,41" ten="250,250,250,250" oya="0" hai0="80,127,32,13,124,10,54,45,21,48,40,0,104" hai1="87,73,94,28,11,76,44,7,131,58,123,9,64" hai2="65,38,126,37,79,52,35,97,128,68,84,46,132" hai3="102,12,22,77,20,63,135,75,119,112,16,69,14"/><T56/><D32/><U88/><E123/><V26/><F126/><W116/><G112/><T39/><D104/><U114/><E114/><V129/><F97/><W31/><G135/><T103/><D103/><U107/><E131/><N who="2" m="50251" /><F79/><W101/><G75/><T95/><D95/><U117/><E117/><V30/><F132/><W115/><G77/><T91/><D0/><U6/><E107/><V92/><F65/><W25/><G115/><T62/><D21/><U42/><E28/><V93/><F68/><W85/><G85/><T59/><D91/><U130/><E130/><V17/><F17/><W133/><G133/><T24/><D24/><U89/><E89/><N who="2" m="53287" /><F93/><W8/><G116/><T23/><D80/><U118/><E118/><V57/><F46/><W27/><G119/><T71/><D23/><U72/><E76/><V113/><F113/><W100/><REACH who="3" step="1"/><G8/><REACH who="3" ten="250,250,250,240" step="2"/><N who="1" m="3146" /><E73/><V78/><F78/><W33/><G33/><T105/><D105/><U60/><E72/><V74/><F74/><W51/><G51/><AGARI ba="0,1" hai="6,7,42,44,51,58,60,64,87,88,94" m="3146" machi="51" ten="30,3900,0" yaku="8,1,52,1,54,1" doraHai="41" who="1" fromWho="3" sc="250,0,250,49,250,0,240,-39" /><AGARI ba="0,0" hai="26,30,35,37,38,51,52,57" m="53287,50251" machi="51" ten="30,2000,0" yaku="19,1,54,1" doraHai="41" who="2" fromWho="3" sc="250,0,299,0,250,20,201,-20" /><INIT seed="1,0,0,4,5,73" ten="250,299,270,181" oya="1" hai0="120,68,135,40,100,43,133,61,134,130,45,101,5" hai1="103,13,21,106,88,11,118,37,74,86,115,87,107" hai2="83,116,33,111,9,3,48,91,53,54,99,78,2" hai3="14,6,38,102,94,1,81,55,62,108,64,85,49"/><U60/><E115/><V58/><F111/><W10/><G108/><T66/><D100/><U96/><E118/><V121/><F121/><W18/><G38/><T113/><D101/><U75/><E37/><V131/><F131/><W122/><G122/><T15/><D120/><U39/><E39/><V50/><F33/><W12/><G102/><T90/><D90/><U72/><E21/><V44/><F116/><W59/><G94/><T41/><D15/><U24/><E24/><V63/><F91/><W80/><G1/><T97/><D97/><U109/><E60/><V31/><F99/><W57/><REACH who="3" step="1"/><G85/><REACH who="3" ten="250,299,270,171" step="2"/><T105/><D105/><N who="1" m="63719" /><E109/><V82/><F2/><W125/><G125/><T16/><D113/><U95/><E13/><V69/><F3/><W17/><G17/><T76/><D16/><U7/><E7/><V65/><F31/><W112/><G112/><T84/><D5/><U128/><E128/><V47/><F9/><AGARI ba="0,1" hai="6,9,10,12,14,18,49,55,57,59,62,64,80,81" machi="9" ten="30,3900,0" yaku="1,1,7,1,8,1,53,0" doraHai="73" doraHaiUra="23" who="3" fromWho="2" sc="250,0,299,0,270,-39,171,49" /><INIT seed="2,0,0,3,1,59" ten="250,299,231,220" oya="2" hai0="73,105,119,101,99,52,23,108,61,129,117,49,30" hai1="103,55,13,37,75,77,104,19,69,38,83,40,106" hai2="33,16,128,107,4,45,46,48,58,98,7,31,51" hai3="126,92,86,2,113,90,115,100,26,18,134,125,68"/><V27/><F128/><W67/><G2/><T24/><D73/><U56/><E69/><V5/><F107/><W112/><G134/><T74/><D74/><U79/><E79/><V120/><F120/><W122/><G122/><T114/><D114/><U47/><E103/><V76/><F76/><W109/><G109/><T110/><D129/><U135/><E38/><V131/><F131/><W85/><G100/><T32/><D32/><U96/><E96/><V111/><F98/><W54/><G54/><T42/><D42/><U71/><E71/><V50/><F111/><N who="0" m="42538" /><D61/><U39/><E37/><V43/><F46/><AGARI ba="0,0" hai="23,24,30,46,49,52,99,101,105,117,119" m="42538" machi="46" ten="30,2000,0" yaku="14,1,54,1" doraHai="59" who="0" fromWho="2" sc="250,20,299,0,231,-20,220,0" /><INIT seed="3,0,0,4,0,27" ten="270,299,211,220" oya="3" hai0="50,59,8,73,40,80,23,101,133,56,3,103,119" hai1="47,87,126,61,4,55,76,94,57,134,43,32,72" hai2="20,51,64,128,78,46,37,88,6,38,102,110,132" hai3="5,135,30,62,1,109,118,112,39,11,84,69,124"/><W67/><G112/><T68/><D119/><U19/><E134/><V16/><F110/><W58/><G135/><T2/><D68/><U117/><E126/><V125/><F132/><W13/><G124/><T75/><D133/><U93/><E72/><V54/><F125/><W24/><G118/><T105/><D23/><U122/><E122/><V120/><F128/><W111/><G39/><T115/><D50/><U0/><E32/><V82/><F102/><W36/><G36/><T28/><D8/><U65/><E4/><V44/><F120/><W113/><G113/><T108/><D80/><N who="1" m="47495" /><E0/><V10/><F78/><W71/><G84/><T34/><D40/><U121/><E43/><V85/><F64/><W107/><G107/><T41/><D41/><U77/><E77/><V86/><F44/><W116/><G1/><T81/><D81/><U106/><E106/><V14/><REACH who="2" step="1"/><F85/><REACH who="2" ten="270,299,201,220" step="2"/><W74/><G116/><T114/><D108/><N who="3" m="41545" /><G74/><T45/><D45/><U9/><E121/><V90/><F90/><W92/><G92/><T49/><D114/><U22/><E117/><V15/><AGARI ba="0,1" hai="6,10,14,15,16,20,37,38,46,51,54,82,86,88" machi="15" ten="20,12000,2" yaku="1,1,0,1,7,1,54,2,53,2" doraHai="27" doraHaiUra="70" who="2" fromWho="2" sc="270,-30,299,-30,201,130,220,-60" /><INIT seed="4,0,0,4,2,79" ten="240,269,331,160" oya="0" hai0="33,0,113,14,118,36,35,17,23,37,4,2,69" hai1="95,43,129,98,6,72,83,108,126,28,135,93,91" hai2="45,123,103,127,76,27,24,107,7,29,25,131,66" hai3="1,92,101,11,94,5,112,65,55,20,16,51,10"/><T56/><D69/><U31/><E108/><V18/><F123/><W133/><G112/><T110/><D37/><U38/><E135/><V89/><F103/><W115/><G115/><T12/><D113/><U68/><E68/><V100/><F100/><W58/><G133/><T119/><D56/><U39/><E129/><V75/><F107/><W13/><G101/><T74/><D36/><U120/><E120/><V44/><F29/><W106/><G106/><T114/><D114/><U134/><E126/><V104/><F7/><W64/><REACH who="3" step="1"/><G11/><REACH who="3" ten="240,269,331,150" step="2"/><N who="0" m="4199" /><D110/><U132/><E132/><V21/><F104/><W128/><G128/><T48/><D74/><U40/><E72/><V122/><F75/><W47/><G47/><T52/><D118/><U15/><E134/><V30/><F45/><W121/><G121/><T125/><D119/><U117/><E117/><V109/><F44/><W60/><G60/><T90/><D35/><U77/><E39/><V22/><F109/><W63/><G63/><T85/><D33/><U84/><E38/><V86/><F122/><W97/><G97/><T82/><D125/><U3/><E98/><V99/><F99/><W41/><G41/><T81/><D23/><U46/><E43/><V50/><F22/><W67/><AGARI ba="0,1" hai="1,5,10,13,16,20,51,55,58,64,65,67,92,94" machi="67" ten="30,4000,0" yaku="1,1,0,1,54,1,53,0" doraHai="79" doraHaiUra="26" who="3" fromWho="3" sc="240,-20,269,-10,331,-10,150,50" /><INIT seed="5,0,0,0,1,87" ten="220,259,321,200" oya="1" hai0="37,49,1,64,127,73,82,89,8,28,63,38,97" hai1="31,100,91,25,101,122,75,119,2,45,65,52,7" hai2="78,14,66,114,98,16,55,27,107,109,123,81,11" hai3="0,133,105,131,39,116,96,33,104,69,53,85,110"/><U108/><E119/><V13/><F123/><W130/><RYUUKYOKU type="yao9" ba="0,0" sc="220,0,259,0,321,0,200,0" hai3="0,33,39,53,69,85,96,104,105,110,116,130,131,133" /><INIT seed="5,1,0,3,1,55" ten="220,259,321,200" oya="1" hai0="49,2,114,66,79,124,86,19,76,125,15,94,54" hai1="96,65,11,108,70,106,129,105,97,82,4,102,18" hai2="123,117,10,34,116,99,133,131,60,9,43,135,12" hai3="127,39,84,112,111,118,122,6,88,61,59,121,67"/><U58/><E129/><V109/><F109/><W75/><G111/><T53/><D2/><U32/><E108/><V72/><F72/><W33/><G75/><T74/><D114/><U93/><E32/><V14/><F43/><W35/><G112/><T113/><D113/><U36/><E36/><V23/><F99/><W104/><G104/><T68/><D66/><U29/><E29/><V92/><F92/><W3/><G39/><T91/><D68/><U8/><E70/><V46/><F46/><W51/><G127/><N who="0" m="48715" /><D54/><U89/><E105/><V115/><F60/><W16/><G118/><T22/><D74/><U37/><E37/><V48/><F48/><W24/><G35/><T40/><D40/><U50/><E18/><V132/><F34/><W73/><G73/><T63/><D63/><U21/><E21/><V62/><F62/><W81/><G51/><T110/><D110/><U71/><E71/><V42/><F42/><W52/><G67/><T126/><N who="0" m="48723" /><T77/><DORA hai="25" /><D79/><U83/><E65/><V98/><F115/><W44/><G44/><AGARI ba="1,0" hai="15,19,22,44,49,53,76,77,86,91,94" m="48723" machi="44" ten="40,1300,0" yaku="18,1" doraHai="55,25" who="0" fromWho="3" sc="220,16,259,0,321,0,200,-16" /><INIT seed="6,0,0,0,0,14" ten="236,259,321,184" oya="2" hai0="111,28,65,72,54,94,79,13,58,118,23,82,132" hai1="31,12,27,121,110,88,92,85,73,128,115,124,40" hai2="64,25,98,21,61,8,105,135,127,93,84,50,32" hai3="17,0,10,83,130,101,51,30,66,26,3,7,87"/><V102/><F127/><W75/><G130/><T44/><D111/><U133/><E110/><V43/><F135/><W29/><G75/><T106/><D106/><U89/><E115/><V68/><F8/><W1/><G101/><T134/><D118/><U78/><E124/><V19/><F32/><W91/><G66/><T122/><D122/><U96/><E128/><V114/><F114/><W63/><G63/><T62/><D94/><U22/><E133/><N who="0" m="51305" /><D44/><U60/><E121/><V129/><F129/><W55/><G30/><T41/><D41/><U117/><E117/><V95/><F84/><W48/><G48/><T35/><D35/><U36/><E60/><V4/><F4/><W49/><G49/><T76/><D76/><U6/><E40/><V45/><AGARI ba="0,0" hai="19,21,25,43,45,50,61,64,68,93,95,98,102,105" machi="45" ten="30,3000,0" yaku="0,1,52,1" doraHai="14" who="2" fromWho="2" sc="236,-10,259,-10,321,30,184,-10" /><INIT seed="6,1,0,0,3,113" ten="226,249,351,174" oya="2" hai0="112,85,115,78,44,14,99,16,114,80,67,82,1" hai1="4,131,135,129,97,0,64,26,32,107,23,12,94" hai2="117,18,56,48,102,111,118,119,59,125,9,88,30" hai3="3,69,36,19,104,75,31,101,133,58,50,96,38"/><V65/><F102/><W116/><G69/><T68/><D1/><U95/><E107/><V72/><F72/><W39/><G3/><T89/><D44/><U71/><E135/><V128/><F30/><W15/><G75/><T13/><D13/><U37/><E37/><V123/><F123/><W70/><G70/><T83/><D67/><U22/><E0/><V109/><F125/><W51/><G133/><T106/><D68/><U103/><E94/><V130/><F88/><W120/><G120/><T93/><REACH who="0" step="1"/><D106/><REACH who="0" ten="216,249,351,174" step="2"/><U43/><E64/><V33/><F65/><W127/><G127/><T81/><D81/><U73/><E71/><V6/><F111/><W20/><G116/><T126/><D126/><U11/><E12/><V132/><F109/><W108/><G108/><T5/><D5/><U105/><E4/><V86/><F6/><W61/><REACH who="3" step="1"/><G31/><REACH who="3" ten="216,249,351,164" step="2"/><T34/><D34/><U54/><E32/><V60/><F33/><W41/><G41/><T47/><D47/><U121/><E43/><V74/><F132/><W76/><G76/><T90/><D90/><U52/><E121/><V57/><F118/><W91/><G91/><T49/><D49/><U122/><E122/><V110/><F48/><W46/><G46/><T84/><D84/><U42/><E42/><V25/><F86/><W2/><G2/><T79/><D79/><U62/><E73/><V28/><F74/><W27/><G27/><T53/><D53/><AGARI ba="1,2" hai="15,19,20,36,38,39,50,51,53,58,61,96,101,104" machi="53" ten="40,1300,0" yaku="1,1,53,0" doraHai="113" doraHaiUra="35" who="3" fromWho="0" sc="216,-16,249,0,351,0,164,36" /><INIT seed="7,0,0,0,1,57" ten="200,249,351,200" oya="3" hai0="97,118,33,90,135,54,19,76,3,113,115,108,72" hai1="49,40,91,66,39,35,46,102,74,69,117,5,34" hai2="95,56,6,73,8,36,121,131,50,4,58,78,127" hai3="41,64,62,51,125,25,107,24,101,98,94,27,133"/><W14/><G125/><T23/><D108/><U126/><E74/><V60/><F36/><W44/><G133/><T86/><D118/><U59/><E117/><V45/><F131/><W100/><G14/><T28/><D3/><U129/><E129/><V29/><F29/><W110/><G110/><T109/><D109/><U81/><E102/><V130/><F95/><W120/><G120/><T12/><D135/><U13/><E81/><V52/><F78/><W77/><G77/><T105/><D28/><U99/><E99/><V87/><F87/><W82/><G82/><N who="0" m="45319" /><D54/><N who="1" m="32207" /><E91/><V31/><F127/><W0/><G0/><T43/><D43/><U71/><E71/><V68/><F68/><W20/><G107/><T123/><D33/><U22/><E126/><V122/><F4/><W37/><G37/><T42/><D42/><U9/><E22/><V103/><F31/><W63/><G101/><N who="0" m="62639" /><D123/><U65/><E65/><V79/><F73/><W2/><G2/><T61/><D61/><AGARI ba="0,0" hai="5,9,13,34,35,39,40,46,61,66,69" m="32207" machi="61" ten="30,2000,0" yaku="24,1,52,1" doraHai="57" who="1" fromWho="0" sc="200,-20,249,20,351,0,200,0" owari="180,-32.0,269,6.9,351,45.1,200,-20.0" /></mjloggm>