<mjloggm ver="2.3"><GO type="169" lobby="0"/><UN n0="%46%75%4B%61" n1="%E6%B2%B3%E7%AB%A5%E3%81%AE%E3%83%AF%E3%82%AB%E3%83%9E%E3%83%84" n2="%E3%81%93%E3%82%8C%E3%81%8C%E3%81%B5%E3%81%95%E3%81%B5%E3%81%95" n3="%E7%88%86%E7%89%8C%E3%82%A6%E3%82%B7%E3%82%B8%E3%83%9E%E3%81%8F%E3%82%93" dan="16,19,16,19" rate="2076.91,2320.94,2129.97,2253.23" sx="M,M,M,M"/><TAIKYOKU oya="0"/><INIT seed="0,0,0,4,3,60" ten="250,250,250,250" oya="0" hai0="39,49,98,104,50,72,115,57,132,85,6,92,103" hai1="0,37,135,83,97,119,31,12,47,46,81,78,13" hai2="118,43,111,70,9,65,22,75,110,10,107,71,27" hai3="127,79,67,23,20,108,35,5,40,101,42,91,63"/><T114/><D39/><U62/><E119/><V106/><F118/><W25/><G127/><T116/><D116/><U8/><E135/><V113/><F75/><W90/><G108/><N who="2" m="41513" /><F113/><W94/><G5/><T19/><D132/><U55/><E31/><N who="2" m="17911" /><F43/><W99/><G79/><T2/><D72/><U17/><E0/><V123/><F65/><W45/><G35/><T133/><D133/><U14/><E97/><V53/><F53/><W131/><G20/><T129/><D129/><U88/><E46/><V51/><F51/><W4/><G4/><T54/><D50/><N who="1" m="29151" /><E37/><V7/><F10/><W44/><G131/><T41/><D41/><U61/><E62/><V68/><F123/><W76/><G76/><T96/><D19/><U59/><E78/><V89/><F89/><W24/><G24/><T117/><D117/><U93/><E8/><V73/><F73/><W38/><G45/><T126/><D126/><U58/><E17/><V56/><F56/><N who="1" m="21545" /><E61/><V34/><F34/><W52/><G42/><T95/><D104/><U3/><E3/><AGARI ba="0,0" hai="3,7,9,68,70,71,106,107" m="17911,41513" machi="3" ten="40,1300,0" yaku="14,1" doraHai="60" who="2" fromWho="1" sc="250,0,250,-13,250,13,250,0" /><INIT seed="1,0,0,0,4,132" ten="250,237,263,250" oya="1" hai0="110,31,13,133,48,49,67,80,71,116,56,100,1" hai1="117,47,91,119,52,15,24,86,51,61,74,10,97" hai2="93,129,75,65,68,103,87,88,29,21,113,34,95" hai3="79,28,8,135,16,72,77,134,17,81,0,122,99"/><U36/><E74/><V41/><F129/><W59/><G122/><T45/><D1/><U33/><E36/><V82/><F113/><W22/><G79/><T84/><D116/><U44/><E47/><V25/><F41/><W128/><G128/><T130/><D130/><U94/><E61/><V39/><F39/><W114/><G114/><T50/><D133/><N who="3" m="50697" /><G99/><T78/><D78/><U19/><E33/><V126/><F75/><W69/><G69/><T109/><D100/><U5/><E24/><V76/><F103/><W107/><G107/><T111/><D31/><U118/><REACH who="1" step="1"/><E86/><REACH who="1" ten="250,227,263,250" step="2"/><V123/><F34/><W30/><G59/><T54/><D84/><U63/><E63/><V120/><F87/><W32/><G32/><T57/><D80/><U7/><AGARI ba="0,1" hai="5,7,10,15,19,44,51,52,91,94,97,117,118,119" machi="7" ten="40,7800,0" yaku="1,1,0,1,54,1,53,0" doraHai="132" doraHaiUra="18" who="1" fromWho="1" sc="250,-26,227,88,263,-26,250,-26" /><INIT seed="1,1,0,0,5,121" ten="224,315,237,224" oya="1" hai0="95,134,80,88,93,6,46,63,15,55,91,1,85" hai1="115,114,51,92,77,113,31,125,90,8,49,4,130" hai2="107,21,14,120,71,59,41,56,10,106,9,124,35" hai3="64,102,58,86,43,45,39,110,3,72,28,96,25"/><U42/><E130/><V54/><F71/><W83/><G3/><T67/><D134/><U20/><E125/><V61/><F35/><W94/><G72/><T108/><D108/><U38/><E77/><V33/><F120/><W24/><G110/><T129/><D129/><U116/><E116/><V37/><F33/><W2/><G2/><T57/><D1/><U135/><E135/><V128/><F128/><W69/><G69/><T126/><D126/><U104/><E104/><V62/><F21/><W47/><G47/><T84/><D6/><U119/><E119/><V101/><F101/><W70/><G70/><T79/><D15/><U22/><E38/><V100/><F100/><W105/><G105/><T122/><D122/><U117/><E117/><V44/><F9/><W112/><G112/><T34/><D34/><U103/><E103/><V13/><F13/><W78/><G28/><T5/><D5/><U12/><E42/><V17/><REACH who="2" step="1"/><F124/><REACH who="2" ten="224,315,227,224" step="2"/><W74/><G24/><T111/><D111/><U82/><E22/><V36/><F36/><W0/><G25/><T19/><D19/><U89/><E20/><V65/><AGARI ba="1,1" hai="10,14,17,37,41,44,54,56,59,61,62,65,106,107" machi="65" ten="20,2700,0" yaku="1,1,0,1,7,1,53,0" doraHai="121" doraHaiUra="123" who="2" fromWho="2" sc="224,-8,315,-14,227,40,224,-8" /><INIT seed="2,0,0,0,1,21" ten="216,301,267,216" oya="2" hai0="80,110,128,79,47,42,109,40,111,53,37,90,7" hai1="129,12,9,95,56,125,2,17,93,135,5,73,29" hai2="113,62,57,39,74,112,105,120,65,83,131,114,49" hai3="130,52,41,33,126,121,124,48,103,64,26,66,76"/><V68/><F105/><W107/><G121/><T38/><D90/><U132/><E73/><V98/><F120/><W32/><G76/><T11/><D128/><U85/><E129/><V58/><F131/><W22/><G130/><T81/><D53/><U54/><E125/><N who="3" m="48234" /><G41/><T19/><D19/><U92/><E85/><V118/><F118/><W61/><G103/><T75/><D81/><U35/><E56/><V97/><F39/><W116/><G107/><T84/><D84/><U63/><E63/><V60/><F49/><W34/><G61/><T24/><D24/><U77/><E54/><V8/><F8/><W78/><G78/><T14/><D42/><U96/><E96/><V20/><F20/><W104/><G104/><T115/><D115/><U106/><E77/><V51/><F51/><AGARI ba="0,0" hai="7,11,14,37,38,40,47,51,75,79,80,109,110,111" machi="51" ten="40,1300,0" yaku="14,1" doraHai="21" who="0" fromWho="2" sc="216,13,301,0,267,-13,216,0" /><INIT seed="3,0,0,3,5,50" ten="229,301,254,216" oya="3" hai0="34,94,74,115,76,81,14,107,83,43,70,101,5" hai1="0,53,22,117,87,121,111,36,18,66,113,67,132" hai2="23,54,29,24,130,26,126,99,58,125,40,80,112" hai3="55,102,1,33,108,118,63,129,60,72,100,17,95"/><W44/><G118/><T65/><D34/><U96/><E113/><V48/><F112/><W57/><G72/><T131/><D115/><U69/><E121/><V78/><F130/><W3/><G129/><T47/><D131/><U123/><E123/><V106/><F40/><W28/><G108/><T31/><D31/><U19/><E36/><V12/><F12/><W133/><G133/><T85/><D65/><U90/><E0/><V88/><F26/><W97/><G102/><T104/><D70/><U42/><E42/><V77/><F106/><W9/><G44/><T135/><D135/><U52/><E132/><V82/><F99/><W92/><G92/><T20/><D94/><N who="1" m="56407" /><E69/><V86/><REACH who="2" step="1"/><F78/><REACH who="2" ten="229,301,244,216" step="2"/><W46/><G3/><T71/><D104/><U56/><E111/><V7/><F7/><W11/><G1/><T73/><D5/><U75/><E117/><V122/><F122/><W103/><G97/><T39/><D107/><U79/><E79/><V84/><AGARI ba="0,1" hai="23,24,29,48,54,58,77,80,82,84,86,88,125,126" machi="84" ten="30,7900,0" yaku="1,1,0,1,52,1,54,1,53,0" doraHai="50" doraHaiUra="8" who="2" fromWho="2" sc="229,-20,301,-20,244,89,216,-39" /><INIT seed="4,0,0,2,1,119" ten="209,281,333,177" oya="0" hai0="44,10,30,101,52,84,50,26,107,115,61,25,68" hai1="99,127,43,93,94,28,48,66,95,37,58,79,116" hai2="131,112,72,90,128,53,86,92,75,124,55,123,88" hai3="73,60,76,9,63,13,109,38,82,1,74,3,2"/><T89/><D115/><U46/><E116/><V16/><F112/><W67/><G109/><T33/><D10/><U22/><E127/><V20/><F124/><W23/><G38/><T87/><D25/><N who="1" m="16439" /><E37/><V27/><F123/><W98/><G23/><T57/><D68/><U36/><E36/><V113/><F113/><W6/><G98/><T132/><D132/><U29/><E79/><V111/><F111/><W15/><G15/><T130/><D130/><N who="2" m="49706" /><F90/><W59/><REACH who="3" step="1"/><G63/><REACH who="3" ten="209,281,333,167" step="2"/><T125/><D125/><U96/><E29/><V135/><F135/><W7/><G7/><T108/><D108/><U49/><E48/><V47/><F55/><W39/><G39/><T56/><D107/><U51/><E49/><AGARI ba="0,1" hai="16,20,27,47,49,53,72,75,86,88,92" m="49706" machi="49" ten="30,3900,0" yaku="19,1,54,2" doraHai="119" who="2" fromWho="1" sc="209,0,281,-39,333,49,167,0" /><INIT seed="5,0,0,5,2,35" ten="209,242,382,167" oya="1" hai0="36,81,13,0,74,78,23,103,55,64,11,111,114" hai1="34,101,45,69,105,133,8,31,19,25,117,15,100" hai2="26,62,128,79,92,57,77,6,97,110,127,7,56" hai3="42,22,90,18,65,52,29,96,122,1,9,91,134"/><U48/><E117/><V123/><F110/><W80/><G122/><T104/><D111/><U76/><E133/><V73/><F123/><W68/><G134/><T40/><D114/><U4/><E69/><V28/><F128/><W121/><G121/><T72/><D64/><U10/><E105/><V135/><F135/><W66/><G42/><T112/><D112/><U67/><E76/><V120/><F127/><W54/><G68/><T82/><D23/><U53/><REACH who="1" step="1"/><E67/><REACH who="1" ten="209,232,382,167" step="2"/><V43/><F79/><W70/><G70/><T30/><D78/><U102/><E102/><V75/><F77/><W60/><G66/><T95/><D103/><U84/><E84/><V132/><F120/><W12/><G65/><T87/><D104/><U88/><E88/><V108/><F132/><W38/><G90/><T46/><D74/><U50/><E50/><V27/><F73/><W119/><G119/><T118/><D72/><U32/><E32/><V131/><F75/><W24/><G38/><T58/><D118/><U14/><AGARI ba="0,1" hai="4,8,10,14,15,19,25,31,34,45,48,53,100,101" machi="14" ten="20,3900,0" yaku="1,1,0,1,7,1,53,0" doraHai="35" doraHaiUra="83" who="1" fromWho="1" sc="209,-13,232,49,382,-13,167,-13" /><INIT seed="5,1,0,5,5,108" ten="196,281,369,154" oya="1" hai0="24,104,92,124,53,79,54,122,9,129,49,55,115" hai1="31,93,125,29,34,116,85,83,13,33,30,82,15" hai2="67,130,110,72,84,18,119,128,132,95,121,46,68" hai3="105,6,102,123,58,20,36,94,60,127,117,73,71"/><U100/><E116/><V98/><F110/><W87/><G123/><T56/><D122/><U44/><E125/><V14/><F121/><W40/><G127/><T63/><D124/><U12/><E44/><V114/><F72/><W48/><G73/><T70/><D104/><U107/><E107/><V112/><F119/><W10/><G117/><T62/><D9/><U0/><E0/><V27/><F27/><W38/><G105/><T69/><D24/><U57/><E57/><V3/><F3/><W88/><G102/><T2/><D2/><U113/><E113/><N who="2" m="43627" /><F132/><W25/><G71/><N who="0" m="27147" /><D92/><U91/><REACH who="1" step="1"/><E100/><REACH who="1" ten="196,271,369,154" step="2"/><N who="2" m="60511" /><F46/><W75/><G58/><N who="0" m="35167" /><D115/><U65/><E65/><V118/><F118/><W99/><G75/><T41/><D79/><U21/><E21/><N who="2" m="11479" /><F67/><W111/><G20/><T37/><D129/><U59/><E59/><V89/><F68/><W64/><G64/><N who="0" m="39015" /><D37/><U61/><E61/><V35/><F35/><AGARI ba="1,1" hai="12,13,15,29,30,31,33,34,35,82,83,85,91,93" machi="35" ten="50,12000,1" yaku="1,1,53,3" doraHai="108" doraHaiUra="8" who="1" fromWho="2" sc="196,0,271,133,369,-123,154,0" /><INIT seed="5,2,0,0,5,25" ten="196,404,246,154" oya="1" hai0="18,99,23,20,47,51,122,27,101,39,110,8,111" hai1="41,32,109,134,28,98,103,19,44,126,62,112,70" hai2="75,26,76,106,60,40,129,11,5,87,93,69,133" hai3="130,79,85,96,35,52,10,50,90,135,131,17,94"/><U84/><E112/><V45/><F106/><W49/><G135/><T7/><D122/><U1/><E1/><V54/><F133/><W108/><G108/><T120/><D120/><U115/><E134/><V88/><F129/><N who="3" m="49163" /><G35/><T91/><D39/><U104/><E115/><V67/><F26/><W132/><G132/><T13/><D91/><U65/><E109/><V95/><F54/><W33/><G33/><T128/><D128/><U100/><E126/><V53/><F53/><W74/><G74/><T92/><REACH who="0" step="1"/><D23/><REACH who="0" ten="186,404,246,154" step="2"/><U6/><E32/><V36/><F88/><N who="3" m="55367" /><G79/><T12/><D12/><U117/><E103/><V80/><F75/><W127/><G127/><T83/><D83/><U68/><E100/><V55/><F76/><W64/><G64/><T56/><D56/><U31/><E65/><V43/><F80/><N who="3" m="49447" /><G52/><AGARI ba="2,1" hai="7,8,13,18,20,27,47,51,52,92,99,101,110,111" machi="52" ten="30,7700,0" yaku="1,1,7,1,54,1,53,1" doraHai="25" doraHaiUra="3" who="0" fromWho="3" sc="186,93,404,0,246,0,154,-83" /><INIT seed="6,0,0,2,4,105" ten="279,404,246,71" oya="2" hai0="109,27,65,102,79,100,43,86,26,31,106,120,67" hai1="74,101,64,92,122,11,40,41,82,4,59,118,45" hai2="34,16,73,0,52,117,44,33,108,88,10,110,71" hai3="119,68,13,135,134,15,28,97,87,124,128,94,61"/><V5/><F117/><W6/><G119/><T133/><D109/><N who="2" m="42090" /><F71/><W96/><G28/><T75/><D120/><U17/><E118/><V42/><F73/><W95/><G61/><T91/><D133/><U29/><E122/><V56/><F16/><W37/><G87/><T89/><D43/><U76/><E17/><V30/><F30/><W112/><G37/><T47/><D47/><U72/><E29/><V107/><F107/><W62/><G62/><T53/><D53/><U69/><E69/><V104/><F104/><W49/><G49/><T81/><D27/><U98/><E74/><V22/><F22/><W116/><G68/><T125/><D91/><U66/><E59/><V54/><F88/><W70/><G70/><T77/><D77/><U103/><E103/><V20/><F20/><W14/><G116/><T7/><D7/><U23/><E23/><V111/><N who="2" m="42098" /><V85/><DORA hai="32" /><F85/><W39/><G6/><T25/><D25/><U126/><E101/><V21/><F21/><W19/><G19/><T48/><D102/><U18/><E72/><V113/><F113/><W3/><G112/><T9/><D100/><U123/><E18/><V90/><F90/><W58/><G58/><T127/><D106/><U83/><E76/><V24/><F24/><W35/><G97/><T93/><D9/><U114/><E114/><V132/><F132/><W8/><G96/><T84/><D75/><U46/><E4/><V50/><F54/><W1/><G134/><T38/><D31/><U57/><E98/><V12/><F12/><W121/><G135/><T78/><D79/><RYUUKYOKU ba="0,0" sc="279,-10,404,-10,246,30,71,-10" hai2="0,5,10,33,34,42,44,50,52,56" /><INIT seed="6,1,0,0,3,128" ten="269,394,276,61" oya="2" hai0="54,5,79,129,26,77,52,130,20,83,80,53,96" hai1="24,61,69,31,131,106,44,115,99,64,9,88,56" hai2="48,27,12,23,50,101,40,49,6,47,14,18,22" hai3="55,58,30,108,103,122,59,71,33,28,57,73,85"/><V100/><F6/><W63/><G73/><T84/><D5/><U4/><E131/><V81/><F81/><W111/><G122/><T13/><D13/><U39/><E115/><V91/><F91/><W109/><G103/><T95/><D129/><U126/><E126/><V75/><F75/><W120/><G120/><T1/><D130/><U117/><E117/><V98/><F12/><W67/><G33/><T121/><D1/><U35/><E56/><V116/><F116/><W7/><G7/><T127/><D127/><U93/><E106/><V105/><REACH who="2" step="1"/><F100/><REACH who="2" ten="269,394,266,61" step="2"/><W87/><REACH who="3" step="1"/><G55/><REACH who="3" ten="269,394,266,51" step="2"/><T119/><D119/><U86/><E4/><V25/><F25/><W15/><G15/><T38/><D121/><U94/><E24/><V11/><F11/><W29/><AGARI ba="1,2" hai="28,29,30,57,58,59,63,67,71,85,87,108,109,111" machi="29" ten="40,8000,1" yaku="1,1,0,1,29,2,53,0" doraHai="128" doraHaiUra="19" who="3" fromWho="3" sc="269,-21,394,-21,266,-41,51,103" /><INIT seed="7,0,0,2,0,54" ten="248,373,225,154" oya="3" hai0="47,8,114,88,43,90,41,120,89,9,72,5,124" hai1="117,123,45,29,99,81,7,51,48,31,11,55,25" hai2="126,38,56,26,10,103,67,121,116,50,104,62,1" hai3="95,84,87,86,125,118,33,13,22,58,17,74,82"/><W129/><G118/><T21/><D120/><U111/><E123/><V128/><F38/><W20/><G33/><T115/><D72/><U112/><E111/><V108/><F116/><W85/><G125/><T101/><D101/><U75/><E117/><V49/><F108/><W32/><G129/><T71/><D71/><U96/><E112/><N who="0" m="43049" /><D124/><U12/><E75/><V27/><F121/><W60/><G32/><T3/><D9/><U105/><E105/><V97/><F126/><W109/><G109/><T77/><D77/><U122/><E81/><V4/><F128/><W93/><G74/><T66/><D66/><U131/><E31/><V102/><F102/><W65/><REACH who="3" step="1"/><G22/><REACH who="3" ten="248,373,225,144" step="2"/><T34/><D34/><U135/><E131/><V61/><F61/><W6/><G6/><T15/><D21/><U36/><E7/><V110/><F110/><W76/><AGARI ba="0,1" hai="13,17,20,58,60,65,76,82,84,85,86,87,93,95" machi="76" ten="30,11700,0" yaku="1,1,0,1,8,1,52,1,53,0" doraHai="54" doraHaiUra="0" who="3" fromWho="3" sc="248,-39,373,-39,225,-39,144,127" /><INIT seed="7,1,0,3,4,6" ten="209,334,186,271" oya="3" hai0="116,113,9,31,25,133,35,130,36,110,81,84,10" hai1="45,124,105,28,50,12,101,57,77,51,118,55,126" hai2="127,134,20,123,59,102,68,121,23,86,92,76,96" hai3="89,16,43,74,63,125,22,7,109,13,53,33,42"/><W100/><G74/><T61/><D116/><U114/><E118/><V62/><F68/><W99/><G33/><T73/><D110/><U3/><E3/><V1/><F1/><W91/><G109/><T24/><D133/><U95/><E105/><V5/><F134/><W108/><G125/><N who="1" m="48234" /><E114/><V38/><F127/><W19/><G108/><T135/><D135/><U2/><E2/><V115/><F38/><W79/><G79/><T71/><D113/><U18/><E77/><V54/><F115/><W87/><G7/><T29/><D73/><U106/><E106/><V107/><F5/><W65/><G53/><T0/><D0/><U132/><E28/><V52/><F54/><W8/><G100/><T26/><D130/><U21/><E132/><V11/><F11/><W117/><G91/><T70/><D36/><U93/><E101/><V49/><F62/><W44/><G99/><T111/><D26/><U129/><E129/><V131/><F131/><W34/><G44/><T104/><D104/><U128/><E128/><V80/><REACH who="2" step="1"/><F107/><REACH who="2" ten="209,334,176,271" step="2"/><W69/><G69/><T122/><D111/><U27/><E50/><V66/><F66/><W64/><G65/><T119/><D122/><AGARI ba="1,1" hai="20,23,49,52,59,76,80,86,92,96,102,121,122,123" machi="122" ten="40,5200,0" yaku="1,1,13,1,54,1,53,0" doraHai="6" doraHaiUra="41" who="2" fromWho="0" sc="209,-55,334,0,176,65,271,0" owari="154,-34.6,334,43.4,241,-15.9,271,7.1" /></mjloggm>