<mjloggm ver="2.3"><GO type="169" lobby="0"/><UN n0="%73%79%6C%76%65%6F%6E" n1="%E3%81%82%E3%81%84%E3%81%93%E3%81%99" n2="%E5%B3%B6%E7%94%B0%E7%9C%9F%E5%A4%A2" n3="%E3%82%BC%E3%83%B3%E3%83%84%E5%9E%8B%50" dan="16,16,16,16" rate="2121.66,2135.06,2147.15,2150.92" sx="M,M,F,M"/><TAIKYOKU oya="0"/><INIT seed="0,0,0,0,2,79" ten="250,250,250,250" oya="0" hai0="16,82,25,109,102,86,50,84,11,134,14,57,54" hai1="66,27,117,132,20,107,65,121,70,127,36,130,95" hai2="53,49,118,23,103,73,74,42,77,69,81,122,5" hai3="72,105,99,15,6,96,93,17,10,101,123,128,35"/><T60/><D134/><U68/><E107/><V21/><F122/><W106/><G123/><T75/><D109/><U116/><E95/><V41/><F69/><W52/><G128/><T38/><D38/><U29/><E121/><V4/><F118/><W90/><G72/><T31/><D102/><U0/><E0/><V56/><F103/><W108/><G108/><T32/><D75/><U112/><E20/><V110/><F110/><W126/><G126/><T33/><D86/><U37/><E27/><V124/><F124/><W80/><G35/><T7/><D33/><U1/><E1/><V61/><F74/><W59/><G106/><T34/><D34/><U97/><E97/><V76/><F76/><W94/><G105/><T63/><REACH who="0" step="1"/><D7/><REACH who="0" ten="240,250,250,250" step="2"/><U58/><E132/><V22/><F4/><W71/><G6/><T30/><D30/><U135/><E29/><V131/><F5/><W111/><G111/><T85/><D85/><U133/><E127/><V62/><F131/><W113/><G113/><T39/><D39/><U104/><E104/><V64/><REACH who="2" step="1"/><F61/><REACH who="2" ten="240,250,240,250" step="2"/><N who="3" m="36071" /><G71/><T119/><D119/><U18/><E130/><V13/><F13/><W47/><G101/><T129/><D129/><U120/><E120/><V43/><F43/><W9/><G15/><T78/><AGARI ba="0,2" hai="11,14,16,25,31,32,50,54,57,60,63,78,82,84" machi="78" ten="20,18000,2" yaku="1,1,0,1,7,1,52,1,54,1,53,1" doraHai="79" doraHaiUra="8" who="0" fromWho="0" sc="240,200,250,-60,240,-60,250,-60" /><INIT seed="0,1,0,2,5,63" ten="440,190,180,190" oya="0" hai0="131,122,89,20,48,64,86,113,87,46,108,100,94" hai1="110,80,3,28,84,6,77,18,1,44,7,24,19" hai2="61,10,40,56,116,121,0,33,26,76,49,109,115" hai3="106,57,117,8,107,98,128,59,132,68,130,71,101"/><T112/><D122/><U12/><E110/><V32/><F121/><W62/><G117/><T134/><D134/><U45/><E1/><V70/><F115/><W102/><G8/><T83/><D131/><N who="3" m="50217" /><G132/><T120/><D120/><U22/><E19/><V25/><F109/><W92/><G92/><T42/><D108/><U104/><E104/><N who="3" m="39978" /><G98/><T43/><D43/><U41/><E3/><V72/><F10/><W34/><G34/><T74/><D74/><U103/><E103/><N who="3" m="39434" /><G62/><T93/><D100/><U37/><E45/><V88/><F32/><AGARI ba="1,0" hai="6,7,12,18,22,24,28,32,37,41,44,77,80,84" machi="32" ten="30,1000,0" yaku="7,1" doraHai="63" who="1" fromWho="2" sc="440,0,190,13,180,-13,190,0" /><INIT seed="1,0,0,3,4,127" ten="440,203,167,190" oya="1" hai0="124,67,111,33,108,130,12,107,104,60,1,85,49" hai1="38,10,82,16,47,9,71,3,22,14,56,110,5" hai2="102,117,34,13,6,29,105,89,87,113,19,92,99" hai3="88,28,119,21,2,78,30,129,36,46,25,135,133"/><U61/><E110/><V112/><F117/><W69/><G119/><T80/><D1/><U63/><E71/><V17/><F6/><W27/><G2/><T94/><D33/><U64/><E63/><V93/><F19/><W103/><G69/><T24/><D124/><U59/><E82/><V123/><F123/><W91/><G78/><T75/><D75/><U95/><E59/><V73/><F73/><W101/><G46/><T114/><D114/><U4/><E95/><V115/><F29/><W58/><G58/><T106/><D94/><U55/><E55/><V84/><F34/><W40/><G40/><T96/><D96/><U65/><E65/><V98/><REACH who="2" step="1"/><F105/><REACH who="2" ten="440,203,157,190" step="2"/><W54/><G21/><AGARI ba="0,1" hai="13,17,21,84,87,89,92,93,98,99,102,112,113,115" machi="21" ten="40,5200,0" yaku="1,1,2,1,11,1,53,0" doraHai="127" doraHaiUra="48" who="2" fromWho="3" sc="440,0,203,0,157,62,190,-52" /><INIT seed="2,0,0,2,5,5" ten="440,203,219,138" oya="2" hai0="64,57,84,76,47,66,81,3,91,22,106,124,118" hai1="80,61,21,129,94,46,100,74,28,105,73,116,133" hai2="93,67,97,126,110,14,54,131,50,88,90,11,2" hai3="77,123,98,1,19,125,34,27,16,111,113,128,20"/><V87/><F131/><W96/><G123/><T42/><D106/><U104/><E116/><V120/><F120/><W48/><G111/><T23/><D118/><U99/><E129/><V130/><F130/><W107/><G128/><T115/><D115/><U85/><E46/><V26/><F126/><W119/><G119/><T69/><D69/><U51/><E51/><V32/><F67/><W30/><G113/><T82/><D3/><U36/><E36/><V70/><F70/><W58/><G125/><T117/><D124/><U10/><E61/><V45/><F2/><W49/><G1/><T134/><D134/><U25/><E133/><V108/><F26/><W83/><G19/><T60/><D66/><U56/><E56/><V24/><F24/><W6/><G6/><T41/><D41/><U59/><E59/><V112/><F32/><W75/><G107/><T78/><D91/><U63/><E63/><V122/><F122/><W62/><G48/><T13/><D13/><U53/><E53/><V79/><F79/><W65/><REACH who="3" step="1"/><G49/><REACH who="3" ten="440,203,219,128" step="2"/><T40/><D117/><U43/><E105/><V52/><F112/><W92/><G92/><T86/><D42/><U9/><E43/><N who="2" m="24895" /><F110/><W12/><AGARI ba="0,1" hai="12,16,20,27,30,34,58,62,65,75,77,83,96,98" machi="12" ten="20,5200,0" yaku="1,1,0,1,7,1,54,1,53,0" doraHai="5" doraHaiUra="38" who="3" fromWho="3" sc="440,-13,203,-13,219,-26,128,62" /><INIT seed="3,0,0,5,3,101" ten="427,190,193,190" oya="3" hai0="118,6,100,64,10,7,33,57,115,133,27,16,41" hai1="18,94,130,67,113,35,97,43,32,70,36,98,103" hai2="11,73,44,135,5,53,96,72,104,76,85,122,61" hai3="4,50,75,110,114,71,74,123,2,48,45,90,49"/><W21/><G123/><T80/><D118/><U20/><E113/><V120/><F122/><W56/><G114/><T66/><D115/><U52/><E130/><V17/><F135/><W65/><G71/><T127/><D127/><U60/><E43/><V124/><F124/><W25/><G110/><T22/><D133/><U34/><E36/><V109/><F109/><W54/><G65/><T102/><D33/><U121/><E121/><V131/><F131/><W129/><G129/><T128/><D128/><U69/><E98/><V99/><F17/><W105/><G105/><T24/><D41/><U58/><REACH who="1" step="1"/><E67/><REACH who="1" ten="427,180,193,190" step="2"/><V37/><F37/><W95/><G45/><T83/><D66/><U30/><E30/><V134/><F99/><W88/><G75/><T19/><D64/><U13/><AGARI ba="0,1" hai="13,18,20,32,34,35,52,58,60,69,70,94,97,103" machi="13" ten="30,4000,0" yaku="1,1,0,1,54,1,53,0" doraHai="101" doraHaiUra="0" who="1" fromWho="1" sc="427,-10,180,50,193,-10,190,-20" /><INIT seed="4,0,0,1,2,33" ten="417,230,183,170" oya="0" hai0="128,21,50,58,106,68,48,97,2,133,34,38,71" hai1="85,26,83,59,37,113,53,84,121,3,119,91,122" hai2="76,104,54,131,41,62,79,55,69,102,30,107,81" hai3="105,45,78,125,60,6,75,117,82,24,135,18,5"/><T42/><D34/><U9/><E119/><V43/><F131/><W13/><G117/><T10/><D21/><U96/><E96/><V4/><F30/><W111/><G111/><T95/><D106/><U124/><E37/><V89/><F89/><W40/><G135/><T103/><D128/><U20/><E124/><V116/><F116/><W0/><G125/><T44/><D133/><U73/><E73/><V129/><F129/><W134/><G134/><T28/><D28/><U126/><E85/><V11/><F69/><W101/><G24/><T56/><D68/><U100/><E100/><V92/><F92/><W12/><G60/><T15/><D2/><U49/><E113/><V88/><F102/><W67/><G67/><T65/><D71/><U35/><E35/><V110/><F110/><W27/><G27/><T19/><D65/><U32/><E32/><V130/><F130/><W118/><G118/><T17/><D17/><U63/><E63/><V109/><F109/><W51/><G18/><T46/><REACH who="0" step="1"/><D38/><REACH who="0" ten="407,230,183,170" step="2"/><U14/><E126/><V47/><F107/><W98/><REACH who="3" step="1"/><G6/><REACH who="3" ten="407,230,183,160" step="2"/><T120/><D120/><U39/><E122/><V127/><F4/><W112/><G112/><T61/><D61/><U115/><E121/><V93/><F62/><W90/><G90/><T29/><D29/><U1/><E115/><V7/><F88/><W99/><G99/><T123/><D123/><U80/><E91/><V114/><F7/><W25/><G25/><T16/><D16/><U66/><E26/><V87/><F127/><W70/><G70/><T72/><D72/><U94/><E9/><AGARI ba="0,2" hai="0,5,9,12,13,40,45,51,75,78,82,98,101,105" machi="9" ten="40,8000,1" yaku="1,1,6,1,52,1,53,1" doraHai="33" doraHaiUra="77" who="3" fromWho="1" sc="407,0,230,-80,183,0,160,100" /><INIT seed="5,0,0,2,2,1" ten="407,150,183,260" oya="1" hai0="15,120,24,106,127,109,6,118,89,107,79,80,85" hai1="97,129,123,91,41,116,113,82,47,27,25,17,121" hai2="58,34,117,54,77,56,36,122,131,66,55,126,51" hai3="112,52,105,88,111,78,73,87,71,128,28,108,95"/><U9/><E116/><V133/><F122/><W2/><G71/><T31/><D109/><U29/><E129/><V125/><F117/><W26/><G105/><T42/><D118/><U64/><E113/><V104/><F104/><W96/><G112/><T103/><D120/><U68/><E64/><V30/><F30/><W99/><G128/><T94/><D127/><N who="2" m="48650" /><F77/><W98/><G2/><T53/><D42/><U70/><E123/><V93/><F93/><W48/><G73/><T86/><D103/><U49/><E121/><V63/><F34/><W7/><G7/><T81/><D53/><U75/><E97/><V22/><F22/><W124/><G78/><T21/><D6/><U65/><E65/><V43/><F131/><W12/><G12/><T119/><D119/><U59/><E70/><N who="2" m="42335" /><F133/><W0/><G0/><T44/><D107/><U62/><E68/><V10/><F10/><W46/><REACH who="3" step="1"/><G124/><REACH who="3" ten="407,150,183,250" step="2"/><T101/><D106/><U4/><E75/><V60/><F36/><W40/><G40/><AGARI ba="0,1" hai="40,43,51,54,55,56,58,60" m="42335,48650" machi="40" ten="30,3900,0" yaku="18,1,34,2" doraHai="1" who="2" fromWho="3" sc="407,0,150,0,183,49,250,-39" /><INIT seed="6,0,0,5,1,115" ten="407,150,232,211" oya="2" hai0="27,44,97,104,50,34,54,103,61,49,39,123,80" hai1="71,105,99,20,43,109,91,72,126,62,83,16,57" hai2="133,79,127,10,116,18,67,31,70,14,1,33,73" hai3="128,41,131,84,82,25,12,32,122,76,65,24,69"/><V11/><F133/><W58/><G122/><T4/><D123/><U118/><E109/><V93/><F127/><W0/><G0/><T112/><D112/><U30/><E126/><V75/><F79/><W9/><G69/><T53/><D39/><U28/><E71/><V94/><F33/><W15/><G41/><T51/><D4/><U81/><E43/><V78/><F31/><W106/><G106/><T42/><D61/><U52/><E118/><V2/><F78/><W6/><G15/><T89/><D54/><U60/><E60/><V8/><F70/><W111/><G111/><T98/><D80/><N who="1" m="30795" /><E105/><V130/><F67/><W63/><REACH who="3" step="1"/><G32/><REACH who="3" ten="407,150,232,201" step="2"/><T88/><D34/><U7/><E72/><V87/><F75/><W120/><G120/><T36/><D42/><U86/><E7/><V95/><F73/><W21/><G21/><T23/><D23/><U96/><E86/><V66/><F87/><W29/><G29/><N who="1" m="11370" /><E91/><V90/><F90/><W64/><G64/><T100/><D88/><U92/><E92/><V56/><F2/><W17/><G17/><T107/><D89/><U59/><E59/><V45/><F1/><W46/><G46/><T35/><D36/><U77/><E77/><V135/><F45/><W114/><G114/><T85/><D85/><U47/><E47/><V26/><F56/><W68/><G68/><T117/><D35/><U40/><E40/><V19/><F66/><W113/><G113/><T110/><D110/><U5/><E5/><V38/><F38/><W108/><G108/><T13/><D107/><U74/><E74/><V101/><F95/><RYUUKYOKU ba="0,1" sc="407,-15,150,15,232,-15,201,15" hai1="16,20,52,57,62,96,99" hai3="6,9,12,24,25,58,63,65,76,82,84,128,131" /><INIT seed="7,1,1,4,1,110" ten="392,165,217,216" oya="3" hai0="108,95,20,5,11,89,115,131,91,94,30,59,114" hai1="124,2,32,97,27,36,111,54,49,10,18,88,74" hai2="123,23,129,98,63,46,15,107,69,119,92,117,77" hai3="61,28,42,86,130,33,29,70,57,87,96,21,75"/><W38/><G75/><T127/><D108/><U68/><E111/><V125/><F123/><W51/><G70/><T72/><D72/><U80/><E124/><V40/><F125/><W116/><G38/><T113/><D127/><U1/><E36/><V43/><F107/><W14/><G130/><T122/><D131/><U73/><E68/><V128/><F77/><W4/><G33/><T55/><D122/><U52/><E54/><V65/><F129/><W104/><G116/><T105/><D105/><U8/><E74/><V16/><F40/><W103/><G51/><N who="0" m="31231" /><D30/><U17/><E73/><V44/><F128/><W39/><G39/><T132/><D20/><N who="1" m="13711" /><E32/><V60/><F60/><W7/><G42/><T6/><D132/><U3/><E3/><V67/><F67/><W13/><G29/><T12/><D6/><U58/><E1/><V35/><F35/><W26/><G4/><T112/><D112/><U56/><E2/><V22/><F43/><W106/><G106/><T45/><D45/><N who="1" m="27695" /><E8/><V76/><F119/><W133/><G133/><T25/><D25/><U64/><E64/><V85/><F65/><W126/><G126/><T62/><D62/><U79/><E79/><V84/><F76/><W83/><G7/><T101/><D95/><N who="1" m="56551" /><E80/><V50/><F117/><W9/><G9/><T78/><D78/><U53/><E53/><V66/><F66/><N who="3" m="39215" /><G83/><T109/><D109/><U41/><E41/><V81/><F81/><W82/><G82/><T0/><D0/><U118/><E118/><V100/><F69/><W48/><G48/><T120/><D120/><U134/><E134/><RYUUKYOKU ba="1,1" sc="392,10,165,10,217,-30,216,10" hai0="5,11,12,89,91,94,101,113,114,115" hai1="10,18,56,58" hai3="13,14,21,26,28,86,87,96,103,104" /><INIT seed="7,2,1,3,3,24" ten="402,175,187,226" oya="3" hai0="81,10,113,126,36,59,58,33,79,32,77,114,49" hai1="71,92,103,80,3,52,119,42,100,107,22,74,96" hai2="37,67,97,53,13,112,48,38,133,122,31,20,50" hai3="120,35,62,0,69,30,41,115,68,93,101,135,28"/><W116/><G116/><T14/><D36/><U7/><E119/><V131/><F122/><W46/><G120/><T6/><D126/><U128/><E71/><V83/><F112/><N who="0" m="43114" /><D49/><U98/><E128/><V123/><F131/><W110/><G115/><T121/><D121/><U65/><E65/><V2/><F123/><W125/><G0/><T4/><D4/><U44/><E7/><V23/><F48/><W29/><G35/><N who="0" m="13387" /><D79/><U129/><E3/><V87/><F50/><W39/><G135/><T89/><D89/><U86/><E129/><V105/><F38/><W134/><G125/><T57/><D59/><U18/><E52/><V26/><F37/><W1/><G1/><T16/><D16/><U34/><E34/><V88/><F53/><W70/><G110/><T21/><D21/><U111/><E111/><V27/><F133/><W118/><G118/><T66/><D66/><U8/><E8/><V17/><F67/><W25/><G134/><T75/><AGARI ba="2,1" hai="6,10,14,57,58,75,77,81" m="13387,43114" machi="75" ten="30,2000,0" yaku="15,1,11,1" doraHai="24" who="0" fromWho="0" sc="402,36,175,-7,187,-7,226,-12" owari="438,53.8,168,-33.2,180,-22.0,214,1.4" /></mjloggm>