<mjloggm ver="2.3"><GO type="169" lobby="0"/><UN n0="%E7%99%BD%E3%81%AE%E7%A9%BA" n1="%6E%6F%73%75%6B%65" n2="%E5%A4%9A%E6%91%A9%E3%82%BD%E3%83%BC%E3%82%B8" n3="%E7%8B%82%E3%81%A3%E3%81%9F%E9%B7%B9" dan="17,17,17,16" rate="2151.24,2177.13,2219.28,2116.16" sx="M,M,M,M"/><TAIKYOKU oya="0"/><INIT seed="0,0,0,5,2,134" ten="250,250,250,250" oya="0" hai0="132,6,91,43,50,3,97,125,117,27,58,122,13" hai1="78,47,54,114,85,29,111,86,65,80,35,84,18" hai2="93,16,99,44,12,102,49,98,52,119,135,110,75" hai3="48,8,82,128,130,9,109,106,64,28,66,68,0"/><T34/><D122/><U37/><E111/><V72/><F110/><W118/><G109/><T77/><D117/><U19/><E114/><V1/><F135/><W87/><G106/><T38/><D132/><U56/><E65/><V25/><F1/><W32/><G48/><T61/><D3/><U20/><E35/><V105/><F25/><W4/><G9/><N who="0" m="4279" /><D38/><U39/><E29/><V14/><F14/><W96/><G68/><T21/><D34/><U41/><E39/><V92/><F119/><W17/><G96/><T26/><D77/><U60/><REACH who="1" step="1"/><E20/><REACH who="1" ten="250,240,250,250" step="2"/><V108/><F108/><W83/><G32/><T69/><D21/><U67/><E67/><V90/><REACH who="2" step="1"/><F105/><REACH who="2" ten="250,240,240,250" step="2"/><W81/><G118/><T15/><D27/><U53/><E53/><V51/><F51/><W24/><G24/><T131/><D26/><U11/><E11/><AGARI ba="0,2" hai="11,12,16,44,49,52,72,75,90,92,93,98,99,102" machi="11" ten="30,8000,1" yaku="1,1,7,1,54,2,53,1" doraHai="134" doraHaiUra="10" who="2" fromWho="1" sc="250,0,240,-80,240,100,250,0" /><INIT seed="1,0,0,1,2,73" ten="250,160,340,250" oya="1" hai0="101,100,103,19,99,5,45,79,93,108,52,71,110" hai1="130,12,27,31,17,1,121,4,70,24,98,122,41" hai2="7,94,104,127,20,50,119,95,86,16,28,48,97" hai3="116,2,109,36,75,126,128,96,11,49,134,87,131"/><U25/><E70/><V33/><F119/><W66/><G36/><T29/><D71/><U15/><E41/><V9/><F127/><W3/><G75/><T112/><D112/><U22/><E98/><V102/><F28/><W56/><G116/><T43/><D5/><U80/><E80/><V51/><F33/><W65/><G109/><N who="0" m="42091" /><D29/><U74/><E74/><V92/><F7/><W85/><G49/><N who="0" m="28719" /><D43/><U82/><E82/><V118/><F9/><W46/><G46/><T14/><D79/><U59/><E59/><V129/><F129/><W57/><G126/><T64/><D64/><U76/><E76/><V114/><F118/><W69/><G69/><T62/><D62/><U55/><E55/><V84/><REACH who="2" step="1"/><F114/><REACH who="2" ten="250,160,330,250" step="2"/><W58/><G131/><T91/><D103/><U111/><E130/><V105/><F105/><W117/><G128/><T88/><D101/><U39/><E31/><V13/><AGARI ba="0,1" hai="13,16,20,48,50,51,84,86,92,94,95,97,102,104" machi="13" ten="30,4000,0" yaku="1,1,0,1,54,1,53,0" doraHai="73" doraHaiUra="67" who="2" fromWho="2" sc="250,-10,160,-20,330,50,250,-10" /><INIT seed="2,0,0,3,0,129" ten="240,140,380,240" oya="2" hai0="30,44,90,73,63,114,22,64,61,10,134,17,59" hai1="70,29,14,80,21,62,99,1,120,124,76,97,20" hai2="123,38,57,2,79,100,27,8,119,125,13,58,49" hai3="7,25,11,111,18,5,88,109,9,46,95,39,133"/><V52/><F119/><W132/><G25/><T41/><D114/><U82/><E1/><V118/><F118/><W98/><G18/><T34/><D73/><U81/><E124/><V56/><F123/><W103/><G103/><T72/><D72/><U24/><E120/><V36/><F2/><N who="3" m="183" /><G46/><T77/><D10/><U42/><E42/><V117/><F117/><W6/><G6/><T55/><D77/><U32/><E76/><V102/><F125/><W23/><G23/><T104/><D104/><U45/><E45/><V101/><F79/><W122/><G39/><T47/><D41/><U48/><E48/><V112/><F112/><W86/><G86/><T116/><D116/><U91/><E91/><V121/><F121/><W66/><G66/><T54/><D90/><U60/><E70/><V115/><F115/><W16/><G16/><T50/><D17/><N who="1" m="10295" /><E32/><V126/><F126/><W92/><G92/><T28/><D34/><U131/><E131/><V105/><F105/><W87/><G87/><T106/><D106/><U130/><E130/><V78/><F78/><W71/><G71/><T19/><D47/><U69/><E69/><V37/><REACH who="2" step="1"/><F27/><REACH who="2" ten="240,140,370,240" step="2"/><W74/><G122/><T135/><D28/><U3/><E3/><V127/><F127/><W15/><G74/><T89/><D30/><U75/><E75/><V85/><F85/><W35/><G35/><T43/><D19/><AGARI ba="0,1" hai="8,13,19,36,37,38,49,52,56,57,58,100,101,102" machi="19" ten="50,9600,0" yaku="1,1,54,1,53,1" doraHai="129" doraHaiUra="4" who="2" fromWho="0" sc="240,-96,140,0,370,106,240,0" /><INIT seed="2,1,0,0,0,90" ten="144,140,476,240" oya="2" hai0="66,52,27,58,0,11,57,118,20,55,95,129,72" hai1="89,45,62,38,53,114,34,120,94,51,42,116,127" hai2="70,132,134,111,110,64,67,32,61,93,21,100,8" hai3="130,88,109,85,15,126,23,26,125,113,105,102,98"/><V49/><F32/><W22/><G109/><N who="2" m="41481" /><F21/><W65/><G130/><T56/><D129/><U41/><E127/><N who="3" m="48650" /><G113/><T1/><D72/><U107/><E114/><V17/><F64/><W79/><G79/><T29/><D118/><U82/><E107/><V19/><F49/><W31/><G65/><T6/><D66/><U86/><E116/><V46/><F46/><W36/><G36/><T28/><D0/><U133/><E133/><N who="2" m="51307" /><F8/><W14/><G23/><T33/><D33/><U108/><E120/><V63/><F63/><W124/><G124/><T4/><D4/><U44/><E108/><V73/><F73/><W48/><G48/><T123/><D123/><U25/><E62/><V81/><F81/><AGARI ba="1,0" hai="14,15,22,26,31,81,85,88,98,102,105" m="48650" machi="81" ten="30,2000,0" yaku="18,1,54,1" doraHai="90" who="3" fromWho="2" sc="144,0,140,0,476,-23,240,23" /><INIT seed="3,0,0,5,0,48" ten="144,140,453,263" oya="3" hai0="122,65,107,111,98,52,44,45,15,2,81,35,71" hai1="29,100,119,41,23,0,26,63,66,1,47,67,132" hai2="74,135,89,116,43,76,99,34,50,55,105,121,123" hai3="106,90,86,37,134,128,30,103,24,69,3,78,22"/><W68/><G128/><T11/><D2/><U109/><E109/><V5/><F116/><W58/><G134/><T101/><D122/><N who="2" m="46602" /><F135/><W133/><G133/><T6/><D111/><U96/><E132/><V127/><F34/><W82/><G37/><T31/><D81/><U4/><E119/><V125/><F43/><W97/><G3/><T70/><D65/><U59/><E67/><V80/><F5/><W85/><REACH who="3" step="1"/><G58/><REACH who="3" ten="144,140,453,253" step="2"/><T38/><D38/><U56/><E59/><V108/><F108/><W104/><G104/><T12/><D71/><U9/><E1/><V39/><F39/><W131/><G131/><T93/><D70/><U25/><E56/><N who="2" m="32887" /><F105/><W115/><G115/><T95/><D107/><U129/><E0/><V94/><AGARI ba="0,1" hai="74,76,80,89,94,99,125,127" m="32887,46602" machi="94" ten="30,2000,0" yaku="13,1,52,1" doraHai="48" who="2" fromWho="2" sc="144,-5,140,-5,453,30,253,-10" /><INIT seed="4,0,0,2,2,116" ten="139,135,483,243" oya="0" hai0="43,104,14,9,84,30,129,8,130,61,110,19,90" hai1="59,10,15,87,5,122,13,88,127,44,52,60,76" hai2="102,70,121,50,36,93,74,24,32,94,83,26,63" hai3="80,97,135,48,35,89,37,31,40,86,11,3,27"/><T73/><D73/><U72/><E127/><V106/><F36/><W22/><G135/><T128/><D104/><U100/><E100/><V45/><F121/><W82/><G37/><T33/><D110/><U71/><E122/><V53/><F74/><W55/><G35/><T62/><D43/><U39/><E71/><V120/><F120/><W34/><G34/><T69/><D69/><U119/><E119/><V7/><F7/><W68/><G68/><T51/><D51/><U38/><E44/><V0/><F0/><W17/><G97/><T54/><D54/><U117/><E117/><V42/><F83/><W75/><G40/><T91/><D8/><U66/><E66/><N who="2" m="41311" /><F24/><W4/><G75/><T92/><REACH who="0" step="1"/><D91/><REACH who="0" ten="129,135,483,243" step="2"/><U124/><E124/><V108/><F108/><W126/><G89/><T47/><D47/><U1/><E72/><V77/><F42/><W20/><G55/><T29/><D29/><U18/><E76/><V79/><F79/><W23/><G48/><T118/><D118/><U101/><E101/><V113/><F77/><W131/><G31/><T12/><D12/><U25/><E25/><AGARI ba="0,1" hai="9,14,19,25,30,33,61,62,84,90,92,128,129,130" machi="25" ten="40,3900,0" yaku="1,1,19,1,53,0" doraHai="116" doraHaiUra="16" who="0" fromWho="1" sc="129,49,135,-39,483,0,243,0" /><INIT seed="4,1,0,4,2,94" ten="178,96,483,243" oya="0" hai0="135,127,38,20,118,46,27,110,34,65,106,88,26" hai1="131,35,61,128,85,30,116,133,55,120,109,60,123" hai2="17,15,75,132,56,107,48,73,81,49,115,64,51" hai3="67,91,5,6,44,19,32,111,14,3,57,66,105"/><T53/><D118/><U117/><E85/><V4/><F115/><W83/><G111/><T54/><D110/><U82/><E82/><V59/><F107/><W101/><G32/><T33/><D106/><U104/><E104/><V69/><F4/><W129/><G3/><T113/><D113/><U62/><E109/><V71/><F132/><W92/><G105/><T78/><D135/><U114/><E133/><V43/><F43/><W52/><G44/><T0/><D0/><U134/><E134/><V126/><F126/><W28/><G101/><T63/><D78/><U98/><E98/><V1/><F1/><W37/><G28/><T24/><D127/><U72/><E72/><V124/><F124/><W45/><G83/><T100/><D100/><U76/><E76/><V18/><F81/><W16/><G45/><T10/><D10/><U8/><E8/><V40/><F40/><W68/><G37/><T79/><D79/><U47/><E114/><V99/><F64/><N who="3" m="24619" /><G68/><N who="2" m="26185" /><F99/><N who="3" m="57759" /><G129/><N who="1" m="49738" /><E30/><V25/><F25/><W41/><G41/><N who="0" m="22839" /><D33/><U108/><E35/><V21/><F21/><N who="3" m="11415" /><G19/><N who="2" m="7177" /><F15/><W96/><G96/><T13/><D34/><U39/><E108/><V58/><AGARI ba="1,0" hai="48,49,51,56,58,59,73,75" m="7177,26185" machi="58" ten="40,2700,0" yaku="28,2" doraHai="94" who="2" fromWho="2" sc="178,-14,96,-8,483,30,243,-8" /><INIT seed="5,0,0,0,4,88" ten="164,88,513,235" oya="1" hai0="80,68,102,78,110,76,1,97,2,114,39,33,69" hai1="19,133,92,42,107,32,82,64,10,94,11,79,63" hai2="40,104,20,130,15,4,13,129,67,122,24,65,113" hai3="35,84,43,98,66,116,101,58,83,105,132,57,47"/><U121/><E121/><V128/><F122/><W52/><G35/><T112/><D110/><U75/><E107/><V81/><F113/><N who="0" m="43626" /><D39/><U5/><E32/><V21/><F104/><W3/><G3/><N who="0" m="1035" /><D33/><U118/><E118/><V77/><F40/><W117/><G132/><T31/><D31/><U50/><E133/><V14/><F4/><W22/><G66/><N who="2" m="25097" /><F24/><W85/><G58/><T30/><D30/><U91/><E5/><V100/><F100/><W90/><G84/><AGARI ba="0,0" hai="13,14,15,20,21,77,81,84,128,129,130" m="25097" machi="84" ten="40,1300,0" yaku="19,1" doraHai="88" who="2" fromWho="3" sc="164,0,88,0,513,13,235,-13" /><INIT seed="6,0,0,0,5,75" ten="164,88,526,222" oya="2" hai0="132,71,102,113,110,2,101,133,44,14,68,78,42" hai1="25,67,51,65,88,17,97,86,92,7,82,107,38" hai2="27,108,123,11,125,83,29,116,31,10,52,36,117" hai3="33,121,59,126,99,94,77,57,103,15,20,24,43"/><V3/><F123/><W58/><G121/><T100/><D110/><U61/><E38/><V13/><F36/><W85/><G126/><T98/><D2/><U6/><E107/><V72/><F125/><W96/><G33/><T49/><D113/><U19/><E51/><V16/><F108/><W80/><G43/><T21/><D98/><U76/><E67/><V93/><F93/><W22/><G15/><T56/><D56/><U91/><E91/><V46/><F31/><W64/><G99/><T18/><REACH who="0" step="1"/><D78/><REACH who="0" ten="154,88,526,222" step="2"/><U134/><E134/><AGARI ba="0,1" hai="14,18,21,42,44,49,68,71,100,101,102,132,133,134" machi="134" ten="40,5200,0" yaku="1,1,2,1,20,1,53,0" doraHai="75" doraHaiUra="4" who="0" fromWho="1" sc="154,62,88,-52,526,0,222,0" /><INIT seed="7,0,0,4,4,75" ten="216,36,526,222" oya="3" hai0="51,17,63,18,87,104,38,25,100,73,11,72,55" hai1="5,20,74,109,124,36,99,93,52,10,64,46,83" hai2="134,94,80,1,58,133,24,113,60,68,22,27,6" hai3="30,114,49,15,127,70,48,128,97,3,116,69,96"/><W123/><G3/><T98/><D38/><U56/><E109/><V32/><F68/><N who="3" m="26219" /><G30/><T76/><D63/><U19/><E124/><V118/><F94/><W111/><G15/><T9/><D87/><U7/><E64/><V102/><F102/><W40/><G116/><T110/><D110/><U66/><E66/><V115/><F118/><W130/><G123/><T23/><D76/><U54/><E36/><V108/><F108/><W26/><G26/><T62/><D62/><U106/><E106/><V119/><F119/><W33/><G33/><T21/><D72/><U0/><E7/><V57/><F32/><W132/><G111/><T101/><D101/><U67/><E67/><V53/><F6/><W71/><N who="3" m="26227" /><W44/><DORA hai="16" /><G114/><T2/><D73/><U135/><E135/><N who="2" m="51723" /><F1/><W105/><G132/><T35/><D35/><U121/><E121/><V117/><F117/><W61/><G127/><T37/><D37/><U86/><E74/><V82/><F115/><W59/><G105/><T12/><D2/><U13/><E46/><AGARI ba="0,0" hai="9,11,12,17,18,21,23,25,46,51,55,98,100,104" machi="46" ten="30,3900,0" yaku="7,1,52,2" doraHai="75,16" who="0" fromWho="1" sc="216,39,36,-39,526,0,222,0" owari="255,5.5,-3,-50.3,526,62.6,222,-17.8" /></mjloggm>