<mjloggm ver="2.3"><GO type="169" lobby="0"/><UN n0="%E4%B9%9D%E5%B0%BE%E3%81%AE%E3%83%8D%E3%82%B3" n1="%E3%81%93%E3%82%8D%E3%81%86%E3%81%BE%E3%82%8B" n2="%E6%9C%AA%E6%9D%A5%E5%B0%91%E5%B9%B4" n3="%E5%A5%94%E4%BB%94" dan="16,16,16,17" rate="2052.28,2044.55,2153.83,2230.57" sx="M,M,F,M"/><TAIKYOKU oya="0"/><INIT seed="0,0,0,4,0,105" ten="250,250,250,250" oya="0" hai0="23,41,119,117,40,31,0,39,102,123,22,32,95" hai1="48,87,2,75,124,36,14,67,61,21,49,118,5" hai2="62,45,78,11,106,77,110,58,111,113,27,1,100" hai3="15,94,63,71,84,126,72,60,80,28,79,69,101"/><T65/><D123/><U114/><E118/><V10/><F113/><W42/><G126/><T19/><D0/><U50/><E36/><V54/><F106/><W83/><G42/><T89/><D32/><U3/><E114/><V82/><F100/><W43/><G43/><T127/><D127/><U76/><E124/><V81/><F27/><W120/><G28/><T6/><D6/><U59/><E87/><V64/><F1/><W129/><G129/><T66/><D102/><U107/><E107/><V88/><F45/><W90/><G120/><T70/><D70/><U25/><E14/><V133/><F64/><W55/><G15/><T35/><D35/><U18/><REACH who="1" step="1"/><E5/><REACH who="1" ten="250,240,250,250" step="2"/><V57/><F111/><W92/><G71/><T33/><D33/><U52/><E52/><V91/><F54/><W13/><G13/><N who="0" m="9583" /><D119/><U29/><E29/><V104/><F104/><W130/><G130/><T74/><D117/><U8/><E8/><V99/><F110/><W134/><G69/><T128/><D128/><U26/><E26/><V131/><F131/><W115/><G55/><T86/><D39/><U96/><E96/><V98/><REACH who="2" step="1"/><F62/><REACH who="2" ten="250,240,240,250" step="2"/><W85/><G60/><T4/><D66/><U103/><E103/><V34/><F34/><W20/><G63/><T9/><D65/><U46/><E46/><V112/><F112/><W30/><G115/><T24/><D41/><U97/><E97/><V16/><F16/><W73/><G101/><T7/><D40/><U109/><E109/><V68/><F68/><W121/><G30/><T12/><D7/><U44/><E44/><V93/><F93/><RYUUKYOKU ba="0,2" sc="250,10,240,10,240,10,250,-30" hai0="4,9,12,23,24,31,74,86,89,95" hai1="2,3,18,21,25,48,49,50,59,61,67,75,76" hai2="10,11,57,58,77,78,81,82,88,91,98,99,133" /><INIT seed="0,1,2,2,3,130" ten="260,250,250,220" oya="0" hai0="129,30,124,14,100,101,104,8,99,25,16,76,23" hai1="6,115,107,71,1,20,35,50,27,94,91,103,56" hai2="84,98,93,42,109,46,55,51,114,28,119,118,4" hai3="41,9,87,78,39,106,128,123,0,26,116,45,83"/><T135/><D129/><U110/><E71/><V11/><F114/><W33/><G128/><T12/><D124/><U61/><E110/><V85/><F109/><W122/><G106/><T7/><D101/><U125/><E125/><V82/><F28/><N who="3" m="19607" /><G87/><T131/><D131/><U92/><E35/><V60/><F60/><W127/><G116/><N who="2" m="44585" /><F42/><W67/><G67/><T15/><D76/><U79/><E79/><V48/><F48/><W69/><G69/><T111/><D111/><U54/><E115/><V70/><F82/><W89/><G89/><T95/><D135/><U63/><E107/><V29/><F29/><W36/><G36/><T81/><D81/><U32/><E32/><V133/><F70/><W74/><G127/><T58/><D58/><U34/><E34/><V44/><F44/><W112/><G112/><T47/><D47/><U10/><E103/><N who="2" m="60879" /><F133/><W19/><G19/><T120/><D120/><U43/><E43/><V59/><F59/><W121/><G123/><T80/><D80/><U126/><E126/><V73/><F73/><W97/><G97/><T31/><REACH who="0" step="1"/><D104/><REACH who="0" ten="250,250,250,220" step="2"/><U49/><E94/><V68/><F68/><W38/><G38/><T52/><D52/><U64/><E64/><V90/><F90/><W113/><G113/><T37/><D37/><U13/><E63/><V117/><F117/><W108/><G108/><T57/><D57/><U22/><E61/><V24/><F46/><W72/><G74/><T88/><D88/><U18/><E56/><V105/><F105/><W86/><G72/><T21/><D21/><U134/><E54/><V65/><F55/><RYUUKYOKU ba="1,3" sc="250,15,250,-15,250,-15,220,15" hai0="7,8,12,14,15,16,23,25,30,31,95,99,100" hai3="0,9,39,41,45,78,83,86,121,122" /><INIT seed="0,2,3,3,3,14" ten="265,235,235,235" oya="0" hai0="13,12,55,48,90,68,125,131,46,24,19,22,109" hai1="96,110,39,17,92,3,28,36,25,85,126,106,107" hai2="49,9,103,76,113,44,63,98,41,7,58,120,70" hai3="114,59,132,111,100,1,123,87,37,112,60,10,18"/><T21/><D68/><U134/><E3/><V69/><F120/><W5/><G111/><T50/><D131/><U66/><E110/><V124/><F76/><W72/><G72/><T31/><D125/><U16/><E126/><V43/><F43/><W81/><G132/><T105/><D105/><U94/><E134/><V74/><F74/><W51/><G37/><T73/><D73/><U45/><E66/><V86/><F86/><W47/><G100/><T20/><D109/><U2/><E2/><V80/><F80/><W26/><G123/><T34/><D90/><U64/><E64/><V6/><F6/><W83/><G83/><T32/><D50/><U57/><E57/><V54/><F113/><W119/><G119/><T11/><REACH who="0" step="1"/><D34/><REACH who="0" ten="255,235,235,235" step="2"/><U89/><E107/><V0/><F124/><W118/><G114/><T116/><D116/><U99/><E106/><AGARI ba="2,4" hai="0,7,9,41,44,49,54,58,63,69,70,98,103,106" machi="106" ten="30,1000,0" yaku="7,1" doraHai="14" who="2" fromWho="1" sc="255,0,235,-16,235,56,235,0" /><INIT seed="1,0,0,4,0,129" ten="255,219,291,235" oya="1" hai0="13,71,8,38,126,76,51,1,127,42,33,133,93" hai1="58,36,96,75,5,81,79,109,117,110,72,50,68" hai2="60,28,56,54,116,83,57,130,70,48,19,114,17" hai3="86,25,67,65,123,41,112,35,16,98,97,21,124"/><U82/><E36/><V34/><F116/><W7/><G123/><T26/><D71/><U53/><E68/><V24/><F130/><W49/><G35/><T113/><D113/><U20/><E117/><V64/><F114/><W30/><G124/><T69/><D38/><U106/><E5/><V128/><F128/><W27/><G7/><T94/><D69/><U102/><REACH who="1" step="1"/><E20/><REACH who="1" ten="255,209,291,235" step="2"/><V74/><F70/><W78/><G112/><T88/><D1/><U120/><E120/><V89/><F74/><W90/><G78/><AGARI ba="0,1" hai="50,53,58,72,75,78,79,81,82,96,102,106,109,110" machi="78" ten="40,12000,1" yaku="1,1,9,1,53,2" doraHai="129" doraHaiUra="77" who="1" fromWho="3" sc="255,0,209,130,291,0,235,-120" /><INIT seed="1,1,0,0,4,36" ten="255,339,291,115" oya="1" hai0="3,35,96,104,61,107,86,81,11,65,122,5,58" hai1="70,1,102,76,39,14,103,123,114,106,9,93,77" hai2="109,92,87,89,17,108,26,25,68,21,127,48,131" hai3="73,128,88,121,134,113,78,13,105,83,64,12,50"/><U8/><E114/><V98/><F68/><W75/><G121/><T125/><D122/><U95/><E123/><V38/><F38/><W99/><G134/><T7/><D125/><U117/><E39/><V22/><F131/><W101/><G128/><T79/><D35/><U97/><E70/><V33/><F33/><W53/><G75/><T74/><D7/><U67/><E67/><V66/><F66/><W124/><G64/><T34/><D34/><U116/><E14/><V119/><F119/><W19/><G19/><T52/><D96/><U62/><E97/><V30/><F127/><W57/><G113/><T63/><REACH who="0" step="1"/><D74/><REACH who="0" ten="245,339,291,115" step="2"/><U112/><E112/><V28/><F98/><W80/><REACH who="3" step="1"/><G124/><REACH who="3" ten="245,339,291,105" step="2"/><T90/><D90/><U32/><E117/><V20/><REACH who="2" step="1"/><F48/><REACH who="2" ten="245,339,281,105" step="2"/><W91/><G91/><T71/><AGARI ba="1,3" hai="3,5,11,52,58,61,63,65,71,79,81,86,104,107" machi="71" ten="20,5200,0" yaku="1,1,0,1,7,1,54,1,53,0" doraHai="36" doraHaiUra="47" who="0" fromWho="0" sc="245,85,339,-27,281,-14,105,-14" /><INIT seed="2,0,0,5,2,116" ten="330,312,267,91" oya="2" hai0="98,92,10,63,53,107,124,38,13,112,5,42,121" hai1="8,7,127,12,133,50,131,114,44,35,103,19,97" hai2="1,0,16,76,90,22,111,55,40,86,3,89,93" hai3="85,14,32,29,120,75,30,9,84,91,18,34,125"/><V66/><F76/><W49/><G75/><T115/><D107/><U37/><E127/><V100/><F100/><W87/><G125/><T79/><D124/><U61/><E131/><V102/><F102/><W20/><G32/><T74/><D115/><U11/><E133/><V43/><F66/><W67/><G34/><T109/><D112/><U57/><E35/><V60/><F111/><W27/><G67/><T104/><D104/><U68/><E37/><V4/><F4/><W135/><G135/><T46/><D109/><U33/><E33/><V2/><N who="2" m="0" /><DORA hai="48" /><V26/><REACH who="2" step="1"/><F90/><REACH who="2" ten="330,312,257,91" step="2"/><W54/><G120/><T118/><D79/><U71/><E114/><V58/><AGARI ba="0,1" hai="16,22,26,40,43,55,58,60,86,89,93" m="0" machi="58" ten="60,12000,1" yaku="1,1,2,1,0,1,52,1,54,1,53,0" doraHai="116,48" doraHaiUra="113,47" who="2" fromWho="2" sc="330,-40,312,-40,257,130,91,-40" /><INIT seed="2,1,0,5,3,90" ten="290,272,387,51" oya="2" hai0="21,96,59,56,122,33,27,38,103,91,10,51,7" hai1="104,26,61,8,130,134,43,92,9,63,97,28,88" hai2="112,53,67,50,74,19,30,16,85,25,31,135,4" hai3="118,15,22,62,37,71,64,24,46,99,100,98,52"/><V42/><F74/><W57/><G118/><T102/><D38/><U78/><E134/><V133/><F112/><W125/><G125/><T66/><D33/><U75/><E130/><V101/><F42/><W20/><G15/><T68/><D68/><U77/><E104/><V119/><F119/><W84/><G84/><T129/><D129/><U117/><E117/><V23/><F67/><W54/><G54/><T3/><D66/><U109/><E109/><V114/><F114/><W121/><G121/><T40/><D103/><U60/><E43/><V132/><F4/><W0/><G0/><T18/><D91/><U58/><E58/><V79/><F101/><W111/><G111/><T17/><D122/><U47/><E47/><V107/><F30/><W89/><G89/><T65/><D59/><U86/><E75/><V35/><F107/><W69/><G98/><T81/><D81/><U127/><E127/><V11/><F11/><N who="1" m="4169" /><E97/><V34/><F85/><W115/><G115/><T32/><D32/><N who="2" m="12330" /><F79/><W48/><G37/><T106/><D40/><U72/><E72/><V36/><F36/><W44/><G44/><AGARI ba="1,0" hai="16,19,23,25,31,44,50,53,132,133,135" m="12330" machi="44" ten="40,3900,0" yaku="20,1,54,1" doraHai="90" who="2" fromWho="3" sc="290,0,272,0,387,42,51,-42" /><INIT seed="2,2,0,3,3,56" ten="290,272,429,9" oya="2" hai0="39,60,45,76,63,84,49,130,46,0,123,6,127" hai1="48,98,118,120,1,109,72,43,102,122,36,104,47" hai2="44,134,74,64,82,55,124,96,86,4,41,92,54" hai3="112,126,28,88,93,121,115,11,94,35,23,27,97"/><V65/><F74/><W20/><G121/><N who="1" m="46698" /><E118/><V78/><F134/><W53/><G126/><T67/><D123/><U111/><E72/><V5/><F124/><W2/><G94/><T87/><D127/><U7/><E48/><N who="2" m="26639" /><F54/><W108/><G108/><N who="1" m="41546" /><E7/><N who="2" m="2635" /><F55/><W57/><G11/><T34/><D34/><U90/><E90/><AGARI ba="2,0" hai="64,65,78,82,86,90,92,96" m="2635,26639" machi="90" ten="30,1500,0" yaku="8,1" doraHai="56" who="2" fromWho="1" sc="290,0,272,-21,429,21,9,0" /><INIT seed="2,3,0,2,0,17" ten="290,251,450,9" oya="2" hai0="29,7,40,67,88,92,81,62,124,24,77,86,43" hai1="44,12,64,85,87,51,14,117,121,123,66,61,128" hai2="50,114,127,32,41,95,71,108,118,5,22,23,19" hai3="31,94,120,42,53,133,0,16,125,75,80,98,6"/><V69/><F114/><W119/><G119/><T131/><D7/><U63/><E117/><V36/><F118/><W97/><G120/><T76/><D124/><U56/><E128/><V13/><F32/><W47/><G125/><T74/><D77/><U30/><E30/><V106/><F36/><N who="3" m="21959" /><G31/><T21/><D131/><U27/><E27/><V115/><F106/><W83/><G83/><T65/><REACH who="0" step="1"/><D67/><REACH who="0" ten="280,251,450,9" step="2"/><U2/><E2/><V58/><F5/><W130/><G130/><T57/><AGARI ba="3,1" hai="21,24,29,40,43,57,62,65,74,76,81,86,88,92" machi="57" ten="20,12000,2" yaku="1,1,2,1,0,1,7,1,52,1,54,1,53,1" doraHai="17" doraHaiUra="107" who="0" fromWho="0" sc="280,139,251,-33,450,-63,9,-33" owari="419,51.9,218,-18.2,387,18.7,-24,-52.4" /></mjloggm>