<mjloggm ver="2.3"><GO type="169" lobby="0"/><UN n0="%E3%81%82%E3%81%84%E3%81%93%E3%81%99" n1="%4E%65%6D%6F" n2="%53%E6%9C%A8" n3="%70%61%77%61" dan="16,16,17,18" rate="2084.71,2184.24,2182.08,2287.65" sx="M,M,M,M"/><TAIKYOKU oya="0"/><INIT seed="0,0,0,2,3,27" ten="250,250,250,250" oya="0" hai0="65,119,120,51,53,19,81,113,44,30,13,63,126" hai1="92,16,133,50,71,111,97,73,28,99,17,76,31" hai2="67,45,24,39,130,7,18,75,114,23,11,42,87" hai3="78,46,62,0,26,121,135,25,79,38,72,98,118"/><T132/><D120/><U58/><E71/><V134/><F114/><W6/><G118/><T108/><D113/><U32/><E111/><V21/><F134/><W10/><G135/><T5/><D132/><U128/><E133/><V4/><F130/><W86/><G121/><T29/><D119/><U84/><E32/><V41/><F42/><W83/><G98/><N who="1" m="37386" /><E73/><V57/><F75/><W35/><G35/><T61/><D108/><U129/><E129/><V116/><F116/><W124/><G124/><T48/><D126/><U122/><E122/><V66/><F7/><W127/><G127/><T20/><D5/><U125/><E128/><V115/><F115/><W77/><G62/><N who="0" m="23563" /><D65/><U64/><E64/><V3/><F57/><W40/><G86/><T90/><D51/><U112/><E112/><V82/><REACH who="2" step="1"/><F23/><REACH who="2" ten="250,250,240,250" step="2"/><W56/><G56/><T96/><D81/><N who="1" m="47143" /><E125/><V100/><F100/><W15/><REACH who="3" step="1"/><G15/><REACH who="3" ten="250,250,240,240" step="2"/><T54/><D54/><N who="1" m="32087" /><E92/><AGARI ba="0,2" hai="13,19,20,29,30,44,48,53,90,92,96" m="23563" machi="92" ten="30,5800,0" yaku="8,1,52,2" doraHai="27" who="0" fromWho="1" sc="250,78,250,-58,240,0,240,0" /><INIT seed="0,1,0,4,0,90" ten="328,192,240,240" oya="0" hai0="122,33,30,38,80,126,53,55,121,45,115,132,37" hai1="59,66,110,27,20,124,13,88,50,81,36,61,116" hai2="83,82,52,84,70,68,135,22,77,51,43,40,113" hai3="5,131,60,105,129,28,62,63,133,92,104,21,15"/><T2/><D115/><U3/><E116/><V7/><F113/><W49/><G133/><T46/><D132/><U99/><E3/><V19/><F135/><W101/><G49/><T14/><D2/><U35/><E36/><N who="0" m="13929" /><D14/><U9/><E110/><V118/><F118/><W93/><G28/><T65/><D80/><U54/><E124/><V26/><F7/><W86/><G86/><T10/><D10/><U123/><E35/><V85/><F68/><W98/><G105/><T74/><D30/><U67/><E123/><N who="0" m="47113" /><D33/><U91/><E81/><V75/><F70/><W119/><G119/><T1/><D1/><U32/><E32/><V64/><F64/><N who="1" m="24617" /><E61/><V42/><REACH who="2" step="1"/><F82/><REACH who="2" ten="328,192,230,240" step="2"/><W0/><G0/><T34/><D65/><U11/><E99/><V79/><F79/><W4/><G4/><T6/><D6/><N who="1" m="3255" /><E11/><V12/><F12/><W128/><G5/><T69/><D69/><U24/><E24/><V18/><F18/><AGARI ba="1,1" hai="15,18,21,60,62,63,92,93,98,101,104,128,129,131" machi="18" ten="50,6400,0" yaku="19,1,52,2" doraHai="90" who="3" fromWho="2" sc="328,0,192,0,230,-67,240,77" /><AGARI ba="1,0" hai="18,20,27,50,54,59,88,91" m="3255,24617" machi="18" ten="30,2000,0" yaku="8,1,54,1" doraHai="90" who="1" fromWho="2" sc="328,0,192,20,163,-20,317,0" /><INIT seed="1,0,0,5,3,3" ten="328,212,143,317" oya="1" hai0="81,27,40,30,21,53,126,15,124,119,71,122,1" hai1="22,117,134,66,19,85,77,10,48,135,5,42,35" hai2="0,17,83,111,59,7,97,100,105,34,80,91,69" hai3="88,68,103,31,121,125,93,75,113,44,84,54,120"/><U132/><E117/><V127/><F69/><W26/><G113/><T128/><D119/><U89/><E35/><V12/><F111/><W116/><G116/><T18/><D71/><U87/><E66/><V108/><F108/><W114/><G114/><T4/><D40/><U62/><E62/><V41/><F34/><W63/><G125/><N who="0" m="48235" /><D53/><U130/><E130/><V73/><F73/><W28/><G75/><T39/><D81/><U67/><E67/><V82/><F41/><W90/><G103/><T96/><D96/><U106/><E106/><V98/><F127/><W36/><G31/><T50/><D50/><U72/><E72/><V102/><F59/><W25/><G25/><T118/><D39/><U14/><E77/><V109/><F109/><W23/><G36/><T86/><D86/><U56/><E89/><V46/><F46/><W51/><REACH who="3" step="1"/><G90/><REACH who="3" ten="328,212,143,307" step="2"/><T2/><D118/><U20/><E134/><V9/><F91/><W45/><G45/><T110/><D110/><U79/><E135/><V43/><F43/><W65/><AGARI ba="0,1" hai="23,26,28,44,51,54,63,65,68,84,88,93,120,121" machi="65" ten="30,4000,0" yaku="1,1,0,1,54,1,53,0" doraHai="3" doraHaiUra="94" who="3" fromWho="3" sc="328,-10,212,-20,143,-10,307,50" /><INIT seed="2,0,0,5,3,63" ten="318,192,133,357" oya="2" hai0="35,133,9,73,106,93,100,85,84,103,119,14,20" hai1="53,109,34,113,62,40,17,83,26,76,21,81,22" hai2="5,131,69,89,24,101,130,77,65,61,86,50,75" hai3="114,36,124,68,18,13,19,23,120,66,58,52,118"/><V112/><F112/><W94/><G118/><T37/><D35/><U116/><E113/><V49/><F5/><W3/><G114/><T107/><D37/><U51/><E116/><V30/><F101/><W64/><G120/><T134/><D119/><U104/><E104/><N who="0" m="39977" /><D20/><U43/><E109/><V42/><F77/><W129/><G68/><T125/><D14/><U95/><E34/><V16/><F75/><W128/><G36/><T123/><D9/><U48/><E95/><V98/><F98/><W108/><G108/><T72/><D93/><U44/><E62/><V27/><F27/><N who="3" m="14839" /><G3/><T0/><D0/><U92/><E92/><N who="2" m="54327" /><F42/><W4/><G4/><T79/><D79/><U47/><E53/><V6/><F6/><W59/><G94/><T132/><D123/><U31/><REACH who="1" step="1"/><E76/><REACH who="1" ten="318,182,133,357" step="2"/><V74/><F61/><N who="3" m="36039" /><G124/><T8/><D125/><U39/><E39/><V10/><F50/><W41/><G41/><T90/><D134/><U82/><E82/><V105/><F49/><W102/><G102/><T15/><D103/><U45/><E45/><V99/><F105/><W28/><G59/><T7/><D100/><U97/><E97/><V111/><F99/><W67/><G129/><T135/><D90/><U71/><E71/><V33/><F69/><W78/><G128/><T25/><D135/><U121/><E121/><V70/><F70/><W11/><G78/><T126/><D133/><U56/><E56/><V1/><F130/><W110/><G110/><T80/><D132/><U38/><E38/><V88/><F88/><W57/><G57/><T96/><D126/><U122/><E122/><RYUUKYOKU ba="0,1" sc="318,-15,182,15,133,-15,357,15" hai1="17,21,22,26,31,40,43,44,47,48,51,81,83" hai3="11,13,19,28,64,66,67" /><INIT seed="3,1,1,3,1,18" ten="303,197,118,372" oya="3" hai0="65,23,68,119,35,40,41,28,80,92,20,31,88" hai1="13,37,62,49,67,95,76,101,0,135,117,83,14" hai2="72,24,106,16,63,47,73,87,102,6,12,53,7" hai3="104,103,120,115,50,133,111,5,70,46,26,30,15"/><W2/><G115/><T81/><D119/><U55/><E37/><V22/><F106/><W43/><G120/><T121/><D121/><U10/><E135/><V131/><F131/><W60/><G133/><T109/><D109/><U59/><E117/><V125/><F125/><W79/><G2/><T129/><D129/><U48/><E0/><V122/><F122/><W127/><G127/><T21/><D68/><U54/><E95/><V57/><F73/><W9/><G79/><T74/><D65/><U3/><E101/><V36/><F72/><W112/><G112/><T38/><D38/><U107/><E107/><V71/><F102/><W116/><G116/><T108/><D108/><U82/><E3/><V33/><F71/><W105/><G103/><T91/><D35/><U126/><E126/><V118/><F118/><W61/><G111/><T69/><D69/><U89/><E89/><N who="0" m="34377" /><D92/><U27/><E27/><V1/><F1/><W52/><G70/><T29/><D74/><U128/><E128/><V99/><F87/><W114/><G114/><T44/><D44/><U45/><E76/><V4/><F99/><W56/><REACH who="3" step="1"/><G61/><REACH who="3" ten="303,197,118,362" step="2"/><T66/><D66/><U93/><E62/><V11/><REACH who="2" step="1"/><F33/><AGARI ba="1,2" hai="5,9,15,26,30,33,43,46,50,52,56,60,104,105" machi="33" ten="30,11600,0" yaku="1,1,2,1,7,1,54,1,53,0" doraHai="18" doraHaiUra="78" who="3" fromWho="2" sc="303,0,197,0,118,-119,362,139" owari="303,10.3,197,-20.3,-1,-50.1,501,60.1" /></mjloggm>