<mjloggm ver="2.3"><GO type="169" lobby="0"/><UN n0="%6F%73%72%67" n1="%74%6F%69%74%6F%69%34" n2="%E3%83%9E%E3%83%BC%E3%83%9C%E3%82%A6" n3="%E3%81%8B%E3%82%8F%E3%81%97%E3%81%83" dan="16,17,16,16" rate="2137.53,2217.75,2102.46,2115.08" sx="M,F,M,M"/><TAIKYOKU oya="0"/><INIT seed="0,0,0,1,0,46" ten="250,250,250,250" oya="0" hai0="69,81,7,59,44,47,28,92,121,64,95,133,94" hai1="13,85,72,3,30,87,11,74,55,86,50,70,31" hai2="21,75,132,65,35,54,36,108,99,77,134,51,0" hai3="20,67,82,14,131,122,62,27,6,56,40,68,26"/><T41/><D121/><U73/><E3/><V89/><F35/><W10/><G131/><T98/><D133/><N who="2" m="51306" /><F36/><W119/><G119/><T79/><D69/><U52/><E70/><V113/><F0/><W130/><G130/><T117/><D117/><U32/><E32/><V103/><F65/><W2/><G122/><T111/><D28/><U24/><E24/><V97/><F21/><W19/><G40/><T123/><D47/><U37/><E37/><V80/><F113/><W4/><G4/><T109/><D7/><U39/><E39/><V104/><F108/><N who="0" m="41546" /><D123/><U49/><E13/><V114/><F114/><W63/><REACH who="3" step="1"/><G82/><REACH who="3" ten="250,250,250,240" step="2"/><T107/><D81/><U102/><E102/><V105/><F103/><W29/><G29/><N who="1" m="10762" /><E11/><V110/><F110/><W83/><G83/><T22/><D79/><U8/><E8/><V115/><F115/><W96/><G96/><N who="2" m="36937" /><F89/><W57/><G57/><AGARI ba="0,1" hai="51,54,57,75,77,80,104,105" m="36937,51306" machi="57" ten="30,2000,0" yaku="20,1,52,1" doraHai="46" who="2" fromWho="3" sc="250,0,250,0,250,30,240,-20" /><INIT seed="1,0,0,2,2,86" ten="250,250,280,220" oya="1" hai0="51,120,96,91,1,70,106,14,15,77,88,63,64" hai1="53,40,11,35,80,132,22,23,55,85,20,24,37" hai2="26,18,117,119,68,27,78,89,98,87,36,39,123" hai3="84,59,76,111,102,12,94,100,104,9,66,62,133"/><U50/><E132/><V110/><F123/><W32/><G32/><T25/><D1/><U113/><E113/><V8/><F68/><W71/><G111/><T109/><D109/><U81/><E37/><V7/><F110/><W128/><G128/><T83/><D120/><U122/><E122/><V58/><F78/><W67/><G133/><T61/><D61/><U74/><E74/><V47/><F98/><W125/><G125/><T60/><D60/><U16/><E35/><V42/><F58/><W33/><G33/><T107/><D25/><U34/><E34/><V19/><F39/><W103/><G71/><T114/><D114/><U108/><E81/><V92/><F26/><W126/><G126/><T65/><D65/><U21/><E108/><V13/><REACH who="2" step="1"/><F27/><REACH who="2" ten="250,250,270,220" step="2"/><W4/><G104/><T95/><D106/><U3/><E3/><V5/><F5/><W49/><G67/><T43/><D107/><U118/><E118/><AGARI ba="0,1" hai="7,8,13,18,19,36,42,47,87,89,92,117,118,119" machi="118" ten="40,5200,0" yaku="1,1,52,1,53,1" doraHai="86" doraHaiUra="90" who="2" fromWho="1" sc="250,0,250,-52,270,62,220,0" /><INIT seed="2,0,0,5,3,86" ten="250,198,332,220" oya="2" hai0="85,51,130,76,3,132,133,124,24,93,74,40,4" hai1="54,61,41,103,29,96,17,102,108,113,82,6,122" hai2="79,21,106,70,25,120,38,53,56,73,8,5,110" hai3="127,81,45,72,15,1,123,64,16,46,109,48,39"/><V19/><F120/><W101/><G123/><T66/><D66/><U67/><E122/><V52/><F70/><W63/><G1/><T23/><D74/><U59/><E113/><V13/><F106/><W125/><G109/><T44/><D3/><U80/><E108/><V105/><F105/><W31/><G101/><T0/><D0/><U121/><E121/><V116/><F116/><W27/><G39/><T111/><D4/><U88/><E6/><V35/><F110/><W99/><G99/><T49/><D111/><U114/><E114/><V34/><F38/><W92/><G92/><T84/><D130/><U20/><E29/><V43/><F43/><W50/><G72/><T14/><D14/><U118/><E41/><V104/><F104/><W62/><G81/><N who="1" m="31338" /><E67/><V115/><F53/><W2/><G2/><T134/><D76/><U77/><E77/><V58/><F58/><W83/><G83/><T69/><D69/><U126/><E126/><N who="3" m="48138" /><G48/><T57/><D93/><N who="1" m="56359" /><E118/><V119/><F119/><W33/><G64/><T7/><D7/><U75/><E75/><V37/><F37/><W60/><G50/><T90/><D124/><U32/><E32/><N who="2" m="12331" /><F115/><W78/><G78/><T55/><REACH who="0" step="1"/><D90/><REACH who="0" ten="240,198,332,220" step="2"/><U117/><E117/><V87/><F73/><W89/><G89/><T98/><D98/><U94/><E94/><V28/><F79/><W71/><G71/><T36/><D36/><U128/><E128/><V10/><F5/><W22/><AGARI ba="0,1" hai="15,16,22,27,31,33,45,46,60,62,63" m="48138" machi="22" ten="30,2000,0" yaku="18,1,54,1" doraHai="86" who="3" fromWho="3" sc="240,-5,198,-5,332,-10,220,30" /><INIT seed="3,0,0,3,3,31" ten="235,193,322,250" oya="3" hai0="71,37,46,24,44,61,75,7,19,62,13,78,115" hai1="0,82,58,20,40,87,50,97,124,110,5,38,27" hai2="69,53,106,90,131,100,76,36,126,33,129,118,55" hai3="57,91,111,83,63,114,10,95,84,8,103,101,99"/><W35/><G114/><T39/><D115/><U56/><E110/><V128/><F118/><W6/><G111/><T60/><D71/><U34/><E124/><V54/><F126/><W3/><G10/><T49/><D7/><U65/><E38/><V93/><F36/><W116/><G116/><T66/><D66/><U67/><E0/><V26/><F69/><W17/><G17/><T89/><D46/><U32/><E5/><V133/><F133/><W127/><G127/><T81/><D24/><U47/><E97/><V117/><F117/><W51/><G51/><T42/><REACH who="0" step="1"/><D89/><REACH who="0" ten="225,193,322,250" step="2"/><U1/><E67/><V123/><F26/><W70/><G70/><T104/><D104/><U79/><E1/><V112/><F90/><W113/><G113/><T43/><D43/><U48/><E58/><V29/><F106/><W120/><G120/><T132/><D132/><U105/><E105/><V135/><F123/><W92/><G35/><T119/><D119/><U107/><E107/><V14/><F33/><W108/><G108/><T9/><AGARI ba="0,1" hai="9,13,19,37,39,42,44,49,60,61,62,75,78,81" machi="9" ten="30,2000,0" yaku="1,1,0,1,53,0" doraHai="31" doraHaiUra="25" who="0" fromWho="0" sc="225,30,193,-5,322,-5,250,-10" /><INIT seed="4,0,0,2,5,2" ten="255,188,317,240" oya="0" hai0="40,54,1,80,85,86,36,13,126,31,10,19,57" hai1="14,75,26,128,64,27,42,82,32,34,97,17,23" hai2="50,68,79,107,21,106,95,130,132,56,76,88,8" hai3="120,69,43,94,131,105,52,38,122,135,114,25,46"/><T91/><D126/><U33/><E64/><V62/><F68/><W5/><G105/><T113/><D113/><U101/><E128/><V49/><F130/><W102/><G131/><T6/><D31/><U74/><E42/><V98/><F132/><W65/><G25/><T45/><D85/><U92/><REACH who="1" step="1"/><E74/><REACH who="1" ten="255,178,317,240" step="2"/><V7/><F107/><W15/><G135/><T67/><D67/><U66/><E66/><V44/><F106/><W129/><G129/><T103/><D103/><U123/><E123/><V41/><F49/><W121/><G114/><T111/><D111/><U89/><E89/><V124/><F124/><W58/><G65/><T35/><D35/><U3/><E3/><V81/><F50/><N who="3" m="30999" /><G69/><T28/><D28/><U0/><E0/><V83/><F88/><W63/><G63/><T18/><REACH who="0" step="1"/><D1/><REACH who="0" ten="245,178,317,240" step="2"/><U48/><E48/><AGARI ba="0,2" hai="6,10,13,18,19,36,40,45,48,54,57,80,86,91" machi="48" ten="30,11600,0" yaku="1,1,2,1,7,1,52,1,53,0" doraHai="2" doraHaiUra="133" who="0" fromWho="1" sc="245,136,178,-116,317,0,240,0" /><INIT seed="4,1,0,2,0,95" ten="381,62,317,240" oya="0" hai0="26,21,6,117,118,131,39,4,28,22,38,42,17" hai1="25,41,99,109,126,18,52,2,93,8,84,68,0" hai2="105,107,47,67,35,69,81,7,72,100,54,12,23" hai3="50,76,86,73,97,44,71,116,113,130,110,98,122"/><T60/><D60/><U19/><E109/><V36/><F35/><W65/><G110/><T90/><D42/><U108/><E108/><V51/><F36/><W5/><G116/><T74/><D74/><U111/><E111/><V119/><F119/><W85/><G73/><T62/><D62/><U13/><E68/><V58/><F69/><W24/><G113/><T43/><D43/><U14/><E126/><V3/><F3/><W78/><G5/><T1/><D90/><U103/><E41/><V66/><F66/><W48/><G71/><T56/><D56/><U101/><E25/><V15/><F15/><W121/><G24/><T112/><D112/><U96/><E84/><V135/><F135/><W64/><REACH who="3" step="1"/><G130/><REACH who="3" ten="381,62,317,230" step="2"/><T102/><D131/><U134/><E134/><V27/><F7/><W79/><G79/><T133/><D133/><U59/><E59/><V34/><F58/><W29/><G29/><T10/><D6/><U91/><E2/><V46/><F27/><W88/><G88/><T124/><D124/><U31/><E0/><V37/><F72/><W129/><G129/><T114/><D114/><U45/><E31/><V49/><F100/><W92/><G92/><T128/><D128/><U33/><E33/><V82/><F34/><W132/><G132/><T55/><D102/><U125/><E125/><V94/><F94/><W120/><G120/><T57/><D117/><U61/><E91/><V70/><F70/><W63/><G63/><N who="0" m="36287" /><D118/><U80/><E61/><V11/><F105/><W123/><G123/><T87/><D28/><U16/><E103/><V32/><F107/><RYUUKYOKU ba="1,1" sc="381,-10,62,-10,317,-10,230,30" hai3="44,48,50,64,65,76,78,85,86,97,98,121,122" /><INIT seed="5,2,1,3,3,50" ten="371,52,307,260" oya="1" hai0="27,33,121,107,77,66,120,129,90,133,32,85,23" hai1="8,116,91,58,103,64,108,87,30,114,127,21,34" hai2="10,118,115,123,98,67,14,49,41,117,101,76,62" hai3="28,52,5,95,65,54,24,99,86,19,44,1,20"/><U125/><E116/><V55/><F123/><N who="0" m="47178" /><D107/><U26/><E108/><V82/><F115/><W25/><G1/><T94/><D129/><U134/><E114/><V16/><F41/><W6/><G65/><T17/><D133/><U100/><E134/><V15/><F15/><N who="3" m="9343" /><G86/><T39/><D39/><U112/><E112/><V29/><F29/><W135/><G44/><T4/><D66/><U96/><E8/><V46/><F98/><W7/><G135/><T45/><D45/><U59/><E34/><V102/><F118/><W80/><G80/><N who="0" m="47247" /><D4/><U31/><E31/><V131/><F131/><W88/><G28/><T106/><D106/><U51/><E64/><V83/><F83/><W2/><G2/><T42/><D42/><U104/><E103/><V18/><F18/><W72/><G72/><T60/><D60/><U124/><REACH who="1" step="1"/><E51/><REACH who="1" ten="371,42,307,260" step="2"/><V13/><F117/><W40/><G40/><T130/><D130/><U68/><E68/><V63/><F67/><W84/><G99/><AGARI ba="2,2" hai="17,23,27,32,33,90,94,99" m="47247,47178" machi="99" ten="30,1000,0" yaku="13,1" doraHai="50" who="0" fromWho="3" sc="371,36,42,0,307,0,260,-16" /><INIT seed="6,0,0,1,4,14" ten="407,42,307,244" oya="2" hai0="31,72,115,76,68,80,132,4,97,133,2,108,39" hai1="46,53,18,7,5,78,135,96,1,29,17,56,27" hai2="35,90,107,120,99,114,21,95,82,91,11,128,25" hai3="130,86,77,15,9,94,117,89,75,10,106,55,51"/><V66/><F120/><W44/><G117/><T45/><D108/><U111/><E111/><V23/><F114/><W129/><G106/><T57/><D31/><U36/><E135/><N who="0" m="51785" /><D97/><U118/><E118/><V16/><F128/><W48/><G9/><N who="0" m="2199" /><D57/><U112/><E112/><V33/><F107/><W6/><G75/><T79/><D79/><U119/><E119/><V122/><F122/><W65/><G77/><T37/><D115/><U83/><E96/><V81/><F35/><W3/><G65/><T41/><D68/><U34/><E7/><V60/><F33/><W32/><G32/><T85/><D85/><U113/><E113/><V103/><F11/><W58/><REACH who="3" step="1"/><G3/><REACH who="3" ten="407,42,307,234" step="2"/><T110/><D110/><U123/><E123/><V61/><F23/><W100/><G100/><T20/><D20/><U121/><E121/><V22/><F22/><W134/><G134/><T84/><D72/><U101/><E101/><V19/><F103/><W28/><G28/><T64/><D64/><U30/><E30/><V40/><F21/><W92/><G92/><T63/><D76/><U104/><E104/><V87/><F95/><W13/><G13/><T52/><D80/><U50/><E5/><V109/><F109/><W42/><AGARI ba="0,1" hai="6,10,15,42,44,48,51,55,58,86,89,94,129,130" machi="42" ten="30,7900,0" yaku="1,1,0,1,53,2" doraHai="14" doraHaiUra="47" who="3" fromWho="3" sc="407,-20,42,-20,307,-39,234,89" /><INIT seed="7,0,0,5,2,51" ten="387,22,268,323" oya="3" hai0="134,123,117,27,13,135,64,126,53,89,97,23,106" hai1="50,76,19,30,96,56,124,83,5,68,67,49,57" hai2="78,69,34,21,1,28,31,74,100,73,84,40,61" hai3="80,99,88,90,9,110,15,104,44,63,26,111,48"/><W0/><G0/><T87/><D123/><U101/><E5/><V112/><F1/><W70/><G26/><T98/><D117/><U119/><E19/><V37/><F34/><W4/><G80/><T95/><D126/><U25/><E68/><V41/><F61/><W12/><G12/><T7/><D64/><U17/><E17/><V120/><F69/><W122/><G122/><T14/><D53/><U32/><E119/><V66/><F84/><W132/><G132/><N who="0" m="50731" /><D106/><U45/><E124/><V108/><F21/><W94/><G104/><T82/><D7/><U54/><E67/><V109/><F66/><W133/><G133/><T11/><D11/><U62/><E62/><V36/><F120/><W38/><G38/><T114/><D114/><U79/><E83/><V75/><F100/><N who="3" m="60535" /><G63/><T24/><D24/><U93/><E45/><V20/><F20/><W10/><G10/><T102/><D98/><U131/><E131/><V8/><F8/><W43/><G70/><T22/><D22/><U129/><E129/><V35/><F35/><W85/><G85/><T52/><D52/><U115/><E115/><V59/><F112/><W121/><G121/><T60/><D60/><U107/><E107/><V113/><F113/><W18/><G4/><T116/><D116/><U127/><E127/><V77/><REACH who="2" step="1"/><F74/><REACH who="2" ten="387,22,258,323" step="2"/><W42/><G42/><T71/><D71/><U58/><REACH who="1" step="1"/><E57/><AGARI ba="0,1" hai="28,31,36,37,40,41,57,59,73,75,77,78,108,109" machi="57" ten="25,6400,0" yaku="1,1,2,1,22,2,53,0" doraHai="51" doraHaiUra="29" who="2" fromWho="1" sc="387,0,22,-64,258,74,323,0" owari="387,48.7,-42,-54.2,332,13.2,323,-7.7" /></mjloggm>