<mjloggm ver="2.3"><GO type="169" lobby="0"/><UN n0="%59%75%49%74%6F" n1="%E2%98%86%41%64%72%69%61%6E" n2="%6D%65%67%75%72%75%32" n3="%E3%81%9F%E3%81%8B%31%34%31" dan="16,17,16,16" rate="2032.17,2208.12,2093.89,2124.05" sx="M,M,M,M"/><TAIKYOKU oya="0"/><INIT seed="0,0,0,4,3,40" ten="250,250,250,250" oya="0" hai0="121,42,12,25,115,132,19,133,122,5,31,21,94" hai1="63,24,16,101,20,74,103,6,72,79,53,111,27" hai2="91,110,130,28,126,39,35,37,17,109,1,44,29" hai3="36,38,119,108,80,15,54,22,49,67,82,96,59"/><T9/><D42/><U69/><E111/><N who="2" m="42507" /><F17/><W10/><G119/><T57/><D57/><U60/><E6/><V77/><F77/><W23/><G108/><T8/><D115/><U3/><E3/><V26/><F29/><W128/><G128/><T7/><D94/><U99/><E103/><V92/><F1/><W86/><G38/><T66/><D66/><U32/><E79/><V84/><F130/><W131/><G131/><T120/><D31/><U85/><E85/><V87/><F126/><W47/><G96/><T100/><D100/><U81/><E81/><V90/><F44/><W93/><G93/><AGARI ba="0,0" hai="26,28,35,37,39,84,87,90,91,92,93" m="42507" machi="93" ten="30,1000,0" yaku="14,1" doraHai="40" who="2" fromWho="3" sc="250,0,250,0,250,10,250,-10" /><INIT seed="1,0,0,4,0,116" ten="250,250,260,240" oya="1" hai0="98,33,10,16,57,40,58,86,29,56,132,128,5" hai1="99,82,75,45,35,24,119,3,90,65,84,71,125" hai2="83,21,73,74,8,55,97,108,109,31,14,122,30" hai3="52,100,9,13,115,2,117,39,76,59,49,101,80"/><U120/><E119/><V69/><F69/><W15/><G115/><T121/><D121/><U25/><E3/><V118/><F118/><W50/><G39/><T36/><D132/><U94/><E125/><V91/><F55/><W79/><G2/><T81/><D98/><U7/><E7/><V77/><F74/><W27/><G117/><T135/><D128/><U37/><E35/><V123/><F91/><W26/><G49/><T48/><D36/><U126/><E126/><V17/><F97/><W47/><G47/><T64/><D5/><U95/><E95/><V41/><F41/><W110/><G110/><N who="2" m="42601" /><F8/><W44/><G44/><T112/><D135/><U106/><E120/><AGARI ba="0,0" hai="14,17,21,30,31,73,77,83,120,122,123" m="42601" machi="120" ten="30,7700,0" yaku="14,1,52,3" doraHai="116" who="2" fromWho="1" sc="250,0,250,-77,260,77,240,0" /><INIT seed="2,0,0,4,5,49" ten="250,173,337,240" oya="2" hai0="9,70,30,80,12,95,47,67,23,26,52,96,62" hai1="15,122,68,29,24,78,31,106,127,66,11,2,8" hai2="44,69,48,22,83,6,7,77,17,134,28,71,102" hai3="39,132,53,109,133,33,92,51,13,18,101,115,116"/><V82/><F134/><W72/><G116/><T86/><D96/><U129/><E129/><V113/><F113/><W98/><G39/><T119/><D95/><U60/><E127/><V63/><F28/><W34/><G72/><T76/><D119/><U43/><E122/><V37/><F37/><W61/><G61/><T104/><D104/><U118/><E118/><V81/><F77/><W88/><G109/><T131/><D131/><U85/><E106/><V57/><F102/><W10/><G115/><T41/><D67/><U84/><E2/><V50/><F71/><W124/><G124/><T117/><D70/><U135/><E135/><N who="3" m="51786" /><G101/><T105/><D105/><U45/><E11/><V14/><F69/><W112/><G112/><T42/><D62/><U125/><E125/><V103/><F103/><W91/><G91/><T16/><D117/><U79/><E79/><V35/><F35/><W0/><G0/><T89/><REACH who="0" step="1"/><D76/><REACH who="0" ten="240,173,337,240" step="2"/><U55/><E78/><V99/><F99/><W56/><AGARI ba="0,1" hai="10,13,18,33,34,51,53,56,88,92,98" m="51786" machi="56" ten="30,4000,0" yaku="20,1,52,1,54,1" doraHai="49" who="3" fromWho="3" sc="240,-10,173,-10,337,-20,240,50" /><INIT seed="3,0,0,0,1,53" ten="230,163,317,290" oya="3" hai0="112,80,131,91,79,15,133,122,45,0,9,135,31" hai1="89,63,103,125,19,113,100,104,41,18,33,108,73" hai2="49,32,82,16,67,106,28,114,17,36,52,3,35" hai3="121,126,44,43,1,65,12,48,59,74,98,60,26"/><W56/><G1/><T93/><D112/><U8/><E33/><V47/><F114/><W120/><G74/><T88/><D0/><U94/><E104/><V27/><F3/><W129/><G126/><T5/><D131/><U62/><E73/><V118/><F118/><W71/><G129/><T11/><D122/><U25/><E125/><V85/><F35/><W115/><G115/><T22/><D11/><U123/><E108/><V46/><F106/><W86/><G86/><N who="0" m="48415" /><D93/><U70/><E41/><V102/><F102/><W55/><G12/><T111/><D111/><U72/><E70/><V75/><F75/><W99/><G26/><N who="0" m="16855" /><D45/><U128/><E72/><V40/><REACH who="2" step="1"/><F67/><REACH who="2" ten="230,163,307,290" step="2"/><W57/><REACH who="3" step="1"/><G55/><REACH who="3" ten="230,163,307,280" step="2"/><T66/><D66/><U130/><E113/><V54/><F54/><W117/><G117/><T81/><D135/><U64/><E64/><V68/><F68/><W124/><G124/><T77/><D133/><U58/><E130/><V37/><F37/><W61/><G61/><T105/><D105/><U97/><E63/><V10/><F10/><W42/><G42/><T69/><D69/><U34/><E128/><V107/><F107/><W76/><G76/><AGARI ba="0,2" hai="16,17,27,28,32,36,40,46,47,49,52,76,82,85" machi="76" ten="30,8000,1" yaku="1,1,7,1,54,2,53,1" doraHai="53" doraHaiUra="23" who="2" fromWho="3" sc="230,0,163,0,307,100,280,-80" /><INIT seed="4,0,0,4,4,121" ten="230,163,407,200" oya="0" hai0="94,50,36,28,44,18,119,97,108,60,3,46,12" hai1="31,118,90,20,100,106,87,39,52,32,75,93,132" hai2="27,77,56,134,117,6,11,131,67,85,102,13,111" hai3="4,103,133,24,127,69,53,17,92,55,112,33,64"/><T49/><D119/><U7/><E118/><V61/><F117/><W110/><G112/><T83/><D3/><U34/><E39/><V54/><F111/><W62/><G110/><T30/><D36/><U59/><E75/><V68/><F131/><W38/><G38/><T57/><D83/><U8/><E132/><V1/><F134/><W84/><G133/><T26/><D26/><U43/><E43/><V95/><F27/><W71/><G71/><T98/><D108/><U130/><E130/><V5/><F1/><W101/><G4/><T107/><D107/><U105/><E20/><V96/><F68/><W128/><G128/><T80/><D80/><U89/><E89/><V135/><F135/><W70/><G70/><T15/><D57/><U41/><E41/><V21/><F21/><W81/><G127/><T88/><D60/><U63/><E100/><V51/><F85/><W42/><G42/><N who="0" m="24727" /><D98/><U74/><E74/><V66/><F77/><W23/><G33/><T126/><D126/><U0/><REACH who="1" step="1"/><E31/><REACH who="1" ten="230,153,407,200" step="2"/><N who="0" m="11817" /><D18/><U48/><E48/><V82/><F51/><W2/><G103/><T114/><D114/><U25/><E25/><V109/><F109/><W73/><G73/><T40/><AGARI ba="0,1" hai="12,15,40,46,50,88,94,97" m="11817,24727" machi="40" ten="30,3000,0" yaku="8,1,54,1" doraHai="121" who="0" fromWho="0" sc="230,40,153,-10,407,-10,200,-10" /><INIT seed="4,1,0,3,4,53" ten="270,143,397,190" oya="0" hai0="103,16,61,56,33,44,74,6,12,18,8,63,91" hai1="51,32,75,43,64,39,105,34,81,90,132,130,13" hai2="47,15,98,68,88,87,24,2,101,26,41,119,95" hai3="112,67,57,65,69,46,123,23,3,31,70,45,89"/><T135/><D74/><U48/><E105/><V131/><F2/><W120/><G3/><T79/><D33/><U122/><E122/><N who="3" m="46634" /><G23/><T76/><D135/><U73/><E132/><V84/><F68/><N who="3" m="26219" /><G31/><T118/><D103/><U72/><E64/><N who="3" m="24650" /><G89/><T129/><D118/><U21/><E34/><V121/><F119/><W27/><G27/><T111/><D79/><U125/><E32/><V92/><F26/><W117/><G117/><T86/><D76/><U30/><E30/><V85/><F24/><W97/><G97/><T71/><D71/><U100/><E100/><V116/><F116/><W1/><G1/><T134/><D134/><U36/><E90/><V82/><F15/><W40/><G112/><T60/><D91/><U109/><E73/><V28/><F28/><W25/><G25/><T0/><D86/><U7/><E75/><V93/><F121/><W127/><G127/><T38/><D0/><U50/><E125/><V96/><F96/><W11/><G11/><T14/><D6/><U115/><E7/><V108/><F101/><W128/><G128/><T22/><D129/><U77/><E72/><V126/><F131/><W37/><G45/><T107/><D107/><U94/><E130/><V4/><F4/><W110/><G110/><T9/><D111/><U66/><E109/><V29/><F108/><W49/><G57/><T62/><N who="0" m="15360" /><DORA hai="10" /><T5/><D56/><U99/><E66/><V104/><F126/><W20/><G20/><N who="0" m="11271" /><D5/><U55/><E77/><V35/><F35/><W83/><G37/><T17/><D18/><U58/><E39/><V133/><F88/><RYUUKYOKU ba="1,0" sc="270,15,143,-15,397,-15,190,15" hai0="8,9,14,17,22,38,44" hai3="40,46,49,83" /><INIT seed="4,2,0,4,1,54" ten="285,128,382,205" oya="0" hai0="74,26,30,117,107,43,97,59,38,104,84,109,66" hai1="79,69,126,98,85,42,115,28,37,120,57,36,102" hai2="1,112,29,17,51,11,95,91,75,7,105,58,76" hai3="41,19,35,22,87,4,114,73,9,71,122,13,88"/><T53/><D117/><U33/><E69/><V125/><F105/><W123/><G73/><T86/><D74/><U113/><E120/><V80/><F112/><N who="1" m="43081" /><E42/><V40/><F125/><W131/><G114/><T101/><D104/><N who="1" m="63575" /><E126/><V81/><F81/><W130/><G35/><T64/><D109/><U118/><E118/><V2/><F29/><W78/><G41/><T67/><D43/><U32/><E28/><V93/><F2/><W34/><G34/><N who="1" m="13418" /><E57/><V70/><F70/><W96/><G71/><T83/><D38/><U134/><E134/><V23/><F40/><W65/><G123/><T132/><D132/><U60/><E60/><V49/><F49/><W100/><G122/><T133/><D133/><U55/><E55/><V14/><F91/><W8/><G78/><T124/><D124/><U15/><E15/><V90/><F90/><W18/><G65/><T108/><D108/><U99/><E99/><V3/><F3/><N who="3" m="31" /><G96/><T77/><D26/><U47/><E47/><V110/><F110/><W116/><G100/><T52/><D30/><U27/><E27/><V16/><REACH who="2" step="1"/><F17/><REACH who="2" ten="285,128,372,205" step="2"/><W89/><G116/><T46/><D83/><AGARI ba="2,1" hai="36,37,79,83,85" m="13418,63575,43081" machi="83" ten="30,2000,0" yaku="15,1,11,1" doraHai="54" who="1" fromWho="0" sc="285,-26,128,36,372,0,205,0" /><INIT seed="5,0,0,2,3,119" ten="259,164,372,205" oya="1" hai0="77,58,19,37,3,107,85,54,1,87,106,82,126" hai1="24,113,101,109,7,26,18,94,124,44,98,45,89" hai2="39,60,110,65,80,48,8,11,75,32,111,86,16" hai3="67,38,30,117,108,118,130,133,29,70,47,104,120"/><U61/><E113/><V17/><F75/><W84/><G108/><T21/><D37/><U51/><E109/><V66/><F39/><W81/><G104/><T63/><D126/><U71/><E124/><V79/><F32/><W131/><G70/><T121/><D87/><U23/><E7/><V112/><F112/><W62/><G133/><T95/><D95/><U69/><E61/><V83/><F48/><W43/><G120/><T9/><D3/><U122/><E122/><V0/><F0/><W102/><G102/><T114/><D114/><U76/><E76/><V31/><F31/><N who="3" m="11787" /><G67/><T72/><D72/><U28/><E101/><V55/><F55/><W40/><G40/><T52/><D54/><U42/><REACH who="1" step="1"/><E44/><REACH who="1" ten="259,154,372,205" step="2"/><V12/><F60/><W20/><G62/><T129/><D121/><U105/><E105/><V125/><F125/><W90/><G118/><T4/><D129/><U10/><E10/><V93/><F79/><W2/><G117/><T97/><D97/><U33/><AGARI ba="0,1" hai="18,23,24,26,28,33,42,45,51,69,71,89,94,98" machi="33" ten="20,7800,0" yaku="1,1,0,1,7,1,53,1" doraHai="119" doraHaiUra="41" who="1" fromWho="1" sc="259,-26,154,88,372,-26,205,-26" /><INIT seed="5,1,0,2,1,121" ten="233,242,346,179" oya="1" hai0="13,81,75,62,26,21,66,116,127,124,123,103,76" hai1="68,78,65,29,70,99,1,63,100,94,98,52,67" hai2="82,132,18,23,96,128,33,126,106,24,93,50,117" hai3="131,27,39,55,64,28,89,51,20,112,115,85,109"/><U4/><E78/><V72/><F117/><W91/><G39/><T58/><D116/><U74/><E74/><V31/><F106/><W61/><G131/><T135/><D135/><U12/><E1/><V90/><F128/><W11/><G109/><T40/><D123/><U42/><E42/><V102/><F132/><W88/><G85/><T41/><D13/><U73/><E73/><V69/><F69/><W110/><G110/><T44/><D103/><U35/><E98/><V38/><F38/><W37/><G37/><T92/><D92/><U133/><E133/><V30/><F126/><N who="0" m="48170" /><D44/><U87/><E87/><V107/><F33/><W122/><G11/><T79/><D79/><U34/><E34/><V9/><F9/><W111/><G111/><T84/><D75/><U8/><E35/><V114/><F114/><W130/><G130/><T7/><D7/><U17/><E4/><V16/><F18/><AGARI ba="1,0" hai="18,21,26,40,41,58,62,66,76,81,84" m="48170" machi="18" ten="30,1000,0" yaku="18,1" doraHai="121" who="0" fromWho="2" sc="233,13,242,0,346,-13,179,0" /><INIT seed="6,0,0,2,2,86" ten="246,242,333,179" oya="2" hai0="37,70,45,119,36,4,128,9,25,29,81,82,49" hai1="53,98,117,122,111,132,26,124,96,42,52,7,84" hai2="46,61,47,115,30,127,92,55,65,87,85,59,106" hai3="2,110,21,38,57,100,27,120,89,131,135,13,8"/><V99/><F106/><W60/><G110/><T75/><D128/><U126/><E111/><V78/><F115/><W10/><G120/><T94/><D70/><U16/><E117/><V134/><F134/><W91/><G38/><T40/><D94/><U95/><E132/><V125/><F30/><W20/><G135/><T104/><D104/><U74/><E74/><V18/><F18/><N who="3" m="10319" /><G100/><T71/><D71/><U113/><E42/><V23/><F23/><W133/><G2/><T19/><D19/><U63/><E7/><V103/><F78/><W58/><G58/><T105/><D105/><U79/><E122/><V22/><F22/><W80/><G80/><T108/><D82/><N who="1" m="47199" /><E113/><V123/><F123/><W116/><G116/><T17/><D17/><U121/><E121/><V130/><F130/><W68/><G68/><T6/><D6/><U43/><E16/><V66/><F127/><W54/><G131/><T67/><D108/><U33/><E26/><V14/><F125/><W28/><G133/><T88/><D75/><U72/><E33/><V15/><F87/><W24/><G24/><T0/><D119/><U62/><E72/><V83/><F15/><W1/><G1/><T41/><D0/><U112/><E112/><V76/><REACH who="2" step="1"/><F14/><REACH who="2" ten="246,242,323,179" step="2"/><W48/><G8/><T77/><D9/><U64/><E124/><V11/><F11/><W51/><G10/><T32/><D32/><U90/><E126/><V56/><F56/><W39/><G39/><T12/><D36/><U118/><E118/><V107/><F107/><W109/><G109/><T101/><D37/><U3/><E3/><RYUUKYOKU ba="0,1" sc="246,-15,242,-15,323,15,179,15" hai2="46,47,55,59,61,65,66,76,83,85,92,99,103" hai3="21,27,28,48,51,54,57,60,89,91" /><INIT seed="6,1,1,2,1,29" ten="231,227,338,194" oya="2" hai0="115,80,119,86,62,105,72,99,36,60,96,39,59" hai1="18,52,77,11,125,54,117,37,58,26,109,107,120" hai2="46,118,108,40,7,102,32,122,66,101,45,121,8" hai3="2,55,61,20,88,87,126,44,17,133,27,35,0"/><V3/><F118/><W90/><G133/><T56/><D72/><U47/><E117/><V112/><F66/><W16/><G126/><T6/><D119/><U28/><E109/><V38/><F108/><W68/><G35/><T79/><D6/><U49/><E107/><V70/><F70/><W21/><G90/><T85/><D115/><U94/><E125/><V10/><F10/><W14/><G68/><T131/><D105/><U97/><E120/><V113/><F46/><W19/><G19/><T71/><D71/><U100/><E37/><V95/><F95/><W25/><G14/><T15/><D15/><N who="1" m="7551" /><E77/><V106/><F32/><W64/><G64/><T93/><D93/><U81/><E81/><V128/><F128/><W9/><G9/><T98/><D131/><U135/><E135/><V31/><F31/><W132/><G132/><T50/><D50/><N who="1" m="31063" /><E28/><V92/><F92/><W51/><G61/><T5/><D5/><U124/><E124/><V130/><F130/><W1/><G1/><T67/><REACH who="0" step="1"/><D86/><REACH who="0" ten="221,227,338,194" step="2"/><U22/><E26/><V41/><F106/><W53/><G53/><AGARI ba="1,2" hai="36,39,53,56,59,60,62,67,79,80,85,96,98,99" machi="53" ten="40,2600,0" yaku="1,1,2,1,53,0" doraHai="29" doraHaiUra="33" who="0" fromWho="3" sc="221,49,227,0,338,0,194,-29" /><INIT seed="7,0,0,4,4,30" ten="270,227,338,165" oya="3" hai0="65,116,122,66,53,112,50,84,128,92,74,42,49" hai1="103,80,2,99,60,28,68,73,98,120,17,72,14" hai2="20,55,44,83,106,129,46,79,22,134,57,89,90" hai3="3,126,8,5,43,94,48,16,104,123,40,45,51"/><W34/><G104/><T115/><D122/><U33/><E2/><V52/><F106/><W95/><G123/><T7/><D74/><U71/><E120/><V35/><F35/><W113/><G113/><N who="0" m="43595" /><D7/><U12/><E80/><V31/><F129/><W64/><G126/><T56/><D116/><U6/><E6/><V109/><F134/><W133/><G133/><T93/><D128/><U13/><E17/><V107/><F109/><W23/><G34/><T15/><D15/><U62/><E28/><V47/><F55/><W9/><G9/><T96/><D84/><U36/><E36/><V118/><F107/><W29/><G29/><T70/><D70/><N who="1" m="26667" /><E103/><V63/><F118/><W81/><G64/><T37/><D37/><U82/><E82/><V132/><F132/><W54/><G81/><T86/><D86/><U124/><E124/><V108/><F108/><W125/><G125/><T117/><D117/><U67/><E67/><V41/><F41/><W100/><G100/><N who="0" m="60423" /><D93/><U32/><E62/><V10/><F10/><W77/><G77/><T38/><D38/><U58/><E58/><V11/><F11/><W130/><G130/><T39/><D39/><U69/><E60/><V105/><F105/><W19/><G19/><T127/><D127/><U85/><E85/><N who="2" m="48383" /><F31/><W114/><G114/><T21/><D21/><AGARI ba="0,0" hai="20,21,22,44,46,47,52,57,63,89,90" m="48383" machi="21" ten="30,2000,0" yaku="8,1,54,1" doraHai="30" who="2" fromWho="0" sc="270,-20,227,0,338,20,165,0" owari="250,5.0,227,-17.3,358,45.8,165,-33.5" /></mjloggm>