<mjloggm ver="2.3"><GO type="169" lobby="0"/><UN n0="%70%65%6E%74%6F%6C%61" n1="%76%E3%81%B5%E3%83%BC%E3%81%A1%E3%82%83%E3%82%93%76" n2="%67%6F%72%64%6F%6E%31%33" n3="%E3%82%B8%E3%83%A7%E3%83%8B%E3%83%B2" dan="18,17,16,16" rate="2232.36,2174.27,2147.34,2132.84" sx="M,M,M,M"/><TAIKYOKU oya="0"/><INIT seed="0,0,0,2,0,85" ten="250,250,250,250" oya="0" hai0="69,53,17,87,6,31,102,44,59,66,64,11,93" hai1="76,63,132,43,110,56,38,49,83,65,101,67,52" hai2="48,124,19,112,60,33,130,35,75,129,105,21,104" hai3="55,135,0,111,122,107,39,97,2,113,134,27,5"/><T115/><D115/><U86/><E110/><V125/><F75/><W90/><G113/><T73/><D73/><U54/><E132/><V123/><F48/><W127/><G111/><T121/><D121/><U92/><E38/><V61/><F21/><W116/><G116/><T58/><D69/><U24/><E43/><V70/><F19/><W109/><G39/><T77/><D31/><U82/><E24/><V81/><F81/><W32/><G2/><T7/><D44/><U50/><E50/><V88/><F112/><W80/><G107/><T3/><D17/><U62/><E83/><V37/><F37/><W71/><G0/><T22/><D22/><U15/><E15/><V45/><F45/><W91/><G71/><T117/><D77/><U126/><E126/><V34/><F70/><W20/><G32/><T79/><D79/><U84/><E101/><V29/><F35/><W1/><G127/><T108/><D117/><U120/><E120/><V95/><F123/><W119/><G1/><T99/><D7/><U46/><E63/><V106/><F29/><W47/><G119/><T118/><D118/><U103/><E103/><V23/><F23/><W16/><G122/><T4/><D4/><U133/><E133/><V57/><F57/><W28/><G109/><T72/><D72/><U40/><E40/><V36/><F36/><W30/><G135/><T26/><D108/><U13/><E13/><V12/><F12/><W9/><G134/><T96/><D26/><U8/><E8/><V41/><F105/><W25/><G9/><T14/><D3/><U98/><E84/><RYUUKYOKU ba="0,0" sc="250,-10,250,30,250,-10,250,-10" hai1="46,49,52,54,56,62,65,67,76,82,86,92,98" /><INIT seed="1,1,0,1,1,55" ten="240,280,240,240" oya="1" hai0="6,112,64,24,22,94,58,99,36,127,83,48,102" hai1="74,121,133,106,18,52,75,34,98,17,4,26,40" hai2="10,20,5,56,129,12,63,105,103,125,126,97,82" hai3="90,50,118,31,14,19,116,93,7,37,43,78,104"/><U71/><E121/><V60/><F129/><W109/><G109/><T59/><D36/><U44/><E71/><V120/><F120/><W62/><G104/><T67/><D112/><U70/><E70/><V122/><F122/><W101/><G78/><T108/><D108/><U113/><E113/><V46/><F46/><W1/><G31/><T73/><D6/><U88/><E4/><V9/><F63/><W81/><G81/><T80/><D127/><N who="2" m="48650" /><F82/><N who="0" m="31274" /><D73/><U35/><E106/><V33/><F33/><W23/><G37/><T66/><D48/><U123/><E123/><V21/><F10/><W61/><G101/><T28/><AGARI ba="1,0" hai="22,24,28,58,59,64,66,67,94,99,102" m="31274" machi="28" ten="30,4000,0" yaku="8,1,52,2" doraHai="55" who="0" fromWho="0" sc="240,43,280,-21,240,-11,240,-11" /><INIT seed="2,0,0,0,5,127" ten="283,259,229,229" oya="2" hai0="1,87,41,75,110,93,128,98,106,84,30,121,60" hai1="50,69,35,17,57,51,112,116,40,67,101,88,129" hai2="94,47,27,48,76,44,31,102,2,43,114,29,82" hai3="81,22,95,83,32,132,123,108,45,109,135,25,24"/><V26/><F114/><W72/><G123/><T73/><D1/><U68/><E35/><V52/><F2/><W90/><G45/><T7/><D7/><U104/><E104/><V107/><F107/><W78/><G83/><T120/><D30/><U113/><E101/><V77/><F102/><W36/><G32/><T119/><D60/><N who="1" m="38287" /><E88/><V3/><F94/><W91/><G36/><T115/><D41/><U21/><E21/><V117/><F117/><W97/><G91/><T54/><D54/><U34/><E17/><V63/><F3/><W62/><G62/><T58/><D58/><U125/><E34/><V11/><F11/><W16/><REACH who="3" step="1"/><G25/><REACH who="3" ten="283,259,229,219" step="2"/><T92/><D120/><U9/><E50/><N who="2" m="28743" /><F63/><W122/><G122/><T103/><D121/><U42/><E51/><V134/><F82/><W61/><G61/><T79/><D79/><N who="2" m="30282" /><F134/><AGARI ba="0,1" hai="16,22,24,72,78,81,90,95,97,108,109,132,134,135" machi="134" ten="40,5200,0" yaku="1,1,20,1,54,1,53,0" doraHai="127" doraHaiUra="133" who="3" fromWho="2" sc="283,0,259,0,229,-52,219,62" /><INIT seed="3,0,0,2,4,126" ten="283,259,177,281" oya="3" hai0="108,117,47,54,98,66,118,63,56,121,4,125,106" hai1="28,114,94,58,21,11,78,29,122,41,91,8,55" hai2="111,103,35,13,25,127,81,124,82,30,100,31,113" hai3="67,116,101,109,110,132,77,107,115,52,102,72,45"/><W0/><G116/><T112/><D121/><U16/><E122/><V99/><F113/><W123/><G123/><T20/><D125/><N who="2" m="48202" /><F111/><N who="3" m="42507" /><G115/><T92/><D106/><U40/><E78/><V135/><F135/><W64/><G0/><T9/><D108/><U73/><E73/><V128/><F103/><N who="3" m="39435" /><G107/><T87/><D112/><U93/><E93/><V84/><F31/><N who="1" m="11849" /><E8/><V15/><F82/><N who="3" m="45351" /><G132/><T38/><D20/><U129/><E11/><V80/><F80/><W79/><G79/><T1/><D117/><U27/><E129/><V134/><F134/><W12/><G12/><T75/><D75/><U74/><E74/><V76/><F128/><W50/><AGARI ba="0,0" hai="45,50,52,64,67" m="45351,39435,42507" machi="50" ten="30,6000,0" yaku="14,1,10,1,54,1" doraHai="126" who="3" fromWho="3" sc="283,-20,259,-20,177,-20,281,60" /><INIT seed="3,1,0,4,3,5" ten="263,239,157,341" oya="3" hai0="129,40,92,11,7,72,108,49,22,79,31,30,119" hai1="78,25,91,126,74,9,87,116,43,41,75,76,85" hai2="10,99,100,93,94,107,45,69,15,84,60,54,2" hai3="81,135,27,109,58,3,117,77,28,59,83,105,29"/><W113/><G117/><T44/><D119/><U73/><E126/><V102/><F2/><W1/><G113/><T18/><D129/><U121/><E116/><V71/><F107/><W114/><G105/><T111/><D92/><U34/><E121/><V24/><F24/><W23/><G114/><T21/><D21/><U96/><E25/><V0/><F0/><W67/><G135/><T115/><D115/><U103/><E34/><V125/><F125/><W101/><G101/><T128/><D128/><U14/><E41/><V63/><F71/><W50/><G109/><N who="0" m="42059" /><D79/><U124/><E43/><V98/><F84/><W90/><G29/><T133/><D72/><U39/><E39/><V42/><F54/><W110/><G110/><T132/><D18/><U46/><E46/><V89/><F89/><W127/><G127/><T19/><D19/><U82/><E124/><V97/><F97/><W56/><G67/><T16/><D31/><U123/><E123/><V66/><F66/><W70/><G70/><T38/><D38/><U118/><E85/><V36/><REACH who="2" step="1"/><F69/><REACH who="2" ten="263,239,147,341" step="2"/><W131/><G131/><T130/><D130/><U32/><E118/><V51/><F51/><W12/><G50/><T53/><D53/><U65/><E65/><V52/><F52/><W112/><G112/><T33/><D33/><U13/><E32/><V61/><F61/><W8/><G90/><T57/><D30/><U48/><E48/><V120/><F120/><W55/><G55/><T62/><D62/><U88/><E91/><V104/><F104/><W122/><G122/><T64/><D64/><U95/><E13/><RYUUKYOKU ba="1,1" sc="263,-15,239,15,147,15,341,-15" hai1="9,14,73,74,75,76,78,82,87,88,95,96,103" hai2="10,15,36,42,45,60,63,93,94,98,99,100,102" /><INIT seed="4,2,1,3,0,26" ten="248,254,162,326" oya="0" hai0="90,119,76,108,117,25,73,54,93,107,87,65,41" hai1="99,60,0,109,63,81,82,13,114,12,100,123,77" hai2="59,70,20,134,127,102,10,62,8,92,23,34,17" hai3="105,33,126,68,56,47,128,115,27,103,44,4,37"/><T88/><D65/><U6/><E109/><V39/><F34/><W72/><G56/><T69/><D69/><U24/><E123/><V35/><F35/><W122/><G4/><T132/><D41/><U14/><E114/><V32/><F32/><W118/><G27/><T48/><D107/><U28/><E0/><V46/><F70/><W38/><G103/><T129/><D108/><U57/><E6/><V31/><F127/><W43/><G47/><T101/><D101/><U45/><E45/><V3/><F3/><W111/><G44/><T121/><D121/><U135/><E135/><V2/><F2/><W106/><G43/><T49/><D129/><U51/><E51/><V67/><F134/><W9/><G9/><T124/><D132/><U125/><E125/><V18/><F46/><W22/><G22/><T97/><D124/><U58/><E77/><V66/><F66/><W110/><G106/><T21/><D73/><U74/><E74/><V40/><F40/><W78/><G78/><T52/><D76/><U79/><E79/><V42/><F39/><W86/><G86/><T98/><D119/><U61/><E82/><V84/><F42/><W133/><G38/><T71/><D71/><U131/><E81/><V1/><F1/><AGARI ba="2,1" hai="1,33,37,68,72,105,110,111,115,118,122,126,128,133" machi="1" ten="0,32000,5" yakuman="47" doraHai="26" who="3" fromWho="2" sc="248,0,254,0,162,-326,326,336" owari="248,-15.2,254,5.4,-164,-66.4,662,76.2" /></mjloggm>