<mjloggm ver="2.3"><GO type="169" lobby="0"/><UN n0="%6D%61%6A%75%6E%69%61" n1="%53%E6%9C%A8" n2="%64%72%61%65%74%63" n3="%E3%83%A2%E3%83%AD%E3%83%98%E3%82%A4%E3%83%A4" dan="17,17,16,16" rate="2187.40,2165.55,2137.04,2179.12" sx="M,M,M,M"/><TAIKYOKU oya="0"/><INIT seed="0,0,0,3,3,135" ten="250,250,250,250" oya="0" hai0="68,106,65,53,90,82,19,63,83,132,50,48,116" hai1="38,110,111,70,15,76,47,55,4,99,24,22,12" hai2="66,79,56,117,35,118,52,80,36,127,102,121,94" hai3="43,26,11,85,54,129,3,49,44,9,114,29,73"/><T91/><D132/><U131/><E70/><V60/><F36/><W25/><G73/><T30/><D116/><U39/><E131/><V67/><F35/><W120/><G114/><T45/><D106/><U128/><E128/><V6/><F6/><W17/><G129/><T98/><D30/><U33/><E33/><V61/><F121/><W101/><G120/><T14/><D98/><U124/><E76/><V8/><F8/><W105/><G101/><T42/><D83/><U133/><E133/><V109/><F109/><N who="1" m="41481" /><E99/><N who="2" m="59767" /><F61/><W37/><G105/><T97/><D97/><U119/><E119/><N who="2" m="45579" /><F127/><W64/><G64/><T13/><D13/><N who="1" m="5195" /><E4/><V75/><AGARI ba="0,0" hai="52,56,60,66,67,75,79,80" m="45579,59767" machi="75" ten="30,2000,0" yaku="12,1,54,1" doraHai="135" who="2" fromWho="2" sc="250,-10,250,-5,250,20,250,-5" /><INIT seed="1,0,0,3,3,112" ten="240,245,270,245" oya="1" hai0="17,62,84,28,115,132,46,110,88,87,75,30,39" hai1="106,126,47,54,33,123,42,4,111,125,74,60,93" hai2="134,37,109,9,81,117,11,89,25,120,18,127,61" hai3="135,1,56,79,78,45,31,59,2,73,94,124,118"/><U63/><E106/><V104/><F37/><W70/><G70/><T131/><D115/><U82/><E33/><V80/><F109/><W102/><G135/><T130/><D110/><U32/><E111/><V58/><F104/><W7/><G31/><T69/><D75/><U108/><E108/><V52/><F120/><W20/><G20/><T101/><D132/><U13/><E32/><V99/><F127/><N who="1" m="48649" /><E123/><V53/><F117/><W76/><G73/><T71/><D101/><U105/><E105/><V51/><F134/><W119/><G45/><T83/><D17/><U64/><E54/><V27/><F81/><W21/><G21/><T23/><D87/><U10/><E93/><N who="2" m="56751" /><F80/><W19/><G19/><T16/><D46/><U92/><E92/><V113/><F113/><W114/><G114/><T121/><D39/><N who="1" m="21983" /><E64/><V40/><F40/><W50/><G50/><T103/><D103/><U68/><E68/><N who="0" m="26185" /><D121/><U116/><E116/><N who="3" m="44586" /><G124/><T35/><D35/><U107/><E107/><V95/><F18/><W24/><G24/><N who="2" m="9289" /><F95/><W5/><G5/><T29/><D62/><U85/><E74/><V67/><F67/><W34/><G34/><T14/><D30/><U122/><E122/><V3/><F3/><N who="3" m="1035" /><G7/><T49/><D49/><U48/><E48/><V97/><F97/><AGARI ba="0,0" hai="56,59,76,78,79,94,97,102" m="1035,44586" machi="97" ten="40,8000,1" yaku="12,1,52,3" doraHai="112" who="3" fromWho="2" sc="240,0,245,0,270,-80,245,80" /><INIT seed="2,0,0,2,3,135" ten="240,245,190,325" oya="2" hai0="134,103,45,102,74,20,13,133,60,129,130,26,86" hai1="11,59,52,40,5,73,105,22,92,116,70,27,118" hai2="89,106,77,101,25,17,9,39,88,48,107,120,104" hai3="56,67,28,131,12,58,126,128,82,76,7,54,69"/><V23/><F39/><W98/><G28/><T97/><D74/><U53/><E105/><V64/><F120/><W123/><G123/><T87/><D45/><U19/><E70/><V90/><F77/><W119/><G119/><T61/><D13/><U122/><E122/><V42/><F64/><W72/><G69/><T124/><D97/><U57/><E73/><V51/><F101/><W2/><G2/><T84/><D20/><U115/><E115/><V15/><REACH who="2" step="1"/><F42/><REACH who="2" ten="240,245,180,325" step="2"/><W109/><G67/><T55/><D55/><U85/><E40/><V125/><F125/><W99/><G126/><T112/><D112/><U91/><E53/><V8/><F8/><W1/><G54/><T29/><D124/><U62/><REACH who="1" step="1"/><E57/><REACH who="1" ten="240,235,180,325" step="2"/><V127/><F127/><W95/><G56/><T3/><D133/><U38/><E38/><V71/><F71/><W37/><G58/><T83/><D134/><U66/><E66/><V47/><F47/><W68/><G68/><T44/><D44/><U79/><E79/><V10/><F10/><W0/><G76/><T121/><D121/><U75/><E75/><V6/><AGARI ba="0,2" hai="6,9,15,17,23,25,48,51,88,89,90,104,106,107" machi="6" ten="40,7800,0" yaku="1,1,0,1,54,1,53,0" doraHai="135" doraHaiUra="41" who="2" fromWho="2" sc="240,-26,235,-26,180,98,325,-26" /><INIT seed="2,1,0,5,1,52" ten="214,209,278,299" oya="2" hai0="17,49,90,110,105,38,41,31,66,63,101,13,42" hai1="84,117,54,99,79,58,48,43,67,50,28,96,113" hai2="26,112,5,62,22,116,127,108,80,21,19,6,100" hai3="106,97,72,18,104,57,2,115,89,118,129,107,44"/><V68/><F112/><W123/><G72/><T130/><D130/><U45/><E113/><V135/><F116/><W94/><G2/><T98/><D110/><U36/><E117/><V61/><F108/><W122/><G115/><T91/><D31/><U93/><E28/><V132/><F100/><W40/><G118/><T78/><D78/><U39/><E96/><V109/><F109/><W23/><G57/><T51/><D38/><U37/><E67/><V30/><F80/><W76/><G76/><T133/><D133/><N who="2" m="51274" /><F127/><W75/><G75/><T4/><D4/><N who="2" m="1642" /><F68/><W119/><G129/><T29/><D29/><U124/><E124/><V24/><AGARI ba="1,0" hai="19,21,22,24,26,30,61,62" m="1642,51274" machi="24" ten="30,1500,0" yaku="20,1" doraHai="52" who="2" fromWho="2" sc="214,-6,209,-6,278,18,299,-6" /><INIT seed="2,2,0,4,0,82" ten="208,203,296,293" oya="2" hai0="124,18,101,130,57,4,29,21,47,63,16,1,5" hai1="2,126,90,120,23,112,118,80,52,11,34,131,33" hai2="132,39,86,115,73,10,13,78,38,92,42,32,6" hai3="35,59,26,96,104,106,94,14,93,53,97,74,134"/><V12/><F32/><W87/><G74/><T110/><D110/><U62/><E118/><V7/><F115/><W75/><G75/><T28/><D101/><U89/><E112/><V81/><F132/><W70/><G70/><T107/><D107/><U50/><E131/><V55/><F42/><W69/><G69/><T113/><D113/><U61/><E126/><V24/><F24/><W3/><G3/><T25/><D47/><U117/><E117/><V119/><F119/><W44/><G44/><T91/><D91/><U88/><E80/><V49/><F92/><W40/><G40/><T108/><D108/><U30/><E23/><V100/><F100/><W66/><G66/><T19/><D124/><U20/><E20/><V135/><F73/><W111/><G111/><T27/><D57/><U54/><E120/><V72/><F72/><W43/><G43/><T127/><D63/><U22/><E22/><V99/><F99/><W125/><G125/><T84/><D84/><U121/><E121/><V41/><F41/><W37/><G37/><T129/><D127/><U45/><E54/><V68/><F68/><W8/><G87/><T51/><D51/><U56/><E62/><V31/><F31/><N who="0" m="11850" /><D1/><U95/><E30/><V116/><F116/><W98/><G106/><T83/><D83/><U133/><E133/><V48/><F135/><W15/><G104/><T65/><D65/><N who="1" m="39079" /><E95/><V77/><F77/><W36/><G134/><T114/><D114/><U102/><E102/><V9/><F49/><W60/><G36/><T128/><D25/><U0/><E0/><V67/><F67/><RYUUKYOKU ba="2,0" sc="208,10,203,10,296,10,293,-30" hai0="4,5,16,18,19,21,27,128,129,130" hai1="2,11,33,34,45,50,52,88,89,90" hai2="6,7,9,10,12,13,38,39,48,55,78,81,86" /><INIT seed="2,3,0,5,4,125" ten="218,213,306,263" oya="2" hai0="63,3,66,15,72,2,118,78,49,71,103,68,33" hai1="64,54,93,117,91,34,135,26,41,4,112,32,132" hai2="0,52,83,114,50,27,85,88,23,80,105,56,31" hai3="51,22,120,14,82,110,5,99,57,1,48,124,87"/><V127/><F127/><W126/><G1/><T107/><D49/><U74/><E112/><V131/><F131/><W24/><G120/><T42/><D15/><U65/><E117/><V69/><F69/><W96/><G110/><T108/><D108/><U6/><E74/><V30/><F0/><N who="0" m="42" /><D68/><U128/><E128/><V43/><F105/><W38/><G38/><T122/><D42/><U92/><E54/><V37/><F114/><W76/><G126/><T21/><D21/><U55/><E55/><V104/><F104/><W58/><G51/><T95/><D95/><N who="1" m="36427" /><E91/><V18/><REACH who="2" step="1"/><F83/><REACH who="2" ten="218,213,296,263" step="2"/><W17/><G82/><N who="0" m="45383" /><D122/><U106/><E106/><V81/><F81/><W130/><G130/><T19/><D118/><U100/><E135/><V79/><F79/><W12/><G76/><T133/><D133/><U60/><E132/><V44/><AGARI ba="3,1" hai="18,23,27,30,31,37,43,44,50,52,56,80,85,88" machi="44" ten="30,11700,0" yaku="1,1,0,1,54,2,53,0" doraHai="125" doraHaiUra="75" who="2" fromWho="2" sc="218,-42,213,-42,296,136,263,-42" /><INIT seed="2,4,0,0,4,41" ten="176,171,432,221" oya="2" hai0="70,117,71,20,8,7,38,103,69,37,126,82,59" hai1="51,9,55,85,108,65,63,134,61,16,14,116,95" hai2="86,120,57,64,11,111,45,131,122,127,72,83,99" hai3="84,113,46,79,21,109,3,36,93,124,89,128,33"/><V48/><F72/><W114/><G33/><T107/><D117/><U123/><E108/><V23/><F127/><W76/><G3/><T106/><D126/><U53/><E134/><V77/><F131/><W94/><G124/><T73/><D20/><U104/><E116/><V92/><F111/><W12/><G109/><T44/><D59/><U24/><E104/><V6/><F23/><W101/><G128/><T10/><D10/><U40/><E123/><V49/><F64/><W90/><G101/><T50/><D103/><U74/><E74/><V105/><F57/><W67/><G67/><T19/><D19/><U28/><E40/><V26/><F49/><W5/><G36/><T130/><D130/><U43/><E43/><V68/><F26/><W34/><G46/><T91/><D91/><N who="1" m="53743" /><E55/><V132/><F68/><W4/><G34/><T75/><D50/><U115/><E65/><V121/><F105/><W42/><G42/><N who="0" m="22607" /><D38/><U31/><E115/><N who="3" m="44042" /><G21/><T27/><D75/><U52/><E24/><V13/><F132/><W87/><G12/><T62/><D27/><U110/><E110/><V29/><F29/><N who="1" m="11337" /><E53/><N who="2" m="29839" /><F122/><W39/><G39/><T129/><D129/><U17/><E17/><V133/><F133/><W58/><G58/><AGARI ba="4,0" hai="9,14,16,51,52,58,61,63" m="11337,53743" machi="58" ten="30,3900,0" yaku="8,1,54,2" doraHai="41" who="1" fromWho="3" sc="176,0,171,51,432,0,221,-51" /><INIT seed="3,0,0,4,3,124" ten="176,222,432,170" oya="3" hai0="13,103,95,52,81,89,109,43,23,88,51,71,77" hai1="18,123,64,58,82,19,130,128,17,125,84,37,65" hai2="20,30,35,83,21,26,87,91,135,15,118,38,48" hai3="132,111,90,8,121,44,75,74,24,119,62,73,120"/><W47/><G119/><T107/><D109/><U6/><E123/><V57/><F38/><W112/><G112/><T60/><D43/><U3/><E125/><V49/><F135/><W14/><G132/><T28/><D107/><U32/><E32/><V99/><F118/><W96/><G111/><T102/><D71/><U12/><E37/><V68/><F68/><W105/><G24/><T61/><D89/><U133/><E3/><V100/><F57/><W40/><G62/><T98/><D60/><N who="1" m="37911" /><E65/><V9/><F49/><W70/><G70/><T116/><D61/><U129/><E6/><V34/><F48/><W45/><G40/><T5/><D116/><U69/><E69/><V50/><F50/><W39/><G39/><T85/><D5/><U122/><E122/><V113/><F35/><W54/><G54/><T104/><D104/><U106/><E106/><V33/><F33/><W79/><G79/><T93/><D93/><U1/><E1/><V36/><F36/><W126/><G126/><T131/><D131/><U97/><E97/><V66/><F66/><W114/><G114/><T108/><D108/><U115/><E115/><V16/><F113/><W41/><G41/><T25/><REACH who="0" step="1"/><D13/><REACH who="0" ten="166,222,432,170" step="2"/><U72/><E133/><V7/><F7/><W53/><G53/><T134/><D134/><U10/><E72/><V31/><F31/><W110/><G110/><T67/><D67/><U78/><AGARI ba="0,1" hai="10,12,17,18,19,78,82,84,128,129,130" m="37911" machi="78" ten="30,7900,0" yaku="19,1,52,3" doraHai="124" who="1" fromWho="1" sc="166,-20,222,89,432,-20,170,-39" /><INIT seed="4,0,0,0,4,94" ten="146,311,412,131" oya="0" hai0="85,19,27,25,107,15,41,101,48,130,39,117,93" hai1="61,109,30,54,40,99,21,2,29,51,103,72,83" hai2="23,62,28,76,115,113,108,71,8,6,81,59,134" hai3="97,114,31,125,63,50,34,102,84,12,56,78,66"/><T47/><D117/><U36/><E109/><V45/><F71/><W126/><G114/><N who="2" m="43529" /><F45/><W79/><G12/><T46/><D130/><U112/><E112/><V17/><F28/><W60/><G84/><T75/><D75/><U73/><E2/><N who="2" m="87" /><F134/><W33/><G50/><T14/><D107/><U127/><E61/><V88/><F88/><W68/><G79/><T131/><D131/><U64/><E30/><V92/><F92/><W67/><G78/><T89/><D101/><U18/><E29/><V80/><F76/><W133/><G133/><T77/><D77/><U74/><E73/><V124/><F124/><N who="3" m="47723" /><G31/><T55/><REACH who="0" step="1"/><D15/><REACH who="0" ten="136,311,412,131" step="2"/><U91/><E74/><V106/><F106/><AGARI ba="0,1" hai="33,34,56,60,63,66,67,68,97,102,106" m="47723" machi="106" ten="30,2000,0" yaku="18,1,52,1" doraHai="94" who="3" fromWho="2" sc="136,0,311,0,412,-20,131,30" /><INIT seed="5,0,0,4,4,17" ten="136,311,392,161" oya="1" hai0="80,58,19,72,101,120,12,38,11,34,111,109,70" hai1="32,125,121,68,71,74,36,100,93,1,21,16,0" hai2="133,30,90,47,92,46,10,94,67,40,81,104,77" hai3="86,45,14,65,63,66,98,112,51,83,52,130,55"/><U78/><E121/><V2/><F104/><W26/><G112/><T6/><D70/><U20/><E32/><V105/><F105/><W135/><G135/><T53/><D101/><U31/><E36/><V85/><F133/><W116/><G130/><T44/><D34/><U95/><E74/><V118/><F118/><W89/><G116/><T27/><D120/><U79/><E31/><V41/><F67/><W126/><G126/><T117/><D117/><U122/><E122/><V28/><F2/><W24/><G98/><T75/><D75/><U54/><E54/><V42/><F10/><W128/><G128/><T124/><D124/><U132/><E132/><V108/><F108/><W131/><G131/><T56/><D56/><U76/><E76/><V87/><F94/><W106/><G106/><T69/><D69/><U103/><REACH who="1" step="1"/><E16/><REACH who="1" ten="136,301,392,161" step="2"/><V97/><F28/><W84/><G55/><T107/><D72/><U37/><E37/><V22/><F97/><W91/><G66/><T5/><D109/><U88/><E88/><V82/><F82/><W134/><G134/><T113/><D111/><U49/><E49/><V119/><F119/><W96/><G96/><T29/><D38/><U25/><E25/><AGARI ba="0,1" hai="22,25,30,40,41,42,46,47,77,81,85,87,90,92" machi="25" ten="40,2600,0" yaku="8,1,52,1" doraHai="17" who="2" fromWho="1" sc="136,0,301,-26,392,36,161,0" /><INIT seed="6,0,0,5,4,81" ten="136,275,428,161" oya="2" hai0="130,28,117,68,73,126,99,82,66,52,36,18,70" hai1="85,12,17,124,14,53,95,134,98,23,5,120,42" hai2="34,127,100,30,105,92,1,44,86,74,111,115,46" hai3="119,24,26,54,25,75,39,96,102,93,113,31,21"/><V13/><F13/><W135/><G75/><T90/><D130/><U77/><E134/><V33/><F92/><W4/><G39/><T76/><D126/><U131/><E124/><V29/><F86/><W47/><G119/><T64/><D36/><U35/><E131/><V132/><F100/><W97/><G135/><T125/><D125/><U72/><E35/><V57/><F57/><W19/><G4/><T9/><D28/><U58/><E72/><V118/><F46/><W27/><G113/><T129/><D129/><U71/><E71/><V104/><F44/><W87/><G97/><T40/><D40/><U94/><E42/><V15/><F15/><W3/><G3/><T106/><D117/><U79/><E120/><V38/><F30/><W55/><G47/><T61/><D9/><N who="1" m="4143" /><E79/><V84/><F29/><W2/><G2/><T114/><D114/><U65/><E65/><V91/><F91/><W59/><G31/><T6/><D18/><U128/><E128/><V60/><F34/><W48/><G54/><T63/><D6/><U69/><E69/><V62/><F33/><W56/><G56/><T103/><D90/><U116/><E98/><V110/><F132/><W16/><G19/><T67/><REACH who="0" step="1"/><D66/><REACH who="0" ten="126,275,428,161" step="2"/><U123/><E116/><V51/><F118/><W122/><G122/><T37/><D37/><U88/><E123/><V80/><F38/><W107/><G107/><T43/><D43/><U8/><E77/><V50/><F105/><W49/><G49/><T112/><D112/><U32/><E8/><V89/><F115/><W11/><G11/><T133/><D133/><RYUUKYOKU ba="0,1" sc="126,15,275,-15,428,-15,161,15" hai0="52,61,63,64,67,68,70,73,76,82,99,103,106" hai3="16,21,24,25,26,27,48,55,59,87,93,96,102" /><INIT seed="7,1,1,4,0,26" ten="141,260,413,176" oya="3" hai0="109,50,117,133,76,103,36,96,25,45,71,14,67" hai1="128,15,53,87,28,100,112,38,17,54,12,21,5" hai2="8,132,107,34,33,129,18,19,40,63,0,74,116" hai3="80,64,125,119,118,127,93,106,78,94,130,95,86"/><W6/><G6/><T48/><D117/><N who="3" m="44553" /><G64/><T115/><D133/><U65/><E38/><V56/><F19/><W46/><G46/><T11/><D109/><U114/><E65/><V75/><F18/><W111/><G111/><T97/><D76/><U101/><E87/><V4/><F56/><W105/><G130/><T13/><D36/><U72/><E17/><V10/><F4/><W88/><G78/><T131/><D131/><U91/><E128/><V79/><F79/><W3/><G3/><T27/><D45/><U51/><E21/><V41/><F0/><W110/><G110/><T31/><D67/><U43/><E51/><V108/><F108/><W42/><G42/><T122/><D122/><U92/><E43/><V47/><F41/><W20/><G20/><T7/><D71/><U32/><E5/><V39/><F40/><W37/><G37/><T44/><D44/><U55/><E32/><V52/><F47/><W24/><G24/><T73/><D73/><U35/><E72/><V70/><F34/><W102/><G102/><T98/><D115/><N who="1" m="44075" /><E100/><V121/><F33/><W60/><G60/><T126/><D126/><AGARI ba="1,1" hai="80,86,88,93,94,95,105,106,125,126,127" m="44553" machi="126" ten="40,12000,1" yaku="18,1,34,2,54,1" doraHai="26" who="3" fromWho="0" sc="141,-123,260,0,413,0,176,133" /><INIT seed="7,2,0,5,4,35" ten="18,260,413,309" oya="3" hai0="64,80,57,31,27,69,91,109,28,70,122,19,25" hai1="97,23,126,106,135,62,67,72,68,5,33,65,58" hai2="131,84,15,66,112,89,121,105,125,48,118,0,90" hai3="52,60,10,96,77,32,82,78,21,99,117,7,29"/><W75/><G32/><T6/><D80/><U41/><E126/><V74/><F0/><W42/><G117/><T103/><D103/><U100/><E135/><V133/><F74/><W40/><G78/><T88/><D6/><U101/><E72/><V94/><F66/><W102/><G29/><T85/><D85/><U45/><E100/><V110/><F105/><W39/><G21/><T73/><D73/><U44/><E5/><V120/><F112/><W43/><G39/><T53/><D53/><U61/><E23/><V49/><F110/><W30/><G30/><T4/><D4/><U107/><E107/><V54/><F125/><W76/><G76/><T37/><D57/><U8/><E8/><V116/><F133/><W17/><G17/><T129/><D64/><U18/><E18/><V9/><F90/><W38/><G38/><T11/><D37/><U108/><E108/><V47/><F49/><W16/><G16/><T26/><D19/><U124/><E124/><V56/><F47/><W128/><G128/><T71/><D11/><U119/><E119/><V59/><F59/><W1/><REACH who="3" step="1"/><G102/><REACH who="3" ten="18,260,413,299" step="2"/><T46/><D109/><U3/><E33/><V127/><F131/><W111/><G111/><T34/><D129/><U20/><E20/><V63/><F127/><W86/><G86/><T115/><D34/><U2/><E45/><N who="2" m="27919" /><F116/><W79/><G79/><T36/><D122/><U134/><E134/><V113/><F118/><W83/><G83/><T50/><D115/><U55/><E67/><N who="2" m="39399" /><F113/><W130/><G130/><T104/><D36/><AGARI ba="2,1" hai="2,3,36,41,44,55,58,61,62,65,68,97,101,106" machi="36" ten="30,3900,0" yaku="7,1,52,2" doraHai="35" who="1" fromWho="0" sc="18,-45,260,55,413,0,299,0" owari="-27,-52.7,315,11.5,413,51.3,299,-10.1" /></mjloggm>