<mjloggm ver="2.3"><GO type="169" lobby="0"/><UN n0="%E3%82%B0%E3%83%B3%E3%83%80%E3%83%AA%E3%83%BC" n1="%54%68%65%72%65%73%61%5F" n2="%50%73%79%63%68%65" n3="%45%72%77%69%6E%52%64" dan="19,16,17,16" rate="2286.90,2077.75,2138.07,2113.68" sx="M,M,M,M"/><TAIKYOKU oya="0"/><INIT seed="0,0,0,2,5,14" ten="250,250,250,250" oya="0" hai0="16,108,111,110,0,39,105,21,74,36,30,64,5" hai1="56,57,44,100,102,63,118,13,75,113,6,25,87" hai2="83,69,26,115,70,133,126,124,119,31,35,9,17" hai3="121,94,120,50,82,76,109,37,20,99,85,51,71"/><T132/><D105/><U52/><E75/><V3/><F115/><W97/><G71/><T131/><D74/><U47/><E118/><V84/><F119/><W88/><G37/><T15/><D132/><U73/><E73/><V33/><F33/><W104/><G109/><T24/><D131/><U67/><E113/><V80/><F133/><W103/><REACH who="3" step="1"/><G20/><REACH who="3" ten="250,250,250,240" step="2"/><N who="0" m="15623" /><D64/><U43/><E67/><V130/><F70/><W60/><G60/><T18/><D18/><U23/><E63/><V93/><F69/><W91/><G91/><T66/><D66/><U58/><E23/><V135/><F135/><W65/><G65/><T127/><D127/><U112/><E112/><V7/><F126/><W46/><G46/><T95/><D95/><U22/><E44/><V134/><F124/><W42/><G42/><T98/><D98/><U122/><E43/><V68/><F68/><W41/><G41/><T62/><D62/><U117/><E117/><V96/><F134/><W114/><G114/><T48/><D48/><AGARI ba="0,1" hai="48,50,51,76,82,85,88,94,97,99,103,104,120,121" machi="48" ten="40,2600,0" yaku="1,1,54,1,53,0" doraHai="14" doraHaiUra="40" who="3" fromWho="0" sc="250,-26,250,0,250,0,240,36" /><INIT seed="1,0,0,2,4,47" ten="224,250,250,276" oya="1" hai0="9,19,57,44,95,131,37,101,46,79,69,80,32" hai1="28,127,58,126,0,121,34,60,24,123,113,43,56" hai2="27,21,105,20,102,5,52,117,107,103,109,135,65" hai3="35,41,70,6,45,54,7,62,122,17,18,115,30"/><U38/><E113/><V42/><F117/><W23/><G115/><T11/><D69/><U111/><E0/><V106/><F109/><W125/><G122/><T129/><D32/><U1/><E1/><V59/><F135/><W76/><G125/><N who="1" m="47626" /><E111/><V73/><F73/><W49/><G76/><T13/><D37/><U78/><E78/><V114/><F114/><W83/><G83/><T118/><D118/><U64/><E58/><V36/><F65/><W26/><G17/><T53/><D11/><U82/><E82/><V72/><F72/><W90/><G90/><T31/><D31/><U33/><E33/><V96/><F5/><W71/><G71/><T77/><D77/><U4/><E4/><V97/><F107/><W112/><G112/><T63/><D129/><U39/><E43/><V15/><F15/><W2/><G2/><T93/><D131/><U85/><E85/><V91/><F91/><W124/><G124/><T116/><D116/><U133/><E133/><V100/><F100/><W61/><G62/><T14/><D14/><U29/><E28/><V94/><F106/><W119/><G119/><T92/><REACH who="0" step="1"/><D101/><REACH who="0" ten="214,250,250,276" step="2"/><U120/><AGARI ba="0,1" hai="24,29,34,38,39,56,60,64,120,121,123" m="47626" machi="120" ten="40,2100,0" yaku="18,1" doraHai="47" who="1" fromWho="1" sc="214,-7,250,31,250,-7,276,-7" /><INIT seed="1,1,0,5,3,35" ten="207,281,243,269" oya="1" hai0="49,3,77,31,40,51,91,94,59,13,22,39,61" hai1="95,132,20,102,44,5,7,15,110,41,134,104,111" hai2="2,119,6,118,1,107,69,14,47,34,90,48,19" hai3="127,92,75,66,4,70,56,74,88,105,57,85,108"/><U26/><E104/><V112/><F69/><W52/><G105/><T54/><D77/><U8/><E7/><V96/><F34/><W106/><G106/><T30/><D39/><U68/><E68/><V123/><F123/><W98/><G108/><N who="1" m="41514" /><E102/><V37/><F37/><W101/><G127/><T67/><D3/><U53/><E53/><V109/><F109/><W78/><G78/><T86/><D40/><U24/><E95/><V55/><F112/><W115/><G115/><T82/><D82/><U25/><E20/><V21/><F6/><W62/><G4/><T113/><D113/><U9/><E9/><V60/><F60/><W71/><G71/><T80/><D80/><U64/><E64/><V28/><F107/><W27/><G70/><T83/><D83/><U29/><E29/><N who="0" m="10761" /><D54/><U63/><E63/><V50/><F28/><W97/><G98/><T129/><D129/><U17/><E17/><AGARI ba="1,0" hai="13,17,22,49,51,59,61,67,86,91,94" m="10761" machi="17" ten="30,1000,0" yaku="8,1" doraHai="35" who="0" fromWho="1" sc="207,13,281,-13,243,0,269,0" /><INIT seed="2,0,0,5,1,22" ten="220,268,243,269" oya="2" hai0="30,34,24,70,84,108,6,95,5,94,50,73,79" hai1="20,113,61,82,88,104,37,125,133,48,126,43,105" hai2="107,38,40,91,8,59,53,110,102,27,119,39,45" hai3="49,52,15,77,16,17,65,13,42,67,54,66,87"/><V9/><F119/><W4/><G4/><T131/><D70/><U44/><E113/><V41/><F110/><W83/><G42/><T127/><D108/><U111/><E111/><V116/><F116/><W51/><G13/><T23/><D73/><U31/><E133/><V97/><F91/><W81/><G83/><T32/><D127/><N who="1" m="48651" /><E61/><V76/><F76/><W26/><G26/><T80/><D131/><U75/><E37/><V60/><REACH who="2" step="1"/><F27/><REACH who="2" ten="220,268,233,269" step="2"/><W134/><G134/><T19/><D79/><N who="1" m="44415" /><E88/><V35/><F35/><W92/><G92/><T89/><D34/><U64/><E64/><V36/><F36/><W114/><G114/><T14/><D95/><U46/><E46/><AGARI ba="0,1" hai="8,9,38,39,40,41,45,46,53,59,60,97,102,107" machi="46" ten="40,3900,0" yaku="1,1,9,1,53,0" doraHai="22" doraHaiUra="120" who="2" fromWho="1" sc="220,0,268,-39,233,49,269,0" /><INIT seed="2,1,0,1,3,52" ten="220,229,282,269" oya="2" hai0="39,78,102,59,17,3,11,135,57,119,75,23,48" hai1="58,45,9,56,80,71,22,99,29,100,81,69,113" hai2="133,44,2,26,87,95,86,62,126,47,134,122,124" hai3="72,41,77,96,108,93,6,88,34,125,21,91,109"/><V19/><F2/><W83/><G34/><T101/><D39/><U130/><E113/><V42/><F122/><W111/><G6/><T131/><D75/><U15/><E69/><V4/><F4/><W118/><G41/><T106/><D106/><U73/><E71/><V98/><F62/><W50/><G50/><T64/><D3/><U18/><E130/><V76/><F19/><W107/><G21/><T40/><D78/><U97/><E45/><N who="2" m="17483" /><F26/><W30/><G30/><T31/><D40/><U74/><E74/><V36/><F42/><W1/><G1/><T61/><D135/><N who="2" m="51722" /><F36/><W66/><G66/><T70/><D131/><U68/><E68/><V60/><F60/><W84/><G118/><T5/><D70/><U79/><E80/><N who="2" m="47495" /><F86/><W12/><G12/><N who="0" m="5231" /><D31/><U35/><E35/><V32/><F32/><W116/><G116/><T82/><D82/><U94/><REACH who="1" step="1"/><E97/><REACH who="1" ten="220,219,282,269" step="2"/><V13/><F98/><W90/><G125/><T105/><D119/><U51/><E51/><V0/><F126/><W16/><G16/><T55/><D105/><U128/><E128/><V33/><F33/><W37/><G37/><T43/><D43/><U8/><E8/><V121/><F124/><W110/><G109/><T46/><D46/><U63/><E63/><V104/><F104/><W92/><G107/><T24/><AGARI ba="1,1" hai="17,23,24,48,55,57,59,61,64,101,102" m="5231" machi="24" ten="30,4000,0" yaku="8,1,52,2" doraHai="52" who="0" fromWho="0" sc="220,53,219,-11,282,-21,269,-11" /><INIT seed="3,0,0,4,3,129" ten="273,208,261,258" oya="3" hai0="92,77,118,55,109,89,45,80,73,12,75,114,94" hai1="76,131,0,21,126,100,8,42,128,33,2,119,127" hai2="5,70,107,29,48,30,106,14,74,38,93,35,79" hai3="108,41,63,22,113,90,39,32,40,18,86,9,26"/><W120/><G113/><T56/><D118/><U16/><E100/><V53/><F38/><W49/><G120/><T61/><D109/><U20/><E76/><V58/><F70/><W104/><G39/><T52/><D114/><U23/><E42/><V25/><F30/><W62/><G104/><T99/><D12/><N who="1" m="7175" /><E33/><V64/><F64/><W82/><G108/><T85/><D45/><U112/><E112/><V15/><F93/><W133/><G32/><T105/><D105/><U44/><E44/><V123/><F123/><W68/><G68/><T4/><D4/><U71/><E71/><V37/><F37/><W83/><G82/><T134/><D134/><U135/><E135/><V125/><F107/><W34/><G133/><T13/><D13/><U1/><E119/><V88/><F106/><W115/><G115/><T54/><REACH who="0" step="1"/><D75/><REACH who="0" ten="263,208,261,258" step="2"/><U46/><E46/><V95/><F5/><W87/><G40/><T31/><D31/><U51/><E51/><V72/><F72/><W102/><G49/><T121/><D121/><U66/><E66/><V110/><F110/><W101/><G41/><T124/><D124/><AGARI ba="0,1" hai="0,1,2,20,21,23,124,126,127,128,131" m="7175" machi="124" ten="40,8000,1" yaku="18,1,34,2,54,1" doraHai="129" who="1" fromWho="0" sc="263,-80,208,90,261,0,258,0" /><INIT seed="4,0,0,4,4,85" ten="183,298,261,258" oya="0" hai0="68,58,69,115,100,102,126,78,9,97,18,99,0" hai1="16,87,49,46,42,54,119,17,103,95,21,90,82" hai2="134,57,12,128,116,108,27,8,91,33,122,22,70" hai3="20,24,94,1,86,29,132,67,32,59,112,56,71"/><T98/><D115/><U2/><E2/><V50/><F70/><W55/><G1/><T117/><D117/><U36/><E119/><V111/><F116/><W25/><G112/><T61/><D126/><U52/><E17/><V53/><F122/><W110/><G110/><T96/><D78/><N who="1" m="46551" /><E103/><V6/><F134/><W131/><G132/><T43/><D43/><U14/><E36/><V121/><F121/><W135/><G135/><T3/><D3/><U73/><E73/><V4/><F4/><W113/><G113/><T105/><D102/><U92/><E92/><V23/><F128/><W104/><G104/><T19/><D19/><U72/><E72/><V41/><F41/><W118/><G71/><T30/><D30/><U76/><E76/><V62/><F33/><W106/><G106/><T66/><REACH who="0" step="1"/><D18/><REACH who="0" ten="173,298,261,258" step="2"/><U107/><E107/><V5/><F111/><W125/><G29/><T114/><D114/><U45/><E46/><V84/><F108/><W75/><G125/><T7/><AGARI ba="0,1" hai="0,7,9,58,61,66,68,69,96,97,98,99,100,105" machi="7" ten="30,6000,0" yaku="1,1,0,1,53,1" doraHai="85" doraHaiUra="63" who="0" fromWho="0" sc="173,70,298,-20,261,-20,258,-20" /><INIT seed="4,1,0,0,0,103" ten="243,278,241,238" oya="0" hai0="77,82,126,108,118,35,37,5,91,125,67,52,33" hai1="30,78,60,69,80,85,120,109,20,111,115,66,56" hai2="100,76,132,9,68,73,105,25,127,46,54,88,124" hai3="64,24,40,106,90,27,28,128,75,16,29,48,121"/><T96/><D118/><U94/><E120/><V62/><F132/><W112/><G75/><T23/><D37/><U38/><E38/><V21/><F9/><W95/><G112/><T72/><D67/><U31/><E69/><V92/><F76/><W19/><G106/><T131/><D5/><U26/><E115/><V63/><F73/><W134/><G134/><T51/><D23/><U0/><E0/><V12/><F12/><W6/><G6/><T70/><D70/><U135/><E135/><V10/><F10/><W13/><G128/><T117/><D117/><U113/><E113/><V101/><F101/><W3/><G3/><T93/><D108/><U104/><E104/><V114/><F114/><W129/><G64/><T22/><D22/><U11/><E11/><V43/><F68/><W14/><G129/><T61/><D61/><U39/><E39/><V99/><F54/><W34/><G121/><T89/><D91/><U86/><E30/><V110/><F110/><W123/><G123/><T42/><D42/><U97/><REACH who="1" step="1"/><E85/><REACH who="1" ten="243,268,241,238" step="2"/><V45/><F105/><W133/><G133/><T74/><D74/><U7/><E7/><V107/><F107/><W87/><G19/><T58/><REACH who="0" step="1"/><D131/><REACH who="0" ten="233,268,241,238" step="2"/><U32/><E32/><AGARI ba="1,2" hai="32,33,35,51,52,58,72,77,82,89,93,96,125,126" machi="32" ten="40,7700,0" yaku="1,1,2,1,54,1,53,0" doraHai="103" doraHaiUra="15" who="0" fromWho="1" sc="233,100,268,-80,241,0,238,0" /><INIT seed="4,2,0,1,1,61" ten="333,188,241,238" oya="0" hai0="90,12,130,126,55,66,121,129,114,69,58,97,82" hai1="44,0,78,36,35,38,17,29,8,74,110,41,71" hai2="31,51,32,116,108,89,103,135,56,80,93,45,131" hai3="96,95,117,112,106,120,57,9,40,133,5,92,68"/><T107/><D121/><U111/><E17/><V37/><F108/><W100/><G117/><T79/><D12/><U39/><E110/><V67/><F116/><W118/><G118/><T59/><D114/><U75/><E111/><V53/><F135/><W94/><G68/><T30/><D30/><U20/><E20/><V64/><F131/><N who="0" m="50186" /><D126/><U125/><E125/><V24/><F103/><W123/><G133/><T99/><D90/><U16/><E16/><V127/><F80/><W81/><G112/><T76/><D76/><U84/><E84/><V86/><REACH who="2" step="1"/><F127/><REACH who="2" ten="333,188,231,238" step="2"/><W33/><G81/><T101/><D82/><N who="1" m="45399" /><E75/><V87/><F87/><W27/><G100/><T119/><D101/><U19/><E38/><V49/><F49/><W134/><G134/><T98/><D119/><U34/><E39/><V70/><F70/><W63/><G106/><T132/><D107/><U50/><E50/><V115/><F115/><W18/><G96/><T122/><D99/><U73/><E73/><V65/><F65/><W102/><G102/><T6/><D98/><U2/><E71/><V54/><F54/><W1/><G120/><T72/><D97/><U77/><E36/><V26/><F26/><W105/><G105/><T48/><D122/><U85/><E85/><V62/><F62/><W11/><G123/><T28/><D132/><U3/><E77/><V46/><F46/><W47/><G47/><T4/><D79/><U13/><E44/><V7/><F7/><N who="0" m="2602" /><D72/><U91/><E91/><V23/><F23/><W15/><G27/><T60/><D69/><U42/><E34/><V109/><F109/><RYUUKYOKU ba="2,1" sc="333,10,188,10,231,10,238,-30" hai0="28,48,55,58,59,60,66" hai1="0,2,3,8,13,19,29,35,41,42" hai2="24,31,32,37,45,51,53,56,64,67,86,89,93" /><INIT seed="4,3,1,0,2,38" ten="343,198,241,208" oya="0" hai0="37,82,15,91,116,16,120,51,109,14,8,93,121" hai1="27,54,35,59,17,70,125,62,18,47,1,20,12" hai2="122,48,78,81,45,2,118,25,111,24,53,76,105" hai3="130,49,73,26,75,103,119,65,80,89,113,64,98"/><T39/><D116/><U52/><E1/><V132/><F111/><W99/><G119/><T129/><D109/><U13/><E125/><V41/><F118/><W5/><G130/><T124/><D129/><U134/><E134/><V88/><F122/><W66/><G113/><T42/><D124/><U96/><E70/><V114/><F105/><W29/><G5/><T106/><D106/><U6/><E6/><V56/><F2/><W77/><G73/><T115/><D115/><U86/><E35/><V19/><F132/><W44/><G89/><T127/><D127/><U0/><E0/><V36/><F114/><W61/><G61/><T9/><D82/><U40/><E96/><V58/><F58/><W69/><G69/><T67/><D67/><U72/><E72/><V123/><F123/><W22/><REACH who="3" step="1"/><G103/><REACH who="3" ten="343,198,241,198" step="2"/><T68/><D68/><U3/><E3/><V110/><F110/><W43/><AGARI ba="3,2" hai="22,26,29,43,44,49,64,65,66,75,77,80,98,99" machi="43" ten="30,7900,0" yaku="1,1,2,1,0,1,52,1,53,0" doraHai="38" doraHaiUra="57" who="3" fromWho="3" sc="343,-42,198,-23,241,-23,198,108" /><INIT seed="5,0,0,3,2,130" ten="301,175,218,306" oya="1" hai0="28,27,67,21,38,98,135,51,113,76,117,62,68" hai1="26,18,42,101,88,74,46,3,110,11,125,133,77" hai2="82,7,129,112,100,120,60,92,83,58,114,8,1" hai3="36,131,90,40,22,59,102,99,70,91,57,45,96"/><U94/><E101/><V41/><F120/><W87/><G70/><T33/><D117/><U93/><E125/><V108/><F108/><W72/><G72/><T0/><D38/><U127/><E127/><V123/><F123/><W75/><G75/><T15/><D76/><U124/><E124/><V4/><F41/><W44/><G131/><T116/><D116/><U13/><E110/><V50/><F50/><W109/><G109/><T104/><D51/><U25/><E93/><V20/><F7/><W65/><G22/><T71/><D0/><U126/><E126/><V12/><F129/><W134/><G102/><N who="0" m="62551" /><D71/><U31/><E3/><V105/><F105/><W69/><G69/><T63/><D63/><U32/><E26/><V79/><F1/><W122/><G87/><T23/><D113/><N who="2" m="43626" /><F20/><N who="0" m="7754" /><D15/><U97/><E77/><V121/><F79/><W118/><G36/><T81/><D81/><U56/><E74/><V39/><F39/><W85/><G118/><T47/><D47/><U14/><E14/><V37/><F37/><W48/><G48/><T10/><D10/><U107/><E107/><V111/><F111/><W66/><G85/><T43/><D43/><U84/><E84/><V17/><F121/><W2/><G122/><T29/><D29/><U132/><REACH who="1" step="1"/><E56/><REACH who="1" ten="301,165,218,306" step="2"/><V115/><F115/><W64/><G2/><T52/><D27/><U89/><E89/><V34/><F100/><W35/><G57/><T19/><D68/><U106/><E106/><V6/><F92/><W95/><G59/><T86/><D86/><U54/><E54/><N who="2" m="33879" /><F34/><W103/><G35/><T5/><D33/><RYUUKYOKU ba="0,1" sc="301,-15,165,15,218,15,306,-15" hai1="11,13,18,25,31,32,42,46,88,94,97,132,133" hai2="4,6,8,12,17,82,83" /><INIT seed="5,1,1,4,0,112" ten="286,180,233,291" oya="1" hai0="130,110,100,135,13,79,1,2,106,124,40,131,103" hai1="22,73,125,17,80,76,59,56,0,72,126,69,48" hai2="127,133,16,101,92,6,91,99,34,122,52,93,98" hai3="84,51,43,32,114,86,10,129,64,19,31,55,78"/><U128/><E69/><V35/><F122/><W62/><G114/><T50/><D110/><U27/><E0/><V23/><F133/><W7/><G43/><T24/><D79/><U134/><E134/><V8/><F127/><N who="1" m="48649" /><E128/><V45/><F45/><W18/><G31/><T121/><D2/><U120/><E120/><V4/><F52/><W65/><G32/><T30/><D1/><U83/><E48/><V33/><REACH who="2" step="1"/><F8/><REACH who="2" ten="286,180,223,291" step="2"/><W46/><G129/><T53/><D121/><U111/><E111/><V116/><F116/><W109/><G109/><T36/><D124/><U39/><E39/><V67/><F67/><W90/><G64/><T25/><D36/><U41/><E41/><V38/><F38/><W37/><G65/><T82/><D40/><U70/><E70/><V115/><F115/><W9/><G10/><T97/><D135/><U47/><E47/><V89/><F89/><W54/><G37/><T57/><D131/><U119/><E119/><V26/><AGARI ba="1,2" hai="4,6,16,23,26,33,34,35,91,92,93,98,99,101" machi="26" ten="30,4000,0" yaku="1,1,0,1,54,1,53,0" doraHai="112" doraHaiUra="61" who="2" fromWho="2" sc="286,-11,180,-21,223,63,291,-11" /><INIT seed="6,0,0,4,4,34" ten="275,159,286,280" oya="2" hai0="33,79,16,55,46,72,24,65,61,118,112,26,9" hai1="109,89,76,53,101,6,7,90,25,117,49,12,18" hai2="130,111,40,51,41,0,75,97,58,30,2,60,29" hai3="127,19,8,129,103,56,42,3,28,86,114,39,17"/><V27/><F75/><W95/><G129/><T20/><D72/><U131/><E109/><V21/><F130/><W96/><G127/><T133/><D79/><U116/><E131/><V115/><F111/><W91/><G28/><T57/><D112/><U32/><E101/><V87/><F115/><W64/><G114/><T62/><D133/><U107/><E107/><V14/><F30/><W120/><G120/><T83/><D83/><U104/><E104/><V59/><F14/><W105/><G42/><T92/><D92/><U124/><E124/><V67/><F87/><W102/><G39/><T121/><D121/><U132/><E132/><V1/><REACH who="2" step="1"/><F97/><REACH who="2" ten="275,159,276,280" step="2"/><W69/><G96/><T37/><D33/><U31/><E116/><V99/><F99/><W74/><G74/><T80/><D26/><U128/><E117/><V77/><F77/><W10/><G86/><T106/><D24/><U113/><E76/><V85/><F85/><W126/><G126/><T135/><D118/><U36/><E113/><V66/><F66/><W11/><G64/><T23/><D65/><U15/><E128/><V123/><F123/><W13/><G13/><T100/><D135/><U78/><E78/><V44/><F44/><W54/><G105/><T125/><D46/><N who="1" m="27831" /><E15/><V134/><F134/><W82/><G103/><T48/><D100/><U119/><E119/><V43/><F43/><W88/><G102/><T122/><D106/><U73/><E73/><V68/><F68/><W94/><G91/><N who="1" m="34826" /><E6/><V98/><F98/><W38/><G88/><T71/><D125/><U52/><E7/><V110/><F110/><RYUUKYOKU ba="0,1" sc="275,-10,159,-10,276,30,280,-10" hai2="0,1,2,21,27,29,40,41,51,58,59,60,67" /><INIT seed="6,1,1,5,1,40" ten="265,149,306,270" oya="2" hai0="107,95,121,9,25,123,66,5,134,44,31,26,82" hai1="89,2,14,56,118,113,67,58,100,16,24,87,91" hai2="39,81,74,3,68,52,72,112,10,15,42,103,29" hai3="53,90,77,61,120,0,128,109,21,32,101,116,132"/><V43/><F68/><W85/><G116/><T30/><D107/><U129/><E118/><V93/><F3/><W57/><G120/><T88/><D134/><U11/><E113/><V27/><F112/><W65/><G32/><T69/><D82/><U18/><E129/><V127/><F127/><W51/><G128/><T48/><D69/><U37/><E100/><V46/><F43/><W45/><G0/><T12/><D66/><U55/><E37/><V73/><F81/><W63/><G109/><T104/><D104/><U8/><E2/><V50/><F93/><W79/><G101/><T41/><D26/><U1/><E1/><V111/><F103/><W34/><G34/><T114/><D31/><U6/><E6/><V99/><F99/><W7/><G7/><T105/><D105/><U19/><E24/><V130/><F130/><W38/><G38/><T13/><D13/><U71/><E71/><V108/><F42/><W23/><G61/><T62/><D62/><U124/><E124/><V131/><F39/><W33/><G33/><T110/><D110/><N who="2" m="42026" /><F131/><W78/><REACH who="3" step="1"/><G132/><REACH who="3" ten="265,149,306,260" step="2"/><T102/><D102/><U59/><E14/><V47/><F15/><W135/><G135/><T54/><D114/><U98/><E67/><V97/><F10/><W60/><G60/><T115/><D115/><U70/><E70/><V76/><F27/><W94/><AGARI ba="1,2" hai="21,23,45,51,53,57,63,65,77,78,79,85,90,94" machi="94" ten="30,8000,1" yaku="1,1,0,1,8,1,52,1,53,1" doraHai="40" doraHaiUra="84" who="3" fromWho="3" sc="265,-21,149,-21,306,-41,260,103" /><INIT seed="7,0,0,1,0,97" ten="244,128,265,363" oya="3" hai0="119,98,60,28,36,102,101,29,3,68,8,54,104" hai1="74,128,75,134,127,20,63,88,35,5,11,58,55" hai2="124,87,23,76,121,107,47,90,122,115,44,72,65" hai3="46,34,83,92,105,42,9,50,132,99,22,57,80"/><W112/><G112/><T126/><D119/><U118/><E35/><V129/><F115/><W33/><G105/><T81/><D36/><U56/><E118/><V15/><F107/><W59/><G33/><T69/><D69/><U51/><E127/><V53/><F65/><W38/><G34/><T18/><D102/><U77/><E128/><V31/><F124/><W131/><G132/><T49/><D68/><U13/><E134/><V7/><F76/><W12/><G22/><T30/><D60/><U116/><E116/><V2/><F72/><W48/><G38/><T135/><D135/><U133/><E133/><V16/><F31/><W24/><G24/><T0/><D81/><N who="3" m="31305" /><G48/><T61/><D61/><U84/><E77/><V14/><F2/><W32/><G32/><T26/><D8/><U21/><E74/><V70/><F70/><W109/><G109/><T103/><D103/><U71/><E71/><V111/><F111/><W4/><G131/><T19/><D19/><U100/><E100/><AGARI ba="0,0" hai="4,9,12,42,46,50,57,59,92,99,100" m="31305" machi="100" ten="30,2900,0" yaku="8,1,52,1" doraHai="97" who="3" fromWho="1" sc="244,0,128,-29,265,0,363,29" owari="244,-15.6,99,-40.1,265,6.5,392,49.2" /></mjloggm>