<mjloggm ver="2.3"><GO type="169" lobby="0"/><UN n0="%E5%AD%90%E8%A1%BF%E9%9B%85%E6%AD%8C" n1="%E3%80%93%E6%96%B0%E5%AD%90%E6%86%A7%E3%80%93" n2="%E3%81%AF%E3%83%BC%E3%81%B4%E3%82%87%E3%82%93" n3="%E3%81%86%E3%81%AA%E3%81%8E%E9%BA%BA" dan="16,16,17,17" rate="2111.82,2110.71,2202.16,2239.90" sx="M,F,F,M"/><TAIKYOKU oya="0"/><INIT seed="0,0,0,5,4,65" ten="250,250,250,250" oya="0" hai0="84,7,52,12,53,132,107,89,70,131,67,96,115" hai1="105,69,49,35,128,14,118,18,11,56,93,19,42" hai2="72,97,92,16,28,2,57,100,133,86,109,62,23" hai3="21,68,37,0,104,60,39,125,17,126,20,55,63"/><T111/><D115/><U78/><E105/><V40/><F109/><W33/><G33/><T36/><D36/><U45/><E118/><V29/><F72/><W94/><G104/><T10/><D111/><U59/><E128/><V26/><F2/><W54/><G94/><T90/><D132/><U112/><E112/><V106/><F133/><W108/><G17/><T44/><D131/><U22/><E35/><V43/><F106/><W114/><G108/><T91/><D44/><U81/><E69/><V101/><F100/><W124/><G0/><T46/><D46/><U110/><E93/><V116/><F86/><W87/><G87/><T32/><D32/><U61/><E110/><V3/><F3/><W77/><G77/><T13/><D84/><N who="1" m="48183" /><E61/><N who="3" m="23626" /><G114/><T51/><D51/><U9/><E9/><V82/><F82/><W134/><G134/><T119/><D119/><U80/><E80/><V129/><F116/><W38/><G68/><T8/><D70/><U71/><E71/><V99/><F99/><W66/><G66/><T88/><D67/><U5/><E5/><V120/><F129/><W41/><G41/><N who="2" m="15945" /><F120/><W6/><G6/><N who="0" m="3095" /><D107/><U102/><E102/><V135/><F135/><W103/><G103/><T74/><D74/><U122/><E122/><V127/><F127/><W4/><G4/><T121/><D121/><U48/><E48/><V113/><F113/><W31/><G31/><T58/><D58/><U85/><E85/><V79/><F79/><W1/><G1/><T117/><D117/><U73/><E73/><V75/><F75/><W130/><G130/><T34/><D34/><RYUUKYOKU ba="0,0" sc="250,0,250,0,250,0,250,0" hai0="7,10,13,52,53,88,89,90,91,96" hai1="11,14,18,19,22,42,45,49,56,59" hai2="16,23,26,28,29,57,62,92,97,101" hai3="20,21,37,38,39,54,55,124,125,126" /><INIT seed="0,1,0,4,0,1" ten="250,250,250,250" oya="0" hai0="127,95,12,62,58,28,13,120,89,94,71,118,36" hai1="77,63,88,38,65,76,81,79,61,14,35,74,132" hai2="41,97,101,8,18,32,42,26,17,24,98,20,107" hai3="52,73,45,112,83,11,128,48,133,82,126,16,104"/><T100/><D118/><U109/><E35/><V53/><F32/><W9/><G112/><T103/><D71/><U25/><E109/><V27/><F8/><W122/><G104/><T119/><D36/><U2/><E2/><V115/><F115/><W90/><G126/><T50/><D119/><U57/><E132/><V4/><F4/><W105/><G105/><T69/><D120/><U125/><E125/><V23/><F26/><W49/><G133/><T129/><D129/><U93/><E38/><V108/><F108/><W10/><G128/><T68/><D127/><U64/><E25/><V87/><F98/><W7/><G122/><T91/><D50/><U134/><E14/><V56/><REACH who="2" step="1"/><F87/><REACH who="2" ten="250,250,240,250" step="2"/><N who="3" m="50551" /><G73/><T114/><D114/><U121/><E121/><V99/><F99/><W47/><G83/><T78/><D28/><U70/><REACH who="1" step="1"/><E134/><REACH who="1" ten="250,240,240,250" step="2"/><V86/><F86/><AGARI ba="1,2" hai="57,61,63,64,65,70,74,76,77,79,81,86,88,93" machi="86" ten="30,8000,1" yaku="1,1,2,1,7,1,54,1,53,1" doraHai="1" doraHaiUra="84" who="1" fromWho="2" sc="250,0,240,103,240,-83,250,0" /><INIT seed="1,0,0,3,2,119" ten="250,343,157,250" oya="1" hai0="48,122,65,20,25,86,38,110,91,78,8,52,43" hai1="90,70,60,84,71,58,54,103,13,19,82,121,9" hai2="129,107,85,68,22,62,61,36,4,100,3,67,21" hai3="133,51,59,7,94,108,11,40,123,109,75,0,97"/><U53/><E121/><V114/><F129/><W18/><G75/><T117/><D117/><U35/><E35/><V128/><F128/><W31/><G133/><T92/><D110/><N who="3" m="42601" /><G31/><T37/><D65/><U64/><E103/><V135/><F22/><W127/><G18/><T76/><D8/><U130/><REACH who="1" step="1"/><E130/><REACH who="1" ten="250,333,157,250" step="2"/><V57/><F100/><W46/><G123/><T39/><D122/><U34/><E34/><V111/><F111/><W131/><G131/><T115/><D115/><U12/><E12/><V66/><F114/><W116/><G116/><T45/><REACH who="0" step="1"/><D43/><REACH who="0" ten="240,333,157,250" step="2"/><U5/><E5/><V73/><F4/><W2/><G40/><T83/><D83/><U104/><E104/><V26/><F107/><W81/><G81/><T98/><D98/><U79/><E79/><V56/><F135/><W44/><G97/><T50/><D50/><U14/><E14/><V63/><F3/><W102/><G51/><T23/><D23/><U89/><E89/><V126/><F21/><W74/><G7/><T113/><D113/><U16/><E16/><AGARI ba="0,2" hai="16,20,25,37,38,39,45,48,52,76,78,86,91,92" machi="16" ten="40,5200,0" yaku="1,1,54,2,53,0" doraHai="119" doraHaiUra="27" who="0" fromWho="1" sc="240,72,333,-52,157,0,250,0" /><INIT seed="2,0,0,5,0,60" ten="312,281,157,250" oya="2" hai0="76,134,52,124,66,82,3,118,109,7,4,32,29" hai1="56,62,27,17,105,106,22,132,129,42,101,57,25" hai2="99,45,127,58,128,41,75,120,72,19,133,23,63" hai3="88,67,135,61,77,87,125,9,70,131,1,86,5"/><V91/><F120/><W119/><G125/><T54/><D124/><U44/><E129/><V2/><F2/><W26/><G135/><T78/><D134/><U74/><E132/><V83/><F128/><W98/><G131/><T21/><D32/><U30/><E74/><V18/><F127/><W89/><G119/><T73/><D109/><U117/><E117/><V122/><F122/><W47/><G77/><T111/><D111/><U103/><E105/><V48/><F18/><W68/><G68/><T123/><D123/><U100/><E106/><V65/><F133/><W16/><G98/><T79/><D118/><U46/><E42/><V33/><F33/><W85/><REACH who="3" step="1"/><G47/><REACH who="3" ten="312,281,157,240" step="2"/><T92/><D76/><U43/><E56/><V114/><F114/><W113/><G113/><T37/><D79/><U8/><E43/><V95/><REACH who="2" step="1"/><F83/><REACH who="2" ten="312,281,147,240" step="2"/><W121/><G121/><T107/><D82/><U31/><E31/><V115/><F115/><W0/><G0/><T15/><D29/><U90/><E30/><V110/><F110/><W71/><G71/><T10/><D3/><U6/><E6/><V55/><F55/><W35/><G35/><T97/><D54/><U126/><E126/><V34/><F34/><W116/><G116/><T84/><D52/><U39/><E17/><V40/><F40/><W108/><G108/><T12/><D4/><U38/><E38/><V69/><F69/><W14/><G14/><AGARI ba="0,2" hai="14,19,23,41,45,48,58,63,65,72,75,91,95,99" machi="14" ten="30,11600,0" yaku="1,1,7,1,52,1,53,1" doraHai="60" doraHaiUra="13" who="2" fromWho="3" sc="312,0,281,0,147,136,240,-116" /><INIT seed="2,1,0,2,1,27" ten="312,281,283,124" oya="2" hai0="80,119,26,127,25,70,30,94,123,76,90,91,8" hai1="33,0,17,16,52,68,120,54,44,109,85,12,29" hai2="6,49,100,81,86,38,60,56,55,24,95,4,92" hai3="132,106,47,72,79,82,102,10,124,133,31,37,103"/><V69/><F38/><W18/><G124/><T65/><D123/><U129/><E120/><V53/><F69/><W111/><G18/><T36/><D36/><U22/><E109/><V71/><F71/><W3/><G111/><T7/><D127/><U110/><E110/><V98/><F95/><W125/><G125/><T11/><D119/><U23/><E0/><V83/><F24/><W78/><G78/><T57/><D70/><U35/><E68/><V41/><F41/><N who="3" m="22959" /><G31/><T114/><D114/><U134/><E134/><N who="3" m="51818" /><G106/><T88/><D25/><U61/><E129/><V19/><F19/><W21/><G21/><N who="0" m="15695" /><D94/><U112/><E112/><V32/><F32/><W40/><G40/><T116/><D116/><U93/><E33/><V130/><F130/><W58/><G58/><T67/><D57/><U73/><E73/><V75/><F75/><W59/><G59/><T122/><D122/><U107/><E107/><V121/><F121/><W20/><G20/><T131/><D131/><U77/><E23/><V99/><F81/><W48/><G48/><T28/><D28/><U74/><E74/><V39/><F39/><W63/><G63/><T42/><D42/><U96/><E61/><V5/><F99/><W97/><G97/><T128/><D128/><U14/><E96/><V50/><REACH who="2" step="1"/><F53/><REACH who="2" ten="312,281,273,124" step="2"/><W108/><G108/><T135/><D135/><U117/><E117/><V13/><F13/><W34/><G34/><T126/><D126/><U105/><E12/><V101/><F101/><W43/><G43/><T115/><D115/><U1/><E14/><V45/><F45/><W64/><G64/><RYUUKYOKU ba="1,1" sc="312,-15,281,-15,273,15,124,15" hai2="4,5,6,49,50,55,56,60,83,86,92,98,100" hai3="3,10,72,79,82,102,103" /><INIT seed="2,2,1,1,1,20" ten="297,266,288,139" oya="2" hai0="95,125,26,80,89,73,70,97,16,103,113,54,29" hai1="115,18,121,72,0,112,91,106,11,7,43,1,59" hai2="13,109,84,67,38,52,87,102,37,53,100,68,135" hai3="33,111,129,66,108,8,98,61,35,55,57,49,120"/><V28/><F13/><W82/><G120/><T85/><D113/><U76/><E121/><V63/><F28/><W32/><G129/><T34/><D125/><U30/><E106/><V105/><F105/><W2/><G98/><T42/><D42/><U83/><E0/><V110/><F135/><W92/><G92/><T101/><D70/><U134/><E134/><V44/><F44/><W117/><G82/><T78/><D54/><U5/><E5/><V90/><F90/><W79/><G79/><T51/><D51/><U19/><E30/><V133/><F133/><W107/><G107/><N who="0" m="63919" /><D103/><U114/><E59/><V56/><F56/><W60/><G117/><T86/><D86/><U27/><E27/><V14/><F14/><W130/><G130/><T36/><D36/><U128/><E128/><V127/><F67/><W41/><G41/><T23/><D34/><U50/><REACH who="1" step="1"/><E91/><REACH who="1" ten="297,256,288,139" step="2"/><V94/><F68/><W88/><G88/><T40/><D29/><U74/><E74/><V9/><F127/><W131/><G131/><T118/><D118/><U77/><E77/><V119/><F119/><W104/><G104/><T58/><D58/><U69/><E69/><V12/><F12/><W48/><G61/><T93/><D73/><U122/><E122/><V45/><F63/><W124/><G124/><T3/><D78/><U6/><E6/><V116/><F116/><W10/><G2/><T96/><D3/><U99/><E99/><V75/><F75/><W24/><G60/><T62/><D62/><U39/><E39/><V126/><F126/><W81/><G57/><T65/><D96/><RYUUKYOKU ba="2,2" sc="297,-10,256,30,288,-10,139,-10" hai1="1,7,11,18,19,43,50,72,76,83,112,114,115" /><INIT seed="3,3,2,5,5,79" ten="287,286,278,129" oya="3" hai0="82,74,11,61,123,132,86,21,73,22,51,62,119" hai1="97,29,67,118,113,23,5,4,27,87,69,115,81" hai2="34,117,65,56,114,110,6,14,109,127,37,106,24" hai3="33,47,30,42,98,12,133,35,100,64,95,13,93"/><W44/><G133/><T71/><D119/><U107/><E118/><V121/><F117/><W41/><G64/><T124/><D123/><U78/><E69/><V28/><F114/><W103/><REACH who="3" step="1"/><G98/><REACH who="3" ten="287,286,278,119" step="2"/><T101/><D132/><U112/><REACH who="1" step="1"/><E67/><REACH who="1" ten="287,276,278,119" step="2"/><V91/><F65/><W70/><G70/><T129/><D71/><U48/><E48/><V77/><F121/><W31/><AGARI ba="3,4" hai="12,13,30,31,33,35,41,42,44,47,93,95,100,103" machi="31" ten="25,18000,2" yaku="1,1,0,1,22,2,53,2" doraHai="79" doraHaiUra="10" who="3" fromWho="3" sc="287,-63,276,-63,278,-63,119,229" /><INIT seed="3,4,0,3,5,16" ten="224,213,215,348" oya="3" hai0="107,33,108,88,1,58,119,132,128,77,60,71,83" hai1="22,86,72,73,127,54,40,109,123,9,103,12,95" hai2="25,96,118,81,5,121,10,53,43,11,3,47,101" hai3="56,79,51,112,99,36,59,122,14,75,21,89,133"/><W124/><G36/><T2/><D119/><U55/><E123/><V32/><F121/><W90/><G122/><T80/><D71/><U93/><E109/><V135/><F135/><W34/><G34/><T0/><D33/><U116/><E116/><V129/><F129/><W94/><G112/><T125/><D107/><U67/><E127/><V29/><F11/><W26/><G133/><T111/><D132/><U66/><E40/><V44/><F118/><W78/><G75/><T41/><D41/><U126/><E126/><V15/><F3/><W31/><G124/><T131/><D125/><U114/><E114/><V110/><F110/><N who="0" m="42026" /><D88/><N who="1" m="53399" /><E72/><V97/><F81/><N who="0" m="31306" /><D77/><U85/><E73/><V19/><F5/><W17/><G90/><T39/><D39/><U92/><E103/><V28/><F28/><W38/><G38/><T7/><D7/><U87/><E95/><V105/><F43/><W8/><REACH who="3" step="1"/><G51/><REACH who="3" ten="224,213,215,338" step="2"/><T65/><AGARI ba="4,1" hai="0,1,2,58,60,65,128,131" m="31306,42026" machi="65" ten="40,1500,0" yaku="14,1" doraHai="16" who="0" fromWho="0" sc="224,37,213,-8,215,-8,338,-11" /><INIT seed="4,0,0,2,5,0" ten="261,205,207,327" oya="0" hai0="107,10,72,93,54,98,56,48,53,46,17,83,6" hai1="134,79,106,80,96,5,66,109,103,95,77,132,3" hai2="64,29,52,41,68,110,23,101,33,84,90,117,62" hai3="69,15,97,104,89,2,35,76,7,118,88,82,42"/><T24/><D107/><U91/><E66/><V124/><F110/><W45/><G118/><T119/><D119/><U21/><E21/><V128/><F117/><W133/><G69/><T39/><D24/><U120/><E120/><V60/><F124/><W65/><G65/><T112/><D112/><U113/><E3/><V34/><F128/><W129/><G35/><T8/><D17/><U14/><E109/><V86/><F41/><W105/><G15/><T9/><D83/><U57/><E113/><V22/><F101/><W99/><G99/><T123/><D72/><U4/><E57/><V116/><F116/><W31/><G31/><T94/><D123/><U85/><E77/><V126/><F126/><W122/><G133/><N who="1" m="51306" /><E14/><V74/><F74/><AGARI ba="0,0" hai="4,5,74,79,80,85,91,95,96,103,106" m="51306" machi="74" ten="30,7700,0" yaku="24,1,20,1,52,2" doraHai="0" who="1" fromWho="2" sc="261,0,205,77,207,-77,327,0" /><INIT seed="5,0,0,1,3,42" ten="261,282,130,327" oya="1" hai0="74,21,65,34,50,113,12,4,45,78,99,23,82" hai1="111,32,105,38,91,33,64,95,35,71,116,112,77" hai2="8,29,68,39,19,30,101,85,47,18,83,6,133" hai3="94,117,25,70,15,124,44,76,24,86,119,48,103"/><U108/><E116/><N who="3" m="44618" /><G70/><T75/><D34/><U57/><E38/><V87/><F8/><W0/><G0/><T115/><D65/><U88/><E105/><V73/><F6/><W36/><G36/><T134/><D74/><U66/><E71/><V98/><F68/><W80/><G124/><T107/><D134/><U28/><E112/><N who="0" m="43081" /><D4/><U54/><E77/><V123/><F39/><W53/><G15/><T121/><D121/><U110/><E28/><V27/><F27/><W62/><G62/><T81/><D81/><U10/><E10/><V37/><F37/><W100/><G100/><N who="0" m="62879" /><D12/><U26/><E26/><V40/><F101/><W126/><G126/><T63/><D63/><N who="1" m="36279" /><E91/><V120/><F83/><W2/><G2/><T56/><D56/><U109/><N who="1" m="27648" /><DORA hai="11" /><U125/><E125/><V22/><F133/><W51/><G48/><T58/><D58/><U72/><E72/><V102/><F73/><W114/><G114/><T59/><D59/><U92/><E92/><N who="2" m="58695" /><F123/><W49/><G49/><T9/><D9/><U128/><E128/><V89/><F120/><W61/><G61/><T104/><D104/><U31/><E31/><V20/><F29/><W93/><G103/><T90/><D90/><U3/><E3/><V1/><F89/><W118/><G118/><T67/><D67/><U130/><E130/><V97/><F30/><W43/><G24/><T55/><AGARI ba="0,0" hai="21,23,45,50,55,75,78,82" m="62879,43081" machi="55" ten="30,2000,0" yaku="15,1,52,1" doraHai="42,11" who="0" fromWho="0" sc="261,20,282,-10,130,-5,327,-5" /><INIT seed="6,0,0,5,4,70" ten="281,272,125,322" oya="2" hai0="15,127,0,104,123,103,63,29,114,2,19,69,18" hai1="100,30,132,31,73,49,88,36,92,130,124,9,53" hai2="112,52,91,71,27,55,72,16,64,22,26,41,28" hai3="106,32,135,86,51,115,68,40,99,21,42,46,113"/><V37/><F112/><N who="3" m="43083" /><G32/><T1/><D123/><U82/><E124/><V39/><F72/><W4/><G68/><T23/><D127/><U126/><E126/><V12/><F27/><W80/><G4/><T83/><D114/><U118/><E118/><V105/><F105/><W45/><G21/><T20/><D29/><U6/><E130/><V13/><F13/><W125/><G125/><T81/><D103/><U90/><E132/><V121/><F121/><W58/><G58/><T129/><D104/><U3/><E36/><V33/><F71/><W119/><G135/><T117/><D129/><U116/><E116/><V66/><F64/><W56/><G56/><T87/><D117/><U134/><E134/><V44/><F66/><W96/><G106/><T120/><D120/><U131/><E131/><V95/><F37/><N who="3" m="21647" /><G119/><T48/><D48/><U78/><E100/><V110/><F110/><W85/><G85/><AGARI ba="0,0" hai="12,16,22,26,28,33,39,41,44,52,55,85,91,95" machi="85" ten="30,11600,0" yaku="7,1,52,1,54,2" doraHai="70" who="2" fromWho="3" sc="281,0,272,0,125,116,322,-116" /><INIT seed="6,1,0,1,4,20" ten="281,272,241,206" oya="2" hai0="132,5,114,3,44,35,36,116,87,34,127,130,0" hai1="29,77,40,8,65,63,105,13,47,12,69,128,107" hai2="80,11,68,61,51,70,79,119,96,57,31,46,60" hai3="135,6,66,17,76,62,112,122,100,123,64,89,109"/><V32/><F119/><W1/><G109/><T134/><D114/><U58/><E128/><V120/><F120/><W103/><G135/><N who="0" m="51755" /><D130/><U108/><E108/><V28/><F96/><W118/><G118/><T9/><D116/><U72/><E69/><V49/><F49/><W18/><G6/><T97/><D127/><U22/><E72/><V81/><F81/><W91/><G62/><T24/><D97/><U101/><E77/><V84/><F61/><W10/><G10/><T124/><D124/><U37/><E101/><V110/><F110/><W25/><G25/><T98/><D98/><U86/><E86/><V73/><F73/><W90/><G1/><N who="0" m="175" /><D87/><U131/><E131/><V21/><F32/><N who="0" m="12330" /><D24/><U52/><E65/><V121/><F121/><W102/><G76/><T111/><D111/><U43/><E43/><AGARI ba="1,0" hai="0,3,36,43,44" m="12330,175,51755" machi="43" ten="30,2000,0" yaku="20,1,23,1" doraHai="20" who="0" fromWho="1" sc="281,23,272,-23,241,0,206,0" /><INIT seed="7,0,0,3,4,124" ten="304,249,241,206" oya="3" hai0="16,96,87,114,92,38,39,111,54,70,71,91,95" hai1="3,6,121,93,80,34,43,52,56,75,26,19,62" hai2="59,78,35,104,77,10,68,57,49,83,127,73,36" hai3="37,108,131,5,74,29,32,33,18,113,8,86,112"/><W109/><G74/><T24/><D111/><N who="3" m="42569" /><G37/><T88/><D114/><N who="3" m="44137" /><G86/><T22/><REACH who="0" step="1"/><D54/><REACH who="0" ten="294,249,241,206" step="2"/><U64/><E121/><V4/><F127/><W116/><G116/><T7/><D7/><U119/><E119/><V130/><F4/><W101/><G101/><T53/><D53/><U17/><E6/><V128/><F36/><AGARI ba="0,1" hai="16,22,24,36,38,39,70,71,87,88,91,92,95,96" machi="36" ten="40,5200,0" yaku="1,1,54,2,53,0" doraHai="124" doraHaiUra="40" who="0" fromWho="2" sc="294,62,249,0,241,-52,206,0" owari="356,45.6,249,4.9,189,-31.1,206,-19.4" /></mjloggm>