<mjloggm ver="2.3"><GO type="169" lobby="0"/><UN n0="%4A%49%4D" n1="%E3%81%9F%E3%81%8B%E3%81%AF%E3%81%97%E3%81%83%E3%81%83%E3%81%83" n2="%E3%81%98%E3%82%83%E3%82%80%E3%82%8A" n3="%E8%B2%A1%E5%89%8D%E5%8F%88%E4%B8%80" dan="17,16,16,17" rate="2182.80,2101.11,2070.03,2196.03" sx="F,M,F,M"/><TAIKYOKU oya="0"/><INIT seed="0,0,0,4,5,81" ten="250,250,250,250" oya="0" hai0="124,114,61,34,66,112,93,55,53,91,120,100,43" hai1="24,32,101,96,88,102,119,37,87,104,76,46,123" hai2="69,98,15,116,134,92,75,60,106,47,121,110,90" hai3="14,68,131,2,85,42,11,33,54,78,44,109,77"/><T111/><D120/><U0/><E123/><V31/><F121/><W26/><G109/><T29/><D100/><U82/><E0/><V97/><F75/><W125/><G125/><T118/><D118/><U83/><E119/><V135/><F116/><W3/><G78/><T80/><D80/><U7/><E7/><V107/><F110/><W95/><G68/><T62/><D111/><U94/><E37/><V115/><F115/><W39/><G54/><T65/><D43/><U35/><E46/><V12/><F31/><W9/><G9/><T16/><D124/><U113/><E113/><V41/><F60/><W105/><G105/><T129/><D129/><U72/><E24/><V10/><F69/><W59/><G59/><T122/><D122/><U21/><E21/><V52/><F15/><W74/><G74/><T56/><D29/><U67/><E67/><V51/><F41/><W126/><G131/><T8/><D34/><U40/><E40/><V58/><F47/><W5/><G126/><T38/><D38/><U117/><E117/><V71/><F71/><W49/><G39/><T133/><D133/><N who="2" m="50698" /><F98/><W63/><G42/><T1/><D1/><U22/><E22/><V27/><F27/><W89/><G33/><T130/><D130/><U36/><E36/><V4/><AGARI ba="0,0" hai="4,10,12,51,52,58,90,92,97,106,107" m="50698" machi="4" ten="30,2000,0" yaku="20,1,54,1" doraHai="81" who="2" fromWho="2" sc="250,-10,250,-5,250,20,250,-5" /><INIT seed="1,0,0,5,4,49" ten="240,245,270,245" oya="1" hai0="4,2,65,131,84,113,67,28,82,34,5,18,118" hai1="76,68,111,95,98,55,12,39,128,45,15,20,23" hai2="57,51,75,97,86,29,122,63,21,130,19,48,40" hai3="133,115,58,83,16,27,69,90,50,13,33,44,70"/><U0/><E0/><V73/><F122/><W17/><G115/><T60/><D113/><U74/><E68/><V54/><F130/><W71/><G133/><T61/><D118/><U106/><E106/><V35/><F35/><W24/><G58/><T93/><D93/><U87/><E74/><V107/><F29/><W38/><G38/><T117/><D117/><U31/><E128/><V109/><F109/><W126/><G126/><T8/><D131/><U7/><E111/><V80/><F97/><W102/><G102/><T120/><D120/><U104/><E104/><V62/><F51/><W30/><G27/><T72/><D72/><U32/><E32/><V79/><F107/><W66/><G66/><T94/><D94/><U101/><E39/><V129/><F63/><W22/><G17/><T46/><D18/><U88/><E76/><V121/><F121/><W77/><G90/><T105/><D105/><U125/><E125/><V3/><F3/><W99/><G99/><T37/><D5/><U127/><E127/><V53/><F40/><W42/><REACH who="3" step="1"/><G70/><REACH who="3" ten="240,245,270,235" step="2"/><T43/><D67/><U91/><E101/><V110/><F129/><W89/><G89/><T25/><D65/><U134/><E134/><V96/><F96/><W132/><G132/><T47/><D46/><U114/><E114/><V1/><F110/><W10/><G10/><T85/><D37/><U112/><E112/><V56/><F1/><W26/><G26/><AGARI ba="0,1" hai="19,21,26,48,53,54,56,57,62,73,75,79,80,86" machi="26" ten="30,3900,0" yaku="7,1,52,2" doraHai="49" who="2" fromWho="3" sc="240,0,245,0,270,49,235,-39" /><INIT seed="2,0,0,1,5,40" ten="240,245,319,196" oya="2" hai0="32,30,0,98,18,118,31,67,74,93,123,39,16" hai1="110,125,51,46,3,20,115,71,80,29,64,41,106" hai2="6,107,85,47,57,56,60,78,116,13,50,43,100" hai3="11,109,63,8,25,45,17,95,33,114,128,23,52"/><V103/><F116/><W88/><G109/><T87/><D123/><U91/><E115/><V81/><F107/><W117/><G117/><T38/><D74/><U83/><E3/><V2/><F2/><W22/><G33/><T90/><D0/><U124/><E106/><V4/><F57/><W102/><G102/><T15/><D118/><U65/><E110/><V26/><F26/><N who="3" m="14671" /><G128/><T5/><D67/><U36/><E20/><V79/><F79/><W75/><G75/><T10/><D32/><U70/><E29/><V119/><F119/><W35/><G35/><T135/><D135/><U84/><E80/><V7/><REACH who="2" step="1"/><F13/><REACH who="2" ten="240,245,309,196" step="2"/><W61/><G114/><T134/><D134/><U48/><E70/><V53/><AGARI ba="0,1" hai="4,6,7,43,47,50,53,56,60,78,81,85,100,103" machi="53" ten="30,12000,1" yaku="1,1,2,1,0,1,8,1,52,1,53,0" doraHai="40" doraHaiUra="68" who="2" fromWho="2" sc="240,-40,245,-40,309,130,196,-40" /><INIT seed="2,1,0,4,1,31" ten="200,205,439,156" oya="2" hai0="129,108,25,89,78,102,95,91,73,26,5,109,11" hai1="18,36,88,40,71,126,51,127,117,6,83,16,72" hai2="66,2,135,69,14,20,113,3,60,121,111,17,82" hai3="30,87,21,42,133,112,110,44,64,105,50,22,124"/><V59/><F113/><W76/><G110/><N who="0" m="42603" /><D129/><U84/><E117/><V85/><F111/><W37/><G133/><T7/><D102/><U48/><E71/><V123/><F135/><W10/><G124/><N who="1" m="47658" /><E6/><N who="0" m="2057" /><D11/><U92/><E36/><V94/><F94/><W15/><G105/><T116/><D116/><U125/><N who="1" m="47666" /><U29/><DORA hai="120" /><E29/><V103/><F103/><W128/><G37/><T104/><D104/><U19/><E40/><V75/><F123/><W134/><G42/><T130/><D130/><U80/><E80/><V45/><F82/><W39/><G10/><T67/><D67/><U93/><E93/><V49/><F66/><W57/><G64/><T52/><D52/><U96/><E72/><V119/><F75/><W79/><G128/><T28/><D28/><U58/><E58/><V115/><F59/><W0/><G57/><T4/><N who="0" m="2065" /><T65/><DORA hai="56" /><D65/><U98/><E98/><V118/><F121/><W106/><G30/><T122/><D122/><U74/><E74/><V53/><F53/><W38/><G106/><T35/><D95/><U27/><E27/><N who="0" m="10249" /><D35/><U24/><E24/><V9/><F119/><W114/><G114/><T101/><D101/><AGARI ba="1,0" hai="16,18,19,48,51,83,84,88,92,96,101" m="47666" machi="101" ten="40,5200,0" yaku="18,1,54,2" doraHai="31,120,56" who="1" fromWho="0" sc="200,-55,205,55,439,0,156,0" /><INIT seed="3,0,0,0,2,106" ten="145,260,439,156" oya="3" hai0="93,132,64,124,103,65,15,7,45,1,13,48,62" hai1="69,72,115,23,88,111,28,46,84,79,125,22,112" hai2="75,59,81,20,6,126,3,11,114,36,44,63,10" hai3="58,18,110,35,25,42,97,39,98,0,78,34,123"/><W73/><G123/><T9/><D132/><U70/><E111/><V67/><F114/><W12/><G0/><T127/><D65/><U5/><E125/><N who="0" m="48201" /><D93/><U52/><E5/><V43/><F126/><W135/><G135/><T87/><D87/><U119/><E119/><V89/><F11/><W16/><G39/><T27/><D27/><U133/><E133/><V99/><F20/><W49/><G34/><T56/><D103/><U61/><E22/><V107/><F89/><W30/><G110/><T8/><D9/><U29/><E69/><V14/><F14/><W76/><G98/><T50/><D50/><U122/><E70/><V86/><F86/><W101/><G97/><T32/><D32/><U57/><E122/><V109/><F109/><W130/><G101/><T53/><AGARI ba="0,0" hai="1,7,8,13,15,45,48,53,56,62,64" m="48201" machi="53" ten="30,1100,0" yaku="18,1" doraHai="106" who="0" fromWho="0" sc="145,11,260,-3,439,-3,156,-5" /><INIT seed="4,0,0,3,5,59" ten="156,257,436,151" oya="0" hai0="81,23,62,84,102,39,95,42,94,129,125,87,128" hai1="22,6,97,3,82,99,80,69,31,28,126,54,55" hai2="38,110,75,85,56,14,30,53,117,92,67,35,4" hai3="52,57,21,0,130,8,71,19,9,44,20,124,96"/><T76/><D42/><U5/><E22/><V17/><F110/><W45/><G130/><N who="0" m="50283" /><D39/><U26/><E26/><V46/><F75/><W107/><G71/><T132/><D23/><U98/><E69/><V61/><F117/><W27/><G124/><T93/><D62/><U7/><E3/><V64/><F4/><W74/><G74/><T50/><D50/><U121/><E121/><V77/><F35/><W115/><G115/><T60/><D60/><U33/><E126/><V131/><F30/><N who="1" m="11305" /><E33/><V36/><F36/><W123/><G123/><T43/><D43/><U68/><E68/><V12/><F12/><W101/><G21/><T11/><D11/><U78/><E78/><V66/><F38/><W47/><REACH who="3" step="1"/><G0/><REACH who="3" ten="156,257,436,141" step="2"/><T106/><D125/><U103/><E103/><V49/><F131/><W83/><G83/><AGARI ba="0,1" hai="5,6,7,54,55,80,82,83,97,98,99" m="11305" machi="83" ten="40,5200,0" yaku="28,2,8,1" doraHai="59" who="1" fromWho="3" sc="156,0,257,62,436,0,141,-52" /><INIT seed="5,0,0,5,4,59" ten="156,319,436,89" oya="1" hai0="17,63,106,105,128,134,75,76,43,60,119,41,7" hai1="115,69,103,126,87,118,45,27,110,82,57,18,54" hai2="129,22,112,0,89,49,74,130,73,93,77,38,21" hai3="20,132,97,92,135,72,96,19,127,14,6,26,71"/><U99/><E118/><V23/><F38/><W95/><G71/><T30/><D119/><U13/><E69/><V111/><F111/><W70/><G70/><T37/><D30/><U42/><E115/><V9/><F112/><W66/><G66/><T24/><D7/><U61/><E126/><V5/><F49/><W79/><G127/><T51/><D37/><U11/><E27/><V64/><F64/><W10/><G72/><T120/><D128/><N who="2" m="49258" /><F77/><W102/><REACH who="3" step="1"/><G79/><REACH who="3" ten="156,319,436,79" step="2"/><T90/><D76/><U48/><E110/><V123/><F123/><W80/><G80/><T62/><D75/><U124/><E124/><V122/><F122/><W109/><G109/><T3/><D120/><U40/><E82/><V55/><F55/><W125/><G125/><T44/><D43/><U91/><E42/><V100/><F100/><AGARI ba="0,1" hai="6,10,14,19,20,26,92,95,96,97,100,102,132,135" machi="100" ten="40,2600,0" yaku="1,1,9,1,53,0" doraHai="59" doraHaiUra="29" who="3" fromWho="2" sc="156,0,319,0,436,-26,79,36" /><INIT seed="6,0,0,5,3,9" ten="156,319,410,115" oya="2" hai0="16,133,32,81,44,51,0,73,119,10,18,77,72" hai1="106,80,82,110,42,96,130,117,131,95,116,134,115" hai2="15,61,108,35,111,98,41,84,58,8,118,113,11" hai3="102,87,135,69,43,79,39,7,22,63,19,49,6"/><V85/><F118/><N who="1" m="45673" /><E42/><V31/><F113/><W59/><G135/><T26/><D73/><U129/><E110/><N who="2" m="42027" /><F41/><W125/><G125/><T54/><D119/><U83/><E115/><V64/><F98/><W105/><G105/><T128/><D128/><U112/><E112/><V122/><F11/><W93/><G39/><T50/><D133/><U52/><E52/><N who="2" m="33991" /><F122/><W107/><G69/><T114/><D114/><U25/><E25/><N who="2" m="18927" /><F64/><W100/><G107/><T5/><D51/><U127/><E106/><V13/><F13/><W46/><G49/><T121/><D121/><U78/><E134/><V30/><F30/><W101/><G43/><T40/><D54/><U57/><E57/><V14/><F14/><W65/><G46/><T67/><D67/><U12/><E12/><V21/><F21/><W45/><G45/><T53/><D53/><U71/><E71/><V60/><F60/><W70/><G70/><T34/><D26/><U28/><E28/><V88/><F88/><W68/><G68/><T94/><D94/><U124/><E78/><V132/><F132/><W2/><G93/><T104/><D104/><U24/><E24/><V62/><F62/><W99/><G65/><T55/><D55/><U36/><E36/><V56/><F56/><W29/><G59/><T74/><D32/><U123/><E123/><V23/><F23/><W66/><G22/><T103/><D34/><U97/><E97/><V120/><F120/><W1/><G99/><T91/><D91/><AGARI ba="0,0" hai="80,82,83,91,95,96,124,127,129,130,131" m="45673" machi="91" ten="40,5200,0" yaku="19,1,34,2" doraHai="9" who="1" fromWho="0" sc="156,-52,319,52,410,0,115,0" /><INIT seed="7,0,0,1,0,19" ten="104,371,410,115" oya="3" hai0="54,107,31,4,46,93,85,121,83,20,26,35,73" hai1="60,62,112,32,67,22,78,41,134,90,72,76,30" hai2="36,106,10,75,6,120,130,115,123,11,40,65,27" hai3="91,95,23,127,126,70,12,98,124,59,110,114,8"/><W18/><G114/><T119/><D119/><U133/><E112/><V68/><F115/><W3/><G110/><T37/><D121/><N who="2" m="46666" /><F130/><W53/><G70/><T49/><D107/><U101/><E32/><V61/><F75/><W24/><G3/><T99/><D73/><U89/><E101/><V17/><F106/><W63/><REACH who="3" step="1"/><G127/><REACH who="3" ten="104,371,410,105" step="2"/><T56/><D4/><AGARI ba="0,1" hai="4,8,12,18,23,24,53,59,63,91,95,98,124,126" machi="4" ten="40,12000,1" yaku="1,1,2,1,25,2,52,1,53,0" doraHai="19" doraHaiUra="108" who="3" fromWho="0" sc="104,-120,371,0,410,0,105,130" owari="-16,-51.6,371,17.1,410,51.0,235,-16.5" /></mjloggm>