<mjloggm ver="2.3"><GO type="169" lobby="0"/><UN n0="%56%69%76%79" n1="%4E%4F%2E%E2%85%A0" n2="%E3%83%88%E3%83%B3%E3%83%8D%E3%83%AB%E5%A4%A9%E5%9B%BD" n3="%E3%81%82%E3%81%84%E3%81%93%E3%81%99" dan="16,17,18,16" rate="2114.51,2199.85,2238.68,2152.89" sx="F,M,M,M"/><TAIKYOKU oya="0"/><INIT seed="0,0,0,4,2,28" ten="250,250,250,250" oya="0" hai0="4,104,128,23,32,64,113,105,70,7,74,68,91" hai1="39,54,107,112,103,124,9,22,101,135,31,87,37" hai2="45,36,65,33,102,60,35,120,130,100,49,40,131" hai3="53,115,50,127,15,17,30,69,89,125,85,29,126"/><T61/><D113/><U106/><E135/><V19/><F120/><W47/><G69/><T92/><D74/><U52/><E31/><V34/><F19/><W81/><REACH who="3" step="1"/><G115/><REACH who="3" ten="250,250,250,240" step="2"/><T42/><D70/><U6/><E112/><V84/><F84/><W75/><G75/><T66/><D68/><U73/><E87/><V43/><F43/><W110/><G110/><T95/><D42/><U133/><E73/><V109/><F109/><W93/><G93/><T114/><D95/><U26/><E107/><V82/><F82/><W132/><G132/><T57/><D92/><U1/><E106/><V77/><F77/><W111/><G111/><T51/><D104/><U3/><E133/><V18/><F18/><W76/><G76/><T27/><D105/><U13/><E124/><V10/><F10/><AGARI ba="0,1" hai="10,15,17,29,30,47,50,53,81,85,89,125,126,127" machi="10" ten="40,8000,1" yaku="1,1,25,2,18,1,53,1" doraHai="28" doraHaiUra="86" who="3" fromWho="2" sc="250,0,250,0,250,-80,240,90" /><INIT seed="1,0,0,1,0,124" ten="250,250,170,330" oya="1" hai0="71,84,116,91,67,126,86,53,11,129,90,66,22" hai1="15,99,16,48,78,49,114,62,123,82,33,8,69" hai2="100,107,132,108,35,135,95,41,92,21,109,26,87" hai3="79,133,60,38,113,23,1,75,61,54,65,93,18"/><U6/><E123/><V43/><F35/><W89/><G113/><T13/><D116/><U131/><E114/><V36/><F107/><W103/><G103/><T52/><D126/><U5/><E131/><V119/><F119/><W115/><G1/><T110/><D22/><U51/><E33/><V14/><F14/><W20/><G38/><T50/><D110/><N who="2" m="42602" /><F100/><W32/><G79/><T64/><D71/><U46/><E99/><V134/><F36/><W96/><G75/><T24/><D24/><U98/><E98/><V44/><F87/><N who="0" m="33322" /><D53/><U2/><E46/><V97/><F44/><W47/><G133/><N who="2" m="34049" /><V70/><DORA hai="106" /><F70/><W58/><G32/><T25/><D25/><U121/><E121/><V101/><F95/><W45/><G23/><T72/><D129/><U118/><E118/><V31/><AGARI ba="0,0" hai="21,26,31,41,43,92,97,101" m="34049,42602" machi="31" ten="50,3200,0" yaku="14,1,20,1" doraHai="124,106" who="2" fromWho="2" sc="250,-8,250,-16,170,32,330,-8" /><INIT seed="2,0,0,0,4,115" ten="242,234,202,322" oya="2" hai0="118,60,31,37,98,70,94,96,117,95,47,86,20" hai1="54,4,77,0,29,90,91,55,131,133,51,68,22" hai2="6,125,126,88,12,30,33,81,7,79,109,104,3" hai3="38,100,36,25,75,28,13,26,24,61,122,120,78"/><V119/><F104/><W8/><G28/><T83/><D31/><U80/><E131/><V45/><F3/><W116/><G116/><N who="0" m="44651" /><D20/><U82/><E133/><V56/><F119/><W121/><G100/><T40/><D60/><U58/><E68/><V97/><F56/><W106/><G106/><T99/><D70/><U87/><E0/><V59/><F59/><W41/><G61/><T67/><D67/><U11/><E55/><V101/><F88/><AGARI ba="0,0" hai="37,40,47,83,86,88,94,95,96,98,99" m="44651" machi="88" ten="30,8000,1" yaku="12,1,52,3,54,1" doraHai="115" who="0" fromWho="2" sc="242,80,234,0,202,-80,322,0" /><INIT seed="3,0,0,3,2,108" ten="322,234,122,322" oya="3" hai0="69,98,34,44,9,39,18,20,37,8,67,36,74" hai1="71,121,125,117,68,57,104,97,4,128,46,50,119" hai2="54,52,99,111,102,109,25,29,118,76,49,85,12" hai3="45,123,30,26,22,62,31,116,134,1,60,100,101"/><W93/><G123/><T27/><D74/><U124/><E4/><V33/><F118/><N who="1" m="45065" /><E97/><V96/><F12/><W21/><G116/><T73/><D73/><U51/><E104/><V35/><F35/><W3/><G45/><T94/><D34/><U86/><E86/><V79/><F96/><W120/><G120/><T40/><D67/><U10/><E10/><V113/><F113/><W80/><G80/><T61/><D61/><U15/><E15/><V107/><F54/><W106/><G93/><T23/><D69/><N who="1" m="26699" /><E121/><V5/><F5/><W131/><G26/><T129/><D23/><U83/><E83/><V90/><F111/><W70/><G70/><T63/><D9/><U56/><E128/><V133/><F109/><W47/><G131/><T77/><D8/><U110/><E110/><V87/><F133/><W122/><G134/><T72/><D129/><U48/><E46/><V11/><F11/><W41/><G47/><T19/><D98/><U81/><E81/><V66/><F66/><W6/><G6/><T58/><D44/><U28/><E28/><V78/><REACH who="2" step="1"/><F90/><REACH who="2" ten="322,234,112,322" step="2"/><W132/><G132/><T13/><D13/><U82/><E82/><V115/><F115/><W103/><G122/><T65/><D65/><U43/><E43/><V105/><F105/><W32/><G106/><T14/><D40/><U59/><AGARI ba="0,1" hai="48,50,51,56,57,59,124,125" m="26699,45065" machi="59" ten="40,8000,1" yaku="28,2,12,1,34,2" doraHai="108" who="1" fromWho="1" sc="322,-20,234,90,112,-20,322,-40" /><INIT seed="4,0,0,3,5,59" ten="302,324,92,282" oya="0" hai0="18,96,57,79,125,49,91,109,54,98,80,27,1" hai1="107,70,10,53,3,75,31,51,13,92,20,24,100" hai2="130,99,60,33,128,83,14,21,62,93,88,121,115" hai3="69,120,87,64,39,11,84,28,103,85,129,45,74"/><T108/><D1/><U71/><E107/><V122/><F33/><W101/><G74/><T77/><D125/><U97/><E75/><V66/><F115/><W19/><G28/><T32/><D98/><U76/><E76/><V17/><F83/><W104/><G129/><N who="2" m="49769" /><F66/><W73/><G73/><T72/><D79/><U4/><REACH who="1" step="1"/><E3/><REACH who="1" ten="302,314,92,282" step="2"/><V42/><F42/><W40/><G104/><T35/><D77/><U6/><E6/><V47/><F47/><AGARI ba="0,1" hai="4,10,13,20,24,31,47,51,53,70,71,92,97,100" machi="47" ten="30,2000,0" yaku="1,1,7,1,53,0" doraHai="59" doraHaiUra="30" who="1" fromWho="2" sc="302,0,314,30,92,-20,282,0" /><INIT seed="5,0,0,0,5,67" ten="302,344,72,282" oya="1" hai0="71,95,130,46,84,61,114,72,57,128,21,34,83" hai1="56,96,19,17,85,126,117,119,35,62,38,124,93" hai2="112,86,52,134,103,75,100,36,5,13,54,30,122" hai3="42,16,70,79,66,40,1,77,27,60,33,47,129"/><U121/><E38/><V120/><F75/><W32/><G1/><T87/><D34/><U23/><E35/><V29/><F36/><W58/><G129/><T132/><D114/><U88/><E121/><V28/><F112/><W3/><G3/><T78/><D132/><U111/><E111/><V102/><F134/><W53/><G33/><T8/><D46/><U59/><E85/><V24/><F24/><W45/><G47/><T0/><D21/><U74/><E74/><V109/><F109/><W97/><G97/><T25/><D25/><N who="1" m="14575" /><E19/><V26/><F26/><W127/><G42/><T89/><D72/><U6/><E6/><V118/><F118/><W7/><G7/><T90/><D71/><U104/><E104/><V50/><F86/><W44/><G44/><T48/><D48/><U65/><E59/><V82/><F82/><W108/><G108/><T20/><D20/><U94/><E93/><V135/><F135/><W64/><G16/><T73/><D0/><U4/><E4/><V105/><F105/><W49/><G127/><AGARI ba="0,0" hai="56,62,65,88,94,96,117,119,124,126,127" m="14575" machi="127" ten="30,2900,0" yaku="18,1,54,1" doraHai="67" who="1" fromWho="3" sc="302,0,344,29,72,0,282,-29" /><INIT seed="5,1,0,4,4,48" ten="302,373,72,253" oya="1" hai0="1,67,35,2,73,61,135,71,131,15,83,102,44" hai1="64,22,125,129,34,84,32,53,114,119,88,80,134" hai2="57,98,111,100,68,51,130,128,50,21,39,123,55" hai3="91,104,31,121,60,132,117,112,58,85,11,79,93"/><U5/><E114/><V0/><F0/><W95/><G104/><T126/><D126/><U116/><E125/><V12/><F111/><W41/><G121/><T26/><D15/><U17/><E5/><V47/><F123/><W27/><G112/><T43/><D131/><U56/><E129/><N who="2" m="49771" /><F21/><W66/><G132/><T122/><D102/><U20/><E64/><V124/><F12/><W69/><G117/><T101/><D101/><U28/><E134/><V24/><F124/><W45/><G11/><T74/><D135/><U52/><E28/><V7/><F24/><W72/><G72/><N who="0" m="27755" /><D83/><U120/><E120/><V81/><F81/><W59/><G79/><T3/><D122/><U105/><E105/><V86/><F86/><W75/><G95/><T107/><D107/><U6/><E6/><V14/><F68/><W103/><G103/><T30/><D2/><U19/><E56/><V92/><F39/><AGARI ba="1,0" hai="1,3,26,30,35,39,43,44,61,67,71" m="27755" machi="39" ten="30,2000,0" yaku="33,2" doraHai="48" who="0" fromWho="2" sc="302,23,373,0,72,-23,253,0" /><INIT seed="6,0,0,1,2,129" ten="325,373,49,253" oya="2" hai0="124,6,30,113,76,26,19,92,123,82,43,93,7" hai1="9,90,52,135,38,87,103,0,61,107,24,105,66" hai2="118,63,22,68,23,15,110,109,104,101,106,70,40" hai3="16,117,65,50,89,37,29,94,83,33,53,4,45"/><V77/><F118/><W81/><G117/><T21/><D123/><U127/><E135/><V73/><F40/><W17/><G4/><T132/><D132/><U58/><E38/><V111/><F101/><W122/><G122/><T125/><D113/><U97/><E127/><N who="0" m="48713" /><D43/><U49/><E24/><V100/><F100/><W86/><G37/><T28/><D28/><U134/><E134/><V79/><F73/><W14/><G17/><T51/><D51/><U46/><E9/><V120/><F120/><W133/><G29/><T48/><D48/><U55/><E0/><V8/><F8/><W108/><G33/><T20/><D7/><U5/><E5/><V130/><F15/><W13/><G108/><T121/><D6/><U88/><E107/><N who="2" m="41003" /><F63/><W126/><G126/><T96/><D96/><U27/><E27/><V54/><F54/><W72/><G13/><N who="0" m="9327" /><D121/><U119/><E119/><V102/><F102/><W41/><G41/><T60/><D60/><U95/><REACH who="1" step="1"/><E90/><REACH who="1" ten="325,363,49,253" step="2"/><V2/><F2/><W75/><G133/><T18/><D30/><U112/><E112/><V115/><F115/><W78/><G89/><T116/><D116/><U64/><AGARI ba="0,1" hai="46,49,52,55,58,61,64,66,87,88,95,97,103,105" machi="64" ten="30,8000,1" yaku="1,1,0,1,54,2,53,1" doraHai="129" doraHaiUra="42" who="1" fromWho="1" sc="325,-20,363,90,49,-40,253,-20" /><INIT seed="7,0,0,1,5,73" ten="305,453,9,233" oya="3" hai0="26,15,132,85,109,70,120,103,8,50,84,129,25" hai1="105,104,61,97,71,69,41,100,79,59,2,18,0" hai2="3,107,12,99,96,65,9,118,117,119,77,49,133" hai3="92,101,55,95,6,63,115,14,108,33,60,110,113"/><W19/><G33/><T123/><D70/><U93/><E79/><V39/><F49/><W81/><G6/><T121/><D109/><N who="3" m="42089" /><G81/><T47/><D129/><U83/><E83/><V1/><F12/><W78/><G78/><T34/><D103/><U53/><E41/><V28/><F77/><W89/><G101/><T127/><D127/><U64/><E71/><V5/><F5/><W122/><G122/><T31/><D26/><U106/><REACH who="1" step="1"/><E18/><REACH who="1" ten="305,443,9,233" step="2"/><V51/><F51/><AGARI ba="0,1" hai="0,2,51,53,59,61,64,69,93,97,100,104,105,106" machi="51" ten="40,2600,0" yaku="1,1,2,1,53,0" doraHai="73" doraHaiUra="4" who="1" fromWho="2" sc="305,0,443,36,9,-26,233,0" owari="305,10.5,479,57.9,-17,-51.7,233,-16.7" /></mjloggm>