<mjloggm ver="2.3"><GO type="169" lobby="0"/><UN n0="%E7%B4%AB%E3%81%AE%E9%8F%A1" n1="%E5%AE%8C%E5%85%A8%E5%AE%89%E7%89%8C" n2="%4D%75%64%46%6C%6F%77" n3="%E9%98%BF%E9%83%A8%E5%AF%9B%EF%BC%A0%E9%B3%B3%E5%8D%93" dan="17,17,17,17" rate="2147.35,2168.21,2170.61,2185.13" sx="M,M,M,F"/><TAIKYOKU oya="0"/><INIT seed="0,0,0,1,2,0" ten="250,250,250,250" oya="0" hai0="51,113,110,135,118,42,133,16,48,24,67,56,62" hai1="5,128,105,107,90,66,22,96,20,12,84,88,36" hai2="78,6,33,43,81,125,76,119,103,122,79,40,104" hai3="123,114,64,34,85,28,93,39,32,68,10,86,45"/><T7/><D113/><U106/><E128/><V100/><F122/><W29/><G64/><T50/><D118/><U94/><E36/><V101/><F33/><W129/><G45/><T30/><D110/><U37/><E37/><V52/><F104/><W4/><G93/><T54/><D42/><N who="2" m="15914" /><F119/><W61/><G61/><T83/><D83/><U8/><REACH who="1" step="1"/><E66/><REACH who="1" ten="250,240,250,250" step="2"/><V92/><F125/><W121/><G39/><T116/><D67/><U60/><E60/><V130/><F130/><W31/><G129/><T47/><D116/><U21/><E21/><V35/><F35/><N who="3" m="13355" /><G114/><T109/><D109/><U17/><E17/><V132/><F132/><W75/><G29/><T11/><D30/><U19/><E19/><V3/><F103/><W65/><G31/><T73/><D62/><U111/><E111/><V74/><F101/><W72/><G28/><T49/><D16/><U53/><E53/><V26/><F52/><W97/><G65/><T80/><D54/><U69/><E69/><V44/><F100/><W46/><G68/><T98/><D47/><U38/><E38/><V71/><F44/><W70/><G46/><T91/><D51/><U1/><E1/><V99/><F3/><N who="3" m="287" /><G70/><T63/><D50/><U95/><AGARI ba="0,1" hai="5,8,12,20,22,84,88,90,94,95,96,105,106,107" machi="95" ten="40,8000,1" yaku="1,1,0,1,52,1,54,1,53,1" doraHai="0" doraHaiUra="82" who="1" fromWho="1" sc="250,-40,240,90,250,-20,250,-20" /><INIT seed="1,0,0,3,4,123" ten="210,330,230,230" oya="1" hai0="126,119,121,47,5,89,103,111,134,26,51,90,8" hai1="87,131,117,48,113,76,19,4,120,45,31,74,60" hai2="110,94,107,124,1,56,66,18,30,35,42,92,88" hai3="135,85,32,36,75,46,15,59,38,13,73,69,109"/><U104/><E113/><V11/><F107/><W91/><G91/><BYE who="3" /><T53/><D119/><U52/><E117/><V9/><F124/><W133/><G133/><T116/><D116/><U57/><E120/><V102/><F42/><W29/><G29/><T50/><D121/><U0/><E131/><V78/><F78/><W125/><G125/><T71/><D71/><U83/><E104/><V17/><F110/><W40/><G40/><T101/><D126/><U67/><E31/><V79/><F79/><W12/><G12/><T49/><D134/><U33/><E33/><V37/><F37/><W128/><G128/><T114/><D114/><U130/><E130/><V81/><F81/><W7/><G7/><T25/><D111/><U34/><E34/><V115/><F115/><UN n3="%E9%98%BF%E9%83%A8%E5%AF%9B%EF%BC%A0%E9%B3%B3%E5%8D%93" /><W97/><G59/><T65/><D65/><U43/><E19/><V54/><F66/><W112/><G15/><N who="0" m="5519" /><D53/><U58/><E4/><V118/><F1/><W99/><G38/><T127/><D47/><U68/><E0/><V80/><F118/><W84/><G46/><T27/><D127/><U93/><REACH who="1" step="1"/><E43/><REACH who="1" ten="210,320,230,230" step="2"/><V2/><F2/><W106/><G32/><T41/><D41/><U61/><E61/><V3/><F3/><W14/><G112/><T39/><D39/><U82/><E82/><V96/><F80/><W44/><G36/><T20/><D50/><U77/><E77/><V122/><F122/><W22/><G106/><T98/><D49/><U129/><E129/><V23/><F35/><W6/><G6/><T132/><D51/><U55/><E55/><V72/><F54/><W21/><G109/><RYUUKYOKU ba="0,1" sc="210,-10,320,30,230,-10,230,-10" hai1="45,48,52,57,58,60,67,68,74,76,83,87,93" /><INIT seed="1,1,1,5,1,72" ten="200,350,220,220" oya="1" hai0="56,123,11,36,6,34,65,49,19,90,5,103,18" hai1="0,113,110,68,98,120,70,77,76,128,106,69,85" hai2="83,26,87,10,81,112,57,9,126,107,105,40,67" hai3="116,55,47,17,96,109,133,24,115,111,33,66,22"/><U73/><E113/><V88/><F126/><W14/><G115/><T2/><D36/><U131/><E120/><V86/><F112/><W97/><G133/><T50/><D123/><U82/><E0/><V32/><F40/><W28/><G66/><T91/><D34/><U100/><REACH who="1" step="1"/><E110/><REACH who="1" ten="200,340,220,220" step="2"/><V125/><F125/><W74/><G111/><T75/><D2/><U35/><E35/><V43/><F32/><W42/><G109/><T48/><D5/><U122/><E122/><V134/><F134/><W124/><G124/><T13/><D6/><U92/><E92/><V15/><F107/><W1/><G1/><T53/><D19/><U119/><E119/><V7/><F105/><W20/><G116/><T38/><D18/><U84/><E84/><V31/><F7/><W108/><G108/><T51/><D75/><U118/><E118/><V117/><F87/><W135/><G135/><T25/><D13/><U27/><E27/><V132/><F15/><W104/><G74/><T95/><D25/><U101/><E101/><V94/><F117/><W102/><G33/><T127/><D103/><U8/><E8/><V129/><F10/><W93/><G104/><T52/><D11/><U58/><E58/><V4/><F9/><W62/><G102/><T78/><D56/><U44/><E44/><V21/><F4/><W80/><G93/><T37/><D95/><U79/><E79/><V39/><F94/><W89/><G89/><T41/><D91/><U99/><E99/><V16/><F132/><W63/><G96/><T54/><D127/><U64/><E64/><V12/><F67/><RYUUKYOKU ba="1,2" sc="200,-10,340,30,220,-10,220,-10" hai1="68,69,70,73,76,77,82,85,98,100,106,128,131" /><INIT seed="1,2,2,5,1,122" ten="190,370,210,210" oya="1" hai0="39,20,23,1,110,54,133,32,65,30,80,94,33" hai1="2,8,17,67,125,78,31,6,61,105,58,104,41" hai2="98,100,64,113,75,59,3,44,106,69,123,102,13" hai3="121,117,74,127,7,56,116,87,16,92,112,53,35"/><U101/><E125/><V79/><F3/><W38/><G74/><T72/><D39/><U86/><E31/><V89/><F123/><W120/><G112/><T95/><D1/><U4/><E4/><V49/><F102/><W81/><G35/><T47/><D65/><U27/><E41/><V85/><F69/><W46/><G7/><T77/><D133/><U34/><E101/><V132/><F132/><W15/><G92/><T93/><D110/><U43/><E43/><V37/><F37/><W11/><G127/><T108/><D108/><U135/><E135/><V68/><F68/><W28/><G28/><T9/><D9/><U96/><E96/><V134/><F134/><W25/><G25/><T107/><D107/><U91/><E78/><V97/><F97/><W88/><G46/><T12/><D30/><U114/><E34/><V21/><F59/><W36/><G120/><T82/><D82/><U99/><E99/><V48/><F64/><W126/><G126/><T51/><REACH who="0" step="1"/><D23/><REACH who="0" ten="180,370,210,210" step="2"/><U131/><E104/><V84/><F21/><W115/><G121/><T24/><D24/><U109/><E105/><V129/><F106/><W42/><G115/><T40/><D40/><U14/><E109/><V52/><F113/><W0/><G0/><T73/><D73/><U130/><E27/><V119/><F75/><W90/><G42/><T22/><D22/><N who="1" m="11575" /><E114/><V128/><F128/><W71/><G71/><T124/><D124/><U18/><E130/><V83/><F129/><W66/><G66/><T50/><D50/><U10/><E131/><V5/><F49/><N who="3" m="30767" /><G90/><T45/><D45/><RYUUKYOKU ba="2,3" sc="180,15,370,-15,210,-15,210,15" hai0="12,20,32,33,47,51,54,72,77,80,93,94,95" hai3="11,15,16,36,38,81,87,88,116,117" /><INIT seed="2,3,3,2,5,31" ten="195,355,195,225" oya="2" hai0="0,38,60,36,103,48,79,72,122,116,3,114,26" hai1="44,75,73,61,74,76,124,135,24,19,121,46,9" hai2="40,97,59,27,32,98,37,119,81,71,117,112,25" hai3="57,49,120,90,88,30,17,34,87,96,21,4,83"/><V77/><F112/><W108/><G120/><T2/><D122/><U15/><E121/><V8/><F71/><W39/><G39/><T16/><D114/><U51/><E135/><V67/><F8/><W95/><G108/><T82/><D116/><U23/><E124/><V18/><F117/><W65/><G4/><T1/><N who="0" m="0" /><DORA hai="113" /><T42/><D103/><U6/><E61/><V78/><F78/><W70/><G70/><T54/><BYE who="3" /><D60/><U106/><E106/><V127/><F67/><UN n3="%E9%98%BF%E9%83%A8%E5%AF%9B%EF%BC%A0%E9%B3%B3%E5%8D%93" /><W41/><G30/><T133/><D42/><U56/><REACH who="1" step="1"/><E76/><REACH who="1" ten="195,345,195,225" step="2"/><V91/><F77/><W12/><G65/><T123/><D133/><U35/><E35/><V132/><F32/><W107/><G34/><T118/><D123/><U66/><E66/><V109/><F127/><W134/><G107/><T50/><D118/><U86/><E86/><V89/><F119/><W101/><G134/><T80/><D79/><U28/><E28/><V29/><F29/><W100/><REACH who="3" step="1"/><G57/><REACH who="3" ten="195,345,195,215" step="2"/><T55/><D36/><U10/><E10/><V45/><F59/><W111/><G111/><T53/><D38/><U131/><E131/><V43/><F109/><W13/><G13/><T33/><D33/><U58/><E58/><V130/><F37/><W93/><G93/><T115/><D115/><U52/><AGARI ba="3,5" hai="6,9,15,19,23,24,44,46,51,52,56,73,74,75" machi="52" ten="40,5200,0" yaku="1,1,0,1,54,1,53,0" doraHai="31,113" doraHaiUra="129,63" who="1" fromWho="1" sc="195,-16,345,111,195,-29,215,-16" /><INIT seed="3,0,0,5,4,65" ten="179,456,166,199" oya="3" hai0="114,26,101,80,2,132,4,70,68,34,87,77,12" hai1="92,103,79,105,60,7,74,83,128,120,84,58,99" hai2="50,17,112,106,46,33,75,24,129,15,42,1,41" hai3="119,11,36,29,115,93,104,19,127,25,86,10,21"/><W97/><G115/><T117/><D117/><U73/><E120/><V122/><F112/><W51/><G36/><T8/><D114/><U81/><E128/><V126/><F1/><W31/><G119/><T55/><D132/><U5/><E105/><V113/><F75/><W0/><G127/><T52/><D101/><U62/><E62/><V76/><F106/><W43/><G104/><T9/><D34/><U91/><REACH who="1" step="1"/><E74/><REACH who="1" ten="179,446,166,199" step="2"/><V44/><F129/><W39/><G39/><T38/><D38/><U61/><E61/><V69/><F122/><W107/><G107/><T67/><D26/><U56/><E56/><V134/><F24/><W53/><G25/><T23/><D67/><AGARI ba="0,1" hai="5,7,58,60,67,73,79,81,83,84,91,92,99,103" machi="67" ten="30,3900,0" yaku="1,1,7,1,53,1" doraHai="65" doraHaiUra="57" who="1" fromWho="0" sc="179,-39,446,49,166,0,199,0" /><INIT seed="4,0,0,3,0,103" ten="140,495,166,199" oya="0" hai0="104,34,37,14,133,0,31,116,41,26,130,25,43" hai1="30,129,87,2,22,11,105,77,119,106,70,10,93" hai2="67,27,32,117,42,21,12,17,79,98,58,108,96" hai3="80,123,72,18,57,8,39,64,134,112,99,110,122"/><T7/><D116/><U97/><E70/><V1/><F108/><W114/><G110/><T118/><D118/><U38/><E38/><V94/><F117/><W50/><G39/><T125/><D104/><U81/><E119/><V9/><F42/><W33/><G33/><T71/><D71/><U101/><E129/><V20/><F79/><N who="3" m="44135" /><G99/><T65/><D65/><U28/><E11/><V90/><F1/><W113/><G134/><T55/><D0/><U135/><E135/><V56/><F32/><W95/><G95/><T15/><D133/><U88/><E22/><V5/><F67/><W69/><G69/><T120/><D120/><N who="3" m="46121" /><G64/><T46/><D7/><N who="1" m="1399" /><E106/><V3/><REACH who="2" step="1"/><F98/><REACH who="2" ten="140,495,156,199" step="2"/><W48/><G57/><T62/><D34/><U115/><E77/><V75/><F75/><W54/><G54/><T29/><D55/><U84/><E97/><V49/><F49/><W13/><AGARI ba="0,1" hai="8,13,18,48,50,112,113,114" m="46121,44135" machi="13" ten="40,2700,0" yaku="15,1,13,1" doraHai="103" who="3" fromWho="3" sc="140,-13,495,-7,156,-7,199,37" /><INIT seed="5,0,0,2,4,12" ten="127,488,149,236" oya="1" hai0="10,118,48,82,126,2,88,44,89,35,85,49,60" hai1="92,112,133,13,99,59,105,83,11,30,71,127,93" hai2="4,124,23,53,68,115,5,116,24,111,39,26,114" hai3="134,87,104,42,102,17,81,72,36,135,15,40,80"/><U77/><E71/><V63/><F39/><W110/><G72/><T22/><D118/><U58/><E105/><V14/><F68/><W9/><G110/><T78/><D35/><U62/><E112/><N who="2" m="43051" /><F63/><W32/><G32/><T90/><D126/><U86/><E133/><N who="3" m="50698" /><G36/><T8/><D2/><U123/><E123/><V122/><F53/><W130/><G130/><T38/><D38/><U46/><E46/><V64/><F64/><W117/><G117/><T94/><D60/><U50/><E30/><N who="2" m="17695" /><F116/><W31/><G31/><T129/><D129/><U43/><E127/><V41/><F41/><N who="3" m="15979" /><G87/><T57/><D94/><U65/><E99/><AGARI ba="0,0" hai="9,15,17,80,81,99,102,104" m="15979,50698" machi="99" ten="30,2000,0" yaku="20,1,52,1" doraHai="12" who="3" fromWho="1" sc="127,0,488,-20,149,0,236,20" /><INIT seed="6,0,0,2,5,100" ten="127,468,149,256" oya="2" hai0="81,66,21,3,70,1,6,22,40,82,7,131,44" hai1="120,114,105,134,52,115,25,27,127,9,79,29,26" hai2="63,122,94,60,130,65,35,50,113,133,106,48,68" hai3="34,56,109,116,38,104,53,88,12,96,71,67,46"/><V101/><F122/><W10/><G34/><T33/><D33/><U77/><E134/><V4/><F133/><W86/><G109/><T92/><D131/><U64/><E127/><V20/><F130/><W83/><G116/><T16/><D70/><U17/><E29/><V95/><F4/><W124/><G124/><T24/><D66/><U129/><E105/><V80/><F80/><W23/><G71/><T97/><D1/><U13/><E129/><V15/><F60/><N who="3" m="38279" /><G104/><T54/><D54/><U93/><E64/><V99/><F113/><N who="1" m="43017" /><E120/><V98/><F35/><W30/><G38/><T62/><D62/><U91/><E52/><V2/><F2/><W119/><G96/><AGARI ba="0,0" hai="9,13,17,25,26,27,77,79,91,93,96" m="43017" machi="96" ten="30,1000,0" yaku="15,1" doraHai="100" who="1" fromWho="3" sc="127,0,468,10,149,0,256,-10" /><INIT seed="7,0,0,1,1,31" ten="127,478,149,246" oya="3" hai0="28,20,24,32,30,92,84,81,16,12,37,77,44" hai1="55,123,119,22,34,107,109,70,35,120,95,80,52" hai2="48,75,69,97,53,29,111,39,112,116,103,21,9" hai3="134,132,4,127,117,66,78,8,65,96,99,102,0"/><W25/><G117/><T110/><D110/><U106/><E109/><V50/><F116/><W51/><G127/><T91/><D28/><U64/><E64/><N who="3" m="24682" /><G78/><T63/><D63/><U19/><E70/><V108/><F39/><W11/><G11/><T23/><D37/><U3/><E3/><V36/><F36/><W114/><G102/><T60/><D60/><U129/><E106/><V73/><F69/><W46/><G25/><T49/><D32/><U7/><E107/><V104/><F50/><W101/><G101/><T68/><D68/><U41/><E35/><V62/><F62/><W89/><G89/><T61/><D61/><U40/><E34/><V74/><F9/><W17/><G17/><T122/><D122/><U45/><E120/><V83/><F83/><W2/><G2/><T126/><D126/><U38/><E80/><V67/><F67/><W128/><G114/><T10/><D10/><U86/><E19/><V85/><F112/><W124/><G124/><T71/><D71/><U79/><E79/><V118/><F118/><W82/><G82/><T43/><D92/><U56/><E95/><V88/><F29/><W125/><G125/><T113/><D113/><U15/><E119/><V13/><F13/><W57/><G8/><T100/><D100/><U133/><E123/><V54/><F21/><W58/><G0/><T42/><REACH who="0" step="1"/><D77/><REACH who="0" ten="117,478,149,246" step="2"/><U76/><E76/><V135/><F135/><W59/><G134/><T18/><D18/><U26/><E133/><V121/><F121/><W72/><G132/><T87/><D87/><U105/><E86/><V5/><F85/><RYUUKYOKU ba="0,1" sc="117,30,478,-10,149,-10,246,-10" hai0="12,16,20,23,24,30,42,43,44,49,81,84,91" owari="147,-25.3,478,57.8,139,-36.1,236,3.6" /></mjloggm>