<mjloggm ver="2.3"><GO type="169" lobby="0"/><UN n0="%E3%83%90%E3%83%AA%E3%83%88%E3%83%B3" n1="%E3%81%8B%E3%81%A3%E9%A3%9B%E3%81%B0%E3%81%9B%E5%85%A8%E9%83%A8" n2="%E3%81%9D%E3%81%86%E3%81%9F%E3%81%A3%E3%81%9F" n3="%E3%81%A6%E3%81%BE%E3%81%A1" dan="17,17,16,16" rate="2239.74,2184.00,2080.75,2043.10" sx="M,M,M,M"/><TAIKYOKU oya="0"/><INIT seed="0,0,0,5,1,21" ten="250,250,250,250" oya="0" hai0="126,44,8,46,30,53,64,67,27,115,90,31,19" hai1="51,100,9,42,16,1,118,110,120,124,80,83,3" hai2="130,17,92,41,10,20,82,12,101,2,131,24,56" hai3="81,38,89,112,111,32,25,65,96,22,23,133,116"/><T76/><D115/><U55/><E118/><V99/><F41/><W40/><G111/><T66/><D126/><U68/><E120/><V97/><F2/><W39/><G133/><T45/><D76/><U58/><E110/><V85/><F56/><W60/><G116/><T123/><D123/><U4/><E124/><V113/><F97/><W105/><G32/><T6/><D90/><U127/><E127/><V84/><F113/><W87/><G40/><T134/><D134/><U98/><E68/><V108/><F108/><W117/><G22/><T128/><D128/><U26/><E1/><V36/><F36/><W48/><G48/><T132/><D132/><U78/><E42/><V102/><F102/><W122/><G117/><T49/><D19/><U94/><E78/><V50/><F50/><W52/><G52/><T135/><D135/><U70/><E70/><V72/><F72/><W63/><G63/><T121/><D31/><U13/><REACH who="1" step="1"/><E26/><REACH who="1" ten="250,240,250,250" step="2"/><V103/><F130/><W47/><G122/><T5/><D121/><U125/><E125/><V79/><F131/><W71/><G112/><T107/><D107/><U129/><E129/><V7/><REACH who="2" step="1"/><F103/><REACH who="2" ten="250,240,240,250" step="2"/><W75/><G38/><T61/><D46/><U35/><E35/><V114/><F114/><W34/><G47/><T95/><D45/><U74/><E74/><V73/><AGARI ba="0,2" hai="7,10,12,17,20,24,73,79,82,84,85,92,99,101" machi="73" ten="20,5200,0" yaku="1,1,0,1,7,1,52,1,53,0" doraHai="21" doraHaiUra="86" who="2" fromWho="2" sc="250,-26,240,-13,240,72,250,-13" /><INIT seed="1,0,0,0,1,27" ten="224,227,312,237" oya="1" hai0="44,77,110,30,4,50,5,59,64,87,12,100,47" hai1="107,55,108,11,117,51,18,95,70,124,23,89,33" hai2="34,45,31,41,105,119,72,60,103,118,125,13,58" hai3="73,85,97,24,53,129,83,79,127,20,66,42,98"/><U32/><E117/><V7/><F72/><W19/><G129/><T3/><D3/><U104/><E70/><V26/><F125/><W80/><G127/><T93/><D110/><U78/><E124/><V1/><F1/><W67/><G53/><T63/><D47/><U113/><E113/><V74/><F74/><W76/><REACH who="3" step="1"/><G42/><REACH who="3" ten="224,227,312,227" step="2"/><T111/><D111/><U123/><E55/><V25/><F41/><W94/><G94/><T114/><D114/><U90/><E95/><V46/><F118/><W75/><G75/><T68/><D93/><U102/><E108/><V36/><F119/><W56/><G56/><T0/><D59/><U86/><E107/><V130/><F58/><W71/><G71/><T22/><D68/><U40/><E104/><V122/><F130/><W16/><G16/><T135/><D64/><AGARI ba="0,1" hai="19,20,24,64,66,67,73,76,79,80,83,85,97,98" machi="64" ten="40,1300,0" yaku="1,1,53,0" doraHai="27" doraHaiUra="115" who="3" fromWho="0" sc="224,-13,227,0,312,0,227,23" /><INIT seed="2,0,0,5,3,51" ten="211,227,312,250" oya="2" hai0="4,24,61,129,76,11,52,134,12,41,49,92,82" hai1="135,105,43,37,98,5,39,95,28,47,34,117,20" hai2="57,38,31,97,65,75,122,93,96,27,19,35,131" hai3="10,79,130,88,40,66,16,17,23,1,113,25,45"/><V102/><F131/><W32/><G130/><T81/><D129/><U100/><E117/><V99/><F122/><W133/><G133/><T85/><D134/><U94/><E135/><V87/><F75/><W50/><G113/><T119/><D119/><U30/><E34/><V48/><F38/><W118/><G118/><T44/><D24/><U68/><E68/><V42/><F19/><W60/><G32/><T123/><D123/><U101/><E5/><V106/><F87/><W125/><G79/><T62/><D92/><U59/><E37/><V90/><F97/><W89/><G125/><T128/><D128/><U14/><E59/><V120/><F120/><W53/><G40/><T63/><D82/><U109/><E109/><V112/><F112/><W21/><G10/><T71/><REACH who="0" step="1"/><D71/><REACH who="0" ten="201,227,312,250" step="2"/><U9/><E94/><V80/><F80/><W74/><G74/><T114/><D114/><U91/><E101/><V86/><F102/><W2/><G2/><T73/><D73/><U69/><E69/><V64/><F27/><N who="3" m="14767" /><G1/><T70/><D70/><U77/><E100/><V84/><F93/><W67/><G60/><T124/><D124/><U110/><E95/><V6/><F96/><W103/><G103/><T104/><D104/><U33/><E98/><V8/><F106/><W3/><G3/><T46/><D46/><N who="1" m="23935" /><E105/><V18/><F99/><W108/><G108/><T7/><D7/><U116/><E47/><V115/><F6/><W22/><G25/><T127/><D127/><U132/><E110/><V26/><F115/><W58/><G45/><T15/><D15/><U55/><E14/><RYUUKYOKU ba="0,1" sc="201,30,227,-10,312,-10,250,-10" hai0="4,11,12,41,44,49,52,61,62,63,76,81,85" /><INIT seed="3,1,1,0,4,78" ten="231,217,302,240" oya="3" hai0="54,129,81,4,92,98,10,5,21,55,29,115,30" hai1="26,24,84,91,130,76,68,102,128,1,40,57,11" hai2="106,109,7,75,94,101,132,64,87,72,22,127,50" hai3="65,42,77,38,126,44,61,88,104,73,93,13,62"/><W56/><G104/><T119/><D119/><U89/><E68/><V0/><F0/><W71/><G126/><T67/><D129/><U3/><E102/><V49/><F22/><W33/><G33/><T134/><D134/><U37/><E76/><V25/><F50/><W2/><G2/><T9/><D67/><U6/><E84/><V43/><F49/><W86/><G13/><T114/><D92/><U107/><E107/><V66/><F25/><W16/><G16/><T112/><D21/><U85/><E85/><V63/><F87/><W121/><G121/><T14/><D98/><U60/><E57/><V45/><F45/><W74/><REACH who="3" step="1"/><G77/><REACH who="3" ten="231,217,302,230" step="2"/><T32/><D32/><U58/><E1/><V90/><F106/><W135/><G135/><T97/><D115/><U34/><E3/><V27/><F127/><W133/><G133/><T117/><D14/><U12/><E34/><V69/><F27/><W53/><AGARI ba="1,2" hai="38,42,44,53,56,61,62,65,71,73,74,86,88,93" machi="53" ten="20,7800,0" yaku="1,1,0,1,7,1,54,1,53,0" doraHai="78" doraHaiUra="103" who="3" fromWho="3" sc="231,-27,217,-27,302,-27,230,101" /><INIT seed="3,2,0,1,4,42" ten="204,190,275,331" oya="3" hai0="70,47,31,46,34,119,17,130,114,112,45,20,93" hai1="2,125,22,101,11,103,24,122,123,66,108,131,109" hai2="110,132,99,59,90,116,26,89,97,76,3,82,41" hai3="71,5,87,27,63,83,43,52,10,95,30,68,107"/><W28/><G107/><T124/><D119/><U134/><E66/><V62/><F3/><W19/><G43/><T44/><D130/><U96/><E96/><V84/><F110/><N who="1" m="42601" /><E101/><V55/><F132/><W80/><G95/><T86/><D70/><U8/><E103/><V4/><F4/><W13/><G71/><T102/><D124/><U85/><E85/><V58/><F116/><W121/><G121/><N who="1" m="46090" /><E125/><V39/><F26/><W60/><G68/><T100/><D34/><U75/><E75/><V38/><F90/><W29/><G87/><T53/><D31/><U129/><E134/><V64/><F89/><W18/><G83/><T127/><D127/><U106/><E106/><V92/><F41/><W126/><G80/><T111/><D111/><U9/><E2/><V21/><F97/><W56/><G126/><T72/><D72/><U88/><E88/><V1/><F1/><W117/><G117/><T94/><D86/><U40/><E40/><V37/><F92/><N who="0" m="35434" /><D114/><U135/><E135/><V36/><F99/><W61/><REACH who="3" step="1"/><G27/><REACH who="3" ten="204,190,275,321" step="2"/><N who="0" m="14735" /><D112/><U33/><E33/><V35/><F35/><W113/><G113/><T51/><AGARI ba="2,1" hai="44,45,46,47,51,53,100,102" m="14735,35434" machi="51" ten="30,8000,1" yaku="8,1,52,4" doraHai="42" who="0" fromWho="0" sc="204,96,190,-22,275,-22,321,-42" /><INIT seed="4,0,0,4,1,9" ten="300,168,253,279" oya="0" hai0="69,117,79,42,127,132,37,129,10,109,115,32,74" hai1="5,125,28,78,21,89,66,96,0,83,92,6,4" hai2="103,23,104,57,82,105,12,99,52,101,85,102,30" hai3="36,38,19,49,16,56,25,7,80,84,119,107,98"/><T48/><D48/><U33/><E125/><V17/><F30/><W87/><G7/><T112/><D10/><U65/><E33/><V95/><F105/><W91/><G119/><T35/><D42/><U51/><E0/><V55/><F104/><W71/><G71/><T11/><D11/><U39/><E39/><V108/><F108/><W3/><G3/><T130/><D79/><U90/><E90/><V113/><F113/><W93/><G107/><T114/><D114/><U58/><E28/><V70/><F70/><W124/><G84/><T77/><D77/><U86/><REACH who="1" step="1"/><E21/><REACH who="1" ten="300,158,253,279" step="2"/><V2/><F2/><W135/><G91/><T110/><D32/><U81/><E81/><V97/><F97/><W120/><G80/><T47/><D112/><U27/><E27/><V88/><REACH who="2" step="1"/><F55/><AGARI ba="0,1" hai="4,5,6,51,55,58,65,66,78,83,86,89,92,96" machi="55" ten="40,5200,0" yaku="1,1,8,1,53,1" doraHai="9" doraHaiUra="44" who="1" fromWho="2" sc="300,0,158,62,253,-52,279,0" /><INIT seed="5,0,0,1,2,61" ten="300,220,201,279" oya="1" hai0="105,49,120,88,1,64,8,19,75,55,13,134,125" hai1="94,39,32,113,72,126,24,48,27,98,35,133,97" hai2="91,86,0,109,96,132,17,73,102,117,74,70,90" hai3="115,106,130,10,121,66,54,71,43,16,103,31,79"/><U21/><E39/><V22/><F0/><W110/><G110/><T67/><D105/><U76/><E113/><V111/><F70/><W58/><G121/><T46/><D75/><N who="2" m="28682" /><F22/><W23/><G31/><T25/><D1/><U9/><E126/><V83/><F17/><W80/><G43/><T30/><D120/><U108/><E108/><N who="2" m="41547" /><F132/><W33/><G16/><T3/><D125/><U28/><E133/><V14/><F14/><W42/><G23/><N who="0" m="15679" /><D3/><U63/><E48/><V44/><F44/><W135/><G10/><T124/><D124/><U15/><E24/><V7/><F7/><W101/><G71/><T129/><D129/><U50/><E50/><V118/><F91/><W104/><G42/><T34/><D34/><U38/><E38/><V37/><F37/><W119/><G33/><T36/><D36/><U112/><E32/><V18/><F18/><W95/><G135/><T11/><D11/><U5/><E35/><V81/><F83/><W29/><G80/><T123/><D123/><U114/><E63/><V87/><F87/><W107/><G29/><T131/><D131/><U26/><E26/><V85/><F85/><W77/><G130/><T59/><D134/><U82/><REACH who="1" step="1"/><E98/><REACH who="1" ten="300,210,201,279" step="2"/><V100/><F96/><W69/><G115/><T6/><D49/><U57/><E57/><V51/><F51/><W127/><G58/><T65/><D59/><U52/><E52/><V92/><F118/><W122/><G54/><T99/><D55/><U2/><E2/><V53/><F117/><W128/><G119/><T12/><D12/><U68/><E68/><V40/><F53/><RYUUKYOKU ba="0,1" sc="300,-10,210,30,201,-10,279,-10" hai1="5,9,15,21,27,28,72,76,82,94,97,112,114" /><INIT seed="5,1,1,3,0,68" ten="290,240,191,269" oya="1" hai0="101,120,24,22,118,34,67,8,97,61,49,10,73" hai1="122,39,65,41,63,79,42,124,23,66,86,16,28" hai2="2,40,126,62,87,77,119,31,98,82,108,94,52" hai3="38,3,121,13,17,26,72,133,18,20,57,37,111"/><U130/><E122/><V92/><F108/><W12/><G3/><T103/><D118/><U70/><E124/><V113/><F119/><W7/><G72/><T59/><D73/><U25/><E130/><V15/><F126/><W6/><G111/><T29/><D103/><U84/><E66/><V116/><F2/><W81/><G121/><T33/><D120/><U91/><E39/><V30/><F116/><W83/><G57/><T46/><D34/><U105/><E105/><V131/><F113/><W69/><G69/><T109/><D33/><U32/><E79/><V35/><F40/><W76/><G26/><T58/><D58/><U123/><E123/><V96/><F15/><W71/><G71/><T21/><D21/><U56/><E70/><V45/><F35/><W75/><G133/><T19/><D19/><U1/><E1/><V104/><F104/><W27/><G27/><T64/><D64/><U55/><E65/><V134/><F131/><W54/><G54/><T93/><D109/><U44/><E44/><V99/><F134/><W117/><G117/><T4/><D4/><U129/><E84/><V135/><F135/><W112/><G20/><T11/><D8/><U88/><E129/><V85/><F62/><W106/><G106/><T50/><D50/><U110/><E110/><V102/><F87/><W0/><G0/><T78/><D78/><U60/><E60/><V115/><F115/><W80/><G112/><T36/><D36/><N who="3" m="13929" /><G75/><T9/><D11/><U74/><E74/><V127/><F127/><W5/><G76/><T43/><AGARI ba="1,1" hai="9,10,22,24,29,43,46,49,59,61,67,93,97,101" machi="43" ten="20,8000,1" yaku="0,1,7,1,25,2,8,1" doraHai="68" who="0" fromWho="0" sc="290,93,240,-41,191,-21,269,-21" /><INIT seed="6,0,0,4,0,129" ten="383,199,170,248" oya="2" hai0="13,122,57,99,81,37,89,66,87,25,82,104,39" hai1="120,22,102,77,26,40,48,79,62,85,0,58,30" hai2="53,123,107,84,117,70,91,46,31,59,23,73,125" hai3="121,119,28,94,64,9,47,96,72,38,97,18,14"/><V132/><F123/><W19/><G72/><T83/><D122/><U88/><E120/><V75/><F117/><W56/><G119/><T67/><D39/><U44/><E102/><V101/><F125/><W100/><G28/><T78/><D37/><U2/><E2/><V15/><F70/><W32/><G32/><T95/><D104/><U4/><E4/><V17/><F31/><W92/><G121/><T33/><D33/><U80/><REACH who="1" step="1"/><E0/><REACH who="1" ten="383,189,170,248" step="2"/><V16/><F101/><W8/><G100/><T34/><D78/><U126/><E126/><V42/><F107/><W86/><G18/><T134/><D34/><U112/><E112/><V106/><F106/><W114/><G19/><T41/><D13/><U11/><E11/><V93/><F17/><W1/><G14/><T10/><D10/><U76/><E76/><V130/><F130/><W5/><G9/><T63/><D25/><U71/><E71/><V35/><F35/><W116/><G8/><T45/><D67/><AGARI ba="0,1" hai="22,26,30,40,44,48,58,62,67,77,79,80,85,88" machi="67" ten="30,7700,0" yaku="1,1,7,1,8,1,54,1,53,0" doraHai="129" doraHaiUra="12" who="1" fromWho="0" sc="383,-77,189,87,170,0,248,0" /><INIT seed="7,0,0,4,4,110" ten="306,276,170,248" oya="3" hai0="73,62,127,86,119,6,56,2,24,47,50,112,43" hai1="123,87,3,132,42,1,70,107,52,40,41,75,90" hai2="64,60,76,124,4,37,0,11,46,80,68,130,13" hai3="51,17,104,5,32,108,30,45,15,7,81,134,106"/><W26/><G134/><T19/><D73/><U88/><E123/><V85/><F124/><W36/><G36/><T96/><D119/><U93/><E70/><V129/><F13/><W89/><G108/><T84/><D112/><U131/><E107/><V9/><F9/><W49/><G106/><T121/><D121/><U12/><E75/><V22/><F22/><W59/><G104/><T69/><D69/><U74/><E74/><V125/><F125/><W100/><G100/><T99/><D6/><U120/><E120/><V118/><F118/><W79/><G59/><T27/><D2/><U95/><E132/><V82/><F37/><W55/><G51/><T28/><D127/><U116/><E131/><V57/><F46/><W111/><G111/><T44/><D44/><U103/><E103/><V61/><REACH who="2" step="1"/><F82/><REACH who="2" ten="306,276,160,248" step="2"/><W114/><G15/><T98/><D19/><U94/><E12/><V58/><F58/><W31/><G81/><T92/><D92/><U34/><E95/><V20/><F20/><W38/><G38/><T21/><D27/><U54/><E116/><V39/><F39/><W126/><G17/><T25/><D24/><U29/><E94/><V78/><F78/><W101/><G79/><T77/><D77/><U97/><E93/><V102/><F102/><W53/><G101/><T83/><D83/><U8/><E1/><V135/><F135/><W133/><G133/><T91/><D91/><U117/><E88/><V14/><F14/><W122/><G89/><T18/><D18/><U66/><E90/><V35/><F35/><W33/><G32/><T67/><AGARI ba="0,1" hai="21,25,28,43,47,50,56,62,67,84,86,96,98,99" machi="67" ten="30,4000,0" yaku="5,1,0,1,8,1" doraHai="110" who="0" fromWho="0" sc="306,50,276,-10,160,-10,248,-20" owari="356,45.6,266,6.6,150,-35.0,228,-17.2" /></mjloggm>