<mjloggm ver="2.3"><GO type="169" lobby="0"/><UN n0="%73%79%6C%76%65%6F%6E" n1="%E3%83%A9%E3%83%B3%E3%82%B9%E3%83%AD%E3%83%83%E3%83%88" n2="%46%75%77%61" n3="%46%69%72%73%74" dan="16,16,17,16" rate="2196.94,2115.76,2185.59,2041.40" sx="M,M,M,M"/><TAIKYOKU oya="0"/><INIT seed="0,0,0,3,5,42" ten="250,250,250,250" oya="0" hai0="34,84,86,102,45,7,77,133,75,5,106,52,88" hai1="4,3,9,25,124,32,59,68,121,96,105,65,74" hai2="89,113,47,23,61,130,95,98,60,35,93,67,38" hai3="119,76,125,53,14,6,63,118,28,27,18,1,57"/><T115/><D115/><U13/><E121/><V37/><F35/><W12/><G125/><T123/><D123/><U117/><E117/><V122/><F113/><W41/><G76/><T97/><D34/><U112/><E13/><V30/><F122/><W26/><G26/><T71/><D71/><U114/><E59/><V100/><F130/><W79/><G79/><T94/><D86/><U120/><E120/><V111/><F111/><W82/><G82/><N who="0" m="45375" /><D133/><U46/><E46/><V29/><F38/><W80/><G80/><T134/><D134/><U135/><E135/><V17/><F37/><W20/><G14/><T127/><D127/><U92/><E124/><V81/><F81/><W104/><G104/><T58/><D45/><U15/><E92/><V131/><F131/><W91/><G91/><T50/><AGARI ba="0,0" hai="5,7,50,52,58,84,88,94,97,102,106" m="45375" machi="50" ten="30,6000,0" yaku="24,1,54,2" doraHai="42" who="0" fromWho="0" sc="250,60,250,-20,250,-20,250,-20" /><INIT seed="0,1,0,5,3,60" ten="310,230,230,230" oya="0" hai0="55,59,85,124,72,93,36,6,129,17,9,75,127" hai1="34,90,5,103,18,80,108,120,97,21,126,2,110" hai2="86,52,43,133,13,47,28,48,46,114,4,31,23" hai3="39,82,105,54,77,42,91,65,101,11,40,76,117"/><T125/><D36/><U27/><E120/><V132/><F114/><W83/><G117/><T128/><D17/><U30/><E126/><V88/><F4/><W118/><G118/><T112/><D112/><U81/><E90/><V29/><F13/><W94/><G39/><T70/><D70/><U78/><E78/><V68/><F23/><W84/><G54/><T14/><D93/><U57/><E57/><V19/><F19/><W10/><G105/><T109/><D85/><U130/><E130/><N who="0" m="50281" /><D109/><N who="1" m="42091" /><E5/><V135/><F68/><W71/><G71/><T107/><D107/><N who="1" m="63983" /><E2/><V45/><REACH who="2" step="1"/><F43/><REACH who="2" ten="310,230,220,230" step="2"/><W16/><G16/><T67/><D124/><U116/><E116/><V51/><F51/><W32/><G42/><T95/><D127/><U7/><E7/><V64/><F64/><W24/><G65/><T63/><D125/><U58/><E58/><V123/><F123/><W104/><G40/><T37/><D37/><U121/><E121/><V44/><F44/><W87/><G11/><T100/><D55/><U61/><E61/><V35/><F35/><W111/><G10/><T131/><D131/><U92/><E34/><V0/><F0/><W69/><G32/><T134/><D67/><U79/><E18/><V41/><F41/><W56/><G69/><T73/><D63/><U26/><E21/><V38/><F38/><W1/><G1/><T12/><D12/><U96/><E30/><V102/><F102/><W3/><G3/><T66/><D66/><U15/><E15/><V106/><F106/><W50/><G111/><T122/><D122/><U119/><E119/><V89/><F89/><RYUUKYOKU ba="1,1" sc="310,-10,230,-10,220,30,230,-10" hai2="28,29,31,45,46,47,48,52,86,88,132,133,135" /><INIT seed="1,2,1,2,3,20" ten="300,220,250,220" oya="1" hai0="32,3,18,6,75,114,113,108,91,2,52,95,85" hai1="127,99,19,61,44,110,0,29,115,36,64,63,27" hai2="92,40,47,84,69,124,97,13,39,7,10,106,14" hai3="102,45,104,4,11,41,129,68,98,50,24,90,112"/><U22/><E115/><V15/><F124/><W128/><G112/><T67/><D75/><U54/><E127/><V58/><F69/><W23/><G68/><T94/><D32/><U105/><E0/><V25/><F58/><W31/><REACH who="3" step="1"/><G90/><REACH who="3" ten="300,220,250,210" step="2"/><T87/><D91/><U125/><E125/><V42/><F7/><W74/><G74/><T123/><D6/><U71/><E110/><V72/><F72/><W48/><G48/><T33/><D108/><U56/><E36/><V116/><F39/><W93/><G93/><T8/><D95/><U35/><E44/><V53/><F106/><W120/><G120/><T121/><D94/><U131/><E131/><V79/><F92/><W62/><G62/><T49/><D49/><U89/><E89/><V135/><F79/><W103/><G103/><T5/><D5/><U82/><E82/><V38/><F38/><W70/><G70/><T83/><D83/><U1/><E105/><V126/><F126/><W17/><G17/><T130/><D18/><U96/><REACH who="1" step="1"/><E1/><AGARI ba="2,2" hai="1,4,11,23,24,31,41,45,50,98,102,104,128,129" machi="1" ten="40,5200,0" yaku="1,1,52,1,53,1" doraHai="20" doraHaiUra="43" who="3" fromWho="1" sc="300,0,220,-58,250,0,210,78" /><INIT seed="2,0,0,5,3,50" ten="300,162,250,288" oya="2" hai0="54,12,68,61,6,99,36,26,82,69,24,66,58" hai1="40,124,13,11,46,78,117,122,125,96,62,1,14" hai2="113,114,59,126,47,55,133,0,3,56,5,10,75" hai3="71,33,18,111,30,63,35,57,93,15,2,77,21"/><V19/><F75/><W25/><G111/><T72/><D36/><U101/><E117/><V34/><F126/><N who="1" m="48745" /><E122/><V110/><F133/><W64/><G2/><T100/><D69/><U83/><E62/><V89/><F110/><W53/><G77/><T121/><D121/><U9/><E9/><V73/><F73/><W81/><G81/><T44/><D44/><U115/><E11/><V91/><F3/><W98/><G35/><T49/><D12/><U27/><E27/><V79/><F79/><W112/><G112/><T20/><D6/><U84/><E115/><V74/><F74/><W85/><G85/><T7/><D7/><U87/><E87/><V52/><F34/><W109/><G109/><T42/><D72/><U48/><E1/><V95/><F19/><W119/><G119/><T120/><D120/><U8/><E8/><V123/><F123/><W106/><G106/><AGARI ba="0,0" hai="13,14,40,46,48,78,83,84,96,101,106" m="48745" machi="106" ten="30,1000,0" yaku="18,1" doraHai="50" who="1" fromWho="3" sc="300,0,162,10,250,0,288,-10" /><INIT seed="3,0,0,5,4,114" ten="300,172,250,278" oya="3" hai0="103,30,110,44,66,42,126,95,1,67,109,92,16" hai1="133,12,18,40,117,58,69,17,125,6,11,128,53" hai2="8,3,112,73,57,132,39,72,24,21,46,2,29" hai3="64,9,37,20,0,129,94,4,102,31,36,77,119"/><W15/><G119/><T87/><D1/><U81/><E69/><V68/><F68/><W35/><G129/><T123/><D123/><U10/><E128/><V74/><F112/><W70/><G77/><T111/><D30/><U47/><E125/><V99/><F132/><W131/><G131/><T65/><D126/><U116/><E133/><V108/><F108/><W107/><G94/><T71/><D71/><U32/><E32/><V19/><F99/><N who="3" m="61919" /><G15/><T122/><D122/><U90/><E90/><V60/><F39/><W25/><G20/><T62/><D62/><AGARI ba="0,0" hai="0,4,9,25,31,35,36,37,62,64,70" m="61919" machi="62" ten="30,5800,0" yaku="25,1,33,2" doraHai="114" who="3" fromWho="0" sc="300,-58,172,0,250,0,278,58" /><INIT seed="3,1,0,3,1,58" ten="242,172,250,336" oya="3" hai0="135,77,134,93,116,73,23,62,128,94,69,133,46" hai1="65,91,122,44,109,76,74,84,1,102,49,70,108" hai2="17,112,107,68,9,83,41,111,75,117,103,52,60" hai3="15,72,0,95,66,92,104,5,19,27,28,81,38"/><W48/><G104/><T50/><D116/><U126/><E122/><V20/><F112/><W98/><G38/><T2/><D2/><U87/><E1/><V22/><F117/><W78/><G66/><N who="0" m="41175" /><D128/><U97/><E126/><V34/><F34/><W40/><G0/><T39/><D39/><U63/><E74/><V99/><F111/><N who="1" m="42569" /><E91/><V105/><F105/><W31/><G5/><T115/><D115/><U4/><E4/><V119/><F119/><W54/><G40/><N who="0" m="24903" /><D23/><U33/><E76/><V132/><F132/><W125/><G125/><T123/><D123/><U114/><E33/><V37/><F9/><W85/><G72/><T3/><D3/><U71/><E71/><V120/><F120/><W13/><G13/><T55/><D55/><N who="1" m="30119" /><E114/><V10/><F10/><W8/><G27/><T29/><D29/><N who="3" m="11337" /><G98/><T57/><D73/><U118/><E118/><V89/><F75/><W30/><N who="3" m="11345" /><W14/><DORA hai="110" /><G15/><T100/><D135/><U24/><E24/><V80/><F37/><W25/><G25/><T11/><D134/><U124/><E124/><V113/><F113/><W131/><G131/><T35/><D35/><U67/><E67/><V43/><F68/><W12/><G12/><T101/><D133/><U21/><E21/><V18/><F22/><W45/><AGARI ba="1,0" hai="8,14,19,45,48,54,78,81,85,92,95" m="11345" machi="45" ten="30,1500,0" yaku="8,1" doraHai="58,110" who="3" fromWho="3" sc="242,-6,172,-6,250,-6,336,18" /><INIT seed="3,2,0,0,5,89" ten="236,166,244,354" oya="3" hai0="27,50,66,123,97,126,99,114,94,52,107,20,109" hai1="0,104,71,40,34,62,6,75,135,92,45,79,56" hai2="73,121,5,108,25,81,77,90,58,76,118,26,127" hai3="67,47,102,68,22,64,113,61,134,74,86,116,31"/><W41/><G113/><T120/><D109/><U82/><E104/><V72/><F118/><W16/><G116/><T83/><D114/><U106/><E106/><V9/><F108/><W2/><G134/><T48/><D126/><U80/><E135/><V69/><F69/><W132/><G132/><T14/><D66/><U13/><E71/><V84/><F127/><W49/><G74/><T10/><D50/><U78/><E34/><V21/><F121/><W85/><G2/><T38/><D38/><U111/><E111/><V18/><F26/><W8/><G67/><T55/><D83/><U63/><E92/><V29/><F29/><W87/><G102/><T119/><D119/><U28/><E28/><V103/><F103/><W23/><REACH who="3" step="1"/><G31/><REACH who="3" ten="236,166,244,344" step="2"/><T59/><D120/><U4/><E0/><V100/><F100/><W65/><G65/><T7/><D123/><U24/><E75/><V36/><F73/><W129/><G129/><T130/><D130/><U43/><E78/><V35/><F72/><W95/><G95/><T98/><D107/><U17/><E79/><V128/><F77/><W88/><G88/><N who="0" m="55495" /><D55/><U19/><E80/><V37/><F81/><W15/><AGARI ba="2,1" hai="8,15,16,22,23,41,47,49,61,64,68,85,86,87" machi="15" ten="30,6000,0" yaku="1,1,0,1,54,1,53,0" doraHai="89" doraHaiUra="133" who="3" fromWho="3" sc="236,-22,166,-22,244,-22,344,76" /><INIT seed="3,3,0,0,5,117" ten="214,144,222,420" oya="3" hai0="100,42,103,24,125,109,49,51,58,127,70,25,17" hai1="3,105,41,69,98,38,21,73,64,115,63,39,128" hai2="32,43,118,30,66,65,85,7,88,134,130,57,96" hai3="133,122,9,18,34,1,6,104,4,126,71,22,124"/><W81/><G104/><T23/><D70/><U56/><E115/><V102/><F118/><W40/><G71/><T16/><D109/><U67/><E3/><V37/><F134/><W15/><G40/><T26/><D42/><U123/><E21/><V54/><F130/><W47/><G81/><T95/><D58/><U114/><E114/><V61/><F7/><N who="3" m="1263" /><G47/><T111/><D111/><U110/><E110/><V29/><F43/><W94/><G94/><T121/><D121/><U53/><E98/><V62/><F37/><N who="1" m="13833" /><E105/><V131/><F131/><W83/><G83/><T77/><D77/><U93/><E93/><N who="2" m="58639" /><F32/><W68/><G68/><T132/><D132/><U92/><E92/><N who="2" m="54287" /><F62/><W119/><G133/><T107/><D107/><U44/><E73/><V75/><F75/><W48/><G48/><N who="0" m="18507" /><D95/><U11/><E128/><V82/><F82/><W19/><G119/><T101/><D23/><U112/><E112/><V108/><F108/><W72/><G72/><T99/><D99/><U97/><E97/><V8/><F8/><N who="3" m="6503" /><G34/><T52/><D52/><U46/><E123/><V55/><F55/><W129/><G129/><T36/><D36/><N who="1" m="21543" /><E11/><V135/><F135/><W0/><G122/><T79/><D79/><U28/><E69/><V5/><F5/><N who="3" m="2155" /><G0/><T90/><D90/><U113/><E113/><V116/><F116/><W33/><G33/><T31/><D103/><U12/><E46/><V91/><F91/><W50/><G50/><T74/><D101/><U89/><E89/><V14/><F14/><AGARI ba="3,0" hai="14,19,22,124,126" m="2155,6503,1263" machi="14" ten="30,2900,0" yaku="34,2" doraHai="117" who="3" fromWho="2" sc="214,0,144,0,222,-38,420,38" /><INIT seed="3,4,0,4,1,85" ten="214,144,184,458" oya="3" hai0="63,131,123,51,11,79,109,114,113,101,116,72,87" hai1="4,108,97,13,58,74,90,24,128,120,44,126,127" hai2="48,94,18,6,96,105,50,64,25,38,130,93,2" hai3="75,31,118,86,102,53,26,14,69,77,107,55,15"/><W46/><G118/><T32/><D116/><U82/><E120/><V61/><F38/><W5/><G69/><T19/><D32/><U121/><E121/><V80/><F130/><W71/><G71/><T68/><D123/><U125/><E128/><V88/><F105/><W43/><G75/><T1/><D131/><U20/><E108/><V111/><F111/><W133/><G133/><T3/><D72/><U8/><E44/><V124/><F124/><W12/><G107/><T21/><D109/><U39/><E39/><V67/><F2/><W112/><G112/><T52/><D101/><U78/><E58/><N who="2" m="36919" /><F6/><W135/><G135/><T103/><D103/><U104/><E104/><V132/><F67/><W45/><G102/><T110/><D110/><U23/><REACH who="1" step="1"/><E24/><REACH who="1" ten="214,134,184,458" step="2"/><V134/><F134/><W81/><G46/><T89/><D113/><U17/><E17/><V70/><F132/><W115/><G5/><T98/><D114/><U28/><E28/><V106/><F70/><W7/><G7/><T9/><D19/><U76/><E76/><V66/><F106/><W60/><G115/><T30/><D79/><U57/><E57/><V10/><F25/><W42/><G42/><T27/><D68/><U99/><E99/><N who="2" m="57767" /><F66/><W22/><REACH who="3" step="1"/><G60/><REACH who="3" ten="214,134,184,448" step="2"/><T54/><D63/><U91/><E91/><V41/><F41/><W33/><G33/><T29/><D89/><U40/><E40/><V122/><F122/><W47/><G47/><T49/><D3/><U100/><E100/><V84/><F50/><AGARI ba="4,2" hai="12,14,15,22,26,31,43,45,50,53,55,77,81,86" machi="50" ten="40,3900,0" yaku="1,1,8,1,53,0" doraHai="85" doraHaiUra="95" who="3" fromWho="2" sc="214,0,134,0,184,-51,448,71" /><INIT seed="3,5,0,5,3,110" ten="214,134,133,519" oya="3" hai0="9,66,42,33,90,91,120,45,122,60,1,27,47" hai1="71,99,26,123,116,80,14,8,118,69,84,89,17" hai2="134,37,5,3,54,100,29,18,127,49,43,73,97" hai3="48,28,58,124,103,22,50,76,39,61,130,65,94"/><W23/><G130/><T114/><D33/><U4/><E123/><V135/><F73/><W11/><G124/><T92/><D27/><U96/><E96/><V133/><F127/><W117/><G117/><N who="1" m="45162" /><E99/><V119/><F119/><W15/><G39/><T85/><D114/><U36/><E36/><V31/><F18/><W132/><G132/><T108/><D108/><U105/><E105/><N who="2" m="63631" /><F37/><W63/><G103/><T81/><D1/><N who="1" m="15" /><E26/><V95/><F95/><W30/><G94/><T24/><D24/><U83/><E83/><V101/><F43/><W57/><G76/><T40/><D9/><AGARI ba="5,0" hai="9,14,17,69,71,80,84,89" m="15,45162" machi="9" ten="30,1000,0" yaku="12,1" doraHai="110" who="1" fromWho="0" sc="214,-25,134,25,133,0,519,0" /><INIT seed="4,0,0,4,0,58" ten="189,159,133,519" oya="0" hai0="75,111,29,49,0,19,13,71,99,60,135,37,5" hai1="17,105,33,90,125,27,59,115,1,101,36,73,102" hai2="46,131,12,79,53,103,64,39,65,119,31,121,48" hai3="74,61,76,55,54,44,70,81,127,98,68,20,51"/><T82/><D37/><U4/><E125/><V50/><F121/><W132/><G127/><T118/><D118/><U18/><E36/><V8/><F119/><W45/><G132/><T106/><D29/><U108/><E108/><V21/><F39/><W30/><G98/><T124/><D124/><U113/><E73/><V123/><F123/><W7/><G7/><T3/><D5/><U22/><E33/><V41/><F131/><W10/><G10/><T67/><D111/><U117/><E117/><V38/><F103/><W85/><G74/><T114/><D135/><U110/><E110/><V87/><F38/><W32/><G32/><T97/><D114/><N who="1" m="43531" /><E105/><V100/><F100/><W88/><G76/><T77/><D106/><U134/><E134/><V63/><F63/><W14/><G61/><T9/><REACH who="0" step="1"/><D49/><REACH who="0" ten="179,159,133,519" step="2"/><U95/><E4/><V15/><F50/><W2/><G30/><T89/><D89/><U130/><E17/><V109/><F31/><W120/><G120/><T128/><D128/><U116/><E130/><V129/><F129/><W16/><G2/><AGARI ba="0,1" hai="0,2,3,9,13,19,60,67,71,75,77,82,97,99" machi="2" ten="40,12000,1" yaku="1,1,52,1,53,2" doraHai="58" doraHaiUra="92" who="0" fromWho="3" sc="179,130,159,0,133,0,519,-120" /><INIT seed="4,1,0,1,0,108" ten="309,159,133,399" oya="0" hai0="124,20,131,73,8,44,85,66,50,55,80,28,90" hai1="12,4,118,5,65,134,107,52,58,67,54,110,88" hai2="39,102,40,86,84,135,95,77,53,93,126,111,112" hai3="83,29,96,9,62,97,49,127,121,70,100,42,19"/><T120/><D120/><U17/><E110/><V46/><F111/><W45/><G121/><T63/><D124/><U128/><E118/><V1/><F1/><W114/><G127/><T129/><D73/><U21/><E128/><V61/><F126/><W91/><G29/><T76/><D8/><U30/><E134/><V3/><F3/><W82/><G114/><T36/><D36/><U99/><E30/><V101/><F135/><W106/><G96/><T105/><D105/><U103/><E103/><BYE who="1" /><UN n1="%E3%83%A9%E3%83%B3%E3%82%B9%E3%83%AD%E3%83%83%E3%83%88" /><V0/><F0/><W81/><G91/><T14/><D76/><U34/><E34/><V22/><F112/><W133/><G133/><T32/><D32/><U123/><E54/><V26/><F102/><W10/><G19/><T6/><D6/><N who="1" m="2667" /><E107/><V122/><F122/><W109/><G109/><T132/><D132/><U74/><E74/><V64/><F53/><W56/><REACH who="3" step="1"/><G70/><REACH who="3" ten="309,159,133,389" step="2"/><T37/><D129/><U31/><E31/><V79/><F101/><W18/><G18/><T16/><D131/><U35/><E123/><V47/><F77/><W117/><G117/><T92/><D28/><U43/><E35/><V24/><F79/><W130/><G130/><T98/><D98/><U78/><E78/><V60/><F39/><W75/><G75/><T113/><D113/><U87/><E99/><V48/><F84/><W38/><G38/><T119/><D37/><U23/><E17/><V41/><F86/><W13/><G13/><T11/><D119/><U125/><E12/><V27/><F27/><W15/><G15/><T71/><D20/><U59/><E125/><V89/><F22/><RYUUKYOKU ba="1,1" sc="309,15,159,-15,133,-15,389,15" hai0="11,14,16,44,50,55,63,66,71,80,85,90,92" hai3="9,10,42,45,49,56,62,81,82,83,97,100,106" /><INIT seed="4,2,1,4,1,46" ten="324,144,118,404" oya="0" hai0="12,23,24,43,134,122,130,72,51,80,26,112,117" hai1="121,33,6,27,116,62,99,114,25,95,105,92,42" hai2="108,79,41,8,97,109,71,107,1,84,49,94,7" hai3="118,75,129,123,48,56,125,89,128,39,102,53,70"/><T59/><D117/><U135/><E116/><V37/><F71/><W131/><G118/><T60/><D122/><U88/><E121/><V32/><F32/><W113/><G123/><T65/><D112/><U28/><E135/><V3/><F3/><W101/><G113/><T98/><D134/><U126/><E114/><V54/><F37/><W85/><G125/><T78/><D130/><U44/><E105/><V57/><F41/><W111/><G111/><T18/><REACH who="0" step="1"/><D98/><REACH who="0" ten="314,144,118,404" step="2"/><U120/><E120/><V19/><F109/><W47/><G131/><T10/><D10/><U127/><E127/><V115/><F108/><W68/><G129/><T17/><D17/><U45/><E126/><V11/><F19/><W81/><G128/><T5/><D5/><U104/><E6/><V83/><F115/><W73/><G70/><T55/><D55/><U103/><E99/><V50/><F11/><W58/><G68/><T61/><D61/><U38/><E62/><V86/><F107/><W96/><G96/><T66/><D66/><U2/><E104/><V40/><F40/><W124/><G124/><T87/><D87/><U29/><E42/><V63/><REACH who="2" step="1"/><F86/><REACH who="2" ten="314,144,108,404" step="2"/><W67/><G85/><T21/><D21/><U64/><E33/><V16/><F16/><W36/><G75/><T90/><D90/><AGARI ba="2,3" hai="1,7,8,49,50,54,57,63,79,83,84,90,94,97" machi="90" ten="30,8000,1" yaku="1,1,7,1,52,2,53,1" doraHai="46" doraHaiUra="74" who="2" fromWho="0" sc="314,-86,144,0,108,116,404,0" /><INIT seed="5,0,0,5,0,67" ten="228,144,224,404" oya="1" hai0="91,119,89,129,46,43,134,58,78,71,48,81,15" hai1="131,93,112,113,77,21,72,50,63,75,24,13,62" hai2="120,125,116,85,7,1,51,3,19,87,92,132,82" hai3="66,70,39,118,122,45,126,114,55,17,44,123,98"/><U86/><E131/><V54/><F116/><W52/><G98/><T106/><D119/><U64/><E13/><V22/><F120/><W130/><G118/><T30/><D106/><U18/><E50/><V37/><F37/><W68/><G17/><T90/><D129/><U105/><E105/><V9/><F125/><W41/><G130/><T95/><D134/><U8/><E8/><V94/><F1/><W42/><G114/><N who="1" m="44138" /><E62/><V14/><F132/><W76/><G76/><T107/><D107/><U36/><E36/><V57/><REACH who="2" step="1"/><F87/><REACH who="2" ten="228,144,214,404" step="2"/><W6/><G126/><T33/><D43/><U103/><E103/><V31/><F31/><W61/><G6/><T102/><D30/><U69/><E77/><AGARI ba="0,1" hai="3,7,9,14,19,22,51,54,57,77,82,85,92,94" machi="77" ten="30,3900,0" yaku="1,1,7,1,53,1" doraHai="67" doraHaiUra="12" who="2" fromWho="1" sc="228,0,144,-39,214,49,404,0" /><INIT seed="6,0,0,3,2,113" ten="228,105,263,404" oya="2" hai0="35,80,9,49,67,12,135,50,71,82,2,14,10" hai1="128,129,107,32,59,40,94,110,81,13,83,120,91" hai2="31,54,125,27,21,122,29,73,57,76,26,45,88" hai3="4,47,46,130,92,55,56,8,44,58,65,98,18"/><V111/><F122/><W89/><G130/><N who="1" m="50282" /><E32/><V77/><F125/><W115/><G115/><T43/><D35/><U52/><E40/><V70/><F70/><W36/><G36/><T48/><D2/><U103/><E13/><N who="0" m="5225" /><D71/><U96/><E59/><V22/><F111/><W34/><G34/><T85/><D135/><U66/><E66/><V134/><F134/><W19/><G4/><T25/><D67/><U123/><E110/><V53/><F73/><W33/><G8/><N who="0" m="3179" /><D25/><U100/><E52/><N who="2" m="20075" /><F45/><W24/><G24/><N who="2" m="9257" /><F57/><W3/><G3/><T38/><D38/><U41/><E41/><V121/><F88/><W97/><G33/><T62/><D62/><U90/><E90/><V15/><F15/><W126/><G126/><T0/><D0/><U93/><E93/><V6/><F6/><W132/><G132/><T109/><D109/><U5/><E5/><V114/><F114/><W68/><G68/><T37/><D37/><U127/><E127/><V116/><F121/><N who="1" m="46665" /><E103/><V60/><F60/><N who="3" m="38039" /><G98/><AGARI ba="0,0" hai="81,83,91,94,96,98,100,107" m="46665,50282" machi="98" ten="30,7700,0" yaku="19,1,13,1,34,2" doraHai="113" who="1" fromWho="3" sc="228,0,105,77,263,0,404,-77" /><INIT seed="7,0,0,3,4,46" ten="228,182,263,327" oya="3" hai0="0,32,134,105,26,104,98,97,49,113,69,61,41" hai1="55,24,92,95,12,3,76,6,124,110,135,86,38" hai2="36,122,103,126,17,15,79,16,127,4,8,125,118" hai3="67,11,91,109,22,133,9,101,74,88,100,58,18"/><W130/><G130/><T43/><D0/><U96/><E110/><V48/><F118/><W14/><G133/><T70/><D134/><U62/><E135/><V129/><F36/><W68/><G68/><T65/><D113/><U116/><E116/><V47/><F129/><W99/><G74/><T117/><D117/><U93/><E3/><V20/><F122/><W50/><G109/><T44/><D70/><U30/><E124/><V42/><F79/><W77/><G77/><T51/><D43/><U119/><E119/><V10/><F103/><N who="3" m="39499" /><G99/><T72/><D51/><U34/><E38/><V64/><F64/><W60/><G50/><T71/><D72/><U89/><E76/><V37/><F37/><W40/><G40/><T63/><D63/><U39/><E39/><V132/><F132/><W19/><G9/><N who="2" m="3689" /><F17/><W7/><G7/><AGARI ba="0,0" hai="4,7,15,16,20,42,47,48,125,126,127" m="3689" machi="7" ten="40,5200,0" yaku="18,1,52,1,54,1" doraHai="46" who="2" fromWho="3" sc="228,0,182,0,263,52,327,-52" owari="228,-17.2,182,-31.8,315,41.5,275,7.5" /></mjloggm>