<mjloggm ver="2.3"><GO type="169" lobby="0"/><UN n0="%E9%BB%92%E9%9B%BB%E8%A9%B1" n1="%E3%81%9F%E3%81%8B%E3%81%AF%E3%81%97%E3%81%83%E3%81%83%E3%81%83" n2="%E3%81%82%E3%81%95%E3%81%93%E3%82%8A%E3%81%82%E3%82%93" n3="%74%61%6B%65%2D%79%6F%75" dan="16,16,17,16" rate="2146.87,2146.81,2131.97,2162.39" sx="M,M,M,M"/><TAIKYOKU oya="0"/><INIT seed="0,0,0,1,5,8" ten="250,250,250,250" oya="0" hai0="88,43,76,34,32,2,123,135,70,92,33,4,42" hai1="77,80,103,90,6,65,60,26,107,122,119,23,116" hai2="79,31,106,38,68,62,95,115,91,45,69,83,99" hai3="114,11,15,84,57,50,28,7,129,101,3,19,126"/><T18/><D70/><U49/><E122/><V9/><F115/><W51/><G114/><T100/><D123/><U58/><E6/><V17/><F31/><W97/><G129/><T48/><D4/><U87/><E103/><V24/><F106/><W5/><G126/><T29/><D2/><U124/><E107/><V30/><F38/><W96/><G96/><T53/><D100/><U36/><E36/><V133/><F45/><W46/><G57/><T102/><D102/><U134/><E134/><V16/><F62/><W66/><G66/><T20/><D29/><U56/><E124/><V71/><F9/><W12/><G3/><T0/><D76/><U78/><E116/><V39/><F39/><W131/><G131/><T132/><D0/><U22/><E22/><V113/><F133/><N who="0" m="51274" /><D53/><N who="1" m="31791" /><E119/><V55/><F55/><W112/><G5/><T104/><D48/><U14/><E14/><V63/><F63/><W105/><G112/><T37/><D104/><U125/><E125/><V27/><F27/><W73/><G73/><T59/><D59/><U128/><E128/><V25/><F25/><W35/><G35/><T111/><D37/><U130/><E130/><V85/><REACH who="2" step="1"/><F113/><REACH who="2" ten="250,250,240,250" step="2"/><W89/><G46/><T117/><D117/><U82/><E26/><V109/><F109/><W61/><G61/><T10/><D10/><U72/><E23/><AGARI ba="0,1" hai="16,17,23,24,30,68,69,71,79,83,85,91,95,99" machi="23" ten="40,8000,1" yaku="1,1,54,1,53,3" doraHai="8" doraHaiUra="67" who="2" fromWho="1" sc="250,0,250,-80,240,90,250,0" /><INIT seed="1,0,0,0,2,69" ten="250,170,330,250" oya="1" hai0="2,114,86,83,44,24,38,32,5,102,13,31,131" hai1="17,3,12,132,10,135,113,48,130,77,58,57,73" hai2="51,91,70,39,16,81,85,107,22,90,117,19,62" hai3="79,129,101,72,82,87,8,56,28,116,106,75,123"/><U1/><E113/><V42/><F107/><W67/><G28/><T25/><D114/><U110/><E130/><V27/><F117/><W124/><G8/><T11/><D131/><U53/><E110/><V6/><F6/><W125/><G67/><T15/><D102/><U41/><E41/><V52/><F70/><W122/><G56/><T93/><D93/><U61/><E77/><V133/><F62/><W23/><G23/><T98/><D98/><U103/><E73/><N who="3" m="28234" /><G129/><T76/><REACH who="0" step="1"/><D25/><REACH who="0" ten="240,170,330,250" step="2"/><U18/><E103/><V63/><F27/><W74/><G116/><T80/><D80/><U99/><E99/><V71/><F81/><N who="3" m="45303" /><G101/><T4/><D4/><U20/><E132/><V26/><F26/><W55/><G106/><T92/><D92/><U40/><E135/><V89/><F133/><W64/><G82/><T33/><D33/><U119/><E119/><V127/><F71/><W50/><G122/><T128/><D128/><U97/><E97/><V120/><F120/><W88/><G123/><T96/><D96/><U7/><E7/><V105/><F105/><W109/><G109/><T121/><D121/><U59/><E1/><V36/><F89/><W115/><G88/><T84/><D84/><U45/><E3/><V100/><F85/><W47/><G115/><T46/><D46/><U34/><E34/><V35/><F91/><W112/><G112/><T60/><D60/><U0/><E0/><V37/><F63/><W43/><G87/><T134/><D134/><U9/><E9/><V94/><F100/><W54/><G64/><T66/><D66/><U111/><E111/><RYUUKYOKU ba="0,1" sc="240,10,170,10,330,-30,250,10" hai0="2,5,11,13,15,24,31,32,38,44,76,83,86" hai1="10,12,17,18,20,40,45,48,53,57,58,59,61" hai3="43,47,50,54,55,124,125" /><INIT seed="1,1,1,0,3,29" ten="250,180,300,260" oya="1" hai0="62,111,114,71,130,89,68,0,94,79,2,43,81" hai1="55,26,104,65,127,75,59,116,86,24,46,27,44" hai2="106,19,85,98,132,84,112,41,56,12,82,69,103" hai3="101,22,9,63,93,60,91,117,70,78,45,61,121"/><U64/><E75/><V135/><F69/><W109/><G121/><T67/><D111/><U23/><E116/><V18/><F112/><W124/><G124/><T90/><D114/><U8/><E104/><V39/><F85/><W34/><G34/><T115/><D68/><U1/><E127/><V50/><F39/><W3/><G109/><T31/><D130/><U16/><E1/><V131/><F131/><W108/><G108/><T51/><D31/><U37/><E8/><V118/><F118/><W21/><G117/><T120/><D115/><U10/><E10/><V42/><F56/><W32/><G32/><T20/><D20/><U83/><E64/><V113/><F19/><W58/><G70/><T48/><D89/><N who="1" m="51423" /><E65/><V4/><F4/><W122/><G3/><T54/><D43/><U133/><E37/><V11/><F50/><W13/><G122/><T77/><D51/><N who="1" m="31231" /><E133/><N who="2" m="51275" /><F113/><W66/><G66/><T92/><D120/><U33/><E33/><V125/><F125/><W99/><G9/><T87/><D92/><U47/><AGARI ba="1,1" hai="16,23,24,26,27,44,46,47" m="31231,51423" machi="47" ten="30,3000,0" yaku="8,1,54,1" doraHai="29" who="1" fromWho="1" sc="250,-11,180,43,300,-11,260,-11" /><INIT seed="1,2,0,3,2,17" ten="239,223,289,249" oya="1" hai0="62,5,24,80,58,29,26,116,122,25,31,45,132" hai1="75,4,53,112,83,2,125,0,20,44,117,55,51" hai2="50,57,90,98,105,22,135,15,46,95,123,3,91" hai3="18,107,120,49,134,39,96,12,23,61,104,65,11"/><U92/><E112/><V16/><F3/><W1/><G120/><T109/><D109/><U108/><E117/><V81/><F135/><W87/><G39/><T119/><D5/><U71/><E108/><V77/><F105/><W52/><G134/><T43/><D132/><U84/><E125/><V103/><F57/><W67/><G87/><T74/><D122/><U78/><E71/><V36/><F36/><W27/><G1/><T70/><D70/><U93/><E53/><V64/><F64/><W86/><G86/><T48/><D116/><U85/><E85/><V32/><F32/><W121/><G121/><T47/><D47/><U35/><E35/><V128/><F128/><W30/><G96/><T111/><D111/><U110/><E110/><V7/><F7/><W54/><G65/><T10/><D10/><U13/><E75/><V42/><REACH who="2" step="1"/><F123/><REACH who="2" ten="239,223,279,249" step="2"/><W130/><G130/><T79/><REACH who="0" step="1"/><D119/><REACH who="0" ten="229,223,279,249" step="2"/><U60/><E4/><V113/><F113/><W69/><REACH who="3" step="1"/><G54/><AGARI ba="2,2" hai="24,25,26,29,31,43,45,48,54,58,62,74,79,80" machi="54" ten="40,2600,0" yaku="1,1,2,1,53,0" doraHai="17" doraHaiUra="28" who="0" fromWho="3" sc="229,52,223,0,279,0,249,-32" /><INIT seed="2,0,0,4,3,54" ten="281,223,279,217" oya="2" hai0="122,64,131,127,38,16,43,113,97,20,15,79,8" hai1="25,49,59,107,118,34,4,28,67,27,103,104,105" hai2="93,39,57,69,92,71,63,99,86,3,0,42,70" hai3="21,76,102,74,45,14,124,11,5,88,58,12,52"/><V46/><F86/><W22/><G124/><T23/><D122/><U65/><E118/><V7/><F7/><W132/><G132/><T126/><D113/><U40/><E103/><V84/><F84/><W119/><G119/><T51/><D38/><U66/><E4/><V91/><REACH who="2" step="1"/><F92/><REACH who="2" ten="281,223,269,217" step="2"/><W30/><G5/><T95/><D79/><U6/><E6/><V55/><AGARI ba="0,1" hai="0,3,39,42,46,55,57,63,69,70,71,91,93,99" machi="55" ten="30,11700,0" yaku="1,1,2,1,0,1,52,1,53,0" doraHai="54" doraHaiUra="134" who="2" fromWho="2" sc="281,-39,223,-39,269,127,217,-39" /><INIT seed="2,1,0,2,0,70" ten="242,184,396,178" oya="2" hai0="132,119,83,35,33,67,88,51,24,20,34,36,96" hai1="122,117,123,1,0,121,9,37,44,128,57,130,91" hai2="118,74,5,126,3,78,45,23,6,10,41,42,60" hai3="61,124,72,75,62,8,129,63,113,31,134,47,19"/><V94/><F126/><W65/><G129/><N who="1" m="49770" /><E117/><V58/><F6/><W18/><G134/><T27/><D132/><U135/><E135/><V86/><F42/><W48/><G113/><T82/><D119/><U79/><E9/><V111/><F111/><W104/><G104/><T97/><D67/><U21/><E79/><V17/><F94/><W64/><G124/><T38/><D51/><U50/><E91/><V30/><F30/><W131/><G31/><T105/><D105/><U93/><E93/><V46/><F45/><W15/><G131/><T106/><D106/><U103/><E103/><V76/><F86/><W7/><G72/><T68/><D68/><U54/><E21/><V108/><F108/><W22/><G75/><T107/><D107/><U114/><E114/><V40/><F40/><AGARI ba="1,0" hai="0,1,37,40,44,50,54,57,121,122,123" m="49770" machi="40" ten="40,5200,0" yaku="13,1,19,1,52,1" doraHai="70" who="1" fromWho="2" sc="242,0,184,55,396,-55,178,0" /><INIT seed="3,0,0,4,1,40" ten="242,239,341,178" oya="3" hai0="75,58,23,5,45,15,51,12,78,71,34,121,9" hai1="22,91,84,126,100,111,3,72,65,56,93,116,128" hai2="24,123,134,113,80,54,37,68,47,0,102,110,82" hai3="117,55,135,66,132,42,104,83,33,25,99,44,79"/><W26/><G117/><T112/><D34/><U94/><E116/><V38/><F0/><W8/><G66/><T30/><D71/><U107/><E72/><V76/><F68/><W81/><G55/><T92/><D121/><U131/><E3/><V13/><F102/><N who="3" m="62559" /><G8/><T49/><D75/><U74/><E74/><V7/><F13/><W109/><G33/><T60/><D78/><U50/><E107/><V39/><F54/><W62/><G62/><T1/><D112/><U20/><E94/><V120/><F24/><N who="3" m="9323" /><G79/><T88/><D30/><U97/><E20/><V114/><F76/><W31/><G31/><T87/><D23/><U96/><E22/><V21/><F21/><W52/><G42/><T77/><D77/><U43/><E65/><V115/><F7/><W106/><G106/><T125/><D51/><U124/><E43/><V61/><F61/><W17/><G17/><T57/><D125/><U28/><E28/><V41/><F120/><W67/><G67/><T48/><D48/><U73/><E50/><N who="2" m="26991" /><F123/><W10/><G10/><T29/><D29/><U4/><E73/><V11/><F11/><W118/><G118/><T32/><D32/><U59/><E124/><V127/><F127/><W95/><G95/><T27/><D27/><U85/><E93/><V16/><F115/><W2/><G2/><T63/><D63/><U6/><E126/><V89/><F114/><W14/><G14/><N who="0" m="5163" /><D60/><U108/><E100/><V133/><F113/><W129/><G129/><T119/><D119/><U90/><AGARI ba="0,0" hai="4,6,56,59,84,85,90,91,96,97,108,111,128,131" machi="90" ten="25,3200,0" yaku="0,1,22,2" doraHai="40" who="1" fromWho="1" sc="242,-8,239,32,341,-8,178,-16" /><INIT seed="4,0,0,2,3,129" ten="234,271,333,162" oya="0" hai0="34,43,36,35,12,134,131,93,73,80,104,126,19" hai1="115,89,100,95,23,58,28,7,53,83,105,110,40" hai2="120,31,113,48,46,17,26,78,59,0,121,55,52" hai3="87,116,76,61,10,50,1,6,102,65,32,101,16"/><T4/><D104/><U2/><E110/><V49/><F113/><W84/><G116/><T66/><D131/><U103/><E115/><V91/><F0/><W5/><G32/><T60/><D4/><U22/><E40/><V62/><F17/><W67/><G50/><T97/><D126/><U128/><E128/><V9/><F9/><W108/><G108/><T3/><D3/><U107/><E83/><V24/><F24/><W45/><G45/><T64/><D64/><U124/><E100/><V99/><F78/><W130/><G130/><T18/><D18/><U68/><E68/><V25/><F25/><W82/><G6/><T71/><D36/><U123/><E103/><V14/><F14/><W81/><G67/><T70/><D43/><U122/><E124/><V111/><F111/><W88/><REACH who="3" step="1"/><G16/><REACH who="3" ten="234,271,333,152" step="2"/><T119/><D119/><U125/><E7/><V30/><F49/><W56/><AGARI ba="0,1" hai="1,5,10,56,61,65,76,81,82,84,87,88,101,102" machi="56" ten="20,12000,2" yaku="1,1,2,1,0,1,7,1,54,1,53,1" doraHai="129" doraHaiUra="72" who="3" fromWho="3" sc="234,-60,271,-30,333,-30,152,130" /><INIT seed="5,0,0,4,1,44" ten="174,241,303,282" oya="1" hai0="47,135,11,73,32,97,72,67,107,103,24,96,53" hai1="10,122,90,133,111,102,34,0,123,64,84,30,119" hai2="56,16,106,74,3,134,69,115,95,27,63,7,91" hai3="8,101,88,55,31,109,85,9,17,68,80,127,58"/><U132/><E119/><V104/><F74/><W23/><G109/><T93/><D67/><U70/><E111/><V18/><F69/><W129/><G68/><T87/><D135/><N who="1" m="51787" /><E102/><V21/><F134/><W65/><G129/><T81/><D11/><U108/><E108/><V131/><F131/><W15/><G127/><T48/><D32/><U128/><E128/><V113/><F18/><W125/><G125/><T86/><D24/><N who="1" m="18759" /><E64/><V98/><F7/><W28/><G65/><T59/><D59/><U112/><E70/><V37/><F37/><W42/><G101/><T41/><D53/><U94/><E112/><N who="2" m="43083" /><F3/><W1/><G42/><T19/><D19/><U29/><E29/><N who="3" m="11338" /><G1/><T36/><D36/><U49/><E49/><AGARI ba="0,0" hai="8,9,15,17,23,49,55,58,80,85,88" m="11338" machi="49" ten="30,3900,0" yaku="8,1,52,1,54,1" doraHai="44" who="3" fromWho="1" sc="174,0,241,-39,303,0,282,39" /><INIT seed="6,0,0,0,4,57" ten="174,202,303,321" oya="2" hai0="94,120,76,15,10,86,23,82,67,37,52,28,34" hai1="13,70,49,106,131,42,132,47,33,5,0,90,64" hai2="96,32,105,100,81,21,126,40,14,114,122,58,31" hai3="88,78,103,134,54,16,7,38,22,48,61,129,98"/><V75/><F126/><W123/><G123/><T17/><D37/><U41/><E33/><V59/><F32/><W91/><G38/><T46/><D120/><U115/><E0/><V68/><F114/><W2/><G129/><T97/><D34/><U43/><E115/><V30/><F68/><W80/><G7/><T39/><D39/><U65/><E106/><V53/><F40/><W93/><G2/><T74/><D67/><U133/><E90/><V63/><F122/><W112/><G134/><N who="1" m="51818" /><E131/><V99/><F96/><W79/><G112/><T29/><D74/><U62/><E65/><V101/><F101/><W35/><G35/><T77/><D77/><U50/><E50/><V3/><F14/><N who="3" m="9495" /><G48/><N who="0" m="28695" /><D23/><U36/><E36/><V124/><F124/><W85/><G79/><T27/><D27/><U25/><E25/><V26/><F3/><W45/><G45/><T69/><D69/><U95/><E95/><V18/><F75/><W12/><G12/><T20/><D20/><U66/><E66/><V107/><F107/><W87/><G78/><T110/><D110/><U127/><E127/><V51/><F81/><W121/><G80/><T116/><D116/><U4/><E4/><V56/><REACH who="2" step="1"/><F58/><REACH who="2" ten="174,202,293,321" step="2"/><N who="3" m="35031" /><G121/><T84/><D84/><AGARI ba="0,1" hai="84,85,87,88,91,93,98,103" m="35031,9495" machi="84" ten="30,7700,0" yaku="8,1,52,1,54,2" doraHai="57" who="3" fromWho="0" sc="174,-77,202,0,293,0,321,87" /><INIT seed="7,0,0,4,0,48" ten="97,202,293,408" oya="3" hai0="83,20,115,27,127,125,90,10,87,65,74,129,41" hai1="133,102,109,42,55,62,21,44,35,9,51,126,28" hai2="134,14,4,25,122,37,6,26,112,22,131,72,15" hai3="33,86,67,95,124,105,132,57,101,60,88,29,38"/><W79/><G38/><T114/><D41/><U123/><E35/><V94/><F72/><W84/><G132/><T32/><D32/><U12/><E102/><V76/><F76/><W54/><G124/><T119/><D65/><U106/><E106/><V99/><F37/><W116/><G116/><T53/><D119/><U121/><E109/><V5/><F131/><W39/><G39/><T92/><D10/><U47/><E28/><V118/><F112/><N who="0" m="43050" /><D27/><U18/><E62/><V111/><F122/><W13/><G13/><BYE who="3" /><T96/><D20/><U80/><E12/><V61/><F26/><W68/><G68/><T120/><D120/><U85/><E126/><N who="0" m="48137" /><D53/><U91/><E55/><V71/><F71/><W58/><G58/><T107/><D129/><U66/><E66/><V78/><F25/><UN n3="%74%61%6B%65%2D%79%6F%75" /><W45/><G67/><T64/><D64/><U70/><E42/><V104/><F4/><W24/><G54/><T103/><D74/><U3/><E9/><V2/><F5/><W31/><G24/><T77/><D107/><U98/><E21/><V69/><F104/><W11/><G11/><T73/><D73/><U43/><E43/><V135/><F69/><W113/><G31/><T46/><D46/><U93/><E44/><V30/><F6/><W82/><G29/><T97/><D97/><U23/><E98/><V117/><F30/><W36/><G105/><T40/><D40/><U108/><E47/><V56/><F117/><W130/><G113/><T8/><D8/><U19/><E121/><V63/><F118/><W81/><G130/><T110/><D103/><U0/><E123/><RYUUKYOKU ba="0,0" sc="97,30,202,-10,293,-10,408,-10" hai0="77,83,87,90,92,96,110" owari="127,-37.3,192,-20.8,283,8.3,398,49.8" /></mjloggm>