<mjloggm ver="2.3"><GO type="169" lobby="0"/><UN n0="%E3%81%AA%E3%81%8C%E3%81%95%E3%82%8F%E3%81%BE%E3%81%95%E3%81%BF" n1="%E4%B9%9D%E5%B0%BE%E3%81%AE%E3%83%8D%E3%82%B3" n2="%6E%61%6B%61%74%65%6E%6E" n3="%E9%9B%B2%E3%81%AE%E3%83%95%E3%83%89%E3%82%A6" dan="16,16,16,16" rate="2071.09,2059.44,2046.57,2090.79" sx="F,M,M,M"/><TAIKYOKU oya="0"/><INIT seed="0,0,0,3,5,84" ten="250,250,250,250" oya="0" hai0="32,19,99,126,61,41,80,23,67,73,128,97,72" hai1="110,111,107,35,127,43,6,50,118,91,105,60,25" hai2="132,85,134,121,0,49,30,39,112,109,52,42,103" hai3="37,68,53,59,51,7,26,135,48,34,4,70,69"/><T71/><D128/><U31/><E118/><V22/><F121/><W113/><G113/><T116/><D116/><U123/><E123/><V64/><F112/><W8/><G37/><T101/><D126/><U129/><E129/><V130/><F0/><W54/><G135/><N who="2" m="51753" /><F130/><W119/><G119/><T75/><D32/><U82/><E60/><V92/><F109/><N who="1" m="41481" /><E6/><V9/><F64/><W3/><G7/><T15/><D41/><U66/><E66/><V62/><F62/><W1/><G26/><T10/><D80/><U45/><E127/><V108/><F108/><W21/><G21/><T100/><D101/><U83/><E83/><V28/><F39/><W40/><G40/><T124/><D124/><U57/><E57/><N who="2" m="32911" /><F42/><W74/><G34/><T88/><D100/><U24/><E24/><V63/><F63/><W12/><REACH who="3" step="1"/><G74/><REACH who="3" ten="250,250,250,240" step="2"/><T65/><D75/><U95/><E35/><V14/><F22/><W56/><AGARI ba="0,1" hai="1,3,4,8,12,48,51,53,54,56,59,68,69,70" machi="56" ten="30,12000,2" yaku="1,1,2,1,0,1,9,1,53,2" doraHai="84" doraHaiUra="44" who="3" fromWho="3" sc="250,-60,250,-30,250,-30,240,130" /><INIT seed="1,0,0,4,5,21" ten="190,220,220,370" oya="1" hai0="14,113,20,17,128,52,58,87,91,38,132,22,81" hai1="25,118,117,131,70,72,95,57,39,80,135,71,48" hai2="125,67,82,40,93,133,19,56,10,111,44,104,46" hai3="77,116,94,96,86,90,2,74,105,6,35,106,0"/><U59/><E72/><V124/><F104/><W110/><G35/><T134/><D113/><U27/><E95/><V26/><F111/><W121/><G121/><T47/><D128/><U18/><E131/><V51/><F93/><W29/><G105/><T24/><D38/><U33/><E33/><V73/><F10/><W23/><G6/><T107/><D47/><U41/><E39/><V108/><F73/><W126/><G110/><T7/><D107/><U120/><E120/><V66/><F82/><N who="3" m="45367" /><G126/><N who="2" m="48745" /><F19/><W112/><G112/><T122/><D122/><U129/><E129/><V28/><F108/><W109/><G109/><T12/><D7/><U83/><E18/><V76/><F76/><W64/><G64/><T8/><D12/><U11/><E41/><N who="2" m="24975" /><F56/><W34/><G34/><T63/><REACH who="0" step="1"/><D8/><REACH who="0" ten="180,220,220,370" step="2"/><U42/><E11/><V92/><F133/><W69/><G106/><T16/><AGARI ba="0,1" hai="14,16,17,20,22,24,52,58,63,81,87,91,132,134" machi="16" ten="30,12000,2" yaku="1,1,2,1,0,1,52,1,54,2,53,1" doraHai="21" doraHaiUra="49" who="0" fromWho="0" sc="180,130,220,-60,220,-30,370,-30" /><INIT seed="2,0,0,0,5,58" ten="310,160,190,340" oya="2" hai0="66,60,70,104,92,11,43,31,29,35,94,134,67" hai1="102,2,55,23,27,32,113,107,61,6,40,128,77" hai2="52,83,59,93,41,64,125,42,122,24,99,68,36" hai3="34,120,123,103,115,86,75,3,17,16,126,8,15"/><V21/><F122/><W97/><G75/><T25/><D31/><U81/><E32/><V39/><F125/><W20/><G34/><T12/><D66/><U30/><E113/><V46/><F83/><W101/><G126/><T44/><D104/><U121/><E121/><V72/><F72/><W26/><G115/><T7/><REACH who="0" step="1"/><D134/><REACH who="0" ten="300,160,190,340" step="2"/><U63/><E107/><V114/><F114/><W53/><G120/><T22/><D22/><U14/><E30/><V131/><F64/><W112/><G123/><T133/><D133/><U90/><E23/><V18/><F68/><W118/><G20/><T109/><D109/><U95/><E128/><V57/><F131/><W10/><G112/><T37/><AGARI ba="0,1" hai="7,11,12,25,29,35,37,43,44,60,67,70,92,94" machi="37" ten="20,5200,0" yaku="1,1,0,1,7,1,52,1,53,0" doraHai="58" doraHaiUra="100" who="0" fromWho="0" sc="300,62,160,-13,190,-26,340,-13" /><INIT seed="3,0,0,2,2,69" ten="362,147,164,327" oya="3" hai0="5,127,42,9,96,80,107,49,29,38,133,118,99" hai1="67,52,55,60,132,11,103,40,134,39,119,114,111" hai2="46,8,59,50,2,101,88,108,112,7,21,85,79" hai3="128,58,91,4,47,98,61,131,94,125,23,71,25"/><W37/><G71/><T72/><D118/><U105/><E119/><V64/><F112/><W86/><G4/><T14/><D133/><N who="1" m="51307" /><E114/><V13/><F108/><W3/><G3/><T32/><D127/><U68/><E111/><V130/><F130/><N who="3" m="49707" /><G125/><T76/><D107/><U109/><E109/><V81/><F101/><W110/><G86/><T0/><D49/><U97/><E11/><V84/><F2/><W20/><G110/><T90/><D14/><U35/><E35/><V54/><F21/><W26/><G23/><T106/><D90/><U74/><E74/><V75/><F64/><N who="3" m="38967" /><G20/><T122/><D122/><U12/><BYE who="0" /><E12/><V57/><REACH who="2" step="1"/><F75/><REACH who="2" ten="362,147,154,327" step="2"/><W53/><G26/><T77/><D77/><U126/><E126/><V48/><F48/><N who="3" m="28831" /><G25/><T102/><D102/><U33/><E33/><V31/><F31/><W78/><G78/><T43/><D43/><U65/><E65/><UN n0="%E3%81%AA%E3%81%8C%E3%81%95%E3%82%8F%E3%81%BE%E3%81%95%E3%81%BF" /><V1/><F1/><W70/><G70/><T28/><D28/><U89/><E89/><V93/><AGARI ba="0,1" hai="7,8,13,46,50,54,57,59,79,81,84,85,88,93" machi="93" ten="20,8000,1" yaku="1,1,0,1,7,1,8,1,54,1,53,0" doraHai="69" doraHaiUra="117" who="2" fromWho="2" sc="362,-20,147,-20,154,90,327,-40" /><INIT seed="4,0,0,5,0,18" ten="342,127,244,287" oya="0" hai0="34,88,46,92,63,30,9,99,31,39,72,73,51" hai1="77,65,66,68,116,37,135,16,96,103,134,52,70" hai2="44,120,32,90,95,132,119,98,56,121,129,75,113" hai3="100,112,126,12,53,48,11,74,50,124,41,111,3"/><T130/><D39/><U85/><E116/><V93/><F32/><W42/><G74/><T57/><D130/><U97/><E37/><V20/><F129/><W38/><G111/><T71/><D71/><U28/><E28/><V114/><F44/><W76/><G3/><T82/><D9/><U78/><E85/><V87/><F56/><W10/><G76/><T6/><D6/><U27/><E27/><V122/><F20/><W107/><G38/><T106/><D106/><U22/><E103/><V55/><F55/><W84/><G84/><T117/><D117/><U67/><E67/><V43/><F43/><W115/><G53/><T5/><D5/><U40/><E40/><V102/><F119/><W79/><G79/><T104/><D104/><U89/><E52/><V35/><F35/><W15/><G107/><T118/><D73/><U69/><E69/><V125/><F75/><W33/><G100/><T2/><D2/><U13/><E13/><V49/><F49/><W21/><G33/><T36/><D34/><U25/><E25/><V128/><F128/><W60/><G60/><T8/><D36/><U26/><E26/><V86/><F125/><W91/><G91/><T64/><D51/><U29/><E29/><N who="0" m="10761" /><D46/><U59/><E89/><N who="2" m="53431" /><F132/><W131/><G131/><T4/><D118/><U45/><E45/><V62/><F62/><W81/><G81/><AGARI ba="0,0" hai="81,87,90,95,98,102,113,114,120,121,122" m="53431" machi="81" ten="30,2000,0" yaku="34,2" doraHai="18" who="2" fromWho="3" sc="342,0,127,0,244,20,287,-20" /><INIT seed="5,0,0,3,5,90" ten="342,127,264,267" oya="1" hai0="92,23,112,100,55,94,97,130,99,88,64,86,69" hai1="33,54,74,24,115,89,82,63,49,135,60,102,14" hai2="126,20,66,125,91,58,84,30,124,8,56,6,42" hai3="65,3,101,41,79,43,108,34,71,104,26,131,117"/><U13/><E74/><V128/><F128/><W116/><G108/><T40/><D69/><U52/><E33/><V85/><F42/><W19/><G3/><T129/><D64/><U37/><E37/><V45/><F45/><W67/><G79/><T103/><D40/><U98/><E135/><V120/><F120/><W75/><G75/><T61/><D112/><U111/><E111/><V28/><F84/><W0/><G0/><T44/><D23/><U12/><E24/><V53/><F66/><W36/><G67/><T35/><D35/><U95/><E115/><V27/><F28/><N who="3" m="19735" /><G19/><T2/><D2/><U31/><E31/><V62/><F56/><W96/><G131/><N who="0" m="50187" /><D61/><N who="1" m="23627" /><E49/><V121/><F121/><W72/><G72/><T132/><D132/><U4/><E4/><V57/><F58/><W18/><G18/><T16/><D16/><U59/><E59/><V5/><REACH who="2" step="1"/><F8/><REACH who="2" ten="342,127,254,267" step="2"/><W105/><G43/><T83/><D44/><U119/><E119/><N who="3" m="45642" /><G65/><T9/><D55/><U39/><E39/><V118/><F118/><W48/><G71/><T93/><D9/><U7/><E7/><V113/><F113/><W25/><G36/><T78/><D78/><U10/><E10/><V17/><F17/><W134/><G134/><T127/><D127/><U87/><AGARI ba="0,1" hai="12,13,14,52,54,82,87,89,95,98,102" m="23627" machi="87" ten="30,6000,0" yaku="8,1,52,1,54,1" doraHai="90" who="1" fromWho="1" sc="342,-20,127,70,254,-20,267,-20" /><INIT seed="5,1,0,5,0,112" ten="322,197,234,247" oya="1" hai0="57,129,36,131,84,66,13,100,73,38,101,10,133" hai1="130,70,122,32,49,109,88,18,23,46,11,111,105" hai2="14,64,94,62,99,8,72,21,24,47,71,108,63" hai3="41,22,93,12,20,39,55,75,123,6,33,45,91"/><U114/><E105/><V77/><F108/><N who="1" m="41545" /><E70/><V28/><F47/><W110/><G110/><T0/><D0/><U42/><E114/><V26/><F63/><W29/><G123/><T135/><D73/><U80/><E122/><V90/><F72/><W125/><G125/><T58/><D84/><N who="1" m="50183" /><E130/><N who="0" m="49673" /><D58/><U68/><E68/><V54/><F77/><W128/><G75/><T124/><D124/><U82/><E82/><V35/><F54/><W76/><G55/><T120/><D57/><U48/><E32/><V25/><REACH who="2" step="1"/><F35/><REACH who="2" ten="322,197,224,247" step="2"/><W15/><G33/><T5/><D120/><U2/><E46/><V83/><F83/><W4/><G45/><T102/><D66/><U56/><E42/><V44/><F44/><W37/><G41/><T30/><D30/><U86/><E56/><V59/><F59/><W17/><G29/><T89/><D36/><U1/><E86/><V19/><AGARI ba="1,1" hai="8,14,19,21,24,25,26,28,62,64,71,90,94,99" machi="19" ten="20,2700,0" yaku="1,1,0,1,7,1,53,0" doraHai="112" doraHaiUra="43" who="2" fromWho="2" sc="322,-8,197,-14,224,40,247,-8" /><INIT seed="6,0,0,3,4,61" ten="314,183,264,239" oya="2" hai0="12,118,135,85,21,60,59,43,107,7,34,128,62" hai1="82,56,9,20,6,96,73,108,132,104,89,22,115" hai2="29,47,134,52,55,98,17,16,91,18,49,11,64" hai3="120,81,14,105,90,65,68,39,51,37,93,46,25"/><V106/><F134/><W45/><G120/><T78/><D107/><U42/><E108/><V129/><F129/><W100/><G46/><T126/><D34/><U80/><E73/><V84/><F29/><W15/><G81/><N who="0" m="47287" /><D126/><U117/><E117/><V23/><F11/><W5/><G25/><T40/><D62/><U71/><E71/><V133/><F133/><W97/><G15/><T111/><D111/><U58/><E132/><V32/><F32/><W123/><G123/><T4/><D128/><U66/><E42/><V24/><F64/><W48/><G48/><T63/><D63/><N who="1" m="38247" /><E115/><V88/><F55/><W79/><G79/><T116/><D135/><U8/><E58/><V26/><F26/><W99/><G65/><N who="0" m="39071" /><D40/><U28/><E104/><V35/><F35/><W31/><G68/><T121/><D43/><U27/><E22/><V119/><F119/><W13/><G39/><T67/><D67/><U44/><E44/><V1/><F1/><W122/><G37/><T94/><D121/><U83/><E6/><V41/><F41/><N who="3" m="25007" /><G5/><T10/><D4/><U102/><E102/><V75/><F75/><W33/><G122/><T110/><D110/><U127/><E127/><V74/><F74/><W76/><G76/><T87/><D21/><U69/><E69/><V19/><REACH who="2" step="1"/><F84/><REACH who="2" ten="314,183,254,239" step="2"/><W50/><G33/><T113/><D113/><U130/><E130/><V0/><F0/><W54/><G31/><T112/><D112/><U72/><E72/><V38/><F38/><W2/><G2/><T86/><D87/><U103/><E28/><V77/><F77/><W131/><G131/><RYUUKYOKU ba="0,1" sc="314,10,183,-30,254,10,239,10" hai0="7,10,12,86,94,116,118" hai2="16,17,18,19,23,24,47,49,52,88,91,98,106" hai3="13,14,50,54,90,93,97,99,100,105" /><INIT seed="6,1,1,4,3,20" ten="324,153,264,249" oya="2" hai0="35,123,37,14,82,45,9,52,107,0,7,28,25" hai1="12,58,33,116,44,43,55,24,10,40,104,69,29" hai2="113,78,22,41,50,87,6,121,74,109,30,57,11" hai3="61,47,75,95,26,103,124,122,97,23,132,117,86"/><V5/><F121/><W48/><G122/><T96/><D123/><U133/><E104/><V111/><F74/><W8/><G75/><T118/><D118/><U18/><E133/><V88/><F113/><W127/><G117/><T106/><D96/><U19/><E116/><V13/><F78/><W114/><G8/><T71/><D71/><U1/><E69/><V54/><F6/><W131/><G61/><T77/><D14/><U129/><E129/><V49/><F41/><W119/><G119/><T134/><D52/><U89/><E89/><V59/><F30/><W99/><G131/><T60/><D60/><U72/><E72/><V67/><F22/><W126/><G132/><T84/><D134/><U38/><E43/><V98/><F98/><N who="3" m="59871" /><G86/><T85/><D84/><U21/><E1/><V51/><F67/><W17/><G114/><T53/><D37/><U62/><REACH who="1" step="1"/><E33/><REACH who="1" ten="324,143,264,249" step="2"/><V42/><F42/><AGARI ba="1,2" hai="17,23,26,42,47,48,97,99,124,126,127" m="59871" machi="42" ten="30,2000,0" yaku="18,1,52,1" doraHai="20" who="3" fromWho="2" sc="324,0,143,0,264,-23,249,43" /><INIT seed="7,0,0,0,4,105" ten="324,143,241,292" oya="3" hai0="4,44,56,66,39,17,80,22,12,50,110,81,27" hai1="97,46,35,29,10,92,117,43,2,33,84,14,23" hai2="124,135,67,115,68,38,42,89,24,130,75,0,3" hai3="54,7,18,8,88,32,106,25,100,28,82,127,30"/><W107/><G30/><T65/><D110/><U20/><E117/><V16/><F115/><W87/><G127/><T111/><D111/><U131/><E131/><V48/><F124/><W90/><G100/><T122/><D122/><U34/><E84/><V114/><F114/><W86/><G18/><T31/><D39/><U123/><E123/><V71/><F38/><W133/><G54/><N who="0" m="30023" /><D4/><U36/><E2/><V104/><F130/><W69/><G69/><T49/><D49/><U103/><E29/><V72/><F104/><W119/><G119/><T11/><D56/><U118/><E118/><V76/><F89/><W96/><G96/><T134/><D134/><U47/><E47/><V6/><F135/><W101/><G101/><T21/><D22/><U26/><E26/><V60/><F71/><W78/><G78/><T40/><D40/><U41/><E41/><V70/><F68/><W108/><G133/><T112/><D112/><U132/><E132/><V9/><F3/><W121/><G121/><T51/><D51/><U128/><E128/><V85/><F42/><W64/><G64/><AGARI ba="0,0" hai="11,12,17,21,27,31,64,65,66,80,81" m="30023" machi="64" ten="30,1000,0" yaku="8,1" doraHai="105" who="0" fromWho="3" sc="324,10,143,0,241,0,292,-10" owari="334,43.4,143,-35.7,241,-15.9,282,8.2" /></mjloggm>