<mjloggm ver="2.3"><GO type="169" lobby="0"/><UN n0="%E6%9C%AA%E6%9D%A5%E5%B0%91%E5%B9%B4" n1="%61%6E%5F" n2="%E6%AD%A6" n3="%61%73%61%64%61%31%32" dan="16,17,16,17" rate="2151.88,2126.75,2121.29,2163.90" sx="F,M,M,M"/><TAIKYOKU oya="0"/><INIT seed="0,0,0,0,0,93" ten="250,250,250,250" oya="0" hai0="4,127,45,99,84,94,64,54,58,100,102,6,92" hai1="36,67,109,61,103,120,123,86,135,60,8,111,1" hai2="5,34,96,83,77,124,104,91,130,53,18,32,110" hai3="59,25,121,42,14,3,46,133,50,101,75,17,65"/><T40/><D127/><U118/><E86/><V52/><F124/><W122/><G3/><T38/><D64/><U68/><E8/><V35/><F110/><N who="1" m="41993" /><E1/><V43/><F130/><W72/><G25/><T69/><D69/><N who="1" m="42215" /><E103/><V20/><F5/><W87/><G87/><T39/><D39/><U49/><E36/><V95/><F43/><W106/><G72/><T128/><D128/><U126/><E126/><V44/><F104/><W47/><G75/><T29/><D29/><U89/><E89/><V19/><F44/><W82/><G47/><T114/><D114/><U74/><E74/><V73/><REACH who="2" step="1"/><F18/><REACH who="2" ten="250,250,240,250" step="2"/><W57/><G46/><T76/><D4/><U66/><E135/><V112/><F112/><W129/><G17/><T24/><D6/><U78/><E118/><V56/><F56/><W21/><G59/><T108/><D108/><U41/><E78/><V107/><F107/><W28/><G106/><T26/><D58/><U132/><E132/><V71/><F71/><W79/><G57/><T7/><D7/><U30/><E30/><V115/><F115/><W15/><G28/><T16/><D16/><U0/><E0/><V81/><F81/><W70/><G82/><N who="0" m="47175" /><D38/><U51/><E41/><V98/><F98/><W22/><G133/><T27/><D40/><U88/><E68/><V31/><F31/><W125/><G70/><T116/><D116/><U105/><E105/><V117/><F117/><W23/><G42/><T85/><D99/><U11/><E66/><V97/><F97/><W80/><G65/><T37/><D37/><U90/><E61/><V48/><F48/><RYUUKYOKU ba="0,1" sc="250,-10,250,-10,240,30,250,-10" hai2="19,20,32,34,35,52,53,73,77,83,91,95,96" /><INIT seed="1,1,1,0,1,98" ten="240,240,270,240" oya="1" hai0="71,10,70,78,104,134,133,83,121,93,37,94,96" hai1="32,99,114,90,36,52,47,30,82,127,120,39,54" hai2="129,35,3,97,116,105,15,117,107,24,61,18,23" hai3="124,77,100,80,135,91,14,92,27,2,9,89,123"/><U38/><E114/><V11/><F129/><W67/><G2/><T130/><D37/><U55/><E120/><V28/><F61/><W118/><G123/><T109/><D121/><U53/><E127/><V21/><F21/><W40/><G124/><T44/><D130/><U51/><E82/><V4/><REACH who="2" step="1"/><F97/><REACH who="2" ten="240,240,260,240" step="2"/><W84/><G118/><AGARI ba="1,2" hai="3,4,11,15,18,23,24,28,35,105,107,116,117,118" machi="118" ten="40,8000,1" yaku="1,1,2,1,24,2,53,0" doraHai="98" doraHaiUra="45" who="2" fromWho="3" sc="240,0,240,0,260,103,240,-83" /><INIT seed="2,0,0,3,5,130" ten="240,240,363,157" oya="2" hai0="8,59,85,78,29,97,14,6,87,34,122,133,129" hai1="76,93,21,52,90,43,94,124,115,41,51,15,127" hai2="91,22,4,75,117,84,1,16,119,65,104,126,62" hai3="13,103,31,72,134,123,64,113,112,48,116,61,69"/><V25/><F75/><W5/><G72/><T131/><D122/><U54/><E115/><N who="3" m="44106" /><G116/><T50/><D97/><U118/><E118/><V73/><F73/><W110/><G123/><T7/><D7/><U79/><E21/><V56/><F104/><W74/><G74/><T37/><D37/><U33/><E15/><V89/><F126/><N who="1" m="48169" /><E33/><V11/><REACH who="2" step="1"/><F91/><REACH who="2" ten="240,240,353,157" step="2"/><W68/><G103/><T40/><D131/><U46/><E90/><V38/><F38/><W67/><G110/><T83/><D129/><U26/><E79/><V32/><F32/><W106/><G106/><T101/><D34/><U111/><E76/><V24/><F24/><W77/><G77/><T57/><D101/><U114/><E26/><V19/><F19/><W71/><G31/><T121/><D29/><U108/><E108/><V63/><F63/><N who="3" m="39967" /><G5/><T10/><D121/><U17/><E111/><V88/><F88/><W105/><G105/><T2/><D78/><U66/><E17/><V20/><F20/><W120/><G120/><T92/><D6/><U23/><E23/><V0/><F0/><W82/><G13/><T3/><D14/><U28/><E28/><V95/><AGARI ba="0,1" hai="1,4,11,16,22,25,56,62,65,84,89,95,117,119" machi="95" ten="20,12000,1" yaku="1,1,0,1,7,1,54,1,53,1" doraHai="130" doraHaiUra="58" who="2" fromWho="2" sc="240,-40,240,-40,353,130,157,-40" /><INIT seed="2,1,0,4,1,2" ten="200,200,483,117" oya="2" hai0="121,34,77,45,64,132,42,62,99,82,112,133,55" hai1="76,97,14,105,111,52,54,20,119,28,32,114,58" hai2="11,9,30,127,29,87,101,19,5,59,3,4,25" hai3="60,37,41,57,48,90,17,36,72,67,106,85,23"/><V95/><F127/><W110/><G72/><T53/><D34/><U39/><E114/><V131/><F131/><W81/><G106/><T26/><D26/><U0/><E39/><V109/><F109/><W47/><REACH who="3" step="1"/><G110/><REACH who="3" ten="200,200,483,107" step="2"/><T108/><D108/><U91/><E111/><V6/><F3/><W33/><G33/><T88/><D121/><U80/><E32/><V7/><F59/><W69/><G69/><T18/><D112/><U124/><E58/><V38/><F38/><W98/><G98/><T135/><D99/><U49/><E97/><N who="2" m="59583" /><F87/><W22/><G22/><T118/><D132/><U89/><E20/><N who="2" m="13471" /><F4/><W12/><AGARI ba="1,1" hai="12,17,23,36,37,41,47,48,57,60,67,81,85,90" machi="12" ten="20,2700,0" yaku="1,1,0,1,7,1,53,0" doraHai="2" doraHaiUra="73" who="3" fromWho="3" sc="200,-8,200,-8,483,-14,107,40" /><INIT seed="3,0,0,2,2,87" ten="192,192,469,147" oya="3" hai0="135,78,115,76,8,103,11,84,71,52,92,128,69" hai1="21,83,119,2,91,56,14,23,114,120,67,93,51" hai2="104,65,133,31,46,134,99,96,29,90,60,34,27" hai3="36,33,126,58,86,80,77,55,48,89,102,109,125"/><W24/><G36/><T28/><D128/><U62/><E120/><V112/><F112/><W26/><G102/><T97/><D135/><N who="2" m="51722" /><F104/><W105/><G105/><T107/><D115/><U98/><E2/><V1/><F1/><W79/><G109/><T117/><D117/><U81/><E114/><V38/><F29/><W129/><G129/><T44/><D28/><U59/><E119/><V13/><F13/><W57/><G33/><T118/><D118/><U61/><E51/><V3/><F3/><W101/><G101/><T123/><D123/><U75/><E75/><V106/><F90/><W7/><G7/><T32/><D32/><U6/><E6/><V39/><F106/><W47/><G24/><T25/><D25/><U41/><E41/><N who="2" m="22839" /><F39/><W82/><G26/><T124/><D107/><U88/><E91/><V63/><F63/><W121/><G121/><T127/><D8/><U10/><E10/><V113/><F113/><W50/><G79/><T4/><D76/><U22/><E14/><V110/><F110/><W0/><G0/><N who="0" m="391" /><D78/><U45/><REACH who="1" step="1"/><E45/><REACH who="1" ten="192,182,469,147" step="2"/><V20/><F34/><W53/><REACH who="3" step="1"/><G47/><REACH who="3" ten="192,182,469,137" step="2"/><T94/><D44/><U85/><E85/><AGARI ba="0,2" hai="48,50,53,55,57,58,77,80,82,85,86,89,125,126" machi="85" ten="40,12000,1" yaku="1,1,2,1,9,1,52,1,53,0" doraHai="87" doraHaiUra="42" who="3" fromWho="1" sc="192,0,182,-120,469,0,137,140" /><INIT seed="3,1,0,2,5,112" ten="192,62,469,277" oya="3" hai0="52,73,83,115,9,48,10,58,8,35,86,120,135" hai1="117,57,2,61,23,132,67,114,109,123,13,72,108" hai2="15,14,77,90,53,98,25,29,20,4,107,100,95" hai3="39,127,113,105,26,19,1,69,93,28,70,51,36"/><W56/><G93/><T121/><D115/><U71/><E72/><V84/><F4/><W126/><G19/><T133/><D73/><U89/><E2/><V75/><REACH who="2" step="1"/><F53/><REACH who="2" ten="192,62,459,277" step="2"/><N who="3" m="31807" /><G113/><T54/><D35/><U42/><E114/><V118/><F118/><W34/><G1/><T40/><D54/><U125/><E117/><V97/><F97/><W24/><G39/><T64/><D64/><U21/><E67/><V46/><F46/><W103/><G36/><T38/><D38/><U63/><E108/><V74/><F74/><W62/><G70/><T49/><D120/><U82/><E71/><V104/><F104/><W32/><G69/><T110/><D121/><U60/><E109/><V124/><F124/><W96/><G126/><T78/><REACH who="0" step="1"/><D110/><REACH who="0" ten="182,62,459,277" step="2"/><U30/><E123/><V80/><AGARI ba="1,2" hai="14,15,20,25,29,75,77,80,84,90,95,98,100,107" machi="80" ten="30,8000,1" yaku="1,1,0,1,24,2,53,1" doraHai="112" doraHaiUra="88" who="2" fromWho="2" sc="182,-21,62,-21,459,103,277,-41" /><INIT seed="4,0,0,0,4,96" ten="161,41,562,236" oya="0" hai0="89,10,122,103,68,64,40,129,134,3,92,83,91" hai1="87,93,81,55,12,127,26,62,39,104,108,72,114" hai2="86,115,9,85,77,17,61,90,76,102,119,131,133" hai3="59,44,105,43,79,107,25,121,34,124,50,80,52"/><T70/><D122/><U1/><E1/><V99/><F115/><W125/><G121/><T117/><D117/><U54/><E39/><V20/><F119/><W110/><G110/><T7/><D134/><U57/><E108/><V28/><F133/><W135/><G135/><T84/><D129/><U36/><E36/><V2/><F131/><W128/><G128/><T0/><D0/><U78/><E104/><V18/><F28/><W74/><G25/><T16/><D64/><U82/><E127/><N who="3" m="48714" /><G34/><T60/><D60/><AGARI ba="0,0" hai="43,44,50,52,59,60,74,79,80,105,107" m="48714" machi="60" ten="30,2000,0" yaku="18,1,54,1" doraHai="96" who="3" fromWho="0" sc="161,-20,41,0,562,0,236,20" /><INIT seed="5,0,0,3,0,102" ten="141,41,562,256" oya="1" hai0="37,87,116,75,33,89,99,64,94,6,125,70,92" hai1="110,17,24,119,18,22,100,28,77,109,25,132,124" hai2="34,5,55,131,83,47,4,84,11,133,127,2,111" hai3="40,90,68,15,0,10,54,104,31,67,61,112,16"/><U56/><E77/><V93/><F111/><N who="1" m="42505" /><E56/><V46/><F34/><W78/><G0/><T3/><D75/><U59/><E59/><V49/><F127/><W113/><G40/><T106/><D70/><U134/><E100/><V1/><F131/><W41/><G78/><T12/><D64/><U86/><E86/><V21/><F133/><N who="1" m="51305" /><E119/><V108/><F93/><W32/><G41/><T69/><D69/><U88/><E88/><V80/><F84/><W26/><G54/><T129/><D37/><U126/><E17/><V19/><F47/><W35/><G90/><T120/><D89/><U66/><E66/><V7/><F83/><W122/><G67/><T81/><D87/><U71/><E71/><V57/><F80/><W123/><G61/><T63/><D116/><U36/><E36/><V118/><F57/><W53/><G53/><T73/><D73/><U62/><E62/><V95/><F46/><W52/><G52/><T105/><D63/><U72/><E72/><V101/><F55/><W44/><G44/><T48/><D81/><U130/><E130/><V103/><F101/><W85/><G85/><T121/><D129/><U45/><E45/><V58/><F103/><W107/><G68/><T76/><D76/><U8/><E8/><V74/><F11/><W96/><G96/><T13/><D99/><U135/><N who="1" m="51313" /><U114/><DORA hai="79" /><E114/><V128/><F108/><W97/><G97/><T14/><D48/><U29/><E18/><V39/><F128/><W98/><G98/><T38/><D38/><U42/><E42/><V60/><F118/><W20/><G112/><RYUUKYOKU ba="0,0" sc="141,-10,41,30,562,-10,256,-10" hai1="22,24,25,28,29,124,126" /><INIT seed="5,1,0,3,0,19" ten="131,71,552,246" oya="1" hai0="110,94,13,130,63,115,83,34,57,40,33,29,131" hai1="62,28,84,109,49,96,66,107,30,125,72,108,95" hai2="104,78,112,27,46,53,8,12,51,119,71,129,73" hai3="31,91,82,90,21,7,99,41,59,122,0,113,50"/><U118/><E125/><V65/><F119/><W80/><G122/><T17/><D110/><N who="1" m="42603" /><E118/><V3/><F104/><W25/><G113/><T44/><D115/><U77/><E107/><V67/><F112/><W81/><G0/><T38/><D94/><U69/><E84/><V42/><F3/><W127/><G7/><T87/><D29/><U55/><E77/><V114/><F129/><N who="0" m="49162" /><D87/><U14/><E14/><V76/><F71/><W88/><G127/><T126/><D83/><U56/><E72/><V132/><F132/><W60/><G41/><T86/><D86/><U10/><E10/><V1/><F1/><W105/><G105/><T106/><D106/><U9/><E9/><V35/><F73/><W101/><G50/><T16/><D126/><U123/><E123/><V23/><F35/><N who="0" m="13322" /><D13/><U18/><E18/><N who="2" m="12791" /><F114/><W37/><G37/><T70/><D70/><U102/><AGARI ba="1,0" hai="28,30,49,55,56,62,66,69,95,96,102" m="42603" machi="102" ten="30,1500,0" yaku="10,1" doraHai="19" who="1" fromWho="1" sc="131,-6,71,18,552,-6,246,-6" /><INIT seed="5,2,0,5,3,64" ten="125,89,546,240" oya="1" hai0="46,58,16,108,90,48,123,26,9,135,57,98,32" hai1="81,100,110,130,113,10,102,93,66,5,78,71,60" hai2="118,75,18,72,126,41,127,111,83,109,4,19,38" hai3="68,89,36,82,87,134,30,39,76,45,31,28,121"/><U125/><E113/><V122/><F118/><W101/><G121/><T35/><D108/><U70/><E125/><N who="2" m="47627" /><F122/><W8/><G101/><T25/><D123/><U40/><E130/><V56/><F4/><W49/><G134/><T65/><D135/><U91/><E110/><V63/><F41/><W115/><G68/><T95/><D35/><U15/><E40/><V94/><F38/><W73/><G115/><T52/><D32/><U129/><E129/><V128/><F128/><W55/><REACH who="3" step="1"/><G8/><REACH who="3" ten="125,89,546,230" step="2"/><T106/><D106/><U17/><E71/><V20/><F111/><W21/><G21/><T79/><D79/><U86/><REACH who="1" step="1"/><E5/><REACH who="1" ten="125,79,546,230" step="2"/><V3/><F109/><W6/><G6/><T97/><D97/><AGARI ba="2,2" hai="10,15,17,60,66,70,78,81,86,91,93,97,100,102" machi="97" ten="30,11600,0" yaku="1,1,2,1,7,1,52,1,53,0" doraHai="64" doraHaiUra="114" who="1" fromWho="0" sc="125,-122,79,142,546,0,230,0" /><INIT seed="5,3,0,4,4,110" ten="3,221,546,230" oya="1" hai0="78,12,29,101,43,129,117,63,132,83,0,4,22" hai1="52,133,80,40,74,81,65,48,114,58,123,111,84" hai2="34,108,50,127,3,9,128,130,39,6,38,122,31" hai3="92,71,54,99,8,88,13,45,82,89,10,100,25"/><U68/><E123/><V124/><F108/><W112/><G71/><T70/><D117/><U61/><E111/><V17/><F122/><W5/><G112/><T121/><D121/><U103/><E114/><V79/><F79/><W85/><G25/><N who="0" m="16567" /><D0/><U24/><E133/><V27/><F50/><N who="3" m="29007" /><G10/><N who="0" m="4167" /><D70/><U60/><E103/><AGARI ba="3,0" hai="5,8,13,82,85,88,89,92,99,100,103" m="29007" machi="103" ten="30,2000,0" yaku="8,1,54,1" doraHai="110" who="3" fromWho="1" sc="3,0,221,-29,546,0,230,29" /><INIT seed="6,0,0,5,2,102" ten="3,192,546,259" oya="2" hai0="23,13,76,58,109,59,128,36,12,130,117,29,52" hai1="28,80,118,75,88,38,93,125,77,113,51,89,70" hai2="132,71,101,62,72,53,17,33,105,6,8,61,134" hai3="114,46,7,64,68,97,24,99,18,78,60,83,120"/><V31/><F72/><W90/><G120/><T86/><D109/><U110/><E38/><V19/><F53/><W123/><G123/><T42/><D117/><U44/><E70/><V98/><F61/><W122/><G122/><T135/><D135/><U4/><E110/><V87/><F87/><W43/><G7/><T74/><D74/><U47/><E118/><V26/><F19/><W103/><G90/><T127/><D36/><U107/><E113/><V106/><F17/><W16/><G97/><T22/><D42/><U54/><E125/><V63/><F106/><W85/><G24/><T11/><D127/><U34/><E4/><V27/><F27/><W30/><G30/><T131/><D59/><U100/><E44/><V40/><F40/><W21/><G21/><T124/><D124/><U37/><E37/><V81/><F81/><W69/><G69/><T126/><D126/><U41/><E41/><V2/><F63/><W91/><G114/><T15/><D11/><U121/><E121/><V82/><F82/><W129/><G129/><N who="0" m="33027" /><T25/><DORA hai="79" /><D23/><U3/><E75/><V45/><F45/><W115/><G115/><T10/><D86/><U104/><E47/><V5/><F5/><W92/><G78/><T65/><D76/><U9/><E77/><V39/><F39/><AGARI ba="0,0" hai="16,18,39,43,46,60,64,68,83,85,91,92,99,103" machi="39" ten="30,3900,0" yaku="7,1,52,1,54,1" doraHai="102,79" who="3" fromWho="2" sc="3,0,192,0,546,-39,259,39" /><INIT seed="7,0,0,5,1,118" ten="3,192,507,298" oya="3" hai0="112,101,24,31,135,63,74,38,69,70,114,54,82" hai1="80,51,62,59,57,18,37,22,25,35,132,55,43" hai2="98,20,103,42,27,111,94,32,131,47,61,0,78" hai3="107,68,73,120,79,115,110,60,127,113,56,93,72"/><W126/><G68/><T97/><D54/><U96/><E132/><V15/><F111/><W65/><G107/><T39/><D63/><U1/><E1/><V87/><F0/><W26/><G110/><T5/><D82/><U75/><E35/><V106/><F32/><W117/><G117/><T122/><D97/><U134/><E134/><V13/><F131/><W40/><G40/><T9/><D24/><U46/><E75/><V91/><F61/><W133/><G133/><T83/><D83/><U3/><E3/><V23/><F78/><W129/><G129/><T50/><D50/><U36/><E80/><V30/><F23/><W41/><G41/><T88/><D9/><U64/><E96/><V116/><F116/><W104/><G104/><T89/><D5/><U44/><E44/><V121/><F121/><W48/><G120/><T4/><D4/><U66/><E66/><V67/><F67/><W76/><G79/><T6/><D6/><U10/><E10/><V17/><F17/><W16/><G76/><T52/><D52/><U8/><E8/><V95/><F95/><W105/><G93/><T2/><D31/><U130/><E130/><V7/><F7/><W58/><G65/><T109/><D101/><U92/><E92/><V29/><F29/><W123/><G16/><T19/><D19/><U86/><E86/><V11/><F11/><W49/><G58/><T102/><D102/><U100/><REACH who="1" step="1"/><E100/><REACH who="1" ten="3,182,507,298" step="2"/><V84/><F84/><W125/><G73/><T99/><D135/><U77/><E77/><V119/><F87/><W28/><G72/><T14/><D74/><RYUUKYOKU ba="0,1" sc="3,-10,182,30,507,-10,298,-10" hai1="18,22,25,36,37,43,46,51,55,57,59,62,64" owari="-7,-50.7,212,-18.8,507,60.7,288,8.8" /></mjloggm>