<mjloggm ver="2.3"><GO type="169" lobby="0"/><UN n0="%E9%9B%B2%E3%81%AE%E3%83%95%E3%83%89%E3%82%A6" n1="%E3%82%B3%E3%81%98%E3%81%95%E3%82%93%EF%BC%9F" n2="%4D%4A%E6%9C%80%E5%BC%B7%E4%BD%8D" n3="%E3%82%B0%E3%83%B3%E3%83%80%E3%83%AA%E3%83%BC" dan="16,17,17,19" rate="2091.69,2100.28,2222.00,2276.90" sx="M,M,M,M"/><TAIKYOKU oya="0"/><INIT seed="0,0,0,5,4,73" ten="250,250,250,250" oya="0" hai0="86,2,42,17,44,18,116,62,43,89,127,56,74" hai1="8,125,38,6,12,79,28,57,30,110,60,40,64" hai2="3,135,41,65,14,106,107,13,59,58,46,66,31" hai3="71,23,7,122,9,32,131,108,113,88,115,134,130"/><T101/><D116/><U93/><E110/><V37/><F3/><N who="3" m="255" /><G71/><T85/><D2/><U22/><E125/><V0/><F0/><W82/><G88/><T54/><D74/><U95/><E38/><V78/><F31/><N who="1" m="11817" /><E40/><V72/><F135/><W103/><G103/><T94/><D127/><U77/><E22/><V19/><F72/><W121/><G82/><T50/><D42/><U111/><E111/><V90/><F90/><W4/><G108/><T132/><D132/><U24/><E24/><V128/><F41/><W11/><G23/><T70/><D70/><U26/><E26/><V124/><F124/><W48/><G48/><T33/><D33/><U109/><E109/><V27/><F46/><W25/><G134/><T10/><D10/><U120/><E120/><N who="3" m="46186" /><G25/><T5/><D5/><U61/><E61/><V21/><F27/><W29/><G29/><T123/><D123/><U52/><E64/><V34/><F21/><W80/><G80/><T112/><D86/><U91/><E95/><V133/><F37/><W68/><G68/><T126/><D126/><U114/><E114/><N who="3" m="43530" /><G32/><T98/><REACH who="0" step="1"/><D112/><REACH who="0" ten="240,250,250,250" step="2"/><U47/><E47/><V39/><F34/><W117/><G117/><T100/><D100/><U55/><E55/><V49/><F133/><W84/><G84/><AGARI ba="0,1" hai="6,8,12,52,57,60,77,79,84,91,93" m="11817" machi="84" ten="30,7700,0" yaku="8,1,52,2,54,1" doraHai="73" who="1" fromWho="3" sc="240,0,250,87,250,0,250,-77" /><INIT seed="1,0,0,2,2,82" ten="240,337,250,173" oya="1" hai0="94,45,78,8,84,83,15,47,6,106,95,89,86" hai1="100,85,68,24,18,21,22,28,30,0,96,36,43" hai2="92,9,123,48,67,41,59,122,73,74,14,46,116" hai3="10,121,75,129,93,38,12,57,134,32,79,39,55"/><U69/><E0/><V11/><F116/><W135/><G121/><T113/><D113/><U31/><E22/><V126/><F126/><W91/><G32/><T60/><D106/><U112/><E112/><V64/><F123/><W117/><G117/><T16/><D60/><U3/><E3/><V98/><F122/><W4/><G129/><T29/><D29/><U104/><E43/><V52/><F9/><W17/><G79/><T107/><D107/><U90/><REACH who="1" step="1"/><E36/><REACH who="1" ten="240,327,250,173" step="2"/><V26/><F26/><W124/><G39/><T70/><D70/><U25/><E25/><V72/><F41/><W20/><G38/><T54/><D54/><U61/><E61/><V127/><F127/><W119/><G124/><T133/><D133/><U23/><E23/><V76/><F46/><N who="0" m="17418" /><D95/><AGARI ba="0,1" hai="18,21,24,28,30,31,68,69,85,90,95,96,100,104" machi="95" ten="40,7700,0" yaku="1,1,52,1,53,1" doraHai="82" doraHaiUra="102" who="1" fromWho="0" sc="240,-77,327,87,250,0,173,0" /><INIT seed="1,1,0,5,5,128" ten="163,414,250,173" oya="1" hai0="129,92,46,47,45,103,33,36,55,127,54,7,26" hai1="65,63,70,16,19,61,101,5,131,121,50,99,91" hai2="100,57,58,76,84,122,118,81,109,4,85,86,102" hai3="2,132,89,35,60,43,56,71,133,68,125,116,83"/><U30/><E131/><V130/><F118/><W79/><G2/><T23/><D129/><U40/><E121/><V24/><F122/><W51/><G35/><T72/><D127/><U134/><E134/><N who="3" m="51818" /><G125/><T98/><D72/><U75/><E91/><V31/><F4/><W126/><G126/><T114/><D114/><U3/><E63/><V74/><F109/><W73/><G116/><T64/><D36/><U18/><E75/><V15/><F15/><W82/><G82/><T96/><D33/><U117/><E30/><V25/><F130/><W21/><G21/><T108/><D108/><U59/><E117/><V88/><F24/><W34/><G89/><T49/><D64/><U119/><E119/><V69/><F88/><W112/><G34/><T93/><D7/><U32/><E5/><V37/><F25/><W1/><G1/><T113/><D113/><U12/><E3/><V39/><F31/><W95/><G95/><T42/><D42/><U10/><E32/><V77/><F81/><W14/><G14/><T48/><D46/><N who="1" m="25927" /><E70/><V52/><F69/><W104/><G104/><T80/><D80/><U0/><E0/><V106/><F106/><W135/><N who="3" m="51826" /><W67/><DORA hai="8" /><G112/><T22/><D26/><U87/><E87/><V62/><F85/><W9/><G9/><T120/><D120/><U105/><E10/><V110/><F74/><W28/><G28/><T107/><D107/><U66/><E12/><V44/><F110/><W115/><G115/><T111/><D111/><U41/><E105/><V11/><F84/><W94/><G94/><T13/><D13/><RYUUKYOKU ba="1,0" sc="163,15,414,-15,250,-15,173,15" hai0="22,23,45,47,48,49,54,55,92,93,96,98,103" hai3="43,51,56,60,67,68,71,73,79,83" /><INIT seed="2,2,0,4,0,14" ten="178,399,235,188" oya="2" hai0="61,25,121,129,43,51,125,29,45,24,20,38,88" hai1="28,26,111,82,3,35,63,71,42,37,34,90,32" hai2="1,116,91,16,124,126,102,73,106,66,93,104,67" hai3="18,8,41,70,50,13,99,7,120,11,84,23,117"/><V95/><F1/><W131/><G131/><T108/><D121/><U2/><E90/><V112/><F73/><W96/><G117/><T15/><D129/><U58/><E82/><V57/><F116/><W123/><G70/><T44/><D108/><U40/><E58/><V22/><F112/><W54/><G41/><T103/><D125/><N who="2" m="48234" /><F95/><W83/><G120/><T60/><D103/><U0/><E111/><V30/><F30/><W55/><G55/><T4/><D25/><U105/><E105/><N who="2" m="40555" /><F57/><W6/><G123/><T46/><D88/><U118/><E0/><V76/><F76/><W128/><G128/><T101/><D101/><U62/><E2/><V86/><F102/><W9/><G7/><T107/><D107/><U92/><E3/><V87/><F87/><W5/><G5/><T78/><D78/><U94/><E94/><V12/><AGARI ba="2,0" hai="12,16,22,66,67,86,91,93" m="40555,48234" machi="12" ten="30,6000,0" yaku="18,1,52,1,54,1" doraHai="14" who="2" fromWho="2" sc="178,-22,399,-22,235,66,188,-22" /><INIT seed="2,3,0,4,1,134" ten="156,377,301,166" oya="2" hai0="102,41,67,59,39,81,75,51,23,63,95,84,87" hai1="109,68,33,71,49,99,12,11,118,76,15,88,132" hai2="57,20,13,38,127,70,120,110,46,130,114,62,55" hai3="29,26,86,112,9,133,32,58,42,74,6,128,106"/><V129/><F20/><W3/><G128/><N who="2" m="49257" /><F13/><W105/><G133/><T35/><D35/><U82/><E33/><V92/><F92/><W80/><G112/><T115/><D115/><U36/><E15/><V103/><F103/><W60/><G42/><T27/><D39/><U56/><E36/><V116/><F114/><W52/><REACH who="3" step="1"/><G74/><REACH who="3" ten="156,377,301,156" step="2"/><T111/><D75/><U73/><E73/><V53/><F116/><W0/><G0/><T121/><D121/><U108/><E132/><V45/><F120/><W100/><G100/><T5/><D102/><U90/><E118/><V135/><F135/><W104/><G104/><T72/><D72/><U97/><E109/><V21/><F110/><W40/><G40/><T66/><D111/><U69/><E108/><V54/><F38/><W25/><G25/><T8/><D41/><U28/><E12/><V125/><F70/><W85/><G85/><T89/><D27/><U4/><E69/><V83/><F21/><W43/><G43/><T48/><D23/><U79/><E71/><V91/><F46/><W113/><G113/><T101/><D101/><U37/><E68/><V34/><F34/><W96/><G96/><T47/><D47/><U22/><E97/><V126/><F45/><W17/><G17/><T16/><D16/><U44/><E99/><V94/><F94/><W65/><G65/><T107/><D67/><U31/><E37/><V124/><F124/><W19/><G19/><T78/><D107/><U98/><E22/><V7/><F7/><W77/><AGARI ba="3,1" hai="3,6,9,26,29,32,52,58,60,77,80,86,105,106" machi="77" ten="20,5200,0" yaku="1,1,0,1,7,1,54,1,53,0" doraHai="134" doraHaiUra="14" who="3" fromWho="3" sc="156,-16,377,-16,301,-29,156,71" /><INIT seed="3,0,0,4,1,27" ten="140,361,272,227" oya="3" hai0="22,86,123,133,80,41,16,28,54,50,52,99,10" hai1="60,33,7,42,30,115,73,15,45,32,94,2,29" hai2="101,47,18,9,78,40,85,64,53,131,55,98,83" hai3="12,0,117,37,82,23,91,11,105,93,119,6,129"/><W72/><G129/><T100/><D123/><U135/><E115/><V134/><F64/><W132/><G132/><T71/><D133/><U49/><E135/><V1/><F131/><W87/><G105/><T4/><D71/><U95/><E73/><V56/><F134/><W67/><G37/><T108/><D108/><U104/><E104/><V63/><F53/><W113/><G113/><T121/><D121/><U89/><E2/><V24/><F1/><W128/><G128/><T127/><D127/><U5/><E33/><V70/><F70/><W122/><G122/><T130/><D130/><U79/><E79/><V97/><F101/><W106/><G106/><T96/><D100/><U35/><E35/><V62/><F62/><W46/><G67/><T34/><D34/><U68/><E32/><V57/><F57/><W39/><G12/><N who="0" m="7191" /><D4/><N who="1" m="1611" /><E68/><V58/><F58/><W43/><REACH who="3" step="1"/><G23/><REACH who="3" ten="140,361,272,217" step="2"/><T109/><D109/><U48/><E15/><V125/><F125/><W110/><G110/><T126/><D126/><U20/><E20/><N who="2" m="13335" /><F9/><W118/><G118/><T3/><D3/><U88/><E60/><V21/><F21/><W84/><G84/><T66/><D66/><U77/><E49/><AGARI ba="0,1" hai="40,47,49,55,56,63,78,83,85,97,98" m="13335" machi="49" ten="30,1000,0" yaku="8,1" doraHai="27" who="2" fromWho="1" sc="140,0,361,-10,272,20,217,0" /><INIT seed="4,0,0,4,5,107" ten="140,351,292,217" oya="0" hai0="34,41,68,63,11,5,81,23,124,27,79,56,132" hai1="24,15,44,1,113,18,14,135,8,73,50,83,82" hai2="9,61,123,88,10,70,87,26,33,45,62,86,121" hai3="133,108,64,130,6,36,85,106,77,98,49,32,25"/><T46/><D132/><U13/><E135/><V116/><F116/><W12/><G108/><T59/><D124/><U55/><E113/><V111/><F45/><W52/><G36/><T39/><D34/><U90/><E1/><V120/><F111/><W47/><G130/><T125/><D125/><U66/><E66/><V3/><F86/><W78/><G133/><T51/><D68/><U69/><E69/><V43/><F43/><W4/><G64/><T0/><D63/><U17/><E73/><V102/><F102/><W104/><G104/><T97/><D97/><U110/><E110/><V118/><F118/><W71/><G71/><T105/><D51/><U20/><E83/><V128/><F128/><W29/><G12/><T89/><D89/><U16/><E18/><V96/><F96/><W37/><G37/><T95/><D95/><U134/><E134/><V74/><F74/><W48/><G85/><AGARI ba="0,0" hai="8,13,14,15,16,17,20,24,44,50,55,82,85,90" machi="85" ten="40,8000,1" yaku="25,2,8,1,54,1" doraHai="107" who="1" fromWho="3" sc="140,0,351,80,292,0,217,-80" /><INIT seed="5,0,0,2,2,62" ten="140,431,292,137" oya="1" hai0="49,3,102,107,59,53,73,88,94,60,121,9,81" hai1="1,113,133,32,66,56,43,68,67,55,0,105,75" hai2="5,20,115,116,114,118,46,132,79,52,34,123,41" hai3="108,29,44,37,76,129,101,36,96,64,111,80,28"/><U112/><E32/><V16/><F34/><W92/><G129/><T135/><D135/><U122/><E122/><V69/><F69/><W74/><G37/><T50/><D121/><U42/><E105/><V6/><F79/><W2/><G29/><T117/><D117/><U39/><E75/><V130/><F132/><W91/><G28/><T22/><D22/><U31/><E31/><V70/><F70/><W14/><G14/><T27/><D27/><U127/><E68/><V126/><F130/><W19/><G19/><T72/><D72/><U84/><E84/><V7/><F123/><W12/><G12/><T128/><D128/><U97/><E97/><V15/><F126/><W8/><G64/><N who="1" m="24618" /><E127/><V24/><F24/><W82/><G101/><T18/><D3/><N who="1" m="1099" /><E39/><V90/><F90/><W51/><G82/><T95/><D107/><U89/><E89/><V33/><F33/><W4/><REACH who="3" step="1"/><G51/><REACH who="3" ten="140,431,292,127" step="2"/><T23/><D50/><N who="1" m="30839" /><E133/><V13/><F13/><W85/><G85/><T71/><D73/><U48/><E48/><V54/><F118/><W61/><G61/><T124/><D124/><U26/><E26/><V87/><F87/><W134/><G134/><T86/><D60/><U131/><E131/><V98/><F116/><W65/><G65/><T47/><D71/><U99/><E99/><V83/><F98/><W45/><G45/><T58/><D81/><U106/><E106/><V120/><F83/><W21/><G21/><T25/><D9/><U77/><E77/><V17/><F17/><W110/><G110/><T109/><D109/><U38/><E38/><N who="2" m="21815" /><F120/><W11/><G11/><RYUUKYOKU ba="0,1" sc="140,0,431,0,292,0,127,0" hai0="18,23,25,47,49,53,58,59,86,88,94,95,102" hai1="42,43,112,113" hai2="5,6,7,15,16,20,52,54,114,115" hai3="2,4,8,36,44,74,76,80,91,92,96,108,111" /><INIT seed="5,1,1,0,5,77" ten="140,431,292,127" oya="1" hai0="49,60,33,121,96,112,54,119,104,84,61,24,133" hai1="71,123,15,55,76,16,14,26,115,80,95,27,57" hai2="122,117,103,113,59,91,131,58,86,93,126,82,31" hai3="81,34,53,39,20,128,130,22,25,85,79,3,105"/><U52/><E123/><V66/><F117/><W106/><G3/><T69/><D119/><U37/><E71/><V89/><F122/><W50/><G39/><T10/><D112/><U62/><E115/><V47/><F113/><W32/><G32/><T90/><D133/><U18/><E37/><V46/><F131/><N who="3" m="50219" /><G34/><T88/><D121/><U12/><E95/><V127/><F103/><W44/><G20/><T11/><D69/><U87/><E55/><V51/><F31/><AGARI ba="1,1" hai="22,25,31,44,50,53,79,81,85,105,106" m="50219" machi="31" ten="30,2000,0" yaku="19,1,52,1" doraHai="77" who="3" fromWho="2" sc="140,0,431,0,292,-23,127,33" /><INIT seed="6,0,0,1,3,106" ten="140,431,269,160" oya="2" hai0="80,1,123,49,95,134,68,13,75,40,109,5,108" hai1="127,105,84,129,130,77,14,3,110,28,53,124,29" hai2="71,94,126,31,10,47,30,11,20,119,46,52,98" hai3="15,133,58,45,101,22,104,102,114,99,18,125,17"/><V64/><F119/><W27/><G125/><N who="1" m="48202" /><E105/><V6/><F126/><W24/><G133/><T91/><D134/><U70/><E3/><V66/><F71/><W111/><G111/><T113/><D123/><U33/><E110/><V16/><F64/><W36/><G114/><T37/><D113/><U60/><E14/><N who="2" m="5463" /><F11/><W12/><G102/><T116/><D49/><U131/><E33/><V56/><F66/><W54/><G45/><N who="2" m="16905" /><F94/><W19/><G36/><T63/><D13/><U0/><E0/><V86/><F86/><W38/><G38/><T97/><D116/><U39/><E39/><V2/><F98/><W78/><G78/><N who="0" m="44127" /><D63/><U57/><E70/><V67/><F67/><W103/><G103/><T21/><D21/><U69/><E69/><V44/><N who="2" m="16913" /><V100/><DORA hai="23" /><F100/><W59/><G22/><T85/><D68/><U90/><E77/><V132/><F2/><W79/><G79/><T117/><D117/><U112/><E112/><V41/><F41/><W72/><G59/><T32/><D32/><U107/><E107/><V61/><F132/><W8/><G8/><N who="0" m="2095" /><D40/><U43/><E43/><V93/><F93/><AGARI ba="0,0" hai="28,29,53,57,60,84,90,93,129,130,131" m="48202" machi="93" ten="40,2600,0" yaku="19,1,18,1" doraHai="106,23" who="1" fromWho="2" sc="140,0,431,26,269,-26,160,0" /><INIT seed="7,0,0,4,5,123" ten="140,457,243,160" oya="3" hai0="118,38,22,109,112,28,111,18,122,29,5,7,102" hai1="39,116,47,10,77,128,14,94,8,61,135,57,60" hai2="131,4,88,64,23,117,89,15,11,9,65,33,19" hai3="95,134,99,50,2,108,20,46,103,1,12,114,58"/><W107/><G114/><T25/><D38/><U63/><E128/><V90/><F33/><W124/><G134/><T82/><D102/><U52/><E135/><V106/><F106/><W105/><G124/><T54/><D54/><U6/><E116/><V72/><F72/><W36/><G36/><T67/><D67/><N who="2" m="25674" /><F131/><W70/><G70/><T16/><D82/><U132/><E132/><V30/><F117/><W48/><G105/><T80/><D80/><U101/><E77/><V71/><F71/><W24/><G107/><T42/><D42/><U110/><E110/><N who="0" m="41993" /><D118/><U69/><E69/><V97/><F30/><N who="0" m="11882" /><D122/><U68/><E68/><V41/><F41/><N who="3" m="24655" /><G108/><T62/><D62/><U133/><E133/><V119/><F119/><W78/><G78/><T17/><D112/><U98/><E39/><V127/><F127/><W96/><G96/><T91/><D91/><U43/><E43/><V21/><F97/><W84/><G84/><T51/><D51/><N who="1" m="28799" /><E10/><V74/><F74/><W81/><G50/><T104/><D104/><U130/><E130/><V53/><F53/><AGARI ba="0,0" hai="6,8,14,53,57,60,61,63,94,98,101" m="28799" machi="53" ten="30,2000,0" yaku="8,1,54,1" doraHai="123" who="1" fromWho="2" sc="140,0,457,20,243,-20,160,0" owari="140,-36.0,477,57.7,223,2.3,160,-24.0" /></mjloggm>