<mjloggm ver="2.3"><GO type="169" lobby="0"/><UN n0="%E3%83%8F%E5%B4%8E%E7%9C%9F%E6%82%9F" n1="%E3%83%A8%E3%82%B3%E3%83%86%E3%82%A3%E3%83%B3%40" n2="%68%69%72%61%6A%75%6E" n3="%E3%81%BD%E3%81%A3%E3%81%91%E3%81%95%E3%82%93" dan="17,16,16,16" rate="2230.82,2105.25,2067.41,2150.51" sx="M,M,M,M"/><TAIKYOKU oya="0"/><INIT seed="0,0,0,4,4,130" ten="250,250,250,250" oya="0" hai0="50,101,64,95,81,133,118,77,69,43,2,57,92" hai1="120,54,51,44,135,38,132,129,20,46,29,93,52" hai2="75,97,124,131,109,102,98,48,3,73,126,30,104" hai3="108,65,63,113,47,53,68,80,17,84,39,72,105"/><T61/><D118/><U5/><E120/><V37/><F3/><W127/><G113/><T60/><D2/><U74/><E129/><V114/><F37/><W7/><G105/><T21/><D101/><U67/><E74/><N who="2" m="28171" /><F30/><W62/><G72/><T82/><D82/><U27/><E5/><V32/><F48/><W134/><G84/><T9/><D81/><U42/><E67/><V41/><F41/><W110/><G17/><T107/><D107/><U26/><E54/><V40/><F40/><N who="3" m="22943" /><G80/><T12/><D77/><U116/><E116/><V28/><F131/><W55/><G7/><T76/><D76/><U33/><REACH who="1" step="1"/><E93/><REACH who="1" ten="250,240,250,250" step="2"/><V121/><F121/><W85/><G55/><T89/><D92/><U31/><AGARI ba="0,1" hai="20,26,27,29,31,33,38,42,44,46,51,52,132,135" machi="31" ten="30,12000,2" yaku="1,1,2,1,0,1,52,2,54,1,53,0" doraHai="130" doraHaiUra="119" who="1" fromWho="1" sc="250,-60,240,130,250,-30,250,-30" /><INIT seed="1,0,0,0,1,5" ten="190,370,220,220" oya="1" hai0="26,78,69,60,41,1,52,30,106,87,46,43,74" hai1="3,67,7,89,91,54,15,97,25,117,81,118,18" hai2="109,45,23,0,107,10,14,12,6,71,100,59,86" hai3="79,112,121,61,102,28,66,22,73,27,72,34,111"/><U50/><E3/><V55/><F109/><W56/><G112/><T36/><D43/><U47/><E67/><V132/><F132/><W37/><G121/><T77/><D87/><N who="1" m="50415" /><E118/><V16/><F71/><W51/><G37/><T63/><D63/><U83/><E117/><V127/><F127/><W95/><G111/><T8/><D78/><U29/><E7/><V35/><F35/><W130/><G130/><T120/><D120/><U80/><E25/><V49/><F86/><W101/><G34/><N who="0" m="20823" /><D52/><N who="1" m="29791" /><E29/><V96/><REACH who="2" step="1"/><F45/><REACH who="2" ten="190,370,210,220" step="2"/><W42/><G73/><T108/><D108/><U44/><E44/><V31/><F31/><W64/><G72/><T70/><D70/><U75/><E75/><V68/><F68/><W4/><G28/><T48/><D69/><U62/><E80/><V99/><F99/><W115/><G115/><T85/><D74/><U84/><E97/><V21/><F21/><W122/><G22/><T135/><D135/><U125/><E125/><V104/><F104/><W134/><G122/><T98/><D98/><U20/><E62/><V9/><F9/><W103/><G134/><T24/><D60/><U90/><E54/><V124/><F124/><W128/><G61/><T113/><D106/><U58/><E58/><V65/><F65/><W13/><G56/><T105/><D105/><U57/><E57/><V116/><F116/><W123/><G66/><T38/><D113/><U129/><E129/><V131/><F131/><W19/><G128/><T94/><D46/><U39/><E39/><V11/><F11/><W88/><G123/><T76/><D36/><U110/><E110/><RYUUKYOKU ba="0,1" sc="190,-15,370,15,210,15,220,-15" hai1="15,18,20,83,84,90,91" hai2="0,6,10,12,14,16,23,49,55,59,96,100,107" /><INIT seed="1,1,1,3,4,53" ten="175,385,225,205" oya="1" hai0="72,104,55,116,112,61,45,71,100,15,36,130,70" hai1="103,34,35,96,62,38,98,110,95,42,30,128,79" hai2="114,113,76,20,13,41,131,11,37,26,58,91,48" hai3="89,25,125,57,7,28,47,54,85,9,27,6,106"/><U44/><E128/><V84/><F131/><W120/><G120/><T31/><D130/><U134/><E134/><V18/><F37/><W33/><G106/><T102/><D72/><U81/><E110/><V108/><F108/><W83/><G125/><T24/><D112/><N who="2" m="43114" /><F76/><W129/><G129/><T46/><D116/><U19/><E30/><N who="2" m="17735" /><F41/><W124/><G124/><T8/><D104/><U80/><E19/><V32/><F32/><W73/><G47/><T56/><D70/><U87/><E81/><N who="2" m="49551" /><F48/><W66/><G66/><T64/><D36/><U67/><REACH who="1" step="1"/><E96/><REACH who="1" ten="175,375,225,205" step="2"/><V51/><F51/><W94/><G28/><T49/><D45/><U50/><E50/><V14/><F14/><W3/><G27/><T0/><D46/><U115/><E115/><V65/><F18/><W109/><G25/><T12/><D0/><U2/><E2/><V111/><F13/><W86/><G109/><T92/><D15/><U122/><E122/><V90/><F111/><W23/><G3/><T117/><D117/><U121/><E121/><V40/><F40/><W52/><G7/><T22/><REACH who="0" step="1"/><D92/><REACH who="0" ten="165,375,225,205" step="2"/><U105/><E105/><V135/><F135/><W99/><G94/><T29/><D29/><U59/><AGARI ba="1,3" hai="34,35,38,42,44,59,62,67,79,80,87,95,98,103" machi="59" ten="20,7800,0" yaku="1,1,0,1,7,1,52,1,53,0" doraHai="53" doraHaiUra="5" who="1" fromWho="1" sc="165,-27,375,111,225,-27,205,-27" /><INIT seed="1,2,0,2,0,100" ten="138,486,198,178" oya="1" hai0="4,19,87,0,5,47,115,109,111,120,20,13,45" hai1="73,77,48,12,65,6,39,43,127,42,58,66,105" hai2="93,46,63,90,71,131,40,59,37,94,97,81,16" hai3="134,54,102,113,1,132,55,75,50,101,104,82,121"/><U34/><E34/><V62/><F131/><W129/><G113/><T33/><D115/><U3/><E127/><V7/><F7/><W41/><G121/><T14/><D87/><U117/><E117/><V52/><F81/><W69/><G69/><T110/><D120/><U67/><E12/><V84/><F16/><W92/><G1/><T107/><D33/><U126/><E126/><V2/><F2/><W9/><G9/><T72/><D72/><U29/><E29/><V15/><F15/><W22/><G22/><T35/><D35/><U21/><E21/><V135/><F135/><W124/><G92/><T106/><D0/><U70/><E6/><N who="0" m="2665" /><D14/><U85/><E70/><V56/><F71/><W133/><G124/><T88/><D88/><U8/><E73/><V125/><F125/><W36/><G36/><T30/><D30/><U122/><E39/><V118/><F118/><W91/><G91/><T24/><D24/><U68/><E68/><V26/><F26/><W95/><G75/><T17/><D17/><U31/><E31/><V74/><F74/><W44/><G82/><T53/><D53/><U25/><E67/><V60/><REACH who="2" step="1"/><F59/><REACH who="2" ten="138,486,188,178" step="2"/><W128/><G129/><T61/><D61/><U112/><E58/><V114/><F114/><W10/><G128/><T27/><D13/><U18/><E112/><V79/><F79/><W99/><G10/><T108/><N who="0" m="27648" /><DORA hai="28" /><T76/><D76/><U83/><E77/><V23/><F23/><W96/><AGARI ba="2,1" hai="41,44,50,54,55,95,96,99,101,102,104,132,133,134" machi="96" ten="40,5200,0" yaku="0,1,20,1,52,1" doraHai="100,28" who="3" fromWho="3" sc="138,-15,486,-28,188,-15,178,68" /><INIT seed="2,0,0,4,3,119" ten="123,458,173,246" oya="2" hai0="0,14,91,89,47,70,71,124,131,29,118,22,67" hai1="11,72,61,56,103,25,34,37,35,17,32,74,104" hai2="120,106,108,13,55,53,123,52,19,99,10,24,62" hai3="20,135,4,38,83,121,75,100,76,23,96,5,12"/><V43/><F43/><W54/><G38/><T60/><D0/><U79/><E37/><V80/><F80/><W3/><G3/><T82/><D124/><U113/><E113/><V110/><F62/><W122/><G135/><T69/><D118/><U44/><E44/><V107/><F24/><W39/><G39/><T9/><D131/><U58/><E58/><V6/><F6/><W109/><G109/><N who="2" m="42089" /><F99/><W59/><G20/><T93/><D47/><U30/><E79/><V117/><F117/><W88/><G5/><T126/><D126/><U97/><E17/><V46/><F46/><W127/><G127/><T101/><D82/><U16/><E61/><V90/><F90/><W133/><G133/><T85/><D91/><U31/><E56/><V7/><F7/><W128/><G88/><T8/><D71/><U51/><E51/><V33/><F33/><W15/><G128/><T73/><D70/><U49/><E49/><V114/><F114/><W57/><G57/><T42/><D42/><U27/><E35/><V78/><F78/><W102/><G15/><AGARI ba="0,0" hai="11,15,16,25,27,30,31,32,34,72,74,97,103,104" machi="15" ten="40,2600,0" yaku="9,1,54,1" doraHai="119" who="1" fromWho="3" sc="123,0,458,26,173,0,246,-26" /><INIT seed="3,0,0,2,2,112" ten="123,484,173,220" oya="3" hai0="87,50,90,14,60,110,88,93,32,101,123,8,12" hai1="51,2,103,66,65,52,22,42,26,0,24,106,117" hai2="48,15,7,104,107,120,58,118,56,49,133,38,73" hai3="109,46,72,116,29,75,76,1,111,99,108,89,71"/><W10/><G71/><T47/><D110/><U77/><E77/><V132/><F38/><W80/><G29/><T127/><D127/><U59/><E106/><V23/><F120/><W81/><G46/><T98/><D32/><U113/><E113/><V100/><F73/><W25/><G25/><T64/><D123/><U53/><E103/><V74/><F74/><N who="3" m="43031" /><G116/><T102/><D90/><U67/><E42/><V135/><F100/><W121/><G121/><T68/><D102/><U126/><E126/><V85/><F85/><N who="3" m="50351" /><G99/><T115/><D8/><U11/><E11/><V19/><F7/><AGARI ba="0,0" hai="1,7,10,72,75,108,109,111" m="50351,43031" machi="7" ten="30,2900,0" yaku="14,1,10,1" doraHai="112" who="3" fromWho="2" sc="123,0,484,0,173,-29,220,29" /><INIT seed="3,1,0,1,5,53" ten="123,484,144,249" oya="3" hai0="73,67,1,45,122,91,80,108,133,40,56,9,60" hai1="117,3,48,63,121,69,30,66,111,36,101,39,57" hai2="115,15,114,124,96,13,87,26,22,99,100,82,17" hai3="37,116,118,18,76,33,81,31,78,24,123,23,112"/><W21/><G112/><T62/><D108/><U79/><E3/><V50/><F124/><W85/><G123/><T47/><D133/><U129/><E30/><V43/><F115/><W125/><G37/><N who="1" m="14410" /><E101/><V14/><F114/><W51/><G125/><T16/><D122/><U90/><E90/><V107/><F99/><W105/><G105/><T83/><D1/><U28/><E28/><V128/><F128/><W4/><G4/><T68/><D40/><U42/><E79/><V8/><F43/><W29/><G51/><T113/><D80/><U120/><E111/><V10/><REACH who="2" step="1"/><F50/><REACH who="2" ten="123,484,134,249" step="2"/><W6/><G118/><T103/><D113/><U34/><E48/><V84/><F84/><W77/><G116/><T130/><D130/><U102/><E42/><V135/><F135/><W54/><G33/><T52/><D103/><U93/><E34/><V65/><F65/><W2/><G85/><T109/><D109/><U89/><E102/><V44/><F44/><W38/><G38/><T70/><D47/><U75/><E129/><V131/><F131/><W20/><G54/><T35/><D45/><U41/><E41/><V64/><F64/><W119/><G119/><T59/><D35/><U97/><E117/><V11/><F11/><W72/><G23/><T94/><D73/><U55/><E75/><V106/><F106/><W0/><G21/><T61/><D67/><U49/><E49/><V7/><F7/><W58/><G20/><T86/><D52/><U5/><E5/><V95/><F95/><W88/><G72/><T25/><D94/><U127/><E127/><V27/><F27/><RYUUKYOKU ba="1,1" sc="123,-15,484,15,134,15,249,-15" hai1="55,57,63,66,69,89,93,97,120,121" hai2="8,10,13,14,15,17,22,26,82,87,96,100,107" /><INIT seed="4,2,1,5,4,0" ten="108,499,149,234" oya="0" hai0="65,122,15,91,8,116,93,85,64,113,94,121,102" hai1="132,47,95,112,14,87,105,52,84,81,109,57,58" hai2="43,19,66,55,32,133,3,56,72,119,31,24,123" hai3="89,71,21,29,76,63,131,39,111,38,104,36,115"/><T44/><D113/><U118/><E109/><V128/><F123/><W4/><G76/><T77/><D116/><U26/><E118/><V11/><F119/><W98/><G115/><T86/><D121/><U70/><E70/><V79/><F128/><W40/><G131/><T127/><D127/><U54/><E105/><V62/><F133/><W48/><G29/><T45/><D122/><U69/><E69/><V124/><F124/><W30/><G30/><T83/><D102/><U25/><E132/><V100/><F43/><W2/><G21/><T60/><D93/><U92/><E14/><V33/><F100/><W46/><G104/><T5/><REACH who="0" step="1"/><D65/><REACH who="0" ten="98,499,149,234" step="2"/><U107/><E112/><V82/><F66/><W9/><G111/><T110/><D110/><U16/><E107/><V61/><F33/><W23/><G38/><T88/><D88/><U99/><E92/><V67/><F67/><W51/><G89/><T41/><D41/><U13/><E95/><V101/><F101/><W126/><G40/><T134/><D134/><U37/><E99/><V108/><F32/><W1/><G39/><T27/><D27/><U103/><E26/><V125/><F24/><W53/><G36/><T80/><D80/><U22/><E25/><V90/><F125/><W49/><G98/><T35/><D35/><U34/><E34/><V75/><F108/><W6/><G126/><T68/><AGARI ba="2,2" hai="5,8,15,44,45,60,64,68,77,83,85,86,91,94" machi="68" ten="20,7800,0" yaku="1,1,0,1,7,1,52,1,53,0" doraHai="0" doraHaiUra="20" who="0" fromWho="0" sc="98,104,499,-28,149,-28,234,-28" /><INIT seed="4,3,0,5,1,16" ten="202,471,121,206" oya="0" hai0="86,65,106,13,107,35,132,67,48,69,68,82,55" hai1="134,88,8,4,54,84,127,105,21,92,59,114,99" hai2="101,100,80,46,135,5,125,41,129,10,124,50,51" hai3="93,57,18,25,120,64,76,78,109,38,72,58,24"/><T26/><D132/><U53/><E134/><V115/><F135/><W94/><G18/><T121/><D121/><U19/><E127/><V108/><F108/><W47/><G47/><T29/><D67/><U75/><E75/><V0/><F115/><W130/><G72/><T36/><D36/><U56/><E114/><V110/><F110/><W81/><G81/><T31/><D31/><U62/><E105/><V17/><F129/><W104/><G109/><T66/><D65/><U1/><E99/><V61/><F61/><W32/><G64/><T85/><D85/><U87/><E59/><V39/><F80/><W98/><G32/><T2/><D2/><U119/><E53/><V60/><F60/><W34/><G34/><T63/><D13/><N who="1" m="5255" /><E119/><V91/><F91/><W11/><G11/><T44/><REACH who="0" step="1"/><D68/><REACH who="0" ten="192,471,121,206" step="2"/><U126/><E1/><V37/><F37/><W12/><G38/><T113/><D113/><U133/><E133/><V96/><F39/><W116/><G12/><T27/><D27/><N who="1" m="14783" /><E126/><V15/><F124/><W3/><G3/><T43/><D43/><U117/><E117/><V22/><F125/><W6/><G116/><T83/><D83/><U74/><E74/><V103/><REACH who="2" step="1"/><F51/><REACH who="2" ten="192,471,111,206" step="2"/><W33/><G120/><T122/><D122/><U30/><E30/><V131/><F131/><W45/><G130/><T52/><D52/><U40/><E84/><V118/><F118/><W79/><G98/><AGARI ba="3,2" hai="0,5,10,15,17,22,41,46,50,96,98,100,101,103" machi="98" ten="40,2600,0" yaku="1,1,52,1,53,0" doraHai="16" doraHaiUra="77" who="2" fromWho="3" sc="192,0,471,0,111,55,206,-35" /><INIT seed="5,0,0,3,3,6" ten="192,471,166,171" oya="1" hai0="77,67,31,40,0,7,87,50,90,58,108,75,123" hai1="22,134,70,72,13,37,115,51,131,61,4,12,130" hai2="88,55,66,96,93,63,76,74,119,34,27,113,99" hai3="94,23,68,60,11,36,83,5,92,124,46,129,116"/><U114/><E72/><V16/><F119/><W9/><G116/><T71/><D108/><U15/><E37/><V79/><F113/><N who="1" m="43017" /><E134/><V25/><F74/><W17/><G124/><T39/><D31/><U122/><E122/><V132/><F132/><W98/><G129/><N who="1" m="49162" /><E51/><V45/><F99/><W54/><G83/><T104/><D50/><U97/><E97/><V84/><F34/><W53/><G36/><T117/><D39/><U52/><E70/><V47/><F66/><W107/><G107/><T135/><D67/><U89/><E89/><V3/><F3/><W127/><G127/><T73/><D90/><U105/><E105/><V62/><F96/><W65/><G46/><T64/><D64/><U32/><E32/><V1/><F1/><W82/><G65/><T111/><D0/><U101/><E101/><V109/><F45/><W33/><G33/><T43/><D71/><U118/><E118/><V69/><F47/><W19/><G98/><T112/><D104/><U2/><E2/><V30/><F69/><W21/><G68/><T81/><D135/><U121/><E121/><V14/><F63/><W48/><G48/><T44/><D123/><U91/><E91/><V78/><F62/><W102/><G60/><T110/><D117/><U133/><E133/><V57/><F88/><W126/><G126/><T56/><D112/><U10/><E22/><V41/><F84/><W18/><G102/><T103/><D103/><U128/><N who="1" m="49170" /><U26/><DORA hai="24" /><E26/><V80/><F27/><W100/><G100/><T35/><D73/><U95/><E95/><V42/><F93/><RYUUKYOKU ba="0,0" sc="192,-10,471,30,166,-10,171,-10" hai1="4,10,12,13,15,52,61" /><INIT seed="5,1,0,0,0,17" ten="182,501,156,161" oya="1" hai0="38,52,14,76,114,12,116,67,11,1,113,63,89" hai1="7,109,13,65,79,132,110,68,125,54,25,134,60" hai2="49,28,8,111,64,48,81,83,2,62,120,3,105" hai3="78,128,82,27,46,30,57,56,4,16,135,104,90"/><U50/><E125/><V42/><F120/><W77/><G104/><T59/><D116/><U119/><E119/><V26/><F111/><N who="1" m="42505" /><E79/><V96/><F83/><W35/><G4/><T88/><D38/><U93/><E93/><V127/><F127/><W45/><G128/><T129/><D129/><U15/><E7/><V29/><F29/><W71/><G71/><T36/><D36/><U122/><E122/><V5/><F81/><W39/><G135/><N who="1" m="51754" /><E25/><V66/><F2/><W51/><G90/><T61/><D1/><U130/><E130/><V34/><F66/><W22/><G77/><T74/><D76/><U92/><E92/><V85/><F85/><W126/><G126/><T9/><D74/><U32/><E32/><V106/><F42/><W47/><G39/><T19/><D113/><U133/><N who="1" m="51762" /><U31/><DORA hai="131" /><E31/><V23/><F34/><W73/><REACH who="3" step="1"/><G51/><REACH who="3" ten="182,501,156,151" step="2"/><T44/><D114/><U112/><E112/><V70/><F106/><W107/><G107/><T33/><D89/><U37/><E37/><V123/><F123/><W80/><G80/><T40/><D88/><U21/><E21/><V118/><F118/><W99/><G99/><T115/><D33/><U43/><E43/><V95/><F105/><W121/><G121/><T58/><D115/><U18/><E18/><V108/><F108/><W98/><G98/><T117/><D117/><U75/><E75/><V87/><F96/><W100/><G100/><T124/><D124/><U94/><E94/><V69/><F69/><W10/><G10/><N who="0" m="3595" /><D19/><U6/><E6/><V102/><F102/><W72/><G72/><RYUUKYOKU ba="1,1" sc="182,0,501,0,156,0,151,0" hai0="12,14,40,44,52,58,59,61,63,67" hai1="13,15,50,54,60,65,68" hai2="3,5,8,23,26,28,48,49,62,64,70,87,95" hai3="16,22,27,30,35,45,46,47,56,57,73,78,82" /><INIT seed="5,2,1,0,3,103" ten="182,501,156,151" oya="1" hai0="57,110,20,54,55,21,108,69,122,61,22,56,27" hai1="121,113,30,47,91,8,117,42,43,133,81,59,49" hai2="102,11,35,9,93,125,126,14,87,5,134,34,130" hai3="118,37,62,12,105,16,19,40,82,13,29,112,66"/><U33/><E113/><V64/><F64/><W25/><G112/><T120/><D69/><U71/><E133/><V84/><F134/><W67/><G82/><T26/><D22/><U95/><E117/><V18/><F130/><W60/><G40/><T97/><D97/><U106/><E106/><V131/><F131/><W111/><G37/><T73/><D61/><U135/><E135/><V101/><F93/><W7/><G7/><T23/><D23/><U36/><E71/><V1/><F101/><W41/><G41/><T6/><D6/><U74/><E121/><V72/><F102/><W0/><G0/><T39/><D39/><U45/><E8/><V15/><F72/><AGARI ba="2,1" hai="20,21,26,27,54,55,56,57,72,73,108,110,120,122" machi="72" ten="25,1600,0" yaku="22,2" doraHai="103" who="0" fromWho="2" sc="182,32,501,0,156,-22,151,0" /><INIT seed="6,0,0,0,2,53" ten="214,501,134,151" oya="2" hai0="106,73,60,43,84,128,59,110,87,78,61,23,58" hai1="38,15,30,89,83,129,118,10,37,131,3,90,22" hai2="28,108,36,50,88,9,20,21,134,26,95,72,69" hai3="63,39,5,116,127,41,49,29,46,31,40,77,79"/><V93/><F36/><W113/><G116/><T98/><D110/><U135/><E118/><V16/><F108/><W109/><G109/><T85/><D128/><N who="1" m="49227" /><E3/><V48/><F72/><W24/><G127/><T92/><D106/><U4/><E135/><V80/><F69/><W66/><G5/><T25/><D43/><U74/><E74/><V117/><F117/><W94/><G113/><T54/><D73/><U8/><E8/><V104/><F104/><W34/><G31/><N who="0" m="17855" /><D78/><U123/><E123/><V47/><F134/><W19/><G19/><T18/><D18/><N who="1" m="10591" /><E30/><V32/><F32/><W126/><G126/><T1/><D1/><N who="1" m="271" /><E83/><V44/><F9/><W100/><G39/><AGARI ba="0,0" hai="37,38,39,89,90" m="271,10591,49227" machi="39" ten="30,1000,0" yaku="19,1" doraHai="53" who="1" fromWho="3" sc="214,0,501,10,134,0,151,-10" /><INIT seed="7,0,0,0,2,25" ten="214,511,134,141" oya="3" hai0="45,87,75,125,132,35,29,44,111,123,79,22,99" hai1="34,6,90,16,7,91,49,59,13,133,66,64,68" hai2="27,36,15,18,109,54,112,40,108,116,72,39,76" hai3="52,84,30,46,96,83,43,126,14,127,61,5,65"/><W129/><G129/><T98/><D35/><U47/><E34/><V42/><F116/><W24/><G96/><T62/><D111/><U41/><E68/><V78/><F112/><W33/><G5/><N who="1" m="1546" /><E133/><V4/><F4/><W85/><G14/><T63/><D98/><U55/><E91/><V107/><F72/><W0/><G0/><T8/><D45/><U69/><E90/><V37/><F107/><W105/><G105/><T113/><D62/><N who="1" m="36223" /><E69/><V73/><F27/><W67/><G67/><T70/><D22/><AGARI ba="0,0" hai="13,16,22,41,47,49,64,66" m="36223,1546" machi="22" ten="30,2000,0" yaku="8,1,54,1" doraHai="25" who="1" fromWho="0" sc="214,-20,511,20,134,0,141,0" owari="194,-0.6,531,63.1,134,-36.6,141,-25.9" /></mjloggm>