<mjloggm ver="2.3"><GO type="169" lobby="0"/><UN n0="%E7%99%BD%E8%8F%9C%E6%9D%A5%E6%89%93%E9%BA%BB%E5%B0%86%E4%BA%86" n1="%64%72%61%65%74%63" n2="%68%61%6B%75%30%37" n3="%72%65%6E%6A%69%38%33" dan="16,16,18,16" rate="2084.50,2149.38,2202.93,2097.66" sx="F,M,M,M"/><TAIKYOKU oya="0"/><INIT seed="0,0,0,0,2,20" ten="250,250,250,250" oya="0" hai0="87,102,127,24,97,103,6,94,53,95,108,74,40" hai1="80,126,118,117,64,48,121,43,14,35,55,56,31" hai2="109,73,90,106,129,8,29,27,100,89,62,77,44" hai3="46,67,79,134,47,81,112,5,59,32,130,82,28"/><T72/><D40/><U119/><E14/><V123/><F123/><W92/><G112/><T88/><D127/><U12/><E12/><V23/><F109/><W10/><G130/><T91/><D6/><U45/><E121/><V86/><F129/><W71/><G71/><T93/><D53/><U49/><E126/><V36/><F8/><W34/><G92/><N who="0" m="35435" /><D24/><U19/><E19/><V0/><F0/><W52/><G67/><T25/><D25/><U70/><E80/><V96/><F62/><W66/><G66/><T135/><D135/><U101/><E101/><N who="0" m="38409" /><D108/><U128/><E128/><V120/><F44/><W54/><G5/><T98/><D91/><U61/><E31/><V51/><F51/><W9/><G28/><T69/><D69/><U63/><E35/><V105/><F89/><W30/><G30/><T13/><D13/><U16/><E16/><V58/><F58/><W122/><G59/><T18/><D18/><U1/><E1/><V38/><F38/><AGARI ba="0,0" hai="38,43,45,48,49,55,56,61,63,64,70,117,118,119" machi="38" ten="40,5200,0" yaku="34,3" doraHai="20" who="1" fromWho="2" sc="250,0,250,52,250,-52,250,0" /><INIT seed="1,0,0,2,0,0" ten="250,302,198,250" oya="1" hai0="133,95,22,3,128,113,55,107,79,23,57,134,114" hai1="120,85,124,118,63,65,123,16,103,116,77,54,76" hai2="49,125,43,106,36,100,59,35,1,50,10,80,67" hai3="83,62,98,15,44,37,101,29,12,122,51,40,91"/><U19/><E103/><V60/><F35/><W42/><G122/><T20/><D107/><U25/><E124/><V4/><F125/><W132/><G132/><N who="0" m="50795" /><D79/><U41/><E41/><V73/><F73/><W56/><G29/><T11/><D95/><U5/><E54/><V34/><F34/><W84/><G40/><T94/><D94/><U127/><E127/><V81/><F36/><W14/><G37/><T115/><D57/><U70/><E25/><V89/><F89/><W121/><G121/><T8/><D55/><U126/><E126/><V105/><F105/><W75/><G75/><T88/><D88/><U32/><E32/><V93/><F106/><W46/><G46/><T110/><D110/><U108/><E108/><V58/><F49/><W135/><G135/><T74/><D74/><U99/><E99/><V18/><F18/><W13/><N who="3" m="3072" /><DORA hai="52" /><W82/><G82/><T38/><D38/><U69/><E85/><V53/><REACH who="2" step="1"/><F43/><REACH who="2" ten="250,302,188,250" step="2"/><W21/><G21/><T33/><D33/><U112/><E63/><V117/><F117/><W78/><G91/><T2/><D128/><U28/><E28/><V17/><F17/><W45/><G51/><T61/><D61/><U87/><E87/><V109/><F109/><W96/><G42/><T90/><D90/><U71/><E116/><V97/><AGARI ba="0,1" hai="1,4,10,50,53,58,59,60,67,80,81,93,97,100" machi="97" ten="30,12000,2" yaku="1,1,0,1,52,3,53,1" doraHai="0,52" doraHaiUra="26,92" who="2" fromWho="2" sc="250,-30,302,-60,188,130,250,-30" /><INIT seed="2,0,0,1,2,70" ten="220,242,318,220" oya="2" hai0="64,48,36,45,43,53,68,60,111,50,130,119,28" hai1="22,83,10,126,23,88,122,97,116,44,128,41,118" hai2="0,21,115,4,65,72,78,1,131,96,51,75,76" hai3="9,46,93,117,31,101,127,12,13,92,27,2,20"/><V129/><F115/><W91/><G117/><T134/><D28/><U18/><E126/><V123/><F123/><W8/><G127/><T5/><D5/><U125/><E125/><V124/><F124/><W104/><G104/><T85/><D85/><U95/><E128/><N who="2" m="49227" /><F65/><W120/><G120/><T87/><D87/><U74/><E122/><V103/><F51/><W56/><G56/><N who="0" m="32807" /><D130/><U69/><E69/><V57/><F57/><W19/><G2/><N who="2" m="1129" /><F4/><W30/><G46/><N who="0" m="23911" /><D119/><U67/><E67/><V112/><F112/><W99/><G31/><T109/><D134/><U42/><E116/><V133/><F21/><N who="3" m="15727" /><G13/><T108/><D108/><U77/><E118/><V135/><F96/><AGARI ba="0,0" hai="8,9,12,19,20,91,92,93,96,99,101" m="15727" machi="96" ten="30,1000,0" yaku="8,1" doraHai="70" who="3" fromWho="2" sc="220,0,242,0,318,-10,220,10" /><INIT seed="3,0,0,3,1,24" ten="220,242,308,230" oya="3" hai0="14,22,10,60,5,110,126,38,55,83,69,114,52" hai1="61,43,71,102,7,32,106,57,98,132,4,135,89" hai2="0,21,94,95,105,101,29,54,46,118,66,120,12" hai3="70,72,133,39,93,9,131,68,2,76,125,59,25"/><W91/><G39/><T84/><D110/><U20/><E32/><V119/><F0/><W73/><G131/><T103/><D126/><U48/><E89/><V64/><F105/><W53/><G125/><T129/><D38/><U88/><E20/><V74/><F74/><W134/><G25/><T124/><D124/><U87/><E48/><V108/><F108/><W17/><G70/><T82/><D129/><U42/><E4/><V44/><F12/><N who="3" m="7311" /><G76/><T117/><D117/><U6/><E6/><V13/><F13/><W23/><G23/><T27/><D114/><U128/><E7/><V50/><F21/><W77/><G77/><T75/><D75/><U18/><E18/><V78/><F78/><W80/><G80/><T16/><D103/><U33/><E71/><V1/><F1/><W30/><G2/><T81/><REACH who="0" step="1"/><D84/><REACH who="0" ten="210,242,308,230" step="2"/><U8/><E128/><V111/><F111/><W104/><G73/><T56/><D56/><U49/><E57/><V47/><F119/><W28/><G68/><T45/><D45/><U41/><E87/><V67/><F118/><W85/><G72/><T51/><D51/><U92/><E49/><V116/><F116/><W99/><G85/><T112/><D112/><U15/><E102/><V3/><F44/><W121/><G104/><T127/><D127/><U113/><E106/><V65/><F46/><W130/><G130/><T115/><D115/><U58/><E113/><V109/><F109/><W86/><G86/><T90/><D90/><U35/><E58/><V123/><F47/><W36/><G36/><T40/><D40/><U100/><E43/><RYUUKYOKU ba="0,1" sc="210,30,242,-10,308,-10,230,-10" hai0="5,10,14,16,22,27,52,55,60,69,81,82,83" /><INIT seed="4,1,1,2,4,53" ten="240,232,298,220" oya="0" hai0="126,2,103,97,52,107,50,91,9,3,109,100,116" hai1="76,61,35,84,17,129,66,64,54,122,104,101,28" hai2="8,87,24,106,13,125,70,78,33,48,102,98,99" hai3="118,131,12,114,34,20,22,32,18,42,38,82,10"/><T135/><D116/><U74/><E122/><V124/><F70/><W57/><G118/><T15/><D126/><N who="2" m="48746" /><F98/><W0/><G114/><T59/><D135/><U55/><E74/><V1/><F1/><W6/><G131/><T77/><D77/><U19/><E66/><V123/><F123/><W117/><G117/><T79/><D79/><U83/><E17/><V115/><F115/><W63/><G82/><T67/><D109/><U95/><E19/><V49/><F87/><W30/><G42/><T132/><D132/><U25/><E95/><V92/><F78/><W36/><G22/><T26/><D67/><U56/><REACH who="1" step="1"/><E129/><REACH who="1" ten="240,222,298,220" step="2"/><V96/><F92/><W133/><G133/><T65/><D65/><U40/><E40/><V120/><F120/><W105/><G105/><T27/><D107/><U5/><E5/><N who="2" m="3215" /><F96/><AGARI ba="1,2" hai="25,28,35,54,55,56,61,64,76,83,84,96,101,104" machi="96" ten="40,2600,0" yaku="1,1,52,1,53,0" doraHai="53" doraHaiUra="111" who="1" fromWho="2" sc="240,0,222,49,298,-29,220,0" /><INIT seed="5,0,0,1,2,18" ten="240,271,269,220" oya="1" hai0="45,40,94,95,97,16,92,43,68,100,107,113,26" hai1="22,115,82,129,34,135,114,51,119,27,99,91,105" hai2="24,65,74,89,108,79,13,3,47,106,7,2,60" hai3="101,69,37,17,126,103,87,134,15,62,1,23,20"/><U44/><E119/><V121/><F108/><W77/><G1/><T41/><D68/><U118/><E118/><V104/><F121/><W5/><G37/><T112/><REACH who="0" step="1"/><D45/><REACH who="0" ten="230,271,269,220" step="2"/><U78/><E115/><V58/><F47/><W29/><G69/><T38/><D38/><U83/><E114/><V67/><F106/><W6/><G134/><T55/><D55/><U32/><E44/><V84/><F104/><W132/><G132/><T130/><D130/><U30/><E105/><V19/><F65/><W85/><G126/><T88/><D88/><U53/><E91/><V80/><F89/><W111/><G111/><T54/><D54/><U39/><E53/><V14/><F67/><W61/><G101/><T76/><D76/><U75/><E78/><V50/><F79/><W86/><G103/><T0/><D0/><U98/><E39/><V96/><F2/><W123/><G77/><T110/><D110/><U57/><E129/><V35/><F3/><W11/><G123/><T12/><D12/><U93/><E135/><V56/><F13/><N who="3" m="5359" /><G6/><T49/><D49/><U109/><E51/><V116/><F50/><W127/><G127/><T66/><D66/><U33/><E109/><V31/><F7/><W63/><G61/><T72/><D72/><U102/><E75/><V48/><F74/><W122/><G122/><T71/><D71/><U10/><E57/><V9/><F60/><W120/><G120/><T21/><AGARI ba="0,1" hai="16,21,26,40,41,43,92,94,95,97,100,107,112,113" machi="21" ten="40,8000,1" yaku="1,1,0,1,52,1,54,1,53,0" doraHai="18" doraHaiUra="4" who="0" fromWho="0" sc="230,90,271,-40,269,-20,220,-20" /><INIT seed="6,0,0,3,5,31" ten="320,231,249,200" oya="2" hai0="50,49,46,130,15,38,24,18,51,103,57,124,11" hai1="25,4,120,102,119,73,121,101,80,118,109,127,9" hai2="104,17,20,59,76,78,132,28,75,36,81,39,0" hai3="96,55,70,85,44,69,40,86,61,58,37,112,128"/><V83/><F104/><W135/><G128/><T95/><D124/><U41/><E41/><V88/><F0/><W3/><G3/><T32/><D130/><U131/><E131/><V21/><F132/><W47/><G135/><T107/><D107/><U67/><E67/><V22/><F28/><W68/><G112/><T123/><D38/><U13/><E109/><V122/><F122/><N who="1" m="47209" /><E127/><V8/><F59/><W45/><G96/><N who="0" m="59807" /><D32/><U65/><E65/><V43/><F43/><N who="3" m="22639" /><G86/><T6/><D57/><U98/><E25/><V110/><F110/><W90/><G90/><T7/><D123/><U126/><E126/><V125/><F125/><W56/><G85/><T100/><D100/><N who="1" m="38507" /><E98/><V106/><F106/><W114/><G114/><T66/><D66/><U27/><E27/><V26/><F26/><W91/><G91/><T133/><D133/><U14/><E14/><V129/><F129/><W48/><G40/><T113/><D113/><U34/><E34/><V93/><F88/><W30/><G30/><T19/><D46/><U89/><E89/><V94/><F94/><W99/><G99/><T29/><D29/><U54/><E54/><AGARI ba="0,0" hai="45,47,48,54,55,56,58,61,68,69,70" m="22639" machi="54" ten="30,8000,1" yaku="35,5" doraHai="31" who="3" fromWho="1" sc="320,0,231,-80,249,0,200,80" /><INIT seed="7,0,0,3,5,128" ten="320,151,249,280" oya="3" hai0="13,5,70,78,53,118,50,132,112,42,51,23,59" hai1="76,32,33,63,96,103,104,10,122,20,26,88,126" hai2="46,49,74,124,58,28,120,21,83,72,45,3,94" hai3="111,134,79,11,27,135,54,64,14,82,67,95,123"/><W97/><G123/><T130/><D132/><N who="3" m="50729" /><G54/><T85/><D118/><U115/><E126/><V41/><F3/><W24/><G111/><T9/><D70/><U18/><E115/><V60/><F58/><W89/><G27/><T55/><D130/><U75/><E122/><V84/><F94/><W125/><G24/><T31/><D42/><U73/><E73/><V0/><F84/><N who="3" m="48223" /><G125/><T35/><D112/><U87/><E63/><V61/><F124/><W100/><G89/><T77/><D35/><U109/><E109/><V92/><F60/><W69/><G69/><T91/><D53/><U86/><E86/><V99/><F72/><W121/><G121/><T68/><D68/><U44/><E44/><V40/><F45/><W38/><G38/><T90/><D50/><U57/><E57/><V131/><F120/><W15/><G15/><T6/><D91/><U36/><E36/><V8/><F61/><W43/><G43/><T119/><D119/><U93/><REACH who="1" step="1"/><E10/><REACH who="1" ten="320,141,249,280" step="2"/><V34/><F8/><W108/><G108/><T2/><D9/><U62/><E62/><V105/><F46/><W116/><G116/><T48/><D85/><U114/><E114/><V113/><F113/><W106/><G67/><T129/><D129/><U98/><E98/><V47/><F99/><W52/><G64/><T117/><D117/><U71/><E71/><V110/><F131/><W81/><G97/><T17/><D51/><U19/><E19/><V65/><F41/><W107/><G11/><T101/><D48/><U25/><E25/><V16/><F110/><W133/><G133/><T80/><D17/><RYUUKYOKU ba="0,1" sc="320,-10,141,30,249,-10,280,-10" hai1="18,20,26,32,33,75,76,87,88,93,96,103,104" owari="320,42.0,171,-32.9,239,-16.1,270,7.0" /></mjloggm>