<mjloggm ver="2.3"><GO type="169" lobby="0"/><UN n0="%E7%BE%8E%E6%A8%B9%E2%98%86%E3%81%95%E3%82%84%E3%81%8B" n1="%E8%A5%BF%E6%9D%91%E9%9B%84%E4%B8%80%E9%83%8E" n2="%6B%69%79%6F%64%61%69" n3="%E3%81%8F%E3%81%8E%E3%82%85%E3%81%86%E3%81%86%E3%81%86%E3%81%86" dan="16,19,17,18" rate="2156.10,2279.05,2122.93,2250.52" sx="F,M,M,M"/><TAIKYOKU oya="0"/><INIT seed="0,0,0,1,3,74" ten="250,250,250,250" oya="0" hai0="106,25,18,95,67,14,132,31,34,134,113,72,110" hai1="107,54,35,73,96,44,57,93,40,16,123,22,32" hai2="28,98,82,65,75,85,12,7,117,79,70,68,120" hai3="41,13,83,115,66,105,77,80,104,51,26,76,133"/><T39/><D106/><U103/><E123/><V121/><F117/><W49/><G115/><T15/><D113/><U90/><E73/><V131/><F131/><W118/><G118/><T46/><D110/><U125/><E125/><V81/><F28/><W1/><G1/><T38/><D72/><U91/><E44/><V24/><F24/><W63/><G133/><N who="0" m="51307" /><D67/><U108/><E40/><V102/><F7/><W101/><G13/><N who="0" m="4619" /><D18/><U45/><E45/><V61/><F12/><W122/><G122/><T8/><D8/><U114/><E108/><V99/><F99/><W128/><G128/><T50/><D95/><U4/><E4/><V33/><F33/><W47/><G49/><T9/><D9/><U20/><E20/><V29/><F29/><W111/><G111/><T64/><D64/><U23/><E23/><V19/><F19/><W100/><G26/><T78/><D78/><N who="3" m="30313" /><G105/><T88/><D88/><U42/><E90/><V129/><F129/><W5/><G104/><T30/><D30/><U59/><E114/><V109/><F109/><W58/><G5/><T53/><AGARI ba="0,0" hai="25,31,34,38,39,46,50,53" m="4619,51307" machi="53" ten="30,1500,0" yaku="20,1" doraHai="74" who="0" fromWho="0" sc="250,15,250,-5,250,-5,250,-5" /><INIT seed="0,1,0,4,3,131" ten="265,245,245,245" oya="0" hai0="54,91,100,64,5,109,23,95,110,21,37,108,43" hai1="44,85,88,69,102,51,25,22,113,98,132,61,133" hai2="2,47,74,56,46,71,14,36,18,126,89,92,24" hai3="135,13,15,42,125,62,38,129,40,10,81,114,4"/><T107/><D64/><U59/><E69/><V53/><F71/><W17/><G114/><T99/><D5/><U73/><E73/><V122/><F74/><W16/><G129/><T86/><REACH who="0" step="1"/><D54/><REACH who="0" ten="255,245,245,245" step="2"/><U104/><E113/><V1/><F53/><W32/><G4/><T6/><D6/><U28/><E61/><V83/><F1/><W72/><G125/><T67/><D67/><U27/><E59/><V48/><F2/><W130/><G130/><T93/><D93/><U3/><E3/><V80/><F92/><W116/><G116/><T117/><D117/><U128/><E128/><V119/><F56/><W35/><G40/><T124/><D124/><U101/><E101/><V76/><F126/><W112/><G112/><T118/><D118/><U111/><E111/><V84/><F119/><W34/><G62/><T26/><D26/><U49/><E25/><V55/><F24/><W105/><G105/><T29/><D29/><U120/><E120/><V103/><F103/><W94/><G94/><T75/><D75/><U39/><E39/><V19/><F36/><W50/><G38/><T33/><D33/><U77/><E77/><V115/><F115/><W63/><G63/><T65/><D65/><U87/><E88/><V121/><F89/><W20/><G72/><T60/><D60/><U7/><E7/><V41/><F76/><W127/><G127/><T66/><D66/><U79/><E79/><V97/><F55/><W96/><G34/><T31/><D31/><U90/><E90/><V0/><F0/><W134/><G32/><T9/><D9/><U123/><E28/><RYUUKYOKU ba="1,1" sc="255,30,245,-10,245,-10,245,-10" hai0="21,23,37,43,86,91,95,99,100,107,108,109,110" /><INIT seed="0,2,1,4,3,85" ten="285,235,235,235" oya="0" hai0="79,77,19,20,51,75,1,103,21,52,128,78,132" hai1="61,16,98,38,88,62,34,101,15,74,56,84,68" hai2="3,64,65,121,80,126,63,86,18,26,122,22,54" hai3="92,81,9,12,95,108,6,106,53,89,120,37,55"/><T42/><D132/><U49/><E38/><V127/><F3/><W134/><G106/><T10/><D128/><U82/><E34/><V109/><F109/><W135/><G37/><T59/><D42/><U7/><E7/><V67/><F63/><W29/><G108/><T46/><D75/><U114/><E74/><V24/><F54/><N who="3" m="20491" /><G29/><T94/><D46/><U35/><E35/><V60/><F60/><N who="1" m="23145" /><E68/><V133/><F24/><W58/><G58/><T57/><D57/><U76/><E114/><V23/><F23/><W124/><G124/><N who="2" m="47657" /><F133/><N who="3" m="50699" /><G120/><T71/><D71/><U5/><E5/><V40/><F40/><W36/><G36/><T43/><D43/><U97/><E101/><V11/><F11/><W41/><G41/><T32/><D32/><U105/><E105/><V110/><F110/><W96/><G96/><N who="1" m="36970" /><E56/><V87/><F87/><AGARI ba="2,1" hai="6,9,12,81,87,89,92,95" m="50699,20491" machi="87" ten="30,2000,0" yaku="20,1,52,1" doraHai="85" who="3" fromWho="2" sc="285,0,235,0,235,-26,235,36" /><INIT seed="1,0,0,0,2,115" ten="285,235,209,271" oya="1" hai0="118,67,18,71,135,33,110,83,69,29,1,22,66" hai1="13,49,36,73,105,90,70,63,30,46,14,120,10" hai2="107,43,125,114,106,4,59,87,134,15,92,0,100" hai3="126,121,54,52,42,109,6,28,130,99,44,53,98"/><U117/><E120/><V11/><F125/><W95/><G121/><T101/><D110/><U16/><E105/><V21/><F134/><W131/><G109/><T68/><D1/><U79/><E36/><V27/><F114/><W65/><G126/><T35/><D135/><U5/><E30/><V89/><F43/><W62/><G6/><T9/><D101/><U75/><E79/><V108/><F108/><W74/><G74/><T41/><D41/><U104/><E104/><V81/><F0/><W129/><G28/><T39/><D39/><U82/><E117/><V51/><F100/><W17/><G17/><T40/><D40/><U25/><E25/><V32/><F32/><W45/><G95/><T127/><D118/><U8/><E63/><V24/><F24/><W23/><G23/><T72/><D9/><U124/><E70/><V58/><F58/><W38/><REACH who="3" step="1"/><G44/><REACH who="3" ten="285,235,209,261" step="2"/><T103/><D29/><U78/><E124/><V77/><F107/><W56/><AGARI ba="0,1" hai="38,42,45,52,53,54,56,62,65,98,99,129,130,131" machi="56" ten="40,8000,1" yaku="1,1,2,1,0,1,19,1,54,1,53,0" doraHai="115" doraHaiUra="91" who="3" fromWho="3" sc="285,-20,235,-40,209,-20,261,90" /><INIT seed="2,0,0,3,0,43" ten="265,195,189,351" oya="2" hai0="93,0,84,25,47,69,119,110,80,36,12,23,16" hai1="24,56,121,31,114,108,81,5,101,61,89,21,38" hai2="22,96,113,34,52,57,127,32,92,28,135,44,77" hai3="60,2,134,13,100,90,35,87,85,67,70,117,79"/><V27/><F113/><W40/><G117/><T94/><D110/><U3/><E108/><V19/><F127/><W7/><G2/><T1/><D69/><U74/><E114/><V14/><F135/><W64/><G35/><T62/><D119/><U124/><E124/><V111/><F77/><W120/><G120/><T130/><D130/><U73/><E38/><V88/><F111/><W76/><G100/><T103/><D62/><U15/><E3/><V115/><F115/><W10/><G134/><T83/><D0/><U54/><E101/><V107/><F107/><W118/><G118/><T132/><D1/><U112/><E121/><V128/><F128/><W78/><G64/><T58/><D58/><U129/><E112/><V125/><F125/><W122/><G122/><T59/><D59/><U98/><E129/><V37/><F37/><W8/><G8/><T82/><D103/><U63/><E63/><V68/><F68/><W20/><G20/><T106/><D84/><N who="1" m="50319" /><E98/><V66/><F66/><W53/><G40/><T65/><D65/><U46/><E46/><V4/><F4/><W29/><G29/><N who="0" m="17599" /><D106/><U97/><E97/><V72/><F72/><W133/><G133/><T86/><D86/><U91/><E91/><V48/><F57/><W55/><G87/><T11/><D132/><U131/><E131/><V39/><F39/><W6/><G6/><T17/><D17/><N who="1" m="10431" /><E5/><V42/><F42/><W41/><G41/><T51/><D36/><U30/><E30/><V123/><F123/><W33/><G33/><AGARI ba="0,0" hai="14,19,22,27,28,32,33,34,44,48,52,88,92,96" machi="33" ten="30,11600,0" yaku="7,1,52,1,54,2" doraHai="43" who="2" fromWho="3" sc="265,0,195,0,189,116,351,-116" /><INIT seed="2,1,0,1,0,74" ten="265,195,305,235" oya="2" hai0="127,55,85,89,35,94,3,75,56,2,133,28,47" hai1="48,9,83,17,135,128,20,106,52,113,53,119,72" hai2="25,44,39,104,40,80,111,129,95,90,42,34,54" hai3="67,108,49,27,23,115,46,84,73,78,91,22,36"/><V102/><F129/><W118/><G118/><T65/><D133/><U64/><E113/><V71/><F71/><W131/><G115/><T76/><D127/><U68/><E119/><V117/><F117/><W114/><G114/><T60/><D35/><U43/><E106/><V101/><F104/><W7/><G131/><T132/><D28/><U107/><E107/><V86/><F42/><W14/><G36/><T125/><D132/><U37/><E128/><V15/><F111/><W81/><G67/><T31/><D31/><U1/><E37/><V18/><F25/><W26/><G108/><T79/><D75/><U63/><E135/><V123/><F123/><W97/><G97/><T24/><D24/><U29/><E29/><V13/><F13/><W130/><G130/><T19/><D125/><U58/><E43/><V134/><F34/><W105/><G105/><T116/><D116/><U51/><E9/><V4/><F4/><W12/><G23/><T57/><D47/><U112/><E1/><V41/><F41/><W88/><G14/><T32/><D32/><U109/><E112/><V5/><F5/><W8/><G22/><T45/><D45/><N who="1" m="27663" /><E109/><V122/><F122/><W61/><G61/><N who="0" m="35999" /><D2/><U66/><E64/><V10/><F54/><N who="3" m="30007" /><G73/><T16/><D3/><U98/><E98/><N who="2" m="57719" /><F134/><W50/><G50/><T77/><AGARI ba="1,0" hai="16,19,57,60,65,76,77,79,85,89,94" m="35999" machi="77" ten="30,8000,1" yaku="8,1,52,3,54,1" doraHai="74" who="0" fromWho="0" sc="265,83,195,-21,305,-41,235,-21" /><INIT seed="3,0,0,5,0,59" ten="348,174,264,214" oya="3" hai0="51,41,10,1,36,99,94,70,126,15,78,111,74" hai1="85,31,44,23,58,114,4,71,80,64,96,47,93" hai2="57,106,116,69,45,42,110,75,113,129,37,2,46" hai3="102,53,9,28,86,132,18,68,77,127,20,67,73"/><W72/><G132/><T123/><D123/><U48/><E114/><V90/><RYUUKYOKU type="yao9" ba="0,0" sc="348,0,174,0,264,0,214,0" hai2="2,37,42,45,46,57,69,75,90,106,110,113,116,129" /><INIT seed="3,1,0,4,4,30" ten="348,174,264,214" oya="3" hai0="116,91,82,118,112,20,40,50,36,38,69,109,84" hai1="47,130,59,119,87,60,128,28,81,61,110,126,96" hai2="31,132,74,32,3,71,70,5,57,18,77,2,123" hai3="62,64,68,98,86,41,16,90,83,7,93,15,67"/><W125/><G125/><T19/><D109/><U103/><E110/><V44/><F57/><W117/><G117/><T23/><D69/><U37/><E126/><V55/><F55/><W72/><G72/><T58/><D112/><U63/><E119/><V134/><F18/><W102/><G41/><T66/><D23/><U26/><E59/><V113/><F44/><W56/><G7/><T121/><D121/><U12/><E12/><V49/><F49/><W45/><G45/><T0/><D0/><U79/><E37/><V73/><F113/><W25/><G25/><T75/><D118/><U106/><REACH who="1" step="1"/><E47/><REACH who="1" ten="348,164,264,214" step="2"/><V133/><F71/><W4/><G68/><T76/><D58/><U22/><AGARI ba="1,1" hai="22,26,28,60,61,63,79,81,87,96,103,106,128,130" machi="22" ten="30,4000,0" yaku="1,1,2,1,0,1,53,0" doraHai="30" doraHaiUra="88" who="1" fromWho="1" sc="348,-11,164,53,264,-11,214,-21" /><INIT seed="4,0,0,0,5,53" ten="337,217,253,193" oya="0" hai0="115,7,97,32,62,74,69,101,131,34,16,47,132" hai1="40,76,2,10,89,92,121,99,112,25,66,67,3" hai2="90,133,102,64,43,104,35,30,29,95,65,94,114" hai3="37,134,11,73,15,6,71,61,22,116,19,135,82"/><T130/><D115/><U108/><E121/><V124/><F104/><W70/><G37/><T77/><D132/><U9/><E108/><V129/><F35/><W98/><G116/><T75/><D7/><U39/><E112/><V63/><F43/><W45/><G45/><T50/><D69/><U44/><E76/><V1/><F1/><W54/><G98/><T72/><D77/><U13/><E25/><V111/><F124/><W107/><G107/><T106/><D62/><U59/><E9/><V55/><F55/><W8/><G73/><T51/><D16/><U49/><E67/><V126/><F126/><W86/><G8/><T41/><REACH who="0" step="1"/><D50/><REACH who="0" ten="327,217,253,193" step="2"/><U26/><E49/><V5/><F63/><W78/><G135/><T123/><D123/><U81/><E10/><V125/><F5/><W17/><G134/><T113/><D113/><U57/><E2/><V36/><F133/><W91/><G17/><T122/><D122/><U24/><E3/><V79/><F125/><W80/><G6/><T46/><D46/><U120/><E120/><V52/><F79/><W84/><G11/><T118/><D118/><U110/><E13/><V128/><F114/><W60/><G60/><T85/><D85/><U42/><E44/><V38/><F38/><W87/><G87/><T28/><D28/><U117/><E39/><V31/><F36/><W27/><G15/><T88/><D88/><U56/><E117/><V23/><F31/><W83/><G83/><T33/><AGARI ba="0,1" hai="32,33,34,41,47,51,72,74,75,97,101,106,130,131" machi="33" ten="40,3900,0" yaku="1,1,0,1,53,0" doraHai="53" doraHaiUra="109" who="0" fromWho="0" sc="327,49,217,-13,253,-13,193,-13" /><INIT seed="4,1,0,4,1,15" ten="376,204,240,180" oya="0" hai0="33,111,127,44,31,114,25,7,1,107,8,51,18" hai1="9,94,118,37,75,34,106,36,52,95,69,122,60" hai2="68,56,0,135,21,131,28,30,23,57,116,93,67" hai3="48,6,45,47,66,53,101,99,22,13,27,112,72"/><T83/><D114/><U86/><E122/><V96/><F0/><W126/><G112/><T35/><D127/><U39/><E75/><V17/><F68/><W54/><G72/><T74/><D107/><U42/><E118/><V80/><F131/><W2/><G126/><T85/><D74/><U14/><E34/><V49/><F135/><W63/><G2/><T98/><D98/><U133/><E106/><V103/><F80/><W12/><G6/><T11/><D111/><U3/><E3/><V100/><F100/><W132/><G132/><T38/><D38/><U77/><E42/><V73/><F73/><W134/><G134/><T117/><D117/><U119/><E119/><V92/><F92/><W58/><G53/><T61/><D61/><U20/><E20/><V32/><F32/><W97/><G47/><T55/><D31/><U16/><E133/><V24/><F30/><W10/><G10/><T79/><REACH who="0" step="1"/><D11/><REACH who="0" ten="366,204,240,180" step="2"/><U89/><E69/><V43/><F116/><W50/><G99/><T78/><D78/><U120/><E77/><V105/><F105/><W64/><G97/><T59/><D59/><U109/><E109/><V115/><F115/><W125/><G125/><T84/><D84/><U102/><E102/><V4/><F57/><W62/><G101/><T130/><D130/><U81/><E120/><V88/><F103/><W110/><G110/><T113/><D113/><U41/><E36/><V91/><F91/><W123/><G123/><T128/><D128/><U70/><E70/><V108/><F108/><W26/><G58/><T104/><D104/><U19/><E89/><RYUUKYOKU ba="1,1" sc="366,30,204,-10,240,-10,180,-10" hai0="1,7,8,18,25,33,35,44,51,55,79,83,85" /><INIT seed="4,2,1,1,0,54" ten="396,194,230,170" oya="0" hai0="58,68,50,10,84,63,2,102,38,135,80,5,70" hai1="32,101,7,103,105,98,39,97,45,95,66,23,108" hai2="119,87,16,29,89,1,48,34,111,35,124,65,100" hai3="15,51,91,59,117,85,60,64,40,61,21,125,13"/><T18/><D38/><U74/><E108/><V12/><F1/><W92/><G117/><T56/><D135/><U104/><E32/><V112/><F111/><W132/><G132/><T26/><D102/><U113/><E74/><V0/><F0/><W8/><G125/><T78/><D50/><U90/><E113/><V3/><F3/><W33/><G33/><T127/><D127/><U99/><E7/><V123/><F123/><W25/><G8/><T49/><D49/><U20/><REACH who="1" step="1"/><E66/><REACH who="1" ten="396,184,230,170" step="2"/><V47/><F34/><W109/><G109/><T42/><D5/><U9/><E9/><V62/><F35/><W72/><G72/><T129/><D10/><U86/><E86/><V41/><F112/><W17/><REACH who="3" step="1"/><G60/><REACH who="3" ten="396,184,230,160" step="2"/><T81/><D63/><U82/><E82/><V94/><F62/><W4/><G4/><T43/><D81/><U106/><E106/><V93/><F124/><W71/><G71/><T107/><D80/><U22/><E22/><V128/><F119/><W130/><G130/><T77/><D107/><U79/><E79/><V73/><F128/><W67/><G67/><T126/><D129/><U37/><E37/><V19/><F65/><W52/><G52/><T46/><D78/><U75/><E75/><V83/><F73/><W133/><G133/><T28/><D77/><U14/><E14/><V76/><F12/><W116/><G116/><T27/><D2/><U96/><E96/><N who="2" m="59407" /><F76/><W118/><G118/><T122/><D70/><U6/><E6/><V55/><F83/><W69/><G69/><T110/><D68/><U115/><E115/><V134/><F55/><RYUUKYOKU ba="2,3" sc="396,-15,184,15,230,-15,160,15" hai1="20,23,39,45,90,95,97,98,99,101,103,104,105" hai3="13,15,17,21,25,40,51,59,61,64,85,91,92" /><INIT seed="5,3,3,4,5,111" ten="381,199,215,175" oya="1" hai0="107,88,116,24,79,20,89,68,121,128,78,100,135" hai1="112,43,123,62,91,9,4,8,22,47,44,55,19" hai2="118,65,90,110,48,64,33,30,32,125,67,57,73" hai3="46,98,50,66,38,74,94,2,108,36,106,37,82"/><U52/><E123/><V0/><F73/><W13/><G2/><T41/><D116/><U131/><E131/><V133/><F0/><W92/><G108/><T28/><D68/><U54/><E112/><V102/><F102/><W72/><G66/><T85/><D135/><U42/><E62/><V27/><F118/><W53/><G106/><T3/><D3/><U84/><E4/><V14/><F110/><W39/><N who="3" m="9216" /><DORA hai="49" /><W126/><G126/><T1/><D1/><U75/><E75/><V97/><F14/><W12/><G92/><T76/><D41/><N who="1" m="15371" /><E44/><V29/><F133/><W114/><G114/><T103/><D128/><U87/><E47/><V59/><F48/><W119/><G119/><T124/><D124/><U115/><E115/><V45/><F45/><W61/><G61/><T7/><D7/><U17/><E87/><V109/><F109/><W5/><G5/><T31/><D107/><U77/><E77/><V6/><F6/><W81/><G74/><T134/><D121/><U35/><E35/><V70/><F70/><W26/><G26/><T18/><D85/><U86/><E86/><V96/><F125/><W51/><G51/><T40/><D40/><U15/><E17/><V117/><F117/><W10/><G72/><T80/><D134/><U101/><E101/><V69/><F69/><W21/><G10/><T130/><D103/><U11/><E8/><V95/><F97/><W122/><G122/><T113/><D100/><U93/><AGARI ba="3,3" hai="9,11,15,19,22,52,54,55,84,91,93" m="15371" machi="93" ten="30,12000,1" yaku="8,1,52,3,54,1" doraHai="111,49" who="1" fromWho="1" sc="381,-43,199,159,215,-43,175,-43" /><INIT seed="5,4,0,3,2,75" ten="338,358,172,132" oya="1" hai0="67,94,8,78,51,26,19,130,3,108,65,125,131" hai1="15,87,85,49,128,132,44,91,48,57,99,107,14" hai2="22,61,28,1,126,83,97,112,74,43,72,6,50" hai3="66,23,42,38,41,77,54,53,64,25,52,133,35"/><U93/><E128/><N who="0" m="49193" /><D108/><U24/><E132/><V17/><F28/><W124/><G35/><T34/><D125/><U116/><E116/><V69/><F126/><W21/><G124/><T71/><D71/><U63/><E48/><V37/><F37/><W10/><G133/><T114/><D114/><U0/><E0/><V36/><F36/><W73/><G10/><T103/><D51/><U82/><E87/><V120/><F120/><W104/><G104/><T68/><D68/><U62/><E24/><V70/><F6/><W92/><G92/><T127/><D127/><U101/><E107/><V20/><F1/><W118/><G118/><T31/><D78/><U110/><E110/><V129/><F69/><W40/><G38/><T109/><D109/><U96/><E99/><V86/><F97/><W105/><G105/><T2/><D2/><U59/><E62/><V16/><F61/><W80/><REACH who="3" step="1"/><G21/><REACH who="3" ten="338,358,172,122" step="2"/><T135/><D135/><U7/><E7/><V95/><F129/><W27/><G27/><T100/><D94/><U119/><E119/><V46/><F95/><W47/><G47/><T121/><D121/><U106/><E106/><V102/><F112/><W30/><AGARI ba="4,1" hai="23,25,30,40,41,42,52,53,54,64,66,73,77,80" machi="30" ten="30,7900,0" yaku="1,1,0,1,52,1,54,1,53,0" doraHai="75" doraHaiUra="32" who="3" fromWho="3" sc="338,-24,358,-43,172,-24,122,101" /><INIT seed="6,0,0,3,3,98" ten="314,315,148,223" oya="2" hai0="69,68,125,112,49,105,25,80,103,114,124,117,88" hai1="106,26,34,66,23,19,96,122,65,102,73,86,27" hai2="129,35,60,100,32,21,9,36,55,82,59,110,28" hai3="104,1,40,22,83,126,48,0,13,99,93,11,54"/><V120/><F120/><W67/><G104/><T45/><D117/><U116/><E73/><V56/><F36/><W41/><G67/><T42/><D25/><U101/><E116/><V31/><F110/><W4/><G126/><N who="0" m="48747" /><D105/><U17/><E122/><V15/><F129/><W52/><G54/><T43/><D103/><N who="1" m="39435" /><E34/><V128/><F128/><W12/><G83/><T46/><D80/><U74/><E96/><V127/><F127/><W87/><G87/><T97/><D97/><U115/><E74/><V85/><F100/><N who="3" m="60527" /><G0/><T47/><D88/><U53/><E115/><N who="0" m="44073" /><D46/><U76/><E106/><V8/><F35/><W90/><G90/><T37/><AGARI ba="0,0" hai="37,42,43,45,47,49,68,69" m="44073,48747" machi="37" ten="30,7900,0" yaku="18,1,15,1,34,2" doraHai="98" who="0" fromWho="0" sc="314,79,315,-20,148,-39,223,-20" /><INIT seed="7,0,0,2,4,62" ten="393,295,109,203" oya="3" hai0="128,49,40,38,125,81,20,14,107,61,74,19,97" hai1="78,113,96,126,4,119,54,5,35,57,102,82,134" hai2="1,105,60,104,0,8,80,13,66,25,28,112,56" hai3="115,43,93,124,123,65,2,30,84,36,77,135,27"/><W42/><G123/><T94/><D128/><U133/><E35/><V12/><F112/><W117/><G2/><T39/><D107/><U120/><E113/><V99/><F0/><W75/><G115/><T101/><D125/><U44/><E44/><V48/><F1/><W6/><G6/><T26/><D61/><N who="1" m="36023" /><E119/><V71/><F80/><W63/><G135/><N who="1" m="51722" /><E126/><V24/><F24/><W32/><G117/><T106/><D106/><N who="1" m="63815" /><E120/><V10/><F99/><W31/><G31/><T98/><D98/><U109/><E109/><V110/><F110/><W79/><G124/><T23/><D49/><U50/><E50/><V76/><F76/><W73/><G36/><T89/><D40/><U22/><E22/><V70/><F70/><W29/><G29/><T17/><D74/><AGARI ba="0,0" hai="4,5,74,78,82" m="63815,51722,36023" machi="74" ten="30,1000,0" yaku="20,1" doraHai="62" who="1" fromWho="0" sc="393,-10,295,10,109,0,203,0" owari="383,48.3,305,10.5,109,-39.1,203,-19.7" /></mjloggm>