<mjloggm ver="2.3"><GO type="169" lobby="0"/><UN n0="%6B%69%72%61%72%69%79%75" n1="%E7%AD%89%E3%80%85%E5%8A%9B%E5%8A%87%E5%A0%B4" n2="%E7%88%86%E7%89%8C%E3%82%A6%E3%82%B7%E3%82%B8%E3%83%9E%E3%81%8F%E3%82%93" n3="%54%72%69%6F%73%64%61%64" dan="16,16,19,16" rate="2106.66,2164.59,2252.64,2089.50" sx="M,M,M,M"/><TAIKYOKU oya="0"/><INIT seed="0,0,0,3,5,90" ten="250,250,250,250" oya="0" hai0="118,88,126,28,35,29,106,12,54,45,133,91,114" hai1="2,46,89,17,49,108,127,37,79,109,52,11,58" hai2="5,115,119,60,117,98,62,110,80,31,4,65,51" hai3="135,113,30,76,57,105,25,94,97,48,104,42,87"/><T107/><D114/><U111/><E127/><V86/><F115/><W72/><G113/><T81/><D118/><N who="2" m="45066" /><F31/><W101/><G135/><T7/><D126/><U27/><E79/><N who="2" m="46367" /><F110/><W39/><G39/><T103/><D133/><U84/><E27/><V112/><F112/><W123/><G123/><T1/><D1/><U53/><E37/><V15/><F62/><W78/><G72/><T77/><D28/><U129/><E129/><V0/><F0/><W21/><G76/><T44/><D29/><U125/><E125/><V26/><F26/><W68/><G68/><T100/><D35/><U132/><E132/><V61/><F61/><W56/><G78/><T14/><D77/><U122/><E122/><V33/><F33/><W3/><G3/><T20/><D81/><U10/><E17/><V23/><F51/><W73/><G73/><T64/><D54/><U128/><E128/><V70/><F98/><W18/><G18/><AGARI ba="0,0" hai="4,5,15,18,23,60,65,70" m="46367,45066" machi="18" ten="30,1000,0" yaku="12,1" doraHai="90" who="2" fromWho="3" sc="250,0,250,0,250,10,250,-10" /><INIT seed="1,0,0,5,2,126" ten="250,250,260,240" oya="1" hai0="16,71,17,35,42,121,84,112,120,88,132,49,63" hai1="76,54,51,96,105,115,0,7,6,29,13,77,30" hai2="73,46,20,65,36,102,101,9,90,79,89,38,103" hai3="58,114,33,109,14,130,39,92,28,61,95,116,128"/><U37/><E115/><V26/><F65/><N who="3" m="39095" /><G114/><T60/><D112/><U64/><E37/><V110/><F110/><W47/><G109/><T127/><D35/><U125/><E0/><V67/><F67/><W72/><G72/><T99/><D127/><U24/><E125/><V27/><F9/><W50/><G39/><T123/><D99/><U78/><E64/><V68/><F68/><W32/><G116/><T10/><D132/><U2/><E2/><V52/><F79/><W97/><G14/><N who="0" m="7255" /><D17/><U15/><E105/><V22/><F101/><N who="3" m="60583" /><G95/><N who="0" m="54663" /><D71/><U100/><E100/><V111/><F111/><W66/><G28/><T21/><D21/><N who="1" m="15503" /><E96/><V70/><F70/><W12/><G12/><N who="1" m="4682" /><E30/><V3/><F3/><W133/><G133/><T56/><D42/><U45/><AGARI ba="0,0" hai="6,7,45,51,54,76,77,78" m="4682,15503" machi="45" ten="30,1500,0" yaku="8,1" doraHai="126" who="1" fromWho="1" sc="250,-5,250,15,260,-5,240,-5" /><INIT seed="1,1,0,2,5,11" ten="245,265,255,235" oya="1" hai0="43,111,67,18,101,97,72,35,14,29,34,21,51" hai1="112,119,49,109,114,106,90,86,75,5,6,2,94" hai2="55,77,39,28,89,76,19,27,44,24,71,124,84" hai3="40,33,4,69,74,91,79,61,25,123,83,108,113"/><U60/><E119/><V56/><F124/><W54/><G123/><T96/><D111/><U62/><E106/><V99/><F71/><W70/><G108/><T117/><D72/><U1/><E109/><V102/><F39/><W88/><G113/><T3/><D3/><U126/><E75/><V15/><F44/><W45/><G4/><T93/><D117/><U125/><E49/><V118/><F118/><W63/><G70/><T120/><D120/><U7/><E1/><V105/><F27/><W37/><G63/><N who="1" m="24106" /><E2/><V57/><F57/><W8/><G8/><T12/><D35/><U127/><AGARI ba="1,0" hai="5,6,7,86,90,94,112,114,125,126,127" m="24106" machi="127" ten="40,2100,0" yaku="18,1" doraHai="11" who="1" fromWho="1" sc="245,-8,265,24,255,-8,235,-8" /><INIT seed="1,2,0,0,0,123" ten="237,289,247,227" oya="1" hai0="58,133,103,94,108,131,28,48,110,80,88,71,100" hai1="78,47,68,43,85,9,60,52,30,105,34,0,3" hai2="36,81,117,127,4,93,14,76,112,126,102,92,37" hai3="57,29,84,10,38,115,12,5,8,6,122,118,18"/><U40/><E105/><V135/><F117/><W54/><G122/><T51/><D71/><U25/><E43/><V101/><F14/><W90/><G115/><T22/><D133/><U83/><E9/><V7/><F81/><W45/><G118/><T87/><D131/><U77/><E78/><V107/><F76/><W23/><G38/><N who="2" m="14953" /><F107/><W98/><G98/><T13/><D58/><U63/><E40/><V66/><F66/><W128/><G128/><T19/><D28/><U62/><REACH who="1" step="1"/><E68/><REACH who="1" ten="237,279,247,227" step="2"/><V130/><F130/><W32/><G8/><T1/><D1/><U97/><E97/><V49/><F112/><W132/><G132/><T109/><D103/><U27/><E27/><V42/><F135/><W41/><G41/><T69/><D69/><U116/><E116/><V26/><F26/><W44/><G5/><T17/><D17/><U61/><N who="1" m="15360" /><DORA hai="119" /><U95/><E95/><V70/><F93/><N who="3" m="54471" /><G29/><T106/><D106/><U56/><E56/><V79/><F70/><W20/><G10/><T114/><D114/><U64/><E64/><V91/><F7/><W55/><G6/><T73/><D100/><U99/><E99/><V86/><F4/><W46/><G57/><T2/><D2/><U39/><E39/><V121/><F79/><AGARI ba="2,1" hai="13,19,22,48,51,73,79,80,87,88,94,108,109,110" machi="79" ten="40,8000,1" yaku="14,1,52,3,54,1" doraHai="123,119" who="0" fromWho="2" sc="237,96,279,0,247,-86,227,0" /><INIT seed="2,0,0,3,1,86" ten="333,279,161,227" oya="2" hai0="48,110,0,45,59,56,43,73,93,66,69,55,87" hai1="117,99,1,50,30,123,75,9,125,113,2,21,62" hai2="4,35,77,10,112,64,58,49,32,106,54,94,90" hai3="31,20,122,39,25,44,41,53,60,76,37,27,115"/><V114/><F106/><W16/><G122/><T74/><D0/><U5/><E113/><V51/><F77/><W38/><G115/><T128/><D110/><U17/><E117/><V84/><F64/><W19/><G76/><T70/><D128/><U111/><E75/><V65/><F114/><W104/><G104/><T79/><D73/><U82/><E111/><V46/><F112/><W92/><G19/><T12/><D74/><U107/><E125/><V68/><F68/><W23/><REACH who="3" step="1"/><G92/><REACH who="3" ten="333,279,161,217" step="2"/><T103/><D93/><U15/><E17/><V121/><F121/><W6/><G6/><T28/><D79/><U71/><E5/><V14/><REACH who="2" step="1"/><F65/><REACH who="2" ten="333,279,151,217" step="2"/><W13/><G13/><T101/><D12/><U33/><E15/><V11/><F11/><W116/><G116/><T34/><D66/><U47/><E9/><V40/><AGARI ba="0,2" hai="4,10,14,32,35,40,46,49,51,54,58,84,90,94" machi="40" ten="20,7800,0" yaku="1,1,0,1,7,1,52,1,53,0" doraHai="86" doraHaiUra="63" who="2" fromWho="2" sc="333,-26,279,-26,151,98,217,-26" /><INIT seed="2,1,0,2,5,102" ten="307,253,249,191" oya="2" hai0="39,66,84,91,3,6,133,117,49,118,4,30,53" hai1="38,97,104,61,7,128,11,0,121,42,82,40,85" hai2="62,67,80,92,114,116,2,88,123,90,124,119,19" hai3="127,10,64,52,58,132,37,94,135,47,112,93,113"/><V70/><F114/><N who="3" m="44139" /><G10/><T26/><D39/><U9/><E128/><V87/><F123/><W107/><G107/><T68/><D133/><N who="3" m="51273" /><G64/><T65/><D3/><U45/><E121/><V22/><F124/><W126/><G93/><T17/><D17/><U129/><E129/><V101/><F101/><W8/><G8/><T33/><D65/><U115/><E115/><V75/><F2/><W72/><G94/><N who="0" m="54631" /><D66/><U43/><E11/><V99/><REACH who="2" step="1"/><F75/><REACH who="2" ten="307,253,239,191" step="2"/><W56/><G72/><T86/><D118/><U125/><E125/><N who="3" m="47626" /><G37/><T18/><D117/><U55/><E38/><V69/><F69/><W78/><G78/><T63/><D68/><U130/><E130/><V122/><F122/><W23/><G23/><T28/><D33/><U108/><E9/><V76/><F76/><W134/><G134/><T131/><D131/><U73/><E73/><V24/><AGARI ba="1,1" hai="19,22,24,62,67,70,80,87,88,90,92,99,116,119" machi="24" ten="20,7800,0" yaku="1,1,0,1,7,1,54,1,53,0" doraHai="102" doraHaiUra="25" who="2" fromWho="2" sc="307,-27,253,-27,239,91,191,-27" /><INIT seed="2,2,0,4,0,73" ten="280,226,330,164" oya="2" hai0="94,129,6,120,48,32,96,81,0,87,118,39,97" hai1="54,36,44,38,24,82,121,91,41,69,68,64,58" hai2="11,131,30,37,90,126,111,19,84,45,47,83,106" hai3="56,26,116,115,43,80,59,135,18,61,5,124,89"/><V53/><F106/><W105/><G116/><T22/><D39/><U75/><E121/><V50/><F126/><W27/><G124/><T79/><D32/><U74/><E36/><V70/><F70/><W123/><G123/><T34/><D34/><U35/><E75/><V114/><F114/><W132/><G105/><T102/><D120/><U55/><E55/><V113/><F113/><W71/><G43/><T51/><D129/><U14/><E64/><V46/><F131/><W57/><G115/><T92/><D118/><U42/><E42/><V3/><F111/><W77/><G89/><T17/><D6/><U7/><E35/><V52/><F37/><W76/><G5/><T108/><D0/><U85/><E74/><V33/><F3/><W8/><G80/><T78/><D78/><N who="3" m="30313" /><G8/><T29/><D29/><U130/><E130/><V122/><F122/><W10/><G10/><T62/><D62/><U31/><E7/><V109/><F30/><W93/><G93/><T15/><REACH who="0" step="1"/><D108/><REACH who="0" ten="270,226,330,164" step="2"/><U21/><E31/><V119/><F109/><W72/><G18/><T88/><AGARI ba="2,1" hai="15,17,22,48,51,79,81,87,88,92,94,96,97,102" machi="88" ten="20,12000,2" yaku="1,1,2,1,0,1,7,1,8,1,52,1,54,1,53,0" doraHai="73" doraHaiUra="103" who="0" fromWho="0" sc="270,136,226,-32,330,-62,164,-32" /><INIT seed="3,0,0,3,0,99" ten="406,194,268,132" oya="3" hai0="71,62,123,55,88,68,48,10,81,79,125,77,57" hai1="100,91,23,131,4,15,13,75,20,43,82,17,33" hai2="31,36,24,22,9,5,25,7,45,106,102,61,0" hai3="8,116,21,87,26,46,121,119,135,130,30,52,44"/><W38/><G121/><T70/><D123/><U16/><E33/><V133/><F133/><W128/><G135/><T2/><D125/><U124/><E131/><N who="3" m="50218" /><G87/><T37/><D37/><U51/><E124/><V3/><F61/><W114/><G114/><T80/><D2/><U134/><E134/><V27/><F36/><W53/><G8/><T94/><D10/><U66/><E4/><V84/><F45/><N who="3" m="17515" /><G38/><T132/><D48/><U35/><E51/><V104/><F84/><W58/><G53/><T29/><D29/><U47/><E75/><V65/><F65/><W113/><G113/><T97/><REACH who="0" step="1"/><D132/><REACH who="0" ten="396,194,268,132" step="2"/><U42/><E42/><V6/><F9/><W92/><G92/><T122/><D122/><U120/><E43/><V12/><F106/><W11/><G11/><T40/><D40/><U72/><E120/><V56/><F104/><W93/><G93/><T28/><D28/><U115/><E115/><V14/><F31/><W85/><G85/><T74/><D74/><U86/><E72/><V78/><F7/><W90/><G90/><T18/><D18/><U49/><E16/><V32/><F6/><W127/><G127/><T69/><N who="0" m="17408" /><DORA hai="109" /><T129/><D129/><U95/><E17/><V101/><F5/><W64/><G119/><T105/><D105/><U59/><E91/><V76/><F0/><W96/><G116/><T50/><D50/><U98/><E49/><V89/><F3/><W73/><G73/><T60/><D60/><U107/><E86/><V39/><F89/><W103/><G30/><T34/><D34/><U112/><E35/><V118/><F32/><RYUUKYOKU ba="0,1" sc="396,30,194,-10,268,-10,132,-10" hai0="55,57,62,77,79,80,81,88,94,97" /><INIT seed="4,1,1,2,1,49" ten="426,184,258,122" oya="0" hai0="123,44,126,55,74,33,75,79,95,77,81,130,54" hai1="67,11,12,116,100,38,18,121,73,43,66,17,118" hai2="60,134,86,51,129,91,132,16,101,128,111,30,119" hai3="4,92,99,133,120,40,31,23,0,125,19,98,53"/><T113/><D123/><U57/><E121/><V41/><F111/><W122/><G125/><T63/><D33/><U7/><E73/><V109/><F109/><W90/><G133/><N who="2" m="51305" /><F30/><W52/><G31/><T68/><D126/><U47/><E100/><V58/><F101/><W5/><G120/><T35/><D35/><U24/><E18/><V48/><F119/><W87/><G122/><T2/><D2/><U78/><E78/><V97/><F97/><N who="3" m="36875" /><G40/><T64/><D113/><U108/><E108/><V82/><F16/><W42/><G42/><T59/><D130/><N who="2" m="50282" /><F41/><W14/><G0/><T114/><D114/><U26/><E17/><V3/><F3/><W85/><G87/><T83/><D95/><U37/><E43/><V1/><F1/><W127/><G127/><T20/><D44/><U112/><E47/><V22/><F22/><W69/><G69/><T117/><D117/><U93/><E112/><V29/><F29/><W80/><G92/><T110/><D110/><U34/><E93/><V72/><F72/><W25/><G25/><T71/><D20/><U88/><E26/><V124/><F124/><W10/><G23/><T94/><D94/><U62/><E24/><V115/><F115/><W70/><G70/><AGARI ba="1,1" hai="54,55,59,63,64,68,70,71,74,75,77,79,81,83" machi="70" ten="40,7700,0" yaku="9,1,52,2" doraHai="49" who="0" fromWho="3" sc="426,90,184,0,258,0,122,-80" /><INIT seed="4,2,0,3,5,104" ten="516,184,258,42" oya="0" hai0="106,80,86,6,93,52,124,109,95,19,114,46,25" hai1="90,77,129,48,22,118,112,55,31,133,94,37,56" hai2="131,26,121,117,5,127,122,107,98,13,103,36,96" hai3="123,65,41,66,111,128,76,72,23,74,88,40,2"/><T12/><D106/><U32/><E118/><V79/><F36/><W75/><G111/><T97/><D109/><U7/><E37/><V71/><F117/><W60/><G2/><T63/><D114/><U49/><E32/><V67/><F127/><W29/><G76/><T82/><D6/><U33/><E33/><V105/><F131/><W83/><G128/><T0/><D0/><U70/><E129/><V100/><F26/><W69/><G66/><T116/><D116/><U11/><E70/><V21/><F79/><W27/><REACH who="3" step="1"/><G123/><REACH who="3" ten="516,184,258,32" step="2"/><T35/><D124/><U108/><E108/><V53/><F67/><W42/><G42/><T130/><D130/><U20/><E77/><V50/><F121/><W85/><AGARI ba="2,1" hai="23,27,29,40,41,60,65,69,72,74,75,83,85,88" machi="85" ten="40,12000,2" yaku="1,1,0,1,52,3,54,1,53,0" doraHai="104" doraHaiUra="89" who="3" fromWho="3" sc="516,-62,184,-32,258,-32,32,136" /><INIT seed="5,0,0,4,3,109" ten="454,152,226,168" oya="1" hai0="123,94,47,8,17,103,16,79,3,93,43,96,68" hai1="48,128,97,56,90,37,127,119,28,64,29,124,111" hai2="95,67,24,62,27,42,5,77,74,12,106,44,34" hai3="75,73,66,6,100,99,0,53,115,36,88,129,91"/><U70/><E119/><V1/><F106/><W39/><G66/><T72/><D68/><U55/><E37/><V21/><F74/><W40/><G129/><T2/><D94/><U11/><E128/><V50/><F77/><W65/><G65/><T15/><D17/><U104/><E111/><V51/><F34/><W85/><G115/><T52/><D52/><U108/><E108/><V130/><F130/><W117/><G117/><T23/><D8/><U33/><E11/><V71/><F1/><W20/><G20/><T26/><D26/><U122/><E122/><V22/><F22/><W118/><G118/><T134/><D134/><U132/><E132/><V18/><F5/><W133/><G133/><T112/><D112/><U35/><E90/><V7/><F7/><W110/><G6/><T113/><D113/><U59/><E29/><V80/><F80/><W83/><G91/><T87/><D72/><U69/><E59/><V105/><F105/><W82/><G0/><T30/><D30/><U4/><E4/><V46/><F95/><N who="3" m="58495" /><G110/><T54/><D54/><AGARI ba="0,0" hai="12,18,21,24,27,42,44,46,50,51,54,62,67,71" machi="54" ten="30,1000,0" yaku="7,1" doraHai="109" who="2" fromWho="0" sc="454,-10,152,0,226,10,168,0" /><INIT seed="6,0,0,1,1,17" ten="444,152,236,168" oya="2" hai0="134,123,109,71,75,19,53,79,55,70,108,33,62" hai1="65,67,132,41,96,125,66,0,76,102,88,51,122" hai2="30,6,37,106,80,104,72,126,45,44,68,28,16" hai3="129,2,57,100,1,130,24,14,135,31,25,48,39"/><V97/><F68/><W114/><G39/><T38/><D33/><U20/><E0/><V82/><F6/><W74/><G74/><T121/><D19/><U69/><E132/><V47/><F37/><W50/><G135/><T29/><D29/><U111/><E111/><V56/><F126/><W91/><G100/><T119/><D75/><U63/><E125/><V89/><F56/><W10/><G91/><T78/><D38/><U43/><E122/><V8/><F89/><W42/><G25/><T105/><D62/><U120/><E120/><V15/><F72/><W12/><G12/><T58/><D58/><U127/><E127/><V26/><F30/><W87/><G87/><T92/><D92/><U77/><E63/><V32/><F106/><W131/><G114/><T99/><D105/><U128/><E69/><V90/><F90/><W94/><G94/><T86/><D134/><U54/><E128/><V107/><F107/><W36/><G36/><T133/><D133/><U60/><E60/><V35/><F35/><W112/><G112/><T4/><D4/><U34/><E34/><V85/><F85/><W124/><G124/><T84/><D99/><U64/><E102/><V61/><F61/><W7/><G42/><N who="1" m="15882" /><E67/><V13/><F104/><W73/><G73/><T49/><D119/><U3/><E3/><N who="3" m="1034" /><G57/><T101/><D101/><U83/><E96/><V118/><F97/><W23/><AGARI ba="0,0" hai="7,10,14,23,24,31,48,50,129,130,131" m="1034" machi="23" ten="40,2700,0" yaku="19,1,52,1" doraHai="17" who="3" fromWho="3" sc="444,-7,152,-7,236,-13,168,27" /><INIT seed="7,0,0,1,4,26" ten="437,145,223,195" oya="3" hai0="35,52,86,107,17,1,108,43,50,91,58,103,92" hai1="106,110,85,68,76,65,23,66,101,118,10,73,40" hai2="9,4,18,95,45,39,124,24,69,28,112,122,94" hai3="15,16,77,128,81,14,7,114,111,59,117,116,132"/><W109/><G132/><T99/><D108/><N who="3" m="41545" /><G128/><T56/><D35/><U71/><E110/><V127/><F69/><W30/><G114/><T121/><D1/><U32/><E32/><V64/><F18/><W42/><G42/><T87/><D121/><U3/><E73/><V11/><F64/><W46/><G46/><T100/><D100/><U12/><E3/><V115/><F122/><W63/><G15/><T129/><D129/><U49/><E71/><V131/><F131/><W21/><G7/><T126/><D126/><N who="2" m="48170" /><F45/><W44/><G44/><T27/><D58/><U60/><E66/><V79/><F11/><W20/><G20/><T8/><D43/><U53/><E40/><V119/><F39/><W54/><G30/><T41/><D41/><U130/><E130/><V123/><F123/><W29/><G29/><T48/><D8/><U113/><E113/><V61/><F9/><W84/><AGARI ba="0,0" hai="14,16,21,54,59,63,77,81,84,116,117" m="41545" machi="84" ten="30,3000,0" yaku="10,1,54,1" doraHai="26" who="3" fromWho="3" sc="437,-10,145,-10,223,-10,195,30" /><INIT seed="7,1,0,2,1,95" ten="427,135,213,225" oya="3" hai0="68,104,133,94,72,113,105,85,17,116,111,43,127" hai1="38,135,99,96,119,10,107,37,47,26,74,114,23" hai2="28,29,122,40,4,123,14,73,7,13,63,25,6" hai3="0,69,126,84,83,51,5,15,31,57,60,115,3"/><W77/><G115/><T110/><D68/><U103/><E74/><V22/><F73/><W16/><G126/><T76/><D43/><U45/><E135/><V112/><F40/><W50/><G69/><T80/><D17/><U11/><E114/><V79/><F79/><W81/><G31/><N who="2" m="11849" /><F63/><W12/><G83/><N who="0" m="45447" /><D113/><U71/><E71/><V87/><F87/><W89/><G77/><N who="0" m="46223" /><D127/><U106/><E103/><V56/><F56/><W131/><G131/><T92/><D133/><U36/><E119/><V39/><F39/><W9/><G3/><T65/><D65/><U53/><E53/><V35/><F35/><W88/><G0/><T100/><D116/><U93/><E93/><N who="0" m="35945" /><D100/><U98/><E23/><V109/><F112/><W70/><G70/><T97/><D97/><N who="1" m="24835" /><U128/><DORA hai="33" /><E26/><V78/><F109/><AGARI ba="1,0" hai="104,105,109,110,111" m="35945,46223,45447" machi="109" ten="30,2000,0" yaku="34,2" doraHai="95,33" who="0" fromWho="2" sc="427,23,135,0,213,-23,225,0" owari="450,55.0,135,-36.5,190,-21.0,225,2.5" /></mjloggm>