<mjloggm ver="2.3"><GO type="169" lobby="0"/><UN n0="%52%59%4F%40%53%53" n1="%E3%81%97%E3%82%83%E3%82%93%E3%81%8A%E3%81%98" n2="%E6%9D%B1%E4%BA%AC%E9%9B%BB%E5%8A%9B" n3="%6F%74%6E%65%6D%65%6D" dan="17,16,17,16" rate="2221.38,2198.06,2189.42,2124.73" sx="M,F,M,M"/><TAIKYOKU oya="0"/><INIT seed="0,0,0,1,1,48" ten="250,250,250,250" oya="0" hai0="63,24,72,10,82,59,55,31,2,15,102,18,107" hai1="119,3,38,50,108,92,35,41,20,110,5,80,95" hai2="111,51,134,36,13,84,118,53,83,1,27,112,17" hai3="132,32,85,113,60,44,121,67,39,129,128,57,97"/><T133/><D133/><U86/><E35/><V47/><F111/><N who="1" m="42537" /><E38/><V62/><F112/><W104/><G32/><T43/><D43/><U26/><E119/><V71/><F1/><W23/><G132/><T56/><D2/><U69/><E69/><V88/><F134/><W76/><G113/><T90/><D107/><U125/><E125/><V9/><F118/><W14/><G121/><T123/><D102/><U91/><E5/><V34/><F36/><W117/><G117/><T8/><D123/><U52/><E41/><V93/><F71/><W33/><G33/><T115/><D115/><U75/><E75/><V70/><F70/><W30/><G39/><T73/><D10/><U78/><E3/><V29/><REACH who="2" step="1"/><F62/><REACH who="2" ten="250,250,240,250" step="2"/><W40/><G60/><T120/><D120/><U124/><E124/><V12/><F12/><W46/><G14/><T22/><REACH who="0" step="1"/><D59/><REACH who="0" ten="240,250,240,250" step="2"/><N who="1" m="33175" /><E78/><V11/><F11/><W94/><G76/><T28/><D28/><AGARI ba="0,2" hai="20,26,28,80,86,91,92,95" m="33175,42537" machi="28" ten="30,3900,0" yaku="14,1,52,1,54,1" doraHai="48" who="1" fromWho="0" sc="240,-39,250,59,240,0,250,0" /><INIT seed="1,0,0,3,3,37" ten="201,309,240,250" oya="1" hai0="79,101,54,56,52,96,45,81,84,55,126,76,69" hai1="134,6,0,15,108,26,1,44,116,28,128,51,72" hai2="100,112,99,117,97,94,66,8,135,17,110,32,131" hai3="71,78,89,68,119,18,22,11,104,42,35,57,118"/><U120/><E116/><N who="3" m="44586" /><G104/><T87/><D69/><U90/><E120/><V122/><F32/><W92/><G35/><T106/><D126/><U93/><E72/><V53/><F66/><W9/><G78/><T41/><D56/><U74/><E74/><V88/><F110/><W38/><G57/><T24/><D24/><U13/><E134/><V31/><F31/><W127/><G127/><T21/><D21/><U129/><E108/><V121/><F131/><N who="1" m="50249" /><E6/><V91/><F112/><W86/><G9/><T12/><D12/><N who="1" m="4683" /><E93/><V111/><F94/><W20/><G11/><T103/><D103/><U73/><E90/><V132/><F100/><W63/><G63/><T125/><D125/><U14/><N who="1" m="4691" /><U10/><DORA hai="83" /><E10/><V95/><F95/><W3/><G22/><T23/><D23/><N who="1" m="15455" /><E73/><V19/><F117/><W34/><G34/><T4/><D4/><U85/><E85/><V133/><F8/><W62/><G86/><T65/><D87/><U33/><E33/><V27/><F111/><W25/><G92/><T67/><REACH who="0" step="1"/><D79/><REACH who="0" ten="191,309,240,250" step="2"/><U16/><E16/><V109/><F109/><W115/><G18/><T48/><AGARI ba="0,1" hai="41,45,48,52,54,55,65,67,76,81,84,96,101,106" machi="48" ten="30,12000,2" yaku="1,1,2,1,0,1,52,2,54,1,53,1" doraHai="37,83" doraHaiUra="2,98" who="0" fromWho="0" sc="191,130,309,-60,240,-30,250,-30" /><INIT seed="2,0,0,4,0,61" ten="321,249,210,220" oya="2" hai0="121,39,23,68,16,93,0,102,31,7,123,64,87" hai1="43,104,15,109,97,72,59,5,20,126,4,21,105" hai2="51,85,32,115,88,22,134,67,58,34,45,50,65" hai3="55,56,132,41,101,28,113,35,100,110,80,30,116"/><V53/><F115/><W8/><G110/><T95/><D39/><U129/><E72/><V18/><F134/><W135/><G116/><T13/><D95/><U69/><E69/><V94/><F32/><W86/><G41/><T125/><D125/><U12/><E43/><N who="2" m="24895" /><F34/><W71/><G71/><T63/><D31/><N who="3" m="11817" /><G8/><T75/><D75/><U81/><E81/><V26/><AGARI ba="0,0" hai="18,22,26,51,53,58,65,67,85,88,94" m="24895" machi="26" ten="30,11700,0" yaku="8,1,52,2,54,1" doraHai="61" who="2" fromWho="2" sc="321,-39,249,-39,210,117,220,-39" /><INIT seed="2,1,0,3,2,36" ten="282,210,327,181" oya="2" hai0="13,20,57,12,121,131,33,102,111,2,48,101,95" hai1="82,105,38,43,39,84,91,70,22,68,66,76,75" hai2="122,1,18,103,87,17,64,67,10,118,104,32,4" hai3="27,90,86,35,134,135,21,92,115,100,50,23,85"/><V19/><F32/><W8/><G115/><T129/><D121/><U37/><E105/><V69/><F118/><W54/><G100/><T81/><D2/><U78/><E22/><V109/><F122/><W41/><G35/><T83/><D33/><U63/><E70/><V71/><F109/><W25/><G8/><T9/><D20/><U125/><E125/><V94/><F104/><W34/><G34/><T60/><D48/><U40/><REACH who="1" step="1"/><E78/><REACH who="1" ten="282,200,327,181" step="2"/><V15/><F71/><W89/><G21/><T106/><D106/><U93/><AGARI ba="1,1" hai="37,38,39,40,43,63,66,68,75,76,82,84,91,93" machi="93" ten="30,8000,1" yaku="1,1,2,1,0,1,52,2,53,0" doraHai="36" doraHaiUra="99" who="1" fromWho="1" sc="282,-21,200,93,327,-41,181,-21" /><INIT seed="3,0,0,3,3,21" ten="261,293,286,160" oya="3" hai0="97,73,9,24,8,87,132,130,7,44,10,85,35" hai1="28,135,64,112,48,59,43,58,76,128,39,127,100" hai2="115,31,121,34,2,80,60,107,83,108,70,6,104" hai3="68,71,46,4,47,96,50,67,126,22,41,122,114"/><W101/><G126/><T56/><D73/><U129/><E76/><V84/><F83/><W69/><G114/><T125/><D125/><U53/><E100/><V25/><F108/><W1/><G122/><T62/><D130/><N who="1" m="50283" /><E28/><V63/><F121/><W29/><G1/><T119/><D119/><U120/><E120/><V124/><F115/><W26/><G4/><T105/><D132/><U111/><E127/><V66/><F63/><W12/><G12/><T75/><D75/><U131/><N who="1" m="50291" /><U40/><DORA hai="18" /><E112/><V86/><F124/><W90/><G47/><T102/><D44/><N who="1" m="23583" /><E43/><V15/><F15/><W116/><G90/><T36/><D36/><U19/><E19/><V95/><F95/><W37/><G116/><T61/><D7/><U94/><E94/><V109/><F86/><W54/><G96/><T81/><D87/><U74/><E74/><V110/><F110/><W99/><G41/><T16/><D56/><U23/><E23/><V33/><F33/><W49/><G37/><T13/><D35/><U117/><E117/><V30/><F109/><W134/><G134/><T20/><REACH who="0" step="1"/><D13/><REACH who="0" ten="251,293,286,160" step="2"/><U103/><E111/><V42/><F6/><W45/><G68/><T133/><D133/><U32/><E32/><V118/><F34/><W113/><G113/><T55/><D55/><N who="1" m="32103" /><E135/><V91/><F118/><W65/><G69/><T93/><D93/><U78/><E53/><V57/><F84/><W51/><G71/><T82/><D82/><U79/><E103/><V88/><F80/><W38/><G54/><T17/><D17/><U89/><E59/><V3/><F57/><RYUUKYOKU ba="0,1" sc="251,30,293,-10,286,-10,160,-10" hai0="8,9,10,16,20,24,61,62,81,85,97,102,105" /><INIT seed="4,1,1,4,2,16" ten="281,283,276,150" oya="0" hai0="128,42,82,79,1,10,126,84,92,107,99,100,8" hai1="46,3,115,57,13,91,62,37,7,124,44,35,15" hai2="60,32,113,22,70,119,69,31,98,20,58,2,36" hai3="120,78,54,122,80,27,74,108,104,102,95,29,83"/><T130/><D126/><U112/><E35/><V19/><F36/><W0/><G0/><T134/><D134/><U77/><E77/><V75/><F75/><W64/><G64/><T85/><D42/><U65/><E124/><V30/><F113/><N who="1" m="43593" /><E91/><V127/><F2/><W11/><G108/><T9/><D1/><U33/><E33/><V135/><F32/><W51/><G11/><T63/><D63/><U125/><E125/><V53/><F119/><W5/><G5/><T40/><D40/><N who="1" m="22543" /><E46/><V49/><F135/><W133/><G133/><T132/><D132/><U18/><E18/><V56/><F127/><W117/><G83/><T101/><D101/><U28/><E28/><V73/><F30/><W68/><G104/><T89/><AGARI ba="1,1" hai="8,9,10,79,82,84,85,89,92,99,100,107,128,130" machi="89" ten="30,1500,0" yaku="0,1" doraHai="16" who="0" fromWho="0" sc="281,28,283,-6,276,-6,150,-6" /><INIT seed="4,2,0,3,4,61" ten="309,277,270,144" oya="0" hai0="57,60,56,27,22,45,62,106,6,91,51,125,68" hai1="39,63,12,15,17,10,112,3,71,31,104,129,4" hai2="30,8,38,88,64,32,101,13,81,69,135,116,100" hai3="9,40,113,132,94,133,126,118,86,95,103,29,105"/><T90/><D106/><U99/><E39/><V50/><F38/><W14/><G118/><T122/><D68/><U2/><E129/><V25/><F135/><N who="3" m="51787" /><G29/><T19/><D125/><U78/><E78/><V11/><F11/><W120/><G40/><T44/><D6/><U79/><E79/><V42/><F116/><W70/><G70/><T1/><D1/><U121/><E121/><V98/><F50/><W74/><G74/><T21/><D122/><U109/><E109/><V28/><F42/><W131/><G120/><T83/><D83/><U58/><E71/><V46/><F46/><N who="0" m="18026" /><D51/><U111/><E31/><V87/><F28/><W85/><G14/><T18/><D62/><U36/><E36/><V49/><F49/><W114/><G9/><T26/><D56/><U33/><E33/><V66/><F69/><W0/><G0/><T37/><D37/><U73/><E73/><V117/><F117/><W134/><N who="3" m="51795" /><W53/><DORA hai="34" /><G53/><AGARI ba="2,0" hai="18,19,21,22,26,27,53,57,60,90,91" m="18026" machi="53" ten="30,1500,0" yaku="8,1" doraHai="61,34" who="0" fromWho="3" sc="309,21,277,0,270,0,144,-21" /><INIT seed="4,3,0,0,5,47" ten="330,277,270,123" oya="0" hai0="85,31,76,131,24,115,107,27,6,28,126,15,34" hai1="19,99,94,42,128,50,4,108,104,55,114,84,93" hai2="16,79,100,60,26,130,17,59,1,12,43,14,74" hai3="3,106,90,77,118,39,32,49,7,9,70,68,57"/><T88/><D107/><U53/><E108/><V124/><F124/><W64/><G118/><T95/><D126/><U10/><E128/><V73/><F1/><W20/><G32/><T75/><D131/><U134/><E134/><V5/><F5/><W11/><G39/><T127/><D127/><U78/><E114/><V33/><F100/><W29/><G106/><T2/><D2/><U54/><E19/><V21/><F43/><W97/><G77/><T23/><D115/><U40/><E104/><V56/><F130/><W22/><G97/><T105/><D105/><U120/><E120/><V81/><F74/><W72/><G90/><T46/><D75/><U44/><E42/><V66/><F33/><W30/><G57/><T109/><D76/><U111/><E111/><V133/><F133/><W35/><G3/><T113/><D113/><U80/><REACH who="1" step="1"/><E99/><REACH who="1" ten="330,267,270,123" step="2"/><V89/><F89/><W87/><G7/><T0/><D109/><U48/><E48/><V8/><REACH who="2" step="1"/><F26/><REACH who="2" ten="330,267,260,123" step="2"/><W82/><G30/><T101/><D6/><U13/><AGARI ba="3,2" hai="4,10,13,40,44,50,53,54,55,78,80,84,93,94" machi="13" ten="30,12000,2" yaku="1,1,0,1,25,2,8,1,52,1,53,0" doraHai="47" doraHaiUra="119" who="1" fromWho="1" sc="330,-63,267,149,260,-33,123,-33" /><INIT seed="5,0,0,0,5,61" ten="267,416,227,90" oya="1" hai0="131,109,130,31,101,12,3,94,23,24,8,126,36" hai1="112,32,123,122,22,57,73,119,129,47,56,115,46" hai2="95,44,34,9,102,7,4,33,16,86,83,45,92" hai3="133,135,80,85,67,117,18,41,132,124,50,134,103"/><U97/><E73/><V75/><F75/><W76/><N who="3" m="33792" /><DORA hai="40" /><W104/><G117/><T68/><D109/><U26/><E32/><V70/><F70/><W121/><G121/><T63/><D36/><U64/><E97/><N who="2" m="59687" /><F95/><W79/><G124/><T111/><D3/><U127/><E119/><V53/><F53/><W116/><G116/><T21/><D21/><U100/><E100/><V91/><F33/><W106/><G18/><T74/><D74/><U110/><E127/><V125/><F34/><W52/><G41/><T69/><D111/><U71/><E71/><V87/><F87/><W108/><G108/><T11/><D11/><U42/><E110/><V89/><F89/><W90/><G103/><T107/><D107/><U72/><E72/><V6/><F125/><W77/><REACH who="3" step="1"/><G67/><REACH who="3" ten="267,416,227,80" step="2"/><T96/><D126/><U128/><E64/><V81/><F81/><W58/><AGARI ba="0,1" hai="50,52,58,76,77,79,80,85,90,104,106" m="33792" machi="58" ten="60,8000,1" yaku="1,1,2,1,0,1,20,1,54,1,53,0" doraHai="61,40" doraHaiUra="65,19" who="3" fromWho="3" sc="267,-20,416,-40,227,-20,80,90" /><INIT seed="6,0,0,2,1,123" ten="247,376,207,170" oya="2" hai0="114,44,62,112,91,92,39,22,61,90,122,43,23" hai1="97,67,47,31,13,52,120,3,86,83,128,20,130" hai2="10,73,28,37,99,58,60,11,121,124,103,116,131" hai3="84,34,49,15,30,89,26,18,12,66,111,38,118"/><V35/><F124/><W16/><G38/><T1/><D1/><U115/><E3/><V134/><F134/><W14/><G118/><T70/><D91/><U78/><E120/><V45/><F131/><N who="1" m="50217" /><E67/><V94/><F73/><W53/><G111/><T50/><D39/><U46/><E115/><N who="0" m="44073" /><D122/><U42/><E42/><V109/><F109/><W104/><G66/><N who="0" m="41295" /><D62/><U101/><E52/><V48/><F37/><W4/><G104/><T133/><D133/><U0/><E0/><V74/><F116/><W57/><REACH who="3" step="1"/><G4/><REACH who="3" ten="247,376,207,160" step="2"/><T59/><D59/><U76/><E46/><V107/><F107/><W106/><G106/><T87/><AGARI ba="0,1" hai="22,23,43,44,50,87,90,92" m="41295,44073" machi="87" ten="30,1100,0" yaku="15,1" doraHai="123" who="0" fromWho="0" sc="247,21,376,-3,207,-5,160,-3" /><INIT seed="7,0,0,1,2,125" ten="268,373,202,157" oya="3" hai0="49,64,116,115,107,98,10,110,6,124,50,104,99" hai1="42,117,36,86,78,128,134,18,83,26,17,71,47" hai2="96,19,56,114,72,130,77,122,9,57,127,68,131" hai3="41,112,121,75,79,132,39,89,73,44,16,33,11"/><W35/><G121/><T90/><D110/><U32/><E71/><V14/><F127/><W91/><G132/><T100/><D116/><U63/><E63/><V126/><F126/><W118/><G118/><T4/><D64/><U27/><E134/><V23/><F114/><W67/><G112/><T59/><D124/><U28/><E128/><N who="2" m="49195" /><F122/><W13/><G67/><T12/><D6/><U66/><E66/><V93/><F68/><W87/><G89/><T109/><D109/><U113/><E113/><V65/><F65/><W61/><G61/><T111/><D111/><U15/><E117/><V133/><F133/><W8/><G8/><T60/><D115/><U52/><E52/><V45/><F45/><W94/><REACH who="3" step="1"/><G79/><REACH who="3" ten="268,373,202,147" step="2"/><T37/><D90/><U85/><E78/><V102/><F9/><W106/><G106/><T20/><D107/><U30/><E83/><AGARI ba="0,1" hai="14,19,23,56,57,72,77,83,93,96,102" m="49195" machi="83" ten="30,7700,0" yaku="19,1,52,3" doraHai="125" who="2" fromWho="1" sc="268,0,373,-77,202,87,147,0" /><INIT seed="8,0,0,3,5,71" ten="268,296,289,147" oya="0" hai0="104,119,22,92,12,93,51,65,2,31,130,14,86" hai1="66,72,98,91,6,79,30,114,29,32,13,23,26" hai2="47,81,45,90,133,58,4,131,76,35,57,50,77" hai3="96,37,40,129,115,124,127,69,103,122,43,48,56"/><T109/><D119/><U99/><E114/><V11/><F35/><W123/><G115/><T9/><D104/><U113/><E113/><V19/><F131/><W64/><G96/><T111/><D65/><U42/><E66/><V33/><F33/><W16/><G103/><T49/><D2/><U8/><E42/><V68/><F133/><W89/><G89/><T46/><D130/><U88/><E72/><V15/><F68/><W82/><G82/><T61/><D61/><U1/><E79/><N who="2" m="30283" /><F4/><W5/><G5/><T94/><D86/><U20/><E32/><V87/><F47/><N who="3" m="23951" /><G16/><N who="0" m="10519" /><D46/><U105/><E1/><V85/><F85/><W102/><G102/><T117/><D117/><U73/><E73/><V18/><F18/><W107/><G107/><T59/><D59/><U74/><E74/><V67/><F67/><W55/><G129/><T21/><D111/><U38/><E38/><V41/><AGARI ba="0,0" hai="11,15,19,41,45,50,57,58,81,87,90" m="30283" machi="41" ten="30,1100,0" yaku="8,1" doraHai="71" who="2" fromWho="2" sc="268,-5,296,-3,289,11,147,-3" owari="263,-13.7,293,9.3,300,40.0,144,-35.6" /></mjloggm>