<mjloggm ver="2.3"><GO type="169" lobby="0"/><UN n0="%41%4C%50%45%52%49%4E" n1="%E5%B3%B6%E7%94%B0%E7%9C%9F%E5%A4%A2" n2="%E3%81%93%E3%82%8C%E3%81%8C%E3%81%B5%E3%81%95%E3%81%B5%E3%81%95" n3="%6D%61%62%75%69" dan="16,16,16,16" rate="2117.01,2177.85,2134.25,2052.52" sx="M,F,M,M"/><TAIKYOKU oya="0"/><INIT seed="0,0,0,0,3,132" ten="250,250,250,250" oya="0" hai0="95,127,3,11,63,99,61,7,6,26,89,88,17" hai1="128,36,112,98,100,44,92,85,90,20,13,18,111" hai2="0,12,126,33,131,93,66,75,35,22,96,119,133" hai3="110,59,15,122,70,116,41,81,76,54,124,108,91"/><T120/><D120/><U134/><E112/><V117/><F75/><W39/><G116/><N who="2" m="44617" /><F66/><W58/><G70/><T51/><D127/><U10/><E134/><V65/><F65/><W106/><G106/><T94/><D7/><U23/><E128/><V113/><F0/><W67/><G124/><T135/><D135/><U56/><E111/><N who="3" m="42538" /><G91/><T103/><D103/><U9/><E36/><V48/><F126/><W80/><G122/><T19/><D51/><U32/><E32/><V78/><F78/><W97/><G97/><T101/><D101/><U57/><E44/><V16/><F113/><W102/><G102/><T25/><D25/><U73/><E73/><V107/><F107/><W105/><G105/><T52/><D26/><U27/><E20/><V104/><F104/><W83/><G15/><T24/><D24/><U86/><E86/><V87/><F87/><W38/><G67/><T109/><D109/><U49/><E49/><V69/><F12/><W47/><G39/><T77/><D77/><U21/><E21/><V34/><F96/><W68/><G68/><T4/><D4/><N who="1" m="3239" /><E10/><V1/><F1/><W29/><G29/><T121/><D121/><U114/><E114/><V60/><F133/><W14/><G14/><T42/><D42/><U62/><E62/><V31/><F69/><W45/><G76/><T5/><D5/><U40/><E40/><V2/><F2/><W79/><G79/><T71/><D71/><U55/><E55/><V74/><F31/><W84/><G84/><N who="0" m="52487" /><D61/><U123/><E123/><V50/><F74/><W28/><G28/><T72/><D72/><RYUUKYOKU ba="0,0" sc="250,10,250,10,250,-30,250,10" hai0="3,6,11,17,19,52,63,89,95,99" hai1="18,23,27,56,57,85,90,92,98,100" hai3="38,41,45,47,54,58,59,80,81,83" /><INIT seed="0,1,0,1,3,50" ten="260,260,220,260" oya="0" hai0="40,27,9,41,31,42,93,57,15,48,68,64,55" hai1="0,16,61,54,115,14,30,13,76,46,119,34,87" hai2="92,80,18,39,63,17,53,110,35,88,77,94,112" hai3="36,75,7,51,104,62,2,3,65,128,127,130,84"/><T122/><D122/><U47/><E119/><V58/><F112/><W101/><G75/><T67/><D68/><U118/><E118/><V20/><F110/><W111/><G111/><T37/><D37/><U116/><E116/><V98/><F35/><W71/><G36/><T99/><D27/><U66/><E0/><V117/><F117/><W1/><G84/><T132/><D31/><U109/><E109/><V19/><F92/><W12/><G127/><T52/><D55/><U8/><E115/><V21/><REACH who="2" step="1"/><F39/><REACH who="2" ten="260,260,210,260" step="2"/><W105/><G105/><T106/><D106/><U89/><E34/><V43/><F43/><W107/><G107/><T79/><D132/><U97/><E30/><V25/><F25/><W49/><G128/><T70/><D70/><U86/><E76/><V113/><F113/><W135/><G130/><T24/><D24/><U23/><E97/><V44/><F44/><W69/><G135/><T32/><D79/><U4/><E86/><AGARI ba="1,1" hai="17,18,19,20,21,53,58,63,77,80,86,88,94,98" machi="86" ten="40,8000,1" yaku="1,1,8,1,52,1,54,1,53,0" doraHai="50" doraHaiUra="125" who="2" fromWho="1" sc="260,0,260,-83,210,93,260,0" /><INIT seed="1,0,0,0,4,6" ten="260,177,303,260" oya="1" hai0="128,33,125,45,88,55,28,92,124,133,13,95,21" hai1="80,81,16,74,126,56,15,50,57,99,46,127,115" hai2="73,23,36,67,59,85,114,98,79,75,30,97,34" hai3="117,63,123,112,66,122,62,17,101,104,72,1,14"/><U61/><E115/><V29/><F34/><W90/><G1/><T77/><D133/><U37/><E37/><V20/><F36/><W53/><G112/><T106/><D106/><U42/><E99/><V134/><F134/><W5/><G5/><T64/><D128/><U18/><E74/><V8/><F85/><W129/><G129/><T43/><D77/><U44/><E44/><V49/><F49/><W52/><G72/><T35/><D64/><U10/><E18/><V11/><F67/><W91/><G104/><T86/><D55/><U39/><E39/><V110/><F59/><N who="1" m="22601" /><E61/><V24/><F24/><W87/><G87/><T116/><D116/><U135/><E135/><V60/><F79/><W83/><G117/><T31/><D31/><U93/><E93/><V121/><F110/><W89/><G83/><T40/><D95/><U38/><E38/><V0/><F0/><W102/><G90/><T70/><D70/><U48/><E48/><V113/><REACH who="2" step="1"/><F60/><REACH who="2" ten="260,177,293,260" step="2"/><W108/><G66/><T25/><D35/><U54/><E42/><V100/><F100/><W84/><G84/><T47/><D40/><U131/><E131/><V69/><F69/><W105/><G108/><T51/><REACH who="0" step="1"/><D45/><REACH who="0" ten="250,177,293,260" step="2"/><U3/><E46/><V120/><AGARI ba="0,2" hai="8,11,20,23,29,30,73,75,97,98,113,114,120,121" machi="120" ten="25,12000,2" yaku="1,1,0,1,22,2,52,2,53,0" doraHai="6" doraHaiUra="96" who="2" fromWho="2" sc="250,-30,177,-60,293,140,260,-30" /><INIT seed="2,0,0,0,3,71" ten="220,117,433,230" oya="2" hai0="39,123,73,30,82,68,42,84,76,135,50,34,89" hai1="29,49,43,88,101,17,12,23,46,9,91,0,114" hai2="2,7,40,3,59,52,22,107,1,41,113,105,60" hai3="96,95,127,16,44,93,120,26,36,102,108,86,100"/><V47/><F113/><W57/><G120/><T32/><D123/><U65/><E114/><V48/><F7/><W104/><G127/><T37/><D135/><U126/><E126/><V53/><REACH who="2" step="1"/><F22/><REACH who="2" ten="220,117,423,230" step="2"/><W110/><G110/><T13/><D34/><U131/><E131/><V119/><F119/><W11/><G108/><T98/><D32/><U58/><E101/><V5/><F5/><W10/><G102/><T129/><D129/><U35/><E0/><V87/><F87/><W56/><G86/><T70/><D84/><U28/><E35/><V132/><F132/><W54/><G104/><AGARI ba="0,1" hai="1,2,3,40,41,47,48,52,53,59,60,104,105,107" machi="104" ten="50,4800,0" yaku="1,1,54,1,53,0" doraHai="71" doraHaiUra="62" who="2" fromWho="3" sc="220,0,117,0,423,58,230,-48" /><INIT seed="2,1,0,2,2,54" ten="220,117,481,182" oya="2" hai0="93,32,81,80,99,89,58,37,18,57,90,128,64" hai1="94,77,7,49,21,25,105,135,79,55,44,84,27" hai2="5,108,100,103,124,78,34,65,33,98,20,74,69" hai3="110,70,61,2,17,129,121,127,130,68,28,117,22"/><V72/><F124/><W29/><G2/><T62/><D32/><U126/><E105/><V120/><F120/><W0/><G0/><T67/><D37/><U53/><E126/><V50/><F5/><W122/><G127/><T30/><D128/><U91/><E135/><V42/><F20/><W24/><G117/><T14/><D30/><U36/><E36/><V52/><F42/><W15/><G110/><T23/><D90/><U119/><E119/><V96/><F65/><W16/><G22/><T114/><D114/><U12/><E7/><V87/><F87/><W19/><G15/><T47/><D47/><U118/><E118/><V46/><F69/><N who="3" m="26731" /><G61/><AGARI ba="1,0" hai="14,18,23,57,58,61,62,64,67,80,81,89,93,99" machi="61" ten="40,8000,1" yaku="9,1,8,1,52,2" doraHai="54" who="0" fromWho="3" sc="220,83,117,0,481,0,182,-83" /><INIT seed="3,0,0,1,2,81" ten="303,117,481,99" oya="3" hai0="44,120,18,31,96,111,129,116,84,106,15,124,32" hai1="87,133,90,40,48,45,56,0,23,123,36,117,86" hai2="28,97,7,26,22,122,58,19,76,6,66,12,62" hai3="21,39,53,92,20,33,24,101,104,115,10,131,77"/><W57/><G115/><T72/><D111/><U102/><E123/><V83/><F97/><W95/><G39/><T75/><D116/><U110/><E117/><V119/><F119/><W54/><G131/><T59/><D120/><U70/><E0/><V69/><F69/><W114/><G114/><T93/><D129/><U85/><E110/><V73/><REACH who="2" step="1"/><F122/><REACH who="2" ten="303,117,471,99" step="2"/><W41/><G104/><T37/><D96/><U16/><E70/><V98/><F98/><W1/><G101/><T127/><D106/><U3/><E102/><V50/><F50/><W71/><G71/><T49/><D49/><U134/><E36/><V51/><F51/><W67/><G41/><T78/><D37/><U4/><E90/><V25/><F25/><W17/><G77/><T30/><D78/><U13/><REACH who="1" step="1"/><E56/><REACH who="1" ten="303,107,471,99" step="2"/><V99/><F99/><W94/><G57/><T47/><D59/><U52/><E52/><V11/><AGARI ba="0,2" hai="6,7,11,12,19,22,26,28,58,62,66,73,76,83" machi="11" ten="20,5200,0" yaku="1,1,0,1,7,1,53,1" doraHai="81" doraHaiUra="107" who="2" fromWho="2" sc="303,-13,107,-13,471,72,99,-26" /><INIT seed="4,0,0,1,4,124" ten="290,94,543,73" oya="0" hai0="13,117,32,8,12,20,132,99,78,133,125,3,59" hai1="103,17,131,119,98,84,128,129,42,10,127,30,6" hai2="39,85,43,9,15,72,87,79,74,116,11,22,86" hai3="70,49,16,102,65,83,71,76,40,61,113,0,44"/><T56/><D117/><U120/><E120/><V122/><F122/><W105/><G113/><T93/><D32/><U80/><E119/><V35/><F35/><W23/><G0/><T34/><D34/><U60/><E42/><V24/><F116/><W91/><G105/><T29/><D125/><U96/><E30/><V51/><F39/><W88/><G102/><T55/><D78/><U46/><E127/><V134/><F134/><N who="0" m="51818" /><D3/><U7/><E60/><V37/><F37/><W54/><G70/><T75/><D75/><U121/><E121/><V68/><F68/><W14/><REACH who="3" step="1"/><G40/><REACH who="3" ten="290,94,543,63" step="2"/><T114/><D114/><U69/><E69/><V1/><F43/><W112/><G112/><T19/><D29/><U33/><E103/><V63/><F1/><W62/><G62/><T109/><D109/><U53/><E33/><V106/><F63/><W73/><AGARI ba="0,1" hai="14,16,23,44,49,54,61,65,71,73,76,83,88,91" machi="73" ten="20,8000,1" yaku="1,1,0,1,7,1,54,2,53,0" doraHai="124" doraHaiUra="126" who="3" fromWho="3" sc="290,-40,94,-20,543,-20,63,90" /><INIT seed="5,0,0,2,2,36" ten="250,74,523,153" oya="1" hai0="44,72,11,7,22,46,112,48,59,12,103,128,29" hai1="125,3,84,89,117,96,64,16,76,21,31,102,53" hai2="9,41,8,55,15,134,65,133,86,50,83,120,58" hai3="127,99,81,26,23,75,52,61,13,123,69,98,82"/><U60/><E117/><V97/><F120/><W131/><G123/><T95/><D72/><U66/><E3/><V109/><F109/><W114/><G69/><T42/><D112/><U5/><E125/><V2/><F2/><W51/><G114/><T93/><D128/><U73/><E5/><V124/><F124/><W92/><G61/><T122/><D122/><U43/><E43/><V94/><F65/><W0/><G0/><T40/><D59/><U18/><E73/><V71/><F71/><W30/><G131/><T1/><D103/><U25/><E76/><N who="2" m="46439" /><F41/><N who="0" m="15978" /><D1/><U24/><E53/><V105/><F15/><W100/><G75/><T85/><D48/><U70/><E64/><V37/><F105/><W87/><G13/><T34/><D34/><U135/><E24/><V39/><F39/><W32/><G32/><T88/><D95/><U116/><E116/><V107/><F107/><W33/><G33/><T119/><D119/><U78/><E78/><V10/><F37/><W129/><G129/><T101/><D101/><U47/><E47/><V6/><F94/><W14/><G127/><T108/><D108/><U68/><E68/><V118/><F50/><W27/><G82/><T62/><D62/><U57/><E70/><V74/><F58/><W54/><G51/><T67/><D67/><U35/><E35/><V113/><F74/><W121/><G121/><T77/><D77/><U38/><E38/><V106/><F106/><W19/><G92/><T91/><D91/><U132/><E102/><V111/><F118/><W17/><G100/><T4/><D4/><U80/><E96/><RYUUKYOKU ba="0,0" sc="250,15,74,15,523,-15,153,-15" hai0="7,11,12,22,29,44,46,85,88,93" hai1="16,18,21,25,31,57,60,66,80,84,89,132,135" /><INIT seed="5,1,0,2,3,121" ten="265,89,508,138" oya="1" hai0="50,58,48,80,115,28,78,87,75,92,60,16,108" hai1="49,1,112,68,79,66,113,82,110,9,97,101,34" hai2="15,22,31,94,119,83,29,65,53,95,20,103,2" hai3="27,37,57,89,26,111,104,52,86,125,8,130,3"/><U126/><E34/><V4/><F2/><W105/><G37/><T91/><D108/><U90/><E126/><V123/><F65/><W30/><G111/><T133/><D115/><N who="1" m="44107" /><E90/><V45/><F83/><W63/><G125/><T61/><D133/><U120/><E120/><V38/><F38/><W33/><G130/><T107/><D28/><N who="2" m="10826" /><F119/><W42/><G42/><T7/><D7/><N who="1" m="1263" /><E49/><N who="2" m="28847" /><F123/><W11/><G27/><T76/><D76/><U56/><E68/><V69/><F69/><W72/><G72/><T77/><D77/><U122/><E122/><V14/><F94/><W74/><G74/><T18/><D107/><U98/><E66/><V6/><F95/><W54/><G3/><T64/><D61/><U129/><E129/><V0/><F103/><W41/><G41/><T102/><D102/><U71/><E71/><V46/><F0/><W124/><G124/><T39/><D39/><U73/><E56/><V47/><F47/><W67/><G105/><T36/><D36/><U19/><E19/><N who="2" m="10359" /><F46/><W55/><REACH who="3" step="1"/><G104/><REACH who="3" ten="265,89,508,128" step="2"/><T35/><D35/><U85/><E73/><V116/><F116/><W88/><G88/><T81/><D75/><U5/><E110/><V117/><F117/><W134/><G134/><T118/><D118/><U32/><E32/><V70/><F70/><W84/><G84/><T23/><D78/><U51/><E101/><V100/><F100/><W62/><G62/><T99/><D60/><U59/><E85/><V131/><F131/><W127/><G127/><T128/><D87/><N who="1" m="48607" /><E98/><V135/><F135/><W109/><G109/><T25/><D128/><U114/><E97/><RYUUKYOKU ba="1,1" sc="265,-15,89,-15,508,15,128,15" hai2="4,6,15,22" hai3="8,11,26,30,33,52,54,55,57,63,67,86,89" /><INIT seed="6,2,1,3,5,79" ten="250,74,523,143" oya="2" hai0="43,81,73,83,88,5,95,6,131,56,19,89,9" hai1="61,124,86,60,52,119,74,67,0,91,92,100,84" hai2="46,16,30,36,40,4,90,121,11,62,70,3,135" hai3="18,48,109,27,105,21,110,2,45,10,116,87,134"/><V66/><F135/><W39/><G105/><T85/><D131/><U55/><E119/><V35/><F121/><W53/><G134/><T82/><D73/><U80/><E0/><V51/><F90/><W59/><G116/><T104/><D104/><U103/><E124/><V108/><F108/><W17/><G39/><T98/><D43/><U71/><E74/><V8/><F30/><W54/><G109/><T76/><D76/><U32/><E32/><V101/><F101/><W31/><G110/><T15/><D56/><U1/><E1/><V128/><F35/><W38/><G38/><T77/><D77/><U50/><E60/><V115/><F115/><W24/><G2/><T25/><D25/><U125/><E125/><V29/><F29/><W26/><G87/><T57/><D57/><U94/><E55/><V20/><F11/><W42/><G42/><T129/><D129/><U58/><REACH who="1" step="1"/><E92/><AGARI ba="2,1" hai="5,6,9,15,19,81,82,83,85,88,89,92,95,98" machi="92" ten="40,8000,1" yaku="8,1,52,3,54,1" doraHai="79" who="0" fromWho="1" sc="250,96,74,-86,523,0,143,0" owari="346,14.6,-12,-51.2,523,62.3,143,-25.7" /></mjloggm>