<mjloggm ver="2.3"><GO type="169" lobby="0"/><UN n0="%52%65%63%61%6C%74%71" n1="%E5%8D%83%E8%8D%89%E5%8F%B0" n2="%E7%AE%B1%E4%B8%8B%E3%81%AE%E3%82%B1%E3%83%B3%E5%9D%8A" n3="%E6%9F%8A%E5%92%B2%E5%A4%9C" dan="16,17,16,16" rate="2140.84,2118.94,2143.66,2148.93" sx="M,M,M,M"/><TAIKYOKU oya="0"/><INIT seed="0,0,0,0,3,44" ten="250,250,250,250" oya="0" hai0="100,96,88,89,12,11,41,77,70,63,134,14,79" hai1="13,68,36,112,60,1,22,75,129,69,82,130,16" hai2="20,51,4,42,110,95,37,117,124,105,90,45,132" hai3="57,46,0,118,54,30,26,78,80,10,127,133,109"/><T73/><D134/><U35/><E36/><V39/><F110/><W76/><G118/><T49/><D12/><U53/><E35/><V56/><F105/><W23/><G133/><T29/><D29/><U15/><E1/><V123/><F123/><W86/><G109/><T67/><D77/><U64/><E69/><V121/><F121/><W17/><G127/><T59/><D79/><U72/><E82/><V71/><F71/><W120/><G120/><T116/><D116/><U81/><E81/><V131/><F132/><W87/><G78/><T32/><D32/><U104/><E104/><V113/><F113/><W33/><G46/><T128/><D128/><N who="1" m="49259" /><E112/><V38/><F117/><W6/><G17/><T52/><D41/><U21/><E53/><V65/><F124/><W40/><G40/><T103/><D103/><U25/><E13/><V115/><F115/><W48/><REACH who="3" step="1"/><G33/><REACH who="3" ten="250,250,250,240" step="2"/><T47/><D73/><AGARI ba="0,1" hai="0,6,10,23,26,30,48,54,57,73,76,80,86,87" machi="73" ten="30,7700,0" yaku="1,1,2,1,7,1,52,1,53,0" doraHai="44" doraHaiUra="85" who="3" fromWho="0" sc="250,-77,250,0,250,0,240,87" /><INIT seed="1,0,0,1,0,83" ten="173,250,250,327" oya="1" hai0="115,64,57,71,9,49,38,72,66,94,112,44,68" hai1="107,39,133,134,13,118,0,36,131,85,90,91,59" hai2="111,58,48,19,2,56,52,26,46,43,37,1,98" hai3="109,110,95,130,92,127,93,80,17,65,3,14,63"/><U69/><E69/><V128/><F111/><N who="3" m="42507" /><G3/><T103/><D72/><U135/><E0/><V18/><F128/><W45/><G130/><T105/><D94/><U5/><E107/><V29/><F2/><W81/><G45/><T54/><D103/><U104/><E104/><V8/><F58/><N who="3" m="37111" /><G127/><T86/><D86/><U78/><E131/><V42/><F42/><W22/><AGARI ba="0,0" hai="14,17,22,80,81,92,93,95" m="37111,42507" machi="22" ten="30,1100,0" yaku="14,1" doraHai="83" who="3" fromWho="3" sc="173,-3,250,-5,250,-3,327,11" /><INIT seed="2,0,0,5,2,36" ten="170,245,247,338" oya="2" hai0="35,86,126,83,98,101,120,59,124,14,16,70,8" hai1="0,87,100,23,60,107,32,102,79,72,47,130,105" hai2="93,96,18,127,3,26,117,128,121,61,29,118,5" hai3="42,104,125,119,71,6,91,49,45,80,50,133,55"/><V24/><F121/><W99/><G119/><T44/><D120/><U22/><E32/><V116/><F127/><W43/><G71/><T2/><D70/><U33/><E33/><V81/><F128/><W68/><G68/><T94/><D35/><U123/><E123/><V69/><F3/><W51/><G125/><T17/><D2/><U129/><E0/><V84/><F5/><W75/><G133/><T56/><D126/><U111/><E72/><V40/><F18/><W41/><G6/><T103/><D103/><U85/><E79/><V27/><F69/><W89/><G104/><T114/><D114/><U95/><E60/><V92/><F61/><W39/><G39/><T31/><D31/><U46/><REACH who="1" step="1"/><E95/><REACH who="1" ten="170,235,247,338" step="2"/><V57/><F92/><N who="3" m="56719" /><G75/><T97/><D97/><U109/><AGARI ba="0,1" hai="22,23,46,47,85,87,100,102,105,107,109,111,129,130" machi="109" ten="25,6400,0" yaku="1,1,0,1,22,2,53,0" doraHai="36" doraHaiUra="10" who="1" fromWho="1" sc="170,-16,235,74,247,-32,338,-16" /><INIT seed="3,0,0,2,3,3" ten="154,309,215,322" oya="3" hai0="82,95,129,75,120,6,1,70,43,84,107,24,37" hai1="101,52,121,105,44,125,16,103,73,77,42,83,76" hai2="116,19,106,94,100,34,10,23,12,128,130,92,39" hai3="85,62,67,96,54,27,124,5,102,46,133,47,127"/><W93/><G133/><T35/><D95/><U80/><E121/><V56/><F39/><W88/><G27/><T36/><D84/><U59/><E125/><N who="3" m="48202" /><G54/><T50/><D50/><U123/><E123/><V89/><F34/><W28/><G28/><T111/><D120/><U78/><E105/><V15/><F116/><W61/><G61/><T7/><D111/><U57/><E57/><V97/><F56/><N who="3" m="37319" /><G5/><T38/><D129/><N who="2" m="49770" /><F89/><W110/><G110/><T66/><D107/><AGARI ba="0,0" hai="46,47,85,88,93,96,102,107" m="37319,48202" machi="107" ten="30,2900,0" yaku="18,1,54,1" doraHai="3" who="3" fromWho="0" sc="154,-29,309,0,215,0,322,29" /><INIT seed="3,1,0,0,5,22" ten="125,309,215,351" oya="3" hai0="52,133,31,116,8,39,45,49,48,99,126,70,90" hai1="110,111,119,12,57,72,101,123,131,62,15,35,80" hai2="91,32,95,103,9,132,75,134,14,6,104,120,53" hai3="16,118,23,54,82,50,94,81,44,33,65,5,125"/><W115/><G115/><T42/><D133/><N who="2" m="51306" /><F75/><W19/><G118/><T1/><D126/><U97/><E119/><V40/><F40/><W56/><G125/><T121/><D116/><U76/><E123/><V102/><F104/><W41/><G33/><T109/><D121/><U114/><E114/><V26/><F53/><W13/><G5/><T108/><D70/><U60/><E131/><V71/><F71/><W113/><G113/><T10/><D31/><U18/><E35/><V77/><F77/><W112/><G65/><T63/><D63/><U85/><E72/><V107/><F107/><W34/><G34/><T24/><D24/><U4/><E4/><V83/><F83/><W117/><G117/><T51/><D1/><U11/><E12/><V73/><F73/><W37/><G112/><T29/><D29/><U2/><E2/><V7/><F6/><W28/><G28/><T36/><D36/><U78/><E78/><V68/><F68/><W59/><G59/><T47/><D90/><U3/><E3/><V43/><F43/><W21/><G94/><T55/><D99/><U27/><E57/><V86/><F120/><W124/><REACH who="3" step="1"/><G124/><REACH who="3" ten="125,309,215,341" step="2"/><T64/><D64/><U92/><E110/><V128/><F128/><W122/><G122/><T135/><D135/><U129/><E111/><N who="0" m="42569" /><D39/><U74/><E129/><V130/><F130/><W127/><G127/><T30/><D30/><AGARI ba="1,1" hai="7,9,14,26,30,32,86,91,95,102,103" m="51306" machi="30" ten="30,2000,0" yaku="20,1,52,1" doraHai="22" who="2" fromWho="0" sc="125,-23,309,0,215,33,341,0" /><INIT seed="4,0,0,5,1,116" ten="102,309,248,341" oya="0" hai0="35,45,111,115,113,6,65,131,69,66,127,12,24" hai1="102,0,33,91,100,38,74,86,133,40,76,104,46" hai2="129,21,44,14,103,128,10,3,68,114,9,28,135" hai3="108,99,8,101,37,118,126,50,54,34,49,123,41"/><T89/><D131/><N who="2" m="50250" /><F68/><W53/><G34/><T29/><D127/><U106/><E33/><V59/><F44/><W105/><G108/><T72/><D72/><U73/><E0/><V98/><F114/><W90/><G118/><T4/><D111/><U84/><E133/><V52/><F3/><W132/><G132/><T58/><D69/><U75/><E46/><V56/><F56/><W117/><G117/><T1/><D1/><U95/><E38/><V80/><F80/><W5/><G41/><T83/><D45/><U119/><E40/><V94/><F135/><W19/><G37/><T134/><D134/><U43/><E43/><V57/><F57/><W85/><G19/><T31/><D31/><U62/><E62/><N who="2" m="36199" /><F14/><W60/><G126/><T30/><D30/><U48/><E48/><V36/><F36/><W23/><G60/><T25/><D25/><AGARI ba="0,0" hai="9,10,21,25,28,94,98,103" m="36199,50250" machi="25" ten="30,2000,0" yaku="19,1,54,1" doraHai="116" who="2" fromWho="0" sc="102,-20,309,0,248,20,341,0" /><INIT seed="5,0,0,1,5,133" ten="82,309,268,341" oya="1" hai0="114,52,134,109,118,19,135,50,82,88,28,34,65" hai1="24,1,7,63,43,53,47,38,0,113,21,35,120" hai2="128,99,13,127,74,90,84,29,17,48,68,45,77" hai3="49,83,3,116,97,27,39,71,79,36,107,16,2"/><U122/><E35/><V110/><F110/><W125/><G71/><T112/><D109/><U22/><E113/><N who="0" m="43625" /><D65/><U67/><E21/><V32/><F68/><W70/><G70/><T51/><D118/><U5/><E67/><V86/><F128/><W131/><G131/><T54/><D19/><U124/><E63/><V33/><F99/><W59/><G107/><T87/><D28/><U103/><E103/><V66/><F66/><W9/><G97/><T57/><D34/><U100/><E100/><V69/><F69/><W91/><G91/><T15/><D15/><U42/><E53/><V72/><F29/><W37/><G116/><T117/><D117/><U92/><E92/><V14/><F17/><W73/><G49/><T132/><D54/><U11/><E22/><V101/><F90/><W61/><G27/><T20/><D20/><U10/><E24/><V41/><F101/><W60/><G60/><AGARI ba="0,0" hai="50,51,52,57,60,82,87,88,132,134,135" m="43625" machi="60" ten="40,8000,1" yaku="20,1,15,1,54,2" doraHai="133" who="0" fromWho="3" sc="82,80,309,0,268,0,341,-80" /><INIT seed="6,0,0,4,1,129" ten="162,309,268,261" oya="2" hai0="113,95,98,126,108,60,37,22,34,90,112,93,103" hai1="72,57,115,92,84,68,30,53,88,46,123,1,81" hai2="0,104,87,67,26,35,131,43,66,64,71,70,6" hai3="59,99,31,102,51,16,117,36,3,42,74,25,2"/><V14/><F104/><W58/><G117/><T130/><D34/><U133/><E68/><V56/><F131/><W15/><G74/><T69/><D130/><U5/><E123/><V105/><F0/><W12/><G36/><T75/><D37/><U114/><E30/><V124/><F105/><W77/><G77/><T24/><D108/><U127/><E46/><V73/><F73/><W96/><G42/><T11/><D75/><U132/><E5/><V79/><F43/><W38/><G38/><T19/><D126/><U23/><E1/><V28/><F56/><W52/><G15/><T107/><D11/><U21/><E127/><V18/><F6/><W41/><G99/><T63/><D107/><U86/><E21/><V94/><F124/><W8/><G41/><T118/><D118/><U65/><E23/><V54/><F54/><W4/><G59/><T134/><D134/><N who="1" m="51819" /><E65/><V120/><F120/><W20/><REACH who="3" step="1"/><G4/><REACH who="3" ten="162,309,268,251" step="2"/><T47/><D47/><U97/><E72/><V45/><F45/><W82/><G82/><T101/><D69/><U17/><E97/><V89/><REACH who="2" step="1"/><F79/><REACH who="2" ten="162,309,258,251" step="2"/><W121/><G121/><T116/><D116/><U48/><E17/><V119/><F119/><W110/><G110/><T32/><D19/><U29/><E29/><V128/><F128/><W9/><G9/><AGARI ba="0,2" hai="9,14,18,26,28,35,64,66,67,70,71,87,89,94" machi="9" ten="40,2000,0" yaku="1,1,53,0" doraHai="129" doraHaiUra="109" who="2" fromWho="3" sc="162,0,309,0,258,40,251,-20" /><INIT seed="6,1,0,1,3,79" ten="162,309,298,231" oya="2" hai0="132,130,62,19,43,18,94,65,50,119,2,70,82" hai1="59,53,26,51,40,28,30,66,92,81,38,133,131" hai2="102,20,72,9,41,17,58,14,3,120,101,6,75" hai3="106,104,114,49,69,34,86,23,107,61,98,134,83"/><V67/><F120/><W112/><G34/><T93/><D119/><U91/><E133/><V96/><F41/><W103/><G69/><T11/><D132/><U52/><E131/><V97/><F67/><W46/><G61/><T35/><D35/><U15/><E66/><V27/><F58/><W116/><G134/><T135/><D135/><U121/><E38/><V5/><F5/><W44/><G23/><T118/><D118/><U29/><E15/><V87/><F87/><W31/><G31/><T123/><D123/><U84/><E40/><V39/><F39/><W115/><G116/><T109/><D109/><U10/><E10/><V124/><F124/><W8/><G8/><T71/><D71/><U77/><E53/><V125/><F125/><W126/><G126/><T127/><D127/><U68/><E68/><V76/><F3/><W110/><G110/><T32/><D32/><U80/><E121/><V12/><F27/><W128/><G128/><T99/><D130/><U78/><E26/><V16/><F6/><W37/><G37/><T73/><D73/><U13/><E13/><V22/><F9/><W48/><G48/><T36/><D36/><U95/><E95/><V60/><F76/><AGARI ba="1,0" hai="28,29,30,51,52,59,76,77,78,80,81,84,91,92" machi="76" ten="40,8000,1" yaku="8,1,52,2,54,1" doraHai="79" who="1" fromWho="2" sc="162,0,309,83,298,-83,231,0" /><INIT seed="7,0,0,2,1,37" ten="162,392,215,231" oya="3" hai0="31,121,134,104,10,15,22,129,126,97,1,3,47" hai1="123,120,76,30,29,111,96,21,65,80,77,118,83" hai2="17,19,124,71,107,0,57,93,50,25,32,109,88" hai3="113,9,14,128,101,133,125,66,131,81,26,72,92"/><W94/><G113/><T7/><D121/><U46/><E46/><V28/><F71/><W2/><G2/><T73/><D73/><U117/><E96/><V63/><F107/><W54/><G133/><T23/><D134/><U34/><E21/><V114/><F109/><W51/><G125/><T38/><D126/><U12/><E65/><V74/><F114/><W132/><G66/><T116/><D116/><U42/><E12/><V49/><F0/><W79/><G26/><T53/><D129/><N who="3" m="49737" /><G101/><T106/><D3/><U130/><E34/><V45/><F74/><W87/><G72/><T20/><D31/><U27/><E130/><V61/><F49/><W41/><G41/><T91/><D1/><U119/><E119/><V67/><F61/><W84/><G84/><T85/><D97/><U62/><E42/><V58/><F58/><N who="3" m="33119" /><G132/><T127/><D127/><U110/><E62/><V122/><F124/><W52/><G52/><T108/><D108/><U16/><E27/><V89/><F122/><W105/><G105/><T59/><D47/><U82/><E82/><V13/><F93/><W43/><G43/><T115/><D38/><U135/><E135/><V44/><F44/><W6/><AGARI ba="0,0" hai="6,9,14,79,81,87,92,94" m="33119,49737" machi="6" ten="30,1500,0" yaku="19,1" doraHai="37" who="3" fromWho="3" sc="162,-5,392,-5,215,-5,231,15" /><INIT seed="7,1,0,3,5,86" ten="157,387,210,246" oya="3" hai0="61,93,7,116,28,132,97,66,35,36,89,2,17" hai1="96,58,71,39,92,18,47,115,16,31,109,56,130" hai2="4,44,29,55,42,118,134,95,30,99,129,38,102" hai3="20,125,43,37,82,19,52,123,80,79,77,74,85"/><W64/><G123/><T41/><D116/><U25/><E71/><V49/><F118/><W100/><G125/><T9/><D132/><U65/><E58/><V62/><F134/><W98/><G64/><T128/><D128/><U22/><E109/><V101/><F129/><W24/><G43/><T81/><D28/><U78/><E78/><V5/><F101/><W21/><G37/><T119/><D119/><U10/><E115/><V51/><F62/><W105/><G21/><T57/><D35/><U8/><E39/><V70/><F70/><W110/><G110/><T131/><D131/><U45/><E130/><V87/><F87/><W63/><G52/><T11/><D81/><U32/><E65/><V113/><F113/><W72/><G85/><T90/><D17/><N who="1" m="6763" /><E56/><N who="2" m="32879" /><F38/><W6/><G6/><AGARI ba="1,0" hai="4,5,6,29,30,42,44,51,95,99,102" m="32879" machi="6" ten="30,1000,0" yaku="8,1" doraHai="86" who="2" fromWho="3" sc="157,0,387,0,210,13,246,-13" owari="157,-34.3,387,48.7,223,-17.7,233,3.3" /></mjloggm>