<mjloggm ver="2.3"><GO type="169" lobby="0"/><UN n0="%E3%81%82%E3%81%84%E3%81%93%E3%81%99" n1="%E6%98%8E%E6%98%9F%E5%B8%82%E6%B0%91" n2="%4D%75%64%46%6C%6F%77" n3="%E3%83%80%E3%82%AF%E3%82%BF%E3%83%BC%E3%82%AF%E3%83%AA%E3%83%83%E3%83%97" dan="16,17,17,17" rate="2089.65,2198.36,2192.84,2209.74" sx="M,M,M,M"/><TAIKYOKU oya="0"/><INIT seed="0,0,0,1,2,48" ten="250,250,250,250" oya="0" hai0="9,22,124,36,7,39,80,26,5,43,19,34,89" hai1="4,40,99,68,101,50,1,116,53,79,18,104,33" hai2="91,120,113,64,126,54,77,2,95,130,125,107,75" hai3="6,115,71,21,118,106,72,8,97,58,11,24,117"/><T62/><D124/><U70/><E40/><V67/><F2/><W30/><G71/><T111/><D111/><U114/><E33/><V119/><F120/><W25/><G115/><T23/><D34/><U66/><E116/><V13/><F113/><W131/><G131/><T32/><D32/><U108/><E108/><V92/><F107/><W83/><G11/><T122/><D122/><U105/><E105/><V47/><F130/><W90/><G25/><T63/><D23/><U74/><E66/><V35/><F35/><W49/><G72/><T20/><D20/><U94/><E104/><V110/><F95/><W81/><G81/><T109/><D5/><U14/><E4/><V98/><F110/><W103/><G90/><T16/><D19/><U61/><E61/><V29/><F29/><W41/><G83/><T121/><D121/><U46/><E1/><V3/><F3/><W86/><G86/><T87/><D109/><U84/><E74/><V52/><F47/><W56/><G56/><T127/><D43/><U100/><E100/><V27/><F27/><W65/><G41/><T17/><D17/><U78/><E114/><V45/><F45/><W88/><G88/><T135/><D127/><N who="2" m="48650" /><F13/><W69/><G69/><T128/><D128/><U57/><E46/><V59/><F119/><W82/><G82/><T42/><D42/><U28/><E28/><V133/><F75/><W55/><REACH who="3" step="1"/><G65/><REACH who="3" ten="250,250,250,240" step="2"/><T129/><D129/><U15/><E70/><V132/><F77/><N who="1" m="29193" /><E68/><V123/><F123/><W73/><G73/><T0/><D80/><U93/><E18/><V102/><F67/><RYUUKYOKU ba="0,1" sc="250,-15,250,15,250,-15,240,15" hai1="14,15,50,53,57,84,93,94,99,101" hai3="6,8,21,24,30,49,55,58,97,103,106,117,118" /><INIT seed="1,1,1,5,1,37" ten="235,265,235,255" oya="1" hai0="118,12,33,73,81,129,83,117,66,111,102,100,56" hai1="25,4,78,86,67,59,124,105,120,115,135,32,92" hai2="134,94,70,27,74,116,71,21,103,8,11,97,107" hai3="91,38,26,68,98,82,96,54,122,121,123,61,7"/><U40/><E120/><V31/><F116/><W51/><G7/><T75/><D33/><U19/><E124/><V76/><F134/><W18/><G38/><T9/><D66/><U131/><E135/><V126/><F126/><W17/><G61/><T10/><D56/><U114/><E105/><V14/><F8/><W45/><G68/><T5/><D12/><U110/><E131/><V3/><F3/><W42/><G54/><T53/><D53/><U72/><E4/><V55/><F107/><W69/><G69/><T36/><D36/><U127/><E127/><V34/><F34/><W23/><REACH who="3" step="1"/><G18/><REACH who="3" ten="235,265,235,245" step="2"/><T60/><D5/><U35/><E19/><V84/><F55/><W24/><G24/><T101/><D60/><U119/><E25/><V130/><F70/><W64/><G64/><T113/><D129/><U99/><E67/><V16/><F71/><W41/><G41/><T89/><D118/><U30/><E40/><V109/><F130/><W28/><G28/><T62/><D117/><U52/><E30/><V112/><F31/><W79/><G79/><T13/><D62/><U58/><E119/><V95/><F76/><W125/><G125/><T29/><D29/><U48/><E58/><V22/><F27/><W15/><G15/><T20/><D13/><U1/><E78/><V6/><F14/><W132/><G132/><T85/><D9/><U128/><E59/><V63/><F11/><W0/><G0/><T47/><D10/><U93/><E1/><V106/><F6/><W44/><G44/><T50/><D47/><U104/><E52/><V88/><F63/><RYUUKYOKU ba="1,2" sc="235,-10,265,-10,235,-10,245,30" hai3="17,23,26,42,45,51,82,91,96,98,121,122,123" /><INIT seed="2,2,2,5,3,86" ten="225,255,225,275" oya="2" hai0="37,85,72,63,49,61,5,107,122,31,110,75,26" hai1="21,40,95,32,92,126,43,12,28,50,109,94,52" hai2="42,100,17,69,129,73,131,68,87,104,41,81,15" hai3="130,125,30,80,13,127,124,74,115,6,71,46,65"/><V10/><F73/><W84/><G115/><T133/><D122/><U57/><E126/><V1/><F1/><W112/><G112/><T24/><D37/><U53/><E109/><V38/><F100/><W120/><G120/><T14/><D107/><U118/><E32/><V7/><F104/><W90/><G130/><N who="2" m="49673" /><F7/><W2/><G30/><T36/><D36/><U89/><E118/><V39/><F39/><W103/><G103/><T23/><D110/><U78/><E78/><N who="2" m="46519" /><F38/><W114/><G114/><T22/><D133/><U93/><E53/><V48/><F48/><W8/><G74/><T82/><D49/><U91/><N who="1" m="23552" /><DORA hai="11" /><U121/><E121/><V88/><F88/><N who="1" m="33865" /><E28/><V105/><F105/><W44/><REACH who="3" step="1"/><G2/><REACH who="3" ten="225,255,225,265" step="2"/><T19/><D75/><U9/><E21/><V62/><F62/><AGARI ba="2,3" hai="6,8,13,44,46,62,65,71,80,84,90,124,125,127" machi="62" ten="40,12000,2" yaku="1,1,2,1,18,1,52,2,53,1" doraHai="86,11" doraHaiUra="66,123" who="3" fromWho="2" sc="225,0,255,0,225,-126,265,156" /><INIT seed="3,0,0,2,5,121" ten="225,255,99,421" oya="3" hai0="32,69,15,79,16,105,68,114,67,100,40,101,58" hai1="13,90,116,120,73,98,8,84,37,112,131,83,7" hai2="129,10,11,80,74,2,87,21,28,99,39,119,65" hai3="104,66,53,78,47,6,14,43,19,17,94,56,110"/><W95/><G104/><T107/><D32/><U49/><E112/><V27/><F119/><W96/><G66/><T23/><D114/><U86/><E131/><V93/><F129/><W26/><G78/><T117/><D117/><U124/><E37/><V59/><F39/><W38/><G110/><T88/><D40/><U54/><E124/><V123/><F2/><W9/><G26/><T135/><D79/><U71/><E71/><V52/><F74/><W46/><G46/><T82/><D135/><U113/><E120/><V130/><F130/><W31/><G31/><T25/><D69/><U85/><E73/><V18/><F65/><W111/><G111/><T55/><D67/><U102/><E116/><V81/><F123/><W76/><G76/><T35/><D68/><U1/><E1/><V91/><F28/><W97/><G95/><T61/><D107/><U103/><E113/><V4/><F4/><W12/><G94/><T128/><D105/><U22/><E22/><V127/><F127/><W106/><G106/><T118/><D128/><U41/><E41/><V50/><REACH who="2" step="1"/><F81/><REACH who="2" ten="225,255,89,421" step="2"/><W29/><G29/><N who="0" m="17599" /><D118/><U132/><E83/><V109/><F109/><W62/><REACH who="3" step="1"/><G6/><REACH who="3" ten="225,255,89,411" step="2"/><T24/><D35/><U5/><E5/><V34/><F34/><W125/><G125/><T36/><D36/><U57/><E132/><V3/><F3/><W89/><G89/><AGARI ba="0,2" hai="10,11,18,21,27,50,52,59,80,87,89,91,93,99" machi="89" ten="30,7700,0" yaku="1,1,7,1,8,1,54,1,53,0" doraHai="121" doraHaiUra="72" who="2" fromWho="3" sc="225,0,255,0,89,97,411,-77" /><INIT seed="4,0,0,4,0,132" ten="225,255,186,334" oya="0" hai0="116,79,126,0,121,112,107,66,7,74,18,11,58" hai1="31,118,32,85,119,104,83,61,77,36,44,105,29" hai2="73,95,9,80,125,26,123,70,24,14,15,97,129" hai3="8,81,86,96,135,54,78,67,49,131,21,64,37"/><T108/><D121/><U28/><E32/><V134/><F70/><W3/><G37/><T19/><D116/><U30/><E61/><V100/><F123/><W25/><G131/><T101/><D112/><U90/><N who="1" m="7168" /><DORA hai="55" /><U110/><E110/><V103/><F129/><W6/><G135/><T109/><D101/><U33/><E33/><V35/><F35/><W98/><G96/><T87/><D74/><U62/><E62/><V5/><F103/><W23/><G98/><T52/><D66/><U59/><E59/><V57/><F134/><W48/><G48/><N who="0" m="30983" /><D107/><U20/><E20/><V120/><F120/><W122/><G23/><T34/><D34/><U111/><E111/><N who="0" m="42569" /><D126/><U99/><E105/><V128/><F125/><W16/><G122/><T133/><D133/><U65/><E65/><V94/><F128/><W130/><REACH who="3" step="1"/><G130/><REACH who="3" ten="225,255,186,324" step="2"/><T41/><D41/><U93/><E104/><V68/><F97/><W27/><G27/><T63/><D63/><U40/><AGARI ba="0,1" hai="36,40,44,77,83,85,90,93,99,118,119" m="7168" machi="40" ten="40,1500,0" yaku="0,1" doraHai="132,55" who="1" fromWho="1" sc="225,-7,255,25,186,-4,324,-4" /><INIT seed="5,0,0,1,3,10" ten="218,280,182,320" oya="1" hai0="63,120,44,108,6,88,115,32,106,1,55,39,5" hai1="113,3,80,38,36,69,100,24,109,90,28,13,58" hai2="105,49,81,66,93,62,4,18,84,132,48,68,96" hai3="101,64,31,70,124,33,29,73,9,126,103,50,94"/><U8/><E69/><V25/><F132/><W99/><G73/><T45/><D108/><U15/><E113/><V22/><F4/><W60/><G9/><T134/><D1/><U20/><E100/><V98/><F105/><W57/><G103/><T56/><D115/><U86/><E109/><V54/><F93/><W123/><G123/><T41/><D106/><U37/><REACH who="1" step="1"/><E58/><REACH who="1" ten="218,270,182,320" step="2"/><V35/><F35/><W112/><G112/><T87/><D32/><U2/><E2/><V42/><F68/><W107/><G33/><T78/><D120/><U46/><E46/><V127/><F127/><N who="3" m="48683" /><G107/><T95/><D134/><U130/><E130/><V43/><F43/><W75/><G75/><T11/><D45/><U23/><E23/><V135/><F22/><W122/><G122/><T14/><REACH who="0" step="1"/><D78/><REACH who="0" ten="208,270,182,320" step="2"/><U67/><E67/><V131/><F66/><W121/><G121/><T129/><D129/><U128/><E128/><V26/><F131/><W0/><G0/><T91/><D91/><U30/><E30/><V71/><F135/><W61/><G29/><T19/><AGARI ba="0,2" hai="5,6,11,14,19,39,41,44,55,56,63,87,88,95" machi="19" ten="20,12000,2" yaku="1,1,0,1,7,1,52,1,54,1,53,1" doraHai="10" doraHaiUra="85" who="0" fromWho="0" sc="208,140,270,-60,182,-30,320,-30" /><INIT seed="6,0,0,0,0,68" ten="348,210,152,290" oya="2" hai0="90,33,89,25,93,13,82,37,130,15,43,99,111" hai1="29,84,12,50,18,88,113,123,10,49,132,71,129" hai2="9,121,73,135,65,27,102,115,32,133,112,118,42" hai3="47,2,110,45,97,28,57,58,44,14,3,60,114"/><V64/><F73/><W61/><G110/><T105/><D111/><U100/><E129/><V19/><F118/><W56/><G28/><T87/><D105/><U8/><E132/><N who="2" m="50763" /><F121/><W131/><G131/><T74/><D74/><U122/><E71/><V77/><F77/><W120/><G120/><N who="1" m="46122" /><E113/><N who="2" m="43595" /><F102/><W125/><G114/><T30/><REACH who="0" step="1"/><D130/><REACH who="0" ten="338,210,152,290" step="2"/><U48/><E100/><V78/><F78/><W38/><G60/><T95/><D95/><N who="1" m="54663" /><E29/><N who="2" m="19519" /><F42/><W54/><G61/><T26/><D26/><U117/><E117/><V109/><F109/><W85/><G2/><T7/><D7/><U11/><AGARI ba="0,1" hai="8,10,11,12,18,48,49,50" m="54663,46122" machi="11" ten="40,2700,0" yaku="13,1,54,1" doraHai="68" who="1" fromWho="1" sc="338,-7,210,37,152,-13,290,-7" /><INIT seed="7,0,0,0,3,8" ten="331,247,139,283" oya="3" hai0="84,58,13,18,135,80,128,120,48,14,127,6,116" hai1="88,101,97,118,115,99,119,125,1,60,31,63,26" hai2="61,65,15,22,50,52,11,107,112,39,130,92,96" hai3="29,121,94,87,28,91,25,73,27,105,7,59,56"/><W16/><G121/><T117/><D120/><U74/><E1/><V68/><F112/><W4/><G105/><T81/><D135/><U45/><E74/><V54/><F130/><W82/><G73/><T19/><D128/><U2/><E2/><V5/><F107/><W64/><G94/><T102/><D6/><N who="3" m="2089" /><G27/><T30/><D30/><N who="3" m="11881" /><G64/><T23/><D127/><U89/><E45/><V129/><F129/><W122/><G122/><T114/><D114/><U32/><E125/><V24/><F39/><W71/><G71/><T75/><D75/><U38/><E38/><V0/><F0/><W95/><G95/><T83/><D102/><U104/><E115/><V69/><F69/><W12/><G25/><T113/><D113/><U55/><E99/><V109/><F109/><W85/><G87/><T86/><D117/><N who="1" m="44555" /><E55/><V76/><F76/><W111/><G111/><T42/><D116/><U93/><E93/><V10/><F10/><AGARI ba="0,0" hai="10,12,16,56,59,82,85,91" m="11881,2089" machi="10" ten="30,5800,0" yaku="8,1,52,1,54,1" doraHai="8" who="3" fromWho="2" sc="331,0,247,0,139,-58,283,58" owari="331,13.1,247,-15.3,81,-41.9,341,44.1" /></mjloggm>