<mjloggm ver="2.3"><GO type="169" lobby="0"/><UN n0="%E3%82%A8%E3%82%B0%E3%83%81%E3%80%81" n1="%E2%91%A3%E9%81%BF%E9%81%8A%E6%88%AF%E3%80%90%E6%9D%B1%E5%8D%97%E3%80%91" n2="%E6%9C%A8%E5%8E%9F%E8%B1%AA%E4%B8%80" n3="%E3%81%86%E3%81%A1%E3%83%BC" dan="16,16,17,16" rate="2170.76,2133.77,2153.87,2146.77" sx="M,M,M,M"/><TAIKYOKU oya="0"/><INIT seed="0,0,0,5,2,11" ten="250,250,250,250" oya="0" hai0="118,104,82,44,116,31,120,131,14,9,102,22,71" hai1="59,72,133,48,4,21,49,95,88,20,121,74,77" hai2="127,76,122,112,128,19,73,34,8,129,105,3,98" hai3="43,18,91,45,126,27,54,7,53,135,17,113,60"/><T79/><D120/><U97/><E121/><V46/><F122/><W63/><G113/><T23/><D131/><U119/><E119/><V30/><F112/><W25/><G135/><T81/><D71/><U89/><E133/><V26/><F127/><W83/><G7/><T103/><D44/><U38/><E38/><V64/><F64/><W124/><G45/><T2/><D2/><U75/><E77/><V65/><F65/><W55/><G91/><T66/><D66/><U111/><E111/><V0/><F0/><W56/><G83/><T84/><D82/><U5/><E59/><V24/><F24/><W67/><G67/><T16/><D23/><U36/><E36/><V29/><F29/><W1/><G1/><T52/><D52/><U42/><E42/><V123/><F19/><N who="3" m="7179" /><G56/><T90/><D90/><U87/><E20/><V109/><F109/><W94/><G94/><T110/><D110/><U68/><E21/><V33/><F33/><W108/><G43/><T51/><D51/><U96/><E68/><V114/><F46/><W78/><G78/><T39/><D39/><U32/><E32/><V40/><F40/><W117/><G117/><T130/><D130/><U115/><E115/><V41/><F114/><W80/><G80/><T101/><REACH who="0" step="1"/><D104/><REACH who="0" ten="240,250,250,250" step="2"/><U37/><E37/><V50/><F123/><W93/><G108/><T125/><D125/><N who="3" m="48233" /><G93/><T106/><D106/><U85/><E74/><V86/><F73/><W92/><G92/><AGARI ba="0,1" hai="4,5,48,49,72,75,85,87,88,89,92,95,96,97" machi="92" ten="25,3200,0" yaku="22,2,54,1" doraHai="11" who="1" fromWho="3" sc="240,0,250,42,250,0,250,-32" /><INIT seed="1,0,0,1,5,115" ten="240,292,250,218" oya="1" hai0="131,42,10,51,9,61,106,81,26,57,14,96,31" hai1="100,101,94,11,23,83,6,86,128,32,60,111,54" hai2="16,68,30,13,112,55,39,36,103,56,102,108,69" hai3="89,53,123,109,78,17,58,12,84,97,43,124,75"/><U119/><E32/><V74/><F74/><W113/><G109/><T126/><D126/><U38/><E38/><V2/><F2/><W98/><G124/><T20/><D131/><U5/><E128/><V37/><F30/><W87/><G75/><T122/><D122/><U7/><E111/><V44/><F44/><W49/><G123/><T120/><D120/><U82/><E11/><V45/><F45/><W18/><G17/><T64/><D106/><U4/><E119/><V110/><F112/><W21/><G113/><T134/><D134/><U47/><E83/><V34/><F34/><W24/><G43/><T80/><D96/><U129/><E129/><V114/><F114/><W70/><G70/><T22/><D51/><U95/><E23/><V85/><F85/><W91/><G24/><N who="0" m="16775" /><D42/><U52/><E47/><V121/><F121/><W35/><G78/><T67/><D67/><U77/><N who="1" m="1024" /><DORA hai="40" /><U65/><E101/><V105/><F110/><W135/><G135/><T76/><D14/><U25/><E25/><V19/><F19/><W3/><G35/><T15/><D15/><U93/><REACH who="1" step="1"/><E100/><REACH who="1" ten="240,282,250,218" step="2"/><V50/><F108/><W48/><G3/><T116/><D116/><U28/><E28/><V0/><F0/><W72/><G21/><T90/><D81/><U46/><E46/><V133/><F133/><W62/><G18/><N who="0" m="12631" /><D76/><U132/><E132/><V79/><F79/><W104/><G104/><T59/><D9/><U63/><E63/><V73/><F105/><W41/><G62/><T92/><D10/><U27/><E27/><V125/><F39/><W33/><G49/><RYUUKYOKU ba="0,1" sc="240,-10,282,30,250,-10,218,-10" hai1="52,54,60,65,77,82,86,93,94,95" /><INIT seed="1,1,1,0,1,131" ten="230,312,240,208" oya="1" hai0="73,56,7,109,19,0,31,99,90,68,113,6,130" hai1="58,39,96,23,64,1,82,98,129,69,116,94,102" hai2="105,53,77,36,126,38,8,79,65,61,30,37,83" hai3="88,120,55,91,14,78,57,51,71,118,106,84,80"/><U12/><E116/><V111/><F111/><W2/><G2/><T70/><D113/><U95/><E129/><V44/><F126/><W122/><G118/><T33/><D130/><U32/><E1/><V66/><F105/><W75/><G71/><T54/><D73/><U28/><E39/><V117/><F117/><W128/><G128/><T85/><D99/><U29/><E32/><V21/><F30/><W115/><G106/><T18/><D109/><U45/><E69/><V13/><F21/><W25/><G115/><T62/><D70/><U52/><E82/><V10/><F79/><W67/><G67/><T4/><D68/><U86/><E45/><V100/><F100/><W47/><G91/><T93/><REACH who="0" step="1"/><D0/><REACH who="0" ten="220,312,240,208" step="2"/><U15/><E96/><V24/><F38/><W63/><G120/><T101/><D101/><U22/><E98/><V74/><F37/><W27/><G122/><T132/><D132/><U97/><E86/><V114/><F36/><W92/><REACH who="3" step="1"/><G14/><REACH who="3" ten="220,312,240,198" step="2"/><T48/><D48/><U3/><E12/><V17/><F114/><W20/><G20/><T76/><D76/><U125/><E22/><V9/><F13/><W135/><G135/><T124/><D124/><U46/><E125/><V89/><F89/><W59/><G59/><T35/><D35/><U121/><E121/><V5/><F77/><W60/><G60/><T50/><D50/><N who="1" m="28759" /><E3/><V134/><F134/><W107/><G107/><T104/><D104/><U103/><E103/><V87/><F61/><W123/><G123/><T72/><D72/><U133/><E133/><V34/><F74/><W40/><AGARI ba="1,3" hai="25,27,40,47,51,55,57,63,75,78,80,84,88,92" machi="40" ten="20,12000,2" yaku="1,1,5,1,0,1,7,1,54,1,53,1" doraHai="131" doraHaiUra="81" who="3" fromWho="3" sc="220,-31,312,-61,240,-31,198,153" /><INIT seed="2,0,0,5,0,107" ten="189,251,209,351" oya="2" hai0="17,73,9,44,96,11,93,13,131,132,10,117,102" hai1="62,111,95,7,134,78,88,37,112,68,92,30,40" hai2="109,97,24,115,85,86,67,43,39,105,63,99,101" hai3="83,59,50,124,54,126,80,45,76,47,4,32,46"/><V38/><F115/><W35/><G4/><T103/><D131/><U29/><E112/><V90/><F43/><W98/><G98/><T113/><D132/><U33/><E134/><V81/><F109/><W61/><G61/><T133/><D133/><U87/><E33/><V34/><F97/><W57/><G57/><T48/><D117/><U25/><E7/><V114/><F114/><W16/><G16/><T72/><D103/><U21/><E30/><V12/><F12/><W119/><G83/><T20/><REACH who="0" step="1"/><D113/><REACH who="0" ten="179,251,209,351" step="2"/><U22/><E111/><V100/><F100/><W65/><G119/><T104/><D104/><U31/><E31/><V27/><F101/><W106/><G106/><T15/><D15/><U14/><E14/><V64/><F105/><W66/><G32/><T118/><D118/><U3/><E29/><V36/><F34/><W0/><G35/><T116/><D116/><U51/><E3/><V52/><F27/><W5/><G0/><T108/><D108/><U42/><E25/><V18/><F24/><W74/><REACH who="3" step="1"/><G5/><REACH who="3" ten="179,251,209,341" step="2"/><T130/><D130/><U89/><E21/><V56/><F18/><W23/><G23/><T122/><D122/><U82/><E22/><V129/><F129/><W49/><G49/><T77/><D77/><U125/><E51/><V84/><REACH who="2" step="1"/><F81/><REACH who="2" ten="179,251,199,341" step="2"/><W28/><G28/><T53/><AGARI ba="0,3" hai="9,10,11,13,17,20,44,48,53,72,73,93,96,102" machi="53" ten="30,7900,0" yaku="1,1,0,1,52,2,53,0" doraHai="107" doraHaiUra="127" who="0" fromWho="0" sc="179,109,251,-20,199,-39,341,-20" /><INIT seed="3,0,0,2,4,122" ten="288,231,160,321" oya="3" hai0="2,67,78,90,41,98,81,29,118,133,62,103,125" hai1="31,113,68,47,52,7,36,120,135,45,61,16,76" hai2="97,24,75,13,87,69,28,63,50,84,3,82,33" hai3="80,121,19,39,93,32,77,124,0,17,46,74,49"/><W134/><G121/><T91/><D118/><U107/><E113/><V53/><F3/><W88/><G124/><T95/><D133/><U129/><E120/><V130/><F75/><W116/><G116/><T48/><D2/><U105/><E135/><V10/><F130/><W5/><G32/><T12/><D125/><U14/><E129/><V37/><F37/><W73/><G73/><T117/><D117/><U102/><E7/><V34/><F34/><W115/><G115/><T21/><D48/><U9/><E76/><V92/><F63/><W127/><G127/><T104/><D41/><U109/><E31/><V8/><F69/><W128/><G128/><T27/><D12/><U94/><E36/><V106/><F106/><W65/><G65/><T60/><D60/><U131/><E105/><V6/><F10/><N who="3" m="2343" /><G49/><T99/><D99/><U57/><E107/><V83/><F87/><N who="3" m="52383" /><G134/><T4/><D4/><U43/><E68/><V54/><F84/><W59/><G59/><T58/><REACH who="0" step="1"/><D104/><REACH who="0" ten="278,231,160,321" step="2"/><U108/><E131/><V111/><F50/><W18/><G39/><T56/><D56/><U20/><E43/><V35/><F97/><W26/><G46/><T123/><D123/><U23/><E47/><V44/><F44/><W25/><G25/><T132/><D132/><U119/><E45/><V100/><F24/><W1/><G26/><T96/><D96/><N who="1" m="59671" /><E119/><V15/><F6/><W22/><G1/><T42/><D42/><U72/><E72/><AGARI ba="0,1" hai="21,27,29,58,62,67,72,78,81,90,91,95,98,103" machi="72" ten="30,7700,0" yaku="1,1,7,1,25,2,53,0" doraHai="122" doraHaiUra="101" who="0" fromWho="1" sc="278,87,231,-77,160,0,321,0" /><INIT seed="4,0,0,3,2,79" ten="365,154,160,321" oya="0" hai0="95,84,34,117,62,89,22,91,53,60,28,20,8" hai1="50,5,39,10,81,3,37,119,75,55,83,7,106" hai2="11,51,58,0,101,40,74,47,110,93,73,114,85" hai3="122,90,82,41,19,21,32,68,35,45,25,54,126"/><T9/><D117/><U124/><E119/><V134/><F110/><W94/><G126/><T18/><D34/><U127/><E106/><V96/><F114/><W121/><G68/><T132/><D28/><U100/><E100/><V131/><F131/><W42/><G82/><N who="1" m="31242" /><E75/><V123/><F85/><N who="3" m="52559" /><G42/><T49/><D91/><U43/><E43/><V1/><F123/><N who="3" m="47115" /><G54/><T135/><D9/><U31/><E31/><V128/><F11/><W46/><G46/><N who="0" m="27831" /><D8/><U30/><E30/><V78/><F1/><W99/><G99/><T87/><D22/><U63/><E63/><V16/><F78/><W116/><G116/><T44/><D84/><U104/><E104/><V98/><F0/><W80/><G80/><T97/><D87/><U111/><E111/><V77/><F77/><W12/><G35/><T67/><D97/><U33/><E33/><V27/><F98/><W70/><G70/><T26/><D95/><U103/><E103/><V71/><F71/><W69/><G69/><T118/><D89/><U65/><E65/><V38/><F73/><W113/><G32/><T24/><D67/><U4/><E10/><V88/><F74/><W52/><G41/><T105/><D105/><U36/><E3/><V108/><F108/><W72/><G72/><T102/><D102/><U2/><E2/><V109/><F109/><W48/><G113/><T107/><D107/><U61/><E61/><V125/><F101/><W56/><G45/><T59/><D44/><U29/><E29/><V115/><F47/><W23/><G23/><T133/><D118/><U76/><E76/><V129/><F115/><RYUUKYOKU ba="0,0" sc="365,-15,154,15,160,-15,321,15" hai1="4,5,7,36,37,39,50,55,124,127" hai3="12,19,21,25,48,52,56" /><INIT seed="5,1,0,2,1,93" ten="350,169,145,336" oya="1" hai0="116,55,98,40,57,131,125,15,120,121,63,34,110" hai1="9,1,44,83,50,10,73,112,5,26,101,0,20" hai2="32,12,88,13,119,127,23,78,111,74,53,84,118" hai3="71,43,60,19,14,30,64,24,7,75,36,115,69"/><U122/><E122/><V105/><F111/><W35/><G75/><T18/><D110/><U104/><E112/><V16/><F32/><W29/><G7/><T95/><D116/><U128/><E128/><V96/><F127/><W102/><G30/><T61/><D34/><U21/><E73/><V130/><F130/><W94/><G43/><T46/><D125/><U133/><E133/><V97/><F74/><W22/><G36/><T48/><D131/><U25/><E83/><V117/><F78/><W31/><G31/><T106/><D106/><U79/><E79/><V2/><F2/><W109/><G115/><T100/><REACH who="0" step="1"/><D63/><REACH who="0" ten="340,169,145,336" step="2"/><U99/><E1/><V47/><F105/><W28/><G60/><T41/><D41/><U107/><E104/><V54/><F119/><W134/><G35/><T4/><D4/><U90/><E5/><V89/><F118/><W67/><G109/><T68/><D68/><U52/><E0/><V92/><F117/><W66/><G69/><T49/><D49/><U11/><REACH who="1" step="1"/><E90/><REACH who="1" ten="340,159,145,336" step="2"/><V45/><F89/><W6/><G6/><T39/><D39/><U33/><E33/><V3/><F3/><W51/><G51/><T70/><D70/><U126/><E126/><V8/><F88/><W87/><G71/><T124/><D124/><U38/><E38/><V80/><F80/><W27/><G134/><T114/><D114/><U135/><E135/><V123/><F123/><W81/><G81/><T56/><D56/><U17/><E17/><V72/><F16/><W58/><G19/><T113/><D113/><U76/><E76/><V62/><F62/><RYUUKYOKU ba="1,2" sc="340,15,159,15,145,-15,336,-15" hai0="15,18,40,46,48,55,57,61,95,98,100,120,121" hai1="9,10,11,20,21,25,26,44,50,52,99,101,107" /><INIT seed="5,2,2,0,5,3" ten="355,174,130,321" oya="1" hai0="85,96,120,8,73,23,66,90,103,68,105,106,114" hai1="24,62,14,95,48,80,9,71,29,59,104,113,125" hai2="26,64,2,127,43,39,53,31,49,81,18,119,6" hai3="82,33,94,45,37,61,128,65,75,11,1,130,84"/><U28/><E104/><V55/><F119/><W79/><G33/><T25/><D106/><U4/><E125/><V35/><F127/><W72/><G94/><T76/><D114/><U98/><E113/><V78/><F64/><W99/><G99/><T22/><D120/><U70/><E80/><V67/><F67/><W112/><G112/><T58/><D76/><U133/><E48/><V7/><F39/><W17/><G17/><T100/><D73/><U51/><E51/><V21/><F43/><N who="3" m="22767" /><G11/><T92/><D68/><U40/><E40/><V38/><F38/><W12/><G12/><T74/><D74/><U88/><E133/><V109/><F109/><W77/><G1/><T124/><D124/><U131/><E131/><N who="3" m="50218" /><G79/><T44/><D103/><U89/><E89/><V10/><F49/><W63/><G63/><T107/><D107/><U83/><E83/><V129/><F7/><W50/><G50/><T30/><D8/><U115/><E115/><V134/><F134/><W15/><G15/><T135/><D135/><U27/><E71/><AGARI ba="2,2" hai="61,65,71,72,75,77,82,84" m="50218,22767" machi="71" ten="30,1000,0" yaku="19,1" doraHai="3" who="3" fromWho="1" sc="355,0,174,-16,130,0,321,36" /><INIT seed="6,0,0,2,1,95" ten="355,158,130,357" oya="2" hai0="101,22,1,19,8,51,81,34,70,5,133,41,134" hai1="37,58,77,111,50,60,61,98,128,68,74,66,55" hai2="105,132,88,36,87,119,76,12,24,27,90,107,82" hai3="91,89,57,113,106,16,96,29,75,23,116,33,9"/><V121/><F121/><W94/><G75/><T85/><D70/><U72/><E128/><V93/><F119/><W18/><G106/><T46/><D34/><U13/><E111/><V10/><F36/><W30/><G116/><T109/><D101/><U65/><E77/><V47/><F132/><N who="0" m="50794" /><D109/><U17/><E37/><V97/><F105/><W35/><G35/><T99/><D99/><U42/><E42/><V130/><F130/><W73/><G73/><T63/><D63/><U79/><E79/><V21/><F107/><W123/><G113/><T104/><D104/><U44/><REACH who="1" step="1"/><E98/><REACH who="1" ten="355,148,130,357" step="2"/><V125/><F125/><W80/><G96/><T4/><D41/><U117/><E117/><V120/><F120/><W3/><G123/><T32/><D85/><U64/><E64/><V31/><F27/><W118/><G33/><T2/><D1/><U127/><E127/><V92/><F47/><W45/><G3/><T59/><D2/><U53/><E53/><V26/><F26/><W110/><G45/><T40/><D40/><U122/><E122/><V83/><REACH who="2" step="1"/><F76/><REACH who="2" ten="355,148,120,357" step="2"/><W100/><G118/><T69/><D46/><U11/><AGARI ba="0,2" hai="11,13,17,44,50,55,58,60,61,65,66,68,72,74" machi="11" ten="20,2700,0" yaku="1,1,0,1,7,1,53,0" doraHai="95" doraHaiUra="39" who="1" fromWho="1" sc="355,-7,148,47,120,-13,357,-7" /><INIT seed="7,0,0,5,5,90" ten="348,195,107,350" oya="3" hai0="87,34,28,52,74,124,126,75,23,22,63,60,20" hai1="15,37,133,132,32,118,97,88,68,44,41,135,39" hai2="101,35,79,92,123,78,131,3,70,48,18,13,24" hai3="85,16,99,2,82,26,64,117,129,6,7,5,69"/><W86/><G117/><T84/><D87/><U103/><E32/><V115/><F70/><W108/><G129/><T29/><D84/><U91/><E68/><V83/><F3/><W116/><G116/><T125/><D52/><U9/><E39/><V4/><F115/><W77/><G108/><T73/><D34/><U27/><E27/><V105/><F131/><W62/><G99/><T42/><D42/><U122/><E122/><V17/><F123/><W61/><G61/><AGARI ba="0,0" hai="20,22,23,28,29,60,61,63,73,74,75,124,125,126" machi="61" ten="60,8000,1" yaku="29,2,28,2,18,1" doraHai="90" who="0" fromWho="3" sc="348,80,195,0,107,0,350,-80" owari="428,52.8,195,-20.5,107,-39.3,270,7.0" /></mjloggm>