<mjloggm ver="2.3"><GO type="169" lobby="0"/><UN n0="%E3%81%AA%E3%81%8C%E3%81%95%E3%82%8F%E3%81%BE%E3%81%95%E3%81%BF" n1="%4B%2E%32%2E%4B%2E" n2="%64%61%6E%6E%63%68%69" n3="%E5%B9%BB%E6%B5%B7" dan="16,16,17,17" rate="2090.02,2102.23,2189.64,2142.41" sx="F,M,M,M"/><TAIKYOKU oya="0"/><INIT seed="0,0,0,2,2,52" ten="250,250,250,250" oya="0" hai0="28,42,57,44,121,49,125,75,95,39,80,135,5" hai1="92,24,90,119,33,3,8,23,21,63,72,78,79" hai2="74,107,59,4,116,68,124,67,81,101,126,22,133" hai3="55,50,41,66,113,91,48,108,94,20,18,2,1"/><T129/><D121/><U102/><E119/><V29/><F116/><W34/><G113/><T30/><D129/><U103/><E33/><V36/><F36/><W112/><G34/><T14/><D135/><U26/><E8/><V110/><F110/><W31/><G31/><T53/><D125/><U88/><E3/><V6/><F68/><W122/><G112/><T10/><REACH who="0" step="1"/><D95/><REACH who="0" ten="240,250,250,250" step="2"/><U118/><E92/><V47/><F133/><W9/><G94/><T17/><D17/><U109/><E118/><V45/><F124/><W85/><G18/><T11/><D11/><U58/><E109/><V130/><F126/><W61/><G9/><T111/><D111/><U51/><E102/><V46/><F130/><W114/><G122/><T56/><D56/><U104/><E103/><V132/><F132/><W87/><G108/><T37/><D37/><U93/><E58/><V115/><F115/><W16/><G16/><T62/><D62/><U35/><E93/><V105/><F105/><W77/><G61/><T96/><D96/><U12/><E63/><N who="2" m="38399" /><F107/><W54/><G114/><T15/><D15/><U99/><E12/><V13/><F101/><W83/><G1/><T86/><D86/><U117/><E99/><V19/><F74/><W0/><G87/><T123/><D123/><U82/><E104/><V131/><F131/><W43/><G85/><T76/><AGARI ba="0,1" hai="5,10,14,28,30,39,42,44,49,53,57,75,76,80" machi="76" ten="30,11700,0" yaku="1,1,0,1,52,1,53,1" doraHai="52" doraHaiUra="106" who="0" fromWho="0" sc="240,127,250,-39,250,-39,250,-39" /><INIT seed="0,1,0,4,0,20" ten="367,211,211,211" oya="0" hai0="81,111,84,119,101,114,112,118,126,14,10,59,37" hai1="2,133,96,9,124,50,91,76,22,72,120,60,74" hai2="47,25,41,125,51,1,19,102,15,135,33,127,68" hai3="103,49,69,26,7,98,40,36,71,45,64,134,122"/><T53/><D37/><U55/><E120/><V58/><F68/><W17/><G122/><T31/><D101/><U67/><E124/><V38/><F1/><W89/><G134/><T70/><D70/><U66/><E133/><V34/><F102/><W79/><G79/><T110/><D31/><U6/><E91/><V97/><F97/><W92/><G64/><T4/><D126/><N who="2" m="48138" /><F135/><W8/><G36/><T90/><D114/><U39/><E96/><V100/><F100/><W44/><G44/><T109/><REACH who="0" step="1"/><D112/><REACH who="0" ten="357,211,211,211" step="2"/><U104/><E39/><V93/><F38/><W78/><G103/><T107/><D107/><U99/><E104/><V42/><F93/><W117/><G71/><T77/><D77/><U82/><E76/><V115/><F115/><W54/><G78/><T28/><D28/><U52/><E74/><V85/><F58/><W5/><G69/><T61/><AGARI ba="1,1" hai="4,10,14,53,59,61,81,84,90,109,110,111,118,119" machi="61" ten="30,11700,0" yaku="1,1,0,1,14,1,10,1,53,0" doraHai="20" doraHaiUra="24" who="0" fromWho="0" sc="357,130,211,-40,211,-40,211,-40" /><INIT seed="0,2,0,4,0,97" ten="487,171,171,171" oya="0" hai0="0,61,128,78,34,44,5,121,100,96,120,18,28" hai1="111,62,106,98,29,40,112,47,52,50,9,13,91" hai2="24,109,82,102,58,6,39,115,12,74,30,57,107" hai3="71,87,66,122,73,3,125,99,43,108,84,22,54"/><T27/><D128/><U7/><E111/><V103/><F39/><W16/><G108/><T116/><D116/><U85/><E112/><V123/><F107/><W81/><G125/><T92/><D78/><U63/><E29/><V48/><F109/><W76/><G3/><T36/><D5/><U49/><E98/><V53/><F123/><W55/><G43/><T77/><D0/><U17/><E106/><V94/><F115/><W69/><G122/><T105/><D92/><U72/><E72/><V83/><F94/><W65/><G99/><T21/><D77/><U113/><E7/><V131/><F131/><W135/><G135/><T118/><D118/><U104/><E104/><V2/><F2/><W26/><G71/><T68/><D44/><U130/><E130/><V86/><F82/><W35/><G35/><T32/><D36/><U25/><E25/><V134/><F74/><W59/><G55/><T38/><D38/><U126/><E126/><V56/><F12/><W80/><G69/><T33/><REACH who="0" step="1"/><D28/><REACH who="0" ten="477,171,171,171" step="2"/><U119/><E119/><V93/><F93/><W46/><G46/><T114/><D114/><U90/><E113/><V129/><F6/><W11/><G73/><T10/><D10/><U4/><E4/><V133/><F129/><W110/><G11/><T127/><D127/><U117/><E117/><V95/><F95/><W8/><G8/><T79/><D79/><U37/><E37/><V89/><F134/><W51/><G110/><T60/><D60/><N who="1" m="23083" /><E85/><V20/><F133/><W19/><G19/><T67/><AGARI ba="2,1" hai="18,21,27,32,33,34,61,67,68,96,100,105,120,121" machi="67" ten="40,7800,0" yaku="1,1,0,1,52,1,53,0" doraHai="97" doraHaiUra="132" who="0" fromWho="0" sc="477,94,171,-28,171,-28,171,-28" /><INIT seed="0,3,0,0,1,129" ten="571,143,143,143" oya="0" hai0="16,128,64,69,73,5,127,7,30,94,125,24,135" hai1="100,44,18,75,2,82,59,23,80,98,118,126,111" hai2="81,39,105,4,92,108,89,74,43,32,15,49,97" hai3="87,8,12,29,131,51,6,63,122,109,115,53,20"/><T34/><D73/><U36/><E118/><V58/><F32/><W3/><G115/><T79/><D79/><U110/><E2/><V62/><F108/><N who="1" m="41513" /><E126/><N who="0" m="48137" /><D94/><N who="1" m="58455" /><E75/><V120/><F120/><W26/><G109/><T99/><D99/><U83/><E59/><V0/><F105/><W67/><G131/><T66/><D128/><U11/><E11/><V134/><F39/><W37/><G37/><T104/><D104/><U55/><E55/><V47/><F0/><W90/><G122/><T107/><D107/><U123/><E123/><V124/><F124/><W52/><G51/><T93/><D93/><U85/><E44/><V57/><F74/><W117/><G3/><T60/><D66/><U103/><E103/><V95/><F58/><N who="3" m="37367" /><G117/><T84/><D84/><U25/><E36/><V116/><F116/><W65/><G65/><T114/><D114/><U76/><AGARI ba="3,0" hai="18,23,25,76,80,82,83,85" m="58455,41513" machi="76" ten="30,1100,0" yaku="14,1" doraHai="129" who="1" fromWho="1" sc="571,-8,143,20,143,-6,143,-6" /><INIT seed="1,0,0,0,5,59" ten="563,163,137,137" oya="1" hai0="133,9,71,132,23,128,79,114,14,118,134,42,20" hai1="24,110,37,126,30,40,70,69,73,84,111,4,49" hai2="33,45,44,22,124,109,29,99,43,82,61,46,74" hai3="1,91,83,17,119,127,3,19,88,12,55,52,34"/><U62/><E73/><V122/><F122/><W50/><G34/><T135/><D135/><U67/><E70/><V32/><F109/><N who="1" m="41481" /><E126/><V95/><F124/><W13/><G127/><T115/><D79/><U108/><N who="1" m="41489" /><U7/><DORA hai="130" /><E37/><V27/><F43/><W18/><G119/><T96/><D71/><U105/><E105/><V120/><F120/><W41/><G41/><T75/><D42/><U113/><E113/><N who="0" m="43017" /><D75/><U28/><E84/><V103/><F74/><W116/><G116/><T54/><D128/><U131/><E131/><V104/><F82/><W25/><G25/><T101/><D54/><N who="3" m="20521" /><G50/><T39/><D39/><U102/><E102/><V129/><F129/><W35/><G83/><T81/><D81/><U57/><E30/><V77/><F77/><W8/><G8/><T38/><D38/><U94/><E94/><V65/><REACH who="2" step="1"/><F104/><REACH who="2" ten="563,163,127,137" step="2"/><W107/><G107/><N who="0" m="63911" /><D118/><U15/><E40/><V89/><F89/><N who="3" m="34379" /><G35/><T64/><D64/><U86/><E67/><V80/><F80/><W26/><G26/><T112/><D112/><U66/><E66/><V106/><F106/><W47/><G47/><T68/><D68/><AGARI ba="0,1" hai="22,27,29,32,33,44,45,46,61,65,68,95,99,103" machi="68" ten="40,8000,1" yaku="1,1,52,1,53,2" doraHai="59,130" doraHaiUra="31,72" who="2" fromWho="0" sc="563,-80,163,0,127,90,137,0" /><INIT seed="2,0,0,0,1,83" ten="483,163,217,137" oya="2" hai0="60,120,46,76,49,58,75,127,123,5,29,26,121" hai1="4,63,115,74,93,19,133,25,84,132,87,109,40" hai2="39,6,124,71,81,15,125,67,52,100,34,80,97" hai3="12,56,135,24,68,122,50,119,8,130,41,2,3"/><V36/><F34/><W98/><G122/><T37/><D37/><U69/><E115/><V42/><F71/><W44/><G119/><T27/><D5/><U90/><E74/><V21/><F67/><W1/><G68/><T78/><D127/><N who="2" m="48714" /><F42/><W111/><G111/><T117/><D75/><U85/><E109/><V53/><F39/><W77/><G130/><T104/><D26/><U91/><E40/><V73/><F36/><W7/><G135/><N who="1" m="51786" /><E4/><V114/><F114/><W70/><G70/><T89/><D104/><U118/><E118/><V31/><F31/><W65/><G24/><T18/><D18/><U45/><E45/><V13/><F13/><W107/><G77/><T23/><D89/><U102/><E102/><V59/><F73/><W116/><G116/><T57/><D117/><U99/><E25/><V112/><F112/><W101/><G65/><T55/><REACH who="0" step="1"/><D58/><REACH who="0" ten="473,163,217,137" step="2"/><U131/><E19/><N who="2" m="10495" /><F6/><W48/><G56/><T128/><D128/><U106/><E131/><V108/><F108/><W11/><REACH who="3" step="1"/><G50/><REACH who="3" ten="473,163,217,127" step="2"/><T94/><D94/><N who="1" m="54599" /><E106/><N who="2" m="63759" /><F59/><W134/><G134/><T47/><D47/><U96/><E96/><V82/><AGARI ba="0,2" hai="52,53,80,81,82" m="63759,10495,48714" machi="82" ten="30,3000,0" yaku="18,1,54,1" doraHai="83" who="2" fromWho="2" sc="473,-10,163,-10,217,50,127,-10" /><INIT seed="2,1,0,4,2,21" ten="463,153,267,117" oya="2" hai0="113,71,78,88,70,6,126,10,33,73,112,36,90" hai1="53,22,35,135,46,13,93,29,129,102,67,48,37" hai2="30,92,12,45,55,81,91,59,2,86,133,1,18" hai3="19,0,11,107,127,130,98,39,76,96,75,95,15"/><V43/><F133/><W132/><G132/><T7/><D36/><U118/><E135/><V28/><F2/><W16/><G39/><T61/><D33/><U72/><E72/><V82/><F1/><W89/><G130/><T109/><D61/><U125/><E118/><V54/><F43/><W94/><G107/><T63/><D63/><U31/><E35/><V52/><F45/><W9/><G127/><T87/><D87/><U24/><E125/><V41/><F41/><W57/><G57/><T17/><D17/><U20/><E129/><V49/><F30/><W34/><G34/><T84/><D10/><U103/><E67/><V27/><F55/><W44/><G44/><T60/><D60/><U111/><E111/><V134/><F54/><W115/><G115/><T58/><D84/><U8/><E93/><V51/><F51/><W120/><G120/><T69/><D58/><U40/><E40/><V85/><F134/><W62/><G62/><T3/><D109/><U117/><E117/><V99/><F99/><W4/><G76/><T32/><D32/><U64/><E64/><V66/><F66/><W116/><G75/><T123/><D73/><U97/><E97/><V74/><F74/><W5/><REACH who="3" step="1"/><G116/><REACH who="3" ten="463,153,267,107" step="2"/><T42/><D78/><U128/><E128/><V77/><F77/><W47/><G47/><T83/><D123/><U101/><E37/><V38/><F38/><W105/><G105/><T23/><D126/><U106/><E106/><V26/><F82/><W104/><G104/><T80/><D112/><U56/><E46/><V110/><F110/><W50/><G50/><RYUUKYOKU ba="1,1" sc="463,-10,153,-10,267,-10,107,30" hai3="0,4,5,9,11,15,16,19,89,94,95,96,98" /><INIT seed="3,2,1,1,1,9" ten="453,143,257,137" oya="3" hai0="125,127,23,91,3,53,48,111,107,115,20,85,102" hai1="28,27,109,15,70,29,67,33,80,133,97,104,100" hai2="61,31,130,128,120,79,117,121,39,132,4,82,17" hai3="41,50,46,37,62,0,35,131,57,1,93,113,59"/><W105/><G105/><T56/><D111/><U98/><E109/><V95/><F39/><W8/><G113/><T124/><D3/><U94/><E133/><V99/><F31/><W51/><G131/><N who="2" m="50217" /><F61/><W21/><G35/><T52/><D115/><U49/><E80/><V71/><F71/><W60/><G21/><T101/><D53/><U32/><E49/><V65/><F65/><W2/><G93/><N who="0" m="54511" /><D107/><U103/><E15/><V72/><F4/><W89/><G89/><T47/><D56/><U135/><E135/><V5/><F5/><W88/><G88/><T77/><D77/><U106/><E94/><V12/><F132/><W55/><REACH who="3" step="1"/><G8/><REACH who="3" ten="453,143,257,127" step="2"/><T22/><AGARI ba="2,2" hai="20,22,23,47,48,52,101,102,124,125,127" m="54511" machi="22" ten="40,2700,0" yaku="18,1,54,1" doraHai="9" who="0" fromWho="0" sc="453,53,143,-9,257,-9,127,-15" /><INIT seed="4,0,0,3,4,129" ten="506,134,248,112" oya="0" hai0="38,126,49,23,133,128,110,36,50,99,32,134,8" hai1="105,28,106,42,73,101,71,112,62,75,61,53,103" hai2="51,16,119,52,66,131,80,120,2,64,3,72,34" hai3="79,14,56,76,54,17,46,88,65,77,15,109,98"/><T93/><D32/><U125/><E71/><V22/><F120/><W70/><G109/><T40/><D128/><U124/><E42/><V90/><F34/><W12/><G70/><T91/><D126/><N who="1" m="48747" /><E28/><V39/><F39/><W5/><G65/><T41/><D110/><U130/><E53/><V19/><F131/><W31/><G31/><T43/><D23/><U20/><E20/><V92/><F119/><W30/><G30/><T117/><D117/><U25/><E25/><V85/><F3/><W107/><G46/><T96/><D8/><U48/><E48/><N who="0" m="18537" /><D96/><U68/><E68/><V37/><F2/><W135/><G5/><T94/><D94/><U55/><E55/><V81/><F37/><W44/><G44/><T4/><D4/><U113/><E62/><V104/><F104/><N who="1" m="40041" /><E61/><V29/><F29/><W0/><G0/><T26/><D26/><U95/><E130/><V89/><F19/><W97/><G107/><T69/><D69/><U115/><E95/><V127/><F127/><W9/><G9/><T82/><D82/><U122/><E122/><V58/><F80/><W18/><G18/><T57/><D57/><U83/><E83/><V121/><F121/><W67/><G17/><T33/><D33/><U45/><E45/><V63/><F63/><W1/><G56/><T10/><D10/><U84/><E84/><N who="2" m="52295" /><F72/><AGARI ba="0,0" hai="72,73,75,101,103,112,113,115" m="40041,48747" machi="72" ten="40,12000,2" yaku="28,2,15,1,11,1,18,1,34,2" doraHai="129" who="1" fromWho="2" sc="506,0,134,120,248,-120,112,0" /><INIT seed="5,0,0,5,1,125" ten="506,254,128,112" oya="1" hai0="53,42,88,34,64,123,15,50,47,63,105,1,56" hai1="36,111,80,112,113,16,107,44,135,106,27,68,60" hai2="6,65,39,97,48,61,59,8,83,66,2,85,32" hai3="81,131,89,132,120,9,116,52,43,93,134,17,94"/><U75/><E135/><N who="3" m="51754" /><G120/><T51/><D105/><U25/><E36/><V30/><F39/><W133/><N who="3" m="51762" /><W82/><DORA hai="110" /><G116/><T12/><D1/><U70/><E44/><V86/><F32/><W23/><G43/><T92/><D34/><U104/><E111/><V19/><F30/><W55/><G9/><T87/><REACH who="0" step="1"/><D123/><REACH who="0" ten="496,254,128,112" step="2"/><U5/><E104/><V45/><F2/><W119/><G119/><T77/><D77/><U72/><E106/><V117/><F117/><W78/><G131/><T100/><D100/><U35/><E107/><V4/><F66/><W41/><G41/><T57/><AGARI ba="0,1" hai="12,15,42,47,50,51,53,56,57,63,64,87,88,92" machi="57" ten="20,8000,1" yaku="1,1,0,1,7,1,8,1,54,1,53,0" doraHai="125,110" doraHaiUra="76,24" who="0" fromWho="0" sc="496,90,254,-40,128,-20,112,-20" /><INIT seed="6,0,0,2,4,75" ten="586,214,108,92" oya="2" hai0="20,84,94,74,101,115,126,23,121,81,107,102,47" hai1="124,16,59,129,66,112,36,111,69,11,79,88,98" hai2="24,99,97,52,9,18,39,44,96,42,86,108,21" hai3="64,1,26,38,8,41,0,43,104,125,31,61,67"/><V106/><F108/><W3/><G125/><T50/><D121/><U56/><E36/><V30/><F86/><W83/><G104/><T51/><D51/><U91/><E69/><V25/><F9/><W110/><G110/><T73/><D126/><U130/><E112/><V132/><F132/><W63/><G8/><T128/><D128/><U134/><E134/><V65/><F65/><W103/><G103/><T119/><D119/><U14/><E66/><V72/><F72/><W118/><G118/><T29/><D20/><U45/><E98/><V4/><F4/><W48/><G38/><T68/><D102/><U90/><E45/><V15/><F106/><W28/><G83/><T10/><D10/><U105/><E105/><V78/><F78/><W5/><G5/><T82/><D82/><U77/><E111/><V58/><REACH who="2" step="1"/><F30/><REACH who="2" ten="586,214,98,92" step="2"/><W34/><G31/><T71/><D107/><U76/><E124/><V33/><F33/><W114/><G114/><T6/><D6/><U93/><E129/><V122/><F122/><W46/><G67/><T123/><D123/><U87/><E130/><V131/><F131/><W55/><REACH who="3" step="1"/><G63/><AGARI ba="0,1" hai="15,18,21,24,25,39,42,44,52,58,63,96,97,99" machi="63" ten="40,3900,0" yaku="1,1,54,1,53,0" doraHai="75" doraHaiUra="35" who="2" fromWho="3" sc="586,0,214,0,98,49,92,-39" /><INIT seed="6,1,0,3,5,5" ten="586,214,147,53" oya="2" hai0="39,54,32,14,91,25,41,64,99,133,43,49,30" hai1="118,31,102,128,135,66,0,87,1,106,21,29,52" hai2="79,47,24,98,127,92,75,9,105,110,53,121,2" hai3="65,88,115,125,124,120,134,131,13,85,27,93,89"/><V114/><F121/><W81/><G65/><T95/><D133/><U38/><E118/><V90/><F114/><W11/><G120/><T61/><D39/><U3/><E38/><V40/><F127/><W69/><G69/><T37/><D37/><U77/><E66/><V96/><F53/><W22/><G134/><T60/><D14/><U76/><E102/><V50/><F110/><W15/><G131/><T10/><D10/><U70/><E70/><V35/><F79/><W94/><G15/><T104/><D104/><U68/><E68/><V48/><F75/><W45/><G45/><T36/><D36/><U72/><E106/><V78/><F78/><W122/><G122/><T28/><D28/><U63/><E72/><V57/><F50/><W111/><G111/><T16/><D61/><U12/><E77/><V112/><F57/><W18/><G115/><T126/><D126/><U107/><E107/><V17/><F112/><W59/><G59/><T83/><D64/><U56/><E128/><V108/><F108/><W130/><G81/><T86/><D60/><U119/><E119/><V67/><F67/><W8/><G8/><T82/><D82/><N who="1" m="47559" /><E135/><V7/><F17/><W97/><REACH who="3" step="1"/><G130/><REACH who="3" ten="586,214,147,43" step="2"/><T44/><D16/><AGARI ba="1,1" hai="11,13,16,18,22,27,85,88,89,93,94,97,124,125" machi="16" ten="40,12000,2" yaku="1,1,2,1,52,1,54,2,53,1" doraHai="5" doraHaiUra="23" who="3" fromWho="0" sc="586,-123,214,0,147,0,43,133" /><INIT seed="7,0,0,5,3,78" ten="463,214,147,176" oya="3" hai0="121,92,26,87,38,70,106,12,41,57,10,84,91" hai1="67,90,134,100,104,108,52,88,13,21,132,31,74" hai2="30,1,51,9,101,64,6,80,36,18,23,66,96" hai3="135,123,94,122,99,98,126,42,72,24,97,114,117"/><W25/><G117/><T69/><D106/><U118/><E74/><V62/><F36/><W16/><G72/><T82/><D121/><U65/><E108/><V2/><F2/><W102/><G114/><T112/><D112/><U50/><E100/><V5/><F5/><W43/><G135/><N who="1" m="51754" /><E104/><V58/><F30/><W28/><G126/><T113/><D26/><U61/><E67/><V125/><F125/><W119/><G119/><T127/><D57/><U48/><E48/><V89/><F51/><W37/><G123/><T32/><D32/><U111/><E111/><V73/><F64/><W60/><G122/><T124/><D113/><U20/><E13/><V63/><F63/><W93/><G37/><T8/><D8/><U79/><E79/><V44/><F44/><W71/><G71/><T45/><D124/><U53/><E53/><V49/><F49/><W35/><G60/><T0/><D0/><U47/><E20/><V7/><F7/><W40/><G102/><T39/><D39/><U19/><E19/><V128/><F128/><W120/><G120/><T116/><D116/><U54/><E54/><V81/><F89/><W131/><G131/><T76/><D127/><U83/><E31/><V110/><F73/><W95/><G25/><T85/><D87/><N who="1" m="50303" /><E90/><V107/><F110/><W109/><G109/><T15/><D15/><AGARI ba="0,0" hai="1,6,9,15,18,23,58,62,66,80,81,96,101,107" machi="15" ten="30,3900,0" yaku="7,1,52,2" doraHai="78" who="2" fromWho="0" sc="463,-39,214,0,147,39,176,0" owari="424,52.4,214,1.4,186,-21.4,176,-32.4" /></mjloggm>