<mjloggm ver="2.3"><GO type="169" lobby="0"/><UN n0="%E6%A1%83%E3%81%A3%E3%81%BA" n1="%E3%83%8F%E3%82%BA%E3%83%AC" n2="%E3%81%97%E3%82%83%E3%82%8B%E3%81%BC%E3%82%93" n3="%E6%9F%8A%E5%92%B2%E5%A4%9C" dan="16,17,16,16" rate="2071.12,2201.42,2138.62,2154.99" sx="M,M,M,M"/><TAIKYOKU oya="0"/><INIT seed="0,0,0,0,2,40" ten="250,250,250,250" oya="0" hai0="27,43,101,13,39,61,22,106,19,123,103,121,56" hai1="63,33,66,111,99,25,49,87,72,135,98,65,4" hai2="128,73,93,86,133,75,109,67,17,7,102,54,60" hai3="89,59,88,90,3,105,55,116,18,38,120,64,97"/><T107/><D107/><U77/><E72/><V52/><F7/><W68/><G116/><T9/><D106/><U37/><E37/><V74/><F109/><W79/><G120/><T129/><D129/><U108/><E4/><V134/><F128/><W126/><G126/><T125/><D125/><U30/><E135/><N who="2" m="51723" /><F17/><W2/><G79/><T92/><D123/><U20/><E33/><V11/><F11/><W42/><G68/><T41/><D121/><U1/><E1/><V95/><F102/><N who="0" m="38922" /><D92/><N who="2" m="35402" /><F86/><W24/><G64/><N who="0" m="38951" /><D39/><U85/><E66/><V100/><F100/><W10/><G105/><T130/><D130/><U84/><E77/><V8/><F8/><W0/><G97/><T110/><D110/><N who="1" m="42027" /><E49/><V71/><AGARI ba="0,0" hai="52,54,60,67,71,73,74,75" m="35402,51723" machi="71" ten="40,2700,0" yaku="20,1,54,1" doraHai="40" who="2" fromWho="2" sc="250,-13,250,-7,250,27,250,-7" /><INIT seed="1,0,0,3,1,84" ten="237,243,277,243" oya="1" hai0="52,118,109,12,65,49,66,123,78,117,0,76,113" hai1="23,90,2,8,34,9,63,26,32,64,31,77,119" hai2="47,40,107,68,42,97,25,95,80,103,39,85,60" hai3="115,87,4,74,18,83,94,116,106,105,89,135,15"/><U96/><E77/><V131/><F131/><W128/><G115/><T11/><D0/><U122/><E122/><V48/><F107/><W6/><G128/><T3/><D3/><U5/><E119/><V72/><F72/><W20/><G116/><T69/><D113/><U57/><REACH who="1" step="1"/><E9/><REACH who="1" ten="237,233,277,243" step="2"/><V101/><F101/><W53/><G135/><T45/><D123/><U13/><E13/><V86/><F25/><W120/><G120/><T33/><D118/><U108/><E108/><V59/><F68/><W58/><G106/><T127/><D109/><U104/><E104/><V111/><F111/><W129/><G105/><T79/><D117/><U43/><E43/><V91/><F42/><W22/><G129/><T21/><D69/><U14/><E14/><V44/><F39/><W62/><REACH who="3" step="1"/><G22/><REACH who="3" ten="237,233,277,233" step="2"/><T17/><D33/><U38/><E38/><V102/><F102/><W30/><G30/><T124/><REACH who="0" step="1"/><D21/><REACH who="0" ten="227,233,277,233" step="2"/><U7/><E7/><V88/><F103/><W99/><G99/><T71/><D71/><U16/><E16/><V67/><F97/><W55/><G55/><T46/><D46/><AGARI ba="0,3" hai="40,44,46,47,48,59,60,67,80,85,86,88,91,95" machi="46" ten="40,8000,1" yaku="8,1,52,2,54,1" doraHai="84" who="2" fromWho="0" sc="227,-80,233,0,277,110,233,0" /><INIT seed="2,0,0,2,3,21" ten="147,233,387,233" oya="2" hai0="58,106,84,101,25,40,34,60,97,45,124,107,71" hai1="121,132,68,30,125,113,24,67,73,99,29,79,14" hai2="18,5,102,133,41,69,117,93,108,43,100,44,50" hai3="95,130,27,32,134,20,4,62,52,51,9,17,26"/><V0/><F117/><W6/><G134/><T98/><D124/><U46/><E113/><V65/><F133/><W126/><G126/><T11/><D84/><U31/><E121/><V38/><F0/><W82/><G130/><T89/><D11/><U3/><E3/><V59/><F5/><N who="3" m="2155" /><G32/><T12/><D12/><U19/><E132/><V15/><F41/><W88/><G62/><T2/><D2/><U63/><E125/><V55/><F108/><W80/><G27/><T122/><D122/><U22/><E99/><V61/><REACH who="2" step="1"/><F93/><REACH who="2" ten="147,233,377,233" step="2"/><W16/><G17/><T110/><D110/><U127/><E127/><V33/><F33/><W81/><G9/><AGARI ba="0,1" hai="9,15,18,38,43,44,50,55,59,61,65,69,100,102" machi="9" ten="30,11600,0" yaku="1,1,7,1,24,2,53,0" doraHai="21" doraHaiUra="123" who="2" fromWho="3" sc="147,0,233,0,377,126,233,-116" /><INIT seed="2,1,0,4,4,9" ten="147,233,503,117" oya="2" hai0="21,66,133,23,29,68,11,82,47,73,85,17,2" hai1="75,43,57,119,117,4,130,64,55,86,102,70,110" hai2="100,16,88,32,65,42,27,71,18,96,51,46,80" hai3="72,31,120,45,6,67,77,8,128,93,92,30,1"/><V3/><F3/><W131/><G120/><T10/><D73/><U132/><E75/><V97/><F71/><W5/><G5/><T60/><D133/><U24/><E43/><V94/><F65/><W114/><G114/><T95/><D95/><U15/><E132/><V40/><F40/><W84/><G67/><T79/><D2/><U91/><E102/><V13/><F32/><W104/><G104/><T44/><D29/><U20/><E110/><V106/><F27/><W129/><G92/><T53/><D21/><U89/><E89/><V108/><F108/><W122/><G122/><T135/><D135/><U69/><E130/><V105/><F105/><W87/><G72/><T109/><D109/><U33/><E33/><V116/><F116/><W118/><G118/><T74/><D74/><U36/><E36/><V7/><F80/><W123/><G123/><T103/><D103/><U34/><E34/><V38/><F38/><W25/><G45/><T48/><REACH who="0" step="1"/><D47/><REACH who="0" ten="137,233,503,117" step="2"/><U99/><E119/><V134/><F134/><W90/><G25/><AGARI ba="1,1" hai="10,11,17,23,25,44,48,53,60,66,68,79,82,85" machi="25" ten="30,3900,0" yaku="1,1,2,1,7,1,53,0" doraHai="9" doraHaiUra="54" who="0" fromWho="3" sc="137,52,233,0,503,0,117,-42" /><INIT seed="3,0,0,4,5,19" ten="189,233,503,75" oya="3" hai0="60,71,123,91,70,67,46,4,82,41,102,88,112" hai1="69,64,96,103,65,133,30,31,84,45,115,105,35" hai2="47,113,17,79,59,83,48,9,128,0,101,2,8" hai3="120,86,99,119,44,34,32,75,89,20,116,1,125"/><W63/><G120/><T77/><D123/><U23/><E115/><V81/><F113/><W5/><G75/><T135/><D112/><U14/><E133/><V114/><F114/><W68/><G125/><T36/><D135/><U118/><E118/><V42/><F128/><W74/><G74/><T124/><D71/><U134/><E134/><V21/><F101/><W15/><G34/><T40/><D124/><U131/><E131/><V110/><F110/><W132/><G32/><T108/><D108/><U107/><E107/><V11/><F0/><W52/><G132/><T76/><D76/><U22/><E14/><V50/><F2/><W109/><G109/><T12/><D102/><U16/><E16/><V24/><F79/><W122/><G122/><T97/><D41/><U127/><E127/><V55/><AGARI ba="0,0" hai="8,9,11,17,21,24,42,47,48,50,55,59,81,83" machi="55" ten="30,4000,0" yaku="0,1,8,1,52,1" doraHai="19" who="2" fromWho="2" sc="189,-10,233,-10,503,40,75,-20" /><INIT seed="4,0,0,3,3,83" ten="179,223,543,55" oya="0" hai0="72,109,71,32,128,28,14,107,48,122,68,27,0" hai1="23,127,11,76,42,115,44,60,104,113,54,133,126" hai2="114,95,21,91,19,39,47,80,108,30,10,94,125" hai3="52,131,111,88,57,96,73,37,4,119,82,62,65"/><T74/><D122/><U102/><E76/><V25/><F108/><W59/><G111/><T50/><D109/><U15/><E133/><V40/><F114/><N who="1" m="43529" /><E23/><V134/><F125/><N who="1" m="47625" /><E102/><V106/><F106/><W105/><G119/><T49/><D0/><U58/><E104/><V45/><F134/><W18/><G37/><T130/><D107/><U92/><E92/><V12/><F80/><W24/><G4/><T13/><D13/><U43/><E44/><V85/><F47/><W84/><G131/><N who="0" m="50219" /><D14/><U123/><E123/><V75/><F75/><AGARI ba="0,0" hai="27,28,32,48,49,50,68,71,72,74,75" m="50219" machi="75" ten="40,2000,0" yaku="19,1" doraHai="83" who="0" fromWho="2" sc="179,20,223,0,543,-20,55,0" /><INIT seed="4,1,0,2,4,97" ten="199,223,523,55" oya="0" hai0="101,41,15,45,98,108,84,23,70,48,94,64,113" hai1="109,4,39,66,122,51,119,9,129,67,78,95,74" hai2="50,134,54,11,82,103,121,126,49,86,53,31,133" hai3="80,37,115,130,35,112,89,28,88,135,65,61,111"/><T1/><D1/><U120/><E39/><V52/><F121/><W19/><G111/><T33/><D33/><U132/><E119/><V116/><F116/><W40/><G130/><T43/><D113/><N who="3" m="43593" /><G135/><T0/><D0/><U5/><E5/><V100/><F31/><W47/><G19/><T102/><D108/><U92/><E109/><V42/><F126/><W63/><G63/><T12/><D43/><U21/><E21/><V72/><F72/><W79/><G28/><T16/><D64/><U24/><E24/><V62/><F62/><W57/><G35/><T106/><D70/><U73/><E73/><AGARI ba="1,0" hai="37,40,47,57,61,65,73,79,80,88,89" m="43593" machi="73" ten="30,2000,0" yaku="15,1,54,1" doraHai="97" who="3" fromWho="1" sc="199,0,223,-23,523,0,55,23" /><INIT seed="5,0,0,3,5,71" ten="199,200,523,78" oya="1" hai0="87,128,12,48,100,64,59,31,126,80,60,69,45" hai1="135,65,44,120,133,4,49,42,114,67,83,95,7" hai2="24,132,38,5,113,3,9,33,121,41,112,37,115" hai3="101,18,107,14,32,66,77,1,43,123,52,63,134"/><U15/><E114/><V117/><F117/><W34/><G123/><T17/><D126/><U116/><E116/><V30/><F121/><W93/><G134/><N who="1" m="51210" /><E120/><V129/><F41/><W103/><G1/><T99/><D128/><U90/><E83/><V40/><F40/><W74/><G107/><T111/><D31/><U20/><E20/><V6/><F129/><W106/><G106/><T78/><D111/><U97/><E15/><V23/><F132/><W109/><G109/><T86/><D69/><U0/><E0/><V55/><F6/><AGARI ba="0,0" hai="4,6,7,42,44,49,65,67,90,95,97" m="51210" machi="6" ten="30,1500,0" yaku="20,1" doraHai="71" who="1" fromWho="2" sc="199,0,200,15,523,-15,78,0" /><INIT seed="5,1,0,3,5,9" ten="199,215,508,78" oya="1" hai0="23,69,75,105,98,133,115,129,94,85,11,65,59" hai1="45,47,77,126,89,12,87,35,31,24,90,44,121" hai2="14,70,67,79,95,80,0,104,16,74,58,96,43" hai3="52,114,116,60,124,26,112,3,103,78,111,20,113"/><U30/><E121/><V64/><F70/><W38/><G111/><T132/><D69/><U127/><E30/><V120/><F120/><W57/><G124/><N who="1" m="47658" /><E77/><V101/><F0/><W50/><G38/><T118/><D75/><U86/><E86/><V61/><F43/><W128/><G128/><T68/><D68/><U108/><E108/><V88/><F67/><W99/><G3/><T51/><D85/><U131/><E131/><V39/><F39/><W22/><G116/><T48/><D105/><U21/><E87/><V55/><F64/><W6/><G6/><T66/><D118/><U7/><E7/><V125/><F125/><W13/><G78/><T71/><D71/><U42/><E42/><V41/><F41/><W76/><G76/><T123/><D123/><U37/><E37/><V53/><F53/><W84/><G84/><T91/><D129/><U2/><E2/><V29/><F29/><W135/><G135/><T34/><D34/><U63/><E63/><V102/><F104/><W25/><G60/><T46/><D133/><U40/><E40/><V109/><F109/><W72/><G72/><T107/><D107/><U97/><E97/><V54/><F54/><W4/><G22/><AGARI ba="1,0" hai="14,16,22,55,58,61,74,79,80,88,95,96,101,102" machi="22" ten="30,7700,0" yaku="7,1,52,1,54,2" doraHai="9" who="2" fromWho="3" sc="199,0,215,0,508,80,78,-80" owari="199,-20.1,215,1.5,588,68.8,-2,-50.2" /></mjloggm>