<mjloggm ver="2.3"><GO type="169" lobby="0"/><UN n0="%E3%81%9D%E3%81%86%E3%81%9F%E3%81%A3%E3%81%9F" n1="%E3%81%BA%E3%82%8D%E3%81%BA%E3%82%8D%E3%81%8D%E3%82%93" n2="%E4%B8%80%E7%95%AA%E3%81%84%E3%81%A1%E3%81%B0%E3%82%93" n3="%4C%65%74%6F%2E" dan="16,16,16,16" rate="2068.15,2129.36,2093.20,2076.97" sx="M,M,F,M"/><TAIKYOKU oya="0"/><INIT seed="0,0,0,1,2,23" ten="250,250,250,250" oya="0" hai0="10,120,25,123,40,107,12,7,97,73,77,15,124" hai1="81,54,41,11,5,101,106,3,129,14,61,110,133" hai2="26,37,119,125,105,86,134,76,43,89,67,8,58" hai3="115,1,19,2,114,47,35,24,29,63,36,127,27"/><T131/><D40/><U44/><E110/><V104/><F125/><W68/><G127/><T33/><D73/><U102/><E129/><V78/><F134/><W31/><G19/><T85/><D124/><U75/><E133/><V100/><F119/><W111/><G111/><T87/><D131/><U96/><E102/><V112/><F112/><W69/><G63/><T99/><D107/><U21/><E61/><V109/><F43/><W116/><G47/><T39/><D39/><U71/><E71/><V46/><F37/><W22/><G36/><T18/><D77/><U42/><E54/><V52/><F46/><W135/><G135/><T83/><D87/><U90/><E44/><V113/><F67/><W72/><G72/><T57/><D57/><U93/><E21/><V30/><F8/><W128/><G128/><T56/><D56/><U64/><E3/><V70/><F113/><W98/><G98/><T84/><D84/><N who="1" m="52423" /><E64/><V121/><F70/><W80/><G22/><N who="0" m="11615" /><D123/><U66/><E66/><V16/><F121/><W79/><G80/><T6/><D120/><U45/><E45/><V60/><F109/><W32/><REACH who="3" step="1"/><G79/><AGARI ba="0,0" hai="5,11,14,41,42,75,79,81,96,101,106" m="52423" machi="79" ten="30,1000,0" yaku="24,1" doraHai="23" who="1" fromWho="3" sc="250,0,250,10,250,0,250,-10" /><INIT seed="1,0,0,2,0,130" ten="250,260,250,240" oya="1" hai0="58,28,109,112,99,9,33,51,73,53,50,95,123" hai1="69,26,63,129,19,6,115,44,83,15,122,118,97" hai2="101,64,75,65,78,116,120,106,134,4,92,89,3" hai3="102,70,13,12,52,125,42,29,10,110,131,35,24"/><U25/><E118/><V121/><F116/><W127/><G70/><T90/><D112/><U40/><E115/><V113/><F113/><W100/><G42/><T72/><D109/><U37/><E122/><V132/><F3/><W36/><G36/><T111/><D111/><U67/><E129/><V126/><F4/><W43/><G43/><T62/><D123/><N who="2" m="47178" /><F64/><W18/><G110/><T81/><D33/><U32/><E6/><V124/><F65/><W27/><G131/><T133/><D28/><U1/><E1/><V49/><F101/><W17/><G52/><T117/><D117/><U84/><E97/><N who="2" m="57487" /><F106/><W77/><G77/><T23/><D9/><U5/><E5/><V11/><F11/><W128/><G128/><T46/><D51/><U108/><E32/><V66/><F66/><W114/><G114/><T74/><D23/><U94/><E108/><V79/><F49/><W98/><G27/><T107/><D107/><U48/><E94/><V105/><F105/><W38/><G38/><T34/><D34/><U7/><E7/><V21/><F21/><N who="3" m="11439" /><G98/><T68/><D68/><U93/><E93/><V91/><F91/><W71/><G71/><T41/><D81/><U82/><E82/><N who="2" m="45407" /><F79/><W103/><G103/><T20/><D20/><N who="1" m="11391" /><E37/><V59/><F59/><W87/><G102/><T56/><REACH who="0" step="1"/><D58/><REACH who="0" ten="240,260,250,240" step="2"/><U80/><E80/><V16/><F16/><W39/><G39/><T2/><D2/><U31/><E31/><V85/><F85/><W86/><G100/><T57/><D57/><U14/><E14/><V55/><F55/><W119/><G119/><T88/><D88/><AGARI ba="0,1" hai="25,26,40,44,48,63,67,69,83,84,88" m="11391" machi="88" ten="30,2900,0" yaku="6,1,54,1" doraHai="130" who="1" fromWho="0" sc="240,-29,260,39,250,0,240,0" /><INIT seed="1,1,0,1,2,98" ten="211,299,250,240" oya="1" hai0="74,44,54,0,90,79,24,131,43,84,73,99,20" hai1="58,8,86,36,97,72,113,128,101,46,4,47,64" hai2="109,52,133,14,48,9,5,15,87,81,42,78,59" hai3="104,60,88,114,17,23,68,83,13,70,32,91,19"/><U124/><E113/><V38/><F109/><W123/><G32/><T30/><D0/><U57/><E72/><V120/><F133/><W6/><G123/><T89/><D131/><U116/><E116/><V94/><F120/><W126/><G114/><T119/><D119/><U3/><E128/><V37/><F42/><W21/><G126/><T75/><D54/><U115/><E115/><V107/><F107/><W1/><G104/><T34/><D34/><U118/><E118/><V53/><F15/><W2/><G60/><T10/><D10/><U95/><E124/><V40/><F40/><W56/><G56/><T82/><REACH who="0" step="1"/><D99/><REACH who="0" ten="201,299,250,240" step="2"/><U77/><E64/><V62/><REACH who="2" step="1"/><F94/><REACH who="2" ten="201,299,240,240" step="2"/><W66/><G1/><T35/><D35/><U41/><REACH who="1" step="1"/><E46/><AGARI ba="1,2" hai="5,9,14,37,38,46,48,52,53,59,62,78,81,87" machi="46" ten="30,7700,0" yaku="1,1,2,1,7,1,54,1,53,0" doraHai="98" doraHaiUra="134" who="2" fromWho="1" sc="201,0,299,-80,240,100,240,0" /><INIT seed="2,0,0,2,0,74" ten="201,219,340,240" oya="2" hai0="83,15,25,59,97,92,100,46,40,127,34,31,33" hai1="122,125,93,43,32,104,113,121,49,84,68,58,102" hai2="109,94,70,6,78,37,26,65,72,12,91,130,61" hai3="35,11,0,13,8,52,110,75,129,1,81,107,82"/><V30/><F130/><W28/><G107/><T128/><D127/><U79/><E113/><V90/><F37/><W39/><G39/><T71/><D71/><U115/><E115/><V10/><F109/><W7/><G110/><T117/><D117/><U14/><E68/><V98/><F72/><W44/><G129/><T9/><D59/><U20/><E32/><V124/><F124/><W135/><G135/><T116/><D116/><U80/><E125/><V103/><REACH who="2" step="1"/><F78/><REACH who="2" ten="201,219,330,240" step="2"/><W60/><G75/><T21/><D128/><U42/><E122/><V64/><F64/><W4/><G13/><T76/><D15/><U134/><E121/><V131/><F131/><W111/><G111/><T2/><D2/><U112/><E112/><V29/><F29/><W114/><G114/><T118/><D118/><U89/><E134/><V38/><F38/><W50/><G28/><T23/><D31/><U62/><E79/><V69/><F69/><W87/><G1/><T120/><D120/><U67/><E67/><V73/><F73/><W22/><G0/><T3/><D76/><U16/><E14/><V132/><F132/><W54/><G7/><T18/><D3/><U99/><E16/><V63/><F63/><W108/><G4/><T45/><D18/><U88/><E62/><V95/><F95/><W24/><G108/><T101/><D92/><U119/><E119/><V85/><F85/><W51/><G60/><T41/><D83/><U86/><E80/><V126/><F126/><W96/><G82/><T19/><D19/><U56/><E93/><V5/><F5/><W77/><G77/><RYUUKYOKU ba="0,1" sc="201,-10,219,-10,330,30,240,-10" hai2="6,10,12,26,30,61,65,70,90,91,94,98,103" /><INIT seed="2,1,1,3,5,52" ten="191,209,360,230" oya="2" hai0="98,15,19,38,28,112,127,33,95,45,59,71,93" hai1="102,96,114,61,73,129,113,111,131,14,90,2,97" hai2="86,92,53,39,99,57,105,5,69,63,32,36,103" hai3="120,100,88,47,27,85,31,132,1,43,35,46,135"/><V21/><F32/><W101/><G1/><T44/><D71/><U84/><E2/><V40/><F5/><W48/><G120/><T104/><D112/><N who="1" m="43115" /><E14/><V108/><F108/><W29/><G29/><T117/><D127/><U82/><E61/><V65/><F40/><W64/><G64/><T81/><D117/><U75/><E111/><V3/><F3/><W70/><G70/><T16/><D104/><N who="1" m="63559" /><E97/><V51/><REACH who="2" step="1"/><F21/><REACH who="2" ten="191,209,350,230" step="2"/><W134/><G47/><T66/><D44/><U4/><E4/><V30/><F30/><W109/><G109/><T24/><D45/><U77/><E75/><V26/><F26/><W60/><G43/><T56/><D24/><U119/><E119/><V67/><F67/><W76/><G46/><T83/><D66/><U72/><E72/><V10/><F10/><W116/><G116/><T12/><D28/><U126/><E126/><V107/><F107/><W9/><G9/><T80/><D19/><U23/><E23/><V94/><F94/><AGARI ba="1,2" hai="73,77,82,84,90,94,129,131" m="63559,43115" machi="94" ten="30,3900,0" yaku="24,1,34,2" doraHai="52" who="1" fromWho="2" sc="191,0,209,62,350,-42,230,0" /><INIT seed="3,0,0,4,1,10" ten="191,271,308,230" oya="3" hai0="6,108,58,46,92,98,105,81,82,103,30,104,27" hai1="15,66,99,107,16,113,93,135,116,129,51,21,76" hai2="95,49,125,70,12,96,45,84,44,130,64,112,7" hai3="41,60,55,19,109,127,115,54,97,1,17,33,26"/><W90/><G115/><T72/><D108/><U134/><E113/><V87/><F130/><W124/><G1/><T63/><D6/><U89/><E129/><V57/><F112/><W59/><G109/><T69/><D69/><U117/><E107/><V34/><F70/><W102/><G41/><T28/><D28/><U24/><E66/><V47/><F34/><W86/><G55/><T56/><D56/><U88/><E76/><V110/><F110/><W118/><G118/><N who="1" m="45674" /><E51/><V121/><F121/><W132/><G132/><N who="1" m="50730" /><E24/><V131/><F125/><N who="3" m="48203" /><G26/><T91/><D46/><U62/><E62/><N who="2" m="37967" /><F131/><W37/><G37/><T38/><D38/><U39/><E39/><V74/><F74/><W53/><G53/><T128/><D72/><U0/><E0/><V36/><F49/><W13/><G13/><T73/><D128/><U11/><E11/><N who="2" m="4223" /><F36/><W40/><G40/><T42/><D42/><U71/><E71/><V4/><F4/><W9/><G9/><T2/><D2/><U75/><E75/><V111/><F111/><W100/><G100/><AGARI ba="0,0" hai="15,16,21,88,89,93,99,100" m="50730,45674" machi="100" ten="30,8000,1" yaku="12,1,20,1,52,1,54,2" doraHai="10" who="1" fromWho="3" sc="191,0,271,80,308,0,230,-80" /><AGARI ba="0,0" hai="44,45,47,84,87,95,96,100" m="4223,37967" machi="100" ten="30,2000,0" yaku="8,1,52,1" doraHai="10" who="2" fromWho="3" sc="191,0,351,0,308,20,150,-20" /><INIT seed="4,0,0,2,3,62" ten="191,351,328,130" oya="0" hai0="47,85,50,117,59,112,109,19,130,97,105,51,23" hai1="131,0,116,29,35,77,113,114,43,9,6,4,12" hai2="61,25,31,14,30,38,2,119,127,133,68,70,106" hai3="20,56,7,16,80,90,108,110,22,72,86,76,1"/><T58/><D117/><U84/><E43/><V55/><F127/><W49/><G22/><T83/><D112/><N who="1" m="43115" /><E77/><V34/><F38/><W121/><G121/><T57/><D130/><U65/><E84/><V125/><F125/><W126/><G126/><T89/><D109/><U93/><E93/><V64/><F119/><W81/><G7/><N who="1" m="2602" /><E116/><V100/><F2/><W78/><G1/><T103/><REACH who="0" step="1"/><D47/><REACH who="0" ten="181,351,328,130" step="2"/><U74/><E131/><V129/><F129/><W111/><G78/><T67/><D67/><U128/><E65/><V79/><F79/><W46/><G56/><T82/><D82/><U123/><E128/><V73/><F64/><W94/><G81/><T102/><D102/><U36/><E123/><V124/><F100/><W63/><G63/><T17/><D17/><U42/><E0/><V41/><F124/><W24/><REACH who="3" step="1"/><G111/><REACH who="3" ten="181,351,328,120" step="2"/><T87/><D87/><U101/><E74/><V92/><F73/><W115/><G115/><T53/><D53/><AGARI ba="0,2" hai="16,20,24,46,49,53,72,76,80,86,90,94,108,110" machi="53" ten="30,8000,1" yaku="1,1,7,1,54,1,53,2" doraHai="62" doraHaiUra="120" who="3" fromWho="0" sc="181,-80,351,0,328,0,120,100" /><INIT seed="5,0,0,3,1,79" ten="101,351,328,220" oya="1" hai0="83,60,42,117,103,14,59,73,30,99,98,37,61" hai1="133,88,108,62,124,7,5,27,110,26,24,0,55" hai2="105,131,19,12,43,48,87,29,17,76,72,81,18" hai3="35,106,129,23,9,34,80,57,52,86,70,58,67"/><U66/><E133/><V101/><F131/><W90/><G70/><T115/><D117/><U85/><E55/><V53/><F29/><W11/><G106/><T114/><D30/><U75/><E75/><V49/><F43/><W69/><G69/><T46/><D14/><U119/><E119/><V77/><F105/><W51/><G129/><T40/><D40/><U36/><E36/><V94/><F48/><W6/><G23/><T3/><D3/><U16/><E124/><V122/><F122/><W20/><G20/><T82/><D73/><U54/><E54/><V50/><F50/><W4/><G35/><T107/><D99/><U109/><E0/><V44/><F76/><W84/><G34/><T15/><D15/><U91/><E16/><V64/><F64/><W8/><G84/><T127/><D127/><U97/><E97/><N who="2" m="59575" /><F72/><W135/><G135/><T125/><D125/><U39/><E39/><V45/><F12/><W1/><G1/><T65/><REACH who="0" step="1"/><D60/><AGARI ba="0,0" hai="4,6,8,9,11,51,52,57,58,60,67,80,86,90" machi="60" ten="40,5200,0" yaku="8,1,52,1,54,1" doraHai="79" who="3" fromWho="0" sc="101,-52,351,0,328,0,220,52" /><INIT seed="6,0,0,4,5,1" ten="49,351,328,272" oya="2" hai0="43,35,26,128,115,111,56,125,63,117,61,23,67" hai1="120,82,55,127,5,36,100,124,62,12,8,87,37" hai2="105,65,53,99,118,98,17,81,33,126,11,19,84" hai3="46,60,54,89,41,112,74,119,27,18,86,51,93"/><V134/><F118/><W131/><G131/><T50/><D35/><U38/><E100/><V45/><F134/><W71/><G74/><T129/><D23/><U28/><E28/><V110/><F33/><W4/><G119/><T32/><D26/><U70/><E120/><V3/><F126/><N who="1" m="48169" /><E55/><V20/><F65/><W75/><G75/><T80/><D32/><U76/><E62/><V34/><F34/><W88/><G112/><T72/><D125/><U90/><E70/><V113/><F113/><W0/><G71/><T77/><D115/><U40/><E90/><N who="2" m="51471" /><F3/><W10/><G89/><T15/><D117/><U92/><E92/><V44/><F110/><W135/><G135/><T22/><D111/><U123/><E123/><V102/><F44/><AGARI ba="0,0" hai="5,8,12,36,37,38,40,44,76,82,87" m="48169" machi="44" ten="30,2000,0" yaku="18,1,52,1" doraHai="1" who="1" fromWho="2" sc="49,0,351,20,328,-20,272,0" /><INIT seed="7,0,0,2,2,36" ten="49,371,308,272" oya="3" hai0="19,44,122,104,53,52,67,33,64,132,65,97,130" hai1="29,59,46,34,37,80,110,32,91,90,22,89,115" hai2="14,84,119,113,86,69,135,18,49,43,81,31,63" hai3="88,1,58,78,83,16,39,55,57,120,134,56,105"/><W42/><G120/><T107/><D122/><U35/><E110/><V48/><F119/><W10/><G105/><T9/><D33/><U99/><E115/><V26/><F113/><W82/><G134/><T25/><D132/><U38/><E80/><V133/><F133/><W41/><G39/><T71/><D97/><U126/><E126/><V23/><F135/><W79/><G55/><T108/><D25/><U74/><E74/><V7/><F7/><W21/><G10/><T111/><D9/><U13/><E99/><V15/><F15/><N who="3" m="9375" /><G1/><T100/><D100/><U94/><E94/><V103/><F103/><W129/><G129/><T4/><D19/><U20/><E13/><V27/><F27/><W116/><G116/><T66/><D4/><U61/><E29/><V127/><F127/><W92/><G83/><T117/><D117/><U106/><E106/><V102/><F102/><W118/><G118/><T28/><D28/><U60/><E35/><V76/><F86/><N who="3" m="48479" /><G78/><T125/><D125/><U73/><E90/><V5/><F5/><W24/><G24/><T6/><D6/><U17/><E73/><V54/><F69/><W109/><G109/><N who="0" m="42059" /><D130/><U11/><E11/><V128/><F128/><W45/><G45/><T124/><D124/><U72/><E46/><N who="2" m="25695" /><F26/><W12/><G12/><T77/><D77/><U131/><E72/><V70/><F31/><W98/><AGARI ba="0,0" hai="41,42,56,57,58,88,92,98" m="48479,9375" machi="98" ten="30,12000,1" yaku="8,1,52,2,54,2" doraHai="36" who="3" fromWho="3" sc="49,-40,371,-40,308,-40,272,120" owari="9,-49.1,331,13.1,268,-13.2,392,49.2" /></mjloggm>