<mjloggm ver="2.3"><GO type="169" lobby="0"/><UN n0="%6D%75%72%61%30%2B" n1="%E3%81%A8%E3%81%A3%E3%81%A8%E3%83%BC" n2="%E3%83%8F%E3%83%B3%E3%83%81%E3%83%A7%E3%82%A6%E5%A4%A7%E6%A7%BB" n3="%E3%81%8A%E3%81%9F%E3%81%BE%E3%82%8B" dan="16,16,16,16" rate="2120.41,2080.26,2120.15,2073.65" sx="M,M,M,M"/><TAIKYOKU oya="0"/><INIT seed="0,0,0,3,0,15" ten="250,250,250,250" oya="0" hai0="65,123,49,30,117,69,21,29,64,7,72,74,32" hai1="132,125,134,18,37,54,94,28,83,46,88,5,124" hai2="89,129,86,17,52,70,105,122,91,10,119,11,9" hai3="100,38,53,25,111,40,76,19,128,33,107,56,109"/><T71/><D117/><U108/><E28/><V3/><F122/><W101/><G128/><T81/><D7/><U95/><E5/><V50/><F70/><W41/><G76/><T97/><D123/><U92/><E108/><V59/><F129/><W110/><G38/><T44/><D32/><U34/><E34/><V24/><F105/><W23/><G33/><T45/><D97/><U67/><E67/><V130/><F130/><W135/><G135/><N who="1" m="51754" /><E54/><V39/><F39/><W87/><G87/><T113/><D81/><U98/><E18/><V126/><F126/><N who="1" m="48745" /><E83/><V60/><F3/><W77/><G41/><AGARI ba="0,0" hai="37,41,46,88,92,94,95,98" m="48745,51754" machi="41" ten="30,3900,0" yaku="20,1,18,1,54,1" doraHai="15" who="1" fromWho="3" sc="250,0,250,39,250,0,250,-39" /><INIT seed="1,0,0,5,4,45" ten="250,289,250,211" oya="1" hai0="21,43,110,64,114,89,99,73,25,52,33,56,46" hai1="62,71,42,3,16,116,36,13,117,0,72,80,78" hai2="40,10,79,77,120,91,17,95,128,37,4,76,41" hai3="50,98,97,135,112,28,15,24,44,39,67,86,27"/><U132/><E132/><V87/><F120/><W32/><G112/><T55/><D114/><U129/><E129/><V14/><F128/><W104/><G135/><T29/><D73/><U124/><E124/><V70/><F70/><W51/><G39/><T20/><D110/><U12/><E12/><V8/><REACH who="2" step="1"/><F37/><REACH who="2" ten="250,289,240,211" step="2"/><W107/><G107/><T123/><D123/><U11/><E117/><V81/><F81/><W90/><G104/><T34/><D34/><U31/><E116/><V96/><F96/><W66/><G97/><T122/><D122/><U57/><E71/><V101/><F101/><W61/><G98/><T93/><D33/><U82/><E80/><V106/><F106/><W102/><G102/><T108/><D108/><U7/><E7/><V131/><F131/><W68/><G68/><T100/><D100/><U19/><E36/><V74/><F74/><W127/><G127/><T22/><D64/><U109/><E109/><V134/><F134/><W5/><G66/><T83/><D83/><U18/><E82/><V48/><F48/><W54/><G50/><N who="0" m="28759" /><D43/><U30/><E42/><V130/><F130/><W2/><G67/><T60/><AGARI ba="0,1" hai="20,21,22,25,29,55,56,60,89,93,99" m="28759" machi="60" ten="30,4000,0" yaku="8,1,52,1,54,1" doraHai="45" who="0" fromWho="0" sc="250,50,289,-20,240,-10,211,-10" /><INIT seed="2,0,0,4,5,67" ten="300,269,230,201" oya="2" hai0="68,104,112,45,3,126,16,102,54,119,85,37,56" hai1="64,31,108,80,4,17,0,51,41,95,47,1,62" hai2="125,75,120,76,57,89,59,11,122,91,30,109,97" hai3="96,48,87,127,28,81,33,44,60,32,132,118,121"/><V100/><F30/><W131/><G121/><T134/><D3/><U88/><E108/><V110/><F11/><W105/><G118/><T94/><D112/><U46/><E80/><N who="2" m="45087" /><F57/><W124/><G132/><T78/><D134/><U13/><E31/><V49/><F59/><W38/><G38/><T79/><D104/><U55/><E4/><V115/><F49/><W29/><G105/><T84/><D119/><U90/><E0/><V77/><F77/><W24/><G96/><T65/><D126/><U18/><E18/><V21/><F21/><W71/><G60/><T53/><D79/><U73/><E73/><V35/><F35/><W103/><G103/><T2/><D78/><U5/><E5/><V7/><F7/><W9/><G9/><T43/><D2/><U10/><E1/><V20/><F20/><W135/><G135/><T113/><D54/><U83/><E55/><V34/><F34/><W93/><G48/><T111/><D113/><U86/><E51/><V70/><F70/><W74/><G44/><T69/><D16/><U50/><E50/><V8/><F8/><W107/><G74/><T12/><D12/><U19/><E19/><V36/><F36/><W66/><G66/><T130/><D65/><U117/><E117/><V106/><F115/><W129/><G71/><N who="0" m="27211" /><D56/><N who="1" m="36935" /><E41/><V22/><F22/><W58/><G58/><T40/><D40/><U82/><E46/><V98/><F125/><W72/><G124/><T27/><D27/><U52/><E52/><V133/><F133/><W26/><G127/><T114/><D114/><U63/><E10/><V14/><F122/><RYUUKYOKU ba="0,0" sc="300,0,269,0,230,0,201,0" /><INIT seed="3,1,0,0,5,75" ten="300,269,230,201" oya="3" hai0="128,2,44,122,36,33,14,55,28,101,3,57,23" hai1="68,71,92,119,27,102,132,42,93,74,18,10,91" hai2="46,107,118,50,6,108,70,65,40,76,106,25,131" hai3="47,73,103,5,82,90,48,66,52,49,133,124,77"/><W54/><G124/><T115/><D122/><U9/><E119/><V11/><F118/><W7/><G133/><T35/><D128/><U53/><E42/><V104/><F108/><W80/><G103/><T78/><D115/><U134/><E74/><V105/><F131/><W120/><G120/><T19/><D101/><U34/><E102/><V17/><F70/><W125/><G125/><T130/><D130/><U51/><E68/><V30/><F65/><W121/><G121/><T109/><D36/><U26/><E92/><V111/><F111/><W64/><G90/><T72/><D44/><U24/><E34/><V32/><F17/><W31/><G31/><T94/><D94/><U84/><E71/><V39/><N who="2" m="26624" /><DORA hai="8" /><V63/><F63/><W60/><G80/><T69/><D35/><U13/><REACH who="1" step="1"/><E9/><REACH who="1" ten="300,259,230,201" step="2"/><V21/><F32/><W37/><G37/><T126/><D33/><U43/><E43/><V22/><F22/><W41/><G41/><T116/><D23/><U89/><E89/><V129/><F129/><W38/><G38/><T117/><D117/><U16/><E16/><V135/><F135/><W83/><G83/><T97/><D19/><U59/><AGARI ba="1,1" hai="10,13,18,24,26,27,51,53,59,84,91,93,132,134" machi="59" ten="30,7900,0" yaku="1,1,0,1,52,1,53,1" doraHai="75,8" doraHaiUra="15,113" who="1" fromWho="1" sc="300,-21,259,92,230,-21,201,-40" /><INIT seed="4,0,0,2,3,83" ten="279,351,209,161" oya="0" hai0="79,115,36,112,23,110,59,39,71,32,92,118,129" hai1="117,33,85,17,84,97,73,42,51,27,122,135,54" hai2="14,66,130,119,18,3,113,120,65,31,20,9,108" hai3="128,24,98,4,64,133,125,41,16,56,52,81,13"/><T116/><D32/><U40/><E73/><V102/><F108/><W30/><G128/><T48/><D23/><N who="1" m="13807" /><E135/><V58/><F120/><W132/><G125/><T124/><D92/><U72/><E72/><V7/><F130/><W21/><G41/><N who="1" m="15978" /><E33/><V80/><F113/><N who="0" m="43594" /><D79/><U46/><E117/><N who="0" m="45161" /><D129/><U63/><E63/><V89/><F102/><W11/><G64/><T44/><D71/><U50/><E122/><V69/><F69/><W103/><G81/><T29/><D29/><U22/><E51/><V75/><F119/><W106/><REACH who="3" step="1"/><G30/><REACH who="3" ten="279,351,209,151" step="2"/><T5/><D124/><U93/><E22/><V68/><F31/><W70/><G70/><T96/><D110/><U47/><E47/><V55/><F68/><W34/><G34/><T90/><D44/><U101/><AGARI ba="0,1" hai="46,50,54,84,85,93,97,101" m="15978,13807" machi="101" ten="30,4000,0" yaku="8,1,52,2" doraHai="83" who="1" fromWho="1" sc="279,-20,351,50,209,-10,151,-10" /><INIT seed="5,0,0,4,4,80" ten="259,401,199,141" oya="1" hai0="73,128,64,21,65,74,123,42,40,97,103,77,25" hai1="125,130,34,14,35,89,79,101,113,1,112,95,90" hai2="131,31,78,27,133,50,59,8,23,85,127,43,19" hai3="91,48,39,107,7,126,15,93,115,18,67,12,56"/><U124/><E1/><V46/><F133/><W37/><G107/><T36/><D128/><U17/><E79/><V3/><F127/><N who="1" m="48713" /><E101/><V88/><F131/><W20/><G126/><T47/><D123/><U99/><E89/><V94/><F78/><W28/><G115/><N who="1" m="44106" /><E130/><V55/><F3/><W4/><G28/><T118/><D118/><U129/><E129/><V24/><F8/><AGARI ba="0,0" hai="8,14,17,34,35,90,95,99" m="44106,48713" machi="8" ten="30,2900,0" yaku="18,1,15,1" doraHai="80" who="1" fromWho="2" sc="259,0,401,29,199,-29,141,0" /><INIT seed="5,1,0,3,2,72" ten="259,430,170,141" oya="1" hai0="100,32,20,119,70,81,63,132,64,57,66,19,93" hai1="104,135,92,22,99,30,95,118,5,2,87,39,12" hai2="60,62,44,71,56,125,111,90,43,11,114,103,24" hai3="101,4,33,131,97,23,55,59,42,86,106,120,74"/><U134/><E39/><V127/><F103/><W126/><G120/><T52/><D32/><U45/><E104/><V79/><F90/><W8/><G33/><T15/><D132/><N who="1" m="50731" /><E2/><V58/><F24/><W51/><G74/><T76/><D119/><U113/><E113/><V61/><F11/><W34/><G126/><N who="2" m="48137" /><F79/><W102/><G34/><T82/><D70/><U10/><E45/><V27/><F27/><W89/><G131/><T88/><D100/><U38/><E38/><N who="2" m="21623" /><F111/><W36/><G101/><T117/><D117/><U16/><E30/><V75/><F75/><W0/><G23/><T9/><D9/><U94/><E118/><V80/><F80/><N who="0" m="30826" /><D76/><U108/><E108/><V116/><F116/><W123/><G123/><T25/><D15/><N who="1" m="9503" /><E87/><AGARI ba="1,0" hai="19,20,25,52,57,63,64,66,87,88,93" m="30826" machi="87" ten="30,3900,0" yaku="8,1,54,2" doraHai="72" who="0" fromWho="1" sc="259,42,430,-42,170,0,141,0" /><INIT seed="6,0,0,1,1,71" ten="301,388,170,141" oya="2" hai0="88,60,49,68,19,59,119,93,18,39,11,29,17" hai1="73,120,84,67,1,26,22,130,38,20,97,128,24" hai2="25,108,132,99,89,5,131,23,35,110,121,75,134" hai3="40,46,76,9,0,36,112,96,34,85,86,123,63"/><V87/><F5/><W98/><G123/><T78/><D119/><U101/><E73/><V74/><F35/><W41/><G34/><T58/><D78/><U133/><E1/><V56/><F121/><W57/><G112/><T66/><D29/><U50/><E67/><V104/><F56/><W14/><G0/><T77/><D77/><U54/><E84/><V117/><F117/><W126/><G126/><T83/><D83/><U21/><E38/><V106/><F23/><W47/><G76/><T7/><D39/><U69/><E69/><V79/><F25/><W37/><G14/><T135/><D49/><U80/><E80/><N who="2" m="45175" /><F75/><W64/><G9/><T70/><D135/><N who="2" m="51754" /><F131/><N who="1" m="50217" /><E120/><V10/><F10/><W13/><G13/><T127/><D70/><U44/><E133/><V114/><F114/><W90/><REACH who="3" step="1"/><G85/><REACH who="3" ten="301,388,170,131" step="2"/><T81/><D11/><U52/><E24/><V48/><F48/><W51/><G51/><T43/><D60/><U4/><E26/><V103/><F106/><W100/><G100/><T94/><D68/><U16/><E4/><V6/><F6/><W28/><G28/><T95/><D7/><U27/><E21/><V12/><F12/><W61/><G61/><T8/><D8/><U122/><E22/><V62/><F62/><W129/><G129/><T82/><D17/><U105/><E122/><V55/><F55/><AGARI ba="0,1" hai="16,20,27,44,50,52,54,55,97,101,105" m="50217" machi="55" ten="30,3900,0" yaku="19,1,54,2" doraHai="71" who="1" fromWho="2" sc="301,0,388,49,170,-39,131,0" /><INIT seed="7,0,0,5,4,70" ten="301,437,131,131" oya="3" hai0="88,132,3,109,37,72,17,119,14,134,94,63,89" hai1="30,16,9,120,26,15,106,99,117,107,76,118,73" hai2="31,83,64,0,7,49,20,29,129,81,121,25,100" hai3="80,110,123,4,114,39,116,85,2,62,104,56,96"/><W90/><G116/><N who="1" m="44650" /><E120/><V45/><F121/><W54/><G123/><T82/><D3/><U87/><E87/><V103/><F64/><W48/><G114/><T59/><D119/><U78/><E99/><V74/><F129/><W28/><G110/><T24/><D37/><U71/><E71/><V23/><F7/><W75/><G39/><T57/><D57/><U125/><E125/><V105/><F0/><W40/><G28/><T38/><D24/><U43/><E43/><V5/><F5/><W65/><G40/><T51/><D51/><U98/><E98/><V21/><F74/><W131/><G131/><T27/><D14/><U108/><E73/><V133/><F133/><W77/><G4/><T12/><D82/><N who="2" m="31242" /><F105/><N who="1" m="39945" /><E108/><V101/><F25/><W36/><G2/><T113/><D17/><U130/><E130/><V58/><F58/><W126/><G126/><T11/><D63/><U127/><E127/><V135/><F135/><W41/><G104/><T44/><D44/><U93/><E93/><V128/><F128/><W111/><G111/><T84/><D11/><U55/><E55/><AGARI ba="0,0" hai="20,21,23,29,31,45,49,55,100,101,103" m="31242" machi="55" ten="30,1000,0" yaku="8,1" doraHai="70" who="2" fromWho="1" sc="301,0,437,-10,131,10,131,0" owari="301,10.1,427,52.7,141,-25.9,131,-36.9" /></mjloggm>