<mjloggm ver="2.3"><GO type="169" lobby="0"/><UN n0="%E9%9B%B2%E3%81%AE%E3%83%95%E3%83%89%E3%82%A6" n1="%E7%9B%AE%E5%8A%9B%36%30" n2="%E5%A4%A2%E4%BB%98%E3%81%8D" n3="%E7%A5%9E%E6%88%B8%E5%B0%8F%E9%B3%A5%E9%86%A4" dan="16,17,16,16" rate="2068.35,2165.07,2094.14,2063.15" sx="M,M,M,F"/><TAIKYOKU oya="0"/><INIT seed="0,0,0,1,4,20" ten="250,250,250,250" oya="0" hai0="53,130,113,10,40,33,91,34,21,131,79,25,57" hai1="126,59,106,28,89,39,58,61,55,120,37,73,96" hai2="31,6,110,127,24,95,87,27,9,135,56,65,97" hai3="72,18,13,43,132,75,1,117,44,11,81,14,104"/><T51/><D113/><U121/><E73/><V48/><F110/><W45/><G132/><T103/><D103/><U125/><E28/><V74/><F74/><W0/><G104/><T98/><D79/><U129/><E129/><N who="0" m="49161" /><D10/><U105/><E89/><V3/><F135/><W100/><G100/><T109/><D109/><U88/><E59/><V83/><F127/><N who="1" m="48649" /><E106/><V82/><F31/><W114/><G114/><T62/><D91/><U80/><E105/><V76/><F83/><W66/><G81/><T111/><D98/><U67/><E67/><V17/><F17/><W70/><G66/><N who="0" m="39247" /><D40/><U7/><E7/><V90/><REACH who="2" step="1"/><F48/><REACH who="2" ten="250,250,240,250" step="2"/><W122/><G18/><N who="0" m="12471" /><D111/><U35/><E35/><V78/><F78/><W42/><G122/><N who="1" m="47210" /><E80/><V99/><F99/><W101/><G117/><T4/><D4/><U134/><E134/><V36/><F36/><W69/><G101/><T52/><D51/><U85/><E85/><V30/><F30/><W115/><G115/><T23/><D23/><U92/><AGARI ba="0,1" hai="37,39,55,58,61,88,92,96" m="47210,48649" machi="92" ten="40,2700,0" yaku="18,1,54,1" doraHai="20" who="1" fromWho="1" sc="250,-13,250,37,240,-7,250,-7" /><INIT seed="1,0,0,1,0,70" ten="237,287,233,243" oya="1" hai0="98,71,102,52,17,31,38,14,120,129,75,34,84" hai1="132,121,30,97,67,91,8,99,27,88,104,128,25" hai2="47,112,32,5,105,21,59,116,20,58,28,29,74" hai3="33,115,11,119,118,54,107,122,65,76,86,48,51"/><U66/><E121/><V53/><F116/><N who="3" m="44587" /><G33/><T72/><D71/><U108/><E132/><V130/><F74/><W36/><G107/><T16/><D84/><U93/><E128/><V35/><F47/><W96/><G96/><T46/><D17/><U81/><E108/><V90/><F90/><W9/><G122/><T79/><D120/><U42/><E42/><V56/><F105/><W100/><G100/><T127/><D79/><U24/><E30/><V10/><F130/><W49/><G115/><T126/><D129/><U40/><E8/><N who="3" m="3146" /><G65/><T89/><D89/><U114/><E114/><V125/><F112/><W133/><G133/><T63/><D31/><U101/><REACH who="1" step="1"/><E40/><REACH who="1" ten="237,277,233,243" step="2"/><V19/><F29/><W12/><G54/><T77/><D52/><U131/><E131/><V134/><F53/><W15/><G76/><T95/><D77/><U44/><E44/><V43/><F43/><W113/><G113/><T117/><D117/><U135/><E135/><V37/><F134/><W68/><G68/><T0/><D46/><U7/><E7/><V41/><F5/><W94/><G94/><T26/><D95/><U73/><E73/><V83/><F41/><W64/><G86/><AGARI ba="0,1" hai="24,25,27,66,67,81,86,88,91,93,97,99,101,104" machi="86" ten="40,12000,1" yaku="1,1,54,1,53,3" doraHai="70" doraHaiUra="23" who="1" fromWho="3" sc="237,0,277,130,233,0,243,-120" /><INIT seed="1,1,0,4,2,49" ten="237,407,233,123" oya="1" hai0="102,83,120,58,98,50,108,62,28,59,36,23,135" hai1="16,56,52,5,19,97,68,79,39,73,70,94,112" hai2="48,66,2,60,130,38,77,103,8,11,105,115,42" hai3="82,44,31,26,107,9,113,88,1,85,25,34,18"/><U117/><E112/><V7/><F38/><W101/><G113/><T21/><D36/><U63/><E117/><V99/><F115/><W78/><G44/><T71/><D71/><U20/><E5/><V69/><F130/><W109/><G109/><T30/><D108/><U57/><E39/><V51/><F42/><W131/><G131/><T17/><D135/><U14/><E73/><V64/><F77/><W10/><G107/><T95/><D83/><U12/><E57/><V118/><F118/><W106/><G106/><T46/><D120/><U3/><E3/><V33/><F33/><W129/><G101/><T133/><D133/><U96/><E79/><V128/><F128/><W53/><G129/><T24/><D62/><U104/><E104/><V89/><F66/><W84/><G1/><T114/><D114/><U45/><E45/><V93/><REACH who="2" step="1"/><F11/><REACH who="2" ten="237,407,223,123" step="2"/><W116/><G116/><T40/><REACH who="0" step="1"/><D30/><REACH who="0" ten="227,407,223,123" step="2"/><U92/><E70/><V123/><F123/><W29/><G31/><T0/><D0/><U67/><E68/><V55/><F55/><W127/><G53/><T4/><D4/><U65/><E67/><V76/><F76/><W134/><G134/><T22/><D22/><N who="1" m="11527" /><E65/><V15/><F15/><AGARI ba="1,2" hai="15,17,21,23,24,28,40,46,50,58,59,95,98,102" machi="15" ten="30,3900,0" yaku="1,1,7,1,8,1,53,0" doraHai="49" doraHaiUra="132" who="0" fromWho="2" sc="227,62,407,0,223,-42,123,0" /><INIT seed="2,0,0,2,0,70" ten="289,407,181,123" oya="2" hai0="113,89,86,19,41,131,65,58,94,4,50,21,49" hai1="88,51,63,85,32,39,10,99,67,59,46,30,87" hai2="115,62,17,20,121,100,29,28,36,112,6,77,42" hai3="18,129,60,43,37,26,107,56,133,93,130,98,128"/><V9/><F121/><W117/><G107/><T101/><D113/><U55/><E32/><V102/><F77/><W123/><G123/><T82/><D131/><U75/><E75/><V61/><F112/><W120/><G120/><T2/><D41/><U106/><E30/><V53/><F115/><W45/><G117/><T119/><D119/><U13/><E106/><V48/><F29/><W79/><G79/><T110/><D110/><U95/><REACH who="1" step="1"/><E39/><REACH who="1" ten="289,397,181,123" step="2"/><V3/><F28/><W83/><G133/><T14/><D2/><U105/><E105/><V57/><F36/><W34/><G34/><T103/><D4/><AGARI ba="0,1" hai="4,10,13,46,51,55,59,63,67,85,87,88,95,99" machi="4" ten="30,8000,1" yaku="1,1,7,1,8,1,54,1,53,1" doraHai="70" doraHaiUra="11" who="1" fromWho="0" sc="289,-80,397,90,181,0,123,0" /><INIT seed="3,0,0,5,3,35" ten="209,487,181,123" oya="3" hai0="4,104,57,77,0,86,108,56,100,42,135,83,17" hai1="67,78,95,38,82,76,22,74,84,36,118,20,5" hai2="111,92,126,121,110,24,123,34,66,44,51,120,122" hai3="112,133,60,49,85,3,69,127,23,39,50,124,11"/><W70/><G112/><T12/><D108/><N who="2" m="41514" /><F92/><W114/><G114/><T27/><D135/><U73/><E118/><V72/><N who="2" m="30720" /><DORA hai="48" /><V15/><F72/><W2/><G133/><T33/><D42/><U37/><E67/><V43/><F126/><N who="3" m="48171" /><G85/><T30/><D100/><U115/><E115/><V106/><F106/><W125/><N who="3" m="48179" /><W6/><DORA hai="47" /><G39/><T19/><D104/><U41/><E41/><V45/><F66/><N who="3" m="41159" /><G70/><T32/><D32/><U79/><E5/><V68/><F68/><W8/><G23/><T25/><D25/><U113/><E113/><V134/><F134/><W105/><G105/><T13/><D19/><U75/><E95/><V26/><F34/><W119/><G119/><T71/><D71/><U87/><E82/><V116/><F116/><W54/><G54/><T21/><REACH who="0" step="1"/><D13/><REACH who="0" ten="199,487,181,123" step="2"/><U46/><E38/><N who="2" m="21623" /><F15/><W96/><G96/><T28/><D28/><U31/><E37/><V103/><F103/><W129/><G129/><T109/><D109/><U62/><E31/><V58/><F45/><W117/><G117/><T7/><D7/><AGARI ba="0,1" hai="2,3,6,7,8,11,49,50" m="41159,48179" machi="7" ten="40,12000,1" yaku="18,1,52,4" doraHai="35,48,47" who="3" fromWho="0" sc="199,-120,487,0,181,0,123,130" /><INIT seed="3,1,0,2,4,69" ten="79,487,181,253" oya="3" hai0="90,123,27,0,115,43,21,32,28,94,81,22,17" hai1="9,41,29,93,54,31,30,11,82,38,15,10,2" hai2="59,74,6,83,13,40,51,73,122,35,49,79,60" hai3="80,19,66,95,127,104,16,96,128,50,1,45,112"/><W7/><G112/><T34/><D81/><U52/><E2/><V33/><F74/><W68/><G128/><T4/><D43/><U62/><E38/><V100/><F122/><W107/><G127/><T39/><D39/><U12/><E41/><V8/><F100/><W23/><G80/><T102/><D102/><U76/><E93/><V63/><F63/><W53/><G7/><T55/><D55/><N who="1" m="21035" /><E62/><V121/><F121/><W113/><G1/><T24/><D94/><U119/><E119/><V87/><F73/><W118/><G118/><T133/><D90/><U110/><E110/><V75/><F75/><W36/><G113/><T101/><D101/><U61/><E61/><V42/><F40/><W126/><G126/><T3/><D123/><U120/><E120/><V111/><F111/><W97/><G66/><T20/><D115/><U44/><E44/><V71/><F71/><W125/><G68/><T98/><D98/><U78/><E82/><V108/><F108/><W106/><G125/><T99/><D99/><U70/><E70/><V18/><F51/><W58/><G97/><T116/><D116/><U25/><E25/><V124/><F124/><W67/><G96/><T91/><D91/><U56/><E56/><V117/><F117/><W109/><G109/><T129/><D129/><U48/><E48/><V92/><F92/><W26/><G95/><T132/><D3/><U5/><E5/><V14/><F49/><W64/><G19/><T88/><D17/><U57/><E57/><V105/><F59/><W77/><G77/><AGARI ba="1,0" hai="9,10,11,12,15,29,30,31,76,77,78" m="21035" machi="77" ten="40,8000,1" yaku="28,2,8,1,54,1" doraHai="69" who="1" fromWho="3" sc="79,0,487,83,181,0,253,-83" /><INIT seed="4,0,0,1,2,29" ten="79,570,181,170" oya="0" hai0="125,67,104,131,4,59,120,73,80,25,97,28,68" hai1="9,3,95,90,30,113,69,57,72,83,89,5,99" hai2="64,41,108,27,107,23,60,85,53,58,119,75,111" hai3="129,19,132,84,16,38,48,124,18,0,63,2,127"/><T103/><D120/><U135/><E69/><V96/><F75/><W21/><G38/><T51/><D131/><U105/><E135/><V101/><F119/><W100/><G100/><T7/><D125/><N who="3" m="48201" /><G84/><T115/><D115/><U1/><E113/><V40/><F85/><W130/><G63/><T17/><D17/><N who="3" m="6153" /><G48/><T24/><D24/><U34/><E1/><N who="3" m="618" /><G132/><T39/><D39/><U47/><E105/><V61/><F40/><W106/><G106/><T110/><D110/><U87/><E72/><V33/><F41/><W35/><G35/><N who="0" m="20879" /><D59/><U42/><E57/><V118/><F108/><W31/><G31/><T114/><D51/><U62/><E62/><V74/><F111/><W123/><G123/><T26/><D114/><U122/><E122/><V32/><F74/><W49/><G49/><T12/><D26/><AGARI ba="0,0" hai="16,21,26,129,130" m="618,6153,48201" machi="26" ten="40,8000,1" yaku="18,1,34,2,54,1" doraHai="29" who="3" fromWho="0" sc="79,-80,570,0,181,0,170,80" owari="-1,-50.1,570,67.0,181,-21.9,250,5.0" /></mjloggm>