<mjloggm ver="2.3"><GO type="169" lobby="0"/><UN n0="%E6%89%8B%E6%89%93%E3%81%A1%E3%81%8D%E3%81%97%E3%82%81%E3%82%93" n1="%E3%81%91%E3%83%BC%E3%81%9E%E3%81%88" n2="%E3%83%AA%E3%83%84%E3%83%9F%E3%82%B5%E3%83%B3" n3="%E3%83%AB%E3%82%BF%E3%82%B9%E3%82%B1" dan="18,17,17,17" rate="2205.65,2150.81,2211.99,2179.30" sx="M,F,M,M"/><TAIKYOKU oya="0"/><INIT seed="0,0,0,2,5,68" ten="250,250,250,250" oya="0" hai0="80,81,104,93,134,30,106,127,45,115,83,19,84" hai1="50,52,1,59,39,70,107,97,129,47,10,27,15" hai2="26,38,98,74,72,62,7,13,89,31,114,90,103" hai3="67,41,49,108,57,60,120,73,102,82,76,36,125"/><T6/><D115/><U43/><E129/><V122/><F122/><W119/><G119/><T109/><D30/><U33/><E1/><V40/><F7/><W113/><G113/><T105/><D6/><U61/><E27/><V116/><F13/><W51/><G108/><T14/><D109/><U66/><E97/><V34/><F116/><W4/><G125/><T65/><D65/><U71/><E107/><V124/><F124/><W25/><G120/><T63/><D63/><U53/><E53/><V133/><F133/><W88/><G102/><T118/><D118/><U111/><E111/><V130/><F130/><W123/><G25/><T23/><D127/><U16/><E71/><V55/><F90/><W44/><G123/><T112/><D112/><U79/><E79/><V37/><F89/><W86/><REACH who="3" step="1"/><G4/><REACH who="3" ten="250,250,250,240" step="2"/><T101/><D134/><U78/><E78/><V64/><F114/><W69/><G69/><T58/><D101/><U94/><E94/><AGARI ba="0,1" hai="36,41,44,49,51,57,60,67,73,76,82,86,88,94" machi="94" ten="30,8000,1" yaku="1,1,7,1,52,1,54,1,53,1" doraHai="68" doraHaiUra="56" who="3" fromWho="1" sc="250,0,250,-80,250,0,240,90" /><INIT seed="1,0,0,3,2,134" ten="250,170,250,330" oya="1" hai0="105,124,58,41,123,83,99,112,33,62,89,71,121" hai1="110,51,111,116,24,97,65,32,126,108,122,119,95" hai2="91,128,82,23,70,42,57,75,11,106,76,26,133" hai3="36,38,98,43,29,86,131,49,2,22,120,85,117"/><U115/><E32/><V69/><F106/><W52/><G120/><T59/><D33/><U67/><E122/><N who="0" m="46601" /><D83/><U3/><E3/><V9/><F133/><W20/><G2/><T73/><D89/><U21/><E115/><V56/><F42/><W19/><G98/><T84/><D84/><U44/><E51/><V80/><F128/><W127/><G49/><T39/><D99/><U61/><E61/><V104/><F104/><W78/><G43/><T1/><D73/><U94/><E44/><V34/><F91/><W92/><G29/><T8/><D8/><U101/><E95/><V96/><F23/><W18/><G92/><T0/><D105/><U93/><E93/><V55/><F26/><W37/><G37/><T113/><D1/><U72/><E72/><V45/><F45/><W129/><G117/><N who="1" m="45130" /><E126/><V47/><F47/><W68/><G68/><T74/><D74/><U14/><E14/><V103/><F75/><W46/><G46/><N who="0" m="23871" /><D0/><U17/><AGARI ba="0,0" hai="17,21,24,65,67,94,97,101,108,110,111" m="45130" machi="17" ten="40,3900,0" yaku="14,1,10,1" doraHai="134" who="1" fromWho="1" sc="250,-13,170,39,250,-13,330,-13" /><INIT seed="1,1,0,1,1,128" ten="237,209,237,317" oya="1" hai0="65,107,53,87,66,4,89,76,106,131,54,68,86" hai1="77,29,75,78,121,22,84,33,91,28,83,9,48" hai2="67,111,97,134,23,98,126,79,100,123,58,0,132" hai3="3,17,74,52,27,102,104,85,2,6,37,101,46"/><U129/><E121/><V94/><F0/><W117/><G74/><T18/><D4/><U49/><E129/><V42/><F123/><W70/><G70/><T40/><D131/><U8/><E33/><V30/><F111/><W96/><G117/><T19/><D40/><U13/><E22/><V39/><F79/><N who="1" m="30217" /><E75/><V109/><F109/><W95/><G37/><T31/><D76/><U92/><E83/><V135/><F126/><W15/><G6/><T55/><D31/><N who="1" m="11851" /><E9/><V103/><F42/><W41/><G27/><T115/><D68/><U1/><E1/><V50/><F39/><W63/><G41/><T45/><D45/><U32/><E32/><V133/><F133/><W118/><G118/><T88/><REACH who="0" step="1"/><D55/><REACH who="0" ten="227,209,237,317" step="2"/><U130/><E130/><V90/><F67/><W114/><G46/><T10/><D10/><U116/><E116/><V38/><F38/><W113/><G52/><T71/><D71/><U57/><E57/><V127/><F127/><W12/><G2/><T59/><D59/><U7/><AGARI ba="1,1" hai="7,8,13,48,49,84,91,92" m="11851,30217" machi="7" ten="30,1500,0" yaku="8,1" doraHai="128" who="1" fromWho="1" sc="227,-6,209,28,237,-6,317,-6" /><INIT seed="1,2,0,0,4,62" ten="221,237,231,311" oya="1" hai0="60,109,91,12,34,19,13,29,71,16,20,27,90" hai1="7,125,80,114,66,113,100,97,111,39,83,5,48" hai2="96,33,43,84,115,3,102,129,31,2,24,118,17" hai3="134,64,11,49,59,25,40,54,86,128,93,127,112"/><U122/><E39/><V130/><F118/><W6/><G112/><T116/><D109/><U18/><E122/><V50/><F115/><W53/><G134/><T55/><D116/><U117/><E117/><V135/><F135/><W108/><G108/><T69/><D55/><U70/><E111/><V22/><F84/><W36/><G128/><N who="2" m="49257" /><F50/><W79/><G36/><T126/><D126/><U98/><E70/><V123/><F43/><W0/><G40/><T75/><D75/><U133/><E133/><V30/><F123/><W87/><G87/><T92/><D60/><U82/><E125/><V104/><F31/><W81/><G49/><T101/><D101/><U56/><E48/><V28/><F28/><W58/><G86/><T120/><D90/><U52/><E100/><V37/><F37/><W65/><G79/><T35/><D35/><U132/><E132/><V76/><F76/><W73/><G73/><T61/><D61/><U46/><E46/><V85/><F85/><W1/><G81/><T67/><D120/><U8/><E83/><V89/><F89/><W41/><G41/><T10/><D91/><U32/><E32/><V51/><F51/><W124/><G124/><T94/><D71/><U9/><E113/><V45/><F45/><W44/><G44/><T88/><D88/><U47/><E114/><V23/><F33/><W68/><G127/><T26/><D69/><U131/><E131/><V74/><F74/><W15/><G68/><T77/><D34/><U95/><E47/><V42/><F42/><W99/><G58/><T72/><D77/><U121/><E121/><RYUUKYOKU ba="2,0" sc="221,-10,237,-10,231,30,311,-10" hai2="2,3,17,22,23,24,30,96,102,104" /><INIT seed="2,3,0,2,2,62" ten="211,227,261,301" oya="2" hai0="80,33,64,46,44,29,9,100,24,3,65,108,55" hai1="77,130,14,110,38,31,96,45,97,69,83,37,84" hai2="16,106,61,50,132,103,56,5,7,129,113,115,10" hai3="54,34,93,107,102,25,60,13,79,124,58,119,66"/><V104/><F132/><W49/><G119/><T116/><D116/><U90/><E110/><V98/><F129/><W95/><G79/><T8/><D108/><U12/><E130/><V6/><F106/><W86/><G124/><T121/><D121/><U59/><E69/><V76/><F76/><W126/><G126/><T99/><D80/><U4/><E31/><V28/><F50/><W57/><G86/><T43/><D55/><U72/><E59/><V41/><F28/><W53/><G25/><T135/><D135/><U30/><E30/><V19/><F41/><W133/><G34/><T125/><D125/><U89/><E4/><V11/><F11/><W63/><G133/><T70/><D70/><U92/><E97/><V109/><F109/><W74/><G74/><T15/><D3/><U48/><E38/><V17/><REACH who="2" step="1"/><F10/><REACH who="2" ten="211,227,251,301" step="2"/><W67/><G107/><T42/><D8/><U39/><E37/><V32/><F32/><W123/><G123/><T101/><D43/><U118/><E39/><V22/><F22/><W105/><G49/><T40/><D40/><U0/><E118/><V73/><F73/><W35/><G35/><T75/><D75/><U122/><E122/><V120/><F120/><W23/><G23/><T82/><D42/><U131/><E131/><V134/><F134/><W68/><G105/><T81/><D29/><U52/><E72/><V88/><F88/><W27/><G102/><T85/><D100/><U1/><E89/><V117/><F117/><W94/><G13/><N who="1" m="5226" /><E77/><V51/><F51/><N who="3" m="30911" /><G27/><T20/><D101/><N who="1" m="60551" /><E48/><V112/><F112/><W111/><G111/><RYUUKYOKU ba="3,1" sc="211,-30,227,10,251,10,301,10" hai1="0,1,45,52,83,84,90" hai2="5,6,7,16,17,19,56,61,98,103,104,113,115" hai3="54,58,60,63,66,67,68,93,94,95" /><INIT seed="2,4,1,4,1,41" ten="181,237,261,311" oya="2" hai0="3,66,112,117,109,86,11,51,49,99,126,98,65" hai1="77,60,58,48,95,13,79,84,5,118,93,36,47" hai2="78,128,88,38,0,15,75,94,110,68,104,32,34" hai3="62,7,120,71,4,55,87,108,31,89,64,100,40"/><V14/><F68/><W37/><G120/><T54/><D112/><U107/><E107/><V67/><F67/><W9/><G108/><T43/><D109/><U26/><E36/><V80/><F0/><W25/><G100/><T20/><D126/><U12/><E26/><V28/><F110/><W81/><G55/><T114/><D11/><N who="1" m="4207" /><E13/><V69/><F69/><W90/><G90/><T123/><D3/><U10/><E10/><V96/><F38/><W74/><G74/><T70/><D70/><U39/><E39/><V76/><F128/><W85/><G85/><T121/><D114/><U19/><E19/><V115/><F78/><N who="1" m="29705" /><E84/><N who="2" m="52487" /><F115/><W97/><G97/><T116/><D86/><U124/><E118/><V132/><F132/><W27/><G27/><T63/><D116/><U56/><E124/><V52/><F28/><W42/><G37/><T29/><D117/><U46/><E95/><V134/><F134/><W119/><G119/><T21/><D29/><U111/><E93/><V92/><F92/><W106/><G106/><T6/><D121/><U133/><E133/><V91/><F91/><W72/><G72/><T125/><D123/><U113/><E113/><V17/><F14/><W57/><G71/><T45/><D125/><U129/><E129/><V1/><F1/><W131/><G131/><T101/><D98/><U105/><E105/><V50/><F96/><W135/><G135/><T102/><D99/><U130/><E130/><V16/><F104/><W59/><G31/><T30/><D30/><U22/><E111/><V18/><F15/><W53/><G9/><T61/><D101/><RYUUKYOKU ba="4,1" sc="181,-10,237,-10,261,30,311,-10" hai2="16,17,18,32,34,50,52,75,76,80" /><INIT seed="2,5,1,1,2,69" ten="171,227,291,301" oya="2" hai0="28,100,58,4,39,99,91,111,7,31,14,106,107" hai1="3,122,64,113,84,25,116,50,46,104,81,75,80" hai2="72,123,108,103,66,126,128,59,101,65,10,83,61" hai3="35,9,8,92,71,43,105,30,15,26,38,18,95"/><V124/><F123/><W22/><G105/><T134/><D91/><U131/><E113/><V19/><F128/><W115/><G71/><T27/><D58/><U42/><E116/><V132/><F132/><W97/><G115/><T17/><D134/><U120/><E131/><V41/><F66/><W56/><G56/><T6/><D111/><U86/><E75/><V11/><F41/><W88/><REACH who="3" step="1"/><G92/><REACH who="3" ten="171,227,291,291" step="2"/><T48/><D106/><U60/><E104/><V114/><F114/><W94/><G94/><T40/><D48/><U87/><E122/><V21/><F108/><W34/><G34/><T54/><D54/><U16/><E120/><V45/><F59/><W78/><G78/><T55/><D55/><U121/><E121/><V77/><F65/><W125/><G125/><T96/><D99/><U98/><E98/><V90/><F61/><W32/><G32/><T112/><D112/><U89/><E81/><V53/><F126/><W70/><G70/><T93/><D107/><U51/><E51/><V57/><F124/><W63/><G63/><T109/><D109/><U82/><E80/><V47/><F57/><W127/><G127/><T1/><D93/><U130/><E130/><V118/><F53/><W79/><G79/><T110/><D96/><U102/><E60/><V135/><F135/><W133/><G133/><T5/><D110/><U44/><E64/><V129/><F129/><W20/><G20/><T85/><D1/><U23/><E3/><V37/><F83/><W2/><G2/><T62/><N who="0" m="1024" /><DORA hai="74" /><T33/><D62/><U12/><E50/><V117/><F77/><RYUUKYOKU ba="5,2" sc="171,-10,227,-10,291,-10,291,30" hai3="8,9,15,18,22,26,30,35,38,43,88,95,97" /><INIT seed="3,6,2,2,2,77" ten="161,217,281,321" oya="3" hai0="69,30,51,1,85,57,121,102,75,90,54,61,100" hai1="65,120,63,38,4,27,32,78,129,28,17,26,0" hai2="73,53,127,98,132,10,103,60,99,62,125,39,80" hai3="130,22,3,135,112,86,97,14,6,44,55,95,43"/><W20/><G112/><T16/><D75/><U79/><E120/><V84/><F73/><W115/><G115/><T91/><D1/><U83/><E129/><V105/><F39/><W19/><G130/><T88/><D121/><U41/><E17/><V15/><F99/><W58/><G86/><T81/><D30/><U113/><E27/><V5/><F132/><W25/><G3/><T118/><D118/><U87/><E113/><V24/><F24/><W71/><G71/><T122/><D122/><U74/><E38/><V94/><F105/><W2/><G2/><T50/><D69/><U9/><E41/><V104/><F104/><W48/><G6/><T93/><D16/><U114/><E114/><V64/><F53/><W70/><G70/><T116/><D116/><U111/><E111/><V21/><F21/><N who="3" m="11511" /><G135/><T117/><D117/><U31/><E31/><V8/><F8/><W131/><G131/><T59/><D50/><U45/><E45/><V49/><F49/><N who="3" m="26783" /><G25/><T82/><D91/><AGARI ba="6,2" hai="20,22,48,55,58,91,95,97" m="26783,11511" machi="91" ten="30,1500,0" yaku="8,1" doraHai="77" who="3" fromWho="0" sc="161,-33,217,0,281,0,321,53" /><INIT seed="3,7,0,1,4,101" ten="128,217,281,374" oya="3" hai0="92,26,125,64,108,85,114,69,97,24,121,28,15" hai1="3,41,43,0,66,117,8,31,59,83,99,50,44" hai2="14,6,67,81,30,77,11,94,95,35,91,73,47" hai3="131,106,16,127,4,18,65,76,116,109,60,17,89"/><W107/><G116/><T93/><D121/><U132/><E117/><V33/><F67/><W46/><G76/><T32/><D108/><U90/><E132/><V5/><F30/><W84/><G109/><T2/><D2/><U51/><E31/><V119/><F119/><W1/><G46/><T122/><D122/><U74/><E74/><V25/><F25/><W36/><G36/><T40/><D40/><U56/><E66/><V34/><F5/><W75/><G75/><T27/><D125/><U72/><E72/><V78/><F78/><W61/><G61/><T112/><D15/><U130/><E130/><V13/><F13/><W37/><G37/><T105/><D85/><U87/><E99/><V63/><F63/><W53/><G53/><T39/><D39/><U120/><E120/><V42/><F91/><W58/><G127/><T49/><D49/><U118/><E118/><V133/><F133/><W134/><G131/><T71/><D64/><U103/><E103/><V100/><F100/><W55/><G65/><T62/><D62/><U111/><E111/><V115/><F115/><N who="0" m="44074" /><D32/><U113/><E113/><V128/><F128/><W104/><G134/><T82/><D28/><U123/><E123/><V20/><F20/><W126/><G126/><T96/><D71/><U124/><E124/><V68/><F68/><W21/><G4/><T12/><D69/><U110/><E110/><V79/><F79/><W45/><G1/><T98/><D12/><U22/><E0/><V38/><AGARI ba="7,0" hai="6,11,14,33,34,35,38,42,47,73,77,81,94,95" machi="38" ten="30,1100,0" yaku="0,1" doraHai="101" who="2" fromWho="2" sc="128,-10,217,-10,281,32,374,-12" /><INIT seed="4,0,0,3,4,38" ten="118,207,313,362" oya="0" hai0="127,103,1,45,98,5,80,66,114,34,109,128,14" hai1="28,8,26,12,133,84,81,96,95,65,68,62,21" hai2="86,76,44,6,59,37,115,124,134,119,33,131,94" hai3="69,87,57,74,36,88,19,126,56,24,31,23,111"/><T53/><D34/><U78/><E133/><V130/><F33/><W99/><G111/><T29/><D1/><U79/><E81/><V105/><F105/><W18/><G69/><T82/><D29/><U27/><E27/><V20/><F6/><W61/><G126/><T118/><D118/><U60/><E84/><V13/><F134/><W72/><G36/><T48/><D109/><U75/><E75/><V112/><F59/><W129/><G57/><T89/><D127/><U25/><E25/><V77/><F94/><W90/><G129/><T83/><D128/><U7/><REACH who="1" step="1"/><E62/><REACH who="1" ten="118,197,313,362" step="2"/><V3/><F86/><W97/><G72/><T106/><D114/><U110/><E110/><V73/><F73/><W125/><G74/><T107/><D107/><U17/><E17/><V9/><F131/><W4/><G18/><T67/><REACH who="0" step="1"/><D89/><AGARI ba="0,1" hai="7,8,12,21,26,28,60,65,68,78,79,89,95,96" machi="89" ten="30,2000,0" yaku="1,1,7,1,53,0" doraHai="38" doraHaiUra="121" who="1" fromWho="0" sc="118,-20,197,30,313,0,362,0" /><INIT seed="5,0,0,0,1,66" ten="98,227,313,362" oya="1" hai0="26,46,107,44,112,47,114,12,83,36,133,45,93" hai1="90,69,3,24,86,132,98,85,42,115,37,131,121" hai2="75,99,118,73,81,130,32,28,50,71,58,68,117" hai3="100,111,38,101,113,96,16,35,129,11,84,102,80"/><U18/><E121/><V55/><F130/><W95/><G38/><T53/><D107/><U109/><E3/><V72/><F81/><W110/><G35/><T89/><D133/><U103/><E132/><V123/><F123/><W116/><G16/><T97/><N who="0" m="11264" /><DORA hai="54" /><T1/><D1/><U39/><E42/><V105/><F28/><W128/><G11/><T56/><D36/><U91/><E69/><V48/><F48/><W33/><G33/><T41/><D41/><U7/><E7/><V82/><F32/><W77/><G113/><T79/><D26/><U40/><E40/><V108/><F82/><W15/><G15/><T6/><D12/><U74/><E74/><V51/><F51/><W23/><G23/><T8/><D8/><U135/><E131/><N who="3" m="50250" /><G116/><T64/><D64/><U0/><E0/><V120/><F108/><AGARI ba="0,0" hai="77,80,84,95,96,100,101,102,108,110,111" m="50250" machi="108" ten="30,3900,0" yaku="19,1,34,2" doraHai="66,54" who="3" fromWho="2" sc="98,0,227,0,313,-39,362,39" /><INIT seed="6,0,0,2,2,102" ten="98,227,274,401" oya="2" hai0="83,31,8,28,115,61,109,124,11,82,75,112,23" hai1="105,33,99,130,107,29,88,70,54,125,3,27,68" hai2="129,47,7,18,123,21,34,119,120,117,78,5,39" hai3="53,90,126,72,35,12,32,81,37,118,58,94,108"/><V74/><F74/><W103/><G108/><T93/><D93/><U44/><E3/><V87/><F78/><W98/><G37/><T9/><D61/><U49/><E125/><V13/><F87/><W91/><G118/><T134/><D134/><U97/><E130/><V121/><F47/><W10/><G126/><T100/><D124/><U79/><E79/><V20/><F39/><W114/><G114/><T128/><D100/><U36/><E36/><V52/><F52/><W111/><G111/><T24/><D109/><U63/><E88/><V96/><F96/><W135/><G135/><T85/><D75/><U22/><E22/><V26/><F34/><W41/><G41/><T66/><D66/><U122/><E122/><V65/><F65/><W131/><G131/><T15/><D128/><U51/><E51/><V113/><F113/><N who="0" m="43594" /><D85/><U43/><E70/><V38/><F38/><W89/><G72/><T116/><D83/><U76/><E76/><V101/><F101/><W84/><G35/><N who="0" m="20871" /><D82/><U40/><E40/><V46/><F129/><W133/><G32/><T71/><D71/><U106/><REACH who="1" step="1"/><E68/><REACH who="1" ten="98,217,274,401" step="2"/><V80/><F121/><W48/><G133/><T132/><D132/><U17/><E17/><AGARI ba="0,1" hai="10,12,17,48,53,58,81,84,89,90,91,94,98,103" machi="17" ten="30,2000,0" yaku="7,1,8,1" doraHai="102" who="3" fromWho="1" sc="98,0,217,-20,274,0,401,30" /><INIT seed="7,0,0,1,4,53" ten="98,197,274,431" oya="3" hai0="106,128,61,64,28,20,67,47,124,132,15,69,22" hai1="57,40,71,78,18,65,66,33,102,6,50,1,27" hai2="107,123,7,113,54,104,74,68,105,84,45,126,23" hai3="96,98,120,32,114,34,21,42,115,135,121,13,44"/><W81/><G81/><T60/><D106/><U109/><E109/><V4/><F74/><W37/><G21/><T55/><D124/><U8/><E71/><V82/><F68/><W131/><G13/><T73/><D73/><U95/><E78/><V122/><F113/><N who="3" m="43019" /><G135/><T16/><D132/><U62/><E50/><V17/><F126/><W9/><G9/><T92/><D128/><U56/><E40/><V99/><F99/><N who="3" m="37931" /><G131/><T31/><D92/><U35/><E95/><V48/><F23/><W43/><G43/><T127/><D127/><U30/><E102/><V25/><F17/><W116/><G116/><T39/><D22/><U3/><E18/><V77/><F25/><W90/><G90/><T133/><D133/><U26/><E6/><V36/><F36/><W41/><G41/><T86/><D86/><U24/><E8/><V111/><F111/><W59/><G59/><T110/><D110/><U117/><E117/><V94/><F94/><W108/><G108/><T46/><D39/><U52/><E27/><V134/><F134/><W76/><G76/><T79/><D79/><U129/><E129/><V83/><F83/><W5/><G5/><T97/><D97/><U51/><REACH who="1" step="1"/><E66/><REACH who="1" ten="98,187,274,431" step="2"/><V93/><F93/><W10/><G10/><T14/><D14/><U0/><E0/><V91/><F77/><W72/><G72/><T87/><D87/><U125/><E125/><V70/><F70/><W12/><G12/><T119/><D119/><U85/><E85/><V118/><F118/><W88/><G37/><T58/><D47/><U63/><E63/><V38/><F38/><RYUUKYOKU ba="0,1" sc="98,10,187,10,274,10,431,-30" hai0="15,16,20,28,31,46,55,58,60,61,64,67,69" hai1="1,3,24,26,30,33,35,51,52,56,57,62,65" hai2="4,7,45,48,54,82,84,91,104,105,107,122,123" owari="108,-39.2,197,-20.3,284,8.4,411,51.1" /></mjloggm>