<mjloggm ver="2.3"><GO type="169" lobby="0"/><UN n0="%E3%81%82%E3%81%9F%E3%81%8B%E3%81%AA" n1="%E2%98%86%41%64%72%69%61%6E" n2="%E6%99%AE%E9%9C%B2%E9%9C%B2" n3="%E3%81%82%E3%81%8A%E3%81%8D%E3%82%93%E3%81%90" dan="17,16,16,16" rate="2163.66,2188.23,2129.96,2134.87" sx="M,M,M,M"/><TAIKYOKU oya="0"/><INIT seed="0,0,0,1,4,123" ten="250,250,250,250" oya="0" hai0="134,0,15,77,9,27,102,24,86,16,115,13,58" hai1="68,110,114,69,18,2,38,135,121,126,21,29,28" hai2="35,4,59,70,75,34,37,130,91,25,90,107,94" hai3="85,14,7,125,108,46,109,87,36,112,116,44,3"/><T11/><D115/><U40/><E121/><V97/><F70/><W74/><G112/><T79/><D134/><U12/><E2/><V120/><F120/><W104/><G116/><T63/><D0/><U19/><E114/><V53/><F37/><W133/><G74/><T57/><D102/><U118/><E118/><V124/><F75/><W71/><G3/><T64/><D58/><U95/><E135/><V48/><F124/><W20/><G104/><T67/><D67/><U54/><E40/><V117/><F130/><W66/><G133/><T106/><D106/><U32/><E32/><V93/><F107/><W56/><G71/><T33/><D33/><U10/><E38/><V62/><F4/><W100/><G100/><T31/><D31/><U52/><E126/><V73/><F73/><W76/><G76/><T78/><REACH who="0" step="1"/><D86/><REACH who="0" ten="240,250,250,250" step="2"/><U84/><E29/><V50/><F117/><W1/><G87/><T51/><D51/><U89/><E28/><V113/><F113/><W55/><G85/><T111/><D111/><U60/><E110/><V49/><REACH who="2" step="1"/><F25/><REACH who="2" ten="240,250,240,250" step="2"/><W129/><G109/><T80/><D80/><U99/><E69/><V131/><F131/><W127/><G129/><T8/><D8/><U101/><E68/><V26/><F26/><W23/><G108/><T82/><D82/><N who="1" m="49303" /><E60/><V61/><F61/><W88/><G127/><T42/><D42/><U45/><E45/><V103/><F103/><W83/><G125/><T92/><D92/><U41/><E41/><V6/><F6/><AGARI ba="0,2" hai="6,9,11,13,15,16,24,27,57,63,64,77,78,79" machi="6" ten="40,7700,0" yaku="1,1,8,1,54,1,53,0" doraHai="123" doraHaiUra="105" who="0" fromWho="2" sc="240,97,250,0,240,-77,250,0" /><INIT seed="0,1,0,0,3,68" ten="337,250,163,250" oya="0" hai0="70,92,30,54,28,49,77,118,76,32,114,84,17" hai1="16,9,10,7,133,23,8,97,89,113,31,103,87" hai2="2,125,74,111,52,123,100,47,72,134,90,18,48" hai3="135,128,34,6,15,11,106,69,124,116,57,95,82"/><T3/><D114/><U13/><E133/><V127/><F123/><W56/><G95/><T21/><D3/><U80/><E113/><V38/><F2/><W81/><G57/><T36/><D70/><U58/><E58/><V1/><F134/><W86/><G86/><T98/><D36/><U46/><E31/><N who="0" m="11817" /><D84/><U78/><E46/><V20/><F1/><W88/><G82/><T33/><D33/><U53/><E53/><V85/><F100/><W0/><G81/><T131/><D32/><U64/><E64/><V108/><F74/><W117/><G56/><N who="0" m="32847" /><D131/><U126/><E126/><N who="2" m="48139" /><F72/><W73/><G73/><T121/><D118/><U62/><E62/><V83/><F38/><W19/><G0/><T43/><D43/><U24/><REACH who="1" step="1"/><E78/><REACH who="1" ten="337,240,163,250" step="2"/><V130/><F130/><W50/><G128/><T109/><D121/><U4/><E4/><V79/><F79/><W61/><G6/><T71/><D71/><U115/><E115/><V104/><F104/><AGARI ba="1,1" hai="7,8,9,10,13,16,23,24,80,87,89,97,103,104" machi="104" ten="30,3900,0" yaku="1,1,7,1,54,1,53,0" doraHai="68" doraHaiUra="65" who="1" fromWho="2" sc="337,0,240,52,163,-42,250,0" /><INIT seed="1,0,0,5,2,0" ten="337,292,121,250" oya="1" hai0="8,79,118,120,127,71,119,73,24,65,51,29,5" hai1="21,14,6,102,67,89,129,75,20,95,56,121,97" hai2="106,81,117,49,52,57,36,25,124,82,132,115,16" hai3="123,74,88,38,39,109,53,19,72,12,28,80,60"/><U116/><E121/><V98/><F117/><W78/><G109/><T59/><D120/><U61/><E116/><V77/><F36/><W43/><G123/><T130/><D59/><U46/><E75/><V9/><F115/><W125/><G125/><T92/><D92/><U86/><E129/><V27/><F124/><W22/><G43/><T41/><D51/><U87/><E46/><V126/><F126/><W94/><G74/><T101/><D101/><U64/><E64/><V31/><F132/><W35/><G35/><N who="0" m="20903" /><D41/><U68/><E68/><V90/><F106/><W1/><G28/><T112/><D112/><U10/><REACH who="1" step="1"/><E86/><REACH who="1" ten="337,282,121,250" step="2"/><V76/><F31/><W84/><G84/><T103/><D65/><U107/><AGARI ba="0,1" hai="6,10,14,20,21,56,61,67,87,89,95,97,102,107" machi="107" ten="20,12000,1" yaku="1,1,2,1,0,1,7,1,52,1,53,0" doraHai="0" doraHaiUra="13" who="1" fromWho="1" sc="337,-40,282,130,121,-40,250,-40" /><INIT seed="1,1,0,0,0,130" ten="297,412,81,210" oya="1" hai0="125,71,123,119,128,36,24,132,129,133,46,64,86" hai1="77,84,95,87,92,109,39,38,103,15,135,106,134" hai2="48,35,32,43,99,68,74,61,49,88,76,116,44" hai3="8,51,40,98,113,90,34,31,83,37,93,126,17"/><U28/><E28/><V75/><F116/><W33/><G113/><T50/><D86/><U70/><E70/><V73/><F76/><W101/><G126/><T22/><D119/><U60/><E60/><V94/><REACH who="2" step="1"/><F48/><REACH who="2" ten="297,412,71,210" step="2"/><W19/><G51/><T81/><D128/><U4/><E77/><V108/><F108/><W11/><G37/><T80/><D36/><U120/><E109/><V62/><F62/><W63/><G63/><N who="0" m="40351" /><D129/><U110/><E110/><V18/><F18/><W107/><G19/><N who="0" m="12383" /><D125/><U58/><E39/><V3/><F3/><W6/><G17/><T1/><D1/><U5/><E38/><V127/><F127/><W69/><G31/><T100/><D123/><U41/><E120/><V114/><F114/><W91/><G6/><T79/><D79/><U102/><E5/><V96/><F96/><W124/><G98/><T118/><D118/><U89/><E4/><V111/><F111/><W78/><G78/><T13/><D13/><U29/><E15/><V59/><F59/><W7/><G7/><T2/><D2/><U53/><E58/><V47/><F47/><W26/><G124/><T121/><D121/><U52/><E29/><V21/><F21/><W10/><G69/><T117/><D117/><U42/><E89/><V67/><AGARI ba="1,1" hai="32,35,43,44,49,61,67,68,73,74,75,88,94,99" machi="67" ten="40,8000,1" yaku="1,1,0,1,54,1,53,2" doraHai="130" doraHaiUra="30" who="2" fromWho="2" sc="297,-21,412,-41,71,93,210,-21" /><INIT seed="2,0,0,4,5,49" ten="276,371,164,189" oya="2" hai0="74,54,48,117,81,33,57,45,39,78,50,36,11" hai1="127,31,51,95,133,126,17,2,32,124,23,42,46" hai2="47,43,22,7,64,12,65,125,105,135,75,55,113" hai3="13,41,38,34,85,128,82,79,61,21,122,35,77"/><V16/><F113/><W0/><G0/><T10/><D33/><U60/><E2/><V29/><F75/><W1/><G1/><T63/><D117/><U72/><E72/><V30/><F105/><W102/><G102/><T97/><D48/><U28/><E32/><V114/><F114/><W24/><G77/><T9/><REACH who="0" step="1"/><D97/><REACH who="0" ten="266,371,164,189" step="2"/><U69/><E133/><V129/><F135/><W3/><G35/><T111/><D111/><U53/><E42/><AGARI ba="0,1" hai="9,10,11,36,39,42,45,50,54,57,63,74,78,81" machi="42" ten="40,2600,0" yaku="1,1,52,1,53,0" doraHai="49" doraHaiUra="112" who="0" fromWho="1" sc="266,36,371,-26,164,0,189,0" /><INIT seed="3,0,0,5,1,123" ten="302,345,164,189" oya="3" hai0="118,42,125,73,24,76,96,53,107,30,71,110,22" hai1="63,85,17,104,109,49,50,132,69,59,68,7,105" hai2="60,83,52,77,1,67,38,122,129,37,0,33,57" hai3="128,97,43,90,40,64,70,47,88,84,75,8,127"/><W79/><G127/><T78/><D118/><U82/><E7/><V117/><F117/><W9/><G128/><T19/><D73/><U119/><E119/><V112/><F112/><W99/><G75/><T92/><D125/><U108/><E132/><V121/><F33/><W131/><G131/><T35/><D42/><U26/><E26/><V102/><F102/><W5/><G79/><T111/><D71/><U115/><E17/><V93/><F93/><W48/><G70/><T39/><D53/><U54/><E115/><V3/><F129/><W25/><G64/><T98/><D39/><U15/><E15/><V23/><F23/><W65/><G65/><T126/><D107/><U86/><E63/><V13/><F13/><W10/><G25/><N who="0" m="14559" /><D96/><N who="3" m="36937" /><G5/><T11/><D11/><U46/><E54/><V120/><REACH who="2" step="1"/><F67/><REACH who="2" ten="302,345,154,189" step="2"/><W103/><G103/><N who="0" m="60871" /><D126/><U100/><E100/><V133/><F133/><W134/><G134/><T16/><D16/><U74/><E104/><V114/><F114/><W72/><G9/><T55/><D55/><U87/><E105/><V130/><F130/><W34/><G10/><T32/><D32/><U20/><E20/><V91/><F91/><W14/><G90/><T27/><D27/><U45/><E82/><V106/><F106/><W80/><G34/><T28/><D28/><U113/><E113/><V4/><F4/><N who="3" m="3335" /><G72/><AGARI ba="0,1" hai="0,1,3,37,38,52,57,60,72,77,83,120,121,122" machi="72" ten="50,6400,0" yaku="1,1,13,1,54,1,53,0" doraHai="123" doraHaiUra="6" who="2" fromWho="3" sc="302,0,345,0,154,74,189,-64" /><INIT seed="4,0,0,3,0,93" ten="302,345,228,125" oya="0" hai0="79,87,73,62,58,74,70,56,114,9,44,82,64" hai1="8,50,94,65,116,18,107,72,108,48,129,54,102" hai2="78,67,83,6,3,103,127,38,101,53,76,90,135" hai3="0,121,124,20,88,125,63,77,122,35,47,71,118"/><T39/><D114/><U134/><E108/><V4/><F38/><W119/><G35/><T89/><D58/><U131/><E116/><V104/><F127/><N who="3" m="48715" /><G0/><T130/><D130/><U105/><E72/><V5/><F3/><W19/><G77/><T109/><D109/><U22/><E8/><V113/><F135/><W36/><G36/><T7/><D70/><U25/><E65/><V43/><F76/><W92/><G47/><T57/><D57/><U69/><E48/><V132/><F43/><W128/><G128/><N who="1" m="49226" /><E69/><V85/><F132/><W14/><G63/><T30/><D44/><N who="1" m="27975" /><E134/><V133/><F113/><W95/><G95/><T16/><D39/><U1/><E1/><V66/><F104/><W41/><G41/><T46/><D46/><U34/><E34/><V32/><F32/><W21/><G20/><T84/><D74/><U60/><E60/><V59/><F133/><W42/><G42/><T27/><D73/><U24/><E24/><V120/><F78/><W80/><G71/><T98/><D79/><U81/><E81/><V100/><REACH who="2" step="1"/><F120/><REACH who="2" ten="302,345,218,125" step="2"/><N who="3" m="46187" /><G80/><T29/><D82/><U12/><E107/><V49/><AGARI ba="0,1" hai="4,5,6,49,53,59,66,67,83,85,90,100,101,103" machi="49" ten="30,7900,0" yaku="1,1,0,1,8,1,53,1" doraHai="93" doraHaiUra="55" who="2" fromWho="2" sc="302,-39,345,-20,218,89,125,-20" /><INIT seed="5,0,0,4,1,122" ten="263,325,307,105" oya="1" hai0="82,27,9,68,7,91,86,6,52,108,90,19,129" hai1="42,30,67,135,109,43,111,2,119,69,124,70,87" hai2="18,23,20,24,114,118,35,120,84,13,61,15,110" hai3="12,46,117,89,33,99,85,132,77,53,103,14,112"/><U56/><E119/><V10/><F118/><W3/><G117/><T81/><D108/><N who="1" m="41547" /><E2/><V25/><F120/><W44/><G77/><T58/><D68/><N who="1" m="26219" /><E30/><V21/><F61/><W48/><G46/><T73/><D129/><U93/><E135/><V97/><F110/><W5/><G33/><T39/><D39/><U16/><E124/><V101/><F114/><W107/><G112/><T0/><D73/><U127/><E127/><V64/><F64/><W1/><G132/><T105/><D105/><U38/><E38/><V11/><F84/><W102/><G85/><T71/><D71/><U131/><E131/><V72/><F72/><W88/><G107/><T51/><D7/><U130/><E130/><V49/><F49/><W40/><G48/><T76/><D82/><U66/><E16/><N who="2" m="8247" /><F35/><W32/><G32/><T79/><D79/><U126/><E126/><V17/><F18/><W78/><G78/><T45/><D19/><U62/><E67/><V26/><F26/><W98/><G3/><T123/><D27/><U113/><E113/><V95/><AGARI ba="0,0" hai="11,15,17,20,21,23,24,25,95,97,101" m="8247" machi="95" ten="30,2000,0" yaku="8,1,54,1" doraHai="122" who="2" fromWho="2" sc="263,-5,325,-10,307,20,105,-5" /><INIT seed="6,0,0,1,4,57" ten="258,315,327,100" oya="2" hai0="110,135,118,17,101,85,134,24,54,61,70,10,18" hai1="15,125,20,71,60,1,116,3,80,106,96,72,81" hai2="82,129,35,65,25,22,48,74,53,12,41,88,38" hai3="132,33,26,67,66,8,37,50,84,77,133,31,52"/><V124/><F124/><W5/><G37/><T28/><D110/><U93/><E116/><V68/><F129/><W27/><G27/><T92/><D118/><U19/><E106/><V2/><F2/><W102/><G102/><T56/><D70/><U127/><E72/><V14/><F35/><W78/><G67/><T83/><D92/><U49/><E49/><V75/><F75/><W87/><G66/><T112/><D10/><U29/><E29/><V76/><F41/><W119/><G119/><T108/><D112/><U100/><E71/><V123/><F123/><W16/><G78/><N who="0" m="46327" /><D101/><U107/><E60/><V97/><F38/><W11/><G77/><T34/><D108/><U39/><E39/><V21/><F21/><W36/><G36/><T121/><D121/><U51/><E51/><V63/><F97/><W4/><G4/><T30/><D30/><U130/><E107/><V114/><F88/><W46/><G11/><T7/><D7/><U43/><E130/><V0/><F0/><N who="1" m="73" /><E43/><V95/><F95/><W109/><G5/><T55/><D55/><U32/><E32/><V23/><F114/><W79/><G109/><T58/><D58/><U59/><E59/><V62/><F23/><W128/><G128/><T131/><D131/><U105/><E105/><V9/><F9/><W91/><G79/><T89/><D89/><U45/><E45/><V113/><F113/><W73/><G73/><T122/><D122/><U117/><E117/><V104/><F104/><W94/><REACH who="3" step="1"/><G87/><REACH who="3" ten="258,315,327,90" step="2"/><T44/><D24/><U98/><E100/><V90/><F74/><W6/><G6/><RYUUKYOKU ba="0,1" sc="258,-10,315,-10,327,-10,90,30" hai3="8,16,26,31,33,46,50,52,84,91,94,132,133" /><INIT seed="7,1,1,1,2,126" ten="248,305,317,120" oya="3" hai0="41,125,132,46,84,69,91,30,98,51,0,99,45" hai1="123,111,83,72,7,38,28,127,94,67,89,4,133" hai2="36,77,10,114,1,62,80,81,71,96,82,103,102" hai3="15,23,50,135,56,129,12,33,2,128,105,108,112"/><W119/><G119/><T49/><D125/><U55/><E127/><V66/><F36/><W54/><G2/><T52/><D132/><U31/><E133/><V60/><F114/><W88/><G135/><T115/><D115/><U39/><E111/><V3/><F3/><W87/><G112/><T35/><D69/><U11/><E123/><V131/><F131/><N who="3" m="50251" /><G33/><T79/><D79/><U19/><E67/><V17/><F103/><W25/><G105/><T27/><REACH who="0" step="1"/><D0/><REACH who="0" ten="238,305,317,120" step="2"/><U121/><E121/><V90/><F77/><W20/><G108/><T13/><D13/><N who="3" m="5193" /><G25/><T107/><D107/><U61/><E89/><V76/><F90/><W122/><G122/><T118/><D118/><U42/><E4/><V43/><F71/><W134/><G134/><T37/><D37/><U75/><E39/><V95/><F76/><W74/><G74/><T59/><D59/><U109/><E38/><V65/><F1/><W100/><G100/><T93/><AGARI ba="1,2" hai="27,30,35,41,45,46,49,51,52,84,91,93,98,99" machi="93" ten="20,5200,0" yaku="1,1,0,1,7,1,54,1,53,0" doraHai="126" doraHaiUra="34" who="0" fromWho="0" sc="238,75,305,-14,317,-14,120,-27" owari="313,41.3,291,-10.9,303,10.3,93,-40.7" /></mjloggm>