<mjloggm ver="2.3"><GO type="169" lobby="0"/><UN n0="%54%68%65%72%65%73%61%5F" n1="%E3%81%B6%E3%83%BC%E3%81%95%E3%82%93%E3%81%AE%E4%BC%91%E6%81%AF%E2%99%AA" n2="%73%79%6C%76%65%6F%6E" n3="%43%68%61%72%6F%2E" dan="16,16,16,16" rate="2094.54,2150.86,2132.50,2137.97" sx="F,M,M,M"/><TAIKYOKU oya="0"/><INIT seed="0,0,0,3,0,101" ten="250,250,250,250" oya="0" hai0="10,9,46,53,33,14,5,135,119,96,58,45,74" hai1="131,40,54,64,109,15,59,68,34,86,50,32,100" hai2="4,116,118,108,70,23,1,7,60,105,75,77,28" hai3="121,72,122,17,13,25,55,61,19,6,51,39,114"/><T103/><D119/><N who="2" m="45610" /><F23/><W123/><G39/><T93/><D74/><U89/><E109/><V20/><F20/><W125/><G72/><T120/><D120/><U31/><E40/><V35/><F108/><W124/><G61/><T2/><D33/><U85/><E85/><V127/><F127/><N who="3" m="48715" /><G55/><T99/><D99/><U112/><E100/><V133/><F133/><W43/><G43/><T84/><D84/><U107/><E31/><V117/><F1/><W94/><G94/><T126/><D135/><U79/><E79/><V132/><F132/><W29/><G51/><T111/><D111/><U22/><E68/><V12/><F12/><W62/><G62/><T30/><D30/><U44/><E64/><V0/><F0/><W49/><G49/><T80/><D80/><U129/><E32/><V11/><F60/><W69/><G69/><T95/><D95/><U92/><E34/><V52/><F52/><W42/><G42/><T73/><D73/><U65/><E65/><V78/><F70/><W90/><G90/><T104/><D93/><U128/><E44/><V27/><F117/><W57/><G57/><T130/><D126/><U16/><REACH who="1" step="1"/><E112/><REACH who="1" ten="250,240,250,250" step="2"/><V47/><F47/><W91/><G114/><T98/><D45/><U113/><E113/><V56/><F75/><W3/><G91/><T26/><D46/><U63/><E63/><V36/><F77/><W8/><G3/><T38/><D2/><U97/><E97/><V83/><F78/><W82/><G82/><T81/><D98/><U76/><E76/><V115/><F83/><W87/><G87/><T67/><D81/><RYUUKYOKU ba="0,1" sc="250,-15,240,15,250,-15,250,15" hai1="15,16,22,50,54,59,86,89,92,107,128,129,131" hai3="6,8,13,17,19,25,29,121,122,123" /><INIT seed="1,1,1,5,3,15" ten="235,255,235,265" oya="1" hai0="59,2,78,130,33,125,29,88,42,35,84,67,7" hai1="104,133,48,129,92,105,69,72,52,73,55,44,63" hai2="4,76,89,47,68,28,106,74,81,85,109,54,86" hai3="117,101,113,126,46,20,56,37,23,10,40,57,65"/><U24/><E133/><V14/><F68/><W53/><G113/><T110/><D110/><U71/><E129/><V107/><F109/><W97/><G126/><T26/><D125/><U31/><E69/><V1/><F1/><W43/><G117/><T45/><D130/><U0/><E0/><V115/><F74/><W49/><G40/><T87/><D78/><U131/><E131/><V118/><F118/><W132/><G132/><T27/><D7/><U5/><E5/><V41/><F115/><W18/><G56/><T19/><D2/><U9/><E9/><V91/><F76/><W6/><G65/><T111/><D111/><U66/><E73/><V30/><F54/><W114/><G114/><T11/><D33/><U62/><E72/><V77/><F77/><W134/><G134/><T121/><D121/><U8/><E8/><V70/><F70/><W21/><G10/><T79/><D79/><U127/><E92/><N who="2" m="54319" /><F14/><W36/><G6/><T112/><D112/><U51/><E62/><V99/><F99/><W80/><G80/><T82/><D87/><U60/><E63/><V34/><F34/><W3/><G3/><T94/><D94/><U12/><E12/><V50/><F4/><W102/><G102/><T25/><D67/><U108/><E127/><V98/><F98/><W96/><G96/><T58/><D27/><U122/><E108/><V120/><F120/><W95/><REACH who="3" step="1"/><G36/><REACH who="3" ten="235,255,235,255" step="2"/><N who="0" m="21703" /><D11/><U16/><E122/><V22/><F41/><W93/><G93/><T64/><D64/><U13/><E66/><V128/><F128/><W123/><G123/><T116/><D116/><RYUUKYOKU ba="1,2" sc="235,15,255,-15,235,-15,255,15" hai0="19,25,26,29,35,58,59,82,84,88" hai3="18,20,21,23,37,43,46,49,53,57,95,97,101" /><INIT seed="2,2,2,2,0,126" ten="250,240,220,270" oya="2" hai0="107,73,44,98,115,91,42,9,62,120,19,109,68" hai1="12,127,43,135,69,121,63,36,100,123,3,34,10" hai2="125,88,75,72,30,129,74,17,122,65,76,84,60" hai3="45,71,128,134,119,5,22,48,6,56,41,82,47"/><V79/><F122/><N who="1" m="46601" /><E34/><V114/><F114/><W110/><G71/><T39/><D115/><U92/><E3/><V28/><F125/><W32/><G32/><T55/><D120/><U54/><E127/><V124/><F124/><W35/><G35/><T130/><D73/><U66/><E54/><V132/><F132/><W106/><G106/><T103/><D109/><U67/><E67/><V99/><F99/><W93/><G110/><T4/><D19/><U113/><E135/><V108/><F129/><W131/><G134/><T50/><D91/><U57/><E43/><V51/><F51/><N who="3" m="27055" /><G56/><T13/><D130/><N who="3" m="49705" /><G119/><T77/><D68/><U59/><E36/><V25/><F108/><W112/><G112/><T26/><D62/><U97/><E113/><V14/><F60/><W1/><G1/><T61/><D61/><U0/><E0/><V33/><F30/><W37/><G37/><T40/><D39/><U101/><E101/><V8/><REACH who="2" step="1"/><F65/><REACH who="2" ten="250,240,210,270" step="2"/><W83/><G93/><AGARI ba="2,3" hai="8,14,17,25,28,33,72,74,75,76,79,84,88,93" machi="93" ten="40,7700,0" yaku="1,1,2,1,54,1,53,0" doraHai="126" doraHaiUra="2" who="2" fromWho="3" sc="250,0,240,0,210,113,270,-83" /><INIT seed="2,3,0,0,0,31" ten="250,240,323,187" oya="2" hai0="100,67,76,121,16,4,21,29,111,87,71,93,5" hai1="38,134,83,47,114,78,116,94,6,1,106,82,132" hai2="7,49,91,96,57,56,33,131,118,55,15,68,103" hai3="39,81,30,112,35,75,41,43,14,66,48,26,102"/><V8/><F118/><W27/><G112/><T101/><D121/><U46/><E106/><V117/><F117/><W122/><G122/><T62/><D111/><U130/><E114/><V10/><F131/><W84/><G75/><T104/><D104/><U80/><E130/><V89/><F68/><W64/><G39/><T61/><D29/><U108/><E108/><V60/><F10/><W9/><G102/><T107/><D107/><U88/><E116/><V120/><F120/><W85/><G26/><T65/><D76/><U86/><E38/><V63/><F33/><W37/><G37/><T73/><D73/><U133/><REACH who="1" step="1"/><E78/><REACH who="1" ten="250,230,323,187" step="2"/><V135/><F135/><W70/><G70/><T53/><D71/><U127/><E127/><V52/><REACH who="2" step="1"/><F49/><REACH who="2" ten="250,230,313,187" step="2"/><W54/><G48/><T20/><D62/><U98/><E98/><V42/><F42/><W2/><G43/><T59/><D61/><U126/><E126/><V51/><F51/><W34/><G41/><T113/><D113/><U92/><E92/><AGARI ba="3,2" hai="7,8,15,52,55,56,57,60,63,89,91,92,96,103" machi="92" ten="30,12000,1" yaku="1,1,7,1,9,1,8,1,54,1,53,0" doraHai="31" doraHaiUra="24" who="2" fromWho="1" sc="250,0,230,-129,313,149,187,0" /><INIT seed="2,4,0,2,0,34" ten="250,101,462,187" oya="2" hai0="51,103,23,60,4,78,59,109,108,24,118,82,98" hai1="85,12,58,135,55,131,67,13,99,2,134,29,57" hai2="64,26,130,19,115,5,68,95,102,121,114,15,1" hai3="127,107,0,47,69,22,35,42,128,79,40,46,87"/><V94/><F121/><W9/><G35/><T113/><D113/><U50/><E131/><V92/><F130/><W56/><G69/><T18/><D51/><U124/><E124/><V54/><F26/><W75/><G107/><T81/><D4/><U117/><E117/><V32/><F32/><W30/><G87/><T96/><D118/><U104/><E29/><V84/><F102/><W129/><G56/><T43/><D43/><U120/><E120/><V83/><F68/><W71/><G71/><T65/><D81/><U122/><E122/><V53/><F64/><W101/><G101/><T49/><D49/><U31/><E31/><V7/><F114/><W125/><G46/><T21/><D21/><U76/><E99/><V25/><F25/><N who="3" m="16695" /><G40/><T90/><D90/><U10/><E104/><V123/><F123/><W93/><G93/><T97/><REACH who="0" step="1"/><D103/><REACH who="0" ten="240,101,462,187" step="2"/><U133/><E76/><V38/><F115/><W14/><G128/><T63/><D63/><N who="1" m="38383" /><E85/><AGARI ba="4,1" hai="18,23,24,59,60,65,78,82,85,96,97,98,108,109" machi="85" ten="40,1300,0" yaku="1,1,53,0" doraHai="34" doraHaiUra="66" who="0" fromWho="1" sc="240,35,101,-25,462,0,187,0" /><INIT seed="3,0,0,0,1,0" ten="275,76,462,187" oya="3" hai0="89,41,78,28,64,101,82,49,27,98,2,102,9" hai1="20,121,69,43,7,81,92,62,36,25,38,34,122" hai2="31,114,48,18,127,113,93,118,91,88,125,42,3" hai3="106,47,84,129,58,94,12,65,128,45,104,67,105"/><W74/><G74/><T22/><D64/><N who="3" m="24649" /><G58/><T46/><D89/><U135/><E69/><V54/><F118/><W56/><G56/><T134/><D134/><U96/><E62/><V6/><F42/><W120/><G12/><T79/><D79/><U16/><E81/><V86/><F31/><W73/><G73/><T76/><D76/><U13/><E135/><V68/><F68/><W117/><G117/><T30/><D30/><U24/><E24/><V83/><F18/><W37/><G37/><T44/><D44/><N who="3" m="16969" /><G94/><T132/><D132/><U115/><E38/><V11/><F54/><W72/><G72/><T23/><D2/><U61/><E61/><V107/><F48/><W63/><G63/><T90/><D49/><U17/><E36/><V99/><REACH who="2" step="1"/><F107/><REACH who="2" ten="275,76,452,187" step="2"/><W100/><G100/><T51/><D101/><U112/><E43/><V116/><F116/><W29/><G29/><T21/><D102/><U33/><E33/><V57/><F57/><W10/><G10/><T50/><D9/><U111/><E34/><V110/><F110/><W75/><G75/><T103/><D103/><U59/><E111/><V70/><F70/><W19/><G19/><T123/><D50/><U80/><E59/><V15/><F15/><W53/><G53/><T35/><D35/><U52/><E52/><V95/><F95/><W97/><G105/><T124/><D41/><U39/><E17/><V130/><F130/><W71/><G104/><T119/><D119/><U109/><E109/><V133/><F133/><W40/><G106/><T60/><D51/><U26/><E39/><V5/><F5/><RYUUKYOKU ba="0,1" sc="275,-10,76,-10,452,30,187,-10" hai2="3,6,11,83,86,88,91,93,99,113,114,125,127" /><INIT seed="4,1,1,5,2,15" ten="265,66,482,177" oya="0" hai0="9,33,78,106,62,73,31,28,126,124,4,89,1" hai1="112,104,120,129,2,110,47,8,18,38,90,3,69" hai2="24,7,64,109,59,49,27,108,134,135,77,92,36" hai3="52,48,20,132,68,23,133,56,100,119,54,103,131"/><T19/><D106/><U87/><E120/><V25/><F36/><W95/><G119/><T93/><D62/><U53/><E110/><V114/><F114/><W32/><G32/><T99/><D33/><U40/><E104/><V76/><F7/><W70/><G131/><T97/><D97/><U111/><E111/><V105/><F105/><W55/><G48/><T116/><D116/><U26/><E69/><N who="3" m="26730" /><G56/><T14/><D78/><N who="2" m="30314" /><F92/><W67/><G67/><T123/><D123/><U0/><E129/><V122/><F122/><W72/><G72/><T51/><D51/><U113/><E53/><N who="2" m="32175" /><F64/><W125/><G125/><N who="0" m="48235" /><D73/><U5/><E26/><V30/><F30/><N who="0" m="11306" /><D1/><U96/><E96/><V35/><F35/><W61/><G61/><T58/><D58/><U43/><E43/><V46/><F46/><W84/><G84/><T86/><D86/><U85/><E85/><V16/><F109/><W12/><G95/><T42/><D42/><U63/><E63/><V101/><F101/><N who="3" m="38987" /><G12/><T127/><N who="0" m="48243" /><T80/><DORA hai="128" /><D80/><U13/><REACH who="1" step="1"/><E5/><AGARI ba="1,1" hai="4,5,9,14,19,89,93,99" m="11306,48243" machi="5" ten="40,3900,0" yaku="18,1,52,1" doraHai="15,128" who="0" fromWho="1" sc="265,52,66,-42,482,0,177,0" /><INIT seed="4,2,0,3,0,53" ten="317,24,482,177" oya="0" hai0="125,79,108,58,33,62,7,129,83,46,66,91,109" hai1="35,90,8,20,73,6,12,74,118,37,126,31,16" hai2="113,52,10,111,117,1,65,130,127,112,30,67,116" hai3="77,27,54,121,28,43,26,93,85,51,80,97,24"/><T82/><D125/><U47/><E126/><V57/><F111/><N who="0" m="42570" /><D33/><U71/><E71/><V86/><F127/><W38/><G38/><T69/><D7/><U131/><E131/><V98/><F130/><W45/><G121/><T87/><D46/><U96/><E118/><N who="2" m="45675" /><F30/><W61/><G61/><T100/><D100/><U55/><E96/><V21/><F21/><W17/><G17/><T22/><D22/><U106/><E106/><V92/><F86/><W133/><G133/><T15/><D15/><U105/><E105/><V78/><F78/><W88/><REACH who="3" step="1"/><G43/><REACH who="3" ten="317,24,482,167" step="2"/><T70/><D129/><U11/><E37/><V76/><F112/><W0/><G0/><T115/><D115/><U34/><E6/><V23/><F1/><W104/><G104/><T5/><D5/><U134/><E134/><V99/><F113/><W32/><AGARI ba="2,1" hai="24,26,27,28,32,45,51,54,77,80,85,88,93,97" machi="32" ten="20,5200,0" yaku="1,1,0,1,7,1,54,1,53,0" doraHai="53" doraHaiUra="2" who="3" fromWho="3" sc="317,-28,24,-15,482,-15,167,68" /><INIT seed="5,0,0,5,3,9" ten="289,9,467,235" oya="1" hai0="63,103,52,75,70,94,89,73,96,107,43,74,51" hai1="100,31,11,35,41,97,132,131,3,135,56,17,37" hai2="80,61,81,118,134,27,20,129,105,48,19,110,124" hai3="33,130,64,68,114,92,30,14,99,84,16,26,36"/><U127/><E127/><V112/><F110/><W57/><G36/><T46/><D70/><U15/><E131/><V12/><F118/><W65/><G130/><T22/><D22/><U34/><E3/><V120/><F120/><W86/><G68/><T0/><D0/><U4/><E4/><V53/><F129/><W5/><G5/><T1/><D1/><U54/><E41/><V91/><F105/><W113/><G84/><T117/><D117/><U125/><E37/><V101/><F101/><N who="3" m="60647" /><G57/><T44/><D63/><N who="1" m="36247" /><E31/><V2/><F53/><W104/><G86/><T24/><D24/><U8/><E8/><V123/><F20/><N who="3" m="11287" /><G104/><T38/><D74/><U85/><E85/><AGARI ba="0,0" hai="38,43,44,46,51,52,73,75,85,89,94,96,103,107" machi="85" ten="30,2000,0" yaku="7,1,54,1" doraHai="9" who="0" fromWho="1" sc="289,20,9,-20,467,0,235,0" owari="309,10.9,-11,-51.1,467,56.7,235,-16.5" /></mjloggm>