<mjloggm ver="2.3"><GO type="169" lobby="0"/><UN n0="%6E%6F%73%75%6B%65" n1="%73%61%6E%64%69%72%69%73" n2="%59%75%2D%4B%69%E2%88%9E" n3="%E7%90%86%E5%B7%A5%E3%83%95%E3%83%AA%E3%83%86%E3%83%B3%E5%A4%A7%E5%B8%AB" dan="17,17,16,16" rate="2170.26,2166.53,2119.10,2110.08" sx="M,M,M,F"/><TAIKYOKU oya="0"/><INIT seed="0,0,0,3,5,11" ten="250,250,250,250" oya="0" hai0="102,23,129,103,133,100,12,88,59,69,108,30,40" hai1="10,18,34,60,27,90,68,72,35,122,41,53,84" hai2="5,85,52,15,58,8,38,20,39,107,16,125,121" hai3="94,54,0,1,101,105,32,50,77,42,75,118,7"/><T114/><D114/><U49/><E122/><V9/><F121/><W22/><G32/><T96/><D69/><U82/><E72/><V104/><F125/><W128/><G128/><T98/><D129/><U81/><E81/><V131/><F131/><W132/><G132/><T71/><D71/><U45/><E27/><V62/><F9/><W106/><G42/><T29/><D133/><U87/><E87/><V55/><F55/><W79/><G94/><N who="0" m="56391" /><D108/><U28/><E28/><N who="0" m="10857" /><D40/><U124/><E124/><V13/><REACH who="2" step="1"/><F85/><REACH who="2" ten="250,250,240,250" step="2"/><W119/><G54/><T74/><D74/><U95/><E53/><V113/><F113/><W56/><G75/><T112/><D112/><U64/><E84/><V97/><F97/><W6/><G118/><T47/><D98/><U17/><E10/><V21/><F21/><W26/><G22/><T33/><D33/><U126/><E126/><V19/><F19/><W37/><G119/><T76/><D76/><U65/><E17/><V78/><F78/><W116/><G77/><T80/><D23/><U134/><E35/><V61/><F61/><W130/><G79/><T89/><D80/><U115/><E82/><V24/><F24/><W51/><G26/><T66/><D103/><U3/><E115/><V2/><F2/><W31/><G0/><T70/><D102/><U109/><E3/><V43/><F43/><W83/><G101/><T48/><D100/><U111/><E34/><V135/><F135/><W44/><G116/><T67/><D67/><N who="1" m="41063" /><E134/><V91/><F91/><W46/><G1/><T57/><D89/><U99/><E18/><V120/><F120/><RYUUKYOKU ba="0,1" sc="250,-15,250,15,240,15,250,-15" hai1="41,45,49,64,65,90,95,99,109,111" hai2="5,8,13,15,16,20,38,39,52,58,62,104,107" /><INIT seed="1,1,1,1,2,134" ten="235,265,255,235" oya="1" hai0="117,87,42,133,88,26,53,112,96,90,64,107,1" hai1="108,55,83,105,57,52,70,16,62,72,25,18,27" hai2="78,73,15,76,66,125,51,4,109,37,89,86,128" hai3="0,79,21,7,65,98,84,34,69,104,106,71,120"/><U121/><E121/><V59/><F37/><W126/><G21/><T81/><D117/><U127/><E105/><V48/><F109/><W74/><G84/><T102/><D133/><U99/><E70/><V58/><F73/><W129/><G7/><T60/><D112/><U22/><E108/><V63/><F128/><W118/><G98/><T50/><D1/><U135/><E135/><V3/><F3/><W11/><G11/><T17/><D42/><U122/><E122/><V24/><F24/><W46/><G79/><N who="2" m="30249" /><F58/><W130/><G46/><T35/><D90/><U38/><E127/><V6/><F125/><W95/><G65/><T2/><D2/><U44/><E72/><V113/><F113/><W47/><G47/><T93/><D17/><U28/><E83/><N who="2" m="49375" /><F15/><W5/><G126/><T85/><D85/><U68/><E68/><V97/><F97/><W80/><G71/><T92/><D64/><U116/><E116/><V32/><F32/><W115/><G34/><T14/><D14/><U19/><E99/><V100/><F100/><W43/><BYE who="2" /><G69/><T103/><D60/><U56/><E38/><V45/><F45/><W124/><G124/><T33/><D103/><U23/><E44/><UN n2="%59%75%2D%4B%69%E2%88%9E" /><V75/><F75/><W40/><G74/><T61/><D61/><AGARI ba="1,1" hai="16,18,19,22,23,25,27,28,52,55,56,57,61,62" machi="61" ten="30,12000,1" yaku="7,1,9,1,8,1,54,2" doraHai="134" who="1" fromWho="0" sc="235,-123,265,133,255,0,235,0" /><INIT seed="1,2,0,1,1,43" ten="112,398,255,235" oya="1" hai0="22,80,4,111,26,134,38,55,119,88,0,17,86" hai1="108,33,110,122,40,51,102,27,124,11,52,82,57" hai2="135,77,48,60,95,63,30,62,75,117,99,79,16" hai3="98,126,116,68,71,70,125,133,96,41,20,54,21"/><U34/><E122/><V46/><F135/><W67/><G67/><T132/><D119/><U59/><E124/><N who="3" m="47722" /><G133/><N who="0" m="51307" /><D38/><U81/><E102/><V50/><F50/><W36/><G116/><T5/><D111/><N who="1" m="42539" /><E40/><N who="2" m="24647" /><F30/><W18/><G54/><T58/><D0/><U47/><E11/><V115/><F75/><W19/><G41/><T94/><D80/><N who="1" m="30827" /><E27/><V6/><F6/><W72/><G36/><T83/><D83/><U2/><E2/><V66/><F66/><W104/><G104/><T107/><D107/><U35/><AGARI ba="2,0" hai="33,34,35,47,51,52,57,59" m="30827,42539" machi="35" ten="40,12000,1" yaku="14,1,10,1,52,1,54,1" doraHai="43" who="1" fromWho="1" sc="112,-42,398,126,255,-42,235,-42" /><INIT seed="1,3,0,5,1,110" ten="70,524,213,193" oya="1" hai0="11,124,64,13,39,56,119,101,73,22,129,125,113" hai1="79,80,132,16,35,116,36,4,61,117,86,34,108" hai2="32,5,123,114,25,9,7,29,133,48,90,105,77" hai3="27,52,91,82,15,88,31,95,92,49,0,12,8"/><U3/><E36/><V44/><F123/><W24/><G0/><T53/><D119/><U87/><E132/><V106/><F133/><W60/><G60/><T42/><D73/><U99/><E108/><V6/><F77/><W23/><G27/><T59/><D101/><U54/><E99/><V46/><F9/><W57/><G82/><T135/><D135/><U118/><E4/><V55/><F90/><W112/><G112/><T14/><D129/><U33/><E3/><V78/><F78/><W122/><G122/><T102/><D102/><U72/><E54/><V66/><F66/><W38/><G38/><T97/><D97/><U120/><E120/><V71/><F71/><W68/><G68/><T43/><D113/><U47/><E47/><V111/><F111/><W18/><G15/><T37/><D22/><U69/><REACH who="1" step="1"/><E16/><REACH who="1" ten="70,514,213,193" step="2"/><V70/><F7/><W131/><G131/><T51/><D53/><U30/><E30/><V84/><F44/><W40/><G40/><T103/><D43/><U81/><E81/><V20/><F6/><W126/><G126/><T65/><D42/><U58/><E58/><V128/><F5/><W100/><G95/><T109/><D109/><U134/><E134/><V67/><F128/><W104/><G104/><T89/><D39/><U17/><E17/><V10/><F106/><W63/><G49/><T2/><D37/><U62/><E62/><N who="2" m="40311" /><F105/><W19/><G19/><T115/><D125/><U50/><E50/><V26/><F29/><W75/><G75/><T74/><D74/><U96/><E96/><AGARI ba="3,1" hai="8,12,18,23,24,31,52,57,63,88,91,92,96,100" machi="96" ten="40,5200,0" yaku="8,1,54,2" doraHai="110" who="3" fromWho="1" sc="70,0,514,-61,213,0,193,71" /><INIT seed="2,0,0,1,0,82" ten="70,453,213,264" oya="2" hai0="118,61,85,126,20,56,16,123,64,99,10,4,48" hai1="94,15,41,8,92,0,135,66,125,58,73,111,53" hai2="100,2,14,33,26,110,87,19,74,95,127,44,104" hai3="76,116,31,5,113,107,36,60,117,65,115,45,131"/><V21/><F74/><W72/><G72/><T50/><D126/><U120/><E125/><V108/><F127/><W129/><G76/><T133/><D133/><U91/><E135/><V59/><F2/><W109/><G31/><T32/><D32/><U47/><E0/><V84/><F104/><W121/><G5/><T35/><D35/><U7/><E111/><N who="2" m="42539" /><F59/><W77/><G77/><T106/><D123/><U34/><E73/><V3/><F3/><W112/><G107/><T114/><D114/><U30/><E66/><V17/><F44/><W134/><G134/><T67/><D67/><U88/><E120/><V132/><F33/><W29/><G29/><T24/><D118/><N who="3" m="45673" /><G121/><T11/><D99/><U52/><E30/><V122/><F132/><W57/><G109/><T1/><D106/><U25/><E34/><V46/><F46/><W43/><AGARI ba="0,0" hai="36,43,45,57,60,65,112,113,115,129,131" m="45673" machi="43" ten="40,5200,0" yaku="11,1,34,2" doraHai="82" who="3" fromWho="3" sc="70,-13,453,-13,213,-26,264,52" /><INIT seed="3,0,0,4,3,1" ten="57,440,187,316" oya="3" hai0="84,126,129,108,117,81,66,134,51,10,131,135,44" hai1="121,63,119,13,118,123,38,99,103,48,104,22,89" hai2="95,55,77,41,125,37,107,16,73,120,112,7,8" hai3="100,29,15,102,92,105,74,64,124,36,50,70,46"/><W43/><G124/><T2/><D117/><N who="1" m="44555" /><E38/><V32/><F112/><W24/><G74/><T28/><D28/><U53/><E63/><V25/><F107/><W30/><G105/><T0/><D108/><U39/><E39/><V101/><F125/><W133/><G133/><N who="0" m="50699" /><D126/><U90/><E22/><V26/><F32/><W27/><G70/><T79/><D66/><U14/><E14/><V61/><F55/><W93/><G64/><T52/><D10/><U21/><E13/><V87/><F61/><W80/><G80/><T60/><D60/><U40/><E21/><V85/><F101/><W17/><G36/><T78/><D78/><U98/><E40/><V71/><F71/><W62/><G62/><T31/><D31/><N who="3" m="11785" /><G102/><T91/><D79/><U83/><E99/><V3/><F95/><N who="3" m="36427" /><G100/><T19/><D19/><U127/><E127/><V65/><F65/><W94/><G94/><T9/><D9/><AGARI ba="0,0" hai="9,15,17,24,27,43,46,50" m="36427,11785" machi="9" ten="30,1500,0" yaku="8,1" doraHai="1" who="3" fromWho="0" sc="57,-15,440,0,187,0,316,15" /><INIT seed="3,1,0,1,0,100" ten="42,440,187,331" oya="3" hai0="63,102,106,84,124,116,89,47,98,115,128,45,5" hai1="64,62,16,104,22,108,91,27,130,29,38,135,134" hai2="46,111,109,67,42,77,7,15,0,24,78,129,14" hai3="132,34,50,90,88,12,121,76,44,17,40,86,95"/><W57/><G132/><N who="1" m="50730" /><E38/><V58/><F0/><W52/><G121/><T99/><D124/><U119/><E108/><N who="2" m="41547" /><F24/><W35/><G76/><N who="2" m="29289" /><F7/><W10/><REACH who="3" step="1"/><G90/><REACH who="3" ten="42,440,187,321" step="2"/><T133/><D133/><U32/><E91/><V69/><F129/><W9/><G9/><T71/><D128/><U49/><E130/><V80/><F80/><W37/><AGARI ba="1,1" hai="10,12,17,34,35,37,40,44,50,52,57,86,88,95" machi="37" ten="20,12000,1" yaku="1,1,0,1,7,1,54,2,53,0" doraHai="100" doraHaiUra="74" who="3" fromWho="3" sc="42,-41,440,-41,187,-41,321,133" /><INIT seed="3,2,0,5,3,127" ten="1,399,146,454" oya="3" hai0="59,92,121,4,132,34,57,30,32,3,96,25,27" hai1="63,128,109,31,54,89,22,52,105,16,81,8,130" hai2="70,33,36,10,42,5,116,134,75,88,91,78,7" hai3="124,122,61,43,90,99,58,44,94,114,113,102,133"/><W20/><G122/><T97/><D121/><U45/><E105/><V21/><F116/><W56/><G124/><T55/><D132/><U17/><E109/><V120/><F33/><W106/><G133/><T111/><D111/><U40/><E31/><V37/><F134/><W87/><G20/><T23/><D97/><U64/><E8/><V13/><F70/><W117/><G117/><T1/><D4/><U2/><E2/><V118/><F118/><W112/><REACH who="3" step="1"/><G61/><REACH who="3" ten="1,399,146,444" step="2"/><T107/><D107/><U38/><E89/><V49/><F21/><W77/><G77/><T0/><D59/><N who="1" m="36991" /><E81/><V100/><F78/><W65/><G65/><T6/><D6/><U85/><E85/><V9/><F7/><W66/><G66/><T98/><D92/><U119/><E119/><V86/><F5/><W68/><G68/><T51/><D23/><U80/><E80/><V131/><F120/><W76/><G76/><T67/><D67/><U41/><E41/><V71/><F71/><W126/><G126/><T123/><D123/><U69/><E69/><V104/><F86/><W72/><G72/><T60/><D60/><U39/><E39/><AGARI ba="2,1" hai="39,43,44,56,58,87,90,94,99,102,106,112,113,114" machi="39" ten="40,2000,0" yaku="1,1,53,0" doraHai="127" doraHaiUra="129" who="3" fromWho="1" sc="1,0,399,-26,146,0,444,36" /><INIT seed="3,3,0,1,2,108" ten="1,373,146,480" oya="3" hai0="129,133,39,61,33,135,70,117,96,106,53,68,113" hai1="7,123,76,62,134,77,21,82,111,114,52,28,92" hai2="15,116,18,118,32,107,109,4,44,41,72,91,35" hai3="74,86,58,105,27,75,47,81,24,67,29,13,120"/><W122/><G105/><T38/><D33/><U14/><E123/><V55/><F107/><W0/><G0/><T16/><D117/><U94/><E111/><V3/><F72/><W20/><G74/><T125/><D16/><U23/><E134/><N who="0" m="51209" /><D96/><U131/><E131/><V11/><F109/><W73/><G73/><T112/><D106/><U87/><E114/><N who="0" m="44137" /><D129/><U132/><E77/><V78/><F78/><W128/><G75/><T66/><D125/><U84/><E132/><V17/><F17/><W83/><G128/><T69/><D53/><U127/><E127/><V30/><F55/><W102/><G120/><T60/><D60/><U95/><E28/><V121/><F121/><W34/><G34/><T57/><AGARI ba="3,0" hai="38,39,57,61,66,68,69,70" m="44137,51209" machi="57" ten="40,12000,2" yaku="20,1,11,1,34,2,52,3" doraHai="108" who="0" fromWho="0" sc="1,129,373,-33,146,-33,480,-63" /><INIT seed="4,0,0,4,3,73" ten="130,340,113,417" oya="0" hai0="84,45,88,70,5,20,28,63,12,126,1,56,36" hai1="89,95,71,100,54,51,127,21,23,129,83,34,109" hai2="121,131,117,14,118,6,32,9,104,81,124,72,99" hai3="44,67,82,97,133,128,48,22,76,85,57,122,114"/><T111/><D126/><U41/><E109/><V91/><F121/><W86/><G114/><T49/><D111/><U120/><E120/><V18/><F124/><W108/><G108/><T19/><D70/><U90/><E34/><V61/><F32/><W11/><G133/><T134/><D134/><U102/><E129/><V35/><F35/><W33/><G33/><T60/><D36/><U112/><E41/><V31/><F31/><W78/><G128/><T16/><D28/><U93/><E83/><V37/><F37/><W55/><G22/><N who="1" m="8202" /><E71/><V25/><F25/><W29/><G29/><T105/><D105/><U39/><E112/><V66/><F6/><W80/><G122/><T87/><D87/><N who="1" m="52415" /><E39/><V4/><F4/><W123/><G123/><T113/><D113/><U79/><E79/><V47/><F131/><W38/><G38/><T115/><D115/><U96/><E127/><V3/><F3/><W65/><G97/><T24/><D1/><U40/><E40/><V42/><F104/><W17/><G44/><AGARI ba="0,0" hai="44,51,54,90,95,96,100,102" m="52415,8202" machi="44" ten="30,1000,0" yaku="8,1" doraHai="73" who="1" fromWho="3" sc="130,0,340,10,113,0,417,-10" /><INIT seed="5,0,0,5,0,133" ten="130,350,113,407" oya="1" hai0="27,66,48,51,92,56,109,97,46,32,40,132,16" hai1="81,72,7,58,131,61,116,71,93,64,113,121,103" hai2="106,70,19,98,42,20,85,2,59,108,45,14,101" hai3="37,0,55,124,90,6,107,29,35,87,78,47,67"/><U122/><E116/><V75/><F108/><W119/><G107/><T118/><D132/><U34/><E34/><V50/><F70/><W89/><G67/><T5/><D109/><U127/><E113/><V8/><F75/><W100/><G100/><T23/><D118/><U99/><E131/><V134/><F134/><W130/><G55/><T49/><D32/><U43/><E127/><V38/><F85/><W105/><G78/><T54/><D5/><U52/><E7/><V112/><F112/><W4/><G87/><T117/><D117/><U1/><E1/><V57/><F2/><W135/><G0/><T65/><REACH who="0" step="1"/><D51/><REACH who="0" ten="120,350,113,407" step="2"/><U104/><E121/><V24/><REACH who="2" step="1"/><F50/><REACH who="2" ten="120,350,103,407" step="2"/><W44/><G135/><T33/><D33/><U82/><E122/><V36/><F36/><W21/><G21/><T30/><D30/><AGARI ba="0,2" hai="8,14,19,20,24,30,38,42,45,57,59,98,101,106" machi="30" ten="30,2000,0" yaku="1,1,7,1,53,0" doraHai="133" doraHaiUra="62" who="2" fromWho="0" sc="120,-20,350,0,103,40,407,0" /><INIT seed="6,0,0,4,5,91" ten="100,350,143,407" oya="2" hai0="1,37,88,80,95,92,58,98,110,23,107,2,31" hai1="132,46,69,100,111,86,10,61,16,101,44,70,60" hai2="73,118,0,8,106,81,89,65,122,131,48,104,57" hai3="11,115,30,63,134,114,105,74,66,125,45,15,51"/><V85/><F118/><W26/><G74/><T50/><D37/><U79/><E111/><V119/><F119/><W49/><G105/><T20/><D110/><U84/><E79/><V99/><F122/><W14/><G125/><T71/><D71/><U87/><E132/><V82/><F131/><W12/><G11/><T3/><D107/><U123/><E123/><V133/><F133/><W36/><G36/><T24/><D80/><U68/><E16/><V28/><F28/><W72/><G72/><T113/><D113/><N who="3" m="43017" /><G45/><N who="1" m="17514" /><E10/><V54/><F65/><W102/><G102/><AGARI ba="0,0" hai="60,61,68,69,70,84,86,87,100,101,102" m="17514" machi="102" ten="40,2600,0" yaku="28,2" doraHai="91" who="1" fromWho="3" sc="100,0,350,26,143,0,407,-26" /><INIT seed="7,0,0,0,2,121" ten="100,376,143,381" oya="3" hai0="19,84,105,134,100,32,103,25,108,27,104,99,45" hai1="40,42,21,43,60,23,88,78,5,59,83,64,126" hai2="93,73,66,22,131,71,2,113,11,49,17,6,3" hai3="101,72,94,33,7,76,106,95,116,81,110,55,130"/><W16/><G116/><T65/><D134/><U90/><E126/><V120/><F73/><W30/><G106/><T44/><D84/><N who="1" m="48247" /><E5/><V31/><F120/><W58/><G7/><T114/><D114/><U63/><E63/><V98/><F113/><W117/><G117/><T41/><D19/><U46/><E46/><V0/><F131/><W69/><G69/><T34/><D65/><U122/><E122/><V14/><F49/><W62/><G130/><T18/><D18/><U67/><E67/><V115/><F115/><W102/><G110/><T128/><D128/><U75/><E75/><V125/><F125/><W35/><G16/><T79/><D79/><U124/><E124/><V47/><F47/><W8/><G8/><T132/><D99/><U82/><E82/><V37/><F37/><W24/><REACH who="3" step="1"/><G33/><REACH who="3" ten="100,376,143,371" step="2"/><T39/><D132/><U36/><E36/><V135/><F135/><W91/><G91/><AGARI ba="0,1" hai="21,23,40,42,43,59,60,64,88,90,91" m="48247" machi="91" ten="30,2000,0" yaku="8,1,54,1" doraHai="121" who="1" fromWho="3" sc="100,0,376,30,143,0,371,-20" owari="100,-40.0,406,50.6,143,-25.7,351,15.1" /></mjloggm>