<mjloggm ver="2.3"><GO type="169" lobby="0"/><UN n0="%E3%82%A8%E3%82%B0%E3%83%81%E3%80%81" n1="%E5%8D%B5%E3%81%8B%E3%81%91%E6%B6%85%E6%A7%83" n2="%EF%BC%A0%E6%AC%A1%E7%94%B7" n3="%E6%B9%8A%E6%96%97%E3%81%8B%E3%81%92%E3%81%82%E3%81%8D" dan="16,16,17,17" rate="2151.78,2160.88,2118.95,2183.53" sx="M,M,M,M"/><TAIKYOKU oya="0"/><INIT seed="0,0,0,4,0,122" ten="250,250,250,250" oya="0" hai0="18,32,131,29,95,68,36,92,60,26,53,116,94" hai1="89,121,101,61,85,124,31,88,93,102,130,56,17" hai2="73,46,117,98,72,6,91,43,38,99,35,58,49" hai3="5,11,65,62,21,16,22,39,112,133,108,114,66"/><T67/><D131/><U42/><E130/><V123/><F123/><W82/><G39/><T80/><D116/><U9/><E124/><V96/><F35/><W3/><G133/><T63/><D36/><U74/><E74/><V103/><F117/><W120/><G120/><T132/><D132/><U28/><E42/><V110/><F103/><W4/><G4/><T10/><D80/><U44/><E44/><V13/><F91/><W119/><G119/><T87/><D87/><U100/><E89/><V33/><F33/><W118/><G118/><T45/><D45/><U126/><E126/><V24/><F24/><W84/><G22/><T52/><REACH who="0" step="1"/><D63/><REACH who="0" ten="240,250,250,250" step="2"/><U8/><E121/><V48/><F38/><W79/><G62/><T86/><D86/><U7/><E7/><V19/><F6/><W1/><G1/><T70/><D70/><U40/><E40/><V135/><F135/><W106/><G3/><T2/><D2/><U14/><REACH who="1" step="1"/><E8/><REACH who="1" ten="240,240,250,250" step="2"/><V27/><F72/><W59/><G11/><T41/><D41/><U54/><AGARI ba="0,2" hai="9,14,17,28,31,54,56,61,85,88,93,100,101,102" machi="54" ten="30,12000,2" yaku="1,1,2,1,0,1,8,1,54,1,53,1" doraHai="122" doraHaiUra="81" who="1" fromWho="1" sc="240,-60,240,140,250,-30,250,-30" /><INIT seed="1,0,0,0,5,113" ten="180,380,220,220" oya="1" hai0="95,86,79,65,78,89,112,75,64,81,46,42,132" hai1="41,57,101,40,19,98,122,6,21,48,20,94,59" hai2="135,119,34,49,83,9,123,11,33,96,84,4,22" hai3="106,29,23,63,118,24,51,53,92,104,80,126,85"/><U88/><E122/><V87/><F123/><W38/><G126/><T17/><D132/><U127/><E127/><V3/><F135/><W32/><G38/><T45/><D112/><U61/><E6/><V30/><F96/><W76/><G63/><T36/><D79/><U60/><E101/><V12/><F49/><W35/><G92/><T131/><D131/><U18/><E48/><V10/><F87/><W74/><G74/><T102/><D46/><U15/><E59/><V124/><F84/><W115/><G115/><T130/><D130/><U16/><E60/><V0/><F83/><W56/><REACH who="3" step="1"/><G118/><REACH who="3" ten="180,380,220,210" step="2"/><T37/><D36/><U107/><E107/><AGARI ba="0,1" hai="23,24,29,32,35,51,53,56,76,80,85,104,106,107" machi="107" ten="40,2600,0" yaku="1,1,2,1,53,0" doraHai="113" doraHaiUra="2" who="3" fromWho="1" sc="180,0,380,-26,220,0,210,36" /><INIT seed="2,0,0,4,0,29" ten="180,354,220,246" oya="2" hai0="13,71,106,70,12,50,36,74,126,84,90,98,125" hai1="8,112,93,37,22,57,73,10,54,35,28,120,107" hai2="124,100,15,58,26,87,97,115,88,86,59,17,48" hai3="121,5,38,63,119,104,45,32,27,134,102,68,81"/><V23/><F115/><W60/><G119/><T118/><D118/><U79/><E107/><V2/><F2/><W80/><G121/><T113/><D36/><U44/><E112/><V31/><F124/><N who="0" m="47722" /><D74/><U132/><E132/><V11/><F86/><W7/><G134/><T34/><D113/><U0/><E22/><V51/><F51/><W103/><G68/><N who="0" m="26155" /><D50/><U39/><E39/><V122/><F48/><W55/><G38/><T123/><D123/><U4/><E37/><V114/><F114/><W49/><G49/><T91/><D34/><U99/><E44/><V40/><F40/><W77/><G32/><T14/><D84/><U43/><E43/><V85/><F85/><W101/><G45/><T116/><D116/><U47/><E47/><V56/><F122/><W89/><G60/><T41/><D41/><U52/><E79/><V33/><F33/><W82/><G63/><T65/><D65/><U110/><E73/><V66/><F66/><W109/><G77/><T111/><D111/><U20/><E110/><V21/><F21/><W72/><G109/><T83/><D83/><U1/><E20/><V133/><F133/><W92/><G72/><T75/><D75/><U61/><E120/><V96/><REACH who="2" step="1"/><F100/><AGARI ba="0,0" hai="12,13,14,90,91,98,100,106" m="26155,47722" machi="100" ten="40,1300,0" yaku="18,1" doraHai="29" who="0" fromWho="2" sc="180,13,354,0,220,-13,246,0" /><INIT seed="3,0,0,1,5,102" ten="193,354,207,246" oya="3" hai0="104,25,33,35,59,101,100,77,80,68,128,49,37" hai1="91,96,54,76,135,22,87,109,81,53,121,58,40" hai2="14,103,11,12,13,64,124,95,34,41,119,93,63" hai3="92,57,8,118,48,17,43,62,30,89,112,117,18"/><W1/><G112/><T36/><D68/><U47/><E109/><V44/><F119/><W115/><G115/><T133/><D133/><U69/><E135/><V122/><F34/><W71/><G30/><T0/><D0/><U52/><E69/><V84/><F124/><W127/><G127/><T2/><D2/><U66/><E121/><V134/><F134/><W130/><G130/><T75/><D128/><U20/><E66/><V50/><F122/><W106/><G71/><T86/><D101/><U131/><E131/><V82/><F103/><W114/><G114/><T21/><D49/><U19/><E58/><V15/><N who="2" m="3072" /><DORA hai="32" /><V23/><F23/><W108/><G106/><T90/><D59/><U107/><E19/><V28/><F28/><W111/><G48/><T113/><D35/><U94/><REACH who="1" step="1"/><E107/><REACH who="1" ten="193,344,207,246" step="2"/><V24/><F11/><W97/><G118/><T38/><D113/><U3/><E3/><V4/><F4/><W85/><G117/><T132/><D132/><U99/><E99/><V56/><REACH who="2" step="1"/><F24/><REACH who="2" ten="193,344,197,246" step="2"/><W16/><G8/><T7/><D25/><U83/><E83/><V105/><F105/><W51/><G111/><T73/><D104/><U42/><E42/><V78/><AGARI ba="0,2" hai="41,44,50,56,63,64,78,82,84,93,95" m="3072" machi="78" ten="40,5200,0" yaku="1,1,0,1,8,1,53,0" doraHai="102,32" doraHaiUra="116,6" who="2" fromWho="2" sc="193,-13,344,-13,197,72,246,-26" /><INIT seed="4,0,0,2,3,5" ten="180,331,269,220" oya="0" hai0="10,111,8,97,49,93,70,35,101,34,48,121,91" hai1="118,37,26,132,128,75,131,80,39,114,17,23,21" hai2="41,18,100,7,79,126,57,11,42,58,96,115,119" hai3="16,99,83,3,66,33,95,103,22,19,59,117,122"/><T63/><D121/><U30/><E118/><V88/><F115/><W27/><G117/><T43/><D111/><U53/><E114/><V2/><F119/><W55/><G122/><T20/><D20/><U104/><E104/><V82/><F126/><W15/><G3/><T109/><D109/><U50/><E75/><V51/><F18/><W29/><G83/><T62/><D91/><U120/><E80/><V116/><F116/><W6/><G33/><T123/><D123/><U28/><E132/><V38/><F38/><W84/><G84/><T68/><D93/><U81/><E81/><V133/><F133/><W87/><G87/><T130/><D43/><U44/><E120/><V4/><F4/><W67/><G6/><T71/><D71/><U76/><E76/><V112/><F112/><W46/><G46/><T0/><D97/><U14/><E28/><V124/><F124/><W72/><G72/><T40/><D40/><U36/><AGARI ba="0,0" hai="14,17,21,23,26,30,36,37,39,44,50,53,128,131" machi="36" ten="40,1500,0" yaku="0,1" doraHai="5" who="1" fromWho="1" sc="180,-7,331,15,269,-4,220,-4" /><INIT seed="5,0,0,2,4,32" ten="173,346,265,216" oya="1" hai0="71,97,22,5,23,12,126,29,8,93,98,28,33" hai1="135,35,24,70,65,50,30,41,121,13,96,66,92" hai2="81,18,9,100,52,102,127,0,131,11,95,68,31" hai3="53,21,122,132,133,51,39,108,101,110,88,54,72"/><U86/><E135/><N who="3" m="51786" /><G39/><T36/><D36/><U27/><E121/><V79/><F131/><W118/><G122/><T128/><D71/><U114/><E114/><V117/><F127/><W57/><G72/><T125/><D93/><U46/><E70/><V83/><F117/><W87/><G118/><T49/><D49/><U38/><E38/><V105/><F105/><W58/><G21/><N who="0" m="7691" /><D97/><U103/><E24/><V74/><F68/><W6/><G6/><T123/><D98/><U59/><E13/><V119/><F119/><W91/><G101/><T7/><D123/><U104/><E59/><V34/><F102/><W106/><G106/><T120/><D120/><U76/><E76/><V17/><F100/><W3/><G91/><T99/><D99/><U61/><E61/><V40/><F79/><W26/><G54/><T15/><D128/><U78/><E78/><V1/><F52/><W62/><G58/><T14/><D33/><U48/><E48/><V16/><F34/><W109/><G51/><T45/><D45/><U116/><E116/><V25/><F74/><W56/><G56/><T130/><D130/><U82/><E104/><V64/><F40/><W63/><G63/><T115/><D115/><U19/><E65/><V112/><F112/><W42/><G42/><T37/><D37/><U73/><E66/><V90/><F64/><W60/><G60/><T10/><D15/><U67/><E67/><V129/><F129/><W89/><G62/><T80/><D80/><U107/><E73/><V94/><F90/><W124/><G89/><T47/><D47/><U85/><E107/><RYUUKYOKU ba="0,0" sc="173,30,346,-10,265,-10,216,-10" hai0="5,7,8,10,12,14,28,29,125,126" /><INIT seed="6,1,0,3,2,52" ten="203,336,255,206" oya="2" hai0="135,128,94,114,88,14,58,129,127,3,113,109,70" hai1="6,36,83,126,10,73,92,11,71,106,48,9,39" hai2="26,59,19,119,78,64,79,117,29,97,98,62,42" hai3="102,7,86,96,1,12,41,51,45,43,72,38,25"/><V60/><F42/><W116/><G116/><T46/><D109/><U108/><E106/><V21/><F119/><W77/><G25/><T111/><D111/><U74/><E108/><V4/><F4/><W124/><G124/><T75/><D127/><U61/><E71/><V16/><F117/><W17/><G72/><T101/><D70/><U81/><E6/><V66/><F97/><W63/><G63/><T107/><D3/><U13/><E61/><V122/><F122/><W20/><G77/><N who="2" m="29193" /><F98/><W125/><G86/><N who="0" m="52503" /><D75/><U50/><E11/><V93/><F93/><W95/><G125/><T134/><D46/><U0/><E92/><V99/><F99/><W37/><REACH who="3" step="1"/><G43/><REACH who="3" ten="203,336,255,196" step="2"/><T76/><D76/><U22/><E126/><V105/><F105/><W103/><G103/><T35/><D101/><U69/><E74/><V130/><F130/><N who="0" m="50282" /><D107/><U8/><E73/><V131/><F131/><W28/><G28/><T55/><D35/><U104/><E104/><V115/><F115/><N who="0" m="44042" /><D14/><U121/><E13/><V56/><AGARI ba="1,1" hai="16,19,21,26,29,56,59,60,62,64,66" m="29193" machi="56" ten="30,11700,0" yaku="8,1,52,2,54,1" doraHai="52" who="2" fromWho="2" sc="203,-40,336,-40,255,130,196,-40" /><INIT seed="6,2,0,5,4,77" ten="163,296,385,156" oya="2" hai0="39,5,98,133,79,82,56,74,15,105,124,29,71" hai1="86,13,36,2,63,48,41,43,112,53,9,135,90" hai2="84,1,121,3,111,100,97,22,67,65,68,134,109" hai3="93,11,119,101,78,96,132,32,26,44,92,42,110"/><V72/><F72/><W7/><G119/><T57/><D124/><U114/><E2/><V47/><F121/><W16/><G132/><T37/><D133/><U94/><E63/><V8/><F134/><W58/><G110/><N who="2" m="41993" /><F84/><W104/><G58/><T102/><D71/><U107/><E107/><N who="2" m="63887" /><F22/><W52/><G78/><T60/><D29/><U54/><E135/><V66/><F68/><W33/><G33/><T35/><D35/><U4/><E36/><V19/><F47/><W115/><G115/><N who="1" m="44074" /><E53/><V69/><F69/><W12/><G52/><T116/><D116/><U75/><E75/><V59/><F59/><AGARI ba="2,0" hai="4,9,13,41,43,48,54,59,86,90,94" m="44074" machi="59" ten="30,1000,0" yaku="15,1" doraHai="77" who="1" fromWho="2" sc="163,0,296,16,385,-16,156,0" /><INIT seed="7,0,0,4,3,17" ten="163,312,369,156" oya="3" hai0="33,95,117,74,131,38,79,3,57,123,7,19,31" hai1="45,48,9,96,11,0,35,15,76,10,66,67,51" hai2="40,88,107,27,73,126,71,25,13,112,135,128,53" hai3="94,28,49,80,82,63,2,111,134,61,130,58,81"/><W34/><G2/><T110/><D110/><U92/><E35/><V23/><F73/><W68/><G111/><T85/><D117/><U72/><E0/><V103/><F71/><W37/><G37/><T119/><D119/><U121/><E121/><V26/><F107/><W114/><G114/><T120/><D38/><U65/><E76/><V118/><F103/><W97/><G130/><T87/><D131/><U101/><E72/><V122/><F40/><W127/><G127/><T93/><D74/><U132/><E132/><V98/><F135/><W55/><G134/><T46/><D123/><U43/><REACH who="1" step="1"/><E48/><REACH who="1" ten="163,302,369,156" step="2"/><V60/><F122/><W20/><G34/><T108/><D79/><U125/><E125/><V18/><F126/><W14/><G68/><T8/><D3/><U12/><AGARI ba="0,1" hai="9,10,11,12,15,43,45,51,65,66,67,92,96,101" machi="12" ten="40,5200,0" yaku="1,1,0,1,8,1,53,0" doraHai="17" doraHaiUra="133" who="1" fromWho="1" sc="163,-13,302,62,369,-13,156,-26" owari="150,-25.0,364,46.4,356,15.6,130,-37.0" /></mjloggm>