<mjloggm ver="2.3"><GO type="169" lobby="0"/><UN n0="%6D%79%6D%65%6C%6F%58%58" n1="%E5%8F%97%E3%81%91%E5%85%A5%E3%82%8C%E9%87%8D%E8%A6%96" n2="%E8%87%AA%E6%92%AE%E3%82%8A%E3%83%9E%E3%82%B9%E3%82%BF%E3%83%BC" n3="%6E%6F%73%75%6B%65" dan="16,17,16,17" rate="2124.02,2175.69,2041.38,2175.02" sx="F,M,M,M"/><TAIKYOKU oya="0"/><INIT seed="0,0,0,4,2,75" ten="250,250,250,250" oya="0" hai0="55,128,79,47,112,135,56,111,69,22,126,89,46" hai1="93,70,125,67,0,26,77,100,28,36,132,83,105" hai2="121,84,52,120,62,96,1,101,81,98,109,41,33" hai3="60,54,58,18,43,16,134,129,65,12,6,59,5"/><T71/><D112/><U48/><E93/><V99/><F1/><W11/><G134/><T78/><D135/><U4/><E132/><V38/><F33/><W116/><G116/><T86/><D71/><U27/><E36/><V63/><F101/><W29/><G129/><T9/><D69/><U97/><E125/><V19/><F109/><W106/><G106/><T76/><D128/><U8/><E48/><V74/><F74/><W87/><G29/><T31/><D126/><U133/><E133/><V61/><F38/><W20/><G43/><T117/><D117/><U10/><E10/><V2/><F41/><W40/><G87/><T107/><D107/><U92/><E105/><V85/><F2/><W53/><G40/><T35/><D35/><U73/><REACH who="1" step="1"/><E28/><REACH who="1" ten="250,240,250,250" step="2"/><V82/><F121/><W57/><G65/><T80/><D9/><U32/><E32/><V39/><F39/><W42/><G42/><T17/><D31/><U123/><E123/><V110/><F120/><W118/><G118/><T24/><D111/><U51/><E51/><AGARI ba="0,1" hai="17,22,24,46,47,51,55,56,76,78,79,80,86,89" machi="51" ten="40,12000,1" yaku="8,1,52,3" doraHai="75" who="0" fromWho="1" sc="250,130,240,-120,250,0,250,0" /><INIT seed="0,1,0,4,0,15" ten="380,120,250,250" oya="0" hai0="111,11,40,73,129,47,9,13,125,118,43,104,63" hai1="77,50,127,79,81,97,69,126,65,93,87,98,75" hai2="1,82,35,56,27,61,3,95,89,60,33,19,132" hai3="122,131,36,90,53,18,108,123,59,39,24,121,76"/><T67/><D118/><U115/><E65/><V25/><F82/><W17/><G108/><T80/><D104/><U74/><E50/><V134/><F95/><W22/><G131/><T38/><D129/><U102/><E69/><V21/><F89/><W6/><G6/><T109/><D125/><N who="1" m="47627" /><E115/><V112/><F112/><W49/><G76/><N who="1" m="29258" /><E98/><V110/><F110/><N who="0" m="41994" /><D43/><U103/><E103/><V117/><F117/><W78/><G78/><AGARI ba="1,0" hai="74,75,78,81,87,93,97,102" m="29258,47627" machi="78" ten="30,3900,0" yaku="18,1,34,2" doraHai="15" who="1" fromWho="3" sc="380,0,120,42,250,0,250,-42" /><INIT seed="1,0,0,3,0,24" ten="380,162,250,208" oya="1" hai0="120,66,69,48,6,38,46,22,71,79,119,115,117" hai1="82,104,45,15,49,75,121,95,35,61,112,39,57" hai2="34,47,62,40,76,58,29,23,30,83,127,92,42" hai3="4,105,20,108,5,51,116,64,54,9,60,125,27"/><U124/><E104/><V78/><F127/><W103/><G108/><T114/><D79/><N who="2" m="30250" /><F34/><W1/><G125/><T130/><D6/><U33/><E39/><V72/><F72/><W68/><G116/><T126/><D22/><U67/><E124/><V86/><F83/><W122/><G122/><T87/><D87/><U16/><E112/><V21/><F21/><W19/><G5/><T90/><D90/><U113/><E113/><V7/><F7/><W13/><G103/><T28/><D126/><U93/><E121/><V63/><F23/><W17/><G105/><T131/><D120/><U85/><E75/><V44/><F86/><W11/><G11/><T128/><D38/><U12/><E33/><V99/><F47/><W98/><G98/><T32/><D115/><U73/><E35/><V102/><F62/><W133/><G133/><T132/><D132/><U56/><E57/><V14/><F14/><N who="1" m="5161" /><E16/><V129/><F129/><W55/><G55/><N who="0" m="30103" /><D114/><U31/><E31/><N who="2" m="11787" /><F44/><W106/><G106/><T94/><D94/><U41/><E73/><V0/><F0/><W109/><G1/><T59/><D119/><U91/><AGARI ba="0,0" hai="41,45,49,56,61,67,82,85,91,93,95" m="5161" machi="91" ten="30,1500,0" yaku="8,1" doraHai="24" who="1" fromWho="1" sc="380,-5,162,15,250,-5,208,-5" /><INIT seed="1,1,0,2,1,117" ten="375,177,245,203" oya="1" hai0="15,55,74,130,121,63,46,101,118,120,33,133,81" hai1="60,76,2,30,23,106,69,24,47,52,13,64,129" hai2="127,78,86,95,124,97,111,105,125,21,91,68,17" hai3="128,10,18,9,66,131,31,57,58,39,6,102,103"/><U113/><E2/><V56/><F68/><W92/><G39/><T62/><D118/><U28/><E113/><V0/><F0/><W73/><G73/><T7/><D33/><U38/><E106/><V93/><F56/><W126/><G126/><T110/><D110/><U25/><E129/><V67/><F67/><W114/><G31/><T35/><D35/><U27/><E76/><V107/><F111/><W134/><G92/><T61/><D101/><U43/><E13/><V88/><REACH who="2" step="1"/><F78/><REACH who="2" ten="375,177,235,203" step="2"/><W104/><G58/><T11/><D130/><U40/><E43/><V87/><F87/><W99/><G57/><T8/><D133/><U14/><REACH who="1" step="1"/><E52/><REACH who="1" ten="375,167,235,203" step="2"/><V75/><F75/><W82/><G131/><T65/><D74/><U51/><E51/><V79/><F79/><W16/><G128/><T20/><D65/><U1/><E1/><V70/><F70/><W19/><G66/><T84/><D55/><U54/><E54/><V29/><F29/><W32/><G114/><T50/><D50/><U80/><E80/><V96/><F96/><W26/><G99/><T22/><D81/><U108/><E108/><V36/><F36/><W44/><G82/><T135/><D135/><U98/><E98/><V3/><F3/><W59/><G134/><T90/><D84/><U49/><E49/><V109/><F109/><W72/><G59/><T85/><D85/><U89/><E89/><V116/><F116/><W123/><G104/><T34/><D90/><U41/><E41/><V42/><F42/><W5/><G103/><T12/><D62/><U83/><E83/><V119/><F119/><RYUUKYOKU ba="1,2" sc="375,-15,167,15,235,15,203,-15" hai1="14,23,24,25,27,28,30,38,40,47,60,64,69" hai2="17,21,86,88,91,93,95,97,105,107,124,125,127" /><INIT seed="1,2,2,3,0,86" ten="360,182,250,188" oya="1" hai0="54,82,100,98,80,37,76,131,9,44,0,43,1" hai1="68,130,65,115,46,7,62,109,14,56,69,96,73" hai2="61,8,42,85,125,102,31,13,59,97,83,118,95" hai3="94,21,90,124,18,93,22,5,123,134,103,64,11"/><U53/><E115/><V117/><F125/><W36/><G123/><T23/><D131/><U29/><E73/><V110/><F110/><W3/><G124/><T39/><D39/><U127/><E127/><V81/><F42/><W34/><G34/><T78/><D54/><U77/><E77/><V51/><F51/><W99/><G36/><T107/><D23/><U112/><E112/><V88/><F31/><W50/><G134/><T10/><D9/><U74/><E74/><V28/><F28/><W67/><G50/><T84/><REACH who="0" step="1"/><D10/><REACH who="0" ten="350,182,250,188" step="2"/><U113/><E113/><V17/><REACH who="2" step="1"/><F81/><REACH who="2" ten="350,182,240,188" step="2"/><W33/><G33/><T20/><D20/><U116/><E29/><V119/><F119/><W89/><G22/><T52/><D52/><AGARI ba="2,4" hai="8,13,17,52,59,61,83,85,88,95,97,102,117,118" machi="52" ten="30,8000,1" yaku="1,1,7,1,52,1,54,2,53,0" doraHai="86" doraHaiUra="101" who="2" fromWho="0" sc="350,-86,182,0,240,126,188,0" /><INIT seed="2,0,0,3,5,132" ten="264,182,366,188" oya="2" hai0="50,26,104,32,2,115,100,55,91,79,4,67,38" hai1="9,94,49,47,74,118,19,93,86,1,53,106,107" hai2="124,122,24,114,21,7,103,102,10,131,42,85,11" hai3="112,31,130,66,127,121,46,62,96,37,61,23,77"/><V126/><F114/><W22/><G121/><T56/><D115/><U72/><E118/><V81/><F122/><W134/><G112/><T89/><D38/><U28/><E28/><V25/><F131/><W87/><G134/><T5/><D79/><U78/><E107/><V64/><F42/><W17/><G130/><T125/><D125/><N who="2" m="48234" /><F64/><W45/><G127/><T108/><D108/><U111/><E106/><V70/><F70/><W82/><G37/><T90/><D2/><U52/><E111/><V75/><F75/><W84/><G96/><T0/><D0/><U16/><E74/><V44/><F44/><W18/><G31/><T117/><D117/><U98/><E72/><V109/><F109/><W88/><G22/><T71/><D71/><U128/><E128/><V8/><F7/><W57/><G62/><T63/><D5/><U101/><E1/><V69/><F69/><W113/><G113/><T116/><D4/><U27/><E9/><V51/><F51/><W110/><G110/><T99/><D116/><U119/><E119/><V135/><F135/><W35/><G35/><T58/><D32/><U76/><E53/><V34/><F34/><W54/><G54/><T13/><D50/><U73/><E73/><V92/><F92/><W36/><G36/><T3/><D67/><U12/><E94/><V43/><F43/><W20/><G46/><T83/><D104/><U123/><E123/><V33/><F33/><W6/><G45/><T29/><D55/><U97/><E52/><V133/><F133/><W41/><G41/><T105/><D105/><U80/><E49/><RYUUKYOKU ba="0,0" sc="264,0,182,0,366,0,188,0" /><INIT seed="3,1,0,5,4,37" ten="264,182,366,188" oya="3" hai0="75,41,120,114,28,51,77,27,17,133,123,121,13" hai1="23,4,95,113,125,109,54,57,134,78,97,56,76" hai2="127,103,135,71,102,39,16,85,92,35,30,98,74" hai3="88,132,94,50,14,112,81,34,29,79,49,84,118"/><W72/><G112/><T33/><D114/><U31/><E113/><V19/><F74/><W129/><G132/><T111/><D111/><U46/><E134/><V38/><F135/><W104/><G129/><T22/><D133/><U65/><E109/><V119/><F119/><W45/><G118/><T43/><REACH who="0" step="1"/><D51/><REACH who="0" ten="254,182,366,188" step="2"/><U101/><E125/><V128/><F127/><W59/><G50/><T126/><D126/><U11/><E46/><V96/><F38/><W15/><G104/><T70/><D70/><U105/><E105/><V48/><F71/><W26/><REACH who="3" step="1"/><G59/><REACH who="3" ten="254,182,366,178" step="2"/><T44/><D44/><U116/><E116/><V52/><F48/><W93/><G93/><T115/><D115/><U80/><E56/><V7/><F92/><W3/><G3/><T89/><D89/><U9/><E57/><V0/><F0/><W21/><G21/><T106/><D106/><U32/><E23/><V61/><F39/><W18/><G18/><T91/><D91/><U131/><E95/><V87/><F19/><W86/><G86/><T25/><D25/><U122/><E131/><V130/><F130/><W63/><G63/><T60/><D60/><U108/><E108/><V73/><F61/><W42/><AGARI ba="1,2" hai="14,15,26,29,34,42,45,49,72,79,81,84,88,94" machi="42" ten="20,12000,1" yaku="1,1,0,1,7,1,52,1,54,1,53,0" doraHai="37" doraHaiUra="66" who="3" fromWho="3" sc="254,-41,182,-41,366,-41,178,143" /><INIT seed="3,2,0,4,2,61" ten="213,141,325,321" oya="3" hai0="98,56,19,74,95,135,76,1,73,120,82,32,7" hai1="106,45,67,123,49,91,112,43,75,54,70,28,84" hai2="33,30,77,40,53,58,48,55,85,133,44,31,42" hai3="5,90,122,29,130,104,94,22,37,10,81,103,6"/><W105/><G122/><T52/><D120/><U20/><E75/><V132/><F77/><W38/><G130/><T88/><D32/><U92/><E112/><V2/><F2/><W111/><G111/><T34/><D34/><U108/><E123/><V114/><F114/><W72/><G29/><T121/><D121/><U125/><E108/><V26/><F31/><W13/><G22/><T107/><D135/><N who="2" m="51786" /><F85/><N who="3" m="52559" /><G105/><T118/><D118/><U79/><E106/><V87/><F87/><W80/><G80/><T11/><D107/><U65/><E70/><V102/><F102/><W101/><G6/><T109/><D109/><U17/><E28/><V24/><F24/><W68/><G68/><T89/><D19/><U97/><E125/><V83/><F83/><W71/><G71/><T78/><D78/><U18/><E17/><V96/><F96/><N who="3" m="61479" /><G103/><T119/><D119/><U51/><E97/><V21/><F33/><W66/><G66/><T0/><D89/><U41/><E79/><AGARI ba="2,0" hai="5,10,13,37,38,72,79,81" m="61479,52559" machi="79" ten="30,1500,0" yaku="24,1" doraHai="61" who="3" fromWho="1" sc="213,0,141,-21,325,0,321,21" /><INIT seed="3,3,0,4,3,41" ten="213,120,325,342" oya="3" hai0="62,94,85,52,83,116,119,35,9,68,17,93,44" hai1="69,77,18,42,30,46,65,89,132,96,63,126,95" hai2="36,87,80,16,21,115,133,39,10,66,51,34,3" hai3="110,76,31,128,22,125,105,54,12,28,104,113,24"/><W122/><G113/><T112/><D35/><U98/><E126/><V40/><F115/><W15/><G125/><T81/><D112/><U106/><E132/><V121/><F133/><W14/><G122/><T88/><D83/><U23/><E30/><V91/><F34/><W117/><G117/><T130/><D130/><U56/><E77/><V26/><F121/><W33/><G128/><T73/><D73/><U4/><E4/><V53/><F40/><W84/><G110/><T114/><D114/><U29/><E29/><V2/><F66/><W111/><G111/><T5/><D5/><U74/><E74/><V6/><REACH who="2" step="1"/><F2/><REACH who="2" ten="213,120,315,342" step="2"/><W25/><G33/><T127/><D127/><U8/><E69/><V0/><F0/><W1/><G1/><T70/><D119/><U71/><E71/><V32/><F32/><W109/><G109/><T75/><D70/><U123/><E123/><V118/><F118/><W20/><G54/><T108/><D108/><U72/><E42/><V13/><F13/><W131/><G131/><T135/><D135/><U92/><E65/><V55/><F55/><W27/><G27/><T134/><D134/><U58/><E72/><V120/><F120/><W38/><G38/><T100/><D116/><U102/><E106/><V11/><F11/><W103/><G105/><T60/><D75/><U79/><E8/><V37/><F37/><W78/><G104/><T124/><D68/><U19/><E23/><V49/><F49/><W50/><G50/><N who="0" m="28743" /><D124/><U82/><E63/><N who="0" m="24105" /><D100/><U86/><E102/><V61/><F61/><W129/><G103/><T107/><D107/><RYUUKYOKU ba="3,1" sc="213,15,120,-15,315,15,342,-15" hai0="9,17,81,85,88,93,94" hai2="3,6,10,16,21,26,36,39,51,53,80,87,91" /><INIT seed="4,4,1,3,4,3" ten="228,105,330,327" oya="0" hai0="4,84,131,30,121,107,31,128,25,45,73,132,40" hai1="122,13,78,76,114,116,15,105,21,56,68,20,5" hai2="23,41,50,43,96,134,111,79,123,104,7,100,66" hai3="18,113,110,9,126,99,36,60,61,8,87,64,74"/><T0/><D121/><U29/><E68/><V48/><F111/><W63/><G110/><T115/><D115/><U112/><E105/><V90/><F123/><W97/><G113/><N who="1" m="43626" /><E122/><V127/><F134/><W22/><G74/><T133/><D107/><U101/><E116/><V102/><F127/><W103/><G126/><T129/><D73/><U37/><E101/><V58/><F79/><N who="1" m="30249" /><E37/><V135/><F135/><N who="0" m="51786" /><D84/><U38/><E38/><V46/><F102/><W57/><G36/><N who="0" m="21639" /><D25/><U17/><E56/><V88/><F58/><N who="3" m="36887" /><G87/><T94/><D94/><U11/><E29/><V69/><F96/><N who="3" m="36939" /><G103/><T65/><D65/><U80/><E80/><V83/><F66/><N who="3" m="39215" /><G63/><T2/><D2/><U109/><E109/><V10/><F104/><W81/><G81/><T28/><D28/><U93/><E93/><V51/><F83/><W119/><G119/><T14/><D0/><U33/><E33/><V108/><F108/><W95/><G95/><T92/><D92/><U77/><N who="1" m="30257" /><U39/><DORA hai="54" /><E39/><V62/><F100/><W42/><G42/><T91/><D91/><U71/><E71/><V130/><F88/><W6/><G6/><T44/><D44/><U59/><E59/><V55/><F90/><W124/><G124/><T27/><D31/><U106/><E106/><V70/><F46/><W98/><G98/><T72/><D72/><U12/><E21/><V1/><F23/><W35/><G35/><N who="0" m="20959" /><D131/><U32/><E32/><V34/><F130/><W26/><AGARI ba="4,1" hai="8,9,18,22,26" m="39215,36939,36887" machi="26" ten="30,4000,0" yaku="8,1,52,2" doraHai="3,54" who="3" fromWho="3" sc="228,-24,105,-14,330,-14,327,62" /><INIT seed="5,0,0,2,2,21" ten="204,91,316,389" oya="1" hai0="61,91,89,4,29,129,20,44,106,104,128,24,43" hai1="102,77,42,118,28,117,17,84,108,45,76,79,101" hai2="85,113,19,9,1,70,88,82,32,83,10,92,8" hai3="5,122,93,78,13,47,94,121,135,26,11,99,49"/><U14/><E108/><V64/><F32/><W23/><G135/><T65/><D4/><U67/><E67/><V18/><F113/><W86/><G122/><T30/><D30/><U36/><E28/><V59/><F70/><W127/><G127/><T73/><D73/><U133/><E133/><V119/><F1/><W66/><G66/><T0/><D0/><U87/><E118/><V80/><F119/><W103/><G121/><T81/><D106/><U55/><E117/><V3/><F3/><W63/><G63/><AGARI ba="0,0" hai="8,9,10,18,19,59,63,64,80,82,83,85,88,92" machi="63" ten="40,2600,0" yaku="8,1,54,1" doraHai="21" who="2" fromWho="3" sc="204,0,91,0,316,26,389,-26" /><INIT seed="6,0,0,0,5,88" ten="204,91,342,363" oya="2" hai0="57,62,121,35,134,18,38,79,5,99,1,7,34" hai1="31,27,46,85,135,76,22,73,0,107,20,4,95" hai2="71,39,61,128,89,74,122,23,98,111,65,94,125" hai3="84,129,32,30,2,45,113,116,37,123,56,102,112"/><V96/><F122/><W43/><G123/><T13/><D121/><U108/><E107/><V83/><F128/><W92/><G116/><T9/><D38/><U36/><E108/><V114/><F111/><W130/><G2/><T68/><D68/><U44/><E135/><V51/><F39/><W131/><G56/><T118/><D79/><U90/><E36/><V117/><F117/><W115/><G30/><T106/><D118/><U25/><E73/><V126/><F114/><W100/><G32/><T17/><D17/><U42/><E42/><V3/><F3/><W104/><G104/><T124/><D124/><U29/><E76/><V67/><F74/><W47/><G47/><T58/><D58/><U120/><REACH who="1" step="1"/><E120/><REACH who="1" ten="204,81,342,363" step="2"/><V8/><F126/><W16/><G131/><T93/><D106/><U70/><E70/><V40/><F71/><W19/><G130/><T53/><D134/><U33/><E33/><V133/><F125/><W81/><G129/><T15/><D35/><U105/><E105/><V69/><F133/><W54/><G37/><T49/><D34/><U103/><E103/><V6/><F69/><W119/><G43/><T50/><D1/><U48/><E48/><V132/><F51/><N who="3" m="29039" /><G119/><T72/><D72/><U52/><E52/><V110/><F40/><W77/><G102/><T91/><D50/><U60/><E60/><V66/><F61/><W14/><G100/><T75/><D75/><U101/><E101/><V11/><F110/><W55/><G115/><T12/><D62/><U41/><E41/><V80/><F132/><W97/><G113/><T21/><D9/><AGARI ba="0,1" hai="0,4,9,20,22,25,27,29,31,44,46,85,90,95" machi="9" ten="40,8000,1" yaku="1,1,6,1,9,1,52,1,53,1" doraHai="88" doraHaiUra="87" who="1" fromWho="0" sc="204,-80,81,90,342,0,363,0" /><INIT seed="7,0,0,3,3,67" ten="124,171,342,363" oya="3" hai0="38,9,107,125,113,30,54,87,28,0,13,109,31" hai1="51,64,93,121,91,52,89,110,101,8,1,22,126" hai2="53,70,44,47,72,23,111,42,73,10,96,59,92" hai3="80,11,90,128,6,57,17,14,84,78,56,25,86"/><W35/><G128/><T116/><D116/><U76/><E110/><V115/><F111/><W71/><G71/><T114/><D107/><U55/><E121/><V112/><F70/><W127/><G127/><T129/><D109/><U99/><E126/><V130/><F130/><W50/><G50/><T36/><D129/><U82/><E64/><V20/><F10/><W49/><G49/><T124/><D38/><U69/><E69/><V95/><F96/><W39/><G39/><T108/><D36/><U105/><E22/><V58/><F53/><W43/><G43/><AGARI ba="0,0" hai="20,23,42,43,44,47,58,59,72,73,92,95,112,115" machi="43" ten="25,1600,0" yaku="22,2" doraHai="67" who="2" fromWho="3" sc="124,0,171,0,342,16,363,-16" owari="124,-37.6,171,-22.9,358,45.8,347,14.7" /></mjloggm>