<mjloggm ver="2.3"><GO type="169" lobby="0"/><UN n0="%E3%81%B3%E3%82%8D%E3%81%B4%E3%82%8D" n1="%E6%84%9B%E5%AA%9B%E7%9C%8C%E7%94%A3%E3%81%BF%E3%81%8B%E3%82%93" n2="%E3%81%B3%E3%82%8A%E3%81%B3%E3%82%8A%E2%98%86%E3%83%93%E3%83%AA%E3%83%BC" n3="%E3%82%82%E3%81%93%E3%81%BF" dan="16,16,16,16" rate="2191.12,2149.13,2158.43,2078.88" sx="M,M,M,M"/><TAIKYOKU oya="0"/><INIT seed="0,0,0,2,4,10" ten="250,250,250,250" oya="0" hai0="127,55,64,74,40,7,80,126,54,22,117,14,91" hai1="84,5,88,47,33,86,119,114,66,31,42,12,30" hai2="4,92,8,77,69,99,90,101,24,68,65,104,76" hai3="20,81,37,106,122,58,44,134,43,112,39,118,87"/><T46/><D117/><U123/><E119/><V45/><F24/><W6/><G134/><T131/><D64/><U9/><E123/><V13/><F45/><W0/><G112/><T73/><D91/><U36/><E114/><V111/><F111/><W25/><G106/><T78/><D74/><U52/><E66/><V132/><F132/><W125/><G125/><N who="0" m="47627" /><D131/><U83/><E33/><V56/><F56/><W135/><G135/><T32/><D32/><U116/><E116/><V63/><REACH who="2" step="1"/><F69/><REACH who="2" ten="250,250,240,250" step="2"/><W29/><G118/><T108/><D108/><U19/><E52/><V94/><F94/><W35/><G122/><T62/><D62/><U16/><REACH who="1" step="1"/><E84/><AGARI ba="0,1" hai="4,8,13,63,65,68,76,77,84,90,92,99,101,104" machi="84" ten="30,7700,0" yaku="1,1,7,1,52,1,53,1" doraHai="10" doraHaiUra="89" who="2" fromWho="1" sc="250,0,250,-77,240,87,250,0" /><INIT seed="1,0,0,5,2,131" ten="250,173,327,250" oya="1" hai0="63,19,17,25,52,21,81,23,28,66,96,121,20" hai1="0,70,16,83,5,50,125,65,32,33,46,126,13" hai2="67,41,53,26,78,31,74,75,110,77,55,30,39" hai3="82,14,51,111,71,27,43,92,98,36,117,35,47"/><U123/><E123/><V61/><F39/><W90/><G111/><T73/><D121/><U40/><E0/><V42/><F61/><W112/><G112/><T115/><D115/><U38/><E5/><V114/><F114/><W11/><G71/><T12/><D96/><U116/><E116/><V79/><F26/><W135/><G117/><T76/><D52/><N who="2" m="20042" /><F67/><W88/><G135/><T72/><D72/><N who="2" m="27690" /><F110/><W101/><G82/><T109/><D109/><U18/><E38/><V100/><F100/><W7/><G36/><T69/><REACH who="0" step="1"/><D17/><REACH who="0" ten="240,173,327,250" step="2"/><U127/><E18/><V91/><F91/><W3/><REACH who="3" step="1"/><G3/><REACH who="3" ten="240,173,327,240" step="2"/><T120/><D120/><U80/><E126/><V102/><F102/><W8/><G8/><AGARI ba="0,2" hai="8,12,19,20,21,23,25,28,63,66,69,73,76,81" machi="8" ten="30,2000,0" yaku="1,1,7,1,53,0" doraHai="131" doraHaiUra="48" who="0" fromWho="3" sc="240,40,173,0,327,0,240,-20" /><INIT seed="2,0,0,0,0,36" ten="280,173,327,220" oya="2" hai0="62,122,52,3,40,79,103,57,102,66,126,46,94" hai1="133,48,44,70,50,105,109,99,75,38,117,131,0" hai2="67,64,22,16,42,7,81,107,23,60,15,98,56" hai3="89,4,58,73,21,6,104,55,115,97,26,116,80"/><V10/><F81/><W129/><G129/><T65/><D122/><U128/><RYUUKYOKU type="yao9" ba="0,0" sc="280,0,173,0,327,0,220,0" hai1="0,38,44,48,50,70,75,99,105,109,117,128,131,133" /><INIT seed="2,1,0,3,2,77" ten="280,173,327,220" oya="2" hai0="6,11,43,105,67,55,42,126,119,83,25,38,15" hai1="73,28,0,76,24,64,33,82,75,87,46,107,56" hai2="59,124,63,135,17,89,1,81,96,71,108,34,22" hai3="123,121,23,112,29,72,53,102,9,100,70,117,134"/><V104/><F34/><W79/><G117/><T95/><D105/><U57/><E0/><V14/><F1/><W131/><G70/><T101/><D119/><U7/><E107/><V10/><F135/><W4/><G134/><T88/><D126/><U32/><E7/><V69/><F124/><W127/><G131/><T18/><D67/><U5/><E5/><V110/><F104/><W99/><G102/><T118/><D38/><U93/><E33/><V129/><F129/><W68/><G68/><T133/><D133/><U50/><E93/><V78/><F10/><W86/><G72/><T90/><D101/><U111/><E111/><N who="2" m="42539" /><F89/><W61/><G112/><T26/><D55/><U114/><E114/><V91/><F91/><W122/><G127/><T97/><D118/><U16/><E16/><N who="2" m="10519" /><F96/><W49/><G99/><T36/><D36/><U84/><E32/><V30/><F17/><W106/><G106/><T40/><REACH who="0" step="1"/><D18/><REACH who="0" ten="270,173,327,220" step="2"/><U65/><E65/><N who="2" m="39167" /><F30/><W45/><G100/><T3/><D3/><U44/><E28/><V48/><F48/><W52/><G29/><T37/><D37/><U27/><E50/><V128/><F128/><W2/><G123/><T103/><D103/><U51/><E51/><V62/><F62/><W120/><G61/><T98/><D98/><U54/><E64/><V113/><F113/><W109/><G109/><T66/><D66/><U80/><E54/><V92/><F92/><W130/><G53/><T39/><D39/><U31/><E31/><V21/><F21/><W58/><G23/><T94/><D94/><U125/><E125/><V35/><F35/><RYUUKYOKU ba="1,1" sc="270,10,173,10,327,10,220,-30" hai0="6,11,15,25,26,40,42,43,83,88,90,95,97" hai1="24,27,44,46,56,57,73,75,76,80,82,84,87" hai2="69,71,78,81" /><INIT seed="2,2,1,3,2,84" ten="280,183,337,190" oya="2" hai0="100,105,102,64,70,81,86,107,32,75,103,87,108" hai1="125,36,77,99,133,73,37,20,62,19,53,4,33" hai2="5,115,134,8,49,30,63,127,72,130,111,44,104" hai3="0,114,17,52,60,11,69,26,58,78,93,74,22"/><V9/><F104/><N who="0" m="40010" /><D32/><U48/><E33/><V88/><F72/><W23/><G114/><T94/><D64/><U47/><E125/><V10/><F115/><W85/><G69/><T13/><D13/><U38/><E133/><V118/><F118/><W46/><G0/><T40/><D40/><U116/><E116/><V98/><F134/><W121/><G121/><T124/><D70/><U89/><E4/><V55/><F127/><W135/><G135/><T35/><D35/><U126/><E126/><V67/><F130/><W97/><G11/><T6/><D6/><U25/><E77/><V29/><F111/><W117/><G46/><T24/><D24/><U18/><E73/><V79/><F79/><W14/><G117/><T56/><D56/><U109/><E109/><V91/><F5/><W15/><G74/><T90/><D108/><U57/><E18/><V101/><F101/><W112/><G22/><T66/><D66/><U128/><E128/><V45/><F45/><W65/><G65/><T21/><D21/><U76/><E76/><V43/><F43/><W131/><G112/><T92/><D124/><U123/><E123/><V71/><REACH who="2" step="1"/><F98/><REACH who="2" ten="280,183,327,190" step="2"/><W1/><G131/><T132/><D132/><U12/><E47/><V2/><F2/><W96/><G1/><T122/><D75/><U27/><REACH who="1" step="1"/><E62/><REACH who="1" ten="280,173,327,190" step="2"/><V68/><F68/><W129/><G129/><T39/><D122/><U50/><E50/><V16/><F16/><W106/><G78/><N who="0" m="46391" /><D39/><U61/><E61/><V41/><F41/><W83/><G60/><T120/><D120/><U28/><E28/><AGARI ba="2,3" hai="8,9,10,28,29,30,44,49,55,63,67,71,88,91" machi="28" ten="40,12000,1" yaku="1,1,52,2,54,1,53,0" doraHai="84" doraHaiUra="95" who="2" fromWho="1" sc="280,0,173,-126,327,156,190,0" /><INIT seed="2,3,0,4,2,86" ten="280,47,483,190" oya="2" hai0="17,3,95,64,80,69,18,63,131,50,120,74,84" hai1="55,34,68,82,72,67,87,62,92,127,100,130,24" hai2="81,132,134,91,47,51,125,116,4,40,43,89,35" hai3="123,76,121,85,25,88,49,21,108,1,104,23,22"/><V44/><F116/><W9/><G108/><T126/><D120/><U124/><E130/><V114/><F35/><W16/><G104/><T66/><D3/><U128/><E128/><V45/><F114/><W56/><G76/><T135/><D131/><U93/><E72/><V115/><F115/><W15/><G1/><T117/><D117/><U83/><E55/><V77/><F4/><W10/><G123/><T46/><D126/><N who="1" m="48171" /><E100/><V52/><F125/><W90/><G121/><T113/><D113/><U48/><E48/><V11/><F11/><N who="3" m="4107" /><G85/><T53/><D135/><N who="2" m="51754" /><F43/><W106/><G106/><T70/><D74/><U98/><E98/><V96/><F96/><W94/><G94/><N who="1" m="36458" /><E87/><N who="2" m="48559" /><F47/><W37/><G37/><AGARI ba="3,0" hai="37,40,44,45,51,52,89,91" m="48559,51754" machi="37" ten="30,11600,0" yaku="20,1,52,2,54,1" doraHai="86" who="2" fromWho="3" sc="280,0,47,0,483,125,190,-125" /><INIT seed="2,4,0,3,4,22" ten="280,47,608,65" oya="2" hai0="25,36,116,129,134,53,4,1,106,118,51,27,55" hai1="102,65,21,5,19,101,67,87,62,12,23,47,90" hai2="9,34,14,31,41,79,98,97,100,58,0,108,48" hai3="89,133,57,85,127,64,10,35,46,17,96,75,84"/><V107/><F0/><W71/><G71/><T92/><D106/><U80/><E5/><V18/><F108/><W16/><G75/><T82/><D36/><U3/><E3/><V73/><F98/><W120/><G35/><T30/><D30/><U119/><E119/><N who="0" m="45609" /><D134/><U50/><E23/><V70/><F70/><W49/><G127/><T63/><D129/><U128/><E128/><V111/><F111/><W69/><G69/><T39/><D39/><U42/><REACH who="1" step="1"/><E65/><REACH who="1" ten="280,37,608,65" step="2"/><V68/><F34/><W117/><G117/><T72/><D4/><U76/><E76/><V44/><F79/><W94/><G133/><T113/><D1/><U20/><E20/><V93/><F9/><W114/><G114/><T28/><D113/><U26/><E26/><V37/><F14/><N who="3" m="7255" /><G17/><T6/><D6/><U105/><E105/><V24/><F18/><W123/><G123/><T78/><D25/><U52/><E52/><V61/><F107/><W115/><G115/><T59/><D27/><U109/><E109/><V99/><F24/><W77/><G120/><T60/><D28/><U56/><AGARI ba="4,1" hai="12,19,21,42,47,50,56,62,67,80,87,90,101,102" machi="56" ten="20,5200,0" yaku="1,1,0,1,7,1,8,1,53,0" doraHai="22" doraHaiUra="33" who="1" fromWho="1" sc="280,-17,37,74,608,-30,65,-17" /><INIT seed="3,0,0,3,3,46" ten="263,111,578,48" oya="3" hai0="99,125,49,7,80,4,114,21,103,5,72,73,85" hai1="30,106,86,76,111,115,98,100,75,78,48,42,15" hai2="117,37,3,47,90,102,6,20,123,69,64,10,43" hai3="94,133,25,13,119,54,83,128,52,77,29,9,74"/><W56/><G128/><T66/><D125/><U104/><E115/><V27/><F117/><W55/><G133/><T63/><D114/><U38/><E111/><V126/><F126/><W28/><G119/><T88/><D21/><U105/><E38/><V62/><F123/><W132/><G132/><T82/><D82/><U118/><E118/><V44/><F44/><W40/><G40/><T18/><D18/><U61/><E30/><V60/><F60/><W112/><G112/><T121/><D121/><U95/><E61/><V65/><F65/><W39/><G39/><T84/><D84/><U51/><E75/><V34/><F34/><W50/><G94/><T26/><D26/><U12/><E42/><V93/><F102/><W124/><G124/><T96/><D49/><U53/><E51/><V91/><F93/><W24/><G24/><T87/><D87/><U11/><E86/><V135/><F135/><W14/><G14/><T79/><D79/><U16/><REACH who="1" step="1"/><E15/><REACH who="1" ten="263,101,578,48" step="2"/><V81/><F81/><W57/><G28/><AGARI ba="0,1" hai="3,6,10,20,27,28,37,43,47,62,64,69,90,91" machi="28" ten="30,1000,0" yaku="7,1" doraHai="46" who="2" fromWho="3" sc="263,0,101,0,578,20,48,-10" /><INIT seed="4,0,0,5,5,20" ten="263,101,598,38" oya="0" hai0="21,77,134,126,53,9,27,1,55,130,13,109,91" hai1="38,48,5,56,118,15,65,73,84,102,22,26,14" hai2="122,120,115,124,69,39,52,133,40,92,32,41,132" hai3="121,87,54,4,81,36,93,19,83,90,101,6,70"/><T119/><D119/><U44/><E73/><V85/><F32/><W88/><G36/><T76/><D1/><U125/><E118/><V114/><F92/><W117/><G70/><T17/><D130/><U12/><E125/><V42/><F85/><W123/><G117/><T129/><D134/><N who="2" m="51818" /><F124/><W68/><G68/><T106/><D106/><U107/><E38/><V24/><F24/><W86/><G54/><T97/><D126/><U35/><E35/><V135/><F135/><W66/><G66/><T45/><D129/><U0/><E0/><V72/><F72/><W11/><G19/><T37/><D37/><U71/><E71/><V75/><F75/><W112/><G112/><N who="2" m="43049" /><F69/><W111/><G111/><T100/><D109/><U99/><E84/><V23/><F23/><W104/><G104/><T96/><D100/><U46/><E5/><V64/><F64/><W25/><G25/><T127/><D127/><U103/><E103/><V128/><F128/><W67/><G67/><T28/><D97/><U30/><E65/><V79/><F79/><N who="0" m="30282" /><D45/><U60/><E46/><N who="2" m="23839" /><F52/><N who="0" m="20042" /><D96/><U33/><E33/><V131/><F131/><W98/><G4/><N who="0" m="3239" /><D91/><U58/><E107/><V47/><F47/><W95/><G95/><T113/><D113/><U89/><E102/><V51/><F51/><W10/><G10/><T43/><D43/><AGARI ba="0,0" hai="41,42,43,120,122" m="23839,43049,51818" machi="43" ten="30,7700,0" yaku="20,1,15,1,34,2" doraHai="20" who="2" fromWho="0" sc="263,-77,101,0,598,77,38,0" /><INIT seed="5,0,0,2,2,65" ten="186,101,675,38" oya="1" hai0="48,52,55,57,38,78,124,19,135,16,12,51,84" hai1="69,123,37,63,115,77,85,118,4,28,10,30,73" hai2="102,82,2,15,96,53,13,43,134,9,14,95,47" hai3="44,72,111,109,61,93,104,66,80,7,58,110,127"/><U121/><E118/><V18/><F134/><W74/><G104/><T128/><D135/><U71/><E37/><V79/><F53/><W131/><G131/><T45/><D128/><U76/><E73/><V46/><F2/><W22/><G127/><T3/><D124/><U36/><E36/><V24/><F24/><W64/><G7/><T34/><D3/><U23/><E115/><V126/><F126/><W91/><G64/><T89/><D34/><U132/><E132/><V62/><F62/><W31/><G44/><N who="2" m="16937" /><F43/><W70/><G58/><T20/><D38/><U105/><E105/><V103/><F103/><W112/><G80/><T75/><D75/><U41/><E41/><V56/><F56/><W68/><G68/><N who="1" m="26186" /><E63/><V35/><F35/><W117/><G112/><T108/><D108/><U8/><E23/><V17/><F9/><N who="1" m="3689" /><E85/><AGARI ba="0,0" hai="13,14,15,17,18,79,82,85,95,96,102" m="16937" machi="85" ten="30,1000,0" yaku="8,1" doraHai="65" who="2" fromWho="1" sc="186,0,101,-10,675,10,38,0" /><INIT seed="6,0,0,4,0,129" ten="186,91,685,38" oya="2" hai0="47,109,72,4,87,116,28,43,124,56,20,60,132" hai1="32,0,127,123,55,92,21,36,53,17,25,2,102" hai2="126,15,31,42,97,1,93,22,11,105,67,83,18" hai3="6,79,54,103,89,112,12,125,71,74,118,41,38"/><V104/><F126/><W120/><G120/><T14/><D72/><U122/><E36/><V115/><F115/><W40/><G118/><T8/><D109/><U52/><E127/><V91/><F42/><W90/><G71/><T81/><D132/><U130/><E130/><V85/><F67/><W77/><G103/><T26/><D124/><U70/><E70/><V65/><F65/><W69/><G69/><T101/><D101/><U35/><E102/><V99/><F99/><W57/><G74/><T30/><D116/><U23/><E92/><V96/><F96/><W108/><G108/><T33/><D33/><N who="1" m="12875" /><E17/><V95/><F95/><W34/><G34/><T63/><D30/><U45/><E25/><V113/><F113/><W61/><G112/><T106/><D106/><U121/><E45/><V24/><REACH who="2" step="1"/><F1/><AGARI ba="0,0" hai="0,1,2,21,23,52,53,55,121,122,123" m="12875" machi="1" ten="40,8000,1" yaku="28,2,13,1,54,1" doraHai="129" who="1" fromWho="2" sc="186,0,91,80,685,-80,38,0" /><INIT seed="7,0,0,1,3,132" ten="186,171,605,38" oya="3" hai0="83,15,92,4,57,29,50,44,63,94,1,51,80" hai1="69,70,98,96,7,106,39,88,103,47,58,134,11" hai2="133,109,37,3,85,10,24,42,38,0,89,124,30" hai3="77,104,102,130,110,40,105,34,65,5,127,87,121"/><W23/><G121/><T27/><D1/><U129/><E134/><V35/><F133/><W81/><G34/><T125/><D125/><U74/><E74/><V49/><F109/><W120/><G120/><T108/><D108/><U22/><E22/><V116/><F116/><W6/><G110/><T78/><D4/><U36/><E58/><V117/><F117/><W126/><G130/><T113/><D15/><U114/><E114/><V115/><F124/><N who="3" m="47659" /><G65/><T91/><D113/><U48/><E129/><V59/><F115/><W75/><G102/><T79/><D91/><U119/><E119/><V64/><F64/><W21/><G40/><T66/><D80/><U86/><E98/><V54/><F42/><W73/><G6/><T101/><D101/><U53/><E70/><V112/><F112/><W19/><G5/><T131/><D131/><U26/><E69/><V18/><F3/><W2/><G2/><T100/><D100/><U82/><E26/><V17/><F0/><AGARI ba="0,0" hai="0,7,11,36,39,47,48,53,82,86,88,96,103,106" machi="0" ten="30,2000,0" yaku="7,1,54,1" doraHai="132" who="1" fromWho="2" sc="186,0,171,20,605,-20,38,0" owari="186,-21.4,191,-0.9,585,68.5,38,-46.2" /></mjloggm>