<mjloggm ver="2.3"><GO type="169" lobby="0"/><UN n0="%6E%69%73%69%35%30%32%38" n1="%73%79%6C%76%65%6F%6E" n2="%E3%81%8F%E3%81%8E%E3%82%85%E3%81%86%E3%81%86%E3%81%86%E3%81%86" n3="%48%69%70%70%6F%5F" dan="16,16,18,17" rate="2113.37,2128.91,2247.52,2203.18" sx="M,M,M,M"/><TAIKYOKU oya="0"/><INIT seed="0,0,0,0,0,81" ten="250,250,250,250" oya="0" hai0="56,132,134,88,18,76,69,62,54,93,117,58,19" hai1="52,91,77,39,105,0,79,114,17,124,66,123,122" hai2="75,113,84,86,27,121,11,48,5,65,49,63,38" hai3="37,40,99,101,70,111,21,33,94,89,73,109,1"/><T20/><D69/><U106/><E0/><V127/><F121/><N who="1" m="46089" /><E39/><V120/><F120/><W29/><G33/><T47/><D117/><U45/><E66/><V12/><F113/><W60/><G73/><T71/><D71/><U100/><E17/><V44/><F75/><W8/><G70/><T104/><D104/><N who="1" m="40043" /><E45/><V103/><F103/><W15/><G101/><T14/><D47/><U74/><E52/><N who="2" m="29703" /><F127/><W26/><G1/><T78/><D58/><U82/><E100/><V51/><F38/><W2/><G2/><T116/><D116/><U112/><E124/><V7/><F7/><W13/><G60/><T90/><D19/><U35/><E35/><V85/><F27/><W64/><G64/><T10/><D10/><U25/><E25/><V67/><F67/><W41/><G37/><T3/><D3/><U42/><E42/><V92/><F92/><W16/><REACH who="3" step="1"/><G13/><REACH who="3" ten="250,250,250,240" step="2"/><T59/><D14/><U24/><E74/><V130/><F130/><W30/><G30/><T53/><D62/><U96/><E114/><V80/><F80/><W34/><G34/><T9/><D93/><N who="1" m="56383" /><E112/><V126/><F126/><W31/><G31/><T98/><D18/><U118/><E24/><V115/><F115/><W43/><AGARI ba="0,1" hai="8,15,16,21,26,29,40,41,43,89,94,99,109,111" machi="43" ten="30,12000,2" yaku="1,1,0,1,54,1,53,3" doraHai="81" doraHaiUra="36" who="3" fromWho="3" sc="250,-60,250,-30,250,-30,240,130" /><INIT seed="1,0,0,1,1,63" ten="190,220,220,370" oya="1" hai0="110,35,61,65,88,131,38,45,106,69,79,28,31" hai1="13,3,73,60,29,59,53,58,44,19,18,96,64" hai2="39,129,14,95,43,107,23,109,126,2,21,76,102" hai3="100,25,72,54,42,83,0,20,120,118,56,34,98"/><U103/><E73/><V57/><F2/><W112/><G112/><T24/><D110/><U52/><E3/><V6/><F107/><W1/><G120/><T12/><D79/><U121/><E121/><V133/><F76/><W70/><G70/><T87/><D31/><U99/><E29/><V46/><F109/><W101/><G34/><T66/><D12/><U108/><E108/><V16/><F6/><W51/><G118/><T48/><D38/><U40/><E40/><V27/><F129/><W124/><G124/><T67/><D106/><U71/><E44/><V75/><F75/><W15/><G15/><T94/><D131/><U11/><E71/><V113/><F133/><W127/><G127/><T47/><D47/><U81/><E81/><V22/><F113/><W104/><G100/><T128/><D128/><U97/><E103/><V119/><F119/><W84/><G42/><AGARI ba="0,0" hai="24,28,35,42,45,48,61,65,66,67,69,87,88,94" machi="42" ten="30,8000,1" yaku="7,1,52,3,54,1" doraHai="63" who="0" fromWho="3" sc="190,80,220,0,220,0,370,-80" /><INIT seed="2,0,0,4,1,36" ten="270,220,220,290" oya="2" hai0="83,64,94,3,21,27,74,93,18,55,79,113,80" hai1="62,114,103,37,24,121,71,29,124,17,101,65,12" hai2="32,130,119,5,104,19,14,40,58,75,7,111,91" hai3="50,131,70,15,78,49,97,1,118,88,112,76,133"/><V67/><F119/><W59/><G118/><T90/><D113/><U73/><E114/><V122/><F122/><W20/><G1/><T35/><D3/><U4/><E73/><V52/><F130/><W116/><G70/><T11/><D64/><U22/><E121/><V51/><F32/><W60/><G131/><T123/><D123/><U108/><E108/><V82/><F104/><W66/><G133/><T31/><D11/><U42/><E124/><V46/><F67/><W81/><G116/><T132/><D132/><U99/><E4/><V77/><F91/><W53/><G112/><T10/><D10/><U43/><E37/><V56/><F56/><W47/><G50/><T128/><D55/><U125/><E103/><V39/><REACH who="2" step="1"/><F111/><REACH who="2" ten="270,220,210,290" step="2"/><W25/><G88/><T102/><D128/><U34/><E125/><V100/><F100/><W8/><G59/><T45/><D102/><U110/><E110/><V86/><F86/><W2/><G66/><T63/><D90/><U69/><E69/><V28/><F28/><W106/><G106/><AGARI ba="0,1" hai="12,17,22,24,29,34,42,43,62,65,71,99,101,106" machi="106" ten="30,8000,1" yaku="7,1,25,2,52,2" doraHai="36" who="1" fromWho="3" sc="270,0,220,90,210,0,290,-80" /><INIT seed="3,0,0,3,2,41" ten="270,310,210,210" oya="3" hai0="31,86,90,126,64,102,50,24,56,30,53,3,112" hai1="60,23,65,117,27,120,0,83,134,10,47,9,79" hai2="22,4,8,73,84,32,55,85,63,127,38,14,123" hai3="124,51,20,35,96,118,82,57,128,122,105,34,62"/><W91/><G118/><T76/><D3/><U108/><E120/><V66/><F123/><W125/><G122/><T49/><D76/><U15/><E117/><V11/><F32/><W33/><G128/><T109/><D109/><U61/><E108/><V75/><F127/><N who="3" m="48715" /><G51/><T80/><D126/><U44/><E0/><V71/><F38/><W107/><G20/><T135/><D135/><U12/><E134/><V19/><F8/><N who="1" m="3177" /><E83/><V106/><F106/><W104/><G82/><T54/><D102/><U39/><E79/><V81/><F55/><N who="3" m="34111" /><G91/><T7/><D112/><U48/><E39/><V58/><F71/><W113/><G113/><T111/><D111/><U42/><E65/><V97/><F75/><W94/><G94/><T6/><D64/><U52/><E42/><V25/><F73/><W28/><G28/><N who="0" m="10795" /><D24/><U99/><E44/><AGARI ba="0,0" hai="6,7,44,49,50,53,54,56,80,86,90" m="10795" machi="44" ten="30,2000,0" yaku="8,1,52,1" doraHai="41" who="0" fromWho="1" sc="270,20,310,-20,210,0,210,0" /><INIT seed="4,0,0,2,1,103" ten="290,290,210,210" oya="0" hai0="1,100,115,123,129,118,4,54,23,45,73,36,124" hai1="97,132,32,53,58,34,50,90,5,61,108,102,110" hai2="44,88,14,116,112,43,67,13,0,85,49,26,80" hai3="128,33,16,21,17,6,106,42,2,133,28,11,71"/><T93/><D93/><U64/><E132/><V135/><F135/><W46/><G133/><T31/><D54/><U39/><E39/><V9/><F112/><W89/><G71/><T134/><D100/><U63/><E63/><V30/><F116/><W19/><G128/><T96/><D96/><U62/><E62/><V12/><F67/><W65/><G65/><T131/><D23/><U119/><E119/><V55/><F0/><W3/><G3/><T78/><D31/><U83/><E5/><V91/><F91/><W107/><G33/><T99/><D99/><U56/><E90/><V79/><F79/><W87/><G21/><T75/><D75/><U35/><REACH who="1" step="1"/><E83/><REACH who="1" ten="290,280,210,210" step="2"/><V125/><F125/><W22/><G28/><T25/><D4/><U66/><E66/><V95/><F80/><W8/><G22/><T29/><D36/><U86/><E86/><V92/><F85/><W81/><REACH who="3" step="1"/><G11/><REACH who="3" ten="290,280,210,200" step="2"/><T114/><D134/><U59/><E59/><V130/><F9/><W40/><G40/><T98/><D131/><U20/><E20/><N who="2" m="15687" /><F130/><W94/><G94/><AGARI ba="0,2" hai="32,34,35,50,53,56,58,61,64,94,97,102,108,110" machi="94" ten="40,1300,0" yaku="1,1,53,0" doraHai="103" doraHaiUra="15" who="1" fromWho="3" sc="290,0,280,33,210,0,200,-13" /><INIT seed="5,0,0,4,2,1" ten="290,313,210,187" oya="1" hai0="85,10,27,8,91,80,32,57,44,113,21,107,117" hai1="37,120,126,88,82,119,111,127,92,96,39,109,49" hai2="54,98,134,65,14,131,95,112,118,114,59,64,99" hai3="67,50,33,105,86,78,25,52,129,53,12,63,40"/><U87/><E49/><V70/><F118/><W34/><G105/><T104/><D117/><U76/><E37/><V130/><F134/><W38/><G129/><N who="2" m="49161" /><F70/><W3/><G3/><T48/><D32/><U24/><E24/><V51/><F14/><W62/><G38/><T20/><D57/><U43/><E119/><V6/><F6/><W68/><G40/><T9/><D113/><N who="2" m="43626" /><F99/><W106/><G12/><T102/><D27/><U116/><E116/><V89/><AGARI ba="0,0" hai="51,54,59,64,65,89,95,98" m="43626,49161" machi="89" ten="30,4000,0" yaku="19,1,15,1,11,1" doraHai="1" who="2" fromWho="2" sc="290,-10,313,-20,210,40,187,-10" /><INIT seed="6,0,0,4,2,20" ten="280,293,250,177" oya="2" hai0="59,19,124,41,54,62,3,47,104,56,100,40,69" hai1="68,110,86,36,115,25,2,119,73,9,131,14,60" hai2="39,18,51,55,63,11,118,94,109,126,80,83,111" hai3="77,103,49,22,7,44,92,82,24,38,4,42,70"/><V84/><F118/><W129/><G129/><T127/><D3/><U116/><E73/><V97/><F39/><W5/><G70/><T26/><D104/><U121/><E110/><V33/><F126/><N who="0" m="48170" /><D100/><U10/><E36/><V135/><F135/><W31/><G38/><T123/><D123/><U85/><E131/><V130/><F33/><W43/><G103/><T72/><D72/><U23/><E115/><V81/><F130/><W133/><G133/><T45/><D19/><U6/><E121/><V13/><F63/><W67/><G67/><N who="0" m="41207" /><D26/><U112/><E112/><V91/><REACH who="2" step="1"/><F97/><REACH who="2" ten="280,293,240,177" step="2"/><W28/><G92/><T53/><D40/><U35/><E35/><V64/><F64/><W0/><G43/><T102/><D41/><U48/><E60/><V15/><F15/><W88/><G0/><T87/><D102/><U74/><E116/><V58/><AGARI ba="0,1" hai="11,13,18,51,55,58,80,81,83,84,91,94,109,111" machi="58" ten="30,11700,0" yaku="1,1,0,1,53,2" doraHai="20" doraHaiUra="120" who="2" fromWho="2" sc="280,-39,293,-39,240,127,177,-39" /><INIT seed="6,1,0,5,3,28" ten="241,254,367,138" oya="2" hai0="21,2,72,132,87,91,83,114,115,80,24,40,110" hai1="50,14,69,116,48,123,47,16,31,78,74,100,86" hai2="29,10,128,0,101,130,44,67,22,126,120,25,61" hai3="38,8,66,92,58,3,43,32,108,109,68,85,112"/><V106/><F120/><W5/><G58/><T95/><D2/><U56/><E116/><V90/><F126/><W19/><G19/><T96/><D40/><U113/><E69/><V102/><F90/><W34/><G112/><N who="0" m="43051" /><D110/><N who="3" m="42601" /><G92/><N who="0" m="54399" /><D132/><U76/><E74/><V129/><F106/><W88/><G88/><N who="0" m="55399" /><D72/><U52/><E113/><V45/><F0/><W1/><G1/><T26/><D26/><U49/><E123/><V36/><F10/><W59/><G59/><T131/><D131/><U82/><E100/><V97/><F101/><W9/><G85/><T30/><AGARI ba="1,0" hai="21,24,30,80,83" m="55399,54399,43051" machi="30" ten="30,2000,0" yaku="15,1,54,1" doraHai="28" who="0" fromWho="0" sc="241,23,254,-6,367,-11,138,-6" /><INIT seed="7,0,0,2,3,28" ten="264,248,356,132" oya="3" hai0="109,105,27,63,131,115,37,132,92,94,90,15,44" hai1="32,67,26,66,0,78,103,54,116,97,39,107,18" hai2="24,133,30,89,13,49,53,3,16,101,84,134,71" hai3="82,43,47,14,129,73,113,52,93,19,4,56,127"/><W123/><G123/><T114/><D109/><U45/><E0/><V21/><F71/><W120/><G120/><T117/><D117/><U70/><E116/><V135/><F101/><W87/><G113/><T17/><D105/><U57/><E78/><V102/><F102/><W61/><G129/><T75/><D75/><U69/><E69/><V25/><F3/><W77/><G127/><T86/><D63/><N who="1" m="40287" /><E67/><V121/><F121/><W118/><G118/><T83/><D132/><U81/><E81/><N who="2" m="49295" /><F30/><W99/><G73/><T38/><D131/><U110/><E18/><V41/><F41/><W64/><G4/><T106/><D106/><U72/><E72/><V10/><F10/><W85/><G85/><T33/><D15/><U46/><E39/><V5/><F5/><W55/><G47/><AGARI ba="0,0" hai="13,16,21,24,25,47,49,53,133,134,135" m="49295" machi="47" ten="30,2000,0" yaku="20,1,54,1" doraHai="28" who="2" fromWho="3" sc="264,0,248,0,356,20,132,-20" owari="264,6.4,248,-15.2,376,47.6,112,-38.8" /></mjloggm>