<mjloggm ver="2.3"><GO type="169" lobby="0"/><UN n0="%67%61%79%75%6E%79" n1="%E5%BE%A1%E5%BD%B1%E3%82%86%E3%81%9A%E3%81%8D" n2="%E7%B4%AB%E3%81%AE%E9%8F%A1" n3="%E3%81%BF%E3%81%8B%E3%81%82" dan="17,16,17,16" rate="2217.37,2142.28,2170.85,2020.40" sx="M,M,M,M"/><TAIKYOKU oya="0"/><INIT seed="0,0,0,2,5,99" ten="250,250,250,250" oya="0" hai0="100,61,92,16,32,14,9,118,107,77,38,67,121" hai1="22,68,115,60,86,4,30,73,15,126,53,72,78" hai2="48,55,1,95,29,131,79,88,46,5,59,119,122" hai3="114,130,23,19,49,116,44,75,36,109,69,37,12"/><T117/><D121/><U81/><E115/><V101/><F122/><W63/><G75/><T105/><D32/><U50/><E126/><V10/><F131/><W24/><G130/><T112/><D38/><U104/><E104/><V103/><F119/><W45/><G109/><T47/><D112/><U94/><E68/><V2/><F2/><W6/><G45/><T64/><D77/><U89/><E60/><V52/><F29/><W124/><G124/><T17/><D47/><U26/><E4/><V82/><F82/><W66/><G114/><T123/><D123/><U93/><E15/><V80/><F80/><W132/><G132/><T27/><D64/><U102/><E93/><V21/><F21/><W98/><G116/><T56/><D92/><U11/><E11/><V51/><F79/><W34/><G98/><AGARI ba="0,0" hai="1,5,10,46,48,51,52,55,59,88,95,98,101,103" machi="98" ten="30,8000,1" yaku="7,1,52,2,54,2" doraHai="99" who="2" fromWho="3" sc="250,0,250,0,250,80,250,-80" /><INIT seed="1,0,0,2,5,30" ten="250,250,330,170" oya="1" hai0="90,42,60,112,67,28,34,15,81,132,111,64,103" hai1="78,29,9,22,14,17,1,62,88,40,11,107,46" hai2="66,122,20,135,55,7,61,79,6,108,120,71,21" hai3="100,96,74,3,49,104,92,94,83,117,53,19,54"/><U97/><E78/><V58/><F108/><W27/><G3/><T118/><D112/><U33/><E62/><V115/><F115/><W98/><G117/><T25/><D118/><U43/><E107/><V50/><F135/><W0/><G0/><T38/><D132/><U101/><E101/><V48/><F79/><W36/><G36/><T123/><D123/><U8/><E1/><V45/><F20/><W116/><G116/><T13/><D67/><U121/><E121/><V133/><F133/><W130/><G130/><T31/><D31/><U91/><E97/><V80/><F80/><W102/><G104/><T12/><D103/><U113/><E113/><V128/><F128/><W18/><G54/><T106/><D106/><U47/><E29/><V23/><F122/><W119/><G27/><T69/><D111/><U56/><E56/><V87/><F87/><W41/><G41/><T75/><D75/><U124/><E33/><V70/><F70/><W2/><G2/><T76/><D90/><U84/><E124/><V26/><F23/><W125/><G119/><T72/><D42/><N who="1" m="15915" /><E91/><V32/><F32/><W77/><REACH who="3" step="1"/><G125/><REACH who="3" ten="250,250,330,160" step="2"/><T127/><D127/><U82/><AGARI ba="0,1" hai="8,9,11,14,17,22,46,47,82,84,88" m="15915" machi="82" ten="30,3000,0" yaku="8,1,54,1" doraHai="30" who="1" fromWho="1" sc="250,-10,250,40,330,-10,160,-10" /><INIT seed="1,1,0,5,4,20" ten="240,290,320,150" oya="1" hai0="37,76,70,40,83,41,71,85,21,62,68,34,77" hai1="88,36,78,64,51,27,89,18,11,95,87,5,1" hai2="23,131,29,13,7,30,48,56,4,35,0,42,61" hai3="105,31,65,122,8,110,25,72,2,57,97,15,129"/><U98/><E36/><V50/><F0/><W9/><G72/><T109/><D34/><U38/><E38/><V106/><F106/><W101/><G110/><T3/><D109/><U96/><E64/><V112/><F35/><W66/><G129/><T100/><D3/><U17/><E78/><V52/><F131/><W132/><G132/><T49/><D37/><U126/><E126/><V123/><F123/><W115/><G115/><T99/><D77/><U79/><E79/><V103/><F103/><W44/><G122/><T58/><D21/><U93/><E87/><V91/><F112/><W43/><G57/><T130/><D49/><N who="2" m="19050" /><F91/><W114/><G9/><T63/><D130/><U55/><REACH who="1" step="1"/><E27/><REACH who="1" ten="240,280,320,150" step="2"/><N who="2" m="16639" /><F42/><W135/><G114/><T19/><D40/><U133/><E133/><V45/><F45/><AGARI ba="1,1" hai="1,5,11,17,18,45,51,55,88,89,93,95,96,98" machi="45" ten="30,11600,0" yaku="1,1,7,1,9,1,54,1,53,0" doraHai="20" doraHaiUra="26" who="1" fromWho="2" sc="240,0,280,129,320,-119,150,0" /><INIT seed="1,2,0,4,0,85" ten="240,409,201,150" oya="1" hai0="79,48,39,30,38,0,83,125,12,94,88,72,67" hai1="97,46,75,104,101,27,19,57,6,34,133,64,103" hai2="55,118,66,49,14,106,78,52,102,112,107,35,61" hai3="93,127,8,22,7,4,77,80,32,51,96,60,86"/><U16/><E75/><V58/><F118/><W45/><G32/><T25/><D0/><U2/><E103/><V9/><F112/><W126/><G60/><T91/><D125/><N who="3" m="47625" /><G22/><T81/><D67/><U128/><E133/><V74/><F35/><W116/><G8/><T114/><D114/><U115/><E115/><V29/><F29/><W87/><G87/><T70/><D70/><U31/><E128/><V95/><F74/><W20/><G20/><T37/><D94/><U18/><E46/><V89/><F78/><W11/><G11/><T56/><D83/><U28/><E28/><V120/><F120/><W5/><G5/><T10/><D48/><U53/><E64/><V71/><F55/><N who="3" m="30191" /><G116/><T100/><D56/><U41/><E41/><V123/><F123/><W113/><G113/><T17/><REACH who="0" step="1"/><D100/><AGARI ba="2,0" hai="4,7,77,80,86,93,96,100" m="30191,47625" machi="100" ten="30,1000,0" yaku="18,1" doraHai="85" who="3" fromWho="0" sc="240,-16,409,0,201,0,150,16" /><INIT seed="2,0,0,3,4,33" ten="224,409,201,166" oya="2" hai0="87,80,107,128,18,64,54,68,40,86,70,16,49" hai1="122,53,92,99,83,59,76,111,90,0,27,82,66" hai2="22,95,14,121,123,41,11,32,71,12,79,135,102" hai3="116,63,56,19,93,88,69,81,37,72,7,114,48"/><V97/><F32/><W24/><G37/><T108/><D107/><U21/><E122/><V132/><F71/><W55/><G7/><T117/><D40/><U2/><E66/><V103/><F79/><W74/><G116/><T91/><D128/><U1/><E111/><V75/><F75/><W134/><G81/><T78/><D108/><U30/><REACH who="1" step="1"/><E76/><REACH who="1" ten="224,399,201,166" step="2"/><V58/><F123/><W124/><G124/><T104/><D64/><U126/><E126/><V119/><F121/><W106/><G134/><T129/><D78/><U31/><E31/><V23/><F132/><W25/><G114/><T85/><D117/><U127/><E127/><V36/><F135/><W29/><G29/><T112/><D112/><U43/><E43/><V34/><F41/><W110/><G110/><T118/><D118/><U13/><E13/><V109/><F12/><W96/><G25/><T61/><D54/><U115/><E115/><V65/><F14/><W77/><G77/><T62/><D70/><U10/><E10/><V57/><F11/><W44/><G69/><T113/><D68/><U130/><E130/><V133/><F65/><W45/><G74/><T20/><D129/><U42/><E42/><V35/><F109/><W4/><G72/><T8/><D8/><U67/><E67/><V98/><F133/><W101/><G4/><T60/><D113/><U47/><E47/><V38/><F119/><W89/><G45/><T52/><D52/><U26/><E26/><V105/><F105/><W3/><G106/><T28/><D104/><U17/><E17/><V50/><F95/><W125/><G93/><RYUUKYOKU ba="0,1" sc="224,-15,399,15,201,15,166,-15" hai1="0,1,2,21,27,30,53,59,82,83,90,92,99" hai2="22,23,34,35,36,38,50,57,58,97,98,102,103" /><INIT seed="2,1,1,0,2,36" ten="209,414,216,151" oya="2" hai0="134,12,17,116,109,132,35,18,33,135,99,125,113" hai1="8,105,57,39,129,46,55,74,21,112,64,49,43" hai2="130,81,16,124,94,126,52,91,68,10,123,104,15" hai3="66,38,101,92,25,47,84,60,108,69,111,44,96"/><V119/><F119/><W89/><G25/><T82/><D116/><U37/><E105/><V58/><F123/><W106/><REACH who="3" step="1"/><G38/><REACH who="3" ten="209,414,216,141" step="2"/><T83/><D132/><U28/><E39/><V0/><F130/><W29/><G29/><T6/><D134/><U118/><E37/><V102/><F126/><W7/><G7/><T22/><D125/><U53/><E28/><V77/><F124/><W67/><G67/><T24/><D6/><U88/><E64/><V61/><F0/><W131/><G131/><T48/><D135/><U110/><E129/><V27/><F27/><W11/><G11/><T86/><D24/><U80/><E8/><V85/><F68/><W78/><G78/><T9/><D9/><U71/><E118/><V122/><F122/><W79/><G79/><T23/><D23/><U103/><E21/><V100/><REACH who="2" step="1"/><F104/><REACH who="2" ten="209,414,206,141" step="2"/><W45/><AGARI ba="1,3" hai="44,45,47,60,66,69,84,89,92,96,101,106,108,111" machi="45" ten="30,4000,0" yaku="1,1,0,1,53,1" doraHai="36" doraHaiUra="56" who="3" fromWho="3" sc="209,-11,414,-11,206,-21,141,73" /><INIT seed="3,0,0,2,2,131" ten="198,403,185,214" oya="3" hai0="36,60,34,115,37,6,101,77,49,25,90,32,30" hai1="107,18,15,47,16,61,91,75,17,83,12,26,79" hai2="59,73,58,105,71,23,93,13,31,41,33,19,111" hai3="74,92,122,80,55,95,127,69,98,48,29,45,27"/><W64/><G122/><T65/><D115/><U133/><E107/><V7/><F105/><W5/><G127/><T106/><D34/><U44/><E26/><V2/><F71/><W86/><G74/><T81/><D90/><U85/><E133/><V8/><F111/><W103/><G5/><T113/><D49/><U14/><REACH who="1" step="1"/><E61/><REACH who="1" ten="198,393,185,214" step="2"/><V112/><F112/><W129/><G129/><T125/><D125/><U39/><E39/><V109/><F109/><W46/><G64/><T24/><D24/><U3/><E3/><V132/><F132/><W11/><G69/><T110/><D110/><U53/><E53/><V121/><F2/><W119/><G119/><T21/><D25/><U97/><E97/><V88/><F121/><W52/><G27/><T0/><D65/><U28/><E28/><V96/><F31/><W94/><G29/><T100/><D30/><U62/><E62/><V51/><F13/><W20/><G20/><T82/><D60/><U130/><E130/><V87/><F23/><W108/><G108/><T123/><D21/><U50/><E50/><V4/><F51/><N who="3" m="28783" /><G11/><T1/><D113/><U84/><E84/><V10/><F8/><W104/><G104/><T9/><D106/><U43/><E43/><V124/><F41/><W63/><G63/><T54/><D54/><U70/><E70/><V120/><F120/><W99/><G98/><T126/><D123/><U128/><E128/><V68/><F68/><W67/><G67/><T40/><D40/><U114/><E114/><V134/><F134/><W56/><G56/><T22/><D9/><U135/><E135/><RYUUKYOKU ba="0,1" sc="198,-15,393,15,185,-15,214,15" hai1="12,14,15,16,17,18,44,47,75,79,83,85,91" hai3="46,48,55,80,86,92,94,95,99,103" /><INIT seed="3,1,1,2,4,82" ten="183,408,170,229" oya="3" hai0="102,3,33,96,85,28,19,20,125,130,15,39,127" hai1="108,81,60,14,71,22,91,73,5,30,132,114,47" hai2="135,97,56,65,90,113,64,70,89,84,109,26,57" hai3="123,105,122,10,9,103,78,129,35,11,6,66,8"/><W2/><G66/><N who="2" m="25705" /><F70/><W44/><G44/><T72/><D72/><U117/><E60/><V1/><F1/><W21/><G35/><T52/><D39/><U31/><E47/><V115/><F115/><W0/><G103/><T55/><D3/><U43/><E91/><V126/><F113/><W41/><G41/><T37/><D37/><U128/><E81/><N who="2" m="49295" /><F109/><W88/><G105/><T62/><D130/><U59/><E71/><V38/><F38/><W24/><G78/><T54/><D62/><U118/><E43/><V101/><F135/><W16/><G129/><T104/><REACH who="0" step="1"/><D85/><REACH who="0" ten="173,408,170,229" step="2"/><U121/><E73/><V94/><F126/><W99/><REACH who="3" step="1"/><G2/><REACH who="3" ten="173,408,170,219" step="2"/><T48/><D48/><U50/><E50/><V131/><F131/><W76/><G76/><T53/><N who="0" m="13312" /><DORA hai="7" /><T40/><D40/><U86/><E128/><V51/><F51/><W80/><G80/><T25/><AGARI ba="1,3" hai="15,19,20,25,28,33,96,102,104,125,127" m="13312" machi="25" ten="50,6400,0" yaku="1,1,0,1,54,1,53,0" doraHai="82,7" doraHaiUra="87,45" who="0" fromWho="0" sc="173,97,408,-17,170,-17,219,-33" /><INIT seed="4,0,0,0,4,25" ten="270,391,153,186" oya="0" hai0="128,14,119,118,115,27,99,6,107,73,21,114,36" hai1="1,63,61,2,62,89,49,85,12,56,50,40,108" hai2="83,130,57,127,131,109,67,42,103,54,104,77,100" hai3="122,52,41,70,15,35,102,101,38,91,8,93,4"/><T22/><D36/><U113/><E108/><V26/><F109/><W23/><G70/><T45/><D73/><U92/><E113/><N who="0" m="43017" /><D128/><N who="2" m="49194" /><F127/><W117/><G35/><T94/><D107/><U39/><E2/><V135/><F135/><W48/><G52/><T44/><D6/><U123/><E1/><V121/><F121/><W111/><G38/><T125/><D14/><U105/><E105/><V47/><F67/><W80/><G111/><T53/><D22/><U88/><E39/><N who="2" m="21983" /><F26/><W43/><G48/><N who="1" m="18538" /><E40/><V51/><F104/><W5/><G43/><T31/><D125/><U96/><E123/><V20/><F20/><W86/><G41/><T120/><D120/><U58/><E12/><V82/><F82/><AGARI ba="0,0" hai="56,58,61,62,63,82,85,88,89,92,96" m="18538" machi="82" ten="30,2000,0" yaku="8,1,54,1" doraHai="25" who="1" fromWho="2" sc="270,0,391,20,153,-20,186,0" /><INIT seed="5,0,0,3,0,57" ten="270,411,133,186" oya="1" hai0="3,134,25,88,113,12,70,104,43,52,100,63,34" hai1="59,0,56,35,101,128,51,31,29,125,124,109,15" hai2="28,69,20,130,118,120,2,33,38,37,133,8,11" hai3="102,84,90,107,122,9,123,132,19,49,40,1,64"/><U72/><E0/><V67/><F118/><W36/><G36/><T97/><D3/><U85/><E72/><V75/><F120/><W65/><G102/><T115/><D134/><U39/><E39/><V114/><F133/><W79/><G107/><T81/><D43/><U108/><E101/><V87/><F75/><W98/><G98/><T14/><D25/><U21/><E85/><V50/><F130/><W131/><G79/><T89/><D34/><U119/><E35/><V4/><F114/><N who="0" m="43530" /><D70/><U76/><E76/><V42/><F33/><W18/><G131/><T45/><D45/><U116/><E128/><V26/><F87/><W13/><G1/><T121/><D121/><U62/><E51/><V66/><F8/><W16/><G132/><T112/><D112/><U96/><E96/><V94/><F94/><N who="3" m="54599" /><G123/><T74/><D74/><U44/><E44/><V135/><F135/><W61/><G65/><T129/><D81/><U92/><E92/><V30/><F66/><W10/><G9/><T22/><D129/><U41/><E116/><V95/><F67/><W5/><G122/><T7/><D7/><U117/><E119/><V111/><F4/><W126/><G126/><T55/><D22/><U80/><E125/><V48/><F20/><W91/><G91/><N who="0" m="34891" /><D55/><U73/><E21/><V54/><F2/><W110/><G110/><T17/><D17/><U78/><E108/><V24/><F111/><W99/><G99/><T58/><AGARI ba="0,0" hai="12,14,52,58,63,97,100,104" m="34891,43530" machi="58" ten="30,7900,0" yaku="15,1,52,1,54,2" doraHai="57" who="0" fromWho="0" sc="270,79,411,-39,133,-20,186,-20" /><INIT seed="6,0,0,3,5,41" ten="349,372,113,166" oya="2" hai0="80,86,56,27,111,101,70,125,49,113,120,26,105" hai1="9,2,61,95,76,47,36,110,29,7,45,0,65" hai2="107,5,64,63,55,127,121,85,19,1,82,21,81" hai3="58,117,51,114,54,99,124,134,126,11,122,91,52"/><V8/><F121/><W62/><G122/><T34/><D70/><U33/><E110/><V3/><F127/><N who="3" m="48683" /><G117/><T32/><D101/><U108/><E108/><V28/><F107/><W16/><G134/><T89/><D105/><U84/><E2/><V31/><F1/><W53/><G114/><T73/><D73/><U37/><E36/><V119/><F119/><W100/><G91/><T128/><D120/><U12/><E37/><V79/><F81/><W71/><G71/><T57/><D113/><U60/><E0/><V67/><F55/><W135/><G135/><T6/><D6/><U10/><E10/><V83/><F83/><W104/><G62/><N who="1" m="24170" /><E33/><V75/><F75/><W69/><G69/><T40/><D32/><U39/><E39/><V90/><F90/><W46/><G58/><T131/><D34/><U118/><E65/><V42/><F67/><W132/><G132/><T38/><D38/><U94/><E29/><V103/><F103/><W44/><G51/><T78/><D89/><U97/><E118/><V102/><F102/><W133/><G133/><T87/><D111/><U77/><E97/><V66/><F66/><W14/><AGARI ba="0,0" hai="11,14,16,44,46,52,53,54,99,100,104" m="48683" machi="14" ten="40,8000,1" yaku="18,1,52,2,54,2" doraHai="41" who="3" fromWho="3" sc="349,-20,372,-20,113,-40,166,80" /><INIT seed="7,0,0,2,4,8" ten="329,352,73,246" oya="3" hai0="30,69,128,16,113,106,15,84,122,93,115,59,6" hai1="10,86,49,0,5,72,112,121,39,68,111,52,61" hai2="44,114,95,7,37,11,75,129,135,85,89,31,2" hai3="127,43,88,47,29,76,41,92,105,125,17,81,51"/><W20/><G105/><T102/><D122/><U101/><E121/><V63/><F114/><N who="0" m="43530" /><D69/><U36/><E72/><V26/><F129/><W91/><G29/><T100/><D128/><U24/><E112/><V110/><F135/><W23/><G43/><T19/><D30/><U73/><E73/><V97/><F110/><W130/><G23/><N who="0" m="11679" /><D6/><U28/><E111/><V119/><F119/><W90/><G130/><T107/><D19/><U58/><E101/><N who="0" m="39017" /><D59/><U117/><E117/><V83/><F75/><W131/><G131/><T13/><D13/><U34/><E86/><V3/><F63/><W40/><G40/><T50/><D50/><U57/><E68/><V126/><F126/><N who="3" m="48139" /><G17/><T96/><D84/><U32/><E32/><V132/><F132/><W78/><G20/><T116/><D116/><U27/><E27/><V54/><F37/><W94/><G81/><T71/><D71/><U1/><E1/><V45/><F2/><W77/><AGARI ba="0,0" hai="41,47,51,76,77,78,88,90,91,92,94" m="48139" machi="77" ten="40,3900,0" yaku="18,1,54,1" doraHai="8" who="3" fromWho="3" sc="329,-13,352,-13,73,-13,246,39" /><INIT seed="7,1,0,2,4,118" ten="316,339,60,285" oya="3" hai0="116,108,49,9,46,113,33,79,96,36,67,100,20" hai1="135,104,10,75,66,84,55,110,85,125,56,17,134" hai2="98,6,13,133,114,99,71,24,34,86,92,50,1" hai3="95,129,88,69,2,37,81,121,8,61,87,112,120"/><W21/><G37/><T44/><D33/><U94/><E110/><V127/><F71/><W126/><G126/><T63/><D116/><U31/><E104/><V70/><F70/><W97/><G112/><T119/><D119/><U111/><E111/><V16/><F50/><W82/><G129/><T101/><D108/><U60/><E75/><V45/><F45/><W23/><G82/><T11/><D79/><U7/><E31/><V72/><F72/><W27/><G8/><T51/><D36/><U102/><E17/><V68/><F68/><W132/><G23/><T122/><D122/><U40/><E40/><V74/><F74/><W52/><G2/><T15/><D20/><U48/><E125/><V42/><F42/><W26/><G26/><T47/><D113/><U19/><E19/><V124/><F86/><W39/><G39/><T18/><D11/><U57/><E102/><N who="0" m="39529" /><D96/><U78/><E78/><V62/><F99/><W5/><G5/><T83/><D83/><U12/><E94/><V32/><F92/><W41/><G41/><T77/><D77/><U115/><E115/><V30/><F98/><W117/><G117/><T54/><D67/><U103/><E103/><V22/><F62/><W93/><G132/><AGARI ba="1,0" hai="7,10,12,48,55,56,57,60,66,84,85,132,134,135" machi="132" ten="40,1300,0" yaku="20,1" doraHai="118" who="1" fromWho="3" sc="316,0,339,16,60,0,285,-16" owari="316,11.6,355,45.5,60,-44.0,269,-13.1" /></mjloggm>