<mjloggm ver="2.3"><GO type="169" lobby="0"/><UN n0="%E3%81%BB%E3%81%86%EF%BC%81" n1="%41%4F%54" n2="%E7%B4%AB%E3%81%AE%E9%8F%A1" n3="%E7%89%8C%E6%B5%81%E7%8A%B6%E6%85%8B%E9%BA%BB%E9%9B%80" dan="16,18,18,16" rate="2111.13,2233.56,2194.81,2146.17" sx="M,F,M,M"/><TAIKYOKU oya="0"/><INIT seed="0,0,0,2,5,134" ten="250,250,250,250" oya="0" hai0="98,74,90,58,121,50,56,106,3,63,27,25,117" hai1="47,119,131,65,8,5,52,82,94,40,41,132,103" hai2="36,135,104,37,26,67,83,42,100,13,109,105,44" hai3="118,29,99,11,85,115,57,111,24,61,34,113,128"/><T91/><D117/><U101/><E119/><V126/><F135/><W66/><G118/><T48/><D121/><U30/><E132/><V89/><F109/><W21/><G111/><T79/><D3/><U64/><E131/><V7/><F37/><W95/><G128/><T22/><D74/><U10/><E30/><V73/><F67/><W14/><G85/><T38/><D38/><U1/><E82/><V78/><F26/><W122/><G34/><T28/><D79/><U16/><E94/><V35/><F35/><W124/><G122/><T15/><D15/><N who="1" m="7271" /><E1/><V77/><F77/><W31/><G31/><T33/><D56/><U59/><E10/><V46/><F46/><W18/><REACH who="3" step="1"/><G124/><REACH who="3" ten="250,250,250,240" step="2"/><T49/><D106/><U39/><E39/><V84/><F126/><W68/><G68/><T102/><D33/><U45/><E41/><V116/><F42/><W69/><G69/><T43/><D43/><U81/><E40/><V129/><F129/><W9/><G9/><T23/><D98/><U12/><E81/><V62/><F83/><W4/><G4/><T19/><REACH who="0" step="1"/><D102/><AGARI ba="0,1" hai="11,14,18,21,24,29,57,61,66,95,99,102,113,115" machi="102" ten="30,7700,0" yaku="1,1,7,1,25,2,53,0" doraHai="134" doraHaiUra="87" who="3" fromWho="0" sc="250,-77,250,0,250,0,240,87" /><INIT seed="1,0,0,2,0,77" ten="173,250,250,327" oya="1" hai0="32,92,118,129,131,127,27,9,132,82,85,31,126" hai1="63,54,50,6,57,74,122,67,10,80,42,128,30" hai2="22,101,37,35,43,71,17,16,83,130,60,102,7" hai3="116,56,18,21,117,110,26,94,51,64,52,38,46"/><U88/><E122/><V108/><F35/><W98/><G110/><T28/><D118/><U99/><E128/><N who="0" m="49225" /><D31/><U97/><E30/><V68/><F130/><W89/><REACH who="3" step="1"/><G64/><REACH who="3" ten="173,250,250,317" step="2"/><T125/><D9/><U113/><E67/><V29/><F108/><W0/><G0/><T87/><D132/><U123/><E123/><V120/><F120/><W45/><G45/><T95/><D85/><N who="1" m="50215" /><E74/><V76/><F68/><W15/><G15/><T3/><D3/><U115/><E115/><V33/><F71/><W119/><G119/><T86/><D87/><U107/><E113/><V55/><F102/><W49/><G49/><T62/><D62/><U121/><E121/><V105/><F101/><W124/><G124/><T104/><D104/><U103/><E103/><V25/><F60/><W84/><G84/><T40/><D40/><AGARI ba="0,1" hai="18,21,26,38,40,46,51,52,56,89,94,98,116,117" machi="40" ten="40,2600,0" yaku="1,1,54,1,53,0" doraHai="77" doraHaiUra="100" who="3" fromWho="0" sc="173,-26,250,0,250,0,317,36" /><INIT seed="2,0,0,3,2,53" ten="147,250,250,353" oya="2" hai0="28,119,85,82,61,37,4,18,111,104,35,56,38" hai1="72,76,9,49,52,128,81,66,71,68,78,125,65" hai2="84,59,91,98,55,118,114,1,34,115,129,14,45" hai3="30,107,10,77,117,135,101,62,19,109,42,69,97"/><V133/><F1/><W126/><G117/><T5/><D104/><U12/><E128/><V44/><F118/><W25/><G109/><T80/><D111/><U63/><E125/><V75/><F75/><W36/><G135/><T105/><D105/><U8/><E78/><V112/><F34/><W73/><G126/><T79/><D18/><U99/><E99/><V6/><F129/><W31/><G10/><T70/><D70/><U106/><E106/><V121/><F121/><W86/><G19/><T122/><D122/><U39/><E39/><V94/><F133/><W46/><G86/><T43/><D119/><U32/><E32/><V127/><F127/><W33/><G31/><T83/><D83/><U100/><E100/><V57/><F84/><W87/><G87/><T102/><D102/><U92/><E92/><V11/><REACH who="2" step="1"/><F59/><REACH who="2" ten="147,250,240,353" step="2"/><W21/><G73/><T124/><D82/><U7/><E71/><V93/><F93/><W60/><G33/><T132/><D132/><U24/><E68/><V54/><F54/><W67/><G69/><T113/><D124/><U58/><E66/><V89/><F89/><W74/><G67/><N who="0" m="39335" /><D43/><U90/><E90/><V13/><F13/><W2/><G2/><T40/><D40/><U22/><E65/><V15/><F15/><W0/><G0/><T3/><D3/><U17/><REACH who="1" step="1"/><E9/><REACH who="1" ten="147,240,240,353" step="2"/><V47/><F47/><W41/><G46/><T51/><D35/><U50/><AGARI ba="0,2" hai="7,8,12,17,22,24,49,50,52,58,63,72,76,81" machi="50" ten="30,12000,2" yaku="1,1,2,1,0,1,52,1,54,1,53,1" doraHai="53" doraHaiUra="48" who="1" fromWho="1" sc="147,-30,240,140,240,-60,353,-30" /><INIT seed="3,0,0,1,0,39" ten="117,380,180,323" oya="3" hai0="71,85,84,92,133,107,8,131,36,41,86,88,7" hai1="56,31,91,51,30,22,18,70,23,101,32,57,115" hai2="63,123,111,47,102,132,24,26,94,13,135,53,65" hai3="28,40,66,58,50,74,104,55,67,15,117,9,29"/><W10/><G117/><T64/><D107/><U114/><E70/><V35/><F111/><W75/><G104/><T60/><D133/><N who="2" m="51274" /><F35/><W1/><G1/><T17/><D131/><U0/><E0/><V87/><F123/><W83/><G9/><T11/><D17/><U73/><E73/><V122/><F122/><W38/><G67/><T129/><D129/><U12/><E32/><V81/><F13/><W119/><G66/><T121/><D121/><U25/><E31/><V82/><F53/><W80/><G119/><T54/><D54/><U127/><E127/><V100/><F47/><W44/><G75/><T120/><D120/><U45/><E101/><N who="2" m="39019" /><F94/><W98/><G98/><T112/><D112/><U99/><E115/><V19/><F19/><W6/><REACH who="3" step="1"/><G83/><REACH who="3" ten="117,380,180,313" step="2"/><N who="2" m="31753" /><F87/><W46/><G46/><T33/><D86/><U108/><E114/><V16/><F16/><W72/><G72/><T49/><D85/><U78/><E18/><V69/><AGARI ba="0,1" hai="24,26,63,65,69" m="31753,39019,51274" machi="69" ten="30,1100,0" yaku="20,1" doraHai="39" who="2" fromWho="2" sc="117,-3,380,-3,180,21,313,-5" /><INIT seed="4,0,0,1,2,104" ten="114,377,201,308" oya="0" hai0="94,25,105,108,7,14,87,54,22,56,131,132,75" hai1="4,32,74,13,92,50,59,112,121,12,1,80,96" hai2="76,10,34,109,23,43,57,134,82,111,64,18,124" hai3="3,91,125,26,115,71,45,122,20,135,79,103,53"/><T113/><D113/><U65/><E121/><V21/><F34/><W93/><G115/><T88/><D105/><U41/><E32/><V83/><F134/><W70/><G3/><T81/><D132/><U6/><E112/><V120/><F120/><W66/><G135/><T46/><D108/><U58/><E1/><V95/><F124/><W67/><G125/><T51/><D131/><U77/><E41/><V114/><F114/><W61/><G103/><T97/><D75/><U17/><E13/><N who="2" m="7479" /><F109/><W130/><G79/><T36/><D36/><U47/><E65/><V42/><F95/><W100/><G100/><T69/><D69/><U19/><E19/><V9/><F9/><W68/><G130/><T0/><D0/><U11/><E59/><V106/><F106/><W98/><G122/><T8/><D56/><U28/><E28/><V40/><F111/><W107/><G107/><T35/><D35/><U49/><E58/><V33/><F33/><W128/><G128/><T90/><D22/><N who="2" m="8202" /><F76/><W123/><G123/><T63/><REACH who="0" step="1"/><D63/><AGARI ba="0,0" hai="40,42,43,57,63,64,82,83" m="8202,7479" machi="63" ten="30,1000,0" yaku="8,1" doraHai="104" who="2" fromWho="0" sc="114,-10,377,0,201,10,308,0" /><INIT seed="5,0,0,4,2,65" ten="104,377,211,308" oya="1" hai0="67,90,31,103,95,37,101,25,93,53,8,92,114" hai1="118,87,66,100,69,62,27,34,131,86,64,19,106" hai2="129,59,42,38,54,125,41,102,15,30,81,7,35" hai3="3,26,128,2,75,29,56,39,44,5,79,109,61"/><U77/><E118/><V22/><F129/><W135/><G109/><T88/><D37/><U111/><E131/><V48/><F125/><W99/><G128/><T76/><D114/><U11/><E111/><V120/><F120/><W124/><G124/><T82/><D53/><U108/><E108/><V51/><F38/><W121/><G121/><T28/><D67/><U104/><E66/><V117/><F117/><W97/><G135/><T72/><D31/><N who="1" m="19839" /><E106/><V6/><F35/><W36/><G56/><T43/><D43/><U1/><E77/><V107/><F107/><W132/><G61/><T96/><D8/><U112/><E112/><V78/><F102/><W116/><G132/><T0/><D0/><U10/><E10/><V84/><F48/><W58/><G58/><T9/><D9/><U17/><E17/><N who="2" m="10559" /><F30/><W55/><G2/><T33/><REACH who="0" step="1"/><D95/><REACH who="0" ten="94,377,211,308" step="2"/><U70/><E1/><V110/><F110/><W85/><G36/><T119/><D119/><U47/><E11/><V134/><F134/><W57/><G116/><T73/><D73/><U80/><E64/><V123/><F123/><W60/><G75/><T46/><D46/><U21/><E47/><V89/><F42/><W74/><G74/><T32/><D32/><U113/><E113/><V12/><F41/><W115/><G115/><T13/><D13/><U49/><E104/><V127/><F12/><W24/><G44/><T50/><D50/><U18/><E49/><V40/><F40/><W94/><G39/><T105/><D105/><U130/><E130/><V98/><F127/><W71/><G3/><T20/><D20/><RYUUKYOKU ba="0,1" sc="94,15,377,-15,211,15,308,-15" hai0="25,28,33,72,76,82,88,90,92,93,96,101,103" hai2="6,7,51,54,59,78,81,84,89,98" /><INIT seed="6,1,1,4,2,22" ten="109,362,226,293" oya="2" hai0="127,106,95,76,129,83,47,52,92,77,107,28,75" hai1="67,17,9,18,81,10,103,90,134,50,25,96,33" hai2="114,135,0,88,110,7,122,59,78,24,12,30,69" hai3="113,120,84,38,64,21,132,46,43,91,97,40,89"/><V23/><F69/><W45/><G120/><T80/><D28/><U131/><E131/><V86/><F122/><W14/><G132/><T130/><D47/><U99/><E134/><V42/><F135/><W34/><G34/><T36/><D36/><U56/><E33/><V94/><F114/><W116/><G116/><T119/><D52/><N who="1" m="31767" /><E67/><V57/><F0/><W105/><G64/><T13/><D13/><N who="1" m="7343" /><E103/><V39/><F110/><W51/><G113/><T20/><D20/><N who="1" m="13463" /><E10/><N who="2" m="4191" /><F39/><W128/><G128/><T101/><D101/><U19/><E19/><V71/><F71/><W93/><G105/><T104/><D104/><U112/><E112/><V79/><F42/><W29/><G14/><T8/><D8/><U68/><E68/><V63/><F57/><W11/><G11/><T111/><D75/><U49/><E49/><V74/><F74/><W117/><G117/><T16/><D16/><U121/><E121/><V98/><F98/><W55/><G40/><T66/><D66/><AGARI ba="1,1" hai="23,24,30,59,63,66,78,79,86,88,94" m="4191" machi="66" ten="30,5800,0" yaku="8,1,52,1,54,1" doraHai="22" who="2" fromWho="0" sc="109,-61,362,0,226,71,293,0" /><INIT seed="6,2,0,1,2,16" ten="48,362,297,293" oya="2" hai0="127,20,74,100,59,43,124,60,71,1,61,96,129" hai1="105,85,79,67,65,80,8,97,25,26,33,7,12" hai2="55,50,36,70,41,37,34,103,23,72,116,73,120" hai3="27,115,135,30,90,76,5,117,133,86,63,6,134"/><V118/><F34/><W88/><G117/><N who="2" m="45161" /><F103/><W123/><G123/><T42/><D74/><U108/><E108/><V125/><F23/><N who="3" m="15743" /><G115/><T53/><D1/><U66/><REACH who="1" step="1"/><E33/><REACH who="1" ten="48,352,297,293" step="2"/><V106/><F120/><W51/><G63/><T75/><D129/><U69/><E69/><V95/><F70/><W130/><G130/><T99/><D75/><U92/><E92/><V119/><F95/><W101/><G101/><AGARI ba="2,1" hai="7,8,12,25,26,65,66,67,79,80,85,97,101,105" machi="101" ten="40,1300,0" yaku="1,1,53,0" doraHai="16" doraHaiUra="64" who="1" fromWho="3" sc="48,0,352,29,297,0,293,-19" /><INIT seed="7,0,0,4,1,75" ten="48,381,297,274" oya="3" hai0="99,28,9,32,101,37,117,95,108,119,51,130,25" hai1="107,5,54,36,50,8,65,93,67,20,34,134,126" hai2="125,41,11,114,47,35,39,113,64,89,14,120,66" hai3="100,77,131,46,133,115,73,72,18,69,127,0,4"/><W48/><G69/><T82/><D37/><U21/><E107/><V128/><F125/><W19/><G127/><T16/><D108/><U61/><E34/><V56/><F128/><W26/><G131/><T24/><D130/><U111/><E111/><V2/><F120/><W103/><G115/><N who="2" m="44041" /><F35/><W88/><G133/><T43/><D24/><U104/><E104/><V79/><F79/><W109/><G109/><T45/><REACH who="0" step="1"/><D82/><REACH who="0" ten="38,381,297,274" step="2"/><U94/><E126/><V42/><F39/><W74/><G26/><T1/><D1/><U68/><E36/><V92/><F2/><W121/><G0/><T85/><D85/><U98/><E134/><V76/><F14/><AGARI ba="0,1" hai="9,14,16,25,28,32,43,45,51,95,99,101,117,119" machi="14" ten="40,8000,1" yaku="1,1,54,1,53,2" doraHai="75" doraHaiUra="112" who="0" fromWho="2" sc="38,90,381,0,297,-80,274,0" owari="128,-37.2,381,48.1,217,-18.3,274,7.4" /></mjloggm>