<mjloggm ver="2.3"><GO type="169" lobby="0"/><UN n0="%32%30%30%E6%88%A6%E5%8D%87%E7%89%B9" n1="%E3%81%82%E3%81%84%E3%81%A0%E3%81%A6" n2="%E5%A5%88%E8%89%AF%E3%82%B7%E3%82%AB%E3%83%9E%E3%83%AB%EF%BC%81" n3="%E3%81%BE%E3%82%8B%E3%81%A8%E3%83%BC" dan="17,17,16,16" rate="2201.56,2153.75,2147.91,2048.46" sx="M,M,M,M"/><TAIKYOKU oya="0"/><INIT seed="0,0,0,2,4,32" ten="250,250,250,250" oya="0" hai0="64,34,77,75,107,109,33,54,131,123,91,130,58" hai1="12,7,15,76,37,19,82,87,69,85,99,116,95" hai2="81,98,60,36,53,55,27,62,105,118,30,100,6" hai3="45,24,104,57,17,9,97,110,49,126,124,35,111"/><T125/><D123/><U66/><E37/><V3/><F36/><W61/><G104/><T10/><D107/><U89/><E116/><V92/><F118/><W133/><G97/><T79/><D125/><N who="3" m="48233" /><G35/><T22/><D64/><U113/><E113/><V71/><F92/><W46/><G24/><T134/><D134/><U1/><E69/><V72/><F62/><W48/><G17/><T128/><D109/><N who="3" m="41481" /><G9/><T41/><D41/><U127/><E66/><N who="2" m="41415" /><F81/><W4/><G4/><T63/><D22/><U13/><E127/><V86/><F86/><W52/><G133/><T38/><D38/><U78/><E1/><V83/><F83/><W93/><G93/><T94/><D10/><U2/><E2/><V102/><F102/><W108/><G108/><T65/><D65/><U84/><E7/><V68/><F68/><W115/><G115/><T42/><D42/><U129/><E129/><V59/><F72/><W120/><G120/><T0/><D0/><U39/><E39/><V14/><F14/><N who="1" m="5737" /><E78/><N who="0" m="29705" /><D75/><U11/><AGARI ba="0,0" hai="11,15,19,76,82,84,85,87,89,95,99" m="5737" machi="11" ten="30,1100,0" yaku="8,1" doraHai="32" who="1" fromWho="1" sc="250,-5,250,11,250,-3,250,-3" /><INIT seed="1,0,0,4,5,123" ten="245,261,247,247" oya="1" hai0="83,39,91,117,51,82,41,80,46,73,21,100,89" hai1="65,131,61,16,28,2,22,99,56,90,27,88,94" hai2="17,104,6,10,8,58,31,118,106,75,44,7,50" hai3="132,60,9,23,71,133,110,101,113,96,85,72,12"/><U43/><E2/><V93/><F75/><W95/><G72/><T124/><D117/><U114/><E114/><V45/><F118/><W3/><G113/><T81/><D124/><U13/><E43/><V102/><F17/><W48/><G3/><T120/><D120/><U36/><E36/><V76/><F76/><W116/><G116/><T14/><N who="0" m="20480" /><DORA hai="38" /><T4/><D73/><U1/><E1/><V125/><F31/><W67/><G23/><T127/><D127/><U59/><E59/><V37/><F58/><W109/><G48/><T19/><D100/><N who="1" m="60535" /><E131/><V79/><F50/><W54/><G85/><T66/><D66/><U52/><E65/><V30/><F79/><W77/><G54/><T126/><D126/><U115/><E115/><V42/><F125/><W135/><G77/><T20/><D4/><AGARI ba="0,0" hai="4,9,12,60,67,71,95,96,101,109,110,132,133,135" machi="4" ten="40,5200,0" yaku="20,1,52,2" doraHai="123,38" who="3" fromWho="0" sc="245,-52,261,0,247,0,247,52" /><INIT seed="2,0,0,0,4,20" ten="193,261,247,299" oya="2" hai0="49,92,37,66,0,129,4,74,135,103,43,82,84" hai1="105,61,124,133,121,12,16,6,77,39,106,118,75" hai2="98,41,134,24,80,58,67,15,56,117,120,107,42" hai3="79,22,68,5,8,132,10,73,85,32,91,59,28"/><V130/><F117/><W99/><G68/><T90/><D129/><U54/><E39/><V27/><F120/><W51/><G32/><T7/><D135/><U127/><E118/><V29/><F29/><W47/><G73/><T60/><D37/><U72/><E6/><V48/><F130/><W81/><G59/><N who="2" m="22569" /><F107/><N who="1" m="40969" /><E61/><V14/><F134/><W17/><G132/><T38/><D38/><U64/><E64/><V93/><F80/><W119/><G28/><T26/><D0/><U101/><E101/><N who="2" m="60623" /><F67/><W114/><G114/><T65/><D74/><U53/><E121/><V110/><F110/><W45/><G119/><T89/><D103/><U87/><E75/><V35/><F35/><W34/><G34/><T31/><D4/><U112/><E72/><V104/><F104/><W111/><G111/><T13/><D60/><U1/><E1/><V9/><F15/><W70/><G5/><T125/><D125/><N who="1" m="48203" /><E112/><V97/><F97/><W116/><G70/><T23/><D7/><U86/><E133/><V96/><F96/><W11/><G116/><T2/><D2/><U115/><E115/><V21/><F9/><W102/><G102/><T52/><D13/><U108/><E108/><V30/><F48/><W25/><G51/><T126/><D126/><U69/><E69/><V71/><F71/><W3/><G3/><T113/><D113/><U122/><E122/><V109/><F109/><W62/><G62/><T46/><REACH who="0" step="1"/><D43/><REACH who="0" ten="183,261,247,299" step="2"/><N who="2" m="16394" /><F14/><W94/><AGARI ba="0,1" hai="8,10,11,17,22,25,45,47,79,81,85,91,94,99" machi="94" ten="30,4000,0" yaku="0,1,8,1,52,1" doraHai="20" who="3" fromWho="3" sc="183,-10,261,-10,247,-20,299,50" /><INIT seed="3,0,0,5,3,41" ten="173,251,227,349" oya="3" hai0="127,91,116,30,40,78,42,118,21,71,122,33,58" hai1="60,15,128,102,89,53,85,103,51,74,95,9,123" hai2="62,3,132,90,117,129,98,112,94,88,29,121,16" hai3="114,18,11,0,59,110,77,23,12,22,105,113,119"/><W120/><G105/><T14/><D122/><U99/><E74/><V134/><F112/><W61/><G77/><T2/><D127/><U101/><E128/><V81/><F3/><W43/><G120/><T100/><D71/><U80/><E60/><V67/><F117/><W32/><G119/><T48/><D33/><U46/><REACH who="1" step="1"/><E123/><REACH who="1" ten="173,241,227,349" step="2"/><V37/><F129/><W126/><G61/><T73/><D73/><U7/><AGARI ba="0,1" hai="7,9,15,46,51,53,80,85,89,95,99,101,102,103" machi="7" ten="20,12000,2" yaku="1,1,2,1,0,1,7,1,8,1,52,1,53,0" doraHai="41" doraHaiUra="75" who="1" fromWho="1" sc="173,-30,241,130,227,-30,349,-60" /><INIT seed="4,0,0,4,3,67" ten="143,371,197,289" oya="0" hai0="111,85,5,35,3,107,101,124,55,60,52,121,47" hai1="39,44,88,108,100,102,103,61,12,92,18,17,69" hai2="59,73,41,20,11,98,62,49,31,33,95,32,131" hai3="112,125,16,134,71,106,51,70,113,133,119,76,115"/><T53/><D121/><U42/><E108/><V28/><F73/><W110/><G110/><T65/><D111/><U114/><E114/><V58/><F131/><W54/><G119/><T77/><D35/><U50/><E39/><V89/><F33/><W86/><G106/><T57/><D124/><U34/><E34/><V9/><F32/><W116/><G116/><T56/><D3/><U10/><E69/><N who="3" m="26122" /><G125/><T79/><D5/><U38/><E61/><V118/><F118/><W40/><G40/><T132/><D132/><N who="3" m="50793" /><G16/><T14/><D14/><U82/><E82/><V13/><F20/><W126/><G126/><T87/><D101/><U64/><E64/><N who="2" m="38999" /><F11/><W23/><G23/><T75/><D107/><U46/><E18/><N who="2" m="8495" /><F41/><W83/><G115/><T43/><D75/><U8/><E10/><V4/><F4/><W96/><G96/><T21/><D21/><U78/><E17/><V15/><F15/><W91/><G76/><N who="0" m="29259" /><D57/><AGARI ba="0,0" hai="51,54,57,83,86,91,112,113" m="50793,26122" machi="57" ten="30,7700,0" yaku="20,1,52,3" doraHai="67" who="3" fromWho="0" sc="143,-77,371,0,197,0,289,77" /><INIT seed="5,0,0,0,1,66" ten="66,371,197,366" oya="1" hai0="118,94,35,130,61,15,59,3,86,26,100,64,113" hai1="93,41,104,71,33,92,110,62,56,111,70,17,57" hai2="53,122,123,51,84,18,76,117,58,11,36,46,73" hai3="40,128,129,67,68,109,20,25,79,16,89,1,114"/><U115/><E104/><V74/><F117/><W112/><G109/><N who="1" m="41482" /><E115/><N who="3" m="44074" /><G1/><T127/><D118/><U126/><E126/><V98/><F98/><W42/><G79/><T69/><D113/><U103/><E33/><V96/><F96/><W124/><G89/><T131/><D3/><U105/><E105/><V91/><F76/><W48/><G124/><T99/><D127/><U37/><E57/><V43/><F74/><W121/><G121/><T21/><D86/><U55/><E103/><V63/><F73/><W0/><G0/><T52/><D35/><U85/><E17/><V101/><F101/><W32/><G32/><T30/><REACH who="0" step="1"/><D15/><REACH who="0" ten="56,371,197,366" step="2"/><U133/><E133/><V50/><F123/><W6/><G6/><T47/><D47/><N who="1" m="23983" /><E85/><V88/><F122/><W54/><G42/><T39/><D39/><U120/><E120/><V134/><F84/><W119/><G40/><T97/><D97/><U106/><E106/><V29/><F36/><W87/><G87/><T2/><D2/><U75/><E75/><V38/><F38/><W65/><G119/><T22/><D22/><U83/><E83/><V31/><F134/><W108/><G108/><T80/><D80/><U95/><AGARI ba="0,1" hai="55,56,62,70,71,92,93,95" m="23983,41482" machi="95" ten="30,6000,0" yaku="10,1,52,2" doraHai="66" who="1" fromWho="1" sc="56,-20,371,70,197,-20,366,-20" /><INIT seed="5,1,0,2,0,115" ten="36,441,177,346" oya="1" hai0="109,125,5,86,111,58,79,85,95,56,71,68,38" hai1="129,55,9,121,82,74,93,105,130,41,103,52,127" hai2="131,16,128,4,62,70,15,123,63,120,12,17,112" hai3="126,37,43,117,18,80,104,122,44,26,21,45,101"/><U84/><E121/><V1/><F70/><W27/><G122/><N who="2" m="46633" /><F63/><W83/><G126/><T92/><D5/><U8/><E127/><V76/><F76/><W11/><G45/><T73/><D125/><U48/><E41/><V49/><F49/><W6/><G27/><T124/><D124/><U23/><E105/><V7/><F62/><W87/><G104/><T91/><D79/><U59/><E74/><V40/><F40/><W47/><G101/><T135/><D73/><U28/><E55/><V113/><F1/><W114/><G47/><T66/><D135/><U51/><E51/><V39/><F39/><W31/><G31/><T134/><D134/><U10/><E93/><V119/><F119/><W67/><G67/><T94/><D38/><U61/><E61/><V89/><F89/><W118/><G114/><N who="2" m="44137" /><F17/><W36/><G36/><T30/><D92/><U133/><E103/><V54/><F54/><W65/><G65/><T110/><D110/><U81/><E133/><V107/><F107/><W19/><G18/><T32/><D66/><U60/><E60/><V0/><F15/><W14/><REACH who="3" step="1"/><G80/><REACH who="3" ten="36,441,177,336" step="2"/><T77/><D30/><U50/><E50/><V102/><F102/><W75/><G75/><T100/><D100/><U98/><E82/><V78/><F16/><W99/><G99/><T69/><D69/><U33/><E98/><V25/><F25/><W22/><G22/><T34/><REACH who="0" step="1"/><D77/><AGARI ba="1,1" hai="6,11,14,19,21,26,37,43,44,77,83,87,117,118" machi="77" ten="40,5200,0" yaku="1,1,52,2,53,0" doraHai="115" doraHaiUra="108" who="3" fromWho="0" sc="36,-55,441,0,177,0,336,65" owari="-19,-51.9,441,54.1,177,-22.3,401,20.1" /></mjloggm>