<mjloggm ver="2.3"><GO type="169" lobby="0"/><UN n0="%E3%82%A2%E3%83%AC%E3%82%88%E3%80%81%E3%82%A2%E3%83%AC%E3%82%A2%E3%83%AC" n1="%E3%81%84%E3%81%AC%E3%81%A6%E3%82%93" n2="%41%4F%54" n3="%E5%8F%A4%E6%96%AF%E5%A1%94%E5%A4%AB%E4%BA%8C%E4%B8%96" dan="16,16,18,16" rate="2115.05,2062.88,2236.96,2107.50" sx="M,M,F,M"/><TAIKYOKU oya="0"/><INIT seed="0,0,0,2,4,50" ten="250,250,250,250" oya="0" hai0="86,56,51,41,96,9,104,71,77,35,16,119,7" hai1="21,113,49,97,85,117,95,91,121,31,69,94,112" hai2="68,124,17,19,61,14,23,89,45,18,36,64,38" hai3="28,29,118,2,135,62,103,37,128,92,116,39,42"/><T125/><D119/><U13/><E69/><V48/><F124/><W3/><G128/><T76/><D71/><U131/><E131/><V79/><F79/><W40/><G62/><T55/><D35/><U98/><E121/><V81/><F38/><W32/><G103/><T43/><D125/><U34/><E34/><V20/><F36/><W27/><G32/><T15/><D7/><U73/><E73/><V8/><F23/><W126/><G92/><T47/><D86/><U82/><E117/><V4/><F20/><W130/><G126/><T93/><D104/><U60/><E60/><V6/><F6/><W25/><REACH who="3" step="1"/><G130/><REACH who="3" ten="250,250,250,240" step="2"/><T22/><D9/><U80/><E95/><V63/><F63/><W12/><G12/><T88/><REACH who="0" step="1"/><D41/><REACH who="0" ten="240,250,250,240" step="2"/><U133/><E113/><V44/><F8/><W100/><G100/><T107/><D107/><U105/><E105/><V46/><F68/><W24/><G24/><T83/><D83/><U127/><E82/><V120/><F81/><W1/><G1/><T99/><D99/><U11/><E80/><V78/><F14/><W122/><G122/><T90/><D90/><U134/><E91/><V115/><F89/><W102/><G102/><T54/><D54/><U26/><E98/><V74/><F120/><W87/><G87/><T84/><D84/><U66/><E127/><V58/><F74/><W52/><G52/><T5/><D5/><U10/><E85/><V109/><F4/><W110/><G110/><T70/><D70/><U108/><E108/><V101/><F109/><W53/><G53/><T123/><D123/><U75/><E97/><RYUUKYOKU ba="0,2" sc="240,15,250,-15,250,-15,240,15" hai0="15,16,22,43,47,51,55,56,76,77,88,93,96" hai3="2,3,25,27,28,29,37,39,40,42,116,118,135" /><INIT seed="0,1,2,3,2,4" ten="255,235,235,255" oya="0" hai0="58,71,68,110,14,49,127,51,31,55,99,88,27" hai1="66,23,43,81,79,91,118,85,18,93,133,83,116" hai2="97,131,108,50,37,104,32,34,124,57,21,84,19" hai3="65,121,113,134,45,47,69,106,12,38,46,98,63"/><T73/><D73/><U77/><E133/><V123/><F123/><W3/><G113/><T101/><D127/><U26/><E66/><V8/><F37/><W96/><G134/><T129/><D129/><U102/><E102/><V42/><F108/><W100/><G121/><T48/><D110/><U40/><E118/><V2/><F124/><W53/><G3/><T28/><D28/><U105/><E105/><V89/><F131/><W132/><G132/><T112/><D112/><U75/><REACH who="1" step="1"/><E116/><REACH who="1" ten="255,225,235,255" step="2"/><V9/><F104/><W107/><G107/><T33/><D101/><U67/><E67/><V119/><F119/><W62/><G106/><T64/><D64/><U109/><E109/><V94/><F34/><W111/><G100/><T10/><D68/><U16/><E16/><V0/><F32/><W35/><G111/><T25/><D71/><U20/><E20/><V128/><F128/><W92/><G35/><T135/><D135/><U39/><E39/><V115/><F115/><W52/><G38/><T80/><D33/><U29/><E29/><V24/><F19/><W17/><G65/><T90/><D31/><U74/><AGARI ba="1,3" hai="18,23,26,40,43,74,75,77,79,81,83,85,91,93" machi="74" ten="20,12000,2" yaku="1,1,0,1,7,1,9,1,53,2" doraHai="4" doraHaiUra="76" who="1" fromWho="1" sc="255,-61,225,153,235,-31,255,-31" /><INIT seed="1,0,0,5,1,127" ten="194,378,204,224" oya="1" hai0="34,116,27,3,10,87,11,12,120,91,52,103,104" hai1="63,110,111,72,41,108,90,67,101,43,59,79,56" hai2="121,122,77,33,126,60,81,92,64,86,1,97,51" hai3="124,125,84,65,23,80,45,78,107,76,117,100,36"/><U61/><E101/><V9/><F33/><W22/><G117/><T129/><D116/><U28/><E28/><V94/><F126/><N who="3" m="48747" /><G65/><T62/><D3/><U4/><E4/><V115/><F115/><W13/><G78/><T114/><D114/><U119/><E119/><V47/><F9/><W24/><G13/><T5/><D11/><U95/><E79/><V102/><F92/><W96/><G24/><T2/><D2/><U85/><REACH who="1" step="1"/><E72/><REACH who="1" ten="194,368,204,224" step="2"/><V49/><F1/><W74/><G74/><T131/><D103/><U73/><E73/><V31/><F31/><W134/><G134/><T132/><D132/><U135/><E135/><V19/><F102/><W38/><G38/><T16/><D104/><U42/><E42/><AGARI ba="0,1" hai="22,23,36,42,45,76,80,84,96,100,107" m="48747" machi="42" ten="30,1000,0" yaku="18,1" doraHai="127" who="3" fromWho="1" sc="194,0,368,-10,204,0,224,20" /><INIT seed="2,0,0,0,0,62" ten="194,358,204,244" oya="2" hai0="109,130,101,125,17,126,44,75,8,106,76,27,82" hai1="127,79,43,72,70,97,54,55,42,78,15,66,129" hai2="48,41,56,119,22,81,134,90,35,64,102,115,38" hai3="2,113,65,11,88,80,83,59,132,30,32,86,112"/><V60/><F119/><W99/><G132/><T14/><D109/><U52/><E127/><N who="0" m="48649" /><D130/><U92/><E129/><V36/><F115/><N who="3" m="44107" /><G30/><T19/><D44/><U135/><E135/><V37/><F35/><W5/><G32/><T21/><D101/><U6/><E72/><V46/><F134/><W73/><G99/><T31/><D106/><U123/><E123/><V28/><F102/><W3/><G3/><T131/><D131/><U1/><E1/><V49/><F49/><W34/><G34/><T108/><D108/><U45/><E15/><V93/><F81/><N who="3" m="49231" /><G73/><T128/><D128/><U51/><E6/><AGARI ba="0,0" hai="6,8,14,17,19,21,27,31,75,76,82" m="48649" machi="6" ten="30,1000,0" yaku="18,1" doraHai="62" who="0" fromWho="1" sc="194,10,358,-10,204,0,244,0" /><INIT seed="3,0,0,3,2,133" ten="204,348,204,244" oya="3" hai0="15,18,70,80,121,93,41,52,128,132,112,96,99" hai1="102,2,25,101,104,44,126,100,19,65,8,115,134" hai2="131,50,14,129,74,118,81,34,76,4,84,130,108" hai3="114,127,21,66,13,47,109,57,29,24,77,97,51"/><W72/><G114/><T62/><D121/><U9/><E134/><V95/><F34/><W67/><G109/><T26/><D132/><U75/><E75/><V69/><F69/><W56/><G127/><T120/><D120/><U46/><E104/><V87/><F108/><W64/><G72/><T116/><D116/><U59/><E2/><V86/><F50/><W54/><G77/><T11/><D112/><U91/><E91/><V106/><F118/><W35/><G35/><T33/><D128/><U92/><E92/><V63/><F63/><W32/><G32/><T28/><D41/><U10/><E126/><V71/><F71/><W85/><G85/><T125/><D125/><U16/><E115/><V58/><F58/><W31/><G31/><T42/><D42/><U79/><E79/><V111/><F111/><W73/><G73/><T43/><D43/><U124/><E124/><V88/><REACH who="2" step="1"/><F106/><REACH who="2" ten="204,348,194,244" step="2"/><W45/><G45/><N who="1" m="17514" /><E25/><V49/><F49/><W20/><REACH who="3" step="1"/><G97/><REACH who="3" ten="204,348,194,234" step="2"/><T83/><D96/><U61/><AGARI ba="0,2" hai="8,9,10,16,19,59,61,65,100,101,102" m="17514" machi="61" ten="40,2700,0" yaku="8,1,54,1" doraHai="133" who="1" fromWho="1" sc="204,-7,348,47,194,-7,234,-13" /><INIT seed="4,0,0,4,0,42" ten="197,395,187,221" oya="0" hai0="124,115,16,107,56,54,0,1,133,112,8,75,63" hai1="65,25,122,96,102,10,40,59,84,6,60,91,123" hai2="67,103,70,9,57,52,132,135,26,3,5,30,58" hai3="97,109,51,55,114,111,78,134,118,79,62,101,89"/><T117/><D117/><U66/><E25/><V95/><F70/><W130/><G118/><T37/><D75/><U20/><E20/><V17/><F17/><W110/><G114/><N who="0" m="43563" /><D124/><U48/><E65/><V47/><F103/><W87/><G130/><T83/><D107/><U31/><E31/><V19/><F19/><W88/><G62/><T73/><D37/><U71/><E71/><V86/><F95/><W22/><G22/><T32/><D32/><U121/><E48/><N who="2" m="28703" /><F86/><W46/><G134/><N who="2" m="51241" /><F67/><W80/><REACH who="3" step="1"/><G89/><REACH who="3" ten="197,395,187,211" step="2"/><T81/><D133/><U93/><E123/><V50/><F50/><W76/><G76/><T72/><D63/><U28/><E122/><V90/><F90/><W74/><G74/><T61/><D73/><U4/><E121/><V27/><F27/><W77/><G77/><T120/><D72/><U38/><E91/><V41/><F41/><W49/><G49/><T39/><D120/><U34/><E40/><V92/><F92/><AGARI ba="0,1" hai="46,51,55,78,79,80,87,88,92,97,101,109,110,111" machi="92" ten="40,5200,0" yaku="1,1,52,1,54,1,53,0" doraHai="42" doraHaiUra="106" who="3" fromWho="2" sc="197,0,395,0,187,-52,211,62" /><INIT seed="5,0,0,2,2,109" ten="197,395,135,273" oya="1" hai0="47,84,98,114,77,32,76,113,97,60,44,116,69" hai1="13,111,50,99,12,68,87,115,108,5,9,90,100" hai2="0,67,83,45,117,55,121,105,33,11,4,79,26" hai3="78,15,72,20,81,10,94,23,61,53,7,124,54"/><U36/><E68/><V57/><F117/><W126/><G94/><T52/><D116/><U40/><E36/><V1/><F121/><W66/><G23/><T123/><D32/><U42/><E13/><V46/><F105/><W135/><G20/><T25/><D25/><U35/><E50/><V122/><F122/><W27/><G27/><T30/><D30/><U62/><E62/><V132/><F132/><W107/><G107/><T103/><D123/><U88/><E35/><V92/><F0/><W48/><G135/><T21/><D21/><U56/><E56/><V119/><F67/><W93/><G93/><T75/><D75/><U8/><E8/><V14/><F1/><W16/><G7/><T43/><D97/><U17/><E5/><V85/><F119/><W95/><G95/><N who="0" m="58847" /><D84/><U89/><E87/><V37/><F37/><W24/><G24/><T49/><D69/><U70/><E70/><V65/><F65/><W125/><REACH who="3" step="1"/><G48/><REACH who="3" ten="197,395,135,263" step="2"/><N who="0" m="28679" /><D60/><U31/><E31/><V58/><F26/><W34/><G34/><T128/><D128/><U59/><E108/><V28/><F28/><W102/><G102/><T101/><D101/><U63/><E111/><V64/><F33/><W112/><G112/><AGARI ba="0,1" hai="43,47,49,76,77,112,113,114" m="28679,58847" machi="112" ten="30,8000,1" yaku="15,1,52,3,54,1" doraHai="109" who="0" fromWho="3" sc="197,90,395,0,135,0,263,-80" /><INIT seed="6,0,0,2,3,28" ten="287,395,135,183" oya="2" hai0="124,119,96,109,70,87,133,93,114,4,51,94,135" hai1="72,91,105,131,115,44,110,118,30,35,53,9,88" hai2="132,10,128,58,16,99,43,48,40,42,46,122,2" hai3="19,71,17,6,83,80,55,123,0,3,127,14,69"/><V23/><F122/><W76/><G123/><T41/><D109/><U125/><E9/><V65/><F128/><W56/><G127/><T22/><D124/><U78/><E53/><V15/><F132/><W79/><G6/><T21/><D70/><U108/><E44/><V37/><F99/><W85/><G69/><T104/><D114/><U52/><E52/><V38/><F38/><W111/><G71/><T63/><D119/><U86/><E30/><V73/><F73/><W27/><G27/><T25/><D4/><U62/><E78/><V97/><F97/><W13/><G111/><T120/><D96/><U34/><E62/><V32/><F32/><W101/><G101/><T98/><D104/><U130/><E86/><V74/><F74/><W126/><G126/><T100/><D63/><U77/><E125/><V95/><F95/><W36/><G36/><T12/><D120/><U116/><E77/><V29/><F2/><W89/><G89/><N who="0" m="53439" /><D12/><U49/><E72/><V107/><F107/><W102/><G102/><T117/><D117/><U121/><E121/><V39/><F39/><W31/><G0/><T68/><D68/><U61/><E105/><V84/><F84/><N who="3" m="48135" /><G3/><T64/><D64/><U113/><E61/><N who="2" m="38071" /><F37/><W50/><G31/><N who="0" m="17839" /><D22/><U90/><E90/><V45/><F48/><AGARI ba="0,0" hai="34,35,48,49,88,91,108,110,113,115,116,118,130,131" machi="48" ten="25,8000,1" yaku="22,2,52,2,54,1" doraHai="28" who="1" fromWho="2" sc="287,0,395,80,135,-80,183,0" /><INIT seed="7,0,0,4,1,32" ten="287,475,55,183" oya="3" hai0="7,100,72,114,0,19,131,48,8,23,117,111,79" hai1="24,86,135,21,85,110,14,50,25,74,106,107,31" hai2="123,121,16,63,115,92,81,40,15,20,83,90,49" hai3="99,91,102,94,1,35,60,124,59,84,89,109,53"/><W55/><G124/><T13/><D111/><U129/><E74/><V73/><F115/><W34/><G109/><T130/><D117/><U6/><E50/><V103/><F103/><W98/><G1/><T5/><D114/><U128/><E14/><V45/><F73/><W52/><G55/><T33/><D100/><U61/><E21/><V54/><F123/><W132/><G132/><T70/><D70/><U68/><E6/><V77/><F77/><W62/><G62/><T28/><D5/><U96/><E31/><V57/><REACH who="2" step="1"/><F121/><REACH who="2" ten="287,475,45,183" step="2"/><W18/><G102/><T120/><D120/><U108/><E135/><V125/><F125/><W88/><G91/><T4/><D79/><U78/><E61/><V75/><F75/><W119/><G89/><T82/><D72/><U116/><E78/><V64/><F64/><W127/><G127/><T87/><D130/><U10/><E116/><V66/><F66/><W126/><G119/><T101/><D131/><U46/><E129/><V29/><F29/><W104/><G126/><T65/><D28/><U43/><E128/><V39/><F39/><W17/><G60/><T97/><D65/><U112/><E110/><V42/><F42/><W56/><G88/><T9/><D101/><U30/><E108/><V41/><F41/><W51/><G53/><T93/><D48/><U37/><E43/><V26/><F26/><W36/><G51/><T118/><D118/><U95/><E37/><V69/><F69/><W3/><G36/><T113/><D113/><U47/><E112/><V22/><F22/><W71/><G52/><T76/><D23/><RYUUKYOKU ba="0,1" sc="287,-10,475,-10,45,30,183,-10" hai2="15,16,20,40,45,49,54,57,63,81,83,90,92" owari="277,7.7,475,57.5,75,-42.5,173,-22.7" /></mjloggm>