<mjloggm ver="2.3"><GO type="169" lobby="0"/><UN n0="%73%79%6C%76%65%6F%6E" n1="%E3%83%90%E3%82%AD" n2="%E9%81%8A%E8%B5%B0" n3="%41%6E%73%6F%6E%4C%61%6D" dan="16,16,16,16" rate="2187.31,2113.48,2188.14,2106.08" sx="M,M,F,M"/><TAIKYOKU oya="0"/><INIT seed="0,0,0,3,3,133" ten="250,250,250,250" oya="0" hai0="116,3,39,40,48,110,43,92,109,22,82,134,13" hai1="30,51,60,61,35,28,31,72,33,25,37,0,85" hai2="70,74,135,101,100,53,114,103,90,108,89,23,87" hai3="50,71,118,75,64,52,131,4,38,9,6,46,115"/><T18/><D116/><U7/><E37/><V121/><F70/><W98/><G115/><T132/><D39/><U44/><E72/><V81/><F23/><W95/><G118/><T69/><D69/><U99/><E99/><V42/><F42/><N who="0" m="15914" /><D3/><U106/><E106/><V11/><F121/><W111/><G111/><N who="0" m="42507" /><D92/><U29/><E33/><V129/><F108/><W125/><G131/><T67/><D67/><U76/><E7/><V62/><F114/><W26/><G75/><T21/><D48/><U124/><E0/><V113/><F113/><W34/><G38/><T24/><D82/><U127/><E51/><V12/><F74/><W19/><G64/><T27/><D27/><U45/><E61/><V15/><F129/><W2/><G71/><T105/><D105/><U68/><E60/><V36/><F36/><W57/><G46/><T20/><D24/><U123/><E68/><V78/><F135/><AGARI ba="0,0" hai="13,18,20,21,22,132,134,135" m="42507,15914" machi="135" ten="30,5800,0" yaku="20,1,14,1,10,1" doraHai="133" who="0" fromWho="2" sc="250,58,250,0,250,-58,250,0" /><INIT seed="0,1,0,1,4,91" ten="308,250,192,250" oya="0" hai0="117,12,93,68,111,5,115,66,41,104,34,51,21" hai1="129,44,39,85,58,53,26,87,22,130,102,36,59" hai2="2,65,77,108,64,63,70,9,10,55,133,38,19" hai3="106,126,49,25,103,94,62,18,84,97,76,47,75"/><T119/><D104/><U42/><E102/><V1/><F108/><W30/><G126/><T14/><D34/><U31/><E36/><V28/><F133/><W83/><G62/><T16/><D115/><U121/><E121/><V6/><F28/><W131/><G18/><T61/><D111/><U46/><E46/><V32/><F32/><W45/><G49/><T112/><D112/><U54/><E59/><V4/><F38/><W120/><G131/><N who="1" m="50186" /><E54/><V69/><F19/><W73/><G120/><T74/><D74/><U89/><E89/><V88/><F77/><W100/><G100/><T128/><D128/><U80/><E80/><V82/><F55/><W134/><G134/><T105/><D105/><U48/><AGARI ba="1,0" hai="22,26,31,39,42,44,48,53,58,85,87" m="50186" machi="48" ten="30,1100,0" yaku="19,1" doraHai="91" who="1" fromWho="1" sc="308,-6,250,14,192,-4,250,-4" /><INIT seed="1,0,0,0,2,72" ten="302,264,188,246" oya="1" hai0="125,104,48,33,128,58,100,1,124,99,113,40,59" hai1="56,6,4,47,38,130,85,36,21,27,117,46,3" hai2="108,52,34,57,16,68,83,103,87,24,122,81,96" hai3="92,114,66,45,123,79,70,53,12,131,39,49,42"/><U14/><E117/><V51/><F122/><W135/><G114/><T90/><D113/><U65/><E130/><V35/><F68/><W75/><G123/><T71/><D71/><U0/><E85/><V2/><F2/><W11/><G131/><T31/><D128/><U118/><E14/><V129/><F129/><W121/><G135/><T61/><D1/><U127/><E56/><V119/><F119/><W88/><G121/><T76/><D90/><U69/><E69/><V54/><F54/><W29/><G29/><T20/><D33/><U134/><E134/><V10/><F108/><W63/><G75/><T74/><D40/><U101/><E101/><V126/><F126/><N who="0" m="48746" /><D48/><U23/><E127/><V106/><F81/><W9/><G12/><T19/><D31/><U132/><E132/><V111/><F111/><W107/><G107/><T15/><D61/><U60/><E118/><V94/><F106/><W50/><G50/><T67/><D67/><U37/><E37/><V89/><REACH who="2" step="1"/><F10/><REACH who="2" ten="302,264,178,246" step="2"/><W78/><G11/><T41/><D41/><U102/><E65/><V32/><F32/><W116/><G9/><T25/><D104/><U5/><E0/><V84/><F84/><N who="3" m="52231" /><G116/><T26/><D74/><U91/><E3/><V18/><F18/><W95/><G95/><T115/><D115/><U62/><E4/><V93/><F93/><W98/><G98/><T8/><D99/><U77/><E5/><V44/><F44/><W82/><G82/><T30/><D8/><U109/><E6/><V97/><F97/><W28/><G28/><T112/><D30/><U73/><E109/><RYUUKYOKU ba="0,1" sc="302,-15,264,-15,178,15,246,15" hai2="16,24,34,35,51,52,57,83,87,89,94,96,103" hai3="39,42,45,49,53,63,66,70,78,79" /><INIT seed="2,1,1,5,5,95" ten="287,249,193,261" oya="2" hai0="92,29,103,111,69,52,44,47,19,65,9,79,85" hai1="91,118,25,134,98,15,21,0,78,36,89,67,23" hai2="77,71,28,120,18,81,51,53,90,107,4,72,34" hai3="54,14,22,38,27,64,31,132,3,17,6,119,33"/><V115/><F120/><W112/><G119/><T13/><D111/><U45/><E118/><V8/><F115/><W10/><G38/><T37/><D29/><U104/><E0/><V62/><F107/><W50/><G64/><T46/><D69/><U66/><E134/><V59/><F18/><W61/><G61/><T117/><D65/><U93/><E104/><V86/><F28/><W108/><G108/><T128/><D128/><U135/><E135/><V94/><F34/><W11/><G112/><T99/><D117/><U57/><E78/><V87/><F71/><W126/><G126/><T97/><D37/><U127/><E127/><V55/><F72/><W68/><G68/><T26/><D26/><U123/><E123/><V100/><F100/><W70/><G70/><T74/><D74/><U24/><E15/><V116/><F116/><W88/><G11/><T43/><D43/><U105/><E105/><V114/><F114/><W122/><G122/><T113/><D113/><U58/><E45/><V129/><F129/><W42/><G42/><T16/><D99/><U75/><E36/><V56/><REACH who="2" step="1"/><F8/><REACH who="2" ten="287,249,183,261" step="2"/><W20/><G132/><T83/><D19/><N who="1" m="12351" /><E75/><V5/><AGARI ba="1,2" hai="4,5,51,53,55,56,59,62,77,81,86,87,90,94" machi="5" ten="30,6000,0" yaku="1,1,0,1,8,1,53,0" doraHai="95" doraHaiUra="109" who="2" fromWho="2" sc="287,-21,249,-21,183,83,261,-21" /><INIT seed="2,2,0,4,3,103" ten="266,228,266,240" oya="2" hai0="0,117,76,128,28,58,83,110,130,64,8,31,68" hai1="135,93,29,82,69,131,6,127,79,60,23,104,133" hai2="115,87,121,84,72,96,1,33,11,3,46,100,106" hai3="54,18,119,61,92,99,70,111,51,52,21,43,101"/><V25/><F121/><W12/><G119/><T113/><D113/><U105/><E6/><V37/><F115/><W47/><G111/><T16/><D68/><U107/><E127/><V74/><F84/><W112/><G112/><T129/><D110/><U63/><E93/><V44/><F87/><W15/><G70/><T14/><D117/><U34/><E34/><V59/><F59/><W36/><G36/><T13/><D0/><U62/><E69/><V109/><F109/><W77/><G77/><T19/><D64/><U81/><E131/><V97/><F97/><W80/><G80/><T10/><REACH who="0" step="1"/><D58/><REACH who="0" ten="256,228,266,240" step="2"/><U86/><REACH who="1" step="1"/><E82/><REACH who="1" ten="256,218,266,240" step="2"/><V98/><F1/><W102/><G92/><T41/><D41/><U22/><E22/><V45/><F3/><W125/><G21/><T95/><D95/><U88/><E88/><V39/><F11/><W40/><G125/><T91/><D91/><U67/><E67/><V9/><F9/><W50/><G43/><T56/><D56/><U7/><E7/><V42/><F42/><W89/><G40/><T78/><D78/><U108/><E108/><V122/><F45/><W35/><G89/><T94/><D94/><U75/><E75/><AGARI ba="2,2" hai="8,10,13,14,16,19,28,31,75,76,83,128,129,130" machi="75" ten="40,12000,2" yaku="1,1,9,1,19,1,54,1,53,2" doraHai="103" doraHaiUra="5" who="0" fromWho="1" sc="256,146,218,-126,266,0,240,0" /><INIT seed="3,0,0,2,2,55" ten="402,92,266,240" oya="3" hai0="108,28,115,64,49,100,45,125,24,57,41,92,60" hai1="132,31,48,61,101,83,109,59,86,38,110,99,23" hai2="89,105,37,32,133,54,2,128,14,15,26,33,66" hai3="72,81,119,97,135,126,122,111,46,82,39,8,25"/><W1/><G25/><T68/><D108/><N who="1" m="41579" /><E38/><V9/><F37/><W123/><G8/><T3/><D3/><U18/><E48/><V16/><F105/><W120/><G1/><T77/><D125/><U78/><E31/><V96/><F128/><W87/><G46/><T76/><D115/><U98/><E132/><V112/><F112/><W13/><G13/><T50/><D50/><U17/><E23/><V134/><F66/><W93/><G39/><T113/><D113/><U19/><E101/><V70/><F70/><W104/><G126/><T94/><D68/><U4/><E4/><V53/><F2/><W127/><G127/><T51/><D51/><U116/><E116/><V62/><F14/><W10/><G10/><T44/><D44/><U106/><E106/><V73/><F73/><W85/><G135/><N who="2" m="51721" /><F62/><W95/><G119/><T35/><REACH who="0" step="1"/><D100/><REACH who="0" ten="392,92,266,240" step="2"/><U80/><E80/><V74/><F33/><W58/><G111/><T90/><D90/><U47/><E47/><V34/><F34/><W71/><G71/><T11/><D11/><U131/><E131/><V121/><F121/><W130/><G130/><T21/><D21/><U40/><E40/><V103/><F89/><W91/><G120/><T30/><D30/><U118/><E118/><V67/><F32/><W65/><G122/><T102/><D102/><U129/><E129/><V52/><F103/><W12/><G91/><T0/><D0/><U84/><E84/><V69/><F9/><W114/><G87/><T7/><D7/><U20/><E20/><V22/><F22/><W107/><G85/><T117/><D117/><RYUUKYOKU ba="0,1" sc="392,15,92,15,266,-15,240,-15" hai0="24,28,35,41,45,49,57,60,64,76,77,92,94" hai1="17,18,19,59,61,78,83,86,98,99" /><INIT seed="4,1,1,1,4,89" ten="407,107,251,225" oya="0" hai0="14,8,0,1,126,49,72,30,91,20,93,58,12" hai1="101,35,127,15,67,96,11,47,62,111,107,36,22" hai2="133,79,119,42,2,98,10,56,95,17,123,38,97" hai3="32,46,57,64,110,13,44,37,81,90,108,73,105"/><T125/><D72/><U88/><E111/><V100/><F123/><W39/><G32/><T106/><D106/><U77/><E127/><N who="0" m="48649" /><D49/><U116/><E116/><V34/><F119/><W74/><G105/><T26/><D58/><U61/><E77/><V76/><F34/><W118/><G118/><T53/><D53/><U3/><E3/><N who="0" m="1097" /><D8/><U104/><E104/><V65/><F133/><W54/><G110/><T128/><D128/><U66/><E11/><V134/><F134/><W114/><G114/><T6/><D6/><U51/><E107/><V16/><F42/><W43/><G108/><T132/><D132/><U29/><E51/><V52/><F38/><W78/><G74/><T9/><D9/><U87/><E36/><V4/><F65/><W55/><G64/><T24/><D24/><N who="1" m="18855" /><E67/><V84/><F98/><AGARI ba="1,1" hai="12,14,20,26,30,91,93,98" m="1097,48649" machi="98" ten="30,2900,0" yaku="18,1,52,1" doraHai="89" who="0" fromWho="2" sc="407,42,107,0,251,-32,225,0" /><INIT seed="4,2,0,0,4,108" ten="449,107,219,225" oya="0" hai0="112,115,72,105,20,131,55,93,54,47,89,78,62" hai1="92,33,39,119,37,122,42,126,58,123,104,98,100" hai2="66,118,101,9,0,13,24,84,63,79,65,67,50" hai3="15,8,12,87,51,83,134,40,45,74,85,130,7"/><T88/><D105/><U11/><E119/><V61/><F0/><W10/><G130/><T133/><D131/><U19/><E33/><V1/><F1/><W30/><G134/><T70/><D133/><U103/><E126/><V53/><F24/><W59/><G74/><T90/><D93/><U96/><E42/><V114/><F101/><W17/><G30/><T2/><D2/><U64/><E123/><V22/><F22/><W44/><G44/><T82/><D20/><U38/><E122/><V97/><F97/><W31/><G31/><T25/><D25/><U132/><E132/><V129/><F114/><N who="0" m="43562" /><D47/><U120/><E120/><V106/><F106/><W95/><G95/><T52/><D70/><U135/><E135/><V5/><F129/><W69/><G69/><T91/><D91/><U49/><E11/><V41/><F118/><W32/><G32/><T3/><D3/><U102/><E102/><V117/><F117/><W121/><G121/><T77/><D77/><U76/><E76/><V4/><F4/><W56/><REACH who="3" step="1"/><G87/><REACH who="3" ten="449,107,219,215" step="2"/><T128/><D128/><U60/><E92/><V75/><F75/><W116/><G116/><T68/><D68/><U81/><E104/><V14/><F84/><W28/><G28/><T35/><D35/><U34/><E34/><V110/><F41/><W113/><G113/><T43/><D43/><U27/><E98/><V36/><F36/><W16/><G16/><T6/><D6/><U23/><E96/><V29/><F29/><W109/><G109/><T107/><D107/><U48/><E81/><V71/><F71/><W21/><G21/><RYUUKYOKU ba="2,1" sc="449,10,107,10,219,-30,215,10" hai0="52,54,55,62,72,78,82,88,89,90" hai1="19,23,27,37,38,39,48,49,58,60,64,100,103" hai3="7,8,10,12,15,17,40,45,51,56,59,83,85" /><INIT seed="4,3,1,4,2,123" ten="459,117,189,225" oya="0" hai0="35,39,94,130,43,60,28,25,114,36,6,127,3" hai1="51,96,59,31,13,34,120,117,48,2,5,126,131" hai2="92,93,86,23,82,55,110,62,18,99,116,124,67" hai3="14,83,57,91,38,103,15,42,45,125,66,102,135"/><T44/><D114/><U46/><E120/><V77/><F116/><W33/><G135/><T21/><D127/><U12/><E117/><V68/><F124/><W132/><G125/><T105/><D130/><U41/><E126/><V73/><F110/><W0/><G132/><T89/><D105/><U78/><E131/><V22/><F55/><W50/><G0/><T11/><D60/><U98/><E78/><V80/><F18/><W58/><G33/><T108/><D108/><U1/><E34/><V74/><F92/><W106/><G106/><T49/><REACH who="0" step="1"/><D35/><REACH who="0" ten="449,117,189,225" step="2"/><U56/><E51/><V88/><REACH who="2" step="1"/><F73/><REACH who="2" ten="449,117,179,225" step="2"/><W53/><G66/><T20/><D20/><U71/><E48/><V30/><F30/><W121/><G121/><T63/><D63/><U27/><E31/><V24/><F24/><W32/><G32/><T97/><AGARI ba="3,3" hai="3,6,11,21,25,28,36,39,43,44,49,89,94,97" machi="97" ten="20,3900,0" yaku="1,1,0,1,7,1,53,0" doraHai="123" doraHaiUra="10" who="0" fromWho="0" sc="449,78,117,-16,179,-16,225,-16" /><INIT seed="4,4,0,0,4,65" ten="527,101,163,209" oya="0" hai0="23,84,64,96,114,61,52,3,109,17,32,116,33" hai1="121,87,104,83,91,59,36,86,119,120,75,44,24" hai2="26,128,2,76,50,106,14,21,135,100,11,18,40" hai3="130,55,8,56,43,37,67,41,51,10,101,0,98"/><T73/><D73/><U108/><E108/><V9/><F135/><W25/><G130/><T29/><D3/><U58/><E119/><V22/><F128/><W42/><G37/><T35/><D116/><U71/><E75/><V134/><F134/><W63/><G25/><T79/><D109/><U82/><E104/><V133/><F133/><W97/><G0/><T122/><D122/><U6/><E6/><V5/><F76/><W62/><G62/><T70/><D114/><U69/><E24/><V113/><F113/><W111/><G111/><T117/><D96/><U80/><E36/><V105/><F100/><W31/><G31/><T45/><D117/><U77/><E44/><V110/><F110/><W13/><G101/><T94/><D52/><U125/><E125/><V72/><F72/><W20/><G20/><T89/><D45/><U53/><E82/><V15/><F2/><W19/><REACH who="3" step="1"/><G10/><REACH who="3" ten="527,101,163,199" step="2"/><T49/><D23/><U115/><E115/><V60/><F60/><W1/><G1/><T103/><D61/><U34/><E34/><V47/><REACH who="2" step="1"/><F22/><REACH who="2" ten="527,101,153,199" step="2"/><W46/><AGARI ba="4,2" hai="8,13,19,41,42,43,46,51,55,56,63,67,97,98" machi="46" ten="30,7900,0" yaku="1,1,0,1,8,1,53,1" doraHai="65" doraHaiUra="12" who="3" fromWho="3" sc="527,-43,101,-24,153,-24,199,111" /><INIT seed="5,0,0,1,1,56" ten="484,77,129,310" oya="1" hai0="133,132,124,39,14,23,38,58,47,52,59,25,2" hai1="113,36,69,122,29,19,130,53,40,90,21,120,27" hai2="77,11,81,57,31,127,46,50,4,125,73,55,63" hai3="92,76,134,44,121,74,62,95,61,89,48,3,82"/><U93/><E69/><V112/><F31/><W51/><G121/><T42/><D2/><U110/><E113/><V128/><F128/><W75/><G134/><N who="0" m="51819" /><D124/><U60/><E130/><V24/><F24/><W114/><G114/><T86/><D14/><U131/><E131/><V35/><F35/><W7/><G75/><T91/><D39/><U20/><E110/><V54/><REACH who="2" step="1"/><F112/><REACH who="2" ten="484,77,119,310" step="2"/><W117/><G117/><T78/><D25/><N who="1" m="14495" /><E36/><V109/><F109/><W49/><G44/><T85/><D38/><U103/><E103/><V88/><F88/><W66/><G66/><T18/><D91/><U108/><E108/><V106/><F106/><W5/><G3/><AGARI ba="0,1" hai="3,4,11,46,50,54,55,57,63,73,77,81,125,127" machi="3" ten="40,2600,0" yaku="1,1,52,1,53,0" doraHai="56" doraHaiUra="8" who="2" fromWho="3" sc="484,0,77,0,119,36,310,-26" /><INIT seed="6,0,0,1,3,69" ten="484,77,155,284" oya="2" hai0="84,108,6,117,9,22,65,90,129,42,97,105,96" hai1="135,107,72,113,75,1,62,85,53,60,126,41,133" hai2="77,21,7,101,34,25,31,51,80,16,76,5,81" hai3="49,92,112,120,56,26,57,52,10,39,18,32,67"/><V118/><F101/><W46/><G120/><T38/><D108/><U63/><E1/><V109/><F118/><W82/><G112/><T30/><D129/><U55/><E107/><V98/><F98/><W64/><G82/><N who="2" m="31849" /><F34/><W59/><G32/><T94/><D22/><U110/><E110/><V44/><F31/><W3/><G3/><T28/><D65/><U88/><E113/><V13/><F109/><W91/><G39/><T78/><D97/><U17/><E41/><N who="2" m="24975" /><F25/><W122/><G122/><T119/><D30/><U83/><E17/><V111/><F111/><W130/><G130/><T19/><D28/><U15/><E15/><V23/><F23/><N who="3" m="13687" /><G10/><T54/><D96/><AGARI ba="0,0" hai="46,49,52,56,57,59,64,67,91,92,96" m="13687" machi="96" ten="30,2000,0" yaku="8,1,54,1" doraHai="69" who="3" fromWho="0" sc="484,-20,77,0,155,0,284,20" /><INIT seed="7,0,0,4,4,74" ten="464,77,155,304" oya="3" hai0="56,127,28,110,116,54,129,49,37,4,26,42,134" hai1="103,3,94,57,2,93,40,99,38,95,115,50,113" hai2="64,70,133,32,27,104,41,0,128,12,68,81,65" hai3="126,100,96,85,25,75,83,124,15,63,66,98,77"/><W119/><G119/><T31/><D116/><U11/><E38/><V101/><F0/><W18/><G25/><T125/><D110/><U76/><E95/><V58/><F41/><W80/><G100/><T121/><D121/><U34/><E34/><V30/><F128/><W59/><G126/><N who="0" m="48139" /><D134/><U62/><E94/><V89/><F133/><W22/><REACH who="3" step="1"/><G124/><REACH who="3" ten="464,77,155,294" step="2"/><T10/><D26/><U39/><E115/><V131/><F101/><W109/><G109/><T78/><D129/><U108/><E113/><V69/><F131/><W46/><G46/><T35/><D31/><U16/><E108/><V61/><F27/><W67/><G67/><T5/><D28/><U105/><E105/><V73/><F30/><W130/><G130/><T7/><D35/><U106/><E106/><V112/><F104/><W45/><G45/><N who="0" m="23759" /><D78/><AGARI ba="0,1" hai="15,18,22,59,63,66,75,77,78,80,83,85,96,98" machi="78" ten="30,11600,0" yaku="1,1,7,1,52,2,53,0" doraHai="74" doraHaiUra="102" who="3" fromWho="0" sc="464,-116,77,0,155,0,294,126" owari="348,14.8,77,-42.3,155,-24.5,420,52.0" /></mjloggm>