<mjloggm ver="2.3"><GO type="169" lobby="0"/><UN n0="%E3%81%8F%E3%82%8B%E3%82%8B" n1="%74%6F%72%69%30%36%31%32" n2="%42%65%6E%63%68%69%6E%67" n3="%E3%81%B3%E3%82%8D%E3%81%B4%E3%82%8D" dan="17,16,16,16" rate="2227.60,2164.52,2230.17,2166.94" sx="F,M,M,M"/><TAIKYOKU oya="0"/><INIT seed="0,0,0,2,4,92" ten="250,250,250,250" oya="0" hai0="93,39,22,33,110,132,112,64,62,45,40,116,117" hai1="18,111,89,101,73,84,54,0,26,53,125,80,3" hai2="55,134,109,108,75,19,114,63,76,20,17,57,81" hai3="48,14,50,74,35,70,27,71,131,72,97,121,21"/><T118/><D112/><U130/><E125/><V10/><F134/><W127/><G14/><T34/><D22/><U69/><E69/><V8/><F114/><W38/><G21/><T9/><D9/><U128/><E73/><V85/><F75/><W4/><G4/><T25/><D132/><U46/><E111/><N who="2" m="42571" /><F17/><W24/><G38/><T123/><D110/><U87/><E101/><V91/><F91/><W37/><G37/><T2/><D2/><U77/><E18/><V15/><AGARI ba="0,0" hai="8,10,15,19,20,55,57,63,76,81,85" m="42571" machi="15" ten="30,1100,0" yaku="14,1" doraHai="92" who="2" fromWho="2" sc="250,-5,250,-3,250,11,250,-3" /><INIT seed="1,0,0,3,5,78" ten="245,247,261,247" oya="1" hai0="123,5,22,67,66,64,43,70,27,128,96,76,37" hai1="129,33,59,82,68,55,75,58,18,65,63,44,91" hai2="25,126,111,127,112,30,46,97,88,32,125,120,107" hai3="74,95,101,26,130,114,2,40,24,100,84,9,62"/><U99/><E129/><V104/><F120/><W134/><G74/><T110/><D123/><U13/><E33/><V115/><F46/><W85/><G114/><N who="2" m="43561" /><F111/><W102/><G130/><T29/><D110/><U103/><E44/><V41/><F41/><W56/><G40/><T31/><D128/><U20/><E55/><V135/><F135/><W72/><G72/><T86/><D5/><U87/><REACH who="1" step="1"/><E75/><REACH who="1" ten="245,237,261,247" step="2"/><V54/><F54/><W49/><G134/><T0/><D43/><U60/><E60/><V121/><F121/><W45/><G62/><T8/><D66/><U83/><E83/><V11/><F11/><W17/><G45/><T23/><D64/><U51/><E51/><V71/><F71/><W92/><G49/><T34/><D67/><U131/><E131/><V106/><F106/><AGARI ba="0,1" hai="13,18,20,58,59,63,65,68,82,87,91,99,103,106" machi="106" ten="30,5800,0" yaku="1,1,7,1,52,1,53,0" doraHai="78" doraHaiUra="3" who="1" fromWho="2" sc="245,0,237,68,261,-58,247,0" /><INIT seed="1,1,0,0,5,54" ten="245,305,203,247" oya="1" hai0="58,100,8,68,52,117,96,126,77,59,64,72,18" hai1="79,11,102,16,53,118,120,67,24,17,2,42,35" hai2="110,114,23,82,55,109,13,127,123,40,125,75,34" hai3="122,131,29,4,83,116,85,107,113,36,50,14,10"/><U1/><E102/><V61/><F34/><W73/><G36/><T89/><D117/><U45/><E120/><V46/><F75/><W60/><G107/><T90/><D126/><N who="2" m="48138" /><F82/><W104/><G104/><T27/><D68/><U62/><E53/><V21/><F123/><W37/><G37/><T6/><D72/><U88/><E79/><V43/><F13/><W103/><G103/><T132/><D132/><U93/><E118/><V78/><F78/><W101/><G101/><T76/><D77/><U134/><E134/><V49/><F23/><W30/><G73/><T33/><D76/><U119/><E35/><V39/><F21/><W56/><G113/><T32/><D33/><U19/><E24/><V124/><N who="2" m="48146" /><V28/><DORA hai="9" /><F28/><W92/><G92/><N who="0" m="58375" /><D32/><U128/><E11/><V135/><F135/><W7/><G116/><T111/><D111/><N who="2" m="42506" /><F39/><W70/><G4/><T105/><D105/><U87/><E119/><V38/><F38/><W48/><G122/><T74/><D74/><U133/><E133/><V86/><F86/><W98/><G98/><T81/><D81/><U84/><E84/><V0/><F0/><W65/><G83/><T44/><D6/><U99/><E87/><V5/><F5/><W47/><G85/><T115/><D27/><U31/><E1/><V129/><F114/><W69/><G29/><T91/><D115/><U57/><E31/><V20/><F20/><W71/><G30/><T106/><D106/><U130/><E2/><V66/><F129/><W112/><G131/><N who="1" m="50218" /><E19/><V97/><F97/><W3/><G3/><T12/><D18/><RYUUKYOKU ba="1,0" sc="245,-15,305,15,203,15,247,-15" hai1="16,17,42,45,57,62,67,88,93,99" hai2="40,43,46,49,55,61,66" /><INIT seed="1,2,0,2,4,14" ten="230,320,218,232" oya="1" hai0="39,109,16,11,53,4,98,90,13,55,96,85,86" hai1="56,20,135,24,123,2,127,107,49,110,104,48,42" hai2="5,89,73,38,65,121,9,36,66,35,51,72,115" hai3="67,52,122,84,61,94,7,26,45,0,27,75,114"/><U71/><E71/><V60/><F121/><W8/><G114/><T10/><D109/><U99/><E2/><V118/><F118/><W106/><G106/><T100/><D39/><U83/><E123/><V120/><F120/><W64/><G75/><T129/><D129/><U103/><E107/><V33/><F51/><W63/><G122/><T46/><D100/><U12/><E127/><V62/><F89/><W59/><G84/><T23/><D10/><U132/><E12/><V88/><F88/><W112/><G94/><T78/><D78/><U44/><E83/><V97/><F9/><W57/><REACH who="3" step="1"/><G112/><REACH who="3" ten="230,320,218,222" step="2"/><T126/><D85/><U47/><E110/><V108/><F108/><W30/><G30/><T28/><D28/><U77/><E77/><V133/><F115/><W54/><G54/><T69/><D55/><U131/><E131/><V29/><F29/><W25/><G25/><T102/><D86/><U134/><E104/><V93/><F93/><W101/><G101/><T18/><D102/><U92/><E103/><V128/><F128/><W119/><G119/><T125/><D53/><N who="1" m="29855" /><E92/><V1/><F73/><W3/><G3/><T130/><D130/><U70/><E99/><V6/><F72/><W22/><G22/><T81/><D96/><U124/><E124/><V111/><F111/><W117/><G117/><T95/><D126/><U17/><E135/><V40/><F133/><W43/><G43/><T58/><D125/><U113/><E134/><V79/><F40/><W76/><G76/><T80/><D98/><U116/><E132/><V105/><F97/><W37/><G37/><RYUUKYOKU ba="2,1" sc="230,-10,320,-10,218,-10,222,30" hai3="0,7,8,26,27,45,52,57,59,61,63,64,67" /><INIT seed="2,3,1,3,4,30" ten="220,310,208,252" oya="2" hai0="99,81,118,27,57,94,130,35,51,129,133,49,42" hai1="121,107,39,31,83,112,43,9,38,111,54,70,6" hai2="125,37,25,1,85,59,109,90,92,105,45,2,80" hai3="0,8,50,29,101,46,10,127,56,66,5,79,61"/><V128/><F125/><W4/><G127/><T97/><D133/><U75/><E54/><V74/><F128/><N who="0" m="49258" /><D81/><U78/><E112/><V44/><F105/><W88/><G29/><N who="0" m="19903" /><D118/><U110/><E70/><V124/><F124/><W18/><G18/><T100/><D42/><U103/><E31/><V68/><F68/><W17/><G17/><T41/><D41/><U69/><E69/><V21/><F59/><W19/><G19/><T102/><D57/><U20/><E20/><V32/><F21/><W122/><G122/><T48/><D48/><U34/><E34/><V16/><F109/><N who="1" m="41481" /><E43/><V71/><F71/><W67/><G67/><T86/><D86/><U82/><E82/><V132/><F132/><W120/><G120/><T95/><AGARI ba="3,1" hai="49,51,94,95,97,99,100,102" m="19903,49258" machi="95" ten="30,2000,0" yaku="19,1,52,1" doraHai="30" who="0" fromWho="0" sc="220,39,310,-8,208,-13,252,-8" /><INIT seed="3,0,0,4,0,68" ten="259,302,195,244" oya="3" hai0="71,66,27,82,46,101,59,42,92,0,17,3,57" hai1="73,24,87,96,1,117,6,131,21,122,56,30,89" hai2="103,84,55,67,8,114,97,105,13,126,32,74,132" hai3="102,135,23,33,12,39,36,19,22,15,44,112,90"/><W38/><G112/><T75/><D71/><U34/><E73/><V49/><F126/><W64/><G33/><T81/><D101/><U48/><E122/><V9/><F132/><W123/><G123/><T98/><D66/><U62/><E131/><V133/><F133/><W14/><G135/><T2/><D27/><U11/><E96/><V20/><F74/><W88/><G102/><T35/><D35/><U69/><E69/><V58/><F32/><W125/><G125/><T7/><D17/><U134/><E117/><V76/><F114/><W25/><G64/><T53/><D7/><U16/><E48/><V120/><F120/><W47/><REACH who="3" step="1"/><G23/><REACH who="3" ten="259,302,195,234" step="2"/><T127/><D127/><U41/><E134/><V40/><F67/><W130/><G130/><T63/><D75/><U18/><E34/><V100/><F100/><W29/><G29/><T107/><D107/><U109/><E109/><V31/><F31/><W116/><G116/><T86/><D0/><U104/><E104/><V106/><F105/><W60/><G60/><T83/><D2/><U91/><E30/><V118/><F118/><W124/><G124/><T113/><D3/><U110/><E110/><V95/><F106/><W5/><G5/><T119/><D119/><U80/><E18/><N who="2" m="10319" /><F40/><W52/><G52/><T28/><D28/><U37/><E41/><V78/><F78/><W99/><G99/><T94/><D98/><U54/><E91/><AGARI ba="0,1" hai="12,14,15,19,22,25,36,38,39,44,47,88,90,91" machi="91" ten="50,12000,1" yaku="1,1,52,3,54,1,53,0" doraHai="68" doraHaiUra="128" who="3" fromWho="1" sc="259,0,302,-120,195,0,234,130" /><INIT seed="3,1,0,4,0,55" ten="259,182,195,364" oya="3" hai0="73,46,63,49,101,125,35,68,40,7,129,1,123" hai1="121,31,88,128,115,114,109,52,112,17,127,102,12" hai2="98,93,83,106,4,65,22,107,60,99,51,97,90" hai3="11,72,0,95,75,132,67,19,61,20,87,24,131"/><W33/><G132/><T94/><D123/><U59/><E121/><V78/><F4/><W103/><G131/><T16/><D129/><U116/><E128/><V25/><F51/><W80/><G33/><T27/><D73/><U38/><E38/><V21/><F107/><W100/><G0/><T105/><D125/><U89/><E127/><V119/><F119/><W96/><G11/><T9/><D94/><U10/><E116/><V39/><F39/><W56/><REACH who="3" step="1"/><G100/><REACH who="3" ten="259,182,195,354" step="2"/><T135/><D135/><U62/><E109/><V3/><F3/><W85/><G85/><T8/><D8/><U53/><E102/><V58/><F22/><W23/><G23/><T110/><D110/><U84/><E31/><V130/><F130/><W43/><G43/><T6/><D1/><U64/><REACH who="1" step="1"/><E89/><AGARI ba="1,1" hai="19,20,24,56,61,67,72,75,80,87,89,95,96,103" machi="89" ten="30,5800,0" yaku="1,1,7,1,52,1,53,0" doraHai="55" doraHaiUra="2" who="3" fromWho="1" sc="259,0,182,-61,195,0,354,71" /><INIT seed="3,2,0,0,5,18" ten="259,121,195,425" oya="3" hai0="58,57,9,72,129,115,26,73,109,5,119,118,28" hai1="34,125,11,4,122,123,89,107,112,74,77,121,99" hai2="108,86,66,97,102,47,19,76,124,31,65,14,21" hai3="134,113,3,10,59,81,91,1,82,44,106,12,49"/><W55/><G113/><T40/><D115/><U33/><E89/><V48/><F124/><W51/><G106/><T64/><D109/><U79/><E79/><V60/><F31/><W25/><G134/><T68/><D129/><U130/><E130/><V42/><F108/><W24/><G1/><T22/><D68/><U110/><E112/><V29/><F29/><W78/><G3/><T103/><D103/><N who="1" m="62975" /><E110/><V56/><F76/><W75/><G82/><T116/><D40/><U131/><E131/><V7/><F86/><W96/><G96/><T0/><REACH who="0" step="1"/><D64/><REACH who="0" ten="249,121,195,425" step="2"/><U54/><E54/><V84/><F65/><W46/><G91/><T95/><D95/><U20/><E20/><V85/><REACH who="2" step="1"/><F7/><REACH who="2" ten="249,121,185,425" step="2"/><W43/><G43/><T17/><D17/><U126/><E126/><V104/><AGARI ba="2,2" hai="14,19,21,42,47,48,56,60,66,84,85,97,102,104" machi="104" ten="20,12000,2" yaku="1,1,2,1,0,1,7,1,52,1,53,1" doraHai="18" doraHaiUra="36" who="2" fromWho="2" sc="249,-32,121,-32,185,146,425,-62" /><INIT seed="4,0,0,0,5,17" ten="217,89,331,363" oya="0" hai0="66,12,48,101,134,4,105,86,71,35,41,100,32" hai1="18,52,55,109,44,107,113,83,69,10,11,53,88" hai2="58,102,87,94,56,98,75,43,37,135,49,74,121" hai3="57,2,76,129,45,3,15,133,23,106,38,91,122"/><T82/><D134/><U47/><E107/><V1/><F1/><W54/><G106/><T116/><D116/><U34/><E34/><V70/><F70/><W61/><G76/><T130/><D130/><U50/><E69/><V27/><F37/><W19/><G133/><T73/><D73/><U110/><E113/><V21/><F75/><W29/><G129/><T104/><D105/><U65/><E65/><V117/><F74/><W0/><G122/><T125/><D125/><U20/><E110/><V63/><F121/><W40/><G0/><T96/><D101/><U46/><E50/><V103/><F103/><W81/><G29/><T79/><D66/><U92/><E83/><V8/><F8/><W80/><G80/><T64/><D64/><U127/><E109/><V28/><F117/><W39/><G39/><T6/><D71/><U31/><E31/><V85/><F135/><W42/><G42/><T111/><D111/><U67/><E67/><N who="2" m="39399" /><F58/><W112/><G112/><T128/><D128/><U84/><E127/><V16/><F28/><W131/><G131/><T97/><D97/><U22/><E22/><V30/><F30/><W123/><G123/><T59/><D35/><U118/><E118/><V90/><F102/><W60/><G60/><T9/><D32/><U51/><E51/><V5/><F5/><W7/><G7/><N who="0" m="3135" /><D41/><U126/><E126/><V14/><F27/><AGARI ba="0,0" hai="10,11,18,20,27,44,46,47,52,53,55,84,88,92" machi="27" ten="40,8000,1" yaku="8,1,52,1,54,2" doraHai="17" who="1" fromWho="2" sc="217,0,89,80,331,-80,363,0" /><INIT seed="5,0,0,4,2,81" ten="217,169,251,363" oya="1" hai0="24,67,131,123,61,30,100,85,49,33,16,95,59" hai1="26,31,88,102,29,128,40,82,91,134,118,54,127" hai2="32,70,23,6,10,44,58,66,19,62,28,115,83" hai3="48,106,46,4,117,103,109,94,92,110,126,22,27"/><U113/><E118/><V37/><F115/><W55/><G117/><T72/><D72/><U101/><E113/><V45/><F37/><W129/><G106/><T47/><D131/><U87/><E128/><V114/><F114/><W105/><G129/><T38/><D38/><U9/><E40/><V112/><F112/><W8/><G126/><T15/><D123/><U43/><E43/><V116/><F116/><W125/><G125/><T64/><D64/><U3/><E127/><V68/><F28/><N who="1" m="10825" /><E3/><V99/><F32/><W90/><G105/><T14/><D100/><N who="1" m="38507" /><E26/><V120/><F99/><W107/><G107/><T130/><D130/><U79/><E134/><V5/><F68/><W77/><G103/><T1/><D1/><U12/><E54/><V69/><F70/><W36/><G36/><T78/><D14/><U98/><E98/><V71/><F69/><W0/><G109/><T97/><D97/><U11/><E11/><V35/><F71/><W108/><G108/><T50/><D47/><N who="2" m="17994" /><F10/><W80/><G110/><T96/><D96/><U17/><AGARI ba="0,0" hai="9,12,17,79,82,87,88,91" m="38507,10825" machi="17" ten="30,6000,0" yaku="8,1,52,1,54,1" doraHai="81" who="1" fromWho="1" sc="217,-20,169,60,251,-20,363,-20" /><INIT seed="5,1,0,3,1,27" ten="197,229,231,343" oya="1" hai0="60,13,67,35,63,49,22,132,94,19,45,56,110" hai1="109,107,81,32,98,87,20,57,7,77,10,25,12" hai2="90,113,66,97,8,31,127,124,105,100,129,91,73" hai3="74,99,83,82,93,23,75,125,59,34,76,61,79"/><U24/><E109/><V68/><F73/><W53/><G125/><N who="2" m="48201" /><F129/><W71/><G34/><T101/><D132/><U112/><E112/><V1/><F113/><W17/><G71/><T72/><D72/><U26/><E32/><V62/><F31/><W41/><G41/><T78/><D35/><U33/><E33/><V64/><F64/><W133/><G133/><T4/><D4/><AGARI ba="1,0" hai="1,4,8,62,66,68,90,91,97,100,105" m="48201" machi="4" ten="30,1000,0" yaku="18,1" doraHai="27" who="2" fromWho="0" sc="197,-13,229,0,231,13,343,0" /><INIT seed="6,0,0,4,2,111" ten="184,229,244,343" oya="2" hai0="74,32,110,120,36,119,15,115,52,65,44,72,86" hai1="39,85,48,131,107,114,22,84,42,33,109,41,106" hai2="38,26,27,43,49,132,79,17,96,76,129,13,99" hai3="5,108,1,8,12,21,37,24,67,60,70,103,14"/><V0/><F0/><W50/><G108/><T68/><D120/><U7/><E33/><V40/><F38/><W134/><G134/><T126/><D110/><U83/><E39/><V62/><F62/><W54/><G103/><T77/><D119/><U55/><E7/><V10/><F129/><W6/><G6/><T124/><D32/><U45/><E131/><V100/><F132/><W3/><G3/><T9/><D86/><U91/><E107/><V118/><F118/><W105/><G105/><T66/><D36/><U63/><E106/><V73/><F73/><W94/><G94/><T61/><D66/><U128/><E128/><V35/><F100/><W59/><REACH who="3" step="1"/><G37/><REACH who="3" ten="184,229,244,333" step="2"/><T102/><D102/><U88/><E109/><V69/><F35/><W135/><G135/><T117/><D117/><U11/><E114/><V58/><F96/><W121/><G121/><T93/><D93/><N who="1" m="54407" /><E11/><V28/><F99/><W30/><AGARI ba="0,1" hai="1,5,8,12,14,21,24,30,50,54,59,60,67,70" machi="30" ten="20,5200,0" yaku="1,1,0,1,7,1,53,1" doraHai="111" doraHaiUra="20" who="3" fromWho="3" sc="184,-13,229,-13,244,-26,333,62" /><INIT seed="7,0,0,0,5,95" ten="171,216,218,395" oya="3" hai0="88,84,23,55,41,15,72,100,16,18,83,11,36" hai1="9,99,79,49,50,45,48,120,35,129,117,108,74" hai2="98,57,90,134,87,26,125,114,85,12,94,109,1" hai3="58,27,21,123,30,60,33,38,61,133,132,43,6"/><W130/><G123/><T5/><D72/><U121/><E108/><V126/><F26/><W17/><G130/><T107/><D55/><U81/><E35/><V39/><F12/><W103/><G103/><T51/><D36/><U44/><E117/><V3/><F57/><W68/><G6/><T0/><D107/><U52/><E129/><V124/><F39/><W8/><G8/><T102/><D41/><U91/><E9/><V73/><F73/><W76/><G76/><T82/><D51/><U131/><E131/><V118/><F85/><W13/><G68/><T97/><D97/><U105/><E50/><V53/><F98/><W113/><G113/><T116/><D116/><U128/><E128/><V46/><F53/><W119/><G119/><T111/><D111/><U112/><E112/><V65/><F114/><W89/><G89/><T67/><D67/><U54/><E91/><V4/><F90/><W28/><G28/><T20/><D82/><U101/><AGARI ba="0,0" hai="44,45,48,49,52,54,74,79,81,99,101,105,120,121" machi="101" ten="30,7900,0" yaku="0,1,9,1,52,1,54,1" doraHai="95" who="1" fromWho="1" sc="171,-20,216,79,218,-20,395,-39" owari="151,-34.9,295,9.5,198,-20.2,356,45.6" /></mjloggm>