<mjloggm ver="2.3"><GO type="169" lobby="0"/><UN n0="%E3%81%B4%E3%81%8A%E3%81%B4%E3%81%8A%EF%BC%91%EF%BC%91" n1="%E3%81%88%E3%81%84%E3%81%8D%E3%81%A1%40%35%6D%66" n2="%E6%9D%BE%E5%B1%8B%E3%81%8A%E3%81%98%E3%81%95%E3%82%93" n3="%6B%73%77%72%74" dan="17,17,17,16" rate="2187.36,2245.26,2138.63,2122.89" sx="M,M,M,M"/><TAIKYOKU oya="0"/><INIT seed="0,0,0,4,4,88" ten="250,250,250,250" oya="0" hai0="82,123,75,76,124,44,39,111,114,113,103,15,5" hai1="14,57,96,84,108,51,134,63,107,67,6,24,52" hai2="59,11,60,100,95,7,102,10,12,21,110,90,126" hai3="61,78,97,131,71,74,128,92,125,116,34,40,129"/><T25/><D123/><U23/><E108/><V121/><F121/><W66/><G116/><T91/><D111/><U35/><E134/><V133/><F133/><W28/><G125/><T89/><D124/><U26/><E35/><V132/><F132/><W106/><G40/><T33/><D103/><U81/><E107/><V72/><F72/><W65/><G65/><T3/><D15/><U69/><E96/><V115/><F115/><W43/><G43/><N who="0" m="22655" /><D91/><U98/><E98/><V62/><F62/><W55/><G55/><T79/><D89/><U135/><E135/><V68/><F68/><W29/><G106/><T119/><D79/><U87/><E81/><V9/><F110/><W85/><G74/><T0/><D119/><U32/><E32/><V53/><F126/><W31/><G85/><T16/><D16/><U101/><E101/><N who="2" m="39019" /><F21/><W37/><G78/><T109/><D109/><U4/><E26/><V94/><F94/><W19/><G34/><T2/><D5/><U27/><E24/><V99/><AGARI ba="0,0" hai="7,9,10,11,12,53,59,60,90,95,99" m="39019" machi="99" ten="30,2000,0" yaku="8,1,52,1" doraHai="88" who="2" fromWho="2" sc="250,-10,250,-5,250,20,250,-5" /><INIT seed="1,0,0,4,4,127" ten="240,245,270,245" oya="1" hai0="18,36,26,34,0,14,112,27,82,106,23,107,55" hai1="122,74,130,83,28,21,8,43,48,78,114,15,77" hai2="96,126,86,19,117,38,105,91,72,89,133,110,66" hai3="61,85,63,64,80,120,45,84,113,98,47,87,42"/><U5/><E114/><V32/><F38/><W53/><G120/><T46/><D112/><U35/><E122/><V76/><F32/><W33/><G33/><T88/><D0/><U125/><E125/><V12/><F126/><W41/><G113/><T56/><D36/><U81/><E35/><V57/><F117/><W60/><G53/><T3/><D3/><U4/><E130/><V71/><F71/><W51/><G98/><T52/><D34/><U29/><E4/><V111/><F133/><W24/><G24/><N who="0" m="9259" /><D107/><U109/><E21/><V132/><F132/><W44/><G80/><T97/><D106/><U50/><E109/><V134/><F134/><W1/><G1/><T123/><D123/><U108/><E108/><V65/><F65/><W68/><REACH who="3" step="1"/><G45/><REACH who="3" ten="240,245,270,235" step="2"/><T54/><D46/><N who="1" m="25695" /><E50/><AGARI ba="0,1" hai="41,42,44,47,50,51,60,61,63,64,68,84,85,87" machi="50" ten="40,2600,0" yaku="1,1,9,1,53,0" doraHai="127" doraHaiUra="16" who="3" fromWho="1" sc="240,0,245,-26,270,0,235,36" /><INIT seed="2,0,0,5,1,12" ten="240,219,270,271" oya="2" hai0="117,23,50,71,66,74,65,76,134,112,104,128,2" hai1="8,89,68,53,120,100,122,85,73,24,124,69,3" hai2="82,58,52,91,14,125,131,75,111,118,115,31,27" hai3="45,51,132,61,22,18,113,97,119,39,56,15,86"/><V35/><F115/><W106/><G119/><T1/><D112/><U127/><E73/><V32/><F118/><W90/><G132/><T36/><D36/><U93/><E100/><V99/><F125/><N who="1" m="48201" /><E53/><V67/><F131/><W70/><G70/><N who="1" m="27242" /><E24/><V48/><F67/><W6/><G39/><T28/><D104/><U63/><E63/><V33/><F111/><W49/><G113/><T43/><D74/><U55/><E55/><V84/><F75/><W123/><G123/><N who="1" m="47146" /><E8/><V92/><REACH who="2" step="1"/><F14/><REACH who="2" ten="240,219,260,271" step="2"/><W21/><G15/><T40/><D66/><U102/><E102/><AGARI ba="0,1" hai="27,31,32,33,35,48,52,58,82,84,91,92,99,102" machi="102" ten="30,12000,1" yaku="1,1,2,1,7,1,54,1,53,1" doraHai="12" doraHaiUra="94" who="2" fromWho="1" sc="240,0,219,-120,260,130,271,0" /><INIT seed="2,1,0,3,0,25" ten="240,99,390,271" oya="2" hai0="135,34,75,12,53,80,133,100,86,66,17,5,76" hai1="112,128,61,74,27,35,39,30,64,93,87,103,29" hai2="45,84,101,31,89,32,125,47,99,20,52,106,10" hai3="8,95,115,51,43,104,69,15,49,18,38,98,21"/><V28/><F125/><W63/><G115/><T59/><D34/><U37/><E112/><V120/><F120/><W73/><G104/><T0/><D66/><U56/><E74/><V94/><F32/><W114/><G73/><T13/><D100/><U130/><E30/><N who="2" m="11307" /><F106/><W11/><G114/><T119/><D119/><U4/><E4/><V36/><F36/><W7/><G8/><T117/><D117/><U44/><E44/><N who="2" m="16971" /><F20/><W77/><G21/><T126/><D126/><U83/><E37/><V3/><F3/><W105/><G69/><T68/><D68/><U57/><E39/><V134/><F134/><W2/><G105/><T41/><D0/><U107/><E107/><V78/><F10/><W67/><G11/><T16/><D5/><U55/><E130/><V9/><F9/><W92/><G7/><T40/><D75/><U88/><E128/><V48/><F78/><W60/><G77/><T85/><D133/><U1/><E1/><V108/><F108/><W6/><G6/><T132/><D132/><U72/><E72/><V121/><F121/><W111/><G111/><T46/><D135/><U82/><REACH who="1" step="1"/><E103/><REACH who="1" ten="240,89,390,271" step="2"/><V24/><F101/><W33/><G38/><T102/><D102/><U81/><E81/><V71/><F71/><W91/><G2/><T127/><D80/><U23/><E23/><V19/><F19/><W14/><G18/><T50/><D17/><U113/><E113/><V109/><F109/><W26/><G33/><T123/><D16/><U131/><E131/><V118/><F118/><W124/><G124/><T116/><D127/><U58/><E58/><RYUUKYOKU ba="1,1" sc="240,-10,89,30,390,-10,271,-10" hai1="27,29,35,55,56,57,61,64,82,83,87,88,93" /><INIT seed="3,2,1,0,4,106" ten="230,119,380,261" oya="3" hai0="72,107,89,16,100,94,118,73,29,44,38,128,132" hai1="18,62,96,67,59,101,115,1,32,37,49,131,109" hai2="102,47,45,127,104,35,42,112,41,52,17,110,25" hai3="134,57,46,88,26,105,76,63,21,92,119,27,61"/><W69/><G119/><T130/><D118/><U66/><E115/><V56/><F112/><W20/><G134/><T133/><D29/><U8/><E37/><V122/><F110/><W68/><G105/><T121/><D121/><U39/><E39/><V58/><F122/><W15/><G76/><T6/><D6/><U36/><E36/><V79/><F79/><W90/><G15/><T85/><D38/><U34/><E109/><V7/><F7/><W123/><G123/><T113/><D44/><U48/><E131/><N who="0" m="50217" /><D16/><U80/><E66/><V108/><F47/><W65/><G46/><T129/><D113/><U43/><E1/><V12/><F58/><W97/><G90/><T81/><D129/><U99/><E43/><V117/><F117/><W103/><G103/><T22/><D22/><U31/><E8/><V93/><F108/><W75/><G75/><N who="0" m="28747" /><D107/><U4/><E4/><V9/><F104/><W19/><REACH who="3" step="1"/><G61/><REACH who="3" ten="230,119,380,251" step="2"/><T98/><AGARI ba="2,2" hai="81,85,89,94,98,100,132,133" m="28747,50217" machi="98" ten="40,12000,2" yaku="19,1,34,2,52,3" doraHai="106" who="0" fromWho="0" sc="230,146,119,-32,380,-32,251,-62" /><INIT seed="4,0,0,0,2,132" ten="376,87,348,189" oya="0" hai0="88,79,77,90,74,116,36,19,1,73,27,50,10" hai1="81,56,47,102,114,38,29,83,133,16,80,26,18" hai2="91,17,109,14,128,75,105,98,48,51,92,41,134" hai3="12,13,66,96,25,124,115,121,4,65,58,85,78"/><T7/><D116/><U123/><E123/><V72/><F134/><W126/><G115/><T52/><D36/><U64/><E133/><V23/><F109/><W107/><G121/><T54/><D74/><U8/><E114/><V53/><F128/><W87/><G25/><T68/><D68/><U130/><E130/><V95/><F105/><W61/><G66/><T129/><D129/><U100/><E38/><V67/><F67/><W20/><G20/><T34/><D54/><U57/><E47/><V93/><F72/><W82/><G87/><T45/><D19/><U22/><E8/><V42/><F75/><W117/><G117/><T32/><D32/><U5/><E5/><V60/><F60/><W70/><G70/><T122/><D122/><U43/><E43/><N who="2" m="16395" /><F51/><W55/><G65/><T135/><D135/><U40/><E40/><V24/><F14/><W46/><G46/><AGARI ba="0,0" hai="17,23,24,46,48,53,91,92,93,95,98" m="16395" machi="46" ten="30,1000,0" yaku="8,1" doraHai="132" who="2" fromWho="3" sc="376,0,87,0,348,10,189,-10" /><INIT seed="5,0,0,3,0,129" ten="376,87,358,179" oya="1" hai0="106,43,60,55,8,119,9,15,61,65,50,29,33" hai1="96,64,97,42,54,41,108,131,4,115,39,116,52" hai2="133,27,110,58,111,98,76,92,118,18,79,90,5" hai3="25,44,12,31,32,62,127,36,14,80,35,26,89"/><U3/><E116/><V70/><F70/><W85/><G127/><T82/><D119/><U53/><E131/><V51/><F118/><W75/><G75/><T74/><D106/><U112/><E64/><V124/><F5/><W67/><G36/><T28/><D43/><N who="1" m="16395" /><E39/><V86/><F124/><W38/><G44/><T59/><D33/><U125/><E125/><V78/><F133/><W34/><G38/><T37/><D37/><U134/><E108/><V95/><F110/><W47/><G47/><T40/><D40/><U10/><E134/><V132/><F111/><W121/><G121/><T102/><D102/><U56/><E56/><V46/><F46/><W23/><REACH who="3" step="1"/><G26/><REACH who="3" ten="376,87,358,169" step="2"/><T49/><D74/><U135/><E135/><V73/><F73/><W20/><G20/><T91/><D9/><U2/><E2/><V11/><F132/><W101/><G101/><T114/><D8/><U57/><E57/><AGARI ba="0,1" hai="12,14,23,25,31,32,34,35,57,62,67,80,85,89" machi="57" ten="40,1300,0" yaku="1,1,53,0" doraHai="129" doraHaiUra="0" who="3" fromWho="1" sc="376,0,87,-13,358,0,169,23" /><INIT seed="6,0,0,5,2,44" ten="376,74,358,192" oya="2" hai0="57,3,51,40,102,108,81,68,90,18,12,124,34" hai1="26,71,37,25,6,75,0,65,54,28,56,8,17" hai2="31,30,72,93,45,87,115,52,95,126,116,130,2" hai3="94,85,86,49,24,131,4,53,9,11,7,22,99"/><V74/><F116/><W105/><G131/><T50/><D3/><U89/><E37/><V35/><F2/><W113/><G105/><T122/><D108/><U59/><E75/><V13/><F130/><W61/><G61/><T78/><D68/><U60/><E89/><V62/><F115/><W96/><G113/><T100/><D34/><U88/><E17/><V39/><F126/><W46/><G11/><T84/><D124/><U5/><E5/><N who="3" m="2122" /><G9/><N who="0" m="6415" /><D122/><U80/><E28/><N who="2" m="10795" /><F13/><W127/><G99/><T118/><D118/><U104/><E104/><V10/><F10/><W33/><G33/><T128/><D128/><U14/><E0/><V76/><F35/><W58/><G127/><T91/><D40/><U69/><E69/><V29/><F29/><N who="3" m="17559" /><G58/><T107/><D107/><U16/><E6/><V66/><F39/><W119/><G119/><T112/><D57/><U1/><E1/><V15/><F15/><W21/><G21/><T117/><D117/><U79/><E71/><V135/><F74/><W55/><G55/><T121/><D121/><U41/><E41/><V123/><F123/><W43/><G53/><T98/><D112/><U92/><E79/><V110/><F110/><W111/><G111/><T23/><D23/><U132/><E132/><V82/><F135/><W133/><G133/><T63/><D63/><N who="1" m="38119" /><E80/><V83/><F66/><W134/><G134/><T64/><D64/><U114/><E114/><V47/><F82/><W103/><AGARI ba="0,0" hai="43,46,49,85,86,94,96,103" m="17559,2122" machi="103" ten="30,2000,0" yaku="8,1,52,1" doraHai="44" who="3" fromWho="3" sc="376,-5,74,-5,358,-10,192,20" /><INIT seed="7,0,0,2,5,45" ten="371,69,348,212" oya="3" hai0="73,106,52,2,119,27,28,94,100,17,111,26,93" hai1="41,6,89,53,42,60,92,31,21,85,9,72,87" hai2="16,134,51,130,47,98,18,118,70,54,123,77,44" hai3="38,76,39,129,8,79,65,125,80,24,132,81,64"/><W66/><G125/><T10/><D111/><U12/><E72/><V67/><F118/><W40/><G40/><T14/><D119/><U112/><E112/><V114/><F114/><W121/><G121/><T113/><D73/><U126/><E126/><V33/><F33/><W82/><G129/><T29/><D113/><U50/><E60/><V7/><F7/><W127/><G127/><T5/><D106/><U104/><E104/><V61/><F130/><W88/><G132/><T91/><D100/><U62/><E62/><V128/><F128/><W49/><G24/><N who="0" m="9259" /><D2/><U3/><E31/><N who="0" m="11849" /><D5/><U84/><E42/><V20/><F77/><W30/><G30/><T4/><D4/><U135/><E41/><V105/><F134/><W15/><G88/><T13/><D13/><U78/><E135/><V59/><F123/><W58/><G39/><T46/><D91/><U101/><E101/><V117/><F117/><W11/><G38/><T0/><D0/><U107/><E107/><V122/><F122/><W34/><G34/><T22/><D22/><U120/><E120/><V131/><F131/><W109/><G109/><T55/><D46/><U25/><E78/><N who="3" m="29738" /><G15/><T63/><D55/><AGARI ba="0,0" hai="8,11,49,55,58,64,65,66,80,81,82" m="29738" machi="55" ten="40,3900,0" yaku="8,1,52,1" doraHai="45" who="3" fromWho="0" sc="371,-39,69,0,348,0,212,39" /><INIT seed="7,1,0,2,1,79" ten="332,69,348,251" oya="3" hai0="126,87,105,86,123,92,66,102,67,60,70,5,16" hai1="89,133,78,135,56,38,4,72,11,19,121,46,12" hai2="13,111,42,127,107,0,116,96,85,91,118,64,6" hai3="49,122,40,54,33,14,55,101,76,69,59,31,53"/><W41/><G122/><T128/><D123/><U28/><E121/><V50/><F111/><W104/><G69/><T25/><D105/><U90/><E135/><V58/><F0/><W99/><G76/><T15/><D128/><U47/><E133/><V2/><F2/><W1/><G1/><T22/><D126/><U32/><E56/><V77/><F127/><W119/><G119/><T45/><D45/><U109/><E109/><V36/><F36/><W95/><G104/><T75/><D75/><U44/><E38/><V43/><F107/><W57/><G33/><T62/><D102/><U82/><E32/><V73/><F96/><W39/><G39/><T131/><D131/><U63/><E28/><V9/><F73/><W68/><G68/><T125/><D125/><U26/><E63/><N who="0" m="24105" /><D70/><U29/><E29/><V20/><F20/><W115/><G115/><T113/><D113/><U71/><E71/><V132/><F77/><W112/><G112/><T117/><D117/><U74/><E74/><V3/><F3/><W108/><G108/><T34/><D34/><U24/><E4/><V27/><F27/><W10/><G31/><N who="0" m="17847" /><D5/><U106/><E106/><V100/><F100/><W61/><REACH who="3" step="1"/><G54/><REACH who="3" ten="332,69,348,241" step="2"/><T52/><D52/><U18/><REACH who="1" step="1"/><E18/><AGARI ba="1,1" hai="10,14,18,40,41,49,53,55,57,59,61,95,99,101" machi="18" ten="30,11600,0" yaku="1,1,2,1,7,1,8,1,53,0" doraHai="79" doraHaiUra="80" who="3" fromWho="1" sc="332,0,69,-119,348,0,241,129" owari="332,-6.8,-50,-55.0,348,14.8,370,47.0" /></mjloggm>