<mjloggm ver="2.3"><GO type="169" lobby="0"/><UN n0="%E3%83%90%E3%83%AA%E3%83%88%E3%83%B3" n1="%E3%81%9F%E3%81%8B%E3%81%AF%E3%81%97%E3%81%83%E3%81%83%E3%81%83" n2="%E3%83%95%E3%82%AF%E3%83%80%E3%83%B3%E3%83%81%E3%83%A7" n3="%4E%55%44%41" dan="17,16,16,17" rate="2230.70,2106.06,2142.41,2203.64" sx="M,M,M,M"/><TAIKYOKU oya="0"/><INIT seed="0,0,0,4,4,123" ten="250,250,250,250" oya="0" hai0="95,2,64,44,46,98,45,14,22,48,23,72,131" hai1="92,43,33,77,65,93,62,61,35,10,133,49,58" hai2="105,132,73,117,15,55,130,32,91,0,39,108,8" hai3="67,63,118,38,59,135,13,30,66,125,29,36,76"/><T7/><D72/><U42/><E133/><V79/><RYUUKYOKU type="yao9" ba="0,0" sc="250,0,250,0,250,0,250,0" hai2="0,8,15,32,39,55,73,79,91,105,108,117,130,132" /><INIT seed="0,1,0,2,5,31" ten="250,250,250,250" oya="0" hai0="61,34,52,134,113,80,6,97,29,131,45,115,37" hai1="104,57,48,112,114,26,38,111,88,121,68,11,110" hai2="122,84,22,74,83,27,125,55,70,67,41,46,103" hai3="2,77,89,116,135,40,56,82,117,35,24,106,13"/><T76/><D134/><U108/><E68/><V107/><F74/><W94/><G2/><T78/><D78/><U19/><E38/><V8/><F122/><W65/><G106/><T42/><D131/><U32/><E104/><V129/><F125/><W3/><G3/><T128/><D128/><U43/><E121/><V102/><F55/><W87/><G135/><T100/><D6/><U53/><E43/><V96/><F103/><W98/><G40/><T109/><D109/><U99/><E11/><V5/><F129/><W47/><G47/><T49/><D61/><U9/><E9/><V132/><F67/><W119/><G13/><T64/><D64/><U23/><REACH who="1" step="1"/><E32/><REACH who="1" ten="250,240,250,250" step="2"/><V58/><F70/><W85/><G35/><T17/><D37/><U16/><E16/><V90/><F132/><W20/><G117/><T44/><D17/><U123/><E123/><V7/><F8/><W75/><G116/><T81/><D34/><U54/><E54/><V71/><F71/><W124/><G119/><T86/><D29/><U36/><E36/><V130/><F130/><W126/><G126/><T51/><REACH who="0" step="1"/><D81/><REACH who="0" ten="240,240,250,250" step="2"/><U118/><E118/><V66/><F66/><W79/><G124/><T4/><D4/><U14/><E14/><V120/><F5/><W93/><G82/><T62/><D62/><U1/><E1/><V69/><F7/><W60/><G65/><T63/><D63/><U72/><E72/><V59/><F120/><W30/><G75/><T15/><D15/><U95/><AGARI ba="1,2" hai="19,23,26,48,53,57,88,95,99,108,110,111,112,114" machi="95" ten="40,8000,1" yaku="1,1,0,1,14,1,54,1,53,0" doraHai="31" doraHaiUra="73" who="1" fromWho="1" sc="240,-41,240,103,250,-21,250,-21" /><INIT seed="1,0,0,1,4,111" ten="199,343,229,229" oya="1" hai0="108,0,121,25,77,10,133,54,112,42,37,2,69" hai1="4,65,90,8,29,123,70,104,106,19,28,38,79" hai2="119,15,50,98,120,20,43,126,93,14,45,63,107" hai3="102,88,26,1,129,59,82,114,131,16,30,13,32"/><U97/><E123/><V135/><F119/><W115/><G1/><T27/><D69/><U62/><E38/><V116/><F116/><W113/><G102/><T49/><D108/><U71/><E71/><V21/><F107/><W72/><G59/><T92/><D133/><U23/><E79/><V51/><F126/><W99/><G99/><T74/><D121/><U103/><E90/><V44/><F63/><W31/><G31/><T6/><D2/><U53/><E104/><V84/><F84/><W48/><G48/><T125/><D125/><U75/><E75/><V85/><F85/><W55/><G55/><T94/><D112/><U64/><E64/><V66/><F66/><W76/><REACH who="3" step="1"/><G88/><REACH who="3" ten="199,343,229,219" step="2"/><T58/><D94/><U73/><E53/><V33/><F50/><W56/><G56/><T47/><REACH who="0" step="1"/><D92/><REACH who="0" ten="189,343,229,219" step="2"/><U22/><E70/><V130/><F93/><W39/><G39/><T122/><D122/><U96/><E97/><V40/><F98/><W35/><G35/><T110/><D110/><U87/><E96/><V109/><F33/><W128/><G128/><T9/><D9/><AGARI ba="0,2" hai="9,13,16,26,30,32,72,76,82,113,114,115,129,131" machi="9" ten="40,8000,1" yaku="1,1,52,3,54,1,53,0" doraHai="111" doraHaiUra="101" who="3" fromWho="0" sc="189,-80,343,0,229,0,219,100" /><INIT seed="2,0,0,4,1,30" ten="109,343,229,319" oya="2" hai0="36,117,83,31,55,23,114,100,44,18,69,50,73" hai1="62,133,96,48,109,1,123,54,74,111,22,121,68" hai2="120,113,4,65,33,103,79,116,134,92,34,86,61" hai3="127,26,53,8,13,97,67,29,59,95,46,102,43"/><V52/><F116/><W14/><G127/><T42/><D114/><U0/><E74/><V27/><F113/><W10/><G67/><T99/><D117/><U110/><E22/><V76/><F120/><N who="1" m="46153" /><E96/><V38/><F38/><W12/><G46/><T130/><D130/><U80/><E80/><V89/><F134/><W108/><G43/><T9/><D69/><U90/><E90/><V93/><F4/><W94/><G94/><T131/><D131/><U107/><E107/><V51/><F27/><W81/><G81/><T58/><D31/><U125/><E125/><V21/><F21/><W7/><G10/><T25/><D9/><U135/><E0/><V28/><F28/><W32/><REACH who="3" step="1"/><G108/><REACH who="3" ten="109,343,229,309" step="2"/><T41/><D41/><U98/><E98/><V106/><F93/><W63/><AGARI ba="0,1" hai="7,8,12,13,14,26,29,32,53,59,63,95,97,102" machi="63" ten="20,8000,1" yaku="1,1,2,1,0,1,7,1,52,1,53,0" doraHai="30" doraHaiUra="17" who="3" fromWho="3" sc="109,-20,343,-20,229,-40,309,90" /><INIT seed="3,0,0,2,2,129" ten="89,323,189,399" oya="3" hai0="115,89,101,57,2,43,13,21,111,70,124,33,95" hai1="65,110,1,81,120,6,38,32,76,119,106,15,16" hai2="34,19,44,47,83,118,25,0,12,132,24,79,94" hai3="59,36,104,56,122,117,86,100,11,46,69,50,52"/><W93/><G117/><T134/><D70/><U31/><E120/><V51/><F0/><W3/><G122/><T130/><D33/><U103/><E38/><V45/><F132/><W72/><G72/><T22/><D2/><U26/><E110/><V10/><F118/><W66/><G104/><T127/><D111/><U87/><E119/><V98/><F34/><W35/><G35/><T8/><D130/><U77/><E65/><V7/><F19/><W61/><G36/><T48/><D101/><U23/><E103/><V74/><REACH who="2" step="1"/><F51/><REACH who="2" ten="89,323,179,399" step="2"/><W109/><G109/><T97/><D134/><U92/><E1/><V78/><F78/><W99/><G3/><T14/><D115/><U116/><E76/><V30/><F30/><W96/><G11/><T88/><D8/><U39/><E116/><V58/><F58/><W5/><G5/><T27/><D57/><U64/><E6/><V28/><F28/><W102/><REACH who="3" step="1"/><G86/><REACH who="3" ten="89,323,179,389" step="2"/><T53/><D22/><U84/><E23/><V29/><F29/><W42/><G42/><T125/><D43/><U80/><E31/><V37/><F37/><W131/><G131/><T18/><D127/><U71/><E84/><V73/><F73/><W40/><G40/><T112/><D125/><U20/><E87/><V60/><F60/><W133/><G133/><T63/><D124/><U82/><E20/><V121/><F121/><W85/><G85/><N who="0" m="52623" /><D63/><U54/><E39/><V126/><F126/><W62/><G62/><T90/><D112/><U105/><E32/><V113/><F113/><W68/><G68/><T41/><D41/><U135/><E71/><RYUUKYOKU ba="0,2" sc="89,-15,323,-15,179,15,389,15" hai2="7,10,12,24,25,44,45,47,74,79,83,94,98" hai3="46,50,52,56,59,61,66,69,93,96,99,100,102" /><INIT seed="3,1,2,4,4,88" ten="74,308,194,404" oya="3" hai0="70,73,38,130,28,66,112,83,125,105,14,37,85" hai1="87,29,92,24,3,50,46,57,39,90,63,52,106" hai2="100,126,0,74,117,51,89,109,107,13,35,40,10" hai3="103,133,36,18,128,41,127,48,120,131,116,56,30"/><W71/><G116/><T78/><D130/><N who="3" m="49705" /><G120/><T108/><D108/><U93/><E106/><V5/><F35/><W17/><G127/><T1/><D125/><U113/><E3/><V115/><F74/><W65/><G133/><T124/><D124/><U86/><E113/><V32/><F32/><W27/><G71/><T68/><D112/><U33/><E39/><V135/><F135/><W31/><G103/><T22/><D1/><U94/><REACH who="1" step="1"/><E86/><REACH who="1" ten="74,298,194,404" step="2"/><V16/><F0/><W67/><G36/><T62/><D105/><U96/><E96/><V134/><F107/><W42/><G42/><AGARI ba="1,3" hai="24,29,33,42,46,50,52,57,63,87,90,92,93,94" machi="42" ten="30,12000,2" yaku="1,1,7,1,52,3,54,1,53,1" doraHai="88" doraHaiUra="82" who="1" fromWho="3" sc="74,0,298,153,194,0,404,-123" /><INIT seed="4,0,0,0,3,92" ten="74,451,194,281" oya="0" hai0="34,121,13,17,45,126,19,56,32,85,115,50,66" hai1="98,51,84,128,8,129,89,15,127,73,38,87,43" hai2="86,53,52,14,0,27,24,134,88,46,25,74,91" hai3="135,130,116,4,68,79,62,102,113,118,78,117,48"/><T67/><D121/><U93/><E73/><V77/><F0/><W47/><G113/><T96/><D115/><U90/><E38/><V29/><F29/><W81/><G130/><N who="1" m="50282" /><E89/><N who="2" m="34379" /><F74/><W6/><G135/><T35/><D85/><U12/><E12/><V131/><F134/><W108/><G108/><T106/><D126/><U16/><E127/><V125/><F125/><W28/><G28/><T59/><D67/><U41/><E51/><N who="2" m="28791" /><F53/><W99/><G62/><T95/><D106/><U120/><E120/><V55/><F55/><W58/><G58/><T37/><D37/><U132/><E132/><V18/><F131/><W101/><G68/><T33/><N who="0" m="8192" /><DORA hai="60" /><T122/><D122/><U69/><E69/><V2/><F2/><W119/><G119/><T26/><D66/><U123/><E123/><V97/><F97/><W105/><G102/><T44/><D44/><U23/><E43/><V11/><F77/><W110/><G110/><T57/><D26/><N who="1" m="14695" /><E41/><V21/><F86/><W3/><G3/><T63/><D63/><U71/><E71/><V20/><AGARI ba="0,0" hai="11,14,18,20,21,24,25,27" m="28791,34379" machi="20" ten="30,4000,0" yaku="8,1,54,2" doraHai="92,60" who="2" fromWho="2" sc="74,-20,451,-10,194,40,281,-10" /><INIT seed="5,0,0,1,5,19" ten="54,441,234,271" oya="1" hai0="95,98,114,9,23,108,86,118,6,69,17,34,85" hai1="113,97,2,28,71,58,133,16,131,74,24,18,56" hai2="125,36,78,4,61,134,105,76,38,7,93,44,68" hai3="80,92,128,81,25,22,57,53,77,60,115,100,79"/><U88/><E71/><V132/><F105/><W26/><G115/><T32/><D69/><U31/><E74/><V15/><F93/><W121/><G128/><T39/><D39/><N who="2" m="14890" /><F44/><W83/><G121/><T67/><D67/><U33/><E2/><V54/><F54/><W103/><G26/><T124/><D108/><U0/><E0/><V64/><F15/><W11/><G11/><T99/><D118/><U5/><E5/><N who="2" m="2123" /><F125/><W40/><G40/><T29/><D124/><U107/><E113/><V75/><F75/><W41/><G41/><T12/><D99/><U120/><E120/><V3/><F3/><W112/><G112/><T90/><D114/><U101/><E131/><V102/><F102/><N who="3" m="38955" /><G92/><T30/><D32/><U117/><E117/><V27/><F27/><W116/><G116/><T65/><D65/><U55/><E24/><V110/><F110/><W91/><G91/><T87/><REACH who="0" step="1"/><D34/><REACH who="0" ten="44,441,234,271" step="2"/><U66/><E33/><V37/><F37/><W96/><G96/><T49/><D49/><U70/><E97/><V45/><F68/><W73/><G73/><T84/><N who="0" m="21504" /><DORA hai="82" /><T14/><AGARI ba="0,1" hai="6,9,12,14,17,23,29,30,90,95,98" m="21504" machi="14" ten="40,16000,3" yaku="1,1,4,1,0,1,8,1,52,5,53,0" doraHai="19,82" doraHaiUra="47,135" who="0" fromWho="0" sc="44,170,441,-80,234,-40,271,-40" /><INIT seed="6,0,0,5,3,77" ten="214,361,194,231" oya="2" hai0="116,9,35,24,99,86,84,104,92,67,127,115,32" hai1="10,18,123,132,12,130,48,0,120,21,47,66,31" hai2="126,38,22,83,118,26,71,19,108,51,39,27,87" hai3="90,33,43,49,103,70,106,121,80,20,4,85,129"/><V46/><F118/><W6/><G33/><T95/><D116/><U50/><E130/><V5/><F71/><W131/><G121/><N who="1" m="46666" /><E132/><V112/><F112/><W73/><G70/><T94/><D115/><U34/><E66/><V74/><F108/><W57/><G73/><T97/><D67/><U59/><E59/><V14/><F74/><W81/><G20/><T13/><D127/><U88/><E88/><V134/><F134/><W54/><G43/><T15/><D104/><U117/><E117/><V125/><F38/><W42/><G42/><T62/><D62/><U100/><E100/><V40/><F39/><W45/><G57/><T110/><D110/><U58/><E58/><V133/><F133/><W1/><G81/><T82/><D24/><N who="1" m="18791" /><E47/><V52/><F40/><W98/><G1/><T102/><D94/><U101/><E101/><V68/><F68/><W96/><G96/><T7/><D86/><U78/><E78/><N who="2" m="46583" /><F5/><AGARI ba="0,0" hai="0,5,10,12,18,21,48,50" m="18791,46666" machi="5" ten="30,2000,0" yaku="24,1,13,1" doraHai="77" who="1" fromWho="2" sc="214,0,361,20,194,-20,231,0" /><INIT seed="7,0,0,2,2,28" ten="214,381,174,231" oya="3" hai0="17,120,59,39,50,31,41,66,94,104,80,91,121" hai1="37,18,7,67,69,53,129,57,84,118,113,95,19" hai2="60,130,5,111,90,8,64,44,56,114,20,4,127" hai3="30,10,107,72,47,109,93,86,27,26,132,131,65"/><W1/><G107/><T29/><D104/><U92/><E37/><V22/><F111/><W74/><G109/><T70/><D70/><U9/><E113/><V11/><F114/><W36/><G65/><T58/><D39/><U21/><E129/><V0/><F127/><W71/><G71/><T15/><D80/><U112/><E118/><V89/><F130/><W83/><G93/><T78/><D78/><U85/><E85/><V128/><F44/><W99/><G99/><T16/><D17/><U63/><E84/><V79/><F79/><W134/><G26/><T115/><D115/><U48/><E19/><V101/><F101/><W43/><G10/><N who="0" m="6263" /><D121/><U133/><E133/><N who="3" m="51306" /><G1/><T106/><D106/><U135/><E112/><V42/><F128/><W32/><G131/><T54/><D41/><U34/><E135/><V123/><F42/><W25/><G27/><T12/><D12/><U68/><E68/><V40/><F40/><W49/><G36/><T73/><D73/><U103/><E67/><V24/><F123/><W124/><G124/><T96/><D120/><U116/><E69/><V46/><F46/><W6/><G6/><T122/><D122/><U76/><E7/><V3/><REACH who="2" step="1"/><F22/><REACH who="2" ten="214,381,164,231" step="2"/><W87/><G43/><T33/><D33/><U51/><E34/><V13/><F13/><W52/><G32/><T97/><D96/><U75/><E21/><V110/><F110/><W119/><G47/><T108/><D108/><U55/><E76/><V81/><F81/><W45/><G83/><T77/><D77/><U2/><E75/><N who="3" m="28714" /><G119/><T88/><D91/><U102/><E116/><RYUUKYOKU ba="0,1" sc="214,10,381,-30,164,10,231,10" hai0="29,31,50,54,58,59,66,88,94,97" hai2="0,3,4,5,8,11,20,24,56,60,64,89,90" hai3="25,30,45,49,52,86,87" /><INIT seed="7,1,1,3,5,90" ten="224,351,174,241" oya="3" hai0="133,32,77,126,30,15,98,8,72,41,120,100,135" hai1="34,130,67,132,104,24,69,114,38,49,119,43,134" hai2="124,82,73,51,115,102,40,21,71,22,127,99,0" hai3="80,58,128,26,31,96,54,27,29,62,17,47,59"/><W108/><G128/><T87/><D120/><U83/><E114/><V61/><F0/><W5/><G108/><T65/><D126/><N who="2" m="48170" /><F115/><W129/><G129/><T76/><D72/><U48/><E48/><V12/><F73/><W60/><G5/><T3/><D3/><U109/><E43/><V86/><F71/><W88/><G47/><T6/><D65/><U101/><E24/><N who="3" m="9258" /><G17/><T113/><D113/><U33/><E83/><V56/><F40/><W79/><G79/><T57/><D30/><N who="3" m="11273" /><G80/><T4/><D32/><U110/><E34/><V10/><F51/><N who="3" m="31071" /><G59/><T123/><D123/><U64/><E33/><V116/><F116/><W75/><G75/><T11/><D57/><U42/><E119/><V117/><F117/><W20/><G20/><T25/><D25/><U91/><E130/><V66/><F12/><W95/><AGARI ba="1,1" hai="60,62,88,95,96" m="31071,11273,9258" machi="95" ten="30,6000,0" yaku="8,1,52,1,54,1" doraHai="90" who="3" fromWho="3" sc="224,-21,351,-21,174,-21,241,73" /><INIT seed="7,2,0,5,0,97" ten="203,330,153,314" oya="3" hai0="16,66,22,47,93,7,58,127,113,115,129,121,103" hai1="102,91,36,56,28,105,82,131,110,8,96,54,12" hai2="31,76,57,112,33,46,87,55,14,32,13,60,132" hai3="17,75,9,6,1,3,133,39,41,37,81,106,30"/><W34/><G133/><T38/><D121/><U67/><E110/><V124/><F112/><N who="0" m="43082" /><D7/><U63/><E36/><V114/><F124/><W122/><G122/><T118/><D127/><U74/><E131/><V80/><F132/><W83/><G106/><T26/><D129/><U49/><E28/><V53/><F114/><W68/><G68/><T70/><D70/><U43/><E43/><V4/><F32/><W99/><G1/><T79/><D79/><U2/><E2/><V94/><F31/><W51/><G99/><N who="0" m="59887" /><D118/><U73/><E91/><V21/><F33/><W119/><G119/><T128/><D128/><U48/><E82/><V126/><F126/><W85/><G81/><T116/><D116/><U23/><E73/><V27/><F4/><W111/><G75/><T59/><D66/><U101/><E74/><V135/><F135/><W5/><G5/><T125/><D125/><U19/><E101/><V108/><F108/><W64/><G64/><T0/><D0/><U89/><E89/><V123/><F123/><W65/><G65/><T24/><D26/><U42/><E67/><V71/><F71/><W117/><G117/><T78/><D78/><U134/><E134/><V29/><REACH who="2" step="1"/><F94/><REACH who="2" ten="203,330,143,314" step="2"/><W40/><G111/><T104/><D104/><U44/><E105/><V77/><F77/><W10/><G34/><T109/><D109/><U95/><E95/><V72/><F72/><W35/><G35/><T100/><D100/><U25/><E102/><V62/><F62/><W15/><G30/><T92/><D92/><U88/><E63/><V11/><F11/><W20/><G10/><RYUUKYOKU ba="2,1" sc="203,15,330,-15,143,15,314,-15" hai0="16,22,24,38,47,58,59" hai2="13,14,21,27,29,46,53,55,57,60,76,80,87" owari="218,-18.2,325,42.5,158,-34.2,299,9.9" /></mjloggm>