<mjloggm ver="2.3"><GO type="169" lobby="0"/><UN n0="%E5%8C%97%E5%A4%A9%E7%A5%9E%E3%81%AE%E7%94%9F%E8%8F%9C" n1="%E5%9B%BD%E7%8E%8B" n2="%E3%81%B3%E3%82%8A%E3%81%B3%E3%82%8A%E2%98%86%E3%83%93%E3%83%AA%E3%83%BC" n3="%E3%83%91%E3%82%A1%E3%82%AF" dan="16,17,16,18" rate="2109.51,2176.06,2140.06,2238.05" sx="F,M,M,M"/><TAIKYOKU oya="0"/><INIT seed="0,0,0,5,4,42" ten="250,250,250,250" oya="0" hai0="30,66,24,36,21,34,80,15,63,68,101,4,92" hai1="22,108,62,23,64,40,10,106,113,5,78,104,91" hai2="57,94,98,43,117,107,79,124,60,55,3,103,109" hai3="51,73,1,39,100,46,112,125,65,74,45,38,131"/><T89/><D36/><U14/><E108/><V0/><F109/><W52/><G1/><T17/><D101/><U105/><E78/><V93/><F124/><W123/><G112/><T18/><D18/><U31/><E113/><V58/><F117/><W75/><G125/><T82/><REACH who="0" step="1"/><D4/><REACH who="0" ten="240,250,250,250" step="2"/><U126/><E126/><V59/><F103/><W71/><G123/><T37/><D37/><U76/><E31/><V26/><F107/><W29/><G131/><T121/><D121/><U110/><E110/><V61/><F26/><W54/><G29/><T77/><D77/><U86/><E76/><V49/><F79/><W90/><G100/><T111/><D111/><U114/><E114/><V50/><F3/><W102/><G102/><T53/><D53/><U116/><E116/><V7/><F7/><W95/><G65/><T13/><D13/><U70/><REACH who="1" step="1"/><E40/><REACH who="1" ten="240,240,250,250" step="2"/><V96/><F43/><W8/><G74/><T81/><D81/><AGARI ba="0,2" hai="5,10,14,22,23,62,64,70,81,86,91,104,105,106" machi="81" ten="40,2600,0" yaku="1,1,2,1,53,0" doraHai="42" doraHaiUra="120" who="1" fromWho="0" sc="240,-26,240,46,250,0,250,0" /><INIT seed="1,0,0,5,3,29" ten="214,286,250,250" oya="1" hai0="26,34,43,84,71,114,35,39,68,90,66,103,124" hai1="9,72,135,96,44,24,89,79,33,101,131,6,97" hai2="99,20,17,83,75,42,109,125,108,22,8,115,31" hai3="40,128,69,93,58,81,67,27,116,122,59,19,100"/><U98/><E131/><V49/><F125/><W46/><G122/><T132/><D114/><U60/><E135/><V88/><F115/><W36/><G128/><T119/><D119/><U16/><E60/><V3/><F75/><W106/><G116/><T28/><D132/><U62/><E62/><V112/><F112/><W7/><G7/><T133/><D133/><U37/><E89/><V14/><F3/><W74/><G69/><T21/><D124/><U4/><E101/><V85/><F31/><W105/><G67/><T110/><D110/><N who="2" m="42602" /><F99/><W10/><G93/><T129/><D129/><U107/><E107/><V91/><F91/><W15/><G27/><T117/><D103/><U126/><E126/><V123/><F123/><W111/><G111/><T121/><D121/><U2/><E4/><V61/><F61/><W50/><G100/><T56/><D56/><U53/><E79/><V23/><F23/><W63/><G36/><T70/><D66/><U1/><E72/><V54/><F42/><W77/><REACH who="3" step="1"/><G59/><AGARI ba="0,0" hai="8,14,17,20,22,49,54,59,83,85,88" m="42602" machi="59" ten="30,2000,0" yaku="14,1,54,1" doraHai="29" who="2" fromWho="3" sc="214,0,286,0,250,20,250,-20" /><INIT seed="2,0,0,2,0,0" ten="214,286,270,230" oya="2" hai0="68,113,75,76,122,77,104,34,65,70,135,38,59" hai1="83,42,62,71,48,30,31,130,108,13,133,100,85" hai2="27,17,35,119,114,46,102,5,94,89,43,74,39" hai3="4,86,22,90,97,105,12,18,44,41,120,106,51"/><V57/><F114/><W11/><G120/><T15/><D122/><U103/><E108/><V127/><F119/><W107/><G97/><T67/><D104/><U82/><E130/><V56/><F74/><W109/><G109/><T8/><D34/><U66/><E133/><V96/><F127/><W20/><REACH who="3" step="1"/><G18/><REACH who="3" ten="214,286,270,220" step="2"/><T72/><D113/><U37/><E103/><V125/><F125/><W101/><G101/><T29/><D135/><U129/><E100/><V47/><F102/><W111/><G111/><T3/><D72/><U16/><E16/><V112/><F112/><W124/><G124/><T28/><D75/><U54/><E129/><V81/><F17/><W132/><G132/><T36/><D29/><U116/><E31/><V40/><F27/><W23/><G23/><T95/><D28/><U55/><E30/><V6/><F35/><W80/><AGARI ba="0,1" hai="4,11,12,20,22,41,44,51,80,86,90,105,106,107" machi="80" ten="30,4000,0" yaku="1,1,0,1,52,1,53,0" doraHai="0" doraHaiUra="121" who="3" fromWho="3" sc="214,-10,286,-10,270,-20,220,50" /><INIT seed="3,0,0,4,5,61" ten="204,276,250,270" oya="3" hai0="78,44,101,17,7,99,37,4,0,92,82,55,119" hai1="6,94,118,134,10,86,135,87,64,128,23,89,132" hai2="31,49,14,122,45,60,57,79,8,22,3,63,107" hai3="74,15,70,113,50,48,19,81,20,25,108,68,90"/><W130/><G113/><T58/><D119/><U98/><E128/><V26/><F107/><W76/><G130/><T36/><D0/><U39/><E39/><V125/><F125/><W42/><G108/><T1/><D1/><U116/><E23/><V109/><F109/><W84/><G42/><T106/><D106/><U12/><E64/><V85/><F3/><W41/><G50/><T16/><D36/><U111/><E111/><V103/><F103/><W40/><G40/><T38/><D38/><U43/><E43/><N who="2" m="24767" /><F57/><W127/><G127/><T110/><D44/><U120/><E120/><V104/><F104/><W5/><G48/><T93/><D93/><U97/><REACH who="1" step="1"/><E87/><REACH who="1" ten="204,266,250,270" step="2"/><V114/><F122/><W66/><G66/><T126/><D37/><U102/><E102/><V35/><F35/><W53/><G41/><T105/><D110/><U77/><E77/><V52/><F114/><W73/><G53/><T96/><D126/><U18/><E18/><N who="2" m="8519" /><F52/><W2/><G74/><N who="0" m="43351" /><D17/><U112/><E112/><V69/><F69/><W95/><REACH who="3" step="1"/><G25/><REACH who="3" ten="204,266,250,260" step="2"/><T100/><D55/><U32/><E32/><V29/><F29/><W47/><G47/><T9/><D58/><U65/><E65/><V131/><F131/><W27/><G27/><T123/><D123/><U21/><E21/><V54/><F54/><W72/><G72/><T83/><D9/><AGARI ba="0,2" hai="2,5,9,15,19,20,68,70,73,76,81,84,90,95" machi="9" ten="40,2000,0" yaku="1,1,53,0" doraHai="61" doraHaiUra="28" who="3" fromWho="0" sc="204,-20,266,0,250,0,260,40" /><INIT seed="3,1,0,4,1,60" ten="184,266,250,300" oya="3" hai0="88,81,32,27,122,11,35,115,91,5,82,19,124" hai1="102,39,96,94,125,87,118,65,4,85,134,126,78" hai2="69,83,98,127,49,50,112,123,16,22,17,46,55" hai3="80,7,66,133,54,0,29,131,120,99,121,15,107"/><W72/><G131/><T103/><D122/><U108/><E39/><V64/><F112/><W128/><G128/><T33/><D124/><N who="1" m="47723" /><E4/><V129/><F129/><W40/><G133/><T89/><D115/><U3/><E3/><V116/><F116/><W43/><G15/><T51/><D103/><U41/><E41/><V74/><F127/><W30/><G54/><T104/><D104/><U10/><E10/><V63/><F123/><W101/><G43/><T113/><D113/><U135/><E65/><V109/><F109/><W23/><G40/><T132/><D132/><N who="1" m="50731" /><E108/><V73/><F98/><W67/><G7/><T90/><N who="0" m="22528" /><DORA hai="68" /><T44/><D19/><U34/><E34/><V57/><F83/><W79/><G0/><T75/><D75/><U42/><E42/><V105/><F105/><W26/><REACH who="3" step="1"/><G30/><REACH who="3" ten="184,266,250,290" step="2"/><T53/><REACH who="0" step="1"/><D27/><REACH who="0" ten="174,266,250,290" step="2"/><U117/><E78/><V13/><F17/><W31/><G31/><T97/><D97/><U36/><E36/><V110/><F110/><W28/><G28/><T37/><D37/><U1/><E1/><AGARI ba="1,2" hai="1,5,11,32,33,35,44,51,53,81,82" m="22528" machi="1" ten="60,3900,0" yaku="1,1,54,1,53,0" doraHai="60,68" doraHaiUra="92,21" who="0" fromWho="1" sc="174,62,266,-42,250,0,290,0" /><INIT seed="4,0,0,2,3,48" ten="236,224,250,290" oya="0" hai0="132,1,20,72,104,10,41,97,83,110,75,60,67" hai1="17,105,65,26,114,92,109,94,130,89,133,32,118" hai2="27,30,84,112,121,11,61,129,126,120,4,113,99" hai3="58,54,23,56,49,51,91,45,101,123,35,116,127"/><T93/><D132/><U69/><E118/><V18/><F61/><W96/><G35/><T102/><D41/><U103/><E109/><V106/><F84/><W78/><G116/><T40/><D40/><U44/><E130/><V124/><F99/><W21/><G127/><N who="2" m="48681" /><F18/><W80/><G91/><T6/><D110/><U50/><E114/><N who="2" m="44139" /><F106/><W100/><G58/><T13/><D104/><U36/><E105/><V29/><F129/><W135/><G135/><T79/><D72/><U66/><E103/><N who="3" m="39498" /><G96/><T81/><D81/><U52/><E133/><V128/><F128/><W86/><G123/><N who="2" m="47177" /><F27/><W122/><G122/><T134/><D134/><U43/><E92/><V108/><F108/><W33/><G33/><T0/><D20/><U107/><E107/><V82/><F82/><W22/><G22/><T59/><AGARI ba="0,0" hai="0,1,6,10,13,59,60,67,75,79,83,93,97,102" machi="59" ten="20,2100,0" yaku="0,1,7,1" doraHai="48" who="0" fromWho="0" sc="236,21,224,-7,250,-7,290,-7" /><INIT seed="4,1,0,2,4,119" ten="257,217,243,283" oya="0" hai0="46,9,92,94,59,128,15,58,126,19,118,106,101" hai1="77,65,55,127,76,89,82,38,69,93,96,5,85" hai2="34,79,117,64,12,11,87,102,52,78,103,97,17" hai3="1,116,18,3,28,20,6,48,4,113,60,88,49"/><T114/><D118/><U133/><E133/><V132/><F117/><W33/><G116/><T90/><D114/><U47/><E127/><V70/><F132/><W99/><G113/><T37/><D37/><U14/><E69/><V68/><F34/><W135/><G135/><T63/><D126/><U61/><E5/><V66/><F87/><W7/><G60/><T122/><D128/><U95/><E14/><V0/><F0/><N who="3" m="75" /><G88/><T112/><D112/><U2/><E2/><V71/><F103/><W57/><G57/><T35/><D35/><U98/><E38/><V73/><F52/><W22/><G99/><T50/><D59/><N who="1" m="37055" /><E47/><V8/><F8/><W25/><G49/><T134/><D134/><U51/><E96/><V30/><F30/><W115/><G48/><T26/><D50/><U53/><E95/><V21/><F11/><W75/><G75/><T109/><D92/><U107/><E107/><V110/><F73/><W29/><G115/><T39/><D46/><N who="1" m="27895" /><E55/><V120/><F66/><W13/><G29/><T56/><D39/><U10/><E10/><AGARI ba="1,0" hai="4,6,7,10,13,18,20,22,25,28,33" m="75" machi="10" ten="30,8000,1" yaku="35,5" doraHai="119" who="3" fromWho="1" sc="257,0,217,-83,243,0,283,83" /><INIT seed="5,0,0,0,3,10" ten="257,134,243,366" oya="1" hai0="71,20,67,81,123,41,28,132,19,113,110,62,1" hai1="33,103,42,58,40,84,116,112,63,45,37,68,119" hai2="94,35,12,127,120,98,77,5,3,102,25,125,117" hai3="129,32,52,65,29,75,76,79,133,73,134,99,2"/><U26/><E112/><V0/><F117/><W53/><G2/><T44/><D110/><U22/><E33/><V59/><F120/><W105/><G65/><T36/><D123/><U124/><E124/><N who="2" m="47691" /><F77/><N who="3" m="29771" /><G29/><T55/><D113/><U7/><E68/><V56/><F25/><W104/><G99/><T24/><D132/><N who="3" m="50793" /><G32/><T86/><D1/><N who="2" m="586" /><F35/><W8/><G8/><AGARI ba="0,0" hai="5,8,12,56,59,94,98,102" m="586,47691" machi="8" ten="30,2000,0" yaku="18,1,52,1" doraHai="10" who="2" fromWho="3" sc="257,0,134,0,243,20,366,-20" /><INIT seed="6,0,0,4,1,81" ten="257,134,263,346" oya="2" hai0="16,116,31,7,14,48,3,42,79,55,104,91,105" hai1="21,33,60,62,69,0,76,45,28,22,113,122,57" hai2="12,68,54,11,129,47,94,125,73,51,89,75,40" hai3="27,20,61,114,29,82,90,19,103,1,53,26,8"/><V120/><F120/><W37/><G37/><T115/><D115/><U131/><E0/><V70/><F129/><W93/><G114/><T108/><D108/><U99/><E113/><V65/><F125/><W13/><G103/><T101/><D116/><U95/><E131/><V135/><F135/><W18/><G82/><T128/><D128/><U110/><E110/><V36/><F70/><W98/><G1/><T39/><D79/><U72/><E122/><V56/><F65/><W10/><G10/><T87/><D101/><U97/><E69/><V106/><F106/><W64/><G53/><T111/><D31/><U6/><E6/><V17/><REACH who="2" step="1"/><F68/><REACH who="2" ten="257,134,253,346" step="2"/><W35/><G64/><T66/><D66/><U5/><E57/><V107/><F107/><W84/><REACH who="3" step="1"/><G61/><REACH who="3" ten="257,134,253,336" step="2"/><T119/><D111/><U9/><E60/><V46/><F46/><W59/><G59/><T132/><D132/><U123/><E62/><V83/><F83/><W88/><G88/><T43/><D91/><U127/><E45/><V85/><AGARI ba="0,2" hai="11,12,17,36,40,47,51,54,56,73,75,85,89,94" machi="85" ten="20,12000,1" yaku="1,1,0,1,7,1,52,1,53,1" doraHai="81" doraHaiUra="80" who="2" fromWho="2" sc="257,-40,134,-40,253,140,336,-40" /><INIT seed="6,1,0,2,2,35" ten="217,94,393,296" oya="2" hai0="104,24,127,52,6,53,77,25,36,18,117,69,56" hai1="87,5,128,27,10,106,12,15,84,11,26,98,34" hai2="20,8,51,119,123,130,14,39,112,58,81,47,63" hai3="114,103,17,21,28,75,13,83,115,49,23,122,94"/><V72/><F119/><W54/><G122/><T43/><D104/><U99/><E128/><V46/><F123/><W111/><G111/><T116/><D69/><U3/><E34/><V93/><F112/><N who="3" m="43051" /><G94/><T132/><D127/><U85/><E106/><V129/><F93/><W73/><G83/><T57/><D77/><U66/><E66/><V97/><F81/><W90/><G90/><T95/><D95/><U50/><E50/><V55/><F97/><W133/><G103/><T125/><D125/><U67/><E67/><V0/><F39/><W121/><G133/><T30/><D132/><U100/><E100/><V126/><F126/><W88/><G88/><T61/><D18/><U41/><E41/><V107/><F107/><W9/><G121/><T68/><D68/><U32/><E32/><V82/><F82/><W4/><G28/><T131/><D131/><U64/><E64/><V113/><F113/><W135/><G135/><T118/><D30/><U70/><E70/><V48/><F130/><W92/><G92/><T22/><D36/><U89/><E89/><V124/><F124/><W62/><G62/><T120/><D120/><U91/><E91/><V65/><F63/><W37/><G37/><T60/><D43/><U2/><E85/><V110/><F110/><W16/><G17/><T101/><D101/><U105/><E105/><V29/><F29/><W102/><G102/><T134/><D134/><U76/><REACH who="1" step="1"/><E5/><REACH who="1" ten="217,84,393,296" step="2"/><V80/><F129/><W7/><G7/><T108/><D6/><U109/><E109/><V38/><F38/><W42/><G4/><T45/><D108/><RYUUKYOKU ba="1,1" sc="217,-10,84,30,393,-10,296,-10" hai1="2,3,10,11,12,15,26,27,76,84,87,98,99" /><INIT seed="7,2,1,4,5,102" ten="207,114,383,286" oya="3" hai0="26,69,32,31,14,84,109,56,37,22,21,125,36" hai1="100,6,135,33,107,108,116,55,111,93,64,29,124" hai2="51,85,72,54,19,87,18,86,13,82,132,123,60" hai3="134,122,35,89,77,95,121,106,1,42,92,39,43"/><W62/><G1/><T9/><D109/><U45/><E93/><V27/><F132/><W67/><G35/><T16/><D69/><U76/><E76/><V65/><F72/><W98/><G134/><T12/><D125/><U94/><E135/><V0/><F0/><W101/><G77/><T103/><D103/><U66/><E94/><V114/><F114/><W57/><G95/><T131/><D131/><U59/><E45/><V38/><F38/><W3/><G3/><T90/><D56/><U46/><E6/><V70/><F85/><W119/><G119/><T127/><D127/><U68/><E46/><V128/><F87/><W79/><G79/><T81/><REACH who="0" step="1"/><D32/><REACH who="0" ten="197,114,383,286" step="2"/><U24/><E124/><V58/><F70/><W4/><G4/><AGARI ba="2,2" hai="4,9,12,14,16,21,22,26,31,36,37,81,84,90" machi="4" ten="30,7700,0" yaku="1,1,2,1,7,1,54,1,53,0" doraHai="102" doraHaiUra="30" who="0" fromWho="3" sc="197,103,114,0,383,0,286,-83" owari="300,10.0,114,-38.6,383,48.3,203,-19.7" /></mjloggm>