<mjloggm ver="2.3"><GO type="169" lobby="0"/><UN n0="%E3%81%98%E3%82%83%E3%81%99%E3%81%BF%E3%82%93" n1="%6B%75%73%73%79" n2="%73%6F%61%6F" n3="%43%68%65" dan="16,17,16,16" rate="2051.86,2167.14,2141.40,2079.50" sx="M,M,M,M"/><TAIKYOKU oya="0"/><INIT seed="0,0,0,4,2,29" ten="250,250,250,250" oya="0" hai0="66,44,119,49,91,92,22,122,60,25,124,35,97" hai1="50,43,100,130,1,123,13,38,78,115,93,71,114" hai2="88,33,23,40,109,64,132,61,86,57,41,42,58" hai3="9,26,106,84,125,17,2,94,46,80,7,108,126"/><T76/><D119/><U5/><E123/><V131/><F109/><W59/><G106/><T103/><D124/><U101/><E1/><V51/><F132/><W70/><G70/><T54/><D122/><U34/><E38/><V104/><F104/><W24/><G108/><T56/><D76/><U21/><E71/><V83/><F131/><W6/><G6/><T48/><D48/><U87/><E130/><V133/><F133/><W111/><G111/><T118/><D118/><U75/><E75/><V12/><F33/><W39/><G94/><T63/><D63/><U47/><E34/><V53/><F12/><W11/><G59/><T10/><D10/><N who="1" m="4303" /><E21/><AGARI ba="0,0" hai="21,23,40,41,42,51,53,57,58,61,64,83,86,88" machi="21" ten="40,2600,0" yaku="8,1,54,1" doraHai="29" who="2" fromWho="1" sc="250,0,250,-26,250,26,250,0" /><INIT seed="1,0,0,0,1,94" ten="250,224,276,250" oya="1" hai0="6,2,126,92,49,55,4,84,27,117,103,132,102" hai1="20,41,52,9,3,134,107,45,95,13,1,7,35" hai2="42,30,72,32,14,61,65,104,105,130,29,56,31" hai3="75,98,71,23,60,48,21,69,124,8,116,44,16"/><U73/><E107/><V114/><F72/><W10/><G75/><T133/><D117/><U122/><E122/><V96/><F130/><W58/><G124/><T123/><D123/><U86/><E35/><V67/><F32/><W88/><G71/><T81/><D27/><U93/><E73/><V66/><F42/><W129/><G69/><T120/><D126/><U106/><E106/><V68/><F114/><W43/><G23/><T37/><D37/><U91/><E134/><N who="0" m="51817" /><D2/><U15/><E93/><V110/><F110/><W83/><G129/><T54/><D54/><U33/><E33/><V18/><F68/><W63/><G63/><T80/><D80/><U70/><E70/><V113/><F113/><W135/><G116/><T64/><D64/><U90/><E90/><V0/><F0/><W111/><G111/><T53/><D53/><U59/><E1/><V62/><F62/><W11/><G135/><T115/><D92/><U78/><E78/><V76/><F76/><W79/><G79/><N who="0" m="46143" /><D115/><U127/><E127/><V26/><F26/><N who="3" m="14631" /><G83/><T100/><D120/><U38/><REACH who="1" step="1"/><E20/><REACH who="1" ten="250,214,276,250" step="2"/><N who="2" m="11351" /><F105/><W57/><G60/><AGARI ba="0,1" hai="3,7,9,13,15,38,41,45,52,59,60,86,91,95" machi="60" ten="30,11600,0" yaku="1,1,7,1,54,1,53,1" doraHai="94" doraHaiUra="89" who="1" fromWho="3" sc="250,0,214,126,276,0,250,-116" /><INIT seed="1,1,0,5,5,107" ten="250,340,276,134" oya="1" hai0="102,47,68,29,1,78,100,36,24,46,61,27,11" hai1="83,110,60,22,95,115,113,41,64,129,6,31,134" hai2="131,108,66,19,53,50,81,9,111,44,132,69,128" hai3="62,20,119,23,77,25,125,74,96,51,67,105,99"/><U109/><E83/><V5/><F19/><W34/><G125/><T57/><D68/><U28/><E95/><V63/><F81/><W122/><G122/><T49/><D36/><U79/><E79/><V130/><REACH who="2" step="1"/><F132/><REACH who="2" ten="250,340,266,134" step="2"/><W120/><G74/><T89/><D29/><U33/><E134/><V72/><F72/><W117/><G117/><T126/><D126/><U39/><E28/><V43/><F43/><W14/><G77/><T48/><D78/><U58/><E31/><V65/><F65/><W84/><G67/><T37/><D100/><U52/><E6/><V35/><F35/><W114/><G34/><T112/><D102/><U2/><E33/><V16/><F16/><W106/><G119/><T76/><D76/><U121/><E22/><V54/><F54/><W21/><G21/><T0/><D89/><U127/><E127/><V15/><AGARI ba="1,1" hai="5,9,15,44,50,53,63,66,69,108,111,128,130,131" machi="15" ten="40,5200,0" yaku="1,1,0,1,19,1,53,0" doraHai="107" doraHaiUra="116" who="2" fromWho="2" sc="250,-14,340,-27,266,65,134,-14" /><INIT seed="2,0,0,1,4,76" ten="236,313,331,120" oya="2" hai0="50,131,73,25,103,107,10,43,130,15,3,83,84" hai1="90,21,114,59,54,41,75,40,45,47,104,42,109" hai2="32,29,18,108,51,123,13,17,91,44,81,1,121" hai3="96,66,124,135,102,52,74,33,55,14,22,134,116"/><V85/><F1/><W70/><G33/><T95/><D3/><U119/><E75/><V79/><F17/><N who="3" m="10551" /><G116/><T92/><D25/><U0/><E0/><V49/><F108/><W23/><G74/><T125/><D125/><U86/><E104/><V82/><F29/><W133/><G124/><T63/><D63/><U98/><E114/><V28/><F28/><W20/><G66/><T69/><D69/><U117/><E109/><V100/><F100/><W24/><G70/><T38/><D38/><U62/><E98/><V120/><F44/><W8/><G8/><T80/><D50/><U115/><E115/><V11/><REACH who="2" step="1"/><F32/><REACH who="2" ten="236,313,321,120" step="2"/><W57/><G24/><T12/><D103/><U60/><E117/><V97/><F97/><W36/><G36/><T106/><D130/><U68/><E119/><V65/><F65/><W61/><G55/><T58/><D131/><U88/><E54/><V48/><F48/><W56/><G56/><T53/><D53/><U4/><E68/><V30/><F30/><W71/><G71/><T6/><D58/><U39/><E59/><V101/><F101/><W64/><G64/><T26/><D43/><U112/><E112/><V37/><F37/><W127/><G127/><T89/><D26/><U78/><E39/><V113/><F113/><W31/><G31/><T111/><D111/><U9/><E45/><V46/><F46/><W72/><G96/><T99/><D99/><U129/><E47/><V118/><F118/><W126/><G126/><T110/><D110/><U128/><E41/><V122/><N who="2" m="30720" /><DORA hai="132" /><V7/><F7/><W105/><G72/><AGARI ba="0,1" hai="11,13,18,49,51,72,79,81,82,85,91" m="30720" machi="72" ten="70,12000,1" yaku="1,1,6,1,52,2,53,1" doraHai="76,132" doraHaiUra="16,87" who="2" fromWho="3" sc="236,0,313,0,321,130,120,-120" /><INIT seed="2,1,0,5,2,110" ten="236,313,451,0" oya="2" hai0="21,90,133,33,99,26,49,51,39,94,123,4,104" hai1="103,116,97,80,120,111,88,68,98,65,128,91,132" hai2="129,18,38,70,55,3,54,35,17,108,23,102,77" hai3="112,27,12,131,37,63,135,73,122,42,130,127,10"/><V114/><F114/><W40/><G122/><T11/><D123/><U117/><E68/><V16/><F35/><W50/><G37/><T48/><D39/><U44/><E65/><V22/><F3/><W36/><G36/><T9/><D133/><U95/><E120/><V31/><F38/><W13/><G73/><T15/><D104/><U79/><E44/><V30/><F70/><W96/><G135/><T14/><D33/><U89/><E132/><V60/><F129/><N who="3" m="49163" /><G127/><T92/><D94/><U58/><E58/><V43/><F43/><N who="3" m="16427" /><G50/><T47/><D49/><U107/><E128/><V134/><F134/><W119/><G119/><N who="1" m="45642" /><E111/><V20/><F108/><W6/><G63/><T86/><D99/><U78/><E78/><V24/><F77/><W75/><G75/><AGARI ba="1,0" hai="75,79,80,88,89,91,95,97,98,103,107" m="45642" machi="75" ten="30,3900,0" yaku="34,2,54,1" doraHai="110" who="1" fromWho="3" sc="236,0,313,42,451,0,0,-42" owari="236,-16.4,355,15.5,451,55.1,-42,-54.2" /></mjloggm>