<mjloggm ver="2.3"><GO type="169" lobby="0"/><UN n0="%6B%72%62" n1="%E3%82%BF%E3%83%BC%E3%83%90%E3%83%B3%E9%87%8E%E5%8F%A3" n2="%E7%B4%AB%E3%81%AE%E9%8F%A1" n3="%E7%99%BE%E9%87%8E%E3%81%95%E3%82%93" dan="16,17,18,17" rate="2201.07,2172.77,2191.83,2187.89" sx="F,M,M,M"/><TAIKYOKU oya="0"/><INIT seed="0,0,0,5,4,5" ten="250,250,250,250" oya="0" hai0="59,49,32,33,9,50,104,68,55,86,114,112,11" hai1="69,117,45,82,85,22,98,67,92,99,64,17,89" hai2="10,34,131,105,77,81,135,109,66,61,4,38,130" hai3="14,100,29,12,75,83,47,41,44,48,19,72,30"/><T20/><D68/><U16/><E117/><V120/><F120/><W79/><G100/><T35/><D104/><U58/><E69/><V36/><F34/><W122/><G122/><T18/><D86/><U63/><E45/><V74/><F105/><W73/><G73/><T3/><D49/><U127/><E127/><V46/><F109/><W97/><G97/><T40/><D40/><U94/><E67/><V113/><F113/><W53/><G75/><T132/><D132/><U43/><E43/><V84/><F84/><W123/><G123/><T103/><D103/><U110/><E110/><V96/><F96/><W57/><G44/><T95/><D95/><N who="1" m="36395" /><E17/><V54/><F54/><W1/><G1/><T70/><D70/><U87/><E87/><V118/><F118/><W7/><G7/><T126/><D126/><U15/><AGARI ba="0,0" hai="15,16,22,58,63,64,82,85,89,98,99" m="36395" machi="15" ten="30,2000,0" yaku="8,1,54,1" doraHai="5" who="1" fromWho="1" sc="250,-10,250,20,250,-5,250,-5" /><INIT seed="1,0,0,4,5,44" ten="240,270,245,245" oya="1" hai0="119,47,108,41,68,79,83,101,40,80,2,26,25" hai1="54,109,90,102,21,23,123,13,129,12,29,133,39" hai2="82,58,7,61,52,36,135,124,64,111,1,120,134" hai3="6,103,62,18,11,96,75,50,71,14,55,51,37"/><U84/><E123/><V97/><F97/><W132/><G37/><T69/><D2/><U46/><E133/><N who="2" m="50699" /><F82/><W92/><G75/><T74/><D119/><U30/><E129/><V24/><F24/><W81/><G81/><T10/><D108/><U100/><E39/><V78/><F78/><W45/><G132/><T86/><D101/><U91/><E46/><V116/><F7/><W127/><G127/><T5/><D40/><U66/><E66/><V59/><F1/><W35/><G35/><T15/><D26/><U28/><E54/><V130/><F130/><W53/><G71/><T115/><D115/><U77/><E77/><V49/><F116/><W48/><G6/><T95/><D95/><U60/><E60/><V94/><F94/><W110/><G110/><T65/><D65/><U22/><E109/><V42/><F111/><W89/><G103/><N who="1" m="39466" /><E84/><V126/><F120/><W117/><G117/><T128/><D25/><U118/><E118/><V106/><F106/><W19/><G19/><T20/><D20/><U72/><E72/><V88/><F88/><AGARI ba="0,0" hai="12,13,21,22,23,28,29,30,88,90,91" m="39466" machi="88" ten="40,12000,1" yaku="28,2,8,1,54,1" doraHai="44" who="1" fromWho="2" sc="240,0,270,120,245,-120,245,0" /><INIT seed="1,1,0,3,5,23" ten="240,390,125,245" oya="1" hai0="133,7,127,116,66,42,62,41,126,68,54,36,109" hai1="96,38,69,98,118,117,60,124,63,34,135,83,75" hai2="14,37,5,88,102,45,100,22,92,110,86,81,97" hai3="87,122,40,99,52,19,6,58,77,80,104,70,26"/><U71/><E34/><V25/><F110/><W114/><G70/><T13/><D7/><U103/><E38/><V12/><F5/><W111/><G111/><T128/><D13/><U108/><E108/><V131/><F131/><W78/><G122/><T113/><D109/><U43/><E43/><V3/><F3/><W57/><G114/><T56/><D113/><U73/><E83/><V53/><F102/><W24/><G6/><T61/><D128/><U30/><E30/><V16/><F37/><W119/><G119/><T8/><D116/><U123/><E103/><V17/><F17/><W59/><G104/><T32/><D32/><U130/><E130/><V27/><F12/><W125/><G125/><N who="0" m="47627" /><D8/><U105/><E124/><V95/><F95/><W29/><G99/><T47/><D41/><U106/><REACH who="1" step="1"/><E135/><AGARI ba="1,0" hai="36,42,47,54,56,61,62,66,68,133,135" m="47627" machi="135" ten="30,3900,0" yaku="18,1,34,2" doraHai="23" who="0" fromWho="1" sc="240,42,390,-42,125,0,245,0" /><INIT seed="2,0,0,3,5,107" ten="282,348,125,245" oya="2" hai0="41,60,83,73,53,123,33,66,99,48,0,26,6" hai1="47,86,8,82,23,20,105,118,32,43,36,37,13" hai2="102,74,89,109,1,101,58,29,117,125,14,22,28" hai3="35,24,78,39,135,68,131,116,15,55,21,97,16"/><V59/><F117/><W7/><G116/><T50/><D123/><U121/><E32/><V54/><F1/><W49/><G131/><T112/><D112/><U40/><E118/><V67/><F125/><W5/><G135/><T127/><D127/><U92/><E105/><V51/><F74/><W80/><G39/><T110/><D110/><U122/><E92/><V120/><F120/><N who="1" m="46185" /><E40/><V64/><F109/><W3/><G68/><T63/><D6/><N who="1" m="3223" /><E36/><V79/><F79/><AGARI ba="0,0" hai="20,23,37,43,47,79,82,86" m="3223,46185" machi="79" ten="30,1000,0" yaku="13,1" doraHai="107" who="1" fromWho="2" sc="282,0,348,10,125,-10,245,0" /><INIT seed="3,0,0,1,1,119" ten="282,358,115,245" oya="3" hai0="16,34,90,89,11,24,99,88,63,108,52,38,116" hai1="128,100,50,110,91,73,30,61,97,14,45,54,95" hai2="36,117,112,3,19,93,78,9,118,1,126,68,10" hai3="53,58,76,31,66,0,67,41,75,25,125,18,102"/><W129/><G0/><T132/><D116/><U4/><E110/><V77/><F93/><W83/><G129/><T26/><D38/><U134/><E128/><V21/><F36/><W101/><G125/><T82/><D108/><U60/><E73/><V72/><F72/><W124/><G124/><T94/><D132/><U115/><E115/><V15/><F68/><W17/><G41/><T64/><D64/><U12/><E134/><V86/><F86/><W5/><G5/><T98/><D34/><U107/><E30/><V28/><F126/><W70/><G70/><T39/><D39/><U130/><E130/><V59/><F59/><W42/><G42/><T22/><D11/><N who="2" m="4106" /><F78/><W81/><G81/><T47/><D26/><U57/><E4/><V71/><F77/><W96/><G66/><T135/><D135/><U105/><E105/><V51/><F51/><W20/><G67/><T46/><D82/><U80/><E80/><V27/><F71/><W131/><G131/><T48/><D99/><U37/><E37/><V111/><F111/><W133/><G133/><T79/><D79/><U6/><E6/><V120/><F112/><W29/><G29/><T2/><D2/><N who="2" m="522" /><F120/><W8/><G102/><N who="0" m="60759" /><D63/><U32/><E61/><V74/><F74/><W103/><G103/><T35/><D35/><AGARI ba="0,0" hai="15,19,21,27,28,35,117,118" m="522,4106" machi="35" ten="30,2000,0" yaku="34,2" doraHai="119" who="2" fromWho="0" sc="282,-20,358,0,115,20,245,0" /><INIT seed="4,0,0,1,0,50" ten="262,358,135,245" oya="0" hai0="16,125,23,79,131,49,133,94,4,63,1,22,25" hai1="71,130,80,134,54,9,84,89,62,96,53,110,73" hai2="58,44,17,18,92,42,93,47,116,101,95,114,34" hai3="98,13,67,46,100,90,74,11,102,112,109,48,15"/><T113/><D113/><U135/><E110/><V26/><F114/><W5/><G109/><T38/><D38/><U83/><E130/><V21/><F116/><W52/><G112/><T14/><D131/><U32/><E32/><V105/><F34/><W119/><G74/><T91/><D133/><N who="1" m="50699" /><E96/><V72/><F72/><W61/><G119/><T69/><D125/><U43/><E43/><V111/><F111/><W28/><G28/><T19/><D79/><N who="1" m="44143" /><E9/><V97/><F42/><W122/><G122/><T88/><D1/><U104/><E104/><V128/><F128/><W10/><G90/><T57/><D4/><U27/><E27/><V87/><F87/><W55/><G98/><N who="0" m="57671" /><D69/><U106/><E106/><V41/><F41/><W75/><G75/><T59/><D91/><U77/><E77/><V107/><F107/><W45/><G67/><AGARI ba="0,0" hai="53,54,62,67,71,83,84,89" m="44143,50699" machi="67" ten="30,3900,0" yaku="20,1,52,2" doraHai="50" who="1" fromWho="3" sc="262,0,358,39,135,0,245,-39" /><INIT seed="5,0,0,2,1,58" ten="262,397,135,206" oya="1" hai0="49,113,51,108,102,109,48,89,120,112,84,95,99" hai1="13,34,100,53,41,126,116,24,23,12,17,86,110" hai2="91,79,133,31,44,127,54,40,55,46,38,88,6" hai3="33,56,20,119,59,128,125,134,52,22,87,132,50"/><U97/><E116/><V111/><F111/><W29/><G119/><T27/><D120/><U57/><E110/><V1/><F133/><N who="3" m="51307" /><G33/><T106/><REACH who="0" step="1"/><D27/><REACH who="0" ten="252,397,135,206" step="2"/><U66/><E24/><V45/><F127/><W61/><G125/><T63/><D63/><U67/><E126/><V26/><F79/><W98/><G29/><T28/><D28/><U32/><E32/><V85/><F38/><W10/><G128/><T76/><D76/><U19/><E34/><V81/><F40/><W131/><G131/><T122/><D122/><U72/><E41/><V135/><F135/><W90/><G10/><T36/><D36/><U82/><E17/><V78/><F6/><W130/><G130/><T75/><D75/><U35/><E19/><V65/><F31/><W104/><G20/><T83/><D83/><U25/><E23/><V93/><F26/><W114/><G22/><T43/><D43/><U8/><E25/><V60/><F1/><W64/><G114/><AGARI ba="0,1" hai="48,49,51,84,89,95,99,102,106,108,109,112,113,114" machi="114" ten="40,8000,1" yaku="1,1,15,1,53,3" doraHai="58" doraHaiUra="47" who="0" fromWho="3" sc="252,90,397,0,135,0,206,-80" /><INIT seed="6,0,0,5,5,123" ten="342,397,135,126" oya="2" hai0="102,18,71,5,91,6,116,48,119,101,93,49,30" hai1="92,104,64,17,20,126,105,135,107,124,13,52,44" hai2="112,73,43,36,98,45,72,38,2,60,96,55,39" hai3="25,97,8,23,40,26,66,84,85,99,114,79,118"/><V54/><F2/><W132/><G118/><N who="0" m="45099" /><D71/><U61/><E135/><V122/><F122/><W1/><G132/><T68/><D68/><N who="1" m="41999" /><E92/><V100/><F112/><W121/><G114/><T109/><D30/><U46/><E52/><V51/><F96/><W90/><G121/><T50/><D18/><U15/><E15/><V75/><REACH who="2" step="1"/><F60/><REACH who="2" ten="342,397,125,126" step="2"/><W69/><G99/><N who="0" m="57791" /><D109/><U125/><AGARI ba="0,1" hai="13,17,20,44,46,104,105,107,124,125,126" m="41999" machi="125" ten="40,1500,0" yaku="18,1" doraHai="123" who="1" fromWho="1" sc="342,-4,397,25,125,-7,126,-4" /><INIT seed="7,0,0,5,4,128" ten="338,422,118,122" oya="3" hai0="53,71,11,3,0,45,32,38,21,93,125,20,65" hai1="9,92,59,30,72,47,88,117,18,26,75,123,78" hai2="35,124,22,83,39,102,29,100,115,122,60,19,34" hai3="6,36,10,40,52,118,91,99,131,108,114,119,15"/><W14/><G114/><T130/><D130/><U43/><E123/><V89/><F39/><W110/><G131/><T42/><D32/><U96/><E78/><V24/><F115/><W31/><G31/><T28/><D125/><U120/><E120/><V1/><F1/><W66/><G66/><T103/><D11/><U56/><E117/><V85/><F122/><W116/><G36/><T25/><D21/><U4/><E18/><V13/><F124/><W17/><G40/><T127/><D127/><U2/><E75/><V84/><F34/><W134/><G134/><T79/><D79/><U94/><E94/><V76/><F60/><W104/><G52/><T27/><D27/><U37/><E72/><V62/><F62/><W106/><G91/><T80/><D80/><AGARI ba="0,0" hai="13,19,22,24,29,35,76,80,83,84,85,89,100,102" machi="80" ten="30,1000,0" yaku="7,1" doraHai="128" who="2" fromWho="0" sc="338,-10,422,0,118,10,122,0" owari="328,12.8,422,52.2,128,-27.2,122,-37.8" /></mjloggm>