<mjloggm ver="2.3"><GO type="169" lobby="0"/><UN n0="%E8%82%89%E5%9B%A3%E5%AD%90%E5%85%88%E7%94%9F" n1="%E3%81%AA%E3%81%AA%E3%81%BF%EF%BC%A0%E5%8F%B2%E7%9A%AE%E8%BB%8D%E5%9B%A3" n2="%E9%95%B7%E5%B2%A1" n3="%6B%6F%61%6C%61" dan="16,17,16,16" rate="2082.00,2156.71,2135.16,2023.54" sx="M,M,M,M"/><TAIKYOKU oya="0"/><INIT seed="0,0,0,2,0,80" ten="250,250,250,250" oya="0" hai0="25,7,66,110,21,76,56,31,36,100,129,89,102" hai1="83,48,135,127,116,24,57,67,53,134,95,75,119" hai2="105,86,93,122,5,42,10,43,29,71,12,125,62" hai3="107,114,18,111,35,91,121,132,124,55,20,98,108"/><T130/><D36/><U0/><E0/><V19/><F122/><W87/><G114/><T63/><D76/><U131/><E131/><V74/><F125/><W60/><G35/><T27/><D7/><U2/><E2/><V54/><F74/><W120/><G124/><T99/><D110/><N who="3" m="42025" /><G60/><T69/><D69/><U117/><E127/><V92/><F105/><W26/><G55/><T39/><D39/><U84/><E67/><V61/><F29/><W23/><G132/><N who="1" m="50730" /><E24/><V13/><F93/><N who="3" m="54527" /><G20/><T128/><REACH who="0" step="1"/><D27/><REACH who="0" ten="240,250,250,250" step="2"/><U77/><E117/><V38/><F38/><W1/><G1/><T73/><D73/><U52/><E116/><V68/><F68/><W78/><G78/><T70/><D70/><U22/><E119/><V15/><F71/><W109/><G109/><T90/><D90/><N who="1" m="53703" /><E75/><V3/><F3/><W16/><G120/><T126/><D126/><U81/><E77/><V104/><F13/><W9/><G121/><T72/><D72/><U40/><E40/><V113/><F42/><W30/><G9/><T51/><D51/><N who="1" m="30879" /><E22/><N who="2" m="11623" /><F43/><W32/><G23/><T6/><D6/><U97/><E97/><V37/><F37/><W64/><G64/><T85/><D85/><U46/><AGARI ba="0,1" hai="46,48,53,81,83" m="30879,53703,50730" machi="46" ten="30,4000,0" yaku="20,1,52,1,54,1" doraHai="80" who="1" fromWho="1" sc="240,-20,250,50,250,-10,250,-10" /><INIT seed="1,0,0,0,0,29" ten="220,300,240,240" oya="1" hai0="105,39,104,72,99,88,7,135,41,33,30,63,47" hai1="94,121,85,98,4,62,126,129,25,17,5,21,24" hai2="55,52,127,96,12,51,65,78,20,27,1,125,14" hai3="19,81,59,79,32,124,76,131,74,9,92,42,0"/><U26/><E121/><V117/><F1/><W56/><G131/><T89/><D135/><U97/><E129/><V73/><F117/><W130/><G130/><T108/><D108/><U58/><E126/><N who="2" m="48139" /><F65/><W2/><G124/><T77/><D7/><U87/><E97/><V46/><F73/><W112/><G42/><T60/><D60/><U8/><E87/><V16/><F78/><W91/><G79/><T90/><D99/><U44/><E85/><V111/><F111/><W80/><G80/><T18/><D18/><U71/><E71/><V38/><F38/><W119/><G119/><T115/><D63/><U106/><E44/><V75/><F75/><W22/><G0/><T133/><D115/><U64/><E106/><V83/><F83/><W28/><G112/><T37/><D37/><U132/><E132/><V31/><F96/><W102/><G102/><T68/><D68/><U95/><E95/><V34/><F14/><N who="3" m="9591" /><G92/><T36/><D36/><U50/><E8/><V67/><F67/><W118/><G118/><T40/><D40/><AGARI ba="0,0" hai="12,16,20,27,31,34,40,46,51,52,55" m="48139" machi="40" ten="30,7700,0" yaku="18,1,52,1,54,2" doraHai="29" who="2" fromWho="0" sc="220,-77,300,0,240,77,240,0" /><INIT seed="2,0,0,0,4,91" ten="143,300,317,240" oya="2" hai0="46,11,26,21,49,57,0,121,109,111,110,13,81" hai1="67,44,38,101,35,118,53,42,134,10,107,14,119" hai2="41,59,103,16,86,8,54,127,7,75,135,80,92" hai3="129,112,18,30,4,3,113,87,43,68,83,73,98"/><V27/><F127/><W63/><G73/><T114/><D121/><U64/><E35/><V5/><F135/><W52/><G43/><T24/><D114/><N who="3" m="44137" /><G129/><T69/><D69/><U22/><E134/><V76/><F41/><W23/><G30/><T133/><D133/><U2/><E2/><V128/><F128/><W95/><G68/><T125/><D125/><U45/><E22/><N who="2" m="13767" /><F75/><W102/><G4/><N who="2" m="1609" /><F8/><W124/><G3/><T93/><D0/><U37/><E10/><V90/><F103/><W79/><G124/><T28/><D26/><U36/><E42/><V71/><F71/><W58/><G18/><N who="0" m="8511" /><D81/><U47/><E14/><V78/><F80/><W88/><G23/><T17/><D17/><U84/><E37/><V34/><F34/><W108/><G108/><N who="0" m="27651" /><T40/><DORA hai="61" /><D57/><U77/><E36/><V31/><F31/><W62/><G62/><AGARI ba="0,0" hai="54,59,62,76,78,86,90,92" m="1609,13767" machi="62" ten="30,5800,0" yaku="8,1,52,1,54,1" doraHai="91,61" who="2" fromWho="3" sc="143,0,300,0,317,58,240,-58" /><INIT seed="2,1,0,5,0,93" ten="143,300,375,182" oya="2" hai0="98,33,11,110,74,27,96,56,46,121,114,100,14" hai1="41,9,13,61,37,83,134,2,120,127,36,68,88" hai2="65,129,4,12,94,72,104,82,34,113,90,63,77" hai3="78,47,89,49,43,69,131,18,101,111,135,80,70"/><V109/><F113/><W1/><G111/><T84/><D114/><U17/><E127/><V81/><F34/><W115/><G115/><T38/><D121/><U32/><E134/><V106/><F129/><W57/><G131/><T76/><D74/><U58/><E120/><V91/><F109/><W52/><G1/><T64/><D110/><U128/><E128/><V71/><F82/><W133/><G101/><T126/><D126/><U92/><E32/><V97/><REACH who="2" step="1"/><F91/><REACH who="2" ten="143,300,365,182" step="2"/><W3/><G89/><T86/><D76/><U53/><E83/><V75/><F75/><W112/><G112/><T25/><D100/><U22/><E68/><V119/><F119/><W124/><G124/><T95/><D33/><U44/><E2/><V42/><F42/><W130/><G3/><T24/><D95/><U108/><E108/><V107/><F107/><W102/><G130/><T35/><D35/><U123/><E123/><V54/><F54/><W118/><G102/><T55/><D38/><U5/><E36/><V50/><F50/><W122/><G118/><T0/><D64/><U29/><E37/><V59/><F59/><W125/><G125/><T62/><D46/><U8/><E41/><V30/><F30/><W20/><G122/><T28/><D28/><U10/><E44/><V87/><F87/><N who="0" m="33322" /><D0/><U6/><REACH who="1" step="1"/><E29/><REACH who="1" ten="143,290,365,182" step="2"/><V45/><F45/><W60/><G135/><T73/><D73/><U66/><E66/><V7/><F7/><AGARI ba="1,2" hai="7,11,14,24,25,27,55,56,62,96,98" m="33322" machi="7" ten="30,3900,0" yaku="8,1,52,2" doraHai="93" who="0" fromWho="2" sc="143,62,290,0,365,-42,182,0" /><INIT seed="3,0,0,0,5,54" ten="205,290,323,182" oya="3" hai0="6,75,5,41,111,78,119,24,91,112,70,4,52" hai1="3,35,47,60,50,85,95,63,29,79,97,107,133" hai2="30,28,96,93,83,82,51,23,45,46,16,81,88" hai3="73,40,114,59,48,7,56,128,71,135,2,37,49"/><W84/><G73/><T129/><D119/><U62/><E3/><V22/><F22/><W17/><G114/><T89/><D111/><U127/><E127/><V94/><F93/><W13/><G71/><T26/><D70/><U115/><E115/><V72/><F72/><W109/><G109/><T55/><D112/><U68/><E133/><V86/><F96/><W102/><G135/><T132/><D41/><U42/><E107/><V15/><REACH who="2" step="1"/><F46/><REACH who="2" ten="205,290,313,182" step="2"/><N who="3" m="25671" /><G128/><T131/><D132/><U76/><E85/><V9/><F9/><N who="3" m="4287" /><G37/><T39/><D39/><U110/><E110/><V10/><F10/><W69/><G102/><T121/><D75/><U38/><E38/><V33/><F33/><W87/><G87/><T105/><D131/><U130/><E130/><V53/><AGARI ba="0,1" hai="15,16,23,28,30,45,51,53,81,82,83,86,88,94" machi="53" ten="30,8000,1" yaku="1,1,0,1,8,1,54,2,53,0" doraHai="54" doraHaiUra="1" who="2" fromWho="2" sc="205,-20,290,-20,313,90,182,-40" /><INIT seed="4,0,0,2,4,63" ten="185,270,403,142" oya="0" hai0="79,14,113,81,134,123,5,52,101,110,56,96,53" hai1="104,125,66,37,54,45,124,127,108,12,120,13,1" hai2="6,80,32,91,131,68,115,114,99,135,9,65,28" hai3="41,111,47,19,39,55,20,61,18,85,97,49,11"/><T23/><D113/><N who="2" m="43018" /><F131/><W59/><G111/><T98/><D123/><U100/><E108/><V84/><F135/><W50/><G85/><T117/><D117/><U16/><E120/><V88/><F28/><W26/><G11/><T87/><D134/><U86/><E1/><N who="2" m="207" /><F32/><W92/><REACH who="3" step="1"/><G18/><REACH who="3" ten="185,270,403,132" step="2"/><T121/><D121/><U118/><E16/><V76/><F99/><N who="0" m="37930" /><D110/><U57/><E86/><V82/><F80/><W74/><G74/><T75/><D75/><U93/><E124/><V46/><F84/><W4/><G4/><T27/><D101/><AGARI ba="0,1" hai="19,20,26,39,41,47,49,50,55,59,61,92,97,101" machi="101" ten="30,2000,0" yaku="1,1,7,1,53,0" doraHai="63" doraHaiUra="0" who="3" fromWho="0" sc="185,-20,270,0,403,0,132,30" /><INIT seed="5,0,0,0,3,120" ten="165,270,403,162" oya="1" hai0="74,79,78,81,84,102,28,32,1,10,113,44,17" hai1="46,129,98,57,117,31,112,128,6,66,86,38,82" hai2="114,106,116,18,101,61,133,121,68,63,30,59,85" hai3="0,122,7,14,62,104,109,70,26,100,37,9,126"/><U43/><E117/><V39/><F116/><W92/><G122/><T67/><D113/><U51/><E112/><V118/><F39/><W89/><G126/><T25/><D102/><U24/><E6/><V21/><F118/><W64/><G37/><T73/><D67/><U22/><E98/><V13/><F121/><W135/><G135/><T95/><D95/><U96/><E96/><V40/><F114/><W93/><G104/><T29/><D29/><U105/><E105/><V97/><F133/><W4/><G100/><T91/><D79/><U130/><E66/><V111/><F40/><W123/><G123/><T19/><D19/><U71/><E71/><V50/><F30/><W55/><G93/><T132/><D132/><U27/><E27/><V99/><F97/><W16/><G26/><T127/><D127/><U76/><E57/><V54/><F68/><W3/><G55/><T45/><D78/><U110/><REACH who="1" step="1"/><E38/><REACH who="1" ten="165,260,403,162" step="2"/><V90/><F111/><AGARI ba="0,1" hai="22,24,31,43,46,51,76,82,86,110,111,128,129,130" machi="111" ten="50,18000,2" yaku="1,1,2,1,19,1,52,2,53,1" doraHai="120" doraHaiUra="41" who="1" fromWho="2" sc="165,0,260,190,403,-180,162,0" /><INIT seed="5,1,0,1,4,4" ten="165,450,223,162" oya="1" hai0="32,77,124,27,115,126,87,113,89,121,94,9,58" hai1="71,135,120,50,6,23,44,22,10,54,8,17,132" hai2="11,69,18,42,92,12,104,112,38,116,108,19,61" hai3="118,91,28,43,134,57,41,5,3,63,96,74,86"/><U67/><E120/><V100/><F116/><W21/><G118/><T97/><D32/><U7/><E71/><V119/><F119/><W122/><G122/><T95/><D27/><U98/><E67/><V26/><F108/><W109/><G109/><T117/><D58/><U52/><E98/><V70/><F104/><W20/><G74/><T51/><D51/><U64/><E64/><V84/><F112/><N who="0" m="43082" /><D117/><U78/><E78/><V80/><F61/><W83/><G134/><N who="1" m="51242" /><E54/><V31/><F19/><W16/><G3/><T127/><D9/><N who="1" m="3691" /><E23/><V53/><F53/><W81/><G21/><T37/><D37/><U101/><E101/><V105/><F38/><W75/><G75/><T125/><D125/><U49/><E49/><V90/><F105/><W99/><G99/><T47/><D121/><U40/><E40/><V30/><F42/><W66/><G96/><T59/><D59/><U123/><E123/><V35/><F100/><W34/><G41/><T1/><D1/><U14/><AGARI ba="1,0" hai="6,7,14,17,22,44,50,52" m="3691,51242" machi="14" ten="30,12000,1" yaku="20,1,52,3,54,1" doraHai="4" who="1" fromWho="1" sc="165,-41,450,123,223,-41,162,-41" /><INIT seed="5,2,0,3,5,17" ten="124,573,182,121" oya="1" hai0="39,92,43,42,128,84,134,88,16,109,69,86,55" hai1="118,99,87,30,89,2,107,61,124,4,34,76,48" hai2="103,6,37,36,90,51,72,9,10,59,117,58,74" hai3="97,127,21,130,129,20,40,70,5,44,32,56,35"/><U14/><E118/><V106/><F117/><W54/><G70/><T122/><D109/><U66/><E124/><V132/><F132/><W23/><G5/><T75/><D134/><U50/><E2/><V114/><F114/><W79/><G79/><T98/><D69/><U33/><E76/><V3/><F90/><W7/><G7/><T67/><D67/><U15/><E99/><V126/><F126/><W94/><G127/><T38/><D75/><U0/><E107/><V13/><F74/><W27/><G27/><T93/><D128/><N who="3" m="49257" /><G54/><T11/><D122/><U68/><E0/><V108/><F72/><W19/><G19/><T65/><D65/><U133/><E133/><V29/><F29/><W116/><G56/><T77/><D38/><U102/><E102/><V82/><F59/><W49/><G116/><T31/><D31/><U25/><E33/><V63/><F108/><W104/><G104/><T95/><D39/><U105/><E105/><V18/><F51/><W101/><AGARI ba="2,0" hai="20,21,23,32,35,40,44,49,94,97,101" m="49257" machi="101" ten="30,7900,0" yaku="19,1,52,3" doraHai="17" who="3" fromWho="3" sc="124,-22,573,-41,182,-22,121,85" /><INIT seed="6,0,0,4,1,78" ten="102,532,160,206" oya="2" hai0="128,44,39,68,62,76,42,16,12,3,84,10,133" hai1="123,109,32,54,72,105,73,40,6,33,13,27,71" hai2="20,17,63,29,124,130,129,92,0,9,108,122,41" hai3="65,14,56,135,125,104,79,107,34,96,51,5,134"/><V118/><F41/><W22/><G34/><T53/><D133/><N who="3" m="50697" /><G125/><T59/><D128/><N who="2" m="49258" /><F118/><W18/><G5/><T37/><D3/><U126/><E40/><V49/><F122/><W24/><G79/><T67/><D39/><U4/><E126/><V74/><F74/><W102/><G24/><T8/><D8/><U83/><E73/><V85/><F124/><W131/><G131/><T98/><D98/><U119/><E123/><V64/><F108/><W117/><G117/><T103/><D103/><U26/><E109/><V15/><F49/><W1/><G1/><T80/><REACH who="0" step="1"/><D53/><REACH who="0" ten="92,532,160,206" step="2"/><U95/><E119/><V115/><F0/><W75/><G96/><T46/><D46/><U120/><E120/><V116/><F116/><W25/><G102/><T69/><AGARI ba="0,1" hai="10,12,16,37,42,44,59,62,67,68,69,76,80,84" machi="69" ten="30,8000,1" yaku="1,1,0,1,52,1,54,1,53,1" doraHai="78" doraHaiUra="52" who="0" fromWho="0" sc="92,90,532,-20,160,-40,206,-20" /><INIT seed="7,0,0,2,2,131" ten="182,512,120,186" oya="3" hai0="51,123,53,54,104,44,47,127,75,95,92,120,55" hai1="41,84,48,118,76,36,15,6,50,21,34,86,63" hai2="69,115,74,80,134,32,27,107,43,72,129,38,73" hai3="125,93,66,28,14,11,33,71,56,126,9,45,135"/><W4/><G71/><T26/><D104/><U2/><E34/><V8/><F129/><W99/><G45/><N who="0" m="17483" /><D75/><U52/><E36/><V114/><F80/><W94/><G135/><T88/><D88/><U105/><E105/><V40/><F8/><W22/><G33/><T77/><D77/><U110/><E110/><V124/><F124/><N who="3" m="47723" /><G11/><T113/><D127/><U39/><E118/><V70/><F107/><W37/><G37/><T96/><D51/><U98/><E39/><V112/><F134/><W60/><G99/><T18/><D96/><U46/><E2/><V101/><F101/><W87/><G87/><T58/><D58/><N who="1" m="33047" /><E76/><V7/><F7/><W78/><G78/><T106/><D113/><U23/><E98/><V62/><F38/><W89/><G89/><T59/><D106/><U100/><E100/><V128/><F128/><W42/><G42/><T19/><D59/><U83/><E86/><V109/><F109/><W30/><G30/><T91/><D91/><N who="1" m="51615" /><E63/><V35/><F35/><W111/><G111/><T0/><D0/><U13/><E6/><V65/><REACH who="2" step="1"/><F69/><REACH who="2" ten="182,512,110,186" step="2"/><W119/><G119/><T68/><D68/><U133/><E133/><V10/><F10/><W5/><G4/><T116/><D116/><U67/><E21/><V121/><F121/><W108/><G108/><T90/><D123/><U132/><E132/><V49/><F49/><W103/><G103/><T85/><D120/><U64/><E23/><V24/><F24/><AGARI ba="0,1" hai="5,9,14,22,24,28,56,60,66,93,94" m="47723" machi="24" ten="30,1500,0" yaku="18,1" doraHai="131" who="3" fromWho="2" sc="182,0,512,0,110,-15,186,25" /><INIT seed="7,1,0,1,1,81" ten="182,512,95,211" oya="3" hai0="121,48,122,132,25,30,70,127,74,13,10,130,32" hai1="35,12,114,92,64,50,129,113,18,67,0,9,85" hai2="88,41,100,3,102,69,93,21,71,106,78,116,86" hai3="133,36,62,34,44,14,8,51,77,84,73,39,89"/><W57/><G34/><T66/><D74/><U33/><E129/><V97/><F116/><W56/><G73/><T103/><D103/><U61/><E0/><V16/><F3/><W11/><G77/><T118/><D118/><U58/><E64/><V24/><F41/><W42/><G133/><T115/><D132/><U95/><E50/><V68/><F68/><W31/><G31/><T112/><D130/><U63/><E63/><V7/><F7/><W131/><G8/><T126/><D48/><U83/><E92/><V123/><F123/><N who="0" m="47114" /><D66/><U26/><E95/><V76/><F76/><W128/><G128/><T82/><D82/><U108/><E108/><V125/><F125/><N who="0" m="47626" /><D70/><U120/><E120/><V28/><F78/><W111/><G111/><T135/><D135/><U90/><E26/><V124/><F124/><W45/><G131/><T55/><D55/><U99/><E99/><V37/><F37/><W1/><G45/><T134/><D134/><U49/><E49/><V79/><F79/><W101/><G101/><T29/><D29/><U52/><E67/><V4/><F4/><AGARI ba="1,0" hai="4,10,13,25,30,32,112,115" m="47626,47114" machi="4" ten="40,5200,0" yaku="18,1,34,2" doraHai="81" who="0" fromWho="2" sc="182,55,512,0,95,-55,211,0" owari="237,3.7,512,61.2,40,-46.0,211,-18.9" /></mjloggm>