<mjloggm ver="2.3"><GO type="169" lobby="0"/><UN n0="%E7%8E%84%E9%85%94%E6%A5%BC" n1="%6B%69%72%61%72%69%79%75" n2="%E3%82%82%E3%81%93%E3%81%BF" n3="%E3%83%AC%E3%82%AA%E3%83%B3%E3%83%8F%E3%83%AB%E3%83%88" dan="16,16,16,17" rate="2144.39,2109.42,2082.65,2162.45" sx="M,M,M,M"/><TAIKYOKU oya="0"/><INIT seed="0,0,0,3,5,22" ten="250,250,250,250" oya="0" hai0="130,128,93,9,125,102,54,16,65,14,97,53,127" hai1="37,90,109,133,57,118,61,2,34,114,83,52,112" hai2="67,129,135,81,121,87,100,71,59,80,113,131,122" hai3="98,43,27,10,94,47,25,70,21,23,20,4,6"/><T56/><D65/><U35/><E2/><V78/><F71/><W110/><G70/><T60/><REACH who="0" step="1"/><D53/><REACH who="0" ten="240,250,250,250" step="2"/><U91/><E52/><V55/><F67/><W42/><G110/><T51/><D51/><U3/><E109/><V120/><F113/><W11/><G42/><T124/><AGARI ba="0,1" hai="9,14,16,54,56,60,93,97,102,124,125,127,128,130" machi="124" ten="40,12000,1" yaku="1,1,0,1,18,1,54,1,53,0" doraHai="22" doraHaiUra="17" who="0" fromWho="0" sc="240,130,250,-40,250,-40,250,-40" /><INIT seed="0,1,0,1,1,103" ten="370,210,210,210" oya="0" hai0="73,72,10,9,41,20,100,86,58,102,112,85,25" hai1="95,82,47,80,26,32,48,43,3,22,81,121,18" hai2="37,44,117,89,123,113,67,65,132,98,46,64,35" hai3="107,29,19,1,39,130,116,59,74,36,21,52,104"/><T91/><D41/><U6/><E121/><V54/><F123/><W23/><G116/><T14/><D112/><U0/><E32/><V49/><F113/><W15/><G1/><T69/><D69/><U134/><E134/><V135/><F35/><W31/><G74/><T120/><D120/><U99/><REACH who="1" step="1"/><E6/><REACH who="1" ten="370,200,210,210" step="2"/><V129/><F117/><W79/><G130/><T38/><D72/><U125/><E125/><V77/><F129/><W45/><G79/><T122/><D73/><U28/><E28/><V55/><F77/><W60/><G31/><T4/><D4/><U78/><E78/><V97/><F89/><AGARI ba="1,1" hai="0,3,18,22,26,43,47,48,80,81,82,89,95,99" machi="89" ten="40,1300,0" yaku="1,1,53,0" doraHai="103" doraHaiUra="114" who="1" fromWho="2" sc="370,0,200,26,210,-16,210,0" /><INIT seed="1,0,0,3,0,3" ten="370,226,194,210" oya="1" hai0="21,135,25,77,57,47,60,99,59,83,7,107,104" hai1="11,33,87,117,111,110,19,114,43,118,75,39,67" hai2="49,0,24,68,92,122,108,28,36,41,82,103,44" hai3="102,79,96,123,130,18,29,93,95,9,91,46,113"/><U121/><E75/><V74/><F108/><N who="1" m="41513" /><E67/><V12/><F122/><W65/><G123/><T54/><D135/><U116/><E121/><V14/><F68/><W105/><G113/><T1/><D99/><U34/><E87/><V124/><F0/><W4/><G130/><T27/><D47/><N who="1" m="24063" /><E114/><V8/><F124/><W31/><G79/><T10/><D59/><U17/><E17/><V106/><F106/><W48/><G18/><T112/><D112/><U89/><E89/><V15/><F36/><W127/><G65/><T20/><D20/><U133/><E133/><V120/><F120/><W5/><G127/><T128/><D128/><U61/><E61/><V80/><F74/><W109/><G109/><T50/><D60/><U52/><E52/><V35/><F82/><W101/><G105/><T73/><D25/><U38/><E38/><V64/><F80/><W78/><G78/><T66/><D66/><U70/><E70/><V125/><F125/><W72/><G72/><T13/><D27/><U62/><E62/><V76/><F76/><W94/><G94/><T16/><AGARI ba="0,0" hai="1,7,10,13,16,21,50,54,57,73,77,83,104,107" machi="16" ten="30,4000,0" yaku="0,1,52,1,54,1" doraHai="3" who="0" fromWho="0" sc="370,40,226,-20,194,-10,210,-10" /><INIT seed="2,0,0,3,5,99" ten="410,206,184,200" oya="2" hai0="106,116,119,22,80,120,55,113,29,31,45,97,47" hai1="79,68,12,25,28,94,85,63,134,132,18,56,93" hai2="101,11,81,75,114,130,19,33,48,69,126,16,24" hai3="53,129,71,110,77,42,78,60,105,62,5,44,86"/><V27/><F114/><W87/><G110/><T96/><D113/><U39/><E39/><V74/><F69/><W43/><G105/><T17/><D106/><U73/><E73/><V8/><F48/><W13/><G71/><T118/><D120/><U100/><E68/><V111/><F111/><W95/><G95/><T117/><D117/><U115/><E115/><V52/><F126/><W34/><G34/><T135/><D135/><U14/><E79/><V0/><F81/><W82/><G13/><T91/><D96/><N who="1" m="59407" /><E94/><V30/><F52/><W84/><G5/><T15/><D97/><U20/><E85/><V133/><F133/><N who="1" m="51305" /><E18/><V122/><F122/><W92/><G92/><T108/><D108/><U40/><E40/><V88/><F88/><W38/><G84/><N who="0" m="50567" /><D55/><AGARI ba="0,0" hai="12,14,20,25,28,55,56,63" m="51305,59407" machi="55" ten="30,2000,0" yaku="20,1,52,1" doraHai="99" who="1" fromWho="0" sc="410,-20,206,20,184,0,200,0" /><INIT seed="3,0,0,1,1,60" ten="390,226,184,200" oya="3" hai0="74,34,31,1,58,7,59,118,71,6,108,2,37" hai1="8,27,97,61,87,48,33,84,55,67,9,14,41" hai2="101,11,91,10,53,25,112,86,15,113,26,104,69" hai3="109,129,88,95,107,92,44,52,78,133,5,135,89"/><W130/><G107/><T127/><D71/><U3/><E3/><V62/><F11/><W106/><G106/><T128/><D31/><U20/><E33/><V0/><F0/><W122/><G78/><T65/><D34/><U63/><E41/><V57/><F69/><W43/><G5/><T22/><D118/><U115/><E97/><V68/><F68/><W82/><G122/><T39/><D22/><U46/><E63/><V80/><F104/><W77/><G43/><T111/><D74/><U23/><E23/><V17/><REACH who="2" step="1"/><F101/><REACH who="2" ten="390,226,174,200" step="2"/><W50/><G109/><T96/><D1/><U120/><E8/><V24/><AGARI ba="0,1" hai="10,15,17,24,25,26,53,57,62,80,86,91,112,113" machi="24" ten="30,4000,0" yaku="1,1,2,1,0,1,53,0" doraHai="60" doraHaiUra="18" who="2" fromWho="2" sc="390,-10,226,-10,174,50,200,-20" /><INIT seed="4,0,0,2,3,95" ten="380,216,224,180" oya="0" hai0="32,48,36,135,5,105,101,6,54,83,26,35,16" hai1="60,104,68,34,27,40,113,107,10,86,33,63,29" hai2="46,24,93,4,9,59,108,79,127,74,112,123,130" hai3="94,61,0,124,84,38,62,30,73,12,103,45,98"/><T13/><D36/><U69/><E113/><V92/><F123/><W122/><G73/><T52/><D135/><U22/><E40/><V81/><F108/><W126/><G0/><T28/><D32/><U128/><E128/><V71/><F71/><W117/><G117/><T49/><D83/><U64/><E86/><V90/><F127/><N who="3" m="48683" /><G122/><T72/><D72/><U76/><E76/><V2/><F112/><W88/><G30/><T51/><D5/><U129/><E129/><V70/><F70/><W31/><G31/><T102/><D6/><U89/><E89/><V47/><F93/><N who="3" m="54407" /><G12/><T17/><D17/><U97/><E10/><V8/><F8/><W78/><G78/><T99/><REACH who="0" step="1"/><D102/><REACH who="0" ten="370,216,224,180" step="2"/><U53/><E34/><V41/><F130/><W58/><G58/><T3/><D3/><U106/><E33/><V55/><F59/><W1/><G1/><T77/><D77/><U44/><E69/><V115/><F115/><W132/><G132/><T114/><D114/><U65/><E68/><V121/><F121/><W96/><G96/><T131/><D131/><U85/><E97/><V18/><F79/><W87/><G87/><T39/><D39/><U67/><E85/><V7/><F74/><W23/><G23/><AGARI ba="0,1" hai="13,16,23,26,28,35,48,49,51,52,54,99,101,105" machi="23" ten="40,12000,1" yaku="1,1,52,1,54,2,53,0" doraHai="95" doraHaiUra="37" who="0" fromWho="3" sc="370,130,216,0,224,0,180,-120" /><INIT seed="4,1,0,2,3,61" ten="500,216,224,60" oya="0" hai0="4,0,26,23,68,33,76,29,35,24,30,129,69" hai1="90,9,123,7,41,31,96,38,113,79,124,72,114" hai2="120,14,49,117,107,82,58,75,115,17,64,56,109" hai3="46,111,128,22,135,66,50,65,134,43,93,74,131"/><T60/><D129/><N who="3" m="49737" /><G74/><T5/><D76/><U15/><E123/><V36/><F36/><N who="3" m="21863" /><G111/><T108/><D108/><U127/><E31/><V110/><F120/><W132/><G22/><T3/><D60/><U119/><E119/><V116/><F115/><N who="1" m="44041" /><E72/><V21/><F107/><W130/><N who="3" m="49745" /><W77/><DORA hai="52" /><G77/><T8/><D23/><U99/><E90/><V106/><F106/><W48/><G93/><T126/><D126/><N who="1" m="48171" /><E79/><V11/><F82/><W42/><G42/><T62/><D62/><U27/><E27/><V2/><F75/><W45/><G45/><AGARI ba="1,0" hai="7,9,15,38,41,45,96,99" m="48171,44041" machi="45" ten="30,3900,0" yaku="15,1,11,1,18,1" doraHai="61,52" who="1" fromWho="3" sc="500,0,216,42,224,0,60,-42" /><INIT seed="5,0,0,0,0,16" ten="500,258,224,18" oya="1" hai0="81,117,122,58,77,37,50,43,125,55,45,65,35" hai1="31,57,69,2,110,101,111,8,4,128,90,83,3" hai2="66,107,62,28,105,32,106,134,41,87,131,70,10" hai3="75,60,56,18,49,84,19,114,130,46,26,97,82"/><U63/><E69/><V99/><F134/><W118/><G75/><T38/><D117/><U78/><E128/><V23/><F131/><W124/><G130/><T20/><D35/><U30/><E101/><V135/><F135/><W132/><G132/><T21/><D125/><U40/><E90/><V119/><F119/><W133/><G133/><T113/><D113/><U24/><E40/><V76/><F41/><W59/><G118/><T34/><D34/><U129/><E2/><V80/><F10/><W120/><G120/><T54/><D122/><U102/><E102/><V12/><F32/><W109/><G109/><N who="1" m="41482" /><E24/><V67/><F67/><W89/><G114/><T47/><D65/><N who="1" m="39151" /><E129/><V36/><F36/><W9/><G124/><T96/><D37/><U91/><E91/><V48/><F48/><W94/><G9/><T104/><D104/><U25/><E25/><V5/><F99/><W61/><G61/><T6/><D96/><U64/><E64/><V79/><F79/><W115/><G115/><T88/><D77/><U33/><E33/><V74/><F106/><W7/><G60/><N who="0" m="35927" /><D88/><U17/><E17/><V86/><F107/><W103/><G18/><T72/><D50/><U116/><E116/><V98/><F98/><W29/><G19/><T121/><D43/><U73/><AGARI ba="0,0" hai="3,4,8,30,31,73,78,83" m="39151,41482" machi="73" ten="30,1500,0" yaku="10,1" doraHai="16" who="1" fromWho="1" sc="500,-5,258,15,224,-5,18,-5" /><INIT seed="5,1,0,5,4,15" ten="495,273,219,13" oya="1" hai0="110,9,134,72,62,73,43,121,104,84,77,19,105" hai1="98,70,63,37,1,17,10,79,16,2,50,7,120" hai2="55,102,93,90,23,71,22,21,42,48,12,6,28" hai3="11,125,118,86,39,130,0,8,25,122,83,78,54"/><U56/><E37/><V52/><F71/><W109/><G122/><T111/><D43/><U14/><E120/><V119/><F119/><W96/><G109/><T112/><D62/><U113/><E113/><V61/><F102/><W64/><G118/><T106/><D121/><U124/><E124/><V5/><F28/><W32/><G125/><T117/><D117/><U60/><E79/><V89/><F42/><W45/><G130/><T57/><D57/><U97/><E1/><V59/><F90/><W94/><G64/><T100/><D100/><U116/><E116/><V131/><F131/><W33/><G25/><T27/><D27/><U31/><E31/><V101/><F101/><W49/><G39/><T65/><D106/><U114/><E114/><V133/><F133/><W76/><G76/><T30/><D105/><U92/><E98/><N who="2" m="57647" /><F12/><W47/><G47/><AGARI ba="1,0" hai="5,6,21,22,23,47,48,52,55,59,61" m="57647" machi="47" ten="30,2000,0" yaku="8,1,54,1" doraHai="15" who="2" fromWho="3" sc="495,0,273,0,219,23,13,-23" owari="495,59.5,273,7.3,242,-15.8,-10,-51.0" /></mjloggm>