<mjloggm ver="2.3"><GO type="169" lobby="0"/><UN n0="%E3%82%B0%E3%83%B3%E3%83%80%E3%83%AA%E3%83%BC" n1="%E6%9C%AA%E6%9D%A5%E5%B0%91%E5%B9%B4" n2="%E3%81%86%E3%81%A1%E3%83%BC" n3="%E5%B0%8F%E6%9E%97%E6%B5%81%E7%89%8C%E6%89%8B" dan="19,16,16,17" rate="2268.27,2137.71,2168.17,2149.11" sx="M,F,M,M"/><TAIKYOKU oya="0"/><INIT seed="0,0,0,1,2,108" ten="250,250,250,250" oya="0" hai0="127,87,120,48,6,30,135,134,102,119,22,64,115" hai1="29,124,53,123,8,43,10,36,4,130,58,28,27" hai2="61,96,11,111,78,19,85,25,7,84,133,60,79" hai3="21,95,65,86,37,90,57,67,126,62,2,63,1"/><T31/><D64/><U74/><E123/><V105/><F111/><W114/><G114/><T106/><D48/><U104/><E104/><V55/><F133/><N who="0" m="50698" /><D87/><U82/><E130/><V100/><F79/><W131/><G126/><T110/><D110/><U109/><E124/><V56/><F78/><W72/><G131/><T70/><D70/><U42/><E109/><V12/><F61/><W91/><G72/><T49/><D49/><U129/><E129/><V18/><F18/><W51/><G37/><T122/><D102/><U3/><E10/><V75/><F75/><W112/><G112/><T54/><D54/><U47/><E27/><V16/><F19/><W15/><G51/><T34/><D106/><U88/><E43/><V39/><F39/><W132/><G132/><T35/><D119/><U125/><E125/><V71/><F71/><W40/><G91/><T46/><D46/><U23/><E23/><V113/><F113/><W66/><G40/><T76/><D76/><N who="1" m="44311" /><E88/><V68/><F68/><W52/><G63/><AGARI ba="0,0" hai="3,4,8,28,29,36,42,47,53,58,63" m="44311" machi="63" ten="30,1000,0" yaku="25,1" doraHai="108" who="1" fromWho="3" sc="250,0,250,10,250,0,250,-10" /><INIT seed="1,0,0,1,2,112" ten="250,260,250,240" oya="1" hai0="10,91,41,47,7,94,65,127,75,60,95,5,105" hai1="69,4,87,62,72,49,110,36,81,48,71,24,1" hai2="30,29,8,46,97,42,31,130,23,37,92,104,55" hai3="25,20,52,134,50,77,28,89,70,2,9,13,59"/><U76/><E36/><V18/><F104/><W128/><G134/><T109/><D109/><U40/><E110/><V39/><F130/><W133/><G133/><T15/><D127/><U74/><E69/><V108/><F108/><W63/><G128/><T64/><D75/><U106/><E106/><V78/><F78/><W84/><G2/><T107/><D7/><U85/><E1/><V34/><F8/><W14/><G77/><T21/><D21/><U68/><E4/><V113/><F55/><W0/><G0/><T116/><D95/><U11/><E11/><V43/><F113/><W16/><G70/><T67/><D60/><U27/><E76/><V111/><F111/><W124/><G124/><T38/><REACH who="0" step="1"/><D116/><REACH who="0" ten="240,260,250,240" step="2"/><U26/><E62/><V122/><F34/><W32/><G63/><T12/><D12/><U79/><E79/><V86/><F23/><W51/><G51/><T90/><D90/><U115/><E115/><V66/><F39/><W88/><G84/><AGARI ba="0,1" hai="5,10,15,38,41,47,64,65,67,84,91,94,105,107" machi="84" ten="40,1300,0" yaku="1,1,53,0" doraHai="112" doraHaiUra="114" who="0" fromWho="3" sc="240,23,260,0,250,0,240,-13" /><INIT seed="2,0,0,0,3,69" ten="263,260,250,227" oya="2" hai0="132,114,88,82,5,11,1,39,75,54,3,84,15" hai1="6,64,34,89,97,61,100,37,10,124,19,55,135" hai2="85,13,63,62,27,45,131,99,94,41,115,92,67" hai3="25,117,4,59,38,14,104,32,129,74,65,51,121"/><V116/><F115/><W107/><G117/><T50/><D114/><U127/><E135/><V101/><F116/><W102/><G121/><T66/><D132/><U12/><E34/><V98/><F131/><W95/><G74/><T57/><D39/><U36/><E89/><V106/><F27/><W105/><G129/><T76/><REACH who="0" step="1"/><D66/><REACH who="0" ten="253,260,250,227" step="2"/><U128/><E128/><V130/><F130/><W22/><G38/><T7/><D7/><U30/><E6/><V2/><F2/><W21/><G65/><T20/><D20/><U28/><E64/><V24/><F67/><W80/><G32/><T47/><D47/><U72/><E37/><V125/><F125/><W96/><G22/><T9/><D9/><U112/><E36/><V35/><F35/><W23/><G21/><T33/><D33/><U134/><E134/><V31/><F45/><W86/><G59/><T120/><D120/><U91/><E112/><V111/><F24/><W49/><G4/><T119/><D119/><U113/><E113/><V122/><F122/><W44/><G44/><T73/><D73/><U52/><E72/><V103/><F31/><W43/><G14/><T83/><AGARI ba="0,1" hai="1,3,5,11,15,50,54,57,75,76,82,83,84,88" machi="83" ten="20,5200,0" yaku="1,1,0,1,7,1,54,1,53,0" doraHai="69" doraHaiUra="26" who="0" fromWho="0" sc="253,62,260,-13,250,-26,227,-13" /><INIT seed="3,0,0,4,5,116" ten="315,247,224,214" oya="3" hai0="100,20,80,33,108,113,65,29,90,104,71,95,133" hai1="62,134,32,15,112,39,0,118,24,68,103,86,2" hai2="34,77,55,132,121,127,79,89,3,114,31,22,125" hai3="25,37,110,45,117,120,58,60,96,21,92,27,14"/><W10/><G117/><T41/><D20/><U64/><E112/><V115/><F3/><W111/><G120/><T30/><D108/><N who="3" m="41513" /><G45/><T28/><D28/><U61/><E118/><V76/><F34/><W63/><G37/><T7/><D30/><U19/><E39/><V105/><F105/><W124/><G124/><N who="2" m="47689" /><F132/><W130/><G130/><T46/><D46/><U5/><E134/><V26/><F55/><N who="3" m="33887" /><G63/><T40/><D133/><U36/><E36/><V99/><F121/><W131/><G21/><T18/><D33/><U135/><E32/><V48/><F48/><W67/><G67/><T53/><D65/><U91/><E62/><V23/><F22/><W51/><G51/><T73/><D41/><U54/><E135/><V101/><F114/><W128/><G128/><T94/><D40/><U70/><E54/><V122/><F122/><W85/><G85/><T107/><D53/><U8/><E61/><V97/><F115/><W72/><G72/><T98/><D73/><U4/><E64/><V12/><F23/><W50/><G50/><T106/><D113/><U43/><E43/><V84/><F31/><W11/><G131/><T44/><D29/><U38/><E38/><V119/><F119/><W129/><G129/><T83/><D44/><U9/><E86/><V13/><F26/><N who="3" m="9739" /><G14/><T93/><D71/><U88/><E24/><V52/><F52/><W49/><G49/><T74/><D74/><U109/><E109/><V87/><F13/><W16/><G16/><T17/><D17/><U81/><E19/><V75/><F12/><W78/><G78/><T42/><D18/><RYUUKYOKU ba="0,0" sc="315,-10,247,-10,224,-10,214,30" hai3="10,11,92,96" /><INIT seed="3,1,0,1,2,108" ten="305,237,214,244" oya="3" hai0="9,7,89,133,48,42,123,128,90,104,100,50,27" hai1="35,77,95,40,41,65,120,43,18,17,20,23,67" hai2="74,80,122,131,14,86,26,79,37,93,81,103,57" hai3="106,69,124,99,125,72,61,115,10,117,16,107,75"/><W5/><G117/><T58/><D123/><U52/><E120/><V112/><F122/><W119/><G119/><T94/><D104/><N who="3" m="39977" /><G99/><T32/><D133/><U25/><E35/><V121/><F37/><W97/><G97/><N who="0" m="59447" /><D32/><U19/><E77/><V60/><F121/><W62/><G115/><T132/><D128/><U21/><E25/><V83/><F131/><W2/><G16/><T111/><D111/><U39/><E39/><V22/><F14/><W70/><G61/><T116/><D116/><U12/><E12/><V0/><F0/><W56/><G56/><T45/><D132/><U101/><E101/><V114/><F103/><W76/><G76/><T68/><D68/><N who="3" m="26217" /><G62/><T54/><D27/><U44/><E95/><V87/><F93/><W134/><G134/><T30/><D30/><U3/><E3/><V92/><F92/><W49/><G49/><AGARI ba="1,0" hai="17,18,19,20,21,23,40,41,43,44,49,52,65,67" machi="49" ten="50,8000,1" yaku="29,2,8,1,54,1" doraHai="108" who="1" fromWho="3" sc="305,0,237,83,214,0,244,-83" /><INIT seed="4,0,0,2,3,44" ten="305,320,214,161" oya="0" hai0="98,4,76,55,117,80,36,89,51,108,17,129,67" hai1="97,39,32,118,133,105,20,81,10,92,35,65,16" hai2="77,38,21,14,31,33,83,13,102,15,52,22,42" hai3="122,69,28,116,109,46,115,82,111,71,34,62,100"/><T58/><D129/><U106/><E118/><V60/><F102/><W113/><G100/><T132/><D132/><U23/><E39/><V128/><F128/><W18/><G34/><T91/><D117/><U95/><E65/><V94/><F38/><W53/><G28/><T19/><D108/><N who="3" m="41545" /><G18/><T56/><D36/><U131/><E131/><V63/><F42/><W29/><G29/><T78/><D4/><U93/><E81/><V59/><F63/><W84/><G116/><T37/><D37/><U79/><E79/><N who="0" m="30249" /><D98/><U70/><E70/><N who="3" m="26634" /><G84/><N who="0" m="50311" /><D91/><U43/><E133/><V30/><F94/><W134/><G82/><T124/><D124/><U87/><E87/><V72/><REACH who="2" step="1"/><F31/><REACH who="2" ten="305,320,204,161" step="2"/><W8/><G134/><T40/><D40/><U120/><E43/><V75/><F75/><W88/><G122/><T54/><D67/><U1/><E120/><V5/><F5/><W135/><G135/><T121/><D121/><U96/><E93/><V2/><F2/><W45/><G88/><T48/><AGARI ba="0,1" hai="17,19,48,51,54,55,56,58" m="50311,30249" machi="48" ten="30,6000,0" yaku="8,1,52,2" doraHai="44" who="0" fromWho="0" sc="305,70,320,-20,204,-20,161,-20" /><INIT seed="4,1,0,4,0,25" ten="375,300,184,141" oya="0" hai0="126,41,112,69,66,13,127,124,116,108,22,21,55" hai1="132,28,16,20,75,61,128,38,14,63,115,118,96" hai2="8,64,123,113,58,125,134,89,4,54,37,17,104" hai3="62,23,122,120,131,117,36,3,80,121,15,71,68"/><T109/><D116/><U26/><E118/><V24/><F123/><W84/><G3/><T95/><D95/><U2/><E38/><V57/><F37/><W105/><G117/><T1/><D1/><U114/><E75/><V31/><F113/><N who="1" m="43017" /><E132/><V44/><F125/><W99/><G36/><T32/><D112/><U82/><E128/><V56/><F104/><W47/><G131/><T76/><D32/><N who="1" m="20503" /><E2/><V90/><F64/><W88/><G47/><T5/><D41/><U86/><E96/><V78/><F134/><W100/><G62/><N who="0" m="40151" /><D55/><U103/><E103/><V42/><F54/><W48/><G48/><T85/><D85/><U107/><E107/><V12/><F42/><W81/><G81/><T87/><D87/><U97/><E97/><V43/><F43/><W106/><G106/><T51/><D109/><U39/><E39/><V91/><F44/><W27/><REACH who="3" step="1"/><G15/><REACH who="3" ten="375,300,184,131" step="2"/><T92/><D13/><U53/><E53/><V40/><F40/><W33/><G33/><T11/><D127/><U79/><AGARI ba="1,1" hai="14,16,20,61,63,79,82,86" m="20503,43017" machi="79" ten="30,7900,0" yaku="15,1,11,1,52,1,54,1" doraHai="25" who="1" fromWho="1" sc="375,-40,300,92,184,-21,131,-21" /><INIT seed="5,0,0,1,4,104" ten="335,392,163,110" oya="1" hai0="90,122,21,91,70,9,44,123,58,57,62,30,38" hai1="3,93,107,24,89,127,121,66,65,34,19,45,99" hai2="124,112,10,54,79,18,37,73,72,119,103,133,105" hai3="120,14,52,95,131,135,46,48,69,108,0,2,92"/><U63/><E121/><N who="0" m="46089" /><D9/><U29/><E3/><V56/><F119/><W116/><G108/><T81/><D70/><U96/><E127/><V125/><F79/><W88/><G120/><T94/><D81/><U75/><E75/><N who="2" m="28747" /><F37/><W115/><G69/><T106/><D106/><U11/><E45/><V98/><F133/><W16/><G135/><T67/><D58/><U25/><E66/><V68/><F68/><W8/><G116/><T113/><D94/><U26/><E19/><V100/><F100/><W102/><G115/><T7/><D113/><U132/><E11/><V64/><F64/><W82/><G131/><T33/><D21/><U129/><E132/><V31/><F31/><W78/><G102/><T40/><D7/><U39/><E129/><V87/><F87/><N who="3" m="50295" /><G78/><T77/><D77/><U4/><E4/><V41/><F112/><W134/><G134/><T74/><D74/><U5/><E5/><V42/><F10/><W20/><G20/><T86/><D86/><U51/><E29/><V28/><F28/><W55/><G55/><T12/><D30/><U49/><E65/><V60/><F18/><W47/><G47/><T130/><D130/><U80/><E89/><V36/><F36/><W13/><G13/><T27/><D12/><U114/><E39/><V101/><F101/><W53/><G53/><T109/><D91/><U71/><E114/><V23/><F23/><W84/><G84/><T35/><D90/><U111/><E71/><V85/><F85/><W83/><G83/><T22/><D38/><U50/><E107/><V61/><F61/><W59/><G59/><RYUUKYOKU ba="0,0" sc="335,-15,392,-15,163,15,110,15" hai2="41,42,54,56,60,98,103,105,124,125" hai3="0,2,8,14,16,46,48,52,92,95" /><INIT seed="6,1,0,2,5,26" ten="320,377,178,125" oya="2" hai0="7,118,18,71,121,62,119,94,102,68,69,9,98" hai1="127,65,58,74,96,16,63,41,36,1,115,80,56" hai2="10,110,32,88,109,22,89,105,19,79,99,113,106" hai3="103,70,3,52,67,97,91,93,17,111,72,59,5"/><V131/><F32/><W129/><G111/><N who="2" m="42505" /><F113/><W33/><G129/><T20/><D121/><U13/><E115/><V0/><F131/><W2/><G72/><T116/><D62/><U42/><E127/><V77/><F10/><W75/><G75/><T21/><REACH who="0" step="1"/><D18/><REACH who="0" ten="310,377,178,125" step="2"/><U133/><E63/><V125/><F125/><W25/><G70/><T43/><D43/><U104/><E41/><V46/><F0/><AGARI ba="1,1" hai="0,7,9,20,21,68,69,71,94,98,102,116,118,119" machi="0" ten="50,3200,0" yaku="1,1,12,1,53,0" doraHai="26" doraHaiUra="128" who="0" fromWho="2" sc="310,45,377,0,178,-35,125,0" /><INIT seed="7,0,0,4,2,79" ten="355,377,143,125" oya="3" hai0="87,5,41,82,11,18,59,89,13,94,12,65,66" hai1="104,6,116,55,83,7,92,68,111,34,8,3,42" hai2="54,113,62,4,121,91,80,15,25,119,127,129,51" hai3="19,28,63,128,36,70,44,47,86,78,103,22,32"/><W124/><G124/><T0/><D0/><U38/><E111/><V40/><F119/><W69/><G128/><T31/><D31/><U135/><E104/><V134/><F40/><W93/><G32/><T58/><D41/><U10/><E34/><V29/><F62/><W14/><G36/><T96/><D59/><U17/><E68/><V43/><F43/><W37/><G37/><T126/><D58/><U122/><E135/><V1/><F1/><W27/><G69/><T81/><D126/><U130/><E122/><V39/><F113/><W48/><G48/><T73/><D73/><U108/><E17/><V115/><F39/><W98/><G70/><T117/><D82/><U52/><E92/><V35/><F115/><W76/><G63/><T21/><D117/><U56/><E108/><V100/><F129/><W123/><G123/><T88/><AGARI ba="0,0" hai="5,11,12,13,18,21,65,66,81,87,88,89,94,96" machi="88" ten="20,8000,1" yaku="0,1,7,1,8,1,52,1,54,1" doraHai="79" who="0" fromWho="0" sc="355,80,377,-20,143,-20,125,-40" owari="435,53.5,357,15.7,123,-27.7,85,-41.5" /></mjloggm>