<mjloggm ver="2.3"><GO type="169" lobby="0"/><UN n0="%E3%81%8A%E3%81%90%E3%82%89%E3%82%86%E3%81%84" n1="%73%79%6C%76%65%6F%6E" n2="%E7%B4%AB%E3%81%AE%E9%8F%A1" n3="%E3%82%B8%E3%83%A7%E3%83%8B%E3%83%B2" dan="16,16,17,16" rate="2033.49,2140.93,2137.80,2126.97" sx="M,M,M,M"/><TAIKYOKU oya="0"/><INIT seed="0,0,0,4,3,7" ten="250,250,250,250" oya="0" hai0="95,80,104,75,106,81,128,1,132,108,76,38,39" hai1="62,121,45,97,32,56,83,46,111,33,51,65,0" hai2="77,118,88,130,79,119,35,123,53,59,67,127,120" hai3="78,102,89,25,41,29,30,57,66,134,82,115,113"/><T31/><D1/><U100/><E121/><N who="2" m="46667" /><F35/><W19/><G134/><T98/><D31/><U49/><E111/><V3/><F67/><W22/><G102/><T92/><D39/><U110/><E110/><V24/><F24/><W96/><G41/><T125/><D38/><U135/><E135/><V129/><F3/><W10/><G89/><N who="0" m="55567" /><D108/><U9/><E83/><V43/><F43/><W74/><G96/><T28/><D28/><U4/><E49/><V5/><F5/><W42/><G30/><T17/><D17/><U93/><REACH who="1" step="1"/><E46/><REACH who="1" ten="250,240,250,250" step="2"/><V107/><F119/><W87/><G82/><T71/><D80/><U94/><E94/><V68/><F118/><W103/><G115/><T101/><D132/><U69/><E69/><V2/><F68/><W64/><G113/><T124/><D71/><U112/><E112/><V26/><F130/><W12/><G57/><T40/><D128/><U105/><E105/><N who="0" m="40553" /><D40/><AGARI ba="0,1" hai="0,4,9,32,33,40,45,51,56,62,65,93,97,100" machi="40" ten="30,7700,0" yaku="1,1,7,1,52,1,53,1" doraHai="7" doraHaiUra="54" who="1" fromWho="0" sc="250,-77,240,87,250,0,250,0" /><INIT seed="1,0,0,4,0,94" ten="173,327,250,250" oya="1" hai0="27,61,50,106,80,58,62,127,131,75,123,65,33" hai1="19,2,14,78,46,1,107,109,111,15,7,98,21" hai2="135,122,13,4,39,32,108,60,83,17,71,31,52" hai3="3,6,12,129,118,130,25,114,120,36,11,54,44"/><U18/><E78/><V40/><F122/><W45/><G114/><T132/><D33/><U55/><E55/><V128/><F108/><N who="1" m="41545" /><E46/><V93/><F128/><W119/><G120/><T20/><D106/><U85/><E85/><V79/><F4/><W115/><G115/><T10/><D131/><N who="3" m="50185" /><G25/><T117/><D117/><U96/><E107/><V110/><F110/><W95/><G3/><N who="1" m="1034" /><E7/><V76/><F76/><W9/><G54/><T47/><D75/><U16/><E19/><V67/><F52/><W81/><G81/><T41/><D80/><U100/><E100/><V92/><F40/><N who="3" m="22535" /><G95/><T82/><D82/><U124/><E124/><V68/><F93/><W101/><G101/><T102/><D127/><U51/><E51/><V30/><F92/><W35/><G45/><T8/><D102/><U103/><E103/><V105/><F105/><W63/><G63/><T0/><D62/><U34/><E34/><V48/><F32/><W77/><G35/><T24/><D0/><U23/><AGARI ba="0,0" hai="14,15,16,18,21,23,96,98" m="1034,41545" machi="23" ten="30,12000,1" yaku="14,1,10,1,52,2,54,1" doraHai="94" who="1" fromWho="1" sc="173,-40,327,120,250,-40,250,-40" /><INIT seed="1,1,0,3,0,7" ten="133,447,210,210" oya="1" hai0="92,26,54,10,62,121,85,74,14,90,29,97,5" hai1="38,84,56,25,71,135,41,9,18,113,19,122,76" hai2="11,91,100,124,93,69,80,24,96,65,78,104,111" hai3="32,79,82,108,115,99,28,35,44,94,52,117,126"/><U87/><E71/><V66/><F111/><W107/><G115/><T47/><D74/><U59/><E113/><V12/><F124/><W98/><G108/><T134/><D134/><U105/><E122/><V31/><F69/><W63/><G28/><T51/><D121/><U40/><E105/><V123/><F123/><W22/><G22/><T15/><D62/><U77/><E38/><V60/><F60/><W83/><G83/><T30/><D26/><U58/><E25/><V45/><F45/><W33/><G126/><T39/><D39/><U46/><E46/><V8/><F104/><W57/><G117/><T114/><D114/><U3/><E3/><V120/><F100/><W88/><G44/><T37/><D37/><U101/><E101/><V89/><F89/><W16/><G16/><N who="1" m="6186" /><E9/><N who="2" m="3659" /><F12/><W132/><G132/><T131/><D131/><U95/><E135/><V81/><F120/><W106/><REACH who="3" step="1"/><G99/><REACH who="3" ten="133,447,210,200" step="2"/><T67/><D97/><U4/><E4/><V17/><F31/><W23/><G23/><T49/><D30/><U72/><E72/><AGARI ba="1,1" hai="32,33,35,52,57,63,72,79,82,88,94,98,106,107" machi="72" ten="40,5200,0" yaku="1,1,54,2,53,0" doraHai="7" doraHaiUra="118" who="3" fromWho="1" sc="133,0,447,-55,210,0,200,65" /><INIT seed="2,0,0,3,2,75" ten="133,392,210,265" oya="2" hai0="128,130,104,105,118,79,99,13,60,103,6,132,93" hai1="113,84,52,33,25,7,66,88,1,59,49,56,98" hai2="8,65,4,38,24,34,20,123,29,111,76,115,91" hai3="12,80,95,3,10,36,110,109,5,100,37,61,16"/><V87/><F115/><W71/><G100/><T47/><D60/><U101/><E113/><V11/><F123/><W121/><G95/><T0/><D47/><U131/><E131/><N who="0" m="50217" /><D13/><U77/><E77/><V135/><F38/><W94/><G121/><T2/><D6/><U14/><E1/><V30/><F135/><W119/><G119/><T21/><D21/><U69/><E69/><V55/><F111/><W129/><G129/><T17/><D17/><U9/><E101/><V45/><F65/><W35/><G35/><T43/><D43/><U112/><E112/><V15/><F11/><W58/><G71/><T23/><D23/><U28/><E98/><V126/><F126/><W133/><G133/><T96/><D0/><U22/><E33/><V41/><F55/><W19/><G19/><T68/><D2/><U18/><E66/><V120/><F120/><W122/><G122/><T117/><D68/><U114/><E114/><V125/><F125/><W85/><G110/><T73/><D132/><U116/><E116/><N who="0" m="44649" /><D99/><U102/><E7/><V63/><F63/><W72/><G109/><T46/><D46/><U107/><E52/><V74/><F34/><W26/><G3/><T106/><D106/><U90/><E49/><V44/><F29/><W81/><G5/><T62/><D62/><U54/><E54/><V70/><F70/><W31/><G37/><T64/><D64/><U51/><E51/><V127/><F127/><W108/><G36/><T124/><D124/><U53/><E53/><V89/><F41/><W67/><G108/><T27/><D27/><U40/><E40/><RYUUKYOKU ba="0,0" sc="133,30,392,-10,210,-10,265,-10" hai0="73,79,93,96,103,104,105" /><INIT seed="3,1,0,4,1,3" ten="163,382,200,255" oya="3" hai0="9,27,102,44,63,132,72,7,62,24,20,126,82" hai1="89,129,73,48,135,54,120,108,60,42,112,95,68" hai2="119,101,18,10,78,83,8,124,94,0,122,57,117" hai3="21,32,125,1,15,97,98,91,133,19,31,35,34"/><W23/><G133/><T11/><D132/><U123/><E135/><V29/><F124/><W37/><G37/><T86/><D72/><U71/><E73/><V103/><F122/><N who="1" m="46633" /><E89/><V93/><F29/><W64/><G125/><T36/><D102/><N who="2" m="38922" /><F57/><W58/><G1/><T69/><D126/><U128/><E95/><N who="2" m="36363" /><F18/><W2/><G91/><T105/><D105/><U50/><E112/><V59/><F59/><W49/><G2/><T45/><D69/><N who="1" m="26699" /><E108/><V65/><F65/><W107/><G107/><T56/><D36/><U53/><E60/><V100/><F0/><W46/><G31/><T85/><D56/><N who="1" m="32807" /><E42/><V16/><F16/><W6/><G23/><T66/><D20/><U40/><E40/><V55/><F8/><W22/><G22/><T43/><D43/><U28/><E28/><V96/><F10/><W51/><G35/><T99/><D63/><U70/><N who="1" m="26707" /><U76/><DORA hai="134" /><E76/><V80/><F55/><N who="3" m="32111" /><G34/><T25/><D11/><U110/><E110/><V61/><F61/><W13/><G32/><T74/><D62/><U113/><E113/><V118/><F78/><W79/><G79/><T75/><D66/><U111/><E111/><V39/><F39/><W116/><G64/><T41/><D9/><U121/><N who="1" m="46641" /><U77/><DORA hai="127" /><E77/><V115/><F115/><W33/><G33/><T30/><D30/><U47/><AGARI ba="1,0" hai="47,50,54,128,129" m="32807,26707,46641" machi="47" ten="60,8000,1" yaku="34,2,52,2" doraHai="3,134,127" who="1" fromWho="1" sc="163,-21,382,83,200,-21,255,-41" /><INIT seed="4,0,0,2,2,40" ten="142,465,179,214" oya="0" hai0="122,58,76,48,92,36,72,80,33,30,115,69,65" hai1="107,67,1,106,6,51,26,113,87,103,57,121,8" hai2="34,77,2,59,41,55,93,119,18,105,86,5,114" hai3="95,111,70,31,4,38,66,22,7,35,102,24,25"/><T52/><D122/><U134/><E121/><V99/><F34/><W126/><G111/><T11/><D36/><U73/><E73/><V94/><F114/><W110/><G110/><T39/><D39/><U98/><E134/><V82/><F119/><W120/><G120/><T53/><D115/><U43/><E67/><V32/><F32/><W132/><G38/><T44/><D11/><U13/><E87/><V90/><F41/><W74/><G74/><T104/><D104/><U19/><E26/><V112/><F112/><W85/><G126/><T117/><D117/><U47/><E57/><V68/><F68/><W127/><G127/><T97/><D65/><U20/><E113/><V100/><F18/><W9/><G132/><T17/><D17/><U89/><E89/><V91/><F5/><W37/><G37/><T46/><D69/><U78/><E78/><V45/><F2/><W133/><G133/><T50/><D30/><U23/><E23/><V3/><F3/><W56/><G70/><T131/><D33/><U0/><E0/><V49/><F59/><W81/><G9/><T62/><D131/><U101/><E101/><V79/><REACH who="2" step="1"/><F105/><AGARI ba="0,0" hai="1,6,8,13,19,20,43,47,51,98,103,105,106,107" machi="105" ten="30,2000,0" yaku="7,1,52,1" doraHai="40" who="1" fromWho="2" sc="142,0,465,20,179,-20,214,0" /><INIT seed="5,0,0,3,4,118" ten="142,485,159,214" oya="1" hai0="109,131,30,84,78,120,107,110,133,25,56,2,52" hai1="105,17,39,21,97,29,126,62,72,100,132,108,106" hai2="18,51,90,79,81,44,1,91,15,85,82,13,75" hai3="0,66,129,7,35,74,124,60,117,134,112,96,95"/><U49/><E49/><V103/><F1/><W71/><RYUUKYOKU type="yao9" ba="0,0" sc="142,0,485,0,159,0,214,0" hai3="0,7,35,60,66,71,74,95,96,112,117,124,129,134" /><INIT seed="5,1,0,3,4,105" ten="142,485,159,214" oya="1" hai0="50,115,122,61,65,48,34,104,92,135,12,106,69" hai1="107,81,119,133,16,23,98,78,123,19,44,94,7" hai2="117,73,17,6,126,95,9,43,79,116,129,30,53" hai3="120,93,47,32,38,5,109,39,59,46,125,86,57"/><U54/><E16/><V22/><F30/><W24/><G109/><T124/><D34/><U27/><E23/><V56/><F129/><W130/><G5/><T42/><D115/><U84/><E19/><V82/><F126/><W132/><G120/><T89/><D124/><U77/><E27/><V72/><F43/><W37/><G125/><T85/><D135/><U70/><E7/><V60/><F73/><W113/><G113/><T25/><D25/><U100/><E54/><V28/><F28/><W83/><G93/><T134/><D134/><U10/><E44/><V29/><F29/><W31/><G132/><T114/><D114/><U102/><E10/><V68/><F68/><W11/><G11/><T128/><D128/><U18/><E70/><V112/><F95/><W63/><G59/><T76/><D76/><U51/><E18/><V62/><F62/><W36/><N who="3" m="9216" /><DORA hai="4" /><W40/><G40/><T21/><D122/><U3/><E51/><V52/><F53/><W49/><G49/><T74/><D74/><U26/><E26/><V91/><F91/><W131/><G130/><T55/><D42/><U66/><E66/><V8/><F112/><W41/><G41/><T13/><D50/><U20/><E123/><V75/><F75/><W99/><G99/><T80/><D80/><U103/><E133/><V2/><F8/><W87/><G131/><T35/><D35/><U111/><E98/><V88/><F88/><N who="3" m="51295" /><G87/><T45/><D21/><U0/><E84/><V96/><F96/><W64/><G32/><T15/><AGARI ba="1,0" hai="12,13,15,45,48,55,61,65,69,85,89,92,104,106" machi="15" ten="30,1100,0" yaku="0,1" doraHai="105,4" who="0" fromWho="0" sc="142,14,485,-6,159,-4,214,-4" /><INIT seed="6,0,0,2,5,28" ten="156,479,155,210" oya="2" hai0="8,23,17,7,60,52,113,89,45,93,61,123,134" hai1="116,11,124,56,50,12,114,78,66,20,3,80,103" hai2="43,85,34,38,54,49,27,69,92,57,119,64,105" hai3="71,10,84,46,29,126,4,117,125,115,68,47,120"/><V62/><F105/><W16/><G120/><T55/><D123/><U104/><E116/><V133/><F119/><W73/><G117/><T76/><D113/><U13/><E3/><V51/><F133/><W70/><G73/><T107/><D107/><U40/><E114/><V90/><F49/><W127/><G115/><T102/><D102/><U109/><E124/><V81/><F27/><W24/><G84/><T72/><D134/><U35/><E35/><V1/><F1/><N who="3" m="271" /><G16/><T21/><D76/><U130/><E109/><V122/><F122/><W106/><G106/><T39/><D72/><U31/><E130/><V132/><F132/><W63/><G63/><T108/><D108/><U14/><E103/><V2/><F2/><W41/><G41/><T96/><D39/><U98/><E40/><V79/><F34/><AGARI ba="0,0" hai="24,29,34,46,47,68,70,71,125,126,127" m="271" machi="34" ten="40,2600,0" yaku="18,1,52,1" doraHai="28" who="3" fromWho="2" sc="156,0,479,0,155,-26,210,26" /><INIT seed="7,0,0,1,2,88" ten="156,479,129,236" oya="3" hai0="7,135,114,6,97,112,38,131,69,76,99,74,121" hai1="123,13,124,80,87,11,100,12,47,81,111,132,54" hai2="134,108,37,105,103,5,29,98,122,101,34,20,128" hai3="24,45,39,32,75,110,125,129,70,49,0,8,31"/><W36/><G75/><T79/><D69/><U62/><E111/><V127/><F108/><W35/><G110/><T84/><D38/><U133/><E124/><V9/><F127/><W61/><G35/><T65/><D65/><U60/><E123/><V116/><F116/><W104/><G125/><T95/><D7/><U68/><E100/><V59/><F37/><W117/><G117/><T51/><D51/><U55/><E68/><V96/><F122/><W58/><G129/><T4/><D4/><U120/><E87/><V15/><F128/><W130/><G130/><T30/><D30/><U86/><E86/><V2/><F134/><W27/><G27/><T10/><D135/><U21/><E21/><V52/><F34/><W33/><G33/><T82/><D131/><U93/><E93/><V50/><F29/><W16/><G104/><T89/><D121/><U14/><E120/><V64/><F64/><W46/><G46/><T78/><D10/><U18/><E14/><V23/><REACH who="2" step="1"/><F2/><REACH who="2" ten="156,479,119,236" step="2"/><W71/><G39/><T43/><D6/><U92/><E80/><V3/><F3/><W17/><G36/><T77/><REACH who="0" step="1"/><D43/><REACH who="0" ten="146,479,119,236" step="2"/><U66/><E13/><V22/><F22/><N who="3" m="15767" /><G0/><T90/><D90/><U56/><E47/><V44/><F44/><W28/><G28/><T1/><D1/><U41/><E132/><V26/><F26/><W19/><G32/><T126/><D126/><U118/><E133/><V85/><F85/><W94/><G45/><T106/><D106/><AGARI ba="0,2" hai="5,9,15,20,23,50,52,59,96,98,101,103,105,106" machi="106" ten="30,7700,0" yaku="1,1,7,1,9,1,54,1,53,0" doraHai="88" doraHaiUra="40" who="2" fromWho="0" sc="146,-77,479,0,119,97,236,0" owari="69,-43.1,479,57.9,216,-18.4,236,3.6" /></mjloggm>