<mjloggm ver="2.3"><GO type="169" lobby="0"/><UN n0="%E7%AD%89%E3%80%85%E5%8A%9B%E5%8A%87%E5%A0%B4" n1="%46%75%4B%61" n2="%6D%61%6A%75%6E%69%61" n3="%E3%81%AA%E3%81%88%E3%81%A8%E3%82%8B" dan="16,16,17,16" rate="2136.52,2069.75,2172.68,2137.56" sx="M,M,M,M"/><TAIKYOKU oya="0"/><INIT seed="0,0,0,0,2,68" ten="250,250,250,250" oya="0" hai0="50,20,35,101,135,103,34,98,132,62,39,121,123" hai1="81,78,13,52,1,19,79,49,44,5,29,27,16" hai2="129,113,117,9,76,93,92,119,48,110,2,7,130" hai3="69,11,111,84,82,43,42,26,56,73,40,126,127"/><T58/><D50/><U87/><E1/><V102/><F113/><W61/><G73/><T100/><D98/><U67/><E67/><V99/><F110/><W74/><G74/><T95/><D95/><U85/><E5/><V80/><F48/><W47/><G111/><T112/><D20/><U53/><E53/><V8/><F92/><W32/><G11/><T108/><D108/><U134/><E134/><N who="0" m="51241" /><D112/><U106/><E106/><V25/><F25/><W51/><G26/><T72/><D72/><U38/><E38/><V104/><F93/><W15/><G15/><T59/><D62/><U124/><E124/><N who="3" m="47658" /><G32/><N who="0" m="12331" /><D39/><U55/><E55/><V71/><F8/><W114/><G114/><T23/><D23/><N who="1" m="15615" /><E13/><V109/><F109/><W17/><G17/><N who="1" m="6730" /><E87/><V105/><F104/><W75/><G75/><T118/><D118/><U116/><E116/><N who="2" m="44619" /><F71/><W31/><G31/><T131/><D131/><N who="2" m="50186" /><F80/><W88/><G69/><T94/><D94/><U41/><E41/><V57/><F57/><AGARI ba="0,0" hai="57,58,59,100,101,103,121,123" m="12331,51241" machi="57" ten="40,7700,0" yaku="28,2,20,1" doraHai="68" who="0" fromWho="2" sc="250,77,250,0,250,-77,250,0" /><INIT seed="0,1,0,2,0,121" ten="327,250,173,250" oya="0" hai0="18,109,134,80,84,48,67,96,118,78,45,26,7" hai1="117,125,87,86,34,73,69,79,135,111,88,106,44" hai2="100,43,51,6,97,29,93,22,30,77,110,31,50" hai3="58,25,105,3,132,95,74,19,61,24,55,53,40"/><T41/><D118/><U101/><E69/><V82/><F6/><W37/><G105/><T57/><D134/><U124/><E34/><V23/><F110/><W99/><G132/><T59/><D7/><U33/><E33/><V127/><F127/><N who="1" m="48713" /><E135/><V120/><F120/><W38/><G74/><T128/><D128/><U70/><E70/><V90/><F100/><W129/><G129/><T119/><D119/><U130/><E130/><V133/><F133/><W20/><G3/><T123/><D123/><U46/><E117/><V62/><F62/><W131/><G40/><T85/><D67/><U27/><E27/><V52/><F43/><W102/><G131/><T0/><D0/><U10/><E10/><V116/><F51/><W17/><REACH who="3" step="1"/><G53/><REACH who="3" ten="327,250,173,240" step="2"/><T35/><D41/><U81/><E73/><V76/><F116/><W9/><G9/><T8/><D8/><U114/><E114/><V104/><F104/><W49/><G49/><T92/><D48/><U64/><E64/><V89/><F89/><W4/><G4/><T72/><D72/><U71/><E71/><V28/><N who="2" m="7168" /><DORA hai="5" /><V83/><F77/><W11/><G11/><T112/><D78/><U98/><E111/><V63/><F63/><W36/><G36/><T91/><D109/><U115/><E115/><V14/><F76/><W60/><G60/><T39/><D112/><U126/><E126/><V65/><F65/><W113/><G113/><T103/><D39/><U13/><E13/><V54/><F54/><W94/><G94/><AGARI ba="1,1" hai="44,46,79,81,86,87,88,94,98,101,106" m="48713" machi="94" ten="30,2000,0" yaku="18,1,54,1" doraHai="121,5" who="1" fromWho="3" sc="327,0,250,33,173,0,240,-23" /><INIT seed="1,0,0,5,2,123" ten="327,283,173,217" oya="1" hai0="91,116,104,93,35,59,83,71,62,0,58,33,128" hai1="8,69,16,31,52,109,19,125,80,2,114,3,121" hai2="26,7,55,102,38,65,79,88,42,84,1,14,5" hai3="112,54,134,12,135,118,22,95,124,50,129,94,87"/><U85/><E121/><V132/><F132/><N who="3" m="50731" /><G112/><T46/><D116/><U110/><E114/><V115/><F115/><W17/><G118/><T49/><D104/><U57/><E125/><V6/><F79/><W27/><G124/><T96/><D0/><U119/><E119/><V76/><F76/><W43/><G129/><T53/><D128/><U66/><E31/><V78/><F78/><W100/><G43/><T13/><D83/><U39/><E39/><V4/><F1/><W82/><G27/><T117/><D117/><U120/><E120/><V86/><F102/><W103/><G82/><T34/><D71/><U18/><E69/><V98/><F65/><W81/><G81/><T32/><N who="0" m="8192" /><DORA hai="24" /><T101/><D13/><U56/><E66/><V15/><N who="2" m="1024" /><DORA hai="9" /><V40/><F26/><W37/><G37/><T10/><D10/><U97/><E97/><V64/><F64/><W77/><G77/><T90/><REACH who="0" step="1"/><D59/><REACH who="0" ten="317,283,173,217" step="2"/><U68/><E8/><V131/><F131/><W106/><G106/><T44/><D44/><U20/><E56/><V92/><F38/><W122/><G94/><T11/><D11/><U130/><E130/><V70/><F70/><W75/><G122/><T41/><AGARI ba="0,1" hai="41,46,49,53,58,62,90,91,93,96,101" m="8192" machi="41" ten="60,12000,2" yaku="1,1,0,1,53,4" doraHai="123,24,9" doraHaiUra="111,74,29" who="0" fromWho="0" sc="317,130,283,-60,173,-30,217,-30" /><INIT seed="2,0,0,4,4,130" ten="447,223,143,187" oya="2" hai0="74,83,92,135,46,62,32,56,6,82,20,98,9" hai1="13,25,22,118,26,124,65,38,1,14,4,134,78" hai2="67,23,125,84,8,103,107,39,105,86,111,91,21" hai3="94,64,28,72,7,76,36,102,51,104,58,116,99"/><V0/><F39/><W66/><G36/><T18/><D32/><U55/><E118/><V47/><F125/><W40/><G116/><T12/><D74/><U49/><E38/><V108/><F67/><W89/><G7/><T54/><D46/><U90/><E78/><V106/><F103/><W24/><G76/><T113/><D113/><U16/><E65/><V133/><F133/><W71/><G72/><T109/><D109/><N who="2" m="42058" /><F47/><W115/><G71/><T41/><D41/><U93/><E124/><V60/><F60/><W33/><G115/><T61/><D61/><U132/><E1/><V114/><F114/><W119/><G119/><T17/><D135/><N who="1" m="51755" /><E4/><N who="2" m="1031" /><F86/><W48/><G40/><T73/><D73/><U53/><E13/><V122/><F122/><W131/><G131/><T10/><D9/><U127/><E127/><V63/><F63/><W31/><G64/><T45/><D45/><N who="1" m="27823" /><E55/><V120/><F120/><W2/><G2/><T42/><D42/><U128/><E128/><V88/><F91/><W69/><G66/><T57/><D6/><U87/><AGARI ba="0,0" hai="14,16,22,25,26,87,90,93" m="27823,51755" machi="87" ten="30,8000,1" yaku="20,1,52,3,54,1" doraHai="130" who="1" fromWho="1" sc="447,-20,223,80,143,-40,187,-20" /><INIT seed="3,0,0,1,5,84" ten="427,303,103,167" oya="3" hai0="106,110,13,20,54,102,78,113,33,133,103,49,63" hai1="105,120,118,117,12,134,9,101,58,69,40,80,88" hai2="126,44,16,41,10,74,89,62,15,87,36,71,39" hai3="2,100,21,0,17,114,67,76,96,92,72,64,26"/><W7/><G114/><T130/><D33/><U18/><E120/><V83/><F126/><W81/><REACH who="3" step="1"/><G7/><REACH who="3" ten="427,303,103,157" step="2"/><T35/><D113/><U95/><E118/><V45/><F74/><W25/><G25/><T128/><D128/><U65/><E117/><V97/><F97/><W48/><G48/><T132/><D49/><U34/><E134/><V111/><F111/><W30/><G30/><T50/><D50/><U28/><E28/><V19/><F44/><W46/><G46/><T1/><D130/><U123/><E123/><V61/><F39/><W98/><G98/><T47/><D47/><U3/><E34/><V135/><F135/><W60/><G60/><T53/><D63/><U86/><E40/><V8/><REACH who="2" step="1"/><F71/><REACH who="2" ten="427,303,93,157" step="2"/><W70/><G70/><T24/><D133/><U79/><E69/><V91/><F91/><W82/><G82/><T93/><D132/><U107/><E101/><V57/><F57/><W127/><G127/><T121/><D103/><U56/><E56/><V112/><F112/><W108/><G108/><T29/><D102/><U73/><E58/><V37/><F37/><W115/><G115/><T109/><D110/><U85/><E85/><V11/><F11/><W51/><G51/><T22/><D109/><U90/><E90/><V125/><F125/><W27/><G27/><T129/><D24/><U124/><E124/><V116/><F116/><W94/><G94/><T119/><D93/><U52/><E86/><V99/><F99/><W6/><G6/><T104/><D119/><U14/><E88/><V75/><F75/><W59/><G59/><T5/><D5/><RYUUKYOKU ba="0,2" sc="427,-15,303,-15,93,15,157,15" hai2="8,10,15,16,19,36,41,45,61,62,83,87,89" hai3="0,2,17,21,26,64,67,72,76,81,92,96,100" /><INIT seed="3,1,2,5,2,32" ten="412,288,108,172" oya="3" hai0="72,79,18,59,108,90,95,61,73,125,12,65,56" hai1="16,133,101,66,74,60,114,76,118,81,85,36,70" hai2="88,24,106,83,43,57,13,0,47,75,123,135,116" hai3="22,128,121,50,86,64,62,10,92,40,25,23,80"/><W134/><G121/><T17/><D108/><U131/><E118/><V44/><F116/><W111/><G134/><T31/><D125/><U51/><E114/><V119/><F119/><W19/><G128/><T127/><D127/><U3/><E133/><V102/><F135/><W97/><G111/><T115/><D115/><U53/><E131/><V132/><F132/><W21/><G10/><T113/><D113/><U15/><E36/><V103/><F47/><N who="3" m="25959" /><G62/><T6/><D31/><U29/><E29/><V33/><F106/><W9/><G64/><T91/><D6/><U5/><E101/><V71/><F71/><W46/><G46/><T117/><D117/><U1/><E5/><V67/><F0/><W39/><G9/><T77/><D61/><U82/><E82/><V109/><F109/><W7/><G7/><T28/><D28/><U112/><E74/><V55/><F33/><W99/><G39/><T122/><D65/><U129/><E129/><V105/><F67/><W26/><G92/><T68/><D95/><U124/><E124/><V41/><F105/><W45/><G45/><T14/><REACH who="0" step="1"/><D68/><REACH who="0" ten="402,288,108,172" step="2"/><U48/><E112/><V93/><F123/><AGARI ba="1,3" hai="12,14,17,18,56,59,72,73,77,79,90,91,122,123" machi="123" ten="25,6400,0" yaku="1,1,2,1,22,2,53,0" doraHai="32" doraHaiUra="34" who="0" fromWho="2" sc="402,97,288,0,108,-67,172,0" /><INIT seed="4,0,0,0,0,60" ten="499,288,41,172" oya="0" hai0="105,131,93,86,0,100,122,70,129,84,14,90,127" hai1="121,42,57,99,111,98,126,53,46,38,52,6,108" hai2="74,56,68,5,72,29,81,11,37,45,28,24,21" hai3="33,13,65,17,49,91,109,34,7,92,40,59,67"/><T132/><D0/><U15/><E121/><V114/><F114/><W85/><G109/><T32/><D32/><U54/><E126/><V18/><F68/><W71/><G71/><T87/><D70/><U51/><E108/><V125/><F125/><W83/><G34/><T117/><D127/><U62/><E111/><V61/><F72/><W94/><G33/><T115/><D14/><U50/><E6/><V89/><F89/><W119/><G7/><T30/><D30/><U36/><E15/><V97/><F97/><W96/><G119/><T69/><D69/><U2/><E2/><V22/><F22/><N who="3" m="11567" /><G94/><T88/><D122/><U63/><E98/><V55/><F11/><W112/><G112/><T134/><D115/><U95/><E95/><V110/><F5/><W66/><G40/><T133/><D117/><U104/><E104/><V9/><F9/><W116/><G116/><T120/><D120/><U8/><E99/><V25/><F25/><W20/><G20/><T31/><D31/><U123/><E8/><V79/><REACH who="2" step="1"/><F110/><REACH who="2" ten="499,288,31,172" step="2"/><W64/><G96/><N who="0" m="59407" /><D105/><U19/><E123/><V75/><F75/><W82/><N who="3" m="16384" /><DORA hai="103" /><W27/><G27/><T41/><D133/><U124/><E124/><V73/><F73/><W4/><G4/><T130/><D134/><U3/><E3/><V102/><F102/><W107/><G107/><T47/><D132/><U76/><E19/><V106/><F106/><W78/><G78/><T23/><D131/><U77/><E76/><V10/><F10/><W135/><G135/><T128/><D130/><U48/><E77/><V16/><F16/><RYUUKYOKU ba="0,1" sc="499,-15,288,-15,31,15,172,15" hai2="18,21,24,28,29,37,45,55,56,61,74,79,81" hai3="49,59,82,83,85,91,92" /><INIT seed="5,1,1,4,5,12" ten="484,273,46,187" oya="1" hai0="84,130,88,43,73,5,59,95,89,8,128,38,0" hai1="17,78,86,33,16,99,28,31,77,10,6,40,120" hai2="71,135,27,19,91,76,132,98,68,66,11,75,106" hai3="101,119,32,109,65,83,60,72,113,57,53,29,97"/><U64/><E120/><V81/><F66/><W41/><G109/><T121/><D73/><U30/><E33/><V104/><F91/><W50/><G113/><T133/><D133/><U4/><E64/><V15/><F27/><W105/><G119/><T100/><D121/><U126/><E126/><V20/><F20/><W1/><G1/><T48/><D38/><U122/><E122/><V90/><F90/><W36/><G36/><T47/><D100/><U94/><E40/><V131/><F131/><W114/><G41/><T125/><D125/><U118/><E118/><V25/><F25/><W107/><G107/><T115/><D115/><U45/><E45/><V21/><F21/><W112/><G72/><T51/><D89/><U110/><E110/><V62/><F62/><W127/><G127/><T103/><D103/><U96/><E86/><V7/><F7/><N who="1" m="2601" /><E10/><V123/><F123/><W3/><G83/><T34/><D34/><U13/><E13/><V63/><F63/><W80/><G80/><T22/><D22/><U52/><E52/><V14/><F14/><W46/><G3/><T18/><D51/><U37/><E37/><V69/><REACH who="2" step="1"/><F98/><REACH who="2" ten="484,273,36,187" step="2"/><N who="1" m="37417" /><E94/><V74/><F74/><W35/><G35/><T61/><D95/><U134/><E134/><AGARI ba="1,2" hai="11,15,19,68,69,71,75,76,81,104,106,132,134,135" machi="134" ten="50,6400,0" yaku="1,1,20,1,52,1,53,0" doraHai="12" doraHaiUra="23" who="2" fromWho="1" sc="484,0,273,-67,36,87,187,0" /><INIT seed="6,0,0,4,4,132" ten="484,206,123,187" oya="2" hai0="96,60,1,111,14,78,93,72,8,120,94,118,131" hai1="76,26,37,65,86,105,27,80,64,62,38,50,39" hai2="124,109,122,18,45,34,3,121,58,28,2,71,29" hai3="112,51,79,67,82,52,90,17,24,87,61,5,49"/><V54/><F71/><W48/><G112/><T36/><D111/><U40/><E105/><V30/><F34/><W56/><G5/><T91/><D120/><U25/><E50/><V42/><F109/><W128/><G128/><T113/><D36/><U77/><E40/><V92/><F121/><W106/><G106/><T11/><D113/><U9/><E9/><V84/><F122/><W107/><G107/><T98/><D131/><U19/><E19/><V100/><F18/><W12/><G24/><T114/><D114/><U66/><E62/><V41/><F124/><W88/><G67/><T59/><D118/><U63/><E63/><V73/><F73/><W46/><G46/><T110/><D110/><U33/><E33/><V97/><F84/><W69/><G69/><T4/><D72/><U0/><E0/><V126/><F126/><W108/><G108/><T123/><D78/><AGARI ba="0,0" hai="25,26,27,37,38,39,64,65,66,76,77,78,80,86" machi="78" ten="50,3200,0" yaku="29,2" doraHai="132" who="1" fromWho="0" sc="484,-32,206,32,123,0,187,0" /><INIT seed="7,0,0,0,4,94" ten="452,238,123,187" oya="3" hai0="41,120,22,113,12,34,74,58,38,72,112,50,102" hai1="32,62,52,119,107,65,77,116,87,5,84,26,53" hai2="91,13,78,88,132,108,61,127,3,64,0,131,133" hai3="114,95,54,36,68,96,90,66,104,8,134,101,126"/><W93/><G114/><N who="0" m="44139" /><D34/><U123/><E123/><V31/><F108/><W67/><G54/><N who="1" m="21098" /><E107/><V98/><F127/><W73/><G66/><T117/><D117/><N who="1" m="45131" /><E5/><V57/><F131/><W92/><G8/><T71/><D71/><N who="1" m="42423" /><E77/><V105/><F78/><W135/><G126/><T1/><D1/><U103/><E103/><V59/><F31/><AGARI ba="0,0" hai="26,31,32,84,87" m="42423,45131,21098" machi="31" ten="30,2000,0" yaku="12,1,54,1" doraHai="94" who="1" fromWho="2" sc="452,0,238,20,123,-20,187,0" owari="452,55.2,258,5.8,103,-39.7,187,-21.3" /></mjloggm>