<mjloggm ver="2.3"><GO type="169" lobby="0"/><UN n0="%E7%99%BE%E9%87%8E%E3%81%95%E3%82%93" n1="%E3%81%95%E3%81%8B%E3%81%8D" n2="%64%6F%6E%63%68%61%6E%33" n3="%E5%A5%88%E8%89%AF%E3%82%B7%E3%82%AB%E3%83%9E%E3%83%AB%EF%BC%81" dan="17,17,16,16" rate="2180.20,2219.67,2154.12,2153.78" sx="M,M,M,M"/><TAIKYOKU oya="0"/><INIT seed="0,0,0,4,1,101" ten="250,250,250,250" oya="0" hai0="127,82,81,21,83,77,15,126,5,44,86,125,110" hai1="42,71,0,66,104,40,120,60,19,32,30,46,18" hai2="111,54,43,52,22,106,26,90,87,109,68,95,20" hai3="98,41,55,31,91,129,84,70,78,17,131,8,62"/><T6/><D44/><U75/><E120/><V113/><F113/><W73/><G31/><T123/><D123/><U133/><E75/><V134/><F134/><W115/><G115/><T29/><D110/><N who="2" m="41994" /><F68/><W76/><G41/><T63/><D63/><U59/><E0/><V119/><F119/><W130/><G73/><T28/><D77/><U2/><E2/><V56/><F43/><W24/><G98/><T89/><D15/><U33/><E133/><V27/><F106/><W97/><G97/><T37/><D37/><U107/><E42/><V85/><F85/><W38/><G38/><T114/><D114/><U65/><E65/><V116/><F116/><W121/><G121/><T128/><D128/><U58/><E58/><V135/><F135/><W79/><G55/><T57/><D57/><U23/><E59/><V88/><F90/><W96/><G96/><T61/><D61/><U117/><E117/><V69/><F69/><W49/><G49/><T102/><D102/><U105/><E30/><N who="0" m="11881" /><D21/><N who="2" m="8298" /><F54/><W9/><G62/><AGARI ba="0,0" hai="26,27,52,56,62,87,88,95" m="8298,41994" machi="62" ten="30,3900,0" yaku="14,1,54,2" doraHai="101" who="2" fromWho="3" sc="250,0,250,0,250,39,250,-39" /><INIT seed="1,0,0,5,2,98" ten="250,250,289,211" oya="1" hai0="58,7,133,12,22,117,84,80,67,49,11,126,106" hai1="44,43,56,19,29,16,10,63,30,69,72,21,64" hai2="82,32,5,101,36,97,108,68,119,134,121,59,60" hai3="39,122,99,124,95,15,93,109,48,61,50,116,83"/><U33/><E72/><V111/><F119/><W51/><G122/><T53/><D126/><U62/><E33/><V103/><F121/><W100/><G124/><T113/><D133/><U86/><E86/><V85/><F134/><W96/><G39/><T20/><D117/><U24/><E10/><V14/><F36/><W131/><G109/><N who="2" m="42057" /><F68/><W6/><G131/><T34/><D34/><U114/><E114/><V8/><F97/><W89/><G116/><T18/><D106/><U118/><E30/><V132/><F32/><W76/><G61/><T90/><D113/><U55/><REACH who="1" step="1"/><E118/><REACH who="1" ten="250,240,289,211" step="2"/><V0/><F132/><W107/><G6/><T41/><D22/><U77/><E77/><N who="2" m="46287" /><F0/><W27/><G107/><T75/><D75/><U79/><E79/><V91/><F91/><W92/><G76/><T9/><D9/><U1/><E1/><V94/><F94/><W70/><G95/><T115/><D115/><U57/><E57/><V87/><F87/><W129/><G83/><T13/><D90/><U81/><E81/><V31/><F31/><W4/><G70/><T23/><D84/><U112/><E112/><V102/><F59/><W125/><G125/><T37/><D80/><U45/><E45/><V54/><F60/><W127/><G127/><T3/><D3/><U42/><E42/><V130/><F130/><W120/><G129/><T74/><D74/><U128/><E128/><V40/><F40/><W17/><G120/><T28/><D28/><U47/><E47/><V52/><AGARI ba="0,1" hai="5,8,14,52,54,101,102,103" m="46287,42057" machi="52" ten="40,8000,1" yaku="14,1,52,3,54,1" doraHai="98" who="2" fromWho="2" sc="250,-20,240,-40,289,90,211,-20" /><INIT seed="2,0,0,1,5,37" ten="230,200,379,191" oya="2" hai0="41,70,18,104,46,134,39,61,116,135,106,14,108" hai1="26,55,24,128,64,98,119,122,82,9,132,11,15" hai2="57,21,118,5,99,86,79,35,95,109,87,68,25" hai3="97,100,110,112,83,114,131,17,103,101,27,43,13"/><V113/><F118/><W117/><G117/><T65/><D108/><U28/><E119/><V121/><F68/><W81/><G110/><T8/><REACH who="0" step="1"/><D116/><REACH who="0" ten="220,200,379,191" step="2"/><U52/><E122/><V0/><F109/><W133/><G114/><T16/><D16/><U62/><E128/><V53/><F113/><W7/><G112/><T58/><D58/><U32/><E132/><AGARI ba="0,1" hai="8,14,18,39,41,46,61,65,70,104,106,132,134,135" machi="132" ten="40,5200,0" yaku="1,1,20,1,52,1,53,0" doraHai="37" doraHaiUra="93" who="0" fromWho="1" sc="220,62,200,-52,379,0,191,0" /><INIT seed="3,0,0,3,0,41" ten="282,148,379,191" oya="3" hai0="95,90,46,96,122,68,121,22,113,117,59,19,42" hai1="127,15,125,132,83,94,7,11,119,12,124,6,32" hai2="38,50,79,104,118,20,72,64,39,123,30,65,73" hai3="66,110,43,44,74,135,103,26,101,106,75,54,3"/><W9/><G135/><T2/><D117/><U67/><E67/><V10/><F104/><W128/><G128/><T114/><D68/><U112/><E94/><V133/><F118/><W87/><G110/><T71/><D71/><U23/><E83/><V78/><F10/><W25/><G66/><T16/><D2/><U31/><E119/><V97/><F20/><W18/><G54/><T5/><D5/><U92/><E92/><V55/><F30/><W53/><G53/><T126/><D126/><U98/><E98/><V108/><F97/><W102/><G106/><T0/><D0/><U105/><E105/><V21/><F21/><W27/><G87/><T14/><D59/><U58/><E58/><V76/><F123/><W40/><G40/><T62/><D62/><U35/><E112/><N who="0" m="43113" /><D19/><N who="1" m="10727" /><E132/><V81/><F133/><W120/><G120/><T86/><D96/><U34/><E6/><V1/><F64/><W85/><G85/><T70/><D70/><U37/><E37/><AGARI ba="0,0" hai="14,16,22,37,42,46,86,90,95,121,122" m="43113" machi="37" ten="30,3900,0" yaku="11,1,52,1,54,1" doraHai="41" who="0" fromWho="1" sc="282,39,148,-39,379,0,191,0" /><INIT seed="4,0,0,0,2,56" ten="321,109,379,191" oya="0" hai0="79,107,9,112,115,80,26,129,100,82,40,94,32" hai1="119,8,101,13,77,71,128,68,98,76,10,20,5" hai2="81,105,122,1,91,41,64,67,113,96,30,97,15" hai3="58,126,61,87,130,55,103,102,85,14,50,78,35"/><T99/><D32/><U131/><E119/><V132/><F1/><W114/><G114/><N who="0" m="43563" /><D40/><U12/><E20/><V118/><F113/><W4/><G126/><T69/><D69/><U124/><E124/><V31/><F122/><W86/><G130/><N who="1" m="49706" /><E71/><V34/><F34/><W60/><G35/><T11/><D129/><U17/><E68/><V46/><F132/><W116/><G78/><T109/><D26/><U19/><E5/><V65/><F118/><W48/><G116/><T3/><D3/><U66/><E66/><V0/><F0/><W72/><G72/><N who="0" m="43111" /><D109/><U6/><E6/><V28/><F105/><AGARI ba="0,0" hai="8,10,12,13,17,19,76,77,98,101,105" m="49706" machi="105" ten="30,1000,0" yaku="19,1" doraHai="56" who="1" fromWho="2" sc="321,0,109,10,379,-10,191,0" /><INIT seed="5,0,0,5,2,66" ten="321,119,369,191" oya="1" hai0="25,119,94,1,96,65,76,49,57,10,24,44,98" hai1="52,63,121,14,81,19,89,42,60,50,20,31,128" hai2="106,100,33,47,73,116,22,69,64,72,82,21,61" hai3="3,120,62,110,124,12,95,7,91,8,18,23,32"/><U104/><E128/><V56/><F116/><W111/><G120/><T53/><D119/><U28/><E121/><V113/><F113/><W122/><G122/><T132/><D132/><U9/><E104/><V67/><F33/><W130/><G130/><T11/><D96/><U0/><E42/><V105/><F47/><W74/><G74/><T88/><D76/><U46/><E0/><V41/><F41/><W59/><G32/><T79/><D79/><U115/><E115/><V30/><F30/><N who="1" m="11305" /><E20/><V29/><F29/><W84/><REACH who="3" step="1"/><G124/><REACH who="3" ten="321,119,369,181" step="2"/><T127/><D127/><U78/><E78/><V134/><F72/><W109/><G109/><T58/><D1/><U133/><E133/><V117/><F73/><W38/><G38/><T70/><D25/><U16/><E19/><V5/><F134/><W126/><G126/><T83/><D24/><U108/><E108/><V26/><F26/><W15/><G15/><T101/><D10/><U93/><E81/><V103/><F82/><W97/><G97/><AGARI ba="0,1" hai="9,14,16,46,50,52,60,63,89,93,97" m="11305" machi="97" ten="30,5800,0" yaku="8,1,54,2" doraHai="66" who="1" fromWho="3" sc="321,0,119,68,369,0,181,-58" /><INIT seed="5,1,0,3,5,33" ten="321,187,369,123" oya="1" hai0="97,123,26,6,19,134,115,93,106,61,131,76,17" hai1="28,54,69,112,34,135,1,58,51,43,73,67,101" hai2="121,100,74,44,119,7,78,82,99,84,53,129,13" hai3="107,48,27,75,8,83,3,20,10,46,117,62,130"/><U87/><E73/><V114/><F121/><W133/><G107/><T37/><D123/><U113/><E135/><V94/><F119/><W59/><G133/><T12/><D134/><U89/><E101/><V2/><F129/><W91/><G130/><T104/><D37/><U23/><E34/><V118/><F118/><W16/><G117/><T125/><D131/><U126/><E126/><V64/><F64/><W132/><G132/><T105/><D115/><N who="1" m="44107" /><E43/><V122/><F122/><W5/><G10/><T65/><D76/><U38/><E38/><V0/><F114/><W40/><G91/><T66/><D125/><U80/><E1/><V116/><F116/><W81/><REACH who="3" step="1"/><G75/><REACH who="3" ten="321,187,369,113" step="2"/><T25/><D105/><U90/><E90/><V109/><F74/><W110/><G110/><T88/><D104/><U41/><E89/><V42/><F109/><W86/><G86/><T108/><D106/><U63/><E87/><V22/><F84/><W79/><G79/><T85/><D108/><U55/><E80/><V49/><F82/><W68/><G68/><T36/><D85/><U9/><E9/><V24/><F78/><W18/><G18/><T111/><D111/><U92/><E92/><V128/><F94/><W120/><G120/><T103/><D19/><U14/><E69/><V57/><F128/><W71/><G71/><T56/><D17/><N who="1" m="10679" /><E28/><N who="2" m="17431" /><F100/><W11/><G11/><N who="0" m="4215" /><D103/><U124/><E124/><V95/><F95/><W35/><G35/><T127/><D127/><U4/><E4/><V52/><F7/><W70/><G70/><T102/><D102/><U60/><E60/><V32/><F32/><RYUUKYOKU ba="1,1" sc="321,-15,187,15,369,-15,113,15" hai1="41,51,54,55,58,63,67" hai3="3,5,8,16,20,27,40,46,48,59,62,81,83" /><INIT seed="5,2,1,5,3,56" ten="306,202,354,128" oya="1" hai0="41,30,24,33,5,83,107,22,32,25,101,21,59" hai1="36,119,54,89,53,37,115,57,52,8,0,15,28" hai2="29,109,106,124,112,120,40,1,123,95,135,7,6" hai3="49,11,18,110,76,60,132,81,2,62,17,129,111"/><U74/><E119/><V125/><F106/><W68/><G68/><T13/><D41/><U42/><E0/><V113/><F109/><W20/><G129/><T116/><D116/><U128/><E74/><V108/><F108/><W96/><G132/><T46/><D46/><U51/><E128/><V131/><F40/><W134/><G134/><T3/><D83/><U105/><E105/><V126/><F135/><W72/><G111/><T122/><D122/><N who="2" m="46634" /><F131/><W58/><G110/><T16/><D107/><U27/><E89/><V47/><F47/><W86/><G72/><T67/><D101/><U63/><E42/><V39/><F39/><W117/><G117/><T10/><D67/><U121/><E121/><V84/><F29/><W90/><G58/><T79/><D59/><U31/><E31/><V98/><F84/><W55/><G2/><T103/><D103/><U77/><E77/><V73/><F73/><W78/><G11/><N who="0" m="2495" /><D79/><N who="3" m="30249" /><G18/><AGARI ba="2,1" hai="10,13,16,18,21,22,24,25,30,32,33" m="2495" machi="18" ten="30,12000,2" yaku="35,5,54,1" doraHai="56" who="0" fromWho="3" sc="306,136,202,0,354,0,128,-126" /><INIT seed="6,0,0,4,5,68" ten="442,202,354,2" oya="2" hai0="73,93,16,89,90,39,49,117,77,36,100,61,80" hai1="86,70,1,133,120,15,17,25,72,54,115,12,65" hai2="85,23,29,0,122,10,81,19,34,96,13,22,57" hai3="33,30,121,31,2,71,78,94,14,21,18,111,108"/><V131/><F122/><W11/><G71/><T102/><D61/><U55/><E72/><V47/><F131/><W51/><G51/><T26/><D49/><U124/><E1/><V60/><F96/><W129/><G78/><T98/><D117/><U134/><E120/><V59/><F59/><W116/><G94/><T56/><D56/><U84/><E70/><V44/><F23/><W69/><G69/><T48/><D48/><U50/><E50/><V41/><F34/><W28/><G121/><T74/><D74/><U32/><E32/><V110/><F110/><N who="3" m="42027" /><G116/><T27/><D27/><U105/><E25/><V46/><F0/><W91/><G91/><T53/><D53/><U118/><E105/><V76/><F29/><W79/><G79/><T103/><D89/><U62/><E62/><V9/><REACH who="2" step="1"/><F41/><REACH who="2" ten="442,202,344,2" step="2"/><W135/><G129/><T128/><D128/><U107/><E118/><V4/><F4/><N who="3" m="1431" /><G135/><T119/><D119/><U35/><E134/><V113/><F113/><W130/><G130/><T87/><D103/><U82/><E115/><V40/><F40/><W99/><G99/><T64/><D102/><U58/><E133/><V123/><F123/><W42/><G42/><T97/><D98/><U8/><E58/><V125/><F125/><W95/><G95/><T5/><D5/><U101/><E124/><V114/><F114/><W92/><G92/><T132/><D132/><U38/><E107/><V7/><F7/><W63/><G63/><T43/><D43/><U6/><E6/><V112/><F112/><W126/><G33/><T109/><D97/><U67/><E101/><RYUUKYOKU ba="0,1" sc="442,-15,202,-15,344,15,2,15" hai2="9,10,13,19,22,44,46,47,57,60,76,81,85" hai3="14,18,21,28,30,31,126" /><INIT seed="6,1,1,3,2,82" ten="427,187,359,17" oya="2" hai0="35,79,123,89,66,30,18,105,8,62,88,37,120" hai1="38,83,1,60,11,131,21,132,121,81,39,97,109" hai2="61,90,133,64,6,108,50,20,9,103,129,67,10" hai3="53,13,85,126,59,96,17,0,36,68,106,128,75"/><V57/><F133/><W115/><G75/><T94/><D37/><U58/><E109/><V101/><F129/><W127/><G36/><T93/><D105/><U46/><E131/><V26/><F108/><W99/><G0/><T107/><D107/><U2/><E132/><V52/><F90/><W42/><G68/><T102/><D102/><U112/><E112/><V77/><F77/><W34/><G42/><T40/><D40/><U63/><E97/><V19/><F67/><W27/><G128/><T74/><D35/><U24/><E21/><V84/><F84/><W41/><G41/><T69/><D30/><U48/><E11/><V78/><F78/><W125/><G106/><T33/><D33/><U119/><E58/><V134/><F10/><W55/><G85/><T80/><D89/><U22/><E22/><V116/><F116/><W14/><G55/><T7/><D18/><U114/><E114/><V12/><REACH who="2" step="1"/><F134/><REACH who="2" ten="427,187,349,17" step="2"/><W110/><G110/><T4/><D8/><U3/><E119/><V118/><F118/><W87/><G87/><T71/><D120/><U43/><E121/><V104/><F104/><W23/><G115/><T29/><D123/><U130/><E130/><V49/><F49/><N who="3" m="31151" /><G34/><T113/><D113/><U56/><E39/><V25/><F25/><W111/><G111/><T45/><D79/><U54/><E24/><V135/><F135/><W122/><G122/><T95/><D66/><U72/><E72/><V86/><F86/><W28/><G28/><T5/><D74/><U16/><E38/><V44/><AGARI ba="1,2" hai="6,9,12,19,20,26,44,50,52,57,61,64,101,103" machi="44" ten="20,12000,1" yaku="1,1,0,1,7,1,8,1,54,1,53,0" doraHai="82" doraHaiUra="31" who="2" fromWho="2" sc="427,-41,187,-41,349,143,17,-41" owari="386,18.6,146,-25.4,492,59.2,-24,-52.4" /></mjloggm>