<mjloggm ver="2.3"><GO type="169" lobby="0"/><UN n0="%E3%82%B8%E3%83%A3%E3%82%B9%E3%83%88%E3%81%B3%E3%81%83" n1="%E9%81%8A%E8%B5%B0" n2="%41%4C%50%45%52%49%4E" n3="%E3%83%AA%E3%83%BC%E3%83%81%E3%83%89%E3%83%A9%33" dan="16,16,16,16" rate="2165.14,2199.77,2154.44,2155.59" sx="M,F,M,M"/><TAIKYOKU oya="0"/><INIT seed="0,0,0,1,0,39" ten="250,250,250,250" oya="0" hai0="23,45,24,32,115,87,90,12,71,26,14,31,118" hai1="21,77,51,47,57,6,20,89,102,106,92,133,88" hai2="4,42,127,98,80,35,65,0,5,116,3,85,2" hai3="10,91,132,117,46,114,93,44,70,123,108,1,86"/><T36/><D115/><U84/><E133/><V17/><F35/><W27/><G117/><T76/><D118/><U49/><E6/><V37/><F116/><W129/><G114/><T16/><D71/><U104/><E77/><V94/><F127/><W113/><G113/><T55/><D76/><U72/><E72/><V99/><F65/><W60/><G129/><T135/><D135/><U128/><E128/><V134/><F134/><W125/><G108/><T50/><REACH who="0" step="1"/><D36/><REACH who="0" ten="240,250,250,250" step="2"/><U9/><E106/><V81/><F37/><W79/><G79/><T54/><D54/><U101/><E104/><V52/><F52/><W43/><G132/><T59/><D59/><U105/><E105/><V34/><F0/><W25/><G70/><T97/><D97/><U120/><E57/><V107/><F99/><W11/><G1/><T124/><D124/><U58/><E58/><V119/><F3/><W121/><G125/><T13/><D13/><U111/><E111/><V95/><F2/><W29/><G123/><T73/><D73/><U61/><E84/><V40/><F85/><W19/><G86/><T103/><D103/><U78/><E78/><V18/><F98/><W82/><G121/><T110/><D110/><U68/><E102/><V48/><F107/><W62/><G91/><T75/><D75/><U96/><E101/><V8/><F119/><W131/><G131/><T7/><D7/><U122/><E96/><V67/><F4/><W130/><G130/><T30/><D30/><U74/><E74/><V63/><F5/><W56/><G29/><T38/><D38/><U64/><E122/><RYUUKYOKU ba="0,1" sc="240,30,250,-10,250,-10,250,-10" hai0="12,14,16,23,24,26,31,32,45,50,55,87,90" /><INIT seed="0,1,1,4,3,109" ten="270,240,240,240" oya="0" hai0="45,51,11,29,94,93,66,56,41,97,73,81,33" hai1="57,120,71,17,4,8,24,14,38,118,117,85,62" hai2="90,61,65,129,34,106,87,43,31,111,82,124,110" hai3="72,99,52,18,84,67,63,126,48,15,135,130,95"/><T78/><D93/><U76/><E120/><V114/><F106/><W98/><G72/><T23/><D33/><U128/><E71/><V64/><F124/><W22/><G130/><T91/><D11/><U6/><E38/><V1/><F1/><W119/><G119/><T69/><D69/><U30/><E128/><V125/><F125/><W132/><G126/><T116/><D116/><U89/><E76/><V101/><F129/><W47/><G84/><T58/><REACH who="0" step="1"/><D66/><REACH who="0" ten="260,240,240,240" step="2"/><U9/><E118/><V55/><F65/><W3/><G3/><T36/><D36/><U42/><E117/><V49/><F64/><W96/><REACH who="3" step="1"/><G95/><REACH who="3" ten="260,240,240,230" step="2"/><T39/><D39/><U59/><E6/><V79/><F111/><W37/><G37/><T27/><AGARI ba="1,3" hai="23,27,29,41,45,51,56,58,73,78,81,91,94,97" machi="27" ten="30,3000,0" yaku="1,1,0,1,53,0" doraHai="109" doraHaiUra="35" who="0" fromWho="0" sc="260,63,240,-11,240,-11,230,-11" /><INIT seed="0,2,0,1,5,9" ten="323,229,229,219" oya="0" hai0="15,70,16,117,8,13,112,100,69,75,63,82,5" hai1="19,49,3,95,26,128,134,22,11,30,52,48,99" hai2="127,56,18,101,79,24,6,74,108,122,88,38,78" hai3="41,121,132,29,125,105,61,62,0,34,53,113,135"/><T84/><D112/><U58/><E134/><V119/><F122/><W42/><G105/><T83/><D117/><U93/><E128/><V73/><F38/><W21/><G34/><T96/><D75/><U1/><E93/><V10/><F119/><W57/><G0/><T65/><D69/><U104/><E104/><V133/><F108/><W91/><G113/><T123/><D123/><U33/><E11/><V25/><F133/><W4/><G4/><T110/><D110/><U97/><E48/><V77/><F101/><W14/><G121/><T85/><D82/><U114/><E114/><V2/><F127/><W7/><G125/><T27/><D27/><U44/><E44/><V50/><F88/><W37/><G37/><T109/><D109/><U55/><E55/><V92/><F92/><W46/><G46/><T86/><D83/><U17/><E17/><V67/><F25/><W120/><G120/><T87/><D87/><U124/><E124/><V59/><F59/><W54/><G91/><T80/><D80/><U23/><E33/><V68/><F68/><W45/><G45/><T36/><D36/><U90/><REACH who="1" step="1"/><E97/><REACH who="1" ten="323,219,229,219" step="2"/><V107/><F107/><W89/><G54/><T71/><D96/><U66/><E66/><V103/><F67/><W31/><G53/><T40/><D40/><U115/><E115/><V39/><F50/><W102/><G135/><T116/><D116/><U98/><E98/><V64/><F39/><W130/><G132/><T106/><D106/><U28/><E28/><V126/><F64/><W76/><G31/><T20/><D71/><U94/><E94/><RYUUKYOKU ba="2,1" sc="323,15,219,15,229,-15,219,-15" hai0="5,8,13,15,16,20,63,65,70,84,85,86,100" hai1="1,3,19,22,23,26,30,49,52,58,90,95,99" /><INIT seed="0,3,1,0,4,6" ten="338,234,214,204" oya="0" hai0="49,51,121,13,96,83,60,90,28,34,68,50,100" hai1="39,78,107,65,99,18,46,72,94,123,11,105,5" hai2="69,56,59,130,31,2,14,54,22,61,29,108,85" hai3="33,57,117,120,4,10,73,67,7,81,62,95,35"/><T36/><D36/><U133/><E123/><V98/><F69/><W21/><G117/><T16/><D121/><U66/><E18/><N who="2" m="10583" /><F2/><W30/><G120/><T118/><D118/><U124/><E133/><V45/><F108/><W91/><G4/><T74/><D28/><U17/><E17/><V71/><F71/><W103/><G103/><T115/><D34/><U135/><E135/><V104/><F104/><W25/><G81/><T38/><D38/><U55/><E124/><V79/><F130/><W23/><G73/><T76/><D90/><U116/><E116/><V3/><F3/><W109/><G109/><T114/><D60/><U8/><E105/><V131/><F45/><W134/><G134/><T63/><D63/><U113/><E107/><V42/><F42/><W92/><G35/><T43/><D43/><U77/><E113/><V32/><F32/><W47/><G47/><T0/><D0/><U111/><E111/><V9/><F98/><W129/><G129/><T126/><D68/><U82/><E77/><V40/><F40/><W64/><G64/><N who="1" m="24682" /><E5/><V27/><F131/><W20/><REACH who="3" step="1"/><G91/><REACH who="3" ten="338,234,214,194" step="2"/><T110/><D110/><U26/><E72/><V58/><F59/><W132/><G132/><T84/><D74/><U102/><E102/><V52/><F58/><W119/><G119/><T75/><D75/><U19/><E46/><V24/><F56/><W41/><G41/><T53/><D100/><N who="1" m="60535" /><E39/><V48/><F79/><W93/><G93/><T12/><D76/><U37/><E37/><V88/><F88/><W106/><G106/><T112/><D114/><U70/><E78/><RYUUKYOKU ba="3,2" sc="338,-10,234,-10,214,-10,194,30" hai3="7,10,20,21,23,25,30,33,57,62,67,92,95" /><INIT seed="1,4,2,5,1,29" ten="328,224,204,224" oya="1" hai0="27,51,9,5,125,55,99,117,81,91,135,25,66" hai1="57,110,83,32,12,76,122,82,101,86,118,103,47" hai2="18,28,98,134,34,67,14,75,108,61,4,44,20" hai3="23,6,71,126,54,26,95,69,90,127,68,89,80"/><U60/><E122/><V78/><F108/><W33/><G6/><T7/><D117/><U115/><E118/><V49/><F134/><W85/><G54/><T63/><D125/><N who="3" m="47625" /><G33/><T59/><D135/><U8/><E115/><V88/><F4/><W104/><G104/><T105/><D5/><N who="1" m="3087" /><E32/><V24/><F78/><N who="3" m="46231" /><G95/><T119/><D119/><U128/><E110/><V107/><F75/><W92/><G92/><T123/><D123/><U37/><E37/><V132/><F132/><W131/><G131/><T11/><D105/><U46/><E83/><V41/><F107/><W124/><G124/><T94/><D81/><U58/><E128/><V30/><F30/><AGARI ba="4,2" hai="23,26,30,68,69,71,89,90" m="46231,47625" machi="30" ten="40,1300,0" yaku="18,1" doraHai="29" who="3" fromWho="2" sc="328,0,224,0,204,-25,224,45" /><INIT seed="2,0,0,2,3,114" ten="328,224,179,269" oya="2" hai0="46,90,44,53,111,35,29,75,7,67,43,20,92" hai1="47,108,91,22,23,34,95,51,10,25,96,21,124" hai2="40,60,26,86,126,48,54,68,130,69,11,72,99" hai3="14,52,107,85,6,17,70,76,131,39,132,58,112"/><V78/><F72/><W9/><G70/><T32/><D111/><U12/><E108/><V63/><F126/><W93/><G107/><T37/><D67/><U104/><E124/><V24/><F130/><W106/><G106/><T125/><D7/><U103/><E34/><V80/><F40/><W110/><G39/><T38/><D75/><U71/><E71/><V64/><F11/><W3/><G132/><T98/><D125/><U18/><E104/><V1/><F1/><W133/><G133/><T59/><D20/><U82/><E82/><V118/><F118/><W87/><G112/><T42/><REACH who="0" step="1"/><D29/><REACH who="0" ten="318,224,179,269" step="2"/><U115/><E115/><V57/><F99/><W102/><G110/><T128/><D128/><U2/><E2/><V19/><F19/><W101/><G17/><T97/><D97/><U81/><E81/><V56/><REACH who="2" step="1"/><F69/><REACH who="2" ten="318,224,169,269" step="2"/><W13/><G131/><T89/><D89/><U109/><E109/><V66/><AGARI ba="0,2" hai="24,26,48,54,56,57,60,63,64,66,68,78,80,86" machi="66" ten="20,7800,0" yaku="1,1,2,1,0,1,7,1,53,0" doraHai="114" doraHaiUra="41" who="2" fromWho="2" sc="318,-26,224,-26,169,98,269,-26" /><INIT seed="2,1,0,0,3,12" ten="292,198,267,243" oya="2" hai0="57,107,119,99,108,91,16,94,69,10,85,134,98" hai1="104,95,102,75,82,37,128,3,27,32,56,64,65" hai2="36,45,81,15,110,133,67,61,116,31,34,42,49" hai3="20,18,111,33,73,41,47,25,66,24,38,77,121"/><V70/><F116/><W46/><G121/><T127/><D69/><U5/><E128/><V106/><F133/><W126/><G111/><T112/><D112/><U118/><E118/><V11/><F110/><W125/><G66/><T1/><D108/><U96/><E37/><V97/><F81/><W78/><G47/><T40/><D134/><U28/><E104/><V114/><F114/><W76/><REACH who="3" step="1"/><G73/><REACH who="3" ten="292,198,267,233" step="2"/><T55/><D119/><U92/><E56/><V43/><F45/><W26/><G26/><T17/><D40/><U22/><E64/><V58/><F42/><W90/><G90/><T87/><D127/><U100/><E65/><V122/><F43/><W68/><G68/><T48/><D107/><U0/><E32/><V109/><F122/><W4/><G4/><T89/><D1/><U52/><E5/><V30/><F109/><W74/><G74/><T80/><D10/><U131/><E131/><V129/><F34/><W14/><G14/><T19/><AGARI ba="1,1" hai="16,17,19,48,55,57,80,85,87,89,91,94,98,99" machi="19" ten="30,12000,2" yaku="0,1,8,1,52,3,54,1" doraHai="12" who="0" fromWho="0" sc="292,133,198,-31,267,-61,233,-31" /><INIT seed="3,0,0,4,1,75" ten="425,167,206,202" oya="3" hai0="50,66,69,12,68,102,135,115,123,77,25,13,23" hai1="10,52,67,116,63,58,106,91,45,128,82,20,131" hai2="14,3,38,81,85,71,74,110,111,22,129,92,97" hai3="72,64,60,133,78,37,57,121,119,83,113,30,62"/><W5/><G113/><T79/><D123/><U112/><E112/><V53/><F3/><W24/><G119/><T32/><D115/><U84/><E106/><V99/><F71/><W70/><G121/><T125/><D32/><U21/><E116/><V73/><F38/><W39/><G133/><T88/><D102/><U130/><E10/><V1/><F1/><W94/><G5/><T61/><D69/><U36/><REACH who="1" step="1"/><E67/><REACH who="1" ten="425,157,206,202" step="2"/><V29/><F111/><W0/><G0/><T17/><D135/><U49/><E49/><V89/><F110/><W42/><G42/><AGARI ba="0,1" hai="20,21,36,42,45,52,58,63,82,84,91,128,130,131" machi="42" ten="40,5200,0" yaku="1,1,19,1,54,1,53,0" doraHai="75" doraHaiUra="107" who="1" fromWho="3" sc="425,0,157,62,206,0,202,-52" /><INIT seed="4,0,0,4,5,111" ten="425,219,206,150" oya="0" hai0="53,110,83,66,10,14,86,73,72,122,113,80,15" hai1="34,4,109,114,68,38,112,54,74,93,71,64,41" hai2="27,81,62,108,58,42,57,105,26,106,85,125,107" hai3="33,13,21,28,90,84,92,126,52,20,82,22,131"/><T56/><D122/><U45/><E93/><V39/><F108/><W134/><G134/><T129/><D129/><U124/><E109/><V46/><F125/><W18/><G126/><T76/><D66/><U12/><E124/><V130/><F130/><W127/><G127/><T5/><D110/><U16/><E34/><V29/><F62/><W50/><G33/><T70/><D70/><U6/><E54/><V88/><REACH who="2" step="1"/><F27/><REACH who="2" ten="425,219,196,150" step="2"/><W8/><G131/><T116/><D116/><U132/><E132/><V128/><F128/><W44/><REACH who="3" step="1"/><G92/><REACH who="3" ten="425,219,196,140" step="2"/><T30/><D80/><U69/><E69/><V101/><F101/><W36/><G36/><T11/><D83/><U77/><E71/><V91/><F91/><W118/><G118/><T25/><D76/><U99/><E68/><V97/><F97/><W123/><G123/><T7/><D86/><U95/><E99/><V2/><F2/><W94/><G94/><T61/><D113/><U63/><E95/><V49/><F49/><W100/><G100/><T32/><AGARI ba="0,2" hai="5,7,10,11,14,15,25,30,32,53,56,61,72,73" machi="32" ten="20,3900,0" yaku="0,1,7,1,9,1" doraHai="111" who="0" fromWho="0" sc="425,59,219,-13,196,-13,140,-13" /><INIT seed="4,1,0,2,3,30" ten="484,206,183,127" oya="0" hai0="40,41,34,70,127,119,61,20,100,122,12,19,132" hai1="95,10,106,29,22,91,125,105,82,58,134,110,31" hai2="11,4,77,108,26,63,131,68,120,107,112,124,80" hai3="99,43,74,1,71,118,117,13,111,24,81,9,98"/><T104/><D119/><U130/><E110/><V42/><F108/><W53/><G111/><T113/><D122/><U36/><E36/><V75/><F120/><W78/><G71/><T51/><D113/><U18/><E134/><V15/><F112/><W89/><G43/><T52/><D132/><U54/><E125/><V32/><F124/><W23/><G1/><T0/><D0/><U97/><E130/><V27/><F131/><W73/><G73/><T92/><D127/><U55/><E55/><V56/><F107/><W28/><G53/><T103/><D104/><U57/><E57/><V128/><F128/><W50/><G50/><T116/><D34/><U39/><E39/><V33/><F68/><W85/><G117/><T96/><D103/><U86/><E10/><V47/><F27/><W135/><G135/><T8/><D116/><U7/><E7/><V3/><F26/><W83/><REACH who="3" step="1"/><G118/><REACH who="3" ten="484,206,183,117" step="2"/><T6/><D70/><U133/><E133/><V44/><F3/><W84/><G84/><T79/><D61/><U48/><E106/><V129/><F129/><W102/><G102/><T16/><D79/><U126/><E105/><V67/><F44/><W123/><G123/><T35/><D40/><U66/><E126/><V114/><F114/><W49/><G49/><AGARI ba="1,1" hai="4,11,15,32,33,42,47,49,56,63,67,75,77,80" machi="49" ten="30,3900,0" yaku="7,1,52,2" doraHai="30" who="2" fromWho="3" sc="484,0,206,0,183,52,117,-42" /><INIT seed="5,0,0,0,3,77" ten="484,206,235,75" oya="1" hai0="30,41,117,38,135,25,84,76,24,123,67,58,45" hai1="44,60,124,18,35,100,95,39,3,56,72,69,48" hai2="131,21,59,15,7,66,36,111,52,22,71,55,74" hai3="110,94,119,2,47,4,0,51,50,133,134,116,92"/><U79/><E35/><V81/><F36/><W49/><G47/><T12/><D117/><N who="3" m="45129" /><G110/><T121/><D135/><N who="3" m="51721" /><G4/><T75/><D75/><U83/><E124/><V107/><F7/><W132/><G132/><T108/><D108/><U106/><E106/><V128/><F107/><W91/><G91/><T29/><D12/><U85/><E3/><AGARI ba="0,0" hai="0,2,3,49,50,51,92,94" m="51721,45129" machi="3" ten="40,8000,1" yaku="28,2,12,1,20,1" doraHai="77" who="3" fromWho="1" sc="484,0,206,-80,235,0,75,80" /><INIT seed="6,0,0,1,0,86" ten="484,126,235,155" oya="2" hai0="1,71,107,13,108,66,42,22,8,132,58,90,3" hai1="37,120,113,11,81,34,102,119,56,33,23,130,39" hai2="92,41,0,44,26,29,48,47,88,96,4,21,115" hai3="20,9,114,5,49,117,111,50,101,43,46,30,55"/><V79/><F115/><W109/><G117/><T110/><D107/><U59/><E119/><V98/><F79/><W57/><G114/><T116/><D71/><U28/><E113/><V99/><F0/><W95/><G30/><T14/><D42/><U16/><E130/><V72/><F72/><W93/><G20/><T125/><D132/><U106/><E120/><V76/><F76/><W6/><G6/><T18/><D125/><U124/><E124/><V129/><F129/><W7/><G7/><T2/><D66/><U89/><E11/><V82/><F4/><W84/><G101/><T60/><D116/><U100/><E28/><V123/><F123/><W94/><REACH who="3" step="1"/><G84/><REACH who="3" ten="484,126,235,145" step="2"/><T61/><D22/><U131/><E131/><V54/><REACH who="2" step="1"/><F82/><REACH who="2" ten="484,126,225,145" step="2"/><W62/><G62/><T17/><D60/><U80/><E80/><V77/><F77/><W19/><G19/><T104/><D61/><U135/><E16/><V68/><F68/><W36/><G36/><AGARI ba="0,2" hai="21,26,29,36,41,44,47,48,54,88,92,96,98,99" machi="36" ten="30,11600,0" yaku="1,1,7,1,52,1,54,1,53,0" doraHai="86" doraHaiUra="122" who="2" fromWho="3" sc="484,0,126,0,225,136,145,-116" /><INIT seed="6,1,0,1,2,49" ten="484,126,361,29" oya="2" hai0="30,103,56,11,24,27,66,65,14,127,68,35,105" hai1="31,39,93,91,96,57,133,98,134,29,36,74,10" hai2="78,73,81,76,45,51,102,1,43,20,71,86,108" hai3="128,55,117,113,37,67,70,13,25,132,12,47,85"/><V75/><F71/><W87/><G117/><T3/><D3/><U89/><E74/><V121/><F121/><W38/><G128/><T77/><D127/><U83/><E10/><V110/><F1/><W64/><G132/><N who="1" m="50794" /><E57/><V4/><F4/><W32/><G70/><T135/><D77/><U5/><E5/><V84/><F102/><W112/><G47/><T80/><D103/><U42/><E42/><V79/><F20/><W61/><G61/><T130/><D35/><U17/><E17/><V0/><F0/><W48/><G48/><T109/><D80/><U94/><E83/><V115/><F115/><W26/><REACH who="3" step="1"/><G32/><REACH who="3" ten="484,126,361,19" step="2"/><T7/><D68/><U63/><E63/><V90/><F75/><W44/><G44/><T40/><D56/><U9/><E9/><V34/><F34/><W23/><G23/><T41/><D11/><U129/><E129/><V21/><F73/><W82/><G82/><T53/><D130/><U54/><E54/><AGARI ba="1,1" hai="12,13,25,26,37,38,54,55,64,67,85,87,112,113" machi="54" ten="25,8000,1" yaku="1,1,22,2,52,2,53,0" doraHai="49" doraHaiUra="88" who="3" fromWho="1" sc="484,0,126,-83,361,0,19,93" /><INIT seed="7,0,0,2,3,117" ten="484,43,361,112" oya="3" hai0="10,109,75,69,39,79,96,33,113,27,87,46,85" hai1="123,65,2,12,1,72,51,43,94,25,35,50,59" hai2="6,99,53,30,62,56,28,92,107,19,112,3,31" hai3="84,64,111,124,41,77,71,78,60,13,54,89,91"/><W22/><G124/><T105/><D109/><U0/><E72/><V49/><F107/><W36/><G111/><T29/><D69/><U55/><E65/><V63/><F112/><W67/><G67/><T128/><D128/><U122/><E12/><V114/><F114/><W58/><G89/><T119/><D75/><U131/><E131/><V26/><F6/><W4/><G41/><T61/><D10/><U82/><E82/><V97/><F3/><W76/><G36/><T42/><D61/><N who="2" m="23050" /><F92/><W24/><G4/><T21/><D96/><N who="2" m="36938" /><F19/><W23/><G13/><T83/><D29/><U66/><E66/><V38/><F38/><W32/><G32/><T45/><D33/><U104/><E104/><V5/><F5/><W132/><G132/><T68/><D105/><U125/><E125/><V57/><F57/><W86/><G24/><AGARI ba="0,0" hai="24,26,28,30,31,49,53,56" m="36938,23050" machi="24" ten="30,1000,0" yaku="8,1" doraHai="117" who="2" fromWho="3" sc="484,0,43,0,361,10,112,-10" owari="484,58.4,43,-45.7,371,17.1,102,-29.8" /></mjloggm>