<mjloggm ver="2.3"><GO type="169" lobby="0"/><UN n0="%E5%8D%B5%E3%81%8B%E3%81%91%E6%B6%85%E6%A7%83" n1="%E7%AD%89%E3%80%85%E5%8A%9B%E5%8A%87%E5%A0%B4" n2="%E3%81%9B%E3%81%A9%E3%81%AA%E3%82%8A%E3%81%82%E3%82%93" n3="%E3%82%86%E3%83%BC%E3%82%84%2E%74" dan="16,16,16,17" rate="2152.91,2118.25,2170.22,2198.08" sx="M,M,M,M"/><TAIKYOKU oya="0"/><INIT seed="0,0,0,0,0,89" ten="250,250,250,250" oya="0" hai0="135,99,15,123,10,64,106,13,113,83,68,117,103" hai1="42,58,114,26,32,133,22,24,52,84,107,85,1" hai2="78,74,56,43,44,23,4,94,11,20,104,65,82" hai3="38,79,6,122,86,93,57,62,46,70,39,112,91"/><T119/><D113/><U31/><E1/><V2/><F104/><W14/><G112/><T102/><D135/><U127/><E114/><V101/><F65/><W40/><G122/><T111/><D123/><U41/><E107/><V97/><REACH who="2" step="1"/><F56/><REACH who="2" ten="250,250,240,250" step="2"/><W109/><G70/><T36/><D64/><U131/><E58/><V8/><F8/><W27/><G57/><T34/><D68/><U72/><E133/><V16/><F16/><W30/><G39/><AGARI ba="0,1" hai="2,4,11,20,23,39,43,44,74,78,82,94,97,101" machi="39" ten="30,12000,2" yaku="1,1,7,1,25,2,52,1,53,1" doraHai="89" doraHaiUra="90" who="2" fromWho="3" sc="250,0,250,0,240,130,250,-120" /><INIT seed="1,0,0,5,1,33" ten="250,250,370,130" oya="1" hai0="5,108,93,90,97,125,126,12,44,16,99,32,92" hai1="71,124,26,68,100,128,104,70,61,79,117,25,4" hai2="105,84,115,22,114,54,85,122,95,91,111,21,67" hai3="19,82,127,18,89,46,106,58,76,80,30,6,36"/><U103/><E117/><V75/><F75/><W98/><G127/><T43/><D108/><U83/><E128/><V11/><F111/><W62/><G30/><T123/><D32/><U132/><E132/><V96/><F122/><W131/><G131/><T63/><D123/><U88/><E124/><V51/><F67/><W94/><G106/><T57/><D5/><U20/><E26/><V9/><F21/><W101/><G6/><T52/><D93/><U64/><E4/><V59/><F22/><W38/><G101/><T133/><D133/><U118/><E118/><V109/><F109/><W135/><G80/><T53/><D53/><U37/><E37/><V130/><F130/><W121/><G121/><T87/><D126/><U120/><E120/><V119/><F119/><W49/><G38/><T86/><D86/><N who="2" m="33386" /><F105/><W8/><G8/><T1/><D1/><U7/><E20/><V0/><F0/><W113/><G113/><AGARI ba="0,0" hai="9,11,51,54,59,91,95,96,113,114,115" m="33386" machi="113" ten="30,1000,0" yaku="11,1" doraHai="33" who="2" fromWho="3" sc="250,0,250,0,370,10,130,-10" /><INIT seed="2,0,0,5,3,34" ten="250,250,380,120" oya="2" hai0="124,11,91,106,12,30,61,2,35,40,83,49,129" hai1="109,52,41,78,122,81,27,135,68,118,54,50,86" hai2="53,103,22,95,73,77,29,39,88,92,36,18,1" hai3="114,117,133,15,111,4,115,42,10,110,13,98,44"/><V5/><F29/><W89/><G89/><T87/><D124/><U65/><E118/><V127/><F127/><W33/><G98/><T101/><D129/><U120/><E109/><N who="3" m="41482" /><G44/><T99/><D61/><N who="1" m="39983" /><E27/><V17/><F53/><W57/><G57/><T24/><D40/><U28/><E28/><V93/><F73/><W121/><G42/><T16/><REACH who="0" step="1"/><D49/><REACH who="0" ten="240,250,380,120" step="2"/><U96/><E50/><V72/><F39/><W104/><G117/><T20/><D20/><U46/><E41/><V126/><F22/><W112/><G33/><T63/><D63/><U3/><E122/><V84/><F126/><W19/><G104/><T105/><D105/><U31/><E120/><V58/><F36/><W26/><G121/><T131/><D131/><U69/><E69/><V100/><F103/><W79/><G79/><T32/><D32/><U75/><E78/><V60/><F100/><W76/><G76/><T107/><D107/><U123/><E123/><V71/><F71/><W8/><G26/><T85/><D85/><U125/><E86/><V67/><F77/><W59/><G59/><T74/><D74/><U56/><E75/><V21/><F72/><W94/><G94/><T23/><D23/><U48/><E56/><V119/><F21/><W80/><G80/><T134/><D134/><AGARI ba="0,1" hai="4,8,10,13,15,19,112,114,115,133,134" m="41482" machi="134" ten="40,8000,1" yaku="11,1,14,1,34,2" doraHai="34" who="3" fromWho="0" sc="240,-80,250,0,380,0,120,90" /><INIT seed="3,0,0,5,4,108" ten="160,250,380,210" oya="3" hai0="38,65,79,4,103,27,67,45,11,82,12,95,98" hai1="125,71,31,40,126,70,18,54,90,15,21,93,33" hai2="129,96,5,81,121,132,43,7,14,36,73,102,87" hai3="107,110,1,30,117,19,131,115,86,92,72,50,66"/><W35/><G117/><T10/><D27/><N who="1" m="18687" /><E40/><V39/><F73/><W68/><G72/><T128/><D128/><U42/><E42/><V80/><F80/><W13/><G1/><T34/><D34/><U94/><E54/><V97/><F97/><W53/><G107/><T57/><D57/><U23/><E23/><V85/><F85/><W28/><G131/><T118/><D118/><U84/><E94/><V3/><F132/><W24/><G115/><T48/><D11/><U44/><E44/><V74/><F3/><W120/><G120/><T112/><D38/><U52/><E52/><V77/><F43/><W119/><G30/><T109/><D109/><U2/><E2/><V134/><F134/><W63/><G119/><T61/><D61/><U116/><E116/><V62/><F62/><W9/><G110/><T17/><D17/><U60/><E60/><V83/><F121/><W135/><G135/><T20/><D20/><U46/><E46/><V106/><F5/><W75/><G75/><T22/><D22/><U76/><E76/><V104/><F106/><W133/><G133/><T113/><D65/><U59/><E59/><V6/><F6/><W37/><G37/><T89/><D67/><U26/><E26/><V105/><F105/><W91/><G53/><T101/><D79/><U47/><E47/><V55/><F55/><W49/><AGARI ba="0,0" hai="9,13,19,24,28,35,49,50,63,66,68,86,91,92" machi="49" ten="30,1500,0" yaku="0,1" doraHai="108" who="3" fromWho="3" sc="160,-5,250,-5,380,-5,210,15" /><INIT seed="3,1,0,0,5,119" ten="155,245,375,225" oya="3" hai0="73,18,133,5,96,43,107,125,2,118,135,84,67" hai1="108,70,85,116,121,77,32,63,130,10,65,120,57" hai2="6,59,20,45,113,100,95,76,13,114,26,129,53" hai3="49,74,11,103,12,99,69,87,124,50,68,101,56"/><W86/><G74/><T46/><D118/><U41/><E116/><V60/><F76/><W40/><G124/><T126/><D73/><U19/><E32/><V21/><F129/><W132/><G132/><N who="0" m="50763" /><D67/><U28/><E28/><V128/><F128/><W109/><G109/><T112/><D84/><U25/><E130/><V122/><F122/><W71/><G103/><N who="0" m="62951" /><D18/><U81/><E108/><V98/><F45/><W54/><G50/><T38/><D112/><U47/><E70/><V55/><F53/><W1/><G1/><T78/><D78/><U24/><E10/><AGARI ba="1,0" hai="2,5,10,38,43,46,125,126" m="62951,50763" machi="10" ten="30,2000,0" yaku="20,1,23,1" doraHai="119" who="0" fromWho="1" sc="155,23,245,-23,375,0,225,0" /><INIT seed="4,0,0,4,0,100" ten="178,222,375,225" oya="0" hai0="19,132,121,20,34,53,134,38,93,102,22,59,130" hai1="37,39,66,4,75,25,114,133,12,0,49,113,126" hai2="8,69,3,56,106,16,111,57,107,65,72,50,88" hai3="47,14,30,87,27,98,6,42,95,11,104,52,119"/><T21/><D121/><U112/><E133/><N who="0" m="51305" /><D34/><U26/><E126/><V99/><F111/><W73/><G73/><T83/><D38/><N who="1" m="14347" /><E75/><V108/><F108/><W71/><G119/><T125/><D125/><U55/><E0/><V46/><F69/><W131/><G71/><T109/><D109/><U81/><E66/><V103/><F107/><W91/><G131/><T15/><D130/><U120/><E81/><V18/><F72/><W85/><G104/><T48/><D83/><U80/><E80/><V127/><F127/><W33/><REACH who="3" step="1"/><G52/><REACH who="3" ten="178,222,375,215" step="2"/><T78/><D78/><U36/><E55/><V10/><F65/><W45/><G45/><T115/><D115/><U40/><E113/><V96/><F46/><W129/><G129/><T23/><D93/><U76/><E76/><V86/><F106/><W58/><G58/><T94/><D94/><U7/><E114/><V101/><F56/><W84/><G84/><T118/><D102/><U2/><E112/><V5/><F57/><W123/><G123/><T62/><D62/><U61/><E61/><V105/><F105/><W24/><G24/><T67/><D67/><U13/><E25/><V28/><F101/><W74/><G74/><T117/><AGARI ba="0,1" hai="15,19,20,21,22,23,48,53,59,117,118" m="51305" machi="117" ten="40,2100,0" yaku="20,1" doraHai="100" who="0" fromWho="0" sc="178,31,222,-7,375,-7,215,-7" /><INIT seed="4,1,0,4,4,23" ten="209,215,368,208" oya="0" hai0="14,60,16,111,121,124,115,123,99,128,86,82,35" hai1="37,32,78,4,17,104,114,36,92,8,129,102,100" hai2="28,22,58,47,55,77,131,40,135,132,97,39,94" hai3="134,130,122,83,42,7,63,118,13,48,101,52,68"/><T74/><D74/><U53/><E104/><V30/><F77/><W10/><G118/><T26/><D115/><U120/><E120/><V50/><F131/><W18/><G130/><T25/><D128/><U75/><E129/><V45/><F45/><W11/><G122/><T90/><D124/><U0/><E114/><V21/><F21/><W69/><G134/><N who="2" m="51241" /><F22/><W9/><G42/><T87/><D111/><U20/><E32/><V12/><F12/><W2/><G101/><AGARI ba="1,0" hai="28,30,39,40,47,50,55,58,94,97,101" m="51241" machi="101" ten="30,1000,0" yaku="20,1" doraHai="23" who="2" fromWho="3" sc="209,0,215,0,368,13,208,-13" /><INIT seed="5,0,0,2,2,36" ten="209,215,381,195" oya="1" hai0="128,43,7,89,133,61,56,94,102,98,120,100,27" hai1="42,127,119,135,33,105,122,18,9,3,59,37,130" hai2="66,132,107,110,108,129,86,62,38,131,104,78,44" hai3="134,5,15,14,70,23,80,113,0,95,34,75,46"/><U101/><RYUUKYOKU type="yao9" ba="0,0" sc="209,0,215,0,381,0,195,0" hai1="3,9,18,33,37,42,59,101,105,119,122,127,130,135" /><INIT seed="5,1,0,1,1,28" ten="209,215,381,195" oya="1" hai0="52,64,105,108,34,112,26,37,4,6,68,12,35" hai1="75,85,31,8,3,60,116,59,123,103,30,90,67" hai2="124,117,46,94,127,78,48,129,58,66,7,43,96" hai3="113,119,16,91,22,14,111,36,40,87,0,107,82"/><U55/><E116/><V118/><F129/><W56/><G111/><T2/><D37/><U133/><E123/><V51/><F78/><W19/><G119/><T50/><D108/><U122/><E122/><V5/><F5/><W62/><G113/><T128/><D105/><U44/><E75/><V10/><F51/><W130/><G130/><T49/><D128/><U53/><E133/><V125/><F58/><W18/><G107/><T100/><D100/><U65/><E103/><N who="2" m="60823" /><F66/><W11/><G0/><AGARI ba="1,0" hai="0,7,10,43,46,48,117,118,124,125,127" m="60823" machi="0" ten="30,1000,0" yaku="18,1" doraHai="28" who="2" fromWho="3" sc="209,0,215,0,381,13,195,-13" /><INIT seed="6,0,0,5,5,53" ten="209,215,394,182" oya="2" hai0="123,2,46,83,110,127,109,22,38,15,66,86,8" hai1="52,93,115,133,134,70,12,106,55,13,77,19,76" hai2="41,119,105,64,132,6,125,130,37,61,58,0,18" hai3="40,4,82,32,113,135,129,118,45,39,112,87,85"/><V122/><F58/><W51/><G118/><T11/><D123/><U9/><E106/><V90/><F18/><W128/><G135/><N who="1" m="51722" /><E70/><V24/><F90/><W27/><G4/><T94/><D127/><U92/><E115/><N who="3" m="44106" /><G39/><T88/><D66/><U47/><E13/><V28/><F64/><W33/><G85/><T91/><D22/><U1/><E1/><V98/><F6/><W131/><G27/><T99/><D2/><U104/><E104/><V107/><F105/><W21/><G21/><T20/><D20/><U100/><E55/><V14/><F107/><W48/><G51/><T74/><D74/><U72/><E100/><V80/><F37/><W69/><G69/><T103/><D103/><U81/><E77/><AGARI ba="0,0" hai="32,33,40,45,48,77,82,87,128,129,131" m="44106" machi="77" ten="40,5200,0" yaku="19,1,15,1,11,1" doraHai="53" who="3" fromWho="1" sc="209,0,215,-52,394,0,182,52" /><INIT seed="7,0,0,1,5,85" ten="209,163,394,234" oya="3" hai0="74,94,72,66,128,62,133,30,129,32,11,125,83" hai1="31,70,134,49,91,0,52,116,51,28,71,120,130" hai2="84,77,110,122,95,56,60,131,5,47,65,111,98" hai3="6,107,115,16,57,26,99,92,118,48,44,43,119"/><W89/><G115/><T12/><D83/><U121/><E0/><V19/><F5/><W135/><G107/><T82/><D82/><U23/><E130/><N who="0" m="50281" /><D30/><U105/><E105/><V79/><F84/><W63/><G6/><T4/><D32/><U87/><E134/><V81/><F81/><W55/><G135/><T53/><D133/><U78/><E78/><V42/><F131/><W36/><G36/><T75/><D125/><U46/><E116/><V34/><F34/><W127/><G127/><T58/><D94/><U96/><E96/><V114/><F114/><W20/><AGARI ba="0,0" hai="16,20,26,43,44,48,55,57,63,89,92,99,118,119" machi="20" ten="30,12000,1" yaku="0,1,25,2,52,1,54,1" doraHai="85" who="3" fromWho="3" sc="209,-40,163,-40,394,-40,234,120" /><INIT seed="7,1,0,3,2,76" ten="169,123,354,354" oya="3" hai0="126,7,58,2,51,71,11,34,63,67,40,127,46" hai1="88,100,73,33,109,9,13,97,41,116,69,93,107" hai2="86,114,81,99,65,132,119,50,10,118,62,90,47" hai3="14,54,123,110,8,91,20,31,30,95,49,0,55"/><W84/><G123/><T106/><D106/><U128/><E109/><V80/><F114/><W22/><G0/><T36/><D34/><U32/><E69/><V87/><F132/><W134/><G134/><T28/><D28/><N who="3" m="10793" /><G110/><T26/><D26/><U64/><E128/><V5/><F99/><W130/><G130/><T42/><D42/><U21/><E116/><V112/><F112/><W98/><G98/><T3/><D3/><U102/><E21/><N who="3" m="8298" /><G49/><T52/><AGARI ba="1,0" hai="2,7,11,36,40,46,51,52,58,63,67,71,126,127" machi="52" ten="30,7900,0" yaku="0,1,24,2,54,1" doraHai="76" who="0" fromWho="0" sc="169,82,123,-21,354,-21,354,-40" owari="251,-14.9,102,-39.8,333,43.3,314,11.4" /></mjloggm>