<mjloggm ver="2.3"><GO type="169" lobby="0"/><UN n0="%E5%9D%8A%E3%82%84%E3%81%A1%E3%81%A4" n1="%E7%AD%89%E3%80%85%E5%8A%9B%E5%8A%87%E5%A0%B4" n2="%41%6D%61%79%62%65" n3="%48%69%70%70%6F%5F" dan="16,16,16,17" rate="2039.78,2153.16,2137.06,2190.74" sx="M,M,M,M"/><TAIKYOKU oya="0"/><INIT seed="0,0,0,2,0,53" ten="250,250,250,250" oya="0" hai0="4,81,83,112,107,108,26,110,133,111,88,29,46" hai1="76,32,120,11,55,116,99,80,130,77,126,92,134" hai2="31,85,96,79,95,48,97,117,114,38,104,54,66" hai3="41,42,125,121,24,30,135,35,103,91,122,73,28"/><T8/><D107/><U15/><E116/><V51/><F114/><W33/><G73/><T124/><D112/><U68/><E120/><N who="3" m="46186" /><G135/><T119/><D119/><U34/><E68/><V37/><F117/><W49/><G125/><T75/><D124/><U57/><E126/><V84/><F31/><W94/><G103/><T86/><D133/><U101/><E130/><V7/><F7/><W131/><G131/><T115/><D115/><U9/><E134/><V25/><F25/><N who="3" m="18575" /><G49/><T100/><D100/><U52/><E55/><V82/><F66/><W74/><G74/><T12/><D46/><U93/><E93/><V71/><F51/><W98/><AGARI ba="0,0" hai="24,30,35,41,42,91,94,98" m="18575,46186" machi="98" ten="30,1100,0" yaku="13,1" doraHai="53" who="3" fromWho="3" sc="250,-5,250,-3,250,-3,250,11" /><INIT seed="1,0,0,1,0,131" ten="245,247,247,261" oya="1" hai0="35,84,27,119,7,37,22,120,60,133,77,1,19" hai1="93,100,94,106,104,41,78,107,73,110,97,65,96" hai2="90,89,62,39,79,48,0,116,21,75,8,58,23" hai3="38,91,130,18,29,36,82,11,86,32,59,28,57"/><U70/><E41/><V10/><F116/><W127/><G130/><T61/><D37/><U132/><E70/><V43/><F48/><W81/><G127/><T92/><D119/><U113/><E65/><V40/><F58/><W45/><G32/><T68/><D120/><U42/><E42/><V95/><F62/><W124/><G124/><T20/><D35/><U88/><E113/><V129/><F129/><W17/><G11/><T108/><D108/><U54/><E54/><V49/><F49/><W34/><G34/><T44/><D44/><U121/><E121/><V50/><F50/><W46/><G86/><T118/><D118/><U67/><E67/><V47/><F43/><W63/><G63/><T15/><D1/><U4/><E4/><N who="2" m="1031" /><F10/><W12/><G91/><N who="2" m="34825" /><F95/><W55/><G55/><T125/><D92/><U83/><REACH who="1" step="1"/><E110/><REACH who="1" ten="245,237,247,261" step="2"/><V98/><F40/><W117/><G117/><T14/><D68/><U9/><E9/><V122/><F122/><W114/><G114/><T87/><D125/><U105/><N who="1" m="26624" /><DORA hai="109" /><U76/><E76/><V26/><F79/><W74/><G36/><T3/><D77/><U2/><E2/><V52/><F52/><W85/><G38/><T51/><D3/><U99/><E99/><V72/><F98/><W134/><G46/><T66/><D66/><U25/><E25/><V6/><F39/><W112/><G45/><T16/><D27/><U135/><AGARI ba="0,1" hai="73,78,83,88,93,94,96,97,100,132,135" m="26624" machi="135" ten="60,24000,3" yaku="1,1,0,1,34,3,52,2,54,1,53,0" doraHai="131,109" doraHaiUra="111,69" who="1" fromWho="1" sc="245,-80,237,250,247,-80,261,-80" /><INIT seed="1,1,0,0,0,124" ten="165,487,167,181" oya="1" hai0="2,26,69,48,77,62,101,86,30,32,60,73,132" hai1="50,87,97,102,19,54,38,130,121,128,35,125,53" hai2="59,16,88,18,100,103,11,31,40,68,117,51,25" hai3="64,126,106,52,129,20,23,44,70,58,93,27,66"/><U0/><E125/><V120/><F68/><W98/><G126/><T4/><D73/><U99/><E121/><V89/><F117/><W46/><G106/><T61/><D69/><U119/><E119/><V39/><F39/><W43/><G129/><N who="1" m="49770" /><E38/><V133/><F133/><W76/><G76/><T78/><D101/><N who="2" m="38986" /><F120/><W109/><G109/><T12/><D2/><U1/><E35/><V42/><F31/><N who="3" m="17895" /><G23/><T5/><D132/><U14/><E87/><V122/><F122/><W24/><G70/><T112/><D86/><U9/><E99/><V28/><F28/><W15/><G98/><T94/><D30/><U55/><E50/><V91/><F25/><W75/><G24/><T127/><D26/><U85/><E85/><V113/><F113/><W135/><G75/><T105/><D112/><U92/><AGARI ba="1,0" hai="0,1,9,14,19,53,54,55,92,97,102" m="49770" machi="92" ten="30,11700,0" yaku="19,1,52,3" doraHai="124" who="1" fromWho="1" sc="165,-40,487,120,167,-40,181,-40" /><INIT seed="1,2,0,5,5,7" ten="125,607,127,141" oya="1" hai0="124,72,82,37,102,113,88,44,12,21,75,98,62" hai1="111,123,24,73,14,101,39,130,68,127,48,67,43" hai2="110,87,61,76,56,97,0,95,70,114,78,59,55" hai3="103,30,122,108,10,52,8,79,116,107,42,18,32"/><U74/><E123/><V15/><F0/><W135/><G122/><T9/><D113/><U38/><E130/><V29/><F110/><W121/><G121/><T84/><D124/><U104/><E127/><V33/><F114/><W60/><G42/><T31/><D62/><U2/><E2/><V57/><F33/><W54/><G108/><T46/><D75/><U47/><E111/><V117/><F117/><W118/><G135/><T50/><D72/><U132/><E132/><V80/><F29/><W25/><G79/><T89/><D89/><U3/><E3/><V92/><F70/><W71/><G18/><T41/><D21/><U119/><E119/><N who="3" m="45610" /><G103/><T28/><D28/><U133/><E133/><V134/><F134/><W58/><G107/><T26/><D26/><U115/><E115/><V120/><F120/><W11/><G71/><T94/><D31/><U77/><E74/><V16/><F78/><W63/><G63/><T85/><D85/><U6/><E68/><V96/><F96/><W40/><G40/><T23/><D23/><U45/><E43/><V91/><REACH who="2" step="1"/><F95/><REACH who="2" ten="125,607,117,141" step="2"/><W83/><G83/><T17/><D37/><U20/><E39/><V5/><F5/><W126/><G126/><T112/><D112/><U49/><E6/><V35/><F35/><W93/><G93/><T36/><D36/><U106/><E38/><V13/><F13/><W90/><G90/><T99/><D99/><U129/><E14/><V64/><F64/><AGARI ba="2,1" hai="8,10,11,25,30,32,52,54,58,60,64" m="45610" machi="64" ten="30,8000,1" yaku="12,1,52,3,54,1" doraHai="7" who="3" fromWho="2" sc="125,0,607,0,117,-86,141,96" /><INIT seed="2,0,0,4,4,52" ten="125,607,31,237" oya="2" hai0="127,103,48,5,21,0,115,61,79,16,44,36,69" hai1="10,124,31,25,8,37,72,89,29,117,91,14,108" hai2="100,114,15,39,107,96,111,2,113,105,132,74,104" hai3="20,73,30,122,35,11,45,59,27,57,77,64,42"/><V53/><F15/><W47/><G122/><T40/><D115/><N who="2" m="44042" /><F53/><W9/><G64/><T121/><D121/><U87/><E37/><V19/><F19/><W70/><G70/><T131/><D131/><U12/><E25/><V63/><F63/><W71/><G71/><T49/><D79/><U58/><E72/><V120/><F2/><W76/><G35/><T68/><D68/><U134/><E87/><V17/><F17/><W80/><G76/><T85/><D85/><U56/><E108/><V7/><F7/><W86/><G73/><T95/><D5/><U90/><E134/><V34/><F39/><W110/><G110/><T129/><D0/><U51/><E51/><V6/><F6/><W66/><G66/><T13/><D69/><U32/><E32/><V126/><F34/><W116/><G116/><T109/><D109/><U118/><E91/><V101/><F111/><W106/><G106/><N who="2" m="40457" /><F120/><W4/><G45/><T102/><D44/><U54/><E54/><V135/><F126/><AGARI ba="0,0" hai="8,10,12,14,29,31,56,58,89,90,117,118,124,126" machi="126" ten="25,6400,0" yaku="22,2,52,2" doraHai="52" who="1" fromWho="2" sc="125,0,607,64,31,-64,237,0" owari="125,-27.5,671,77.1,-33,-53.3,237,3.7" /></mjloggm>