<mjloggm ver="2.3"><GO type="169" lobby="0"/><UN n0="%E9%9B%B2%E3%81%AE%E3%83%95%E3%83%89%E3%82%A6" n1="%33%30%63%6D%33%30%63%6D" n2="%E3%81%A9%E3%81%A9%E3%81%84%E3%81%A4" n3="%E3%81%9B%E3%81%A9%E3%81%AA%E3%82%8A%E3%81%82%E3%82%93" dan="16,17,17,17" rate="2079.16,2146.85,2104.39,2185.09" sx="M,M,M,M"/><TAIKYOKU oya="0"/><INIT seed="0,0,0,2,4,107" ten="250,250,250,250" oya="0" hai0="8,31,127,121,22,27,73,106,36,129,34,49,10" hai1="15,115,14,123,7,33,19,56,41,20,62,90,105" hai2="122,110,67,125,114,89,103,40,113,116,86,82,54" hai3="38,48,4,3,69,46,104,92,88,59,97,118,66"/><T1/><D121/><U128/><E105/><V131/><F122/><W13/><G118/><T112/><D36/><U87/><E128/><V47/><F131/><W94/><G104/><T52/><D106/><U71/><E71/><V96/><F116/><W58/><G3/><T50/><D112/><U9/><E115/><V53/><F110/><W74/><G74/><T117/><D129/><U17/><E33/><V79/><F125/><W12/><G38/><T24/><D117/><U84/><E123/><V75/><F67/><W25/><G25/><T11/><D127/><U130/><E130/><V39/><F96/><W51/><G69/><T16/><D73/><U72/><E72/><V126/><F103/><W55/><G4/><T134/><D134/><U65/><E41/><V70/><F70/><W6/><G6/><T64/><D64/><U5/><REACH who="1" step="1"/><E84/><REACH who="1" ten="250,240,250,250" step="2"/><V37/><F126/><W60/><REACH who="3" step="1"/><G94/><AGARI ba="0,1" hai="5,7,9,14,15,17,19,20,56,62,65,87,90,94" machi="94" ten="30,7700,0" yaku="1,1,2,1,7,1,8,1,53,0" doraHai="107" doraHaiUra="78" who="1" fromWho="3" sc="250,0,240,87,250,0,250,-77" /><INIT seed="1,0,0,5,3,79" ten="250,327,250,173" oya="1" hai0="25,94,65,7,39,9,68,53,59,24,61,48,132" hai1="126,62,44,80,81,67,98,93,75,86,84,47,104" hai2="119,116,134,69,4,90,74,111,103,91,131,109,37" hai3="100,15,97,34,5,20,121,17,46,29,76,55,23"/><U127/><E75/><V105/><F37/><W16/><G121/><T95/><D132/><U11/><E104/><V115/><F69/><W38/><G5/><T71/><D71/><U33/><E33/><V3/><F4/><W22/><G76/><T60/><D39/><U64/><E93/><V1/><F134/><W129/><G129/><T57/><D94/><U106/><E106/><V51/><F131/><W26/><G17/><T58/><D95/><U6/><E6/><V42/><F74/><W12/><G15/><T133/><D133/><U82/><E98/><V27/><F27/><W18/><G18/><T54/><REACH who="0" step="1"/><D68/><REACH who="0" ten="240,327,250,173" step="2"/><U14/><E126/><V78/><F105/><W92/><REACH who="3" step="1"/><G55/><REACH who="3" ten="240,327,250,163" step="2"/><T35/><D35/><U77/><E127/><V0/><F119/><W70/><G70/><T2/><AGARI ba="0,2" hai="2,7,9,24,25,48,53,54,57,58,59,60,61,65" machi="2" ten="20,2700,0" yaku="1,1,0,1,7,1,53,0" doraHai="79" doraHaiUra="118" who="0" fromWho="0" sc="240,47,327,-13,250,-7,163,-7" /><INIT seed="2,0,0,2,4,56" ten="287,314,243,156" oya="2" hai0="109,28,110,49,88,94,80,21,122,8,63,127,14" hai1="70,45,82,98,0,38,54,23,57,84,16,1,31" hai2="71,26,32,108,116,50,46,125,9,120,95,69,96" hai3="132,60,11,87,93,10,99,15,106,101,12,100,68"/><V7/><F116/><W27/><G132/><T24/><D122/><U30/><E70/><V53/><F120/><W119/><G119/><T90/><D127/><U118/><E0/><V61/><F125/><W13/><G27/><T66/><D49/><U117/><E1/><V52/><F108/><N who="0" m="41578" /><D80/><U111/><E111/><V115/><F115/><W6/><G11/><T72/><D72/><U47/><E98/><V83/><F83/><W126/><G126/><T41/><D41/><U64/><E64/><V65/><F26/><W34/><G34/><T92/><D92/><U121/><E121/><V59/><F32/><W51/><G51/><T75/><D75/><U104/><E104/><V103/><REACH who="2" step="1"/><F65/><REACH who="2" ten="287,314,233,156" step="2"/><W97/><REACH who="3" step="1"/><G87/><REACH who="3" ten="287,314,233,146" step="2"/><T33/><D33/><U74/><E84/><V20/><F20/><W134/><G134/><T77/><D21/><U105/><E23/><V62/><F62/><W25/><G25/><T131/><D24/><U48/><E118/><V29/><F29/><W89/><G89/><T112/><D28/><U91/><E117/><V85/><F85/><W43/><G43/><T19/><D90/><U67/><E31/><V130/><F130/><W5/><G5/><T22/><D131/><U40/><E30/><V133/><F133/><W79/><G79/><T78/><D22/><U135/><E135/><V102/><F102/><W55/><G55/><T114/><D114/><U17/><E91/><V2/><AGARI ba="0,2" hai="2,7,9,46,50,52,53,59,61,69,71,95,96,103" machi="2" ten="20,12000,1" yaku="1,1,0,1,7,1,52,1,54,1,53,0" doraHai="56" doraHaiUra="107" who="2" fromWho="2" sc="287,-40,314,-40,233,140,146,-40" /><INIT seed="2,1,0,2,2,24" ten="247,274,373,106" oya="2" hai0="124,93,58,120,130,45,109,72,8,95,15,33,135" hai1="118,98,40,11,119,59,39,102,3,50,21,94,41" hai2="23,4,49,53,110,42,78,112,31,108,68,56,14" hai3="62,65,123,73,27,122,48,99,87,101,46,57,103"/><V121/><F112/><W115/><G73/><T76/><D120/><U19/><E39/><V5/><F121/><W105/><G115/><T6/><D135/><U0/><E0/><V35/><F68/><W47/><G103/><T111/><D130/><U116/><E3/><V29/><F78/><W132/><G132/><T117/><D117/><U96/><E11/><V106/><F106/><W79/><G47/><T104/><D104/><U125/><E125/><V22/><F42/><W20/><G87/><T60/><D124/><U71/><E71/><V92/><F92/><W86/><G86/><T32/><D45/><U88/><E50/><V97/><F97/><W66/><G65/><T61/><D61/><U89/><E59/><V28/><F35/><W80/><G80/><N who="0" m="45063" /><D95/><U30/><E30/><V51/><F51/><W7/><G7/><N who="2" m="2633" /><F14/><W70/><G79/><T67/><D93/><U43/><REACH who="1" step="1"/><E96/><REACH who="1" ten="247,264,373,106" step="2"/><V63/><F49/><W113/><G70/><T75/><D33/><U16/><E16/><V38/><F38/><W69/><G69/><T54/><D32/><U126/><E126/><V1/><F1/><W37/><G37/><T82/><D8/><U127/><E127/><V9/><F9/><W129/><G113/><T12/><D6/><U55/><E55/><V107/><F107/><W134/><G134/><T100/><D54/><U17/><E17/><V91/><F53/><N who="3" m="29847" /><G129/><T25/><D58/><U18/><E18/><V81/><F56/><W83/><G123/><T13/><D67/><U10/><E10/><V52/><F52/><W44/><G122/><T90/><D60/><RYUUKYOKU ba="1,1" sc="247,-10,264,30,373,-10,106,-10" hai1="19,21,40,41,43,88,89,94,98,102,116,118,119" /><INIT seed="3,2,1,4,4,135" ten="237,294,363,96" oya="3" hai0="90,100,109,129,75,116,76,39,7,67,113,133,64" hai1="115,60,56,26,62,61,27,112,9,131,132,16,71" hai2="74,46,81,134,55,4,73,72,118,108,66,12,84" hai3="18,69,33,58,121,114,43,104,126,25,44,15,32"/><W119/><G114/><T89/><D116/><U93/><E71/><V42/><F118/><W14/><G119/><T124/><D39/><U107/><E107/><V37/><F134/><W54/><G121/><T10/><D133/><U31/><E132/><V111/><F66/><W57/><G69/><T97/><D113/><U82/><E131/><V52/><F12/><W36/><G104/><T103/><D129/><U48/><E82/><V22/><F22/><W0/><G0/><T63/><D109/><N who="2" m="42058" /><F4/><W28/><G15/><T80/><D67/><U49/><E93/><V86/><F86/><W17/><G18/><T95/><D100/><U105/><E105/><V24/><F24/><W130/><G130/><T6/><D6/><U123/><E123/><V47/><F46/><W87/><G33/><T41/><D41/><U128/><E128/><V5/><F5/><W13/><G13/><T78/><D78/><AGARI ba="2,1" hai="37,42,47,52,55,72,73,74,78,81,84" m="42058" machi="78" ten="40,2600,0" yaku="14,1,54,1" doraHai="135" who="2" fromWho="0" sc="237,-32,294,0,363,42,96,0" /><INIT seed="4,0,0,5,5,98" ten="205,294,405,96" oya="0" hai0="135,45,1,71,77,132,128,108,87,104,97,107,34" hai1="123,119,4,7,109,44,78,59,9,72,35,83,26" hai2="117,80,67,2,96,60,106,54,19,88,14,53,30" hai3="122,75,57,6,13,49,130,37,85,21,133,25,93"/><T110/><D71/><U116/><E109/><N who="0" m="42089" /><D34/><U76/><E123/><V82/><F2/><W73/><G37/><T5/><D45/><U114/><E4/><V74/><F117/><W29/><G133/><N who="0" m="51275" /><D5/><U48/><E78/><V79/><F30/><W105/><G105/><N who="0" m="40523" /><D1/><U103/><E44/><V55/><F53/><W113/><G122/><T24/><D24/><U81/><E26/><V86/><F55/><W131/><G49/><T12/><D12/><U39/><E39/><V52/><F67/><W58/><G57/><T42/><D42/><U126/><E35/><V62/><F60/><W121/><G58/><T101/><D128/><U17/><E59/><V63/><F62/><W40/><G40/><T84/><D77/><U89/><E48/><V32/><F63/><W69/><G69/><T46/><D46/><U33/><E33/><V50/><F50/><W31/><G31/><T125/><D125/><U3/><E3/><V8/><F32/><W20/><G121/><T28/><D28/><U92/><E76/><V91/><F54/><W64/><G64/><T129/><D129/><N who="3" m="49161" /><G21/><T70/><D70/><U0/><E0/><V68/><F52/><W90/><G13/><T16/><D16/><U15/><E17/><V66/><F68/><W124/><G6/><T112/><D112/><U120/><E114/><V102/><F66/><W127/><G113/><T111/><N who="0" m="42097" /><T43/><DORA hai="22" /><D43/><U94/><E126/><AGARI ba="0,0" hai="20,25,29,73,75,85,90,93,124,126,127" m="49161" machi="126" ten="30,3900,0" yaku="18,1,19,1,52,1" doraHai="98,22" who="3" fromWho="1" sc="205,0,294,-39,405,0,96,39" /><INIT seed="5,0,0,3,5,47" ten="205,255,405,135" oya="1" hai0="132,60,88,0,117,9,59,119,129,96,97,36,104" hai1="71,74,131,40,70,42,120,93,5,3,17,15,45" hai2="118,89,85,25,23,13,128,6,122,91,67,57,115" hai3="110,62,48,19,130,41,34,107,38,16,12,133,39"/><U55/><E120/><V53/><F118/><W79/><G110/><T94/><D36/><U106/><E106/><V100/><F122/><W49/><G107/><T81/><D132/><U127/><E74/><V87/><F128/><W26/><G130/><T112/><D112/><U73/><E73/><V14/><F115/><W30/><G79/><T31/><D129/><U84/><E3/><V116/><F116/><W11/><G133/><T68/><D68/><U50/><E5/><V98/><F67/><W78/><G78/><T121/><D121/><U90/><E127/><V29/><F100/><W124/><G124/><T28/><D81/><U63/><E131/><V27/><F98/><W92/><G39/><T44/><D117/><U46/><E40/><V83/><F27/><W123/><G123/><T65/><D119/><U82/><E93/><N who="2" m="54447" /><F6/><W21/><G62/><AGARI ba="0,0" hai="13,14,23,25,29,53,57,62,83,87,91" m="54447" machi="62" ten="30,1000,0" yaku="8,1" doraHai="47" who="2" fromWho="3" sc="205,0,255,0,405,10,135,-10" /><INIT seed="6,0,0,4,0,106" ten="205,255,415,125" oya="2" hai0="127,80,115,19,34,42,31,73,69,71,112,93,63" hai1="14,65,128,133,41,24,13,26,124,53,116,125,7" hai2="113,5,9,97,74,90,66,29,51,94,32,85,96" hai3="44,100,84,111,18,121,62,37,119,55,25,16,21"/><V134/><F113/><N who="0" m="43594" /><D42/><U61/><E116/><V130/><F134/><W101/><G119/><T107/><D107/><U20/><E41/><V23/><F130/><W99/><G121/><T91/><D19/><U78/><E53/><V82/><F32/><W108/><G37/><T76/><D127/><N who="1" m="48715" /><E128/><V22/><F66/><W10/><G84/><N who="0" m="52455" /><D63/><U104/><E104/><V103/><F51/><W117/><G117/><T126/><D126/><U17/><E78/><V33/><F33/><W12/><G44/><T92/><D92/><U27/><E14/><V38/><F94/><W11/><G99/><T70/><D31/><U1/><E1/><V79/><F29/><W46/><G10/><T52/><D34/><U98/><E98/><V57/><F96/><W36/><G36/><T132/><D132/><U109/><E109/><V48/><F97/><W68/><G68/><T72/><D72/><U75/><E75/><V77/><F74/><W45/><G108/><T123/><D123/><U86/><E86/><V40/><F85/><W135/><G135/><T47/><D70/><N who="1" m="42287" /><E133/><V129/><F38/><W120/><G111/><T2/><D2/><U39/><E39/><V8/><F129/><W30/><G120/><T95/><D95/><U49/><E49/><AGARI ba="0,0" hai="47,49,52,69,71,73,76,80" m="52455,43594" machi="49" ten="30,3900,0" yaku="15,1,52,1,54,1" doraHai="106" who="0" fromWho="1" sc="205,39,255,-39,415,0,125,0" /><INIT seed="7,0,0,3,0,10" ten="244,216,415,125" oya="3" hai0="43,4,110,58,26,3,33,130,16,51,11,88,135" hai1="42,17,112,57,12,35,36,127,29,108,106,72,126" hai2="22,65,100,9,78,2,93,124,87,70,68,80,45" hai3="19,25,41,56,14,49,95,94,30,107,5,54,38"/><W67/><G107/><T134/><D110/><U120/><E108/><V37/><F124/><N who="1" m="47657" /><E120/><V44/><F22/><W46/><G67/><T105/><D105/><U133/><E106/><V24/><F24/><W132/><G5/><T74/><D74/><U113/><E72/><V28/><F28/><W129/><G129/><T21/><D130/><U52/><E133/><N who="0" m="50697" /><D88/><U102/><E102/><V98/><F37/><W125/><G132/><T7/><D7/><U53/><E29/><V82/><F68/><W8/><REACH who="3" step="1"/><G125/><REACH who="3" ten="244,216,415,115" step="2"/><T89/><D4/><U0/><E0/><V34/><F65/><W62/><G62/><T18/><D3/><U31/><E113/><V86/><F2/><W122/><G122/><T119/><D119/><U91/><E112/><V85/><F70/><W59/><G59/><T63/><D58/><U40/><E57/><V76/><F45/><W104/><G104/><T114/><D63/><U6/><E6/><V123/><F44/><W115/><G115/><T32/><D114/><U101/><E101/><V84/><F123/><W83/><G83/><T27/><D51/><U96/><E36/><V131/><F131/><W97/><G97/><T116/><D116/><U128/><E128/><V79/><F80/><W50/><G50/><T117/><D117/><U99/><E99/><V118/><F82/><W111/><G111/><T103/><D33/><AGARI ba="0,1" hai="8,14,19,25,30,33,38,41,46,49,54,56,94,95" machi="33" ten="30,5800,0" yaku="1,1,7,1,52,1,53,0" doraHai="10" doraHaiUra="61" who="3" fromWho="0" sc="244,-58,216,0,415,0,115,68" /><INIT seed="7,1,0,4,3,133" ten="186,216,415,183" oya="3" hai0="6,42,135,117,49,8,41,37,1,67,83,116,0" hai1="54,86,44,46,45,60,128,58,20,14,129,94,69" hai2="12,103,88,124,28,59,70,52,9,95,73,17,90" hai3="132,32,13,23,76,72,39,110,18,65,89,78,97"/><W126/><G32/><T102/><D135/><U81/><E69/><V38/><F70/><W27/><G132/><T87/><D102/><U11/><E20/><V26/><F38/><W7/><G39/><T96/><D96/><U33/><E94/><V125/><F73/><W106/><G110/><T123/><D1/><U122/><E33/><V64/><F64/><W71/><G72/><T48/><D67/><U10/><E122/><V15/><F15/><W34/><G126/><N who="2" m="48745" /><F95/><W36/><G36/><T74/><D74/><U77/><E14/><V118/><F103/><N who="3" m="62831" /><G89/><T109/><D37/><U22/><E77/><V30/><F118/><W35/><G7/><T61/><D6/><U115/><E129/><V134/><F134/><W25/><G25/><T62/><D123/><U43/><E128/><V3/><F3/><W111/><G35/><T100/><D0/><U92/><E92/><V82/><F82/><W53/><G53/><T29/><D83/><U91/><E54/><V112/><F26/><W80/><G111/><T63/><D109/><U121/><E81/><V113/><F88/><W131/><G131/><T57/><D116/><U47/><E91/><V119/><F90/><W85/><G78/><T2/><D117/><U68/><E121/><V5/><F119/><W104/><G104/><T120/><D120/><U66/><E66/><V93/><F5/><W99/><G99/><T84/><D100/><U50/><E68/><V51/><F93/><W21/><G34/><T31/><D2/><U16/><E86/><V55/><F55/><W108/><G108/><T4/><D84/><RYUUKYOKU ba="1,0" sc="186,-10,216,-10,415,30,183,-10" hai2="9,12,17,28,30,51,52,59,112,113" owari="176,-22.4,206,0.6,445,54.5,173,-32.7" /></mjloggm>