<mjloggm ver="2.3"><GO type="169" lobby="0"/><UN n0="%E3%81%9B%E3%81%A9%E3%81%AA%E3%82%8A%E3%81%82%E3%82%93" n1="%E9%9B%A8%E6%9C%88%E3%81%A4%E3%82%86" n2="%E8%87%AA%E6%92%AE%E3%82%8A%E3%83%9E%E3%82%B9%E3%82%BF%E3%83%BC" n3="%73%79%61%6D%6F" dan="17,16,16,16" rate="2159.11,2116.41,2025.26,2125.76" sx="M,M,M,M"/><TAIKYOKU oya="0"/><INIT seed="0,0,0,2,3,66" ten="250,250,250,250" oya="0" hai0="24,55,69,102,91,103,98,49,7,84,50,17,21" hai1="134,46,35,115,20,2,123,25,88,26,99,76,16" hai2="23,9,33,3,5,112,0,96,131,28,118,22,106" hai3="60,83,100,92,14,81,93,72,128,78,63,85,57"/><T125/><D125/><U113/><E123/><V58/><F112/><N who="1" m="43081" /><E76/><V19/><F131/><W104/><G128/><T54/><D7/><U121/><E121/><V38/><F38/><W1/><G1/><T43/><D43/><U79/><E79/><V77/><F77/><W15/><G104/><T18/><D98/><U73/><E73/><V133/><F58/><W59/><G72/><T111/><D111/><U11/><E46/><V117/><F96/><W101/><REACH who="3" step="1"/><G78/><REACH who="3" ten="250,250,250,240" step="2"/><T105/><D105/><U13/><E134/><V116/><F106/><W62/><G62/><T82/><D69/><U12/><E2/><N who="2" m="183" /><F133/><W90/><G90/><T70/><D70/><U127/><E127/><V4/><F3/><W71/><G71/><T29/><D102/><U97/><E35/><V68/><F68/><W61/><G61/><T74/><D103/><U67/><E67/><V80/><F33/><W32/><G32/><T86/><D74/><U48/><E48/><V56/><F0/><W120/><G120/><T89/><D50/><U75/><E75/><V124/><F124/><W126/><G126/><T31/><D49/><U64/><E64/><V135/><F135/><W10/><G10/><T36/><D36/><U109/><E109/><V27/><F118/><W42/><G42/><T40/><D40/><U129/><E129/><V52/><F117/><W132/><G132/><T34/><D55/><U41/><E41/><V130/><F116/><W110/><G110/><T119/><D54/><U51/><E51/><N who="2" m="30751" /><F130/><W8/><G8/><T65/><D119/><U44/><E11/><V114/><F114/><RYUUKYOKU ba="0,1" sc="250,-10,250,-10,250,-10,240,30" hai3="14,15,57,59,60,63,81,83,85,92,93,100,101" /><INIT seed="1,1,1,3,5,116" ten="240,240,240,270" oya="1" hai0="27,111,97,47,129,74,11,106,89,40,19,6,85" hai1="54,127,126,124,80,35,18,75,57,132,117,110,28" hai2="61,55,62,82,79,78,107,98,25,90,46,58,8" hai3="95,131,64,17,92,77,91,72,4,125,73,66,123"/><U20/><E132/><V29/><F107/><W30/><G4/><T24/><D74/><U120/><E117/><V7/><F62/><W101/><G30/><T102/><D111/><U113/><E113/><V60/><F60/><W41/><G41/><T33/><D129/><U0/><E0/><V14/><F46/><W45/><G131/><T34/><D19/><U108/><E120/><V109/><F109/><N who="1" m="42089" /><E28/><V63/><F63/><W38/><G123/><T50/><D33/><U51/><E35/><V104/><F104/><W3/><G3/><T10/><D34/><U122/><E122/><V114/><F114/><W96/><G125/><T67/><D67/><U93/><E93/><N who="2" m="56631" /><F82/><W44/><G66/><T37/><D37/><U5/><E5/><V32/><F32/><W22/><G64/><T121/><D121/><U86/><E75/><V76/><F29/><W53/><G72/><T16/><D6/><U103/><E103/><V84/><F84/><W133/><G133/><T88/><D89/><N who="1" m="51399" /><E124/><V70/><F70/><W48/><G95/><T13/><REACH who="0" step="1"/><D10/><REACH who="0" ten="230,240,240,270" step="2"/><U31/><E31/><V49/><F8/><W2/><G101/><T105/><D105/><U21/><E21/><V94/><F7/><W59/><G22/><T100/><D100/><U9/><E9/><V81/><F78/><W69/><G17/><T128/><D128/><U15/><AGARI ba="1,2" hai="15,18,20,51,54,57,126,127" m="51399,42089" machi="15" ten="30,3000,0" yaku="14,1,10,1" doraHai="116" who="1" fromWho="1" sc="230,-11,240,53,240,-11,270,-11" /><INIT seed="1,2,0,1,2,84" ten="219,293,229,259" oya="1" hai0="18,3,82,124,122,16,44,96,27,100,21,4,19" hai1="5,85,128,9,110,68,80,121,91,134,108,75,66" hai2="60,54,61,24,53,126,33,102,10,46,14,101,73" hai3="135,1,89,37,31,114,28,116,133,130,35,40,86"/><U13/><E121/><V125/><F73/><W59/><G114/><T11/><D124/><N who="2" m="47722" /><F24/><W79/><G1/><T22/><D122/><U8/><E128/><V64/><F33/><W56/><G130/><T67/><D67/><U87/><E75/><V111/><F111/><N who="1" m="42537" /><E134/><V95/><F95/><W74/><G116/><T104/><D82/><N who="1" m="49591" /><E9/><V30/><F30/><W32/><G74/><T113/><D113/><U65/><E68/><N who="2" m="41991" /><F61/><W55/><G135/><T98/><D98/><U51/><E51/><N who="2" m="28919" /><F54/><W43/><G55/><T17/><REACH who="0" step="1"/><D44/><REACH who="0" ten="209,293,229,259" step="2"/><U45/><E45/><V2/><F2/><W6/><G133/><T109/><D109/><U41/><E41/><V49/><F102/><W57/><G40/><T58/><D58/><U25/><E25/><AGARI ba="2,1" hai="3,4,11,16,17,18,19,21,22,25,27,96,100,104" machi="25" ten="30,7700,0" yaku="1,1,7,1,9,1,54,1,53,0" doraHai="84" doraHaiUra="50" who="0" fromWho="1" sc="209,93,293,-83,229,0,259,0" /><INIT seed="2,0,0,1,1,60" ten="302,210,229,259" oya="2" hai0="118,62,80,51,129,20,6,117,31,47,109,93,32" hai1="123,88,18,14,100,106,45,85,128,74,33,131,9" hai2="101,41,49,132,63,103,29,83,50,7,25,39,114" hai3="27,38,126,4,133,135,94,19,98,99,28,48,44"/><V17/><F114/><W42/><G126/><T46/><D109/><U96/><E74/><V116/><F116/><N who="0" m="44650" /><D32/><U90/><E33/><V84/><F132/><N who="3" m="50763" /><G4/><T115/><D115/><U78/><E123/><V55/><F39/><W23/><G38/><T91/><D129/><N who="1" m="49739" /><E45/><N who="2" m="25775" /><F7/><W36/><G36/><T95/><D6/><U122/><E122/><V97/><F29/><W110/><G110/><T52/><D47/><U69/><E69/><V68/><F68/><W10/><G94/><T87/><D62/><U65/><E65/><V102/><F63/><W40/><G42/><T120/><D120/><U125/><E125/><V113/><F113/><W30/><G28/><T89/><D89/><N who="1" m="34411" /><E78/><N who="2" m="46199" /><F17/><W71/><G71/><T121/><D121/><U111/><E111/><V61/><F61/><W77/><G77/><T72/><D72/><U76/><E76/><V2/><F2/><W67/><G67/><T21/><D31/><U12/><E12/><AGARI ba="0,0" hai="10,12,19,23,27,30,40,44,48,98,99" m="50763" machi="12" ten="30,1000,0" yaku="20,1" doraHai="60" who="3" fromWho="1" sc="302,0,210,-10,229,0,259,10" /><INIT seed="3,0,0,4,3,128" ten="302,200,229,269" oya="3" hai0="28,84,109,101,11,106,24,64,8,47,67,91,105" hai1="13,50,20,74,15,21,26,18,46,81,14,55,104" hai2="131,114,56,85,124,80,103,62,35,45,88,134,42" hai3="95,44,129,112,54,98,16,126,99,97,0,63,71"/><W118/><G118/><T22/><D109/><U39/><E104/><V75/><F131/><W36/><G112/><T110/><D110/><U41/><E74/><V6/><F114/><W51/><G0/><T82/><D105/><U76/><E81/><V61/><F124/><W92/><G126/><T132/><D132/><U19/><REACH who="1" step="1"/><E76/><REACH who="1" ten="302,190,229,269" step="2"/><V121/><F75/><W27/><G129/><T4/><D106/><U102/><E102/><V43/><F103/><W9/><G92/><T125/><D101/><U12/><E12/><V72/><F72/><W116/><G95/><T135/><D125/><U57/><AGARI ba="0,1" hai="13,14,15,18,19,20,21,26,39,41,46,50,55,57" machi="57" ten="20,2700,0" yaku="1,1,0,1,7,1,53,0" doraHai="128" doraHaiUra="111" who="1" fromWho="1" sc="302,-7,190,37,229,-7,269,-13" /><INIT seed="4,0,0,3,0,45" ten="295,227,222,256" oya="0" hai0="135,28,100,29,75,113,59,62,37,133,77,31,83" hai1="85,61,101,36,26,112,87,109,10,95,119,22,105" hai2="2,17,70,0,68,1,16,132,71,72,11,125,82" hai3="58,53,24,44,73,108,121,107,74,110,99,116,47"/><T41/><D113/><U40/><E109/><V39/><F39/><W88/><G116/><T96/><D41/><U30/><E119/><V54/><F132/><W104/><G121/><T32/><D37/><U12/><E105/><V98/><F125/><W15/><G15/><T57/><D32/><U23/><E40/><V14/><F98/><W106/><G24/><T55/><REACH who="0" step="1"/><D57/><REACH who="0" ten="285,227,222,256" step="2"/><U65/><E36/><V66/><F71/><W122/><G122/><T111/><D111/><U56/><E112/><V38/><F70/><W64/><G110/><T7/><D7/><N who="1" m="3167" /><E22/><V79/><F38/><W67/><G108/><T52/><D52/><U78/><E78/><V120/><F120/><W4/><G53/><T34/><D34/><U5/><E5/><V97/><F54/><W19/><G4/><T127/><D127/><U129/><E129/><V103/><F68/><W42/><G42/><T128/><D128/><U13/><E13/><V8/><F1/><W80/><G58/><T49/><D49/><U3/><E3/><V21/><F21/><W69/><G69/><T84/><D84/><U118/><E118/><V90/><F2/><W126/><G126/><T102/><D102/><U114/><E114/><V50/><F0/><W25/><G73/><T46/><D46/><U134/><E134/><V91/><F50/><W20/><G74/><T76/><D76/><U35/><E35/><V124/><F124/><W27/><G44/><T93/><AGARI ba="0,1" hai="28,29,31,55,59,62,75,77,83,93,96,100,133,135" machi="93" ten="30,3000,0" yaku="1,1,0,1,53,0" doraHai="45" doraHaiUra="81" who="0" fromWho="0" sc="285,40,227,-10,222,-10,256,-10" /><INIT seed="4,1,0,1,1,73" ten="325,217,212,246" oya="0" hai0="91,51,20,63,21,85,78,117,42,1,62,104,58" hai1="80,87,39,92,11,98,103,118,113,105,17,79,133" hai2="57,47,54,65,114,132,75,67,33,49,6,9,121" hai3="116,41,4,86,106,46,107,131,52,120,119,14,24"/><T44/><D117/><U126/><E118/><V23/><F121/><W130/><G120/><T90/><D104/><U66/><E39/><V129/><F33/><W32/><G86/><T77/><D1/><U128/><E66/><V31/><F114/><W19/><G4/><T76/><D91/><U0/><E126/><V59/><F129/><N who="3" m="49163" /><G24/><T25/><D58/><U53/><E128/><V108/><F108/><W12/><G32/><T74/><D74/><U7/><E133/><V2/><F75/><W29/><G29/><N who="0" m="17575" /><D21/><U115/><E53/><V43/><F132/><W13/><G52/><T37/><D37/><U72/><E17/><V60/><F31/><W18/><G116/><T27/><D27/><U36/><REACH who="1" step="1"/><E36/><REACH who="1" ten="325,207,212,246" step="2"/><V30/><REACH who="2" step="1"/><F57/><REACH who="2" ten="325,207,202,246" step="2"/><W55/><G119/><T124/><D124/><U40/><E40/><V22/><F22/><W127/><G127/><T68/><D68/><U45/><E45/><V8/><F8/><W122/><G122/><T64/><D64/><U97/><E97/><V48/><F48/><N who="3" m="29079" /><G41/><T94/><AGARI ba="1,2" hai="42,44,51,62,63,76,77,78,85,90,94" m="17575" machi="94" ten="30,11700,0" yaku="8,1,52,3" doraHai="73" who="0" fromWho="0" sc="325,140,207,-40,202,-40,246,-40" /><INIT seed="4,2,0,1,0,62" ten="465,167,162,206" oya="0" hai0="117,87,30,26,51,63,120,37,48,101,66,123,72" hai1="7,113,115,34,32,81,73,107,15,11,20,54,109" hai2="28,1,88,8,41,58,31,75,18,83,114,42,104" hai3="55,127,2,111,100,116,86,105,69,112,27,108,74"/><T78/><D117/><U19/><E107/><V65/><F114/><N who="1" m="43529" /><E54/><V84/><F104/><W23/><G112/><T92/><D37/><U5/><E81/><V135/><F135/><W98/><G2/><T21/><D72/><U43/><E43/><N who="2" m="16395" /><F1/><W130/><G69/><T61/><D61/><U77/><E77/><V0/><F0/><W6/><G74/><T125/><D125/><U14/><E73/><V79/><F75/><W122/><G127/><T25/><D25/><N who="1" m="14495" /><E109/><V91/><F91/><W10/><G108/><T119/><D119/><U60/><E60/><N who="2" m="38039" /><F79/><W40/><G116/><T76/><D76/><U102/><E102/><V134/><F134/><W89/><G111/><T106/><D106/><U96/><E96/><V80/><F80/><W22/><G40/><T57/><D78/><U29/><E29/><V90/><F90/><W4/><G55/><T44/><D87/><U131/><E131/><V50/><F50/><W67/><G86/><T46/><D48/><U17/><E5/><V53/><F53/><W12/><G130/><T133/><D133/><U70/><E70/><V45/><F45/><N who="0" m="17514" /><D51/><U118/><E118/><V128/><F128/><W85/><G4/><T36/><D36/><U93/><E93/><V24/><F31/><W82/><G105/><T38/><D38/><U52/><E52/><V132/><F132/><W64/><G100/><T71/><D71/><U99/><E99/><AGARI ba="2,0" hai="21,26,30,57,63,66,92,99,101,120,123" m="17514" machi="99" ten="30,2900,0" yaku="25,1,52,1" doraHai="62" who="0" fromWho="1" sc="465,35,167,-35,162,0,206,0" /><INIT seed="4,3,0,3,0,77" ten="500,132,162,206" oya="0" hai0="130,34,16,65,78,98,84,99,36,49,30,86,69" hai1="104,94,12,6,135,115,55,114,112,63,123,28,20" hai2="129,51,100,80,74,83,108,73,62,8,5,40,118" hai3="106,103,48,43,57,2,72,88,10,45,111,121,0"/><T96/><D36/><U95/><E123/><V24/><F108/><W26/><G111/><T75/><D34/><U125/><E104/><V35/><F129/><W113/><G72/><T110/><D30/><U59/><E135/><V102/><F118/><W1/><G121/><T38/><D38/><U44/><E125/><V126/><F126/><W92/><G113/><T27/><D49/><U9/><REACH who="1" step="1"/><E44/><REACH who="1" ten="500,122,162,206" step="2"/><N who="2" m="25991" /><F35/><W127/><G127/><T122/><D122/><U60/><E60/><V52/><F73/><W11/><G106/><T90/><D75/><U4/><E4/><V15/><F74/><W117/><G117/><T91/><D110/><U79/><E79/><V68/><F68/><W54/><G103/><N who="2" m="39465" /><F24/><AGARI ba="3,1" hai="6,9,12,20,24,28,55,59,63,94,95,112,114,115" machi="24" ten="40,5200,0" yaku="1,1,15,1,11,1,53,0" doraHai="77" doraHaiUra="87" who="1" fromWho="2" sc="500,0,122,71,162,-61,206,0" /><INIT seed="5,0,0,1,2,30" ten="500,193,101,206" oya="1" hai0="132,102,56,88,19,123,31,0,89,104,127,37,118" hai1="76,3,69,2,83,38,87,70,114,68,32,96,121" hai2="16,25,113,34,109,7,5,44,54,20,52,125,8" hai3="100,72,71,81,49,53,47,126,23,42,33,86,61"/><U106/><E114/><V79/><F113/><W78/><G126/><T9/><D118/><U116/><E121/><V51/><F125/><W63/><G33/><T122/><D37/><U15/><E116/><V10/><F109/><W92/><G71/><T99/><D127/><U6/><E15/><V45/><F79/><W119/><G119/><T28/><D132/><U85/><E38/><V101/><F101/><W111/><G111/><T58/><D28/><U41/><E41/><V112/><F112/><W93/><G23/><T40/><D40/><U4/><E32/><V82/><F82/><W12/><G12/><N who="0" m="7567" /><D31/><U60/><E60/><N who="3" m="23114" /><G72/><T21/><D21/><U43/><E43/><V48/><REACH who="2" step="1"/><F34/><REACH who="2" ten="500,193,91,206" step="2"/><W97/><G78/><T75/><D75/><U90/><E76/><V36/><F36/><W91/><G81/><T22/><D89/><U67/><E83/><V103/><F103/><W74/><G74/><T110/><D88/><U134/><E90/><V129/><F129/><W133/><G133/><T35/><D110/><U130/><E134/><V57/><F57/><W115/><G115/><T117/><D35/><U13/><E130/><V66/><F66/><W62/><G100/><T80/><D117/><U50/><E67/><V39/><F39/><W59/><G93/><T26/><D80/><U95/><E95/><V46/><F46/><W84/><AGARI ba="0,1" hai="42,47,49,53,59,62,84,86,91,92,97" m="23114" machi="84" ten="30,1100,0" yaku="8,1" doraHai="30" who="3" fromWho="3" sc="500,-3,193,-5,91,-3,206,21" /><INIT seed="6,0,0,3,1,85" ten="497,188,88,227" oya="2" hai0="95,63,84,37,93,104,135,87,98,127,52,115,71" hai1="27,18,125,39,28,75,116,100,72,29,117,62,80" hai2="118,133,0,13,91,35,47,92,60,79,101,86,67" hai3="3,46,134,132,42,24,82,38,114,107,69,32,2"/><V99/><F118/><W6/><G107/><T50/><D37/><U121/><E39/><V108/><F0/><N who="3" m="43" /><G6/><T43/><D104/><U26/><E100/><V23/><F35/><W124/><G82/><T70/><D70/><U17/><E80/><V16/><F108/><W21/><G69/><T54/><D43/><U56/><E125/><V81/><F133/><N who="3" m="51307" /><G124/><T61/><D115/><U97/><E56/><N who="2" m="37255" /><F47/><W109/><G109/><T1/><D1/><U112/><E62/><N who="0" m="23561" /><D71/><U51/><E51/><V111/><F111/><W119/><G32/><T10/><D135/><U31/><E121/><V14/><F14/><W73/><G73/><T89/><D127/><U122/><E122/><V113/><F113/><W77/><G77/><AGARI ba="0,0" hai="13,16,23,77,79,81,86,91,92,99,101" m="37255" machi="77" ten="30,5800,0" yaku="8,1,52,1,54,1" doraHai="85" who="2" fromWho="3" sc="497,0,188,0,88,58,227,-58" /><INIT seed="6,1,0,5,5,72" ten="497,188,146,169" oya="2" hai0="108,70,32,84,68,20,85,116,82,5,16,118,107" hai1="11,10,75,57,91,125,109,120,48,110,129,29,86" hai2="78,71,128,15,1,67,127,6,47,33,74,65,7" hai3="114,50,69,61,35,55,30,9,123,113,111,14,105"/><V58/><F128/><W18/><G111/><T26/><D108/><U76/><E120/><V36/><F127/><W12/><G123/><T13/><D107/><U28/><E129/><V100/><F71/><N who="0" m="27178" /><D82/><U87/><E125/><V92/><F33/><W24/><G105/><T4/><D32/><U63/><E75/><V124/><F124/><W60/><G69/><T52/><D52/><N who="1" m="31879" /><E63/><V62/><F67/><W17/><G61/><T46/><D46/><U59/><E59/><V101/><F92/><W56/><REACH who="3" step="1"/><G60/><REACH who="3" ten="497,188,146,159" step="2"/><T88/><D26/><U99/><E109/><V77/><F6/><N who="0" m="2666" /><D88/><U134/><E110/><V121/><F121/><W73/><G73/><T39/><D39/><U80/><E134/><V22/><F1/><W97/><G97/><T133/><D133/><U8/><E99/><V49/><F36/><W38/><G38/><T115/><D115/><U79/><E79/><N who="2" m="30219" /><F74/><W104/><G104/><T135/><D135/><U131/><E131/><V94/><F7/><W54/><G54/><T31/><D116/><U132/><E132/><V126/><F126/><W81/><G81/><AGARI ba="1,1" hai="8,10,11,28,29,76,80,81,86,87,91" m="31879" machi="81" ten="30,3900,0" yaku="8,1,52,1,54,1" doraHai="72" who="1" fromWho="3" sc="497,0,188,52,146,0,159,-42" /><INIT seed="7,0,0,1,2,98" ten="497,240,146,117" oya="3" hai0="103,135,123,51,24,14,116,80,39,64,60,37,90" hai1="32,120,86,96,91,74,68,113,25,56,95,15,6" hai2="21,66,127,111,26,49,3,107,85,52,0,44,72" hai3="117,54,7,76,9,93,61,48,105,114,53,20,115"/><W106/><G117/><T134/><D116/><U45/><E74/><V58/><F111/><W118/><G118/><T35/><D123/><U65/><E68/><V77/><F127/><W34/><G34/><T10/><D103/><U2/><E2/><V83/><F107/><W82/><G20/><T29/><D51/><U57/><E120/><V79/><F72/><W18/><G18/><N who="0" m="8535" /><D90/><U71/><E113/><N who="3" m="43018" /><G93/><T122/><D80/><U30/><E71/><V89/><F0/><N who="3" m="231" /><G61/><T99/><D99/><U19/><E96/><V133/><F3/><W101/><G101/><T62/><D122/><U42/><E6/><V94/><F94/><W132/><G132/><N who="0" m="50731" /><D62/><U5/><E5/><V12/><F133/><W63/><G63/><T31/><D31/><U84/><E86/><V100/><F100/><W50/><G48/><T87/><D87/><U28/><E30/><V40/><F49/><W128/><G128/><T67/><D67/><U69/><E65/><V33/><F66/><W108/><G108/><T27/><D27/><U126/><E126/><V55/><F26/><W59/><G53/><T36/><D36/><U110/><E110/><V4/><F52/><W41/><G41/><T46/><D46/><U119/><E119/><V22/><F55/><W47/><G47/><T8/><D8/><U43/><E43/><V102/><F44/><W16/><G16/><T112/><D112/><U109/><E32/><V78/><F33/><W11/><G11/><T1/><D1/><U81/><E109/><V75/><F40/><W125/><G125/><T104/><D104/><U38/><E45/><RYUUKYOKU ba="0,0" sc="497,15,240,-15,146,-15,117,15" hai0="24,29,35,37,39,60,64" hai3="50,54,59,76,82,105,106" /><INIT seed="7,1,0,2,2,87" ten="512,225,131,132" oya="3" hai0="52,110,8,7,4,88,21,123,3,126,43,81,105" hai1="14,19,33,67,113,29,48,72,89,62,73,24,108" hai2="60,63,90,36,92,66,54,46,112,58,94,104,134" hai3="59,111,22,9,91,131,15,86,77,107,116,106,102"/><W27/><G116/><T97/><D110/><U25/><E108/><V5/><F104/><W64/><G111/><T119/><D119/><U16/><E48/><V13/><F112/><W0/><G0/><T31/><D43/><U95/><E24/><V23/><F134/><W45/><G131/><T114/><D123/><U128/><E19/><N who="2" m="10735" /><F36/><W93/><G77/><T78/><D4/><U57/><E113/><V51/><F5/><W39/><G39/><T32/><D126/><U74/><E128/><V47/><F94/><W70/><G70/><T85/><D32/><U84/><E72/><V42/><F42/><W79/><G79/><T28/><D52/><U115/><E115/><V26/><F26/><W10/><G45/><N who="2" m="16905" /><F66/><W98/><G107/><T53/><D53/><U96/><E96/><AGARI ba="1,0" hai="51,54,58,60,63,90,92,96" m="16905,10735" machi="96" ten="30,2000,0" yaku="8,1,52,1" doraHai="87" who="2" fromWho="1" sc="512,0,225,-23,131,23,132,0" owari="512,61.2,202,0.2,154,-24.6,132,-36.8" /></mjloggm>