<mjloggm ver="2.3"><GO type="169" lobby="0"/><UN n0="%6F%74%6E%65%6D%65%6D" n1="%52%59%4F%40%53%53" n2="%E3%81%BD%E3%81%A3%E3%81%91%E3%81%95%E3%82%93" n3="%73%65%69%67%65%6E" dan="16,17,16,16" rate="2130.48,2200.63,2096.70,2050.04" sx="M,M,M,M"/><TAIKYOKU oya="0"/><INIT seed="0,0,0,0,5,5" ten="250,250,250,250" oya="0" hai0="97,95,50,100,111,64,1,9,132,82,109,84,36" hai1="11,121,12,28,123,15,23,85,112,81,88,0,4" hai2="42,32,105,107,77,33,68,120,96,90,78,89,20" hai3="55,29,6,79,14,40,63,26,65,52,108,135,54"/><T57/><D36/><U69/><E69/><V24/><F68/><W61/><G108/><N who="0" m="41547" /><D132/><U124/><E112/><V7/><F7/><W99/><G135/><T87/><D87/><U67/><E124/><V31/><F20/><W106/><G40/><T10/><D1/><U80/><E67/><V21/><F21/><W19/><G6/><T128/><D128/><U17/><E15/><V119/><F42/><W72/><G72/><T18/><D18/><U113/><E113/><V73/><F73/><W126/><G79/><N who="0" m="46175" /><D50/><U43/><E28/><V104/><F31/><W3/><G126/><T93/><D93/><U46/><REACH who="1" step="1"/><E81/><REACH who="1" ten="250,240,250,250" step="2"/><V44/><F107/><W116/><G3/><T122/><D122/><U130/><E130/><V134/><F105/><W98/><G106/><T48/><D48/><AGARI ba="0,1" hai="0,4,11,12,17,23,43,46,48,80,85,88,121,123" machi="48" ten="30,8000,1" yaku="1,1,7,1,52,1,54,1,53,1" doraHai="5" doraHaiUra="45" who="1" fromWho="0" sc="250,-80,240,90,250,0,250,0" /><INIT seed="1,0,0,3,4,117" ten="170,330,250,250" oya="1" hai0="34,91,45,28,64,85,73,87,23,25,120,2,35" hai1="53,69,30,33,101,82,27,74,6,86,128,119,8" hai2="18,3,12,38,47,10,24,83,90,5,15,133,60" hai3="32,48,44,66,127,52,130,123,132,134,58,102,29"/><U62/><E119/><V70/><F133/><N who="3" m="51307" /><G102/><T77/><D2/><U108/><E128/><V40/><F70/><W124/><G29/><T126/><D126/><N who="3" m="48169" /><G32/><T111/><D111/><U41/><E108/><V93/><F60/><N who="3" m="38167" /><G130/><T22/><D73/><U4/><E74/><V63/><F63/><W80/><G80/><T51/><D64/><U61/><E69/><V103/><F103/><W116/><G123/><T106/><D106/><U89/><E101/><V112/><F112/><W75/><G75/><T129/><D129/><U122/><E122/><V16/><F83/><W67/><G67/><T88/><D77/><U19/><E19/><V26/><F3/><W76/><G76/><T55/><D35/><U72/><E4/><V113/><F113/><W96/><G96/><T59/><D120/><U39/><E72/><V110/><F110/><W20/><G20/><T107/><D107/><U105/><E105/><V46/><F5/><W68/><G68/><T43/><D85/><U0/><E8/><V7/><F7/><W94/><G94/><T125/><D91/><U121/><E121/><V49/><F18/><W118/><AGARI ba="0,0" hai="44,48,52,116,118" m="38167,48169,51307" machi="118" ten="40,8000,1" yaku="20,1,18,1,34,2,54,1" doraHai="117" who="3" fromWho="3" sc="170,-20,330,-40,250,-20,250,80" /><INIT seed="2,0,0,5,4,5" ten="150,290,230,330" oya="2" hai0="119,69,62,84,101,27,134,88,16,104,67,30,55" hai1="36,82,129,70,51,3,0,103,26,31,63,53,34" hai2="19,131,10,115,24,127,6,17,96,45,15,40,12" hai3="9,105,90,42,48,44,130,135,112,47,99,39,108"/><V97/><F115/><W122/><G108/><T118/><D134/><U79/><E36/><V93/><F127/><W4/><G135/><T25/><D25/><U23/><E129/><V73/><F73/><W13/><G130/><T77/><D77/><U41/><E41/><V133/><F131/><W59/><G122/><T109/><D109/><U74/><E23/><V1/><F133/><W81/><G59/><T123/><D123/><U94/><E94/><V57/><F57/><W98/><G105/><T2/><D2/><U100/><E100/><V132/><F132/><W60/><G60/><T14/><D55/><U102/><E102/><V21/><F19/><W121/><G112/><T54/><D54/><U126/><E103/><V58/><F58/><W66/><G66/><T107/><D101/><U114/><E126/><V124/><F124/><W87/><REACH who="3" step="1"/><G121/><REACH who="3" ten="150,290,230,320" step="2"/><T80/><D118/><U35/><E114/><V33/><F93/><W89/><G89/><T43/><D119/><U95/><E63/><V38/><F15/><W116/><G116/><T29/><D104/><U125/><E95/><V22/><F22/><W46/><G46/><T128/><D107/><U117/><E117/><V11/><F10/><W85/><G85/><T83/><D128/><U61/><E125/><V56/><F56/><W75/><G75/><T106/><D106/><U76/><E61/><V92/><F92/><W111/><G111/><T65/><D65/><U71/><E74/><V113/><F113/><W7/><G7/><T18/><D67/><U20/><E20/><V8/><F8/><W28/><G28/><AGARI ba="0,1" hai="1,6,11,12,17,21,24,28,33,38,40,45,96,97" machi="28" ten="40,12000,1" yaku="6,1,24,2,52,1" doraHai="5" who="2" fromWho="3" sc="150,0,290,0,230,130,320,-120" /><INIT seed="2,1,0,4,5,13" ten="150,290,360,200" oya="2" hai0="4,111,69,121,72,85,44,18,108,58,52,16,24" hai1="83,51,50,123,81,120,109,7,113,95,27,125,71" hai2="33,73,122,21,104,15,28,31,46,9,76,57,65" hai3="0,130,47,134,39,129,17,55,60,110,75,90,78"/><V74/><F33/><W84/><G0/><T102/><D121/><U12/><E71/><V61/><F104/><W14/><G110/><N who="0" m="42027" /><D72/><U103/><E109/><V19/><F122/><N who="1" m="46633" /><E27/><V132/><F132/><W37/><G134/><T10/><D69/><U36/><E36/><V49/><F76/><W101/><G101/><T87/><D102/><U40/><E125/><V20/><F74/><W41/><G78/><T106/><D106/><U99/><E113/><V115/><F73/><W94/><G75/><T26/><D44/><N who="1" m="25863" /><E51/><V11/><F115/><W117/><G117/><T128/><D128/><U91/><E103/><V80/><F80/><W135/><G135/><T107/><D107/><U43/><E43/><V2/><F2/><W67/><G55/><T29/><D26/><U77/><E77/><V92/><F92/><W35/><G35/><N who="0" m="20903" /><D87/><U88/><E91/><V42/><F21/><W82/><G82/><T53/><D85/><U96/><E99/><V70/><F70/><W23/><REACH who="3" step="1"/><G37/><REACH who="3" ten="150,290,360,190" step="2"/><T133/><D133/><U56/><E83/><V98/><F98/><W126/><G126/><T63/><D53/><U8/><E81/><V59/><F57/><AGARI ba="1,1" hai="14,17,23,39,41,47,57,60,67,84,90,94,129,130" machi="57" ten="40,2600,0" yaku="1,1,52,1,53,0" doraHai="13" doraHaiUra="1" who="3" fromWho="2" sc="150,0,290,0,360,-29,190,39" /><AGARI ba="1,0" hai="7,8,12,56,57,88,95,96" m="25863,46633" machi="57" ten="30,2000,0" yaku="13,1,54,1" doraHai="13" who="1" fromWho="2" sc="150,0,290,20,331,-20,229,0" /><INIT seed="3,0,0,5,5,106" ten="150,310,311,229" oya="3" hai0="59,65,100,116,84,85,90,33,9,40,15,73,124" hai1="67,134,44,101,109,93,0,36,22,127,57,37,110" hai2="128,64,48,132,10,52,71,126,19,70,35,27,5" hai3="66,81,11,78,61,53,105,113,13,118,24,41,114"/><W3/><G118/><T39/><D116/><U123/><E0/><V23/><F126/><W31/><G3/><T50/><D124/><U2/><E2/><V8/><F128/><W32/><G53/><T6/><D33/><U21/><E127/><V129/><F129/><W122/><G41/><T30/><D100/><U75/><E123/><V16/><F35/><W1/><G105/><T58/><D30/><U103/><E57/><V135/><F19/><W107/><G107/><T95/><D39/><U96/><E44/><V34/><F34/><W130/><G130/><T74/><D84/><U108/><E67/><V133/><F64/><W79/><G79/><T14/><D14/><U26/><E134/><V12/><REACH who="2" step="1"/><F10/><REACH who="2" ten="150,310,301,229" step="2"/><W86/><G122/><T51/><D65/><U87/><E110/><V104/><F104/><W121/><G121/><T115/><D115/><U62/><E109/><V45/><AGARI ba="0,1" hai="5,8,12,16,23,27,45,48,52,70,71,132,133,135" machi="45" ten="30,8000,1" yaku="1,1,0,1,20,1,54,2,53,0" doraHai="106" doraHaiUra="63" who="2" fromWho="2" sc="150,-20,310,-20,301,90,229,-40" /><INIT seed="4,0,0,0,3,43" ten="130,290,391,189" oya="0" hai0="36,95,126,9,34,107,52,12,40,13,86,112,97" hai1="24,119,106,91,104,29,38,57,118,67,48,94,53" hai2="6,85,42,90,78,65,77,89,99,39,8,11,59" hai3="103,60,131,114,129,46,128,63,33,54,125,3,71"/><T1/><D107/><U82/><E38/><V66/><F99/><W102/><G33/><T58/><D34/><U56/><E82/><V73/><F73/><W21/><G3/><T28/><D28/><U26/><E26/><V135/><F135/><W16/><G114/><T10/><D112/><U124/><E124/><V4/><F42/><W23/><G125/><T116/><D126/><U7/><E7/><V27/><F27/><W76/><G76/><T98/><D1/><U80/><E80/><V20/><F85/><W81/><G81/><T92/><D86/><U120/><E120/><V93/><F59/><W113/><G23/><T15/><D40/><U72/><E72/><V61/><F20/><W2/><G2/><T74/><D74/><U31/><E106/><V134/><F134/><W64/><G113/><T111/><D36/><U127/><E104/><V87/><F87/><W70/><G70/><T41/><D41/><U47/><E31/><V123/><F39/><W133/><G133/><T5/><D111/><U100/><E100/><V101/><F101/><W18/><G18/><N who="0" m="8463" /><D13/><U132/><E132/><V68/><F68/><W22/><G22/><T44/><D116/><U32/><E127/><V0/><F0/><W109/><G109/><T121/><D121/><U108/><E108/><V110/><F110/><W115/><G115/><T79/><D79/><U75/><E75/><V17/><F123/><W14/><G63/><N who="0" m="36295" /><D44/><U117/><E67/><V35/><F35/><W122/><G122/><T130/><D130/><U49/><E48/><AGARI ba="0,0" hai="14,16,21,46,48,54,60,64,71,102,103,128,129,131" machi="48" ten="40,5200,0" yaku="19,1,52,1,54,1" doraHai="43" who="3" fromWho="1" sc="130,0,290,-52,391,0,189,52" /><INIT seed="5,0,0,4,2,113" ten="130,238,391,241" oya="1" hai0="84,96,109,77,89,51,99,87,21,42,24,102,40" hai1="75,49,60,68,56,66,46,81,82,17,90,32,31" hai2="110,79,27,73,43,117,112,38,83,16,0,100,15" hai3="121,53,88,86,97,104,39,115,55,26,54,48,47"/><U107/><E107/><V44/><F110/><W123/><G39/><T103/><D109/><U30/><E32/><V106/><F112/><W118/><G115/><T20/><D51/><U120/><E120/><V45/><F27/><W34/><G118/><T62/><D24/><U92/><E68/><V105/><F117/><W133/><G133/><T129/><D129/><U2/><E2/><V37/><F100/><W116/><G116/><T9/><D9/><U19/><E75/><V64/><F64/><W74/><G74/><T76/><REACH who="0" step="1"/><D62/><REACH who="0" ten="120,238,391,241" step="2"/><U14/><E31/><V78/><F38/><W63/><G63/><T95/><D95/><U101/><E30/><V33/><F37/><W10/><G10/><T6/><D6/><U11/><E19/><V108/><F16/><W130/><G130/><T69/><D69/><U67/><E66/><V93/><F93/><W22/><G123/><T7/><D7/><U91/><E82/><V98/><F83/><W126/><G121/><T58/><D58/><U57/><E56/><V1/><F106/><W29/><G34/><T80/><D80/><U61/><E61/><V18/><F105/><W3/><G104/><T128/><D128/><U59/><E59/><V4/><F33/><W119/><G48/><T28/><D28/><U72/><E81/><V52/><F18/><W71/><G71/><T124/><D124/><U111/><E111/><V41/><F4/><W85/><G126/><T114/><D114/><U12/><E72/><V132/><F73/><W122/><G119/><T70/><D70/><U8/><E8/><V131/><F108/><RYUUKYOKU ba="0,1" sc="120,30,238,-10,391,-10,241,-10" hai0="20,21,40,42,76,77,84,87,89,96,99,102,103" /><INIT seed="6,1,1,2,0,66" ten="150,228,381,231" oya="2" hai0="24,126,9,11,31,15,28,54,103,128,90,52,37" hai1="81,44,105,72,122,65,133,117,130,63,78,116,17" hai2="57,35,135,18,67,107,88,53,14,121,12,43,70" hai3="98,109,104,76,123,32,124,127,10,69,86,48,93"/><V89/><F121/><W73/><G32/><T4/><D37/><U1/><E122/><V58/><F35/><W49/><G123/><T30/><D103/><U38/><E17/><V111/><F70/><W6/><G109/><T59/><D128/><U29/><E130/><V47/><F107/><W21/><G69/><T20/><D126/><N who="3" m="48169" /><G73/><T64/><D64/><U87/><E29/><V74/><F74/><W101/><G21/><T125/><D125/><U94/><E105/><V84/><F67/><W45/><G45/><T7/><D90/><U5/><E94/><V97/><F58/><W112/><G112/><T110/><D110/><U3/><E87/><V118/><F118/><N who="1" m="45673" /><E5/><V134/><F97/><N who="3" m="61487" /><G86/><T27/><D59/><U75/><E75/><V33/><F33/><W22/><G22/><T36/><D36/><U77/><E77/><V114/><F114/><W2/><G76/><T16/><REACH who="0" step="1"/><D27/><REACH who="0" ten="140,228,381,231" step="2"/><U56/><E56/><V46/><F111/><W62/><G62/><T91/><D91/><AGARI ba="1,2" hai="2,6,10,48,49,91,93,98" m="61487,48169" machi="91" ten="30,1000,0" yaku="18,1" doraHai="66" who="3" fromWho="0" sc="140,-13,228,0,381,0,231,33" /><INIT seed="7,0,0,3,2,62" ten="127,228,381,264" oya="3" hai0="33,135,122,106,19,59,53,97,121,92,98,50,80" hai1="72,118,69,14,113,123,116,31,42,22,3,133,94" hai2="108,64,93,103,107,17,128,75,100,91,73,41,29" hai3="9,60,105,126,37,13,0,86,88,32,125,21,30"/><W120/><G120/><T43/><D33/><U65/><E72/><V25/><F108/><W12/><G37/><T110/><D110/><U48/><E3/><V129/><F41/><W27/><G105/><T18/><D135/><U1/><E1/><V79/><F64/><W8/><G0/><T77/><D106/><U20/><E123/><V127/><F17/><W55/><G55/><T111/><D111/><U83/><E113/><V87/><F127/><N who="3" m="48651" /><G60/><T124/><D124/><U39/><E39/><V81/><F75/><W16/><G13/><T4/><D4/><U70/><E83/><AGARI ba="0,0" hai="8,9,12,16,21,27,30,32,83,86,88" m="48651" machi="83" ten="30,5800,0" yaku="18,1,54,2" doraHai="62" who="3" fromWho="1" sc="127,0,228,-58,381,0,264,58" /><INIT seed="7,1,0,0,3,68" ten="127,170,381,322" oya="3" hai0="54,27,118,109,95,91,97,15,122,19,77,102,46" hai1="89,74,93,43,13,126,119,53,86,33,26,0,70" hai2="135,58,52,116,92,45,80,69,8,88,121,133,25" hai3="49,2,18,99,28,110,61,17,30,39,50,104,82"/><W64/><G2/><T9/><D109/><U128/><E0/><V6/><F69/><W56/><G110/><T123/><D118/><U55/><E70/><V98/><F116/><W66/><G39/><T51/><D77/><U114/><E74/><V90/><F45/><W107/><G82/><T125/><D125/><U60/><E128/><V85/><F25/><W127/><G127/><T72/><D72/><U94/><E126/><V115/><F115/><W100/><G66/><T78/><D78/><U16/><E43/><V31/><F31/><W79/><G79/><T1/><D1/><U5/><E5/><V44/><F44/><W3/><G3/><T134/><D134/><N who="2" m="51210" /><F8/><W59/><G107/><T67/><D67/><U124/><E94/><V106/><F6/><W41/><G41/><T57/><D27/><U7/><E55/><V108/><F108/><W81/><G81/><T129/><D129/><U34/><E60/><N who="2" m="35911" /><F106/><W101/><G101/><T36/><REACH who="0" step="1"/><D102/><REACH who="0" ten="117,170,381,322" step="2"/><U63/><E26/><V76/><F76/><W84/><G84/><T62/><D62/><U22/><E86/><V48/><F121/><W42/><G42/><AGARI ba="1,1" hai="9,15,19,36,42,46,51,54,57,91,95,97,122,123" machi="42" ten="40,2600,0" yaku="1,1,52,1,53,0" doraHai="68" doraHaiUra="20" who="0" fromWho="3" sc="117,39,170,0,381,0,322,-29" owari="156,-34.4,170,-23.0,381,48.1,293,9.3" /></mjloggm>