<mjloggm ver="2.3"><GO type="169" lobby="0"/><UN n0="%E3%81%8B%E3%81%A4%E3%81%BF%E3%82%93%E3%81%94%EF%BC%81" n1="%E8%82%89%E5%9B%A3%E5%AD%90%E5%85%88%E7%94%9F" n2="%E6%99%AE%E9%9C%B2%E9%9C%B2" n3="%E9%9B%B2%E3%81%AE%E3%83%95%E3%83%89%E3%82%A6" dan="16,16,16,16" rate="2172.29,2050.87,2133.37,2097.61" sx="M,M,M,M"/><TAIKYOKU oya="0"/><INIT seed="0,0,0,5,3,99" ten="250,250,250,250" oya="0" hai0="106,87,95,27,22,105,126,65,90,8,89,124,84" hai1="67,117,131,128,17,29,134,104,38,78,122,68,45" hai2="28,93,74,83,125,85,44,62,116,54,2,57,14" hai3="109,80,135,50,21,16,19,115,66,75,86,91,25"/><T129/><D65/><U77/><E117/><V103/><F2/><W111/><G115/><T64/><D64/><U23/><E122/><V46/><F125/><N who="0" m="48234" /><D8/><U63/><E29/><V42/><F116/><W11/><G75/><T34/><D34/><U5/><E104/><N who="0" m="40041" /><D22/><U108/><E5/><V55/><F74/><W36/><G36/><T0/><D27/><U133/><E108/><N who="3" m="41546" /><G66/><T72/><D0/><U120/><E120/><V12/><F28/><N who="3" m="17455" /><G135/><N who="1" m="51722" /><E45/><V119/><F55/><W71/><G71/><T37/><D37/><U118/><E118/><V132/><F132/><W112/><G112/><T9/><D9/><U73/><E38/><V102/><F93/><W79/><G11/><T53/><D53/><U51/><E51/><N who="2" m="27031" /><F46/><W130/><G130/><N who="1" m="49706" /><E73/><V82/><F119/><W48/><G48/><T47/><D129/><U107/><E107/><V52/><F54/><W101/><G50/><T39/><D47/><U30/><E30/><V3/><F3/><W41/><G41/><T10/><D39/><U76/><E77/><N who="2" m="46287" /><F83/><W60/><G79/><T121/><D10/><U4/><E4/><V98/><F98/><W43/><G43/><T113/><D72/><U127/><E127/><V92/><F92/><W13/><G13/><AGARI ba="0,0" hai="13,17,23,63,67,68,76,78" m="49706,51722" machi="13" ten="30,2000,0" yaku="20,1,19,1" doraHai="99" who="1" fromWho="3" sc="250,0,250,20,250,0,250,-20" /><AGARI ba="0,0" hai="12,13,14,52,57,62,102,103" m="46287,27031" machi="13" ten="30,7700,0" yaku="8,1,52,2,54,1" doraHai="99" who="2" fromWho="3" sc="250,0,270,0,250,77,230,-77" /><INIT seed="1,0,0,0,3,4" ten="250,270,327,153" oya="1" hai0="64,105,125,131,102,87,54,95,15,39,112,90,86" hai1="33,119,9,55,21,44,128,20,96,25,7,130,1" hai2="134,24,48,37,27,19,121,43,79,29,99,58,47" hai3="61,12,76,5,52,66,74,84,50,124,40,117,108"/><U97/><E119/><V109/><F121/><W120/><G120/><T68/><D112/><U18/><E44/><V101/><F109/><W77/><G117/><T67/><D39/><U133/><E55/><V91/><F134/><W73/><G108/><T53/><D131/><N who="1" m="50219" /><E133/><V71/><F79/><W42/><G124/><T23/><D105/><U2/><E97/><V63/><F91/><W116/><G116/><T129/><D102/><U104/><E104/><V132/><F132/><W114/><G114/><T123/><D125/><U62/><E62/><V98/><F98/><W69/><G76/><T22/><D68/><U89/><E89/><V0/><F0/><N who="1" m="105" /><E96/><V60/><F60/><W110/><G110/><T14/><D129/><U113/><E113/><V82/><F71/><W72/><G84/><T31/><D90/><U16/><E33/><V59/><F99/><W56/><REACH who="3" step="1"/><G77/><REACH who="3" ten="250,270,327,143" step="2"/><T127/><D127/><U65/><E65/><V126/><F126/><W45/><G45/><T93/><D123/><U35/><E35/><V3/><F47/><W122/><G122/><T10/><D67/><U36/><E36/><V51/><F37/><W88/><G88/><T70/><D64/><U92/><E92/><V34/><F34/><W103/><G103/><T111/><D111/><U135/><E135/><V11/><F101/><W46/><G46/><T8/><D70/><U13/><E20/><V57/><F57/><W83/><G83/><T38/><D38/><U75/><E75/><V32/><F82/><W115/><G115/><T30/><AGARI ba="0,1" hai="8,10,14,15,22,23,30,31,53,54,86,87,93,95" machi="30" ten="25,12000,2" yaku="0,1,22,2,8,1,52,2" doraHai="4" who="0" fromWho="0" sc="250,130,270,-60,327,-30,143,-30" /><INIT seed="2,0,0,3,4,122" ten="380,210,297,113" oya="2" hai0="57,41,135,117,102,18,37,101,128,111,89,59,12" hai1="103,13,43,96,130,121,42,98,74,2,81,60,92" hai2="112,61,94,11,126,127,129,132,38,5,31,1,71" hai3="17,4,15,108,45,48,36,66,87,0,75,113,34"/><V32/><F112/><W79/><G113/><T119/><D128/><U107/><E130/><V49/><F129/><W85/><G34/><T22/><D135/><U70/><E2/><V19/><F132/><W27/><G36/><T35/><D35/><U39/><E39/><V90/><F38/><W105/><G105/><T21/><D37/><U134/><E134/><V84/><F49/><W65/><G27/><T6/><D6/><U24/><E13/><V73/><F73/><W124/><G124/><T53/><D41/><U116/><E116/><V125/><F19/><W123/><G123/><T82/><D82/><U56/><E70/><V20/><F32/><W72/><G72/><T104/><D89/><U133/><E81/><V30/><REACH who="2" step="1"/><F20/><REACH who="2" ten="380,210,287,113" step="2"/><W51/><G51/><T77/><D18/><U100/><E74/><V3/><F3/><W115/><G115/><T10/><D22/><U58/><E133/><V114/><F114/><W106/><G0/><T97/><D21/><U52/><E121/><V78/><F78/><W26/><G79/><T69/><D77/><U33/><E33/><V62/><F62/><W63/><G63/><T120/><D120/><U16/><E16/><V55/><F55/><W14/><G75/><T68/><D53/><U64/><E24/><V93/><F93/><W7/><G26/><T44/><D119/><U23/><E23/><V118/><F118/><W86/><G17/><T67/><D117/><U50/><AGARI ba="0,1" hai="42,43,50,52,56,58,60,64,92,96,98,100,103,107" machi="50" ten="20,2700,0" yaku="0,1,7,1,54,1" doraHai="122" who="1" fromWho="1" sc="380,-7,210,37,287,-13,113,-7" /><INIT seed="3,0,0,4,5,109" ten="373,247,274,106" oya="3" hai0="25,35,24,107,75,70,108,101,1,78,13,52,86" hai1="37,47,45,133,100,123,126,4,104,120,112,27,84" hai2="110,55,9,20,64,17,44,99,131,7,19,88,115" hai3="79,117,53,135,119,50,51,90,65,58,66,95,38"/><W34/><G34/><T89/><D108/><U26/><E84/><V114/><F110/><W74/><G38/><T11/><D1/><U80/><E80/><V16/><F64/><W41/><G135/><T130/><D70/><U22/><E100/><V87/><F99/><W0/><G0/><T129/><D75/><U76/><E76/><V77/><F77/><W92/><G92/><T5/><D78/><U2/><E22/><V69/><F69/><W81/><G66/><T124/><D124/><U132/><E2/><V33/><F33/><W18/><G65/><T32/><D32/><U98/><E37/><V61/><F20/><W40/><G18/><T30/><D25/><U94/><E94/><V10/><F131/><W48/><G117/><T49/><D101/><U97/><E126/><V14/><F9/><W59/><G119/><T73/><D73/><U121/><E121/><V113/><F44/><W63/><REACH who="3" step="1"/><G58/><REACH who="3" ten="373,247,274,96" step="2"/><T62/><D130/><U23/><E104/><V3/><F3/><W54/><G54/><T105/><D129/><U56/><E56/><V103/><F19/><W12/><G12/><T72/><D105/><U60/><E133/><V29/><F29/><W106/><G106/><T127/><D107/><U116/><E132/><V28/><F28/><W71/><G71/><T82/><D127/><U39/><E116/><V31/><F31/><W6/><G6/><T122/><D122/><U46/><E4/><V85/><F17/><W21/><G21/><T93/><D93/><U91/><E123/><V125/><F125/><W111/><G111/><T43/><D5/><RYUUKYOKU ba="0,1" sc="373,-10,247,-10,274,-10,96,30" hai3="40,41,48,50,51,53,59,63,74,79,81,90,95" /><INIT seed="3,1,1,2,1,31" ten="363,237,264,126" oya="3" hai0="62,113,79,85,47,8,5,16,15,1,9,44,102" hai1="20,64,115,35,51,91,43,73,135,61,37,46,107" hai2="3,50,118,93,26,12,123,11,87,96,129,83,27" hai3="128,41,17,80,90,21,69,111,67,75,38,125,97"/><W104/><G128/><T63/><D113/><U59/><E115/><V56/><F118/><W28/><G125/><T58/><D102/><U55/><E107/><V105/><F123/><W53/><G28/><T10/><D62/><U84/><E73/><V57/><F105/><W95/><G111/><T7/><D79/><U126/><E126/><V65/><F3/><W94/><G104/><T124/><D124/><U2/><E2/><V70/><F70/><W60/><G94/><T54/><D85/><U40/><E135/><V116/><F129/><W76/><G53/><T18/><D18/><U39/><E20/><V109/><F116/><W32/><G41/><T121/><D121/><U13/><E13/><AGARI ba="1,1" hai="1,5,7,8,9,10,13,15,16,44,47,54,58,63" machi="13" ten="30,2000,0" yaku="7,1,54,1" doraHai="31" who="0" fromWho="1" sc="363,33,237,-23,264,0,126,0" /><INIT seed="4,0,0,0,4,7" ten="396,214,264,126" oya="0" hai0="12,97,85,47,88,14,63,41,19,31,123,98,57" hai1="68,9,114,132,35,34,83,8,77,103,52,28,121" hai2="42,40,95,60,49,38,120,30,20,134,81,27,4" hai3="106,37,55,96,127,26,15,50,5,71,118,0,22"/><T53/><D123/><U74/><E121/><V1/><F120/><W126/><G118/><T70/><D70/><U130/><E68/><V94/><F134/><W93/><G71/><T36/><D31/><U59/><E132/><V54/><F60/><W18/><G37/><T6/><D6/><U124/><E130/><V115/><F115/><W64/><G64/><T80/><REACH who="0" step="1"/><D12/><REACH who="0" ten="386,214,264,126" step="2"/><U45/><E28/><V65/><F4/><W110/><G0/><T135/><D135/><U76/><E114/><V104/><F30/><W100/><G5/><T17/><D17/><U16/><E16/><V72/><F1/><W84/><G110/><T51/><D51/><U102/><E35/><V108/><F49/><W62/><G62/><T129/><D129/><U92/><E34/><V113/><F108/><W112/><G112/><T29/><D29/><U44/><E124/><V33/><F33/><W91/><REACH who="3" step="1"/><G26/><REACH who="3" ten="386,214,264,116" step="2"/><T89/><D89/><U58/><E77/><V10/><F27/><W67/><G67/><T78/><D78/><U99/><E76/><V48/><F65/><W86/><G86/><T24/><D24/><U105/><E74/><V128/><F72/><W43/><G43/><T75/><D75/><U61/><E61/><V116/><F42/><W32/><G32/><T3/><D3/><U69/><E69/><V90/><F40/><W107/><G107/><T56/><D56/><AGARI ba="0,2" hai="15,18,22,50,55,56,84,91,93,96,100,106,126,127" machi="56" ten="40,8000,1" yaku="1,1,25,2,53,1" doraHai="7" doraHaiUra="46" who="3" fromWho="0" sc="386,-80,214,0,264,0,116,100" /><INIT seed="5,0,0,4,0,31" ten="306,214,264,216" oya="1" hai0="96,3,127,124,44,13,126,41,69,76,100,91,83" hai1="106,121,9,67,112,0,93,79,97,117,118,95,103" hai2="74,105,132,12,128,111,63,61,56,43,17,82,62" hai3="45,84,130,71,57,39,28,66,7,29,55,51,129"/><U8/><E67/><V4/><F105/><W113/><G113/><T104/><D3/><U35/><E35/><V25/><F111/><W89/><G7/><T16/><D69/><U47/><E121/><V64/><F128/><N who="3" m="49259" /><G71/><T85/><D76/><U68/><E68/><V77/><F132/><W23/><G23/><T24/><D24/><U11/><E112/><V48/><F4/><W135/><G135/><T133/><D133/><U65/><E65/><V90/><F90/><W2/><G2/><T26/><D26/><U115/><E115/><V131/><F131/><W114/><G114/><T52/><D52/><U50/><E79/><V22/><F43/><N who="3" m="22783" /><G66/><T14/><REACH who="0" step="1"/><D16/><REACH who="0" ten="296,214,264,216" step="2"/><U6/><E0/><V59/><F64/><W36/><G36/><AGARI ba="0,1" hai="13,14,36,41,44,83,85,91,96,100,104,124,126,127" machi="36" ten="40,8000,1" yaku="1,1,2,1,18,1,53,1" doraHai="31" doraHaiUra="37" who="0" fromWho="3" sc="296,90,214,0,264,0,216,-80" /><INIT seed="6,0,0,4,5,101" ten="386,214,264,136" oya="2" hai0="105,6,130,53,29,37,8,44,121,16,72,25,84" hai1="107,81,42,104,73,48,96,94,98,26,78,100,10" hai2="50,7,113,69,77,115,118,128,125,0,92,102,119" hai3="2,116,129,108,1,40,61,57,82,14,46,41,112"/><V17/><F69/><W80/><G116/><T19/><D105/><N who="1" m="63623" /><E26/><V134/><F50/><W123/><G108/><T95/><D121/><U33/><E10/><V45/><F45/><W30/><G123/><T76/><D72/><U75/><E48/><V54/><F54/><W106/><G106/><N who="1" m="40490" /><E42/><V63/><F63/><W99/><G41/><T21/><D130/><U60/><E60/><V47/><F128/><W52/><G112/><T22/><D76/><U9/><E9/><V90/><F77/><W13/><G129/><T132/><D37/><U111/><E33/><V97/><F47/><W32/><G99/><T34/><D132/><U88/><E111/><V55/><F55/><W131/><G131/><T85/><D53/><U67/><E67/><V91/><F17/><W38/><G14/><T12/><D95/><U36/><E36/><V28/><F92/><W3/><REACH who="3" step="1"/><G13/><REACH who="3" ten="386,214,264,126" step="2"/><T126/><D12/><U15/><E15/><V5/><F118/><W11/><G11/><T68/><D8/><U31/><E31/><V58/><F119/><W64/><G64/><T56/><D29/><U93/><E93/><V110/><F28/><W66/><G66/><T49/><D6/><U4/><E4/><V74/><F110/><W122/><G122/><T70/><D70/><U124/><E124/><V71/><F125/><W83/><G83/><T20/><D68/><U24/><E24/><AGARI ba="0,1" hai="1,2,3,24,30,32,38,40,46,52,57,61,80,82" machi="24" ten="40,5200,0" yaku="1,1,54,1,53,1" doraHai="101" doraHaiUra="39" who="3" fromWho="1" sc="386,0,214,-52,264,0,126,62" /><INIT seed="7,0,0,2,3,36" ten="386,162,264,188" oya="3" hai0="2,74,65,101,100,133,15,26,125,11,3,95,81" hai1="30,16,131,59,9,18,109,48,128,134,45,66,51" hai2="90,121,54,118,12,38,58,129,105,91,79,31,112" hai3="28,110,32,23,99,88,130,85,56,60,102,55,98"/><W72/><G32/><T127/><D133/><U120/><E109/><V10/><F38/><W14/><G72/><T104/><D104/><U34/><E120/><V68/><F105/><W46/><G110/><T37/><D37/><U89/><E134/><V71/><F112/><W43/><G130/><N who="1" m="49706" /><E9/><V106/><F118/><W103/><G28/><T92/><D65/><U114/><E114/><V42/><F106/><W73/><G73/><T44/><D44/><U49/><E89/><V17/><F31/><W61/><G61/><T8/><D26/><N who="1" m="18775" /><E66/><V123/><F90/><W111/><G111/><T84/><D74/><U50/><E59/><V117/><F91/><W77/><G77/><T115/><D115/><U86/><E86/><V96/><F79/><W75/><G75/><T107/><D107/><U35/><E35/><V82/><F123/><W122/><G122/><T39/><D39/><U5/><E5/><V113/><F113/><W62/><G62/><T78/><D95/><U7/><E7/><V4/><F4/><W132/><G132/><T41/><D2/><U69/><E69/><V119/><F68/><W52/><G55/><AGARI ba="0,0" hai="16,18,45,48,49,50,51,55" m="18775,49706" machi="55" ten="30,2000,0" yaku="19,1,54,1" doraHai="36" who="1" fromWho="3" sc="386,0,162,20,264,0,188,-20" owari="386,48.6,182,-21.8,264,6.4,168,-33.2" /></mjloggm>