<mjloggm ver="2.3"><GO type="169" lobby="0"/><UN n0="%E3%82%B7%E3%83%B3%E3%83%97%E3%83%AB%E3%81%AA%E3%83%AF%E3%82%AD%E3%82%AC" n1="%E8%8D%92%E6%9C%A8%E6%AF%94%E5%A5%88" n2="%E3%81%BD%E3%81%A3%E3%81%91%E3%81%95%E3%82%93" n3="%E6%9D%BE%E5%B1%8B%E3%81%8A%E3%81%98%E3%81%95%E3%82%93" dan="17,16,16,17" rate="2184.40,2157.44,2098.49,2140.81" sx="M,F,M,M"/><TAIKYOKU oya="0"/><INIT seed="0,0,0,5,4,77" ten="250,250,250,250" oya="0" hai0="34,6,79,121,115,110,22,129,73,70,20,36,102" hai1="51,40,43,101,4,25,23,53,47,82,125,14,48" hai2="26,41,69,67,133,103,57,104,63,127,124,9,27" hai3="49,13,60,2,134,117,98,11,118,35,74,100,68"/><T106/><RYUUKYOKU type="yao9" ba="0,0" sc="250,0,250,0,250,0,250,0" hai0="6,20,22,34,36,70,73,79,102,106,110,115,121,129" /><INIT seed="0,1,0,5,4,55" ten="250,250,250,250" oya="0" hai0="9,33,61,85,102,133,27,121,70,115,94,43,7" hai1="116,104,109,49,6,0,86,53,81,51,107,63,78" hai2="120,13,96,20,18,10,93,83,47,134,40,73,66" hai3="129,75,79,99,132,17,62,87,125,30,91,26,11"/><T131/><D115/><U36/><E116/><V72/><F120/><W118/><G118/><T100/><D121/><U135/><E36/><V124/><F134/><W37/><G37/><T14/><D133/><U111/><E0/><V58/><F124/><W41/><G41/><T50/><D131/><U103/><E6/><V28/><F83/><W42/><G42/><T71/><D33/><U21/><E21/><V76/><F76/><W48/><G48/><T114/><D114/><U82/><E103/><V105/><F105/><W3/><G99/><T39/><D39/><U2/><E2/><V101/><F47/><W74/><G79/><T5/><D5/><U68/><E49/><V88/><F40/><W67/><G125/><T127/><D27/><U113/><E113/><V54/><F66/><W130/><G17/><T128/><D128/><N who="3" m="49257" /><G132/><T59/><D127/><U31/><E31/><V122/><F122/><W38/><G38/><T8/><D43/><U34/><E34/><V29/><F101/><W23/><G11/><T19/><D50/><U24/><E135/><V46/><F46/><W89/><G3/><N who="0" m="127" /><D102/><U22/><E63/><N who="2" m="36311" /><F73/><N who="3" m="27659" /><G87/><T110/><D85/><U84/><E84/><V126/><F72/><W119/><G119/><T95/><D100/><U80/><E78/><V4/><F126/><W57/><AGARI ba="1,0" hai="23,26,30,57,62,67,89,91" m="27659,49257" machi="57" ten="30,2000,0" yaku="19,1,52,1" doraHai="55" who="3" fromWho="3" sc="250,-11,250,-6,250,-6,250,23" /><INIT seed="1,0,0,1,2,79" ten="239,244,244,273" oya="1" hai0="55,114,32,37,48,58,127,61,84,120,76,0,68" hai1="41,74,66,118,1,111,54,85,94,103,101,31,7" hai2="97,124,36,80,135,12,122,16,53,24,130,102,133" hai3="39,90,95,50,43,70,72,51,18,6,78,22,60"/><U62/><E118/><V33/><F122/><W17/><G6/><T34/><D114/><U98/><E74/><V107/><F36/><W73/><G39/><T134/><D0/><U121/><E121/><V67/><F67/><W23/><G60/><T46/><D120/><U100/><E41/><V11/><F124/><W19/><G70/><T92/><D127/><U47/><E111/><V82/><F130/><W40/><G72/><T49/><D134/><N who="2" m="51210" /><F53/><W13/><G78/><T38/><D38/><U10/><E31/><AGARI ba="0,0" hai="11,12,16,24,31,33,80,82,97,102,107" m="51210" machi="31" ten="30,7700,0" yaku="20,1,52,2,54,1" doraHai="79" who="2" fromWho="1" sc="239,0,244,-77,244,77,273,0" /><INIT seed="2,0,0,3,5,58" ten="239,167,321,273" oya="2" hai0="132,36,18,46,87,50,20,67,40,61,91,100,28" hai1="14,27,24,7,94,69,0,99,111,62,135,15,121" hai2="1,32,31,21,129,57,26,41,35,102,110,104,71" hai3="23,84,112,123,93,34,53,134,64,42,60,44,74"/><V56/><F1/><W48/><G123/><T88/><D132/><U108/><E135/><V82/><F41/><W5/><G134/><T73/><D73/><U83/><E0/><V79/><F71/><W11/><G34/><T70/><D28/><U6/><E83/><V126/><F129/><W75/><G112/><T63/><D100/><U12/><E121/><V114/><F114/><W113/><G113/><T89/><D61/><U47/><E47/><V124/><F110/><N who="1" m="42025" /><E6/><V54/><F57/><N who="3" m="36879" /><G23/><T19/><D19/><U49/><E49/><V118/><F118/><W115/><G74/><T66/><D66/><N who="1" m="41175" /><E7/><V98/><F126/><W9/><G75/><T52/><D36/><U97/><E97/><V105/><F124/><W38/><G5/><T65/><D65/><U128/><E128/><V80/><F105/><W43/><G38/><T116/><D116/><U92/><E92/><V107/><F104/><W55/><G43/><T33/><D33/><U109/><N who="1" m="42033" /><U72/><DORA hai="125" /><E72/><V25/><F79/><W30/><G115/><T37/><D37/><U117/><E117/><V90/><F35/><W68/><G68/><T10/><D10/><N who="3" m="3593" /><G30/><T122/><D122/><U96/><E96/><V2/><F2/><W85/><G93/><T106/><D106/><U133/><E133/><V51/><F90/><AGARI ba="0,0" hai="12,14,15,24,27,90,94,99" m="41175,42033" machi="90" ten="40,2600,0" yaku="14,1,52,1" doraHai="58,125" who="1" fromWho="2" sc="239,0,167,26,321,-26,273,0" /><INIT seed="3,0,0,4,0,6" ten="239,193,295,273" oya="3" hai0="117,134,96,127,12,13,57,84,114,88,48,61,113" hai1="97,120,26,43,118,30,107,27,20,15,68,95,81" hai2="31,105,122,121,8,89,90,4,82,23,80,73,33" hai3="119,106,79,62,124,86,111,87,67,102,19,42,103"/><W72/><G119/><T98/><D117/><U55/><E120/><N who="2" m="46187" /><F33/><W85/><G42/><T108/><D108/><U65/><E107/><V76/><F105/><W116/><G116/><T110/><D110/><U130/><E43/><V36/><F36/><W41/><G111/><T92/><D127/><U59/><E130/><V132/><F132/><W17/><G124/><T49/><D134/><U70/><E65/><V14/><F82/><W133/><G133/><T29/><D29/><U94/><E118/><V104/><F104/><W83/><G41/><T35/><D35/><U77/><E15/><N who="0" m="5705" /><D114/><U71/><E26/><AGARI ba="0,0" hai="4,8,14,23,26,31,73,76,80,89,90" m="46187" machi="26" ten="30,2000,0" yaku="13,1,52,1" doraHai="6" who="2" fromWho="1" sc="239,0,193,-20,295,20,273,0" /><INIT seed="4,0,0,1,3,38" ten="239,173,315,273" oya="0" hai0="92,114,5,112,122,16,101,3,109,95,39,83,71" hai1="74,27,79,44,82,11,107,58,14,10,125,22,89" hai2="20,42,9,93,46,36,103,97,120,76,99,31,126" hai3="43,80,68,94,116,40,7,131,100,96,55,85,47"/><T91/><D122/><U62/><E107/><V121/><F126/><W49/><G116/><T19/><D71/><U59/><E125/><V33/><F33/><W60/><G131/><T53/><D39/><U57/><E89/><V87/><F9/><W17/><G7/><T50/><D109/><U132/><E132/><V73/><F73/><W64/><REACH who="3" step="1"/><G17/><REACH who="3" ten="239,173,315,263" step="2"/><T32/><D5/><U123/><E123/><V129/><F129/><W0/><G0/><T18/><D3/><U61/><E44/><V52/><F121/><W41/><G41/><T29/><D114/><U8/><REACH who="1" step="1"/><E14/><REACH who="1" ten="239,163,315,263" step="2"/><V78/><F120/><W13/><G13/><T117/><D112/><U102/><E102/><V118/><F46/><W98/><G98/><T70/><D101/><U111/><E111/><V65/><F99/><W45/><G45/><T25/><D117/><U15/><E15/><V30/><F97/><W34/><G34/><T88/><D32/><U119/><E119/><V135/><F103/><W21/><G21/><T67/><D91/><AGARI ba="0,2" hai="40,43,47,49,55,60,64,68,80,85,91,94,96,100" machi="91" ten="30,7700,0" yaku="1,1,7,1,52,2,53,0" doraHai="38" doraHaiUra="133" who="3" fromWho="0" sc="239,-77,163,0,315,0,263,97" /><INIT seed="5,0,0,4,3,102" ten="162,163,315,360" oya="1" hai0="113,125,72,64,110,65,58,92,101,103,33,76,22" hai1="10,40,69,21,94,19,89,122,98,108,116,60,7" hai2="134,62,118,67,71,17,124,127,117,18,2,107,100" hai3="135,114,43,73,41,25,37,74,1,9,97,88,80"/><U85/><E116/><V38/><F2/><W29/><G114/><T57/><D110/><U45/><E122/><V133/><F18/><W14/><G1/><T35/><D113/><U132/><E132/><N who="2" m="50795" /><F17/><W39/><G135/><T51/><D76/><U96/><E108/><V78/><F78/><W70/><G70/><T90/><D72/><U63/><E69/><V130/><F38/><W119/><G39/><T54/><D125/><N who="2" m="48202" /><F130/><W126/><G37/><T106/><D106/><U104/><E10/><V15/><F15/><W20/><G74/><T6/><D6/><U75/><E75/><V120/><F120/><W87/><G126/><T53/><D22/><U46/><E7/><V68/><F71/><W16/><G119/><T30/><D30/><U84/><E19/><V13/><F13/><W42/><G73/><T77/><D77/><U91/><E21/><V31/><F31/><W66/><G97/><AGARI ba="0,0" hai="62,67,68,97,100,107,117,118" m="48202,50795" machi="97" ten="30,7700,0" yaku="20,1,18,1,23,1,52,1" doraHai="102" who="2" fromWho="3" sc="162,0,163,0,315,77,360,-77" /><INIT seed="6,0,0,0,2,6" ten="162,163,392,283" oya="2" hai0="119,51,102,117,27,57,38,22,122,121,114,125,112" hai1="111,11,5,49,87,120,113,88,94,132,14,95,118" hai2="58,78,92,76,74,3,53,41,15,31,98,34,42" hai3="66,29,104,100,39,30,91,107,96,130,86,129,72"/><V40/><F3/><W25/><G39/><T64/><D102/><U71/><E111/><V128/><F128/><N who="3" m="49259" /><G72/><T108/><D38/><U68/><E118/><N who="0" m="45065" /><D125/><U28/><E113/><N who="0" m="43625" /><D51/><U32/><E132/><V50/><F74/><W44/><G66/><T37/><D37/><U79/><E120/><N who="0" m="46185" /><D57/><U93/><E79/><V8/><F31/><W82/><G30/><N who="0" m="17783" /><D64/><U62/><E49/><V19/><F34/><N who="3" m="20783" /><G44/><T56/><D56/><U106/><E62/><V133/><F133/><W123/><G123/><T77/><D77/><U124/><E124/><V26/><F26/><W70/><G70/><T7/><D7/><U73/><E73/><V85/><F85/><W116/><G116/><T115/><N who="0" m="43633" /><T46/><DORA hai="103" /><D46/><U81/><E106/><AGARI ba="0,0" hai="82,86,91,96,100,104,106,107" m="20783,49259" machi="106" ten="30,7700,0" yaku="19,1,52,3" doraHai="6,103" who="3" fromWho="1" sc="162,0,163,-77,392,0,283,77" /><INIT seed="7,0,0,2,2,82" ten="162,86,392,360" oya="3" hai0="92,0,54,14,29,37,60,71,100,41,55,134,35" hai1="61,50,47,18,9,112,87,105,101,44,104,117,64" hai2="93,83,85,97,121,94,111,40,119,11,45,126,3" hai3="20,2,27,122,24,113,1,79,26,43,70,32,114"/><W57/><G70/><T19/><D0/><N who="3" m="105" /><G43/><T98/><D134/><U133/><E133/><V7/><F119/><W38/><G57/><T124/><D124/><U135/><E135/><V21/><F126/><W22/><G79/><T17/><D17/><U99/><E112/><N who="3" m="43114" /><G38/><T123/><D123/><U118/><E104/><V108/><F121/><W102/><G102/><T4/><D41/><U73/><E73/><V91/><F94/><W128/><G122/><T75/><D37/><U5/><E18/><V84/><F85/><W65/><G65/><T63/><D71/><U95/><E118/><V66/><F66/><W78/><G128/><T88/><D54/><U125/><E117/><V69/><F69/><W74/><G32/><T110/><D55/><U56/><E125/><V33/><F33/><W23/><G78/><T53/><D53/><U107/><E107/><V80/><F80/><W77/><G77/><T81/><D81/><U115/><E115/><V16/><F45/><W28/><G28/><T59/><D59/><U132/><E132/><V62/><F62/><W25/><G25/><T36/><D60/><U10/><E5/><V48/><F48/><W68/><G68/><T58/><D63/><U109/><E109/><V51/><F51/><W72/><AGARI ba="0,0" hai="20,22,23,24,26,27,72,74" m="43114,105" machi="72" ten="40,7800,0" yaku="28,2,15,1" doraHai="82" who="3" fromWho="3" sc="162,-26,86,-26,392,-26,360,78" owari="136,-26.4,60,-44.0,366,16.6,438,53.8" /></mjloggm>