<mjloggm ver="2.3"><GO type="169" lobby="0"/><UN n0="%E3%83%90%E3%82%AD" n1="%E3%81%BA%E3%83%BC%E3%81%8C%E3%82%8F" n2="%6B%73%77%72%74" n3="%E3%83%A9%E3%83%A0%E3%83%9E%E3%82%B8%E5%A4%A9%E4%BD%BF" dan="16,16,16,17" rate="2122.30,2079.17,2137.57,2185.58" sx="M,M,M,M"/><TAIKYOKU oya="0"/><INIT seed="0,0,0,3,1,108" ten="250,250,250,250" oya="0" hai0="110,56,105,26,41,45,8,22,13,30,82,83,53" hai1="48,84,127,132,58,6,97,88,40,124,135,93,125" hai2="25,87,112,17,64,36,9,94,5,37,16,15,68" hai3="96,128,60,49,38,118,44,63,69,80,12,134,62"/><T106/><D110/><U65/><E6/><V78/><F112/><W104/><G118/><T75/><D75/><U114/><E114/><V129/><F129/><W27/><G128/><T86/><D82/><U95/><E65/><V19/><F25/><W117/><G117/><T52/><D106/><U99/><E58/><V43/><F43/><W54/><G134/><N who="1" m="51242" /><E48/><V133/><F133/><W90/><G12/><T102/><D102/><N who="1" m="60719" /><E40/><V3/><F3/><W100/><G38/><T7/><D105/><U85/><AGARI ba="0,0" hai="84,85,88,95,99,124,125,127" m="60719,51242" machi="85" ten="40,8000,1" yaku="18,1,20,1,34,2,54,1" doraHai="108" who="1" fromWho="1" sc="250,-40,250,80,250,-20,250,-20" /><INIT seed="1,0,0,0,0,128" ten="210,330,230,230" oya="1" hai0="73,85,72,56,4,31,80,101,47,105,123,33,40" hai1="45,37,24,122,92,70,78,120,107,35,103,49,46" hai2="83,54,81,43,132,99,30,11,9,93,133,71,17" hai3="134,114,20,67,125,91,14,21,77,6,124,26,74"/><U13/><E46/><V112/><F71/><W115/><G67/><T113/><D113/><N who="3" m="43017" /><G91/><T129/><D123/><U69/><E92/><V127/><F127/><N who="3" m="48715" /><G77/><T65/><D129/><U76/><E13/><V82/><F112/><W38/><G74/><T84/><D4/><U104/><E49/><V19/><F30/><N who="3" m="17735" /><G38/><T64/><D101/><U16/><E78/><V59/><F43/><W98/><G98/><T87/><D105/><N who="1" m="40523" /><E103/><V89/><F9/><N who="3" m="4407" /><G21/><T29/><D47/><U90/><E76/><V18/><REACH who="2" step="1"/><F11/><REACH who="2" ten="210,330,220,230" step="2"/><W42/><G42/><T1/><D40/><U119/><E122/><V58/><F58/><W110/><G110/><T32/><D56/><U50/><E120/><V75/><F75/><W2/><G2/><T111/><D1/><U27/><E70/><V63/><AGARI ba="0,1" hai="17,18,19,54,59,63,81,82,83,89,93,99,132,133" machi="63" ten="40,8000,1" yaku="1,1,0,1,52,2,53,0" doraHai="128" doraHaiUra="109" who="2" fromWho="2" sc="210,-20,330,-40,220,90,230,-20" /><INIT seed="2,0,0,1,1,11" ten="190,290,310,210" oya="2" hai0="72,8,88,46,115,49,92,62,90,42,107,116,33" hai1="35,125,54,28,106,10,0,64,103,134,9,123,3" hai2="23,105,37,74,32,91,122,94,83,130,67,81,70" hai3="73,59,133,86,100,82,2,18,24,132,4,38,104"/><V87/><F122/><W25/><G38/><T45/><D115/><U124/><E64/><V112/><F32/><W58/><G73/><T85/><D107/><U102/><E54/><V89/><F37/><W69/><G69/><T1/><D72/><U119/><E106/><V14/><F112/><W80/><G4/><T56/><D33/><U39/><E39/><V117/><F117/><W50/><G2/><N who="1" m="554" /><E103/><V120/><F120/><W6/><G6/><T128/><D128/><U36/><E102/><V93/><F130/><W22/><G82/><T15/><D1/><U16/><E36/><V114/><F105/><W84/><G84/><T27/><D27/><N who="1" m="18847" /><E123/><V41/><F41/><W57/><G50/><T19/><D116/><U76/><E76/><V108/><F114/><W21/><G100/><T79/><D45/><U99/><E99/><V96/><F74/><W127/><G104/><T40/><D40/><U129/><E129/><V34/><F34/><W17/><REACH who="3" step="1"/><G127/><REACH who="3" ten="190,290,310,200" step="2"/><N who="1" m="48714" /><E119/><V126/><F126/><W12/><G12/><T26/><D92/><U31/><E31/><V47/><F93/><W75/><G75/><T30/><D85/><U43/><E43/><V13/><F81/><W51/><G51/><T44/><D42/><U78/><E78/><AGARI ba="0,1" hai="17,18,21,22,24,25,57,58,59,78,80,86,132,133" machi="78" ten="40,2600,0" yaku="1,1,9,1,53,0" doraHai="11" doraHaiUra="60" who="3" fromWho="1" sc="190,0,290,-26,310,0,200,36" /><INIT seed="3,0,0,5,4,31" ten="190,264,310,236" oya="3" hai0="95,37,10,21,13,130,61,104,128,8,12,6,117" hai1="71,113,131,18,68,103,89,118,80,35,76,90,19" hai2="129,102,124,47,88,75,125,94,110,93,63,15,14" hai3="9,116,92,78,26,27,81,48,2,0,4,56,34"/><W29/><G116/><T60/><D104/><U38/><E113/><V50/><F75/><W114/><G114/><T101/><D37/><U41/><E118/><V65/><F110/><W120/><G120/><T16/><D117/><U97/><E131/><N who="0" m="50217" /><D10/><U58/><E90/><V123/><F129/><W17/><G92/><T67/><D67/><U30/><E89/><V106/><F106/><W32/><G56/><T23/><D23/><U3/><E58/><V54/><F123/><W24/><G48/><T96/><AGARI ba="0,0" hai="6,8,12,13,16,21,60,61,95,96,101" m="50217" machi="96" ten="30,2000,0" yaku="19,1,54,1" doraHai="31" who="0" fromWho="0" sc="190,20,264,-5,310,-5,236,-10" /><INIT seed="4,0,0,4,3,25" ten="210,259,305,226" oya="0" hai0="93,47,125,115,98,22,118,79,89,97,53,7,2" hai1="68,50,35,61,40,72,3,67,63,60,91,4,104" hai2="39,54,129,58,73,28,27,24,122,127,103,111,64" hai3="6,107,14,116,41,52,18,83,106,32,86,95,113"/><T135/><D118/><U44/><E104/><V10/><F111/><W96/><G116/><T46/><D115/><U119/><E119/><V42/><F122/><W121/><G113/><T105/><D125/><U75/><E63/><V19/><F73/><W31/><G41/><T74/><D135/><U99/><E35/><V123/><F123/><W65/><G65/><T130/><D130/><U62/><E62/><V55/><F64/><W66/><G66/><T76/><D74/><U30/><E61/><V90/><F127/><W108/><G6/><T57/><D7/><U80/><E30/><V11/><F103/><W114/><G108/><T15/><D2/><U36/><E99/><V1/><F129/><W78/><G114/><T101/><D15/><U100/><E100/><V110/><F42/><W16/><G121/><T56/><D22/><U20/><E20/><V12/><F39/><W51/><G106/><T38/><D57/><U70/><E50/><V92/><F110/><W48/><G107/><T21/><D21/><U34/><E34/><V69/><F69/><W45/><G51/><N who="0" m="30783" /><D38/><U5/><E5/><V43/><F58/><W128/><G128/><T134/><D134/><U23/><E23/><V109/><F109/><W13/><G13/><T88/><D89/><U71/><E91/><V33/><F24/><N who="3" m="18535" /><G14/><T87/><D87/><U59/><REACH who="1" step="1"/><E80/><REACH who="1" ten="210,249,305,226" step="2"/><V124/><F33/><W112/><G112/><T126/><D126/><U82/><E82/><V29/><F124/><W94/><G96/><T17/><D17/><U120/><E120/><V77/><F19/><N who="3" m="7211" /><G48/><T84/><D98/><RYUUKYOKU ba="0,1" sc="210,10,249,10,305,-30,226,10" hai0="46,47,76,79,84,88,93,97,101,105" hai1="3,4,36,40,44,59,60,67,68,70,71,72,75" hai3="45,52,78,83,86,94,95" /><INIT seed="4,1,1,1,4,87" ten="220,259,275,236" oya="0" hai0="14,52,107,77,69,10,18,128,11,89,70,22,127" hai1="124,91,112,90,12,86,122,126,51,82,131,109,0" hai2="39,72,65,95,134,130,135,110,19,83,33,94,84" hai3="9,81,108,123,20,101,103,43,71,2,88,100,118"/><T13/><D107/><U34/><E0/><V23/><F110/><W54/><G108/><T114/><D114/><U41/><E34/><V67/><F72/><W29/><G118/><T16/><D128/><U55/><E109/><V40/><F33/><W66/><G43/><T85/><D77/><N who="1" m="46415" /><E41/><V46/><F130/><W64/><G71/><T93/><D127/><N who="1" m="48683" /><E131/><V49/><F39/><W36/><G36/><T96/><D22/><U30/><E122/><V62/><F135/><W92/><G2/><T50/><D96/><U74/><E74/><V117/><F117/><W133/><G9/><T17/><D17/><U27/><E112/><V4/><F4/><W105/><G105/><T56/><AGARI ba="1,1" hai="10,11,13,14,16,18,50,52,56,69,70,85,89,93" machi="56" ten="20,18000,2" yaku="0,1,7,1,9,1,52,1,54,2" doraHai="87" who="0" fromWho="0" sc="220,193,259,-61,275,-61,236,-61" /><INIT seed="4,2,0,1,5,72" ten="413,198,214,175" oya="0" hai0="71,120,95,130,15,11,83,1,75,73,114,79,64" hai1="123,125,116,59,36,12,45,0,102,39,34,109,80" hai2="20,30,135,82,43,42,90,119,69,21,13,25,28" hai3="96,51,56,65,77,94,81,57,124,111,17,22,38"/><T74/><D120/><U133/><E102/><V91/><F69/><W35/><G111/><T85/><D114/><U110/><E0/><V86/><F135/><W106/><G38/><T48/><D1/><U66/><E34/><V8/><F119/><W92/><G35/><T112/><D112/><U61/><E12/><V40/><F91/><W26/><G106/><T67/><D130/><U101/><E101/><V105/><F105/><W104/><G104/><T53/><D95/><U127/><E123/><V87/><F87/><W107/><G124/><N who="1" m="47690" /><E80/><V99/><F99/><W2/><G2/><T108/><D71/><U117/><E133/><V118/><F118/><N who="1" m="45673" /><E45/><V113/><F113/><W129/><G129/><T122/><D122/><U76/><E76/><V7/><REACH who="2" step="1"/><F21/><REACH who="2" ten="413,198,204,175" step="2"/><W23/><G23/><T5/><REACH who="0" step="1"/><D108/><AGARI ba="2,1" hai="36,39,59,61,66,108,109,110" m="45673,47690" machi="108" ten="40,5200,0" yaku="18,1,34,2" doraHai="72" who="1" fromWho="0" sc="413,-58,198,68,204,0,175,0" /><INIT seed="5,0,0,4,1,28" ten="355,266,204,175" oya="1" hai0="15,123,23,103,10,36,91,88,120,131,60,113,58" hai1="96,75,44,111,62,55,5,9,135,105,82,39,121" hai2="56,45,130,71,32,115,12,134,109,133,87,52,80" hai3="30,13,47,89,67,72,16,125,126,70,59,79,93"/><U98/><E121/><N who="0" m="46665" /><D36/><U69/><E98/><V27/><F109/><W11/><G70/><T35/><D35/><U25/><E135/><N who="2" m="51723" /><F130/><W106/><G106/><T83/><D113/><U38/><E111/><V54/><F71/><W76/><G47/><T65/><D103/><N who="1" m="62695" /><E55/><V85/><F115/><W77/><G72/><T61/><D131/><U64/><E44/><V124/><F124/><W129/><G129/><T112/><D112/><U19/><E19/><V37/><F37/><W122/><G122/><T127/><D127/><N who="3" m="48649" /><G30/><T118/><D118/><U119/><E119/><V86/><F45/><W29/><G29/><T41/><D41/><U97/><E25/><V114/><F114/><W108/><G108/><T110/><D110/><U40/><E97/><V48/><F12/><W50/><G67/><T100/><D15/><U31/><E31/><N who="2" m="19583" /><F54/><N who="3" m="32215" /><G76/><AGARI ba="0,0" hai="48,52,56,76,80,85,86,87" m="19583,51723" machi="76" ten="30,3900,0" yaku="20,1,52,1,54,1" doraHai="28" who="2" fromWho="3" sc="355,0,266,0,204,39,175,-39" /><INIT seed="6,0,0,3,2,62" ten="355,266,243,136" oya="2" hai0="124,12,0,76,121,131,85,96,86,35,115,47,114" hai1="28,101,9,112,19,77,105,36,125,38,110,13,57" hai2="66,71,130,69,93,50,119,26,14,58,100,21,99" hai3="67,83,92,64,103,8,133,104,48,60,109,118,94"/><V129/><F119/><W43/><G118/><T30/><D121/><U63/><E110/><V61/><F14/><W52/><G109/><T135/><D0/><U116/><E116/><V34/><F34/><W32/><G32/><T31/><D135/><U84/><E112/><V37/><F37/><W72/><G133/><T120/><D131/><N who="2" m="50186" /><F50/><W128/><G128/><T56/><D124/><U33/><E125/><V134/><F134/><W41/><G104/><T42/><D12/><U88/><E77/><V2/><F2/><W5/><G60/><T91/><D120/><U98/><E28/><AGARI ba="0,0" hai="21,26,28,58,61,66,69,71,93,99,100" m="50186" machi="28" ten="30,5800,0" yaku="25,1,19,1,52,1" doraHai="62" who="2" fromWho="1" sc="355,0,266,-58,243,58,136,0" /><INIT seed="6,1,0,1,0,46" ten="355,208,301,136" oya="2" hai0="69,18,135,115,28,126,74,94,45,78,63,102,62" hai1="127,92,10,64,50,60,19,33,123,89,53,35,41" hai2="11,128,82,125,93,81,39,119,116,108,40,110,109" hai3="25,1,3,31,104,133,43,29,37,88,86,106,36"/><V111/><F39/><W47/><G133/><T100/><D115/><U54/><E127/><V105/><F40/><W55/><G37/><T90/><D135/><U7/><E123/><V107/><N who="2" m="27648" /><DORA hai="70" /><V113/><F113/><W95/><G29/><T16/><D126/><U132/><E132/><V68/><F68/><W30/><G30/><T44/><D28/><U84/><E19/><N who="0" m="7209" /><D78/><U129/><E129/><V6/><F125/><W65/><G65/><T17/><D17/><U77/><E77/><V71/><F71/><W114/><G114/><T34/><D34/><U21/><E21/><V56/><F56/><W97/><G55/><T112/><D74/><U27/><E27/><V32/><F32/><W73/><G73/><T130/><D130/><U38/><E54/><V49/><F49/><W5/><G5/><T134/><D69/><N who="1" m="42119" /><E10/><V57/><F57/><W85/><G1/><T59/><D63/><U117/><E7/><V24/><F24/><W20/><REACH who="3" step="1"/><G3/><REACH who="3" ten="355,208,301,126" step="2"/><T98/><D134/><U61/><E61/><V118/><F128/><W75/><G75/><T122/><D112/><U14/><E33/><V15/><F6/><W103/><G103/><N who="0" m="39467" /><D122/><U9/><E35/><V80/><F11/><W23/><G23/><T52/><AGARI ba="1,1" hai="44,45,52,59,62,90,94,98" m="39467,7209" machi="52" ten="30,4000,0" yaku="8,1,54,2" doraHai="46,70" who="0" fromWho="0" sc="355,53,208,-11,301,-21,126,-11" /><INIT seed="7,0,0,1,4,2" ten="408,197,280,115" oya="3" hai0="18,40,28,89,107,16,43,3,106,17,97,103,98" hai1="55,133,72,30,46,75,86,38,87,9,67,7,82" hai2="29,5,66,90,94,53,52,10,127,105,47,134,121" hai3="100,70,117,0,21,118,1,14,6,36,102,61,95"/><W11/><G36/><T104/><D3/><U12/><E133/><V83/><F105/><W41/><G41/><T122/><D122/><U33/><E67/><V68/><F127/><W91/><G0/><T64/><D28/><U32/><E87/><V63/><F134/><W45/><G45/><T49/><D64/><U62/><E38/><V13/><F121/><W54/><G70/><T96/><D103/><U8/><E75/><V44/><F29/><W101/><G1/><T126/><D126/><U31/><E72/><V93/><F83/><W65/><G21/><T78/><D78/><U129/><E129/><V123/><F123/><W77/><G77/><T92/><D49/><U22/><E22/><V116/><F116/><W109/><G109/><T125/><D125/><U24/><E9/><V85/><F47/><W42/><G42/><T84/><AGARI ba="0,0" hai="16,17,18,40,43,84,89,92,96,97,98,104,106,107" machi="84" ten="40,8000,1" yaku="0,1,29,2,54,1" doraHai="2" who="0" fromWho="0" sc="408,80,197,-20,280,-20,115,-40" owari="488,58.8,177,-22.3,260,6.0,75,-42.5" /></mjloggm>