<mjloggm ver="2.3"><GO type="169" lobby="0"/><UN n0="%46%75%77%61" n1="%E3%81%BD%E3%81%A3%E3%81%91%E3%81%95%E3%82%93" n2="%67%6F%67%6F%2D%E3%82%B4%E3%83%AA%E3%83%A9" n3="%E2%91%A3%E9%81%BF%E9%81%8A%E6%88%AF%E3%80%90%E6%9D%B1%E5%8D%97%E3%80%91" dan="17,16,17,16" rate="2189.75,2138.42,2168.04,2127.62" sx="M,M,M,M"/><TAIKYOKU oya="0"/><INIT seed="0,0,0,1,5,37" ten="250,250,250,250" oya="0" hai0="67,29,15,14,110,36,112,8,23,81,12,68,51" hai1="79,102,72,130,6,108,2,126,109,10,75,50,1" hai2="105,132,82,54,128,7,35,124,73,114,96,34,5" hai3="125,90,69,33,127,98,38,28,53,39,133,3,49"/><T91/><D112/><U32/><E32/><V19/><F114/><W55/><G3/><T83/><D36/><N who="3" m="13865" /><G28/><T60/><D110/><N who="1" m="42603" /><E126/><N who="3" m="48138" /><G33/><T61/><D61/><U88/><E130/><V63/><F128/><W9/><G9/><T42/><D8/><U40/><E102/><V111/><F19/><W94/><G69/><T70/><D70/><U48/><E2/><V20/><F20/><W57/><G55/><T95/><D29/><U71/><E71/><V26/><F54/><W52/><G53/><T80/><D23/><U59/><E59/><V77/><F7/><W113/><G113/><T47/><REACH who="0" step="1"/><D80/><REACH who="0" ten="240,250,250,250" step="2"/><U121/><E10/><V16/><F82/><W93/><G93/><T78/><D78/><U117/><E79/><V41/><F77/><W104/><G133/><T99/><AGARI ba="0,1" hai="12,14,15,42,47,51,60,67,68,81,83,91,95,99" machi="99" ten="30,11700,0" yaku="1,1,0,1,52,1,53,1" doraHai="37" doraHaiUra="62" who="0" fromWho="0" sc="240,127,250,-39,250,-39,250,-39" /><INIT seed="0,1,0,1,4,9" ten="367,211,211,211" oya="0" hai0="40,117,63,109,91,44,32,4,11,61,83,131,51" hai1="65,133,24,28,84,46,93,55,110,22,5,125,26" hai2="8,20,121,43,54,132,126,33,58,23,73,106,41" hai3="62,31,99,21,74,18,36,39,122,60,66,71,78"/><T129/><D117/><U127/><E110/><V42/><F121/><W111/><G122/><T64/><D32/><U128/><E128/><N who="0" m="49225" /><D109/><U13/><E133/><V100/><F132/><W37/><G111/><T94/><D83/><U2/><E65/><V1/><F33/><W81/><G31/><T38/><D38/><U3/><E55/><V120/><F120/><W17/><G99/><N who="0" m="57823" /><D64/><U19/><E46/><V45/><F73/><W98/><G62/><T101/><D101/><U85/><E85/><V103/><F45/><W96/><REACH who="3" step="1"/><G18/><REACH who="3" ten="367,211,211,201" step="2"/><T105/><D105/><U48/><E19/><V118/><F106/><W30/><G30/><T89/><D89/><U108/><E28/><V116/><F116/><W86/><G86/><T115/><D115/><U67/><E84/><V49/><F118/><W68/><G68/><T87/><D87/><U79/><E108/><V50/><F103/><W123/><G123/><T6/><D6/><U88/><E88/><V119/><F100/><W29/><G29/><T135/><D135/><U82/><E82/><V112/><F112/><W14/><AGARI ba="1,1" hai="14,17,21,36,37,39,60,66,71,74,78,81,96,98" machi="14" ten="30,4000,0" yaku="1,1,0,1,52,1,53,0" doraHai="9" doraHaiUra="90" who="3" fromWho="3" sc="367,-21,211,-11,211,-11,201,53" /><INIT seed="1,0,0,2,4,0" ten="346,200,200,254" oya="1" hai0="64,8,33,99,54,91,111,15,115,3,50,6,102" hai1="134,71,56,105,21,38,89,110,44,39,53,59,135" hai2="74,41,118,31,66,72,13,76,5,78,106,88,94" hai3="65,58,35,52,117,95,2,30,92,122,85,10,62"/><U79/><E105/><V114/><F118/><W120/><G117/><T127/><D115/><U121/><E79/><V55/><F106/><W83/><G35/><T49/><D33/><U98/><E21/><V16/><F114/><W19/><G30/><T9/><D111/><U123/><E89/><V103/><F103/><W104/><G104/><T80/><D127/><U60/><E71/><V125/><F125/><W124/><G124/><T25/><D25/><U61/><E98/><V23/><F74/><W47/><G122/><T82/><D64/><U46/><REACH who="1" step="1"/><E53/><REACH who="1" ten="346,190,200,254" step="2"/><V100/><F72/><W90/><G2/><T45/><D91/><U113/><E113/><V51/><F100/><W93/><G120/><T73/><D73/><U70/><E70/><V67/><F31/><W37/><G37/><T86/><D86/><U77/><E77/><N who="2" m="29803" /><F41/><W29/><G29/><T40/><D99/><U116/><E116/><V87/><F5/><W18/><G10/><T11/><D102/><U84/><E84/><V28/><F28/><W4/><G4/><T24/><D9/><U63/><E63/><V12/><F13/><W107/><G107/><T130/><D3/><U26/><E26/><V43/><F43/><W126/><G126/><T1/><D11/><U81/><E81/><N who="0" m="31337" /><D24/><U14/><E14/><V108/><F108/><AGARI ba="0,1" hai="38,39,44,46,56,59,60,61,108,110,121,123,134,135" machi="108" ten="25,18000,2" yaku="1,1,22,2,34,3,53,0" doraHai="0" doraHaiUra="96" who="1" fromWho="2" sc="346,0,190,190,200,-180,254,0" /><INIT seed="1,1,0,1,5,73" ten="346,380,20,254" oya="1" hai0="125,12,93,48,89,44,9,128,83,126,80,39,60" hai1="82,87,71,42,69,38,76,65,54,135,110,67,72" hai2="55,50,100,81,103,0,3,96,47,14,112,4,2" hai3="30,45,122,129,131,132,105,29,21,28,118,33,86"/><U119/><E119/><V70/><F70/><W58/><G105/><T27/><D128/><N who="3" m="49225" /><G58/><T84/><D39/><U117/><E117/><V108/><F108/><W52/><G118/><T63/><D27/><U74/><E110/><V130/><F130/><W124/><G122/><T57/><D83/><U127/><E135/><V104/><F112/><W115/><G115/><T26/><D26/><U37/><E127/><N who="0" m="48649" /><D57/><U64/><E54/><V114/><F114/><W78/><G124/><T20/><D20/><U25/><E25/><V1/><N who="2" m="0" /><DORA hai="106" /><V43/><F103/><W62/><G33/><T95/><D95/><U90/><E74/><V94/><F81/><N who="3" m="47415" /><G132/><T116/><D93/><U41/><E37/><V17/><F104/><W111/><G62/><T123/><D116/><U34/><E34/><V35/><F35/><W75/><G75/><T7/><D123/><U91/><E38/><V88/><F4/><W22/><G111/><T49/><D49/><AGARI ba="1,0" hai="21,22,28,29,30,45,49,52" m="47415,49225" machi="49" ten="30,3900,0" yaku="19,1,52,1,54,1" doraHai="73,106" who="3" fromWho="0" sc="346,-42,380,0,20,0,254,42" /><INIT seed="2,0,0,5,1,55" ten="304,380,20,296" oya="2" hai0="27,100,90,108,111,116,68,36,11,25,98,45,16" hai1="47,23,38,77,10,92,130,39,52,12,122,56,72" hai2="7,118,74,115,87,127,58,65,53,34,18,117,31" hai3="97,112,57,17,20,42,109,49,89,62,6,46,64"/><V13/><F115/><W50/><G112/><T129/><D68/><U15/><E130/><V67/><F74/><W60/><G109/><N who="0" m="42059" /><D129/><U95/><E122/><V106/><F127/><W29/><G29/><T26/><D116/><U32/><E32/><V114/><F114/><W41/><G6/><T119/><D119/><U110/><E110/><V21/><F118/><W73/><G73/><T105/><D90/><U131/><E131/><V78/><F117/><W3/><G3/><T0/><D0/><U35/><E35/><V75/><F106/><W134/><G134/><T86/><D86/><U123/><E23/><V81/><F7/><W54/><G41/><N who="0" m="22695" /><D11/><U85/><E72/><V102/><F102/><W5/><G5/><T2/><D2/><U61/><E123/><V126/><F126/><W99/><G89/><T43/><D43/><U128/><E128/><V82/><F31/><W44/><REACH who="3" step="1"/><G62/><REACH who="3" ten="304,380,20,286" step="2"/><T120/><D120/><U30/><E61/><V113/><F113/><W70/><G70/><T121/><D121/><U1/><E1/><V48/><REACH who="2" step="1"/><F34/><REACH who="2" ten="304,380,10,286" step="2"/><W51/><G51/><T88/><D100/><U91/><E39/><V76/><AGARI ba="0,2" hai="13,18,21,48,53,58,65,67,75,76,78,81,82,87" machi="76" ten="20,12000,1" yaku="1,1,2,1,0,1,7,1,52,1,53,0" doraHai="55" doraHaiUra="93" who="2" fromWho="2" sc="304,-40,380,-40,10,140,286,-40" /><INIT seed="2,1,0,4,3,63" ten="264,340,150,246" oya="2" hai0="117,62,92,135,3,34,134,55,71,44,94,57,20" hai1="51,86,10,103,93,123,110,85,6,97,17,111,58" hai2="2,112,33,11,73,52,109,48,21,116,124,79,77" hai3="104,91,108,59,101,12,8,130,90,45,82,49,36"/><V121/><F112/><W47/><G108/><N who="1" m="41514" /><E17/><V68/><F109/><W25/><G130/><T119/><D34/><U42/><E123/><V50/><F121/><W53/><G36/><T76/><D3/><N who="1" m="351" /><E58/><V29/><F116/><N who="0" m="44618" /><D76/><U56/><E56/><V23/><F68/><W132/><G132/><N who="0" m="50731" /><D20/><U118/><E118/><V67/><F33/><W100/><G104/><T81/><D81/><U39/><E39/><V125/><F2/><W127/><G25/><T80/><D80/><U60/><E60/><V105/><F105/><W70/><G70/><T38/><D71/><U72/><E72/><V37/><F37/><W114/><G114/><T35/><D35/><U113/><E113/><V54/><F11/><W98/><G91/><T1/><D1/><U24/><E24/><V115/><F115/><W89/><G90/><T32/><D32/><U43/><E86/><V66/><F29/><W96/><G82/><T126/><D126/><U128/><E85/><V75/><AGARI ba="1,0" hai="21,23,48,50,52,54,66,67,73,75,77,79,124,125" machi="75" ten="25,18000,2" yaku="0,1,22,2,52,2,54,1" doraHai="63" who="2" fromWho="2" sc="264,-61,340,-61,150,183,246,-61" /><INIT seed="2,2,0,5,0,78" ten="203,279,333,185" oya="2" hai0="43,1,9,91,104,124,72,19,2,65,13,23,111" hai1="21,93,97,46,26,0,101,85,107,50,37,54,75" hai2="96,3,119,11,30,4,42,27,70,135,62,69,7" hai3="95,134,121,25,82,68,73,105,38,47,28,71,48"/><V116/><F135/><W61/><G134/><T89/><D111/><U10/><E75/><V12/><F42/><W90/><G121/><T129/><D104/><U126/><E126/><V125/><F125/><W8/><G105/><T36/><D124/><U84/><E37/><V22/><F96/><W100/><G38/><T76/><D65/><U58/><E107/><V32/><F62/><W83/><G73/><T102/><D102/><U132/><E132/><V114/><F114/><W51/><G100/><T67/><D67/><U103/><E103/><V81/><F81/><W88/><G71/><T63/><D63/><U87/><E0/><V15/><F70/><W113/><G61/><T24/><D129/><U120/><E10/><N who="2" m="4167" /><F69/><W109/><G8/><T110/><D110/><U55/><E120/><V49/><F49/><W45/><G109/><T18/><D43/><U39/><E39/><V57/><F57/><W20/><G68/><T86/><D36/><U35/><E35/><V64/><F64/><W115/><G113/><T29/><D72/><U31/><E55/><V117/><F119/><W94/><G115/><T77/><D91/><N who="3" m="34857" /><G51/><T128/><D128/><U40/><E40/><V44/><F44/><AGARI ba="2,0" hai="21,26,31,44,46,50,54,58,84,85,87,93,97,101" machi="44" ten="40,1300,0" yaku="8,1" doraHai="78" who="1" fromWho="2" sc="203,0,279,19,333,-19,185,0" /><INIT seed="3,0,0,2,3,2" ten="203,298,314,185" oya="3" hai0="82,4,14,104,57,78,53,88,85,54,126,34,42" hai1="98,70,105,102,80,100,95,18,38,19,74,68,24" hai2="58,84,51,63,35,111,23,94,108,121,92,113,120" hai3="135,73,1,6,72,56,20,62,110,97,118,10,25"/><W91/><G118/><T129/><D104/><U119/><E38/><V124/><F35/><W134/><G110/><N who="2" m="42025" /><F113/><W29/><G91/><T93/><D34/><U40/><E40/><V26/><F51/><W123/><G97/><T37/><D129/><U27/><E119/><V33/><F33/><W13/><G123/><N who="2" m="47177" /><F84/><W52/><REACH who="3" step="1"/><G1/><REACH who="3" ten="203,298,314,175" step="2"/><T112/><D112/><U115/><E98/><V43/><F124/><W86/><G86/><T130/><D126/><U79/><E115/><V64/><F43/><W75/><AGARI ba="0,1" hai="6,10,13,20,25,29,52,56,62,72,73,75,134,135" machi="75" ten="40,12000,1" yaku="1,1,0,1,52,1,54,1,53,1" doraHai="2" doraHaiUra="22" who="3" fromWho="3" sc="203,-40,298,-40,314,-40,175,130" /><INIT seed="3,1,0,4,3,17" ten="163,258,274,305" oya="3" hai0="43,50,77,114,82,20,120,76,92,23,1,88,103" hai1="106,96,27,58,38,78,13,91,87,67,134,98,123" hai2="117,99,32,100,110,85,66,131,128,49,10,28,75" hai3="127,34,47,70,124,14,0,52,115,83,60,37,22"/><W93/><G0/><T5/><D120/><U51/><E123/><V3/><F75/><W39/><G34/><T119/><D119/><U101/><E38/><V33/><F117/><W48/><G115/><T24/><D114/><U7/><E98/><V21/><F66/><N who="3" m="41287" /><G93/><T89/><D1/><U57/><E78/><N who="0" m="30313" /><D5/><U133/><E67/><V74/><F74/><W79/><G14/><T11/><D11/><N who="1" m="4351" /><E51/><V107/><F110/><W45/><G22/><N who="0" m="8235" /><D24/><U109/><E109/><V118/><F118/><W6/><G6/><T95/><D103/><U62/><E27/><V64/><F100/><W56/><G83/><T61/><D61/><U104/><E62/><V15/><F10/><W54/><G79/><T35/><D35/><U46/><E101/><V26/><F26/><W113/><G113/><T59/><D82/><U31/><E31/><V125/><F28/><W36/><G54/><N who="0" m="32215" /><D43/><U63/><E106/><V4/><F107/><W8/><G8/><T129/><D129/><U112/><E104/><V90/><F131/><W65/><G65/><T122/><D122/><U2/><E112/><V68/><F128/><W130/><G130/><T116/><D116/><U41/><E2/><V19/><F64/><W55/><G55/><T135/><D135/><U121/><E133/><V18/><F33/><W69/><G69/><T126/><D126/><AGARI ba="1,0" hai="36,37,39,45,47,48,52,56,124,126,127" m="41287" machi="126" ten="40,12000,1" yaku="18,1,34,2,54,1" doraHai="17" who="3" fromWho="0" sc="163,-123,258,0,274,0,305,123" /><INIT seed="3,2,0,5,4,48" ten="40,258,274,428" oya="3" hai0="91,72,39,0,63,34,52,50,117,121,92,98,86" hai1="122,27,35,103,87,33,108,20,119,68,64,109,19" hai2="42,78,105,44,135,126,10,38,4,51,47,102,89" hai3="11,93,61,25,45,3,95,106,111,59,30,12,8"/><W18/><G106/><T128/><D117/><U62/><E122/><V100/><F135/><W79/><G111/><N who="1" m="42570" /><E119/><V32/><F126/><W133/><G133/><T14/><D0/><U31/><E103/><V70/><F32/><W29/><G29/><T65/><D121/><U73/><E73/><V21/><F70/><W28/><G28/><T53/><D39/><U96/><E96/><V114/><F114/><W23/><G79/><T107/><D128/><U66/><E66/><V60/><F60/><W67/><G45/><T41/><D34/><N who="1" m="20863" /><E87/><V5/><F102/><W7/><AGARI ba="2,0" hai="3,7,8,11,12,18,23,25,30,59,61,67,93,95" machi="7" ten="30,1500,0" yaku="0,1" doraHai="48" who="3" fromWho="3" sc="40,-7,258,-7,274,-7,428,21" /><INIT seed="3,3,0,3,1,50" ten="33,251,267,449" oya="3" hai0="75,134,71,67,111,101,30,13,25,112,34,80,28" hai1="41,99,84,81,96,116,2,29,58,130,87,36,17" hai2="77,131,60,69,15,91,63,40,43,118,39,16,79" hai3="38,128,8,18,0,126,133,14,125,129,120,22,123"/><W132/><G0/><T95/><D111/><U45/><E2/><V88/><F118/><W56/><G38/><T55/><D134/><N who="3" m="51817" /><G56/><T44/><D112/><U21/><E29/><V26/><F26/><W27/><G123/><T1/><D1/><U62/><E130/><N who="3" m="50282" /><G120/><T78/><D30/><AGARI ba="3,0" hai="8,14,18,22,27,30,125,126" m="50282,51817" machi="30" ten="30,18000,2" yaku="30,2,20,1,19,1,34,2" doraHai="50" who="3" fromWho="0" sc="33,-189,251,0,267,0,449,189" owari="-156,-65.6,251,-14.9,267,6.7,638,73.8" /></mjloggm>