<mjloggm ver="2.3"><GO type="169" lobby="0"/><UN n0="%E3%81%8A%E3%81%98%E3%81%95%E3%82%93" n1="%E5%A4%A2%E4%BB%98%E3%81%8D" n2="%6B%72%62" n3="%E3%81%AA%E3%81%AA%E3%81%BF%EF%BC%A0%E5%8F%B2%E7%9A%AE%E8%BB%8D%E5%9B%A3" dan="19,16,16,17" rate="2266.81,2109.53,2203.60,2145.61" sx="M,M,F,M"/><TAIKYOKU oya="0"/><INIT seed="0,0,0,1,4,105" ten="250,250,250,250" oya="0" hai0="57,83,135,10,132,60,7,92,118,46,77,21,4" hai1="2,45,81,37,119,123,131,79,35,94,66,62,86" hai2="1,120,73,5,41,49,97,61,36,44,27,38,52" hai3="69,112,126,33,24,8,14,87,93,91,82,53,108"/><T16/><D118/><U104/><E123/><V50/><F120/><W32/><G112/><T13/><D46/><U71/><E104/><V134/><F134/><N who="0" m="51242" /><D92/><U111/><E119/><V48/><F5/><W125/><G108/><T74/><D10/><U29/><E2/><V26/><F1/><W68/><G53/><AGARI ba="0,0" hai="4,7,13,16,21,53,57,60,74,77,83" m="51242" machi="53" ten="30,5800,0" yaku="20,1,52,1,54,1" doraHai="105" who="0" fromWho="3" sc="250,58,250,0,250,0,250,-58" /><INIT seed="0,1,0,3,5,31" ten="308,250,250,192" oya="0" hai0="108,67,60,41,69,73,78,96,23,107,25,42,36" hai1="55,30,17,1,14,43,79,132,22,93,87,10,120" hai2="129,7,111,71,94,3,19,92,85,6,46,61,8" hai3="59,47,112,13,21,5,124,134,70,119,4,117,123"/><T115/><D115/><U89/><E120/><V95/><F129/><W32/><G70/><T86/><D73/><U113/><E113/><V106/><F106/><W75/><G75/><T72/><D72/><U38/><E132/><V81/><F6/><W57/><G47/><T80/><D36/><U54/><E79/><V126/><F126/><W90/><G112/><T88/><D108/><U91/><E38/><V82/><F111/><W105/><G105/><T44/><D44/><U125/><E43/><V128/><F82/><W20/><G13/><T50/><D50/><U98/><E125/><V62/><F71/><W110/><G90/><T27/><D27/><N who="1" m="16759" /><E1/><V133/><F128/><W53/><G124/><T16/><REACH who="0" step="1"/><D78/><REACH who="0" ten="298,250,250,192" step="2"/><U83/><AGARI ba="1,1" hai="10,14,17,54,55,83,87,89,91,93,98" m="16759" machi="83" ten="30,1100,0" yaku="8,1" doraHai="31" who="1" fromWho="1" sc="298,-6,250,24,250,-4,192,-4" /><INIT seed="1,0,0,1,0,102" ten="292,274,246,188" oya="1" hai0="37,44,106,135,125,126,82,41,89,70,87,40,55" hai1="100,28,99,1,75,22,112,90,3,48,77,36,129" hai2="38,128,79,104,54,88,86,133,115,111,47,7,68" hai3="57,81,13,2,97,110,92,76,10,16,109,60,17"/><U123/><E112/><V132/><F111/><W91/><G2/><T118/><D118/><U127/><E123/><V8/><F128/><W101/><G109/><T83/><D70/><U46/><E36/><V11/><F68/><W29/><G110/><T61/><D135/><U4/><E129/><V5/><F115/><W105/><G29/><T85/><D106/><U65/><E90/><V14/><F79/><W73/><G17/><T12/><D12/><U124/><E65/><V98/><F38/><W56/><REACH who="3" step="1"/><G60/><REACH who="3" ten="292,274,246,178" step="2"/><T35/><D61/><U121/><E28/><V69/><F133/><W18/><G18/><T27/><D126/><U63/><E1/><V49/><F132/><W134/><G134/><T45/><D125/><U119/><E3/><V52/><F5/><W80/><G80/><T107/><D83/><U24/><E4/><V131/><F131/><W117/><G117/><T108/><D82/><U58/><E119/><V31/><F31/><W67/><G67/><T50/><D108/><U15/><E63/><V103/><F8/><W9/><G9/><T64/><D64/><U84/><E124/><V6/><F7/><W78/><G78/><T120/><D120/><U53/><E77/><V114/><F114/><W43/><G43/><T95/><D41/><U59/><E127/><V20/><F6/><W0/><G0/><T21/><D40/><U113/><E121/><V94/><F11/><W62/><G62/><T25/><D35/><U122/><E113/><V23/><F54/><W130/><G130/><T93/><D55/><U19/><E122/><V39/><F52/><RYUUKYOKU ba="0,1" sc="292,-10,274,-10,246,-10,178,30" hai3="10,13,16,56,57,73,76,81,91,92,97,101,105" /><INIT seed="2,1,1,2,0,11" ten="282,264,236,208" oya="2" hai0="21,115,58,76,1,22,113,61,43,99,14,70,124" hai1="106,55,102,135,12,91,121,129,38,16,122,63,9" hai2="65,74,13,35,54,37,126,107,110,132,23,59,15" hai3="87,42,8,48,19,103,75,72,26,69,49,50,84"/><V46/><F107/><W86/><G69/><T67/><D1/><U123/><E38/><V133/><F74/><W17/><G103/><T100/><D124/><U85/><E129/><V57/><F35/><W94/><G94/><T80/><D43/><U116/><E116/><V33/><F33/><W90/><G90/><T28/><D70/><U117/><E117/><V83/><F126/><W45/><G26/><T24/><D22/><U112/><E112/><V30/><F110/><W53/><G8/><T71/><D71/><U2/><E2/><V98/><F98/><W130/><G130/><T27/><D27/><U36/><E36/><V29/><F83/><W60/><G60/><T41/><D41/><U95/><E135/><N who="2" m="51787" /><F23/><W34/><G34/><T89/><D89/><U118/><E118/><V18/><F18/><W62/><G72/><T10/><D80/><U64/><E55/><V78/><F78/><W111/><G75/><T32/><D76/><U47/><E47/><V51/><F37/><W93/><G93/><N who="0" m="58479" /><D32/><U73/><E73/><V125/><F125/><W79/><G79/><T5/><AGARI ba="1,1" hai="5,10,14,21,24,28,58,61,67,113,115" m="58479" machi="5" ten="30,2000,0" yaku="25,1,52,1" doraHai="11" who="0" fromWho="0" sc="282,33,264,-6,236,-11,208,-6" /><INIT seed="3,0,0,3,0,120" ten="315,258,225,202" oya="3" hai0="79,2,118,114,60,128,92,71,70,97,23,106,113" hai1="131,11,115,24,119,57,25,98,61,29,69,130,72" hai2="12,47,16,117,9,30,14,63,37,87,17,89,105" hai3="58,59,80,65,43,134,0,73,27,1,28,95,111"/><W74/><G134/><T4/><D118/><U19/><E115/><N who="0" m="44041" /><D106/><U18/><E69/><V99/><F117/><W26/><G43/><T45/><D128/><N who="1" m="49195" /><E72/><V53/><F30/><W123/><G123/><T10/><D79/><U36/><E36/><V32/><F32/><W93/><G28/><T42/><D23/><U50/><E50/><V104/><F99/><W48/><G48/><N who="0" m="26679" /><D60/><U121/><E121/><V122/><F122/><W133/><G80/><T135/><D135/><U81/><E81/><V86/><F86/><W41/><G41/><T88/><AGARI ba="0,0" hai="2,4,10,70,71,88,92,97" m="26679,44041" machi="88" ten="30,2000,0" yaku="11,1,54,1" doraHai="120" who="0" fromWho="0" sc="315,20,258,-5,225,-5,202,-10" /><INIT seed="4,0,0,2,4,49" ten="335,253,220,192" oya="0" hai0="59,25,14,101,0,6,64,36,58,35,9,30,92" hai1="12,39,73,118,124,4,86,98,17,71,131,94,18" hai2="122,60,95,72,43,83,128,19,20,123,1,97,61" hai3="76,24,52,130,51,22,16,48,65,116,96,57,120"/><T8/><D36/><U106/><E118/><V121/><F1/><W34/><G116/><T32/><D32/><U85/><E73/><V29/><F29/><W103/><G130/><T68/><D68/><U102/><E71/><V111/><F111/><W15/><G120/><T113/><D113/><U84/><E39/><V81/><F43/><W82/><G65/><T105/><D105/><U41/><E131/><V54/><F72/><W126/><G126/><T110/><D110/><U55/><E41/><V63/><F128/><W127/><G127/><T107/><D107/><U33/><E33/><V45/><F45/><W70/><G70/><T67/><D58/><U93/><E124/><V53/><F81/><W38/><G38/><T47/><D47/><U7/><E94/><V69/><F83/><W46/><G34/><T31/><D31/><U133/><E106/><V26/><REACH who="2" step="1"/><F69/><REACH who="2" ten="335,253,210,192" step="2"/><W109/><G109/><T78/><D30/><U2/><E2/><V74/><F74/><W115/><G115/><T80/><D80/><U108/><E108/><V90/><AGARI ba="0,1" hai="19,20,26,53,54,60,61,63,90,95,97,121,122,123" machi="90" ten="40,8000,1" yaku="1,1,0,1,52,2,53,1" doraHai="49" doraHaiUra="21" who="2" fromWho="2" sc="335,-40,253,-20,210,90,192,-20" /><INIT seed="5,0,0,5,2,115" ten="295,233,300,172" oya="1" hai0="70,103,128,13,101,105,17,120,97,119,44,64,91" hai1="63,16,83,45,7,22,27,12,112,26,23,99,39" hai2="125,40,89,21,88,0,81,4,46,15,71,57,1" hai3="48,31,68,34,69,93,8,100,62,117,11,55,6"/><U59/><E112/><V56/><F71/><W42/><G42/><T131/><D120/><U110/><E110/><V122/><F122/><W18/><G31/><T61/><D103/><U94/><E83/><V28/><F28/><W51/><G34/><T19/><D119/><U29/><E39/><V43/><F21/><W36/><G36/><T49/><D91/><U102/><E45/><V53/><F125/><W5/><G18/><T132/><D132/><U37/><E37/><V66/><F66/><W67/><G100/><T126/><D126/><U50/><E50/><V80/><F15/><W106/><G106/><T30/><D30/><U113/><E113/><V130/><F4/><W87/><G87/><T32/><D32/><U35/><E7/><V9/><F9/><W134/><G93/><T85/><D85/><U25/><REACH who="1" step="1"/><E35/><REACH who="1" ten="295,223,300,172" step="2"/><V73/><F46/><W75/><G6/><T38/><D38/><U114/><E114/><V84/><F80/><W90/><G51/><T74/><D49/><U47/><E47/><V79/><F81/><W3/><G48/><T76/><D44/><U58/><E58/><V124/><F56/><W92/><G5/><T54/><D131/><U121/><E121/><V135/><F130/><W98/><G69/><T95/><D70/><U20/><E20/><V96/><F57/><W116/><G68/><T72/><D128/><U86/><E86/><V107/><F84/><W24/><G3/><T82/><D82/><U118/><E118/><V10/><F0/><W109/><G109/><T14/><D76/><U78/><E78/><V41/><F79/><RYUUKYOKU ba="0,1" sc="295,-10,223,30,300,-10,172,-10" hai1="12,16,22,23,25,26,27,29,59,63,94,99,102" /><INIT seed="5,1,1,3,3,54" ten="285,253,290,162" oya="1" hai0="45,28,13,114,66,126,69,18,95,100,119,59,26" hai1="108,73,64,10,52,104,98,71,84,25,1,81,32" hai2="85,120,133,16,19,86,37,53,55,97,88,27,17" hai3="130,56,6,106,107,83,103,124,77,72,74,60,20"/><U30/><E73/><V51/><F120/><W123/><G123/><T63/><D119/><U7/><E108/><V57/><F37/><W129/><G6/><T92/><D114/><U96/><E104/><V112/><F133/><W101/><G20/><N who="0" m="15431" /><D69/><U33/><E33/><V46/><F112/><W87/><G124/><T109/><D109/><U42/><E42/><V75/><F75/><N who="3" m="28715" /><G60/><T2/><D2/><U15/><E71/><V105/><F27/><W43/><G43/><T22/><D126/><U118/><E118/><V47/><F47/><W40/><G40/><T44/><D95/><U3/><E64/><V134/><F134/><W94/><G56/><T76/><D76/><U135/><E135/><V38/><F38/><W113/><G113/><T127/><D127/><U132/><E132/><V21/><F21/><W93/><G129/><T82/><D82/><U121/><E121/><V131/><F105/><N who="3" m="39947" /><G130/><T117/><D117/><U111/><E111/><V23/><F23/><W58/><G58/><T116/><D116/><U4/><E4/><V41/><F41/><W122/><G122/><T11/><D11/><U65/><E1/><V62/><F131/><W9/><G9/><T0/><D0/><U48/><E3/><V89/><F97/><AGARI ba="1,1" hai="13,18,22,44,45,59,63,66,92,97,100" m="15431" machi="97" ten="30,3900,0" yaku="25,1,8,1,52,1" doraHai="54" who="0" fromWho="2" sc="285,52,253,0,290,-42,162,0" /><INIT seed="6,0,0,5,4,68" ten="337,253,248,162" oya="2" hai0="121,19,69,52,99,107,35,78,124,23,102,32,17" hai1="77,25,87,122,16,5,56,114,14,60,15,113,112" hai2="2,80,55,6,47,45,119,51,34,70,120,57,71" hai3="134,0,130,21,105,109,27,106,18,86,127,46,115"/><V98/><F120/><W28/><G109/><T72/><D69/><U95/><E122/><V36/><F34/><W37/><G130/><T81/><D121/><U43/><E43/><N who="2" m="22759" /><F6/><W90/><G134/><T41/><D124/><U58/><E5/><V61/><F98/><W74/><G127/><T93/><D41/><U64/><E58/><N who="2" m="35039" /><F80/><W67/><G74/><T11/><D52/><U22/><REACH who="1" step="1"/><E77/><REACH who="1" ten="337,243,248,162" step="2"/><V63/><F119/><W65/><G0/><T111/><D78/><U126/><E126/><V118/><F2/><W129/><G129/><T1/><D1/><U44/><E44/><V73/><F118/><W3/><G3/><T75/><D111/><U104/><E104/><V54/><F73/><W133/><G105/><T7/><D107/><U123/><E123/><V79/><F79/><W135/><G106/><T92/><D75/><U84/><E84/><V10/><F10/><W132/><G115/><T97/><D7/><U59/><E59/><V4/><F4/><W30/><G133/><T110/><D11/><U116/><E116/><V9/><F9/><W38/><G132/><T82/><D72/><U49/><E49/><V101/><F101/><W88/><G135/><T108/><D102/><U40/><E40/><AGARI ba="0,1" hai="40,47,51,54,57,63,70,71" m="35039,22759" machi="40" ten="30,18000,2" yaku="35,5,52,1" doraHai="68" who="2" fromWho="1" sc="337,0,243,-180,248,190,162,0" /><INIT seed="6,1,0,1,0,49" ten="337,63,438,162" oya="2" hai0="115,1,121,57,106,71,67,120,127,34,112,6,22" hai1="101,54,17,48,0,13,124,81,60,26,103,7,86" hai2="125,107,44,37,119,25,116,45,20,15,35,5,31" hai3="80,43,76,38,129,19,41,56,84,105,50,3,99"/><V123/><F123/><W130/><G3/><T117/><D106/><U21/><E124/><V69/><F107/><W98/><G38/><T16/><D71/><U10/><E60/><V131/><F69/><W28/><G28/><T33/><D67/><U27/><E27/><V79/><F125/><W87/><G19/><T8/><D57/><U102/><E0/><V78/><F37/><W59/><G105/><T73/><D73/><U9/><E9/><V46/><F131/><W122/><G122/><N who="0" m="47211" /><D127/><U83/><REACH who="1" step="1"/><E86/><REACH who="1" ten="337,53,438,162" step="2"/><V104/><F119/><W23/><G87/><T109/><D117/><U42/><E42/><V108/><F116/><W12/><G43/><T111/><D34/><U133/><E133/><V88/><F35/><W2/><G2/><T82/><D33/><U61/><E61/><V90/><F108/><N who="0" m="41546" /><D82/><U30/><E30/><V68/><F68/><W134/><G134/><T14/><AGARI ba="1,1" hai="1,6,8,14,16,22,112,115" m="41546,47211" machi="14" ten="40,5200,0" yaku="34,2,54,1" doraHai="49" who="0" fromWho="0" sc="337,65,53,-14,438,-27,162,-14" /><INIT seed="7,0,0,0,0,64" ten="402,39,411,148" oya="3" hai0="8,62,134,38,71,112,13,45,2,90,105,33,110" hai1="126,69,79,124,19,119,52,56,116,132,59,24,131" hai2="17,42,26,99,49,1,84,78,104,111,57,21,82" hai3="95,118,5,3,130,88,61,43,97,85,10,0,74"/><W15/><G118/><N who="1" m="45098" /><E19/><V34/><F111/><W30/><G130/><T89/><D110/><U70/><E24/><V67/><F1/><W100/><G74/><T106/><D2/><U123/><E79/><V18/><F34/><W68/><G43/><T76/><D76/><U39/><E123/><V107/><F18/><W40/><G40/><T129/><D129/><U108/><E108/><V133/><F133/><W46/><G30/><T113/><D134/><U20/><E20/><V114/><F114/><N who="0" m="44138" /><D33/><U86/><E86/><V117/><F117/><W36/><G15/><T37/><D71/><N who="1" m="27147" /><E131/><V98/><F107/><N who="0" m="40970" /><D62/><N who="1" m="36103" /><E132/><V66/><F104/><W41/><G85/><T50/><D90/><U65/><E39/><V96/><F57/><W60/><G68/><T7/><D89/><U63/><AGARI ba="0,0" hai="59,63,65,124,126" m="36103,27147,45098" machi="63" ten="40,12000,2" yaku="12,1,34,2,52,3,54,1" doraHai="64" who="1" fromWho="1" sc="402,-30,39,120,411,-30,148,-60" owari="372,17.2,159,-24.1,381,48.1,88,-41.2" /></mjloggm>