<mjloggm ver="2.3"><GO type="169" lobby="0"/><UN n0="%E3%80%93%E6%96%B0%E5%AD%90%E6%86%A7%E3%80%93" n1="%E5%A4%A2%E4%BB%98%E3%81%8D" n2="%E2%98%85%E9%A2%A8%E3%81%AE%E8%B0%B7%E2%98%85" n3="%E8%82%89%E5%9B%A3%E5%AD%90%E5%85%88%E7%94%9F" dan="16,16,16,16" rate="2103.71,2096.27,2182.80,2061.16" sx="F,M,F,M"/><TAIKYOKU oya="0"/><INIT seed="0,0,0,0,3,45" ten="250,250,250,250" oya="0" hai0="124,86,43,122,66,109,39,13,112,38,93,116,126" hai1="31,134,53,6,131,81,85,102,127,44,32,68,46" hai2="118,20,47,30,12,50,16,114,42,3,34,70,105" hai3="87,40,91,33,15,21,128,9,10,29,107,130,37"/><T135/><D112/><U59/><E68/><V23/><F114/><W63/><G107/><T98/><D116/><U35/><E131/><N who="3" m="50218" /><G33/><T88/><D122/><U58/><E134/><V121/><F121/><W0/><G37/><T96/><D135/><U80/><E127/><N who="0" m="48681" /><D66/><U18/><E6/><V64/><F105/><W25/><G40/><T7/><D109/><U79/><E102/><V22/><F3/><W26/><G63/><T54/><D54/><U132/><E132/><V48/><F118/><W5/><G26/><T104/><D43/><U99/><E99/><N who="0" m="37929" /><D104/><U89/><E32/><V8/><F70/><W17/><G91/><T125/><N who="0" m="48689" /><T73/><DORA hai="120" /><D73/><U117/><E117/><V101/><F101/><W133/><G87/><T97/><N who="0" m="37937" /><T115/><DORA hai="1" /><D115/><U19/><E89/><V94/><F64/><W111/><G133/><T95/><D95/><U78/><E85/><V11/><F94/><W113/><G113/><T92/><D92/><U82/><E53/><V4/><F34/><W49/><G49/><T14/><D14/><U108/><E35/><V76/><F50/><W71/><G71/><T83/><D93/><U123/><E123/><V119/><F119/><W72/><G72/><T55/><D55/><U62/><E81/><V77/><F30/><W103/><G103/><T57/><D57/><U56/><E59/><V36/><F36/><W65/><G65/><T129/><D129/><U69/><E69/><V100/><F100/><W75/><G75/><T106/><D106/><U41/><E31/><V24/><F24/><W51/><G111/><RYUUKYOKU ba="0,0" sc="250,10,250,-30,250,10,250,10" hai0="7,13,38,39,83,86,88" hai2="4,8,11,12,16,20,22,23,42,47,48,76,77" hai3="0,5,9,10,15,17,21,25,29,51" /><INIT seed="0,1,0,5,3,133" ten="260,220,260,260" oya="0" hai0="98,62,21,53,30,33,121,89,116,123,59,39,93" hai1="57,83,110,31,87,81,114,106,8,64,101,9,40" hai2="0,5,82,100,46,70,65,56,48,109,52,117,94" hai3="130,79,42,78,97,2,12,131,20,17,63,69,25"/><T14/><D116/><U90/><E110/><V28/><F109/><W119/><G119/><T126/><D39/><U111/><E111/><V68/><F117/><W22/><G2/><T55/><D33/><U125/><E114/><V44/><F0/><W41/><G97/><T74/><D74/><U75/><E40/><V86/><F5/><W99/><G99/><T51/><D126/><U127/><E31/><V47/><F65/><W129/><G69/><T60/><D123/><U67/><E101/><V23/><F100/><W71/><G71/><T32/><D32/><U27/><E27/><V115/><F94/><W76/><REACH who="3" step="1"/><G63/><REACH who="3" ten="260,220,260,250" step="2"/><T16/><D121/><U29/><E106/><V7/><F70/><W80/><G80/><T104/><D104/><U72/><E81/><V103/><F68/><W24/><G24/><N who="0" m="16655" /><D55/><U11/><E67/><V128/><F103/><W35/><G35/><T113/><D113/><U77/><E29/><AGARI ba="1,1" hai="12,17,20,22,25,29,41,42,76,78,79,129,130,131" machi="29" ten="50,3200,0" yaku="1,1,19,1,53,0" doraHai="133" doraHaiUra="3" who="3" fromWho="1" sc="260,0,220,-35,260,0,250,45" /><INIT seed="1,0,0,0,0,58" ten="260,185,260,295" oya="1" hai0="10,31,74,98,9,59,53,44,28,130,62,32,37" hai1="100,91,40,103,75,46,1,21,66,14,24,90,45" hai2="20,3,114,122,107,96,52,5,135,132,115,43,129" hai3="49,95,60,73,56,0,64,38,33,55,30,67,68"/><U4/><E1/><V92/><F3/><W117/><G73/><T125/><D74/><U80/><E66/><V35/><F5/><W36/><G0/><T47/><D125/><U65/><E65/><V85/><F35/><W83/><G83/><T99/><D130/><U102/><E75/><V86/><F43/><W13/><G13/><T61/><D32/><U22/><E80/><V112/><F20/><N who="1" m="7785" /><E24/><V123/><F52/><W17/><G17/><T108/><D108/><U118/><E118/><V131/><F107/><W12/><G12/><T128/><D128/><N who="2" m="49226" /><F96/><W26/><G117/><T42/><D53/><U23/><N who="1" m="7793" /><U51/><DORA hai="39" /><E46/><V7/><F7/><W84/><G67/><T94/><D59/><U78/><E78/><V106/><F106/><W82/><REACH who="3" step="1"/><G95/><REACH who="3" ten="260,185,260,285" step="2"/><T124/><D94/><U15/><E15/><V79/><F92/><W57/><G57/><T19/><D124/><U8/><AGARI ba="0,1" hai="4,8,14,40,45,51,90,91,100,102,103" m="7793" machi="8" ten="40,3900,0" yaku="8,1,52,1" doraHai="58,39" who="1" fromWho="1" sc="260,-13,185,49,260,-13,285,-13" /><INIT seed="1,1,0,3,3,74" ten="247,234,247,272" oya="1" hai0="18,31,54,123,115,97,91,71,96,103,120,87,85" hai1="129,15,114,35,77,59,22,3,14,80,56,57,19" hai2="11,17,67,121,128,4,32,117,41,42,88,63,9" hai3="29,58,95,133,93,26,39,108,125,62,28,27,7"/><U112/><E3/><V94/><F117/><W16/><G108/><T116/><D71/><U65/><E35/><V66/><F121/><N who="0" m="46666" /><D31/><U36/><E36/><V101/><F32/><W10/><G39/><T34/><D34/><U134/><E129/><V110/><F110/><W102/><G125/><T43/><D43/><U52/><E134/><V109/><F109/><W53/><G95/><N who="0" m="56447" /><D18/><U70/><E15/><V38/><F128/><W119/><G26/><T25/><D54/><U127/><E127/><V37/><F101/><W86/><G133/><T113/><D25/><U83/><E83/><V21/><F67/><W124/><G124/><T72/><D72/><U111/><E111/><V132/><F132/><W73/><G73/><T81/><D116/><U90/><E52/><V8/><F4/><W89/><G102/><T49/><D49/><U30/><E30/><V20/><F20/><N who="3" m="13703" /><G119/><T55/><D55/><U122/><E122/><V6/><F6/><W51/><G51/><T92/><D87/><U23/><E22/><V104/><F38/><W64/><G53/><T33/><D33/><U135/><E135/><V107/><F41/><W126/><G126/><T78/><AGARI ba="1,0" hai="78,81,85,92,97,103,113,115" m="56447,46666" machi="78" ten="30,7900,0" yaku="13,1,34,2,52,1" doraHai="74" who="0" fromWho="0" sc="247,82,234,-40,247,-21,272,-21" /><INIT seed="2,0,0,2,2,79" ten="329,194,226,251" oya="2" hai0="40,87,130,15,6,19,58,13,35,93,118,25,129" hai1="38,98,123,83,91,18,8,37,128,89,56,80,101" hai2="36,69,11,100,77,22,9,24,44,51,133,49,132" hai3="66,3,52,126,62,67,43,92,61,12,10,104,7"/><V134/><F69/><W16/><G104/><T90/><D118/><U116/><E116/><V29/><F100/><W0/><G43/><T113/><D113/><U88/><E128/><N who="0" m="49257" /><D40/><U117/><E117/><V121/><F121/><W114/><G126/><T107/><D107/><U71/><E71/><V135/><N who="2" m="33792" /><DORA hai="65" /><V70/><F70/><W119/><G119/><T78/><D6/><U1/><E123/><V85/><F36/><W21/><G62/><T28/><D78/><U45/><E56/><V17/><F29/><W106/><G106/><T94/><D19/><U57/><E57/><V105/><F105/><W110/><G110/><T74/><D74/><U42/><E38/><V124/><F124/><W14/><G114/><T109/><D109/><U108/><E108/><V96/><F96/><W50/><G61/><T73/><D73/><U76/><E76/><V95/><F51/><W103/><G0/><T32/><D32/><U131/><E131/><V115/><F115/><W75/><G75/><T111/><D111/><U125/><E125/><V5/><F5/><W4/><G3/><T59/><D94/><U97/><E1/><V20/><F20/><W33/><G33/><T55/><D59/><U72/><E72/><V112/><F112/><W53/><G4/><T63/><AGARI ba="0,0" hai="13,15,25,28,35,55,58,63,87,90,93" m="49257" machi="63" ten="30,1100,0" yaku="19,1" doraHai="79,65" who="0" fromWho="0" sc="329,11,194,-3,226,-5,251,-3" /><INIT seed="3,0,0,5,0,98" ten="340,191,221,248" oya="3" hai0="72,111,120,63,8,27,95,92,66,5,68,80,127" hai1="35,115,129,108,29,106,49,134,0,42,102,83,43" hai2="14,75,99,97,121,15,9,54,101,50,64,37,88" hai3="130,114,89,110,38,11,53,23,32,25,41,78,3"/><W74/><G114/><T118/><D120/><U39/><E115/><V135/><F37/><W31/><G130/><T48/><D118/><U17/><E129/><V71/><F75/><W117/><G117/><T45/><D111/><U28/><E108/><V36/><F36/><W34/><G53/><T119/><D119/><U86/><E39/><V112/><F112/><W123/><G123/><T46/><D127/><U4/><E17/><V87/><F121/><W85/><G110/><T18/><D45/><U73/><E73/><V132/><F64/><W93/><G78/><T56/><D68/><U81/><E134/><N who="2" m="51243" /><F99/><W100/><G74/><T94/><D72/><U91/><E35/><V69/><F15/><W82/><G41/><T22/><D80/><U131/><E81/><N who="2" m="49263" /><F14/><W20/><G38/><T12/><REACH who="0" step="1"/><D94/><REACH who="0" ten="330,191,221,248" step="2"/><U109/><E109/><V59/><F9/><W24/><G11/><T6/><D6/><U103/><E4/><V133/><F133/><W40/><G93/><AGARI ba="0,1" hai="50,54,59,69,71,93,97,101" m="49263,51243" machi="93" ten="30,3900,0" yaku="20,1,52,1,54,1" doraHai="98" who="2" fromWho="3" sc="330,0,191,0,221,49,248,-39" /><INIT seed="4,0,0,5,4,64" ten="330,191,270,209" oya="0" hai0="22,81,12,111,4,130,10,116,14,128,80,21,40" hai1="1,67,73,104,38,117,109,59,78,62,11,39,107" hai2="54,100,15,37,16,106,77,87,127,26,123,105,134" hai3="133,61,24,49,82,113,9,112,42,76,129,65,96"/><T93/><D40/><U98/><E109/><V2/><F2/><W95/><G133/><T132/><D116/><U79/><E117/><V118/><F123/><W57/><G129/><N who="0" m="49771" /><D132/><U74/><E79/><V20/><F134/><W18/><G49/><T23/><D111/><U85/><E85/><V119/><F37/><W63/><G42/><T56/><D56/><U7/><E107/><V58/><F127/><W68/><G24/><T125/><D125/><U108/><E108/><V8/><F100/><W48/><G18/><T124/><D124/><U70/><E59/><V45/><F45/><W33/><G9/><N who="0" m="4135" /><D93/><U29/><E29/><V34/><F34/><W120/><G33/><T88/><D88/><U121/><E121/><V41/><F41/><W17/><G17/><AGARI ba="0,0" hai="10,14,17,21,22,23,80,81" m="4135,49771" machi="17" ten="30,1500,0" yaku="19,1" doraHai="64" who="0" fromWho="3" sc="330,15,191,0,270,0,209,-15" /><INIT seed="4,1,0,4,2,98" ten="345,191,270,194" oya="0" hai0="88,135,34,49,130,118,37,61,80,15,116,113,43" hai1="45,117,104,0,81,87,31,133,64,10,35,50,122" hai2="46,63,18,94,73,92,126,23,8,20,93,57,17" hai3="48,103,99,65,75,108,41,30,79,26,2,127,36"/><T6/><D34/><U100/><E117/><V83/><F126/><W53/><G108/><T86/><D130/><U107/><E122/><V121/><F121/><W59/><G2/><T128/><D128/><U101/><E133/><V68/><F68/><W129/><G129/><T4/><D135/><U3/><E104/><V7/><F73/><W74/><G79/><T125/><D125/><U55/><E64/><V5/><F83/><W44/><G65/><T39/><D113/><U131/><E131/><V105/><F105/><W124/><G124/><T134/><D134/><U109/><E109/><V106/><F106/><W114/><G114/><T32/><D32/><U52/><E107/><V12/><F46/><W115/><G115/><T1/><D1/><U132/><E132/><V90/><F90/><W66/><G66/><T11/><D4/><N who="2" m="1610" /><F17/><W33/><REACH who="3" step="1"/><G127/><REACH who="3" ten="345,191,270,184" step="2"/><T27/><D118/><U119/><E119/><V82/><F8/><W16/><G16/><T47/><D116/><U97/><E0/><V71/><F18/><W25/><G25/><T54/><D27/><U28/><E10/><V9/><F9/><W120/><G120/><T77/><D77/><U78/><E3/><V96/><F12/><W89/><G89/><T51/><REACH who="0" step="1"/><D61/><REACH who="0" ten="335,191,270,184" step="2"/><U112/><E112/><V76/><F76/><W14/><G14/><T91/><D91/><U60/><E60/><V84/><F63/><W67/><G67/><T102/><D102/><U13/><E100/><V22/><F71/><W72/><G72/><T29/><D29/><U70/><E31/><V69/><F69/><W110/><G110/><RYUUKYOKU ba="1,2" sc="335,15,191,-15,270,-15,184,15" hai0="6,11,15,37,39,43,47,49,51,54,80,86,88" hai3="26,30,33,36,41,44,48,53,59,74,75,99,103" /><INIT seed="4,2,2,2,2,79" ten="350,176,255,199" oya="0" hai0="21,122,20,65,81,25,62,56,36,0,104,40,84" hai1="70,106,107,123,32,68,116,18,33,58,42,45,74" hai2="102,109,86,85,105,135,23,96,114,52,71,50,63" hai3="64,117,76,37,94,121,95,112,128,19,1,13,83"/><T80/><D122/><U43/><E116/><V4/><F109/><W15/><G117/><T124/><D104/><N who="1" m="39979" /><E123/><V72/><F114/><W9/><G112/><T57/><D0/><U77/><E58/><V126/><F135/><W30/><G37/><T66/><D124/><U2/><E2/><V7/><F126/><W132/><G132/><T103/><D103/><U17/><E77/><V115/><F115/><W14/><G1/><T22/><D25/><U67/><E67/><V118/><F118/><W11/><G64/><T48/><D36/><U119/><E74/><V29/><F72/><W130/><G30/><T44/><D84/><U100/><E100/><V127/><F63/><AGARI ba="2,2" hai="20,21,22,40,44,48,56,57,62,63,65,66,80,81" machi="63" ten="40,12000,1" yaku="9,1,8,1,52,2" doraHai="79" who="0" fromWho="2" sc="350,146,176,0,255,-126,199,0" /><INIT seed="4,3,0,1,4,70" ten="496,176,129,199" oya="0" hai0="119,3,80,83,100,28,9,5,102,91,36,128,42" hai1="106,107,133,27,43,116,67,31,79,55,98,111,134" hai2="125,97,127,59,108,25,64,34,33,44,77,2,88" hai3="39,63,112,14,23,40,30,32,101,66,68,7,49"/><T17/><D119/><U57/><E116/><V0/><F108/><W89/><G101/><T8/><D128/><U95/><E111/><V114/><F77/><W38/><G32/><T6/><D28/><U50/><E67/><V93/><F114/><W53/><G40/><T87/><D17/><U47/><E79/><V110/><F110/><W48/><G48/><T75/><D75/><U10/><E10/><V96/><F96/><W16/><G112/><T86/><D42/><U113/><E113/><V26/><F44/><W121/><G121/><T13/><REACH who="0" step="1"/><D36/><REACH who="0" ten="486,176,129,199" step="2"/><N who="1" m="21991" /><E31/><V46/><F34/><W21/><G30/><T76/><AGARI ba="3,1" hai="3,5,6,8,9,13,76,80,83,86,87,91,100,102" machi="76" ten="20,3900,0" yaku="1,1,0,1,7,1,53,0" doraHai="70" doraHaiUra="54" who="0" fromWho="0" sc="486,58,176,-16,129,-16,199,-16" /><INIT seed="4,4,0,2,1,118" ten="544,160,113,183" oya="0" hai0="49,56,48,125,65,53,17,31,78,112,90,80,39" hai1="42,21,115,4,58,27,131,0,122,50,2,111,55" hai2="30,129,32,29,70,72,1,74,47,20,123,86,13" hai3="98,68,110,19,124,11,18,105,79,127,15,103,38"/><T91/><D39/><U5/><E122/><V82/><F70/><W57/><G68/><T95/><D112/><U81/><E111/><V16/><F1/><W63/><G38/><T9/><D125/><N who="3" m="48201" /><G79/><T45/><D31/><U114/><E131/><V88/><F129/><W22/><G110/><T135/><D135/><U100/><E100/><V89/><F123/><W14/><G63/><T102/><D102/><U101/><E101/><V34/><F30/><W132/><G57/><T25/><D95/><U121/><E81/><V61/><F61/><W67/><G67/><T109/><D109/><U37/><E121/><V35/><F29/><W66/><G66/><T36/><D36/><U12/><E42/><V51/><REACH who="2" step="1"/><F89/><REACH who="2" ten="544,160,103,183" step="2"/><W75/><G132/><T24/><D91/><U85/><E0/><V97/><F97/><W133/><G133/><T87/><D90/><U7/><E2/><V71/><F71/><W6/><G75/><T128/><D128/><U73/><E73/><V77/><F77/><W62/><G62/><T92/><D78/><U69/><E69/><V83/><F83/><W41/><G41/><AGARI ba="4,1" hai="13,16,20,32,34,35,41,47,51,72,74,82,86,88" machi="41" ten="40,8000,1" yaku="1,1,54,2,53,1" doraHai="118" doraHaiUra="44" who="2" fromWho="3" sc="544,0,160,0,103,102,183,-92" /><INIT seed="5,0,0,3,5,67" ten="544,160,205,91" oya="1" hai0="111,121,21,38,28,35,48,58,75,105,94,9,125" hai1="66,129,63,14,12,95,69,33,92,113,64,51,107" hai2="134,102,86,135,117,114,41,8,61,73,128,122,80" hai3="10,39,62,36,32,101,99,74,116,127,57,0,25"/><U110/><E107/><V43/><F117/><W29/><G127/><T118/><D94/><U133/><E33/><V90/><F122/><W77/><G116/><T44/><D21/><U130/><E113/><V70/><F128/><N who="1" m="49257" /><E133/><N who="2" m="50699" /><F73/><W97/><G97/><T26/><D38/><U11/><E110/><V68/><F61/><W46/><G77/><T82/><D75/><U132/><E132/><V45/><F114/><W71/><G71/><N who="2" m="27177" /><F102/><W91/><G46/><T4/><D44/><U18/><E66/><V24/><F45/><W88/><G74/><T49/><D58/><U20/><E63/><V84/><F8/><W78/><G36/><T1/><D9/><U120/><E64/><V19/><F86/><W30/><G39/><T123/><D111/><U104/><E11/><V83/><F83/><W52/><G78/><T76/><D82/><U126/><E120/><V93/><F80/><W72/><G72/><T37/><D76/><U96/><E126/><V79/><F79/><W53/><G53/><T31/><D125/><U109/><E109/><V42/><F19/><W85/><G85/><T81/><D81/><U89/><E18/><V27/><AGARI ba="0,0" hai="24,27,41,42,43,84,90,93" m="27177,50699" machi="27" ten="40,8000,1" yaku="20,1,52,3" doraHai="67" who="2" fromWho="2" sc="544,-20,160,-40,205,80,91,-20" /><INIT seed="6,0,0,0,0,34" ten="524,120,285,71" oya="2" hai0="30,111,112,92,121,79,35,10,46,36,85,52,5" hai1="124,76,2,114,60,24,44,113,118,66,99,7,45" hai2="84,128,131,21,94,32,101,86,41,126,97,12,57" hai3="40,56,37,108,105,117,132,31,16,123,33,115,87"/><V0/><F0/><W8/><G108/><T59/><D111/><U83/><E118/><V70/><F70/><W58/><G117/><T69/><D69/><U89/><E124/><V119/><F32/><W28/><G123/><T109/><D109/><U62/><E24/><V77/><F12/><W11/><G105/><T26/><D121/><U43/><E99/><V129/><F21/><W63/><G132/><T1/><D112/><N who="1" m="43115" /><E89/><V103/><F57/><W6/><G115/><T20/><D46/><N who="1" m="18027" /><E43/><V135/><F41/><W39/><G40/><T82/><D36/><U48/><E48/><V107/><F119/><W106/><G106/><T98/><D20/><U130/><E130/><V54/><F54/><W19/><G33/><T81/><D85/><N who="2" m="32874" /><F126/><W134/><G87/><T13/><D79/><U4/><E4/><V133/><F77/><W42/><G134/><N who="2" m="51209" /><F107/><W74/><G42/><T53/><D13/><U29/><E2/><V65/><F65/><W38/><G38/><T67/><D67/><U80/><E76/><V64/><F64/><W125/><G125/><T23/><D23/><U14/><E7/><V27/><F27/><W78/><G78/><T61/><D53/><U127/><E14/><V88/><AGARI ba="0,0" hai="88,94,97,101,103,128,129,131" m="51209,32874" machi="88" ten="40,12000,1" yaku="19,1,20,1,34,2,54,1" doraHai="34" who="2" fromWho="2" sc="524,-40,120,-40,285,120,71,-40" /><INIT seed="6,1,0,1,4,131" ten="484,80,405,31" oya="2" hai0="112,6,61,133,41,15,67,72,106,11,49,27,57" hai1="82,79,24,26,90,36,100,134,43,4,2,71,80" hai2="52,62,22,78,53,9,124,75,50,68,77,28,121" hai3="109,125,81,7,110,10,84,117,122,58,38,23,113"/><V123/><F124/><W20/><G117/><T44/><D112/><U39/><E71/><V14/><F121/><W64/><G122/><T59/><D72/><U55/><E100/><V12/><F123/><W47/><G125/><T128/><D128/><U76/><E90/><V126/><F126/><W8/><G113/><T70/><D106/><U3/><E55/><V97/><F75/><W92/><G92/><T99/><D133/><U129/><E4/><V63/><F68/><W135/><G64/><T94/><REACH who="0" step="1"/><D27/><REACH who="0" ten="474,80,405,31" step="2"/><U33/><E134/><V74/><F74/><W32/><G135/><T16/><D16/><U1/><E129/><V118/><F118/><W5/><G110/><T102/><AGARI ba="1,1" hai="6,11,15,41,44,49,57,59,61,67,70,94,99,102" machi="102" ten="20,2700,0" yaku="1,1,0,1,7,1,53,0" doraHai="131" doraHaiUra="103" who="0" fromWho="0" sc="474,40,80,-8,405,-14,31,-8" /><INIT seed="7,0,0,4,3,119" ten="514,72,391,23" oya="3" hai0="135,105,21,69,95,31,50,30,10,85,129,94,102" hai1="78,51,80,44,23,89,14,98,35,52,11,65,82" hai2="32,61,53,39,49,20,41,8,48,38,6,103,111" hai3="112,125,109,67,16,84,40,74,26,58,99,43,133"/><W7/><G112/><T132/><D69/><U76/><E35/><V12/><F111/><W127/><G133/><N who="0" m="51275" /><D129/><U81/><E65/><V2/><F41/><W72/><G109/><T124/><D124/><N who="3" m="47689" /><G7/><T42/><D10/><U3/><E3/><V19/><F61/><N who="3" m="38327" /><G84/><T64/><D64/><U104/><E23/><V106/><F49/><W73/><G99/><N who="0" m="61663" /><D21/><AGARI ba="0,0" hai="16,21,26,40,43,72,73,74" m="38327,47689" machi="21" ten="40,3900,0" yaku="18,1,54,1" doraHai="119" who="3" fromWho="0" sc="514,-39,72,0,391,0,23,39" /><INIT seed="7,1,0,0,2,100" ten="475,72,391,62" oya="3" hai0="64,33,120,34,56,125,131,105,91,35,50,76,55" hai1="128,96,84,74,32,27,81,61,97,21,23,5,57" hai2="78,99,38,25,11,77,30,110,42,26,4,53,43" hai3="85,39,83,51,106,130,129,102,48,111,79,46,10"/><W101/><G111/><T12/><D120/><U67/><E74/><V18/><F110/><W108/><G108/><T49/><D105/><U71/><E32/><V118/><F118/><W65/><G65/><T17/><D125/><U20/><E128/><N who="3" m="49258" /><G39/><T92/><D76/><N who="1" m="46119" /><E71/><V0/><F38/><W104/><G10/><T75/><D64/><U87/><E5/><V103/><F78/><W1/><G1/><T82/><D49/><N who="3" m="19017" /><G46/><T88/><D50/><U126/><E126/><V109/><F77/><W6/><G6/><T63/><D131/><U37/><E37/><V40/><F53/><W68/><G68/><T133/><D75/><U41/><E41/><V73/><F73/><W122/><G122/><T9/><D133/><U135/><E135/><V16/><F109/><W134/><G134/><T54/><D54/><U69/><E69/><V112/><F26/><W107/><AGARI ba="1,0" hai="79,83,85,101,102,104,106,107" m="19017,49258" machi="107" ten="40,12000,1" yaku="19,1,52,3" doraHai="100" who="3" fromWho="3" sc="475,-41,72,-41,391,-41,62,123" /><INIT seed="7,2,0,2,0,18" ten="434,31,350,185" oya="3" hai0="33,100,64,2,127,38,45,104,112,78,93,24,35" hai1="20,120,47,72,90,49,58,6,17,66,1,22,119" hai2="121,60,87,71,111,19,27,69,88,116,83,75,98" hai3="55,135,57,130,59,42,117,68,46,92,133,70,41"/><W67/><G92/><T30/><D2/><U110/><E110/><V113/><F111/><W132/><G117/><T48/><D104/><U13/><E120/><V63/><F116/><W118/><G118/><T4/><D4/><U108/><E119/><V95/><F113/><W114/><G114/><T50/><D78/><U91/><E72/><V25/><F121/><W26/><G26/><T129/><D64/><U86/><E108/><V102/><F71/><N who="3" m="27179" /><G130/><T123/><D35/><U51/><E1/><V12/><F69/><W5/><G5/><T125/><D123/><U80/><E6/><V61/><REACH who="2" step="1"/><F75/><REACH who="2" ten="434,31,340,185" step="2"/><W107/><G107/><T126/><D112/><U65/><E91/><V81/><F81/><W43/><G67/><T40/><D129/><U31/><E58/><N who="3" m="22026" /><G55/><T36/><D126/><U7/><E7/><V28/><F28/><W101/><G101/><T14/><D100/><U82/><E82/><V105/><F105/><W9/><G9/><AGARI ba="2,1" hai="9,12,19,25,27,60,61,63,83,87,88,95,98,102" machi="9" ten="40,5200,0" yaku="1,1,8,1,54,1,53,0" doraHai="18" doraHaiUra="52" who="2" fromWho="3" sc="434,0,31,0,340,68,185,-58" owari="434,53.4,31,-46.9,408,20.8,127,-27.3" /></mjloggm>