<mjloggm ver="2.3"><GO type="169" lobby="0"/><UN n0="%E3%83%8F%E5%B4%8E%E7%9C%9F%E6%82%9F" n1="%E3%83%A9%E3%83%B3%E3%82%B9%E3%83%AD%E3%83%83%E3%83%88" n2="%E4%B8%8B%E9%AB%98%E5%A4%AA%E9%83%8E" n3="%E3%81%8B%E3%82%81%E3%81%98%E3%82%8D%E3%81%86" dan="17,16,16,16" rate="2230.90,2104.46,2126.29,2092.96" sx="M,M,M,M"/><TAIKYOKU oya="0"/><INIT seed="0,0,0,2,0,23" ten="250,250,250,250" oya="0" hai0="74,116,125,60,95,105,77,53,114,8,64,132,113" hai1="94,126,131,28,27,10,111,115,21,102,106,79,135" hai2="15,90,104,72,59,40,81,34,80,85,123,119,70" hai3="43,87,97,75,73,58,78,14,12,91,133,66,22"/><T24/><D116/><U36/><E111/><V11/><F70/><W112/><G112/><T84/><D105/><U83/><E115/><V96/><F34/><W108/><G108/><T35/><D125/><U62/><E131/><V2/><F123/><W48/><G133/><T54/><D132/><U134/><E106/><V46/><F59/><W56/><G97/><T117/><D117/><U26/><E36/><V122/><F122/><W99/><G99/><T57/><D74/><U9/><E126/><V38/><F96/><W88/><G66/><T65/><D65/><U30/><E102/><V4/><F104/><W37/><G37/><T69/><D53/><U130/><E130/><V124/><F124/><W50/><G22/><T32/><D8/><U100/><E100/><V52/><F52/><W61/><G87/><T0/><D0/><U71/><E94/><V92/><F119/><W7/><G7/><T13/><D13/><U121/><E121/><V6/><F72/><W1/><G78/><T49/><D35/><U29/><E135/><V5/><F2/><W93/><G93/><T20/><D32/><U120/><E120/><V16/><AGARI ba="0,0" hai="4,5,6,11,15,16,38,40,46,80,81,85,90,92" machi="16" ten="30,2000,0" yaku="0,1,54,1" doraHai="23" who="2" fromWho="2" sc="250,-10,250,-5,250,20,250,-5" /><INIT seed="1,0,0,5,5,106" ten="240,245,270,245" oya="1" hai0="58,130,52,98,92,110,9,16,99,46,17,31,107" hai1="108,105,81,78,86,109,25,59,121,67,45,34,55" hai2="2,133,39,20,40,42,44,82,64,8,47,80,125" hai3="12,37,101,115,111,49,69,7,24,96,103,97,35"/><U118/><E118/><V54/><F133/><W114/><G37/><T73/><D110/><N who="1" m="42603" /><E121/><V18/><F125/><W79/><G111/><T120/><D130/><U6/><E105/><V19/><F64/><W4/><G69/><T77/><D31/><U13/><E67/><V128/><F54/><W71/><G71/><T134/><D134/><U66/><E66/><V126/><F128/><W1/><G49/><T70/><D46/><U112/><E45/><V27/><F126/><W11/><G79/><T88/><D70/><U91/><E112/><V60/><F60/><W135/><G135/><T0/><D0/><U89/><E34/><V5/><REACH who="2" step="1"/><F19/><REACH who="2" ten="240,245,260,245" step="2"/><W22/><G115/><T83/><D120/><U74/><E55/><V61/><F61/><W53/><G53/><T119/><D119/><U93/><E59/><V131/><F131/><W15/><G114/><T75/><D17/><U95/><E6/><V3/><F3/><W65/><G7/><T117/><D117/><U90/><E13/><V68/><F68/><W28/><G65/><T87/><D16/><U50/><E25/><V33/><F33/><W30/><G15/><T51/><REACH who="0" step="1"/><D9/><REACH who="0" ten="230,245,260,245" step="2"/><U57/><E57/><V76/><F76/><W122/><G122/><T21/><D21/><U104/><E50/><AGARI ba="0,2" hai="2,5,8,18,20,27,39,40,42,44,47,50,80,82" machi="50" ten="30,2000,0" yaku="1,1,7,1,53,0" doraHai="106" doraHaiUra="72" who="2" fromWho="1" sc="230,0,245,-20,260,40,245,0" /><INIT seed="2,0,0,3,0,108" ten="230,225,300,245" oya="2" hai0="129,95,84,110,16,33,56,82,32,30,113,5,7" hai1="124,96,116,126,112,132,69,0,121,24,38,62,100" hai2="74,109,49,3,107,20,53,117,39,104,123,131,70" hai3="57,4,25,114,35,10,17,29,41,44,86,77,92"/><V94/><RYUUKYOKU type="yao9" ba="0,0" sc="230,0,225,0,300,0,245,0" hai2="3,20,39,49,53,70,74,94,104,107,109,117,123,131" /><INIT seed="2,1,0,5,0,104" ten="230,225,300,245" oya="2" hai0="119,59,135,107,28,52,14,33,9,99,63,76,31" hai1="85,42,51,38,34,101,67,97,92,54,3,71,131" hai2="27,88,105,37,128,106,7,12,24,25,83,41,70" hai3="94,29,80,109,4,79,0,73,121,36,86,102,30"/><V18/><F128/><W58/><G121/><T115/><D115/><U75/><E131/><V78/><F70/><W77/><G109/><T84/><D135/><U57/><E34/><V111/><F111/><W87/><G58/><T32/><D119/><U47/><E3/><V126/><F126/><W113/><G113/><T108/><D33/><U13/><E13/><V81/><F7/><W100/><G36/><T46/><D32/><U22/><E22/><V120/><F120/><W48/><G48/><T21/><D21/><U130/><E85/><V64/><F64/><W61/><G61/><T43/><D107/><U122/><E122/><V93/><F41/><W72/><G4/><T114/><D99/><U53/><E53/><V123/><F37/><W6/><G6/><N who="0" m="3383" /><D114/><U95/><E130/><V129/><F129/><W69/><G69/><T117/><D117/><U50/><E50/><V8/><F83/><W89/><G0/><T26/><D26/><U44/><E44/><V124/><F124/><W133/><G133/><T20/><D20/><U45/><E45/><V19/><F19/><W35/><G35/><T112/><D112/><U74/><E92/><V60/><F60/><AGARI ba="1,0" hai="38,42,47,51,54,57,60,67,71,74,75,95,97,101" machi="60" ten="40,8000,1" yaku="24,2,52,2" doraHai="104" who="1" fromWho="2" sc="230,0,225,83,300,-83,245,0" /><INIT seed="3,0,0,0,5,8" ten="230,308,217,245" oya="3" hai0="124,135,100,42,2,90,112,82,88,27,64,1,118" hai1="5,115,20,18,111,98,4,61,59,35,47,46,81" hai2="63,76,110,79,97,99,113,40,72,58,24,78,30" hai3="36,104,86,74,44,21,109,87,3,7,38,0,12"/><W41/><G104/><T10/><D118/><U34/><E115/><V11/><F110/><W131/><G131/><T23/><D112/><U126/><E111/><V15/><F40/><W33/><G109/><T96/><D135/><U127/><E81/><V14/><F72/><W108/><G108/><T29/><D124/><N who="1" m="47659" /><E98/><V89/><F113/><W101/><G33/><N who="1" m="12298" /><E46/><V17/><F24/><W65/><G101/><T125/><D125/><U71/><E47/><V103/><F30/><W116/><G116/><T119/><D42/><U48/><E48/><V107/><F97/><W52/><G65/><T91/><D119/><U132/><E71/><V105/><F89/><W85/><G38/><T32/><D32/><U94/><E94/><V55/><F107/><W70/><G74/><T75/><D64/><N who="1" m="38975" /><E132/><V121/><F121/><W28/><G70/><T57/><D57/><U130/><E130/><V122/><F122/><W84/><N who="3" m="21504" /><DORA hai="49" /><W92/><G92/><T60/><D60/><U6/><E6/><V80/><F80/><W69/><G69/><T106/><REACH who="0" step="1"/><D10/><REACH who="0" ten="220,308,217,245" step="2"/><U133/><E133/><V22/><F79/><AGARI ba="0,1" hai="1,2,23,27,29,75,79,82,88,90,91,96,100,106" machi="79" ten="40,8000,1" yaku="1,1,2,1,54,1,53,1" doraHai="8,49" doraHaiUra="37,73" who="0" fromWho="2" sc="220,90,308,0,217,-80,245,0" /><INIT seed="4,0,0,2,2,119" ten="310,308,137,245" oya="0" hai0="126,17,67,83,77,33,7,82,35,2,73,94,88" hai1="29,68,15,134,107,37,23,128,60,39,106,95,66" hai2="40,90,112,132,41,99,97,19,100,24,135,34,55" hai3="65,32,12,80,123,20,22,38,115,11,50,31,105"/><T125/><D67/><U54/><E128/><V1/><F1/><W5/><G38/><T28/><D82/><U118/><E118/><V4/><F4/><W70/><G105/><T110/><D17/><U127/><E127/><N who="0" m="48649" /><D28/><U61/><E134/><V103/><F19/><W124/><G124/><T25/><D25/><U102/><E15/><V130/><F24/><W87/><G115/><T45/><D45/><U47/><E95/><V74/><F112/><W92/><G92/><T64/><D64/><U86/><E86/><V81/><F74/><W79/><G32/><T27/><D27/><U111/><E23/><V62/><F81/><W52/><G31/><T59/><D59/><U21/><E21/><V91/><F34/><W69/><G65/><T53/><D53/><U30/><E66/><V84/><F84/><W8/><G8/><N who="0" m="2167" /><D110/><U26/><E26/><V89/><F55/><W76/><G76/><T0/><D0/><U78/><E78/><V71/><F71/><W57/><G70/><T113/><D113/><U10/><E68/><V58/><F58/><W121/><G69/><T75/><D75/><U14/><E54/><V114/><F114/><W18/><REACH who="3" step="1"/><G22/><REACH who="3" ten="310,308,137,235" step="2"/><T9/><D9/><U42/><E10/><V131/><F62/><W6/><G6/><T85/><AGARI ba="0,1" hai="33,35,73,77,83,85,88,94" m="2167,48649" machi="85" ten="30,3000,0" yaku="18,1,54,1" doraHai="119" who="0" fromWho="0" sc="310,40,308,-10,137,-10,235,-10" /><INIT seed="4,1,0,0,0,92" ten="350,298,127,225" oya="0" hai0="52,101,73,90,18,36,72,29,48,86,6,89,79" hai1="47,63,38,61,56,26,105,23,28,43,7,78,109" hai2="114,66,33,3,40,121,132,94,85,1,126,62,53" hai3="42,125,96,24,35,80,10,100,107,116,39,81,60"/><T27/><D36/><U111/><E105/><V84/><F121/><W70/><G116/><T0/><D18/><U117/><E117/><V5/><F33/><W13/><G125/><T133/><D133/><U50/><E7/><V12/><F126/><W82/><G39/><T83/><D101/><U15/><E15/><V91/><F40/><W20/><G42/><T44/><D89/><U102/><E102/><V93/><F53/><W9/><G13/><T135/><D135/><U4/><E4/><V115/><F132/><W65/><G20/><T37/><D37/><U131/><E131/><V68/><F12/><W106/><G106/><T127/><D127/><U45/><E78/><V119/><F119/><W88/><G88/><T25/><D25/><U41/><REACH who="1" step="1"/><E63/><REACH who="1" ten="350,288,127,225" step="2"/><V75/><F5/><W32/><G32/><T113/><D79/><U17/><E17/><V74/><F62/><W59/><REACH who="3" step="1"/><G70/><REACH who="3" ten="350,288,127,215" step="2"/><T16/><D90/><U64/><AGARI ba="1,2" hai="23,26,28,38,41,43,45,47,50,56,61,64,109,111" machi="64" ten="20,2700,0" yaku="1,1,0,1,7,1,53,0" doraHai="92" doraHaiUra="104" who="1" fromWho="1" sc="350,-14,288,50,127,-8,215,-8" /><INIT seed="5,0,0,2,5,116" ten="336,338,119,207" oya="1" hai0="60,34,27,94,124,26,131,85,93,84,28,63,64" hai1="41,17,25,74,9,80,68,129,20,122,92,59,75" hai2="132,109,54,106,16,120,95,78,121,6,62,61,79" hai3="4,45,2,130,43,23,58,103,82,97,22,108,135"/><U90/><E68/><V29/><F106/><W133/><G108/><T0/><D0/><U86/><E129/><V39/><F109/><W21/><G130/><T12/><D131/><U73/><E41/><V18/><F39/><W76/><G58/><T31/><D124/><U125/><E125/><V66/><F6/><W42/><G42/><T100/><D12/><U38/><E38/><V47/><F29/><W69/><G69/><T96/><D93/><U5/><E59/><V72/><F132/><W8/><G97/><T115/><D115/><U91/><E122/><V117/><F117/><W123/><G103/><T128/><D63/><U46/><E46/><V11/><F95/><W19/><G123/><T40/><D40/><U65/><E65/><V52/><F47/><W104/><G19/><T30/><D30/><U111/><E111/><V113/><F11/><W13/><G104/><T102/><D102/><U48/><E48/><V36/><F36/><W107/><G107/><T83/><D83/><U114/><E114/><V110/><F110/><W15/><G15/><T37/><D37/><U67/><E67/><V87/><F87/><N who="3" m="48583" /><G2/><T70/><REACH who="0" step="1"/><D128/><REACH who="0" ten="326,338,119,207" step="2"/><U126/><E126/><V56/><F66/><W99/><G135/><T10/><D10/><U88/><REACH who="1" step="1"/><E92/><REACH who="1" ten="326,328,119,207" step="2"/><V118/><F118/><W119/><G119/><T98/><D98/><U101/><E101/><V71/><F71/><W32/><G133/><T50/><D50/><U24/><E24/><V55/><F55/><W57/><G99/><T3/><D3/><AGARI ba="0,2" hai="3,5,9,17,20,25,73,74,75,80,86,88,90,91" machi="3" ten="40,3900,0" yaku="1,1,54,1,53,0" doraHai="116" doraHaiUra="49" who="1" fromWho="0" sc="326,-39,328,59,119,0,207,0" /><INIT seed="5,1,0,3,1,127" ten="287,387,119,207" oya="1" hai0="29,77,82,103,95,51,97,125,66,60,81,74,11" hai1="41,85,70,22,129,80,118,111,88,7,126,73,12" hai2="62,64,79,39,93,36,86,27,89,121,112,63,48" hai3="106,18,57,0,9,96,1,17,132,28,68,13,47"/><U69/><E118/><V122/><F36/><W119/><G68/><T55/><D125/><U114/><E114/><V50/><F39/><W53/><G119/><T104/><D11/><U83/><E126/><V24/><F112/><W59/><G132/><T46/><D81/><U34/><E34/><V19/><F122/><W4/><G47/><T15/><D15/><U6/><E41/><V113/><F113/><W101/><G57/><T98/><D29/><U30/><E30/><V90/><F79/><W124/><G124/><T49/><D49/><U76/><E111/><V45/><F121/><W100/><G100/><T110/><D110/><U25/><E25/><V71/><F63/><W14/><G28/><T115/><D115/><U107/><E107/><V8/><F50/><W91/><G91/><T54/><D54/><U58/><E58/><V92/><F8/><W130/><G4/><T87/><D97/><U38/><E38/><V33/><F19/><W52/><G53/><T40/><D55/><U44/><E44/><V16/><F16/><W31/><G31/><T10/><D10/><U128/><E22/><V42/><REACH who="2" step="1"/><F33/><REACH who="2" ten="287,387,109,207" step="2"/><W3/><G18/><T67/><D60/><U5/><E12/><V84/><AGARI ba="1,1" hai="24,27,42,45,48,62,64,71,84,86,89,90,92,93" machi="84" ten="20,8000,1" yaku="1,1,2,1,0,1,7,1,9,1,53,0" doraHai="127" doraHaiUra="2" who="2" fromWho="2" sc="287,-21,387,-41,109,93,207,-21" /><INIT seed="6,0,0,5,1,91" ten="266,346,202,186" oya="2" hai0="43,65,44,39,135,108,90,16,74,35,123,87,57" hai1="56,107,11,14,51,99,126,1,15,71,79,86,120" hai2="47,124,7,17,94,66,97,110,45,63,114,13,101" hai3="21,8,33,88,12,83,73,100,4,106,116,61,40"/><V59/><F114/><W22/><G116/><T53/><D108/><U54/><E120/><V29/><F124/><W132/><G33/><T96/><D74/><U80/><E71/><V41/><F110/><W111/><G111/><T28/><D123/><U92/><E107/><V9/><F29/><W25/><G132/><T105/><D65/><U109/><E109/><V6/><REACH who="2" step="1"/><F47/><REACH who="2" ten="266,346,192,186" step="2"/><W70/><G40/><T95/><D28/><U115/><E115/><V72/><F72/><W82/><G73/><T85/><D135/><U78/><E126/><V5/><F5/><W129/><G4/><T122/><D122/><U58/><E1/><V46/><F46/><W102/><G129/><T62/><D35/><U131/><E131/><V64/><F64/><W48/><G106/><T50/><D105/><U36/><E36/><AGARI ba="0,1" hai="6,7,9,13,17,36,41,45,59,63,66,94,97,101" machi="36" ten="30,5800,0" yaku="1,1,7,1,52,1,53,0" doraHai="91" doraHaiUra="76" who="2" fromWho="1" sc="266,0,346,-58,192,68,186,0" /><INIT seed="6,1,0,0,0,102" ten="266,288,260,186" oya="2" hai0="128,109,12,130,44,68,56,57,116,4,35,80,73" hai1="37,61,85,51,131,69,97,50,108,36,89,99,30" hai2="48,9,16,21,106,10,8,86,23,58,25,67,1" hai3="87,75,33,38,28,11,7,20,98,24,72,19,64"/><V90/><F106/><W83/><G38/><T53/><D35/><U126/><E108/><V15/><F1/><W121/><G121/><T41/><D109/><U103/><E126/><V5/><F23/><W101/><G64/><T45/><D73/><U78/><E78/><V49/><F49/><W59/><G59/><T122/><D80/><U65/><E30/><V66/><F67/><W3/><G87/><T6/><D12/><U95/><E99/><V70/><F70/><W55/><G55/><T42/><D53/><U100/><E100/><V84/><F84/><W27/><REACH who="3" step="1"/><G83/><REACH who="3" ten="266,288,260,176" step="2"/><T2/><D122/><U133/><E36/><V62/><F48/><W31/><G31/><T82/><D82/><AGARI ba="1,1" hai="5,8,9,10,15,16,21,25,58,62,66,82,86,90" machi="82" ten="30,5800,0" yaku="7,1,8,1,54,1" doraHai="102" who="2" fromWho="0" sc="266,-61,288,0,260,71,176,0" /><INIT seed="6,2,0,2,0,19" ten="205,288,331,176" oya="2" hai0="21,107,74,102,28,52,50,51,109,79,16,75,99" hai1="120,25,104,126,119,27,24,56,81,84,76,130,66" hai2="116,118,61,127,40,3,1,77,23,45,2,17,35" hai3="30,55,97,5,65,108,110,98,31,34,114,18,96"/><V10/><F35/><W48/><G5/><T49/><D109/><U135/><E119/><V113/><F113/><W53/><G65/><T64/><D64/><U33/><E126/><V122/><F127/><W44/><G114/><T26/><D79/><U46/><E130/><V123/><F61/><W117/><G117/><N who="2" m="45161" /><F45/><W103/><G103/><T32/><REACH who="0" step="1"/><D52/><REACH who="0" ten="195,288,331,176" step="2"/><U80/><E66/><V125/><F77/><W67/><G67/><T13/><AGARI ba="2,1" hai="13,16,21,26,28,32,49,50,51,74,75,99,102,107" machi="13" ten="30,12000,2" yaku="1,1,2,1,0,1,52,1,54,1,53,1" doraHai="19" doraHaiUra="92" who="0" fromWho="0" sc="195,136,288,-32,331,-62,176,-32" /><INIT seed="7,0,0,5,2,111" ten="331,256,269,144" oya="3" hai0="37,64,87,40,104,76,110,125,21,70,130,79,13" hai1="60,132,100,115,17,134,98,84,49,122,95,128,88" hai2="74,22,90,31,69,38,66,109,97,59,27,52,108" hai3="85,99,120,9,10,20,39,117,48,71,107,135,1"/><W106/><G117/><T54/><D104/><U63/><E122/><V75/><F38/><W68/><G120/><T131/><D110/><U19/><E128/><V121/><F121/><W61/><G39/><T91/><D54/><U57/><E49/><V80/><F109/><W56/><G135/><N who="1" m="51754" /><E115/><V46/><F46/><W26/><G85/><T72/><D13/><U73/><E73/><V24/><F108/><W102/><G107/><T28/><D21/><U44/><E44/><V114/><F114/><W23/><G48/><T18/><D18/><N who="1" m="6667" /><E57/><V41/><F41/><W94/><G106/><AGARI ba="0,0" hai="60,63,84,88,95,98,100,106" m="6667,51754" machi="106" ten="30,2000,0" yaku="20,1,54,1" doraHai="111" who="1" fromWho="3" sc="331,0,256,20,269,0,144,-20" owari="331,43.1,276,7.6,269,-13.1,124,-37.6" /></mjloggm>