<mjloggm ver="2.3"><GO type="169" lobby="0"/><UN n0="%E4%B9%9D%E5%B0%BE%E3%81%AE%E3%83%8D%E3%82%B3" n1="%69%50%68%6F%6E%65%31" n2="%E5%B0%8F%E6%B1%A0%E7%BE%8E%E6%B3%A2%E2%8A%BF" n3="%E3%81%B3%E3%82%8D%E3%81%B4%E3%82%8D" dan="16,16,18,16" rate="2045.09,2138.73,2221.89,2180.53" sx="M,M,M,M"/><TAIKYOKU oya="0"/><INIT seed="0,0,0,0,4,6" ten="250,250,250,250" oya="0" hai0="86,84,63,43,120,67,78,46,68,22,62,94,131" hai1="34,2,42,37,135,99,61,90,73,89,128,13,20" hai2="32,112,41,54,82,111,133,117,100,123,11,71,109" hai3="92,110,101,31,87,3,79,65,47,83,30,116,126"/><T95/><D120/><U104/><E34/><V130/><F100/><W25/><G116/><T29/><D131/><U115/><E2/><V39/><F82/><W27/><G3/><T23/><D63/><U21/><E37/><V106/><F41/><W33/><G110/><T75/><D75/><U45/><E73/><V7/><F54/><W70/><G126/><T91/><D78/><U16/><E128/><V5/><F5/><W49/><G65/><T134/><D134/><U118/><E118/><V76/><F76/><W108/><G108/><T80/><D80/><U28/><E28/><N who="3" m="10794" /><G70/><T15/><D29/><U77/><E77/><V97/><F7/><W85/><G33/><T122/><D122/><U98/><E21/><V114/><F11/><W129/><G129/><T44/><D44/><U57/><E115/><V51/><F51/><W4/><G4/><T121/><D121/><U17/><E17/><V132/><F97/><N who="3" m="59559" /><G87/><T19/><D86/><U74/><E74/><V102/><F102/><W88/><G79/><T58/><D68/><U36/><E135/><V40/><F40/><AGARI ba="0,0" hai="25,27,40,47,49,83,85,88" m="59559,10794" machi="40" ten="30,2000,0" yaku="8,1,54,1" doraHai="6" who="3" fromWho="2" sc="250,0,250,0,250,-20,250,20" /><INIT seed="1,0,0,1,3,80" ten="250,250,230,270" oya="1" hai0="60,131,83,110,120,118,36,78,5,99,24,2,11" hai1="12,85,43,33,21,59,71,125,112,106,47,10,8" hai2="4,111,70,15,6,75,97,114,22,82,132,104,93" hai3="79,122,92,74,105,64,124,45,27,23,68,61,116"/><U58/><E112/><V91/><F70/><W55/><G122/><T130/><D118/><U65/><E33/><V17/><F111/><W30/><G105/><T102/><D120/><U19/><E71/><V62/><F132/><W34/><G116/><T0/><D110/><U46/><E125/><V76/><F114/><W134/><G134/><T73/><D2/><U51/><E106/><V18/><F62/><W107/><G124/><T66/><D36/><U54/><E65/><V7/><F104/><W89/><G107/><T100/><D24/><U41/><E59/><V9/><REACH who="2" step="1"/><F17/><REACH who="2" ten="250,250,220,270" step="2"/><W50/><G68/><T42/><D60/><U72/><E72/><V16/><F16/><W113/><G61/><T3/><D73/><U49/><REACH who="1" step="1"/><E85/><REACH who="1" ten="250,240,220,270" step="2"/><V121/><F121/><W39/><G74/><T32/><D66/><U69/><E69/><V84/><F84/><W108/><G64/><T48/><D130/><U14/><E14/><AGARI ba="0,2" hai="4,6,7,9,14,15,18,22,75,76,82,91,93,97" machi="14" ten="30,2000,0" yaku="1,1,7,1,53,0" doraHai="80" doraHaiUra="128" who="2" fromWho="1" sc="250,0,240,-20,220,40,270,0" /><INIT seed="2,0,0,5,3,68" ten="250,220,260,270" oya="2" hai0="131,97,8,7,74,64,43,32,103,101,20,98,39" hai1="92,50,88,114,81,13,26,89,122,93,51,15,96" hai2="42,126,0,127,84,63,40,24,115,71,121,41,83" hai3="52,11,29,23,46,55,58,91,108,62,16,102,86"/><V111/><F115/><W60/><G108/><T48/><D74/><U14/><E114/><V87/><F121/><W12/><G102/><T27/><D32/><U35/><E122/><V1/><F111/><W65/><G60/><T70/><D131/><U3/><E3/><N who="2" m="1099" /><F24/><N who="3" m="16543" /><G46/><T75/><D75/><U44/><E35/><V72/><F72/><W61/><G61/><T128/><D128/><U132/><E132/><V99/><F99/><W118/><G118/><T36/><D27/><U9/><E26/><V33/><F33/><W67/><G67/><T69/><D64/><U18/><E81/><AGARI ba="0,0" hai="11,12,16,52,55,58,62,65,81,86,91" m="16543" machi="81" ten="30,3900,0" yaku="8,1,54,2" doraHai="68" who="3" fromWho="1" sc="250,0,220,-39,260,0,270,39" /><INIT seed="3,0,0,0,2,36" ten="250,181,260,309" oya="3" hai0="98,21,39,50,52,95,102,15,131,82,17,6,68" hai1="26,78,67,125,27,13,7,112,70,133,34,4,40" hai2="105,75,63,43,56,76,30,119,97,128,3,129,127" hai3="54,124,66,121,80,11,1,73,8,2,74,41,108"/><W33/><G121/><T12/><D68/><U37/><E112/><V120/><F119/><W32/><G66/><T20/><D131/><U77/><E34/><V130/><F3/><W57/><G57/><T71/><D71/><U48/><E37/><V122/><F30/><W16/><G54/><T109/><D109/><U134/><E13/><V114/><F75/><W35/><G80/><T29/><D39/><U62/><E70/><V103/><F76/><W22/><G73/><T84/><D29/><U79/><E79/><V101/><F114/><W115/><G74/><T53/><D50/><U123/><E48/><V87/><F87/><W65/><G65/><T45/><D45/><U47/><E125/><V64/><F127/><W94/><G124/><T91/><D6/><U88/><E88/><V9/><F9/><N who="3" m="3659" /><G41/><T24/><D24/><U104/><E67/><V96/><REACH who="2" step="1"/><F43/><REACH who="2" ten="250,181,250,309" step="2"/><W116/><G115/><T60/><D60/><U51/><E40/><V28/><F28/><W117/><G108/><T38/><D38/><U0/><E62/><V42/><F42/><W85/><G85/><T55/><D55/><U92/><E51/><V10/><F10/><W46/><G46/><T5/><D5/><U23/><E7/><V107/><AGARI ba="0,1" hai="56,63,64,96,97,101,103,105,107,120,122,128,129,130" machi="107" ten="40,12000,2" yaku="1,1,0,1,9,1,19,1,53,2" doraHai="36" doraHaiUra="100" who="2" fromWho="2" sc="250,-30,181,-30,250,130,309,-60" /><INIT seed="4,0,0,4,5,4" ten="220,151,380,249" oya="0" hai0="95,28,70,121,12,44,99,81,64,73,54,10,51" hai1="59,33,50,87,104,30,46,24,124,18,65,31,74" hai2="48,133,69,36,67,71,52,114,77,113,119,21,103" hai3="49,2,47,135,92,83,9,101,84,106,43,116,82"/><T68/><D121/><U89/><E74/><V26/><F77/><W102/><G116/><T126/><D126/><U55/><E104/><V93/><F119/><W45/><G135/><T79/><D28/><U98/><E124/><V90/><F103/><W3/><G106/><T42/><D64/><U56/><E31/><V13/><F36/><W72/><G72/><T75/><D75/><U60/><E18/><V6/><F133/><W19/><G19/><T129/><D54/><U123/><E98/><V15/><F67/><W130/><G130/><T125/><D125/><U88/><E123/><V108/><F108/><W38/><G92/><T112/><D112/><N who="2" m="43114" /><F6/><W40/><G83/><T109/><D109/><U128/><E128/><V91/><F91/><W76/><REACH who="3" step="1"/><G2/><REACH who="3" ten="220,151,380,239" step="2"/><T61/><D129/><U115/><E115/><V134/><F134/><W34/><G34/><T23/><D23/><U35/><E35/><V20/><F20/><W37/><G37/><T117/><D117/><U107/><E107/><V32/><F32/><W41/><G41/><T17/><REACH who="0" step="1"/><D61/><REACH who="0" ten="210,151,380,239" step="2"/><U62/><REACH who="1" step="1"/><E87/><REACH who="1" ten="210,141,380,239" step="2"/><N who="2" m="52447" /><F21/><W7/><AGARI ba="0,3" hai="3,7,9,38,40,43,45,47,49,76,82,84,101,102" machi="7" ten="30,4000,0" yaku="1,1,0,1,52,1,53,0" doraHai="4" doraHaiUra="85" who="3" fromWho="3" sc="210,-20,141,-10,380,-10,239,70" /><INIT seed="5,0,0,3,4,47" ten="190,131,370,309" oya="1" hai0="87,16,63,99,95,45,54,94,98,41,129,31,126" hai1="93,113,46,78,112,21,75,5,131,97,100,3,80" hai2="135,53,15,25,67,13,9,7,92,28,120,79,12" hai3="127,10,6,114,55,43,57,29,1,42,101,62,103"/><U30/><E131/><V32/><F120/><W130/><G114/><T107/><D126/><U27/><E5/><V82/><F135/><W38/><G130/><T118/><D118/><U19/><E3/><V69/><F69/><W84/><G127/><T125/><D125/><U88/><E46/><V60/><F92/><W58/><G29/><T66/><D129/><U39/><E39/><V81/><F81/><W116/><G116/><T111/><D111/><U128/><E128/><V85/><F53/><W37/><G37/><T102/><D54/><U83/><E83/><V20/><F32/><W23/><G23/><T122/><D122/><U40/><E40/><V36/><F36/><W72/><G72/><T11/><D31/><U24/><REACH who="1" step="1"/><E100/><REACH who="1" ten="190,121,370,309" step="2"/><V26/><F7/><W76/><G38/><T115/><D115/><U8/><E8/><V70/><F9/><W86/><G43/><T71/><D87/><U91/><E91/><V17/><F85/><W65/><G42/><T0/><D0/><U110/><E110/><V106/><F82/><W74/><G86/><T117/><D117/><U73/><E73/><V105/><F79/><W4/><G4/><T48/><D99/><U56/><E56/><V90/><F90/><W49/><G74/><T22/><D11/><U108/><E108/><V89/><F89/><W68/><G58/><T61/><D61/><U33/><AGARI ba="0,1" hai="19,21,24,27,30,33,75,78,80,88,93,97,112,113" machi="33" ten="30,6000,0" yaku="1,1,0,1,54,1,53,0" doraHai="47" doraHaiUra="119" who="1" fromWho="1" sc="190,-20,121,70,370,-20,309,-20" /><INIT seed="5,1,0,5,0,118" ten="170,191,350,289" oya="1" hai0="114,116,58,123,126,56,25,92,52,68,37,90,70" hai1="72,78,125,111,101,76,13,44,24,71,89,75,42" hai2="113,34,61,84,38,69,124,119,27,40,77,132,82" hai3="59,18,32,43,96,6,95,130,16,87,108,91,33"/><U97/><E71/><V35/><F119/><W85/><G108/><T105/><D116/><U103/><E24/><V115/><F132/><W8/><G130/><T49/><D114/><N who="2" m="43530" /><F124/><W79/><G43/><T31/><D105/><U45/><E13/><V102/><F102/><N who="1" m="38921" /><E45/><N who="2" m="23703" /><F27/><W83/><G96/><T57/><D126/><U104/><E44/><V133/><F133/><W110/><G110/><T55/><D123/><U100/><E42/><V109/><F109/><W86/><G86/><T107/><D107/><U94/><E125/><V39/><F39/><W54/><G32/><T15/><D15/><U11/><E11/><V80/><F80/><W65/><G65/><AGARI ba="1,0" hai="34,35,61,65,69,77,82,84" m="23703,43530" machi="65" ten="30,2000,0" yaku="15,1,11,1" doraHai="118" who="2" fromWho="3" sc="170,0,191,0,350,23,289,-23" /><INIT seed="6,0,0,4,1,8" ten="170,191,373,266" oya="2" hai0="113,57,127,50,126,40,120,7,44,66,35,123,111" hai1="27,125,104,22,5,51,24,0,102,61,23,82,58" hai2="134,4,1,36,69,19,17,49,11,131,75,59,65" hai3="12,63,53,114,15,52,88,37,80,116,115,93,21"/><V96/><F36/><W81/><G116/><T79/><D35/><U34/><E0/><V43/><F75/><W76/><G37/><T84/><D7/><U109/><E109/><V135/><F131/><W31/><G31/><T6/><D6/><U3/><E3/><V29/><F69/><W71/><G21/><T62/><D79/><U118/><E34/><V112/><F112/><N who="3" m="43051" /><G71/><T39/><D84/><U41/><E118/><V47/><F29/><W26/><G26/><T46/><D111/><U101/><E5/><V77/><F77/><W20/><G20/><T42/><REACH who="0" step="1"/><D113/><REACH who="0" ten="160,191,373,266" step="2"/><U10/><E125/><AGARI ba="0,1" hai="39,40,42,44,46,50,57,62,66,120,123,125,126,127" machi="125" ten="40,12000,2" yaku="1,1,2,1,18,1,34,3,53,0" doraHai="8" doraHaiUra="86" who="0" fromWho="1" sc="160,130,191,-120,373,0,266,0" /><INIT seed="7,0,0,5,1,96" ten="290,71,373,266" oya="3" hai0="66,78,39,86,17,29,54,106,72,111,101,4,74" hai1="127,43,42,135,6,130,3,109,91,68,100,57,67" hai2="62,19,10,0,52,25,108,80,90,34,44,120,36" hai3="11,20,134,35,92,61,56,38,53,15,82,27,98"/><W7/><G134/><T5/><D111/><U45/><E68/><V49/><F108/><W85/><G38/><T9/><D39/><U40/><E6/><V114/><F36/><W37/><G37/><T132/><D132/><U60/><E3/><V131/><F34/><W117/><G117/><T129/><D129/><U94/><E109/><V51/><F0/><W2/><G35/><T116/><D116/><U23/><E130/><V22/><F131/><W110/><G110/><T95/><D66/><U41/><E135/><V55/><F114/><W118/><G118/><T87/><D54/><U93/><E127/><V31/><F62/><W65/><G2/><T123/><D123/><U76/><E76/><V30/><F10/><W125/><G125/><T28/><D17/><U112/><E112/><V46/><F120/><W89/><G65/><T79/><D9/><U103/><N who="1" m="10240" /><DORA hai="104" /><U26/><E45/><V84/><AGARI ba="0,0" hai="19,22,25,30,31,44,46,49,51,52,55,80,84,90" machi="84" ten="30,7900,0" yaku="0,1,9,1,8,1,54,1" doraHai="96,104" who="2" fromWho="2" sc="290,-20,71,-20,373,79,266,-39" owari="270,7.0,51,-44.9,452,55.2,227,-17.3" /></mjloggm>