<mjloggm ver="2.3"><GO type="169" lobby="0"/><UN n0="%E3%83%90%E3%82%AD" n1="%6B%61%74%65%72%69%6E%61" n2="%33%37%E6%82%A0%E4%B8%80" n3="%31%38%63%6D%E7%AB%8B%E7%9B%B4%E6%A3%92" dan="16,17,17,16" rate="2116.55,2182.33,2174.68,2145.77" sx="M,M,M,M"/><TAIKYOKU oya="0"/><INIT seed="0,0,0,2,5,80" ten="250,250,250,250" oya="0" hai0="125,15,117,74,57,60,41,54,1,0,88,132,33" hai1="34,81,55,99,31,36,24,39,121,28,102,16,63" hai2="93,18,40,100,70,128,122,133,43,73,21,37,119" hai3="87,11,101,61,104,75,65,46,109,48,97,30,22"/><T126/><D117/><U113/><E121/><V17/><F73/><W108/><G75/><T77/><D33/><U12/><E113/><V127/><F70/><W106/><G11/><T67/><D132/><U35/><E81/><V95/><F122/><W9/><G9/><T124/><D41/><U107/><E31/><V52/><F37/><W26/><G106/><T20/><D77/><U83/><E35/><V98/><F128/><W114/><G114/><T51/><D74/><U47/><E83/><V134/><F119/><W86/><G108/><T69/><REACH who="0" step="1"/><D88/><REACH who="0" ten="240,250,250,250" step="2"/><U129/><E129/><V79/><F79/><W92/><G109/><T103/><D103/><U89/><E89/><V123/><F123/><W131/><G131/><T58/><D58/><U44/><E44/><V19/><F127/><W49/><G104/><T68/><D68/><U59/><REACH who="1" step="1"/><E47/><REACH who="1" ten="240,240,250,250" step="2"/><V32/><F32/><W7/><G46/><T38/><D38/><U71/><E71/><V110/><F110/><W25/><G101/><T78/><D78/><U130/><E130/><V62/><F134/><W116/><G116/><T6/><D6/><U111/><E111/><V42/><F133/><W90/><G7/><T76/><D76/><U4/><E4/><V105/><F105/><W66/><G66/><T53/><D53/><U27/><E27/><N who="2" m="14767" /><F95/><W50/><G26/><T45/><D45/><U10/><AGARI ba="0,2" hai="10,12,16,24,28,34,36,39,55,59,63,99,102,107" machi="10" ten="20,5200,0" yaku="1,1,0,1,7,1,54,1,53,0" doraHai="80" doraHaiUra="84" who="1" fromWho="1" sc="240,-26,240,72,250,-13,250,-13" /><INIT seed="1,0,0,2,5,75" ten="214,312,237,237" oya="1" hai0="13,111,88,117,91,72,52,98,22,122,46,24,89" hai1="87,38,55,39,84,61,127,43,115,67,7,36,130" hai2="56,15,100,8,99,37,69,9,40,96,71,123,119" hai3="121,94,1,70,66,29,33,93,48,78,110,63,113"/><U3/><E115/><V81/><F123/><W31/><G113/><T74/><D117/><U32/><E32/><V129/><F129/><W53/><G121/><T4/><D122/><U86/><E130/><V132/><F119/><W54/><G1/><T14/><D111/><U114/><E114/><V62/><F132/><W135/><G135/><T83/><D98/><U80/><E127/><V107/><F40/><W44/><G110/><T30/><D4/><U17/><E55/><V120/><F37/><W58/><G31/><T60/><D74/><U10/><E17/><V57/><F57/><W108/><G108/><T19/><D60/><U131/><E131/><V18/><F120/><W41/><G54/><T65/><D65/><U49/><E49/><V105/><F9/><W64/><G64/><T104/><D104/><U109/><E109/><V6/><F18/><W26/><REACH who="3" step="1"/><G78/><REACH who="3" ten="214,312,237,227" step="2"/><T82/><D30/><U90/><REACH who="1" step="1"/><E43/><REACH who="1" ten="214,302,237,227" step="2"/><V23/><F105/><W134/><G134/><T2/><D52/><U95/><E95/><V118/><F118/><W68/><G68/><AGARI ba="0,2" hai="3,7,10,36,38,39,61,67,68,80,84,86,87,90" machi="68" ten="40,2000,0" yaku="1,1,53,0" doraHai="75" doraHaiUra="97" who="1" fromWho="3" sc="214,0,302,40,237,0,227,-20" /><INIT seed="1,1,0,1,1,88" ten="214,342,237,207" oya="1" hai0="97,99,41,47,53,42,5,134,106,34,50,61,58" hai1="45,81,125,30,71,105,76,37,113,86,135,55,131" hai2="46,0,73,83,48,75,120,69,79,21,57,24,117" hai3="109,128,56,66,67,102,118,121,9,126,25,94,14"/><U23/><E113/><V28/><F120/><W124/><G121/><T103/><D134/><U29/><E125/><V87/><F117/><W112/><G112/><T33/><D5/><U114/><E114/><V15/><F0/><W98/><G118/><T132/><D132/><U95/><E105/><V44/><F69/><W127/><G109/><T4/><D4/><U38/><E135/><V65/><F65/><W26/><G128/><T77/><D77/><U122/><E122/><V52/><F75/><W11/><G11/><T10/><D10/><U12/><E131/><V63/><F73/><W1/><G1/><T20/><D41/><U72/><E71/><V16/><REACH who="2" step="1"/><F63/><REACH who="2" ten="214,342,227,207" step="2"/><N who="3" m="38247" /><G67/><T133/><D133/><U3/><E3/><V129/><F129/><W84/><G84/><T107/><D20/><AGARI ba="1,1" hai="15,16,20,21,24,28,44,46,48,52,57,79,83,87" machi="20" ten="30,8000,1" yaku="1,1,7,1,8,1,54,2,53,0" doraHai="88" doraHaiUra="91" who="2" fromWho="0" sc="214,-83,342,0,227,93,207,0" /><INIT seed="2,0,0,0,1,84" ten="131,342,320,207" oya="2" hai0="100,81,111,2,110,9,99,38,41,123,5,126,50" hai1="119,22,18,104,65,36,19,96,120,34,24,98,107" hai2="79,74,55,44,93,11,53,102,115,77,66,52,113" hai3="106,7,129,86,108,109,47,21,71,122,127,67,135"/><V87/><F74/><W117/><G86/><T49/><D123/><U28/><E119/><V133/><F133/><W46/><G21/><T72/><D126/><U58/><E36/><V75/><F75/><W39/><G7/><T70/><D70/><U33/><E120/><V103/><F66/><W130/><G67/><T89/><D50/><U0/><E0/><V45/><F11/><W85/><G85/><T40/><D49/><U88/><E34/><V35/><F35/><W124/><G106/><T8/><D8/><U73/><E73/><V26/><F26/><W6/><G6/><T29/><D29/><U61/><E98/><V83/><F93/><W15/><G15/><T42/><D38/><U64/><E64/><V90/><F115/><W14/><G14/><T31/><D31/><U25/><REACH who="1" step="1"/><E19/><REACH who="1" ten="131,332,320,207" step="2"/><V134/><F113/><W1/><G1/><T60/><D72/><U4/><E4/><V132/><F132/><W94/><G122/><T116/><D116/><U125/><E125/><V10/><F134/><W37/><G117/><T62/><D99/><U68/><E68/><V3/><F3/><W92/><G135/><T131/><D5/><U101/><E101/><N who="2" m="38411" /><F10/><W57/><G71/><T54/><D9/><U128/><E128/><V27/><F79/><W76/><G76/><T59/><D2/><U112/><E112/><V121/><F121/><W69/><G69/><T30/><D131/><U95/><AGARI ba="0,1" hai="18,22,24,25,28,33,58,61,65,88,95,96,104,107" machi="95" ten="30,8000,1" yaku="1,1,0,1,52,1,54,1,53,1" doraHai="84" doraHaiUra="91" who="1" fromWho="1" sc="131,-20,332,90,320,-40,207,-20" /><INIT seed="3,0,0,1,2,56" ten="111,422,280,187" oya="3" hai0="35,69,71,91,122,55,58,52,82,50,81,83,84" hai1="132,101,6,119,49,17,96,59,112,121,120,108,16" hai2="64,115,133,10,93,79,37,78,61,126,12,30,106" hai3="103,73,25,66,31,104,20,88,135,105,80,75,53"/><W113/><G113/><T67/><D122/><U46/><E112/><V13/><F37/><W134/><G66/><T24/><D67/><U5/><E119/><V62/><F106/><W7/><G7/><T72/><D72/><U19/><E108/><V14/><F115/><W63/><G73/><T68/><REACH who="0" step="1"/><D55/><REACH who="0" ten="101,422,280,187" step="2"/><N who="1" m="30135" /><E121/><V57/><F126/><W54/><G75/><T34/><D34/><U38/><E120/><V9/><F133/><W11/><G134/><T129/><D129/><U123/><E132/><V40/><F40/><W51/><G135/><T32/><D32/><U77/><E123/><V4/><F30/><AGARI ba="0,1" hai="24,30,35,50,52,58,68,69,71,81,82,83,84,91" machi="30" ten="40,2600,0" yaku="1,1,54,1,53,0" doraHai="56" doraHaiUra="60" who="0" fromWho="2" sc="101,36,422,0,280,-26,187,0" /><INIT seed="4,0,0,1,2,9" ten="137,422,254,187" oya="0" hai0="129,121,97,33,122,104,55,48,5,127,120,49,1" hai1="68,19,61,76,14,86,12,51,42,43,132,133,6" hai2="66,59,29,85,57,7,17,31,63,93,124,60,106" hai3="100,10,111,130,47,67,112,8,72,89,83,28,114"/><T110/><D33/><U64/><E6/><V4/><F106/><W25/><G111/><T15/><D110/><U0/><E0/><V35/><F35/><W40/><G100/><T107/><D1/><U39/><E39/><V82/><F124/><W41/><G67/><T77/><D127/><U38/><E38/><V96/><F17/><W20/><G130/><T46/><D129/><U13/><E19/><V99/><F31/><W18/><G41/><T113/><D113/><N who="3" m="43625" /><G89/><T95/><D77/><U81/><REACH who="1" step="1"/><E51/><REACH who="1" ten="137,412,254,187" step="2"/><V128/><F128/><W24/><G18/><T54/><D5/><U2/><E2/><V56/><F29/><W65/><G28/><T73/><D73/><U87/><E87/><V62/><F66/><W79/><G65/><T3/><D3/><U131/><E131/><V32/><F32/><W117/><G72/><T101/><REACH who="0" step="1"/><D15/><REACH who="0" ten="127,412,254,187" step="2"/><U11/><E11/><V37/><F4/><W74/><G10/><T75/><D75/><U103/><E103/><V115/><F7/><W21/><G8/><T45/><AGARI ba="0,2" hai="45,46,48,49,54,55,95,97,101,104,107,120,121,122" machi="45" ten="30,18000,2" yaku="1,1,0,1,9,1,53,3" doraHai="9" doraHaiUra="116" who="0" fromWho="0" sc="127,200,412,-60,254,-60,187,-60" /><INIT seed="4,1,0,1,1,94" ten="327,352,194,127" oya="0" hai0="42,30,112,106,123,85,27,4,95,55,104,31,26" hai1="64,41,76,66,134,20,79,54,45,107,25,124,121" hai2="98,16,87,22,97,37,84,44,101,111,18,10,81" hai3="13,36,48,60,68,126,29,92,93,125,133,131,78"/><T11/><D123/><U9/><E121/><V49/><F37/><W12/><G36/><T113/><D42/><U116/><E116/><V122/><F111/><W96/><G78/><T0/><D55/><U127/><E134/><V89/><F122/><W69/><G29/><T3/><D85/><U61/><E54/><N who="2" m="29991" /><F101/><W114/><G114/><N who="0" m="44139" /><D95/><U65/><E61/><V33/><F33/><W56/><G133/><T53/><D53/><U129/><E9/><V28/><F28/><N who="0" m="10794" /><D0/><U50/><E129/><V103/><F103/><W108/><G131/><T74/><D74/><U120/><E120/><V57/><F57/><W32/><G48/><T35/><D35/><U17/><REACH who="1" step="1"/><E107/><AGARI ba="1,0" hai="3,4,11,26,27,104,106,107" m="10794,44139" machi="107" ten="30,1500,0" yaku="15,1" doraHai="94" who="0" fromWho="1" sc="327,18,352,-18,194,0,127,0" /><INIT seed="4,2,0,4,4,87" ten="345,334,194,127" oya="0" hai0="135,133,30,13,110,134,91,81,38,114,39,122,64" hai1="33,1,94,79,24,42,119,12,127,50,121,104,41" hai2="44,43,128,74,2,92,16,29,9,106,53,49,99" hai3="32,35,46,78,107,21,72,108,69,51,0,10,68"/><T82/><D122/><U75/><E119/><V111/><F128/><W88/><G108/><T112/><D110/><U116/><E116/><V90/><F111/><W129/><G129/><T11/><D64/><U125/><E121/><V113/><F113/><N who="0" m="43626" /><D30/><N who="1" m="19655" /><E104/><V120/><F74/><W105/><G72/><T63/><D63/><U109/><E1/><V126/><F126/><N who="1" m="48137" /><E109/><V115/><F115/><W55/><G78/><T48/><D48/><U65/><E65/><V77/><F120/><W7/><G21/><T101/><D101/><U132/><E132/><N who="0" m="33793" /><T8/><DORA hai="36" /><D8/><U89/><E50/><V103/><F77/><W17/><G35/><T6/><D81/><N who="1" m="45311" /><E12/><N who="2" m="7183" /><F29/><W40/><G32/><T60/><D60/><U19/><E19/><V130/><F2/><W54/><G17/><T47/><D47/><U117/><E117/><V102/><F106/><W66/><G105/><T45/><D45/><U62/><E62/><V28/><F28/><W18/><G18/><T80/><D80/><U37/><E37/><V85/><F130/><W97/><G107/><T124/><D124/><U70/><E70/><V84/><F103/><W3/><G3/><T93/><D82/><U95/><E95/><V27/><F102/><W96/><G69/><T52/><D52/><U118/><E118/><V56/><F27/><W71/><G68/><T76/><D76/><U20/><E20/><V26/><F26/><W131/><G131/><T22/><D22/><U123/><E123/><V67/><F67/><W59/><G71/><T61/><D61/><AGARI ba="2,0" hai="43,44,49,53,56,61,84,85,90,92,99" m="7183" machi="61" ten="30,7700,0" yaku="8,1,52,2,54,1" doraHai="87,36" who="2" fromWho="0" sc="345,-83,334,0,194,83,127,0" /><INIT seed="5,0,0,5,0,33" ten="262,334,277,127" oya="1" hai0="56,110,27,113,13,73,105,111,134,11,121,82,115" hai1="20,126,62,24,43,129,83,69,88,40,89,117,71" hai2="77,93,15,25,45,79,10,102,87,32,94,4,17" hai3="19,18,48,67,70,90,68,100,81,118,127,122,75"/><U9/><E117/><V119/><F119/><W85/><G122/><T14/><D105/><U55/><E129/><V64/><F64/><W52/><G118/><T61/><D121/><U116/><E116/><V7/><F32/><W107/><G127/><T16/><D134/><U2/><E126/><V26/><F45/><W58/><G75/><T39/><D39/><U74/><E71/><V128/><F128/><W135/><G135/><T29/><D14/><U120/><E120/><V42/><F42/><W41/><G41/><T65/><D82/><U60/><E69/><V37/><F37/><W103/><G70/><T80/><D80/><U51/><E74/><V44/><F44/><W96/><REACH who="3" step="1"/><G103/><REACH who="3" ten="262,334,277,117" step="2"/><T125/><D73/><U72/><E43/><V36/><F102/><W23/><G23/><N who="0" m="15615" /><D125/><U132/><E40/><V84/><F36/><W76/><G76/><T50/><D50/><U104/><E132/><V92/><F79/><W114/><G114/><AGARI ba="0,1" hai="11,13,16,56,61,65,110,111,113,114,115" m="15615" machi="114" ten="30,2000,0" yaku="15,1,54,1" doraHai="33" who="0" fromWho="3" sc="262,30,334,0,277,0,117,-20" /><INIT seed="6,0,0,5,4,71" ten="292,334,277,97" oya="2" hai0="13,126,40,131,108,113,122,74,42,72,41,94,48" hai1="65,84,106,125,49,24,57,50,63,25,99,30,58" hai2="89,115,73,28,29,133,62,85,11,32,66,26,27" hai3="9,69,10,70,56,33,23,104,47,135,98,15,44"/><V92/><F133/><W77/><G135/><T36/><D122/><U112/><E112/><V86/><F115/><W90/><G77/><T111/><D113/><U59/><E125/><V12/><F73/><W22/><G33/><T76/><D126/><U102/><E84/><V51/><F51/><W67/><G56/><T97/><D131/><U114/><E114/><V55/><F55/><W19/><G67/><T16/><D36/><U127/><E127/><V54/><F54/><W7/><G104/><T4/><D4/><U132/><E132/><V20/><F86/><W53/><G53/><T3/><D3/><U117/><E117/><V80/><F92/><W87/><G98/><T116/><D116/><U79/><E79/><V129/><F129/><W91/><G87/><T31/><D31/><U82/><E82/><V6/><F62/><W14/><REACH who="3" step="1"/><G7/><REACH who="3" ten="292,334,277,87" step="2"/><T21/><D76/><U124/><E124/><V45/><REACH who="2" step="1"/><F45/><REACH who="2" ten="292,334,267,87" step="2"/><W95/><G95/><T81/><D74/><U38/><E106/><V101/><F101/><W119/><G119/><T64/><D72/><U134/><E102/><V109/><F109/><W34/><G34/><T100/><D111/><U105/><E134/><V61/><F61/><W17/><AGARI ba="0,2" hai="9,10,14,15,17,19,22,23,44,47,69,70,90,91" machi="17" ten="25,6400,0" yaku="1,1,0,1,22,2,53,0" doraHai="71" doraHaiUra="35" who="3" fromWho="3" sc="292,-16,334,-16,267,-32,87,84" /><INIT seed="7,0,0,2,4,4" ten="276,318,235,171" oya="3" hai0="70,115,43,14,34,66,84,121,109,135,101,22,97" hai1="88,72,25,78,0,13,71,65,100,77,45,132,95" hai2="59,103,10,44,81,12,126,92,8,76,1,47,87" hai3="32,108,134,41,57,17,93,54,130,67,18,36,129"/><W62/><G32/><T118/><D121/><U40/><E132/><V68/><F68/><W52/><G134/><T60/><D109/><U11/><E0/><V98/><F126/><W5/><G108/><T117/><D135/><U20/><E100/><V124/><F124/><W69/><G5/><T110/><D110/><U39/><E72/><V19/><F1/><W107/><G107/><T75/><D75/><U7/><E65/><V50/><F59/><W91/><G54/><T28/><D115/><U61/><E61/><V73/><F73/><W104/><G104/><N who="0" m="63535" /><D84/><U2/><E2/><V23/><F47/><N who="3" m="23975" /><G18/><N who="0" m="10583" /><D43/><AGARI ba="0,0" hai="8,10,12,19,23,43,44,50,76,81,87,92,98,103" machi="43" ten="30,7700,0" yaku="7,1,8,1,52,2" doraHai="4" who="2" fromWho="0" sc="276,-77,318,0,235,77,171,0" owari="199,-20.1,318,41.8,312,11.2,171,-32.9" /></mjloggm>