<mjloggm ver="2.3"><GO type="169" lobby="0"/><UN n0="%E3%81%82%73%71%77%64" n1="%6D%65%67%75%72%75%32" n2="%E5%B3%B6%E7%94%B0%E7%9C%9F%E5%A4%A2" n3="%E3%81%BF%E3%81%8B%E3%81%82" dan="17,16,16,16" rate="2177.53,2084.55,2143.27,2010.25" sx="M,M,F,M"/><TAIKYOKU oya="0"/><INIT seed="0,0,0,0,5,43" ten="250,250,250,250" oya="0" hai0="27,104,92,116,100,9,4,36,105,64,108,90,131" hai1="114,106,13,35,119,30,41,70,16,10,122,102,39" hai2="15,55,107,2,53,109,69,101,79,135,7,85,59" hai3="81,123,66,46,19,56,42,132,68,50,14,62,47"/><T74/><D116/><U63/><E119/><V134/><F109/><W34/><G34/><T31/><D131/><U88/><E122/><V71/><F2/><W77/><G123/><T48/><D36/><U37/><E114/><V93/><F107/><W61/><BYE who="1" /><G132/><N who="2" m="50729" /><F101/><W120/><G120/><UN n1="%6D%65%67%75%72%75%32" /><T32/><D74/><U5/><E5/><V45/><F93/><W38/><G14/><T17/><D108/><U112/><E112/><V80/><F45/><W6/><G6/><T40/><D64/><U60/><E102/><V118/><F118/><W110/><G19/><T130/><D17/><U73/><E106/><V23/><F53/><N who="3" m="29911" /><G81/><T33/><D100/><U0/><E0/><V57/><F57/><W21/><G77/><T78/><D78/><U67/><E73/><V129/><F129/><W83/><G83/><T54/><D40/><U25/><E63/><N who="2" m="36351" /><F23/><W117/><G21/><T75/><D33/><U96/><REACH who="1" step="1"/><E41/><REACH who="1" ten="250,240,250,250" step="2"/><V84/><F7/><W72/><G72/><T95/><D75/><U65/><E65/><V58/><F69/><W3/><G117/><T124/><D130/><U20/><E20/><V97/><F71/><W28/><G3/><T98/><D105/><U87/><E87/><V133/><F85/><W126/><G110/><T121/><D121/><U22/><E22/><V89/><F133/><W113/><G113/><T44/><D104/><U12/><E12/><V18/><F15/><W115/><G115/><T103/><D124/><U24/><E24/><V91/><F84/><W8/><G126/><T82/><D4/><U11/><E11/><V127/><F127/><RYUUKYOKU ba="0,1" sc="250,-10,240,30,250,-10,250,-10" hai1="10,13,16,25,30,35,37,39,60,67,70,88,96" /><INIT seed="1,1,1,4,4,54" ten="240,270,240,240" oya="1" hai0="77,76,28,111,135,96,133,55,85,67,98,21,32" hai1="72,56,46,51,81,44,42,115,121,30,101,86,7" hai2="17,62,70,103,117,39,116,4,6,36,19,74,63" hai3="84,40,97,59,13,123,8,134,104,35,132,11,124"/><U0/><E115/><V53/><F53/><W71/><G35/><T88/><D32/><U129/><E121/><V43/><F103/><N who="3" m="62575" /><G71/><T94/><D67/><U58/><E72/><V29/><F29/><W41/><G11/><T15/><D111/><U61/><E129/><V20/><F20/><W38/><G84/><T108/><D108/><U80/><E101/><V105/><F74/><W90/><G90/><T79/><D55/><U18/><E0/><V52/><F52/><W33/><G33/><T131/><D131/><U26/><E7/><V102/><F102/><W57/><G123/><T107/><D107/><U24/><E18/><V78/><F105/><W37/><G124/><T89/><D28/><U93/><E93/><V73/><F73/><W113/><G113/><T130/><D130/><U2/><E2/><V83/><F70/><W110/><G110/><T75/><D75/><U48/><E86/><V65/><F65/><W60/><G60/><T64/><D64/><U23/><E61/><V100/><F100/><W12/><G12/><T31/><D31/><U69/><E69/><V49/><F78/><W82/><G82/><N who="1" m="31850" /><E26/><V126/><F83/><W45/><G38/><T112/><D112/><U122/><E122/><V34/><F34/><W50/><G37/><T91/><D85/><U14/><E14/><V128/><F128/><W10/><G13/><T120/><D120/><U1/><E1/><V5/><F126/><W127/><G127/><T119/><D94/><U109/><E109/><V3/><F3/><W68/><G68/><T118/><D77/><U47/><E47/><RYUUKYOKU ba="1,1" sc="240,-10,270,30,240,-10,240,-10" hai1="23,24,30,42,44,46,48,51,56,58" /><INIT seed="1,2,1,0,4,69" ten="230,300,230,230" oya="1" hai0="74,103,42,9,62,55,76,122,93,68,44,66,41" hai1="70,10,1,47,24,102,124,71,94,51,28,3,78" hai2="83,37,135,7,59,46,130,96,23,39,48,98,126" hai3="2,119,61,107,63,13,117,21,106,35,118,40,116"/><U127/><E78/><V80/><F130/><W108/><G35/><T16/><D122/><U31/><E94/><V89/><F135/><W49/><G2/><N who="1" m="522" /><E10/><V34/><F34/><W90/><G108/><T132/><D132/><U12/><E12/><V15/><F126/><N who="1" m="48169" /><E102/><V60/><F7/><W67/><G63/><T27/><D74/><U11/><E11/><V29/><F29/><N who="1" m="11337" /><E24/><V110/><F110/><W50/><G90/><T20/><D76/><U73/><E73/><V111/><F111/><W17/><N who="3" m="29696" /><DORA hai="18" /><W36/><G107/><T97/><REACH who="0" step="1"/><D9/><REACH who="0" ten="220,300,230,230" step="2"/><U19/><E19/><V100/><F80/><W133/><G133/><T92/><D92/><U26/><E26/><V120/><F83/><W129/><G106/><T123/><D123/><U121/><E121/><V6/><F120/><W131/><G131/><T81/><D81/><U87/><E87/><V58/><F96/><W128/><G129/><T91/><D91/><U84/><E84/><V95/><F89/><W104/><G104/><T54/><D54/><AGARI ba="2,2" hai="47,51,54,70,71" m="11337,48169,522" machi="54" ten="30,1500,0" yaku="18,1" doraHai="69,18" who="1" fromWho="0" sc="220,-21,300,41,230,0,230,0" /><INIT seed="1,3,0,5,4,105" ten="199,341,230,230" oya="1" hai0="28,85,120,0,58,22,33,127,88,10,29,48,1" hai1="38,82,31,111,102,23,41,95,116,5,130,13,39" hai2="86,110,27,7,30,77,47,26,70,104,109,73,56" hai3="37,76,107,75,65,9,115,50,15,60,128,83,12"/><U90/><E116/><V93/><F104/><W61/><G37/><T67/><D127/><U94/><E130/><V103/><F70/><W101/><G128/><T112/><D112/><U66/><E66/><V19/><F7/><W114/><G61/><T51/><D33/><U11/><E82/><N who="2" m="45359" /><F56/><W18/><G50/><T79/><D79/><U32/><E32/><V45/><F19/><W131/><G131/><T92/><D120/><U71/><E71/><V21/><F26/><W54/><G54/><T69/><D69/><U78/><E78/><V6/><F6/><W113/><G15/><T125/><D125/><U108/><E102/><V4/><F4/><W91/><G91/><T40/><D10/><U100/><E100/><V124/><F124/><W121/><G121/><T106/><D106/><U52/><E41/><V129/><F129/><W49/><G49/><T64/><D64/><U97/><E95/><V43/><F43/><W14/><G12/><T42/><D42/><U117/><E117/><V74/><F74/><W59/><REACH who="3" step="1"/><G114/><REACH who="3" ten="199,341,230,220" step="2"/><T72/><D48/><U126/><E126/><V16/><F103/><W134/><G134/><T132/><D132/><U68/><E52/><V2/><F2/><W98/><AGARI ba="3,1" hai="9,14,18,59,60,65,75,76,83,98,101,107,113,115" machi="98" ten="30,7900,0" yaku="1,1,0,1,52,1,53,1" doraHai="105" doraHaiUra="63" who="3" fromWho="3" sc="199,-23,341,-42,230,-23,220,98" /><INIT seed="2,0,0,5,4,1" ten="176,299,207,318" oya="2" hai0="113,114,54,122,84,52,18,51,32,2,129,48,42" hai1="57,7,22,88,49,76,80,68,106,60,8,72,100" hai2="43,17,132,46,133,128,77,33,130,135,102,58,15" hai3="47,99,96,109,119,40,127,95,92,126,61,11,115"/><V97/><F33/><W38/><G109/><T56/><D32/><U65/><E106/><V90/><F77/><W31/><G119/><T75/><D75/><U26/><E100/><V116/><F116/><W3/><G31/><T110/><D122/><U125/><E125/><N who="3" m="47626" /><G61/><T30/><D30/><U111/><E111/><V10/><F58/><W66/><G66/><T120/><D120/><U123/><E123/><V81/><F81/><W59/><G59/><T25/><D110/><U53/><E88/><V13/><F13/><W29/><G29/><T35/><D35/><U39/><E39/><V41/><F90/><N who="3" m="55319" /><G11/><T131/><D42/><N who="2" m="15882" /><F46/><W23/><G23/><N who="0" m="13559" /><D2/><U20/><REACH who="1" step="1"/><E26/><REACH who="1" ten="176,289,207,318" step="2"/><V37/><F37/><W28/><G38/><T71/><D114/><U73/><E73/><V12/><F12/><AGARI ba="0,1" hai="7,8,12,20,22,49,53,57,60,65,68,72,76,80" machi="12" ten="30,3900,0" yaku="1,1,7,1,52,1,53,0" doraHai="1" doraHaiUra="101" who="1" fromWho="2" sc="176,0,289,49,207,-39,318,0" /><INIT seed="3,0,0,3,5,9" ten="176,338,168,318" oya="3" hai0="75,93,12,35,56,11,57,116,31,121,74,109,51" hai1="125,28,83,76,0,108,49,133,69,105,38,55,124" hai2="73,96,67,135,1,5,123,7,79,70,39,94,82" hai3="68,8,42,102,71,63,18,3,37,103,21,128,90"/><W88/><G128/><T72/><D116/><U91/><E105/><V40/><F123/><W23/><G42/><T13/><D121/><U134/><E69/><V24/><F135/><N who="1" m="51721" /><E38/><V17/><F67/><W106/><G37/><T89/><D109/><U100/><E108/><V45/><F70/><W131/><G131/><T16/><D51/><U32/><E0/><V48/><F48/><W95/><G90/><T112/><D112/><U132/><E100/><V47/><F47/><W36/><G36/><T43/><D43/><U92/><E28/><V15/><F24/><W2/><G2/><T4/><D31/><U34/><E92/><V29/><F29/><W84/><G23/><T113/><D35/><N who="1" m="13355" /><E91/><V117/><F117/><W62/><G71/><T50/><D50/><U6/><E6/><V85/><F73/><W25/><G68/><T107/><D107/><U99/><E99/><V110/><F110/><W19/><G3/><T127/><D127/><U119/><E119/><V53/><F53/><W64/><G64/><T104/><D104/><U65/><E65/><V58/><F58/><W129/><G106/><T44/><D44/><N who="1" m="28071" /><E132/><V130/><F130/><W122/><G129/><T14/><D113/><U61/><E61/><N who="3" m="23050" /><G122/><T111/><D111/><U33/><E33/><V115/><F115/><W126/><G126/><T66/><D66/><U41/><E41/><V60/><F60/><W87/><G84/><AGARI ba="0,0" hai="76,83,84,124,125" m="28071,13355,51721" machi="84" ten="30,1000,0" yaku="20,1" doraHai="9" who="1" fromWho="3" sc="176,0,338,10,168,0,318,-10" /><INIT seed="4,0,0,3,1,65" ten="176,348,168,308" oya="0" hai0="12,38,131,63,88,126,123,103,99,134,114,111,23" hai1="29,84,73,21,58,10,105,3,79,87,55,86,95" hai2="22,46,43,42,31,26,121,48,44,11,109,108,24" hai3="4,40,8,85,61,70,75,122,41,57,135,74,51"/><T113/><D38/><U132/><E105/><V83/><F121/><W94/><G135/><T45/><D123/><U52/><E132/><V14/><F83/><W119/><G119/><T110/><D134/><U77/><E73/><V34/><F34/><W59/><G70/><T6/><D131/><U112/><E3/><V27/><F108/><N who="0" m="41514" /><D126/><U96/><E10/><V16/><REACH who="2" step="1"/><F109/><REACH who="2" ten="176,348,158,308" step="2"/><W17/><G122/><T39/><D114/><U7/><E112/><V5/><F5/><W125/><G4/><T129/><D113/><U116/><E7/><V2/><F2/><W18/><G125/><T15/><D129/><U89/><E116/><V100/><F100/><W49/><G75/><T32/><D32/><U91/><E91/><V64/><F64/><W47/><G74/><T78/><D78/><U60/><E60/><V102/><F102/><W93/><G61/><T90/><D63/><U35/><E35/><V36/><AGARI ba="0,1" hai="11,14,16,22,24,26,27,31,36,42,43,44,46,48" machi="36" ten="20,5200,0" yaku="1,1,0,1,7,1,54,1,53,0" doraHai="65" doraHaiUra="53" who="2" fromWho="2" sc="176,-26,348,-13,158,62,308,-13" /><INIT seed="5,0,0,3,0,48" ten="150,335,220,295" oya="1" hai0="24,89,110,85,82,25,120,50,54,90,31,135,39" hai1="53,109,107,112,56,40,75,72,44,17,60,79,55" hai2="95,29,118,96,0,122,81,130,30,12,23,58,76" hai3="125,33,126,21,77,26,67,65,74,8,18,108,34"/><U46/><E107/><V49/><F122/><W69/><G108/><T104/><D135/><U7/><E17/><V134/><F0/><W84/><G74/><T111/><D120/><U64/><E7/><V133/><F118/><W11/><G34/><T5/><D39/><N who="1" m="21535" /><E79/><V83/><F130/><W113/><G33/><T88/><D104/><U59/><E75/><V97/><F12/><W94/><G113/><T28/><D5/><U86/><E86/><V43/><F43/><W4/><G11/><T15/><D15/><U66/><E72/><V116/><F116/><W115/><G115/><T98/><D111/><U68/><E112/><V36/><F36/><W132/><G69/><T9/><D9/><U10/><E10/><V32/><F32/><W37/><G37/><T78/><D110/><U99/><E99/><V102/><F96/><W71/><G71/><T20/><D98/><U117/><E109/><V22/><F23/><W114/><G114/><T35/><REACH who="0" step="1"/><D78/><REACH who="0" ten="140,335,220,295" step="2"/><U6/><E6/><V92/><F76/><W93/><G132/><T62/><D62/><N who="1" m="37959" /><E117/><V105/><F134/><W80/><G8/><T87/><D87/><U38/><E68/><V51/><F133/><W45/><G4/><T124/><D124/><U129/><E129/><V73/><F73/><W119/><G126/><T61/><D61/><U127/><E127/><V52/><F105/><W16/><G119/><T121/><D121/><U19/><E19/><V13/><F97/><W100/><G16/><T42/><D42/><AGARI ba="0,1" hai="38,42,46,53,55,59,60,66" m="37959,21535" machi="42" ten="30,18000,2" yaku="35,5,52,2" doraHai="48" who="1" fromWho="0" sc="140,-180,335,190,220,0,295,0" owari="-40,-54.0,525,62.5,220,-18.0,295,9.5" /></mjloggm>