<mjloggm ver="2.3"><GO type="169" lobby="0"/><UN n0="%2D%6B%65%6C%2E" n1="%6A%61%63%6F%62%69%33%35" n2="%E8%BE%9B%E5%8F%A3%E3%82%AB%E3%83%AC%E3%83%BC%E3%83%A9%E3%82%A4%E3%82%B9" n3="%E6%96%B9%E5%86%86%E8%87%AA%E5%9C%A8" dan="17,17,16,17" rate="2172.41,2134.08,2121.31,2178.60" sx="F,M,M,M"/><TAIKYOKU oya="0"/><INIT seed="0,0,0,4,3,101" ten="250,250,250,250" oya="0" hai0="46,5,23,7,77,30,80,57,129,1,41,130,34" hai1="84,88,14,67,17,124,123,22,51,64,103,28,79" hai2="50,58,125,3,9,45,133,89,4,62,66,120,71" hai3="43,95,99,93,25,26,92,106,55,0,63,126,86"/><T128/><D34/><U18/><E124/><V33/><F133/><W118/><G118/><T96/><D1/><U107/><E123/><V104/><F125/><W135/><G126/><T37/><D57/><U91/><E28/><V35/><F120/><W13/><G0/><T39/><D39/><U20/><E79/><V70/><F104/><W36/><G135/><T82/><D96/><U65/><E51/><V54/><REACH who="2" step="1"/><F89/><REACH who="2" ten="250,250,240,250" step="2"/><W98/><G106/><T21/><D77/><U113/><E113/><V68/><AGARI ba="0,1" hai="3,4,9,33,35,45,50,54,58,62,66,68,70,71" machi="68" ten="30,4000,0" yaku="1,1,2,1,0,1,53,0" doraHai="101" doraHaiUra="27" who="2" fromWho="2" sc="250,-20,250,-10,240,50,250,-10" /><INIT seed="1,0,0,4,2,15" ten="230,240,290,240" oya="1" hai0="60,32,9,133,113,39,84,28,91,3,4,97,69" hai1="23,2,31,105,5,73,50,19,45,126,88,40,35" hai2="114,54,52,30,22,0,16,41,129,44,110,58,53" hai3="14,83,51,42,134,130,102,76,108,37,85,87,103"/><U12/><E126/><V71/><F71/><W47/><G108/><T11/><D113/><U17/><E73/><V75/><F75/><W112/><G112/><T29/><D39/><U55/><E105/><V106/><F114/><W101/><G130/><T46/><D133/><U95/><E2/><V70/><F70/><W93/><G134/><T61/><D69/><U81/><E81/><V24/><F110/><W135/><G135/><T86/><D32/><U125/><E125/><V128/><F106/><W38/><G93/><T13/><D97/><U20/><E5/><V117/><F117/><W96/><G96/><T36/><D36/><U100/><E35/><V107/><F107/><W6/><REACH who="3" step="1"/><G85/><REACH who="3" ten="230,240,290,230" step="2"/><T82/><D86/><N who="1" m="52631" /><E100/><V94/><F94/><W127/><G127/><T68/><D82/><U67/><E31/><V99/><F99/><W90/><G90/><T98/><D91/><U118/><E118/><V122/><F122/><W43/><G43/><T18/><D98/><U109/><E109/><V104/><F104/><W131/><G131/><N who="2" m="50249" /><F30/><W7/><G7/><T34/><D28/><U56/><E40/><V66/><F0/><W25/><G25/><T120/><D29/><U64/><E45/><V74/><F74/><W57/><G57/><T111/><D34/><U77/><E77/><V116/><F116/><W33/><G33/><T132/><D46/><U89/><E89/><V123/><F123/><W62/><G62/><T78/><D111/><U119/><E119/><V59/><F66/><W79/><G79/><T63/><D120/><U48/><E48/><AGARI ba="0,1" hai="16,22,24,41,44,48,52,53,54,58,59" m="50249" machi="48" ten="30,7700,0" yaku="19,1,52,1,54,2" doraHai="15" who="2" fromWho="1" sc="230,0,240,-77,290,87,230,0" /><INIT seed="2,0,0,1,0,31" ten="230,163,377,230" oya="2" hai0="15,113,99,89,124,47,48,105,87,77,30,3,79" hai1="101,28,121,7,80,90,57,103,81,132,100,117,129" hai2="59,45,98,10,61,123,17,40,43,122,53,108,96" hai3="0,14,68,39,65,23,120,4,36,92,24,104,135"/><V130/><F130/><W9/><G104/><T5/><D113/><U58/><E117/><V95/><F108/><W25/><G120/><T88/><D124/><U42/><E129/><V20/><F10/><W33/><G135/><T134/><D134/><U91/><E132/><V50/><F43/><W13/><G65/><T22/><D3/><U114/><E28/><V127/><F127/><W128/><G68/><T11/><D105/><U32/><E42/><V41/><F41/><W49/><G49/><T54/><D99/><U63/><E63/><V126/><F126/><W102/><G92/><T118/><D118/><U6/><E101/><V29/><F29/><N who="3" m="19623" /><G102/><T107/><D107/><U72/><E72/><V111/><F111/><W12/><G39/><T51/><D51/><U84/><E84/><V106/><F106/><W8/><G36/><T97/><D97/><U56/><E56/><V94/><F94/><W44/><G44/><T67/><D67/><U21/><E21/><V60/><F60/><W75/><G75/><T34/><D89/><U115/><REACH who="1" step="1"/><E121/><REACH who="1" ten="230,153,377,230" step="2"/><V27/><REACH who="2" step="1"/><F98/><REACH who="2" ten="230,153,367,230" step="2"/><W85/><G128/><T19/><D30/><U37/><E37/><V55/><F55/><W70/><G9/><T52/><D54/><U16/><E16/><V133/><F133/><W116/><G8/><T62/><D62/><U1/><E1/><V112/><F112/><W119/><G0/><T78/><D11/><U46/><E46/><V26/><F26/><W64/><G116/><T74/><D47/><U18/><E18/><V86/><F86/><W38/><G119/><T93/><D87/><RYUUKYOKU ba="0,2" sc="230,-15,153,15,367,15,230,-15" hai1="6,7,32,57,58,80,81,90,91,100,103,114,115" hai2="17,20,27,40,45,50,53,59,61,95,96,122,123" /><INIT seed="2,1,2,1,5,31" ten="215,168,382,215" oya="2" hai0="51,38,71,42,81,93,66,23,125,124,102,60,105" hai1="14,127,11,61,76,94,117,83,10,96,131,55,78" hai2="2,34,120,28,8,64,99,49,72,16,75,87,13" hai3="123,1,15,59,9,53,45,32,7,118,24,22,17"/><V41/><F120/><W44/><G118/><T4/><D105/><U116/><E127/><N who="0" m="48713" /><D4/><U5/><E131/><V29/><F64/><W80/><G123/><T68/><D38/><U39/><E39/><V119/><F119/><W106/><G106/><T132/><D132/><U113/><E78/><V126/><F126/><W114/><G114/><T56/><D81/><U85/><E113/><V111/><F111/><W74/><G74/><T86/><D23/><U62/><E117/><V101/><F2/><W33/><G80/><T65/><D65/><U129/><E129/><V43/><F87/><W21/><G21/><T92/><D86/><U69/><E69/><N who="0" m="26697" /><D102/><U35/><E116/><V110/><F110/><W52/><G53/><N who="0" m="31807" /><D42/><U134/><E134/><V30/><F34/><W50/><G33/><T40/><D40/><U82/><E82/><V46/><REACH who="2" step="1"/><F41/><REACH who="2" ten="215,168,372,215" step="2"/><W36/><G36/><T57/><AGARI ba="1,3" hai="57,60,66,92,93" m="31807,26697,48713" machi="57" ten="30,1100,0" yaku="18,1" doraHai="31" who="0" fromWho="0" sc="215,44,168,-4,372,-6,215,-4" /><INIT seed="3,0,0,0,2,107" ten="259,164,366,211" oya="3" hai0="55,95,135,114,97,103,86,68,116,0,26,10,45" hai1="122,7,20,59,30,76,75,101,3,42,127,66,120" hai2="110,56,81,52,9,109,80,93,65,123,14,31,115" hai3="38,46,99,91,69,89,82,24,85,112,88,108,47"/><W39/><G112/><T70/><D116/><U28/><E127/><V134/><F115/><W102/><G69/><T126/><D126/><U119/><E119/><V19/><F134/><W49/><G108/><N who="2" m="41577" /><F65/><W5/><G5/><T121/><D121/><U48/><E101/><V41/><F41/><W4/><G4/><T63/><D135/><U124/><E124/><V23/><F93/><W11/><G11/><T73/><D73/><U25/><E28/><V133/><F133/><W87/><G24/><T22/><D114/><U18/><E66/><V79/><F123/><W60/><G60/><T106/><D0/><U129/><E129/><V50/><F79/><W15/><G15/><T6/><D6/><U94/><E94/><V72/><F72/><W61/><G61/><T118/><D10/><U12/><E7/><N who="2" m="3391" /><F31/><W16/><G16/><T51/><D118/><U32/><E3/><V57/><F57/><W53/><G87/><T100/><D63/><U37/><E37/><V40/><F40/><W128/><G128/><T34/><D68/><U58/><E58/><V105/><F105/><W29/><G29/><T131/><D70/><U43/><E43/><V8/><F8/><W21/><G21/><T130/><D34/><U36/><E36/><N who="3" m="13866" /><G46/><T117/><D117/><U77/><E59/><V92/><F92/><W96/><G102/><T54/><D103/><U13/><E77/><V67/><F67/><W35/><G35/><T111/><D111/><U33/><E33/><V62/><F62/><W113/><G113/><T84/><D131/><U125/><E122/><V104/><F104/><RYUUKYOKU ba="0,0" sc="259,-15,164,-15,366,15,211,15" hai2="19,23,50,52,56,80,81" hai3="47,49,53,82,85,88,89,91,96,99" /><INIT seed="3,1,0,1,3,69" ten="244,149,381,226" oya="3" hai0="121,95,93,66,106,122,10,25,20,119,15,92,27" hai1="0,101,126,86,4,68,49,23,109,99,128,58,6" hai2="103,94,64,107,40,91,16,5,2,34,35,131,29" hai3="124,61,74,65,112,114,79,13,77,19,62,75,70"/><W53/><G124/><T123/><D119/><U83/><E68/><V134/><F64/><W81/><G53/><T24/><D66/><U33/><E33/><V48/><F131/><W116/><G116/><T96/><D106/><U80/><E128/><V12/><F134/><W125/><G61/><T118/><D118/><U30/><E0/><V38/><F107/><W39/><G39/><T21/><D96/><U84/><E109/><V54/><F103/><W90/><G90/><T87/><D87/><U108/><E108/><V73/><F73/><W7/><G7/><AGARI ba="1,0" hai="7,10,15,20,21,24,25,27,92,93,95,121,122,123" machi="7" ten="50,3200,0" yaku="29,2" doraHai="69" who="0" fromWho="3" sc="244,35,149,0,381,0,226,-35" /><INIT seed="4,0,0,0,5,23" ten="279,149,381,191" oya="0" hai0="2,69,129,49,66,91,51,4,122,0,112,99,10" hai1="18,14,33,43,52,1,61,5,42,17,124,44,70" hai2="135,67,125,25,102,103,87,37,130,31,59,126,78" hai3="119,24,36,101,81,131,90,71,100,82,19,35,21"/><T32/><D122/><U107/><E124/><N who="2" m="47723" /><F37/><W53/><G119/><T109/><D129/><U96/><E1/><V95/><F130/><W56/><G71/><T92/><D112/><U13/><E70/><V77/><F135/><W47/><G131/><T48/><D32/><U108/><E108/><V29/><F29/><W16/><G35/><T114/><D114/><U133/><E133/><V26/><F87/><W39/><G39/><T27/><D109/><U120/><E120/><V128/><F128/><W106/><G106/><T64/><D69/><U68/><E5/><V65/><F95/><W28/><G47/><T73/><D73/><U104/><E68/><V63/><F67/><W86/><G82/><T117/><D117/><U62/><E33/><N who="2" m="20719" /><F26/><W7/><G7/><T22/><REACH who="0" step="1"/><D0/><REACH who="0" ten="269,149,381,191" step="2"/><U45/><E96/><V113/><F113/><W118/><G118/><T93/><D93/><U30/><E30/><AGARI ba="0,1" hai="2,4,10,22,27,30,48,49,51,64,66,91,92,99" machi="30" ten="40,3900,0" yaku="1,1,52,1,53,0" doraHai="23" doraHaiUra="132" who="0" fromWho="1" sc="269,49,149,-39,381,0,191,0" /><INIT seed="4,1,0,3,1,74" ten="318,110,381,191" oya="0" hai0="94,7,26,17,97,75,122,49,125,68,102,71,108" hai1="14,117,114,113,56,33,78,35,76,8,135,132,45" hai2="0,37,134,55,27,99,69,42,86,60,79,6,50" hai3="131,85,21,119,83,20,133,129,12,127,48,87,121"/><T101/><D122/><U89/><E117/><V31/><F134/><N who="1" m="51241" /><E89/><V105/><F37/><W58/><G133/><T3/><D108/><U16/><E56/><V88/><F79/><N who="1" m="30249" /><E45/><V100/><F42/><W11/><G127/><T46/><D75/><U92/><E92/><V25/><F69/><W36/><G36/><T9/><D101/><U59/><E59/><V120/><F88/><N who="3" m="51263" /><G87/><T110/><D125/><U64/><E64/><V93/><F86/><W29/><G119/><T130/><D110/><U62/><E62/><V53/><F60/><W66/><G121/><T96/><D130/><N who="3" m="49673" /><G29/><T128/><D128/><U23/><E23/><V10/><F31/><W47/><G58/><T103/><D68/><U82/><E82/><V104/><F120/><W109/><G66/><T67/><D67/><U106/><E106/><V107/><F104/><W51/><G109/><T43/><D71/><U24/><E24/><V30/><F105/><W40/><G51/><T65/><D65/><U126/><E126/><V98/><F27/><W57/><G57/><T115/><D26/><U18/><E18/><AGARI ba="1,0" hai="11,12,18,20,21,40,47,48" m="49673,51263" machi="18" ten="30,2000,0" yaku="19,1,54,1" doraHai="74" who="3" fromWho="1" sc="318,0,110,-23,381,0,191,23" /><INIT seed="5,0,0,4,3,39" ten="318,87,381,214" oya="1" hai0="60,126,18,134,2,25,68,29,24,122,87,32,86" hai1="72,129,67,94,112,135,83,123,69,22,96,71,17" hai2="116,114,38,100,91,42,3,50,31,101,107,26,15" hai3="74,89,132,47,10,124,41,63,121,59,109,75,11"/><U55/><E123/><V95/><F3/><W43/><G109/><T46/><D122/><U108/><E112/><V14/><F116/><W77/><G121/><T34/><D2/><U9/><E129/><V21/><F38/><W28/><G28/><T127/><D134/><U66/><E135/><V1/><F1/><W19/><G132/><T53/><D68/><U128/><E9/><V115/><F107/><W79/><G47/><T45/><D60/><U93/><E128/><V40/><F114/><W8/><G124/><N who="0" m="47659" /><D53/><U90/><E108/><V102/><F115/><W133/><G133/><T120/><D120/><U105/><E105/><V117/><F117/><W73/><G89/><T113/><D113/><U62/><E93/><V6/><F50/><W37/><G19/><T70/><D70/><U131/><E131/><V65/><F65/><W7/><G37/><T76/><D76/><N who="1" m="44423" /><E71/><V20/><F6/><W27/><G27/><N who="0" m="10315" /><D18/><U103/><E69/><V85/><F20/><W82/><G7/><T36/><D29/><U5/><E5/><V0/><F0/><W104/><G104/><T110/><D110/><U54/><E22/><V35/><F35/><N who="0" m="13354" /><D36/><U106/><E17/><V56/><F56/><W111/><G111/><T125/><N who="0" m="47667" /><T44/><AGARI ba="0,0" hai="44,45,46,86,87" m="13354,10315,47667" machi="44" ten="50,8000,1" yaku="4,1,28,2,18,1" doraHai="39" who="0" fromWho="0" sc="318,80,87,-40,381,-20,214,-20" /><INIT seed="6,0,0,3,1,14" ten="398,47,361,194" oya="2" hai0="130,91,134,84,100,35,124,69,86,89,131,40,65" hai1="19,59,61,31,70,121,50,47,111,60,88,21,81" hai2="128,115,135,38,22,48,83,71,17,118,46,64,9" hai3="55,114,36,43,34,103,13,6,85,15,41,26,98"/><V20/><F118/><W54/><G114/><T112/><D112/><U29/><E111/><V11/><F115/><W58/><G85/><T97/><D35/><U27/><E121/><V57/><F38/><W37/><G26/><T74/><D74/><U99/><E70/><V66/><F71/><W62/><G34/><T113/><D113/><U72/><E72/><V129/><F135/><W80/><G80/><T10/><D10/><N who="2" m="3594" /><F57/><W56/><G98/><T4/><D4/><U92/><E81/><V96/><F96/><W77/><G103/><T5/><D5/><U79/><E79/><V78/><F22/><W12/><G6/><T8/><D8/><U109/><E60/><V76/><F128/><N who="0" m="49194" /><D134/><U101/><E101/><V127/><F127/><W125/><G77/><N who="2" m="29801" /><F83/><W16/><G125/><T1/><D124/><U94/><E94/><V63/><F63/><N who="3" m="36247" /><G37/><T126/><D126/><U3/><E3/><V52/><F129/><W39/><G36/><T110/><D1/><U49/><E109/><V24/><AGARI ba="0,0" hai="17,20,24,46,48,52,64,66" m="29801,3594" machi="24" ten="30,6000,0" yaku="8,1,52,1,54,1" doraHai="14" who="2" fromWho="2" sc="398,-20,47,-20,361,60,194,-20" /><INIT seed="6,1,0,3,1,40" ten="378,27,421,174" oya="2" hai0="80,19,116,28,135,100,55,32,104,79,22,121,30" hai1="110,41,111,92,120,74,45,131,11,127,118,81,129" hai2="71,48,95,114,102,132,62,87,94,23,130,99,56" hai3="78,84,68,50,63,77,44,38,53,35,59,85,60"/><V117/><F117/><W36/><G35/><T27/><D121/><U82/><E118/><V25/><F114/><W8/><G8/><T75/><D116/><U12/><E92/><V24/><F132/><W29/><G29/><T21/><D135/><U18/><E127/><V3/><F3/><W69/><G84/><T72/><D72/><U125/><E125/><V101/><F130/><N who="1" m="49673" /><E120/><V61/><F71/><N who="3" m="27211" /><G85/><T58/><D32/><U34/><E34/><V47/><F56/><N who="3" m="34831" /><G78/><T126/><D126/><U119/><E119/><V37/><F37/><W46/><G77/><T105/><D100/><U10/><E10/><V128/><F128/><W70/><N who="3" m="27219" /><W134/><DORA hai="39" /><G134/><T98/><D98/><U1/><E1/><V67/><F25/><W20/><G20/><T17/><D30/><U133/><E133/><V83/><F95/><W43/><G44/><T89/><D89/><U15/><E15/><V66/><F102/><W6/><G6/><T26/><D28/><U9/><E9/><V112/><F94/><W107/><G107/><T2/><D2/><U33/><E33/><V103/><F99/><W97/><G97/><T4/><D4/><U123/><E123/><V42/><F101/><W115/><G115/><T7/><D7/><U76/><E81/><V65/><F103/><W124/><G124/><T49/><AGARI ba="1,0" hai="17,19,21,22,26,27,49,55,58,75,79,80,104,105" machi="49" ten="20,2700,0" yaku="0,1,7,1,9,1" doraHai="40,39" who="0" fromWho="0" sc="378,30,27,-8,421,-14,174,-8" /><INIT seed="7,0,0,2,3,61" ten="408,19,407,166" oya="3" hai0="38,105,102,117,50,43,21,79,33,118,31,103,109" hai1="76,69,98,23,135,52,106,120,129,55,56,115,116" hai2="41,51,101,114,54,44,47,48,119,0,46,100,66" hai3="2,6,10,70,62,88,63,81,121,37,83,68,17"/><W85/><G121/><T134/><D109/><U11/><E76/><V60/><F119/><W130/><G130/><T30/><D38/><U80/><E80/><V18/><F0/><W89/><G37/><T97/><D102/><N who="2" m="39530" /><F114/><W27/><G17/><T14/><D79/><U32/><E98/><V133/><F133/><W99/><G27/><T92/><D105/><U75/><E56/><N who="2" m="37127" /><F18/><W131/><G131/><T113/><D134/><U19/><E52/><N who="2" m="29703" /><F47/><W26/><G26/><T40/><D113/><U36/><E55/><AGARI ba="0,0" hai="41,46,51,54,55" m="29703,37127,39530" machi="55" ten="30,3900,0" yaku="8,1,52,1,54,1" doraHai="61" who="2" fromWho="1" sc="408,0,19,-39,407,39,166,0" owari="408,20.8,-20,-52.0,446,54.6,166,-23.4" /></mjloggm>