<mjloggm ver="2.3"><GO type="169" lobby="0"/><UN n0="%E3%81%93%E3%82%8C%E3%81%8C%E3%81%B5%E3%81%95%E3%81%B5%E3%81%95" n1="%E5%8F%A4%E6%96%AF%E5%A1%94%E5%A4%AB%E4%BA%8C%E4%B8%96" n2="%46%75%4B%61" n3="%32%30%30%E6%88%A6%E5%8D%87%E7%89%B9" dan="16,16,16,17" rate="2132.02,2074.79,2087.35,2194.57" sx="M,M,M,M"/><TAIKYOKU oya="0"/><INIT seed="0,0,0,5,1,48" ten="250,250,250,250" oya="0" hai0="55,104,25,50,99,64,129,35,29,37,83,85,87" hai1="42,31,90,101,65,27,96,32,34,134,115,116,18" hai2="26,54,121,75,56,67,135,57,15,88,66,43,14" hai3="8,23,92,133,3,74,13,131,46,79,114,72,22"/><T109/><D129/><U94/><E116/><V47/><F75/><W7/><G114/><T105/><D37/><U44/><E134/><V60/><F121/><W38/><G133/><T113/><D113/><U12/><E115/><V19/><F135/><W107/><G107/><T20/><D109/><U80/><E65/><V69/><F26/><W118/><G118/><T125/><D125/><U127/><E127/><V45/><F14/><W59/><G131/><T89/><D64/><U52/><E34/><V123/><F123/><W10/><G92/><T82/><D99/><U17/><E42/><V102/><F102/><W4/><G74/><T97/><D97/><U51/><REACH who="1" step="1"/><E12/><REACH who="1" ten="250,240,250,250" step="2"/><V84/><F67/><W86/><G13/><T100/><D35/><U28/><E28/><V112/><F43/><W63/><G3/><T128/><D128/><U78/><E78/><V111/><F112/><W39/><G79/><T68/><D68/><U73/><E73/><V122/><F122/><W71/><G72/><T70/><D70/><U98/><E98/><V103/><F69/><W93/><G86/><AGARI ba="0,1" hai="17,18,27,31,32,44,51,52,80,86,90,94,96,101" machi="86" ten="40,5200,0" yaku="1,1,52,1,54,1,53,0" doraHai="48" doraHaiUra="106" who="1" fromWho="3" sc="250,0,240,62,250,0,250,-52" /><INIT seed="1,0,0,1,0,77" ten="250,302,250,198" oya="1" hai0="101,135,14,47,57,92,78,79,71,105,66,1,68" hai1="49,23,73,51,90,89,60,95,107,113,120,86,110" hai2="24,8,96,69,87,32,122,134,30,128,40,59,38" hai3="117,18,31,61,6,19,50,17,126,103,5,104,111"/><U3/><E113/><V98/><F122/><W25/><G104/><T108/><D108/><U84/><E120/><V74/><F69/><W7/><G117/><T43/><D1/><U33/><E73/><V39/><F74/><W129/><G103/><T125/><D125/><U88/><E110/><V35/><F128/><W82/><G111/><T37/><D135/><U133/><E33/><V65/><F35/><W80/><G126/><T72/><D105/><U27/><E3/><V102/><F98/><W132/><G132/><T16/><D57/><U13/><E107/><V121/><F8/><W130/><G50/><N who="1" m="18954" /><E133/><V46/><F134/><W41/><G61/><T115/><D115/><U112/><E112/><V91/><F38/><W26/><G41/><T127/><D127/><U93/><E13/><V116/><F121/><W53/><G53/><T100/><D78/><U62/><E90/><V15/><F15/><W0/><G0/><T106/><D106/><U109/><E109/><V119/><F102/><W70/><G70/><T63/><D71/><U75/><E75/><V58/><F96/><W94/><G94/><T28/><D92/><U99/><E99/><V12/><F12/><W118/><G118/><T4/><D4/><U54/><E54/><V36/><F36/><W42/><G42/><T81/><REACH who="0" step="1"/><D28/><AGARI ba="0,0" hai="23,27,28,60,62,84,86,88,89,93,95" m="18954" machi="28" ten="30,2900,0" yaku="8,1,54,1" doraHai="77" who="1" fromWho="0" sc="250,-29,302,29,250,0,198,0" /><INIT seed="1,1,0,0,1,83" ten="221,331,250,198" oya="1" hai0="122,133,98,115,44,46,129,87,59,125,93,90,28" hai1="55,75,0,72,18,30,126,63,84,88,135,99,33" hai2="5,108,121,76,103,51,6,64,57,26,66,97,69" hai3="91,123,10,67,80,112,113,92,41,48,131,109,116"/><U19/><E0/><V34/><F108/><W105/><G123/><T25/><D115/><U32/><E126/><V13/><F121/><W68/><G105/><T78/><D122/><U42/><E135/><V52/><F13/><W128/><G109/><T27/><D125/><U60/><E42/><V77/><F66/><W107/><G107/><T40/><D133/><U62/><E99/><V81/><F76/><W89/><G67/><T104/><D129/><N who="3" m="49737" /><G68/><T39/><D44/><U101/><E101/><V35/><F64/><W130/><N who="3" m="49745" /><W119/><DORA hai="118" /><G41/><T61/><D28/><U85/><E55/><V2/><F69/><W82/><G10/><T22/><D22/><U1/><E1/><V47/><F57/><W15/><G15/><T127/><D127/><U100/><E100/><V24/><F2/><W50/><G50/><T95/><D104/><U114/><E114/><N who="3" m="44138" /><G48/><T86/><D78/><U111/><E111/><V4/><F24/><W49/><G49/><T43/><D43/><U36/><E63/><V102/><F26/><W96/><G80/><T14/><D14/><U8/><E8/><V38/><F38/><W29/><G29/><T124/><D124/><U37/><REACH who="1" step="1"/><E30/><REACH who="1" ten="221,321,250,198" step="2"/><V23/><F103/><W20/><G20/><T117/><D98/><U12/><E12/><V7/><F23/><W71/><G71/><T74/><D61/><U120/><E120/><V65/><F65/><W73/><G73/><T110/><D74/><U3/><E3/><V31/><F31/><W11/><G11/><T56/><D110/><U21/><E21/><V58/><F52/><RYUUKYOKU ba="1,1" sc="221,-15,321,15,250,-15,198,15" hai1="18,19,32,33,36,37,60,62,72,75,84,85,88" hai3="82,89,91,92,96,116,119" /><INIT seed="1,2,1,0,2,25" ten="206,336,235,213" oya="1" hai0="8,74,97,7,28,51,117,90,3,18,0,2,47" hai1="104,9,120,79,107,99,114,73,24,43,87,81,70" hai2="38,21,76,109,119,100,14,93,72,113,68,1,6" hai3="61,111,86,126,56,134,42,123,13,103,98,83,31"/><U49/><E120/><V35/><F21/><W124/><G123/><T121/><D117/><U65/><E114/><V17/><F14/><W55/><G111/><T33/><D121/><U58/><E70/><V105/><F17/><W96/><G31/><T16/><D74/><U130/><E130/><V52/><F6/><W62/><G134/><T67/><D67/><U22/><E73/><V19/><F52/><W54/><G42/><T132/><D132/><U80/><E80/><V12/><F19/><W128/><G128/><T20/><D18/><U116/><E116/><V118/><F12/><W101/><G13/><T125/><D125/><N who="3" m="48233" /><G61/><T30/><D33/><U34/><E34/><V91/><F93/><W5/><G54/><T84/><D97/><N who="3" m="37481" /><G5/><T32/><D32/><U112/><E65/><V15/><F15/><W41/><G41/><T63/><D63/><U44/><E43/><V92/><F35/><W135/><G135/><T27/><D8/><U71/><E9/><V23/><F23/><W95/><G95/><T106/><D7/><U45/><E22/><V36/><F92/><W11/><G11/><T39/><D106/><U60/><E104/><V108/><F105/><W75/><G75/><T85/><D39/><U77/><E107/><V4/><F72/><W102/><G102/><T82/><REACH who="0" step="1"/><D84/><REACH who="0" ten="196,336,235,213" step="2"/><U133/><E87/><V29/><F4/><W115/><G115/><T122/><D122/><U66/><E112/><V69/><F113/><W131/><G131/><T46/><D46/><U88/><E45/><V40/><F118/><W89/><AGARI ba="2,2" hai="55,56,62,83,86,89,101,103" m="37481,48233" machi="89" ten="30,1100,0" yaku="18,1" doraHai="25" who="3" fromWho="3" sc="196,-5,336,-7,235,-5,213,37" /><INIT seed="2,0,0,3,4,134" ten="191,329,230,250" oya="2" hai0="5,62,22,132,86,75,63,80,26,13,67,54,119" hai1="82,91,97,18,19,16,37,41,66,78,59,48,133" hai2="6,44,17,135,34,92,84,116,129,11,103,9,8" hai3="108,77,102,111,93,40,87,131,101,53,12,14,65"/><V96/><F116/><W99/><G40/><T39/><D132/><U7/><E133/><V112/><F135/><W45/><G65/><T1/><D1/><U114/><E114/><V68/><F112/><W128/><G45/><T71/><D75/><U51/><E37/><V64/><F129/><N who="3" m="49739" /><G53/><T31/><D39/><U30/><E7/><V58/><F68/><W90/><G12/><T115/><D115/><U125/><E30/><V38/><F34/><W72/><G14/><T21/><D119/><U95/><E125/><V43/><F17/><W27/><G27/><T36/><D36/><U118/><E118/><V89/><F6/><W4/><G4/><T126/><D126/><U85/><E41/><V106/><REACH who="2" step="1"/><F8/><REACH who="2" ten="191,329,220,250" step="2"/><W94/><G111/><T61/><D5/><U105/><E19/><V81/><F81/><N who="3" m="45223" /><G108/><T76/><D21/><U2/><E18/><V52/><F52/><W0/><G0/><T50/><REACH who="0" step="1"/><D13/><REACH who="0" ten="181,329,220,250" step="2"/><U73/><E2/><V69/><F69/><W49/><G49/><T123/><D123/><U28/><E51/><V56/><F56/><AGARI ba="0,2" hai="22,26,31,50,54,56,61,62,63,67,71,76,80,86" machi="56" ten="30,3900,0" yaku="1,1,7,1,53,1" doraHai="134" doraHaiUra="60" who="0" fromWho="2" sc="181,59,329,0,220,-39,250,0" /><INIT seed="3,0,0,3,3,131" ten="240,329,181,250" oya="3" hai0="121,20,62,49,89,79,52,11,135,74,77,72,53" hai1="75,60,10,134,50,132,59,87,130,104,34,105,29" hai2="98,51,27,127,103,66,37,25,97,85,61,133,92" hai3="35,16,120,124,112,102,18,0,40,106,21,57,94"/><W23/><G106/><T2/><D121/><U78/><E130/><V80/><F37/><W14/><G120/><T48/><D62/><U24/><E75/><V64/><F127/><W101/><G35/><T100/><D100/><U9/><E50/><V5/><F5/><W69/><G69/><T125/><D125/><U19/><E105/><V86/><F51/><W117/><G124/><T33/><D33/><U26/><E104/><V46/><F46/><W31/><G0/><T115/><D89/><U73/><E73/><V91/><F133/><N who="1" m="51305" /><E24/><V88/><F98/><W58/><G117/><T4/><D135/><U111/><E111/><V43/><F43/><W39/><G112/><T6/><D115/><U45/><E45/><V82/><REACH who="2" step="1"/><F66/><REACH who="2" ten="240,329,171,250" step="2"/><W93/><G39/><T68/><D48/><U129/><E129/><V65/><F65/><W128/><G40/><T126/><D49/><U119/><E119/><V110/><F110/><W63/><G128/><T109/><D109/><U56/><E60/><V118/><F118/><W71/><G63/><T114/><D126/><U15/><E9/><V38/><F38/><W123/><G123/><T99/><D11/><U122/><E122/><V1/><F1/><W7/><G7/><T113/><D2/><U70/><E70/><AGARI ba="0,1" hai="25,27,61,64,70,80,82,85,86,88,91,92,97,103" machi="70" ten="30,12000,2" yaku="1,1,7,1,9,1,54,1,53,2" doraHai="131" doraHaiUra="83" who="2" fromWho="1" sc="240,0,329,-120,171,130,250,0" /><INIT seed="4,0,0,0,5,67" ten="240,209,301,250" oya="0" hai0="45,117,39,54,14,61,5,115,57,86,123,93,4" hai1="18,103,129,3,46,29,40,96,81,52,112,53,51" hai2="126,134,9,114,15,77,78,59,99,55,122,34,106" hai3="65,27,125,128,101,10,132,89,72,41,21,12,90"/><T26/><D115/><U36/><E129/><V37/><F114/><W110/><G110/><T6/><D123/><U70/><E112/><V58/><F126/><W0/><G128/><T44/><D117/><U30/><E3/><V13/><F134/><W119/><G72/><T38/><D14/><U116/><E116/><V105/><F99/><W25/><G119/><T92/><D26/><U111/><E111/><V63/><F37/><W131/><G131/><T98/><D86/><U88/><E18/><V107/><F34/><W66/><G0/><T32/><D32/><U48/><E36/><V94/><F94/><W100/><G41/><T7/><N who="0" m="1024" /><DORA hai="109" /><T118/><D118/><U19/><E70/><V133/><F133/><W56/><G125/><T43/><REACH who="0" step="1"/><D98/><REACH who="0" ten="230,209,301,250" step="2"/><U135/><E135/><V75/><F13/><W11/><G12/><T23/><D23/><U28/><E19/><V104/><F122/><W87/><G21/><T102/><D102/><U60/><E103/><V31/><F15/><W35/><G132/><T24/><D24/><U95/><E81/><V120/><F120/><W73/><G35/><T2/><D2/><U80/><E80/><V71/><F9/><W50/><G87/><T42/><AGARI ba="0,1" hai="38,39,42,43,44,45,54,57,61,92,93" m="1024" machi="42" ten="40,12000,1" yaku="1,1,0,1,9,1,53,1" doraHai="67,109" doraHaiUra="62,49" who="0" fromWho="0" sc="230,130,209,-40,301,-40,250,-40" /><INIT seed="4,1,0,2,1,14" ten="360,169,261,210" oya="0" hai0="7,114,88,135,17,106,21,100,67,32,85,58,81" hai1="126,52,38,104,37,124,4,129,54,105,50,65,20" hai2="113,84,107,24,12,43,33,28,29,48,41,16,96" hai3="69,94,72,120,9,117,121,91,71,66,42,35,25"/><T40/><D114/><U132/><E129/><V73/><F113/><W79/><G117/><T56/><D135/><U61/><E132/><V123/><F123/><N who="3" m="47179" /><G66/><T93/><D32/><U111/><E111/><V39/><F73/><W26/><G42/><T83/><D7/><U49/><E4/><V89/><F39/><N who="1" m="14857" /><E20/><V59/><F29/><N who="3" m="19887" /><G26/><T99/><D40/><U34/><E34/><V1/><F1/><W80/><G9/><T36/><D36/><U0/><E0/><V51/><F96/><AGARI ba="1,0" hai="69,71,72,79,80,91,94,96" m="19887,47179" machi="96" ten="30,1000,0" yaku="13,1" doraHai="14" who="3" fromWho="2" sc="360,0,169,0,261,-13,210,13" /><INIT seed="5,0,0,1,2,32" ten="360,169,248,223" oya="1" hai0="31,55,2,79,84,107,72,25,70,81,128,122,104" hai1="60,48,27,83,20,101,29,78,66,41,59,112,16" hai2="133,71,125,120,102,130,110,123,129,34,15,91,30" hai3="52,6,44,127,117,105,77,82,50,131,8,100,11"/><U92/><E112/><V75/><F91/><W115/><G115/><T7/><D128/><U76/><E41/><V87/><F87/><W35/><G35/><T12/><D122/><U42/><E83/><V56/><F56/><W9/><G131/><T99/><D12/><U4/><E4/><V94/><F94/><W45/><G117/><T111/><D111/><U58/><E58/><V19/><F102/><W90/><G127/><T68/><D55/><U62/><E62/><V13/><F13/><W61/><G90/><T24/><D24/><U86/><E86/><V37/><F15/><W21/><G100/><N who="0" m="62495" /><D84/><U97/><REACH who="1" step="1"/><E16/><REACH who="1" ten="360,159,248,223" step="2"/><V119/><F19/><W33/><G6/><T85/><D85/><U22/><E22/><V116/><F129/><W38/><G21/><T89/><D81/><U73/><E73/><V28/><F123/><W0/><G82/><T46/><D72/><U40/><E40/><V10/><F30/><W80/><G80/><T57/><D7/><U106/><E106/><V109/><F28/><W135/><G105/><T98/><D31/><U47/><AGARI ba="0,1" hai="20,27,29,42,47,48,59,60,66,76,78,92,97,101" machi="47" ten="30,12000,1" yaku="1,1,0,1,25,2,8,1,53,0" doraHai="32" doraHaiUra="3" who="1" fromWho="1" sc="360,-40,159,130,248,-40,223,-40" /><INIT seed="5,1,0,1,3,84" ten="320,289,208,183" oya="1" hai0="112,104,63,85,109,42,92,111,75,36,103,51,54" hai1="21,4,102,119,52,68,7,94,98,116,33,61,79" hai2="34,70,25,81,100,35,40,123,10,1,67,131,48" hai3="108,97,122,19,56,47,43,101,82,78,135,26,6"/><U28/><E79/><V91/><F123/><W49/><G122/><T55/><D75/><U3/><E33/><V88/><F70/><W72/><G108/><T32/><D112/><U37/><E37/><V107/><F67/><W24/><G135/><T93/><D32/><U2/><E2/><V99/><F81/><W83/><G6/><T15/><D15/><U117/><E3/><V76/><F76/><W105/><G19/><T106/><D63/><U66/><E28/><V12/><F34/><W58/><G58/><T38/><D85/><U20/><E20/><V5/><F131/><W110/><G110/><T9/><D103/><U125/><E125/><V23/><F40/><W29/><G83/><T45/><D51/><U113/><E113/><V132/><F48/><W124/><G124/><T30/><D42/><U46/><E21/><V16/><F132/><W11/><G11/><T114/><D45/><U128/><E128/><V133/><F133/><W41/><G41/><T65/><D9/><U129/><E129/><V120/><F120/><W86/><G72/><T126/><D30/><AGARI ba="1,0" hai="1,5,10,12,16,23,25,30,35,88,91,99,100,107" machi="30" ten="40,12000,2" yaku="24,2,52,2,54,2" doraHai="84" who="2" fromWho="0" sc="320,-123,289,0,208,123,183,0" /><INIT seed="6,0,0,0,1,84" ten="197,289,331,183" oya="2" hai0="124,72,17,63,99,115,47,105,92,91,44,85,22" hai1="119,71,41,79,102,120,18,25,69,132,16,101,62" hai2="52,129,55,81,23,76,0,61,33,60,48,28,65" hai3="2,89,94,19,135,1,45,21,14,83,59,121,57"/><V20/><F0/><W134/><G121/><T86/><D115/><U80/><E119/><V51/><F129/><W108/><G108/><T35/><D35/><U131/><E131/><V95/><F33/><W40/><G83/><T104/><D124/><U123/><E132/><N who="3" m="50730" /><G1/><T125/><D72/><U78/><E41/><V130/><F130/><W96/><G2/><T77/><D125/><U39/><E25/><V97/><F28/><W88/><G89/><T82/><D63/><N who="2" m="24138" /><F65/><W4/><G4/><T50/><D99/><U73/><E62/><V30/><F81/><W54/><G54/><N who="2" m="20521" /><F76/><W111/><G111/><T8/><D8/><U117/><E80/><V103/><F30/><W109/><G109/><T34/><D34/><U113/><E117/><V10/><F10/><W126/><G126/><T58/><D58/><U53/><E120/><V3/><F3/><W98/><G98/><T27/><REACH who="0" step="1"/><D47/><REACH who="0" ten="187,289,331,183" step="2"/><U49/><E73/><V122/><F122/><W31/><G31/><T29/><D29/><U70/><E123/><V9/><F9/><W24/><G24/><T13/><D13/><U26/><E26/><V118/><F118/><W46/><G45/><T112/><D112/><U133/><E113/><V75/><F75/><W66/><G66/><T6/><D6/><U11/><E11/><V110/><F110/><W37/><AGARI ba="0,1" hai="14,19,21,37,40,46,57,59,88,94,96" m="50730" machi="37" ten="30,4000,0" yaku="20,1,52,1,54,1" doraHai="84" who="3" fromWho="3" sc="187,-10,289,-10,331,-20,183,50" /><INIT seed="7,0,0,1,1,26" ten="177,279,311,233" oya="3" hai0="8,51,46,15,103,16,53,29,95,118,131,129,106" hai1="10,30,1,18,82,11,20,62,68,72,42,76,105" hai2="39,135,59,32,28,66,35,87,48,2,91,102,22" hai3="120,49,57,56,101,133,107,124,50,83,52,114,69"/><W64/><G120/><T61/><D118/><U37/><E105/><V96/><F39/><W77/><G114/><T122/><D122/><U113/><E113/><V54/><F2/><W71/><G124/><T134/><D134/><U12/><E68/><V92/><F135/><W115/><G133/><T74/><D74/><U110/><E62/><V75/><F75/><W6/><G115/><T3/><D3/><U31/><E110/><V67/><F22/><W84/><G6/><T93/><D61/><U65/><E65/><V70/><F70/><W125/><G125/><T99/><REACH who="0" step="1"/><D29/><REACH who="0" ten="167,279,311,233" step="2"/><U4/><E31/><V111/><F111/><W90/><G64/><T13/><D13/><U7/><E30/><V127/><F127/><W21/><G69/><T117/><D117/><U27/><E1/><V43/><F28/><W100/><G71/><T104/><D104/><U119/><E119/><V88/><F32/><W5/><G107/><T33/><D33/><U34/><E34/><V109/><F35/><W112/><G112/><T60/><D60/><U63/><E63/><V24/><F109/><W45/><G5/><T40/><D40/><U81/><E42/><V94/><F43/><W121/><G121/><T98/><D98/><U9/><E4/><V25/><F67/><W23/><G52/><T132/><D132/><U128/><E7/><V55/><F66/><W130/><G130/><AGARI ba="0,1" hai="8,15,16,46,51,53,93,95,99,103,106,129,130,131" machi="130" ten="40,5200,0" yaku="1,1,19,1,54,1,53,0" doraHai="26" doraHaiUra="86" who="0" fromWho="3" sc="167,62,279,0,311,0,233,-52" owari="229,-17.1,279,7.9,311,41.1,181,-31.9" /></mjloggm>