<mjloggm ver="2.3"><GO type="169" lobby="0"/><UN n0="%74%34%63%34%32%32" n1="%73%73%73%31%39%33%33" n2="%53%48%55%54%45%52" n3="%E3%81%BC%E3%81%AE" dan="16,16,17,16" rate="2116.43,2135.88,2193.86,2156.15" sx="M,F,M,M"/><TAIKYOKU oya="0"/><INIT seed="0,0,0,4,4,72" ten="250,250,250,250" oya="0" hai0="114,36,88,100,18,78,116,125,24,108,106,70,37" hai1="27,128,109,15,97,30,84,118,91,40,45,94,33" hai2="68,52,41,56,133,110,25,82,42,74,53,73,39" hai3="3,63,71,134,50,77,1,95,67,90,123,64,99"/><T5/><D116/><U69/><E109/><V127/><F110/><W66/><G134/><T131/><D108/><U29/><E69/><V96/><F127/><W48/><G123/><T57/><D70/><U111/><E111/><V20/><F133/><W79/><G71/><T89/><D125/><U81/><E128/><V92/><F53/><W85/><G63/><T113/><D131/><U101/><E118/><V19/><F39/><W103/><G1/><T12/><D24/><U9/><E27/><V75/><F82/><W8/><G8/><T47/><D5/><U46/><E33/><V98/><F98/><W11/><G11/><T49/><D57/><U93/><E81/><V87/><F87/><W14/><G14/><T126/><D126/><U117/><E46/><V2/><F2/><W26/><G26/><T80/><D114/><U129/><E129/><V6/><F6/><W21/><G21/><N who="0" m="11463" /><D100/><U115/><E115/><V105/><F105/><W58/><G3/><T61/><D61/><U59/><E59/><V22/><F22/><W16/><G16/><T55/><D106/><U112/><E112/><V43/><F68/><W13/><G13/><T122/><D122/><U135/><E135/><V38/><F38/><N who="0" m="14954" /><D113/><U17/><E117/><V34/><F34/><W54/><REACH who="3" step="1"/><G50/><AGARI ba="0,0" hai="9,15,17,29,30,40,45,50,84,91,93,94,97,101" machi="50" ten="30,2000,0" yaku="7,1,8,1" doraHai="72" who="1" fromWho="3" sc="250,0,250,20,250,0,250,-20" /><INIT seed="1,0,0,5,3,133" ten="250,270,250,230" oya="1" hai0="73,15,4,64,59,115,0,18,68,114,107,24,77" hai1="81,44,105,1,127,109,97,41,29,66,49,104,80" hai2="12,25,22,118,62,57,128,131,26,90,76,112,14" hai3="111,58,93,86,99,126,48,3,96,120,100,61,69"/><U42/><E1/><V5/><F76/><W30/><G120/><T108/><D107/><U79/><E29/><V89/><F118/><W32/><G3/><T54/><D0/><U70/><E42/><V27/><F112/><W74/><G74/><T53/><D68/><U21/><E21/><V31/><F90/><W78/><G111/><T63/><D77/><U34/><E34/><V39/><F89/><W135/><G135/><T98/><D73/><U19/><E19/><N who="2" m="10599" /><F39/><W84/><G78/><T60/><D108/><U123/><E123/><V103/><F103/><W45/><G69/><T51/><D98/><U130/><E130/><N who="2" m="49707" /><F57/><W113/><G113/><T38/><D38/><U6/><E70/><V119/><F62/><W9/><G9/><T117/><D117/><U33/><E79/><V17/><F119/><W129/><G30/><T132/><D132/><U106/><E97/><V40/><F40/><W91/><G32/><T116/><D116/><U28/><E41/><V55/><F55/><W23/><G23/><T124/><D54/><U88/><E66/><V10/><F31/><W11/><G96/><T52/><D53/><U87/><E28/><V43/><F43/><W71/><G71/><T110/><D64/><U13/><E109/><V101/><F101/><W67/><G100/><T75/><D52/><U37/><E37/><V95/><F95/><W8/><G129/><T134/><D114/><U65/><E106/><V92/><F92/><W83/><G99/><T35/><D115/><U125/><E105/><V50/><F50/><W47/><G48/><T102/><D75/><RYUUKYOKU ba="0,0" sc="250,-10,270,-10,250,30,230,-10" hai2="5,10,14,17,25,26,27" /><INIT seed="2,1,0,2,0,89" ten="240,260,280,220" oya="2" hai0="87,15,53,28,70,30,50,124,107,106,109,33,7" hai1="84,0,112,55,59,135,83,97,121,82,77,110,122" hai2="40,57,94,27,67,88,9,2,21,99,62,37,74" hai3="101,72,38,134,92,129,105,44,114,133,1,56,116"/><V78/><F37/><W132/><G116/><T131/><D70/><U96/><E112/><V54/><F40/><W58/><G114/><T11/><D124/><U13/><E0/><V126/><F126/><W17/><G129/><T51/><D131/><U76/><E13/><V5/><F78/><W120/><G120/><N who="1" m="46186" /><E110/><V4/><F4/><W103/><G105/><T31/><D33/><U69/><E69/><V45/><F45/><W115/><G115/><T8/><D109/><U93/><E135/><V90/><F74/><W19/><G1/><T117/><D117/><U48/><E93/><V75/><F75/><AGARI ba="1,0" hai="48,55,59,75,76,77,82,83,84,96,97" m="46186" machi="75" ten="30,1000,0" yaku="13,1" doraHai="89" who="1" fromWho="2" sc="240,0,260,13,280,-13,220,0" /><INIT seed="3,0,0,2,5,21" ten="240,273,267,220" oya="3" hai0="40,8,59,31,51,60,63,106,67,38,56,64,126" hai1="47,36,44,46,57,125,28,33,94,132,61,42,71" hai2="26,53,100,114,83,112,135,117,70,98,49,131,13" hai3="14,18,24,74,90,43,78,128,19,129,107,62,37"/><W0/><G0/><T82/><D106/><U85/><E125/><V84/><F70/><W97/><G62/><T73/><D126/><U22/><E33/><V27/><F117/><W15/><G43/><T17/><D38/><U69/><E132/><V80/><F135/><W4/><G37/><T3/><D31/><U121/><E121/><V12/><F131/><N who="3" m="50251" /><G4/><T34/><D34/><U68/><E85/><V39/><F39/><W104/><G78/><T127/><D127/><U133/><E94/><N who="2" m="58455" /><F83/><W101/><G74/><T7/><D17/><N who="3" m="6153" /><G107/><T123/><D123/><U29/><E29/><V35/><F114/><W108/><G108/><T124/><D124/><U10/><E10/><V88/><F35/><W115/><G115/><T30/><D30/><U102/><E102/><V66/><F66/><W2/><G2/><T9/><D9/><U11/><E11/><V52/><F53/><W75/><G75/><T5/><D7/><U6/><E6/><V55/><F55/><W93/><G24/><N who="2" m="9257" /><F112/><W120/><G120/><T119/><D73/><U105/><E105/><V113/><F113/><W95/><G104/><T110/><D5/><U1/><E1/><V25/><F25/><W134/><G134/><T92/><D3/><U116/><E133/><V130/><F130/><W48/><G48/><T76/><D51/><U81/><E36/><V79/><F79/><W118/><G118/><T50/><D76/><U45/><E116/><V54/><F54/><W99/><AGARI ba="0,0" hai="14,15,90,93,95,97,99,101" m="6153,50251" machi="99" ten="30,1500,0" yaku="19,1" doraHai="21" who="3" fromWho="3" sc="240,-5,273,-5,267,-5,220,15" /><INIT seed="3,1,0,0,0,46" ten="235,268,262,235" oya="3" hai0="111,67,93,126,87,22,129,65,128,29,90,63,10" hai1="0,125,40,82,98,75,18,37,80,124,113,108,35" hai2="52,55,132,28,14,99,9,4,49,96,7,11,47" hai3="24,100,68,72,134,27,3,84,38,74,103,118,25"/><W88/><G118/><T1/><D126/><U119/><E113/><V101/><F132/><W60/><G3/><T112/><D112/><U42/><E35/><V50/><F28/><W21/><G38/><T54/><D111/><U92/><E0/><V23/><F23/><W95/><G134/><T71/><D67/><U57/><E108/><V13/><F101/><W70/><G21/><T73/><D73/><U39/><E119/><V78/><F78/><W51/><G72/><T69/><D69/><U114/><E114/><V41/><F41/><W131/><G74/><T56/><D10/><U107/><E107/><V26/><F26/><W135/><G131/><N who="0" m="50251" /><D1/><U17/><E75/><V122/><F122/><W64/><G70/><T102/><D102/><U89/><E39/><V130/><F130/><W15/><G15/><T104/><D104/><U86/><E37/><V115/><F115/><W83/><G135/><T19/><D29/><U43/><E57/><AGARI ba="1,0" hai="4,7,9,11,13,14,47,49,50,52,55,57,96,99" machi="57" ten="30,12000,2" yaku="7,1,9,1,8,1,52,2,54,1" doraHai="46" who="2" fromWho="1" sc="235,0,268,-123,262,123,235,0" /><INIT seed="4,0,0,2,1,103" ten="235,145,385,235" oya="0" hai0="110,16,111,129,55,117,50,67,77,38,107,49,112" hai1="118,28,17,27,125,2,94,48,126,81,26,102,93" hai2="78,127,70,114,21,0,82,91,120,66,24,10,113" hai3="51,85,98,130,71,135,40,64,5,131,9,101,37"/><T36/><D117/><U72/><E2/><V33/><F120/><W119/><G119/><T63/><D112/><U19/><E118/><V122/><F122/><W95/><G135/><T4/><D4/><U75/><E102/><V52/><F33/><W53/><G37/><T68/><D77/><U106/><E48/><V35/><F35/><W30/><G30/><T73/><D73/><U89/><E89/><V29/><F91/><W76/><G64/><T23/><D129/><U97/><E97/><V34/><F66/><W46/><G71/><T31/><D31/><U3/><E81/><V8/><F70/><W123/><G53/><T104/><D49/><U80/><E80/><V11/><F127/><W43/><G43/><T74/><D74/><U7/><E28/><V32/><F52/><W105/><G123/><T42/><D42/><U128/><E3/><V86/><F0/><W56/><G56/><N who="0" m="32887" /><D38/><U47/><E7/><V96/><F34/><W116/><G116/><T62/><D62/><U121/><E47/><V1/><F1/><W92/><G130/><T25/><D36/><U41/><E121/><V132/><F32/><W134/><G134/><T54/><D54/><U108/><E41/><V13/><F132/><W39/><G131/><T59/><D68/><U65/><E128/><V57/><F57/><W60/><G60/><T115/><D115/><N who="2" m="44042" /><F96/><W58/><G58/><T87/><D87/><U88/><E65/><V18/><AGARI ba="0,0" hai="8,10,11,13,18,21,24,29,78,82,86" m="44042" machi="18" ten="30,1100,0" yaku="15,1" doraHai="103" who="2" fromWho="2" sc="235,-5,145,-3,385,11,235,-3" /><INIT seed="5,0,0,4,1,62" ten="230,142,396,232" oya="1" hai0="59,102,86,109,128,22,14,60,101,24,44,9,10" hai1="25,103,126,49,57,41,81,15,6,108,111,52,99" hai2="19,100,7,29,74,129,17,134,113,11,47,85,133" hai3="118,84,58,97,115,38,83,91,70,69,116,66,112"/><U106/><E126/><V119/><F119/><N who="3" m="45611" /><G38/><T80/><D109/><N who="1" m="42059" /><E41/><V21/><F74/><W36/><G36/><T95/><D128/><U1/><E81/><V79/><F100/><N who="0" m="38506" /><D95/><U77/><E77/><V92/><F29/><W123/><G97/><T51/><D14/><U30/><E15/><V122/><F47/><W33/><G33/><T31/><D80/><U94/><E6/><V46/><F92/><W121/><G58/><T34/><D34/><N who="1" m="20815" /><E1/><V114/><F79/><W37/><G37/><T71/><D86/><U28/><E28/><V61/><F85/><W32/><G32/><T88/><D88/><N who="1" m="55751" /><E106/><V42/><F7/><W67/><G121/><T56/><D31/><U72/><E103/><V82/><F19/><W120/><G120/><T117/><D117/><U43/><E43/><V68/><F17/><W27/><G27/><T16/><D24/><U63/><E49/><V65/><F42/><W40/><G40/><T78/><D51/><U35/><E35/><V12/><F12/><W0/><G0/><T48/><D48/><U76/><E76/><V73/><F122/><W8/><G123/><T55/><D78/><U89/><E89/><V98/><F82/><W4/><G4/><T107/><D107/><U64/><E72/><V110/><F73/><W93/><G93/><T54/><D9/><U124/><E124/><V135/><F11/><W23/><G8/><T45/><D10/><U96/><E96/><V13/><F98/><W53/><G83/><T50/><D50/><U90/><E90/><V26/><F110/><W127/><G127/><T125/><D125/><RYUUKYOKU ba="0,0" sc="230,-10,142,30,396,-10,232,-10" hai1="52,57,63,64" /><INIT seed="5,1,0,0,3,111" ten="220,172,386,222" oya="1" hai0="134,76,37,33,35,113,92,51,114,12,17,16,132" hai1="63,127,97,68,96,3,5,53,34,122,46,38,129" hai2="60,32,0,14,41,2,69,18,61,6,66,65,112" hai3="47,119,8,22,98,54,40,102,58,42,128,126,23"/><U29/><E122/><V133/><F32/><N who="0" m="12362" /><D37/><U103/><E127/><V87/><F133/><N who="0" m="51306" /><D76/><U121/><E121/><V83/><F41/><W99/><G126/><T57/><D92/><U56/><E129/><V125/><F112/><N who="0" m="43114" /><D12/><U52/><E97/><V89/><F125/><W110/><G99/><T20/><D20/><U108/><E108/><V130/><F130/><W21/><G21/><T124/><D124/><U104/><E68/><V95/><F95/><W11/><G23/><T49/><D57/><U72/><E72/><V131/><F131/><W50/><G22/><T30/><D30/><U116/><E116/><V67/><F0/><W109/><G58/><T28/><D28/><U13/><E29/><V80/><F2/><W71/><G128/><T64/><D64/><U36/><E3/><V45/><F66/><W135/><G135/><T123/><D123/><U93/><E93/><V48/><F80/><W78/><G110/><T74/><D74/><U44/><E34/><V90/><F65/><W117/><G109/><T27/><D27/><U91/><E38/><V39/><F39/><W105/><G78/><T86/><D86/><U82/><E36/><V55/><F87/><W118/><G71/><T1/><D1/><U15/><E15/><V77/><F77/><W101/><G119/><T115/><N who="0" m="43122" /><T88/><DORA hai="59" /><D88/><U120/><E120/><V94/><F89/><W25/><G25/><T70/><D70/><U4/><E13/><V106/><F14/><W43/><G117/><T10/><D10/><N who="3" m="3625" /><G118/><T81/><D81/><U84/><E46/><N who="2" m="28055" /><F69/><W26/><G26/><RYUUKYOKU ba="1,0" sc="220,10,172,10,386,-30,222,10" hai0="16,17,49,51" hai1="4,5,44,52,53,56,63,82,84,91,96,103,104" hai3="40,42,43,47,50,54,98,101,102,105" /><INIT seed="5,2,0,1,1,48" ten="230,182,356,232" oya="1" hai0="63,102,58,125,91,31,34,106,30,64,55,93,21" hai1="117,74,22,110,99,132,24,114,90,14,62,82,11" hai2="133,134,1,8,118,79,69,123,40,49,3,94,104" hai3="109,44,12,119,19,75,120,66,107,5,9,59,39"/><U88/><E117/><V32/><F104/><W96/><G75/><T27/><D125/><U67/><E114/><V43/><F118/><W28/><G119/><T70/><D106/><U122/><E122/><V7/><F69/><W126/><G120/><T38/><D38/><U65/><E132/><V105/><F105/><W46/><G109/><T61/><D102/><U16/><E110/><V98/><F32/><W130/><G126/><T128/><D128/><U100/><E74/><V23/><F123/><W83/><G28/><T129/><D34/><U127/><E127/><V85/><F23/><W89/><G130/><T50/><D50/><U37/><E37/><V52/><F1/><W71/><G71/><T77/><D77/><U73/><E73/><V47/><F85/><W68/><G68/><T135/><D135/><N who="2" m="51722" /><F79/><W111/><G107/><T56/><D70/><U54/><E82/><V116/><F116/><W45/><G39/><T29/><D129/><U84/><E100/><AGARI ba="2,0" hai="3,7,8,40,43,47,49,52,94,98,100" m="51722" machi="100" ten="30,3900,0" yaku="20,1,52,1,54,1" doraHai="48" who="2" fromWho="1" sc="230,0,182,-45,356,45,232,0" /><INIT seed="6,0,0,5,5,50" ten="230,137,401,232" oya="2" hai0="71,24,55,91,100,58,46,81,3,30,45,16,48" hai1="68,18,34,27,32,59,19,74,2,28,115,75,13" hai2="125,20,12,53,99,44,124,112,122,135,109,14,130" hai3="62,29,89,110,49,105,5,119,60,6,1,52,134"/><V90/><F112/><W38/><G119/><T43/><D3/><U120/><E68/><V63/><F122/><W70/><G110/><T22/><D71/><U97/><E97/><V47/><F130/><W11/><G38/><T93/><D81/><U117/><E117/><V128/><F128/><W86/><G105/><T77/><D77/><U73/><E120/><V21/><F135/><W106/><G106/><T98/><D100/><U36/><E36/><V94/><F109/><W42/><G42/><T72/><D72/><U56/><E115/><V133/><F133/><W103/><G103/><T107/><D107/><U96/><E96/><V7/><F47/><W118/><G118/><T69/><D69/><U66/><E66/><V92/><F92/><W76/><G76/><T84/><D98/><U54/><E2/><V123/><F14/><W8/><G29/><T40/><D46/><U129/><E129/><V31/><F31/><W113/><G70/><T127/><D127/><U131/><E131/><V82/><F82/><W132/><G113/><T0/><D0/><U17/><E34/><V35/><F44/><N who="3" m="27687" /><G134/><T15/><D45/><U102/><E102/><V61/><F35/><AGARI ba="0,0" hai="15,16,22,24,30,35,40,43,48,55,58,84,91,93" machi="35" ten="30,8000,1" yaku="7,1,25,2,52,1,54,1" doraHai="50" who="0" fromWho="2" sc="230,80,137,0,401,-80,232,0" /><INIT seed="7,0,0,0,2,58" ten="310,137,321,232" oya="3" hai0="70,52,29,61,18,11,8,9,129,72,131,110,32" hai1="43,7,132,48,16,89,10,41,38,111,66,118,71" hai2="93,34,69,81,78,130,23,104,25,51,67,112,2" hai3="64,127,37,113,65,0,92,62,13,128,42,77,79"/><W123/><G0/><T124/><D72/><U55/><E111/><V46/><F2/><W31/><G123/><T57/><D110/><U12/><E132/><V75/><F130/><N who="0" m="49674" /><D124/><U24/><E118/><V28/><F112/><W108/><G128/><T90/><D70/><U91/><E38/><V36/><F36/><W56/><G108/><T117/><D117/><U126/><E126/><V107/><F93/><W19/><G113/><T5/><D18/><U44/><E71/><V115/><F23/><W87/><G31/><T101/><D101/><U20/><REACH who="1" step="1"/><E66/><REACH who="1" ten="310,127,321,232" step="2"/><V3/><F67/><W135/><G135/><T85/><D32/><U100/><E100/><V76/><F69/><W35/><G35/><T15/><D29/><U116/><E116/><V114/><F28/><W49/><G37/><T21/><D21/><U68/><E68/><V73/><F34/><W121/><G65/><T83/><AGARI ba="0,1" hai="5,8,9,11,15,52,57,61,83,85,90" m="49674" machi="83" ten="30,4000,0" yaku="19,1,52,1,54,1" doraHai="58" who="0" fromWho="0" sc="310,50,127,-10,321,-10,232,-20" owari="360,46.0,117,-38.3,311,11.1,212,-18.8" /></mjloggm>