<mjloggm ver="2.3"><GO type="169" lobby="0"/><UN n0="%68%61%6B%75%30%37" n1="%E3%81%91%E3%83%BC%E3%81%9E%E3%81%88" n2="%E8%B2%A1%E5%89%8D%E5%8F%88%E4%B8%80" n3="%48%69%62%69%6B%69" dan="18,17,17,16" rate="2172.71,2150.69,2190.46,2111.75" sx="M,F,M,F"/><TAIKYOKU oya="0"/><INIT seed="0,0,0,2,4,3" ten="250,250,250,250" oya="0" hai0="93,59,4,132,26,43,6,72,38,131,0,76,135" hai1="31,24,78,128,98,71,92,39,41,8,20,28,80" hai2="81,107,67,66,105,42,10,101,22,34,91,55,95" hai3="50,36,51,102,65,47,35,115,7,57,58,23,16"/><T114/><D114/><U122/><E128/><V2/><F34/><W61/><G35/><T120/><D120/><U13/><E71/><V44/><F55/><N who="3" m="31999" /><G36/><T118/><D118/><U90/><E122/><V103/><F22/><W25/><G115/><T29/><D131/><U121/><E121/><V125/><F125/><W17/><G102/><T60/><D93/><U134/><E134/><N who="0" m="51241" /><D0/><U130/><E130/><V94/><F2/><W69/><G69/><T1/><D1/><U77/><E39/><V12/><F81/><W48/><G7/><N who="0" m="2603" /><D76/><U63/><E92/><V89/><F95/><W109/><G109/><T19/><D72/><U53/><E80/><V124/><F94/><W15/><G47/><N who="0" m="24055" /><D19/><U116/><E116/><V14/><F107/><W27/><G17/><T86/><D86/><U33/><E78/><V84/><F105/><W9/><G16/><T108/><D108/><U99/><E77/><V49/><F84/><W68/><G68/><T113/><D113/><U129/><E129/><V40/><F103/><W85/><G85/><T52/><D26/><U82/><E24/><V64/><F101/><W106/><G25/><T45/><D45/><U46/><E46/><V112/><F44/><W11/><G27/><T30/><AGARI ba="0,0" hai="29,30,52,59,60" m="24055,2603,51241" machi="30" ten="30,12000,1" yaku="20,1,52,3,54,1" doraHai="3" who="0" fromWho="0" sc="250,120,250,-40,250,-40,250,-40" /><INIT seed="0,1,0,5,2,106" ten="370,210,210,210" oya="0" hai0="100,37,87,52,62,91,9,0,1,102,48,129,32" hai1="123,23,79,83,7,51,34,124,4,105,47,21,121" hai2="20,3,135,57,27,24,54,26,2,67,128,74,94" hai3="104,113,97,14,84,64,78,81,76,6,40,13,11"/><T36/><D32/><U35/><E124/><V19/><F135/><W114/><G64/><T90/><D129/><U39/><E39/><V45/><F67/><W8/><G40/><T43/><D62/><U112/><E105/><V49/><F74/><W119/><G119/><T53/><D87/><U66/><E66/><V61/><F128/><W16/><REACH who="3" step="1"/><G78/><REACH who="3" ten="370,210,210,200" step="2"/><T99/><D43/><U127/><E79/><V126/><F126/><W103/><AGARI ba="1,1" hai="6,8,11,13,14,16,76,81,84,97,103,104,113,114" machi="103" ten="30,8000,1" yaku="1,1,2,1,0,1,54,1,53,1" doraHai="106" doraHaiUra="15" who="3" fromWho="3" sc="370,-41,210,-21,210,-21,200,93" /><INIT seed="1,0,0,3,4,8" ten="329,189,189,293" oya="1" hai0="35,66,113,2,70,93,19,105,129,120,107,104,110" hai1="60,103,130,22,51,75,88,0,34,121,100,21,82" hai2="98,53,14,43,12,77,59,134,74,56,64,37,81" hai3="28,18,39,6,133,62,61,13,94,20,69,92,31"/><U135/><E121/><V72/><F72/><W65/><G133/><T25/><D113/><U95/><E34/><V27/><F134/><W40/><G61/><T127/><D2/><U123/><E123/><V44/><F64/><W16/><G6/><T96/><D120/><U47/><E0/><V128/><F128/><W36/><G40/><T41/><D110/><U84/><E130/><V86/><F74/><W4/><G4/><T58/><D41/><N who="1" m="25071" /><E75/><V131/><F131/><W108/><G108/><T29/><D129/><U122/><E135/><V50/><F59/><W117/><G117/><T78/><D127/><U24/><E60/><V11/><F11/><W106/><G106/><T73/><D70/><U15/><E122/><V9/><F9/><W54/><G54/><T33/><D33/><U111/><E111/><V101/><REACH who="2" step="1"/><F27/><REACH who="2" ten="329,189,179,293" step="2"/><W115/><G65/><T3/><D25/><U83/><E24/><V5/><F5/><W91/><G69/><T112/><D66/><U116/><E116/><V68/><F68/><W17/><G115/><T124/><D73/><U125/><E125/><V80/><F80/><W109/><G109/><T63/><D112/><U26/><E83/><V7/><F7/><W45/><G45/><T52/><D124/><U38/><E82/><V85/><F85/><W126/><G126/><T102/><D3/><U99/><E84/><V132/><F132/><W1/><G1/><T67/><D67/><U46/><E26/><V71/><F71/><W79/><G39/><T118/><D118/><U42/><E22/><V30/><F30/><W76/><G31/><RYUUKYOKU ba="0,1" sc="329,-15,189,15,179,15,293,-15" hai1="15,21,38,42,46,88,95,99,100,103" hai2="12,14,37,43,44,50,53,56,77,81,86,98,101" /><INIT seed="1,1,1,4,3,77" ten="314,204,194,278" oya="1" hai0="113,6,124,108,58,55,125,17,9,57,102,49,117" hai1="45,76,68,14,13,59,79,75,31,2,19,71,81" hai2="11,61,98,60,69,48,114,73,30,96,128,8,123" hai3="25,0,127,29,3,93,104,67,80,82,53,1,86"/><U105/><E2/><V97/><F123/><W111/><G104/><T129/><D113/><U33/><E105/><V70/><F73/><W95/><G111/><T66/><D108/><U54/><E79/><V83/><F128/><W22/><G127/><N who="0" m="48715" /><D117/><U26/><E14/><V4/><F48/><W121/><G121/><T52/><D102/><U64/><E64/><V106/><F106/><W99/><G67/><T28/><D66/><U116/><E45/><V134/><F98/><W10/><G53/><T5/><D28/><U84/><E75/><V126/><F126/><W62/><G62/><N who="0" m="36135" /><D129/><U85/><E85/><V63/><F63/><W74/><G86/><T135/><D135/><U50/><REACH who="1" step="1"/><E116/><REACH who="1" ten="314,194,194,278" step="2"/><V91/><F70/><W132/><G74/><T103/><D103/><U18/><E18/><V20/><F69/><W107/><G107/><T35/><D35/><U101/><E101/><V110/><F110/><W120/><G120/><T23/><D9/><AGARI ba="1,2" hai="9,13,19,26,31,33,50,54,59,68,71,76,81,84" machi="9" ten="30,5800,0" yaku="1,1,7,1,52,1,53,0" doraHai="77" doraHaiUra="89" who="1" fromWho="0" sc="314,-61,194,81,194,0,278,0" /><INIT seed="1,2,0,2,4,58" ten="253,275,194,278" oya="1" hai0="118,56,70,68,53,65,46,82,37,92,61,97,4" hai1="26,120,60,23,79,64,44,50,133,32,135,112,69" hai2="108,113,78,99,123,74,81,66,51,34,131,48,57" hai3="36,13,130,6,101,28,93,114,25,16,80,124,103"/><U20/><E120/><V7/><F34/><W52/><G114/><T42/><D118/><U132/><E112/><V24/><F123/><W106/><G106/><T3/><D82/><U27/><E79/><V33/><F131/><W0/><G36/><T43/><D4/><U31/><REACH who="1" step="1"/><E26/><REACH who="1" ten="253,265,194,278" step="2"/><V40/><F24/><W89/><G25/><T19/><D3/><U115/><E115/><V12/><F113/><W90/><G0/><T71/><D42/><AGARI ba="2,1" hai="20,23,27,31,32,42,44,50,60,64,69,132,133,135" machi="42" ten="40,7700,0" yaku="1,1,20,1,52,1,53,0" doraHai="58" doraHaiUra="87" who="1" fromWho="0" sc="253,-83,265,93,194,0,278,0" /><INIT seed="1,3,0,4,2,86" ten="170,358,194,278" oya="1" hai0="88,43,27,69,73,50,134,17,45,79,91,64,35" hai1="97,90,24,121,56,13,61,63,107,3,101,77,84" hai2="126,72,41,12,103,109,92,123,46,59,85,122,117" hai3="118,33,133,128,60,29,49,8,110,75,124,132,25"/><U23/><E121/><V70/><F70/><W82/><G110/><T0/><D0/><U30/><E3/><V104/><F117/><W95/><G118/><T71/><D134/><N who="3" m="51817" /><G124/><T120/><D120/><U96/><E96/><V114/><F126/><W2/><G128/><T44/><D79/><U131/><E131/><V74/><F74/><W1/><G49/><T18/><D73/><U54/><E77/><V100/><F72/><W80/><G75/><T108/><D108/><U10/><E54/><V83/><F104/><W15/><G60/><T135/><D135/><U9/><E9/><V93/><F114/><W99/><G1/><T102/><D102/><U66/><E56/><V39/><F59/><W4/><G2/><T19/><D64/><U87/><E87/><V78/><F109/><W68/><G68/><T37/><D69/><U53/><E53/><V26/><F103/><AGARI ba="3,0" hai="4,8,15,25,29,33,80,82,95,99,103" m="51817" machi="103" ten="30,1000,0" yaku="20,1" doraHai="86" who="3" fromWho="2" sc="170,0,358,0,194,-19,278,19" /><INIT seed="2,0,0,5,0,26" ten="170,358,175,297" oya="2" hai0="91,44,96,113,83,16,4,88,60,63,125,118,28" hai1="58,117,115,21,102,47,92,8,62,74,112,2,38" hai2="25,84,86,90,35,81,9,57,72,130,78,122,22" hai3="65,97,75,61,31,12,129,20,67,69,30,48,15"/><V13/><F130/><W95/><G75/><T19/><D113/><U11/><E74/><V105/><F35/><W103/><G129/><T52/><D125/><U32/><E32/><V53/><F105/><W54/><G67/><T39/><D118/><U29/><E117/><V49/><F90/><W82/><G82/><T0/><D28/><U134/><E134/><V135/><F122/><W56/><REACH who="3" step="1"/><G20/><REACH who="3" ten="170,358,175,287" step="2"/><T79/><D79/><U45/><E21/><V99/><F135/><W120/><G120/><T10/><D83/><U3/><E115/><V123/><F123/><W66/><G66/><T71/><D71/><U18/><E112/><V114/><F114/><W110/><G110/><T50/><D39/><U24/><E38/><V17/><REACH who="2" step="1"/><F99/><REACH who="2" ten="170,358,165,287" step="2"/><W27/><G27/><T107/><D96/><U111/><E24/><V70/><F70/><W126/><G126/><T33/><D33/><U36/><E36/><V76/><F76/><W80/><G80/><T116/><D116/><U77/><E77/><V7/><AGARI ba="0,2" hai="7,9,13,17,22,25,49,53,57,72,78,81,84,86" machi="7" ten="20,3900,0" yaku="1,1,0,1,7,1,53,0" doraHai="26" doraHaiUra="119" who="2" fromWho="2" sc="170,-13,358,-13,165,59,287,-13" /><INIT seed="2,1,0,0,1,102" ten="157,345,224,274" oya="2" hai0="124,127,129,95,40,76,90,38,54,122,35,97,71" hai1="55,18,59,118,70,79,45,107,69,75,86,65,66" hai2="134,27,21,52,30,26,101,15,60,117,72,44,119" hai3="39,29,47,92,36,6,7,56,61,125,17,67,82"/><V135/><F72/><W16/><G125/><T20/><D35/><U9/><E75/><V42/><F101/><W94/><G39/><T4/><D122/><U5/><E118/><V68/><F15/><W113/><G113/><T84/><D71/><U53/><E107/><V89/><F68/><N who="1" m="26217" /><E86/><V19/><F89/><W13/><G36/><T100/><D129/><U114/><E18/><V132/><F42/><W23/><G47/><T116/><D116/><U112/><E9/><V106/><F106/><W87/><G29/><T109/><D109/><U62/><E5/><N who="3" m="1546" /><G17/><T130/><D130/><U108/><E79/><AGARI ba="1,0" hai="13,16,23,56,61,67,79,82,87,92,94" m="1546" machi="79" ten="30,2000,0" yaku="8,1,54,1" doraHai="102" who="3" fromWho="1" sc="157,0,345,-23,224,0,274,23" /><INIT seed="3,0,0,2,1,17" ten="157,322,224,297" oya="3" hai0="12,130,82,50,8,95,45,112,39,36,53,47,38" hai1="43,55,75,56,100,24,77,126,30,44,118,42,122" hai2="93,90,131,6,73,110,89,1,87,28,19,57,84" hai3="78,135,76,109,2,99,31,106,125,70,101,133,58"/><W71/><G2/><T21/><D130/><U63/><E122/><V124/><F73/><W49/><G125/><T121/><D121/><U120/><E126/><V26/><F110/><W108/><G31/><T0/><D112/><U40/><E118/><V51/><F131/><W115/><G115/><T29/><D0/><U102/><E120/><V25/><F1/><W123/><G123/><T96/><D82/><U68/><E77/><N who="3" m="29802" /><G58/><T105/><D105/><U98/><E75/><V32/><F6/><W33/><G49/><T14/><D45/><U79/><E79/><V80/><F124/><W113/><G33/><T104/><D104/><U35/><E102/><V92/><F80/><W41/><G41/><T66/><D66/><U107/><REACH who="1" step="1"/><E68/><REACH who="1" ten="157,312,224,297" step="2"/><V65/><F65/><W85/><G113/><T116/><D116/><U61/><E61/><V72/><F72/><W74/><G74/><T69/><D69/><U22/><E22/><V54/><F90/><W34/><G70/><T48/><D8/><U15/><E15/><V3/><F3/><W62/><G34/><T132/><D12/><U127/><E127/><V23/><REACH who="2" step="1"/><F92/><REACH who="2" ten="157,312,214,297" step="2"/><W9/><G109/><T46/><D95/><U16/><E16/><V20/><F20/><W59/><G108/><T117/><D21/><U27/><E27/><V52/><F52/><W91/><G91/><T11/><D53/><U83/><E83/><V67/><F67/><W37/><G106/><T88/><D88/><U119/><E119/><V103/><F103/><W97/><G101/><T60/><D117/><U10/><E10/><V129/><F129/><RYUUKYOKU ba="0,2" sc="157,-15,312,15,214,15,297,-15" hai1="24,30,35,40,42,43,44,55,56,63,98,100,107" hai2="19,23,25,26,28,32,51,54,57,84,87,89,93" /><INIT seed="4,1,2,0,1,8" ten="142,327,229,282" oya="0" hai0="52,122,96,53,19,132,13,70,75,128,114,24,25" hai1="74,4,79,56,27,108,41,89,106,39,131,2,125" hai2="51,47,5,69,67,44,59,31,46,71,101,120,73" hai3="66,14,55,103,50,1,63,133,29,3,6,57,42"/><T80/><D122/><U20/><E106/><V94/><F73/><W76/><G133/><T88/><D70/><N who="2" m="26634" /><F5/><W118/><G118/><T116/><D116/><U129/><E108/><V92/><F31/><W87/><G29/><T109/><D132/><U62/><E89/><V32/><F101/><W65/><G103/><T81/><D114/><U104/><E104/><V124/><F94/><W90/><G76/><T102/><D128/><U58/><E20/><V15/><F15/><W23/><G3/><T119/><D109/><U86/><E27/><N who="0" m="10313" /><D75/><U11/><E86/><V77/><F92/><W64/><G1/><T36/><D36/><U17/><E58/><V49/><F77/><W95/><G42/><T60/><D119/><U12/><E125/><V117/><F32/><W26/><G26/><T30/><D30/><U54/><E41/><N who="2" m="24719" /><F124/><W0/><G0/><T9/><D60/><U110/><E110/><V22/><F120/><W72/><G72/><T123/><D123/><U84/><E39/><V34/><F34/><W35/><G35/><T135/><D135/><U48/><E74/><V18/><F117/><W107/><G107/><T61/><D61/><U121/><E121/><V21/><F67/><W83/><G63/><T82/><D102/><U97/><E62/><V98/><F51/><W43/><G65/><T115/><D115/><U99/><E131/><V45/><F22/><W91/><G66/><T93/><AGARI ba="1,2" hai="9,13,19,52,53,80,81,82,88,93,96" m="10313" machi="93" ten="30,11700,0" yaku="8,1,52,1,54,2" doraHai="8" who="0" fromWho="0" sc="142,140,327,-40,229,-40,282,-40" /><INIT seed="4,2,0,4,1,7" ten="282,287,189,242" oya="0" hai0="25,27,2,54,114,16,95,33,128,117,71,39,51" hai1="119,99,32,46,78,60,6,101,123,80,120,98,38" hai2="34,73,59,91,56,94,135,69,35,124,126,10,81" hai3="87,0,96,14,43,17,3,31,72,37,105,122,109"/><T15/><D117/><U68/><E119/><V74/><F69/><W47/><G109/><T85/><D39/><U102/><E32/><V131/><F81/><W19/><G72/><T116/><D116/><U65/><E99/><V70/><F70/><W113/><G113/><T106/><D106/><N who="1" m="63799" /><E102/><V110/><F94/><W103/><G122/><T62/><D2/><U67/><E67/><V111/><F91/><W48/><G31/><T13/><D114/><U66/><E66/><V5/><F5/><W89/><G37/><T44/><D128/><U20/><E20/><V88/><F88/><W63/><G63/><T50/><D33/><U26/><E26/><V58/><F58/><W22/><REACH who="3" step="1"/><G17/><REACH who="3" ten="282,287,189,232" step="2"/><T107/><D62/><U97/><E60/><V57/><F74/><W41/><G41/><T84/><D16/><U49/><E38/><V24/><F73/><W82/><AGARI ba="2,1" hai="0,3,14,19,22,43,47,48,82,87,89,96,103,105" machi="82" ten="20,5200,0" yaku="1,1,0,1,7,1,53,1" doraHai="7" doraHaiUra="12" who="3" fromWho="3" sc="282,-28,287,-15,189,-15,232,68" /><INIT seed="5,0,0,3,5,115" ten="254,272,174,300" oya="1" hai0="52,46,105,11,121,108,70,102,36,81,10,2,62" hai1="112,128,91,27,30,94,103,97,3,133,118,65,60" hai2="107,100,32,15,88,45,47,48,95,17,87,106,50" hai3="5,98,68,76,61,29,16,92,4,63,135,59,20"/><U49/><E112/><V125/><F32/><W69/><G135/><T67/><D108/><U21/><E128/><V80/><F125/><W44/><G29/><T19/><D121/><U35/><E133/><V58/><F58/><W114/><G114/><T104/><D81/><U26/><E3/><V43/><F100/><W38/><G76/><T126/><D126/><U132/><E132/><V51/><F51/><W131/><G131/><T1/><D102/><U77/><E77/><V37/><F37/><W33/><G33/><T124/><D124/><U86/><E49/><V93/><F106/><W129/><G129/><T89/><D89/><U75/><E75/><V34/><F34/><W79/><G79/><T113/><D113/><U64/><E118/><V12/><F12/><W117/><G117/><T18/><D36/><U56/><E65/><V110/><F107/><W90/><G44/><T116/><D116/><U109/><E109/><V66/><F66/><W119/><G38/><T85/><D85/><U82/><E35/><V41/><REACH who="2" step="1"/><F110/><REACH who="2" ten="254,272,164,300" step="2"/><W111/><G111/><T134/><D104/><U40/><E27/><V0/><F0/><W39/><G39/><T74/><D105/><U73/><E73/><V123/><F123/><W8/><G59/><T6/><D74/><U72/><E72/><V78/><F78/><W9/><G119/><T25/><D25/><U23/><REACH who="1" step="1"/><E21/><AGARI ba="0,1" hai="15,17,21,41,43,45,47,48,50,80,87,88,93,95" machi="21" ten="30,8000,1" yaku="1,1,7,1,9,1,8,1,54,1,53,0" doraHai="115" doraHaiUra="71" who="2" fromWho="1" sc="254,0,272,-80,164,90,300,0" /><INIT seed="6,0,0,3,4,23" ten="254,192,254,300" oya="2" hai0="82,77,96,128,14,30,19,68,122,114,103,35,52" hai1="106,76,89,48,29,57,54,18,16,135,78,41,92" hai2="2,12,32,101,100,13,31,102,116,38,91,107,10" hai3="112,80,33,110,69,83,55,47,45,124,87,40,49"/><V126/><F38/><W97/><G110/><T5/><D122/><U117/><E135/><V15/><F116/><W75/><G69/><T93/><D68/><U131/><E131/><V120/><F120/><W28/><G124/><T79/><D128/><U46/><E106/><V63/><F107/><W134/><G134/><T81/><D114/><U109/><E109/><V104/><F104/><W90/><G112/><T26/><D5/><U99/><E29/><V65/><F2/><W95/><G75/><T7/><D7/><U17/><REACH who="1" step="1"/><E117/><REACH who="1" ten="254,182,254,300" step="2"/><V130/><F130/><W44/><G40/><T72/><D30/><U67/><E67/><V22/><F31/><W127/><G28/><T53/><D35/><U20/><E20/><V51/><F22/><W59/><G33/><T98/><D53/><U71/><E71/><V73/><F32/><W50/><G127/><T64/><D52/><U115/><E115/><V36/><F65/><W132/><G132/><T9/><D64/><U133/><E133/><V4/><F126/><W11/><G55/><T123/><D123/><U24/><E24/><V129/><F129/><W60/><G11/><T34/><D34/><U84/><E84/><V25/><F10/><W119/><G119/><T85/><D26/><U113/><E113/><V56/><F25/><W125/><G125/><T118/><D118/><U121/><E121/><V1/><F73/><W37/><G87/><T61/><D96/><U70/><E70/><V8/><F8/><W74/><G97/><T3/><D3/><U86/><E86/><V27/><F1/><W111/><G74/><RYUUKYOKU ba="0,1" sc="254,15,182,15,254,-15,300,-15" hai0="9,14,19,61,72,77,79,81,82,85,93,98,103" hai1="16,17,18,41,46,48,54,57,76,78,89,92,99" /><INIT seed="7,1,1,5,1,36" ten="269,197,239,285" oya="3" hai0="54,73,51,30,131,88,79,105,84,4,94,89,96" hai1="55,19,71,117,92,126,37,87,41,1,46,33,95" hai2="130,6,103,53,21,27,52,121,114,14,2,78,106" hai3="58,123,59,50,98,74,34,43,8,128,86,70,9"/><W3/><G74/><T116/><D116/><U66/><E117/><V118/><F114/><W82/><G70/><T28/><D131/><U29/><E1/><V7/><F2/><W26/><G123/><T63/><D4/><U16/><E126/><V134/><F130/><W40/><G128/><T15/><D63/><U10/><E66/><V107/><F78/><W31/><G3/><T109/><D109/><U56/><E71/><V93/><F93/><W35/><G35/><T99/><D15/><U132/><E132/><V47/><F103/><W83/><G59/><T97/><D73/><U44/><E44/><V45/><F14/><W20/><G83/><N who="0" m="47231" /><D105/><U39/><E95/><V108/><F27/><W5/><G98/><N who="0" m="37995" /><D89/><U62/><E39/><V76/><F76/><N who="3" m="46407" /><G34/><T25/><D25/><U13/><E33/><V112/><F107/><W101/><G101/><T113/><D113/><U38/><E29/><V48/><F106/><W127/><G127/><T67/><D67/><U69/><E69/><V11/><F121/><W135/><G135/><T49/><D49/><U0/><E0/><V22/><F48/><W115/><G115/><T110/><D110/><U64/><E38/><V68/><F112/><W75/><G75/><T65/><D65/><U111/><E111/><V61/><F108/><W60/><G50/><T133/><D133/><U129/><E129/><V12/><F134/><W90/><G90/><T125/><D125/><U120/><E120/><V23/><F118/><W81/><G5/><T119/><D119/><U72/><E72/><V124/><F124/><W17/><G26/><RYUUKYOKU ba="1,1" sc="269,30,197,-10,239,-10,285,-10" hai0="28,30,51,54,88,94,99" /><INIT seed="8,2,1,3,1,72" ten="299,187,229,275" oya="0" hai0="85,8,23,35,13,58,106,89,90,37,62,39,88" hai1="0,129,104,3,36,47,57,2,111,96,45,93,61" hai2="86,64,127,14,54,44,43,123,53,29,66,50,73" hai3="76,16,84,10,46,132,30,42,128,101,6,59,70"/><T121/><D35/><U117/><E117/><V118/><F123/><W20/><G70/><T33/><D33/><U110/><E104/><V19/><F73/><W113/><G113/><T134/><D106/><U27/><E129/><V40/><F29/><W48/><G101/><T79/><D121/><U1/><N who="1" m="0" /><DORA hai="75" /><U49/><E27/><V103/><F103/><W115/><G30/><T97/><D134/><U21/><E21/><V65/><F127/><W91/><G132/><T82/><D23/><U55/><E36/><V105/><F105/><W52/><G76/><T99/><D37/><U92/><E47/><V125/><F125/><W24/><G115/><T34/><D39/><U87/><E87/><V130/><F130/><W67/><G67/><N who="0" m="39383" /><D34/><U28/><E28/><V5/><F118/><W108/><G108/><T51/><D51/><U114/><E114/><V11/><F66/><W126/><G128/><T41/><D41/><U74/><E74/><V94/><F43/><W15/><G42/><T95/><D97/><U56/><E56/><V116/><F65/><W4/><G59/><T17/><AGARI ba="2,1" hai="8,13,17,79,82,85,88,89,90,95,99" m="39383" machi="17" ten="30,11700,0" yaku="8,1,52,2,54,1" doraHai="72,75" who="0" fromWho="0" sc="299,133,187,-41,229,-41,275,-41" owari="432,53.2,146,-35.4,188,-21.2,234,3.4" /></mjloggm>