<mjloggm ver="2.3"><GO type="169" lobby="0"/><UN n0="%E9%95%B7%E5%B2%A1" n1="%46%69%72%73%74" n2="%E4%B9%85%E4%BF%9D%E3%82%B7%E3%82%AA%E3%83%AA" n3="%E7%AD%89%E3%80%85%E5%8A%9B%E5%8A%87%E5%A0%B4" dan="16,16,16,16" rate="2124.90,2039.96,2026.08,2094.16" sx="M,M,M,M"/><TAIKYOKU oya="0"/><INIT seed="0,0,0,3,1,59" ten="250,250,250,250" oya="0" hai0="134,52,76,105,17,132,101,30,107,57,46,115,38" hai1="122,16,6,82,125,22,9,49,31,5,113,84,135" hai2="75,77,108,4,70,110,60,87,51,80,109,26,111" hai3="0,88,89,131,55,65,8,37,92,124,50,68,19"/><T106/><D115/><U119/><E122/><V7/><N who="2" m="27648" /><DORA hai="27" /><V2/><F2/><W24/><G37/><T72/><D101/><U128/><E135/><N who="0" m="51753" /><D17/><U32/><E128/><V35/><F51/><W100/><G124/><T36/><D46/><U126/><E119/><V79/><F79/><W94/><G131/><T64/><D64/><U10/><E49/><V11/><F11/><N who="1" m="4105" /><E84/><V1/><F1/><W61/><G100/><T102/><D102/><U118/><E82/><V86/><F86/><W78/><G78/><T104/><N who="0" m="26624" /><DORA hai="117" /><T44/><D44/><U54/><E54/><V20/><F35/><W129/><G129/><T66/><D66/><U48/><E48/><V53/><F75/><W114/><G114/><T13/><D36/><U90/><E90/><V83/><F83/><W34/><G92/><T63/><D38/><U56/><E113/><V15/><F15/><W121/><G121/><T123/><D13/><U85/><E85/><V67/><F53/><W120/><G120/><T98/><D123/><U39/><E39/><V3/><F3/><W74/><G74/><T41/><D41/><U14/><E118/><V97/><F97/><W116/><G116/><T71/><D98/><U133/><E133/><V25/><F25/><W40/><G40/><T127/><D72/><U28/><E126/><V81/><F80/><W93/><G93/><T23/><D76/><U69/><E125/><V43/><F43/><W103/><G94/><T47/><D127/><U95/><E95/><V112/><F112/><W99/><G99/><T42/><D42/><U96/><E96/><RYUUKYOKU ba="0,0" sc="250,-10,250,-10,250,30,250,-10" hai2="4,7,20,26,60,67,70,77,81,87" /><INIT seed="1,1,0,2,4,132" ten="240,240,280,240" oya="1" hai0="109,121,2,128,77,8,70,4,55,59,42,126,15" hai1="52,29,10,73,37,53,91,54,134,116,135,86,32" hai2="76,20,0,125,95,123,87,74,14,110,66,122,38" hai3="26,50,92,65,104,71,101,83,58,105,75,67,22"/><U28/><E116/><V103/><F0/><W117/><G71/><T118/><D118/><U12/><E73/><V84/><F38/><W36/><G36/><T47/><D109/><U90/><E37/><V62/><F110/><W68/><G68/><T97/><D128/><U108/><E108/><V99/><F14/><W45/><G117/><T100/><D121/><U130/><E130/><V43/><F43/><W107/><G58/><T129/><D129/><U72/><E72/><V56/><F74/><W63/><G63/><T13/><D70/><U106/><E106/><V16/><F125/><W39/><G39/><T9/><D126/><U82/><E91/><V112/><F112/><W23/><G23/><T57/><D55/><U7/><REACH who="1" step="1"/><E32/><REACH who="1" ten="240,230,280,240" step="2"/><V21/><F123/><W51/><G107/><T19/><D77/><U34/><E34/><V127/><F122/><W46/><G105/><T88/><D88/><U24/><E24/><V124/><F76/><W25/><G104/><T69/><D100/><U64/><E64/><V31/><F127/><W111/><G26/><T80/><D97/><U35/><E35/><V79/><F79/><W119/><G111/><T96/><D96/><U11/><E11/><V5/><F124/><W120/><G119/><T78/><D78/><U113/><E113/><V30/><F87/><W27/><G120/><T18/><D80/><U93/><E93/><V115/><F84/><W40/><G27/><T94/><D94/><U114/><E114/><V17/><F115/><W102/><G83/><T3/><D9/><U89/><E89/><V85/><F85/><RYUUKYOKU ba="1,1" sc="240,-10,230,30,280,-10,240,-10" hai1="7,10,12,28,29,52,53,54,82,86,90,134,135" /><INIT seed="1,2,1,4,4,0" ten="230,260,270,230" oya="1" hai0="97,135,117,105,90,80,8,103,66,44,72,134,68" hai1="49,101,2,88,107,110,7,77,81,86,42,13,28" hai2="52,29,133,126,59,3,69,51,95,4,100,76,41" hai3="50,131,37,129,40,24,33,48,112,102,106,132,57"/><U14/><E110/><V92/><F69/><W38/><G112/><T15/><D117/><U96/><E28/><V118/><F118/><W65/><G132/><T30/><D30/><U119/><E119/><V104/><F104/><W22/><G33/><T34/><D34/><U122/><E122/><V62/><F133/><W64/><G102/><T74/><D74/><U53/><E42/><V130/><F29/><W39/><G106/><T21/><D21/><U125/><E125/><V35/><F35/><W56/><G22/><T99/><D44/><U20/><E20/><V113/><F113/><W84/><G84/><T94/><D66/><N who="3" m="25705" /><G24/><T61/><D61/><U10/><REACH who="1" step="1"/><E77/><REACH who="1" ten="230,250,270,230" step="2"/><V127/><F127/><W83/><G40/><T47/><D135/><U82/><E82/><V91/><F126/><W45/><G83/><T43/><D134/><U89/><E89/><V12/><F76/><W98/><G131/><T87/><D80/><U18/><E18/><V60/><F130/><W124/><G129/><T70/><D72/><U85/><E85/><V114/><F41/><W6/><G124/><T67/><D87/><U116/><E116/><V46/><F114/><W93/><G37/><T109/><D109/><U121/><E121/><V1/><F91/><W58/><G38/><T16/><REACH who="0" step="1"/><D67/><REACH who="0" ten="220,250,270,230" step="2"/><U63/><E63/><V25/><F60/><W123/><G123/><T115/><D115/><U128/><E128/><V78/><F62/><W111/><G111/><T73/><D73/><U36/><E36/><AGARI ba="2,3" hai="8,15,16,36,43,47,68,70,90,94,97,99,103,105" machi="36" ten="30,3900,0" yaku="1,1,7,1,54,1,53,0" doraHai="0" doraHaiUra="79" who="0" fromWho="1" sc="220,75,250,-45,270,0,230,0" /><INIT seed="2,0,0,2,2,94" ten="295,205,270,230" oya="2" hai0="115,19,132,128,97,83,26,27,106,95,33,116,6" hai1="93,23,21,71,49,81,42,52,69,2,60,68,133" hai2="84,119,10,39,124,65,108,25,57,101,122,89,17" hai3="88,72,82,117,63,96,86,47,107,61,5,11,18"/><V130/><F122/><W70/><G117/><T75/><D115/><U1/><E133/><V67/><F119/><W100/><G70/><T36/><D116/><U98/><E42/><V109/><F39/><W134/><G134/><T13/><D132/><U28/><E60/><V126/><F130/><W4/><G72/><T80/><D36/><U91/><E81/><V90/><F101/><W73/><G73/><T112/><D112/><U50/><E50/><V102/><F102/><W103/><G103/><N who="0" m="60863" /><D33/><U87/><E87/><V135/><F135/><W20/><G47/><T55/><D75/><U64/><E64/><N who="2" m="24651" /><F57/><W77/><G77/><T34/><D34/><U43/><E43/><V129/><F84/><W62/><REACH who="3" step="1"/><G11/><REACH who="3" ten="295,205,270,220" step="2"/><N who="0" m="4343" /><D128/><U41/><E41/><V15/><F129/><W7/><G7/><T46/><D46/><U125/><E71/><V56/><F56/><W44/><G44/><T111/><D111/><N who="2" m="42570" /><F25/><AGARI ba="0,1" hai="4,5,18,20,25,61,62,63,82,86,88,96,100,107" machi="25" ten="40,5200,0" yaku="1,1,52,1,54,1,53,0" doraHai="94" doraHaiUra="24" who="3" fromWho="2" sc="295,0,205,0,270,-52,220,62" /><INIT seed="3,0,0,5,5,72" ten="295,205,218,282" oya="3" hai0="131,21,51,22,35,3,96,108,134,50,64,104,66" hai1="120,69,15,29,1,99,62,101,78,14,23,13,37" hai2="111,7,86,8,54,80,20,67,9,36,56,18,74" hai3="83,6,92,84,40,125,102,115,117,89,70,93,118"/><W116/><G70/><T27/><D3/><U42/><E120/><V19/><F111/><W75/><G40/><T100/><D108/><U128/><E128/><V12/><F36/><W33/><G33/><T105/><D134/><U88/><E1/><V130/><F130/><W45/><G6/><T60/><D131/><U48/><E37/><V123/><F123/><W71/><G71/><N who="0" m="42375" /><D66/><U63/><E69/><V68/><F74/><W77/><G45/><T53/><D105/><U94/><E101/><V76/><F68/><W30/><G30/><N who="0" m="19935" /><D50/><U90/><E90/><V43/><F43/><W121/><G121/><T87/><D87/><U103/><E103/><V41/><F41/><W49/><G49/><T61/><D61/><U16/><E29/><V65/><F9/><W82/><G115/><T38/><D38/><U122/><E122/><V31/><F18/><W46/><G46/><AGARI ba="0,0" hai="21,22,46,51,53,96,100,104" m="19935,42375" machi="46" ten="30,1000,0" yaku="25,1" doraHai="72" who="0" fromWho="3" sc="295,10,205,0,218,0,282,-10" /><INIT seed="4,0,0,4,3,105" ten="305,205,218,272" oya="0" hai0="58,91,32,60,36,37,109,2,81,82,42,83,56" hai1="69,70,45,114,66,33,106,118,77,46,44,75,48" hai2="122,80,14,110,63,79,125,129,120,1,117,59,72" hai3="34,11,111,54,102,121,128,89,0,130,85,53,93"/><T94/><D32/><U51/><E118/><V108/><F1/><W73/><G111/><N who="2" m="42537" /><F14/><W84/><G34/><T5/><D109/><U112/><E33/><V97/><F59/><W9/><G121/><N who="2" m="46697" /><F63/><W134/><G134/><T13/><D2/><U67/><E106/><V115/><F129/><N who="3" m="49771" /><G73/><T43/><D37/><U131/><E75/><V74/><F125/><W65/><G65/><N who="1" m="24586" /><E77/><N who="2" m="44071" /><F115/><N who="1" m="44073" /><E131/><V127/><F127/><W132/><G132/><T35/><D35/><U119/><E119/><V95/><F117/><W19/><G0/><T7/><D36/><U107/><E107/><V99/><F95/><W3/><G93/><T103/><D94/><U50/><AGARI ba="0,0" hai="44,45,46,48,50,51,69,70" m="44073,24586" machi="50" ten="40,12000,2" yaku="28,2,15,1,11,1,34,2" doraHai="105" who="1" fromWho="1" sc="305,-60,205,120,218,-30,272,-30" /><INIT seed="5,0,0,5,1,60" ten="245,325,188,242" oya="1" hai0="114,64,101,83,88,27,77,51,115,46,26,113,123" hai1="52,70,106,122,23,39,97,67,54,40,19,131,63" hai2="126,11,94,38,62,68,65,79,16,132,21,102,84" hai3="87,89,96,80,92,121,69,6,100,36,124,9,103"/><U78/><E122/><V34/><F34/><W48/><G36/><T110/><D110/><U41/><E131/><V82/><F132/><W55/><G121/><T42/><D123/><U125/><E125/><V134/><F134/><W10/><G124/><T72/><D101/><U7/><E7/><V74/><F126/><W85/><G69/><T22/><D64/><U90/><E78/><V43/><F11/><W76/><G6/><T108/><D108/><U20/><E20/><V25/><F38/><W57/><REACH who="3" step="1"/><G103/><REACH who="3" ten="245,325,188,232" step="2"/><T0/><D0/><U14/><E39/><V129/><F129/><W17/><G17/><T130/><D130/><U133/><E19/><V53/><F43/><W99/><G99/><T59/><D42/><U24/><E41/><V112/><F112/><W109/><G109/><T47/><D115/><U93/><E40/><V119/><F119/><W98/><G98/><T56/><D114/><U29/><E133/><V33/><F102/><W32/><G32/><T95/><D113/><U117/><E97/><V73/><F33/><W45/><G45/><T8/><D46/><U75/><E70/><V12/><F68/><W116/><G116/><T135/><D47/><U107/><E117/><V118/><F118/><W50/><G50/><T44/><D135/><U4/><E4/><V13/><F16/><W35/><G35/><T128/><D128/><U30/><E30/><V71/><F71/><W5/><G5/><T127/><D127/><U2/><E29/><V28/><F28/><W81/><AGARI ba="0,1" hai="9,10,48,55,57,76,80,81,85,87,89,92,96,100" machi="81" ten="20,5200,0" yaku="1,1,0,1,7,1,8,1,53,0" doraHai="60" doraHaiUra="61" who="3" fromWho="3" sc="245,-13,325,-26,188,-13,232,62" /><INIT seed="6,0,0,3,0,95" ten="232,299,175,294" oya="2" hai0="28,127,19,126,133,70,36,115,103,21,84,33,27" hai1="77,5,54,81,66,101,78,85,0,4,114,17,3" hai2="89,12,99,64,120,68,124,73,51,90,24,104,134" hai3="75,6,107,106,109,57,23,49,20,74,102,69,79"/><V14/><F120/><W105/><G69/><T108/><D70/><U13/><E114/><V129/><F73/><W86/><G109/><T128/><D36/><U50/><E101/><V88/><F124/><N who="0" m="47658" /><D108/><U11/><E66/><V123/><F123/><W117/><G117/><T8/><D115/><U110/><E110/><V40/><F134/><W26/><G6/><T100/><D133/><U132/><E132/><V31/><F129/><W48/><G23/><T25/><D128/><U61/><E61/><N who="2" m="39951" /><F40/><W87/><G75/><T15/><D84/><U16/><E0/><V10/><F51/><W119/><G119/><T47/><D47/><U111/><E111/><V2/><F10/><W39/><G39/><T45/><D45/><U130/><E3/><V37/><F2/><W59/><G74/><T62/><D62/><U38/><E38/><V58/><F58/><W125/><G125/><T35/><D35/><U94/><E4/><AGARI ba="0,0" hai="4,8,15,19,21,25,27,28,33,100,103" m="47658" machi="4" ten="30,1000,0" yaku="18,1" doraHai="95" who="0" fromWho="1" sc="232,10,299,-10,175,0,294,0" /><INIT seed="7,0,0,5,2,72" ten="242,289,175,294" oya="3" hai0="95,54,114,130,20,85,86,27,26,0,67,4,3" hai1="134,82,58,118,128,135,123,63,87,99,22,53,2" hai2="49,32,108,74,125,45,124,117,44,69,42,81,100" hai3="133,79,112,132,28,102,40,59,76,93,25,97,89"/><W38/><G112/><T37/><D37/><U10/><E123/><V66/><F32/><W70/><G70/><T119/><D119/><U109/><E109/><V21/><F108/><W126/><G126/><N who="2" m="48745" /><F100/><W33/><G59/><T31/><D114/><U121/><E121/><V1/><F21/><W14/><G14/><T50/><D130/><U116/><E128/><V62/><F81/><W46/><G102/><T52/><D67/><U96/><E22/><V113/><F74/><W131/><G131/><T127/><D127/><U106/><E10/><V16/><F16/><W5/><G5/><T30/><D95/><U103/><E96/><V18/><F18/><W56/><G56/><T57/><D54/><U92/><E2/><V36/><F1/><W29/><G28/><T84/><REACH who="0" step="1"/><D4/><REACH who="0" ten="232,289,175,294" step="2"/><U122/><E92/><V83/><F83/><W61/><REACH who="3" step="1"/><G61/><REACH who="3" ten="232,289,175,284" step="2"/><T39/><D39/><U34/><E122/><V94/><F113/><W6/><G6/><T8/><D8/><U73/><E118/><V65/><F117/><W77/><AGARI ba="0,2" hai="25,29,33,38,40,46,76,77,79,89,93,97,132,133" machi="77" ten="30,12000,1" yaku="1,1,0,1,52,3,53,0" doraHai="72" doraHaiUra="15" who="3" fromWho="3" sc="232,-40,289,-40,175,-40,284,140" owari="192,-20.8,249,4.9,135,-36.5,424,52.4" /></mjloggm>