<mjloggm ver="2.3"><GO type="169" lobby="0"/><UN n0="%4A%4F%4A%4F%31%39%38%35" n1="%32%30%31%33%36%31%32" n2="%E9%BB%92%E9%9B%BB%E8%A9%B1" n3="%41%4C%50%45%52%49%4E" dan="16,17,16,16" rate="2077.24,2208.31,2146.67,2162.19" sx="M,M,M,M"/><TAIKYOKU oya="0"/><INIT seed="0,0,0,3,0,53" ten="250,250,250,250" oya="0" hai0="115,98,4,42,112,126,84,55,30,17,34,103,10" hai1="20,130,114,71,38,91,94,19,37,102,68,99,27" hai2="60,76,108,28,118,3,48,109,51,44,22,8,85" hai3="54,69,110,111,58,104,18,62,105,16,46,49,79"/><T77/><D126/><U96/><E130/><V88/><F76/><W83/><G69/><T81/><D42/><U117/><E117/><V80/><F118/><W39/><G39/><T120/><D120/><U107/><REACH who="1" step="1"/><E114/><REACH who="1" ten="250,240,250,250" step="2"/><V78/><F109/><N who="3" m="41483" /><G105/><T59/><D34/><U124/><E124/><V33/><F33/><W12/><G104/><T127/><D127/><U41/><E41/><V90/><F108/><W2/><G2/><T13/><D30/><U43/><E43/><V25/><F48/><W134/><G134/><T14/><D14/><U121/><E121/><V61/><F3/><W113/><G12/><T72/><D72/><U93/><E93/><V31/><F31/><W45/><G113/><T5/><D112/><U95/><E95/><V123/><F123/><W64/><G46/><T122/><D122/><U9/><E9/><V26/><F26/><W132/><G132/><T65/><D115/><U131/><E131/><V50/><F50/><W129/><G129/><T0/><D0/><U119/><E119/><V47/><F8/><W32/><G32/><T74/><D74/><AGARI ba="0,1" hai="16,18,45,49,54,58,62,64,74,79,83" m="41483" machi="74" ten="30,3900,0" yaku="14,1,52,1,54,1" doraHai="53" who="3" fromWho="0" sc="250,-39,240,0,250,0,250,49" /><INIT seed="1,0,0,3,5,73" ten="211,240,250,299" oya="1" hai0="115,57,19,132,20,42,86,8,80,67,113,1,83" hai1="82,122,120,47,35,134,111,129,70,31,28,97,84" hai2="22,49,90,75,21,78,52,9,121,61,131,119,4" hai3="109,127,76,63,130,15,54,12,36,55,46,37,60"/><U24/><E129/><V41/><F119/><W126/><G46/><T133/><D42/><U123/><E134/><N who="0" m="51817" /><D1/><U50/><E70/><V39/><F121/><W43/><G43/><T44/><D44/><U58/><E31/><V128/><F61/><W102/><G102/><T79/><D8/><U7/><E111/><V56/><F90/><W51/><G51/><T33/><D33/><U110/><E110/><V101/><F101/><W65/><G109/><T77/><D57/><U135/><E135/><V16/><F41/><W6/><G6/><T13/><D67/><U30/><E30/><V125/><F39/><W106/><G106/><T72/><AGARI ba="0,0" hai="13,19,20,72,77,79,80,83,86,113,115" m="51817" machi="72" ten="30,4000,0" yaku="20,1,52,2" doraHai="73" who="0" fromWho="0" sc="211,40,240,-20,250,-10,299,-10" /><INIT seed="2,0,0,4,2,58" ten="251,220,240,289" oya="2" hai0="25,64,87,127,62,22,114,106,118,117,56,86,110" hai1="131,123,32,133,122,120,24,102,6,85,8,17,66" hai2="70,46,94,124,130,93,51,92,83,129,37,1,63" hai3="72,10,5,84,119,52,18,40,47,9,91,57,97"/><V3/><F37/><W108/><G72/><T121/><D121/><U2/><E102/><V36/><F36/><W116/><G108/><T104/><D114/><U79/><E131/><N who="2" m="50187" /><F83/><W65/><G65/><T16/><D110/><U21/><E133/><V23/><F23/><W125/><G97/><T80/><D127/><U77/><E85/><N who="0" m="32265" /><D80/><U88/><E88/><V11/><F11/><W96/><G96/><T115/><D115/><U61/><REACH who="1" step="1"/><E32/><REACH who="1" ten="251,210,240,289" step="2"/><V132/><F132/><W105/><G84/><T81/><D81/><U112/><E112/><V26/><F124/><W111/><G125/><T53/><D104/><U98/><E98/><V34/><F34/><W39/><G91/><T67/><D106/><U69/><AGARI ba="0,1" hai="2,6,8,17,21,24,61,66,69,77,79,120,122,123" machi="69" ten="30,7900,0" yaku="1,1,0,1,13,1,52,1,53,0" doraHai="58" doraHaiUra="107" who="1" fromWho="1" sc="251,-20,210,89,240,-39,289,-20" /><INIT seed="3,0,0,4,1,98" ten="231,299,201,269" oya="3" hai0="112,77,1,37,66,11,17,83,8,86,124,127,63" hai1="105,21,131,31,34,113,89,13,111,115,94,33,58" hai2="114,4,0,123,50,106,36,70,57,102,45,9,28" hai3="26,68,130,43,99,61,82,12,49,78,107,38,20"/><W135/><G38/><T24/><D37/><U69/><E69/><V128/><F114/><W85/><G135/><T32/><D112/><U5/><E111/><V2/><F2/><W92/><G107/><T67/><D67/><U71/><E71/><V103/><F106/><W59/><G130/><T14/><D32/><U35/><E105/><V117/><F117/><W27/><G68/><T121/><D121/><U52/><E131/><V74/><F128/><W51/><G12/><T30/><D1/><U64/><E64/><V126/><F28/><N who="3" m="17479" /><G27/><T132/><D132/><U62/><E31/><V97/><F97/><W79/><G78/><T65/><D8/><U76/><E76/><V73/><F70/><W122/><G43/><T56/><D66/><U54/><E54/><V120/><F126/><N who="0" m="48170" /><D24/><U6/><E6/><V3/><F57/><W118/><G118/><T48/><D30/><U47/><E47/><V41/><F3/><W80/><G80/><T18/><D48/><U81/><E81/><V129/><F50/><W42/><G42/><T53/><D65/><U23/><E113/><V95/><F95/><W109/><G109/><T75/><D75/><N who="2" m="28682" /><F129/><W16/><G16/><AGARI ba="0,0" hai="11,14,16,17,18,53,56,63,77,83,86" m="48170" machi="16" ten="30,2000,0" yaku="18,1,54,1" doraHai="98" who="0" fromWho="3" sc="231,20,299,0,201,0,269,-20" /><INIT seed="4,0,0,3,5,120" ten="251,299,201,249" oya="0" hai0="111,68,66,37,112,48,69,123,21,32,36,11,90" hai1="82,113,75,132,38,5,3,73,65,94,61,9,72" hai2="84,52,29,43,20,70,42,24,59,92,26,89,55" hai3="1,128,102,109,114,49,23,110,47,100,12,105,41"/><T117/><D123/><U119/><E119/><V79/><F70/><W106/><G1/><T122/><D122/><U108/><E94/><V64/><F64/><W13/><G114/><T4/><D117/><U58/><E132/><V56/><F79/><W135/><G135/><T86/><D32/><U44/><E113/><V93/><F93/><W27/><G128/><T129/><D129/><U133/><E133/><V88/><F89/><W130/><G130/><T101/><D112/><U78/><REACH who="1" step="1"/><E108/><REACH who="1" ten="251,289,201,249" step="2"/><V6/><F6/><W99/><G105/><T83/><D111/><U107/><E107/><V76/><F76/><W124/><G124/><T63/><D101/><U18/><E18/><V0/><F0/><W30/><G102/><T25/><D69/><U81/><E81/><V126/><F126/><W46/><G46/><T35/><D4/><U115/><E115/><V7/><F7/><W45/><G47/><T104/><D104/><U131/><E131/><V53/><REACH who="2" step="1"/><F26/><REACH who="2" ten="251,289,191,249" step="2"/><W19/><REACH who="3" step="1"/><G12/><REACH who="3" ten="251,289,191,239" step="2"/><T134/><D134/><U87/><E87/><V103/><F103/><W116/><G116/><T2/><D86/><U85/><E85/><V17/><F17/><W15/><G15/><T10/><D2/><U51/><E51/><V40/><AGARI ba="0,3" hai="20,24,29,40,42,43,52,53,55,56,59,84,88,92" machi="40" ten="30,12000,2" yaku="1,1,0,1,8,1,54,2,53,1" doraHai="120" doraHaiUra="16" who="2" fromWho="2" sc="251,-60,289,-30,191,150,239,-30" /><INIT seed="5,0,0,3,3,132" ten="191,259,341,209" oya="1" hai0="50,124,67,93,28,39,42,111,74,133,38,4,56" hai1="112,32,125,114,17,33,135,36,89,58,12,48,117" hai2="90,73,97,41,82,123,81,66,7,108,22,2,79" hai3="128,19,52,51,115,103,23,92,31,9,13,83,86"/><U127/><E36/><V34/><F108/><W119/><G115/><N who="1" m="44074" /><E117/><V95/><F34/><N who="1" m="13417" /><E135/><V15/><F123/><W44/><G128/><T126/><D74/><U118/><E118/><V104/><F66/><W47/><G119/><T134/><D111/><U27/><E27/><V129/><F129/><W62/><G62/><N who="0" m="38343" /><D28/><U121/><E89/><V60/><F60/><W105/><G105/><T101/><D4/><U63/><E48/><V37/><F82/><W59/><G103/><T76/><D76/><U14/><E121/><V0/><F104/><W113/><G92/><T24/><D24/><U87/><E87/><V26/><F41/><W106/><G106/><T65/><D50/><U116/><E116/><V94/><F37/><N who="0" m="13834" /><D42/><U30/><E30/><V40/><F40/><W20/><G113/><T6/><D6/><U78/><E78/><V57/><F95/><W53/><G31/><T18/><D18/><U75/><E75/><V109/><F109/><W49/><REACH who="3" step="1"/><G44/><REACH who="3" ten="191,259,341,199" step="2"/><T71/><D133/><U80/><E80/><V10/><F81/><W21/><G21/><T85/><D134/><U70/><E70/><V131/><F22/><W130/><G130/><T120/><D120/><U77/><E63/><V54/><F131/><W84/><G84/><T16/><D85/><U61/><E61/><N who="2" m="36023" /><F73/><W64/><G64/><T35/><D65/><U11/><E58/><V99/><F99/><W100/><G100/><T110/><D110/><U98/><E98/><V8/><F97/><W96/><G96/><N who="0" m="59535" /><D71/><U55/><E11/><V3/><F10/><W5/><G5/><T102/><D102/><RYUUKYOKU ba="0,1" sc="191,-10,259,-10,341,-10,199,30" hai3="9,13,19,20,23,47,49,51,52,53,59,83,86" /><INIT seed="6,1,1,1,0,117" ten="181,249,331,229" oya="2" hai0="127,99,61,8,40,126,57,31,113,53,128,121,123" hai1="130,108,56,48,38,2,116,36,19,9,33,79,60" hai2="118,69,90,28,89,134,92,3,45,75,100,26,80" hai3="12,86,10,7,58,82,55,52,46,5,93,84,88"/><V13/><F3/><W102/><G102/><T91/><D113/><U70/><E108/><V51/><F69/><W104/><G104/><T25/><D40/><U49/><E33/><V94/><F118/><W120/><G120/><T97/><D8/><U20/><E70/><V106/><F106/><W65/><G7/><T41/><D41/><U74/><E38/><V1/><F1/><W16/><G5/><T4/><D4/><U115/><E36/><V43/><F134/><W68/><G68/><T85/><D128/><U101/><E2/><V0/><F0/><W21/><G21/><N who="0" m="15791" /><D97/><U23/><E23/><V119/><F13/><W6/><G6/><T17/><D17/><U34/><E34/><V32/><F119/><W71/><G71/><T131/><D99/><U14/><E115/><V59/><F100/><W35/><G35/><T124/><D131/><U77/><E101/><V109/><F75/><W22/><G22/><T111/><D111/><U11/><E116/><V47/><F80/><AGARI ba="1,1" hai="53,57,61,80,85,91,121,123,124,126,127" m="15791" machi="80" ten="30,3900,0" yaku="18,1,52,2" doraHai="117" who="0" fromWho="2" sc="181,52,249,0,331,-42,229,0" /><INIT seed="7,0,0,1,4,67" ten="233,249,289,229" oya="3" hai0="122,21,84,64,58,98,80,19,78,75,116,65,97" hai1="125,69,124,94,63,104,121,15,22,27,5,103,36" hai2="51,57,43,55,112,120,129,85,46,10,40,24,4" hai3="59,123,28,25,102,1,26,29,107,73,60,71,105"/><W20/><G123/><T132/><D116/><U99/><E36/><V18/><F112/><W88/><G1/><T0/><D122/><U3/><E3/><V110/><F110/><W66/><G73/><T109/><D109/><U128/><E128/><V90/><F120/><W130/><G130/><T133/><D0/><U49/><E49/><V11/><F129/><W33/><G102/><T38/><D38/><U101/><E15/><V17/><F43/><W119/><G119/><T54/><D75/><U12/><E12/><V118/><F118/><W61/><REACH who="3" step="1"/><G88/><REACH who="3" ten="233,249,289,219" step="2"/><T42/><D132/><U92/><E103/><V47/><F90/><W52/><AGARI ba="0,1" hai="20,25,26,28,29,33,52,59,60,61,66,71,105,107" machi="52" ten="20,24000,3" yaku="1,1,2,1,0,1,7,1,52,1,54,1,53,2" doraHai="67" doraHaiUra="100" who="3" fromWho="3" sc="233,-80,249,-80,289,-80,219,250" owari="153,-34.7,169,-23.1,209,0.9,469,56.9" /></mjloggm>