<mjloggm ver="2.3"><GO type="169" lobby="0"/><UN n0="%4D%75%64%46%6C%6F%77" n1="%E3%82%88%E3%81%86%E3%81%B8%E3%83%BC%58" n2="%E9%87%A3%E3%82%8A%E6%97%A5%E5%92%8C" n3="%E5%8F%A4%E6%96%AF%E5%A1%94%E5%A4%AB%E4%BA%8C%E4%B8%96" dan="17,16,18,16" rate="2174.56,2148.19,2233.54,2132.86" sx="M,M,M,M"/><TAIKYOKU oya="0"/><INIT seed="0,0,0,1,1,61" ten="250,250,250,250" oya="0" hai0="34,30,11,28,58,117,9,110,84,111,122,38,89" hai1="90,6,74,103,59,129,113,12,16,75,134,106,51" hai2="87,88,22,26,7,116,49,3,23,105,120,57,73" hai3="104,99,60,93,80,33,102,27,128,79,115,124,20"/><T68/><D68/><U40/><E6/><V8/><F73/><W52/><G115/><T101/><D38/><U55/><E113/><V29/><F105/><W95/><G124/><T127/><D117/><U42/><E134/><V78/><F120/><W114/><G114/><T48/><D122/><U56/><E129/><V125/><F125/><W19/><G128/><T1/><D101/><U35/><E35/><V108/><F108/><N who="0" m="41514" /><D127/><U17/><E103/><V5/><F5/><W63/><G33/><T97/><D97/><U131/><E106/><V21/><F78/><W54/><G63/><T91/><D91/><U121/><E90/><V119/><F57/><W41/><G41/><T39/><D39/><U32/><E32/><V76/><F76/><W133/><G133/><T69/><D69/><U130/><E121/><V37/><F49/><W43/><G43/><T25/><D30/><U71/><E71/><V118/><REACH who="2" step="1"/><F37/><REACH who="2" ten="250,250,240,250" step="2"/><W83/><G104/><T86/><D48/><U107/><E107/><V132/><F132/><W72/><G79/><T67/><D1/><U126/><E126/><V36/><F36/><W64/><G60/><N who="0" m="38295" /><D86/><U13/><E51/><V82/><AGARI ba="0,1" hai="3,7,8,21,22,23,26,29,82,87,88,116,118,119" machi="82" ten="30,7900,0" yaku="1,1,0,1,12,1,54,1,53,0" doraHai="61" doraHaiUra="94" who="2" fromWho="2" sc="250,-39,250,-20,240,89,250,-20" /><INIT seed="1,0,0,4,3,74" ten="211,230,329,230" oya="1" hai0="94,113,132,112,5,60,50,49,24,116,125,122,9" hai1="15,64,124,99,57,115,123,45,55,6,68,44,93" hai2="17,34,77,127,107,96,95,126,117,42,30,80,26" hai3="2,90,66,58,28,97,11,43,76,72,33,120,82"/><U36/><E123/><V104/><F42/><W114/><G120/><T81/><D122/><U56/><E115/><V118/><F17/><W41/><G114/><T52/><D116/><U70/><E124/><N who="2" m="47659" /><F104/><W14/><G2/><T38/><D38/><U98/><E36/><V62/><F62/><W91/><G28/><T121/><D121/><U48/><E70/><V21/><F21/><W12/><G33/><T25/><D125/><U108/><E68/><V128/><F128/><W83/><G12/><T54/><D132/><U22/><E108/><V40/><F40/><W135/><G135/><T0/><D60/><N who="1" m="37903" /><E22/><V73/><F107/><W71/><G71/><T20/><D112/><U133/><E133/><V131/><F131/><W78/><G66/><T110/><D110/><U29/><E29/><V101/><AGARI ba="0,0" hai="26,30,34,73,77,80,95,96,101,117,118" m="47659" machi="101" ten="30,2000,0" yaku="18,1,52,1" doraHai="74" who="2" fromWho="2" sc="211,-5,230,-10,329,20,230,-5" /><INIT seed="2,0,0,1,5,14" ten="206,220,349,225" oya="2" hai0="20,92,121,46,76,66,102,9,89,55,29,103,91" hai1="128,130,86,5,99,62,33,82,43,74,25,118,119" hai2="50,88,105,15,123,131,120,38,112,47,129,81,11" hai3="51,58,127,40,115,26,17,126,84,61,94,100,124"/><V132/><F112/><W28/><G115/><T77/><D121/><U109/><E109/><V72/><F105/><W8/><G51/><N who="0" m="29175" /><D66/><U6/><E74/><V135/><F38/><W125/><G40/><T4/><D4/><N who="1" m="1643" /><E43/><N who="2" m="24959" /><F72/><W116/><G116/><T83/><D9/><U49/><E62/><V16/><F120/><W21/><G8/><T44/><D44/><U41/><E99/><V39/><F39/><W32/><G124/><T18/><D29/><N who="1" m="19631" /><E49/><V22/><F11/><W52/><G100/><N who="0" m="38443" /><D83/><U80/><E82/><V87/><F123/><W37/><G37/><T106/><D106/><U12/><E41/><V114/><F114/><W108/><G108/><T98/><D91/><N who="1" m="51655" /><E12/><AGARI ba="0,0" hai="12,18,20,76,77,89,92,98" m="38443,29175" machi="12" ten="30,2000,0" yaku="8,1,52,1" doraHai="14" who="0" fromWho="1" sc="206,20,220,-20,349,0,225,0" /><INIT seed="3,0,0,1,2,130" ten="226,200,349,225" oya="3" hai0="123,111,96,101,114,38,81,71,93,128,9,15,106" hai1="49,55,51,65,31,70,127,53,56,126,5,6,73" hai2="112,95,48,25,77,34,50,13,21,118,27,41,43" hai3="59,132,87,135,91,29,129,20,40,4,32,17,11"/><W22/><G129/><T92/><D123/><U85/><E73/><V133/><F112/><W98/><G40/><T57/><D71/><U44/><E31/><V120/><F118/><W62/><G98/><T58/><D128/><U64/><E85/><V46/><F77/><W125/><G125/><N who="1" m="47626" /><E70/><V75/><F13/><W113/><G113/><T134/><D38/><U84/><E84/><V100/><F75/><W67/><G32/><T90/><D81/><U105/><E105/><V7/><F7/><AGARI ba="0,0" hai="5,6,7,44,49,51,53,55,56,64,65" m="47626" machi="7" ten="30,1000,0" yaku="18,1" doraHai="130" who="1" fromWho="2" sc="226,0,200,10,349,-10,225,0" /><INIT seed="4,0,0,0,0,6" ten="226,210,339,225" oya="0" hai0="10,16,44,89,95,122,42,67,105,107,90,57,66" hai1="70,100,79,108,84,135,73,2,81,53,58,49,23" hai2="21,124,97,91,33,22,55,46,9,0,59,96,78" hai3="27,32,127,92,133,39,40,118,15,14,129,51,54"/><T106/><D122/><U43/><E108/><V18/><F33/><W88/><G118/><T123/><D123/><U63/><E135/><V115/><F115/><W132/><G129/><T80/><D80/><U47/><E100/><V72/><F72/><W60/><G127/><T8/><D90/><U71/><E2/><V11/><F78/><W3/><G3/><T45/><D45/><U74/><E71/><V111/><F0/><W98/><G60/><T17/><D57/><U75/><E70/><V69/><F111/><W25/><G40/><T117/><D117/><U56/><E23/><V85/><F22/><W41/><G41/><T99/><D67/><U82/><REACH who="1" step="1"/><E58/><REACH who="1" ten="226,200,339,225" step="2"/><V31/><F69/><W126/><G126/><T13/><D66/><U101/><E101/><V125/><F125/><W5/><G132/><T19/><REACH who="0" step="1"/><D13/><REACH who="0" ten="216,200,339,225" step="2"/><U34/><E34/><V50/><F59/><W76/><G32/><T131/><D131/><U4/><E4/><V102/><F102/><W130/><G5/><T20/><D20/><U116/><E116/><V65/><F65/><W37/><G130/><T64/><D64/><U77/><AGARI ba="0,2" hai="43,47,49,53,56,63,73,74,75,77,79,81,82,84" machi="77" ten="20,2700,0" yaku="1,1,0,1,7,1,53,0" doraHai="6" doraHaiUra="87" who="1" fromWho="1" sc="216,-13,200,47,339,-7,225,-7" /><INIT seed="5,0,0,5,1,78" ten="203,247,332,218" oya="1" hai0="66,97,127,62,41,79,135,10,27,31,63,57,124" hai1="0,60,2,125,43,117,53,12,16,69,42,111,46" hai2="130,71,131,77,17,101,7,68,80,23,59,8,67" hai3="102,37,119,121,95,110,6,32,24,36,76,129,122"/><U81/><E117/><V1/><F101/><W14/><G110/><T40/><D135/><U54/><E111/><V3/><F3/><W73/><G129/><N who="2" m="49161" /><F59/><W114/><G114/><T112/><D112/><U20/><E125/><N who="0" m="48201" /><D10/><U48/><E2/><V28/><F28/><W113/><G119/><T9/><D9/><U99/><E0/><V108/><F67/><W18/><G113/><T82/><D97/><U87/><E99/><V47/><F47/><W75/><G6/><T123/><D63/><U50/><E60/><V56/><F56/><W4/><G4/><T132/><D123/><U51/><E69/><V106/><F106/><W29/><G121/><T30/><D132/><U88/><REACH who="1" step="1"/><E43/><REACH who="1" ten="203,237,332,218" step="2"/><N who="0" m="16457" /><D27/><U19/><E19/><V39/><F108/><W118/><G18/><T89/><D89/><U25/><E25/><N who="2" m="14575" /><F39/><AGARI ba="0,1" hai="12,16,20,39,42,46,48,50,51,53,54,81,87,88" machi="39" ten="40,12000,1" yaku="1,1,52,1,54,2,53,0" doraHai="78" doraHaiUra="35" who="1" fromWho="2" sc="203,0,237,130,332,-120,218,0" /><INIT seed="5,1,0,2,5,5" ten="203,367,212,218" oya="1" hai0="55,117,2,36,23,61,81,101,51,15,91,14,20" hai1="7,79,58,128,97,56,16,125,132,71,39,45,57" hai2="29,107,88,67,85,24,43,102,135,112,104,106,108" hai3="72,83,99,78,41,123,1,94,66,54,11,22,26"/><U122/><E122/><V110/><F108/><W92/><G123/><T76/><D2/><U130/><E79/><V113/><F110/><W96/><G66/><T69/><D36/><U46/><E7/><V32/><F67/><W52/><G41/><T64/><D117/><U18/><E39/><V47/><F102/><W89/><G11/><T77/><D101/><U35/><E97/><V87/><F87/><W73/><G1/><T25/><D91/><U116/><E35/><V40/><F135/><W8/><G8/><T131/><D23/><U74/><E116/><V120/><F120/><W82/><G82/><T129/><D77/><U33/><E33/><V105/><N who="2" m="26624" /><DORA hai="65" /><V38/><REACH who="2" step="1"/><F43/><REACH who="2" ten="203,367,202,218" step="2"/><W109/><G109/><T63/><D129/><U134/><E132/><V28/><F28/><W34/><G73/><T127/><D131/><U115/><E134/><V44/><F44/><W3/><G3/><T95/><D64/><U59/><E46/><V68/><F68/><W90/><REACH who="3" step="1"/><G34/><REACH who="3" ten="203,367,202,208" step="2"/><T37/><D69/><U0/><E74/><V118/><F118/><W111/><G111/><T133/><D133/><U30/><E71/><V12/><F12/><W75/><G75/><T119/><D14/><U121/><E130/><V13/><F13/><W60/><G60/><T93/><D15/><U100/><E128/><V10/><F10/><W50/><G50/><T6/><D63/><U17/><E0/><V19/><F19/><AGARI ba="1,2" hai="19,22,26,52,54,72,78,83,89,90,92,94,96,99" machi="19" ten="30,7700,0" yaku="1,1,7,1,9,1,54,1,53,0" doraHai="5,65" doraHaiUra="53,126" who="3" fromWho="2" sc="203,0,367,0,202,-80,208,100" /><INIT seed="6,0,0,2,4,68" ten="203,367,122,308" oya="2" hai0="98,89,0,134,119,85,73,60,55,59,11,9,3" hai1="107,42,1,127,75,39,106,27,13,90,124,118,45" hai2="2,46,70,103,133,95,37,49,62,81,66,92,128" hai3="88,5,36,83,53,43,54,115,72,63,86,99,84"/><V101/><F2/><W120/><G120/><T28/><D73/><U38/><E118/><V96/><F133/><W125/><G125/><N who="1" m="48202" /><E1/><V116/><F116/><W24/><G72/><T110/><D110/><U48/><E75/><V22/><F128/><W126/><G115/><T26/><D134/><U132/><E132/><V105/><F81/><W94/><G5/><T44/><D98/><U41/><E27/><V29/><F103/><W135/><G135/><T19/><D0/><U57/><E13/><V123/><F123/><W32/><G86/><T15/><D3/><U87/><E57/><V114/><F114/><W25/><G32/><T117/><D44/><N who="1" m="23615" /><E48/><V82/><F82/><AGARI ba="0,0" hai="38,42,45,82,87,90,106,107" m="23615,48202" machi="82" ten="30,3900,0" yaku="18,1,52,2" doraHai="68" who="1" fromWho="2" sc="203,0,367,39,122,-39,308,0" /><INIT seed="7,0,0,0,0,101" ten="203,406,83,308" oya="3" hai0="96,131,112,70,134,116,93,76,8,40,105,103,67" hai1="33,17,39,92,123,32,130,26,35,115,124,46,74" hai2="7,98,109,25,51,28,127,27,88,79,52,5,107" hai3="3,54,128,9,42,45,30,85,94,2,19,61,72"/><W59/><G72/><T120/><D120/><U129/><E123/><V117/><F127/><W121/><G121/><T10/><D116/><U23/><E74/><V49/><F109/><W44/><G128/><N who="1" m="49258" /><E115/><V111/><F117/><W47/><G30/><T65/><D40/><N who="1" m="22815" /><E92/><V38/><F111/><W24/><G42/><T43/><D76/><U50/><E50/><V16/><F79/><W12/><REACH who="3" step="1"/><G24/><REACH who="3" ten="203,406,83,298" step="2"/><T86/><D43/><U58/><E124/><V80/><F38/><W113/><G113/><T22/><D112/><U100/><E100/><V11/><F27/><W82/><G82/><T31/><D103/><U56/><AGARI ba="0,1" hai="17,23,26,32,33,35,56,58" m="22815,49258" machi="56" ten="40,1500,0" yaku="19,1" doraHai="101" who="1" fromWho="1" sc="203,-4,406,25,83,-4,298,-7" owari="199,-20.1,431,53.1,79,-42.1,291,9.1" /></mjloggm>