<mjloggm ver="2.3"><GO type="169" lobby="0"/><UN n0="%E3%83%A1%E3%82%BF%E3%83%93%E3%83%BC%E3%83%88" n1="%E2%98%86%E5%AD%AB%E7%87%95%E5%A7%BF%E2%98%86" n2="%44%65%63%65%6D%62%65%72" n3="%73%65%37%37%65%6E" dan="18,17,16,16" rate="2221.50,2253.17,2059.14,2041.74" sx="M,M,M,M"/><TAIKYOKU oya="0"/><INIT seed="0,0,0,5,1,35" ten="250,250,250,250" oya="0" hai0="97,14,22,72,113,114,8,28,43,31,46,80,11" hai1="83,116,74,57,21,111,64,1,10,133,2,101,40" hai2="128,63,6,124,44,92,81,106,119,79,53,65,60" hai3="130,5,71,102,68,100,15,132,118,134,38,37,75"/><T125/><D125/><U89/><E116/><V62/><F128/><W95/><G118/><T135/><D135/><U115/><E133/><N who="3" m="51306" /><G95/><T123/><D123/><U103/><E111/><V20/><F106/><W120/><G75/><T131/><D131/><U76/><E115/><V9/><F124/><W98/><G130/><T117/><D117/><U13/><E40/><V45/><F119/><W69/><G98/><T33/><D33/><U18/><E89/><V82/><F92/><W41/><G41/><T47/><D97/><U108/><E108/><V58/><F20/><W99/><G120/><T52/><D72/><U107/><E21/><V56/><F62/><W73/><G73/><T109/><D22/><U39/><E39/><BYE who="1" /><UN n1="%E2%98%86%E5%AD%AB%E7%87%95%E5%A7%BF%E2%98%86" /><V16/><BYE who="3" /><F79/><W67/><G67/><T19/><D8/><U51/><E107/><V59/><F59/><UN n3="%73%65%37%37%65%6E" /><W34/><G34/><T42/><D109/><U0/><REACH who="1" step="1"/><E64/><REACH who="1" ten="250,240,250,250" step="2"/><V105/><F105/><N who="3" m="63647" /><G102/><T32/><D32/><U7/><E7/><V24/><F6/><W121/><G121/><T112/><D43/><U126/><E126/><V93/><F9/><AGARI ba="0,1" hai="5,9,15,37,38,68,69,71" m="63647,51306" machi="9" ten="40,1300,0" yaku="20,1" doraHai="35" who="3" fromWho="2" sc="250,0,240,0,250,-13,250,23" /><INIT seed="1,0,0,5,1,10" ten="250,240,237,273" oya="1" hai0="103,20,62,131,87,69,80,44,134,82,132,130,135" hai1="125,102,59,73,38,65,29,47,41,101,97,14,9" hai2="89,11,93,68,92,94,88,5,110,66,4,81,133" hai3="22,56,116,25,91,78,27,42,8,114,124,120,35"/><U100/><E125/><V108/><F68/><W64/><G124/><T63/><D69/><U74/><E29/><V75/><F66/><W17/><G120/><T85/><D44/><U39/><E38/><V106/><F106/><W111/><G111/><N who="2" m="42537" /><F133/><W121/><G114/><T115/><D20/><U58/><E97/><V84/><F75/><W128/><G128/><N who="0" m="49195" /><D103/><U15/><E59/><V16/><F5/><W53/><G78/><N who="0" m="46231" /><D115/><U3/><E74/><V49/><F49/><W48/><G116/><T13/><D13/><U21/><E73/><V54/><F54/><W34/><G64/><T90/><AGARI ba="0,0" hai="62,63,82,87,90,132,134,135" m="46231,49195" machi="90" ten="40,2700,0" yaku="20,1,19,1" doraHai="10" who="0" fromWho="0" sc="250,27,240,-13,237,-7,273,-7" /><INIT seed="2,0,0,5,2,99" ten="277,227,230,266" oya="2" hai0="92,49,97,62,3,53,133,54,109,130,18,33,15" hai1="102,86,70,103,34,44,7,39,28,128,107,22,88" hai2="77,57,32,91,43,71,16,31,81,61,35,83,96" hai3="38,27,12,46,66,124,20,14,42,90,100,113,11"/><V9/><F71/><W68/><G113/><T110/><D3/><U78/><E70/><V121/><F121/><W129/><G129/><T76/><D130/><U108/><E128/><V23/><F43/><W29/><G124/><T45/><D33/><U37/><E34/><V85/><F31/><W72/><G72/><T65/><D76/><U127/><E78/><V98/><F9/><W55/><G55/><T112/><D133/><U75/><E75/><V47/><F47/><W50/><G38/><T79/><D79/><U41/><E39/><V64/><F32/><W93/><G11/><T95/><D53/><U74/><E74/><V26/><REACH who="2" step="1"/><F35/><REACH who="2" ten="277,227,220,266" step="2"/><W10/><G10/><T48/><D45/><U87/><E28/><V8/><F8/><W125/><G68/><T111/><D110/><U17/><E108/><V116/><F116/><W6/><G6/><T56/><D111/><U89/><E7/><V82/><F82/><W80/><G80/><T40/><D40/><U122/><E122/><V69/><F69/><W52/><G42/><T101/><D109/><U132/><E127/><V25/><F25/><W94/><G125/><T67/><D15/><U5/><E5/><V104/><F104/><W36/><G36/><T119/><D119/><U58/><E107/><V1/><F1/><W73/><G12/><T135/><D18/><U114/><E37/><V117/><F117/><W105/><G14/><T0/><D0/><U131/><E131/><V118/><F118/><W59/><G105/><T120/><D120/><U24/><E41/><V106/><F106/><W134/><G29/><RYUUKYOKU ba="0,1" sc="277,-10,227,-10,220,30,266,-10" hai2="16,23,26,57,61,64,77,81,83,85,91,96,98" /><INIT seed="2,1,1,0,3,57" ten="267,217,250,256" oya="2" hai0="95,43,107,59,132,101,14,124,11,73,62,53,77" hai1="41,1,44,4,60,66,2,117,112,13,114,127,87" hai2="17,55,26,98,76,89,81,19,54,106,48,82,42" hai3="32,35,52,130,75,115,31,123,61,83,108,103,110"/><V121/><F121/><W97/><G123/><T85/><D124/><U70/><E117/><V7/><F7/><W80/><G130/><T34/><D34/><U46/><E127/><V102/><F42/><W40/><G40/><T92/><D132/><U131/><E131/><V99/><F54/><W10/><G10/><T28/><D28/><U116/><E116/><V93/><F26/><W135/><G135/><T22/><D73/><U29/><E29/><V3/><F3/><W133/><G133/><T36/><D107/><U104/><E104/><V37/><F37/><W38/><G38/><T25/><D101/><U125/><E125/><V21/><F21/><W47/><G31/><N who="0" m="17847" /><D43/><U51/><E46/><V30/><F82/><N who="3" m="31275" /><G75/><T94/><D77/><U129/><E87/><V118/><F118/><W122/><G47/><T91/><D36/><U69/><E69/><V63/><F63/><W79/><G79/><T20/><D20/><U109/><E109/><N who="3" m="42090" /><G122/><T96/><D85/><U56/><E70/><V100/><F100/><W86/><G86/><T72/><D72/><U15/><E129/><V74/><REACH who="2" step="1"/><F30/><REACH who="2" ten="267,217,240,256" step="2"/><W39/><G39/><T49/><D49/><U50/><E51/><V78/><F78/><W24/><G24/><T120/><D120/><U6/><E2/><V18/><F18/><AGARI ba="1,2" hai="11,14,18,53,59,62,91,92,94,95,96" m="17847" machi="18" ten="30,2000,0" yaku="8,1,52,1" doraHai="57" who="0" fromWho="2" sc="267,43,217,0,240,-23,256,0" /><INIT seed="3,0,0,1,2,55" ten="310,217,217,256" oya="3" hai0="73,31,86,85,21,84,93,16,90,59,98,33,89" hai1="134,96,75,106,57,114,8,131,115,124,132,6,121" hai2="122,105,3,63,100,26,123,74,46,69,27,109,25" hai3="13,130,4,40,68,126,41,49,38,20,113,14,19"/><W2/><G2/><T127/><BYE who="3" /><D127/><U39/><E39/><V23/><F3/><W111/><G111/><T71/><D71/><U120/><E124/><V11/><F109/><W9/><G9/><T56/><D73/><U116/><E75/><V108/><F108/><W0/><G0/><T50/><D33/><U45/><E45/><V65/><F74/><W58/><G58/><N who="0" m="22059" /><D50/><U34/><E34/><UN n3="%73%65%37%37%65%6E" /><V61/><F11/><W24/><G113/><N who="1" m="43018" /><E57/><V128/><F63/><W28/><G68/><T52/><D52/><U7/><E131/><V15/><F46/><W81/><G130/><T18/><D89/><U118/><E96/><V82/><F128/><W48/><G49/><T83/><D83/><U60/><E60/><V35/><F82/><W30/><G48/><T62/><D62/><U17/><E106/><V92/><F92/><W125/><G125/><T10/><D10/><U95/><E95/><V36/><F36/><W103/><G81/><T129/><D129/><U91/><E91/><V53/><F53/><W80/><G80/><T67/><D67/><U133/><E17/><N who="2" m="10687" /><F123/><N who="1" m="47177" /><E8/><V117/><F122/><W37/><G126/><T97/><D97/><U70/><E70/><V110/><F110/><W44/><G44/><T88/><D90/><U66/><E66/><V47/><F47/><W101/><G19/><T104/><D104/><U51/><E51/><V54/><F54/><W72/><G72/><T32/><D32/><U135/><N who="1" m="33792" /><DORA hai="42" /><U5/><AGARI ba="0,0" hai="5,6,7,116,118" m="33792,47177,43018" machi="5" ten="70,12000,2" yaku="4,1,28,2,20,1,34,2" doraHai="55,42" who="1" fromWho="1" sc="310,-30,217,120,217,-30,256,-60" /><INIT seed="4,0,0,2,0,133" ten="280,337,187,196" oya="0" hai0="42,61,98,4,72,7,52,22,46,95,128,25,75" hai1="36,76,21,92,120,119,18,60,78,93,63,51,85" hai2="125,27,122,23,107,86,104,117,55,84,53,132,96" hai3="115,56,114,37,26,50,68,57,97,0,28,70,102"/><T126/><D126/><U6/><E36/><V30/><F122/><W79/><G0/><T41/><D128/><U135/><E119/><V124/><F132/><W54/><G37/><T14/><D72/><U35/><E35/><V99/><F117/><W66/><G79/><T131/><D75/><U129/><E135/><V69/><F69/><W2/><G2/><T113/><D113/><N who="3" m="43017" /><G57/><N who="0" m="34983" /><D131/><U89/><E120/><V91/><F91/><W20/><G66/><T8/><D4/><U110/><E110/><V65/><F65/><W83/><G83/><T71/><D46/><U103/><E6/><V80/><F80/><W5/><G5/><T88/><D71/><U48/><E129/><V3/><F3/><W17/><G28/><AGARI ba="0,0" hai="7,8,14,22,25,28,41,42,88,95,98" m="34983" machi="28" ten="30,5800,0" yaku="8,1,54,2" doraHai="133" who="0" fromWho="3" sc="280,58,337,0,187,0,196,-58" /><INIT seed="4,1,0,1,5,83" ten="338,337,187,138" oya="0" hai0="70,62,124,67,90,129,95,133,0,52,15,81,23" hai1="111,75,74,66,92,4,1,49,63,106,110,69,103" hai2="121,68,18,131,45,43,57,54,112,24,135,51,116" hai3="60,6,101,39,109,65,27,85,2,87,127,89,102"/><T58/><D0/><U47/><E92/><V31/><F121/><W44/><G109/><T108/><D108/><U38/><E49/><V16/><F112/><W94/><G127/><T122/><D122/><U132/><E132/><V73/><F131/><W34/><G6/><T107/><D107/><U50/><E50/><V82/><F135/><W71/><G2/><T30/><D129/><U104/><E111/><V37/><F116/><W32/><G32/><T55/><D124/><U10/><E110/><V28/><F28/><W120/><G120/><T8/><D81/><U125/><E125/><V19/><F82/><W126/><G126/><T123/><D70/><U9/><E10/><V59/><F68/><W26/><G26/><N who="0" m="16735" /><D133/><U33/><E33/><V105/><F73/><N who="1" m="27657" /><E103/><V29/><F29/><W5/><G27/><T79/><D79/><U78/><E78/><V76/><F76/><W99/><G34/><T46/><D46/><U64/><E66/><V128/><F128/><W36/><G5/><N who="0" m="3471" /><D123/><U100/><E100/><V96/><F105/><W17/><G39/><T80/><D80/><U134/><E134/><V84/><F45/><W118/><G101/><T93/><D93/><U88/><E88/><V115/><F37/><W20/><G102/><T13/><D13/><U72/><N who="1" m="27665" /><U48/><DORA hai="53" /><E38/><V3/><F3/><W117/><G117/><T14/><D14/><U7/><E7/><V22/><F43/><N who="3" m="22631" /><G118/><T130/><D130/><U42/><E106/><V113/><F113/><W77/><G77/><T41/><D41/><U35/><E104/><V11/><F115/><RYUUKYOKU ba="1,0" sc="338,10,337,10,187,-30,138,10" hai0="52,55,58,62,67,90,95" hai1="1,4,9,35,42,47,48,63,64,69" hai3="17,20,60,65,71,85,87,89,94,99" /><INIT seed="4,2,0,0,4,74" ten="348,347,157,148" oya="0" hai0="135,65,48,96,51,16,66,50,18,128,57,46,124" hai1="72,90,115,69,80,78,11,3,34,102,14,63,6" hai2="76,100,47,104,58,87,53,70,62,30,2,75,67" hai3="98,27,4,22,120,54,15,97,1,33,0,84,134"/><T8/><D124/><U99/><E34/><V9/><F30/><W56/><G120/><T116/><D116/><U10/><E115/><V109/><F109/><W36/><G36/><T86/><D128/><U121/><E121/><V29/><F29/><W81/><G134/><T95/><D135/><U108/><E108/><V23/><F23/><W40/><G40/><T119/><D119/><U61/><E90/><V112/><F112/><W5/><G33/><T106/><D106/><U101/><E69/><V21/><F21/><W43/><G43/><T55/><D86/><U94/><REACH who="1" step="1"/><E102/><REACH who="1" ten="348,337,157,148" step="2"/><V105/><F100/><W24/><G1/><T114/><D114/><U39/><E39/><V37/><F37/><W111/><G0/><T59/><D57/><U77/><E77/><V79/><F58/><W19/><G111/><T17/><D8/><U45/><E45/><V38/><F9/><W49/><G27/><T113/><D113/><U52/><E52/><V71/><F38/><W42/><G42/><T7/><D46/><U35/><E35/><V118/><F47/><W32/><G32/><T91/><REACH who="0" step="1"/><D7/><AGARI ba="2,1" hai="3,6,7,10,11,14,61,63,72,78,80,94,99,101" machi="7" ten="30,3900,0" yaku="1,1,7,1,52,1,53,0" doraHai="74" doraHaiUra="20" who="1" fromWho="0" sc="348,-45,337,55,157,0,148,0" /><INIT seed="5,0,0,5,2,113" ten="303,392,157,148" oya="1" hai0="123,48,100,39,6,114,98,0,47,23,105,25,71" hai1="40,19,31,92,129,106,45,107,52,58,1,7,93" hai2="90,86,75,104,68,95,64,10,115,35,37,91,97" hai3="119,56,2,26,57,67,20,21,127,54,4,83,73"/><U101/><E129/><V44/><F115/><W3/><G127/><T49/><D114/><U16/><E31/><V60/><F35/><W27/><G83/><T41/><D71/><U74/><E74/><V59/><F75/><W102/><G102/><T8/><D123/><U133/><E133/><V116/><F104/><W22/><G73/><T84/><D84/><U122/><E122/><V51/><F10/><W9/><G2/><T130/><D130/><U76/><E107/><V55/><F116/><W128/><G128/><T120/><D120/><U110/><E106/><V43/><REACH who="2" step="1"/><F86/><REACH who="2" ten="303,392,147,148" step="2"/><W11/><G9/><T42/><D8/><U29/><E1/><V61/><F61/><W103/><G119/><T96/><D0/><U94/><E101/><AGARI ba="0,1" hai="37,43,44,51,55,59,60,64,68,90,91,95,97,101" machi="101" ten="30,12000,2" yaku="1,1,7,1,24,2,53,2" doraHai="113" doraHaiUra="87" who="2" fromWho="1" sc="303,0,392,-120,147,130,148,0" /><INIT seed="6,0,0,0,5,18" ten="303,272,277,148" oya="2" hai0="83,73,124,109,26,32,101,92,93,17,45,20,14" hai1="68,48,42,80,22,107,82,85,58,121,131,100,47" hai2="37,6,130,56,78,103,13,24,5,77,105,54,63" hai3="94,114,72,115,133,38,110,51,10,76,91,46,69"/><V57/><F130/><W39/><G69/><T65/><D109/><U112/><E68/><V70/><F70/><W132/><G110/><T62/><D124/><U129/><E112/><N who="3" m="43050" /><G76/><T71/><D101/><U117/><E117/><V52/><F37/><W34/><G72/><T50/><D83/><U43/><E121/><V102/><F105/><W8/><G34/><T111/><D73/><U29/><E43/><V87/><F24/><W12/><G10/><T61/><D61/><U118/><E118/><V28/><F28/><W15/><G15/><T79/><D79/><N who="2" m="30218" /><F87/><N who="3" m="52607" /><G51/><T108/><D111/><U127/><E127/><V126/><F13/><W95/><G95/><T125/><D125/><U23/><E29/><V25/><F25/><W53/><G53/><N who="2" m="20585" /><F63/><W86/><G86/><T122/><D108/><U4/><E82/><V81/><F81/><W135/><G46/><T113/><D113/><U21/><E58/><N who="2" m="22635" /><F126/><W88/><G88/><T59/><D71/><U1/><E85/><V11/><F11/><W97/><G97/><T98/><D98/><N who="1" m="61847" /><E80/><V33/><F33/><W27/><G27/><T55/><D32/><U67/><E1/><V49/><F49/><W16/><AGARI ba="0,0" hai="8,12,16,38,39,132,133,135" m="52607,43050" machi="16" ten="40,8000,1" yaku="20,1,15,1,11,1,54,1" doraHai="18" who="3" fromWho="3" sc="303,-20,272,-20,277,-40,148,80" /><INIT seed="7,0,0,3,2,96" ten="283,252,237,228" oya="3" hai0="110,48,61,22,53,24,120,111,68,1,23,14,58" hai1="118,84,127,122,50,79,78,40,132,103,134,72,83" hai2="16,37,91,60,80,63,116,77,19,20,87,99,54" hai3="73,49,131,5,92,113,114,9,56,57,93,25,8"/><W38/><G73/><T64/><D1/><U66/><E66/><V41/><F116/><W126/><G38/><T33/><D120/><U70/><E70/><V82/><F37/><W3/><G126/><T6/><D33/><U15/><E127/><V107/><F41/><W55/><G131/><T52/><D53/><U59/><E122/><V124/><F124/><W112/><G25/><T123/><D123/><U101/><E118/><V67/><F54/><N who="3" m="31823" /><G9/><T39/><D39/><U71/><E71/><V74/><F67/><W31/><G31/><T35/><D35/><U108/><E108/><V4/><F4/><W85/><G85/><T125/><D125/><U12/><E79/><V42/><F42/><W119/><G119/><T88/><D6/><U89/><E15/><V130/><F19/><W27/><G27/><T2/><D14/><U7/><E12/><V29/><F29/><W105/><G105/><T32/><D32/><U94/><E7/><V117/><F130/><W51/><AGARI ba="0,0" hai="3,5,8,51,55,57,92,93,112,113,114" m="31823" machi="51" ten="30,1500,0" yaku="15,1" doraHai="96" who="3" fromWho="3" sc="283,-5,252,-5,237,-5,228,15" /><INIT seed="7,1,0,1,0,77" ten="278,247,232,243" oya="3" hai0="16,68,132,101,88,9,58,45,125,106,71,56,29" hai1="113,80,12,131,104,127,33,42,49,7,133,52,37" hai2="72,6,107,19,55,121,62,103,83,18,89,105,17" hai3="129,85,24,14,69,4,61,75,28,98,59,46,15"/><W124/><G124/><T54/><D29/><U82/><E33/><V3/><F121/><W116/><G75/><T60/><D125/><U5/><E127/><V43/><F43/><W122/><G122/><T120/><D120/><U115/><E104/><V53/><F103/><W64/><G116/><T114/><D132/><U44/><E131/><V50/><F62/><W40/><G69/><T47/><D114/><N who="1" m="43531" /><E133/><V39/><F39/><W123/><G4/><N who="1" m="1610" /><E12/><V20/><F20/><W31/><G129/><T10/><D101/><U74/><E74/><V76/><F89/><W57/><G123/><T126/><D106/><U26/><E26/><V25/><F25/><W95/><G85/><T2/><D2/><U91/><E91/><V112/><F112/><W87/><G87/><T92/><D68/><U23/><E23/><V8/><REACH who="2" step="1"/><F55/><REACH who="2" ten="278,247,222,243" step="2"/><W130/><G130/><T100/><D100/><U73/><E73/><V119/><F119/><W67/><G24/><T11/><D126/><U13/><E13/><V81/><F81/><N who="1" m="31337" /><E52/><V51/><F51/><AGARI ba="1,1" hai="37,42,44,49,51" m="31337,1610,43531" machi="51" ten="30,7700,0" yaku="15,1,52,3" doraHai="77" who="1" fromWho="2" sc="278,0,247,90,222,-80,243,0" owari="278,7.8,337,43.7,142,-35.8,243,-15.7" /></mjloggm>