<mjloggm ver="2.3"><GO type="169" lobby="0"/><UN n0="%E9%AB%98%E6%A9%8B%E8%89%AF%E5%A4%AA" n1="%E6%BC%AB%E6%89%8D%E9%BA%BB%E5%B0%86%E5%91%86%E5%91%86" n2="%E3%82%A8%E3%83%B3%E3%82%B8%E3%82%A7%E3%83%AB%E3%82%A6%E3%82%A3%E3%82%AD" n3="%E4%B9%85%E4%BF%9D%E3%82%B7%E3%82%AA%E3%83%AA" dan="16,16,16,16" rate="2132.08,2063.57,2104.14,2015.53" sx="M,F,M,M"/><TAIKYOKU oya="0"/><INIT seed="0,0,0,2,2,91" ten="250,250,250,250" oya="0" hai0="120,50,112,8,2,31,79,119,81,17,122,20,38" hai1="3,42,69,58,135,117,33,9,62,75,21,125,52" hai2="124,101,12,55,85,134,11,44,25,47,18,72,118" hai3="66,73,133,10,104,131,76,90,68,127,86,32,111"/><T128/><D38/><U0/><E117/><V4/><F72/><W93/><G32/><T84/><D119/><U83/><E33/><V48/><F134/><W94/><G68/><T126/><D112/><U61/><E135/><V99/><F124/><W77/><G66/><T113/><D113/><U130/><E125/><V35/><F118/><W70/><G70/><T71/><D71/><U114/><E130/><V74/><F74/><W13/><G133/><T129/><D31/><U115/><E42/><V110/><F110/><W28/><G127/><T5/><D50/><U98/><E21/><V39/><F85/><W1/><G1/><T102/><D102/><U123/><E123/><V34/><F25/><W103/><G111/><T37/><D37/><U132/><E132/><V51/><F4/><W30/><G131/><N who="0" m="50251" /><D126/><U78/><E3/><V65/><F65/><W26/><G104/><T82/><D82/><U116/><E116/><V89/><F89/><W41/><G41/><T107/><D107/><U29/><E29/><N who="3" m="11370" /><G26/><AGARI ba="0,0" hai="2,5,8,17,20,26,79,81,84,120,122" m="50251" machi="26" ten="30,1500,0" yaku="19,1" doraHai="91" who="0" fromWho="3" sc="250,15,250,0,250,0,250,-15" /><INIT seed="0,1,0,4,2,65" ten="265,250,250,235" oya="0" hai0="131,24,8,111,27,134,35,7,61,43,68,55,81" hai1="76,104,118,21,67,48,45,123,109,88,124,3,22" hai2="108,94,15,122,44,125,66,53,5,78,25,75,79" hai3="128,83,1,100,32,129,52,135,89,110,50,119,71"/><T72/><D131/><N who="3" m="50249" /><G1/><T102/><D134/><U58/><E118/><V31/><F108/><W38/><G32/><T34/><D43/><U30/><E123/><V84/><F125/><W97/><G119/><T117/><D117/><U73/><E104/><V19/><F75/><W59/><G38/><T126/><D126/><U120/><E120/><V37/><F5/><W127/><G110/><T82/><D102/><U132/><E3/><V20/><F122/><W116/><G135/><T62/><D72/><U42/><E132/><V18/><F18/><W96/><G127/><T9/><D111/><U6/><E6/><V106/><F106/><W2/><G2/><T47/><D7/><U14/><E109/><V112/><F66/><W51/><G51/><T92/><D92/><U28/><E73/><V13/><F13/><W17/><G17/><T33/><D35/><U103/><E14/><V54/><F37/><W64/><G100/><T91/><D47/><U113/><E103/><V23/><F112/><W26/><G26/><T90/><D55/><N who="2" m="21002" /><F44/><W29/><G29/><T12/><D12/><U98/><E28/><V69/><F69/><AGARI ba="1,0" hai="8,9,24,27,33,34,61,62,68,69,81,82,90,91" machi="69" ten="25,9600,0" yaku="22,2,52,2" doraHai="65" who="0" fromWho="2" sc="265,99,250,0,250,-99,235,0" /><INIT seed="0,2,0,5,5,75" ten="364,250,151,235" oya="0" hai0="46,83,51,41,95,14,91,17,11,40,13,79,117" hai1="114,73,29,81,43,39,130,50,126,0,118,56,106" hai2="9,94,119,49,15,35,44,112,59,55,26,47,37" hai3="42,12,82,78,90,115,99,104,127,96,84,102,92"/><T77/><D117/><U125/><E118/><V48/><F112/><W85/><G42/><T123/><D123/><U21/><E106/><V57/><F119/><W1/><G1/><T18/><D83/><U124/><E0/><V8/><F37/><W109/><G12/><T32/><D32/><U36/><E114/><V108/><F108/><W22/><G22/><T66/><D66/><U34/><E34/><V45/><F94/><W88/><G115/><T70/><D70/><U38/><E130/><V135/><F135/><W19/><G19/><T134/><D41/><U120/><E120/><V101/><F101/><W69/><G69/><T23/><D134/><U116/><E116/><V27/><F35/><W60/><G60/><T103/><D103/><U33/><E21/><V28/><F28/><W121/><G121/><T4/><D18/><U65/><E65/><V122/><F122/><W6/><G6/><T63/><D63/><U113/><E113/><V67/><F67/><W129/><G129/><T52/><D40/><U72/><E43/><V128/><F128/><W86/><G127/><T132/><D132/><U100/><E29/><V80/><F80/><N who="3" m="47127" /><G109/><T133/><D133/><U64/><E33/><V98/><F98/><AGARI ba="2,0" hai="82,85,86,88,90,92,96,98,99,102,104" m="47127" machi="98" ten="30,12000,2" yaku="35,5,52,1,54,1" doraHai="75" who="3" fromWho="2" sc="364,0,250,0,151,-126,235,126" /><AGARI ba="2,0" hai="4,11,13,14,17,23,46,51,52,77,79,91,95,98" machi="98" ten="30,12000,1" yaku="7,1,8,1,52,2,54,1" doraHai="75" who="0" fromWho="2" sc="364,120,250,0,25,-120,361,0" owari="484,58.4,250,-15.0,-95,-59.5,361,16.1" /></mjloggm>