<mjloggm ver="2.3"><GO type="169" lobby="0"/><UN n0="%E7%B4%AB%E3%81%AE%E9%8F%A1" n1="%E3%81%AA%E3%81%8C%E3%81%95%E3%82%8F%E3%81%BE%E3%81%95%E3%81%BF" n2="%E3%83%8E%E3%82%AA%E3%83%81%E3%83%A3%E3%83%99%E3%82%B9" n3="%E3%82%B4%E3%83%BC%E3%83%AB%E3%83%89%E3%82%B7%E3%83%83%E3%83%97" dan="18,16,16,16" rate="2198.62,2058.58,2139.55,2113.43" sx="M,F,M,M"/><TAIKYOKU oya="0"/><INIT seed="0,0,0,3,5,99" ten="250,250,250,250" oya="0" hai0="47,131,35,85,7,51,107,29,58,105,30,134,12" hai1="67,22,75,60,98,84,66,82,39,108,119,0,86" hai2="37,56,49,133,102,79,101,74,100,13,65,62,34" hai3="31,110,57,95,24,45,81,63,43,94,135,76,10"/><T112/><D112/><U115/><E119/><V40/><F34/><W72/><G110/><T128/><D58/><U127/><E108/><V38/><F133/><W126/><G126/><T92/><D134/><U19/><E0/><V28/><F28/><N who="0" m="10858" /><D35/><U5/><E127/><V77/><F13/><W70/><G70/><T16/><D7/><U129/><E39/><V36/><REACH who="2" step="1"/><F74/><REACH who="2" ten="250,250,240,250" step="2"/><W96/><G135/><T6/><D12/><U3/><E115/><V88/><F88/><W44/><G10/><T32/><D32/><U68/><E75/><V120/><F120/><W122/><G122/><T41/><D6/><U2/><E5/><V90/><F90/><W14/><G14/><T104/><D16/><U42/><E2/><V125/><F125/><W113/><G113/><T8/><D8/><U103/><E3/><V1/><F1/><W83/><G31/><T124/><D124/><U109/><E109/><V48/><F48/><W27/><G72/><T89/><D131/><U21/><E129/><V46/><AGARI ba="0,1" hai="36,37,38,40,46,49,56,62,65,77,79,100,101,102" machi="46" ten="40,8000,1" yaku="1,1,0,1,52,3,53,0" doraHai="99" doraHaiUra="130" who="2" fromWho="2" sc="250,-40,250,-20,240,90,250,-20" /><INIT seed="1,0,0,1,4,64" ten="210,230,330,230" oya="1" hai0="111,97,85,45,134,94,114,77,113,2,30,132,105" hai1="19,10,1,35,24,104,52,36,124,125,37,117,70" hai2="56,3,102,40,17,61,108,83,67,69,18,100,15" hai3="54,86,99,122,43,95,123,34,13,22,120,46,126"/><U33/><E104/><V72/><F3/><W75/><G75/><T0/><D30/><U5/><E117/><V47/><F108/><W60/><G34/><N who="1" m="12810" /><E19/><V98/><F56/><W6/><G126/><N who="1" m="48746" /><E24/><V39/><F102/><W29/><G86/><T118/><D45/><U27/><E27/><V25/><F25/><W53/><G60/><T80/><D0/><U16/><E16/><V84/><F72/><W131/><G131/><T23/><D23/><U58/><E70/><V82/><F18/><W28/><G29/><T57/><D57/><U26/><E26/><V106/><REACH who="2" step="1"/><F84/><REACH who="2" ten="210,230,320,230" step="2"/><W38/><G28/><T89/><D2/><U116/><E116/><V101/><F101/><W103/><REACH who="3" step="1"/><G22/><AGARI ba="0,1" hai="15,17,22,39,40,47,61,67,69,82,83,98,100,106" machi="22" ten="30,3900,0" yaku="1,1,7,1,52,1,53,0" doraHai="64" doraHaiUra="49" who="2" fromWho="3" sc="210,0,230,0,320,49,230,-39" /><INIT seed="2,0,0,2,5,106" ten="210,230,369,191" oya="2" hai0="134,114,56,44,79,31,4,13,47,88,63,48,74" hai1="32,62,110,82,80,119,11,51,77,85,59,96,38" hai2="115,94,37,5,15,42,8,127,126,87,75,118,30" hai3="50,19,35,98,22,45,25,28,132,73,36,83,92"/><V66/><F115/><W111/><G111/><T78/><D114/><U101/><E38/><V52/><F66/><W124/><G124/><T39/><D134/><U20/><E32/><V17/><F118/><W130/><G132/><T122/><D122/><U9/><E110/><V53/><F30/><W76/><G36/><T71/><D71/><U109/><E109/><V54/><F75/><W1/><G1/><T123/><D123/><U93/><E119/><V43/><F37/><W27/><G130/><T2/><D2/><U57/><E82/><V104/><F104/><W90/><G50/><T72/><D39/><U7/><E7/><V68/><F68/><W18/><G45/><T97/><D31/><AGARI ba="0,0" hai="18,19,22,25,27,28,31,35,73,76,83,90,92,98" machi="31" ten="30,2000,0" yaku="7,1,52,1" doraHai="106" who="3" fromWho="0" sc="210,-20,230,0,369,0,191,20" /><INIT seed="3,0,0,5,1,22" ten="190,230,369,211" oya="3" hai0="90,110,28,6,27,14,69,53,64,115,86,15,37" hai1="135,45,25,71,130,17,121,16,5,10,9,23,0" hai2="116,85,100,4,133,105,7,60,1,43,49,84,24" hai3="30,57,118,61,59,3,31,101,132,51,34,39,111"/><W125/><G39/><T129/><D37/><U112/><E71/><V119/><F60/><W81/><G118/><T91/><D110/><U33/><E45/><V102/><F1/><W96/><G3/><T113/><D129/><U55/><E55/><V12/><F12/><W88/><G132/><T74/><D74/><U48/><E48/><V76/><F49/><W109/><G125/><T82/><D90/><U38/><E38/><V50/><F50/><W131/><G51/><T77/><D91/><U13/><E130/><V42/><F105/><W63/><G131/><T95/><D95/><U70/><E70/><V75/><F75/><W94/><G81/><T122/><D122/><U35/><E112/><N who="0" m="43081" /><D6/><N who="1" m="1223" /><E121/><V72/><F72/><W124/><G101/><T117/><D53/><U99/><E99/><V40/><F40/><W11/><G124/><T29/><D117/><U19/><E135/><V67/><F133/><W83/><G11/><T78/><D78/><U128/><E128/><V20/><F20/><W89/><G83/><T123/><D123/><U120/><E120/><V114/><F114/><W44/><G44/><T98/><D98/><U62/><E62/><V2/><F2/><W97/><REACH who="3" step="1"/><G94/><REACH who="3" ten="190,230,369,201" step="2"/><T41/><D82/><U66/><E66/><V103/><F103/><W80/><G80/><T26/><D41/><U106/><E106/><V21/><F67/><W108/><G108/><T46/><D64/><U58/><E58/><V32/><F76/><W73/><G73/><T134/><D134/><U36/><E36/><V54/><F119/><W92/><G92/><T107/><D107/><RYUUKYOKU ba="0,1" sc="190,-15,230,15,369,-15,201,15" hai1="5,10,13,16,17,19,23,25,33,35" hai3="30,31,34,57,59,61,63,88,89,96,97,109,111" /><INIT seed="3,1,1,3,4,41" ten="175,245,354,216" oya="3" hai0="57,22,126,128,123,103,64,121,132,118,17,50,35" hai1="116,60,90,1,82,11,108,29,68,39,106,95,110" hai2="56,135,28,69,4,74,26,36,100,117,111,5,55" hai3="91,129,98,45,27,73,53,134,31,70,66,62,85"/><W18/><G73/><T81/><D118/><U79/><E106/><V14/><F69/><W48/><G129/><T93/><D35/><U10/><E116/><V78/><F36/><W105/><G134/><T83/><D132/><U104/><E104/><V109/><F135/><W43/><G18/><T86/><D128/><U122/><E122/><V94/><F117/><W25/><G105/><T72/><D126/><U84/><E39/><V67/><F67/><W120/><G120/><T32/><D32/><U119/><E29/><V80/><F14/><W8/><G8/><T97/><D72/><U38/><E38/><V87/><F100/><W34/><G27/><T33/><D33/><U112/><E112/><V65/><F65/><W46/><G98/><T47/><D81/><U30/><E30/><V59/><F59/><W75/><G75/><T52/><D64/><N who="1" m="40967" /><E1/><V102/><F102/><W131/><G131/><T63/><D63/><U6/><E6/><V76/><F94/><W54/><REACH who="3" step="1"/><G46/><REACH who="3" ten="175,245,354,206" step="2"/><T113/><D47/><U44/><E44/><V9/><F9/><W88/><G88/><T133/><D133/><U101/><E101/><V107/><F107/><W115/><G115/><T96/><D113/><U0/><E119/><V3/><F74/><W124/><G124/><T2/><D121/><U7/><E10/><N who="2" m="2335" /><F76/><W58/><G58/><T51/><D123/><U89/><E89/><V21/><F5/><W16/><G16/><T92/><D17/><U125/><E125/><V24/><F24/><W13/><G13/><T130/><D130/><U12/><E12/><V71/><F71/><RYUUKYOKU ba="1,2" sc="175,-30,245,10,354,10,206,10" hai1="0,7,11,79,82,84,90,95,108,110" hai2="21,26,28,55,56,78,80,87,109,111" hai3="25,31,34,43,45,48,53,54,62,66,70,85,91" /><INIT seed="3,2,2,5,0,11" ten="145,255,364,216" oya="3" hai0="37,52,48,76,13,59,78,33,6,115,133,30,14" hai1="17,105,113,94,27,85,72,118,15,102,68,9,63" hai2="49,50,116,39,26,66,61,2,123,34,40,51,99" hai3="119,82,75,100,103,46,111,83,20,106,90,80,62"/><W126/><G119/><T108/><D37/><U5/><E72/><V110/><F2/><W55/><G126/><T71/><D71/><U124/><E113/><V125/><F116/><W22/><G75/><T127/><D127/><U10/><E124/><V60/><F60/><W93/><G106/><T84/><D115/><U24/><E118/><V88/><F125/><W19/><G111/><T73/><D73/><U128/><E105/><V92/><F123/><W89/><G89/><T56/><D108/><U12/><E128/><V77/><F77/><N who="0" m="29802" /><D33/><U98/><E68/><V25/><F110/><W29/><G29/><T104/><D104/><U18/><E85/><V67/><F67/><W53/><G46/><N who="0" m="27671" /><D133/><U79/><E79/><V0/><F0/><W70/><G70/><T41/><D41/><U23/><REACH who="1" step="1"/><E63/><REACH who="1" ten="145,245,364,216" step="2"/><V64/><F61/><W129/><G62/><T3/><D84/><U112/><E112/><V54/><F66/><W4/><G83/><T74/><D74/><U69/><E69/><V21/><F64/><W36/><G82/><T47/><D3/><AGARI ba="2,3" hai="3,5,9,10,12,15,17,18,23,24,27,94,98,102" machi="3" ten="30,7700,0" yaku="1,1,7,1,52,2,53,0" doraHai="11" doraHaiUra="120" who="1" fromWho="0" sc="145,-83,245,113,364,0,216,0" /><INIT seed="4,0,0,4,2,127" ten="62,358,364,216" oya="0" hai0="17,42,99,106,40,121,53,19,74,101,79,95,71" hai1="111,72,128,44,31,135,82,76,24,14,1,57,34" hai2="63,87,38,75,27,131,18,37,55,90,36,85,115" hai3="123,117,132,23,4,98,30,91,2,130,10,80,97"/><T120/><D71/><U134/><E111/><V114/><F75/><W65/><G117/><T109/><D53/><U22/><E1/><V126/><F126/><W102/><G132/><N who="1" m="50730" /><E57/><N who="2" m="35263" /><F131/><W26/><G123/><T105/><D109/><U122/><E128/><V12/><F27/><W107/><G130/><T39/><D74/><U46/><E122/><V32/><F90/><W50/><G65/><T69/><D69/><U62/><E62/><V33/><F87/><W61/><G61/><T77/><D95/><U81/><E82/><V103/><F85/><W16/><G80/><T125/><D125/><U119/><E119/><V20/><F103/><W9/><G98/><T15/><D99/><U108/><E108/><V129/><F129/><W51/><G91/><T133/><D133/><U89/><E89/><V3/><F3/><W6/><REACH who="3" step="1"/><G30/><REACH who="3" ten="62,358,364,206" step="2"/><T92/><D92/><U110/><E110/><V8/><F38/><W49/><G49/><T52/><D39/><U43/><E43/><V88/><F88/><W118/><G118/><T35/><D52/><U0/><E0/><AGARI ba="0,1" hai="0,2,4,6,9,10,16,23,26,50,51,97,102,107" machi="0" ten="30,7700,0" yaku="1,1,7,1,9,1,54,1,53,0" doraHai="127" doraHaiUra="68" who="3" fromWho="1" sc="62,0,358,-77,364,0,206,87" /><INIT seed="5,0,0,2,1,67" ten="62,281,364,293" oya="1" hai0="94,88,122,70,108,121,56,10,25,32,71,12,18" hai1="64,79,78,20,129,30,103,29,72,126,84,51,3" hai2="9,68,24,115,47,96,118,13,35,90,95,36,100" hai3="116,125,52,97,45,50,15,134,135,22,112,83,110"/><U86/><E3/><V6/><F118/><W41/><G110/><T101/><D108/><U132/><E72/><V66/><F115/><W77/><G112/><T69/><D101/><U74/><E74/><V55/><F35/><W109/><G109/><T106/><D106/><U76/><E129/><V1/><F24/><W8/><G125/><T54/><D25/><U63/><E132/><N who="3" m="50730" /><G97/><T105/><D105/><U93/><E126/><V80/><F1/><W128/><G116/><T44/><D44/><U114/><E51/><V60/><F55/><W4/><G22/><T123/><D32/><U91/><E114/><V48/><F36/><W40/><G128/><T43/><D43/><U92/><E20/><V5/><F47/><W21/><G21/><T65/><D65/><U85/><E103/><V81/><F48/><W99/><G99/><N who="0" m="57799" /><D70/><U31/><E91/><V133/><F133/><W33/><G33/><T19/><D18/><U117/><E117/><V42/><F42/><W57/><G57/><AGARI ba="0,0" hai="29,30,31,57,63,64,76,78,79,84,85,86,92,93" machi="57" ten="50,9600,0" yaku="29,2,8,1" doraHai="67" who="1" fromWho="3" sc="62,0,281,96,364,0,293,-96" /><INIT seed="5,1,0,3,1,89" ten="62,377,364,197" oya="1" hai0="119,79,52,53,50,5,61,134,20,126,18,108,90" hai1="22,14,38,100,92,110,43,123,51,80,11,10,101" hai2="16,71,25,0,87,67,29,70,3,26,13,77,95" hai3="7,135,128,9,72,75,55,86,117,84,76,93,15"/><U45/><E123/><V33/><F26/><W17/><G128/><T103/><D108/><U130/><E130/><V99/><F87/><W121/><G135/><T85/><D119/><U2/><E110/><V44/><F44/><W1/><G121/><T41/><D134/><U28/><E38/><V54/><F54/><W30/><G30/><T34/><D34/><U35/><E35/><V68/><F77/><W8/><G117/><T48/><D126/><U116/><E116/><V63/><F3/><W106/><G106/><T104/><D79/><U107/><E107/><V66/><F66/><W62/><G86/><T96/><D5/><U36/><E36/><V12/><F12/><W32/><G32/><T69/><D41/><U113/><E113/><V31/><F31/><W97/><G84/><T132/><D132/><U49/><E80/><V46/><F46/><W81/><G75/><T27/><D69/><U74/><E74/><V82/><F0/><W24/><G24/><T64/><D50/><U40/><E2/><V21/><F82/><W60/><REACH who="3" step="1"/><G55/><REACH who="3" ten="62,377,364,187" step="2"/><T78/><D78/><U23/><E28/><V88/><AGARI ba="1,1" hai="13,16,21,25,29,33,63,67,68,70,71,88,95,99" machi="88" ten="20,8000,1" yaku="0,1,7,1,52,1,54,2" doraHai="89" who="2" fromWho="2" sc="62,-21,377,-41,364,93,187,-21" /><INIT seed="6,0,0,3,5,24" ten="41,336,457,166" oya="2" hai0="64,92,111,8,10,41,19,57,96,129,71,47,91" hai1="85,94,4,27,131,37,132,83,103,3,32,11,120" hai2="61,101,43,119,20,133,5,39,130,34,60,122,12" hai3="7,50,67,29,59,76,55,28,87,95,69,53,98"/><V105/><F34/><W48/><G7/><T77/><D71/><U86/><E132/><V33/><F33/><W9/><G69/><T73/><D111/><U118/><E118/><V52/><F122/><W54/><G9/><T68/><D68/><U108/><E108/><V82/><F119/><W63/><G76/><T125/><D129/><U107/><E131/><V45/><F133/><W0/><G87/><T109/><D109/><U113/><E37/><V121/><F121/><W26/><G0/><T22/><D125/><U13/><E113/><V79/><F130/><W124/><G124/><T25/><D73/><U80/><E107/><V56/><F101/><W114/><G114/><T31/><D77/><U21/><E32/><V62/><F105/><W112/><G112/><T17/><D17/><U6/><E6/><V90/><F90/><N who="3" m="55671" /><G26/><T117/><D117/><U99/><E3/><V51/><F39/><W84/><G84/><N who="1" m="32362" /><E120/><V134/><F134/><W44/><G50/><T93/><D93/><U58/><E58/><V75/><F5/><W23/><G23/><T97/><D97/><U15/><E15/><V81/><F81/><W38/><G38/><T116/><D116/><U88/><E103/><V102/><F102/><W2/><G2/><T36/><REACH who="0" step="1"/><D19/><AGARI ba="0,0" hai="4,11,13,19,21,27,80,83,88,94,99" m="32362" machi="19" ten="30,2000,0" yaku="8,1,54,1" doraHai="24" who="1" fromWho="0" sc="41,-20,336,20,457,0,166,0" /><INIT seed="7,0,0,3,1,89" ten="21,356,457,166" oya="3" hai0="97,18,73,114,100,60,61,109,87,99,7,17,32" hai1="55,23,48,66,135,4,25,26,64,69,36,92,82" hai2="80,93,21,75,6,43,101,85,83,24,29,68,44" hai3="53,78,19,129,22,41,51,131,74,113,112,39,42"/><W71/><G71/><T34/><D73/><U3/><E36/><V49/><F68/><W126/><G74/><T107/><D109/><U123/><E123/><V77/><F6/><W70/><G78/><T110/><D110/><U134/><E4/><V81/><F75/><W105/><G105/><T95/><D114/><N who="3" m="44137" /><G126/><T111/><D111/><U13/><E3/><V52/><F43/><N who="3" m="16395" /><G70/><T122/><D122/><U59/><E69/><V16/><F29/><W117/><G117/><T65/><D7/><U130/><E82/><V84/><F77/><W14/><G39/><T0/><D0/><U72/><E72/><V115/><F115/><W94/><G94/><T57/><D87/><U120/><E92/><V118/><F118/><W12/><G14/><T37/><D37/><U108/><E13/><V96/><AGARI ba="0,0" hai="16,21,24,44,49,52,80,81,83,84,85,93,96,101" machi="96" ten="30,8000,1" yaku="0,1,8,1,52,1,54,2" doraHai="89" who="2" fromWho="2" sc="21,-20,356,-20,457,80,166,-40" owari="1,-49.9,336,13.6,537,63.7,126,-27.4" /></mjloggm>