<mjloggm ver="2.3"><GO type="169" lobby="0"/><UN n0="%E3%81%8D%E3%81%84%E3%81%AA" n1="%E3%83%95%E3%82%AF%E3%83%80%E3%83%B3%E3%83%81%E3%83%A7" n2="%69%50%68%6F%6E%65%31" n3="%4E%4F%54%41" dan="16,16,16,16" rate="2103.53,2119.02,2134.73,2116.21" sx="M,M,M,M"/><TAIKYOKU oya="0"/><INIT seed="0,0,0,4,5,44" ten="250,250,250,250" oya="0" hai0="132,109,121,105,20,16,23,74,40,21,117,2,5" hai1="113,71,58,91,59,8,90,45,80,29,41,14,83" hai2="3,81,70,68,47,106,89,129,43,86,22,10,24" hai3="97,62,73,42,98,72,104,124,19,4,99,60,135"/><T67/><D117/><U111/><E71/><V15/><F129/><W93/><G104/><T114/><D114/><U122/><E111/><V18/><F3/><W125/><G4/><T31/><D121/><U87/><E29/><V103/><F103/><W36/><G135/><T95/><D105/><U96/><E122/><V101/><F101/><W77/><G93/><T66/><D74/><N who="3" m="28777" /><G77/><T92/><D132/><U64/><E64/><N who="0" m="24617" /><D2/><U133/><E113/><V123/><F106/><W37/><G19/><T30/><D40/><U32/><E32/><V65/><F65/><W27/><G27/><N who="0" m="16743" /><D5/><U54/><E54/><V17/><REACH who="2" step="1"/><F123/><REACH who="2" ten="250,250,240,250" step="2"/><W61/><G42/><T46/><D109/><U7/><E133/><V116/><F116/><W39/><AGARI ba="0,1" hai="36,37,39,60,61,62,97,98,99,124,125" m="28777" machi="39" ten="50,8000,1" yaku="29,2,28,2" doraHai="44" who="3" fromWho="3" sc="250,-40,250,-20,240,-20,250,90" /><INIT seed="1,0,0,4,2,16" ten="210,230,220,340" oya="1" hai0="96,88,71,54,70,108,98,111,77,121,17,99,32" hai1="37,85,34,36,10,73,21,66,0,94,56,1,11" hai2="41,50,18,103,92,129,59,31,25,128,20,115,2" hai3="124,49,62,13,122,51,131,82,60,133,120,116,101"/><U55/><E34/><V79/><F2/><W35/><G35/><T3/><D121/><U93/><E66/><V64/><F115/><W130/><G101/><T83/><D3/><U100/><E73/><V102/><F79/><W57/><G13/><T6/><D6/><U110/><E110/><N who="0" m="42025" /><D32/><U46/><E100/><V72/><F72/><W5/><G82/><T27/><D54/><U89/><E46/><N who="2" m="25935" /><F18/><W7/><G124/><T84/><D77/><U23/><E85/><V63/><F103/><W44/><G133/><T42/><D42/><U47/><E55/><V107/><F107/><W95/><G95/><T38/><D38/><U126/><E47/><V15/><F15/><W19/><G19/><T81/><D81/><U114/><E89/><V125/><F125/><W28/><G28/><T61/><D61/><U12/><E12/><V112/><F112/><W86/><G86/><T69/><D69/><U8/><E114/><V74/><F74/><W26/><G44/><T4/><D4/><U29/><E126/><V127/><F127/><W106/><G106/><T40/><D40/><U78/><E78/><V109/><F109/><W14/><G14/><T135/><D135/><U118/><E10/><V105/><F105/><W119/><G57/><T39/><D39/><U104/><E104/><V9/><F9/><W43/><G43/><T68/><D98/><AGARI ba="0,0" hai="20,25,31,59,63,64,92,98,102,128,129" m="25935" machi="98" ten="30,2000,0" yaku="25,1,52,1" doraHai="16" who="2" fromWho="0" sc="210,-20,230,0,220,20,340,0" /><INIT seed="2,0,0,2,3,74" ten="190,230,240,340" oya="2" hai0="97,105,8,107,127,22,44,66,84,6,104,76,112" hai1="12,64,9,115,133,0,28,1,48,51,80,87,23" hai2="33,34,55,50,32,3,16,70,134,69,93,75,119" hai3="77,26,27,72,31,121,54,18,96,62,24,21,78"/><V120/><F119/><W61/><G72/><T128/><D112/><U5/><E115/><V95/><F3/><W81/><G121/><T2/><D128/><U59/><E133/><V117/><F117/><W36/><G36/><T103/><D127/><U53/><E64/><V98/><F120/><W94/><G81/><T47/><D66/><U20/><E51/><V132/><F75/><W111/><G111/><T99/><D22/><U106/><E106/><V46/><F16/><W102/><G26/><T10/><D10/><U19/><E28/><V11/><F11/><W114/><G114/><T14/><D2/><U29/><E29/><V43/><F43/><W13/><G27/><T15/><D15/><U35/><E23/><V122/><F122/><W116/><G116/><T57/><D57/><U17/><E17/><V25/><F95/><W90/><G102/><T131/><D131/><U109/><E109/><V73/><F73/><W4/><G4/><T49/><D99/><U125/><E125/><V65/><F25/><W110/><G110/><T79/><D47/><U89/><REACH who="1" step="1"/><E35/><REACH who="1" ten="190,220,240,340" step="2"/><V100/><REACH who="2" step="1"/><F65/><REACH who="2" ten="190,220,230,340" step="2"/><W30/><G30/><T113/><D113/><U58/><E58/><V124/><F124/><W82/><G31/><T52/><D104/><U130/><E130/><V129/><F129/><W83/><G24/><AGARI ba="0,2" hai="0,1,5,9,12,19,20,24,48,53,59,80,87,89" machi="24" ten="30,2000,0" yaku="1,1,7,1,53,0" doraHai="74" doraHaiUra="38" who="1" fromWho="3" sc="190,0,220,40,230,0,340,-20" /><INIT seed="3,0,0,0,5,41" ten="190,260,230,320" oya="3" hai0="18,36,27,80,95,85,50,134,14,65,96,133,73" hai1="17,76,30,57,37,25,49,97,119,103,56,53,58" hai2="66,13,35,122,126,28,90,112,89,102,38,2,100" hai3="55,67,77,104,83,128,93,23,113,60,99,64,135"/><W61/><G113/><T26/><D36/><U68/><E68/><V105/><F2/><W84/><G104/><T111/><D73/><U74/><E37/><V39/><F122/><W107/><G107/><T51/><D65/><U31/><E17/><V78/><F78/><W33/><G33/><T34/><D111/><U62/><E119/><V20/><F35/><W71/><G128/><T75/><D75/><U116/><E116/><V46/><F105/><W32/><G32/><T120/><D120/><U70/><E74/><V81/><F28/><W63/><G135/><N who="0" m="51723" /><D50/><U29/><E76/><V9/><F66/><W121/><G121/><T3/><D3/><U129/><E25/><V21/><F13/><W130/><G130/><T15/><D51/><U79/><E79/><V69/><F69/><W106/><G106/><T0/><D0/><U8/><E8/><V40/><F9/><W127/><G127/><T88/><D34/><U4/><E4/><V91/><F39/><W92/><G71/><T108/><D108/><U10/><E10/><V118/><F126/><W82/><G23/><N who="0" m="13687" /><D27/><U42/><E129/><V109/><F109/><W59/><G67/><T115/><D115/><U1/><E1/><V125/><F125/><W72/><G64/><T54/><D54/><U19/><E70/><V24/><F112/><W124/><G124/><T101/><AGARI ba="0,0" hai="14,15,80,85,88,95,96,101" m="13687,51723" machi="101" ten="30,2000,0" yaku="20,1,54,1" doraHai="41" who="0" fromWho="0" sc="190,20,260,-5,230,-5,320,-10" /><INIT seed="4,0,0,5,0,68" ten="210,255,225,310" oya="0" hai0="69,22,79,126,80,119,7,36,21,10,60,65,130" hai1="76,18,110,70,56,83,44,120,106,94,96,17,132" hai2="1,85,128,9,103,86,28,124,5,81,57,14,42" hai3="52,66,33,55,54,100,101,91,82,4,90,133,29"/><T11/><D119/><U12/><E70/><V34/><F103/><W46/><G133/><T0/><D126/><U98/><E110/><V43/><F124/><W3/><G66/><T30/><D130/><U50/><E120/><V31/><F128/><W25/><G3/><T62/><D30/><U75/><E106/><V113/><F113/><W63/><G4/><T6/><D62/><U123/><E123/><V95/><F95/><W115/><G115/><T13/><REACH who="0" step="1"/><D36/><REACH who="0" ten="200,255,225,310" step="2"/><U93/><E132/><V38/><F38/><W116/><G63/><T135/><D135/><U27/><E96/><V121/><F28/><W87/><G116/><T125/><D125/><U78/><E98/><V99/><F31/><W104/><G29/><T40/><D40/><U109/><E109/><V23/><F43/><W49/><G33/><T48/><D48/><U51/><E50/><V105/><F42/><W77/><G49/><T117/><D117/><U112/><E51/><V67/><F121/><W37/><G37/><T39/><D39/><U107/><E44/><V74/><F34/><W129/><G46/><T64/><D64/><U15/><E112/><V35/><F67/><W102/><G129/><T16/><D16/><U19/><E18/><V8/><F35/><W59/><G104/><T47/><D47/><U89/><E19/><V45/><F105/><W114/><G114/><T2/><D2/><U134/><E17/><V24/><F1/><W58/><G55/><T92/><D92/><U118/><E107/><V127/><F127/><W71/><G54/><T88/><D88/><U32/><E118/><RYUUKYOKU ba="0,1" sc="200,30,255,-10,225,-10,310,-10" hai0="0,6,7,10,11,13,21,22,60,65,69,79,80" /><INIT seed="4,1,1,3,0,12" ten="230,245,215,300" oya="0" hai0="102,5,116,100,58,60,36,29,44,22,56,0,101" hai1="81,111,125,118,86,13,26,104,49,132,70,6,18" hai2="135,77,45,113,51,57,90,98,133,33,34,120,105" hai3="2,50,99,107,66,14,89,110,35,134,11,128,1"/><T72/><D72/><U131/><E111/><V3/><F3/><W127/><G110/><T25/><D116/><U9/><E104/><V115/><F120/><W40/><G35/><N who="2" m="13321" /><F57/><W17/><G127/><T88/><D0/><U97/><E125/><V109/><F77/><W23/><G128/><T87/><D5/><U20/><E132/><N who="2" m="50763" /><F109/><W92/><G134/><T27/><D27/><U73/><E70/><V121/><F121/><W91/><G107/><T82/><REACH who="0" step="1"/><D60/><REACH who="0" ten="220,245,215,300" step="2"/><U62/><E62/><V129/><F129/><W80/><G1/><T69/><D69/><U83/><E131/><V124/><F124/><W32/><G2/><T21/><D21/><U114/><E118/><V74/><F74/><W78/><G32/><T61/><D61/><U28/><E73/><V55/><F115/><W38/><G23/><T64/><D64/><U122/><E114/><V52/><F113/><W8/><G66/><T24/><D24/><U68/><E68/><V43/><F105/><W75/><G75/><T84/><D84/><U59/><E122/><V71/><F71/><W119/><G119/><T85/><D85/><U48/><E86/><V63/><F63/><W31/><G8/><T4/><D4/><U54/><E6/><V130/><F130/><W79/><G11/><T7/><D7/><U39/><E97/><V16/><F16/><W95/><G99/><T106/><D106/><U93/><E18/><V76/><F76/><W19/><G78/><T94/><D94/><AGARI ba="1,2" hai="43,45,51,52,55,90,94,98" m="50763,13321" machi="94" ten="30,2000,0" yaku="20,1,54,1" doraHai="12" who="2" fromWho="0" sc="220,-23,245,0,215,43,300,0" /><INIT seed="5,0,0,5,0,133" ten="197,245,258,300" oya="1" hai0="83,36,47,42,135,100,49,0,53,66,28,58,9" hai1="26,1,45,7,5,106,31,27,14,23,41,132,85" hai2="129,38,50,12,104,115,71,125,123,107,57,61,101" hai3="98,15,16,112,119,4,73,63,99,52,82,84,34"/><U18/><E106/><V60/><F123/><W110/><G34/><T54/><D135/><U103/><E103/><V89/><F12/><W75/><G110/><T48/><D28/><U24/><E85/><V11/><F11/><W108/><G108/><T130/><D100/><U65/><E132/><V39/><F101/><W94/><G4/><N who="1" m="1610" /><E65/><V114/><F89/><W74/><G112/><T67/><D9/><N who="1" m="6479" /><E45/><V78/><F107/><W102/><G98/><T127/><D0/><U33/><E41/><V95/><F104/><W88/><G119/><T70/><D83/><U46/><E46/><V32/><F71/><W29/><G29/><T76/><D76/><U128/><E128/><V111/><F39/><W68/><G68/><T22/><D130/><U19/><E26/><V117/><F129/><W77/><G63/><N who="0" m="40287" /><D22/><U97/><E97/><V134/><F78/><W116/><G116/><T2/><D2/><AGARI ba="0,0" hai="1,2,19,23,24,27,31,33" m="6479,1610" machi="2" ten="30,12000,1" yaku="35,5" doraHai="133" who="1" fromWho="0" sc="197,-120,245,120,258,0,300,0" /><INIT seed="5,1,0,4,3,26" ten="77,365,258,300" oya="1" hai0="31,79,76,45,32,21,125,6,73,22,34,5,81" hai1="55,100,123,41,114,115,96,13,25,30,116,40,131" hai2="20,95,50,0,119,38,118,9,88,102,91,89,27" hai3="87,35,93,112,70,99,90,65,74,18,107,124,11"/><U78/><E123/><V17/><F38/><W129/><G112/><N who="1" m="43050" /><E116/><V64/><F64/><W111/><G111/><T49/><D49/><U104/><E131/><V42/><F0/><W52/><G129/><T105/><D45/><U108/><E78/><V122/><F122/><W3/><G35/><T106/><D81/><U2/><E2/><V14/><F119/><W127/><G74/><T128/><D128/><U15/><E55/><V109/><F109/><W71/><G52/><T72/><REACH who="0" step="1"/><D125/><REACH who="0" ten="67,365,258,300" step="2"/><U77/><E77/><V66/><F50/><W63/><G124/><T80/><D80/><U8/><E108/><V1/><F118/><W57/><G127/><T39/><D39/><U92/><E41/><V134/><F42/><W43/><G43/><T48/><D48/><U19/><E40/><V44/><F44/><W133/><G133/><T101/><D101/><U86/><E100/><V121/><F102/><W53/><G63/><T75/><D75/><U58/><E104/><V46/><F95/><W110/><G93/><T47/><D47/><U10/><E92/><V130/><F46/><W62/><G107/><T83/><D83/><U12/><E96/><V7/><F130/><W60/><G99/><T94/><D94/><U103/><E103/><V61/><F134/><W69/><G110/><T98/><D98/><U51/><E86/><V135/><F135/><W54/><G87/><T28/><AGARI ba="1,1" hai="5,6,21,22,28,31,32,34,72,73,76,79,105,106" machi="28" ten="25,16000,3" yaku="1,1,0,1,22,2,52,2,53,2" doraHai="26" doraHaiUra="16" who="0" fromWho="0" sc="67,173,365,-81,258,-41,300,-41" /><INIT seed="6,0,0,3,2,112" ten="240,284,217,259" oya="2" hai0="8,74,82,30,80,105,12,57,29,102,101,41,129" hai1="51,69,91,65,13,23,115,84,1,25,125,131,20" hai2="127,36,128,5,67,19,49,63,104,59,15,135,38" hai3="21,58,94,116,42,72,133,86,28,18,114,3,110"/><V2/><F104/><W17/><G110/><T122/><D122/><U35/><E115/><V113/><F113/><W27/><G72/><T68/><D68/><U118/><E1/><V81/><F128/><W119/><G114/><T97/><D129/><U31/><E125/><V90/><F127/><W120/><G120/><T98/><D41/><U99/><E131/><V78/><F135/><W95/><G3/><T87/><D57/><U33/><E99/><V9/><F90/><W93/><G42/><T73/><D29/><U64/><E51/><V124/><F49/><W62/><G86/><T6/><D30/><U96/><E96/><V0/><F124/><W123/><G123/><T47/><D47/><U83/><E118/><V24/><F24/><W121/><G121/><T61/><D61/><U22/><E22/><V56/><F56/><W77/><G77/><T32/><D32/><U16/><REACH who="1" step="1"/><E69/><REACH who="1" ten="240,274,217,259" step="2"/><V103/><F2/><W52/><G133/><T45/><D97/><U43/><E43/><V88/><F103/><W14/><REACH who="3" step="1"/><G17/><REACH who="3" ten="240,274,217,249" step="2"/><T108/><D101/><U37/><E37/><V66/><F38/><W50/><G50/><T134/><D134/><U54/><E54/><V109/><F36/><W71/><G71/><T34/><D102/><U60/><E60/><V40/><F40/><W55/><G55/><T130/><D130/><U11/><E11/><AGARI ba="0,2" hai="11,14,18,21,27,28,52,58,62,93,94,95,116,119" machi="11" ten="40,8000,1" yaku="1,1,52,2,54,1,53,0" doraHai="112" doraHaiUra="75" who="3" fromWho="1" sc="240,0,274,-80,217,0,249,100" /><INIT seed="7,0,0,4,4,35" ten="240,194,217,349" oya="3" hai0="22,14,126,62,88,40,70,85,75,20,52,53,28" hai1="64,93,119,43,45,73,10,37,55,3,104,9,29" hai2="90,109,106,31,17,6,134,124,92,116,94,110,7" hai3="132,21,50,72,12,65,114,1,33,48,13,108,83"/><W125/><G1/><T79/><D126/><U68/><E104/><V69/><F106/><W131/><G33/><T120/><D120/><U130/><E130/><V57/><F69/><W25/><G65/><T67/><D75/><U32/><E119/><V16/><F116/><W27/><G21/><T102/><D79/><U107/><E107/><V96/><F124/><W95/><G95/><T91/><D102/><U41/><E41/><V4/><F134/><W74/><G83/><T23/><D28/><U66/><E68/><V105/><F31/><W80/><G80/><T71/><D71/><U0/><E93/><V54/><F105/><W19/><G48/><T46/><D14/><U59/><E73/><V129/><F110/><W117/><G50/><T77/><D77/><U2/><E10/><V76/><F76/><W47/><G72/><T15/><D15/><U89/><E9/><V111/><F129/><W61/><G12/><T58/><D70/><U11/><E11/><V115/><F115/><W98/><G13/><T18/><D18/><N who="2" m="7274" /><F94/><W5/><G74/><T97/><D97/><U87/><E32/><V63/><F111/><W118/><G108/><T135/><D135/><U99/><E29/><V86/><F109/><W44/><G132/><T121/><D121/><U78/><E78/><V51/><F96/><W42/><G98/><T26/><D26/><U60/><E99/><V128/><F128/><W112/><G117/><T38/><D85/><U101/><E101/><V36/><F36/><W82/><G118/><T127/><D127/><U34/><E34/><V100/><F100/><RYUUKYOKU ba="0,0" sc="240,10,194,10,217,10,349,-30" hai0="20,22,23,38,40,46,52,53,58,62,67,88,91" hai1="0,2,3,37,43,45,55,59,60,64,66,87,89" hai2="4,6,7,51,54,57,63,86,90,92" owari="250,5.0,204,-29.6,227,-17.3,319,41.9" /></mjloggm>