<mjloggm ver="2.3"><GO type="169" lobby="0"/><UN n0="%E5%BE%A1%E5%BD%B1%E3%82%86%E3%81%9A%E3%81%8D" n1="%E6%84%9A%E5%85%84%E3%81%8C%E6%84%9A%E5%BD%A2" n2="%E9%95%B7%E5%B2%A1" n3="%E3%81%97%E3%82%89%E3%81%84%E3%81%97%E3%81%BE%E3%81%84" dan="16,16,16,18" rate="2150.47,2113.70,2060.68,2262.67" sx="M,M,M,M"/><TAIKYOKU oya="0"/><INIT seed="0,0,0,4,5,116" ten="250,250,250,250" oya="0" hai0="69,16,96,13,108,134,109,11,95,30,52,97,22" hai1="88,70,63,133,100,62,78,79,5,92,60,120,4" hai2="56,93,105,114,55,50,87,17,67,85,135,48,29" hai3="51,47,82,61,41,6,68,8,83,26,15,1,131"/><T25/><D69/><U76/><E133/><V111/><F114/><W57/><G131/><T86/><D134/><U34/><E34/><V45/><F105/><W84/><G68/><T44/><D86/><U46/><E100/><V66/><F135/><W117/><G117/><T129/><D129/><U10/><E120/><V12/><F29/><W65/><G26/><T71/><D71/><U118/><E118/><V3/><F3/><W123/><G83/><T125/><D125/><U128/><E128/><V20/><F111/><N who="0" m="42570" /><D95/><U42/><E10/><V77/><F85/><W73/><G73/><T98/><D44/><U80/><E80/><V126/><F126/><W90/><REACH who="3" step="1"/><G1/><REACH who="3" ten="250,250,250,240" step="2"/><T32/><D52/><U122/><E70/><V43/><REACH who="2" step="1"/><F93/><REACH who="2" ten="250,250,240,240" step="2"/><W0/><G0/><T75/><D75/><U127/><E92/><V19/><F19/><W36/><G36/><T37/><D37/><U24/><E127/><V104/><F104/><W74/><G74/><T121/><D121/><AGARI ba="0,2" hai="6,8,15,41,47,51,57,61,65,82,84,90,121,123" machi="121" ten="40,5200,0" yaku="1,1,52,2,53,0" doraHai="116" doraHaiUra="101" who="3" fromWho="0" sc="250,-52,250,0,240,0,240,72" /><INIT seed="1,0,0,1,5,1" ten="198,250,240,312" oya="1" hai0="3,41,88,2,105,87,0,100,60,8,34,54,132" hai1="82,120,70,77,53,115,46,43,93,101,116,125,127" hai2="27,114,80,84,103,71,4,68,31,23,118,29,12" hai3="124,35,51,107,75,10,99,55,16,11,91,69,47"/><U104/><E115/><V30/><F118/><W117/><G75/><T129/><D34/><U94/><E70/><V97/><F114/><W28/><G69/><T20/><D41/><U25/><E116/><V81/><F68/><W119/><G124/><N who="1" m="47690" /><E53/><V130/><F130/><W18/><G28/><T61/><D129/><U67/><E67/><V40/><F71/><W89/><G35/><T5/><D132/><U7/><E25/><V45/><F81/><W59/><G117/><T58/><D20/><U121/><E7/><V109/><F109/><W56/><G107/><T50/><D100/><U63/><E63/><V126/><F126/><W6/><G119/><T44/><D105/><U14/><E14/><V36/><F12/><N who="3" m="5207" /><G11/><T108/><D108/><U26/><E26/><V65/><F65/><W17/><G99/><T52/><D61/><U122/><E46/><V74/><F4/><W113/><G113/><T73/><D73/><N who="1" m="43311" /><E43/><V76/><REACH who="2" step="1"/><F74/><REACH who="2" ten="198,250,230,312" step="2"/><W21/><G21/><T86/><D86/><U98/><AGARI ba="0,1" hai="93,94,98,101,104,120,121,122" m="43311,47690" machi="98" ten="40,7800,0" yaku="18,1,34,2" doraHai="1" who="1" fromWho="1" sc="198,-26,250,88,230,-26,312,-26" /><INIT seed="1,1,0,2,0,43" ten="172,338,204,286" oya="1" hai0="90,50,16,129,116,27,83,70,74,7,19,98,37" hai1="5,23,40,101,35,55,134,108,113,71,24,14,64" hai2="12,127,68,56,33,60,28,8,25,20,95,39,51" hai3="120,103,97,2,52,109,85,41,115,47,81,6,89"/><U112/><E55/><V100/><F127/><W65/><G115/><T53/><D70/><U61/><E134/><V79/><F39/><W118/><G120/><T117/><D37/><U110/><E101/><V96/><F68/><W13/><G109/><N who="1" m="42090" /><E35/><V66/><F79/><W76/><G2/><T45/><D129/><U72/><E72/><V10/><F33/><W63/><G118/><T86/><D74/><U4/><E40/><V62/><F60/><W94/><G6/><N who="1" m="2666" /><E14/><V133/><F133/><W49/><G13/><T131/><D131/><U119/><E119/><V105/><F105/><W124/><G124/><T9/><D116/><U122/><E122/><V1/><F1/><W36/><G36/><T48/><D117/><U132/><E132/><V29/><F12/><W77/><REACH who="3" step="1"/><G41/><REACH who="3" ten="172,338,204,276" step="2"/><T91/><D27/><U99/><E99/><V38/><F38/><W126/><G126/><T80/><D98/><U69/><E69/><AGARI ba="1,1" hai="47,49,52,63,65,69,76,77,81,85,89,94,97,103" machi="69" ten="30,8000,1" yaku="1,1,7,1,52,1,54,1,53,1" doraHai="43" doraHaiUra="58" who="3" fromWho="1" sc="172,0,338,-83,204,0,276,93" /><INIT seed="2,0,0,3,5,43" ten="172,255,204,369" oya="2" hai0="7,26,21,22,115,11,85,8,47,73,29,110,91" hai1="113,15,71,104,24,135,0,109,92,17,14,119,120" hai2="31,3,99,32,129,134,12,81,93,23,94,97,112" hai3="123,40,65,121,44,18,38,20,25,122,83,63,127"/><V107/><F112/><W105/><G105/><T131/><D115/><U62/><E104/><V132/><F3/><W102/><G102/><T46/><D73/><U53/><E113/><V41/><F107/><W56/><REACH who="3" step="1"/><G83/><REACH who="3" ten="172,255,204,359" step="2"/><T54/><D131/><U52/><E119/><V75/><F129/><W5/><G5/><T88/><D110/><U70/><E109/><V80/><F80/><W114/><G114/><T79/><D79/><U58/><E120/><V64/><F81/><W96/><G96/><T111/><D111/><U95/><E135/><V100/><F132/><W101/><G101/><T118/><D118/><U30/><E92/><V87/><F134/><W19/><G19/><T66/><D7/><U133/><E17/><N who="2" m="10663" /><F99/><W35/><G35/><T74/><D29/><U117/><E95/><V39/><F32/><W130/><G130/><T61/><D91/><U49/><E133/><V77/><F31/><W90/><G90/><T1/><D88/><U125/><E30/><V57/><F75/><W116/><G116/><T34/><D74/><U60/><E117/><V108/><F108/><W128/><G128/><T50/><D34/><U13/><E0/><V10/><F77/><W86/><G86/><T48/><D85/><U6/><E6/><V124/><F87/><W84/><G84/><T82/><D82/><U2/><E2/><V33/><F33/><W72/><G72/><T4/><D4/><U126/><E126/><AGARI ba="0,1" hai="18,20,25,38,40,44,56,63,65,121,122,123,126,127" machi="126" ten="50,3200,0" yaku="1,1,52,1,53,0" doraHai="43" doraHaiUra="89" who="3" fromWho="1" sc="172,0,255,-32,204,0,359,42" /><INIT seed="3,0,0,2,0,97" ten="172,223,204,401" oya="3" hai0="18,95,107,21,78,4,36,26,1,66,11,118,82" hai1="15,101,27,94,72,10,74,77,108,92,100,3,128" hai2="63,28,120,115,134,41,64,12,23,98,58,119,87" hai3="112,34,135,6,79,105,33,103,99,113,90,17,7"/><W83/><G135/><T70/><D118/><U53/><E3/><V30/><F119/><W60/><G90/><T19/><D107/><U48/><E108/><V69/><F115/><W86/><G17/><T127/><D127/><U9/><E77/><V110/><F110/><W31/><G60/><T29/><D70/><U68/><E68/><V25/><F134/><W51/><G51/><T71/><D66/><U46/><E9/><V59/><F120/><W13/><G13/><T22/><D71/><U133/><E128/><V126/><F126/><W57/><G57/><T39/><D95/><U130/><E130/><V88/><F98/><W61/><G61/><T40/><D40/><U131/><E131/><V129/><F129/><W2/><G2/><T62/><D62/><U93/><E133/><V124/><F124/><W132/><G132/><T111/><D29/><U80/><E80/><V44/><F12/><W89/><G89/><T49/><D49/><U114/><E114/><V96/><F96/><W109/><G109/><T122/><D122/><U32/><E32/><N who="3" m="12394" /><G31/><T5/><D5/><N who="3" m="1545" /><G113/><T8/><D8/><U123/><E123/><V20/><F30/><W35/><G35/><T24/><REACH who="0" step="1"/><D111/><REACH who="0" ten="162,223,204,401" step="2"/><U104/><E10/><V116/><F116/><W91/><G112/><T47/><D47/><U16/><E46/><V84/><F69/><W73/><G105/><T76/><D76/><U0/><E104/><V65/><F65/><W14/><G79/><T75/><AGARI ba="0,1" hai="1,4,11,18,19,21,22,24,26,36,39,75,78,82" machi="75" ten="20,5200,0" yaku="1,1,0,1,7,1,9,1,53,0" doraHai="97" doraHaiUra="125" who="0" fromWho="0" sc="162,62,223,-13,204,-13,401,-26" /><INIT seed="4,0,0,4,1,87" ten="224,210,191,375" oya="0" hai0="94,64,122,19,135,62,57,67,34,31,2,11,61" hai1="83,10,45,46,80,78,91,90,76,54,65,28,12" hai2="99,41,0,16,134,4,14,50,85,30,71,86,77" hai3="9,82,17,110,107,27,7,121,132,43,92,133,128"/><T88/><D122/><U127/><E65/><V129/><F71/><W79/><G107/><T113/><D135/><U124/><E28/><V5/><F134/><W24/><G110/><T120/><D120/><U123/><E123/><V58/><F129/><W70/><G70/><T111/><D111/><U18/><E78/><V102/><F30/><W33/><G128/><T117/><D117/><U63/><E80/><V69/><F69/><W131/><G43/><T21/><D113/><U130/><E130/><V49/><F49/><W125/><G125/><N who="1" m="48202" /><E63/><V13/><F0/><W95/><G82/><T38/><D38/><U68/><E68/><V8/><F77/><W47/><G79/><T42/><D42/><U59/><E59/><V97/><F58/><W40/><G47/><N who="1" m="17930" /><E54/><V55/><F41/><W20/><G40/><T36/><D36/><U114/><E114/><V26/><F50/><W119/><G119/><T75/><D62/><U112/><E112/><V48/><F48/><W29/><G131/><T23/><D67/><U60/><E60/><V52/><F55/><W74/><G74/><AGARI ba="0,0" hai="10,12,18,74,76,83,90,91" m="17930,48202" machi="74" ten="30,3900,0" yaku="18,1,52,2" doraHai="87" who="1" fromWho="3" sc="224,0,210,39,191,0,375,-39" /><INIT seed="5,0,0,3,5,44" ten="224,249,191,336" oya="1" hai0="51,79,49,115,125,8,50,105,57,54,116,86,122" hai1="112,40,117,88,22,69,29,47,16,94,31,4,119" hai2="36,127,2,43,64,108,131,5,41,107,38,15,103" hai3="132,20,21,48,61,72,77,46,1,97,45,11,65"/><U62/><E112/><V28/><F108/><W70/><G72/><T120/><D116/><U32/><E32/><V37/><F131/><W84/><G46/><T95/><D105/><U27/><E4/><V30/><F2/><W98/><G1/><T87/><D115/><U99/><E117/><V73/><F73/><W96/><G11/><T10/><D125/><U114/><E114/><V68/><F127/><W7/><G7/><T23/><D23/><U0/><E0/><V121/><F121/><N who="0" m="46698" /><D95/><U35/><E35/><V60/><F5/><W13/><G13/><T93/><D93/><U25/><E25/><V113/><F113/><W12/><G12/><T124/><D124/><U118/><E118/><V71/><F15/><W3/><G3/><T104/><D104/><U111/><E111/><V92/><F92/><W76/><G132/><T90/><D90/><U109/><E109/><V81/><F81/><W18/><G18/><T101/><D101/><U129/><E129/><V82/><F82/><W53/><G84/><N who="0" m="32299" /><D79/><U67/><REACH who="1" step="1"/><E119/><REACH who="1" ten="224,239,191,336" step="2"/><V66/><F30/><W83/><G83/><T33/><D33/><U24/><E24/><V75/><F28/><W55/><G77/><T128/><D128/><U74/><E74/><V58/><F75/><W26/><G76/><T100/><D100/><U135/><E135/><V89/><F89/><W56/><REACH who="3" step="1"/><G26/><REACH who="3" ten="224,239,191,326" step="2"/><T52/><D54/><U123/><E123/><V34/><F34/><W130/><G130/><T102/><D102/><U80/><E80/><V14/><F103/><W133/><G133/><T106/><D106/><U42/><E42/><RYUUKYOKU ba="0,2" sc="224,10,239,10,191,-30,326,10" hai0="8,10,49,50,51,52,57" hai1="16,22,27,29,31,40,47,62,67,69,88,94,99" hai3="20,21,45,48,53,55,56,61,65,70,96,97,98" /><INIT seed="5,1,2,1,2,26" ten="234,249,161,336" oya="1" hai0="65,121,84,13,91,66,80,98,95,41,8,68,100" hai1="106,54,3,78,25,111,131,81,79,63,85,42,24" hai2="48,127,52,38,59,107,5,108,119,18,113,45,93" hai3="28,76,116,61,88,120,53,60,14,43,67,0,103"/><U101/><E3/><V109/><F119/><W82/><G0/><T70/><D121/><U31/><E131/><V115/><F107/><W86/><G120/><T15/><D41/><U57/><E111/><N who="2" m="42571" /><F5/><W16/><G116/><T39/><D39/><U130/><E130/><V44/><F93/><W134/><G134/><T49/><D49/><U46/><E24/><V51/><F18/><W36/><G103/><T102/><D15/><U20/><E106/><V9/><F9/><W34/><G36/><T1/><D1/><U35/><E101/><N who="0" m="39017" /><D68/><U123/><E123/><V55/><F127/><W30/><G43/><AGARI ba="1,2" hai="38,43,44,45,48,51,52,55,59,113,115" m="42571" machi="43" ten="30,3900,0" yaku="34,2,54,1" doraHai="26" who="2" fromWho="3" sc="234,0,249,0,161,62,336,-42" /><INIT seed="6,0,0,2,4,86" ten="234,249,223,294" oya="2" hai0="90,61,77,70,40,130,113,117,34,48,79,17,60" hai1="35,0,16,2,107,19,103,23,76,80,89,7,37" hai2="14,99,110,50,129,119,121,9,49,132,8,30,20" hai3="125,42,78,69,55,82,45,105,24,124,66,51,1"/><V36/><F119/><W135/><G105/><T93/><D34/><U131/><E37/><V12/><F121/><W5/><G135/><T3/><D3/><U111/><E35/><V87/><F36/><W47/><G24/><T102/><D117/><U57/><E131/><V21/><F129/><W26/><G26/><T73/><D70/><U15/><E7/><V65/><F132/><W46/><G66/><T118/><D118/><U106/><E106/><V58/><F110/><W84/><G69/><T91/><D73/><U88/><E103/><V71/><F71/><W32/><G32/><T98/><D113/><U114/><E107/><V59/><F87/><W104/><G104/><T134/><D134/><U101/><E101/><V33/><F33/><W13/><G1/><T75/><D17/><U85/><E114/><V112/><F112/><W4/><G13/><T100/><D100/><U122/><E111/><V44/><F65/><W52/><G55/><T133/><D133/><U95/><E76/><N who="0" m="29257" /><D75/><U115/><E115/><V97/><REACH who="2" step="1"/><F44/><REACH who="2" ten="234,249,213,294" step="2"/><N who="3" m="27751" /><G42/><T63/><D130/><U31/><E122/><V54/><F54/><W11/><G46/><AGARI ba="0,1" hai="40,46,48,60,61,63,90,91,93,98,102" m="29257" machi="46" ten="30,3900,0" yaku="8,1,52,2" doraHai="86" who="0" fromWho="3" sc="234,49,249,0,213,0,294,-39" /><INIT seed="7,0,0,4,4,105" ten="283,249,213,255" oya="3" hai0="17,38,112,135,92,16,55,86,121,19,106,73,4" hai1="1,104,61,59,8,50,89,27,68,70,117,13,115" hai2="114,41,0,129,80,71,60,58,131,20,51,107,79" hai3="67,29,46,88,127,44,43,99,130,126,74,32,95"/><W35/><G130/><N who="2" m="49673" /><F0/><W12/><G74/><T47/><D73/><U56/><E104/><V40/><F107/><W10/><G67/><T133/><D106/><U100/><E100/><V118/><F118/><W37/><G44/><T76/><D4/><U125/><E1/><V109/><F109/><W83/><G83/><N who="0" m="47463" /><D92/><U22/><E115/><V24/><F51/><W77/><G77/><T3/><D3/><U7/><E125/><N who="3" m="47626" /><G29/><T49/><D112/><U26/><E26/><V33/><F71/><W36/><G36/><T53/><D38/><U134/><E134/><N who="0" m="51209" /><D121/><U84/><E117/><V66/><F33/><W78/><G78/><T102/><D102/><U72/><E72/><N who="2" m="43111" /><F114/><W98/><G98/><T113/><D113/><U48/><E70/><V108/><F108/><W15/><G15/><T81/><D81/><U65/><E68/><V9/><F9/><W87/><G99/><T96/><D96/><U62/><E84/><V39/><F39/><W97/><G97/><T123/><D123/><U124/><E124/><V122/><F122/><W6/><AGARI ba="0,0" hai="6,10,12,32,35,37,43,46,87,88,95" m="47626" machi="6" ten="30,3000,0" yaku="18,1,54,1" doraHai="105" who="3" fromWho="3" sc="283,-10,249,-10,213,-10,255,30" /><INIT seed="7,1,0,2,0,116" ten="273,239,203,285" oya="3" hai0="4,105,9,46,83,2,44,92,13,125,19,41,120" hai1="53,62,78,55,89,91,117,98,80,42,79,22,26" hai2="18,96,3,52,75,69,94,38,20,11,23,95,5" hai3="106,37,27,45,102,86,35,24,108,113,124,25,14"/><W68/><G113/><T30/><D105/><U88/><E117/><V121/><F75/><W56/><G68/><T122/><D125/><U70/><E42/><V7/><F38/><W132/><G124/><T123/><D30/><U71/><E98/><V43/><F43/><W50/><G37/><T103/><D83/><U126/><E126/><V133/><F69/><W65/><G106/><T29/><D29/><U130/><E130/><V84/><F133/><W32/><G132/><T74/><D74/><U118/><E118/><V111/><F111/><W34/><G102/><T49/><D46/><U61/><E71/><V57/><F5/><W48/><G108/><T47/><D47/><U6/><E6/><V54/><F121/><W100/><G100/><T115/><D115/><U12/><E12/><V104/><F104/><W97/><G97/><T128/><D128/><U16/><E78/><V131/><F131/><W8/><G86/><T99/><D123/><U81/><E81/><V64/><F84/><W39/><G39/><T15/><D2/><U76/><E76/><V77/><F77/><W127/><G127/><T17/><D4/><U63/><REACH who="1" step="1"/><E70/><REACH who="1" ten="273,229,203,285" step="2"/><V87/><F87/><AGARI ba="1,1" hai="16,22,26,53,55,61,62,63,79,80,87,88,89,91" machi="87" ten="40,8000,1" yaku="1,1,2,1,8,1,54,2,53,0" doraHai="116" doraHaiUra="107" who="1" fromWho="2" sc="273,0,229,93,203,-83,285,0" owari="273,-12.7,322,42.2,120,-38.0,285,8.5" /></mjloggm>