<mjloggm ver="2.3"><GO type="169" lobby="0"/><UN n0="%6B%6C%6F%6E%64%69%6B%65" n1="%E7%BD%AA%E5%88%91%E6%B3%95%E5%AE%9A%E4%B8%BB%E7%BE%A9" n2="%43%E3%82%A8%E3%83%BC%E3%82%B8%E3%82%A7%E3%83%B3%E3%83%88" n3="%4E%6F%2E%30%30%30%31" dan="16,17,17,17" rate="2179.03,2196.78,2201.54,2160.53" sx="M,M,M,F"/><TAIKYOKU oya="0"/><INIT seed="0,0,0,5,4,100" ten="250,250,250,250" oya="0" hai0="63,39,105,52,86,13,47,127,57,122,89,97,6" hai1="90,37,104,102,44,10,11,81,119,77,125,107,20" hai2="32,49,78,15,101,130,29,113,131,80,115,106,126" hai3="96,67,31,3,26,108,8,59,28,36,74,65,128"/><T2/><D2/><U33/><E33/><V121/><F15/><W109/><G74/><T110/><D122/><U85/><E119/><V99/><F29/><W117/><G117/><T55/><D127/><U66/><E66/><V25/><F25/><W18/><G36/><T94/><D110/><N who="3" m="42601" /><G31/><T84/><D105/><U54/><E125/><V83/><F32/><W53/><G96/><T79/><D79/><U129/><E129/><N who="2" m="49163" /><F126/><W123/><G128/><T69/><D69/><U98/><E107/><V133/><F83/><W71/><G71/><T4/><D39/><U51/><E37/><V12/><F12/><N who="3" m="7431" /><G3/><T5/><REACH who="0" step="1"/><D13/><REACH who="0" ten="240,250,250,250" step="2"/><U19/><REACH who="1" step="1"/><E77/><REACH who="1" ten="240,240,250,250" step="2"/><V9/><F78/><W62/><G123/><T95/><D95/><U56/><E56/><V92/><F92/><W38/><G38/><T27/><D27/><AGARI ba="0,2" hai="10,11,19,20,27,44,51,54,81,85,90,98,102,104" machi="27" ten="30,3900,0" yaku="1,1,7,1,52,1,53,0" doraHai="100" doraHaiUra="61" who="1" fromWho="0" sc="240,-39,240,59,250,0,250,0" /><INIT seed="1,0,0,3,1,21" ten="201,299,250,250" oya="1" hai0="67,77,22,10,61,29,34,6,13,65,100,33,117" hai1="102,122,85,130,18,134,90,39,133,69,58,47,76" hai2="63,135,88,45,120,116,12,93,89,27,23,49,15" hai3="70,75,40,36,25,95,101,113,52,19,132,7,126"/><U3/><E122/><V64/><F116/><W35/><G113/><T68/><D117/><U109/><E69/><V118/><F135/><N who="1" m="51721" /><E3/><V48/><F120/><W78/><G132/><T30/><D67/><U81/><E130/><V2/><F2/><W108/><G70/><T91/><D30/><U26/><E102/><V82/><F82/><W44/><G108/><T111/><D111/><U114/><E109/><V105/><F105/><W98/><G7/><T1/><D77/><U121/><E121/><V62/><F49/><W80/><G126/><T56/><D68/><U129/><E129/><V14/><F64/><W124/><G124/><T31/><D31/><U73/><E114/><V123/><F123/><W71/><G71/><T16/><D29/><U54/><E47/><V11/><F11/><W127/><G127/><T41/><D41/><U37/><E18/><N who="2" m="12791" /><F89/><W115/><G115/><T74/><D74/><U55/><E55/><N who="2" m="30095" /><F118/><W72/><G72/><T84/><REACH who="0" step="1"/><D100/><REACH who="0" ten="191,299,250,250" step="2"/><U106/><E73/><V8/><F8/><W43/><G43/><T97/><D97/><AGARI ba="0,1" hai="12,14,15,62,63,88,93,97" m="30095,12791" machi="97" ten="30,3900,0" yaku="8,1,52,1,54,1" doraHai="21" who="2" fromWho="0" sc="191,-39,299,0,250,49,250,0" /><INIT seed="2,0,0,2,5,67" ten="152,299,299,250" oya="2" hai0="56,118,44,61,133,39,84,1,100,28,111,123,24" hai1="126,112,104,36,45,54,5,127,70,82,22,6,41" hai2="94,42,95,50,78,60,34,77,73,130,58,86,26" hai3="38,46,27,134,92,85,71,119,83,88,49,98,96"/><V69/><F130/><W66/><G119/><T99/><D123/><U7/><E104/><V8/><F73/><W43/><G134/><T18/><D111/><U9/><E112/><V101/><F8/><W128/><G128/><T124/><D124/><N who="1" m="47659" /><E9/><V12/><F12/><W75/><G27/><T129/><D1/><U106/><E106/><V120/><F101/><W47/><G75/><T81/><D18/><U72/><E54/><V68/><F50/><W115/><G115/><T102/><D129/><U10/><E22/><V21/><F34/><W93/><G93/><T16/><D133/><U135/><E135/><V33/><F42/><W79/><G66/><T132/><D118/><U14/><E70/><V131/><F33/><W19/><G19/><T110/><D16/><U25/><E25/><V20/><F120/><W63/><G63/><T103/><D110/><U121/><E121/><V91/><F95/><W29/><G29/><T3/><D3/><U52/><E52/><N who="2" m="33863" /><F20/><W109/><G109/><T65/><D132/><U59/><E59/><V53/><F53/><W51/><G71/><N who="2" m="27209" /><F131/><W117/><G117/><T57/><D57/><U32/><E32/><V74/><F74/><W23/><G23/><N who="0" m="15391" /><D44/><U30/><E30/><V0/><F0/><W15/><G15/><T97/><D39/><U4/><E4/><V90/><F21/><W40/><G38/><T113/><D113/><U62/><E62/><V122/><F122/><W11/><G11/><T105/><D105/><U107/><E107/><V48/><F48/><W114/><G114/><T37/><D37/><U35/><E35/><RYUUKYOKU ba="0,0" sc="152,10,299,10,299,-30,250,10" hai0="56,61,65,81,84,97,99,100,102,103" hai1="5,6,7,10,14,36,41,45,72,82" hai3="40,43,46,47,49,51,79,83,85,88,92,96,98" /><INIT seed="3,1,0,1,0,57" ten="162,309,269,260" oya="3" hai0="1,81,11,129,69,113,36,39,33,84,49,22,47" hai1="122,58,105,63,4,0,59,25,110,73,132,68,64" hai2="94,125,83,8,43,65,66,6,19,100,128,70,56" hai3="78,131,92,34,42,7,10,115,21,35,41,40,24"/><W124/><G115/><T12/><D33/><U62/><E122/><V130/><F125/><W98/><G124/><T61/><D1/><U90/><E110/><V120/><F43/><W107/><G107/><T116/><D22/><U95/><E105/><V89/><F83/><W51/><G78/><T50/><D50/><U134/><E73/><V14/><F100/><W123/><G123/><T18/><D116/><U114/><E114/><V93/><F70/><W119/><G131/><N who="2" m="50217" /><F93/><W75/><G75/><T106/><D106/><U111/><E111/><V60/><F120/><W15/><G51/><T29/><D29/><U28/><E4/><V13/><F65/><W86/><G86/><T31/><D31/><U26/><E0/><N who="2" m="71" /><F19/><W101/><REACH who="3" step="1"/><G119/><REACH who="3" ten="162,309,269,250" step="2"/><T74/><D74/><U88/><E68/><V52/><F66/><W135/><G135/><N who="1" m="51754" /><E90/><V55/><F55/><W17/><AGARI ba="1,1" hai="7,10,15,17,21,24,34,35,40,41,42,92,98,101" machi="17" ten="30,3000,0" yaku="1,1,0,1,53,0" doraHai="57" doraHaiUra="82" who="3" fromWho="3" sc="162,-11,309,-11,269,-11,250,43" /><INIT seed="3,2,0,1,1,33" ten="151,298,258,293" oya="3" hai0="75,73,22,70,109,78,41,34,127,68,63,58,3" hai1="81,99,5,119,25,101,36,85,35,12,21,120,50" hai2="115,131,27,20,18,124,117,71,98,129,97,9,134" hai3="118,91,49,110,54,55,24,51,11,0,32,76,104"/><W83/><G118/><T121/><D121/><U14/><E36/><V23/><F71/><W10/><G104/><T105/><D105/><U80/><E120/><V69/><F69/><W93/><G32/><T113/><D34/><U130/><E119/><V45/><F117/><W122/><G122/><T114/><D41/><U64/><E35/><V53/><F115/><N who="0" m="44042" /><D127/><U106/><E130/><V43/><F124/><W56/><G24/><T61/><D109/><U82/><E64/><V57/><F9/><W102/><G102/><T94/><D3/><U90/><E50/><V84/><F84/><N who="3" m="48231" /><G0/><T6/><D6/><U31/><REACH who="1" step="1"/><E5/><REACH who="1" ten="151,288,258,293" step="2"/><V87/><F129/><W65/><G65/><N who="0" m="41007" /><D70/><U132/><E132/><V16/><F134/><W100/><G110/><T8/><D78/><U26/><E26/><V42/><F131/><W67/><G67/><N who="0" m="39415" /><D8/><U7/><E7/><V103/><F27/><W38/><G38/><T86/><D22/><U47/><E47/><V108/><F45/><N who="3" m="28015" /><G10/><T96/><D86/><U112/><E112/><V88/><F108/><W2/><G11/><T48/><D48/><U17/><E17/><V62/><F87/><W52/><G49/><T37/><D37/><U111/><E111/><V19/><F20/><W95/><G56/><T59/><D59/><U133/><E133/><V1/><F23/><W60/><G60/><T13/><D13/><AGARI ba="2,1" hai="12,13,14,21,25,31,80,81,82,85,90,99,101,106" machi="13" ten="40,1300,0" yaku="1,1,53,0" doraHai="33" doraHaiUra="72" who="1" fromWho="0" sc="151,-19,288,29,258,0,293,0" /><INIT seed="4,0,0,5,1,29" ten="132,317,258,293" oya="0" hai0="35,114,121,17,125,85,27,71,77,5,96,78,54" hai1="131,39,123,36,45,11,0,70,120,97,124,52,23" hai2="80,105,62,6,40,132,84,92,57,93,51,115,1" hai3="135,67,127,46,102,117,10,86,75,3,129,116,73"/><T59/><D121/><U133/><E70/><V76/><F105/><W99/><G127/><T113/><D71/><U69/><E69/><V9/><F115/><N who="0" m="44042" /><D125/><U83/><E124/><V126/><F126/><W91/><G67/><T20/><D5/><U18/><E133/><V100/><F100/><W107/><G135/><T43/><D43/><U79/><E131/><V53/><F132/><W122/><G129/><T34/><D96/><U89/><E123/><V4/><F4/><W119/><G122/><T61/><D85/><U90/><E11/><V38/><F38/><W12/><G3/><T19/><D19/><U15/><E0/><V94/><REACH who="2" step="1"/><F40/><REACH who="2" ten="132,317,248,293" step="2"/><W26/><G116/><T98/><D98/><U16/><E120/><V68/><F68/><W31/><G117/><T48/><D48/><AGARI ba="0,1" hai="1,6,9,48,51,53,57,62,76,80,84,92,93,94" machi="48" ten="40,8000,1" yaku="1,1,53,3" doraHai="29" doraHaiUra="88" who="2" fromWho="0" sc="132,-80,317,0,248,90,293,0" /><INIT seed="5,0,0,2,3,18" ten="52,317,338,293" oya="1" hai0="76,36,116,93,88,30,99,118,29,89,130,55,68" hai1="83,48,78,7,34,70,5,135,120,15,82,59,112" hai2="20,64,50,9,107,44,113,13,134,119,108,2,60" hai3="57,121,58,86,84,105,56,129,24,11,75,19,100"/><U21/><E120/><V10/><F107/><W51/><G121/><T73/><D68/><U127/><E34/><V40/><F108/><W52/><G75/><T90/><D36/><U37/><E37/><V54/><F119/><N who="0" m="45610" /><D30/><U4/><E70/><V126/><F134/><W61/><G129/><T133/><D29/><U95/><E135/><V110/><F126/><W115/><G115/><T14/><D14/><U117/><E112/><V46/><F110/><W72/><G72/><T66/><D55/><N who="1" m="32231" /><E117/><V43/><F2/><W45/><G105/><T102/><D66/><U125/><E95/><V49/><F54/><W91/><G100/><T80/><D133/><U109/><E109/><V77/><F77/><W111/><G111/><T38/><D38/><U53/><E53/><V106/><F106/><W69/><G91/><N who="0" m="23299" /><T28/><DORA hai="32" /><D28/><U39/><E39/><V98/><F113/><W63/><G69/><T22/><D22/><U71/><E71/><V87/><F60/><N who="3" m="23115" /><G11/><T6/><D6/><U12/><E78/><V33/><F33/><W47/><G45/><T42/><D42/><U0/><E0/><V31/><F64/><W1/><G1/><T26/><D26/><U17/><E12/><V67/><F67/><W35/><G35/><T23/><D23/><AGARI ba="0,0" hai="19,23,24,47,51,52,56,57,58,84,86" m="23115" machi="23" ten="30,3900,0" yaku="8,1,52,1,54,1" doraHai="18,32" who="3" fromWho="0" sc="52,-39,317,0,338,0,293,39" /><INIT seed="6,0,0,5,0,61" ten="13,317,338,332" oya="2" hai0="5,54,57,48,27,17,10,14,83,13,92,19,119" hai1="45,38,120,118,59,66,32,124,43,0,94,84,134" hai2="129,51,65,31,132,15,36,33,95,113,25,130,29" hai3="131,62,34,107,30,121,80,50,85,109,79,1,24"/><V93/><F36/><W9/><G109/><T126/><D126/><U111/><E118/><V127/><F127/><W123/><G107/><T90/><D119/><U97/><E124/><V87/><F113/><W76/><G131/><N who="2" m="50185" /><F132/><W55/><G76/><T75/><D75/><U44/><E111/><V16/><F29/><W53/><G62/><T116/><D116/><U39/><E0/><V52/><F87/><W88/><G79/><T125/><D125/><U72/><E72/><V106/><F65/><W105/><G105/><T26/><D5/><U101/><E32/><V115/><F115/><W18/><G55/><T108/><D83/><U3/><E3/><V20/><F106/><W46/><G1/><T98/><REACH who="0" step="1"/><D108/><REACH who="0" ten="3,317,338,332" step="2"/><U11/><E134/><V70/><F70/><W128/><G128/><T104/><D104/><U40/><E120/><V135/><F135/><W63/><G121/><T117/><D117/><U68/><E68/><V58/><AGARI ba="0,1" hai="15,16,20,25,31,33,51,52,58,93,95" m="50185" machi="58" ten="30,6000,0" yaku="19,1,54,2" doraHai="61" who="2" fromWho="2" sc="3,-20,317,-20,338,70,332,-20" owari="-17,-51.7,297,-10.3,408,50.8,312,11.2" /></mjloggm>