<mjloggm ver="2.3"><GO type="169" lobby="0"/><UN n0="%E3%81%93%E3%81%A1" n1="%E3%83%8E%E3%82%AA%E3%83%81%E3%83%A3%E3%83%99%E3%82%B9" n2="%41%4C%50%45%52%49%4E" n3="%E8%A6%9A%E9%86%92%E3%81%97%E3%81%9F%E3%81%A8%E3%81%BE%E3%81%A8" dan="16,16,16,17" rate="2196.37,2153.67,2116.69,2234.31" sx="F,M,M,M"/><TAIKYOKU oya="0"/><INIT seed="0,0,0,0,0,23" ten="250,250,250,250" oya="0" hai0="39,56,11,74,95,132,122,126,14,113,110,65,77" hai1="94,98,91,90,67,57,41,27,33,62,103,55,105" hai2="75,101,45,7,2,44,88,4,51,106,104,53,102" hai3="20,116,115,71,73,25,60,89,70,9,6,49,134"/><T24/><D113/><U86/><E41/><V118/><F75/><W61/><G115/><T28/><D122/><U15/><E15/><V123/><F123/><W69/><G116/><T107/><D107/><U120/><E120/><V50/><F53/><W81/><G134/><T111/><D39/><U43/><E43/><V32/><F32/><W35/><G35/><T58/><D132/><U5/><E5/><V3/><REACH who="2" step="1"/><F88/><REACH who="2" ten="250,250,240,250" step="2"/><W131/><G89/><T72/><D77/><U112/><E112/><V125/><F125/><W38/><G73/><N who="0" m="28267" /><D126/><U31/><REACH who="1" step="1"/><E90/><REACH who="1" ten="250,240,240,250" step="2"/><V12/><F12/><W85/><G131/><T16/><D14/><U30/><E30/><V83/><F83/><W46/><G81/><T121/><D28/><U37/><E37/><V66/><F66/><AGARI ba="0,2" hai="27,31,33,55,57,62,66,67,86,91,94,98,103,105" machi="66" ten="40,5200,0" yaku="1,1,52,1,53,1" doraHai="23" doraHaiUra="97" who="1" fromWho="2" sc="250,0,240,72,240,-52,250,0" /><INIT seed="1,0,0,4,3,26" ten="250,312,188,250" oya="1" hai0="114,79,84,9,98,66,90,72,27,57,86,85,40" hai1="43,93,5,36,47,59,87,70,37,76,67,83,103" hai2="122,22,80,1,135,112,81,134,110,23,38,13,29" hai3="105,14,28,24,62,48,52,113,71,41,30,34,65"/><U42/><E70/><V97/><F122/><W0/><G0/><T111/><D40/><U11/><E67/><V119/><F119/><W46/><G113/><T12/><D114/><U125/><E59/><V82/><F112/><W99/><G14/><T33/><D111/><U31/><E125/><V74/><F74/><W60/><G28/><T18/><D72/><U8/><E31/><V54/><F1/><W61/><G41/><T109/><D109/><U94/><E103/><AGARI ba="0,0" hai="24,30,34,46,48,52,60,61,62,65,71,99,103,105" machi="103" ten="40,8000,1" yaku="25,2,52,1,54,1" doraHai="26" who="3" fromWho="1" sc="250,0,312,-80,188,0,250,80" /><INIT seed="2,0,0,4,0,86" ten="250,232,188,330" oya="2" hai0="107,10,23,93,45,95,32,116,31,122,65,58,120" hai1="47,115,53,2,90,124,34,108,97,110,48,134,54" hai2="75,21,6,77,72,121,52,30,132,133,113,100,36" hai3="12,81,109,73,82,1,19,79,61,24,51,119,103"/><V4/><F113/><W46/><G119/><T71/><D116/><U66/><E115/><V25/><F121/><W129/><G109/><T92/><D107/><U20/><E34/><V3/><F36/><W13/><G1/><T106/><D106/><U50/><E2/><V59/><F100/><W16/><G129/><T96/><D71/><U83/><E66/><V130/><F130/><W67/><G103/><T40/><D32/><U62/><E62/><V5/><F3/><W35/><G82/><T78/><D78/><U70/><E70/><V91/><F91/><W105/><G105/><T99/><D10/><U114/><E114/><V80/><REACH who="2" step="1"/><F72/><REACH who="2" ten="250,232,178,330" step="2"/><W9/><G73/><T125/><D122/><U37/><E37/><V111/><F111/><W15/><G79/><T131/><D120/><U123/><E123/><V89/><F89/><W0/><G0/><T101/><D131/><U44/><E110/><V57/><F57/><W22/><G81/><T55/><D101/><U112/><E108/><V43/><F43/><W64/><G9/><T27/><D125/><U29/><E124/><V85/><F85/><W41/><G41/><T135/><D40/><U56/><E112/><V17/><F17/><W128/><G16/><T49/><D135/><U8/><E134/><V39/><F39/><W94/><G19/><T118/><D118/><U7/><E56/><V98/><F98/><W104/><G128/><T84/><D84/><N who="1" m="50463" /><E97/><V63/><AGARI ba="0,1" hai="4,5,6,21,25,30,52,59,63,75,77,80,132,133" machi="63" ten="30,6000,0" yaku="1,1,0,1,54,1,53,0" doraHai="86" doraHaiUra="126" who="2" fromWho="2" sc="250,-20,232,-20,178,70,330,-20" /><INIT seed="2,1,0,2,0,86" ten="230,212,248,310" oya="2" hai0="80,4,123,115,74,82,93,79,92,116,76,58,47" hai1="111,62,51,36,55,127,67,30,122,39,114,20,64" hai2="46,109,8,100,70,73,2,78,101,81,72,33,110" hai3="84,112,105,124,113,108,10,96,118,29,11,48,60"/><V13/><F33/><W106/><G108/><N who="2" m="41577" /><F70/><W50/><G118/><T56/><D116/><U77/><E77/><V129/><F129/><W87/><G60/><T52/><D123/><U133/><E20/><V15/><F72/><W90/><G96/><T117/><D117/><U24/><E24/><V34/><F34/><W126/><REACH who="3" step="1"/><G29/><REACH who="3" ten="230,212,248,300" step="2"/><T89/><D115/><U18/><E30/><V5/><F46/><W135/><G135/><T43/><D47/><U120/><E133/><V37/><F37/><W44/><G44/><T16/><D58/><U31/><E31/><V54/><F54/><W49/><G49/><T69/><D69/><U41/><E111/><V75/><F75/><W6/><G6/><T125/><D4/><U22/><E39/><V25/><F25/><W0/><G0/><T130/><D74/><U53/><E36/><V3/><F3/><W14/><G14/><AGARI ba="1,1" hai="2,5,8,13,14,15,73,78,81,100,101" m="41577" machi="14" ten="30,2900,0" yaku="14,1,10,1" doraHai="86" who="2" fromWho="3" sc="230,0,212,0,248,42,300,-32" /><INIT seed="2,2,0,2,3,95" ten="230,212,290,268" oya="2" hai0="76,98,3,19,134,83,32,46,20,14,71,87,93" hai1="77,133,25,85,21,101,65,94,130,33,82,24,35" hai2="118,38,44,57,112,84,22,42,41,58,8,117,30" hai3="12,129,119,28,108,132,72,121,31,91,126,67,125"/><V59/><F112/><W45/><G72/><T81/><D134/><U40/><E133/><V73/><F73/><W52/><G132/><T2/><D71/><U100/><E130/><V50/><F8/><W39/><G119/><T1/><D81/><U34/><E25/><V103/><F84/><W62/><G129/><T53/><D32/><U60/><E40/><V122/><F103/><W113/><G108/><T47/><REACH who="0" step="1"/><D53/><REACH who="0" ten="220,212,290,268" step="2"/><U69/><REACH who="1" step="1"/><E94/><REACH who="1" ten="220,202,290,268" step="2"/><V7/><F118/><W79/><G113/><T16/><D16/><AGARI ba="2,2" hai="16,21,24,33,34,35,60,65,69,77,82,85,100,101" machi="16" ten="40,5200,0" yaku="1,1,2,1,54,1,53,0" doraHai="95" doraHaiUra="51" who="1" fromWho="0" sc="220,-58,202,78,290,0,268,0" /><INIT seed="3,0,0,2,1,31" ten="162,280,290,268" oya="3" hai0="43,4,88,82,12,121,100,123,22,99,29,120,101" hai1="6,47,25,74,71,16,3,115,53,86,0,97,10" hai2="58,8,45,64,79,52,63,108,126,26,116,73,28" hai3="130,87,131,19,109,68,91,122,134,60,38,133,111"/><W94/><G38/><T9/><D43/><U37/><E74/><V27/><F116/><W14/><G60/><T39/><D39/><U129/><E71/><V90/><F108/><N who="3" m="41547" /><G68/><T98/><D98/><U56/><E115/><V24/><F126/><W105/><G105/><T46/><D46/><U95/><E86/><V119/><F119/><W84/><G122/><T55/><D55/><U17/><E3/><V57/><F45/><W132/><G84/><T7/><D7/><U1/><E1/><V61/><F8/><AGARI ba="0,0" hai="8,14,19,87,91,94,130,131,132,133,134" m="41547" machi="8" ten="40,7700,0" yaku="20,1,14,1,10,1" doraHai="31" who="3" fromWho="2" sc="162,0,280,0,290,-77,268,77" /><INIT seed="3,1,0,2,1,106" ten="162,280,213,345" oya="3" hai0="90,57,92,88,12,22,2,17,78,129,11,9,67" hai1="103,19,18,64,37,132,49,94,120,81,82,102,68" hai2="109,15,91,107,23,99,122,46,38,44,16,72,1" hai3="56,70,124,39,119,130,7,98,5,77,123,71,95"/><W24/><G123/><T135/><D135/><U97/><E37/><V61/><F109/><W80/><G119/><T52/><D129/><U32/><E32/><V0/><F122/><W115/><G115/><T60/><D78/><U79/><E120/><V76/><F61/><W127/><G39/><T50/><D2/><U84/><E132/><V121/><F121/><W111/><G56/><T89/><REACH who="0" step="1"/><D92/><REACH who="0" ten="152,280,213,345" step="2"/><U8/><E94/><V28/><F0/><W133/><G130/><T21/><D21/><U33/><E79/><V65/><F1/><W126/><G95/><T26/><D26/><U114/><E33/><V66/><F76/><W43/><G24/><T42/><D42/><U29/><E82/><V87/><F107/><W117/><G43/><T75/><D75/><U116/><E81/><V74/><F74/><W83/><G133/><T53/><D53/><U59/><E116/><V40/><F72/><W51/><G117/><T14/><D14/><U48/><E114/><V27/><F99/><W47/><G83/><T105/><D105/><U93/><E97/><V62/><F40/><W113/><G98/><T112/><D112/><U35/><E35/><V20/><F20/><W86/><G113/><T6/><D6/><U41/><E93/><V134/><F134/><W96/><G96/><T36/><D36/><U118/><E41/><V131/><F38/><W104/><G104/><T63/><D63/><U13/><E118/><V58/><F131/><W34/><G34/><T100/><D100/><U55/><E103/><V125/><F62/><W10/><G5/><T110/><D110/><RYUUKYOKU ba="1,1" sc="152,30,280,-10,213,-10,345,-10" hai0="9,11,12,17,22,50,52,57,60,67,88,89,90" /><INIT seed="4,2,1,0,4,11" ten="182,270,203,335" oya="0" hai0="74,103,132,35,99,128,116,6,72,83,8,59,17" hai1="124,117,131,61,125,127,51,16,101,92,28,19,88" hai2="37,66,95,85,93,68,24,60,98,69,113,104,119" hai3="109,39,41,15,7,71,96,79,63,3,46,73,105"/><T49/><D116/><U82/><E117/><V81/><F113/><W110/><G15/><T111/><D35/><U2/><E2/><V112/><F112/><W75/><G7/><T107/><D128/><U108/><E108/><N who="3" m="41578" /><G79/><T65/><D111/><U77/><E131/><V31/><F119/><W53/><G53/><T57/><D132/><U50/><E61/><V25/><F37/><W89/><G89/><T94/><D107/><U78/><E28/><V45/><F45/><W34/><G3/><T18/><D65/><U38/><E38/><V26/><F69/><W100/><G34/><T129/><D129/><U14/><E19/><V97/><F31/><W64/><AGARI ba="2,1" hai="39,41,46,63,64,71,73,75,96,100,105" m="41578" machi="64" ten="30,1100,0" yaku="23,1" doraHai="11" who="3" fromWho="3" sc="182,-7,270,-5,203,-5,335,27" /><INIT seed="5,0,0,1,5,113" ten="175,265,198,362" oya="1" hai0="78,57,56,79,22,108,4,6,59,77,16,38,26" hai1="58,83,9,7,118,11,8,84,48,55,3,50,41" hai2="73,24,105,31,98,123,91,36,128,99,125,35,129" hai3="0,81,94,124,5,68,40,96,107,19,67,131,74"/><U49/><E41/><V53/><F123/><W130/><G124/><T63/><D38/><U109/><E109/><V33/><F73/><W39/><G107/><T134/><D108/><U28/><E28/><V101/><F36/><W51/><G39/><T71/><REACH who="0" step="1"/><D134/><REACH who="0" ten="165,265,198,362" step="2"/><U95/><E118/><V126/><F125/><W132/><G132/><T34/><D34/><U80/><E3/><V75/><F126/><W12/><G0/><T122/><D122/><U47/><E7/><V17/><F35/><W61/><G5/><T20/><D20/><U62/><E47/><V66/><F129/><W21/><G21/><T106/><D106/><U93/><REACH who="1" step="1"/><E80/><REACH who="1" ten="165,255,198,362" step="2"/><V45/><F128/><W30/><G81/><T114/><D114/><U1/><E1/><V46/><F45/><W97/><G131/><T25/><D25/><U72/><E72/><V70/><F75/><W85/><G74/><T92/><D92/><U15/><E15/><V65/><F46/><W23/><G12/><T102/><D102/><U90/><AGARI ba="0,2" hai="8,9,11,48,49,50,55,58,62,83,84,90,93,95" machi="90" ten="30,6000,0" yaku="1,1,0,1,8,1,53,0" doraHai="113" doraHaiUra="37" who="1" fromWho="1" sc="165,-20,255,80,198,-20,362,-20" /><INIT seed="5,1,0,5,3,75" ten="145,335,178,342" oya="1" hai0="21,45,58,73,126,97,27,55,20,46,61,103,104" hai1="42,65,17,93,43,125,129,51,100,62,127,71,122" hai2="25,102,53,133,110,26,7,28,85,113,68,1,74" hai3="36,107,101,23,48,131,79,13,96,109,41,83,31"/><U63/><E17/><V82/><F110/><W60/><G131/><T9/><D126/><N who="1" m="48139" /><E93/><V135/><F68/><W99/><G109/><T66/><D73/><U54/><E100/><V92/><F113/><W59/><G36/><T94/><D104/><U124/><E124/><V64/><F64/><W106/><G99/><T4/><D55/><U98/><E98/><N who="2" m="59719" /><F53/><W24/><G13/><T91/><D91/><U16/><E122/><V50/><F50/><W118/><G118/><T105/><D105/><U134/><E63/><V70/><F74/><W112/><G107/><T81/><D21/><U2/><E2/><V38/><F7/><W15/><G112/><T33/><D33/><U35/><E35/><V123/><F1/><W57/><G60/><T39/><D81/><U86/><E86/><V19/><F19/><W29/><G29/><T40/><D40/><N who="1" m="15403" /><E16/><V0/><F0/><W67/><G31/><N who="0" m="17895" /><D39/><U111/><E111/><V116/><F38/><W72/><G72/><T95/><D95/><U14/><E14/><AGARI ba="1,0" hai="4,9,14,45,46,58,61,66,94,97,103" m="17895" machi="14" ten="30,2000,0" yaku="25,1,8,1" doraHai="75" who="0" fromWho="1" sc="145,23,335,-23,178,0,342,0" /><INIT seed="6,0,0,4,0,20" ten="168,312,178,342" oya="2" hai0="88,82,15,94,119,90,125,49,60,91,89,46,36" hai1="38,109,100,95,61,68,131,57,24,45,1,54,101" hai2="35,127,53,7,29,56,76,75,23,63,34,96,129" hai3="3,98,123,13,31,4,66,27,39,112,115,117,22"/><V52/><F127/><W99/><G39/><T114/><D125/><U135/><E1/><V79/><F129/><W2/><G66/><T130/><D130/><U120/><E131/><V26/><F7/><W0/><G117/><T103/><D36/><U116/><E116/><V133/><F133/><W67/><G67/><T59/><D119/><U6/><E6/><V78/><F75/><W84/><G84/><T118/><D118/><U47/><E109/><V77/><N who="2" m="19456" /><DORA hai="121" /><V132/><F132/><W104/><G104/><T12/><D103/><U108/><E108/><V70/><F70/><W16/><G4/><T28/><D28/><U126/><E135/><V81/><F81/><W11/><G123/><T110/><D82/><U43/><E120/><V124/><F124/><W9/><G11/><T18/><D114/><AGARI ba="0,0" hai="0,2,3,9,13,16,22,27,31,98,99,112,114,115" machi="114" ten="50,8000,1" yaku="15,1,11,1,52,1,54,1" doraHai="20,121" who="3" fromWho="0" sc="168,-80,312,0,178,0,342,80" /><INIT seed="7,0,0,1,0,128" ten="88,312,178,422" oya="3" hai0="26,135,62,72,23,41,88,113,68,121,25,52,70" hai1="39,55,54,69,0,94,30,13,107,118,5,48,53" hai2="133,64,108,85,58,126,4,7,1,56,40,12,8" hai3="16,73,122,61,120,131,49,67,127,14,74,33,112"/><W98/><G131/><T132/><D121/><U117/><E107/><V75/><F75/><W35/><G112/><T96/><D72/><U114/><E114/><V109/><F85/><W31/><G127/><T36/><D113/><U100/><E39/><V110/><F126/><W18/><G98/><T91/><D41/><U83/><E69/><V111/><F111/><W32/><G31/><T97/><D36/><U80/><E0/><V115/><F40/><W57/><G49/><T28/><D28/><U101/><E30/><V37/><F37/><W19/><G74/><T95/><D23/><U71/><E71/><V129/><F129/><W42/><G73/><T86/><D86/><U99/><E48/><V20/><F20/><W124/><G42/><T46/><D62/><U11/><REACH who="1" step="1"/><E100/><REACH who="1" ten="88,302,178,422" step="2"/><V27/><F115/><W24/><G124/><T50/><D70/><U87/><E87/><V63/><F110/><W22/><REACH who="3" step="1"/><G19/><REACH who="3" ten="88,302,178,412" step="2"/><T9/><D68/><U6/><E6/><V90/><F7/><W76/><G76/><T43/><D43/><U79/><E79/><V106/><F4/><W47/><G47/><T60/><D60/><U116/><AGARI ba="0,2" hai="5,11,13,53,54,55,80,83,94,99,101,116,117,118" machi="116" ten="40,5200,0" yaku="1,1,0,1,12,1,53,0" doraHai="128" doraHaiUra="66" who="1" fromWho="1" sc="88,-13,302,72,178,-13,412,-26" owari="75,-42.5,374,17.4,165,-23.5,386,48.6" /></mjloggm>