<mjloggm ver="2.3"><GO type="169" lobby="0"/><UN n0="%E3%81%9B%E3%81%A9%E3%81%AA%E3%82%8A%E3%81%82%E3%82%93" n1="%76%61%6C%6B%79%72%69%65" n2="%53%69%65%72%72%61" n3="%E3%81%94%E3%82%8B%E3%81%A3" dan="17,17,16,17" rate="2170.20,2202.73,2101.78,2177.97" sx="M,F,M,M"/><TAIKYOKU oya="0"/><INIT seed="0,0,0,3,4,93" ten="250,250,250,250" oya="0" hai0="112,129,33,118,113,87,65,13,48,8,15,38,35" hai1="53,88,17,124,1,105,28,37,21,80,63,2,85" hai2="74,51,99,46,86,32,83,109,91,47,39,14,50" hai3="70,133,25,56,125,95,44,67,78,31,10,98,116"/><T103/><D118/><U19/><E124/><V76/><F109/><W121/><G116/><T27/><D38/><U54/><E105/><V29/><F39/><W20/><G125/><T26/><D65/><U36/><E28/><V120/><F120/><W4/><G70/><T57/><D103/><U135/><E135/><V3/><F3/><W68/><G68/><T84/><D57/><U96/><E19/><V115/><F115/><W90/><G133/><T16/><D48/><U82/><E82/><V72/><F29/><W94/><G78/><T45/><D45/><U81/><E81/><V40/><F32/><N who="0" m="12362" /><D87/><U60/><E37/><V110/><F14/><W59/><G121/><T108/><D84/><U114/><E36/><V42/><F110/><W52/><G67/><T79/><D79/><U75/><E75/><V61/><REACH who="2" step="1"/><F61/><REACH who="2" ten="250,250,240,250" step="2"/><W107/><G107/><T97/><D108/><U9/><E114/><N who="0" m="44137" /><D129/><U23/><E60/><V100/><F100/><W34/><G34/><T102/><D102/><U43/><E63/><V64/><F64/><W71/><G71/><T58/><D58/><U132/><E132/><V119/><F119/><W101/><G44/><T117/><D117/><U89/><E1/><V126/><F126/><W106/><G59/><T18/><D97/><U24/><E96/><V7/><F7/><W123/><G123/><T49/><D49/><U62/><E62/><V55/><F55/><W128/><G128/><T127/><D127/><U69/><E69/><V122/><F122/><W11/><G101/><T66/><D66/><U134/><E134/><V30/><F30/><RYUUKYOKU ba="0,1" sc="250,15,250,-15,240,15,250,-15" hai0="8,13,15,16,18,26,27" hai2="40,42,46,47,50,51,72,74,76,83,86,91,99" /><INIT seed="0,1,1,4,3,71" ten="265,235,255,235" oya="0" hai0="98,88,69,23,56,32,73,78,86,41,5,55,18" hai1="14,76,75,64,21,48,109,58,93,133,118,46,83" hai2="84,128,99,121,20,85,94,92,6,16,110,67,15" hai3="57,45,111,47,124,35,34,60,101,129,116,135,115"/><T4/><D69/><U102/><E118/><V33/><F121/><W22/><G115/><T122/><D32/><U123/><E123/><V44/><F110/><W87/><G111/><T59/><D122/><U90/><E109/><V38/><F33/><W70/><G116/><T7/><D73/><U117/><E117/><V13/><F128/><W65/><G129/><T127/><D127/><U10/><E133/><V62/><F94/><W39/><G135/><T126/><D126/><U68/><E68/><V104/><F104/><W125/><G34/><T26/><D41/><U131/><E131/><V63/><F63/><W51/><G35/><T2/><D2/><U82/><E102/><V53/><F6/><W89/><G101/><T50/><D78/><U28/><E82/><V40/><F53/><N who="3" m="31935" /><G47/><N who="0" m="28127" /><D98/><U130/><E130/><V77/><F15/><W120/><G22/><T11/><D11/><U91/><E91/><V54/><F54/><W24/><G24/><T43/><D43/><U108/><E76/><V27/><F27/><W31/><G31/><T12/><D26/><N who="1" m="16463" /><E75/><V37/><F77/><W72/><G72/><T1/><D1/><U113/><E83/><AGARI ba="1,1" hai="4,5,7,12,18,23,56,59,83,86,88" m="28127" machi="83" ten="30,2900,0" yaku="8,1,54,1" doraHai="71" who="0" fromWho="1" sc="265,42,235,-32,255,0,235,0" /><INIT seed="0,2,0,1,1,71" ten="307,203,255,235" oya="0" hai0="70,7,101,43,36,132,92,1,133,18,86,111,94" hai1="90,64,59,2,99,131,4,57,41,48,106,117,52" hai2="81,60,80,75,123,10,110,45,73,122,13,61,39" hai3="128,104,11,108,67,120,68,22,79,126,3,30,16"/><T98/><D70/><U127/><E117/><V84/><F110/><W125/><G108/><T100/><D111/><U85/><E131/><V119/><F119/><W72/><G128/><T14/><D1/><U135/><E135/><N who="0" m="51785" /><D7/><U109/><E109/><V42/><F122/><W83/><G104/><T23/><D86/><U9/><E127/><V74/><F123/><W97/><G120/><T33/><D33/><U63/><E41/><V55/><F55/><W6/><G97/><N who="0" m="59431" /><D43/><U29/><E29/><V40/><F40/><W65/><G30/><T12/><D14/><U56/><E106/><V35/><F35/><W51/><G68/><T54/><D54/><U116/><E116/><V50/><F50/><W44/><G125/><T88/><D101/><U102/><E102/><V28/><F28/><W0/><G0/><T66/><D66/><U25/><E25/><V87/><F87/><W37/><G126/><T107/><D107/><U115/><E115/><V121/><F121/><W49/><G49/><T118/><D118/><U24/><E24/><V103/><F103/><W19/><G19/><T76/><D76/><U34/><E34/><V17/><REACH who="2" step="1"/><F80/><REACH who="2" ten="307,203,245,235" step="2"/><W46/><G51/><T21/><D36/><U112/><E112/><V77/><AGARI ba="2,1" hai="10,13,17,39,42,45,60,61,73,74,75,77,81,84" machi="77" ten="30,12000,2" yaku="1,1,2,1,0,1,52,1,53,2" doraHai="71" doraHaiUra="58" who="2" fromWho="2" sc="307,-62,203,-32,245,136,235,-32" /><INIT seed="1,0,0,3,1,61" ten="245,171,381,203" oya="1" hai0="52,119,83,122,114,111,23,9,110,79,57,99,128" hai1="84,64,90,28,109,131,41,66,121,33,134,40,127" hai2="8,82,46,76,88,20,37,42,58,112,55,129,54" hai3="98,19,2,96,43,30,117,93,116,56,120,26,95"/><U100/><E121/><V80/><F129/><W115/><G2/><T50/><D114/><U102/><E131/><V22/><F112/><W108/><G120/><T78/><D128/><U104/><E134/><V13/><F55/><W62/><G115/><T105/><D122/><U71/><E71/><V47/><F47/><W70/><G70/><T69/><D69/><U133/><E133/><V36/><F36/><W0/><G0/><T87/><D119/><U51/><E127/><V77/><F80/><W34/><G43/><N who="1" m="16458" /><E33/><V39/><F39/><W11/><G11/><T38/><D38/><U85/><E104/><V73/><F77/><W68/><G68/><T123/><D123/><U10/><E109/><N who="0" m="41481" /><D9/><U67/><E28/><V45/><F88/><W32/><G108/><T35/><D35/><U125/><E125/><V81/><F81/><W97/><G34/><T7/><D7/><U113/><E113/><V86/><F73/><W24/><G116/><T74/><D23/><U65/><N who="1" m="16384" /><DORA hai="89" /><U25/><E25/><V91/><F22/><W92/><G117/><T4/><D4/><U63/><E63/><V17/><F20/><W135/><G135/><T53/><D53/><U94/><E10/><V21/><F8/><W16/><REACH who="3" step="1"/><G24/><REACH who="3" ten="245,171,381,193" step="2"/><T103/><D74/><U118/><E118/><V106/><F37/><W31/><G31/><T132/><D132/><U27/><E27/><V59/><F21/><W126/><G126/><T14/><D14/><U6/><E6/><V48/><F13/><W75/><G75/><T18/><D18/><U15/><E15/><V60/><F17/><RYUUKYOKU ba="0,1" sc="245,15,171,-15,381,-15,193,15" hai0="50,52,57,78,79,83,87,99,103,105" hai3="16,19,26,30,32,56,62,92,93,95,96,97,98" /><INIT seed="2,1,1,5,2,122" ten="260,156,366,208" oya="2" hai0="20,135,116,52,75,18,86,7,21,81,125,49,46" hai1="85,105,73,39,14,100,35,1,106,124,114,82,109" hai2="62,25,129,16,22,12,123,41,37,15,71,33,19" hai3="97,110,29,92,31,53,119,87,67,27,127,78,99"/><V95/><F123/><W72/><G119/><T44/><D75/><U48/><E1/><V63/><F129/><W132/><G132/><T128/><D135/><U6/><E39/><V98/><F71/><W108/><G127/><T118/><D125/><U120/><E114/><V112/><F112/><W77/><G67/><T61/><D128/><U13/><E124/><V133/><F133/><W130/><G130/><T4/><D61/><U57/><E35/><V66/><F37/><W24/><G53/><T9/><D46/><U43/><E73/><V131/><F131/><W17/><G17/><T38/><D38/><U34/><E34/><V26/><F41/><W126/><G126/><T83/><D83/><U115/><E120/><V28/><F66/><W113/><G72/><T40/><D40/><U55/><E115/><V10/><REACH who="2" step="1"/><F26/><REACH who="2" ten="260,156,356,208" step="2"/><W121/><G113/><T23/><D116/><U50/><E43/><V88/><AGARI ba="1,2" hai="10,12,15,16,19,22,25,28,33,62,63,88,95,98" machi="88" ten="20,18000,2" yaku="1,1,2,1,0,1,7,1,54,2,53,0" doraHai="122" doraHaiUra="47" who="2" fromWho="2" sc="260,-61,156,-61,356,203,208,-61" /><INIT seed="2,2,0,3,2,67" ten="199,95,559,147" oya="2" hai0="114,118,46,54,90,102,37,11,75,126,59,106,119" hai1="42,134,2,40,92,98,13,96,65,69,21,112,85" hai2="109,26,57,35,100,20,79,128,80,19,52,121,108" hai3="31,18,0,55,53,5,7,15,24,9,6,47,135"/><V113/><F113/><W36/><G36/><T129/><D114/><U4/><E2/><V34/><F121/><W33/><G47/><T125/><D75/><U16/><E112/><V83/><F100/><W66/><G53/><T97/><D90/><U10/><E134/><V56/><F56/><W30/><G55/><T25/><D11/><U61/><E85/><V8/><F8/><N who="3" m="2087" /><G66/><T124/><D25/><U50/><E50/><V93/><F93/><W60/><G60/><T130/><D46/><U14/><REACH who="1" step="1"/><E98/><REACH who="1" ten="199,85,559,147" step="2"/><V78/><F128/><N who="0" m="49258" /><D37/><U62/><E62/><AGARI ba="2,1" hai="54,59,62,97,102,106,118,119,124,125,126" m="49258" machi="62" ten="40,2600,0" yaku="18,1,19,1" doraHai="67" who="0" fromWho="1" sc="199,42,85,-32,559,0,147,0" /><INIT seed="3,0,0,3,2,54" ten="241,53,559,147" oya="3" hai0="99,118,41,61,123,53,115,30,37,127,26,49,59" hai1="106,86,91,27,102,85,2,1,23,28,90,112,79" hai2="68,65,31,126,69,38,77,24,15,128,78,46,125" hai3="116,81,129,17,66,63,43,95,108,39,111,132,14"/><W88/><G116/><T8/><D118/><U84/><E112/><V117/><F117/><W25/><G129/><T55/><D123/><U93/><E79/><V103/><F103/><W80/><G132/><T9/><D127/><U32/><E85/><V113/><F113/><W72/><G25/><T18/><D115/><U50/><E32/><V75/><F15/><W110/><G43/><T60/><D37/><U33/><E33/><V5/><F5/><W114/><G39/><T135/><D41/><U124/><E124/><V101/><F101/><W29/><G29/><T34/><D135/><U58/><E106/><V44/><F38/><W109/><G72/><T89/><D18/><U22/><E102/><V74/><F65/><W64/><N who="3" m="27648" /><DORA hai="40" /><W36/><G36/><T3/><D3/><U62/><E50/><V11/><F11/><N who="3" m="6367" /><G114/><T131/><D131/><U94/><REACH who="1" step="1"/><E23/><REACH who="1" ten="241,43,559,147" step="2"/><V120/><F128/><W134/><G134/><T42/><D34/><U133/><E133/><V13/><F75/><W12/><G12/><T119/><D119/><U10/><E10/><V92/><F13/><W48/><G48/><T87/><D8/><U82/><E82/><N who="3" m="31850" /><G63/><T104/><D9/><U105/><E105/><V71/><F74/><W67/><G95/><N who="0" m="54719" /><D61/><U16/><E16/><V121/><F92/><W73/><G73/><T51/><D42/><U35/><E35/><N who="2" m="20967" /><F125/><W20/><G20/><N who="0" m="15687" /><D60/><U70/><E70/><V7/><F126/><W4/><G4/><T76/><D51/><U57/><E57/><V107/><F7/><W98/><G98/><T122/><D99/><U19/><E19/><RYUUKYOKU ba="0,1" sc="241,-15,43,15,559,-15,147,15" hai1="1,2,22,27,28,58,62,84,86,90,91,93,94" hai3="64,66,67,88" /><INIT seed="3,1,1,3,1,43" ten="226,58,544,162" oya="3" hai0="60,7,12,47,25,133,75,52,119,39,121,92,76" hai1="85,15,82,13,94,36,3,45,64,83,4,74,99" hai2="72,54,50,124,29,17,9,33,105,126,16,48,19" hai3="67,59,98,31,24,46,8,89,41,63,23,68,90"/><W27/><G68/><T114/><D119/><U53/><E74/><V5/><F72/><W110/><G110/><T32/><D121/><U20/><E3/><V40/><F105/><W0/><G98/><T84/><D133/><U108/><E108/><V80/><F80/><W77/><G77/><T44/><D39/><U55/><E64/><V26/><F40/><W88/><G0/><T112/><D75/><U129/><E129/><V116/><F116/><W22/><G8/><N who="0" m="4127" /><D25/><U113/><E113/><N who="0" m="43625" /><D32/><U120/><E120/><V91/><F91/><W71/><G71/><T118/><D118/><U61/><E83/><V35/><F54/><W109/><G109/><T69/><D69/><U30/><E36/><V78/><F78/><W65/><G65/><T132/><D132/><U56/><E4/><V107/><F107/><W10/><G10/><T131/><D131/><U62/><E20/><N who="2" m="15559" /><F50/><N who="3" m="26959" /><G90/><N who="0" m="53319" /><D76/><N who="1" m="46279" /><E30/><AGARI ba="1,1" hai="22,23,24,27,30,31,59,63,67,88,89" m="26959" machi="30" ten="30,5800,0" yaku="8,1,52,1,54,1" doraHai="43" who="3" fromWho="1" sc="226,0,58,-61,544,0,162,71" owari="226,-17.4,-3,-50.3,544,64.4,233,3.3" /></mjloggm>