<mjloggm ver="2.3"><GO type="169" lobby="0"/><UN n0="%E4%B8%89%E5%B3%B6%E5%85%AB%E9%9B%B2" n1="%52%59%4F%30%31%31%36" n2="%E3%81%86%E3%81%AA%E3%81%8E%E9%BA%BA" n3="%E4%BE%8D" dan="16,16,17,18" rate="2179.59,2146.95,2228.64,2238.62" sx="M,M,M,M"/><TAIKYOKU oya="0"/><INIT seed="0,0,0,2,1,0" ten="250,250,250,250" oya="0" hai0="118,7,99,22,33,103,25,55,114,70,6,66,5" hai1="129,14,46,8,34,73,119,69,95,30,68,20,82" hai2="125,79,90,4,37,123,111,88,132,53,1,36,19" hai3="58,29,10,130,117,48,41,81,75,38,32,11,78"/><T102/><D114/><U47/><E119/><V57/><F123/><W133/><G117/><T127/><D118/><U124/><E34/><V100/><F100/><W28/><G130/><T50/><D33/><U39/><E129/><V62/><F79/><W116/><G116/><T109/><D127/><U42/><E124/><V126/><F126/><W105/><G105/><T77/><D109/><U121/><E95/><V18/><F125/><W107/><G107/><T24/><D77/><U52/><E82/><V64/><F111/><W31/><G32/><T76/><D76/><U72/><E69/><V44/><F132/><W89/><G133/><T71/><D66/><U108/><E68/><V67/><F67/><W115/><G115/><T85/><D85/><U91/><E91/><V110/><F110/><W86/><G38/><T98/><D71/><U74/><E121/><V3/><F3/><W101/><G101/><N who="0" m="38411" /><D70/><U61/><E108/><V51/><F37/><W54/><REACH who="3" step="1"/><G41/><REACH who="3" ten="250,250,250,240" step="2"/><T65/><D65/><U59/><E42/><V92/><F36/><W97/><G97/><N who="0" m="36875" /><D22/><U40/><E39/><V21/><F21/><W2/><G2/><T16/><D16/><N who="1" m="8263" /><E40/><V12/><F19/><W93/><AGARI ba="0,1" hai="10,11,28,29,31,48,54,58,75,78,81,86,89,93" machi="93" ten="30,2000,0" yaku="1,1,0,1,53,0" doraHai="0" doraHaiUra="56" who="3" fromWho="3" sc="250,-10,250,-5,250,-5,240,30" /><INIT seed="1,0,0,1,2,99" ten="240,245,245,270" oya="1" hai0="77,135,68,108,86,121,127,76,31,19,134,73,91" hai1="3,14,0,129,42,52,122,90,116,101,71,70,35" hai2="132,53,28,60,78,82,96,81,37,29,92,27,102" hai3="104,18,11,95,105,17,8,72,7,51,93,79,21"/><U87/><E122/><V114/><F132/><N who="0" m="50730" /><D68/><U20/><E35/><V54/><F114/><W133/><G133/><T112/><D31/><U113/><E116/><V118/><F118/><W131/><G79/><N who="0" m="30283" /><D19/><U59/><E42/><V12/><F37/><W119/><G51/><T75/><D112/><U13/><E0/><V47/><F82/><W39/><G21/><T110/><D127/><U2/><E2/><V64/><F12/><W85/><G7/><T44/><D44/><U24/><E3/><V103/><F103/><W98/><G119/><T94/><D121/><U62/><E113/><V128/><F128/><W23/><G131/><T57/><D57/><U84/><E129/><V9/><F9/><W26/><G23/><T50/><D50/><U25/><E25/><V120/><F120/><W30/><G30/><T56/><D56/><U1/><E1/><V124/><F29/><W88/><G39/><T69/><D69/><U49/><E71/><V66/><F124/><W43/><G43/><T83/><D83/><U45/><E70/><V80/><F81/><W106/><G26/><T46/><D46/><U58/><E59/><N who="2" m="36895" /><F66/><W32/><G32/><T117/><D117/><U38/><E38/><V97/><F97/><W123/><G123/><T125/><D125/><U74/><E14/><V126/><F47/><W16/><REACH who="3" step="1"/><G72/><AGARI ba="0,0" hai="72,73,75,86,91,94,108,110" m="30283,50730" machi="72" ten="40,5200,0" yaku="20,1,34,2" doraHai="99" who="0" fromWho="3" sc="240,52,245,0,245,0,270,-52" /><INIT seed="2,0,0,0,0,59" ten="292,245,245,218" oya="2" hai0="105,117,70,114,116,89,56,83,33,31,134,95,64" hai1="16,111,125,98,41,19,62,82,42,110,44,61,13" hai2="37,12,88,133,38,5,85,8,36,35,84,45,75" hai3="97,17,55,6,57,74,73,25,112,43,123,126,63"/><V4/><F75/><W18/><G123/><T103/><D114/><U90/><E125/><V49/><F35/><W102/><G126/><T20/><D134/><U93/><E82/><V79/><F79/><W14/><G112/><T23/><D70/><U32/><E32/><V99/><F133/><W15/><G43/><T67/><D83/><U46/><E42/><V128/><F128/><W22/><G6/><T9/><D9/><U122/><E44/><V76/><F76/><W11/><REACH who="3" step="1"/><G25/><REACH who="3" ten="292,245,245,208" step="2"/><T58/><D117/><U100/><E122/><V48/><F4/><W3/><G3/><T106/><D116/><U39/><E100/><V0/><F0/><W69/><G69/><T50/><D103/><U96/><E96/><V109/><F109/><N who="1" m="41481" /><E19/><V1/><F1/><W131/><G131/><T81/><D31/><U104/><E104/><AGARI ba="0,1" hai="11,14,15,17,18,22,55,57,63,73,74,97,102,104" machi="104" ten="30,3900,0" yaku="1,1,7,1,52,1,53,0" doraHai="59" doraHaiUra="66" who="3" fromWho="1" sc="292,0,245,-39,245,0,208,49" /><INIT seed="3,0,0,5,2,3" ten="292,206,245,257" oya="3" hai0="54,43,100,122,16,52,102,101,134,103,121,86,88" hai1="89,36,82,14,109,58,87,46,85,130,129,132,78" hai2="120,66,79,92,55,45,2,91,33,9,83,37,124" hai3="38,34,18,115,113,125,40,50,35,30,90,31,51"/><W131/><G38/><T17/><N who="0" m="25600" /><DORA hai="133" /><T8/><D134/><U41/><E132/><V77/><F33/><W70/><G40/><T74/><D74/><U80/><E109/><V116/><F116/><W68/><G90/><T119/><D119/><U32/><E32/><V65/><F120/><W106/><G18/><N who="0" m="7275" /><D122/><U19/><REACH who="1" step="1"/><E58/><REACH who="1" ten="292,196,245,257" step="2"/><V93/><F124/><W75/><G125/><T67/><D121/><U94/><E94/><V21/><F93/><W5/><G106/><T126/><D126/><U7/><E7/><V24/><F92/><W104/><G5/><T81/><D43/><U22/><AGARI ba="0,1" hai="14,19,22,36,41,46,78,80,82,85,87,89,129,130" machi="22" ten="30,2000,0" yaku="1,1,0,1,53,0" doraHai="3,133" doraHaiUra="60,47" who="1" fromWho="1" sc="292,-5,196,30,245,-5,257,-10" /><INIT seed="4,0,0,3,4,41" ten="287,226,240,247" oya="0" hai0="107,2,23,135,74,75,27,55,108,14,21,117,90" hai1="84,132,80,34,103,58,47,79,130,52,0,64,73" hai2="50,63,18,133,9,44,16,72,116,100,24,17,67" hai3="76,98,92,7,56,119,118,19,11,38,102,4,71"/><T105/><D2/><U131/><E0/><V126/><F126/><W13/><G71/><T62/><D117/><U49/><E34/><V99/><F133/><W36/><G76/><T22/><D135/><U101/><E132/><V1/><F72/><W78/><G78/><T39/><D39/><U40/><E64/><V95/><F116/><W28/><G119/><T81/><D108/><U97/><E73/><V59/><F24/><W89/><G118/><T134/><D27/><U83/><E83/><V45/><REACH who="2" step="1"/><F50/><REACH who="2" ten="287,226,230,247" step="2"/><W48/><G38/><T112/><D134/><U121/><E121/><V32/><F32/><W12/><G36/><T110/><D75/><U66/><E66/><V3/><F3/><W15/><G15/><T77/><D14/><U109/><E109/><V53/><F53/><W87/><G13/><T104/><D110/><U69/><E69/><V10/><F10/><W26/><G48/><T29/><D55/><U35/><E35/><V86/><F86/><W65/><G65/><T70/><D70/><U85/><E84/><V113/><F113/><W46/><G4/><AGARI ba="0,1" hai="1,4,9,16,17,18,44,45,59,63,67,95,99,100" machi="4" ten="40,12000,2" yaku="1,1,52,2,54,1,53,2" doraHai="41" doraHaiUra="43" who="2" fromWho="3" sc="287,0,226,0,230,130,247,-120" /><INIT seed="5,0,0,2,0,66" ten="287,226,360,127" oya="1" hai0="73,93,40,77,42,114,47,126,1,86,83,25,72" hai1="41,81,133,113,119,9,44,65,32,10,92,63,37" hai2="62,89,68,67,71,111,18,69,0,14,82,117,27" hai3="76,90,121,128,96,64,55,78,127,125,53,48,84"/><U30/><E119/><V12/><F0/><W21/><G121/><T115/><D126/><N who="3" m="48137" /><G64/><T15/><D1/><U16/><E113/><N who="0" m="43017" /><D25/><U123/><E133/><V124/><F124/><W98/><G21/><T3/><D3/><U51/><E123/><V50/><F117/><W102/><G128/><T29/><D29/><U19/><E37/><V130/><F111/><W60/><G60/><T70/><D70/><U38/><E38/><V56/><F130/><W79/><G102/><T107/><D107/><U118/><E118/><V8/><F14/><W91/><G48/><N who="0" m="26727" /><D42/><U95/><E30/><V132/><F132/><W4/><G4/><T57/><D57/><N who="1" m="37103" /><E32/><V39/><F39/><W88/><G84/><N who="0" m="48239" /><D15/><U105/><E105/><V17/><F50/><W23/><G23/><T45/><D45/><U52/><E41/><V74/><F89/><AGARI ba="0,0" hai="72,73,86,89,93" m="48239,26727,43017" machi="89" ten="30,1000,0" yaku="15,1" doraHai="66" who="0" fromWho="2" sc="287,10,226,0,360,-10,127,0" /><INIT seed="6,0,0,3,3,75" ten="297,226,350,127" oya="2" hai0="51,85,55,18,4,100,97,108,77,60,124,45,41" hai1="134,62,113,73,2,111,125,33,8,84,88,109,64" hai2="10,119,98,102,69,52,106,56,23,99,38,105,116" hai3="68,79,92,93,86,25,112,96,110,21,20,91,126"/><V12/><F69/><W70/><G110/><T17/><D108/><U24/><E73/><V122/><F38/><W36/><G36/><T135/><D124/><U27/><E125/><V123/><F23/><W80/><G126/><T63/><D135/><U114/><E134/><V121/><F99/><W37/><G37/><T44/><D4/><U40/><E40/><V118/><F106/><W107/><G112/><N who="1" m="43114" /><E8/><V42/><F42/><W89/><G107/><T29/><D29/><N who="1" m="19623" /><E27/><V74/><F74/><W101/><G20/><T53/><D41/><U87/><E87/><V103/><F103/><W1/><G1/><T130/><D130/><U81/><E2/><V83/><F83/><W65/><G65/><T22/><D97/><U34/><E34/><V3/><F3/><W19/><REACH who="3" step="1"/><G101/><REACH who="3" ten="297,226,350,117" step="2"/><T132/><D100/><U129/><E129/><V71/><F123/><W117/><G117/><T78/><D132/><U120/><E120/><V6/><REACH who="2" step="1"/><F71/><AGARI ba="0,1" hai="62,64,71,81,84,88,109,111" m="19623,43114" machi="71" ten="30,2000,0" yaku="15,1,54,1" doraHai="75" who="1" fromWho="2" sc="297,0,226,30,350,-20,117,0" /><INIT seed="7,0,0,3,4,20" ten="297,256,330,117" oya="3" hai0="77,7,30,41,33,34,129,130,85,134,111,122,102" hai1="38,126,116,98,93,117,45,79,62,26,47,103,110" hai2="29,9,43,76,95,23,59,39,18,8,91,19,127" hai3="65,108,81,107,22,132,46,68,128,24,64,84,57"/><W87/><G128/><N who="0" m="49259" /><D111/><U115/><E110/><V94/><F29/><W109/><G132/><T54/><D122/><U66/><E115/><V50/><F39/><W104/><G68/><T123/><D123/><U17/><E126/><V90/><F76/><W135/><G135/><T60/><D134/><U32/><E79/><V114/><F114/><W131/><G131/><T121/><D121/><U86/><E86/><N who="2" m="52567" /><F19/><W78/><G109/><T56/><D102/><U2/><E2/><V11/><F127/><W21/><G108/><T88/><D77/><U10/><E10/><V40/><F59/><W55/><G107/><T119/><D119/><U27/><E17/><V97/><F50/><N who="3" m="29143" /><G104/><T31/><D7/><U69/><E32/><N who="0" m="12393" /><D41/><U70/><E69/><V106/><F106/><W37/><G37/><T4/><D4/><U3/><E3/><V100/><F100/><W73/><G73/><T118/><D118/><N who="1" m="45675" /><E38/><V53/><F53/><W96/><G96/><T15/><D15/><AGARI ba="0,0" hai="8,9,11,15,18,23,40,43,91,95,97" m="52567" machi="15" ten="30,1000,0" yaku="8,1" doraHai="20" who="2" fromWho="0" sc="297,-10,256,0,330,10,117,0" owari="287,8.7,256,-14.4,340,44.0,117,-38.3" /></mjloggm>