<mjloggm ver="2.3"><GO type="169" lobby="0"/><UN n0="%E6%96%B0%E6%89%8B%31%34%32%38%35%37" n1="%E8%8A%B1%E9%81%93%E6%A1%9C%E6%9C%A8" n2="%E3%81%AA%E3%81%BE%E3%81%8B%E3%82%84%E3%81%95%E3%81%AA%E3%81%9F" n3="%E7%88%86%E7%89%8C%E3%82%A6%E3%82%B7%E3%82%B8%E3%83%9E%E3%81%8F%E3%82%93" dan="17,16,16,19" rate="2135.27,2134.84,2172.00,2243.40" sx="M,M,M,M"/><TAIKYOKU oya="0"/><INIT seed="0,0,0,2,2,6" ten="250,250,250,250" oya="0" hai0="114,70,54,49,35,115,17,33,48,60,44,8,95" hai1="102,130,16,96,119,103,117,36,10,108,127,57,128" hai2="71,55,134,123,25,61,104,38,59,72,124,97,87" hai3="34,27,3,56,39,81,125,9,64,42,65,32,7"/><T41/><D95/><U0/><E36/><V91/><F123/><W107/><G107/><T74/><D74/><U37/><E37/><V26/><F124/><W86/><G125/><T53/><D41/><U14/><E127/><V40/><F134/><W68/><G68/><T116/><D116/><U85/><E108/><V45/><F72/><W126/><G126/><T28/><D60/><U23/><E85/><V21/><F21/><W110/><G110/><T132/><D70/><U80/><E80/><V2/><F2/><W58/><G58/><T13/><D132/><U43/><E43/><V101/><REACH who="2" step="1"/><F71/><REACH who="2" ten="250,250,240,250" step="2"/><W94/><G3/><T133/><D133/><U12/><E0/><V121/><F121/><W4/><G32/><T77/><D35/><U118/><E130/><V47/><F47/><W29/><G34/><T100/><D33/><U99/><E128/><V89/><F89/><W46/><G46/><T50/><D77/><U84/><E57/><V11/><F11/><W98/><G56/><T1/><D1/><U5/><REACH who="1" step="1"/><E84/><REACH who="1" ten="250,240,240,250" step="2"/><V19/><F19/><W92/><G86/><T112/><D44/><U15/><E15/><V83/><AGARI ba="0,2" hai="25,26,38,40,45,55,59,61,83,87,91,97,101,104" machi="83" ten="20,5200,0" yaku="1,1,0,1,7,1,53,1" doraHai="6" doraHaiUra="78" who="2" fromWho="2" sc="250,-26,240,-13,240,72,250,-13" /><INIT seed="1,0,0,1,2,121" ten="224,227,312,237" oya="1" hai0="97,53,35,19,126,3,50,56,85,42,70,60,65" hai1="101,29,68,15,14,80,45,81,31,10,98,23,110" hai2="1,18,75,17,135,0,47,57,13,55,48,122,66" hai3="54,119,2,24,132,76,71,26,32,109,107,41,125"/><U78/><E68/><V127/><F122/><W118/><G107/><T36/><D126/><U133/><E133/><V11/><F135/><W61/><G132/><T52/><D3/><U112/><E112/><V120/><F120/><W102/><G102/><T114/><D35/><U77/><E110/><V84/><F75/><W4/><G41/><T16/><D114/><U51/><E80/><V131/><F127/><W30/><G125/><T67/><D67/><U94/><E15/><V130/><F18/><W93/><G93/><T27/><D27/><U96/><E96/><V104/><F104/><W79/><G54/><T87/><D97/><U106/><E106/><V21/><F21/><W62/><G71/><T95/><D53/><U113/><E113/><V20/><F20/><W92/><G92/><T86/><D95/><U63/><E63/><N who="2" m="38255" /><F84/><W111/><G4/><T69/><D69/><U116/><E116/><N who="3" m="44586" /><G26/><T25/><D25/><N who="1" m="16575" /><E81/><V90/><F90/><W9/><G9/><T22/><D22/><U72/><E72/><V83/><F83/><W89/><G89/><T33/><D33/><U123/><E31/><V99/><F99/><W129/><G2/><T5/><D5/><N who="1" m="3407" /><E123/><V6/><F6/><W34/><G34/><T64/><D64/><U134/><E134/><V40/><F0/><W103/><G103/><T124/><D124/><U115/><E115/><V105/><F105/><W91/><G91/><T46/><AGARI ba="0,0" hai="16,19,36,42,46,50,52,56,60,65,70,85,86,87" machi="46" ten="30,8000,1" yaku="0,1,24,2,54,2" doraHai="121" who="0" fromWho="0" sc="224,80,227,-40,312,-20,237,-20" /><INIT seed="2,0,0,4,0,79" ten="304,187,292,217" oya="2" hai0="103,30,51,52,34,29,80,7,16,111,75,61,53" hai1="9,116,0,27,92,63,104,10,42,71,107,19,126" hai2="118,76,82,110,3,96,81,91,24,47,23,18,67" hai3="109,43,93,36,41,108,85,5,59,128,117,32,62"/><V133/><F133/><W2/><G32/><T44/><D34/><U124/><E116/><V115/><F118/><W83/><G117/><T72/><D111/><N who="3" m="42569" /><G36/><T37/><D37/><U114/><E114/><V121/><F110/><W74/><G128/><T122/><D122/><U88/><E42/><V100/><F115/><W123/><G123/><T33/><D7/><N who="1" m="1255" /><E71/><V94/><F121/><W28/><G28/><T45/><D33/><U38/><E63/><V113/><F113/><W13/><G2/><T50/><D61/><U55/><E55/><V86/><F3/><W12/><G93/><T49/><D49/><U68/><E68/><V90/><F67/><N who="3" m="39391" /><G74/><T106/><D106/><U39/><E39/><V95/><F47/><W129/><G129/><T69/><D69/><U22/><E38/><V89/><REACH who="2" step="1"/><F94/><REACH who="2" ten="304,187,282,217" step="2"/><W99/><G43/><T134/><D134/><U127/><E10/><V65/><F65/><W112/><G112/><T11/><D45/><U73/><E73/><AGARI ba="0,1" hai="18,23,24,73,76,81,82,86,89,90,91,95,96,100" machi="73" ten="30,11600,0" yaku="1,1,7,1,52,2,53,0" doraHai="79" doraHaiUra="70" who="2" fromWho="1" sc="304,0,187,-116,282,126,217,0" /><INIT seed="2,1,0,2,5,104" ten="304,71,408,217" oya="2" hai0="87,85,17,51,89,123,99,110,20,75,16,31,102" hai1="30,119,122,10,79,76,43,126,67,121,29,132,60" hai2="105,14,24,58,73,115,40,33,46,19,28,42,3" hai3="96,9,35,56,106,57,69,116,23,108,133,127,134"/><V77/><F115/><W1/><G116/><T36/><D123/><N who="1" m="47115" /><E119/><V107/><F3/><W38/><G35/><T55/><D36/><U83/><E132/><V117/><F117/><W113/><G38/><T52/><D110/><U109/><E109/><V130/><F130/><W62/><G108/><T112/><D75/><U90/><E43/><V32/><F32/><W86/><G86/><T26/><D112/><U129/><E126/><V37/><F42/><W49/><G23/><T64/><D64/><U34/><E10/><V47/><F47/><W63/><G9/><T128/><D128/><U118/><E129/><V50/><F58/><W48/><G96/><T94/><D87/><N who="1" m="50559" /><E118/><V72/><F37/><W53/><G1/><T4/><D4/><U135/><E135/><V95/><F95/><W59/><G106/><T93/><REACH who="0" step="1"/><D55/><REACH who="0" ten="294,71,408,217" step="2"/><U22/><E67/><V103/><F73/><W41/><G133/><T8/><D8/><U131/><E131/><V2/><F72/><W111/><G134/><T125/><D125/><U81/><E79/><V54/><F77/><W15/><G127/><T21/><D21/><U114/><E22/><V68/><F54/><W11/><G111/><T74/><D74/><U100/><E114/><V78/><F78/><W91/><G113/><T97/><D97/><U120/><E120/><V13/><F33/><W82/><G53/><T101/><D101/><U45/><E100/><V5/><F103/><W39/><G11/><T0/><D0/><U7/><E7/><V18/><F2/><W6/><G39/><T12/><D12/><U66/><E34/><RYUUKYOKU ba="1,1" sc="294,30,71,-10,408,-10,217,-10" hai0="16,17,20,26,31,51,52,85,89,93,94,99,102" /><INIT seed="3,2,1,2,2,20" ten="324,61,398,207" oya="3" hai0="12,0,81,117,127,40,43,56,78,53,3,21,44" hai1="86,5,4,59,31,6,52,22,125,82,110,93,41" hai2="124,1,130,67,128,33,120,66,95,7,87,113,109" hai3="10,105,26,116,23,61,13,97,101,72,19,25,89"/><W45/><G116/><T108/><D117/><U80/><E110/><V91/><F113/><W114/><G114/><T131/><D127/><U104/><E104/><V103/><F109/><W27/><G72/><T28/><D131/><N who="2" m="50218" /><F124/><W75/><G75/><T133/><D133/><U134/><E134/><V70/><F120/><W92/><G45/><T118/><D118/><U29/><E125/><V99/><F33/><W68/><G68/><T111/><D43/><U94/><E41/><V18/><F70/><W55/><G55/><T65/><D65/><U106/><E106/><N who="2" m="63871" /><F18/><W71/><G71/><T51/><D108/><U24/><E31/><V69/><F69/><W14/><G61/><T50/><D111/><U2/><E2/><V79/><F79/><W96/><REACH who="3" step="1"/><G14/><REACH who="3" ten="324,61,398,197" step="2"/><T42/><D12/><U9/><E9/><AGARI ba="2,2" hai="1,7,9,66,67,87,91,95" m="63871,50218" machi="9" ten="30,1000,0" yaku="19,1" doraHai="20" who="2" fromWho="1" sc="324,0,61,-16,398,36,197,0" /><AGARI ba="2,0" hai="9,10,13,19,23,25,26,27,89,92,96,97,101,105" machi="9" ten="40,18000,2" yaku="1,1,2,1,52,3,53,1" doraHai="20" doraHaiUra="16" who="3" fromWho="1" sc="324,0,45,-180,434,0,197,180" owari="324,-7.6,-135,-63.5,434,53.4,377,17.7" /></mjloggm>