<mjloggm ver="2.3"><GO type="169" lobby="0"/><UN n0="%E3%81%8B%E3%81%A5%E3%81%8D%EF%BC%B8%EF%BC%A9" n1="%50%73%79%63%68%65" n2="%69%77%61%69%77%61" n3="%E5%BE%A1%E5%BD%B1%E3%82%86%E3%81%9A%E3%81%8D" dan="18,17,17,16" rate="2159.75,2157.56,2156.80,2138.27" sx="M,M,M,M"/><TAIKYOKU oya="0"/><INIT seed="0,0,0,5,4,78" ten="250,250,250,250" oya="0" hai0="104,19,32,131,43,96,73,129,88,39,25,99,28" hai1="53,47,130,45,108,9,24,34,4,114,68,41,13" hai2="93,102,31,101,109,60,6,50,40,98,134,70,17" hai3="22,80,20,103,84,107,122,87,89,66,111,62,74"/><T37/><D43/><U35/><E68/><V118/><F109/><W44/><G111/><T57/><D73/><U42/><E108/><V83/><F134/><W110/><G110/><T11/><D99/><U12/><E130/><N who="0" m="49673" /><D57/><U94/><E114/><V51/><F6/><W81/><G74/><T113/><D113/><U120/><E120/><V52/><F31/><W30/><G122/><T16/><D11/><U124/><E53/><V54/><F40/><W69/><G44/><T59/><D59/><U67/><E67/><V128/><F118/><W58/><G30/><T61/><D61/><U29/><E42/><V91/><F60/><W135/><G135/><T26/><D104/><U21/><E47/><N who="2" m="27743" /><F70/><W14/><G69/><T112/><D112/><U119/><E119/><V38/><F38/><N who="0" m="14346" /><D26/><U36/><E36/><V86/><F128/><W117/><G117/><T49/><D49/><U8/><E41/><V5/><F5/><W48/><G48/><T7/><D7/><U76/><E4/><V105/><F105/><W63/><G63/><T15/><D15/><U64/><E13/><V18/><F102/><W92/><G14/><T121/><D121/><U0/><E12/><V125/><F51/><W65/><G65/><T10/><D10/><U33/><E64/><V72/><F72/><W77/><G107/><T85/><D96/><AGARI ba="0,0" hai="20,22,58,62,66,77,80,81,84,87,89,92,96,103" machi="96" ten="40,5200,0" yaku="8,1,52,2" doraHai="78" who="3" fromWho="0" sc="250,-52,250,0,250,0,250,52" /><INIT seed="1,0,0,4,0,95" ten="198,250,250,302" oya="1" hai0="9,120,43,83,12,118,48,5,131,40,132,75,123" hai1="96,46,31,53,33,38,22,122,92,108,17,44,78" hai2="13,77,133,85,126,28,135,34,73,89,111,80,104" hai3="49,116,134,110,18,0,130,103,98,52,69,4,35"/><U10/><E122/><N who="0" m="46633" /><D118/><U16/><E78/><V67/><F67/><W30/><G69/><T72/><D131/><U124/><E124/><V112/><F28/><W101/><G116/><T113/><D113/><U51/><E33/><V23/><F34/><W1/><G4/><T54/><D132/><N who="2" m="50762" /><F13/><W125/><G125/><T58/><D83/><U99/><E108/><V47/><F23/><W57/><G110/><T109/><D109/><U93/><E38/><V29/><F47/><W81/><G134/><T71/><D71/><U11/><E31/><V37/><F29/><W26/><G130/><T59/><D59/><U39/><E39/><V21/><F21/><W41/><G103/><T27/><D27/><N who="1" m="14791" /><E46/><V56/><F37/><W19/><G1/><T64/><D64/><U127/><E127/><V74/><F111/><W15/><G0/><T76/><D76/><U107/><E107/><V115/><F126/><W121/><G121/><T45/><D43/><U32/><E32/><V117/><F56/><W86/><G41/><T62/><AGARI ba="0,0" hai="5,9,12,40,45,48,54,58,62,72,75" m="46633" machi="62" ten="30,1100,0" yaku="13,1" doraHai="95" who="0" fromWho="0" sc="198,11,250,-5,250,-3,302,-3" /><INIT seed="2,0,0,1,3,11" ten="209,245,247,299" oya="2" hai0="25,14,92,38,43,120,59,26,79,29,90,127,109" hai1="33,5,107,76,110,24,73,78,27,91,106,47,66" hai2="68,105,32,117,81,13,97,116,102,16,86,89,113" hai3="63,108,62,23,40,134,50,56,64,84,95,70,72"/><V121/><F113/><W133/><G72/><T74/><D109/><U44/><E110/><V103/><F121/><W45/><G108/><T22/><D120/><U126/><E66/><V114/><F114/><W115/><G115/><T18/><D127/><U10/><E126/><V12/><F32/><W83/><G95/><T98/><D43/><U39/><E91/><V4/><F68/><W96/><G96/><T2/><D2/><U123/><E123/><V53/><F103/><W99/><G99/><T0/><D0/><U82/><E78/><V17/><F4/><W71/><G23/><T124/><D38/><U125/><E47/><V7/><F7/><W42/><G84/><T58/><D124/><U48/><E125/><V21/><F53/><N who="3" m="34063" /><G83/><T69/><D69/><U28/><E27/><V51/><F51/><W34/><G34/><T111/><D111/><U41/><REACH who="1" step="1"/><E48/><REACH who="1" ten="209,235,247,299" step="2"/><V122/><REACH who="2" step="1"/><F122/><REACH who="2" ten="209,235,237,299" step="2"/><W87/><G50/><T37/><D37/><U129/><E129/><V118/><F118/><W20/><G64/><T30/><D79/><U135/><E135/><V132/><F132/><W61/><G133/><T88/><D90/><U67/><E67/><V94/><F94/><W65/><G65/><T9/><REACH who="0" step="1"/><D74/><REACH who="0" ten="199,235,237,299" step="2"/><U36/><E36/><V100/><F100/><W3/><G134/><T75/><D75/><U119/><E119/><V57/><F57/><W101/><G70/><T54/><D54/><U19/><E19/><V52/><F52/><W128/><G71/><T35/><AGARI ba="0,3" hai="9,14,18,22,25,26,29,30,35,58,59,88,92,98" machi="35" ten="20,8000,1" yaku="1,1,0,1,7,1,52,1,54,1,53,0" doraHai="11" doraHaiUra="60" who="0" fromWho="0" sc="199,110,235,-20,237,-40,299,-20" /><INIT seed="3,0,0,4,3,132" ten="309,215,197,279" oya="3" hai0="99,119,109,63,42,70,28,49,120,51,37,22,14" hai1="62,130,129,90,16,54,91,17,6,65,15,18,19" hai2="9,76,21,85,102,88,124,3,52,32,84,100,20" hai3="78,43,31,11,35,126,135,82,121,92,57,60,127"/><W68/><G121/><T108/><D119/><U112/><E112/><V94/><F32/><W67/><G135/><T40/><D28/><U106/><E106/><V5/><F124/><N who="3" m="47659" /><G43/><T23/><D99/><U27/><E54/><V89/><F76/><W66/><G11/><T75/><D75/><U39/><E39/><V113/><F113/><W131/><G131/><N who="1" m="50186" /><E27/><V125/><F125/><W93/><G35/><T30/><D30/><U134/><E6/><V50/><F20/><N who="0" m="7722" /><D14/><U29/><E29/><V41/><F21/><W111/><G31/><T25/><D25/><U13/><N who="1" m="4096" /><DORA hai="53" /><U33/><E33/><V46/><REACH who="2" step="1"/><F41/><REACH who="2" ten="309,215,187,279" step="2"/><W7/><G111/><N who="0" m="42571" /><D120/><U47/><E134/><V83/><AGARI ba="0,1" hai="3,5,9,46,50,52,83,84,85,88,89,94,100,102" machi="83" ten="20,12000,2" yaku="1,1,0,1,7,1,54,2,53,2" doraHai="132,53" doraHaiUra="86,107" who="2" fromWho="2" sc="309,-30,215,-30,187,130,279,-60" /><INIT seed="4,0,0,5,4,73" ten="279,185,317,219" oya="0" hai0="2,70,42,14,37,90,4,116,85,112,127,94,61" hai1="122,34,84,57,78,16,135,33,30,117,50,95,54" hai2="129,67,48,15,51,126,22,87,27,106,1,56,21" hai3="102,121,5,55,107,92,81,93,130,39,29,7,80"/><T63/><D112/><U113/><E117/><V47/><F1/><W38/><G29/><T19/><D116/><U97/><E122/><V75/><F75/><W104/><G102/><T49/><D127/><U105/><E135/><V53/><F106/><W32/><G55/><T0/><D37/><U10/><E113/><V128/><F126/><W45/><G45/><T26/><D26/><U28/><E105/><V18/><F87/><W8/><G8/><T65/><D63/><U41/><E41/><V79/><F79/><W74/><G74/><T108/><D4/><U109/><E109/><V111/><F111/><W82/><G82/><T6/><D6/><U134/><E134/><V89/><F89/><W86/><G86/><T40/><D40/><U98/><E34/><V60/><REACH who="2" step="1"/><F51/><REACH who="2" ten="279,185,307,219" step="2"/><W96/><G104/><T101/><D108/><U68/><E78/><V46/><F46/><W9/><G107/><T77/><D77/><U83/><E84/><V58/><F58/><W3/><G3/><T35/><D2/><U25/><E57/><V100/><F100/><W76/><G76/><T52/><D0/><U124/><E50/><V11/><F11/><W120/><G9/><T71/><D101/><U59/><E10/><V13/><F13/><W91/><G91/><T23/><D71/><U99/><E68/><V64/><F64/><W132/><G132/><T123/><D123/><U125/><E125/><V24/><F24/><W69/><G69/><T88/><D90/><U72/><E124/><V133/><F133/><W118/><G121/><T20/><D70/><U17/><E72/><RYUUKYOKU ba="0,1" sc="279,-10,185,-10,307,30,219,-10" hai2="15,18,21,22,27,47,48,53,56,60,67,128,129" /><INIT seed="5,1,1,2,1,57" ten="269,175,337,209" oya="1" hai0="44,6,69,126,34,47,64,1,93,122,113,50,73" hai1="59,85,76,11,20,26,108,98,134,32,84,94,66" hai2="129,25,15,60,13,35,54,102,70,23,40,24,99" hai3="45,51,22,42,91,95,80,56,2,48,33,41,12"/><U16/><E134/><V101/><F129/><W3/><G33/><T21/><D34/><U127/><E127/><V53/><F40/><W7/><G80/><T58/><D73/><U37/><E37/><V27/><F35/><W68/><G68/><T29/><D113/><U75/><E108/><V100/><F99/><W67/><G7/><T31/><D69/><U38/><E38/><V130/><F130/><W79/><G79/><T4/><D1/><U46/><E32/><V30/><F30/><W109/><G109/><T71/><D71/><U128/><E128/><V88/><F23/><W10/><G10/><T9/><D9/><U110/><E110/><V111/><F88/><W87/><G67/><T133/><D64/><U116/><E116/><V43/><F43/><W78/><G78/><T83/><D133/><U114/><E114/><V36/><F36/><W115/><G115/><T112/><D112/><U8/><E75/><V124/><F124/><W14/><G14/><N who="2" m="5129" /><F70/><W55/><G42/><T81/><D122/><U74/><E74/><V96/><F96/><W49/><G49/><T28/><D126/><U131/><E131/><V132/><F132/><W52/><G41/><T19/><D4/><U125/><E125/><V92/><F92/><W72/><G72/><T117/><D6/><U107/><E107/><V121/><F121/><W39/><G39/><T65/><D117/><U103/><E76/><V5/><F5/><W62/><G51/><T86/><D93/><U17/><E17/><V82/><F111/><W106/><G106/><T104/><D104/><U123/><E123/><RYUUKYOKU ba="1,1" sc="269,-10,175,-10,337,-10,209,30" hai3="2,3,12,22,45,48,52,55,56,62,87,91,95" /><INIT seed="6,2,1,3,0,26" ten="259,165,327,239" oya="2" hai0="13,24,8,100,98,5,50,58,96,17,1,67,123" hai1="87,48,36,21,47,18,126,65,9,118,23,46,62" hai2="72,44,2,81,119,60,122,49,45,124,99,95,84" hai3="108,15,93,6,10,16,7,25,101,110,33,66,92"/><V12/><F2/><W107/><G107/><T102/><D123/><U0/><E118/><V128/><F119/><W39/><G39/><T68/><D68/><U56/><E126/><V105/><F128/><W113/><G66/><T88/><D1/><U114/><E114/><V40/><F124/><W117/><G117/><T73/><D73/><U78/><E36/><V132/><F132/><W112/><G101/><N who="0" m="39019" /><D67/><U83/><E47/><V106/><F72/><W42/><G42/><T70/><D70/><U71/><E71/><V86/><F60/><W125/><G93/><N who="0" m="56359" /><D98/><U79/><E79/><V134/><F99/><W19/><G92/><T80/><D80/><U109/><E109/><N who="3" m="42090" /><G125/><T97/><D97/><U74/><E74/><V3/><F3/><W120/><G120/><T94/><D94/><U57/><E57/><V29/><F95/><W85/><G85/><T130/><D130/><U11/><E0/><V61/><F86/><W31/><G7/><T37/><D37/><U28/><E23/><V104/><F104/><W55/><G55/><N who="0" m="32119" /><D24/><U121/><E121/><V59/><F106/><W111/><G111/><T129/><D129/><U35/><E35/><V69/><F105/><W77/><G77/><T52/><D52/><N who="1" m="29719" /><E18/><AGARI ba="2,1" hai="6,10,15,16,18,19,25,31,33,112,113" m="42090" machi="18" ten="30,7700,0" yaku="34,2,52,1,54,1" doraHai="26" who="3" fromWho="1" sc="259,0,165,-83,327,0,239,93" /><AGARI ba="2,0" hai="5,8,13,17,18" m="32119,56359,39019" machi="18" ten="30,2000,0" yaku="8,1,54,1" doraHai="26" who="0" fromWho="1" sc="259,20,82,-20,327,0,332,0" /><INIT seed="7,0,0,4,4,49" ten="279,62,327,332" oya="3" hai0="64,82,115,104,67,113,45,38,63,19,80,126,39" hai1="91,119,123,100,107,3,57,106,43,40,105,14,6" hai2="103,85,133,41,109,0,79,31,88,95,72,89,30" hai3="135,51,55,20,114,96,35,78,17,117,48,28,52"/><W122/><G122/><T81/><D104/><U121/><E3/><V74/><F0/><W18/><G117/><T71/><D126/><U15/><E100/><V33/><F109/><W128/><G35/><T94/><D67/><U32/><E32/><V129/><F79/><W54/><G78/><T118/><D118/><U60/><E119/><V46/><F103/><W75/><G75/><T34/><D34/><U44/><E91/><V134/><F89/><W56/><G135/><N who="2" m="51721" /><F129/><W84/><G128/><T27/><D94/><U130/><E130/><V21/><F21/><W10/><G114/><T5/><D5/><U86/><E86/><V131/><F131/><W73/><G73/><N who="2" m="28265" /><F33/><W92/><G84/><T112/><REACH who="0" step="1"/><D45/><REACH who="0" ten="269,62,327,332" step="2"/><U61/><E44/><V97/><F97/><W68/><G96/><T76/><D76/><U62/><E57/><V12/><F12/><N who="3" m="7447" /><G92/><T120/><D120/><U69/><E69/><V98/><F98/><W125/><G68/><T26/><D26/><U101/><E101/><V108/><F108/><W29/><G125/><T47/><D47/><U11/><REACH who="1" step="1"/><E15/><REACH who="1" ten="269,52,327,332" step="2"/><V8/><F46/><N who="3" m="27671" /><G54/><T58/><D58/><U111/><E111/><V77/><F77/><W99/><G99/><T66/><D66/><U83/><E83/><V127/><F127/><W59/><G59/><T1/><D1/><U4/><E4/><V24/><F88/><W25/><AGARI ba="0,2" hai="17,20,25,28,29,51,55,56" m="27671,7447" machi="25" ten="30,11700,0" yaku="8,1,52,2,54,1" doraHai="49" who="3" fromWho="3" sc="269,-39,52,-39,327,-39,332,137" owari="230,-17.0,13,-48.7,288,8.8,469,56.9" /></mjloggm>