<mjloggm ver="2.3"><GO type="169" lobby="0"/><UN n0="%E7%89%8C%E6%B5%81%E7%8A%B6%E6%85%8B%E9%BA%BB%E9%9B%80" n1="%E5%AE%8C%E5%85%A8%E5%AE%89%E7%89%8C" n2="%E3%81%9F%E3%81%BE%E5%AD%90" n3="%E3%83%9E%E3%83%BC%E3%83%9C%E3%82%A6" dan="16,17,17,16" rate="2164.30,2180.03,2263.43,2097.81" sx="M,M,M,M"/><TAIKYOKU oya="0"/><INIT seed="0,0,0,5,4,5" ten="250,250,250,250" oya="0" hai0="31,92,95,64,117,120,0,102,69,34,93,7,28" hai1="82,22,94,37,71,101,125,91,19,116,85,24,48" hai2="39,105,80,50,54,81,27,98,15,74,77,16,128" hai3="133,122,62,70,114,99,88,119,83,17,63,112,30"/><T96/><D117/><U55/><E125/><V59/><F128/><W47/><G119/><T86/><D120/><U121/><E71/><V33/><F39/><W20/><G30/><T4/><D4/><U124/><E37/><V111/><F111/><W89/><G122/><T76/><D76/><U32/><E124/><V58/><F81/><W109/><G109/><T41/><D41/><U68/><E68/><V66/><F33/><W126/><G126/><T10/><D86/><U9/><E32/><V38/><F38/><W52/><G133/><T127/><D127/><U26/><E121/><V36/><F36/><W1/><G1/><T110/><D110/><U113/><E113/><V11/><F27/><W21/><G70/><T60/><REACH who="0" step="1"/><D34/><REACH who="0" ten="240,250,250,250" step="2"/><U2/><E116/><V25/><F74/><W134/><G112/><T23/><D23/><U79/><E79/><V97/><F77/><W123/><G20/><T44/><D44/><N who="1" m="28039" /><E22/><V90/><F97/><W67/><G99/><T3/><D3/><U78/><E2/><V118/><F118/><W42/><G114/><T104/><AGARI ba="0,1" hai="0,7,10,28,31,60,64,69,92,93,95,96,102,104" machi="104" ten="30,6000,0" yaku="1,1,0,1,52,1,53,0" doraHai="5" doraHaiUra="49" who="0" fromWho="0" sc="240,70,250,-20,250,-20,250,-20" /><INIT seed="0,1,0,4,1,83" ten="310,230,230,230" oya="0" hai0="105,53,58,118,52,75,85,66,16,9,41,130,1" hai1="4,43,92,18,113,79,112,129,106,47,19,34,99" hai2="120,89,51,84,93,45,23,131,100,33,73,50,31" hai3="35,49,88,17,65,59,54,117,78,108,123,27,115"/><T133/><D75/><U0/><E34/><V121/><F131/><W28/><G115/><N who="1" m="44106" /><E106/><V5/><F73/><W111/><G117/><T70/><D118/><U42/><E79/><V3/><F33/><W32/><G123/><T7/><D105/><U80/><E80/><V67/><F67/><W29/><G78/><T76/><D130/><U37/><E43/><V90/><F100/><W125/><G125/><T6/><D133/><U74/><E74/><V134/><F134/><W77/><G77/><T114/><D41/><U62/><E62/><V36/><F36/><W46/><G17/><N who="1" m="6154" /><E129/><V107/><F107/><W72/><G72/><T96/><D70/><U56/><E56/><V2/><F50/><W39/><G39/><T21/><D114/><U126/><E126/><V69/><F69/><W11/><G59/><T26/><D7/><U55/><E55/><V44/><F44/><W122/><G65/><T119/><D119/><U103/><E0/><V12/><F2/><W10/><G122/><T57/><D66/><U60/><E60/><V128/><F3/><W95/><G32/><T124/><D124/><U64/><E64/><V104/><F104/><W87/><REACH who="3" step="1"/><G28/><REACH who="3" ten="310,230,230,220" step="2"/><T102/><D58/><U68/><E68/><V63/><F128/><W109/><AGARI ba="1,1" hai="10,11,27,29,35,46,49,54,87,88,95,108,109,111" machi="109" ten="30,12000,2" yaku="1,1,2,1,0,1,14,1,52,1,54,1,53,0" doraHai="83" doraHaiUra="15" who="3" fromWho="3" sc="310,-61,230,-31,230,-31,220,133" /><INIT seed="1,0,0,2,1,0" ten="249,199,199,353" oya="1" hai0="20,44,73,33,94,116,37,47,21,103,122,32,104" hai1="74,23,131,102,26,12,132,100,119,7,101,76,10" hai2="31,133,105,67,96,117,120,86,6,110,92,1,25" hai3="130,42,125,121,127,93,89,63,64,43,83,72,15"/><U85/><E132/><V123/><F117/><W22/><G121/><T111/><D104/><U91/><E131/><V81/><F105/><W59/><G130/><T39/><D73/><U17/><E119/><V30/><F110/><W88/><G22/><T35/><D116/><U56/><E74/><V2/><F133/><W60/><G60/><T106/><D106/><U82/><REACH who="1" step="1"/><E56/><REACH who="1" ten="249,189,199,353" step="2"/><V115/><F123/><W19/><G72/><T129/><D129/><U27/><E27/><V41/><F120/><W66/><G59/><T55/><D122/><U78/><AGARI ba="0,1" hai="7,10,12,17,23,26,76,78,82,85,91,100,101,102" machi="78" ten="30,11700,0" yaku="1,1,0,1,8,1,52,1,53,0" doraHai="0" doraHaiUra="34" who="1" fromWho="1" sc="249,-39,189,127,199,-39,353,-39" /><INIT seed="1,1,0,1,2,121" ten="210,316,160,314" oya="1" hai0="89,122,38,88,24,73,96,134,126,43,8,6,19" hai1="116,67,100,135,108,119,18,7,84,4,44,60,117" hai2="112,120,50,14,78,128,133,110,83,39,107,30,115" hai3="66,102,16,3,26,87,71,91,65,9,75,23,56"/><U95/><E135/><V125/><F39/><W93/><G71/><T55/><D134/><U17/><E44/><V130/><F133/><W86/><G75/><T52/><D73/><U46/><E46/><V79/><F30/><W127/><G127/><T45/><D126/><U106/><E106/><V51/><F125/><W54/><G102/><T36/><D36/><U77/><E100/><V114/><F120/><W20/><G87/><T15/><D122/><U94/><E77/><N who="2" m="29195" /><F107/><W97/><G23/><T31/><D6/><U109/><E84/><V69/><F69/><W98/><G3/><T105/><D105/><U33/><E33/><V80/><F14/><W49/><REACH who="3" step="1"/><G9/><REACH who="3" ten="210,316,160,304" step="2"/><T12/><D96/><AGARI ba="1,1" hai="16,20,26,49,54,56,65,66,86,91,93,96,97,98" machi="96" ten="40,8000,1" yaku="1,1,2,1,8,1,54,1,53,1" doraHai="121" doraHaiUra="53" who="3" fromWho="0" sc="210,-83,316,0,160,0,304,93" /><INIT seed="2,0,0,3,5,27" ten="127,316,160,397" oya="2" hai0="78,99,76,36,104,23,29,120,41,69,92,43,101" hai1="88,13,111,98,112,61,80,14,84,28,35,21,59" hai2="130,65,105,73,132,46,91,38,129,97,109,72,58" hai3="17,134,51,86,114,68,16,133,60,19,32,82,124"/><V93/><F65/><N who="3" m="40999" /><G114/><T7/><D120/><U89/><E111/><V85/><F58/><W110/><G51/><T25/><D69/><U57/><E35/><V52/><F38/><W2/><G2/><T15/><D104/><U113/><E113/><V26/><F26/><W22/><G124/><T4/><D36/><U18/><E112/><V53/><F132/><N who="3" m="50795" /><G32/><T33/><D33/><U55/><E28/><V95/><F105/><W37/><G37/><T102/><D102/><U1/><E1/><V62/><F109/><W10/><G10/><N who="0" m="4551" /><D7/><U50/><E14/><V90/><F62/><W5/><G5/><T87/><D87/><U63/><E57/><V77/><F46/><W121/><G121/><T100/><D101/><U131/><E131/><N who="2" m="50187" /><F77/><AGARI ba="0,0" hai="23,25,29,41,43,76,77,78,92,99,100" m="4551" machi="77" ten="30,2000,0" yaku="8,1,52,1" doraHai="27" who="0" fromWho="2" sc="127,20,316,0,160,-20,397,0" /><INIT seed="3,0,0,2,4,38" ten="147,316,140,397" oya="3" hai0="30,118,126,101,102,132,106,91,79,103,17,72,32" hai1="71,62,131,15,80,50,26,75,44,89,69,49,11" hai2="22,63,109,87,34,0,124,5,3,117,105,96,130" hai3="24,121,128,18,46,42,14,66,10,83,7,45,13"/><W39/><G121/><T21/><D118/><U23/><E131/><V43/><F109/><W99/><G128/><T107/><D126/><U88/><E50/><V16/><F117/><W65/><G24/><T77/><D132/><U125/><E125/><V55/><F130/><W64/><G99/><T36/><D36/><U60/><E69/><V97/><F34/><W104/><G104/><T12/><D32/><U4/><E71/><V82/><F124/><W68/><G83/><T28/><D91/><N who="1" m="34891" /><E75/><V27/><F43/><W120/><G120/><T35/><D35/><U129/><E80/><V95/><F105/><W37/><G68/><T114/><D114/><U70/><E70/><V58/><F5/><W53/><G53/><T122/><D122/><U108/><E108/><V78/><REACH who="2" step="1"/><F96/><REACH who="2" ten="147,316,130,397" step="2"/><W116/><G116/><T40/><D40/><N who="1" m="24711" /><E129/><V98/><F98/><W9/><G39/><T76/><D72/><U54/><E54/><V8/><F8/><W110/><G110/><T47/><D107/><U134/><E134/><V135/><F135/><W127/><G127/><T67/><D106/><U92/><E92/><V73/><F73/><W113/><G113/><T56/><D67/><U2/><E2/><V19/><F19/><AGARI ba="0,1" hai="4,11,15,19,23,26,60,62" m="24711,34891" machi="19" ten="30,3900,0" yaku="8,1,52,1,54,1" doraHai="38" who="1" fromWho="2" sc="147,0,316,49,130,-39,397,0" /><INIT seed="4,0,0,2,0,68" ten="147,365,91,397" oya="0" hai0="2,1,85,78,94,75,84,41,73,12,121,46,76" hai1="101,131,31,117,127,48,40,67,34,22,19,79,36" hai2="8,27,129,88,56,55,43,18,32,29,116,20,120" hai3="106,96,80,26,103,59,123,72,16,128,81,62,61"/><T25/><D121/><U50/><E117/><V69/><F120/><W57/><G123/><T93/><D12/><U90/><E101/><V13/><F69/><W42/><G128/><T35/><D25/><U28/><E79/><V53/><F129/><W60/><G42/><T100/><D41/><U135/><E127/><V133/><F133/><W105/><G105/><T4/><D100/><U119/><E67/><V58/><F116/><W10/><G72/><T47/><REACH who="0" step="1"/><D4/><REACH who="0" ten="137,365,91,397" step="2"/><U111/><E40/><V38/><F43/><W6/><G26/><T33/><AGARI ba="0,1" hai="1,2,33,35,46,47,73,75,76,78,84,85,93,94" machi="33" ten="25,12000,1" yaku="1,1,2,1,0,1,22,2,53,0" doraHai="68" doraHaiUra="99" who="0" fromWho="0" sc="137,130,365,-40,91,-40,397,-40" /><INIT seed="4,1,0,5,1,95" ten="267,325,51,357" oya="0" hai0="11,122,112,63,86,32,44,33,113,22,134,79,117" hai1="19,4,36,106,5,105,59,69,15,10,52,64,72" hai2="116,103,48,16,34,81,42,77,121,38,45,50,47" hai3="12,83,118,35,24,96,25,2,76,31,110,89,119"/><T27/><D117/><U53/><E72/><V49/><F121/><W130/><G110/><T90/><D122/><U55/><E69/><V129/><F34/><W29/><G2/><T61/><D79/><U126/><E36/><V37/><F129/><W0/><G0/><T70/><D11/><U128/><E126/><V58/><F116/><W104/><G12/><T51/><D33/><U131/><E64/><V100/><F58/><W107/><G130/><N who="1" m="49706" /><E59/><V66/><F66/><W20/><G104/><AGARI ba="1,0" hai="4,5,10,15,19,52,53,55,104,105,106" m="49706" machi="104" ten="40,2600,0" yaku="19,1,54,1" doraHai="95" who="1" fromWho="3" sc="267,0,325,29,51,0,357,-29" /><INIT seed="5,0,0,1,1,133" ten="267,354,51,328" oya="1" hai0="127,31,70,103,24,77,2,85,12,120,64,125,122" hai1="91,57,126,39,115,93,55,132,96,19,68,1,59" hai2="87,54,52,47,74,9,42,22,102,80,71,78,84" hai3="108,82,124,92,29,134,6,81,66,53,4,94,98"/><U11/><E115/><V38/><F71/><W97/><G134/><T27/><D2/><U17/><E68/><V73/><F102/><W131/><G53/><T60/><D103/><U43/><E132/><V130/><F130/><W129/><G29/><T109/><D109/><U34/><E34/><V25/><F73/><W76/><G76/><T95/><D12/><U67/><E67/><V101/><F101/><W89/><G66/><T41/><D41/><U100/><E57/><V36/><F36/><W48/><G48/><T107/><D107/><U116/><E116/><V40/><F40/><W0/><G0/><T56/><D70/><U113/><E113/><V21/><F21/><W63/><G63/><T30/><D30/><U37/><E19/><V88/><F9/><W15/><G15/><T13/><D13/><U128/><E17/><V123/><F74/><W83/><G4/><T50/><D50/><U111/><E111/><V62/><F62/><W114/><G6/><T65/><D65/><U106/><E128/><N who="3" m="49226" /><G108/><T117/><D117/><U99/><E43/><V5/><F123/><N who="0" m="47146" /><D24/><U75/><E1/><V44/><F44/><W45/><G45/><T3/><D3/><U20/><E39/><V14/><F14/><W32/><G32/><N who="0" m="20607" /><D77/><U79/><E79/><V49/><F38/><W18/><G18/><T46/><D46/><U119/><E37/><V28/><F5/><W112/><G124/><T51/><D51/><U8/><E126/><V110/><F110/><W58/><G58/><T72/><D72/><U23/><E75/><V7/><F7/><W61/><G61/><RYUUKYOKU ba="0,0" sc="267,10,354,-30,51,10,328,10" hai0="56,60,64,85,95,125,127" hai2="22,25,28,42,47,49,52,54,78,80,84,87,88" hai3="81,82,83,89,92,94,97,98,112,114" /><INIT seed="6,1,0,5,4,90" ten="277,324,61,338" oya="2" hai0="17,101,36,102,97,108,93,4,82,80,1,125,26" hai1="52,127,98,31,99,59,123,8,100,114,29,27,76" hai2="28,12,89,88,86,9,118,7,116,128,32,18,71" hai3="92,83,54,85,75,77,50,72,126,19,130,91,73"/><V110/><F71/><W79/><G130/><T11/><D108/><U3/><E114/><V131/><F110/><W78/><G126/><T45/><D125/><U105/><E127/><V40/><F40/><W104/><G104/><T2/><D2/><U37/><E37/><V64/><F64/><W74/><REACH who="3" step="1"/><G19/><REACH who="3" ten="277,324,61,328" step="2"/><T121/><D17/><U132/><E105/><V68/><F118/><W46/><AGARI ba="1,1" hai="46,50,54,72,73,74,75,77,78,79,83,85,91,92" machi="46" ten="30,7900,0" yaku="1,1,2,1,0,1,52,1,53,0" doraHai="90" doraHaiUra="35" who="3" fromWho="3" sc="277,-21,324,-21,61,-40,328,92" /><INIT seed="7,0,0,3,0,73" ten="256,303,21,420" oya="3" hai0="134,55,115,67,44,27,118,26,34,125,9,14,116" hai1="61,92,39,88,37,7,30,72,5,69,43,33,83" hai2="8,96,58,22,16,100,99,94,24,109,52,104,76" hai3="57,19,29,86,48,89,90,53,38,35,47,36,93"/><W65/><G19/><T28/><D67/><U11/><E69/><V110/><F110/><W80/><G29/><T51/><D125/><U25/><E61/><V133/><F133/><W112/><G35/><T20/><D134/><U45/><E37/><V68/><F68/><W4/><G4/><T130/><D130/><U127/><E127/><V64/><F109/><W84/><G112/><T32/><D115/><U70/><E70/><V77/><F64/><W124/><G124/><T13/><D13/><U128/><E128/><V74/><F74/><W95/><G80/><T56/><D44/><U98/><REACH who="1" step="1"/><E11/><REACH who="1" ten="256,293,21,420" step="2"/><V78/><F8/><W0/><G0/><T63/><D63/><AGARI ba="0,1" hai="36,38,47,48,53,57,63,65,84,86,89,90,93,95" machi="63" ten="40,2000,0" yaku="9,1" doraHai="73" who="3" fromWho="0" sc="256,-20,293,0,21,0,420,30" owari="236,-16.4,293,9.3,21,-47.9,450,55.0" /></mjloggm>