<mjloggm ver="2.3"><GO type="169" lobby="0"/><UN n0="%6F%73%72%67" n1="%E3%81%B1%E3%83%BC%E3%81%9B%E3%82%93%E3%81%A8%E4%BE%8D" n2="%43%4C%53" n3="%70%65%6E%74%6F%6C%61" dan="16,18,20,18" rate="2143.57,2209.14,2141.28,2218.66" sx="M,M,M,M"/><TAIKYOKU oya="0"/><INIT seed="0,0,0,4,5,60" ten="250,250,250,250" oya="0" hai0="16,97,62,29,105,112,91,25,100,85,51,95,14" hai1="71,87,77,107,119,65,42,59,15,89,109,101,64" hai2="125,116,129,66,49,121,0,131,81,52,134,113,76" hai3="34,36,43,2,98,124,126,114,73,18,41,68,21"/><T99/><D112/><U53/><E119/><V122/><F0/><W33/><G73/><T118/><D118/><U48/><E71/><V80/><F116/><W93/><G2/><T7/><D7/><U128/><E109/><V30/><F30/><W6/><G68/><T28/><D51/><U32/><E32/><V130/><F113/><W69/><G69/><T82/><D25/><U11/><E77/><V115/><F115/><W47/><G43/><T46/><D46/><U88/><E128/><V55/><F125/><N who="3" m="48235" /><G6/><T58/><D99/><U127/><E127/><V45/><F55/><W133/><G133/><T92/><D92/><N who="1" m="54303" /><E107/><V37/><F37/><W5/><G5/><T108/><D105/><U86/><E101/><V27/><F27/><N who="3" m="14775" /><G114/><T23/><REACH who="0" step="1"/><D108/><REACH who="0" ten="240,250,250,250" step="2"/><U19/><E42/><V22/><F131/><W56/><G36/><T39/><D39/><U31/><E31/><V38/><F38/><W3/><G41/><T74/><D74/><U24/><E24/><V8/><F130/><W12/><G34/><T35/><D35/><U102/><E102/><V123/><F129/><W13/><G33/><T78/><D78/><U10/><E11/><V40/><F8/><W44/><G98/><T17/><D17/><U67/><E89/><V90/><F90/><W120/><G93/><T83/><D83/><U70/><E86/><V96/><F76/><W9/><G9/><T84/><D84/><U135/><E135/><V57/><F96/><W106/><G106/><T104/><D104/><U1/><E1/><V94/><F134/><W61/><G47/><T72/><D72/><RYUUKYOKU ba="0,1" sc="240,15,250,15,250,-15,250,-15" hai0="14,16,23,28,29,58,62,82,85,91,95,97,100" hai1="10,15,19,48,53,59,64,65,67,70" /><INIT seed="0,1,1,2,3,82" ten="255,265,235,235" oya="0" hai0="68,1,134,63,116,47,102,52,53,124,73,78,40" hai1="119,86,21,105,9,56,109,57,39,126,42,121,96" hai2="45,98,100,99,131,12,87,128,18,31,67,58,95" hai3="84,133,44,51,30,94,120,0,107,55,24,13,48"/><T69/><D1/><U65/><E119/><V62/><F31/><W19/><G107/><T33/><D33/><U59/><E121/><V2/><F2/><W108/><G0/><T111/><D102/><U5/><E109/><V11/><F98/><W37/><G37/><T77/><D78/><U106/><E65/><V46/><F131/><W113/><G113/><T49/><D77/><U66/><E66/><V25/><F128/><W28/><G108/><T90/><D90/><U23/><E42/><V103/><F103/><W118/><G118/><T34/><D73/><U35/><E39/><V125/><F125/><W60/><G133/><T22/><D22/><U38/><E38/><V89/><REACH who="2" step="1"/><F25/><REACH who="2" ten="255,265,225,235" step="2"/><W72/><G24/><T135/><D111/><U122/><E96/><V32/><F32/><W115/><G30/><T26/><D26/><U41/><E126/><V93/><AGARI ba="1,2" hai="11,12,18,45,46,58,62,67,87,89,93,95,99,100" machi="93" ten="20,12000,2" yaku="1,1,0,1,7,1,8,1,52,1,53,1" doraHai="82" doraHaiUra="6" who="2" fromWho="2" sc="255,-61,265,-31,225,143,235,-31" /><INIT seed="1,0,0,1,0,124" ten="194,234,368,204" oya="1" hai0="14,2,34,69,74,134,65,75,88,36,73,8,95" hai1="47,49,25,103,72,118,26,9,78,45,53,57,51" hai2="79,90,17,135,12,93,94,23,6,116,101,67,129" hai3="96,104,85,37,42,24,58,109,120,115,97,91,112"/><U87/><E118/><V41/><F116/><W105/><G37/><T80/><D36/><U132/><E132/><V86/><F135/><W19/><G42/><T43/><D43/><U126/><E72/><V113/><F113/><N who="3" m="43595" /><G58/><T66/><D134/><U21/><E126/><V61/><F79/><W35/><G19/><T119/><D34/><U38/><E38/><V111/><F111/><W117/><G24/><T106/><D106/><N who="3" m="41065" /><G35/><T33/><D33/><U128/><E103/><V71/><F6/><W27/><G27/><T3/><D80/><N who="1" m="47511" /><E128/><V81/><F41/><W122/><G117/><T52/><D119/><U123/><E123/><N who="3" m="47146" /><G109/><T130/><D130/><U63/><E9/><V108/><F129/><W10/><G10/><T76/><D3/><U68/><E68/><V31/><F108/><W133/><G133/><T20/><D2/><U32/><E32/><V70/><F70/><W28/><G28/><T13/><D69/><U18/><E26/><V0/><F31/><W114/><G114/><T100/><D20/><U54/><E47/><V29/><F29/><W50/><G50/><AGARI ba="0,0" hai="18,21,25,45,49,50,51,53,54,57,63" m="47511" machi="50" ten="30,1500,0" yaku="8,1" doraHai="124" who="1" fromWho="3" sc="194,0,234,15,368,0,204,-15" /><INIT seed="1,1,0,2,5,30" ten="194,249,368,189" oya="1" hai0="55,78,67,33,102,35,12,96,25,62,58,43,57" hai1="86,120,63,73,101,2,130,46,61,34,103,40,19" hai2="36,24,5,124,95,93,106,98,81,56,17,53,3" hai3="116,105,114,49,110,38,27,41,117,37,32,84,10"/><U21/><E73/><V9/><F36/><W52/><G105/><T4/><D43/><U20/><E2/><V129/><F129/><W131/><G114/><T42/><D42/><U11/><E120/><V16/><F124/><W123/><G123/><T15/><D78/><U59/><E34/><V132/><F132/><W23/><G131/><T60/><D25/><U69/><E130/><V13/><F106/><W89/><G10/><T82/><D82/><U18/><E69/><V99/><F81/><W8/><G8/><T125/><D125/><U112/><E11/><V0/><F24/><W104/><G104/><T47/><D4/><U7/><E7/><V26/><F26/><W75/><G75/><T66/><D47/><U113/><E40/><V70/><F70/><W133/><G41/><T51/><D15/><U94/><E46/><V126/><F126/><W97/><G97/><T83/><D83/><U128/><E128/><V28/><F28/><N who="3" m="19487" /><G23/><T91/><D12/><U90/><E86/><V31/><F31/><W87/><G133/><T77/><D91/><U72/><E72/><V1/><F1/><W80/><G87/><T68/><REACH who="0" step="1"/><D77/><REACH who="0" ten="184,249,368,189" step="2"/><U119/><E90/><N who="2" m="55607" /><F0/><W135/><G135/><T108/><D108/><U121/><E101/><N who="2" m="60671" /><F3/><W74/><G110/><T45/><D45/><U134/><E103/><V22/><F22/><W54/><G74/><T50/><D50/><AGARI ba="1,1" hai="5,9,13,16,17,50,53,56" m="60671,55607" machi="50" ten="30,2000,0" yaku="8,1,54,1" doraHai="30" who="2" fromWho="0" sc="184,-23,249,0,368,33,189,0" /><INIT seed="2,0,0,4,4,28" ten="161,249,401,189" oya="2" hai0="67,125,106,111,119,90,71,109,115,91,79,53,33" hai1="11,107,18,15,97,78,110,105,43,104,133,27,38" hai2="6,85,88,122,3,13,101,47,77,54,45,123,118" hai3="76,26,75,131,31,102,116,34,132,98,134,61,112"/><V16/><F118/><W108/><G116/><T86/><D119/><U36/><E110/><N who="0" m="41993" /><D106/><U87/><E133/><N who="3" m="51306" /><G108/><T5/><D5/><U92/><E43/><V44/><F77/><W20/><G112/><T41/><D41/><U9/><E9/><V29/><F101/><W117/><G117/><T52/><D115/><U60/><E60/><V73/><F73/><W51/><G51/><T120/><D120/><U42/><E42/><V93/><F3/><W0/><G0/><T58/><D125/><U100/><REACH who="1" step="1"/><E27/><REACH who="1" ten="161,239,401,189" step="2"/><V126/><F123/><W40/><G40/><T127/><D127/><U37/><E37/><V103/><F126/><W57/><G131/><T96/><D71/><U83/><AGARI ba="0,1" hai="11,15,18,36,38,78,83,87,92,97,100,104,105,107" machi="83" ten="40,2700,0" yaku="1,1,0,1,53,0" doraHai="28" doraHaiUra="65" who="1" fromWho="1" sc="161,-7,239,37,401,-13,189,-7" /><INIT seed="3,0,0,1,3,43" ten="154,276,388,182" oya="3" hai0="41,65,2,62,120,51,66,55,110,60,121,67,107" hai1="13,108,125,105,124,27,40,31,78,30,77,39,7" hai2="54,3,17,72,134,68,63,90,97,19,35,116,14" hai3="24,117,115,89,15,86,42,104,56,50,73,38,102"/><W12/><G117/><T79/><D107/><U95/><E105/><V52/><F3/><W93/><G73/><T0/><D79/><U100/><E108/><V37/><F37/><W34/><G38/><T103/><D103/><U10/><E31/><V25/><F72/><W4/><G115/><T45/><D2/><U96/><E40/><V32/><F32/><W46/><G56/><T123/><D0/><U91/><E39/><V44/><F134/><W21/><G34/><T111/><D41/><U70/><E70/><V8/><F116/><W122/><G122/><T5/><D5/><U18/><E7/><V47/><F68/><W23/><G23/><T98/><D98/><U113/><E91/><V87/><F97/><W49/><G49/><T127/><D127/><N who="1" m="48715" /><E113/><V114/><F114/><W88/><G4/><T36/><D36/><U28/><E28/><V64/><F64/><W81/><G102/><T106/><D106/><U80/><E80/><N who="2" m="49511" /><F35/><AGARI ba="0,0" hai="10,13,18,27,30,35,77,78,95,96,100" m="48715" machi="35" ten="30,1000,0" yaku="18,1" doraHai="43" who="1" fromWho="2" sc="154,0,276,10,388,-10,182,0" /><INIT seed="4,0,0,3,1,36" ten="154,286,378,182" oya="0" hai0="58,84,4,90,45,46,30,66,14,61,60,11,64" hai1="69,95,124,91,72,74,43,99,71,3,54,28,53" hai2="34,130,70,8,13,135,6,50,0,107,19,26,44" hai3="62,17,15,115,79,27,82,25,35,29,110,126,38"/><T75/><D75/><U57/><E3/><V78/><F107/><W55/><G110/><T116/><D30/><U7/><E7/><V51/><F70/><W89/><G126/><T108/><D116/><U81/><E124/><V88/><F130/><W123/><G38/><T16/><D4/><U80/><E28/><V128/><F128/><W9/><G115/><T1/><D1/><U121/><E121/><V129/><F129/><W56/><G27/><T37/><D37/><U112/><E43/><V131/><F131/><W96/><G96/><T77/><D77/><U122/><E122/><V105/><F105/><W85/><REACH who="3" step="1"/><G123/><REACH who="3" ten="154,286,378,172" step="2"/><T102/><D108/><U117/><E112/><V127/><F26/><W5/><G5/><T52/><D102/><U98/><E117/><V76/><F6/><W87/><G87/><T18/><D18/><U132/><E99/><V93/><F19/><W31/><G31/><T114/><D114/><U2/><E98/><V68/><F127/><W120/><G120/><T118/><D118/><U63/><E2/><V133/><F0/><W109/><G109/><T10/><D10/><U12/><E74/><V134/><F8/><W106/><G106/><T101/><D101/><U21/><E72/><V94/><F133/><W59/><G59/><N who="0" m="34919" /><D66/><U40/><E132/><V39/><F39/><W65/><G65/><T73/><D73/><U32/><E71/><V111/><F68/><W119/><G119/><T22/><D11/><U49/><E69/><V104/><F134/><W23/><G23/><T103/><D103/><U42/><E21/><V48/><F135/><RYUUKYOKU ba="0,1" sc="154,15,286,-15,378,-15,172,15" hai0="14,16,22,45,46,58,61,64,84,90" hai3="9,15,17,25,29,35,55,56,62,79,82,85,89" /><INIT seed="4,1,1,5,5,75" ten="169,271,363,187" oya="0" hai0="9,39,125,61,15,127,132,108,91,95,78,4,96" hai1="71,58,112,36,7,10,124,50,1,41,0,89,107" hai2="73,100,54,60,77,26,11,128,122,86,126,27,45" hai3="74,24,76,104,90,16,116,48,14,79,105,119,51"/><T131/><D39/><U117/><E107/><V87/><F73/><W110/><G74/><T98/><D108/><U52/><E117/><V102/><F122/><W23/><G110/><T129/><D61/><U35/><E35/><V31/><F126/><N who="0" m="48138" /><D98/><U34/><E34/><V109/><F109/><W111/><G111/><T68/><D68/><U82/><E71/><V135/><F11/><N who="3" m="6239" /><G105/><T65/><D65/><U17/><E112/><V83/><F60/><W18/><G104/><T133/><D78/><N who="3" m="29737" /><G119/><T19/><D4/><U114/><E7/><V67/><F102/><W37/><G37/><T69/><D69/><U53/><E114/><V84/><F100/><W13/><G116/><T81/><D81/><U56/><E82/><V6/><F6/><W8/><G90/><T49/><D49/><U44/><E89/><V63/><F77/><W113/><G113/><T32/><D32/><U80/><E80/><V55/><F83/><W101/><G101/><T92/><D95/><U103/><E103/><V120/><F120/><W99/><G99/><T70/><D70/><U21/><E124/><V97/><F97/><W57/><G57/><T64/><D64/><U118/><E118/><V42/><F67/><W30/><AGARI ba="1,1" hai="8,13,18,23,24,30,48,51" m="29737,6239" machi="30" ten="30,8000,1" yaku="8,1,52,3,54,1" doraHai="75" who="3" fromWho="3" sc="169,-41,271,-21,363,-21,187,93" /><INIT seed="5,0,0,2,0,121" ten="128,250,342,280" oya="1" hai0="122,17,113,86,83,117,128,36,123,79,9,59,69" hai1="125,119,93,18,100,57,14,67,7,91,65,23,130" hai2="132,111,63,33,62,38,78,24,84,81,61,29,76" hai3="88,3,28,32,95,106,133,99,25,44,75,131,103"/><U77/><E119/><V104/><F104/><W51/><G3/><T110/><D69/><U0/><E130/><V114/><F38/><W21/><G131/><T126/><D36/><U8/><E125/><V1/><F1/><W73/><G32/><T13/><D128/><U6/><E100/><V68/><F68/><W27/><G27/><T15/><D117/><U22/><E7/><V92/><F76/><W80/><G80/><T87/><D126/><U108/><E77/><V20/><F33/><W54/><REACH who="3" step="1"/><G133/><REACH who="3" ten="128,250,342,270" step="2"/><T10/><D113/><U49/><E0/><V46/><F132/><W115/><G115/><T11/><D59/><U39/><E57/><V34/><F81/><W124/><G124/><T90/><D122/><U71/><E14/><V43/><F24/><W72/><G72/><T60/><D123/><U50/><E71/><V55/><F34/><W107/><G107/><T53/><D15/><U31/><E31/><V101/><F114/><W74/><G74/><T2/><D2/><U40/><E67/><V109/><F29/><W26/><G26/><T70/><D53/><U12/><E65/><V45/><F55/><W105/><G105/><T94/><D70/><U42/><E12/><V19/><F43/><W56/><G56/><T5/><D5/><U48/><E42/><V82/><F82/><W96/><AGARI ba="0,1" hai="21,25,28,44,51,54,73,75,88,95,96,99,103,106" machi="96" ten="20,8000,1" yaku="1,1,0,1,7,1,54,1,53,1" doraHai="121" doraHaiUra="41" who="3" fromWho="3" sc="128,-20,250,-40,342,-20,270,90" /><INIT seed="6,0,0,4,2,57" ten="108,210,322,360" oya="2" hai0="26,119,63,105,98,46,97,11,1,59,125,68,106" hai1="65,112,12,83,70,76,67,28,87,92,122,50,91" hai2="16,78,34,134,95,36,90,17,115,41,3,84,60" hai3="45,62,75,66,53,114,30,107,94,23,88,86,104"/><V102/><F3/><W24/><G75/><T7/><D125/><U131/><E112/><V48/><F36/><W35/><G114/><T109/><D109/><U49/><E131/><V31/><F115/><W121/><G121/><T118/><D68/><U27/><E122/><V58/><F134/><W37/><G35/><T38/><D26/><U33/><E12/><V14/><F78/><W124/><G124/><T123/><D123/><U74/><E70/><V120/><F120/><W71/><G53/><T81/><D98/><U69/><E69/><V64/><F102/><W20/><REACH who="3" step="1"/><G23/><REACH who="3" ten="108,210,322,350" step="2"/><T6/><D6/><U80/><E67/><V55/><F41/><AGARI ba="0,1" hai="20,24,30,37,41,45,62,66,71,86,88,94,104,107" machi="41" ten="40,8000,1" yaku="1,1,2,1,52,1,54,1,53,0" doraHai="57" doraHaiUra="113" who="3" fromWho="2" sc="108,0,210,0,322,-80,350,90" /><INIT seed="7,0,0,3,1,71" ten="108,210,242,440" oya="3" hai0="82,28,119,128,130,24,0,62,49,81,91,14,43" hai1="127,103,44,4,29,121,7,94,50,42,48,19,40" hai2="22,61,97,35,125,102,109,120,85,1,39,54,101" hai3="104,122,95,126,59,13,131,2,38,11,41,110,31"/><W23/><G104/><T98/><D0/><U96/><E127/><V9/><F35/><W89/><G2/><T67/><D119/><U135/><E135/><V10/><F39/><W93/><G93/><T124/><D124/><U99/><E121/><V87/><F109/><W106/><G106/><T37/><D49/><U65/><E29/><V114/><F22/><W92/><G92/><T25/><D14/><U60/><E99/><V70/><F70/><W18/><G59/><T33/><D91/><U17/><E17/><V90/><F85/><W47/><G122/><T108/><D108/><U118/><E19/><V84/><F84/><W68/><G68/><T5/><D5/><U69/><E118/><V134/><F1/><W56/><G56/><T46/><D82/><U80/><E80/><V105/><F101/><W73/><G73/><T88/><D88/><U58/><E69/><V53/><F120/><W129/><G110/><T51/><D81/><U3/><E3/><V30/><F90/><W79/><G79/><T117/><D117/><U78/><E78/><V57/><F87/><W15/><G126/><T36/><D98/><U26/><E26/><V75/><F75/><W77/><G77/><T132/><D132/><U115/><E115/><V63/><F114/><W45/><G45/><AGARI ba="0,0" hai="4,7,40,42,44,45,48,50,58,60,65,94,96,103" machi="45" ten="40,2600,0" yaku="9,1,8,1" doraHai="71" who="1" fromWho="3" sc="108,0,210,26,242,0,440,-26" owari="108,-39.2,236,-16.4,242,4.2,414,51.4" /></mjloggm>