<mjloggm ver="2.3"><GO type="169" lobby="0"/><UN n0="%E3%81%B1%E3%83%BC%E3%81%9B%E3%82%93%E3%81%A8%E4%BE%8D" n1="%69%77%61%69%77%61" n2="%E3%81%94%E3%82%8B%E3%81%A3" n3="%E5%9D%8A%E3%82%84%E3%81%A1%E3%81%A4" dan="18,17,17,16" rate="2207.77,2158.79,2208.79,2041.21" sx="M,M,M,M"/><TAIKYOKU oya="0"/><INIT seed="0,0,0,0,0,74" ten="250,250,250,250" oya="0" hai0="8,32,133,50,53,120,26,44,13,116,28,12,25" hai1="19,105,113,118,27,108,71,67,97,114,109,77,110" hai2="80,123,30,94,104,98,112,79,111,2,33,85,22" hai3="130,59,106,89,0,126,72,87,40,131,29,31,24"/><T95/><D116/><U76/><E118/><V38/><F123/><W15/><G0/><T45/><D120/><U86/><E86/><V41/><F112/><N who="1" m="43113" /><E67/><V4/><F33/><W3/><G3/><T127/><D127/><U36/><E36/><V42/><F111/><W51/><G106/><T43/><D133/><U58/><E71/><V55/><F104/><W119/><G72/><T115/><D115/><U35/><E58/><V69/><F69/><W99/><G99/><T121/><D121/><U66/><E66/><V7/><F2/><W37/><G37/><T81/><D26/><U122/><E122/><V107/><F107/><W54/><G40/><T11/><D95/><U96/><E96/><V23/><F41/><W68/><G68/><T6/><D81/><U62/><E62/><V78/><F42/><W16/><G126/><T18/><REACH who="0" step="1"/><D43/><REACH who="0" ten="240,250,250,250" step="2"/><U135/><E135/><V91/><F38/><W52/><G24/><T10/><D10/><U39/><E39/><V21/><F30/><W101/><G31/><T83/><D83/><U61/><E61/><V134/><F134/><W1/><G29/><T70/><D70/><U93/><E105/><V88/><F55/><W63/><G54/><T90/><D90/><N who="1" m="55479" /><E35/><V75/><F75/><W103/><G119/><T46/><AGARI ba="0,1" hai="6,8,11,12,13,18,25,28,32,44,45,46,50,53" machi="46" ten="20,3900,0" yaku="1,1,0,1,7,1,53,0" doraHai="74" doraHaiUra="84" who="0" fromWho="0" sc="240,49,250,-13,250,-13,250,-13" /><INIT seed="0,1,0,1,3,50" ten="289,237,237,237" oya="0" hai0="57,43,66,20,74,109,17,82,90,126,123,71,60" hai1="124,89,117,4,94,75,25,111,115,56,79,15,130" hai2="27,6,118,8,99,98,49,125,33,108,113,7,132" hai3="23,61,22,88,83,107,67,41,2,42,47,55,18"/><T69/><D123/><U45/><E117/><V39/><F113/><W121/><G107/><T112/><D112/><U104/><E115/><V93/><F39/><W9/><G121/><T36/><D126/><U63/><E104/><V101/><F118/><W76/><G76/><T54/><D109/><U86/><E130/><V53/><F108/><W35/><G35/><T133/><D133/><U40/><E124/><V51/><F51/><N who="3" m="29183" /><G2/><T95/><D82/><U72/><E111/><V34/><F7/><W85/><G9/><T13/><D74/><U1/><E1/><V110/><F132/><W24/><G23/><T131/><D131/><U52/><E79/><V120/><F120/><W105/><G105/><T46/><REACH who="0" step="1"/><D66/><REACH who="0" ten="279,237,237,237" step="2"/><U28/><E72/><V128/><F128/><W19/><G19/><T100/><D100/><U103/><E103/><V26/><F125/><W97/><G97/><AGARI ba="1,1" hai="13,17,20,36,43,46,54,57,60,69,71,90,95,97" machi="97" ten="30,5800,0" yaku="1,1,7,1,52,1,53,0" doraHai="50" doraHaiUra="29" who="0" fromWho="3" sc="279,71,237,0,237,0,237,-61" /><INIT seed="0,2,0,4,4,96" ten="350,237,237,176" oya="0" hai0="87,125,21,60,56,108,10,95,131,51,57,62,49" hai1="90,91,55,69,86,61,31,42,127,72,32,70,37" hai2="58,22,99,2,11,9,25,85,18,3,71,53,77" hai3="135,79,24,64,103,40,39,123,111,128,28,13,126"/><T93/><D125/><U8/><E72/><V120/><F71/><W106/><G111/><T43/><D108/><U114/><E127/><V73/><F73/><W81/><G13/><T16/><D131/><U17/><E31/><V27/><F120/><W84/><G135/><T0/><D10/><U46/><E32/><V104/><F27/><W97/><G128/><T48/><D43/><U98/><E55/><V35/><F35/><W44/><G126/><T110/><D0/><U113/><E98/><V118/><F118/><W30/><G123/><T78/><D110/><U102/><E102/><V122/><F122/><W101/><G101/><T29/><D29/><U105/><E105/><V121/><F121/><W100/><G100/><T68/><D68/><U5/><E61/><N who="0" m="23657" /><D78/><U88/><E17/><V4/><F9/><W6/><G64/><T134/><D134/><U54/><E54/><V130/><F130/><W119/><G119/><T33/><D33/><U117/><E117/><V47/><F104/><W26/><G6/><T38/><D38/><U52/><E52/><V112/><F112/><N who="1" m="43113" /><E86/><V19/><F19/><W115/><G115/><T109/><D87/><U129/><E129/><V132/><F132/><W59/><G30/><T1/><D1/><AGARI ba="2,0" hai="1,5,8,37,42,46,69,70,88,90,91" m="43113" machi="1" ten="30,2000,0" yaku="11,1,54,1" doraHai="96" who="1" fromWho="0" sc="350,-26,237,26,237,0,176,0" /><INIT seed="1,0,0,3,4,107" ten="324,263,237,176" oya="1" hai0="20,127,17,89,6,49,13,66,93,110,56,26,125" hai1="43,51,77,102,86,7,0,78,129,104,124,47,135" hai2="44,115,75,45,96,3,65,119,69,105,54,64,41" hai3="122,63,94,48,29,62,37,83,60,31,128,67,38"/><U111/><E124/><N who="0" m="47689" /><D110/><U22/><E129/><V33/><F119/><W126/><G126/><T117/><D117/><U134/><E111/><V120/><F120/><W23/><G128/><T34/><D6/><U132/><E86/><V130/><F130/><W27/><G122/><T90/><D93/><U10/><REACH who="1" step="1"/><E22/><REACH who="1" ten="324,253,237,176" step="2"/><V50/><F33/><W2/><G23/><T18/><D34/><U52/><E52/><V91/><F54/><W84/><G84/><T70/><D20/><U40/><E40/><V108/><F41/><W14/><G67/><T16/><D66/><U30/><E30/><V74/><F64/><W42/><G31/><T106/><D70/><U61/><E61/><V53/><F65/><W87/><G63/><T25/><D25/><U121/><E121/><V72/><F69/><W131/><G62/><T92/><D26/><U9/><E9/><V35/><F35/><W118/><G60/><T112/><D112/><U103/><E103/><V113/><F108/><W19/><G27/><T68/><D68/><U12/><E12/><V5/><F3/><W97/><G2/><T57/><D13/><U1/><E1/><V32/><F32/><W15/><G14/><T71/><D71/><U95/><E95/><N who="2" m="56447" /><F105/><W123/><G131/><T24/><D24/><U99/><AGARI ba="0,1" hai="0,7,10,43,47,51,77,78,99,102,104,132,134,135" machi="99" ten="40,12000,1" yaku="1,1,0,1,20,1,53,1" doraHai="107" doraHaiUra="39" who="1" fromWho="1" sc="324,-40,253,130,237,-40,176,-40" /><INIT seed="1,1,0,4,4,18" ten="284,383,197,136" oya="1" hai0="61,87,24,73,99,10,12,0,116,108,132,119,53" hai1="131,51,92,26,133,122,130,123,6,49,68,110,109" hai2="95,55,22,43,76,54,14,40,96,127,100,83,86" hai3="94,33,102,90,1,134,38,80,41,126,36,7,106"/><U57/><E6/><V16/><REACH who="2" step="1"/><F127/><REACH who="2" ten="284,383,187,136" step="2"/><W25/><G126/><T29/><D119/><U39/><E123/><V37/><F37/><W129/><G38/><T101/><D116/><U85/><E122/><V3/><F3/><W84/><G36/><T65/><D108/><U27/><E39/><V105/><F105/><W17/><G106/><T56/><D0/><U112/><E109/><V44/><F44/><W46/><G46/><T124/><D124/><U93/><E110/><V23/><F23/><W11/><G1/><T103/><D132/><U74/><E133/><V77/><F77/><W9/><G134/><T118/><D118/><U63/><E130/><V81/><F81/><W66/><G80/><T91/><D103/><U128/><E131/><V45/><F45/><W125/><G102/><T111/><D101/><U8/><E128/><V47/><F47/><W4/><G125/><T107/><D107/><U72/><E72/><V67/><F67/><W114/><G66/><T2/><D65/><U19/><E74/><V48/><F48/><W70/><G129/><T60/><D2/><U78/><E51/><V62/><F62/><W135/><G135/><T104/><D73/><U89/><E49/><V82/><F82/><W50/><G50/><T15/><D61/><U59/><E63/><V88/><F88/><W75/><G90/><T69/><D111/><U58/><E89/><V98/><F98/><W13/><G75/><T97/><D104/><U64/><E64/><V20/><F20/><W32/><G32/><N who="0" m="20519" /><D99/><U35/><E35/><V117/><F117/><W30/><G33/><RYUUKYOKU ba="1,1" sc="284,-10,383,-10,187,30,136,-10" hai2="14,16,22,40,43,54,55,76,83,86,95,96,100" /><INIT seed="2,2,1,4,4,114" ten="274,373,217,126" oya="2" hai0="19,130,55,88,7,73,84,128,81,115,38,22,119" hai1="82,68,118,121,116,14,49,31,40,112,122,109,56" hai2="33,120,17,90,57,126,69,107,104,77,87,12,46" hai3="20,129,0,133,75,134,86,95,16,58,99,36,102"/><V5/><F120/><N who="1" m="46185" /><E112/><V92/><F69/><W35/><G35/><T8/><D115/><U66/><E31/><V132/><F33/><W74/><G36/><T52/><D73/><U67/><E109/><V25/><F132/><N who="3" m="50795" /><G0/><N who="0" m="103" /><D38/><U123/><N who="1" m="46193" /><U110/><DORA hai="18" /><E110/><V3/><F126/><W97/><G129/><N who="0" m="49771" /><D119/><N who="1" m="45611" /><E68/><V59/><F77/><W91/><G58/><T26/><AGARI ba="2,1" hai="19,22,26,52,55,81,84,88" m="49771,103" machi="26" ten="30,7900,0" yaku="19,1,52,1,54,2" doraHai="114,18" who="0" fromWho="0" sc="274,95,373,-22,217,-41,126,-22" /><INIT seed="3,0,0,5,4,34" ten="369,351,176,104" oya="3" hai0="126,60,129,52,9,36,64,29,119,104,41,40,105" hai1="23,99,56,132,91,128,90,100,50,1,5,72,134" hai2="69,76,19,7,83,103,22,96,66,121,114,87,97" hai3="61,93,78,16,82,131,51,57,59,84,67,28,71"/><W109/><G109/><T63/><D29/><U44/><E72/><V27/><F114/><W115/><G115/><T98/><D119/><U118/><E118/><V33/><F121/><W75/><G131/><T88/><D36/><U39/><E39/><V13/><F96/><W45/><G28/><T55/><D9/><N who="1" m="2223" /><E23/><V53/><F53/><W58/><G93/><T117/><D98/><U35/><E56/><V3/><F66/><W77/><G16/><T46/><D64/><U74/><E74/><V127/><F69/><W26/><G26/><T80/><D46/><U125/><E35/><V133/><F133/><N who="1" m="51305" /><E125/><V30/><F127/><W4/><G4/><T124/><D80/><U130/><E90/><V49/><F49/><W95/><G95/><T24/><D88/><U48/><E91/><V12/><F12/><W135/><G135/><T116/><REACH who="0" step="1"/><D24/><REACH who="0" ten="359,351,176,104" step="2"/><U111/><E44/><V73/><F97/><W65/><G65/><T122/><D122/><U8/><E8/><N who="2" m="2175" /><F103/><W89/><REACH who="3" step="1"/><G75/><AGARI ba="0,1" hai="13,19,22,27,30,33,73,75,76,83,87" m="2175" machi="75" ten="30,2000,0" yaku="24,1,52,1" doraHai="34" who="2" fromWho="3" sc="359,0,351,0,176,30,104,-20" /><INIT seed="4,0,0,5,1,119" ten="359,351,206,84" oya="0" hai0="11,58,69,130,120,7,90,85,96,52,106,67,107" hai1="53,18,135,54,32,125,100,49,35,91,126,127,19" hai2="83,30,9,113,99,87,50,5,86,134,56,115,41" hai3="15,76,124,39,17,34,55,98,133,101,37,77,6"/><T61/><D120/><U24/><E135/><V13/><F134/><W51/><G133/><T116/><D130/><U118/><E118/><V123/><F30/><W81/><G124/><T40/><D40/><U10/><E100/><V65/><F99/><W2/><G34/><T20/><D20/><N who="1" m="13335" /><E54/><V117/><F117/><W45/><G6/><T59/><D96/><U92/><E19/><V131/><F131/><W122/><G2/><T57/><D116/><U80/><E80/><V21/><F21/><W8/><G122/><T28/><D28/><U95/><E95/><V70/><F70/><W114/><G114/><N who="2" m="43529" /><F87/><W42/><G81/><T27/><D27/><U48/><E10/><V132/><F65/><W23/><G8/><T60/><D107/><U102/><E102/><V1/><F132/><W89/><G89/><T97/><D106/><U105/><E105/><V29/><F29/><W88/><G39/><T75/><D97/><N who="1" m="57503" /><E48/><V71/><F71/><W110/><G110/><T44/><D44/><AGARI ba="0,0" hai="32,35,44,49,53,125,126,127" m="57503,13335" machi="44" ten="30,1000,0" yaku="18,1" doraHai="119" who="1" fromWho="0" sc="359,-10,351,10,206,0,84,0" /><INIT seed="5,0,0,2,3,8" ten="349,361,206,84" oya="1" hai0="7,30,130,110,5,104,50,94,92,116,61,119,105" hai1="112,101,10,63,60,27,87,42,96,86,38,135,58" hai2="1,64,12,36,53,15,109,70,23,48,90,98,9" hai3="31,117,24,17,95,126,29,59,81,102,106,107,67"/><U93/><E112/><V25/><F109/><W45/><G126/><T4/><D110/><U71/><E135/><V54/><F36/><W20/><G117/><T84/><D30/><U35/><E71/><V0/><F0/><W89/><G45/><T16/><D61/><U114/><E114/><V74/><F74/><W19/><G107/><T75/><D75/><U76/><E63/><V115/><F115/><W69/><G106/><T122/><D50/><U113/><E76/><V118/><F118/><W79/><G102/><T11/><D130/><U73/><E42/><V68/><F1/><W62/><G69/><T72/><D72/><U40/><E40/><V37/><F37/><W128/><G31/><T2/><D2/><U47/><E47/><V46/><F70/><W57/><G128/><T88/><D105/><U134/><E38/><V129/><F129/><W100/><G59/><T6/><D104/><U91/><E35/><V77/><F77/><W26/><G26/><T127/><D127/><U22/><E134/><V78/><F78/><W85/><REACH who="3" step="1"/><G79/><REACH who="3" ten="349,361,206,74" step="2"/><T28/><D28/><U132/><E113/><V41/><F68/><W43/><G43/><T83/><D119/><U125/><E125/><V32/><F41/><W120/><G120/><T56/><D122/><U3/><E73/><V51/><F25/><W133/><G133/><T65/><D56/><U111/><E132/><V14/><F46/><W66/><G66/><T80/><D65/><U124/><E124/><V82/><F64/><W123/><G123/><T52/><D116/><U131/><E131/><V39/><F53/><RYUUKYOKU ba="0,1" sc="349,-10,361,-10,206,-10,74,30" hai3="17,19,20,24,29,57,62,67,81,85,89,95,100" /><INIT seed="6,1,1,1,2,2" ten="339,351,196,104" oya="2" hai0="101,117,60,126,86,44,109,43,113,45,124,6,90" hai1="103,97,115,42,112,75,3,66,119,20,8,98,39" hai2="79,78,0,15,88,94,118,31,54,27,17,105,57" hai3="69,91,127,22,48,131,35,111,116,123,104,16,41"/><V107/><F0/><W36/><RYUUKYOKU type="yao9" ba="1,1" sc="339,0,351,0,196,0,104,0" hai3="16,22,35,36,41,48,69,91,104,111,116,123,127,131" /><INIT seed="6,2,1,4,0,128" ten="339,351,196,104" oya="2" hai0="73,10,113,45,130,66,97,53,106,14,34,0,81" hai1="123,85,122,91,55,92,103,89,11,93,134,23,118" hai2="108,6,22,39,8,18,95,68,56,1,2,101,83" hai3="43,27,57,67,50,19,102,100,17,37,36,90,49"/><V120/><F120/><W35/><G35/><T117/><D34/><U107/><E118/><V5/><F68/><W110/><G43/><T129/><D0/><U31/><E107/><V115/><F39/><W86/><G86/><T33/><D33/><U84/><E103/><V125/><F125/><W60/><G110/><T82/><D113/><U99/><E99/><V24/><F108/><W104/><G104/><T114/><D114/><U124/><E124/><V38/><F38/><W96/><G96/><T80/><D66/><U47/><E11/><V94/><F115/><W112/><G112/><T126/><D117/><U29/><E23/><V64/><F83/><W13/><G27/><T127/><D53/><U3/><E3/><V15/><F101/><W59/><G67/><T98/><D45/><U9/><E9/><V87/><F5/><W65/><G65/><T75/><D126/><U4/><E4/><V44/><F44/><W32/><G32/><T105/><D127/><U78/><E78/><V71/><F71/><W21/><G21/><T51/><D51/><U88/><E91/><V52/><F64/><W111/><G111/><T28/><D106/><U132/><E47/><V63/><REACH who="2" step="1"/><F95/><REACH who="2" ten="339,351,186,104" step="2"/><W135/><G60/><T12/><D105/><U72/><E55/><V77/><F77/><W61/><G61/><T69/><D69/><U42/><E42/><V20/><F20/><W62/><G62/><T26/><D10/><U119/><E119/><V16/><F16/><W131/><G17/><T58/><D81/><U76/><E76/><V79/><F79/><W48/><G19/><RYUUKYOKU ba="2,2" sc="339,-15,351,15,186,15,104,-15" hai1="29,31,72,84,85,88,89,92,93,122,123,132,134" hai2="1,2,6,8,15,18,22,24,52,56,63,87,94" /><INIT seed="6,3,2,4,2,96" ten="324,366,201,89" oya="2" hai0="126,9,50,12,49,78,102,134,132,0,80,95,68" hai1="54,121,74,135,30,53,71,43,93,65,37,18,15" hai2="32,60,105,73,59,106,52,90,99,124,10,82,87" hai3="27,98,28,40,131,41,70,113,79,86,63,123,130"/><V14/><F32/><W39/><G123/><T112/><D0/><U47/><E74/><V122/><F122/><W77/><G98/><N who="0" m="59743" /><D68/><U89/><E30/><V101/><F124/><W94/><G94/><T4/><D112/><U81/><E81/><V11/><F73/><W97/><G97/><T2/><D2/><U61/><E135/><N who="0" m="51753" /><D126/><U6/><E6/><V114/><F114/><W21/><G113/><T31/><D31/><U44/><E44/><V119/><F119/><W38/><G41/><T23/><D23/><U45/><E45/><V29/><F29/><W62/><G40/><T58/><D58/><U42/><E42/><V110/><F110/><W115/><G115/><T128/><D128/><N who="3" m="49193" /><G86/><AGARI ba="3,2" hai="4,9,12,49,50,78,80,86" m="51753,59743" machi="86" ten="30,2000,0" yaku="20,1,52,1" doraHai="96" who="0" fromWho="3" sc="324,49,366,0,201,0,89,-29" /><INIT seed="7,0,0,2,0,26" ten="373,366,201,60" oya="3" hai0="97,99,15,109,51,108,14,17,29,124,130,127,92" hai1="54,84,35,101,71,23,115,122,39,7,123,134,131" hai2="110,33,100,40,114,22,73,85,72,28,21,116,88" hai3="0,66,43,55,75,83,105,2,20,13,94,121,62"/><W45/><G121/><T107/><D29/><U19/><E35/><V63/><F110/><W128/><G105/><T80/><D130/><U38/><E71/><V77/><F33/><W11/><G128/><T36/><D36/><U118/><E131/><V52/><F116/><W44/><G55/><T79/><D15/><U125/><E7/><V76/><F72/><W37/><G45/><T64/><D51/><U5/><E5/><V25/><F73/><W53/><G53/><T42/><D64/><U56/><E101/><V9/><F100/><W65/><G65/><T106/><D42/><U16/><E19/><V112/><F9/><W8/><G20/><N who="0" m="11319" /><D99/><U104/><E104/><N who="0" m="39977" /><D80/><U96/><E96/><V68/><F68/><W87/><G94/><T67/><D79/><U81/><E39/><V117/><F40/><W133/><G75/><T74/><D67/><U102/><E102/><V31/><F117/><W111/><G111/><T82/><D82/><U120/><E38/><V61/><F61/><W113/><G113/><N who="2" m="43625" /><F31/><W95/><G95/><T24/><D24/><N who="1" m="14439" /><E118/><V46/><F21/><W18/><G11/><T60/><D74/><U49/><E115/><V47/><F47/><W57/><REACH who="3" step="1"/><G133/><REACH who="3" ten="373,366,201,50" step="2"/><T132/><D132/><U70/><E134/><V34/><F46/><W4/><G4/><T89/><D60/><U78/><E122/><V129/><F129/><W50/><G50/><T3/><D109/><U27/><E120/><V69/><F22/><W41/><G41/><T86/><D108/><U30/><E123/><V6/><F6/><W103/><G103/><N who="0" m="60839" /><D3/><U91/><E54/><RYUUKYOKU ba="0,1" sc="373,15,366,-15,201,-15,50,15" hai0="86,89,124,127" hai3="0,2,8,13,18,37,43,44,57,62,66,83,87" /><INIT seed="7,1,1,1,0,133" ten="388,351,186,65" oya="3" hai0="46,84,89,122,98,64,54,42,127,40,34,6,81" hai1="128,24,93,12,72,131,69,120,2,86,121,114,56" hai2="7,78,68,8,108,28,111,32,80,23,25,52,95" hai3="82,21,94,126,47,55,33,63,13,85,74,75,26"/><W117/><G117/><T44/><D34/><U129/><E69/><V97/><F68/><W96/><G33/><T22/><D127/><U4/><E72/><V67/><F67/><W119/><G119/><T77/><D64/><U106/><E106/><V29/><F29/><W66/><G13/><T87/><D98/><U62/><E86/><V36/><F36/><W112/><G112/><T38/><D6/><U124/><E93/><V45/><F32/><W71/><G126/><T49/><D22/><U43/><E43/><N who="0" m="16425" /><D38/><U100/><E100/><V15/><F45/><W90/><G47/><N who="0" m="27967" /><D122/><U83/><E124/><V116/><F52/><W73/><G55/><T58/><D58/><U1/><E24/><V9/><F9/><W125/><G125/><T18/><D18/><U103/><E103/><V31/><F31/><W11/><G11/><T70/><D70/><U53/><E114/><V16/><F28/><W37/><G37/><T50/><D50/><U134/><E4/><V41/><F41/><W101/><REACH who="3" step="1"/><G75/><REACH who="3" ten="388,351,186,55" step="2"/><T5/><D5/><U135/><E12/><V61/><F116/><W17/><AGARI ba="1,2" hai="17,21,26,63,66,71,73,74,82,85,90,94,96,101" machi="17" ten="20,18000,2" yaku="1,1,2,1,0,1,7,1,53,2" doraHai="133" doraHaiUra="105" who="3" fromWho="3" sc="388,-61,351,-61,186,-61,55,203" /><INIT seed="7,2,0,4,1,34" ten="327,290,125,258" oya="3" hai0="86,120,8,125,5,112,38,103,79,132,23,91,82" hai1="24,72,54,115,21,70,108,3,22,110,107,116,90" hai2="61,50,104,109,18,65,7,28,131,96,35,26,111" hai3="63,114,32,29,133,30,134,19,73,129,48,80,117"/><W69/><G117/><T98/><D38/><U60/><E107/><V2/><F50/><W122/><G122/><T14/><D125/><U127/><E72/><V20/><F131/><W44/><G114/><T1/><D132/><U56/><E127/><V13/><F96/><W94/><G129/><T0/><D120/><U118/><E115/><V101/><F101/><W31/><G32/><T52/><D112/><U42/><E70/><V39/><F39/><W46/><G94/><T74/><D52/><U58/><E42/><V67/><F104/><W81/><G19/><T49/><D49/><U75/><E75/><V27/><F67/><W84/><G73/><T17/><D79/><U53/><E3/><V76/><F76/><W123/><G123/><T128/><D74/><U47/><E90/><V59/><REACH who="2" step="1"/><F26/><REACH who="2" ten="327,290,115,258" step="2"/><W36/><G36/><T45/><D98/><U100/><E100/><V25/><F25/><W121/><G121/><T95/><D103/><U106/><E24/><V41/><F41/><W64/><G48/><T113/><D128/><U33/><E106/><V119/><F119/><W37/><G37/><T97/><D113/><U92/><E116/><V51/><F51/><W102/><G102/><T57/><D97/><U126/><E118/><V62/><F62/><W105/><G105/><T130/><D130/><U4/><E60/><V12/><F12/><W71/><G63/><T16/><D14/><U99/><E99/><V6/><F6/><W87/><G64/><T40/><D40/><U66/><E66/><V83/><F83/><W11/><G81/><T9/><D82/><RYUUKYOKU ba="2,1" sc="327,-10,290,-10,115,30,258,-10" hai2="2,7,13,18,20,27,28,35,59,61,65,109,111" owari="327,42.7,280,8.0,145,-35.5,248,-15.2" /></mjloggm>