<mjloggm ver="2.3"><GO type="169" lobby="0"/><UN n0="%E3%81%8A%E3%81%AF%44%E3%83%9D%E3%83%86%E3%83%88" n1="%48%45%52%4F%2D%50%4F%4E" n2="%E3%81%93%E3%82%8C%E3%81%8C%E3%81%B5%E3%81%95%E3%81%B5%E3%81%95" n3="%E5%85%94%E6%96%AF%E5%9F%BA" dan="17,16,16,16" rate="2170.74,2128.62,2133.82,2170.74" sx="F,M,M,M"/><TAIKYOKU oya="0"/><INIT seed="0,0,0,3,0,44" ten="250,250,250,250" oya="0" hai0="116,103,73,90,118,68,95,76,7,88,75,79,17" hai1="78,16,22,74,59,112,62,127,21,5,129,42,8" hai2="25,9,12,28,48,10,43,132,86,50,0,61,40" hai3="19,24,38,54,107,121,91,113,98,39,114,115,14"/><T100/><D68/><U108/><E108/><V104/><F104/><W3/><G3/><T133/><D7/><U27/><E129/><V122/><F122/><W110/><G110/><T2/><D2/><U15/><E127/><V41/><F132/><W34/><G121/><T47/><D47/><U57/><E112/><V66/><F0/><W56/><G24/><T77/><D17/><U46/><E74/><N who="0" m="28169" /><D133/><U29/><E78/><V82/><F86/><W45/><G34/><T124/><D124/><U99/><E99/><V117/><F82/><W37/><G45/><T97/><D90/><U18/><E62/><V26/><F117/><AGARI ba="0,0" hai="76,77,79,88,95,97,100,103,116,117,118" m="28169" machi="117" ten="40,7700,0" yaku="34,2,54,1" doraHai="44" who="0" fromWho="2" sc="250,77,250,0,250,-77,250,0" /><INIT seed="0,1,0,2,4,34" ten="327,250,173,250" oya="0" hai0="105,37,11,61,0,56,43,52,120,135,68,77,75" hai1="91,20,95,4,113,108,33,74,49,118,57,66,6" hai2="132,7,125,123,122,85,59,97,83,96,94,8,40" hai3="87,72,78,100,112,32,51,18,70,47,38,131,30"/><T104/><D120/><U106/><E118/><V36/><F132/><W115/><G70/><T63/><D135/><U80/><E33/><V12/><F125/><W5/><G131/><T22/><D22/><U44/><E106/><V26/><F40/><N who="3" m="22935" /><G18/><T21/><D21/><U111/><E113/><V39/><F36/><W60/><G60/><T84/><D84/><U92/><E20/><V54/><F39/><W55/><G100/><T71/><D71/><U29/><E29/><V45/><F45/><W121/><G87/><T16/><D43/><U82/><E57/><V127/><F26/><N who="3" m="18519" /><G51/><T41/><D63/><U64/><E66/><V73/><F73/><W17/><G17/><T69/><D69/><U103/><E64/><V13/><F13/><W27/><G55/><T117/><D68/><U86/><E103/><V128/><F128/><W2/><G27/><T93/><D93/><N who="1" m="35915" /><E80/><V58/><F58/><W102/><G102/><T24/><D24/><U101/><E101/><V1/><F97/><W90/><G90/><T89/><D89/><U65/><E65/><V126/><F96/><W79/><G121/><T50/><D37/><U9/><E74/><V15/><F94/><W19/><G19/><T134/><D75/><U119/><E119/><V81/><F122/><W76/><G72/><T107/><D107/><U124/><E124/><N who="2" m="47659" /><F123/><W3/><G3/><T116/><D104/><U130/><E130/><V109/><F1/><W67/><G67/><T53/><D105/><U31/><E82/><V110/><F83/><W48/><G48/><N who="0" m="30727" /><D116/><U98/><E98/><V35/><F81/><RYUUKYOKU ba="1,0" sc="327,-10,250,-10,173,-10,250,30" hai3="2,5,76,78,79,112,115" /><INIT seed="1,2,0,3,1,80" ten="317,240,163,280" oya="1" hai0="115,54,99,134,36,6,121,95,33,18,131,57,113" hai1="39,125,12,62,135,25,123,17,117,21,13,15,4" hai2="87,52,120,38,44,124,79,50,98,118,103,35,77" hai3="100,83,94,74,73,27,24,0,128,104,19,37,14"/><U70/><E117/><V89/><F118/><W92/><G0/><T127/><D36/><U111/><E123/><V47/><F120/><W108/><G37/><T97/><D121/><U55/><E125/><V82/><F35/><W10/><G104/><T101/><D127/><U45/><E135/><V66/><F124/><W51/><G108/><T91/><D134/><U110/><E4/><V32/><F32/><W40/><G74/><T107/><D131/><U72/><E72/><V42/><REACH who="2" step="1"/><F66/><REACH who="2" ten="317,240,153,280" step="2"/><W133/><G133/><T119/><D33/><U122/><E122/><V109/><F109/><N who="1" m="41481" /><E39/><V112/><F112/><W61/><G128/><T102/><D119/><U41/><E41/><V126/><F126/><W86/><G40/><T46/><D113/><U11/><E11/><V84/><F84/><W22/><G86/><T5/><D115/><U96/><E96/><V43/><F43/><W78/><G10/><T3/><D99/><U60/><E70/><V8/><F8/><W30/><G73/><T93/><D97/><U106/><E106/><AGARI ba="2,1" hai="38,42,44,47,50,52,77,79,82,87,89,98,103,106" machi="106" ten="30,8000,1" yaku="1,1,7,1,52,1,54,1,53,1" doraHai="80" doraHaiUra="48" who="2" fromWho="1" sc="317,0,240,-86,153,96,280,0" /><INIT seed="2,0,0,0,2,59" ten="317,154,249,280" oya="2" hai0="130,114,23,115,129,29,48,30,70,53,73,94,63" hai1="7,60,126,80,107,31,32,26,4,111,89,52,71" hai2="44,97,85,24,95,12,14,13,39,100,10,64,101" hai3="58,131,43,36,120,86,123,2,124,133,15,1,67"/><V119/><F119/><W132/><G86/><T74/><D94/><U28/><E111/><V66/><F101/><W92/><G92/><T45/><D74/><U62/><E107/><V82/><F10/><W77/><G77/><T118/><D73/><U18/><E126/><V105/><F105/><W9/><G36/><T110/><D23/><U75/><E31/><V6/><F6/><W109/><G43/><T37/><D29/><U76/><E18/><V83/><F83/><W96/><G96/><T19/><D19/><U98/><E89/><V42/><REACH who="2" step="1"/><F24/><REACH who="2" ten="317,154,239,280" step="2"/><W20/><G9/><T106/><D106/><U90/><E90/><AGARI ba="0,1" hai="12,13,14,39,42,44,64,66,82,85,90,95,97,100" machi="90" ten="40,12000,1" yaku="1,1,2,1,53,2" doraHai="59" doraHaiUra="61" who="2" fromWho="1" sc="317,0,154,-120,239,130,280,0" /><INIT seed="2,1,0,2,5,130" ten="317,34,369,280" oya="2" hai0="52,9,58,6,75,23,69,114,8,94,84,76,4" hai1="11,78,57,87,5,42,18,47,80,34,99,117,132" hai2="31,30,45,121,25,20,67,63,135,118,64,124,10" hai3="86,1,39,98,3,35,92,73,129,106,14,125,2"/><V112/><F112/><W97/><G35/><T24/><D69/><U33/><E117/><V77/><F121/><W71/><G39/><T101/><D75/><U38/><E18/><V89/><F118/><W96/><G71/><T83/><D114/><U37/><E37/><V122/><F122/><W68/><G68/><T50/><D9/><U46/><E46/><V115/><F115/><W21/><G73/><T51/><D51/><U53/><E99/><V70/><F124/><W26/><G14/><T119/><D119/><U27/><E27/><V56/><F77/><W93/><G129/><T104/><D104/><U22/><E22/><V103/><F103/><W66/><G66/><T109/><D109/><U91/><E91/><V41/><F31/><W120/><G120/><T62/><D50/><U126/><E126/><V131/><F131/><W13/><G13/><T108/><D108/><U40/><E40/><V116/><F116/><W133/><G106/><T111/><D111/><U36/><E36/><V60/><F89/><W127/><G127/><T113/><D113/><U19/><E19/><V7/><F45/><W95/><G86/><T54/><D54/><U79/><E79/><V59/><F41/><W65/><G65/><T72/><D8/><U61/><REACH who="1" step="1"/><E132/><REACH who="1" ten="317,24,369,280" step="2"/><V134/><F70/><W107/><G125/><T49/><D23/><U100/><E100/><V0/><AGARI ba="1,1" hai="0,7,10,20,25,30,56,59,60,63,64,67,134,135" machi="0" ten="30,11700,0" yaku="0,1,9,1,52,2" doraHai="130" who="2" fromWho="2" sc="317,-40,24,-40,369,130,280,-40" owari="277,7.7,-16,-51.6,499,59.9,240,-16.0" /></mjloggm>