<mjloggm ver="2.3"><GO type="169" lobby="0"/><UN n0="%41%6E%73%6F%6E%4C%61%6D" n1="%E4%BE%8D" n2="%E3%81%8F%E3%81%8E%E3%82%85%E3%81%86%E3%81%86%E3%81%86%E3%81%86" n3="%52%4F%59%5F%54" dan="16,18,18,16" rate="2103.27,2248.42,2271.01,2042.54" sx="M,M,M,M"/><TAIKYOKU oya="0"/><INIT seed="0,0,0,1,4,58" ten="250,250,250,250" oya="0" hai0="82,112,125,39,16,21,80,56,90,108,113,66,74" hai1="69,30,130,2,121,120,115,37,22,62,131,31,25" hai2="57,127,52,68,76,38,129,109,32,55,34,98,97" hai3="71,27,79,12,77,104,81,85,94,117,4,100,64"/><T59/><D125/><U20/><E37/><V44/><F127/><W126/><G126/><T75/><D108/><U99/><E99/><V101/><F109/><W107/><G117/><T114/><D39/><U73/><E73/><V47/><F129/><N who="1" m="49161" /><E2/><V28/><F68/><W84/><G27/><T86/><D82/><U88/><E88/><V92/><F76/><N who="3" m="46119" /><G64/><T11/><D11/><U95/><E95/><V106/><F28/><N who="1" m="10793" /><E115/><V135/><F38/><W122/><G71/><T128/><D128/><U72/><E72/><V110/><F110/><W53/><G94/><T67/><D67/><N who="1" m="41207" /><E20/><V33/><F106/><W96/><G107/><T134/><D134/><U13/><E13/><V93/><F135/><W1/><G12/><T102/><D102/><U50/><E50/><V119/><F119/><W17/><G77/><T6/><D6/><U26/><E26/><V70/><F70/><W78/><G78/><T111/><D111/><U118/><E118/><V23/><F23/><W83/><G1/><T36/><D36/><U19/><AGARI ba="0,0" hai="19,22,25,120,121" m="41207,10793,49161" machi="19" ten="30,2000,0" yaku="19,1,52,1" doraHai="58" who="1" fromWho="1" sc="250,-10,250,20,250,-5,250,-5" /><INIT seed="1,0,0,5,4,121" ten="240,270,245,245" oya="1" hai0="109,102,50,12,46,80,22,60,104,20,61,4,103" hai1="95,98,37,82,93,85,10,89,39,107,124,59,88" hai2="125,40,113,131,71,79,44,116,54,25,58,34,91" hai3="97,9,86,106,5,72,76,135,43,1,48,19,99"/><U120/><E120/><V133/><F79/><W36/><G135/><T127/><D127/><U18/><E124/><V57/><F125/><W108/><G86/><T0/><D0/><U78/><E107/><V32/><F116/><W132/><G132/><T114/><D114/><U83/><E83/><V77/><F71/><W31/><G48/><T64/><D109/><U3/><E59/><V65/><F77/><W110/><G31/><T105/><D105/><U38/><E18/><V33/><F91/><W55/><G55/><T96/><D103/><U84/><REACH who="1" step="1"/><E38/><REACH who="1" ten="240,260,245,245" step="2"/><V27/><F57/><W129/><G19/><T6/><D80/><U13/><E13/><V111/><F58/><W130/><G106/><T17/><D104/><U74/><E74/><V45/><F133/><W14/><G14/><T92/><D12/><U52/><E52/><V28/><F54/><W70/><G70/><T8/><D17/><U7/><AGARI ba="0,1" hai="3,7,10,37,39,78,82,84,85,88,89,93,95,98" machi="7" ten="30,6000,0" yaku="1,1,0,1,54,1,53,0" doraHai="121" doraHaiUra="47" who="1" fromWho="1" sc="240,-20,260,70,245,-20,245,-20" /><INIT seed="1,1,0,0,3,26" ten="220,330,225,225" oya="1" hai0="52,15,63,46,65,43,91,61,87,82,107,45,50" hai1="115,44,121,12,73,4,27,93,110,131,53,19,2" hai2="126,8,116,102,70,58,129,98,37,29,3,41,18" hai3="127,96,124,122,30,83,123,32,55,75,106,119,6"/><U132/><E73/><V17/><F116/><W59/><G6/><T100/><D100/><U114/><E93/><V71/><F129/><W109/><G119/><T1/><D107/><U56/><E121/><V99/><F126/><N who="3" m="48171" /><G109/><T11/><D1/><U57/><E44/><V108/><F108/><W113/><G113/><T28/><D28/><U68/><E68/><V20/><F41/><W101/><G75/><T97/><D97/><U118/><E118/><V103/><F58/><W14/><G14/><T112/><D65/><U85/><E110/><V105/><F37/><W74/><G74/><T76/><D112/><U133/><E57/><V89/><F89/><W135/><G83/><T22/><D22/><N who="1" m="13791" /><E2/><V5/><F71/><W13/><G13/><T104/><D104/><U80/><E12/><V66/><F70/><W130/><G130/><T128/><D128/><U34/><E34/><V125/><F125/><W0/><G0/><T38/><REACH who="0" step="1"/><D76/><REACH who="0" ten="210,330,225,225" step="2"/><N who="1" m="46215" /><E131/><V31/><F66/><W35/><G35/><T54/><D54/><U134/><E4/><AGARI ba="1,1" hai="4,11,15,38,43,45,46,50,52,61,63,82,87,91" machi="4" ten="30,7700,0" yaku="1,1,7,1,54,1,53,1" doraHai="26" doraHaiUra="36" who="0" fromWho="1" sc="210,90,330,-80,225,0,225,0" /><INIT seed="2,0,0,4,4,130" ten="300,250,225,225" oya="2" hai0="108,115,131,104,114,61,116,91,134,3,43,84,8" hai1="42,1,14,93,76,19,46,124,33,80,66,78,92" hai2="79,41,129,22,16,83,119,10,34,4,29,81,59" hai3="99,101,120,9,23,132,128,117,70,71,113,53,110"/><V17/><F119/><W56/><G117/><T89/><D116/><U73/><E33/><V112/><F112/><W24/><G113/><T28/><D108/><U123/><E1/><V38/><F129/><W65/><G120/><T98/><D131/><U95/><E124/><V67/><F83/><W127/><G110/><T97/><D134/><U86/><E123/><V13/><F34/><W82/><G128/><T2/><D43/><U20/><E66/><V39/><F29/><W50/><G127/><T47/><D28/><U32/><E32/><V106/><F106/><W111/><G111/><T12/><D104/><U52/><E52/><V87/><F17/><W21/><G65/><T0/><D47/><U55/><E55/><V64/><F39/><W94/><G23/><T133/><D61/><U6/><E6/><V107/><F107/><W49/><G132/><T25/><D133/><U54/><E54/><V18/><F18/><W36/><G36/><T51/><D51/><N who="1" m="27095" /><E73/><V7/><F7/><W5/><G50/><T122/><D122/><U125/><E125/><V118/><F118/><W105/><G105/><T100/><D25/><U74/><E74/><V31/><F59/><W75/><G75/><T40/><D40/><U126/><E126/><V77/><F41/><W45/><G56/><T85/><D115/><U35/><E35/><V60/><F38/><W69/><G82/><N who="0" m="49303" /><D114/><U62/><E62/><V121/><F121/><W90/><G101/><T48/><D100/><U63/><E63/><V57/><F67/><W103/><G103/><T96/><D48/><U135/><E135/><RYUUKYOKU ba="0,0" sc="300,-10,250,30,225,-10,225,-10" hai1="14,19,20,76,78,80,86,92,93,95" /><INIT seed="3,1,0,0,3,79" ten="290,280,215,215" oya="3" hai0="131,28,62,8,12,93,27,107,128,7,9,39,78" hai1="130,80,34,125,99,111,113,0,82,103,83,121,101" hai2="127,17,22,135,59,19,73,14,18,36,16,87,84" hai3="57,38,49,5,108,60,41,74,112,30,126,46,116"/><W10/><G112/><T56/><D107/><U43/><E0/><V119/><F119/><W42/><G116/><T124/><D124/><U70/><E34/><V102/><F127/><W52/><G126/><T120/><D120/><U91/><E125/><V1/><F1/><W97/><G108/><T48/><D39/><U114/><E70/><V129/><F36/><W66/><G30/><T68/><D9/><U71/><E71/><V25/><F135/><W123/><G123/><T94/><D78/><U29/><E29/><V50/><F73/><W95/><G74/><T86/><D68/><U117/><E43/><V23/><F129/><N who="0" m="49738" /><D86/><N who="2" m="32810" /><F102/><N who="1" m="38921" /><E130/><V58/><F50/><W3/><REACH who="3" step="1"/><G38/><REACH who="3" ten="290,280,215,205" step="2"/><T20/><D48/><U26/><E117/><V81/><F81/><W63/><G63/><T105/><D105/><U110/><E121/><V76/><F76/><W133/><G133/><T35/><D35/><U13/><E114/><V96/><F23/><W44/><G44/><T72/><D72/><U89/><E113/><V15/><F22/><W104/><G104/><T55/><AGARI ba="1,1" hai="7,8,12,20,27,28,55,56,62,93,94" m="49738" machi="55" ten="30,1100,0" yaku="19,1" doraHai="79" who="0" fromWho="0" sc="290,24,280,-4,215,-4,205,-6" /><INIT seed="4,0,0,0,5,105" ten="314,276,211,199" oya="0" hai0="32,103,11,70,44,98,45,94,78,88,99,26,109" hai1="4,71,43,33,0,97,93,68,23,134,101,118,36" hai2="92,110,27,20,115,55,63,21,46,28,81,56,82" hai3="124,29,59,40,15,61,131,127,107,19,73,91,100"/><T120/><D120/><U1/><E118/><V79/><F110/><W74/><G131/><T132/><D109/><U114/><E33/><V102/><F115/><W7/><G29/><T5/><D132/><U18/><E134/><V111/><F111/><W37/><G7/><T125/><D70/><U48/><E36/><V30/><F46/><N who="3" m="23823" /><G91/><T66/><D66/><U77/><E114/><V122/><F122/><W83/><G83/><T64/><D125/><N who="3" m="48201" /><G100/><T67/><D78/><U47/><E77/><V104/><F104/><W58/><G107/><T39/><D32/><U108/><E108/><V50/><F79/><W52/><G59/><T121/><D26/><U130/><E71/><V117/><F28/><W3/><G3/><T129/><D129/><U106/><E130/><V42/><F102/><W72/><G72/><T53/><D45/><U51/><E68/><V31/><F92/><W113/><G113/><T96/><D121/><U62/><E106/><V38/><F81/><W76/><G76/><T85/><D103/><U13/><E4/><V34/><F82/><W41/><G41/><T8/><D39/><N who="1" m="22015" /><E0/><V17/><F38/><W65/><G65/><N who="0" m="25163" /><D5/><U24/><E24/><N who="2" m="16655" /><F42/><W119/><G119/><T135/><D135/><U133/><E1/><V49/><F117/><W112/><G112/><T35/><D35/><U10/><E133/><V14/><F34/><W116/><G116/><T12/><D12/><U25/><E25/><V126/><F126/><W6/><G6/><T75/><D75/><U69/><E23/><AGARI ba="0,0" hai="15,19,23,52,58,61,73,74" m="48201,23823" machi="23" ten="30,7700,0" yaku="18,1,52,2,54,1" doraHai="105" who="3" fromWho="1" sc="314,0,276,-77,211,0,199,77" /><INIT seed="5,0,0,5,0,103" ten="314,199,211,276" oya="1" hai0="40,121,23,96,120,71,114,2,78,104,52,128,63" hai1="22,21,9,66,123,97,16,58,54,72,31,117,98" hai2="118,30,81,3,27,124,41,94,111,100,83,73,79" hai3="129,134,42,5,93,116,13,47,15,125,69,95,44"/><U25/><E117/><V115/><F118/><W14/><G69/><T77/><D114/><U122/><E72/><V65/><F111/><W67/><G116/><T126/><D126/><U8/><E66/><V105/><F124/><W131/><G125/><T130/><D40/><U119/><E119/><V11/><F41/><W107/><G67/><T53/><D2/><U45/><E45/><N who="3" m="17482" /><G42/><T101/><D23/><U110/><E110/><V133/><F133/><W46/><G46/><T10/><D10/><N who="1" m="4203" /><E123/><N who="0" m="47177" /><D71/><U19/><E122/><V56/><F115/><W76/><G76/><N who="0" m="29291" /><D63/><N who="1" m="36311" /><E19/><V39/><F39/><W32/><G32/><T37/><D37/><U59/><E59/><V109/><F109/><W49/><G49/><T55/><AGARI ba="0,0" hai="52,53,55,96,101,104,128,130" m="29291,47177" machi="55" ten="40,5200,0" yaku="13,1,52,1,54,1" doraHai="103" who="0" fromWho="0" sc="314,52,199,-26,211,-13,276,-13" /><INIT seed="6,0,0,0,0,17" ten="366,173,198,263" oya="2" hai0="6,110,36,124,134,109,37,50,121,7,12,48,120" hai1="27,133,131,69,58,88,115,53,103,118,45,100,97" hai2="26,73,70,15,11,2,1,33,122,119,82,24,135" hai3="85,89,10,60,4,72,52,47,67,22,75,71,78"/><V132/><F70/><W23/><G78/><T99/><D12/><U68/><E118/><V116/><F73/><W96/><G96/><T28/><D99/><U105/><E115/><V18/><F82/><W59/><G75/><T34/><D28/><U92/><E131/><V16/><F122/><W111/><G111/><T14/><D14/><U102/><E105/><V55/><F55/><W39/><G39/><T41/><D41/><U117/><E117/><N who="2" m="45131" /><F26/><W46/><G72/><T83/><D83/><U49/><E133/><N who="2" m="51275" /><F18/><W25/><G25/><T107/><D134/><U95/><E95/><V66/><F66/><W91/><G47/><T9/><D124/><U35/><REACH who="1" step="1"/><E45/><REACH who="1" ten="366,163,198,263" step="2"/><V5/><F5/><W129/><G46/><T0/><D107/><U54/><E54/><V62/><F62/><W3/><G129/><T79/><D110/><U19/><E19/><V31/><AGARI ba="0,1" hai="1,2,11,15,16,24,31,33" m="51275,45131" machi="31" ten="40,12000,1" yaku="20,1,34,2,54,1" doraHai="17" who="2" fromWho="2" sc="366,-40,163,-40,198,130,263,-40" /><INIT seed="6,1,0,2,3,31" ten="326,123,328,223" oya="2" hai0="49,45,46,51,19,76,16,52,38,1,135,104,33" hai1="39,83,134,41,27,98,132,105,72,77,129,82,92" hai2="101,118,42,2,53,103,107,61,65,67,110,48,113" hai3="5,122,124,127,111,10,58,78,26,97,75,34,36"/><V15/><F118/><W12/><G111/><T126/><D135/><N who="1" m="51755" /><E41/><V95/><F2/><W9/><G36/><T30/><D1/><U84/><E39/><V90/><F113/><W116/><G116/><T117/><D126/><U130/><E27/><V13/><F67/><W87/><G122/><T85/><D104/><U25/><E25/><V17/><F13/><W44/><G75/><T35/><D117/><U106/><E92/><V91/><F42/><W94/><G10/><T121/><D121/><U115/><E115/><V20/><F107/><N who="1" m="40969" /><E98/><V54/><F95/><W114/><G114/><T102/><D38/><U66/><E66/><V109/><F65/><W119/><G94/><T37/><D37/><U79/><AGARI ba="1,0" hai="72,77,79,82,83,84,129,130" m="40969,51755" machi="79" ten="40,5200,0" yaku="20,1,34,2" doraHai="31" who="1" fromWho="1" sc="326,-14,123,55,328,-27,223,-14" /><INIT seed="7,0,0,3,4,9" ten="312,178,301,209" oya="3" hai0="5,86,8,23,121,117,118,126,108,89,19,74,102" hai1="16,20,11,109,63,80,57,64,76,94,54,12,129" hai2="66,99,62,40,87,112,60,106,134,29,120,7,90" hai3="84,110,69,75,81,96,24,42,115,103,111,56,3"/><W127/><G69/><T123/><D108/><N who="3" m="41513" /><G3/><T125/><D102/><U95/><E109/><V61/><F112/><W18/><G115/><T41/><D74/><U101/><E129/><V100/><F134/><W37/><G75/><T98/><D41/><U128/><E128/><V4/><F120/><W72/><G72/><T26/><D98/><U27/><E101/><V48/><F29/><W17/><G127/><N who="0" m="48651" /><D123/><U38/><E38/><V71/><F4/><W65/><G24/><T113/><D113/><U133/><E133/><V32/><F32/><W25/><G25/><T85/><D121/><U45/><E45/><V78/><F78/><N who="3" m="46135" /><G42/><T33/><D33/><U22/><E64/><V2/><F2/><W13/><G37/><T105/><D105/><U83/><E22/><V39/><F7/><W104/><G13/><N who="0" m="5263" /><D86/><N who="1" m="48391" /><E83/><AGARI ba="0,0" hai="19,23,26,83,85,89,117,118" m="5263,48651" machi="83" ten="30,2000,0" yaku="18,1,52,1" doraHai="9" who="0" fromWho="1" sc="312,20,178,-20,301,0,209,0" owari="332,43.2,158,-34.2,301,10.1,209,-19.1" /></mjloggm>