<mjloggm ver="2.3"><GO type="169" lobby="0"/><UN n0="%E3%82%A2%E3%82%AB%E3%82%AE%E3%82%B7%E3%82%B2%E3%83%A9%E3%83%8A%E3%82%A4" n1="%74%61%6B%61%74%6F%72%69" n2="%E3%82%8A%E3%82%93%E3%81%94%32%32%36" n3="%E3%81%82%E3%81%84%E3%81%A0%E3%81%A6" dan="16,16,16,17" rate="2041.54,2047.69,2147.72,2172.71" sx="M,M,M,M"/><TAIKYOKU oya="0"/><INIT seed="0,0,0,0,1,63" ten="250,250,250,250" oya="0" hai0="30,75,68,100,65,3,119,102,107,79,35,59,133" hai1="10,34,25,99,73,13,20,90,101,130,131,106,71" hai2="39,0,117,48,135,105,27,1,50,38,111,11,7" hai3="120,125,47,87,103,52,49,76,93,42,88,31,36"/><T14/><D119/><U80/><E34/><V69/><F27/><W94/><G125/><T109/><D59/><U114/><E114/><V61/><F111/><W18/><G31/><T33/><D14/><U17/><E71/><V12/><F105/><W121/><G18/><T128/><D102/><U56/><E56/><V26/><F135/><W78/><G94/><T108/><D3/><U77/><REACH who="1" step="1"/><E90/><REACH who="1" ten="250,240,250,250" step="2"/><V123/><F69/><W85/><G103/><T134/><D35/><U5/><AGARI ba="0,1" hai="5,10,13,17,20,25,73,77,80,99,101,106,130,131" machi="5" ten="30,4000,0" yaku="1,1,2,1,0,1,53,0" doraHai="63" doraHaiUra="44" who="1" fromWho="1" sc="250,-20,240,50,250,-10,250,-10" /><INIT seed="1,0,0,0,3,129" ten="230,290,240,240" oya="1" hai0="13,97,54,19,59,12,56,96,91,133,37,62,8" hai1="104,31,43,55,122,60,108,131,125,105,116,48,23" hai2="128,135,124,69,74,28,115,2,77,36,20,33,134" hai3="78,81,34,52,53,57,132,17,110,65,76,46,61"/><U1/><E116/><V39/><F128/><W126/><G34/><T117/><D117/><U101/><E122/><V25/><F124/><W6/><G132/><N who="2" m="50729" /><F115/><W5/><G110/><T11/><D37/><N who="2" m="14410" /><F2/><W100/><G100/><T67/><D133/><U120/><E1/><V99/><F69/><W109/><G109/><T50/><REACH who="0" step="1"/><D91/><REACH who="0" ten="220,290,240,240" step="2"/><U92/><E131/><V16/><F99/><W123/><G126/><T21/><D21/><U38/><E125/><V32/><F28/><W10/><G78/><T82/><D82/><AGARI ba="0,1" hai="16,20,25,32,33,74,77,82" m="14410,50729" machi="82" ten="30,8000,1" yaku="20,1,52,3,54,1" doraHai="129" who="2" fromWho="0" sc="220,-80,290,0,240,90,240,0" /><INIT seed="2,0,0,0,2,61" ten="140,290,330,240" oya="2" hai0="99,77,82,22,118,100,85,91,134,111,11,89,53" hai1="54,98,108,55,127,58,73,74,69,97,14,26,4" hai2="34,124,94,133,62,90,120,116,122,35,42,126,70" hai3="81,88,128,135,38,0,27,52,20,15,46,47,17"/><V68/><F42/><W9/><G128/><T72/><D111/><U96/><E108/><V113/><F113/><W65/><G135/><T40/><D134/><U83/><E69/><V80/><F80/><W21/><G65/><T132/><D132/><U41/><E41/><V115/><F133/><W66/><G66/><T28/><D118/><U16/><E127/><N who="2" m="48683" /><F115/><W44/><G0/><T75/><D11/><U101/><E101/><V59/><F116/><W56/><G38/><T30/><D75/><U7/><E55/><N who="2" m="34175" /><F70/><W71/><G71/><T10/><D40/><U8/><E26/><V84/><F68/><W63/><G27/><T79/><D79/><U49/><REACH who="1" step="1"/><E83/><REACH who="1" ten="140,280,330,240" step="2"/><V13/><F13/><W121/><G121/><AGARI ba="0,1" hai="34,35,84,90,94,120,121,122" m="34175,48683" machi="121" ten="30,1500,0" yaku="18,1" doraHai="61" who="2" fromWho="3" sc="140,0,280,0,330,25,240,-15" /><INIT seed="2,1,0,4,1,102" ten="140,280,355,225" oya="2" hai0="9,100,72,121,1,77,103,78,36,113,58,86,59" hai1="122,50,64,99,133,82,81,98,51,106,115,101,88" hai2="22,118,15,68,5,34,94,25,93,46,131,52,125" hai3="39,114,13,3,45,38,30,105,84,4,126,87,17"/><V29/><F118/><W90/><G84/><T44/><D121/><U83/><E64/><V47/><F68/><W27/><G105/><T40/><D78/><U21/><E115/><V66/><F66/><W23/><G126/><T57/><D86/><N who="1" m="50255" /><E21/><V19/><F131/><W111/><G111/><T2/><D2/><U69/><E69/><V110/><F125/><W41/><G114/><T112/><D112/><U63/><E63/><V127/><F127/><W20/><G4/><T73/><D73/><U18/><E18/><V134/><F134/><W123/><G3/><T31/><D31/><U109/><E50/><V135/><F135/><W70/><G70/><T32/><D32/><U67/><E51/><V24/><F110/><W43/><G123/><T33/><D33/><U0/><E67/><V10/><F46/><W132/><G132/><T91/><D91/><U107/><E0/><N who="2" m="295" /><F25/><W71/><G71/><T92/><D92/><N who="1" m="58567" /><E133/><V95/><F47/><W97/><G43/><T11/><D11/><U49/><E49/><V120/><F120/><W124/><G124/><T129/><D113/><U7/><E7/><V42/><F42/><W74/><G74/><T28/><D28/><U12/><E12/><V116/><F116/><W8/><G39/><T96/><D9/><U128/><E122/><V55/><AGARI ba="1,0" hai="15,19,22,24,29,34,52,55,93,94,95" m="295" machi="55" ten="30,3000,0" yaku="24,1,54,1" doraHai="102" who="2" fromWho="2" sc="140,-11,280,-11,355,33,225,-11" /><INIT seed="2,2,0,5,3,123" ten="129,269,388,214" oya="2" hai0="42,134,12,80,27,39,48,114,110,33,22,0,99" hai1="11,117,34,5,86,53,18,96,122,83,126,19,37" hai2="100,15,4,97,115,21,3,52,28,71,36,101,49" hai3="17,57,104,10,116,8,111,112,127,67,121,82,81"/><V95/><F36/><W119/><G104/><T87/><D114/><U20/><E117/><V76/><F71/><W131/><G121/><T125/><D39/><U61/><E34/><V50/><F115/><W9/><G112/><T63/><D0/><U55/><E37/><V130/><F130/><W51/><G131/><T94/><D33/><U13/><E126/><V31/><F3/><W75/><G127/><T72/><D72/><U35/><E35/><V56/><F76/><W68/><G68/><T45/><D12/><U44/><E96/><V120/><F101/><W129/><G17/><T47/><D47/><U7/><E55/><N who="2" m="31863" /><F120/><W32/><G32/><T85/><D134/><U133/><E133/><V102/><F102/><W135/><G129/><T58/><D80/><U128/><E128/><V24/><F15/><W59/><G75/><T40/><D40/><U1/><E1/><V113/><F4/><W46/><G9/><T64/><D125/><U2/><E2/><V84/><F84/><W38/><G38/><T107/><D107/><U26/><E122/><V77/><F77/><W88/><G135/><T30/><REACH who="0" step="1"/><D110/><REACH who="0" ten="119,269,388,214" step="2"/><U78/><E44/><N who="2" m="27687" /><F113/><W103/><G46/><T92/><D92/><U60/><E60/><V62/><F62/><W124/><G124/><T6/><D6/><U66/><E53/><V41/><F41/><W69/><G119/><T29/><D29/><AGARI ba="2,1" hai="21,24,28,29,31,95,97,100" m="27687,31863" machi="29" ten="30,2900,0" yaku="8,1,54,1" doraHai="123" who="2" fromWho="0" sc="119,-35,269,0,388,45,214,0" /><INIT seed="2,3,0,1,1,96" ten="84,269,433,214" oya="2" hai0="131,34,93,104,37,53,22,94,119,116,123,26,113" hai1="127,99,97,117,76,92,49,85,61,38,21,50,39" hai2="72,89,59,73,108,87,133,43,25,58,4,20,130" hai3="81,67,91,77,5,128,107,54,10,135,45,11,112"/><V30/><F133/><W33/><G33/><T121/><D37/><U66/><E117/><V125/><F130/><W47/><G67/><T44/><D34/><U68/><E127/><V15/><F125/><W115/><G91/><T64/><D64/><U2/><E2/><V124/><F124/><W63/><G107/><T1/><D1/><U103/><E99/><V83/><F43/><W31/><G31/><T100/><D44/><U118/><E118/><N who="0" m="45097" /><D53/><U52/><E21/><V62/><F59/><N who="3" m="35319" /><G11/><T102/><D113/><N who="3" m="43593" /><G128/><T57/><D57/><U27/><E49/><V12/><F108/><W7/><G7/><T56/><D56/><U98/><E27/><V46/><F46/><W55/><G55/><T32/><D104/><U70/><E70/><V126/><F126/><W19/><G19/><N who="0" m="12639" /><D32/><U28/><E38/><V134/><F4/><W17/><G5/><T132/><D132/><U90/><E39/><V71/><F134/><W3/><G3/><T95/><D131/><U74/><E28/><V120/><F71/><W110/><G110/><T69/><D69/><U84/><E52/><V14/><REACH who="2" step="1"/><F120/><AGARI ba="3,0" hai="93,94,95,100,102,120,121,123" m="12639,45097" machi="120" ten="40,5200,0" yaku="12,1,52,2" doraHai="96" who="0" fromWho="2" sc="84,61,269,0,433,-61,214,0" /><INIT seed="3,0,0,1,3,44" ten="145,269,372,214" oya="3" hai0="8,26,14,106,15,88,90,109,36,97,108,62,71" hai1="95,102,33,9,31,81,70,64,38,32,37,126,111" hai2="11,3,48,131,22,127,82,100,42,49,7,132,79" hai3="85,77,39,93,58,99,72,80,115,2,68,103,114"/><W0/><G68/><T59/><D36/><U54/><E111/><N who="0" m="42569" /><D71/><U134/><E126/><V86/><F131/><W91/><G39/><T87/><D26/><U67/><E134/><V12/><F132/><W45/><G45/><T75/><D75/><U117/><E117/><V129/><F129/><W28/><G58/><T25/><D25/><U27/><E33/><V89/><F127/><W133/><G133/><T83/><D90/><U107/><E67/><V113/><F113/><W84/><G28/><T76/><D8/><U53/><E95/><V60/><F42/><W128/><G128/><T125/><D125/><U121/><E9/><V65/><F100/><W40/><G40/><T43/><D43/><U55/><E81/><V122/><F89/><W69/><G69/><T73/><D97/><N who="1" m="61903" /><E121/><V124/><F122/><W41/><G41/><T110/><D106/><U47/><E47/><V16/><F124/><W104/><REACH who="3" step="1"/><G84/><REACH who="3" ten="145,269,372,204" step="2"/><T116/><D110/><U123/><E123/><V29/><F29/><W63/><G63/><AGARI ba="0,1" hai="27,31,32,37,38,53,54,55,63,64,70" m="61903" machi="63" ten="30,1000,0" yaku="25,1" doraHai="44" who="1" fromWho="3" sc="145,0,269,20,372,0,204,-10" /><INIT seed="4,0,0,1,0,31" ten="145,289,372,194" oya="0" hai0="20,54,55,2,63,12,7,98,24,28,76,101,105" hai1="11,121,57,84,114,133,90,64,106,67,103,9,49" hai2="134,104,94,77,107,74,72,82,111,50,120,61,71" hai3="60,81,96,83,3,65,92,32,131,126,21,112,123"/><T73/><D73/><U102/><E121/><V36/><F111/><W51/><G3/><T42/><D76/><U34/><E133/><V23/><F120/><W70/><G123/><T4/><D42/><U62/><E106/><V48/><F36/><W86/><G21/><T91/><D2/><U38/><E38/><V52/><F72/><W69/><G69/><T43/><D43/><U37/><E37/><V22/><F48/><W125/><G32/><T41/><D41/><U129/><E49/><V122/><F23/><W46/><G112/><T26/><D26/><U79/><E79/><V113/><F134/><W80/><G86/><T115/><D115/><U110/><E84/><V18/><F94/><W33/><G33/><T93/><D12/><U8/><E34/><V99/><F99/><W124/><G131/><T17/><D28/><U40/><E40/><V127/><F127/><W135/><G135/><T95/><D105/><U118/><E129/><V5/><F5/><N who="0" m="2122" /><D63/><U108/><E114/><V1/><F1/><W132/><G132/><T58/><D58/><U10/><E118/><V30/><F30/><W47/><REACH who="3" step="1"/><G51/><REACH who="3" ten="145,289,372,184" step="2"/><T88/><D101/><AGARI ba="0,1" hai="46,47,60,65,70,80,81,83,92,96,101,124,125,126" machi="101" ten="50,6400,0" yaku="1,1,2,1,18,1,53,0" doraHai="31" doraHaiUra="13" who="3" fromWho="0" sc="145,-64,289,0,372,0,184,74" /><INIT seed="5,0,0,0,5,97" ten="81,289,372,258" oya="1" hai0="17,128,37,112,114,124,1,135,116,69,58,8,105" hai1="44,83,48,75,120,2,60,71,122,43,50,52,101" hai2="6,42,12,81,47,23,100,27,4,24,80,108,55" hai3="119,104,87,82,14,18,89,72,123,51,65,125,15"/><U131/><E2/><V94/><F108/><W26/><G125/><T115/><D8/><U22/><E75/><V130/><F130/><W126/><G126/><T54/><D17/><U129/><E22/><V118/><F118/><W99/><G72/><T91/><D54/><U38/><E83/><V61/><F27/><W76/><G65/><T9/><D58/><N who="1" m="34887" /><E101/><V95/><F100/><W73/><G26/><T11/><D91/><U45/><E71/><V109/><F109/><W86/><G86/><T35/><D11/><U79/><E79/><V29/><F81/><W7/><G7/><T84/><D9/><U5/><E5/><N who="2" m="2155" /><F12/><W34/><G34/><T98/><D98/><U78/><E78/><V0/><F80/><W62/><G119/><T88/><D84/><U66/><E66/><V102/><F102/><N who="3" m="62559" /><G123/><N who="1" m="47146" /><E45/><V31/><F0/><W19/><G62/><T57/><D114/><U21/><E21/><V127/><F127/><W70/><G51/><AGARI ba="0,0" hai="38,43,44,48,50,51,129,131" m="47146,34887" machi="51" ten="30,5800,0" yaku="34,2,54,1" doraHai="97" who="1" fromWho="3" sc="81,0,289,58,372,0,258,-58" /><INIT seed="5,1,0,1,1,42" ten="81,347,372,200" oya="1" hai0="68,19,15,65,1,101,127,43,92,32,112,134,113" hai1="89,96,29,85,21,17,107,105,99,116,30,125,25" hai2="82,81,12,27,122,3,36,33,50,14,83,24,129" hai3="0,135,71,52,62,58,18,98,109,53,63,128,79"/><U121/><E116/><V90/><F3/><W133/><G0/><T41/><D1/><U84/><E121/><V91/><F36/><W4/><G4/><T80/><D32/><U8/><E125/><V55/><F129/><W39/><G79/><T114/><D127/><U124/><E124/><V11/><F122/><W130/><G18/><T72/><D134/><N who="3" m="51209" /><G98/><N who="1" m="37418" /><E107/><V111/><F111/><W126/><G126/><T93/><D101/><U51/><E105/><V117/><F117/><W95/><G95/><T9/><D93/><N who="1" m="54439" /><E85/><V106/><F106/><W46/><G109/><T57/><D92/><U120/><E120/><V73/><F73/><W119/><G119/><T28/><D68/><U7/><E51/><V67/><F67/><N who="3" m="41471" /><G39/><T74/><D28/><U87/><E87/><V38/><F38/><W22/><G22/><T56/><D74/><U70/><E70/><V6/><F33/><W49/><AGARI ba="1,0" hai="46,49,52,53,58,62,128,130" m="41471,51209" machi="49" ten="30,8000,1" yaku="20,1,34,2,52,1,54,1" doraHai="42" who="3" fromWho="3" sc="81,-21,347,-41,372,-21,200,83" /><INIT seed="6,0,0,3,4,118" ten="60,306,351,283" oya="2" hai0="107,116,69,126,88,50,40,131,19,125,56,99,121" hai1="83,129,46,3,27,84,114,67,33,133,135,127,110" hai2="66,105,41,57,30,21,16,55,32,94,95,52,58" hai3="1,24,51,59,119,103,0,77,78,132,98,44,42"/><V85/><F105/><W15/><G119/><T17/><D116/><U101/><E110/><V14/><F32/><W112/><G0/><T8/><D69/><U68/><E3/><V109/><F109/><W92/><G1/><T97/><D107/><U90/><E114/><V130/><F130/><W79/><G132/><N who="1" m="50762" /><E129/><V22/><F41/><W5/><G112/><T12/><D131/><U87/><E87/><V7/><F7/><W102/><G24/><T71/><D71/><U80/><E101/><V108/><F108/><W111/><G111/><T60/><D126/><U35/><E46/><V76/><F66/><W100/><G59/><N who="2" m="22537" /><F76/><W73/><G73/><T86/><D125/><U38/><E38/><V104/><F104/><W10/><AGARI ba="0,0" hai="5,10,15,42,44,51,77,78,79,92,98,100,102,103" machi="10" ten="30,2000,0" yaku="0,1,8,1" doraHai="118" who="3" fromWho="3" sc="60,-5,306,-5,351,-10,283,20" /><INIT seed="7,0,0,3,2,57" ten="55,301,341,303" oya="3" hai0="73,121,15,118,9,111,4,36,44,53,26,24,94" hai1="122,29,135,71,56,40,115,117,6,93,123,47,22" hai2="54,116,128,83,102,25,63,91,133,132,120,11,61" hai3="101,95,86,19,77,109,112,87,124,92,27,78,10"/><W62/><G112/><T50/><D73/><U2/><E71/><V30/><F116/><W105/><G124/><T64/><D111/><U70/><E70/><V28/><F128/><W13/><G105/><T34/><D34/><U14/><E2/><V42/><F42/><W38/><G38/><T104/><D104/><U45/><E115/><V108/><F108/><W3/><G3/><T99/><D36/><U0/><E0/><V5/><F102/><W76/><G109/><T18/><D118/><U129/><E129/><V58/><F63/><W130/><G130/><T114/><D121/><U23/><E117/><V131/><F131/><W52/><G27/><T32/><D32/><U107/><E107/><V43/><F43/><W65/><G52/><T119/><D4/><U37/><E135/><N who="2" m="51787" /><F25/><W81/><G101/><T89/><D114/><U51/><E56/><V60/><F60/><W49/><G49/><T66/><D119/><U113/><E113/><V35/><F35/><W79/><REACH who="3" step="1"/><G87/><REACH who="3" ten="55,301,341,293" step="2"/><T84/><D66/><U72/><E123/><V7/><F120/><W8/><G8/><T98/><D98/><U88/><E122/><V100/><F100/><W17/><G17/><T126/><D126/><U1/><E1/><N who="2" m="431" /><F7/><W31/><G31/><T46/><D64/><U110/><E110/><V12/><F12/><W20/><G20/><T103/><D46/><U59/><E29/><V55/><F54/><W134/><G134/><T33/><REACH who="0" step="1"/><D33/><REACH who="0" ten="45,301,341,293" step="2"/><U97/><E72/><V41/><F41/><W48/><G48/><T106/><D106/><U90/><E45/><V75/><F75/><RYUUKYOKU ba="0,2" sc="45,10,301,-30,341,10,293,10" hai0="9,15,18,24,26,44,50,53,84,89,94,99,103" hai2="28,30,55,58,61,83,91" hai3="10,13,19,62,65,76,77,78,79,81,86,92,95" /><INIT seed="7,1,2,5,4,67" ten="55,271,351,303" oya="3" hai0="39,78,73,7,109,35,23,90,104,97,122,0,17" hai1="120,49,80,2,123,114,19,113,62,9,108,133,20" hai2="69,66,51,115,13,4,129,32,36,124,119,102,60" hai3="29,91,101,116,100,46,106,98,31,27,30,128,93"/><W43/><G116/><T11/><D90/><U65/><E80/><V24/><F119/><W107/><G128/><T48/><D48/><U105/><E105/><V50/><F36/><W38/><REACH who="3" step="1"/><G27/><REACH who="3" ten="55,271,351,293" step="2"/><T85/><D109/><U18/><E108/><V84/><F129/><W54/><G54/><T8/><D122/><U21/><E133/><V76/><F24/><W74/><G74/><T1/><D85/><U12/><E49/><V56/><F84/><W28/><G28/><T14/><D39/><U92/><E92/><V52/><F52/><W25/><G25/><T110/><D110/><U79/><E79/><V16/><F76/><W126/><G126/><T45/><D78/><U22/><E123/><V63/><F124/><W57/><G57/><T103/><D73/><U95/><E120/><V5/><F56/><W47/><G47/><T15/><D45/><U88/><E2/><V134/><F51/><W55/><G55/><T6/><D35/><U77/><E77/><V121/><F32/><W26/><G26/><T117/><D117/><U71/><REACH who="1" step="1"/><E19/><REACH who="1" ten="55,261,351,293" step="2"/><V83/><F16/><W89/><G89/><T87/><D87/><AGARI ba="1,4" hai="9,12,18,20,21,22,62,65,71,87,88,95,113,114" machi="87" ten="40,8000,1" yaku="1,1,2,1,52,1,54,1,53,0" doraHai="67" doraHaiUra="135" who="1" fromWho="0" sc="55,-83,261,123,351,0,293,0" owari="-28,-52.8,384,48.4,351,15.1,293,-10.7" /></mjloggm>