<mjloggm ver="2.3"><GO type="169" lobby="0"/><UN n0="%E5%BE%A1%E5%BD%B1%E3%82%86%E3%81%9A%E3%81%8D" n1="%4B%4F%52%41%49%40%40%40" n2="%E7%81%AB%E9%9C%8A%E5%A4%A2" n3="%43%68%65" dan="16,17,17,16" rate="2154.35,2163.65,2188.23,2083.00" sx="M,M,M,M"/><TAIKYOKU oya="0"/><INIT seed="0,0,0,5,2,73" ten="250,250,250,250" oya="0" hai0="51,36,121,10,107,8,60,68,52,32,38,131,81" hai1="123,122,24,105,118,130,113,64,11,116,43,27,35" hai2="114,22,74,132,90,16,58,70,86,56,71,7,30" hai3="85,55,79,133,50,101,106,53,9,88,92,46,97"/><T5/><D121/><N who="1" m="46091" /><E64/><V4/><F114/><W95/><G133/><T104/><D32/><U66/><E66/><V112/><F112/><W23/><G106/><T75/><D131/><U45/><E45/><V102/><F74/><W39/><G39/><T1/><D10/><U108/><E43/><V94/><F132/><W119/><G119/><T26/><D26/><N who="1" m="9771" /><E105/><N who="0" m="40521" /><D52/><U77/><E77/><V110/><F30/><W124/><G124/><T127/><D51/><U17/><E113/><V117/><F110/><W82/><G23/><T67/><D127/><U91/><E91/><V76/><F117/><N who="1" m="45161" /><E35/><V69/><F102/><W93/><G55/><T128/><D128/><U13/><E130/><V47/><F47/><W3/><G101/><T41/><D41/><U78/><E78/><AGARI ba="0,0" hai="1,5,8,36,38,60,67,68,75,78,81" m="40521" machi="78" ten="30,5800,0" yaku="33,2,52,1" doraHai="73" who="0" fromWho="1" sc="250,58,250,-58,250,0,250,0" /><INIT seed="0,1,0,0,3,79" ten="308,192,250,250" oya="0" hai0="55,124,113,123,27,109,56,132,57,9,103,133,34" hai1="10,69,62,77,54,7,85,67,29,92,20,58,102" hai2="17,86,121,36,22,90,5,84,16,82,94,63,12" hai3="99,26,75,125,110,44,25,51,15,35,46,108,19"/><T114/><D123/><U95/><E102/><V80/><F121/><W14/><G99/><T81/><D103/><U116/><E116/><V39/><F5/><W31/><G75/><T28/><D124/><U135/><E135/><N who="0" m="51785" /><D109/><N who="3" m="42089" /><G125/><T18/><D57/><U129/><E129/><V83/><F63/><W104/><G104/><T21/><D9/><U97/><E20/><N who="2" m="11271" /><F39/><W53/><G46/><T30/><D81/><N who="2" m="31338" /><F36/><W126/><G126/><T13/><D30/><U117/><E29/><V74/><F74/><W48/><G48/><AGARI ba="1,0" hai="13,18,21,27,28,34,48,55,56,113,114" m="51785" machi="48" ten="30,1500,0" yaku="20,1" doraHai="79" who="0" fromWho="3" sc="308,18,192,0,250,0,250,-18" /><INIT seed="0,2,0,3,3,51" ten="326,192,250,232" oya="0" hai0="56,104,134,99,107,36,14,6,124,58,21,78,31" hai1="62,25,112,23,27,127,73,69,135,86,105,77,100" hai2="5,133,49,74,106,2,55,72,41,32,111,42,16" hai3="3,132,109,53,81,44,26,130,97,8,43,40,83"/><T98/><D36/><U28/><E127/><V66/><F32/><W1/><G109/><T67/><D78/><U122/><E122/><V108/><F106/><W117/><G117/><T116/><D116/><U115/><E135/><V17/><F66/><W10/><G44/><T131/><D67/><U121/><E121/><V125/><F5/><W33/><G33/><T18/><D6/><U9/><E73/><V96/><F96/><W46/><G46/><T114/><D98/><U70/><E100/><V103/><F103/><W4/><G97/><T65/><D99/><U92/><E92/><V79/><F2/><W93/><G93/><T19/><D65/><U24/><E105/><V120/><F120/><W7/><G130/><T113/><D131/><U84/><E62/><V35/><F35/><W15/><G15/><T22/><D14/><U13/><E77/><V91/><F91/><W75/><G26/><N who="1" m="10346" /><E86/><V118/><F118/><W110/><G75/><N who="2" m="28713" /><F79/><W101/><G101/><T88/><D88/><U59/><E84/><V64/><F64/><W90/><G90/><T128/><D128/><U52/><E13/><V38/><F38/><W68/><G68/><T61/><D107/><U89/><E9/><V11/><F11/><W87/><G87/><T94/><D94/><U45/><E89/><V129/><F129/><W39/><G39/><T54/><D104/><U95/><E95/><V102/><F102/><W85/><G85/><T82/><D134/><U119/><E119/><V37/><F37/><W29/><G132/><T80/><D80/><N who="3" m="30793" /><G1/><T63/><D82/><U12/><E70/><RYUUKYOKU ba="2,0" sc="326,0,192,0,250,0,232,0" /><INIT seed="1,3,0,2,0,51" ten="326,192,250,232" oya="1" hai0="36,63,105,50,88,5,86,131,116,2,104,76,70" hai1="133,27,81,118,97,45,94,22,93,33,37,91,30" hai2="17,75,53,67,1,71,110,32,83,119,123,95,7" hai3="9,11,10,24,18,4,19,26,46,90,61,100,130"/><U58/><E118/><V12/><F119/><W15/><G100/><T21/><D36/><U29/><E133/><V64/><F123/><W39/><G39/><T43/><D76/><U80/><E33/><V25/><F71/><W6/><G90/><T124/><D5/><N who="3" m="2153" /><G61/><T72/><D2/><U69/><E69/><V35/><F35/><W122/><G46/><T128/><D72/><U99/><E30/><V54/><F110/><W113/><G122/><T38/><D38/><U108/><E108/><V47/><F47/><W3/><G113/><T42/><D105/><U115/><E58/><V127/><F127/><W56/><G56/><T28/><D104/><U96/><E115/><V89/><F83/><W16/><G130/><T40/><D70/><U55/><E96/><V109/><F75/><W31/><G3/><T106/><D106/><U120/><E120/><V13/><F1/><W111/><G111/><T60/><D124/><U66/><E66/><V125/><F64/><W98/><G98/><T52/><D116/><U112/><E112/><V82/><F67/><W107/><G107/><T79/><D131/><U49/><REACH who="1" step="1"/><E37/><REACH who="1" ten="326,182,250,232" step="2"/><V101/><F109/><W20/><G26/><T65/><D128/><U135/><E135/><V57/><F25/><W132/><G132/><T41/><D28/><U59/><E59/><V8/><F57/><W92/><G92/><T114/><D65/><U102/><AGARI ba="3,1" hai="22,27,29,45,49,55,80,81,91,93,94,97,99,102" machi="102" ten="20,18000,2" yaku="1,1,0,1,7,1,8,1,52,1,53,2" doraHai="51" doraHaiUra="77" who="1" fromWho="1" sc="326,-63,182,199,250,-63,232,-63" /><INIT seed="1,4,0,1,5,107" ten="263,381,187,169" oya="1" hai0="110,39,59,67,77,82,5,62,96,87,9,49,114" hai1="133,0,111,124,17,103,100,34,27,3,54,40,97" hai2="4,25,98,35,90,18,21,48,81,58,50,94,135" hai3="126,102,125,56,73,45,47,76,55,6,106,108,104"/><U115/><E115/><V60/><F135/><W70/><G70/><T105/><D114/><U33/><E54/><V72/><F35/><W68/><G68/><T10/><D39/><U12/><E40/><V57/><F57/><W118/><G6/><T83/><D110/><U16/><E97/><V30/><F4/><W52/><G108/><T122/><D122/><U38/><E38/><V129/><F129/><W46/><G118/><T43/><D105/><N who="3" m="40553" /><G102/><T2/><D96/><U128/><E111/><V15/><F15/><W63/><G63/><T132/><D132/><U19/><E133/><V71/><F71/><W66/><G66/><T74/><D10/><N who="1" m="6167" /><E103/><V22/><F22/><W119/><G56/><T14/><D2/><N who="1" m="555" /><E100/><V69/><F30/><W91/><G91/><T93/><D93/><U120/><E120/><V75/><F69/><W88/><G88/><T92/><D92/><U123/><E123/><V113/><F113/><W37/><G37/><T127/><D43/><U116/><E116/><V8/><F8/><W131/><G119/><T121/><D121/><U85/><E19/><V78/><REACH who="2" step="1"/><F75/><REACH who="2" ten="263,381,177,169" step="2"/><W130/><G73/><T112/><D112/><U86/><E33/><V109/><F109/><W53/><G76/><T99/><D74/><U84/><E34/><V65/><AGARI ba="4,1" hai="18,21,25,48,50,58,60,65,72,78,81,90,94,98" machi="65" ten="20,5200,0" yaku="1,1,0,1,7,1,52,1,53,0" doraHai="107" doraHaiUra="51" who="2" fromWho="2" sc="263,-17,381,-30,177,74,169,-17" /><INIT seed="2,0,0,2,0,122" ten="246,351,251,152" oya="2" hai0="41,17,44,53,81,84,113,96,103,124,97,127,49" hai1="118,108,89,59,72,56,60,50,37,77,119,33,15" hai2="61,134,7,68,30,75,47,28,18,32,80,83,109" hai3="23,64,131,54,105,71,102,5,117,19,62,38,51"/><V90/><F75/><W20/><G117/><T95/><D113/><U110/><E33/><V65/><F7/><W11/><G131/><T133/><D133/><U107/><E107/><V112/><F112/><W35/><G35/><T9/><D97/><U78/><E37/><V98/><F134/><W94/><G38/><T104/><D104/><U126/><E126/><V29/><F32/><W85/><G105/><T25/><D41/><U46/><E89/><V115/><F115/><W120/><G120/><T130/><D130/><U22/><E22/><V86/><F98/><W116/><G116/><N who="1" m="44586" /><E15/><V70/><F70/><W106/><G106/><T36/><D36/><U27/><E72/><V129/><F129/><W13/><G102/><T4/><D25/><U101/><E27/><V132/><F132/><W93/><G85/><T66/><D66/><N who="1" m="39175" /><E59/><V6/><F6/><W67/><G23/><T0/><REACH who="0" step="1"/><D17/><REACH who="0" ten="236,351,251,152" step="2"/><U40/><E101/><V58/><F18/><W55/><G67/><T14/><D14/><U26/><E26/><V45/><F65/><W99/><G99/><T88/><AGARI ba="0,1" hai="0,4,9,44,49,53,81,84,88,95,96,103,124,127" machi="88" ten="30,4000,0" yaku="1,1,0,1,54,1,53,0" doraHai="122" doraHaiUra="63" who="0" fromWho="0" sc="236,50,351,-10,251,-20,152,-10" /><INIT seed="3,0,0,5,4,6" ten="286,341,231,142" oya="3" hai0="117,5,0,81,37,31,94,90,33,2,27,60,3" hai1="16,83,56,58,79,99,121,111,10,93,49,106,14" hai2="20,84,105,130,9,57,125,119,74,107,59,30,43" hai3="17,131,112,65,135,116,23,41,34,89,113,95,44"/><W42/><G34/><T133/><D37/><U132/><E121/><V75/><F119/><W62/><G116/><T110/><D133/><U98/><E111/><V55/><F43/><W115/><G131/><T18/><D110/><U128/><E132/><V118/><F118/><W28/><G28/><T129/><D129/><U7/><E106/><V85/><F130/><W108/><G108/><T80/><D5/><U86/><E98/><V26/><F125/><W12/><G44/><T127/><D127/><U103/><E128/><V120/><F120/><W22/><G22/><T8/><D60/><U1/><REACH who="1" step="1"/><E49/><REACH who="1" ten="286,331,231,142" step="2"/><V72/><F107/><W54/><G135/><T123/><D123/><U25/><E25/><V96/><F105/><W21/><G115/><T63/><D117/><U122/><E122/><V48/><F96/><W87/><G113/><T52/><D27/><U97/><E97/><V39/><F39/><W102/><G112/><T100/><D100/><U68/><E68/><V24/><F24/><W32/><G102/><T67/><D33/><U53/><E53/><V66/><F66/><W50/><G32/><T36/><D52/><U73/><E73/><V76/><F72/><W104/><G104/><T70/><D36/><U47/><E47/><V109/><F74/><W88/><G54/><T124/><D124/><U71/><E71/><V15/><F109/><W69/><G50/><T29/><D70/><U114/><E114/><V82/><F57/><W134/><G134/><T51/><D67/><U46/><E46/><V126/><F126/><W91/><G23/><AGARI ba="0,1" hai="1,7,10,14,16,23,56,58,79,83,86,93,99,103" machi="23" ten="30,8000,1" yaku="1,1,7,1,52,1,54,1,53,1" doraHai="6" doraHaiUra="13" who="1" fromWho="3" sc="286,0,331,90,231,0,142,-80" /><INIT seed="4,0,0,3,0,46" ten="286,421,231,62" oya="0" hai0="79,110,30,17,26,97,61,59,112,6,102,55,15" hai1="44,107,134,119,117,10,49,36,101,58,53,23,47" hai2="28,41,57,7,125,50,78,56,54,81,42,74,76" hai3="22,32,4,128,129,109,67,40,99,96,21,114,33"/><T85/><D110/><U118/><E101/><V103/><F125/><W16/><G109/><T91/><D112/><U1/><E107/><V35/><F103/><W43/><G4/><T5/><D79/><U52/><E23/><V62/><F7/><W130/><G67/><T98/><D98/><U133/><E10/><V135/><F135/><N who="1" m="51721" /><E1/><V64/><REACH who="2" step="1"/><F78/><REACH who="2" ten="286,421,221,62" step="2"/><W89/><G130/><T70/><D102/><U51/><E119/><V60/><F60/><W87/><G114/><T63/><D6/><U90/><E90/><V72/><F72/><W9/><G89/><T77/><D5/><U20/><E20/><V123/><F123/><W83/><G9/><T94/><D77/><U31/><E31/><V25/><AGARI ba="0,1" hai="25,28,35,41,42,50,54,56,57,62,64,74,76,81" machi="25" ten="30,4000,0" yaku="1,1,0,1,52,1,53,0" doraHai="46" doraHaiUra="13" who="2" fromWho="2" sc="286,-20,421,-10,221,50,62,-10" /><INIT seed="5,0,0,3,4,86" ten="266,411,271,52" oya="1" hai0="108,98,62,71,128,18,34,119,47,134,117,96,127" hai1="75,39,110,102,106,100,78,97,40,32,87,57,17" hai2="35,5,31,38,21,44,22,70,126,7,105,26,69" hai3="90,89,55,88,66,124,72,37,131,111,74,114,83"/><U109/><E32/><V16/><F105/><W113/><G111/><T29/><D47/><U33/><E33/><V20/><F38/><W14/><G131/><T101/><D18/><U12/><E102/><V11/><F44/><W94/><G124/><T9/><D9/><U58/><E75/><V92/><F69/><W120/><G120/><T80/><D98/><U24/><E24/><V104/><F104/><W130/><G130/><T95/><D96/><U36/><E36/><V25/><F70/><W93/><G66/><T116/><D101/><U63/><E40/><V23/><F92/><N who="3" m="35435" /><G14/><T27/><D95/><U13/><E39/><V61/><F61/><W76/><G55/><T77/><D108/><U135/><E12/><N who="2" m="7199" /><F126/><W67/><G67/><N who="0" m="41463" /><D127/><U133/><E109/><V81/><F81/><N who="3" m="45191" /><G37/><T84/><D128/><U6/><E110/><V123/><F123/><W10/><G10/><T3/><D3/><U60/><E63/><V19/><AGARI ba="0,0" hai="5,7,19,20,21,22,23,25,26,31,35" m="7199" machi="19" ten="30,12000,2" yaku="35,5,54,1" doraHai="86" who="2" fromWho="2" sc="266,-30,411,-60,271,120,52,-30" /><INIT seed="6,0,0,1,0,86" ten="236,351,391,22" oya="2" hai0="43,26,81,104,21,14,27,82,37,51,7,4,127" hai1="114,33,28,39,53,109,52,46,125,84,70,55,99" hai2="1,54,25,35,98,17,44,97,34,90,80,64,9" hai3="129,128,115,134,63,73,121,47,41,116,15,5,103"/><V126/><F126/><W40/><G116/><T111/><D104/><U71/><E109/><V108/><F108/><W75/><G121/><T118/><D37/><U19/><E114/><V22/><F64/><W93/><G63/><T74/><D74/><U85/><E125/><V58/><F44/><W0/><G0/><T101/><D101/><U77/><E28/><V11/><F34/><W62/><G62/><T94/><D111/><U130/><E33/><V96/><F35/><W123/><G123/><T133/><D51/><U124/><E130/><N who="3" m="50282" /><G41/><T132/><D43/><U2/><E2/><V100/><F100/><W49/><G134/><T87/><D127/><U48/><E39/><V6/><F11/><N who="3" m="4591" /><G115/><T65/><D65/><U76/><E70/><V79/><F79/><W42/><G40/><T57/><D118/><U95/><E71/><V38/><F38/><W68/><G68/><T56/><D133/><U117/><E117/><V18/><F18/><W10/><G10/><T20/><D7/><U67/><E67/><V120/><F120/><W135/><G135/><T88/><D4/><U50/><E19/><V131/><F131/><W83/><G83/><N who="0" m="31755" /><D14/><U69/><E69/><V36/><F36/><W24/><G24/><N who="0" m="9259" /><D132/><U45/><E124/><V106/><F106/><W59/><G59/><AGARI ba="0,0" hai="20,21,56,57,59,87,88,94" m="9259,31755" machi="59" ten="30,3900,0" yaku="8,1,52,1,54,1" doraHai="86" who="0" fromWho="3" sc="236,39,351,0,391,0,22,-39" owari="275,-12.5,351,15.1,391,49.1,-17,-51.7" /></mjloggm>