<mjloggm ver="2.3"><GO type="169" lobby="0"/><UN n0="%E6%9D%BE%E5%8E%9F%E4%B8%8D%E7%8B%97" n1="%E3%81%8B%E3%81%A3%E3%81%95%E3%83%BC" n2="%70%65%6E%74%6F%6C%61" n3="%E3%82%A2%E3%83%8B%E3%83%94%E3%83%B3%E3%83%87%E3%82%B9" dan="16,17,18,16" rate="2081.06,2141.51,2217.08,2092.00" sx="M,M,M,M"/><TAIKYOKU oya="0"/><INIT seed="0,0,0,2,3,39" ten="250,250,250,250" oya="0" hai0="125,48,19,31,113,29,116,63,73,79,64,16,53" hai1="13,124,85,62,95,9,49,133,93,119,10,131,21" hai2="14,40,57,87,80,107,100,77,83,98,126,58,82" hai3="81,78,128,54,15,5,120,8,129,28,36,67,76"/><T46/><D113/><U12/><E119/><V22/><F126/><W109/><G109/><T18/><D125/><U50/><E124/><V117/><F117/><W114/><G114/><T75/><D116/><U115/><E115/><V2/><F2/><W110/><G110/><T20/><D79/><U3/><E3/><V91/><F40/><W66/><G120/><T112/><D112/><U92/><E133/><V134/><F134/><W102/><G36/><T42/><D53/><U61/><E21/><V97/><F97/><W118/><G118/><T7/><D7/><U25/><E25/><V88/><F91/><W74/><G28/><T33/><D33/><U51/><E85/><V44/><F44/><W104/><G78/><T52/><D52/><U127/><E131/><N who="3" m="50250" /><G54/><T24/><REACH who="0" step="1"/><D29/><REACH who="0" ten="240,250,250,250" step="2"/><U0/><E127/><V38/><F77/><W108/><G108/><T70/><AGARI ba="0,1" hai="16,18,19,20,24,31,42,46,48,63,64,70,73,75" machi="70" ten="30,12000,1" yaku="1,1,2,1,0,1,52,1,54,1,53,0" doraHai="39" doraHaiUra="71" who="0" fromWho="0" sc="240,130,250,-40,250,-40,250,-40" /><INIT seed="0,1,0,4,1,26" ten="370,210,210,210" oya="0" hai0="104,113,88,100,96,70,21,101,121,14,37,67,32" hai1="34,31,7,27,41,50,102,36,4,8,82,131,133" hai2="22,79,6,84,42,110,64,134,123,129,91,86,62" hai3="13,127,15,46,25,12,80,28,44,71,135,3,73"/><T72/><D113/><U2/><E131/><V10/><F123/><W105/><G3/><T60/><D121/><U106/><E133/><V116/><F110/><W9/><G105/><T117/><D117/><U78/><E7/><V17/><F134/><W29/><G135/><T95/><D72/><N who="1" m="43335" /><E50/><V120/><F120/><W126/><G71/><T40/><D32/><U53/><E53/><V81/><F42/><W119/><G119/><T76/><D76/><U16/><E16/><V5/><F129/><W94/><G9/><T23/><D100/><U51/><E51/><V108/><F108/><W97/><G80/><T30/><D30/><N who="3" m="11881" /><G25/><T52/><D104/><U47/><E102/><V57/><F116/><W48/><G48/><T74/><D101/><U65/><E65/><V124/><F10/><W115/><G73/><T125/><D74/><U24/><E24/><N who="2" m="14415" /><F124/><N who="3" m="47659" /><G115/><T132/><D132/><U87/><E106/><V66/><F6/><W111/><G111/><T19/><D125/><U77/><E77/><V68/><F5/><W92/><G97/><T56/><D96/><U61/><E87/><V69/><F69/><W0/><G0/><T18/><D70/><U98/><E98/><V11/><F11/><W20/><G20/><T38/><D21/><U103/><E2/><V55/><F68/><W89/><G89/><T128/><D88/><U35/><E4/><V122/><F122/><W99/><G99/><T114/><D23/><U118/><E8/><V130/><F130/><W112/><G112/><T59/><D128/><U85/><E35/><V39/><F39/><N who="0" m="14858" /><D114/><U49/><E118/><RYUUKYOKU ba="1,0" sc="370,-15,210,-15,210,15,210,15" hai2="55,57,62,64,66,79,81,84,86,91" hai3="12,13,15,44,46,92,94" /><INIT seed="1,2,0,0,3,5" ten="355,195,225,225" oya="1" hai0="41,78,43,79,42,119,71,56,6,96,24,112,130" hai1="62,38,133,89,126,83,102,81,122,51,108,3,46" hai2="34,111,70,20,44,95,35,16,36,93,129,63,31" hai3="121,80,97,2,52,115,92,101,107,68,94,135,47"/><U85/><E122/><V57/><F70/><W84/><G121/><T54/><D112/><U91/><E3/><V12/><F111/><W75/><G68/><T39/><D119/><U53/><E126/><V125/><F125/><W61/><G115/><T90/><D39/><U99/><E133/><V72/><F72/><W7/><G135/><T8/><D71/><U21/><E38/><V58/><F129/><W30/><G75/><T15/><D130/><U48/><E108/><V22/><F57/><W4/><G30/><T103/><D90/><U18/><E62/><V1/><F1/><W132/><G132/><T40/><D24/><U33/><E33/><V88/><F93/><W32/><G32/><T104/><N who="0" m="10240" /><DORA hai="113" /><T98/><REACH who="0" step="1"/><D98/><REACH who="0" ten="345,195,225,225" step="2"/><U117/><E89/><V23/><F36/><W120/><G97/><T128/><D128/><U116/><E83/><V134/><F134/><W67/><G80/><T127/><D127/><U26/><REACH who="1" step="1"/><E51/><AGARI ba="2,1" hai="6,8,15,51,54,56,78,79,96,103,104" m="10240" machi="51" ten="50,3200,0" yaku="1,1,52,1,53,0" doraHai="5,113" doraHaiUra="123,86" who="0" fromWho="1" sc="345,48,195,-38,225,0,225,0" /><INIT seed="2,0,0,1,1,49" ten="393,157,225,225" oya="2" hai0="16,82,126,2,24,127,90,13,111,54,134,105,78" hai1="125,74,79,33,66,7,11,44,67,34,103,40,64" hai2="43,41,23,124,92,3,135,96,84,116,131,22,47" hai3="132,76,108,91,50,36,114,113,119,128,0,87,38"/><V39/><F116/><W51/><G0/><T20/><D105/><U55/><E103/><V63/><F3/><W77/><G119/><T129/><D2/><N who="1" m="503" /><E125/><N who="0" m="47625" /><D111/><U9/><E9/><V80/><F124/><W5/><G5/><T26/><D129/><U17/><E17/><V71/><F131/><W65/><G132/><T107/><D107/><U88/><E88/><V123/><F43/><W68/><G65/><T94/><D134/><U59/><E59/><V61/><F135/><W81/><G68/><T86/><D54/><U89/><E89/><V31/><F71/><W30/><G30/><T100/><D100/><U35/><E55/><V70/><F70/><W110/><G128/><T62/><D62/><U98/><E98/><AGARI ba="0,0" hai="13,16,20,24,26,78,82,86,90,94,98" m="47625" machi="98" ten="30,2000,0" yaku="18,1,54,1" doraHai="49" who="0" fromWho="1" sc="393,20,157,-20,225,0,225,0" /><INIT seed="3,0,0,5,0,74" ten="413,137,225,225" oya="3" hai0="44,132,6,2,93,109,64,120,13,16,102,8,60" hai1="37,68,106,89,134,12,50,82,72,96,78,103,4" hai2="94,115,116,80,124,24,9,52,114,119,41,35,123" hai3="71,20,19,48,33,125,11,42,46,111,95,128,43"/><W51/><G33/><T112/><D109/><U98/><E134/><V77/><F41/><W38/><G71/><T76/><D132/><U28/><E37/><V75/><F124/><W79/><G125/><T86/><D120/><U49/><E68/><V21/><F35/><W27/><G128/><T7/><D44/><U14/><E28/><V0/><F123/><W26/><G111/><T117/><D117/><U36/><E36/><V61/><F94/><W97/><G27/><T83/><D112/><U122/><E122/><V45/><F116/><W53/><G38/><T30/><D30/><U87/><E98/><V54/><F119/><W100/><G79/><T17/><D17/><U73/><E73/><V62/><F62/><W118/><G118/><T92/><D102/><U121/><E121/><V5/><F54/><W1/><G1/><T66/><D66/><U85/><E85/><V130/><F130/><W107/><G11/><T135/><D135/><U59/><E4/><N who="0" m="1577" /><D2/><U25/><E25/><V15/><F0/><W110/><G110/><T55/><D64/><U23/><E59/><AGARI ba="0,0" hai="8,13,16,55,59,60,76,83,86,92,93" m="1577" machi="59" ten="30,3900,0" yaku="8,1,52,1,54,1" doraHai="74" who="0" fromWho="1" sc="413,39,137,-39,225,0,225,0" /><INIT seed="4,0,0,0,3,114" ten="452,98,225,225" oya="0" hai0="122,79,20,112,125,67,86,9,55,17,52,26,91" hai1="69,85,66,1,124,100,74,5,19,90,88,7,6" hai2="77,130,102,120,107,97,96,15,44,118,78,101,40" hai3="111,59,37,113,87,123,103,134,93,47,23,3,25"/><T68/><D112/><U10/><E74/><V117/><F15/><W14/><G3/><T54/><D122/><U70/><E124/><V56/><F56/><W42/><G113/><T31/><D125/><U83/><E100/><V46/><F130/><W129/><G111/><T133/><D133/><U21/><E90/><V127/><F127/><W2/><G2/><T57/><D79/><U0/><E66/><V38/><F120/><W128/><G123/><T29/><D68/><U121/><E121/><V51/><F78/><W80/><G14/><T48/><D9/><U35/><E35/><V34/><F34/><W126/><G134/><T58/><D67/><U30/><E30/><V65/><F65/><W41/><G41/><T50/><D55/><U63/><E63/><V82/><F46/><W105/><G59/><T16/><D17/><U22/><E22/><V60/><F60/><W99/><G105/><T84/><D84/><U24/><REACH who="1" step="1"/><E6/><REACH who="1" ten="452,88,225,225" step="2"/><V49/><F101/><W110/><G126/><T72/><D72/><U32/><E32/><V131/><F131/><W116/><G129/><T4/><D4/><U45/><E45/><V108/><F108/><W12/><G110/><T115/><D115/><U61/><E61/><V11/><F11/><AGARI ba="0,1" hai="0,1,5,7,10,11,19,21,24,69,70,83,85,88" machi="11" ten="40,5200,0" yaku="1,1,9,1,54,1,53,0" doraHai="114" doraHaiUra="132" who="1" fromWho="2" sc="452,0,88,62,225,-52,225,0" /><INIT seed="5,0,0,4,2,39" ten="452,150,173,225" oya="1" hai0="76,74,10,56,45,20,26,42,35,14,79,4,111" hai1="99,93,72,106,90,101,89,71,53,9,33,108,122" hai2="107,16,1,121,11,127,28,5,43,21,7,105,126" hai3="44,3,32,112,2,133,63,23,67,0,65,80,55"/><U130/><E122/><V29/><F121/><W38/><G32/><T52/><D111/><U70/><E108/><V97/><F97/><W27/><G133/><T30/><D74/><U68/><E130/><V125/><F7/><W88/><G112/><T123/><D35/><U95/><E33/><V102/><F102/><W17/><G38/><T118/><D118/><U22/><E72/><V40/><F105/><W94/><G80/><T113/><D113/><U103/><E106/><V24/><F107/><W66/><G44/><T69/><D69/><U48/><E22/><V34/><F29/><W64/><G64/><T83/><D83/><U109/><E9/><V135/><F135/><W82/><G82/><T116/><D116/><U87/><REACH who="1" step="1"/><E109/><REACH who="1" ten="452,140,173,225" step="2"/><V92/><REACH who="2" step="1"/><F92/><REACH who="2" ten="452,140,163,225" step="2"/><W31/><G94/><T25/><D123/><U134/><E134/><V120/><F120/><W47/><G2/><T86/><D10/><U13/><E13/><AGARI ba="0,2" hai="1,5,11,13,16,21,24,28,34,40,43,125,126,127" machi="13" ten="40,16000,3" yaku="1,1,24,2,18,1,52,2,54,1,53,3" doraHai="39" doraHaiUra="132" who="2" fromWho="1" sc="452,0,140,-160,163,180,225,0" owari="452,55.2,-20,-52.0,343,14.3,225,-17.5" /></mjloggm>