<mjloggm ver="2.3"><GO type="169" lobby="0"/><UN n0="%48%4F%4D%4F%E5%A5%B3" n1="%74%61%6B%61%74%6F%72%69" n2="%E3%81%82%E3%81%84%E3%81%93%E3%81%99" n3="%E2%98%86%41%64%72%69%61%6E" dan="16,16,16,17" rate="2051.44,2045.76,2153.47,2204.75" sx="M,M,M,M"/><TAIKYOKU oya="0"/><INIT seed="0,0,0,4,5,52" ten="250,250,250,250" oya="0" hai0="57,107,67,110,99,73,103,44,86,58,22,43,41" hai1="119,34,113,62,78,31,109,8,91,106,95,16,94" hai2="2,1,87,49,13,84,17,96,101,33,25,120,20" hai3="124,63,37,60,117,135,3,7,32,108,54,92,38"/><T76/><D110/><U18/><E119/><V30/><F120/><W98/><G117/><T46/><D73/><U128/><E106/><V123/><F123/><W77/><G32/><T42/><D67/><U85/><E128/><V36/><F36/><W47/><G108/><T132/><D132/><U127/><E127/><V111/><F111/><W129/><G77/><T71/><D71/><U56/><E113/><V15/><F15/><W83/><G83/><T55/><D22/><U23/><E78/><V9/><F49/><W134/><G124/><T105/><D105/><U81/><E8/><V59/><F59/><W10/><G129/><T131/><D131/><U19/><E34/><V68/><F68/><W133/><G63/><T48/><REACH who="0" step="1"/><D46/><REACH who="0" ten="240,250,250,250" step="2"/><U28/><E109/><V74/><F74/><W79/><G47/><T69/><D69/><U90/><E23/><V61/><F33/><W102/><G133/><T45/><D45/><U89/><E81/><AGARI ba="0,1" hai="41,42,43,44,48,55,57,58,76,81,86,99,103,107" machi="81" ten="40,7700,0" yaku="1,1,52,2,53,0" doraHai="52" doraHaiUra="4" who="0" fromWho="1" sc="240,87,250,-77,250,0,250,0" /><INIT seed="0,1,0,4,2,107" ten="327,173,250,250" oya="0" hai0="128,68,39,21,94,72,36,40,129,109,69,6,47" hai1="88,74,91,38,118,26,59,84,64,65,102,117,33" hai2="135,67,66,122,62,44,96,55,41,124,100,5,54" hai3="82,70,17,90,89,98,25,126,73,14,52,43,87"/><T133/><D133/><U57/><E38/><V49/><F122/><W22/><G70/><N who="0" m="27243" /><D6/><U92/><E102/><V35/><F35/><W32/><G126/><T28/><D28/><U12/><E12/><V37/><F124/><W93/><G43/><N who="0" m="23015" /><D21/><U125/><E125/><V116/><F135/><W81/><G32/><T58/><D94/><U10/><E10/><V105/><F5/><W85/><G73/><T119/><D119/><U97/><E33/><V50/><F116/><W18/><G52/><T101/><D101/><U2/><E26/><V71/><F67/><W61/><G61/><T42/><D72/><U13/><E13/><V3/><F3/><W77/><REACH who="3" step="1"/><G14/><REACH who="3" ten="327,173,250,240" step="2"/><T108/><D42/><U112/><E74/><V53/><AGARI ba="1,1" hai="37,41,44,49,50,53,54,55,62,66,71,96,100,105" machi="53" ten="30,1100,0" yaku="0,1" doraHai="107" who="2" fromWho="2" sc="327,-6,173,-4,250,24,240,-4" /><INIT seed="1,0,0,0,2,39" ten="321,169,274,236" oya="1" hai0="1,10,122,134,118,28,41,92,105,68,126,23,94" hai1="99,61,35,70,81,98,60,108,86,15,64,63,16" hai2="5,31,78,103,135,19,32,27,34,129,52,128,29" hai3="106,58,0,55,72,45,110,47,36,42,59,4,125"/><U123/><E123/><V112/><F135/><W75/><G106/><T40/><D118/><U90/><E35/><V121/><F121/><W85/><G125/><T73/><D122/><U80/><E108/><V119/><F119/><W109/><G85/><T114/><D114/><U57/><E81/><V65/><F65/><W107/><G107/><T17/><D105/><U100/><E70/><V26/><F103/><W82/><G47/><T120/><D120/><U50/><E50/><V77/><F19/><W124/><G124/><T95/><D134/><U14/><E14/><V13/><F112/><W131/><G131/><T127/><D68/><U11/><E99/><V84/><F84/><W74/><G82/><T9/><D73/><U37/><REACH who="1" step="1"/><E37/><REACH who="1" ten="321,159,274,236" step="2"/><V104/><F13/><W102/><G110/><T96/><D126/><U69/><E69/><V89/><F129/><W117/><G109/><T97/><D127/><U7/><E7/><V33/><F5/><W38/><G38/><T20/><D1/><U30/><E30/><V43/><F34/><W8/><G117/><T2/><D2/><U25/><E25/><V111/><F111/><W116/><G116/><T66/><D96/><U133/><E133/><V130/><F128/><W49/><G59/><T46/><D97/><U18/><E18/><V132/><F130/><W53/><G102/><T62/><D28/><U56/><E56/><V12/><F132/><W91/><G91/><T83/><D83/><U44/><E44/><V48/><F89/><W93/><G93/><AGARI ba="0,1" hai="11,15,16,57,60,61,63,64,80,86,90,93,98,100" machi="93" ten="30,12000,1" yaku="1,1,7,1,8,1,54,1,53,1" doraHai="39" doraHaiUra="6" who="1" fromWho="3" sc="321,0,159,130,274,0,236,-120" /><INIT seed="1,1,0,0,3,82" ten="321,289,274,116" oya="1" hai0="90,108,114,134,129,34,126,101,68,132,8,18,2" hai1="128,96,98,17,131,1,107,127,76,94,97,28,47" hai2="120,121,41,12,50,53,55,93,59,31,22,0,102" hai3="69,89,43,61,29,85,44,83,63,35,9,54,62"/><U104/><E1/><V42/><F0/><W130/><G130/><N who="1" m="49706" /><E28/><V117/><F117/><W112/><G112/><T88/><D68/><U65/><E17/><V58/><F121/><W86/><G29/><T109/><D129/><U71/><E47/><V6/><F120/><W113/><G35/><T45/><D114/><U103/><E65/><V56/><F31/><W67/><G113/><T80/><D34/><U10/><E10/><V100/><F93/><W110/><G110/><N who="0" m="42603" /><D126/><U95/><E71/><V23/><F6/><W32/><G32/><T105/><D45/><U81/><E127/><V51/><F59/><W3/><G54/><T87/><D90/><N who="1" m="55383" /><E98/><V99/><F99/><W13/><G3/><T19/><D101/><U92/><E107/><V122/><F122/><W124/><G124/><T52/><D105/><U116/><E116/><V133/><F12/><W75/><G69/><T5/><D52/><U115/><E115/><V27/><F27/><W33/><G33/><T135/><AGARI ba="1,0" hai="2,5,8,18,19,80,87,88,132,134,135" m="42603" machi="135" ten="40,8000,1" yaku="20,1,14,1,52,1,54,1" doraHai="82" who="0" fromWho="0" sc="321,83,289,-41,274,-21,116,-21" /><INIT seed="2,0,0,2,4,75" ten="404,248,253,95" oya="2" hai0="97,60,115,100,50,64,96,7,22,119,83,6,80" hai1="32,27,112,42,58,43,120,11,2,51,19,18,82" hai2="20,9,34,86,0,57,68,102,93,40,122,4,63" hai3="105,53,1,5,130,106,74,76,69,77,36,129,46"/><V108/><F122/><W3/><G69/><T95/><D115/><U134/><E112/><V26/><F68/><W35/><G35/><T45/><D119/><U23/><E134/><V88/><F108/><W79/><G74/><T38/><D38/><U123/><E32/><V21/><F40/><N who="3" m="22791" /><G53/><T70/><D96/><U12/><E2/><N who="3" m="522" /><G5/><T107/><D107/><U85/><E120/><V133/><F133/><W28/><G28/><T44/><D44/><U72/><E72/><V30/><REACH who="2" step="1"/><F102/><REACH who="2" ten="404,248,243,95" step="2"/><W10/><G10/><T89/><D100/><U109/><E123/><V25/><F25/><W104/><G104/><T84/><D70/><U48/><E109/><V114/><F114/><W14/><G14/><T37/><D37/><U124/><E43/><V56/><F56/><W113/><G113/><T99/><D45/><U91/><E42/><V111/><F111/><W39/><G39/><T54/><D7/><U131/><E58/><V49/><F49/><W55/><G55/><AGARI ba="0,1" hai="0,4,9,20,21,26,30,34,55,57,63,86,88,93" machi="55" ten="30,5800,0" yaku="1,1,7,1,54,1,53,0" doraHai="75" doraHaiUra="66" who="2" fromWho="3" sc="404,0,248,0,243,68,95,-58" /><INIT seed="2,1,0,0,0,120" ten="404,248,311,37" oya="2" hai0="105,130,47,33,110,61,129,31,35,13,125,89,11" hai1="7,51,127,0,117,23,52,14,18,20,42,118,134" hai2="67,119,91,133,5,131,36,69,48,40,109,25,103" hai3="46,54,17,112,108,107,80,123,132,72,62,2,74"/><V116/><F133/><W124/><G107/><T96/><D125/><U99/><E127/><V45/><F131/><N who="0" m="50186" /><D47/><U15/><E42/><V95/><F103/><W8/><G124/><T4/><D31/><U122/><E122/><V64/><F5/><W85/><G123/><T58/><D110/><U83/><E0/><V135/><F135/><W88/><G132/><T113/><D113/><U76/><E99/><V10/><F109/><W39/><G108/><T86/><D96/><U32/><E32/><V19/><F36/><W102/><G102/><T87/><D87/><U92/><E92/><V65/><F69/><W50/><G112/><T114/><D105/><U53/><E53/><V104/><F104/><W77/><G39/><T126/><D114/><U63/><E63/><V3/><F3/><W93/><G62/><T66/><D126/><U38/><E38/><V57/><F57/><W43/><G43/><T6/><D6/><U30/><E7/><V41/><F40/><W59/><G2/><T12/><D12/><U78/><E134/><V24/><F119/><W9/><G59/><T106/><D106/><U56/><E78/><V1/><F116/><W84/><REACH who="3" step="1"/><G17/><REACH who="3" ten="404,248,311,27" step="2"/><T49/><D49/><U101/><E101/><V90/><F1/><W26/><G26/><T71/><D58/><U68/><E68/><V94/><F25/><W98/><G98/><T21/><D61/><U34/><E118/><V82/><F24/><W60/><G60/><T115/><D115/><U121/><E117/><V16/><F41/><W81/><G81/><T79/><D71/><U37/><E121/><RYUUKYOKU ba="1,1" sc="404,-10,248,-10,311,-10,27,30" hai3="8,9,46,50,54,72,74,77,80,84,85,88,93" /><INIT seed="3,2,1,3,4,64" ten="394,238,301,57" oya="3" hai0="6,52,35,46,134,1,48,109,121,112,115,18,25" hai1="61,113,59,81,122,100,24,65,72,47,4,98,63" hai2="19,55,57,7,9,17,102,28,83,5,41,10,94" hai3="111,67,30,45,34,40,69,133,22,120,77,2,58"/><W131/><G120/><T127/><D121/><U49/><E113/><N who="0" m="43593" /><D109/><U105/><E122/><V78/><F28/><W70/><G2/><T87/><D127/><U26/><E4/><V101/><F41/><W0/><G0/><T56/><D134/><U31/><E63/><V123/><F123/><W126/><G34/><T106/><D106/><U86/><E72/><V91/><F5/><W21/><G126/><T103/><D103/><U76/><REACH who="1" step="1"/><E31/><REACH who="1" ten="394,228,301,57" step="2"/><V8/><F7/><W33/><G133/><T92/><D6/><U16/><E16/><V62/><F19/><W97/><G111/><T68/><D18/><U85/><E85/><N who="2" m="48375" /><F17/><W116/><G116/><T119/><D87/><AGARI ba="2,2" hai="8,9,10,55,57,62,87,91,94,101,102" m="48375" machi="87" ten="30,1000,0" yaku="8,1" doraHai="64" who="2" fromWho="0" sc="394,-16,228,0,301,36,57,0" /><INIT seed="4,0,0,1,0,117" ten="378,228,337,57" oya="0" hai0="66,121,2,1,61,23,51,43,127,37,18,67,115" hai1="128,81,9,46,50,105,24,34,41,10,134,72,118" hai2="70,35,88,52,32,102,15,95,77,0,45,89,28" hai3="130,133,29,31,25,62,71,30,57,100,78,98,106"/><T69/><D115/><U8/><E118/><V125/><F0/><W7/><G130/><T79/><D127/><U38/><E105/><V36/><F70/><W123/><G133/><T4/><D121/><U109/><E109/><V87/><F125/><W111/><G111/><T129/><D129/><U131/><E134/><V84/><F77/><W101/><G101/><T86/><D66/><U132/><E132/><V122/><F102/><W55/><G7/><T60/><D60/><U21/><E34/><V22/><F122/><W73/><G123/><T19/><D19/><U124/><E124/><V58/><F45/><W116/><G116/><T6/><D2/><U85/><E72/><V27/><F15/><W14/><G14/><T113/><D113/><U48/><E48/><V119/><F36/><W104/><G71/><T47/><D1/><U82/><E38/><V114/><F114/><W44/><G44/><T42/><D42/><U16/><REACH who="1" step="1"/><E82/><REACH who="1" ten="378,218,337,57" step="2"/><V26/><F119/><W103/><G106/><T39/><D37/><U3/><E3/><V54/><F35/><W112/><G112/><T5/><D39/><U63/><E63/><V108/><F108/><W13/><G104/><T126/><D126/><U20/><E20/><V33/><F33/><W53/><G73/><T80/><REACH who="0" step="1"/><D5/><REACH who="0" ten="368,218,337,57" step="2"/><U68/><E68/><V74/><F74/><W96/><G62/><T49/><D49/><U92/><E92/><V56/><F95/><W120/><G120/><T75/><D75/><U40/><E40/><V12/><F28/><W90/><G31/><T59/><D59/><U99/><E99/><RYUUKYOKU ba="0,2" sc="368,15,218,15,337,-15,57,-15" hai0="4,6,18,23,43,47,51,61,67,69,79,80,86" hai1="8,9,10,16,21,24,41,46,50,81,85,128,131" /><INIT seed="4,1,2,1,5,33" ten="383,233,322,42" oya="0" hai0="87,108,84,107,29,51,85,132,94,8,52,129,60" hai1="0,12,14,81,34,111,125,79,110,1,36,38,15" hai2="37,102,115,73,130,117,112,53,126,23,67,18,66" hai3="89,93,42,25,119,82,101,45,21,27,123,61,55"/><T13/><D129/><U47/><E34/><V106/><F130/><W95/><G119/><T118/><D118/><U71/><E71/><V78/><F117/><W69/><G123/><T22/><D107/><U50/><E125/><V133/><F126/><W116/><G116/><T68/><D132/><U24/><E24/><V121/><F121/><W72/><G101/><T9/><D108/><U91/><E91/><V10/><F10/><W134/><G134/><T88/><D60/><U99/><E99/><N who="2" m="61791" /><F37/><W70/><G95/><T4/><D68/><U63/><E63/><V98/><F98/><W3/><G3/><T2/><D29/><U97/><E97/><V20/><F20/><W120/><G27/><T74/><D74/><U46/><E15/><V114/><F53/><W16/><G120/><T11/><D22/><U43/><E43/><V113/><F133/><W135/><G135/><T76/><D76/><U75/><E79/><V83/><N who="2" m="28672" /><DORA hai="54" /><V57/><F57/><N who="3" m="35007" /><G72/><T104/><D104/><U131/><E75/><V5/><F5/><W86/><G70/><T80/><D80/><U32/><E81/><V56/><F56/><W41/><G69/><T49/><D49/><U109/><E111/><V35/><F35/><W64/><G64/><T31/><D31/><U100/><E32/><V103/><F103/><W124/><G124/><T77/><D77/><U19/><E100/><V59/><F59/><W90/><G45/><N who="0" m="27759" /><D2/><U30/><E131/><V96/><F96/><AGARI ba="1,2" hai="16,21,25,41,42,82,86,89,90,93,96" m="35007" machi="96" ten="30,7700,0" yaku="25,1,8,1,52,1,54,1" doraHai="33,54" who="3" fromWho="2" sc="383,0,233,0,322,-80,42,100" /><AGARI ba="1,0" hai="4,8,9,11,13,84,85,87,88,94,96" m="27759" machi="96" ten="30,5800,0" yaku="8,1,54,2" doraHai="33,54" who="0" fromWho="2" sc="383,58,233,0,242,-58,142,0" /><INIT seed="4,2,0,2,2,43" ten="441,233,184,142" oya="0" hai0="71,66,5,14,103,98,100,91,44,84,65,51,129" hai1="133,0,15,102,57,86,127,88,83,40,54,3,126" hai2="111,115,82,119,114,7,125,46,131,122,117,24,63" hai3="47,68,31,25,58,95,34,59,6,124,94,132,32"/><T52/><D129/><U90/><E102/><N who="0" m="38953" /><D98/><U135/><E15/><V123/><F7/><W13/><G68/><T1/><D1/><U19/><E19/><V128/><F24/><W76/><G124/><N who="1" m="47658" /><E90/><V16/><F16/><W30/><G132/><N who="1" m="50762" /><E40/><V79/><F63/><AGARI ba="2,0" hai="0,3,54,57,63,83,86,88" m="50762,47658" machi="63" ten="30,3900,0" yaku="18,1,20,1,54,1" doraHai="43" who="1" fromWho="2" sc="441,0,233,45,184,-45,142,0" /><INIT seed="5,0,0,2,5,15" ten="441,278,139,142" oya="1" hai0="109,10,80,95,29,18,50,4,113,100,120,39,60" hai1="72,89,75,86,36,66,88,5,101,25,55,11,104" hai2="21,34,79,54,135,116,56,7,127,106,19,3,119" hai3="27,117,126,94,59,37,38,70,30,16,53,12,13"/><U71/><E36/><V105/><F34/><W63/><G126/><T28/><D109/><U8/><E25/><V85/><F127/><W118/><G70/><T110/><D110/><U61/><E89/><V78/><F135/><W114/><G114/><T44/><D39/><U47/><E11/><V57/><F7/><W74/><G12/><N who="0" m="7447" /><D4/><U122/><E122/><V58/><F3/><W83/><G94/><T115/><D60/><U41/><E55/><V40/><F40/><W33/><G74/><T2/><D2/><U93/><E47/><V96/><F54/><W111/><G83/><T99/><D80/><U1/><REACH who="1" step="1"/><E41/><REACH who="1" ten="441,268,139,142" step="2"/><V112/><F112/><N who="0" m="43082" /><D120/><U77/><E77/><V6/><F79/><W52/><G111/><T131/><D131/><U65/><E65/><V35/><F78/><W102/><G53/><AGARI ba="0,1" hai="28,29,44,50,53,95,99,100" m="43082,7447" machi="53" ten="30,2000,0" yaku="15,1,52,1" doraHai="15" who="0" fromWho="3" sc="441,30,268,0,139,0,142,-20" /><INIT seed="6,0,0,1,0,129" ten="471,268,139,122" oya="2" hai0="29,51,130,22,1,66,86,59,53,24,91,20,8" hai1="35,114,81,71,93,47,92,21,95,110,87,118,10" hai2="31,78,54,42,12,77,119,117,45,26,67,30,107" hai3="14,135,41,134,80,57,48,75,102,7,127,123,112"/><V82/><F107/><W97/><G123/><T39/><D39/><U28/><E35/><V89/><F67/><W62/><G127/><T9/><D130/><U32/><E32/><V120/><F120/><W85/><G75/><T101/><D101/><U5/><E110/><V46/><F89/><W64/><G112/><T36/><D36/><U18/><E28/><V27/><F54/><W23/><G7/><T58/><D1/><U37/><E71/><V98/><F12/><W125/><G125/><T25/><D59/><U13/><E114/><V49/><F98/><W104/><G23/><T108/><D66/><U73/><E73/><V74/><F78/><W61/><G14/><T79/><D79/><U124/><E118/><V96/><F96/><W4/><G4/><T40/><D40/><U116/><E116/><V65/><F65/><W38/><G38/><T68/><D68/><U109/><E109/><V52/><F30/><W11/><G11/><T103/><D103/><U6/><E124/><V56/><F26/><W115/><G115/><T55/><D55/><U131/><E131/><V121/><F46/><W15/><G15/><T16/><D108/><U72/><E72/><V133/><F133/><N who="3" m="50699" /><G64/><T19/><D29/><U33/><E33/><V69/><F69/><W94/><G104/><T76/><D76/><U2/><E5/><V50/><F121/><W128/><G128/><T43/><D43/><U63/><E6/><V132/><F132/><W122/><G122/><T83/><AGARI ba="0,0" hai="8,9,16,19,20,22,24,25,51,53,58,83,86,91" machi="83" ten="20,8000,1" yaku="0,1,7,1,9,1,8,1,54,1" doraHai="129" who="0" fromWho="0" sc="471,80,268,-20,139,-40,122,-20" /><INIT seed="7,0,0,1,2,63" ten="551,248,99,102" oya="3" hai0="81,16,26,76,51,132,105,93,3,129,57,43,38" hai1="94,49,47,109,101,48,113,85,128,15,134,46,37" hai2="88,118,73,82,33,2,98,30,97,95,53,6,122" hai3="100,91,78,31,23,114,1,90,56,41,80,115,62"/><W54/><G1/><T36/><D26/><U103/><E109/><V17/><F118/><W8/><G8/><T124/><D16/><U5/><E37/><V96/><F122/><W108/><G108/><T60/><D81/><U19/><E5/><V52/><F30/><W111/><G111/><T86/><D86/><U7/><E7/><V135/><F33/><W106/><G41/><T69/><D76/><U50/><E113/><N who="3" m="43018" /><G100/><N who="1" m="38474" /><E128/><V79/><F135/><W14/><G106/><T21/><D57/><U42/><E42/><V102/><F17/><N who="3" m="10679" /><G31/><T70/><D43/><U4/><E4/><V0/><F0/><W104/><G104/><T45/><D21/><N who="1" m="11519" /><E134/><V18/><F18/><W22/><G22/><T20/><D20/><U65/><E47/><V64/><F64/><W9/><G9/><T61/><D93/><U112/><E65/><V71/><F71/><W58/><G58/><T119/><D105/><U72/><E46/><V92/><REACH who="2" step="1"/><F97/><REACH who="2" ten="551,248,89,102" step="2"/><W121/><G121/><T27/><D45/><U74/><E74/><AGARI ba="0,1" hai="54,56,62,74,78,80,90,91" m="10679,43018" machi="74" ten="30,1500,0" yaku="15,1" doraHai="63" who="3" fromWho="1" sc="551,0,248,-15,89,0,102,25" /><INIT seed="7,1,0,1,0,116" ten="551,233,89,127" oya="3" hai0="122,32,29,73,110,44,34,5,36,79,12,105,24" hai1="82,40,30,134,26,126,14,4,120,61,85,62,27" hai2="49,108,71,94,93,88,89,47,115,57,11,132,78" hai3="95,2,104,101,96,76,7,0,135,97,64,80,56"/><W16/><G135/><T117/><D122/><U39/><E126/><V59/><F108/><W54/><G64/><T99/><D12/><U13/><E120/><V48/><F71/><W28/><G28/><T114/><D5/><U111/><E111/><V50/><F132/><W41/><G41/><T102/><D114/><U107/><E107/><V87/><F115/><W68/><G16/><T6/><D6/><U70/><E4/><V84/><F78/><W19/><G19/><T131/><D131/><U8/><E8/><V118/><F118/><W119/><G7/><T103/><D103/><U90/><E27/><V91/><F11/><W51/><G68/><T58/><D58/><N who="2" m="22026" /><F47/><W17/><G17/><T75/><D110/><U42/><E62/><V25/><F25/><W112/><G112/><T1/><D1/><U109/><E40/><V53/><F53/><W124/><G124/><T121/><D121/><U33/><E134/><V100/><F100/><W35/><G35/><T83/><D117/><U130/><E130/><V128/><F128/><W9/><G9/><T129/><D129/><U113/><E113/><V31/><F31/><W106/><G119/><T21/><D75/><U15/><E109/><V65/><F65/><W67/><G67/><T20/><D32/><U43/><E39/><V66/><F66/><W52/><G54/><T127/><D127/><U18/><E18/><V77/><F77/><W37/><G37/><T81/><D79/><U92/><E70/><V45/><F45/><W3/><G96/><T10/><D36/><U72/><E61/><V133/><F133/><RYUUKYOKU ba="1,0" sc="551,-30,233,10,89,10,127,10" hai1="13,14,15,26,30,33,42,43,72,82,85,90,92" hai2="48,49,50,84,87,88,89,91,93,94" hai3="0,2,3,51,52,56,76,80,95,97,101,104,106" /><INIT seed="7,2,0,4,3,60" ten="521,243,99,137" oya="3" hai0="90,52,115,127,31,5,134,68,70,26,106,94,54" hai1="8,7,30,19,38,82,73,132,57,44,27,25,17" hai2="121,3,108,72,46,129,45,103,53,35,88,0,50" hai3="111,51,76,16,12,18,49,14,96,74,15,56,102"/><W123/><G123/><T36/><D106/><U107/><E107/><V11/><F108/><W133/><G111/><T87/><D36/><U116/><E25/><V118/><F118/><W130/><G130/><T21/><D5/><U43/><E57/><V104/><F129/><W119/><G119/><T98/><D127/><U28/><E28/><V48/><F35/><W71/><G71/><T65/><D134/><U67/><E67/><V63/><F72/><W97/><G133/><T9/><D9/><U83/><E83/><V101/><F63/><W37/><G37/><T41/><D41/><U89/><E132/><V59/><F59/><W42/><G76/><T128/><D128/><U66/><E66/><V80/><F121/><W117/><G74/><T20/><D65/><U125/><E125/><V34/><F34/><W6/><G6/><T39/><D115/><U93/><E82/><V92/><F80/><W81/><G81/><T78/><D39/><U84/><E73/><V33/><F33/><W4/><G4/><T109/><D109/><U99/><E99/><N who="3" m="37962" /><G102/><T75/><D75/><U69/><E69/><V113/><F113/><W1/><G1/><T61/><D68/><U135/><E135/><V110/><F110/><W77/><G77/><T105/><D78/><U32/><E116/><V24/><F104/><W114/><G114/><T2/><D2/><AGARI ba="2,0" hai="2,7,8,17,19,27,30,32,38,43,44,84,89,93" machi="2" ten="30,1000,0" yaku="7,1" doraHai="60" who="1" fromWho="0" sc="521,-16,243,16,99,0,137,0" owari="505,60.5,259,5.9,99,-40.1,137,-26.3" /></mjloggm>