<mjloggm ver="2.3"><GO type="169" lobby="0"/><UN n0="%E3%83%9F%E3%83%8D%E3%83%A9%E3%83%AB" n1="%E6%A1%83%E3%81%A3%E3%81%BA" n2="%50%73%79%63%68%65" n3="%53%E6%9C%A8" dan="18,16,17,17" rate="2271.28,2069.86,2134.01,2186.07" sx="M,M,M,M"/><TAIKYOKU oya="0"/><INIT seed="0,0,0,2,5,121" ten="250,250,250,250" oya="0" hai0="81,50,16,84,75,111,22,57,47,116,61,19,35" hai1="1,58,120,124,65,82,3,62,43,37,99,97,96" hai2="125,34,67,11,98,89,94,88,129,63,28,74,66" hai3="27,68,29,60,9,7,42,106,83,53,110,30,90"/><T72/><D116/><U48/><E120/><V101/><F74/><W133/><G106/><T109/><D35/><U130/><E130/><V13/><F129/><W135/><G42/><T45/><D47/><U6/><E124/><V112/><F112/><W25/><G83/><T78/><D19/><U71/><E6/><V46/><F125/><W49/><G90/><T77/><D78/><U44/><REACH who="1" step="1"/><E82/><REACH who="1" ten="250,240,250,250" step="2"/><V10/><F34/><W87/><G7/><T102/><D75/><U92/><E92/><V114/><F94/><W73/><G73/><T127/><D72/><U15/><E15/><V123/><F13/><W100/><G135/><T8/><D127/><U36/><E36/><V95/><F95/><W122/><G133/><T107/><D107/><U18/><E18/><V41/><F123/><W64/><G122/><T134/><D134/><U105/><E105/><V128/><F128/><W32/><G32/><T52/><D102/><U33/><E33/><V126/><F101/><W14/><G100/><T113/><D113/><U86/><E86/><V59/><F114/><W76/><G87/><T20/><D8/><U51/><E51/><V23/><F11/><W119/><G49/><T39/><D39/><U0/><E0/><V117/><F10/><W91/><G9/><T70/><D70/><U24/><E24/><V104/><F104/><W2/><G68/><T56/><D16/><U79/><E79/><V115/><F115/><W17/><G76/><T118/><D118/><U12/><E12/><V40/><F117/><W131/><G119/><T108/><D61/><U31/><E31/><RYUUKYOKU ba="0,1" sc="250,15,240,15,250,-15,250,-15" hai0="20,22,45,50,52,56,57,77,81,84,108,109,111" hai1="1,3,37,43,44,48,58,62,65,71,96,97,99" /><INIT seed="0,1,1,3,4,114" ten="265,255,235,235" oya="0" hai0="58,27,95,23,18,121,129,132,32,105,57,4,89" hai1="104,54,75,15,85,56,135,118,2,26,63,80,101" hai2="0,38,78,60,40,49,36,94,25,127,47,108,130" hai3="62,31,11,83,107,5,16,45,112,64,51,109,98"/><T59/><D121/><U77/><E2/><V69/><F0/><W122/><G112/><T113/><D113/><U73/><E135/><V126/><F78/><W87/><G122/><T82/><D132/><U70/><E70/><V3/><F3/><W133/><G133/><T79/><D105/><U111/><E111/><V20/><F108/><W35/><G109/><T30/><D129/><U110/><E110/><V120/><F120/><W125/><G125/><N who="2" m="47625" /><F94/><W17/><G107/><T8/><D4/><U134/><E134/><V28/><F130/><W131/><G35/><T44/><D44/><U90/><E75/><V88/><F88/><W48/><G98/><T93/><D8/><U71/><E71/><V72/><F72/><W39/><G11/><T10/><D10/><U119/><E15/><V12/><F12/><W106/><G106/><T117/><D117/><U102/><E26/><V9/><F9/><W53/><G131/><T33/><D33/><U43/><E43/><V124/><N who="2" m="47633" /><V1/><DORA hai="74" /><F1/><W91/><G91/><T46/><D46/><U76/><E76/><V61/><F69/><W13/><G13/><T21/><D32/><U68/><E68/><V96/><F96/><W81/><G83/><T52/><D93/><N who="1" m="54479" /><E102/><V6/><F6/><W50/><G81/><T55/><D95/><U14/><E14/><V97/><F97/><AGARI ba="1,1" hai="54,56,63,73,77,80,97,101,104,118,119" m="54479" machi="97" ten="30,7700,0" yaku="24,1,52,3" doraHai="114,74" who="1" fromWho="2" sc="265,0,255,90,235,-80,235,0" /><INIT seed="1,0,0,1,2,85" ten="265,345,155,235" oya="1" hai0="46,53,11,8,96,125,57,54,75,63,2,68,97" hai1="20,87,72,112,30,23,59,24,58,52,62,69,93" hai2="17,101,61,114,44,49,50,10,43,109,89,102,6" hai3="120,0,31,129,42,28,56,108,16,88,84,25,12"/><U48/><E72/><V9/><F109/><W132/><G120/><T1/><D75/><U55/><E69/><V117/><F117/><W36/><G108/><T45/><D68/><U14/><E112/><V27/><F114/><W33/><G132/><T130/><D57/><U76/><E14/><V60/><F50/><W100/><G129/><T115/><D115/><U51/><E62/><V116/><F116/><W47/><G28/><T124/><REACH who="0" step="1"/><D63/><REACH who="0" ten="255,345,155,235" step="2"/><U133/><E133/><V80/><F61/><W104/><G56/><T99/><D99/><U78/><E20/><V35/><F60/><W15/><G0/><T22/><D22/><U134/><E134/><V127/><F35/><W29/><G33/><T19/><D19/><U122/><E122/><V39/><F17/><W3/><G3/><T86/><D86/><U7/><E7/><V113/><F6/><W81/><G29/><T119/><D119/><U73/><E73/><V123/><F113/><W38/><G31/><T90/><D90/><AGARI ba="0,1" hai="23,24,30,48,51,52,55,58,59,76,78,87,90,93" machi="90" ten="40,12000,1" yaku="9,1,8,1,52,1,54,1" doraHai="85" who="1" fromWho="0" sc="255,-120,345,130,155,0,235,0" /><INIT seed="1,1,0,2,1,58" ten="135,475,155,235" oya="1" hai0="12,41,91,105,52,26,92,120,53,0,55,86,83" hai1="121,20,98,30,15,96,118,25,61,97,60,84,109" hai2="123,16,89,34,67,99,65,17,46,130,28,81,82" hai3="117,68,76,44,7,32,50,1,70,37,2,39,31"/><U108/><E121/><V75/><F123/><W56/><G117/><T95/><D105/><U8/><E84/><V74/><F46/><W77/><G56/><T80/><D0/><U132/><E132/><V63/><F28/><W5/><G44/><T115/><D115/><U124/><E124/><V110/><F34/><W14/><G14/><T104/><D104/><U134/><E134/><V19/><F110/><N who="1" m="42601" /><E118/><V101/><F130/><W107/><G107/><T111/><D111/><U72/><E72/><V23/><F23/><W87/><G31/><T113/><D113/><U90/><E90/><V114/><F114/><W45/><G45/><T129/><D129/><U10/><E10/><V94/><F67/><W13/><G13/><T29/><D12/><U62/><E98/><V18/><N who="2" m="4096" /><DORA hai="122" /><V36/><F36/><W66/><G66/><T35/><D120/><U133/><E133/><V24/><F24/><W64/><G64/><T22/><D41/><U127/><E127/><V93/><F75/><W103/><G87/><T49/><D35/><U42/><E42/><V102/><F74/><W38/><G39/><T54/><REACH who="0" step="1"/><D83/><REACH who="0" ten="125,475,155,235" step="2"/><U85/><E85/><V135/><F135/><W43/><G32/><T88/><D88/><U73/><E73/><V116/><F116/><W126/><G43/><T21/><D21/><U51/><E51/><V27/><F89/><W112/><G50/><T100/><D100/><U48/><E48/><V9/><F102/><W131/><G103/><T59/><AGARI ba="1,1" hai="22,26,29,49,52,53,54,55,59,80,86,91,92,95" machi="59" ten="30,7900,0" yaku="1,1,0,1,8,1,54,1,53,0" doraHai="58,122" doraHaiUra="57,71" who="0" fromWho="0" sc="125,92,475,-40,155,-21,235,-21" /><INIT seed="2,0,0,3,5,135" ten="217,435,134,214" oya="2" hai0="106,50,63,32,23,38,105,88,85,42,77,128,107" hai1="22,36,118,15,44,39,116,117,2,125,3,80,110" hai2="97,79,33,40,41,104,64,30,109,19,95,66,7" hai3="20,37,43,14,48,46,59,114,83,127,6,133,51"/><V81/><F104/><W13/><G133/><T21/><D32/><U108/><E80/><V61/><F7/><W60/><G114/><T45/><D128/><U29/><E44/><V71/><F66/><W122/><G122/><T53/><D77/><U124/><E29/><V96/><F109/><N who="1" m="42089" /><E22/><V70/><F70/><W98/><G6/><T113/><D113/><U28/><E15/><V126/><F19/><W120/><G120/><T0/><D0/><N who="1" m="43" /><E28/><V69/><F69/><W65/><G83/><T99/><D63/><U76/><E76/><V68/><F68/><W87/><G87/><T55/><D99/><U24/><E24/><V121/><F121/><W129/><G14/><T10/><D10/><U74/><E74/><V119/><F97/><W16/><G129/><T25/><D23/><U100/><E100/><V75/><F30/><W91/><G98/><T52/><D21/><U132/><E132/><V134/><F33/><W1/><G1/><T111/><D25/><U34/><E34/><V57/><F71/><W18/><G91/><T62/><D62/><U130/><E130/><V86/><F75/><W90/><G90/><T12/><D12/><U27/><E27/><V103/><F134/><W11/><G20/><T67/><D111/><U78/><E78/><V102/><F102/><W17/><G18/><T49/><REACH who="0" step="1"/><D67/><REACH who="0" ten="207,435,134,214" step="2"/><U94/><E94/><AGARI ba="0,1" hai="38,42,45,49,50,52,53,55,85,88,94,105,106,107" machi="94" ten="50,8000,1" yaku="1,1,2,1,54,2,53,0" doraHai="135" doraHaiUra="31" who="0" fromWho="1" sc="207,90,435,-80,134,0,214,0" /><INIT seed="3,0,0,2,0,65" ten="297,355,134,214" oya="3" hai0="25,53,30,9,34,13,115,32,45,98,114,95,83" hai1="8,112,117,75,92,50,2,26,37,76,55,36,49" hai2="1,33,60,3,6,132,94,122,17,81,12,130,82" hai3="61,42,133,52,116,18,120,11,77,135,80,85,73"/><W10/><G116/><T7/><D83/><U71/><E112/><N who="0" m="43049" /><D53/><U74/><E71/><V4/><F33/><W67/><G120/><T103/><D45/><U69/><E69/><V105/><F105/><W107/><G107/><T70/><D70/><U46/><E117/><V51/><F122/><W109/><G42/><T102/><D34/><U111/><E26/><V62/><F132/><N who="3" m="50763" /><G67/><T5/><D5/><U110/><E92/><V68/><F68/><W84/><G109/><N who="1" m="41482" /><E50/><V16/><F51/><W35/><G35/><T0/><D103/><U43/><E76/><V131/><REACH who="2" step="1"/><F94/><REACH who="2" ten="297,355,124,214" step="2"/><W113/><G113/><T44/><D44/><N who="1" m="28071" /><E37/><V24/><F24/><W29/><G61/><T78/><D95/><U56/><E56/><V40/><F40/><W59/><G59/><T15/><D25/><U118/><E118/><V79/><F79/><W47/><G77/><T22/><D78/><U99/><E99/><V27/><F27/><W31/><G80/><T100/><D98/><U57/><E57/><V19/><F19/><W128/><G18/><T86/><D32/><U125/><E125/><V93/><F93/><W123/><G123/><T96/><D96/><U63/><E63/><V126/><F126/><W90/><G31/><T89/><D30/><U134/><E134/><V14/><AGARI ba="0,1" hai="1,3,4,6,12,14,16,17,60,62,81,82,130,131" machi="14" ten="25,8000,1" yaku="1,1,0,1,22,2,54,1,53,0" doraHai="65" doraHaiUra="64" who="2" fromWho="2" sc="297,-20,355,-20,124,90,214,-40" /><INIT seed="4,0,0,1,5,118" ten="277,335,214,174" oya="0" hai0="40,100,75,35,80,33,78,65,95,76,60,52,66" hai1="50,14,70,90,126,129,17,106,121,107,47,79,87" hai2="91,15,32,92,67,128,102,82,39,108,22,38,11" hai3="96,37,56,49,133,69,8,119,28,2,26,113,18"/><T31/><D40/><U83/><E70/><V62/><F32/><W27/><G119/><T59/><D78/><U135/><E129/><V6/><F108/><W23/><G113/><T93/><D93/><U57/><E135/><V94/><F128/><W120/><G69/><T25/><REACH who="0" step="1"/><D35/><REACH who="0" ten="267,335,214,174" step="2"/><U36/><E107/><V122/><F94/><W42/><G42/><T132/><D132/><U125/><E106/><V54/><F92/><W12/><G133/><T73/><D73/><U115/><E79/><V99/><F39/><W98/><G37/><T123/><D123/><U41/><E36/><V77/><F38/><W110/><G120/><T124/><D124/><N who="1" m="47723" /><E121/><V114/><F77/><W46/><G110/><T105/><D105/><U55/><E115/><V109/><F122/><W4/><G98/><AGARI ba="0,1" hai="25,31,33,52,59,60,65,66,75,76,80,95,98,100" machi="98" ten="40,7700,0" yaku="1,1,54,1,53,1" doraHai="118" doraHaiUra="88" who="0" fromWho="3" sc="267,87,335,0,214,0,174,-77" /><INIT seed="4,1,0,4,1,18" ten="354,335,214,97" oya="0" hai0="54,131,45,94,102,66,78,14,90,33,4,106,24" hai1="58,49,134,135,12,72,30,0,128,81,55,17,63" hai2="38,130,123,84,19,64,126,69,96,105,57,119,129" hai3="47,93,43,112,56,16,114,132,70,53,15,32,73"/><T109/><D131/><U86/><E72/><V121/><F38/><W7/><G70/><T11/><D66/><U95/><E30/><V21/><F69/><W37/><G32/><T42/><D78/><U67/><E0/><V23/><F119/><W51/><G73/><T44/><D54/><U61/><E128/><N who="2" m="49259" /><F126/><W29/><G29/><T107/><D102/><U77/><E95/><V115/><F115/><W3/><G132/><N who="1" m="50730" /><E67/><V1/><F1/><W52/><G93/><T41/><D109/><U83/><E81/><V27/><F84/><W65/><G65/><T125/><D125/><U82/><E83/><V75/><F75/><W117/><G117/><T88/><D33/><U91/><E91/><V36/><F36/><W118/><G118/><T108/><D108/><U2/><E2/><V110/><F110/><W68/><G68/><T39/><D90/><U89/><E89/><V120/><F96/><W25/><G3/><T76/><D76/><U6/><E6/><V62/><F105/><W40/><G7/><T5/><D4/><U100/><E100/><V28/><F123/><W104/><G104/><T98/><REACH who="0" step="1"/><D24/><AGARI ba="1,0" hai="19,21,23,24,27,28,57,62,64,120,121" m="49259" machi="24" ten="30,3900,0" yaku="19,1,52,2" doraHai="18" who="2" fromWho="0" sc="354,-42,335,0,214,42,97,0" /><INIT seed="5,0,0,2,0,84" ten="312,335,256,97" oya="1" hai0="70,76,20,46,123,95,129,56,4,55,25,6,103" hai1="61,43,132,68,80,108,64,17,121,8,33,87,101" hai2="114,94,16,24,39,23,110,1,9,88,52,97,75" hai3="62,99,100,78,128,21,34,83,11,135,127,125,86"/><U57/><E121/><V85/><F110/><W12/><G34/><T3/><D70/><U126/><E33/><V44/><F75/><W81/><G21/><T7/><D129/><U92/><E108/><V93/><F114/><W49/><G62/><T74/><D123/><U30/><E30/><V130/><F130/><W45/><G128/><T89/><D103/><U77/><E132/><V134/><F134/><W10/><G135/><T59/><D3/><U32/><E32/><V2/><F9/><W79/><G125/><T15/><D15/><U96/><E126/><V133/><F133/><W47/><G127/><T31/><D76/><U72/><E43/><V48/><F39/><W51/><G100/><AGARI ba="0,0" hai="1,2,16,23,24,44,48,52,85,88,93,94,97,100" machi="100" ten="30,8000,1" yaku="7,1,52,1,54,3" doraHai="84" who="2" fromWho="3" sc="312,0,335,0,256,80,97,-80" /><INIT seed="6,0,0,3,4,122" ten="312,335,336,17" oya="2" hai0="71,59,69,37,45,130,95,56,72,116,7,0,60" hai1="94,108,44,113,41,39,128,115,61,73,34,20,5" hai2="42,125,18,63,92,114,13,51,24,14,120,119,57" hai3="83,87,46,93,129,27,17,85,127,98,28,23,78"/><V99/><F119/><W53/><G129/><T84/><D72/><U55/><E34/><V36/><F36/><W25/><G127/><T11/><D130/><U86/><E73/><V79/><F120/><W33/><G46/><T132/><D116/><U118/><E128/><V107/><F107/><W134/><G134/><T70/><D132/><U43/><E118/><V117/><F117/><W67/><G67/><T133/><D133/><U91/><E41/><V101/><F79/><W35/><G53/><T30/><D30/><U16/><E5/><V49/><F114/><N who="1" m="43529" /><E108/><V109/><F109/><W58/><G58/><T124/><D124/><U123/><E123/><V6/><F125/><W4/><G4/><T88/><REACH who="0" step="1"/><D60/><REACH who="0" ten="302,335,336,17" step="2"/><U102/><E61/><V22/><F42/><AGARI ba="0,1" hai="0,7,11,37,42,45,56,59,69,70,71,84,88,95" machi="42" ten="40,5200,0" yaku="1,1,2,1,54,1,53,0" doraHai="122" doraHaiUra="126" who="0" fromWho="2" sc="302,62,335,0,336,-52,17,0" /><INIT seed="7,0,0,3,1,110" ten="364,335,284,17" oya="3" hai0="43,96,50,76,124,6,70,58,129,59,90,83,99" hai1="81,28,49,24,53,62,29,127,0,66,111,130,75" hai2="117,21,57,45,54,120,14,85,106,60,46,34,37" hai3="135,3,103,113,133,19,5,22,119,15,41,2,39"/><W4/><G39/><T55/><D70/><U36/><E0/><N who="3" m="42" /><G103/><T32/><D32/><U74/><E111/><V88/><F117/><W33/><G41/><T104/><D43/><U105/><E105/><V12/><F106/><W56/><G56/><T131/><D6/><N who="3" m="2665" /><G119/><T9/><D90/><U47/><E29/><V30/><F37/><W25/><G33/><T72/><D59/><U84/><E130/><V51/><F34/><W11/><G113/><T107/><D131/><U35/><E127/><V67/><F46/><W71/><G71/><T121/><D124/><U78/><REACH who="1" step="1"/><E36/><REACH who="1" ten="364,325,284,17" step="2"/><V118/><F118/><W109/><G109/><T31/><D129/><U73/><E73/><V87/><F120/><W116/><G116/><T64/><D72/><U13/><E13/><V63/><F14/><W7/><AGARI ba="0,1" hai="7,11,15,19,22,25,133,135" m="2665,42" machi="7" ten="30,3000,0" yaku="34,2" doraHai="110" who="3" fromWho="3" sc="364,-10,325,-10,284,-10,17,40" /><INIT seed="7,1,0,4,2,9" ten="354,315,274,57" oya="3" hai0="65,49,6,63,66,53,99,84,127,109,3,39,71" hai1="61,96,43,88,133,54,135,120,125,23,74,24,85" hai2="101,129,110,126,22,83,64,41,30,33,31,62,12" hai3="77,81,18,67,40,29,92,123,47,80,106,11,75"/><W107/><G123/><T121/><D121/><U104/><E74/><V45/><F110/><W124/><G124/><T0/><D109/><U119/><E120/><V17/><F126/><W89/><G81/><T38/><D66/><U130/><E125/><V59/><F129/><W122/><G122/><T97/><D99/><U44/><E130/><V36/><F33/><W117/><G117/><T114/><D114/><U68/><E119/><V128/><F128/><W76/><G76/><T51/><D51/><U93/><E68/><V131/><F131/><W94/><G29/><T37/><D127/><U26/><E26/><V21/><F101/><W60/><G94/><T103/><D84/><U78/><E54/><V134/><F134/><N who="1" m="51209" /><E61/><V52/><F83/><W46/><G46/><T105/><REACH who="0" step="1"/><D6/><REACH who="0" ten="344,315,274,57" step="2"/><U72/><E72/><V98/><F98/><W4/><G67/><T70/><D70/><U87/><E104/><V79/><F79/><W28/><G60/><T118/><D118/><U5/><E5/><V34/><F34/><W35/><G35/><T115/><D115/><U16/><E78/><V7/><F7/><W113/><G113/><T132/><D132/><U56/><E56/><AGARI ba="1,1" hai="0,3,37,38,39,49,53,56,63,65,71,97,103,105" machi="56" ten="40,1300,0" yaku="1,1,53,0" doraHai="9" doraHaiUra="42" who="0" fromWho="1" sc="344,26,315,-16,274,0,57,0" owari="370,47.0,299,9.9,274,-12.6,57,-44.3" /></mjloggm>