<mjloggm ver="2.3"><GO type="169" lobby="0"/><UN n0="%E8%8C%B6%E5%BA%A6" n1="%E9%BB%92%E7%8C%AB%E3%81%AE%E3%83%8E%E3%83%B3" n2="%E3%83%9C%E3%82%AF%E3%81%A1%E3%82%83%E3%82%93" n3="%61%73%61%64%61%31%32" dan="16,16,16,17" rate="2122.69,2100.50,2079.02,2180.17" sx="M,M,M,M"/><TAIKYOKU oya="0"/><INIT seed="0,0,0,4,0,2" ten="250,250,250,250" oya="0" hai0="42,92,106,89,96,32,110,35,59,93,65,127,41" hai1="130,94,26,129,50,77,49,45,33,54,72,58,133" hai2="119,6,97,113,4,98,10,51,135,108,0,52,128" hai3="67,123,38,13,63,34,80,122,25,30,73,69,116"/><T7/><D127/><U134/><E94/><V71/><F113/><W86/><G116/><T85/><D106/><U91/><E91/><V23/><F71/><W57/><G13/><T75/><D75/><U40/><E77/><V74/><F74/><W64/><G38/><T66/><D110/><U99/><E99/><V118/><F108/><W28/><G28/><T29/><D29/><U16/><E72/><V8/><F23/><W112/><G112/><T103/><D59/><U48/><E33/><V20/><F20/><W104/><G67/><T21/><D21/><N who="1" m="13607" /><E49/><V19/><F19/><W68/><G73/><T5/><D96/><U105/><E105/><V82/><F82/><W87/><G87/><T12/><D89/><U62/><E62/><V24/><F24/><W44/><G44/><T109/><D109/><U60/><E60/><V17/><F17/><W3/><G3/><T115/><D85/><U114/><E114/><V31/><F31/><W125/><G125/><T56/><D115/><U100/><E100/><V84/><F84/><W102/><G57/><T36/><D56/><U95/><E95/><V55/><F0/><W18/><G69/><T81/><D103/><U46/><E58/><V1/><F1/><W90/><REACH who="3" step="1"/><G18/><REACH who="3" ten="250,250,250,240" step="2"/><T61/><D36/><U37/><E37/><V70/><F70/><W14/><G14/><T107/><D12/><U132/><AGARI ba="0,1" hai="40,45,46,48,50,54,129,130,132,133,134" m="13607" machi="132" ten="40,2700,0" yaku="20,1,54,1" doraHai="2" who="1" fromWho="1" sc="250,-13,250,37,250,-7,240,-7" /><INIT seed="1,0,0,0,3,95" ten="237,287,243,233" oya="1" hai0="1,30,69,105,3,76,40,18,67,71,39,115,58" hai1="37,130,59,81,51,64,92,108,97,7,4,128,42" hai2="17,88,110,93,129,100,9,125,29,78,19,53,133" hai3="49,22,31,38,33,107,113,99,90,60,56,36,89"/><U27/><E37/><V120/><F120/><W50/><G33/><T104/><D18/><U82/><E27/><V87/><F129/><N who="1" m="49769" /><E108/><V74/><F110/><W0/><G0/><T134/><D58/><U91/><E42/><V12/><F133/><W48/><G113/><T70/><D67/><U79/><E51/><V96/><F125/><W75/><G75/><T44/><D115/><U77/><E59/><V116/><F29/><W86/><G38/><T83/><D30/><U80/><E64/><V102/><F102/><W14/><G36/><T103/><D134/><U135/><E135/><V6/><F116/><W84/><G31/><T106/><REACH who="0" step="1"/><D103/><REACH who="0" ten="227,287,243,233" step="2"/><N who="1" m="60839" /><E7/><V126/><F126/><W20/><G56/><T23/><D23/><U101/><E4/><V41/><F19/><W127/><G127/><T43/><D43/><U8/><E8/><V46/><F17/><W94/><G22/><T16/><D16/><U47/><E47/><V132/><F41/><W28/><G20/><T45/><D45/><U98/><E91/><V2/><F132/><W26/><G28/><T57/><D57/><U5/><E5/><V66/><F66/><W35/><G26/><T111/><D111/><U65/><E65/><V62/><F46/><W55/><G55/><T85/><AGARI ba="0,1" hai="1,3,39,40,44,69,70,71,76,83,85,104,105,106" machi="85" ten="40,2700,0" yaku="1,1,0,1,53,0" doraHai="95" doraHaiUra="131" who="0" fromWho="0" sc="227,37,287,-13,243,-7,233,-7" /><INIT seed="2,0,0,5,5,124" ten="264,274,236,226" oya="2" hai0="67,59,66,41,42,27,97,37,84,39,114,99,96" hai1="127,10,55,8,40,0,64,38,91,57,21,48,108" hai2="33,92,78,31,61,2,20,3,80,69,4,77,85" hai3="104,62,133,101,45,107,112,94,13,36,65,121,15"/><V105/><F105/><W90/><G121/><T70/><D84/><U56/><E127/><V28/><F33/><W25/><G133/><T52/><D27/><U50/><E108/><V16/><F77/><W115/><G25/><T125/><D125/><U117/><E117/><V32/><F32/><W109/><G109/><T119/><D119/><U11/><E21/><V1/><F4/><W43/><G101/><T81/><D81/><U53/><E64/><V122/><F122/><W51/><G36/><T73/><D73/><U63/><E91/><V35/><F35/><W14/><G90/><T22/><D22/><U18/><E38/><V130/><F92/><W102/><G94/><T49/><D114/><N who="3" m="43561" /><G102/><T87/><D87/><U118/><E118/><V82/><F82/><W68/><AGARI ba="0,0" hai="13,14,15,43,45,51,62,65,68,104,107" m="43561" machi="68" ten="30,1100,0" yaku="11,1" doraHai="124" who="3" fromWho="3" sc="264,-3,274,-3,236,-5,226,11" /><INIT seed="3,0,0,4,0,67" ten="261,271,231,237" oya="3" hai0="4,108,59,121,68,123,24,62,7,57,88,5,81" hai1="72,116,93,58,10,23,31,22,39,66,98,99,109" hai2="118,74,85,0,20,71,82,29,105,115,77,112,94" hai3="44,37,11,34,86,106,91,50,38,54,27,41,133"/><W53/><G106/><T119/><D119/><U103/><E116/><V83/><F0/><W129/><G133/><T114/><D108/><U87/><E72/><V64/><F105/><W32/><G129/><T48/><D114/><U84/><E109/><V46/><F118/><W97/><G97/><T12/><D12/><U55/><E39/><V65/><F94/><W130/><G130/><T78/><D48/><U104/><E66/><V19/><F29/><W1/><G38/><T73/><D24/><U61/><E10/><V3/><F3/><W131/><G131/><T92/><D68/><U95/><E104/><V126/><F46/><W127/><G127/><T75/><D75/><U79/><E31/><V89/><F65/><W47/><G53/><T128/><D62/><U33/><E33/><V56/><F56/><W52/><G54/><T63/><D63/><U25/><E79/><V9/><F9/><W15/><G27/><T132/><D132/><U30/><REACH who="1" step="1"/><E22/><REACH who="1" ten="261,261,231,237" step="2"/><V60/><REACH who="2" step="1"/><F126/><REACH who="2" ten="261,261,221,237" step="2"/><W70/><G1/><T40/><D128/><U101/><AGARI ba="0,2" hai="23,25,30,55,58,61,84,87,93,95,98,99,101,103" machi="101" ten="20,12000,2" yaku="1,1,2,1,0,1,7,1,9,1,8,1,53,0" doraHai="67" doraHaiUra="117" who="1" fromWho="1" sc="261,-30,261,140,221,-30,237,-60" /><INIT seed="4,0,0,4,4,6" ten="231,401,191,177" oya="0" hai0="15,69,113,48,83,118,12,82,9,34,45,100,94" hai1="22,40,97,19,61,96,58,41,65,23,114,2,119" hai2="117,67,95,102,108,93,80,47,76,21,52,20,33" hai3="107,77,28,105,126,11,63,18,57,68,16,64,79"/><T120/><D34/><U10/><E119/><V32/><F108/><W3/><G68/><T88/><D69/><U53/><E114/><V54/><F117/><W38/><G38/><T71/><D71/><U25/><E65/><V35/><F67/><W90/><G28/><T128/><D120/><U125/><E125/><V51/><F54/><W86/><G126/><T111/><D113/><U110/><E110/><V43/><F43/><N who="1" m="16457" /><E2/><V17/><F102/><W24/><G107/><T131/><D100/><U116/><E116/><V73/><REACH who="2" step="1"/><F21/><REACH who="2" ten="231,401,181,177" step="2"/><N who="3" m="13351" /><G105/><T135/><D111/><U66/><E66/><V132/><F132/><W55/><G64/><T74/><D135/><U84/><E23/><V44/><F44/><W99/><G3/><T112/><D118/><U75/><E53/><V106/><F106/><W7/><G7/><T36/><D112/><U133/><E22/><V14/><AGARI ba="0,1" hai="14,17,20,32,33,35,47,51,52,73,76,80,93,95" machi="14" ten="30,4000,0" yaku="1,1,0,1,54,1,53,0" doraHai="6" doraHaiUra="59" who="2" fromWho="2" sc="231,-20,401,-10,181,50,177,-10" /><INIT seed="5,0,0,2,0,73" ten="211,391,231,167" oya="1" hai0="117,116,65,56,95,123,7,135,32,120,1,10,89" hai1="92,104,130,113,18,122,64,60,43,23,72,57,21" hai2="46,112,37,63,99,131,85,105,2,132,14,11,70" hai3="110,121,98,84,28,108,19,24,90,94,124,68,111"/><U51/><E104/><V34/><F2/><W41/><G121/><N who="0" m="46667" /><D32/><U22/><E72/><V91/><F34/><W75/><G75/><T133/><D65/><U58/><E122/><V6/><F131/><W30/><G124/><T35/><D35/><U52/><E113/><V40/><F132/><N who="0" m="50762" /><D56/><U4/><E4/><V96/><F105/><W3/><G3/><T9/><D9/><U103/><E43/><V29/><F29/><W86/><G68/><T127/><D127/><U44/><E130/><V13/><F13/><W100/><G41/><T45/><D45/><U102/><E44/><V134/><F112/><W42/><G42/><T27/><D27/><U83/><E83/><V128/><F128/><W25/><G19/><T26/><D26/><U79/><E18/><V88/><F134/><W101/><G24/><T82/><D82/><U107/><E57/><V39/><F39/><W87/><G25/><T81/><D81/><U54/><E58/><V15/><F15/><W93/><G28/><T97/><AGARI ba="0,0" hai="1,7,10,89,95,97,116,117" m="50762,46667" machi="97" ten="30,2000,0" yaku="13,1,20,1" doraHai="73" who="0" fromWho="0" sc="211,20,391,-10,231,-5,167,-5" /><INIT seed="6,0,0,5,4,14" ten="231,381,226,162" oya="2" hai0="36,25,123,38,110,125,21,71,1,27,111,7,135" hai1="115,52,100,18,87,3,117,49,90,32,82,17,15" hai2="96,26,97,43,130,94,98,57,44,48,131,72,122" hai3="116,105,47,59,41,104,134,92,124,113,34,4,46"/><V73/><F94/><W77/><G116/><T61/><D123/><U35/><E117/><V107/><F107/><W67/><G34/><T56/><D71/><U28/><E3/><V74/><F122/><W37/><G124/><T86/><D135/><U58/><E100/><V54/><REACH who="2" step="1"/><F26/><REACH who="2" ten="231,381,216,162" step="2"/><W78/><G92/><T53/><D27/><U64/><E82/><V16/><F16/><W109/><G104/><T85/><D25/><U70/><E18/><V126/><F126/><W112/><G105/><T45/><D125/><U20/><E17/><V9/><F9/><W103/><G4/><T101/><D7/><U42/><E28/><V40/><F40/><W129/><G134/><T24/><D24/><U50/><E42/><V80/><F80/><W2/><G41/><T65/><D21/><U60/><E20/><V75/><N who="2" m="18432" /><DORA hai="118" /><V83/><F83/><W91/><G129/><T84/><D111/><U93/><E93/><V55/><F55/><W68/><G109/><T89/><D53/><U23/><E52/><V8/><F8/><W133/><G133/><T66/><D110/><U106/><E23/><V29/><F29/><W114/><G114/><T11/><D11/><U33/><E106/><V0/><F0/><W31/><G2/><T99/><D1/><U62/><E115/><V6/><F6/><W5/><G5/><T10/><D10/><U76/><E35/><V22/><F22/><W13/><G31/><T51/><D66/><N who="1" m="41287" /><E33/><V88/><F88/><W120/><G112/><T132/><D132/><U19/><E32/><V63/><AGARI ba="0,1" hai="43,44,48,54,57,63,96,97,98,130,131" m="18432" machi="63" ten="60,6000,0" yaku="1,1,0,1,53,0" doraHai="14,118" doraHaiUra="81,79" who="2" fromWho="2" sc="231,-20,381,-20,216,70,162,-20" /><INIT seed="6,1,0,2,3,82" ten="211,361,286,142" oya="2" hai0="7,95,88,135,9,63,131,59,77,71,75,72,128" hai1="29,113,49,110,32,35,112,105,64,11,22,25,16" hai2="91,27,116,66,17,5,94,129,124,8,102,56,61" hai3="70,81,90,67,28,93,43,109,74,99,37,101,10"/><V53/><F116/><W51/><G37/><T103/><D103/><U125/><E110/><V12/><F129/><N who="0" m="49738" /><D71/><U18/><E125/><V120/><F124/><W69/><G109/><T52/><D77/><U86/><E105/><V4/><F102/><W73/><G28/><T65/><D65/><U121/><E121/><V118/><F118/><W13/><G70/><T62/><D62/><U126/><E126/><V33/><F120/><W117/><G117/><T48/><D48/><U38/><E38/><V111/><F111/><W104/><G67/><T107/><D107/><U47/><E64/><V21/><F33/><N who="1" m="12873" /><E86/><N who="2" m="52599" /><F66/><W23/><G23/><T78/><D78/><U119/><E11/><V115/><F115/><N who="1" m="44105" /><E119/><V39/><F39/><W57/><G69/><T98/><D135/><U97/><E97/><V68/><F68/><W58/><G74/><T84/><D98/><U54/><AGARI ba="1,0" hai="16,18,22,25,29,47,49,54" m="44105,12873" machi="54" ten="30,2000,0" yaku="15,1,54,1" doraHai="82" who="1" fromWho="1" sc="211,-6,361,23,286,-11,142,-6" /><INIT seed="7,0,0,2,0,50" ten="205,384,275,136" oya="3" hai0="78,98,120,72,62,55,74,69,93,7,114,91,53" hai1="45,113,92,42,122,76,18,32,128,5,123,80,26" hai2="103,12,1,10,57,65,43,22,110,51,90,132,36" hai3="39,131,129,77,30,108,118,95,4,101,107,109,49"/><W54/><G39/><T34/><D34/><U8/><E128/><N who="3" m="49226" /><G118/><T35/><D35/><U60/><E113/><V86/><F36/><W31/><G107/><T58/><D120/><U27/><E60/><V2/><F110/><N who="3" m="42603" /><G4/><T112/><D69/><U88/><E122/><V23/><F132/><W79/><G101/><T38/><D38/><U94/><E123/><V40/><F103/><W47/><G95/><T6/><D78/><AGARI ba="0,0" hai="30,31,47,49,54,77,78,79" m="42603,49226" machi="78" ten="30,5800,0" yaku="19,1,10,1,52,1" doraHai="50" who="3" fromWho="0" sc="205,-58,384,0,275,0,136,58" /><INIT seed="7,1,0,1,2,87" ten="147,384,275,194" oya="3" hai0="40,24,129,121,4,97,63,108,65,100,23,45,54" hai1="99,37,10,58,36,126,134,128,111,0,107,16,11" hai2="62,57,66,29,120,123,130,22,51,48,52,7,93" hai3="43,56,118,67,127,69,26,105,76,84,17,82,98"/><W132/><G69/><T133/><D108/><U104/><E58/><V64/><F130/><W119/><G127/><T18/><D133/><U33/><E16/><V116/><F116/><W49/><G132/><T114/><D121/><N who="2" m="46666" /><F7/><W115/><G115/><T47/><D129/><U15/><E99/><V42/><F93/><W73/><G73/><T70/><D114/><U117/><E15/><V14/><F14/><W124/><G124/><T91/><D4/><U46/><E46/><N who="2" m="25687" /><F51/><W9/><G105/><T96/><D54/><U112/><E33/><V20/><F20/><N who="3" m="13583" /><G98/><T90/><D97/><U34/><E11/><V55/><F66/><W21/><G9/><T77/><D77/><U89/><E89/><V106/><F106/><W103/><G103/><T12/><D12/><U71/><E10/><V31/><F31/><W35/><G35/><T53/><D53/><U59/><E59/><V41/><F41/><W75/><G21/><T13/><D13/><U81/><E107/><V125/><F125/><W72/><G43/><T122/><D122/><U50/><E104/><V25/><AGARI ba="1,0" hai="22,25,29,52,55,57,62,64" m="25687,46666" machi="25" ten="30,2000,0" yaku="13,1,54,1" doraHai="87" who="2" fromWho="2" sc="147,-6,384,-6,275,23,194,-11" owari="141,-35.9,378,47.8,298,9.8,183,-21.7" /></mjloggm>