<mjloggm ver="2.3"><GO type="169" lobby="0"/><UN n0="%E3%82%B9%E3%83%9E%E3%83%9B%E3%81%82%E3%81%96%E3%82%89%E3%81%97" n1="%E3%83%9C%E3%82%AF%E3%81%A1%E3%82%83%E3%82%93" n2="%E6%9C%8B%E4%B9%9F%40" n3="%41%6D%69%63%68%61%6E" dan="17,16,16,16" rate="2138.74,2074.15,2161.96,2079.51" sx="M,M,F,F"/><TAIKYOKU oya="0"/><INIT seed="0,0,0,4,0,46" ten="250,250,250,250" oya="0" hai0="67,49,96,121,42,66,119,118,65,51,107,83,81" hai1="132,25,71,58,128,55,110,37,17,34,41,12,103" hai2="98,112,39,127,92,70,64,75,13,38,43,115,6" hai3="36,104,21,27,80,69,15,7,2,111,54,10,60"/><T3/><D3/><U16/><E71/><V53/><F75/><W14/><G104/><T123/><D42/><U57/><E128/><V101/><F127/><W78/><G36/><T28/><D28/><U76/><E132/><V23/><F39/><W40/><G111/><T100/><D96/><U114/><E110/><V79/><F79/><W109/><G109/><T59/><D59/><U108/><E76/><V106/><F106/><W35/><G40/><T117/><D100/><U32/><E17/><V31/><F6/><W61/><G35/><T18/><D18/><U82/><E82/><N who="0" m="31241" /><D107/><U4/><E4/><V29/><F43/><W77/><G69/><T88/><D88/><U50/><E108/><V90/><F38/><W124/><G78/><T133/><D133/><U84/><E103/><V122/><F101/><W131/><G131/><T85/><D85/><U102/><E84/><V19/><F122/><AGARI ba="0,0" hai="49,51,65,66,67,117,118,119,121,122,123" m="31241" machi="122" ten="40,12000,1" yaku="28,2,52,2" doraHai="46" who="0" fromWho="2" sc="250,120,250,0,250,-120,250,0" /><INIT seed="0,1,0,4,0,61" ten="370,250,130,250" oya="0" hai0="49,23,82,134,100,99,58,120,95,9,7,40,56" hai1="72,59,106,50,84,65,22,4,51,94,77,101,27" hai2="38,80,93,114,46,21,10,28,31,86,13,97,15" hai3="57,118,45,123,74,92,98,70,37,126,87,19,60"/><T18/><D134/><U16/><E72/><V68/><F68/><W62/><G118/><T52/><D120/><U64/><E106/><V116/><F116/><W54/><G74/><T55/><D82/><N who="1" m="47183" /><E4/><V33/><F114/><W44/><G126/><T89/><D40/><U85/><E51/><V79/><F33/><W30/><G30/><T108/><D108/><U107/><E107/><V130/><F130/><W102/><G37/><T124/><D124/><U111/><E111/><V1/><F1/><W75/><G75/><T42/><D42/><U119/><E119/><V105/><F105/><W29/><G29/><T0/><D100/><U103/><E103/><V26/><F46/><W81/><G123/><T76/><D76/><U129/><E129/><V128/><F128/><W66/><REACH who="3" step="1"/><G19/><REACH who="3" ten="370,250,130,240" step="2"/><T20/><REACH who="0" step="1"/><D18/><REACH who="0" ten="360,250,130,240" step="2"/><U96/><E85/><V121/><F86/><W32/><G32/><T17/><D17/><U11/><E11/><V41/><F38/><W132/><G132/><T67/><D67/><U133/><E133/><V48/><F31/><W8/><G8/><T125/><D125/><U112/><E112/><V88/><F121/><W25/><G25/><T2/><D2/><U90/><E101/><V34/><F10/><W12/><G12/><T6/><D6/><U122/><E122/><V117/><F117/><W14/><G14/><T3/><D3/><U47/><E65/><V35/><F13/><W109/><G109/><T115/><D115/><U78/><E64/><V63/><F15/><W53/><G53/><T104/><D104/><U43/><E78/><AGARI ba="1,2" hai="44,45,54,57,60,62,66,70,78,81,87,92,98,102" machi="78" ten="30,3900,0" yaku="1,1,7,1,52,1,53,0" doraHai="61" doraHaiUra="135" who="3" fromWho="1" sc="360,0,250,-42,130,0,240,62" /><INIT seed="1,0,0,1,5,130" ten="360,208,130,302" oya="1" hai0="50,55,25,71,15,38,24,84,31,91,23,118,13" hai1="107,92,10,113,86,27,11,85,28,74,95,124,88" hai2="44,47,45,3,123,114,20,35,14,120,49,106,111" hai3="109,76,68,8,101,79,60,2,22,61,53,64,82"/><U56/><E113/><V126/><F35/><W51/><G109/><T94/><D118/><U80/><E107/><V66/><F3/><W129/><G129/><T97/><D38/><U6/><E74/><V133/><F106/><W87/><G61/><T34/><D71/><U115/><E115/><V21/><F114/><W33/><G33/><T128/><D128/><U100/><E124/><V75/><F75/><W110/><G110/><T116/><D116/><U43/><E43/><V81/><F111/><W46/><G22/><T78/><D24/><U65/><E100/><V98/><F66/><W119/><G119/><T42/><D42/><U77/><E95/><V96/><F126/><W90/><G101/><T18/><D13/><U69/><E69/><V132/><F81/><W121/><G121/><N who="2" m="46665" /><F49/><W9/><G9/><T57/><D97/><N who="2" m="37482" /><F14/><W52/><G53/><T16/><D18/><U125/><E125/><V26/><F26/><W127/><G127/><T122/><D122/><U39/><E39/><V62/><F62/><W67/><G67/><T17/><D17/><U63/><REACH who="1" step="1"/><E6/><REACH who="1" ten="360,198,130,302" step="2"/><V58/><F58/><W131/><G131/><T70/><D70/><U108/><E108/><V12/><F12/><W0/><G0/><T83/><D94/><U102/><E102/><V105/><F105/><W40/><G40/><T4/><D4/><U134/><E134/><AGARI ba="0,1" hai="20,21,44,45,47,132,133,134" m="37482,46665" machi="134" ten="40,12000,2" yaku="28,2,20,1,52,3" doraHai="130" who="2" fromWho="1" sc="360,0,198,-120,130,130,302,0" /><INIT seed="2,0,0,3,5,83" ten="360,78,260,302" oya="2" hai0="10,115,111,47,71,101,106,23,24,134,54,72,9" hai1="125,95,63,62,112,133,59,8,5,123,105,2,87" hai2="56,78,94,42,108,52,99,89,119,25,67,11,116" hai3="19,77,16,34,127,28,49,117,109,37,61,92,131"/><V98/><F42/><W86/><G37/><T68/><D115/><U100/><E112/><V51/><F108/><W70/><G109/><T135/><D111/><U53/><E133/><V50/><F78/><W104/><G104/><T97/><D72/><U15/><E125/><V93/><F67/><W58/><G127/><T96/><D47/><U29/><E123/><V130/><F130/><W27/><G131/><T7/><D54/><U126/><E126/><V30/><F11/><W90/><G117/><T88/><D68/><U103/><E105/><V79/><F79/><W46/><G70/><T41/><D41/><U74/><E74/><V14/><F14/><W22/><G77/><T122/><D71/><U132/><E132/><N who="0" m="50729" /><D7/><U12/><E29/><V1/><F51/><W32/><G32/><T20/><D20/><U55/><E103/><V26/><F1/><W3/><G3/><T6/><D6/><U60/><E100/><V113/><F113/><W84/><G34/><T102/><D102/><U48/><REACH who="1" step="1"/><E55/><REACH who="1" ten="360,68,260,302" step="2"/><V64/><F30/><W44/><G28/><N who="0" m="17439" /><D122/><U118/><E118/><V66/><F119/><W121/><G121/><T76/><D106/><U75/><E75/><V39/><F116/><W57/><G61/><T110/><D101/><U45/><E45/><V43/><F66/><W38/><G46/><T128/><D110/><U80/><E80/><V81/><F81/><W124/><G44/><T69/><D128/><U33/><E33/><V107/><F64/><W114/><G114/><T73/><D73/><U31/><E31/><V65/><F65/><W82/><G124/><RYUUKYOKU ba="0,1" sc="360,-10,68,30,260,-10,302,-10" hai1="2,5,8,12,15,48,53,59,60,62,63,87,95" /><INIT seed="3,1,1,3,1,118" ten="350,98,250,292" oya="3" hai0="5,62,26,30,58,81,76,78,40,107,80,3,82" hai1="123,52,116,0,133,42,115,65,126,120,72,17,73" hai2="60,54,98,12,101,31,112,84,53,47,11,18,129" hai3="111,4,44,125,45,56,109,59,24,89,117,93,83"/><W51/><G117/><T57/><D107/><U134/><E116/><V86/><F112/><W41/><G125/><T6/><D40/><U68/><E126/><V49/><F129/><W50/><G83/><T9/><D5/><U34/><E42/><V46/><F31/><W85/><G24/><T21/><REACH who="0" step="1"/><D57/><REACH who="0" ten="340,98,250,292" step="2"/><U100/><E115/><V19/><F47/><W1/><G4/><T14/><D14/><U38/><E0/><V22/><F60/><W29/><G1/><T39/><D39/><U96/><E38/><V95/><REACH who="2" step="1"/><F54/><AGARI ba="1,2" hai="3,6,9,21,26,30,54,58,62,76,78,80,81,82" machi="54" ten="40,1300,0" yaku="1,1,53,0" doraHai="118" doraHaiUra="110" who="0" fromWho="2" sc="340,36,98,0,250,-16,292,0" /><INIT seed="4,0,0,5,5,109" ten="376,98,234,292" oya="0" hai0="15,38,117,45,106,13,78,130,59,73,125,43,2" hai1="31,102,124,83,128,110,68,3,113,62,91,76,116" hai2="95,79,53,0,23,26,114,99,64,135,121,98,89" hai3="51,1,75,57,70,8,71,77,37,54,5,131,118"/><T61/><D117/><U10/><E116/><V35/><F35/><W21/><G118/><T103/><D130/><U9/><E110/><V16/><F121/><W49/><G131/><T36/><D36/><U104/><E128/><V66/><F0/><W107/><G107/><T34/><D34/><U27/><E124/><V67/><F114/><W33/><G33/><T7/><D103/><U30/><E91/><V65/><F135/><W69/><G37/><T40/><D40/><U122/><E122/><V120/><F120/><W123/><G123/><T14/><D106/><U4/><E10/><V6/><F6/><W39/><G39/><T24/><D24/><U20/><E31/><V19/><F79/><W119/><G119/><T126/><D78/><U55/><E102/><V115/><F115/><W101/><G101/><T42/><D42/><U129/><E104/><V25/><N who="2" m="16384" /><DORA hai="44" /><V17/><F53/><W86/><G75/><T92/><D92/><U133/><E133/><V87/><REACH who="2" step="1"/><F26/><REACH who="2" ten="376,98,224,292" step="2"/><W56/><G1/><T85/><D2/><U100/><E129/><V80/><F80/><W50/><G5/><T84/><D7/><U81/><E81/><V60/><F60/><W63/><G63/><T74/><D61/><U111/><E113/><V90/><F90/><W32/><G32/><T82/><D82/><U132/><E132/><V105/><F105/><W11/><G77/><T88/><D88/><U94/><E76/><V29/><AGARI ba="0,1" hai="16,17,19,23,25,29,87,89,95,98,99" m="16384" machi="29" ten="50,8000,1" yaku="1,1,0,1,8,1,54,1,53,1" doraHai="109,44" doraHaiUra="58,18" who="2" fromWho="2" sc="376,-40,98,-20,224,90,292,-20" /><INIT seed="5,0,0,0,4,54" ten="336,78,314,272" oya="1" hai0="10,91,38,28,57,125,25,46,105,131,80,29,52" hai1="88,43,30,50,126,47,5,67,85,58,36,98,117" hai2="115,121,4,2,17,84,94,128,13,63,74,44,45" hai3="95,3,109,78,1,112,124,8,69,73,108,21,100"/><U64/><E117/><V53/><F121/><W111/><G69/><T106/><D10/><U119/><E119/><V49/><F74/><W133/><G73/><T14/><D14/><U93/><E126/><V101/><F128/><W116/><G116/><T103/><D131/><U32/><E5/><V118/><F118/><W7/><G78/><T60/><D103/><U61/><E32/><V40/><F2/><W135/><G124/><T19/><D19/><U130/><E30/><V102/><F4/><W134/><G112/><T41/><D125/><U16/><E130/><V83/><F94/><W72/><G72/><T39/><D39/><U51/><E67/><V75/><F75/><W11/><G95/><T70/><D70/><U31/><E31/><V122/><F122/><W15/><G100/><T22/><D28/><U48/><REACH who="1" step="1"/><E16/><REACH who="1" ten="336,68,314,272" step="2"/><V71/><F17/><N who="3" m="10431" /><G8/><T37/><D29/><U107/><E107/><V82/><F13/><AGARI ba="0,1" hai="1,3,7,11,13,108,109,111,133,134,135" m="10431" machi="13" ten="40,5200,0" yaku="20,1,34,2" doraHai="54" who="3" fromWho="2" sc="336,0,68,0,314,-52,272,62" /><INIT seed="6,0,0,4,3,15" ten="336,68,262,334" oya="2" hai0="121,107,120,57,104,8,125,114,49,33,115,36,40" hai1="30,54,24,63,43,47,3,101,94,48,129,9,118" hai2="21,39,109,128,10,50,17,27,56,1,6,78,18" hai3="11,84,45,124,97,132,34,28,64,112,111,46,93"/><V113/><F39/><W89/><G111/><T13/><D33/><U98/><E118/><V100/><F109/><W71/><G132/><T105/><D36/><U106/><E129/><V81/><F128/><W96/><G124/><T122/><D125/><U102/><E3/><V126/><F126/><W23/><G34/><T108/><D108/><U88/><E106/><V38/><F38/><W14/><G71/><T116/><D116/><U119/><E119/><V69/><F69/><W76/><G64/><T53/><REACH who="0" step="1"/><D40/><REACH who="0" ten="326,68,262,334" step="2"/><U86/><E9/><V87/><F113/><W91/><G11/><T7/><AGARI ba="0,1" hai="7,8,13,49,53,57,104,105,107,114,115,120,121,122" machi="7" ten="40,5200,0" yaku="1,1,2,1,0,1,53,0" doraHai="15" doraHaiUra="77" who="0" fromWho="0" sc="326,62,68,-13,262,-26,334,-13" /><INIT seed="7,0,0,4,3,128" ten="388,55,236,321" oya="3" hai0="124,104,74,81,11,20,27,8,132,91,62,95,73" hai1="133,0,110,28,96,42,123,37,14,38,119,2,98" hai2="31,93,127,105,9,34,113,61,70,76,7,16,26" hai3="36,111,112,12,30,59,116,77,41,103,129,43,52"/><W4/><G116/><T29/><D104/><U19/><E119/><V44/><F127/><W130/><G103/><T49/><D124/><U109/><E28/><V40/><F113/><W118/><G118/><T65/><D132/><U50/><E50/><V64/><F76/><W54/><G112/><T48/><D73/><U60/><E60/><V107/><F93/><W97/><G30/><T23/><D81/><U94/><E94/><V39/><REACH who="2" step="1"/><F16/><REACH who="2" ten="388,55,226,321" step="2"/><W125/><G77/><T122/><D95/><U58/><E19/><V117/><F117/><W24/><G125/><T121/><D121/><U131/><E123/><V120/><F120/><W108/><G4/><T5/><D5/><U22/><E131/><V6/><F6/><W35/><G130/><T79/><D79/><U89/><E89/><V115/><F115/><W32/><G129/><T21/><D91/><U55/><E22/><V86/><F86/><W68/><G35/><T87/><D21/><U72/><E72/><V126/><F126/><W63/><G32/><T10/><D23/><U33/><E33/><V56/><F56/><W69/><G59/><T78/><D87/><U99/><E99/><V80/><F80/><W114/><G114/><T18/><D122/><U100/><E58/><V135/><F135/><W88/><G88/><T66/><D20/><U47/><E100/><V17/><F17/><W13/><G97/><T45/><D18/><U1/><E133/><V3/><AGARI ba="0,1" hai="3,7,9,26,31,34,39,40,44,61,64,70,105,107" machi="3" ten="20,12000,2" yaku="1,1,0,1,7,1,33,3,53,1" doraHai="128" doraHaiUra="71" who="2" fromWho="2" sc="388,-30,55,-30,226,130,321,-60" owari="358,45.8,25,-47.5,356,15.6,261,-13.9" /></mjloggm>