<mjloggm ver="2.3"><GO type="169" lobby="0"/><UN n0="%6B%69%79%6F%64%61%69" n1="%77%61%77%61%33%30%33%30" n2="%6D%69%6E%65%72%61%6C%32" n3="%E7%A9%B4%E7%8C%AB" dan="17,17,17,16" rate="2124.79,2191.72,2190.30,2100.54" sx="M,M,M,M"/><TAIKYOKU oya="0"/><INIT seed="0,0,0,1,1,109" ten="250,250,250,250" oya="0" hai0="50,51,5,108,118,0,21,127,40,28,44,70,134" hai1="55,2,65,116,124,14,10,20,82,98,88,18,16" hai2="35,13,19,97,119,49,1,85,59,75,25,6,87" hai3="31,74,30,58,96,135,129,29,110,47,34,107,79"/><T104/><D104/><U53/><E124/><V37/><F75/><W133/><G110/><T113/><D70/><U95/><E116/><V91/><F37/><W131/><G34/><T121/><D118/><U46/><E2/><V27/><F119/><W38/><G58/><T63/><D121/><U66/><E82/><V71/><F71/><W90/><G79/><T77/><D77/><U3/><E3/><V83/><F6/><W24/><G74/><T128/><D128/><N who="3" m="49225" /><G24/><T130/><D127/><U54/><REACH who="1" step="1"/><E46/><REACH who="1" ten="250,240,250,250" step="2"/><V17/><F1/><W72/><G72/><T22/><D44/><U43/><E43/><V92/><F83/><W114/><G47/><T132/><D40/><U61/><E61/><V102/><F13/><AGARI ba="0,1" hai="10,13,14,16,18,20,53,54,55,65,66,88,95,98" machi="13" ten="40,8000,1" yaku="1,1,8,1,54,2,53,0" doraHai="109" doraHaiUra="105" who="1" fromWho="2" sc="250,0,240,90,250,-80,250,0" /><INIT seed="1,0,0,0,3,89" ten="250,330,170,250" oya="1" hai0="73,114,72,90,85,62,99,14,125,17,126,80,10" hai1="128,56,15,3,105,11,118,124,63,42,27,88,4" hai2="54,28,104,52,93,101,39,0,8,49,111,120,32" hai3="135,47,121,55,96,18,31,83,71,19,53,45,129"/><U75/><E118/><V68/><F111/><W26/><G121/><T79/><D114/><U22/><E75/><V60/><F104/><W132/><G71/><T102/><D62/><U110/><E105/><V86/><F39/><W108/><G108/><T36/><D36/><U127/><E110/><V91/><F120/><W1/><G1/><T51/><D51/><U58/><E42/><V77/><F32/><W100/><G129/><T81/><REACH who="0" step="1"/><D72/><REACH who="0" ten="240,330,170,250" step="2"/><U115/><E115/><V64/><F49/><W122/><G132/><T20/><D20/><U46/><E128/><V130/><F130/><W7/><G135/><T40/><D40/><U69/><E124/><V30/><F60/><W66/><G122/><T78/><D78/><U25/><E127/><V94/><F77/><W95/><G66/><T98/><D98/><U9/><E69/><V33/><F64/><W84/><G53/><T37/><D37/><U76/><E76/><V123/><F68/><W12/><G55/><N who="2" m="21033" /><F33/><W13/><G47/><T61/><D61/><U134/><E46/><V119/><F123/><W34/><G45/><T107/><AGARI ba="0,1" hai="10,14,17,73,79,80,81,85,90,99,102,107,125,126" machi="107" ten="30,4000,0" yaku="1,1,0,1,53,1" doraHai="89" doraHaiUra="106" who="0" fromWho="0" sc="240,50,330,-20,170,-10,250,-10" /><INIT seed="2,0,0,4,3,5" ten="290,310,160,240" oya="2" hai0="46,81,69,44,58,45,120,99,118,47,48,65,31" hai1="42,3,110,89,117,123,17,28,40,104,107,134,10" hai2="54,94,90,15,76,38,33,103,113,95,27,60,68" hai3="75,19,64,0,71,108,8,4,41,51,29,119,9"/><V26/><F113/><W61/><G119/><T127/><D120/><U109/><E117/><V25/><F38/><W66/><G108/><T16/><D69/><U135/><E28/><V43/><F43/><N who="1" m="16425" /><E89/><V7/><F76/><W36/><G75/><T20/><D127/><U67/><E67/><V55/><F33/><W91/><G64/><T39/><D39/><U100/><E100/><V125/><F125/><W12/><G29/><T126/><D31/><U84/><E84/><V70/><F103/><W63/><G36/><T121/><D121/><U96/><E96/><V57/><F95/><W130/><G130/><T83/><D126/><U35/><E35/><V13/><F55/><W112/><G61/><N who="0" m="38071" /><D99/><U97/><E97/><V106/><F106/><W34/><G91/><T101/><D101/><U129/><E3/><V37/><F37/><W23/><G34/><T102/><D102/><U1/><E1/><V49/><F60/><W50/><G112/><T6/><D6/><U88/><E88/><V74/><F74/><W105/><G105/><N who="1" m="40522" /><E129/><V30/><F30/><W2/><G41/><N who="0" m="24591" /><D118/><U87/><E87/><V86/><REACH who="2" step="1"/><F15/><AGARI ba="0,0" hai="15,16,20,45,46,47,81,83" m="24591,38071" machi="15" ten="30,2000,0" yaku="8,1,54,1" doraHai="5" who="0" fromWho="2" sc="290,20,310,0,160,-20,240,0" /><INIT seed="3,0,0,1,5,79" ten="310,310,140,240" oya="3" hai0="42,51,21,71,102,82,29,112,99,119,109,2,44" hai1="50,126,105,60,37,16,106,1,87,120,132,95,63" hai2="130,59,110,49,25,34,125,113,115,131,84,91,70" hai3="57,32,107,101,47,17,14,86,6,36,134,111,22"/><W5/><G32/><T15/><D109/><U52/><E37/><V19/><F70/><W74/><G74/><T31/><D71/><U118/><E1/><V54/><F110/><W3/><G111/><T24/><D2/><U18/><E120/><V10/><F125/><W97/><G134/><T76/><D119/><U69/><E126/><V72/><F72/><W121/><G121/><T68/><D68/><U85/><E132/><V133/><F133/><W12/><G3/><T9/><D31/><U61/><E69/><V92/><F34/><W11/><G57/><T35/><D35/><U28/><E28/><V116/><F116/><W124/><G124/><T73/><D112/><U88/><E118/><V93/><F93/><W65/><G65/><T122/><D122/><U53/><E53/><V127/><F127/><W123/><G123/><T64/><D64/><U30/><E30/><V38/><F38/><W83/><G36/><T26/><D26/><U27/><E87/><V108/><F108/><W23/><G47/><T40/><D40/><U13/><E27/><V45/><F59/><W98/><G98/><T48/><D48/><U128/><E18/><V104/><F104/><W56/><G56/><T20/><D20/><U4/><E4/><V90/><F90/><W8/><G17/><T77/><D77/><AGARI ba="0,0" hai="5,6,8,11,12,14,22,23,77,83,86,97,101,107" machi="77" ten="30,5800,0" yaku="7,1,9,1,52,1" doraHai="79" who="3" fromWho="0" sc="310,-58,310,0,140,0,240,58" /><INIT seed="3,1,0,2,1,51" ten="252,310,140,298" oya="3" hai0="19,85,37,121,16,132,23,60,102,11,63,129,125" hai1="90,3,131,53,57,54,6,70,126,43,36,82,98" hai2="58,117,77,47,24,107,52,105,5,106,22,38,50" hai3="13,14,61,84,120,92,9,28,4,108,7,79,101"/><W86/><G120/><T95/><D37/><U65/><E70/><V133/><F133/><W124/><G124/><T32/><D32/><U119/><E36/><V62/><F117/><W29/><G108/><T45/><D125/><U127/><E43/><V113/><F113/><W49/><G79/><T59/><D121/><U15/><E3/><V56/><F77/><W114/><G114/><T42/><D129/><U25/><E131/><V109/><F109/><W33/><G33/><T68/><D68/><U89/><E25/><V94/><F5/><W96/><G61/><T116/><D132/><U71/><E71/><V74/><F74/><W27/><G27/><T66/><D63/><N who="1" m="38127" /><E119/><V135/><F135/><W10/><REACH who="3" step="1"/><G49/><REACH who="3" ten="252,310,140,288" step="2"/><T41/><D116/><U130/><E130/><V88/><F38/><W67/><G67/><T12/><D45/><U103/><E127/><V73/><F62/><W81/><G81/><T75/><D75/><U44/><E82/><V48/><F48/><W72/><G72/><T34/><D34/><U0/><E44/><V122/><F73/><W78/><G78/><T20/><D66/><U118/><E118/><V31/><REACH who="2" step="1"/><F122/><REACH who="2" ten="252,310,130,288" step="2"/><W1/><G1/><T39/><D60/><U111/><E0/><V104/><N who="2" m="26624" /><DORA hai="40" /><V8/><F8/><W46/><G46/><T35/><D11/><U21/><E126/><V18/><F18/><W91/><G91/><T55/><D39/><U76/><E90/><V30/><F30/><AGARI ba="1,2" hai="4,7,9,10,13,14,28,29,30,84,86,92,96,101" machi="30" ten="40,12000,1" yaku="1,1,9,1,8,1,53,2" doraHai="51,40" doraHaiUra="97,93" who="3" fromWho="2" sc="252,0,310,0,130,-123,288,143" /><INIT seed="3,2,0,3,3,120" ten="252,310,7,431" oya="3" hai0="27,116,42,84,91,109,85,105,29,7,57,78,79" hai1="107,86,100,98,99,32,30,24,22,46,25,117,28" hai2="40,126,10,41,106,102,49,134,35,97,113,80,133" hai3="14,135,21,121,17,94,90,123,47,19,5,56,11"/><W26/><G135/><N who="2" m="51721" /><F35/><W81/><G81/><T127/><D127/><U122/><E122/><V103/><F113/><W2/><G47/><T63/><D105/><U111/><E117/><V68/><F68/><W53/><G2/><T50/><D109/><U73/><E73/><V4/><F126/><W16/><G121/><T67/><D7/><U87/><E111/><V89/><F49/><N who="3" m="30767" /><G123/><T39/><D39/><U55/><E46/><V76/><F89/><W8/><G8/><T130/><D130/><U112/><E55/><V92/><F103/><W33/><G33/><T66/><D66/><U31/><E31/><V54/><F54/><W64/><G64/><T104/><D104/><U101/><REACH who="1" step="1"/><E112/><REACH who="1" ten="252,300,7,431" step="2"/><V34/><F34/><W48/><G48/><T72/><D116/><U108/><E108/><V44/><F44/><W59/><G59/><T75/><D50/><U69/><E69/><V0/><F106/><AGARI ba="2,1" hai="22,24,25,28,30,32,86,87,98,99,100,101,106,107" machi="106" ten="30,8000,1" yaku="1,1,7,1,9,1,53,2" doraHai="120" doraHaiUra="95" who="1" fromWho="2" sc="252,0,300,96,7,-86,431,0" owari="252,-14.8,396,19.6,-79,-57.9,431,53.1" /></mjloggm>