<mjloggm ver="2.3"><GO type="169" lobby="0"/><UN n0="%6B%6C%6F%6E%64%69%6B%65" n1="%E7%99%BD%E8%8F%9C%E6%9D%A5%E6%89%93%E9%BA%BB%E5%B0%86%E4%BA%86" n2="%E5%9C%A8%E5%8E%9F%E4%B8%83%E6%B5%B7%E5%A4%A7%E5%A5%BD%E3%81%8D" n3="%E6%9A%97%E9%BB%92%E7%96%BE%E9%A2%A8%E9%BE%8D%E7%8E%8B%E4%B8%B8" dan="16,16,17,16" rate="2158.48,2070.67,2222.61,2023.57" sx="M,F,M,M"/><TAIKYOKU oya="0"/><INIT seed="0,0,0,1,2,22" ten="250,250,250,250" oya="0" hai0="98,18,14,67,110,90,41,73,45,10,19,31,99" hai1="122,40,123,48,126,24,115,81,17,69,74,62,124" hai2="61,100,26,77,1,37,107,50,58,13,112,27,66" hai3="125,33,97,0,76,25,133,34,103,132,89,94,49"/><T56/><D73/><U15/><E115/><V7/><F37/><W130/><G125/><N who="1" m="48234" /><E69/><V9/><F112/><W70/><G130/><T128/><D128/><U135/><E62/><V118/><F77/><W39/><G39/><T86/><D110/><U55/><E40/><V72/><F72/><W96/><G0/><T46/><D67/><U47/><E135/><N who="3" m="51786" /><G70/><T75/><D75/><U106/><E106/><V113/><F118/><W43/><G76/><T95/><D56/><U84/><E74/><V4/><F1/><W6/><G6/><N who="2" m="2089" /><F100/><W42/><G49/><T91/><D19/><U21/><E15/><V134/><F107/><N who="3" m="63975" /><G34/><T63/><D63/><U108/><E108/><V12/><F113/><W117/><G117/><T60/><D60/><U93/><E93/><V30/><F134/><W119/><G119/><T116/><D116/><U82/><E82/><V79/><F13/><W28/><AGARI ba="0,0" hai="25,28,33,42,43,89,94,97" m="63975,51786" machi="28" ten="30,2000,0" yaku="20,1,52,1" doraHai="22" who="3" fromWho="3" sc="250,-10,250,-5,250,-5,250,20" /><INIT seed="1,0,0,4,5,95" ten="240,245,245,270" oya="1" hai0="114,89,57,42,83,91,12,128,71,59,17,79,41" hai1="124,97,105,6,16,4,82,108,8,67,99,77,107" hai2="27,75,9,90,56,113,78,32,96,26,44,101,35" hai3="125,2,54,13,74,76,10,106,15,64,22,60,66"/><U47/><E124/><V86/><F44/><W39/><G125/><T104/><D71/><U73/><E108/><V133/><F56/><W33/><G33/><T0/><D0/><U115/><E115/><V117/><F9/><W129/><G129/><T31/><D128/><U61/><E47/><V103/><F26/><W80/><G106/><T84/><D104/><U100/><E16/><V38/><F38/><W19/><G2/><T36/><D114/><U72/><E72/><V63/><F27/><W87/><G39/><T135/><D135/><U25/><E25/><V3/><F3/><W30/><G74/><T88/><D31/><U18/><E18/><V37/><F37/><W52/><G30/><T34/><D34/><U58/><E8/><V70/><F32/><W68/><REACH who="3" step="1"/><G66/><REACH who="3" ten="240,245,245,260" step="2"/><T119/><D119/><U24/><REACH who="1" step="1"/><E24/><REACH who="1" ten="240,235,245,260" step="2"/><V53/><F35/><W118/><G118/><T116/><D116/><U45/><E45/><V43/><F117/><W112/><G112/><T1/><D36/><U121/><E121/><V102/><F113/><W110/><G110/><T81/><D1/><U50/><E50/><V85/><F133/><W94/><G94/><T23/><REACH who="0" step="1"/><D83/><REACH who="0" ten="230,235,245,260" step="2"/><U131/><E131/><V51/><F51/><W132/><G132/><T49/><D49/><U62/><E62/><V122/><F63/><W69/><G69/><T123/><D123/><U120/><E120/><V7/><F70/><W65/><G65/><T28/><D28/><U55/><E55/><V134/><F53/><W46/><G46/><T127/><D127/><U29/><E29/><V48/><F134/><RYUUKYOKU ba="0,3" sc="230,10,235,10,245,-30,260,10" hai0="12,17,23,41,42,57,59,79,81,84,88,89,91" hai1="4,6,58,61,67,73,77,82,97,99,100,105,107" hai3="10,13,15,19,22,52,54,60,64,68,76,80,87" /><INIT seed="1,1,3,1,0,38" ten="240,245,215,270" oya="1" hai0="16,82,119,28,80,19,27,50,22,15,36,0,8" hai1="17,123,83,120,128,111,32,114,59,33,31,11,132" hai2="4,105,85,94,48,13,107,9,79,101,56,21,42" hai3="118,99,51,96,121,29,110,130,113,40,89,6,131"/><U26/><E114/><V60/><F107/><W75/><G121/><T20/><D36/><U112/><E112/><V73/><F105/><W116/><G113/><T84/><D119/><N who="3" m="45609" /><G75/><T124/><D124/><U24/><E59/><V98/><F73/><W109/><G29/><T93/><D0/><U92/><E92/><V78/><F85/><W3/><G6/><T127/><D127/><U77/><E128/><N who="3" m="49194" /><G3/><T14/><D50/><U58/><E58/><V62/><F21/><W10/><G10/><T61/><D61/><N who="2" m="23658" /><F56/><W81/><G51/><T52/><D52/><U55/><E55/><V129/><F129/><W125/><G125/><T86/><D86/><U46/><E46/><AGARI ba="1,3" hai="4,9,13,42,46,48,78,79,94,98,101" m="23658" machi="46" ten="30,2000,0" yaku="8,1,52,1" doraHai="38" who="2" fromWho="1" sc="240,0,245,-23,215,53,270,0" /><INIT seed="2,0,0,1,0,95" ten="240,222,268,270" oya="2" hai0="100,115,25,112,69,90,27,61,15,0,106,133,12" hai1="10,119,56,57,79,81,127,84,43,54,117,80,83" hai2="55,63,86,20,110,39,45,120,109,122,26,73,96" hai3="66,3,121,116,47,21,135,94,85,118,44,123,19"/><V17/><F73/><W67/><G94/><T59/><D0/><U22/><E127/><V53/><F86/><W5/><G85/><T9/><D133/><U60/><E43/><N who="2" m="22783" /><F63/><W49/><G5/><T33/><D90/><U97/><E117/><V46/><F46/><W52/><G3/><T38/><D38/><U124/><E124/><V75/><F75/><W107/><G107/><T16/><D15/><U129/><E129/><V113/><F113/><W8/><G8/><T36/><D25/><U1/><E119/><N who="3" m="45610" /><G21/><T78/><D36/><U91/><E22/><V98/><F55/><N who="3" m="30119" /><G19/><T13/><D13/><U101/><E79/><V37/><F53/><W82/><G82/><T31/><D59/><U108/><E56/><V71/><F37/><W103/><G103/><T28/><D28/><U24/><E24/><V74/><F71/><W125/><G125/><T34/><D34/><U51/><E81/><V131/><F74/><W7/><G7/><T87/><D87/><U77/><E80/><V104/><F104/><W14/><G14/><T18/><D18/><U111/><E77/><V62/><F17/><W32/><G32/><T114/><D78/><U93/><E1/><V58/><F20/><W88/><G88/><T50/><D50/><U134/><E10/><V6/><F26/><W41/><G135/><T11/><D11/><U42/><E134/><V70/><F6/><W4/><G4/><T65/><D115/><U64/><E64/><N who="3" m="24618" /><G41/><T130/><D130/><U102/><E102/><V72/><F131/><W2/><G2/><T132/><D132/><U48/><E42/><RYUUKYOKU ba="0,0" sc="240,10,222,10,268,-30,270,10" hai0="9,12,16,27,31,33,61,65,69,100,106,112,114" hai1="48,51,54,57,60,83,84,91,93,97,101,108,111" hai3="47,52,121,123" /><INIT seed="3,1,0,4,2,111" ten="250,232,238,280" oya="3" hai0="95,80,92,61,86,26,25,98,34,71,77,36,9" hai1="79,32,35,2,64,130,113,81,59,65,122,129,103" hai2="47,87,58,42,29,126,6,69,27,4,88,107,55" hai3="19,38,14,100,63,75,102,11,99,12,60,70,114"/><W131/><G131/><T30/><D36/><U40/><E122/><V119/><F69/><W37/><G75/><T52/><D25/><U16/><E2/><V24/><F107/><W21/><G114/><T118/><D118/><U134/><E134/><V10/><F126/><W18/><G100/><T115/><D9/><U8/><E40/><V135/><F135/><W128/><G128/><N who="1" m="49258" /><E103/><V1/><F6/><W112/><G112/><T53/><D115/><U117/><E117/><V110/><F110/><W116/><G116/><T45/><D45/><U97/><E97/><V132/><F29/><W3/><G3/><T123/><D123/><U0/><E0/><V56/><F132/><W67/><REACH who="3" step="1"/><G63/><REACH who="3" ten="250,232,238,270" step="2"/><T78/><D78/><U84/><E113/><V68/><F1/><W76/><G76/><T109/><D109/><U105/><E105/><AGARI ba="1,1" hai="11,12,14,18,19,21,37,38,60,67,70,99,102,105" machi="105" ten="30,2900,0" yaku="1,1,7,1,53,0" doraHai="111" doraHaiUra="120" who="3" fromWho="1" sc="250,0,232,-32,238,0,270,42" /><INIT seed="3,2,0,4,4,91" ten="250,200,238,312" oya="3" hai0="103,120,69,49,5,12,36,60,65,99,96,7,11" hai1="95,40,81,24,109,85,59,19,28,41,72,4,10" hai2="76,106,86,61,102,98,2,73,20,113,117,123,100" hai3="119,135,9,88,101,75,27,3,115,131,26,39,62"/><W23/><G115/><T90/><D120/><U89/><E109/><V8/><F20/><W87/><G119/><T84/><D36/><U55/><E19/><V0/><F8/><W130/><G135/><T125/><D125/><U67/><E67/><V108/><F2/><W105/><G75/><T78/><D78/><U30/><E81/><N who="2" m="45199" /><F0/><W77/><G77/><T32/><D32/><U31/><E24/><V56/><F56/><W74/><G74/><T80/><D49/><U1/><REACH who="1" step="1"/><E72/><REACH who="1" ten="250,190,238,312" step="2"/><V43/><F108/><W122/><G27/><T124/><D124/><U79/><E79/><V48/><F123/><W132/><G122/><T116/><D116/><U127/><E127/><V37/><F117/><W45/><G26/><T15/><D103/><U29/><N who="1" m="7168" /><DORA hai="110" /><U34/><E34/><V58/><F102/><W104/><G101/><T18/><REACH who="0" step="1"/><D5/><REACH who="0" ten="240,190,238,312" step="2"/><U68/><E68/><V63/><F100/><W54/><G105/><T121/><D121/><U53/><E53/><V50/><F106/><W83/><G104/><T133/><D133/><U14/><E14/><V71/><F71/><W38/><G132/><T16/><D16/><U21/><E21/><AGARI ba="2,2" hai="7,11,12,15,18,21,60,65,69,80,84,90,96,99" machi="21" ten="30,2000,0" yaku="1,1,7,1,53,0" doraHai="91,110" doraHaiUra="22,118" who="0" fromWho="1" sc="240,46,190,-26,238,0,312,0" /><INIT seed="4,0,0,0,4,127" ten="286,164,238,312" oya="0" hai0="123,88,0,129,9,26,52,58,54,67,124,44,109" hai1="132,131,40,63,72,92,10,2,59,94,97,8,19" hai2="81,85,39,96,12,73,5,82,95,7,106,84,103" hai3="68,134,89,17,87,75,61,98,79,70,110,4,13"/><T121/><D124/><U22/><E132/><V33/><F39/><W108/><G4/><T99/><D0/><U57/><E72/><V56/><F33/><W60/><G134/><T133/><D133/><U1/><E40/><V107/><F56/><W105/><G61/><T115/><D9/><U128/><E22/><V91/><F12/><W55/><G70/><T102/><D115/><U117/><E117/><V112/><F5/><W122/><G122/><T125/><D125/><U42/><E42/><V71/><F7/><W100/><G55/><T126/><D126/><U51/><E51/><V6/><F6/><W29/><G29/><T14/><D14/><U113/><E19/><V47/><F47/><W27/><G27/><T24/><D44/><U78/><E78/><N who="2" m="44239" /><F71/><W21/><G60/><T119/><D67/><U90/><E113/><V86/><F112/><W130/><G68/><T116/><D58/><U20/><E20/><V38/><F38/><W37/><G37/><T74/><D74/><U45/><E45/><V3/><F3/><W120/><G120/><T111/><D99/><U28/><E97/><N who="2" m="61807" /><F107/><W35/><G35/><T83/><D102/><AGARI ba="0,0" hai="82,84,85,86,91,95,96,102" m="61807,44239" machi="102" ten="30,8000,1" yaku="35,5" doraHai="127" who="2" fromWho="0" sc="286,-80,164,0,238,80,312,0" /><INIT seed="5,0,0,4,2,119" ten="206,164,318,312" oya="1" hai0="74,29,131,56,80,120,47,106,59,124,66,40,20" hai1="70,57,60,84,30,38,72,109,133,104,75,123,73" hai2="2,9,128,94,22,5,19,32,113,34,14,61,68" hai3="89,110,121,35,122,7,3,46,33,31,111,69,12"/><U54/><E133/><V49/><F94/><W62/><G89/><T16/><D106/><U48/><E109/><N who="3" m="41482" /><G46/><T134/><D134/><U118/><E118/><V92/><F92/><W67/><G12/><T93/><D131/><U108/><E108/><V4/><F49/><W42/><G42/><T114/><D114/><U71/><E104/><V58/><F68/><W21/><G21/><T86/><D124/><U97/><E38/><V24/><F128/><W43/><G43/><T78/><D29/><U115/><E115/><V13/><F113/><W81/><G81/><T107/><D107/><U36/><E36/><V102/><F102/><W103/><G103/><T11/><D11/><U6/><E97/><V23/><F58/><W100/><G100/><T8/><D8/><U18/><E6/><N who="2" m="1239" /><F61/><W125/><G125/><T117/><D117/><U55/><E84/><V77/><F77/><W45/><G45/><T132/><D132/><U39/><E39/><V10/><F4/><W63/><G63/><N who="0" m="38247" /><D59/><U96/><E70/><V50/><F50/><W1/><G7/><T135/><D86/><U83/><E71/><V25/><F23/><W98/><G98/><T17/><D93/><U51/><E96/><V130/><F130/><W126/><G126/><T99/><D99/><U64/><E83/><V15/><F25/><N who="3" m="18671" /><G35/><AGARI ba="0,0" hai="5,10,13,14,15,19,22,24,32,34,35" m="1239" machi="35" ten="30,8000,1" yaku="35,5" doraHai="119" who="2" fromWho="3" sc="206,0,164,0,318,80,312,-80" /><INIT seed="6,0,0,3,1,100" ten="206,164,398,232" oya="2" hai0="115,78,65,8,3,68,95,1,113,56,105,45,94" hai1="83,98,47,102,33,9,72,10,43,77,41,96,85" hai2="34,37,84,44,126,36,79,119,70,103,21,101,118" hai3="42,67,62,88,7,76,120,23,27,99,109,26,0"/><V82/><F70/><W90/><G109/><T32/><D32/><U14/><E33/><V121/><F34/><W93/><G120/><T131/><D68/><U57/><E96/><V11/><F21/><W25/><G76/><T51/><D78/><U2/><E43/><V6/><F126/><W53/><G42/><N who="0" m="25015" /><D105/><U39/><E57/><V133/><F133/><W92/><G0/><N who="0" m="75" /><D8/><U46/><E46/><V129/><F44/><W130/><G7/><T15/><D15/><U59/><E59/><V30/><F37/><W108/><G108/><T89/><D89/><U71/><E71/><V50/><F103/><W128/><G128/><T63/><BYE who="3" /><D131/><U110/><E110/><V19/><F101/><W22/><G22/><T104/><D104/><U117/><E2/><UN n3="%E6%9A%97%E9%BB%92%E7%96%BE%E9%A2%A8%E9%BE%8D%E7%8E%8B%E4%B8%B8" /><V80/><F36/><W66/><G23/><T135/><D135/><U116/><E72/><V24/><F121/><W54/><G130/><T5/><D5/><U49/><E39/><V55/><F6/><W18/><G18/><T73/><D73/><U122/><E122/><V81/><F19/><W132/><G132/><T28/><D28/><U124/><E9/><V107/><F11/><W106/><G106/><T114/><AGARI ba="0,0" hai="56,63,65,94,95,113,114,115" m="75,25015" machi="114" ten="40,1500,0" yaku="15,1" doraHai="100" who="0" fromWho="0" sc="206,15,164,-4,398,-7,232,-4" /><INIT seed="7,0,0,0,3,77" ten="221,160,391,228" oya="3" hai0="100,59,86,70,32,22,81,31,106,60,43,69,26" hai1="41,72,114,45,42,134,97,95,112,66,128,80,126" hai2="11,130,20,103,109,75,104,125,121,124,38,105,107" hai3="50,47,79,17,9,94,56,48,113,98,68,99,110"/><W127/><G113/><T84/><D84/><U115/><E126/><N who="2" m="48747" /><F109/><W25/><G68/><T29/><D43/><U10/><E128/><V34/><F34/><W30/><G110/><T120/><D120/><U5/><E134/><V93/><F75/><W78/><G99/><T2/><D2/><U61/><E41/><V73/><F73/><W24/><G127/><T87/><D87/><U46/><E61/><V111/><F38/><W74/><G74/><T7/><D7/><U21/><E21/><V129/><F20/><W53/><G17/><T96/><D31/><U131/><E131/><V90/><F103/><W108/><G9/><T36/><D32/><U33/><E33/><V122/><F11/><W19/><G19/><T91/><REACH who="0" step="1"/><D36/><REACH who="0" ten="211,160,391,228" step="2"/><U3/><E42/><V132/><F132/><W101/><G30/><T12/><D12/><U28/><E28/><V49/><F111/><W65/><G108/><T62/><D62/><U27/><E27/><V76/><F76/><W123/><G123/><N who="2" m="47113" /><F49/><W67/><G25/><T57/><D57/><U6/><E6/><V0/><F0/><W54/><G24/><T89/><D89/><N who="1" m="55535" /><E66/><AGARI ba="0,1" hai="47,48,50,53,54,56,65,66,67,78,79,94,98,101" machi="66" ten="40,2000,0" yaku="8,1" doraHai="77" who="3" fromWho="1" sc="211,0,160,-20,391,0,228,30" /><AGARI ba="0,0" hai="22,26,29,59,60,66,69,70,81,86,91,96,100,106" machi="66" ten="30,3900,0" yaku="1,1,7,1,52,1,53,0" doraHai="77" doraHaiUra="116" who="0" fromWho="1" sc="211,39,140,-39,391,0,258,0" /><INIT seed="7,1,0,4,1,104" ten="250,101,391,258" oya="3" hai0="68,18,67,52,124,80,83,64,129,48,70,5,75" hai1="23,63,49,47,78,59,0,134,31,10,57,11,123" hai2="98,79,13,29,15,91,96,4,120,88,107,128,1" hai3="43,77,93,50,74,55,132,36,115,3,113,85,105"/><W92/><G105/><T109/><D109/><U27/><E123/><V6/><F128/><W131/><G131/><T111/><D111/><U9/><E134/><V62/><F120/><W76/><G3/><T84/><D129/><U30/><E0/><V121/><F121/><W66/><G66/><T108/><D108/><U97/><E78/><V110/><F79/><W53/><G132/><T95/><D124/><U45/><E49/><V25/><F62/><W130/><G130/><T46/><D5/><N who="2" m="2154" /><F107/><W114/><G36/><T112/><D95/><N who="3" m="36425" /><G43/><T65/><D83/><U39/><E39/><V19/><F98/><W8/><G8/><T32/><D32/><U122/><E122/><V103/><F96/><W125/><G125/><T26/><D75/><U14/><E14/><V99/><F99/><W135/><G135/><T72/><D72/><U35/><E35/><V41/><F103/><W22/><G22/><T54/><D112/><U117/><E117/><V38/><F41/><W126/><G126/><T133/><D133/><U90/><E59/><V82/><F38/><W34/><G34/><T94/><D94/><U37/><E37/><V33/><F1/><W81/><G50/><T118/><D118/><U116/><E116/><V7/><F110/><W58/><G58/><T56/><D26/><U106/><E106/><V73/><F73/><W24/><G24/><T69/><D18/><U12/><E12/><N who="2" m="4683" /><F19/><W71/><G71/><T87/><REACH who="0" step="1"/><D80/><AGARI ba="1,0" hai="53,55,74,76,77,80,81,85,113,114,115" m="36425" machi="80" ten="40,3900,0" yaku="15,1,52,1" doraHai="104" who="3" fromWho="0" sc="250,-42,101,0,391,0,258,42" /><INIT seed="7,2,0,4,2,51" ten="208,101,391,300" oya="3" hai0="10,0,110,100,132,87,66,38,108,16,107,4,101" hai1="8,2,1,97,23,129,125,115,106,54,133,29,39" hai2="83,7,122,128,9,130,62,53,131,36,90,81,76" hai3="93,58,21,50,5,84,114,70,98,79,64,121,91"/><W34/><G121/><T48/><D38/><U60/><E115/><V94/><F36/><W22/><G114/><T61/><D132/><U96/><E133/><V117/><F117/><W127/><G34/><T3/><D3/><U75/><E125/><V49/><F62/><W116/><G116/><T69/><D101/><U13/><E129/><V103/><F103/><W42/><G127/><T17/><D100/><U18/><E39/><V20/><F20/><W65/><G5/><T99/><D99/><U126/><E126/><V86/><F122/><W134/><G70/><T45/><D107/><U25/><E75/><V15/><F76/><W6/><G6/><T109/><REACH who="0" step="1"/><D87/><REACH who="0" ten="198,101,391,300" step="2"/><U85/><E106/><V105/><F105/><W102/><G134/><T41/><AGARI ba="2,1" hai="0,4,10,16,17,41,45,48,61,66,69,108,109,110" machi="41" ten="30,8000,1" yaku="1,1,2,1,0,1,54,1,53,1" doraHai="51" doraHaiUra="47" who="0" fromWho="0" sc="198,96,101,-22,391,-22,300,-42" owari="294,9.4,79,-42.1,369,46.9,258,-14.2" /></mjloggm>