<mjloggm ver="2.3"><GO type="169" lobby="0"/><UN n0="%48%45%52%4F%2D%50%4F%4E" n1="%E8%BE%9B%E5%8F%A3%E3%82%AB%E3%83%AC%E3%83%BC%E3%83%A9%E3%82%A4%E3%82%B9" n2="%6B%73%77%72%74" n3="%52%65%63%61%6C%74%71" dan="16,16,16,16" rate="2117.98,2126.35,2139.54,2114.08" sx="M,M,M,M"/><TAIKYOKU oya="0"/><INIT seed="0,0,0,2,5,105" ten="250,250,250,250" oya="0" hai0="44,60,9,12,36,83,33,81,13,47,106,55,113" hai1="87,20,135,101,61,56,73,18,7,1,24,100,85" hai2="3,118,40,11,49,52,30,122,110,124,93,62,84" hai3="34,64,17,2,5,96,48,66,115,102,123,127,8"/><T54/><D113/><U116/><E116/><V111/><F122/><W50/><G115/><T95/><D106/><U53/><E135/><V76/><F124/><W121/><G127/><T39/><D95/><U31/><E73/><V75/><F118/><W42/><G17/><T80/><D33/><U77/><E1/><V58/><F30/><W19/><G19/><T132/><D60/><U32/><E7/><V94/><F3/><W21/><G21/><T129/><D129/><U37/><E37/><V99/><F11/><W71/><G34/><T10/><REACH who="0" step="1"/><D80/><REACH who="0" ten="240,250,250,250" step="2"/><U109/><E32/><V25/><F94/><W45/><G123/><T59/><D59/><U6/><E56/><V112/><F62/><W128/><G121/><T68/><D68/><U57/><E57/><V29/><F112/><W23/><G128/><T27/><D27/><U38/><E24/><V63/><F63/><W41/><G71/><T0/><D0/><U90/><E61/><V117/><F117/><W126/><G126/><T78/><D78/><U103/><E77/><V114/><F114/><W51/><G23/><T134/><AGARI ba="0,1" hai="9,10,12,13,36,39,44,47,54,55,81,83,132,134" machi="134" ten="25,9600,0" yaku="1,1,0,1,22,2,53,0" doraHai="105" doraHaiUra="67" who="0" fromWho="0" sc="240,106,250,-32,250,-32,250,-32" /><INIT seed="0,1,0,3,0,56" ten="346,218,218,218" oya="0" hai0="126,77,120,114,74,90,35,106,5,132,65,116,80" hai1="95,33,119,91,40,69,24,7,99,72,28,70,113" hai2="43,63,82,79,62,125,6,32,85,55,134,131,45" hai3="68,81,15,89,105,4,117,66,123,129,13,61,31"/><T109/><D35/><U46/><E119/><V1/><F125/><W0/><G117/><T41/><D5/><U102/><E113/><V93/><F131/><W104/><G129/><T11/><D116/><U88/><E72/><V52/><F134/><W22/><G123/><T86/><D11/><U124/><E124/><V73/><F32/><W92/><G81/><N who="0" m="45239" /><D65/><U36/><REACH who="1" step="1"/><E7/><REACH who="1" ten="346,208,218,218" step="2"/><V115/><F115/><W21/><G4/><T25/><D126/><U14/><E14/><V96/><F73/><W54/><G0/><T87/><D114/><U10/><E10/><V48/><F6/><W108/><G15/><T19/><D120/><U34/><E34/><V29/><F1/><W84/><G108/><T17/><D109/><U47/><E47/><V83/><F29/><W26/><REACH who="3" step="1"/><G54/><REACH who="3" ten="346,208,218,208" step="2"/><N who="2" m="20521" /><F83/><W42/><G42/><T30/><D41/><U57/><E57/><V2/><F2/><W78/><G78/><T135/><D80/><U18/><E18/><AGARI ba="1,2" hai="13,18,21,22,26,31,61,66,68,84,89,92,104,105" machi="18" ten="40,8000,1" yaku="1,1,52,1,53,2" doraHai="56" doraHaiUra="103" who="3" fromWho="1" sc="346,0,208,-83,218,0,208,103" /><INIT seed="1,0,0,0,2,8" ten="346,125,218,311" oya="1" hai0="27,97,5,124,50,16,114,12,83,118,26,66,57" hai1="46,11,42,69,19,22,103,132,31,32,3,13,95" hai2="21,115,96,99,34,56,33,117,63,128,87,90,109" hai3="106,36,82,131,74,91,0,101,98,9,121,110,133"/><U102/><E69/><V126/><F117/><W29/><G121/><T88/><D114/><U30/><E132/><V75/><F75/><W72/><G133/><T120/><D118/><U48/><E95/><V18/><F109/><W78/><G110/><T40/><D124/><U6/><REACH who="1" step="1"/><E31/><REACH who="1" ten="346,115,218,311" step="2"/><V108/><F108/><W4/><G29/><T64/><D120/><U123/><E123/><V47/><F126/><W100/><G131/><T43/><D27/><AGARI ba="0,1" hai="3,6,11,13,19,22,27,30,32,42,46,48,102,103" machi="27" ten="40,12000,1" yaku="1,1,24,2,52,1,53,1" doraHai="8" doraHaiUra="1" who="1" fromWho="0" sc="346,-120,115,130,218,0,311,0" /><INIT seed="1,1,0,4,4,114" ten="226,245,218,311" oya="1" hai0="10,125,59,92,132,91,39,36,107,86,94,51,38" hai1="55,73,52,81,72,3,15,90,0,134,117,37,23" hai2="106,78,26,33,75,63,56,126,42,68,96,77,24" hai3="133,43,71,98,58,109,11,131,85,25,22,82,118"/><U127/><E117/><V29/><F126/><W70/><G131/><T99/><D107/><U83/><E127/><V60/><F42/><W111/><G133/><T18/><D125/><U53/><E134/><V123/><F123/><W101/><G43/><T17/><D132/><U108/><E108/><N who="3" m="41546" /><G58/><T8/><D8/><U45/><E15/><V69/><F26/><W5/><G118/><T97/><D10/><U27/><E45/><V48/><F48/><W100/><G100/><T122/><D122/><U64/><E64/><N who="2" m="40967" /><F75/><W116/><G116/><T103/><REACH who="0" step="1"/><D86/><REACH who="0" ten="216,245,218,311" step="2"/><U102/><E72/><V16/><F106/><W93/><G11/><T112/><D112/><U79/><E73/><V47/><F78/><N who="3" m="46295" /><G5/><T74/><D74/><U115/><E79/><V62/><F77/><W119/><G119/><T113/><D113/><U1/><E115/><V65/><F69/><W13/><G13/><T57/><D57/><U31/><E3/><V14/><F56/><W34/><G34/><T129/><D129/><U6/><E1/><V19/><F14/><W32/><G32/><T105/><D105/><U40/><E0/><V44/><F33/><W120/><G120/><T66/><D66/><U124/><E124/><V121/><F65/><W130/><G130/><T28/><D28/><AGARI ba="1,1" hai="22,25,28,70,71,93,98,101" m="46295,41546" machi="28" ten="30,1000,0" yaku="14,1" doraHai="114" who="3" fromWho="0" sc="216,-13,245,0,218,0,311,23" /><INIT seed="2,0,0,4,5,103" ten="203,245,218,334" oya="2" hai0="90,12,111,58,129,56,116,68,44,122,30,123,5" hai1="61,46,132,27,124,133,13,18,48,95,67,118,77" hai2="33,79,25,62,31,60,110,4,32,127,9,84,24" hai3="130,93,115,101,38,109,42,72,64,113,36,128,26"/><V102/><F127/><W43/><G72/><T23/><D68/><U131/><E118/><V92/><F110/><W50/><G26/><T16/><D111/><U81/><E124/><V126/><F126/><W98/><G64/><T1/><D116/><U96/><E27/><V37/><F37/><N who="3" m="14443" /><G50/><T117/><D117/><U40/><E131/><N who="3" m="50218" /><G109/><T11/><D129/><U28/><E28/><V71/><F79/><W119/><G119/><T82/><D44/><U19/><E81/><V87/><F87/><W85/><G85/><T73/><D30/><U100/><E77/><V75/><F75/><W108/><G108/><T53/><D90/><U15/><E15/><V125/><F125/><W51/><G51/><T74/><D74/><U99/><E99/><V55/><F71/><W35/><G35/><T91/><D91/><U106/><E95/><V134/><F25/><W20/><G20/><T45/><D45/><U34/><E34/><V17/><F33/><W39/><N who="3" m="14451" /><W69/><DORA hai="97" /><G69/><T8/><D23/><U94/><E94/><V120/><F84/><W88/><G88/><T114/><D73/><U2/><E2/><V52/><F92/><W3/><G3/><T65/><D65/><U83/><E83/><V107/><F24/><W112/><AGARI ba="0,0" hai="42,43,93,98,101,112,113,115" m="50218,14451" machi="112" ten="50,6400,0" yaku="11,1,19,1,52,1" doraHai="103,97" who="3" fromWho="3" sc="203,-16,245,-16,218,-32,334,64" /><INIT seed="3,0,0,5,2,49" ten="187,229,186,398" oya="3" hai0="13,63,116,19,11,64,87,106,20,103,10,73,57" hai1="129,124,121,36,130,25,27,127,42,68,41,59,77" hai2="28,52,94,80,1,45,125,104,78,112,102,48,96" hai3="5,76,97,30,38,33,3,2,66,44,39,7,82"/><W26/><G66/><T75/><D116/><U128/><E77/><V79/><F125/><N who="1" m="48201" /><E68/><V92/><F112/><W34/><G97/><T132/><D132/><U120/><E36/><V62/><F1/><W67/><G67/><T89/><D103/><U47/><E47/><V119/><F119/><W9/><G34/><T108/><D106/><U15/><E15/><V95/><F28/><W58/><G58/><T83/><REACH who="0" step="1"/><D108/><REACH who="0" ten="177,229,186,398" step="2"/><U61/><E25/><V122/><F122/><N who="1" m="47209" /><E27/><V31/><F31/><W71/><G26/><T46/><D46/><U14/><E14/><V40/><F104/><W8/><G30/><T56/><D56/><U21/><E21/><V60/><F79/><W22/><G22/><T32/><D32/><U99/><E99/><V115/><F115/><W81/><G33/><T12/><D12/><U134/><E134/><V118/><F118/><W131/><G44/><T111/><D111/><U101/><E101/><V54/><F102/><W55/><G76/><T100/><D100/><U90/><E90/><V65/><F96/><W110/><G110/><T86/><D86/><U50/><E50/><V51/><F48/><W85/><G85/><T37/><D37/><U69/><E69/><V93/><N who="2" m="23552" /><DORA hai="29" /><V114/><F114/><W0/><G71/><T123/><D123/><U24/><E24/><V88/><F88/><W135/><G135/><T53/><D53/><AGARI ba="0,1" hai="41,42,53,59,61,128,129,130" m="47209,48201" machi="53" ten="40,8000,1" yaku="19,1,18,1,34,2,52,1" doraHai="49,29" who="1" fromWho="0" sc="177,-80,229,90,186,0,398,0" /><INIT seed="4,0,0,4,4,61" ten="97,319,186,398" oya="0" hai0="113,106,9,30,133,97,79,11,134,55,96,101,72" hai1="24,58,57,132,91,118,98,15,123,93,49,40,19" hai2="104,105,85,48,78,71,127,94,12,43,86,128,69" hai3="131,82,76,108,54,56,75,84,6,122,73,130,107"/><T65/><D113/><U8/><E118/><V34/><F94/><W28/><G108/><T29/><D55/><U41/><E132/><N who="0" m="50793" /><D65/><U52/><E123/><V109/><F12/><W42/><G107/><T89/><D79/><U124/><E124/><V27/><F27/><W115/><G115/><T16/><D72/><U51/><E24/><V70/><F78/><W120/><G42/><T13/><D9/><U126/><E126/><V50/><F127/><W4/><G28/><N who="0" m="10859" /><D96/><U121/><E121/><N who="3" m="46698" /><G73/><T7/><D89/><U83/><E83/><V20/><F43/><W112/><G112/><T62/><D62/><U87/><E98/><V64/><F64/><W23/><G75/><T100/><D100/><U39/><E39/><V47/><F86/><W3/><G54/><AGARI ba="0,0" hai="8,15,19,40,41,49,51,52,54,57,58,87,91,93" machi="54" ten="40,5200,0" yaku="9,1,8,1,54,1" doraHai="61" who="1" fromWho="3" sc="97,0,319,52,186,0,398,-52" /><INIT seed="5,0,0,5,4,51" ten="97,371,186,346" oya="1" hai0="63,107,89,35,10,113,48,11,105,109,47,5,85" hai1="118,82,0,15,40,79,17,41,54,64,69,1,23" hai2="104,50,36,127,49,19,103,94,67,87,43,24,129" hai3="86,124,2,135,61,98,71,73,78,68,7,34,115"/><U90/><E118/><V13/><F104/><W16/><G135/><T37/><D109/><U88/><E69/><V74/><F74/><W30/><G124/><T21/><D35/><U80/><E64/><V42/><F127/><W91/><G115/><T93/><D37/><U31/><E31/><V57/><F129/><W116/><G98/><T39/><D39/><U112/><E112/><V119/><F119/><W106/><G106/><T122/><D122/><U33/><E33/><V133/><F24/><W27/><G116/><T46/><D113/><U25/><E25/><V14/><F36/><W22/><G78/><T58/><D21/><U125/><E125/><V38/><F38/><W53/><G73/><T72/><D72/><U56/><E0/><V28/><F28/><W134/><G134/><T108/><D108/><U6/><E6/><V114/><F114/><W83/><G7/><T123/><D123/><U117/><E1/><V62/><F133/><W120/><G120/><T102/><D102/><U132/><E132/><V110/><F110/><W92/><G83/><N who="1" m="31786" /><E79/><V29/><F29/><W100/><G100/><T126/><D126/><U20/><E20/><V99/><F87/><W81/><G81/><T55/><D46/><U3/><E3/><V84/><F84/><W45/><G2/><T60/><D11/><U111/><E111/><V101/><F103/><W4/><G4/><T52/><D63/><N who="1" m="36247" /><E117/><V131/><F101/><W77/><G77/><T44/><D47/><U76/><E76/><V65/><F65/><W66/><G66/><T121/><D121/><U59/><E59/><RYUUKYOKU ba="0,0" sc="97,15,371,15,186,-15,346,-15" hai0="5,10,44,48,52,55,58,60,85,89,93,105,107" hai1="15,17,23,40,41,88,90" /><INIT seed="5,1,0,5,1,121" ten="112,386,171,331" oya="1" hai0="73,67,72,40,28,99,98,63,8,66,61,58,9" hai1="107,101,12,119,1,31,83,36,116,52,53,79,133" hai2="42,122,16,131,77,54,14,84,41,37,113,120,38" hai3="71,75,27,25,51,56,92,111,70,118,50,6,68"/><U23/><E1/><V88/><F131/><W0/><G75/><T128/><D40/><U35/><E36/><V57/><F120/><W94/><G118/><T18/><D28/><U135/><E35/><V96/><F122/><W90/><G111/><T33/><D33/><U130/><E130/><V86/><F113/><W76/><G76/><T55/><D128/><U26/><E101/><V32/><F32/><W19/><G0/><T30/><D30/><U89/><E107/><V103/><F77/><W34/><G6/><T2/><D2/><U132/><E89/><V64/><F64/><W87/><G34/><T11/><D18/><U81/><E81/><V93/><F38/><W105/><G105/><T65/><REACH who="0" step="1"/><D61/><REACH who="0" ten="102,386,171,331" step="2"/><U43/><E43/><N who="2" m="16395" /><F37/><W95/><G19/><T47/><D47/><U5/><E116/><V123/><F123/><W74/><G51/><T106/><D106/><U44/><E44/><V13/><F16/><W117/><G117/><T126/><D126/><U15/><E119/><V4/><F4/><W100/><G100/><T114/><D114/><U80/><E5/><V125/><F125/><W62/><G50/><T29/><D29/><U69/><E31/><V7/><F103/><W49/><G49/><T22/><D22/><U97/><E23/><V109/><F7/><W124/><G124/><T91/><D91/><U20/><E20/><V115/><F115/><W48/><G48/><T134/><D134/><U59/><E132/><V3/><F88/><W60/><G60/><T108/><D108/><U78/><E133/><V129/><F109/><W102/><G102/><RYUUKYOKU ba="1,1" sc="102,30,386,-10,171,-10,331,-10" hai0="8,9,11,55,58,63,65,66,67,72,73,98,99" /><INIT seed="6,2,1,1,0,30" ten="132,376,161,321" oya="2" hai0="124,107,119,123,87,103,33,104,52,134,120,62,16" hai1="15,6,47,40,13,5,2,50,82,127,126,12,11" hai2="101,56,105,0,4,89,128,39,75,99,60,61,29" hai3="84,93,58,88,69,49,90,92,80,70,100,28,63"/><V83/><F128/><W85/><G100/><T22/><D33/><U45/><E6/><V81/><F39/><W116/><G116/><T117/><D87/><U42/><REACH who="1" step="1"/><E82/><REACH who="1" ten="132,366,161,321" step="2"/><V41/><F83/><W118/><G118/><T132/><D117/><U115/><E115/><V109/><F81/><W68/><G80/><T91/><D119/><U23/><E23/><V74/><F4/><W51/><REACH who="3" step="1"/><G28/><REACH who="3" ten="132,366,161,311" step="2"/><T19/><D120/><U121/><E121/><V44/><F29/><W95/><G95/><T14/><D123/><U108/><E108/><V64/><F109/><W31/><G31/><T38/><D107/><U17/><E17/><V129/><F105/><W71/><N who="3" m="17408" /><DORA hai="1" /><W21/><G21/><T135/><D19/><U73/><E73/><V125/><F75/><W86/><G86/><T43/><D104/><U54/><E54/><AGARI ba="2,3" hai="49,51,54,58,63,84,85,88,90,92,93" m="17408" machi="54" ten="70,8000,1" yaku="1,1,9,1,54,1,53,0" doraHai="30,1" doraHaiUra="130,9" who="3" fromWho="1" sc="132,0,366,-86,161,0,311,116" /><INIT seed="7,0,0,1,0,12" ten="132,280,161,427" oya="3" hai0="85,106,30,119,4,21,22,46,103,44,101,120,98" hai1="78,126,96,108,16,64,55,86,24,80,69,81,36" hai2="87,31,110,67,32,66,13,116,91,84,133,121,38" hai3="124,115,132,53,40,48,125,43,70,28,77,59,33"/><W122/><G122/><T6/><D119/><U17/><E108/><V52/><F116/><W14/><G70/><T57/><D120/><U109/><E109/><V25/><F110/><W93/><G77/><T60/><D101/><U18/><E36/><V20/><F121/><W62/><G115/><T72/><D72/><U37/><E37/><V113/><F113/><W134/><G93/><T2/><D85/><N who="1" m="48279" /><E69/><V41/><F133/><W97/><G97/><T112/><D112/><U88/><E64/><V45/><F52/><W102/><G102/><T19/><D30/><U26/><E126/><N who="3" m="48746" /><G28/><T100/><D100/><U39/><E39/><V104/><F104/><W50/><G14/><T105/><D105/><U83/><E83/><V1/><F1/><W82/><G82/><T123/><D123/><U94/><E55/><V47/><F13/><W54/><G33/><T58/><D22/><U3/><E3/><V51/><F20/><W74/><G74/><T49/><D49/><N who="3" m="19049" /><G54/><T107/><D107/><U61/><E61/><V65/><F32/><W131/><G43/><T34/><D34/><U79/><AGARI ba="0,0" hai="16,17,18,24,26,79,81,86,88,94,96" m="48279" machi="79" ten="30,12000,2" yaku="8,1,52,3,54,2" doraHai="12" who="1" fromWho="1" sc="132,-30,280,120,161,-30,427,-60" owari="102,-39.8,400,50.0,131,-26.9,367,16.7" /></mjloggm>