<mjloggm ver="2.3"><GO type="169" lobby="0"/><UN n0="%E6%9C%AA%E6%9D%A5%E5%B0%91%E5%B9%B4" n1="%E3%83%88%E3%83%B3%E3%83%8D%E3%83%AB%E5%A4%A9%E5%9B%BD" n2="%E5%8D%88%E5%BE%8C%E3%82%B4%E3%83%AA%E3%83%A9" n3="%E6%84%9B%E5%AA%9B%E7%9C%8C%E7%94%A3%E3%81%BF%E3%81%8B%E3%82%93" dan="16,18,16,16" rate="2149.66,2231.78,2140.00,2153.82" sx="F,M,M,M"/><TAIKYOKU oya="0"/><INIT seed="0,0,0,4,1,100" ten="250,250,250,250" oya="0" hai0="17,93,96,15,21,49,64,63,104,80,87,85,102" hai1="24,89,133,110,46,95,103,82,131,99,56,91,47" hai2="18,11,41,134,40,116,108,12,55,77,35,7,74" hai3="26,94,112,48,29,107,0,125,54,83,79,76,88"/><T119/><D119/><U75/><E110/><V9/><F116/><W25/><G112/><T69/><D80/><U16/><E131/><V81/><F108/><W121/><G0/><T30/><D30/><U3/><E3/><V20/><F35/><W78/><G125/><T71/><D71/><U90/><E133/><V132/><F11/><W43/><G121/><T27/><D93/><U33/><E33/><V53/><F134/><W72/><G43/><T37/><D37/><U70/><E70/><V58/><F55/><W10/><G10/><T50/><D27/><U67/><E75/><V120/><F120/><W122/><G107/><T61/><D61/><N who="1" m="38311" /><E82/><V124/><F124/><W2/><G2/><T51/><AGARI ba="0,0" hai="15,17,21,49,50,51,63,64,69,85,87,96,102,104" machi="51" ten="30,3000,0" yaku="0,1,52,1" doraHai="100" who="0" fromWho="0" sc="250,30,250,-10,250,-10,250,-10" /><INIT seed="0,1,0,2,0,110" ten="280,240,240,240" oya="0" hai0="81,112,132,42,104,103,83,29,95,27,113,84,108" hai1="114,37,62,20,134,133,97,39,106,119,21,47,74" hai2="80,50,99,55,75,98,28,73,38,36,100,12,65" hai3="0,93,9,107,48,131,41,33,70,34,111,72,23"/><T88/><D42/><U90/><E119/><V87/><F65/><W129/><G107/><T17/><D17/><U13/><E74/><V6/><F28/><W79/><G70/><T128/><D27/><U63/><E106/><V101/><F75/><W26/><G93/><N who="0" m="54407" /><D29/><U68/><E90/><V43/><F73/><W1/><G41/><T25/><D25/><U122/><E97/><V57/><F99/><W76/><G48/><T77/><D108/><U102/><E102/><V121/><F121/><W15/><G111/><T54/><D54/><U31/><E31/><V117/><F117/><W60/><G60/><T4/><D4/><U124/><E13/><V32/><F32/><W66/><G66/><T51/><D51/><U71/><E47/><V59/><F59/><W123/><G123/><T94/><D132/><U105/><E105/><V22/><F43/><W3/><G34/><T91/><D128/><N who="3" m="49225" /><G33/><T10/><D10/><U135/><E135/><V46/><F101/><W16/><G72/><N who="0" m="43175" /><D104/><U78/><E122/><V35/><F35/><W126/><G9/><T24/><D24/><U56/><E56/><V130/><F57/><W82/><G26/><T69/><D69/><U89/><E68/><V53/><F130/><W115/><G15/><T61/><D61/><U2/><E71/><V67/><F55/><W19/><G19/><T52/><D52/><U125/><E133/><V30/><F30/><W7/><G7/><T8/><D8/><U64/><E134/><V11/><F67/><W44/><G44/><T40/><D40/><U14/><E64/><V45/><F46/><RYUUKYOKU ba="1,0" sc="280,0,240,0,240,0,240,0" /><INIT seed="1,2,0,5,1,65" ten="280,240,240,240" oya="1" hai0="9,121,39,81,48,116,45,30,126,35,110,14,26" hai1="71,91,84,130,6,36,16,25,117,41,67,17,86" hai2="120,112,82,107,123,43,90,128,11,87,53,60,57" hai3="46,54,100,0,1,47,103,33,52,92,113,127,99"/><U28/><E117/><V108/><F107/><W89/><G113/><T109/><D116/><U21/><E130/><V7/><F112/><W129/><G33/><T94/><D126/><U12/><E36/><V115/><F115/><W66/><G127/><T77/><D121/><U96/><E41/><V27/><F128/><W18/><G129/><T58/><D94/><U101/><E6/><V23/><F108/><W132/><G132/><T104/><D58/><U50/><E50/><V105/><F105/><W31/><G31/><T63/><D63/><U8/><E91/><V64/><F43/><W98/><G66/><T2/><D2/><U13/><E67/><V10/><F53/><W85/><G18/><T20/><D104/><U72/><E72/><V76/><F76/><W111/><G92/><T122/><D39/><U102/><E71/><V97/><F97/><W32/><G32/><T51/><D35/><U80/><E80/><V56/><F56/><W3/><G89/><T44/><D122/><U134/><E134/><V125/><F11/><W135/><G85/><N who="1" m="32874" /><E96/><N who="3" m="36906" /><G111/><N who="0" m="42507" /><D81/><U124/><E124/><V75/><F75/><W78/><G78/><T59/><D77/><U49/><E49/><N who="0" m="19017" /><D59/><U68/><E68/><V15/><REACH who="2" step="1"/><F125/><REACH who="2" ten="280,240,230,240" step="2"/><W19/><G135/><T55/><D55/><U133/><E133/><V4/><F4/><AGARI ba="2,1" hai="4,9,14,20,26,30,44,45" m="19017,42507" machi="4" ten="30,1000,0" yaku="14,1" doraHai="65" who="0" fromWho="2" sc="280,26,240,0,230,-16,240,0" /><INIT seed="2,0,0,2,0,28" ten="306,240,214,240" oya="2" hai0="18,67,30,89,23,108,8,77,105,73,103,44,46" hai1="112,76,9,1,88,110,59,24,0,82,135,131,55" hai2="98,106,94,21,68,109,133,56,115,37,7,25,57" hai3="6,33,43,104,60,134,14,69,39,130,40,121,54"/><V122/><F122/><W117/><G104/><T126/><D108/><U90/><E112/><V48/><F115/><W4/><G117/><T16/><D126/><U129/><E24/><V58/><F37/><W26/><G121/><T93/><D67/><U3/><E9/><V92/><F68/><W29/><G134/><T120/><D120/><U79/><E135/><V95/><F133/><W87/><G130/><N who="1" m="49674" /><E110/><V86/><F109/><W96/><G96/><T19/><D8/><U72/><E79/><V42/><F7/><W118/><G118/><T52/><D105/><U65/><E65/><V113/><F113/><W99/><G99/><N who="0" m="57775" /><D103/><U51/><AGARI ba="0,0" hai="0,1,3,51,55,59,72,76,82,88,90" m="49674" machi="51" ten="40,2700,0" yaku="19,1,54,1" doraHai="28" who="1" fromWho="1" sc="306,-7,240,27,214,-13,240,-7" /><INIT seed="3,0,0,4,2,74" ten="299,267,201,233" oya="3" hai0="106,89,135,22,131,99,83,60,27,94,31,124,32" hai1="35,111,82,46,73,107,128,95,28,19,52,120,88" hai2="51,26,108,105,34,36,76,5,112,92,65,42,119" hai3="102,39,79,8,100,125,103,20,116,72,104,117,16"/><W110/><G104/><T86/><D124/><U13/><E120/><V59/><F105/><W93/><G39/><T49/><D131/><U18/><E107/><V53/><F119/><W64/><G125/><T14/><D135/><U24/><E111/><V96/><F112/><W121/><G121/><T132/><D132/><U61/><E128/><V58/><F108/><W50/><G110/><T101/><D60/><U67/><E67/><V97/><F5/><W6/><G64/><T38/><D38/><U115/><E115/><V11/><F11/><W78/><G93/><T84/><D49/><U134/><E134/><V133/><F133/><W77/><G72/><T44/><D44/><U80/><E18/><V15/><F15/><W57/><G57/><T85/><D106/><U118/><E73/><V130/><F130/><W1/><REACH who="3" step="1"/><G50/><REACH who="3" ten="299,267,201,223" step="2"/><T47/><D47/><U63/><E63/><V0/><F51/><W90/><G90/><T66/><D66/><U48/><E61/><V3/><F59/><W122/><G122/><T62/><D62/><U56/><E56/><V21/><F58/><W33/><G33/><T109/><D109/><U4/><E118/><V71/><F34/><W25/><AGARI ba="0,1" hai="1,6,8,16,20,25,77,78,79,100,102,103,116,117" machi="25" ten="30,18000,2" yaku="1,1,0,1,52,3,54,1,53,0" doraHai="74" doraHaiUra="70" who="3" fromWho="3" sc="299,-60,267,-60,201,-60,223,190" /><INIT seed="3,1,0,3,4,104" ten="239,207,141,413" oya="3" hai0="54,74,40,39,3,5,65,85,76,99,31,97,116" hai1="21,126,86,34,133,98,92,62,44,119,100,107,87" hai2="108,112,81,20,15,48,90,73,43,46,38,63,106" hai3="111,10,23,35,127,16,91,75,79,94,120,118,89"/><W0/><G118/><T12/><D116/><U26/><E133/><V80/><F112/><W57/><G120/><T59/><D3/><U121/><E121/><V64/><F106/><W2/><G35/><T37/><D65/><U25/><E126/><V30/><F108/><W95/><G127/><T60/><D31/><U130/><E130/><V33/><F33/><W17/><G111/><T49/><D74/><U56/><E119/><V71/><F73/><W29/><G29/><T129/><D39/><U36/><E107/><V83/><F30/><W24/><G57/><T131/><D37/><U14/><E36/><V122/><F122/><W45/><G45/><N who="0" m="25767" /><D131/><U70/><E44/><V69/><F38/><W9/><G75/><T4/><D129/><U125/><E70/><V55/><F71/><W96/><G79/><T84/><D84/><U42/><E42/><V11/><F20/><W110/><G110/><T22/><D22/><U19/><E125/><V78/><F78/><W123/><G123/><T66/><D66/><U128/><E128/><V101/><F101/><W117/><G117/><T82/><D5/><U115/><E115/><V1/><F1/><W67/><G67/><T32/><D32/><U61/><E34/><V53/><REACH who="2" step="1"/><F90/><REACH who="2" ten="239,207,131,413" step="2"/><W124/><G124/><T52/><D76/><U41/><E100/><V13/><F13/><N who="3" m="7215" /><G0/><T103/><D103/><U109/><E109/><V135/><F135/><W8/><G2/><T114/><D114/><U50/><E14/><V6/><AGARI ba="1,1" hai="6,11,15,43,46,48,53,55,63,64,69,80,81,83" machi="6" ten="30,4000,0" yaku="1,1,0,1,53,1" doraHai="104" doraHaiUra="58" who="2" fromWho="2" sc="239,-11,207,-11,131,53,413,-21" /><INIT seed="4,0,0,2,4,71" ten="228,196,184,392" oya="0" hai0="92,82,19,109,26,64,84,99,101,114,107,46,48" hai1="95,28,76,21,33,36,65,108,31,68,23,8,40" hai2="93,67,18,59,118,126,58,127,14,91,132,119,83" hai3="121,15,50,100,120,52,12,17,34,111,97,27,25"/><T9/><D114/><U63/><E108/><V131/><F83/><W134/><G111/><T89/><D109/><U78/><E8/><V39/><F132/><W5/><G134/><T116/><D116/><N who="2" m="44586" /><F131/><W13/><G5/><T90/><D64/><U37/><E95/><V56/><F67/><W10/><G34/><T69/><D69/><U74/><E74/><V117/><N who="2" m="44594" /><V7/><DORA hai="47" /><F7/><W128/><G128/><T1/><D1/><U38/><E40/><V42/><F42/><W20/><G27/><T103/><D107/><U30/><REACH who="1" step="1"/><E33/><REACH who="1" ten="228,186,184,392" step="2"/><V122/><F122/><W133/><G10/><T53/><D9/><U77/><AGARI ba="0,1" hai="21,23,28,30,31,36,37,38,63,65,68,76,77,78" machi="77" ten="40,24000,4" yaku="1,1,2,1,0,1,29,2,52,3,53,4" doraHai="71,47" doraHaiUra="70,61" who="1" fromWho="1" sc="228,-120,186,250,184,-60,392,-60" /><INIT seed="5,0,0,5,1,69" ten="108,436,124,332" oya="1" hai0="28,52,10,27,87,48,125,1,50,21,2,38,132" hai1="134,49,65,11,51,131,124,89,121,44,81,22,99" hai2="135,83,122,19,61,5,94,18,84,130,17,92,119" hai3="13,56,101,23,82,128,118,126,45,120,30,14,4"/><U40/><E121/><V98/><F122/><W74/><G120/><T79/><D125/><U76/><E124/><V7/><F119/><W0/><G126/><T55/><D132/><U108/><E134/><V58/><F135/><W111/><G111/><T62/><D62/><U33/><E33/><V66/><F130/><W113/><G113/><T85/><D38/><U70/><E22/><V29/><F29/><W133/><G133/><T12/><D1/><U107/><E131/><V16/><N who="2" m="4096" /><DORA hai="37" /><V42/><F42/><W96/><G128/><T93/><D2/><U39/><E11/><V129/><F129/><W15/><G56/><N who="0" m="32887" /><D93/><U104/><E89/><V77/><REACH who="2" step="1"/><F92/><REACH who="2" ten="108,436,114,332" step="2"/><W9/><G30/><T24/><D24/><U114/><E40/><V25/><F25/><W41/><G41/><T90/><D79/><U73/><E76/><V71/><F71/><W20/><G118/><T68/><D68/><U106/><E70/><V53/><F53/><W117/><G117/><T64/><D64/><U115/><E107/><V116/><F116/><W105/><G105/><T63/><D52/><U72/><E65/><V46/><F46/><W47/><G47/><T91/><D27/><U43/><E44/><V3/><F3/><W57/><G45/><T110/><D28/><U78/><E78/><V100/><AGARI ba="0,1" hai="5,7,58,61,66,77,83,84,94,98,100" m="4096" machi="100" ten="40,8000,1" yaku="1,1,0,1,8,1,54,1,53,0" doraHai="69,37" doraHaiUra="6,31" who="2" fromWho="2" sc="108,-20,436,-40,114,90,332,-20" /><INIT seed="6,0,0,1,5,31" ten="88,396,204,312" oya="2" hai0="58,123,117,81,57,30,11,69,19,101,2,46,92" hai1="127,7,103,54,108,26,12,78,53,93,120,49,60" hai2="63,4,35,132,88,3,107,113,51,0,130,42,44" hai3="125,18,79,75,13,43,85,77,84,1,6,28,135"/><V76/><F107/><W73/><G43/><T62/><D123/><U48/><E108/><V95/><F76/><W45/><G45/><T89/><D117/><U99/><E78/><V37/><F113/><W131/><G1/><T64/><D101/><U118/><E118/><V56/><F132/><W86/><G6/><T65/><D30/><U8/><E127/><V22/><F130/><W114/><G28/><T41/><D81/><U61/><E26/><V90/><F35/><W27/><G27/><T16/><D2/><U24/><E24/><V34/><F34/><W102/><G13/><T133/><D133/><U129/><E120/><V105/><F105/><W25/><G25/><T20/><D11/><U124/><E124/><V71/><F22/><W52/><G18/><T68/><D69/><U119/><E129/><V74/><F74/><W126/><G131/><T111/><D111/><U33/><E33/><V83/><F4/><W67/><G85/><N who="0" m="52271" /><D68/><U36/><E36/><V121/><F121/><W5/><G5/><T98/><D98/><U72/><E72/><V106/><F106/><W38/><G38/><T32/><D32/><U59/><E119/><V66/><F83/><W97/><G114/><T29/><D29/><U115/><E115/><V15/><F15/><W94/><G135/><T96/><D96/><U116/><E116/><V109/><F109/><W112/><G112/><T14/><D19/><U128/><E128/><V50/><F90/><W87/><G125/><T9/><D20/><U23/><E23/><V10/><F10/><W104/><G126/><T40/><D46/><AGARI ba="0,0" hai="7,8,12,46,48,49,53,54,59,60,61,93,99,103" machi="46" ten="30,3900,0" yaku="6,1,7,1,8,1" doraHai="31" who="1" fromWho="0" sc="88,-39,396,39,204,0,312,0" /><INIT seed="7,0,0,5,0,42" ten="49,435,204,312" oya="3" hai0="49,103,128,72,126,22,135,69,84,26,131,28,102" hai1="18,124,0,97,119,112,88,86,91,73,35,74,80" hai2="83,92,59,60,25,50,31,44,51,67,11,122,61" hai3="114,99,64,95,78,53,117,118,121,19,111,55,14"/><W47/><G121/><T76/><D72/><U100/><E35/><V40/><F122/><W36/><G114/><T46/><D69/><U62/><E0/><V23/><F83/><W129/><G129/><T29/><D84/><N who="1" m="50183" /><E62/><V90/><F11/><W104/><G104/><T21/><D49/><U94/><E18/><V2/><F2/><W37/><G111/><T120/><D120/><U17/><E17/><V24/><F24/><W1/><G1/><T54/><D26/><U107/><E112/><V66/><F51/><W48/><G78/><T96/><D96/><N who="1" m="61831" /><E124/><V12/><F12/><W89/><G64/><T13/><D76/><U110/><E110/><V130/><F130/><W98/><G98/><T10/><D13/><U85/><E119/><V105/><F105/><W8/><REACH who="3" step="1"/><G55/><REACH who="3" ten="49,435,204,302" step="2"/><T134/><D54/><U32/><E32/><V27/><F67/><W82/><G82/><T34/><D34/><U123/><E123/><V108/><F108/><W68/><G68/><T56/><D126/><U65/><E65/><V93/><F93/><W58/><G58/><T106/><D56/><U6/><E6/><V63/><REACH who="2" step="1"/><F27/><REACH who="2" ten="49,435,194,302" step="2"/><W115/><G115/><T39/><D106/><U87/><AGARI ba="0,2" hai="73,74,85,86,87,91,94,97" m="61831,50183" machi="87" ten="30,12000,2" yaku="35,5,54,1" doraHai="42" who="1" fromWho="1" sc="49,-30,435,140,194,-30,302,-60" owari="19,-48.1,575,67.5,164,-23.6,242,4.2" /></mjloggm>