<mjloggm ver="2.3"><GO type="169" lobby="0"/><UN n0="%6D%75%72%61%30%2B" n1="%E3%82%86%E3%81%86%E3%82%86%E3%81%8D" n2="%E3%82%B1%E3%82%A4%E3%83%AD%E3%83%B3" n3="%E3%81%93%E3%82%8C%E3%81%8C%E3%81%B5%E3%81%95%E3%81%B5%E3%81%95" dan="16,16,16,16" rate="2122.21,2191.65,2127.80,2203.60" sx="M,M,M,M"/><TAIKYOKU oya="0"/><INIT seed="0,0,0,5,3,108" ten="250,250,250,250" oya="0" hai0="7,13,57,88,74,84,51,123,135,48,11,12,82" hai1="101,32,16,121,45,58,92,85,10,95,46,64,2" hai2="21,18,50,103,77,104,98,41,63,114,111,94,78" hai3="80,133,17,55,30,33,61,120,24,105,69,9,116"/><T8/><D135/><U29/><E121/><V115/><F111/><W23/><G116/><T53/><D123/><U52/><E64/><V70/><F104/><W134/><G120/><T73/><REACH who="0" step="1"/><D51/><REACH who="0" ten="240,250,250,250" step="2"/><N who="1" m="31007" /><E2/><V72/><F50/><W34/><G134/><T28/><D28/><U66/><E29/><V99/><F63/><W125/><G133/><T37/><D37/><U20/><E32/><V68/><F70/><W47/><G69/><T83/><D83/><U35/><E35/><V86/><F68/><W27/><G80/><T14/><D14/><N who="1" m="9239" /><E66/><V110/><F110/><W132/><G30/><T4/><AGARI ba="0,1" hai="4,7,8,11,12,13,48,53,57,73,74,82,84,88" machi="4" ten="20,12000,1" yaku="1,1,0,1,7,1,9,1,54,1,53,0" doraHai="108" doraHaiUra="26" who="0" fromWho="0" sc="240,130,250,-40,250,-40,250,-40" /><INIT seed="0,1,0,0,1,40" ten="370,210,210,210" oya="0" hai0="10,76,81,57,115,32,28,56,60,47,68,29,106" hai1="23,54,85,133,2,92,130,121,124,110,22,1,83" hai2="100,43,58,125,24,72,97,135,98,103,102,69,52" hai3="38,7,25,123,95,105,126,80,74,122,12,61,91"/><T49/><D115/><U35/><E121/><V59/><F72/><W127/><G38/><T46/><D106/><U84/><E92/><V21/><F135/><W3/><G3/><T114/><D114/><U94/><E94/><V108/><F69/><W31/><G61/><T119/><D119/><U70/><E70/><V86/><F125/><N who="3" m="47627" /><G12/><T6/><D68/><U62/><E62/><V101/><F43/><W34/><G7/><T27/><D29/><U128/><E124/><V44/><F86/><N who="3" m="52727" /><G105/><T13/><D49/><U9/><E9/><V51/><N who="2" m="25600" /><DORA hai="78" /><V45/><F108/><W129/><G129/><T134/><D134/><U93/><E93/><V5/><F59/><W30/><G30/><T67/><D57/><U131/><E131/><V113/><F5/><W18/><G18/><T90/><D90/><U99/><E110/><V33/><F113/><W0/><G0/><T15/><D13/><U16/><E1/><V11/><F11/><W71/><G71/><T55/><D67/><U107/><E107/><V104/><F104/><W118/><G118/><T96/><D96/><N who="2" m="36970" /><F33/><W132/><G132/><T79/><D79/><AGARI ba="1,0" hai="25,31,34,74,79,80,122,123" m="52727,47627" machi="79" ten="30,2000,0" yaku="18,1,52,1" doraHai="40,78" who="3" fromWho="0" sc="370,-23,210,0,210,0,210,23" /><INIT seed="1,0,0,4,3,83" ten="347,210,210,233" oya="1" hai0="115,72,109,65,43,79,127,44,130,120,6,32,106" hai1="89,131,126,58,84,18,19,85,14,87,88,22,45" hai2="7,121,30,4,116,76,94,74,63,5,100,112,1" hai3="117,125,51,68,37,61,36,71,8,123,133,135,124"/><U15/><E126/><N who="3" m="48746" /><G8/><T86/><D127/><U0/><E0/><V16/><F1/><W78/><G78/><T104/><D32/><U67/><E131/><V27/><F116/><W134/><G117/><T42/><D42/><U62/><E45/><V97/><F112/><W98/><G98/><T118/><D118/><U69/><E69/><N who="3" m="26698" /><G61/><T12/><D72/><U99/><E99/><V114/><F121/><W28/><G28/><T35/><D35/><U57/><E57/><V23/><F114/><W108/><G123/><T34/><D120/><U64/><E64/><V101/><F101/><W17/><G17/><T33/><D65/><U119/><E119/><V105/><F74/><W102/><G102/><T10/><D115/><U111/><E111/><V9/><F76/><W49/><G108/><T55/><D79/><U3/><E3/><V53/><F105/><W60/><G60/><T110/><D106/><U107/><E107/><V47/><F9/><AGARI ba="0,0" hai="9,14,15,18,19,22,58,62,67,84,85,87,88,89" machi="9" ten="40,12000,1" yaku="8,1,52,3,54,1" doraHai="83" who="1" fromWho="2" sc="347,0,210,120,210,-120,233,0" /><INIT seed="1,1,0,3,0,54" ten="347,330,90,233" oya="1" hai0="28,75,31,48,132,26,36,47,76,24,102,123,127" hai1="126,99,107,67,113,4,44,22,19,39,12,65,118" hai2="2,60,116,77,128,109,32,21,93,84,9,111,25" hai3="101,29,27,133,63,56,124,69,62,8,95,78,94"/><U106/><E113/><V112/><F116/><W16/><G133/><T52/><D127/><U37/><E118/><V71/><F128/><W51/><G124/><T70/><D70/><U135/><E126/><V11/><F112/><W125/><G125/><T34/><D132/><U64/><E135/><V120/><F120/><W119/><G78/><T86/><D75/><U5/><E44/><V61/><F32/><W89/><G69/><T50/><D36/><U14/><E99/><V49/><F2/><W17/><G51/><T30/><D123/><U108/><E108/><N who="2" m="41547" /><F49/><W35/><G63/><N who="2" m="24137" /><F71/><W130/><G130/><T74/><D74/><U58/><E67/><V96/><F84/><W68/><G68/><T104/><D34/><U38/><E39/><V53/><F53/><W66/><G119/><T81/><D104/><U117/><E117/><V97/><F77/><W80/><G80/><T7/><D7/><U0/><E0/><V83/><F83/><W18/><G95/><T33/><D33/><U90/><E5/><V82/><F82/><W15/><REACH who="3" step="1"/><G101/><REACH who="3" ten="347,330,90,223" step="2"/><T134/><D102/><U10/><E38/><V91/><F96/><AGARI ba="1,1" hai="8,15,16,17,18,27,29,35,56,62,66,89,94,96" machi="96" ten="30,8000,1" yaku="1,1,2,1,7,1,52,1,54,1,53,0" doraHai="54" doraHaiUra="105" who="3" fromWho="2" sc="347,0,330,0,90,-83,223,93" /><INIT seed="2,0,0,2,1,6" ten="347,330,7,316" oya="2" hai0="14,25,8,61,20,9,70,76,134,35,119,32,26" hai1="107,81,124,17,101,120,116,117,29,95,75,121,99" hai2="50,4,93,39,80,71,86,64,7,102,56,88,127" hai3="87,24,21,72,16,82,59,23,106,67,96,129,2"/><V69/><F39/><W111/><G111/><T110/><D76/><N who="1" m="44191" /><E17/><V38/><F38/><W48/><G129/><T37/><D37/><U104/><E29/><V58/><F71/><W0/><G72/><T133/><D110/><U68/><E68/><V85/><F127/><W65/><G106/><N who="1" m="40490" /><E124/><V126/><F126/><W30/><G96/><T66/><D119/><AGARI ba="0,0" hai="95,99,101,116,117,119,120,121" m="40490,44191" machi="119" ten="30,2000,0" yaku="34,2" doraHai="6" who="1" fromWho="0" sc="347,-20,330,20,7,0,316,0" /><INIT seed="3,0,0,4,5,18" ten="327,350,7,316" oya="3" hai0="129,0,26,95,102,47,103,1,123,62,4,72,135" hai1="108,85,52,90,39,70,15,109,59,130,133,104,40" hai2="61,96,97,45,21,76,27,89,78,98,23,106,73" hai3="37,105,87,100,60,28,31,113,101,43,93,16,10"/><W56/><G113/><T46/><D123/><U11/><E70/><V53/><F73/><W117/><G117/><T64/><D72/><U36/><E104/><V34/><F34/><W44/><G105/><T92/><D135/><U122/><E122/><V112/><F112/><W29/><G87/><T115/><D115/><U99/><E99/><N who="2" m="37963" /><F106/><W41/><G93/><T86/><D129/><U65/><E65/><V24/><N who="2" m="37971" /><V91/><DORA hai="126" /><F45/><W54/><REACH who="3" step="1"/><G43/><REACH who="3" ten="327,350,7,306" step="2"/><T81/><D95/><U107/><E40/><V118/><F118/><W35/><G35/><T116/><D116/><U58/><E85/><V38/><F38/><W3/><G3/><T131/><D0/><U17/><E107/><V84/><F53/><W71/><G71/><T111/><D92/><U67/><E52/><V119/><F119/><W30/><N who="3" m="7168" /><DORA hai="121" /><W7/><G7/><T5/><D5/><U50/><E39/><V82/><F61/><W68/><G68/><T134/><D62/><U94/><E94/><V120/><F120/><W22/><G22/><N who="2" m="8201" /><F91/><W13/><AGARI ba="0,1" hai="10,13,16,37,41,44,54,56,60,100,101" m="7168" machi="13" ten="40,12000,1" yaku="1,1,0,1,54,1,53,1" doraHai="18,126,121" doraHaiUra="80,14,20" who="3" fromWho="3" sc="327,-40,350,-40,7,-40,306,130" owari="287,-11.3,310,11.0,-33,-53.3,436,53.6" /></mjloggm>