<mjloggm ver="2.3"><GO type="169" lobby="0"/><UN n0="%44%65%63%65%6D%62%65%72" n1="%74%61%6B%65%33" n2="%E2%91%A3%E9%81%BF%E9%81%8A%E6%88%AF%E3%80%90%E6%9D%B1%E5%8D%97%E3%80%91" n3="%46%69%72%73%74" dan="16,17,16,16" rate="2073.59,2204.42,2133.97,2049.56" sx="M,M,M,M"/><TAIKYOKU oya="0"/><INIT seed="0,0,0,2,4,32" ten="250,250,250,250" oya="0" hai0="80,71,111,9,90,23,85,76,64,12,27,70,6" hai1="36,50,3,121,125,31,124,120,49,94,84,34,18" hai2="74,58,83,86,130,97,73,132,14,98,17,61,44" hai3="115,46,95,102,47,52,8,128,69,109,82,78,134"/><T92/><D111/><U42/><E36/><V96/><F132/><W33/><G115/><T53/><D64/><U39/><E39/><V62/><F130/><W79/><G109/><T65/><D65/><U2/><E18/><V72/><F44/><W41/><G128/><T108/><D108/><U113/><E113/><V7/><F7/><W11/><G134/><T103/><D103/><U4/><E4/><V45/><F45/><W118/><G118/><T22/><D53/><U37/><E37/><V0/><F58/><W104/><G104/><T43/><D43/><U91/><E31/><V30/><F30/><W88/><G102/><T1/><D12/><U20/><E20/><V68/><F68/><W135/><G33/><T77/><D77/><U116/><E34/><V107/><F107/><W40/><G69/><T13/><D13/><U105/><E105/><V10/><REACH who="2" step="1"/><F0/><REACH who="2" ten="250,250,240,250" step="2"/><N who="1" m="41" /><E116/><V99/><N who="2" m="24576" /><DORA hai="5" /><V119/><F119/><W60/><G135/><T81/><D71/><U75/><E75/><V106/><F106/><W26/><G40/><T110/><D70/><U51/><E42/><V54/><F54/><W28/><G41/><T87/><D110/><U66/><E66/><V15/><F15/><W35/><G46/><T133/><D133/><U56/><E56/><V55/><F55/><W127/><G47/><T48/><D27/><U122/><E122/><V16/><F16/><W24/><G24/><T57/><D57/><U67/><E67/><V123/><F123/><W117/><G117/><T29/><D29/><U112/><E112/><V93/><F93/><W25/><G28/><RYUUKYOKU ba="0,1" sc="250,-15,250,15,240,15,250,-15" hai1="49,50,51,84,91,94,120,121,124,125" hai2="10,14,17,61,62,72,73,74,83,86" /><INIT seed="1,1,1,1,4,96" ten="235,265,255,235" oya="1" hai0="113,130,118,86,31,25,19,104,127,109,37,20,133" hai1="125,41,128,10,95,40,33,72,17,102,129,23,117" hai2="6,16,12,9,112,76,84,94,122,111,85,58,73" hai3="98,81,64,75,56,15,36,2,7,30,8,14,24"/><U0/><E117/><V89/><F111/><W108/><G108/><T62/><D104/><U77/><E33/><V67/><F122/><W27/><G36/><T68/><D37/><U5/><E125/><V82/><F112/><W65/><G98/><T45/><D68/><U123/><E123/><V39/><F39/><W120/><G120/><T3/><D62/><U48/><E77/><V83/><F67/><W38/><G38/><T55/><D55/><U4/><E4/><V50/><F58/><W42/><G42/><T103/><D86/><U1/><E1/><V69/><F69/><W66/><G56/><T74/><D45/><U135/><E72/><V132/><F132/><W131/><G131/><N who="1" m="50250" /><E135/><V57/><F73/><W61/><G61/><T79/><D79/><U116/><E116/><V11/><F83/><W88/><G75/><T121/><D3/><U71/><E71/><V53/><F6/><W51/><G51/><T91/><D74/><U92/><E102/><V100/><F100/><W13/><REACH who="3" step="1"/><G30/><REACH who="3" ten="235,265,255,225" step="2"/><T97/><D109/><U52/><E41/><V110/><REACH who="2" step="1"/><F110/><REACH who="2" ten="235,265,245,225" step="2"/><W32/><G32/><N who="0" m="20591" /><D121/><U80/><E40/><V22/><AGARI ba="1,3" hai="9,11,12,16,22,50,53,57,76,82,84,85,89,94" machi="22" ten="20,12000,2" yaku="1,1,0,1,7,1,25,2,8,1,54,1,53,0" doraHai="96" doraHaiUra="70" who="2" fromWho="2" sc="235,-31,265,-61,245,153,225,-31" /><INIT seed="2,0,0,5,3,16" ten="204,204,398,194" oya="2" hai0="44,122,80,11,15,55,74,133,117,42,61,48,4" hai1="86,99,60,14,66,54,38,45,10,51,132,118,34" hai2="0,56,79,35,1,75,32,83,63,24,26,94,36" hai3="106,124,84,5,65,68,93,41,25,88,8,72,22"/><V98/><F36/><W127/><G106/><T9/><D133/><U52/><E118/><V67/><F26/><W135/><G135/><T28/><D122/><U29/><E132/><V110/><F110/><W69/><G72/><T39/><D117/><U131/><E131/><V78/><F79/><W76/><G76/><T27/><D61/><U13/><E38/><V103/><F35/><W100/><G100/><T77/><D9/><U121/><E121/><V33/><F32/><W107/><G107/><T130/><D130/><U90/><E99/><V134/><F134/><W31/><G41/><T126/><D126/><N who="3" m="48169" /><G65/><T23/><REACH who="0" step="1"/><D39/><REACH who="0" ten="194,204,398,194" step="2"/><U116/><E116/><V111/><F111/><W59/><G59/><T129/><D129/><U19/><E60/><V113/><F113/><W114/><G114/><T95/><D95/><U115/><E115/><V89/><F33/><W53/><G53/><AGARI ba="0,1" hai="4,11,15,23,27,28,42,44,48,53,55,74,77,80" machi="53" ten="40,2600,0" yaku="1,1,52,1,53,0" doraHai="16" doraHaiUra="62" who="0" fromWho="3" sc="194,36,204,0,398,0,194,-26" /><INIT seed="3,0,0,4,3,103" ten="230,204,398,168" oya="3" hai0="54,81,116,76,69,113,19,9,71,72,68,44,5" hai1="6,57,96,106,121,55,86,78,34,79,115,21,84" hai2="0,111,25,73,112,37,49,110,63,77,1,92,42" hai3="22,8,13,31,26,7,128,117,58,83,51,131,104"/><W27/><G117/><T93/><D116/><U60/><E34/><V75/><F112/><W101/><G83/><T20/><D113/><U40/><E121/><V64/><F49/><W45/><G58/><T24/><D93/><U62/><E6/><V17/><F92/><W124/><G124/><T67/><D44/><U100/><E115/><V28/><F17/><W118/><G118/><T66/><REACH who="0" step="1"/><D54/><REACH who="0" ten="220,204,398,168" step="2"/><U122/><E40/><V125/><F125/><W97/><REACH who="3" step="1"/><G27/><REACH who="3" ten="220,204,398,158" step="2"/><T30/><D30/><U61/><E122/><V56/><F25/><W129/><G129/><T70/><N who="0" m="17408" /><DORA hai="59" /><T41/><D41/><AGARI ba="0,2" hai="7,8,13,22,26,31,41,45,51,97,101,104,128,131" machi="41" ten="40,7700,0" yaku="1,1,52,1,53,1" doraHai="103,59" doraHaiUra="33,10" who="3" fromWho="0" sc="220,-77,204,0,398,0,158,97" /><INIT seed="3,1,0,2,2,62" ten="143,204,398,255" oya="3" hai0="134,25,119,93,80,21,104,6,113,74,54,20,127" hai1="43,110,130,45,32,42,85,117,67,44,29,114,56" hai2="39,82,27,73,120,126,98,64,91,40,28,94,112" hai3="103,33,87,1,8,78,57,51,97,122,108,47,14"/><W75/><G122/><T26/><D119/><U100/><E114/><V71/><F112/><W63/><G1/><T2/><D113/><U0/><E0/><V88/><F120/><W81/><G33/><T49/><D104/><U3/><E3/><V16/><F126/><W95/><G108/><T61/><D127/><U9/><E110/><V23/><F39/><W118/><G118/><T76/><D134/><U31/><E130/><V46/><F73/><W106/><G47/><T52/><D93/><U50/><E32/><V116/><F116/><W129/><G51/><T72/><D2/><U18/><E100/><V59/><F71/><W128/><G75/><T12/><D72/><U7/><E7/><V99/><F40/><W70/><G70/><T48/><D61/><U65/><E85/><V15/><F46/><W89/><G106/><T11/><D49/><N who="1" m="26775" /><E56/><V22/><F82/><W77/><G129/><T68/><D68/><U24/><E117/><V107/><F107/><W83/><G83/><T135/><D48/><U92/><E92/><V79/><F79/><W115/><G128/><T37/><D37/><U101/><E101/><N who="2" m="60631" /><F99/><W19/><REACH who="3" step="1"/><G115/><REACH who="3" ten="143,204,398,245" step="2"/><T121/><D121/><U30/><E50/><V69/><F69/><W38/><G38/><T60/><D80/><U123/><E123/><V133/><F133/><W124/><G124/><T34/><D74/><U131/><E131/><V35/><F35/><W53/><AGARI ba="1,1" hai="8,14,19,53,57,63,77,78,81,87,89,95,97,103" machi="53" ten="20,7800,0" yaku="1,1,0,1,7,1,8,1,53,0" doraHai="62" doraHaiUra="66" who="3" fromWho="3" sc="143,-27,204,-27,398,-27,245,91" /><INIT seed="3,2,0,4,0,84" ten="116,177,371,336" oya="3" hai0="134,97,47,43,77,72,39,105,75,62,21,23,87" hai1="118,7,99,41,8,91,128,42,45,80,53,20,101" hai2="28,52,126,56,54,26,48,106,122,14,73,3,100" hai3="10,22,111,79,125,19,27,5,9,70,113,18,135"/><W90/><G113/><T71/><D134/><U33/><E33/><V78/><F122/><W86/><G135/><T108/><D108/><U81/><E128/><V36/><F36/><W82/><G125/><T109/><D109/><U31/><E118/><V46/><F126/><W60/><G111/><T132/><D132/><U103/><E53/><V24/><F3/><W89/><G70/><T29/><D29/><U57/><E57/><V83/><F14/><N who="3" m="5423" /><G60/><T67/><D75/><U34/><E34/><V6/><F6/><W94/><G94/><T107/><D72/><U69/><E69/><V51/><REACH who="2" step="1"/><F28/><REACH who="2" ten="116,177,361,336" step="2"/><W133/><G133/><T74/><D39/><U112/><E31/><V114/><F114/><W117/><G117/><T1/><D1/><U11/><E7/><V2/><F2/><W64/><G64/><T63/><D67/><U110/><E112/><V55/><F55/><W15/><AGARI ba="2,1" hai="10,15,18,19,22,27,79,82,86,89,90" m="5423" machi="15" ten="30,6000,0" yaku="8,1,52,2" doraHai="84" who="3" fromWho="3" sc="116,-22,177,-22,361,-22,336,76" /><INIT seed="3,3,0,4,1,83" ten="94,155,339,412" oya="3" hai0="4,92,47,112,22,69,93,24,121,105,26,96,78" hai1="80,77,36,119,67,87,41,45,55,106,40,84,9" hai2="115,62,88,7,86,27,5,127,85,73,6,49,100" hai3="110,123,60,35,98,81,53,135,109,126,72,74,103"/><W75/><G123/><T16/><D121/><U3/><E119/><V19/><F115/><W34/><G135/><T17/><D112/><U113/><E113/><V95/><F73/><W54/><G126/><T65/><D78/><U133/><E106/><V94/><F127/><W39/><G39/><T2/><D47/><U71/><E41/><V111/><F111/><N who="3" m="42507" /><G81/><T29/><D4/><U18/><E133/><V134/><F134/><W130/><G130/><T28/><D2/><U20/><E55/><N who="3" m="21002" /><G60/><T13/><D105/><AGARI ba="3,0" hai="34,35,72,74,75,98,103,105" m="21002,42507" machi="105" ten="40,3900,0" yaku="14,1,10,1" doraHai="83" who="3" fromWho="0" sc="94,-48,155,0,339,0,412,48" /><INIT seed="3,4,0,4,1,122" ten="46,155,339,460" oya="3" hai0="51,106,94,84,99,61,32,85,56,45,132,130,14" hai1="18,100,133,8,15,27,50,121,104,21,69,52,79" hai2="16,112,4,97,64,48,55,33,9,3,126,72,35" hai3="66,20,107,57,43,12,83,91,63,125,70,47,117"/><W68/><G117/><T60/><D132/><U23/><E121/><V6/><F72/><W105/><G125/><T54/><D130/><U86/><E133/><V22/><F126/><W109/><G109/><T89/><D106/><U40/><E69/><V92/><F112/><W26/><G12/><T58/><D32/><U73/><E73/><V36/><F36/><W78/><G91/><T129/><D129/><U102/><E40/><V88/><F64/><W38/><G57/><T29/><D29/><U59/><E104/><V80/><F6/><W108/><G108/><T53/><REACH who="0" step="1"/><D14/><REACH who="0" ten="36,155,339,460" step="2"/><U128/><E128/><V11/><F35/><W1/><G107/><T131/><D131/><U74/><E74/><V25/><F33/><W46/><G105/><T31/><D31/><U44/><E23/><V76/><F3/><W103/><G1/><T30/><D30/><U34/><E34/><V115/><F4/><W65/><G20/><T95/><D95/><U24/><E24/><V82/><F115/><W75/><G26/><T7/><D7/><U116/><E116/><V114/><F114/><W87/><G75/><T5/><D5/><U123/><E123/><V28/><F28/><W71/><G103/><T134/><D134/><U67/><E27/><V110/><F110/><W39/><G66/><AGARI ba="4,1" hai="45,51,53,54,56,58,60,61,66,84,85,89,94,99" machi="66" ten="30,7700,0" yaku="1,1,7,1,8,1,53,1" doraHai="122" doraHaiUra="42" who="0" fromWho="3" sc="36,99,155,0,339,0,460,-89" /><INIT seed="4,0,0,2,2,126" ten="135,155,339,371" oya="0" hai0="62,58,86,64,123,109,32,108,36,111,120,77,116" hai1="114,106,1,16,103,19,98,70,13,66,99,20,104" hai2="6,53,93,69,74,43,95,79,133,21,12,60,83" hai3="76,27,122,101,54,131,113,8,118,59,124,89,75"/><T67/><D32/><U23/><E1/><V55/><F133/><W117/><G101/><T52/><D77/><U73/><E73/><V24/><F43/><W41/><G89/><T5/><D5/><U38/><E38/><V135/><F135/><W37/><G27/><T115/><D86/><U28/><E114/><V132/><F132/><W31/><G8/><T68/><D115/><U2/><E2/><V82/><F82/><W94/><G31/><T18/><D18/><U44/><E44/><V71/><F12/><W15/><G15/><T11/><D11/><U40/><E40/><V17/><F6/><W49/><G94/><T121/><D36/><U110/><E110/><V42/><F42/><W9/><G9/><T102/><D102/><U107/><E28/><V100/><F100/><W129/><G75/><T84/><D84/><U61/><REACH who="1" step="1"/><E99/><REACH who="1" ten="135,145,339,371" step="2"/><V88/><F93/><W130/><G113/><T80/><D80/><U127/><E127/><V78/><F78/><W105/><G124/><T92/><D92/><U81/><E81/><V33/><F74/><W85/><G37/><T46/><D116/><U47/><E47/><V97/><F83/><W125/><G125/><T134/><D134/><U96/><E96/><V51/><F79/><W112/><G112/><T91/><D91/><U29/><E29/><V35/><F35/><W45/><G118/><T39/><D68/><U65/><E65/><V4/><F33/><W90/><G117/><T34/><D34/><U63/><E63/><V7/><F60/><W72/><G90/><T56/><D56/><U87/><E87/><RYUUKYOKU ba="0,1" sc="135,15,145,15,339,-15,371,-15" hai0="39,46,52,58,62,64,67,108,109,111,120,121,123" hai1="13,16,19,20,23,61,66,70,98,103,104,106,107" /><INIT seed="4,1,1,4,1,128" ten="150,160,324,356" oya="0" hai0="9,2,29,86,94,41,111,7,129,119,87,32,78" hai1="69,11,44,98,31,131,107,82,18,96,117,36,66" hai2="13,37,97,45,105,51,48,6,104,43,134,116,126" hai3="5,0,39,127,15,42,75,130,106,19,114,93,133"/><T49/><D119/><U68/><E117/><V40/><F116/><W58/><G106/><T81/><D129/><U55/><E107/><V100/><F126/><W115/><G127/><T135/><D135/><U88/><E31/><V56/><F134/><W52/><G75/><T85/><D111/><U54/><E36/><V17/><F6/><W132/><G93/><T76/><D29/><U124/><E124/><V120/><F120/><W63/><G130/><T26/><D26/><U73/><E73/><V74/><F74/><W108/><G108/><T46/><D32/><U121/><E121/><V53/><F105/><W67/><G67/><T70/><D70/><U109/><E109/><V30/><F30/><W103/><G103/><T35/><D35/><U62/><E69/><V23/><REACH who="2" step="1"/><F43/><REACH who="2" ten="150,160,314,356" step="2"/><W89/><G5/><T77/><REACH who="0" step="1"/><D94/><REACH who="0" ten="140,160,314,356" step="2"/><U12/><E131/><V90/><F90/><AGARI ba="1,3" hai="2,7,9,41,46,49,76,77,78,81,85,86,87,90" machi="90" ten="40,3900,0" yaku="1,1,2,1,53,0" doraHai="128" doraHaiUra="91" who="0" fromWho="2" sc="140,72,160,0,314,-42,356,0" /><INIT seed="4,2,0,5,2,69" ten="212,160,272,356" oya="0" hai0="38,13,23,84,102,47,119,19,17,113,67,128,2" hai1="125,41,64,62,120,40,79,109,122,32,87,58,39" hai2="53,78,95,105,121,107,90,68,116,77,91,37,33" hai3="4,26,56,57,127,132,129,30,71,18,12,25,31"/><T85/><D119/><U73/><E32/><V86/><F68/><W101/><G129/><T61/><D113/><U115/><E73/><V112/><F33/><W124/><G71/><T0/><D128/><U88/><E109/><V75/><F53/><W20/><G101/><T89/><D102/><U94/><E125/><N who="3" m="48202" /><G132/><T36/><D85/><U43/><E115/><V131/><F131/><W49/><G49/><T72/><D72/><U60/><E79/><V114/><F75/><W52/><G52/><T106/><D106/><U51/><E51/><V126/><F126/><W135/><G135/><T46/><D46/><U82/><E62/><V27/><F27/><W111/><G4/><T3/><D47/><U81/><REACH who="1" step="1"/><E39/><REACH who="1" ten="212,150,272,356" step="2"/><V50/><F37/><W83/><G111/><T104/><D104/><U10/><E10/><V92/><F50/><W74/><G74/><T8/><D61/><U100/><E100/><V45/><F45/><W93/><G20/><T29/><D67/><U21/><E21/><V9/><F9/><W65/><G65/><T7/><D7/><U123/><AGARI ba="2,1" hai="40,41,43,58,60,64,81,82,87,88,94,120,122,123" machi="123" ten="40,12000,2" yaku="1,1,0,1,54,1,53,3" doraHai="69" doraHaiUra="118" who="1" fromWho="1" sc="212,-62,150,136,272,-32,356,-32" /><INIT seed="5,0,0,5,2,69" ten="150,286,240,324" oya="1" hai0="79,4,107,106,25,102,120,41,127,93,130,48,124" hai1="103,84,131,56,70,65,27,8,47,119,7,10,98" hai2="105,36,97,76,99,112,29,14,104,18,86,92,91" hai3="15,44,134,82,35,73,55,110,108,45,53,129,21"/><U23/><E119/><V34/><F36/><W5/><G35/><T125/><D4/><U16/><E70/><V100/><F112/><W74/><G129/><T83/><D25/><U33/><E131/><V115/><F115/><W78/><G134/><T46/><D130/><U13/><E33/><V117/><F117/><W66/><G66/><T22/><D22/><U118/><E118/><V54/><F34/><W24/><G74/><T109/><D109/><U95/><E47/><V9/><F29/><W88/><G45/><T49/><D120/><U3/><E84/><V126/><F126/><N who="0" m="32258" /><T132/><DORA hai="61" /><D132/><U52/><E65/><V89/><F76/><W101/><G101/><T71/><D71/><U40/><E40/><V96/><F105/><N who="0" m="39946" /><D93/><U85/><E85/><V26/><F26/><W17/><G24/><T51/><D102/><U63/><REACH who="1" step="1"/><E10/><REACH who="1" ten="150,276,240,324" step="2"/><V114/><F114/><W87/><G87/><AGARI ba="0,1" hai="41,46,48,49,51,79,83,87" m="39946,32258" machi="87" ten="40,1300,0" yaku="18,1" doraHai="69,61" who="0" fromWho="3" sc="150,23,276,0,240,0,324,-13" /><INIT seed="6,0,0,3,4,129" ten="173,276,240,311" oya="2" hai0="0,83,53,85,74,91,75,90,54,115,35,8,23" hai1="66,28,4,47,116,100,128,118,99,133,86,97,45" hai2="122,65,58,27,1,120,110,113,39,34,46,119,42" hai3="135,87,78,104,94,36,126,76,125,9,30,24,64"/><V70/><F1/><W69/><G104/><T81/><D35/><U10/><E128/><V68/><F34/><W79/><G36/><T132/><D115/><U72/><E72/><V32/><F32/><W71/><G135/><T37/><D37/><U108/><E108/><V82/><F27/><W51/><G9/><T117/><D117/><U29/><E86/><V6/><F6/><W19/><G19/><T95/><D23/><U18/><E66/><V114/><F82/><W17/><G17/><T131/><D131/><U56/><E56/><V77/><F77/><W52/><G64/><T12/><D0/><U11/><E18/><V121/><F119/><W44/><G24/><T134/><D95/><U33/><E33/><V130/><F130/><W61/><G61/><T123/><D85/><U103/><E4/><V73/><F73/><W60/><G60/><T43/><D43/><U101/><E101/><V112/><F110/><W2/><G30/><T55/><D55/><U20/><E20/><V7/><F7/><W5/><G5/><T57/><D57/><U80/><E80/><V31/><F31/><W62/><G62/><AGARI ba="0,0" hai="39,42,46,58,62,65,68,70,112,113,114,120,121,122" machi="62" ten="50,12000,1" yaku="15,1,34,3" doraHai="129" who="2" fromWho="3" sc="173,0,276,0,240,120,311,-120" /><INIT seed="6,1,0,0,0,55" ten="173,276,360,191" oya="2" hai0="37,83,53,113,80,98,89,60,121,88,124,18,108" hai1="49,119,69,27,92,12,101,47,103,125,107,79,87" hai2="11,38,44,35,57,61,33,31,75,122,54,67,64" hai3="6,32,82,116,117,46,81,8,71,95,109,114,91"/><V115/><F122/><W36/><G71/><T110/><D37/><U15/><E69/><V0/><F75/><W76/><G32/><T102/><D60/><U40/><E107/><V123/><F123/><W78/><G109/><N who="0" m="42091" /><D53/><U21/><E125/><V30/><F115/><W68/><G68/><T19/><D121/><U51/><E51/><V129/><F129/><W16/><G36/><T135/><D19/><U4/><E119/><V84/><F35/><W100/><G46/><T25/><D18/><U128/><E128/><V70/><F67/><W23/><G114/><T85/><D25/><U63/><E63/><V28/><F84/><W130/><G130/><T73/><D113/><U5/><E15/><V7/><F33/><W26/><G6/><T131/><D131/><U20/><E20/><V126/><F126/><W133/><G8/><T45/><D45/><U48/><E48/><N who="2" m="30919" /><F31/><W105/><G117/><T134/><D124/><U127/><E127/><V52/><F52/><W10/><G10/><T17/><D17/><U43/><E43/><AGARI ba="1,0" hai="0,7,11,28,30,38,43,44,61,64,70" m="30919" machi="43" ten="30,2900,0" yaku="24,1,52,1" doraHai="55" who="2" fromWho="1" sc="173,0,276,-32,360,32,191,0" /><INIT seed="6,2,0,0,2,52" ten="173,244,392,191" oya="2" hai0="40,81,75,132,61,114,98,9,104,60,117,118,97" hai1="47,78,32,25,122,111,44,63,84,127,11,34,86" hai2="133,0,120,62,58,54,55,28,65,93,94,66,59" hai3="6,41,53,68,105,110,14,103,83,135,131,18,116"/><V1/><F120/><W57/><G110/><T102/><D40/><U29/><E111/><V35/><F28/><W50/><G116/><N who="0" m="44651" /><D114/><U129/><E122/><V8/><F35/><W79/><G131/><T96/><D132/><U74/><E129/><V80/><F80/><W48/><G135/><T24/><D24/><U33/><E127/><V42/><F42/><W77/><G68/><T134/><D134/><U26/><E74/><V17/><F133/><W16/><G105/><T128/><D128/><U87/><E78/><N who="3" m="29706" /><G103/><T23/><D75/><U90/><E90/><V125/><F125/><W126/><G83/><T100/><D81/><U88/><E11/><V51/><F0/><W36/><G36/><T67/><D23/><U119/><E119/><V91/><F1/><W72/><G72/><T123/><D123/><U56/><E88/><V112/><F112/><W30/><G30/><T73/><D73/><U95/><E95/><N who="2" m="36363" /><F91/><W3/><G3/><T27/><D27/><U38/><E38/><V107/><F107/><W45/><G126/><T2/><D104/><U92/><E92/><V19/><F8/><AGARI ba="2,0" hai="6,8,14,16,18,41,45,48,50,53,57" m="29706" machi="8" ten="30,3900,0" yaku="8,1,52,1,54,1" doraHai="52" who="3" fromWho="2" sc="173,0,244,0,392,-45,191,45" /><INIT seed="7,0,0,4,5,35" ten="173,244,347,236" oya="3" hai0="64,42,126,72,77,61,69,45,8,1,130,79,15" hai1="96,56,24,43,63,85,116,71,88,31,27,51,6" hai2="110,58,124,102,67,128,100,118,92,105,122,55,5" hai3="7,115,75,90,22,23,4,14,82,94,3,95,133"/><W12/><G115/><T53/><D126/><U16/><E71/><V37/><F124/><W39/><G133/><T127/><D127/><U103/><E6/><V80/><F118/><W68/><G68/><T112/><D79/><U17/><E116/><V50/><F37/><W0/><G39/><T81/><D53/><U135/><E135/><V28/><F122/><W120/><G90/><T13/><D130/><U11/><E51/><V9/><F128/><W83/><G75/><T111/><D112/><U113/><E43/><V62/><F28/><W86/><G86/><T123/><D111/><U73/><E73/><V74/><F105/><W59/><G59/><T40/><D40/><U89/><E89/><V47/><F92/><W48/><G48/><T18/><D123/><AGARI ba="0,0" hai="0,3,4,7,12,14,22,23,82,83,94,95,120,123" machi="123" ten="25,9600,0" yaku="22,2,52,2" doraHai="35" who="3" fromWho="0" sc="173,-96,244,0,347,0,236,96" /><INIT seed="7,1,0,0,4,92" ten="77,244,347,332" oya="3" hai0="124,115,97,78,106,31,59,76,49,10,33,53,134" hai1="130,36,113,72,132,117,12,110,30,58,133,98,90" hai2="50,56,41,48,100,86,2,17,96,84,24,8,75" hai3="87,23,44,116,118,89,61,64,70,62,99,25,51"/><W81/><G62/><T20/><D124/><U95/><E36/><V26/><F75/><W109/><G109/><T1/><D134/><U71/><E71/><V88/><F2/><W22/><G99/><T27/><D115/><U15/><E110/><V47/><F84/><W128/><G128/><T5/><D106/><U35/><E72/><V129/><F129/><W107/><G107/><T80/><D80/><U105/><E130/><V79/><F79/><W29/><G22/><T54/><D78/><U83/><E35/><V101/><F101/><W11/><G11/><T39/><D39/><U122/><E122/><V135/><F135/><W6/><G6/><T85/><D85/><U46/><E113/><V57/><F50/><W131/><G131/><T111/><D76/><U103/><E117/><V77/><F77/><W125/><G125/><T102/><D111/><U16/><E30/><V38/><F38/><W4/><G4/><T43/><D43/><AGARI ba="1,0" hai="23,25,29,43,44,51,61,64,70,81,87,89,116,118" machi="43" ten="30,1500,0" yaku="7,1" doraHai="92" who="3" fromWho="0" sc="77,-18,244,0,347,0,332,18" owari="59,-44.1,244,-15.6,347,14.7,350,45.0" /></mjloggm>