<mjloggm ver="2.3"><GO type="169" lobby="0"/><UN n0="%E9%95%B7%E5%A4%A7%E3%82%92%E5%87%BA%E3%81%9F%E3%81%91%E3%82%8C%E3%81%A9" n1="%E3%81%82%E3%81%84%E3%81%93%E3%81%99" n2="%E3%81%97%E3%82%82%E3%82%93%E3%81%AC" n3="%E3%82%89%E3%81%84%E3%81%82%E3%82%93%E3%81%98%E3%82%83%E3%82%93" dan="16,16,16,16" rate="2160.69,2131.63,2080.35,2086.39" sx="M,M,M,M"/><TAIKYOKU oya="0"/><INIT seed="0,0,0,2,3,80" ten="250,250,250,250" oya="0" hai0="61,68,79,11,101,135,12,93,17,116,32,69,90" hai1="60,82,30,112,110,67,124,38,95,36,24,114,21" hai2="134,87,75,5,26,29,103,50,121,13,113,108,42" hai3="9,98,45,58,46,96,122,97,27,84,0,81,15"/><T25/><D135/><U2/><E110/><V119/><F113/><N who="1" m="43625" /><E124/><V56/><F121/><W71/><G122/><T6/><D116/><U44/><E2/><V92/><F75/><W117/><G71/><T43/><D79/><U40/><E95/><V53/><F108/><W115/><G0/><T77/><D77/><U63/><E82/><V20/><F134/><W48/><G115/><T129/><D101/><U109/><E109/><V125/><F125/><W130/><G130/><T23/><D43/><U41/><E63/><V10/><F119/><W4/><G117/><T62/><D129/><U35/><E41/><V55/><F42/><W37/><G37/><T111/><D111/><U51/><E35/><V28/><F53/><N who="3" m="32039" /><G27/><T64/><D32/><U127/><E127/><V22/><F22/><W34/><G34/><T123/><D123/><U3/><E3/><V72/><F72/><W73/><G73/><T31/><D62/><U49/><E49/><V14/><F14/><W126/><G126/><T18/><REACH who="0" step="1"/><D68/><AGARI ba="0,0" hai="21,24,30,36,38,40,44,51,60,67,68" m="43625" machi="68" ten="30,1000,0" yaku="11,1" doraHai="80" who="1" fromWho="0" sc="250,-10,250,10,250,0,250,0" /><INIT seed="1,0,0,0,2,10" ten="240,260,250,250" oya="1" hai0="60,119,80,68,73,86,74,135,18,121,82,6,34" hai1="115,120,23,13,58,92,87,109,0,15,112,41,88" hai2="39,83,89,93,132,12,50,8,85,98,55,111,54" hai3="77,4,116,79,3,81,102,131,66,61,105,95,114"/><U28/><E28/><V96/><BYE who="1" /><F111/><UN n1="%E3%81%82%E3%81%84%E3%81%93%E3%81%99" /><W75/><G114/><T94/><D119/><U90/><E120/><V5/><F39/><W43/><G131/><T124/><D135/><U47/><E0/><V42/><F132/><W7/><G116/><T117/><D34/><U65/><E109/><V126/><F126/><W113/><G113/><T30/><D30/><U32/><E32/><V59/><F42/><W99/><G3/><T67/><D117/><U125/><E125/><V63/><REACH who="2" step="1"/><F83/><REACH who="2" ten="240,260,240,250" step="2"/><W21/><G43/><T16/><D80/><U33/><E115/><V25/><F25/><W128/><G81/><T56/><D82/><U24/><E112/><V100/><F100/><W49/><G102/><T53/><D74/><U26/><E90/><V9/><F9/><W44/><G75/><T48/><D73/><U52/><E26/><V51/><F51/><W11/><G49/><T91/><D124/><U122/><E122/><V133/><F133/><W97/><G11/><T130/><D121/><U84/><E84/><V71/><F71/><W134/><G134/><T127/><D127/><U45/><E41/><V29/><F29/><W35/><G79/><T70/><D70/><U103/><E103/><V107/><F107/><W110/><G77/><T108/><D108/><U36/><E36/><V2/><F2/><W106/><G106/><T46/><D130/><U104/><E104/><V123/><F123/><W62/><G105/><T129/><D129/><U72/><E72/><V38/><F38/><W57/><G128/><T76/><D76/><U37/><E37/><V69/><F69/><RYUUKYOKU ba="0,1" sc="240,-10,260,-10,240,30,250,-10" hai2="5,8,12,50,54,55,59,63,85,89,93,96,98" /><INIT seed="2,1,1,0,1,113" ten="230,250,270,240" oya="2" hai0="25,109,86,24,44,59,5,105,69,51,115,99,53" hai1="96,132,74,72,3,15,93,119,112,28,23,95,102" hai2="84,32,117,37,129,83,122,56,135,131,101,125,12" hai3="13,63,17,120,92,43,65,114,123,50,57,66,34"/><V22/><F32/><W68/><G114/><T110/><D115/><U126/><E112/><V100/><F122/><W107/><G107/><T58/><D69/><U118/><E3/><V61/><F37/><W21/><G34/><T116/><D5/><U62/><E132/><V128/><F135/><W47/><G66/><T16/><D86/><U48/><E48/><V42/><F42/><W19/><G68/><T106/><D116/><U127/><E62/><V30/><F117/><N who="1" m="44553" /><E15/><V79/><F125/><N who="1" m="47625" /><E23/><V7/><F7/><W40/><G40/><T103/><D109/><U55/><E55/><V91/><F79/><W46/><G46/><T31/><D110/><U11/><E11/><V94/><F83/><W39/><G39/><T6/><D6/><U121/><E28/><V80/><F80/><W90/><G17/><T14/><D25/><U26/><E26/><N who="2" m="16727" /><F12/><W29/><G29/><T36/><D36/><U27/><E27/><V18/><F18/><W87/><AGARI ba="1,1" hai="13,19,21,43,47,50,57,63,65,87,90,92,120,123" machi="87" ten="20,1500,0" yaku="0,1,7,1" doraHai="113" who="3" fromWho="3" sc="230,-5,250,-5,270,-8,240,28" /><INIT seed="3,0,0,2,2,122" ten="225,245,262,268" oya="3" hai0="19,39,115,37,3,82,133,81,71,26,24,102,96" hai1="66,125,126,100,68,104,116,14,74,27,58,127,85" hai2="103,128,56,73,17,13,70,23,52,134,76,20,11" hai3="69,49,120,47,18,99,25,130,112,132,62,91,63"/><W135/><G112/><T129/><D3/><U9/><E74/><V65/><F128/><W35/><G120/><T113/><D71/><U50/><E116/><V118/><F134/><N who="3" m="51243" /><G130/><T41/><D133/><U36/><E36/><V107/><F118/><W75/><G75/><T86/><D129/><U88/><E100/><V106/><F70/><W43/><G69/><T109/><D19/><U1/><E1/><V44/><F65/><W110/><G110/><T46/><D109/><U22/><E104/><V5/><F103/><W55/><G55/><T93/><D39/><U60/><E50/><V0/><F23/><N who="3" m="13559" /><G35/><T67/><D82/><U10/><E14/><V123/><F44/><W95/><AGARI ba="0,0" hai="43,47,49,62,63,91,95,99" m="13559,51243" machi="95" ten="30,1500,0" yaku="20,1" doraHai="122" who="3" fromWho="3" sc="225,-5,245,-5,262,-5,268,15" /><INIT seed="3,1,0,4,2,132" ten="220,240,257,283" oya="3" hai0="127,45,105,103,109,11,46,27,65,79,61,91,3" hai1="124,112,63,29,81,30,116,43,111,33,72,60,18" hai2="101,55,76,16,17,10,39,58,6,97,98,128,82" hai3="36,49,62,90,88,104,93,31,120,5,73,7,121"/><W114/><G49/><T123/><D109/><U84/><E111/><V13/><F128/><W48/><G48/><T57/><D123/><U68/><E112/><V83/><F39/><W56/><G114/><T113/><D79/><U4/><E72/><V108/><F108/><W86/><G56/><T32/><D91/><U110/><E4/><V78/><F78/><W119/><G73/><T66/><D66/><U118/><E43/><V24/><F97/><W129/><G62/><T23/><D32/><U102/><E102/><V135/><F135/><W25/><G36/><T77/><D77/><U14/><E84/><V107/><F24/><W94/><G25/><T26/><D26/><U15/><E81/><V2/><F2/><W44/><G86/><T51/><D11/><U92/><E18/><V47/><F47/><W12/><G12/><T125/><D3/><U130/><E110/><V0/><F17/><W22/><G44/><T133/><D133/><U99/><E33/><V21/><REACH who="2" step="1"/><F76/><REACH who="2" ten="220,240,247,283" step="2"/><W41/><G129/><T75/><D45/><U71/><E99/><V100/><F100/><W35/><G121/><T19/><D113/><U106/><E130/><V117/><F117/><W87/><G119/><T8/><D75/><U42/><E42/><V115/><F115/><W59/><G120/><T1/><D103/><U53/><E116/><V54/><F54/><W28/><G41/><T126/><D105/><U52/><E106/><V131/><F131/><W69/><G104/><T37/><D37/><U38/><E118/><V64/><F64/><W95/><G87/><T85/><D85/><RYUUKYOKU ba="1,1" sc="220,-10,240,-10,247,30,283,-10" hai2="0,6,10,13,16,21,55,58,82,83,98,101,107" /><INIT seed="4,2,1,5,5,47" ten="210,230,277,273" oya="0" hai0="69,12,84,112,92,72,134,15,114,80,113,55,115" hai1="37,56,79,42,73,54,34,50,71,123,101,120,93" hai2="68,20,25,91,46,106,10,0,52,122,77,126,102" hai3="33,58,39,108,105,66,107,127,19,48,26,5,124"/><T41/><N who="0" m="28672" /><DORA hai="99" /><T32/><D69/><U36/><E34/><V17/><F122/><W133/><G108/><T59/><D32/><U111/><E111/><V117/><F77/><W118/><G118/><T87/><D134/><U119/><E119/><V85/><F126/><N who="3" m="48171" /><G39/><T64/><D64/><U96/><E71/><V43/><F68/><W81/><G81/><T49/><D41/><U110/><E110/><V28/><F117/><W104/><G5/><T116/><D116/><U130/><E130/><V129/><F129/><W78/><G78/><N who="0" m="44103" /><D92/><U35/><E35/><V74/><F74/><W67/><G133/><T131/><D131/><U3/><E3/><V18/><F43/><W6/><G6/><T11/><D12/><U83/><REACH who="1" step="1"/><E42/><REACH who="1" ten="210,220,277,273" step="2"/><V65/><F0/><W109/><G109/><T23/><D23/><U88/><E88/><V13/><F91/><W53/><G33/><T4/><AGARI ba="2,2" hai="4,11,15,49,55,59,84,87" m="44103,28672" machi="4" ten="60,6000,0" yaku="15,1,52,1" doraHai="47,99" who="0" fromWho="0" sc="210,86,220,-22,277,-22,273,-22" /><INIT seed="4,3,0,1,2,67" ten="296,198,255,251" oya="0" hai0="28,30,81,106,104,113,72,35,9,95,131,135,120" hai1="91,14,29,19,94,15,37,107,58,90,134,20,61" hai2="31,76,132,82,102,48,3,18,99,7,8,44,40" hai3="130,128,129,73,96,42,17,55,45,122,83,64,108"/><T121/><D9/><U2/><E2/><V22/><F132/><W97/><G108/><T51/><D135/><U5/><E134/><V59/><F59/><W126/><G126/><T85/><D131/><U116/><E107/><V6/><F31/><W16/><G122/><T78/><D113/><U117/><E37/><V112/><F112/><W39/><G64/><T57/><D30/><U114/><E29/><V41/><F7/><W79/><G55/><T4/><D4/><U54/><E91/><V89/><F89/><W52/><G52/><T63/><D51/><U34/><E34/><V77/><F82/><W111/><G111/><T49/><D49/><U93/><E93/><V133/><F41/><W10/><G10/><T32/><D104/><U115/><E115/><V110/><F110/><W65/><G65/><T50/><D50/><U105/><E105/><V127/><F127/><W69/><G69/><T60/><D60/><U21/><E114/><V0/><F0/><W84/><G73/><T66/><D106/><U23/><E5/><V98/><F133/><W80/><G80/><T53/><D53/><U24/><E117/><V43/><F43/><W38/><G38/><T46/><D46/><U87/><E116/><V33/><F33/><W26/><G26/><T92/><D32/><U13/><AGARI ba="3,0" hai="13,14,15,19,20,21,23,24,54,58,61,87,90,94" machi="13" ten="30,2000,0" yaku="0,1,8,1" doraHai="67" who="1" fromWho="1" sc="296,-13,198,29,255,-8,251,-8" /><INIT seed="5,0,0,1,5,28" ten="283,227,247,243" oya="1" hai0="73,85,100,72,124,101,52,22,122,47,116,16,17" hai1="41,35,27,135,24,123,117,54,10,130,96,125,57" hai2="7,118,127,19,88,115,89,74,4,37,129,102,59" hai3="25,98,112,120,66,49,45,18,1,31,90,93,44"/><U2/><E123/><V51/><F37/><W103/><G120/><T91/><D116/><U50/><E117/><V106/><F118/><W63/><G112/><T97/><D124/><U30/><E125/><V8/><F74/><W43/><G1/><T46/><D122/><U107/><E130/><V58/><F127/><W6/><G6/><T104/><D100/><U86/><E135/><V113/><F129/><W119/><G119/><T38/><D17/><U42/><E27/><V56/><F51/><W23/><G44/><T75/><D38/><U79/><E96/><N who="2" m="61767" /><F19/><W114/><G114/><N who="2" m="43529" /><F4/><W3/><G3/><AGARI ba="0,0" hai="3,7,8,56,58,59,88,89" m="43529,61767" machi="3" ten="30,3900,0" yaku="15,1,11,1,54,1" doraHai="28" who="2" fromWho="3" sc="283,0,227,0,247,39,243,-39" /><INIT seed="6,0,0,3,1,107" ten="283,227,286,204" oya="2" hai0="39,44,126,103,95,65,130,87,69,40,125,85,109" hai1="99,96,119,92,4,34,46,110,6,27,113,120,97" hai2="13,64,67,9,36,42,94,132,52,114,26,108,12" hai3="104,61,0,37,77,56,50,79,41,63,5,45,86"/><V116/><F116/><W32/><G104/><T55/><D109/><U66/><E110/><V24/><F108/><W30/><G63/><N who="0" m="40127" /><D130/><U53/><E119/><V19/><F114/><W98/><G98/><T123/><D123/><U17/><E113/><V72/><F132/><W115/><G115/><T35/><D35/><U25/><E66/><V73/><F42/><W58/><G58/><T111/><D111/><U1/><E1/><V28/><F36/><W57/><G57/><T70/><D70/><U118/><E118/><V14/><F94/><W93/><G37/><T2/><D2/><U62/><E120/><V75/><F26/><W89/><G32/><T129/><D129/><U7/><E34/><V22/><F13/><W101/><G101/><T122/><D122/><U74/><E74/><V121/><F121/><W18/><G30/><T8/><D8/><U84/><E17/><V106/><F106/><W131/><G131/><T117/><D117/><U102/><E62/><V59/><REACH who="2" step="1"/><F14/><REACH who="2" ten="283,227,276,204" step="2"/><W105/><G105/><T100/><D95/><U135/><E135/><V21/><F21/><W43/><G41/><T128/><D40/><U10/><E102/><V38/><F38/><W127/><G0/><T81/><D39/><U51/><E10/><V29/><F29/><W91/><G93/><T31/><D103/><U82/><REACH who="1" step="1"/><E92/><REACH who="1" ten="283,217,276,204" step="2"/><V112/><F112/><W11/><G11/><T88/><D100/><U124/><E124/><V49/><AGARI ba="0,2" hai="9,12,19,22,24,28,49,52,59,64,67,72,73,75" machi="49" ten="30,18000,2" yaku="1,1,0,1,52,3,54,1,53,0" doraHai="107" doraHaiUra="78" who="2" fromWho="2" sc="283,-60,217,-60,276,200,204,-60" /><INIT seed="6,1,0,1,4,112" ten="223,157,476,144" oya="2" hai0="13,121,30,128,96,100,83,129,98,110,118,58,102" hai1="2,10,97,86,67,105,134,50,104,25,0,125,87" hai2="27,18,99,12,69,64,29,85,51,68,81,107,24" hai3="109,91,131,21,40,76,62,42,123,11,113,90,44"/><V93/><F107/><W19/><G123/><T132/><D30/><U74/><E74/><V77/><F51/><W135/><G113/><T124/><D13/><U15/><E134/><V117/><F117/><W122/><G135/><T55/><D83/><U5/><E125/><V46/><F46/><W35/><G109/><T36/><D58/><U63/><E105/><V66/><F68/><W31/><G122/><T28/><D55/><U101/><E25/><V39/><F39/><W108/><G108/><T3/><D28/><U59/><E50/><V53/><F53/><W54/><G131/><T94/><D3/><U103/><E103/><V133/><F69/><W37/><G40/><T126/><D36/><U16/><REACH who="1" step="1"/><E0/><REACH who="1" ten="223,147,476,144" step="2"/><V60/><F27/><W127/><G127/><T115/><D132/><U82/><E82/><V9/><F24/><W22/><G37/><T7/><D110/><U106/><E106/><V38/><F81/><W14/><G35/><T61/><D115/><U1/><E1/><V47/><F133/><W73/><G73/><T17/><D121/><U120/><E120/><V41/><F38/><W65/><G31/><T45/><D124/><U23/><AGARI ba="1,1" hai="2,5,10,15,16,23,59,63,67,86,87,97,101,104" machi="23" ten="20,5200,0" yaku="1,1,0,1,7,1,54,1,53,0" doraHai="112" doraHaiUra="89" who="1" fromWho="1" sc="223,-14,147,65,476,-27,144,-14" /><INIT seed="7,0,0,2,0,67" ten="209,212,449,130" oya="3" hai0="59,118,24,90,80,3,110,85,58,75,117,60,97" hai1="48,51,6,76,2,10,95,62,79,52,115,122,92" hai2="68,73,12,19,1,4,37,81,109,42,16,22,135" hai3="29,123,70,130,31,35,128,93,72,69,5,38,26"/><W33/><G123/><T21/><D110/><U25/><E122/><V18/><F68/><N who="3" m="26219" /><G93/><T57/><D3/><U50/><E115/><V121/><F109/><W103/><G72/><T108/><D108/><U116/><E116/><V55/><F121/><W134/><G134/><T96/><D75/><U65/><E25/><V56/><F135/><W99/><G38/><T40/><D40/><U46/><E95/><V119/><F119/><W64/><G64/><T45/><D45/><U107/><E107/><V84/><F73/><W34/><G5/><T94/><D97/><U74/><E92/><V54/><F4/><W133/><G133/><T47/><D47/><U17/><E17/><V71/><F71/><W15/><G15/><T23/><D23/><U41/><E74/><V20/><F18/><W100/><G100/><N who="0" m="60439" /><D118/><U104/><E104/><V39/><F39/><W120/><G120/><T102/><D102/><U66/><E66/><V126/><F19/><W43/><G43/><T86/><D86/><U11/><E65/><V132/><F16/><W77/><G77/><N who="1" m="29770" /><E2/><V114/><F42/><W36/><G36/><T112/><D117/><U131/><E6/><V30/><F1/><W83/><G83/><T9/><D9/><U124/><E10/><V98/><F37/><W101/><G101/><T87/><D87/><U113/><E11/><V53/><F12/><W63/><G63/><T88/><D60/><U14/><E14/><V89/><F81/><W78/><G78/><N who="0" m="46231" /><D112/><U106/><E113/><V91/><F114/><W82/><G82/><T125/><D90/><U127/><E41/><RYUUKYOKU ba="0,0" sc="209,0,212,0,449,0,130,0" owari="209,-19.1,212,1.2,449,54.9,130,-37.0" /></mjloggm>