<mjloggm ver="2.3"><GO type="169" lobby="0"/><UN n0="%E3%82%B1%E3%82%A4%E3%83%AD%E3%83%B3" n1="%48%69%62%69%6B%69" n2="%E8%8B%B1%E5%9B%BD%E5%A3%B2%E5%8D%B4" n3="%E7%89%8C%E6%B5%81%E7%8A%B6%E6%85%8B%E9%BA%BB%E9%9B%80" dan="16,16,18,16" rate="2103.22,2103.16,2245.79,2157.79" sx="M,F,M,M"/><TAIKYOKU oya="0"/><INIT seed="0,0,0,0,2,83" ten="250,250,250,250" oya="0" hai0="45,7,17,77,38,95,70,69,58,104,23,127,53" hai1="119,50,74,122,57,39,108,40,9,98,31,20,78" hai2="26,105,67,75,25,5,2,56,68,133,124,82,110" hai3="134,66,30,49,62,123,16,97,106,79,28,29,72"/><T47/><D104/><U15/><E122/><V59/><F105/><W86/><G72/><T100/><D7/><U91/><E119/><V46/><F110/><W103/><G123/><T96/><D127/><U37/><E108/><V32/><F124/><W10/><G134/><T93/><D77/><U126/><E126/><V19/><F26/><W87/><G49/><T76/><D76/><U44/><E78/><V51/><F75/><W128/><G128/><T36/><D36/><U92/><E74/><V84/><F68/><W115/><G115/><T130/><D130/><U48/><E31/><V42/><F67/><W18/><G79/><T8/><D8/><U107/><E107/><V102/><F102/><W81/><G81/><T33/><D33/><U22/><E39/><V63/><F63/><W125/><G125/><T60/><D95/><U54/><REACH who="1" step="1"/><E37/><REACH who="1" ten="250,240,250,250" step="2"/><V52/><F133/><W132/><G132/><T129/><D129/><U111/><E111/><V121/><F121/><W116/><G116/><T24/><D38/><U73/><E73/><V61/><F32/><W34/><G34/><T64/><D70/><U35/><E35/><V90/><F2/><W13/><REACH who="3" step="1"/><G18/><AGARI ba="0,1" hai="9,15,18,20,22,40,44,48,50,54,57,91,92,98" machi="18" ten="30,3900,0" yaku="1,1,7,1,8,1,53,0" doraHai="83" doraHaiUra="0" who="1" fromWho="3" sc="250,0,240,49,250,0,250,-39" /><INIT seed="1,0,0,2,0,21" ten="250,289,250,211" oya="1" hai0="98,113,55,45,72,107,19,23,25,18,11,15,10" hai1="75,92,47,85,50,58,26,87,12,69,126,88,115" hai2="97,5,56,48,29,105,68,60,24,96,65,49,14" hai3="93,16,100,124,89,54,17,135,94,63,134,62,22"/><U106/><E115/><V64/><F64/><W57/><G124/><T123/><D72/><U39/><E69/><V30/><F30/><W73/><G73/><T42/><D113/><U66/><E75/><V91/><F5/><W43/><G43/><T122/><D55/><U37/><E106/><V114/><F114/><W125/><G125/><T78/><D78/><U13/><E126/><V70/><F70/><W82/><G63/><T132/><D132/><N who="3" m="50729" /><G100/><T99/><D10/><U59/><E37/><V110/><F110/><W112/><G17/><T71/><D71/><U104/><E104/><V130/><F14/><N who="1" m="5737" /><E39/><V118/><F118/><W1/><G1/><T67/><D67/><U102/><E102/><N who="2" m="62663" /><F56/><W111/><G111/><T40/><D40/><U77/><E66/><V32/><F130/><W103/><G103/><T101/><REACH who="0" step="1"/><D99/><REACH who="0" ten="240,289,250,211" step="2"/><U117/><E77/><V7/><F7/><W33/><G112/><T51/><AGARI ba="0,1" hai="11,15,18,19,23,25,42,45,51,98,101,107,122,123" machi="51" ten="30,7900,0" yaku="1,1,2,1,0,1,52,1,53,0" doraHai="21" doraHaiUra="53" who="0" fromWho="0" sc="240,89,289,-39,250,-20,211,-20" /><INIT seed="2,0,0,5,3,83" ten="329,250,230,191" oya="2" hai0="5,86,61,119,80,60,72,84,87,17,70,120,18" hai1="74,39,10,101,44,132,16,113,36,85,129,82,130" hai2="110,54,9,46,126,3,35,8,58,32,103,45,108" hai3="14,34,116,4,71,50,64,31,23,121,42,30,109"/><V79/><F103/><W27/><G116/><T97/><D120/><U37/><E74/><V112/><F112/><W28/><G121/><T115/><D115/><U123/><E113/><V81/><F126/><W117/><G117/><T127/><D127/><U92/><E123/><V6/><F9/><W98/><G109/><N who="2" m="42089" /><F58/><W51/><G71/><T53/><D119/><U47/><E132/><V99/><F99/><W69/><G98/><T1/><D72/><U104/><E92/><V111/><N who="2" m="42097" /><V33/><DORA hai="102" /><F54/><W66/><G69/><T124/><D124/><U93/><E104/><V89/><F89/><W131/><G131/><N who="1" m="50186" /><E93/><V43/><F43/><W62/><G42/><T0/><D97/><U114/><E101/><V20/><F20/><W49/><G34/><N who="2" m="8705" /><V12/><DORA hai="57" /><F3/><W7/><G66/><T29/><D0/><U56/><E56/><V40/><F40/><W76/><G64/><T11/><D53/><U88/><E114/><V125/><F125/><W107/><G23/><T48/><D70/><U55/><E55/><V24/><F24/><W106/><G27/><T122/><D122/><U68/><E68/><V100/><F100/><W96/><G96/><T128/><D128/><U13/><AGARI ba="0,0" hai="10,13,16,36,37,39,44,47,82,85,88" m="50186" machi="13" ten="40,8000,1" yaku="19,1,52,1,54,2" doraHai="83,102,57" who="1" fromWho="1" sc="329,-20,250,80,230,-40,191,-20" /><INIT seed="3,0,0,3,0,117" ten="309,330,190,171" oya="3" hai0="36,114,125,64,52,44,20,123,25,87,66,57,14" hai1="92,40,61,12,112,88,31,78,132,70,91,16,55" hai2="58,82,38,33,118,45,128,46,102,90,21,1,26" hai3="35,48,5,108,34,11,83,49,76,126,106,32,27"/><W116/><G116/><T54/><D125/><U28/><E112/><V69/><F118/><W115/><G115/><T121/><D114/><U77/><E132/><V17/><F69/><W131/><G106/><T103/><D103/><U84/><E40/><V65/><F128/><W129/><G27/><T18/><D66/><U51/><E61/><V10/><F102/><W15/><G126/><T71/><D87/><U98/><E70/><V22/><F33/><W86/><REACH who="3" step="1"/><G108/><REACH who="3" ten="309,330,190,161" step="2"/><T85/><D25/><U109/><E109/><V62/><F38/><W24/><G24/><T133/><D133/><U100/><E31/><V60/><F26/><W134/><G134/><T72/><D36/><U113/><E28/><V95/><F65/><W135/><G135/><T79/><D64/><U23/><E113/><V104/><F104/><W80/><G80/><T56/><D71/><U63/><E63/><V101/><F82/><W8/><G8/><T81/><D72/><U43/><E43/><V75/><F10/><W30/><G30/><T107/><D107/><U19/><E19/><V4/><F17/><W73/><G73/><T3/><D3/><U119/><E119/><V53/><F75/><W111/><G111/><T97/><D81/><N who="1" m="47159" /><E77/><V68/><F68/><W39/><G39/><T93/><D79/><U0/><E0/><V9/><F62/><W99/><G99/><T2/><D97/><U96/><E98/><N who="2" m="57719" /><F101/><W7/><G7/><T41/><D2/><U50/><E50/><AGARI ba="0,1" hai="5,11,15,32,34,35,48,49,50,76,83,86,129,131" machi="50" ten="50,2400,0" yaku="1,1,53,0" doraHai="117" doraHaiUra="67" who="3" fromWho="1" sc="309,0,330,-24,190,0,161,34" /><INIT seed="3,1,0,2,2,49" ten="309,306,190,195" oya="3" hai0="6,37,77,43,110,72,127,28,104,61,38,63,20" hai1="113,76,0,82,59,75,10,55,33,65,54,1,88" hai2="131,4,119,46,29,41,26,50,120,87,99,32,51" hai3="58,5,62,89,39,124,44,133,2,117,36,116,15"/><W103/><G2/><T101/><D110/><U125/><E113/><V66/><F119/><W106/><G133/><T60/><D6/><U107/><E125/><V118/><F118/><W130/><G124/><T80/><D127/><U81/><E33/><V30/><F131/><W11/><G130/><T115/><D115/><U105/><E0/><V9/><F120/><W100/><G117/><T24/><D43/><U52/><E1/><V97/><F30/><W90/><G116/><T53/><D104/><U92/><E82/><V123/><F123/><W126/><G126/><T35/><D101/><U23/><E10/><V128/><F128/><W85/><G90/><T91/><D91/><U21/><E105/><V74/><F74/><W95/><G106/><T67/><D35/><U71/><E71/><V129/><F129/><W31/><G31/><T108/><D108/><U83/><E107/><V132/><F66/><W112/><G112/><T16/><D28/><U111/><E111/><V68/><F68/><W135/><G135/><T8/><D8/><U70/><E70/><V122/><F122/><W22/><G22/><N who="1" m="8202" /><E75/><V79/><F51/><W12/><G12/><T19/><D67/><U34/><E34/><V13/><F132/><W56/><G36/><T42/><D19/><U18/><E18/><V93/><F93/><W17/><G17/><T45/><REACH who="0" step="1"/><D37/><REACH who="0" ten="299,306,190,195" step="2"/><U69/><E76/><V14/><F14/><W47/><G39/><T102/><D102/><U114/><E114/><V134/><F134/><W40/><G103/><T86/><D86/><N who="1" m="52247" /><E69/><V121/><F121/><W96/><G100/><RYUUKYOKU ba="1,1" sc="299,10,306,10,190,10,195,-30" hai0="16,20,24,38,42,45,53,60,61,63,72,77,80" hai1="52,54,55,59,65,81,83" hai2="4,9,13,26,29,32,41,46,50,79,87,97,99" /><INIT seed="4,2,1,1,3,25" ten="309,316,200,165" oya="0" hai0="85,71,97,81,113,116,1,67,47,41,61,8,121" hai1="9,33,14,106,101,70,48,55,74,43,3,125,30" hai2="50,20,95,46,27,109,29,135,63,126,100,76,4" hai3="134,91,93,88,64,90,114,34,7,128,72,42,83"/><T60/><D116/><U56/><E125/><V130/><F126/><W54/><G114/><T21/><D121/><U94/><E74/><V87/><F130/><W57/><G128/><T65/><D113/><U119/><E119/><V79/><F135/><W49/><G134/><T53/><D53/><U23/><E106/><V73/><F73/><W108/><G108/><T31/><D97/><N who="1" m="59575" /><E33/><V104/><F104/><W122/><G122/><T16/><D1/><U78/><E3/><V102/><F109/><W77/><G34/><T39/><D8/><U28/><E70/><V110/><F4/><W89/><G7/><T124/><D124/><U103/><E103/><N who="2" m="39467" /><F63/><W132/><G132/><T22/><D85/><U107/><E107/><V131/><F110/><W68/><G42/><T0/><D0/><U6/><E78/><V58/><F58/><W118/><G118/><T127/><D81/><U82/><E82/><V36/><F36/><W24/><G24/><N who="0" m="16783" /><D127/><U112/><E23/><V5/><F5/><W66/><REACH who="3" step="1"/><G68/><REACH who="3" ten="309,316,200,155" step="2"/><T111/><D111/><U18/><E112/><V129/><F129/><W26/><G26/><N who="0" m="14663" /><D71/><U115/><E115/><V69/><F69/><W40/><G40/><T86/><D39/><U117/><E117/><V11/><F131/><W45/><G45/><T99/><D47/><N who="1" m="25727" /><E6/><V12/><F46/><W75/><G75/><T92/><D41/><U35/><E35/><V10/><F27/><W84/><AGARI ba="2,2" hai="49,54,57,64,66,72,77,83,84,88,89,90,91,93" machi="84" ten="30,4000,0" yaku="1,1,0,1,54,1,53,0" doraHai="25" doraHaiUra="59" who="3" fromWho="3" sc="309,-22,316,-12,200,-12,155,66" /><INIT seed="5,0,0,1,1,52" ten="287,304,188,221" oya="1" hai0="62,128,129,96,127,102,68,76,100,1,66,95,25" hai1="9,33,14,88,26,130,10,73,64,103,39,35,119" hai2="104,85,48,112,131,36,93,5,38,67,94,111,27" hai3="83,12,56,106,43,118,134,72,74,22,81,46,115"/><U120/><E119/><V84/><F111/><W32/><G32/><T24/><D1/><U114/><E120/><V20/><F104/><W34/><G34/><T49/><D127/><U71/><E73/><V37/><F131/><N who="0" m="50250" /><D76/><U47/><E130/><V23/><F5/><W108/><G108/><T123/><D123/><U70/><E103/><V105/><F105/><W59/><G106/><T69/><D69/><U53/><E114/><V117/><F117/><W6/><G118/><T57/><D102/><U18/><E35/><V97/><F48/><N who="3" m="26719" /><G72/><T51/><D51/><U50/><E39/><V110/><F110/><W133/><G115/><T87/><D87/><U86/><E64/><V101/><F112/><W21/><G74/><T113/><D113/><U15/><E26/><N who="0" m="10345" /><D49/><U90/><E33/><V135/><F135/><N who="3" m="51723" /><G6/><T80/><D68/><U60/><E71/><V19/><F23/><N who="3" m="8715" /><G12/><T42/><D42/><N who="1" m="24951" /><E70/><V99/><REACH who="2" step="1"/><F67/><REACH who="2" ten="287,304,178,221" step="2"/><W126/><G126/><T13/><D66/><U28/><E9/><V8/><F8/><W4/><G4/><T17/><D17/><U16/><E10/><V41/><F41/><W31/><G31/><T91/><D13/><U29/><E15/><V92/><F92/><W54/><G54/><N who="0" m="34103" /><D100/><AGARI ba="0,1" hai="19,20,27,36,37,38,84,85,93,94,97,99,100,101" machi="100" ten="40,2600,0" yaku="1,1,9,1,53,0" doraHai="52" doraHaiUra="124" who="2" fromWho="0" sc="287,-26,304,0,178,36,221,0" /><INIT seed="6,0,0,0,2,41" ten="261,304,214,221" oya="2" hai0="122,115,45,10,33,87,53,61,29,102,66,117,113" hai1="11,16,25,47,17,77,56,119,12,9,129,36,50" hai2="43,100,76,62,20,28,52,6,21,74,108,127,126" hai3="96,5,97,73,42,0,93,120,63,133,39,116,67"/><V54/><F6/><W135/><G116/><T128/><D122/><U49/><E119/><V59/><F108/><W24/><G73/><T90/><D128/><U3/><E36/><V85/><F74/><W8/><G120/><T109/><D109/><U131/><E77/><V82/><F100/><W101/><G97/><T78/><D78/><U105/><E105/><V86/><F43/><W84/><G84/><T99/><D117/><U44/><E56/><V72/><F54/><W58/><REACH who="3" step="1"/><G24/><REACH who="3" ten="261,304,214,211" step="2"/><T91/><D99/><U104/><E25/><V132/><F132/><W18/><G18/><T83/><D115/><U130/><E130/><V2/><F2/><W88/><G88/><T65/><D113/><U60/><E3/><V98/><F98/><W107/><G107/><T57/><D102/><U106/><E12/><V68/><F68/><W22/><G22/><N who="2" m="8809" /><F28/><W38/><G38/><T69/><D29/><U134/><E134/><V13/><F13/><W114/><G114/><T95/><D33/><U123/><E123/><V46/><F86/><W110/><G110/><T124/><D91/><U27/><E27/><V1/><F1/><W30/><G30/><T79/><D69/><U40/><E106/><V14/><F14/><W80/><G80/><T55/><D83/><U125/><E104/><V26/><F26/><W89/><G89/><T51/><D79/><U15/><E15/><V111/><F111/><W71/><G71/><T34/><D34/><U31/><E131/><V35/><F72/><W48/><G48/><T92/><D87/><U75/><E129/><V32/><F46/><AGARI ba="0,1" hai="0,5,8,39,42,46,58,63,67,93,96,101,133,135" machi="46" ten="40,8000,1" yaku="1,1,6,1,52,1,53,1" doraHai="41" doraHaiUra="70" who="3" fromWho="2" sc="261,0,304,0,214,-80,211,90" /><INIT seed="7,0,0,1,5,126" ten="261,304,134,301" oya="3" hai0="0,21,96,66,48,125,34,71,79,88,25,53,131" hai1="90,31,76,117,23,44,69,9,91,20,78,72,95" hai2="42,73,124,17,129,3,68,39,118,107,27,74,94" hai3="109,52,99,16,81,86,12,61,87,80,4,7,103"/><W84/><G109/><T128/><D125/><U24/><E69/><V65/><F94/><N who="3" m="58871" /><G61/><N who="0" m="40399" /><D0/><U82/><E117/><V28/><F17/><W56/><G52/><T15/><D79/><N who="1" m="30251" /><E72/><V64/><F64/><W13/><G56/><N who="0" m="32807" /><D15/><N who="3" m="5705" /><G16/><N who="0" m="12455" /><D96/><N who="1" m="57463" /><E20/><V93/><F93/><W134/><G134/><T57/><D88/><U49/><E9/><V127/><F107/><W55/><G55/><T50/><D57/><U77/><N who="1" m="30259" /><U105/><DORA hai="98" /><E105/><V110/><F110/><W116/><G116/><T41/><D34/><U89/><E82/><AGARI ba="0,0" hai="4,7,80,81,82,84,86,87" m="5705,58871" machi="82" ten="30,2900,0" yaku="8,1,52,1" doraHai="126,98" who="3" fromWho="1" sc="261,0,304,-29,134,0,301,29" owari="261,-13.9,275,7.5,134,-36.6,330,43.0" /></mjloggm>