<mjloggm ver="2.3"><GO type="169" lobby="0"/><UN n0="%EF%BC%A9%EF%BC%A3%EF%BC%A8%EF%BC%A9" n1="%E5%A4%A9%E6%89%8D%E9%BA%BB%E5%B0%86%E6%9D%8F%E6%9D%8F" n2="%56%69%76%79" n3="%6E%61%76%65%6C" dan="17,16,16,16" rate="2132.86,2163.04,2105.29,2090.51" sx="M,F,F,M"/><TAIKYOKU oya="0"/><INIT seed="0,0,0,5,2,80" ten="250,250,250,250" oya="0" hai0="113,96,101,65,41,117,106,18,124,119,70,109,84" hai1="98,57,133,102,42,26,30,76,73,48,33,17,37" hai2="49,82,105,129,79,77,22,71,39,28,21,4,12" hai3="99,6,31,59,126,121,122,60,130,132,97,58,34"/><T27/><D113/><U69/><E69/><V128/><F39/><W112/><G112/><T67/><D124/><U118/><E118/><V55/><F71/><W54/><G126/><T123/><D123/><N who="3" m="47113" /><G132/><T108/><D41/><U50/><E133/><V47/><F105/><W88/><G130/><N who="2" m="50281" /><F28/><W44/><G44/><T62/><D67/><U3/><E3/><V127/><F127/><W74/><G74/><T92/><D27/><U135/><E135/><V5/><F79/><W66/><G6/><N who="2" m="2665" /><F12/><W75/><G75/><AGARI ba="0,0" hai="21,22,47,49,55,75,77,82" m="2665,50281" machi="75" ten="30,1000,0" yaku="19,1" doraHai="80" who="2" fromWho="3" sc="250,0,250,0,250,10,250,-10" /><INIT seed="1,0,0,5,3,32" ten="250,250,260,240" oya="1" hai0="54,81,21,76,109,65,24,88,55,121,49,116,71" hai1="129,60,64,102,41,2,9,15,16,96,6,42,70" hai2="61,78,69,23,29,127,0,115,111,39,134,92,73" hai3="101,74,75,132,57,12,107,126,120,59,77,97,10"/><U103/><E129/><V133/><F39/><W33/><G120/><T11/><D116/><U117/><E117/><V114/><F111/><W27/><G132/><N who="2" m="50793" /><F127/><W95/><G126/><T34/><D34/><U43/><REACH who="1" step="1"/><E96/><REACH who="1" ten="250,240,260,240" step="2"/><V8/><F114/><W93/><G97/><T46/><D109/><U113/><E113/><V38/><F115/><W124/><G124/><T40/><D121/><U1/><E1/><V37/><F0/><W108/><G108/><T17/><D11/><AGARI ba="0,1" hai="2,6,9,11,15,16,41,42,43,60,64,70,102,103" machi="11" ten="40,7700,0" yaku="1,1,52,1,54,1,53,0" doraHai="32" doraHaiUra="84" who="1" fromWho="0" sc="250,-77,240,87,260,0,240,0" /><INIT seed="1,1,0,4,3,4" ten="173,327,260,240" oya="1" hai0="56,81,60,11,94,84,6,130,71,89,36,22,99" hai1="50,40,20,129,79,49,132,109,45,124,31,116,70" hai2="135,29,23,126,68,59,102,67,120,119,2,62,34" hai3="106,127,125,85,41,105,108,44,47,118,57,134,12"/><U123/><E116/><V113/><F119/><W75/><G118/><T98/><D130/><U131/><E123/><V13/><F120/><W64/><G75/><T101/><D36/><U115/><E115/><V38/><F38/><W43/><G85/><T107/><D71/><U110/><E79/><V73/><F73/><W121/><G121/><T30/><D30/><U80/><E80/><V90/><F2/><W39/><G12/><T37/><D22/><U28/><E132/><V9/><F135/><W53/><G134/><T58/><D37/><U21/><E70/><V74/><F74/><W111/><G64/><T54/><D58/><U114/><E124/><N who="3" m="47690" /><G105/><T27/><D27/><U32/><E32/><V112/><F34/><W63/><G106/><T15/><REACH who="0" step="1"/><D98/><REACH who="0" ten="163,327,260,240" step="2"/><U88/><E20/><V91/><F23/><W66/><G66/><T7/><D7/><U93/><E21/><V97/><F67/><W8/><G39/><T104/><AGARI ba="1,1" hai="6,11,15,54,56,60,81,84,89,94,99,101,104,107" machi="104" ten="30,7900,0" yaku="1,1,0,1,52,1,53,1" doraHai="4" doraHaiUra="51" who="0" fromWho="0" sc="163,92,327,-40,260,-21,240,-21" /><INIT seed="2,0,0,2,3,82" ten="255,287,239,219" oya="2" hai0="130,74,125,81,2,75,99,39,84,66,58,93,129" hai1="40,97,34,79,68,76,70,21,86,23,35,121,107" hai2="122,42,115,57,54,116,55,29,72,105,37,36,90" hai3="48,88,131,53,27,120,51,31,3,78,19,24,11"/><V85/><F116/><W134/><G120/><T1/><D39/><U108/><E40/><V0/><F0/><W56/><G134/><T8/><D66/><U52/><E97/><V113/><F72/><N who="0" m="27690" /><D58/><U17/><E17/><V43/><F122/><W28/><G78/><N who="0" m="46135" /><D8/><U106/><E121/><V114/><F105/><W124/><G131/><N who="0" m="50187" /><D125/><U102/><E52/><V26/><F37/><W4/><G124/><T10/><D10/><U133/><E68/><V33/><F55/><W16/><G51/><T96/><D96/><U103/><E70/><V18/><F18/><W9/><G9/><T117/><D117/><U7/><E7/><V104/><F36/><W67/><G67/><T15/><D15/><U65/><E65/><V63/><REACH who="2" step="1"/><F104/><REACH who="2" ten="255,287,229,219" step="2"/><W100/><G19/><T69/><D69/><U61/><E106/><V62/><F62/><W87/><G16/><T47/><D47/><U128/><E107/><V123/><F123/><W109/><G53/><T45/><D45/><U91/><E61/><V112/><N who="2" m="28672" /><DORA hai="5" /><V110/><F110/><W64/><G109/><T94/><D2/><U101/><E128/><V30/><F30/><W32/><G31/><T111/><D1/><U6/><E108/><V38/><F38/><W127/><G28/><T46/><D111/><U22/><E6/><V71/><F71/><W20/><G4/><T118/><D118/><U80/><REACH who="1" step="1"/><E133/><REACH who="1" ten="255,277,229,219" step="2"/><V132/><F132/><W83/><G3/><T95/><D46/><U49/><E49/><V119/><F119/><W25/><G48/><T60/><D60/><U126/><E126/><V77/><F77/><AGARI ba="0,2" hai="21,22,23,34,35,76,77,79,80,86,91,101,102,103" machi="77" ten="40,5200,0" yaku="1,1,6,1,52,1,53,0" doraHai="82,5" doraHaiUra="14,50" who="1" fromWho="2" sc="255,0,277,72,229,-52,219,0" /><INIT seed="3,0,0,0,3,84" ten="255,349,177,219" oya="3" hai0="5,9,52,86,17,80,129,97,38,128,114,76,63" hai1="133,35,135,56,32,127,6,94,43,14,7,11,125" hai2="2,117,61,116,111,55,65,51,122,119,64,109,12" hai3="104,72,24,71,54,91,60,81,57,30,132,89,134"/><W101/><G71/><T33/><D38/><U90/><E43/><V105/><F2/><W79/><G104/><T110/><D110/><N who="2" m="41994" /><F12/><W112/><G101/><T22/><D33/><N who="1" m="12875" /><E56/><N who="2" m="32895" /><F105/><W25/><G112/><T69/><D97/><N who="1" m="57559" /><E6/><V50/><F122/><W37/><G37/><T18/><D114/><U130/><E130/><V19/><F19/><W107/><G107/><T16/><D22/><U58/><E58/><N who="2" m="36919" /><F50/><W28/><G25/><T8/><D8/><U85/><E85/><V10/><F10/><W95/><G30/><T42/><D9/><U78/><E78/><V70/><F65/><W83/><G83/><T74/><D5/><U123/><E123/><V31/><F31/><W100/><G100/><T98/><D80/><U126/><AGARI ba="0,0" hai="7,11,14,125,126,127,133,135" m="57559,12875" machi="126" ten="40,2700,0" yaku="18,1,52,1" doraHai="84" who="1" fromWho="1" sc="255,-7,349,27,177,-7,219,-13" /><INIT seed="4,0,0,4,2,98" ten="248,376,170,206" oya="0" hai0="55,15,100,27,92,60,114,107,128,101,76,2,132" hai1="6,11,77,36,117,74,106,110,91,75,97,39,47" hai2="81,126,31,68,72,69,57,28,22,125,53,25,4" hai3="84,23,135,35,12,134,30,66,21,130,88,95,78"/><T131/><D2/><U79/><E110/><V54/><F4/><W14/><G130/><N who="0" m="49707" /><D107/><U52/><E79/><N who="2" m="44263" /><F31/><W73/><G66/><T58/><D114/><U38/><E117/><V123/><F123/><W85/><G73/><T105/><D105/><U112/><E112/><V93/><F93/><W87/><G35/><T9/><D76/><U129/><E129/><V109/><F109/><W29/><G78/><T24/><D132/><N who="3" m="50729" /><G95/><T7/><D92/><U82/><E75/><V13/><F13/><N who="3" m="5227" /><G88/><T3/><D15/><U41/><E91/><V20/><F20/><AGARI ba="0,0" hai="20,21,23,29,30,84,85,87" m="5227,50729" machi="20" ten="40,5200,0" yaku="28,2,20,1" doraHai="98" who="3" fromWho="2" sc="248,0,376,0,170,-52,206,52" /><INIT seed="5,0,0,3,2,99" ten="248,376,118,258" oya="1" hai0="123,56,94,53,115,57,129,87,85,96,86,27,23" hai1="59,68,102,105,133,66,14,58,117,116,62,128,73" hai2="25,7,31,22,33,30,122,88,0,119,1,69,81" hai3="77,84,10,29,131,46,130,91,6,90,104,112,121"/><U21/><E73/><V36/><F36/><W2/><G121/><T64/><D115/><U126/><E128/><N who="3" m="49194" /><G112/><T98/><D129/><U134/><E126/><V124/><F69/><W95/><G104/><T110/><D110/><U113/><E113/><V97/><F122/><W51/><G29/><T45/><D98/><N who="1" m="61655" /><E14/><V11/><F119/><N who="1" m="45641" /><E21/><V28/><F124/><W74/><G74/><T61/><D45/><U125/><E125/><V100/><F1/><W5/><G5/><T135/><D135/><AGARI ba="0,0" hai="58,59,62,66,68,133,134,135" m="45641,61655" machi="135" ten="30,2900,0" yaku="20,1,52,1" doraHai="99" who="1" fromWho="0" sc="248,-29,376,29,118,0,258,0" /><INIT seed="5,1,0,5,0,112" ten="219,405,118,258" oya="1" hai0="119,122,87,5,45,77,32,101,88,62,0,111,65" hai1="1,102,91,29,9,28,20,53,40,49,125,17,39" hai2="4,115,103,37,121,66,95,89,23,71,83,33,11" hai3="64,30,78,44,135,16,67,10,27,60,92,82,127"/><U42/><E39/><V6/><F33/><W85/><G135/><T52/><D111/><U54/><E102/><V123/><F37/><W7/><G127/><T133/><D32/><U107/><E107/><V26/><F103/><W3/><G44/><T90/><D77/><U114/><E114/><V43/><F43/><W38/><G38/><T104/><D133/><U57/><E125/><V41/><F41/><W132/><G132/><T79/><D79/><U81/><E42/><V116/><F83/><W51/><G51/><T24/><D24/><U63/><E9/><V8/><F115/><W69/><G92/><T61/><D90/><U48/><E1/><V59/><F71/><W18/><REACH who="3" step="1"/><G67/><REACH who="3" ten="219,405,118,248" step="2"/><T12/><D65/><U113/><E49/><V84/><F66/><W93/><G93/><T50/><D45/><N who="1" m="27791" /><E113/><V46/><F46/><W109/><G109/><T134/><D50/><U35/><E40/><V55/><F121/><W75/><G75/><T72/><D72/><U110/><E110/><V34/><F123/><W21/><AGARI ba="1,1" hai="3,7,10,16,18,21,27,30,60,64,69,78,82,85" machi="21" ten="20,8000,1" yaku="1,1,0,1,7,1,54,1,53,1" doraHai="112" doraHaiUra="2" who="3" fromWho="3" sc="219,-21,405,-41,118,-21,248,93" /><INIT seed="6,0,0,4,0,35" ten="198,364,97,341" oya="2" hai0="1,102,95,30,9,0,79,21,15,71,86,75,69" hai1="52,93,113,109,62,4,64,73,3,90,97,17,72" hai2="135,56,108,116,12,82,20,134,50,58,78,49,14" hai3="115,23,29,11,105,63,131,55,91,47,106,24,76"/><V127/><F116/><W119/><G119/><T100/><D75/><U83/><E109/><V80/><F20/><W87/><G76/><T66/><D30/><U36/><E36/><V133/><F108/><W53/><G131/><T110/><D21/><U124/><E113/><V33/><F33/><W25/><G11/><T37/><D37/><U117/><E117/><V129/><F129/><W65/><G25/><T7/><D110/><U67/><E124/><V43/><F43/><W38/><G55/><T107/><D107/><U46/><E3/><V103/><F103/><W42/><G53/><T121/><D121/><U114/><E4/><V48/><F127/><W61/><G61/><T84/><D66/><U120/><E114/><V89/><F89/><W74/><G74/><T99/><D102/><U123/><E17/><V27/><F27/><W111/><G115/><T44/><D44/><U2/><E2/><V59/><REACH who="2" step="1"/><F78/><REACH who="2" ten="198,364,87,341" step="2"/><W40/><G42/><T51/><D79/><U60/><E90/><V34/><F34/><W70/><G111/><T126/><D126/><U8/><E120/><V128/><F128/><W19/><G29/><T5/><D100/><U57/><E123/><V77/><F77/><W32/><G32/><T41/><D41/><U54/><E73/><V88/><F88/><W125/><G125/><T94/><D9/><U130/><E8/><V13/><AGARI ba="0,1" hai="12,13,14,48,49,50,56,58,59,80,82,133,134,135" machi="13" ten="50,48000,5" yakuman="40" doraHai="35" doraHaiUra="96" who="2" fromWho="2" sc="198,-160,364,-160,87,490,341,-160" /><INIT seed="6,1,0,1,2,32" ten="38,204,577,181" oya="2" hai0="79,68,135,62,91,132,118,48,128,90,92,107,37" hai1="98,124,61,103,93,10,6,63,2,77,89,17,81" hai2="85,133,131,73,44,117,51,127,12,25,56,15,70" hai3="129,114,126,120,4,134,46,52,26,80,58,24,29"/><V9/><F73/><W113/><G120/><T78/><D37/><U28/><E124/><V65/><F70/><W67/><G126/><T84/><D48/><U59/><E28/><V119/><F25/><W3/><G134/><T1/><D62/><U53/><E17/><V50/><F133/><W116/><G116/><T83/><D68/><U66/><E103/><V19/><F127/><W74/><G67/><T55/><D55/><U122/><E122/><V72/><F72/><W88/><G46/><T31/><D31/><U96/><E96/><V106/><F106/><W108/><G108/><T14/><D14/><U71/><E63/><V35/><F85/><N who="3" m="50215" /><G74/><T33/><D84/><U45/><E45/><V39/><F35/><W11/><G29/><T43/><D33/><U105/><E105/><V0/><F39/><W57/><G57/><T100/><D107/><U30/><E30/><V97/><F56/><W102/><G102/><T54/><D100/><U42/><E42/><V86/><F44/><W34/><G129/><T94/><D128/><U104/><E104/><V21/><F131/><W40/><G40/><T95/><D43/><U82/><E77/><V23/><F65/><W110/><G110/><T22/><D135/><U41/><E41/><V87/><F117/><W99/><G34/><T60/><D118/><U121/><E121/><V36/><F36/><W111/><G111/><T130/><D130/><U16/><E16/><V76/><F19/><W8/><G8/><T69/><D132/><U115/><E115/><N who="3" m="44042" /><G99/><T7/><D22/><U75/><E75/><V13/><F119/><RYUUKYOKU ba="1,0" sc="38,-15,204,15,577,-15,181,15" hai1="2,6,10,53,59,61,66,71,81,82,89,93,98" hai3="3,4,11,24,26,52,58" /><INIT seed="7,2,0,4,4,114" ten="23,219,562,196" oya="3" hai0="16,95,69,111,108,127,86,98,13,110,96,37,83" hai1="120,14,75,22,10,12,87,33,62,61,3,9,115" hai2="80,20,43,93,67,60,94,133,64,91,31,38,74" hai3="19,30,106,104,134,36,119,78,109,40,125,72,28"/><W17/><G109/><T90/><D13/><N who="1" m="5227" /><E75/><V129/><F129/><W99/><G134/><T50/><D50/><U11/><E33/><V68/><F67/><W58/><G125/><T52/><D52/><U23/><E3/><V105/><F105/><W57/><G99/><T130/><D16/><U126/><E120/><V77/><F91/><W44/><G72/><T92/><D37/><U89/><E115/><V55/><F55/><W102/><G78/><T131/><D69/><U113/><E126/><V54/><F54/><W79/><G79/><T29/><D29/><U47/><E47/><V73/><F73/><W46/><G102/><T97/><REACH who="0" step="1"/><D127/><REACH who="0" ten="13,219,562,196" step="2"/><U71/><E71/><V5/><F38/><W118/><G36/><T117/><D117/><U66/><E62/><V45/><F60/><W121/><G121/><T8/><D8/><U82/><E113/><V132/><F68/><W41/><AGARI ba="2,1" hai="17,19,28,30,40,41,44,46,57,58,104,106,118,119" machi="41" ten="25,12000,1" yaku="0,1,22,2,52,2" doraHai="114" who="3" fromWho="3" sc="13,-42,219,-42,562,-42,196,136" owari="-29,-52.9,177,-22.3,520,62.0,332,13.2" /></mjloggm>