<mjloggm ver="2.3"><GO type="169" lobby="0"/><UN n0="%4D%75%64%46%6C%6F%77" n1="%C2%A7%E7%8D%85%E5%AD%90%E5%8E%9F%E7%88%BD" n2="%41%6E%6B%6F%61%6E%6B%6F" n3="%E3%82%A8%E3%82%B0%E3%83%81%E3%80%81" dan="17,17,17,17" rate="2184.36,2181.64,2185.54,2203.37" sx="M,F,F,M"/><TAIKYOKU oya="0"/><INIT seed="0,0,0,5,5,106" ten="250,250,250,250" oya="0" hai0="71,16,65,126,47,56,59,86,31,70,66,123,76" hai1="133,129,127,97,131,89,64,0,14,115,61,105,10" hai2="117,100,101,68,103,12,1,114,124,39,6,93,45" hai3="84,107,9,17,80,108,5,118,82,95,50,53,30"/><T120/><D31/><U83/><E0/><V25/><F114/><W77/><G108/><T52/><D76/><U34/><E34/><V23/><F124/><W58/><G107/><T112/><D86/><U62/><E127/><V92/><F68/><N who="0" m="26154" /><D16/><U60/><E115/><V21/><F117/><W113/><G118/><T51/><D112/><U94/><E133/><V22/><F1/><W27/><G113/><T41/><D126/><U26/><E26/><V87/><F45/><W79/><G95/><N who="2" m="36425" /><F39/><W63/><G17/><T7/><D7/><U121/><E105/><V28/><F87/><W98/><G98/><T43/><D59/><U74/><E14/><V81/><F81/><W18/><G18/><T67/><D41/><U104/><E104/><V11/><AGARI ba="0,0" hai="6,11,12,21,22,23,25,28,100,101,103" m="36425" machi="11" ten="30,1100,0" yaku="8,1" doraHai="106" who="2" fromWho="2" sc="250,-5,250,-3,250,11,250,-3" /><INIT seed="1,0,0,4,0,63" ten="245,247,261,247" oya="1" hai0="8,35,75,91,103,53,51,12,23,50,31,62,77" hai1="87,59,5,22,72,34,115,32,79,70,106,21,90" hai2="93,36,116,119,101,46,52,20,94,1,124,30,45" hai3="71,28,76,73,98,6,3,65,14,60,11,17,64"/><U13/><E70/><V92/><F124/><W16/><G28/><T128/><D35/><U111/><E115/><V66/><F1/><W26/><G26/><T121/><D128/><U122/><E122/><V39/><F101/><W114/><G114/><T96/><D91/><U78/><E106/><V120/><F120/><W25/><G25/><T7/><D77/><U24/><E34/><V102/><F102/><W133/><G133/><T127/><D75/><U54/><E32/><V89/><F89/><W74/><G98/><T108/><D108/><U88/><E72/><V95/><F95/><W69/><G17/><T132/><D132/><U15/><E90/><V49/><F20/><W55/><G55/><T27/><D127/><U125/><E125/><V33/><F33/><W47/><G47/><T85/><D85/><U38/><E38/><V100/><F100/><W107/><G107/><T129/><D129/><U131/><E22/><V56/><F30/><W123/><G123/><T44/><D121/><U4/><E111/><V29/><F29/><W112/><G112/><T126/><D126/><U41/><E41/><V61/><REACH who="2" step="1"/><F45/><REACH who="2" ten="245,247,251,247" step="2"/><W135/><G135/><T109/><D109/><U48/><E131/><V82/><F82/><W40/><G76/><T113/><D113/><U86/><E78/><V68/><F68/><W80/><G80/><T67/><D103/><U84/><E79/><V117/><AGARI ba="0,1" hai="36,39,46,49,52,56,61,66,92,93,94,116,117,119" machi="117" ten="40,8000,1" yaku="1,1,0,1,52,1,54,1,53,1" doraHai="63" doraHaiUra="42" who="2" fromWho="2" sc="245,-20,247,-40,251,90,247,-20" /><INIT seed="2,0,0,4,1,38" ten="225,207,341,227" oya="2" hai0="89,4,19,46,65,78,54,128,52,50,86,109,41" hai1="105,107,98,29,84,35,118,100,12,91,47,71,96" hai2="42,31,106,27,99,58,124,104,10,7,129,33,77" hai3="103,61,15,70,76,36,82,9,11,112,24,133,53"/><V32/><F129/><W97/><G133/><T110/><D128/><U95/><E71/><V127/><F77/><W132/><G132/><T2/><D78/><U17/><E118/><V62/><F33/><W5/><G112/><T34/><D34/><U88/><E35/><V92/><F42/><W49/><G36/><T116/><D116/><U20/><E29/><V121/><F121/><W134/><G24/><T21/><D65/><U72/><E72/><V64/><F92/><W102/><G134/><T94/><D4/><U111/><E111/><N who="0" m="42505" /><D2/><U48/><E91/><V114/><F114/><W73/><G61/><T131/><D131/><U3/><E3/><V14/><REACH who="2" step="1"/><F99/><REACH who="2" ten="225,207,331,227" step="2"/><W85/><G97/><T44/><D44/><U45/><E45/><V126/><AGARI ba="0,1" hai="7,10,14,27,31,32,58,62,64,104,106,124,126,127" machi="126" ten="30,12000,1" yaku="1,1,2,1,0,1,18,1,53,1" doraHai="38" doraHaiUra="22" who="2" fromWho="2" sc="225,-40,207,-40,331,130,227,-40" /><INIT seed="2,1,0,3,2,40" ten="185,167,461,187" oya="2" hai0="68,31,56,119,129,18,29,11,82,69,59,62,94" hai1="133,132,0,118,79,51,41,95,39,98,42,126,86" hai2="66,57,44,106,16,109,110,84,125,112,123,7,92" hai3="52,74,88,115,83,64,14,128,36,33,71,101,53"/><V85/><F112/><W2/><G2/><T17/><D129/><U35/><E0/><V90/><F123/><W54/><G128/><T38/><D38/><U10/><E35/><V120/><F120/><W9/><G115/><T102/><D82/><U34/><E34/><V61/><F106/><W12/><G33/><T134/><D134/><U131/><E118/><V22/><F7/><W117/><G117/><T28/><D119/><U37/><E10/><V135/><F135/><N who="1" m="51785" /><E131/><V87/><F44/><W15/><G36/><N who="1" m="13898" /><E51/><V122/><F125/><W121/><G121/><T76/><D76/><U55/><E55/><V124/><F124/><W72/><G101/><T107/><D107/><U93/><E126/><V80/><F122/><W21/><G21/><T49/><D49/><U99/><E86/><V1/><F1/><W97/><G9/><T77/><D11/><U103/><E79/><V58/><F58/><W96/><G64/><T24/><D59/><U111/><E111/><N who="2" m="42507" /><F80/><W70/><G83/><T100/><D69/><U113/><E113/><V32/><F32/><W116/><G116/><T75/><D68/><N who="3" m="26153" /><G88/><AGARI ba="1,0" hai="41,42,88,93,95,98,99,103" m="13898,51785" machi="88" ten="30,2000,0" yaku="20,1,54,1" doraHai="40" who="1" fromWho="3" sc="185,0,167,23,461,0,187,-23" /><INIT seed="3,0,0,5,5,73" ten="185,190,461,164" oya="3" hai0="3,36,18,121,56,22,132,101,5,30,48,107,122" hai1="106,90,135,111,84,134,72,8,42,98,86,28,82" hai2="70,127,133,99,75,77,123,10,27,58,25,71,78" hai3="113,21,19,47,16,24,43,115,57,26,100,128,7"/><W13/><G128/><T118/><D36/><U103/><E28/><V94/><F75/><W63/><G7/><T55/><D118/><U2/><E42/><V35/><F35/><W11/><G100/><T33/><D132/><N who="1" m="50731" /><E8/><V32/><F32/><W1/><G1/><T83/><D101/><U4/><E4/><V88/><F133/><W17/><G26/><N who="2" m="9737" /><F71/><W109/><G109/><T108/><D107/><U44/><E44/><V34/><F70/><W69/><G69/><T97/><D108/><U119/><E2/><V14/><F127/><W59/><G19/><T131/><D30/><U53/><E53/><V62/><F123/><W79/><G79/><T29/><D29/><U12/><E111/><V20/><F20/><W67/><REACH who="3" step="1"/><G57/><REACH who="3" ten="185,190,461,154" step="2"/><T112/><D3/><U116/><E12/><V38/><F34/><W66/><G66/><T89/><D33/><U52/><E72/><V31/><F31/><W65/><G65/><T46/><D5/><U80/><E52/><N who="2" m="34119" /><F38/><AGARI ba="0,1" hai="11,13,16,17,21,24,38,43,47,59,63,67,113,115" machi="38" ten="30,5800,0" yaku="1,1,7,1,54,1,53,0" doraHai="73" doraHaiUra="93" who="3" fromWho="2" sc="185,0,190,0,461,-58,154,68" /><INIT seed="3,1,0,4,1,75" ten="185,190,403,222" oya="3" hai0="90,72,6,25,52,22,114,37,115,65,96,76,100" hai1="14,121,38,74,7,98,59,50,33,79,12,82,120" hai2="111,128,92,24,105,130,29,99,86,58,78,66,39" hai3="116,107,62,117,26,54,135,95,23,123,55,4,119"/><W0/><G107/><T49/><D37/><U132/><E38/><V56/><F39/><W67/><G123/><T2/><D65/><U19/><E33/><V46/><F111/><W133/><G4/><T35/><D35/><U13/><E132/><N who="3" m="50762" /><G95/><T18/><D90/><U80/><E7/><V88/><F105/><W126/><G0/><T69/><D69/><U108/><E108/><V112/><F46/><W127/><G23/><T125/><D125/><N who="3" m="47625" /><G26/><T31/><D6/><U45/><E98/><V109/><F112/><W11/><G11/><T131/><D2/><U101/><E101/><V42/><F109/><W61/><G61/><T83/><D96/><U77/><E121/><V9/><F92/><W40/><G40/><T1/><D100/><U81/><E120/><V89/><F42/><W113/><G113/><N who="0" m="43019" /><D1/><U3/><E3/><V124/><F24/><W63/><G63/><T84/><D31/><U44/><E19/><V91/><F29/><W110/><G110/><T53/><D25/><U64/><E81/><N who="2" m="47415" /><F124/><W43/><G43/><T103/><D22/><U47/><E13/><V93/><F9/><W106/><G106/><T16/><D18/><U118/><E12/><V71/><F93/><W70/><AGARI ba="1,0" hai="54,55,62,67,70,116,117,119" m="47625,50762" machi="70" ten="40,12000,1" yaku="20,1,18,1,34,2" doraHai="75" who="3" fromWho="3" sc="185,-41,190,-41,403,-41,222,123" /><INIT seed="3,2,0,4,4,43" ten="144,149,362,345" oya="3" hai0="61,131,112,53,129,51,99,90,92,31,86,65,115" hai1="78,135,87,19,102,21,101,9,47,33,66,93,103" hai2="26,67,3,127,107,25,98,15,4,64,88,132,62" hai3="6,46,74,58,121,57,1,70,95,89,72,60,2"/><W41/><G121/><T45/><D31/><U96/><E33/><V130/><F132/><W14/><G70/><T118/><D118/><U13/><E135/><V91/><F130/><W123/><G14/><T82/><D61/><U126/><E66/><V38/><F38/><W134/><G123/><T20/><D20/><U40/><E126/><V105/><F127/><W75/><G134/><T29/><D29/><U71/><E71/><V7/><F98/><W124/><G124/><T23/><D23/><U32/><E32/><V37/><F37/><W63/><G63/><T52/><D53/><U5/><E78/><V18/><F62/><W49/><G6/><T8/><D8/><U56/><E87/><V59/><F59/><W17/><G17/><T73/><D73/><U79/><E79/><V117/><F15/><W119/><G119/><T12/><D12/><U55/><E55/><V44/><F117/><W54/><REACH who="3" step="1"/><G58/><REACH who="3" ten="144,149,362,335" step="2"/><T16/><D16/><U114/><E56/><V113/><F18/><W81/><G81/><T97/><D65/><U104/><E114/><N who="0" m="43561" /><D82/><U80/><E80/><V69/><F113/><W94/><G94/><T100/><D129/><U27/><REACH who="1" step="1"/><E104/><REACH who="1" ten="144,139,362,335" step="2"/><V11/><F69/><W24/><G24/><T125/><D125/><U133/><E133/><V84/><F107/><W85/><AGARI ba="2,2" hai="1,2,41,46,49,54,57,60,72,74,75,85,89,95" machi="85" ten="30,6000,0" yaku="1,1,0,1,52,1,53,0" doraHai="43" doraHaiUra="0" who="3" fromWho="3" sc="144,-22,139,-22,362,-22,335,86" /><INIT seed="3,3,0,2,3,31" ten="122,117,340,421" oya="3" hai0="4,127,122,126,44,86,36,41,119,25,68,5,26" hai1="56,58,29,70,115,111,134,129,38,66,84,131,55" hai2="18,103,52,123,69,33,130,30,50,73,97,3,34" hai3="37,63,16,51,78,107,27,14,91,48,43,102,46"/><W87/><G78/><T83/><D119/><U109/><E29/><V11/><F73/><W79/><G79/><T88/><D68/><U80/><E84/><V2/><F69/><W121/><G121/><T47/><D122/><U135/><E80/><V62/><F123/><W99/><G27/><N who="0" m="10251" /><D47/><U100/><E100/><V10/><F30/><W71/><G63/><T60/><D60/><N who="1" m="40263" /><E38/><V114/><F62/><W61/><G61/><T0/><D0/><U67/><E67/><V116/><F116/><W24/><G24/><T32/><D32/><U96/><E96/><V19/><F130/><N who="1" m="49673" /><E115/><V17/><F114/><W113/><G113/><T106/><D106/><U12/><E12/><V7/><F2/><W21/><REACH who="3" step="1"/><G71/><REACH who="3" ten="122,117,340,411" step="2"/><T54/><D126/><U125/><E125/><V72/><F72/><W120/><G120/><T39/><D127/><U65/><E65/><V124/><F124/><W9/><G9/><T13/><D13/><U101/><E101/><V104/><REACH who="2" step="1"/><F10/><REACH who="2" ten="122,117,330,411" step="2"/><W8/><G8/><T92/><D4/><U128/><E128/><V28/><F28/><W74/><G74/><T76/><D5/><U15/><E15/><V81/><F81/><AGARI ba="3,2" hai="14,16,21,37,43,46,48,51,81,87,91,99,102,107" machi="81" ten="30,5800,0" yaku="1,1,7,1,54,1,53,0" doraHai="31" doraHaiUra="90" who="3" fromWho="2" sc="122,0,117,0,330,-67,411,87" /><INIT seed="3,4,0,5,1,41" ten="122,117,263,498" oya="3" hai0="97,88,121,43,27,101,114,71,129,10,14,73,55" hai1="38,92,96,2,54,24,128,32,98,3,83,65,13" hai2="31,93,34,64,26,111,59,19,102,21,135,68,23" hai3="29,69,70,115,81,127,82,7,124,60,35,57,134"/><W25/><G115/><T86/><D121/><U1/><E65/><V107/><F111/><W108/><G134/><T17/><D129/><U132/><E38/><V113/><F135/><W62/><G7/><T18/><D73/><U61/><E132/><V33/><F113/><W125/><G108/><T100/><D71/><U0/><E128/><V110/><F110/><W66/><REACH who="3" step="1"/><G70/><REACH who="3" ten="122,117,263,488" step="2"/><T87/><D114/><U85/><E0/><V106/><F68/><W51/><G51/><T116/><D116/><U40/><E1/><V22/><F107/><W133/><G133/><T130/><D130/><U39/><E2/><V53/><F106/><W80/><G80/><T123/><D123/><U11/><E83/><V15/><F93/><W46/><G46/><T47/><D47/><U109/><E3/><V48/><F59/><W37/><G37/><T72/><D101/><U9/><E39/><V30/><F102/><W104/><G104/><T91/><D100/><U94/><E94/><V99/><F48/><W120/><G120/><T74/><D74/><U50/><E92/><V12/><F99/><W76/><G76/><T16/><D72/><U56/><E50/><V77/><F77/><W28/><G28/><T44/><D44/><U36/><E36/><V103/><F103/><W49/><G49/><T90/><D90/><U117/><E117/><V8/><F31/><W122/><G122/><T58/><D91/><U105/><E105/><V89/><F89/><W5/><G5/><T20/><D88/><U118/><E118/><V52/><F30/><W67/><AGARI ba="4,1" hai="25,29,35,57,60,62,66,67,69,81,82,124,125,127" machi="67" ten="40,7800,0" yaku="1,1,0,1,18,1,53,0" doraHai="41" doraHaiUra="112" who="3" fromWho="3" sc="122,-30,117,-30,263,-30,488,100" /><INIT seed="3,5,0,5,5,113" ten="92,87,233,588" oya="3" hai0="5,104,6,89,121,66,33,2,41,63,25,27,115" hai1="106,69,88,62,132,42,54,58,34,21,31,79,4" hai2="78,26,81,122,3,103,128,100,43,84,45,80,111" hai3="32,74,120,10,108,91,71,131,124,65,61,67,44"/><W99/><G120/><T87/><D121/><U107/><E34/><V94/><F111/><W38/><G74/><T50/><D104/><U70/><E79/><V123/><F3/><W0/><G32/><T18/><D115/><U51/><E4/><V109/><F109/><W75/><G124/><T130/><D130/><U56/><E132/><V133/><F26/><W17/><G67/><T59/><D2/><U9/><E9/><V102/><F45/><W82/><G131/><T125/><D125/><U93/><E107/><V40/><F133/><W23/><G108/><T72/><D72/><U55/><E106/><V29/><F29/><W92/><G82/><T15/><D33/><U105/><E105/><V134/><F134/><W112/><G75/><T95/><D41/><U110/><E42/><V53/><F53/><W20/><G20/><N who="0" m="11359" /><D50/><U96/><REACH who="1" step="1"/><E110/><REACH who="1" ten="92,77,233,588" step="2"/><V1/><F40/><W39/><G10/><T83/><D6/><U47/><E47/><V24/><F43/><W68/><G44/><T48/><D5/><U114/><E114/><V22/><F78/><W76/><G112/><T126/><D126/><U28/><E28/><V12/><F122/><W98/><G76/><N who="0" m="46567" /><D48/><U11/><E11/><V16/><F123/><W127/><G127/><T7/><D7/><U85/><E85/><AGARI ba="5,1" hai="25,27,59,63,66,85,89,95" m="46567,11359" machi="85" ten="30,1000,0" yaku="8,1" doraHai="113" who="0" fromWho="1" sc="92,35,77,-25,233,0,588,0" /><INIT seed="4,0,0,4,2,6" ten="127,52,233,588" oya="0" hai0="5,46,44,61,77,19,11,94,49,80,79,110,4" hai1="60,71,9,98,12,100,39,118,92,14,123,33,85" hai2="43,84,1,113,53,129,41,112,17,13,101,115,30" hai3="50,47,48,106,107,7,105,35,126,45,78,114,67"/><T117/><D117/><U125/><E118/><V93/><F1/><W64/><G35/><T2/><D110/><U133/><E123/><V0/><F0/><W81/><G114/><T31/><D31/><U10/><E39/><V132/><F132/><W52/><G7/><T34/><D34/><U99/><E33/><V59/><F129/><W22/><G22/><T72/><D5/><U20/><E133/><V127/><F127/><W95/><G95/><T87/><D61/><U89/><E125/><V37/><F37/><W16/><G16/><T97/><D19/><N who="1" m="10359" /><E71/><V24/><F24/><W63/><G63/><T74/><D79/><U62/><E12/><V65/><F65/><W21/><G21/><T135/><D135/><U73/><E73/><V18/><F18/><W102/><G102/><T3/><D3/><U130/><E130/><V55/><F30/><W15/><G15/><T122/><D122/><U23/><E23/><N who="2" m="11695" /><F101/><W109/><G109/><T68/><D68/><U66/><E99/><V42/><F59/><W56/><G56/><T25/><D44/><U70/><E70/><V32/><F32/><W29/><G29/><T82/><D25/><U116/><E116/><V88/><AGARI ba="0,0" hai="41,42,43,53,55,84,88,93,112,113,115" m="11695" machi="88" ten="40,2700,0" yaku="15,1,54,1" doraHai="6" who="2" fromWho="2" sc="127,-13,52,-7,233,27,588,-7" /><INIT seed="5,0,0,1,3,130" ten="114,45,260,581" oya="1" hai0="117,36,37,61,72,4,116,7,87,44,76,38,29" hai1="10,14,54,71,23,125,30,91,118,126,8,11,83" hai2="51,68,75,98,58,88,81,2,104,35,105,6,69" hai3="127,97,5,57,109,63,128,64,89,129,46,45,42"/><U78/><E71/><V21/><F35/><W94/><G109/><T25/><D72/><U86/><E118/><V33/><F33/><W28/><G127/><T114/><D44/><U102/><E102/><V34/><F34/><W41/><G28/><T74/><D74/><U16/><E30/><V101/><F105/><W92/><G5/><T1/><D1/><U32/><E32/><V132/><F21/><W52/><G64/><T15/><D61/><U56/><REACH who="1" step="1"/><E78/><REACH who="1" ten="114,35,260,581" step="2"/><V27/><F101/><N who="3" m="60583" /><G129/><T0/><D29/><U134/><E134/><V60/><F132/><W70/><G70/><T3/><D76/><U65/><E65/><V47/><F69/><W82/><G128/><T99/><D117/><U96/><E96/><V85/><F98/><W49/><G41/><T77/><D116/><U17/><E17/><V22/><F68/><W12/><G42/><T66/><D66/><U24/><E24/><V13/><F27/><W59/><G57/><T62/><D25/><U120/><E120/><V111/><F58/><W80/><G59/><T135/><D135/><U133/><E133/><V19/><F19/><W26/><G26/><T108/><D77/><U122/><E122/><V55/><F47/><W84/><G46/><T73/><D99/><U100/><E100/><V9/><F104/><W40/><G40/><T106/><D106/><U53/><E53/><V48/><F55/><W107/><G107/><T93/><D7/><U95/><E95/><V124/><F6/><W31/><G31/><T119/><D4/><U43/><E43/><V115/><F2/><W20/><G45/><RYUUKYOKU ba="0,1" sc="114,-10,35,30,260,-10,581,-10" hai1="8,10,11,14,16,23,54,56,83,86,91,125,126" /><INIT seed="5,1,1,5,0,32" ten="104,65,250,571" oya="1" hai0="48,113,10,94,82,8,27,112,9,61,66,89,81" hai1="58,49,133,12,3,46,67,130,29,31,116,40,114" hai2="76,23,54,2,45,35,63,24,28,88,109,11,102" hai3="21,121,7,39,90,127,57,100,99,111,105,69,107"/><U20/><E116/><V101/><F109/><W86/><G69/><T15/><D27/><U118/><E118/><V18/><F76/><W19/><G39/><T78/><D48/><U64/><E114/><N who="0" m="44137" /><D15/><U52/><E130/><V129/><F129/><W70/><G107/><T68/><D78/><U60/><E133/><V85/><F2/><W13/><G86/><AGARI ba="1,1" hai="8,9,10,61,66,68,81,82,86,89,94" m="44137" machi="86" ten="30,1000,0" yaku="15,1" doraHai="32" who="0" fromWho="3" sc="104,23,65,0,250,0,571,-13" /><INIT seed="6,0,0,0,2,132" ten="127,65,250,558" oya="2" hai0="131,111,24,58,34,26,63,18,96,40,53,60,110" hai1="69,74,36,103,82,108,105,8,20,33,98,83,116" hai2="68,88,85,112,67,127,19,48,41,46,61,80,72" hai3="73,55,64,89,65,77,23,1,47,22,59,114,25"/><V30/><F112/><W50/><G1/><T119/><D131/><U57/><E108/><V32/><F72/><W78/><G114/><T66/><D119/><U21/><E116/><V27/><REACH who="2" step="1"/><F19/><REACH who="2" ten="127,65,240,558" step="2"/><W129/><G73/><T92/><D18/><U51/><E74/><V123/><F123/><W0/><G129/><T71/><D110/><U49/><E33/><V29/><F29/><W113/><G113/><T134/><D34/><U17/><E17/><V31/><F31/><W130/><G130/><T99/><D111/><U44/><E21/><V135/><F135/><W38/><G23/><T43/><D134/><U118/><E20/><V126/><AGARI ba="0,1" hai="27,30,32,41,46,48,61,67,68,80,85,88,126,127" machi="126" ten="30,12000,1" yaku="1,1,0,1,52,2,54,1,53,0" doraHai="132" doraHaiUra="14" who="2" fromWho="2" sc="127,-40,65,-40,240,130,558,-40" /><INIT seed="6,1,0,0,5,19" ten="87,25,370,518" oya="2" hai0="132,128,99,1,108,117,110,113,15,68,82,87,103" hai1="64,75,18,106,61,91,55,12,6,43,105,93,35" hai2="56,98,34,89,52,118,84,134,57,127,79,100,7" hai3="23,107,76,47,131,66,70,67,71,85,25,21,73"/><V119/><F134/><W36/><G73/><T72/><D68/><U135/><E135/><V45/><F127/><W14/><G107/><T16/><D1/><U123/><E75/><V26/><F7/><W17/><G131/><T24/><D132/><U41/><E35/><V122/><F122/><W51/><G36/><T20/><D72/><U109/><E109/><V124/><F124/><W11/><G71/><T29/><D128/><U4/><E106/><V27/><F79/><W0/><G70/><T129/><D129/><U48/><E105/><V50/><F119/><W22/><G0/><T116/><D113/><U126/><E126/><V2/><F2/><W90/><G25/><T40/><D40/><U102/><E102/><V32/><F32/><W46/><G76/><N who="0" m="46535" /><D99/><U3/><E3/><V111/><F111/><W58/><G58/><T101/><D108/><U44/><E123/><V95/><F118/><N who="0" m="45674" /><D110/><U63/><E41/><V53/><F34/><AGARI ba="1,0" hai="15,16,20,24,29,34,101,103" m="45674,46535" machi="34" ten="30,3900,0" yaku="12,1,52,1,54,1" doraHai="19" who="0" fromWho="2" sc="87,42,25,0,370,-42,518,0" /><INIT seed="7,0,0,5,2,125" ten="129,25,328,518" oya="3" hai0="114,37,0,99,77,130,41,97,43,36,38,118,70" hai1="17,131,58,98,83,14,51,19,60,65,47,127,56" hai2="45,90,61,133,101,81,92,73,50,72,67,31,16" hai3="13,103,135,78,80,4,84,28,113,102,129,11,9"/><W5/><G129/><T25/><D0/><U24/><E127/><V40/><F31/><W55/><G113/><T23/><D70/><U12/><E24/><V21/><F101/><W85/><G135/><T59/><D130/><U1/><E1/><V134/><F81/><N who="3" m="47159" /><G28/><T117/><D77/><U63/><E83/><V105/><F105/><W100/><G55/><T29/><D59/><U32/><E32/><V111/><F111/><W44/><G44/><T74/><D74/><U33/><E33/><V104/><F104/><W94/><G94/><T123/><D123/><U82/><E82/><V26/><F134/><W121/><G121/><T116/><D114/><U120/><E120/><V39/><F39/><W96/><G96/><T62/><D62/><U27/><E27/><V110/><F110/><W122/><G122/><T89/><D89/><U112/><E112/><V126/><F126/><W128/><G128/><T53/><D53/><U6/><E131/><V71/><F133/><W34/><G34/><T22/><D22/><U7/><E98/><AGARI ba="0,0" hai="16,21,26,40,45,50,61,67,71,72,73,90,92,98" machi="98" ten="30,2000,0" yaku="7,1,54,1" doraHai="125" who="2" fromWho="1" sc="129,0,25,-20,328,20,518,0" owari="129,-27.1,5,-49.5,348,14.8,518,61.8" /></mjloggm>