<mjloggm ver="2.3"><GO type="169" lobby="0"/><UN n0="%E3%81%8B%E3%81%A5%E3%81%8D%EF%BC%B8%EF%BC%A9" n1="%E3%81%B2%E3%81%90%E3%81%A1" n2="%74%61%6B%65%33" n3="%49%77%61%6B%69%63%68%69" dan="18,16,17,16" rate="2184.90,2147.33,2197.11,2032.58" sx="M,M,M,M"/><TAIKYOKU oya="0"/><INIT seed="0,0,0,1,3,51" ten="250,250,250,250" oya="0" hai0="25,99,8,114,129,17,35,120,34,23,21,48,33" hai1="5,37,90,104,28,93,82,27,134,85,54,45,89" hai2="38,30,88,109,80,110,78,76,119,26,29,106,9" hai3="10,79,42,62,113,12,130,1,98,72,132,39,49"/><T3/><D99/><U102/><E134/><V67/><F38/><W86/><G113/><T124/><D48/><U15/><E104/><V100/><F67/><W50/><G132/><T24/><D114/><U108/><E108/><V123/><F123/><W94/><G130/><T11/><D120/><U118/><E118/><V116/><F9/><N who="0" m="3658" /><D129/><U4/><E15/><V103/><F26/><N who="0" m="10346" /><D124/><U66/><E66/><V87/><F29/><W65/><G1/><T121/><D121/><U81/><E102/><N who="2" m="38955" /><F30/><W60/><G72/><T71/><D71/><U19/><E28/><V47/><F47/><W44/><G62/><T107/><D107/><U46/><E37/><V64/><F64/><W97/><G97/><T58/><D58/><U77/><E77/><N who="2" m="29803" /><F106/><W52/><G79/><T105/><D105/><U68/><E68/><V20/><F20/><N who="0" m="7754" /><D17/><U0/><E19/><V36/><F36/><W133/><G133/><T125/><D125/><U31/><E45/><V127/><F127/><W122/><G122/><T13/><D13/><U75/><E27/><V112/><F112/><W126/><G126/><T53/><D3/><U91/><E31/><V63/><F63/><W41/><G39/><T32/><D32/><U7/><E0/><V40/><F40/><W115/><G115/><T55/><AGARI ba="0,0" hai="33,34,35,53,55" m="7754,10346,3658" machi="55" ten="40,12000,1" yaku="28,2,52,2" doraHai="51" who="0" fromWho="0" sc="250,120,250,-40,250,-40,250,-40" /><INIT seed="0,1,0,0,2,90" ten="370,210,210,210" oya="0" hai0="5,42,4,108,45,93,116,95,41,15,18,112,17" hai1="126,30,28,105,43,114,76,82,20,31,10,86,104" hai2="50,133,16,120,26,92,46,32,47,89,129,59,127" hai3="97,72,75,34,65,87,60,128,7,110,125,57,131"/><T124/><D112/><U51/><E126/><V62/><F120/><W11/><G125/><T109/><D124/><U44/><E114/><V96/><F127/><W36/><G110/><N who="0" m="42603" /><D116/><U23/><REACH who="1" step="1"/><E10/><REACH who="1" ten="370,200,210,210" step="2"/><V132/><F129/><W94/><G131/><T39/><D41/><U84/><E84/><V58/><F32/><W40/><G128/><T68/><D68/><U70/><E70/><V113/><F113/><W12/><G87/><T63/><D63/><U6/><E6/><N who="0" m="2665" /><D18/><U130/><E130/><V81/><F133/><W100/><REACH who="3" step="1"/><G34/><REACH who="3" ten="370,200,210,200" step="2"/><T134/><D134/><U121/><E121/><V71/><F132/><W29/><G29/><T54/><D54/><U78/><E78/><V77/><F77/><W122/><G122/><T2/><D2/><U115/><E115/><V107/><F71/><W117/><G117/><T27/><D27/><U80/><E80/><V119/><F119/><W79/><G79/><T73/><D73/><U37/><E37/><V1/><F1/><W25/><G25/><T64/><D64/><U69/><E69/><V91/><F26/><W66/><G66/><T49/><D39/><U48/><E48/><V103/><F50/><W8/><G8/><AGARI ba="1,2" hai="8,15,17,42,45,49,93,95" m="2665,42603" machi="8" ten="30,11600,0" yaku="14,1,10,1,52,2" doraHai="90" who="0" fromWho="3" sc="370,139,200,0,210,0,200,-119" /><INIT seed="0,2,0,2,0,72" ten="509,200,210,81" oya="0" hai0="89,7,84,21,5,40,128,133,62,4,28,125,60" hai1="103,86,14,135,30,70,49,87,34,1,109,123,115" hai2="13,134,117,102,39,100,118,29,23,24,126,41,56" hai3="48,73,101,121,88,38,68,2,108,92,80,91,120"/><T78/><D125/><U17/><E123/><N who="3" m="47178" /><G108/><T63/><D128/><U69/><E109/><V96/><F126/><W98/><G2/><T85/><D133/><U18/><E135/><V50/><F134/><W119/><G38/><T37/><D40/><U8/><E115/><V74/><F39/><W124/><G68/><T6/><D37/><U116/><E116/><V47/><F74/><W55/><G124/><T59/><N who="0" m="1024" /><DORA hai="36" /><T33/><D33/><U58/><E1/><V44/><F44/><N who="3" m="28039" /><G119/><T12/><D28/><U107/><E18/><V127/><F127/><W67/><G67/><T76/><D59/><U9/><E9/><V25/><F13/><W110/><G110/><T82/><D84/><U105/><E86/><V20/><F56/><W90/><G73/><T35/><D35/><U95/><E30/><V65/><F65/><W71/><G71/><T79/><D21/><U15/><E34/><V32/><F102/><W43/><G43/><T111/><D111/><U16/><E103/><V0/><F0/><W19/><G19/><T51/><D51/><U106/><E49/><V42/><F42/><W83/><AGARI ba="2,0" hai="80,83,88,90,91,92,98,101" m="28039,47178" machi="83" ten="40,2700,0" yaku="13,1,54,1" doraHai="72,36" who="3" fromWho="3" sc="509,-15,200,-9,210,-9,81,33" /><INIT seed="1,0,0,4,0,91" ten="494,191,201,114" oya="1" hai0="26,72,119,132,46,84,35,20,126,53,113,114,75" hai1="5,85,69,55,95,90,110,82,112,59,105,133,121" hai2="21,124,94,123,62,56,11,104,134,50,117,93,74" hai3="40,37,80,19,129,54,4,73,86,92,65,14,33"/><U107/><E112/><V135/><F117/><W64/><G129/><T102/><D119/><U25/><E121/><V101/><F123/><W109/><G33/><T128/><D35/><U39/><E133/><N who="2" m="50699" /><F74/><W28/><G109/><T111/><D111/><U71/><E110/><V38/><F38/><W131/><G28/><T43/><D126/><U1/><E39/><V6/><F124/><W66/><G131/><T67/><D128/><U34/><E1/><N who="2" m="463" /><F50/><W130/><G130/><T120/><D120/><U68/><E5/><V10/><F10/><W49/><G4/><T122/><D122/><U41/><E41/><V36/><F36/><W57/><G40/><T81/><D75/><U45/><E45/><V99/><F21/><W30/><G37/><T79/><D72/><U108/><E108/><V29/><F29/><W103/><G30/><T48/><D132/><U23/><E34/><V78/><F78/><W77/><G73/><T17/><D43/><U116/><E116/><V9/><F9/><N who="3" m="6607" /><G66/><AGARI ba="0,0" hai="56,62,66,93,94,99,101,104" m="463,50699" machi="66" ten="30,3900,0" yaku="20,1,52,2" doraHai="91" who="2" fromWho="3" sc="494,0,191,0,201,39,114,-39" /><INIT seed="2,0,0,2,2,14" ten="494,191,240,75" oya="2" hai0="30,73,120,85,81,12,29,109,55,98,13,93,63" hai1="79,100,127,130,51,121,36,4,27,5,34,104,67" hai2="84,123,134,77,61,122,76,44,71,3,33,131,110" hai3="24,22,53,87,105,86,9,46,62,96,89,68,133"/><V90/><F3/><W58/><G133/><T35/><D73/><U128/><E36/><V108/><F33/><W17/><G68/><T60/><D109/><N who="2" m="42090" /><F44/><W64/><G46/><T82/><D35/><U125/><E79/><N who="2" m="30283" /><F71/><W43/><G43/><T78/><D82/><U97/><E51/><V49/><F49/><W50/><G9/><T116/><D63/><U26/><E67/><V66/><F66/><W40/><G40/><T70/><D70/><U6/><E121/><N who="2" m="46091" /><F61/><W129/><G129/><N who="1" m="49770" /><E27/><V19/><F131/><W56/><REACH who="3" step="1"/><G105/><REACH who="3" ten="494,191,240,65" step="2"/><T8/><D120/><U94/><E104/><V59/><F59/><W20/><G20/><T18/><D60/><U2/><E2/><V95/><F19/><W10/><G10/><T31/><D8/><U42/><E42/><V23/><F23/><W74/><G74/><T102/><D18/><U52/><E52/><V75/><F75/><W99/><G99/><T132/><D98/><U126/><E4/><V107/><F107/><W80/><G80/><T11/><D81/><U106/><E106/><V91/><F91/><W103/><G103/><T118/><D102/><U111/><E111/><V39/><F39/><W21/><G21/><T115/><D55/><U119/><E5/><V124/><F134/><W48/><G48/><T41/><D132/><U54/><E54/><V15/><F124/><W92/><AGARI ba="0,1" hai="17,22,24,50,53,56,58,62,64,86,87,89,92,96" machi="92" ten="30,7900,0" yaku="1,1,0,1,8,1,52,1,53,0" doraHai="14" doraHaiUra="1" who="3" fromWho="3" sc="494,-20,191,-20,240,-39,65,89" /><INIT seed="3,0,0,0,4,18" ten="474,171,201,154" oya="3" hai0="28,116,35,110,101,3,1,33,46,58,131,104,23" hai1="43,67,55,37,15,54,30,13,108,22,94,21,122" hai2="133,96,73,109,24,117,88,134,91,81,47,71,99" hai3="80,7,59,115,61,8,56,14,72,103,17,32,79"/><W16/><G115/><T135/><D110/><U123/><E67/><V57/><F71/><W124/><G124/><T49/><D116/><U105/><E105/><V120/><F47/><W121/><G121/><T26/><D58/><U112/><E94/><V106/><F57/><W5/><G32/><T111/><D111/><U63/><E108/><V50/><F50/><W102/><G59/><T51/><D131/><U53/><E43/><V6/><F6/><W12/><G5/><T83/><D49/><U89/><E89/><V107/><F24/><W4/><G4/><T66/><D66/><U75/><E75/><V19/><F19/><W128/><G128/><T42/><D135/><N who="2" m="51722" /><F109/><W44/><G44/><T92/><D33/><U65/><E112/><V76/><F117/><W93/><G7/><T125/><D104/><N who="2" m="39978" /><F120/><W34/><G93/><T129/><D92/><U113/><E113/><V95/><F91/><W29/><G34/><T126/><D35/><U9/><E30/><V11/><F11/><W52/><REACH who="3" step="1"/><G29/><REACH who="3" ten="474,171,201,144" step="2"/><T86/><D28/><U90/><E122/><V118/><F118/><W85/><G85/><AGARI ba="0,1" hai="73,76,81,85,88,95,96,99" m="39978,51722" machi="85" ten="30,7700,0" yaku="20,1,34,2,54,1" doraHai="18" who="2" fromWho="3" sc="474,0,171,0,201,87,144,-77" /><INIT seed="4,0,0,1,5,72" ten="474,171,288,67" oya="0" hai0="100,85,74,123,71,89,102,104,90,94,80,111,3" hai1="96,36,135,28,18,87,95,110,55,51,21,107,118" hai2="130,106,98,127,75,17,82,4,30,120,49,101,13" hai3="132,10,2,69,54,63,73,43,16,24,39,42,92"/><T131/><D71/><U11/><E110/><V35/><F120/><W59/><G132/><T64/><D3/><U22/><E118/><V79/><F127/><W121/><G121/><T33/><D64/><U52/><E36/><V57/><F130/><W8/><G73/><T14/><D14/><U103/><E135/><V133/><F133/><W1/><G69/><T31/><D31/><U83/><E107/><V114/><F4/><W116/><G116/><T113/><D33/><U70/><E70/><V81/><F81/><W86/><G1/><T93/><D123/><U15/><E28/><V25/><F114/><W122/><G2/><T27/><D27/><U91/><E55/><V6/><F6/><W62/><G122/><T117/><D113/><U108/><E108/><V5/><F5/><W34/><G34/><T60/><D111/><U88/><E103/><N who="0" m="39465" /><D60/><U9/><E9/><V68/><F68/><W48/><G39/><T41/><D41/><N who="3" m="15369" /><G63/><T124/><D124/><U65/><E65/><V37/><F37/><W47/><G92/><N who="0" m="35435" /><D117/><U128/><E128/><V7/><F7/><W125/><G86/><N who="0" m="50375" /><D131/><U115/><E115/><V26/><F26/><W119/><G125/><T66/><D66/><U126/><E126/><V0/><F0/><W109/><G119/><T112/><D112/><U56/><AGARI ba="0,0" hai="11,15,18,21,22,51,52,56,83,87,88,91,95,96" machi="56" ten="20,8000,1" yaku="0,1,7,1,8,1,54,2" doraHai="72" who="1" fromWho="1" sc="474,-40,171,80,288,-20,67,-20" /><INIT seed="5,0,0,1,1,23" ten="434,251,268,47" oya="1" hai0="4,33,71,80,117,79,61,60,37,52,100,88,7" hai1="129,47,125,41,77,107,25,29,114,51,72,104,39" hai2="120,11,123,19,31,1,86,116,38,75,127,10,105" hai3="122,118,2,42,30,96,44,92,90,45,32,54,13"/><U5/><E114/><V69/><F75/><W82/><G2/><T131/><D33/><U57/><E129/><V9/><F105/><W108/><G122/><T112/><D71/><U121/><E125/><V74/><F74/><W6/><G108/><T97/><D37/><U94/><E121/><V103/><F69/><W43/><G118/><T73/><D117/><U111/><E111/><V15/><F38/><W12/><G30/><T28/><D112/><U128/><E128/><V68/><F68/><W21/><G32/><T98/><D98/><U58/><E94/><V50/><F50/><N who="3" m="29007" /><G44/><T78/><D78/><U76/><E76/><V16/><F86/><W102/><G21/><T119/><D119/><U115/><E115/><V24/><F103/><W35/><G35/><T34/><D131/><U126/><E126/><V106/><F106/><W63/><G63/><T22/><D34/><U124/><E124/><V81/><F81/><W87/><G13/><T48/><D100/><U130/><E130/><V53/><F53/><W20/><G20/><T14/><D14/><U83/><E51/><V70/><F70/><W89/><G102/><T65/><D73/><U93/><E104/><V40/><F116/><W27/><G27/><N who="0" m="16503" /><D79/><U17/><E107/><V113/><F113/><W66/><G66/><T56/><D61/><U134/><E29/><V26/><F127/><W62/><G62/><T110/><D110/><U67/><E67/><V49/><F123/><W95/><G82/><T133/><D80/><U109/><E109/><V59/><F120/><W36/><G36/><T101/><D65/><RYUUKYOKU ba="0,0" sc="434,-10,251,-10,268,-10,47,30" hai3="6,12,42,43,87,89,90,92,95,96" /><INIT seed="6,1,0,5,2,93" ten="424,241,258,77" oya="2" hai0="44,123,17,127,16,113,5,33,125,26,100,90,70" hai1="118,55,116,37,106,12,122,112,120,53,85,84,46" hai2="86,108,58,62,97,130,65,124,40,30,102,10,111" hai3="27,76,105,59,67,9,134,128,80,14,78,56,63"/><V39/><F124/><N who="0" m="47690" /><D70/><U43/><E106/><V79/><F130/><W19/><G128/><T129/><D113/><U41/><E12/><V131/><F131/><W47/><G134/><T96/><D90/><U21/><E21/><V75/><F75/><W60/><G105/><N who="0" m="63623" /><D123/><N who="1" m="47147" /><E85/><V89/><F79/><W95/><G47/><T87/><D87/><U6/><E6/><V35/><F10/><W8/><G95/><T38/><D5/><U74/><E84/><V42/><F30/><W115/><G115/><T48/><D38/><U94/><E94/><N who="2" m="58679" /><F39/><W68/><G68/><T92/><D92/><U109/><E43/><V0/><F0/><W20/><G9/><T15/><D15/><U135/><E74/><V110/><F35/><W103/><G103/><T11/><D11/><U28/><E28/><V69/><F69/><W4/><REACH who="3" step="1"/><G80/><AGARI ba="1,0" hai="40,42,58,62,65,80,86,89,108,110,111" m="58679" machi="80" ten="30,2900,0" yaku="10,1,52,1" doraHai="93" who="2" fromWho="3" sc="424,0,241,0,258,32,77,-32" /><INIT seed="6,2,0,4,2,10" ten="424,241,290,45" oya="2" hai0="98,30,134,41,112,116,48,120,2,62,74,68,83" hai1="115,69,55,96,135,99,133,61,45,126,7,131,63" hai2="21,114,111,67,132,90,27,107,4,13,50,44,53" hai3="92,42,54,70,80,97,35,79,60,29,20,17,56"/><V108/><F107/><W47/><G70/><T38/><D112/><U28/><E28/><V101/><F101/><W18/><G35/><T6/><D120/><U66/><E99/><V103/><F103/><W65/><G29/><T23/><D134/><U77/><E77/><V24/><F114/><W100/><G65/><T110/><D110/><U26/><E26/><V40/><F132/><N who="1" m="50761" /><E96/><V36/><F67/><W119/><G20/><T122/><D98/><U71/><E7/><V91/><F27/><W12/><G12/><T1/><D1/><U85/><E85/><V32/><F32/><W15/><G15/><T102/><D102/><U72/><E72/><V106/><F106/><W34/><G34/><T9/><D122/><U95/><E95/><V130/><F130/><W94/><G94/><T105/><D83/><U81/><E81/><V31/><F4/><W121/><G121/><T57/><D105/><U78/><E78/><V52/><F13/><W118/><G118/><T5/><D116/><U89/><E89/><V129/><F129/><W49/><REACH who="3" step="1"/><G119/><REACH who="3" ten="424,241,290,35" step="2"/><T39/><D2/><U3/><E3/><V104/><F104/><W8/><G8/><T19/><D9/><U22/><E22/><V0/><F0/><W73/><AGARI ba="2,1" hai="17,18,42,47,49,54,56,60,73,79,80,92,97,100" machi="73" ten="20,2700,0" yaku="1,1,0,1,7,1,53,0" doraHai="10" doraHaiUra="84" who="3" fromWho="3" sc="424,-9,241,-9,290,-15,35,43" /><INIT seed="7,0,0,1,2,125" ten="415,232,275,78" oya="3" hai0="122,120,0,22,41,47,99,66,109,33,84,110,54" hai1="65,43,5,75,70,18,46,97,30,17,60,74,95" hai2="85,20,8,102,3,127,49,44,83,56,82,116,101" hai3="91,119,13,108,89,121,14,10,48,59,113,105,21"/><W71/><G119/><T16/><D33/><U90/><E5/><V7/><F116/><W68/><G121/><T26/><D0/><U86/><E30/><V36/><F127/><W29/><G113/><T87/><D66/><U76/><E17/><V92/><F36/><W135/><G105/><T100/><D54/><U55/><E55/><V64/><F83/><W77/><G77/><T132/><D122/><U103/><E76/><V25/><F92/><W24/><G135/><T50/><D132/><U94/><E18/><V42/><F56/><W39/><G39/><AGARI ba="0,0" hai="39,43,46,60,65,70,74,75,86,90,94,95,97,103" machi="39" ten="30,1000,0" yaku="7,1" doraHai="125" who="1" fromWho="3" sc="415,0,232,10,275,0,78,-10" owari="415,51.5,242,-15.8,275,7.5,68,-43.2" /></mjloggm>