<mjloggm ver="2.3"><GO type="169" lobby="0"/><UN n0="%E6%A4%9B%E5%8D%97" n1="%63%68%69%73%73" n2="%E3%81%8B%E3%81%A5%E3%81%8D%EF%BC%B8%EF%BC%A9" n3="%E3%83%8A%E3%82%B9%E3%83%9C%E3%82%A6" dan="16,17,18,16" rate="2136.41,2193.57,2188.39,2032.01" sx="F,M,M,M"/><TAIKYOKU oya="0"/><INIT seed="0,0,0,4,2,47" ten="250,250,250,250" oya="0" hai0="35,113,62,10,98,103,72,20,68,118,78,43,69" hai1="104,52,27,59,74,116,126,86,65,114,60,89,70" hai2="29,32,8,41,36,55,5,121,134,84,85,17,71" hai3="101,56,25,49,130,44,22,82,13,37,100,38,124"/><T9/><D113/><U93/><E116/><V106/><F121/><W30/><G124/><T96/><D118/><U18/><E114/><V58/><F106/><W50/><G130/><T92/><D35/><U94/><E104/><V128/><F71/><W90/><G38/><T107/><D43/><U97/><E74/><V133/><F17/><W53/><G37/><T48/><D20/><U87/><E126/><V109/><F109/><W119/><G119/><T127/><D62/><U12/><E27/><N who="2" m="18495" /><F41/><W111/><G111/><T40/><D127/><U64/><E70/><V33/><F33/><W24/><G24/><T79/><D69/><U15/><E15/><N who="2" m="5519" /><F36/><W132/><G13/><T28/><D28/><U7/><E7/><V115/><F128/><W99/><G132/><N who="2" m="50793" /><F115/><W80/><G80/><T123/><D68/><U21/><REACH who="1" step="1"/><E87/><REACH who="1" ten="250,240,250,250" step="2"/><V51/><AGARI ba="0,1" hai="51,55,58,84,85" m="50793,5519,18495" machi="51" ten="30,2000,0" yaku="20,1,52,1" doraHai="47" who="2" fromWho="2" sc="250,-10,240,-5,250,30,250,-5" /><INIT seed="1,0,0,0,5,61" ten="240,235,280,245" oya="1" hai0="28,22,93,11,92,42,99,90,89,54,118,126,101" hai1="85,49,121,73,12,14,74,55,33,130,36,113,100" hai2="32,5,71,59,27,114,110,117,127,62,0,134,66" hai3="51,84,75,96,91,132,38,131,95,1,125,97,120"/><U21/><E33/><V20/><F110/><W25/><G38/><T79/><D126/><U80/><E113/><V15/><F117/><W2/><G125/><T18/><D118/><U45/><E130/><V30/><F134/><W112/><G112/><T24/><D79/><U46/><E121/><V105/><F59/><W58/><G132/><T102/><D42/><U68/><E100/><V41/><F41/><W10/><G75/><T37/><D37/><U53/><E36/><V7/><F127/><W56/><G131/><T69/><D69/><U67/><E73/><V122/><F122/><W47/><G97/><T98/><D54/><U48/><E74/><V31/><F31/><W86/><G86/><T72/><D72/><U64/><E68/><V104/><F114/><W65/><G56/><T111/><D111/><U39/><E39/><V52/><F52/><W135/><G135/><T81/><D81/><U8/><E21/><V123/><F123/><W70/><G10/><T103/><D11/><U35/><E35/><V129/><F129/><W94/><G70/><T119/><D119/><U9/><E85/><V107/><REACH who="2" step="1"/><F0/><REACH who="2" ten="240,235,270,245" step="2"/><W128/><G128/><T77/><D77/><U4/><REACH who="1" step="1"/><E80/><REACH who="1" ten="240,225,270,245" step="2"/><V83/><F83/><W106/><G120/><T63/><D93/><U76/><E76/><V17/><AGARI ba="0,2" hai="5,7,15,17,20,27,30,32,62,66,71,104,105,107" machi="17" ten="40,8000,1" yaku="1,1,0,1,52,1,53,1" doraHai="61" doraHaiUra="60" who="2" fromWho="2" sc="240,-20,225,-40,270,100,245,-20" /><INIT seed="2,0,0,4,4,5" ten="220,185,370,225" oya="2" hai0="12,41,87,105,64,132,81,66,49,101,62,95,25" hai1="125,52,20,75,46,106,109,121,7,113,94,98,57" hai2="77,22,85,93,55,117,16,67,122,89,31,63,128" hai3="21,79,17,72,47,124,43,10,73,134,97,26,42"/><V6/><F117/><W0/><G43/><T120/><D132/><U32/><E32/><V38/><F38/><W110/><G134/><T88/><D120/><U130/><E106/><V107/><F107/><W44/><G44/><T48/><D105/><U126/><E75/><V104/><F104/><W19/><G124/><N who="1" m="47722" /><E113/><V24/><F122/><W36/><G110/><T15/><D41/><U27/><E109/><V51/><F128/><W84/><G97/><T103/><D25/><U33/><E33/><V45/><F77/><W119/><G119/><T135/><D135/><U127/><E46/><V1/><F1/><W90/><G79/><T3/><D3/><U108/><E108/><V56/><REACH who="2" step="1"/><F6/><REACH who="2" ten="220,185,360,225" step="2"/><W29/><G0/><T11/><D103/><N who="1" m="60887" /><E121/><V123/><F123/><W34/><G36/><T9/><D101/><U61/><E130/><V92/><F92/><W58/><G90/><T60/><D95/><U54/><E127/><V23/><F23/><W112/><G34/><T30/><D88/><U118/><E118/><V68/><F68/><W8/><G112/><T102/><D102/><U35/><E7/><V28/><AGARI ba="0,1" hai="16,22,24,28,31,45,51,55,56,63,67,85,89,93" machi="28" ten="30,11700,0" yaku="1,1,0,1,8,1,54,1,53,0" doraHai="5" doraHaiUra="116" who="2" fromWho="2" sc="220,-39,185,-39,360,127,225,-39" /><INIT seed="2,1,0,3,1,91" ten="181,146,487,186" oya="2" hai0="26,45,47,103,23,37,114,124,83,10,95,108,97" hai1="28,63,39,104,11,12,65,73,100,48,80,71,122" hai2="93,115,35,77,68,53,101,13,128,54,33,38,55" hai3="42,2,99,89,134,60,111,15,36,131,75,41,72"/><V119/><F115/><W106/><G111/><T44/><D114/><U87/><E122/><V1/><F1/><W86/><G134/><T121/><D121/><U112/><E39/><V8/><F68/><W130/><G2/><T129/><D108/><U52/><E112/><V96/><F38/><W62/><G15/><T85/><D129/><U74/><E28/><V19/><F119/><W113/><G113/><T64/><D124/><U82/><E100/><V117/><F117/><W51/><G51/><T126/><D126/><U32/><E104/><V40/><F40/><W84/><G89/><T30/><D37/><U94/><E32/><V18/><F128/><W98/><G36/><T88/><D10/><U6/><E82/><V92/><F77/><W67/><G67/><AGARI ba="1,0" hai="23,26,30,44,45,47,64,67,83,85,88,95,97,103" machi="67" ten="40,5200,0" yaku="8,1,52,1,54,1" doraHai="91" who="0" fromWho="3" sc="181,55,146,0,487,0,186,-55" /><INIT seed="3,0,0,4,4,4" ten="236,146,487,131" oya="3" hai0="120,26,126,92,115,19,112,124,71,39,63,130,65" hai1="60,135,73,109,40,21,85,80,88,55,6,48,134" hai2="128,131,24,56,78,104,37,41,22,0,54,100,70" hai3="84,62,11,94,90,2,111,36,23,61,12,8,20"/><W45/><G2/><T17/><D120/><U7/><E73/><V33/><F0/><W43/><G111/><T122/><D122/><U75/><E109/><V99/><F33/><W25/><G23/><T67/><D39/><U113/><E75/><V110/><F110/><W101/><G101/><T32/><D67/><U9/><E113/><N who="0" m="43593" /><D130/><N who="2" m="49706" /><F70/><W81/><G81/><T14/><D92/><U30/><E40/><V87/><F87/><W86/><G84/><T68/><D71/><U3/><E7/><V74/><F74/><W1/><G1/><T121/><D121/><U107/><E107/><V123/><F123/><W28/><REACH who="3" step="1"/><G11/><REACH who="3" ten="236,146,487,121" step="2"/><N who="0" m="6367" /><D32/><U98/><E98/><V83/><F83/><W53/><G53/><T31/><D31/><U5/><E55/><V79/><F22/><AGARI ba="0,1" hai="19,22,26,63,65,68,124,126" m="6367,43593" machi="22" ten="30,2000,0" yaku="11,1,52,1" doraHai="4" who="0" fromWho="2" sc="236,30,146,0,487,-20,121,0" /><INIT seed="4,0,0,0,5,32" ten="266,146,467,121" oya="0" hai0="74,131,70,118,135,66,91,20,85,81,15,46,40" hai1="133,109,9,18,122,72,79,104,120,112,29,62,130" hai2="65,126,2,47,69,17,115,58,99,90,30,96,114" hai3="26,8,1,63,7,0,56,125,128,82,129,75,124"/><T6/><D135/><U84/><E104/><V60/><F126/><N who="3" m="48747" /><G75/><T34/><D34/><U111/><E72/><V33/><F17/><W31/><G63/><T88/><D74/><U134/><E79/><V19/><F19/><W10/><G82/><T24/><D131/><N who="3" m="50249" /><G56/><T50/><D118/><U55/><E84/><V101/><F2/><N who="3" m="1131" /><G7/><T23/><D70/><U83/><E83/><V67/><F58/><W98/><G98/><T45/><D66/><U116/><E130/><V93/><F67/><W27/><G27/><T5/><D46/><U41/><E62/><V51/><F96/><W68/><G68/><T11/><D6/><U102/><E116/><V14/><F69/><W57/><G57/><T44/><D44/><U100/><E18/><V103/><F60/><W105/><G105/><T3/><D3/><U59/><E59/><V89/><F47/><W25/><G25/><T28/><D23/><AGARI ba="0,0" hai="8,10,23,26,31" m="1131,50249,48747" machi="23" ten="40,12000,2" yaku="18,1,19,1,34,2,52,3" doraHai="32" who="3" fromWho="0" sc="266,-120,146,0,467,0,121,120" /><INIT seed="5,0,0,3,1,1" ten="146,146,467,241" oya="1" hai0="76,42,120,12,127,84,37,4,122,25,117,85,119" hai1="82,129,72,132,41,92,8,88,14,75,24,67,131" hai2="89,16,50,46,113,13,23,111,93,9,47,22,33" hai3="107,108,51,30,63,133,44,59,57,130,128,0,118"/><U29/><E67/><V38/><F111/><W45/><G108/><T39/><D127/><U49/><E132/><V27/><F113/><W116/><G107/><T20/><D76/><U18/><E41/><V73/><F73/><W35/><G0/><T64/><D64/><U78/><E49/><V126/><F126/><W65/><G30/><T124/><D124/><U99/><REACH who="1" step="1"/><E75/><REACH who="1" ten="146,136,467,241" step="2"/><V34/><F50/><W98/><G133/><T106/><D42/><U79/><E79/><V28/><F38/><W112/><G51/><T68/><D39/><U40/><E40/><V19/><F47/><W80/><G45/><T56/><D37/><U94/><E94/><V135/><F46/><W17/><G44/><T121/><D106/><U48/><E48/><V83/><F135/><W96/><G65/><T62/><D68/><U86/><E86/><N who="0" m="33385" /><D56/><U91/><E91/><V114/><F93/><W32/><G59/><T21/><D62/><U10/><E10/><V110/><F89/><W3/><G57/><T102/><D102/><U36/><E36/><V134/><F134/><W53/><G63/><T58/><D58/><U95/><E95/><V31/><F83/><W87/><G87/><T66/><D66/><U2/><E2/><V81/><F81/><W109/><G3/><T100/><D100/><U61/><E61/><V69/><F69/><W26/><G80/><T97/><D97/><U52/><E52/><V70/><F70/><W5/><G96/><T105/><D105/><U7/><E7/><V103/><F103/><W123/><G98/><T43/><D43/><U6/><E6/><RYUUKYOKU ba="0,1" sc="146,-10,136,30,467,-10,241,-10" hai1="8,14,18,24,29,72,78,82,88,92,99,129,131" /><INIT seed="5,1,1,2,5,116" ten="136,166,457,231" oya="1" hai0="20,24,106,104,71,111,76,95,2,108,41,1,129" hai1="25,6,91,102,84,72,35,128,120,82,99,105,67" hai2="81,28,49,54,83,75,98,3,8,53,46,57,124" hai3="118,100,101,9,87,103,121,19,34,55,135,86,127"/><U52/><E128/><V39/><F124/><W13/><G34/><T4/><D129/><U45/><E6/><V96/><F75/><W30/><G127/><T122/><D71/><U94/><E67/><V68/><F28/><W73/><G73/><T65/><D65/><U43/><E35/><V47/><F68/><W123/><G30/><T0/><D4/><U114/><E114/><V66/><F3/><W32/><G32/><T14/><D14/><U125/><E125/><V133/><F133/><W112/><G112/><T88/><D76/><N who="1" m="44295" /><E25/><V38/><F38/><W89/><G135/><T107/><D41/><U5/><E5/><V117/><F39/><W40/><G40/><T93/><D122/><U80/><E43/><V48/><F8/><W110/><G87/><T132/><D132/><U92/><E45/><V44/><F66/><W12/><G12/><T77/><D77/><N who="1" m="46095" /><E52/><V90/><F117/><W74/><G55/><T59/><D59/><U29/><E29/><V27/><F27/><W31/><G31/><T130/><D130/><U62/><E62/><V16/><F57/><W60/><G60/><T63/><D63/><U109/><E109/><V78/><F47/><W58/><G110/><T17/><REACH who="0" step="1"/><D95/><REACH who="0" ten="126,166,457,231" step="2"/><N who="1" m="36395" /><E120/><V134/><F46/><W33/><G58/><T131/><D131/><U7/><E7/><V26/><F26/><W56/><G56/><T37/><D37/><U126/><E126/><V22/><F44/><W113/><G123/><T70/><D70/><U85/><E91/><V10/><F90/><W15/><G89/><T42/><D42/><U11/><E11/><RYUUKYOKU ba="1,2" sc="126,15,166,15,457,-15,231,-15" hai0="0,1,2,17,20,24,88,93,104,106,107,108,111" hai1="85,99,102,105" /><INIT seed="5,2,2,1,2,67" ten="141,181,442,216" oya="1" hai0="13,59,0,44,95,41,112,55,61,75,102,98,107" hai1="91,99,111,104,132,85,110,103,47,40,84,81,109" hai2="22,124,46,45,43,86,54,36,48,117,133,113,52" hai3="25,2,123,78,90,64,127,97,17,6,101,60,72"/><U20/><E132/><V105/><F105/><W14/><G127/><T8/><D112/><U122/><E20/><V94/><F117/><W33/><G90/><T83/><D0/><U135/><E135/><V42/><F22/><W79/><G72/><T27/><D107/><U76/><E47/><V39/><F94/><W28/><G97/><T128/><D128/><U34/><E34/><V53/><F86/><W125/><G101/><T62/><D27/><U119/><E40/><N who="2" m="15403" /><F133/><W96/><G96/><T120/><D120/><U37/><E37/><N who="2" m="14411" /><F124/><W130/><G130/><T106/><D106/><U115/><E119/><V74/><F74/><W88/><G88/><T70/><D83/><N who="1" m="47207" /><E115/><V65/><F113/><W9/><G123/><AGARI ba="2,2" hai="81,85,91,99,103,104,109,110,111,122,123" m="47207" machi="123" ten="30,5800,0" yaku="10,1,34,2" doraHai="67" who="1" fromWho="3" sc="141,0,181,84,442,0,216,-64" /><INIT seed="5,3,0,2,3,7" ten="141,265,442,152" oya="1" hai0="23,97,127,14,56,109,2,82,76,104,15,9,121" hai1="87,74,130,37,52,118,75,61,5,16,10,123,51" hai2="80,70,60,67,110,119,20,131,111,71,99,117,43" hai3="116,78,77,59,29,129,57,1,45,103,50,62,73"/><U112/><E118/><V108/><F99/><W17/><G129/><T91/><D127/><U11/><E123/><V54/><F80/><W86/><G1/><T0/><D109/><U21/><E37/><V96/><F96/><W58/><G73/><T92/><D104/><U55/><E130/><V88/><F20/><W72/><G72/><T48/><D121/><U93/><E74/><V125/><F88/><W36/><G29/><T69/><D69/><U100/><E75/><V46/><F125/><W107/><G107/><T114/><D114/><U83/><E5/><V135/><F131/><W33/><G33/><T32/><D32/><U133/><E133/><V98/><F98/><W4/><G4/><T40/><D15/><N who="1" m="9375" /><E93/><V64/><F135/><W79/><G36/><T132/><D23/><U35/><E100/><V30/><F117/><W84/><G116/><T89/><D132/><U85/><E35/><V81/><F119/><W113/><G113/><T124/><D124/><U3/><E3/><V22/><F22/><W39/><G39/><T102/><D0/><U42/><E112/><V24/><F24/><W34/><G34/><T101/><D101/><U27/><E42/><V68/><F111/><W120/><G120/><T134/><D2/><U44/><E27/><V122/><F122/><W19/><G103/><T12/><D134/><U115/><E115/><V18/><F18/><N who="3" m="6667" /><G62/><T26/><D102/><U53/><E61/><V28/><F108/><W47/><G50/><T41/><D48/><U105/><E105/><V25/><F110/><W106/><G106/><T95/><D26/><RYUUKYOKU ba="3,0" sc="141,-10,265,-10,442,-10,152,30" hai3="45,47,57,58,59,77,78,79,84,86" /><INIT seed="6,4,0,2,3,85" ten="131,255,432,182" oya="2" hai0="66,15,13,41,124,88,81,61,19,119,127,76,68" hai1="40,121,51,131,49,97,56,133,60,134,78,27,115" hai2="9,72,108,62,32,126,33,132,95,125,31,63,105" hai3="80,3,109,35,128,43,8,110,98,11,48,112,114"/><V100/><F95/><W1/><G98/><T117/><D76/><U58/><E115/><N who="3" m="44074" /><G80/><T59/><D41/><U130/><E78/><V90/><F72/><W21/><G35/><T53/><D15/><U69/><E27/><V106/><F100/><W25/><G128/><N who="1" m="49194" /><E97/><V96/><F96/><W74/><G74/><T79/><D79/><U65/><E121/><V37/><F37/><W20/><G48/><N who="1" m="18506" /><E40/><V89/><F108/><N who="3" m="41579" /><G43/><T39/><D39/><U2/><E2/><N who="3" m="522" /><G21/><N who="0" m="11503" /><D53/><U24/><E24/><V99/><F132/><AGARI ba="4,0" hai="56,58,60,65,69,132,133,134" m="18506,49194" machi="132" ten="30,7700,0" yaku="20,1,19,1,34,2" doraHai="85" who="1" fromWho="2" sc="131,0,255,89,432,-89,182,0" /><INIT seed="7,0,0,2,3,96" ten="131,344,343,182" oya="3" hai0="55,83,36,77,97,48,70,57,45,119,94,75,35" hai1="89,124,0,46,106,61,51,114,66,118,26,130,6" hai2="32,14,3,28,72,47,18,112,134,62,90,98,17" hai3="84,39,86,115,42,127,58,92,133,13,9,4,60"/><W53/><G115/><T76/><D76/><U80/><E106/><V44/><F72/><W132/><G127/><T29/><D119/><U121/><E121/><V8/><F3/><W41/><G86/><T15/><D70/><U79/><E114/><V85/><F134/><W7/><G7/><T87/><D75/><U16/><E89/><V109/><F109/><W22/><G22/><T33/><D29/><U81/><E130/><V74/><F74/><W73/><G39/><T71/><D71/><U102/><E102/><V69/><F98/><W49/><G73/><T88/><D36/><U31/><E16/><N who="2" m="8263" /><F69/><W63/><G63/><T67/><D67/><U65/><E118/><V105/><F105/><W20/><G20/><T24/><D24/><U43/><E124/><V23/><F32/><W54/><G132/><T122/><D122/><U12/><E0/><V68/><F68/><W50/><G60/><T95/><D45/><N who="2" m="17482" /><F62/><W113/><G133/><T34/><D15/><U27/><E61/><V99/><F99/><W10/><G10/><T52/><D55/><U2/><E2/><V5/><F5/><W19/><G4/><T38/><D38/><U104/><E104/><V126/><F126/><W82/><G113/><T25/><D25/><N who="1" m="9227" /><E31/><V128/><F128/><W21/><G53/><T120/><D120/><U129/><E129/><V131/><F131/><W117/><G13/><T110/><REACH who="0" step="1"/><D95/><REACH who="0" ten="121,344,343,182" step="2"/><U93/><E93/><N who="2" m="54479" /><F112/><W107/><G92/><T64/><D64/><N who="1" m="24683" /><E79/><V108/><F108/><AGARI ba="0,1" hai="33,34,35,48,52,57,77,83,87,88,94,97,108,110" machi="108" ten="40,5200,0" yaku="1,1,54,2,53,0" doraHai="96" doraHaiUra="135" who="0" fromWho="2" sc="121,62,344,0,343,-52,182,0" owari="183,-21.7,344,44.4,291,9.1,182,-31.8" /></mjloggm>