<mjloggm ver="2.3"><GO type="169" lobby="0"/><UN n0="%E3%81%BB%E3%83%BC%E3%82%8A%E3%83%BC" n1="%6B%75%73%73%79" n2="%E3%81%AA%E3%81%AA%E3%81%BF%EF%BC%A0%E5%8F%B2%E7%9A%AE%E8%BB%8D%E5%9B%A3" n3="%4B%4F%52%41%49%40%40%40" dan="17,17,17,17" rate="2250.76,2184.62,2155.01,2167.65" sx="M,M,M,M"/><TAIKYOKU oya="0"/><INIT seed="0,0,0,5,3,57" ten="250,250,250,250" oya="0" hai0="127,35,4,37,22,116,130,51,17,119,10,117,21" hai1="43,26,46,133,63,0,27,3,7,91,111,2,30" hai2="81,53,25,113,72,120,70,104,98,42,44,9,135" hai3="60,19,108,83,103,87,80,118,24,34,125,6,131"/><T28/><D37/><U64/><E111/><V128/><F120/><W114/><G118/><T107/><D107/><U32/><E133/><V50/><F113/><W13/><G114/><T12/><D51/><U89/><E26/><V90/><F135/><W20/><G125/><T97/><D97/><U82/><E7/><V74/><F128/><W15/><G131/><T33/><D130/><U48/><REACH who="1" step="1"/><E82/><REACH who="1" ten="250,240,250,250" step="2"/><V95/><F25/><W86/><G83/><T102/><D127/><U58/><AGARI ba="0,1" hai="0,2,3,27,30,32,43,46,48,58,63,64,89,91" machi="58" ten="30,7900,0" yaku="1,1,2,1,0,1,52,1,53,0" doraHai="57" doraHaiUra="129" who="1" fromWho="1" sc="250,-39,240,89,250,-20,250,-20" /><INIT seed="1,0,0,2,3,129" ten="211,329,230,230" oya="1" hai0="61,15,26,76,60,80,95,81,121,123,108,128,99" hai1="127,104,57,82,27,17,37,40,22,48,78,67,44" hai2="77,102,3,88,130,69,42,16,75,31,41,0,19" hai3="14,63,13,29,9,126,89,51,85,86,49,122,98"/><U113/><E113/><V10/><F130/><W34/><G122/><N who="0" m="46603" /><D128/><U133/><E104/><V12/><F69/><W32/><G98/><T11/><D26/><U35/><E127/><V100/><F31/><W120/><G63/><N who="0" m="24139" /><D76/><U70/><E35/><V115/><F115/><W33/><G120/><T118/><D108/><U117/><E117/><V114/><F114/><W96/><G96/><T55/><D55/><U131/><E131/><V39/><F19/><W62/><G62/><T101/><D118/><U103/><E70/><V53/><F53/><W45/><G29/><T21/><D21/><U87/><E103/><V105/><F102/><W110/><G110/><T50/><D50/><U68/><E68/><V134/><F100/><W7/><G51/><T92/><D95/><U54/><REACH who="1" step="1"/><E67/><REACH who="1" ten="211,319,230,230" step="2"/><V6/><F105/><W56/><G126/><T73/><D73/><U84/><E84/><V4/><F75/><W66/><G85/><T94/><D94/><U125/><E125/><V1/><F77/><W65/><G65/><T18/><AGARI ba="0,1" hai="11,15,18,80,81,92,99,101" m="24139,46603" machi="18" ten="30,1100,0" yaku="13,1" doraHai="129" who="0" fromWho="0" sc="211,21,319,-5,230,-3,230,-3" /><INIT seed="2,0,0,0,3,28" ten="232,314,227,227" oya="2" hai0="41,0,105,59,82,102,94,123,15,49,103,8,67" hai1="126,42,27,56,45,72,95,35,96,19,4,60,87" hai2="80,6,10,20,43,63,97,100,114,93,131,64,70" hai3="79,98,81,110,124,107,74,127,73,29,117,113,13"/><V134/><F114/><W30/><G30/><T46/><D105/><U66/><E72/><V132/><F131/><W32/><G117/><T68/><D0/><U26/><E126/><N who="3" m="48170" /><G13/><T121/><D68/><U119/><E119/><V133/><F43/><W34/><G113/><T85/><D94/><U128/><E128/><V25/><F80/><N who="3" m="45167" /><G29/><T48/><D121/><U12/><E4/><V18/><REACH who="2" step="1"/><F133/><REACH who="2" ten="232,314,217,227" step="2"/><W5/><G110/><T118/><D118/><U78/><E42/><V75/><F75/><W106/><G74/><T1/><D123/><U89/><E45/><V88/><F88/><W37/><G81/><T109/><D109/><U3/><E78/><V40/><F40/><W135/><G135/><T115/><D115/><U65/><E89/><V17/><F17/><W83/><G83/><T22/><D82/><U62/><E19/><V47/><F47/><W108/><G108/><T51/><D46/><U36/><E36/><V55/><F55/><W122/><G122/><T77/><D41/><U50/><E66/><V7/><F7/><W58/><G37/><T57/><D67/><U31/><E65/><V24/><F24/><W52/><G5/><T84/><D77/><U53/><E27/><V125/><F125/><W129/><G129/><T71/><D102/><U16/><E16/><V130/><F130/><W116/><G116/><T76/><D103/><U14/><E53/><V111/><F111/><W2/><G52/><T23/><D76/><U101/><E26/><V69/><F69/><W92/><G2/><AGARI ba="0,1" hai="2,6,10,18,20,25,63,64,70,93,97,100,132,134" machi="2" ten="40,2000,0" yaku="1,1,53,0" doraHai="28" doraHaiUra="39" who="2" fromWho="3" sc="232,0,314,0,217,30,227,-20" /><INIT seed="2,1,0,4,5,130" ten="232,314,247,207" oya="2" hai0="61,54,92,110,74,59,117,14,24,103,73,60,47" hai1="0,68,82,23,90,18,120,22,56,44,113,36,7" hai2="50,10,109,111,52,98,29,126,66,26,108,119,94" hai3="9,49,95,38,33,115,30,97,80,39,102,15,128"/><V112/><F112/><W42/><G128/><T51/><D110/><U125/><E68/><V101/><F119/><W3/><G115/><T53/><D117/><U114/><E125/><V8/><F66/><W31/><G3/><T89/><D103/><U71/><E71/><V84/><F84/><W57/><G33/><T72/><D14/><U99/><E120/><V96/><F96/><W121/><G121/><T118/><D118/><U45/><E56/><N who="2" m="32791" /><F126/><W25/><G80/><T75/><N who="0" m="18432" /><DORA hai="27" /><T17/><D24/><U20/><E18/><V35/><AGARI ba="1,0" hai="8,10,26,29,35,94,98,101,108,109,111" m="32791" machi="35" ten="30,11700,0" yaku="14,1,10,1,52,1,54,1" doraHai="130,27" who="2" fromWho="2" sc="232,-40,314,-40,247,120,207,-40" /><INIT seed="2,2,0,5,5,60" ten="192,274,367,167" oya="2" hai0="78,95,115,96,48,31,34,128,91,13,84,120,56" hai1="119,63,135,15,10,47,130,82,1,121,6,131,76" hai2="122,52,62,55,14,81,99,90,43,51,2,11,86" hai3="23,124,134,102,88,129,108,70,64,22,125,58,49"/><V46/><F122/><W33/><G33/><T116/><D115/><U41/><E119/><V42/><F2/><W32/><G32/><T72/><D120/><U66/><E121/><V44/><F99/><W93/><G108/><T61/><D128/><U110/><E110/><V50/><REACH who="2" step="1"/><F62/><REACH who="2" ten="192,274,357,167" step="2"/><N who="3" m="40215" /><G129/><T105/><D61/><U109/><E109/><V9/><F9/><W112/><G112/><T75/><D96/><U0/><E131/><V87/><F87/><W27/><G125/><T59/><D84/><U20/><E130/><V4/><AGARI ba="2,1" hai="4,11,14,42,43,44,46,50,51,52,55,81,86,90" machi="4" ten="20,18000,2" yaku="1,1,0,1,7,1,9,1,8,1,54,1,53,0" doraHai="60" doraHaiUra="21" who="2" fromWho="2" sc="192,-62,274,-62,357,196,167,-62" /><INIT seed="2,3,0,5,3,58" ten="130,212,553,105" oya="2" hai0="97,46,35,45,31,67,129,131,24,0,115,123,133" hai1="89,82,102,17,118,134,11,103,56,36,95,109,57" hai2="83,41,26,16,76,64,98,110,128,135,61,22,88" hai3="47,52,23,63,14,51,54,107,6,48,2,49,117"/><V21/><F135/><W53/><G107/><T125/><D0/><U94/><E36/><V132/><F132/><W38/><G2/><T116/><D123/><U7/><E134/><V33/><F128/><N who="0" m="49226" /><D115/><U100/><E118/><V18/><F33/><W92/><G117/><T28/><D133/><U85/><E17/><V91/><F41/><W29/><G38/><T73/><D73/><U27/><E27/><V20/><F110/><W65/><G92/><T39/><D116/><U60/><E57/><N who="2" m="36911" /><F98/><W113/><G113/><T111/><D111/><U37/><E37/><V15/><F22/><W30/><G47/><T44/><D125/><U19/><E19/><V32/><F32/><W124/><G124/><T84/><D28/><N who="3" m="10857" /><G65/><T108/><D108/><U101/><N who="1" m="25600" /><DORA hai="104" /><U13/><REACH who="1" step="1"/><E109/><REACH who="1" ten="130,202,553,105" step="2"/><V74/><F26/><W96/><G6/><T25/><D25/><U4/><E4/><V87/><F18/><N who="3" m="10711" /><G96/><T93/><D97/><U112/><E112/><V5/><F5/><W62/><AGARI ba="3,1" hai="48,49,51,52,53,54,62,63" m="10711,10857" machi="62" ten="40,8000,1" yaku="8,1,52,2,54,1" doraHai="58,104" who="3" fromWho="3" sc="130,-23,202,-23,553,-43,105,99" /><INIT seed="3,0,0,0,5,4" ten="107,179,510,204" oya="3" hai0="31,86,15,75,118,132,94,21,51,84,90,14,97" hai1="20,25,37,63,106,55,62,81,124,114,24,71,79" hai2="102,74,40,6,70,108,41,23,8,65,22,95,27" hai3="64,117,42,44,12,110,52,131,130,83,29,5,98"/><W18/><G117/><T116/><D75/><U48/><E114/><V92/><F108/><W93/><G64/><T68/><D68/><U103/><E37/><V7/><F74/><W123/><G123/><T33/><D132/><U13/><E124/><V58/><F70/><W101/><G110/><T126/><D126/><U82/><E103/><V109/><F109/><W56/><G29/><T120/><D33/><U46/><E106/><V85/><F85/><W69/><G5/><T76/><D120/><U43/><E71/><V73/><F73/><W127/><G83/><T50/><D116/><U59/><E63/><N who="2" m="38135" /><F23/><W2/><G2/><T11/><D118/><U91/><E91/><V99/><F95/><W47/><G127/><T19/><D31/><U115/><E115/><V107/><F107/><W53/><G44/><T34/><D34/><U66/><E66/><V45/><F45/><W1/><G1/><T57/><D57/><U38/><E38/><V16/><F6/><W77/><G77/><T113/><D113/><U100/><E100/><V49/><F49/><N who="0" m="18442" /><D76/><U61/><E61/><V39/><F39/><N who="3" m="21983" /><G56/><T60/><D60/><U105/><E105/><V125/><F125/><W111/><G111/><T87/><D87/><N who="1" m="48575" /><E82/><V26/><F26/><W88/><G69/><T80/><D80/><U32/><E32/><V135/><F135/><W35/><G35/><T72/><D72/><U129/><E129/><N who="3" m="49162" /><G101/><T67/><D67/><U122/><E122/><V133/><F133/><W54/><G54/><T0/><D0/><U9/><E20/><AGARI ba="0,0" hai="12,18,20,52,53,88,93,98" m="49162,21983" machi="20" ten="30,5800,0" yaku="19,1,54,2" doraHai="4" who="3" fromWho="1" sc="107,0,179,-58,510,0,204,58" /><INIT seed="3,1,0,2,3,33" ten="107,121,510,262" oya="3" hai0="43,101,99,18,62,112,118,106,94,53,100,8,44" hai1="50,72,92,107,79,35,93,90,111,67,89,120,85" hai2="57,69,26,17,3,1,0,129,30,63,119,83,21" hai3="77,131,102,37,124,105,127,64,86,56,121,96,4"/><W70/><G56/><T130/><D118/><U88/><E35/><V36/><F119/><W80/><G37/><T9/><D130/><U19/><E120/><V73/><F36/><W52/><G52/><T25/><D106/><U114/><E114/><V27/><F69/><W2/><G121/><T28/><D100/><U29/><E29/><V82/><F129/><W7/><G131/><T61/><D112/><U51/><E111/><V15/><F73/><W91/><G7/><T48/><D28/><U34/><E34/><V103/><F103/><W95/><G4/><T49/><D9/><U10/><E67/><V76/><F76/><W104/><G2/><T84/><D84/><U116/><E107/><N who="3" m="41034" /><G64/><T66/><D66/><U22/><E10/><V38/><F38/><W23/><G23/><N who="0" m="13559" /><D8/><U75/><E116/><V58/><F27/><W123/><G70/><T54/><D54/><U98/><E89/><V126/><F58/><AGARI ba="1,0" hai="43,44,48,49,53,58,61,62,94,99,101" m="13559" machi="58" ten="30,1000,0" yaku="8,1" doraHai="33" who="0" fromWho="2" sc="107,13,121,0,510,-13,262,0" /><INIT seed="4,0,0,5,2,70" ten="120,121,497,262" oya="0" hai0="34,0,86,36,78,32,4,75,81,24,66,114,96" hai1="60,51,121,20,92,79,107,111,73,109,97,119,40" hai2="29,2,85,91,104,7,43,74,61,68,102,116,103" hai3="71,11,9,135,63,33,28,58,84,15,98,132,27"/><T54/><D114/><U133/><E107/><V47/><F116/><W62/><G71/><T89/><D66/><U53/><E119/><V8/><F74/><W21/><G63/><T6/><D54/><U19/><E121/><V52/><F29/><W105/><G84/><T18/><D96/><U16/><E133/><N who="3" m="51274" /><G21/><T128/><D128/><U41/><E79/><V14/><F2/><W77/><G77/><T5/><D0/><U101/><E73/><V127/><F127/><W110/><G15/><T115/><D115/><U126/><E126/><V125/><F104/><W93/><G110/><T65/><D65/><U80/><E80/><V120/><F120/><W129/><G105/><T49/><D49/><U130/><E130/><V67/><F125/><W69/><G69/><T113/><D113/><U100/><E19/><V117/><F117/><W13/><G13/><T90/><D36/><U55/><E60/><V12/><F12/><W99/><G99/><T59/><D59/><U123/><E123/><V108/><F108/><W25/><G25/><T38/><D38/><U76/><E76/><V42/><F42/><W106/><G106/><T134/><D134/><U124/><E124/><V44/><F43/><N who="1" m="16457" /><E111/><V46/><REACH who="2" step="1"/><F52/><REACH who="2" ten="120,121,487,262" step="2"/><N who="1" m="20041" /><E51/><V39/><F39/><W37/><G37/><T17/><D75/><U22/><E109/><V83/><AGARI ba="0,1" hai="7,8,14,44,46,47,61,67,68,83,85,91,102,103" machi="83" ten="30,2000,0" yaku="1,1,0,1,53,0" doraHai="70" doraHaiUra="94" who="2" fromWho="2" sc="120,-10,121,-5,487,30,262,-5" /><INIT seed="5,0,0,0,1,64" ten="110,116,517,257" oya="1" hai0="73,132,35,128,72,100,8,93,88,40,90,81,50" hai1="34,31,75,109,69,80,5,65,13,27,112,54,16" hai2="2,127,121,62,134,92,46,45,82,126,36,66,117" hai3="113,115,94,119,37,38,30,24,56,14,123,108,99"/><U131/><E112/><V28/><F2/><W70/><G108/><T110/><D35/><U104/><E104/><V33/><F117/><W10/><G119/><T55/><D110/><U59/><E109/><V63/><F121/><W4/><G123/><T97/><D128/><U52/><E5/><V57/><F134/><W83/><G83/><T101/><D132/><U41/><E41/><V1/><F1/><W26/><G70/><T135/><D135/><U47/><E47/><V42/><F82/><W105/><G56/><T6/><D40/><U98/><E131/><V15/><F15/><W107/><G24/><T7/><D73/><U133/><E98/><V22/><F33/><W18/><G18/><T111/><D72/><U3/><E3/><V87/><F45/><W102/><G38/><T71/><D71/><U106/><E106/><V44/><F44/><W60/><G60/><T32/><D32/><U85/><E75/><V116/><F62/><W103/><G37/><T53/><D111/><U124/><E124/><V43/><F116/><W19/><G19/><T29/><D29/><U96/><E96/><V86/><F42/><W130/><G103/><N who="0" m="39499" /><D8/><N who="1" m="6183" /><E69/><V79/><F28/><W95/><G130/><T122/><D122/><U49/><E133/><V48/><F36/><W129/><G129/><T0/><D0/><U67/><E54/><N who="0" m="20489" /><D50/><U114/><E114/><N who="3" m="43530" /><G107/><T68/><D68/><U25/><E25/><V21/><F126/><W58/><G58/><T20/><D20/><AGARI ba="0,0" hai="4,10,14,20,26,30,94,95,99,102,105" m="43530" machi="20" ten="30,1000,0" yaku="15,1" doraHai="64" who="3" fromWho="0" sc="110,-10,116,0,517,0,257,10" /><INIT seed="6,0,0,2,5,86" ten="100,116,517,267" oya="2" hai0="32,111,107,73,128,135,34,3,37,54,43,39,62" hai1="66,78,22,125,124,134,41,93,101,121,60,65,92" hai2="28,7,48,46,85,44,81,109,108,59,132,42,57" hai3="26,94,38,64,116,110,122,103,80,72,105,55,91"/><V40/><F132/><W89/><G38/><T130/><D107/><U115/><E134/><V13/><F28/><W2/><G2/><T6/><D73/><U30/><E115/><V45/><F108/><W4/><G64/><T51/><D135/><U90/><E121/><V100/><F100/><W8/><G122/><T49/><D111/><U131/><E78/><V74/><F74/><W11/><G116/><T53/><D6/><U84/><E131/><N who="0" m="50217" /><D3/><U16/><E30/><V31/><F31/><W35/><G103/><T126/><D126/><N who="1" m="48747" /><E41/><V104/><F104/><W129/><G26/><T75/><D75/><U58/><E101/><V47/><F109/><W123/><G35/><N who="0" m="13355" /><D43/><U24/><E93/><V70/><F70/><W71/><G94/><T18/><D18/><U10/><E10/><N who="2" m="4319" /><F42/><W133/><G105/><T56/><D62/><U97/><E65/><V117/><F117/><W25/><G72/><T29/><D29/><U112/><E112/><V61/><F61/><W36/><G133/><T76/><D76/><AGARI ba="0,0" hai="40,44,45,46,47,48,57,59,76,81,85" m="4319" machi="76" ten="30,2900,0" yaku="25,1,8,1" doraHai="86" who="2" fromWho="0" sc="100,-29,116,0,517,29,267,0" /><INIT seed="6,1,0,4,3,108" ten="71,116,546,267" oya="2" hai0="106,30,34,26,111,10,53,128,20,115,120,27,134" hai1="17,58,74,98,52,5,89,42,87,129,92,86,79" hai2="117,94,85,56,38,104,50,125,63,37,82,77,48" hai3="21,64,3,12,11,22,28,36,23,113,25,91,54"/><V66/><F117/><W110/><G36/><T9/><D106/><U4/><E129/><V35/><F104/><W62/><G110/><T70/><D70/><U6/><E42/><V68/><F35/><W122/><G122/><T103/><D103/><U75/><E75/><V119/><F119/><W101/><G3/><T19/><D53/><U14/><E74/><V127/><F94/><W44/><G113/><T39/><D39/><U32/><E32/><V135/><F135/><W78/><G78/><T41/><D41/><U105/><E105/><V18/><F18/><W24/><G101/><T46/><D46/><U7/><N who="1" m="1024" /><DORA hai="59" /><U16/><E79/><V100/><F100/><W97/><G91/><T132/><D111/><U90/><E14/><V31/><F31/><W102/><G54/><T55/><D55/><U123/><E123/><V95/><F95/><W84/><G84/><N who="1" m="32298" /><E89/><V133/><F133/><N who="0" m="51306" /><D120/><U2/><E2/><V96/><F96/><W13/><G12/><T80/><D80/><U45/><E45/><V72/><F72/><W124/><G13/><T73/><D73/><U99/><E99/><V114/><F38/><W33/><G97/><T88/><D88/><U112/><E112/><V57/><F114/><W1/><G102/><T61/><D115/><U121/><E121/><V93/><F37/><W126/><G44/><T69/><D128/><U15/><E15/><V131/><F131/><W47/><G47/><T118/><D118/><U60/><AGARI ba="1,0" hai="16,17,52,58,60,90,92,98" m="32298,1024" machi="60" ten="40,8000,1" yaku="8,1,52,1,54,2" doraHai="108,59" who="1" fromWho="1" sc="71,-21,116,83,546,-41,267,-21" /><INIT seed="7,0,0,2,3,61" ten="50,199,505,246" oya="3" hai0="87,14,110,98,122,94,76,56,38,7,67,53,68" hai1="59,20,26,36,78,85,21,134,127,72,112,51,49" hai2="73,83,90,40,65,104,64,135,115,31,43,92,128" hai3="8,111,109,117,116,1,91,71,27,45,79,44,95"/><W97/><G71/><T41/><D110/><N who="3" m="41993" /><G27/><T4/><D122/><U96/><E36/><V75/><F135/><W118/><G8/><T93/><D76/><U101/><E72/><V89/><F128/><W121/><G1/><T55/><D55/><U5/><E134/><V120/><F120/><W74/><G44/><T125/><D125/><U82/><E127/><V57/><F31/><W2/><G45/><T37/><D37/><U107/><E112/><V126/><F126/><W52/><G52/><T47/><D87/><U63/><E5/><V84/><F115/><W58/><G58/><T99/><D93/><U81/><E81/><V62/><F43/><W86/><G2/><T13/><D4/><U42/><E42/><V70/><F40/><W113/><G113/><T124/><D124/><U50/><E26/><V133/><F133/><W102/><G121/><T123/><D123/><U132/><E132/><V35/><F35/><W54/><G54/><T25/><D25/><U69/><E69/><V114/><F114/><W34/><G34/><T15/><D7/><U119/><E119/><V33/><F33/><W39/><G39/><T22/><D22/><U10/><E10/><V17/><F17/><W24/><G24/><T23/><D23/><U105/><E105/><V3/><F3/><W129/><G118/><T80/><D80/><U16/><E16/><V108/><F108/><W6/><G6/><T77/><D77/><U19/><E19/><V66/><F70/><W0/><G117/><T29/><D29/><U48/><N who="1" m="12288" /><DORA hai="103" /><U32/><E32/><V88/><F57/><RYUUKYOKU ba="0,0" sc="50,-10,199,30,505,-10,246,-10" hai1="20,21,59,63,78,82,85,96,101,107" owari="40,-46.0,229,-17.1,495,59.5,236,3.6" /></mjloggm>