<mjloggm ver="2.3"><GO type="169" lobby="0"/><UN n0="%E7%A9%B4%E7%8C%AB" n1="%61%63%74%79" n2="%E3%82%86%E3%81%86%E3%82%8C%E3%81%84%E3%81%84%E3%81%8B" n3="%32%30%31%33%36%31%32" dan="16,16,17,17" rate="2110.51,2018.35,2209.90,2212.36" sx="M,M,M,M"/><TAIKYOKU oya="0"/><INIT seed="0,0,0,3,4,68" ten="250,250,250,250" oya="0" hai0="35,93,52,46,102,64,91,51,56,129,50,48,44" hai1="63,69,20,118,135,8,76,1,116,108,110,131,89" hai2="95,86,3,57,90,121,72,109,117,7,28,82,120" hai3="77,40,17,125,60,47,99,65,5,123,0,71,34"/><T13/><D35/><U113/><E76/><V54/><F28/><W134/><G125/><T97/><D129/><U10/><E89/><V19/><F109/><N who="1" m="42089" /><E63/><V96/><F117/><N who="1" m="45161" /><E69/><V124/><F124/><W45/><G134/><T23/><D64/><U14/><E135/><V133/><F133/><W100/><G123/><T58/><D102/><U70/><E70/><V119/><F119/><W55/><G34/><T67/><D67/><U122/><E131/><V126/><F126/><W111/><G77/><T87/><D97/><U88/><E88/><V26/><F7/><W11/><G111/><T15/><D23/><U18/><E122/><V79/><F3/><W27/><G55/><N who="0" m="30087" /><D56/><U112/><E1/><V78/><F78/><W62/><G62/><T66/><D66/><U2/><E2/><V42/><F72/><W16/><G47/><T21/><D21/><U83/><E83/><V130/><F130/><W115/><G99/><T98/><D98/><U31/><E31/><V38/><F38/><W128/><G100/><T94/><D93/><U75/><E75/><V24/><F42/><AGARI ba="0,0" hai="13,15,42,46,50,51,52,58,87,91,94" m="30087" machi="42" ten="30,2900,0" yaku="8,1,54,1" doraHai="68" who="0" fromWho="2" sc="250,29,250,0,250,-29,250,0" /><BYE who="1" /><INIT seed="0,1,0,1,4,93" ten="279,250,221,250" oya="0" hai0="49,128,1,6,33,98,80,81,117,109,78,74,87" hai1="5,61,126,32,102,113,62,60,2,67,40,9,89" hai2="50,70,79,42,72,75,116,90,46,52,77,55,24" hai3="14,125,129,26,18,23,27,120,85,97,51,114,58"/><T132/><D33/><UN n1="%61%63%74%79" /><U53/><E32/><V0/><F70/><W84/><G114/><T108/><D117/><U63/><E113/><V15/><F0/><W101/><G125/><T34/><D34/><U12/><E126/><V130/><F130/><W28/><G129/><T69/><D69/><U65/><E40/><V115/><F115/><W11/><G26/><T96/><D128/><U76/><E76/><V16/><F116/><W103/><G103/><T86/><D1/><U30/><E30/><V19/><F90/><W3/><G3/><T124/><D6/><U123/><E123/><V45/><F24/><W54/><REACH who="3" step="1"/><G120/><REACH who="3" ten="279,250,221,240" step="2"/><T111/><D124/><U100/><E2/><V82/><F15/><W110/><G110/><T39/><D39/><U20/><E100/><V21/><F21/><W105/><AGARI ba="1,1" hai="11,14,18,23,27,28,51,54,58,84,85,97,101,105" machi="105" ten="20,5200,0" yaku="1,1,0,1,7,1,52,1,53,0" doraHai="93" doraHaiUra="66" who="3" fromWho="3" sc="279,-27,250,-14,221,-14,240,65" /><INIT seed="1,0,0,0,2,55" ten="252,236,207,305" oya="1" hai0="93,60,57,112,87,102,126,48,109,28,5,92,61" hai1="65,89,47,43,100,78,75,91,82,12,117,50,2" hai2="110,23,76,29,132,86,79,25,118,134,104,114,31" hai3="101,20,45,130,74,119,18,11,34,96,81,73,54"/><U103/><E2/><V14/><F104/><W19/><G34/><T115/><D109/><U106/><E117/><V10/><F118/><W108/><G108/><T98/><D126/><U63/><E12/><V38/><F110/><W94/><G130/><T125/><D125/><U0/><E0/><V39/><F86/><W68/><G68/><T42/><D5/><U122/><E122/><V30/><F79/><W49/><G18/><T33/><D33/><U99/><REACH who="1" step="1"/><E103/><REACH who="1" ten="252,226,207,305" step="2"/><V52/><F114/><W1/><G119/><T113/><D113/><U83/><E83/><V17/><F132/><W4/><G81/><T46/><D112/><U128/><E128/><V116/><F134/><W123/><G123/><T21/><D115/><U121/><E121/><V129/><F116/><W3/><G1/><T135/><D135/><U131/><E131/><V41/><F129/><W64/><G64/><T67/><D67/><U27/><E27/><AGARI ba="0,1" hai="3,4,11,19,20,27,45,49,54,73,74,94,96,101" machi="27" ten="30,1000,0" yaku="7,1" doraHai="55" who="3" fromWho="1" sc="252,0,226,-10,207,0,305,20" /><INIT seed="2,0,0,0,3,21" ten="252,216,207,325" oya="2" hai0="47,115,0,82,128,119,67,56,79,102,42,116,110" hai1="105,48,62,112,4,12,106,63,68,70,81,101,107" hai2="80,24,7,20,73,10,45,53,19,89,8,32,1" hai3="108,97,64,93,65,49,9,134,125,76,104,15,111"/><V46/><F32/><W126/><G104/><T75/><D115/><U83/><E112/><V132/><F132/><W96/><G76/><T90/><D102/><U39/><E101/><V130/><F130/><W103/><G96/><T27/><D128/><U11/><E39/><V2/><F53/><W66/><G49/><T71/><D56/><U127/><E48/><V86/><REACH who="2" step="1"/><F73/><REACH who="2" ten="252,216,197,325" step="2"/><W59/><G134/><T78/><D75/><U135/><E135/><V13/><F13/><W43/><G43/><T133/><D42/><U114/><E114/><V25/><F25/><W22/><G15/><T85/><D27/><U16/><E127/><V38/><F38/><W100/><G125/><T34/><D34/><U40/><E40/><V61/><F61/><W88/><G126/><T99/><D133/><U52/><E63/><V6/><AGARI ba="0,1" hai="1,2,6,7,8,10,19,20,24,45,46,80,86,89" machi="6" ten="30,11700,0" yaku="1,1,0,1,9,1,52,1,53,0" doraHai="21" doraHaiUra="123" who="2" fromWho="2" sc="252,-39,216,-39,197,127,325,-39" /><INIT seed="2,1,0,2,4,83" ten="213,177,324,286" oya="2" hai0="91,73,8,88,110,119,66,21,47,5,68,115,69" hai1="50,120,111,6,133,60,40,22,55,52,48,43,61" hai2="96,128,89,98,7,4,67,107,62,54,34,41,76" hai3="124,72,35,86,28,84,49,109,37,20,59,126,80"/><V94/><F34/><W105/><G37/><T129/><D115/><U102/><E6/><V101/><F41/><N who="1" m="15945" /><E22/><V118/><F118/><W114/><G35/><T106/><D119/><U10/><E10/><V135/><F128/><W11/><G105/><T113/><D129/><U87/><E102/><V75/><F135/><W24/><G109/><T134/><D110/><U71/><E111/><V100/><F54/><N who="1" m="20521" /><E87/><N who="3" m="33322" /><G114/><T108/><D134/><U123/><E133/><V2/><F101/><W27/><G59/><T31/><D108/><U65/><E61/><V19/><F19/><W90/><G90/><T116/><D116/><U18/><E18/><V93/><F2/><W23/><G11/><T30/><D113/><U97/><E97/><V38/><F107/><W42/><G72/><T104/><D73/><U13/><E13/><V9/><F9/><W33/><G24/><T58/><D8/><U25/><E25/><V74/><F74/><W36/><G36/><T79/><D88/><U132/><E132/><V99/><F38/><W12/><G12/><T29/><D91/><U3/><E3/><V122/><F99/><W131/><G131/><T17/><D104/><U44/><E44/><V130/><F130/><W82/><G20/><T45/><D21/><U15/><E15/><V57/><F7/><W53/><G23/><T56/><D5/><U127/><E127/><N who="3" m="48682" /><G42/><T95/><D106/><U112/><E112/><V103/><F4/><W39/><G39/><T46/><D46/><U70/><E70/><V51/><F89/><W0/><G0/><T26/><D68/><U121/><AGARI ba="1,0" hai="48,50,60,65,71,120,121,123" m="20521,15945" machi="121" ten="40,8000,1" yaku="5,1,13,1,34,2,54,1" doraHai="83" who="1" fromWho="1" sc="213,-21,177,83,324,-41,286,-21" /><INIT seed="3,0,0,1,2,5" ten="192,260,283,265" oya="3" hai0="53,91,20,87,60,51,97,29,25,30,130,4,112" hai1="1,122,27,115,84,32,46,109,121,71,75,107,108" hai2="17,23,59,124,85,38,26,70,104,120,42,65,86" hai3="41,67,49,123,44,8,14,82,3,31,134,119,69"/><W47/><G119/><T101/><D130/><U88/><E71/><V114/><F114/><W127/><G123/><N who="1" m="47114" /><E1/><V102/><F120/><W52/><G127/><T18/><D112/><U15/><E46/><V13/><F124/><W103/><G134/><T105/><D60/><U61/><E61/><V99/><F70/><W24/><G3/><T83/><REACH who="0" step="1"/><D4/><REACH who="0" ten="182,260,283,265" step="2"/><U106/><E115/><V98/><F65/><W6/><G67/><T16/><D16/><U33/><E32/><V55/><F17/><W54/><G69/><T77/><D77/><U113/><E33/><V35/><F35/><W73/><G103/><T64/><D64/><U22/><E113/><V94/><F102/><W93/><G93/><T76/><D76/><U58/><E106/><V135/><F94/><W50/><G31/><T118/><D118/><U9/><E107/><V19/><F104/><W56/><G6/><T96/><D96/><U45/><E108/><V131/><F99/><W74/><G82/><T11/><D11/><U95/><E9/><N who="2" m="6575" /><F98/><W12/><G8/><T128/><D128/><U21/><E109/><V0/><F131/><W40/><G24/><T90/><D90/><U117/><E88/><V10/><F10/><W28/><G28/><T34/><D34/><U129/><E27/><V79/><F79/><W7/><G7/><T2/><D2/><U63/><E95/><V100/><F100/><W43/><G43/><T72/><D72/><U48/><E129/><V116/><F116/><W89/><G89/><T81/><D81/><U37/><E117/><V133/><F0/><W62/><G62/><RYUUKYOKU ba="0,1" sc="182,15,260,-15,283,-15,265,15" hai0="18,20,25,29,30,51,53,83,87,91,97,101,105" hai3="12,14,40,41,44,47,49,50,52,54,56,73,74" /><INIT seed="3,1,1,4,1,39" ten="197,245,268,280" oya="3" hai0="22,120,99,56,20,66,55,57,114,100,4,59,112" hai1="15,101,89,28,115,10,61,84,78,113,134,124,83" hai2="33,125,95,40,109,135,9,52,46,130,104,92,43" hai3="3,80,122,94,24,88,133,64,6,35,45,117,90"/><W41/><G117/><T96/><D120/><U44/><E124/><V87/><F104/><W42/><G122/><T106/><D4/><U62/><E134/><V32/><F135/><W37/><G133/><T85/><D85/><U34/><E101/><V25/><F125/><W129/><G129/><T79/><D79/><U11/><E11/><V86/><F130/><W127/><G127/><T68/><D55/><U67/><E28/><V111/><F9/><W2/><G64/><T58/><N who="0" m="14336" /><DORA hai="126" /><T118/><D118/><U75/><E34/><V71/><F71/><W123/><G6/><T7/><D7/><U74/><E75/><V8/><F8/><W93/><G80/><T50/><D50/><U13/><E13/><V70/><F70/><W27/><G45/><T5/><D5/><U81/><E67/><V30/><F52/><W108/><G37/><T102/><D66/><U23/><E23/><V29/><F25/><W72/><G123/><T76/><D76/><U54/><E113/><N who="0" m="43625" /><D68/><U119/><E119/><V1/><F46/><W51/><G51/><T97/><D106/><U131/><E115/><V60/><REACH who="2" step="1"/><F1/><REACH who="2" ten="197,245,258,280" step="2"/><W18/><G2/><T17/><D20/><U53/><E54/><V128/><F128/><W69/><G3/><T19/><D19/><N who="1" m="8695" /><E131/><V0/><F0/><W63/><G69/><T12/><AGARI ba="1,2" hai="12,17,22,96,97,99,100,102" m="43625,14336" machi="12" ten="50,1600,0" yaku="11,1" doraHai="39,126" who="0" fromWho="0" sc="197,39,245,-5,258,-5,280,-9" /><INIT seed="4,0,0,2,2,118" ten="236,240,253,271" oya="0" hai0="15,14,61,97,9,99,40,132,13,135,32,26,16" hai1="64,128,72,11,109,50,106,7,0,59,73,18,41" hai2="114,82,89,117,35,23,75,38,134,111,34,126,4" hai3="60,24,107,49,133,30,76,94,69,55,66,68,112"/><T12/><D40/><U81/><E109/><V20/><F89/><W1/><G1/><T46/><D46/><U70/><E70/><V83/><F4/><W100/><G68/><T124/><D61/><U116/><E116/><V115/><F111/><W28/><G28/><N who="0" m="19479" /><D99/><U10/><E106/><V53/><F117/><W123/><G94/><T43/><D43/><U54/><E64/><V121/><F134/><N who="0" m="51242" /><D97/><U85/><E41/><V57/><F126/><AGARI ba="0,0" hai="9,12,13,14,15,16,124,126" m="51242,19479" machi="126" ten="40,12000,1" yaku="20,1,34,2,54,1" doraHai="118" who="0" fromWho="2" sc="236,120,240,0,253,-120,271,0" /><INIT seed="4,1,0,1,3,18" ten="356,240,133,271" oya="0" hai0="0,132,103,8,126,55,54,124,134,98,28,78,112" hai1="86,71,10,64,92,43,53,72,133,47,21,26,59" hai2="91,48,88,37,67,115,104,96,73,41,25,1,49" hai3="108,111,45,60,74,69,80,125,32,85,100,24,75"/><T93/><D112/><U11/><E133/><N who="0" m="51305" /><D78/><U29/><E72/><V99/><F1/><W15/><G100/><T7/><D28/><U107/><E107/><V19/><F115/><W30/><G125/><AGARI ba="1,0" hai="0,7,8,54,55,93,98,103,124,125,126" m="51305" machi="125" ten="30,2900,0" yaku="18,1,20,1" doraHai="18" who="0" fromWho="3" sc="356,32,240,0,133,0,271,-32" /><INIT seed="4,2,0,3,5,83" ten="388,240,133,239" oya="0" hai0="10,72,127,78,115,63,134,124,108,37,28,1,27" hai1="29,75,89,103,30,67,47,110,4,114,62,130,91" hai2="77,117,125,6,88,101,7,102,42,99,45,24,38" hai3="17,12,71,107,128,5,26,16,100,23,2,95,109"/><T41/><D115/><U135/><E110/><V65/><F125/><N who="0" m="48202" /><D108/><U84/><E75/><V52/><F65/><W51/><G107/><T113/><D113/><U132/><E114/><V87/><F77/><W120/><G128/><T53/><D134/><N who="1" m="51243" /><E130/><V118/><F24/><W18/><G71/><T121/><D121/><U111/><E111/><V54/><F7/><W13/><G120/><T119/><D119/><N who="2" m="45578" /><F6/><W69/><G69/><T122/><D122/><U94/><E4/><V39/><F39/><W81/><G2/><T73/><D1/><U129/><E129/><V25/><F25/><W104/><G104/><T116/><D10/><U112/><E112/><V106/><F102/><W56/><G100/><T59/><D116/><U36/><E103/><V76/><F76/><W105/><G105/><T22/><D78/><U32/><E32/><V96/><F96/><W35/><G35/><T64/><D64/><U34/><E34/><V66/><F66/><W57/><G109/><T49/><D37/><U9/><E9/><V43/><F43/><W8/><G8/><T21/><D22/><U55/><E91/><V70/><F70/><W131/><G23/><T14/><D14/><U97/><E97/><V123/><F123/><W15/><G5/><T93/><D93/><AGARI ba="2,0" hai="38,42,45,52,54,87,88,93,99,101,106" m="45578" machi="93" ten="30,7700,0" yaku="12,1,52,1,54,2" doraHai="83" who="2" fromWho="0" sc="388,-83,240,0,133,83,239,0" /><INIT seed="5,0,0,2,5,78" ten="305,240,216,239" oya="1" hai0="37,114,86,129,22,29,92,28,97,106,123,91,102" hai1="16,26,132,104,9,60,56,11,1,5,19,18,98" hai2="41,70,135,42,131,43,15,80,20,67,72,95,2" hai3="58,128,12,115,85,49,116,63,83,66,79,64,133"/><U113/><E113/><V44/><F2/><W38/><G115/><T51/><D37/><U119/><E119/><V61/><F131/><W14/><G38/><T74/><D129/><U88/><E132/><V127/><F135/><W73/><G128/><T108/><D108/><U103/><E11/><V120/><F120/><W35/><G133/><T134/><D134/><U110/><E110/><V68/><F127/><W87/><G35/><T99/><D114/><U40/><E40/><V76/><F70/><W27/><G27/><T25/><D123/><U89/><REACH who="1" step="1"/><E26/><REACH who="1" ten="305,230,216,239" step="2"/><V3/><F3/><W125/><G116/><T13/><D13/><U34/><E34/><V81/><F15/><W130/><G130/><T118/><D118/><U30/><E30/><V117/><F117/><W69/><G12/><T33/><D29/><U4/><E4/><V54/><F20/><W48/><G14/><T65/><D33/><U55/><AGARI ba="0,1" hai="1,5,9,16,18,19,55,56,60,88,89,98,103,104" machi="55" ten="30,11700,0" yaku="1,1,0,1,54,2,53,0" doraHai="78" doraHaiUra="10" who="1" fromWho="1" sc="305,-39,230,127,216,-39,239,-39" /><INIT seed="5,1,0,4,2,73" ten="266,357,177,200" oya="1" hai0="16,63,135,80,52,49,106,125,131,126,101,46,4" hai1="134,41,79,99,15,59,96,118,86,132,127,26,44" hai2="68,6,53,117,124,83,29,12,115,55,35,120,64" hai3="74,133,90,51,14,47,62,92,40,0,61,17,10"/><U54/><E118/><V113/><F117/><W121/><G133/><N who="1" m="51306" /><E26/><N who="2" m="18871" /><F120/><W95/><G121/><T67/><D135/><U18/><E127/><N who="0" m="48649" /><D4/><U111/><E111/><V93/><F93/><W88/><G74/><T129/><D101/><U112/><E112/><N who="2" m="43083" /><F124/><W87/><REACH who="3" step="1"/><G0/><REACH who="3" ten="266,357,177,190" step="2"/><T114/><D114/><U48/><E15/><V3/><F3/><W7/><G7/><T105/><D129/><U75/><E75/><V85/><F6/><W89/><G89/><T21/><D131/><U100/><E100/><V70/><F12/><W66/><G66/><T98/><D80/><N who="1" m="47391" /><E18/><V60/><F70/><W76/><G76/><AGARI ba="1,1" hai="53,55,60,64,68,76,83,85" m="43083,18871" machi="76" ten="30,3900,0" yaku="15,1,11,1,52,1" doraHai="73" who="2" fromWho="3" sc="266,0,357,0,177,52,190,-42" /><INIT seed="6,0,0,2,2,95" ten="266,357,229,148" oya="2" hai0="64,121,30,33,116,119,31,59,10,12,127,94,76" hai1="114,70,44,117,28,23,67,115,85,105,132,24,16" hai2="103,120,86,107,29,50,101,134,82,81,2,3,43" hai3="54,25,22,13,48,46,91,69,84,19,128,111,129"/><V99/><F120/><W11/><G111/><T7/><D76/><U71/><E117/><N who="0" m="45129" /><D121/><U80/><E132/><V18/><F134/><W21/><G69/><T78/><D78/><U100/><E44/><V122/><F122/><W113/><G113/><N who="1" m="43018" /><E67/><V124/><F124/><W98/><G98/><T62/><D127/><U74/><E74/><V55/><F29/><N who="0" m="10762" /><D94/><U106/><E28/><V38/><F38/><W49/><G49/><T88/><D88/><N who="1" m="51239" /><E100/><V90/><F103/><W37/><G37/><T92/><D92/><U72/><E72/><V97/><F82/><N who="3" m="49559" /><G25/><T110/><D110/><U83/><E83/><V96/><F101/><W131/><AGARI ba="0,0" hai="11,13,19,21,22,46,48,54,128,129,131" m="49559" machi="131" ten="30,2000,0" yaku="25,1,19,1" doraHai="95" who="3" fromWho="3" sc="266,-5,357,-5,229,-10,148,20" /><INIT seed="7,0,0,0,0,23" ten="261,352,219,168" oya="3" hai0="65,13,15,22,50,113,21,91,60,67,108,35,79" hai1="103,86,116,61,4,83,28,98,30,12,31,25,0" hai2="134,111,2,58,47,64,131,19,130,48,59,135,11" hai3="81,70,54,5,128,124,69,32,57,114,102,56,90"/><W126/><G114/><T33/><D108/><U120/><E0/><V121/><F111/><W53/><G128/><N who="2" m="49193" /><F121/><W123/><G123/><T38/><D38/><U71/><E116/><V9/><F19/><W97/><G5/><T95/><D79/><U96/><E96/><V51/><F51/><N who="3" m="30783" /><G32/><T78/><D78/><U40/><E40/><N who="2" m="24679" /><F64/><W1/><G1/><T37/><D37/><U99/><E99/><V26/><F26/><W89/><G69/><T43/><D113/><U41/><E41/><V39/><F39/><W125/><G70/><T63/><D43/><U119/><E119/><V94/><F94/><N who="3" m="58679" /><G81/><T106/><D50/><AGARI ba="0,0" hai="50,54,57,89,90,124,125,126" m="58679,30783" machi="50" ten="30,1500,0" yaku="18,1" doraHai="23" who="3" fromWho="0" sc="261,-15,352,0,219,0,168,15" /><INIT seed="7,1,0,4,0,18" ten="246,352,219,183" oya="3" hai0="20,45,117,87,35,44,39,67,42,15,33,38,49" hai1="78,73,12,2,90,127,83,134,60,74,40,13,16" hai2="29,70,11,77,69,75,27,23,31,14,47,102,80" hai3="132,107,121,91,61,81,84,92,128,95,93,26,6"/><W113/><G121/><T1/><D1/><U10/><E2/><V54/><F102/><W120/><G120/><T98/><D117/><U109/><E109/><V89/><F31/><W106/><G6/><T86/><D67/><U103/><E103/><V58/><F89/><W125/><G113/><T22/><D98/><U9/><E40/><V104/><F47/><W85/><G125/><T55/><D15/><U101/><E101/><V122/><F104/><W17/><G128/><T82/><D39/><U48/><E48/><V105/><F105/><W46/><G132/><T28/><D86/><U7/><E134/><V34/><F34/><W57/><G46/><T59/><D59/><U115/><E115/><V130/><F130/><W116/><G116/><T68/><D68/><U32/><E32/><V97/><F97/><W100/><G100/><T118/><D118/><U79/><E90/><V133/><F122/><W64/><REACH who="3" step="1"/><G85/><REACH who="3" ten="246,352,219,173" step="2"/><T43/><D43/><U62/><E127/><V53/><F133/><W51/><G51/><T52/><D42/><U25/><E73/><V99/><F75/><W65/><G65/><T94/><D49/><U129/><E129/><V112/><F112/><W88/><G88/><T56/><D87/><U126/><E126/><V108/><F108/><W4/><G4/><T131/><D131/><U76/><E78/><V96/><F77/><W119/><G119/><T5/><D5/><N who="1" m="3119" /><E76/><V66/><F66/><W71/><G71/><N who="2" m="27145" /><F58/><W63/><G63/><T135/><D56/><U36/><E36/><V123/><F123/><W72/><G72/><T30/><D135/><RYUUKYOKU ba="1,1" sc="246,-15,352,15,219,-15,173,15" hai1="7,10,13,16,25,60,62,74,79,83" hai3="17,26,57,61,64,81,84,91,92,93,95,106,107" /><INIT seed="7,2,1,1,2,102" ten="231,367,204,188" oya="3" hai0="35,97,105,82,76,2,131,113,132,70,42,40,20" hai1="39,31,46,60,89,99,127,14,72,36,54,128,112" hai2="109,15,101,108,26,28,73,68,48,37,11,29,19" hai3="95,78,59,12,50,6,17,7,22,56,53,94,63"/><W122/><G122/><T57/><D70/><U91/><E72/><V41/><F37/><W83/><G95/><T117/><D35/><U27/><E14/><V34/><F73/><W75/><REACH who="3" step="1"/><G94/><REACH who="3" ten="231,367,204,178" step="2"/><T96/><D117/><U118/><E118/><V32/><F101/><W8/><G8/><T9/><D9/><U3/><E99/><V124/><F11/><W4/><G4/><T84/><D96/><U13/><E3/><V81/><F108/><W80/><G80/><T64/><D2/><U111/><E111/><V1/><F109/><W5/><G5/><T98/><D98/><U38/><E36/><V61/><F1/><W33/><G33/><T23/><D97/><U77/><E38/><V90/><F34/><W62/><G62/><T123/><D123/><U133/><E60/><V51/><F61/><W126/><G126/><T71/><D82/><U52/><E39/><V110/><F110/><W129/><G129/><T43/><D131/><U103/><E127/><V121/><F124/><W87/><G87/><T45/><D84/><U58/><E128/><V18/><F121/><W30/><G30/><T115/><D115/><U119/><E31/><V107/><F32/><W106/><G106/><T24/><D105/><U67/><E112/><V55/><F107/><W25/><G25/><T69/><D24/><U135/><E27/><V49/><F29/><W44/><G44/><T104/><D45/><U120/><E46/><N who="2" m="25679" /><F28/><W85/><G85/><T65/><D104/><U114/><E120/><V21/><F81/><W79/><G79/><T116/><D76/><U47/><E77/><RYUUKYOKU ba="2,2" sc="231,-10,367,-10,204,-10,178,30" hai3="6,7,12,17,22,50,53,56,59,63,75,78,83" /><INIT seed="7,3,2,4,0,42" ten="221,357,194,208" oya="3" hai0="107,104,123,18,88,66,112,22,71,124,101,97,46" hai1="23,74,4,92,108,51,126,40,103,50,43,7,111" hai2="90,69,8,117,128,81,72,58,52,55,26,106,30" hai3="47,35,45,78,39,109,20,129,38,29,114,131,122"/><W28/><G122/><T9/><D123/><U132/><E23/><N who="2" m="15711" /><F117/><W67/><G114/><T83/><D107/><U96/><E92/><V75/><F69/><W134/><G134/><T14/><D112/><U77/><E96/><V6/><F106/><W116/><G35/><T32/><D32/><U127/><E103/><V54/><F75/><W5/><G5/><T110/><D110/><U82/><E82/><V87/><F72/><W19/><G78/><T133/><D133/><U44/><E74/><V119/><F119/><W70/><G109/><T68/><D124/><U41/><E43/><V31/><F31/><N who="3" m="11851" /><G116/><T86/><D66/><U105/><E105/><V94/><F128/><N who="3" m="49227" /><G67/><T57/><D57/><U115/><E77/><V49/><F81/><W13/><G70/><T17/><D46/><AGARI ba="3,2" hai="13,19,20,38,39,45,46,47" m="49227,11851" machi="46" ten="30,11600,0" yaku="19,1,52,3" doraHai="42" who="3" fromWho="0" sc="221,-125,357,0,194,0,208,145" /><INIT seed="7,4,0,1,0,124" ten="96,357,194,353" oya="3" hai0="3,40,20,11,47,71,65,36,83,110,87,81,111" hai1="59,28,96,134,94,77,52,98,67,121,118,22,133" hai2="45,55,25,76,82,70,74,129,103,84,135,10,42" hai3="8,39,38,79,112,130,6,44,89,131,17,48,92"/><W97/><G112/><T33/><D33/><U32/><E32/><V50/><F70/><W23/><G79/><T27/><D81/><U31/><E121/><V58/><F135/><N who="1" m="51721" /><E118/><V120/><F120/><W26/><G38/><T114/><D114/><U1/><E1/><V61/><F103/><W86/><G39/><T43/><D43/><U116/><E116/><V104/><F104/><W88/><G48/><T85/><D85/><U95/><E67/><V24/><F74/><W54/><G54/><T7/><D65/><U119/><E77/><V101/><F101/><W106/><G44/><T73/><D71/><U117/><E117/><V113/><F113/><W15/><REACH who="3" step="1"/><G106/><REACH who="3" ten="96,357,194,343" step="2"/><T122/><D122/><U115/><E115/><V5/><F55/><W100/><G100/><T63/><D63/><N who="1" m="36327" /><E119/><V108/><F45/><W41/><G41/><T105/><D105/><U90/><E22/><V126/><F50/><W14/><G14/><T30/><REACH who="0" step="1"/><D87/><REACH who="0" ten="86,357,194,343" step="2"/><U13/><E13/><V0/><F61/><W127/><G127/><T12/><D12/><U64/><E64/><V109/><F126/><W125/><G125/><T102/><D102/><AGARI ba="4,2" hai="28,31,90,94,95,96,98,102" m="36327,51721" machi="102" ten="30,2000,0" yaku="20,1,54,1" doraHai="124" who="1" fromWho="0" sc="86,-32,357,52,194,0,343,0" owari="54,-44.6,409,50.9,194,-20.6,343,14.3" /></mjloggm>