<mjloggm ver="2.3"><GO type="169" lobby="0"/><UN n0="%E3%81%B3%E3%82%8D%E3%81%B4%E3%82%8D" n1="%E9%9B%A8%E6%9C%88%E3%81%A4%E3%82%86" n2="%E4%B8%80%E7%95%AA%E3%81%84%E3%81%A1%E3%81%B0%E3%82%93" n3="%E3%81%97%E3%82%83%E3%82%93%E3%81%8A%E3%81%98" dan="16,16,16,16" rate="2161.01,2120.33,2101.01,2204.92" sx="M,M,F,F"/><TAIKYOKU oya="0"/><INIT seed="0,0,0,2,3,17" ten="250,250,250,250" oya="0" hai0="32,75,108,23,107,78,6,16,31,49,55,113,72" hai1="132,41,84,19,99,56,116,109,29,30,10,133,86" hai2="15,44,2,43,48,111,91,104,134,13,8,50,39" hai3="3,67,124,70,65,125,58,53,1,97,112,106,122"/><T12/><D113/><U95/><E116/><V79/><F104/><W96/><G112/><T38/><D38/><U120/><E120/><V68/><F68/><W28/><G28/><N who="1" m="10858" /><E56/><V118/><F118/><W66/><G70/><T128/><D107/><U46/><E19/><V100/><F111/><W115/><G115/><T4/><D108/><U80/><E10/><V63/><F100/><W76/><G76/><T52/><D55/><U26/><E26/><V42/><F79/><W92/><G106/><T60/><D60/><U110/><E46/><V25/><F2/><W114/><G114/><T105/><D105/><U61/><E61/><V36/><F63/><N who="3" m="36303" /><G122/><T37/><D37/><U119/><E41/><V90/><F44/><W21/><G21/><T88/><D88/><N who="1" m="51207" /><E86/><V62/><F62/><W74/><G74/><T101/><D101/><N who="1" m="60671" /><E119/><V93/><F8/><W59/><G59/><T85/><D75/><U77/><E77/><V123/><F123/><W33/><G33/><T11/><D72/><U131/><E131/><V0/><F0/><W54/><G54/><T22/><D32/><U24/><E24/><V57/><F25/><W130/><G130/><T121/><D121/><U5/><E5/><N who="0" m="2153" /><D31/><U64/><E64/><V87/><F57/><W129/><G129/><T27/><D27/><U18/><E18/><V45/><F45/><W9/><G97/><T83/><D128/><U47/><E47/><AGARI ba="0,0" hai="11,12,16,22,23,47,49,52,78,83,85" m="2153" machi="47" ten="30,12000,1" yaku="8,1,52,2,54,2" doraHai="17" who="0" fromWho="1" sc="250,120,250,-120,250,0,250,0" /><INIT seed="0,1,0,4,1,32" ten="370,130,250,250" oya="0" hai0="60,98,45,46,70,53,20,44,47,88,76,67,6" hai1="48,18,8,11,108,117,127,72,122,128,133,19,61" hai2="99,125,7,97,65,79,103,92,116,31,131,84,86" hai3="100,58,126,118,26,105,29,91,24,77,25,16,36"/><T81/><D6/><U49/><E61/><V120/><F7/><W113/><G113/><T10/><D10/><U39/><E49/><V17/><F31/><W107/><G36/><T54/><N who="0" m="11264" /><DORA hai="102" /><T41/><D41/><U73/><E48/><V0/><F65/><W89/><G118/><T40/><D40/><U130/><E39/><V121/><F17/><W30/><G77/><T109/><D109/><U64/><E64/><V43/><F43/><W135/><G100/><T21/><D98/><U15/><E108/><V123/><F0/><W94/><G135/><T1/><D1/><U114/><E114/><V28/><F28/><N who="3" m="10859" /><G94/><T59/><D88/><N who="3" m="33865" /><G16/><T106/><D106/><N who="3" m="40457" /><G126/><T12/><D12/><U74/><E15/><V71/><F125/><W124/><G124/><T75/><REACH who="0" step="1"/><D54/><REACH who="0" ten="360,130,250,250" step="2"/><U101/><E127/><V23/><F99/><W2/><G2/><T95/><D95/><U50/><E101/><V104/><F92/><W35/><G35/><T4/><D4/><U13/><E13/><V83/><F104/><W129/><G129/><T132/><D132/><U111/><E133/><V69/><F131/><W62/><G62/><AGARI ba="1,1" hai="20,21,53,59,60,62,67,70,75,76,81" m="11264" machi="62" ten="50,12000,1" yaku="1,1,53,3" doraHai="32,102" doraHaiUra="55,57" who="0" fromWho="3" sc="360,133,130,0,250,0,250,-123" /><INIT seed="0,2,0,3,3,128" ten="493,130,250,127" oya="0" hai0="58,19,52,41,83,123,25,105,74,33,135,24,75" hai1="96,117,97,110,1,132,16,0,92,3,77,112,7" hai2="35,56,30,118,12,113,48,6,23,26,18,49,34" hai3="100,45,53,103,59,84,70,131,47,5,9,15,104"/><T109/><D123/><U14/><E117/><V99/><F118/><W31/><G131/><T40/><D105/><U127/><E110/><V102/><F113/><W68/><G31/><T119/><D119/><U76/><E127/><V44/><F35/><W130/><G130/><T8/><D109/><U55/><E7/><V10/><F56/><W22/><G68/><T50/><D135/><U29/><E29/><V108/><F108/><W57/><G70/><T39/><D39/><U64/><E64/><V106/><REACH who="2" step="1"/><F44/><REACH who="2" ten="493,130,240,127" step="2"/><W4/><G59/><T114/><D114/><U88/><E112/><V81/><F81/><W86/><G45/><T17/><D83/><U51/><E132/><V11/><F11/><W94/><G47/><T98/><D8/><U111/><E111/><V90/><F90/><W78/><G9/><T28/><D33/><U27/><E97/><V20/><F20/><W107/><G22/><T66/><D58/><U89/><E89/><V95/><F95/><W72/><G57/><T82/><D82/><U91/><E96/><V121/><F121/><W43/><G94/><T126/><D126/><U133/><E92/><V122/><F122/><W87/><G107/><T80/><D80/><U60/><E133/><V13/><AGARI ba="2,1" hai="6,10,12,13,18,23,26,30,34,48,49,99,102,106" machi="13" ten="20,2700,0" yaku="1,1,0,1,7,1,53,0" doraHai="128" doraHaiUra="134" who="2" fromWho="2" sc="493,-15,130,-9,240,43,127,-9" /><INIT seed="1,0,0,0,1,131" ten="478,121,283,118" oya="1" hai0="83,22,135,97,126,51,114,47,67,94,132,19,17" hai1="117,45,121,92,74,81,125,27,98,57,25,120,23" hai2="89,46,7,78,55,84,31,5,75,39,53,112,90" hai3="34,66,71,36,44,65,21,37,56,8,85,40,70"/><U2/><E125/><V6/><F112/><W16/><G34/><T69/><D114/><U95/><E2/><V104/><F104/><W100/><G36/><T127/><D83/><U107/><E107/><V77/><F75/><W41/><G41/><N who="0" m="25071" /><D67/><U10/><E117/><V63/><F31/><W18/><G100/><N who="0" m="60471" /><D69/><U38/><E10/><V119/><F119/><W30/><G70/><T1/><D1/><U123/><E57/><N who="2" m="35247" /><F90/><W134/><G71/><T102/><D102/><U64/><E64/><V88/><F89/><W122/><G122/><T60/><D60/><U103/><E92/><N who="2" m="54279" /><F39/><W29/><G65/><T124/><D17/><U80/><E74/><V115/><F115/><W93/><G66/><T129/><D129/><U96/><E96/><V42/><F42/><W116/><G116/><T28/><D28/><U52/><E38/><V24/><F24/><AGARI ba="0,0" hai="19,22,24,124,126,127,132,135" m="60471,25071" machi="24" ten="30,3900,0" yaku="18,1,52,2" doraHai="131" who="0" fromWho="2" sc="478,39,121,0,283,-39,118,0" /><INIT seed="2,0,0,0,3,45" ten="517,121,244,118" oya="2" hai0="132,108,51,33,44,59,112,78,70,71,43,34,123" hai1="69,100,25,129,101,88,64,12,39,4,3,116,93" hai2="49,115,111,67,35,56,131,62,128,31,97,124,91" hai3="65,23,41,109,84,103,114,40,85,104,86,19,79"/><V37/><F115/><W68/><G114/><T38/><D112/><U46/><E116/><V13/><F37/><W90/><G109/><T74/><D123/><U87/><E3/><V32/><F111/><W98/><G79/><T10/><D108/><U24/><E129/><N who="2" m="49739" /><F124/><W54/><G65/><T29/><D132/><U135/><E135/><V127/><F127/><W113/><G68/><T20/><D10/><U94/><E69/><V120/><F120/><W16/><G113/><T75/><D71/><U6/><E64/><V50/><F13/><W119/><G119/><T130/><D70/><U82/><E39/><V60/><F60/><W133/><G133/><T21/><D130/><U105/><E105/><V36/><F36/><W26/><G90/><T42/><D42/><U121/><E121/><V122/><F122/><W73/><G73/><T118/><D118/><U102/><E12/><V92/><F31/><W80/><G80/><T83/><D75/><U107/><E107/><V55/><F49/><W28/><REACH who="3" step="1"/><G54/><REACH who="3" ten="517,121,244,108" step="2"/><T117/><D117/><U66/><E66/><V63/><F67/><W47/><G47/><T95/><D83/><U17/><E46/><V0/><F55/><W30/><G30/><T57/><D78/><U61/><E82/><V27/><F56/><W96/><G96/><T126/><D74/><U81/><E81/><V5/><F97/><W22/><G22/><T72/><D59/><U11/><E88/><V52/><F91/><W77/><G77/><T58/><D72/><U15/><E87/><V9/><F52/><W134/><G134/><T48/><D58/><RYUUKYOKU ba="0,1" sc="517,-10,121,-10,244,-10,108,30" hai3="16,19,23,26,28,40,41,84,85,86,98,103,104" /><INIT seed="3,1,1,3,5,125" ten="507,111,234,138" oya="3" hai0="40,23,15,121,45,41,73,65,127,103,19,131,82" hai1="111,63,27,85,26,81,78,42,105,59,37,72,69" hai2="13,83,52,101,95,1,31,4,3,67,110,43,32" hai3="22,79,2,12,96,120,100,99,28,77,58,50,21"/><W25/><G2/><T34/><D121/><U49/><E105/><V57/><F110/><W55/><G120/><T60/><D127/><U14/><E111/><V71/><F43/><W89/><G89/><T122/><D122/><U92/><E37/><V68/><F32/><W36/><G36/><T86/><D73/><U10/><E69/><V115/><F31/><W94/><REACH who="3" step="1"/><G96/><REACH who="3" ten="507,111,234,128" step="2"/><T66/><D103/><U35/><E35/><V29/><F1/><W56/><G56/><T87/><D34/><U102/><E102/><V130/><F3/><W118/><G118/><T108/><D108/><U39/><E39/><V9/><F101/><W109/><G109/><T126/><D126/><U18/><E92/><V51/><F95/><W8/><G8/><T91/><D91/><U38/><E38/><V113/><F71/><W17/><AGARI ba="1,2" hai="12,17,21,22,25,28,50,55,58,77,79,94,99,100" machi="17" ten="30,11700,0" yaku="1,1,0,1,8,1,53,1" doraHai="125" doraHaiUra="24" who="3" fromWho="3" sc="507,-40,111,-40,234,-40,128,140" /><INIT seed="3,2,0,2,2,55" ten="467,71,194,268" oya="3" hai0="32,113,65,4,9,88,70,124,63,81,0,103,22" hai1="36,26,64,15,117,8,97,44,19,21,3,71,90" hai2="48,123,23,20,86,46,93,129,51,30,79,91,60" hai3="108,87,27,107,73,45,96,122,114,41,16,29,59"/><W78/><G122/><T92/><D32/><U52/><E117/><V84/><F123/><W33/><G114/><T34/><D34/><U7/><E71/><V69/><F129/><W66/><G73/><T47/><D113/><U49/><E64/><V99/><F69/><W37/><G108/><T112/><D112/><U120/><E120/><V25/><F51/><W40/><G40/><T42/><D124/><U28/><E36/><V61/><F20/><W85/><G78/><T76/><D22/><U135/><E135/><V11/><F11/><W118/><G118/><T80/><D103/><U72/><E72/><V105/><F105/><W125/><G125/><T130/><D76/><U131/><E131/><V68/><F68/><W98/><G16/><T115/><D130/><U62/><E62/><N who="2" m="24171" /><F79/><W82/><G107/><T38/><D115/><U1/><REACH who="1" step="1"/><E28/><REACH who="1" ten="467,61,194,268" step="2"/><V58/><F30/><W83/><G66/><T67/><REACH who="0" step="1"/><D67/><REACH who="0" ten="457,61,194,268" step="2"/><U39/><E39/><V74/><F74/><W126/><G37/><T110/><D110/><U53/><E53/><V121/><F121/><W57/><G126/><T109/><D109/><U35/><E35/><V104/><F104/><W100/><G33/><T10/><D10/><U132/><E132/><V77/><F77/><W6/><G29/><T133/><D133/><U5/><E5/><V18/><F23/><W128/><G6/><T127/><D127/><U2/><E2/><V43/><F18/><W17/><G128/><T56/><D56/><U134/><E134/><V31/><F58/><W102/><G17/><T116/><D116/><U89/><E89/><RYUUKYOKU ba="2,2" sc="457,10,61,10,194,10,268,-30" hai0="0,4,9,38,42,47,63,65,70,80,81,88,92" hai1="1,3,7,8,15,19,21,26,44,49,52,90,97" hai2="25,31,43,46,48,84,86,91,93,99" /><INIT seed="4,3,2,2,3,84" ten="467,71,204,238" oya="0" hai0="78,123,63,29,65,22,61,92,127,50,52,42,74" hai1="72,119,109,2,73,133,20,110,69,57,9,66,120" hai2="118,7,83,85,71,134,1,27,32,76,14,128,81" hai3="11,21,126,8,91,117,12,89,10,5,15,49,33"/><T56/><D123/><U26/><E120/><V96/><F128/><W125/><G33/><T105/><D105/><U135/><E57/><V37/><F134/><N who="1" m="51209" /><E66/><V45/><F71/><W34/><G34/><T93/><D127/><N who="3" m="48649" /><G117/><T101/><D42/><U103/><E69/><V68/><F68/><W67/><G67/><T28/><D78/><U35/><E103/><V70/><F70/><W90/><G49/><T25/><D74/><N who="1" m="28779" /><E35/><V43/><F118/><W107/><G107/><T53/><D29/><N who="1" m="17607" /><E119/><V111/><F111/><W102/><G102/><T3/><D101/><U129/><E129/><V82/><F1/><W124/><G124/><T38/><D3/><U23/><E23/><V99/><F32/><W6/><G21/><T16/><D28/><U115/><E115/><V80/><F27/><W131/><G131/><T88/><D65/><U40/><E40/><V0/><F0/><W46/><G46/><N who="0" m="27735" /><D63/><U75/><N who="1" m="28787" /><U106/><DORA hai="122" /><E106/><V112/><F112/><W95/><G95/><T116/><D116/><U54/><E54/><V58/><F58/><W62/><G62/><T55/><D55/><U13/><E2/><V17/><REACH who="2" step="1"/><F7/><AGARI ba="3,2" hai="5,6,7,8,10,11,12,15,89,90,91" m="48649" machi="7" ten="40,12000,2" yaku="28,2,18,1,52,3" doraHai="84,122" who="3" fromWho="2" sc="467,0,71,0,204,-129,238,149" /><AGARI ba="3,0" hai="7,9,13,109,110" m="17607,28787,51209" machi="7" ten="40,5200,0" yaku="20,1,52,2" doraHai="84,122" who="1" fromWho="2" sc="467,0,71,52,75,-52,387,0" /><INIT seed="5,0,0,5,0,111" ten="467,123,23,387" oya="1" hai0="88,98,28,15,46,119,60,40,122,62,100,39,73" hai1="34,75,36,51,84,12,135,113,91,92,130,112,55" hai2="120,106,121,78,47,19,18,37,133,66,108,80,65" hai3="1,2,70,107,63,17,4,125,82,69,64,83,6"/><U102/><E34/><V117/><F108/><W43/><G125/><T3/><D119/><U85/><E36/><V45/><F106/><W57/><G107/><T22/><D3/><U93/><E75/><V99/><F117/><W33/><G33/><T20/><D73/><U110/><E110/><V114/><F99/><W90/><G43/><T131/><D131/><U67/><E67/><N who="2" m="25611" /><F37/><W16/><G64/><T14/><D122/><N who="2" m="47210" /><F133/><W35/><G35/><T23/><D28/><U95/><E130/><V29/><F29/><W54/><G57/><T127/><D127/><U38/><E38/><V128/><F80/><W94/><G63/><T26/><D26/><U41/><E135/><V115/><F78/><W77/><G94/><N who="1" m="36458" /><E102/><V7/><F7/><W27/><G27/><T50/><D100/><U32/><E32/><V104/><F104/><W76/><REACH who="3" step="1"/><G54/><REACH who="3" ten="467,123,23,377" step="2"/><T42/><D42/><U44/><E41/><V124/><F124/><W129/><G129/><T30/><D39/><U126/><E126/><V118/><F128/><W24/><G24/><T97/><D30/><U21/><E95/><V123/><F118/><W49/><G49/><T11/><D62/><U71/><E51/><V52/><N who="2" m="47218" /><V74/><DORA hai="109" /><F52/><W68/><G68/><T58/><D60/><U116/><E71/><V134/><F134/><W5/><G5/><T0/><D58/><U105/><E116/><V13/><F74/><W103/><G103/><T9/><D50/><U79/><E105/><V10/><F19/><W72/><G72/><T87/><D98/><U132/><E55/><V53/><F53/><RYUUKYOKU ba="0,1" sc="467,-15,123,-15,23,15,377,15" hai2="10,13,18,45,47,114,115" hai3="1,2,4,6,16,17,69,70,76,77,82,83,90" /><INIT seed="6,1,1,2,2,53" ten="452,108,38,392" oya="2" hai0="103,130,66,87,121,25,27,44,119,78,122,96,58" hai1="29,75,84,83,82,97,94,88,49,28,129,111,65" hai2="93,69,54,85,48,80,64,13,50,120,30,21,134" hai3="10,34,125,123,113,8,62,14,41,135,57,118,108"/><V51/><F120/><W74/><G108/><T20/><D130/><U45/><E111/><V117/><F117/><W33/><G118/><T24/><D119/><U17/><E65/><V114/><F134/><W73/><G123/><T77/><D121/><U68/><E68/><V71/><F114/><W86/><G41/><T132/><D122/><U109/><E75/><V104/><F104/><W59/><G86/><T19/><D132/><U23/><E129/><V37/><F37/><W116/><G116/><T47/><D58/><N who="3" m="22025" /><G62/><T2/><D2/><U112/><E112/><V3/><F3/><W5/><G14/><N who="0" m="9335" /><D66/><U12/><E109/><V9/><F71/><W99/><G99/><T98/><D87/><U91/><E82/><V100/><F64/><W115/><G135/><T1/><D1/><U61/><E61/><V126/><F69/><W124/><G113/><T95/><D98/><U131/><E131/><V106/><F106/><W0/><G115/><T107/><D107/><U72/><E72/><N who="3" m="27754" /><G10/><T90/><D103/><U26/><E12/><V133/><F133/><W105/><G105/><T16/><D16/><U127/><E17/><N who="2" m="8367" /><F54/><W92/><G92/><T70/><D70/><U15/><E15/><V31/><F21/><W128/><G128/><T4/><D4/><U55/><E23/><V39/><F39/><W18/><G18/><T6/><D6/><U22/><E22/><V7/><F7/><W43/><G43/><T60/><D60/><U38/><E38/><V46/><F93/><W32/><G0/><T42/><D42/><U40/><E40/><V36/><F36/><RYUUKYOKU ba="1,1" sc="452,15,108,-15,38,-15,392,15" hai0="24,25,27,44,47,77,78,90,95,96" hai3="5,8,32,33,34,124,125" /><INIT seed="7,2,1,5,2,92" ten="467,93,23,407" oya="3" hai0="20,117,72,102,54,2,128,59,23,106,86,53,96" hai1="103,40,16,124,129,66,38,29,75,37,101,122,113" hai2="116,95,109,43,111,104,46,26,45,93,69,13,35" hai3="67,50,110,108,114,89,52,19,1,33,49,7,55"/><W11/><G33/><T6/><D117/><U62/><E122/><V81/><F69/><W34/><G34/><T5/><D72/><U44/><E38/><V18/><F104/><W99/><G67/><T48/><D128/><U4/><E75/><V42/><F35/><W65/><G65/><T17/><D2/><U90/><E29/><V131/><F26/><W28/><G28/><T10/><D10/><U15/><E4/><V64/><F64/><W71/><G71/><T32/><D32/><U107/><E107/><V127/><F131/><W88/><G19/><T58/><D86/><U105/><E105/><V41/><F127/><W91/><G114/><T135/><D135/><U97/><E113/><V22/><F116/><W24/><G24/><T3/><D3/><U112/><E124/><V125/><F125/><W25/><G25/><T120/><D120/><U51/><E37/><V60/><F60/><W84/><G84/><T8/><D8/><U133/><E133/><V47/><REACH who="2" step="1"/><F81/><REACH who="2" ten="467,93,13,407" step="2"/><W36/><G36/><T134/><D134/><U73/><E129/><V126/><F126/><W14/><G1/><T74/><D106/><U80/><E112/><V82/><F82/><W39/><G39/><T27/><D27/><U78/><E62/><V68/><F68/><W123/><G123/><T31/><D48/><N who="3" m="18537" /><G99/><T85/><D96/><U0/><E66/><V61/><F61/><W56/><G56/><T21/><D59/><U115/><E115/><V9/><F9/><W118/><G118/><T77/><D58/><U57/><E57/><V94/><AGARI ba="2,2" hai="13,18,22,41,42,43,45,46,47,93,94,95,109,111" machi="94" ten="40,8000,1" yaku="1,1,0,1,29,2,53,0" doraHai="92" doraHaiUra="132" who="2" fromWho="2" sc="467,-22,93,-22,13,106,407,-42" owari="445,54.5,71,-42.9,119,-28.1,365,16.5" /></mjloggm>