<mjloggm ver="2.3"><GO type="169" lobby="0"/><UN n0="%E3%81%91%E3%83%BC%E3%81%9E%E3%81%88" n1="%4D%4A%E3%82%A2%E3%83%B3%E3%82%B0%E3%83%A9%E3%83%BC" n2="%E5%9B%9B%E5%AE%AE%E7%B4%85%E8%BC%9D" n3="%73%73%73%31%39%33%33" dan="17,16,18,16" rate="2150.92,2076.11,2242.74,2136.39" sx="F,M,F,F"/><TAIKYOKU oya="0"/><INIT seed="0,0,0,2,1,133" ten="250,250,250,250" oya="0" hai0="76,23,66,117,2,135,72,112,104,55,49,125,1" hai1="110,101,83,88,99,113,90,32,45,107,97,42,44" hai2="47,26,58,108,68,52,91,64,94,134,111,16,109" hai3="40,35,87,96,78,122,15,46,121,22,41,57,126"/><T69/><D23/><U67/><E113/><V127/><F134/><W103/><G35/><T70/><D66/><U93/><E32/><V81/><F81/><W53/><G78/><T11/><D49/><U30/><E30/><V54/><F68/><W14/><G87/><T19/><D55/><U51/><E110/><V29/><F127/><W60/><G126/><T25/><D25/><U120/><E120/><N who="3" m="46186" /><G22/><T6/><D19/><U37/><E67/><V65/><F47/><W114/><G114/><T38/><D6/><U124/><E124/><V118/><F118/><W12/><G46/><T3/><D70/><U86/><REACH who="1" step="1"/><E45/><REACH who="1" ten="250,240,250,250" step="2"/><V20/><F29/><W89/><G89/><T130/><D76/><U98/><E98/><N who="2" m="57695" /><F54/><W131/><G131/><T48/><D130/><U17/><E17/><V33/><F33/><W21/><G21/><T62/><D125/><U74/><E74/><V129/><F129/><W31/><G31/><T82/><D72/><U77/><E77/><V100/><F100/><W123/><N who="3" m="46194" /><W106/><AGARI ba="0,1" hai="12,14,15,40,41,53,57,60,96,103,106" m="46194" machi="106" ten="50,3200,0" yaku="4,1,13,1" doraHai="133" who="3" fromWho="3" sc="250,-16,240,-8,250,-8,250,42" /><INIT seed="1,0,0,5,5,96" ten="234,232,242,292" oya="1" hai0="123,63,70,110,20,121,4,71,135,62,19,91,113" hai1="58,54,18,120,115,82,104,86,30,126,128,100,0" hai2="39,14,73,34,47,133,42,129,10,77,1,5,60" hai3="119,12,122,90,130,103,57,44,24,114,85,83,132"/><U28/><E120/><N who="0" m="46153" /><D113/><U40/><E115/><V80/><F129/><W117/><G114/><T66/><D110/><U108/><E0/><V7/><F7/><W92/><G130/><T98/><D4/><U112/><E112/><V13/><F133/><W102/><G122/><T109/><D109/><U9/><E128/><V31/><REACH who="2" step="1"/><F60/><REACH who="2" ten="234,232,232,292" step="2"/><W33/><G132/><T81/><D63/><U55/><E108/><V11/><F11/><W118/><G44/><T43/><D62/><U21/><E9/><V16/><F16/><W32/><G57/><T127/><D19/><U59/><E58/><V45/><F45/><W52/><G119/><T22/><D135/><U93/><E59/><V51/><F51/><W95/><G118/><T8/><D8/><U88/><E30/><V124/><F124/><W99/><G117/><T64/><D127/><U50/><E28/><V56/><F56/><W116/><G116/><T26/><D71/><U87/><E126/><V36/><F36/><W27/><G33/><T15/><D70/><U48/><E48/><V125/><F125/><W38/><G32/><T107/><D22/><U105/><E18/><V46/><F46/><W23/><G38/><T53/><D20/><U3/><E21/><V25/><AGARI ba="0,1" hai="1,5,10,13,14,25,31,34,39,42,47,73,77,80" machi="25" ten="30,8000,1" yaku="1,1,0,1,25,2,53,1" doraHai="96" doraHaiUra="74" who="2" fromWho="2" sc="234,-20,232,-40,232,90,292,-20" /><INIT seed="2,0,0,4,5,107" ten="214,192,322,272" oya="2" hai0="85,30,135,50,47,21,88,58,25,66,43,127,69" hai1="4,84,44,2,55,130,87,129,82,56,125,117,3" hai2="132,116,63,9,7,37,98,133,74,46,1,6,23" hai3="32,99,118,40,13,134,22,77,76,62,31,71,35"/><V19/><F116/><W93/><G118/><T36/><D135/><U5/><E117/><V102/><F6/><W119/><G134/><T51/><D127/><U64/><E125/><V94/><F63/><W120/><G120/><T79/><D79/><U101/><E101/><V17/><F17/><W0/><G0/><T16/><D69/><U28/><E28/><V90/><F74/><W100/><G40/><T75/><D75/><U52/><E64/><V111/><F111/><W65/><G35/><T112/><D112/><U38/><E56/><V106/><F46/><W70/><G70/><T27/><D58/><U59/><E59/><V14/><REACH who="2" step="1"/><F37/><REACH who="2" ten="214,192,312,272" step="2"/><W42/><G62/><T131/><D66/><U39/><E44/><V91/><F91/><W81/><G65/><T108/><D108/><U67/><E67/><V12/><F12/><W53/><G13/><T33/><REACH who="0" step="1"/><D131/><REACH who="0" ten="204,192,312,272" step="2"/><U103/><E130/><V113/><F113/><W110/><G119/><T20/><D20/><U115/><E115/><V73/><F73/><W15/><G22/><T104/><D104/><U89/><E129/><V80/><F80/><AGARI ba="0,2" hai="16,21,25,27,30,33,36,43,47,50,51,80,85,88" machi="80" ten="30,7700,0" yaku="1,1,7,1,54,2,53,0" doraHai="107" doraHaiUra="11" who="0" fromWho="2" sc="204,97,192,0,312,-77,272,0" /><INIT seed="3,0,0,5,0,28" ten="301,192,235,272" oya="3" hai0="11,114,3,38,111,108,94,30,5,115,24,42,60" hai1="131,75,134,104,109,10,7,0,107,85,97,26,92" hai2="58,14,2,89,66,118,37,62,44,73,40,88,34" hai3="57,69,43,122,20,91,6,124,128,16,22,59,90"/><W125/><G122/><T102/><D94/><U32/><E75/><V113/><F2/><W100/><G69/><T65/><D102/><U80/><E109/><N who="0" m="42057" /><D42/><U79/><E134/><V9/><F113/><N who="0" m="43018" /><D38/><U78/><E78/><V132/><F118/><W105/><G128/><T35/><D60/><U54/><E131/><V63/><F132/><W68/><G68/><T18/><D65/><U129/><E129/><V117/><F117/><W61/><G43/><T15/><D18/><U106/><E54/><V116/><F116/><W71/><G71/><T72/><D72/><U27/><REACH who="1" step="1"/><E32/><REACH who="1" ten="301,182,235,272" step="2"/><V95/><F34/><W126/><G126/><T70/><D70/><U76/><E76/><V25/><F73/><W4/><G125/><T51/><D51/><U55/><E55/><V110/><F110/><W39/><G124/><T64/><D64/><U19/><E19/><V81/><F66/><W101/><G16/><T133/><D133/><U121/><E121/><V46/><F40/><W49/><G49/><T21/><D35/><U47/><E47/><V36/><F46/><W13/><G39/><T17/><D17/><U45/><E45/><V12/><F44/><W56/><G56/><T82/><D82/><U8/><E8/><V67/><F9/><W119/><G119/><T130/><D130/><U52/><E52/><V23/><F58/><W53/><G53/><T98/><D98/><U127/><E127/><V31/><F67/><W112/><G112/><T50/><D50/><U96/><E96/><N who="2" m="57447" /><F36/><W74/><G74/><T123/><D123/><U41/><E41/><V83/><F37/><RYUUKYOKU ba="0,1" sc="301,15,182,15,235,-15,272,-15" hai0="3,5,11,15,21,24,30" hai1="0,7,10,26,27,79,80,85,92,97,104,106,107" /><INIT seed="4,1,1,2,2,25" ten="316,197,220,257" oya="0" hai0="9,43,49,22,116,83,96,42,84,125,118,135,50" hai1="101,79,77,24,104,27,4,2,103,19,88,59,131" hai2="15,67,56,45,128,114,34,80,52,102,57,69,16" hai3="6,111,30,94,109,108,40,58,122,53,65,17,11"/><T89/><D135/><U92/><E131/><V85/><F128/><W23/><G40/><T113/><D113/><U119/><E119/><V132/><F132/><W134/><G94/><T97/><D125/><U33/><E104/><V54/><F34/><W14/><G65/><T20/><D9/><U112/><E112/><V95/><F114/><W62/><G122/><T117/><D117/><U3/><E59/><N who="2" m="22603" /><F67/><W130/><G130/><T106/><D84/><U36/><E36/><V121/><F69/><W75/><G75/><T13/><D13/><U10/><E2/><V99/><F45/><W44/><G44/><T21/><D21/><U76/><E27/><V46/><F46/><W124/><G124/><T72/><D89/><U1/><E1/><V81/><F81/><W7/><G134/><T8/><D8/><U66/><E66/><V26/><F26/><W120/><G120/><T29/><D83/><U35/><E35/><V47/><F47/><W61/><G61/><T31/><D106/><U48/><E48/><V51/><F51/><W41/><G41/><T107/><D107/><U64/><E64/><V18/><F18/><W38/><G38/><T70/><D72/><U115/><E115/><V5/><F5/><W37/><G37/><T127/><D127/><U129/><E129/><V32/><F32/><W12/><G7/><T86/><D86/><U39/><E39/><V68/><F68/><AGARI ba="1,1" hai="20,22,29,31,42,43,49,50,68,70,96,97,116,118" machi="68" ten="25,9600,0" yaku="22,2,52,2" doraHai="25" who="0" fromWho="2" sc="316,109,197,0,220,-99,257,0" /><INIT seed="4,2,0,0,5,28" ten="425,197,121,257" oya="0" hai0="73,5,75,0,18,84,113,55,31,23,22,20,41" hai1="115,29,94,61,114,8,82,97,54,2,71,11,79" hai2="14,111,121,56,62,125,33,103,134,27,130,13,124" hai3="76,40,15,49,37,90,131,129,32,123,87,48,88"/><T83/><D113/><N who="1" m="43019" /><E2/><V105/><F121/><W57/><G123/><T106/><D106/><U104/><E104/><V52/><F111/><W110/><G110/><T95/><D41/><U93/><E29/><N who="2" m="19647" /><F103/><W80/><G32/><T24/><D23/><U25/><E25/><V36/><F105/><W78/><G37/><T91/><D20/><U50/><E61/><V42/><F134/><W70/><G70/><T98/><D18/><U21/><E21/><V19/><F130/><N who="3" m="49675" /><G15/><T3/><D3/><U59/><E71/><V89/><F89/><W26/><G26/><T126/><D126/><N who="2" m="48746" /><F19/><W16/><G16/><T17/><D31/><U135/><E135/><V117/><F117/><W51/><G40/><T118/><D118/><U92/><E97/><V85/><F85/><AGARI ba="2,0" hai="8,11,50,54,59,79,82,85,92,93,94" m="43019" machi="85" ten="30,2000,0" yaku="15,1,11,1" doraHai="28" who="1" fromWho="2" sc="425,0,197,26,121,-26,257,0" /><INIT seed="5,0,0,2,0,124" ten="425,223,95,257" oya="1" hai0="126,76,9,61,98,44,59,128,64,106,33,38,111" hai1="87,91,129,93,32,131,66,90,6,36,22,110,16" hai2="125,122,34,13,89,21,17,95,118,104,88,120,25" hai3="102,54,70,75,45,52,0,31,60,40,117,73,80"/><U62/><E32/><V92/><F125/><W18/><G117/><T37/><D33/><U30/><E30/><V86/><F104/><W116/><G116/><T7/><D111/><U71/><E36/><V5/><F118/><W48/><G102/><T56/><D98/><U15/><E110/><V85/><REACH who="2" step="1"/><F5/><REACH who="2" ten="425,223,85,257" step="2"/><W121/><G121/><T135/><D106/><U57/><E6/><V107/><F107/><W113/><G113/><T4/><D7/><U49/><E91/><V72/><F72/><W67/><G75/><T68/><D4/><U130/><REACH who="1" step="1"/><E49/><REACH who="1" ten="425,213,85,257" step="2"/><V105/><F105/><W58/><G48/><T101/><D126/><U19/><E19/><V112/><F112/><W12/><G18/><T77/><D38/><U132/><E132/><V20/><F20/><W108/><G108/><T46/><D37/><U35/><E35/><V63/><F63/><W24/><G60/><T103/><D61/><U78/><E78/><V41/><F41/><W134/><G40/><T97/><D135/><U11/><E11/><V14/><F14/><W42/><G12/><T8/><D77/><U115/><E115/><V79/><F79/><W133/><G42/><T43/><D76/><U3/><E3/><V84/><F84/><W55/><G0/><T100/><D43/><U53/><E53/><V1/><F1/><W82/><G134/><T94/><D9/><U99/><E99/><V27/><F27/><W10/><G55/><T114/><D8/><U123/><E123/><V26/><F26/><W50/><G54/><T51/><D114/><U109/><E109/><V96/><F96/><RYUUKYOKU ba="0,2" sc="425,-15,213,15,85,15,257,-15" hai1="15,16,22,57,62,66,71,87,90,93,129,130,131" hai2="13,17,21,25,34,85,86,88,89,92,95,120,122" /><INIT seed="5,1,2,2,2,74" ten="410,228,100,242" oya="1" hai0="10,77,46,127,79,85,33,91,31,1,15,62,102" hai1="88,73,0,18,66,48,81,116,22,126,108,60,47" hai2="5,13,107,82,118,3,63,105,133,109,12,28,93" hai3="104,134,97,70,26,94,64,16,2,54,117,4,14"/><U53/><E116/><V135/><F118/><W98/><G117/><T83/><D127/><U44/><E126/><V132/><F109/><W119/><G119/><T106/><D1/><U30/><E0/><V67/><F28/><W114/><G114/><T78/><D106/><U101/><E101/><V112/><F112/><W19/><G104/><T49/><D102/><U23/><E73/><V35/><F35/><W121/><G2/><T86/><D62/><U56/><E30/><V120/><F120/><W130/><G54/><N who="0" m="30007" /><D33/><U42/><E108/><V57/><F107/><W84/><G84/><N who="0" m="50591" /><D31/><U129/><E129/><V50/><F105/><W115/><G134/><T122/><D122/><U61/><E61/><V80/><F93/><W124/><G130/><T76/><N who="0" m="19456" /><DORA hai="24" /><T17/><AGARI ba="1,2" hai="10,15,17,85,86" m="19456,50591,30007" machi="17" ten="40,12000,2" yaku="4,1,25,1,8,1,52,4" doraHai="74,24" who="0" fromWho="0" sc="410,143,228,-61,100,-31,242,-31" /><INIT seed="6,0,0,3,4,78" ten="553,167,69,211" oya="2" hai0="67,18,36,61,34,33,93,134,114,73,79,115,104" hai1="54,13,86,119,55,123,32,23,59,57,26,95,11" hai2="35,135,21,43,65,40,8,117,7,111,60,63,37" hai3="12,68,2,101,29,127,109,102,87,64,42,99,17"/><V56/><F117/><W133/><G2/><T100/><D93/><U85/><E32/><N who="0" m="12393" /><D18/><U52/><E119/><V41/><F35/><W4/><G109/><T125/><D36/><U1/><E1/><V49/><F111/><W81/><G127/><T116/><D134/><U83/><E123/><V132/><F21/><W69/><G4/><T62/><D62/><U15/><E95/><V82/><F82/><W51/><G29/><T128/><D128/><U96/><E86/><V126/><F126/><W76/><G64/><T80/><D116/><U31/><E96/><V27/><F27/><W84/><G84/><T98/><D125/><U94/><E94/><V14/><F37/><W66/><G66/><T108/><D108/><U88/><E15/><V30/><F30/><W113/><G101/><T20/><D20/><U121/><E121/><V24/><F24/><W122/><G133/><N who="2" m="51273" /><F63/><W124/><G124/><T71/><AGARI ba="0,0" hai="61,67,71,73,79,80,98,100,104,114,115" m="12393" machi="71" ten="30,2000,0" yaku="23,1,52,1" doraHai="78" who="0" fromWho="0" sc="553,20,167,-5,69,-10,211,-5" /><INIT seed="7,0,0,3,0,53" ten="573,162,59,206" oya="3" hai0="124,73,63,43,35,111,40,79,106,82,122,114,30" hai1="104,26,83,57,100,115,121,70,37,102,48,28,99" hai2="76,93,56,72,66,55,3,68,15,60,78,95,132" hai3="19,119,75,34,96,109,134,108,38,11,74,131,107"/><W105/><G19/><T64/><D111/><U29/><E70/><V45/><F3/><W62/><G62/><T23/><D23/><U8/><E37/><V20/><F132/><W120/><G11/><T126/><D122/><U41/><E115/><V49/><F72/><W127/><G96/><T125/><D106/><U5/><E102/><V130/><F130/><W10/><G10/><T24/><D114/><U113/><E121/><V32/><F32/><W94/><G94/><T17/><D17/><U25/><E83/><V112/><F112/><W1/><G75/><T117/><D117/><U58/><E29/><V7/><F7/><W80/><G80/><T89/><D89/><U16/><E26/><V118/><F118/><W4/><G4/><T128/><D128/><U52/><E41/><V9/><F20/><W90/><G90/><T123/><D123/><U14/><E113/><V77/><F68/><AGARI ba="0,0" hai="24,30,35,40,43,63,64,68,73,79,82,124,125,126" machi="68" ten="40,1300,0" yaku="18,1" doraHai="53" who="0" fromWho="2" sc="573,13,162,0,59,-13,206,0" owari="586,68.6,162,-23.8,46,-45.4,206,0.6" /></mjloggm>