<mjloggm ver="2.3"><GO type="169" lobby="0"/><UN n0="%E3%83%A9%E3%83%A0%E3%83%9E%E3%82%B8%E5%A4%A9%E4%BD%BF" n1="%E3%83%90%E3%83%AA%E3%83%88%E3%83%B3" n2="%E6%84%9A%E5%85%84%E3%81%8C%E6%84%9A%E5%BD%A2" n3="%E6%96%B9%E5%86%86%E8%87%AA%E5%9C%A8" dan="17,17,16,17" rate="2186.66,2238.05,2083.49,2194.56" sx="M,M,M,M"/><TAIKYOKU oya="0"/><INIT seed="0,0,0,5,4,44" ten="250,250,250,250" oya="0" hai0="76,8,9,97,14,66,99,4,11,130,131,78,88" hai1="98,111,3,61,121,117,106,52,64,132,114,118,42" hai2="105,69,40,103,19,129,31,53,15,36,47,41,30" hai3="101,48,89,2,128,10,45,17,85,32,24,102,22"/><T104/><D66/><U49/><E3/><V29/><F69/><W120/><G128/><N who="0" m="49195" /><D104/><U39/><E106/><V43/><F129/><W84/><G120/><T87/><D14/><U38/><E98/><N who="0" m="37385" /><D4/><U70/><E121/><V79/><F79/><W6/><G32/><T82/><AGARI ba="0,0" hai="8,9,11,76,78,82,87,88" m="37385,49195" machi="82" ten="40,3900,0" yaku="19,1,54,1" doraHai="44" who="0" fromWho="0" sc="250,39,250,-13,250,-13,250,-13" /><INIT seed="0,1,0,2,2,6" ten="289,237,237,237" oya="0" hai0="58,10,92,131,100,44,47,53,103,134,87,84,20" hai1="124,59,106,42,94,50,15,107,90,127,0,26,75" hai2="104,12,46,93,98,114,51,57,7,133,63,119,113" hai3="117,54,60,28,123,25,85,61,36,66,39,105,80"/><T71/><D71/><U17/><E0/><V78/><F104/><W52/><G117/><T41/><D131/><U110/><E75/><V91/><F133/><W64/><G105/><T21/><D134/><U38/><E38/><V126/><F126/><N who="1" m="48169" /><E26/><V111/><F111/><W40/><G40/><T67/><D67/><U19/><E19/><V88/><F78/><W70/><G123/><T65/><D65/><U13/><E13/><V8/><F119/><W69/><G39/><T96/><D100/><U72/><E72/><V118/><F118/><W23/><REACH who="3" step="1"/><G36/><REACH who="3" ten="289,237,237,227" step="2"/><T121/><D121/><U32/><E110/><V101/><F113/><W35/><G35/><T82/><D41/><U45/><E32/><V79/><F114/><W3/><G3/><T68/><D47/><U132/><E132/><V74/><F74/><W34/><G34/><T56/><D44/><U30/><E45/><V24/><F24/><W2/><G2/><T27/><D68/><U29/><E107/><V62/><F46/><W130/><G130/><T55/><D56/><U5/><E106/><V4/><F57/><W128/><G128/><T16/><D58/><U89/><E42/><V11/><F79/><AGARI ba="1,1" hai="23,25,28,52,54,60,61,64,66,69,70,79,80,85" machi="79" ten="30,7700,0" yaku="1,1,7,1,9,1,54,1,53,0" doraHai="6" doraHaiUra="31" who="3" fromWho="2" sc="289,0,237,0,237,-80,227,90" /><INIT seed="1,0,0,3,4,59" ten="289,237,157,317" oya="1" hai0="31,21,60,65,101,113,20,52,94,30,42,95,50" hai1="27,81,54,104,67,99,72,79,123,37,88,13,22" hai2="133,29,102,109,90,16,118,115,100,84,132,12,24" hai3="92,32,107,19,108,23,85,91,26,134,105,7,83"/><U119/><E119/><V64/><F118/><W130/><G108/><T69/><D113/><U57/><E123/><V89/><F109/><W82/><G130/><T96/><D42/><U15/><E37/><V98/><F115/><W43/><G134/><T127/><D127/><U74/><E67/><V36/><F36/><W125/><G125/><T14/><D95/><U93/><E74/><V47/><F47/><W41/><G32/><T66/><D66/><U28/><REACH who="1" step="1"/><E104/><REACH who="1" ten="289,227,157,317" step="2"/><V73/><F73/><W78/><G107/><T17/><REACH who="0" step="1"/><D21/><REACH who="0" ten="279,227,157,317" step="2"/><U71/><E71/><V44/><F64/><W58/><G105/><T80/><D80/><U11/><E11/><V76/><F132/><W0/><G83/><T129/><D129/><U103/><E103/><V40/><F100/><W5/><G82/><T117/><D117/><U48/><AGARI ba="0,2" hai="13,15,22,27,28,48,54,57,72,79,81,88,93,99" machi="48" ten="20,7800,0" yaku="1,1,0,1,7,1,54,1,53,0" doraHai="59" doraHaiUra="3" who="1" fromWho="1" sc="279,-26,227,98,157,-26,317,-26" /><INIT seed="1,1,0,5,1,106" ten="253,325,131,291" oya="1" hai0="61,97,42,62,12,103,79,16,8,54,15,68,101" hai1="134,83,64,52,20,3,116,43,36,63,109,9,60" hai2="99,30,133,2,115,81,17,92,126,130,88,58,84" hai3="45,87,132,11,95,26,10,32,47,108,78,100,114"/><U41/><E116/><V73/><F2/><W6/><G114/><T104/><D42/><U48/><E134/><V102/><F30/><W117/><G132/><T24/><D24/><U107/><E107/><V105/><F133/><W82/><G108/><T85/><D101/><U80/><E109/><V89/><F115/><W0/><G117/><T14/><D68/><U98/><E98/><N who="2" m="61655" /><F58/><W119/><G119/><T28/><D28/><U39/><E20/><V27/><F17/><W31/><G100/><T57/><REACH who="0" step="1"/><D62/><REACH who="0" ten="243,325,131,291" step="2"/><U1/><E63/><V86/><F27/><W21/><G32/><T34/><D34/><U111/><E43/><V67/><F130/><W70/><G70/><T22/><D22/><U44/><E111/><V93/><F126/><W51/><G51/><T122/><D122/><U118/><E118/><V35/><F35/><W74/><G11/><T110/><D110/><U129/><E129/><V46/><F46/><W125/><G125/><T90/><D90/><U23/><E23/><V49/><F49/><W72/><G47/><T113/><D113/><U4/><E39/><V121/><F121/><W5/><G45/><T37/><D37/><U96/><E36/><V127/><F127/><W56/><G56/><T123/><D123/><U124/><E41/><V66/><F66/><W69/><G69/><T131/><D131/><U76/><E124/><V38/><F67/><W50/><G50/><T94/><D94/><U40/><E40/><V18/><F38/><W71/><G71/><T120/><D120/><U128/><E128/><V19/><F93/><W55/><G95/><RYUUKYOKU ba="1,1" sc="243,30,325,-10,131,-10,291,-10" hai0="8,12,14,15,16,54,57,61,79,85,97,103,104" /><INIT seed="2,2,1,4,3,28" ten="273,315,121,281" oya="2" hai0="94,41,21,57,74,47,66,112,38,51,97,73,109" hai1="90,128,46,54,129,79,15,89,67,119,36,135,59" hai2="2,120,23,127,75,35,117,108,70,122,72,131,98" hai3="116,104,7,16,124,84,130,83,133,85,121,101,40"/><V123/><RYUUKYOKU type="yao9" ba="2,1" sc="273,0,315,0,121,0,281,0" hai2="2,23,35,70,72,75,98,108,117,120,122,123,127,131" /><INIT seed="2,3,1,4,2,113" ten="273,315,121,281" oya="2" hai0="92,44,21,95,7,12,59,16,106,49,26,0,104" hai1="60,109,80,124,18,13,50,52,37,33,96,78,129" hai2="130,97,112,119,48,128,132,6,120,34,91,58,4" hai3="116,22,111,40,36,55,45,71,68,8,79,105,133"/><V41/><F120/><W103/><G116/><T28/><D59/><U93/><E109/><V51/><F112/><W65/><G111/><T29/><D104/><U110/><E110/><V77/><F34/><W84/><G133/><T118/><D106/><U121/><E129/><N who="2" m="49771" /><F77/><W127/><G127/><T9/><D118/><U38/><E124/><V74/><F74/><W63/><G22/><T94/><REACH who="0" step="1"/><D0/><REACH who="0" ten="263,315,121,281" step="2"/><U101/><E121/><V19/><F119/><W117/><G117/><T102/><D102/><U39/><E60/><V90/><F132/><W66/><G103/><T69/><D69/><U3/><E3/><V32/><F32/><W135/><G105/><T114/><D114/><U35/><E35/><V15/><F58/><W2/><G135/><T85/><D85/><U125/><E33/><V126/><F126/><W108/><G108/><T70/><D70/><U76/><E125/><V81/><F97/><W88/><G71/><T87/><D87/><U11/><REACH who="1" step="1"/><E80/><REACH who="1" ten="263,305,121,281" step="2"/><V20/><F81/><N who="3" m="49167" /><G68/><T57/><D57/><AGARI ba="3,3" hai="11,13,18,37,38,39,50,52,57,76,78,93,96,101" machi="57" ten="40,8000,1" yaku="1,1,54,1,53,2" doraHai="113" doraHaiUra="72" who="1" fromWho="0" sc="263,-89,305,119,121,0,281,0" /><INIT seed="3,0,0,1,1,87" ten="174,424,121,281" oya="3" hai0="57,5,80,117,0,123,125,32,77,76,69,135,67" hai1="109,108,39,74,44,14,121,8,116,89,115,129,29" hai2="10,85,23,132,28,27,1,19,120,48,124,70,93" hai3="61,17,130,34,13,82,26,2,24,18,68,3,90"/><W31/><G130/><T102/><D117/><U72/><E121/><V105/><F105/><W58/><G68/><T21/><D123/><U52/><E115/><V7/><F124/><W25/><G82/><T119/><D119/><U118/><E118/><V103/><F132/><W128/><G128/><T95/><D32/><U41/><E29/><V65/><F120/><W101/><G101/><T83/><D69/><U97/><E129/><V20/><F48/><W56/><G26/><T4/><D21/><U88/><E116/><V84/><F65/><W92/><G25/><T71/><D71/><U112/><E112/><V98/><REACH who="2" step="1"/><F70/><REACH who="2" ten="174,424,111,281" step="2"/><W9/><G61/><T126/><D67/><U22/><E109/><V50/><F50/><W36/><G36/><T59/><D135/><U35/><E108/><V51/><F51/><W99/><G56/><T6/><D0/><U110/><E110/><V111/><F111/><W43/><G58/><T114/><D114/><U86/><E39/><V11/><F11/><W134/><G134/><T122/><D122/><U96/><E8/><V62/><F62/><W37/><REACH who="3" step="1"/><G18/><REACH who="3" ten="174,424,111,271" step="2"/><T47/><D57/><U42/><E44/><AGARI ba="0,2" hai="2,3,9,13,17,24,31,34,37,43,44,90,92,99" machi="44" ten="40,7700,0" yaku="1,1,2,1,52,1,53,0" doraHai="87" doraHaiUra="104" who="3" fromWho="1" sc="174,0,424,-77,111,0,271,97" /><INIT seed="3,1,0,2,4,10" ten="174,347,111,368" oya="3" hai0="67,111,39,37,74,16,21,98,88,42,18,99,127" hai1="36,130,48,123,3,1,72,106,61,115,113,62,100" hai2="105,87,102,114,63,97,12,112,101,2,47,53,80" hai3="4,49,71,31,30,27,64,79,129,5,83,110,56"/><W26/><G71/><T29/><D74/><U81/><E36/><V104/><F2/><W70/><G129/><T84/><D111/><U120/><E48/><V119/><F119/><W7/><G70/><T15/><D127/><U125/><E81/><V41/><F53/><W23/><G110/><T6/><D67/><U14/><E72/><V9/><F63/><W54/><G64/><T117/><D117/><U118/><E100/><V34/><F34/><W22/><REACH who="3" step="1"/><G7/><REACH who="3" ten="174,347,111,358" step="2"/><T121/><D6/><U76/><E130/><V38/><F112/><W124/><G124/><T77/><D121/><U8/><E125/><V95/><F114/><W19/><G19/><T46/><D29/><U131/><E131/><V40/><F104/><W20/><G20/><T96/><D18/><U91/><E106/><V132/><F105/><W50/><G50/><T128/><D128/><U92/><E118/><V93/><F38/><W13/><G13/><T44/><D39/><U60/><E115/><V45/><F12/><W78/><G78/><T52/><D77/><U66/><E76/><V86/><F132/><W35/><G35/><T90/><REACH who="0" step="1"/><D84/><AGARI ba="1,1" hai="4,5,22,23,26,27,30,31,49,54,56,79,83,84" machi="84" ten="30,11600,0" yaku="1,1,7,1,9,1,8,1,53,0" doraHai="10" doraHaiUra="57" who="3" fromWho="0" sc="174,-119,347,0,111,0,358,129" /><INIT seed="3,2,0,5,4,20" ten="55,347,111,487" oya="3" hai0="25,102,123,78,83,55,117,26,90,85,113,11,88" hai1="12,127,41,109,23,48,122,16,110,29,120,115,80" hai2="111,61,124,22,72,65,96,86,75,33,116,2,58" hai3="35,129,77,62,37,98,54,70,107,38,125,91,39"/><W60/><G77/><T68/><D117/><U17/><E80/><V43/><F33/><W84/><G35/><T132/><D123/><N who="1" m="47147" /><E48/><V66/><F2/><W56/><G125/><T79/><D68/><U121/><E41/><V94/><F116/><W95/><G129/><T42/><D42/><U5/><E121/><V100/><F111/><N who="1" m="42505" /><E115/><V112/><F112/><W32/><G32/><T47/><D113/><U21/><E127/><V6/><F43/><W82/><G107/><T106/><D132/><U8/><E23/><V103/><F72/><W63/><REACH who="3" step="1"/><G70/><REACH who="3" ten="55,347,111,477" step="2"/><T134/><D134/><U114/><E114/><V133/><F133/><W50/><G50/><N who="0" m="29151" /><D106/><U131/><E131/><V93/><F124/><W15/><G15/><T99/><D79/><U0/><E12/><V1/><F1/><W4/><G4/><T45/><D45/><U108/><E108/><V36/><F6/><W31/><G31/><T51/><D51/><U14/><E17/><V101/><F36/><W18/><G18/><T71/><D71/><U64/><E64/><V105/><F66/><W44/><G44/><T10/><D102/><U67/><E67/><V52/><F65/><W97/><G97/><T9/><D99/><U30/><AGARI ba="2,1" hai="0,5,8,14,16,21,29,30" m="42505,47147" machi="30" ten="40,8000,1" yaku="14,1,34,2,54,1" doraHai="20" who="1" fromWho="1" sc="55,-22,347,96,111,-22,477,-42" /><INIT seed="4,0,0,1,4,42" ten="33,443,89,435" oya="0" hai0="72,105,112,124,5,49,53,4,104,116,99,96,40" hai1="12,93,56,45,2,54,58,29,132,85,95,6,51" hai2="46,1,86,24,15,31,38,115,106,88,129,32,91" hai3="52,119,131,71,123,117,113,79,0,94,22,128,7"/><T55/><D116/><U34/><E2/><V36/><F1/><W84/><G71/><T63/><D72/><U74/><E74/><V35/><F106/><W134/><G113/><T9/><D112/><U62/><E132/><V13/><F115/><W80/><G134/><T20/><D124/><U3/><E3/><V33/><F91/><N who="3" m="53607" /><G22/><T82/><D82/><U23/><E34/><V64/><F64/><W39/><G39/><T10/><D20/><U65/><E85/><V81/><F36/><W125/><G7/><T57/><D40/><U108/><E108/><V61/><F61/><W11/><G11/><T26/><D26/><N who="1" m="16607" /><E58/><V90/><F90/><W68/><G68/><T60/><D49/><U14/><E14/><V97/><F15/><W44/><G0/><T92/><D92/><U70/><E70/><V127/><F13/><W28/><G28/><T27/><D27/><U77/><E77/><V73/><F31/><W21/><G21/><T118/><D118/><U17/><E6/><V135/><F135/><W66/><G66/><T16/><REACH who="0" step="1"/><D57/><REACH who="0" ten="23,443,89,435" step="2"/><U30/><E30/><V122/><F24/><W103/><G119/><T100/><D100/><U18/><E18/><AGARI ba="0,1" hai="4,5,9,10,16,18,53,55,60,63,96,99,104,105" machi="18" ten="25,9600,0" yaku="1,1,22,2,54,1,53,0" doraHai="42" doraHaiUra="41" who="0" fromWho="1" sc="23,106,443,-96,89,0,435,0" /><INIT seed="4,1,0,3,3,78" ten="129,347,89,435" oya="0" hai0="104,42,36,40,121,47,75,39,105,51,91,118,103" hai1="102,25,63,23,72,17,3,49,65,99,125,38,9" hai2="94,10,130,84,34,116,35,7,110,135,97,61,45" hai3="93,15,8,108,53,80,4,90,46,66,41,33,43"/><T107/><D118/><U37/><E125/><V29/><F110/><W57/><G33/><T71/><D121/><U68/><E72/><V18/><F130/><W6/><G108/><T5/><D71/><U98/><E98/><V87/><F135/><W1/><G66/><T30/><D5/><U83/><E49/><V28/><F18/><N who="3" m="8551" /><G80/><T111/><D111/><U86/><E9/><V19/><F19/><W58/><G58/><T132/><D132/><U31/><E17/><V48/><F35/><W50/><G1/><T69/><D69/><U88/><REACH who="1" step="1"/><E3/><REACH who="1" ten="129,337,89,435" step="2"/><V27/><F116/><W92/><G6/><T89/><D75/><U126/><E126/><V56/><F7/><W109/><G4/><T77/><D30/><U67/><E67/><V81/><F10/><W85/><G109/><T131/><D131/><U20/><E20/><V106/><F29/><W2/><G2/><T62/><D36/><U24/><E24/><V124/><F124/><W117/><G117/><T122/><D39/><U73/><E73/><V115/><F27/><W12/><G12/><T133/><D51/><U70/><E70/><V128/><F128/><W112/><G112/><T52/><D133/><U74/><E74/><V55/><F115/><W96/><G46/><T21/><D47/><U129/><E129/><V16/><F45/><W82/><G96/><T32/><D32/><U79/><E79/><V26/><F97/><W95/><AGARI ba="1,1" hai="41,43,50,53,57,82,85,90,92,93,95" m="8551" machi="95" ten="30,2000,0" yaku="8,1,52,1" doraHai="78" who="3" fromWho="3" sc="129,-11,337,-6,89,-6,435,33" /><INIT seed="5,0,0,4,1,99" ten="118,331,83,468" oya="1" hai0="116,93,13,127,110,43,41,63,108,31,65,26,120" hai1="34,131,91,47,74,23,114,20,5,35,14,21,8" hai2="121,104,83,50,62,100,79,113,46,122,119,117,81" hai3="53,80,15,126,84,44,102,2,70,134,77,52,118"/><U94/><E74/><V115/><F62/><W133/><G2/><T95/><D116/><N who="2" m="44618" /><F50/><W59/><G126/><T17/><D127/><U6/><E114/><N who="2" m="43531" /><F46/><W85/><G102/><T42/><D120/><N who="2" m="46186" /><F79/><W29/><G53/><T51/><D51/><U60/><E131/><V109/><F100/><W96/><G52/><T61/><D61/><U73/><E73/><V19/><F104/><W82/><G84/><T128/><D128/><U36/><E6/><V11/><F19/><W16/><G85/><T129/><D129/><U24/><E60/><V112/><N who="2" m="43539" /><V54/><DORA hai="0" /><F54/><W3/><G96/><T1/><D63/><U12/><E47/><V69/><F11/><W72/><G16/><T86/><D65/><U87/><E36/><V135/><F69/><W92/><G77/><T125/><D125/><U132/><E14/><V25/><F25/><W56/><G70/><T39/><D1/><U58/><E58/><V78/><F135/><W97/><G133/><T105/><D105/><U32/><REACH who="1" step="1"/><E132/><REACH who="1" ten="118,321,83,468" step="2"/><V124/><F124/><W45/><G56/><T9/><D39/><U49/><E49/><V101/><F78/><W123/><G59/><T7/><D41/><U57/><E57/><V33/><F33/><W27/><G134/><T68/><D42/><U10/><E10/><V40/><F40/><W64/><G118/><T111/><D43/><U37/><E37/><V66/><F66/><W90/><G64/><T48/><D48/><U76/><E76/><V88/><F81/><W4/><G123/><T107/><D68/><U38/><E38/><V103/><F109/><RYUUKYOKU ba="0,1" sc="118,-15,321,15,83,15,468,-15" hai1="5,8,12,20,21,23,24,32,34,35,87,91,94" hai2="83,88,101,103" /><INIT seed="5,1,1,0,4,49" ten="103,336,98,453" oya="1" hai0="133,1,32,68,15,112,20,19,14,115,128,89,129" hai1="3,123,9,45,8,93,80,83,124,58,39,87,13" hai2="66,60,55,41,67,37,127,122,105,2,117,23,104" hai3="113,22,38,64,91,120,52,103,95,4,48,59,92"/><U0/><E123/><V26/><F117/><W118/><G120/><T31/><D68/><U96/><E124/><V131/><F2/><W84/><G118/><T86/><D1/><U94/><E58/><V35/><F35/><W65/><G38/><T85/><D85/><U111/><E111/><V90/><F131/><N who="0" m="50250" /><D133/><U106/><E106/><V61/><F127/><W121/><G121/><T70/><D70/><U51/><E39/><V12/><F12/><W132/><G132/><T114/><D89/><N who="1" m="53439" /><E3/><V125/><F125/><W109/><G109/><T42/><D86/><U77/><E0/><V63/><F122/><W47/><G113/><T27/><D42/><N who="1" m="25015" /><E77/><V5/><F37/><W40/><G103/><T57/><D57/><U28/><E28/><V25/><F105/><W56/><G56/><T116/><D116/><U73/><E73/><V33/><F104/><W108/><G59/><T75/><D75/><U71/><E71/><V7/><F67/><W62/><G84/><T69/><D69/><U82/><E13/><AGARI ba="1,1" hai="13,14,15,19,20,27,31,32,112,114,115" m="50250" machi="13" ten="40,8000,1" yaku="15,1,19,1,34,2" doraHai="49" who="0" fromWho="1" sc="103,93,336,-83,98,0,453,0" /><INIT seed="6,0,0,4,4,109" ten="196,253,98,453" oya="2" hai0="102,95,130,59,35,116,135,56,70,93,113,129,26" hai1="131,101,83,23,117,3,43,6,104,50,41,8,67" hai2="9,36,65,33,49,12,125,57,75,98,34,60,58" hai3="32,55,4,122,71,124,39,30,80,106,110,97,29"/><V64/><F125/><W5/><G80/><T90/><D135/><U40/><E117/><V121/><F121/><W114/><G55/><T120/><D120/><U134/><E134/><V84/><F36/><W132/><G97/><N who="0" m="59695" /><D70/><U51/><E131/><N who="0" m="50185" /><D116/><U61/><E23/><V28/><F75/><W15/><G15/><T126/><D126/><U88/><E101/><V74/><F74/><W42/><G4/><T7/><D7/><U22/><E22/><V62/><F28/><W45/><G45/><T79/><D79/><U103/><E103/><V87/><F49/><W11/><G42/><T46/><D46/><U48/><E104/><V17/><REACH who="2" step="1"/><F98/><REACH who="2" ten="196,253,88,453" step="2"/><W133/><G30/><N who="0" m="19927" /><D113/><U13/><E51/><V52/><F52/><W89/><G29/><T19/><D19/><U31/><E31/><V27/><F27/><W69/><G39/><T91/><D91/><U128/><E128/><V77/><F77/><W111/><G89/><T44/><D44/><U85/><REACH who="1" step="1"/><E3/><REACH who="1" ten="196,243,88,453" step="2"/><V53/><F53/><W21/><G124/><T14/><D14/><U68/><AGARI ba="0,2" hai="6,8,13,40,41,43,48,50,61,67,68,83,85,88" machi="68" ten="30,8000,1" yaku="1,1,2,1,0,1,54,1,53,1" doraHai="109" doraHaiUra="78" who="1" fromWho="1" sc="196,-20,243,100,88,-40,453,-20" /><INIT seed="7,0,0,3,1,122" ten="176,343,48,433" oya="3" hai0="50,15,111,48,5,30,12,89,129,81,92,88,76" hai1="86,83,61,2,124,13,87,97,84,55,49,93,24" hai2="109,32,77,117,71,8,82,107,19,11,125,25,78" hai3="72,53,98,54,45,36,128,60,126,7,59,100,121"/><W17/><G121/><T95/><D111/><U35/><E2/><V64/><F117/><W108/><G72/><T96/><D30/><U134/><E134/><V58/><F125/><W40/><G108/><T27/><D27/><U44/><E124/><V65/><F32/><W34/><G126/><T114/><D114/><U3/><E3/><V62/><F107/><W21/><G128/><T4/><D129/><U131/><E35/><V52/><F109/><W63/><G7/><T22/><D22/><U18/><E24/><V70/><F25/><W10/><G10/><T20/><D20/><U1/><E1/><V57/><F82/><W85/><G85/><T79/><D96/><U130/><E61/><V106/><F106/><W103/><G98/><T16/><D81/><U116/><E116/><V41/><F41/><W112/><G112/><T37/><D37/><U94/><E94/><V6/><F6/><W69/><G34/><T110/><D110/><U74/><E74/><V102/><F62/><W23/><G23/><T105/><D105/><U38/><E38/><V46/><F46/><W132/><G21/><T39/><D39/><U26/><E26/><V0/><F0/><W135/><G63/><T47/><D47/><U118/><E118/><V9/><F9/><W101/><G60/><T56/><D56/><U67/><E131/><V91/><F102/><W115/><G135/><T80/><D80/><U29/><E83/><V33/><F33/><W68/><G132/><T73/><REACH who="0" step="1"/><D73/><REACH who="0" ten="166,343,48,433" step="2"/><U113/><E130/><V123/><F58/><W31/><G59/><T127/><D127/><RYUUKYOKU ba="0,1" sc="166,30,343,-10,48,-10,433,-10" hai0="4,5,12,15,16,48,50,76,79,88,89,92,95" owari="196,-20.4,333,13.3,38,-46.2,433,53.3" /></mjloggm>