<mjloggm ver="2.3"><GO type="169" lobby="0"/><UN n0="%73%6F%61%6F" n1="%74%61%6B%61%74%6F%72%69" n2="%E5%B1%8A%E3%81%8B%E3%81%AA%E3%81%84%E6%81%8B" n3="%78%78%E3%81%9D%E3%81%B0" dan="16,16,16,16" rate="2132.87,2041.21,2151.01,2105.62" sx="M,M,M,M"/><TAIKYOKU oya="0"/><INIT seed="0,0,0,4,0,17" ten="250,250,250,250" oya="0" hai0="120,130,125,47,71,94,66,35,114,65,51,23,113" hai1="88,11,68,59,87,42,0,6,56,81,104,36,101" hai2="103,102,128,52,69,131,133,78,82,115,41,27,2" hai3="25,85,105,93,74,37,127,49,13,109,24,95,5"/><T39/><D35/><U129/><E129/><V31/><F2/><W108/><G74/><T134/><D130/><N who="2" m="49706" /><F133/><W92/><G37/><T21/><D120/><U77/><E68/><V112/><F69/><W96/><G127/><T117/><D117/><U22/><E101/><N who="2" m="38411" /><F41/><W67/><G105/><T28/><D125/><U58/><E104/><V107/><F107/><W126/><G96/><T54/><D28/><U4/><E4/><V90/><F90/><W7/><G67/><T97/><D39/><U18/><E42/><V98/><F98/><W15/><G126/><T72/><D72/><U63/><E36/><V89/><F89/><W64/><G64/><T91/><D134/><U32/><E32/><N who="2" m="20607" /><F52/><W14/><G85/><AGARI ba="0,0" hai="78,82,85,112,115" m="20607,38411,49706" machi="85" ten="30,1000,0" yaku="19,1" doraHai="17" who="2" fromWho="3" sc="250,0,250,0,250,10,250,-10" /><INIT seed="1,0,0,1,4,88" ten="250,250,260,240" oya="1" hai0="75,19,53,125,63,35,67,111,22,56,68,60,106" hai1="7,55,96,117,42,69,122,93,1,71,17,29,134" hai2="25,27,6,3,40,33,113,8,50,73,132,94,28" hai3="98,87,20,41,80,11,105,24,120,62,64,77,30"/><U90/><E117/><V4/><F73/><W34/><G120/><T128/><D111/><U116/><E122/><V100/><F113/><W70/><G41/><T78/><D128/><U13/><E116/><V121/><F121/><W81/><G11/><T76/><D35/><U18/><E134/><V52/><F40/><W61/><G61/><T110/><D110/><U89/><E42/><V32/><F6/><W26/><G81/><T84/><D75/><U38/><E38/><V85/><F132/><W131/><G131/><T0/><D0/><U21/><E18/><V43/><F43/><W126/><G126/><T133/><D106/><U97/><E29/><V86/><F27/><W123/><G123/><T31/><D31/><U58/><E7/><V54/><F54/><W36/><G36/><T9/><D9/><U135/><E1/><V5/><F5/><W79/><G79/><T57/><D125/><U112/><E112/><V107/><F107/><W47/><G47/><T119/><D119/><U37/><E37/><V108/><F32/><W16/><G105/><T127/><D127/><U44/><E44/><V23/><F33/><W103/><REACH who="3" step="1"/><G98/><REACH who="3" ten="250,250,260,230" step="2"/><T92/><D133/><U99/><E135/><V104/><F104/><W114/><G114/><T102/><D68/><U130/><E130/><V115/><F115/><W66/><G66/><T15/><D102/><AGARI ba="0,1" hai="16,20,24,26,30,34,62,64,70,77,80,87,102,103" machi="102" ten="40,2600,0" yaku="1,1,54,1,53,0" doraHai="88" doraHaiUra="118" who="3" fromWho="0" sc="250,-26,250,0,260,0,230,36" /><INIT seed="2,0,0,5,2,67" ten="224,250,260,266" oya="2" hai0="123,59,22,101,112,114,52,8,104,90,36,43,56" hai1="69,23,42,82,100,127,54,131,44,99,26,107,33" hai2="16,21,106,49,95,7,102,94,19,47,25,53,81" hai3="76,109,117,110,17,4,37,55,86,72,87,58,70"/><V73/><F106/><W132/><G37/><T84/><D123/><U135/><E131/><V28/><F7/><W116/><G4/><T15/><D59/><U77/><E54/><V38/><F38/><W98/><G17/><T121/><D121/><U93/><E135/><V128/><F128/><W41/><G41/><T129/><D129/><U50/><E127/><V1/><F1/><W83/><G132/><T65/><D65/><U45/><E33/><V14/><F19/><W96/><G58/><T35/><D35/><U61/><E45/><V13/><F13/><W115/><G55/><T57/><D57/><U9/><E9/><V29/><F29/><W111/><G70/><T27/><D101/><U74/><E107/><V91/><F102/><W125/><G125/><T3/><D104/><U39/><E39/><V32/><REACH who="2" step="1"/><F91/><REACH who="2" ten="224,250,250,266" step="2"/><W46/><G115/><T113/><D3/><U79/><E26/><V40/><F40/><W10/><G10/><T60/><D36/><U20/><REACH who="1" step="1"/><E79/><AGARI ba="0,1" hai="14,16,21,25,28,32,47,49,53,73,79,81,94,95" machi="79" ten="40,3900,0" yaku="1,1,54,1,53,0" doraHai="67" doraHaiUra="124" who="2" fromWho="1" sc="224,0,250,-39,250,49,266,0" /><INIT seed="2,1,0,2,0,81" ten="224,211,299,266" oya="2" hai0="126,80,107,10,125,19,134,6,4,64,42,118,82" hai1="76,130,132,52,78,29,1,18,59,93,65,48,24" hai2="104,101,27,70,30,120,63,92,129,28,23,39,109" hai3="60,117,20,47,3,114,116,131,50,49,51,11,58"/><V43/><F120/><W67/><G3/><T103/><D64/><U75/><E130/><V87/><F109/><W13/><G131/><T77/><D42/><U121/><E132/><V74/><F74/><W2/><G2/><T15/><D134/><U46/><E1/><V79/><F104/><W26/><G47/><T85/><D118/><U91/><E121/><V41/><F39/><W124/><G124/><N who="0" m="47723" /><D103/><U119/><E75/><V5/><F5/><W108/><G108/><T89/><D107/><U100/><E18/><V12/><F30/><W83/><G83/><T111/><D111/><U33/><E100/><V9/><F63/><W96/><G96/><T35/><D35/><U22/><E33/><V102/><F70/><W127/><G114/><T16/><D19/><U122/><E119/><V45/><F129/><W98/><G98/><T84/><AGARI ba="1,0" hai="4,6,10,15,16,77,80,82,84,85,89" m="47723" machi="84" ten="30,7900,0" yaku="18,1,52,2,54,1" doraHai="81" who="0" fromWho="0" sc="224,82,211,-21,299,-40,266,-21" /><INIT seed="3,0,0,2,1,60" ten="306,190,259,245" oya="3" hai0="12,42,99,84,74,21,130,135,52,36,24,18,54" hai1="48,105,9,58,8,76,14,72,31,3,0,109,108" hai2="102,88,35,49,57,95,125,20,82,120,28,133,77" hai3="73,107,78,27,106,91,38,1,11,64,63,29,51"/><W117/><G38/><T33/><D74/><U69/><E105/><V23/><F102/><W104/><G117/><T56/><D135/><U131/><E69/><V111/><F120/><W46/><G91/><T30/><D130/><U119/><E131/><V80/><F111/><W112/><G112/><T115/><D115/><U10/><E76/><V83/><F125/><W67/><G63/><T2/><D2/><N who="1" m="555" /><E72/><V22/><F133/><W124/><G124/><T100/><D84/><U110/><E58/><V62/><F49/><W43/><G1/><T26/><D56/><U65/><E48/><V25/><F77/><W94/><G94/><T92/><REACH who="0" step="1"/><D12/><REACH who="0" ten="296,190,259,245" step="2"/><U98/><E119/><V53/><REACH who="2" step="1"/><F82/><REACH who="2" ten="296,190,249,245" step="2"/><W15/><G78/><T47/><AGARI ba="0,2" hai="18,21,24,26,30,33,36,42,47,52,54,92,99,100" machi="47" ten="30,7900,0" yaku="1,1,2,1,0,1,54,1,53,0" doraHai="60" doraHaiUra="81" who="0" fromWho="0" sc="296,99,190,-20,249,-20,245,-39" /><INIT seed="4,0,0,2,2,79" ten="395,170,229,206" oya="0" hai0="81,72,100,4,128,82,47,12,95,16,37,118,80" hai1="91,2,34,30,132,68,125,53,51,9,134,86,19" hai2="67,0,101,73,5,35,22,114,18,44,109,66,135" hai3="13,15,105,78,75,56,87,112,106,102,61,122,42"/><T119/><D72/><U96/><E68/><V126/><F35/><W28/><G75/><T32/><D32/><U8/><E96/><V3/><F101/><W17/><G28/><T60/><D4/><U10/><E125/><V64/><F73/><W65/><G112/><T121/><D121/><U46/><E2/><V110/><F114/><W59/><G15/><T117/><D128/><U131/><E131/><V11/><F126/><W29/><G29/><T24/><D24/><U111/><E111/><V25/><F135/><N who="1" m="51753" /><E30/><V98/><F98/><W33/><G102/><T120/><D120/><U108/><E108/><V20/><F0/><W6/><G6/><T45/><D37/><U48/><E48/><V50/><REACH who="2" step="1"/><F20/><REACH who="2" ten="395,170,219,206" step="2"/><W21/><G33/><T23/><D100/><U88/><E34/><V115/><F115/><W39/><G122/><T49/><D23/><U133/><E133/><V123/><F123/><W36/><G106/><T54/><D119/><U58/><E86/><V93/><F93/><W40/><G105/><T104/><D95/><U26/><E46/><V92/><F92/><W90/><G87/><T130/><D104/><U69/><E69/><V89/><F89/><W43/><G90/><T84/><D84/><U62/><E91/><V14/><F14/><W97/><G97/><T124/><D124/><U99/><E88/><V31/><F31/><W74/><G74/><T57/><D45/><U1/><E99/><V41/><AGARI ba="0,1" hai="3,5,11,18,22,25,41,44,50,64,66,67,109,110" machi="41" ten="30,4000,0" yaku="1,1,0,1,53,1" doraHai="79" doraHaiUra="38" who="2" fromWho="2" sc="395,-20,170,-10,219,50,206,-10" /><INIT seed="5,0,0,3,5,110" ten="375,160,269,196" oya="1" hai0="132,79,31,53,117,50,24,27,58,109,55,76,64" hai1="51,57,73,134,71,7,54,43,74,96,15,72,122" hai2="116,56,88,19,37,127,75,105,100,0,70,26,65" hai3="78,99,133,104,41,6,40,2,130,9,46,108,81"/><U17/><E122/><V4/><F37/><W14/><G108/><T30/><D109/><U90/><E71/><V48/><F70/><W113/><G133/><T106/><D106/><U94/><E134/><V129/><F75/><W77/><G130/><T1/><D1/><U67/><E7/><V80/><F100/><W44/><G104/><T39/><D39/><U68/><E43/><V135/><F105/><W18/><G99/><T84/><D132/><U97/><E97/><V102/><F102/><W49/><G113/><T12/><D12/><U28/><E28/><V112/><F129/><W92/><G92/><T115/><D64/><U107/><E107/><V128/><F128/><W82/><G82/><T20/><D115/><U124/><E124/><V69/><F69/><W5/><G2/><T10/><D10/><U3/><E3/><V121/><F121/><W98/><G98/><T59/><D84/><U66/><REACH who="1" step="1"/><E68/><REACH who="1" ten="375,150,269,196" step="2"/><V86/><F127/><W29/><G29/><T119/><D31/><U89/><E89/><V114/><F135/><W32/><G78/><T52/><D30/><U34/><E34/><V103/><F4/><W125/><G32/><T21/><D79/><U85/><E85/><V120/><F0/><W63/><G125/><T131/><D76/><U23/><AGARI ba="0,1" hai="15,17,23,51,54,57,66,67,72,73,74,90,94,96" machi="23" ten="30,11700,0" yaku="1,1,0,1,53,2" doraHai="110" doraHaiUra="62" who="1" fromWho="1" sc="375,-39,150,127,269,-39,196,-39" /><INIT seed="5,1,0,4,0,39" ten="336,277,230,157" oya="1" hai0="56,91,130,46,105,5,107,21,80,127,1,83,15" hai1="59,34,6,51,116,47,90,58,65,40,31,67,118" hai2="28,53,120,61,128,49,98,16,62,92,42,43,79" hai3="129,55,69,0,78,41,124,122,97,93,22,52,24"/><U50/><E6/><V64/><F120/><W8/><G69/><T26/><D127/><U30/><E90/><V86/><F28/><W44/><G122/><T125/><D125/><U84/><E84/><V38/><F38/><W7/><G78/><T48/><D1/><U113/><E34/><V70/><F128/><W45/><G129/><T109/><D109/><U89/><E89/><V2/><F2/><W35/><G45/><T14/><D56/><N who="1" m="21547" /><E30/><V75/><F75/><W134/><G35/><T119/><D119/><N who="1" m="45611" /><E31/><V29/><F29/><W20/><G20/><T10/><D15/><U123/><E123/><V11/><F86/><W88/><G124/><T23/><D23/><U25/><E25/><V133/><F133/><W74/><G74/><T12/><D12/><U101/><E101/><N who="2" m="60615" /><F64/><N who="1" m="24649" /><E113/><V87/><F70/><W108/><G0/><T111/><D91/><U9/><E9/><V135/><F135/><W131/><G134/><T57/><D10/><U106/><E106/><V99/><F99/><W66/><G131/><T126/><D130/><U110/><E110/><V104/><F104/><W27/><G108/><T121/><D111/><U112/><E112/><V94/><F94/><W96/><G8/><T100/><D121/><U60/><E60/><N who="2" m="23147" /><F87/><W117/><G93/><T68/><D107/><U4/><E4/><V72/><F72/><W71/><G7/><T33/><D5/><U132/><E132/><V63/><N who="2" m="23155" /><V76/><DORA hai="37" /><F76/><W19/><G71/><T115/><D105/><U81/><E81/><V95/><F79/><W18/><G97/><T73/><D126/><RYUUKYOKU ba="1,0" sc="336,-10,277,30,230,-10,157,-10" hai1="40,47,50,51" /><INIT seed="5,2,0,0,0,100" ten="326,307,220,147" oya="1" hai0="79,83,126,7,27,59,80,114,44,68,55,53,90" hai1="72,24,43,75,96,17,39,4,118,117,49,115,65" hai2="46,19,76,22,36,47,78,6,110,104,85,10,32" hai3="88,1,28,41,129,35,66,37,54,92,84,70,73"/><U60/><E39/><V130/><F32/><W21/><G1/><T132/><D114/><U112/><E4/><V62/><F110/><W2/><G73/><T122/><D132/><U77/><E96/><V64/><F130/><W103/><G2/><T128/><D126/><U105/><E49/><V38/><F104/><W50/><G35/><T26/><D68/><U116/><E43/><V120/><F120/><W5/><G5/><T135/><D135/><U18/><E77/><V89/><F38/><W102/><G129/><T9/><D83/><U16/><E24/><V56/><F36/><W109/><G109/><T52/><D44/><U87/><E87/><V33/><F33/><W91/><G91/><T99/><D128/><U81/><E81/><V51/><F10/><W29/><G41/><T133/><D122/><U31/><E31/><V13/><F6/><W123/><G37/><T124/><D124/><U86/><E86/><V12/><F12/><W23/><G123/><T121/><D121/><U40/><E40/><N who="2" m="25031" /><F47/><N who="3" m="27999" /><G66/><T15/><D59/><U34/><E34/><V45/><F45/><W58/><G58/><T3/><D3/><U82/><E105/><V74/><F74/><W42/><G42/><T20/><D133/><U127/><E127/><V93/><AGARI ba="2,0" hai="13,19,22,56,62,64,76,78,85,89,93" m="25031" machi="93" ten="30,1100,0" yaku="8,1" doraHai="100" who="2" fromWho="2" sc="326,-5,307,-7,220,17,147,-5" /><INIT seed="6,0,0,2,3,8" ten="321,300,237,142" oya="2" hai0="77,116,62,7,28,41,3,44,29,132,49,66,86" hai1="124,65,119,38,59,123,113,47,19,107,85,55,126" hai2="57,94,60,67,93,22,30,36,17,79,99,43,109" hai3="9,50,120,68,16,51,32,122,58,103,134,76,20"/><V97/><F109/><W135/><G68/><T61/><D132/><N who="3" m="50729" /><G32/><T87/><D116/><U89/><E107/><V82/><F30/><W11/><G76/><T1/><D62/><U39/><E119/><V40/><F36/><W34/><G103/><T54/><D1/><U23/><E113/><V73/><F94/><W42/><G42/><T105/><D3/><U25/><E65/><V45/><F45/><W83/><G83/><T31/><D7/><U21/><E21/><V6/><F6/><W13/><G34/><T37/><D77/><U56/><E56/><V24/><REACH who="2" step="1"/><F97/><REACH who="2" ten="321,300,227,142" step="2"/><W63/><G122/><T111/><D111/><U117/><E123/><V131/><F131/><W96/><G120/><T18/><D28/><U10/><E47/><V112/><F112/><W75/><G96/><T15/><D29/><U2/><E117/><V71/><F71/><W102/><G75/><T26/><D31/><U121/><E121/><V5/><F5/><W27/><G102/><AGARI ba="0,1" hai="17,22,24,40,43,57,60,67,73,79,82,93,99,102" machi="102" ten="30,2900,0" yaku="1,1,7,1,53,0" doraHai="8" doraHaiUra="108" who="2" fromWho="3" sc="321,0,300,0,227,39,142,-29" /><INIT seed="6,1,0,3,0,131" ten="321,300,266,113" oya="2" hai0="32,13,19,89,25,62,80,118,40,55,28,72,53" hai1="5,6,3,24,133,36,104,96,111,7,113,48,109" hai2="26,58,116,10,74,98,21,39,70,30,73,128,134" hai3="130,110,112,83,86,0,31,29,135,9,4,18,45"/><V88/><F39/><W92/><G110/><T8/><D118/><U38/><E48/><V77/><F70/><W27/><G130/><T37/><D62/><U12/><E12/><V2/><F128/><W20/><G112/><T68/><D68/><U34/><E3/><V60/><F116/><W115/><G115/><T91/><D89/><U65/><E113/><V56/><F56/><W23/><G92/><T93/><D40/><U100/><E65/><V64/><F77/><W125/><G125/><T41/><D41/><U47/><E47/><V127/><F127/><W44/><G135/><T99/><REACH who="0" step="1"/><D37/><REACH who="0" ten="311,300,266,113" step="2"/><U69/><E69/><V85/><F134/><W35/><G31/><T81/><D81/><U119/><E133/><V59/><F98/><W124/><G124/><T11/><D11/><U120/><E119/><V75/><F60/><W22/><REACH who="3" step="1"/><G18/><REACH who="3" ten="311,300,266,103" step="2"/><T63/><D63/><U90/><E109/><V95/><REACH who="2" step="1"/><F64/><REACH who="2" ten="311,300,256,103" step="2"/><W87/><G87/><T102/><D102/><U126/><E100/><V67/><F67/><W1/><G1/><T66/><D66/><U107/><E126/><V49/><F49/><W82/><G82/><T17/><D17/><U61/><E38/><V16/><F16/><W101/><G101/><T51/><D51/><U42/><E36/><V105/><F105/><W121/><G121/><T50/><D50/><U33/><E120/><V43/><F43/><W114/><G114/><T123/><D123/><U54/><E42/><V78/><F78/><AGARI ba="1,3" hai="0,4,9,20,22,23,27,29,35,44,45,78,83,86" machi="78" ten="40,1300,0" yaku="1,1,53,0" doraHai="131" doraHaiUra="15" who="3" fromWho="2" sc="311,0,300,0,256,-16,103,46" /><AGARI ba="1,0" hai="8,13,19,25,28,32,53,55,72,78,80,91,93,99" machi="78" ten="40,2600,0" yaku="1,1,53,1" doraHai="131" doraHaiUra="15" who="0" fromWho="2" sc="311,26,300,0,240,-26,149,0" /><INIT seed="7,0,0,4,2,18" ten="337,300,214,149" oya="3" hai0="45,135,108,42,101,124,46,50,76,91,20,25,81" hai1="2,8,36,3,117,95,96,110,103,72,57,56,61" hai2="128,113,132,38,121,52,105,23,66,94,15,68,130" hai3="79,120,37,9,87,55,4,86,98,51,62,78,125"/><W29/><G37/><T22/><D124/><U26/><E110/><V104/><F121/><W131/><G120/><T89/><D135/><U83/><E36/><V14/><F132/><W97/><G131/><N who="2" m="50217" /><F38/><W24/><G62/><T111/><D101/><U35/><E117/><V53/><F113/><W21/><G125/><T88/><D46/><U54/><E8/><V69/><F94/><W106/><G87/><T133/><D133/><U75/><E75/><V58/><F66/><W41/><G41/><T123/><D123/><U47/><E47/><V40/><F40/><W39/><G39/><T122/><D122/><U34/><E57/><V85/><F85/><W5/><G106/><N who="2" m="41065" /><F23/><W27/><G27/><T6/><D6/><N who="3" m="2665" /><G9/><T60/><D20/><U93/><E35/><V17/><F17/><W43/><G43/><T70/><D70/><N who="2" m="27242" /><F53/><W59/><G86/><T114/><D114/><U112/><E112/><V84/><F84/><W11/><G11/><T13/><D42/><U107/><E107/><V90/><F90/><W119/><G119/><T33/><D89/><U0/><E95/><V44/><F44/><W126/><G126/><T73/><D91/><U32/><E26/><V115/><F115/><W1/><G1/><T92/><D45/><U71/><E71/><V49/><AGARI ba="0,0" hai="14,15,49,52,58" m="27242,41065,50217" machi="49" ten="40,2700,0" yaku="19,1,54,1" doraHai="18" who="2" fromWho="2" sc="337,-7,300,-7,214,27,149,-13" owari="330,43.0,293,9.3,241,-15.9,136,-36.4" /></mjloggm>