<mjloggm ver="2.3"><GO type="169" lobby="0"/><UN n0="%E6%96%B9%E5%86%86%E8%87%AA%E5%9C%A8" n1="%E3%83%8E%E3%82%AA%E3%83%81%E3%83%A3%E3%83%99%E3%82%B9" n2="%E4%B9%85%E4%BF%9D%E3%82%B7%E3%82%AA%E3%83%AA" n3="%E3%81%A9%E3%81%A9%E3%81%84%E3%81%A4" dan="17,16,16,17" rate="2183.00,2151.94,2031.48,2099.95" sx="M,M,M,M"/><TAIKYOKU oya="0"/><INIT seed="0,0,0,3,0,102" ten="250,250,250,250" oya="0" hai0="83,71,129,11,127,94,63,41,104,5,8,101,87" hai1="51,124,98,49,133,135,20,117,61,30,43,93,132" hai2="130,134,116,86,109,73,28,113,76,54,19,0,18" hai3="48,67,126,75,44,1,107,36,6,115,92,55,118"/><T58/><D127/><U125/><E117/><V3/><F73/><W112/><G118/><T128/><D71/><U33/><E33/><V97/><F116/><W35/><G35/><T84/><D94/><U70/><E43/><V64/><F113/><W4/><G75/><T17/><D17/><U42/><E42/><V85/><F97/><W21/><G36/><T78/><D87/><U31/><E61/><V46/><F54/><W13/><G67/><T77/><D77/><U123/><E70/><V122/><F109/><W38/><G38/><T24/><D24/><U52/><E51/><V39/><F134/><W121/><G4/><T40/><D40/><U26/><E31/><V68/><F130/><N who="0" m="50282" /><D5/><U27/><E27/><V74/><F28/><W32/><G126/><T2/><D2/><U47/><REACH who="1" step="1"/><E123/><REACH who="1" ten="250,240,250,250" step="2"/><V15/><F122/><W105/><G121/><T16/><D41/><U50/><E50/><V34/><F34/><W66/><G48/><T79/><D63/><U14/><E14/><V108/><F68/><W12/><G13/><N who="0" m="7207" /><D58/><U22/><E22/><V81/><F15/><W9/><G12/><T25/><D25/><U72/><E72/><V99/><F74/><W88/><G21/><T103/><D11/><U65/><E65/><V57/><F64/><W106/><G66/><T111/><D111/><U131/><E131/><V80/><F39/><W37/><G32/><T29/><D29/><U7/><E7/><V59/><F59/><W90/><G37/><T89/><D104/><U60/><E60/><V120/><F57/><W53/><G107/><T100/><AGARI ba="0,1" hai="78,79,83,84,89,100,101,103" m="7207,50282" machi="100" ten="30,6000,0" yaku="5,1,19,1,54,1" doraHai="102" who="0" fromWho="0" sc="250,70,240,-20,250,-20,250,-20" /><INIT seed="0,1,0,4,5,0" ten="320,220,230,230" oya="0" hai0="121,90,53,56,62,100,79,9,63,128,2,135,39" hai1="75,31,7,74,94,16,10,26,46,110,61,116,25" hai2="14,51,81,40,23,124,132,125,47,52,87,119,59" hai3="115,49,38,97,118,111,123,12,83,42,27,11,71"/><T1/><D121/><U37/><E116/><V126/><F132/><W3/><G49/><T54/><D135/><U127/><E110/><V122/><F122/><W17/><G71/><T107/><D39/><U65/><E127/><V48/><F119/><W4/><G123/><T73/><D128/><U77/><E94/><V18/><REACH who="2" step="1"/><F125/><REACH who="2" ten="320,220,220,230" step="2"/><W130/><G118/><T67/><D107/><U60/><E31/><V106/><F106/><W70/><G130/><T68/><D100/><U133/><E133/><V44/><F44/><W98/><G111/><T108/><D108/><U24/><E46/><V66/><F66/><W113/><G115/><T36/><D36/><U112/><E37/><V84/><F84/><W93/><G113/><T96/><D73/><U57/><E112/><V50/><F50/><W131/><G38/><T45/><D45/><U15/><E61/><V13/><F13/><W104/><G12/><T99/><D1/><U109/><E109/><V64/><F64/><W134/><G3/><T6/><D79/><AGARI ba="1,1" hai="14,18,23,40,47,48,51,52,59,79,81,87,124,126" machi="79" ten="40,5200,0" yaku="1,1,54,1,53,1" doraHai="0" doraHaiUra="72" who="2" fromWho="0" sc="320,-55,220,0,220,65,230,0" /><INIT seed="1,0,0,4,0,26" ten="265,220,285,230" oya="1" hai0="67,85,111,58,94,3,11,63,95,74,27,72,16" hai1="7,97,35,29,91,34,133,68,44,22,81,55,48" hai2="4,103,132,49,15,51,2,52,101,12,78,5,92" hai3="119,82,76,105,8,23,118,120,0,112,96,122,88"/><U37/><E68/><V93/><F78/><W116/><G23/><T107/><D107/><U38/><E7/><V66/><F52/><W25/><G25/><T9/><D111/><U71/><E71/><V40/><F40/><W46/><G46/><T114/><D114/><U131/><E131/><V39/><F2/><W56/><G56/><T70/><D70/><U33/><E133/><V75/><F75/><N who="3" m="43295" /><G8/><T43/><D43/><U106/><E81/><V19/><F19/><W87/><G0/><T98/><D85/><U117/><E117/><V47/><F47/><W21/><G21/><T86/><D95/><U80/><E80/><V109/><F109/><W77/><G77/><T90/><D86/><U60/><E60/><V64/><REACH who="2" step="1"/><F132/><REACH who="2" ten="265,220,275,230" step="2"/><W54/><G54/><T18/><D18/><U130/><E55/><V69/><F69/><W57/><G57/><T115/><D3/><U62/><E44/><V79/><F79/><W110/><G110/><T53/><D53/><U89/><E62/><V121/><F121/><W6/><G6/><T36/><D72/><U61/><E61/><V31/><F31/><W17/><G17/><T127/><D74/><U45/><E45/><V113/><F113/><W108/><G112/><T1/><D115/><U14/><E29/><V128/><F128/><W13/><G108/><T124/><D1/><U73/><E73/><V65/><F65/><W135/><G135/><T32/><D16/><N who="1" m="10519" /><E130/><V134/><F134/><W99/><G122/><T10/><D36/><AGARI ba="0,1" hai="4,5,12,15,36,39,49,51,64,66,92,93,101,103" machi="36" ten="25,3200,0" yaku="1,1,22,2,53,0" doraHai="26" doraHaiUra="100" who="2" fromWho="0" sc="265,-32,220,0,275,42,230,0" /><INIT seed="2,0,0,5,5,131" ten="233,220,317,230" oya="2" hai0="28,67,109,45,44,38,27,88,126,1,122,128,80" hai1="4,134,89,130,100,32,34,92,39,54,8,61,65" hai2="82,107,90,106,87,9,37,77,14,11,74,123,71" hai3="94,35,25,62,124,41,95,23,29,85,13,21,78"/><V111/><F71/><W72/><G124/><T129/><D122/><U53/><E39/><V36/><F123/><W33/><G72/><T117/><D126/><U112/><E112/><V98/><F111/><W93/><G41/><T26/><D1/><U40/><E40/><V46/><F46/><W132/><G62/><T64/><D109/><U105/><E100/><V59/><F9/><W133/><G78/><T110/><D110/><U99/><E105/><V0/><F0/><W116/><G85/><N who="0" m="50215" /><D27/><U42/><E42/><V56/><F56/><W79/><G79/><T101/><D101/><U6/><E6/><V15/><F15/><W102/><G102/><T48/><D117/><U114/><E114/><V125/><F98/><W43/><G43/><N who="0" m="24607" /><D45/><U83/><E83/><V55/><F36/><W96/><G116/><T24/><D24/><U66/><E34/><V103/><F37/><W86/><G86/><T121/><D121/><U119/><E32/><V108/><F108/><W76/><G76/><T68/><D68/><U115/><E115/><V127/><F103/><W75/><G75/><T135/><D135/><N who="3" m="51785" /><G96/><T10/><D10/><U60/><E134/><V49/><F125/><W63/><G63/><T30/><D30/><U81/><E119/><V120/><F120/><W57/><G57/><T47/><D47/><U50/><E99/><V5/><F127/><W97/><G97/><T16/><D28/><U58/><E58/><V19/><F19/><AGARI ba="0,0" hai="13,19,21,23,25,29,33,35,93,94,95" m="51785" machi="19" ten="30,7700,0" yaku="20,1,52,3" doraHai="131" who="3" fromWho="2" sc="233,0,220,0,317,-77,230,77" /><INIT seed="3,0,0,3,4,134" ten="233,220,240,307" oya="3" hai0="111,6,80,112,43,17,89,123,34,76,132,2,30" hai1="84,97,58,71,118,11,82,37,28,21,50,45,55" hai2="19,103,92,61,121,18,88,10,41,70,42,91,113" hai3="12,22,130,99,79,108,106,51,5,104,115,131,54"/><W110/><G115/><T67/><D89/><U27/><E71/><V47/><F121/><W105/><G79/><T32/><D17/><U87/><E118/><V119/><F119/><W85/><G85/><T64/><D6/><U120/><E120/><V0/><F113/><W1/><G1/><T63/><D63/><U40/><E82/><V86/><F41/><W49/><G99/><T78/><D30/><U52/><E11/><V94/><F103/><W38/><G38/><T83/><D112/><U29/><E29/><V36/><F0/><W81/><G81/><T73/><D123/><U46/><REACH who="1" step="1"/><E97/><REACH who="1" ten="233,210,240,307" step="2"/><V69/><F69/><W35/><G35/><T114/><D114/><U9/><E9/><V102/><F10/><N who="3" m="4175" /><G22/><T74/><D2/><U62/><AGARI ba="0,1" hai="21,27,28,37,40,45,46,50,52,55,58,62,84,87" machi="62" ten="20,8000,1" yaku="1,1,0,1,7,1,54,1,53,1" doraHai="134" doraHaiUra="25" who="1" fromWho="1" sc="233,-20,210,90,240,-20,307,-40" /><INIT seed="4,0,0,3,4,46" ten="213,300,220,267" oya="0" hai0="70,25,59,106,49,38,19,72,47,107,96,68,110" hai1="75,33,45,120,116,121,31,62,35,16,30,89,29" hai2="88,73,119,98,78,44,79,95,39,93,63,126,5" hai3="83,111,104,91,103,1,8,10,51,97,17,48,100"/><T61/><D72/><U135/><E75/><V114/><F114/><W125/><G111/><T32/><D110/><U34/><E116/><V80/><F39/><W74/><G125/><T54/><D96/><U9/><E62/><V20/><F5/><W42/><G42/><N who="0" m="22999" /><D70/><U113/><E89/><V69/><F126/><W94/><G103/><T101/><D101/><U26/><E45/><V85/><F44/><W53/><G53/><T41/><D41/><U56/><E56/><V18/><F119/><W124/><G124/><T76/><D76/><U65/><E65/><V133/><F133/><W13/><G1/><T81/><D81/><U4/><E135/><V92/><F78/><N who="3" m="44503" /><G8/><T130/><D130/><U37/><E37/><V14/><REACH who="2" step="1"/><F73/><REACH who="2" ten="213,300,210,267" step="2"/><W134/><G134/><T87/><D87/><AGARI ba="0,1" hai="10,13,17,48,51,87,91,94,97,100,104" m="44503" machi="87" ten="30,3900,0" yaku="24,1,52,2" doraHai="46" who="3" fromWho="0" sc="213,-39,300,0,210,0,267,49" /><INIT seed="5,0,0,4,3,106" ten="174,300,210,316" oya="1" hai0="130,41,109,7,111,126,102,118,119,51,58,77,24" hai1="12,108,20,35,95,117,81,56,98,83,73,61,84" hai2="78,112,124,16,129,68,80,135,89,134,8,23,74" hai3="71,0,47,30,103,104,105,5,4,122,107,42,90"/><U28/><E35/><V48/><F68/><W3/><G122/><T53/><D7/><U127/><E117/><N who="0" m="44553" /><D77/><U38/><E38/><V52/><F129/><W2/><G71/><T22/><D22/><U123/><E123/><V116/><F116/><W18/><G18/><T55/><D24/><U21/><E108/><N who="0" m="41545" /><D102/><U13/><E83/><V54/><F8/><W72/><G90/><T93/><D93/><U26/><E21/><V76/><F76/><W62/><G30/><T82/><D82/><U36/><E36/><V59/><F124/><W31/><G31/><T101/><D101/><N who="1" m="60639" /><E127/><V125/><F125/><W87/><G103/><T79/><D79/><N who="1" m="46143" /><E73/><V14/><F112/><W65/><G72/><T39/><D126/><U6/><E6/><V15/><F89/><W131/><G87/><T34/><D34/><U45/><E45/><V19/><F54/><AGARI ba="0,0" hai="12,13,20,26,28,54,56,61" m="46143,60639" machi="54" ten="30,1500,0" yaku="8,1" doraHai="106" who="1" fromWho="2" sc="174,0,300,15,210,-15,316,0" /><INIT seed="5,1,0,4,0,87" ten="174,315,195,316" oya="1" hai0="37,11,111,108,9,60,17,95,93,13,122,50,63" hai1="107,135,22,4,65,74,120,133,115,100,98,29,91" hai2="8,3,73,67,121,1,23,85,104,81,90,80,72" hai3="7,44,46,59,41,40,126,39,128,20,124,58,14"/><U114/><E65/><V36/><F121/><W26/><G7/><T105/><D122/><U5/><E120/><V113/><F104/><W30/><G128/><T88/><D105/><U127/><E74/><V43/><F113/><N who="1" m="43017" /><E127/><N who="3" m="48682" /><G14/><T76/><D76/><U25/><E91/><V97/><F97/><W21/><G20/><T66/><D37/><AGARI ba="1,0" hai="21,26,30,37,39,40,41,44,46,58,59" m="48682" machi="37" ten="30,1000,0" yaku="18,1" doraHai="87" who="3" fromWho="0" sc="174,-13,315,0,195,0,316,13" /><INIT seed="6,0,0,4,4,7" ten="161,315,195,329" oya="2" hai0="75,23,39,43,121,13,82,67,11,92,55,110,41" hai1="83,129,51,94,21,38,84,4,14,61,27,80,123" hai2="42,3,87,106,1,44,25,48,64,57,100,107,131" hai3="37,70,76,22,68,16,124,114,9,2,120,93,72"/><V133/><F133/><W71/><G120/><T46/><D121/><U34/><E38/><V32/><F131/><W33/><G37/><T111/><D43/><U31/><E129/><V122/><F122/><W36/><G36/><T96/><D67/><U113/><E113/><V104/><F100/><W73/><G33/><T52/><D23/><U59/><E51/><V126/><F126/><W58/><G124/><T24/><D24/><U91/><E123/><V47/><F47/><W127/><G127/><T77/><D111/><U40/><E40/><V97/><F97/><W60/><G114/><T26/><D26/><U74/><E74/><V8/><F87/><W134/><G73/><T62/><D62/><U99/><E84/><V98/><F98/><W105/><G105/><T90/><REACH who="0" step="1"/><D110/><REACH who="0" ten="151,315,195,329" step="2"/><U17/><E4/><AGARI ba="0,1" hai="4,11,13,39,41,46,52,55,75,77,82,90,92,96" machi="4" ten="30,8000,1" yaku="1,1,2,1,7,1,52,1,54,1,53,0" doraHai="7" doraHaiUra="125" who="0" fromWho="1" sc="151,90,315,-80,195,0,329,0" /><INIT seed="7,0,0,1,1,126" ten="241,235,195,329" oya="3" hai0="72,2,98,122,130,77,45,128,129,60,47,106,40" hai1="35,52,38,31,134,84,4,15,107,27,85,49,37" hai2="97,59,39,29,5,94,118,75,14,50,133,124,120" hai3="125,90,76,99,127,51,20,79,57,41,65,113,89"/><W100/><G113/><T24/><D122/><U43/><E107/><V83/><F133/><W56/><G20/><T22/><D2/><U36/><E43/><V80/><F124/><N who="3" m="47691" /><G41/><T111/><D111/><U30/><E134/><V73/><F120/><W12/><G12/><T93/><D106/><U1/><E1/><V103/><F118/><W18/><G18/><N who="0" m="12375" /><D60/><U3/><E3/><V48/><F39/><W10/><G10/><T82/><D40/><U21/><E31/><V33/><F75/><W6/><G6/><T53/><D53/><U42/><E42/><V116/><F116/><W119/><G119/><T0/><D0/><U74/><E74/><V121/><F121/><W96/><G51/><T28/><D28/><U16/><REACH who="1" step="1"/><E4/><REACH who="1" ten="241,225,195,329" step="2"/><V61/><F73/><W26/><G76/><T68/><D68/><U78/><E78/><V71/><F71/><W132/><G79/><T44/><D44/><AGARI ba="0,1" hai="15,16,21,27,30,35,36,37,38,44,49,52,84,85" machi="44" ten="40,5200,0" yaku="1,1,54,2,53,0" doraHai="126" doraHaiUra="117" who="1" fromWho="0" sc="241,-52,225,62,195,0,329,0" owari="189,-31.1,287,8.7,195,-20.5,329,42.9" /></mjloggm>