<mjloggm ver="2.3"><GO type="169" lobby="0"/><UN n0="%EF%BC%AE%EF%BC%A1%EF%BC%AF%33%33%39" n1="%65%76%61%63%61%6E%69%61" n2="%E3%81%A8%E3%81%A3%E3%81%A8%E3%83%BC" n3="%E3%81%97%E3%82%87%E3%81%BC%E3%82%93%EF%BD%8E" dan="16,16,16,17" rate="2121.31,2207.49,2062.69,2214.64" sx="M,M,M,M"/><TAIKYOKU oya="0"/><INIT seed="0,0,0,2,0,84" ten="250,250,250,250" oya="0" hai0="125,92,129,93,132,74,65,2,39,62,61,8,10" hai1="117,44,115,1,109,45,89,26,66,52,22,35,24" hai2="40,53,91,56,49,21,37,121,50,73,108,70,131" hai3="54,128,97,34,103,100,4,102,116,87,99,31,80"/><T42/><D74/><U5/><E117/><V112/><F121/><W63/><G116/><T88/><D39/><U75/><E109/><V106/><F108/><W11/><G128/><T133/><D42/><U58/><E115/><V96/><F112/><W119/><G119/><T98/><D129/><U126/><E126/><V43/><F70/><W32/><G54/><T85/><D125/><U15/><E75/><V78/><F37/><W20/><G63/><T38/><D38/><U110/><E66/><V71/><F71/><W55/><G55/><T68/><D62/><U14/><E110/><V111/><F49/><W57/><G57/><T94/><D2/><U6/><E35/><V79/><F131/><W86/><G86/><T123/><D123/><U27/><E1/><V3/><F3/><W77/><G20/><T124/><D124/><U60/><E89/><V105/><F105/><W135/><G135/><N who="0" m="51787" /><D93/><U113/><E113/><V90/><F111/><W69/><G69/><T19/><D19/><N who="1" m="10615" /><E15/><V76/><F73/><W46/><G31/><T48/><D48/><U16/><E16/><V114/><F114/><W47/><G34/><T64/><D64/><U28/><E28/><V36/><F21/><W72/><G32/><T41/><D41/><N who="2" m="15946" /><F36/><W134/><G134/><T0/><D0/><U30/><E30/><V29/><F29/><W7/><G72/><T25/><D25/><U33/><E33/><V95/><F106/><W127/><G127/><T101/><AGARI ba="0,0" hai="8,10,61,65,68,85,88,92,94,98,101" m="51787" machi="101" ten="30,6000,0" yaku="20,1,52,1,54,1" doraHai="84" who="0" fromWho="0" sc="250,60,250,-20,250,-20,250,-20" /><INIT seed="0,1,0,2,3,111" ten="310,230,230,230" oya="0" hai0="8,99,70,19,93,80,56,97,51,37,44,108,119" hai1="129,131,124,79,27,123,67,10,21,114,82,42,57" hai2="118,76,30,113,62,12,26,29,85,104,48,130,101" hai3="17,9,53,39,122,86,31,34,74,7,15,126,84"/><T14/><D119/><U105/><E123/><V73/><F113/><W69/><G74/><T3/><D70/><U33/><E33/><V66/><F30/><W128/><G69/><T35/><D35/><U135/><E105/><V68/><F118/><W132/><G39/><T100/><D108/><U54/><E67/><V11/><F73/><W5/><G128/><T50/><D3/><U125/><E42/><V36/><F36/><W41/><G41/><T25/><D25/><U61/><E10/><V87/><F76/><W45/><G132/><T4/><D4/><U18/><E114/><V102/><F102/><W120/><G126/><N who="1" m="48746" /><E135/><V90/><F48/><N who="3" m="28815" /><G31/><T103/><D80/><U46/><E46/><V52/><F52/><W127/><G34/><T117/><D117/><U60/><E60/><V28/><F130/><W38/><G38/><T106/><D56/><U72/><AGARI ba="1,0" hai="18,21,27,54,57,61,72,79,82,129,131" m="48746" machi="72" ten="30,1100,0" yaku="18,1" doraHai="111" who="1" fromWho="1" sc="310,-6,230,14,230,-4,230,-4" /><INIT seed="1,0,0,2,3,135" ten="304,244,226,226" oya="1" hai0="117,114,130,132,37,68,113,42,26,127,80,101,81" hai1="102,21,51,83,57,92,93,5,23,66,70,126,133" hai2="115,18,58,134,88,120,53,106,79,6,44,100,17" hai3="56,111,103,36,71,14,73,16,10,90,34,119,8"/><U4/><E133/><V96/><F134/><W33/><G71/><T109/><D101/><U19/><E70/><V32/><F32/><W78/><G36/><T20/><D132/><U91/><E126/><V129/><F129/><W76/><G103/><T82/><D68/><U60/><E51/><V1/><F79/><W122/><G122/><T27/><D117/><U0/><E0/><V72/><F72/><W43/><G43/><T121/><D130/><U65/><E65/><V54/><F115/><W45/><G45/><T2/><D2/><U49/><E49/><V75/><F75/><W107/><G107/><T128/><D128/><U116/><E21/><V97/><F53/><W94/><G111/><T123/><D109/><U99/><E83/><V9/><F44/><W30/><G119/><T50/><D50/><U13/><REACH who="1" step="1"/><E116/><REACH who="1" ten="304,234,226,226" step="2"/><V35/><F120/><N who="0" m="46154" /><D127/><U98/><AGARI ba="0,1" hai="4,5,13,19,23,57,60,66,91,92,93,98,99,102" machi="98" ten="20,7800,0" yaku="1,1,0,1,7,1,8,1,53,0" doraHai="135" doraHaiUra="118" who="1" fromWho="1" sc="304,-26,234,88,226,-26,226,-26" /><INIT seed="1,1,0,2,0,34" ten="278,322,200,200" oya="1" hai0="71,83,100,76,123,105,2,116,46,58,17,80,119" hai1="41,20,109,88,130,75,98,125,52,122,55,133,26" hai2="128,7,47,32,53,45,82,78,114,126,13,11,16" hai3="30,77,85,22,64,8,91,19,121,108,62,25,69"/><U9/><E122/><V107/><F107/><W87/><G108/><T48/><D71/><U21/><E75/><V135/><F114/><W59/><G121/><T124/><D123/><U51/><E125/><V72/><F126/><W50/><G77/><T104/><D124/><U94/><E130/><V127/><F127/><W5/><G91/><T112/><D112/><U39/><E133/><V35/><F135/><W54/><REACH who="3" step="1"/><G30/><REACH who="3" ten="278,322,200,190" step="2"/><T110/><D110/><U97/><E109/><V134/><F134/><W99/><G99/><T118/><D76/><U14/><E98/><V67/><F128/><W66/><G66/><T57/><D116/><U68/><E97/><V3/><F67/><W12/><AGARI ba="1,1" hai="5,8,12,19,22,25,50,54,59,62,64,69,85,87" machi="12" ten="20,2700,0" yaku="1,1,0,1,7,1,53,0" doraHai="34" doraHaiUra="89" who="3" fromWho="3" sc="278,-8,322,-14,200,-8,190,40" /><INIT seed="2,0,0,1,4,51" ten="270,308,192,230" oya="2" hai0="98,7,120,88,121,16,25,123,20,17,133,79,57" hai1="107,94,55,96,73,41,54,90,104,8,92,85,74" hai2="122,62,37,45,72,56,91,111,131,89,0,61,113" hai3="34,15,27,126,127,69,47,86,18,67,21,26,100"/><V77/><F113/><W119/><G119/><T32/><D7/><U102/><E41/><V12/><F122/><W105/><G86/><T31/><D79/><U93/><E8/><V83/><F0/><W108/><G108/><T1/><D1/><U48/><E48/><V99/><F131/><W68/><G47/><T38/><D38/><U129/><E129/><V80/><F111/><W132/><G132/><T24/><D133/><U106/><REACH who="1" step="1"/><E93/><REACH who="1" ten="270,298,192,230" step="2"/><V75/><F61/><W78/><G126/><T42/><D42/><U9/><E9/><V118/><F118/><W60/><G127/><T6/><D6/><U33/><E33/><V114/><F114/><W135/><G34/><T46/><D121/><U40/><E40/><V52/><F37/><W2/><G60/><T65/><D120/><U10/><E10/><V130/><F130/><W44/><G135/><T50/><D123/><U76/><E76/><V110/><F110/><W30/><G78/><T115/><D115/><U71/><E71/><V82/><F77/><W53/><G69/><T134/><D134/><U125/><E125/><V29/><F72/><AGARI ba="0,1" hai="54,55,72,73,74,85,90,92,94,96,102,104,106,107" machi="72" ten="50,8000,1" yaku="1,1,52,2,53,1" doraHai="51" doraHaiUra="87" who="1" fromWho="2" sc="270,0,298,90,192,-80,230,0" /><INIT seed="3,0,0,2,0,47" ten="270,388,112,230" oya="3" hai0="34,53,130,88,36,48,52,21,9,126,56,90,0" hai1="31,12,7,64,5,113,43,49,14,61,78,85,119" hai2="91,57,46,38,121,102,124,60,25,106,131,10,42" hai3="24,97,128,101,50,120,72,118,69,116,62,114,17"/><W76/><G120/><T84/><D34/><U2/><E113/><V92/><F121/><W41/><G114/><T125/><D36/><U104/><E104/><V8/><F131/><W59/><G128/><T29/><D130/><U28/><E119/><V35/><F124/><N who="0" m="47722" /><D84/><U23/><E78/><V3/><F102/><W65/><G76/><T89/><D53/><U111/><E85/><V87/><F106/><W37/><G72/><T127/><D127/><U117/><E117/><V95/><F95/><W110/><G110/><T96/><D96/><U27/><E31/><V98/><F87/><W63/><G37/><T33/><D33/><U71/><E111/><V83/><F83/><W15/><G24/><N who="0" m="16527" /><D9/><U18/><E2/><AGARI ba="0,0" hai="0,2,48,52,56,88,89,90" m="16527,47722" machi="2" ten="30,7700,0" yaku="18,1,52,1,54,2" doraHai="47" who="0" fromWho="1" sc="270,77,388,-77,112,0,230,0" /><INIT seed="4,0,0,2,3,129" ten="347,311,112,230" oya="0" hai0="20,73,4,90,53,33,69,48,16,21,92,116,59" hai1="0,3,87,135,75,85,100,94,34,109,11,7,66" hai2="121,26,123,95,23,76,70,122,105,114,107,118,22" hai3="50,67,68,120,81,36,132,17,131,80,44,84,27"/><T112/><D116/><U72/><E109/><V2/><F70/><W15/><G131/><T134/><D33/><U52/><E34/><V91/><F118/><W108/><G108/><T124/><D73/><U55/><E66/><V35/><F2/><W24/><G36/><T41/><D69/><U45/><E0/><V89/><F76/><W51/><G120/><T127/><D4/><U78/><E135/><V79/><F79/><W60/><G51/><T126/><D112/><U111/><E111/><V63/><F63/><W40/><G81/><T62/><D21/><U97/><E78/><V99/><F114/><W128/><G132/><T46/><D134/><U102/><E102/><V71/><F71/><W19/><G19/><T10/><D10/><U88/><E87/><V1/><F1/><W110/><G110/><T82/><D82/><U29/><E29/><V42/><F42/><W133/><G133/><T18/><REACH who="0" step="1"/><D20/><REACH who="0" ten="337,311,112,230" step="2"/><U104/><REACH who="1" step="1"/><E45/><REACH who="1" ten="337,301,112,230" step="2"/><V13/><F35/><W43/><G128/><T58/><D58/><U14/><E14/><V125/><F13/><W103/><G15/><T117/><D117/><U115/><E115/><V49/><F123/><W38/><G44/><T83/><D83/><U12/><E12/><V98/><F121/><W32/><G32/><T106/><D106/><N who="2" m="40458" /><F122/><W6/><G80/><T61/><D61/><U130/><E130/><V77/><F77/><W64/><G60/><T30/><D30/><U25/><E25/><V65/><F26/><W56/><G27/><T96/><AGARI ba="0,2" hai="16,18,41,46,48,53,59,62,90,92,96,124,126,127" machi="96" ten="30,12000,1" yaku="1,1,0,1,18,1,54,1,53,1" doraHai="129" doraHaiUra="37" who="0" fromWho="0" sc="337,140,301,-40,112,-40,230,-40" /><INIT seed="4,1,0,1,0,31" ten="477,261,72,190" oya="0" hai0="69,129,91,9,59,86,39,8,47,64,132,65,116" hai1="107,16,121,117,95,34,5,92,41,7,124,25,37" hai2="45,4,55,99,53,78,97,70,32,66,13,90,103" hai3="50,75,46,85,80,23,83,57,15,119,11,43,87"/><T123/><D123/><U49/><E121/><V135/><F135/><W73/><G119/><T84/><D116/><U106/><E117/><V74/><F32/><W12/><G75/><T115/><D69/><U19/><E37/><V27/><F27/><W98/><G73/><T88/><D132/><U100/><E124/><V134/><F134/><W63/><G98/><N who="2" m="37385" /><F90/><W68/><G68/><T56/><D39/><U22/><E34/><V2/><F2/><W62/><G23/><T77/><D47/><N who="1" m="25839" /><E107/><V101/><F45/><W35/><G35/><T79/><REACH who="0" step="1"/><D115/><REACH who="0" ten="467,261,72,190" step="2"/><U42/><E106/><V60/><F101/><W28/><G46/><T120/><D120/><U3/><E100/><V130/><F103/><W133/><G133/><T108/><D108/><U89/><E42/><V93/><F70/><W131/><G43/><T0/><D0/><U18/><E3/><V122/><F122/><W128/><G128/><AGARI ba="1,1" hai="8,9,56,59,64,65,77,79,84,86,88,91,128,129" machi="128" ten="25,9600,0" yaku="1,1,22,2,54,1,53,0" doraHai="31" doraHaiUra="118" who="0" fromWho="3" sc="467,109,261,0,72,0,190,-99" /><INIT seed="4,2,0,3,2,96" ten="576,261,72,91" oya="0" hai0="38,20,29,88,49,127,35,45,10,124,11,108,2" hai1="52,63,91,8,107,75,25,77,24,34,18,70,1" hai2="0,126,73,102,90,14,85,51,44,104,130,120,106" hai3="84,13,113,62,66,57,123,121,7,93,133,116,3"/><T64/><D38/><U74/><E107/><V26/><F120/><W129/><G116/><T17/><D64/><U6/><E77/><V86/><F73/><W19/><G113/><T135/><D2/><U72/><E34/><V92/><F0/><W41/><G129/><T59/><D59/><U98/><E18/><V82/><F130/><W30/><G133/><T105/><D105/><U94/><REACH who="1" step="1"/><E52/><REACH who="1" ten="576,251,72,91" step="2"/><V100/><F106/><W23/><G123/><T39/><D35/><U83/><E83/><V89/><F104/><W122/><G122/><T54/><D135/><U76/><E76/><V68/><F68/><W43/><G121/><T67/><D67/><AGARI ba="2,1" hai="1,6,8,24,25,63,67,70,72,74,75,91,94,98" machi="67" ten="40,1300,0" yaku="1,1,53,0" doraHai="96" doraHaiUra="69" who="1" fromWho="0" sc="576,-19,251,29,72,0,91,0" /><INIT seed="5,0,0,5,5,33" ten="557,280,72,91" oya="1" hai0="6,134,86,111,92,50,26,120,131,57,1,101,30" hai1="59,103,38,83,81,48,2,18,65,95,51,20,106" hai2="110,9,121,97,45,4,82,80,72,105,58,28,104" hai3="102,135,67,118,63,56,122,54,119,71,66,130,90"/><U123/><E123/><V7/><F110/><W129/><G102/><T40/><D111/><U85/><E38/><V108/><F108/><W31/><G31/><T24/><D120/><U0/><E106/><V37/><F121/><W68/><G90/><T74/><D74/><U96/><E83/><V114/><F4/><W87/><G87/><T109/><D109/><U78/><E65/><N who="3" m="24586" /><G135/><T49/><D26/><U52/><REACH who="1" step="1"/><E48/><REACH who="1" ten="557,270,72,91" step="2"/><V113/><F82/><W99/><G122/><T94/><D50/><U73/><E73/><V44/><F37/><W3/><G119/><T69/><D49/><U22/><E22/><V70/><F105/><W77/><G118/><T16/><D134/><U93/><E93/><V21/><F80/><W62/><G62/><T8/><D94/><U84/><E84/><V43/><F72/><W132/><G132/><T34/><D86/><U91/><E91/><V100/><F21/><W14/><G77/><T17/><D92/><U115/><E115/><V116/><F116/><W32/><G63/><T127/><D101/><U61/><E61/><V125/><F114/><W13/><G71/><T23/><D69/><U133/><E133/><V10/><F113/><W27/><G68/><T55/><D23/><U19/><E19/><V107/><F70/><W35/><G35/><T64/><D64/><U75/><E75/><V53/><F107/><W29/><G32/><T5/><D17/><U98/><E98/><V89/><F104/><W60/><G99/><T42/><D16/><U128/><E128/><V36/><F97/><W15/><G130/><T25/><D131/><RYUUKYOKU ba="0,1" sc="557,-10,270,30,72,-10,91,-10" hai1="0,2,18,20,51,52,59,78,81,85,95,96,103" /><INIT seed="5,1,1,3,4,50" ten="547,300,62,81" oya="1" hai0="5,34,68,109,74,29,130,78,112,36,133,81,88" hai1="47,61,90,117,110,71,72,32,77,23,56,1,15" hai2="48,14,84,12,16,62,45,55,105,131,93,57,2" hai3="108,118,58,124,98,92,65,128,97,43,121,83,89"/><U95/><E117/><V22/><F131/><W18/><G108/><T0/><RYUUKYOKU type="yao9" ba="1,1" sc="547,0,300,0,62,0,81,0" hai0="0,5,29,34,36,68,74,78,81,88,109,112,130,133" /><INIT seed="5,2,1,3,2,108" ten="547,300,62,81" oya="1" hai0="5,102,9,78,100,125,99,19,27,50,83,104,41" hai1="124,93,45,11,91,77,25,12,13,119,4,74,10" hai2="43,130,98,62,63,89,6,112,42,37,71,28,110" hai3="0,87,114,46,29,14,117,48,24,22,127,39,65"/><U120/><E119/><V106/><F110/><W31/><G0/><T80/><D102/><U36/><E120/><V51/><F37/><W53/><G117/><T44/><D125/><U103/><E103/><V8/><F130/><W118/><G118/><T49/><D27/><U76/><E124/><V30/><F106/><W66/><G127/><T134/><D134/><U69/><E69/><V105/><F105/><W54/><G39/><T1/><D19/><U135/><E135/><V111/><F71/><W33/><G114/><T55/><D78/><U7/><E74/><V35/><F35/><W23/><G33/><T40/><D40/><N who="2" m="15402" /><F51/><N who="3" m="28919" /><G87/><T86/><D86/><U16/><E36/><V60/><F112/><W129/><G129/><T128/><D128/><U101/><E101/><V3/><F3/><W59/><G31/><N who="2" m="11817" /><F111/><W94/><G94/><T126/><D126/><U72/><E45/><AGARI ba="2,1" hai="1,5,9,41,44,45,49,50,55,80,83,99,100,104" machi="45" ten="30,1000,0" yaku="7,1" doraHai="108" who="0" fromWho="1" sc="547,26,300,-16,62,0,81,0" /><INIT seed="6,0,0,1,5,61" ten="573,284,62,81" oya="2" hai0="54,118,11,85,104,79,31,45,117,51,70,25,101" hai1="109,48,50,74,77,130,35,108,57,96,59,98,5" hai2="7,83,84,113,120,115,134,19,17,66,39,38,24" hai3="116,102,131,20,8,40,9,124,78,71,73,16,14"/><V43/><F120/><W46/><G116/><N who="0" m="44651" /><D70/><U123/><E35/><V95/><F134/><W99/><G71/><T22/><D11/><U110/><E130/><V122/><F122/><W89/><G131/><T53/><D53/><U37/><E37/><V65/><F95/><W97/><G124/><T47/><D47/><U106/><E123/><V0/><F7/><W27/><G78/><T76/><D85/><U56/><E5/><V69/><F69/><W44/><G73/><T34/><D34/><U93/><E106/><V87/><F0/><W30/><G8/><T129/><D129/><U13/><E13/><V28/><F43/><W112/><G112/><N who="2" m="43081" /><F38/><W3/><G3/><T100/><D100/><U23/><E23/><N who="2" m="15391" /><F87/><W91/><G97/><AGARI ba="0,0" hai="22,25,31,45,51,54,76,79,97,101,104" m="44651" machi="97" ten="30,1000,0" yaku="12,1" doraHai="61" who="0" fromWho="3" sc="573,10,284,0,62,0,81,-10" /><INIT seed="7,0,0,5,2,86" ten="583,284,62,71" oya="3" hai0="89,124,76,108,73,106,115,72,52,131,54,104,88" hai1="107,84,25,78,45,44,29,1,26,112,96,51,102" hai2="22,83,71,14,129,12,53,90,2,114,117,130,9" hai3="61,28,95,69,18,91,34,101,62,126,42,40,118"/><W82/><G118/><T5/><D108/><U49/><E1/><V80/><F71/><W122/><G122/><T105/><D5/><U127/><E112/><V32/><F32/><W103/><G34/><T64/><D64/><U20/><E127/><V81/><F114/><W65/><G28/><T63/><D115/><U37/><E37/><V100/><F100/><N who="3" m="38475" /><G69/><T133/><D63/><N who="3" m="24073" /><G65/><T4/><D4/><U35/><E49/><V113/><F113/><W46/><G126/><T57/><D57/><U55/><E45/><V7/><F117/><W119/><G119/><T17/><D124/><U77/><E84/><N who="2" m="50439" /><F53/><N who="0" m="20586" /><D17/><AGARI ba="0,0" hai="17,20,25,26,29,35,44,51,55,77,78,96,102,107" machi="17" ten="30,1000,0" yaku="7,1" doraHai="86" who="1" fromWho="0" sc="583,-10,284,10,62,0,71,0" owari="573,67.3,294,9.4,62,-43.8,71,-32.9" /></mjloggm>