<mjloggm ver="2.3"><GO type="169" lobby="0"/><UN n0="%E6%9F%8A%E5%92%B2%E5%A4%9C" n1="%E3%82%B0%E3%83%B3%E3%83%80%E3%83%AA%E3%83%BC" n2="%E5%B0%8F%E6%9E%97%E6%B5%81%E7%89%8C%E6%89%8B" n3="%E3%81%93%E3%81%9A" dan="16,19,17,16" rate="2126.94,2306.19,2147.29,2048.25" sx="M,M,M,M"/><TAIKYOKU oya="0"/><INIT seed="0,0,0,4,3,64" ten="250,250,250,250" oya="0" hai0="32,1,87,33,52,118,13,90,51,106,88,49,58" hai1="96,70,31,23,46,18,67,56,76,65,57,82,121" hai2="129,26,124,12,20,60,80,38,10,119,41,81,112" hai3="34,55,63,39,126,114,50,66,22,101,11,29,108"/><T17/><D118/><U115/><E121/><V30/><F112/><W125/><G34/><T6/><D106/><U95/><E115/><V74/><F124/><N who="3" m="47723" /><G39/><T48/><D1/><U128/><E128/><V3/><F129/><W105/><G11/><T36/><D36/><U35/><E35/><V93/><F119/><W89/><G89/><T45/><D6/><U8/><E8/><V53/><F3/><W135/><G135/><T85/><D33/><U134/><E46/><V54/><F41/><W116/><G101/><T110/><D110/><U127/><E31/><V98/><F38/><W61/><G105/><T59/><D58/><U92/><E92/><V132/><F132/><W15/><G29/><T84/><D49/><U73/><E134/><V68/><F74/><W5/><G5/><T79/><D79/><U2/><E2/><V7/><F53/><W27/><G55/><N who="0" m="32231" /><D32/><U91/><E67/><V4/><F4/><W133/><G66/><T99/><D99/><U24/><REACH who="1" step="1"/><E127/><REACH who="1" ten="250,240,250,250" step="2"/><V71/><F10/><AGARI ba="0,1" hai="10,13,17,45,51,52,84,85,87,88,90" m="32231" machi="10" ten="30,5800,0" yaku="8,1,54,2" doraHai="64" who="0" fromWho="2" sc="250,68,240,0,250,-58,250,0" /><INIT seed="0,1,0,1,5,75" ten="318,240,192,250" oya="0" hai0="54,64,22,20,66,1,82,110,4,68,21,81,130" hai1="120,18,55,115,86,88,13,113,103,37,85,69,111" hai2="49,70,109,78,25,14,23,128,116,90,134,122,112" hai3="117,71,38,26,96,24,106,80,99,131,35,123,44"/><T32/><D130/><U91/><E120/><V59/><F70/><W40/><G117/><T87/><D32/><U65/><E37/><V125/><F112/><N who="1" m="43081" /><E103/><V119/><F122/><W27/><G131/><T135/><D135/><U60/><E111/><V97/><F128/><W45/><G35/><T17/><D110/><U108/><E108/><V72/><F109/><W94/><G106/><T33/><D33/><U107/><E107/><V46/><F14/><W57/><G71/><T79/><D68/><U104/><E104/><V118/><F59/><W2/><G2/><T100/><D100/><U77/><E55/><V114/><F114/><W101/><G123/><T15/><D4/><U11/><E86/><V39/><F39/><W89/><G57/><T76/><D54/><U73/><E73/><V0/><F0/><W30/><G45/><T102/><D102/><U6/><E6/><V67/><F67/><W121/><G121/><T127/><D127/><U7/><E7/><V133/><F125/><W124/><G124/><T58/><D1/><U8/><E8/><V43/><F97/><W12/><G99/><T42/><D42/><U126/><E126/><V52/><F43/><W56/><G40/><T129/><D129/><U41/><E41/><V105/><F105/><W16/><G38/><T29/><D29/><U53/><E53/><V5/><F5/><W62/><G30/><T83/><D87/><U31/><E31/><N who="2" m="17855" /><F90/><W28/><G28/><T132/><D132/><N who="2" m="50794" /><F72/><W19/><G101/><T10/><D66/><U34/><E34/><V9/><F9/><W50/><G96/><RYUUKYOKU ba="1,0" sc="318,10,240,10,192,10,250,-30" hai0="10,15,17,20,21,22,58,64,76,79,81,82,83" hai1="11,13,18,60,65,69,77,85,88,91" hai2="46,49,52,78,116,118,119" /><INIT seed="0,2,0,2,2,64" ten="328,250,202,220" oya="0" hai0="23,45,83,135,92,90,32,131,53,68,8,106,73" hai1="26,79,100,21,118,107,28,77,115,113,98,7,76" hai2="80,97,66,110,102,78,16,37,15,22,52,27,74" hai3="119,18,127,88,121,47,43,67,63,59,116,20,69"/><T124/><D32/><U29/><E118/><V84/><F110/><W38/><G127/><T75/><D106/><U82/><E7/><V39/><F66/><W93/><G59/><T56/><D124/><U99/><E29/><V72/><F72/><W91/><G121/><T2/><D135/><U4/><E4/><V30/><F74/><W48/><G38/><T0/><D131/><U86/><REACH who="1" step="1"/><E99/><REACH who="1" ten="328,240,202,220" step="2"/><V125/><F125/><W70/><G116/><T36/><D0/><U24/><E24/><V41/><F41/><W71/><G119/><T19/><D2/><U61/><E61/><V33/><REACH who="2" step="1"/><F52/><REACH who="2" ten="328,240,192,220" step="2"/><W65/><G65/><T11/><D53/><U10/><E10/><V85/><F85/><W62/><G62/><T94/><D11/><U49/><E49/><V114/><F114/><AGARI ba="2,2" hai="21,26,28,76,77,79,82,86,98,100,107,113,114,115" machi="114" ten="40,5200,0" yaku="1,1,11,1,53,1" doraHai="64" doraHaiUra="101" who="1" fromWho="2" sc="328,0,240,78,192,-58,220,0" /><INIT seed="1,0,0,5,0,77" ten="328,318,134,220" oya="1" hai0="108,63,45,30,113,134,87,127,38,1,103,72,86" hai1="85,117,101,48,9,131,40,68,74,76,25,28,71" hai2="50,21,96,27,118,10,16,82,93,35,57,52,60" hai3="105,95,89,24,132,31,53,39,37,19,44,59,123"/><U62/><E117/><V92/><F118/><W22/><G123/><T106/><D113/><U125/><E74/><V5/><F35/><W128/><G128/><T13/><D1/><U99/><E131/><V42/><F42/><W116/><G105/><T11/><D72/><U49/><E125/><V69/><F69/><W97/><G132/><T73/><D73/><U110/><E110/><V122/><F122/><W66/><G116/><T109/><D127/><U98/><E98/><V12/><F96/><W124/><G124/><T4/><D30/><U32/><E9/><V94/><REACH who="2" step="1"/><F82/><REACH who="2" ten="328,318,124,220" step="2"/><W119/><G119/><T34/><D34/><U55/><E40/><V15/><F15/><W80/><G80/><T46/><D13/><U14/><E14/><V83/><F83/><W2/><G2/><T135/><D108/><U120/><E120/><V8/><F8/><W43/><G66/><T107/><D109/><U51/><E68/><V121/><F121/><W84/><G84/><T23/><D87/><U79/><E85/><V29/><F29/><W130/><G31/><T61/><D86/><U54/><E54/><V81/><F81/><W88/><G130/><T3/><D3/><U36/><E55/><V65/><F65/><W112/><G112/><T75/><D135/><U41/><E41/><V56/><F56/><W70/><G70/><T47/><D134/><U17/><E71/><V18/><F18/><W6/><G39/><T133/><D38/><U7/><E36/><V67/><F67/><W115/><G115/><T78/><D133/><U64/><E64/><V26/><F26/><RYUUKYOKU ba="0,1" sc="328,-10,318,-10,124,30,220,-10" hai2="5,10,12,16,21,27,50,52,57,60,92,93,94" /><INIT seed="2,1,1,3,3,52" ten="318,308,154,210" oya="2" hai0="102,4,68,35,110,69,1,130,63,0,86,20,103" hai1="91,113,96,12,114,34,112,50,65,77,28,129,109" hai2="21,44,132,94,123,45,17,111,108,9,18,126,55" hai3="37,11,118,33,13,10,134,119,120,104,88,22,82"/><V56/><F123/><W62/><G120/><T133/><D35/><U15/><E77/><V61/><F126/><W5/><G104/><T124/><D124/><U80/><E65/><V51/><F132/><W25/><G37/><T98/><D133/><U41/><E109/><N who="2" m="42059" /><F9/><W14/><G134/><T42/><D20/><U85/><E129/><V90/><F21/><W76/><G33/><T99/><D63/><U115/><E115/><V48/><F48/><W30/><G62/><T105/><D86/><U40/><E50/><V47/><F61/><W78/><G78/><T97/><D105/><U121/><E121/><V92/><F92/><W38/><G88/><T72/><D110/><U116/><E34/><V54/><F54/><W24/><G24/><T87/><D0/><U79/><E114/><V32/><F32/><W73/><REACH who="3" step="1"/><G38/><REACH who="3" ten="318,308,154,200" step="2"/><T95/><D130/><U57/><E112/><V84/><AGARI ba="1,2" hai="17,18,44,45,47,51,55,56,84,90,94" m="42059" machi="84" ten="30,6000,0" yaku="14,1,10,1,52,1" doraHai="52" who="2" fromWho="2" sc="318,-21,308,-21,154,83,200,-21" /><INIT seed="2,2,0,3,2,117" ten="297,287,237,179" oya="2" hai0="86,9,134,97,18,74,35,11,67,56,48,0,20" hai1="33,135,64,23,69,62,83,19,124,94,36,51,96" hai2="40,41,129,75,25,17,7,126,57,91,6,10,24" hai3="95,50,61,53,132,47,26,32,115,52,121,114,71"/><V116/><F75/><W8/><G132/><T84/><D74/><U104/><E135/><V5/><F116/><W82/><G82/><T59/><D134/><U110/><E110/><V88/><F126/><W120/><G8/><T122/><D35/><U127/><E36/><V125/><F125/><W16/><G95/><T30/><D30/><U70/><E104/><V45/><F129/><W29/><G16/><T118/><D118/><U130/><E130/><V66/><F66/><W81/><G81/><T77/><D122/><U22/><E33/><V113/><F57/><N who="3" m="34991" /><G71/><T65/><D97/><U78/><E70/><V87/><F91/><W39/><G39/><T93/><D93/><U46/><E23/><V76/><F76/><W3/><G3/><T112/><D18/><U58/><E69/><V73/><F73/><W1/><G1/><T105/><D0/><U128/><E128/><V12/><F24/><W27/><G27/><T133/><D105/><U100/><E83/><V21/><F25/><W106/><G106/><T42/><D20/><U60/><E78/><V43/><F21/><W98/><G98/><T44/><D133/><U68/><E19/><V14/><F12/><W101/><G101/><T13/><D9/><U2/><E2/><V108/><F10/><W4/><G4/><T85/><D77/><U34/><E22/><V80/><F17/><W31/><G29/><T63/><D11/><U49/><E34/><V103/><F6/><W72/><G72/><T107/><D13/><U111/><E124/><V109/><F5/><W123/><G32/><T92/><D107/><RYUUKYOKU ba="2,0" sc="297,-10,287,-10,237,-10,179,30" hai3="26,31,47,50,52,114,115,120,121,123" /><INIT seed="3,3,0,1,0,49" ten="287,277,227,209" oya="3" hai0="109,116,105,28,106,129,2,115,35,99,31,7,65" hai1="50,119,57,20,54,21,44,5,61,93,72,126,67" hai2="83,76,66,130,33,59,14,47,39,71,120,29,134" hai3="52,88,86,3,53,24,121,74,42,13,108,48,68"/><W102/><G121/><T38/><D31/><U30/><E72/><V8/><F120/><W1/><G74/><T113/><D116/><U103/><E126/><V32/><F71/><W60/><G108/><T107/><D99/><N who="1" m="59887" /><E119/><V125/><F130/><W118/><G118/><T64/><D38/><U85/><E5/><V82/><F82/><W96/><G24/><N who="0" m="18823" /><D129/><U124/><E124/><V27/><F125/><W56/><G68/><T89/><D109/><U100/><E100/><V114/><F114/><N who="0" m="43530" /><D89/><U131/><E131/><V6/><F134/><W55/><G1/><T84/><D84/><U4/><E4/><V132/><F132/><W11/><G3/><T37/><D37/><U12/><E12/><V87/><F32/><W70/><G70/><T97/><D97/><U111/><E111/><V122/><F122/><W0/><G0/><T58/><D58/><N who="1" m="37303" /><E85/><V40/><F59/><W25/><G25/><T123/><D123/><U22/><E57/><V101/><F101/><W77/><G77/><T19/><D19/><U133/><E133/><V90/><F90/><W34/><G34/><T94/><D94/><U98/><E98/><V17/><F17/><N who="3" m="8383" /><G96/><T41/><D7/><U43/><E30/><V79/><F79/><W73/><G102/><T135/><D135/><U110/><E110/><V91/><F91/><W10/><G73/><T45/><D2/><U26/><E26/><V81/><F81/><N who="3" m="49231" /><G10/><T69/><D69/><U36/><E36/><V80/><F80/><W23/><G23/><T16/><D16/><U127/><E127/><V117/><F117/><W63/><G56/><RYUUKYOKU ba="3,0" sc="287,0,277,0,227,0,209,0" hai0="41,45,64,65,105,106,107" hai1="20,21,22,43,44,50,54" hai2="6,8,14,27,29,33,39,40,47,66,76,83,87" hai3="42,48,52,53,55,60,63" /><INIT seed="3,4,0,1,3,133" ten="287,277,227,209" oya="3" hai0="22,80,3,46,112,18,113,100,13,7,50,33,94" hai1="92,131,56,55,14,93,43,4,122,27,120,60,36" hai2="47,2,81,58,103,111,91,73,132,54,66,104,32" hai3="115,87,76,51,26,108,72,16,121,40,5,61,88"/><W24/><G115/><N who="0" m="44107" /><D33/><U128/><E27/><V44/><F2/><W129/><G121/><T79/><D100/><U68/><E14/><V28/><F132/><W101/><G129/><N who="1" m="49738" /><E4/><V34/><F66/><W71/><G108/><T10/><D94/><N who="1" m="36459" /><E68/><V37/><F111/><W82/><G5/><T117/><D117/><U15/><E15/><V11/><F11/><W53/><G101/><T84/><D50/><U64/><E64/><V48/><F32/><W29/><G71/><T86/><D46/><AGARI ba="4,0" hai="36,43,46,55,56,60,120,122" m="36459,49738" machi="46" ten="30,1000,0" yaku="19,1" doraHai="133" who="1" fromWho="0" sc="287,-22,277,22,227,0,209,0" /><INIT seed="4,0,0,3,1,48" ten="265,299,227,209" oya="0" hai0="56,133,130,28,100,103,102,126,55,16,98,112,27" hai1="13,118,36,68,39,89,43,51,119,123,99,23,29" hai2="60,75,12,105,15,80,5,115,66,64,3,83,31" hai3="2,4,107,1,74,86,52,40,7,41,128,9,78"/><T122/><D122/><U47/><E123/><V94/><F105/><W0/><G74/><T109/><D112/><U116/><E68/><V120/><F120/><W57/><G107/><T21/><D133/><U45/><E13/><V108/><F3/><W121/><G121/><T85/><D130/><U37/><E99/><V104/><F104/><W22/><G128/><T46/><D126/><U8/><E8/><V61/><F94/><W135/><G135/><T11/><D109/><U81/><E89/><V87/><F31/><W30/><G78/><T6/><D46/><U106/><E81/><V58/><F108/><W111/><G111/><T49/><D85/><U79/><E79/><V17/><F75/><W117/><G117/><T25/><D98/><U93/><E93/><V34/><F34/><W73/><G86/><T132/><D132/><U76/><E76/><V35/><F35/><W127/><G127/><T62/><D62/><U71/><E106/><V70/><F115/><W24/><G73/><T20/><REACH who="0" step="1"/><D100/><REACH who="0" ten="255,299,227,209" step="2"/><U125/><E125/><V88/><F83/><W50/><G0/><AGARI ba="0,1" hai="0,6,11,16,20,21,25,27,28,49,55,56,102,103" machi="0" ten="30,18000,2" yaku="1,1,2,1,7,1,52,1,54,1,53,2" doraHai="48" doraHaiUra="96" who="0" fromWho="3" sc="255,190,299,0,227,0,209,-180" /><INIT seed="4,1,0,0,3,78" ten="445,299,227,29" oya="0" hai0="108,113,85,105,131,47,4,93,12,133,124,122,94" hai1="57,44,91,86,28,96,61,97,9,112,64,48,104" hai2="45,123,34,115,70,30,49,77,65,69,109,83,120" hai3="103,117,71,81,121,82,56,11,53,10,26,126,23"/><T88/><D122/><U127/><E104/><V18/><F109/><W74/><G117/><T54/><D105/><U66/><E127/><V13/><F115/><W42/><G71/><T72/><D72/><U39/><E39/><V27/><F120/><W25/><G74/><T107/><D107/><U106/><E106/><V63/><F123/><W1/><G126/><T80/><D113/><U16/><E28/><V29/><F29/><W102/><G1/><T110/><D124/><U38/><E66/><V119/><F119/><W59/><G121/><T5/><D133/><U20/><E38/><V116/><F116/><W101/><G42/><T95/><D131/><U114/><E9/><N who="3" m="3082" /><G56/><T130/><D12/><N who="1" m="9223" /><E114/><V36/><F36/><W76/><G76/><T37/><D130/><U73/><E73/><V14/><F69/><W79/><G79/><T134/><D134/><U89/><E89/><V67/><F65/><W21/><G21/><T19/><D19/><U22/><E22/><V58/><F70/><W6/><G6/><T3/><D3/><U32/><E32/><V111/><F111/><N who="0" m="42538" /><D54/><N who="1" m="29959" /><E112/><V99/><F18/><N who="3" m="12535" /><G26/><T75/><D75/><U40/><E40/><AGARI ba="1,0" hai="4,5,37,40,47,80,85,88,93,94,95" m="42538" machi="40" ten="30,5800,0" yaku="10,1,52,1,54,1" doraHai="78" who="0" fromWho="1" sc="445,61,299,-61,227,0,29,0" /><INIT seed="4,2,0,0,5,0" ten="506,238,227,29" oya="0" hai0="16,37,25,76,113,89,34,120,77,131,81,20,57" hai1="30,103,5,53,22,64,67,9,43,39,135,130,115" hai2="90,32,27,84,48,125,127,21,12,19,128,126,10" hai3="61,54,7,40,118,80,46,82,3,36,26,123,49"/><T109/><D120/><U1/><E130/><V62/><F128/><W107/><G118/><T17/><D131/><U134/><E103/><V133/><F133/><N who="1" m="50697" /><E115/><V24/><F32/><W98/><G123/><T50/><D37/><U104/><E104/><V55/><F62/><W114/><G114/><T111/><D113/><U45/><E53/><V28/><F24/><AGARI ba="2,0" hai="1,5,9,22,24,30,39,43,45,64,67" m="50697" machi="24" ten="30,2000,0" yaku="20,1,52,1" doraHai="0" who="1" fromWho="2" sc="506,0,238,26,227,-26,29,0" /><INIT seed="5,0,0,1,5,51" ten="506,264,201,29" oya="1" hai0="11,56,134,78,23,128,59,87,15,131,93,54,84" hai1="43,21,79,113,38,60,57,116,10,108,35,22,17" hai2="2,129,89,16,102,34,39,41,55,80,49,122,9" hai3="12,4,88,135,71,112,94,69,6,63,30,120,70"/><U18/><E116/><V72/><F34/><W76/><G120/><T67/><D134/><U19/><E35/><V125/><F122/><W36/><G135/><T85/><D59/><U64/><E113/><V121/><F121/><W101/><G112/><T110/><D67/><U53/><E108/><V61/><F39/><W92/><G36/><T105/><D105/><U104/><E104/><V90/><F41/><W24/><G76/><T62/><D23/><U73/><E10/><V44/><F102/><W119/><G119/><T52/><D110/><U75/><E79/><V118/><F118/><W13/><G101/><T42/><D42/><U14/><E18/><V96/><F125/><W132/><G132/><T7/><D78/><U26/><REACH who="1" step="1"/><E64/><REACH who="1" ten="506,254,201,29" step="2"/><V106/><F106/><W109/><G109/><T37/><D131/><U98/><E98/><V100/><F129/><W25/><G30/><T48/><D128/><U45/><AGARI ba="0,1" hai="14,17,19,21,22,26,38,43,45,53,57,60,73,75" machi="45" ten="30,11700,0" yaku="1,1,0,1,52,1,53,1" doraHai="51" doraHaiUra="58" who="1" fromWho="1" sc="506,-39,254,127,201,-39,29,-39" owari="467,56.7,381,18.1,162,-23.8,-10,-51.0" /></mjloggm>