<mjloggm ver="2.3"><GO type="169" lobby="0"/><UN n0="%E4%BE%8D" n1="%E8%8A%B1%E9%81%93%E6%A1%9C%E6%9C%A8" n2="%E6%A4%9B%E5%8D%97" n3="%E9%98%BF%E9%83%A8%E5%AF%9B%EF%BC%A0%E9%B3%B3%E5%8D%93" dan="18,16,16,17" rate="2292.86,2145.87,2102.72,2177.24" sx="M,M,F,F"/><TAIKYOKU oya="0"/><INIT seed="0,0,0,5,4,50" ten="250,250,250,250" oya="0" hai0="85,28,43,82,16,111,113,123,116,108,10,132,109" hai1="36,60,120,118,38,119,41,33,66,68,107,11,97" hai2="84,24,105,92,63,114,46,131,5,103,34,102,87" hai3="94,91,125,58,70,39,128,47,75,54,93,31,98"/><T21/><D123/><U61/><E120/><V86/><F105/><W122/><G122/><T79/><D113/><U32/><E11/><V6/><F114/><W133/><G70/><T89/><D116/><N who="1" m="44587" /><E60/><V22/><F34/><N who="1" m="13417" /><E41/><V26/><F131/><W67/><G94/><T83/><D132/><U117/><E117/><V40/><F63/><W112/><G93/><T51/><D10/><U1/><E1/><V64/><F64/><W18/><G67/><T121/><D28/><U106/><E106/><V99/><F103/><AGARI ba="0,0" hai="36,38,61,66,68,97,103,107" m="13417,44587" machi="103" ten="30,1000,0" yaku="23,1" doraHai="50" who="1" fromWho="2" sc="250,0,250,10,250,-10,250,0" /><INIT seed="1,0,0,1,3,47" ten="250,260,240,250" oya="1" hai0="3,108,31,92,88,73,13,68,85,35,104,71,16" hai1="17,74,77,43,30,94,81,100,60,83,52,78,75" hai2="51,54,18,82,131,69,32,8,84,125,127,86,79" hai3="124,40,10,132,44,135,114,6,26,107,63,25,134"/><U93/><E30/><V80/><F69/><W9/><G114/><T27/><D108/><U112/><E112/><V119/><F32/><W91/><G107/><T14/><D73/><U65/><E43/><V116/><F131/><W126/><G63/><T42/><D104/><U87/><E17/><V5/><F127/><N who="3" m="48683" /><G91/><T70/><D3/><U111/><E111/><V1/><F18/><W49/><G10/><T53/><D42/><U62/><E87/><V24/><F24/><W20/><G20/><T0/><D0/><AGARI ba="0,0" hai="0,6,9,25,26,40,44,49,132,134,135" m="48683" machi="0" ten="40,5200,0" yaku="20,1,18,1,52,1" doraHai="47" who="3" fromWho="0" sc="250,-52,260,0,240,0,250,52" /><INIT seed="2,0,0,0,5,96" ten="198,260,240,302" oya="2" hai0="90,121,97,7,32,87,82,119,40,16,46,21,3" hai1="45,23,108,37,53,117,42,15,1,81,104,71,110" hai2="31,34,41,118,107,51,33,4,92,66,65,0,91" hai3="131,116,49,122,47,123,13,129,26,75,63,39,109"/><V114/><F114/><W78/><G116/><T88/><D121/><U9/><E117/><V54/><F118/><W94/><G39/><T130/><D119/><U93/><E104/><V77/><F107/><W134/><G109/><T19/><D32/><U38/><E71/><V36/><F77/><W17/><G134/><T56/><D130/><N who="3" m="49673" /><G26/><T43/><D3/><U20/><E38/><V125/><F125/><W84/><G63/><T102/><D7/><U79/><E53/><V106/><F106/><W28/><G28/><T14/><D56/><U85/><E93/><V74/><F31/><W25/><G25/><T124/><D124/><U5/><REACH who="1" step="1"/><E1/><REACH who="1" ten="198,250,240,302" step="2"/><V76/><F0/><W64/><G94/><N who="0" m="58679" /><D46/><U73/><E73/><V101/><F74/><W52/><G75/><T59/><D59/><U115/><E115/><V133/><F92/><W58/><G58/><T113/><D113/><U48/><E48/><V12/><F51/><W35/><G49/><T80/><D19/><U29/><E29/><V67/><F36/><W60/><G17/><T132/><D132/><U30/><E30/><V72/><F72/><W50/><G35/><T44/><D44/><U111/><AGARI ba="0,1" hai="5,9,15,20,23,37,42,45,79,81,85,108,110,111" machi="111" ten="30,4000,0" yaku="1,1,0,1,14,1,53,0" doraHai="96" doraHaiUra="61" who="1" fromWho="1" sc="198,-10,250,50,240,-20,302,-10" /><INIT seed="3,0,0,2,0,121" ten="188,300,220,292" oya="3" hai0="120,124,95,12,86,37,13,85,15,131,66,68,40" hai1="11,64,109,36,10,81,1,27,30,21,78,67,73" hai2="46,111,99,22,92,39,3,53,87,0,117,88,58" hai3="133,106,108,29,129,52,96,20,126,69,2,18,114"/><W119/><RYUUKYOKU type="yao9" ba="0,0" sc="188,0,300,0,220,0,292,0" hai3="2,18,20,29,52,69,96,106,108,114,119,126,129,133" /><INIT seed="3,1,0,1,1,55" ten="188,300,220,292" oya="3" hai0="33,125,81,58,48,52,110,66,37,1,102,77,132" hai1="121,30,43,68,50,54,86,103,4,14,59,39,128" hai2="3,16,74,135,70,56,32,130,17,49,67,107,96" hai3="114,29,10,134,72,109,7,63,101,127,28,82,100"/><W87/><G114/><T31/><D1/><U71/><E121/><V78/><F3/><W60/><G72/><T64/><D110/><U94/><E128/><V116/><F130/><W118/><G118/><T122/><D122/><U120/><E120/><V124/><F135/><W0/><G134/><T46/><D132/><U61/><E30/><V23/><F32/><W19/><G127/><T44/><D125/><U75/><E75/><V8/><F116/><W9/><G109/><T133/><D133/><U18/><E4/><V27/><F70/><W45/><G45/><T98/><D31/><U22/><E103/><V97/><F107/><W24/><G19/><T38/><D33/><U26/><E26/><V83/><F124/><W92/><G10/><T11/><D11/><U35/><E35/><V131/><F131/><W99/><G100/><T34/><D34/><U115/><E115/><V40/><F40/><W6/><G6/><T79/><D46/><N who="1" m="23935" /><E61/><V113/><F113/><W80/><G80/><T53/><D37/><U93/><E93/><V95/><F95/><W76/><G29/><T20/><D20/><AGARI ba="1,0" hai="0,7,9,20,24,28,60,63,76,82,87,92,99,101" machi="20" ten="30,1500,0" yaku="7,1" doraHai="55" who="3" fromWho="0" sc="188,-18,300,0,220,0,292,18" /><INIT seed="3,2,0,0,4,89" ten="170,300,220,310" oya="3" hai0="64,84,51,26,119,75,50,45,66,25,79,87,108" hai1="12,8,33,113,68,36,1,126,102,38,76,54,77" hai2="83,35,34,128,29,5,107,82,90,74,2,135,121" hai3="40,4,134,15,10,65,44,129,91,106,96,47,11"/><W104/><G134/><T57/><D119/><U117/><E113/><V109/><F135/><W131/><G65/><T19/><D75/><U30/><E1/><V0/><F107/><W18/><G104/><T61/><D108/><U49/><E68/><V72/><F90/><W24/><G24/><T73/><D73/><U3/><E3/><V52/><F109/><W86/><G96/><T81/><D64/><U41/><E102/><V42/><F42/><W115/><G106/><T85/><D50/><U127/><E117/><V97/><F97/><W99/><G99/><T9/><D9/><U112/><E112/><V6/><F29/><W62/><G62/><T101/><D101/><U110/><E110/><V100/><F100/><W28/><G28/><T17/><D26/><U32/><E41/><V67/><F67/><W124/><G124/><T120/><D120/><U43/><E43/><V27/><F27/><W13/><G115/><T23/><REACH who="0" step="1"/><D17/><REACH who="0" ten="160,300,220,310" step="2"/><U88/><E49/><V31/><F121/><W114/><G114/><T70/><D70/><U53/><E8/><V92/><F74/><W123/><G123/><T125/><D125/><U14/><E30/><V122/><F72/><W60/><G60/><T71/><D71/><U22/><E127/><V116/><F122/><W69/><G69/><T48/><D48/><U39/><E126/><V130/><F31/><W133/><G133/><T7/><D7/><U93/><E39/><V103/><F103/><W58/><G4/><T105/><D105/><U21/><E38/><V94/><F116/><W95/><G18/><T37/><D37/><RYUUKYOKU ba="2,1" sc="160,15,300,-15,220,15,310,-15" hai0="19,23,25,45,51,57,61,66,79,81,84,85,87" hai2="0,2,5,6,34,35,52,82,83,92,94,128,130" /><INIT seed="4,3,1,5,1,123" ten="175,285,235,295" oya="0" hai0="116,127,77,28,118,20,126,57,100,55,0,119,71" hai1="63,83,113,122,99,79,46,61,39,129,45,95,14" hai2="134,58,66,33,97,74,93,1,50,76,3,91,104" hai3="121,131,9,10,70,30,54,75,105,27,62,73,92"/><T114/><D0/><U38/><E122/><V96/><F134/><W67/><G121/><T16/><D71/><U90/><E129/><V130/><F130/><W7/><G131/><T69/><D69/><U125/><E125/><N who="0" m="47625" /><D100/><U108/><E113/><V18/><F33/><W11/><G105/><T49/><D114/><U109/><E14/><V51/><F104/><W31/><G31/><T111/><D77/><U2/><E2/><V26/><F97/><W64/><G64/><T19/><D111/><U86/><E46/><V37/><F37/><W40/><G40/><T94/><D94/><U25/><E25/><AGARI ba="3,1" hai="16,19,20,25,28,49,55,57,116,118,119" m="47625" machi="25" ten="40,3900,0" yaku="18,1,54,1" doraHai="123" who="0" fromWho="1" sc="175,58,285,-48,235,0,295,0" /><INIT seed="4,4,0,1,3,108" ten="233,237,235,295" oya="0" hai0="121,3,59,96,64,130,132,55,94,107,66,117,57" hai1="76,21,75,67,43,78,17,35,88,70,29,125,95" hai2="0,62,135,102,87,116,44,30,45,12,68,124,85" hai3="81,38,15,23,90,14,126,93,89,99,8,104,129"/><T36/><D121/><U133/><E125/><V91/><F0/><W40/><G126/><T39/><D117/><U73/><E133/><V123/><F116/><W11/><G104/><T4/><D107/><U28/><E43/><V83/><F124/><W5/><G129/><T72/><D72/><U113/><E70/><V109/><F109/><W79/><G23/><T56/><D130/><U103/><E103/><V80/><F135/><W31/><G31/><T25/><D132/><U34/><E67/><V131/><F102/><W86/><G40/><T46/><D3/><U2/><E2/><V119/><F123/><W13/><G38/><T60/><D4/><U120/><E120/><V27/><F119/><W77/><REACH who="3" step="1"/><G14/><REACH who="3" ten="233,237,235,285" step="2"/><T58/><D25/><U98/><E21/><V41/><F41/><W92/><G92/><T22/><D22/><U84/><E95/><V65/><F12/><W53/><G53/><T112/><D36/><U7/><E29/><V18/><F131/><W47/><G47/><T50/><D39/><U114/><E28/><V49/><F30/><W97/><G97/><T100/><REACH who="0" step="1"/><D112/><REACH who="0" ten="223,237,235,285" step="2"/><U69/><E114/><V74/><F27/><W111/><G111/><T6/><D6/><AGARI ba="4,2" hai="5,6,8,11,13,15,77,79,81,86,89,90,93,99" machi="6" ten="30,7700,0" yaku="1,1,7,1,9,1,8,1,53,0" doraHai="108" doraHaiUra="33" who="3" fromWho="0" sc="223,-89,237,0,235,0,285,109" /><INIT seed="5,0,0,0,5,49" ten="134,237,235,394" oya="1" hai0="92,119,37,60,126,58,114,45,7,48,83,94,95" hai1="4,108,97,12,3,17,85,38,135,57,50,128,122" hai2="65,40,73,62,52,104,82,123,53,78,20,112,0" hai3="69,27,106,34,124,110,120,93,127,18,71,6,59"/><U25/><E38/><V22/><F123/><W89/><G106/><T87/><D119/><U28/><E122/><V21/><F104/><W41/><G110/><T10/><D114/><U121/><E121/><V44/><F0/><W116/><G120/><T115/><D115/><U51/><E108/><V68/><REACH who="2" step="1"/><F112/><REACH who="2" ten="134,237,225,394" step="2"/><W42/><G116/><T66/><D126/><U88/><E3/><V9/><F9/><W11/><G11/><T118/><D118/><U23/><E135/><V117/><F117/><W111/><G124/><T100/><D37/><AGARI ba="0,1" hai="20,21,22,37,40,44,52,53,62,65,68,73,78,82" machi="37" ten="40,12000,2" yaku="1,1,52,2,54,1,53,3" doraHai="49" doraHaiUra="19" who="2" fromWho="0" sc="134,-120,237,0,225,130,394,0" /><INIT seed="6,0,0,0,5,38" ten="14,237,355,394" oya="2" hai0="4,72,37,70,103,110,84,78,109,75,94,53,126" hai1="101,15,71,23,33,1,28,52,120,26,63,121,132" hai2="10,14,7,59,12,83,127,42,57,44,41,47,40" hai3="90,125,6,96,131,106,56,73,86,115,48,25,54"/><V45/><F127/><W123/><G123/><T21/><D37/><U88/><E132/><V133/><F133/><W55/><G73/><T89/><D70/><U3/><E101/><V69/><F69/><W30/><G30/><T64/><BYE who="3" /><D4/><U91/><E3/><V130/><F130/><W93/><G93/><T5/><D64/><U95/><E1/><V36/><F36/><W107/><G107/><T92/><D5/><U32/><E71/><V97/><F14/><W111/><G111/><T24/><D126/><U29/><E15/><V39/><F39/><W16/><G16/><T27/><D21/><U13/><E13/><V49/><F49/><W66/><G66/><T60/><D60/><U114/><E114/><V20/><F20/><W2/><G2/><T19/><D19/><U108/><E108/><V67/><F67/><W62/><G62/><T122/><D122/><N who="1" m="47211" /><E29/><V112/><F112/><W116/><G116/><T99/><D110/><U76/><E76/><V65/><F65/><W82/><G82/><T68/><D109/><U46/><E91/><V80/><F97/><W87/><G87/><T104/><D68/><U98/><E46/><V129/><F129/><W43/><G43/><T77/><D53/><U85/><E85/><V105/><F105/><W58/><G58/><AGARI ba="0,0" hai="23,26,28,32,33,52,58,63,88,95,98" m="47211" machi="58" ten="30,3900,0" yaku="13,1,54,2" doraHai="38" who="1" fromWho="3" sc="14,0,237,39,355,0,394,-39" /><AGARI ba="0,0" hai="7,10,12,40,41,42,44,45,47,57,58,59,80,83" machi="58" ten="40,12000,1" yaku="8,1,52,3" doraHai="38" who="2" fromWho="3" sc="14,0,276,0,355,120,355,-120" /><INIT seed="6,1,0,3,2,59" ten="14,276,475,235" oya="2" hai0="43,50,25,73,132,83,94,129,68,82,16,39,127" hai1="24,124,2,49,3,128,61,21,110,17,131,104,65" hai2="111,72,115,78,118,57,98,20,41,8,44,60,66" hai3="36,90,31,35,117,119,14,99,48,126,56,29,130"/><V58/><F111/><W103/><G103/><T120/><D120/><U116/><E116/><V122/><F115/><W74/><G74/><T67/><D127/><U93/><E104/><V86/><F122/><W23/><G23/><T134/><D39/><U135/><E110/><UN n3="%E9%98%BF%E9%83%A8%E5%AF%9B%EF%BC%A0%E9%B3%B3%E5%8D%93" /><V45/><F72/><W28/><G36/><T81/><D73/><U13/><E124/><V71/><F45/><W88/><G126/><T100/><D129/><N who="1" m="49739" /><E135/><V34/><F34/><W108/><G35/><T80/><N who="0" m="20480" /><DORA hai="123" /><T5/><D5/><U85/><E49/><V19/><F86/><W112/><G108/><T47/><D100/><U101/><E13/><V95/><F78/><W87/><G130/><T70/><D94/><U107/><E107/><V51/><F8/><W22/><G87/><T52/><D43/><U69/><E85/><V11/><F11/><W37/><G37/><T97/><D97/><AGARI ba="1,0" hai="2,3,17,21,24,61,65,69,93,97,101" m="49739" machi="97" ten="30,2000,0" yaku="19,1,52,1" doraHai="59,123" who="1" fromWho="0" sc="14,-23,276,23,475,0,235,0" owari="-9,-50.9,299,9.9,475,57.5,235,-16.5" /></mjloggm>