<mjloggm ver="2.3"><GO type="169" lobby="0"/><UN n0="%E8%BE%9B%E5%8F%A3%E3%82%AB%E3%83%AC%E3%83%BC%E3%83%A9%E3%82%A4%E3%82%B9" n1="%46%75%77%61" n2="%E7%81%AB%E9%9C%8A%E5%A4%A2" n3="%E8%8C%B6%E5%BA%A6" dan="16,17,17,16" rate="2134.26,2179.70,2188.50,2121.67" sx="M,M,M,M"/><TAIKYOKU oya="0"/><INIT seed="0,0,0,3,3,111" ten="250,250,250,250" oya="0" hai0="13,58,122,59,107,39,16,55,51,62,47,17,44" hai1="131,52,113,129,2,123,67,60,26,27,79,65,135" hai2="46,43,115,86,15,28,8,72,38,99,21,19,25" hai3="24,83,110,18,100,4,64,119,80,128,125,74,124"/><T89/><D122/><U81/><E123/><V118/><F72/><W116/><G64/><T35/><D35/><U112/><E2/><V22/><F118/><W133/><G4/><T93/><D107/><U91/><E91/><V90/><F99/><W105/><G24/><N who="1" m="9258" /><E135/><V75/><F75/><W66/><G66/><N who="1" m="25098" /><E60/><V63/><F63/><W84/><G133/><T49/><D39/><U56/><E56/><V71/><F71/><W3/><G3/><T130/><D130/><N who="1" m="49675" /><E52/><V41/><F41/><W69/><G69/><T87/><D62/><U132/><E132/><V57/><F57/><N who="0" m="21514" /><D13/><U102/><E102/><V104/><F104/><W109/><G100/><T114/><D114/><N who="1" m="44139" /><E81/><V97/><F115/><W121/><G83/><T36/><D36/><U68/><E79/><V127/><F97/><W95/><G80/><T106/><D106/><U61/><E61/><V88/><F90/><W12/><G105/><T10/><D10/><U9/><E9/><V33/><F127/><W85/><G125/><T70/><D70/><AGARI ba="0,0" hai="68,70" m="44139,49675,25098,9258" machi="70" ten="40,12000,2" yaku="28,2,19,1,11,1,52,3" doraHai="111" who="1" fromWho="0" sc="250,-120,250,120,250,0,250,0" /><INIT seed="1,0,0,4,3,34" ten="130,370,250,250" oya="1" hai0="45,31,129,25,17,106,43,67,96,62,12,89,49" hai1="75,42,114,13,98,112,78,26,117,16,82,73,101" hai2="68,135,70,103,20,61,95,29,134,77,81,124,63" hai3="113,36,86,0,116,44,6,65,84,30,118,131,21"/><U7/><E117/><V2/><F124/><W128/><G113/><T52/><D129/><N who="3" m="49737" /><G65/><T92/><D106/><U37/><E75/><V47/><F47/><W40/><G30/><T100/><D100/><U22/><E42/><V24/><F2/><W97/><G21/><T127/><D127/><U115/><E37/><V85/><F103/><W132/><G97/><T19/><D43/><U32/><E32/><V105/><F105/><W23/><G23/><T111/><D111/><U8/><REACH who="1" step="1"/><E115/><REACH who="1" ten="130,360,250,250" step="2"/><V33/><F33/><W80/><G132/><T83/><D83/><U54/><E54/><V120/><F135/><W74/><G74/><T122/><D122/><U93/><AGARI ba="0,1" hai="7,8,13,16,22,26,73,78,82,93,98,101,112,114" machi="93" ten="20,7800,0" yaku="1,1,0,1,7,1,54,1,53,0" doraHai="34" doraHaiUra="123" who="1" fromWho="1" sc="130,-26,360,88,250,-26,250,-26" /><INIT seed="1,1,0,2,4,47" ten="104,448,224,224" oya="1" hai0="85,126,118,79,82,34,135,10,64,111,32,122,0" hai1="52,16,121,124,20,86,87,69,90,65,63,130,129" hai2="131,96,50,40,94,117,83,28,33,9,80,133,74" hai3="11,61,5,112,99,62,39,72,27,44,21,24,103"/><U127/><E121/><V108/><F117/><W42/><G72/><T6/><D118/><U4/><E4/><V58/><F108/><W100/><G112/><T106/><D111/><U54/><E87/><V46/><F74/><W59/><G62/><T12/><D122/><U107/><E107/><V125/><F125/><N who="1" m="48201" /><E90/><V102/><F133/><W57/><G57/><T14/><D126/><U17/><E86/><V23/><F33/><W71/><G71/><T116/><D116/><U110/><E110/><V55/><F131/><N who="1" m="50185" /><E17/><V109/><F109/><W56/><G103/><T49/><D106/><U29/><E29/><V45/><F9/><W101/><G11/><T120/><D120/><U73/><E73/><V105/><F105/><W53/><G5/><T77/><D77/><U15/><AGARI ba="1,0" hai="15,16,20,52,54,63,65,69" m="50185,48201" machi="15" ten="30,11700,0" yaku="18,1,19,1,54,2" doraHai="47" who="1" fromWho="1" sc="104,-40,448,120,224,-40,224,-40" /><INIT seed="1,2,0,4,3,37" ten="64,568,184,184" oya="1" hai0="77,124,55,45,56,60,130,70,74,63,84,49,59" hai1="50,1,10,53,116,52,110,76,7,71,72,120,39" hai2="135,92,32,118,23,47,95,66,15,109,12,62,88" hai3="73,17,40,107,102,105,91,94,21,69,24,13,8"/><U42/><E116/><V67/><F32/><W121/><G69/><T20/><D74/><U26/><E120/><V89/><F118/><W93/><G73/><T33/><D33/><U101/><E71/><V18/><F109/><W51/><G121/><T28/><D130/><U117/><E117/><V11/><F135/><W19/><G102/><T126/><D77/><U113/><E113/><V61/><F47/><W65/><G65/><N who="0" m="41255" /><D84/><U100/><E26/><V4/><F66/><W48/><G94/><T3/><D3/><U99/><E110/><V41/><F41/><W98/><REACH who="3" step="1"/><G40/><REACH who="3" ten="64,568,184,174" step="2"/><N who="0" m="24743" /><D20/><U57/><E101/><V58/><F62/><W134/><G134/><T68/><D28/><U87/><E72/><V81/><F81/><W35/><G35/><T131/><D131/><U132/><E132/><V31/><F31/><W27/><G27/><T16/><D16/><U30/><E30/><V54/><F67/><W127/><G127/><N who="0" m="48683" /><D68/><U125/><E125/><V129/><F129/><W2/><G2/><T34/><D34/><U97/><E100/><V90/><AGARI ba="2,1" hai="4,11,12,15,18,23,54,58,61,88,89,90,92,95" machi="90" ten="30,4000,0" yaku="0,1,8,1,54,1" doraHai="37" who="2" fromWho="2" sc="64,-12,568,-22,184,56,174,-12" /><INIT seed="2,0,0,4,3,33" ten="52,546,240,162" oya="2" hai0="111,133,59,115,38,85,16,41,52,104,73,120,45" hai1="7,99,114,117,61,18,77,2,112,67,54,42,5" hai2="129,126,64,69,24,103,88,106,108,60,109,17,65" hai3="14,75,130,49,95,92,80,9,121,68,82,35,86"/><V93/><F65/><W70/><G35/><T57/><D115/><U4/><E117/><V84/><F129/><W19/><G121/><T76/><D120/><U74/><E42/><V20/><F126/><W39/><G39/><T12/><D73/><U62/><E114/><V50/><F106/><W26/><G130/><T124/><D111/><N who="2" m="42570" /><F50/><W29/><G75/><T21/><D124/><U96/><E112/><V79/><F103/><W119/><G80/><T113/><D113/><U116/><E116/><V0/><F0/><W6/><G119/><T44/><D104/><U98/><E67/><V36/><F36/><W28/><G68/><T66/><D133/><U34/><E34/><V135/><F79/><W91/><G70/><T131/><D131/><U107/><E107/><V78/><F78/><W48/><G48/><T118/><D118/><U46/><E77/><V125/><F125/><W122/><G122/><T31/><D31/><N who="3" m="11849" /><G49/><T13/><D13/><U94/><E74/><V63/><F63/><W23/><AGARI ba="0,0" hai="6,9,14,19,23,26,82,86,91,92,95" m="11849" machi="23" ten="30,1100,0" yaku="8,1" doraHai="33" who="3" fromWho="3" sc="52,-3,546,-3,240,-5,162,11" /><INIT seed="3,0,0,5,2,62" ten="49,543,235,173" oya="3" hai0="52,53,101,65,78,55,61,119,21,100,31,128,48" hai1="106,64,117,63,36,83,89,79,130,115,30,16,8" hai2="95,42,33,120,39,96,25,57,102,90,26,86,29" hai3="129,113,121,6,85,87,23,110,38,24,34,19,43"/><W41/><G113/><T28/><D119/><U105/><E115/><V135/><F135/><W66/><G121/><T75/><D128/><U14/><E130/><V93/><F120/><W107/><G107/><T20/><D75/><U126/><E126/><V18/><F39/><W22/><G34/><T98/><D78/><U40/><E117/><V46/><F25/><W0/><G6/><T74/><D74/><U82/><E30/><N who="0" m="11305" /><D48/><U112/><E112/><V88/><F18/><W104/><G104/><T108/><D108/><U27/><E27/><V12/><F12/><W133/><G41/><T118/><D118/><U84/><E40/><V91/><F57/><W123/><G43/><T13/><D98/><U3/><E3/><V5/><F5/><W80/><G38/><T60/><D60/><U122/><E122/><V70/><F70/><W47/><G129/><T44/><D44/><U45/><E45/><V92/><F92/><W2/><G47/><T35/><D35/><U94/><E36/><V68/><F68/><W72/><G72/><T15/><D15/><U131/><E131/><V77/><F77/><W71/><G71/><T111/><D111/><U99/><E82/><V32/><F33/><W73/><G110/><T50/><D50/><U11/><E11/><V69/><F69/><AGARI ba="0,0" hai="8,14,16,63,64,69,79,83,84,89,94,99,105,106" machi="69" ten="30,3900,0" yaku="7,1,52,1,54,1" doraHai="62" who="1" fromWho="2" sc="49,0,543,39,235,-39,173,0" /><INIT seed="4,0,0,1,2,26" ten="49,582,196,173" oya="0" hai0="84,115,38,47,93,40,117,57,45,61,52,66,56" hai1="12,63,105,54,126,114,118,88,81,36,59,111,46" hai2="133,11,60,101,128,14,131,7,9,68,92,41,44" hai3="73,29,107,96,77,3,106,98,116,15,82,30,122"/><T10/><D117/><U24/><E111/><V119/><F133/><W85/><G3/><T27/><D115/><U39/><E118/><V32/><F119/><W51/><G116/><T127/><D127/><U20/><E105/><V104/><F104/><W112/><G112/><T94/><D10/><U25/><E114/><V130/><F32/><W89/><G122/><T125/><D125/><U2/><E2/><V79/><F79/><W129/><G129/><T70/><D27/><U103/><E103/><V8/><F101/><N who="3" m="62759" /><G51/><N who="0" m="28783" /><D84/><U123/><E123/><V91/><F60/><W28/><G107/><T34/><D93/><U62/><E126/><V65/><F65/><W75/><G75/><T120/><D94/><U23/><E36/><V35/><F35/><W69/><G15/><T42/><D34/><U99/><E39/><N who="2" m="21567" /><F68/><W113/><G113/><T87/><D87/><AGARI ba="0,0" hai="7,8,9,11,14,87,91,92,128,130,131" m="21567" machi="87" ten="30,1000,0" yaku="19,1" doraHai="26" who="2" fromWho="0" sc="49,-10,582,0,196,10,173,0" /><INIT seed="5,0,0,0,0,58" ten="39,582,206,173" oya="1" hai0="31,103,131,48,120,110,39,109,17,62,9,117,121" hai1="20,73,113,116,6,91,18,112,8,36,57,88,86" hai2="43,83,87,3,70,63,46,98,23,128,38,34,93" hai3="52,47,53,51,72,97,55,81,11,130,69,106,24"/><U45/><E116/><V82/><F34/><W71/><G130/><T78/><D78/><U134/><E73/><V101/><F128/><W108/><G108/><N who="0" m="41579" /><D103/><U74/><E74/><V135/><F3/><W118/><G118/><T111/><N who="0" m="41587" /><T15/><DORA hai="16" /><D39/><U21/><E134/><V80/><F135/><W14/><G106/><T65/><D48/><U33/><E33/><V61/><F70/><W29/><G97/><T77/><D77/><U27/><E57/><V60/><REACH who="2" step="1"/><F23/><REACH who="2" ten="39,582,196,173" step="2"/><W85/><G71/><T90/><D131/><U76/><E21/><V37/><F37/><W107/><G69/><T68/><D117/><U0/><E36/><V75/><F75/><W127/><G72/><T59/><D31/><U41/><E113/><V66/><F66/><W50/><G29/><T30/><D30/><U129/><E112/><V115/><F115/><W124/><G127/><T54/><D68/><U123/><E129/><V126/><F126/><W12/><G124/><T49/><D65/><U25/><E123/><V92/><F92/><W4/><G107/><T5/><D120/><U22/><E0/><V105/><F105/><W42/><G51/><T64/><D49/><U19/><E22/><V13/><F13/><N who="3" m="5351" /><G24/><T95/><D121/><U119/><E25/><V122/><F122/><W26/><G26/><T102/><D64/><U89/><E119/><V100/><F100/><W56/><G56/><T7/><D102/><U104/><E104/><V1/><F1/><W35/><G35/><T44/><D44/><U132/><E45/><V28/><F28/><W32/><G32/><RYUUKYOKU ba="0,1" sc="39,10,582,-30,196,10,173,10" hai0="5,7,9,15,17,54,59,62,90,95" hai2="38,43,46,60,61,63,80,82,83,87,93,98,101" hai3="12,14,42,47,50,52,53,55,81,85" /><INIT seed="6,1,1,2,2,21" ten="49,552,206,183" oya="2" hai0="83,67,62,90,49,46,119,91,127,18,55,48,74" hai1="99,19,58,17,42,47,30,41,50,115,33,132,34" hai2="101,97,134,32,12,76,5,116,94,37,40,75,114" hai3="15,121,89,57,54,51,65,135,122,23,68,87,13"/><V120/><F116/><W79/><G135/><T100/><D127/><U10/><E115/><V4/><F120/><W26/><G79/><T3/><D119/><U16/><E132/><V8/><F134/><W38/><G38/><T25/><D3/><U29/><E42/><V88/><F114/><W71/><G71/><T86/><D100/><U92/><E10/><V110/><F110/><W7/><G68/><T106/><D106/><U131/><E131/><V77/><F75/><W112/><G112/><T105/><D105/><U27/><E58/><V56/><F32/><W82/><G65/><T123/><D123/><U60/><E60/><V73/><F73/><W0/><G0/><T43/><D74/><U104/><E104/><V118/><F118/><W20/><G13/><T109/><D109/><U129/><E129/><V35/><F35/><W61/><G61/><T78/><D62/><U66/><E66/><V80/><F4/><W133/><G133/><T102/><D102/><U72/><E72/><V31/><F31/><W44/><G57/><T98/><D98/><U52/><E41/><V95/><F80/><W108/><G108/><T130/><D67/><U107/><E107/><V1/><F1/><W2/><G2/><T126/><D126/><U128/><E128/><V84/><F56/><W28/><G7/><T6/><D6/><U117/><E117/><V59/><F59/><W125/><G125/><T85/><D85/><U22/><REACH who="1" step="1"/><E30/><REACH who="1" ten="49,542,206,183" step="2"/><V53/><F53/><W96/><G122/><T45/><D130/><U103/><AGARI ba="1,2" hai="16,17,19,22,27,29,33,34,47,50,52,92,99,103" machi="103" ten="30,12000,2" yaku="1,1,2,1,0,1,52,1,54,2,53,0" doraHai="21" doraHaiUra="81" who="1" fromWho="1" sc="49,-31,542,143,206,-61,183,-31" /><INIT seed="7,0,0,4,0,99" ten="18,685,145,152" oya="3" hai0="131,89,117,88,118,54,38,23,57,122,10,11,51" hai1="107,3,24,43,36,26,65,71,66,12,134,82,28" hai2="50,101,123,56,5,74,90,119,33,29,115,130,124" hai3="6,81,70,125,0,79,69,72,62,31,58,98,1"/><W40/><G125/><T85/><D122/><U27/><E3/><V4/><F119/><W128/><G128/><T49/><D38/><U91/><E107/><V60/><F74/><W67/><G31/><T108/><D131/><U97/><E134/><V132/><F130/><W18/><G18/><T110/><D23/><U35/><E43/><V44/><F101/><W42/><G1/><T20/><D20/><U61/><E36/><V109/><F109/><W9/><G42/><T105/><D105/><U114/><E114/><V133/><F115/><W112/><G112/><T120/><D85/><U21/><E66/><N who="2" m="39175" /><F124/><W126/><G126/><T34/><D57/><U76/><E12/><V17/><F17/><W86/><G86/><T92/><D92/><U84/><E97/><V37/><F37/><W8/><G8/><T30/><D30/><U59/><E71/><V100/><F100/><W13/><G13/><T75/><D75/><U83/><E35/><V93/><F123/><W32/><G32/><T103/><D34/><U19/><E28/><V87/><F29/><W64/><G64/><T94/><D94/><U68/><E68/><V15/><F15/><W14/><G14/><T2/><D2/><U25/><E76/><V39/><F39/><W135/><G70/><T7/><D7/><N who="2" m="2634" /><F33/><W116/><G69/><T46/><D120/><U53/><E65/><V63/><F63/><W96/><G116/><T80/><D80/><AGARI ba="0,0" hai="19,21,24,25,26,27,53,59,61,80,82,83,84,91" machi="80" ten="40,1300,0" yaku="8,1" doraHai="99" who="1" fromWho="0" sc="18,-13,685,13,145,0,152,0" owari="5,-49.5,698,79.8,145,-25.5,152,-4.8" /></mjloggm>