<mjloggm ver="2.3"><GO type="169" lobby="0"/><UN n0="%E7%89%8C%E6%B5%81%E7%8A%B6%E6%85%8B%E9%BA%BB%E9%9B%80" n1="%E5%A4%A9%E5%AE%89%E9%96%80%E5%BF%98%E5%8D%B4" n2="%E6%B2%B3%E5%8F%A3%E7%A5%90%E5%B8%8C" n3="%E3%83%95%E3%82%AF%E3%83%80%E3%83%B3%E3%83%81%E3%83%A7" dan="16,16,16,16" rate="2136.92,2044.81,2042.02,2141.06" sx="M,M,M,M"/><TAIKYOKU oya="0"/><INIT seed="0,0,0,3,2,129" ten="250,250,250,250" oya="0" hai0="9,73,77,118,96,119,127,78,124,55,22,4,45" hai1="120,128,38,42,131,27,2,101,80,51,13,121,66" hai2="122,47,62,84,33,110,24,107,123,102,90,81,117" hai3="126,106,59,132,53,30,39,65,10,11,8,21,50"/><T60/><D22/><U36/><E2/><V57/><F47/><W86/><G106/><T111/><D96/><U3/><E3/><V94/><F33/><W12/><G39/><N who="1" m="14890" /><E101/><V35/><F35/><W64/><G126/><N who="0" m="48171" /><D111/><U44/><E27/><V15/><F15/><W114/><G132/><T40/><D40/><U115/><E80/><V88/><F24/><N who="3" m="16655" /><G114/><T95/><D95/><U56/><E13/><V5/><F5/><N who="3" m="3087" /><G86/><T91/><D73/><U0/><E0/><V87/><F110/><W23/><G23/><T92/><D119/><U130/><E115/><V67/><F117/><W105/><G105/><T99/><D118/><U135/><E135/><V14/><F14/><W34/><G34/><T93/><D4/><U25/><E25/><V134/><F134/><W52/><G53/><T37/><D9/><AGARI ba="0,0" hai="9,10,11,50,52,59,64,65" m="3087,16655" machi="9" ten="30,2000,0" yaku="8,1,54,1" doraHai="129" who="3" fromWho="0" sc="250,-20,250,0,250,0,250,20" /><INIT seed="1,0,0,5,0,99" ten="230,250,250,270" oya="1" hai0="87,101,38,130,104,16,80,100,114,96,123,118,11" hai1="6,7,29,67,53,4,52,23,14,64,89,31,70" hai2="8,124,81,74,77,109,73,3,71,65,58,22,59" hai3="82,83,1,54,19,132,33,18,131,117,86,85,40"/><U9/><E70/><V24/><F109/><W121/><G121/><T98/><D38/><U55/><E89/><V122/><F122/><W119/><G33/><T21/><D114/><U62/><E23/><V27/><F124/><W102/><G1/><T113/><D113/><U79/><E79/><V128/><F128/><W12/><G131/><T92/><D130/><U17/><REACH who="1" step="1"/><E62/><REACH who="1" ten="230,240,250,270" step="2"/><V60/><F22/><W127/><G119/><T34/><D123/><U76/><E76/><V129/><F77/><W93/><G117/><T61/><D61/><U88/><E88/><V120/><F60/><W28/><G83/><T32/><D118/><U68/><E68/><V56/><F71/><W0/><G82/><T133/><D133/><U115/><E115/><V97/><F81/><W91/><G132/><T111/><D111/><U72/><E72/><V15/><F73/><W75/><G91/><T36/><D11/><U43/><E43/><V112/><F74/><W116/><G40/><T44/><D80/><U90/><E90/><V134/><F8/><W78/><G75/><T125/><D87/><U10/><E10/><V49/><F112/><W42/><G78/><T66/><D125/><U35/><E35/><V103/><F134/><W105/><G85/><T46/><D34/><U69/><E69/><V25/><F129/><W26/><G86/><T37/><D32/><U50/><E50/><V51/><F49/><W45/><G116/><T108/><D108/><U126/><E126/><V84/><F51/><W39/><G127/><T20/><D20/><U110/><E110/><V107/><F84/><RYUUKYOKU ba="0,1" sc="230,-10,240,30,250,-10,270,-10" hai1="4,6,7,9,14,17,29,31,52,53,55,64,67" /><INIT seed="1,1,1,2,2,14" ten="220,270,240,260" oya="1" hai0="61,64,30,113,43,4,55,99,68,69,74,134,80" hai1="51,76,31,54,7,59,24,91,8,66,21,20,10" hai2="6,72,106,131,70,85,42,112,116,52,101,87,88" hai3="108,53,84,44,28,23,60,118,93,98,67,63,110"/><U86/><E76/><V41/><F70/><W17/><G28/><T109/><D113/><U25/><E66/><V107/><F116/><W71/><G84/><T133/><D109/><N who="3" m="42089" /><G118/><T128/><D128/><U38/><E38/><V56/><F101/><W114/><G114/><T124/><D124/><U35/><E7/><V100/><F6/><W132/><G132/><T89/><D69/><U111/><E35/><V120/><F100/><N who="3" m="60495" /><G60/><T73/><D30/><U36/><E36/><V122/><F72/><W82/><G82/><T115/><D115/><U103/><E103/><V125/><F131/><W48/><G23/><T26/><D80/><U34/><E34/><V47/><F112/><W15/><G15/><T97/><D61/><U129/><E129/><V81/><F85/><W5/><G5/><T50/><D4/><U12/><E111/><V49/><F125/><W127/><G17/><T77/><D73/><U104/><E104/><V62/><REACH who="2" step="1"/><F41/><REACH who="2" ten="220,270,230,260" step="2"/><W95/><G95/><T126/><D43/><U117/><E117/><V37/><F37/><W33/><G127/><T13/><D126/><U18/><REACH who="1" step="1"/><E25/><REACH who="1" ten="220,260,230,260" step="2"/><V121/><AGARI ba="1,3" hai="42,47,49,52,56,62,81,87,88,106,107,120,121,122" machi="121" ten="30,7900,0" yaku="1,1,0,1,54,2,53,0" doraHai="14" doraHaiUra="90" who="2" fromWho="2" sc="220,-21,260,-40,230,112,260,-21" /><INIT seed="2,0,0,0,1,6" ten="199,220,342,239" oya="2" hai0="108,40,134,66,111,121,122,51,31,91,2,58,70" hai1="102,42,103,7,96,113,117,72,85,54,92,123,88" hai2="3,77,15,112,41,61,95,60,1,115,86,133,5" hai3="23,124,65,26,80,76,101,114,57,67,56,53,25"/><V30/><F133/><W97/><G114/><T94/><D2/><U48/><E113/><V135/><F30/><W4/><G4/><T8/><D31/><U62/><E123/><V81/><F135/><W11/><G11/><T78/><D78/><U128/><E128/><V132/><F132/><W93/><G57/><T44/><D134/><U98/><E72/><V126/><F126/><W50/><G26/><T120/><D8/><U16/><E117/><V106/><F106/><W118/><G118/><T55/><D91/><U39/><E7/><V109/><F1/><W69/><G69/><T29/><D94/><U34/><E34/><V99/><F3/><W33/><G33/><T0/><D29/><U100/><E62/><V129/><F129/><W130/><G124/><T35/><D0/><U9/><E42/><V13/><F13/><W59/><G59/><T104/><D104/><U18/><E39/><V73/><F41/><W46/><G56/><T89/><D89/><U20/><E9/><N who="2" m="4527" /><F73/><W49/><G49/><T68/><D35/><U43/><E43/><V21/><F21/><W27/><G130/><T38/><D70/><U107/><E107/><V90/><F109/><W45/><G45/><T37/><D37/><U125/><E125/><V127/><F127/><W28/><G25/><T75/><D75/><AGARI ba="0,0" hai="23,27,28,46,50,53,65,67,75,76,80,93,97,101" machi="75" ten="30,1000,0" yaku="7,1" doraHai="6" who="3" fromWho="0" sc="199,-10,220,0,342,0,239,10" /><INIT seed="3,0,0,0,4,11" ten="189,220,342,249" oya="3" hai0="62,52,36,29,91,60,49,113,58,69,130,28,102" hai1="24,100,18,65,4,27,25,41,88,72,94,117,1" hai2="79,56,23,110,8,84,6,15,66,78,85,77,54" hai3="2,124,33,70,47,121,87,133,9,96,98,53,74"/><W42/><G121/><T101/><D130/><U89/><E117/><V80/><F110/><W103/><G74/><T109/><D109/><U73/><E1/><V134/><F134/><W115/><G115/><T86/><D36/><U17/><E4/><V67/><F23/><W5/><G33/><T7/><D113/><U68/><E100/><N who="0" m="38505" /><D69/><U118/><E89/><V131/><F131/><W38/><G124/><T37/><D37/><U43/><E65/><N who="2" m="24587" /><F80/><W92/><G133/><T119/><D7/><U55/><E68/><V95/><F95/><W123/><G123/><T34/><D34/><U21/><E118/><V44/><F44/><W126/><G126/><T10/><D10/><U122/><E122/><V35/><F35/><W128/><G128/><T114/><D114/><U46/><E73/><V0/><F0/><W75/><G75/><T12/><D119/><U108/><E72/><V13/><F13/><W64/><G70/><T90/><D12/><N who="1" m="9383" /><E108/><V51/><AGARI ba="0,0" hai="6,8,15,51,54,56,77,78,79,84,85" m="24587" machi="51" ten="30,2000,0" yaku="8,1,52,1" doraHai="11" who="2" fromWho="2" sc="189,-5,220,-5,342,20,249,-10" /><INIT seed="4,0,0,1,4,73" ten="184,215,362,239" oya="0" hai0="120,74,1,20,39,15,36,127,91,110,106,29,119" hai1="2,117,58,75,130,12,14,24,112,118,69,27,94" hai2="85,61,41,89,104,59,60,44,18,49,16,5,62" hai3="125,103,93,71,50,123,124,96,28,107,0,26,21"/><T35/><RYUUKYOKU type="yao9" ba="0,0" sc="184,0,215,0,362,0,239,0" hai0="1,15,20,29,35,36,39,74,91,106,110,119,120,127" /><INIT seed="4,1,0,1,3,134" ten="184,215,362,239" oya="0" hai0="21,128,3,25,95,49,33,132,102,44,81,85,61" hai1="82,94,120,34,109,24,111,119,84,9,46,11,30" hai2="12,86,0,122,112,98,42,135,15,2,100,45,39" hai3="124,32,5,129,66,28,7,110,8,22,78,14,47"/><T58/><D132/><U118/><E94/><V68/><F122/><W87/><G66/><T41/><D128/><U75/><E75/><V103/><F68/><W131/><G47/><T64/><D3/><U123/><E46/><V1/><F112/><W88/><G78/><T23/><D33/><U90/><E123/><V35/><F35/><W19/><G110/><T40/><D40/><U93/><E120/><V10/><F135/><W59/><G59/><T80/><D21/><U104/><E104/><V36/><F15/><W115/><G115/><T106/><D106/><U6/><E11/><V77/><F98/><W99/><G99/><N who="0" m="59775" /><D85/><U117/><REACH who="1" step="1"/><E93/><REACH who="1" ten="184,205,362,239" step="2"/><V52/><F45/><W114/><G114/><T67/><D67/><U60/><E60/><V17/><F10/><W4/><G8/><T16/><AGARI ba="1,1" hai="16,23,25,41,44,49,58,61,64,80,81" m="59775" machi="16" ten="30,3000,0" yaku="8,1,54,1" doraHai="134" who="0" fromWho="0" sc="184,43,205,-11,362,-11,239,-11" /><INIT seed="4,2,0,2,5,5" ten="227,194,351,228" oya="0" hai0="43,34,50,132,116,40,52,8,133,110,41,94,44" hai1="123,67,46,115,126,117,112,1,125,71,113,61,25" hai2="3,24,135,108,70,28,16,59,30,33,87,0,77" hai3="91,2,51,90,106,35,127,119,82,81,131,38,68"/><T89/><D116/><U12/><E1/><N who="2" m="587" /><F59/><W17/><G106/><T83/><D34/><U74/><E74/><V11/><F87/><W37/><G35/><T54/><D110/><U39/><E117/><V111/><F77/><W84/><G2/><T63/><D83/><U76/><E76/><V86/><F86/><W10/><G119/><T26/><D26/><U18/><E25/><N who="2" m="18575" /><F70/><W122/><G68/><T118/><D118/><U47/><E123/><V88/><F88/><W60/><G122/><T69/><D8/><N who="1" m="6407" /><E39/><V102/><F102/><W124/><G38/><T29/><D29/><U103/><E103/><V85/><F85/><W48/><G37/><T19/><D19/><U99/><E99/><V32/><F135/><N who="0" m="51786" /><D89/><U80/><E80/><V31/><F31/><W58/><G90/><T27/><D94/><U36/><E36/><V101/><F101/><W97/><G82/><T53/><D27/><U92/><E92/><V23/><F11/><W120/><G10/><T93/><D93/><U45/><AGARI ba="2,0" hai="45,46,47,61,67,71,112,113,115,125,126" m="6407" machi="45" ten="40,5200,0" yaku="15,1,11,1,52,1" doraHai="5" who="1" fromWho="1" sc="227,-28,194,58,351,-15,228,-15" /><INIT seed="5,0,0,1,1,96" ten="199,252,336,213" oya="1" hai0="67,10,131,47,69,81,123,114,51,127,101,4,25" hai1="89,13,112,31,37,32,102,64,48,124,2,70,24" hai2="75,35,121,126,14,26,79,74,40,93,50,49,34" hai3="39,107,132,90,36,60,78,80,84,65,91,77,117"/><U0/><E37/><V119/><F93/><W18/><G117/><T111/><D111/><U5/><E112/><V15/><F14/><W95/><G132/><T71/><D114/><U129/><E129/><V30/><F15/><W125/><G125/><T72/><D127/><U58/><E124/><V76/><F40/><W110/><G107/><T19/><D131/><U27/><E89/><V97/><F97/><W38/><G18/><T100/><D123/><U16/><E70/><V85/><F85/><W135/><G135/><T23/><D72/><U86/><E86/><V109/><F26/><W133/><G133/><T54/><D81/><U11/><E102/><V42/><F42/><W115/><G110/><T43/><D43/><U52/><REACH who="1" step="1"/><E64/><REACH who="1" ten="199,242,336,213" step="2"/><V98/><F126/><W28/><G115/><T61/><REACH who="0" step="1"/><D71/><REACH who="0" ten="189,242,336,213" step="2"/><U53/><E53/><V113/><F113/><W105/><G38/><T7/><D7/><U130/><E130/><V99/><F109/><W66/><G39/><T20/><D20/><AGARI ba="0,2" hai="0,2,5,11,13,16,20,24,27,31,32,48,52,58" machi="20" ten="40,12000,1" yaku="1,1,54,2,53,1" doraHai="96" doraHaiUra="45" who="1" fromWho="0" sc="189,-120,242,140,336,0,213,0" /><INIT seed="5,1,0,2,3,36" ten="69,382,336,213" oya="1" hai0="55,111,20,56,89,73,63,18,123,43,14,116,35" hai1="33,37,12,7,5,48,95,128,129,65,102,122,22" hai2="113,4,93,86,80,96,27,101,39,74,99,64,52" hai3="28,72,78,60,58,29,13,75,32,81,70,50,97"/><U54/><E37/><V98/><F39/><W105/><G72/><T132/><D111/><U114/><E33/><V41/><F113/><W8/><G32/><T38/><D116/><U44/><E122/><V79/><F64/><W31/><G70/><T15/><D132/><U25/><E65/><V10/><F27/><W100/><G50/><T118/><D118/><U26/><E26/><V16/><F16/><W6/><REACH who="3" step="1"/><G29/><REACH who="3" ten="69,382,336,203" step="2"/><T77/><D35/><U108/><E48/><V9/><F74/><W91/><G91/><T130/><D89/><U109/><E109/><V53/><F101/><W87/><G87/><T76/><D123/><U84/><E102/><V45/><F99/><W88/><G88/><T57/><D73/><U119/><E84/><V21/><F98/><W19/><G19/><T42/><D38/><U30/><E30/><V121/><F121/><W103/><G103/><T85/><D85/><U62/><E108/><V66/><F86/><W47/><G47/><T133/><D133/><U24/><E44/><V120/><F45/><W61/><G61/><T83/><D18/><U59/><E62/><V117/><F96/><W92/><G92/><T94/><D63/><U112/><E95/><V11/><F93/><W126/><G126/><T110/><D94/><U115/><E115/><V127/><F127/><W134/><G134/><T68/><D110/><U125/><E125/><V3/><F120/><W51/><G51/><T0/><D68/><U34/><E114/><V107/><F117/><W106/><G106/><T104/><D104/><U2/><E112/><V71/><F107/><RYUUKYOKU ba="1,1" sc="69,-10,382,-10,336,-10,203,30" hai3="6,8,13,28,31,58,60,75,78,81,97,100,105" /><INIT seed="6,2,1,4,5,113" ten="59,372,326,233" oya="2" hai0="102,110,100,3,4,73,45,94,134,59,50,88,30" hai1="7,111,109,62,70,37,58,127,61,68,56,5,105" hai2="74,101,40,82,79,0,112,18,27,32,129,132,6" hai3="130,116,115,44,108,38,117,119,85,67,118,49,104"/><V9/><F112/><W81/><G108/><N who="1" m="41546" /><E105/><V33/><F129/><W36/><G115/><T51/><D110/><U48/><E7/><V35/><F132/><W80/><G104/><T122/><D122/><U23/><E23/><V121/><F101/><W8/><G130/><T29/><D73/><U21/><E21/><V63/><F18/><W10/><G67/><T41/><D134/><U43/><E5/><V131/><F131/><W34/><G34/><T72/><D72/><U133/><E133/><V76/><F76/><W15/><N who="3" m="29696" /><DORA hai="11" /><W2/><G2/><T14/><D3/><U87/><E87/><V89/><F89/><W28/><G28/><N who="0" m="10859" /><D51/><U107/><E48/><V123/><F27/><W16/><G8/><N who="0" m="4359" /><D59/><U125/><E58/><V84/><F84/><AGARI ba="2,1" hai="41,45,50,84,88,94,100,102" m="4359,10859" machi="84" ten="30,3900,0" yaku="8,1,52,1,54,1" doraHai="113,11" who="0" fromWho="2" sc="59,55,372,0,326,-45,233,0" /><INIT seed="7,0,0,2,0,117" ten="114,372,281,233" oya="3" hai0="82,134,78,61,74,45,56,68,47,70,98,135,115" hai1="112,88,55,10,132,104,79,19,18,12,63,28,36" hai2="131,96,109,125,99,2,92,108,33,127,6,27,11" hai3="44,83,48,49,21,29,103,53,46,77,105,50,40"/><W89/><G105/><T97/><D74/><U25/><E36/><V73/><F99/><W16/><G103/><T34/><D82/><U107/><E79/><V57/><F57/><W17/><G89/><T64/><D78/><U100/><E88/><V116/><F116/><W5/><G5/><T114/><D34/><U22/><E112/><N who="0" m="43049" /><D97/><U31/><E132/><N who="0" m="50729" /><D98/><U54/><E100/><V1/><F92/><W126/><G126/><N who="2" m="48137" /><F96/><W72/><G29/><T76/><D76/><U128/><E28/><N who="2" m="19615" /><F73/><W59/><G21/><T130/><D130/><U101/><E101/><V32/><F32/><W129/><G129/><T7/><D7/><U14/><E128/><V69/><F69/><W124/><G124/><T60/><D70/><U62/><E107/><V39/><F39/><W3/><G3/><N who="2" m="1033" /><F131/><W84/><G72/><T51/><D51/><U67/><E104/><V133/><F133/><W120/><G77/><T80/><D80/><U94/><E94/><V90/><F90/><W15/><G83/><T121/><D121/><U86/><E86/><V102/><F102/><W42/><G120/><T35/><D35/><U111/><E31/><V113/><F113/><W43/><G84/><T38/><D38/><U71/><E71/><V85/><F85/><W58/><G48/><T81/><D81/><U0/><E0/><AGARI ba="0,0" hai="0,6,11,108,109" m="1033,19615,48137" machi="0" ten="30,7700,0" yaku="18,1,23,1,34,2" doraHai="117" who="2" fromWho="1" sc="114,0,372,-77,281,77,233,0" owari="114,-38.6,295,9.5,358,45.8,233,-16.7" /></mjloggm>