<mjloggm ver="2.3"><GO type="169" lobby="0"/><UN n0="%E3%81%99%E3%81%84%E3%81%BE%E3%81%9B%E3%83%BC%E3%82%93" n1="%E7%9C%BC%E9%8F%A1%E3%81%AE%E7%94%B7%E3%81%AE%E5%AD%90" n2="%E8%B5%A4%E5%9F%8E%E7%9C%9F%E5%AD%90" n3="%7A%6F%6F%31%39%36%34" dan="16,16,17,18" rate="2169.87,2092.89,2174.52,2283.71" sx="M,M,F,M"/><TAIKYOKU oya="0"/><INIT seed="0,0,0,2,5,117" ten="250,250,250,250" oya="0" hai0="6,4,120,59,65,128,47,108,19,134,78,30,23" hai1="69,95,77,61,105,58,126,96,29,102,2,103,68" hai2="76,89,135,16,27,63,110,84,31,133,12,87,34" hai3="39,67,88,52,42,79,123,73,122,40,107,10,20"/><T83/><D120/><N who="3" m="46121" /><G107/><T26/><D128/><U114/><E2/><V14/><F110/><W80/><G39/><T13/><D134/><N who="2" m="51210" /><F63/><W85/><G67/><T22/><D108/><U121/><E121/><V104/><F104/><W132/><G132/><T130/><D130/><U41/><E126/><V45/><F45/><W81/><G20/><T92/><D92/><U11/><E41/><V32/><F32/><W56/><G10/><T24/><D47/><U74/><E11/><N who="2" m="6175" /><F76/><W48/><AGARI ba="0,0" hai="40,42,48,52,56,73,79,80,81,85,88" m="46121" machi="48" ten="30,12000,2" yaku="13,1,52,3,54,2" doraHai="117" who="3" fromWho="3" sc="250,-60,250,-30,250,-30,250,120" /><INIT seed="1,0,0,0,3,60" ten="190,220,220,370" oya="1" hai0="126,20,100,9,21,106,19,107,42,99,72,49,96" hai1="47,84,46,15,71,50,35,30,113,2,25,112,13" hai2="53,8,75,133,10,116,90,70,118,132,110,87,85" hai3="41,7,24,68,40,65,18,37,120,28,54,127,88"/><U16/><E2/><V32/><F75/><W29/><G120/><T55/><D126/><U80/><E71/><V4/><F32/><W89/><G127/><T66/><D72/><U5/><E5/><V0/><F110/><W11/><G18/><T117/><D117/><U125/><E15/><V62/><F10/><W26/><G54/><T6/><D42/><U122/><E122/><V43/><F43/><W33/><G68/><T135/><D135/><N who="2" m="51786" /><F85/><W51/><G37/><T98/><D66/><U95/><E95/><N who="2" m="54751" /><F53/><W59/><G40/><T27/><D21/><U61/><E125/><V109/><F109/><W81/><G81/><T45/><REACH who="0" step="1"/><D107/><REACH who="0" ten="180,220,220,370" step="2"/><U102/><E113/><V39/><F39/><W79/><G41/><T17/><D17/><U82/><E16/><V78/><F116/><W73/><G65/><T56/><D56/><U94/><E112/><V97/><F118/><W128/><G73/><T48/><D48/><U123/><E50/><V12/><F70/><W86/><G59/><T93/><D93/><U83/><E123/><V34/><F62/><W14/><G51/><T76/><D76/><N who="1" m="46087" /><E61/><V74/><F78/><W119/><G119/><T44/><D44/><U121/><E121/><V130/><F74/><W129/><G79/><T1/><AGARI ba="0,1" hai="1,6,9,19,20,27,45,49,55,96,98,99,100,106" machi="1" ten="20,2700,0" yaku="1,1,0,1,7,1,53,0" doraHai="60" doraHaiUra="124" who="0" fromWho="0" sc="180,37,220,-13,220,-7,370,-7" /><INIT seed="2,0,0,1,2,55" ten="217,207,213,363" oya="2" hai0="19,127,2,84,105,125,132,112,80,67,39,92,33" hai1="71,5,57,123,89,86,74,88,103,114,97,115,135" hai2="122,47,13,81,120,58,91,110,107,101,42,93,6" hai3="108,8,40,68,53,32,98,76,117,31,104,133,96"/><V94/><F110/><W85/><G68/><T24/><D112/><U45/><E71/><V43/><F107/><W10/><G40/><T1/><D39/><U3/><E74/><V106/><F106/><W113/><G117/><T126/><D105/><U99/><E45/><V73/><F120/><W77/><G31/><T56/><D132/><U59/><E5/><V50/><F122/><W61/><G32/><T20/><D92/><U109/><E123/><V124/><F124/><W27/><G27/><T131/><D33/><U15/><E15/><V75/><F43/><W119/><G85/><T111/><D131/><U44/><E44/><V83/><F75/><W41/><G104/><T51/><D111/><U62/><E62/><V14/><F73/><W82/><G82/><N who="2" m="31241" /><F6/><W22/><G41/><T102/><D102/><U65/><E109/><V66/><F101/><W100/><G100/><T4/><D4/><U30/><E103/><V72/><F72/><W16/><G133/><T11/><D1/><U121/><E121/><V29/><F29/><W48/><G119/><T0/><D2/><U130/><E30/><V69/><F69/><W17/><G113/><T129/><D129/><U26/><E3/><V52/><F66/><W79/><G108/><T54/><D67/><U49/><E65/><V134/><F134/><W128/><G128/><T95/><D0/><U25/><E130/><V12/><F91/><W7/><G7/><T28/><D28/><U36/><E135/><V37/><F37/><W116/><G116/><T87/><D127/><U63/><E36/><V35/><F35/><RYUUKYOKU ba="0,0" sc="217,-10,207,-10,213,30,363,-10" hai2="12,13,14,42,47,50,52,58,93,94" /><INIT seed="2,1,0,5,3,95" ten="207,197,243,353" oya="2" hai0="92,39,79,91,63,37,97,48,12,61,117,70,75" hai1="3,123,129,4,90,9,24,105,34,67,1,132,15" hai2="100,113,76,58,46,43,125,49,69,93,18,66,74" hai3="52,17,87,60,14,26,50,112,108,51,73,122,13"/><V72/><F113/><W114/><G73/><T109/><D109/><U35/><E90/><V133/><F133/><W135/><G108/><T115/><D115/><N who="3" m="44073" /><G122/><T29/><D117/><U31/><E105/><V110/><F110/><W71/><G135/><T40/><D29/><U23/><E67/><V65/><F125/><W20/><G87/><T82/><D70/><U2/><E132/><V120/><F120/><W98/><G98/><T38/><REACH who="0" step="1"/><D12/><REACH who="0" ten="197,197,243,353" step="2"/><N who="1" m="5159" /><E123/><V128/><F69/><W16/><G71/><T89/><D89/><U32/><E129/><V106/><F128/><W56/><G13/><AGARI ba="1,1" hai="1,2,3,13,15,23,24,31,32,34,35" m="5159" machi="13" ten="40,8000,1" yaku="35,5" doraHai="95" who="1" fromWho="3" sc="197,0,197,93,243,0,353,-83" /><INIT seed="3,0,0,3,5,59" ten="197,290,243,270" oya="3" hai0="30,38,93,107,39,16,88,129,56,114,42,53,116" hai1="58,47,20,96,95,113,35,26,54,32,83,121,0" hai2="15,132,76,101,79,75,44,112,17,63,81,62,40" hai3="52,60,135,84,5,82,6,67,33,111,11,22,45"/><W86/><G33/><T12/><D116/><U64/><E121/><V127/><F112/><W18/><G135/><T10/><D114/><U57/><E0/><V25/><F132/><W119/><G119/><T94/><D107/><U48/><E113/><V108/><F108/><W9/><G111/><T61/><D129/><U74/><E35/><V78/><F127/><W120/><G120/><T99/><D42/><U8/><E32/><V27/><F101/><W102/><G102/><T29/><REACH who="0" step="1"/><D93/><REACH who="0" ten="187,290,243,270" step="2"/><U13/><E83/><V125/><F81/><W21/><G82/><T100/><D100/><U134/><E134/><V128/><F128/><W90/><G90/><T77/><D77/><U34/><E95/><V69/><F125/><W31/><G5/><T55/><D55/><U118/><E54/><V117/><F117/><W106/><G106/><T71/><D71/><U89/><E89/><V98/><F69/><W19/><G6/><T130/><D130/><U37/><E118/><V105/><F105/><W3/><G52/><T131/><D131/><U97/><E64/><V49/><F75/><W110/><G67/><T65/><D65/><U66/><E74/><V41/><F41/><W24/><G110/><T7/><D7/><U73/><E73/><V4/><F4/><W43/><G43/><T14/><D14/><U122/><E13/><V87/><F15/><W2/><G2/><T91/><D91/><U85/><E66/><V104/><F104/><W46/><G3/><T70/><D70/><U103/><E103/><V72/><F72/><W115/><G115/><T1/><D1/><RYUUKYOKU ba="0,1" sc="187,30,290,-10,243,-10,270,-10" hai0="10,12,16,29,30,38,39,53,56,61,88,94,99" /><INIT seed="4,1,1,0,1,92" ten="217,280,233,260" oya="0" hai0="21,39,116,44,87,10,115,38,40,80,3,48,68" hai1="16,131,32,117,42,99,49,4,62,35,94,91,130" hai2="126,93,73,76,11,124,105,118,37,52,58,17,43" hai3="104,98,63,100,101,88,51,31,7,5,96,125,30"/><T85/><D116/><U77/><E117/><V60/><F105/><W67/><G125/><N who="2" m="48233" /><F118/><W2/><G51/><T135/><D115/><U15/><E4/><V113/><F113/><W26/><G88/><T55/><D68/><U13/><E77/><V103/><F43/><W121/><G121/><T46/><D135/><U12/><E62/><V24/><F37/><W20/><G31/><T19/><D39/><U53/><E42/><V54/><F93/><W23/><G23/><T66/><D66/><U111/><E111/><V57/><F103/><W106/><G2/><T112/><D112/><U56/><REACH who="1" step="1"/><E16/><REACH who="1" ten="217,270,233,260" step="2"/><V123/><F123/><W74/><G74/><T132/><D132/><U36/><E36/><V79/><F73/><W127/><G127/><T33/><D33/><AGARI ba="1,2" hai="12,13,15,32,33,35,49,53,56,91,94,99,130,131" machi="33" ten="40,2600,0" yaku="1,1,52,1,53,0" doraHai="92" doraHaiUra="114" who="1" fromWho="0" sc="217,-29,270,49,233,0,260,0" /><INIT seed="5,0,0,5,1,118" ten="188,319,233,260" oya="1" hai0="75,58,63,69,102,52,78,79,33,23,36,48,34" hai1="113,45,117,89,135,17,126,83,43,16,82,19,47" hai2="128,20,30,100,122,116,40,81,1,132,87,76,8" hai3="130,26,98,4,35,41,50,53,11,70,123,9,88"/><U29/><E117/><V72/><F116/><W108/><G108/><T84/><D75/><U3/><E3/><V18/><F128/><W96/><G70/><T38/><D102/><U7/><E7/><V111/><F111/><W60/><G130/><T112/><D112/><U103/><E113/><V28/><F132/><W95/><G41/><T65/><D23/><U39/><E135/><V93/><F122/><W85/><G60/><T119/><D119/><U5/><E5/><V10/><F40/><W101/><G123/><T73/><D73/><U61/><E103/><V49/><F49/><W97/><G101/><T110/><D110/><U15/><E29/><N who="2" m="11371" /><F72/><W66/><G66/><T131/><D131/><U99/><E126/><V32/><F1/><W44/><G35/><T14/><D14/><U46/><E61/><V25/><F32/><W31/><REACH who="3" step="1"/><G4/><REACH who="3" ten="188,319,233,250" step="2"/><T68/><D68/><U55/><E43/><V71/><F71/><W120/><G120/><T134/><D134/><U104/><E39/><V91/><F100/><W27/><G27/><T124/><D124/><U80/><E55/><V2/><F2/><W90/><G90/><T114/><D114/><U127/><E127/><V129/><F129/><W86/><G86/><T92/><D33/><U6/><E6/><V62/><F62/><W22/><AGARI ba="0,1" hai="9,11,22,26,31,44,50,53,85,88,95,96,97,98" machi="22" ten="30,7900,0" yaku="1,1,0,1,8,1,54,1,53,0" doraHai="118" doraHaiUra="106" who="3" fromWho="3" sc="188,-20,319,-39,233,-20,250,89" /><INIT seed="6,0,0,2,3,103" ten="168,280,213,339" oya="2" hai0="110,90,117,7,23,77,15,118,8,64,66,27,126" hai1="87,60,107,75,62,26,127,12,20,123,101,89,100" hai2="18,65,125,69,46,54,16,132,91,122,2,10,61" hai3="14,25,72,22,130,85,29,37,135,57,112,74,99"/><V32/><F122/><W102/><G37/><T6/><D77/><U104/><E123/><V81/><F32/><W0/><G0/><T67/><D110/><U131/><E75/><V63/><F132/><W5/><G135/><T120/><D120/><U97/><E131/><V35/><F35/><W119/><G119/><T59/><D126/><U106/><E12/><V114/><F125/><W40/><G40/><T21/><D6/><U82/><E127/><V28/><F28/><W51/><G85/><T56/><D23/><U88/><E89/><V92/><F81/><W76/><G76/><T128/><D128/><U13/><E13/><N who="2" m="7223" /><F2/><W17/><G5/><T55/><D90/><U42/><E42/><V108/><F69/><W98/><G112/><T84/><D84/><U24/><E24/><V83/><F83/><W52/><G99/><T3/><D3/><U73/><E73/><V39/><F39/><W4/><G4/><T43/><D43/><U79/><E79/><V121/><F108/><W71/><G71/><T93/><D93/><U70/><E70/><V45/><F114/><W111/><G130/><T109/><D109/><U78/><E78/><V124/><F121/><W1/><G1/><T48/><REACH who="0" step="1"/><D59/><REACH who="0" ten="158,280,213,339" step="2"/><U38/><E38/><V41/><F41/><W58/><G58/><T96/><D96/><U105/><REACH who="1" step="1"/><E101/><REACH who="1" ten="158,270,213,339" step="2"/><V68/><F124/><W133/><G111/><T115/><D115/><U116/><E116/><V86/><F68/><W53/><G133/><T129/><D129/><U113/><E113/><V36/><F36/><W134/><G134/><T31/><AGARI ba="0,2" hai="7,8,15,21,27,31,48,55,56,64,66,67,117,118" machi="31" ten="30,4000,0" yaku="1,1,5,1,0,1,53,0" doraHai="103" doraHaiUra="94" who="0" fromWho="0" sc="158,60,270,-10,213,-20,339,-10" /><INIT seed="7,0,0,4,2,82" ten="218,260,193,329" oya="3" hai0="46,132,102,111,135,19,38,14,112,91,108,39,62" hai1="33,97,10,92,27,73,54,110,106,2,96,115,60" hai2="120,70,107,25,31,52,66,4,134,58,103,119,40" hai3="50,16,21,133,98,130,11,128,101,75,72,83,36"/><W35/><G35/><T99/><D112/><U123/><E73/><V6/><F119/><W8/><G36/><N who="0" m="13867" /><D62/><U80/><E123/><V29/><F40/><W43/><G133/><N who="0" m="51275" /><D91/><U1/><E110/><V86/><F134/><W81/><G75/><T24/><D46/><U0/><E115/><V100/><F120/><W65/><G65/><T15/><D24/><U85/><E106/><V95/><F107/><W48/><G72/><T32/><D32/><U127/><E127/><V34/><F29/><W44/><G50/><T56/><D56/><U67/><E54/><V57/><F70/><W51/><G51/><T114/><D114/><U117/><E117/><V87/><F66/><W41/><G41/><T121/><D121/><U5/><E27/><V69/><F69/><W77/><G77/><T118/><D118/><U131/><E33/><V47/><F47/><W129/><G81/><T125/><D125/><U28/><E28/><V79/><F58/><W76/><G83/><T63/><D63/><U74/><E74/><V55/><F79/><W88/><G88/><T22/><D14/><U89/><E131/><V53/><F57/><W124/><G76/><T30/><D30/><U45/><E45/><V68/><F68/><W105/><G124/><T12/><D12/><AGARI ba="0,0" hai="8,11,12,16,21,43,44,48,98,101,105,128,129,130" machi="12" ten="40,3900,0" yaku="19,1,54,1" doraHai="82" who="3" fromWho="0" sc="218,-39,260,0,193,0,329,39" owari="179,-32.1,260,6.0,193,-20.7,368,46.8" /></mjloggm>