<mjloggm ver="2.3"><GO type="169" lobby="0"/><UN n0="%E7%B4%99%E4%BB%A3%E3%81%AA%E3%81%A4%E3%82%81" n1="%E6%84%9B%E5%AA%9B%E7%9C%8C%E7%94%A3%E3%81%BF%E3%81%8B%E3%82%93" n2="%32%30%30%E6%88%A6%E5%8D%87%E7%89%B9" n3="%E3%83%81%E3%83%A5%E3%83%BC%E3%83%88%E7%A6%8F%E7%94%B0%E4%BC%BC" dan="16,16,17,16" rate="2054.55,2162.56,2191.58,2102.36" sx="F,F,M,M"/><TAIKYOKU oya="0"/><INIT seed="0,0,0,5,0,41" ten="250,250,250,250" oya="0" hai0="106,104,61,113,8,84,115,54,74,10,119,105,2" hai1="24,78,126,1,75,21,77,89,129,27,118,35,65" hai2="134,94,43,130,91,45,85,131,33,11,72,66,110" hai3="99,60,30,28,53,18,95,109,81,86,52,25,112"/><T34/><D74/><U6/><E118/><V73/><F33/><W83/><G109/><T135/><D34/><U79/><E126/><V70/><F110/><W88/><G112/><T116/><D84/><U7/><E75/><V16/><F134/><W64/><G18/><T82/><D54/><U122/><E122/><V67/><F73/><W120/><G81/><T90/><D61/><U3/><E35/><V63/><F72/><W26/><G26/><N who="1" m="9770" /><E21/><V55/><F67/><W49/><G120/><T58/><D58/><U103/><E65/><V102/><F102/><W23/><G30/><T40/><D40/><U132/><E103/><V39/><REACH who="2" step="1"/><F55/><REACH who="2" ten="250,250,240,250" step="2"/><W42/><G42/><T32/><D135/><U124/><E132/><V125/><F125/><W107/><G107/><T4/><D32/><U44/><E124/><V101/><F101/><W29/><G29/><T121/><D105/><U128/><E128/><V92/><F92/><W57/><REACH who="3" step="1"/><G49/><REACH who="3" ten="250,250,240,240" step="2"/><T96/><D104/><U47/><E129/><V19/><F19/><W51/><G51/><T68/><D106/><U37/><E37/><V97/><F97/><W127/><G127/><T100/><D96/><U69/><E7/><V62/><F62/><W48/><G48/><T56/><D4/><U22/><E6/><V9/><F9/><W117/><G117/><T98/><D8/><U59/><E22/><V17/><F17/><W71/><G71/><T46/><D68/><U76/><E69/><V80/><F80/><W133/><G133/><T12/><D116/><U0/><N who="1" m="19456" /><DORA hai="123" /><U93/><E93/><V5/><F5/><RYUUKYOKU ba="0,2" sc="250,-15,250,-15,240,15,240,15" hai2="11,16,39,43,45,63,66,70,85,91,94,130,131" hai3="23,25,28,52,53,57,60,64,83,86,88,95,99" /><INIT seed="1,1,2,5,2,81" ten="235,235,255,255" oya="1" hai0="65,108,96,36,73,58,99,71,62,82,121,10,100" hai1="2,41,1,16,9,12,33,112,39,55,25,6,63" hai2="68,134,20,78,26,126,30,7,119,74,34,43,42" hai3="15,53,24,135,32,56,105,87,60,49,76,94,116"/><U18/><E112/><V117/><F68/><W52/><G52/><T89/><D36/><U115/><E115/><V70/><F70/><W13/><G105/><T113/><D113/><U46/><E33/><V38/><F38/><W69/><G135/><T131/><D131/><U77/><E77/><V122/><F122/><W84/><G116/><N who="2" m="44617" /><F42/><W90/><G90/><T4/><D108/><U133/><E133/><V51/><F51/><W124/><G124/><T129/><D129/><U127/><E127/><V110/><F43/><W75/><G75/><T128/><D128/><U104/><E104/><V101/><F101/><W130/><G130/><T28/><D121/><U98/><E98/><V97/><F97/><W29/><G94/><T72/><D71/><U83/><E83/><V22/><F78/><W132/><G76/><T107/><D96/><U5/><E5/><V0/><F74/><W21/><G132/><T91/><D28/><U57/><REACH who="1" step="1"/><E25/><REACH who="1" ten="235,225,255,255" step="2"/><N who="2" m="18767" /><F134/><W27/><G13/><T17/><D82/><U80/><E80/><V54/><F126/><W114/><G15/><N who="0" m="7415" /><D73/><U35/><E35/><V11/><F110/><W50/><G114/><T3/><D72/><U37/><E37/><V103/><F26/><W66/><REACH who="3" step="1"/><G49/><REACH who="3" ten="235,225,255,245" step="2"/><T61/><D107/><U31/><E31/><AGARI ba="1,4" hai="21,24,27,29,31,32,50,53,56,60,66,69,84,87" machi="31" ten="30,12000,2" yaku="1,1,2,1,7,1,52,2,53,1" doraHai="81" doraHaiUra="45" who="3" fromWho="1" sc="235,0,225,-123,255,0,245,163" /><INIT seed="2,0,0,1,4,42" ten="235,102,255,408" oya="2" hai0="6,90,118,45,124,12,7,14,39,68,69,102,120" hai1="115,15,126,64,96,83,99,114,79,127,0,53,29" hai2="52,51,116,55,128,41,22,61,76,58,47,34,111" hai3="10,65,5,13,94,11,110,100,54,75,2,30,23"/><V97/><F34/><W108/><G75/><T32/><D120/><U77/><E0/><V92/><F116/><W25/><G65/><T113/><D113/><N who="1" m="43019" /><E15/><V122/><F122/><W16/><G54/><T109/><D32/><U18/><E18/><V85/><F128/><W70/><G70/><T129/><D129/><U62/><E29/><V87/><F111/><N who="3" m="42539" /><G94/><T134/><D14/><U121/><E53/><V95/><F76/><N who="1" m="29257" /><E62/><V98/><F22/><W133/><G100/><T112/><D12/><U44/><E64/><V49/><F95/><W67/><G67/><T26/><D68/><U3/><E3/><V35/><F35/><W19/><G133/><T33/><D134/><U20/><E20/><V91/><REACH who="2" step="1"/><F98/><REACH who="2" ten="235,102,245,408" step="2"/><W78/><G78/><T135/><D112/><U80/><E121/><V37/><F37/><W57/><G57/><AGARI ba="0,1" hai="41,47,49,51,52,55,57,58,61,85,87,91,92,97" machi="57" ten="30,18000,2" yaku="1,1,7,1,8,1,52,1,54,1,53,1" doraHai="42" doraHaiUra="56" who="2" fromWho="3" sc="235,0,102,0,245,190,408,-180" /><INIT seed="2,1,0,4,2,40" ten="235,102,435,228" oya="2" hai0="129,74,93,2,25,120,98,47,43,62,9,70,23" hai1="65,68,102,54,124,117,61,123,133,82,88,106,22" hai2="122,119,38,109,53,56,113,92,110,11,89,7,59" hai3="81,33,0,97,83,90,10,69,42,103,73,8,48"/><V112/><F119/><W72/><G69/><T84/><D74/><U6/><E117/><V49/><F38/><W104/><G33/><T77/><D120/><U85/><E123/><V29/><F29/><W28/><G28/><T118/><D118/><U99/><E124/><V12/><F59/><W131/><G131/><T55/><D2/><U26/><E133/><V135/><F135/><W36/><G48/><T114/><D9/><U17/><E54/><V58/><F58/><W21/><G21/><T76/><D114/><U44/><REACH who="1" step="1"/><E6/><REACH who="1" ten="235,92,435,228" step="2"/><V100/><F122/><W101/><G72/><T51/><D129/><U80/><E80/><V66/><F66/><W126/><G81/><T75/><D55/><U39/><E39/><V87/><REACH who="2" step="1"/><F100/><REACH who="2" ten="235,92,425,228" step="2"/><W16/><G101/><T13/><D70/><U116/><E116/><V15/><F15/><W4/><G103/><T130/><D13/><U31/><E31/><V50/><F50/><W71/><G36/><T52/><D51/><U115/><E115/><AGARI ba="1,2" hai="7,11,12,49,53,56,87,89,92,109,110,112,113,115" machi="115" ten="40,2000,0" yaku="1,1,53,0" doraHai="40" doraHaiUra="18" who="2" fromWho="1" sc="235,0,92,-23,425,43,228,0" /><INIT seed="2,2,0,3,3,116" ten="235,69,468,228" oya="2" hai0="7,25,29,120,51,133,70,16,21,75,109,56,84" hai1="103,104,105,18,78,63,40,80,94,114,71,17,101" hai2="54,4,62,37,49,125,97,46,102,130,14,82,3" hai3="123,41,122,45,22,126,61,20,8,58,42,111,55"/><V131/><F3/><W6/><G111/><T86/><D70/><U64/><E114/><V89/><F37/><W119/><G119/><T35/><D75/><U31/><E40/><V129/><F125/><W83/><G126/><T81/><D109/><U98/><E31/><V0/><F0/><W38/><G42/><T47/><D7/><U121/><E121/><V19/><F4/><W117/><G117/><T59/><D120/><U15/><E103/><V132/><F132/><W77/><G22/><T13/><D133/><U48/><E48/><V9/><F62/><W28/><G20/><T26/><D26/><U53/><E53/><V85/><REACH who="2" step="1"/><F130/><REACH who="2" ten="235,69,458,228" step="2"/><W10/><G6/><T88/><REACH who="0" step="1"/><D84/><REACH who="0" ten="225,69,458,228" step="2"/><U95/><E71/><V39/><F39/><W113/><G122/><T124/><D124/><U60/><E60/><V27/><F27/><W52/><G123/><T110/><D110/><U108/><E63/><V115/><F115/><W106/><G38/><T72/><D72/><U128/><E108/><V73/><F73/><W32/><G61/><T24/><D24/><U134/><E134/><V118/><F118/><W135/><G113/><T74/><D74/><U43/><E128/><V66/><F66/><W69/><G135/><T1/><D1/><U33/><E64/><V11/><F11/><W79/><G10/><T100/><D100/><U67/><E67/><V2/><F2/><W36/><G8/><T34/><D34/><U93/><E33/><V50/><F50/><W87/><G32/><T68/><D68/><U44/><E101/><V99/><F99/><W65/><G69/><RYUUKYOKU ba="2,2" sc="225,15,69,-15,458,15,228,-15" hai0="13,16,21,25,29,35,47,51,56,59,81,86,88" hai2="9,14,19,46,49,54,82,85,89,97,102,129,131" /><INIT seed="2,3,2,0,5,86" ten="240,54,473,213" oya="2" hai0="64,17,5,51,109,75,32,102,120,106,101,95,105" hai1="67,124,69,84,61,130,40,98,111,16,66,48,7" hai2="26,3,97,115,21,129,0,34,46,54,78,35,15" hai3="112,30,39,19,28,93,104,4,110,57,2,36,55"/><V52/><F115/><W13/><G104/><T103/><D32/><U41/><E111/><V38/><F129/><W82/><G110/><T87/><D5/><U72/><E72/><V96/><F78/><W92/><G112/><T33/><D33/><U71/><E130/><V76/><F76/><W73/><G92/><T132/><D109/><U133/><E7/><V128/><F128/><W25/><G93/><T79/><D64/><U116/><E116/><V20/><F15/><W27/><G4/><T85/><D51/><U119/><E119/><V50/><F50/><W45/><G2/><T135/><D17/><U47/><E124/><V127/><F46/><W123/><G123/><T9/><D9/><U121/><E121/><V108/><F108/><W126/><G126/><T94/><D120/><U6/><E6/><V89/><F127/><W58/><G82/><N who="0" m="45439" /><D94/><U63/><E16/><V100/><F100/><W53/><G73/><T80/><D95/><U74/><E74/><V107/><F107/><N who="0" m="40970" /><D80/><U113/><E113/><V68/><F26/><W60/><G45/><T11/><D11/><U125/><E125/><V1/><F1/><W88/><G13/><T18/><D18/><U70/><E98/><V10/><F10/><W65/><G65/><T31/><D31/><U49/><E84/><AGARI ba="3,2" hai="84,85,87,101,102,103,132,135" m="40970,45439" machi="84" ten="40,2600,0" yaku="34,2" doraHai="86" who="0" fromWho="1" sc="240,55,54,-35,473,0,213,0" /><INIT seed="3,0,0,4,4,31" ten="295,19,473,213" oya="3" hai0="123,26,115,32,1,120,22,65,54,108,30,77,132" hai1="85,53,81,42,4,19,74,117,0,71,86,5,11" hai2="111,69,80,94,36,128,39,113,62,20,17,44,6" hai3="82,24,3,68,59,95,72,38,73,16,89,15,34"/><W35/><G38/><T103/><D1/><U134/><E134/><V49/><F113/><W50/><G68/><T55/><D108/><U46/><E117/><V92/><F111/><W106/><G3/><T130/><D132/><U48/><E71/><V97/><F128/><W67/><G106/><T37/><D37/><U125/><E125/><V110/><F110/><W40/><G40/><T112/><D130/><U12/><E74/><V91/><F6/><W84/><G24/><N who="0" m="18503" /><D77/><U107/><E107/><V127/><F127/><W114/><G114/><N who="0" m="43563" /><D65/><U99/><E99/><V14/><F80/><W121/><G121/><N who="0" m="46667" /><D103/><U13/><E0/><V64/><REACH who="2" step="1"/><F94/><REACH who="2" ten="295,19,463,213" step="2"/><W58/><G95/><T79/><D79/><U135/><E135/><V33/><F33/><W88/><G35/><T29/><AGARI ba="0,1" hai="22,26,29,54,55" m="46667,43563,18503" machi="29" ten="30,2000,0" yaku="11,1,52,1" doraHai="31" who="0" fromWho="0" sc="295,30,19,-5,463,-5,213,-10" /><INIT seed="4,0,0,5,2,48" ten="325,14,458,203" oya="0" hai0="128,120,11,2,112,50,93,114,33,85,18,3,36" hai1="106,74,129,81,51,66,26,25,9,53,0,127,83" hai2="69,46,95,40,28,88,125,62,111,116,82,31,103" hai3="19,102,67,92,61,68,14,21,132,55,7,57,104"/><T105/><D120/><U80/><E74/><V12/><F111/><W86/><G132/><T122/><D105/><U87/><E106/><V97/><F125/><W94/><G7/><T131/><D36/><U108/><E108/><V119/><F12/><W44/><G44/><T22/><D33/><U113/><E127/><V63/><F28/><W135/><G135/><T78/><D122/><U37/><E37/><V47/><F31/><W117/><G117/><N who="2" m="45129" /><F69/><W126/><G126/><T134/><D134/><U109/><E109/><V20/><F20/><W23/><G104/><T4/><D2/><U64/><E129/><N who="0" m="49737" /><D50/><U121/><E121/><V15/><F15/><W96/><G86/><T52/><D93/><U89/><E113/><N who="0" m="43625" /><D85/><U39/><E39/><N who="2" m="21791" /><F47/><W72/><G72/><T133/><D133/><U90/><E9/><V91/><F82/><N who="1" m="31849" /><E0/><V24/><F24/><N who="1" m="9321" /><E90/><AGARI ba="0,0" hai="62,63,88,90,91,95,97,103" m="21791,45129" machi="90" ten="30,2000,0" yaku="12,1,54,1" doraHai="48" who="2" fromWho="1" sc="325,0,14,-20,458,20,203,0" owari="325,12.5,-6,-50.6,478,57.8,203,-19.7" /></mjloggm>