<mjloggm ver="2.3"><GO type="169" lobby="0"/><UN n0="%72%65%6E%6A%69%38%33" n1="%63%68%69%73%73" n2="%4C%C3%97%57%C3%97%4C" n3="%50%73%79%63%68%65" dan="16,16,16,16" rate="2099.84,2153.39,2128.21,2162.05" sx="M,M,M,M"/><TAIKYOKU oya="0"/><INIT seed="0,0,0,1,0,12" ten="250,250,250,250" oya="0" hai0="60,23,36,134,56,2,19,32,81,28,103,135,113" hai1="105,71,57,75,130,49,85,33,124,15,4,76,38" hai2="9,3,129,128,34,7,102,18,59,121,64,93,98" hai3="84,101,80,91,26,82,112,30,13,0,95,21,25"/><T6/><D36/><U39/><E85/><V118/><F121/><W62/><G0/><T42/><D42/><U63/><E76/><V125/><F34/><W119/><G119/><T58/><D113/><U111/><E15/><V131/><F118/><W104/><G112/><T14/><D103/><U94/><E4/><V106/><F125/><W48/><G104/><T92/><D92/><U70/><E94/><V67/><F106/><W107/><G107/><T68/><D68/><U5/><E5/><V43/><F43/><W10/><G101/><T110/><D81/><U83/><E83/><V87/><F87/><W45/><G62/><T78/><D78/><U24/><E63/><V89/><F102/><W79/><G26/><N who="0" m="18455" /><D110/><U120/><E111/><V40/><F40/><N who="3" m="24615" /><G79/><T37/><D37/><U51/><E39/><V66/><REACH who="2" step="1"/><F18/><AGARI ba="0,0" hai="10,13,18,21,25,30,80,82,84,91,95" m="24615" machi="18" ten="30,2000,0" yaku="8,1,52,1" doraHai="12" who="3" fromWho="2" sc="250,0,250,0,250,-20,250,20" /><INIT seed="1,0,0,0,4,10" ten="250,250,230,270" oya="1" hai0="87,68,1,40,110,112,34,2,127,31,27,39,90" hai1="135,37,17,6,71,56,108,46,98,26,24,19,109" hai2="111,7,9,25,103,29,81,36,126,43,62,44,35" hai3="84,119,18,113,106,72,88,45,125,38,63,133,53"/><U59/><E71/><V80/><F111/><N who="1" m="42569" /><E6/><V132/><F132/><W11/><G72/><T49/><D112/><U97/><E135/><V57/><F103/><W118/><G106/><T74/><D74/><U124/><E124/><V58/><F126/><W83/><G133/><T82/><D110/><U79/><E79/><V93/><F93/><W122/><G125/><T16/><D39/><U5/><E5/><V95/><F95/><W100/><G100/><T102/><D68/><U66/><E46/><V134/><F134/><W101/><G101/><T67/><D67/><U41/><E41/><V86/><F86/><W94/><G113/><T89/><D2/><U99/><E37/><V73/><F58/><N who="1" m="22057" /><E66/><V48/><F36/><W21/><G38/><T14/><D1/><U50/><E50/><V78/><F78/><W13/><G45/><T8/><D127/><U96/><N who="1" m="24576" /><DORA hai="54" /><U3/><E3/><V131/><F73/><W120/><G53/><T65/><D65/><U69/><E69/><V116/><F43/><W128/><G63/><T47/><D102/><U52/><E52/><V85/><F44/><W42/><G42/><T30/><D31/><U130/><E130/><V12/><F131/><W76/><G128/><T75/><D75/><U4/><E4/><V23/><F7/><W60/><G60/><T123/><REACH who="0" step="1"/><D90/><REACH who="0" ten="240,250,230,270" step="2"/><U22/><E26/><V121/><F25/><W114/><G114/><T104/><D104/><U92/><E92/><V28/><F62/><W77/><G94/><T55/><D55/><U115/><E115/><V20/><F48/><W105/><G105/><RYUUKYOKU ba="0,1" sc="240,15,250,15,230,-15,270,-15" hai0="8,14,16,27,30,34,40,47,49,82,87,89,123" hai1="17,19,22,24" /><INIT seed="1,1,1,2,1,87" ten="255,265,215,255" oya="1" hai0="2,40,55,129,119,116,0,7,79,120,14,122,130" hai1="21,74,6,44,103,68,51,1,26,59,134,113,131" hai2="70,84,91,92,60,104,85,28,69,99,43,52,12" hai3="124,22,88,97,3,108,24,33,16,125,115,77,36"/><U20/><E113/><V96/><F43/><W106/><G36/><T30/><D40/><U83/><E68/><V123/><F123/><N who="0" m="47146" /><D55/><U39/><E131/><N who="0" m="50185" /><D79/><U50/><E134/><V45/><F28/><W56/><G115/><T121/><N who="0" m="47154" /><T107/><DORA hai="71" /><D107/><U41/><E103/><V4/><F70/><W94/><G108/><T34/><D30/><U114/><E114/><V101/><F69/><W76/><G106/><T53/><D53/><U17/><E59/><V135/><F135/><W31/><G56/><T111/><D34/><U93/><E21/><V37/><F37/><W9/><G77/><T15/><D111/><U65/><E65/><V75/><F75/><W8/><G76/><T105/><D105/><U100/><E74/><V49/><REACH who="2" step="1"/><F60/><REACH who="2" ten="255,265,205,255" step="2"/><W72/><G72/><T11/><D2/><U132/><E132/><V5/><F5/><W82/><G3/><T80/><D80/><U10/><E83/><V46/><F46/><W32/><G82/><T64/><D0/><U117/><REACH who="1" step="1"/><E117/><REACH who="1" ten="255,255,205,255" step="2"/><V48/><F48/><W133/><G133/><T25/><D116/><U47/><E47/><V38/><F38/><W27/><REACH who="3" step="1"/><G33/><REACH who="3" ten="255,255,205,245" step="2"/><T86/><D119/><U67/><E67/><V109/><F109/><W54/><G54/><T58/><D64/><U23/><E23/><V95/><F95/><W73/><G73/><T63/><D58/><U128/><E128/><V112/><F112/><W98/><G98/><AGARI ba="1,4" hai="1,6,10,17,20,26,39,41,44,50,51,93,98,100" machi="98" ten="40,7700,0" yaku="1,1,52,1,53,1" doraHai="87,71" doraHaiUra="66,90" who="1" fromWho="3" sc="255,0,255,120,205,0,245,-80" /><INIT seed="1,2,0,1,4,37" ten="255,375,205,165" oya="1" hai0="110,27,62,69,132,111,61,117,66,84,85,18,10" hai1="20,114,130,16,22,40,24,124,82,104,101,103,77" hai2="65,6,43,86,74,57,80,122,94,41,36,58,109" hai3="79,51,115,17,48,50,78,54,81,120,119,52,113"/><U13/><E114/><V28/><F122/><W112/><G120/><T102/><D117/><U125/><E130/><V46/><F109/><N who="0" m="41482" /><D132/><U92/><E104/><V76/><F28/><W72/><G119/><T134/><D134/><U99/><E103/><V64/><F6/><W1/><G1/><T2/><D102/><U19/><REACH who="1" step="1"/><E40/><REACH who="1" ten="255,365,205,165" step="2"/><V5/><F43/><W63/><G115/><T34/><D62/><U39/><E39/><V106/><F106/><W26/><G63/><T88/><D61/><U7/><E7/><V97/><F5/><W73/><G113/><T23/><D2/><U126/><E126/><V98/><F36/><W71/><G112/><T108/><D108/><U42/><E42/><V83/><F41/><W25/><G51/><T131/><D131/><U49/><E49/><V93/><F65/><W95/><G50/><T70/><D66/><U100/><E100/><V8/><F64/><W38/><G48/><T56/><D70/><U12/><E12/><V107/><F107/><W15/><G71/><T44/><D69/><U87/><AGARI ba="2,1" hai="13,16,19,20,22,24,77,82,87,92,99,101,124,125" machi="87" ten="30,6000,0" yaku="1,1,0,1,54,1,53,0" doraHai="37" doraHaiUra="129" who="1" fromWho="1" sc="255,-22,365,76,205,-22,165,-22" /><INIT seed="1,3,0,0,5,80" ten="233,441,183,143" oya="1" hai0="67,53,15,129,68,106,74,124,9,17,34,102,26" hai1="44,6,29,122,115,37,35,65,79,82,88,114,40" hai2="75,4,3,126,112,24,43,55,7,127,52,69,32" hai3="12,104,5,25,60,117,134,98,100,56,99,45,20"/><U33/><E122/><V2/><F69/><W116/><G134/><T28/><D74/><U81/><E65/><V19/><F75/><W23/><G45/><T113/><D113/><U91/><E81/><V118/><F43/><W96/><G5/><N who="2" m="2121" /><F118/><N who="3" m="45675" /><G12/><T13/><D53/><N who="2" m="20554" /><F112/><W87/><G87/><T93/><D15/><U0/><E114/><V125/><F19/><N who="3" m="12543" /><G20/><T31/><D17/><U39/><E115/><V135/><F135/><W41/><G41/><T57/><D13/><U49/><E37/><V1/><F24/><W130/><G130/><T46/><D26/><U107/><E107/><V27/><F27/><W63/><G63/><T94/><D106/><U78/><E39/><V109/><F32/><W54/><AGARI ba="3,0" hai="54,56,60,96,98,99,100,104" m="12543,45675" machi="54" ten="30,1100,0" yaku="12,1" doraHai="80" who="3" fromWho="3" sc="233,-6,441,-8,183,-6,143,20" /><INIT seed="2,0,0,0,2,121" ten="227,433,177,163" oya="2" hai0="126,7,119,90,37,133,23,75,45,8,93,108,5" hai1="64,48,114,17,73,3,43,67,124,9,122,35,25" hai2="20,86,57,87,85,59,13,84,31,109,15,88,113" hai3="103,40,11,111,32,100,115,95,98,92,62,56,65"/><V129/><F113/><W131/><G115/><T78/><D7/><U71/><E114/><V28/><F129/><W34/><G131/><T61/><D23/><U22/><E122/><V53/><F109/><W106/><G40/><T47/><D61/><U36/><E36/><V14/><F20/><W70/><G111/><T1/><D133/><U30/><E73/><V96/><F96/><W16/><G70/><T127/><D119/><U52/><E43/><V128/><F128/><W120/><G120/><T42/><D47/><U81/><E124/><V130/><F130/><W99/><REACH who="3" step="1"/><G106/><REACH who="3" ten="227,433,177,153" step="2"/><T12/><D108/><U82/><E71/><V112/><F112/><W29/><G29/><N who="2" m="11337" /><F53/><W0/><G0/><T107/><D107/><U135/><E3/><V69/><F69/><W89/><G89/><T33/><D1/><U105/><E105/><V94/><AGARI ba="0,1" hai="13,14,15,57,59,84,85,86,87,88,94" m="11337" machi="94" ten="40,3900,0" yaku="8,1,54,1" doraHai="121" who="2" fromWho="2" sc="227,-13,433,-13,177,49,153,-13" /><INIT seed="2,1,0,5,2,110" ten="214,420,226,140" oya="2" hai0="43,126,101,62,112,84,83,127,81,4,130,47,132" hai1="9,6,19,80,96,49,12,11,14,131,97,18,16" hai2="20,108,91,42,67,8,123,57,90,55,88,115,73" hai3="76,27,109,65,5,15,66,102,69,21,133,1,7"/><V38/><F123/><W120/><G120/><T26/><D130/><U77/><E131/><V58/><F73/><W10/><G109/><T31/><D132/><U37/><E37/><V121/><F121/><W89/><G133/><T113/><D4/><U51/><E6/><V46/><F108/><W106/><G76/><T86/><D62/><U24/><E24/><V40/><F40/><W72/><G72/><T122/><D122/><U116/><E116/><V85/><F8/><W117/><G117/><T52/><D101/><U53/><E19/><V104/><F104/><W100/><G7/><T118/><D118/><U39/><E39/><V61/><F20/><W23/><G1/><T93/><D93/><U124/><E124/><N who="0" m="47657" /><D43/><U98/><REACH who="1" step="1"/><E53/><REACH who="1" ten="214,410,226,140" step="2"/><V68/><F55/><W71/><G5/><T92/><D26/><U128/><E128/><V32/><F32/><W3/><G27/><T41/><D52/><U63/><E63/><V44/><F61/><W33/><G33/><T74/><D31/><U134/><E134/><V125/><F125/><W78/><G3/><T99/><D41/><U114/><E114/><N who="0" m="44137" /><D47/><U50/><E50/><V64/><F46/><W75/><G15/><T94/><D74/><AGARI ba="1,1" hai="9,11,12,14,16,18,49,51,74,77,80,96,97,98" machi="74" ten="40,5200,0" yaku="1,1,9,1,54,1,53,0" doraHai="110" doraHaiUra="129" who="1" fromWho="0" sc="214,-55,410,65,226,0,140,0" /><INIT seed="3,0,0,0,4,38" ten="159,475,226,140" oya="3" hai0="95,110,100,12,25,111,29,60,24,80,28,104,126" hai1="34,13,22,51,6,92,129,84,42,131,69,125,65" hai2="71,103,101,93,53,32,40,105,44,5,82,113,58" hai3="4,45,122,119,19,7,26,79,106,62,121,0,127"/><W47/><G119/><T96/><D126/><U54/><E34/><V114/><F32/><W50/><G106/><T67/><D12/><U99/><E125/><V72/><F71/><W128/><G127/><T36/><D36/><U57/><E42/><V130/><F130/><W77/><G128/><N who="1" m="49226" /><E84/><V81/><F105/><W15/><G0/><T16/><D80/><U98/><E92/><V9/><F114/><W90/><G26/><T97/><D25/><U118/><E22/><V63/><F93/><W10/><G62/><T8/><D8/><N who="1" m="4247" /><E118/><V78/><F82/><W66/><G122/><T132/><D16/><U112/><E112/><V107/><F107/><W83/><G121/><T3/><D24/><U2/><E2/><V56/><F113/><W85/><G7/><T11/><D3/><U48/><E48/><V20/><F20/><W87/><G4/><T109/><D11/><U76/><E76/><V14/><REACH who="2" step="1"/><F58/><REACH who="2" ten="159,475,216,140" step="2"/><W30/><G83/><T135/><D104/><U124/><E124/><V89/><F89/><W108/><G90/><T68/><REACH who="0" step="1"/><D97/><REACH who="0" ten="149,475,216,140" step="2"/><U75/><E99/><V86/><F86/><W52/><G87/><T73/><D73/><U117/><E98/><V17/><F17/><W133/><G85/><T120/><D120/><U46/><E75/><V39/><AGARI ba="0,2" hai="5,9,14,39,40,44,53,56,63,72,78,81,101,103" machi="39" ten="20,5200,0" yaku="1,1,0,1,7,1,52,1,53,0" doraHai="38" doraHaiUra="134" who="2" fromWho="2" sc="149,-13,475,-13,216,72,140,-26" /><INIT seed="4,0,0,1,1,37" ten="136,462,288,114" oya="0" hai0="31,100,34,51,96,115,89,101,28,103,32,53,88" hai1="132,5,22,13,65,92,87,49,130,54,129,39,73" hai2="128,80,4,102,19,125,107,121,20,58,118,123,119" hai3="78,69,56,36,124,134,76,50,86,9,66,104,71"/><T15/><D115/><U116/><E132/><V75/><F4/><W106/><G36/><T43/><D43/><U21/><E39/><V98/><F58/><W133/><G9/><T60/><D60/><U30/><E73/><V59/><F59/><W85/><G56/><T23/><D51/><U79/><E65/><V67/><F67/><W26/><G66/><T131/><D131/><U14/><E116/><N who="2" m="44587" /><F128/><W110/><G26/><T40/><D40/><U112/><E112/><V11/><F11/><W10/><G10/><T7/><D53/><U46/><E5/><V113/><F125/><W61/><G50/><T68/><D68/><U117/><E117/><V82/><F113/><W44/><G44/><T105/><D7/><U3/><E3/><V27/><F75/><W6/><G6/><T12/><D103/><U52/><E92/><V122/><AGARI ba="0,0" hai="19,20,27,80,82,98,102,107,121,122,123" m="44587" machi="122" ten="40,1500,0" yaku="12,1" doraHai="37" who="2" fromWho="2" sc="136,-7,462,-4,288,15,114,-4" /><INIT seed="5,0,0,1,2,67" ten="129,458,303,110" oya="1" hai0="110,62,102,16,19,126,5,77,131,31,53,107,121" hai1="127,80,96,70,29,57,2,25,42,33,34,85,93" hai2="69,97,47,35,52,124,132,112,88,120,44,56,72" hai3="98,37,63,104,7,90,76,116,123,10,48,99,79"/><U21/><E127/><V84/><F72/><W83/><G37/><T61/><D110/><U38/><E2/><V100/><F120/><W22/><G123/><T18/><D121/><U66/><E38/><V6/><F35/><W39/><G39/><T106/><D126/><U46/><E46/><V128/><F124/><W75/><G79/><T101/><D77/><U12/><E42/><V95/><F132/><W86/><G116/><T117/><D53/><U36/><E12/><V108/><F108/><W129/><G129/><T9/><D31/><U122/><E36/><V49/><F128/><W27/><G48/><T11/><D131/><U17/><E17/><V55/><F6/><W133/><G63/><N who="0" m="24075" /><D5/><U13/><E57/><V103/><F69/><W74/><G74/><T8/><D117/><U114/><E122/><V78/><F112/><W51/><G51/><T115/><D115/><U68/><E66/><V81/><F44/><W4/><G4/><T15/><D15/><U113/><E13/><V92/><F92/><W40/><G40/><T41/><D41/><U60/><E60/><AGARI ba="0,0" hai="47,49,52,55,56,60,78,81,84,88,95,97,100,103" machi="60" ten="30,7700,0" yaku="7,1,8,1,54,2" doraHai="67" who="2" fromWho="1" sc="129,0,458,-77,303,77,110,0" /><INIT seed="6,0,0,4,4,64" ten="129,381,380,110" oya="2" hai0="95,98,94,4,133,12,118,80,49,128,120,99,10" hai1="26,89,74,30,17,34,115,85,121,46,127,107,78" hai2="60,5,79,81,67,112,134,126,119,111,16,21,53" hai3="108,114,9,75,68,104,15,27,61,45,72,86,77"/><V58/><F119/><W19/><G108/><T110/><D110/><U0/><E107/><V50/><F111/><W100/><G114/><T39/><D39/><U40/><E115/><V83/><F112/><W106/><G45/><T124/><D120/><U130/><E121/><V125/><F134/><W113/><G113/><T2/><D80/><U132/><E132/><V57/><F5/><W131/><G131/><T1/><D133/><U42/><E130/><V56/><F56/><W35/><G86/><T65/><D128/><U24/><E0/><V82/><REACH who="2" step="1"/><F79/><REACH who="2" ten="129,381,370,110" step="2"/><W54/><G77/><T103/><D118/><U101/><E78/><V84/><F84/><W66/><G75/><T18/><D4/><U14/><E85/><V41/><F41/><W8/><G72/><T13/><D2/><U93/><E42/><V3/><F3/><W33/><G54/><T90/><D1/><U37/><E74/><V22/><F22/><W105/><G9/><T6/><D124/><U29/><E127/><V38/><F38/><W51/><G35/><T73/><D73/><U102/><E37/><V135/><F135/><W28/><REACH who="3" step="1"/><G51/><REACH who="3" ten="129,381,370,100" step="2"/><T63/><D49/><U31/><E34/><V25/><AGARI ba="0,2" hai="16,21,25,50,53,57,58,60,67,81,82,83,125,126" machi="25" ten="30,11700,0" yaku="1,1,0,1,54,1,53,1" doraHai="64" doraHaiUra="44" who="2" fromWho="2" sc="129,-39,381,-39,370,137,100,-39" /><INIT seed="6,1,0,4,1,8" ten="90,342,507,61" oya="2" hai0="106,135,26,17,1,2,60,95,31,45,93,118,92" hai1="81,61,23,108,51,32,99,130,6,25,33,132,41" hai2="52,94,11,83,0,74,127,109,86,70,57,122,5" hai3="85,72,98,46,71,18,101,43,16,73,54,27,79"/><V82/><F122/><W21/><G71/><T22/><D118/><U38/><E38/><V116/><F116/><W29/><G54/><T110/><D110/><U7/><E108/><V20/><F109/><W128/><G128/><T96/><D135/><U24/><E61/><V14/><F70/><W133/><G133/><T66/><D45/><U77/><E132/><V47/><F47/><W131/><G131/><T69/><REACH who="0" step="1"/><D31/><REACH who="0" ten="80,342,507,61" step="2"/><U76/><E130/><V42/><F127/><W19/><G85/><T84/><D84/><U40/><E40/><V87/><F74/><W117/><G117/><T3/><D3/><U48/><E41/><V4/><F42/><W126/><G126/><T9/><D9/><U13/><E99/><V78/><F0/><W80/><G73/><T39/><D39/><U53/><E76/><V44/><F44/><W55/><G55/><T107/><D107/><U65/><E53/><V111/><F111/><W62/><G62/><T91/><D91/><U49/><E65/><V90/><F78/><W88/><G88/><T67/><D67/><U129/><E129/><V134/><F134/><W75/><G75/><T68/><D68/><U35/><E51/><V63/><F86/><W104/><REACH who="3" step="1"/><G29/><REACH who="3" ten="80,342,507,51" step="2"/><T113/><D113/><U59/><E77/><V97/><F87/><W10/><G10/><T28/><D28/><U58/><E58/><V114/><F114/><W112/><G112/><T121/><D121/><U64/><E59/><V123/><F123/><W103/><G103/><AGARI ba="1,2" hai="1,2,17,22,26,60,66,69,92,93,95,96,103,106" machi="103" ten="40,1300,0" yaku="1,1,53,0" doraHai="8" doraHaiUra="37" who="0" fromWho="3" sc="80,36,342,0,507,0,51,-16" /><INIT seed="7,0,0,2,2,88" ten="116,342,507,35" oya="3" hai0="24,78,35,26,52,94,102,122,27,39,86,12,84" hai1="66,44,126,92,15,18,2,100,128,62,17,25,42" hai2="111,33,98,132,57,16,61,82,1,107,131,53,23" hai3="103,95,120,48,93,80,34,75,55,99,81,89,59"/><W14/><G120/><T49/><D39/><U56/><E2/><V68/><F111/><W5/><G34/><T7/><D122/><U21/><E126/><V32/><F1/><W6/><G75/><T124/><D124/><U38/><E128/><V46/><F132/><W54/><G54/><T85/><D35/><U114/><E114/><V134/><F134/><W9/><G6/><T106/><D106/><U67/><E67/><V77/><F68/><W87/><AGARI ba="0,0" hai="5,9,14,48,55,59,80,81,87,89,93,95,99,103" machi="87" ten="20,12000,1" yaku="0,1,7,1,8,1,52,2" doraHai="88" who="3" fromWho="3" sc="116,-40,342,-40,507,-40,35,120" /><INIT seed="7,1,0,1,2,27" ten="76,302,467,155" oya="3" hai0="81,115,78,38,23,88,133,6,102,34,119,76,1" hai1="93,122,41,32,131,55,72,4,79,91,118,135,44" hai2="53,19,35,83,94,5,37,68,125,107,42,127,75" hai3="121,101,58,51,22,98,85,45,43,25,109,77,30"/><W26/><G121/><T63/><D34/><U97/><E122/><V3/><F107/><W18/><G109/><T31/><D119/><U67/><E118/><V14/><F68/><W49/><G77/><T56/><D38/><U60/><E32/><V46/><F35/><W36/><G85/><T40/><D40/><U15/><E72/><V50/><F94/><W80/><G80/><T124/><D124/><N who="2" m="47690" /><F5/><W48/><G58/><T114/><D133/><U129/><E15/><V66/><F66/><W84/><G84/><N who="0" m="50191" /><D102/><U110/><E44/><N who="2" m="23631" /><F3/><W0/><G0/><T29/><D6/><U24/><E91/><V39/><F39/><W61/><G36/><T70/><D70/><U12/><E60/><V71/><F71/><W105/><G61/><T86/><D1/><U69/><E41/><V112/><F112/><N who="0" m="43050" /><D86/><U120/><E12/><V62/><F62/><W54/><G43/><T20/><D76/><U7/><E93/><V100/><F100/><W117/><G117/><T99/><D78/><U113/><E97/><V87/><F75/><W111/><G111/><T74/><D99/><U2/><E24/><V16/><F14/><W92/><G105/><T21/><D74/><U134/><E113/><V104/><F104/><W47/><G47/><T10/><D10/><U95/><E79/><AGARI ba="1,0" hai="16,19,46,50,53,79,83,87" m="23631,47690" machi="79" ten="30,2000,0" yaku="18,1,54,1" doraHai="27" who="2" fromWho="1" sc="76,0,302,-23,467,23,155,0" owari="76,-42.4,279,7.9,490,59.0,155,-24.5" /></mjloggm>