<mjloggm ver="2.3"><GO type="169" lobby="0"/><UN n0="%73%65%37%37%65%6E" n1="%E7%99%BE%E9%87%8E%E3%81%95%E3%82%93" n2="%E3%81%8B%E3%81%B6%E8%8C%B6" n3="%73%79%6C%76%65%6F%6E" dan="16,17,17,16" rate="2049.36,2174.42,2140.05,2150.81" sx="M,M,M,M"/><TAIKYOKU oya="0"/><INIT seed="0,0,0,4,4,133" ten="250,250,250,250" oya="0" hai0="48,79,21,71,93,74,112,1,38,17,122,3,96" hai1="6,132,113,36,22,9,43,115,10,18,124,19,83" hai2="91,78,34,95,8,135,89,123,60,103,31,46,55" hai3="119,127,7,104,97,40,120,15,23,118,101,47,61"/><T106/><D38/><U107/><E107/><V109/><F123/><W130/><G120/><T42/><D106/><U33/><E33/><V114/><F114/><N who="1" m="43529" /><E36/><V51/><F109/><W128/><G61/><T67/><D122/><U32/><E32/><V73/><F78/><W121/><G121/><T131/><D131/><N who="3" m="50217" /><G127/><T125/><D125/><U102/><E102/><V14/><F73/><W94/><G104/><T16/><D67/><U35/><E35/><V0/><F0/><W13/><G23/><T25/><D71/><U52/><E43/><V90/><F135/><W82/><G82/><T117/><D117/><N who="3" m="44553" /><G7/><T65/><D65/><U72/><E132/><V87/><F34/><W99/><G99/><T30/><D112/><U66/><E66/><V85/><F31/><W86/><G86/><T29/><D30/><U98/><E98/><N who="2" m="59871" /><F60/><W20/><G20/><T12/><D79/><U49/><E124/><V111/><F111/><W58/><G58/><T75/><D74/><U134/><E134/><V126/><F126/><W45/><G45/><N who="0" m="25655" /><D75/><U68/><E68/><V76/><F76/><W56/><G56/><T54/><D1/><U70/><E70/><V53/><F53/><W92/><G92/><T37/><D3/><U129/><E129/><V11/><F11/><N who="1" m="4105" /><E6/><AGARI ba="0,0" hai="6,8,14,46,51,55,85,87,89,90,91" m="59871" machi="6" ten="30,1000,0" yaku="8,1" doraHai="133" who="2" fromWho="1" sc="250,0,250,-10,250,10,250,0" /><INIT seed="1,0,0,5,1,128" ten="250,240,260,250" oya="1" hai0="2,97,56,70,110,55,102,81,65,124,16,90,51" hai1="117,0,126,99,5,88,114,7,49,80,37,74,35" hai2="83,3,131,20,53,23,69,79,92,54,112,9,44" hai3="40,82,87,109,135,108,1,132,118,27,15,73,62"/><U43/><E114/><V93/><F131/><W115/><G115/><T26/><D2/><U89/><E117/><V60/><F112/><W76/><G1/><T121/><D110/><N who="3" m="42601" /><G118/><T18/><D124/><U84/><E35/><V61/><F69/><W101/><G40/><T86/><D121/><U11/><E126/><V120/><F120/><W22/><G101/><T25/><D65/><U107/><E7/><V32/><F32/><W134/><G62/><T75/><D70/><U91/><E37/><V21/><F61/><W33/><G33/><T57/><D56/><U41/><E74/><V94/><F60/><W105/><G105/><T58/><D58/><U85/><E49/><V14/><F44/><W48/><G48/><T36/><D75/><U29/><E29/><V113/><F3/><W96/><G96/><T78/><D78/><U64/><E64/><V10/><F10/><W50/><G50/><T46/><D36/><U77/><REACH who="1" step="1"/><E84/><REACH who="1" ten="250,230,260,250" step="2"/><N who="2" m="48255" /><F113/><W66/><G66/><T122/><D122/><U19/><E19/><AGARI ba="0,1" hai="9,14,19,20,21,23,53,54,92,93,94" m="48255" machi="19" ten="30,1000,0" yaku="8,1" doraHai="128" who="2" fromWho="1" sc="250,0,230,-10,260,20,250,0" /><INIT seed="2,0,0,0,1,107" ten="250,220,280,250" oya="2" hai0="101,63,85,15,111,19,53,39,41,18,87,64,70" hai1="20,88,123,74,119,76,132,13,33,124,52,4,48" hai2="94,110,23,82,35,122,105,100,91,27,69,106,130" hai3="60,113,108,45,7,125,71,5,28,10,90,16,51"/><V66/><F122/><W62/><G108/><T98/><D111/><U103/><E119/><V77/><F110/><W24/><G125/><T80/><D53/><U25/><E33/><V8/><F35/><W31/><G113/><T134/><D134/><U109/><E103/><V95/><F130/><W72/><G72/><T121/><D121/><U59/><E109/><V17/><F69/><W37/><G37/><T54/><D54/><U47/><E123/><V58/><F100/><W112/><G112/><T11/><D19/><U116/><E116/><V22/><F8/><W97/><G71/><T104/><REACH who="0" step="1"/><D80/><REACH who="0" ten="240,220,280,250" step="2"/><U21/><E132/><V56/><F17/><W127/><G16/><T34/><D34/><U2/><E124/><V83/><F66/><W99/><G127/><T61/><D61/><U44/><E44/><AGARI ba="0,1" hai="11,15,18,39,41,44,63,64,70,85,87,98,101,104" machi="44" ten="40,2600,0" yaku="1,1,53,1" doraHai="107" doraHaiUra="38" who="0" fromWho="1" sc="240,36,220,-26,280,0,250,0" /><INIT seed="3,0,0,0,4,102" ten="276,194,280,250" oya="3" hai0="11,128,40,53,18,44,64,80,112,51,83,88,104" hai1="36,9,46,120,107,99,2,10,111,106,31,16,63" hai2="98,86,58,91,59,124,7,20,103,109,129,22,0" hai3="48,35,23,77,135,47,43,57,60,28,3,78,32"/><W110/><G3/><T132/><D128/><U93/><E120/><V134/><F129/><W1/><G1/><T123/><D123/><U21/><E31/><V121/><F121/><W14/><G135/><T87/><D132/><U50/><E36/><V65/><F134/><W26/><G110/><T45/><D112/><U81/><E81/><V131/><F131/><W85/><G14/><N who="0" m="7519" /><D64/><U68/><E68/><V69/><F69/><W25/><G85/><T15/><D15/><U5/><E10/><V113/><F113/><W95/><G95/><T133/><D133/><U100/><E63/><V76/><F76/><W96/><G96/><T127/><D80/><U101/><E101/><V61/><F109/><W108/><G108/><T71/><D71/><U73/><E73/><V19/><F22/><W27/><G27/><T13/><D13/><U8/><E8/><V75/><F0/><W117/><G117/><T125/><D104/><U62/><E62/><V89/><F7/><W82/><G82/><T38/><AGARI ba="0,0" hai="38,40,44,45,51,53,83,87,88,125,127" m="7519" machi="38" ten="30,2000,0" yaku="25,1,54,1" doraHai="102" who="0" fromWho="0" sc="276,20,194,-5,280,-5,250,-10" /><INIT seed="4,0,0,2,1,69" ten="296,189,275,240" oya="0" hai0="57,36,106,123,48,31,4,133,77,75,38,110,86" hai1="62,5,41,58,2,85,83,111,84,126,112,28,27" hai2="8,3,63,23,29,59,89,128,88,87,45,97,129" hai3="19,68,81,64,131,17,104,13,11,39,114,49,135"/><T134/><D106/><U46/><E111/><V32/><F32/><W119/><G119/><T76/><D110/><U121/><E126/><V40/><F3/><W125/><G104/><T94/><D31/><U118/><E118/><V103/><F8/><W116/><G116/><T71/><D71/><U107/><E107/><V101/><F97/><W14/><G125/><T95/><D4/><U120/><E112/><V70/><F70/><W25/><G114/><T50/><D75/><U66/><E5/><V10/><F10/><W35/><G131/><N who="2" m="50249" /><F23/><W15/><G35/><T115/><D115/><U92/><E2/><V20/><F20/><W124/><G11/><T24/><D24/><U65/><E65/><N who="2" m="39167" /><F89/><W96/><G96/><T130/><D130/><U26/><E26/><V72/><F72/><W52/><G68/><T80/><D57/><U90/><E27/><V47/><F47/><W56/><G25/><T42/><D86/><U122/><E28/><V22/><F22/><W98/><G98/><T44/><D44/><U78/><REACH who="1" step="1"/><E121/><REACH who="1" ten="296,179,275,240" step="2"/><V9/><F29/><W0/><G0/><T60/><D123/><U132/><E132/><V12/><F12/><W79/><G135/><T55/><D133/><U109/><E109/><V30/><F30/><W37/><G124/><T127/><D134/><U93/><E93/><N who="2" m="54431" /><F9/><N who="3" m="6319" /><G64/><T82/><D127/><U102/><E102/><V108/><F108/><W34/><G34/><T51/><D94/><U61/><E61/><V1/><F1/><W74/><G15/><T16/><D95/><U67/><E67/><V91/><F103/><W53/><G53/><RYUUKYOKU ba="0,1" sc="296,-15,179,15,275,-15,240,15" hai1="41,46,58,62,66,78,83,84,85,90,92,120,122" hai3="14,19,37,39,49,52,56,74,79,81" /><INIT seed="5,1,1,3,3,52" ten="281,194,260,255" oya="1" hai0="19,27,12,58,61,51,7,66,96,20,67,118,57" hai1="37,117,93,77,103,47,92,110,81,30,129,5,59" hai2="53,134,112,126,107,4,60,76,85,22,10,111,26" hai3="38,123,106,28,2,33,32,35,72,56,6,90,8"/><U122/><E117/><V120/><F111/><W84/><G123/><T105/><D118/><U55/><E122/><V108/><F108/><W121/><G121/><T100/><D7/><U70/><E70/><V130/><F107/><W133/><G72/><T46/><D12/><U113/><E110/><V135/><F120/><W21/><G106/><T24/><D24/><U48/><E5/><V125/><F112/><W63/><G38/><T44/><D51/><U36/><E113/><V50/><F60/><AGARI ba="1,1" hai="19,20,27,44,46,57,58,60,61,66,67,96,100,105" machi="60" ten="40,5200,0" yaku="9,1,52,2" doraHai="52" who="0" fromWho="2" sc="281,65,194,0,260,-55,255,0" /><INIT seed="6,0,0,1,2,8" ten="346,194,205,255" oya="2" hai0="16,27,88,87,66,90,97,20,79,46,85,55,111" hai1="63,120,100,19,89,12,42,47,28,71,62,6,108" hai2="56,82,31,39,114,78,23,49,107,35,73,60,112" hai3="129,94,93,7,95,65,92,57,18,133,116,104,14"/><V84/><F39/><W110/><G116/><T24/><D66/><U81/><E108/><V0/><F0/><W15/><G110/><T80/><D111/><U3/><E71/><V36/><F36/><W43/><G104/><T45/><D97/><U9/><E120/><V126/><F107/><W105/><G105/><T74/><D27/><U17/><E100/><V34/><F126/><W37/><G37/><T32/><D32/><U2/><E28/><V5/><F5/><W115/><G43/><T83/><D55/><U109/><E109/><V70/><F49/><W21/><G129/><T40/><D40/><U13/><E3/><V119/><F70/><W69/><G69/><T135/><D135/><U125/><E125/><V128/><F73/><W10/><G133/><T117/><D117/><U29/><E29/><V91/><F78/><W118/><G115/><N who="2" m="44073" /><F128/><W44/><G44/><T124/><D124/><U121/><E121/><V30/><F119/><W53/><G118/><T77/><D77/><U48/><E2/><V134/><F134/><W50/><N who="3" m="23552" /><DORA hai="59" /><W68/><G68/><T106/><D106/><U61/><REACH who="1" step="1"/><E12/><REACH who="1" ten="346,184,205,255" step="2"/><V127/><F127/><W51/><G65/><T103/><D103/><U64/><E64/><N who="2" m="38919" /><F31/><W54/><G54/><T130/><D130/><U96/><E96/><V123/><F123/><W38/><G15/><T102/><D102/><U98/><E98/><V86/><F86/><AGARI ba="0,1" hai="6,9,13,17,19,42,47,48,61,62,63,81,86,89" machi="86" ten="40,12000,2" yaku="1,1,8,1,52,4,53,0" doraHai="8,59" doraHaiUra="67,72" who="1" fromWho="2" sc="346,0,184,130,205,-120,255,0" /><INIT seed="7,0,0,1,1,23" ten="346,314,85,255" oya="3" hai0="19,4,8,52,75,14,51,101,45,13,1,83,32" hai1="119,128,65,132,121,40,43,34,69,61,58,67,100" hai2="15,36,42,87,102,129,22,107,31,6,54,28,98" hai3="72,26,50,47,106,44,11,10,117,70,131,35,78"/><W82/><G117/><T96/><D32/><U115/><E34/><V74/><F129/><W133/><G70/><T73/><D83/><U27/><E121/><V0/><F74/><W84/><G106/><T30/><D30/><U116/><E100/><V135/><F135/><W3/><G133/><T88/><D88/><U12/><E132/><V55/><F31/><W112/><G35/><T85/><D85/><U127/><E12/><V21/><F21/><W134/><G134/><T114/><D114/><U108/><E108/><V71/><F71/><W48/><G72/><T7/><D7/><U94/><E94/><V2/><F2/><W5/><G131/><T25/><D25/><U64/><E128/><V97/><F87/><W37/><G112/><T124/><D124/><U46/><E115/><V89/><F36/><W95/><G11/><T41/><D41/><N who="1" m="15947" /><E27/><V59/><F42/><W92/><G37/><T125/><D125/><U110/><E110/><V122/><F122/><W66/><G66/><N who="1" m="25706" /><E127/><V53/><F0/><W9/><G9/><T104/><D1/><U80/><E80/><V126/><F126/><W76/><G76/><T91/><D91/><U57/><E46/><N who="3" m="17450" /><G26/><T105/><D104/><U123/><E123/><V63/><F28/><W39/><G39/><T60/><D73/><U113/><E113/><V90/><F90/><N who="3" m="53319" /><G95/><T62/><D75/><U118/><AGARI ba="0,0" hai="57,58,61,67,69,116,118,119" m="25706,15947" machi="118" ten="40,5200,0" yaku="12,1,34,2" doraHai="23" who="1" fromWho="1" sc="346,-13,314,52,85,-13,255,-26" owari="333,13.3,366,46.6,72,-42.8,229,-17.1" /></mjloggm>