<mjloggm ver="2.3"><GO type="169" lobby="0"/><UN n0="%61%6E%5F" n1="%E6%A1%9C%E5%B0%8F%E8%B7%AF%E6%89%8D%E8%8F%AF" n2="%52%65%63%61%6C%74%71" n3="%E3%83%94%E3%82%AC%E3%82%B7" dan="17,16,16,17" rate="2113.16,2178.42,2128.19,2176.99" sx="M,M,M,M"/><TAIKYOKU oya="0"/><INIT seed="0,0,0,3,4,104" ten="250,250,250,250" oya="0" hai0="92,95,73,76,28,7,132,12,96,118,13,27,46" hai1="52,11,97,15,106,82,4,71,51,131,90,16,33" hai2="78,129,26,122,19,67,105,80,69,113,56,38,85" hai3="40,62,88,66,30,37,61,134,101,64,2,124,10"/><T58/><D118/><U1/><E71/><V18/><F113/><W75/><G124/><T89/><D132/><U81/><E33/><V32/><F122/><W91/><G134/><T123/><D123/><U42/><E42/><V60/><F38/><W9/><G101/><T25/><D58/><U39/><E39/><V93/><F129/><W135/><G135/><T70/><D70/><U98/><E131/><V50/><F105/><W53/><G37/><T127/><D127/><U86/><E106/><V72/><F50/><W79/><G40/><T68/><D68/><U126/><E82/><V29/><F69/><W59/><G30/><T116/><D25/><U63/><E63/><V6/><F6/><W121/><G121/><T14/><D95/><U130/><E130/><V45/><F45/><W87/><G2/><T0/><D0/><U102/><E102/><V57/><F57/><W83/><G91/><T43/><D116/><U5/><E126/><V100/><REACH who="2" step="1"/><F85/><REACH who="2" ten="250,250,240,250" step="2"/><W107/><G107/><T24/><D7/><N who="1" m="2635" /><E1/><V65/><F65/><W115/><G115/><T110/><D110/><U17/><E17/><V31/><F31/><W48/><G64/><T35/><D28/><U54/><E54/><V23/><F23/><W3/><G3/><T55/><D55/><U94/><E94/><V77/><F77/><W22/><G22/><T36/><REACH who="0" step="1"/><D35/><REACH who="0" ten="240,250,240,250" step="2"/><U8/><E8/><N who="3" m="3178" /><G66/><T44/><D44/><AGARI ba="0,2" hai="11,15,16,44,51,52,81,86,90,97,98" m="2635" machi="44" ten="30,7700,0" yaku="25,1,8,1,54,2" doraHai="104" who="1" fromWho="0" sc="240,-77,250,97,240,0,250,0" /><INIT seed="1,0,0,1,3,39" ten="163,347,240,250" oya="1" hai0="33,126,66,61,93,87,78,7,73,46,88,65,134" hai1="22,106,51,85,62,29,6,94,45,14,28,18,95" hai2="97,10,21,79,4,107,70,82,98,15,84,72,53" hai3="113,68,124,30,133,38,8,0,44,71,17,26,43"/><U80/><E106/><V86/><F70/><W118/><G113/><T81/><D126/><U120/><E120/><V47/><F107/><W114/><G114/><T27/><D134/><U41/><E6/><V116/><F116/><W69/><G133/><T112/><D112/><U2/><E2/><V135/><F135/><W25/><G124/><T57/><D7/><U32/><E62/><V49/><F72/><W90/><G118/><T122/><D122/><U9/><E32/><V34/><F34/><W108/><G108/><T60/><D46/><U127/><E127/><V5/><F5/><W77/><G77/><T129/><D129/><U59/><E59/><V115/><F115/><W96/><G0/><T104/><D104/><U111/><E111/><V52/><F84/><W55/><G55/><T100/><D100/><U67/><E67/><V92/><F21/><W131/><G131/><T63/><REACH who="0" step="1"/><D66/><REACH who="0" ten="153,347,240,250" step="2"/><U58/><E58/><V101/><F97/><W121/><G121/><T89/><D89/><N who="1" m="51367" /><E29/><AGARI ba="0,1" hai="27,29,33,57,60,61,63,65,73,78,81,87,88,93" machi="29" ten="40,5200,0" yaku="1,1,54,1,53,1" doraHai="39" doraHaiUra="75" who="0" fromWho="1" sc="153,62,347,-52,240,0,250,0" /><INIT seed="2,0,0,2,5,78" ten="215,295,240,250" oya="2" hai0="30,12,56,126,93,100,110,47,40,134,63,3,46" hai1="59,50,10,81,91,15,85,76,28,29,74,35,21" hai2="103,67,114,72,94,115,128,55,95,89,127,79,109" hai3="86,133,13,11,64,23,119,45,83,68,57,102,62"/><V117/><F67/><W101/><G133/><T87/><D3/><U1/><E1/><V131/><F55/><W135/><G119/><T71/><D71/><U98/><E35/><V26/><F26/><W84/><G135/><T48/><D30/><U36/><E36/><V32/><F32/><W129/><G129/><T132/><D110/><U118/><E118/><V116/><F109/><W108/><G108/><T33/><D33/><U60/><E50/><V7/><F7/><W123/><G123/><T70/><D70/><U42/><E42/><V31/><F31/><W61/><G45/><T14/><D132/><U51/><E51/><V8/><F8/><W113/><G86/><T77/><D126/><U111/><E21/><V4/><F4/><W9/><G23/><T19/><D134/><U125/><E125/><V99/><F127/><W97/><G113/><N who="2" m="43017" /><F79/><W39/><G39/><T121/><D47/><U24/><E111/><V65/><F65/><W104/><G13/><T130/><D12/><U54/><E24/><V120/><F72/><W75/><G75/><T66/><D14/><U58/><E58/><V90/><F120/><W17/><G17/><T112/><D19/><N who="1" m="8695" /><E74/><V22/><F22/><W96/><G68/><T80/><D121/><U0/><E0/><V122/><F122/><W34/><G34/><T106/><D112/><U88/><E76/><V2/><F2/><W43/><G43/><T41/><D40/><U124/><E124/><V82/><F117/><W49/><G49/><T18/><D48/><U6/><E6/><V37/><F116/><W73/><G73/><RYUUKYOKU ba="0,0" sc="215,-10,295,30,240,-10,250,-10" hai1="28,29,54,59,60,81,85,88,91,98" /><INIT seed="3,1,0,3,4,77" ten="205,325,230,240" oya="3" hai0="118,68,24,122,80,13,121,47,45,113,49,108,120" hai1="73,22,106,15,14,101,96,97,29,119,93,94,37" hai2="4,39,87,32,75,86,17,83,33,50,85,27,41" hai3="70,23,81,12,99,90,34,18,11,105,82,131,59"/><W102/><G34/><T3/><D3/><U53/><E37/><V36/><F4/><W72/><G70/><T65/><D24/><U61/><E73/><V42/><F50/><W60/><G131/><T44/><D13/><U110/><E110/><V111/><F111/><W8/><G72/><T69/><D108/><U104/><E119/><V128/><F128/><W114/><G114/><T98/><D98/><U28/><E104/><V79/><F17/><W21/><G21/><T1/><D1/><U130/><E130/><V38/><REACH who="2" step="1"/><F27/><REACH who="2" ten="205,325,220,240" step="2"/><W63/><G63/><T135/><D49/><U26/><E29/><V35/><AGARI ba="1,1" hai="32,33,35,36,38,39,41,42,75,79,83,85,86,87" machi="35" ten="50,12000,2" yaku="1,1,2,1,0,1,29,2,52,1,53,0" doraHai="77" doraHaiUra="112" who="2" fromWho="2" sc="205,-31,325,-31,220,133,240,-61" /><INIT seed="4,0,0,3,5,88" ten="174,294,353,179" oya="0" hai0="3,58,132,6,22,9,28,69,115,44,34,122,10" hai1="87,83,8,105,40,82,130,131,78,37,99,100,127" hai2="76,43,51,7,47,93,79,39,70,118,38,128,134" hai3="63,121,54,80,23,18,103,116,107,72,108,135,114"/><T16/><D69/><U36/><E127/><V73/><F70/><W49/><G108/><T95/><D122/><U45/><E8/><V31/><F134/><W111/><G111/><T27/><D132/><U66/><E66/><V29/><F128/><N who="1" m="49193" /><E83/><V84/><F118/><W4/><G135/><T20/><D115/><U30/><E30/><V35/><F7/><W68/><G116/><T15/><D44/><U50/><AGARI ba="0,0" hai="36,37,40,45,50,78,82,87,99,100,105" m="49193" machi="50" ten="30,1100,0" yaku="19,1" doraHai="88" who="1" fromWho="1" sc="174,-5,294,11,353,-3,179,-3" /><INIT seed="5,0,0,1,1,37" ten="169,305,350,176" oya="1" hai0="42,83,65,18,0,27,61,117,76,74,121,59,29" hai1="133,32,130,134,127,80,12,4,67,53,70,113,35" hai2="114,96,5,1,131,87,75,45,132,129,111,81,17" hai3="109,125,118,25,92,100,128,3,95,8,98,16,72"/><U55/><E113/><V9/><F111/><W69/><G109/><T56/><D117/><U28/><E130/><V66/><F114/><W19/><G128/><N who="2" m="49225" /><F132/><N who="1" m="50793" /><E127/><V99/><F75/><W120/><G120/><T77/><D0/><U22/><E80/><V84/><F84/><W101/><G72/><T54/><D121/><U112/><E112/><V94/><F66/><W60/><G125/><T23/><D77/><U86/><E86/><V115/><F115/><W10/><G118/><T73/><D74/><U135/><E135/><V24/><F45/><W102/><G3/><T13/><D59/><U91/><E91/><N who="2" m="53631" /><F81/><W26/><G69/><T116/><D116/><U21/><E67/><V93/><F93/><N who="3" m="35915" /><G98/><T2/><D65/><U68/><E68/><V36/><F36/><W38/><G38/><T48/><D2/><U41/><E70/><V104/><F104/><W31/><G60/><T126/><D126/><U90/><E90/><V71/><F71/><W47/><G47/><T20/><REACH who="0" step="1"/><D61/><REACH who="0" ten="159,305,350,176" step="2"/><U49/><E35/><V107/><F107/><W79/><G79/><T89/><D89/><U50/><E32/><V97/><F97/><W78/><G78/><T40/><AGARI ba="0,1" hai="13,18,20,23,27,29,40,42,48,54,56,73,76,83" machi="40" ten="30,7900,0" yaku="1,1,0,1,52,2,53,0" doraHai="37" doraHaiUra="88" who="0" fromWho="0" sc="159,89,305,-39,350,-20,176,-20" /><INIT seed="6,0,0,4,3,5" ten="248,266,330,156" oya="2" hai0="2,105,134,44,38,123,102,9,72,10,69,106,54" hai1="20,13,36,97,19,117,99,52,109,82,66,18,96" hai2="111,122,7,61,100,59,127,116,67,64,108,95,98" hai3="126,112,31,77,45,63,0,25,8,129,39,23,92"/><V132/><F116/><W81/><G126/><T71/><D102/><U87/><E109/><V125/><F122/><W32/><G129/><T15/><D123/><U101/><E117/><V73/><F73/><N who="3" m="43183" /><G92/><T17/><D72/><U34/><E34/><V41/><F41/><N who="3" m="22719" /><G63/><T22/><D134/><U115/><E36/><V68/><F7/><N who="3" m="1127" /><G23/><T42/><D54/><U35/><E35/><V90/><F132/><W78/><G78/><T12/><D2/><U84/><E66/><V16/><F67/><W60/><G60/><T24/><D24/><N who="1" m="14359" /><E101/><V57/><F100/><W50/><G50/><T49/><D49/><U40/><E40/><V48/><F48/><W70/><G112/><T33/><D33/><U43/><E43/><V104/><F127/><W110/><G110/><T46/><D22/><N who="1" m="11631" /><E115/><V4/><F125/><W128/><G128/><T30/><D46/><U118/><E118/><V74/><F64/><W121/><G121/><T1/><D1/><U11/><E52/><V47/><F47/><W91/><G91/><T107/><REACH who="0" step="1"/><D30/><REACH who="0" ten="238,266,330,156" step="2"/><U75/><E75/><V131/><F74/><W76/><G76/><T94/><D94/><U130/><E130/><V114/><F131/><W21/><G21/><T14/><D14/><U119/><E119/><V55/><F108/><W80/><G80/><T113/><D113/><U27/><E82/><V120/><F111/><W53/><G53/><T88/><D88/><U28/><E28/><V58/><F55/><W29/><G31/><T86/><D86/><N who="1" m="32811" /><E27/><V37/><F120/><W93/><G93/><T133/><D133/><U6/><E99/><RYUUKYOKU ba="0,1" sc="238,10,266,10,330,-30,156,10" hai0="9,10,12,15,17,38,42,44,69,71,105,106,107" hai1="6,11,96,97" hai3="25,29,32,70" /><INIT seed="7,1,1,3,5,84" ten="248,276,300,166" oya="3" hai0="103,44,11,58,62,94,85,115,117,38,57,112,42" hai1="36,101,18,119,54,21,7,102,78,109,93,76,26" hai2="74,17,97,69,59,33,16,114,0,45,49,48,50" hai3="83,32,19,81,125,10,132,27,122,126,64,51,121"/><W135/><G64/><T53/><D117/><U92/><E109/><V96/><F74/><W71/><G71/><T22/><D22/><U34/><E36/><V77/><F33/><W87/><G51/><T1/><D58/><U3/><E119/><V99/><F0/><W56/><G56/><T37/><D37/><U63/><E34/><V25/><F114/><N who="0" m="43562" /><D103/><N who="1" m="39435" /><E7/><V67/><F77/><N who="1" m="29801" /><E3/><V8/><F69/><W123/><G32/><T111/><D111/><U55/><E63/><N who="2" m="38399" /><F25/><W24/><G10/><T90/><D11/><U23/><E23/><V118/><F118/><W14/><G14/><T2/><AGARI ba="1,1" hai="1,2,38,42,44,53,57,62,85,90,94" m="43562" machi="2" ten="30,4000,0" yaku="15,1,11,1,52,1" doraHai="84" who="0" fromWho="0" sc="248,53,276,-11,300,-11,166,-21" owari="301,40.1,265,-13.5,289,8.9,145,-35.5" /></mjloggm>