<mjloggm ver="2.3"><GO type="169" lobby="0"/><UN n0="%E5%B3%B6%E7%94%B0%E7%9C%9F%E5%A4%A2" n1="%E3%80%8E%53%65%63%72%65%74%E3%80%8F" n2="%E7%8A%AC%E5%B1%B1" n3="%61%63%74%79" dan="16,16,16,16" rate="2155.17,2087.19,2048.79,2017.48" sx="F,M,M,M"/><TAIKYOKU oya="0"/><INIT seed="0,0,0,5,5,128" ten="250,250,250,250" oya="0" hai0="44,106,132,49,74,30,26,99,89,1,104,78,98" hai1="50,134,130,59,64,65,47,45,112,81,77,5,83" hai2="8,25,13,113,35,115,92,38,129,53,97,51,34" hai3="6,93,28,103,22,118,120,102,105,21,127,61,31"/><T39/><D1/><U75/><E130/><V91/><F38/><W16/><G118/><T40/><D89/><U11/><E112/><V42/><F129/><W54/><G105/><T29/><D49/><U70/><E70/><V55/><F42/><W10/><G22/><T131/><D131/><U85/><E134/><V56/><F55/><W43/><G43/><T117/><D117/><U46/><E50/><V36/><F36/><W63/><G127/><T19/><D19/><U15/><REACH who="1" step="1"/><E59/><REACH who="1" ten="250,240,250,250" step="2"/><V17/><F115/><W48/><G120/><T33/><D132/><U87/><E87/><V109/><F113/><W125/><G125/><T119/><D119/><U52/><E52/><V84/><F109/><W114/><G48/><T108/><D108/><U110/><E110/><V66/><F66/><W4/><G54/><T24/><D99/><U123/><E123/><V60/><F51/><W57/><G57/><T23/><REACH who="0" step="1"/><D98/><REACH who="0" ten="240,240,250,250" step="2"/><U67/><E67/><V82/><REACH who="2" step="1"/><F25/><REACH who="2" ten="240,240,240,250" step="2"/><W71/><G114/><T96/><D96/><U7/><E7/><V90/><AGARI ba="0,3" hai="8,13,17,34,35,53,56,60,82,84,90,91,92,97" machi="90" ten="20,5200,0" yaku="1,1,2,1,0,1,7,1,53,0" doraHai="128" doraHaiUra="69" who="2" fromWho="2" sc="240,-26,240,-13,240,82,250,-13" /><INIT seed="1,0,0,1,4,130" ten="214,227,322,237" oya="1" hai0="115,21,101,128,104,129,20,33,105,50,62,44,49" hai1="108,80,22,27,61,45,37,17,127,107,116,38,28" hai2="8,122,3,35,55,100,5,91,15,84,29,54,111" hai3="12,7,76,92,106,95,90,99,109,134,96,119,87"/><U117/><E116/><V118/><F122/><W124/><G7/><T31/><D62/><U43/><E117/><V1/><F118/><W51/><G12/><T73/><D44/><U82/><E127/><V64/><F100/><N who="3" m="62727" /><G51/><T88/><D101/><U66/><E108/><V68/><F111/><W132/><G119/><T83/><D83/><U114/><E114/><V58/><F54/><W23/><G109/><T39/><D39/><U103/><E38/><V34/><F64/><W69/><G69/><T74/><D31/><U89/><E89/><V98/><F98/><W13/><G124/><T24/><D24/><U40/><E40/><V125/><F68/><W48/><G48/><T131/><D131/><U120/><E120/><V56/><F56/><W77/><G13/><T78/><D78/><N who="3" m="30313" /><G23/><T60/><D60/><U63/><E63/><V42/><F42/><W79/><N who="3" m="30321" /><W2/><DORA hai="135" /><G2/><T67/><D67/><U70/><E17/><V36/><F3/><W57/><G57/><T121/><D33/><U59/><E59/><V102/><F35/><W46/><G46/><T16/><D121/><U52/><E52/><V133/><F1/><W81/><G81/><T41/><D41/><U72/><E72/><V11/><F29/><W18/><G18/><T25/><D25/><U65/><E65/><V123/><F34/><W97/><G97/><T9/><D16/><U86/><E86/><V112/><F55/><W126/><G126/><T32/><D32/><U85/><E85/><V110/><F58/><W0/><G0/><T94/><D9/><U30/><E30/><RYUUKYOKU ba="0,0" sc="214,-15,227,15,322,-15,237,15" hai1="22,27,28,37,43,45,61,66,70,80,82,103,107" hai3="87,90,92,95,99,132,134" /><INIT seed="1,1,0,2,0,107" ten="199,242,307,252" oya="1" hai0="123,89,113,29,124,116,112,101,12,57,128,82,15" hai1="99,60,61,119,133,65,77,108,6,4,51,111,31" hai2="0,35,131,11,48,10,42,118,2,39,74,105,75" hai3="132,120,72,40,96,106,50,8,92,90,68,36,9"/><U117/><E133/><V22/><F35/><W87/><G132/><T100/><D116/><N who="1" m="44619" /><E31/><V109/><F118/><W20/><G120/><T7/><D123/><U62/><E99/><V52/><F105/><W114/><G114/><T1/><D29/><U134/><E134/><V33/><F33/><W41/><G68/><T84/><D1/><U18/><E18/><V3/><F131/><W78/><G36/><T21/><D128/><U58/><E77/><V129/><F129/><W93/><G20/><T27/><D100/><U97/><E97/><V102/><F42/><W79/><G78/><T110/><D101/><U19/><E19/><V115/><F39/><W71/><G71/><T49/><D7/><U56/><E51/><V66/><F66/><W122/><G50/><T91/><D49/><U43/><E43/><V37/><F37/><W17/><G40/><T76/><D76/><U44/><E44/><V28/><F102/><N who="3" m="62791" /><G41/><T70/><D112/><U14/><E14/><V55/><F115/><W104/><G122/><T45/><D15/><U32/><E32/><V47/><F55/><W26/><G93/><T67/><D12/><U38/><E38/><V98/><F98/><W83/><G104/><T86/><D113/><U130/><E130/><V34/><F34/><W25/><G17/><T13/><D13/><U125/><E125/><V94/><F94/><W46/><G46/><T24/><D124/><U16/><E16/><V127/><F127/><W135/><G135/><T63/><D45/><U69/><E69/><V80/><F28/><W64/><G64/><T73/><D70/><RYUUKYOKU ba="1,0" sc="199,-10,242,-10,307,-10,252,30" hai3="8,9,25,26,72,79,83,87,90,92" /><INIT seed="2,2,0,2,1,130" ten="189,232,297,282" oya="2" hai0="116,31,100,17,99,38,50,61,41,36,73,3,46" hai1="54,84,56,83,97,125,32,74,10,106,115,22,57" hai2="86,27,93,23,75,102,128,77,98,78,71,81,9" hai3="47,30,88,107,65,8,25,13,68,11,72,6,15"/><V59/><F71/><W91/><G72/><T94/><D116/><U135/><E115/><V96/><F128/><W79/><G107/><T90/><D73/><U89/><E125/><V42/><F42/><W131/><G79/><T21/><D3/><U87/><E32/><V109/><F109/><W121/><G121/><T101/><D31/><U37/><E37/><V55/><F9/><W104/><G104/><T26/><D38/><U35/><E35/><V16/><F98/><W63/><G47/><T53/><REACH who="0" step="1"/><D36/><REACH who="0" ten="179,232,297,282" step="2"/><U20/><E74/><V85/><REACH who="2" step="1"/><F77/><REACH who="2" ten="179,232,287,282" step="2"/><W48/><G131/><T58/><AGARI ba="2,2" hai="17,21,26,41,46,50,53,58,61,90,94,99,100,101" machi="58" ten="30,12000,2" yaku="1,1,2,1,0,1,25,2,8,1,53,0" doraHai="130" doraHaiUra="108" who="0" fromWho="0" sc="179,146,232,-32,287,-62,282,-32" /><INIT seed="3,0,0,0,5,133" ten="325,200,225,250" oya="3" hai0="11,15,80,55,53,96,109,119,7,82,49,40,114" hai1="73,71,50,61,35,69,67,130,12,43,117,100,135" hai2="33,42,131,75,74,97,132,122,92,125,16,91,99" hai3="102,20,86,101,89,47,41,14,126,21,94,129,3"/><W107/><G3/><T83/><D119/><U4/><E135/><V24/><F132/><W28/><G129/><T54/><D109/><U103/><E130/><V48/><F131/><W17/><G107/><T56/><D114/><U37/><E117/><V134/><F134/><W121/><G121/><T95/><REACH who="0" step="1"/><D40/><REACH who="0" ten="315,200,225,250" step="2"/><U45/><E71/><V115/><F115/><W62/><G62/><T31/><D31/><U36/><E35/><V127/><F122/><W60/><G60/><T30/><D30/><U10/><E73/><V111/><F111/><W0/><G0/><T5/><D5/><U106/><E106/><V9/><F33/><W98/><G28/><T87/><D87/><U72/><E72/><V113/><F113/><W120/><G120/><T93/><D93/><U105/><E105/><V118/><F118/><W124/><G86/><T128/><D128/><U79/><REACH who="1" step="1"/><E79/><REACH who="1" ten="315,190,225,250" step="2"/><V68/><F75/><W59/><G124/><N who="2" m="47689" /><F74/><W26/><G126/><T104/><D104/><U81/><E81/><V52/><F68/><W27/><G94/><T29/><D29/><U116/><E116/><V32/><F32/><W90/><G41/><T18/><D18/><U76/><E76/><V44/><F42/><W57/><G17/><T51/><D51/><U19/><E19/><V88/><F99/><W108/><G98/><T25/><D25/><U58/><E58/><V123/><F123/><W77/><G57/><T85/><D85/><U13/><E13/><N who="2" m="7215" /><F24/><W2/><G26/><T84/><D84/><U63/><E63/><V34/><F34/><W64/><G108/><T1/><D1/><RYUUKYOKU ba="0,2" sc="315,10,190,10,225,10,250,-30" hai0="7,11,15,49,53,54,55,56,80,82,83,95,96" hai1="4,10,12,36,37,43,45,50,61,67,69,100,103" hai2="44,48,52,88,91,92,97" /><INIT seed="4,1,2,3,3,130" ten="325,200,235,220" oya="0" hai0="127,57,95,16,20,33,67,133,49,68,77,29,13" hai1="128,19,64,132,102,80,36,112,82,12,114,37,8" hai2="92,105,84,121,5,115,86,89,131,104,113,28,32" hai3="70,129,81,99,26,103,75,91,98,35,71,85,134"/><T135/><D127/><U11/><E128/><V124/><F5/><W24/><G129/><T65/><D77/><U90/><E102/><V45/><F121/><W74/><G99/><T62/><D95/><U100/><E100/><V41/><F131/><W94/><G74/><T106/><D106/><U1/><E64/><V39/><F124/><W27/><G35/><T54/><REACH who="0" step="1"/><D65/><REACH who="0" ten="315,200,235,220" step="2"/><U18/><E90/><V96/><F104/><W58/><G75/><T7/><D7/><U108/><E108/><V118/><F105/><W78/><G78/><T97/><D97/><U125/><E125/><V79/><F118/><W46/><G98/><T93/><D93/><U56/><E1/><V51/><F79/><W110/><G94/><T123/><D123/><U23/><E132/><V42/><F86/><W69/><G110/><T122/><D122/><U22/><E12/><V52/><F84/><W61/><G134/><T43/><D43/><U34/><E34/><V116/><F42/><W55/><G103/><T101/><D101/><U15/><E15/><V6/><F6/><W3/><G3/><T111/><D111/><U60/><E60/><V31/><F116/><W38/><G71/><T117/><D117/><U88/><E88/><V0/><F0/><W44/><G69/><T48/><D48/><U17/><E17/><V126/><F126/><W4/><G70/><T9/><D9/><U120/><E120/><V40/><F32/><W66/><G4/><T47/><D47/><N who="3" m="17961" /><G38/><T87/><D87/><U10/><E10/><V83/><F40/><W50/><G66/><T2/><D2/><RYUUKYOKU ba="1,3" sc="315,10,200,10,235,-30,220,10" hai0="13,16,20,29,33,49,54,57,62,67,68,133,135" hai1="8,11,18,19,22,23,36,37,56,80,82,112,114" hai3="24,26,27,50,55,58,61,81,85,91" /><INIT seed="4,2,3,1,2,135" ten="325,210,205,230" oya="0" hai0="69,18,19,41,84,13,24,118,109,106,45,76,126" hai1="57,95,42,4,88,2,121,90,49,34,80,77,89" hai2="129,122,134,30,86,124,87,93,120,47,112,115,54" hai3="71,29,39,68,63,28,40,78,111,100,58,6,75"/><T56/><D118/><U81/><E121/><N who="2" m="46699" /><F30/><W23/><G111/><T128/><D69/><U36/><E34/><V64/><F64/><W103/><G68/><T65/><D106/><U133/><E133/><V127/><F134/><W67/><G6/><T20/><D109/><U1/><E81/><V31/><F31/><W7/><G29/><T97/><D97/><U11/><E1/><V94/><F54/><W85/><G85/><N who="2" m="32265" /><F47/><W16/><G28/><T52/><D65/><U12/><E12/><V105/><F105/><W92/><G7/><T10/><D76/><U59/><E49/><V125/><F129/><W83/><G92/><AGARI ba="2,3" hai="92,93,94,112,115,124,125,127" m="32265,46699" machi="92" ten="40,16000,3" yaku="28,2,18,1,34,2,52,3" doraHai="135" who="2" fromWho="3" sc="325,0,210,0,205,196,230,-166" /><INIT seed="5,0,0,5,4,119" ten="325,210,401,64" oya="1" hai0="17,16,121,68,105,19,22,104,56,59,34,3,115" hai1="45,124,43,130,33,88,32,108,107,67,79,51,52" hai2="97,90,60,21,12,114,26,37,6,103,64,116,58" hai3="94,8,89,82,75,7,98,69,129,29,93,96,44"/><U35/><E124/><V86/><F37/><W73/><G69/><T41/><D68/><U77/><E130/><V95/><F116/><W24/><G129/><T72/><D3/><U25/><E108/><V42/><F42/><W55/><G73/><T61/><D72/><U87/><E107/><V9/><F114/><W28/><G82/><T132/><D34/><U100/><E100/><V134/><F134/><W1/><G75/><T112/><D132/><U101/><E101/><V53/><F103/><W13/><G1/><T118/><D118/><U74/><E74/><V66/><REACH who="2" step="1"/><F86/><REACH who="2" ten="325,210,391,64" step="2"/><W78/><G78/><T92/><D41/><U11/><E43/><V113/><F113/><W46/><G55/><T4/><D112/><U63/><E25/><V122/><F122/><W27/><G24/><T50/><D121/><U36/><E36/><V120/><F120/><W125/><G125/><T31/><D115/><U14/><E87/><V71/><F71/><W109/><G109/><T127/><D127/><U85/><E85/><V81/><F81/><W2/><G2/><T5/><D105/><U20/><E88/><V0/><F0/><W123/><G123/><T128/><D104/><U40/><E40/><V117/><F117/><W84/><G84/><T106/><D106/><U76/><E76/><V54/><F54/><W135/><G135/><T18/><D128/><U80/><E80/><V99/><F99/><W133/><G133/><T70/><D70/><U62/><E67/><V131/><F131/><W38/><G38/><T126/><D126/><U111/><E77/><V23/><F23/><RYUUKYOKU ba="0,1" sc="325,-10,210,-10,391,30,64,-10" hai2="6,9,12,21,26,53,58,60,64,66,90,95,97" /><INIT seed="6,1,1,4,4,112" ten="315,200,421,54" oya="2" hai0="83,101,33,106,96,45,109,60,93,61,41,72,120" hai1="122,59,48,17,132,18,114,78,11,108,47,80,9" hai2="102,7,29,116,65,26,81,92,99,51,73,27,43" hai3="39,53,49,35,103,62,56,13,10,87,34,21,74"/><V97/><F116/><W16/><G74/><T77/><D109/><U71/><E114/><V79/><F65/><W19/><G39/><T121/><D33/><U4/><E108/><V66/><F66/><W90/><G103/><T36/><D120/><U128/><E132/><V58/><F7/><W37/><G37/><T14/><D121/><U113/><E128/><V22/><F27/><W68/><G68/><T38/><D38/><U82/><E113/><V12/><F12/><W40/><G40/><T54/><D54/><U3/><E122/><V131/><F131/><W5/><G19/><T86/><D14/><U110/><E71/><V32/><F99/><W107/><G107/><T76/><D76/><U44/><E110/><V89/><F102/><W117/><G62/><T85/><D85/><U105/><E105/><V20/><F58/><W50/><G49/><T46/><D46/><U133/><E4/><V91/><F89/><AGARI ba="1,1" hai="36,41,45,60,61,72,77,83,86,89,93,96,101,106" machi="89" ten="40,2600,0" yaku="24,2" doraHai="112" who="0" fromWho="2" sc="315,39,200,0,421,-29,54,0" /><INIT seed="7,0,0,5,1,53" ten="354,200,392,54" oya="3" hai0="35,105,64,112,39,73,54,41,40,36,116,63,34" hai1="75,97,29,81,65,62,85,10,128,27,96,7,121" hai2="119,45,11,61,28,71,106,12,77,8,94,132,120" hai3="4,135,109,56,59,6,3,125,52,74,24,57,9"/><W102/><G74/><T1/><D73/><U95/><E121/><V127/><F106/><W122/><G122/><T13/><D105/><U67/><E128/><V115/><F28/><W110/><G135/><T42/><D1/><U23/><E75/><V25/><F71/><W88/><G125/><T44/><D116/><U98/><E95/><V21/><F77/><W17/><G102/><T76/><D76/><U103/><E103/><V101/><F45/><W18/><G6/><T78/><D78/><U50/><E50/><V89/><F101/><W90/><G52/><T43/><D13/><N who="1" m="5343" /><E62/><V48/><F115/><W126/><G126/><T15/><D15/><U26/><E26/><V47/><F119/><W58/><N who="3" m="14336" /><DORA hai="129" /><W131/><G131/><T84/><D84/><U33/><E33/><V83/><F12/><W82/><G24/><T31/><D54/><U123/><E123/><V5/><F25/><W30/><G30/><T124/><D31/><U86/><E86/><V79/><F5/><W130/><G130/><T60/><D124/><U92/><E92/><V111/><F94/><W108/><G82/><T80/><D80/><U87/><E87/><V91/><F83/><W99/><G99/><T114/><D34/><U117/><E117/><V2/><F2/><W66/><G66/><T46/><D64/><U134/><E134/><V19/><F132/><W133/><G133/><T16/><D35/><U14/><E14/><V68/><F127/><W55/><G55/><T32/><D32/><U22/><E22/><V0/><F120/><W118/><G118/><T93/><D114/><RYUUKYOKU ba="0,0" sc="354,-15,200,15,392,-15,54,15" hai1="23,27,29,65,67,81,85,96,97,98" hai3="3,4,9,17,18,88,90,108,109,110" /><INIT seed="7,1,0,4,0,128" ten="339,215,377,69" oya="3" hai0="12,89,3,23,21,33,69,53,62,101,27,54,72" hai1="86,39,76,133,115,114,47,13,120,24,38,77,68" hai2="80,106,70,96,103,28,0,97,123,100,112,79,58" hai3="110,90,74,45,32,46,122,56,75,119,1,55,15"/><W48/><G119/><T14/><D3/><U4/><E120/><V35/><F70/><W26/><G122/><T36/><D36/><U134/><E68/><V125/><F0/><W109/><G1/><T65/><D72/><U16/><E4/><V42/><F123/><W51/><G15/><T40/><D40/><U22/><E24/><V113/><F125/><W44/><G90/><T81/><D101/><U30/><E30/><V87/><F42/><W20/><G32/><T66/><D33/><U64/><E64/><V132/><F58/><W9/><G9/><T18/><D65/><U31/><E31/><V130/><F130/><W135/><G48/><T126/><D126/><U50/><E39/><V29/><F35/><W8/><G8/><T52/><D23/><U61/><E61/><V121/><F121/><W59/><G59/><T71/><D69/><U124/><E38/><V92/><F132/><N who="1" m="50793" /><E124/><V129/><F129/><W118/><G118/><T107/><D62/><U19/><E19/><V11/><F11/><W57/><G56/><T7/><D66/><U88/><E77/><V116/><F116/><W78/><G135/><T41/><D71/><U131/><E76/><V37/><F37/><W98/><G98/><T93/><D27/><U95/><E131/><V2/><F2/><W84/><G84/><T17/><D7/><U67/><E67/><V43/><F29/><N who="3" m="17607" /><G78/><T73/><D17/><U85/><E86/><V60/><F28/><W63/><G63/><T105/><D18/><U104/><E104/><V108/><F60/><W102/><G102/><T6/><D107/><RYUUKYOKU ba="1,0" sc="339,-15,215,15,377,-15,69,15" hai1="13,16,22,47,50,85,88,95,114,115" hai3="44,45,46,51,55,57,74,75,109,110" /><INIT seed="7,2,0,1,4,31" ten="324,230,362,84" oya="3" hai0="83,74,99,8,68,3,0,76,38,25,87,78,79" hai1="58,109,53,14,127,121,37,10,123,104,18,56,33" hai2="96,75,65,34,106,126,88,12,70,122,80,64,27" hai3="69,26,95,9,116,63,57,93,77,128,114,44,7"/><W66/><G116/><T98/><D68/><U81/><E109/><V23/><F122/><W130/><G114/><T110/><D38/><U97/><E127/><V6/><F126/><W40/><G77/><T111/><D74/><U129/><E37/><V60/><F64/><W135/><G135/><T21/><D8/><U102/><E129/><N who="3" m="49770" /><G69/><T49/><D111/><U90/><E58/><V86/><F75/><W108/><G26/><T55/><D110/><U54/><E53/><V107/><F96/><N who="0" m="36906" /><D3/><U52/><E54/><V103/><F103/><W94/><G108/><T113/><D0/><U82/><E33/><V117/><F117/><W73/><G73/><T124/><D113/><U42/><E42/><V50/><F34/><W71/><G71/><T133/><D133/><U16/><E18/><V32/><F32/><W47/><G40/><T2/><D2/><AGARI ba="2,0" hai="2,7,9,44,47,57,63,66,93,94,95" m="49770" machi="2" ten="30,1500,0" yaku="19,1" doraHai="31" who="3" fromWho="0" sc="324,-21,230,0,362,0,84,21" /><INIT seed="7,3,0,1,3,131" ten="303,230,362,105" oya="3" hai0="11,63,98,117,69,81,46,127,75,111,64,8,99" hai1="104,122,130,85,120,21,20,23,113,72,6,41,19" hai2="66,44,114,82,42,106,88,54,38,43,102,116,17" hai3="118,109,134,27,90,45,87,40,105,95,49,25,31"/><W107/><G118/><T124/><D117/><U58/><E72/><V89/><F66/><W97/><G109/><T76/><D111/><U22/><E104/><V60/><F102/><W30/><G134/><T39/><D99/><U70/><E70/><V121/><F106/><W125/><G125/><N who="0" m="48203" /><D98/><U9/><E130/><V16/><F42/><AGARI ba="3,0" hai="8,11,39,42,46,63,64,69,75,76,81" m="48203" machi="42" ten="30,1000,0" yaku="18,1" doraHai="131" who="0" fromWho="2" sc="303,19,230,0,362,-19,105,0" owari="322,12.2,230,-17.0,343,44.3,105,-39.5" /></mjloggm>