<mjloggm ver="2.3"><GO type="169" lobby="0"/><UN n0="%E5%AD%90%E8%A1%BF%E9%9B%85%E6%AD%8C" n1="%E6%9C%8B%E4%B9%9F%40" n2="%E3%82%A4%E3%82%AB%E3%81%AB%E3%82%82%E6%9D%B1%E5%8C%97" n3="%E3%81%97%E3%82%89%E3%81%99%EF%BC%A1" dan="16,16,17,16" rate="2132.41,2164.07,2170.18,2094.33" sx="M,F,M,M"/><TAIKYOKU oya="0"/><INIT seed="0,0,0,1,1,41" ten="250,250,250,250" oya="0" hai0="107,86,91,76,38,105,85,12,10,15,108,4,17" hai1="64,5,103,50,77,7,6,99,90,72,93,112,97" hai2="133,134,26,51,19,40,2,48,60,31,61,58,82" hai3="88,63,62,32,120,101,113,14,44,126,95,1,23"/><T9/><D38/><U94/><E112/><V68/><F2/><W71/><G113/><T57/><D108/><U127/><E127/><V130/><F130/><W115/><G115/><T35/><D35/><U8/><E64/><N who="2" m="40967" /><F19/><W69/><G1/><T102/><D102/><U33/><E33/><V121/><F82/><W118/><G118/><T39/><D39/><U116/><E116/><V67/><F121/><W124/><G32/><T119/><D119/><U78/><E72/><V24/><F24/><W135/><G135/><N who="2" m="51721" /><F40/><W104/><G120/><T42/><D42/><U75/><E75/><V70/><F70/><W114/><G114/><T96/><D76/><U22/><E8/><V81/><F81/><W54/><G101/><T11/><D11/><U73/><E73/><V49/><F26/><W45/><G104/><T47/><D107/><U56/><REACH who="1" step="1"/><E22/><REACH who="1" ten="250,240,250,250" step="2"/><V29/><AGARI ba="0,1" hai="29,31,48,49,51,58,61,67" m="51721,40967" machi="29" ten="40,1500,0" yaku="20,1" doraHai="41" who="2" fromWho="2" sc="250,-7,240,-4,250,25,250,-4" /><INIT seed="1,0,0,1,0,127" ten="243,236,275,246" oya="1" hai0="4,18,37,59,123,58,53,73,112,45,113,27,24" hai1="76,87,31,68,100,110,43,103,117,124,92,49,82" hai2="120,62,64,85,122,91,72,16,109,26,21,93,36" hai3="102,70,25,7,125,19,106,81,89,5,95,97,114"/><U128/><E117/><V94/><F109/><W3/><G114/><T33/><D73/><U88/><E68/><V130/><F72/><W42/><G125/><T41/><D123/><U40/><E124/><V46/><F130/><W15/><G70/><T132/><D132/><U22/><E110/><V90/><F46/><W104/><G25/><T65/><D4/><U10/><E128/><V101/><F101/><W30/><G30/><T2/><D2/><U50/><E10/><V52/><F36/><W118/><G118/><T116/><D116/><U29/><E49/><V63/><F52/><W32/><G32/><T39/><D39/><U115/><E115/><V57/><REACH who="2" step="1"/><F63/><REACH who="2" ten="243,236,265,246" step="2"/><W135/><G102/><N who="1" m="38954" /><E50/><V55/><F55/><W23/><G42/><N who="1" m="15914" /><E22/><V96/><AGARI ba="0,1" hai="16,21,26,57,62,64,85,90,91,93,94,96,120,122" machi="96" ten="20,5200,0" yaku="1,1,0,1,7,1,54,1,53,0" doraHai="127" doraHaiUra="48" who="2" fromWho="2" sc="243,-13,236,-26,265,62,246,-13" /><INIT seed="2,0,0,5,0,12" ten="230,210,327,233" oya="2" hai0="16,130,52,88,33,79,31,8,110,67,101,68,76" hai1="71,82,50,91,99,58,35,9,80,55,109,90,72" hai2="6,105,117,131,3,108,24,75,26,29,19,70,121" hai3="69,97,1,30,59,96,2,48,20,63,62,114,135"/><V92/><F117/><W102/><G135/><T115/><D115/><U28/><E71/><V54/><F121/><W104/><G114/><T74/><D101/><U65/><E109/><V125/><F105/><W15/><G69/><T118/><D74/><U5/><E65/><V61/><F75/><W47/><G96/><T36/><D36/><U94/><E72/><V11/><F131/><W38/><G38/><T10/><D130/><U44/><E35/><V14/><F125/><W39/><G39/><T112/><D112/><U18/><E28/><V49/><F108/><W51/><G51/><T13/><D110/><U84/><E44/><V25/><F92/><W21/><G21/><T4/><D67/><U133/><E133/><V57/><F70/><W120/><G120/><T0/><D68/><U17/><REACH who="1" step="1"/><E82/><REACH who="1" ten="230,200,327,233" step="2"/><V73/><F73/><W7/><G47/><T111/><D111/><U40/><E40/><V93/><F29/><W123/><G30/><T56/><D118/><U86/><E86/><V32/><F32/><W66/><G66/><T22/><D33/><U34/><E34/><V46/><F46/><W116/><G116/><T64/><D64/><U98/><E98/><V126/><F126/><W122/><G122/><T45/><D45/><U83/><E83/><V77/><F54/><N who="3" m="32199" /><G123/><T37/><D37/><U89/><E89/><V42/><F42/><W124/><G124/><T60/><REACH who="0" step="1"/><D88/><REACH who="0" ten="220,200,327,233" step="2"/><U113/><E113/><V78/><F78/><W134/><G134/><T23/><D23/><U119/><E119/><V27/><N who="2" m="6144" /><DORA hai="41" /><V129/><F77/><W81/><G20/><RYUUKYOKU ba="0,2" sc="220,15,200,15,327,-15,233,-15" hai0="0,4,8,10,13,16,22,31,52,56,60,76,79" hai1="5,9,17,18,50,55,58,80,84,90,91,94,99" /><INIT seed="3,1,2,4,2,48" ten="235,215,312,218" oya="3" hai0="68,10,27,97,49,107,5,54,28,88,42,64,89" hai1="123,14,56,73,39,122,111,74,130,59,18,44,114" hai2="62,8,36,37,121,120,46,16,134,86,76,109,101" hai3="69,125,135,11,113,117,50,131,132,34,70,21,81"/><W83/><G113/><T99/><D42/><U23/><E114/><V96/><F109/><W12/><G117/><T95/><D64/><U77/><E130/><V15/><F134/><N who="3" m="51243" /><G34/><T128/><D68/><N who="3" m="26217" /><G21/><T85/><D128/><U25/><E111/><V51/><F62/><W47/><G131/><T108/><D108/><U66/><E25/><V40/><F76/><W60/><G60/><T75/><D75/><U63/><E59/><V33/><F33/><W80/><G125/><T104/><D97/><U126/><E126/><V65/><F86/><W94/><G94/><T29/><D104/><U129/><E129/><V100/><F65/><W13/><G11/><T67/><D67/><U93/><E93/><N who="2" m="58383" /><F101/><W133/><N who="3" m="51251" /><W3/><DORA hai="110" /><G3/><T105/><D105/><U71/><E71/><V98/><F98/><W38/><G38/><T6/><D107/><U26/><E74/><V35/><F35/><W53/><AGARI ba="1,2" hai="12,13,47,50,53,80,81,83" m="26217,51251" machi="53" ten="50,4800,0" yaku="20,1,52,1" doraHai="48,110" who="3" fromWho="3" sc="235,-17,215,-17,312,-17,218,71" /><INIT seed="3,2,0,4,1,90" ten="218,198,295,289" oya="3" hai0="74,53,78,94,39,45,34,23,123,25,19,103,1" hai1="64,18,99,55,52,56,44,98,22,127,66,97,125" hai2="27,4,10,68,6,105,131,21,134,84,126,30,42" hai3="89,128,88,79,5,47,41,80,14,59,106,130,13"/><W77/><G106/><T73/><D123/><U50/><E127/><V120/><F68/><W132/><G132/><T83/><D1/><U114/><E114/><V109/><F105/><W70/><G59/><T28/><D74/><U93/><E125/><V12/><F42/><W60/><G60/><T129/><D129/><N who="3" m="49769" /><G70/><T107/><D107/><U35/><E35/><V85/><F131/><W67/><G67/><T36/><D53/><U91/><E66/><V24/><F120/><W76/><G80/><T40/><D36/><U92/><E64/><V65/><F65/><W122/><G122/><T38/><D38/><U81/><E81/><V101/><F126/><W26/><G26/><T43/><D43/><U49/><E91/><N who="3" m="34890" /><G5/><T8/><D103/><U112/><E112/><V37/><F101/><W31/><G31/><T0/><D28/><U100/><E100/><V63/><F24/><AGARI ba="2,0" hai="18,22,24,44,49,50,52,55,56,92,93,97,98,99" machi="24" ten="40,8000,1" yaku="8,1,52,2,54,1" doraHai="90" who="1" fromWho="2" sc="218,0,198,86,295,-86,289,0" /><INIT seed="4,0,0,2,2,7" ten="218,284,209,289" oya="0" hai0="127,73,3,8,42,35,55,59,62,134,123,82,75" hai1="10,79,116,46,64,57,76,102,5,48,124,129,107" hai2="9,33,95,112,6,69,43,39,114,68,52,93,41" hai3="23,26,20,58,99,113,71,111,18,103,15,0,1"/><T27/><D123/><U133/><E116/><V50/><F33/><W40/><G71/><N who="2" m="27209" /><F93/><W4/><G111/><T30/><D134/><U94/><E133/><V37/><F95/><W88/><G113/><N who="2" m="43625" /><F6/><W131/><G131/><T117/><D117/><U108/><E129/><V63/><F63/><W109/><G40/><N who="2" m="15433" /><F9/><W36/><G109/><T92/><D92/><U96/><E108/><V125/><F125/><W22/><G0/><T74/><D127/><U47/><E124/><V32/><F32/><W86/><G1/><T67/><D42/><U17/><E94/><V21/><F21/><W2/><G2/><T110/><D110/><U104/><E5/><V56/><AGARI ba="0,0" hai="37,39,50,52,56" m="15433,43625,27209" machi="56" ten="40,8000,1" yaku="15,1,34,2,54,1" doraHai="7" who="2" fromWho="2" sc="218,-40,284,-20,209,80,289,-20" /><INIT seed="5,0,0,4,0,16" ten="178,264,289,269" oya="1" hai0="85,36,7,51,69,94,17,119,68,74,113,100,45" hai1="130,95,34,49,38,58,22,71,133,32,35,77,25" hai2="57,101,8,78,121,40,108,110,79,97,43,135,59" hai3="42,5,12,123,117,44,109,52,83,65,111,124,33"/><U1/><E71/><V114/><F121/><W84/><G123/><T76/><D36/><U20/><E38/><V103/><F8/><W88/><G33/><T56/><D119/><U90/><E1/><V134/><REACH who="2" step="1"/><F97/><REACH who="2" ten="178,264,279,269" step="2"/><W87/><G117/><T64/><D113/><AGARI ba="0,1" hai="40,43,57,59,78,79,101,103,108,110,113,114,134,135" machi="113" ten="25,6400,0" yaku="1,1,2,1,22,2,53,0" doraHai="16" doraHaiUra="60" who="2" fromWho="0" sc="178,-64,264,0,279,74,269,0" /><INIT seed="6,0,0,4,2,126" ten="114,264,353,269" oya="2" hai0="39,47,108,91,112,110,61,56,89,98,15,20,19" hai1="40,134,37,32,135,76,36,3,53,73,63,132,120" hai2="81,92,114,107,13,10,102,118,58,26,84,54,68" hai3="90,1,27,124,22,78,16,83,75,95,97,116,43"/><V44/><F118/><W65/><G124/><T123/><D123/><U59/><E32/><V71/><F107/><W18/><G116/><T38/><D112/><U122/><E3/><V45/><F114/><W94/><G1/><T2/><D2/><U50/><E76/><V70/><F26/><W66/><G43/><T49/><D108/><U14/><E14/><V88/><F102/><W33/><G33/><T96/><D110/><U86/><E86/><V42/><F92/><W129/><G129/><T99/><D38/><N who="1" m="14955" /><E73/><V82/><F81/><W30/><G18/><T28/><D39/><U131/><E131/><V111/><F42/><W85/><REACH who="3" step="1"/><G30/><REACH who="3" ten="114,264,353,259" step="2"/><T35/><D28/><U104/><E104/><V87/><F111/><W60/><G60/><T127/><D127/><U125/><E125/><V24/><F71/><W101/><AGARI ba="0,1" hai="16,22,27,65,66,75,78,83,85,90,94,95,97,101" machi="101" ten="20,8000,1" yaku="1,1,0,1,7,1,54,1,53,1" doraHai="126" doraHaiUra="80" who="3" fromWho="3" sc="114,-20,264,-20,353,-40,259,90" /><INIT seed="7,0,0,2,0,13" ten="94,244,313,349" oya="3" hai0="20,62,119,84,16,113,75,131,106,115,26,0,125" hai1="78,67,59,111,36,128,94,90,30,2,103,21,85" hai2="97,54,92,132,71,12,49,100,101,108,126,32,89" hai3="15,22,29,24,91,121,44,7,9,120,43,68,55"/><W82/><G68/><T72/><D106/><U33/><E36/><V39/><F108/><W19/><G55/><T69/><D119/><U134/><E2/><V77/><F39/><W129/><G129/><T109/><D109/><U66/><E128/><V17/><F71/><W60/><G60/><T102/><D102/><U64/><E33/><V133/><F32/><W51/><G91/><T79/><D0/><U3/><E3/><V58/><F77/><W63/><G63/><T37/><D37/><U8/><E134/><V104/><F126/><W45/><G82/><T27/><D131/><U47/><E8/><V38/><F38/><W96/><G96/><T88/><D125/><U135/><E135/><N who="2" m="51787" /><F104/><W48/><G120/><T70/><D79/><U4/><E4/><V73/><F73/><W28/><G121/><T118/><D118/><U56/><E47/><N who="3" m="17994" /><G43/><T122/><D122/><U41/><E41/><V123/><F123/><W76/><G76/><T34/><D34/><U35/><E35/><V95/><F92/><W11/><G11/><AGARI ba="0,0" hai="11,12,17,49,54,58,89,95,97,100,101" m="51787" machi="11" ten="30,2000,0" yaku="20,1,52,1" doraHai="13" who="2" fromWho="3" sc="94,0,244,0,313,20,349,-20" owari="94,-40.6,244,-15.6,333,43.3,329,12.9" /></mjloggm>