<mjloggm ver="2.3"><GO type="169" lobby="0"/><UN n0="%42%65%6E%63%68%69%6E%67" n1="%E3%82%BF%E3%83%BC%E3%83%90%E3%83%B3%E9%87%8E%E5%8F%A3" n2="%E5%A4%A2%E4%BB%98%E3%81%8D" n3="%41%72%64%62%65%47" dan="16,17,16,16" rate="2213.25,2169.13,2100.72,2021.51" sx="M,M,M,M"/><TAIKYOKU oya="0"/><INIT seed="0,0,0,2,0,98" ten="250,250,250,250" oya="0" hai0="102,32,9,80,86,46,0,23,77,130,15,76,113" hai1="59,64,37,106,43,128,103,2,133,118,38,122,29" hai2="26,87,126,114,100,13,124,35,119,28,127,22,50" hai3="31,117,49,111,95,14,129,96,135,75,88,79,62"/><T84/><D130/><U58/><E29/><V82/><F114/><W55/><G129/><T52/><D32/><U107/><E128/><V81/><F119/><W105/><G117/><T34/><D34/><U61/><E118/><V104/><F50/><W11/><G111/><T48/><D113/><U93/><E2/><V17/><REACH who="2" step="1"/><F87/><REACH who="2" ten="250,250,240,250" step="2"/><W8/><G49/><T6/><D86/><U25/><E37/><V125/><N who="2" m="31744" /><DORA hai="45" /><V116/><F116/><W110/><G75/><T72/><D72/><U4/><E38/><V21/><F21/><W24/><G110/><T19/><REACH who="0" step="1"/><D102/><REACH who="0" ten="240,250,240,250" step="2"/><U109/><E103/><V101/><F101/><W30/><G135/><T63/><D63/><U20/><E61/><V40/><F40/><W132/><G132/><T47/><D47/><U3/><E43/><V60/><F60/><W42/><G42/><T5/><D5/><U115/><E4/><V54/><F54/><W66/><G55/><T121/><D121/><U57/><E133/><V90/><F90/><AGARI ba="0,2" hai="0,6,9,15,19,23,46,48,52,76,77,80,84,90" machi="90" ten="30,11600,0" yaku="1,1,7,1,52,1,54,1,53,0" doraHai="98,45" doraHaiUra="56,108" who="0" fromWho="2" sc="240,136,250,0,240,-116,250,0" /><INIT seed="0,1,0,0,4,33" ten="376,250,124,250" oya="0" hai0="0,75,66,113,19,129,124,10,114,49,133,118,71" hai1="4,98,50,127,43,115,39,27,36,21,56,62,74" hai2="45,58,134,69,20,116,106,16,105,97,76,90,42" hai3="53,22,120,46,44,3,61,78,119,54,11,112,81"/><T94/><D94/><U38/><E74/><V55/><F69/><W30/><G112/><T103/><D49/><U93/><E127/><V60/><F134/><W17/><G119/><T31/><D103/><U109/><E109/><V121/><F121/><W96/><G30/><T1/><D66/><U5/><E115/><N who="0" m="44041" /><D71/><U86/><E86/><V132/><F132/><W9/><G120/><T12/><D75/><U88/><E50/><V83/><F116/><W126/><G126/><T7/><D133/><U104/><E43/><V2/><F76/><W117/><G96/><T25/><D124/><U14/><E14/><V52/><F2/><N who="0" m="1130" /><D118/><U79/><E79/><V32/><F55/><W59/><G59/><T101/><D101/><U123/><E104/><V41/><F106/><W77/><G61/><T131/><D7/><U8/><E123/><V135/><F135/><W130/><G54/><T73/><D73/><U47/><E4/><V18/><F105/><W80/><G53/><T110/><D110/><U99/><E47/><V89/><F45/><W29/><G46/><T68/><D68/><U87/><E39/><V128/><F60/><W23/><G44/><T63/><D63/><U34/><E38/><V107/><F58/><W95/><G95/><T102/><D102/><U125/><E36/><V24/><F107/><W100/><G100/><T37/><D37/><U48/><E56/><V70/><F70/><W57/><G57/><T28/><D31/><U51/><E62/><V111/><F111/><W64/><G117/><T13/><D13/><U91/><E125/><V67/><F67/><RYUUKYOKU ba="1,0" sc="376,30,250,-10,124,-10,250,-10" hai0="10,12,19,25,28,129,131" /><INIT seed="0,2,0,2,3,102" ten="406,240,114,240" oya="0" hai0="75,32,40,116,127,11,0,128,119,132,35,106,60" hai1="26,100,87,42,89,83,17,54,82,59,135,94,122" hai2="19,124,10,108,112,43,125,36,117,71,22,12,101" hai3="5,24,66,88,115,33,84,80,27,107,78,64,96"/><T110/><RYUUKYOKU type="yao9" ba="2,0" sc="406,0,240,0,114,0,240,0" hai0="0,11,32,35,40,60,75,106,110,116,119,127,128,132" /><INIT seed="0,3,0,5,2,116" ten="406,240,114,240" oya="0" hai0="103,79,64,39,69,51,46,97,66,109,25,59,20" hai1="3,78,40,71,63,130,6,83,68,92,10,60,45" hai2="53,15,22,44,113,98,27,135,31,124,121,91,17" hai3="122,128,1,48,129,18,134,72,35,61,125,102,14"/><T0/><D0/><U104/><E130/><V32/><F113/><W111/><G1/><T9/><D69/><U84/><E104/><V94/><F135/><W37/><G37/><T30/><D109/><U67/><E92/><V42/><F124/><W5/><G5/><T76/><D39/><U89/><E89/><V119/><F119/><W108/><G72/><T106/><D9/><U75/><E84/><V123/><REACH who="2" step="1"/><F53/><REACH who="2" ten="406,240,104,240" step="2"/><W133/><G125/><T57/><D64/><U50/><E63/><V34/><F34/><W47/><G35/><T88/><D66/><U118/><E118/><V101/><F101/><W56/><G102/><T65/><D65/><U77/><E71/><V21/><F21/><W74/><G134/><T70/><D70/><U87/><E68/><V26/><F26/><W85/><G133/><T96/><D76/><U81/><E67/><V107/><F107/><W86/><G111/><T120/><D79/><U95/><E60/><V36/><AGARI ba="3,1" hai="15,17,22,27,31,32,36,42,44,91,94,98,121,123" machi="36" ten="20,12000,2" yaku="1,1,0,1,7,1,52,2,53,1" doraHai="116" doraHaiUra="38" who="2" fromWho="2" sc="406,-63,240,-33,104,139,240,-33" /><INIT seed="1,0,0,0,5,53" ten="343,207,243,207" oya="1" hai0="134,99,131,13,58,45,7,50,94,19,86,118,56" hai1="81,69,80,84,119,105,21,15,11,39,116,9,133" hai2="125,52,47,33,2,89,67,25,55,113,83,64,40" hai3="48,102,57,85,129,78,70,37,63,127,41,34,123"/><U107/><E69/><V14/><F2/><W110/><G34/><T100/><D118/><U22/><E84/><V4/><F125/><W108/><G102/><T95/><D134/><U5/><E15/><V3/><F3/><W71/><G78/><T17/><D131/><U51/><E51/><N who="2" m="27111" /><F33/><W88/><G37/><T61/><D61/><U79/><E39/><V42/><F25/><W59/><G123/><T0/><D0/><U65/><E65/><V54/><F42/><W30/><G30/><T38/><D38/><U122/><E79/><V96/><F113/><W76/><G76/><T135/><D135/><U49/><E49/><V98/><F83/><W36/><G36/><T104/><D7/><U132/><REACH who="1" step="1"/><E5/><REACH who="1" ten="343,197,243,207" step="2"/><V26/><F14/><W32/><G71/><T28/><D13/><U60/><E60/><V68/><F4/><W29/><G70/><T66/><D66/><U93/><E93/><V72/><F68/><W16/><G63/><T109/><D94/><U75/><E75/><V117/><F72/><W111/><G48/><T101/><D50/><U103/><E103/><V73/><F73/><W91/><G111/><T114/><D101/><U87/><E87/><V10/><F67/><W24/><G110/><T6/><D109/><U23/><E23/><V18/><F64/><W128/><G108/><T126/><D100/><U46/><E46/><V121/><F98/><W120/><G85/><T1/><D86/><U62/><E62/><V112/><F96/><W130/><G130/><T82/><D99/><U74/><E74/><V124/><F26/><W31/><G129/><RYUUKYOKU ba="0,1" sc="343,-10,197,30,243,-10,207,-10" hai1="9,11,21,22,80,81,105,107,116,119,122,132,133" /><INIT seed="1,1,1,3,5,114" ten="333,227,233,197" oya="1" hai0="19,130,72,99,74,51,103,107,94,66,89,33,62" hai1="20,55,11,36,127,84,46,45,23,47,44,61,40" hai2="0,30,38,16,49,57,121,97,108,71,126,78,100" hai3="111,28,25,135,10,22,81,112,95,92,76,2,132"/><U58/><E127/><V80/><F121/><W75/><G112/><T21/><D33/><U79/><E11/><V54/><F126/><W123/><G123/><T35/><D35/><U26/><E79/><V83/><F108/><W53/><G111/><T1/><D1/><U73/><E73/><V8/><F38/><W119/><G53/><T102/><D51/><U5/><E5/><V68/><F30/><W118/><G92/><T13/><D130/><U32/><E32/><V15/><F0/><W37/><G37/><T116/><D116/><N who="3" m="44585" /><G95/><T105/><D102/><U56/><E84/><V85/><REACH who="2" step="1"/><F83/><REACH who="2" ten="333,227,223,197" step="2"/><W131/><G131/><T65/><D103/><U42/><E36/><V90/><F90/><W59/><G59/><T87/><D89/><U91/><E91/><V6/><F6/><AGARI ba="1,2" hai="2,6,10,22,25,28,75,76,81,132,135" m="44585" machi="6" ten="30,7700,0" yaku="12,1,52,3" doraHai="114" who="3" fromWho="2" sc="333,0,227,0,223,-80,197,100" /><INIT seed="2,0,0,2,1,105" ten="333,227,143,297" oya="2" hai0="104,32,114,62,37,38,132,22,63,99,31,35,11" hai1="25,76,29,134,126,92,87,16,54,122,113,24,96" hai2="12,5,131,110,53,6,72,3,73,84,23,19,45" hai3="52,27,123,101,74,68,59,33,93,82,79,66,2"/><V17/><F131/><W47/><G2/><T51/><D114/><U120/><E113/><V78/><F3/><W64/><G123/><N who="1" m="47146" /><E134/><V109/><F19/><W97/><G47/><T0/><D132/><U112/><E112/><V46/><F78/><W127/><G68/><T119/><D51/><U81/><E126/><V85/><F53/><W103/><G127/><T8/><D22/><N who="1" m="13383" /><E54/><V15/><F17/><W106/><G106/><T21/><D21/><AGARI ba="0,0" hai="5,6,12,15,21,23,45,46,72,73,84,85,109,110" machi="21" ten="25,9600,0" yaku="22,2,52,2" doraHai="105" who="2" fromWho="0" sc="333,-96,227,0,143,96,297,0" /><INIT seed="2,1,0,0,0,125" ten="237,227,239,297" oya="2" hai0="19,1,99,68,53,76,2,105,37,28,107,23,77" hai1="8,74,130,34,67,69,135,9,56,102,114,31,93" hai2="0,75,4,38,21,50,7,17,66,70,52,82,30" hai3="79,118,119,5,49,72,18,132,128,87,29,92,62"/><V113/><F113/><W55/><G132/><T13/><D37/><U65/><E74/><V73/><F38/><W121/><G121/><T88/><D68/><U26/><E135/><V95/><F30/><W129/><G5/><T15/><D28/><U117/><E117/><V40/><F40/><W101/><G72/><T110/><D110/><U57/><E114/><V36/><F36/><W61/><G29/><T20/><D53/><U90/><E102/><V47/><F95/><W78/><G18/><T48/><D48/><U44/><E44/><V16/><F17/><W96/><G62/><T63/><D19/><U97/><E69/><V25/><F0/><W111/><G61/><T51/><D63/><U123/><E123/><V86/><F4/><W24/><G24/><T39/><D51/><U10/><REACH who="1" step="1"/><E130/><REACH who="1" ten="237,217,239,297" step="2"/><N who="3" m="50282" /><G111/><T104/><D39/><U12/><E12/><V89/><F70/><W59/><G87/><T98/><D105/><U64/><AGARI ba="1,1" hai="8,9,10,26,31,34,56,57,64,65,67,90,93,97" machi="64" ten="30,2000,0" yaku="1,1,0,1,53,0" doraHai="125" doraHaiUra="35" who="1" fromWho="1" sc="237,-6,217,33,239,-11,297,-6" /><INIT seed="3,0,0,0,0,1" ten="231,250,228,291" oya="3" hai0="78,18,120,15,52,129,104,17,13,77,24,130,94" hai1="58,71,86,39,34,91,81,132,133,113,123,55,74" hai2="99,29,51,37,127,14,28,47,85,50,98,118,90" hai3="12,107,128,121,67,36,22,124,53,8,56,100,5"/><W27/><G121/><T25/><D94/><U44/><E34/><V112/><F112/><W41/><G67/><T70/><D120/><U59/><E123/><V66/><F118/><W119/><G119/><T11/><D70/><U54/><E71/><V96/><F127/><W2/><G124/><T135/><D135/><N who="1" m="51787" /><E74/><V103/><F37/><W101/><G128/><N who="0" m="49259" /><D104/><U69/><E69/><V7/><F103/><W68/><G68/><T80/><D78/><U31/><E31/><N who="2" m="11851" /><F66/><W73/><G2/><T49/><D13/><U82/><E82/><N who="2" m="49463" /><F47/><W57/><G73/><N who="0" m="43055" /><D18/><U117/><E117/><V116/><F116/><W63/><G107/><T102/><D102/><U35/><E35/><V109/><F109/><W46/><REACH who="3" step="1"/><G57/><AGARI ba="0,0" hai="11,15,17,24,25,49,52,57" m="43055,49259" machi="57" ten="30,2000,0" yaku="19,1,54,1" doraHai="1" who="0" fromWho="3" sc="231,20,250,0,228,0,291,-20" /><INIT seed="4,0,0,0,0,128" ten="251,250,228,271" oya="0" hai0="8,19,49,119,1,65,3,75,38,53,124,55,27" hai1="34,9,89,59,17,84,122,105,22,79,2,102,0" hai2="131,68,110,4,106,101,45,107,96,48,120,36,40" hai3="46,103,37,11,18,32,56,54,67,43,66,20,73"/><T90/><D119/><U12/><E122/><V23/><F110/><W112/><G32/><T71/><D38/><U5/><E79/><V31/><F120/><W130/><G130/><T80/><D124/><U87/><E87/><V118/><F131/><W58/><G73/><T134/><D134/><U62/><E34/><V16/><F118/><W132/><G132/><T50/><D65/><U77/><E77/><V99/><F68/><W95/><G11/><T93/><D71/><U15/><E102/><V24/><F4/><W51/><G112/><T86/><D75/><U83/><REACH who="1" step="1"/><E105/><REACH who="1" ten="251,240,228,271" step="2"/><V57/><F106/><W111/><G111/><T21/><D80/><U6/><E6/><V13/><F99/><W60/><G103/><T88/><D90/><U61/><E61/><V78/><F78/><W117/><G117/><T135/><D135/><U64/><AGARI ba="0,1" hai="0,2,5,9,12,15,17,22,59,62,64,83,84,89" machi="64" ten="20,2700,0" yaku="1,1,0,1,7,1,53,0" doraHai="128" doraHaiUra="30" who="1" fromWho="1" sc="251,-13,240,37,228,-7,271,-7" /><INIT seed="5,0,0,4,4,75" ten="238,277,221,264" oya="1" hai0="105,42,63,68,101,74,17,41,79,21,104,100,119" hai1="27,116,25,129,11,69,34,7,95,126,60,44,87" hai2="20,56,109,35,40,77,32,64,76,13,96,113,85" hai3="65,72,47,120,12,106,2,125,122,57,108,50,103"/><U38/><E116/><V80/><F109/><W92/><G108/><T14/><D119/><U99/><E126/><V58/><F35/><W89/><G2/><T107/><D68/><U18/><E129/><V73/><F32/><W128/><G125/><T53/><D63/><U3/><E25/><V4/><F73/><W135/><G128/><T10/><D53/><U133/><E133/><V84/><F113/><W55/><G135/><T127/><D127/><U115/><E115/><V81/><F40/><W36/><G106/><T29/><D29/><U66/><E87/><V78/><F96/><W52/><G103/><T114/><D114/><U82/><E82/><N who="2" m="31851" /><F64/><W123/><G65/><T8/><D79/><U49/><E38/><V6/><F85/><W51/><G72/><T112/><D74/><U130/><E130/><V46/><F84/><W86/><G36/><T93/><D112/><U131/><E131/><V97/><F46/><W31/><G31/><T1/><D93/><U132/><E132/><V59/><F97/><W24/><G24/><T30/><D42/><U121/><E34/><V39/><F39/><W61/><REACH who="3" step="1"/><G12/><REACH who="3" ten="238,277,221,254" step="2"/><T48/><D1/><U94/><E3/><V37/><F37/><W117/><G117/><T90/><D30/><U110/><E66/><V111/><F111/><W88/><G88/><T91/><D91/><U124/><E110/><V118/><F118/><W102/><G102/><N who="0" m="39531" /><D90/><U9/><E124/><V43/><F43/><W62/><AGARI ba="0,1" hai="47,50,51,52,55,57,61,62,86,89,92,120,122,123" machi="62" ten="40,8000,1" yaku="1,1,0,1,54,1,53,2" doraHai="75" doraHaiUra="45" who="3" fromWho="3" sc="238,-20,277,-40,221,-20,254,90" /><INIT seed="6,0,0,2,3,65" ten="218,237,201,344" oya="2" hai0="0,17,47,109,116,7,120,39,99,132,69,20,73" hai1="37,6,8,55,4,56,64,18,11,15,9,121,93" hai2="96,53,59,48,86,126,68,79,52,91,77,88,24" hai3="36,101,50,72,31,84,100,61,25,94,118,115,114"/><V106/><F126/><W78/><G36/><T44/><D120/><U111/><E111/><V127/><F127/><W42/><G118/><T119/><D109/><U124/><E37/><V87/><F68/><W71/><G72/><T80/><D99/><U102/><E64/><V13/><F24/><W33/><G42/><N who="0" m="22623" /><D47/><U131/><E131/><V67/><F67/><N who="3" m="41455" /><G50/><T85/><D69/><U81/><E81/><N who="2" m="49231" /><F106/><W19/><G19/><T89/><D132/><U51/><E121/><V76/><F96/><W66/><G66/><T107/><D107/><U108/><E108/><V34/><F34/><W1/><G1/><T22/><D73/><U57/><E124/><V28/><F28/><W125/><G125/><T46/><D46/><U60/><E57/><N who="2" m="32903" /><F13/><W43/><G43/><T58/><D58/><U3/><E3/><V123/><F123/><W95/><G101/><T135/><D135/><U128/><E128/><V10/><F10/><N who="1" m="4201" /><E60/><N who="2" m="35951" /><F91/><W133/><G133/><T105/><D105/><U92/><E102/><V103/><F103/><W113/><G100/><T104/><D104/><U41/><E41/><V23/><F23/><W63/><G63/><T74/><D74/><U134/><E134/><V83/><AGARI ba="0,0" hai="76,77,79,83,87" m="35951,32903,49231" machi="83" ten="30,6000,0" yaku="8,1,54,2" doraHai="65" who="2" fromWho="2" sc="218,-20,237,-20,201,60,344,-20" /><INIT seed="6,1,0,5,5,5" ten="198,217,261,324" oya="2" hai0="125,94,46,75,104,60,134,76,68,93,58,36,31" hai1="33,117,110,10,15,55,99,1,77,14,80,105,74" hai2="62,116,35,37,57,106,120,121,72,22,59,19,83" hai3="8,132,92,113,6,4,88,131,65,127,7,95,34"/><V43/><F116/><W82/><G34/><T69/><D104/><U29/><E110/><V44/><F35/><W129/><G132/><T78/><D125/><U2/><E117/><V20/><F106/><W102/><G127/><T118/><D118/><U24/><E15/><V61/><F72/><W107/><G65/><T109/><D109/><U89/><E55/><V21/><F83/><W56/><G56/><T103/><D134/><U40/><E40/><V96/><F96/><N who="3" m="59655" /><G113/><T79/><D75/><U52/><E89/><V87/><F87/><W12/><G82/><T18/><D31/><U45/><E99/><V85/><F85/><N who="3" m="52623" /><G107/><T91/><D103/><U17/><E105/><V42/><F43/><W66/><G66/><T47/><D93/><U97/><E97/><V123/><REACH who="2" step="1"/><F19/><REACH who="2" ten="198,217,251,324" step="2"/><W101/><G101/><T90/><D18/><U73/><E74/><V32/><F32/><W64/><G4/><T16/><D16/><U30/><E30/><V48/><F48/><W112/><G6/><T98/><D36/><U28/><E29/><V115/><F115/><W63/><G112/><T124/><D124/><U54/><E73/><V126/><F126/><W81/><G81/><T26/><D98/><U86/><E54/><V51/><F51/><W100/><G100/><T49/><D49/><N who="1" m="28719" /><E86/><V11/><F11/><W128/><G64/><T130/><D94/><U111/><E111/><V38/><F38/><W0/><G63/><AGARI ba="1,1" hai="20,21,22,37,42,44,57,59,61,62,63,120,121,123" machi="63" ten="50,4800,0" yaku="1,1,53,1" doraHai="5" doraHaiUra="39" who="2" fromWho="3" sc="198,0,217,0,251,61,324,-51" /><INIT seed="6,2,0,5,4,20" ten="198,217,312,273" oya="2" hai0="34,55,47,36,99,61,53,51,84,122,73,0,85" hai1="133,116,98,1,123,89,131,76,11,16,24,12,45" hai2="17,78,31,59,103,128,21,118,65,60,7,135,102" hai3="56,39,124,96,44,75,81,18,120,90,104,4,23"/><V112/><F118/><W107/><G120/><T134/><D122/><U63/><E123/><V42/><F112/><W121/><G121/><T105/><D134/><U126/><E116/><V68/><F135/><W43/><G4/><T95/><D0/><U15/><E133/><V48/><F128/><W29/><G29/><T35/><D73/><U83/><E131/><V57/><F31/><W32/><G32/><T41/><D105/><U88/><E126/><V117/><F117/><W109/><G109/><T79/><D61/><U80/><E45/><V74/><F7/><W40/><G40/><T5/><D5/><U71/><E71/><V82/><F68/><W64/><G96/><T72/><D72/><U62/><E1/><V50/><F42/><W26/><G124/><T37/><D53/><U2/><E2/><V110/><F110/><W127/><G127/><T6/><D6/><N who="1" m="3191" /><E15/><V58/><F59/><W52/><G64/><T108/><D108/><U8/><E8/><V115/><F115/><W49/><REACH who="3" step="1"/><G90/><REACH who="3" ten="198,217,312,263" step="2"/><N who="0" m="53703" /><D99/><U77/><E98/><V69/><F65/><W28/><G28/><T129/><D129/><U106/><E89/><V97/><F97/><W130/><G130/><T9/><D41/><U13/><E88/><V87/><F17/><W3/><G3/><T132/><D132/><U125/><E125/><V66/><F66/><W119/><G119/><T70/><D70/><U94/><E106/><V92/><F69/><W25/><G25/><T19/><D35/><U30/><E24/><V113/><F113/><W100/><G100/><T38/><D34/><U114/><E114/><RYUUKYOKU ba="2,1" sc="198,-10,217,-10,312,-10,263,30" hai3="18,23,26,39,43,44,49,52,56,75,81,104,107" /><INIT seed="7,3,1,3,1,120" ten="188,207,302,293" oya="3" hai0="56,13,2,74,40,78,134,65,0,116,1,99,125" hai1="127,48,87,66,108,89,27,39,101,79,119,9,11" hai2="58,76,22,100,104,96,126,107,25,121,57,105,17" hai3="91,128,37,5,54,71,42,70,97,6,10,63,47"/><W28/><G128/><T30/><D116/><U3/><E39/><V80/><F121/><W88/><G28/><T118/><D118/><U67/><E119/><V124/><F105/><W115/><G115/><T129/><D129/><U112/><E112/><V21/><F21/><W123/><G6/><T98/><D125/><N who="2" m="48234" /><F107/><W72/><G72/><AGARI ba="3,1" hai="17,22,25,57,58,72,76,80,96,100,104" m="48234" machi="72" ten="30,1000,0" yaku="18,1" doraHai="120" who="2" fromWho="3" sc="188,0,207,0,302,29,293,-19" owari="188,-31.2,207,-19.3,331,43.1,274,7.4" /></mjloggm>