<mjloggm ver="2.3"><GO type="169" lobby="0"/><UN n0="%48%41%54%41%4E%4F%EF%BC%81" n1="%E9%87%A3%E3%82%8A%E6%97%A5%E5%92%8C" n2="%E3%83%AB%E3%82%BF%E3%82%B9%E3%82%B1" n3="%48%4F%4D%4F%E5%A5%B3" dan="16,18,17,16" rate="2058.15,2241.47,2188.11,2103.25" sx="M,M,M,M"/><TAIKYOKU oya="0"/><INIT seed="0,0,0,1,2,121" ten="250,250,250,250" oya="0" hai0="67,123,50,38,37,45,72,8,71,130,7,97,58" hai1="66,48,80,101,59,62,105,29,127,42,126,95,34" hai2="24,40,15,39,53,44,60,93,9,26,2,0,41" hai3="57,106,35,61,47,20,32,115,107,46,131,43,70"/><T3/><D3/><BYE who="0" /><U74/><E105/><UN n0="%48%41%54%41%4E%4F%EF%BC%81" /><V113/><F41/><W75/><G115/><T82/><D123/><U118/><E118/><V125/><F113/><W17/><G75/><T96/><D71/><U16/><E34/><V122/><F125/><N who="1" m="47625" /><E29/><V77/><F122/><W19/><G70/><T124/><D130/><U33/><E33/><V63/><F77/><W87/><G131/><T5/><D124/><U73/><E80/><V99/><F26/><W69/><G69/><T49/><D72/><U68/><E68/><V109/><F24/><W91/><G32/><T98/><D82/><U76/><E76/><V134/><F134/><W21/><G35/><T14/><D5/><U1/><E1/><V30/><F30/><W6/><G6/><T102/><D102/><U64/><E64/><V54/><F93/><W104/><G21/><T55/><REACH who="0" step="1"/><D67/><REACH who="0" ten="240,250,250,250" step="2"/><U108/><E73/><V88/><F0/><W13/><G106/><T78/><D78/><U92/><E74/><V90/><F2/><W100/><G104/><T25/><D25/><U10/><E101/><V133/><F90/><W135/><G100/><T51/><D51/><U79/><E79/><V4/><F88/><W120/><G107/><T85/><D85/><U86/><E86/><V110/><F99/><W81/><G120/><T84/><D84/><U28/><E92/><V111/><F133/><W12/><G135/><T114/><D114/><U103/><E95/><V129/><F129/><W52/><G43/><AGARI ba="0,1" hai="7,8,14,37,38,43,45,49,50,55,58,96,97,98" machi="43" ten="40,2000,0" yaku="1,1,53,0" doraHai="121" doraHaiUra="128" who="0" fromWho="3" sc="240,30,250,0,250,0,250,-20" /><INIT seed="0,1,0,5,2,85" ten="270,250,250,230" oya="0" hai0="26,78,86,46,72,60,88,11,134,4,73,21,39" hai1="126,116,53,15,74,102,33,127,32,51,56,71,54" hai2="131,115,113,119,37,3,29,121,52,120,20,96,24" hai3="129,80,104,83,58,105,110,50,25,62,70,13,84"/><T16/><D134/><U87/><E74/><V79/><F37/><W118/><G110/><T89/><D72/><U124/><E71/><V28/><F79/><W61/><G129/><T63/><D39/><U5/><E116/><V114/><F96/><W49/><G70/><T82/><D46/><U108/><E108/><V69/><F69/><W40/><G118/><T59/><D73/><U23/><E102/><V65/><F65/><W103/><G103/><T30/><D30/><U22/><E87/><V27/><F52/><W76/><G25/><T106/><D106/><U128/><E128/><V18/><F119/><W14/><G40/><T117/><D117/><U47/><E5/><V7/><F18/><W135/><G135/><T123/><D123/><U67/><E67/><V130/><F130/><W95/><G95/><T93/><D93/><U41/><E53/><V75/><F75/><W133/><G133/><T122/><D122/><U132/><E132/><V109/><F131/><W99/><G99/><T19/><D19/><N who="1" m="10623" /><E23/><N who="2" m="15391" /><F109/><W45/><G84/><T1/><D60/><AGARI ba="1,0" hai="32,33,41,47,51,54,56,60,124,126,127" m="10623" machi="60" ten="30,1000,0" yaku="18,1" doraHai="85" who="1" fromWho="0" sc="270,-13,250,13,250,0,230,0" /><INIT seed="1,0,0,0,5,29" ten="257,263,250,230" oya="1" hai0="38,73,125,112,16,121,90,27,129,101,57,9,31" hai1="84,122,34,8,3,54,14,82,88,15,124,68,65" hai2="61,97,58,69,56,12,119,2,64,134,1,115,103" hai3="127,32,11,74,13,41,72,25,59,133,6,87,96"/><U43/><E122/><V83/><F119/><W70/><G127/><T71/><D71/><U100/><E124/><V48/><F134/><W39/><G133/><T111/><D112/><U79/><E100/><V80/><F115/><W10/><G70/><T123/><D125/><U5/><E43/><V52/><F69/><W26/><G96/><T108/><D38/><U4/><E34/><V66/><F66/><W110/><G110/><N who="0" m="42027" /><D73/><U30/><E30/><V17/><F1/><W128/><G128/><T99/><D90/><U85/><E54/><V92/><REACH who="2" step="1"/><F2/><REACH who="2" ten="257,263,240,230" step="2"/><W19/><G72/><T42/><D121/><U131/><E131/><V37/><F37/><W46/><G74/><T77/><D129/><U135/><E135/><V40/><F40/><W18/><G41/><T126/><D123/><U113/><E113/><V55/><F55/><W53/><G53/><T24/><D126/><U33/><E4/><V21/><AGARI ba="0,1" hai="12,17,21,48,52,56,58,61,64,80,83,92,97,103" machi="21" ten="20,12000,2" yaku="1,1,0,1,7,1,8,1,54,1,53,1" doraHai="29" doraHaiUra="95" who="2" fromWho="2" sc="257,-30,263,-60,240,130,230,-30" /><INIT seed="2,0,0,1,1,57" ten="227,203,370,200" oya="2" hai0="135,19,65,82,0,13,12,7,121,49,86,118,126" hai1="129,25,93,54,125,42,77,98,128,110,33,130,107" hai2="62,11,58,5,76,3,1,89,111,36,22,113,94" hai3="75,115,90,14,56,104,71,64,100,92,59,53,108"/><V68/><F113/><W114/><G108/><T9/><D121/><U105/><E110/><V133/><F111/><W123/><G75/><T8/><D126/><U83/><E42/><V17/><F133/><W85/><G123/><T97/><D135/><U78/><E125/><V50/><F36/><W116/><G116/><T131/><D131/><U99/><E54/><V61/><F76/><N who="1" m="29289" /><E25/><V23/><F1/><W88/><G100/><T127/><D118/><U55/><E33/><V112/><F112/><N who="3" m="43051" /><G104/><N who="1" m="40010" /><E55/><N who="2" m="32119" /><F68/><W34/><G34/><T30/><D30/><U41/><E41/><V21/><F5/><W40/><G40/><T39/><D65/><U73/><E93/><V63/><F11/><W44/><G14/><T87/><D12/><U4/><E4/><V69/><F69/><W47/><G90/><T91/><D39/><U101/><E101/><V26/><F3/><W122/><G122/><T35/><D35/><U38/><E38/><V10/><F10/><W72/><G72/><T109/><D127/><U103/><E103/><V60/><N who="2" m="15360" /><DORA hai="106" /><V37/><F37/><W134/><G134/><T6/><D6/><U43/><E43/><V46/><F46/><N who="3" m="17451" /><G64/><T95/><D109/><U120/><E120/><V96/><AGARI ba="0,0" hai="17,21,22,23,26,89,94,96" m="15360,32119" machi="96" ten="40,12000,1" yaku="8,1,52,4" doraHai="57,106" who="2" fromWho="2" sc="227,-40,203,-40,370,120,200,-40" /><INIT seed="2,1,0,2,4,116" ten="187,163,490,160" oya="2" hai0="33,131,129,11,115,114,58,112,132,130,74,30,5" hai1="38,18,34,79,47,66,88,20,46,91,94,81,10" hai2="37,82,23,40,1,35,77,73,56,126,8,102,90" hai3="120,64,39,92,106,107,2,75,98,110,28,80,7"/><V135/><F35/><W29/><G110/><T93/><D74/><U26/><E66/><V134/><F126/><W84/><G39/><T24/><D93/><U3/><E34/><V72/><F72/><W67/><G75/><T89/><D89/><U27/><E27/><V95/><F23/><W69/><G120/><T12/><D58/><U85/><E38/><V104/><F56/><W70/><G7/><T9/><D9/><U133/><E133/><AGARI ba="1,0" hai="5,11,12,24,30,33,112,114,115,129,130,131,132,133" machi="133" ten="50,8000,1" yaku="19,1,34,3" doraHai="116" who="0" fromWho="1" sc="187,83,163,-83,490,0,160,0" /><INIT seed="3,0,0,1,4,111" ten="270,80,490,160" oya="3" hai0="45,64,40,107,114,63,65,38,27,118,71,133,106" hai1="98,30,101,129,121,54,17,9,60,52,42,93,41" hai2="124,130,131,115,29,14,2,128,13,19,134,126,125" hai3="59,22,73,92,80,61,47,91,12,35,4,89,1"/><W15/><G35/><T8/><D118/><U24/><E121/><V67/><F67/><W116/><G116/><T120/><D120/><U34/><E129/><V77/><F77/><W96/><G1/><T83/><D133/><U105/><E105/><V122/><F122/><W56/><G4/><T75/><D64/><U86/><E86/><V79/><F79/><W113/><G113/><T82/><D114/><U97/><E97/><V58/><F58/><W25/><G56/><T49/><D8/><U119/><E119/><V48/><F48/><W28/><G47/><T6/><D6/><U108/><E108/><V123/><F123/><W70/><G70/><T100/><D100/><U23/><E60/><V57/><F57/><W81/><G73/><T66/><D66/><U72/><E72/><V0/><F29/><W78/><G78/><T85/><D82/><N who="3" m="31849" /><G89/><T7/><D7/><U102/><E102/><V46/><F46/><W51/><G51/><T20/><D38/><U76/><E76/><V11/><F115/><W104/><G104/><T74/><D107/><U103/><E103/><V55/><F134/><W94/><G94/><T110/><D106/><U21/><E34/><V3/><F55/><AGARI ba="0,0" hai="12,15,22,25,28,55,59,61,91,92,96" m="31849" machi="55" ten="30,1500,0" yaku="8,1" doraHai="111" who="3" fromWho="2" sc="270,0,80,0,490,-15,160,15" /><INIT seed="3,1,0,4,5,3" ten="270,80,475,175" oya="3" hai0="64,107,130,93,52,122,92,96,33,11,20,123,13" hai1="34,54,60,89,41,117,100,22,80,97,7,68,27" hai2="124,135,90,128,9,23,14,19,57,103,127,75,121" hai3="0,118,1,55,46,70,43,51,87,38,29,72,24"/><W30/><G72/><T133/><D33/><U85/><E117/><V61/><F121/><W69/><G118/><T74/><D74/><U106/><E41/><V119/><F119/><W5/><G30/><T53/><D107/><U98/><E98/><V40/><F135/><W115/><G115/><T47/><D133/><U37/><E37/><V79/><F128/><W110/><G110/><T132/><D132/><U63/><E34/><V101/><F90/><W99/><G99/><T48/><D64/><U49/><E68/><V105/><F40/><W58/><G0/><T59/><D20/><U15/><E15/><V45/><F45/><W50/><G38/><T131/><D122/><U134/><E7/><V129/><F105/><W16/><G87/><T17/><D123/><U56/><REACH who="1" step="1"/><E134/><REACH who="1" ten="270,70,475,175" step="2"/><V25/><F14/><W104/><G104/><T26/><D96/><U111/><E111/><V94/><F127/><W83/><G5/><T2/><D2/><U71/><E71/><V113/><F124/><W77/><G1/><T12/><D12/><U116/><E116/><V112/><F112/><W66/><G70/><T36/><D36/><U73/><E73/><V44/><F113/><W82/><G69/><T76/><D131/><U10/><E10/><V88/><F9/><W62/><G43/><T102/><D11/><U86/><E86/><V67/><F129/><W32/><G32/><T95/><D13/><U35/><E35/><V8/><F8/><W125/><G125/><T120/><D130/><U108/><E108/><V65/><F75/><W114/><G114/><T4/><D120/><RYUUKYOKU ba="1,1" sc="270,-10,70,30,475,-10,175,-10" hai1="22,27,49,54,56,60,63,80,85,89,97,100,106" /><INIT seed="4,2,1,2,5,12" ten="260,100,465,165" oya="0" hai0="66,91,134,119,99,118,95,71,89,85,51,135,50" hai1="126,0,64,101,98,17,56,87,60,79,69,113,107" hai2="47,46,38,57,112,90,77,127,24,8,39,36,15" hai3="105,104,59,106,53,109,114,65,31,128,102,130,30"/><T41/><D71/><U131/><E0/><V16/><F77/><W33/><G109/><T94/><D66/><U2/><E2/><V84/><F112/><W80/><G114/><T129/><D41/><U21/><E113/><V125/><F24/><W78/><G65/><T27/><D27/><U20/><E131/><N who="3" m="50218" /><G102/><T75/><D129/><U96/><E126/><N who="2" m="48139" /><F57/><W48/><G33/><T23/><D23/><U123/><E123/><V68/><F68/><W54/><G54/><T37/><D37/><U62/><E98/><V83/><AGARI ba="2,1" hai="8,15,16,36,38,39,46,47,83,84,90" m="48139" machi="83" ten="40,5200,0" yaku="18,1,52,1,54,1" doraHai="12" who="2" fromWho="2" sc="260,-28,100,-15,465,68,165,-15" /><INIT seed="5,0,0,1,0,73" ten="232,85,533,150" oya="1" hai0="126,133,94,57,64,80,104,116,68,93,112,79,56" hai1="108,50,117,121,69,107,10,70,31,132,32,46,1" hai2="91,127,74,25,4,3,54,78,67,83,23,115,111" hai3="97,59,92,77,16,24,98,100,22,12,6,27,21"/><U135/><E117/><V87/><F111/><W129/><G129/><T40/><D116/><U88/><E121/><V61/><F127/><W62/><G77/><T15/><D104/><U38/><E38/><V101/><F101/><W63/><G97/><T125/><D112/><U85/><E107/><V14/><F3/><W113/><G113/><T58/><D40/><U109/><E31/><V90/><F54/><W55/><G6/><T0/><D0/><U60/><E10/><N who="2" m="4423" /><F74/><W37/><G37/><T45/><D45/><U34/><E34/><V66/><F115/><W8/><REACH who="3" step="1"/><G62/><REACH who="3" ten="232,85,533,140" step="2"/><T96/><D96/><U36/><E36/><V29/><F61/><W52/><G52/><T76/><D125/><U118/><E118/><V131/><F131/><W128/><G128/><T105/><D76/><U48/><E48/><V42/><F42/><W130/><G130/><T72/><D79/><U13/><E1/><V5/><F5/><W28/><G28/><T30/><D30/><U119/><E119/><V103/><F103/><W44/><G44/><T86/><D126/><U95/><E60/><V84/><F91/><W106/><G106/><T75/><D105/><U122/><E122/><V11/><F11/><W89/><G89/><T71/><D72/><U41/><E32/><V123/><F123/><W82/><G82/><AGARI ba="0,1" hai="23,25,29,66,67,78,82,83,84,87,90" m="4423" machi="82" ten="30,2000,0" yaku="8,1,52,1" doraHai="73" who="2" fromWho="3" sc="232,0,85,0,533,30,140,-20" /><INIT seed="6,0,0,0,4,37" ten="232,85,563,120" oya="2" hai0="38,54,36,128,47,74,131,53,66,125,17,5,43" hai1="112,108,130,22,91,21,93,52,99,104,84,18,98" hai2="62,60,133,8,72,1,51,26,41,0,77,116,15" hai3="87,24,65,109,126,90,96,85,81,134,70,64,27"/><V106/><F116/><W101/><G109/><T4/><D74/><U113/><E108/><V57/><F133/><W94/><G134/><T80/><D125/><U119/><E119/><V31/><F106/><W100/><G126/><T14/><D80/><U63/><E130/><N who="0" m="49705" /><D66/><U33/><E33/><V132/><F132/><W13/><G13/><T19/><D36/><U89/><E22/><V123/><F72/><W2/><G2/><T95/><D95/><U73/><E73/><V114/><F77/><W40/><G40/><T9/><D17/><U56/><E104/><V107/><F107/><W11/><G11/><N who="0" m="6623" /><D4/><U16/><E18/><V50/><F41/><W58/><G70/><T6/><D5/><U48/><E48/><V69/><F51/><W97/><G58/><T28/><D28/><U86/><E112/><V44/><F114/><W78/><G100/><T35/><D35/><U30/><E30/><V110/><F31/><W118/><G118/><T92/><D92/><N who="1" m="54327" /><E113/><V46/><F69/><W3/><G3/><AGARI ba="0,0" hai="3,6,9,38,43,47,53,54" m="6623,49705" machi="3" ten="30,2000,0" yaku="19,1,52,1" doraHai="37" who="0" fromWho="3" sc="232,20,85,0,563,0,120,-20" /><INIT seed="7,0,0,5,4,76" ten="252,85,563,100" oya="3" hai0="64,83,75,16,30,108,117,22,49,63,32,3,45" hai1="55,94,118,62,74,97,115,135,52,77,23,36,86" hai2="80,60,68,17,70,14,111,67,43,11,85,33,73" hai3="99,134,20,27,24,89,101,106,2,9,122,124,95"/><W57/><G122/><T69/><D108/><U65/><E36/><V128/><F111/><W41/><G124/><T109/><D109/><U12/><E74/><V26/><F73/><W50/><G134/><T105/><D105/><U66/><E115/><V8/><F43/><W129/><G129/><T21/><D3/><U112/><E112/><V58/><F8/><W18/><G27/><T107/><D107/><U34/><E34/><V84/><F84/><W92/><G89/><T87/><D75/><U15/><E135/><V6/><F128/><W104/><G104/><T0/><D0/><U81/><E118/><V121/><F121/><W39/><G39/><T25/><D16/><N who="1" m="10631" /><E15/><V93/><F93/><W19/><G19/><T130/><D117/><U47/><E47/><V88/><REACH who="2" step="1"/><F6/><REACH who="2" ten="252,85,553,100" step="2"/><W1/><G9/><T37/><D130/><U29/><E29/><AGARI ba="0,1" hai="11,14,17,26,29,33,58,60,67,68,70,80,85,88" machi="29" ten="40,8000,1" yaku="1,1,2,1,52,1,54,1,53,1" doraHai="76" doraHaiUra="61" who="2" fromWho="1" sc="252,0,85,-80,553,90,100,0" owari="252,5.2,5,-49.5,643,74.3,100,-30.0" /></mjloggm>