<mjloggm ver="2.3"><GO type="169" lobby="0"/><UN n0="%E7%89%8C%E6%B5%81%E7%8A%B6%E6%85%8B%E9%BA%BB%E9%9B%80" n1="%73%79%6C%76%65%6F%6E" n2="%E5%A5%94%E4%BB%94" n3="%74%34%63%34%32%32" dan="16,16,17,16" rate="2150.81,2127.14,2230.09,2129.61" sx="M,M,M,M"/><TAIKYOKU oya="0"/><INIT seed="0,0,0,2,5,56" ten="250,250,250,250" oya="0" hai0="16,55,6,18,109,15,3,39,83,31,51,125,24" hai1="89,100,38,26,2,41,74,105,58,122,5,13,133" hai2="62,40,103,91,94,46,82,79,43,134,113,117,44" hai3="98,95,10,22,57,64,99,63,12,132,8,42,118"/><T112/><D112/><U93/><E122/><V107/><F134/><W25/><G118/><T77/><D39/><U52/><E74/><V75/><F113/><W34/><G34/><T129/><D3/><U45/><E133/><V29/><F29/><W78/><G78/><T37/><D37/><U111/><E111/><V69/><F117/><W7/><G132/><T81/><D129/><U104/><E2/><V115/><F115/><W114/><G99/><T4/><D125/><U96/><E26/><V123/><F123/><W65/><G42/><T72/><D83/><U32/><E32/><V73/><F75/><W90/><G10/><T110/><D4/><U54/><E54/><V48/><F103/><W36/><G36/><T127/><D6/><U67/><E67/><V20/><F107/><W33/><G33/><N who="0" m="20711" /><D15/><U66/><E66/><V126/><F20/><W86/><G114/><T23/><D23/><U47/><E47/><V108/><F108/><N who="0" m="41578" /><D127/><U130/><E130/><V85/><F126/><W19/><G86/><T35/><D35/><U70/><E13/><V60/><F69/><W80/><G80/><T87/><D72/><U76/><E5/><V121/><F121/><W53/><AGARI ba="0,0" hai="7,8,12,19,22,25,53,57,63,64,65,90,95,98" machi="53" ten="20,12000,2" yaku="0,1,7,1,25,2,8,1,52,1" doraHai="56" who="3" fromWho="3" sc="250,-60,250,-30,250,-30,250,120" /><INIT seed="1,0,0,5,4,73" ten="190,220,220,370" oya="1" hai0="120,118,92,39,76,8,28,13,40,17,122,84,119" hai1="96,67,109,97,132,16,112,81,131,46,53,113,126" hai2="111,5,25,70,72,37,75,105,77,27,135,55,6" hai3="42,106,2,21,65,54,58,80,26,83,3,86,4"/><U20/><E126/><V60/><F105/><W10/><G106/><T31/><D40/><U19/><E131/><V90/><F37/><W88/><G42/><T59/><D39/><U116/><E116/><V104/><F104/><W23/><G65/><T74/><D74/><U52/><E132/><V103/><F103/><W117/><G117/><T57/><D118/><U89/><E67/><V50/><F135/><W78/><G2/><T66/><D119/><U99/><E109/><V48/><F90/><W85/><REACH who="3" step="1"/><G26/><REACH who="3" ten="190,220,220,360" step="2"/><T18/><D66/><U36/><E36/><V34/><F25/><W33/><G33/><T12/><D122/><U29/><E112/><V91/><F27/><W32/><G32/><T49/><D120/><U7/><E113/><V108/><F34/><W128/><G128/><T64/><D64/><U15/><E53/><V130/><F55/><W115/><G115/><T63/><D31/><U87/><E29/><V45/><F130/><W56/><G56/><T94/><D28/><U129/><E129/><V14/><F111/><W123/><G123/><T121/><D121/><U69/><E69/><V9/><F70/><W100/><G100/><T47/><D57/><U11/><E20/><V82/><F108/><W127/><G127/><T101/><D59/><U124/><E124/><V110/><F110/><W1/><G1/><T68/><D101/><U98/><N who="1" m="24576" /><DORA hai="35" /><U79/><E89/><V24/><F91/><W102/><G102/><T22/><D68/><U38/><E38/><V107/><F107/><W51/><AGARI ba="0,1" hai="3,4,10,21,23,51,54,58,78,80,83,85,86,88" machi="51" ten="20,12000,2" yaku="1,1,0,1,7,1,52,2,54,1,53,0" doraHai="73,35" doraHaiUra="133,30" who="3" fromWho="3" sc="190,-30,220,-60,220,-30,360,130" /><INIT seed="2,0,0,5,3,88" ten="160,160,190,490" oya="2" hai0="122,21,30,118,72,29,106,107,102,103,129,9,114" hai1="135,0,28,87,23,98,70,66,25,73,26,31,49" hai2="3,69,117,133,130,97,61,90,50,94,76,15,7" hai3="55,84,74,8,127,53,91,100,34,123,92,65,19"/><V38/><F117/><W101/><G123/><T79/><D122/><U17/><E73/><V57/><F38/><W47/><G74/><T13/><D114/><U81/><E135/><V36/><F36/><W128/><G34/><T111/><D111/><U33/><E0/><V121/><F121/><W56/><G128/><T40/><D129/><U93/><E31/><V63/><F130/><W48/><G65/><T86/><D72/><U105/><E105/><V35/><F35/><W4/><G19/><T16/><D118/><U115/><E115/><V60/><F133/><W64/><G64/><T5/><D40/><U110/><E110/><V10/><F69/><W108/><G127/><T22/><D107/><U11/><E11/><V1/><REACH who="2" step="1"/><F76/><REACH who="2" ten="160,160,180,490" step="2"/><W14/><G108/><T46/><D79/><U41/><E70/><V89/><F89/><W99/><G101/><T24/><D103/><U18/><E33/><V42/><F42/><W120/><G120/><T78/><D102/><U126/><E41/><V6/><F6/><W37/><G37/><T54/><D5/><U45/><E126/><V116/><F116/><W68/><G68/><T125/><D125/><U20/><E26/><V112/><F112/><W59/><G100/><T131/><D131/><U132/><E132/><V2/><F2/><W96/><G4/><T58/><D24/><U51/><E25/><V124/><F124/><W109/><G109/><T27/><D27/><U77/><E77/><V71/><F71/><W85/><G91/><T113/><D113/><U67/><E28/><V43/><F43/><W32/><G32/><RYUUKYOKU ba="0,1" sc="160,-10,160,-10,180,30,490,-10" hai2="1,3,7,10,15,50,57,60,61,63,90,94,97" /><INIT seed="2,1,1,4,0,15" ten="150,150,210,480" oya="2" hai0="122,113,34,71,1,76,52,19,96,60,115,91,69" hai1="58,55,102,2,92,128,49,73,10,41,57,30,8" hai2="134,18,17,77,114,124,111,75,36,4,90,38,100" hai3="112,37,64,93,67,109,106,99,132,85,5,39,101"/><V65/><F114/><W83/><G112/><T26/><D122/><U123/><E73/><V9/><F100/><W74/><G132/><T81/><D1/><U28/><E123/><V89/><F65/><W126/><G109/><T29/><D115/><U120/><E120/><V43/><F111/><W63/><G126/><T125/><D125/><U127/><E127/><V133/><F124/><W54/><G54/><T88/><D113/><U11/><E2/><N who="2" m="151" /><F89/><N who="3" m="53423" /><G5/><T24/><D96/><N who="1" m="59655" /><E128/><V0/><F90/><W62/><G67/><T119/><D119/><U129/><E41/><V80/><F0/><W104/><G104/><T42/><D42/><U50/><E129/><V44/><F38/><N who="3" m="14347" /><G64/><T105/><D105/><U97/><E97/><V70/><F70/><W135/><G135/><AGARI ba="1,1" hai="17,18,36,43,44,75,77,80,133,134,135" m="151" machi="135" ten="30,11600,0" yaku="25,1,20,1,52,2" doraHai="15" who="2" fromWho="3" sc="150,0,150,0,210,129,480,-119" /><INIT seed="2,2,0,3,5,135" ten="150,150,339,361" oya="2" hai0="89,46,38,19,17,85,115,12,7,37,16,67,42" hai1="57,59,62,74,15,18,97,34,60,114,129,25,49" hai2="106,20,61,128,22,134,58,24,122,11,105,30,86" hai3="26,91,48,118,44,47,33,82,96,70,13,40,109"/><V117/><F122/><W107/><G118/><T71/><D115/><U92/><E74/><V130/><F117/><W2/><G2/><T127/><D127/><U78/><E78/><V50/><F134/><W79/><G70/><T66/><D37/><U6/><E114/><V99/><F11/><W41/><G109/><T119/><D119/><U126/><E126/><V113/><F86/><W76/><G13/><T102/><D102/><U52/><E129/><V84/><F84/><W108/><G108/><T87/><D87/><U0/><E0/><V53/><F113/><W27/><G107/><T94/><REACH who="0" step="1"/><D71/><REACH who="0" ten="140,150,339,361" step="2"/><U88/><E6/><V69/><F69/><W80/><G79/><T29/><D29/><U98/><E98/><V56/><F99/><W35/><G76/><T21/><D21/><U101/><E101/><V90/><F20/><W112/><G112/><T43/><D43/><U72/><E72/><V14/><F90/><W104/><G96/><T131/><D131/><N who="2" m="50218" /><F14/><W63/><G91/><T125/><D125/><U39/><E39/><V5/><F5/><W83/><G104/><T65/><D65/><AGARI ba="2,1" hai="22,24,30,50,53,56,58,61,65,105,106" m="50218" machi="65" ten="30,1500,0" yaku="19,1" doraHai="135" who="2" fromWho="0" sc="140,-21,150,0,339,31,361,0" /><INIT seed="2,3,0,5,5,96" ten="119,150,370,361" oya="2" hai0="86,49,80,81,69,44,18,40,118,132,114,28,9" hai1="72,87,5,71,121,31,22,1,57,131,3,63,74" hai2="93,78,101,45,89,17,6,116,99,83,14,77,84" hai3="110,82,127,21,0,27,123,106,92,56,124,129,51"/><V135/><F135/><W53/><G123/><T54/><D114/><U125/><E71/><V108/><F116/><W94/><G106/><T34/><D132/><U8/><E1/><V32/><F32/><W95/><G0/><T62/><D118/><U46/><E121/><V52/><F6/><W115/><G129/><T73/><D73/><U64/><E131/><V75/><F108/><W107/><G107/><T79/><D81/><U90/><E125/><N who="3" m="48202" /><G110/><T48/><D34/><U104/><E104/><V109/><F109/><W4/><G82/><T91/><D28/><U13/><E46/><V76/><F75/><W37/><G37/><T43/><D79/><U7/><E7/><V120/><F120/><W29/><G4/><T134/><D49/><U58/><E58/><V66/><F66/><W102/><G115/><T105/><D105/><U98/><E98/><AGARI ba="3,0" hai="21,27,29,51,53,56,92,94,95,98,102" m="48202" machi="98" ten="30,2000,0" yaku="18,1,52,1" doraHai="96" who="3" fromWho="1" sc="119,0,150,-29,370,0,361,29" /><INIT seed="3,0,0,2,5,134" ten="119,121,370,390" oya="3" hai0="67,57,30,28,43,48,107,124,44,42,7,18,41" hai1="38,111,60,108,31,17,85,68,115,125,97,93,83" hai2="49,32,91,104,105,64,12,114,88,54,72,5,102" hai3="52,112,103,118,77,101,29,120,71,70,1,65,119"/><W128/><G120/><T78/><D107/><U19/><E115/><V69/><F114/><W4/><G112/><T36/><D7/><U106/><E106/><V86/><F72/><W3/><G29/><T79/><D36/><U59/><E38/><V117/><F117/><W24/><G24/><T39/><D39/><U132/><E68/><V109/><F32/><W116/><G128/><T100/><D100/><U2/><E31/><N who="0" m="11817" /><D18/><U53/><E2/><V87/><F109/><N who="1" m="42057" /><E125/><V37/><F37/><W62/><G71/><T35/><D124/><U34/><E34/><V6/><F64/><W45/><G77/><N who="0" m="29195" /><D35/><U129/><E132/><V40/><F102/><W27/><G27/><T47/><D48/><U74/><E74/><V33/><F49/><W110/><G110/><T95/><D95/><U16/><E129/><V94/><F94/><W25/><G25/><T55/><D55/><U81/><E85/><V133/><F54/><W26/><G26/><T82/><D82/><U126/><E126/><V0/><F69/><W11/><REACH who="3" step="1"/><G1/><REACH who="3" ten="119,121,370,380" step="2"/><T113/><D113/><U73/><E73/><V130/><F0/><W14/><G14/><T123/><D123/><U84/><E84/><V127/><F127/><W23/><G23/><T46/><D67/><U90/><AGARI ba="0,1" hai="16,17,19,53,59,60,81,83,90,93,97" m="42057" machi="90" ten="30,2000,0" yaku="14,1,54,1" doraHai="134" who="1" fromWho="1" sc="119,-5,121,30,370,-5,380,-10" /><INIT seed="4,0,0,5,0,40" ten="114,151,365,370" oya="0" hai0="134,73,97,112,31,25,22,60,42,3,21,57,7" hai1="106,39,36,82,11,100,70,91,127,104,102,117,0" hai2="85,87,24,47,94,118,131,59,9,128,62,56,32" hai3="12,15,109,5,107,129,1,120,51,81,130,79,98"/><T61/><D112/><U63/><E91/><V69/><F9/><N who="3" m="2223" /><G109/><T52/><D134/><U132/><E117/><V115/><F69/><W80/><G80/><T54/><D73/><U96/><E82/><V6/><F6/><W78/><G78/><T33/><D42/><U125/><E132/><V122/><F122/><W2/><G2/><T71/><D97/><N who="1" m="61455" /><E11/><V76/><F115/><W43/><G107/><T119/><D119/><U133/><E0/><V16/><F32/><W92/><G120/><T75/><D75/><U74/><E74/><V45/><F59/><W13/><G81/><T27/><D33/><U48/><E48/><V44/><F118/><W105/><G79/><T41/><D41/><U110/><E110/><V28/><F28/><W114/><G105/><T124/><D3/><U19/><E19/><V99/><F76/><W135/><G135/><T86/><D7/><U89/><E89/><N who="2" m="55759" /><F131/><W55/><G114/><T126/><D86/><U90/><E90/><V26/><F128/><N who="3" m="49259" /><G43/><T38/><D38/><N who="1" m="14379" /><E133/><V84/><F16/><W108/><G108/><T20/><D20/><U18/><E18/><V101/><F101/><N who="3" m="60615" /><G13/><T23/><D31/><U46/><E106/><V4/><F4/><W53/><G15/><T65/><REACH who="0" step="1"/><D54/><AGARI ba="0,0" hai="24,26,44,45,47,54,56,62,84,85,87" m="55759" machi="54" ten="30,7700,0" yaku="8,1,52,3" doraHai="40" who="2" fromWho="0" sc="114,-77,151,0,365,77,370,0" /><INIT seed="5,0,0,1,5,31" ten="37,151,442,370" oya="1" hai0="100,39,104,134,28,85,55,74,92,48,0,40,117" hai1="105,20,60,103,34,99,75,129,76,67,91,78,14" hai2="95,112,46,110,45,63,22,127,12,16,106,128,88" hai3="15,113,11,90,49,27,64,123,80,94,57,7,97"/><U98/><E129/><V59/><F110/><W89/><G123/><T69/><D117/><U66/><E66/><V9/><F106/><W119/><G119/><T50/><D134/><U6/><E75/><V47/><F127/><W132/><G132/><T73/><D0/><U116/><E116/><V61/><F112/><W65/><G27/><T83/><D69/><U115/><E115/><V84/><F128/><W33/><G33/><T101/><D104/><U118/><E118/><V111/><F111/><W68/><G68/><T125/><D39/><U81/><E34/><V44/><N who="2" m="11264" /><DORA hai="71" /><V42/><F42/><W120/><G120/><T5/><D5/><U108/><E20/><V37/><F37/><W114/><G114/><T25/><D40/><U3/><E3/><V29/><F59/><W51/><G113/><T130/><D125/><U87/><E99/><V93/><F95/><N who="3" m="56559" /><G80/><T52/><D130/><U23/><E108/><V77/><F77/><W10/><G10/><T36/><D36/><U121/><E121/><V124/><F124/><W58/><G58/><T38/><D38/><U122/><E122/><V53/><F53/><N who="0" m="20554" /><D74/><U18/><REACH who="1" step="1"/><E6/><REACH who="1" ten="37,141,442,370" step="2"/><N who="2" m="3127" /><F29/><W43/><G43/><T26/><D73/><U4/><E4/><V24/><AGARI ba="0,1" hai="16,22,24,61,63,84,88,93" m="3127,11264" machi="24" ten="40,5200,0" yaku="8,1,54,2" doraHai="31,71" who="2" fromWho="2" sc="37,-13,141,-26,442,62,370,-13" /><INIT seed="6,0,0,1,2,33" ten="24,115,504,357" oya="2" hai0="111,80,37,120,41,83,87,14,29,131,86,12,129" hai1="65,52,0,44,38,64,67,2,115,118,123,46,63" hai2="53,45,59,75,24,6,106,85,119,134,40,125,107" hai3="9,47,17,10,108,74,112,100,5,77,116,60,18"/><V50/><F119/><W54/><G108/><T11/><D111/><U69/><E118/><V114/><F75/><W35/><G35/><T20/><D120/><U36/><E123/><V48/><F114/><W130/><G116/><T78/><D41/><U96/><E96/><V66/><F134/><W103/><G130/><T51/><D37/><N who="1" m="14443" /><E115/><V23/><F125/><W56/><G47/><N who="1" m="17962" /><E2/><V94/><F6/><W13/><G112/><T43/><D43/><U79/><E79/><V102/><F66/><N who="1" m="25705" /><E0/><V93/><F93/><W58/><G77/><T71/><D51/><U34/><E34/><V88/><F102/><N who="3" m="38955" /><G74/><T122/><D122/><U68/><E52/><V70/><F107/><W92/><G92/><T95/><D95/><U76/><E76/><V49/><F106/><W105/><G105/><T7/><D78/><U21/><E21/><V133/><F94/><W4/><G4/><T98/><D20/><U55/><E55/><V28/><F53/><N who="3" m="33807" /><G10/><T32/><D7/><U19/><E19/><V39/><F39/><W104/><G104/><T127/><D11/><U31/><E31/><V109/><F28/><W26/><G26/><T117/><D117/><U25/><E25/><V8/><F24/><W110/><G110/><T16/><D32/><U27/><E27/><V128/><F8/><W61/><AGARI ba="0,0" hai="5,9,13,17,18,54,58,61" m="33807,38955" machi="61" ten="30,1100,0" yaku="8,1" doraHai="33" who="3" fromWho="3" sc="24,-3,115,-3,504,-5,357,11" /><INIT seed="7,0,0,1,1,121" ten="21,112,499,368" oya="3" hai0="70,120,66,113,22,37,114,135,91,84,12,44,122" hai1="32,46,27,26,132,67,129,68,48,103,82,117,106" hai2="119,51,43,41,13,11,79,87,107,97,102,92,83" hai3="104,58,130,54,57,42,7,90,95,96,15,63,100"/><W81/><G130/><T2/><D2/><U33/><E129/><V62/><F119/><W111/><G111/><T61/><D12/><U64/><E117/><V19/><F62/><W3/><G42/><N who="2" m="15881" /><F107/><W18/><G3/><T126/><D22/><U39/><E39/><V24/><F51/><W116/><G116/><T109/><D84/><U55/><E82/><V75/><F75/><W105/><G7/><T31/><D91/><U0/><E27/><AGARI ba="0,0" hai="11,13,19,24,27,79,83,87,92,97,102" m="15881" machi="27" ten="30,1000,0" yaku="8,1" doraHai="121" who="2" fromWho="1" sc="21,0,112,-10,499,10,368,0" owari="21,-47.9,102,-29.8,509,60.9,368,16.8" /></mjloggm>