<mjloggm ver="2.3"><GO type="169" lobby="0"/><UN n0="%E3%81%93%E3%82%8C%E3%81%8C%E3%81%B5%E3%81%95%E3%81%B5%E3%81%95" n1="%32%30%31%33%36%31%32" n2="%33%37%E6%82%A0%E4%B8%80" n3="%E7%94%9F%E4%BD%93%E3%81%AE%E6%A7%8B%E9%80%A0%31" dan="16,17,17,16" rate="2209.39,2206.08,2178.24,2062.46" sx="M,M,M,M"/><TAIKYOKU oya="0"/><INIT seed="0,0,0,4,5,67" ten="250,250,250,250" oya="0" hai0="107,101,95,125,104,32,53,51,52,31,59,15,27" hai1="40,28,75,10,126,9,99,118,97,30,29,5,0" hai2="6,22,100,84,121,117,65,1,93,103,66,115,102" hai3="109,34,19,77,2,64,71,106,16,25,61,35,130"/><T56/><D125/><U21/><E75/><V131/><F121/><W80/><G2/><T134/><D134/><U39/><E118/><V24/><F115/><W14/><G109/><T12/><D95/><U105/><E126/><V3/><F117/><W113/><G113/><T7/><D101/><U54/><E40/><V70/><F131/><W33/><G106/><T20/><D12/><U18/><E39/><V44/><F44/><W63/><G63/><T11/><REACH who="0" step="1"/><D32/><REACH who="0" ten="240,250,250,250" step="2"/><U87/><E105/><V94/><F3/><W111/><G130/><T76/><D76/><U42/><E0/><V132/><F132/><W129/><G129/><T79/><D79/><U91/><E91/><V127/><F127/><W69/><G111/><T90/><D90/><U74/><E99/><V78/><F1/><W86/><G25/><T128/><D128/><U43/><E97/><V88/><F78/><W120/><G120/><T89/><D89/><U92/><E92/><V98/><F6/><W46/><G14/><T41/><D41/><U50/><E5/><V55/><F102/><W47/><REACH who="3" step="1"/><G71/><REACH who="3" ten="240,250,250,240" step="2"/><T58/><D58/><N who="1" m="33111" /><E42/><V73/><F70/><W122/><G122/><T116/><D116/><U62/><E43/><V26/><F26/><W83/><G83/><T37/><D37/><U72/><E74/><V85/><F73/><W49/><G49/><AGARI ba="0,2" hai="7,11,15,20,27,31,49,51,52,53,56,59,104,107" machi="49" ten="30,11600,0" yaku="1,1,7,1,9,1,54,1,53,0" doraHai="67" doraHaiUra="123" who="0" fromWho="3" sc="240,136,250,0,250,0,240,-116" /><INIT seed="0,1,0,2,2,135" ten="376,250,250,124" oya="0" hai0="13,22,119,35,116,123,10,3,73,98,84,106,6" hai1="97,128,99,69,52,27,0,48,36,132,60,85,46" hai2="61,127,125,47,59,93,56,31,19,89,76,14,65" hai3="80,114,131,55,4,122,34,105,113,126,75,107,32"/><T8/><D73/><U15/><E0/><V45/><F76/><W94/><G131/><T81/><D35/><U39/><E132/><V100/><F100/><W16/><G122/><T104/><D123/><U7/><E128/><V29/><F29/><W129/><G129/><T86/><D22/><U30/><E85/><V78/><F78/><W54/><G4/><T133/><D133/><U72/><E72/><V25/><F59/><W49/><G94/><T26/><D26/><U57/><E69/><V87/><F47/><W111/><G111/><T120/><D120/><U12/><E39/><V58/><F58/><W1/><G1/><T83/><D13/><U118/><E36/><V91/><F91/><W2/><G2/><T53/><D53/><U41/><E118/><V33/><REACH who="2" step="1"/><F45/><REACH who="2" ten="376,250,240,124" step="2"/><W64/><G114/><T102/><D102/><U79/><E79/><V62/><F62/><W18/><G113/><T110/><D119/><U77/><E77/><V40/><F40/><W134/><G134/><T63/><D63/><U43/><E41/><V95/><F95/><W67/><G107/><T20/><D116/><U82/><E82/><V50/><F50/><W66/><G105/><T101/><D83/><U71/><E43/><V88/><F88/><W44/><G80/><T28/><D81/><U115/><E46/><V124/><F124/><W51/><G126/><T23/><D104/><U37/><E115/><V17/><F17/><N who="3" m="6763" /><G75/><T103/><D106/><U42/><E37/><V130/><F130/><W11/><G44/><T38/><D38/><U121/><E121/><V96/><F96/><RYUUKYOKU ba="1,1" sc="376,-10,250,-10,240,30,124,-10" hai2="14,19,25,31,33,56,61,65,87,89,93,125,127" /><INIT seed="1,2,1,1,3,30" ten="366,240,270,114" oya="1" hai0="28,102,38,91,133,95,131,11,130,44,58,9,4" hai1="120,42,2,24,64,6,89,84,88,59,18,36,52" hai2="105,37,17,32,45,76,51,126,55,98,62,23,7" hai3="71,14,0,114,118,19,12,124,75,13,43,107,5"/><U128/><E120/><V93/><F126/><W99/><G114/><T103/><D133/><U54/><E2/><V20/><F105/><W109/><G75/><T50/><D38/><U63/><E6/><V35/><F7/><W16/><G71/><T96/><D58/><U79/><E128/><N who="0" m="49193" /><D28/><U97/><E42/><V85/><F37/><W132/><G109/><T49/><D49/><U34/><E36/><V125/><F125/><W47/><G124/><T110/><D110/><U65/><E54/><V25/><F62/><W83/><G83/><T15/><D9/><U72/><E72/><V31/><F85/><W41/><G118/><T69/><D69/><U108/><E108/><V40/><F76/><W56/><G56/><T87/><D87/><U104/><E79/><V39/><F39/><W86/><G86/><T10/><D10/><U117/><E117/><V92/><F40/><AGARI ba="2,1" hai="4,11,15,40,44,50,91,95,96,102,103" m="49193" machi="40" ten="30,1000,0" yaku="19,1" doraHai="30" who="0" fromWho="2" sc="366,26,240,0,270,-16,114,0" /><INIT seed="2,0,0,0,0,105" ten="392,240,254,114" oya="2" hai0="0,67,1,38,32,111,102,48,9,22,66,21,47" hai1="37,108,74,131,114,68,59,135,45,128,124,130,56" hai2="94,23,113,15,63,119,112,120,60,85,25,13,39" hai3="78,82,117,90,104,2,103,29,73,98,24,54,107"/><V106/><F39/><W46/><G117/><T86/><D38/><U65/><E74/><V51/><F119/><W4/><G104/><T83/><D32/><U52/><E114/><V132/><F106/><W49/><G90/><T27/><D102/><U3/><E3/><V122/><F132/><W96/><G96/><T71/><D21/><U69/><E108/><V116/><F116/><W134/><G134/><T76/><D71/><U115/><E115/><V28/><F51/><W36/><G36/><T97/><D97/><U6/><E6/><V109/><F113/><W42/><G54/><T133/><D0/><U92/><E92/><V40/><F40/><W70/><G70/><T101/><D101/><U50/><E135/><V58/><F112/><W61/><G61/><T20/><D20/><U80/><E80/><V127/><F60/><W5/><REACH who="3" step="1"/><G2/><REACH who="3" ten="392,240,254,104" step="2"/><T17/><D133/><U62/><E124/><V75/><F127/><W125/><G125/><T123/><D1/><U126/><E126/><V30/><F109/><W79/><G79/><T99/><D99/><U43/><AGARI ba="0,1" hai="37,43,45,50,52,56,59,62,65,68,69,128,130,131" machi="43" ten="40,12000,2" yaku="0,1,19,1,34,3,54,1" doraHai="105" who="1" fromWho="1" sc="392,-30,240,130,254,-60,104,-30" /><INIT seed="3,0,0,4,1,93" ten="362,370,194,74" oya="3" hai0="14,15,129,110,120,123,114,85,83,117,61,78,91" hai1="109,92,126,73,34,94,74,32,121,30,33,22,131" hai2="89,75,87,106,10,43,128,58,115,41,63,46,59" hai3="102,53,7,84,28,95,135,81,5,1,113,130,51"/><W9/><G113/><T96/><D117/><U119/><E121/><V52/><F128/><W55/><G130/><T72/><D129/><U97/><E109/><V18/><F75/><W29/><G135/><T77/><D110/><U23/><E131/><V49/><F106/><W66/><G66/><T25/><D114/><U12/><E126/><V62/><F115/><W57/><G7/><T2/><D2/><U88/><E119/><V86/><F86/><W19/><G19/><T56/><D25/><U20/><E30/><V36/><F36/><W76/><REACH who="3" step="1"/><G55/><REACH who="3" ten="362,370,194,64" step="2"/><T68/><D123/><U99/><REACH who="1" step="1"/><E12/><REACH who="1" ten="362,360,194,64" step="2"/><N who="2" m="7447" /><F43/><W8/><G8/><T104/><D120/><U107/><E107/><V125/><F125/><W31/><G31/><T108/><D14/><U27/><E27/><V70/><F70/><W124/><G124/><T100/><D15/><U101/><AGARI ba="0,2" hai="20,22,23,32,33,34,73,74,88,92,94,97,99,101" machi="101" ten="40,16000,3" yaku="1,1,0,1,52,2,54,1,53,3" doraHai="93" doraHaiUra="16" who="1" fromWho="1" sc="362,-40,360,180,194,-40,64,-80" owari="322,12.2,540,64.0,154,-24.6,-16,-51.6" /></mjloggm>