<mjloggm ver="2.3"><GO type="169" lobby="0"/><UN n0="%E9%99%A4%E5%90%8D" n1="%E3%81%A6%E3%82%8A%E3%81%86%E3%82%80" n2="%E7%AD%89%E3%80%85%E5%8A%9B%E5%8A%87%E5%A0%B4" n3="%70%61%77%61" dan="17,16,16,18" rate="2209.18,2080.35,2131.97,2288.35" sx="M,M,M,M"/><TAIKYOKU oya="0"/><INIT seed="0,0,0,4,3,96" ten="250,250,250,250" oya="0" hai0="90,66,34,91,104,101,74,117,13,131,125,38,3" hai1="88,23,51,103,71,18,36,21,119,120,99,108,1" hai2="114,4,72,98,12,69,53,44,42,6,63,84,55" hai3="45,46,8,76,64,134,73,110,129,113,124,31,102"/><T93/><D117/><U29/><E119/><V111/><F72/><W89/><G113/><T40/><D34/><U135/><E36/><V127/><F114/><W78/><G110/><T59/><D3/><U27/><E108/><V116/><F111/><W112/><G112/><T22/><D74/><U15/><E135/><V39/><F116/><W48/><G124/><T28/><D125/><U97/><E71/><V14/><F127/><W67/><G129/><T106/><D131/><U52/><E1/><V107/><F84/><W0/><G0/><T77/><D77/><U58/><E120/><V17/><F14/><W80/><G8/><T86/><D38/><U85/><E103/><V81/><F81/><AGARI ba="0,0" hai="15,18,21,23,27,29,51,52,58,81,85,88,97,99" machi="81" ten="30,7700,0" yaku="7,1,8,1,54,2" doraHai="96" who="1" fromWho="2" sc="250,0,250,77,250,-77,250,0" /><INIT seed="1,0,0,0,1,130" ten="250,327,173,250" oya="1" hai0="132,59,1,120,12,19,115,93,124,62,91,64,14" hai1="88,69,9,98,133,134,75,83,61,94,6,4,39" hai2="89,103,15,109,40,104,24,100,17,21,95,44,101" hai3="102,23,87,26,121,74,65,105,78,80,123,22,32"/><U16/><E39/><V66/><F109/><W108/><G108/><T118/><D115/><U96/><E96/><V111/><F111/><W85/><G23/><T116/><D1/><U58/><E69/><V45/><F104/><W57/><G32/><T10/><D124/><U52/><E75/><V11/><F66/><W33/><G33/><T31/><D120/><U41/><E41/><V50/><F45/><W63/><G87/><T114/><D114/><U29/><E29/><V82/><F82/><W81/><G105/><T90/><D31/><U72/><E72/><V92/><REACH who="2" step="1"/><F89/><REACH who="2" ten="250,327,163,250" step="2"/><W68/><G102/><T106/><D106/><U122/><E83/><V0/><F0/><W25/><G123/><T113/><D113/><U53/><E122/><V55/><F55/><W99/><G81/><T79/><D79/><U13/><REACH who="1" step="1"/><E53/><REACH who="1" ten="250,317,163,250" step="2"/><V3/><F3/><W18/><G121/><T56/><D64/><U47/><E47/><V35/><F35/><W129/><G65/><T20/><D59/><U84/><E84/><V46/><F46/><W70/><G85/><T117/><D56/><U71/><E71/><V51/><F51/><W127/><G68/><T42/><D42/><U36/><E36/><V107/><F107/><W5/><G70/><T30/><D118/><U128/><E128/><V67/><F67/><W34/><G129/><T8/><D117/><U119/><E119/><V77/><F77/><W112/><G78/><T126/><D116/><U110/><E110/><V49/><F49/><W54/><G57/><T73/><D73/><U28/><E28/><AGARI ba="0,2" hai="11,15,17,21,24,28,40,44,50,92,95,100,101,103" machi="28" ten="40,2600,0" yaku="1,1,8,1,53,0" doraHai="130" doraHaiUra="86" who="2" fromWho="1" sc="250,0,317,-26,163,46,250,0" /><INIT seed="2,0,0,2,2,52" ten="250,291,209,250" oya="2" hai0="9,133,16,24,107,10,88,60,74,61,126,1,103" hai1="41,65,23,44,31,22,78,95,120,76,38,63,73" hai2="59,79,132,70,64,90,75,100,43,98,17,135,58" hai3="87,30,12,77,130,81,125,105,21,0,97,106,91"/><V80/><F43/><W37/><G0/><T5/><D74/><U84/><E120/><V45/><F90/><W66/><G37/><T102/><D133/><N who="2" m="51274" /><F45/><W69/><G125/><T47/><D126/><U13/><E73/><V115/><F115/><W114/><G130/><T89/><D107/><U99/><E84/><V7/><F7/><W113/><G66/><T39/><D39/><U46/><E46/><V15/><F64/><W85/><G69/><T127/><D127/><U20/><E13/><V72/><F70/><W34/><G12/><N who="0" m="5167" /><D47/><U112/><E112/><V27/><F27/><W83/><G113/><T53/><D1/><U93/><E31/><V82/><F80/><W118/><G83/><T131/><D131/><U14/><E14/><V18/><F75/><W96/><G81/><T33/><D53/><U4/><E4/><V25/><F25/><W32/><G114/><T8/><D103/><U116/><E38/><V110/><F110/><W36/><G36/><T6/><D102/><U49/><E99/><V117/><F117/><W2/><G96/><T129/><D129/><U54/><E116/><V40/><F40/><W57/><G97/><T29/><D6/><U71/><E41/><V92/><F18/><W56/><G118/><T51/><D16/><U94/><AGARI ba="0,0" hai="20,22,23,44,49,54,63,65,71,76,78,93,94,95" machi="94" ten="30,1100,0" yaku="0,1" doraHai="52" who="1" fromWho="1" sc="250,-3,291,11,209,-5,250,-3" /><INIT seed="3,0,0,3,1,65" ten="247,302,204,247" oya="3" hai0="89,23,112,46,127,21,1,95,100,16,85,91,10" hai1="129,19,76,59,117,6,69,5,61,28,66,14,122" hai2="55,71,77,58,116,98,67,74,63,43,88,133,108" hai3="20,33,97,51,17,41,44,35,125,26,29,123,47"/><W37/><G123/><T42/><D127/><U8/><E117/><V128/><F116/><W113/><G113/><T134/><D134/><U30/><E122/><V102/><F108/><W126/><G97/><T64/><D112/><U40/><E129/><V87/><F133/><W79/><G79/><T86/><D100/><U18/><E40/><V36/><F128/><W52/><REACH who="3" step="1"/><G29/><REACH who="3" ten="247,302,204,237" step="2"/><T27/><D91/><U121/><E76/><V9/><F77/><W104/><G104/><T132/><D132/><U80/><E28/><V119/><F119/><W11/><G11/><T24/><D10/><U94/><E30/><V101/><F98/><W48/><G48/><T75/><D89/><U12/><E121/><V70/><F74/><W120/><G120/><T31/><D75/><U22/><E8/><V49/><F9/><W53/><G53/><T32/><D86/><U106/><E106/><V103/><F43/><W4/><G4/><T82/><D42/><U131/><E6/><V72/><F72/><W130/><G130/><T107/><D107/><U83/><E5/><V68/><REACH who="2" step="1"/><F36/><REACH who="2" ten="247,302,194,237" step="2"/><W34/><AGARI ba="0,2" hai="17,20,26,33,34,35,37,41,44,47,51,52,125,126" machi="34" ten="40,7800,0" yaku="1,1,0,1,54,1,53,0" doraHai="65" doraHaiUra="0" who="3" fromWho="3" sc="247,-26,302,-26,194,-26,237,98" /><INIT seed="3,1,0,4,1,6" ten="221,276,168,335" oya="3" hai0="20,10,7,36,100,133,48,127,128,35,113,85,101" hai1="13,38,129,75,125,37,76,45,46,33,1,62,69" hai2="30,107,73,131,31,18,43,108,120,49,124,123,52" hai3="115,97,96,84,99,51,5,59,122,44,24,88,121"/><W118/><G115/><T3/><D113/><U102/><E13/><V25/><F107/><W91/><G118/><T53/><D35/><U103/><E33/><V87/><F73/><W63/><G5/><T8/><D36/><U9/><E76/><V42/><F108/><W81/><G24/><T58/><D127/><U29/><E29/><V68/><F68/><W2/><G2/><T93/><D128/><U111/><E75/><V27/><F87/><W134/><G134/><T11/><D133/><U78/><E78/><V4/><F4/><W79/><G121/><T117/><D117/><U23/><E111/><V15/><F124/><W66/><REACH who="3" step="1"/><G122/><REACH who="3" ten="221,276,168,325" step="2"/><T90/><D3/><U132/><E1/><V105/><F27/><W109/><G109/><T21/><D7/><U65/><E132/><V80/><F25/><W28/><G28/><T26/><D21/><U95/><E129/><V64/><F31/><AGARI ba="1,1" hai="8,10,11,20,26,31,48,53,58,85,90,93,100,101" machi="31" ten="40,8000,1" yaku="8,1,52,3" doraHai="6" who="0" fromWho="2" sc="221,93,276,0,168,-83,325,0" /><INIT seed="4,0,0,3,5,66" ten="314,276,85,325" oya="0" hai0="109,60,105,87,85,126,97,77,84,69,68,36,55" hai1="4,134,29,30,0,101,71,1,11,96,115,18,104" hai2="79,78,52,49,61,21,6,95,28,110,121,23,116" hai3="113,89,41,88,117,42,34,17,91,57,131,132,128"/><T12/><D36/><U82/><E134/><V13/><F121/><W118/><G34/><T123/><D123/><U62/><E115/><V81/><F110/><W129/><G113/><T58/><D126/><U103/><E1/><V133/><F133/><W51/><G132/><T38/><D38/><U112/><E103/><V119/><F95/><W53/><REACH who="3" step="1"/><G17/><REACH who="3" ten="314,276,85,315" step="2"/><T63/><D109/><U130/><E18/><V5/><F119/><AGARI ba="0,1" hai="41,42,51,53,57,88,89,91,117,118,119,128,129,131" machi="119" ten="50,8000,1" yaku="1,1,2,1,19,1,54,1,53,0" doraHai="66" doraHaiUra="16" who="3" fromWho="2" sc="314,0,276,0,85,-80,315,90" /><INIT seed="5,0,0,2,0,62" ten="314,276,5,405" oya="1" hai0="107,77,32,55,117,90,132,76,89,100,116,49,44" hai1="133,18,56,130,52,28,71,43,46,70,25,34,12" hai2="54,58,105,64,92,31,86,7,23,38,84,106,47" hai3="27,119,17,74,115,57,125,40,13,72,135,59,63"/><U121/><E130/><V35/><F35/><W109/><G109/><T15/><D32/><U111/><E133/><V73/><F73/><W8/><G135/><T114/><D132/><U82/><E121/><V45/><F7/><W48/><G115/><T21/><D114/><U10/><E111/><V16/><F31/><W127/><G119/><T29/><D107/><U0/><E82/><V66/><F106/><W94/><G94/><T24/><D100/><U61/><REACH who="1" step="1"/><E0/><REACH who="1" ten="314,266,5,405" step="2"/><V20/><F105/><W124/><G124/><T131/><D131/><U75/><E75/><V85/><F38/><AGARI ba="0,1" hai="10,12,18,25,28,34,38,43,46,52,56,61,70,71" machi="38" ten="30,5800,0" yaku="1,1,7,1,54,1,53,0" doraHai="62" doraHaiUra="113" who="1" fromWho="2" sc="314,0,266,68,5,-58,405,0" owari="314,-8.6,334,13.4,-53,-55.3,405,50.5" /></mjloggm>