<mjloggm ver="2.3"><GO type="169" lobby="0"/><UN n0="%41%72%64%62%65%47" n1="%68%69%73%61%74%6F%E6%A3%92" n2="%E3%81%8B%E3%81%A5%E3%81%8D%EF%BC%B8%EF%BC%A9" n3="%E3%81%8D%E3%82%83%E3%83%BC%E3%82%8D%E3%82%93" dan="16,16,18,16" rate="2022.36,2057.43,2177.92,2150.88" sx="M,M,M,M"/><TAIKYOKU oya="0"/><INIT seed="0,0,0,0,5,64" ten="250,250,250,250" oya="0" hai0="43,96,41,13,4,123,22,103,68,95,19,62,17" hai1="72,6,121,63,93,83,110,31,10,9,71,94,91" hai2="118,97,73,65,114,12,85,119,32,47,59,126,27" hai3="125,115,122,111,99,69,51,105,128,92,116,132,36"/><T7/><D123/><U117/><E121/><V38/><F73/><W76/><G51/><T26/><D43/><U113/><E110/><V104/><F12/><W80/><G80/><T23/><REACH who="0" step="1"/><D41/><REACH who="0" ten="240,250,250,250" step="2"/><U35/><E113/><V44/><F114/><W58/><G122/><T40/><D40/><U106/><E117/><V11/><F119/><W37/><G116/><T3/><D3/><U54/><E106/><V78/><F118/><W79/><G105/><T39/><D39/><U86/><E72/><V101/><F38/><W127/><G37/><T89/><D89/><U49/><E6/><V1/><F1/><W45/><G36/><T48/><D48/><U53/><E49/><V107/><F104/><W124/><G115/><T74/><D74/><U135/><E91/><V102/><F107/><W25/><G127/><T61/><D61/><U2/><E63/><V34/><F126/><W14/><G125/><T130/><D130/><U5/><E2/><V16/><F102/><W46/><G128/><T0/><D0/><U70/><E5/><V131/><F101/><W21/><G124/><T98/><D98/><U88/><E88/><V33/><F97/><W29/><G99/><T120/><D120/><U42/><E42/><V84/><F131/><W55/><G79/><T108/><D108/><U112/><E112/><V8/><F78/><W24/><G76/><T66/><AGARI ba="0,1" hai="4,7,13,17,19,22,23,26,62,66,68,95,96,103" machi="66" ten="30,11700,0" yaku="1,1,0,1,52,1,53,1" doraHai="64" doraHaiUra="56" who="0" fromWho="0" sc="240,127,250,-39,250,-39,250,-39" /><INIT seed="0,1,0,1,2,113" ten="367,211,211,211" oya="0" hai0="28,29,13,36,112,123,44,134,76,118,43,130,5" hai1="32,95,39,12,88,48,4,60,93,57,91,30,45" hai2="46,61,126,121,133,82,129,119,71,31,14,81,47" hai3="37,18,74,105,19,72,3,70,90,132,122,104,40"/><T127/><D112/><U22/><E39/><V92/><F121/><W101/><G70/><T124/><D123/><U8/><E32/><V117/><F126/><N who="0" m="48170" /><D130/><U83/><E83/><N who="2" m="31755" /><F129/><W9/><G132/><T102/><D76/><U110/><E110/><V73/><F73/><W33/><G74/><T59/><D102/><U10/><E10/><V115/><F115/><W68/><G72/><T66/><D134/><U77/><E77/><V84/><F31/><W98/><G101/><T96/><D96/><U6/><E6/><V85/><F14/><W69/><G98/><T26/><D26/><N who="1" m="16727" /><E95/><V21/><F21/><W51/><G122/><T58/><D66/><N who="1" m="39183" /><E93/><V15/><F15/><W20/><G20/><T52/><D59/><U50/><E50/><V87/><F92/><W120/><G120/><T34/><D34/><U135/><E135/><V54/><F71/><W67/><G33/><T49/><D28/><U42/><AGARI ba="1,0" hai="4,8,12,42,45,48,88,91" m="39183,16727" machi="42" ten="30,2000,0" yaku="8,1,54,1" doraHai="113" who="1" fromWho="1" sc="367,-11,211,23,211,-6,211,-6" /><INIT seed="1,0,0,5,0,43" ten="356,234,205,205" oya="1" hai0="106,7,35,75,39,37,98,88,73,27,55,1,92" hai1="99,17,47,33,34,23,135,97,70,54,40,110,59" hai2="76,102,36,56,5,16,115,113,21,129,116,29,122" hai3="86,96,0,44,111,77,49,95,69,60,120,78,82"/><U114/><E114/><N who="2" m="43531" /><F116/><W74/><G111/><T51/><D106/><U53/><E70/><V6/><F36/><W19/><G0/><T4/><D4/><N who="2" m="1642" /><F102/><W71/><G120/><T8/><D27/><U103/><E135/><V100/><F100/><W132/><G132/><T83/><D35/><U20/><E110/><V24/><F56/><W31/><G31/><T91/><D75/><U38/><E20/><N who="2" m="15495" /><F76/><W101/><G60/><T125/><D125/><U123/><E123/><V45/><F122/><W121/><G121/><T61/><D61/><U32/><E97/><V11/><F129/><W112/><G112/><T2/><D2/><U68/><E68/><V48/><F11/><W93/><G93/><T58/><D73/><U52/><E59/><V94/><F94/><W81/><REACH who="3" step="1"/><G19/><REACH who="3" ten="356,234,205,195" step="2"/><T133/><D133/><U119/><E119/><V66/><F66/><W107/><G107/><T30/><D92/><U104/><REACH who="1" step="1"/><E34/><REACH who="1" ten="356,224,205,195" step="2"/><V80/><F80/><W28/><G28/><T42/><D30/><U9/><E9/><V108/><F108/><W127/><G127/><T50/><D8/><U3/><E3/><V46/><F48/><W105/><G105/><T64/><D51/><U89/><E89/><V14/><AGARI ba="0,2" hai="14,16,21,45,46" m="15495,1642,43531" machi="14" ten="30,7900,0" yaku="11,1,52,2,54,1" doraHai="43" who="2" fromWho="2" sc="356,-20,224,-39,205,99,195,-20" /><INIT seed="2,0,0,2,0,59" ten="336,185,304,175" oya="2" hai0="76,82,63,39,0,89,91,11,38,83,107,94,53" hai1="92,57,30,72,19,17,85,74,9,71,119,78,88" hai2="54,1,62,52,8,104,15,40,2,95,31,44,27" hai3="129,108,50,84,18,120,68,61,131,118,98,111,112"/><V109/><F104/><W123/><G18/><T121/><D107/><U41/><E71/><V49/><F109/><N who="3" m="42059" /><G84/><T105/><D105/><U70/><E70/><V116/><F116/><W14/><G14/><T51/><D121/><N who="3" m="46665" /><G98/><T77/><D51/><U115/><E115/><V100/><F2/><W12/><G12/><T3/><D53/><U122/><E119/><V96/><F1/><W48/><G118/><T60/><D94/><U99/><E30/><V5/><REACH who="2" step="1"/><F62/><REACH who="2" ten="336,185,294,175" step="2"/><W28/><G112/><T69/><D69/><U22/><E122/><V87/><F87/><W93/><G93/><T103/><D103/><U33/><E85/><V37/><F37/><W25/><G50/><T90/><D90/><U66/><E88/><V42/><F42/><W128/><G48/><T126/><D0/><U58/><E92/><V46/><F46/><W21/><G68/><T6/><D91/><U34/><E41/><V67/><F67/><W47/><G47/><T114/><D114/><U125/><E66/><V13/><F13/><W135/><G61/><T32/><D89/><U26/><E78/><V24/><F24/><W97/><G97/><T133/><D77/><U29/><E99/><V86/><F86/><W16/><G28/><T132/><D76/><U134/><E29/><V10/><F10/><W79/><G79/><T56/><D11/><U64/><E9/><V55/><F55/><W117/><G117/><T43/><D3/><U23/><E64/><V65/><F65/><W20/><G20/><AGARI ba="0,1" hai="5,8,15,20,27,31,40,44,49,52,54,95,96,100" machi="20" ten="30,11600,0" yaku="1,1,7,1,8,1,54,1,53,0" doraHai="59" doraHaiUra="73" who="2" fromWho="3" sc="336,0,185,0,294,126,175,-116" /><INIT seed="2,1,0,3,0,30" ten="336,185,420,59" oya="2" hai0="49,32,26,131,3,124,46,107,22,113,73,90,61" hai1="133,105,119,29,53,102,125,40,117,59,79,23,64" hai2="115,69,52,89,134,5,71,67,75,104,112,8,62" hai3="7,36,28,121,72,80,88,99,74,25,17,82,10"/><V111/><F104/><W76/><G121/><T56/><D113/><U2/><E64/><V78/><F89/><W34/><G17/><T130/><D3/><U122/><E79/><V19/><F19/><W35/><G36/><T27/><D73/><U68/><E40/><V110/><F134/><W38/><G38/><T132/><D124/><U95/><E95/><V114/><F71/><W21/><G99/><T126/><D126/><U13/><E13/><V108/><F78/><W83/><G83/><T92/><D27/><U0/><E53/><V120/><F75/><W118/><G118/><T101/><D101/><U54/><E54/><V1/><REACH who="2" step="1"/><F52/><REACH who="2" ten="336,185,410,59" step="2"/><W86/><REACH who="3" step="1"/><G72/><REACH who="3" ten="336,185,410,49" step="2"/><T77/><D132/><U44/><E133/><V106/><F106/><W11/><G11/><T85/><D107/><U47/><E105/><V16/><F16/><W43/><G43/><T58/><D131/><U57/><E119/><V15/><F15/><AGARI ba="1,2" hai="7,10,15,21,25,28,34,35,74,76,80,82,86,88" machi="15" ten="30,8000,1" yaku="1,1,7,1,52,2,54,1,53,0" doraHai="30" doraHaiUra="93" who="3" fromWho="2" sc="336,0,185,0,410,-83,49,103" /><INIT seed="3,0,0,3,3,39" ten="336,185,327,152" oya="3" hai0="135,130,30,101,23,63,78,126,104,118,47,64,90" hai1="10,45,1,49,5,60,97,76,128,80,7,52,84" hai2="133,117,16,87,62,44,55,132,48,50,24,91,2" hai3="70,75,37,14,127,3,120,89,81,114,22,12,71"/><W93/><G120/><T6/><D118/><U123/><E128/><V65/><F117/><W102/><G114/><T41/><D130/><U83/><E123/><V28/><F2/><W43/><G3/><T18/><D135/><N who="2" m="51786" /><F50/><W11/><G102/><T134/><D134/><U46/><E7/><V35/><F16/><W4/><G127/><T56/><D126/><U36/><E60/><V79/><F79/><W131/><G131/><T20/><D6/><U19/><E97/><V129/><F129/><W15/><G71/><T54/><D78/><U113/><E19/><V31/><F31/><W72/><G70/><T121/><D90/><U61/><E61/><V92/><F62/><W109/><G109/><T100/><D104/><U112/><E83/><V33/><F65/><W103/><G103/><T32/><D32/><AGARI ba="0,0" hai="24,28,32,33,35,44,48,55,87,91,92" m="51786" machi="32" ten="30,1000,0" yaku="20,1" doraHai="39" who="2" fromWho="0" sc="336,-10,185,0,327,10,152,0" /><INIT seed="4,0,0,3,1,110" ten="326,185,337,152" oya="0" hai0="68,81,89,56,9,59,80,111,103,46,22,14,109" hai1="40,17,8,60,113,90,11,37,84,121,12,78,77" hai2="99,85,100,134,19,71,44,38,50,55,4,58,30" hai3="124,15,118,35,93,102,98,23,87,57,74,131,54"/><T83/><D68/><U1/><E121/><V64/><F30/><W65/><G118/><T28/><D103/><U45/><E60/><N who="2" m="40327" /><F4/><W39/><G35/><T72/><D72/><U67/><E67/><V119/><F19/><W79/><G39/><T53/><D89/><U70/><E70/><V108/><F108/><N who="0" m="41546" /><D46/><U130/><E130/><V116/><F134/><W34/><G34/><T25/><D53/><U112/><E8/><V24/><F24/><W82/><G131/><T107/><D107/><U127/><E127/><V47/><F85/><W7/><G65/><T6/><AGARI ba="0,0" hai="6,9,14,22,25,28,56,59,80,81,83" m="41546" machi="6" ten="30,1500,0" yaku="10,1" doraHai="110" who="0" fromWho="0" sc="326,15,185,-5,337,-5,152,-5" /><INIT seed="4,1,0,3,2,52" ten="341,180,332,147" oya="0" hai0="72,32,86,131,75,111,76,106,77,132,7,27,92" hai1="18,93,46,71,127,14,30,6,53,118,41,20,67" hai2="38,89,22,50,90,113,96,10,43,110,47,16,29" hai3="124,73,100,5,105,2,80,74,120,125,62,83,33"/><T122/><D7/><U126/><E118/><V99/><F110/><W3/><G33/><T69/><D69/><U40/><E6/><V130/><F113/><W112/><G5/><T45/><D122/><U31/><E67/><V28/><F130/><W8/><G8/><T81/><D106/><U95/><E71/><V104/><F10/><W88/><G112/><T25/><D131/><U102/><E41/><V60/><F38/><W0/><G120/><T55/><D132/><U11/><E53/><V59/><F104/><W9/><G9/><T36/><D32/><U35/><E11/><V56/><F60/><W17/><G17/><T24/><D111/><U87/><E95/><N who="2" m="56431" /><F90/><W85/><G100/><T114/><D77/><U123/><E123/><V39/><F99/><W63/><G105/><T1/><D1/><U91/><E102/><V129/><F39/><W68/><G68/><T13/><D36/><U117/><E117/><V108/><F108/><W4/><G4/><T98/><D75/><U21/><E21/><V121/><F121/><W26/><G3/><T48/><D72/><U54/><E40/><V115/><F115/><W66/><G88/><N who="0" m="55559" /><D114/><U78/><E78/><V79/><F79/><W84/><G66/><T135/><D135/><U133/><E133/><V70/><F70/><W97/><G97/><T109/><D109/><U103/><E103/><V119/><F119/><W51/><G51/><T128/><D128/><U94/><E35/><V12/><F129/><W44/><G44/><T49/><D48/><N who="1" m="28951" /><E93/><V65/><F65/><W64/><G64/><T61/><D61/><RYUUKYOKU ba="1,0" sc="341,0,180,0,332,0,147,0" hai0="13,24,25,27,45,49,55,76,81,86" hai1="14,18,20,30,31,87,91,94,126,127" hai2="12,16,22,28,29,43,47,50,56,59" hai3="0,2,26,62,63,73,74,80,83,84,85,124,125" /><INIT seed="4,2,0,1,3,77" ten="341,180,332,147" oya="0" hai0="114,84,133,121,105,119,0,1,13,90,57,131,17" hai1="92,5,20,54,50,32,10,129,3,23,63,93,103" hai2="120,106,45,128,30,2,111,125,8,115,70,94,135" hai3="41,100,48,19,37,132,98,73,109,18,82,78,88"/><T59/><D119/><U110/><E32/><V126/><RYUUKYOKU type="yao9" ba="2,0" sc="341,0,180,0,332,0,147,0" hai2="2,8,30,45,70,94,106,111,115,120,125,126,128,135" /><INIT seed="4,3,0,1,0,26" ten="341,180,332,147" oya="0" hai0="32,33,88,61,58,129,72,55,130,35,53,44,29" hai1="4,112,78,123,90,49,89,107,12,109,25,84,80" hai2="114,48,104,1,132,105,131,82,30,45,36,2,18" hai3="68,85,34,108,10,13,51,3,43,87,14,60,116"/><T21/><D72/><U8/><E109/><V124/><F36/><W69/><G108/><T102/><D102/><U57/><E107/><V95/><F114/><W23/><G116/><T100/><D100/><U70/><E70/><V37/><F37/><W24/><G34/><T111/><D111/><U66/><E123/><V28/><F95/><W128/><G128/><T121/><D121/><U122/><E112/><V127/><F82/><W74/><G74/><T106/><D106/><N who="2" m="41066" /><F18/><W5/><G14/><T126/><D126/><N who="2" m="48170" /><F131/><W120/><G120/><T133/><D133/><U52/><E122/><V64/><F64/><W118/><G118/><T17/><D17/><U27/><E66/><V77/><F77/><W135/><G135/><T42/><D55/><U115/><E115/><V46/><F132/><W6/><G6/><T54/><D54/><U125/><E125/><V79/><F79/><W110/><G110/><T41/><D41/><U59/><E59/><V119/><F119/><W117/><G117/><T93/><D42/><U65/><E65/><V99/><F99/><W96/><G96/><T0/><D44/><N who="2" m="17002" /><F48/><W15/><G51/><T98/><REACH who="0" step="1"/><D0/><AGARI ba="3,0" hai="0,1,2,28,30" m="17002,48170,41066" machi="0" ten="40,8000,1" yaku="28,2,18,1,52,2" doraHai="26" who="2" fromWho="0" sc="341,-89,180,0,332,89,147,0" /><INIT seed="5,0,0,3,3,91" ten="252,180,421,147" oya="1" hai0="67,86,109,122,96,16,22,101,42,113,133,38,95" hai1="54,115,24,44,92,39,36,46,45,124,76,12,73" hai2="34,98,23,110,104,32,74,43,88,123,7,15,107" hai3="4,83,17,57,79,64,99,75,5,114,128,135,116"/><U120/><E120/><V49/><F110/><W10/><G114/><T70/><D109/><U21/><E12/><V63/><F74/><W28/><G128/><T72/><D72/><U105/><E105/><V25/><F123/><W58/><G135/><T35/><D35/><U41/><E124/><V94/><F32/><W60/><G116/><T97/><D113/><U100/><E115/><V52/><F34/><W53/><G28/><T119/><D119/><U11/><E11/><N who="2" m="4607" /><F107/><W93/><G17/><T51/><D38/><U129/><E129/><V0/><F104/><W112/><G10/><T134/><D122/><U78/><E73/><V50/><F0/><W18/><G18/><T20/><D67/><U19/><E45/><V30/><F43/><W3/><G3/><T103/><D70/><U33/><E33/><V65/><F65/><W89/><REACH who="3" step="1"/><G112/><REACH who="3" ten="252,180,421,137" step="2"/><T9/><D9/><U68/><E68/><V121/><F121/><W118/><G118/><T126/><D134/><U131/><E131/><V66/><F66/><W62/><AGARI ba="0,1" hai="4,5,53,57,58,60,62,64,75,79,83,89,93,99" machi="62" ten="20,8000,1" yaku="1,1,0,1,7,1,52,1,53,1" doraHai="91" doraHaiUra="106" who="3" fromWho="3" sc="252,-20,180,-40,421,-20,137,90" /><INIT seed="6,0,0,2,1,23" ten="232,140,401,227" oya="2" hai0="35,77,69,21,55,32,27,9,17,132,15,80,45" hai1="40,41,79,97,104,31,78,6,50,65,117,14,56" hai2="113,106,11,127,134,64,29,10,18,124,43,108,122" hai3="116,89,51,73,109,83,2,37,82,128,34,92,57"/><V25/><F106/><W85/><G116/><T1/><D69/><U44/><E117/><V4/><F64/><W90/><G2/><T101/><D132/><U7/><E104/><V120/><F43/><W107/><G37/><T52/><D101/><U68/><E68/><V98/><F98/><W60/><G109/><T63/><D1/><U115/><E115/><V103/><F103/><W22/><G128/><T30/><D63/><U96/><E31/><V135/><F113/><W16/><G34/><T19/><D35/><U121/><E121/><N who="2" m="46699" /><F18/><W54/><G73/><T28/><D32/><U76/><E14/><N who="2" m="5447" /><F11/><W86/><G107/><T20/><D45/><U129/><E129/><V33/><F108/><W61/><G92/><T99/><D99/><U36/><E36/><V123/><F123/><W67/><G67/><T5/><D30/><U74/><E74/><V46/><F46/><W111/><G111/><T112/><D28/><U38/><E38/><V81/><F81/><W125/><REACH who="3" step="1"/><G125/><AGARI ba="0,0" hai="25,29,33,124,125,127,134,135" m="5447,46699" machi="125" ten="30,11600,0" yaku="18,1,34,2,52,1" doraHai="23" who="2" fromWho="3" sc="232,0,140,0,401,116,227,-116" /><INIT seed="6,1,0,5,4,80" ten="232,140,517,111" oya="2" hai0="7,52,96,77,36,133,47,35,85,54,130,29,11" hai1="25,101,45,64,99,23,74,70,100,81,122,106,27" hai2="126,73,15,97,78,69,90,114,39,118,129,95,124" hai3="5,1,38,109,26,86,104,62,0,123,125,6,34"/><V120/><F69/><W22/><G38/><T112/><D112/><U56/><E100/><V68/><F68/><W16/><G104/><T20/><D35/><U115/><E115/><V51/><F39/><W31/><G62/><T131/><D133/><U84/><E74/><V88/><F118/><W58/><G58/><T98/><D29/><U79/><E70/><V50/><F114/><W94/><G86/><T48/><D54/><U61/><E122/><V2/><F2/><N who="3" m="1131" /><G94/><T132/><D20/><U21/><E21/><V37/><F37/><W42/><G42/><T105/><D105/><U128/><E128/><N who="0" m="49193" /><D132/><U117/><E117/><V49/><F120/><W107/><G107/><T91/><D77/><U46/><E27/><V71/><F71/><W8/><G123/><T53/><D53/><U57/><REACH who="1" step="1"/><E56/><REACH who="1" ten="232,130,517,111" step="2"/><V135/><F129/><W75/><G75/><T134/><D134/><U33/><E33/><V103/><F135/><W12/><G109/><T87/><D11/><U55/><E55/><V76/><F73/><W89/><G89/><T44/><D91/><U110/><E110/><V30/><F90/><W113/><G113/><T127/><D44/><U18/><AGARI ba="1,1" hai="18,23,25,45,46,57,61,64,79,81,84,99,101,106" machi="18" ten="20,8000,1" yaku="1,1,0,1,7,1,52,1,53,1" doraHai="80" doraHaiUra="14" who="1" fromWho="1" sc="232,-21,130,93,517,-41,111,-21" /><INIT seed="7,0,0,5,3,94" ten="211,223,476,90" oya="3" hai0="107,48,81,39,10,66,56,120,85,119,5,76,118" hai1="132,23,43,77,121,9,2,130,61,124,75,117,126" hai2="22,93,74,28,63,91,83,55,95,1,34,114,72" hai3="129,70,125,16,69,128,106,60,7,110,52,133,102"/><W6/><G110/><T19/><D39/><U116/><E61/><V112/><F1/><W79/><G79/><T30/><D120/><U127/><E43/><V54/><F34/><W111/><G111/><T64/><D64/><U67/><E67/><V92/><F28/><W25/><G125/><T41/><D30/><U40/><E40/><V134/><F134/><W44/><G133/><T33/><D33/><U104/><E104/><V13/><F83/><W35/><G70/><T42/><D19/><U51/><E51/><V115/><F63/><W24/><G24/><T99/><D41/><U96/><E23/><V15/><F22/><N who="3" m="13511" /><G35/><T89/><D66/><U21/><E21/><V86/><F74/><W68/><G68/><T4/><D107/><U20/><E20/><V62/><F72/><W105/><G69/><T73/><D73/><U57/><E57/><N who="2" m="35127" /><F55/><W3/><G3/><T45/><D56/><U103/><E130/><N who="3" m="50282" /><G60/><T65/><D119/><N who="1" m="45643" /><E121/><V49/><F49/><N who="3" m="28711" /><G106/><T113/><D118/><U27/><E27/><V100/><F114/><W53/><G53/><T46/><D113/><U26/><E26/><V0/><F115/><W59/><G59/><T84/><D65/><U47/><E132/><V18/><F0/><W80/><G80/><T11/><D81/><U78/><E75/><V32/><F32/><W101/><G101/><T58/><D76/><U98/><E103/><V135/><F112/><W97/><AGARI ba="0,0" hai="6,7,97,102,105" m="28711,50282,13511" machi="97" ten="30,11700,0" yaku="19,1,52,1,54,2" doraHai="94" who="3" fromWho="3" sc="211,-39,223,-39,476,-39,90,117" /><INIT seed="7,1,0,2,3,58" ten="172,184,437,207" oya="3" hai0="45,106,80,89,95,66,65,83,125,86,67,18,49" hai1="121,77,11,55,56,130,115,132,107,54,102,8,47" hai2="131,29,24,119,27,22,64,31,91,85,78,73,20" hai3="93,52,0,21,72,111,135,2,50,48,32,113,118"/><W44/><G118/><T26/><D125/><U124/><E121/><V128/><F119/><W79/><G32/><T19/><D106/><U15/><E132/><V74/><F64/><W114/><G111/><T14/><D26/><U122/><E122/><V46/><F46/><N who="3" m="27671" /><G93/><T69/><D69/><U4/><E115/><N who="3" m="44042" /><G135/><T38/><D38/><U100/><E107/><V23/><F78/><W97/><G97/><T88/><D18/><U112/><E130/><N who="2" m="49707" /><F23/><W68/><G68/><T33/><D33/><U120/><E120/><V103/><F103/><N who="1" m="39465" /><E77/><V16/><F29/><W5/><G5/><T28/><D28/><U84/><E124/><V12/><F27/><W104/><G104/><T105/><D105/><U87/><E11/><V75/><F75/><W133/><G133/><T63/><D89/><U96/><E96/><V17/><F31/><W41/><G21/><N who="0" m="11511" /><D63/><N who="1" m="36247" /><E112/><V30/><F30/><W126/><G126/><T81/><D67/><U36/><E36/><V99/><F99/><W117/><G117/><T129/><D129/><U109/><E109/><V82/><AGARI ba="1,0" hai="12,16,17,20,22,24,73,74,82,85,91" m="49707" machi="82" ten="30,2000,0" yaku="19,1,54,1" doraHai="58" who="2" fromWho="2" sc="172,-6,184,-6,437,23,207,-11" owari="166,-33.4,178,-22.2,460,56.0,196,-0.4" /></mjloggm>