<mjloggm ver="2.3"><GO type="169" lobby="0"/><UN n0="%E3%83%8A%E3%82%AB%E3%81%AB%E3%81%97" n1="%E3%81%91%E3%83%BC%E3%81%9E%E3%81%88" n2="%E3%81%9F%E3%81%8B%E3%81%AF%E3%81%97%E3%81%83%E3%81%83%E3%81%83" n3="%E6%9C%A8%E5%8E%9F%E8%B1%AA%E4%B8%80" dan="16,17,16,17" rate="2080.57,2151.03,2106.32,2139.64" sx="M,F,M,M"/><TAIKYOKU oya="0"/><INIT seed="0,0,0,5,2,68" ten="250,250,250,250" oya="0" hai0="37,125,114,16,77,17,57,80,88,21,97,94,118" hai1="72,86,31,109,32,121,50,5,52,128,79,1,76" hai2="82,0,8,69,89,24,42,133,108,53,95,100,90" hai3="107,93,103,85,117,47,83,105,14,28,64,35,122"/><T106/><D114/><U10/><E109/><V99/><F108/><W15/><G15/><T27/><D118/><U135/><E121/><V19/><F133/><W104/><G117/><T129/><D129/><U3/><E128/><V111/><F111/><W56/><G35/><T126/><D106/><U20/><E72/><V30/><F69/><W7/><G28/><T113/><D113/><U49/><E1/><V134/><F134/><W123/><G56/><T124/><D57/><U44/><E32/><V34/><F53/><W78/><G64/><T41/><D17/><U130/><E135/><V51/><F82/><W66/><G66/><T70/><D70/><U120/><E120/><N who="3" m="46122" /><G47/><N who="0" m="23983" /><D80/><U59/><E86/><V60/><F60/><W116/><G14/><N who="0" m="9367" /><D77/><U29/><E130/><V102/><F19/><W40/><G40/><T13/><D13/><U26/><REACH who="1" step="1"/><E31/><REACH who="1" ten="250,240,250,250" step="2"/><V33/><F30/><W45/><G116/><T4/><D4/><U25/><E25/><AGARI ba="0,1" hai="25,27,88,94,97,124,125,126" m="9367,23983" machi="25" ten="30,11600,0" yaku="18,1,52,1,54,2" doraHai="68" who="0" fromWho="1" sc="250,126,240,-116,250,0,250,0" /><INIT seed="0,1,0,4,3,32" ten="376,124,250,250" oya="0" hai0="74,94,114,86,56,26,106,92,25,110,122,1,81" hai1="48,113,118,29,15,99,127,82,128,62,49,126,83" hai2="90,39,84,80,103,111,41,30,129,64,55,44,45" hai3="24,91,17,133,2,132,13,53,19,14,87,36,60"/><T108/><D114/><U121/><E118/><V93/><F111/><N who="0" m="42538" /><D122/><U124/><E121/><V52/><F129/><W16/><G36/><T125/><D106/><U104/><E128/><V78/><F103/><W67/><G53/><T54/><D74/><U38/><E38/><V96/><F44/><W18/><G2/><T43/><D43/><U28/><E104/><V7/><F30/><N who="1" m="11881" /><E15/><V116/><F116/><W70/><G24/><N who="0" m="9323" /><D125/><U101/><E101/><V131/><F131/><W120/><G120/><T61/><D1/><U115/><E99/><V112/><F112/><N who="1" m="43081" /><E62/><V130/><F130/><W47/><G47/><T107/><D107/><U77/><E77/><AGARI ba="1,0" hai="54,56,61,77,81,86,92,94" m="9323,42538" machi="77" ten="30,2900,0" yaku="14,1,10,1" doraHai="32" who="0" fromWho="1" sc="376,32,124,-32,250,0,250,0" /><INIT seed="0,2,0,1,2,3" ten="408,92,250,250" oya="0" hai0="72,19,93,74,91,125,56,82,37,28,25,80,38" hai1="23,120,2,107,33,87,127,43,99,52,122,132,85" hai2="41,96,123,70,7,16,17,88,64,117,130,49,94" hai3="46,26,32,5,57,30,114,51,98,48,21,105,13"/><T8/><D125/><U84/><E33/><V36/><F123/><W58/><G114/><T55/><D38/><U83/><E127/><V135/><F130/><W89/><G48/><T14/><D37/><U129/><E129/><V126/><F126/><W40/><G32/><T22/><D74/><U108/><E108/><V45/><F135/><W90/><G105/><T104/><D72/><U95/><E107/><V68/><F117/><W92/><REACH who="3" step="1"/><G89/><REACH who="3" ten="408,92,250,240" step="2"/><T62/><REACH who="0" step="1"/><D104/><REACH who="0" ten="398,92,250,240" step="2"/><U109/><E109/><V78/><F36/><W76/><G76/><T69/><D69/><U34/><E122/><V12/><F78/><W103/><G103/><T81/><D81/><U112/><E83/><V9/><F68/><W113/><G113/><T124/><D124/><U27/><E112/><V31/><F70/><W116/><G116/><T131/><D131/><U29/><E120/><V6/><F88/><W119/><G119/><T100/><D100/><U59/><E132/><V118/><F118/><W18/><G18/><T11/><D11/><AGARI ba="2,2" hai="5,11,13,21,26,30,40,46,51,57,58,90,92,98" machi="11" ten="40,5200,0" yaku="1,1,8,1,52,1,53,0" doraHai="3" doraHaiUra="133" who="3" fromWho="0" sc="398,-58,92,0,250,0,240,78" /><INIT seed="1,0,0,0,0,133" ten="340,92,250,318" oya="1" hai0="33,56,91,27,113,66,40,14,102,41,77,29,92" hai1="45,43,46,79,83,94,31,74,93,134,1,18,49" hai2="121,88,87,50,16,117,112,53,118,75,115,22,68" hai3="89,6,76,15,13,19,69,107,32,97,9,100,0"/><U51/><E134/><V3/><F75/><W122/><G122/><T127/><D113/><N who="2" m="43594" /><F68/><W4/><G69/><T35/><D102/><U128/><E128/><V78/><F78/><W110/><G110/><T7/><D33/><U11/><E31/><V34/><F3/><W103/><G32/><T21/><D77/><U58/><E58/><N who="2" m="33079" /><F34/><W125/><G76/><T132/><D132/><U63/><E63/><V111/><F111/><W130/><G0/><T124/><D66/><U108/><E108/><V59/><F59/><W55/><G55/><T67/><D35/><U8/><E8/><V126/><F126/><N who="0" m="48170" /><D14/><U30/><E30/><V90/><F90/><W116/><G89/><T5/><D41/><U42/><E1/><V95/><F121/><W82/><G125/><T37/><D40/><U61/><E61/><V64/><F64/><W104/><G100/><T25/><D25/><AGARI ba="0,0" hai="16,22,25,87,88,95,117,118" m="33079,43594" machi="25" ten="30,3900,0" yaku="11,1,54,2" doraHai="133" who="2" fromWho="0" sc="340,-39,92,0,250,39,318,0" /><INIT seed="2,0,0,2,3,98" ten="301,92,289,318" oya="2" hai0="18,94,57,27,119,132,111,65,85,110,87,50,116" hai1="60,129,103,39,24,54,102,88,135,77,118,30,53" hai2="59,66,47,79,42,8,64,43,121,69,73,61,45" hai3="72,12,22,14,31,21,37,133,15,74,89,117,105"/><V123/><F79/><W82/><G117/><N who="0" m="45131" /><D132/><U130/><E118/><V93/><F73/><W40/><G105/><T9/><D9/><U122/><E39/><N who="2" m="21727" /><F93/><W5/><G31/><T38/><D38/><U95/><E77/><V134/><F8/><W13/><G40/><T48/><D65/><U19/><E135/><V7/><F7/><W114/><G114/><T58/><D18/><U49/><E122/><N who="2" m="46603" /><F134/><W29/><G37/><T28/><D50/><U81/><E81/><V68/><F64/><W91/><G133/><T32/><D94/><U2/><E2/><V67/><F67/><W97/><G29/><T1/><D1/><U6/><E6/><V131/><F131/><N who="1" m="50185" /><E19/><V11/><F11/><W23/><G5/><T20/><D20/><N who="1" m="15623" /><E60/><V52/><F66/><W33/><G15/><T76/><D76/><U62/><E62/><V120/><F120/><W36/><G36/><AGARI ba="0,0" hai="36,43,47,52,59,61,68,69" m="46603,21727" machi="36" ten="30,5800,0" yaku="34,2,54,1" doraHai="98" who="2" fromWho="3" sc="301,0,92,0,289,58,318,-58" /><INIT seed="2,1,0,4,3,82" ten="301,92,347,260" oya="2" hai0="80,74,41,104,94,14,96,34,38,13,35,112,42" hai1="73,124,59,11,91,62,69,128,131,97,6,115,133" hai2="56,93,3,114,122,33,47,95,0,12,25,105,43" hai3="78,101,10,20,54,9,58,16,21,26,85,127,123"/><V24/><F114/><W109/><G123/><T83/><D112/><U36/><E115/><V99/><F122/><W132/><G109/><T70/><D70/><U39/><E69/><V72/><F72/><W28/><G132/><T117/><D104/><U46/><E133/><V90/><F105/><W113/><G127/><T37/><D94/><U79/><E91/><V5/><F12/><W17/><G101/><T118/><REACH who="0" step="1"/><D96/><REACH who="0" ten="291,92,347,260" step="2"/><U102/><E97/><V129/><F93/><W103/><G113/><T2/><D2/><U31/><E124/><V67/><F0/><W4/><G4/><T51/><D51/><U32/><E6/><V66/><F3/><W81/><G103/><T84/><D84/><U100/><E102/><V1/><F1/><W40/><G40/><T55/><D55/><U119/><E100/><V98/><F98/><W77/><G77/><T110/><D110/><U50/><E79/><V65/><F5/><W76/><G76/><T135/><D135/><U64/><E50/><V116/><F99/><W71/><G71/><T48/><D48/><U111/><E111/><V120/><F120/><W23/><G85/><T130/><D130/><U121/><E131/><V27/><F129/><W52/><G78/><T68/><D68/><U63/><E128/><V134/><F134/><W125/><G54/><T107/><D107/><U44/><E121/><V57/><F95/><W8/><G81/><T45/><D45/><U19/><E46/><V60/><F47/><W126/><G126/><T61/><D61/><U88/><E44/><V15/><F43/><W106/><G125/><RYUUKYOKU ba="1,1" sc="291,30,92,-10,347,-10,260,-10" hai0="13,14,34,35,37,38,41,42,74,80,83,117,118" /><INIT seed="3,2,1,4,4,129" ten="321,82,337,250" oya="3" hai0="17,84,82,98,119,93,23,77,90,26,28,74,45" hai1="58,44,13,100,134,1,87,121,63,67,5,70,79" hai2="59,49,6,43,135,94,69,102,97,109,128,19,113" hai3="75,123,83,14,9,115,116,20,73,120,36,10,76"/><W62/><G115/><T96/><D119/><U86/><E121/><V4/><F113/><W55/><G116/><T39/><D39/><U53/><E1/><V46/><F69/><W0/><G75/><T106/><D45/><U57/><E100/><V40/><F109/><W89/><G36/><T3/><D3/><U12/><E70/><V7/><F128/><W11/><G0/><T132/><D132/><U61/><E44/><V108/><F108/><W29/><G89/><T37/><D37/><U18/><E134/><V2/><F2/><W64/><G55/><T114/><D114/><U30/><E30/><V8/><F135/><W51/><G51/><T81/><D106/><U52/><E67/><V124/><F124/><W78/><G78/><T31/><REACH who="0" step="1"/><D96/><REACH who="0" ten="311,82,337,250" step="2"/><U35/><E35/><V117/><F117/><W32/><G32/><T103/><AGARI ba="2,2" hai="17,23,26,28,31,74,77,81,82,84,90,93,98,103" machi="103" ten="20,5200,0" yaku="1,1,2,1,0,1,7,1,53,0" doraHai="129" doraHaiUra="50" who="0" fromWho="0" sc="311,78,82,-15,337,-15,250,-28" /><INIT seed="4,0,0,2,4,97" ten="389,67,322,222" oya="0" hai0="3,59,72,12,81,106,114,109,57,9,27,32,58" hai1="129,86,134,47,43,91,49,122,13,84,110,98,88" hai2="71,124,54,115,132,18,76,4,53,34,70,111,78" hai3="2,52,99,37,44,67,64,46,6,16,55,103,10"/><T22/><D106/><U94/><E110/><V19/><F111/><W133/><G133/><T87/><D109/><U96/><E134/><V33/><F132/><W121/><G121/><T113/><D72/><U17/><E129/><V63/><F63/><W66/><G16/><T8/><D32/><U42/><E42/><V51/><F51/><W73/><G73/><T123/><D3/><U90/><E90/><V60/><F60/><W20/><G20/><T105/><D105/><U5/><E5/><V116/><F4/><W108/><G108/><T126/><D126/><U38/><E38/><V80/><F80/><W25/><G25/><T128/><D128/><U83/><REACH who="1" step="1"/><E122/><REACH who="1" ten="389,57,322,222" step="2"/><V21/><F124/><W28/><G37/><T29/><D123/><U112/><E112/><V92/><F115/><W1/><G1/><T31/><D113/><U77/><E77/><V40/><F40/><W11/><G2/><T50/><D114/><U101/><E101/><V41/><F41/><W56/><G6/><T135/><D135/><U48/><E48/><V117/><F76/><W30/><G103/><T93/><D50/><U7/><E7/><V45/><F78/><W74/><G11/><AGARI ba="0,1" hai="11,13,17,43,47,49,83,84,86,88,91,94,96,98" machi="11" ten="30,7700,0" yaku="1,1,7,1,8,1,54,1,53,0" doraHai="97" doraHaiUra="61" who="1" fromWho="3" sc="389,0,57,87,322,0,222,-77" /><INIT seed="5,0,0,0,4,100" ten="389,144,322,145" oya="1" hai0="33,24,74,30,22,98,67,59,35,119,50,66,77" hai1="55,1,75,28,49,0,109,89,19,92,126,48,79" hai2="84,29,9,94,118,47,90,21,114,52,88,134,97" hai3="46,117,103,16,125,80,113,11,99,81,3,86,15"/><U124/><E28/><V105/><F118/><W72/><G113/><T57/><D119/><U101/><E109/><V121/><F121/><W76/><G117/><T93/><D74/><U107/><E19/><V12/><F134/><W41/><G125/><N who="1" m="48234" /><E79/><V36/><F36/><W70/><G70/><T63/><D77/><U85/><E75/><V53/><F114/><W131/><G131/><T56/><D50/><N who="1" m="19563" /><E55/><V14/><F47/><W122/><G122/><T45/><D45/><U20/><E20/><V51/><F51/><W18/><G3/><N who="1" m="1098" /><E101/><V32/><F21/><W25/><G81/><T5/><D5/><U102/><E102/><V112/><F53/><W110/><G110/><T65/><REACH who="0" step="1"/><D63/><REACH who="0" ten="379,144,322,145" step="2"/><U64/><E64/><V83/><F112/><W106/><G72/><T68/><D68/><U104/><AGARI ba="0,1" hai="85,89,92,104,107" m="1098,19563,48234" machi="104" ten="40,7800,0" yaku="18,1,52,2" doraHai="100" who="1" fromWho="1" sc="379,-26,144,88,322,-26,145,-26" /><INIT seed="5,1,0,0,3,38" ten="353,232,296,119" oya="1" hai0="9,63,116,43,76,130,104,39,98,121,15,53,117" hai1="131,125,46,40,78,42,21,27,10,37,95,4,101" hai2="56,8,44,73,62,120,36,109,1,91,70,32,87" hai3="103,2,72,94,19,6,112,61,110,82,96,106,118"/><U85/><E131/><V86/><F109/><W30/><G110/><T66/><D130/><U47/><E125/><V16/><F32/><W14/><G112/><T54/><D76/><U123/><E123/><V23/><F73/><W81/><G118/><T115/><D115/><U28/><E101/><V133/><F133/><W49/><G2/><T111/><D111/><U48/><E78/><V51/><F36/><W102/><G30/><T88/><D104/><U34/><E95/><V12/><F70/><W114/><G6/><T35/><D35/><U68/><E68/><V13/><F1/><W79/><G82/><T135/><D135/><U24/><E85/><V132/><F91/><W0/><G0/><T84/><D39/><U99/><E10/><V90/><F90/><W75/><G61/><T3/><D43/><U124/><E124/><V58/><F58/><W128/><G128/><T71/><D3/><U126/><E126/><V33/><F33/><W127/><G114/><T77/><D98/><U50/><E4/><N who="2" m="3079" /><F120/><W31/><G75/><T69/><D77/><U5/><E5/><V17/><F17/><W97/><G127/><T57/><D69/><U122/><E37/><V83/><F83/><W100/><G31/><T80/><D121/><U18/><E122/><V67/><F132/><W60/><G60/><N who="0" m="35887" /><D54/><AGARI ba="1,0" hai="13,16,23,44,51,54,56,62,67,86,87" m="3079" machi="54" ten="30,2000,0" yaku="8,1,54,1" doraHai="38" who="2" fromWho="0" sc="353,-23,232,0,296,23,119,0" /><INIT seed="6,0,0,0,3,56" ten="330,232,319,119" oya="2" hai0="95,115,105,18,102,117,16,76,103,44,29,65,81" hai1="121,66,113,122,0,134,23,89,93,58,61,82,85" hai2="118,34,41,98,43,20,104,120,78,77,73,28,87" hai3="36,38,14,119,7,108,11,84,52,86,135,48,97"/><V130/><F120/><N who="1" m="46185" /><E113/><V124/><F118/><W94/><G135/><T110/><D105/><U50/><E134/><V112/><F34/><W46/><G108/><T88/><D110/><U80/><E0/><V83/><F112/><W126/><G119/><T33/><D115/><U99/><E50/><V17/><F28/><W131/><G131/><T129/><D129/><U60/><E23/><V62/><F124/><W100/><G126/><T74/><D65/><N who="1" m="39063" /><E85/><V2/><F2/><W10/><G10/><T51/><D117/><U19/><E19/><V72/><F20/><W63/><G84/><T49/><D49/><U1/><E1/><V30/><F17/><W12/><G12/><T47/><D47/><U31/><E31/><V106/><F30/><W70/><REACH who="3" step="1"/><G86/><REACH who="3" ten="330,232,319,109" step="2"/><T127/><D127/><U35/><E35/><V71/><F87/><W125/><G125/><T79/><D79/><U21/><E21/><V45/><F78/><W13/><G13/><T90/><D33/><U101/><E101/><V55/><F77/><W57/><G57/><AGARI ba="0,1" hai="57,61,66,80,82,89,93,99" m="39063,46185" machi="57" ten="30,3900,0" yaku="13,1,52,2" doraHai="56" who="1" fromWho="3" sc="330,0,232,49,319,0,109,-39" /><INIT seed="7,0,0,0,2,98" ten="330,281,319,70" oya="3" hai0="5,92,105,31,123,126,39,129,37,40,131,38,28" hai1="24,41,93,130,69,103,86,108,91,1,89,120,6" hai2="7,26,87,111,81,45,119,51,44,27,95,107,70" hai3="21,121,77,100,85,118,63,52,23,101,94,22,54"/><W61/><G121/><T15/><D123/><U104/><E120/><V82/><F107/><W42/><G118/><T106/><D126/><U17/><E108/><V113/><F111/><W96/><G42/><T97/><D40/><U72/><E69/><V116/><F70/><W19/><G19/><T50/><D50/><U135/><E72/><V75/><F113/><W18/><G18/><T124/><D124/><U133/><E130/><N who="0" m="49673" /><D5/><U32/><E41/><V71/><F71/><W58/><G101/><N who="0" m="60583" /><D15/><U62/><E62/><V68/><F68/><W64/><REACH who="3" step="1"/><G63/><REACH who="3" ten="330,281,319,60" step="2"/><T74/><D74/><U59/><E17/><V25/><F75/><W56/><G56/><T78/><D78/><U35/><E59/><V57/><F57/><W110/><G110/><T88/><D88/><U10/><E91/><V65/><F116/><W33/><G33/><T80/><D80/><AGARI ba="0,1" hai="21,22,23,52,54,58,61,64,77,80,85,94,96,100" machi="80" ten="40,12000,1" yaku="1,1,8,1,52,1,54,1,53,0" doraHai="98" doraHaiUra="36" who="3" fromWho="0" sc="330,-120,281,0,319,0,60,130" /><INIT seed="7,1,0,2,4,50" ten="210,281,319,190" oya="3" hai0="0,21,25,39,99,13,15,94,10,97,58,8,92" hai1="117,29,75,122,116,33,12,110,82,124,62,100,45" hai2="41,115,6,20,32,24,79,56,16,85,57,40,125" hai3="46,11,42,4,133,28,77,18,80,23,109,71,68"/><W38/><G133/><T69/><D69/><U47/><E110/><V7/><F32/><W93/><G109/><T108/><D39/><U64/><E122/><V114/><F125/><W119/><G119/><N who="1" m="45642" /><E12/><N who="0" m="4681" /><D0/><U3/><E100/><V132/><F85/><W44/><G28/><N who="0" m="17455" /><D108/><U30/><E3/><V1/><F79/><W51/><G93/><N who="0" m="35947" /><D58/><N who="1" m="36951" /><E124/><V49/><F57/><W66/><G66/><T61/><D61/><U43/><E33/><V76/><F56/><W72/><G23/><T111/><D111/><U2/><E2/><V36/><F1/><N who="3" m="399" /><G18/><T67/><D67/><U27/><E27/><V48/><F132/><W74/><G74/><T107/><D107/><U98/><E98/><AGARI ba="1,0" hai="8,10,97,98,99" m="35947,17455,4681" machi="98" ten="30,1000,0" yaku="8,1" doraHai="50" who="0" fromWho="1" sc="210,13,281,-13,319,0,190,0" owari="223,-17.7,268,6.8,319,41.9,190,-31.0" /></mjloggm>