<mjloggm ver="2.3"><GO type="169" lobby="0"/><UN n0="%67%6F%72%64%6F%6E%31%33" n1="%E9%9B%A8%E6%9C%88%E3%81%A4%E3%82%86" n2="%6D%73%64%31%31%32%30" n3="%E3%81%9D%E3%82%93%E3%81%97%E6%A7%98" dan="16,16,17,18" rate="2144.06,2120.90,2217.41,2246.56" sx="M,M,M,M"/><TAIKYOKU oya="0"/><INIT seed="0,0,0,5,1,72" ten="250,250,250,250" oya="0" hai0="31,15,37,19,23,6,133,74,103,66,50,121,135" hai1="93,115,73,79,80,1,14,91,89,44,49,68,90" hai2="123,65,124,128,81,33,69,29,114,82,67,117,85" hai3="76,46,3,75,52,16,84,0,111,24,60,40,38"/><T120/><D37/><U51/><E1/><V22/><F128/><W47/><G111/><T95/><D66/><U77/><E68/><V96/><F124/><W58/><G75/><T26/><D50/><U5/><E115/><V17/><F96/><W122/><G46/><T34/><D74/><U108/><E108/><V8/><F8/><W98/><G98/><T4/><D95/><U54/><E93/><V116/><F123/><N who="0" m="47178" /><D103/><U102/><E102/><V10/><F10/><W130/><G130/><T59/><D59/><N who="1" m="33231" /><E14/><V113/><F69/><W28/><G122/><T110/><D110/><U101/><E5/><AGARI ba="0,0" hai="4,5,6,15,19,23,26,31,34,133,135" m="47178" machi="5" ten="30,2900,0" yaku="34,2" doraHai="72" who="0" fromWho="1" sc="250,29,250,-29,250,0,250,0" /><INIT seed="0,1,0,5,1,123" ten="279,221,250,250" oya="0" hai0="47,96,129,76,128,72,70,91,122,77,73,83,4" hai1="67,94,92,30,34,79,56,48,86,21,108,19,42" hai2="53,127,15,114,84,11,133,81,50,116,0,104,59" hai3="78,97,57,64,124,99,68,115,89,29,125,31,103"/><T51/><D70/><U36/><E36/><V37/><F37/><W85/><G68/><T14/><D122/><U65/><E34/><V90/><F133/><W110/><G115/><T25/><D25/><U71/><E30/><V66/><F127/><N who="3" m="48715" /><G78/><T6/><D14/><U55/><E71/><V35/><F35/><W39/><G39/><T22/><D22/><U23/><E42/><V52/><F104/><N who="3" m="63599" /><G99/><T46/><D96/><U121/><E121/><V62/><F0/><W98/><G98/><T28/><D91/><U44/><E44/><V117/><F114/><W12/><G12/><T18/><D18/><U132/><E132/><V16/><REACH who="2" step="1"/><F53/><REACH who="2" ten="279,221,240,250" step="2"/><W38/><G38/><T26/><D128/><U60/><E65/><V88/><F88/><W32/><G32/><T10/><D129/><U63/><E67/><V49/><F49/><W7/><G64/><T45/><D51/><U109/><E79/><V113/><F113/><W119/><G89/><T126/><D126/><U105/><E105/><V8/><F8/><W33/><G33/><T82/><D10/><U75/><E48/><V131/><F131/><W61/><G61/><T1/><D1/><U3/><E3/><V40/><F40/><W17/><G119/><T112/><D112/><U9/><E63/><V69/><AGARI ba="1,1" hai="11,15,16,50,52,59,62,66,69,81,84,90,116,117" machi="69" ten="30,7900,0" yaku="1,1,0,1,54,2,53,0" doraHai="123" doraHaiUra="27" who="2" fromWho="2" sc="279,-40,221,-21,240,92,250,-21" /><INIT seed="1,0,0,1,3,105" ten="239,200,332,229" oya="1" hai0="106,36,42,1,117,109,76,22,34,3,39,60,72" hai1="21,10,115,32,77,20,123,125,8,28,35,93,102" hai2="81,33,25,5,132,92,62,56,89,47,67,26,14" hai3="135,30,127,29,63,75,55,38,99,6,18,90,24"/><U134/><E115/><V9/><F33/><W79/><G38/><T16/><D117/><U74/><E123/><V108/><F108/><W54/><G6/><T44/><D36/><U40/><E40/><V48/><F81/><W80/><G127/><T45/><D34/><U110/><E125/><V130/><F132/><W100/><G135/><T84/><D109/><U31/><E134/><V96/><REACH who="2" step="1"/><F130/><REACH who="2" ten="239,200,322,229" step="2"/><W52/><G63/><T107/><D60/><U101/><E110/><V66/><F66/><W49/><G49/><T58/><D39/><U69/><E93/><V61/><F61/><W71/><G71/><T68/><D68/><U95/><E95/><V27/><F27/><W122/><G122/><T23/><D106/><U11/><E69/><V70/><F70/><W83/><G83/><T97/><D107/><U98/><E32/><V87/><F87/><W82/><G82/><T121/><D84/><U57/><E35/><V104/><F104/><W94/><REACH who="3" step="1"/><G100/><REACH who="3" ten="239,200,322,219" step="2"/><T113/><D121/><U53/><E101/><V129/><F129/><W114/><G114/><T7/><D113/><U19/><E102/><V88/><F88/><W120/><G120/><T43/><D76/><U103/><E103/><V17/><F17/><W37/><G37/><T78/><D78/><U111/><E111/><V124/><F124/><W85/><G85/><T112/><D16/><U15/><E98/><V128/><F128/><W51/><G51/><T119/><D97/><U64/><E64/><V46/><F46/><W0/><G0/><T73/><D112/><U91/><E91/><V86/><F86/><RYUUKYOKU ba="0,2" sc="239,-15,200,-15,322,15,219,15" hai2="5,9,14,25,26,47,48,56,62,67,89,92,96" hai3="18,24,29,30,52,54,55,75,79,80,90,94,99" /><INIT seed="2,1,2,3,0,72" ten="224,185,337,234" oya="2" hai0="52,49,134,109,43,82,17,61,87,32,110,67,20" hai1="19,70,116,133,35,128,62,15,26,28,2,96,97" hai2="86,39,88,113,64,38,101,47,51,118,73,13,12" hai3="90,121,25,58,60,21,27,80,8,63,79,75,37"/><V36/><F118/><W115/><G121/><T123/><D32/><U132/><E116/><V29/><F73/><W44/><G115/><T106/><D106/><U127/><E2/><V98/><F64/><W103/><G103/><T31/><D31/><U10/><E127/><V59/><F59/><W135/><G135/><N who="1" m="51786" /><E128/><V105/><F29/><W30/><G90/><T33/><D43/><U100/><E100/><V16/><F113/><W108/><G108/><N who="0" m="41579" /><D33/><U45/><E45/><V130/><F16/><W57/><G27/><T107/><D107/><U42/><E42/><V94/><REACH who="2" step="1"/><F130/><REACH who="2" ten="224,185,327,234" step="2"/><W68/><G58/><N who="0" m="33039" /><D134/><U56/><E70/><V1/><F1/><W81/><G68/><T119/><D119/><U11/><E11/><V92/><F92/><W111/><G8/><T65/><D123/><U124/><E124/><V48/><F48/><W14/><G111/><T76/><D61/><U46/><E46/><V114/><F114/><W120/><G120/><T55/><D55/><AGARI ba="1,3" hai="10,15,19,26,28,35,55,56,62,96,97" m="51786" machi="55" ten="30,1000,0" yaku="20,1" doraHai="72" who="1" fromWho="0" sc="224,-13,185,43,327,0,234,0" /><AGARI ba="1,0" hai="12,13,36,38,39,47,51,55,86,88,94,98,101,105" machi="55" ten="40,3900,0" yaku="1,1,54,1,53,0" doraHai="72" doraHaiUra="24" who="2" fromWho="0" sc="211,-39,228,0,327,39,234,0" /><INIT seed="2,2,0,3,3,123" ten="172,228,366,234" oya="2" hai0="84,40,55,99,2,129,120,82,119,115,66,94,35" hai1="86,19,116,83,96,79,77,75,11,8,10,61,104" hai2="88,48,124,105,42,131,78,25,134,70,39,76,126" hai3="125,34,58,93,24,57,52,101,87,54,59,71,27"/><V102/><F70/><W13/><G125/><N who="2" m="48233" /><F39/><W127/><G71/><T6/><D120/><U73/><E116/><V90/><F25/><W51/><G127/><T67/><D115/><U118/><E118/><V37/><F37/><W121/><G121/><T100/><D119/><U53/><E19/><V0/><F0/><W64/><G64/><T74/><D35/><U1/><E1/><V47/><F134/><W20/><G34/><T9/><D129/><U133/><E133/><V56/><F131/><W109/><G13/><T112/><D40/><U7/><E7/><V28/><F56/><W46/><G27/><T81/><D112/><U33/><E33/><V60/><F60/><W128/><G128/><T15/><D2/><U80/><E61/><V97/><F28/><W135/><G135/><T130/><D130/><U45/><E45/><V122/><F122/><W12/><G12/><T16/><D6/><U43/><E43/><V69/><F69/><W107/><G58/><T85/><D74/><U92/><E104/><V38/><F38/><W89/><G54/><T63/><D55/><U4/><E4/><V41/><F41/><W106/><G106/><T44/><D44/><U50/><E53/><V108/><F108/><W98/><REACH who="3" step="1"/><G109/><REACH who="3" ten="172,228,366,224" step="2"/><T29/><D67/><U49/><REACH who="1" step="1"/><E75/><REACH who="1" ten="172,218,366,224" step="2"/><V65/><F65/><W17/><AGARI ba="2,2" hai="17,20,24,46,51,52,57,59,87,89,93,98,101,107" machi="17" ten="20,8000,1" yaku="1,1,2,1,0,1,7,1,54,1,53,0" doraHai="123" doraHaiUra="117" who="3" fromWho="3" sc="172,-22,218,-22,366,-42,224,106" /><INIT seed="3,0,0,4,0,70" ten="150,196,324,330" oya="3" hai0="81,47,83,79,129,43,114,54,28,45,93,72,64" hai1="109,71,75,27,38,63,15,108,86,85,13,125,56" hai2="122,62,42,26,6,131,23,87,35,31,90,37,58" hai3="92,101,110,107,1,57,111,74,65,69,39,100,49"/><W0/><G74/><T106/><D129/><U44/><E75/><V16/><F131/><W10/><G107/><T19/><D106/><U133/><E71/><V80/><F6/><W67/><G69/><T25/><D64/><N who="3" m="24649" /><G92/><T124/><D124/><U112/><E112/><V48/><F48/><W24/><G24/><T9/><D114/><U21/><E125/><V88/><F122/><W120/><G10/><T61/><D93/><U98/><E98/><V18/><F90/><W99/><G99/><T105/><D83/><U68/><E68/><V118/><F118/><W126/><G120/><T134/><D105/><U22/><E27/><V12/><F18/><W76/><G76/><T46/><D134/><U115/><E115/><V78/><F78/><W5/><G5/><T8/><D19/><U41/><E133/><V77/><F77/><W4/><G4/><T36/><D46/><U103/><E103/><N who="3" m="39498" /><G126/><T20/><REACH who="0" step="1"/><D45/><REACH who="0" ten="140,196,324,330" step="2"/><U60/><E44/><V66/><F42/><W121/><G121/><T11/><D11/><U135/><E41/><V73/><F73/><W113/><G113/><T14/><D14/><U96/><E135/><V3/><F3/><W30/><G0/><T40/><D40/><U91/><E13/><V127/><F127/><W50/><G1/><T130/><D130/><U117/><E15/><V84/><F87/><W29/><G111/><T51/><D51/><U132/><E86/><V55/><F66/><W104/><G50/><T33/><D33/><U94/><E85/><V59/><F58/><AGARI ba="0,1" hai="8,9,20,25,28,36,43,47,54,58,61,72,79,81" machi="58" ten="40,2600,0" yaku="1,1,52,1,53,0" doraHai="70" doraHaiUra="34" who="0" fromWho="2" sc="140,36,196,0,324,-26,330,0" /><INIT seed="4,0,0,1,3,57" ten="176,196,298,330" oya="0" hai0="54,66,78,94,116,117,68,93,108,4,29,110,53" hai1="111,69,39,25,130,112,21,106,82,90,84,47,75" hai2="113,73,23,48,122,92,133,107,126,74,119,8,56" hai3="129,101,97,7,59,37,52,77,105,118,81,72,14"/><T76/><D29/><U41/><E111/><N who="0" m="42537" /><D4/><U26/><E106/><V35/><F23/><W2/><G129/><T99/><D66/><U16/><E69/><V124/><F8/><W34/><G118/><N who="0" m="45675" /><D68/><U89/><E75/><V31/><F92/><N who="0" m="35434" /><D99/><U22/><E130/><V98/><F48/><W104/><G34/><T67/><D67/><U24/><E112/><V36/><F56/><W100/><G7/><T20/><D20/><U1/><E1/><V13/><F13/><W115/><G14/><T125/><D125/><U11/><E11/><V62/><F98/><W80/><G2/><T96/><D96/><U38/><E24/><V50/><F31/><W9/><G97/><T44/><D44/><U109/><E109/><V5/><F5/><W61/><G9/><T32/><D32/><U85/><E47/><V27/><F35/><W87/><G105/><T58/><D58/><U88/><E41/><V79/><F107/><W71/><G104/><T10/><D10/><U131/><E131/><V86/><F119/><W51/><G71/><T132/><D132/><U64/><E64/><V128/><F133/><W40/><G40/><T60/><D60/><U114/><E114/><V49/><F126/><W15/><G115/><T42/><D42/><U18/><REACH who="1" step="1"/><E89/><REACH who="1" ten="176,186,298,330" step="2"/><V43/><F113/><W28/><G59/><T33/><D33/><U63/><E63/><V123/><F124/><W83/><G61/><T46/><D46/><U103/><E103/><V135/><F62/><W91/><G101/><T120/><D120/><U65/><E65/><V127/><F123/><W102/><G102/><RYUUKYOKU ba="0,1" sc="176,15,186,15,298,-15,330,-15" hai0="53,54,76,78" hai1="16,18,21,22,25,26,38,39,82,84,85,88,90" /><INIT seed="4,1,1,2,4,12" ten="191,201,283,315" oya="0" hai0="127,87,48,77,122,59,22,28,100,14,76,20,84" hai1="70,43,72,39,79,101,89,41,18,11,5,53,13" hai2="104,94,36,17,33,109,58,117,29,27,19,116,25" hai3="49,64,130,134,119,35,80,26,9,120,75,61,16"/><T65/><D127/><U78/><E70/><V57/><F104/><W99/><G119/><N who="2" m="45641" /><F36/><W98/><G35/><T10/><D122/><U107/><E39/><V0/><F0/><W85/><G75/><T106/><D106/><U63/><E72/><V92/><F109/><W1/><G1/><T126/><D126/><U62/><E101/><V81/><F81/><W32/><G32/><T74/><D100/><U4/><E107/><V50/><F25/><W54/><G130/><T103/><D103/><U108/><E108/><V105/><F105/><W93/><G134/><T21/><D28/><U83/><E89/><V66/><F58/><N who="3" m="36919" /><G93/><N who="2" m="35945" /><F50/><W102/><G102/><T135/><D135/><U67/><E67/><V2/><F2/><W97/><G120/><T42/><D65/><U55/><E83/><V40/><F40/><N who="1" m="15433" /><E62/><AGARI ba="1,1" hai="17,19,27,29,33,57,62,66" m="35945,45641" machi="62" ten="30,3900,0" yaku="12,1,52,2" doraHai="12" who="2" fromWho="1" sc="191,0,201,-42,283,52,315,0" /><INIT seed="5,0,0,3,1,110" ten="191,159,335,315" oya="1" hai0="82,41,32,30,44,23,25,60,27,24,33,81,58" hai1="129,85,107,16,48,77,37,135,109,97,94,92,78" hai2="54,83,134,22,84,1,15,21,39,57,111,74,71" hai3="104,91,128,51,108,115,88,80,98,124,64,90,5"/><U31/><E129/><V130/><F134/><W87/><G108/><T133/><D133/><U29/><E135/><V38/><F71/><W73/><G64/><T61/><D33/><U116/><E116/><V119/><F119/><W99/><G5/><T89/><D61/><U95/><E37/><V121/><F111/><W67/><G51/><T46/><D46/><U132/><E132/><V112/><F1/><W55/><G55/><T126/><D126/><U19/><E109/><V118/><F130/><W2/><G67/><T101/><D101/><U103/><E48/><V86/><F74/><W75/><G2/><T12/><D12/><U26/><E85/><V123/><F121/><W50/><G50/><T11/><D11/><U40/><E40/><V4/><F38/><W9/><G124/><T13/><D13/><U68/><E68/><V34/><F34/><W43/><G9/><T131/><D131/><U102/><E26/><V72/><F72/><W62/><G43/><T47/><D25/><U36/><E36/><V28/><F39/><W14/><G75/><T127/><D127/><U105/><E95/><V6/><F123/><W35/><G73/><T8/><D27/><U59/><REACH who="1" step="1"/><E59/><REACH who="1" ten="191,149,335,315" step="2"/><V53/><F57/><W45/><G87/><T20/><D41/><U122/><E122/><V70/><F86/><W117/><G117/><T66/><D44/><U79/><E79/><V42/><F84/><W76/><G45/><T7/><D47/><U56/><E56/><V120/><F70/><W63/><G128/><T125/><D125/><U10/><E10/><V69/><F118/><RYUUKYOKU ba="0,1" sc="191,-10,149,30,335,-10,315,-10" hai1="16,19,29,31,77,78,92,94,97,102,103,105,107" /><INIT seed="5,1,1,1,4,82" ten="181,179,325,305" oya="1" hai0="39,131,105,71,19,37,125,132,61,104,76,22,110" hai1="30,0,20,33,66,100,83,112,89,49,14,25,3" hai2="44,114,99,73,41,103,23,57,9,51,87,35,120" hai3="91,70,108,124,48,40,126,67,109,27,74,69,106"/><U129/><E112/><V135/><F120/><W128/><G74/><T55/><D110/><N who="3" m="42601" /><G106/><T102/><D125/><N who="3" m="48233" /><G27/><T77/><D131/><U56/><E129/><V12/><F73/><W2/><G2/><T85/><D132/><U24/><E100/><V38/><F35/><W98/><G67/><T54/><D102/><U4/><E14/><V80/><F23/><W72/><G72/><T68/><D22/><U64/><E64/><V63/><F114/><W46/><G128/><T101/><D101/><U1/><E4/><V34/><F34/><W130/><G130/><T122/><D122/><U32/><E32/><V60/><F38/><W96/><G91/><T116/><D61/><U42/><E66/><V15/><F15/><W59/><G59/><T36/><D36/><U94/><E56/><V88/><F57/><W28/><G28/><T119/><REACH who="0" step="1"/><D19/><REACH who="0" ten="171,179,325,305" step="2"/><U133/><E133/><V21/><F21/><W10/><G10/><T118/><D118/><U58/><E20/><V6/><F135/><W13/><G70/><T29/><D29/><U97/><E25/><V16/><F6/><W81/><G69/><T84/><AGARI ba="1,2" hai="37,39,54,55,68,71,76,77,84,85,104,105,116,119" machi="84" ten="25,12000,2" yaku="1,1,0,1,22,2,52,2,53,0" doraHai="82" doraHaiUra="26" who="0" fromWho="0" sc="171,143,179,-61,325,-31,305,-31" /><INIT seed="6,0,0,4,4,99" ten="314,118,294,274" oya="2" hai0="29,49,13,65,74,20,100,125,102,0,56,117,82" hai1="66,46,119,75,110,78,118,83,116,134,10,23,89" hai2="28,67,45,54,50,5,1,97,111,122,69,64,126" hai3="21,14,7,131,15,58,93,76,91,6,53,121,48"/><V77/><F122/><W113/><G121/><T36/><D36/><U98/><E66/><V124/><F77/><W73/><G131/><T3/><D125/><N who="2" m="48234" /><F111/><W86/><G113/><T9/><D117/><U40/><E110/><V80/><F28/><W37/><G37/><T35/><D74/><U92/><E23/><V96/><F80/><W101/><G73/><T33/><D33/><U12/><E134/><V8/><F69/><W26/><G76/><T132/><D132/><U112/><E112/><V128/><F128/><W104/><G104/><T27/><D82/><U38/><REACH who="1" step="1"/><E116/><REACH who="1" ten="314,108,294,274" step="2"/><V30/><F67/><W108/><G108/><T55/><D65/><U94/><E94/><V70/><F64/><W62/><G93/><T135/><D135/><U85/><E85/><V17/><F70/><W129/><G86/><T68/><D68/><U52/><E52/><V130/><F130/><W61/><G53/><T59/><D20/><U4/><AGARI ba="0,1" hai="4,10,12,38,40,46,75,78,83,89,92,98,118,119" machi="4" ten="20,2700,0" yaku="1,1,0,1,7,1,53,0" doraHai="99" doraHaiUra="103" who="1" fromWho="1" sc="314,-7,108,37,294,-13,274,-7" /><INIT seed="7,0,0,4,0,99" ten="307,145,281,267" oya="3" hai0="56,9,62,48,23,41,81,77,107,92,13,100,44" hai1="5,37,14,45,22,106,17,118,112,8,20,28,35" hai2="25,63,65,33,91,129,133,79,94,71,7,2,18" hai3="19,49,3,30,135,6,47,1,126,80,131,105,57"/><W83/><G105/><T31/><D107/><U82/><E112/><V69/><F133/><W115/><G115/><T15/><D100/><U67/><E67/><V102/><F129/><W86/><G135/><T12/><D92/><U128/><E128/><V90/><F79/><W130/><G126/><T116/><D116/><U42/><E118/><V101/><F71/><W46/><G30/><T97/><D97/><U40/><E40/><V39/><F39/><W53/><G80/><T110/><D23/><U84/><E106/><V26/><F91/><W88/><G130/><T93/><D93/><U104/><E104/><V95/><F95/><W78/><G131/><T16/><D31/><U108/><E108/><V32/><F2/><W0/><G6/><T50/><D50/><U125/><E125/><V120/><F7/><W51/><G19/><T24/><D24/><N who="2" m="9322" /><F18/><W76/><REACH who="3" step="1"/><G57/><REACH who="3" ten="307,145,281,257" step="2"/><T10/><D16/><U96/><E28/><V114/><F114/><W58/><G58/><T124/><D124/><U85/><E35/><V121/><F32/><W61/><G61/><T74/><D110/><U59/><E59/><V36/><F33/><W34/><G34/><T98/><D62/><U60/><E60/><V123/><F36/><W75/><G75/><T117/><D56/><U52/><E82/><V103/><F94/><W73/><G73/><T111/><D117/><U89/><E5/><V21/><F21/><N who="1" m="8297" /><E52/><AGARI ba="0,1" hai="0,1,3,46,47,49,51,52,53,76,78,83,86,88" machi="52" ten="40,12000,1" yaku="1,1,9,1,54,2,53,0" doraHai="99" doraHaiUra="66" who="3" fromWho="1" sc="307,0,145,-120,281,0,257,130" owari="307,10.7,25,-47.5,281,-11.9,387,48.7" /></mjloggm>