<mjloggm ver="2.3"><GO type="169" lobby="0"/><UN n0="%E7%AE%B1%E4%B8%8B%E3%81%AE%E3%82%B1%E3%83%B3%E5%9D%8A" n1="%E3%81%A7%E3%82%93%E3%81%A4%E3%81%86" n2="%E3%81%8A%E3%81%98%E3%81%95%E3%82%93" n3="%E5%85%A8%E9%80%9F%E3%82%86%E3%83%BC%E3%81%B8%E3%81%84" dan="16,18,19,18" rate="2148.29,2199.52,2279.22,2239.05" sx="M,M,M,M"/><TAIKYOKU oya="0"/><INIT seed="0,0,0,1,5,132" ten="250,250,250,250" oya="0" hai0="59,47,69,45,107,16,114,64,22,7,101,71,48" hai1="58,51,127,41,126,11,35,19,3,106,63,124,90" hai2="133,121,9,70,94,15,73,80,96,78,65,88,32" hai3="42,123,86,116,43,10,95,111,92,37,13,17,131"/><T36/><D114/><U33/><E106/><V118/><F121/><W57/><G116/><T81/><D7/><N who="1" m="1535" /><E19/><V129/><F129/><W2/><G111/><T128/><D128/><U102/><E102/><V25/><F133/><W50/><G131/><T28/><D28/><U134/><E134/><V39/><F39/><W66/><G37/><T40/><D81/><U100/><E100/><V6/><F118/><W113/><G113/><T54/><D101/><U23/><E23/><V130/><F130/><W110/><G110/><T135/><D107/><U97/><E51/><V12/><F12/><W83/><G2/><T31/><D31/><U0/><E41/><N who="3" m="15370" /><G123/><T109/><D109/><U4/><E4/><V122/><F122/><W72/><G72/><T1/><D1/><U53/><E0/><V38/><F38/><W108/><G108/><T103/><D103/><U75/><E75/><V93/><F93/><AGARI ba="0,0" hai="33,35,53,58,63,90,93,97,124,126,127" m="1535" machi="93" ten="30,7700,0" yaku="18,1,52,3" doraHai="132" who="1" fromWho="2" sc="250,0,250,77,250,-77,250,0" /><INIT seed="1,0,0,0,0,55" ten="250,327,173,250" oya="1" hai0="32,98,1,20,99,9,121,15,87,117,134,26,101" hai1="14,82,37,113,67,29,68,72,7,125,49,114,3" hai2="86,71,118,109,31,104,69,102,4,16,19,73,60" hai3="61,57,45,48,107,93,5,84,34,22,127,44,41"/><U112/><E37/><V30/><F73/><W129/><G34/><T131/><D117/><U24/><E125/><V13/><F118/><W128/><G107/><T18/><D131/><N who="3" m="50249" /><G5/><T76/><D134/><U39/><E39/><V95/><F109/><W126/><G22/><T75/><D75/><U38/><E38/><V105/><F4/><W23/><G23/><T28/><D121/><U119/><E119/><V25/><F31/><W108/><G108/><T42/><D42/><U66/><E3/><V100/><F100/><W64/><G45/><T110/><D110/><U88/><E68/><V62/><F19/><W35/><G35/><T80/><D101/><U81/><E81/><V54/><F71/><W70/><G70/><T43/><D43/><U92/><E49/><V124/><F124/><N who="3" m="47659" /><G84/><T123/><D123/><U58/><E7/><AGARI ba="0,0" hai="1,7,9,15,18,20,26,28,32,76,80,87,98,99" machi="7" ten="40,2600,0" yaku="24,2" doraHai="55" who="0" fromWho="1" sc="250,26,327,-26,173,0,250,0" /><INIT seed="2,0,0,0,2,129" ten="276,301,173,250" oya="2" hai0="18,0,62,100,116,88,70,89,30,93,102,103,104" hai1="27,121,80,66,52,69,60,42,21,34,120,72,90" hai2="71,78,15,65,1,11,22,19,23,29,47,2,114" hai3="40,126,58,117,6,35,53,87,79,96,76,110,39"/><V118/><F114/><W119/><G35/><T17/><D104/><U124/><E34/><V36/><F118/><W63/><G110/><T74/><D74/><U13/><E42/><V85/><F71/><W37/><G126/><T14/><D0/><U125/><E13/><V45/><F65/><W112/><G112/><T111/><D111/><U38/><E38/><V33/><F23/><W81/><G6/><T75/><D75/><U49/><E90/><V83/><F36/><W97/><G39/><T26/><D116/><U113/><E80/><V7/><REACH who="2" step="1"/><F1/><REACH who="2" ten="276,301,163,250" step="2"/><W31/><G119/><T134/><D70/><U59/><E113/><V84/><F84/><W41/><G117/><T51/><D30/><N who="1" m="17775" /><E72/><V9/><F9/><W135/><G31/><T61/><D26/><AGARI ba="0,1" hai="2,7,11,15,19,22,26,29,33,45,47,78,83,85" machi="26" ten="40,7700,0" yaku="1,1,24,2,53,0" doraHai="129" doraHaiUra="48" who="2" fromWho="0" sc="276,-77,301,0,163,87,250,0" /><INIT seed="2,1,0,1,2,86" ten="199,301,250,250" oya="2" hai0="131,4,84,5,70,47,2,99,26,78,124,12,127" hai1="66,41,64,42,67,48,55,77,19,34,8,62,97" hai2="35,7,103,128,120,79,95,29,107,100,105,45,30" hai3="51,111,27,20,40,32,9,134,18,37,71,52,0"/><V101/><F120/><W122/><G122/><T68/><D2/><U61/><E34/><V38/><F128/><W115/><G71/><T109/><D109/><U80/><E97/><V1/><F79/><W17/><G111/><T15/><D99/><U33/><E33/><V125/><F125/><N who="0" m="48202" /><D47/><U75/><E19/><V53/><F95/><W112/><G134/><T3/><D3/><U92/><E8/><V54/><F1/><W113/><G40/><T50/><D50/><U46/><E92/><V76/><F76/><W90/><G37/><T22/><D78/><U31/><E31/><V58/><F7/><N who="0" m="2634" /><D84/><U129/><E129/><V13/><F38/><W126/><G32/><T39/><D39/><U69/><REACH who="1" step="1"/><E66/><REACH who="1" ten="199,291,250,250" step="2"/><V108/><F35/><W28/><G126/><T93/><D93/><U123/><E123/><V10/><F108/><W91/><G0/><T102/><D131/><U25/><E25/><V6/><F107/><W49/><G17/><N who="0" m="12623" /><D102/><U110/><E110/><V94/><F105/><W74/><G18/><T43/><D43/><U117/><E117/><V118/><F94/><W88/><G9/><T65/><D65/><U98/><E98/><V119/><F119/><W132/><G28/><T83/><D83/><U11/><E11/><V82/><F118/><W36/><G115/><T56/><D15/><U73/><E73/><V60/><F82/><W24/><G74/><T57/><D12/><U130/><E130/><V135/><F135/><W59/><G132/><T96/><D96/><U85/><E85/><V14/><F14/><W21/><G113/><T81/><D81/><RYUUKYOKU ba="1,1" sc="199,10,291,10,250,10,250,-30" hai0="56,57,68,70" hai1="41,42,46,48,55,61,62,64,67,69,75,77,80" hai2="6,10,13,29,30,45,53,54,58,60,100,101,103" /><INIT seed="2,2,1,0,5,36" ten="209,301,260,220" oya="2" hai0="134,106,61,125,58,105,130,117,38,85,79,13,115" hai1="34,112,77,99,104,11,40,108,123,25,41,15,1" hai2="44,50,73,10,35,124,33,24,30,84,52,9,132" hai3="127,110,96,28,60,16,80,75,113,93,116,70,64"/><V66/><F73/><W122/><G116/><T114/><D117/><U129/><E112/><V2/><F124/><W91/><G122/><T8/><D38/><U120/><E1/><V128/><F128/><W111/><G113/><T57/><D125/><U42/><E129/><V81/><F132/><W14/><G28/><T54/><D130/><U89/><E77/><V46/><F66/><W31/><G31/><T67/><D134/><U53/><E108/><V68/><F68/><W22/><REACH who="3" step="1"/><G127/><REACH who="3" ten="209,301,260,210" step="2"/><T69/><D115/><U90/><E123/><V92/><F35/><W5/><G5/><T32/><D114/><U37/><E120/><V27/><F33/><W78/><AGARI ba="2,2" hai="14,16,22,60,64,70,75,78,80,91,93,96,110,111" machi="78" ten="30,4000,0" yaku="1,1,0,1,54,1,53,0" doraHai="36" doraHaiUra="3" who="3" fromWho="3" sc="209,-12,301,-12,260,-22,210,66" /><INIT seed="3,0,0,1,2,95" ten="197,289,238,276" oya="3" hai0="43,126,81,123,62,56,120,16,79,66,41,134,75" hai1="115,68,107,111,74,24,105,104,14,82,80,106,17" hai2="38,103,0,128,113,59,127,58,6,100,97,101,70" hai3="130,8,116,33,11,55,60,30,121,47,32,135,71"/><W93/><G116/><T51/><D126/><U22/><E115/><V5/><F113/><W119/><G119/><T118/><D118/><U49/><E68/><V110/><F70/><W20/><G121/><T84/><D134/><U88/><E111/><V64/><F110/><W108/><G108/><T36/><D36/><U125/><E125/><V50/><F127/><W3/><G135/><T12/><D75/><U67/><E67/><V85/><F38/><W29/><G3/><T90/><D79/><U87/><N who="1" m="26624" /><DORA hai="7" /><U40/><E40/><V19/><F128/><W83/><G33/><T131/><D131/><U63/><E63/><V45/><F85/><W23/><G32/><T94/><D81/><U76/><REACH who="1" step="1"/><E49/><REACH who="1" ten="197,279,238,276" step="2"/><V34/><F64/><W92/><G71/><T18/><D43/><U96/><E96/><V112/><F97/><W21/><G130/><T78/><D120/><U69/><E69/><V26/><F112/><W89/><G60/><T117/><D123/><U37/><E37/><V4/><F0/><W132/><G132/><T77/><D117/><U9/><E9/><N who="3" m="3658" /><G83/><T114/><D114/><U46/><E46/><V2/><F2/><W25/><G93/><T44/><REACH who="0" step="1"/><D18/><REACH who="0" ten="187,279,238,276" step="2"/><U73/><E73/><V52/><REACH who="2" step="1"/><F19/><REACH who="2" ten="187,279,228,276" step="2"/><W65/><G65/><T54/><D54/><U57/><E57/><V13/><F13/><AGARI ba="0,3" hai="13,14,17,22,24,74,76,80,82,87,88" m="26624" machi="13" ten="70,8000,1" yaku="1,1,54,1,53,1" doraHai="95,7" doraHaiUra="72,109" who="1" fromWho="2" sc="187,0,279,110,228,-80,276,0" /><INIT seed="4,0,0,2,2,39" ten="187,389,148,276" oya="0" hai0="124,79,127,16,29,40,63,59,71,105,2,56,77" hai1="37,33,103,101,47,21,12,28,36,68,100,46,45" hai2="82,133,129,41,32,96,123,117,126,11,74,52,83" hai3="57,94,58,31,44,102,81,110,5,75,27,98,119"/><T72/><D105/><U3/><E3/><V76/><F32/><W14/><G110/><T93/><D2/><U69/><E33/><V67/><F123/><W10/><G119/><T95/><D29/><U112/><E112/><V8/><F117/><W109/><G109/><T18/><D71/><U62/><E12/><V53/><F126/><W66/><G75/><T116/><D116/><U132/><E132/><V30/><F133/><W92/><G81/><T114/><D72/><U122/><E122/><V86/><F30/><W17/><G94/><T90/><D90/><U15/><E15/><V43/><F129/><W135/><G135/><T91/><D91/><U89/><E89/><V25/><F25/><W54/><G66/><T130/><D63/><U111/><E111/><V125/><F67/><W55/><G5/><T61/><D61/><U1/><E1/><V24/><F24/><W50/><REACH who="3" step="1"/><G55/><REACH who="3" ten="187,389,148,266" step="2"/><T6/><D6/><U0/><E0/><V97/><F74/><W38/><G38/><T19/><D130/><U85/><E37/><V78/><F125/><W26/><G26/><T113/><REACH who="0" step="1"/><D19/><REACH who="0" ten="177,389,148,266" step="2"/><U87/><E28/><V4/><F4/><W64/><G64/><T22/><D22/><AGARI ba="0,2" hai="10,14,17,22,27,31,44,50,54,57,58,92,98,102" machi="22" ten="30,3900,0" yaku="1,1,7,1,8,1,53,0" doraHai="39" doraHaiUra="35" who="3" fromWho="0" sc="177,-39,389,0,148,0,266,59" /><INIT seed="5,0,0,2,2,128" ten="138,389,148,325" oya="1" hai0="134,34,15,131,20,121,108,41,29,27,2,55,12" hai1="73,91,8,100,54,94,98,46,122,130,97,127,11" hai2="114,81,95,65,80,21,78,99,110,17,118,84,111" hai3="30,132,72,31,51,48,10,33,101,124,47,36,82"/><U6/><E122/><V40/><F40/><W113/><G101/><T96/><D41/><U66/><E73/><V89/><F65/><W123/><G123/><T88/><D108/><U112/><E112/><V105/><F118/><W56/><G56/><T19/><D121/><U9/><E127/><V59/><F59/><W25/><G31/><T120/><D120/><U70/><E130/><V85/><F105/><W43/><G113/><T74/><D74/><U0/><E54/><V135/><F114/><W83/><G83/><T86/><D131/><U133/><E46/><V23/><F23/><W109/><G109/><T104/><D2/><U32/><E32/><V77/><REACH who="2" step="1"/><F135/><REACH who="2" ten="138,389,138,325" step="2"/><W117/><G132/><T13/><D134/><U67/><E133/><V69/><F69/><W62/><G117/><T16/><D20/><U52/><E66/><V76/><F76/><N who="3" m="44295" /><G124/><T79/><D55/><U24/><E52/><V129/><F129/><W107/><G107/><T49/><D79/><U50/><E67/><V57/><F57/><W37/><G62/><T38/><D38/><U60/><E60/><V18/><F18/><W102/><G36/><T4/><D49/><U125/><E125/><V42/><F42/><W5/><G51/><T90/><D4/><U39/><E39/><V71/><F71/><W1/><G48/><T64/><D64/><U116/><E70/><V92/><F92/><W28/><G28/><T7/><D7/><U58/><E116/><V35/><F35/><W14/><G1/><T106/><D106/><U26/><E50/><V53/><F53/><W68/><G68/><RYUUKYOKU ba="0,1" sc="138,-15,389,-15,138,15,325,15" hai2="17,21,77,78,80,81,84,85,89,95,99,110,111" hai3="5,10,14,25,30,33,37,43,47,102" /><INIT seed="6,1,1,3,4,11" ten="123,374,153,340" oya="2" hai0="73,77,90,103,1,89,15,76,0,59,12,30,115" hai1="53,64,67,96,71,28,104,23,135,3,78,121,18" hai2="17,84,10,6,118,106,45,40,99,131,100,44,9" hai3="126,117,93,91,102,111,65,26,60,57,85,13,34"/><V29/><F118/><W125/><G111/><T66/><D103/><U42/><E3/><N who="0" m="1097" /><D30/><U132/><E121/><V48/><F131/><W108/><G108/><T92/><D92/><U98/><E28/><V79/><F29/><W54/><G117/><T49/><D49/><U47/><E53/><V70/><F70/><W80/><G26/><T120/><D59/><U35/><E35/><V5/><F45/><W62/><G34/><T97/><D97/><U122/><E78/><N who="0" m="30313" /><D120/><U83/><E83/><V74/><F74/><W20/><G102/><T24/><D24/><N who="1" m="14455" /><E122/><V33/><F33/><W8/><G20/><T2/><N who="0" m="1105" /><T113/><DORA hai="61" /><D66/><N who="1" m="25131" /><E104/><V68/><F68/><W123/><G80/><T130/><D73/><U31/><E31/><V133/><F79/><W46/><G123/><T119/><D130/><U112/><E71/><V75/><F75/><W36/><G36/><T110/><D110/><U127/><E98/><V51/><F99/><W37/><G37/><T72/><D72/><U14/><E96/><V107/><F107/><W39/><G39/><T38/><D38/><U129/><E129/><V55/><F106/><W32/><G32/><T19/><D119/><U95/><E95/><V25/><F100/><W41/><G60/><T134/><D19/><U109/><E109/><V101/><F101/><W69/><G69/><T88/><D134/><U22/><E132/><V124/><F133/><W16/><G65/><T43/><D43/><U27/><E42/><V87/><F40/><W63/><G63/><T4/><D4/><U94/><E135/><V86/><F5/><RYUUKYOKU ba="1,1" sc="123,15,374,-15,153,-15,340,15" hai0="12,15,88,89,90,113,115" hai3="8,13,16,41,46,54,57,62,85,91,93,125,126" /><INIT seed="7,2,1,3,2,28" ten="138,359,138,355" oya="3" hai0="44,68,35,81,133,115,92,95,127,107,87,114,75" hai1="116,103,124,93,3,8,38,102,36,19,21,2,131" hai2="65,60,55,16,100,58,25,7,128,41,83,118,13" hai3="22,97,48,123,96,108,12,69,129,31,122,23,33"/><W29/><G69/><T94/><D68/><U62/><E124/><V43/><F118/><W71/><G71/><T11/><D127/><U121/><E121/><V105/><F128/><W135/><G129/><T47/><D107/><U52/><E131/><V1/><F1/><W17/><G33/><T99/><D35/><U74/><E74/><V42/><F7/><W111/><G135/><T80/><D133/><U59/><E116/><V73/><F25/><N who="3" m="16567" /><G31/><T26/><D26/><U126/><E126/><V49/><F105/><W64/><G64/><T10/><D99/><N who="3" m="37961" /><G48/><T79/><D75/><U113/><E113/><N who="0" m="43017" /><D80/><U15/><E93/><V40/><F100/><N who="1" m="38441" /><E36/><V9/><N who="2" m="10240" /><DORA hai="27" /><V70/><F73/><W34/><G34/><T91/><D94/><U66/><E38/><V78/><F83/><W30/><G30/><T61/><D95/><U89/><E3/><V67/><REACH who="2" step="1"/><F65/><REACH who="2" ten="138,359,128,355" step="2"/><W134/><G134/><T101/><D101/><U106/><E106/><V125/><F125/><W86/><G86/><T18/><D87/><U98/><E66/><V45/><F45/><W82/><G82/><T85/><D47/><U6/><E98/><V109/><F109/><AGARI ba="2,2" hai="12,17,23,108,109,111,122,123" m="37961,16567" machi="109" ten="30,2900,0" yaku="10,1,52,1" doraHai="28,27" who="3" fromWho="2" sc="138,0,359,0,128,-35,355,55" owari="138,-26.2,359,15.9,93,-40.7,410,51.0" /></mjloggm>