<mjloggm ver="2.3"><GO type="169" lobby="0"/><UN n0="%E3%83%8F%E3%83%B3%E3%83%81%E3%83%A7%E3%82%A6%E5%A4%A7%E6%A7%BB" n1="%50%44%47%4F%4E" n2="%E3%82%AD%E3%83%AA%E3%83%B3%E3%83%AA%E3%82%AD%E5%BF%AB" n3="%E8%B2%B4%E6%97%8F%E7%B3%BB%E9%9B%80%E5%A3%AB" dan="16,16,17,17" rate="2118.05,2030.87,2206.89,2187.15" sx="M,M,M,M"/><TAIKYOKU oya="0"/><INIT seed="0,0,0,1,0,0" ten="250,250,250,250" oya="0" hai0="120,70,130,119,29,57,90,111,108,114,22,76,91" hai1="23,42,75,122,56,17,16,106,129,47,72,49,50" hai2="133,7,8,58,123,52,54,31,124,28,116,5,18" hai3="61,121,107,33,66,1,10,78,74,15,99,131,105"/><T127/><D114/><U43/><E122/><V97/><F123/><W132/><G121/><T135/><D120/><U44/><E106/><V6/><F133/><W102/><G131/><T125/><D70/><U40/><E129/><V98/><F124/><N who="0" m="47690" /><D119/><U26/><E43/><V39/><F39/><W36/><G107/><T100/><D100/><U53/><REACH who="1" step="1"/><E17/><REACH who="1" ten="250,240,250,250" step="2"/><V24/><F116/><W113/><G132/><T14/><D135/><U45/><E45/><V19/><F8/><W65/><G105/><T68/><D130/><U37/><AGARI ba="0,1" hai="16,23,26,37,40,42,44,47,49,50,53,56,72,75" machi="37" ten="20,5200,0" yaku="1,1,0,1,7,1,54,1,53,0" doraHai="0" doraHaiUra="64" who="1" fromWho="1" sc="250,-26,240,62,250,-13,250,-13" /><INIT seed="1,0,0,3,1,2" ten="224,302,237,237" oya="1" hai0="113,23,115,39,1,6,78,65,94,66,107,41,70" hai1="90,77,9,67,27,62,125,121,64,93,40,34,69" hai2="3,87,134,123,83,104,19,55,85,81,20,114,111" hai3="68,48,42,80,86,122,79,112,130,95,88,24,73"/><U21/><E121/><V30/><F123/><W0/><G68/><T127/><D127/><U97/><E125/><V36/><F111/><W117/><G122/><T57/><D107/><U99/><E67/><V61/><F134/><W100/><G112/><T91/><D78/><U50/><E77/><V118/><F118/><W52/><G42/><T25/><D70/><U98/><E34/><V108/><F108/><W47/><G130/><T35/><D35/><U89/><E89/><V110/><F110/><W132/><G132/><T31/><D65/><U56/><E9/><V106/><F36/><W59/><G0/><T8/><D39/><U84/><E69/><V58/><F30/><W5/><G5/><T7/><D41/><U92/><E92/><V53/><F3/><W10/><G10/><T116/><D7/><U18/><REACH who="1" step="1"/><E97/><REACH who="1" ten="224,292,237,237" step="2"/><V102/><F106/><W82/><G117/><T15/><D116/><U12/><E12/><N who="2" m="9319" /><F104/><W103/><G24/><T74/><D15/><U13/><E13/><V131/><F114/><W11/><G11/><T14/><D14/><U75/><E75/><V38/><F102/><W28/><G95/><T46/><D74/><U45/><AGARI ba="0,1" hai="18,21,27,40,45,50,56,62,64,84,90,93,98,99" machi="45" ten="30,6000,0" yaku="1,1,0,1,8,1,53,0" doraHai="2" doraHaiUra="76" who="1" fromWho="1" sc="224,-20,292,70,237,-20,237,-20" /><INIT seed="1,1,0,1,4,84" ten="204,362,217,217" oya="1" hai0="26,72,73,133,70,106,102,135,65,8,98,94,120" hai1="108,39,30,90,45,27,35,132,96,9,85,51,38" hai2="62,110,44,23,31,24,69,17,41,125,28,59,126" hai3="19,15,107,105,42,119,46,87,116,25,21,75,33"/><U36/><E132/><N who="0" m="50761" /><D8/><U76/><E108/><V71/><F110/><W56/><G75/><N who="0" m="28747" /><D26/><U127/><E127/><N who="2" m="48651" /><F17/><W101/><G101/><T77/><D77/><U68/><E68/><V131/><F31/><N who="3" m="19695" /><G87/><T11/><D11/><U29/><E29/><V124/><N who="2" m="48659" /><V61/><DORA hai="88" /><F131/><W34/><G56/><T100/><D65/><U64/><E64/><N who="2" m="38975" /><F62/><W67/><G34/><T130/><D70/><U3/><E3/><V43/><F43/><W93/><G67/><T50/><D50/><AGARI ba="1,0" hai="23,24,28,41,44,50,69,71" m="38975,48659" machi="50" ten="40,1300,0" yaku="18,1" doraHai="84,88" who="2" fromWho="0" sc="204,-16,362,0,217,16,217,0" /><INIT seed="2,0,0,2,4,112" ten="188,362,233,217" oya="2" hai0="115,119,78,24,106,84,50,40,92,83,17,28,128" hai1="53,11,44,94,76,21,37,27,86,77,79,71,1" hai2="126,58,22,123,4,60,43,130,49,95,99,51,14" hai3="15,134,117,9,2,127,20,29,110,89,35,111,74"/><V98/><F123/><W114/><G74/><T105/><D115/><U109/><E71/><V34/><F34/><W120/><G114/><T100/><D128/><U132/><E109/><N who="3" m="41482" /><G89/><T93/><D17/><U6/><E132/><V42/><F130/><W80/><G80/><T91/><D40/><N who="2" m="15402" /><F126/><W5/><G120/><T87/><D50/><N who="2" m="18954" /><F95/><W73/><G73/><N who="0" m="43471" /><D24/><U103/><E37/><V0/><F0/><W8/><G127/><T62/><D62/><U90/><E44/><V135/><F135/><W45/><G45/><T38/><D38/><U129/><E53/><N who="2" m="33871" /><F22/><W59/><G134/><T48/><D48/><U104/><E129/><V10/><AGARI ba="0,0" hai="4,10,14,98,99" m="33871,18954,15402" machi="10" ten="30,1500,0" yaku="8,1" doraHai="112" who="2" fromWho="2" sc="188,-5,362,-5,233,15,217,-5" /><INIT seed="2,1,0,3,4,76" ten="183,357,248,212" oya="2" hai0="35,4,34,68,102,6,114,47,111,44,49,113,98" hai1="72,61,69,21,125,51,42,59,81,22,62,71,64" hai2="27,3,94,96,103,50,118,104,121,20,0,80,131" hai3="40,70,26,92,85,19,32,130,82,107,83,119,45"/><V73/><F118/><W53/><G107/><T126/><D111/><U2/><E2/><V31/><F121/><W58/><G70/><T5/><D68/><U11/><E125/><V75/><F131/><W106/><G106/><T133/><D126/><U52/><E11/><V9/><F104/><W79/><G130/><T132/><D98/><U10/><E10/><V23/><F50/><W33/><G92/><T15/><D15/><U43/><E43/><V65/><F65/><W8/><G119/><T117/><D102/><U12/><E12/><V30/><F9/><W123/><G8/><T109/><D109/><U17/><E17/><V87/><F0/><W63/><G123/><T97/><D97/><U46/><REACH who="1" step="1"/><E71/><REACH who="1" ten="183,347,248,212" step="2"/><V101/><F3/><W41/><G41/><T74/><D117/><U13/><E13/><V110/><F110/><W78/><G19/><T66/><D6/><U115/><E115/><V122/><F122/><W88/><G26/><T108/><D108/><U24/><E24/><V127/><F127/><W116/><G116/><T57/><D5/><U77/><AGARI ba="1,1" hai="21,22,42,46,51,52,59,61,62,64,69,72,77,81" machi="77" ten="30,7900,0" yaku="1,1,0,1,52,1,54,1,53,0" doraHai="76" doraHaiUra="135" who="1" fromWho="1" sc="183,-21,347,92,248,-40,212,-21" /><INIT seed="3,0,0,0,4,20" ten="162,439,208,191" oya="3" hai0="41,21,89,108,57,16,6,109,69,85,50,80,68" hai1="58,38,11,23,105,135,122,120,73,47,134,53,131" hai2="8,49,34,44,125,1,116,117,25,94,133,132,71" hai3="15,106,127,33,77,65,35,52,28,37,9,121,59"/><W74/><G121/><T75/><D6/><U86/><E73/><V84/><F71/><W118/><G118/><N who="2" m="45673" /><F84/><W104/><G37/><T43/><D75/><U27/><E105/><V124/><F94/><W112/><G112/><T22/><D22/><U5/><E131/><V51/><F44/><W36/><G36/><T24/><D57/><U14/><E86/><V100/><F100/><W48/><G127/><N who="2" m="48713" /><F49/><W91/><G35/><T130/><D130/><U110/><E110/><N who="0" m="42601" /><D50/><N who="1" m="31031" /><E47/><V13/><F51/><W78/><G91/><T54/><D54/><U96/><E96/><V98/><F98/><W82/><G77/><T46/><D46/><U76/><E76/><V97/><F97/><W79/><G65/><T126/><D126/><U31/><E38/><V55/><F55/><W45/><G79/><T101/><D101/><U19/><E5/><N who="2" m="3215" /><F1/><W3/><G3/><T17/><D17/><U129/><E129/><V111/><F111/><W2/><G2/><T103/><D103/><U32/><E122/><V81/><F81/><W93/><G93/><T92/><D80/><U87/><E87/><V128/><F128/><W30/><G45/><T60/><D60/><U7/><E120/><V0/><F0/><AGARI ba="0,0" hai="0,7,11,14,19,23,27,31,32,134,135" m="31031" machi="0" ten="30,2000,0" yaku="24,1,52,1" doraHai="20" who="1" fromWho="2" sc="162,0,439,20,208,-20,191,0" /><INIT seed="4,0,0,1,1,106" ten="162,459,188,191" oya="0" hai0="56,97,68,22,74,17,69,119,53,85,111,50,5" hai1="112,13,125,31,86,23,37,51,8,118,88,42,73" hai2="121,16,15,28,116,83,98,48,54,39,49,63,104" hai3="20,33,81,131,133,30,2,128,95,52,65,58,134"/><T120/><D119/><U102/><E118/><V93/><F121/><W90/><G33/><T36/><D120/><U66/><E73/><V57/><F116/><W21/><G2/><T9/><D36/><U130/><E125/><V76/><F28/><W126/><G81/><T14/><D111/><U132/><E132/><N who="3" m="50794" /><G65/><T27/><D74/><U82/><E130/><N who="3" m="49706" /><G30/><T127/><D127/><U107/><E66/><V99/><F39/><W43/><G43/><T84/><D97/><U70/><E42/><V60/><F104/><W46/><G46/><T6/><REACH who="0" step="1"/><D5/><REACH who="0" ten="152,459,188,191" step="2"/><U64/><E37/><V55/><F99/><N who="3" m="57847" /><G126/><T26/><D26/><U115/><E115/><V47/><F98/><W96/><G96/><T79/><D79/><U71/><E112/><V123/><F123/><W1/><G1/><T94/><D94/><U45/><E107/><V4/><F93/><W19/><G19/><T29/><D29/><U41/><E31/><V92/><F92/><W89/><G89/><T62/><D62/><AGARI ba="0,1" hai="20,21,52,58,62" m="57847,49706,50794" machi="62" ten="30,3900,0" yaku="20,1,19,1,54,1" doraHai="106" who="3" fromWho="0" sc="152,-39,459,0,188,0,191,49" /><INIT seed="5,0,0,2,4,87" ten="113,459,188,240" oya="1" hai0="17,32,85,59,97,25,125,100,31,114,94,103,0" hai1="78,60,47,96,36,52,22,8,44,29,104,48,56" hai2="46,51,30,120,101,19,126,35,108,118,71,12,82" hai3="110,45,65,92,80,107,102,133,21,123,9,37,105"/><U11/><E78/><V66/><F120/><W86/><G123/><T49/><D114/><U26/><E36/><V18/><F108/><W2/><G110/><T57/><D125/><U132/><E132/><V93/><F118/><W55/><G65/><T14/><D0/><U116/><E116/><V7/><F126/><W73/><G21/><T76/><D103/><U54/><REACH who="1" step="1"/><E47/><REACH who="1" ten="113,449,188,240" step="2"/><V99/><F46/><W58/><G133/><T135/><D135/><U117/><E117/><V81/><F71/><W41/><G73/><T75/><D75/><U98/><E98/><V122/><F99/><W5/><G45/><T13/><D76/><U15/><E15/><V83/><F12/><W89/><G37/><T34/><D14/><U27/><E27/><V16/><F122/><W70/><G2/><T72/><D72/><U6/><E6/><V121/><F7/><W61/><G5/><T91/><D13/><U69/><E69/><V40/><F121/><W127/><G70/><T111/><D111/><U50/><E50/><V64/><F51/><W88/><G127/><T23/><D49/><U10/><E10/><V42/><F40/><W79/><G9/><T113/><D113/><U67/><E67/><V62/><F42/><W4/><G4/><T134/><D134/><U119/><E119/><V53/><F53/><W112/><G112/><T129/><D59/><U128/><E128/><V24/><F62/><W95/><G41/><T3/><D129/><U28/><E28/><V115/><F115/><W33/><G61/><T131/><D131/><U77/><E77/><V90/><F64/><RYUUKYOKU ba="0,1" sc="113,-10,449,30,188,-10,240,-10" hai1="8,11,22,26,29,44,48,52,54,56,60,96,104" /><INIT seed="5,1,1,2,3,32" ten="103,479,178,230" oya="1" hai0="78,52,90,46,76,82,63,6,117,124,101,125,35" hai1="54,96,56,88,98,20,17,65,121,112,12,70,92" hai2="27,11,104,108,86,72,22,59,87,49,93,36,0" hai3="69,74,113,53,116,91,29,38,131,64,99,60,30"/><U68/><E121/><V37/><F108/><W127/><G74/><T41/><D117/><U85/><E112/><V84/><F104/><W115/><G127/><N who="0" m="48715" /><D35/><U103/><E65/><V13/><F72/><W107/><G131/><T102/><D90/><U3/><E3/><V71/><F71/><W51/><G38/><N who="0" m="21815" /><D78/><U61/><REACH who="1" step="1"/><E98/><REACH who="1" ten="103,469,178,230" step="2"/><V58/><F0/><W123/><G123/><T9/><D82/><AGARI ba="1,2" hai="12,17,20,54,56,61,68,70,82,85,88,92,96,103" machi="82" ten="30,11600,0" yaku="1,1,2,1,7,1,54,1,53,0" doraHai="32" doraHaiUra="122" who="1" fromWho="0" sc="103,-119,469,139,178,0,230,0" owari="-16,-51.6,608,70.8,178,-22.2,230,3.0" /></mjloggm>