<mjloggm ver="2.3"><GO type="169" lobby="0"/><UN n0="%6B%61%74%65%72%69%6E%61" n1="%E5%90%89%E7%A5%A5%E5%AF%BA%4B%47" n2="%E7%A5%9E%E6%88%B8%E5%B0%8F%E9%B3%A5%E9%86%A4" n3="%E5%A4%A2%E4%BB%98%E3%81%8D" dan="17,16,16,16" rate="2180.64,2126.21,2064.88,2100.05" sx="M,F,F,M"/><TAIKYOKU oya="0"/><INIT seed="0,0,0,3,5,7" ten="250,250,250,250" oya="0" hai0="47,18,98,5,109,8,20,95,114,76,1,75,12" hai1="44,99,126,35,83,122,120,16,129,40,66,9,32" hai2="60,46,17,28,59,31,123,102,125,127,25,97,108" hai3="21,51,50,65,57,74,62,89,11,48,43,71,39"/><T124/><D114/><U15/><E126/><N who="2" m="48139" /><F108/><W94/><G74/><T30/><D124/><U96/><E129/><V2/><F2/><W135/><G135/><T110/><D47/><U119/><E119/><V130/><F130/><W36/><G21/><T116/><D116/><U85/><E66/><N who="2" m="39199" /><F123/><W41/><G11/><T132/><D132/><U13/><E122/><V113/><F46/><W52/><G94/><T45/><D45/><U92/><E120/><V67/><F67/><W53/><G89/><T115/><D115/><U33/><E13/><V38/><F38/><N who="3" m="14379" /><G53/><T29/><D76/><U84/><E99/><V105/><F113/><W88/><G88/><N who="0" m="55655" /><D75/><U131/><E131/><V56/><F56/><W111/><G111/><AGARI ba="0,0" hai="1,5,8,12,18,20,29,30,109,110,111" m="55655" machi="111" ten="30,11600,0" yaku="14,1,10,1,52,1,54,1" doraHai="7" who="0" fromWho="3" sc="250,116,250,0,250,0,250,-116" /><INIT seed="0,1,0,0,0,133" ten="366,250,250,134" oya="0" hai0="45,54,106,95,10,131,48,126,44,132,70,69,99" hai1="20,5,76,1,78,120,30,97,100,31,89,14,71" hai2="3,125,73,59,42,37,2,118,110,52,79,38,75" hai3="105,36,61,77,115,101,55,21,6,103,127,53,67"/><T135/><D106/><U84/><E71/><V87/><F110/><W27/><G115/><T74/><D74/><N who="2" m="28170" /><F118/><W62/><G36/><N who="2" m="13929" /><F42/><W56/><G6/><T123/><D123/><U72/><E1/><N who="2" m="11" /><F79/><W50/><G77/><T82/><D82/><U46/><E120/><V43/><F87/><W104/><G21/><T24/><D131/><U94/><E46/><V119/><F43/><W114/><G27/><T19/><D45/><U16/><E5/><V85/><F85/><W40/><G40/><T121/><D121/><U60/><E60/><N who="2" m="35943" /><F119/><W13/><G56/><T65/><D10/><U109/><E109/><V111/><F111/><W23/><G23/><T34/><D19/><U7/><E7/><V80/><F80/><W83/><G83/><T25/><D25/><U113/><E72/><V130/><F130/><W17/><G17/><T124/><D24/><U81/><E113/><V22/><F22/><W41/><G41/><T8/><D8/><U58/><E58/><V93/><F93/><W90/><G114/><T49/><D49/><U66/><E66/><V35/><F35/><W0/><G0/><T92/><D34/><U107/><E107/><V129/><F129/><W102/><G50/><T29/><D95/><U86/><E86/><V98/><F98/><W63/><G67/><T51/><D51/><U68/><E68/><N who="0" m="26217" /><D65/><U12/><E12/><V122/><F122/><W47/><G13/><T108/><D108/><U18/><E18/><V57/><F57/><W11/><G104/><T96/><D92/><N who="1" m="58407" /><E81/><V15/><F15/><W39/><G105/><T117/><D48/><RYUUKYOKU ba="1,0" sc="366,-15,250,15,250,15,134,-15" hai1="14,16,20,30,31,76,78,84,89,94" hai2="125" /><INIT seed="1,2,0,0,2,11" ten="351,265,265,119" oya="1" hai0="12,20,93,99,92,14,57,54,91,27,2,88,103" hai1="16,77,56,32,49,118,128,87,129,10,111,110,94" hai2="0,24,73,95,67,47,13,5,37,82,59,66,55" hai3="85,52,69,123,48,116,26,68,114,4,74,61,60"/><U51/><E118/><V40/><F95/><W112/><G123/><T108/><D2/><U120/><E120/><V34/><F34/><W71/><G74/><T122/><D108/><N who="1" m="41515" /><E32/><V97/><F97/><W125/><G4/><T130/><D130/><N who="1" m="50283" /><E56/><V45/><F24/><W29/><G125/><T30/><D122/><U126/><E126/><V127/><F127/><W105/><G116/><T102/><D91/><N who="1" m="53631" /><E77/><N who="2" m="44335" /><F47/><W90/><G69/><T3/><D3/><U44/><E44/><V100/><F45/><W106/><G68/><T46/><D46/><U19/><E10/><V41/><F59/><W33/><G71/><T115/><D115/><U84/><E84/><V107/><F37/><W28/><G114/><T18/><D30/><U6/><E6/><V65/><F5/><W109/><G29/><T1/><D1/><U25/><E25/><V79/><F0/><W81/><G112/><T58/><D58/><U17/><AGARI ba="2,0" hai="16,17,19,49,51" m="53631,50283,41515" machi="17" ten="40,12000,1" yaku="14,1,10,1,19,1,54,1" doraHai="11" who="1" fromWho="1" sc="351,-42,265,126,265,-42,119,-42" /><INIT seed="1,3,0,1,5,72" ten="309,391,223,77" oya="1" hai0="39,118,52,107,21,114,131,36,56,8,14,49,125" hai1="33,42,128,15,51,12,30,98,63,126,99,69,22" hai2="95,43,10,103,134,109,83,13,20,50,88,115,111" hai3="38,119,34,110,54,0,4,11,79,17,112,135,77"/><U2/><E2/><V122/><F115/><W7/><G112/><T67/><D114/><U73/><E73/><V71/><F122/><W90/><G38/><T40/><D118/><U65/><E126/><V93/><F134/><W127/><G34/><T9/><D125/><U100/><E128/><V75/><F71/><W57/><G127/><T113/><D131/><U82/><E99/><V68/><F68/><W41/><G41/><T62/><D113/><U3/><E3/><V133/><F20/><W87/><G135/><T81/><D107/><U47/><E22/><V35/><F35/><W31/><G31/><T120/><D120/><U32/><E82/><V92/><F133/><W116/><G110/><N who="2" m="41993" /><F103/><W108/><G17/><T70/><D39/><U1/><E1/><V121/><F121/><W59/><G7/><T58/><D58/><N who="3" m="22025" /><G54/><T16/><D81/><U44/><E44/><AGARI ba="3,0" hai="8,9,14,16,21,36,40,44,49,52,56,62,67,70" machi="44" ten="40,8000,1" yaku="24,2,54,2" doraHai="72" who="0" fromWho="1" sc="309,89,391,-89,223,0,77,0" /><INIT seed="2,0,0,3,4,102" ten="398,302,223,77" oya="2" hai0="124,110,70,21,60,48,59,98,132,3,107,38,135" hai1="20,69,53,121,99,134,47,9,82,90,105,81,39" hai2="92,118,101,128,117,131,19,13,78,122,83,125,16" hai3="46,2,64,42,35,95,32,28,4,45,116,114,73"/><V129/><F122/><W97/><G116/><N who="2" m="44649" /><F125/><W51/><G73/><T75/><D75/><U27/><E121/><V87/><F101/><W11/><G114/><T77/><D124/><U86/><E69/><V31/><F31/><W112/><G112/><T34/><D34/><U113/><E113/><V63/><F63/><W17/><G64/><T103/><D110/><U55/><E82/><V10/><F92/><W5/><G5/><AGARI ba="0,0" hai="5,10,13,16,19,78,83,87,128,129,131" m="44649" machi="5" ten="40,3900,0" yaku="19,1,54,1" doraHai="102" who="2" fromWho="3" sc="398,0,302,0,223,39,77,-39" /><INIT seed="2,1,0,2,5,22" ten="398,302,262,38" oya="2" hai0="20,52,42,106,13,113,108,89,66,24,55,57,28" hai1="135,118,51,73,115,129,110,77,120,7,107,43,2" hai2="65,9,62,131,38,96,25,21,101,93,126,109,70" hai3="63,17,114,83,48,18,82,59,41,1,4,16,44"/><V49/><F38/><W64/><REACH who="3" step="1"/><G114/><REACH who="3" ten="398,302,262,28" step="2"/><T95/><D113/><U86/><RYUUKYOKU type="yao9" ba="1,1" sc="398,0,302,0,262,0,28,0" hai1="2,7,43,51,73,77,86,107,110,115,118,120,129,135" /><INIT seed="2,2,1,5,5,51" ten="398,302,262,28" oya="2" hai0="89,110,74,37,86,44,32,71,82,7,3,72,31" hai1="115,24,99,22,62,58,21,45,60,78,38,42,107" hai2="113,19,120,88,97,94,41,46,118,16,48,129,39" hai3="119,54,108,124,35,109,101,17,127,52,15,10,5"/><V117/><F120/><W34/><G119/><T106/><D110/><N who="3" m="42601" /><G101/><T29/><D71/><U49/><E115/><V56/><F129/><W104/><G104/><T100/><D106/><U121/><E121/><V65/><F113/><W116/><G116/><T131/><D131/><U125/><E125/><N who="3" m="48202" /><G5/><T43/><D100/><U92/><E78/><V122/><F122/><W50/><G50/><T132/><D132/><U18/><E107/><V85/><F117/><W112/><G112/><T26/><D7/><U102/><E22/><V23/><F118/><W76/><G76/><T73/><D3/><U28/><E18/><V14/><F19/><W105/><G105/><T123/><D123/><U75/><E75/><V69/><F69/><W114/><G114/><T111/><D111/><U20/><E20/><V128/><F128/><W33/><AGARI ba="2,1" hai="10,15,17,33,34,35,52,54" m="48202,42601" machi="33" ten="40,8000,1" yaku="14,1,18,1,52,2,54,1" doraHai="51" who="3" fromWho="3" sc="398,-22,302,-22,262,-42,28,96" /><INIT seed="3,0,0,4,3,86" ten="376,280,220,124" oya="3" hai0="78,91,39,61,14,90,4,134,93,37,103,77,112" hai1="36,94,81,2,79,122,15,123,106,101,104,5,53" hai2="98,44,35,70,34,125,129,102,26,84,118,17,92" hai3="119,32,52,31,62,130,41,73,63,117,82,83,60"/><W80/><G73/><T95/><D103/><U45/><E15/><V0/><F70/><W133/><G130/><T10/><D134/><U54/><E54/><V113/><F0/><W49/><G133/><T127/><D127/><U8/><E94/><V11/><F125/><W59/><REACH who="3" step="1"/><G41/><REACH who="3" ten="376,280,220,114" step="2"/><T18/><D112/><U132/><E132/><V75/><F113/><W22/><G22/><T111/><D111/><U87/><E122/><V51/><F129/><W107/><G107/><T24/><D39/><U1/><E123/><V40/><F40/><W124/><G124/><T30/><D37/><U108/><E106/><V66/><F35/><W116/><G116/><T48/><D48/><U12/><E108/><V20/><F34/><W128/><G128/><T131/><D131/><U25/><E36/><V115/><F118/><W28/><G28/><T58/><D30/><U57/><E104/><V126/><F126/><W3/><G3/><T64/><D4/><U114/><E1/><V85/><F75/><W110/><G110/><T33/><D33/><U7/><E2/><V100/><F115/><W21/><G21/><T38/><D38/><U76/><E5/><V88/><F51/><W13/><G13/><T68/><D24/><AGARI ba="0,1" hai="24,31,32,49,52,59,60,62,63,80,82,83,117,119" machi="24" ten="40,3900,0" yaku="1,1,54,1,53,0" doraHai="86" doraHaiUra="19" who="3" fromWho="0" sc="376,-39,280,0,220,0,114,49" /><INIT seed="3,1,0,0,3,23" ten="337,280,220,163" oya="3" hai0="46,51,66,116,56,87,123,17,31,96,100,133,126" hai1="24,83,65,106,48,105,99,55,90,75,98,9,112" hai2="50,41,2,102,118,93,129,108,92,127,109,107,104" hai3="71,39,73,6,89,97,124,22,45,79,117,63,37"/><W60/><G117/><T61/><D116/><U74/><E65/><V33/><F33/><W53/><G124/><T131/><D123/><U0/><E0/><V69/><F2/><W27/><G6/><T101/><D126/><U125/><E9/><V12/><F69/><W114/><G114/><T62/><D133/><U85/><E55/><V43/><F118/><W59/><G79/><T119/><D119/><U52/><E125/><V110/><F127/><W13/><G73/><N who="1" m="27658" /><E52/><V35/><F35/><W88/><G13/><T68/><D131/><U72/><E48/><V21/><F129/><W121/><G121/><T29/><D87/><U36/><E24/><V115/><F115/><W78/><G78/><T81/><D81/><N who="1" m="49455" /><E36/><V18/><F50/><W58/><G71/><T5/><D17/><U11/><E11/><V44/><F44/><W57/><G57/><T25/><D5/><U128/><E128/><V14/><F12/><W111/><G45/><T16/><D16/><U94/><E112/><V113/><F113/><W91/><G111/><T32/><D31/><U28/><E28/><V15/><F14/><W82/><G97/><N who="1" m="36874" /><E94/><N who="2" m="36459" /><F43/><W135/><G135/><T122/><D122/><U42/><E42/><V10/><F41/><W80/><G39/><T95/><D62/><U19/><E19/><V49/><F49/><W67/><G37/><T47/><D68/><U86/><N who="1" m="27666" /><U77/><AGARI ba="1,0" hai="77,83,86,105,106" m="36874,49455,27666" machi="77" ten="40,12000,2" yaku="4,1,35,5" doraHai="23" who="1" fromWho="1" sc="337,-31,280,123,220,-31,163,-61" /><INIT seed="4,0,0,1,5,51" ten="306,403,189,102" oya="0" hai0="103,115,40,74,84,4,131,106,118,77,35,69,28" hai1="57,108,94,68,66,10,2,78,61,112,111,127,27" hai2="1,15,14,71,113,104,98,130,13,91,100,42,124" hai3="22,82,31,34,46,75,63,43,12,25,33,11,92"/><T133/><D118/><U47/><E127/><V36/><F1/><W88/><G82/><T132/><D69/><U79/><E112/><V60/><F124/><W89/><G75/><T72/><D115/><U135/><E135/><N who="0" m="51785" /><D40/><U102/><E47/><V53/><F113/><W81/><G81/><N who="0" m="47151" /><D4/><U24/><E68/><V119/><F130/><W16/><G63/><T90/><D131/><U55/><E66/><V95/><F119/><W96/><REACH who="3" step="1"/><G89/><REACH who="3" ten="306,403,189,92" step="2"/><T129/><D129/><U109/><E109/><V5/><F91/><W76/><G76/><T80/><D90/><U54/><E79/><V17/><F60/><W62/><G62/><T64/><D80/><U87/><E78/><V18/><F100/><W32/><G32/><T125/><D125/><U85/><E102/><V116/><F116/><W93/><G93/><T117/><D117/><U58/><E94/><V59/><F95/><W19/><G19/><T97/><D64/><U29/><E61/><V126/><F126/><W56/><G56/><T20/><D35/><U8/><E29/><V39/><F18/><W99/><G99/><T48/><D74/><U0/><AGARI ba="0,1" hai="0,2,8,10,24,27,54,55,57,58,85,87,108,111" machi="0" ten="25,8000,1" yaku="0,1,22,2,52,2" doraHai="51" who="1" fromWho="1" sc="306,-40,403,90,189,-20,92,-20" /><INIT seed="5,0,0,2,0,72" ten="266,493,169,72" oya="1" hai0="41,21,1,69,87,91,84,18,58,9,20,71,99" hai1="135,47,85,38,100,105,48,0,89,23,88,31,106" hai2="92,113,11,33,57,7,77,120,129,19,104,96,10" hai3="128,6,13,133,46,2,122,101,115,22,63,25,28"/><U36/><E0/><V103/><F33/><W26/><G122/><T74/><D74/><U94/><E135/><V61/><F120/><W30/><G101/><T98/><D41/><U51/><E100/><V93/><F129/><W54/><G46/><T49/><D71/><U80/><E106/><V83/><F113/><W16/><G54/><T111/><D111/><U125/><E105/><V43/><F43/><W97/><G97/><T4/><D87/><U114/><E114/><V132/><F19/><N who="3" m="12511" /><G63/><T50/><D69/><U37/><E125/><V55/><F10/><N who="3" m="2391" /><G115/><T8/><D8/><U82/><E51/><V15/><REACH who="2" step="1"/><F132/><REACH who="2" ten="266,493,159,72" step="2"/><W131/><G133/><T68/><D9/><U119/><E119/><V67/><F67/><W27/><G131/><T76/><D18/><U127/><E127/><V121/><F121/><W73/><G128/><T32/><D21/><U79/><E23/><V109/><F109/><W44/><G73/><AGARI ba="0,1" hai="7,11,15,55,57,61,73,77,83,92,93,96,103,104" machi="73" ten="30,3900,0" yaku="1,1,7,1,52,1,53,0" doraHai="72" doraHaiUra="35" who="2" fromWho="3" sc="266,0,493,0,159,49,72,-39" /><INIT seed="6,0,0,5,1,132" ten="266,493,208,33" oya="2" hai0="110,15,102,103,25,109,92,32,94,52,89,18,49" hai1="56,101,67,36,1,78,12,46,21,97,62,83,70" hai2="77,95,27,19,72,121,57,30,126,104,129,37,54" hai3="50,14,38,5,63,124,0,60,134,82,80,4,16"/><V122/><F37/><W87/><G38/><T20/><D109/><U39/><E1/><V31/><F104/><W106/><G106/><T59/><D110/><U91/><E91/><V135/><F135/><W51/><G134/><T61/><D94/><U76/><E70/><V74/><F129/><W41/><G0/><T105/><D105/><U9/><E21/><V86/><F19/><W127/><G41/><T90/><D90/><U125/><E46/><V65/><F65/><W117/><G16/><N who="0" m="12423" /><D32/><U73/><E76/><V120/><F95/><W81/><G81/><T29/><D49/><U128/><E128/><V48/><F86/><W3/><G3/><T22/><D29/><U10/><E10/><V114/><F114/><W8/><G87/><AGARI ba="0,0" hai="15,18,22,52,59,61,87,89,92,102,103" m="12423" machi="87" ten="30,3900,0" yaku="8,1,54,2" doraHai="132" who="0" fromWho="3" sc="266,39,493,0,208,0,33,-39" owari="305,10.5,493,59.3,208,-19.2,-6,-50.6" /></mjloggm>