<mjloggm ver="2.3"><GO type="169" lobby="0"/><UN n0="%E3%81%97%E3%81%BE%E3%81%A0%E3%81%BE%32" n1="%4B%4F%52%41%49%40%40%40" n2="%62%6F%79%61%74%65%74%75" n3="%E4%BF%9D%E8%82%B2%E5%A3%AB" dan="16,17,16,17" rate="2136.31,2159.66,2128.89,2133.57" sx="M,M,M,M"/><TAIKYOKU oya="0"/><INIT seed="0,0,0,5,0,109" ten="250,250,250,250" oya="0" hai0="18,81,40,113,106,115,90,111,124,116,129,62,31" hai1="71,10,73,112,22,103,79,21,117,82,67,135,53" hai2="92,78,49,132,99,1,93,20,88,105,80,89,85" hai3="69,26,101,114,95,33,3,45,84,48,35,28,2"/><T60/><D116/><U17/><E117/><V98/><F1/><W24/><G69/><T110/><D106/><U56/><E135/><V9/><F132/><W130/><G130/><T37/><D31/><U125/><E125/><V86/><F9/><W104/><G104/><T42/><D18/><U76/><E103/><N who="2" m="62719" /><F20/><W102/><G114/><T27/><D81/><U94/><E79/><V91/><F49/><W97/><G102/><AGARI ba="0,0" hai="78,80,85,86,88,89,91,92,93,98,102" m="62719" machi="102" ten="30,12000,2" yaku="35,5,54,1" doraHai="109" who="2" fromWho="3" sc="250,0,250,0,250,120,250,-120" /><INIT seed="1,0,0,5,4,8" ten="250,250,370,130" oya="1" hai0="16,3,133,17,62,122,20,29,74,2,104,127,43" hai1="6,80,125,35,60,63,71,11,52,116,7,81,40" hai2="123,124,111,50,115,126,42,99,15,4,26,28,21" hai3="18,47,32,130,10,73,9,12,22,93,1,89,135"/><U59/><E116/><V98/><F123/><W49/><G130/><T24/><D104/><U118/><E118/><V96/><F111/><W70/><G135/><T94/><D74/><U54/><E125/><N who="2" m="48235" /><F115/><W134/><G134/><T87/><D127/><U101/><E35/><V105/><F105/><W33/><G70/><T37/><D133/><U27/><E40/><V83/><F83/><W102/><G102/><T85/><D122/><U78/><E101/><V86/><F86/><W46/><G73/><T109/><D109/><U107/><E107/><V19/><F4/><W100/><G100/><T108/><D108/><U119/><E119/><V91/><F42/><W5/><G22/><T31/><D20/><U114/><E114/><V36/><F50/><W51/><G51/><T121/><D62/><U113/><E113/><V75/><F75/><W53/><REACH who="3" step="1"/><G46/><REACH who="3" ten="250,250,370,120" step="2"/><T48/><D48/><U117/><E71/><V64/><F36/><W90/><G90/><T128/><D37/><U110/><E117/><V38/><F38/><W44/><G44/><T69/><D69/><U58/><E110/><V0/><F91/><W112/><G112/><T34/><D128/><U120/><E120/><V30/><F21/><W79/><G79/><T84/><D121/><U103/><E103/><V65/><F30/><W88/><G88/><N who="0" m="53511" /><D31/><U41/><E78/><V68/><F28/><W76/><G76/><T77/><D77/><U129/><E129/><V61/><F68/><W56/><G56/><T13/><D29/><U66/><E59/><V131/><F131/><W45/><G45/><T14/><D34/><RYUUKYOKU ba="0,1" sc="250,-10,250,-10,370,-10,120,30" hai3="1,5,9,10,12,18,32,33,47,49,53,89,93" /><INIT seed="2,1,1,1,3,66" ten="240,240,360,150" oya="2" hai0="98,99,112,69,97,67,5,119,2,51,109,15,0" hai1="28,108,7,57,63,1,50,55,30,118,125,13,89" hai2="70,41,35,54,3,72,31,100,78,104,19,11,88" hai3="38,23,24,58,81,107,77,42,56,18,105,114,90"/><V75/><F41/><W130/><G130/><T20/><D112/><U65/><E118/><V132/><F132/><W128/><G128/><T101/><D119/><U103/><E108/><V135/><F135/><W10/><G114/><T27/><D109/><U37/><E125/><V33/><F54/><W16/><G90/><T71/><D67/><U111/><E111/><V83/><F72/><W60/><G42/><T32/><D51/><U95/><E1/><V123/><F123/><W86/><G38/><T131/><D101/><U106/><E37/><V47/><F47/><W91/><G77/><T113/><D113/><U53/><E103/><V52/><F52/><N who="1" m="20041" /><E50/><V110/><F110/><W76/><G76/><T74/><D74/><U59/><E59/><V117/><F117/><W22/><G10/><N who="0" m="2343" /><D2/><U48/><E48/><V73/><F73/><W120/><G120/><T96/><D96/><N who="1" m="57455" /><E106/><V12/><F104/><W126/><G126/><T61/><D61/><U124/><E124/><V79/><F100/><W49/><G49/><T4/><D131/><U8/><AGARI ba="1,1" hai="7,8,13,28,30,57,63,65" m="57455,20041" machi="8" ten="30,2000,0" yaku="8,1,54,1" doraHai="66" who="1" fromWho="1" sc="240,-6,240,33,360,-11,150,-6" /><INIT seed="3,0,0,1,4,11" ten="234,273,349,144" oya="3" hai0="31,18,108,99,91,20,104,36,122,135,127,101,74" hai1="105,49,5,90,32,129,6,93,98,69,15,131,54" hai2="130,64,62,117,114,26,118,73,119,24,100,113,109" hai3="45,107,120,37,55,12,86,72,57,85,52,133,27"/><W3/><G120/><T53/><D127/><U71/><E32/><V79/><F130/><N who="1" m="49673" /><E105/><V77/><F100/><W83/><G3/><T96/><D36/><U88/><E90/><V21/><F109/><W126/><G126/><T0/><D108/><U70/><E15/><V14/><F73/><W23/><G107/><T116/><D31/><U81/><E81/><V50/><F50/><N who="3" m="28751" /><G37/><T42/><D0/><U22/><E22/><V8/><F77/><W110/><G72/><T41/><D122/><U10/><E10/><V56/><F79/><W16/><G110/><T67/><D74/><U40/><E40/><V19/><REACH who="2" step="1"/><F24/><REACH who="2" ten="234,273,339,144" step="2"/><W112/><G112/><T84/><D101/><U9/><E9/><V33/><F33/><W80/><G133/><T7/><D135/><U89/><E89/><V60/><F60/><N who="3" m="35903" /><G27/><T132/><D132/><U46/><AGARI ba="0,1" hai="5,6,46,49,54,69,70,71,88,93,98" m="49673" machi="46" ten="40,2700,0" yaku="19,1,54,1" doraHai="11" who="1" fromWho="1" sc="234,-7,273,37,339,-7,144,-13" /><INIT seed="4,0,0,5,0,126" ten="227,310,332,131" oya="0" hai0="16,18,111,88,102,33,1,81,39,71,47,23,36" hai1="38,83,87,99,128,76,106,55,135,7,109,129,42" hai2="114,41,130,37,31,59,80,77,51,5,95,9,15" hai3="30,94,127,48,72,35,29,66,107,45,0,56,86"/><T113/><D33/><U65/><E65/><V22/><F114/><W79/><G127/><T78/><D113/><U112/><E109/><V92/><F37/><W14/><G0/><T19/><D71/><U27/><E112/><V116/><F116/><W52/><G107/><T4/><D102/><N who="1" m="62815" /><E7/><V60/><F130/><N who="1" m="50281" /><E55/><V11/><F5/><W17/><G72/><T96/><D111/><U70/><E70/><V68/><F68/><W122/><G122/><T58/><D4/><U134/><E27/><V44/><F15/><W8/><G35/><T90/><D58/><U46/><AGARI ba="0,0" hai="38,42,46,76,83,87,134,135" m="50281,62815" machi="46" ten="30,7900,0" yaku="19,1,52,3" doraHai="126" who="1" fromWho="1" sc="227,-39,310,79,332,-20,131,-20" /><INIT seed="5,0,0,3,2,109" ten="188,389,312,111" oya="1" hai0="67,8,61,104,115,34,11,89,30,86,10,130,112" hai1="1,93,32,135,71,16,5,118,19,69,117,105,97" hai2="75,110,81,66,88,42,101,12,111,95,103,56,52" hai3="37,132,102,84,121,116,31,85,100,26,74,25,59"/><U113/><E32/><V44/><F66/><W76/><G121/><T82/><D104/><U107/><E93/><V17/><F110/><W96/><G37/><T60/><D130/><U77/><E77/><V78/><F111/><W23/><G132/><T38/><D38/><U123/><E97/><V24/><F42/><W120/><G120/><T68/><D34/><U134/><E123/><V50/><F44/><W64/><G116/><T14/><D30/><U70/><E5/><V91/><F24/><W41/><G41/><T80/><D61/><U83/><E83/><V108/><F108/><W40/><G40/><T57/><D68/><U126/><E1/><V99/><REACH who="2" step="1"/><F103/><REACH who="2" ten="188,389,302,111" step="2"/><W48/><G25/><T90/><D14/><U124/><E70/><V53/><F53/><W128/><G102/><T35/><D35/><U55/><E55/><V36/><F36/><W94/><G128/><T58/><D58/><U125/><E126/><V87/><F87/><AGARI ba="0,1" hai="8,10,11,57,60,67,80,82,86,87,89,90,112,115" machi="87" ten="40,5200,0" yaku="9,1,52,2" doraHai="109" who="0" fromWho="2" sc="188,62,389,0,302,-52,111,0" /><INIT seed="6,0,0,3,2,30" ten="250,389,250,111" oya="2" hai0="16,37,119,9,42,97,123,6,36,84,116,74,101" hai1="19,15,102,1,3,33,29,46,60,53,127,105,11" hai2="77,83,110,64,14,45,51,35,95,56,132,122,99" hai3="39,62,38,55,40,130,118,27,111,41,78,109,21"/><V93/><F122/><W22/><G118/><N who="0" m="45099" /><D74/><U71/><E127/><V85/><F132/><W113/><G130/><T4/><D84/><U49/><E105/><V13/><F110/><W52/><G62/><T88/><D42/><U8/><E102/><V17/><F35/><W89/><G27/><T135/><D88/><U128/><E128/><V100/><F95/><W117/><G117/><T2/><D6/><U32/><E29/><V25/><F25/><W70/><G89/><T24/><D135/><U7/><REACH who="1" step="1"/><E1/><REACH who="1" ten="250,379,250,111" step="2"/><V73/><F100/><W108/><G108/><T114/><D123/><U75/><E75/><V126/><F73/><W48/><G113/><T12/><D114/><U76/><E76/><V58/><F126/><W133/><G78/><T86/><D2/><U129/><E129/><V57/><F77/><W87/><G133/><T94/><D86/><U10/><E10/><V81/><F85/><W79/><G79/><T5/><D24/><U26/><E26/><V44/><F99/><W28/><G87/><T50/><D101/><U96/><E96/><V65/><F93/><W104/><G28/><T43/><D94/><U120/><E120/><V66/><F83/><W54/><G104/><T112/><D112/><U124/><E124/><V131/><F81/><W20/><G109/><T69/><D97/><U98/><E98/><V31/><F31/><W125/><G111/><T80/><D80/><U47/><E47/><N who="2" m="17995" /><F131/><W121/><G125/><T63/><D9/><U72/><E72/><V59/><F17/><W91/><G121/><T18/><D18/><U90/><E90/><RYUUKYOKU ba="0,1" sc="250,-15,379,15,250,15,111,-15" hai1="3,7,8,11,15,19,32,33,46,49,53,60,71" hai2="13,14,51,56,57,58,59,64,65,66" /><INIT seed="6,1,1,0,5,85" ten="235,394,265,96" oya="2" hai0="27,118,50,126,99,96,33,10,125,89,107,73,56" hai1="49,1,111,64,2,43,134,122,52,112,36,17,121" hai2="69,102,129,135,104,15,5,106,91,114,65,128,66" hai3="133,70,74,54,117,9,78,123,48,34,119,24,60"/><V41/><F114/><W62/><G123/><T79/><D10/><U71/><E111/><V113/><F113/><W67/><G133/><T80/><D50/><U47/><E112/><V61/><F135/><W83/><G60/><T76/><D56/><N who="1" m="32783" /><E17/><V55/><F41/><W68/><G68/><T90/><D118/><U14/><E14/><V32/><F32/><W100/><G54/><T35/><D80/><U120/><E134/><V101/><F55/><W18/><G48/><T8/><D8/><U87/><E87/><V37/><F37/><W86/><G18/><T30/><D27/><U132/><E132/><V45/><F45/><W84/><G84/><T38/><D107/><U40/><E40/><V57/><F69/><W95/><G9/><T29/><D73/><U25/><E25/><V44/><F44/><W108/><G108/><T94/><D94/><U63/><AGARI ba="1,1" hai="1,2,36,43,47,63,64,71,120,121,122" m="32783" machi="63" ten="40,5200,0" yaku="24,1,13,1,54,1" doraHai="85" who="1" fromWho="1" sc="235,-14,394,65,265,-27,96,-14" /><INIT seed="7,0,0,4,1,81" ten="221,459,238,82" oya="3" hai0="97,46,84,44,105,75,2,20,90,134,130,5,74" hai1="55,58,135,13,127,129,34,92,3,1,35,31,114" hai2="70,95,25,118,19,24,79,117,47,132,6,71,54" hai3="82,67,91,10,57,66,120,98,125,17,9,22,28"/><W110/><G125/><T85/><D2/><U0/><E13/><V16/><F79/><W62/><G120/><T51/><D5/><U99/><E92/><V101/><F132/><W104/><G110/><T89/><D134/><U93/><E93/><V96/><F6/><W124/><G124/><T121/><D130/><U87/><E99/><V8/><F8/><W106/><G67/><T49/><D97/><U94/><E94/><V63/><F47/><W113/><G113/><T4/><D4/><U42/><E42/><V119/><F54/><W64/><G64/><T29/><D20/><U39/><E39/><V88/><F101/><W43/><G28/><T48/><D105/><U38/><E31/><V102/><F102/><W73/><G43/><T33/><D51/><N who="1" m="31103" /><E38/><V116/><F116/><W60/><G60/><T40/><D29/><U77/><E77/><V78/><F78/><W21/><G21/><T133/><D133/><U12/><E12/><V72/><F72/><W36/><G36/><T7/><D7/><U68/><E68/><V128/><F128/><W76/><G91/><T111/><D40/><U83/><E127/><V80/><F80/><W37/><G37/><T50/><D50/><U45/><E114/><V11/><F11/><N who="3" m="4107" /><G98/><T30/><D30/><U52/><E129/><V41/><F41/><W123/><G123/><T65/><D65/><U53/><E135/><V107/><F107/><W112/><G112/><T115/><D115/><U23/><E1/><V126/><F126/><W15/><G106/><T86/><D121/><U32/><E0/><V109/><F109/><RYUUKYOKU ba="0,0" sc="221,-10,459,-10,238,-10,82,30" hai3="15,17,22,57,62,66,73,76,82,104" /><INIT seed="7,1,0,5,1,33" ten="211,449,228,112" oya="3" hai0="19,131,71,129,118,108,41,111,80,117,93,67,66" hai1="38,110,7,15,16,104,135,26,68,35,45,3,52" hai2="79,125,126,39,11,65,44,43,69,63,121,132,46" hai3="92,13,76,54,120,62,4,51,105,14,24,81,6"/><W40/><G105/><T128/><D93/><U36/><E68/><V61/><F79/><W124/><G120/><T72/><D19/><U91/><E104/><V75/><F75/><W20/><G124/><N who="2" m="47721" /><F132/><W107/><G107/><T28/><D28/><U97/><E110/><N who="0" m="42025" /><D41/><U83/><E91/><V31/><F121/><W22/><G40/><T116/><D71/><U58/><E15/><N who="3" m="5642" /><G62/><T101/><D101/><U64/><E58/><V82/><F82/><W53/><G92/><T88/><D72/><U90/><E97/><V5/><F31/><N who="3" m="17799" /><G22/><T50/><D50/><U133/><E26/><V123/><F123/><W84/><G54/><T12/><D12/><U70/><E52/><V30/><F61/><W29/><G29/><T100/><D100/><U86/><E35/><V85/><F30/><W87/><G84/><AGARI ba="1,0" hai="66,67,80,84,88,116,117,118,128,129,131" m="42025" machi="84" ten="50,3200,0" yaku="19,1,54,1" doraHai="33" who="0" fromWho="3" sc="211,35,449,0,228,0,112,-35" owari="246,4.6,449,54.9,228,-17.2,77,-42.3" /></mjloggm>