<mjloggm ver="2.3"><GO type="169" lobby="0"/><UN n0="%E3%83%AA%E3%83%B3%E3%83%8D%E3%83%B3" n1="%E3%83%AB%E3%83%89%E3%82%A6%E3%82%A3%E3%83%83%E3%82%B0" n2="%E3%82%B0%E3%83%B3%E3%83%80%E3%83%AA%E3%83%BC" n3="%E3%81%8A%E3%81%98%E3%81%95%E3%82%93" dan="16,16,19,19" rate="2004.42,2111.74,2282.97,2279.72" sx="F,M,M,M"/><TAIKYOKU oya="0"/><INIT seed="0,0,0,2,5,104" ten="250,250,250,250" oya="0" hai0="64,24,60,8,43,79,120,41,51,21,112,54,119" hai1="47,70,30,52,133,123,106,6,10,101,42,93,28" hai2="129,15,114,58,108,128,121,11,31,19,34,50,9" hai3="130,78,22,32,87,48,109,37,77,2,63,86,46"/><T102/><D112/><U91/><E70/><V49/><F58/><W113/><G32/><T1/><D119/><U125/><E123/><V107/><F107/><W56/><G2/><T122/><D102/><U3/><E133/><V94/><F94/><W71/><G113/><T100/><D100/><U57/><E125/><V89/><F89/><W29/><G109/><T39/><D79/><N who="3" m="30217" /><G37/><T88/><D39/><U44/><E101/><V5/><F114/><W23/><G71/><T81/><D122/><U76/><E76/><V20/><F121/><W61/><G61/><T111/><D111/><U12/><E3/><N who="2" m="191" /><F108/><W127/><G130/><N who="2" m="50281" /><F11/><W115/><G115/><T134/><D120/><U36/><E47/><V75/><F75/><W4/><G87/><T38/><D38/><U96/><REACH who="1" step="1"/><E106/><REACH who="1" ten="250,240,250,250" step="2"/><V68/><F68/><W99/><G46/><T59/><D59/><U33/><E33/><V105/><F105/><W80/><G56/><T132/><D132/><U45/><E45/><V103/><F103/><W13/><G127/><T124/><D134/><U0/><E0/><V7/><F7/><W25/><G4/><T67/><D1/><U83/><E83/><V55/><F55/><W17/><G80/><T35/><D124/><U73/><E73/><V117/><F117/><W98/><G63/><AGARI ba="0,1" hai="6,10,12,28,30,36,42,44,52,57,63,91,93,96" machi="63" ten="30,8000,1" yaku="1,1,7,1,54,1,53,2" doraHai="104" doraHaiUra="26" who="1" fromWho="3" sc="250,0,240,90,250,0,250,-80" /><INIT seed="1,0,0,1,3,101" ten="250,330,250,170" oya="1" hai0="50,108,87,120,126,36,42,79,99,75,28,24,74" hai1="125,122,56,64,57,40,66,65,95,69,7,45,1" hai2="6,107,30,10,73,90,4,26,86,130,88,77,127" hai3="110,115,21,124,129,104,60,52,43,109,97,25,92"/><U70/><E1/><V128/><F73/><W118/><G115/><T31/><D36/><U0/><E0/><V23/><F127/><W39/><G124/><T11/><D126/><U96/><E7/><V76/><F6/><W33/><G33/><T46/><D108/><N who="3" m="41577" /><G129/><N who="2" m="49769" /><F107/><W91/><G118/><T133/><D133/><U71/><E125/><V48/><F48/><W17/><G43/><T9/><D31/><U68/><E122/><V72/><F72/><W37/><G104/><T22/><D99/><U27/><E27/><V5/><F5/><W117/><G117/><T135/><D135/><U106/><E106/><V12/><F90/><W103/><G103/><T29/><D29/><U67/><N who="1" m="16384" /><DORA hai="123" /><U58/><N who="1" m="17408" /><DORA hai="59" /><U121/><E121/><V89/><F89/><W114/><G114/><T134/><D134/><U38/><REACH who="1" step="1"/><E58/><AGARI ba="0,0" hai="17,21,25,37,39,52,58,60,91,92,97" m="41577" machi="58" ten="30,12000,2" yaku="25,1,14,1,52,4,54,1" doraHai="101,123,59" who="3" fromWho="1" sc="250,0,330,-120,250,0,170,120" /><INIT seed="2,0,0,1,0,16" ten="250,210,250,290" oya="2" hai0="9,101,120,20,100,93,92,53,81,39,1,33,73" hai1="17,13,41,121,135,94,54,51,63,0,70,118,80" hai2="48,90,21,37,23,125,114,79,87,35,123,77,133" hai3="83,11,50,98,107,43,3,30,76,84,110,22,132"/><V44/><F125/><W14/><G110/><T64/><D33/><U113/><E118/><V40/><F114/><W7/><G132/><T47/><D120/><U49/><E0/><V19/><F123/><W6/><G6/><T29/><D64/><U67/><E121/><V25/><F35/><W66/><G66/><T31/><D31/><U122/><E122/><V28/><F37/><W55/><G107/><T129/><D129/><U134/><E113/><V4/><F4/><W130/><G130/><T61/><D93/><U58/><E80/><V71/><F71/><W78/><G98/><T45/><D92/><U42/><E94/><N who="2" m="54623" /><F133/><N who="1" m="50697" /><E17/><V89/><F89/><N who="3" m="51359" /><G3/><T128/><D128/><U34/><E13/><AGARI ba="0,0" hai="13,19,21,23,25,28,40,44,48,77,79" m="54623" machi="13" ten="30,5800,0" yaku="8,1,52,2" doraHai="16" who="2" fromWho="1" sc="250,0,210,-58,250,58,290,0" /><INIT seed="2,1,0,4,3,13" ten="250,152,308,290" oya="2" hai0="100,34,91,72,58,29,93,18,62,48,79,119,88" hai1="63,54,11,71,104,51,57,61,106,65,0,85,16" hai2="130,105,5,46,120,20,83,114,49,95,108,17,116" hai3="6,76,102,37,128,14,113,24,94,32,47,69,127"/><V133/><F114/><W135/><G69/><T75/><D34/><U110/><E0/><V36/><F116/><W64/><G64/><T77/><D29/><U112/><E112/><V21/><F120/><W90/><G127/><T80/><D119/><U10/><E110/><V107/><F36/><W7/><G102/><T123/><D123/><U97/><E11/><V1/><F21/><W84/><G128/><T81/><D48/><U122/><E122/><V60/><F130/><W9/><G135/><T125/><D125/><U99/><E85/><V98/><F83/><W74/><G113/><T38/><D38/><U86/><E86/><V132/><F5/><W3/><G7/><T52/><D18/><U92/><E63/><V30/><F1/><W109/><G109/><T56/><REACH who="0" step="1"/><D58/><REACH who="0" ten="240,152,308,290" step="2"/><U121/><E121/><V43/><F30/><W28/><G37/><T126/><D126/><U45/><E57/><V66/><F108/><W70/><G70/><T22/><D22/><U31/><E31/><V87/><F133/><W115/><G115/><T50/><D50/><U124/><E124/><V53/><F132/><W42/><G32/><T25/><D25/><U55/><E71/><V129/><F20/><W96/><G24/><T68/><D68/><U19/><E19/><V82/><F17/><W101/><G28/><T73/><D73/><U78/><E16/><V4/><F49/><N who="3" m="26871" /><G74/><T33/><D33/><U117/><E117/><V111/><F111/><W131/><G131/><T39/><D39/><U8/><E51/><N who="2" m="27103" /><F129/><W35/><G35/><T15/><D15/><U27/><E27/><RYUUKYOKU ba="1,1" sc="240,30,152,-10,308,-10,290,-10" hai0="52,56,62,72,75,77,79,80,81,88,91,93,100" /><INIT seed="3,2,1,3,1,121" ten="270,142,298,280" oya="3" hai0="31,106,26,96,54,77,60,5,80,97,6,53,65" hai1="85,117,69,104,68,63,11,114,59,120,24,122,82" hai2="131,19,88,30,93,101,49,74,29,66,14,7,75" hai3="81,58,89,70,0,108,25,132,48,15,41,94,42"/><W124/><G0/><T95/><D106/><U4/><E114/><V22/><F131/><W102/><G70/><T18/><D18/><U116/><E104/><V10/><F101/><W33/><G124/><T62/><D6/><U50/><E24/><V36/><F36/><W39/><G39/><T34/><D5/><U113/><E113/><V9/><F9/><W12/><G132/><T105/><D105/><U1/><E122/><V78/><F66/><W119/><G119/><N who="1" m="45642" /><E120/><V52/><F78/><W98/><G25/><T8/><D8/><U38/><E50/><V46/><F75/><W118/><G33/><T111/><D111/><U103/><E103/><V17/><F74/><W44/><G118/><T91/><D97/><U61/><E38/><V79/><F79/><W56/><G42/><T13/><D13/><N who="3" m="5193" /><G108/><T90/><D90/><N who="1" m="51511" /><E63/><V43/><F43/><W125/><G125/><T57/><REACH who="0" step="1"/><D60/><REACH who="0" ten="260,142,298,280" step="2"/><U123/><E123/><V134/><F19/><W100/><G100/><T71/><D71/><U99/><E99/><N who="2" m="57767" /><F134/><W21/><G102/><T37/><D37/><U130/><E130/><V107/><F107/><W126/><G126/><T20/><D20/><U92/><E69/><V110/><F110/><W135/><G135/><T86/><AGARI ba="2,2" hai="26,31,34,53,54,57,62,65,77,80,86,91,95,96" machi="86" ten="20,5200,0" yaku="1,1,0,1,7,1,53,1" doraHai="121" doraHaiUra="73" who="0" fromWho="0" sc="260,78,142,-15,298,-15,280,-28" /><INIT seed="4,0,0,0,3,79" ten="338,127,283,252" oya="0" hai0="100,134,11,7,8,75,126,43,67,16,56,24,96" hai1="69,19,63,101,61,115,51,71,87,58,3,116,38" hai2="72,85,30,12,81,95,1,128,117,113,4,114,78" hai3="74,122,52,49,68,88,50,94,121,125,59,22,37"/><T73/><D126/><U20/><E3/><V17/><F30/><W26/><G74/><T62/><D134/><U77/><E38/><V105/><F105/><W33/><G37/><T89/><D43/><U99/><E116/><V83/><F117/><W6/><G68/><T48/><D89/><U28/><E28/><V32/><F32/><W41/><G33/><T70/><D70/><U60/><E51/><V23/><F128/><W13/><G125/><T42/><D42/><U40/><E40/><V64/><F95/><W133/><G133/><T44/><D44/><U10/><E10/><V104/><F104/><W131/><G131/><T65/><D65/><U107/><E115/><N who="2" m="44043" /><F64/><W2/><G2/><T118/><D48/><U91/><E77/><N who="2" m="46255" /><F4/><W112/><G112/><T124/><D124/><U92/><REACH who="1" step="1"/><E58/><REACH who="1" ten="338,117,283,252" step="2"/><V36/><F1/><W82/><G49/><T110/><D8/><U27/><AGARI ba="0,1" hai="19,20,27,60,61,63,69,71,87,91,92,99,101,107" machi="27" ten="30,7900,0" yaku="1,1,2,1,0,1,53,1" doraHai="79" doraHaiUra="90" who="1" fromWho="1" sc="338,-39,117,89,283,-20,252,-20" /><INIT seed="5,0,0,4,5,42" ten="299,206,263,232" oya="1" hai0="45,51,134,9,67,1,103,38,104,35,20,118,19" hai1="68,63,11,79,94,100,98,10,64,121,23,18,53" hai2="60,26,72,41,66,52,117,7,126,8,76,47,116" hai3="59,105,110,124,83,128,95,27,30,16,114,65,78"/><U70/><E121/><V93/><F126/><W81/><G110/><T112/><D35/><U14/><E70/><V120/><F120/><W5/><G105/><T49/><D118/><U0/><E0/><N who="2" m="103" /><F93/><W91/><G128/><T44/><D38/><U54/><E79/><V74/><F26/><W92/><G114/><T109/><D109/><U99/><E11/><V12/><F12/><W31/><G5/><T84/><D67/><U135/><E135/><V122/><F52/><W61/><G124/><T15/><D112/><U123/><E123/><V28/><F28/><N who="3" m="10795" /><G78/><T111/><D134/><U89/><REACH who="1" step="1"/><E10/><REACH who="1" ten="299,196,263,232" step="2"/><V113/><F122/><W97/><G92/><AGARI ba="0,1" hai="14,18,23,53,54,63,64,68,89,92,94,98,99,100" machi="92" ten="30,5800,0" yaku="1,1,2,1,7,1,53,0" doraHai="42" doraHaiUra="22" who="1" fromWho="3" sc="299,0,196,68,263,0,232,-58" /><INIT seed="5,1,0,4,4,121" ten="299,264,263,174" oya="1" hai0="82,8,102,134,64,130,70,79,122,123,107,69,101" hai1="108,106,3,27,85,120,128,22,98,24,43,92,55" hai2="54,32,45,81,73,103,28,6,30,5,44,10,97" hai3="2,34,114,58,84,76,15,51,78,88,74,113,133"/><U68/><E120/><N who="0" m="46121" /><D134/><U18/><E3/><V89/><F32/><W36/><G2/><T126/><D126/><U66/><E128/><V119/><F5/><W39/><G34/><T95/><D107/><U93/><E43/><V129/><F119/><W48/><G133/><T110/><D130/><U124/><E124/><V11/><F11/><W57/><G84/><T35/><D35/><U118/><E118/><V25/><F54/><W91/><REACH who="3" step="1"/><G15/><REACH who="3" ten="299,264,263,164" step="2"/><T50/><D70/><U72/><E85/><V117/><F129/><W9/><G9/><T80/><D69/><U105/><E68/><V100/><F10/><W40/><G40/><T67/><D8/><U115/><E72/><AGARI ba="1,1" hai="36,39,48,51,57,58,72,74,76,78,88,91,113,114" machi="72" ten="25,6400,0" yaku="1,1,22,2,54,1,53,0" doraHai="121" doraHaiUra="7" who="3" fromWho="1" sc="299,0,264,-67,263,0,164,77" /><INIT seed="6,0,0,0,2,114" ten="299,197,263,241" oya="2" hai0="110,125,74,7,66,56,117,116,36,104,78,63,89" hai1="70,15,50,57,86,55,76,4,101,9,88,77,54" hai2="127,130,72,84,97,11,32,99,5,91,64,124,19" hai3="40,46,68,80,25,27,45,31,92,79,129,0,52"/><V113/><F72/><W14/><G0/><T47/><D110/><U13/><E70/><V8/><F32/><W3/><G3/><T82/><D104/><U96/><E15/><N who="2" m="7655" /><F64/><W123/><G68/><T105/><D105/><U29/><E29/><V112/><F130/><W133/><G123/><T81/><D125/><N who="2" m="48202" /><F11/><W83/><G133/><T131/><D131/><U44/><E96/><N who="2" m="36939" /><F5/><W23/><G129/><T65/><D66/><U118/><E101/><V26/><F26/><W58/><G92/><AGARI ba="0,0" hai="84,91,92,112,113" m="36939,48202,7655" machi="92" ten="30,1500,0" yaku="18,1" doraHai="114" who="2" fromWho="3" sc="299,0,197,0,263,15,241,-15" /><INIT seed="6,1,0,5,1,67" ten="299,197,278,226" oya="2" hai0="65,114,129,5,29,125,66,20,38,102,116,55,77" hai1="104,94,97,95,16,33,112,76,31,96,32,78,7" hai2="99,98,91,52,24,34,27,19,17,3,84,62,12" hai3="90,4,8,130,50,69,10,64,124,88,82,106,121"/><V117/><F117/><W18/><G121/><T46/><D114/><U115/><E7/><V108/><F3/><W61/><G106/><T15/><D129/><U54/><E31/><V107/><F107/><W86/><G130/><T93/><D125/><U21/><E104/><V41/><F41/><W0/><G124/><T36/><D36/><U37/><E37/><V28/><F27/><W22/><G10/><T101/><D77/><U100/><E54/><V42/><F42/><W92/><G50/><N who="0" m="29143" /><D38/><U127/><E127/><V11/><F19/><W68/><G68/><T57/><D57/><U58/><E58/><V118/><F108/><W56/><G56/><T133/><D102/><U39/><E39/><V123/><F118/><W111/><G111/><T105/><D105/><U132/><E132/><V47/><F123/><W35/><G35/><T83/><D83/><U72/><E33/><V13/><F13/><W81/><REACH who="3" step="1"/><G90/><REACH who="3" ten="299,197,278,216" step="2"/><T14/><D116/><U122/><E32/><V131/><F131/><W60/><G60/><T45/><D133/><U44/><E122/><V126/><F62/><W59/><G59/><T9/><D45/><U74/><E44/><V53/><F126/><W89/><G89/><T70/><D70/><U79/><E74/><V25/><F47/><W71/><G71/><T103/><D9/><U26/><E72/><V113/><F11/><W40/><G40/><T43/><D43/><U49/><E49/><V51/><F51/><W73/><G73/><T119/><D119/><U6/><E6/><V120/><F120/><W128/><G128/><T48/><D48/><RYUUKYOKU ba="1,1" sc="299,-15,197,15,278,-15,216,15" hai1="16,21,26,76,78,79,94,95,96,97,100,112,115" hai3="0,4,8,18,22,61,64,69,81,82,86,88,92" /><INIT seed="7,2,1,0,0,14" ten="284,212,263,231" oya="3" hai0="21,104,33,126,96,74,116,69,4,113,32,115,20" hai1="37,71,15,5,0,107,110,68,118,54,81,57,17" hai2="122,67,27,106,36,129,3,9,66,22,56,101,8" hai3="135,63,49,16,42,90,29,39,31,100,80,114,61"/><W46/><G114/><N who="0" m="43531" /><D116/><U40/><E110/><V59/><F36/><W12/><G135/><T34/><D126/><U102/><E0/><V52/><F3/><W1/><G1/><T117/><D117/><U103/><E5/><V124/><F106/><W70/><G100/><N who="0" m="62471" /><D69/><U123/><E118/><V112/><F101/><W88/><G39/><T38/><D38/><U83/><E123/><V28/><F129/><W47/><G47/><T99/><D74/><U95/><E107/><V86/><F124/><W72/><G72/><T18/><D4/><U73/><E71/><V51/><F59/><W24/><G70/><T30/><D30/><N who="3" m="11273" /><G24/><N who="0" m="14359" /><D21/><N who="1" m="11455" /><E68/><V64/><F122/><W48/><G48/><T41/><D99/><N who="1" m="59775" /><E103/><V10/><F112/><W6/><G6/><T53/><D53/><U7/><E73/><V87/><AGARI ba="2,1" hai="8,9,10,22,27,28,51,52,56,64,66,67,86,87" machi="87" ten="40,5200,0" yaku="0,1,8,1,54,1" doraHai="14" who="2" fromWho="2" sc="284,-15,212,-15,263,68,231,-28" owari="269,6.9,197,-30.3,331,43.1,203,-19.7" /></mjloggm>