<mjloggm ver="2.3"><GO type="169" lobby="0"/><UN n0="%E8%B2%B4%E6%97%8F%E7%B3%BB%E9%9B%80%E5%A3%AB" n1="%48%69%62%69%6B%69" n2="%4E%49%4B%55%59%41" n3="%E4%BF%BA%E3%81%A7%E3%81%99" dan="17,16,17,16" rate="2180.23,2116.68,2219.36,2058.72" sx="M,F,M,M"/><TAIKYOKU oya="0"/><INIT seed="0,0,0,5,2,41" ten="250,250,250,250" oya="0" hai0="50,13,37,101,100,127,89,49,58,122,69,73,71" hai1="79,33,131,98,59,26,82,25,76,38,43,120,11" hai2="118,44,64,96,85,7,115,54,3,113,1,67,9" hai3="56,47,45,135,62,29,30,121,27,17,104,124,80"/><T74/><D122/><U92/><E120/><V6/><F85/><W51/><G121/><T130/><D37/><U2/><E131/><V68/><F96/><W86/><G104/><T134/><D13/><U72/><E79/><V84/><F84/><W78/><G135/><T31/><D31/><N who="3" m="11785" /><G51/><T114/><D58/><U40/><E59/><V35/><F35/><W106/><G106/><T133/><D89/><U95/><E43/><V83/><F83/><W111/><G111/><T63/><D63/><U16/><E95/><V28/><F28/><W119/><G119/><T128/><REACH who="0" step="1"/><D127/><REACH who="0" ten="240,250,250,250" step="2"/><U132/><E38/><V87/><F118/><W22/><G124/><T42/><D42/><U126/><E40/><V57/><F57/><W46/><G46/><T36/><D36/><U5/><E126/><V66/><F44/><W94/><G94/><T19/><D19/><U77/><E16/><V21/><F6/><W48/><G48/><T60/><D60/><U81/><E5/><V32/><F7/><W0/><G0/><T39/><D39/><U103/><E2/><V90/><F3/><W18/><G18/><T61/><D61/><U102/><E92/><V12/><F1/><W10/><G10/><T99/><D99/><U23/><E98/><V112/><F9/><W107/><G107/><T116/><D116/><U117/><E11/><V70/><F32/><W123/><G123/><T129/><D129/><U34/><E117/><V8/><F8/><W55/><AGARI ba="0,1" hai="17,22,27,45,47,55,56,62,78,80,86" m="11785" machi="55" ten="30,4000,0" yaku="8,1,52,2" doraHai="41" who="3" fromWho="3" sc="240,-20,250,-10,250,-10,250,50" /><INIT seed="1,0,0,2,3,23" ten="220,240,240,300" oya="1" hai0="76,127,89,7,67,93,85,75,34,94,13,42,11" hai1="72,74,14,30,131,58,129,115,48,45,109,118,122" hai2="10,31,37,83,92,43,120,39,27,20,112,40,133" hai3="132,52,82,135,119,77,3,123,22,86,60,59,80"/><U8/><E122/><V16/><F120/><W79/><G3/><T0/><D127/><U125/><E118/><V2/><F133/><N who="3" m="51275" /><G123/><T84/><D75/><U1/><E115/><V25/><F112/><W99/><G119/><T32/><D0/><U44/><E1/><V108/><F108/><W38/><G38/><T106/><D106/><U63/><E125/><V95/><F83/><N who="3" m="31787" /><G86/><T117/><D117/><U61/><E30/><V47/><F40/><W69/><G69/><T100/><D76/><U70/><E70/><V81/><F81/><W98/><G22/><T124/><D42/><U28/><E109/><V12/><F39/><W41/><G41/><T51/><D124/><U35/><E72/><V71/><F71/><W62/><G62/><T68/><D51/><U128/><E48/><V105/><F105/><W24/><G24/><T53/><D84/><U33/><E63/><V87/><F87/><W102/><G102/><T126/><D126/><U121/><E74/><V15/><F2/><W19/><G19/><T65/><D34/><N who="1" m="12811" /><E121/><V111/><F111/><W64/><G64/><T18/><D32/><U101/><E101/><V88/><F27/><W36/><G36/><T49/><D68/><U5/><E28/><V29/><F29/><W56/><G56/><N who="0" m="32815" /><D18/><U17/><E17/><N who="2" m="8343" /><F88/><W134/><N who="3" m="51283" /><W54/><DORA hai="110" /><G54/><AGARI ba="0,0" hai="5,8,14,44,45,54,58,61,128,129,131" m="12811" machi="54" ten="40,2000,0" yaku="19,1" doraHai="23,110" who="1" fromWho="3" sc="220,0,240,20,240,0,300,-20" /><INIT seed="1,1,0,1,3,51" ten="220,260,240,280" oya="1" hai0="85,35,60,16,27,66,50,94,106,120,104,3,64" hai1="26,2,58,84,30,25,87,86,114,131,99,101,112" hai2="56,75,103,20,95,19,70,97,107,91,8,123,90" hai3="18,116,45,49,92,125,52,5,117,7,79,89,39"/><U24/><E131/><V113/><F70/><W46/><G125/><T100/><D3/><U65/><E2/><V36/><F123/><W81/><G18/><T22/><D120/><U0/><E0/><V33/><F33/><W111/><G111/><T68/><D66/><U118/><E118/><N who="3" m="45674" /><G39/><T54/><D35/><U43/><E43/><V38/><F113/><W93/><G45/><T108/><D108/><U128/><E128/><V40/><F75/><N who="3" m="43263" /><G93/><T29/><D29/><U31/><E112/><V13/><F40/><W71/><G71/><T129/><D129/><U98/><E114/><V121/><F121/><W78/><G78/><T124/><D124/><U69/><E69/><V105/><F105/><W37/><G37/><T109/><D109/><U14/><E14/><V74/><F74/><W53/><G53/><T67/><D64/><U80/><E80/><V61/><F8/><W42/><G42/><T122/><D122/><U110/><E110/><V11/><F11/><W83/><G83/><T134/><D134/><U82/><E82/><V72/><F72/><W59/><G59/><T9/><D9/><U47/><E47/><V32/><F107/><W4/><G5/><T62/><D104/><U1/><E1/><V126/><F126/><W10/><G10/><T115/><D106/><U135/><E135/><V77/><F77/><W63/><G63/><N who="0" m="40063" /><D115/><U133/><E133/><V119/><F119/><W102/><G102/><T15/><D100/><U6/><E101/><V44/><F103/><W132/><G132/><T96/><D62/><N who="1" m="38103" /><E6/><V28/><F36/><W48/><G48/><RYUUKYOKU ba="1,0" sc="220,-15,260,15,240,-15,280,15" hai1="24,25,26,30,31,84,86,87,98,99" hai3="4,7,46,49,52,89,92" /><INIT seed="1,2,0,4,5,52" ten="205,275,225,295" oya="1" hai0="30,66,55,38,91,73,72,23,118,105,106,33,28" hai1="34,71,50,131,53,82,80,101,94,57,21,35,61" hai2="123,15,56,125,110,43,18,12,86,114,9,64,1" hai3="75,27,29,49,87,81,113,89,120,2,22,107,11"/><U31/><E131/><V88/><F123/><W115/><G120/><T117/><D55/><U124/><E124/><V51/><F125/><W13/><G107/><T4/><D23/><U69/><E34/><V103/><F1/><W92/><G2/><T25/><D91/><U100/><E35/><V128/><F128/><W129/><G129/><T77/><D66/><U95/><E69/><V26/><F110/><W90/><G49/><T99/><D33/><U62/><E71/><V5/><F114/><W60/><G60/><N who="1" m="23146" /><E94/><V65/><F26/><W44/><G44/><T109/><D77/><U116/><E116/><V10/><F103/><N who="1" m="39497" /><E95/><N who="2" m="54679" /><F43/><W119/><G119/><T132/><D99/><U20/><E31/><V45/><F45/><W19/><REACH who="3" step="1"/><G75/><REACH who="3" ten="205,275,225,285" step="2"/><T93/><D73/><U46/><E46/><V111/><F111/><W6/><G6/><T134/><D4/><U8/><E8/><V70/><F70/><W24/><G24/><T79/><D25/><U41/><E41/><V54/><AGARI ba="2,1" hai="5,9,10,12,15,18,51,54,56,64,65" m="54679" machi="54" ten="30,4000,0" yaku="8,1,52,1,54,1" doraHai="52" who="2" fromWho="2" sc="205,-12,275,-22,225,56,285,-12" /><INIT seed="2,0,0,1,3,34" ten="193,253,281,273" oya="2" hai0="29,36,108,13,98,37,97,45,70,96,24,80,48" hai1="101,62,68,15,115,31,19,118,104,10,75,16,74" hai2="53,99,61,35,51,81,46,126,134,107,7,92,56" hai3="105,23,40,65,44,67,85,72,122,28,58,119,20"/><V4/><F107/><W123/><G72/><T5/><D108/><U133/><E118/><V77/><F126/><W86/><G119/><T57/><D70/><U47/><E115/><V106/><F134/><W88/><G105/><T38/><D57/><U26/><E133/><V66/><F106/><W90/><G58/><T89/><D13/><U49/><E19/><V128/><F35/><W73/><G73/><T71/><D71/><U42/><E104/><V17/><F17/><W63/><G28/><T64/><D64/><U110/><E101/><V22/><F22/><W3/><G40/><T78/><D5/><U30/><E30/><V9/><F9/><W114/><G44/><T125/><D89/><U11/><E11/><V84/><REACH who="2" step="1"/><F128/><REACH who="2" ten="193,253,271,273" step="2"/><W0/><REACH who="3" step="1"/><G63/><REACH who="3" ten="193,253,271,263" step="2"/><T27/><D125/><U18/><E62/><V95/><F95/><W94/><G94/><T69/><D29/><U100/><E31/><V32/><F32/><W132/><G132/><T82/><D82/><U113/><E113/><AGARI ba="0,2" hai="0,3,20,23,65,67,85,86,88,90,113,114,122,123" machi="113" ten="25,12000,2" yaku="1,1,22,2,52,2,54,1,53,0" doraHai="34" doraHaiUra="43" who="3" fromWho="1" sc="193,0,253,-120,271,0,263,140" /><INIT seed="3,0,0,4,5,74" ten="193,133,271,403" oya="3" hai0="134,46,87,32,65,63,82,70,90,108,59,79,19" hai1="44,126,16,38,133,42,11,4,86,9,113,8,27" hai2="37,15,56,98,120,135,116,88,45,23,72,49,25" hai3="84,112,68,107,97,29,10,26,21,60,13,5,125"/><W106/><G112/><T123/><D108/><U35/><E113/><V1/><F1/><W93/><G125/><T100/><D134/><U57/><E126/><V43/><F116/><W50/><G84/><T6/><D32/><U41/><E133/><V76/><F135/><W118/><G118/><T103/><D123/><U36/><E57/><V48/><F120/><W109/><G109/><T83/><D70/><U102/><E102/><V92/><F15/><W110/><G110/><T61/><D61/><U64/><E64/><V34/><F34/><W66/><REACH who="3" step="1"/><G50/><REACH who="3" ten="193,133,271,393" step="2"/><T30/><D30/><U80/><E38/><V124/><F124/><W53/><G53/><T0/><D19/><U12/><E41/><V101/><F48/><W58/><G58/><T130/><D46/><U95/><E4/><V2/><F56/><W119/><G119/><T96/><D96/><U105/><E105/><V99/><F37/><W114/><G114/><T129/><D6/><U22/><E95/><V31/><F72/><W69/><G69/><T67/><D67/><U75/><E75/><V39/><F39/><W85/><G85/><T62/><D62/><U54/><E54/><V111/><F111/><W3/><G3/><T121/><D121/><U117/><E117/><V71/><F2/><W78/><G78/><T91/><D0/><U40/><E40/><V52/><F76/><W127/><G127/><T24/><D79/><U28/><E86/><V7/><F7/><W132/><G132/><T20/><D87/><U55/><E55/><V18/><F52/><W47/><G47/><T17/><D65/><RYUUKYOKU ba="0,1" sc="193,-15,133,15,271,-15,393,15" hai1="8,9,11,12,16,22,27,28,35,36,42,44,80" hai3="5,10,13,21,26,29,60,66,68,93,97,106,107" /><INIT seed="3,1,1,1,5,1" ten="178,148,256,408" oya="3" hai0="126,30,92,91,40,42,87,66,107,121,9,26,118" hai1="79,75,96,119,7,62,44,55,41,135,113,61,45" hai2="72,15,132,93,106,28,47,49,103,24,14,105,18" hai3="83,31,133,4,0,60,51,56,104,52,128,58,50"/><W19/><G128/><T114/><D118/><U53/><E113/><V12/><F72/><W109/><G133/><T65/><D121/><U16/><E75/><V13/><F132/><W77/><G104/><T3/><D126/><U131/><E79/><V134/><F134/><W67/><G109/><T34/><D107/><U120/><E135/><V100/><F18/><W116/><G116/><T54/><D54/><U99/><E119/><V85/><F85/><W10/><G31/><T94/><D94/><U32/><E16/><V29/><F29/><W111/><G111/><T88/><D91/><U11/><E32/><V125/><F125/><W98/><G19/><T84/><D84/><U80/><E80/><V17/><F17/><W37/><G37/><T89/><D89/><U39/><E131/><V35/><N who="2" m="3072" /><DORA hai="82" /><V38/><F38/><W76/><G98/><T117/><D117/><U108/><E39/><V25/><F25/><W78/><REACH who="3" step="1"/><G51/><REACH who="3" ten="178,148,256,398" step="2"/><T8/><D114/><U101/><E108/><V64/><F106/><W130/><G130/><T97/><D97/><U127/><E127/><V43/><F105/><W36/><G36/><T112/><D112/><U69/><E99/><N who="2" m="59503" /><F103/><W68/><G68/><T115/><D115/><U123/><E69/><V86/><F49/><W27/><G27/><T5/><REACH who="0" step="1"/><D9/><REACH who="0" ten="168,148,256,398" step="2"/><U90/><E11/><V70/><F28/><W46/><G46/><T95/><D95/><U2/><E96/><V102/><F102/><W124/><G124/><T59/><D59/><U23/><E101/><V81/><F47/><W6/><G6/><T20/><D20/><RYUUKYOKU ba="1,3" sc="168,15,148,-15,256,-15,398,15" hai0="3,5,8,26,30,34,40,42,65,66,87,88,92" hai3="0,4,10,50,52,56,58,60,67,76,77,78,83" /><INIT seed="3,2,3,2,4,129" ten="183,133,241,413" oya="3" hai0="84,44,24,43,117,59,50,14,86,85,23,108,83" hai1="7,62,102,11,3,48,98,32,128,27,21,135,96" hai2="124,49,114,53,29,67,91,22,95,52,88,56,41" hai3="87,130,12,109,127,99,111,45,119,82,19,110,93"/><W73/><G119/><T106/><D108/><U125/><E128/><V31/><F114/><W64/><G130/><T131/><D117/><U107/><E125/><V66/><F124/><W36/><G127/><T40/><D106/><U116/><E116/><V78/><F78/><N who="3" m="46551" /><G64/><N who="2" m="24617" /><F41/><N who="3" m="22695" /><G73/><T10/><D59/><U97/><E135/><V100/><F53/><W38/><G38/><T13/><D13/><U132/><E132/><V105/><F105/><W80/><G80/><T26/><D26/><U34/><E62/><V70/><F70/><W92/><G99/><T75/><D75/><U94/><E48/><V81/><F81/><W76/><G76/><T90/><D43/><U46/><E46/><V112/><F112/><W1/><G1/><T2/><D2/><U37/><E97/><N who="2" m="59455" /><F22/><AGARI ba="2,3" hai="12,19,22,92,93,109,110,111" m="22695,46551" machi="22" ten="30,2900,0" yaku="14,1,10,1" doraHai="129" who="3" fromWho="2" sc="183,0,133,0,241,-35,413,65" /><INIT seed="3,3,0,3,0,91" ten="183,133,206,478" oya="3" hai0="12,67,60,21,39,53,112,101,105,33,71,40,37" hai1="78,34,57,62,28,2,18,93,77,111,56,123,73" hai2="103,15,122,108,23,32,83,81,58,16,86,133,1" hai3="31,63,97,47,90,14,87,42,89,46,20,68,126"/><W55/><G126/><T129/><D33/><U96/><E111/><V8/><F108/><W10/><G68/><T82/><D105/><U107/><E107/><V120/><F32/><W104/><G104/><T113/><D101/><U3/><E123/><N who="2" m="47147" /><F133/><W125/><G125/><T134/><D82/><U119/><E119/><V102/><F58/><N who="3" m="35295" /><G42/><T128/><D12/><U5/><E2/><V48/><F48/><W27/><G97/><T84/><D84/><U131/><E131/><N who="0" m="50249" /><D21/><U0/><E0/><V79/><F81/><N who="3" m="49391" /><G90/><T52/><D134/><U94/><E73/><V98/><F98/><W6/><AGARI ba="3,0" hai="6,10,14,20,27,31,46,47" m="49391,35295" machi="6" ten="30,1500,0" yaku="8,1" doraHai="91" who="3" fromWho="3" sc="183,-8,133,-8,206,-8,478,24" /><INIT seed="3,4,0,5,3,47" ten="175,125,198,502" oya="3" hai0="132,92,124,28,13,33,17,59,114,78,113,72,95" hai1="77,102,94,126,22,129,135,6,53,52,62,96,128" hai2="110,4,134,15,73,84,70,86,100,57,23,35,69" hai3="120,2,48,44,106,20,41,45,1,122,85,21,42"/><W123/><G106/><T108/><D108/><U40/><E135/><V10/><F35/><W63/><G63/><T36/><D36/><U34/><E34/><V30/><F73/><W64/><G64/><T118/><D118/><U115/><E115/><N who="0" m="44041" /><D124/><U14/><E126/><V116/><F116/><W12/><G85/><T65/><D28/><U60/><E77/><V37/><F37/><W7/><G20/><T81/><D33/><U58/><E40/><V82/><F110/><W88/><G88/><T107/><D107/><U98/><E98/><V18/><F30/><W91/><G91/><T71/><D71/><U76/><E76/><V16/><F134/><W27/><G12/><T133/><D95/><U46/><E62/><V125/><F125/><W103/><G7/><T54/><D92/><U99/><E99/><V61/><F100/><W5/><G103/><T38/><D65/><U119/><E119/><V83/><F86/><W3/><G5/><T29/><D29/><U130/><E6/><V109/><F109/><W19/><REACH who="3" step="1"/><G123/><REACH who="3" ten="175,125,198,492" step="2"/><T8/><D38/><AGARI ba="4,1" hai="1,2,3,19,21,27,38,41,42,44,45,48,120,122" machi="38" ten="40,12000,1" yaku="1,1,2,1,52,1,53,2" doraHai="47" doraHaiUra="43" who="3" fromWho="0" sc="175,-132,125,0,198,0,492,142" /><INIT seed="3,5,0,5,0,120" ten="43,125,198,634" oya="3" hai0="17,24,93,134,35,49,16,36,92,44,122,106,117" hai1="90,38,112,3,109,29,108,76,94,54,130,96,77" hai2="97,88,5,100,28,125,119,75,8,7,135,51,39" hai3="79,14,111,31,34,6,98,101,57,102,26,2,48"/><W20/><G2/><T69/><D106/><U10/><E112/><V11/><F39/><W73/><G79/><T18/><D122/><U64/><E130/><V43/><F75/><W87/><G73/><T104/><D104/><U118/><E118/><V46/><F119/><W132/><G132/><T115/><D117/><U23/><E38/><V45/><F125/><W99/><G87/><T82/><D36/><U95/><E64/><V65/><F28/><W110/><G57/><T91/><D69/><U129/><E129/><V30/><F30/><W113/><G48/><T50/><D35/><U127/><E54/><V123/><F65/><W121/><G121/><T81/><D24/><N who="1" m="16543" /><E95/><V12/><F45/><W13/><G113/><T66/><D66/><U105/><E105/><V62/><F62/><W126/><G126/><T37/><D37/><U63/><E63/><V4/><F46/><W72/><G72/><T86/><D50/><U61/><E61/><V33/><F51/><W78/><G78/><T85/><D134/><U114/><E114/><V52/><F33/><W56/><G56/><T107/><D107/><U9/><E127/><V83/><F135/><W59/><G59/><T60/><D60/><U128/><E10/><V89/><F8/><W40/><G40/><N who="0" m="24711" /><D115/><U22/><E22/><V68/><F43/><W53/><G34/><T70/><D70/><U103/><E128/><V21/><F68/><W47/><G20/><T71/><D71/><U55/><E55/><V19/><F21/><W25/><G53/><T0/><D0/><U116/><E116/><V41/><F52/><RYUUKYOKU ba="5,0" sc="43,30,125,-10,198,-10,634,-10" hai0="16,17,18,81,82,85,86,91,92,93" /><INIT seed="4,6,0,0,2,86" ten="73,115,188,624" oya="0" hai0="3,54,101,79,68,105,81,130,51,131,57,46,102" hai1="83,49,76,2,65,74,0,127,111,123,122,97,70" hai2="118,114,126,92,103,47,26,15,125,61,134,28,89" hai3="14,87,48,119,30,22,7,16,41,115,43,52,39"/><T88/><D68/><U58/><E111/><V132/><F103/><W29/><G115/><T116/><D3/><U107/><E127/><N who="2" m="48651" /><F114/><W8/><G119/><T117/><D117/><U21/><E21/><N who="2" m="15439" /><F118/><W128/><G128/><N who="0" m="49195" /><D105/><U112/><E58/><V9/><F61/><W37/><G37/><T91/><D116/><U93/><E49/><V78/><F78/><W12/><G87/><N who="0" m="48575" /><D102/><N who="1" m="62927" /><E112/><V85/><F47/><N who="3" m="27679" /><G39/><T44/><D101/><U62/><E93/><V45/><F45/><AGARI ba="6,0" hai="44,45,46,51,54,57,88,91" m="48575,49195" machi="45" ten="30,11600,0" yaku="19,1,52,2,54,1" doraHai="86" who="0" fromWho="2" sc="73,134,115,0,188,-134,624,0" /><INIT seed="4,7,0,0,5,37" ten="207,115,54,624" oya="0" hai0="85,91,95,83,98,3,132,70,82,102,93,67,88" hai1="36,71,123,48,25,108,72,46,56,2,65,113,100" hai2="129,30,109,131,52,119,39,31,16,51,44,81,118" hai3="68,47,134,17,43,28,107,89,104,62,78,29,4"/><T103/><D3/><U12/><E123/><V127/><F109/><W99/><G78/><T110/><D70/><U135/><E2/><V76/><F39/><W96/><G4/><T18/><D67/><U69/><E108/><V105/><F105/><W59/><G68/><T15/><D110/><U74/><E71/><V13/><F127/><W49/><G134/><T114/><D114/><U14/><E135/><V54/><F54/><W34/><G17/><T60/><D60/><U84/><E113/><V27/><F131/><W50/><G50/><T10/><D132/><U63/><E100/><AGARI ba="7,0" hai="10,15,18,82,83,85,88,91,93,95,98,100,102,103" machi="100" ten="40,3900,0" yaku="8,1,54,1" doraHai="37" who="0" fromWho="1" sc="207,60,115,-60,54,0,624,0" /><INIT seed="4,8,0,4,4,38" ten="267,55,54,624" oya="0" hai0="6,33,27,5,92,86,84,34,99,111,134,18,62" hai1="52,45,127,116,104,78,75,130,94,60,82,1,48" hai2="131,10,110,103,89,69,2,107,132,71,29,121,117" hai3="7,72,65,126,113,56,16,15,58,50,70,51,24"/><T118/><D118/><U40/><E116/><V98/><F117/><W30/><G113/><T125/><D125/><U0/><E127/><V17/><F110/><W112/><G112/><T61/><D134/><U31/><E104/><V135/><F121/><W12/><G72/><T79/><D111/><U91/><E31/><V101/><F131/><W133/><G70/><T25/><D92/><U77/><E77/><V90/><F29/><W19/><G126/><T37/><D37/><U67/><E130/><V13/><F2/><W39/><G39/><T124/><D124/><U35/><E35/><V46/><F101/><W63/><G7/><T106/><D18/><U3/><E52/><V32/><F32/><W26/><G133/><N who="2" m="51273" /><F46/><W73/><G73/><T44/><D44/><U66/><REACH who="1" step="1"/><E60/><REACH who="1" ten="267,45,54,624" step="2"/><V59/><F59/><W23/><G30/><T80/><D106/><U41/><E41/><V115/><F115/><W68/><G68/><AGARI ba="8,1" hai="10,13,17,68,69,71,89,90,98,103,107" m="51273" machi="68" ten="30,1000,0" yaku="20,1" doraHai="38" who="2" fromWho="3" sc="267,0,45,0,54,44,624,-34" /><INIT seed="5,0,0,5,5,90" ten="267,45,98,590" oya="1" hai0="133,118,93,85,3,55,35,4,18,25,0,49,92" hai1="68,76,37,87,79,11,105,131,117,8,132,124,53" hai2="101,52,107,83,26,135,71,40,38,64,1,23,60" hai3="110,127,46,72,86,69,65,24,45,13,119,112,34"/><U74/><E117/><V17/><F1/><W73/><G110/><T81/><D118/><U102/><E68/><V123/><F123/><W16/><G112/><T111/><D111/><U10/><E37/><V125/><F125/><W95/><G127/><T22/><D133/><U41/><E124/><V44/><F135/><W61/><G119/><T5/><D35/><U50/><E132/><V42/><F42/><W97/><G86/><T9/><D4/><U6/><E74/><V59/><F83/><W89/><G34/><T75/><D0/><U19/><E131/><V36/><F36/><W129/><G129/><T33/><D33/><U103/><E41/><V47/><F47/><W94/><G24/><T91/><D75/><U2/><E105/><V115/><F115/><W70/><G70/><T100/><D100/><N who="1" m="38443" /><E6/><V96/><REACH who="2" step="1"/><F71/><REACH who="2" ten="267,45,88,590" step="2"/><W78/><G45/><AGARI ba="0,1" hai="3,5,9,18,22,25,45,49,55,81,85,91,92,93" machi="45" ten="30,3900,0" yaku="7,1,52,2" doraHai="90" who="0" fromWho="3" sc="267,49,45,0,88,0,590,-39" /><INIT seed="6,0,0,3,0,28" ten="316,45,88,551" oya="2" hai0="68,4,56,6,102,29,99,117,9,57,11,122,38" hai1="83,13,60,86,94,16,42,24,85,132,49,65,62" hai2="116,10,50,125,54,23,41,108,126,106,1,134,37" hai3="79,88,115,130,26,131,15,59,58,89,118,121,75"/><V82/><F106/><W17/><G121/><T84/><D68/><U34/><E132/><V35/><F116/><W0/><G118/><T25/><D38/><U98/><E24/><V128/><F23/><W133/><G0/><T32/><D122/><U93/><E34/><V100/><F100/><W44/><G133/><T30/><D30/><U97/><E49/><V72/><F35/><W39/><G115/><T90/><D9/><U127/><E42/><V18/><F18/><W113/><G113/><T51/><D51/><U31/><E31/><V78/><F108/><W71/><G71/><T40/><D40/><U112/><E112/><V19/><F19/><W20/><G26/><T73/><D73/><U61/><E65/><V14/><F14/><W74/><G44/><T66/><D66/><U67/><E67/><V22/><F22/><W95/><G39/><T48/><D48/><U46/><E46/><V87/><F50/><W12/><G17/><T55/><D55/><U33/><E33/><V36/><F54/><W92/><G20/><T63/><D63/><U47/><E47/><V105/><F41/><W104/><G104/><T129/><D6/><U111/><E111/><V43/><F43/><W81/><G15/><T124/><D124/><U52/><E127/><V45/><F37/><W110/><G12/><N who="0" m="5223" /><D129/><U119/><E119/><V8/><F36/><W70/><G110/><T5/><D5/><U77/><E52/><V80/><F125/><W7/><G7/><T21/><D32/><U2/><E2/><V64/><F126/><W109/><G109/><T76/><D117/><RYUUKYOKU ba="0,0" sc="316,0,45,0,88,0,551,0" /><INIT seed="7,1,0,2,5,2" ten="316,45,88,551" oya="3" hai0="65,32,41,26,67,99,40,114,61,131,4,8,118" hai1="24,1,78,104,39,10,60,84,71,107,101,44,7" hai2="80,46,126,92,135,35,12,22,124,63,13,9,127" hai3="76,70,103,125,134,83,68,47,95,81,52,113,54"/><W3/><G113/><T73/><D73/><U79/><E84/><V115/><F35/><W122/><G122/><T93/><D118/><U49/><E79/><V132/><F115/><W50/><G3/><T28/><D67/><N who="1" m="41447" /><E49/><V16/><F92/><W120/><G120/><T69/><D131/><U66/><E66/><V85/><F46/><W53/><G134/><N who="2" m="51241" /><F63/><W33/><G33/><T56/><D69/><U38/><E78/><N who="2" m="46231" /><F124/><W100/><G125/><T57/><D57/><U29/><E44/><V97/><F97/><W98/><G103/><T19/><D19/><AGARI ba="1,0" hai="9,12,13,16,19,22,126,127" m="46231,51241" machi="19" ten="30,2000,0" yaku="20,1,54,1" doraHai="2" who="2" fromWho="0" sc="316,-23,45,0,88,23,551,0" owari="293,9.3,45,-45.5,111,-28.9,551,65.1" /></mjloggm>