<mjloggm ver="2.3"><GO type="169" lobby="0"/><UN n0="%E3%81%97%E3%82%83%E3%82%8B%E3%81%BC%E3%82%93" n1="%E6%BC%AB%E6%89%8D%E9%BA%BB%E5%B0%86%E5%91%86%E5%91%86" n2="%E8%82%89%E5%9B%A3%E5%AD%90%E5%85%88%E7%94%9F" n3="%E8%BE%9B%E5%8F%A3%E3%82%AB%E3%83%AC%E3%83%BC%E3%83%A9%E3%82%A4%E3%82%B9" dan="16,16,16,16" rate="2117.83,2035.11,2057.64,2126.49" sx="M,F,M,M"/><TAIKYOKU oya="0"/><INIT seed="0,0,0,2,3,6" ten="250,250,250,250" oya="0" hai0="58,131,17,89,85,51,100,70,53,78,99,55,134" hai1="24,25,32,117,50,22,94,42,108,31,27,98,83" hai2="75,67,106,113,76,118,34,88,73,10,120,12,61" hai3="3,130,59,33,46,91,109,64,132,54,77,15,41"/><T82/><D131/><U103/><E117/><V114/><F120/><W135/><G3/><T74/><D134/><N who="3" m="51241" /><G33/><T90/><D70/><U8/><E108/><V40/><F106/><W48/><G77/><T101/><D101/><U86/><E8/><V19/><F34/><W52/><G91/><T47/><D74/><U80/><E80/><V63/><F118/><W68/><G15/><T71/><D71/><U20/><E32/><V44/><F63/><N who="3" m="39967" /><G109/><T13/><D100/><U49/><E42/><V4/><F4/><W105/><G105/><T97/><D90/><U29/><REACH who="1" step="1"/><E25/><REACH who="1" ten="250,240,250,250" step="2"/><V11/><F11/><W56/><G130/><T110/><D110/><U38/><E38/><V69/><F114/><W122/><G122/><T104/><D78/><AGARI ba="0,1" hai="20,22,24,27,29,31,49,50,78,83,86,94,98,103" machi="78" ten="30,7700,0" yaku="1,1,7,1,9,1,8,1,53,0" doraHai="6" doraHaiUra="57" who="1" fromWho="0" sc="250,-77,240,87,250,0,250,0" /><INIT seed="1,0,0,0,5,78" ten="173,327,250,250" oya="1" hai0="30,134,5,32,124,85,16,7,130,56,20,46,40" hai1="59,105,110,65,115,101,6,93,23,24,63,122,74" hai2="35,67,50,103,77,98,84,38,58,1,120,86,112" hai3="113,91,102,106,131,109,22,18,100,83,62,75,60"/><U2/><E115/><V36/><F112/><W71/><G113/><T34/><D130/><U114/><E114/><V132/><F120/><W55/><G109/><T54/><D134/><U96/><E122/><V135/><F35/><W70/><G131/><T45/><D124/><U123/><E123/><V29/><F29/><W80/><G75/><T79/><D30/><N who="1" m="17695" /><E105/><V44/><F1/><W8/><G8/><T116/><D116/><U129/><E129/><V21/><F21/><W4/><G4/><N who="0" m="1611" /><D34/><U72/><E110/><V53/><F86/><W10/><G10/><AGARI ba="0,0" hai="2,6,10,59,63,65,72,74,93,96,101" m="17695" machi="10" ten="30,1500,0" yaku="25,1" doraHai="78" who="1" fromWho="3" sc="173,0,327,15,250,0,250,-15" /><INIT seed="1,1,0,0,5,88" ten="173,342,250,235" oya="1" hai0="130,30,32,62,114,73,2,82,107,25,23,119,117" hai1="84,104,110,57,99,83,97,36,96,94,4,124,98" hai2="100,48,22,24,78,120,29,34,75,67,19,8,74" hai3="46,65,69,52,127,15,45,11,111,131,68,79,103"/><U27/><E36/><V35/><F120/><W10/><G111/><T91/><D107/><U93/><E4/><V28/><F100/><W5/><G131/><T55/><D130/><U70/><E70/><V90/><F78/><W72/><G127/><T126/><D126/><U109/><E124/><V86/><F67/><W121/><G121/><T33/><D114/><U80/><E27/><V47/><F8/><W6/><G103/><T37/><D37/><U64/><E64/><V76/><F76/><W63/><G69/><T39/><D2/><U101/><E57/><V20/><F20/><W44/><G79/><T123/><D73/><U125/><E125/><V87/><F87/><W40/><G72/><T105/><D105/><U1/><E1/><V134/><F134/><W0/><REACH who="3" step="1"/><G40/><REACH who="3" ten="173,342,250,225" step="2"/><T3/><D123/><U132/><E132/><V116/><F74/><W7/><G7/><T9/><D119/><U43/><E43/><V41/><F75/><W60/><G60/><T102/><D117/><U61/><E61/><V26/><F116/><W85/><G85/><T49/><D62/><U89/><E83/><V118/><F118/><W81/><G81/><T54/><D82/><U77/><E77/><V108/><F108/><AGARI ba="1,1" hai="80,84,89,93,94,96,97,98,99,101,104,108,109,110" machi="108" ten="40,18000,2" yaku="14,1,10,1,34,3,52,2" doraHai="88" who="1" fromWho="2" sc="173,0,342,193,250,-183,225,0" /><INIT seed="1,2,0,2,5,105" ten="173,535,67,225" oya="1" hai0="50,33,49,131,62,35,1,51,28,77,78,87,82" hai1="123,5,114,103,132,54,37,98,59,106,74,71,43" hai2="85,65,42,79,11,15,99,45,63,10,67,115,118" hai3="102,58,57,29,13,90,55,52,20,92,56,8,93"/><U2/><E114/><V70/><F118/><W108/><G108/><T18/><D1/><U32/><E32/><V69/><F115/><W41/><G41/><T120/><D120/><U110/><E71/><V0/><F0/><W46/><G102/><T4/><D4/><U125/><E110/><V94/><F67/><W36/><G36/><T122/><D122/><U107/><E123/><V134/><F70/><W133/><G133/><T100/><D28/><U89/><E132/><V14/><F134/><W119/><G119/><T26/><D100/><U66/><E106/><V91/><F14/><W112/><G112/><T7/><D7/><U53/><E5/><V39/><F15/><W111/><G111/><T121/><D121/><U22/><E2/><V113/><F113/><W88/><G46/><T64/><D78/><U23/><E43/><V60/><F60/><W126/><G126/><T116/><D116/><U83/><E37/><V9/><F9/><W25/><G93/><T75/><D87/><U16/><E98/><V12/><F12/><W6/><REACH who="3" step="1"/><G90/><REACH who="3" ten="173,535,67,215" step="2"/><T130/><D130/><U96/><E89/><V86/><REACH who="2" step="1"/><F99/><AGARI ba="2,1" hai="6,8,13,20,25,29,52,55,56,57,58,88,92,99" machi="99" ten="40,8000,1" yaku="1,1,2,1,8,1,54,2,53,0" doraHai="105" doraHaiUra="81" who="3" fromWho="2" sc="173,0,535,0,67,-86,215,96" owari="173,-22.7,535,63.5,-19,-51.9,311,11.1" /></mjloggm>