<mjloggm ver="2.3"><GO type="169" lobby="0"/><UN n0="%6B%6C%6F%6E%64%69%6B%65" n1="%E3%81%AA%E3%81%BE%E3%81%8B%E3%82%84%E3%81%95%E3%81%AA%E3%81%9F" n2="%E3%81%9F%E3%81%8B%E3%81%AF%E3%81%97%E3%81%83%E3%81%83%E3%81%83" n3="%E5%B8%B0%E3%82%8A%E3%81%9F%E3%81%84%E3%80%82" dan="16,16,16,17" rate="2150.16,2189.32,2126.07,2217.81" sx="M,M,M,M"/><TAIKYOKU oya="0"/><INIT seed="0,0,0,4,0,24" ten="250,250,250,250" oya="0" hai0="11,35,87,97,133,0,49,50,79,75,92,7,5" hai1="53,128,73,127,57,62,64,72,71,117,100,110,34" hai2="32,102,125,68,93,120,81,56,67,58,38,36,108" hai3="78,98,25,83,113,115,104,80,88,18,22,13,121"/><T45/><D133/><U96/><E117/><V30/><F120/><W23/><G121/><T118/><D118/><U126/><E110/><V132/><F108/><W77/><G104/><T27/><D75/><U54/><E34/><V48/><F125/><N who="1" m="47625" /><E128/><V89/><F68/><W70/><G70/><T6/><D50/><N who="1" m="30903" /><E54/><V105/><F67/><W26/><G13/><T4/><D87/><U101/><E101/><V99/><F32/><W131/><G131/><T10/><D79/><U63/><E63/><V85/><F132/><W134/><G134/><T122/><D122/><U12/><E12/><V39/><F48/><W40/><G40/><T130/><D130/><U59/><E71/><V91/><F56/><W76/><G115/><T135/><D135/><U46/><E46/><V31/><REACH who="2" step="1"/><F58/><REACH who="2" ten="250,250,240,250" step="2"/><W60/><G60/><T3/><D35/><U123/><E123/><V129/><F129/><W42/><G113/><T103/><REACH who="0" step="1"/><D27/><REACH who="0" ten="240,250,240,250" step="2"/><U112/><E112/><V116/><F116/><W69/><G26/><T47/><D47/><U33/><E33/><V19/><F19/><W37/><G18/><T61/><D61/><U94/><AGARI ba="0,2" hai="59,62,64,72,73,94,96,100" m="30903,47625" machi="94" ten="30,1100,0" yaku="18,1" doraHai="24" who="1" fromWho="1" sc="240,-5,250,31,240,-3,250,-3" /><INIT seed="1,0,0,4,4,47" ten="235,281,237,247" oya="1" hai0="38,35,108,80,32,86,22,3,39,118,130,40,26" hai1="70,11,115,91,15,7,55,102,127,19,101,34,41" hai2="124,78,57,103,111,61,10,98,89,90,87,95,64" hai3="110,52,71,16,74,37,69,25,33,123,9,85,66"/><U79/><E115/><V63/><F111/><W82/><G123/><T67/><D3/><U24/><E127/><V48/><F124/><W122/><G122/><T105/><D105/><U30/><E70/><V128/><F128/><W27/><G37/><T59/><D118/><U134/><E134/><V54/><F78/><W112/><G112/><T45/><D108/><U53/><E79/><V2/><F2/><W51/><G74/><T104/><D104/><U97/><E41/><V21/><F10/><W44/><G110/><T56/><D38/><U96/><E91/><V129/><F129/><W23/><G66/><T5/><D5/><U72/><E72/><V42/><F42/><W65/><G65/><T126/><D130/><U113/><E113/><V120/><F120/><W75/><G75/><T1/><D1/><U46/><E46/><V17/><F64/><W131/><G131/><T4/><D4/><U8/><E97/><V106/><REACH who="2" step="1"/><F89/><REACH who="2" ten="235,281,227,247" step="2"/><W84/><G9/><T36/><D126/><U119/><E119/><V100/><F100/><W13/><G71/><T14/><D67/><U76/><E76/><V50/><F50/><W29/><G69/><T99/><D36/><U117/><E117/><V73/><F73/><W43/><G43/><T133/><D40/><U135/><E102/><V68/><F68/><W114/><G114/><T132/><D39/><U77/><E77/><V28/><F28/><W94/><G29/><T109/><D109/><U58/><E135/><V62/><F62/><W6/><G51/><T81/><D86/><U125/><E125/><V107/><F107/><RYUUKYOKU ba="0,1" sc="235,-10,281,-10,227,30,247,-10" hai2="17,21,48,54,57,61,63,87,90,95,98,103,106" /><INIT seed="2,1,1,2,4,67" ten="225,271,257,237" oya="2" hai0="8,100,83,124,45,84,69,126,53,116,90,82,122" hai1="15,14,25,86,132,115,18,50,91,40,24,109,27" hai2="41,121,107,133,127,106,2,114,10,48,29,38,34" hai3="23,20,30,93,92,26,51,120,56,57,105,58,32"/><V46/><F114/><W19/><G120/><T66/><D122/><U129/><E115/><V47/><F121/><W22/><G105/><T85/><D100/><U54/><E109/><V9/><F127/><W130/><G130/><T119/><D45/><U95/><E129/><V78/><F133/><W104/><G104/><T60/><D53/><U128/><E128/><V79/><F29/><W125/><G125/><N who="0" m="48235" /><D8/><U111/><E111/><V72/><F34/><W134/><G134/><T62/><D60/><U99/><E132/><V16/><F9/><W59/><N who="3" m="14336" /><DORA hai="131" /><W17/><REACH who="3" step="1"/><G51/><REACH who="3" ten="225,271,257,227" step="2"/><T87/><D82/><U101/><E50/><V81/><F106/><W102/><G102/><T71/><D69/><U21/><E101/><V39/><F107/><W73/><G73/><T74/><D74/><U65/><E95/><AGARI ba="1,2" hai="17,19,20,22,23,26,30,32,92,93,95" m="14336" machi="95" ten="60,7700,0" yaku="1,1,26,2,53,0" doraHai="67,131" doraHaiUra="4,36" who="3" fromWho="1" sc="225,0,271,-80,257,0,227,100" /><INIT seed="3,0,0,0,3,38" ten="225,191,257,327" oya="3" hai0="7,49,59,19,41,110,46,51,118,90,71,10,70" hai1="84,125,99,119,14,85,75,36,13,123,24,92,97" hai2="94,100,98,54,77,32,57,39,16,68,82,130,101" hai3="96,73,4,120,76,79,22,69,135,44,9,65,45"/><W63/><G120/><T67/><D118/><U124/><E123/><V105/><F68/><N who="0" m="26154" /><D19/><U26/><E36/><V1/><F130/><W106/><G135/><T131/><D7/><U33/><E75/><V6/><F32/><W74/><G74/><T0/><D10/><U83/><E92/><V47/><F6/><W134/><G134/><T128/><D90/><U58/><E58/><V117/><F1/><W72/><G72/><T61/><D0/><U103/><E103/><V112/><F112/><W15/><G73/><T40/><D110/><U111/><E33/><V86/><F117/><W129/><G129/><N who="0" m="49739" /><D51/><U121/><E121/><V81/><F81/><W8/><G22/><T95/><D95/><U20/><E119/><V91/><F16/><W107/><G9/><T23/><D23/><U25/><E20/><V93/><F93/><W55/><G107/><T60/><D60/><U89/><E111/><V108/><F108/><W56/><G79/><T2/><D2/><U113/><E113/><V64/><F105/><W5/><G76/><T42/><AGARI ba="0,0" hai="40,41,42,46,49,59,61,67" m="49739,26154" machi="42" ten="40,12000,2" yaku="19,1,34,2,52,3" doraHai="38" who="0" fromWho="0" sc="225,120,191,-30,257,-30,327,-60" /><INIT seed="4,0,0,0,3,110" ten="345,161,227,267" oya="0" hai0="58,116,6,0,89,38,122,55,112,73,77,90,67" hai1="4,100,44,11,114,32,20,48,41,16,78,126,83" hai2="36,129,96,71,25,30,17,93,12,13,135,69,134" hai3="40,28,92,107,109,127,79,103,117,54,86,27,45"/><T123/><D116/><U64/><E126/><V75/><F75/><W34/><G109/><T125/><D125/><U115/><E32/><V65/><F36/><W74/><G117/><T70/><D90/><U51/><E64/><V49/><F129/><W94/><G127/><T59/><D89/><U98/><E51/><V124/><F49/><W87/><G74/><T57/><D55/><U24/><E98/><V60/><F69/><W21/><G107/><T43/><D67/><U108/><E100/><N who="2" m="60431" /><F17/><W10/><G34/><T5/><D70/><U33/><E33/><N who="2" m="20687" /><F124/><W14/><G54/><T19/><D19/><U39/><E108/><V128/><F128/><W104/><G104/><T26/><D26/><U119/><E119/><V8/><F8/><W15/><G10/><N who="0" m="2343" /><D6/><U88/><E88/><V9/><F9/><W62/><G103/><T35/><D35/><U72/><REACH who="1" step="1"/><E48/><REACH who="1" ten="345,151,227,267" step="2"/><V1/><F65/><W66/><G66/><T47/><D123/><U63/><E63/><V95/><F60/><W23/><G62/><T50/><D50/><U118/><E118/><V121/><F121/><W82/><G45/><T2/><D122/><U37/><E37/><V81/><F71/><W101/><G101/><T7/><D2/><AGARI ba="0,1" hai="2,4,11,16,20,24,39,41,44,72,78,83,114,115" machi="2" ten="40,12000,2" yaku="1,1,25,2,52,2,54,1,53,1" doraHai="110" doraHaiUra="18" who="1" fromWho="0" sc="345,-120,151,130,227,0,267,0" /><INIT seed="5,0,0,4,4,77" ten="225,281,227,267" oya="1" hai0="73,27,72,118,20,95,15,59,34,32,119,133,89" hai1="129,6,7,91,117,13,127,38,120,44,115,81,39" hai2="14,60,58,19,30,22,128,108,50,45,43,114,74" hai3="31,69,47,9,112,102,49,107,83,90,76,46,124"/><U2/><E117/><V126/><F108/><W131/><G112/><T3/><D72/><U93/><E115/><V121/><F114/><W16/><G69/><T25/><D73/><U132/><E120/><V94/><F121/><W99/><G124/><T122/><D122/><U33/><E127/><V67/><F126/><W5/><G31/><T40/><D3/><U42/><E129/><V98/><F74/><W64/><G64/><T53/><D119/><U111/><E132/><V8/><F128/><W48/><G90/><T18/><D133/><U96/><E111/><V36/><F36/><W70/><G70/><T65/><D65/><U123/><E33/><V28/><REACH who="2" step="1"/><F8/><REACH who="2" ten="225,281,217,267" step="2"/><W68/><G9/><T84/><D118/><U61/><E39/><V105/><F105/><W0/><G107/><T80/><D40/><U134/><E123/><V29/><F29/><W37/><G37/><T78/><D34/><U75/><E134/><V10/><F10/><W55/><G131/><T4/><D32/><U130/><E130/><V125/><F125/><W26/><G0/><T101/><D4/><U86/><E2/><V1/><F1/><W135/><G5/><T88/><D101/><AGARI ba="0,1" hai="14,19,22,28,30,43,45,50,58,60,67,94,98,101" machi="101" ten="30,3900,0" yaku="1,1,7,1,8,1,53,0" doraHai="77" doraHaiUra="104" who="2" fromWho="0" sc="225,-39,281,0,217,49,267,0" /><INIT seed="6,0,0,1,0,13" ten="186,281,266,267" oya="2" hai0="134,130,34,49,1,25,87,82,78,105,84,66,7" hai1="61,110,75,16,41,74,96,2,65,98,135,73,53" hai2="40,30,120,15,8,81,100,71,95,70,60,109,129" hai3="18,63,6,128,54,68,22,42,69,77,5,106,48"/><V64/><F120/><W62/><G106/><T114/><D105/><U83/><E110/><V20/><F129/><W14/><G128/><T51/><D130/><U90/><E2/><V0/><F109/><W17/><G42/><T44/><D134/><U127/><E135/><V52/><F0/><W37/><G37/><T122/><D122/><U112/><E112/><V10/><F40/><W4/><G77/><T86/><D114/><U118/><E118/><V50/><F71/><W79/><G79/><T28/><D66/><U101/><E127/><V9/><F81/><W72/><G72/><T43/><D1/><U32/><E32/><V67/><F67/><W31/><G31/><T102/><D102/><U47/><E53/><V85/><F30/><W111/><G69/><T92/><D7/><U26/><E83/><V121/><F121/><W23/><G68/><T99/><REACH who="0" step="1"/><D49/><REACH who="0" ten="176,281,266,267" step="2"/><U57/><E101/><V115/><F100/><W124/><G111/><T126/><D126/><U132/><E132/><V108/><F108/><W21/><G124/><T93/><D93/><U58/><E65/><V119/><F115/><W117/><G117/><T12/><D12/><U133/><E133/><V97/><F119/><W131/><G131/><T107/><D107/><U45/><E74/><V104/><F104/><W29/><G14/><T123/><D123/><U35/><E75/><V56/><F15/><W55/><G48/><T116/><D116/><U19/><E73/><V94/><F50/><W88/><G4/><T59/><D59/><U125/><E125/><V89/><F70/><W3/><G3/><RYUUKYOKU ba="0,1" sc="176,30,281,-10,266,-10,267,-10" hai0="25,28,34,43,44,51,78,82,84,86,87,92,99" /><INIT seed="7,1,1,4,2,43" ten="206,271,256,257" oya="3" hai0="45,77,53,120,86,128,3,2,116,35,132,96,106" hai1="44,62,80,91,27,67,13,129,81,85,6,38,31" hai2="122,103,94,83,0,15,41,114,1,74,105,30,113" hai3="100,111,124,32,29,33,50,121,84,82,109,23,25"/><W93/><G121/><T102/><D116/><U14/><E129/><V39/><F122/><W63/><G124/><T58/><D35/><U76/><E38/><V131/><F105/><W123/><G123/><T98/><D120/><U89/><E44/><N who="2" m="23615" /><F30/><W26/><G63/><T34/><D34/><U4/><E14/><V75/><F15/><W92/><G100/><T65/><D128/><U64/><E13/><V79/><F75/><W10/><G10/><T133/><D98/><U12/><E12/><V117/><F131/><W118/><G118/><T78/><D65/><U68/><E67/><V112/><F117/><W130/><G50/><N who="0" m="28879" /><D58/><U54/><E54/><V59/><F59/><W37/><G33/><T46/><D46/><U8/><E8/><V119/><F119/><W90/><G37/><T47/><D47/><U24/><E89/><V127/><F127/><W21/><G32/><T48/><D48/><U110/><E110/><N who="3" m="41994" /><G130/><T71/><D71/><U66/><E66/><V73/><F73/><W115/><G21/><T108/><D108/><U18/><E18/><V52/><F52/><W125/><G125/><T20/><D20/><U36/><E36/><V57/><F57/><W28/><G28/><T61/><D61/><U40/><E40/><V56/><F56/><W135/><G23/><T87/><D87/><N who="1" m="48519" /><E31/><V104/><F104/><W11/><G29/><T69/><D69/><U49/><E49/><V60/><F60/><W55/><G55/><T19/><D19/><U9/><E9/><V99/><AGARI ba="1,1" hai="0,1,74,79,83,94,99,103,112,113,114" m="23615" machi="99" ten="40,2700,0" yaku="15,1,52,1" doraHai="43" who="2" fromWho="2" sc="206,-8,271,-8,256,40,257,-14" /><INIT seed="8,0,0,5,3,20" ten="198,263,296,243" oya="0" hai0="91,120,102,90,38,46,17,118,119,105,25,106,93" hai1="81,13,132,22,11,51,43,1,126,58,88,92,4" hai2="80,115,96,69,55,40,130,62,18,60,87,6,34" hai3="84,68,52,86,15,65,63,2,44,110,41,83,122"/><T37/><D120/><U121/><E132/><V124/><F115/><W28/><G110/><T108/><D108/><U59/><E121/><V26/><F124/><W109/><G2/><T10/><D102/><U77/><E126/><V79/><F130/><W9/><G109/><T89/><D93/><U76/><E76/><V78/><F6/><W101/><G101/><T0/><D46/><U113/><E113/><V112/><F112/><W134/><G134/><T12/><D0/><U29/><E43/><V53/><F79/><W98/><G98/><T123/><D123/><U128/><E128/><V47/><F96/><W32/><G122/><T127/><D127/><U27/><E51/><V35/><F35/><W36/><G83/><T131/><D131/><U111/><E1/><V114/><F114/><W135/><G135/><T99/><D99/><N who="1" m="57735" /><E111/><V71/><F62/><W70/><G70/><T21/><D37/><U30/><E30/><V67/><F71/><W57/><G28/><T103/><D103/><U45/><E45/><V104/><F104/><W42/><G32/><T125/><D38/><U24/><E24/><V129/><F129/><W33/><G33/><T48/><D48/><U94/><E94/><V7/><F7/><N who="3" m="3519" /><G42/><T19/><REACH who="0" step="1"/><D125/><REACH who="0" ten="188,263,296,243" step="2"/><U23/><E23/><N who="2" m="13687" /><F34/><W56/><G36/><T72/><D72/><U95/><E95/><V66/><F47/><W75/><G75/><T97/><D97/><U3/><E3/><V49/><F49/><N who="3" m="28711" /><G41/><T50/><D50/><U117/><E117/><AGARI ba="0,1" hai="10,12,17,19,21,25,89,90,91,105,106,117,118,119" machi="117" ten="40,7700,0" yaku="1,1,16,1,52,1,53,0" doraHai="20" doraHaiUra="107" who="0" fromWho="1" sc="188,87,263,-77,296,0,243,0" /><INIT seed="8,1,0,2,1,35" ten="275,186,296,243" oya="0" hai0="46,1,59,39,32,118,125,99,11,24,91,109,47" hai1="49,25,73,19,132,42,65,30,90,0,15,128,112" hai2="56,116,38,86,5,83,93,127,63,133,69,106,37" hai3="22,122,97,36,62,71,95,34,54,20,102,80,111"/><T48/><D118/><U130/><E73/><V101/><F106/><W119/><G111/><T68/><D68/><U120/><E120/><V131/><F69/><W96/><G36/><T51/><D109/><U27/><E132/><V61/><F61/><W88/><G34/><T44/><D39/><U40/><E65/><V79/><F133/><W123/><G119/><T9/><D125/><U53/><E0/><V70/><F70/><W87/><G97/><T115/><D115/><U3/><E3/><V84/><F116/><W77/><G77/><T18/><D1/><U82/><E112/><V2/><F131/><N who="1" m="50217" /><E90/><V76/><F127/><W100/><G100/><T41/><D32/><N who="1" m="20559" /><E27/><V66/><F101/><W78/><G102/><T17/><D41/><U74/><E82/><V28/><F28/><W107/><G71/><T124/><D124/><U21/><E74/><V14/><F2/><W29/><G29/><T60/><D24/><U98/><E98/><V110/><F110/><W117/><G117/><T108/><D108/><U121/><E121/><V94/><F79/><W64/><G64/><N who="0" m="38943" /><D91/><U105/><E105/><V50/><F84/><W4/><G107/><T13/><D99/><U92/><E92/><V67/><F67/><W89/><G89/><T8/><D18/><U85/><E85/><V134/><F134/><W72/><G72/><T103/><D103/><U104/><E104/><V45/><F93/><W113/><G123/><T58/><D58/><AGARI ba="1,0" hai="15,19,21,40,42,49,53,58" m="20559,50217" machi="58" ten="30,1000,0" yaku="19,1" doraHai="35" who="1" fromWho="0" sc="275,-13,186,13,296,0,243,0" /><INIT seed="9,0,0,5,1,64" ten="262,199,296,243" oya="1" hai0="55,110,116,41,107,11,84,34,25,72,29,92,117" hai1="129,47,74,93,82,53,17,58,108,49,86,94,35" hai2="13,126,4,127,70,51,128,85,103,12,21,62,60" hai3="38,39,131,67,123,6,69,18,57,20,26,95,91"/><U87/><E129/><V98/><F128/><W59/><G123/><T37/><D110/><U118/><E118/><N who="0" m="45673" /><D107/><U19/><E108/><V132/><F132/><W50/><G131/><T28/><D72/><U83/><E74/><V48/><F85/><W106/><G106/><T71/><D29/><U120/><E120/><V54/><F51/><W134/><G59/><T0/><D55/><U101/><E35/><V104/><F70/><W130/><G6/><N who="0" m="1479" /><D71/><U99/><E94/><V112/><F112/><W61/><G134/><T65/><D65/><U80/><REACH who="1" step="1"/><E58/><REACH who="1" ten="262,189,296,243" step="2"/><V113/><F104/><W27/><G95/><T46/><D92/><U75/><E75/><V135/><F135/><W22/><G57/><T7/><D7/><U90/><E90/><V15/><F4/><W16/><G91/><T31/><D31/><U9/><E9/><V133/><F133/><W1/><G130/><T125/><D84/><AGARI ba="0,1" hai="17,19,47,49,53,80,82,83,84,86,87,93,99,101" machi="84" ten="40,3900,0" yaku="1,1,8,1,53,0" doraHai="64" doraHaiUra="124" who="1" fromWho="0" sc="262,-39,189,49,296,0,243,0" /><INIT seed="9,1,0,4,5,82" ten="223,238,296,243" oya="1" hai0="75,46,36,9,0,70,13,26,78,55,93,134,24" hai1="23,17,38,67,15,44,28,130,61,86,125,64,57" hai2="51,105,12,87,45,128,35,83,7,81,111,112,60" hai3="52,102,122,127,119,114,32,104,80,54,71,11,50"/><U84/><E130/><V16/><F111/><W120/><G32/><T77/><D134/><U58/><E125/><V19/><F105/><W18/><G114/><T42/><D70/><U118/><E118/><V100/><F35/><W43/><G71/><T106/><D106/><U133/><E133/><V72/><F100/><W126/><G43/><T66/><D66/><U8/><E38/><V108/><F108/><W39/><G39/><T47/><D93/><U79/><E44/><V30/><F30/><W124/><G119/><T34/><D78/><U6/><E28/><V110/><F110/><W5/><G18/><T27/><D47/><U76/><E67/><V14/><F128/><W48/><G48/><T37/><D37/><U99/><E99/><V97/><F97/><N who="3" m="61519" /><G80/><N who="0" m="45119" /><D13/><N who="2" m="5226" /><F83/><W40/><G54/><T91/><D91/><U103/><E103/><V59/><F7/><W65/><G40/><T131/><D131/><U116/><E116/><V107/><F107/><W88/><G88/><T92/><D55/><U98/><E79/><N who="2" m="46527" /><F112/><W63/><G5/><N who="0" m="1191" /><D92/><U69/><E76/><V53/><F72/><W90/><G90/><T10/><D10/><U62/><E98/><V29/><F29/><AGARI ba="1,0" hai="24,26,27,29,34,36,42,46" m="1191,45119" machi="29" ten="30,1000,0" yaku="25,1" doraHai="82" who="0" fromWho="2" sc="223,13,238,0,296,-13,243,0" /><INIT seed="10,0,0,2,5,122" ten="236,238,283,243" oya="2" hai0="110,36,41,87,63,61,45,19,16,114,56,53,9" hai1="62,128,86,134,55,44,65,23,15,89,31,71,50" hai2="54,123,29,52,25,49,4,91,58,30,107,80,78" hai3="94,17,8,32,111,95,77,106,2,120,126,51,135"/><V22/><F123/><W34/><G106/><T68/><D114/><U132/><E128/><V129/><F107/><W5/><G111/><T39/><D110/><U69/><E69/><V38/><F38/><W82/><G120/><T59/><D68/><U93/><REACH who="1" step="1"/><E15/><REACH who="1" ten="236,228,283,243" step="2"/><V97/><F129/><W10/><G2/><T48/><D87/><U14/><E14/><V60/><F4/><W116/><G5/><T81/><D81/><U37/><E37/><N who="0" m="14409" /><D9/><U66/><E66/><V99/><F80/><W72/><G8/><T88/><D88/><U98/><E98/><V119/><F97/><W101/><G10/><T74/><D74/><U47/><E47/><V104/><F99/><W42/><G72/><T1/><D1/><U18/><E18/><V103/><F91/><W33/><G17/><T35/><D35/><U130/><E130/><V26/><F30/><W92/><G32/><T84/><D16/><U13/><E13/><V108/><F29/><W83/><G33/><T109/><D19/><U46/><E46/><V28/><F28/><W131/><G34/><T90/><D109/><U64/><E64/><V105/><F108/><W43/><G131/><T12/><D12/><U121/><E121/><V70/><F70/><W40/><G83/><T112/><D112/><U7/><E7/><V127/><F22/><W124/><G82/><N who="0" m="49431" /><D59/><U113/><E113/><V118/><F58/><W76/><G77/><T133/><D133/><U0/><E0/><V57/><F57/><W125/><G76/><T6/><D6/><U85/><E85/><V115/><F78/><W117/><G135/><RYUUKYOKU ba="0,1" sc="236,15,228,15,283,-15,243,-15" hai0="41,45,48,53,56,61,63" hai1="23,31,44,50,55,62,65,71,86,89,93,132,134" /><INIT seed="11,1,1,4,1,78" ten="251,243,268,228" oya="3" hai0="65,1,110,103,124,80,88,57,46,120,8,23,58" hai1="35,126,70,104,133,26,98,108,37,97,16,32,117" hai2="105,33,21,3,20,11,55,40,109,79,67,123,68" hai3="38,86,29,99,81,92,5,63,9,36,114,43,13"/><W106/><G114/><T50/><D110/><U75/><RYUUKYOKU type="yao9" ba="1,1" sc="251,0,243,0,268,0,228,0" hai1="16,26,32,35,37,70,75,97,98,104,108,117,126,133" /><INIT seed="11,2,1,5,1,77" ten="251,243,268,228" oya="3" hai0="133,34,23,108,41,13,119,31,132,126,11,0,65" hai1="64,55,110,78,76,54,6,58,101,107,5,92,66" hai2="32,43,57,129,14,51,102,37,104,99,38,81,72" hai3="112,82,134,118,2,100,47,29,113,91,56,60,74"/><W106/><G2/><T46/><D108/><U30/><E110/><V97/><F32/><W84/><G134/><N who="0" m="51819" /><D126/><U121/><E107/><V63/><F129/><W45/><G118/><T21/><D119/><U27/><E121/><V42/><F14/><W69/><G69/><T33/><D65/><U120/><E120/><V53/><F99/><N who="3" m="61727" /><G29/><T94/><D94/><U96/><E66/><V131/><F131/><W83/><G83/><T109/><D109/><U44/><E76/><V103/><F103/><W122/><G113/><T71/><D71/><U12/><E78/><V52/><F81/><W114/><G114/><T26/><D0/><U89/><E89/><V87/><F87/><W9/><G112/><T10/><D23/><N who="1" m="15743" /><E12/><V20/><F72/><W8/><G122/><T36/><D10/><U98/><E98/><V105/><F20/><W16/><G8/><T90/><D90/><U3/><E3/><V117/><F104/><W67/><G74/><T4/><AGARI ba="2,1" hai="4,11,13,21,26,31,33,34,36,41,46" m="51819" machi="4" ten="30,1100,0" yaku="20,1" doraHai="77" who="0" fromWho="0" sc="251,27,243,-5,268,-5,228,-7" owari="278,37.8,238,-16.2,263,6.3,221,-27.9" /></mjloggm>