<mjloggm ver="2.3"><GO type="169" lobby="0"/><UN n0="%E4%B9%9D%E5%B0%BE%E3%81%AE%E3%83%8D%E3%82%B3" n1="%E3%83%96%E3%83%BC%E3%83%93%E3%83%BC" n2="%76%E3%81%B5%E3%83%BC%E3%81%A1%E3%82%83%E3%82%93%76" n3="%E8%B2%B4%E6%97%8F%E7%B3%BB%E9%9B%80%E5%A3%AB" dan="16,17,17,17" rate="2039.50,2142.82,2176.08,2181.74" sx="M,M,M,M"/><TAIKYOKU oya="0"/><INIT seed="0,0,0,5,0,68" ten="250,250,250,250" oya="0" hai0="53,120,50,2,15,22,134,39,56,23,46,6,17" hai1="83,113,64,131,117,44,16,112,59,95,108,109,19" hai2="90,80,103,107,4,81,94,20,101,85,1,12,135" hai3="119,79,41,10,116,92,62,122,13,76,45,37,47"/><T26/><D120/><U34/><E117/><V14/><F135/><W3/><G122/><T86/><D134/><U36/><E34/><V125/><F125/><W58/><G3/><T60/><D2/><U38/><E95/><V84/><F1/><W43/><G92/><T11/><D23/><U28/><E28/><V110/><F110/><N who="1" m="42601" /><E83/><V104/><F14/><W111/><G111/><T57/><D86/><U102/><E102/><N who="2" m="38923" /><F12/><W71/><G71/><T115/><D115/><N who="1" m="44107" /><E131/><V55/><F55/><W69/><G69/><T82/><D82/><U51/><E64/><V63/><F63/><W25/><G25/><T130/><D130/><U18/><E59/><V124/><F4/><W73/><G73/><T132/><D57/><U52/><AGARI ba="0,0" hai="16,18,19,36,38,44,51,52" m="44107,42601" machi="52" ten="40,12000,2" yaku="14,1,11,1,52,2,54,2" doraHai="68" who="1" fromWho="1" sc="250,-60,250,120,250,-30,250,-30" /><INIT seed="1,0,0,2,4,92" ten="190,370,220,220" oya="1" hai0="79,105,106,42,17,21,62,44,83,37,100,11,99" hai1="81,29,91,15,71,95,28,50,113,114,67,121,86" hai2="116,128,75,82,130,129,73,27,38,98,22,54,134" hai3="97,102,94,87,23,31,32,90,40,132,120,4,13"/><U48/><E121/><V126/><F116/><W84/><G132/><T45/><D62/><U119/><E119/><V124/><F38/><W49/><G120/><T6/><D45/><U19/><E114/><V36/><F36/><W47/><G32/><T133/><D133/><U110/><E113/><V74/><F134/><W123/><G123/><T14/><D105/><U93/><E110/><V63/><F54/><W131/><G131/><T78/><REACH who="0" step="1"/><D83/><REACH who="0" ten="180,370,220,220" step="2"/><U55/><E71/><V80/><F63/><W57/><G57/><T109/><D109/><U68/><E68/><V64/><F64/><W30/><G84/><T125/><D125/><N who="2" m="48234" /><F98/><W122/><G122/><T2/><AGARI ba="0,1" hai="2,6,11,14,17,21,37,42,44,78,79,99,100,106" machi="2" ten="20,5200,0" yaku="1,1,0,1,7,1,52,1,53,0" doraHai="92" doraHaiUra="66" who="0" fromWho="0" sc="180,62,370,-26,220,-13,220,-13" /><INIT seed="2,0,0,5,0,66" ten="242,344,207,207" oya="2" hai0="82,48,77,72,42,85,53,16,88,106,124,80,25" hai1="118,98,57,27,105,15,41,8,126,63,108,83,91" hai2="114,23,31,47,121,94,5,131,71,51,89,128,79" hai3="109,123,6,39,54,20,0,111,29,36,86,110,40"/><V93/><F114/><W97/><G123/><T99/><D124/><U73/><E126/><V135/><F121/><W116/><G116/><T38/><D38/><U19/><E118/><V101/><F5/><W21/><G40/><T35/><D35/><U64/><E108/><V90/><F79/><W60/><G86/><T61/><D42/><U113/><E113/><V43/><F135/><W58/><G97/><T56/><D99/><U67/><E41/><V52/><F101/><W102/><G102/><T78/><D106/><U62/><E27/><N who="2" m="16895" /><F71/><W10/><G29/><T18/><D25/><U11/><E105/><V17/><F17/><W65/><REACH who="3" step="1"/><G54/><REACH who="3" ten="242,344,207,197" step="2"/><T68/><D78/><U22/><E73/><V50/><F89/><W81/><G81/><T32/><D32/><U117/><E117/><V119/><F90/><W130/><G130/><N who="2" m="49705" /><F119/><W33/><G33/><T26/><REACH who="0" step="1"/><D26/><REACH who="0" ten="232,344,207,197" step="2"/><U49/><E98/><V112/><F112/><W59/><G59/><AGARI ba="0,2" hai="43,47,50,51,52,59,93,94" m="49705,16895" machi="59" ten="30,2900,0" yaku="19,1,54,1" doraHai="66" who="2" fromWho="3" sc="232,0,344,0,207,49,197,-29" /><INIT seed="2,1,0,1,4,24" ten="232,344,256,168" oya="2" hai0="70,77,8,124,2,123,134,30,112,71,91,36,72" hai1="43,35,86,14,131,101,89,117,26,57,47,76,65" hai2="18,55,67,114,106,44,110,102,17,66,1,46,42" hai3="115,119,74,93,15,51,97,5,27,73,128,130,49"/><V21/><F114/><W58/><G119/><T99/><D30/><U104/><E117/><V122/><F122/><W22/><G115/><T52/><D8/><U113/><E113/><V87/><F1/><W12/><G12/><T63/><D2/><U28/><E131/><N who="3" m="50218" /><G15/><T48/><D91/><U3/><E3/><V39/><F110/><W34/><G34/><T132/><D99/><U90/><E104/><V54/><F106/><W135/><G5/><T107/><D107/><U16/><E101/><V68/><F102/><N who="3" m="60719" /><G135/><N who="0" m="51755" /><D77/><U83/><E57/><V37/><F68/><N who="0" m="26154" /><D72/><N who="3" m="27753" /><G58/><N who="0" m="35271" /><D123/><U33/><E65/><V88/><F67/><W121/><G121/><T31/><D31/><AGARI ba="1,0" hai="22,27,31,49,51" m="27753,60719,50218" machi="31" ten="30,2000,0" yaku="19,1,52,1" doraHai="24" who="3" fromWho="0" sc="232,-23,344,0,256,0,168,23" /><INIT seed="3,0,0,5,4,102" ten="209,344,256,191" oya="3" hai0="63,38,121,114,64,72,12,101,15,100,113,18,86" hai1="117,134,98,52,24,129,67,26,46,125,104,16,43" hai2="40,20,79,119,105,110,37,75,56,93,127,116,120" hai3="80,32,29,83,70,35,47,34,59,57,39,131,2"/><W49/><G70/><T112/><D121/><U7/><E7/><V53/><F110/><W30/><G2/><T99/><D72/><U69/><E67/><V108/><F108/><W65/><G39/><T58/><D38/><U4/><E4/><V0/><F0/><W73/><G131/><T74/><D74/><U54/><E69/><V10/><F10/><W95/><G95/><T77/><D100/><U122/><E122/><V44/><F105/><W135/><G135/><T27/><D27/><U8/><E134/><V78/><F127/><W91/><G80/><N who="0" m="47375" /><D18/><U13/><E125/><V41/><F41/><W51/><G51/><T66/><D66/><U94/><E104/><AGARI ba="0,0" hai="12,15,58,63,64,99,101,104,112,113,114" m="47375" machi="104" ten="30,2000,0" yaku="11,1,52,1" doraHai="102" who="0" fromWho="1" sc="209,20,344,-20,256,0,191,0" /><INIT seed="4,0,0,0,3,98" ten="229,324,256,191" oya="0" hai0="83,107,134,3,93,69,7,11,61,45,50,95,42" hai1="21,71,37,28,108,57,113,99,104,120,90,48,58" hai2="94,32,60,97,41,135,34,67,43,16,124,122,91" hai3="40,66,100,128,64,36,75,55,115,70,54,12,126"/><T17/><D107/><U103/><E71/><V109/><F109/><W68/><G75/><T4/><D4/><U101/><E37/><V73/><F122/><W52/><G12/><T96/><D134/><U130/><E108/><V132/><F73/><W53/><G100/><N who="1" m="38474" /><E104/><V15/><F124/><W77/><G77/><T118/><D118/><U49/><E120/><V14/><F14/><W19/><G19/><T46/><D83/><U9/><E9/><V72/><F72/><W0/><G0/><T62/><D95/><N who="1" m="56823" /><E130/><V26/><F32/><W123/><G123/><T127/><D69/><N who="3" m="26729" /><G115/><T79/><D79/><U23/><E113/><V106/><F135/><W117/><G117/><T88/><D127/><U102/><E102/><V65/><F132/><W125/><G128/><T24/><REACH who="0" step="1"/><D46/><REACH who="0" ten="219,324,256,191" step="2"/><U31/><E58/><N who="2" m="37015" /><F94/><W114/><G114/><T33/><D33/><U44/><E57/><V6/><F34/><W133/><G133/><T84/><D84/><U112/><E112/><V110/><F97/><W20/><G126/><T25/><D25/><N who="1" m="16431" /><E44/><V8/><F106/><W30/><G125/><T81/><D81/><U59/><E59/><V2/><F110/><W105/><G105/><T13/><D13/><U119/><E119/><V92/><F2/><W78/><G78/><T87/><D87/><U116/><E116/><V85/><F85/><W56/><G56/><T29/><D29/><U63/><E63/><V27/><F92/><W1/><N who="3" m="13312" /><DORA hai="35" /><W121/><G121/><T82/><D82/><U86/><E86/><V111/><F111/><W129/><G1/><T39/><D39/><RYUUKYOKU ba="0,1" sc="219,15,324,15,256,-15,191,-15" hai0="3,7,11,17,24,42,45,50,61,62,88,93,96" hai1="23,31,48,49" /><INIT seed="4,1,1,3,2,85" ten="234,339,241,176" oya="0" hai0="107,41,37,43,99,13,53,9,32,60,110,10,40" hai1="15,88,16,112,80,82,90,81,134,33,78,70,65" hai2="54,31,67,128,59,48,51,30,118,124,72,12,4" hai3="108,47,62,129,29,75,2,106,94,14,44,56,95"/><T7/><D32/><U27/><E134/><V3/><F72/><W92/><G2/><T22/><D37/><U36/><E36/><V69/><F3/><W132/><G106/><T57/><D110/><U46/><E112/><V5/><F124/><W103/><G75/><T91/><D107/><U64/><E78/><V113/><F113/><W101/><G108/><T45/><D45/><U114/><E114/><V66/><F69/><W104/><G129/><T68/><D68/><U125/><E125/><V123/><F123/><W52/><G132/><T18/><D7/><N who="2" m="2634" /><F118/><W1/><G1/><T38/><D38/><U87/><E46/><N who="3" m="17450" /><G104/><T117/><D117/><U102/><E102/><N who="3" m="38922" /><G14/><T100/><D100/><U26/><E70/><V127/><F48/><W50/><G29/><N who="2" m="10761" /><F128/><W122/><G122/><T35/><D35/><U79/><E79/><V71/><F71/><W20/><G20/><T97/><D97/><U28/><E27/><V120/><F120/><W55/><G50/><T135/><D135/><U84/><E80/><V109/><F109/><W63/><G56/><T0/><D0/><U121/><E121/><V6/><F127/><W83/><G83/><T74/><D74/><U73/><E73/><V21/><F21/><AGARI ba="1,1" hai="15,16,21,26,28,33,64,65,81,82,84,87,88,90" machi="21" ten="30,12000,2" yaku="7,1,9,1,52,2,54,2" doraHai="85" who="1" fromWho="2" sc="234,0,339,133,241,-123,176,0" /><INIT seed="5,0,0,3,4,1" ten="234,472,118,176" oya="1" hai0="72,103,62,99,11,89,3,37,132,30,26,17,102" hai1="94,82,40,14,60,133,113,45,28,116,93,5,50" hai2="66,46,31,81,69,95,54,106,84,104,126,108,33" hai3="134,43,75,86,130,0,98,23,131,79,57,16,47"/><U76/><E116/><V58/><F108/><W38/><G75/><T8/><D72/><U29/><E133/><V120/><F126/><W118/><G134/><T25/><D132/><U88/><E113/><V124/><F124/><W22/><G118/><T4/><D37/><U59/><E93/><V9/><F120/><W20/><G0/><T70/><D70/><U101/><E101/><V127/><F95/><W107/><G57/><T121/><D121/><U19/><E5/><V21/><F33/><W18/><G79/><T2/><D62/><U91/><E82/><V129/><F129/><N who="3" m="49163" /><G86/><T119/><D119/><U128/><E76/><V122/><F46/><W125/><G125/><T24/><D17/><U44/><E45/><V110/><F110/><W41/><G43/><T77/><D77/><U115/><E91/><V100/><F69/><W49/><G38/><T71/><D71/><U112/><E128/><V39/><F122/><W42/><G42/><T109/><D109/><U73/><E73/><V67/><F39/><W92/><G107/><T27/><N who="0" m="6144" /><DORA hai="7" /><T65/><D65/><U114/><E59/><V80/><F106/><W64/><G64/><T123/><D123/><U51/><E51/><V56/><F66/><W90/><AGARI ba="0,0" hai="16,18,20,22,23,41,47,49,90,92,98" m="49163" machi="90" ten="30,2000,0" yaku="19,1,54,1" doraHai="1,7" who="3" fromWho="3" sc="234,-5,472,-10,118,-5,176,20" /><INIT seed="6,0,0,2,1,95" ten="229,462,113,196" oya="2" hai0="117,126,101,9,130,7,6,60,39,15,108,109,114" hai1="18,19,131,89,98,79,16,34,55,52,128,85,12" hai2="37,64,105,48,26,51,103,54,124,91,94,33,41" hai3="70,4,22,76,8,44,62,111,31,25,97,123,57"/><V122/><F122/><W67/><G111/><T20/><D39/><U38/><E34/><V11/><F124/><W96/><G123/><T116/><D101/><U56/><E38/><V88/><F105/><W68/><G76/><T3/><D60/><U77/><E12/><V14/><F37/><W17/><G70/><T69/><D69/><U24/><E24/><V36/><F36/><W135/><G135/><T23/><D126/><U90/><E98/><N who="2" m="59863" /><F33/><W134/><G134/><T119/><D130/><N who="1" m="49707" /><E55/><V10/><F64/><W40/><G31/><T50/><D50/><N who="1" m="30743" /><E90/><N who="2" m="34347" /><F26/><W81/><G81/><AGARI ba="0,0" hai="16,18,19,77,79,81,85,89" m="30743,49707" machi="81" ten="30,3900,0" yaku="19,1,54,2" doraHai="95" who="1" fromWho="3" sc="229,0,462,39,113,0,196,-39" /><INIT seed="7,0,0,0,1,119" ten="229,501,113,157" oya="3" hai0="98,74,82,28,88,33,17,79,85,71,132,27,45" hai1="57,64,22,26,97,114,12,94,84,13,113,87,41" hai2="135,102,128,129,1,76,37,68,80,39,16,92,86" hai3="7,46,23,90,65,116,131,126,56,2,81,38,63"/><W15/><G116/><T106/><D71/><U121/><E121/><V108/><F68/><W20/><G126/><T99/><D132/><U107/><E41/><V103/><F1/><W54/><G2/><T58/><D106/><U66/><E107/><V70/><F70/><W5/><G131/><N who="2" m="50249" /><F37/><W122/><G122/><T104/><D104/><U91/><E12/><V109/><F39/><W100/><G100/><N who="2" m="38441" /><F16/><N who="3" m="10271" /><G38/><T120/><D120/><U9/><E87/><N who="2" m="48519" /><F135/><W83/><G23/><T55/><D17/><U50/><E91/><V52/><F52/><W77/><G90/><AGARI ba="0,0" hai="86,90,92,108,109" m="48519,38441,50249" machi="90" ten="30,3900,0" yaku="19,1,34,2" doraHai="119" who="2" fromWho="3" sc="229,0,501,0,113,39,157,-39" owari="229,2.9,501,60.1,152,-24.8,118,-38.2" /></mjloggm>