<mjloggm ver="2.3"><GO type="169" lobby="0"/><UN n0="%61%6E%79%61%64%72%61" n1="%E3%82%B9%E3%82%AB%E3%83%9D%E3%83%B3" n2="%46%75%77%61" n3="%E3%83%93%E3%83%81%E3%83%A3%E5%B1%B1%E3%83%93%E3%83%81%E3%83%A3%E7%94%B7" dan="16,17,17,16" rate="2091.45,2141.73,2141.22,2116.93" sx="M,M,M,M"/><TAIKYOKU oya="0"/><INIT seed="0,0,0,3,5,129" ten="250,250,250,250" oya="0" hai0="51,78,11,30,0,41,10,88,21,81,47,131,66" hai1="111,107,105,60,85,96,69,124,5,62,123,1,115" hai2="67,76,56,73,87,132,52,6,27,89,120,117,113" hai3="77,13,59,57,80,114,19,116,58,82,2,118,94"/><T128/><D66/><U135/><E123/><V72/><F113/><W18/><G114/><T38/><D51/><U84/><E111/><V121/><F117/><W40/><G2/><T92/><D21/><U14/><E124/><V35/><F6/><W42/><G94/><T15/><D30/><U26/><E96/><V127/><F127/><W29/><G29/><T79/><D0/><U108/><E108/><V91/><F67/><W37/><G37/><T119/><D119/><U48/><E48/><V45/><F45/><W31/><G31/><T17/><D11/><U12/><E26/><V101/><F27/><W90/><G59/><T8/><D8/><U99/><E99/><V125/><F125/><W75/><G77/><T110/><D110/><U95/><E95/><V54/><F35/><W55/><G90/><T46/><D46/><U109/><E109/><V43/><F43/><W74/><G13/><T44/><D44/><U24/><E24/><V68/><F68/><W133/><REACH who="3" step="1"/><G55/><REACH who="3" ten="250,250,250,240" step="2"/><T63/><D79/><U104/><E115/><V20/><F76/><W97/><G97/><T65/><D78/><U9/><E1/><V28/><F28/><W122/><G122/><T4/><D92/><U98/><E98/><V32/><F121/><W64/><G64/><T16/><D131/><U70/><E107/><V49/><F120/><W93/><G93/><T86/><REACH who="0" step="1"/><D128/><REACH who="0" ten="240,250,250,240" step="2"/><U134/><E9/><V100/><F100/><W3/><G3/><T7/><D7/><AGARI ba="0,2" hai="5,7,12,14,60,62,69,70,84,85,104,105,134,135" machi="7" ten="25,6400,0" yaku="22,2,52,2" doraHai="129" who="1" fromWho="0" sc="240,-64,250,84,250,0,240,0" /><INIT seed="1,0,0,3,0,52" ten="176,334,250,240" oya="1" hai0="54,49,110,19,120,96,73,39,129,12,79,4,9" hai1="48,41,47,76,112,3,101,102,62,61,20,130,29" hai2="44,88,104,72,97,38,10,1,34,121,108,14,30" hai3="66,80,21,63,15,2,126,18,56,7,69,95,87"/><U107/><E112/><V74/><F121/><W133/><G133/><T32/><D110/><U51/><E130/><V81/><F1/><W70/><G126/><T64/><D129/><U127/><E127/><V42/><F108/><W116/><G116/><T118/><D118/><U16/><E3/><V31/><F104/><W105/><G105/><T53/><D120/><U23/><E107/><V90/><F34/><W6/><G95/><T128/><D128/><U65/><E76/><V8/><F8/><W11/><REACH who="3" step="1"/><G7/><REACH who="3" ten="176,334,250,230" step="2"/><T46/><D4/><U100/><E100/><V27/><F81/><W17/><G17/><T119/><D19/><U78/><E102/><V113/><F31/><W45/><G45/><T134/><D46/><U25/><E101/><V55/><F30/><W111/><G111/><T114/><D119/><U60/><E65/><V57/><F44/><W109/><G109/><T84/><D64/><U5/><E5/><V115/><F115/><W89/><AGARI ba="0,1" hai="2,6,11,15,18,21,56,63,66,69,70,80,87,89" machi="89" ten="20,5200,0" yaku="1,1,0,1,7,1,52,1,53,0" doraHai="52" doraHaiUra="132" who="3" fromWho="3" sc="176,-13,334,-26,250,-13,230,62" /><INIT seed="2,0,0,4,5,83" ten="163,308,237,292" oya="2" hai0="109,106,39,96,21,80,28,118,32,95,92,91,66" hai1="133,132,88,55,53,15,82,6,46,86,108,61,65" hai2="43,123,126,71,18,30,116,98,67,79,122,120,81" hai3="16,20,60,11,4,112,110,111,70,35,127,52,75"/><V114/><F114/><W130/><G75/><T121/><D109/><N who="3" m="41481" /><G112/><T38/><D121/><U22/><E108/><V2/><F116/><W69/><G35/><T37/><D118/><U34/><E34/><V107/><F126/><W135/><G127/><T41/><D106/><U115/><E115/><V85/><F2/><N who="3" m="407" /><G135/><N who="1" m="51786" /><E46/><V124/><F124/><W58/><G130/><T7/><D7/><U49/><E49/><V72/><F30/><W84/><G84/><T87/><D66/><U44/><E44/><V74/><F43/><W64/><G64/><T90/><D32/><U57/><E22/><V19/><F67/><W24/><AGARI ba="0,0" hai="16,20,24,52,58,60,69,70" m="407,41481" machi="24" ten="30,4000,0" yaku="14,1,54,2" doraHai="83" who="3" fromWho="3" sc="163,-10,308,-10,237,-20,292,40" /><INIT seed="3,0,0,1,5,43" ten="153,298,217,332" oya="3" hai0="78,135,121,91,51,33,134,88,110,79,128,89,86" hai1="23,84,48,62,4,10,69,19,81,0,87,133,83" hai2="35,105,102,55,40,111,114,50,117,26,49,58,13" hai3="3,60,119,72,57,103,59,80,66,21,7,85,41"/><W122/><G119/><T44/><D121/><U11/><E133/><N who="0" m="50697" /><D33/><U77/><E11/><V31/><F114/><W53/><G122/><T54/><D110/><U108/><E108/><V74/><F74/><W24/><G72/><T67/><D128/><U92/><E92/><V1/><F1/><W25/><G103/><T124/><D124/><U73/><E48/><V64/><F117/><W18/><G3/><T37/><D67/><U6/><E6/><V39/><F111/><W130/><G7/><T32/><D32/><U16/><E23/><V70/><F13/><W36/><G130/><T101/><D101/><U38/><E38/><V104/><F39/><W94/><G94/><N who="0" m="54551" /><D37/><U112/><E112/><V109/><F109/><W107/><G107/><T2/><D2/><U15/><E0/><V96/><F105/><W14/><G41/><T131/><D131/><U71/><E71/><V95/><F104/><W52/><G36/><T56/><D56/><U28/><E69/><V5/><F5/><W34/><G34/><T98/><D98/><U125/><E125/><V75/><F75/><W29/><G59/><T116/><D116/><U17/><E73/><V93/><F93/><W46/><G46/><T45/><D45/><U61/><E28/><V115/><F115/><W12/><G29/><T123/><D123/><U76/><AGARI ba="0,0" hai="4,10,15,16,17,19,61,62,76,77,81,83,84,87" machi="76" ten="30,7900,0" yaku="0,1,9,1,8,1,54,1" doraHai="43" who="1" fromWho="1" sc="153,-20,298,79,217,-20,332,-39" /><INIT seed="4,0,0,3,0,86" ten="133,377,197,293" oya="0" hai0="79,116,28,54,119,26,13,14,115,101,88,121,61" hai1="38,107,69,49,90,16,70,122,112,56,2,43,111" hai2="63,78,5,82,113,105,73,59,34,58,98,75,99" hai3="109,135,118,132,124,9,76,127,114,25,104,66,47"/><T6/><D121/><U128/><E90/><V53/><F113/><W123/><G66/><T87/><D115/><U62/><E16/><V42/><F34/><W15/><G114/><T81/><D116/><U96/><E96/><V8/><F75/><W33/><G76/><T74/><D119/><U36/><E107/><V120/><F120/><W64/><G123/><T108/><D108/><U83/><E83/><V67/><F105/><W68/><G104/><T110/><D110/><U10/><E10/><V126/><F126/><N who="3" m="48171" /><G47/><T31/><D101/><U20/><E20/><V27/><F42/><W30/><G118/><T44/><D6/><U32/><E32/><V45/><F45/><W0/><G109/><T131/><D131/><U41/><E2/><V48/><F27/><W22/><G64/><T65/><D31/><U7/><E7/><V134/><F134/><N who="3" m="51243" /><G68/><T29/><D28/><U1/><E70/><V72/><REACH who="2" step="1"/><F73/><REACH who="2" ten="133,377,187,293" step="2"/><W11/><G0/><AGARI ba="0,1" hai="0,5,8,48,53,58,59,63,67,72,78,82,98,99" machi="0" ten="30,7700,0" yaku="1,1,2,1,7,1,53,1" doraHai="86" doraHaiUra="3" who="2" fromWho="3" sc="133,0,377,0,187,87,293,-77" /><INIT seed="5,0,0,0,5,35" ten="133,377,274,216" oya="1" hai0="93,58,47,39,130,16,123,67,120,110,23,132,43" hai1="135,85,0,94,72,17,80,95,11,86,109,128,48" hai2="65,56,103,4,18,133,57,59,102,34,3,5,100" hai3="62,79,113,125,38,22,119,66,68,1,122,46,99"/><U81/><E135/><V78/><F133/><W91/><G122/><N who="0" m="46635" /><D110/><U71/><E128/><V12/><F34/><W14/><G79/><T114/><D132/><U126/><E126/><V31/><F31/><W21/><G125/><T19/><D130/><U7/><E71/><V82/><F65/><W88/><G113/><T92/><D114/><U9/><E72/><V69/><F69/><W2/><G119/><T63/><D19/><U29/><E29/><V51/><F3/><W75/><G75/><T32/><D32/><U40/><E40/><V15/><F51/><W76/><G76/><T127/><D127/><U44/><E17/><V27/><F27/><AGARI ba="0,0" hai="16,23,27,39,43,47,58,63,67,92,93" m="46635" machi="27" ten="30,2000,0" yaku="13,1,54,1" doraHai="35" who="0" fromWho="2" sc="133,20,377,0,274,-20,216,0" /><INIT seed="6,0,0,1,4,55" ten="153,377,254,216" oya="2" hai0="7,83,12,94,124,104,25,98,118,60,13,101,57" hai1="26,52,42,77,129,123,28,53,30,66,62,74,130" hai2="69,128,48,29,89,2,120,117,87,65,84,80,135" hai3="96,58,49,19,18,126,115,131,46,50,122,15,54"/><V4/><F117/><W110/><G110/><T127/><D118/><U5/><E123/><V0/><F120/><W91/><G126/><N who="0" m="48171" /><D83/><N who="1" m="45495" /><E42/><V82/><F135/><W27/><G131/><N who="1" m="50186" /><E5/><V47/><F128/><W113/><G27/><T78/><D78/><U72/><E72/><V95/><F29/><N who="1" m="11369" /><E26/><V93/><F65/><W79/><G79/><T6/><D104/><U20/><E20/><V14/><F69/><AGARI ba="0,0" hai="52,53,62,66,69" m="11369,50186,45495" machi="69" ten="30,2000,0" yaku="19,1,54,1" doraHai="55" who="1" fromWho="2" sc="153,0,377,20,254,-20,216,0" /><INIT seed="7,0,0,1,0,32" ten="153,397,234,216" oya="3" hai0="131,22,6,54,107,77,112,121,99,103,101,63,70" hai1="31,2,83,39,42,122,1,48,53,3,26,16,55" hai2="127,80,0,72,128,9,91,129,13,50,89,123,119" hai3="109,100,86,18,69,4,17,118,106,117,35,27,30"/><W14/><G86/><T65/><D121/><U78/><E122/><V68/><F119/><N who="3" m="45579" /><G100/><T5/><D131/><N who="2" m="50250" /><F123/><W49/><G106/><T60/><D112/><U43/><E16/><N who="3" m="6250" /><G49/><T56/><D77/><U81/><E39/><V76/><F68/><W84/><G84/><T38/><D38/><U79/><E31/><V47/><F127/><W45/><G45/><T11/><D22/><U98/><E26/><V108/><F108/><W75/><G75/><T12/><D103/><U36/><E98/><V21/><F91/><W37/><G69/><T57/><D70/><U126/><E126/><V40/><F89/><W133/><G37/><T67/><REACH who="0" step="1"/><D54/><REACH who="0" ten="143,397,234,216" step="2"/><U110/><E36/><V71/><F21/><W82/><G109/><T41/><D41/><U10/><E110/><V114/><F114/><W125/><G125/><T7/><AGARI ba="0,1" hai="5,6,7,11,12,56,57,60,63,65,67,99,101,107" machi="7" ten="20,8000,1" yaku="1,1,0,1,7,1,9,1,53,1" doraHai="32" doraHaiUra="92" who="0" fromWho="0" sc="143,90,397,-20,234,-20,216,-40" owari="233,3.3,377,47.7,214,-18.6,176,-32.4" /></mjloggm>