<mjloggm ver="2.3"><GO type="169" lobby="0"/><UN n0="%E8%A5%BF%E8%88%B9%E6%A9%8B%E3%83%A1%E3%83%88%E3%83%AD%E3%83%94%E3%82%A2" n1="%52%65%63%61%6C%74%71" n2="%31%E3%83%BB%32%E3%83%BB%33" n3="%64%72%61%65%74%63" dan="16,16,17,16" rate="2170.36,2147.57,2124.71,2137.48" sx="M,M,M,M"/><TAIKYOKU oya="0"/><INIT seed="0,0,0,3,0,45" ten="250,250,250,250" oya="0" hai0="20,87,37,88,86,68,79,104,127,21,93,39,123" hai1="117,23,4,85,47,29,76,135,91,51,10,112,55" hai2="120,3,5,12,129,132,72,77,70,100,16,27,94" hai3="75,118,0,110,101,111,41,65,56,48,81,30,125"/><T11/><D123/><U60/><E117/><V63/><F120/><W108/><G0/><T121/><D121/><U8/><E112/><V40/><F129/><W50/><G118/><T34/><D34/><U95/><E135/><V26/><F132/><W114/><G114/><T134/><D104/><U113/><E113/><V74/><F40/><W9/><G125/><T43/><D134/><U24/><E76/><V22/><F3/><W35/><G101/><T106/><D106/><U31/><E31/><V33/><F77/><N who="3" m="44223" /><G41/><T36/><D43/><U116/><E116/><V103/><F26/><N who="3" m="18903" /><G9/><T89/><D68/><U2/><E8/><V71/><F71/><W32/><G32/><T28/><D127/><U57/><REACH who="1" step="1"/><E47/><REACH who="1" ten="250,240,250,250" step="2"/><V58/><F74/><W80/><G80/><T19/><D79/><U122/><E122/><V131/><F72/><W18/><G18/><T105/><D28/><U83/><E83/><V107/><F16/><W14/><G14/><T53/><D11/><U90/><E90/><V64/><F12/><W66/><G56/><T49/><D19/><U1/><E1/><V130/><F58/><W17/><G17/><T7/><D7/><U119/><E119/><V25/><F70/><W115/><G115/><T128/><D89/><U78/><E78/><V15/><F15/><W98/><G98/><T52/><D88/><U96/><E96/><V109/><F130/><W59/><G59/><T82/><D128/><U133/><E133/><V61/><F131/><W54/><G111/><T38/><N who="0" m="9216" /><DORA hai="13" /><T67/><D82/><U97/><E97/><V73/><F109/><RYUUKYOKU ba="0,1" sc="250,-10,240,30,250,-10,250,-10" hai1="2,4,10,23,24,29,51,55,57,60,85,91,95" /><INIT seed="1,1,1,1,4,117" ten="240,270,240,240" oya="1" hai0="86,34,5,68,12,88,6,17,102,11,28,14,16" hai1="105,56,4,130,95,97,111,40,69,53,49,65,61" hai2="60,127,54,96,119,0,64,98,90,31,81,52,113" hai3="110,32,79,58,131,128,2,118,24,120,39,37,10"/><U76/><E130/><N who="3" m="49706" /><G110/><T29/><D68/><U9/><E111/><V124/><F119/><W135/><G118/><T101/><D34/><U67/><E76/><V73/><F0/><W27/><G135/><T132/><D132/><U19/><E19/><V30/><F113/><W122/><G79/><T55/><D29/><N who="2" m="10762" /><F73/><W38/><G58/><T43/><D28/><U15/><E105/><V21/><F21/><W91/><G91/><T77/><D77/><U108/><E108/><V74/><F74/><W20/><G20/><T87/><D43/><U106/><E106/><V18/><F18/><W78/><G78/><T7/><D55/><N who="2" m="21034" /><F81/><W72/><G72/><T62/><D62/><U94/><E67/><V121/><F90/><W103/><G103/><T66/><D87/><U13/><E13/><V115/><F115/><W116/><G116/><T48/><D48/><U133/><E133/><V93/><F93/><W45/><G45/><T59/><D59/><U46/><REACH who="1" step="1"/><E97/><REACH who="1" ten="240,260,240,240" step="2"/><V44/><F98/><W100/><G32/><T63/><D66/><U85/><E85/><V42/><F96/><W134/><G134/><T92/><REACH who="0" step="1"/><D63/><AGARI ba="1,2" hai="4,9,15,40,46,49,53,56,61,63,65,69,94,95" machi="63" ten="30,2900,0" yaku="1,1,7,1,53,0" doraHai="117" doraHaiUra="84" who="1" fromWho="0" sc="240,-32,260,52,240,0,240,0" /><INIT seed="1,2,0,0,5,14" ten="208,312,240,240" oya="1" hai0="117,59,122,55,103,0,115,7,50,31,6,38,81" hai1="47,75,89,127,120,52,61,67,123,70,106,22,39" hai2="9,135,46,126,125,71,78,100,15,88,4,111,86" hai3="21,54,34,72,83,58,85,79,27,12,116,77,64"/><U11/><E75/><V37/><F71/><W92/><G116/><T33/><D115/><U107/><E127/><N who="2" m="48651" /><F111/><W91/><G34/><T96/><D117/><U95/><E106/><V68/><F68/><W62/><G12/><T118/><D118/><U42/><E107/><V10/><F135/><W19/><REACH who="3" step="1"/><G79/><REACH who="3" ten="208,312,240,230" step="2"/><T132/><D33/><U35/><E35/><V60/><F78/><W20/><G20/><T114/><D132/><U53/><E11/><V56/><F10/><W65/><AGARI ba="2,1" hai="19,21,27,54,58,62,64,65,72,77,83,85,91,92" machi="65" ten="30,4000,0" yaku="1,1,0,1,52,1,53,0" doraHai="14" doraHaiUra="8" who="3" fromWho="3" sc="208,-12,312,-22,240,-12,230,56" /><INIT seed="2,0,0,3,4,83" ten="196,290,228,286" oya="2" hai0="126,65,127,84,45,68,121,82,94,96,97,2,88" hai1="54,108,9,24,90,116,52,119,75,118,123,132,55" hai2="61,122,14,8,21,48,130,115,28,102,33,7,0" hai3="63,62,29,95,129,38,104,112,32,93,107,47,92"/><V72/><F115/><W113/><G129/><T57/><D2/><U81/><E132/><V5/><F122/><W26/><G38/><T42/><D121/><U30/><E123/><V99/><F130/><W98/><G47/><T111/><D68/><U20/><E9/><V12/><F72/><W1/><G1/><T106/><D111/><U49/><E108/><V37/><F37/><W23/><G23/><T117/><D117/><U85/><REACH who="1" step="1"/><E75/><REACH who="1" ten="196,280,228,286" step="2"/><V10/><F0/><W100/><REACH who="3" step="1"/><G107/><REACH who="3" ten="196,280,228,276" step="2"/><T15/><D106/><U73/><E73/><V60/><F33/><W74/><G74/><T11/><D126/><U70/><E70/><V69/><F69/><W46/><G46/><AGARI ba="0,2" hai="20,24,30,46,49,52,54,55,81,85,90,116,118,119" machi="46" ten="40,8000,1" yaku="1,1,52,1,54,1,53,1" doraHai="83" doraHaiUra="78" who="1" fromWho="3" sc="196,0,280,100,228,0,276,-80" /><INIT seed="3,0,0,5,3,88" ten="196,380,228,196" oya="3" hai0="40,33,9,16,27,68,28,115,75,84,3,22,122" hai1="104,132,48,4,109,106,89,25,13,126,63,107,37" hai2="81,65,61,7,125,72,36,71,129,64,131,41,19" hai3="103,120,50,2,21,130,135,69,34,95,1,83,26"/><W35/><G120/><T6/><D75/><U20/><E37/><V102/><F7/><W49/><G69/><T98/><D68/><U43/><E132/><V45/><F102/><W76/><G135/><T5/><D40/><U87/><E63/><N who="2" m="40351" /><F19/><W51/><G130/><N who="2" m="49673" /><F81/><W97/><G35/><T70/><D70/><U11/><E109/><V96/><F96/><W110/><G34/><T56/><D122/><U82/><E126/><V128/><F72/><W39/><G39/><T31/><D115/><U52/><E43/><V74/><F74/><W118/><G110/><T29/><D56/><U8/><E8/><V116/><F128/><W17/><REACH who="3" step="1"/><G118/><REACH who="3" ten="196,380,228,186" step="2"/><T55/><D33/><U32/><E32/><V58/><F116/><W18/><G18/><T59/><D5/><U53/><REACH who="1" step="1"/><E48/><REACH who="1" ten="196,370,228,186" step="2"/><V54/><F125/><W119/><G119/><T73/><D6/><U67/><E67/><AGARI ba="0,2" hai="36,41,45,54,58,61,65,67" m="49673,40351" machi="67" ten="30,3900,0" yaku="19,1,34,2" doraHai="88" who="2" fromWho="1" sc="196,0,370,-39,228,59,186,0" /><INIT seed="4,0,0,1,5,88" ten="196,331,287,186" oya="0" hai0="74,134,75,15,81,11,29,39,96,85,44,122,114" hai1="30,3,59,63,103,124,94,5,35,23,58,2,91" hai2="79,34,47,90,55,84,82,61,54,112,19,83,68" hai3="67,104,64,37,105,116,57,86,7,50,101,132,33"/><T97/><D122/><U102/><E124/><V135/><F112/><W117/><G33/><T125/><D114/><U66/><E35/><V119/><F135/><W28/><G37/><T89/><D125/><U130/><E130/><V38/><F34/><W40/><G28/><T18/><D134/><U120/><E120/><V127/><F127/><W108/><G132/><T32/><D97/><U53/><E5/><V110/><F110/><W4/><G108/><T49/><D39/><U77/><E77/><V100/><F100/><W70/><G101/><T45/><D45/><U93/><E93/><V109/><F109/><W76/><G70/><T9/><D9/><U80/><E80/><V31/><F31/><W78/><G86/><T25/><REACH who="0" step="1"/><D96/><REACH who="0" ten="186,331,287,186" step="2"/><U69/><E69/><V46/><F46/><W36/><G36/><T115/><D115/><U113/><E113/><V131/><F47/><W12/><G117/><T128/><D128/><U0/><E59/><V27/><F38/><W111/><G116/><T16/><D16/><U17/><E30/><V73/><F119/><W71/><G57/><T52/><AGARI ba="0,1" hai="11,15,18,25,29,32,44,49,52,74,75,81,85,89" machi="52" ten="20,18000,2" yaku="1,1,0,1,7,1,25,2,54,1,53,0" doraHai="88" doraHaiUra="92" who="0" fromWho="0" sc="186,190,331,-60,287,-60,186,-60" /><INIT seed="4,1,0,0,3,38" ten="376,271,227,126" oya="0" hai0="49,96,67,46,7,109,45,25,20,72,65,3,70" hai1="122,123,22,91,13,27,23,50,130,42,81,85,104" hai2="24,58,9,29,28,107,108,8,78,97,40,77,94" hai3="4,62,47,2,95,60,32,134,116,118,33,90,132"/><T30/><D109/><U64/><E130/><V68/><F68/><W69/><G4/><T36/><D70/><U41/><E104/><V135/><F108/><W88/><G2/><T76/><D96/><U66/><E123/><V125/><F107/><W92/><G69/><T19/><D46/><AGARI ba="1,0" hai="32,33,46,47,60,62,88,90,92,95,116,118,132,134" machi="46" ten="25,3200,0" yaku="22,2,54,1" doraHai="38" who="3" fromWho="0" sc="376,-35,271,0,227,0,126,35" /><INIT seed="5,0,0,2,3,90" ten="341,271,227,161" oya="1" hai0="115,125,121,116,33,120,78,36,8,101,108,68,74" hai1="77,48,24,11,40,14,43,93,45,91,119,130,76" hai2="110,5,4,67,92,129,6,111,86,37,51,17,97" hai3="18,83,52,84,49,60,2,62,46,25,113,134,0"/><U64/><E119/><V12/><F37/><W82/><G113/><T131/><D8/><U102/><E130/><V81/><F129/><W72/><G134/><T39/><D101/><U23/><E64/><V10/><F67/><W122/><G122/><T133/><D78/><U13/><E40/><V124/><F124/><W127/><G127/><T79/><D39/><U34/><E102/><V85/><F51/><W95/><G0/><T42/><D79/><U16/><E34/><V20/><F10/><W1/><G1/><T94/><D42/><U57/><E57/><V117/><F117/><W128/><G2/><T21/><D94/><U27/><E13/><V47/><F47/><W69/><G72/><T103/><D21/><U7/><E24/><V112/><F112/><W35/><G69/><T65/><D103/><U70/><E70/><V109/><REACH who="2" step="1"/><F81/><REACH who="2" ten="341,271,217,161" step="2"/><N who="3" m="30731" /><G128/><T28/><D65/><U55/><E43/><V106/><F106/><W75/><G75/><T104/><D28/><U63/><E63/><V54/><F54/><W9/><G35/><T88/><D88/><AGARI ba="0,1" hai="4,5,6,12,17,20,85,86,88,92,97,109,110,111" machi="88" ten="50,6400,0" yaku="1,1,52,1,54,1,53,0" doraHai="90" doraHaiUra="50" who="2" fromWho="0" sc="341,-64,271,0,217,74,161,0" /><INIT seed="6,0,0,3,0,111" ten="277,271,291,161" oya="2" hai0="133,128,29,38,24,4,100,84,86,1,36,53,83" hai1="54,121,52,119,104,70,81,48,22,28,45,16,62" hai2="68,126,76,18,20,90,97,92,72,129,124,113,61" hai3="59,37,19,122,44,58,108,30,101,75,87,131,26"/><V42/><F129/><W135/><G75/><T120/><D120/><U57/><E104/><V21/><F42/><W14/><G131/><T10/><D128/><U95/><E121/><V7/><F7/><W71/><G71/><T88/><D133/><U13/><E119/><V74/><F76/><W34/><G135/><T107/><D107/><U6/><E70/><V50/><F50/><W60/><G108/><T40/><D100/><U132/><E132/><V2/><F2/><W41/><G122/><T43/><D53/><U65/><E28/><V80/><F80/><W0/><G101/><T33/><REACH who="0" step="1"/><D86/><REACH who="0" ten="267,271,291,161" step="2"/><U39/><E54/><V79/><F72/><W27/><G87/><T115/><D115/><U25/><E52/><V134/><F113/><W9/><G60/><T96/><D96/><U110/><E62/><V99/><F99/><W51/><G37/><AGARI ba="0,1" hai="1,4,10,24,29,33,36,37,38,40,43,83,84,88" machi="37" ten="40,2600,0" yaku="1,1,54,1,53,0" doraHai="111" doraHaiUra="123" who="0" fromWho="3" sc="267,36,271,0,291,0,161,-26" /><INIT seed="7,0,0,1,2,79" ten="303,271,291,135" oya="3" hai0="37,3,84,0,27,85,13,118,80,44,20,25,64" hai1="96,40,113,125,98,135,81,93,114,104,35,127,63" hai2="28,58,122,110,53,116,89,121,69,19,67,74,11" hai3="133,92,129,103,34,6,102,97,94,88,134,31,124"/><W29/><G6/><T68/><D118/><U12/><E40/><V51/><F110/><W120/><G34/><T57/><D68/><U90/><E35/><V17/><F116/><W55/><G120/><N who="2" m="46185" /><F74/><W106/><G55/><T30/><D84/><N who="1" m="50447" /><E63/><N who="2" m="40191" /><F28/><W75/><G75/><T46/><D37/><U100/><E12/><V33/><F33/><W16/><G124/><N who="1" m="47690" /><E135/><N who="3" m="51722" /><G129/><T71/><D71/><U119/><E119/><V73/><F73/><W83/><G16/><N who="2" m="6217" /><F89/><AGARI ba="0,0" hai="89,93,96,98,100,104,113,114" m="47690,50447" machi="89" ten="30,7700,0" yaku="18,1,34,2,52,1" doraHai="79" who="1" fromWho="2" sc="303,0,271,77,291,-77,135,0" owari="303,10.3,348,44.8,214,-18.6,135,-36.5" /></mjloggm>