<mjloggm ver="2.3"><GO type="169" lobby="0"/><UN n0="%E7%99%BE%E9%87%8E%E3%81%95%E3%82%93" n1="%E6%98%8E%E6%98%9F%E5%B8%82%E6%B0%91" n2="%E4%B9%9D%E5%B0%BE%E3%81%AE%E3%83%8D%E3%82%B3" n3="%E3%81%B8%E3%81%84%E3%81%9E%E3%81%86%E3%81%95%E3%82%93" dan="17,17,16,16" rate="2181.90,2221.28,2057.38,2057.29" sx="M,M,M,M"/><TAIKYOKU oya="0"/><INIT seed="0,0,0,1,4,48" ten="250,250,250,250" oya="0" hai0="99,106,1,16,64,25,101,83,5,75,113,43,107" hai1="32,90,114,10,36,46,68,109,58,124,77,126,63" hai2="120,59,71,127,49,6,134,66,47,7,116,41,135" hai3="14,34,55,84,61,128,23,119,131,73,89,72,40"/><T53/><D113/><U129/><E77/><V65/><F120/><W130/><G119/><T0/><D64/><U111/><E32/><V95/><F116/><W57/><G34/><T70/><D70/><U112/><E90/><V78/><F78/><W121/><G40/><T104/><D43/><N who="1" m="22887" /><E10/><V56/><F95/><W80/><REACH who="3" step="1"/><G121/><REACH who="3" ten="250,250,250,240" step="2"/><T35/><D35/><U9/><E129/><V27/><F41/><W117/><G117/><T13/><D107/><U105/><E105/><V45/><F71/><W125/><G125/><N who="1" m="48234" /><E68/><V44/><F127/><W29/><G29/><T19/><D106/><U8/><E8/><V103/><F134/><W26/><G26/><T91/><D25/><U62/><E9/><V108/><F27/><W123/><G123/><T52/><D1/><U31/><E31/><V118/><F135/><W79/><G79/><T86/><D0/><U28/><E28/><V69/><F69/><W11/><G11/><T20/><D5/><U39/><E39/><V102/><F118/><W92/><G92/><N who="0" m="54391" /><D19/><AGARI ba="0,1" hai="14,19,23,55,57,61,72,73,80,84,89,128,130,131" machi="19" ten="40,5200,0" yaku="1,1,19,1,52,1,53,0" doraHai="48" doraHaiUra="24" who="3" fromWho="0" sc="250,-52,250,0,250,0,240,62" /><INIT seed="1,0,0,3,4,26" ten="198,250,250,302" oya="1" hai0="128,44,55,54,103,12,92,112,93,80,125,15,47" hai1="113,114,116,34,29,95,28,31,130,30,64,16,88" hai2="106,134,45,0,35,74,126,85,132,57,56,66,75" hai3="76,63,2,68,111,105,73,102,86,135,61,17,110"/><U48/><E116/><V69/><F106/><W52/><G73/><T50/><D112/><U82/><E130/><V4/><F35/><W10/><G135/><T79/><D128/><U108/><E108/><N who="3" m="41514" /><G68/><T90/><D125/><U40/><E64/><V32/><F32/><W127/><G127/><T70/><D70/><U1/><E82/><V38/><F126/><W39/><G39/><T53/><D103/><U96/><E1/><V13/><F75/><W62/><G76/><T84/><D93/><U89/><E89/><V71/><F74/><W104/><G86/><T60/><D60/><U27/><REACH who="1" step="1"/><E16/><REACH who="1" ten="198,240,250,302" step="2"/><V59/><F66/><W20/><G2/><T3/><D3/><U83/><E83/><V6/><F0/><W65/><G65/><T120/><D120/><U25/><E25/><V43/><F13/><W119/><G119/><T101/><D101/><U131/><E131/><V36/><F132/><W23/><G102/><T5/><D15/><U91/><E91/><V117/><F117/><W18/><G18/><T22/><D5/><U8/><E8/><V49/><F6/><W42/><G10/><T121/><D121/><U123/><E123/><V37/><F4/><W21/><G17/><N who="0" m="10535" /><D47/><AGARI ba="0,1" hai="27,28,29,30,31,34,40,47,48,88,95,96,113,114" machi="47" ten="40,18000,2" yaku="1,1,52,4,54,1,53,0" doraHai="26" doraHaiUra="122" who="1" fromWho="0" sc="198,-180,240,190,250,0,302,0" /><INIT seed="1,1,0,0,3,39" ten="18,430,250,302" oya="1" hai0="106,60,3,117,55,48,93,100,101,91,87,80,24" hai1="75,74,122,110,68,119,66,130,64,43,36,96,127" hai2="135,103,79,128,40,37,5,35,90,62,27,105,14" hai3="69,61,121,89,26,98,1,113,134,23,6,76,12"/><U18/><E119/><V21/><F35/><W10/><G121/><T59/><D117/><U49/><E122/><V47/><F135/><W29/><G113/><T46/><D3/><U71/><E130/><V31/><F128/><W50/><G134/><T22/><D106/><U83/><E127/><V15/><F79/><W8/><G76/><T131/><D131/><U51/><E18/><V13/><F90/><W111/><G111/><T34/><D34/><U56/><E96/><V126/><F126/><W112/><G112/><T9/><D9/><U102/><E83/><V19/><F62/><W116/><G116/><T124/><D124/><U38/><E102/><V85/><F85/><W78/><G78/><T84/><D84/><U125/><E125/><V2/><F2/><W57/><G50/><T42/><REACH who="0" step="1"/><D93/><REACH who="0" ten="8,430,250,302" step="2"/><U53/><E75/><V65/><F5/><W107/><G107/><T94/><D94/><U20/><E74/><V33/><REACH who="2" step="1"/><F65/><REACH who="2" ten="8,430,240,302" step="2"/><N who="1" m="25193" /><E110/><V86/><F86/><W72/><G72/><T11/><D11/><U104/><E20/><V120/><F120/><W52/><G10/><T81/><D81/><U133/><E133/><V88/><F88/><W132/><G89/><T58/><D58/><U70/><E104/><V7/><F7/><W28/><G132/><T54/><D54/><U63/><E63/><V45/><F45/><AGARI ba="1,2" hai="36,38,43,45,49,51,53,56,68,70,71" m="25193" machi="45" ten="40,18000,2" yaku="35,5,52,1" doraHai="39" who="1" fromWho="2" sc="8,0,430,203,240,-183,302,0" /><INIT seed="1,2,0,3,1,37" ten="8,633,57,302" oya="1" hai0="57,132,24,119,99,65,45,35,14,135,86,111,130" hai1="43,87,116,76,126,117,107,39,78,49,118,55,91" hai2="4,133,17,125,23,108,34,30,46,60,28,2,124" hai3="64,84,19,112,20,13,109,40,42,33,68,105,31"/><U90/><E107/><V66/><F108/><W85/><G112/><T120/><D119/><U18/><E126/><N who="2" m="48747" /><F46/><W73/><G73/><T59/><D111/><U113/><E113/><V12/><F34/><W36/><G105/><T9/><D99/><U15/><E39/><V61/><F133/><N who="0" m="51274" /><D130/><U96/><E96/><V25/><F66/><W102/><G102/><T10/><D120/><U48/><E48/><V83/><F83/><W69/><G109/><T106/><D106/><U8/><E91/><V80/><F80/><W62/><G69/><T22/><D35/><U21/><E21/><N who="2" m="15407" /><F30/><W93/><G36/><T121/><D121/><U104/><E104/><V89/><F89/><W97/><G31/><N who="0" m="17815" /><D65/><U75/><E75/><V29/><F29/><W123/><G33/><T50/><D86/><U32/><E32/><V94/><F94/><W0/><G123/><T92/><D92/><U5/><E90/><V38/><F38/><W101/><REACH who="3" step="1"/><G0/><REACH who="3" ten="8,633,57,292" step="2"/><T98/><D98/><U129/><E118/><V52/><F2/><W41/><AGARI ba="2,1" hai="13,19,20,40,41,42,62,64,68,84,85,93,97,101" machi="41" ten="30,12000,2" yaku="1,1,2,1,0,1,52,3,53,0" doraHai="37" doraHaiUra="131" who="3" fromWho="3" sc="8,-32,633,-62,57,-32,292,136" owari="-24,-52.4,571,67.1,25,-37.5,428,22.8" /></mjloggm>