<mjloggm ver="2.3"><GO type="169" lobby="0"/><UN n0="%E3%81%8A%E3%81%90%E3%82%89%E3%82%86%E3%81%84" n1="%65%76%31%36%33%38%34" n2="%E7%88%86%E7%89%8C%E3%82%A6%E3%82%B7%E3%82%B8%E3%83%9E%E3%81%8F%E3%82%93" n3="%E3%81%AA%E3%81%BE%E3%81%91%E8%80%85" dan="16,17,19,16" rate="2030.03,2146.59,2249.34,2063.12" sx="M,M,M,M"/><TAIKYOKU oya="0"/><INIT seed="0,0,0,0,4,28" ten="250,250,250,250" oya="0" hai0="68,13,54,119,21,78,82,108,59,41,71,42,64" hai1="111,113,134,36,117,125,93,50,124,97,88,109,122" hai2="99,100,31,131,22,46,107,83,92,52,60,98,7" hai3="61,53,127,45,70,47,1,20,118,94,116,121,133"/><T110/><D119/><U112/><E36/><V56/><F131/><W55/><G1/><T86/><D21/><U32/><E32/><V24/><F7/><W6/><G6/><T75/><D13/><U39/><E39/><V43/><F83/><W62/><G94/><T5/><D5/><U135/><E50/><V89/><F46/><W76/><G76/><T17/><D17/><U105/><E105/><V80/><F80/><W23/><G70/><T30/><D30/><U8/><E8/><V51/><REACH who="2" step="1"/><F43/><REACH who="2" ten="250,250,240,250" step="2"/><W15/><G47/><T74/><D42/><U129/><E129/><V84/><F84/><W101/><G45/><T19/><D41/><U27/><E117/><V10/><F10/><W3/><G118/><T14/><D75/><U90/><E122/><V106/><F106/><W66/><G121/><T73/><D74/><U132/><E27/><V69/><F69/><W87/><G87/><T79/><D73/><U126/><REACH who="1" step="1"/><E90/><REACH who="1" ten="250,240,240,250" step="2"/><V123/><F123/><W16/><G116/><T72/><D79/><U44/><E44/><V57/><F57/><W40/><G40/><T81/><D72/><U103/><E103/><V77/><F77/><W4/><G101/><T114/><D78/><U130/><E130/><V12/><F12/><W2/><G15/><T37/><D14/><U63/><E63/><AGARI ba="0,2" hai="22,24,31,51,52,56,60,63,89,92,98,99,100,107" machi="63" ten="40,2600,0" yaku="1,1,54,1,53,0" doraHai="28" doraHaiUra="67" who="2" fromWho="1" sc="250,0,240,-26,240,46,250,0" /><INIT seed="1,0,0,1,1,14" ten="250,214,286,250" oya="1" hai0="15,52,133,16,126,105,129,55,61,9,75,44,95" hai1="36,47,60,57,81,94,6,53,30,32,101,65,26" hai2="104,100,82,87,110,25,73,41,58,35,0,113,103" hai3="111,20,1,88,131,40,49,127,132,119,123,84,112"/><U90/><E6/><V8/><F110/><W50/><G20/><T45/><D105/><U118/><E118/><V39/><F113/><W121/><G40/><T108/><D75/><U70/><E101/><V86/><F58/><W116/><G84/><T68/><D108/><U92/><E81/><V91/><F104/><W27/><G27/><T63/><D129/><U117/><E117/><V85/><F35/><W124/><G88/><T46/><D133/><U28/><E28/><V11/><F25/><W5/><G5/><T71/><D126/><U3/><E3/><V78/><F91/><W37/><G50/><T79/><D79/><U96/><E94/><V24/><F24/><W48/><G48/><T72/><D72/><U62/><E47/><N who="2" m="23999" /><F11/><W128/><G49/><T13/><D95/><U54/><E36/><V67/><F67/><AGARI ba="0,0" hai="26,30,32,53,54,57,60,62,65,67,70,90,92,96" machi="67" ten="30,1500,0" yaku="7,1" doraHai="14" who="1" fromWho="2" sc="250,0,214,15,286,-15,250,0" /><INIT seed="1,1,0,2,5,5" ten="250,229,271,250" oya="1" hai0="17,110,121,129,13,96,32,33,14,39,26,4,64" hai1="6,105,20,90,36,85,80,86,100,60,23,56,12" hai2="2,116,131,134,16,130,0,72,15,61,83,97,127" hai3="18,22,111,98,122,65,29,57,69,114,74,119,108"/><U92/><E36/><V35/><F116/><W24/><G114/><T102/><D39/><U1/><E1/><V68/><F35/><W94/><G122/><T115/><D110/><U71/><E71/><V135/><F97/><W41/><G74/><T37/><D37/><U44/><E105/><V67/><F72/><W106/><G41/><T40/><D40/><U9/><E44/><V124/><F83/><W133/><G133/><N who="2" m="50697" /><F0/><W77/><G77/><T66/><D115/><U128/><E128/><N who="2" m="49195" /><F2/><W45/><G119/><T99/><D129/><U43/><E43/><V132/><F132/><W11/><G45/><T3/><D3/><U30/><E30/><V48/><F48/><W82/><G82/><T125/><D102/><U27/><E27/><V54/><F54/><W107/><G69/><T87/><D26/><U28/><E28/><V78/><F78/><W95/><G95/><T51/><D51/><U7/><E7/><V84/><F84/><W47/><G47/><T118/><D87/><U93/><E93/><V126/><F126/><W55/><G65/><T50/><D50/><U91/><REACH who="1" step="1"/><E100/><REACH who="1" ten="250,219,271,250" step="2"/><V46/><F46/><W120/><G94/><T42/><D4/><U112/><E112/><V75/><F75/><W109/><G107/><T34/><D118/><U38/><E38/><V113/><F113/><W81/><G106/><T21/><D34/><U103/><E103/><V104/><F104/><W49/><G29/><T19/><D33/><U59/><E59/><V25/><F25/><W10/><G24/><T79/><D32/><U89/><E89/><V52/><F52/><AGARI ba="1,1" hai="6,9,12,20,23,52,56,60,80,85,86,90,91,92" machi="52" ten="30,18000,2" yaku="1,1,6,1,7,1,8,1,52,1,54,1,53,0" doraHai="5" doraHaiUra="62" who="1" fromWho="2" sc="250,0,219,193,271,-183,250,0" /><INIT seed="1,2,0,5,4,135" ten="250,412,88,250" oya="1" hai0="43,6,56,28,50,130,69,85,119,65,30,117,25" hai1="108,40,133,26,33,41,114,111,125,59,24,35,16" hai2="14,52,112,106,103,48,57,76,11,9,54,44,15" hai3="115,107,96,120,12,32,86,17,75,61,128,42,77"/><U62/><E114/><V5/><F112/><W27/><G120/><T38/><D6/><U58/><E133/><V101/><F76/><W1/><G115/><T129/><D85/><U84/><E84/><V37/><F106/><W105/><G1/><T92/><D92/><U64/><E62/><V51/><REACH who="2" step="1"/><F37/><REACH who="2" ten="250,412,78,250" step="2"/><W2/><G105/><T98/><D38/><U89/><E111/><V36/><F36/><W45/><G77/><T39/><D39/><U109/><E108/><V67/><F67/><W55/><G107/><T4/><D65/><U110/><E64/><V97/><F97/><W95/><G96/><T74/><D98/><U99/><E99/><V123/><F123/><W18/><G75/><T94/><D74/><U100/><E89/><V82/><F82/><W90/><G86/><T113/><D113/><U60/><E100/><V71/><F71/><W124/><G90/><T81/><D69/><U127/><E60/><V13/><F13/><W132/><G12/><T72/><D81/><U80/><E80/><V121/><F121/><W10/><G61/><T7/><D72/><U126/><E125/><V68/><F68/><W53/><G124/><T34/><D94/><U31/><E31/><V104/><F104/><W91/><G91/><T118/><D30/><U88/><E88/><V78/><F78/><W3/><G95/><T79/><D79/><U83/><E83/><V131/><F131/><W73/><G128/><T19/><D129/><U122/><E122/><V21/><F21/><W102/><G102/><T23/><D130/><U87/><E87/><V8/><F8/><RYUUKYOKU ba="2,1" sc="250,-15,412,15,78,15,250,-15" hai1="16,24,26,33,35,40,41,58,59,109,110,126,127" hai2="5,9,11,14,15,44,48,51,52,54,57,101,103" /><INIT seed="1,3,1,1,2,78" ten="235,427,93,235" oya="1" hai0="125,39,1,12,116,64,0,102,66,109,103,27,54" hai1="61,119,26,80,28,132,97,8,62,120,29,52,68" hai2="6,134,133,113,81,123,94,13,10,7,22,15,73" hai3="92,60,86,98,51,34,129,77,82,5,69,41,91"/><U90/><E119/><V87/><F123/><W16/><G129/><T107/><D27/><U44/><E120/><V121/><F121/><W63/><G34/><T36/><D12/><U96/><E132/><N who="2" m="50795" /><F113/><W9/><G69/><T20/><D20/><U57/><E68/><V65/><F65/><W38/><G38/><T3/><D109/><U19/><E62/><V40/><F40/><W25/><G25/><T18/><D18/><U48/><E8/><N who="2" m="4247" /><F73/><W67/><G67/><T23/><D66/><U70/><E70/><V24/><F94/><W88/><G91/><T108/><D64/><N who="1" m="38959" /><E19/><N who="2" m="12383" /><F87/><W4/><G63/><T83/><D107/><U17/><E17/><V127/><F81/><W42/><G60/><T46/><D83/><U99/><E26/><V47/><F47/><N who="3" m="26095" /><G42/><T104/><D104/><U110/><E110/><V72/><F72/><W21/><G21/><T35/><D108/><U105/><E105/><V124/><AGARI ba="3,1" hai="7,10,15,124,127" m="12383,4247,50795" machi="124" ten="30,4000,0" yaku="20,1,34,2" doraHai="78" who="2" fromWho="2" sc="235,-13,427,-23,93,59,235,-13" /><INIT seed="2,0,0,1,4,112" ten="222,404,152,222" oya="2" hai0="53,28,90,85,128,23,15,121,35,39,56,119,122" hai1="14,116,80,40,92,94,65,22,117,82,37,55,91" hai2="63,64,69,50,49,78,31,48,120,100,30,84,36" hai3="115,21,62,9,51,75,42,125,5,123,25,66,74"/><V101/><F36/><W134/><G123/><T2/><D2/><U16/><E65/><V103/><REACH who="2" step="1"/><F120/><REACH who="2" ten="222,404,142,222" step="2"/><W131/><G115/><T32/><D39/><U113/><E37/><V124/><F124/><W107/><G125/><T96/><D122/><U118/><E113/><V81/><AGARI ba="0,1" hai="30,31,48,49,50,63,64,69,78,81,84,100,101,103" machi="81" ten="40,3900,0" yaku="1,1,0,1,53,0" doraHai="112" doraHaiUra="106" who="2" fromWho="2" sc="222,-13,404,-13,142,49,222,-13" /><INIT seed="2,1,0,2,4,61" ten="209,391,191,209" oya="2" hai0="121,20,129,57,125,82,81,75,70,130,36,6,74" hai1="27,127,80,71,86,10,115,108,92,28,112,118,59" hai2="124,29,30,2,31,72,64,54,63,126,133,62,107" hai3="91,7,5,76,44,33,41,21,58,95,111,42,19"/><V104/><F2/><W101/><G33/><T96/><D70/><U94/><E71/><V1/><F1/><W35/><G35/><T66/><D36/><U12/><E118/><V51/><F72/><W13/><G111/><T60/><D6/><U87/><E108/><V132/><F51/><W97/><G76/><T119/><D121/><U131/><E131/><N who="0" m="50185" /><D125/><N who="2" m="48234" /><F54/><W38/><G42/><T48/><D119/><U109/><E109/><V110/><F110/><W0/><G0/><T93/><D20/><U24/><E127/><V50/><F50/><W123/><G123/><T90/><D48/><U128/><E128/><V3/><F63/><W49/><G38/><T84/><D81/><U106/><E80/><V32/><F3/><W8/><G8/><T46/><D46/><U47/><E47/><V102/><F102/><AGARI ba="1,0" hai="57,60,66,74,75,82,84,90,93,96,102" m="50185" machi="102" ten="30,2000,0" yaku="19,1,52,1" doraHai="61" who="0" fromWho="2" sc="209,23,391,0,191,-23,209,0" /><INIT seed="3,0,0,1,2,22" ten="232,391,168,209" oya="3" hai0="48,70,130,36,134,55,115,6,112,114,53,106,73" hai1="108,92,23,63,16,121,43,72,8,29,56,31,88" hai2="41,107,51,1,34,50,33,42,97,110,96,119,11" hai3="20,64,124,7,109,10,2,32,95,27,101,129,69"/><W12/><G124/><T105/><D73/><U9/><E72/><V123/><F119/><W102/><G129/><T80/><D70/><U71/><E108/><V30/><F110/><W89/><G109/><T83/><D36/><U49/><E71/><V44/><F123/><W93/><G93/><T118/><D118/><U104/><E104/><N who="0" m="40041" /><D6/><U26/><E121/><V57/><F107/><W122/><G122/><T132/><D130/><U128/><E128/><V47/><F57/><W120/><G120/><T54/><D48/><U21/><E43/><V116/><F116/><W61/><G32/><T0/><D0/><U111/><E49/><V82/><F82/><AGARI ba="0,0" hai="53,54,55,80,82,83,112,114,115,132,134" m="40041" machi="82" ten="40,5200,0" yaku="28,2,11,1" doraHai="22" who="0" fromWho="2" sc="232,52,391,0,168,-52,209,0" /><INIT seed="4,0,0,0,4,100" ten="284,391,116,209" oya="0" hai0="83,87,28,127,107,111,114,133,75,91,13,69,15" hai1="116,86,94,90,62,84,39,92,121,112,66,58,3" hai2="123,44,99,38,6,76,77,30,36,108,126,47,33" hai3="71,5,118,45,41,22,32,35,56,23,18,89,125"/><T88/><D69/><U124/><E39/><V105/><F108/><W60/><G71/><T14/><D114/><U130/><E3/><V85/><F6/><W52/><G125/><T115/><D115/><U11/><E116/><V0/><F0/><W48/><G118/><T40/><D40/><U12/><E121/><V8/><F123/><W82/><G5/><T20/><D127/><U4/><E124/><V57/><F8/><W128/><G128/><T120/><D75/><U104/><E104/><V70/><F70/><W113/><G113/><T31/><D107/><U98/><E112/><V78/><F126/><W16/><G82/><T29/><D133/><U95/><E130/><V59/><F85/><AGARI ba="0,0" hai="4,11,12,58,62,66,84,85,86,90,92,94,95,98" machi="85" ten="40,1300,0" yaku="8,1" doraHai="100" who="1" fromWho="2" sc="284,0,391,13,116,-13,209,0" /><INIT seed="5,0,0,2,5,99" ten="284,404,103,209" oya="1" hai0="125,51,134,43,60,92,132,6,13,45,39,41,16" hai1="95,107,87,38,81,102,82,86,112,106,100,19,88" hai2="124,103,72,104,4,93,54,78,7,79,101,122,59" hai3="110,89,91,33,80,131,69,73,5,120,85,18,17"/><U119/><E38/><V121/><F104/><N who="1" m="39977" /><E19/><V97/><F124/><W113/><G110/><T130/><D6/><U3/><E3/><V48/><F72/><W8/><G73/><T127/><D92/><U20/><E20/><V61/><F122/><W118/><G113/><T9/><D60/><U135/><E119/><V115/><F121/><W66/><G131/><T10/><D10/><U29/><E29/><V58/><F115/><W77/><G33/><T31/><D31/><U76/><E112/><V30/><F30/><W40/><G118/><T123/><D123/><U65/><E65/><V111/><F111/><W42/><G120/><T36/><D130/><U109/><E109/><V98/><F93/><W47/><G66/><T70/><D70/><U129/><E129/><V26/><F26/><W64/><G64/><T126/><D41/><U46/><E46/><V24/><F24/><W94/><G42/><T37/><AGARI ba="0,0" hai="9,13,16,36,37,39,43,45,51,125,126,127,132,134" machi="37" ten="40,5200,0" yaku="0,1,18,1,54,1" doraHai="99" who="0" fromWho="0" sc="284,52,404,-26,103,-13,209,-13" /><INIT seed="6,0,0,1,5,62" ten="336,378,90,196" oya="2" hai0="46,41,80,82,130,65,73,122,34,67,53,25,39" hai1="131,115,86,61,132,18,47,100,49,119,94,92,109" hai2="118,24,121,78,128,69,120,85,23,29,110,6,87" hai3="59,42,81,90,48,71,58,64,79,57,17,74,93"/><V107/><F118/><W31/><G31/><T99/><D122/><U22/><E109/><V0/><F110/><W55/><G42/><T83/><D73/><U40/><E119/><V129/><F107/><W52/><G17/><T104/><D130/><N who="2" m="50282" /><F69/><W111/><G111/><T38/><D38/><U33/><E33/><V75/><F75/><W123/><G123/><N who="2" m="47177" /><F78/><W60/><REACH who="3" step="1"/><G55/><REACH who="3" ten="336,378,90,186" step="2"/><T35/><D35/><U54/><E131/><V89/><F89/><W101/><G101/><T21/><D34/><U127/><E54/><V15/><F87/><AGARI ba="0,1" hai="48,52,57,58,59,60,64,71,74,79,81,87,90,93" machi="87" ten="30,8000,1" yaku="1,1,7,1,52,1,54,1,53,1" doraHai="62" doraHaiUra="50" who="3" fromWho="2" sc="336,0,378,0,90,-80,186,90" /><INIT seed="7,0,0,3,3,50" ten="336,378,10,276" oya="3" hai0="114,88,126,101,46,127,60,104,71,133,86,108,31" hai1="117,49,130,40,69,42,35,22,76,121,4,39,95" hai2="85,83,73,6,43,111,57,75,10,119,38,54,112" hai3="48,36,122,51,84,5,72,44,55,47,94,132,45"/><W26/><G122/><T66/><D108/><U33/><E121/><V134/><F111/><W13/><G72/><T125/><D31/><U78/><E39/><V124/><F119/><W80/><G132/><T99/><D133/><U56/><E69/><V21/><F134/><W63/><G36/><T58/><D114/><U77/><E35/><V131/><F112/><W34/><G94/><T129/><D129/><U123/><E33/><V91/><F131/><W7/><G34/><T90/><D46/><U89/><E4/><V107/><F107/><W30/><G30/><T62/><D86/><U16/><E123/><V115/><F115/><W3/><G26/><T120/><D120/><U87/><E117/><V81/><F124/><W28/><G28/><T128/><D128/><U53/><E130/><V64/><F64/><W68/><G68/><T96/><D99/><U61/><E61/><V118/><F118/><W29/><G29/><T100/><D101/><U41/><E77/><V70/><F70/><W97/><G97/><T14/><D14/><AGARI ba="0,0" hai="14,16,22,40,41,42,49,53,56,76,78,87,89,95" machi="14" ten="40,8000,1" yaku="25,2,8,1,52,1,54,1" doraHai="50" who="1" fromWho="0" sc="336,-80,378,80,10,0,276,0" owari="256,-14.4,458,55.8,10,-49.0,276,7.6" /></mjloggm>