<mjloggm ver="2.3"><GO type="169" lobby="0"/><UN n0="%E7%8E%84%E9%85%94%E6%A5%BC" n1="%63%68%69%73%73" n2="%6D%61%6A%75%6E%69%61" n3="%4D%4A%E6%9C%80%E5%BC%B7%E4%BD%8D" dan="16,16,17,17" rate="2152.42,2170.96,2183.00,2207.71" sx="M,M,M,M"/><TAIKYOKU oya="0"/><INIT seed="0,0,0,2,4,56" ten="250,250,250,250" oya="0" hai0="90,48,59,116,106,91,42,112,21,127,35,134,95" hai1="97,62,110,69,135,64,9,132,130,121,28,11,37" hai2="104,111,29,100,70,33,57,83,43,68,124,20,82" hai3="93,76,73,45,128,31,47,52,27,17,49,85,13"/><T75/><D112/><U10/><E121/><V77/><F111/><W12/><G128/><T71/><D106/><U87/><E110/><V86/><F124/><W126/><G126/><T1/><D35/><U125/><E125/><V60/><F43/><W80/><G45/><T99/><D71/><U3/><E130/><V26/><F33/><W41/><G41/><T88/><D116/><U24/><E37/><V119/><F119/><W102/><G17/><T89/><D75/><U74/><E74/><V117/><F117/><W96/><REACH who="3" step="1"/><G73/><REACH who="3" ten="250,250,250,240" step="2"/><T108/><D127/><U129/><E129/><V25/><F25/><W55/><G55/><T109/><D109/><U30/><E132/><V18/><F18/><W65/><G65/><T120/><D134/><U50/><E135/><V19/><F19/><W54/><G54/><T81/><D108/><U53/><E28/><V133/><F133/><W63/><G63/><T78/><D42/><U92/><E24/><V118/><F118/><W66/><G66/><T4/><D120/><U44/><E30/><V115/><F115/><W0/><G0/><T84/><D48/><U6/><REACH who="1" step="1"/><E87/><REACH who="1" ten="250,240,250,240" step="2"/><V67/><F86/><W22/><AGARI ba="0,2" hai="12,13,22,27,31,47,49,52,76,80,85,93,96,102" machi="22" ten="20,8000,1" yaku="1,1,0,1,7,1,8,1,54,1,53,0" doraHai="56" doraHaiUra="7" who="3" fromWho="3" sc="250,-40,240,-20,250,-20,240,100" /><INIT seed="1,0,0,0,5,68" ten="210,220,230,340" oya="1" hai0="75,100,54,11,88,124,44,45,78,60,32,7,67" hai1="76,13,36,96,94,46,83,114,122,109,91,89,74" hai2="69,19,20,112,21,117,72,106,120,3,10,93,77" hai3="5,131,35,50,87,110,2,4,111,80,82,9,97"/><U43/><E114/><V25/><F120/><W42/><G35/><T41/><D32/><U1/><E122/><V6/><F112/><W121/><G121/><T33/><D33/><U90/><E109/><N who="3" m="41482" /><G131/><T118/><D100/><U29/><E29/><V34/><F106/><W102/><G5/><T48/><D118/><U39/><E1/><V132/><F117/><W14/><G2/><T127/><D88/><U125/><E125/><V79/><F69/><W84/><G42/><T0/><D67/><U31/><E31/><V85/><F72/><W52/><G80/><N who="0" m="45151" /><D60/><U86/><E13/><V23/><F132/><W64/><G64/><T61/><D61/><U134/><E134/><V98/><F85/><W62/><G62/><T53/><D53/><U24/><E24/><V128/><F128/><W37/><G82/><T15/><D15/><U17/><E17/><V70/><F70/><W115/><G115/><T66/><D66/><U63/><E63/><V28/><F21/><W18/><G18/><T123/><D123/><U116/><E116/><V101/><REACH who="2" step="1"/><F23/><REACH who="2" ten="210,220,220,340" step="2"/><W26/><G87/><T58/><D127/><U81/><REACH who="1" step="1"/><E90/><REACH who="1" ten="210,210,220,340" step="2"/><V40/><F40/><W95/><G26/><AGARI ba="0,2" hai="3,6,10,19,20,25,26,28,34,77,79,93,98,101" machi="26" ten="30,2000,0" yaku="1,1,7,1,53,0" doraHai="68" doraHaiUra="135" who="2" fromWho="3" sc="210,0,210,0,220,40,340,-20" /><INIT seed="2,0,0,2,3,72" ten="210,210,260,320" oya="2" hai0="36,50,131,7,57,74,23,96,118,113,3,22,71" hai1="119,59,93,85,97,80,87,88,89,61,75,123,12" hai2="46,129,19,104,49,91,83,125,4,54,84,6,64" hai3="34,77,38,124,81,69,126,102,18,114,42,63,5"/><V95/><F125/><N who="3" m="48235" /><G34/><T73/><D113/><U108/><E108/><V24/><F129/><W8/><G114/><T11/><D71/><U30/><E119/><V13/><F104/><W2/><G102/><T52/><D131/><U32/><E75/><V31/><F64/><N who="3" m="41119" /><G18/><T58/><D36/><U116/><E116/><V53/><F53/><W127/><G127/><T10/><D118/><U107/><E107/><V117/><F117/><W109/><G109/><T45/><D73/><U21/><E123/><V115/><F95/><W133/><G133/><T101/><D74/><U135/><E135/><V37/><F37/><W90/><G90/><T92/><D10/><U62/><E32/><V110/><F110/><W40/><G38/><T15/><D3/><U60/><E12/><V28/><F115/><W134/><G134/><T20/><AGARI ba="0,0" hai="7,11,15,20,22,23,45,50,52,57,58,92,96,101" machi="20" ten="30,4000,0" yaku="0,1,8,1,54,1" doraHai="72" who="0" fromWho="0" sc="210,40,210,-10,260,-20,320,-10" /><INIT seed="3,0,0,2,4,26" ten="250,200,240,310" oya="3" hai0="105,113,72,54,4,80,121,34,8,73,28,127,22" hai1="99,63,129,32,69,48,17,110,52,82,45,36,68" hai2="103,123,135,91,90,18,15,19,76,85,133,24,96" hai3="118,124,98,115,49,37,117,29,53,1,97,47,81"/><W67/><G1/><T46/><D121/><U106/><E110/><V125/><F123/><W12/><G115/><T88/><D105/><U130/><E32/><V25/><F76/><W120/><G120/><T11/><D34/><U7/><E7/><V58/><F125/><W109/><G124/><T87/><D113/><U21/><E82/><V83/><F91/><W55/><G37/><T78/><D127/><U60/><E99/><V101/><F58/><W30/><G67/><T77/><D72/><U27/><E106/><V128/><F128/><W59/><G109/><T111/><D111/><U92/><E92/><V102/><F96/><N who="3" m="36971" /><G118/><T95/><D77/><U100/><E100/><V43/><F43/><W70/><G70/><T131/><D131/><N who="1" m="50187" /><E36/><V42/><F42/><W57/><G117/><T9/><D4/><U14/><E14/><V89/><F90/><W39/><G39/><T61/><D61/><AGARI ba="0,0" hai="17,21,27,45,48,52,60,61,63,68,69" m="50187" machi="61" ten="30,2000,0" yaku="19,1,54,1" doraHai="26" who="1" fromWho="0" sc="250,-20,200,20,240,0,310,0" /><INIT seed="4,0,0,5,4,21" ten="230,220,240,310" oya="0" hai0="42,134,129,67,106,71,49,52,32,96,126,25,110" hai1="44,12,50,17,92,54,103,7,29,26,90,102,133" hai2="119,109,69,47,66,5,128,10,11,131,48,88,56" hai3="86,84,99,31,121,18,107,118,41,62,33,46,113"/><T116/><D116/><U120/><E7/><V36/><F109/><W76/><G113/><T100/><D110/><U13/><E133/><V123/><F119/><W64/><G118/><T117/><D117/><U79/><E79/><V122/><F11/><W59/><G121/><N who="2" m="46089" /><F10/><W114/><G114/><T40/><D126/><U78/><E78/><V24/><F24/><W6/><G6/><T16/><D129/><N who="2" m="49738" /><F88/><W23/><G31/><N who="0" m="19567" /><D16/><U22/><E120/><V53/><F5/><W73/><G33/><T34/><D34/><U81/><E81/><V14/><F14/><W125/><G125/><T45/><D134/><U4/><E4/><V80/><F80/><W98/><G73/><T55/><D40/><U1/><E1/><V37/><F69/><W104/><G76/><T135/><D135/><U60/><E13/><V61/><AGARI ba="0,0" hai="36,37,47,48,53,56,61,66" m="49738,46089" machi="61" ten="40,5200,0" yaku="19,1,34,2" doraHai="21" who="2" fromWho="2" sc="230,-26,220,-13,240,52,310,-13" /><INIT seed="5,0,0,1,4,121" ten="204,207,292,297" oya="1" hai0="114,46,9,90,118,122,0,65,99,61,98,74,50" hai1="96,112,60,126,17,32,55,102,44,87,2,105,35" hai2="29,58,107,38,3,110,14,101,83,113,40,111,119" hai3="92,133,56,81,45,130,82,115,39,67,5,59,116"/><U128/><E112/><V100/><F119/><W22/><G115/><T75/><D118/><U12/><E126/><V52/><F3/><W20/><G116/><T103/><D114/><U25/><E2/><V54/><F113/><W48/><G39/><T33/><D122/><U64/><E128/><V106/><F14/><W117/><G5/><T131/><D131/><U16/><E87/><V63/><F83/><W125/><G125/><T42/><D33/><U27/><E35/><V19/><F19/><W85/><G133/><T10/><D90/><U77/><E77/><V21/><F40/><W109/><G109/><T88/><D99/><U91/><E91/><V70/><F38/><W72/><G72/><T13/><D0/><U18/><E12/><V94/><F70/><W97/><G81/><T53/><D42/><U135/><E135/><V49/><F106/><W120/><G120/><T89/><D74/><U73/><E73/><V26/><F107/><W132/><G132/><T57/><D75/><U93/><E93/><V28/><F28/><W129/><G117/><T8/><REACH who="0" step="1"/><D13/><REACH who="0" ten="194,207,292,297" step="2"/><U4/><E32/><V80/><F80/><W71/><G130/><T41/><D41/><U123/><E123/><V124/><F124/><W62/><G129/><T37/><D37/><U108/><E96/><V66/><F100/><N who="3" m="60455" /><G85/><T15/><D15/><U43/><E43/><V78/><F78/><W68/><G82/><T47/><D47/><U24/><E102/><V104/><F101/><W31/><G45/><T7/><D7/><U11/><E4/><V23/><F104/><AGARI ba="0,1" hai="8,9,10,46,50,53,57,61,65,88,89,98,103,104" machi="104" ten="40,2600,0" yaku="1,1,54,1,53,0" doraHai="121" doraHaiUra="34" who="0" fromWho="2" sc="194,36,207,0,292,-26,297,0" /><INIT seed="6,0,0,0,5,29" ten="230,207,266,297" oya="2" hai0="89,103,110,1,104,48,83,6,45,42,100,44,38" hai1="134,65,93,112,84,113,131,62,49,8,63,41,78" hai2="18,56,88,72,30,82,90,124,108,101,53,52,86" hai3="119,22,67,21,46,80,71,51,106,11,117,126,2"/><V133/><F108/><W70/><G106/><T57/><D110/><U92/><E131/><V69/><F124/><W32/><G80/><T9/><D104/><U47/><E134/><V122/><F133/><W102/><G67/><T130/><D130/><U74/><E74/><V132/><F132/><W15/><G102/><T28/><D57/><U4/><E63/><V19/><F69/><W73/><G2/><T17/><D28/><U121/><E121/><V26/><F72/><W31/><G73/><T116/><D116/><U98/><E78/><V77/><F101/><W39/><G39/><T58/><D58/><U125/><E84/><V75/><F53/><W94/><G94/><T25/><D83/><U27/><E27/><V54/><F54/><W118/><G126/><T36/><D89/><U109/><E109/><V13/><F122/><W43/><G70/><T7/><D7/><U10/><E10/><N who="2" m="6455" /><F30/><W68/><G71/><T12/><D25/><U96/><E125/><V99/><F99/><W120/><G68/><T79/><D79/><U97/><E93/><V24/><F75/><W59/><G59/><T129/><D129/><U91/><E65/><V20/><F26/><N who="3" m="18551" /><G120/><T66/><D66/><U55/><E62/><AGARI ba="0,0" hai="19,20,24,52,56,62,77,82,86,88,90" m="6455" machi="62" ten="30,5800,0" yaku="8,1,54,2" doraHai="29" who="2" fromWho="1" sc="230,0,207,-58,266,58,297,0" /><INIT seed="6,1,0,4,1,129" ten="230,149,324,297" oya="2" hai0="44,67,130,97,3,131,15,32,29,77,126,27,128" hai1="115,72,104,61,37,42,92,98,49,102,132,73,52" hai2="120,99,108,114,64,111,93,134,91,11,65,59,105" hai3="100,7,103,31,38,45,74,78,66,127,85,54,16"/><V24/><F120/><W112/><G74/><T58/><D3/><U50/><E115/><V6/><F114/><W121/><G121/><T1/><D1/><U70/><E49/><V116/><F116/><W56/><G112/><T62/><D126/><U122/><E122/><V46/><F46/><W5/><G31/><T28/><D28/><U21/><E21/><V117/><F117/><W2/><G127/><T119/><D119/><U124/><E124/><V84/><F24/><W20/><G66/><T135/><D77/><U33/><E33/><V23/><F23/><W25/><G45/><T106/><D44/><U14/><E42/><V94/><F105/><W18/><G18/><T34/><D34/><U82/><E37/><V76/><F59/><W4/><G2/><T63/><D63/><U17/><E104/><V13/><F134/><W48/><G38/><T80/><D80/><AGARI ba="1,0" hai="4,5,7,16,20,25,48,54,56,78,80,85,100,103" machi="80" ten="40,2600,0" yaku="8,1,54,1" doraHai="129" who="3" fromWho="0" sc="230,-29,149,0,324,0,297,29" /><INIT seed="7,0,0,3,4,128" ten="201,149,324,326" oya="3" hai0="68,125,105,120,15,76,11,26,32,111,60,59,80" hai1="84,74,94,61,43,7,29,79,55,53,122,25,119" hai2="129,58,28,47,107,33,46,96,30,83,4,17,22" hai3="100,39,27,23,90,50,121,110,66,13,70,102,51"/><W106/><G39/><T82/><D111/><U92/><E122/><V69/><F69/><W93/><G121/><T115/><D105/><U123/><E123/><V12/><F129/><W88/><G106/><T103/><D103/><N who="3" m="39465" /><G70/><T133/><D80/><U65/><E119/><V85/><F107/><W40/><G110/><T10/><D82/><U134/><E74/><V8/><F33/><W99/><G66/><T131/><D10/><U77/><E7/><V118/><F118/><W41/><G13/><T20/><D11/><U91/><E43/><N who="3" m="16458" /><G90/><T35/><D15/><U113/><E113/><V72/><F72/><W78/><G78/><T38/><D76/><U18/><E18/><AGARI ba="0,0" hai="18,23,27,50,51,88,93,99" m="16458,39465" machi="18" ten="30,2900,0" yaku="8,1,54,1" doraHai="128" who="3" fromWho="1" sc="201,0,149,-29,324,0,326,29" owari="201,-19.9,120,-38.0,324,12.4,355,45.5" /></mjloggm>