<mjloggm ver="2.3"><GO type="169" lobby="0"/><UN n0="%E3%83%AC%E3%82%AA%E3%83%B3%E3%83%8F%E3%83%AB%E3%83%88" n1="%E3%83%AA%E3%83%84%E3%83%9F%E3%82%B5%E3%83%B3" n2="%46%75%77%61" n3="%E4%BE%8D" dan="17,17,17,18" rate="2183.12,2225.72,2183.14,2247.81" sx="M,M,M,M"/><TAIKYOKU oya="0"/><INIT seed="0,0,0,4,3,83" ten="250,250,250,250" oya="0" hai0="90,69,101,15,75,132,33,0,60,38,96,82,56" hai1="74,35,18,109,68,95,81,93,134,25,121,88,42" hai2="114,43,92,89,80,98,14,73,17,99,86,72,91" hai3="13,103,9,122,120,27,32,71,40,4,22,34,2"/><T30/><D132/><U130/><E121/><V28/><F114/><W62/><G40/><T6/><D69/><U97/><E68/><V11/><F28/><W54/><G54/><T124/><D38/><U50/><E109/><V61/><F43/><W127/><G103/><T24/><D0/><U37/><E130/><V78/><F61/><W133/><G62/><T58/><D124/><U23/><E134/><V104/><F104/><W48/><G48/><T16/><D6/><U117/><E117/><V64/><F64/><W10/><G71/><T111/><D111/><U3/><E3/><V113/><F113/><W70/><G70/><T41/><D41/><U26/><E37/><V129/><REACH who="2" step="1"/><F129/><REACH who="2" ten="250,250,240,250" step="2"/><W106/><G106/><T126/><D126/><U112/><E112/><V1/><F1/><W67/><G127/><T39/><D60/><U76/><E35/><V29/><F29/><N who="3" m="17655" /><G67/><T125/><D39/><U128/><E128/><V44/><F44/><W12/><G133/><T36/><D36/><U19/><E42/><V94/><AGARI ba="0,1" hai="11,14,17,72,73,78,80,86,89,91,92,94,98,99" machi="94" ten="30,12000,2" yaku="1,1,0,1,9,1,52,1,53,2" doraHai="83" doraHaiUra="87" who="2" fromWho="2" sc="250,-60,250,-30,240,130,250,-30" /><INIT seed="1,0,0,3,0,32" ten="190,220,370,220" oya="1" hai0="29,115,9,60,15,37,64,71,77,95,47,105,46" hai1="81,3,129,16,10,117,1,80,25,61,87,17,63" hai2="31,12,52,75,112,108,14,86,39,124,22,110,20" hai3="85,28,57,13,34,11,94,68,53,121,48,0,99"/><U119/><E25/><V35/><F75/><W135/><G121/><T90/><D115/><U130/><E10/><V56/><F39/><W24/><G135/><T70/><D105/><U73/><REACH who="1" step="1"/><E87/><REACH who="1" ten="190,210,370,220" step="2"/><V40/><F86/><W66/><G11/><T97/><D9/><U33/><E33/><V59/><F35/><W103/><G85/><T43/><D29/><U26/><E26/><V92/><F31/><W89/><G24/><T2/><D15/><U7/><E7/><V65/><F12/><W88/><G13/><T133/><D133/><U6/><E6/><V5/><F14/><W55/><G28/><T84/><D84/><U50/><E50/><V4/><F5/><W120/><G34/><T23/><D37/><U106/><E106/><V127/><F4/><W51/><G120/><T74/><D74/><AGARI ba="0,1" hai="1,3,16,17,61,63,73,74,80,81,117,119,129,130" machi="74" ten="25,18000,2" yaku="1,1,22,2,52,2,54,1,53,0" doraHai="32" doraHaiUra="109" who="1" fromWho="0" sc="190,-180,210,190,370,0,220,0" /><INIT seed="1,1,0,2,2,79" ten="10,400,370,220" oya="1" hai0="81,83,63,46,57,95,50,87,36,67,55,51,10" hai1="41,80,117,107,14,132,128,54,11,0,59,127,62" hai2="103,24,90,44,84,78,38,69,22,124,47,45,19" hai3="92,118,15,53,18,23,114,73,21,76,4,52,96"/><U66/><E117/><V86/><F38/><W125/><G114/><T49/><D36/><U110/><E107/><V129/><F69/><W68/><G68/><T1/><D1/><U112/><E112/><V72/><F129/><W121/><G121/><T65/><D10/><U93/><E132/><V71/><F71/><W7/><G125/><T33/><D33/><U97/><E128/><V9/><F124/><W37/><G37/><T40/><D40/><U28/><E28/><V82/><F103/><W42/><G42/><T27/><D27/><U111/><E41/><V100/><F100/><W25/><G118/><T115/><D115/><U74/><E0/><V88/><REACH who="2" step="1"/><F9/><REACH who="2" ten="10,400,360,220" step="2"/><W6/><G73/><T94/><D46/><U61/><E127/><V30/><F30/><N who="3" m="17711" /><G76/><T43/><D43/><U32/><E74/><V101/><F101/><AGARI ba="1,1" hai="4,6,7,15,18,23,52,53,92,96,101" m="17711" machi="101" ten="30,2000,0" yaku="8,1,54,1" doraHai="79" who="3" fromWho="2" sc="10,0,400,0,360,-23,220,33" /><INIT seed="2,0,0,0,1,5" ten="10,400,337,253" oya="2" hai0="51,60,4,19,0,85,42,54,124,28,70,45,74" hai1="33,117,125,46,122,7,25,94,11,27,108,128,23" hai2="116,73,14,44,88,32,24,82,86,9,43,91,79" hai3="92,109,112,111,47,93,114,80,18,55,96,40,30"/><V98/><F116/><W134/><G30/><T20/><D74/><U71/><E71/><V62/><F62/><W130/><G55/><T31/><D124/><U126/><E108/><N who="3" m="41546" /><G18/><T48/><D85/><U61/><E61/><V21/><F32/><W38/><G130/><T101/><D101/><U121/><E94/><N who="3" m="36458" /><G96/><T84/><D84/><U83/><E128/><V41/><F73/><W8/><G134/><T15/><D70/><U53/><E117/><V95/><F91/><W16/><G80/><T115/><D60/><U35/><E83/><V77/><F77/><W3/><G3/><T65/><D65/><U57/><E35/><V105/><F105/><W17/><G17/><T22/><D22/><U76/><E23/><V58/><F58/><W100/><G100/><T37/><D115/><N who="3" m="44073" /><G16/><T59/><REACH who="0" step="1"/><D37/><REACH who="0" ten="0,400,337,253" step="2"/><U133/><E126/><V110/><F110/><W107/><G107/><T81/><D81/><U135/><E125/><V39/><F39/><W1/><G1/><T69/><D69/><U72/><E135/><V34/><F34/><W118/><G118/><T50/><D50/><U2/><E33/><V78/><F78/><W106/><G106/><T63/><D63/><U97/><E76/><V113/><F113/><W123/><G123/><T64/><D64/><U87/><E122/><V52/><F79/><W49/><G38/><T102/><D102/><U36/><E36/><V89/><F21/><W67/><G67/><T26/><D26/><U10/><E27/><V75/><F24/><W120/><G120/><T99/><D99/><U127/><E121/><V66/><F75/><RYUUKYOKU ba="0,1" sc="0,15,400,-15,337,-15,253,15" hai0="0,4,15,19,20,28,31,42,45,48,51,54,59" hai3="8,40,47,49" /><INIT seed="3,1,1,1,0,91" ten="15,385,322,268" oya="3" hai0="12,62,72,37,100,57,54,87,61,84,33,42,94" hai1="71,88,96,115,17,65,81,24,117,101,82,29,103" hai2="108,64,55,85,38,118,59,97,26,78,49,19,73" hai3="107,121,45,70,11,13,126,6,25,92,114,36,22"/><W112/><G107/><T105/><D72/><U14/><E115/><V34/><F38/><W116/><G70/><T68/><D33/><U98/><E117/><V79/><F118/><W76/><G116/><T74/><D74/><U69/><E65/><V93/><F73/><W60/><G121/><T124/><D124/><U99/><E71/><V48/><F108/><W89/><G76/><T128/><D128/><U27/><E69/><V109/><F109/><W80/><G80/><N who="1" m="30826" /><E29/><V10/><F34/><W39/><G126/><T43/><D105/><U83/><E83/><N who="2" m="47351" /><F79/><W16/><G60/><T104/><D104/><U111/><E88/><N who="2" m="55463" /><F64/><W113/><REACH who="3" step="1"/><G45/><REACH who="3" ten="15,385,322,258" step="2"/><T63/><D68/><U135/><E111/><V133/><F133/><W8/><G8/><T40/><D37/><U0/><E135/><V125/><F125/><W47/><G47/><T30/><D30/><U9/><E0/><V20/><F10/><W123/><G123/><T129/><D129/><U23/><E9/><V5/><F5/><W110/><G110/><T53/><D57/><U134/><E134/><V106/><F106/><W119/><G119/><T35/><D35/><U52/><E103/><V1/><F1/><W28/><G28/><T120/><D120/><U132/><E101/><V18/><F18/><W56/><G56/><T102/><D102/><U15/><E132/><V31/><F31/><W46/><G46/><T67/><D67/><U7/><E7/><V51/><AGARI ba="1,2" hai="19,20,26,48,49,51,55,59" m="55463,47351" machi="51" ten="30,4000,0" yaku="8,1,52,1,54,1" doraHai="91" who="2" fromWho="2" sc="15,-11,385,-11,322,63,258,-21" /><INIT seed="4,0,0,5,1,87" ten="4,374,385,237" oya="0" hai0="96,5,38,80,29,76,108,62,129,95,17,75,10" hai1="56,8,65,21,24,61,2,48,52,16,4,93,106" hai2="91,119,94,135,97,92,12,41,115,44,112,81,105" hai3="74,101,40,132,33,22,88,66,49,89,69,46,86"/><T3/><D29/><U34/><E106/><V114/><F135/><W70/><G74/><T103/><D129/><U53/><E34/><V104/><F119/><W55/><G33/><T83/><D83/><U64/><REACH who="1" step="1"/><E93/><REACH who="1" ten="4,364,385,237" step="2"/><V78/><F94/><W121/><G132/><T28/><D108/><U117/><E117/><V110/><F110/><W20/><G121/><T116/><D116/><U18/><E18/><V1/><F1/><W100/><G70/><T42/><D17/><U130/><E130/><V72/><F12/><W79/><G69/><T131/><D131/><U32/><E32/><V14/><F14/><W128/><G128/><T99/><D28/><U23/><E23/><N who="3" m="8746" /><G66/><T113/><D113/><U120/><E120/><V98/><REACH who="2" step="1"/><F98/><REACH who="2" ten="4,364,375,237" step="2"/><W118/><G118/><T68/><D99/><U85/><E85/><V127/><F127/><W102/><G40/><T7/><D7/><U35/><E35/><V37/><AGARI ba="0,2" hai="37,41,44,72,78,81,91,92,97,104,105,112,114,115" machi="37" ten="30,7900,0" yaku="1,1,0,1,15,1,52,1,53,0" doraHai="87" doraHaiUra="6" who="2" fromWho="2" sc="4,-39,364,-20,375,99,237,-20" owari="-35,-53.5,344,14.4,474,57.4,217,-18.3" /></mjloggm>