<mjloggm ver="2.3"><GO type="169" lobby="0"/><UN n0="%41%72%64%62%65%47" n1="%E5%90%89%E6%88%90%E5%89%9B" n2="%E3%83%8F%E3%82%AC%E3%82%BF%E3%82%AB%E3%81%AE%E3%81%88%E3%81%98%E3%81%8D" n3="%E6%B2%B3%E7%AB%A5%E3%81%AE%E3%83%AF%E3%82%AB%E3%83%9E%E3%83%84" dan="16,16,17,19" rate="2027.47,2084.41,2171.12,2321.68" sx="M,M,M,M"/><TAIKYOKU oya="0"/><INIT seed="0,0,0,4,2,96" ten="250,250,250,250" oya="0" hai0="75,94,24,47,27,71,85,57,106,2,58,134,87" hai1="123,86,65,109,88,46,124,125,60,36,103,117,112" hai2="127,33,119,49,18,81,48,105,8,21,25,34,28" hai3="61,126,16,62,89,108,129,102,29,113,78,84,104"/><T19/><D75/><U37/><E117/><V44/><F119/><W97/><G113/><T15/><D71/><U73/><E73/><V0/><F105/><W32/><G108/><T132/><D2/><U22/><E123/><V99/><F127/><N who="1" m="48713" /><E109/><V133/><F133/><N who="0" m="51306" /><D106/><U3/><E3/><V50/><F99/><W64/><G126/><T56/><D47/><U13/><E46/><V83/><F44/><W67/><G129/><T72/><D72/><U53/><E53/><V55/><F55/><W1/><G1/><T82/><D94/><N who="1" m="54551" /><E103/><V70/><F70/><W9/><G78/><N who="0" m="46295" /><D87/><U35/><E35/><V79/><F79/><W31/><G32/><T120/><D120/><U23/><E112/><V52/><F34/><W128/><G128/><T17/><D17/><N who="1" m="10543" /><E23/><AGARI ba="0,0" hai="15,19,23,24,27,56,57,58" m="46295,51306" machi="23" ten="30,1500,0" yaku="20,1" doraHai="96" who="0" fromWho="1" sc="250,15,250,-15,250,0,250,0" /><INIT seed="0,1,0,4,5,131" ten="265,235,250,250" oya="0" hai0="56,1,34,8,69,47,134,111,6,127,3,107,9" hai1="55,82,98,81,108,119,130,115,43,67,110,27,71" hai2="49,104,83,37,102,45,62,70,48,96,33,46,16" hai3="54,78,57,30,125,129,19,4,35,52,128,94,101"/><T85/><D69/><U97/><E71/><V89/><F33/><W31/><G125/><T114/><D107/><U26/><E43/><V15/><F70/><W22/><G78/><T32/><D47/><U74/><E55/><V106/><F62/><W14/><G54/><T39/><D39/><U0/><E130/><N who="3" m="50282" /><G35/><T42/><D42/><U53/><E53/><V73/><F104/><W91/><G4/><T61/><D114/><U11/><E115/><V44/><F37/><W20/><G20/><T87/><D34/><U66/><E11/><V24/><F24/><W7/><G101/><T117/><D117/><U120/><E120/><V92/><F73/><W64/><G7/><T90/><D32/><U60/><E60/><V17/><F17/><W133/><G133/><T59/><D6/><U121/><E121/><V10/><REACH who="2" step="1"/><F83/><REACH who="2" ten="265,235,240,250" step="2"/><W123/><G123/><T50/><D61/><U99/><E74/><V13/><F13/><W40/><G14/><T95/><D3/><U109/><E0/><V80/><F80/><N who="1" m="30825" /><E119/><V2/><F2/><W75/><G75/><T5/><D1/><U76/><E76/><V23/><F23/><W68/><G22/><T72/><D72/><U28/><E28/><V93/><F93/><W25/><G68/><T38/><D38/><U103/><E103/><V105/><F105/><W29/><G29/><T100/><D100/><U84/><E84/><AGARI ba="1,1" hai="10,15,16,44,45,46,48,49,84,89,92,96,102,106" machi="84" ten="40,2600,0" yaku="1,1,54,1,53,0" doraHai="131" doraHaiUra="124" who="2" fromWho="1" sc="265,0,235,-29,240,39,250,0" /><INIT seed="1,0,0,2,3,105" ten="265,206,279,250" oya="1" hai0="35,83,99,16,85,117,97,96,0,79,13,45,75" hai1="71,110,70,11,54,9,129,91,32,37,108,122,47" hai2="66,68,28,52,84,119,12,131,121,36,82,58,135" hai3="1,40,57,62,87,88,24,43,127,59,51,81,17"/><U133/><E32/><V72/><F121/><W48/><G1/><T123/><D117/><U111/><E122/><V116/><F131/><W126/><G127/><T30/><D123/><U15/><E129/><V118/><F36/><W6/><G6/><T94/><D0/><U64/><E64/><V102/><F135/><W55/><G126/><T92/><D45/><U23/><E91/><V73/><F102/><W26/><G51/><T7/><D7/><U134/><E23/><V19/><F28/><W120/><G120/><T44/><D44/><U39/><E54/><V18/><F66/><N who="3" m="39247" /><G17/><T78/><D30/><U128/><E47/><V77/><F68/><N who="1" m="26153" /><E15/><V89/><F89/><W86/><G86/><T130/><D35/><U113/><E113/><V61/><REACH who="2" step="1"/><F19/><REACH who="2" ten="265,206,269,250" step="2"/><W76/><G88/><T34/><D130/><U10/><E128/><V2/><F2/><W107/><G107/><T103/><D103/><U56/><E56/><V101/><F101/><W106/><G106/><T8/><REACH who="0" step="1"/><D34/><REACH who="0" ten="255,206,269,250" step="2"/><U112/><E112/><V42/><F42/><AGARI ba="0,2" hai="24,26,40,42,43,48,55,59,76,81,87" m="39247" machi="42" ten="30,1000,0" yaku="8,1" doraHai="105" who="3" fromWho="2" sc="255,0,206,0,269,-10,250,30" /><INIT seed="2,0,0,0,1,65" ten="255,206,259,280" oya="2" hai0="20,73,133,118,82,130,85,61,74,103,104,21,88" hai1="93,53,58,80,110,129,64,7,59,119,134,83,26" hai2="77,46,111,3,14,35,17,66,60,96,109,44,86" hai3="94,135,63,108,62,105,27,51,115,22,71,32,37"/><V12/><F3/><W24/><G37/><T75/><D133/><U91/><E119/><V1/><F1/><W128/><G105/><T79/><D130/><U90/><E134/><V56/><F35/><W45/><G135/><T70/><D118/><U68/><E129/><V5/><F96/><W132/><G132/><T106/><D79/><U52/><E26/><V31/><F31/><N who="3" m="19559" /><G94/><T125/><D106/><U101/><E64/><V36/><F5/><W116/><G71/><T98/><REACH who="0" step="1"/><D125/><REACH who="0" ten="245,206,259,280" step="2"/><U87/><E110/><V114/><F111/><W49/><G128/><T38/><D38/><U92/><E101/><V13/><F109/><W100/><G100/><T76/><D76/><U122/><E122/><V16/><F36/><W113/><G116/><T89/><D89/><U69/><E87/><V40/><F77/><W126/><G126/><T131/><D131/><U9/><E7/><V57/><F86/><W102/><G102/><T127/><D127/><U8/><AGARI ba="0,1" hai="8,9,52,53,58,59,68,69,80,83,90,91,92,93" machi="8" ten="25,12000,2" yaku="0,1,22,2,52,2,54,1" doraHai="65" who="1" fromWho="1" sc="245,-30,206,130,259,-60,280,-30" /><INIT seed="3,0,0,4,3,29" ten="215,336,199,250" oya="3" hai0="85,69,100,50,125,26,44,116,62,115,131,66,87" hai1="71,46,75,76,23,73,103,129,49,0,67,123,96" hai2="17,38,93,42,53,111,7,36,134,113,60,16,25" hai3="2,28,114,19,72,32,24,55,47,82,43,127,14"/><W51/><G114/><T10/><D116/><U18/><E123/><V70/><F113/><W63/><G2/><T6/><D115/><U91/><E0/><V39/><F111/><W118/><G118/><T3/><D131/><U133/><E129/><V105/><F105/><W81/><G127/><T12/><D125/><U122/><E122/><V99/><F7/><W83/><G72/><T126/><D126/><U106/><E133/><V15/><F134/><W98/><G98/><T1/><D100/><U45/><E45/><V128/><F128/><W22/><REACH who="3" step="1"/><G63/><REACH who="3" ten="215,336,199,240" step="2"/><T107/><D3/><U64/><E75/><V8/><F60/><W119/><G119/><T33/><D1/><U58/><E73/><V101/><F70/><W78/><G78/><T20/><D69/><U132/><E76/><V65/><F65/><W34/><G34/><T124/><D33/><U109/><E71/><V79/><F79/><W90/><G90/><T61/><D66/><U92/><E67/><V102/><F102/><W110/><G110/><T112/><D112/><U130/><E109/><V84/><F84/><W57/><G57/><T135/><D62/><U121/><E130/><V11/><F101/><W120/><G120/><T117/><D61/><U5/><E121/><V27/><F99/><W48/><G48/><T86/><D124/><U21/><E58/><V56/><F56/><W41/><AGARI ba="0,1" hai="14,19,22,24,28,32,41,43,47,51,55,81,82,83" machi="41" ten="30,11700,0" yaku="1,1,0,1,52,1,53,1" doraHai="29" doraHaiUra="9" who="3" fromWho="3" sc="215,-39,336,-39,199,-39,240,127" /><INIT seed="3,1,0,5,4,86" ten="176,297,160,367" oya="3" hai0="23,31,130,26,128,8,57,94,91,123,11,84,4" hai1="90,22,20,62,29,24,63,38,118,70,25,92,96" hai2="42,95,52,40,122,15,129,55,43,106,64,32,10" hai3="7,41,101,58,69,98,5,19,46,85,49,77,34"/><W117/><G117/><T56/><D123/><U121/><E121/><V135/><F122/><W127/><G69/><T97/><D11/><U28/><E38/><V100/><F106/><W124/><G34/><T54/><D54/><U99/><E70/><V14/><F32/><W61/><G19/><T53/><D53/><U30/><E118/><V35/><F35/><W51/><G51/><T126/><D126/><N who="3" m="48169" /><G85/><T74/><D74/><U13/><E13/><V71/><F135/><W120/><G77/><T3/><REACH who="0" step="1"/><D84/><REACH who="0" ten="166,297,160,367" step="2"/><U112/><E112/><V44/><F10/><W102/><G120/><T109/><D109/><U105/><E30/><V37/><F55/><N who="3" m="34015" /><G102/><AGARI ba="1,1" hai="20,22,24,25,28,29,62,63,90,92,96,99,102,105" machi="102" ten="40,2600,0" yaku="9,1,52,1" doraHai="86" who="1" fromWho="3" sc="166,0,297,39,160,0,367,-29" /><INIT seed="4,0,0,0,2,120" ten="166,336,160,338" oya="0" hai0="96,116,106,123,55,89,63,37,77,102,132,109,66" hai1="44,131,54,122,0,69,2,111,32,87,30,108,76" hai2="15,6,134,3,75,74,49,92,100,67,52,14,41" hai3="21,91,126,18,50,101,84,13,121,81,125,8,79"/><T130/><D116/><U135/><E122/><V57/><F134/><W24/><G121/><T72/><D123/><U78/><E69/><V53/><F3/><W7/><G101/><T12/><D37/><U47/><E87/><V114/><F114/><W86/><REACH who="3" step="1"/><G50/><REACH who="3" ten="166,336,160,328" step="2"/><T112/><D112/><U99/><E135/><V48/><F48/><W115/><G115/><T83/><D132/><U62/><E131/><V45/><F100/><W129/><G129/><T51/><D130/><U98/><E62/><V28/><F49/><W56/><G56/><T94/><D63/><U35/><E54/><V59/><F59/><W103/><G103/><T10/><D66/><U90/><E90/><V11/><F57/><W29/><G29/><AGARI ba="0,1" hai="0,2,29,30,32,35,44,47,76,78,98,99,108,111" machi="29" ten="25,6400,0" yaku="22,2,52,2" doraHai="120" who="1" fromWho="3" sc="166,0,336,74,160,0,328,-64" /><INIT seed="5,0,0,1,0,73" ten="166,410,160,264" oya="1" hai0="63,0,18,107,74,89,60,79,30,134,26,10,21" hai1="48,44,118,64,96,124,77,68,42,49,28,135,39" hai2="61,71,114,37,72,2,108,84,43,29,91,6,67" hai3="85,27,14,12,75,111,97,83,133,99,25,122,52"/><U32/><E118/><V76/><F91/><W11/><G122/><T116/><D116/><U128/><E64/><V24/><F84/><W50/><G133/><T31/><D107/><U17/><E68/><V41/><F108/><W78/><G111/><T81/><D134/><U115/><E135/><V113/><F6/><N who="3" m="3191" /><G75/><T35/><D31/><U129/><E96/><N who="3" m="36938" /><G14/><T47/><D47/><AGARI ba="0,0" hai="25,27,47,50,52,78,83,85" m="36938,3191" machi="47" ten="30,3900,0" yaku="8,1,52,1,54,1" doraHai="73" who="3" fromWho="0" sc="166,-39,410,0,160,0,264,39" /><INIT seed="6,0,0,4,0,0" ten="127,410,160,303" oya="2" hai0="128,132,60,73,122,61,121,90,23,78,16,77,113" hai1="81,43,36,51,9,54,2,98,127,86,123,35,110" hai2="58,57,20,111,12,104,117,14,34,41,93,69,74" hai3="76,21,101,91,72,96,83,33,48,24,26,37,118"/><V29/><F104/><W106/><G118/><T87/><D113/><U82/><E35/><V129/><F117/><W70/><G37/><T7/><D78/><U49/><E110/><V75/><F69/><W47/><G70/><T42/><D42/><U8/><E36/><V84/><F41/><W38/><G38/><T25/><D77/><U18/><E43/><V109/><F34/><W107/><G107/><T46/><D46/><U65/><E65/><V50/><F93/><W1/><G1/><T62/><D73/><N who="2" m="27658" /><F84/><W135/><G33/><T112/><D112/><U71/><E71/><V119/><F119/><W92/><G21/><T85/><D85/><U4/><E98/><V45/><F29/><W17/><G17/><T80/><D132/><U27/><E123/><V89/><F89/><W115/><G135/><T120/><REACH who="0" step="1"/><D7/><REACH who="0" ten="117,410,160,303" step="2"/><U44/><E4/><V28/><F111/><W19/><G115/><T6/><D6/><U39/><E86/><V100/><F109/><W79/><G79/><T114/><D114/><U5/><E44/><V102/><F45/><W108/><G108/><T63/><N who="0" m="15360" /><DORA hai="99" /><T32/><D32/><U88/><E5/><V15/><F129/><AGARI ba="0,1" hai="16,23,25,80,87,90,120,121,122,128,129" m="15360" machi="129" ten="60,8000,1" yaku="1,1,54,1,53,2" doraHai="0,99" doraHaiUra="124,52" who="0" fromWho="2" sc="117,90,410,0,160,-80,303,0" /><INIT seed="7,0,0,2,4,72" ten="207,410,80,303" oya="3" hai0="28,4,6,20,53,41,31,131,97,107,121,90,30" hai1="55,21,44,126,59,48,29,94,83,135,123,101,134" hai2="77,92,71,46,5,130,70,93,81,56,116,99,58" hai3="62,42,129,10,15,63,39,37,73,34,98,111,33"/><W79/><G129/><T38/><D121/><U65/><E123/><V82/><F130/><W19/><G111/><T120/><D131/><U57/><E126/><V89/><F116/><W75/><G98/><T88/><D41/><U17/><E29/><V87/><F5/><W105/><G105/><T40/><D40/><U78/><E94/><V47/><F71/><W68/><G42/><T43/><D43/><U35/><E101/><V127/><F70/><W66/><G63/><T12/><D38/><U85/><E35/><V8/><F127/><W27/><G75/><T128/><D107/><U106/><E65/><V26/><F26/><W100/><G100/><T80/><D97/><U51/><E106/><V113/><F8/><W16/><G34/><T114/><D114/><U2/><E2/><V69/><F69/><W45/><G45/><T91/><D53/><U109/><E109/><V133/><F133/><N who="1" m="50697" /><E51/><V52/><F113/><W61/><G61/><T108/><D108/><U104/><E104/><V122/><F122/><W86/><G73/><T124/><D124/><U74/><E74/><V60/><F58/><W50/><G50/><T25/><D4/><U132/><E132/><V110/><F110/><W84/><G84/><T118/><D118/><U49/><E49/><V112/><F112/><W23/><REACH who="3" step="1"/><G33/><REACH who="3" ten="207,410,80,293" step="2"/><T76/><D128/><U24/><AGARI ba="0,1" hai="17,21,24,44,48,55,57,59,78,83,85" m="50697" machi="24" ten="30,2000,0" yaku="20,1,52,1" doraHai="72" who="1" fromWho="1" sc="207,-5,410,30,80,-5,293,-10" owari="202,-19.8,440,54.0,75,-42.5,283,8.3" /></mjloggm>