<mjloggm ver="2.3"><GO type="169" lobby="0"/><UN n0="%E3%81%BE%E3%82%8B%E3%81%A8%E3%83%BC" n1="%E7%99%BD%E3%81%AE%E7%A9%BA" n2="%48%65%69%7A%6F" n3="%E3%81%BC%E3%81%AE" dan="16,17,16,16" rate="2058.22,2142.93,2055.55,2155.91" sx="M,M,M,M"/><TAIKYOKU oya="0"/><INIT seed="0,0,0,3,2,104" ten="250,250,250,250" oya="0" hai0="37,72,2,88,48,94,55,121,1,47,116,61,87" hai1="22,85,129,125,26,90,126,109,80,82,69,5,101" hai2="83,32,124,77,105,31,24,3,57,106,67,18,39" hai3="49,111,108,21,91,58,71,110,113,64,51,33,40"/><T44/><D116/><U65/><E109/><V34/><F124/><N who="1" m="47721" /><E129/><V93/><F39/><W70/><G33/><T46/><D121/><U130/><E130/><V14/><F3/><W100/><G100/><T17/><D61/><N who="1" m="40111" /><E5/><V54/><F67/><W27/><G113/><T128/><D128/><U134/><E101/><V99/><F34/><W45/><G91/><T96/><D37/><U131/><E131/><V114/><F93/><W103/><G103/><T97/><D1/><U56/><E56/><V42/><F42/><W7/><G7/><T53/><D2/><U127/><E134/><V68/><F99/><W73/><G73/><T29/><D72/><U6/><E6/><V10/><F68/><W89/><G89/><T15/><D29/><N who="1" m="17623" /><E127/><V115/><F114/><W98/><G98/><N who="0" m="37995" /><D55/><U74/><E74/><V35/><F35/><W0/><G0/><T75/><D75/><U60/><E60/><V19/><F115/><W133/><G133/><T107/><D107/><U12/><E12/><V30/><F106/><W50/><G58/><T16/><D15/><U52/><E52/><V119/><F105/><W62/><REACH who="3" step="1"/><G71/><REACH who="3" ten="250,250,250,240" step="2"/><T66/><D66/><U135/><E135/><V123/><F57/><AGARI ba="0,1" hai="16,17,44,46,47,48,53,57,87,88,94" m="37995" machi="57" ten="30,5800,0" yaku="8,1,54,2" doraHai="104" who="0" fromWho="2" sc="250,68,250,0,250,-58,240,0" /><INIT seed="0,1,0,5,1,76" ten="318,250,192,240" oya="0" hai0="97,34,7,14,13,46,52,26,84,81,45,74,131" hai1="54,60,64,96,48,77,94,21,99,122,0,102,9" hai2="43,110,58,38,41,92,66,49,35,109,71,120,10" hai3="29,12,39,134,106,89,114,125,113,67,79,8,98"/><T3/><D74/><U22/><E122/><V73/><F73/><W121/><G39/><T127/><D127/><U93/><E77/><V107/><F35/><W50/><G125/><T117/><D117/><U95/><E0/><V33/><F33/><W53/><G134/><T18/><D131/><U82/><E9/><V115/><F107/><W90/><G121/><T32/><D3/><U20/><E82/><V85/><F71/><W62/><G29/><T27/><D97/><U59/><REACH who="1" step="1"/><E102/><REACH who="1" ten="318,240,192,240" step="2"/><V132/><F120/><W123/><G79/><N who="0" m="46143" /><D34/><U86/><E86/><V88/><F10/><W19/><G123/><T47/><D32/><U56/><AGARI ba="1,1" hai="20,21,22,48,54,56,59,60,64,93,94,95,96,99" machi="56" ten="30,4000,0" yaku="1,1,0,1,8,1,53,0" doraHai="76" doraHaiUra="104" who="1" fromWho="1" sc="318,-21,240,53,192,-11,240,-11" /><INIT seed="1,0,0,3,2,117" ten="297,293,181,229" oya="1" hai0="36,54,33,96,97,133,119,67,111,60,40,20,8" hai1="25,32,13,92,49,7,61,29,126,112,28,90,27" hai2="0,124,23,1,72,35,132,2,57,65,123,56,22" hai3="115,62,109,94,80,41,50,88,108,73,106,31,43"/><U77/><E112/><V55/><F72/><W103/><G115/><T64/><D119/><U71/><E126/><V118/><F118/><W26/><G62/><T5/><D33/><U130/><E130/><V114/><F114/><W42/><G106/><T122/><D36/><U127/><E127/><V78/><F124/><W39/><G39/><T3/><D40/><U125/><E125/><V98/><F78/><W30/><G103/><T74/><D74/><U18/><E77/><V59/><F65/><W16/><G80/><T104/><D54/><U84/><E7/><V12/><F55/><W11/><G50/><T102/><D97/><U44/><E61/><V6/><F98/><W99/><G73/><T38/><D67/><U21/><E71/><V24/><F12/><N who="3" m="7199" /><G26/><T107/><D38/><U85/><E85/><V93/><F93/><W68/><G68/><T101/><D101/><U128/><E128/><V70/><F70/><W66/><G66/><T82/><D107/><U91/><E91/><V45/><F45/><W113/><G113/><T47/><D82/><U100/><E100/><V134/><F6/><W15/><G15/><T76/><D47/><U51/><REACH who="1" step="1"/><E44/><REACH who="1" ten="297,283,181,229" step="2"/><V10/><F10/><AGARI ba="0,1" hai="10,13,18,21,25,27,28,29,32,49,51,84,90,92" machi="10" ten="30,5800,0" yaku="1,1,2,1,7,1,53,0" doraHai="117" doraHaiUra="121" who="1" fromWho="2" sc="297,0,283,68,181,-58,229,0" /><INIT seed="1,1,0,4,0,45" ten="297,351,123,229" oya="1" hai0="65,48,15,28,16,69,60,6,71,43,94,95,13" hai1="123,99,96,91,12,58,10,46,42,124,7,90,114" hai2="31,53,89,112,131,103,34,0,118,41,88,38,1" hai3="37,93,126,22,49,67,121,75,63,68,74,78,83"/><U133/><E123/><V100/><F118/><W120/><G126/><T129/><D71/><U107/><E114/><V24/><F131/><W79/><G37/><T17/><D28/><U102/><E124/><V33/><F112/><W54/><G93/><T104/><D104/><U2/><E133/><V128/><F128/><W55/><G55/><T134/><D134/><U109/><E109/><V87/><F53/><W113/><G113/><T4/><D129/><U105/><E58/><V44/><F34/><W81/><REACH who="3" step="1"/><G22/><REACH who="3" ten="297,351,123,219" step="2"/><T115/><D95/><U132/><E132/><V21/><F21/><W50/><G50/><T32/><D94/><U57/><E105/><V98/><F87/><W111/><G111/><T25/><D115/><U70/><E107/><V29/><F103/><W62/><G62/><T110/><D60/><U52/><E102/><V80/><F80/><W85/><G85/><T77/><D110/><U73/><E96/><V9/><F9/><W11/><G11/><T64/><D48/><U108/><E99/><V40/><F40/><W127/><G127/><T26/><D43/><U92/><E42/><V27/><F98/><W130/><G130/><T117/><D32/><U56/><E108/><V97/><F97/><W23/><G23/><T76/><D117/><U82/><E92/><V51/><F38/><W125/><G125/><T19/><D65/><U5/><E10/><V8/><F100/><W18/><G18/><T14/><D64/><U39/><E39/><V116/><F116/><W47/><AGARI ba="1,1" hai="47,49,54,63,67,68,74,75,78,79,81,83,120,121" machi="47" ten="20,12000,2" yaku="1,1,0,1,7,1,9,1,52,1,53,1" doraHai="45" doraHaiUra="61" who="3" fromWho="3" sc="297,-31,351,-61,123,-31,219,133" /><INIT seed="2,0,0,2,4,3" ten="266,290,92,352" oya="2" hai0="97,25,110,113,86,4,112,20,83,23,76,51,88" hai1="115,134,105,117,37,75,7,128,34,40,36,59,28" hai2="70,130,16,39,103,17,89,46,121,66,111,53,95" hai3="55,123,102,43,27,45,107,47,90,11,118,56,0"/><V5/><F121/><W44/><G118/><T8/><D110/><U10/><E59/><V85/><F111/><W81/><G123/><T22/><D51/><U80/><E40/><V109/><F109/><W87/><G27/><T77/><D25/><U19/><E19/><N who="2" m="7243" /><F70/><W50/><G102/><T33/><D33/><U14/><E117/><V15/><F39/><W26/><G26/><T114/><REACH who="0" step="1"/><D97/><REACH who="0" ten="256,290,92,352" step="2"/><U31/><E34/><V62/><F130/><W35/><G35/><T57/><D57/><U42/><E128/><V124/><F124/><W63/><G107/><T129/><D129/><U120/><E105/><V64/><F103/><W119/><G119/><T132/><D132/><U100/><E134/><V125/><F125/><W94/><G43/><T108/><D108/><U92/><E42/><V24/><F24/><W6/><REACH who="3" step="1"/><G81/><REACH who="3" ten="256,290,92,342" step="2"/><T71/><D71/><U61/><E80/><V127/><F127/><W54/><AGARI ba="0,2" hai="0,6,11,44,45,47,50,54,55,56,63,87,90,94" machi="54" ten="20,8000,1" yaku="1,1,2,1,0,1,7,1,52,1,53,0" doraHai="3" doraHaiUra="74" who="3" fromWho="3" sc="256,-20,290,-20,92,-40,342,100" /><INIT seed="3,0,0,4,0,35" ten="236,270,52,442" oya="3" hai0="33,128,77,56,0,107,3,110,70,24,119,30,115" hai1="72,71,120,28,131,60,34,48,49,1,86,84,82" hai2="23,80,90,47,40,122,66,92,46,20,129,10,13" hai3="63,6,41,91,58,74,116,61,59,112,43,4,18"/><W55/><G74/><T109/><D70/><U26/><E120/><V68/><F129/><W31/><G112/><T11/><D107/><U7/><E131/><V42/><F122/><W81/><G31/><T52/><D128/><U75/><E84/><V5/><F68/><W64/><G116/><T124/><D119/><U83/><E83/><V100/><F66/><W53/><G64/><T88/><D77/><U12/><E12/><V69/><F69/><W17/><G91/><T22/><D115/><U27/><E27/><V62/><F62/><W126/><REACH who="3" step="1"/><G81/><REACH who="3" ten="236,270,52,432" step="2"/><T9/><D88/><U101/><E72/><V111/><F80/><W85/><G85/><T134/><D30/><U32/><E75/><V94/><F100/><W45/><G45/><T76/><D76/><U102/><E86/><V106/><F106/><W14/><G14/><T99/><D99/><U121/><E82/><V96/><F94/><W15/><G15/><T36/><D24/><U127/><E26/><V118/><F118/><W8/><G8/><T51/><D11/><U87/><E87/><V39/><REACH who="2" step="1"/><F111/><REACH who="2" ten="236,270,42,432" step="2"/><W108/><G108/><T38/><D110/><U65/><E102/><V21/><F21/><W50/><G50/><AGARI ba="0,2" hai="5,10,13,20,23,39,40,42,46,47,50,90,92,96" machi="50" ten="30,2000,0" yaku="1,1,7,1,53,0" doraHai="35" doraHaiUra="132" who="2" fromWho="3" sc="236,0,270,0,42,40,432,-20" /><INIT seed="4,0,0,3,4,128" ten="236,270,82,412" oya="0" hai0="109,104,81,51,3,24,37,67,98,79,20,71,85" hai1="84,54,15,125,68,10,101,40,96,86,75,7,4" hai2="133,90,111,6,21,46,89,121,106,69,35,99,64" hai3="108,47,60,22,5,27,31,29,1,92,26,49,32"/><T63/><D37/><U72/><E125/><V34/><F121/><W61/><G108/><T28/><D109/><U70/><E40/><V55/><F111/><W42/><G5/><T100/><D51/><U88/><E54/><V116/><F6/><W102/><G1/><T97/><D97/><U66/><E7/><V73/><F73/><W94/><G102/><T44/><D44/><U12/><E12/><V82/><F82/><W118/><G118/><T58/><D3/><U41/><E41/><V56/><F46/><W2/><G2/><T131/><D131/><U77/><E77/><V80/><F80/><W36/><G36/><T33/><D20/><U123/><E84/><V14/><F14/><W105/><G105/><T18/><D18/><U59/><E59/><AGARI ba="0,0" hai="24,28,33,58,59,63,67,71,79,81,85,98,100,104" machi="59" ten="40,3900,0" yaku="25,2" doraHai="128" who="0" fromWho="1" sc="236,39,270,-39,82,0,412,0" /><INIT seed="4,1,0,3,5,70" ten="275,231,82,412" oya="0" hai0="75,91,97,43,8,125,87,49,118,53,57,116,55" hai1="35,107,96,127,19,71,26,39,83,24,115,6,58" hai2="77,63,86,29,126,33,132,17,12,9,84,69,106" hai3="59,101,42,128,111,68,74,82,122,78,7,50,0"/><T64/><D75/><U76/><E71/><V40/><F126/><W90/><G68/><T30/><D125/><U102/><E127/><V123/><F123/><W131/><G111/><T38/><D97/><U16/><E6/><V93/><F77/><W54/><G122/><T72/><D72/><U27/><E35/><V114/><F114/><W109/><G109/><T56/><D64/><U99/><E115/><V80/><F80/><W65/><G65/><T98/><D98/><U34/><E34/><V28/><F40/><W4/><G101/><T15/><D30/><U5/><E5/><V2/><F2/><W25/><G42/><T112/><D112/><U130/><E130/><N who="3" m="49706" /><G0/><T51/><D43/><U103/><E58/><V95/><F106/><W20/><G90/><T3/><D3/><U94/><REACH who="1" step="1"/><E39/><REACH who="1" ten="275,221,82,412" step="2"/><V105/><F69/><W44/><G59/><T61/><D38/><U10/><E10/><V108/><F33/><W133/><G133/><T31/><D57/><U89/><E89/><V41/><F132/><W100/><G100/><T66/><D91/><U124/><E124/><V47/><F108/><W104/><G104/><T88/><D56/><U134/><E134/><V23/><F105/><W119/><G119/><T85/><D88/><U73/><AGARI ba="1,1" hai="16,19,24,26,27,73,76,83,94,96,99,102,103,107" machi="73" ten="30,4000,0" yaku="1,1,0,1,54,1,53,0" doraHai="70" doraHaiUra="32" who="1" fromWho="1" sc="275,-21,221,53,82,-11,412,-11" /><INIT seed="5,0,0,5,1,16" ten="254,274,71,401" oya="1" hai0="1,106,18,53,22,58,83,4,118,127,24,25,17" hai1="73,110,49,44,39,100,63,65,62,64,99,80,23" hai2="79,133,33,92,38,45,117,11,28,132,60,95,75" hai3="91,51,0,88,134,59,119,129,128,46,47,98,6"/><U122/><E122/><V26/><F117/><W7/><G134/><T30/><D106/><U76/><E110/><V29/><F60/><W15/><G0/><T74/><D118/><U81/><E39/><V8/><F75/><W112/><G112/><T78/><D127/><U94/><E80/><V102/><F79/><W116/><G59/><T43/><D43/><U120/><E120/><V50/><F38/><W87/><G98/><T82/><D82/><U107/><E107/><V3/><F3/><W55/><G47/><T93/><D93/><U69/><E23/><V85/><F85/><W34/><G91/><T10/><REACH who="0" step="1"/><D25/><REACH who="0" ten="244,274,71,401" step="2"/><U135/><E135/><N who="2" m="51787" /><F95/><W71/><G119/><T27/><D27/><U40/><REACH who="1" step="1"/><E69/><REACH who="1" ten="244,264,71,401" step="2"/><V124/><F124/><W67/><G71/><T19/><D19/><U72/><E72/><V131/><F29/><W70/><G70/><T48/><AGARI ba="0,2" hai="1,4,10,17,18,22,24,30,48,53,58,74,78,83" machi="48" ten="20,8000,1" yaku="1,1,0,1,7,1,52,1,53,1" doraHai="16" doraHaiUra="5" who="0" fromWho="0" sc="244,100,264,-40,71,-20,401,-20" /><INIT seed="6,0,0,5,1,85" ten="344,224,51,381" oya="2" hai0="26,23,91,86,72,108,84,70,87,104,80,12,64" hai1="16,29,3,118,77,28,62,8,4,61,14,135,44" hai2="9,96,119,132,53,89,32,48,2,10,11,1,19" hai3="117,52,78,31,75,35,51,40,103,81,41,38,18"/><V22/><F119/><W115/><G117/><T56/><D108/><U98/><E118/><V102/><F32/><W107/><G38/><T82/><D104/><U58/><E135/><V47/><F132/><W63/><G63/><N who="0" m="37991" /><D70/><U36/><E77/><V110/><F110/><W74/><G74/><T94/><D72/><U116/><E116/><V122/><F122/><W114/><G18/><N who="0" m="12663" /><D12/><U106/><E61/><V50/><F50/><W43/><G103/><T17/><D17/><U113/><E113/><N who="3" m="43018" /><G107/><T101/><D101/><U66/><E98/><AGARI ba="0,0" hai="80,82,84,86,87,91,94,98" m="12663,37991" machi="98" ten="30,2000,0" yaku="8,1,52,1" doraHai="85" who="0" fromWho="1" sc="344,20,224,-20,51,0,381,0" /><INIT seed="7,0,0,4,2,127" ten="364,204,51,381" oya="3" hai0="123,111,77,84,38,37,25,107,39,90,66,8,10" hai1="75,14,130,49,76,118,67,15,3,5,64,61,6" hai2="112,74,72,45,26,28,129,41,51,27,19,120,114" hai3="65,134,36,96,63,17,18,56,42,121,21,57,83"/><W100/><G121/><T102/><D111/><U122/><E122/><V86/><F120/><W109/><G109/><T43/><D123/><U99/><E118/><V105/><F105/><W71/><G134/><T11/><D77/><U89/><E3/><V40/><F19/><W22/><G83/><T46/><D66/><U13/><E76/><V125/><F86/><W85/><G85/><T93/><REACH who="0" step="1"/><D25/><REACH who="0" ten="354,204,51,381" step="2"/><U101/><E64/><V108/><F108/><W31/><G31/><T47/><D47/><U116/><E67/><V106/><F28/><W92/><G36/><T50/><D50/><U53/><E49/><V9/><F51/><W113/><G113/><T69/><D69/><U70/><E70/><V30/><F30/><W59/><G42/><T60/><D60/><U103/><E61/><V131/><F45/><W55/><G55/><T78/><D78/><U54/><E53/><V110/><F110/><W68/><G68/><T95/><D95/><U124/><E54/><V32/><F106/><W24/><G71/><T23/><D23/><U34/><E116/><V73/><F9/><W20/><G22/><T35/><D35/><U12/><E34/><V133/><F32/><W98/><G98/><AGARI ba="0,1" hai="8,10,11,37,38,39,43,46,84,90,93,98,102,107" machi="98" ten="40,1300,0" yaku="1,1,53,0" doraHai="127" doraHaiUra="2" who="0" fromWho="3" sc="354,23,204,0,51,0,381,-13" owari="377,47.7,204,-19.6,51,-44.9,368,16.8" /></mjloggm>