<mjloggm ver="2.3"><GO type="169" lobby="0"/><UN n0="%77%61%77%61%33%30%33%30" n1="%79%75%68%65%69" n2="%74%61%6B%65%33" n3="%76%61%6C%6B%79%72%69%65" dan="17,16,17,17" rate="2199.19,2059.71,2199.28,2201.71" sx="M,M,M,F"/><TAIKYOKU oya="0"/><INIT seed="0,0,0,0,5,106" ten="250,250,250,250" oya="0" hai0="121,21,125,98,44,87,36,105,47,112,134,110,75" hai1="16,65,63,116,32,78,71,85,59,104,58,61,123" hai2="19,81,42,73,8,53,69,62,122,39,67,111,40" hai3="99,96,56,38,54,102,135,14,91,24,100,114,13"/><T45/><D112/><U1/><E104/><V35/><F122/><W126/><G114/><T49/><D121/><U119/><E123/><V3/><F111/><W22/><G38/><T64/><D36/><U76/><E32/><V18/><F42/><W107/><G135/><T109/><D64/><U103/><E1/><V84/><F53/><W117/><G117/><T5/><D5/><U115/><E115/><V97/><F97/><W80/><G126/><T41/><D87/><U50/><E103/><V10/><F10/><W31/><G80/><T6/><D6/><U74/><E50/><V11/><F11/><W51/><REACH who="3" step="1"/><G91/><REACH who="3" ten="250,250,250,240" step="2"/><T92/><D134/><U29/><E116/><V26/><F81/><W130/><G130/><T27/><D125/><U55/><E119/><V48/><F39/><W89/><G89/><T93/><D110/><U127/><E127/><V15/><F3/><W132/><G132/><T124/><D109/><U83/><E29/><V88/><F88/><W108/><G108/><T86/><D124/><U46/><E83/><V2/><F2/><W120/><G120/><T70/><D86/><U9/><E85/><V28/><F84/><W57/><G57/><T66/><D70/><U60/><E59/><V0/><F0/><W68/><G68/><T30/><D30/><U7/><E58/><V90/><F90/><W95/><AGARI ba="0,1" hai="13,14,22,24,31,51,54,56,95,96,99,100,102,107" machi="95" ten="20,2700,0" yaku="1,1,0,1,7,1,53,0" doraHai="106" doraHaiUra="113" who="3" fromWho="3" sc="250,-13,250,-7,250,-7,240,37" /><INIT seed="1,0,0,3,4,7" ten="237,243,243,277" oya="1" hai0="11,57,6,59,43,131,118,120,22,37,97,100,29" hai1="53,4,66,75,108,64,31,93,129,23,24,87,26" hai2="135,61,85,81,69,32,122,74,96,83,54,10,110" hai3="134,20,50,65,67,90,16,80,115,13,14,105,51"/><U44/><E75/><V109/><F122/><W58/><G105/><T18/><D131/><U33/><E129/><V107/><F32/><W1/><G1/><T101/><D118/><U34/><E108/><V76/><F69/><W73/><G134/><T0/><D100/><U132/><E132/><V3/><F135/><W71/><G71/><T103/><D103/><U125/><E125/><V68/><F107/><W45/><G115/><T78/><D29/><U35/><E26/><V17/><F96/><W52/><G13/><T38/><D78/><U47/><E4/><V19/><F3/><W42/><G73/><T63/><D43/><U79/><E47/><V124/><F124/><W72/><G72/><T9/><D9/><U82/><E93/><V48/><F61/><W39/><G39/><T89/><D89/><U112/><E112/><V117/><F68/><W123/><G123/><T49/><D49/><U126/><E126/><V15/><F19/><W92/><G80/><T27/><D59/><U99/><E99/><AGARI ba="0,0" hai="14,16,20,42,45,50,51,52,58,65,67,90,92,99" machi="99" ten="30,7700,0" yaku="7,1,8,1,54,2" doraHai="7" who="3" fromWho="1" sc="237,0,243,-77,243,0,277,77" /><INIT seed="2,0,0,2,0,30" ten="237,166,243,354" oya="2" hai0="88,114,34,90,46,28,128,22,45,54,50,112,16" hai1="122,53,109,72,44,36,123,2,63,18,15,31,97" hai2="118,108,33,32,52,75,83,35,10,11,104,131,124" hai3="23,89,17,68,38,113,3,70,37,9,40,25,82"/><V91/><F118/><W1/><G113/><T49/><D128/><U79/><E2/><V19/><F104/><W42/><G42/><T106/><D106/><U12/><E109/><V14/><F131/><W59/><G59/><T117/><D117/><U102/><E36/><V92/><F108/><W0/><G9/><T60/><D60/><U95/><E15/><V62/><F124/><W29/><G29/><T41/><D112/><U87/><E72/><V103/><F103/><W98/><G40/><T8/><D8/><U65/><E31/><V94/><F10/><W39/><G98/><T125/><D125/><U55/><E79/><V78/><REACH who="2" step="1"/><F91/><REACH who="2" ten="237,166,233,354" step="2"/><W84/><AGARI ba="0,1" hai="0,1,3,17,23,25,37,38,39,68,70,82,84,89" machi="84" ten="40,1500,0" yaku="0,1" doraHai="30" who="3" fromWho="3" sc="237,-4,166,-4,233,-7,354,25" /><INIT seed="3,0,0,2,2,29" ten="233,162,226,379" oya="3" hai0="110,63,0,135,52,129,74,114,39,21,31,20,124" hai1="82,26,93,133,50,109,126,66,11,116,4,15,24" hai2="104,40,100,122,30,85,54,92,131,19,42,72,57" hai3="6,86,68,8,113,88,75,119,99,33,111,112,91"/><W81/><G119/><T87/><D74/><U71/><E109/><V108/><F108/><W49/><G75/><T3/><D39/><U2/><E126/><V76/><F131/><W59/><G68/><T106/><D106/><U84/><E133/><V80/><F30/><W27/><G111/><T17/><D110/><U107/><E107/><V28/><F28/><W62/><G49/><T70/><D70/><U90/><E116/><V5/><F5/><W38/><G38/><T65/><D65/><U102/><E2/><V123/><F19/><W37/><G37/><T79/><D129/><U14/><E14/><V89/><F123/><W7/><G27/><T120/><D120/><U10/><E10/><V16/><F122/><W117/><G33/><T44/><D63/><U1/><E1/><V95/><F95/><W64/><G117/><T73/><D73/><U60/><E50/><V12/><F100/><W78/><G7/><T134/><D114/><U103/><E103/><V121/><F104/><W48/><G48/><N who="0" m="28679" /><D21/><U32/><E32/><V53/><F53/><W36/><G36/><T69/><D31/><U35/><E35/><V67/><F67/><W101/><G113/><T56/><D56/><U23/><E23/><N who="2" m="11655" /><F121/><W130/><G130/><T127/><D69/><U51/><E51/><AGARI ba="0,0" hai="40,42,51,54,57,72,76,80,85,89,92" m="11655" machi="51" ten="30,2000,0" yaku="25,1,54,1" doraHai="29" who="2" fromWho="1" sc="233,0,162,-20,226,20,379,0" /><INIT seed="4,0,0,4,3,65" ten="233,142,246,379" oya="0" hai0="1,23,75,116,64,111,3,105,130,56,134,132,121" hai1="120,8,34,73,53,26,36,114,124,13,104,12,133" hai2="112,107,115,110,106,91,20,58,57,27,74,21,37" hai3="7,97,70,41,135,9,17,86,100,30,98,126,32"/><T18/><D116/><U77/><E120/><V78/><F91/><W113/><G113/><T79/><D121/><U2/><E36/><V118/><F37/><W109/><G109/><T66/><D105/><U44/><E104/><V0/><F27/><W84/><G41/><T83/><D111/><U5/><E77/><V49/><F49/><W61/><G97/><T39/><D39/><U89/><E89/><V108/><F78/><W10/><G17/><T59/><D130/><U96/><E96/><V46/><F46/><W43/><G43/><T62/><D64/><U103/><E103/><V102/><F0/><W88/><G7/><T119/><D59/><U24/><E53/><V42/><F42/><W68/><G86/><T48/><D48/><U71/><E73/><V51/><F51/><W80/><G135/><N who="0" m="51755" /><D119/><U31/><E44/><V123/><F123/><W15/><G15/><AGARI ba="0,0" hai="1,3,15,18,23,56,62,66,75,79,83" m="51755" machi="15" ten="30,1500,0" yaku="20,1" doraHai="65" who="0" fromWho="3" sc="233,15,142,0,246,0,379,-15" /><INIT seed="4,1,0,1,0,40" ten="248,142,246,364" oya="0" hai0="95,24,5,12,126,17,62,70,61,123,67,122,35" hai1="52,104,65,63,0,64,78,115,43,102,59,109,39" hai2="101,124,1,127,31,13,22,55,28,45,53,37,2" hai3="105,117,130,134,119,120,128,36,89,100,90,33,51"/><T16/><D126/><U41/><E0/><V131/><F101/><W69/><G36/><T47/><D5/><U103/><E78/><V86/><F86/><W6/><G33/><T107/><D95/><U7/><E7/><V19/><F131/><N who="3" m="50219" /><G69/><T92/><D92/><U125/><E104/><V48/><F37/><W129/><G6/><T58/><D107/><U21/><E109/><V73/><F73/><W77/><G51/><T85/><D85/><U116/><E116/><N who="3" m="44618" /><G129/><T30/><D47/><U23/><E39/><V80/><F80/><W114/><G134/><T44/><D44/><U26/><E125/><N who="2" m="48203" /><F55/><W54/><G54/><T99/><D99/><U94/><E103/><V4/><F4/><W60/><G60/><T50/><D50/><U88/><E102/><V82/><F82/><W83/><G100/><T25/><D25/><U135/><E135/><V75/><F75/><W79/><G83/><T97/><D17/><N who="1" m="12591" /><E23/><V118/><F118/><W132/><G79/><T68/><D68/><U42/><E115/><V11/><F11/><W38/><G77/><T3/><D97/><AGARI ba="1,0" hai="41,42,43,52,59,63,64,65,88,94,97" m="12591" machi="97" ten="30,7700,0" yaku="25,1,8,1,54,2" doraHai="40" who="1" fromWho="0" sc="248,-80,142,80,246,0,364,0" /><INIT seed="5,0,0,0,1,0" ten="168,222,246,364" oya="1" hai0="8,112,58,5,115,17,52,63,133,56,7,126,53" hai1="67,9,40,16,65,120,21,90,107,43,110,25,116" hai2="3,130,132,109,24,57,12,18,93,101,128,100,79" hai3="114,121,124,76,135,64,77,98,127,105,102,123,70"/><U6/><E116/><V47/><F109/><W83/><G64/><T60/><D133/><U11/><E120/><N who="3" m="46154" /><G70/><T61/><D126/><N who="3" m="48169" /><G135/><T73/><D73/><U45/><E107/><V26/><F132/><W95/><G114/><N who="0" m="43563" /><D63/><U15/><E110/><V35/><F3/><W34/><G34/><T10/><D17/><U103/><E103/><V50/><F57/><W54/><G54/><T32/><D32/><U13/><E90/><V119/><F119/><W66/><G66/><N who="1" m="25098" /><E45/><V125/><F125/><W104/><G76/><T29/><D29/><AGARI ba="0,0" hai="6,9,11,13,15,16,21,25,29,40,43" m="25098" machi="29" ten="30,5800,0" yaku="8,1,52,1,54,1" doraHai="0" who="1" fromWho="0" sc="168,-58,222,58,246,0,364,0" /><INIT seed="5,1,0,4,1,101" ten="110,280,246,364" oya="1" hai0="32,24,90,92,115,39,46,35,93,19,5,20,3" hai1="57,13,82,38,55,50,53,72,112,119,118,75,124" hai2="116,88,76,48,89,64,37,31,105,86,9,87,11" hai3="100,1,0,40,132,70,114,34,27,94,33,26,121"/><U10/><E38/><V61/><F37/><W68/><G100/><T95/><D115/><U21/><E112/><V41/><F76/><W97/><G97/><T56/><D3/><U67/><E67/><V65/><F31/><W45/><G114/><T79/><D5/><U131/><E21/><V103/><F116/><W18/><G45/><T109/><D79/><U102/><E102/><V122/><F122/><W126/><G94/><T30/><D109/><U77/><E75/><V17/><F17/><W117/><G18/><T127/><D127/><U99/><E124/><V59/><F41/><W62/><G126/><T104/><D32/><U23/><E23/><V134/><F48/><W84/><G40/><T130/><D130/><U52/><E99/><V83/><F134/><W111/><G84/><T63/><D46/><U135/><E131/><V8/><F103/><W98/><G98/><T43/><D43/><U85/><E72/><V2/><F2/><W29/><G62/><T16/><D39/><U12/><E135/><V22/><F22/><W58/><G132/><T7/><D7/><U60/><E13/><V6/><F6/><W36/><G36/><T74/><D74/><U71/><E71/><V123/><F123/><W80/><G34/><T28/><D104/><U44/><REACH who="1" step="1"/><E55/><REACH who="1" ten="110,270,246,364" step="2"/><N who="2" m="34047" /><F105/><W4/><G68/><T113/><D113/><U14/><E14/><V73/><F73/><W91/><G70/><T110/><D35/><U42/><E42/><V128/><F128/><W108/><G0/><T125/><D125/><U129/><E129/><V69/><F69/><W96/><G1/><RYUUKYOKU ba="1,1" sc="110,-15,270,15,246,15,364,-15" hai1="10,12,44,50,52,53,57,60,77,82,85,118,119" hai2="8,9,11,64,65,83,86,87,88,89" /><INIT seed="5,2,1,3,1,74" ten="95,285,261,349" oya="1" hai0="53,68,105,135,21,82,77,60,69,31,87,78,37" hai1="96,99,46,34,59,133,29,55,62,36,24,119,73" hai2="111,89,134,8,49,10,39,6,42,109,33,121,4" hai3="27,106,0,3,50,5,56,92,54,130,18,108,2"/><U107/><E119/><V124/><F39/><W118/><G106/><T30/><D135/><U97/><E133/><V70/><F70/><W66/><G108/><T22/><D105/><U48/><E36/><V110/><F42/><W84/><G118/><T25/><D37/><U75/><REACH who="1" step="1"/><E107/><REACH who="1" ten="95,275,261,349" step="2"/><V44/><F134/><W115/><G130/><T86/><D60/><U112/><E112/><V64/><F111/><W15/><G115/><T125/><D53/><AGARI ba="2,2" hai="24,29,34,46,48,53,55,59,62,73,75,96,97,99" machi="53" ten="40,2000,0" yaku="1,1,53,0" doraHai="74" doraHaiUra="1" who="1" fromWho="0" sc="95,-26,275,46,261,0,349,0" /><INIT seed="5,3,0,5,3,119" ten="69,321,261,349" oya="1" hai0="89,45,113,37,65,38,53,79,13,75,103,34,48" hai1="21,86,32,121,134,24,36,108,78,104,73,43,87" hai2="105,131,122,8,27,14,117,82,109,16,55,25,54" hai3="49,101,128,5,127,92,22,70,74,107,76,115,12"/><U23/><E121/><V100/><F109/><W84/><G70/><T102/><D34/><U91/><E104/><V58/><F117/><W98/><G115/><T71/><D113/><U40/><E73/><V47/><F131/><W112/><G112/><T42/><D79/><U10/><E134/><V110/><F110/><W95/><G128/><T106/><D75/><U35/><E36/><V39/><F122/><W72/><G127/><T81/><D38/><U80/><E35/><V3/><F3/><W133/><G133/><T126/><D106/><U66/><E32/><V52/><F58/><W60/><G60/><T77/><D77/><U4/><E66/><V1/><F1/><W96/><G107/><T118/><D126/><U120/><E120/><V129/><F129/><W116/><G116/><T135/><D118/><U67/><E67/><V44/><F82/><W0/><G0/><T41/><D41/><U51/><E51/><V20/><F39/><W114/><G114/><T7/><D135/><U83/><E23/><V2/><F2/><W46/><G74/><T88/><D65/><U57/><E57/><V85/><F85/><W130/><G72/><T59/><D71/><U29/><REACH who="1" step="1"/><E108/><REACH who="1" ten="69,311,261,349" step="2"/><V26/><REACH who="2" step="1"/><F20/><REACH who="2" ten="69,311,251,349" step="2"/><W63/><G130/><T19/><D7/><U50/><E50/><V30/><F30/><W93/><G22/><T56/><D56/><U11/><E11/><V124/><F124/><W90/><G49/><T64/><D64/><U62/><E62/><V9/><F9/><W123/><G63/><T99/><D48/><U94/><E94/><V111/><F111/><RYUUKYOKU ba="3,2" sc="69,-15,311,15,251,15,349,-15" hai1="4,10,21,24,29,40,43,78,80,83,86,87,91" hai2="8,14,16,25,26,27,44,47,52,54,55,100,105" /><INIT seed="5,4,2,2,1,26" ten="54,326,266,334" oya="1" hai0="24,66,132,3,100,62,97,126,115,96,1,125,27" hai1="77,65,58,71,87,16,22,34,83,63,98,37,134" hai2="73,130,113,43,111,42,76,72,112,123,80,117,52" hai3="14,46,101,23,82,19,128,4,122,50,74,107,12"/><U21/><E34/><V124/><F111/><W67/><G122/><T40/><D40/><U89/><E37/><V20/><F117/><W35/><G128/><T44/><D44/><U57/><E134/><V91/><F123/><W81/><G35/><T18/><D132/><U59/><E98/><V120/><F120/><W86/><G74/><T85/><D85/><U32/><E32/><V56/><F73/><W36/><G36/><T11/><D97/><U47/><E47/><V39/><F130/><W92/><G67/><T53/><D53/><U38/><E38/><V25/><F91/><N who="3" m="53367" /><G101/><T7/><D18/><U49/><E49/><N who="2" m="30735" /><F39/><W15/><G107/><T84/><D84/><U94/><E22/><V10/><F10/><N who="3" m="4167" /><G14/><T99/><D99/><N who="1" m="57807" /><E71/><V48/><F48/><W55/><AGARI ba="4,2" hai="15,19,23,46,50,55,81,82" m="4167,53367" machi="55" ten="30,1100,0" yaku="8,1" doraHai="26" who="3" fromWho="3" sc="54,-7,326,-9,266,-7,334,43" /><INIT seed="6,0,0,5,0,99" ten="47,317,259,377" oya="2" hai0="119,88,24,44,5,121,7,23,43,87,98,94,76" hai1="13,41,117,90,102,12,107,126,4,133,86,92,72" hai2="31,28,20,89,3,120,63,48,124,68,127,111,1" hai3="51,14,16,132,93,118,56,83,34,2,38,115,125"/><V108/><F68/><W62/><G118/><T11/><D121/><U103/><E117/><V42/><F63/><W95/><G2/><N who="2" m="521" /><F48/><W36/><G34/><T37/><D119/><U9/><E72/><V75/><F75/><W0/><G0/><T69/><D69/><U53/><E126/><N who="2" m="48171" /><F42/><W134/><G125/><T78/><D11/><N who="1" m="4199" /><E107/><V96/><F89/><W122/><G122/><T65/><D65/><U128/><E133/><N who="3" m="51306" /><G115/><T39/><D39/><N who="3" m="14889" /><G83/><T21/><D21/><U27/><E128/><V50/><F50/><W46/><G16/><T85/><D78/><U106/><E106/><V74/><F74/><W82/><G14/><T35/><D35/><U55/><E41/><V77/><F77/><W52/><G82/><T10/><D10/><U17/><E27/><N who="2" m="16487" /><F120/><W112/><G112/><T45/><D45/><U110/><E110/><N who="2" m="42027" /><F96/><W54/><AGARI ba="0,0" hai="46,51,52,54,56,62,93,95" m="14889,51306" machi="54" ten="30,2000,0" yaku="20,1,54,1" doraHai="99" who="3" fromWho="3" sc="47,-5,317,-5,259,-10,377,20" /><INIT seed="7,0,0,2,4,112" ten="42,312,249,397" oya="3" hai0="18,53,123,118,77,54,46,108,127,120,85,3,52" hai1="130,15,122,80,87,45,67,34,84,124,21,97,99" hai2="93,121,43,104,62,70,42,31,41,0,22,86,98" hai3="79,6,63,114,19,28,11,88,4,125,115,103,110"/><W100/><G125/><T69/><D85/><U32/><E122/><V91/><F121/><W37/><G110/><T92/><D92/><U55/><E130/><V38/><F0/><W58/><G37/><T128/><D77/><U14/><E124/><V96/><F38/><W90/><G79/><T101/><D101/><N who="3" m="38985" /><G28/><T126/><D18/><U129/><E129/><V61/><F104/><W109/><G19/><T83/><D83/><U36/><E36/><V134/><F134/><W57/><G57/><T7/><D7/><U66/><E45/><V12/><F70/><W60/><G60/><T116/><D3/><U135/><E21/><V59/><F62/><W25/><G25/><T117/><D54/><U78/><E78/><V50/><F31/><W73/><G4/><T89/><D89/><U33/><E80/><V131/><F131/><W49/><G58/><T24/><D24/><U74/><E74/><V111/><F111/><W75/><G49/><T82/><D82/><U17/><E17/><V27/><F61/><W30/><G63/><T48/><D118/><U8/><E8/><V13/><F27/><W2/><G90/><T107/><D107/><U64/><E55/><V29/><F29/><W1/><G88/><T68/><D128/><U65/><E65/><V76/><F76/><W119/><G11/><T44/><D48/><U132/><E64/><V51/><F51/><W16/><G30/><T105/><D105/><U39/><E34/><V81/><F81/><W40/><G6/><T106/><D106/><U20/><E39/><V102/><F102/><W95/><G1/><RYUUKYOKU ba="0,0" sc="42,15,312,15,249,-15,397,-15" hai0="44,46,52,53,68,69,108,116,117,120,123,126,127" hai1="14,15,20,32,33,66,67,84,87,97,99,132,135" owari="57,-44.3,327,12.7,234,-16.6,382,48.2" /></mjloggm>