<mjloggm ver="2.3"><GO type="169" lobby="0"/><UN n0="%E3%81%8B%E3%82%81%E3%81%98%E3%82%8D%E3%81%86" n1="%E9%88%8D%E7%97%9B" n2="%E3%82%86%E3%83%BC%E3%81%B5%E3%82%89" n3="%E3%81%97%E3%82%89%E3%81%99%EF%BC%A1" dan="16,16,16,16" rate="2116.92,2117.75,2038.57,2094.27" sx="M,F,M,M"/><TAIKYOKU oya="0"/><INIT seed="0,0,0,1,4,19" ten="250,250,250,250" oya="0" hai0="108,78,110,66,34,134,130,70,83,131,30,52,60" hai1="122,100,50,68,29,33,37,14,28,36,123,119,126" hai2="102,24,96,47,42,6,63,92,65,69,98,94,127" hai3="128,41,21,9,88,46,64,7,113,51,95,31,18"/><T103/><D134/><U135/><E119/><V74/><F127/><W125/><G128/><N who="0" m="49195" /><D103/><U15/><E100/><V59/><F74/><W11/><G125/><T117/><D117/><U54/><E126/><V38/><F6/><W35/><G113/><T25/><D52/><U39/><E68/><V114/><F114/><W4/><G64/><T101/><D101/><U76/><E76/><V120/><F120/><W91/><G35/><T40/><D40/><U20/><E33/><V72/><F72/><AGARI ba="0,0" hai="25,30,34,60,66,70,72,78,83,108,110" m="49195" machi="72" ten="30,2900,0" yaku="19,1,23,1" doraHai="19" who="0" fromWho="2" sc="250,29,250,0,250,-29,250,0" /><INIT seed="0,1,0,1,3,98" ten="279,250,221,250" oya="0" hai0="58,47,42,17,10,114,69,122,40,115,65,127,2" hai1="11,33,135,108,106,39,89,120,97,34,81,105,119" hai2="14,32,94,49,126,29,100,63,130,125,62,38,129" hai3="86,128,45,116,109,53,77,44,3,20,4,133,46"/><T123/><D17/><U95/><E119/><V124/><F38/><W103/><G109/><T30/><D30/><U90/><E120/><N who="0" m="46121" /><D10/><U104/><E39/><V22/><F32/><W28/><G116/><T36/><D2/><U134/><E11/><V121/><F121/><W118/><G133/><N who="1" m="50698" /><E33/><V1/><F1/><W48/><G118/><T72/><D72/><U5/><E5/><V41/><F41/><W111/><G111/><T18/><D18/><U52/><E52/><V110/><F49/><W68/><G68/><T51/><D127/><U50/><E50/><V37/><F37/><W131/><G4/><T9/><D9/><U13/><E13/><V8/><F110/><W102/><G3/><T92/><D92/><N who="1" m="56463" /><E34/><V43/><F43/><W96/><G20/><T76/><D76/><U0/><E0/><V23/><F23/><W112/><G112/><T84/><D84/><N who="1" m="52679" /><E108/><V70/><F70/><W24/><G24/><T66/><D69/><U60/><E60/><N who="2" m="23083" /><F29/><W83/><G28/><T26/><D26/><U55/><E55/><V59/><F22/><W75/><G75/><T64/><D58/><U91/><E105/><V25/><F59/><W71/><G71/><T56/><D42/><U113/><E113/><V73/><F25/><W12/><G12/><T21/><D21/><U15/><E15/><V54/><F73/><W87/><G45/><T61/><D36/><U82/><E82/><V78/><F14/><W79/><G83/><T16/><D16/><U6/><E6/><V88/><F126/><W31/><G31/><T74/><D74/><U35/><E35/><RYUUKYOKU ba="1,0" sc="279,15,250,15,221,-15,250,-15" hai0="40,47,51,56,61,64,65,66,114,115" hai1="81,91,104,106" /><INIT seed="0,2,0,1,4,12" ten="294,265,206,235" oya="0" hai0="6,74,114,1,89,96,88,2,117,61,112,4,80" hai1="120,73,133,109,22,29,54,44,100,105,34,68,9" hai2="111,45,21,13,43,132,129,37,90,91,33,81,76" hai3="23,63,130,30,40,125,66,64,46,78,93,86,84"/><T50/><D117/><U85/><E73/><V19/><F111/><W41/><G130/><T124/><D124/><U92/><E68/><V128/><F33/><W38/><G125/><T71/><D50/><U60/><E34/><V0/><F0/><W97/><G41/><T56/><D71/><U119/><E120/><V47/><F132/><W24/><G78/><T126/><D126/><U98/><E109/><V101/><F101/><W113/><G64/><T35/><D35/><U53/><E133/><V7/><F7/><N who="0" m="2602" /><D2/><U115/><E9/><V52/><F129/><W77/><G77/><T20/><D74/><U26/><E115/><V39/><F128/><W28/><G30/><T103/><D1/><U69/><E119/><V118/><F118/><W99/><G99/><T27/><D114/><U131/><E131/><V17/><F17/><W95/><G95/><N who="0" m="58783" /><D80/><U51/><E69/><V106/><F106/><W82/><G82/><T15/><D15/><U58/><REACH who="1" step="1"/><E85/><REACH who="1" ten="294,255,206,235" step="2"/><V135/><F135/><W11/><G11/><T104/><D112/><U83/><E83/><V134/><F134/><W65/><G113/><T123/><D123/><U70/><E70/><V67/><F81/><W94/><G86/><T5/><N who="0" m="2610" /><T25/><DORA hai="3" /><D104/><AGARI ba="2,1" hai="22,26,29,44,51,53,54,58,60,92,98,100,104,105" machi="104" ten="40,2600,0" yaku="1,1,53,1" doraHai="12,3" doraHaiUra="121,57" who="1" fromWho="0" sc="294,-32,255,42,206,0,235,0" /><INIT seed="1,0,0,1,3,28" ten="262,297,206,235" oya="1" hai0="25,37,47,61,102,48,1,96,93,35,131,101,42" hai1="118,87,69,29,8,76,104,20,130,119,80,46,21" hai2="109,133,115,56,54,134,75,122,41,36,129,124,99" hai3="111,22,103,33,60,112,123,14,50,4,16,113,114"/><U105/><E69/><V120/><F75/><W38/><G38/><T95/><D131/><U125/><E130/><V30/><F129/><W88/><G103/><T128/><D128/><U77/><E125/><V127/><F99/><W126/><G123/><N who="2" m="47145" /><F30/><W32/><G60/><T92/><D1/><U74/><E29/><V58/><F109/><W43/><G111/><T27/><D37/><U12/><E46/><N who="2" m="23847" /><F115/><W135/><G135/><N who="2" m="51721" /><F58/><W26/><G126/><T0/><D0/><U64/><E74/><V53/><F54/><W70/><G70/><T78/><D78/><U13/><E87/><V15/><F15/><W9/><REACH who="3" step="1"/><G88/><REACH who="3" ten="262,297,206,225" step="2"/><T117/><D102/><U132/><E132/><V65/><F65/><W86/><G86/><T39/><D101/><U45/><E64/><V71/><F71/><W100/><G100/><T97/><D97/><U67/><E67/><V84/><F84/><W31/><G31/><T98/><D96/><U73/><E73/><V7/><F7/><W59/><G59/><T19/><D98/><U83/><E45/><AGARI ba="0,1" hai="4,9,14,16,22,26,32,33,43,45,50,112,113,114" machi="45" ten="40,8000,1" yaku="1,1,52,2,54,1,53,0" doraHai="28" doraHaiUra="72" who="3" fromWho="1" sc="262,0,297,-80,206,0,225,90" /><INIT seed="2,0,0,2,4,2" ten="262,217,206,315" oya="2" hai0="58,74,16,65,73,23,59,57,130,5,34,42,99" hai1="13,4,33,78,121,56,79,103,122,134,69,81,15" hai2="113,93,85,32,47,6,46,10,7,91,117,104,86" hai3="112,89,84,72,17,14,129,133,98,43,30,105,38"/><V131/><F113/><W123/><G123/><N who="1" m="47114" /><E69/><V53/><F117/><W54/><G72/><T9/><D34/><U68/><E68/><V37/><F104/><W70/><G70/><T55/><D55/><U51/><E33/><V44/><F32/><W12/><G30/><T3/><D130/><U125/><E134/><V128/><F37/><W94/><G133/><T124/><D124/><U31/><E31/><V96/><F53/><W50/><G129/><N who="2" m="49737" /><F10/><W114/><G43/><T107/><D65/><U49/><E79/><V90/><F96/><W41/><G41/><T120/><D120/><U11/><E103/><V66/><F66/><W18/><G38/><T40/><D73/><N who="1" m="43215" /><E125/><V101/><F101/><W19/><G98/><T80/><D74/><U71/><E71/><V8/><F8/><W24/><G105/><T127/><D127/><U0/><E51/><V61/><F61/><W95/><G112/><T64/><D64/><U135/><E135/><V21/><F21/><W20/><G114/><T97/><D80/><AGARI ba="0,0" hai="6,7,44,46,47,80,85,86,90,91,93" m="49737" machi="80" ten="30,5800,0" yaku="19,1,52,2" doraHai="2" who="2" fromWho="0" sc="262,-58,217,0,206,58,315,0" /><INIT seed="2,1,0,4,4,17" ten="204,217,264,315" oya="2" hai0="81,113,77,24,42,70,26,52,93,34,68,132,56" hai1="58,62,100,87,4,18,71,61,73,83,104,67,128" hai2="43,9,35,38,135,82,75,111,47,85,48,60,94" hai3="109,127,98,20,55,23,39,25,65,16,97,76,44"/><V8/><F35/><W92/><G109/><T99/><D113/><U49/><E128/><V107/><F107/><W41/><G127/><T118/><D132/><U10/><E73/><V115/><F115/><W72/><G65/><T51/><D118/><U123/><E104/><V36/><F135/><W45/><G92/><T91/><D42/><U86/><E100/><V66/><F75/><W64/><G64/><T29/><REACH who="0" step="1"/><D26/><REACH who="0" ten="194,217,264,315" step="2"/><U31/><E123/><V119/><F119/><W5/><G41/><T110/><D110/><U125/><E125/><V2/><F111/><W54/><G39/><T84/><AGARI ba="1,1" hai="24,29,34,51,52,56,68,70,77,81,84,91,93,99" machi="84" ten="20,8000,1" yaku="1,1,0,1,7,1,54,1,53,1" doraHai="17" doraHaiUra="30" who="0" fromWho="0" sc="194,93,217,-21,264,-41,315,-21" /><INIT seed="3,0,0,3,4,84" ten="287,196,223,294" oya="3" hai0="78,113,21,120,130,27,108,33,115,95,69,123,7" hai1="16,75,96,18,131,58,22,126,118,36,56,105,54" hai2="65,68,81,72,30,89,132,73,50,99,102,51,53" hai3="103,61,45,74,88,125,47,116,135,43,93,13,83"/><W76/><G116/><T11/><D69/><U119/><E36/><V49/><F132/><W100/><G125/><T80/><D95/><U79/><E126/><V87/><F53/><W117/><G117/><N who="1" m="44554" /><E131/><V40/><F40/><W67/><G135/><T20/><D130/><U90/><E56/><V24/><F65/><W44/><G13/><N who="0" m="5375" /><D108/><U14/><E18/><V71/><F73/><W63/><G43/><T110/><D110/><U35/><E35/><V32/><REACH who="2" step="1"/><F72/><REACH who="2" ten="287,196,213,294" step="2"/><W37/><G37/><T111/><D111/><U106/><E75/><V34/><F34/><W85/><REACH who="3" step="1"/><G63/><REACH who="3" ten="287,196,213,284" step="2"/><T17/><D123/><U114/><E114/><V15/><F15/><W57/><AGARI ba="0,2" hai="44,45,47,57,61,67,74,76,83,85,88,93,100,103" machi="57" ten="30,12000,1" yaku="1,1,2,1,0,1,52,1,54,1,53,0" doraHai="84" doraHaiUra="101" who="3" fromWho="3" sc="287,-40,196,-40,213,-40,284,140" /><INIT seed="3,1,0,2,1,130" ten="247,156,173,424" oya="3" hai0="81,65,7,5,46,69,102,83,88,58,8,135,118" hai1="131,35,70,18,106,99,56,31,17,30,9,54,107" hai2="61,25,13,75,71,22,109,128,125,105,122,59,12" hai3="44,117,41,108,63,134,29,74,1,16,62,68,96"/><W132/><G117/><T14/><D118/><U111/><E131/><V10/><F75/><W84/><G74/><T51/><D69/><U3/><E70/><V104/><F71/><W112/><G112/><T95/><D102/><U38/><E38/><V50/><F109/><W89/><G1/><T126/><D126/><U110/><E3/><V11/><F125/><W40/><G96/><T53/><D5/><U116/><E116/><V6/><F50/><W90/><G29/><T133/><D65/><U98/><E56/><V87/><F87/><W113/><G113/><T119/><D119/><U121/><E54/><V23/><F23/><W0/><G0/><T64/><D64/><U15/><E15/><V49/><F49/><W86/><G68/><T78/><D58/><U76/><E76/><V97/><F97/><W4/><G4/><T66/><D66/><U127/><E9/><V101/><F101/><W39/><G108/><T124/><D124/><U26/><E127/><V32/><F32/><W80/><G16/><T94/><D94/><U48/><E48/><V2/><F122/><W33/><G33/><T19/><D7/><U72/><E72/><V77/><F128/><W45/><G80/><T27/><D27/><U24/><REACH who="1" step="1"/><E35/><REACH who="1" ten="247,146,173,424" step="2"/><V91/><F2/><W115/><G115/><T123/><D78/><U57/><E57/><V100/><F77/><W21/><G21/><T34/><D34/><U52/><E52/><V120/><F11/><W103/><G39/><T85/><D123/><AGARI ba="1,1" hai="17,18,24,26,30,31,98,99,106,107,110,111,121,123" machi="123" ten="25,3200,0" yaku="1,1,22,2,53,0" doraHai="130" doraHaiUra="43" who="1" fromWho="0" sc="247,-35,146,45,173,0,424,0" /><INIT seed="4,0,0,2,1,55" ten="212,191,173,424" oya="0" hai0="30,43,93,2,41,34,131,52,114,11,90,46,98" hai1="107,38,12,18,91,25,85,123,29,113,125,4,128" hai2="20,19,103,72,31,58,92,124,132,111,76,35,5" hai3="22,64,59,81,65,120,101,119,105,57,82,134,21"/><T42/><D114/><U133/><E123/><V73/><F111/><W48/><G119/><T106/><D106/><U14/><E125/><V70/><F70/><W1/><G1/><T80/><D131/><U79/><E79/><V23/><F35/><W16/><G134/><T110/><D110/><U95/><E38/><V32/><F32/><W27/><G105/><T109/><D109/><U45/><E45/><V68/><F68/><W33/><G33/><T0/><D34/><U26/><E128/><V89/><F103/><W8/><G8/><T6/><D30/><U44/><E44/><V100/><F100/><W96/><G96/><T49/><D80/><N who="3" m="30825" /><G101/><T9/><D9/><U77/><E107/><V102/><F102/><W62/><G120/><T118/><D118/><U88/><E77/><V127/><F76/><W83/><G83/><T87/><REACH who="0" step="1"/><D2/><REACH who="0" ten="202,191,173,424" step="2"/><U10/><E113/><V94/><F132/><W40/><G22/><T126/><D126/><N who="2" m="48170" /><F31/><W17/><G17/><T39/><D39/><U97/><E29/><V36/><F36/><W116/><G116/><T3/><D3/><U53/><E133/><V7/><F20/><W117/><G117/><T28/><D28/><U130/><E130/><V63/><F94/><W56/><G65/><T104/><D104/><U71/><E18/><V61/><F73/><W75/><G75/><T67/><D67/><U66/><E66/><N who="2" m="39223" /><F72/><W108/><G108/><T24/><D24/><U37/><E37/><V121/><F121/><W135/><G135/><T84/><AGARI ba="0,1" hai="0,6,11,41,42,43,46,49,52,84,87,90,93,98" machi="84" ten="30,11700,0" yaku="1,1,0,1,54,1,53,1" doraHai="55" doraHaiUra="51" who="0" fromWho="0" sc="202,127,191,-39,173,-39,424,-39" /><INIT seed="4,1,0,1,5,98" ten="329,152,134,385" oya="0" hai0="23,1,73,117,55,82,13,69,107,91,63,110,118" hai1="126,4,44,87,127,59,15,125,124,106,76,103,43" hai2="24,100,89,133,14,29,97,30,2,130,19,111,121" hai3="18,10,16,51,83,33,129,22,92,94,0,64,85"/><T78/><D1/><U27/><N who="1" m="31744" /><DORA hai="37" /><U46/><E59/><V77/><F121/><W45/><G33/><T104/><D91/><U84/><E44/><V81/><F2/><W28/><G129/><T115/><D115/><U119/><E119/><V114/><F114/><W122/><G64/><T42/><D110/><U56/><E56/><V34/><F130/><W67/><G67/><T20/><D69/><U26/><E15/><V58/><F30/><W32/><G32/><T21/><D13/><U48/><E4/><V93/><F133/><W50/><G50/><T88/><D63/><U128/><E128/><V102/><F58/><W105/><G105/><T39/><D55/><U17/><E17/><N who="3" m="6762" /><G10/><T113/><D113/><U71/><E71/><V54/><F111/><W70/><G70/><T68/><D68/><U99/><REACH who="1" step="1"/><E76/><REACH who="1" ten="329,142,134,385" step="2"/><V62/><F62/><W12/><G12/><T25/><D117/><U41/><E41/><V74/><F54/><W112/><G112/><T101/><D118/><U47/><E47/><V60/><F60/><W7/><G7/><T123/><D42/><U79/><E79/><V90/><REACH who="2" step="1"/><F89/><REACH who="2" ten="329,142,124,385" step="2"/><N who="3" m="51391" /><G0/><T86/><D88/><U9/><E9/><AGARI ba="1,2" hai="9,14,19,24,29,34,74,77,81,90,93,97,100,102" machi="9" ten="30,8000,1" yaku="1,1,7,1,52,2,53,1" doraHai="98,37" doraHaiUra="72,80" who="2" fromWho="1" sc="329,0,142,-83,124,103,385,0" /><INIT seed="5,0,0,3,4,31" ten="329,59,227,385" oya="1" hai0="29,49,16,90,77,89,127,1,95,74,72,36,42" hai1="108,70,13,120,30,28,39,92,122,103,71,20,26" hai2="63,2,15,81,40,133,68,9,123,57,54,65,43" hai3="45,23,48,0,46,121,88,22,94,12,75,79,98"/><U85/><E39/><V129/><F123/><W87/><G0/><T117/><D117/><U41/><E41/><V7/><F129/><W51/><G75/><T67/><D1/><U112/><E112/><V50/><F133/><W14/><G121/><T126/><D36/><U131/><E131/><V21/><F81/><N who="3" m="47551" /><G46/><N who="0" m="25815" /><D67/><U37/><E37/><V93/><F93/><W114/><G51/><T35/><D77/><U73/><E73/><V38/><F38/><W76/><G76/><T11/><D11/><U69/><E108/><V97/><F97/><W130/><G114/><T104/><D16/><U91/><E28/><V10/><F21/><N who="3" m="7691" /><G130/><T64/><D104/><U118/><E118/><V53/><F54/><AGARI ba="0,0" hai="12,14,45,48,54,88,94,98" m="7691,47551" machi="54" ten="30,2000,0" yaku="8,1,54,1" doraHai="31" who="3" fromWho="2" sc="329,0,59,0,227,-20,385,20" /><INIT seed="6,0,0,0,3,53" ten="329,59,207,405" oya="2" hai0="23,101,70,46,130,120,94,124,92,109,107,72,82" hai1="51,21,39,43,121,85,3,28,54,64,56,1,111" hai2="106,41,129,83,69,44,73,57,45,22,26,93,103" hai3="125,133,17,102,16,122,71,77,4,104,81,55,15"/><V8/><F69/><W112/><G122/><T132/><D70/><U59/><E111/><V20/><F106/><W91/><G71/><T13/><D109/><U42/><E121/><V95/><F129/><W48/><G125/><T58/><D120/><U61/><E39/><V40/><F8/><W99/><G133/><T6/><D124/><U30/><E1/><V34/><F34/><W97/><G112/><T62/><D132/><U79/><E3/><V50/><F103/><W32/><G32/><T89/><D130/><U87/><E28/><V0/><F0/><W84/><G4/><T63/><D46/><U118/><E118/><V47/><F73/><W126/><G126/><T27/><D107/><U60/><E51/><V80/><F57/><W66/><G66/><T67/><D63/><U36/><E36/><V119/><F119/><W38/><G38/><T52/><D67/><U68/><E68/><V76/><F76/><W115/><G115/><T12/><D101/><U98/><E98/><V11/><F11/><W131/><G131/><T123/><D123/><U78/><E79/><V75/><F75/><W128/><G128/><T14/><D6/><U5/><E5/><V18/><F22/><W116/><G116/><T9/><D9/><U33/><E33/><V2/><F2/><W90/><G99/><T24/><D72/><U108/><E108/><V29/><F29/><W96/><G96/><T25/><D23/><U7/><E7/><V74/><F74/><W113/><G113/><T110/><D110/><U35/><E35/><V49/><F45/><N who="3" m="28047" /><G17/><T117/><D117/><RYUUKYOKU ba="0,0" sc="329,10,59,-30,207,10,405,10" hai0="12,13,14,24,25,27,52,58,62,82,89,92,94" hai2="18,20,26,40,41,44,47,49,50,80,83,93,95" hai3="15,16,77,81,84,90,91,97,102,104" /><INIT seed="6,1,0,3,2,89" ten="339,29,217,415" oya="2" hai0="109,114,52,63,12,17,28,116,29,129,23,132,96" hai1="88,21,105,59,115,127,128,111,100,86,91,6,81" hai2="45,43,56,131,8,69,77,11,51,135,27,22,70" hai3="54,94,97,13,46,7,53,62,93,126,82,74,3"/><V49/><F131/><W67/><G3/><T120/><D109/><U95/><E6/><V47/><F56/><N who="3" m="37319" /><G74/><T44/><D120/><U64/><E111/><V130/><F130/><W0/><G0/><T83/><D129/><U30/><E128/><V75/><F135/><W72/><G72/><T36/><D132/><U35/><E35/><V80/><F70/><W119/><G119/><T76/><D114/><U110/><E110/><V4/><F69/><W123/><G123/><T2/><D2/><U5/><E5/><V121/><F121/><W79/><G79/><T124/><D124/><U85/><E115/><V1/><F11/><N who="3" m="4351" /><G82/><T112/><D112/><U19/><E127/><V90/><F90/><N who="3" m="55479" /><G46/><T14/><D116/><U133/><E133/><V108/><F108/><W55/><G126/><T16/><D36/><U71/><E71/><V15/><F15/><W18/><G18/><T58/><D44/><U118/><E19/><V20/><REACH who="2" step="1"/><F27/><REACH who="2" ten="339,29,207,415" step="2"/><W102/><G102/><T107/><D14/><U73/><E118/><V78/><F78/><W113/><G113/><T42/><D76/><N who="1" m="44175" /><E21/><V33/><F33/><W122/><G122/><T48/><D23/><U9/><E9/><V61/><F61/><W50/><G50/><T103/><D12/><U57/><E64/><V60/><F60/><W84/><G84/><T117/><D117/><U106/><E59/><V87/><F87/><W34/><G34/><T104/><D58/><U98/><E57/><V99/><F99/><W92/><AGARI ba="1,1" hai="53,54,55,92,94" m="55479,4351,37319" machi="92" ten="30,7900,0" yaku="8,1,52,3" doraHai="89" who="3" fromWho="3" sc="339,-21,29,-21,207,-40,415,92" /><INIT seed="7,0,0,4,4,10" ten="318,8,167,507" oya="3" hai0="82,54,17,95,75,52,115,26,119,94,38,87,72" hai1="9,85,88,41,98,103,53,86,0,66,133,80,76" hai2="23,27,5,21,43,130,29,55,74,34,107,84,60" hai3="46,36,89,114,63,118,79,91,102,51,124,101,68"/><W1/><G118/><T123/><D119/><U125/><E53/><V127/><F74/><W81/><G36/><T40/><D123/><U113/><E66/><V4/><F127/><W31/><G114/><T92/><D115/><U111/><E41/><V44/><F130/><W100/><G1/><T108/><D108/><U120/><E9/><V64/><F107/><W129/><G129/><T126/><D126/><U128/><E0/><V12/><F34/><W48/><G31/><T56/><D38/><U132/><E125/><V13/><F84/><W14/><G68/><T97/><D40/><U106/><E128/><V110/><F110/><W83/><G63/><T49/><D75/><U69/><E69/><V45/><F55/><W62/><G62/><T61/><D72/><U134/><E113/><V3/><F3/><W15/><G79/><T24/><D97/><U30/><E30/><V39/><F45/><W16/><G16/><T32/><D32/><U122/><E111/><V112/><F112/><W2/><G2/><T77/><D17/><U116/><E116/><V104/><F104/><W90/><G46/><AGARI ba="0,0" hai="24,26,46,49,52,54,56,61,77,82,87,92,94,95" machi="46" ten="40,2600,0" yaku="8,1,54,1" doraHai="10" who="0" fromWho="3" sc="318,26,8,0,167,0,507,-26" owari="344,14.4,8,-49.2,167,-23.3,481,58.1" /></mjloggm>