<mjloggm ver="2.3"><GO type="169" lobby="0"/><UN n0="%4F%4D%41%4E%54%41" n1="%50%73%79%63%68%65" n2="%E7%A9%B6%E6%A5%B5%56%E3%83%A2%E3%83%B3%E3%82%AD%E3%83%BC" n3="%6B%75%73%73%79" dan="19,17,16,17" rate="2207.71,2128.90,2079.68,2168.47" sx="M,M,M,M"/><TAIKYOKU oya="0"/><INIT seed="0,0,0,1,2,54" ten="250,250,250,250" oya="0" hai0="107,5,51,119,133,128,100,96,49,10,129,61,135" hai1="16,38,92,45,11,29,31,30,4,117,123,71,37" hai2="8,22,20,23,6,13,82,66,97,50,55,73,103" hai3="101,44,19,67,27,3,68,125,120,40,130,95,14"/><T105/><D119/><U60/><E117/><V78/><F66/><W90/><G3/><T46/><D105/><U114/><E123/><V124/><F124/><W93/><G125/><T39/><D39/><U126/><E126/><V79/><F79/><W72/><G72/><T65/><D10/><U58/><E71/><V86/><F73/><W94/><G101/><T74/><D5/><U87/><E114/><V24/><F97/><W56/><G68/><T12/><D12/><U41/><E38/><V83/><F83/><W91/><G27/><T122/><D122/><U76/><E16/><V108/><F103/><W35/><G35/><T21/><D21/><U1/><E92/><V102/><F102/><W106/><G106/><T99/><D99/><U2/><E2/><V32/><F32/><W89/><G130/><N who="0" m="50283" /><D74/><U109/><E109/><V88/><F108/><W34/><G34/><T28/><D28/><U98/><E98/><V75/><F75/><W110/><G110/><T18/><D18/><U48/><E37/><V84/><F24/><W52/><G67/><T111/><D111/><U113/><E113/><V85/><REACH who="2" step="1"/><F78/><REACH who="2" ten="250,250,240,250" step="2"/><W104/><G120/><T33/><D33/><U116/><E116/><V127/><F127/><W43/><G104/><T7/><D96/><U17/><E76/><V81/><F81/><W62/><REACH who="3" step="1"/><G44/><AGARI ba="0,1" hai="6,8,13,20,22,23,44,50,55,82,84,85,86,88" machi="44" ten="40,5200,0" yaku="1,1,8,1,54,1,53,0" doraHai="54" doraHaiUra="69" who="2" fromWho="3" sc="250,0,250,0,240,62,250,-52" /><INIT seed="1,0,0,0,4,3" ten="250,250,302,198" oya="1" hai0="4,91,46,100,35,55,121,24,47,127,5,112,62" hai1="105,61,19,120,108,70,83,97,103,129,41,124,37" hai2="17,58,54,23,33,26,45,134,0,79,86,119,94" hai3="29,66,81,30,123,88,122,72,40,51,13,69,87"/><U99/><E120/><V104/><F119/><W64/><G72/><T31/><D112/><U50/><E37/><V71/><F104/><W131/><G123/><T107/><D121/><U18/><E129/><V52/><F71/><W90/><G122/><T32/><D32/><U110/><E124/><V65/><F0/><W9/><G131/><T89/><D127/><U98/><E83/><V34/><F134/><W60/><G64/><T130/><D130/><U6/><E103/><V102/><F65/><W77/><G30/><T44/><D89/><U95/><E105/><V114/><F114/><W59/><G29/><T115/><D91/><U92/><E61/><V39/><F79/><W80/><G80/><T15/><D15/><U2/><E70/><V57/><F45/><N who="3" m="26023" /><G69/><T20/><D115/><U109/><E41/><V132/><F39/><W43/><G43/><T116/><D116/><U117/><E50/><V67/><F132/><W63/><G63/><T12/><D55/><U68/><E68/><V111/><F111/><W78/><G78/><T84/><D62/><U53/><E53/><N who="2" m="20587" /><F67/><W101/><G101/><T113/><D113/><U118/><E118/><V8/><F102/><W128/><G128/><T96/><REACH who="0" step="1"/><D84/><REACH who="0" ten="240,250,302,198" step="2"/><U38/><E117/><V135/><F135/><W73/><G73/><T1/><D1/><U49/><E2/><V36/><F33/><W21/><G21/><T76/><D76/><U14/><E110/><V10/><F34/><W7/><AGARI ba="0,1" hai="7,9,13,59,60,66,77,81,87,88,90" m="26023" machi="7" ten="30,7900,0" yaku="25,1,8,1,52,1,54,1" doraHai="3" who="3" fromWho="3" sc="240,-20,250,-39,302,-20,198,89" /><INIT seed="2,0,0,0,0,83" ten="220,211,282,287" oya="2" hai0="34,87,131,50,2,64,116,80,135,61,76,90,91" hai1="3,121,63,44,20,43,92,35,75,27,17,19,68" hai2="26,81,56,118,119,0,29,13,53,122,58,31,67" hai3="82,86,101,32,10,48,55,127,97,8,100,98,115"/><V42/><F122/><W110/><G32/><T24/><D2/><U57/><E75/><V70/><F0/><W15/><G110/><T123/><D123/><U33/><E68/><V39/><F70/><W69/><G69/><T125/><D131/><U108/><E108/><V7/><F67/><W120/><G120/><T104/><D104/><U28/><E3/><V130/><F130/><W99/><G127/><T41/><D135/><U40/><E40/><V1/><F1/><W73/><G73/><T9/><D116/><U77/><E77/><V6/><F42/><W49/><G115/><T22/><D9/><U129/><E129/><V51/><F39/><W46/><G48/><T89/><D34/><U133/><E133/><V59/><F81/><W16/><REACH who="3" step="1"/><G8/><REACH who="3" ten="220,211,282,277" step="2"/><T114/><D125/><U60/><E35/><V62/><F119/><W23/><G23/><T12/><D114/><U66/><E33/><V111/><F118/><W107/><G107/><T93/><D50/><U109/><E109/><V106/><F106/><W95/><G95/><T88/><D41/><U30/><E92/><V72/><F72/><W112/><G112/><T117/><D117/><U14/><E121/><V105/><F105/><W103/><G103/><T45/><D93/><U21/><REACH who="1" step="1"/><E63/><REACH who="1" ten="220,201,282,277" step="2"/><V25/><F111/><W71/><G71/><T94/><D94/><U36/><AGARI ba="0,2" hai="14,17,19,20,21,27,28,30,36,43,44,57,60,66" machi="36" ten="20,8000,1" yaku="1,1,2,1,0,1,7,1,53,1" doraHai="83" doraHaiUra="38" who="1" fromWho="1" sc="220,-20,201,100,282,-40,277,-20" /><INIT seed="3,0,0,4,5,1" ten="200,301,242,257" oya="3" hai0="119,106,121,47,115,33,109,13,21,133,62,54,45" hai1="57,127,41,20,77,28,14,81,67,34,79,129,92" hai2="50,113,51,38,27,126,128,43,74,123,15,97,86" hai3="66,107,124,42,96,99,44,40,29,30,78,118,22"/><W48/><G118/><T73/><D119/><U101/><E34/><V8/><F74/><W18/><G124/><T6/><D33/><U59/><E41/><V105/><F126/><W135/><G135/><T36/><D73/><U122/><E122/><V24/><F113/><W95/><G78/><T90/><D106/><U111/><E111/><V39/><F123/><W55/><G66/><T116/><D116/><U7/><E129/><V49/><F128/><W70/><G70/><T31/><D36/><U69/><E69/><V102/><F86/><W61/><G107/><T110/><D121/><U16/><E28/><N who="3" m="10858" /><G61/><T85/><D133/><U3/><E67/><V37/><REACH who="2" step="1"/><F43/><REACH who="2" ten="200,301,232,257" step="2"/><N who="3" m="16427" /><G95/><T76/><D115/><U130/><E92/><V12/><F12/><AGARI ba="0,1" hai="12,18,22,44,48,55,96,99" m="16427,10858" machi="12" ten="30,1500,0" yaku="8,1" doraHai="1" who="3" fromWho="2" sc="200,0,301,0,232,-15,257,25" /><INIT seed="3,1,0,3,3,2" ten="200,301,217,282" oya="3" hai0="25,90,112,134,26,126,88,109,84,6,98,135,95" hai1="73,132,51,14,116,23,67,64,41,87,118,120,111" hai2="121,29,124,99,7,38,53,18,48,115,19,5,62" hai3="8,85,110,89,106,22,70,107,91,31,45,33,68"/><W12/><G33/><T78/><D109/><U3/><E73/><V35/><F115/><W114/><G114/><T52/><D112/><U101/><E3/><V71/><F38/><W82/><G110/><T97/><D126/><U128/><E111/><V130/><F124/><W69/><G91/><T81/><D6/><N who="2" m="2058" /><F35/><W1/><G1/><T65/><D65/><U24/><E120/><V122/><F29/><W10/><G45/><T63/><D90/><U60/><E101/><V34/><F34/><W47/><G47/><T4/><D4/><U104/><E104/><V131/><F99/><W79/><G79/><T55/><D98/><U39/><E39/><V113/><F113/><W61/><G61/><T119/><D119/><U59/><E60/><V46/><F62/><W27/><G8/><T28/><D26/><U49/><E24/><V32/><F71/><W105/><G10/><T123/><D123/><N who="2" m="47114" /><F32/><W9/><G9/><T75/><D97/><U117/><E117/><V127/><F127/><W57/><G12/><T66/><D25/><U37/><E14/><V100/><F100/><W80/><G70/><N who="0" m="42335" /><D28/><U74/><E118/><V108/><F108/><W16/><G31/><T86/><D86/><U30/><E87/><V125/><F125/><W42/><G68/><T72/><D72/><U92/><E74/><V76/><F76/><W58/><G69/><T93/><D75/><U21/><E30/><V44/><F44/><W13/><G85/><T40/><D78/><U15/><E116/><V77/><F77/><W11/><G89/><T54/><D40/><U50/><E41/><RYUUKYOKU ba="1,0" sc="200,15,301,-15,217,15,282,-15" hai0="52,54,55,81,84,88,93,95,134,135" hai2="18,19,46,48,53,130,131" /><INIT seed="4,2,0,5,4,67" ten="215,286,232,267" oya="0" hai0="35,120,38,98,21,9,59,6,93,118,117,5,76" hai1="86,94,36,60,110,91,112,84,0,15,26,18,17" hai2="115,8,79,48,33,45,85,130,12,96,78,111,20" hai3="71,42,41,131,28,82,102,57,27,14,127,135,19"/><T101/><D35/><U31/><E36/><V24/><F111/><W128/><G102/><T116/><D120/><U10/><E110/><V40/><F115/><W119/><G119/><T54/><D38/><U89/><E0/><V43/><F130/><N who="3" m="49707" /><G127/><T129/><D129/><U108/><E108/><V88/><F33/><W70/><G57/><T55/><D76/><U77/><E77/><V97/><F79/><W105/><G105/><T37/><D37/><U106/><E106/><V134/><F78/><W56/><G82/><T92/><D5/><U104/><E104/><V52/><F134/><W25/><G56/><T99/><D21/><N who="1" m="15823" /><E60/><V34/><F34/><N who="3" m="20751" /><G27/><T126/><D59/><U113/><E113/><V109/><F109/><W53/><G53/><T95/><D126/><U11/><E112/><V132/><F132/><W64/><G64/><T50/><D101/><U125/><E125/><V65/><F65/><W7/><G7/><T124/><D124/><U44/><E44/><V2/><F43/><N who="3" m="16395" /><G135/><T4/><D4/><N who="1" m="3559" /><E10/><AGARI ba="2,0" hai="10,14,19,70,71" m="16395,20751,49707" machi="10" ten="30,3900,0" yaku="19,1,52,2" doraHai="67" who="3" fromWho="1" sc="215,0,286,-45,232,0,267,45" /><INIT seed="5,0,0,1,0,44" ten="215,241,232,312" oya="1" hai0="37,76,53,48,55,84,21,71,132,114,38,65,103" hai1="128,52,134,61,120,74,22,54,12,0,108,68,36" hai2="31,83,86,35,41,39,106,113,96,82,40,69,17" hai3="1,75,60,14,45,125,24,50,97,29,19,42,51"/><U110/><E120/><V85/><F69/><W26/><G1/><T112/><D103/><U66/><E0/><V121/><F121/><W102/><G75/><T11/><D11/><U88/><E74/><V123/><F123/><W5/><G125/><T32/><D32/><U116/><E116/><V101/><F113/><N who="0" m="43626" /><D21/><U94/><E36/><N who="0" m="13929" /><D84/><N who="1" m="52487" /><E134/><V4/><F4/><W79/><G79/><T90/><D90/><U91/><E91/><V73/><F73/><W133/><G5/><T3/><D76/><U111/><E128/><V117/><F117/><W58/><G29/><T13/><D3/><U33/><E33/><V23/><F39/><W119/><G119/><T93/><D93/><U78/><E78/><V62/><F85/><W56/><G133/><T92/><D92/><U7/><E7/><V9/><F35/><W18/><G102/><T34/><D34/><U27/><E12/><V64/><F86/><W80/><G97/><T104/><D13/><U95/><E95/><V109/><F82/><W30/><G80/><T100/><D132/><U105/><E105/><V43/><F83/><W28/><G14/><T107/><D100/><U124/><E124/><V129/><F9/><W122/><G122/><T57/><D107/><U63/><E63/><V115/><F129/><W72/><G60/><N who="0" m="40359" /><D104/><U130/><E130/><V99/><F99/><W131/><G131/><T25/><D25/><U81/><E81/><V135/><F135/><W118/><G118/><T6/><D6/><U49/><E27/><N who="2" m="14831" /><F106/><W87/><G72/><T59/><D48/><N who="3" m="18473" /><G26/><T70/><D70/><U8/><E68/><RYUUKYOKU ba="0,0" sc="215,30,241,-10,232,-10,312,-10" hai0="53,55,57,59" /><INIT seed="6,1,0,0,0,116" ten="245,231,222,302" oya="2" hai0="110,7,60,12,63,127,38,121,3,19,42,70,29" hai1="124,47,86,51,65,48,132,68,9,58,120,50,102" hai2="37,32,109,41,135,125,90,56,4,126,95,123,93" hai3="17,54,21,35,66,122,46,113,53,106,44,11,62"/><V98/><F32/><W130/><G35/><T88/><D110/><U15/><E102/><V112/><F109/><W114/><G106/><T97/><D121/><U69/><E132/><V104/><F135/><W27/><G130/><T72/><D29/><U34/><E34/><V67/><F123/><W133/><G133/><T49/><D72/><U103/><E103/><V23/><F104/><W92/><G122/><T77/><D77/><U100/><E100/><V75/><F75/><W87/><G11/><T85/><D38/><U128/><E120/><V13/><F112/><N who="3" m="43115" /><G92/><T118/><D70/><U30/><E30/><V131/><F95/><W134/><G87/><T36/><D97/><U28/><E28/><V79/><F79/><W80/><G80/><T25/><D85/><U5/><E128/><V91/><F131/><W76/><G76/><T26/><D3/><U16/><E86/><V8/><F91/><W57/><G134/><T81/><D88/><U99/><E99/><V74/><F74/><W94/><G94/><T20/><D81/><U111/><E111/><V10/><F23/><W105/><G105/><T0/><D20/><U39/><E5/><V33/><F33/><W89/><G89/><T40/><D7/><U14/><E14/><V18/><F37/><W1/><G1/><T61/><D0/><U129/><E129/><V82/><F82/><W55/><AGARI ba="1,0" hai="17,21,27,44,46,53,54,55,57,62,66" m="43115" machi="55" ten="30,2000,0" yaku="15,1,11,1" doraHai="116" who="3" fromWho="3" sc="245,-6,231,-6,222,-11,302,23" /><INIT seed="7,0,0,1,4,56" ten="239,225,211,325" oya="3" hai0="20,43,135,69,22,93,3,9,101,66,52,78,35" hai1="71,85,131,121,64,112,10,77,118,116,122,40,55" hai2="124,59,33,53,23,128,123,103,84,119,67,8,37" hai3="89,83,98,92,48,16,11,79,88,74,29,65,0"/><W109/><G109/><T125/><D35/><U24/><E112/><V97/><F119/><N who="1" m="45609" /><E131/><V94/><F33/><W14/><G29/><T41/><D78/><U110/><E110/><V63/><F128/><W82/><G0/><T134/><D125/><U58/><E40/><V17/><F124/><W45/><G65/><T114/><D114/><U107/><E107/><V76/><F37/><W31/><G31/><T108/><D108/><U81/><E24/><V47/><F123/><W57/><G57/><T115/><D43/><U19/><E64/><V54/><F8/><W34/><G34/><T70/><D41/><U28/><E28/><V90/><F76/><W100/><G82/><T36/><D36/><U4/><E19/><V2/><F47/><W104/><G104/><T5/><D115/><U60/><E71/><V39/><F2/><AGARI ba="0,0" hai="2,4,10,55,58,60,77,81,85,121,122" m="45609" machi="2" ten="30,2000,0" yaku="12,1,52,1" doraHai="56" who="1" fromWho="2" sc="239,0,225,20,211,-20,325,0" owari="239,-16.1,245,4.5,191,-30.9,325,42.5" /></mjloggm>