<mjloggm ver="2.3"><GO type="169" lobby="0"/><UN n0="%E9%87%A3%E3%82%8A%E6%97%A5%E5%92%8C" n1="%E6%AE%8B%E9%85%B7%E3%81%AA%E5%A4%A9%E4%BD%BF%E3%83%8F%E3%83%9E%E3%83%BC" n2="%E2%98%86%41%64%72%69%61%6E" n3="%E3%81%97%E3%81%BE%E3%81%A0%E3%81%BE%32" dan="18,16,17,16" rate="2236.22,2120.22,2205.66,2125.46" sx="M,M,M,M"/><TAIKYOKU oya="0"/><INIT seed="0,0,0,1,1,104" ten="250,250,250,250" oya="0" hai0="76,71,24,49,32,47,133,126,129,93,18,85,108" hai1="61,15,106,89,121,6,130,64,119,101,13,31,19" hai2="2,73,92,51,90,45,52,65,43,53,17,30,34" hai3="44,98,134,21,105,20,9,40,116,135,83,79,26"/><T7/><D71/><U33/><E119/><V128/><F2/><W35/><G116/><T3/><D133/><U122/><E89/><V50/><F128/><W12/><G35/><T38/><D38/><U66/><E130/><V72/><F65/><W132/><G98/><T77/><D129/><U103/><E6/><V70/><F70/><W100/><G100/><T29/><D126/><U41/><E41/><V63/><F63/><W125/><G105/><T37/><D37/><U81/><E81/><V127/><F127/><W14/><G125/><T57/><D57/><U102/><E15/><V55/><F17/><W82/><G82/><T84/><D18/><U111/><E111/><V59/><F51/><W56/><G56/><T46/><D46/><U112/><E112/><V78/><F78/><W95/><G95/><T120/><D120/><U97/><E66/><V8/><F8/><W86/><G26/><T67/><D67/><U27/><E103/><V96/><REACH who="2" step="1"/><F59/><REACH who="2" ten="250,250,240,250" step="2"/><W54/><G54/><T42/><D76/><U87/><E64/><V69/><F69/><W23/><REACH who="3" step="1"/><G9/><REACH who="3" ten="250,250,240,240" step="2"/><T117/><D117/><U94/><E122/><V25/><AGARI ba="0,2" hai="25,30,34,43,45,50,52,53,55,72,73,90,92,96" machi="25" ten="30,8000,1" yaku="1,1,0,1,52,2,54,1,53,0" doraHai="104" doraHaiUra="131" who="2" fromWho="2" sc="250,-40,250,-20,240,100,240,-20" /><INIT seed="1,0,0,3,0,20" ten="210,230,340,220" oya="1" hai0="77,29,46,98,36,116,102,45,4,12,105,60,113" hai1="25,35,117,56,114,128,119,92,68,81,85,63,53" hai2="94,6,126,61,32,52,7,75,90,10,47,49,39" hai3="69,62,97,1,83,84,16,127,31,118,74,89,70"/><U66/><E114/><V78/><F126/><W28/><G1/><T72/><D116/><U8/><E92/><V99/><F32/><W48/><G127/><T55/><D113/><U50/><E8/><V0/><F7/><W91/><G74/><T101/><D101/><U44/><E128/><V79/><F75/><W132/><G132/><T9/><D36/><U88/><REACH who="1" step="1"/><E68/><REACH who="1" ten="210,220,340,220" step="2"/><V64/><F39/><W14/><G70/><AGARI ba="0,1" hai="0,6,10,47,49,52,61,64,70,78,79,90,94,99" machi="70" ten="30,2000,0" yaku="7,1,54,1" doraHai="20" who="2" fromWho="3" sc="210,0,220,0,340,30,220,-20" /><INIT seed="2,0,0,5,3,84" ten="210,220,370,200" oya="2" hai0="70,23,71,77,46,52,24,127,133,47,64,58,75" hai1="51,104,36,107,56,100,99,26,94,39,38,130,115" hai2="93,59,106,35,122,21,97,27,72,92,31,89,76" hai3="132,18,118,25,73,8,50,4,9,63,120,114,55"/><V83/><F122/><W111/><G118/><T124/><D133/><U3/><E115/><V74/><F74/><W78/><G120/><T48/><D77/><U85/><E3/><V6/><F6/><W62/><G132/><T126/><D75/><U43/><E130/><V12/><F106/><W67/><G114/><T5/><D5/><U109/><E109/><V0/><F0/><W88/><G111/><T68/><REACH who="0" step="1"/><D64/><REACH who="0" ten="200,220,370,200" step="2"/><U41/><E39/><V32/><F72/><W131/><G78/><T10/><D10/><U123/><E38/><V15/><F76/><W7/><G73/><T110/><D110/><U81/><E36/><V54/><F35/><W28/><G67/><T44/><D44/><U60/><E123/><V69/><F32/><W128/><G7/><T17/><AGARI ba="0,1" hai="17,23,24,46,47,48,52,58,68,70,71,124,126,127" machi="17" ten="40,8000,1" yaku="1,1,0,1,18,1,54,1,53,0" doraHai="84" doraHaiUra="105" who="0" fromWho="0" sc="200,90,220,-20,370,-40,200,-20" /><INIT seed="3,0,0,3,5,73" ten="290,200,330,180" oya="3" hai0="88,6,52,11,90,89,64,13,2,114,43,46,77" hai1="14,4,79,61,104,1,123,21,65,122,82,93,108" hai2="17,50,86,130,35,111,62,32,3,45,57,67,20" hai3="19,120,10,87,124,15,116,22,72,76,31,56,96"/><W41/><G116/><T121/><D121/><U135/><E104/><V7/><F111/><W55/><G120/><T81/><D114/><U133/><E108/><V39/><F39/><W30/><G124/><T99/><D64/><U132/><E93/><V118/><F118/><W8/><G72/><T71/><D71/><U25/><E14/><V54/><F130/><W109/><G41/><T117/><D117/><U66/><E4/><V48/><F86/><W24/><G96/><T47/><D2/><U80/><E80/><V68/><F7/><W103/><G103/><T9/><D9/><U98/><E98/><V127/><F3/><W37/><G37/><T36/><D99/><U112/><E1/><V60/><F127/><W5/><G109/><T42/><D36/><U74/><E66/><V110/><F62/><W125/><G10/><T27/><D27/><U33/><E112/><V85/><F85/><W59/><G125/><T69/><D69/><N who="1" m="42159" /><E33/><V63/><F63/><N who="3" m="36255" /><G59/><T126/><D126/><U84/><E74/><V18/><F110/><W70/><G70/><T23/><D23/><U102/><E102/><V49/><F49/><W92/><G92/><T40/><REACH who="0" step="1"/><D52/><REACH who="0" ten="280,200,330,180" step="2"/><U0/><E0/><V113/><F113/><W26/><G24/><T106/><D106/><U58/><E58/><V12/><F35/><W83/><AGARI ba="0,1" hai="5,8,15,19,22,26,30,31,76,83,87" m="36255" machi="83" ten="30,3000,0" yaku="8,1,52,1" doraHai="73" who="3" fromWho="3" sc="280,-10,200,-10,330,-10,180,40" /><INIT seed="3,1,0,5,4,0" ten="270,190,320,220" oya="3" hai0="40,96,128,85,134,127,92,48,12,30,4,64,47" hai1="72,55,76,70,51,16,116,42,82,31,21,10,78" hai2="111,112,109,123,34,97,86,46,90,114,125,8,24" hai3="79,62,54,61,37,59,68,124,75,100,28,11,126"/><W122/><G28/><T77/><D134/><U20/><E70/><V105/><F125/><N who="3" m="48235" /><G100/><T108/><D127/><U133/><E133/><V52/><F123/><W99/><G99/><T41/><D108/><N who="2" m="41546" /><F8/><W13/><G122/><T87/><D128/><U36/><E116/><V115/><F105/><W44/><G79/><T94/><D64/><U65/><E65/><V66/><F97/><W3/><G3/><T93/><D30/><U102/><E102/><V9/><F24/><W88/><G75/><T118/><D118/><U95/><E78/><V81/><F9/><W73/><G73/><T135/><D135/><U7/><E31/><V67/><F34/><W1/><G1/><T2/><D2/><U15/><E95/><V19/><F19/><W98/><G62/><T23/><D96/><U84/><E72/><V45/><F45/><W50/><G68/><T33/><D33/><U71/><E71/><V130/><F130/><W107/><G37/><T89/><D77/><U110/><E110/><V119/><F119/><W32/><G32/><T132/><D132/><U26/><E36/><V5/><F112/><W39/><G39/><T6/><D89/><U104/><E104/><V91/><F90/><W43/><G88/><T18/><D85/><U121/><E121/><V22/><F114/><W63/><G107/><T58/><D87/><U56/><E21/><V103/><F115/><W120/><G98/><T53/><D47/><U129/><E129/><V69/><F69/><W14/><G120/><T74/><D74/><U27/><E42/><AGARI ba="1,0" hai="4,6,12,18,23,40,41,42,48,53,58,92,93,94" machi="42" ten="40,5200,0" yaku="8,1,52,2" doraHai="0" who="0" fromWho="1" sc="270,55,190,-55,320,0,220,0" /><INIT seed="4,0,0,0,5,11" ten="325,135,320,220" oya="0" hai0="87,81,2,62,49,80,94,50,115,78,8,105,120" hai1="64,27,95,121,96,61,63,23,73,106,97,119,55" hai2="103,117,19,68,85,13,91,112,128,51,126,116,131" hai3="7,123,53,34,33,37,46,41,26,15,66,21,1"/><T5/><D105/><U40/><E119/><N who="2" m="45643" /><F68/><W122/><G66/><T109/><D120/><N who="3" m="46121" /><G1/><T118/><D118/><U71/><E121/><V79/><F103/><W129/><G129/><N who="2" m="49737" /><F126/><W89/><G53/><T4/><D115/><U54/><E73/><V74/><F112/><W59/><G59/><T9/><D109/><U52/><E40/><V113/><F113/><W28/><G89/><T3/><D62/><U84/><E106/><V88/><F51/><W43/><G43/><T20/><D20/><U6/><E6/><V99/><F99/><W48/><G37/><T29/><D29/><U32/><E32/><V69/><F74/><W135/><G135/><T24/><D24/><U133/><E133/><V83/><F69/><W107/><G107/><T39/><D39/><U108/><E108/><V101/><F101/><W42/><G42/><T65/><D65/><U76/><E63/><V67/><F67/><W56/><G56/><T12/><D49/><U25/><E25/><V38/><F38/><W70/><G70/><T110/><D50/><U90/><REACH who="1" step="1"/><E76/><REACH who="1" ten="325,125,320,220" step="2"/><V92/><F92/><W14/><G7/><T60/><D60/><U57/><E57/><V134/><F134/><W35/><AGARI ba="0,1" hai="14,15,21,26,28,33,34,35,41,46,48" m="46121" machi="35" ten="40,5200,0" yaku="13,1,52,2" doraHai="11" who="3" fromWho="3" sc="325,-26,125,-13,320,-13,220,62" /><INIT seed="5,0,0,1,3,135" ten="299,112,307,282" oya="1" hai0="101,31,97,121,58,60,120,130,36,63,90,41,76" hai1="1,129,27,15,77,49,53,93,122,19,26,99,66" hai2="14,22,57,81,112,125,29,106,108,119,68,74,7" hai3="114,11,32,43,91,54,73,24,127,42,128,4,56"/><U18/><E122/><N who="0" m="47209" /><D130/><U35/><E129/><V109/><F68/><W79/><G128/><T132/><D132/><U10/><E35/><V46/><F106/><W71/><G71/><T62/><D76/><U95/><E66/><V113/><F119/><W82/><G114/><T124/><D31/><U30/><E1/><V102/><F102/><W5/><G5/><T47/><D90/><U25/><E77/><N who="2" m="44215" /><F57/><W80/><G24/><T20/><D20/><U103/><E30/><V96/><F46/><W34/><G42/><T59/><D124/><U50/><E95/><AGARI ba="0,0" hai="36,41,47,58,59,60,62,63,95,97,101" m="47209" machi="95" ten="30,1000,0" yaku="13,1" doraHai="135" who="0" fromWho="1" sc="299,10,112,-10,307,0,282,0" /><INIT seed="6,0,0,1,5,89" ten="309,102,307,282" oya="2" hai0="127,106,124,134,93,123,107,117,35,81,28,45,73" hai1="46,130,30,122,66,80,104,109,110,86,25,105,21" hai2="100,37,19,82,94,98,63,67,131,65,52,87,3" hai3="56,17,4,49,72,95,84,76,114,14,74,16,41"/><V13/><F37/><W20/><G114/><T111/><D111/><U115/><E115/><V5/><F5/><W79/><G72/><T11/><D123/><U40/><E130/><V108/><F3/><W128/><G74/><T32/><D134/><U132/><E122/><V1/><F1/><W6/><G128/><T22/><D11/><U27/><E132/><V116/><F116/><W120/><G120/><T96/><D45/><U129/><E129/><V7/><F7/><N who="3" m="2603" /><G17/><T113/><D22/><U42/><E110/><V59/><F108/><W78/><G41/><T8/><D8/><U121/><E121/><V103/><F103/><W101/><G101/><N who="0" m="60559" /><D113/><U133/><E133/><V58/><F58/><W83/><G95/><T55/><D28/><U48/><E109/><V99/><F99/><W18/><G18/><T43/><D43/><U91/><E42/><V53/><F67/><W54/><AGARI ba="0,0" hai="14,16,20,49,54,56,76,78,79,83,84" m="2603" machi="54" ten="30,2000,0" yaku="8,1,54,1" doraHai="89" who="3" fromWho="3" sc="309,-5,102,-5,307,-10,282,20" /><INIT seed="7,0,0,4,5,131" ten="304,97,297,302" oya="3" hai0="81,49,70,43,4,97,5,47,101,23,41,69,51" hai1="115,119,110,3,59,118,52,127,73,128,76,10,84" hai2="1,57,98,17,25,65,66,134,54,78,45,90,16" hai3="20,106,77,26,30,113,55,42,39,58,82,108,50"/><W8/><G113/><T22/><D81/><U133/><E110/><V83/><F1/><W114/><G114/><T31/><D31/><U96/><E115/><V129/><F134/><W88/><G108/><T72/><D72/><U38/><E128/><V12/><F129/><W89/><G106/><T105/><D69/><U36/><E73/><V126/><F126/><W99/><G99/><T63/><D63/><U53/><E127/><V68/><F45/><W121/><G121/><T132/><D70/><U19/><E96/><V116/><F68/><W62/><G39/><T56/><D132/><U112/><E112/><V35/><F35/><W34/><G34/><T92/><D105/><U104/><E104/><V60/><F25/><W130/><G130/><T37/><D37/><U18/><E133/><V27/><F27/><W64/><G8/><T44/><D56/><U33/><E33/><V91/><F116/><N who="1" m="44585" /><E19/><N who="2" m="7243" /><F12/><W21/><G42/><T125/><D125/><U0/><E0/><V111/><F111/><W9/><G9/><T74/><D74/><U46/><E46/><V122/><F122/><W28/><G28/><T86/><D86/><U2/><E2/><V6/><F6/><AGARI ba="0,0" hai="4,5,6,22,23,41,43,44,47,49,51,92,97,101" machi="6" ten="40,2600,0" yaku="9,1,8,1" doraHai="131" who="0" fromWho="2" sc="304,26,97,0,297,-26,302,0" owari="330,43.0,97,-40.3,271,-12.9,302,10.2" /></mjloggm>