<mjloggm ver="2.3"><GO type="169" lobby="0"/><UN n0="%73%65%69%6A%69%64%6F%6E" n1="%4A%4F%4A%4F%31%39%38%35" n2="%7A%6F%6F%31%39%36%34" n3="%54%4F%52" dan="16,16,18,17" rate="2086.03,2092.08,2276.09,2174.41" sx="M,M,M,M"/><TAIKYOKU oya="0"/><INIT seed="0,0,0,0,0,21" ten="250,250,250,250" oya="0" hai0="130,12,110,77,74,6,124,76,97,16,73,19,49" hai1="111,122,57,113,100,107,131,38,5,71,95,28,34" hai2="126,23,9,40,118,65,61,13,51,101,82,47,112" hai3="133,36,106,27,41,125,46,8,64,67,121,26,29"/><T87/><D124/><U109/><E122/><V86/><F126/><W11/><G125/><T79/><D130/><U91/><E131/><V83/><F118/><W89/><G121/><T78/><D110/><N who="1" m="41995" /><E71/><V4/><F112/><W129/><G129/><T105/><D6/><U37/><E5/><V53/><F101/><W75/><G133/><T15/><D49/><U123/><E123/><V120/><F120/><W99/><G75/><T39/><D39/><U90/><E57/><V81/><F23/><W114/><G114/><T104/><N who="0" m="19456" /><DORA hai="48" /><T33/><D33/><U58/><E58/><N who="2" m="37047" /><F86/><W135/><G135/><T98/><D87/><U92/><E107/><V32/><F32/><W25/><G29/><T50/><D50/><U45/><E45/><V18/><F4/><W43/><G43/><AGARI ba="0,0" hai="9,13,18,40,43,47,51,53,81,82,83" m="37047" machi="43" ten="30,2000,0" yaku="8,1,52,1" doraHai="21,48" who="2" fromWho="3" sc="250,0,250,0,250,20,250,-20" /><INIT seed="1,0,0,2,5,41" ten="250,250,270,230" oya="1" hai0="64,104,6,131,46,90,70,50,17,105,98,130,10" hai1="20,8,126,83,96,1,45,76,42,85,63,52,38" hai2="11,55,99,74,25,108,79,81,22,35,120,100,65" hai3="26,101,71,36,60,29,97,4,88,72,48,133,37"/><U84/><E126/><V107/><F108/><W110/><G110/><T57/><D70/><U77/><E96/><V102/><F120/><W75/><G133/><T113/><D113/><U0/><E20/><V61/><F102/><W94/><G4/><T132/><D132/><U5/><E0/><V49/><F11/><W18/><G18/><T24/><D90/><U39/><E39/><V40/><F40/><W33/><G48/><T21/><D98/><U47/><E76/><V27/><F22/><W112/><G112/><T19/><D19/><U13/><E13/><V95/><F107/><W51/><G51/><T109/><D57/><N who="1" m="35239" /><E47/><V125/><F35/><W59/><G71/><T68/><D64/><U92/><E92/><V106/><F125/><W127/><G127/><T43/><D68/><U30/><E30/><V58/><REACH who="2" step="1"/><F106/><REACH who="2" ten="250,250,260,230" step="2"/><W53/><REACH who="3" step="1"/><G101/><REACH who="3" ten="250,250,260,220" step="2"/><T31/><D109/><U86/><E38/><AGARI ba="0,2" hai="26,29,33,36,37,38,53,59,60,72,75,88,94,97" machi="38" ten="40,5200,0" yaku="1,1,2,1,54,1,53,0" doraHai="41" doraHaiUra="34" who="3" fromWho="1" sc="250,0,250,-52,260,0,220,72" /><INIT seed="2,0,0,3,5,77" ten="250,198,260,292" oya="2" hai0="51,56,95,102,71,33,50,104,19,114,134,20,8" hai1="121,90,122,49,110,73,106,22,38,55,7,27,62" hai2="52,48,57,65,97,135,68,72,17,18,47,116,99" hai3="75,81,96,6,132,86,9,58,79,93,34,83,10"/><V100/><F116/><W123/><G123/><N who="1" m="47114" /><E73/><V69/><F135/><W115/><G34/><T87/><D114/><U12/><E38/><V112/><F112/><W92/><G115/><T113/><D113/><U53/><E110/><V128/><F128/><W16/><G132/><T131/><D71/><U26/><E106/><V29/><F29/><W85/><G75/><T82/><D131/><U125/><E125/><V107/><F72/><W67/><G96/><T84/><D104/><U11/><E90/><V64/><F99/><W80/><G6/><T89/><D33/><U0/><E62/><V124/><F124/><W130/><G130/><T2/><D134/><U37/><E37/><V66/><REACH who="2" step="1"/><F57/><REACH who="2" ten="250,198,250,292" step="2"/><W94/><G79/><T36/><D56/><N who="1" m="32815" /><E55/><V119/><F119/><W25/><BYE who="2" /><G86/><UN n2="%7A%6F%6F%31%39%36%34" /><T54/><D87/><U101/><E101/><V111/><F111/><W40/><G85/><T23/><D54/><U28/><E28/><V43/><F43/><W30/><G40/><T42/><D84/><U129/><E129/><V91/><F91/><W35/><REACH who="3" step="1"/><G16/><AGARI ba="0,1" hai="0,7,11,12,16,22,26,27" m="32815,47114" machi="16" ten="30,2000,0" yaku="13,1,54,1" doraHai="77" who="1" fromWho="3" sc="250,0,198,30,250,0,292,-20" /><AGARI ba="0,0" hai="16,17,18,47,48,52,64,65,66,68,69,97,100,107" machi="16" ten="40,18000,2" yaku="1,1,54,2,53,3" doraHai="77" doraHaiUra="13" who="2" fromWho="3" sc="250,0,228,0,250,180,272,-180" /><INIT seed="2,1,0,3,0,6" ten="250,228,430,92" oya="2" hai0="78,75,44,134,110,91,45,63,17,108,95,41,33" hai1="3,94,42,124,12,49,70,39,79,73,8,57,4" hai2="36,83,48,105,126,43,7,72,101,21,32,27,18" hai3="34,47,133,127,135,74,37,86,128,53,46,20,102"/><V109/><F36/><W88/><G34/><T9/><D33/><U85/><E70/><V30/><F126/><W15/><G74/><T38/><D134/><N who="3" m="51209" /><G102/><T11/><D45/><U77/><E124/><V54/><F109/><N who="0" m="42090" /><D17/><U60/><E73/><V10/><F43/><W96/><G96/><N who="0" m="57471" /><D63/><U114/><E39/><V100/><F105/><W24/><G127/><T64/><D64/><U2/><E42/><V51/><F83/><AGARI ba="1,0" hai="9,11,38,41,44,75,78,83" m="57471,42090" machi="83" ten="30,3900,0" yaku="14,1,52,2" doraHai="6" who="0" fromWho="2" sc="250,42,228,0,430,-42,92,0" /><INIT seed="3,0,0,5,5,58" ten="292,228,388,92" oya="3" hai0="86,107,15,120,63,62,117,7,44,30,69,113,59" hai1="22,14,56,98,31,82,135,103,54,2,123,8,84" hai2="78,21,108,1,83,26,4,47,106,3,71,114,90" hai3="119,27,118,128,68,129,33,79,109,122,76,48,88"/><W72/><G68/><T40/><D117/><N who="3" m="44553" /><G48/><T74/><D74/><U92/><E123/><V96/><F71/><W49/><G49/><T29/><D120/><U60/><E135/><V42/><F114/><W23/><G122/><T80/><D107/><U66/><E2/><V101/><F90/><W10/><G10/><N who="0" m="4575" /><D69/><U9/><E66/><V67/><F67/><W50/><G50/><N who="0" m="26887" /><D113/><U65/><E65/><V75/><F4/><W112/><G112/><T93/><D93/><U116/><E116/><V95/><F106/><W99/><G33/><T87/><D87/><U39/><E39/><V45/><F45/><W132/><G132/><T53/><D63/><U6/><E8/><V18/><F108/><W37/><G37/><AGARI ba="0,0" hai="1,3,18,21,26,37,42,47,75,78,83,95,96,101" machi="37" ten="30,1000,0" yaku="7,1" doraHai="58" who="2" fromWho="3" sc="292,0,228,0,388,10,92,-10" /><INIT seed="4,0,0,0,3,45" ten="292,228,398,82" oya="0" hai0="122,57,128,93,127,99,88,35,102,25,86,91,133" hai1="1,37,78,66,39,14,113,54,61,120,89,72,52" hai2="85,129,74,112,79,71,104,81,130,27,119,75,59" hai3="21,100,77,124,48,117,97,41,67,6,34,10,65"/><T108/><D122/><U82/><E120/><V7/><F71/><W44/><G34/><T94/><D108/><U46/><E1/><V5/><F112/><W31/><G124/><T121/><D127/><U47/><E113/><V96/><F119/><W60/><G117/><T135/><D121/><U19/><E89/><V0/><F59/><W24/><G77/><T64/><D128/><N who="2" m="49258" /><F27/><W132/><G132/><N who="0" m="50763" /><D64/><U109/><E109/><V58/><F58/><W111/><G111/><T92/><D57/><U114/><E114/><V49/><F49/><W63/><G67/><T3/><D3/><U50/><E54/><V105/><F96/><W8/><G65/><T123/><D123/><U134/><E46/><V55/><F55/><W17/><G31/><N who="0" m="19951" /><D91/><U76/><E134/><V42/><F42/><W110/><G110/><T2/><D2/><U125/><E125/><V107/><F0/><W116/><G116/><T62/><D62/><U11/><REACH who="1" step="1"/><E76/><REACH who="1" ten="292,218,398,82" step="2"/><V80/><F74/><W95/><REACH who="3" step="1"/><G10/><REACH who="3" ten="292,218,398,72" step="2"/><T103/><D102/><U38/><E38/><V90/><AGARI ba="0,2" hai="5,7,75,79,80,81,85,90,104,105,107" m="49258" machi="90" ten="40,1500,0" yaku="19,1" doraHai="45" who="2" fromWho="2" sc="292,-7,218,-4,398,35,72,-4" /><INIT seed="5,0,0,5,2,70" ten="285,214,433,68" oya="1" hai0="84,118,18,64,85,126,95,112,73,135,3,80,7" hai1="78,134,8,11,116,16,26,23,60,113,1,65,4" hai2="92,35,47,89,105,50,103,81,91,20,21,48,33" hai3="131,0,45,71,132,17,121,83,43,10,38,56,87"/><U12/><E116/><V100/><F92/><W122/><G71/><T97/><D112/><U125/><E113/><V37/><F47/><W39/><G132/><T34/><D118/><U66/><E134/><V129/><F81/><W68/><G68/><T115/><D135/><U101/><E125/><V106/><REACH who="2" step="1"/><F37/><REACH who="2" ten="285,214,423,68" step="2"/><W59/><G39/><T42/><D95/><U32/><E101/><V25/><F25/><W30/><G121/><T108/><D115/><U19/><E32/><V90/><F90/><W53/><G122/><T69/><D80/><U79/><REACH who="1" step="1"/><E65/><REACH who="1" ten="285,204,423,68" step="2"/><V54/><F54/><W76/><G53/><T62/><D64/><U104/><E104/><V99/><F99/><W111/><G111/><T114/><D126/><U110/><E110/><V2/><F2/><W22/><G0/><T61/><D108/><U109/><E109/><V124/><F124/><W14/><REACH who="3" step="1"/><G131/><AGARI ba="0,2" hai="20,21,33,35,48,50,89,91,100,103,105,106,129,131" machi="131" ten="25,3200,0" yaku="1,1,22,2,53,0" doraHai="70" doraHaiUra="123" who="2" fromWho="3" sc="285,0,204,0,423,52,68,-32" /><INIT seed="6,0,0,0,0,55" ten="285,204,475,36" oya="2" hai0="9,69,8,116,22,108,85,126,102,112,50,17,20" hai1="63,74,130,37,100,72,78,41,14,121,26,30,61" hai2="94,120,80,71,34,3,39,103,31,122,67,47,73" hai3="59,83,96,97,68,79,86,48,40,123,62,29,88"/><V107/><F94/><W128/><G123/><T111/><D116/><U19/><E121/><V87/><F87/><W33/><G128/><T65/><D69/><U70/><E100/><V46/><F46/><N who="3" m="25671" /><G68/><T90/><D65/><U15/><E41/><V60/><F3/><W117/><G33/><T27/><D112/><U35/><E37/><V95/><F95/><W101/><G117/><T7/><D111/><U0/><E0/><V21/><F21/><W5/><G29/><T38/><D38/><U76/><E30/><V91/><F91/><W113/><G113/><T92/><D108/><U125/><E70/><V134/><F134/><W58/><G5/><T98/><D126/><U53/><E125/><V44/><F44/><W105/><G105/><T124/><D124/><U89/><E35/><V77/><F47/><W10/><G10/><T114/><D114/><U66/><E76/><V13/><F13/><W49/><G101/><T115/><D115/><U51/><E14/><V1/><F1/><W84/><G49/><T119/><D119/><U57/><E51/><V129/><F129/><W12/><G12/><T43/><D7/><U75/><E15/><V99/><F39/><W82/><G62/><T16/><D50/><U6/><E6/><V52/><F52/><W109/><G109/><T28/><D28/><U54/><E54/><V23/><F23/><W132/><G132/><T45/><D45/><U81/><E130/><V36/><F36/><W64/><G64/><T11/><D43/><U4/><E4/><V32/><F122/><W56/><AGARI ba="0,0" hai="56,58,59,79,82,83,84,86,88,96,97" m="25671" machi="56" ten="30,8000,1" yaku="8,1,52,3,54,1" doraHai="55" who="3" fromWho="3" sc="285,-20,204,-20,475,-40,36,80" /><INIT seed="7,0,0,2,0,130" ten="265,184,435,116" oya="3" hai0="3,18,103,107,56,87,36,111,101,134,67,20,81" hai1="68,66,29,35,106,45,49,129,97,30,26,120,82" hai2="122,132,128,80,133,33,75,71,8,21,83,48,63" hai3="32,22,43,12,104,91,28,38,118,73,113,126,46"/><W114/><G118/><T44/><D107/><U15/><E120/><V125/><F33/><W85/><G73/><T53/><D53/><U74/><E30/><V119/><F119/><W135/><G126/><T13/><D13/><U93/><E129/><V102/><F128/><W1/><G1/><T25/><D67/><U2/><E2/><V117/><F117/><W124/><G124/><T16/><D56/><U90/><E106/><V98/><F125/><W121/><G121/><T42/><D111/><U0/><E0/><V115/><F115/><N who="3" m="44043" /><G104/><T78/><D3/><U51/><E15/><V40/><F122/><W52/><G32/><T127/><D134/><U58/><E68/><V72/><F133/><W131/><G131/><T86/><D81/><U14/><E14/><V24/><F132/><W95/><G135/><T92/><D127/><U84/><E74/><V112/><F112/><W9/><G52/><T70/><D70/><U31/><E26/><V47/><F75/><W27/><G12/><T109/><D103/><N who="1" m="60847" /><E35/><V41/><F72/><W60/><G60/><T10/><D10/><AGARI ba="0,0" hai="9,10,22,27,28,38,43,46,85,91,95" m="44043" machi="10" ten="30,1500,0" yaku="15,1" doraHai="130" who="3" fromWho="0" sc="265,-15,184,0,435,0,116,15" /><INIT seed="7,1,0,0,0,94" ten="250,184,435,131" oya="3" hai0="71,117,11,124,122,115,111,113,42,17,7,86,89" hai1="26,135,67,98,35,70,130,20,48,21,44,92,15" hai2="95,45,46,0,64,102,129,68,110,81,40,121,100" hai3="58,49,125,80,61,116,19,47,126,32,54,33,30"/><W96/><G116/><T78/><D71/><U62/><E130/><V83/><F110/><W39/><G39/><T128/><D122/><U56/><E135/><V37/><F0/><W109/><G109/><T75/><D111/><U41/><E35/><V27/><F129/><W38/><G38/><T52/><D128/><U29/><E70/><V6/><F6/><W120/><G120/><T14/><D42/><U24/><E15/><V12/><F12/><W3/><G3/><T88/><D117/><U104/><E104/><V73/><F46/><W112/><G112/><N who="0" m="43083" /><D124/><N who="3" m="47721" /><G30/><T127/><D127/><U77/><E77/><V1/><F121/><W108/><G108/><T59/><D75/><U74/><E74/><V82/><F1/><W103/><G80/><N who="0" m="47383" /><D7/><U105/><E105/><V9/><F73/><W118/><G19/><T16/><D17/><U10/><E10/><V123/><F123/><W114/><G118/><T55/><D55/><U57/><E57/><V51/><F83/><W60/><G114/><T66/><D66/><U106/><E106/><V63/><F37/><W53/><G61/><AGARI ba="1,0" hai="11,14,16,52,59,61,88,89" m="47383,43083" machi="61" ten="30,8000,1" yaku="15,1,11,1,54,3" doraHai="94" who="0" fromWho="3" sc="250,83,184,0,435,0,131,-83" owari="333,13.3,184,-21.6,435,53.5,48,-45.2" /></mjloggm>