<mjloggm ver="2.3"><GO type="169" lobby="0"/><UN n0="%44%75%64%65" n1="%E4%B8%8B%E9%AB%98%E5%A4%AA%E9%83%8E" n2="%E3%82%B5%E3%83%96%E3%82%A2%E3%83%A9%E3%83%89" n3="%41%6D%69%63%68%61%6E" dan="16,16,16,16" rate="2090.03,2106.59,2054.35,2071.84" sx="M,M,M,F"/><TAIKYOKU oya="0"/><INIT seed="0,0,0,1,5,64" ten="250,250,250,250" oya="0" hai0="41,25,22,82,18,99,14,76,40,125,118,98,15" hai1="112,65,55,68,61,127,133,84,23,39,91,92,89" hai2="47,88,106,5,38,3,123,70,26,110,16,121,96" hai3="74,135,122,56,8,63,42,119,116,73,131,45,13"/><T124/><D118/><U86/><E133/><V60/><F110/><W105/><G105/><T114/><D114/><U54/><E112/><V71/><F60/><W24/><G135/><T102/><D125/><U7/><E127/><V95/><F106/><W10/><G122/><T21/><D124/><U66/><E39/><V93/><F93/><W4/><G131/><T37/><D14/><U111/><E111/><V79/><F79/><W2/><G24/><T108/><D108/><U31/><E7/><V67/><F67/><W20/><G20/><T129/><D129/><U29/><E66/><V78/><F78/><W0/><G119/><T97/><D102/><U115/><E115/><V30/><F123/><W130/><G130/><T32/><D32/><U77/><E77/><V27/><F27/><W44/><G116/><T1/><D1/><U104/><E104/><V28/><F28/><W48/><G44/><T120/><D37/><U51/><E23/><V49/><F38/><W75/><REACH who="3" step="1"/><G8/><REACH who="3" ten="250,250,250,240" step="2"/><T62/><D120/><U43/><E43/><V19/><F121/><W53/><AGARI ba="0,1" hai="0,2,4,10,13,42,45,48,53,56,63,73,74,75" machi="53" ten="30,7900,0" yaku="1,1,2,1,0,1,53,1" doraHai="64" doraHaiUra="57" who="3" fromWho="3" sc="250,-39,250,-20,250,-20,240,89" /><INIT seed="1,0,0,1,5,61" ten="211,230,230,329" oya="1" hai0="62,59,124,39,12,135,68,29,63,28,3,107,20" hai1="109,106,83,17,0,78,115,105,22,112,131,98,119" hai2="69,79,58,7,23,32,14,36,26,108,15,45,99" hai3="47,128,42,90,9,34,116,77,65,64,110,11,10"/><U118/><E0/><V24/><F108/><W56/><G110/><T8/><D39/><U71/><E109/><V96/><F69/><W80/><G128/><T111/><D111/><U133/><E71/><V86/><F32/><W122/><G34/><T114/><D114/><N who="1" m="43563" /><E22/><V40/><F58/><W100/><G90/><T31/><D107/><N who="1" m="40971" /><E17/><V82/><F26/><W67/><G100/><T66/><D3/><U113/><N who="1" m="43571" /><U38/><DORA hai="102" /><E38/><V101/><F101/><W97/><G9/><T104/><D104/><U27/><E27/><V16/><F7/><W35/><G11/><T125/><D20/><U37/><E37/><V88/><F14/><W95/><G10/><T51/><D51/><U73/><E133/><V1/><F1/><W46/><G35/><T33/><D135/><U49/><E49/><V93/><F24/><W103/><G42/><T130/><D33/><U54/><E54/><V4/><F4/><W48/><G56/><T121/><D59/><U53/><E53/><V55/><F55/><W123/><G47/><T91/><D12/><U60/><E60/><V117/><F36/><W126/><G48/><T120/><D8/><U50/><E50/><V30/><F45/><W127/><G46/><T2/><D2/><U70/><E70/><V5/><F5/><W18/><G18/><T41/><D62/><U52/><E52/><V74/><F40/><W13/><G13/><T94/><D41/><U75/><E98/><N who="2" m="37419" /><F30/><W57/><G57/><T81/><D68/><U43/><E43/><V21/><F21/><W44/><G44/><T132/><D132/><RYUUKYOKU ba="0,0" sc="211,-10,230,-10,230,30,329,-10" hai2="15,16,23,74,79,82,86,88,93,117" /><INIT seed="2,1,0,0,5,133" ten="201,220,260,319" oya="2" hai0="117,106,130,64,50,116,23,35,54,27,45,17,56" hai1="47,4,34,81,33,90,111,98,89,58,85,105,38" hai2="82,36,104,25,2,1,128,97,121,21,29,112,65" hai3="7,8,19,48,102,43,115,22,70,42,66,131,44"/><V101/><F121/><W118/><G118/><N who="0" m="45675" /><D106/><U57/><E111/><V84/><F112/><W129/><G115/><T114/><D114/><U100/><E4/><V40/><F128/><N who="3" m="49227" /><G102/><T63/><D130/><U16/><E58/><V126/><F126/><W51/><G66/><T93/><D93/><U11/><E57/><V62/><F40/><N who="3" m="24583" /><G70/><T123/><D35/><U125/><E125/><V61/><F36/><W32/><G51/><T14/><D123/><U55/><E38/><V24/><F24/><AGARI ba="1,0" hai="14,17,23,24,27,45,50,54,56,63,64" m="45675" machi="24" ten="30,1000,0" yaku="12,1" doraHai="133" who="0" fromWho="2" sc="201,13,220,0,260,-13,319,0" /><INIT seed="3,0,0,5,5,32" ten="214,220,247,319" oya="3" hai0="93,68,79,30,20,135,15,110,125,37,116,2,62" hai1="123,34,3,102,74,0,55,10,115,57,11,7,106" hai2="19,59,54,12,71,13,14,46,67,96,87,42,101" hai3="21,65,39,49,89,94,88,66,36,113,51,17,132"/><W31/><G31/><T6/><D37/><U5/><E123/><V1/><F87/><W9/><G113/><T47/><D116/><U95/><E115/><V70/><F1/><W122/><G122/><T99/><D2/><U81/><E34/><V112/><F112/><W90/><G132/><T4/><D110/><U40/><E40/><V134/><F134/><W114/><G114/><T38/><D135/><U82/><E106/><V25/><F67/><N who="3" m="25611" /><G39/><T22/><D68/><U43/><E43/><V60/><F25/><N who="3" m="14511" /><G36/><T44/><D30/><U120/><E120/><V76/><F76/><W126/><G126/><T41/><D79/><U50/><E74/><V127/><F127/><W133/><G133/><T53/><D125/><U104/><E104/><V86/><F86/><W111/><G111/><T77/><D77/><U16/><E16/><V84/><F84/><W52/><G9/><T73/><D73/><U75/><REACH who="1" step="1"/><E75/><REACH who="1" ten="214,210,247,319" step="2"/><V69/><F19/><W124/><G124/><T119/><D41/><U103/><E103/><V72/><F72/><W23/><G23/><T63/><D20/><U130/><E130/><V100/><F100/><W97/><G51/><T108/><D22/><U80/><E80/><V24/><F101/><W56/><AGARI ba="0,1" hai="49,52,56,88,89,90,94,97" m="14511,25611" machi="56" ten="30,6000,0" yaku="8,1,54,2" doraHai="32" who="3" fromWho="3" sc="214,-20,210,-20,247,-20,319,70" /><INIT seed="3,1,0,3,0,53" ten="194,190,227,389" oya="3" hai0="61,69,118,5,59,133,25,76,135,64,38,10,82" hai1="29,56,4,37,71,116,92,48,97,49,24,85,2" hai2="131,123,32,30,130,7,72,121,83,34,98,77,66" hai3="86,102,22,129,128,84,21,20,93,42,113,94,51"/><W117/><G117/><T95/><D118/><U67/><E116/><V125/><F7/><W88/><G113/><T0/><D38/><U63/><E37/><V47/><F125/><W17/><G17/><T44/><D44/><U124/><E124/><V46/><F30/><W111/><G111/><T54/><D95/><U41/><E41/><V28/><F28/><W1/><G1/><T26/><D133/><U31/><E31/><V74/><F66/><W33/><G33/><T103/><D103/><U110/><E110/><V43/><F98/><W39/><G39/><T14/><D0/><U119/><E119/><V9/><F9/><W45/><G102/><T80/><D80/><U90/><E71/><V99/><F99/><W62/><G62/><T101/><D101/><N who="1" m="60583" /><E4/><V36/><F47/><W100/><G100/><T104/><D104/><U60/><E60/><V50/><F50/><W15/><G15/><T122/><D122/><N who="2" m="46602" /><F74/><W127/><G127/><T58/><D135/><U75/><E75/><V81/><F81/><W89/><AGARI ba="1,0" hai="20,21,22,42,45,51,84,86,88,89,93,94,128,129" machi="89" ten="30,6000,0" yaku="0,1,9,1,54,1" doraHai="53" who="3" fromWho="3" sc="194,-21,190,-21,227,-21,389,63" /><INIT seed="3,2,0,4,0,4" ten="173,169,206,452" oya="3" hai0="64,25,33,61,82,41,132,98,53,29,31,62,89" hai1="129,115,91,65,125,44,67,6,3,107,30,135,24" hai2="123,131,127,75,18,103,19,111,88,48,23,47,126" hai3="122,57,85,92,40,26,102,54,28,22,106,46,114"/><W27/><G114/><T49/><D132/><U101/><E135/><V80/><F111/><W8/><G106/><T21/><D41/><U73/><E115/><V134/><F103/><W93/><G122/><T35/><D31/><U108/><E108/><V133/><F123/><W20/><G102/><T71/><D62/><U60/><E67/><V17/><F75/><W130/><G130/><T104/><D104/><U116/><E129/><V72/><F72/><W86/><G46/><T105/><D105/><U84/><E73/><V77/><F77/><W79/><G8/><T110/><D110/><U68/><E44/><V14/><F131/><W96/><G40/><T11/><D11/><U16/><E16/><V109/><F109/><W43/><G43/><T50/><D50/><U1/><E6/><V45/><F45/><W66/><G79/><T69/><D69/><U63/><E125/><N who="2" m="47627" /><F134/><W124/><G66/><T0/><D0/><U117/><E63/><V120/><F120/><W32/><G32/><T36/><D36/><U81/><E1/><V70/><F70/><W94/><G96/><T74/><D74/><U52/><E3/><V97/><F97/><W55/><G124/><T42/><D98/><N who="1" m="61879" /><E52/><N who="3" m="20010" /><G57/><N who="0" m="32943" /><D42/><U51/><E51/><V95/><F133/><W58/><G58/><T5/><D71/><U39/><E39/><V2/><F2/><W100/><G100/><T118/><D64/><U37/><E37/><V113/><F113/><W12/><G85/><N who="0" m="50359" /><D61/><U76/><E76/><V78/><F48/><W7/><G86/><T112/><D112/><U87/><E87/><N who="2" m="48535" /><F47/><W128/><G128/><RYUUKYOKU ba="2,0" sc="173,-15,169,15,206,15,452,-15" hai1="24,30,60,65,68,81,84,91,116,117" hai2="14,17,18,19,23,88,95" /><INIT seed="4,3,0,2,4,134" ten="158,184,221,437" oya="0" hai0="131,128,91,7,46,18,118,84,1,0,13,71,127" hai1="75,24,60,12,33,50,79,56,2,102,70,96,80" hai2="125,25,35,59,126,73,130,74,107,10,3,135,122" hai3="52,63,133,55,67,17,11,116,8,42,123,77,120"/><T64/><D118/><U43/><E2/><V47/><F122/><N who="3" m="46635" /><G42/><T110/><D110/><U58/><E12/><V86/><F135/><W117/><G77/><T119/><D119/><N who="3" m="45641" /><G133/><T95/><D46/><U113/><E113/><V88/><F130/><N who="0" m="49706" /><D7/><U31/><E43/><V83/><F107/><W85/><G85/><T90/><D90/><U34/><E34/><V78/><F47/><W29/><G29/><T87/><D87/><U109/><E109/><V108/><F108/><W19/><G11/><N who="0" m="6463" /><D127/><N who="2" m="48650" /><F59/><W54/><G8/><T62/><AGARI ba="3,0" hai="0,1,62,64,71,84,91,95" m="6463,49706" machi="62" ten="30,1500,0" yaku="19,1" doraHai="134" who="0" fromWho="0" sc="158,24,184,-8,221,-8,437,-8" /><INIT seed="4,4,0,5,4,25" ten="182,176,213,429" oya="0" hai0="62,4,57,119,120,131,99,27,127,66,3,28,126" hai1="47,81,88,34,118,31,114,14,107,44,70,73,1" hai2="35,124,26,91,39,122,104,106,20,22,129,105,11" hai3="29,40,19,60,128,110,86,8,9,98,90,93,7"/><T77/><D119/><U116/><E107/><V61/><F122/><W55/><G110/><T102/><D120/><U69/><E1/><V113/><F113/><W37/><G128/><T84/><D131/><U112/><E73/><V117/><F117/><W5/><G37/><T0/><D84/><U109/><E14/><V16/><F39/><W71/><G40/><T23/><D77/><U54/><E34/><V42/><F42/><W123/><G123/><T103/><D103/><U80/><E54/><V56/><F124/><N who="0" m="47658" /><D4/><U85/><E85/><V89/><F129/><W72/><G72/><T33/><D33/><U6/><E6/><V96/><F35/><W121/><G5/><T21/><D21/><U76/><E76/><V13/><F22/><W38/><G7/><T94/><AGARI ba="4,0" hai="0,3,23,27,28,57,62,66,94,99,102" m="47658" machi="94" ten="30,6000,0" yaku="25,1,18,1,52,1" doraHai="25" who="0" fromWho="0" sc="182,72,176,-24,213,-24,429,-24" /><INIT seed="4,5,0,0,2,99" ten="254,152,189,405" oya="0" hai0="95,58,41,28,120,76,72,4,96,65,130,84,23" hai1="38,45,102,10,29,97,117,73,71,2,106,35,127" hai2="42,16,70,21,18,12,49,63,124,46,50,129,15" hai3="8,34,109,33,78,126,135,43,113,92,111,14,54"/><T77/><D72/><U81/><E127/><V60/><F124/><W91/><G126/><T66/><D130/><U134/><E134/><V53/><F129/><W13/><G135/><T56/><D120/><U48/><E48/><V5/><F5/><W112/><G78/><N who="0" m="30315" /><D84/><U22/><E22/><V94/><F94/><W121/><G43/><T26/><D41/><N who="1" m="22711" /><E117/><V82/><F82/><W69/><G69/><T57/><D4/><N who="1" m="1303" /><E71/><V86/><F86/><W83/><G83/><T75/><D75/><U103/><E103/><AGARI ba="5,0" hai="23,26,28,56,57,58,65,66,95,96,103" m="30315" machi="103" ten="30,2900,0" yaku="8,1,52,1" doraHai="99" who="0" fromWho="1" sc="254,44,152,-44,189,0,405,0" /><INIT seed="4,6,0,0,0,30" ten="298,108,189,405" oya="0" hai0="73,107,4,27,23,110,46,56,39,135,49,99,97" hai1="54,25,55,34,22,129,103,121,112,40,11,44,68" hai2="33,89,14,51,70,88,95,82,19,115,126,101,58" hai3="84,118,108,83,59,128,24,6,116,9,36,109,13"/><T1/><D73/><U81/><E121/><V28/><F126/><W2/><G36/><T127/><D127/><U114/><E68/><V124/><F124/><W105/><G105/><T133/><D110/><U78/><E103/><V3/><F3/><W5/><G59/><T125/><D125/><U45/><E11/><V0/><F0/><W72/><G72/><T52/><D4/><U80/><E129/><V37/><F37/><W67/><G67/><T100/><D1/><U104/><E104/><V113/><F70/><W102/><G102/><T41/><REACH who="0" step="1"/><D99/><REACH who="0" ten="288,108,189,405" step="2"/><U117/><E117/><V119/><F119/><W29/><G118/><T43/><D43/><U86/><E40/><V79/><F115/><W94/><G116/><T38/><D38/><U77/><E86/><V16/><F113/><W76/><G128/><T26/><D26/><U8/><E25/><V32/><F14/><W69/><G6/><T111/><D111/><U50/><E114/><V96/><F28/><AGARI ba="6,1" hai="23,27,28,39,41,46,49,52,56,97,100,107,133,135" machi="28" ten="40,3900,0" yaku="1,1,54,1,53,0" doraHai="30" doraHaiUra="123" who="0" fromWho="2" sc="288,67,108,0,189,-57,405,0" /><INIT seed="4,7,0,2,3,94" ten="355,108,132,405" oya="0" hai0="4,52,47,110,17,16,1,101,13,77,120,48,124" hai1="98,87,67,37,29,121,21,61,131,134,117,57,2" hai2="75,12,114,96,82,53,50,130,26,58,84,51,64" hai3="15,25,14,69,107,36,106,95,42,0,39,62,11"/><T65/><D120/><U5/><E117/><V20/><F130/><W135/><G135/><T108/><D124/><U35/><E134/><V119/><F119/><W112/><G112/><T49/><D77/><U103/><E131/><V78/><F114/><W71/><G25/><T66/><D1/><U41/><E35/><V90/><F64/><N who="0" m="24682" /><D101/><U105/><E121/><V125/><F125/><W10/><G0/><T28/><D28/><U54/><E2/><V97/><F12/><W83/><G95/><T91/><D91/><U89/><E5/><V56/><F56/><W116/><G116/><T60/><D60/><U9/><E9/><V102/><F51/><W123/><G62/><T32/><D32/><U70/><E29/><V68/><F68/><W81/><REACH who="3" step="1"/><G42/><REACH who="3" ten="355,108,132,395" step="2"/><N who="0" m="24695" /><D110/><U100/><E41/><V59/><F102/><W88/><G88/><T43/><D43/><U63/><E103/><V31/><F59/><W118/><G118/><T80/><D108/><U99/><E37/><V79/><F79/><W7/><G7/><T73/><D80/><AGARI ba="7,1" hai="20,26,31,50,53,58,75,78,80,82,84,90,96,97" machi="80" ten="30,3900,0" yaku="7,1,52,2" doraHai="94" who="2" fromWho="0" sc="355,-60,108,0,132,70,395,0" /><INIT seed="5,0,0,2,2,49" ten="295,108,202,395" oya="1" hai0="119,40,58,127,28,44,32,132,13,29,111,134,53" hai1="69,7,73,89,62,131,16,4,117,90,64,76,48" hai2="45,67,124,6,11,46,100,65,112,30,123,87,61" hai3="107,42,26,81,39,82,33,34,126,3,0,35,133"/><U80/><E131/><V92/><F123/><W31/><G107/><T1/><D1/><U114/><E114/><V135/><F124/><W27/><G126/><T41/><D127/><U52/><E117/><V55/><F135/><N who="0" m="51754" /><D111/><U71/><E71/><V20/><F112/><W70/><G133/><T66/><D119/><U130/><E130/><V59/><F67/><W95/><G95/><T79/><D79/><U120/><E120/><V93/><F65/><W43/><G70/><T36/><D66/><U115/><E115/><V10/><F93/><W68/><G68/><T25/><D13/><U47/><REACH who="1" step="1"/><E16/><REACH who="1" ten="295,98,202,395" step="2"/><V17/><F17/><W110/><G110/><T77/><D25/><U38/><E38/><V57/><F6/><AGARI ba="0,1" hai="4,6,7,47,48,52,62,64,69,73,76,80,89,90" machi="6" ten="40,12000,1" yaku="1,1,52,1,54,1,53,1" doraHai="49" doraHaiUra="104" who="1" fromWho="2" sc="295,0,98,130,202,-120,395,0" /><INIT seed="5,1,0,5,5,123" ten="295,228,82,395" oya="1" hai0="47,14,24,83,34,44,121,45,114,41,0,100,122" hai1="112,1,126,10,120,113,134,3,94,42,55,81,33" hai2="4,13,56,104,46,103,38,39,119,99,59,6,28" hai3="93,75,30,21,48,29,125,105,89,108,91,69,16"/><U67/><E120/><N who="0" m="46185" /><D0/><U68/><E134/><V90/><F119/><W102/><G69/><T79/><D114/><U27/><E126/><V50/><F28/><N who="3" m="10859" /><G75/><N who="0" m="43519" /><D34/><U63/><E33/><V88/><F39/><W115/><G108/><T25/><D41/><U72/><E27/><V80/><F38/><W76/><G105/><T118/><D118/><U92/><E42/><V128/><F128/><W64/><G76/><T71/><D71/><U31/><E31/><V23/><F4/><W60/><G125/><T135/><D135/><U43/><E43/><V52/><F90/><W17/><G48/><T106/><D14/><U117/><E117/><V84/><REACH who="2" step="1"/><F23/><REACH who="2" ten="295,228,72,395" step="2"/><W22/><G91/><T62/><D62/><U15/><E113/><V66/><F66/><W5/><G5/><T74/><D74/><U129/><E112/><V58/><F58/><N who="3" m="36887" /><G115/><T132/><D132/><U133/><E133/><V111/><F111/><W97/><G89/><T37/><D37/><U78/><E129/><V57/><F57/><W8/><G8/><AGARI ba="1,1" hai="6,8,13,46,50,52,56,59,80,84,88,99,103,104" machi="8" ten="40,5200,0" yaku="1,1,54,2,53,0" doraHai="123" doraHaiUra="26" who="2" fromWho="3" sc="295,0,228,0,72,65,395,-55" /><INIT seed="6,0,0,4,4,75" ten="295,228,137,340" oya="2" hai0="114,79,105,118,38,59,82,122,47,44,86,132,54" hai1="3,68,71,116,33,134,83,36,8,112,104,52,80" hai2="133,1,62,31,5,35,115,126,17,37,20,97,103" hai3="22,10,16,124,34,7,89,81,110,57,91,13,58"/><V45/><F126/><W76/><G110/><T25/><D122/><U40/><E116/><V49/><F133/><W85/><G34/><T125/><D105/><U14/><E33/><V61/><F115/><W27/><G124/><T98/><D125/><U107/><E3/><V78/><F37/><W51/><G58/><T69/><D69/><U131/><E40/><V19/><F35/><W109/><G109/><T53/><D132/><U48/><E36/><V106/><F5/><W88/><G57/><T66/><D118/><U93/><E93/><N who="2" m="58799" /><F1/><W50/><AGARI ba="0,0" hai="7,10,13,16,22,27,50,51,76,81,85,88,89,91" machi="50" ten="30,8000,1" yaku="0,1,8,1,52,1,54,2" doraHai="75" who="3" fromWho="3" sc="295,-20,228,-20,137,-40,340,80" /><INIT seed="7,0,0,0,1,3" ten="275,208,97,420" oya="3" hai0="78,107,74,37,94,124,21,25,100,85,112,68,108" hai1="118,88,77,89,114,59,23,87,126,28,26,123,73" hai2="32,34,105,135,15,29,57,56,121,117,45,83,69" hai3="120,51,61,30,84,104,52,109,110,50,44,98,5"/><W8/><G30/><T99/><D37/><U6/><E123/><V40/><F69/><W53/><G120/><T2/><D68/><U134/><E134/><V58/><F121/><W106/><G61/><T131/><D108/><N who="3" m="41577" /><G84/><T47/><D2/><U103/><E114/><V55/><F117/><W11/><G98/><T46/><D124/><U16/><E126/><V62/><F135/><W122/><G122/><T13/><D131/><U113/><E113/><V115/><F115/><W35/><G35/><T64/><D85/><U81/><E118/><V96/><F34/><W116/><G116/><T63/><D63/><U54/><E73/><V43/><F29/><W79/><G79/><T60/><D60/><U82/><E103/><V10/><F32/><W129/><G129/><T102/><D99/><U41/><E41/><V71/><F71/><W66/><G66/><T27/><D78/><U31/><E82/><V101/><F83/><W93/><G93/><T14/><D94/><U7/><E31/><V72/><F72/><W24/><G24/><T65/><D112/><U17/><E28/><V9/><F9/><N who="3" m="3659" /><G5/><N who="1" m="1546" /><E17/><V91/><F91/><W80/><G80/><T67/><D74/><U42/><E42/><V86/><F86/><W38/><G38/><T75/><D75/><U97/><E97/><V76/><F76/><W0/><G0/><T133/><D133/><U19/><E19/><V132/><F132/><W49/><G106/><T90/><D107/><U70/><E70/><V95/><F105/><W36/><G104/><T92/><D100/><U128/><E128/><V127/><F127/><RYUUKYOKU ba="0,0" sc="275,-15,208,15,97,-15,420,15" hai1="16,23,26,54,59,77,81,87,88,89" hai3="36,44,49,50,51,52,53" owari="260,6.0,223,-17.7,82,-41.8,435,53.5" /></mjloggm>