<mjloggm ver="2.3"><GO type="169" lobby="0"/><UN n0="%EF%BC%AE%EF%BC%A1%EF%BC%AF%33%33%39" n1="%63%68%69%73%73" n2="%6E%6F%73%75%6B%65" n3="%74%77%69%74%63%68" dan="16,16,17,16" rate="2128.89,2163.30,2154.51,2142.71" sx="M,M,M,F"/><TAIKYOKU oya="0"/><INIT seed="0,0,0,0,4,90" ten="250,250,250,250" oya="0" hai0="4,100,99,92,11,97,86,14,73,82,15,102,71" hai1="91,51,75,53,29,54,36,38,49,125,24,115,33" hai2="124,85,22,131,70,64,27,46,30,109,13,130,133" hai3="12,56,117,123,68,60,120,96,31,95,122,89,39"/><T77/><D71/><U88/><E125/><V0/><F0/><W58/><G117/><T76/><D73/><U42/><E75/><V50/><F124/><W83/><G39/><T80/><D80/><U66/><E115/><V40/><F109/><W78/><G31/><T59/><D59/><U114/><E114/><V87/><F133/><W21/><G68/><T134/><D134/><U61/><E42/><V41/><F41/><W32/><G32/><T113/><D113/><U2/><E2/><V135/><F135/><W132/><G132/><T126/><D126/><U108/><E108/><V1/><F1/><W43/><G43/><T111/><D111/><U69/><E51/><V106/><F106/><W37/><G37/><T63/><D63/><U20/><E33/><V103/><F103/><W17/><REACH who="3" step="1"/><G60/><REACH who="3" ten="250,250,250,240" step="2"/><T19/><D76/><U44/><E54/><V28/><F28/><W101/><G101/><T34/><D34/><U119/><E119/><V107/><F70/><W81/><G81/><T79/><D79/><U47/><E91/><V48/><F30/><W10/><G10/><T98/><D100/><U105/><E38/><V35/><F40/><W128/><G128/><T110/><D110/><U84/><E36/><V121/><F35/><W8/><G8/><AGARI ba="0,1" hai="4,8,11,14,15,19,77,82,86,92,97,98,99,102" machi="8" ten="30,5800,0" yaku="7,1,8,1,52,1" doraHai="90" who="0" fromWho="3" sc="250,68,250,0,250,0,240,-58" /><INIT seed="0,1,0,2,1,73" ten="318,250,250,182" oya="0" hai0="4,27,29,31,16,57,44,18,101,12,49,96,112" hai1="71,111,131,15,20,84,134,93,35,81,67,65,52" hai2="74,122,47,56,124,36,106,42,133,32,87,11,77" hai3="10,37,88,119,66,72,1,64,91,25,46,48,40"/><T53/><D112/><U33/><E111/><V125/><F122/><W2/><G119/><T43/><D4/><U107/><E107/><V132/><F106/><W116/><G116/><T117/><D117/><U63/><E131/><V68/><F87/><W69/><G69/><T85/><D85/><U34/><E134/><N who="2" m="51819" /><F68/><W94/><G72/><T129/><D129/><U75/><E75/><V62/><F32/><W98/><G37/><T127/><D127/><N who="2" m="48714" /><F11/><W0/><G10/><T128/><D128/><U99/><E20/><V110/><F74/><W83/><G83/><T102/><D102/><U135/><E135/><V7/><F7/><W61/><G91/><T100/><D100/><U108/><E71/><V79/><F110/><W118/><G118/><T89/><D89/><U6/><E108/><V9/><F9/><W23/><REACH who="3" step="1"/><G61/><REACH who="3" ten="318,250,250,172" step="2"/><T82/><D82/><U130/><E81/><V115/><F115/><W51/><G51/><T78/><D49/><U109/><E63/><V8/><F8/><W30/><AGARI ba="1,1" hai="0,1,2,23,25,30,40,46,48,64,66,88,94,98" machi="30" ten="30,7900,0" yaku="1,1,0,1,54,1,53,1" doraHai="73" doraHaiUra="17" who="3" fromWho="3" sc="318,-40,250,-21,250,-21,172,92" /><INIT seed="1,0,0,5,3,107" ten="278,229,229,264" oya="1" hai0="131,80,23,121,112,67,5,64,125,124,10,8,18" hai1="81,24,78,58,73,52,95,74,25,116,100,32,76" hai2="90,84,93,62,128,12,20,132,106,4,65,91,69" hai3="16,49,123,31,108,75,130,57,33,19,46,133,7"/><U54/><E116/><V9/><F132/><W26/><G123/><T70/><D112/><U51/><E32/><V37/><F128/><W110/><G75/><T61/><D67/><U14/><E14/><V48/><F106/><W6/><G57/><T113/><D113/><U82/><E54/><V122/><F122/><W129/><G133/><T40/><D121/><U29/><E29/><V72/><F37/><W87/><G87/><T21/><D40/><U104/><E95/><V119/><F119/><W13/><G49/><T36/><D36/><U103/><REACH who="1" step="1"/><E104/><REACH who="1" ten="278,219,229,264" step="2"/><V96/><F93/><W83/><G83/><T28/><D80/><U71/><E71/><V118/><F12/><W89/><G129/><T53/><D131/><U55/><E55/><V17/><F69/><W115/><G130/><T45/><D28/><U11/><E11/><V38/><F9/><W135/><G135/><T86/><D10/><U0/><E0/><V92/><F92/><W79/><G115/><T3/><D18/><U98/><E98/><V2/><F96/><W47/><G19/><T34/><D34/><U22/><E22/><V66/><F17/><W1/><G16/><T44/><D23/><U41/><E41/><V59/><F2/><W63/><G13/><T42/><D21/><U60/><E60/><V68/><F62/><W56/><G63/><T99/><D99/><U27/><AGARI ba="0,1" hai="24,25,27,51,52,58,73,74,76,78,81,82,100,103" machi="27" ten="30,18000,2" yaku="1,1,0,1,9,1,52,2,54,1,53,0" doraHai="107" doraHaiUra="85" who="1" fromWho="1" sc="278,-60,219,190,229,-60,264,-60" /><INIT seed="1,1,0,1,5,112" ten="218,409,169,204" oya="1" hai0="33,37,117,104,107,40,45,14,1,102,64,78,67" hai1="19,0,30,13,16,24,44,63,17,134,124,4,68" hai2="73,75,106,57,27,39,83,61,20,94,125,51,100" hai3="126,98,18,119,28,12,38,72,70,128,99,26,135"/><U127/><E44/><V43/><F125/><N who="1" m="48201" /><E68/><V85/><F106/><W84/><G72/><T80/><D1/><U91/><E63/><V86/><F39/><W54/><G126/><T109/><D33/><N who="1" m="20679" /><E91/><V15/><F15/><W76/><G70/><T131/><D64/><U97/><E97/><V133/><F133/><W122/><G38/><T36/><D36/><U132/><E0/><V120/><F100/><W118/><G122/><T101/><D67/><U7/><E13/><V66/><F61/><W82/><G128/><T52/><D131/><U87/><E87/><V56/><F86/><W48/><G135/><AGARI ba="1,0" hai="4,7,16,17,19,132,134,135" m="20679,48201" machi="135" ten="40,12000,1" yaku="20,1,18,1,34,2,54,1" doraHai="112" who="1" fromWho="3" sc="218,0,409,123,169,0,204,-123" /><INIT seed="1,2,0,5,4,58" ten="218,532,169,81" oya="1" hai0="114,97,34,33,84,6,92,117,44,8,134,53,63" hai1="55,119,39,128,18,23,15,37,71,77,73,105,130" hai2="11,88,72,132,5,109,52,27,108,102,103,93,50" hai3="115,43,82,67,47,54,68,83,19,86,111,29,0"/><U133/><E119/><V87/><F72/><W2/><G115/><T69/><D114/><U25/><E105/><V122/><F27/><W110/><G29/><T45/><D117/><U106/><E106/><V94/><F122/><W104/><G104/><T4/><D84/><U98/><E98/><V17/><F17/><W35/><G35/><T3/><D4/><U64/><E133/><V57/><F132/><W9/><G54/><T75/><D75/><U59/><E64/><V66/><F66/><W96/><G96/><T85/><D85/><U42/><E71/><V61/><F50/><W20/><G82/><T46/><D134/><U48/><E42/><V120/><F120/><W80/><G9/><T30/><D30/><U13/><E77/><V12/><REACH who="2" step="1"/><F94/><REACH who="2" ten="218,532,159,81" step="2"/><W135/><G135/><T107/><D107/><U95/><E73/><V131/><F131/><N who="1" m="50217" /><E95/><V62/><F62/><W22/><G19/><T124/><D63/><U129/><E129/><V51/><F51/><W127/><G67/><T28/><D92/><U16/><E25/><V91/><F91/><W79/><G79/><T118/><D28/><U70/><E70/><V100/><AGARI ba="2,1" hai="5,11,12,52,57,61,87,88,93,100,102,103,108,109" machi="100" ten="30,8000,1" yaku="1,1,0,1,52,1,54,2,53,0" doraHai="58" doraHaiUra="65" who="2" fromWho="2" sc="218,-22,532,-42,159,96,81,-22" /><INIT seed="2,0,0,5,3,135" ten="196,490,255,59" oya="2" hai0="11,78,23,24,50,86,71,98,38,31,110,125,9" hai1="5,0,117,103,97,90,39,48,4,64,118,62,104" hai2="65,17,127,75,134,35,79,29,13,93,10,81,133" hai3="57,100,63,49,67,19,33,53,1,2,54,89,87"/><V47/><F65/><W126/><G33/><T91/><D38/><U15/><E39/><V85/><F47/><W124/><G100/><T12/><D71/><U122/><E122/><V95/><F29/><W114/><G114/><T55/><D110/><U52/><E0/><V123/><F35/><W26/><G26/><T74/><D74/><U76/><E76/><V120/><F120/><W111/><G111/><T56/><D78/><U77/><E77/><V107/><F107/><W66/><G19/><T60/><D98/><U59/><E90/><N who="2" m="53455" /><F95/><W94/><G54/><T129/><D129/><U109/><E109/><V45/><F45/><W7/><G67/><T72/><D72/><U96/><E96/><V44/><F44/><W14/><G14/><T82/><D60/><U119/><REACH who="1" step="1"/><E15/><REACH who="1" ten="196,480,255,59" step="2"/><V8/><F123/><W132/><G132/><T58/><D12/><U69/><AGARI ba="0,1" hai="4,5,48,52,59,62,64,69,97,103,104,117,118,119" machi="69" ten="30,7900,0" yaku="1,1,2,1,0,1,54,1,53,0" doraHai="135" doraHaiUra="37" who="1" fromWho="1" sc="196,-20,480,89,255,-39,59,-20" /><INIT seed="3,0,0,0,1,119" ten="176,569,216,39" oya="3" hai0="112,120,135,104,97,106,129,86,108,115,41,64,67" hai1="19,57,55,8,36,100,25,73,28,107,51,121,77" hai2="4,75,37,58,38,116,65,122,123,82,20,74,85" hai3="63,113,39,21,89,23,15,35,87,117,1,30,17"/><W99/><G117/><T84/><D108/><U48/><E36/><N who="2" m="13931" /><F4/><W105/><G39/><T12/><D41/><U126/><E121/><N who="2" m="46091" /><F20/><W93/><G1/><T125/><D120/><U128/><E126/><V29/><F29/><W90/><G35/><T71/><D125/><U127/><E77/><N who="2" m="46287" /><F116/><W109/><G113/><T49/><D115/><U72/><E28/><V6/><F6/><W98/><G109/><T24/><D112/><U32/><E32/><V53/><F65/><W76/><G105/><T0/><D106/><U33/><E107/><V31/><F31/><W96/><G76/><T16/><D67/><U54/><E33/><V70/><F70/><W13/><G63/><AGARI ba="0,0" hai="53,58,63,74,75" m="46287,46091,13931" machi="63" ten="30,7700,0" yaku="13,1,52,3" doraHai="119" who="2" fromWho="3" sc="176,0,569,0,216,77,39,-77" owari="176,-22.4,569,66.9,293,9.3,-38,-53.8" /></mjloggm>