<mjloggm ver="2.3"><GO type="169" lobby="0"/><UN n0="%6B%E3%81%AE" n1="%6D%61%6A%75%6E%69%61" n2="%59%75%49%74%6F" n3="%E3%82%86%E3%83%BC%E3%81%B5%E3%82%89" dan="17,16,16,16" rate="2231.16,2140.29,2034.59,2044.22" sx="M,M,M,M"/><TAIKYOKU oya="0"/><INIT seed="0,0,0,4,1,114" ten="250,250,250,250" oya="0" hai0="5,60,69,103,119,133,11,111,98,75,10,14,100" hai1="40,23,117,135,7,35,52,15,19,113,132,1,77" hai2="85,134,65,96,131,12,109,49,99,73,53,0,105" hai3="20,29,108,76,30,39,9,55,81,120,130,104,8"/><T64/><D133/><N who="1" m="51275" /><E77/><V124/><F134/><W129/><G104/><T110/><D75/><U58/><E40/><V50/><F0/><W91/><G108/><N who="0" m="41515" /><D119/><U21/><E35/><V56/><F124/><W38/><G91/><T51/><D51/><N who="1" m="31007" /><E113/><V27/><F73/><W122/><G55/><T112/><D112/><U82/><E82/><V90/><F65/><W92/><G92/><N who="0" m="58439" /><D103/><U66/><E21/><V107/><F107/><W97/><G97/><T17/><D5/><U86/><E86/><V24/><F99/><W68/><G20/><AGARI ba="0,0" hai="10,11,14,17,20,60,64,69" m="58439,41515" machi="20" ten="30,2900,0" yaku="14,1,10,1" doraHai="114" who="0" fromWho="3" sc="250,29,250,0,250,0,250,-29" /><INIT seed="0,1,0,5,2,40" ten="279,250,250,221" oya="0" hai0="119,86,65,2,7,27,32,108,0,129,53,51,111" hai1="38,80,62,11,105,70,87,93,116,20,75,60,18" hai2="49,36,112,135,56,52,134,68,95,117,44,115,127" hai3="102,92,91,5,121,122,104,98,6,58,29,83,88"/><T125/><D119/><U71/><E116/><V37/><F127/><W74/><G29/><N who="0" m="19519" /><D7/><U28/><E105/><V66/><F95/><W23/><G23/><T9/><D9/><U14/><E38/><N who="2" m="14955" /><F117/><W110/><G58/><T99/><D125/><U42/><E42/><N who="2" m="24727" /><F66/><W77/><G110/><N who="0" m="42027" /><D129/><U94/><E75/><V50/><F68/><W109/><G109/><T19/><D19/><U59/><E70/><V43/><F43/><W113/><G113/><AGARI ba="1,0" hai="50,52,56,112,113,115,134,135" m="24727,14955" machi="113" ten="30,7700,0" yaku="34,2,52,1,54,1" doraHai="40" who="2" fromWho="3" sc="279,0,250,0,250,80,221,-80" /><INIT seed="1,0,0,5,5,85" ten="279,250,330,141" oya="1" hai0="74,134,105,44,51,112,17,15,16,37,7,3,127" hai1="4,66,107,124,126,35,23,57,59,78,32,31,47" hai2="101,62,118,65,72,82,52,129,83,115,86,19,10" hai3="84,117,92,111,104,123,33,42,120,113,87,26,109"/><U95/><E107/><V121/><F118/><W36/><G36/><T116/><D116/><U24/><E78/><V8/><F121/><W69/><G117/><T90/><D112/><U114/><E114/><V79/><F115/><W25/><G113/><T22/><D74/><U93/><E4/><V12/><F129/><W60/><G42/><T48/><D105/><U61/><E47/><V13/><F101/><W68/><G104/><T27/><D134/><U46/><E46/><V122/><F122/><W6/><G92/><N who="1" m="35402" /><E59/><N who="2" m="35175" /><F65/><W21/><G21/><T64/><D64/><U103/><E103/><V1/><F1/><W100/><G60/><T29/><D127/><AGARI ba="0,0" hai="23,24,31,32,35,57,61,66,124,126,127" m="35402" machi="127" ten="30,1500,0" yaku="18,1" doraHai="85" who="1" fromWho="0" sc="279,-15,250,15,330,0,141,0" /><INIT seed="1,1,0,1,5,111" ten="264,265,330,141" oya="1" hai0="21,69,98,10,46,120,54,104,4,61,26,50,27" hai1="115,99,85,94,56,89,93,122,95,1,87,23,49" hai2="52,30,42,80,112,74,97,47,134,86,110,32,106" hai3="58,128,22,126,34,2,107,25,68,64,33,29,71"/><U55/><E1/><V130/><F110/><W5/><G126/><T62/><D120/><U84/><E122/><V38/><F74/><W102/><G128/><T43/><D26/><U127/><E127/><V39/><F130/><W60/><G2/><T48/><D69/><U65/><E65/><V28/><F134/><W70/><G5/><T124/><D124/><U41/><E41/><V109/><F39/><W36/><G36/><T59/><D98/><U83/><E115/><V114/><F109/><W12/><G12/><T88/><D88/><U118/><E118/><V113/><F52/><W101/><G107/><T0/><REACH who="0" step="1"/><D104/><REACH who="0" ten="254,265,330,141" step="2"/><U108/><E108/><V90/><F32/><W8/><G102/><AGARI ba="1,1" hai="28,30,38,42,47,80,86,90,97,102,106,112,113,114" machi="102" ten="40,8000,1" yaku="11,1,52,3" doraHai="111" who="2" fromWho="3" sc="254,0,265,0,330,93,141,-83" /><INIT seed="2,0,0,2,1,132" ten="254,265,423,58" oya="2" hai0="46,55,80,74,113,82,60,29,116,120,134,95,93" hai1="49,70,123,81,65,71,42,39,118,62,105,98,37" hai2="4,69,16,24,131,128,100,14,66,73,18,94,103" hai3="6,89,53,51,68,63,121,32,84,47,30,85,83"/><V45/><F73/><W2/><G121/><T124/><D120/><U7/><E123/><V125/><F45/><W135/><G135/><T33/><D134/><U130/><E7/><V61/><F4/><W101/><G2/><T107/><D107/><U122/><E122/><V15/><F24/><W88/><G6/><T77/><D113/><U119/><E81/><V76/><F76/><W110/><G110/><T99/><D82/><U38/><E105/><V41/><F41/><W25/><G101/><T12/><D116/><U9/><E9/><V48/><F48/><W5/><G5/><T20/><D33/><U34/><E98/><V86/><F103/><W17/><G17/><T54/><D95/><U108/><E34/><V115/><F115/><W133/><G133/><T27/><D12/><N who="2" m="4650" /><F125/><W13/><G13/><T102/><D124/><U0/><E0/><V57/><F69/><W36/><G36/><T129/><D129/><N who="2" m="49738" /><F100/><W40/><G68/><T72/><D72/><U58/><E130/><V96/><F96/><W10/><G10/><T19/><D19/><U91/><E71/><V22/><F22/><W78/><G85/><T112/><D112/><U114/><E114/><V44/><F44/><W117/><G117/><N who="1" m="44554" /><E91/><AGARI ba="0,0" hai="16,18,57,61,66,86,91,94" m="49738,4650" machi="91" ten="30,2900,0" yaku="19,1,54,1" doraHai="132" who="2" fromWho="1" sc="254,0,265,-29,423,29,58,0" /><INIT seed="2,1,0,5,4,37" ten="254,236,452,58" oya="2" hai0="83,63,69,24,101,35,48,98,132,12,78,84,40" hai1="18,65,31,73,71,121,119,117,133,22,6,94,103" hai2="129,126,114,127,55,32,60,25,61,118,77,134,54" hai3="128,92,97,2,79,57,107,17,42,86,130,56,3"/><V43/><F118/><W4/><G107/><T90/><D132/><U112/><E73/><V74/><F134/><W26/><G79/><T72/><D12/><U59/><E133/><V27/><F114/><W106/><G106/><T20/><D35/><U89/><E71/><V52/><F129/><W23/><G86/><T113/><D113/><U38/><E121/><V16/><F32/><W87/><G87/><T75/><D69/><U34/><E38/><V53/><F43/><W76/><G76/><T9/><D9/><U7/><E103/><V68/><N who="2" m="13312" /><DORA hai="8" /><V125/><F68/><W111/><G111/><T29/><D63/><N who="2" m="24138" /><F16/><W99/><G42/><T88/><D75/><U19/><E19/><V41/><F41/><W85/><G128/><T50/><D72/><U105/><E18/><V124/><F124/><W14/><G130/><T64/><D64/><U115/><E65/><V10/><F10/><N who="3" m="4423" /><G3/><T47/><REACH who="0" step="1"/><D50/><REACH who="0" ten="244,236,452,58" step="2"/><U28/><E112/><V93/><F127/><W122/><G2/><T39/><D39/><U33/><E115/><V131/><F131/><W67/><G67/><T62/><D62/><U58/><E22/><V36/><F36/><W66/><G66/><T5/><D5/><U46/><E6/><V80/><F126/><W120/><G120/><T11/><D11/><U30/><E7/><V108/><F125/><W13/><G122/><T45/><D45/><U123/><E46/><V110/><F108/><W96/><G13/><T44/><D44/><U91/><E123/><V49/><F110/><W21/><G21/><T70/><D70/><U135/><E135/><RYUUKYOKU ba="1,1" sc="244,15,236,-15,452,-15,58,15" hai0="20,24,29,40,47,48,78,83,84,88,90,98,101" hai3="17,23,26,56,57,85,92,96,97,99" /><INIT seed="3,2,1,4,5,30" ten="259,221,437,73" oya="3" hai0="17,37,55,24,52,25,105,132,22,40,90,65,12" hai1="32,69,34,35,77,61,57,111,101,29,64,130,44" hai2="6,128,8,116,102,113,108,48,112,85,59,73,97" hai3="28,5,21,42,46,122,10,78,70,103,41,120,121"/><W135/><G70/><T80/><D105/><U51/><E130/><V3/><F116/><W106/><G135/><T76/><D132/><U129/><E129/><V50/><F73/><W13/><G78/><T2/><D2/><U20/><E111/><V79/><F128/><W96/><G46/><T88/><D65/><U47/><E77/><V99/><F108/><W53/><G53/><N who="0" m="20555" /><D37/><U19/><E101/><V26/><F59/><W27/><AGARI ba="2,1" hai="5,10,13,21,27,28,41,42,96,103,106,120,121,122" machi="27" ten="40,2100,0" yaku="0,1" doraHai="30" who="3" fromWho="3" sc="259,-9,221,-9,437,-9,73,37" /><INIT seed="3,3,0,0,4,117" ten="250,212,428,110" oya="3" hai0="107,115,36,104,98,72,76,125,13,67,51,15,123" hai1="94,25,64,60,33,44,116,109,130,88,45,93,73" hai2="57,133,89,100,70,39,38,80,50,20,99,71,35" hai3="118,0,10,29,24,28,84,8,49,87,114,5,68"/><W59/><G118/><T18/><D36/><U62/><E116/><V7/><F35/><W12/><G114/><T58/><D125/><U85/><E109/><V43/><F7/><W101/><G68/><T17/><D115/><U32/><E130/><V19/><F133/><W102/><G29/><T127/><D127/><U86/><E73/><V46/><F39/><W91/><G84/><T108/><D108/><U52/><E25/><V21/><F21/><W110/><G110/><T9/><D123/><U79/><E79/><V37/><F37/><W74/><G74/><T111/><D111/><U2/><E2/><V34/><F34/><W41/><G59/><T1/><D1/><U90/><REACH who="1" step="1"/><E52/><REACH who="1" ten="250,202,428,110" step="2"/><V106/><F38/><W30/><G49/><T61/><D51/><U40/><E40/><V121/><F57/><W63/><G41/><T131/><D131/><U135/><E135/><V3/><F3/><W134/><G134/><T69/><D58/><U128/><E128/><V26/><F71/><W48/><G48/><T97/><D76/><U95/><E95/><V113/><F70/><W16/><G63/><T92/><D72/><U78/><E78/><V31/><F113/><W66/><G66/><AGARI ba="3,1" hai="32,33,44,45,60,62,64,66,85,86,88,90,93,94" machi="66" ten="25,6400,0" yaku="1,1,22,2,54,1,53,0" doraHai="117" doraHaiUra="112" who="1" fromWho="3" sc="250,0,202,83,428,0,110,-73" /><INIT seed="4,0,0,5,1,10" ten="250,285,428,37" oya="0" hai0="4,89,98,41,1,101,51,43,5,79,105,131,127" hai1="108,61,57,46,13,133,134,42,16,107,122,39,84" hai2="47,118,64,121,73,38,103,71,35,14,54,3,44" hai3="78,92,8,63,81,25,60,87,76,58,19,106,11"/><T65/><D131/><U93/><E122/><V128/><F121/><W52/><G106/><T90/><D127/><U123/><E123/><V75/><F35/><W116/><G116/><T27/><D79/><U53/><E107/><V15/><F103/><W125/><G125/><T113/><D113/><U129/><E129/><V17/><F128/><W30/><G78/><T94/><D65/><U68/><E68/><V22/><F3/><W77/><G77/><T74/><D74/><U6/><E6/><N who="0" m="2665" /><D1/><U102/><E108/><V120/><F120/><W96/><G63/><T0/><D0/><U49/><E84/><V124/><F118/><W50/><G50/><T97/><D105/><U72/><E72/><V7/><F64/><W109/><G109/><T111/><D111/><U29/><E29/><V34/><F73/><W48/><G48/><T32/><D32/><U2/><E2/><V110/><F34/><W36/><G36/><T69/><D69/><U40/><E39/><V67/><F38/><W95/><G30/><T104/><D104/><U24/><E24/><V18/><F71/><W88/><G95/><N who="0" m="56559" /><D27/><U28/><E28/><V91/><F75/><W82/><G82/><T37/><D37/><U56/><E93/><V126/><F110/><W70/><G70/><T99/><D51/><U21/><E102/><V114/><F114/><W85/><G85/><N who="0" m="52559" /><D101/><U31/><E31/><V66/><F126/><W83/><G83/><T59/><D59/><N who="1" m="35055" /><E42/><AGARI ba="0,0" hai="41,42,43,98,99" m="52559,56559,2665" machi="42" ten="30,1500,0" yaku="8,1" doraHai="10" who="0" fromWho="1" sc="250,15,285,-15,428,0,37,0" /><INIT seed="4,1,0,5,0,107" ten="265,270,428,37" oya="0" hai0="83,25,70,58,125,100,80,78,13,81,26,131,130" hai1="33,17,53,108,54,126,28,132,48,8,101,7,110" hai2="122,121,89,119,69,64,1,75,21,134,32,97,57" hai3="120,19,60,82,65,111,49,3,102,90,30,29,66"/><T5/><D70/><U99/><E126/><V10/><F32/><W36/><G36/><T115/><D115/><U23/><E132/><V73/><F69/><W105/><G120/><T135/><D125/><U96/><E33/><V15/><F134/><W77/><G111/><T50/><D100/><U118/><E28/><V113/><F113/><W91/><G3/><T123/><D123/><U55/><E48/><V51/><F1/><W94/><G66/><T63/><D50/><U56/><E56/><V87/><F21/><W79/><G79/><T14/><D78/><U67/><E67/><V4/><F97/><W41/><G105/><T47/><D47/><U103/><E118/><V124/><F124/><W133/><G133/><T114/><D114/><U112/><E112/><V43/><F119/><W35/><G102/><T117/><D117/><U39/><E103/><V27/><F27/><N who="0" m="10250" /><D5/><U93/><E99/><V72/><F64/><W68/><G35/><T106/><D106/><U22/><E39/><V2/><F2/><W61/><G61/><T74/><D74/><U24/><REACH who="1" step="1"/><E22/><REACH who="1" ten="265,260,428,37" step="2"/><V59/><F57/><W116/><G116/><T9/><D135/><U128/><E128/><N who="0" m="49193" /><D9/><U44/><E44/><V0/><F59/><W86/><G49/><T62/><D58/><U42/><E42/><V31/><F31/><W92/><G41/><T38/><D38/><U12/><AGARI ba="1,1" hai="7,8,12,17,23,24,53,54,55,93,96,101,108,110" machi="12" ten="30,2000,0" yaku="1,1,0,1,53,0" doraHai="107" doraHaiUra="71" who="1" fromWho="1" sc="265,-11,260,33,428,-6,37,-6" /><INIT seed="5,0,0,3,3,103" ten="254,293,422,31" oya="1" hai0="60,28,80,107,117,99,86,82,125,62,35,113,114" hai1="55,18,104,71,20,88,57,15,16,116,81,48,118" hai2="132,97,126,111,25,42,22,13,68,72,64,109,73" hai3="129,61,131,7,19,14,43,30,100,90,121,4,56"/><U41/><E71/><V6/><F73/><W119/><G121/><T59/><D117/><U69/><E69/><V77/><F42/><W96/><G119/><T50/><D125/><U24/><E41/><V33/><F33/><W133/><G133/><T66/><D50/><U127/><E127/><V122/><F122/><W74/><G74/><T115/><D60/><U29/><E18/><V92/><F132/><W67/><G90/><T34/><D28/><U8/><E104/><V38/><F38/><W17/><G17/><T51/><D51/><U2/><E2/><V85/><F72/><W112/><G112/><T130/><D130/><U5/><E5/><V26/><F126/><W89/><G89/><N who="0" m="51399" /><D82/><U32/><E32/><N who="0" m="12329" /><D99/><U36/><REACH who="1" step="1"/><E36/><REACH who="1" ten="254,283,422,31" step="2"/><V91/><F6/><W23/><G43/><T101/><D107/><U87/><AGARI ba="0,1" hai="8,15,16,20,24,29,48,55,57,81,87,88,116,118" machi="87" ten="30,18000,2" yaku="1,1,2,1,0,1,54,2,53,1" doraHai="103" doraHaiUra="9" who="1" fromWho="1" sc="254,-60,283,190,422,-60,31,-60" owari="194,-20.6,473,57.3,362,16.2,-29,-52.9" /></mjloggm>