<mjloggm ver="2.3"><GO type="169" lobby="0"/><UN n0="%E3%81%AB%E3%81%A3%E3%81%A1%E3%82%87" n1="%59%75%49%74%6F" n2="%74%61%6B%65%2D%79%6F%75" n3="%E4%B9%85%E4%BF%9D%E3%82%B7%E3%82%AA%E3%83%AA" dan="17,16,16,16" rate="2216.39,2052.80,2144.45,2026.83" sx="M,M,M,M"/><TAIKYOKU oya="0"/><INIT seed="0,0,0,3,5,111" ten="250,250,250,250" oya="0" hai0="14,67,36,20,79,6,78,39,58,25,52,27,12" hai1="0,21,26,1,73,102,103,118,96,129,127,23,125" hai2="57,28,68,70,49,11,132,107,45,24,42,91,115" hai3="83,50,16,37,80,84,135,64,130,35,18,2,59"/><T8/><D67/><U93/><E118/><V123/><F123/><W43/><G35/><T46/><D39/><U106/><E129/><V44/><F107/><W22/><G2/><T92/><D46/><U30/><E73/><V116/><F132/><W87/><G135/><T5/><D36/><U7/><E23/><V85/><F116/><W133/><G133/><T88/><D14/><U97/><REACH who="1" step="1"/><E7/><REACH who="1" ten="250,240,250,250" step="2"/><V74/><F74/><W4/><G4/><T34/><D6/><U62/><E62/><V54/><F11/><W10/><G10/><T72/><D34/><U108/><E108/><V75/><F75/><W40/><G130/><T61/><D72/><U124/><AGARI ba="0,1" hai="0,1,21,26,30,93,96,97,102,103,106,124,125,127" machi="124" ten="30,4000,0" yaku="1,1,0,1,18,1,53,0" doraHai="111" doraHaiUra="38" who="1" fromWho="1" sc="250,-20,240,50,250,-10,250,-10" /><INIT seed="1,0,0,3,2,52" ten="230,290,240,240" oya="1" hai0="102,135,46,4,5,67,90,53,119,78,99,36,35" hai1="54,127,111,75,55,42,124,89,86,77,38,56,96" hai2="23,98,34,103,117,97,113,70,33,93,48,83,69" hai3="18,11,63,85,15,121,25,32,94,131,129,79,0"/><U71/><E71/><V82/><F117/><W37/><G121/><T57/><D78/><U110/><E96/><V39/><F39/><W123/><G123/><T120/><D120/><U65/><E77/><V31/><F113/><W66/><G37/><T106/><D135/><U101/><E101/><V27/><F48/><W47/><G47/><T60/><D119/><U44/><E75/><V8/><F8/><W73/><G73/><T133/><D133/><U21/><E21/><V91/><F82/><W51/><G51/><T132/><D35/><U2/><E2/><V9/><F9/><W59/><G0/><T112/><D112/><U43/><E43/><V114/><F114/><W28/><REACH who="3" step="1"/><G94/><REACH who="3" ten="230,290,240,230" step="2"/><T29/><D132/><U16/><E65/><V100/><F93/><W40/><G40/><T116/><D116/><U107/><E107/><V20/><F69/><W115/><G115/><T88/><D67/><U81/><E55/><V125/><F70/><W126/><G126/><N who="1" m="48170" /><E16/><V14/><F125/><W122/><G122/><T109/><D36/><U74/><E74/><V92/><F92/><W24/><G24/><T1/><D106/><U61/><AGARI ba="0,1" hai="38,42,44,54,56,61,81,86,89,110,111" m="48170" machi="61" ten="30,3000,0" yaku="18,1,52,1" doraHai="52" who="1" fromWho="1" sc="230,-10,290,40,240,-10,230,-10" /><INIT seed="1,1,0,1,0,55" ten="220,330,230,220" oya="1" hai0="17,65,34,89,110,27,19,100,122,1,104,22,36" hai1="77,87,94,73,37,135,52,5,92,109,76,42,54" hai2="119,107,96,21,24,58,25,90,38,23,126,26,75" hai3="59,111,116,10,20,88,49,101,84,120,95,13,103"/><U115/><E115/><V81/><F119/><W123/><G116/><T51/><D36/><U46/><E135/><V83/><F38/><W40/><G111/><T68/><D1/><U124/><E124/><V106/><F126/><W105/><G105/><T130/><D110/><U44/><E109/><V127/><F127/><W56/><G120/><T67/><D122/><U6/><E73/><V57/><F96/><W43/><G20/><N who="2" m="7753" /><F90/><W78/><G78/><T79/><D79/><U86/><E37/><V3/><F3/><W133/><G133/><T63/><D89/><U128/><REACH who="1" step="1"/><E42/><REACH who="1" ten="220,320,230,220" step="2"/><N who="3" m="15914" /><G123/><T12/><D130/><AGARI ba="1,1" hai="5,6,44,46,52,54,76,77,86,87,92,94,128,130" machi="130" ten="25,18000,2" yaku="1,1,22,2,54,1,53,2" doraHai="55" doraHaiUra="72" who="1" fromWho="0" sc="220,-183,320,193,230,0,220,0" /><INIT seed="1,2,0,3,1,4" ten="37,513,230,220" oya="1" hai0="39,113,56,54,0,58,110,42,101,26,49,72,80" hai1="36,25,59,84,15,122,21,88,123,105,20,35,53" hai2="92,79,28,8,127,83,24,77,45,75,44,1,65" hai3="133,116,78,57,125,90,103,100,47,120,66,95,11"/><U19/><E36/><V98/><F79/><W71/><G120/><T106/><D113/><U129/><E105/><V121/><F127/><W135/><G71/><T7/><D110/><U40/><E40/><V51/><F65/><W30/><G30/><T33/><D58/><U96/><E35/><V104/><F104/><W97/><G47/><T68/><D68/><U62/><E129/><V131/><F121/><W119/><G11/><T112/><D112/><U64/><E64/><V34/><F51/><W114/><G57/><T93/><D106/><U6/><E96/><V126/><F126/><W118/><G66/><T32/><D93/><U31/><REACH who="1" step="1"/><E6/><REACH who="1" ten="37,503,230,220" step="2"/><V3/><F131/><W48/><G114/><T12/><D42/><U13/><E13/><V63/><F1/><W60/><G125/><T115/><D0/><U111/><E111/><V29/><F3/><W128/><G128/><T22/><D39/><U27/><E27/><V117/><F24/><W16/><G97/><T41/><D41/><U52/><E52/><V17/><F98/><W82/><G118/><T14/><D115/><U76/><E76/><V10/><F77/><W134/><G119/><T9/><D14/><U85/><E85/><V91/><F34/><W69/><G116/><T94/><D33/><U73/><E73/><V67/><F75/><W55/><G55/><T107/><D32/><U50/><E50/><V109/><F67/><W87/><G48/><T61/><D49/><U81/><AGARI ba="2,1" hai="15,19,20,21,25,31,53,59,62,81,84,88,122,123" machi="81" ten="20,7800,0" yaku="1,1,0,1,7,1,54,1,53,0" doraHai="4" doraHaiUra="38" who="1" fromWho="1" sc="37,-28,503,94,230,-28,220,-28" /><INIT seed="1,3,0,3,2,118" ten="9,597,202,192" oya="1" hai0="97,11,94,76,66,82,18,34,41,25,2,19,59" hai1="61,16,105,110,23,68,75,89,42,64,56,52,79" hai2="26,60,116,27,54,58,93,48,49,47,135,31,28" hai3="78,17,40,46,21,69,4,53,113,15,67,100,77"/><U88/><E105/><V44/><F116/><W127/><G113/><T106/><D106/><U86/><E42/><V114/><F135/><W57/><G127/><T29/><D41/><U22/><E22/><V102/><F114/><W70/><G100/><T6/><D59/><N who="1" m="36927" /><E75/><V99/><F28/><W24/><G4/><T98/><D66/><U134/><E110/><V81/><F81/><W43/><G24/><T122/><D98/><U32/><E32/><V115/><F115/><W109/><G109/><T124/><D122/><U90/><E68/><V65/><F31/><W80/><G40/><AGARI ba="3,0" hai="26,27,40,44,47,48,49,54,58,60,65,93,99,102" machi="40" ten="30,2000,0" yaku="7,1,8,1" doraHai="118" who="2" fromWho="3" sc="9,0,597,0,202,29,192,-29" /><INIT seed="2,0,0,4,5,33" ten="9,597,231,163" oya="2" hai0="122,73,83,40,81,130,50,49,35,131,8,7,105" hai1="100,132,57,58,2,134,5,78,117,11,39,112,30" hai2="16,113,76,14,118,75,106,65,19,124,25,111,64" hai3="53,127,93,115,80,72,6,85,98,104,120,135,95"/><V24/><F113/><W84/><G120/><T42/><D105/><U108/><E117/><V36/><F118/><W13/><G115/><T44/><D35/><U38/><E112/><V114/><F114/><W101/><G6/><T110/><D110/><U125/><E108/><V9/><F111/><W119/><G13/><T87/><D122/><U27/><E125/><V21/><F36/><W71/><G53/><T56/><D73/><U10/><E10/><V133/><F106/><W128/><G71/><T61/><D50/><U91/><E100/><V90/><F133/><N who="1" m="51305" /><E78/><V79/><F124/><W94/><G135/><T59/><D42/><U18/><E18/><V129/><F129/><N who="0" m="49162" /><D61/><U77/><E91/><V52/><F90/><W67/><G128/><T102/><D102/><U0/><E77/><V123/><F123/><W12/><G127/><T47/><D47/><U48/><E2/><V3/><F79/><W54/><G72/><T96/><D96/><U97/><E97/><V99/><F99/><W26/><G119/><T88/><D83/><U32/><E48/><V22/><F76/><W20/><G101/><T109/><D109/><U116/><E116/><V66/><F75/><W4/><G104/><T89/><D89/><U1/><E1/><AGARI ba="0,0" hai="1,7,8,40,44,49,56,59,81,87,88" m="49162" machi="1" ten="30,3900,0" yaku="19,1,52,1,54,1" doraHai="33" who="0" fromWho="1" sc="9,39,597,-39,231,0,163,0" /><INIT seed="3,0,0,3,5,110" ten="48,558,231,163" oya="3" hai0="113,7,75,89,126,68,91,31,95,74,18,61,10" hai1="97,58,11,72,33,103,45,1,64,42,4,94,96" hai2="16,84,47,24,43,59,21,101,124,69,57,121,20" hai3="122,109,82,134,49,131,104,65,13,36,132,41,98"/><W108/><G122/><T15/><D126/><U105/><E33/><V99/><F69/><W19/><G36/><T40/><D31/><U6/><E6/><V12/><F84/><W76/><G65/><T120/><D40/><U106/><E72/><V86/><F86/><W107/><G49/><T37/><D37/><U28/><E28/><V55/><F55/><W23/><G41/><T85/><D120/><U62/><REACH who="1" step="1"/><E97/><REACH who="1" ten="48,548,231,163" step="2"/><V130/><F121/><W73/><G131/><T44/><D75/><U129/><E129/><V56/><F130/><W48/><G98/><T127/><D74/><U66/><E66/><V54/><F99/><W135/><REACH who="3" step="1"/><G48/><AGARI ba="0,1" hai="1,4,11,42,45,48,58,62,64,94,96,103,105,106" machi="48" ten="30,2000,0" yaku="1,1,7,1,53,0" doraHai="110" doraHaiUra="22" who="1" fromWho="3" sc="48,0,548,30,231,0,163,-20" /><INIT seed="4,0,0,2,3,111" ten="48,578,231,143" oya="0" hai0="87,83,62,16,34,60,70,52,129,89,54,12,64" hai1="17,117,122,67,53,36,100,40,3,103,15,92,24" hai2="43,73,50,39,8,113,22,55,20,42,61,18,126" hai3="96,65,1,11,37,116,127,134,85,10,48,120,123"/><T106/><D129/><U59/><E117/><V97/><F73/><W74/><G74/><T101/><D34/><U5/><E67/><V77/><F126/><W33/><G37/><T82/><D62/><U98/><E3/><V88/><F77/><W56/><G116/><T45/><D101/><U109/><E36/><V31/><F39/><W29/><G127/><T76/><D106/><U124/><E40/><N who="2" m="15403" /><F61/><W7/><G134/><T78/><D45/><U79/><E79/><V107/><F31/><W99/><G11/><T84/><D89/><U51/><E122/><V2/><F2/><W115/><G96/><T95/><D95/><U119/><E109/><V58/><F107/><W47/><G99/><T21/><AGARI ba="0,0" hai="12,16,21,52,54,60,64,70,76,78,82,83,84,87" machi="21" ten="20,12000,1" yaku="0,1,7,1,9,1,54,2" doraHai="111" who="0" fromWho="0" sc="48,120,578,-40,231,-40,143,-40" /><INIT seed="4,1,0,0,3,95" ten="168,538,191,103" oya="0" hai0="118,72,117,48,5,120,111,61,112,106,133,114,103" hai1="96,39,34,127,75,55,70,76,107,101,18,79,52" hai2="12,78,25,2,38,109,124,7,128,16,11,0,102" hai3="33,51,130,20,57,62,129,27,92,83,91,93,135"/><T131/><D48/><U105/><E39/><V115/><F38/><W125/><G125/><T69/><D5/><U50/><E70/><V22/><F78/><W68/><G135/><T82/><D61/><U36/><E36/><V123/><F102/><W6/><G68/><T77/><D69/><U56/><E34/><V35/><F123/><W30/><G33/><T108/><D131/><U44/><E107/><V66/><F66/><W84/><G6/><T67/><D67/><U8/><E75/><V98/><F98/><W28/><G28/><T63/><D63/><U73/><E73/><V81/><F81/><W41/><G130/><T54/><D54/><U32/><E32/><V37/><F37/><W19/><G129/><T46/><D46/><U71/><E71/><V47/><F47/><W74/><G74/><T86/><D133/><U119/><E119/><N who="0" m="45577" /><D86/><U87/><E87/><V24/><F128/><W134/><G134/><T60/><D60/><U15/><E127/><V53/><F124/><W13/><G51/><AGARI ba="1,0" hai="8,15,18,44,50,51,52,55,56,76,79,96,101,105" machi="51" ten="30,3900,0" yaku="7,1,52,1,54,1" doraHai="95" who="1" fromWho="3" sc="168,0,538,42,191,0,103,-42" /><INIT seed="5,0,0,0,4,79" ten="168,580,191,61" oya="1" hai0="27,85,48,117,57,1,40,135,126,21,63,65,15" hai1="19,17,5,62,9,53,105,133,42,10,124,52,108" hai2="72,69,76,7,39,14,41,130,119,28,4,109,93" hai3="91,54,92,37,74,6,44,96,104,95,43,123,98"/><U111/><E124/><V22/><F119/><W127/><G127/><T113/><D1/><U23/><E105/><V0/><F69/><W89/><G104/><T132/><D126/><U116/><E116/><V86/><F109/><N who="1" m="42057" /><E133/><V64/><F64/><W31/><G123/><T114/><D15/><N who="1" m="7407" /><E42/><V59/><F41/><W112/><G112/><N who="0" m="43115" /><D117/><U16/><E62/><V11/><F0/><W122/><G122/><T26/><D48/><U80/><E80/><V13/><F39/><W120/><G120/><T118/><D40/><U20/><E20/><V106/><F22/><W100/><G74/><T30/><D118/><U134/><E134/><V3/><F72/><W61/><G6/><T75/><D75/><U67/><E67/><V32/><F4/><W121/><G121/><T38/><D38/><U125/><E125/><V34/><F7/><W77/><G100/><T49/><D49/><U99/><E99/><V97/><F97/><W103/><G103/><T36/><D36/><U25/><E19/><V70/><F3/><AGARI ba="0,0" hai="3,5,10,16,23,25,52,53" m="7407,42057" machi="3" ten="30,5800,0" yaku="10,1,54,2" doraHai="79" who="1" fromWho="2" sc="168,0,580,58,191,-58,61,0" /><INIT seed="5,1,0,3,1,43" ten="168,638,133,61" oya="1" hai0="56,123,110,41,132,5,49,24,104,135,51,90,94" hai1="18,23,99,120,109,34,36,57,20,63,58,32,65" hai2="3,112,115,69,127,6,100,68,46,105,19,92,54" hai3="103,86,125,84,83,79,44,1,9,80,126,73,29"/><U72/><E120/><V50/><F105/><W108/><G108/><T88/><D104/><U25/><E72/><V61/><F19/><W66/><G66/><T71/><D71/><U21/><E36/><V121/><F121/><W2/><G29/><T70/><D70/><U78/><E78/><V101/><F127/><N who="3" m="48651" /><G103/><N who="2" m="39497" /><F92/><W93/><G93/><T39/><D123/><U97/><E109/><V45/><F61/><W113/><G113/><N who="2" m="43593" /><F6/><N who="3" m="1231" /><G2/><T64/><D110/><U38/><E38/><V4/><F4/><W129/><G129/><T55/><D39/><U60/><E34/><V91/><F3/><W53/><G83/><T27/><D5/><U98/><REACH who="1" step="1"/><E32/><REACH who="1" ten="168,628,133,61" step="2"/><V52/><F91/><W89/><G89/><T130/><D90/><U133/><E133/><V42/><F54/><AGARI ba="1,1" hai="18,20,21,23,25,54,57,58,60,63,65,97,98,99" machi="54" ten="40,3900,0" yaku="1,1,8,1,53,0" doraHai="43" doraHaiUra="11" who="1" fromWho="2" sc="168,0,628,52,133,-42,61,0" /><INIT seed="5,2,0,1,3,44" ten="168,680,91,61" oya="1" hai0="135,36,3,0,87,53,42,130,30,54,35,57,110" hai1="19,90,45,81,68,119,112,91,32,24,39,29,67" hai2="97,55,122,79,117,70,14,34,61,109,64,101,47" hai3="82,123,102,51,114,94,75,106,125,49,127,84,12"/><U83/><E119/><V131/><F122/><W104/><G123/><T134/><D110/><U15/><E112/><V132/><F117/><W105/><G114/><T20/><D35/><U46/><E67/><V5/><F109/><W56/><G75/><T96/><D130/><U23/><E68/><V128/><F79/><W89/><G56/><T26/><D54/><U33/><E39/><V27/><F5/><W95/><G12/><T92/><D87/><U66/><E66/><V108/><F14/><W9/><G9/><T126/><D42/><U120/><E120/><V78/><F78/><W6/><G6/><T71/><D36/><U58/><E58/><V1/><F1/><W86/><G102/><N who="0" m="60679" /><D126/><N who="3" m="48137" /><G95/><T62/><D71/><U8/><E33/><V111/><F111/><W11/><G11/><T7/><D7/><U17/><E32/><V133/><F108/><W80/><G80/><N who="1" m="30794" /><E29/><V73/><F73/><W28/><G28/><T93/><D93/><U115/><E115/><V40/><F34/><W116/><G116/><T2/><D2/><U43/><E43/><V76/><F40/><W37/><G37/><T52/><D53/><U48/><E46/><V129/><F76/><AGARI ba="2,0" hai="49,51,76,82,84,86,89,94,104,105,106" m="48137" machi="76" ten="40,5200,0" yaku="18,1,52,2" doraHai="44" who="3" fromWho="2" sc="168,0,680,0,91,-58,61,58" /><INIT seed="6,0,0,3,0,43" ten="168,680,33,119" oya="2" hai0="18,81,61,13,46,69,135,35,115,123,33,72,110" hai1="94,126,34,87,122,77,36,107,121,99,67,22,73" hai2="6,125,29,133,20,82,30,70,24,130,76,68,55" hai3="114,100,9,51,56,4,79,21,63,95,101,47,91"/><V8/><F130/><W59/><G114/><T14/><D110/><U57/><E34/><V128/><F128/><W80/><G21/><T92/><D123/><N who="1" m="47115" /><E36/><V5/><F133/><W64/><G56/><T25/><D92/><U124/><E107/><V27/><F125/><W66/><G66/><T85/><D72/><U104/><E104/><V26/><F55/><W111/><G111/><T32/><D14/><U49/><E73/><V58/><F58/><W74/><G91/><T10/><D46/><U105/><E22/><V131/><F131/><W120/><G95/><T19/><D19/><U119/><E105/><V108/><F108/><W102/><G102/><T23/><D115/><U98/><E98/><V78/><F26/><W2/><G120/><T96/><D96/><U12/><E12/><V116/><F116/><W40/><AGARI ba="0,0" hai="2,4,9,40,47,51,59,63,64,74,79,80,100,101" machi="40" ten="20,2700,0" yaku="0,1,7,1,52,1" doraHai="43" who="3" fromWho="3" sc="168,-7,680,-7,33,-13,119,27" /><INIT seed="7,0,0,5,4,64" ten="161,673,20,146" oya="3" hai0="1,79,14,70,38,113,125,4,15,128,61,81,66" hai1="76,121,132,42,54,49,43,92,75,133,129,30,22" hai2="73,39,58,52,51,56,124,102,21,7,6,31,29" hai3="98,3,9,108,18,33,122,126,68,119,8,78,104"/><W94/><G122/><T95/><D128/><U130/><E121/><V116/><F116/><W84/><G119/><T13/><D125/><U55/><E92/><V88/><F124/><W103/><G126/><T69/><D113/><U12/><E76/><V44/><F73/><W117/><G117/><T100/><D38/><U135/><E75/><V35/><F35/><W57/><G33/><T25/><D25/><N who="1" m="16695" /><E12/><V16/><F102/><W17/><G68/><T131/><D131/><N who="1" m="50187" /><E54/><V34/><F34/><W107/><G108/><T53/><D53/><U60/><E60/><V89/><F31/><W80/><G57/><AGARI ba="0,0" hai="42,43,49,55,57,132,133,135" m="50187,16695" machi="57" ten="40,2600,0" yaku="20,1,19,1" doraHai="64" who="1" fromWho="3" sc="161,0,673,26,20,0,146,-26" owari="161,-3.9,699,79.9,20,-48.0,120,-28.0" /></mjloggm>