<mjloggm ver="2.3"><GO type="169" lobby="0"/><UN n0="%E3%82%BF%E3%83%9E%E3%83%8D%E3%82%AE" n1="%E6%9C%AA%E6%9D%A5%E5%B0%91%E5%B9%B4" n2="%74%61%6B%75%61%6B%61" n3="%6B%E3%81%AE" dan="17,16,16,17" rate="2198.16,2160.78,2174.54,2223.66" sx="M,F,M,M"/><TAIKYOKU oya="0"/><INIT seed="0,0,0,1,5,52" ten="250,250,250,250" oya="0" hai0="1,21,24,72,0,94,55,54,105,36,69,12,86" hai1="109,11,102,47,3,125,80,29,65,4,78,88,96" hai2="9,114,16,53,121,15,85,75,42,92,44,77,39" hai3="131,20,99,133,33,93,91,45,82,70,95,122,14"/><T120/><D105/><U43/><E109/><V98/><F121/><W110/><G110/><T57/><D69/><U41/><E125/><V108/><F108/><W59/><G33/><T38/><D72/><U50/><E29/><V27/><F114/><W32/><G32/><T127/><D127/><U64/><E43/><V67/><F75/><W37/><G70/><T71/><D71/><U5/><E5/><V31/><F67/><W128/><G133/><T48/><D120/><U100/><E100/><V130/><F130/><N who="3" m="49707" /><G122/><T25/><D38/><U51/><E51/><V89/><F53/><W112/><G112/><T30/><D36/><U118/><E118/><V83/><F27/><W123/><G82/><T28/><D12/><U111/><E111/><V63/><F63/><W84/><G123/><T116/><D116/><U117/><E117/><V126/><F126/><W87/><G95/><T35/><REACH who="0" step="1"/><D54/><REACH who="0" ten="240,250,250,250" step="2"/><U103/><E65/><V106/><F106/><W7/><G37/><T119/><D119/><U2/><E64/><V23/><F39/><W134/><G14/><T46/><D46/><U34/><E3/><V129/><F129/><W101/><G45/><T73/><D73/><U18/><E47/><V97/><F44/><W124/><G124/><T60/><D60/><U22/><E41/><V81/><F42/><W8/><G134/><T107/><D107/><U132/><E2/><V113/><F113/><W17/><G59/><T13/><D13/><U6/><E132/><V49/><F15/><W66/><G7/><T135/><D135/><U74/><E6/><V62/><F62/><RYUUKYOKU ba="0,1" sc="240,30,250,-10,250,-10,250,-10" hai0="0,1,21,24,25,28,30,35,48,55,57,86,94" /><INIT seed="0,1,1,1,3,92" ten="270,240,240,240" oya="0" hai0="85,99,77,98,80,83,7,114,97,79,68,75,96" hai1="13,65,62,57,134,119,53,24,123,72,34,56,5" hai2="74,39,38,8,17,27,112,26,55,59,48,66,61" hai3="60,135,25,121,51,126,58,33,87,101,70,16,131"/><T81/><D68/><U52/><E119/><V49/><F74/><W109/><G109/><T94/><D7/><U22/><E123/><V127/><F112/><W31/><G131/><T105/><D114/><U113/><E113/><V21/><F127/><W122/><G126/><T86/><D105/><U36/><E36/><V130/><F130/><W132/><G87/><N who="0" m="48527" /><D83/><U12/><E72/><V133/><F133/><N who="3" m="51275" /><G101/><AGARI ba="1,1" hai="75,79,81,85,86,94,96,97,98,99,101" m="48527" machi="101" ten="30,24000,3" yaku="35,5,52,4" doraHai="92" who="0" fromWho="3" sc="270,253,240,0,240,0,240,-243" owari="523,62.3,240,4.0,240,-16.0,-3,-50.3" /></mjloggm>