<mjloggm ver="2.3"><GO type="169" lobby="0"/><UN n0="%73%61%6E%64%69%72%69%73" n1="%6B%73%77%72%74" n2="%28%E9%83%A8%E9%95%B7%29" n3="%E3%81%93%E3%81%9A" dan="17,16,16,16" rate="2174.32,2132.96,2127.62,2051.49" sx="M,M,M,M"/><TAIKYOKU oya="0"/><INIT seed="0,0,0,5,4,99" ten="250,250,250,250" oya="0" hai0="106,53,110,4,88,31,105,78,66,25,111,122,91" hai1="27,58,22,89,121,14,43,68,2,114,120,103,116" hai2="52,65,134,101,74,83,29,123,100,94,61,70,12" hai3="77,126,37,59,20,56,28,0,95,13,34,54,15"/><T49/><D122/><U112/><E2/><V51/><F123/><W55/><G37/><T113/><D113/><N who="1" m="43627" /><E68/><V36/><F36/><W45/><G126/><T38/><D38/><U117/><E43/><V1/><F1/><W129/><G34/><T7/><D78/><U23/><E58/><V119/><F134/><W93/><G45/><T3/><D66/><U133/><E89/><V8/><F29/><W21/><G77/><T85/><D106/><U60/><E60/><V46/><F119/><N who="1" m="45641" /><E103/><V9/><F9/><W118/><G0/><T18/><D105/><U26/><E133/><V73/><F94/><W128/><G118/><T81/><D91/><U44/><E44/><V84/><F73/><W104/><G28/><T11/><D7/><U64/><E64/><V57/><F74/><W87/><G104/><T107/><D107/><U30/><E14/><V102/><F70/><W86/><AGARI ba="0,0" hai="13,15,20,21,54,55,56,59,86,87,93,95,128,129" machi="86" ten="25,3200,0" yaku="0,1,22,2" doraHai="99" who="3" fromWho="3" sc="250,-16,250,-8,250,-8,250,32" /><INIT seed="1,0,0,1,2,103" ten="234,242,242,282" oya="1" hai0="112,21,53,37,93,56,126,62,7,9,33,113,54" hai1="72,10,69,110,90,23,83,34,45,60,106,73,78" hai2="99,120,128,50,8,105,85,20,35,15,97,116,87" hai3="102,125,135,123,5,86,13,66,18,30,74,67,134"/><U52/><E34/><V77/><F35/><W124/><G74/><T71/><D33/><U25/><E73/><V109/><F116/><W100/><G86/><T117/><D117/><U51/><E110/><V118/><F118/><W104/><G5/><T4/><D126/><N who="3" m="48745" /><G30/><T42/><D71/><U1/><E106/><V130/><F120/><W16/><G123/><T43/><D21/><U121/><E121/><V82/><F109/><W12/><G104/><T76/><D76/><U96/><E69/><V89/><F20/><N who="3" m="11271" /><G100/><T14/><D4/><U92/><E60/><V122/><F122/><W95/><G95/><T36/><D93/><U68/><E68/><V91/><F77/><W0/><G102/><T38/><REACH who="0" step="1"/><D54/><REACH who="0" ten="224,242,242,282" step="2"/><U88/><E10/><V48/><F105/><W26/><G0/><T61/><D61/><U127/><E127/><V79/><F79/><W131/><G131/><T133/><D133/><N who="3" m="50697" /><G26/><T39/><N who="0" m="9216" /><DORA hai="129" /><T111/><D111/><U57/><E1/><V22/><F130/><W119/><G119/><T65/><D65/><U41/><E90/><V49/><F128/><W114/><G114/><AGARI ba="0,1" hai="7,9,14,42,43,53,56,62,112,113,114" m="9216" machi="114" ten="70,8000,1" yaku="1,1,53,2" doraHai="103,129" doraHaiUra="59,58" who="0" fromWho="3" sc="224,90,242,0,242,0,282,-80" /><INIT seed="2,0,0,4,0,53" ten="314,242,242,202" oya="2" hai0="115,109,26,48,106,129,66,74,126,97,110,122,85" hai1="50,55,39,43,94,34,108,98,83,15,9,11,99" hai2="21,127,73,90,123,112,91,44,22,61,20,8,76" hai3="49,27,29,13,71,119,86,45,10,31,100,4,59"/><V68/><F112/><W32/><G119/><T6/><D6/><U46/><E108/><V23/><F127/><W67/><G71/><T42/><D74/><U63/><E34/><V77/><F123/><W133/><G133/><T69/><D85/><U104/><E104/><V38/><F73/><W132/><G132/><T47/><D115/><U96/><E83/><V88/><N who="2" m="5120" /><DORA hai="75" /><V41/><REACH who="2" step="1"/><F8/><REACH who="2" ten="314,242,232,202" step="2"/><W78/><G29/><T118/><D126/><U5/><E9/><V124/><F124/><W105/><G31/><T36/><D122/><U102/><REACH who="1" step="1"/><E63/><REACH who="1" ten="314,232,232,202" step="2"/><V130/><F130/><W37/><G10/><T51/><D129/><U2/><E2/><V125/><F125/><W134/><G134/><T79/><D110/><U54/><E54/><V113/><F113/><W72/><G32/><T40/><D109/><U121/><E121/><V131/><F131/><W3/><G3/><T95/><D26/><U57/><AGARI ba="0,2" hai="5,11,15,39,43,46,50,55,57,94,96,98,99,102" machi="57" ten="20,5200,0" yaku="1,1,0,1,7,1,52,1,53,0" doraHai="53,75" doraHaiUra="116,16" who="1" fromWho="1" sc="314,-13,232,72,232,-26,202,-13" /><INIT seed="3,0,0,1,5,57" ten="301,304,206,189" oya="3" hai0="1,69,116,129,98,36,128,134,55,48,22,124,60" hai1="126,14,91,80,135,59,15,35,87,100,81,133,7" hai2="88,95,67,61,42,64,51,41,103,28,10,131,40" hai3="122,34,45,63,86,13,117,11,25,120,26,78,56"/><W119/><G45/><T72/><D72/><U77/><E126/><V113/><F113/><W115/><G78/><T109/><D1/><U127/><E127/><V50/><F131/><N who="0" m="50250" /><D22/><U58/><E35/><V123/><F123/><W70/><G70/><T38/><D98/><U47/><E47/><V62/><F103/><W65/><G115/><T130/><D124/><U31/><E31/><V6/><F28/><W29/><G26/><T111/><D116/><U39/><E39/><N who="0" m="14889" /><D134/><N who="1" m="51211" /><E100/><V37/><F37/><W121/><REACH who="3" step="1"/><G86/><REACH who="3" ten="301,304,206,179" step="2"/><T118/><D130/><U79/><E77/><V110/><F110/><W12/><G12/><N who="1" m="4650" /><E7/><AGARI ba="0,1" hai="7,11,13,25,29,34,56,63,65,117,119,120,121,122" machi="7" ten="40,7700,0" yaku="1,1,52,1,53,1" doraHai="57" doraHaiUra="52" who="3" fromWho="1" sc="301,0,304,-77,206,0,179,87" /><INIT seed="3,1,0,0,5,119" ten="301,227,206,266" oya="3" hai0="69,111,114,63,91,54,1,121,81,8,58,60,110" hai1="20,22,56,35,11,45,95,79,82,48,36,122,107" hai2="29,2,44,97,68,112,12,115,27,113,118,132,103" hai3="104,47,72,123,67,13,17,127,0,5,90,117,133"/><W76/><G117/><T120/><D1/><U73/><E107/><V88/><F118/><W30/><G123/><N who="0" m="47179" /><D8/><U105/><E105/><V59/><F68/><W52/><G104/><T96/><D81/><U70/><E70/><V21/><F2/><W125/><G67/><N who="0" m="41215" /><D91/><U84/><E35/><V100/><F132/><W101/><G133/><T15/><D15/><U124/><E20/><V131/><F131/><W3/><G101/><T62/><D96/><U78/><E22/><V65/><F44/><W80/><G90/><T9/><D9/><U87/><E11/><V19/><F59/><W83/><G5/><T66/><D114/><U116/><E82/><V43/><F43/><W37/><G30/><T71/><AGARI ba="1,0" hai="54,58,60,62,66,71,110,111" m="41215,47179" machi="71" ten="30,8000,1" yaku="34,2,52,3" doraHai="119" who="0" fromWho="0" sc="301,83,227,-21,206,-21,266,-41" /><INIT seed="4,0,0,5,1,33" ten="384,206,185,225" oya="0" hai0="79,96,102,118,41,77,32,56,82,113,2,19,45" hai1="128,99,11,47,134,15,65,81,133,7,62,40,60" hai2="42,112,37,26,9,36,3,115,80,0,117,54,91" hai3="109,17,51,106,5,18,43,16,114,71,98,66,64"/><T108/><D118/><U29/><E128/><V57/><F117/><W22/><G109/><T94/><D113/><N who="2" m="43594" /><F26/><W20/><G114/><T8/><D108/><U105/><E29/><V30/><F30/><W122/><G122/><T92/><D32/><U126/><E126/><V24/><F24/><W69/><G5/><T93/><D56/><U14/><E14/><V110/><F9/><W135/><G135/><N who="1" m="51722" /><E81/><V104/><F104/><W90/><G106/><T38/><D19/><U72/><E72/><V124/><F110/><W95/><G69/><T130/><D130/><U121/><E121/><V55/><F55/><W132/><G71/><T103/><D103/><N who="1" m="62719" /><E65/><N who="3" m="25194" /><G132/><T75/><D79/><U49/><AGARI ba="0,0" hai="7,11,15,40,47,49,60,62" m="62719,51722" machi="49" ten="30,1100,0" yaku="20,1" doraHai="33" who="1" fromWho="1" sc="384,-5,206,11,185,-3,225,-3" /><INIT seed="5,0,0,0,5,13" ten="379,217,182,222" oya="1" hai0="122,20,45,0,15,106,105,18,109,31,94,68,5" hai1="108,12,25,77,8,2,102,95,33,10,30,11,22" hai2="35,71,65,63,83,58,42,107,86,72,6,44,126" hai3="47,110,46,127,88,101,59,117,67,49,32,111,36"/><U60/><E108/><V17/><F107/><W81/><G32/><T114/><D109/><U92/><E77/><V27/><F126/><W128/><G127/><T120/><D68/><U3/><E60/><V135/><F135/><W56/><G101/><T34/><D94/><U54/><E54/><V43/><F72/><W9/><G128/><T90/><D90/><U123/><E95/><V116/><F116/><W96/><G117/><T124/><D45/><U104/><E92/><V84/><F6/><W74/><G74/><T99/><D124/><U21/><E123/><N who="0" m="47145" /><D99/><U121/><E121/><V112/><F112/><W133/><G96/><T118/><D118/><U61/><E61/><V73/><F71/><W41/><G133/><T76/><D76/><U64/><E64/><V100/><F100/><W134/><G134/><T16/><D18/><N who="1" m="10439" /><E104/><V14/><F73/><W4/><G67/><T39/><D39/><U38/><E38/><V78/><F84/><W98/><G98/><T80/><D80/><U91/><E91/><V51/><F42/><W119/><G119/><T129/><D129/><U23/><E102/><V82/><F82/><W66/><G66/><T53/><D53/><U28/><E28/><V52/><F65/><W69/><G69/><T131/><D114/><U125/><E125/><V93/><F93/><W48/><G110/><T37/><D37/><U85/><E85/><V113/><F113/><W115/><G115/><T130/><D130/><U40/><E40/><V1/><F43/><N who="3" m="24671" /><G111/><T103/><D131/><U19/><E33/><V57/><F35/><W70/><G36/><RYUUKYOKU ba="0,0" sc="379,-10,217,30,182,-10,222,-10" hai1="2,3,8,10,11,19,22,23,25,30" /><INIT seed="5,1,0,1,2,16" ten="369,247,172,212" oya="1" hai0="98,133,22,38,80,103,30,135,88,64,66,7,49" hai1="36,15,24,57,61,8,65,55,13,60,112,40,76" hai2="31,96,104,2,132,50,71,78,105,102,131,21,28" hai3="123,121,46,62,41,91,127,74,42,81,35,52,84"/><U125/><E112/><V47/><F2/><W45/><G127/><T54/><D38/><U33/><E125/><V14/><F71/><W37/><G74/><T92/><D7/><U1/><E1/><V56/><F131/><W94/><G35/><T43/><D43/><U10/><E76/><V101/><F132/><N who="0" m="50762" /><D80/><U25/><E36/><V100/><F78/><W19/><G81/><T108/><D108/><U69/><E40/><V106/><F56/><W32/><G32/><T111/><D103/><U70/><E70/><V97/><F28/><W115/><G115/><T26/><D111/><U129/><E129/><V59/><F59/><AGARI ba="1,0" hai="22,26,30,49,54,59,64,66,88,92,98" m="50762" machi="59" ten="30,3900,0" yaku="20,1,52,1,54,1" doraHai="16" who="0" fromWho="2" sc="369,42,247,0,172,-42,212,0" /><INIT seed="6,0,0,4,1,59" ten="411,247,130,212" oya="2" hai0="45,67,71,87,132,66,116,64,15,75,110,51,54" hai1="6,33,10,100,65,93,32,20,62,113,11,77,76" hai2="78,97,134,96,102,69,103,109,98,73,24,19,120" hai3="43,21,105,50,34,38,42,90,101,37,27,106,104"/><V57/><F69/><W121/><G121/><T18/><D110/><U5/><E113/><V28/><F109/><W114/><G34/><T14/><D75/><U48/><E32/><V83/><F120/><W44/><G101/><T29/><D132/><U92/><E33/><V89/><F134/><W60/><G114/><T118/><D29/><U86/><E20/><V122/><F122/><W0/><G0/><T56/><D71/><U3/><E48/><V107/><F19/><W124/><G124/><T16/><D87/><U111/><E111/><V108/><F108/><W13/><G13/><N who="0" m="4619" /><D45/><U85/><E100/><V31/><F24/><W47/><G90/><T128/><D128/><U35/><E35/><V9/><F9/><W55/><G60/><T1/><D1/><U72/><E72/><V115/><F107/><W123/><G123/><T99/><D99/><U22/><E22/><V40/><F115/><W79/><G79/><T129/><D129/><U127/><E127/><V39/><F89/><W46/><REACH who="3" step="1"/><G104/><REACH who="3" ten="411,247,130,202" step="2"/><T84/><D118/><U8/><E3/><V58/><F102/><W91/><G91/><T36/><D116/><U131/><E131/><V74/><F103/><W63/><G63/><T49/><D36/><U41/><E76/><V12/><F12/><W25/><G25/><T61/><D61/><U82/><E77/><V95/><F74/><W88/><G88/><T68/><D68/><U130/><E130/><V135/><F135/><W80/><G80/><T112/><D112/><U117/><E117/><V119/><F119/><W125/><G125/><T4/><D84/><RYUUKYOKU ba="0,1" sc="411,-10,247,-10,130,-10,202,30" hai3="21,27,37,38,42,43,44,46,47,50,55,105,106" /><INIT seed="7,1,1,3,4,15" ten="401,237,120,232" oya="3" hai0="19,46,36,64,90,4,65,100,29,21,129,133,61" hai1="57,127,67,120,69,114,115,91,63,2,50,5,96" hai2="112,59,92,7,131,40,102,124,82,89,58,98,103" hai3="118,56,79,27,62,83,78,16,68,95,93,119,86"/><W0/><G0/><T31/><D100/><U45/><E120/><V54/><F112/><N who="1" m="43049" /><E127/><V38/><F131/><W10/><G68/><T25/><D129/><U107/><E2/><V39/><F124/><W135/><G135/><T37/><D133/><U71/><E5/><V12/><F38/><W60/><G79/><T75/><D65/><U106/><E91/><V18/><F39/><W113/><G113/><T94/><D75/><U70/><E96/><V41/><F7/><W122/><G122/><T22/><D46/><U87/><E87/><V73/><F73/><W125/><G125/><T97/><D4/><U44/><E44/><V43/><F82/><W85/><G60/><T121/><D121/><U52/><AGARI ba="1,1" hai="45,50,52,57,63,67,69,70,71,106,107" m="43049" machi="52" ten="40,2700,0" yaku="15,1,54,1" doraHai="15" who="1" fromWho="1" sc="401,-8,237,40,120,-8,232,-14" owari="393,49.3,277,7.7,112,-38.8,218,-18.2" /></mjloggm>