<mjloggm ver="2.3"><GO type="169" lobby="0"/><UN n0="%70%72%6F%6E%61%72%69" n1="%73%79%6C%76%65%6F%6E" n2="%E3%83%8F%E3%82%AC%E3%82%BF%E3%82%AB%E3%81%AE%E3%81%88%E3%81%98%E3%81%8D" n3="%E6%9D%B1%E4%BA%AC%E9%9B%BB%E5%8A%9B" dan="16,16,17,17" rate="2142.30,2148.70,2173.54,2195.23" sx="M,M,M,M"/><TAIKYOKU oya="0"/><INIT seed="0,0,0,5,5,0" ten="250,250,250,250" oya="0" hai0="60,55,82,126,114,104,127,4,97,1,3,101,5" hai1="50,43,83,111,28,76,133,54,79,18,42,36,92" hai2="69,107,108,103,23,88,125,115,2,40,49,118,30" hai3="87,65,35,89,105,99,8,131,119,98,122,26,74"/><T7/><D114/><U62/><E111/><V128/><F69/><W102/><G131/><T51/><D60/><U71/><E28/><V29/><F115/><W37/><G37/><T73/><D73/><U132/><E92/><V10/><F118/><W121/><G119/><T17/><D17/><U84/><E76/><V129/><F108/><W46/><G46/><T61/><D61/><U56/><E18/><V32/><F32/><W38/><G38/><T70/><D70/><U19/><E19/><V24/><F103/><W48/><G48/><T57/><REACH who="0" step="1"/><D82/><REACH who="0" ten="240,250,250,250" step="2"/><U130/><E130/><V47/><F128/><W59/><G74/><T31/><D31/><U72/><E72/><V58/><F129/><W95/><G121/><T64/><D64/><U12/><E71/><V124/><F30/><W86/><G122/><T112/><D112/><U39/><E62/><V134/><F29/><W123/><G123/><T16/><D16/><U45/><E132/><V93/><F134/><W81/><G65/><T80/><D80/><U25/><E133/><V6/><F23/><W77/><G35/><T117/><D117/><U34/><E34/><V63/><F24/><W53/><G26/><T109/><D109/><U135/><E135/><V91/><F63/><W52/><G81/><T75/><D75/><U120/><E120/><V44/><F125/><AGARI ba="0,1" hai="1,3,4,5,7,51,55,57,97,101,104,125,126,127" machi="125" ten="40,12000,1" yaku="1,1,18,1,52,3,53,0" doraHai="0" doraHaiUra="13" who="0" fromWho="2" sc="240,130,250,0,250,-120,250,0" /><INIT seed="0,1,0,3,2,72" ten="370,250,130,250" oya="0" hai0="94,40,126,60,78,61,13,109,135,91,106,97,31" hai1="2,43,112,102,104,48,131,119,93,115,41,62,17" hai2="74,129,122,89,86,70,125,87,20,96,98,132,83" hai3="67,114,77,52,56,4,8,15,90,84,23,103,81"/><T116/><D116/><U1/><E119/><V32/><F32/><W113/><G103/><T38/><D126/><U21/><E104/><V3/><F3/><N who="1" m="1033" /><E131/><V5/><F5/><W27/><G67/><T99/><D135/><U9/><E9/><V95/><F122/><W111/><G111/><T73/><D109/><U79/><E79/><V28/><F70/><W29/><REACH who="3" step="1"/><G90/><REACH who="3" ten="370,250,130,240" step="2"/><T69/><D91/><U44/><E102/><V123/><F89/><W33/><G33/><T22/><D106/><U68/><E68/><V59/><F125/><W26/><G26/><T50/><D69/><U133/><E133/><V47/><F132/><W66/><G66/><T51/><D99/><U46/><E115/><V75/><F96/><W19/><G19/><T121/><D97/><U88/><E17/><V12/><F98/><W100/><G100/><T64/><D64/><U10/><E88/><V108/><F108/><W80/><G80/><T101/><D101/><U107/><E93/><V42/><F83/><W127/><G127/><T57/><D94/><U35/><E35/><V92/><F92/><W71/><G71/><T85/><D121/><U54/><E107/><V25/><F95/><W124/><G124/><T24/><D24/><U118/><E112/><V65/><F25/><W11/><G11/><T120/><D120/><U128/><E10/><V39/><F123/><W53/><G53/><T105/><D105/><U37/><E118/><V82/><F82/><W63/><AGARI ba="1,1" hai="4,8,15,23,27,29,52,56,63,77,81,84,113,114" machi="63" ten="20,8000,1" yaku="1,1,0,1,7,1,52,1,54,1,53,0" doraHai="72" doraHaiUra="134" who="3" fromWho="3" sc="370,-41,250,-21,130,-21,240,93" /><INIT seed="1,0,0,0,4,120" ten="329,229,109,333" oya="1" hai0="96,68,55,49,13,97,125,27,19,112,52,119,106" hai1="47,73,69,59,85,30,38,81,135,6,60,16,11" hai2="8,111,10,46,95,118,83,45,130,48,20,70,102" hai3="14,124,105,103,86,54,91,78,64,101,132,12,50"/><U24/><E135/><V110/><F70/><W66/><G124/><T104/><D112/><U71/><E73/><V80/><F118/><W26/><G78/><T109/><D119/><U3/><E47/><V2/><F130/><W17/><G26/><T133/><D133/><U32/><E38/><V43/><F20/><W121/><G14/><T41/><D68/><U51/><E51/><V127/><F127/><W107/><G107/><T90/><D104/><U128/><E128/><V39/><F95/><W42/><G42/><T99/><D106/><U74/><E74/><V100/><F2/><W7/><G7/><T92/><D27/><U126/><E126/><V18/><F18/><W23/><G121/><T94/><D125/><U1/><E1/><V82/><F8/><W93/><G132/><T9/><D109/><N who="2" m="41482" /><F10/><W34/><G34/><T28/><D28/><U5/><E5/><V79/><F79/><W113/><G105/><T131/><D131/><U116/><E16/><V108/><N who="2" m="41490" /><V33/><DORA hai="72" /><F33/><W0/><G0/><T117/><D117/><U4/><E4/><V88/><F88/><W57/><G113/><T84/><D94/><U62/><E116/><V114/><F114/><W122/><G122/><T53/><REACH who="0" step="1"/><D41/><AGARI ba="0,0" hai="39,41,43,45,46,48,80,82,83,100,102" m="41490" machi="41" ten="50,8000,1" yaku="14,1,52,4" doraHai="120,72" who="2" fromWho="0" sc="329,-80,229,0,109,80,333,0" /><INIT seed="2,0,0,2,5,66" ten="249,229,189,333" oya="2" hai0="75,115,78,123,7,50,38,112,127,73,124,111,87" hai1="42,51,72,37,114,107,36,116,52,17,13,110,10" hai2="88,133,68,60,54,14,97,28,31,71,135,122,59" hai3="9,39,101,79,129,34,74,132,93,70,86,76,108"/><V30/><F122/><W102/><G39/><T89/><D38/><U131/><E114/><N who="0" m="43561" /><D50/><U20/><E116/><V23/><F14/><W117/><G34/><T5/><D123/><U81/><E107/><V126/><F23/><W100/><G9/><T62/><D62/><U24/><E110/><V91/><F126/><N who="0" m="48170" /><D78/><U103/><E131/><V33/><F33/><W80/><G117/><T32/><D32/><U4/><E103/><V105/><F105/><W134/><G108/><T65/><D65/><U120/><E120/><V47/><F47/><W25/><G129/><T69/><D111/><U27/><E42/><V11/><F11/><W119/><G79/><T82/><D69/><N who="2" m="26698" /><F97/><W121/><G70/><T35/><D35/><U16/><E72/><AGARI ba="0,0" hai="5,7,72,73,75,82,87,89" m="48170,43561" machi="72" ten="40,1300,0" yaku="18,1" doraHai="66" who="0" fromWho="1" sc="249,13,229,-13,189,0,333,0" /><INIT seed="3,0,0,0,2,74" ten="262,216,189,333" oya="3" hai0="58,28,84,86,94,65,95,116,75,101,46,21,128" hai1="119,26,129,112,70,124,57,49,20,99,125,90,55" hai2="114,5,56,36,61,33,37,133,64,122,105,72,92" hai3="63,40,51,1,103,118,47,0,10,16,78,54,85"/><W2/><G118/><T38/><D116/><U32/><E112/><V121/><F105/><W53/><G103/><T12/><D128/><U110/><E119/><V108/><F114/><W96/><G96/><T68/><D68/><U7/><E129/><V60/><F133/><W109/><G109/><T52/><D75/><U39/><E39/><V23/><F33/><W43/><G43/><T83/><D65/><U104/><E70/><V135/><F72/><W18/><G10/><T14/><D46/><U106/><E32/><V117/><F117/><W59/><REACH who="3" step="1"/><G40/><REACH who="3" ten="262,216,189,323" step="2"/><T130/><D101/><U62/><E110/><V50/><F108/><W17/><G17/><T13/><D130/><U82/><E106/><V91/><F135/><W30/><G30/><T81/><D28/><U115/><E104/><V19/><F122/><W35/><G35/><T42/><D42/><U66/><E115/><V4/><F121/><W9/><G9/><T79/><D21/><U80/><E7/><V76/><F19/><W8/><G8/><T132/><D132/><U127/><E99/><V71/><F23/><W93/><G93/><T73/><D94/><U120/><E120/><V41/><F4/><W97/><G97/><T27/><D95/><U67/><E125/><V25/><F5/><W131/><G131/><T45/><D38/><U102/><E127/><V126/><F126/><W44/><G44/><T134/><D45/><U3/><E124/><V31/><F36/><W123/><G123/><T24/><D134/><U77/><E102/><V98/><F37/><W15/><G15/><T107/><D12/><RYUUKYOKU ba="0,1" sc="262,-10,216,-10,189,-10,323,30" hai3="0,1,2,16,18,47,51,53,54,59,63,78,85" /><INIT seed="3,1,1,4,3,3" ten="252,206,179,353" oya="3" hai0="42,78,12,62,61,108,131,17,85,102,129,107,114" hai1="93,122,91,65,23,6,87,104,46,26,0,41,71" hai2="49,64,82,9,95,69,101,40,13,38,7,105,100" hai3="97,47,22,74,135,81,109,28,24,67,34,84,76"/><W73/><G135/><T2/><D2/><U1/><E122/><V4/><F105/><W50/><G109/><T83/><D108/><U52/><E104/><V14/><F38/><W16/><G67/><T113/><D42/><U130/><E130/><N who="0" m="49673" /><D102/><U8/><E65/><V18/><F64/><W63/><G63/><N who="0" m="24075" /><D107/><U48/><E71/><V126/><F69/><W55/><REACH who="3" step="1"/><G97/><REACH who="3" ten="252,206,179,343" step="2"/><T120/><D120/><U60/><E0/><V35/><F126/><W98/><G98/><T31/><D114/><U53/><REACH who="1" step="1"/><E60/><REACH who="1" ten="252,196,179,343" step="2"/><V124/><F124/><W123/><G123/><T90/><D113/><U127/><E127/><V20/><F35/><W133/><G133/><T45/><D31/><AGARI ba="1,3" hai="1,6,8,23,26,31,41,46,48,52,53,87,91,93" machi="31" ten="30,7700,0" yaku="1,1,7,1,52,1,54,1,53,0" doraHai="3" doraHaiUra="72" who="1" fromWho="0" sc="252,-80,196,110,179,0,343,0" /><INIT seed="4,0,0,2,2,16" ten="172,306,179,343" oya="0" hai0="106,51,61,18,89,86,92,36,46,47,99,12,9" hai1="101,109,94,33,131,75,122,20,66,126,21,62,67" hai2="125,113,50,4,93,65,3,72,104,11,132,57,29" hai3="34,14,116,123,120,30,87,117,60,130,53,28,48"/><T31/><D31/><U19/><E109/><V6/><F104/><W127/><G127/><T63/><D36/><U77/><E122/><V54/><F125/><W134/><G134/><T25/><D106/><U24/><E126/><V111/><F111/><W121/><G130/><T114/><D114/><U0/><E131/><V81/><F113/><W22/><G34/><T69/><D69/><U5/><E33/><V38/><F38/><W8/><G60/><T128/><D128/><U82/><E62/><V52/><F132/><W118/><G87/><T42/><D25/><U70/><E70/><V39/><F39/><W110/><G110/><T49/><REACH who="0" step="1"/><D99/><REACH who="0" ten="162,306,179,343" step="2"/><U35/><E35/><V133/><F29/><W88/><G30/><T97/><D97/><U7/><E24/><V73/><F133/><W115/><G115/><T56/><D56/><U37/><E37/><V44/><F57/><W90/><G28/><T76/><D76/><U2/><E77/><V10/><F44/><W27/><G27/><T108/><D108/><U68/><E68/><V91/><F73/><W1/><G117/><T135/><D135/><U45/><E45/><V23/><F72/><W96/><G96/><T74/><D74/><U129/><E129/><V103/><F65/><W55/><G118/><T83/><D83/><U26/><E75/><V43/><F81/><W40/><G116/><T78/><D78/><U98/><E82/><V107/><F107/><W105/><G105/><T15/><D15/><N who="1" m="9343" /><E67/><V124/><F124/><W59/><G121/><T119/><D119/><U100/><E66/><V17/><F3/><RYUUKYOKU ba="0,1" sc="162,30,306,-10,179,-10,343,-10" hai0="9,12,18,42,46,47,49,51,61,63,86,89,92" /><INIT seed="4,1,1,1,0,128" ten="192,296,169,333" oya="0" hai0="94,30,10,96,88,118,81,5,21,93,84,104,57" hai1="27,16,32,22,4,73,122,100,48,29,125,36,123" hai2="35,7,79,91,120,112,9,38,106,18,114,61,45" hai3="12,124,71,116,87,97,52,49,44,75,92,14,41"/><T63/><D118/><U47/><E36/><V13/><F120/><W72/><G71/><T68/><D68/><U107/><E73/><V76/><F106/><W131/><G116/><T101/><D30/><U50/><E125/><V69/><F35/><W70/><G70/><T113/><D113/><N who="2" m="43626" /><F91/><W46/><G131/><T31/><D21/><U25/><E4/><V74/><F74/><W119/><G119/><T133/><D133/><U60/><E60/><V129/><F129/><W110/><G110/><T17/><D17/><U105/><E50/><V132/><F132/><W111/><G111/><T77/><D31/><U99/><REACH who="1" step="1"/><E107/><REACH who="1" ten="192,286,169,333" step="2"/><V6/><F6/><W64/><G124/><T130/><D130/><U15/><E15/><V102/><F7/><W83/><G75/><T55/><REACH who="0" step="1"/><D77/><REACH who="0" ten="182,286,169,333" step="2"/><U115/><E115/><V8/><F79/><W23/><G23/><T134/><D134/><U103/><E103/><V127/><F102/><W3/><G72/><T43/><D43/><AGARI ba="1,3" hai="16,22,25,27,29,32,43,47,48,99,100,105,122,123" machi="43" ten="30,3900,0" yaku="1,1,7,1,54,1,53,0" doraHai="128" doraHaiUra="58" who="1" fromWho="0" sc="182,-42,286,72,169,0,333,0" /><INIT seed="5,0,0,0,2,41" ten="140,358,169,333" oya="1" hai0="64,60,108,22,33,116,57,46,114,66,120,128,130" hai1="93,112,29,103,133,131,48,124,99,61,73,50,87" hai2="54,18,53,43,52,79,135,9,118,10,123,132,28" hai3="100,106,63,39,76,95,75,70,121,81,102,38,82"/><U68/><E73/><V12/><F118/><W126/><G126/><T1/><D33/><U92/><E124/><V36/><F123/><W78/><G121/><T23/><D1/><U107/><E112/><V24/><F79/><W2/><G2/><T69/><D22/><U101/><E131/><N who="0" m="50217" /><D23/><U42/><E133/><N who="2" m="51275" /><F43/><W56/><G70/><T58/><D120/><U67/><E93/><V97/><F36/><W16/><G106/><T62/><D114/><U21/><E42/><V31/><F97/><W113/><G113/><T77/><D77/><U59/><E68/><V117/><F117/><W44/><G78/><T37/><D116/><U7/><E7/><N who="2" m="3135" /><F24/><W27/><G27/><T49/><D108/><U110/><E110/><V34/><F34/><W25/><G25/><T71/><D37/><U4/><E21/><V11/><F18/><W55/><G16/><T17/><D17/><U125/><E29/><AGARI ba="0,0" hai="10,11,28,29,31,52,53,54" m="3135,51275" machi="29" ten="30,2000,0" yaku="20,1,54,1" doraHai="41" who="2" fromWho="1" sc="140,0,358,-20,169,20,333,0" /><INIT seed="6,0,0,1,1,128" ten="140,338,189,333" oya="2" hai0="86,41,106,112,69,54,134,56,110,14,53,117,19" hai1="5,58,46,23,109,129,102,68,66,76,11,104,105" hai2="130,33,99,80,91,30,40,62,26,116,27,0,98" hai3="7,28,24,100,78,77,15,83,95,32,47,67,57"/><V29/><F130/><W16/><G7/><T38/><D110/><U65/><E129/><V132/><F116/><W17/><G47/><T60/><D106/><U75/><E109/><V25/><F0/><W51/><G78/><T90/><D117/><U120/><E68/><V10/><F40/><W2/><G2/><T133/><D69/><U1/><E120/><V44/><F44/><W61/><G51/><T74/><D74/><U114/><E114/><V50/><F50/><W93/><G100/><T79/><D79/><U127/><E127/><V59/><F10/><W70/><G70/><T107/><D107/><U48/><E102/><V124/><F124/><W123/><G123/><T118/><D118/><U20/><E104/><V119/><F119/><W89/><G89/><T97/><D97/><U34/><E34/><V49/><F49/><W115/><G115/><T8/><D112/><U39/><E39/><V111/><F111/><W36/><G36/><T131/><D131/><U108/><E105/><V64/><F132/><N who="0" m="50794" /><D38/><U12/><E108/><V73/><F73/><W96/><G96/><N who="2" m="36905" /><F33/><W92/><G32/><T103/><D103/><U72/><E75/><V3/><F3/><W87/><G77/><T82/><D41/><N who="1" m="24655" /><E76/><V43/><F43/><W113/><G113/><T52/><AGARI ba="0,0" hai="8,14,19,52,53,54,56,60,82,86,90" m="50794" machi="52" ten="30,8000,1" yaku="20,1,52,3,54,1" doraHai="128" who="0" fromWho="0" sc="140,80,338,-20,189,-40,333,-20" /><INIT seed="7,0,0,2,5,135" ten="220,318,149,313" oya="3" hai0="92,9,126,28,120,1,110,103,85,116,67,32,46" hai1="15,60,93,63,13,89,10,41,83,21,61,81,44" hai2="16,84,22,70,82,7,49,121,108,129,68,30,35" hai3="105,42,130,107,33,71,43,94,72,115,100,97,66"/><W37/><G115/><T102/><D85/><N who="1" m="52399" /><E21/><V50/><F108/><W25/><G130/><T95/><D95/><U11/><E44/><V3/><F129/><W36/><G94/><T45/><D28/><U106/><E41/><V38/><F38/><W125/><G43/><T131/><D102/><U64/><E64/><V65/><F121/><W117/><G117/><T91/><D67/><U34/><E34/><V113/><F113/><W14/><G14/><N who="1" m="5130" /><E106/><V80/><F30/><N who="3" m="19663" /><G125/><T114/><D126/><U2/><E2/><V18/><F35/><W119/><G119/><T17/><D103/><U96/><E96/><V56/><F7/><W58/><G58/><T54/><D110/><U75/><E75/><V98/><F3/><W53/><G53/><T76/><D54/><U87/><E83/><V24/><F98/><N who="3" m="61591" /><G42/><T20/><D76/><AGARI ba="0,0" hai="10,11,60,61,63,76,81,87" m="5130,52399" machi="76" ten="30,1000,0" yaku="8,1" doraHai="135" who="1" fromWho="0" sc="220,-10,318,10,149,0,313,0" owari="210,-19.0,328,42.8,149,-35.1,313,11.3" /></mjloggm>