<mjloggm ver="2.3"><GO type="169" lobby="0"/><UN n0="%E6%A1%9C%E5%B0%8F%E8%B7%AF%E6%89%8D%E8%8F%AF" n1="%E2%98%86%41%64%72%69%61%6E" n2="%E3%81%BE%E3%82%8B%E3%81%A8%E3%83%BC" n3="%E3%82%AA%E3%83%AC%E3%83%B3%E3%82%B8%E5%A4%AA%E9%83%8E" dan="16,17,16,16" rate="2172.68,2215.30,2062.90,2173.93" sx="M,M,M,M"/><TAIKYOKU oya="0"/><INIT seed="0,0,0,1,0,25" ten="250,250,250,250" oya="0" hai0="2,62,1,31,43,19,37,56,13,51,129,12,124" hai1="85,23,3,32,87,55,113,76,70,64,128,79,10" hai2="18,8,44,133,89,127,29,106,94,123,71,7,66" hai3="42,20,114,69,38,90,27,122,125,115,45,84,80"/><T78/><D37/><U73/><E32/><V92/><F106/><W6/><G125/><T11/><D124/><U0/><E73/><V91/><F127/><W28/><G69/><T14/><D129/><U75/><E75/><V58/><F18/><W60/><G122/><T36/><D36/><U100/><E100/><V5/><F71/><W49/><G60/><T46/><D78/><U68/><E113/><V99/><F44/><W39/><G39/><T107/><D107/><U110/><E110/><V121/><F133/><W104/><G104/><T111/><D111/><U105/><E105/><V63/><F29/><W4/><REACH who="3" step="1"/><G38/><REACH who="3" ten="250,250,250,240" step="2"/><T93/><D62/><U15/><E68/><V16/><F121/><W82/><G82/><T131/><D131/><U33/><E70/><V134/><F123/><W26/><G26/><T21/><D93/><U50/><E128/><V97/><F134/><W9/><G9/><T61/><D11/><U57/><E10/><V126/><F126/><W95/><G95/><T54/><REACH who="0" step="1"/><D31/><REACH who="0" ten="240,250,250,240" step="2"/><U108/><E108/><V72/><F72/><W109/><G109/><T47/><D47/><U130/><E130/><V24/><F8/><W52/><G52/><T103/><D103/><U101/><E55/><V41/><F94/><W132/><G132/><T102/><D102/><U53/><E101/><V17/><F92/><W98/><G98/><T96/><D96/><U135/><E53/><V116/><F99/><W112/><AGARI ba="0,2" hai="4,6,20,27,28,42,45,49,80,84,90,112,114,115" machi="112" ten="30,7900,0" yaku="1,1,0,1,52,1,53,1" doraHai="25" doraHaiUra="86" who="3" fromWho="3" sc="240,-39,250,-20,250,-20,240,99" /><INIT seed="1,0,0,4,5,25" ten="201,230,230,339" oya="1" hai0="104,132,130,101,95,88,20,75,89,99,67,105,74" hai1="7,37,90,13,127,70,47,92,30,4,31,73,119" hai2="126,46,11,61,40,80,134,14,50,64,124,24,35" hai3="48,59,129,125,72,76,16,114,38,6,133,86,83"/><U53/><E119/><V108/><F108/><W1/><G38/><T111/><D67/><U21/><E73/><N who="0" m="27657" /><D20/><U44/><E127/><V2/><F2/><W56/><G114/><T100/><D111/><U10/><E70/><V22/><F35/><W94/><G125/><N who="2" m="48233" /><F80/><W123/><G123/><T28/><D28/><N who="1" m="10795" /><E37/><V93/><F93/><W122/><G94/><N who="0" m="56775" /><D130/><U109/><E109/><V96/><F22/><W58/><G48/><T121/><D121/><U27/><E4/><V128/><F24/><W17/><G17/><T29/><D29/><N who="1" m="17647" /><E53/><V71/><F128/><W19/><G19/><T23/><D23/><U45/><E47/><V51/><F46/><W9/><G16/><T39/><D132/><U91/><E91/><V57/><F134/><W5/><G133/><T102/><D39/><U113/><E113/><V98/><F71/><W8/><G6/><T18/><D18/><U34/><E34/><V63/><F64/><W15/><G5/><T33/><D33/><U26/><E26/><V54/><F54/><W43/><G8/><T87/><AGARI ba="0,0" hai="87,89,95,100,101,102,104,105" m="56775,27657" machi="87" ten="30,12000,2" yaku="35,5,54,1" doraHai="25" who="0" fromWho="0" sc="201,120,230,-60,230,-30,339,-30" /><INIT seed="2,0,0,0,3,129" ten="321,170,200,309" oya="2" hai0="84,105,97,32,1,43,119,134,56,118,12,15,102" hai1="123,128,74,35,41,69,131,31,68,93,110,48,96" hai2="59,45,42,14,125,30,81,113,44,71,28,24,127" hai3="3,29,46,27,88,16,89,79,116,121,135,75,90"/><V117/><F71/><W82/><G116/><N who="0" m="44587" /><D1/><U53/><E74/><V108/><F117/><W11/><G121/><T94/><D32/><U52/><E123/><V60/><F113/><W2/><G135/><T100/><D134/><U67/><E110/><V9/><F108/><W33/><REACH who="3" step="1"/><G46/><REACH who="3" ten="321,170,200,299" step="2"/><T124/><D124/><U70/><E131/><V4/><F125/><W92/><G92/><T77/><D94/><U36/><E128/><V0/><F127/><W17/><G17/><T61/><D105/><U133/><E93/><V51/><F45/><W99/><G99/><T62/><D97/><U7/><E96/><V87/><F0/><W23/><G23/><T49/><D43/><U73/><E133/><V104/><F104/><W115/><G115/><T91/><D102/><U65/><E35/><V111/><F111/><W10/><G10/><T58/><D100/><U101/><E101/><V54/><REACH who="2" step="1"/><F24/><REACH who="2" ten="321,170,190,299" step="2"/><W76/><G76/><AGARI ba="0,2" hai="4,9,14,28,30,42,44,51,54,59,60,76,81,87" machi="76" ten="30,24000,3" yaku="1,1,2,1,7,1,25,2,8,1,53,2" doraHai="129" doraHaiUra="25" who="2" fromWho="3" sc="321,0,170,0,190,260,299,-240" /><INIT seed="2,1,0,2,4,54" ten="321,170,450,59" oya="2" hai0="31,3,36,83,49,108,23,42,43,30,96,32,4" hai1="33,104,8,61,15,39,101,21,70,92,130,40,111" hai2="114,126,97,87,45,79,133,29,74,52,16,132,44" hai3="106,98,41,35,18,112,115,86,47,129,90,26,0"/><V20/><F114/><N who="3" m="43563" /><G0/><T56/><D32/><U122/><E104/><V38/><F74/><W82/><G129/><T14/><D108/><U121/><E21/><V64/><F29/><N who="3" m="19895" /><G18/><T7/><D36/><U50/><E39/><V93/><F126/><W37/><G98/><T55/><D83/><U53/><E33/><V120/><F120/><W118/><G106/><T73/><D73/><U60/><E111/><V9/><F9/><W119/><AGARI ba="1,0" hai="37,41,47,82,86,90,118,119" m="19895,43563" machi="119" ten="30,1100,0" yaku="11,1" doraHai="54" who="3" fromWho="3" sc="321,-4,170,-4,450,-6,59,14" /><INIT seed="3,0,0,0,4,106" ten="317,166,444,73" oya="3" hai0="114,129,56,37,12,105,61,34,131,38,125,77,97" hai1="39,119,94,72,118,36,29,1,5,53,28,81,41" hai2="120,87,101,110,25,91,15,73,42,99,44,67,64" hai3="103,18,95,35,3,11,59,19,83,85,126,16,9"/><W90/><G126/><T62/><D34/><U58/><E94/><V10/><F110/><W68/><G68/><T2/><D2/><U4/><E29/><V46/><F73/><W86/><G35/><T109/><D109/><U31/><E28/><V100/><F25/><W20/><G3/><T130/><D125/><U134/><E31/><V71/><F71/><W74/><G20/><T21/><D114/><U52/><E134/><V17/><F120/><W135/><G135/><T96/><D77/><N who="1" m="44199" /><E36/><N who="0" m="13929" /><D105/><U76/><E76/><V7/><F17/><W79/><G59/><T75/><D75/><U50/><E53/><V49/><F46/><W82/><REACH who="3" step="1"/><G103/><REACH who="3" ten="317,166,444,63" step="2"/><T40/><D56/><U26/><E1/><V54/><F101/><W23/><G23/><T123/><D21/><U88/><E58/><V93/><F100/><W122/><G122/><T43/><D123/><U32/><E32/><V108/><F108/><W60/><G60/><N who="0" m="23147" /><D12/><U121/><E121/><V92/><F15/><W113/><G113/><T133/><D133/><U124/><E124/><V89/><F67/><W24/><G24/><T63/><D63/><U107/><E26/><V45/><F64/><W111/><G111/><T47/><D47/><U6/><E119/><V51/><F45/><W70/><G70/><T116/><D116/><U14/><E118/><V115/><F115/><W112/><G112/><T65/><D65/><U127/><E127/><V132/><F132/><W0/><G0/><T80/><D130/><U98/><E14/><V102/><F44/><W69/><G69/><T13/><D13/><U128/><E128/><RYUUKYOKU ba="0,1" sc="317,-10,166,-10,444,-10,63,30" hai3="9,11,16,18,19,74,79,82,83,85,86,90,95" /><INIT seed="3,1,1,1,3,50" ten="307,156,434,93" oya="3" hai0="11,121,6,111,107,15,66,104,0,60,65,94,41" hai1="73,17,59,13,64,39,126,28,93,48,10,87,124" hai2="9,49,36,70,90,1,103,127,98,52,76,21,109" hai3="95,63,119,23,106,77,86,18,83,7,68,135,40"/><W116/><G106/><T129/><D121/><U57/><E73/><V125/><F70/><W34/><G34/><T33/><D33/><U110/><E39/><V58/><F36/><W92/><G7/><T72/><D72/><U101/><E110/><V45/><F109/><W19/><G135/><T37/><D111/><U99/><E28/><V27/><F76/><W128/><G128/><T4/><D129/><U78/><E64/><V130/><F90/><W5/><G5/><T26/><D26/><U42/><E124/><N who="2" m="47691" /><F9/><W20/><G40/><T82/><D82/><N who="1" m="47575" /><E126/><V31/><F130/><W46/><G68/><T32/><D32/><U112/><E112/><V51/><F1/><W35/><G35/><T79/><D79/><U133/><E133/><V2/><F2/><W122/><G122/><T96/><D0/><U69/><E69/><V22/><F22/><W80/><G77/><T56/><D4/><U25/><E25/><V44/><F49/><W29/><G29/><T75/><D75/><U12/><E12/><V91/><F91/><W105/><G105/><AGARI ba="1,1" hai="21,27,31,44,45,51,52,58,98,103,105" m="47691" machi="105" ten="30,3900,0" yaku="18,1,52,1,54,1" doraHai="50" who="2" fromWho="3" sc="307,0,156,0,434,52,93,-42" /><INIT seed="4,0,0,2,2,38" ten="307,156,486,51" oya="0" hai0="23,108,40,30,105,62,46,67,6,16,98,114,61" hai1="58,28,45,132,75,122,125,121,68,81,47,63,7" hai2="120,97,65,73,69,20,18,3,31,64,56,41,60" hai3="126,134,93,104,32,94,27,99,12,103,8,19,102"/><T22/><D114/><U130/><E7/><V111/><F111/><W59/><G134/><T48/><D108/><U11/><E11/><V39/><F3/><W2/><G126/><T17/><D6/><U110/><E28/><V0/><F0/><W49/><G103/><T83/><D30/><U50/><E75/><V92/><F73/><W77/><G77/><T72/><D72/><U117/><E81/><V112/><F31/><W135/><G135/><T133/><D133/><U85/><E85/><V66/><F112/><W91/><G2/><T84/><D105/><U80/><E80/><V115/><F115/><W21/><G32/><T4/><D98/><U44/><E132/><V14/><F120/><W5/><G104/><T70/><D4/><U13/><E13/><V101/><F69/><W15/><G15/><T118/><D118/><U82/><E82/><V34/><F34/><W109/><G109/><T10/><D62/><U86/><E86/><V96/><F97/><W52/><REACH who="3" step="1"/><G93/><REACH who="3" ten="307,156,486,41" step="2"/><T129/><D129/><U33/><E33/><V113/><F113/><W37/><G37/><T9/><D9/><U127/><E110/><V107/><F107/><W51/><G51/><T116/><D116/><U78/><E78/><V123/><F123/><N who="1" m="47113" /><E117/><V88/><F101/><W100/><AGARI ba="0,1" hai="5,8,12,19,21,27,49,52,59,91,94,99,100,102" machi="100" ten="30,7900,0" yaku="1,1,0,1,8,1,54,1,53,0" doraHai="38" doraHaiUra="42" who="3" fromWho="3" sc="307,-39,156,-20,486,-20,41,89" /><INIT seed="5,0,0,5,1,15" ten="268,136,466,130" oya="1" hai0="57,117,125,12,31,100,39,51,56,122,21,6,10" hai1="17,86,48,80,111,92,44,126,103,30,3,20,75" hai2="64,7,25,74,37,76,105,43,115,0,116,52,53" hai3="99,11,72,110,19,32,22,40,85,66,134,28,71"/><U131/><E3/><V119/><F105/><W42/><G72/><T49/><D117/><U104/><E104/><V83/><F64/><W127/><G99/><T13/><D39/><U1/><E1/><V128/><F25/><N who="3" m="18447" /><G42/><T23/><D125/><U47/><E75/><V133/><F133/><W41/><G41/><T63/><D122/><U78/><E126/><V123/><F123/><W69/><G40/><T106/><D100/><U108/><E30/><V54/><F128/><W109/><G85/><T46/><D106/><U61/><E61/><V8/><F115/><W18/><G66/><N who="0" m="39271" /><D31/><U5/><E5/><V79/><F79/><W124/><G69/><T34/><D34/><U94/><E131/><V81/><F81/><W58/><G58/><T38/><D38/><U35/><E35/><V36/><F36/><W60/><G60/><T45/><D57/><U33/><E103/><V2/><F2/><W29/><G71/><T96/><D96/><U9/><E33/><V55/><F55/><W89/><G134/><T26/><D49/><U118/><E118/><V120/><F120/><W102/><G102/><T95/><D95/><N who="1" m="36395" /><E48/><V70/><F70/><W130/><G130/><T65/><D65/><U132/><E132/><V82/><F82/><W112/><G127/><T121/><D121/><U90/><E111/><V107/><F107/><W84/><G110/><T91/><D51/><U27/><E108/><V73/><F73/><W98/><G124/><T114/><D91/><U59/><E59/><V50/><F50/><W87/><G109/><T68/><D68/><U77/><E90/><RYUUKYOKU ba="0,0" sc="268,-10,136,-10,466,30,130,-10" hai2="0,7,8,37,43,52,53,54,74,76,83,116,119" /><INIT seed="6,1,0,0,3,31" ten="258,126,496,120" oya="2" hai0="68,13,59,51,81,17,16,77,95,109,71,87,30" hai1="4,106,55,41,130,80,35,39,83,121,47,50,20" hai2="99,56,7,91,97,117,5,89,25,69,66,127,102" hai3="38,53,110,92,100,26,101,62,112,107,124,57,133"/><V132/><F117/><W24/><G110/><T103/><D109/><U76/><E106/><V131/><F69/><W37/><G133/><T120/><D120/><U105/><E105/><V135/><F25/><W8/><G124/><T79/><D30/><U6/><E35/><V1/><F1/><W116/><G116/><T45/><D79/><U15/><E121/><V65/><F56/><W82/><G107/><T111/><D111/><U49/><E130/><V108/><F108/><W0/><G101/><T14/><D59/><N who="1" m="33263" /><E39/><V11/><F11/><W70/><G82/><N who="1" m="31274" /><E76/><V72/><F102/><W119/><G70/><T85/><D71/><U58/><E58/><V115/><F115/><W123/><G38/><T36/><D36/><U19/><AGARI ba="1,0" hai="4,6,15,19,20,41,47,50" m="31274,33263" machi="19" ten="30,1100,0" yaku="8,1" doraHai="31" who="1" fromWho="1" sc="258,-4,126,14,496,-6,120,-4" /><INIT seed="7,0,0,1,4,48" ten="254,140,490,116" oya="3" hai0="25,91,102,50,19,1,92,103,110,104,133,131,85" hai1="4,119,28,62,76,24,87,98,135,96,8,78,93" hai2="6,17,84,107,130,79,56,52,10,122,21,14,83" hai3="66,108,112,95,72,54,129,2,68,105,55,77,27"/><W134/><G105/><T11/><D110/><U75/><E75/><V70/><F70/><W64/><G108/><T73/><D73/><U49/><E135/><V125/><F107/><W41/><G2/><T115/><D133/><U26/><E119/><V31/><F130/><W5/><G134/><T123/><D123/><U20/><E62/><V44/><F122/><W36/><G129/><T120/><D120/><U33/><E49/><V18/><F125/><W89/><G5/><T114/><D131/><U15/><E87/><V30/><F44/><W80/><G112/><N who="0" m="43051" /><D104/><U35/><E98/><V7/><F7/><W9/><G9/><T47/><D25/><U126/><E126/><V43/><F43/><W74/><G74/><T109/><D109/><U38/><E38/><V124/><F124/><W22/><G41/><N who="0" m="24943" /><D1/><U94/><E35/><V29/><F21/><W86/><G36/><T51/><D51/><AGARI ba="0,0" hai="6,10,14,17,18,29,30,31,51,52,56,79,83,84" machi="51" ten="40,5200,0" yaku="8,1,52,1,54,1" doraHai="48" who="2" fromWho="0" sc="254,-52,140,0,490,52,116,0" owari="202,0.2,140,-26.0,542,64.2,116,-38.4" /></mjloggm>