<mjloggm ver="2.3"><GO type="169" lobby="0"/><UN n0="%6D%79%6D%65%6C%6F%58%58" n1="%E3%81%9D%E3%81%86%E3%81%9F%E3%81%A3%E3%81%9F" n2="%E6%84%9A%E5%85%84%E3%81%8C%E6%84%9A%E5%BD%A2" n3="%E8%BE%9B%E5%8F%A3%E3%82%AB%E3%83%AC%E3%83%BC%E3%83%A9%E3%82%A4%E3%82%B9" dan="16,16,16,16" rate="2119.87,2055.62,2114.08,2139.32" sx="F,M,M,M"/><TAIKYOKU oya="0"/><INIT seed="0,0,0,1,0,9" ten="250,250,250,250" oya="0" hai0="76,10,119,93,88,120,114,113,121,23,26,70,91" hai1="115,45,107,33,67,66,6,2,68,50,16,14,84" hai2="97,89,39,30,72,96,11,117,125,22,135,12,65" hai3="104,105,31,134,90,103,59,25,116,74,56,60,17"/><T95/><D70/><U35/><E107/><V20/><F39/><W43/><G116/><T24/><D10/><U7/><E14/><V106/><F72/><W58/><G134/><T38/><D38/><U80/><E2/><V41/><F41/><W55/><G74/><T87/><D76/><U99/><E99/><V28/><F125/><W0/><G0/><T78/><D78/><U102/><E102/><V73/><F73/><W62/><G43/><T13/><D13/><U128/><E84/><V100/><F65/><W118/><G118/><T44/><D119/><U112/><E128/><V77/><F77/><W71/><G71/><T57/><D57/><U37/><E45/><V109/><F109/><W18/><G90/><T5/><D5/><U36/><E68/><V21/><F135/><W122/><G122/><T3/><D3/><U53/><E6/><V124/><F124/><W34/><G59/><T81/><D44/><U51/><E7/><V127/><F127/><W132/><G132/><T126/><D126/><U69/><E69/><V61/><F117/><W47/><G47/><T15/><D121/><U75/><E75/><V86/><F96/><W63/><G63/><T52/><D120/><U48/><E48/><V129/><F61/><W92/><G92/><N who="0" m="35403" /><D91/><U4/><E80/><N who="2" m="49351" /><F129/><W19/><REACH who="3" step="1"/><G103/><REACH who="3" ten="250,250,250,240" step="2"/><T32/><D88/><U29/><E37/><V85/><F85/><W40/><G40/><T42/><D42/><U8/><E36/><V79/><F79/><W1/><G1/><T83/><D87/><U111/><E50/><V101/><F100/><W110/><G110/><RYUUKYOKU ba="0,1" sc="250,-15,250,-15,250,15,240,15" hai2="11,12,20,21,22,28,30,97,101,106" hai3="17,18,19,25,31,34,55,56,58,60,62,104,105" /><INIT seed="1,1,1,3,3,82" ten="235,235,265,255" oya="1" hai0="76,57,68,37,75,49,87,23,18,103,88,1,71" hai1="50,9,121,26,62,6,40,2,72,79,52,19,46" hai2="90,94,14,93,31,35,16,119,27,114,96,130,78" hai3="8,101,66,70,38,63,36,43,102,99,61,111,120"/><U47/><E121/><V30/><F130/><W73/><G120/><T97/><D37/><U134/><E134/><V0/><F119/><W17/><G111/><T89/><D1/><U39/><E62/><V133/><F133/><W24/><G73/><T104/><D89/><U105/><E105/><V20/><F0/><W126/><G126/><T21/><D21/><U32/><E19/><V44/><F114/><W67/><G43/><T54/><D76/><U132/><E132/><V95/><F78/><W115/><G115/><T34/><D75/><U117/><E117/><V129/><F129/><W15/><G24/><T127/><D34/><U108/><E108/><V128/><F128/><W81/><G81/><T131/><D127/><U83/><E26/><V113/><F113/><W135/><G102/><T69/><D131/><U84/><REACH who="1" step="1"/><E32/><REACH who="1" ten="235,225,265,255" step="2"/><V110/><F110/><W51/><G135/><T107/><D107/><U122/><E122/><V65/><F31/><W33/><G33/><T13/><REACH who="0" step="1"/><D71/><REACH who="0" ten="225,225,265,255" step="2"/><U100/><E100/><V92/><F35/><W42/><G101/><T58/><D58/><U80/><E80/><AGARI ba="1,3" hai="13,18,23,49,54,57,68,69,80,87,88,97,103,104" machi="80" ten="30,7700,0" yaku="1,1,7,1,52,1,54,1,53,0" doraHai="82" doraHaiUra="25" who="0" fromWho="1" sc="225,110,225,-80,265,0,255,0" /><INIT seed="2,0,0,5,5,15" ten="335,145,265,255" oya="2" hai0="33,5,135,73,21,36,120,72,31,84,11,93,45" hai1="13,71,23,43,4,27,70,18,78,8,24,64,16" hai2="117,14,42,133,87,111,29,88,17,97,2,41,119" hai3="132,34,56,118,129,30,121,69,105,68,95,113,46"/><V65/><F2/><W103/><G56/><T6/><D33/><U75/><E43/><V49/><F29/><W0/><G46/><T96/><D120/><U80/><E64/><V9/><F65/><W130/><G95/><T110/><D110/><U99/><E99/><V109/><F97/><W91/><G91/><T40/><D84/><U48/><E48/><V125/><F125/><W85/><G85/><T25/><D135/><U59/><E59/><V81/><F133/><W52/><G52/><T76/><D76/><U3/><E24/><V51/><F51/><W19/><G103/><T128/><D128/><U94/><E94/><V20/><F20/><AGARI ba="0,0" hai="3,4,8,13,16,18,20,23,27,70,71,75,78,80" machi="20" ten="30,7700,0" yaku="7,1,52,2,54,1" doraHai="15" who="1" fromWho="2" sc="335,0,145,77,265,-77,255,0" /><INIT seed="3,0,0,1,0,47" ten="335,222,188,255" oya="3" hai0="134,80,36,25,63,98,119,83,6,10,115,11,3" hai1="19,72,58,117,31,61,2,70,97,131,55,104,5" hai2="71,38,88,43,0,37,129,50,101,66,108,128,135" hai3="8,122,16,67,35,51,78,82,27,84,26,130,93"/><W77/><G122/><T99/><D119/><U41/><E72/><V28/><F28/><W24/><G130/><N who="2" m="50281" /><F101/><W75/><G67/><T74/><D134/><U18/><E117/><V54/><F0/><W49/><G35/><T64/><D36/><N who="2" m="13930" /><F88/><N who="3" m="53383" /><G75/><T22/><D11/><U68/><E104/><V23/><F23/><W60/><G60/><T56/><D115/><U107/><E107/><V30/><F30/><W12/><G82/><T103/><D74/><U86/><E31/><V44/><F108/><W57/><G57/><T106/><D99/><U17/><E97/><V81/><F81/><W95/><G95/><T46/><D46/><U91/><E131/><V121/><F135/><W7/><G7/><T15/><D3/><U124/><E5/><V4/><F4/><W32/><G32/><T73/><D73/><U110/><E110/><V92/><F92/><W114/><G114/><T113/><D113/><U14/><E2/><V111/><F111/><W33/><G33/><T40/><D83/><U133/><E133/><V79/><F79/><AGARI ba="0,0" hai="8,12,16,24,26,27,49,51,77,78,79" m="53383" machi="79" ten="30,12000,1" yaku="8,1,52,2,54,2" doraHai="47" who="3" fromWho="2" sc="335,0,222,0,188,-120,255,120" /><INIT seed="3,1,0,3,5,74" ten="335,222,68,375" oya="3" hai0="71,51,113,97,52,17,43,104,7,18,121,63,6" hai1="111,134,4,80,14,32,46,23,132,31,69,78,72" hai2="42,106,96,58,55,120,126,103,5,101,64,81,33" hai3="73,54,1,57,19,83,79,30,107,16,86,133,22"/><W85/><G107/><T13/><D121/><U122/><E122/><V24/><F126/><W112/><G112/><T56/><D113/><U93/><E69/><V131/><F131/><W37/><G37/><T8/><D7/><U11/><E111/><V67/><F120/><W118/><G118/><T102/><REACH who="0" step="1"/><D43/><REACH who="0" ten="325,222,68,375" step="2"/><U27/><E4/><V2/><F42/><W65/><G133/><T45/><D45/><U50/><E46/><V98/><F5/><W108/><G108/><T91/><D91/><U20/><E132/><V128/><F128/><W100/><G100/><T124/><D124/><U90/><E134/><V76/><F2/><W77/><G1/><T10/><D10/><U15/><E11/><V127/><F127/><W70/><G19/><T49/><D49/><U84/><E50/><V109/><F109/><W125/><G16/><T29/><D29/><U114/><E114/><V59/><F101/><W61/><G125/><T26/><D26/><U28/><E28/><V87/><F24/><W75/><G30/><T0/><D0/><U60/><E14/><V99/><F103/><W44/><G44/><T123/><D123/><U48/><E48/><V36/><F36/><W82/><G22/><N who="1" m="8234" /><E15/><V34/><F34/><W38/><G38/><T39/><D39/><U53/><E32/><V88/><F33/><W3/><G3/><T9/><D9/><U95/><E31/><V135/><F135/><W130/><G130/><T129/><D129/><U35/><E35/><V110/><F110/><W66/><G70/><T68/><D68/><U41/><E41/><V12/><F12/><RYUUKYOKU ba="1,1" sc="325,15,222,-15,68,-15,375,15" hai0="6,8,13,17,18,51,52,56,63,71,97,102,104" hai3="54,57,61,65,66,73,75,77,79,82,83,85,86" /><INIT seed="3,2,1,0,1,71" ten="340,207,53,390" oya="3" hai0="34,18,4,135,78,81,3,94,131,46,113,90,44" hai1="2,132,52,114,17,30,75,60,9,118,57,80,39" hai2="14,20,82,66,28,63,6,47,35,31,108,110,130" hai3="115,24,0,134,117,87,116,8,83,105,106,11,79"/><W100/><G115/><T109/><D109/><N who="2" m="42090" /><F35/><W55/><G134/><T40/><D135/><U58/><E30/><V122/><F130/><W99/><G106/><T21/><D113/><U56/><E118/><V121/><F82/><W22/><G55/><T15/><D34/><U119/><E119/><V29/><F47/><W27/><G27/><T36/><D46/><U59/><E114/><V13/><F63/><W102/><G102/><T76/><D131/><U62/><E132/><V32/><F66/><W98/><G98/><T77/><D4/><U68/><E68/><V123/><F32/><W67/><G67/><T48/><D3/><U10/><E62/><V12/><F6/><W49/><G49/><T103/><D103/><U5/><E80/><V126/><F126/><W16/><REACH who="3" step="1"/><G11/><REACH who="3" ten="340,207,53,380" step="2"/><T64/><D64/><U92/><E60/><V41/><F41/><W26/><G26/><AGARI ba="2,2" hai="12,13,14,20,26,28,29,31,121,122,123" m="42090" machi="26" ten="40,8000,1" yaku="13,1,14,1,34,2" doraHai="71" who="2" fromWho="3" sc="340,0,207,0,53,106,380,-86" /><INIT seed="4,0,0,5,5,89" ten="340,207,159,294" oya="0" hai0="101,70,77,24,130,134,107,10,78,91,21,83,22" hai1="79,26,16,68,133,36,30,103,113,93,96,29,18" hai2="1,23,73,57,27,132,42,84,52,81,97,99,61" hai3="128,32,108,116,115,74,80,112,49,88,86,58,39"/><T90/><D70/><U85/><E36/><V95/><F132/><W0/><G39/><T118/><D118/><U6/><E68/><V100/><F1/><W48/><G116/><T55/><D134/><U62/><E133/><V120/><F120/><W38/><G38/><T17/><D130/><U4/><E113/><N who="3" m="43594" /><G108/><T65/><D65/><U53/><E79/><V14/><F73/><W8/><G32/><T123/><D10/><U60/><E85/><V75/><F75/><W109/><G109/><T19/><D123/><U51/><E62/><V11/><F42/><W129/><G74/><T102/><D55/><U46/><E60/><V35/><F35/><W67/><G67/><T111/><D111/><U15/><E18/><V105/><F105/><W9/><G58/><T54/><D54/><U3/><E3/><V12/><F99/><W13/><G0/><T104/><REACH who="0" step="1"/><D83/><REACH who="0" ten="330,207,159,294" step="2"/><U121/><E121/><V71/><F71/><W127/><G8/><T94/><D94/><U31/><E53/><V28/><REACH who="2" step="1"/><F11/><REACH who="2" ten="330,207,149,294" step="2"/><W34/><G128/><T50/><D50/><U124/><E51/><V47/><F47/><W20/><G129/><T7/><D7/><U76/><E4/><V135/><F135/><W126/><G9/><T63/><D63/><U64/><E46/><V106/><F106/><W82/><G48/><T5/><D5/><U92/><E6/><V66/><F66/><W117/><G49/><T41/><D41/><U110/><E64/><V125/><F125/><W45/><G126/><T131/><D131/><U119/><E124/><V59/><F59/><W114/><G127/><RYUUKYOKU ba="0,2" sc="330,15,207,-15,149,15,294,-15" hai0="17,19,21,22,24,77,78,90,91,101,102,104,107" hai2="12,14,23,27,28,52,57,61,81,84,95,97,100" /><INIT seed="4,1,2,4,2,124" ten="345,192,164,279" oya="0" hai0="125,116,126,24,90,26,83,54,127,131,49,102,21" hai1="6,29,52,57,43,133,92,56,14,128,4,18,87" hai2="67,108,0,13,70,117,47,51,37,34,12,45,80" hai3="62,31,119,99,132,19,63,3,58,69,23,77,40"/><T103/><D116/><U129/><E43/><V41/><F34/><W32/><G119/><T123/><D123/><U72/><E72/><V76/><F108/><W73/><G3/><T79/><D90/><N who="1" m="53343" /><E57/><V85/><F0/><W30/><G69/><T95/><D95/><U39/><E29/><V16/><F117/><W59/><G40/><T11/><D11/><U22/><E39/><V38/><F12/><W36/><G36/><T120/><D120/><U33/><E33/><V74/><F74/><W115/><G73/><N who="0" m="43503" /><D131/><N who="1" m="50251" /><E133/><V42/><F70/><W91/><G31/><N who="0" m="17807" /><D26/><U61/><AGARI ba="1,2" hai="4,6,14,18,22,52,56,61" m="50251,53343" machi="61" ten="30,8000,1" yaku="19,1,52,3,54,1" doraHai="124" who="1" fromWho="1" sc="345,-41,192,103,164,-21,279,-21" /><INIT seed="5,0,0,5,3,48" ten="304,295,143,258" oya="1" hai0="91,59,42,61,122,114,127,37,76,109,55,36,112" hai1="54,50,126,124,56,18,63,120,87,118,113,65,1" hai2="60,14,38,110,33,29,131,69,97,115,45,43,82" hai3="68,30,129,20,44,3,22,7,0,133,49,86,72"/><U47/><E1/><V79/><F131/><W83/><G129/><T78/><D109/><U12/><E118/><V104/><F14/><W2/><G133/><T52/><D127/><U94/><E113/><N who="0" m="43625" /><D122/><U4/><E4/><V10/><F10/><W81/><G68/><T128/><D128/><U99/><E87/><V32/><F115/><W103/><G103/><T119/><D119/><U123/><E126/><V100/><F29/><W90/><G7/><T108/><D108/><U35/><E35/><V57/><F110/><W34/><G34/><T105/><D105/><U28/><E28/><V27/><F27/><W67/><G67/><N who="0" m="39359" /><D91/><U117/><E117/><V132/><F132/><W88/><G30/><T17/><D17/><U6/><E6/><V62/><F62/><W116/><G116/><T53/><D42/><U135/><E135/><V9/><F9/><W125/><G125/><T74/><D74/><U26/><E124/><V11/><F11/><W121/><G121/><T106/><D106/><U41/><E41/><V77/><F77/><AGARI ba="0,0" hai="36,37,52,53,55,76,77,78" m="39359,43625" machi="77" ten="30,8000,1" yaku="15,1,52,3,54,1" doraHai="48" who="0" fromWho="2" sc="304,80,295,0,143,-80,258,0" /><INIT seed="6,0,0,0,5,3" ten="384,295,63,258" oya="2" hai0="134,25,29,57,51,82,91,95,68,6,10,77,65" hai1="44,67,126,111,40,97,84,17,131,70,130,58,73" hai2="37,28,69,5,47,31,64,34,33,120,56,8,50" hai3="114,13,27,79,108,106,0,115,59,61,112,89,129"/><V135/><F120/><W121/><G121/><T132/><D68/><U52/><E73/><V45/><F135/><W14/><G0/><T71/><D71/><U83/><E97/><V24/><F37/><W7/><G108/><T107/><D107/><U36/><E17/><V81/><F81/><W4/><G106/><T49/><D65/><U99/><E99/><V76/><F76/><W22/><G129/><N who="1" m="49162" /><E126/><V105/><F105/><W75/><G89/><T18/><D18/><U87/><E83/><V133/><F133/><W66/><G75/><T100/><D100/><U16/><E111/><V98/><F98/><W2/><G79/><T21/><D95/><U86/><E67/><V55/><F69/><W102/><G102/><T103/><D103/><U43/><E43/><V72/><F72/><W104/><G104/><T12/><D91/><U19/><E70/><V122/><F122/><W39/><G39/><T117/><D134/><U62/><AGARI ba="0,0" hai="16,19,36,40,44,52,58,62,84,86,87" m="49162" machi="62" ten="30,4000,0" yaku="19,1,54,2" doraHai="3" who="1" fromWho="1" sc="384,-10,295,40,63,-20,258,-10" /><INIT seed="7,0,0,4,1,82" ten="374,335,43,248" oya="3" hai0="123,98,91,42,92,68,16,102,13,122,69,61,54" hai1="129,128,87,131,94,135,103,132,64,86,25,49,43" hai2="81,93,134,8,88,3,36,78,9,30,11,124,19" hai3="0,2,125,127,10,130,121,95,23,62,58,80,51"/><W60/><G121/><T55/><D42/><U106/><E106/><V15/><F124/><N who="3" m="47691" /><G130/><T56/><D123/><U101/><E64/><V65/><F134/><N who="1" m="51241" /><E25/><V66/><F36/><W34/><G34/><T126/><D122/><U35/><E35/><V107/><F107/><W70/><G70/><T32/><D32/><U90/><E87/><V22/><F3/><N who="3" m="1067" /><G10/><T114/><D114/><U17/><E17/><V31/><F31/><W71/><G71/><T73/><D73/><U28/><E28/><V40/><F40/><W118/><G118/><T111/><D111/><U26/><E26/><V57/><F30/><W67/><G95/><T46/><D126/><U47/><AGARI ba="0,0" hai="43,47,49,86,90,94,101,103,128,129,131" m="51241" machi="47" ten="40,5200,0" yaku="19,1,20,1,52,1" doraHai="82" who="1" fromWho="1" sc="374,-13,335,52,43,-13,248,-26" owari="361,16.1,387,48.7,30,-47.0,222,-17.8" /></mjloggm>