<mjloggm ver="2.3"><GO type="169" lobby="0"/><UN n0="%E3%82%86%E3%81%86%E3%82%86%E3%81%8D" n1="%67%2D%65%6E%6B%69" n2="%6B%69%72%61%72%69%79%75" n3="%43%72%37" dan="16,16,16,17" rate="2152.85,2098.87,2115.29,2219.87" sx="M,M,M,M"/><TAIKYOKU oya="0"/><INIT seed="0,0,0,0,0,73" ten="250,250,250,250" oya="0" hai0="80,106,26,131,17,114,11,100,1,25,61,107,36" hai1="12,23,53,92,71,122,66,48,113,4,39,31,112" hai2="93,51,69,49,32,94,89,33,41,21,132,30,110" hai3="67,115,29,15,3,60,79,62,108,40,124,54,52"/><T81/><D114/><N who="1" m="44139" /><E39/><V35/><F110/><W10/><G115/><T38/><D61/><N who="1" m="40399" /><E122/><V58/><F69/><W20/><G124/><T105/><D100/><U135/><E135/><V5/><F5/><W34/><G40/><T59/><D59/><N who="1" m="33191" /><E92/><V55/><F132/><W70/><G108/><T98/><D98/><U127/><E127/><V46/><F94/><W85/><G34/><T86/><D131/><U78/><E78/><V77/><F77/><W9/><G62/><T22/><D26/><N who="1" m="16863" /><E12/><V28/><REACH who="2" step="1"/><F21/><REACH who="2" ten="250,250,240,250" step="2"/><W97/><G79/><T130/><D130/><U6/><AGARI ba="0,1" hai="4,6" m="16863,33191,40399,44139" machi="6" ten="30,1100,0" yaku="11,1" doraHai="73" who="1" fromWho="1" sc="250,-5,250,21,240,-3,250,-3" /><INIT seed="1,0,0,4,1,2" ten="245,271,237,247" oya="1" hai0="41,127,54,55,9,124,85,119,65,93,70,63,28" hai1="102,58,1,21,66,114,19,35,13,78,112,40,4" hai2="117,108,106,109,74,105,39,32,31,37,26,134,113" hai3="96,115,80,10,88,50,122,128,7,129,42,3,130"/><U131/><E40/><V75/><F117/><W62/><G122/><T135/><D28/><U22/><E66/><V44/><F134/><W73/><G115/><N who="1" m="44074" /><E58/><V14/><F14/><W56/><G73/><N who="2" m="27657" /><F113/><W24/><G24/><T16/><D119/><U69/><E69/><V103/><F44/><W29/><G29/><T86/><D135/><U99/><E78/><V68/><F68/><W36/><G36/><N who="2" m="13897" /><F103/><W123/><G123/><T12/><D41/><U87/><E87/><N who="0" m="33289" /><D93/><U60/><E60/><V100/><F100/><W47/><G80/><T48/><D48/><U83/><E83/><V120/><F120/><W76/><G76/><T57/><D70/><U89/><E89/><V34/><F34/><W27/><G27/><T116/><D116/><U20/><E99/><V67/><F67/><N who="3" m="39367" /><G96/><T121/><D121/><U5/><E102/><V15/><F15/><W94/><G94/><T91/><D91/><AGARI ba="0,0" hai="3,7,10,42,47,50,88,91,128,129,130" m="39367" machi="91" ten="30,3900,0" yaku="19,1,52,1,54,1" doraHai="2" who="3" fromWho="0" sc="245,-39,271,0,237,0,247,39" /><INIT seed="2,0,0,5,1,36" ten="206,271,237,286" oya="2" hai0="113,12,79,67,15,59,72,101,8,132,46,120,129" hai1="105,61,93,117,47,55,38,26,45,115,66,60,95" hai2="6,53,41,131,37,127,19,92,76,63,78,80,98" hai3="20,62,58,25,94,29,3,57,32,23,111,34,84"/><V43/><F127/><W134/><G111/><T100/><D120/><U1/><E105/><V54/><F37/><W65/><G134/><T30/><D113/><U56/><E1/><V70/><F131/><W39/><G3/><T118/><D132/><U69/><E115/><V123/><F123/><W109/><G109/><T64/><D30/><U126/><E26/><V50/><F6/><W107/><G107/><T112/><D112/><U128/><E93/><V130/><F19/><W77/><G39/><T124/><D79/><N who="2" m="30250" /><F80/><W135/><G135/><T86/><D72/><U75/><E95/><V4/><F4/><W90/><G77/><T119/><D124/><U89/><E89/><N who="2" m="55567" /><F70/><W73/><G73/><T33/><D33/><U10/><E10/><V110/><F110/><W106/><G106/><T17/><D129/><U83/><E83/><V114/><F114/><W28/><G58/><T18/><D59/><N who="1" m="34943" /><E75/><V11/><F11/><W81/><G94/><T88/><D8/><U7/><E7/><V44/><F130/><W5/><G5/><T133/><D133/><U24/><E126/><V35/><F35/><W22/><G20/><T116/><D116/><U74/><E24/><AGARI ba="0,0" hai="22,23,24,25,28,29,32,34,57,62,65,81,84,90" machi="24" ten="40,1300,0" yaku="9,1" doraHai="36" who="3" fromWho="1" sc="206,0,271,-13,237,0,286,13" /><INIT seed="3,0,0,3,2,46" ten="206,258,237,299" oya="3" hai0="116,79,72,54,47,12,81,11,64,15,127,88,74" hai1="130,100,21,48,104,110,20,4,43,101,105,121,76" hai2="5,38,96,3,58,68,87,29,23,0,45,37,133" hai3="71,123,91,40,120,124,28,135,99,27,57,56,117"/><W67/><G117/><T24/><D127/><U53/><E121/><V18/><F68/><W84/><G124/><T134/><D134/><U109/><E76/><V42/><F133/><W114/><G135/><T52/><D116/><U90/><E90/><V106/><F37/><W22/><G114/><T66/><D24/><U44/><E4/><V9/><F29/><W75/><G75/><T19/><D74/><U55/><E44/><V30/><F58/><W61/><G99/><T26/><D26/><U128/><REACH who="1" step="1"/><E43/><REACH who="1" ten="206,248,237,299" step="2"/><V80/><F5/><W115/><G40/><T60/><D88/><U35/><E35/><V98/><F45/><W82/><G115/><T70/><D66/><U125/><E125/><V59/><F42/><W69/><REACH who="3" step="1"/><G56/><REACH who="3" ten="206,248,237,289" step="2"/><T85/><D72/><U8/><E8/><V77/><F59/><W39/><G39/><T97/><D97/><U103/><E103/><V6/><F38/><W34/><G34/><T17/><REACH who="0" step="1"/><D47/><REACH who="0" ten="196,248,237,289" step="2"/><U50/><AGARI ba="0,3" hai="20,21,48,50,53,55,100,101,104,105,109,110,128,130" machi="50" ten="25,12000,2" yaku="1,1,0,1,22,2,52,2,53,0" doraHai="46" doraHaiUra="1" who="1" fromWho="1" sc="196,-30,248,150,237,-30,289,-60" /><INIT seed="4,0,0,3,3,116" ten="166,398,207,229" oya="0" hai0="63,61,99,27,31,23,96,47,75,70,124,5,14" hai1="83,49,79,85,133,21,33,53,30,115,11,77,76" hai2="102,121,78,98,113,125,127,89,123,72,40,111,74" hai3="6,56,32,94,48,109,67,42,68,114,25,22,43"/><T37/><D124/><N who="2" m="47690" /><F40/><W60/><G109/><T57/><D75/><N who="2" m="28714" /><F111/><W65/><G114/><T2/><D2/><U134/><E33/><V36/><F36/><W24/><G6/><T52/><D37/><U34/><E34/><V112/><F89/><W58/><G68/><T45/><D70/><U1/><E1/><V46/><F46/><N who="0" m="17418" /><D63/><U66/><E11/><AGARI ba="0,0" hai="5,11,14,23,27,31,52,57,61,96,99" m="17418" machi="11" ten="30,2900,0" yaku="8,1,54,1" doraHai="116" who="0" fromWho="1" sc="166,29,398,-29,207,0,229,0" /><INIT seed="4,1,0,4,1,118" ten="195,369,207,229" oya="0" hai0="46,21,28,135,22,113,1,76,42,35,39,117,112" hai1="52,6,134,50,75,115,74,78,65,63,95,19,71" hai2="16,98,97,125,111,119,81,24,62,67,109,56,84" hai3="29,5,64,13,8,87,79,0,80,54,85,27,9"/><T123/><D117/><U15/><E134/><V2/><F2/><W44/><G64/><T14/><D135/><U37/><E37/><V88/><F119/><W70/><G70/><T133/><D133/><U55/><E55/><V61/><F61/><W11/><G0/><T132/><D132/><U91/><E6/><V116/><F116/><W110/><G110/><N who="2" m="41993" /><F125/><W58/><G87/><T121/><D1/><U107/><E107/><V33/><F33/><W106/><G106/><T129/><D76/><U94/><E115/><N who="0" m="44105" /><D14/><U92/><E91/><V77/><F77/><W104/><G44/><T101/><D101/><U26/><E26/><V48/><F48/><W17/><G5/><T73/><D73/><U53/><E53/><V72/><F72/><W68/><G68/><T10/><D10/><U127/><E127/><V66/><F66/><W131/><G104/><T57/><D57/><U25/><E25/><V100/><F100/><W103/><G103/><T40/><D40/><U102/><E102/><V60/><F60/><W41/><G41/><T82/><D82/><U126/><E126/><V105/><F105/><W90/><G79/><T83/><D83/><U124/><E124/><V20/><F81/><W96/><G131/><T18/><D129/><U47/><REACH who="1" step="1"/><E78/><REACH who="1" ten="195,359,207,229" step="2"/><V3/><F24/><W7/><G7/><T120/><D18/><U32/><E32/><V128/><F128/><W99/><G27/><AGARI ba="1,1" hai="21,22,27,28,35,39,42,46,120,121,123" m="44105" machi="27" ten="40,12000,1" yaku="15,1,52,3" doraHai="118" who="0" fromWho="3" sc="195,133,359,0,207,0,229,-123" /><INIT seed="4,2,0,2,5,118" ten="328,359,207,106" oya="0" hai0="112,49,99,91,21,114,64,46,121,7,134,95,89" hai1="53,78,58,54,40,22,41,66,44,57,107,26,135" hai2="61,33,71,17,117,88,85,30,86,132,128,45,124" hai3="101,133,67,97,98,18,73,65,62,83,55,79,48"/><T39/><D39/><U110/><E110/><V5/><F117/><W81/><G133/><T96/><D134/><U126/><E107/><V87/><F132/><W3/><G3/><T70/><D7/><U108/><E108/><V68/><F128/><W74/><G18/><T31/><D70/><U63/><E135/><V19/><F5/><W32/><G32/><T120/><D64/><U43/><E78/><V60/><F45/><W15/><G15/><T131/><D131/><U56/><E126/><V35/><F124/><W109/><G109/><T72/><D72/><U75/><E75/><V113/><F113/><N who="0" m="43626" /><D96/><U69/><E22/><V51/><F51/><W111/><G111/><T11/><D11/><U129/><E26/><V50/><F50/><W1/><G1/><T90/><D31/><U8/><E8/><V123/><F86/><W25/><G74/><T105/><D105/><U2/><E129/><V127/><F127/><W24/><G97/><T37/><D37/><N who="1" m="21519" /><E2/><V122/><F30/><W20/><G67/><T119/><D21/><U27/><E27/><N who="3" m="10314" /><G20/><T125/><D119/><U38/><E38/><V80/><F80/><W23/><G23/><T103/><D125/><U93/><E93/><V9/><F9/><W82/><G98/><T16/><D16/><U0/><E0/><V106/><F106/><W34/><G34/><T77/><D77/><U29/><E29/><V104/><F104/><W102/><G79/><T92/><D95/><U94/><E94/><V36/><F36/><W84/><G73/><T76/><D76/><U28/><E28/><V59/><F35/><RYUUKYOKU ba="2,0" sc="328,15,359,15,207,-15,106,-15" hai0="46,49,89,90,91,92,99,103,120,121" hai1="41,43,53,54,56,57,58,63,66,69" /><INIT seed="4,3,0,0,1,30" ten="343,374,192,91" oya="0" hai0="57,118,2,107,47,91,63,61,42,43,7,100,84" hai1="97,95,89,109,13,115,17,94,134,98,92,18,12" hai2="59,124,71,26,96,24,90,49,87,128,45,55,8" hai3="40,133,20,58,79,108,131,53,68,28,74,88,6"/><T1/><D118/><U105/><E109/><V113/><F71/><W122/><G108/><T0/><D7/><U66/><E134/><V31/><F113/><W103/><G68/><T104/><D61/><U4/><E4/><V16/><F128/><W64/><G64/><T80/><D100/><U116/><E116/><V23/><F124/><W41/><G131/><T93/><D80/><U5/><E5/><V65/><F96/><W81/><G122/><T129/><D129/><U21/><E115/><V22/><F8/><W32/><G103/><T82/><D82/><U112/><E112/><V35/><F65/><W73/><G73/><T85/><D85/><U101/><REACH who="1" step="1"/><E66/><REACH who="1" ten="343,364,192,91" step="2"/><V56/><REACH who="2" step="1"/><F23/><AGARI ba="3,1" hai="12,13,17,18,21,23,89,92,94,95,97,98,101,105" machi="23" ten="30,7700,0" yaku="1,1,2,1,7,1,9,1,53,0" doraHai="30" doraHaiUra="111" who="1" fromWho="2" sc="343,0,364,96,192,-86,91,0" /><INIT seed="5,0,0,1,5,27" ten="343,460,106,91" oya="1" hai0="119,55,97,52,90,98,115,118,102,111,34,104,114" hai1="105,35,17,123,62,24,11,80,0,127,43,50,15" hai2="132,120,26,2,18,67,56,41,112,99,6,89,87" hai3="60,91,83,1,77,42,116,94,122,7,10,73,75"/><U76/><E127/><V82/><F120/><W49/><G122/><T58/><D111/><U130/><E130/><V101/><F132/><W131/><G131/><T19/><D19/><U51/><E105/><V57/><F112/><N who="0" m="43050" /><D34/><U71/><E123/><V108/><F108/><W85/><G116/><N who="0" m="44587" /><D58/><U36/><E0/><V3/><F41/><W38/><G49/><T45/><D45/><U16/><E71/><V8/><F2/><W61/><REACH who="3" step="1"/><G73/><REACH who="3" ten="343,460,106,81" step="2"/><T133/><D133/><U69/><E51/><V47/><F67/><W68/><G68/><T110/><D110/><U4/><E50/><V95/><F47/><AGARI ba="0,1" hai="1,7,10,38,42,47,60,61,75,77,83,85,91,94" machi="47" ten="40,5200,0" yaku="1,1,25,2,53,0" doraHai="27" doraHaiUra="92" who="3" fromWho="2" sc="343,0,460,0,106,-52,81,62" /><INIT seed="6,0,0,3,4,40" ten="343,460,54,143" oya="2" hai0="15,112,131,91,68,108,4,3,54,99,95,126,119" hai1="105,28,61,111,134,65,102,86,117,79,58,100,47" hai2="13,43,10,26,82,135,0,49,21,110,46,127,123" hai3="85,9,12,8,35,20,63,120,59,48,24,133,75"/><V76/><F123/><W128/><G75/><T50/><D3/><U56/><E111/><V78/><F135/><W41/><G120/><T14/><D68/><U17/><E28/><V125/><F110/><W92/><G35/><T38/><D38/><U44/><E117/><V118/><F0/><W31/><G128/><T51/><D108/><U115/><E105/><V1/><F1/><W22/><G133/><T53/><D126/><U57/><E57/><V11/><F118/><W2/><G2/><T89/><D112/><U70/><E70/><V25/><F10/><W74/><G74/><T55/><D131/><U103/><E115/><V97/><F97/><W130/><G22/><T39/><D39/><U72/><E72/><V32/><F32/><W67/><G12/><T69/><D69/><U29/><E29/><N who="2" m="17583" /><F26/><W71/><G130/><T42/><D119/><U94/><E134/><V7/><F78/><W19/><G31/><T33/><D33/><U73/><E73/><V60/><F60/><W30/><G30/><T114/><D114/><U52/><E17/><V113/><F113/><W132/><G132/><T90/><D15/><U101/><E101/><V34/><F34/><W16/><G19/><T88/><D14/><U84/><E84/><AGARI ba="0,0" hai="7,11,13,43,46,49,76,82,84,125,127" m="17583" machi="84" ten="30,2900,0" yaku="25,1,52,1" doraHai="40" who="2" fromWho="1" sc="343,0,460,-29,54,29,143,0" /><INIT seed="6,1,0,4,3,94" ten="343,431,83,143" oya="2" hai0="50,108,61,112,38,15,123,10,73,54,113,124,48" hai1="6,102,9,46,103,16,128,7,132,72,31,84,8" hai2="58,115,28,23,90,26,116,13,130,35,121,52,101" hai3="120,77,133,75,56,92,93,40,12,49,104,105,127"/><V85/><F116/><W110/><G110/><T41/><D73/><U79/><E31/><V74/><F74/><W14/><G120/><T36/><D15/><U51/><E72/><V83/><F121/><W97/><G127/><T96/><D123/><U33/><E33/><V100/><F115/><W62/><G133/><T30/><D30/><U37/><E37/><V53/><F130/><W34/><G34/><T18/><D10/><U20/><E9/><V32/><F32/><W78/><G93/><T45/><D18/><U60/><E60/><V134/><F134/><W118/><G105/><T43/><D61/><U70/><E70/><V91/><F91/><N who="3" m="55455" /><G104/><T5/><D96/><U129/><E132/><V4/><F53/><W76/><G118/><T95/><D95/><U67/><E67/><V22/><F35/><W11/><G11/><T47/><D5/><U122/><E122/><V25/><F4/><W59/><G75/><T125/><D54/><N who="1" m="30071" /><E84/><V117/><F117/><W21/><G21/><T107/><D107/><U24/><E79/><V68/><F68/><W65/><G59/><T82/><D82/><U27/><E27/><V29/><F13/><W114/><G114/><N who="0" m="44139" /><D108/><U57/><E7/><V87/><F87/><W66/><G65/><T1/><D1/><U44/><E6/><V64/><F64/><W81/><G81/><T111/><D111/><U88/><E8/><V80/><F80/><W63/><G63/><AGARI ba="1,0" hai="22,23,25,26,28,29,52,58,63,83,85,90,100,101" machi="63" ten="30,11600,0" yaku="7,1,9,1,8,1,54,1" doraHai="94" who="2" fromWho="3" sc="343,0,431,0,83,119,143,-119" /><INIT seed="6,2,0,5,5,52" ten="343,431,202,24" oya="2" hai0="19,63,124,44,135,78,87,50,28,31,130,20,119" hai1="94,127,14,70,51,95,79,7,13,107,61,15,26" hai2="59,21,37,24,11,110,6,9,106,92,89,18,39" hai3="102,42,29,36,131,56,32,47,73,38,97,121,60"/><V112/><F106/><W40/><G121/><T25/><D124/><U105/><E79/><V117/><F117/><W62/><G131/><T23/><D135/><U123/><E7/><V83/><F83/><W88/><G73/><T120/><D120/><U41/><E15/><V108/><F112/><W115/><G115/><T126/><D126/><U10/><E51/><V57/><F39/><W80/><G62/><T100/><D130/><U33/><E41/><V64/><F64/><W133/><G133/><T30/><D100/><U4/><E4/><V1/><F11/><W54/><G29/><T45/><D45/><U71/><E61/><V96/><REACH who="2" step="1"/><F37/><REACH who="2" ten="343,431,192,24" step="2"/><W99/><G32/><T118/><D118/><U46/><E107/><V104/><F104/><W68/><G68/><T16/><D119/><U122/><E105/><V98/><F98/><W48/><G40/><T85/><D78/><U134/><E33/><V77/><F77/><W72/><G102/><T132/><D132/><U114/><E71/><V43/><F43/><W0/><G0/><T2/><D2/><U113/><E70/><V12/><F12/><W91/><G72/><T66/><D87/><U75/><E10/><V103/><F103/><W55/><G38/><T58/><D85/><U17/><E75/><V69/><F69/><W109/><G109/><AGARI ba="2,1" hai="1,6,9,18,21,24,57,59,89,92,96,108,109,110" machi="109" ten="40,12000,1" yaku="1,1,10,1,52,2,53,0" doraHai="52" doraHaiUra="129" who="2" fromWho="3" sc="343,0,431,0,192,136,24,-126" owari="343,14.3,431,53.1,328,-7.2,-102,-60.2" /></mjloggm>