<mjloggm ver="2.3"><GO type="169" lobby="0"/><UN n0="%E3%81%97%E3%82%89%E3%81%99%EF%BC%A1" n1="%61%6D%61%69%6B%61" n2="%E3%81%95%E3%82%93%E3%81%84%E3%81%A1%E3%82%8D%E3%81%8F%E3%81%94" n3="%73%61%6E%64%69%72%69%73" dan="16,17,17,17" rate="2094.65,2155.05,2086.77,2180.18" sx="M,M,M,M"/><TAIKYOKU oya="0"/><INIT seed="0,0,0,4,0,73" ten="250,250,250,250" oya="0" hai0="63,30,90,12,82,125,52,14,84,54,89,79,33" hai1="48,108,126,19,112,109,22,113,117,45,50,11,104" hai2="99,13,124,27,40,123,60,107,31,81,130,132,97" hai3="29,98,101,121,76,85,51,111,9,118,72,42,49"/><T133/><D125/><U47/><E104/><V80/><F123/><W87/><G118/><T75/><D133/><U96/><E96/><V83/><F132/><W26/><G111/><N who="1" m="42570" /><E11/><V91/><F130/><W128/><G128/><T116/><D116/><U10/><E10/><V23/><F124/><W102/><G121/><T93/><D89/><U134/><E134/><V57/><F40/><W69/><G69/><T70/><D70/><U58/><E117/><V64/><F107/><W120/><G9/><T21/><D33/><U8/><E8/><V127/><F127/><W68/><G68/><T38/><D38/><U56/><E19/><V88/><REACH who="2" step="1"/><F13/><REACH who="2" ten="250,250,240,250" step="2"/><W92/><G42/><T28/><D12/><U24/><E126/><V110/><F110/><W15/><G15/><T105/><D105/><U36/><E113/><V35/><F35/><W106/><G120/><T129/><D129/><U46/><E112/><V115/><F115/><W114/><G114/><T65/><D14/><U66/><E36/><V43/><F43/><W17/><G106/><T37/><D37/><U0/><E0/><V25/><F25/><W32/><G26/><T7/><D21/><U20/><E24/><V61/><F61/><W71/><G32/><T86/><D7/><U122/><E122/><V77/><F77/><W59/><G76/><T5/><D5/><U44/><E20/><V4/><F4/><W6/><G6/><T67/><D63/><N who="1" m="38247" /><E22/><V100/><F100/><W18/><G102/><T95/><D79/><U3/><N who="1" m="11264" /><DORA hai="39" /><U1/><E50/><N who="3" m="18954" /><G101/><T135/><D135/><U78/><E78/><RYUUKYOKU ba="0,1" sc="250,-15,250,15,240,15,250,-15" hai1="1,3,48,58" hai2="23,27,31,57,60,64,80,81,83,88,91,97,99" /><INIT seed="1,1,1,5,2,105" ten="235,265,255,235" oya="1" hai0="114,109,34,70,82,39,44,100,122,7,75,36,29" hai1="30,48,99,15,111,97,5,55,116,37,16,1,98" hai2="0,81,73,22,128,77,3,129,45,92,85,74,69" hai3="94,127,54,26,62,102,118,134,58,57,133,124,25"/><U8/><E37/><V10/><F69/><W115/><G115/><T49/><D114/><U110/><E116/><V14/><F22/><W32/><G118/><T60/><D109/><N who="1" m="41483" /><E30/><V66/><F66/><W51/><G94/><T21/><D21/><N who="1" m="11423" /><E99/><V84/><F45/><AGARI ba="1,1" hai="1,5,8,45,48,55,97,98" m="11423,41483" machi="45" ten="30,5800,0" yaku="14,1,10,1,54,1" doraHai="105" who="1" fromWho="2" sc="235,0,265,71,255,-61,235,0" /><INIT seed="1,2,0,5,3,45" ten="235,336,194,235" oya="1" hai0="133,127,29,26,21,28,118,121,53,88,59,122,111" hai1="66,58,10,132,12,79,57,60,34,84,76,46,11" hai2="2,63,95,5,24,77,135,7,52,40,20,97,35" hai3="90,51,15,129,38,48,56,27,104,105,55,96,8"/><U82/><E34/><V112/><F35/><W31/><G38/><T86/><D111/><U36/><E132/><V37/><F135/><W126/><G126/><T42/><D118/><U134/><E134/><V13/><F2/><W128/><G90/><T47/><D133/><U1/><E1/><V102/><F77/><W98/><G105/><T103/><D103/><U124/><E124/><V101/><F112/><W91/><G104/><T75/><D75/><U41/><E76/><V0/><F0/><W72/><G72/><T120/><D127/><U68/><REACH who="1" step="1"/><E10/><REACH who="1" ten="235,326,194,235" step="2"/><V16/><F7/><AGARI ba="2,1" hai="7,11,12,36,41,46,57,58,60,66,68,79,82,84" machi="7" ten="30,5800,0" yaku="1,1,2,1,7,1,53,0" doraHai="45" doraHaiUra="117" who="1" fromWho="2" sc="235,0,326,74,194,-64,235,0" /><INIT seed="1,3,0,2,2,36" ten="235,400,130,235" oya="1" hai0="80,32,57,20,131,101,98,11,44,106,5,100,18" hai1="12,23,113,121,52,1,81,94,51,99,109,134,0" hai2="119,24,45,73,65,55,76,83,29,87,37,42,75" hai3="86,60,91,27,59,43,92,56,16,33,115,127,72"/><U49/><E113/><V133/><F119/><W61/><G115/><T107/><D32/><U64/><E121/><V34/><F133/><W82/><G127/><T97/><D131/><U50/><E134/><V3/><F3/><W39/><G33/><T14/><D57/><U123/><E123/><V26/><F55/><W68/><G68/><T58/><D58/><U22/><E64/><V124/><F124/><W85/><G72/><T48/><D80/><U126/><E126/><V66/><REACH who="2" step="1"/><F26/><REACH who="2" ten="235,400,120,235" step="2"/><W122/><G122/><T77/><D77/><U110/><E0/><V70/><F70/><W30/><G61/><T25/><D44/><U21/><E1/><V41/><F41/><W102/><G60/><T128/><D128/><U69/><E69/><V2/><F2/><W4/><G43/><T28/><REACH who="0" step="1"/><D48/><REACH who="0" ten="225,400,120,235" step="2"/><U10/><E50/><V67/><AGARI ba="3,2" hai="24,29,34,37,42,45,65,66,67,73,75,76,83,87" machi="67" ten="30,4000,0" yaku="1,1,0,1,52,1,53,0" doraHai="36" doraHaiUra="118" who="2" fromWho="2" sc="225,-13,400,-23,120,69,235,-13" /><INIT seed="2,0,0,3,5,105" ten="212,377,189,222" oya="2" hai0="34,22,133,112,102,123,37,82,68,108,50,59,35" hai1="116,19,17,51,46,70,55,45,80,92,54,94,106" hai2="2,78,81,76,125,73,58,30,66,135,38,107,109" hai3="119,91,57,121,39,131,41,104,48,84,65,24,53"/><V115/><F115/><W126/><G119/><T122/><D37/><U114/><E106/><V33/><F38/><W90/><G121/><T42/><D68/><U77/><E70/><V111/><F107/><W23/><G126/><T8/><D112/><U117/><E114/><V95/><F125/><W21/><G131/><T118/><D102/><U29/><E29/><V16/><F2/><W87/><G104/><T40/><D108/><N who="2" m="41546" /><F135/><W3/><G3/><T74/><D8/><U1/><E1/><V129/><F129/><W47/><G65/><T31/><D133/><U63/><E116/><V132/><F132/><W25/><G25/><T130/><D130/><U28/><E28/><V9/><F78/><W7/><G7/><T6/><D6/><U20/><E17/><V72/><F95/><W0/><G0/><T128/><D128/><U88/><E117/><V5/><F5/><W110/><G110/><T49/><D118/><U18/><E20/><V67/><F73/><W32/><G32/><T64/><D74/><U97/><E92/><V62/><F67/><W101/><G101/><T71/><D64/><U60/><E18/><V56/><F56/><W100/><G100/><T12/><D59/><U44/><E19/><V11/><F16/><N who="3" m="12327" /><G23/><T85/><D71/><U96/><E96/><V79/><F79/><W99/><G99/><T27/><D123/><U103/><E103/><V26/><AGARI ba="0,0" hai="9,11,26,30,33,58,62,66,72,76,81" m="41546" machi="26" ten="30,6000,0" yaku="14,1,10,1,52,1" doraHai="105" who="2" fromWho="2" sc="212,-20,377,-20,189,60,222,-20" /><INIT seed="2,1,0,0,2,4" ten="192,357,249,202" oya="2" hai0="82,53,93,17,50,85,111,29,78,34,19,13,84" hai1="134,120,27,63,15,76,71,31,117,73,8,64,128" hai2="109,37,74,42,46,114,121,123,91,72,77,95,12" hai3="11,59,107,61,48,113,60,21,88,16,96,101,83"/><V0/><F114/><W33/><G33/><T133/><D111/><U51/><E128/><V112/><F112/><W132/><G113/><T118/><D133/><U92/><E134/><V40/><F109/><W131/><G132/><T22/><D118/><U25/><E120/><V55/><F42/><W106/><G106/><T62/><D34/><U7/><E117/><V125/><F125/><W98/><G131/><T124/><D124/><U103/><E73/><V14/><F0/><W35/><G35/><T44/><D62/><N who="3" m="24169" /><G107/><T3/><D3/><U126/><E76/><V86/><F74/><W43/><G21/><T68/><D68/><U38/><E38/><V90/><F91/><W54/><G43/><T104/><D104/><U10/><E31/><V6/><F55/><W100/><G98/><T80/><D93/><U2/><E51/><V18/><F6/><W9/><G16/><N who="0" m="10511" /><D29/><U129/><E129/><V58/><F12/><W65/><G65/><T28/><D28/><U119/><E119/><V57/><F121/><W81/><G81/><T116/><D116/><U135/><E126/><V39/><F39/><W97/><G97/><T52/><D53/><U30/><E30/><V99/><F72/><W24/><G24/><T130/><D130/><U36/><E36/><V56/><F123/><W87/><G96/><T105/><D105/><U26/><E135/><V69/><F69/><W32/><G32/><T70/><D70/><U20/><E103/><AGARI ba="1,0" hai="9,11,48,54,59,83,87,88,100,101,103" m="24169" machi="103" ten="30,7700,0" yaku="8,1,52,2,54,1" doraHai="4" who="3" fromWho="1" sc="192,0,357,-80,249,0,202,80" /><INIT seed="3,0,0,0,0,63" ten="192,277,249,282" oya="3" hai0="122,88,30,107,56,47,10,64,80,1,132,115,113" hai1="24,53,19,135,2,26,72,21,41,93,99,121,133" hai2="101,94,20,60,12,96,6,116,109,16,117,15,49" hai3="73,36,110,39,13,134,44,57,59,131,66,118,87"/><W67/><G73/><T91/><D122/><U127/><E72/><V43/><F109/><W34/><G34/><T32/><D107/><U11/><E121/><V3/><F3/><W75/><G75/><T78/><D132/><N who="1" m="50763" /><E41/><V106/><F106/><W83/><G134/><T79/><D47/><U40/><E40/><V27/><F116/><W114/><G118/><T95/><D32/><U123/><E53/><V81/><F6/><W33/><G33/><T55/><D30/><U82/><E82/><V46/><F117/><W120/><G114/><N who="0" m="43531" /><D80/><U17/><E123/><V111/><F111/><W52/><G110/><T89/><D95/><U76/><E76/><N who="0" m="29225" /><D55/><U130/><E130/><V103/><F81/><W77/><G131/><T124/><D124/><U23/><E127/><V125/><F125/><W102/><G120/><T69/><D69/><U48/><E48/><V108/><F108/><W119/><G119/><T126/><D126/><U14/><E93/><V84/><F103/><W35/><G102/><T51/><D51/><U54/><E54/><V62/><F84/><W90/><G77/><T86/><D86/><U29/><E99/><V22/><REACH who="2" step="1"/><F12/><REACH who="2" ten="192,277,239,282" step="2"/><W105/><G13/><T37/><D1/><AGARI ba="0,1" hai="1,2,11,14,17,19,21,23,24,26,29" m="50763" machi="1" ten="30,3900,0" yaku="20,1,34,2" doraHai="63" who="1" fromWho="0" sc="192,-39,277,49,239,0,282,0" /><INIT seed="4,0,0,4,1,5" ten="153,326,239,282" oya="0" hai0="39,63,43,132,11,75,0,130,26,47,78,126,29" hai1="34,38,90,129,102,14,101,20,71,76,81,85,31" hai2="13,32,131,41,103,1,52,96,86,82,33,40,64" hai3="88,117,120,73,66,37,113,7,62,22,53,56,95"/><T116/><D116/><U97/><E38/><V106/><F1/><W111/><G111/><T24/><D132/><U79/><E71/><V119/><F131/><W65/><G117/><T91/><D130/><U36/><E36/><V8/><F64/><W80/><G37/><T118/><D118/><U54/><E34/><V23/><F23/><W108/><G108/><T18/><D126/><U98/><E54/><V51/><F32/><W122/><G113/><T12/><D0/><U99/><E129/><V27/><F27/><W35/><G35/><T48/><D63/><U3/><E3/><V135/><F33/><W45/><G7/><T124/><D124/><U134/><E134/><V94/><F106/><W83/><G22/><T70/><D70/><U100/><E31/><V125/><F135/><W72/><G45/><T42/><D29/><U105/><E14/><V55/><F55/><W19/><G19/><T21/><D21/><U92/><E20/><V2/><F2/><W87/><G73/><T121/><D121/><N who="3" m="46697" /><G72/><T46/><REACH who="0" step="1"/><D91/><REACH who="0" ten="143,326,239,282" step="2"/><U110/><E110/><V89/><F119/><W59/><G66/><T84/><D84/><U127/><E127/><V57/><F125/><W30/><G30/><T60/><D60/><AGARI ba="0,1" hai="53,56,59,60,62,65,80,83,87,88,95" m="46697" machi="60" ten="30,2000,0" yaku="13,1,54,1" doraHai="5" who="3" fromWho="0" sc="143,-20,326,0,239,0,282,30" /><INIT seed="5,0,0,0,2,53" ten="123,326,239,312" oya="1" hai0="21,107,66,42,123,38,119,36,100,8,59,74,54" hai1="12,90,41,4,34,55,70,102,104,116,39,72,64" hai2="80,114,88,1,56,103,35,24,97,73,67,32,69" hai3="63,127,28,68,49,111,45,29,60,9,94,82,115"/><U31/><E116/><V106/><F1/><W14/><G111/><T98/><D119/><U79/><E90/><V33/><F114/><W46/><G115/><T85/><D74/><U40/><E12/><V52/><F73/><W78/><G127/><T16/><D123/><U58/><E4/><V99/><F67/><W122/><G122/><T131/><D131/><U121/><E121/><V20/><F69/><W77/><G94/><T25/><D66/><U109/><E109/><V48/><F99/><W37/><G37/><T76/><D42/><U44/><E40/><V75/><F75/><W11/><G14/><T83/><REACH who="0" step="1"/><D8/><REACH who="0" ten="113,326,239,312" step="2"/><U22/><E72/><V17/><REACH who="2" step="1"/><F35/><REACH who="2" ten="113,326,229,312" step="2"/><W47/><G68/><T15/><D15/><U113/><E34/><V43/><F43/><W112/><G112/><T129/><D129/><U30/><E41/><V86/><AGARI ba="0,2" hai="17,20,24,32,33,48,52,56,80,86,88,97,103,106" machi="86" ten="30,8000,1" yaku="1,1,0,1,52,1,54,2,53,0" doraHai="53" doraHaiUra="91" who="2" fromWho="2" sc="113,-20,326,-40,229,100,312,-20" /><INIT seed="6,0,0,0,1,90" ten="93,286,329,292" oya="2" hai0="0,18,31,60,46,30,19,35,77,2,57,92,112" hai1="109,122,100,87,61,24,93,27,97,124,81,115,17" hai2="135,10,26,65,95,62,80,132,91,6,96,83,42" hai3="40,89,66,15,34,125,11,29,101,37,110,8,20"/><V75/><F42/><W54/><G110/><T86/><D112/><U32/><E109/><V21/><F75/><W5/><G125/><T108/><D108/><U128/><E115/><V38/><F38/><W39/><G34/><T3/><D77/><U134/><E124/><V118/><F118/><W63/><G54/><T84/><D46/><U58/><E128/><V72/><F72/><W67/><G67/><T104/><D104/><U9/><E134/><N who="2" m="51243" /><F21/><W49/><G11/><T102/><D35/><U133/><E122/><V107/><F26/><W43/><G49/><T85/><D102/><U114/><E32/><V113/><F107/><W127/><G101/><T47/><D47/><U52/><E114/><V36/><F36/><W55/><G39/><T64/><REACH who="0" step="1"/><D92/><REACH who="0" ten="83,286,329,292" step="2"/><U14/><E133/><V76/><F76/><AGARI ba="0,1" hai="9,14,17,24,27,52,58,61,76,81,87,93,97,100" machi="76" ten="30,7700,0" yaku="7,1,8,1,52,1,54,1" doraHai="90" who="1" fromWho="2" sc="83,0,286,87,329,-77,292,0" /><INIT seed="7,0,0,3,0,130" ten="83,373,252,292" oya="3" hai0="68,124,85,37,22,120,83,95,126,20,80,103,66" hai1="6,40,72,4,110,41,30,61,71,54,74,34,67" hai2="49,46,47,91,107,42,123,14,3,113,106,1,63" hai3="65,108,70,18,12,88,109,48,84,122,13,76,7"/><W45/><G122/><T127/><D37/><U131/><E110/><N who="3" m="42602" /><G76/><T87/><D120/><U15/><E131/><V16/><F113/><W5/><G65/><T111/><D111/><U93/><E54/><V98/><F123/><W58/><G58/><T86/><D66/><U69/><E93/><V99/><F63/><W25/><G25/><T118/><D118/><U0/><E0/><V51/><F3/><W31/><G31/><T97/><D68/><U114/><E114/><V8/><F1/><W64/><G64/><T129/><D129/><U52/><E69/><V134/><F134/><W9/><G13/><T50/><D50/><U27/><E52/><V128/><F128/><W78/><G78/><T116/><D116/><U38/><E15/><V115/><F115/><W102/><G102/><T11/><D11/><U77/><E77/><V17/><F17/><W10/><G10/><T79/><D20/><U119/><E119/><V55/><F91/><W36/><G36/><T90/><REACH who="0" step="1"/><D22/><REACH who="0" ten="73,373,252,292" step="2"/><U105/><E38/><V23/><F8/><W101/><G70/><T73/><AGARI ba="0,1" hai="73,79,80,83,85,86,87,90,95,97,103,124,126,127" machi="73" ten="30,16000,3" yaku="1,1,2,1,0,1,18,1,34,3,53,1" doraHai="130" doraHaiUra="75" who="0" fromWho="0" sc="73,170,373,-40,252,-40,292,-80" owari="243,4.3,333,43.3,212,-18.8,212,-28.8" /></mjloggm>