<mjloggm ver="2.3"><GO type="169" lobby="0"/><UN n0="%41%4C%50%45%52%49%4E" n1="%54%68%65%72%65%73%61%5F" n2="%37%36%35%2D%37%32" n3="%6B%61%74%65%72%69%6E%61" dan="16,16,16,17" rate="2123.40,2115.27,2063.11,2165.01" sx="M,M,M,M"/><TAIKYOKU oya="0"/><INIT seed="0,0,0,4,4,111" ten="250,250,250,250" oya="0" hai0="13,32,96,58,61,72,62,126,116,73,113,54,2" hai1="79,11,43,84,18,80,104,57,29,14,99,121,36" hai2="85,107,131,103,21,129,119,91,47,35,56,38,71" hai3="82,45,90,87,86,25,134,15,69,75,92,108,40"/><T114/><D2/><U74/><E121/><V31/><F71/><W30/><G108/><T77/><D116/><U98/><E74/><V128/><F119/><W34/><G134/><T102/><D32/><U100/><E99/><N who="2" m="61951" /><F56/><W122/><G122/><T26/><D126/><U48/><E29/><V101/><F101/><W33/><G69/><T24/><D13/><U66/><E36/><V51/><F38/><W105/><G105/><T115/><D62/><U41/><REACH who="1" step="1"/><E48/><REACH who="1" ten="250,240,250,250" step="2"/><V88/><F31/><W106/><G75/><T17/><D73/><U94/><E94/><V3/><F51/><W135/><G106/><T23/><D72/><U78/><E78/><V95/><F95/><W7/><G135/><T19/><D77/><U118/><E118/><V22/><F85/><W63/><G87/><T97/><D102/><U64/><E64/><V53/><F131/><W42/><G92/><T28/><D28/><U68/><E68/><V123/><F123/><W5/><G34/><T112/><N who="0" m="28672" /><DORA hai="10" /><T12/><REACH who="0" step="1"/><D26/><REACH who="0" ten="240,240,250,250" step="2"/><U50/><E50/><V81/><F129/><W109/><G33/><T52/><D52/><U4/><E4/><V44/><F53/><W117/><G25/><T9/><AGARI ba="0,2" hai="9,12,17,19,23,24,54,58,61,96,97" m="28672" machi="9" ten="60,18000,2" yaku="1,1,0,1,52,5,53,0" doraHai="111,10" doraHaiUra="83,0" who="0" fromWho="0" sc="240,200,240,-60,250,-60,250,-60" /><INIT seed="0,1,0,4,4,54" ten="440,180,190,190" oya="0" hai0="114,76,5,89,125,105,86,90,37,47,21,88,31" hai1="92,25,129,49,44,119,9,61,19,57,55,46,4" hai2="85,108,126,48,104,71,8,84,42,39,65,121,29" hai3="53,45,58,128,67,73,50,127,93,15,124,68,94"/><T63/><D114/><U130/><E119/><V132/><F104/><W33/><G73/><T3/><D105/><U106/><E106/><V38/><F29/><W122/><G33/><T91/><D125/><N who="3" m="48201" /><G15/><T82/><D3/><U16/><E92/><V1/><F126/><W95/><G128/><N who="1" m="49258" /><E25/><V99/><F99/><W17/><G122/><T117/><D117/><U112/><E112/><V102/><F102/><W83/><G83/><T135/><D135/><U6/><E46/><V34/><F85/><W59/><G17/><N who="1" m="6730" /><E9/><V20/><F8/><W72/><G72/><T41/><D5/><U103/><E103/><V12/><F121/><W56/><G68/><T0/><D0/><U96/><E96/><V120/><F1/><W66/><AGARI ba="1,0" hai="45,50,53,56,58,59,66,67,93,94,95" m="48201" machi="66" ten="40,8000,1" yaku="18,1,52,3" doraHai="54" who="3" fromWho="3" sc="440,-41,180,-21,190,-21,190,83" /><INIT seed="1,0,0,1,4,123" ten="399,159,169,273" oya="1" hai0="132,65,25,122,2,50,96,125,109,43,60,118,115" hai1="53,126,54,130,76,3,121,74,34,92,52,81,134" hai2="79,128,101,104,103,116,46,48,20,108,51,98,68" hai3="111,24,58,31,29,99,80,78,102,17,66,41,55"/><U114/><E114/><V87/><F116/><W70/><G41/><T57/><D2/><U10/><E121/><V129/><F68/><W44/><G44/><T22/><D118/><U73/><E34/><V59/><F103/><W67/><G17/><T7/><D115/><U13/><E3/><V83/><F20/><W30/><G24/><T0/><D122/><U93/><E126/><V107/><F107/><W47/><G47/><N who="0" m="25983" /><D0/><U124/><E124/><V28/><F28/><W42/><G42/><T106/><D106/><U18/><E130/><N who="2" m="50283" /><F59/><W127/><G127/><T45/><D125/><U120/><E120/><V63/><F63/><W56/><G56/><T35/><D35/><U15/><E74/><V33/><F33/><W16/><G70/><T1/><D1/><U62/><E62/><V117/><F117/><W77/><G67/><T32/><D32/><U82/><E82/><V131/><F46/><W69/><G66/><T49/><D96/><U4/><REACH who="1" step="1"/><E134/><REACH who="1" ten="399,149,169,273" step="2"/><V27/><F131/><W75/><G80/><T5/><D132/><U23/><AGARI ba="0,1" hai="4,10,13,15,18,23,52,53,54,73,76,81,92,93" machi="23" ten="30,11700,0" yaku="1,1,2,1,0,1,54,1,53,0" doraHai="123" doraHaiUra="40" who="1" fromWho="1" sc="399,-39,149,127,169,-39,273,-39" /><INIT seed="1,1,0,0,3,47" ten="360,276,130,234" oya="1" hai0="117,3,74,91,23,105,101,1,121,45,49,21,67" hai1="87,82,114,64,125,54,99,12,103,116,71,35,107" hai2="109,85,42,57,133,79,69,29,28,22,9,72,15" hai3="10,75,63,39,97,77,52,2,92,120,14,80,122"/><U43/><E114/><V50/><F109/><W123/><G39/><T76/><D117/><U56/><E116/><V84/><F133/><W132/><G132/><T37/><D37/><U119/><E119/><V96/><F69/><W60/><G2/><T115/><D115/><U36/><E35/><V62/><F72/><W25/><G25/><T134/><D134/><U4/><E125/><V89/><F96/><W106/><G106/><T104/><D67/><U131/><E131/><V86/><F79/><W61/><G14/><T78/><D45/><U102/><E102/><V7/><F22/><W110/><G10/><T24/><D24/><U93/><E107/><V113/><F113/><W26/><G26/><T58/><D58/><U38/><E43/><V95/><F42/><W112/><G110/><T111/><D91/><U31/><E31/><N who="2" m="11851" /><F62/><W0/><G0/><T65/><D65/><U33/><E64/><V128/><F128/><W68/><G68/><T5/><D74/><U108/><E33/><V59/><F59/><W94/><G112/><T27/><D111/><U55/><E71/><V18/><F18/><W51/><REACH who="3" step="1"/><G97/><REACH who="3" ten="360,276,130,224" step="2"/><T98/><D98/><U41/><E108/><V46/><F15/><W81/><G81/><T19/><D1/><U34/><E12/><V53/><F9/><W130/><G130/><T20/><D3/><U44/><E38/><V16/><F7/><W83/><G83/><T17/><D5/><U6/><E4/><V118/><F118/><W100/><G100/><T126/><D101/><N who="1" m="60655" /><E6/><V48/><F16/><N who="0" m="6218" /><D27/><U11/><E36/><V73/><F73/><RYUUKYOKU ba="1,1" sc="360,-15,276,-15,130,15,224,15" hai2="46,48,50,53,57,84,85,86,89,95" hai3="51,52,60,61,63,75,77,80,92,94,120,122,123" /><INIT seed="2,2,1,5,3,46" ten="345,261,145,239" oya="2" hai0="1,95,14,131,85,99,121,32,104,64,76,72,94" hai1="34,60,28,54,4,57,53,27,111,110,82,36,24" hai2="91,22,116,81,35,51,11,9,18,8,50,62,68" hai3="90,5,128,98,70,30,102,117,130,112,66,125,89"/><V52/><F116/><W20/><G117/><T13/><D121/><U105/><E36/><V10/><F35/><W65/><G5/><T0/><D32/><U132/><E132/><V49/><N who="2" m="2048" /><DORA hai="86" /><V103/><F103/><W80/><G80/><T107/><D72/><U71/><E4/><V61/><F68/><W119/><G125/><T17/><D131/><N who="3" m="50217" /><G112/><T40/><D40/><U120/><E120/><V115/><F115/><W39/><G39/><T23/><D64/><N who="3" m="24681" /><G70/><T97/><D76/><U118/><E105/><V79/><F91/><N who="3" m="34827" /><G119/><T69/><D69/><U127/><E82/><V3/><F3/><W84/><G84/><T55/><D85/><U48/><E71/><V124/><F124/><W58/><G58/><T19/><D1/><U56/><E127/><V38/><F38/><W25/><G98/><T87/><D87/><U37/><E37/><V134/><F134/><W108/><G108/><T100/><D0/><U16/><E118/><V83/><F79/><W2/><G2/><T12/><D99/><U126/><E126/><V31/><F31/><W63/><G63/><N who="2" m="24073" /><F52/><W43/><G43/><T133/><D55/><U29/><E29/><V41/><F41/><W129/><G129/><T75/><D133/><U77/><E77/><V122/><F122/><W7/><G7/><T42/><D42/><U96/><E96/><V73/><F73/><W123/><G123/><T114/><D75/><U33/><E110/><V6/><F6/><W21/><G102/><T74/><D74/><U109/><E109/><V59/><F59/><W47/><G47/><T101/><D101/><RYUUKYOKU ba="2,1" sc="345,-15,261,-15,145,15,239,15" hai2="18,22,49,50,51,81,83" hai3="20,21,25,30" /><INIT seed="2,3,1,3,3,52" ten="330,246,160,254" oya="2" hai0="1,113,87,16,61,15,66,127,97,132,24,82,4" hai1="91,75,94,14,48,49,71,119,126,83,118,51,123" hai2="57,60,35,67,68,53,69,74,133,110,84,81,28" hai3="112,115,70,29,38,6,46,85,56,79,96,89,122"/><V65/><F74/><W34/><G70/><T77/><D113/><N who="3" m="43593" /><G122/><T9/><D132/><U99/><E123/><V31/><F133/><W129/><G129/><T100/><D127/><U20/><E71/><V92/><F110/><W104/><G6/><T90/><D24/><U13/><E126/><V86/><F35/><W98/><G79/><T72/><D72/><U59/><E75/><V55/><F92/><W80/><G104/><T130/><D130/><U93/><E83/><V40/><F40/><N who="3" m="22807" /><G56/><N who="0" m="37159" /><D1/><U63/><E93/><V39/><F39/><W78/><G78/><T47/><D47/><U0/><E0/><V106/><F106/><W88/><G89/><T102/><D4/><U3/><E3/><V45/><F69/><W2/><G2/><T108/><D108/><U125/><E125/><V116/><F116/><W44/><G44/><T7/><D7/><U103/><E91/><N who="2" m="51599" /><F86/><W64/><G64/><N who="2" m="24649" /><F68/><W30/><G34/><T76/><D76/><U109/><E109/><V107/><F107/><W22/><G22/><T121/><D121/><U36/><E36/><V62/><F45/><W19/><G19/><T25/><D77/><U5/><E118/><V18/><F18/><W21/><G21/><N who="0" m="13479" /><D97/><AGARI ba="3,1" hai="29,30,80,85,88,96,97,98" m="22807,43593" machi="97" ten="30,2000,0" yaku="11,1,54,1" doraHai="52" who="3" fromWho="0" sc="330,-29,246,0,160,0,254,39" /><INIT seed="3,0,0,5,3,87" ten="301,246,160,293" oya="3" hai0="111,38,27,21,35,123,51,119,12,44,23,46,117" hai1="48,53,17,60,83,65,75,30,77,95,8,67,127" hai2="47,110,4,85,34,2,28,135,15,116,80,113,108" hai3="69,37,16,40,79,29,122,90,66,103,124,58,18"/><W54/><G122/><T59/><D111/><U93/><E127/><V118/><F47/><N who="3" m="23951" /><G79/><T62/><D123/><U56/><E30/><V39/><F39/><W25/><G103/><T114/><D114/><U1/><E65/><V107/><F107/><W33/><G124/><T133/><D133/><U81/><E81/><V11/><F113/><W131/><G131/><T91/><D38/><U99/><E17/><V64/><F64/><W129/><G129/><T31/><D12/><U73/><E73/><V82/><F82/><W97/><G90/><T9/><D9/><U125/><E125/><V76/><F135/><W19/><G97/><T74/><D74/><U128/><E128/><V89/><F76/><W106/><G19/><T3/><D3/><U104/><E104/><V36/><F36/><W94/><G94/><T42/><D46/><U20/><E20/><V98/><F98/><W55/><G55/><T7/><D7/><U6/><REACH who="1" step="1"/><E99/><REACH who="1" ten="301,236,160,293" step="2"/><V52/><F110/><W32/><G106/><T63/><D23/><U72/><E72/><V61/><F108/><W132/><G132/><T41/><D21/><U109/><E109/><V134/><F134/><W78/><G33/><T43/><D35/><U0/><E0/><V84/><F84/><W49/><G78/><T24/><D31/><U86/><E86/><V13/><F28/><W126/><G126/><T102/><D119/><U68/><AGARI ba="0,1" hai="1,6,8,48,53,56,60,67,68,75,77,83,93,95" machi="68" ten="20,2700,0" yaku="1,1,0,1,7,1,53,0" doraHai="87" doraHaiUra="130" who="1" fromWho="1" sc="301,-7,236,37,160,-7,293,-13" /><INIT seed="4,0,0,1,1,81" ten="294,273,153,280" oya="0" hai0="3,63,134,64,135,89,32,76,98,18,36,51,78" hai1="52,129,119,53,71,33,133,126,14,45,40,74,94" hai2="82,92,35,61,67,27,50,15,9,103,80,96,102" hai3="112,90,7,11,131,0,107,46,47,124,130,83,26"/><T13/><D3/><U72/><E119/><V97/><F50/><W99/><G112/><T57/><D36/><U12/><E71/><V34/><F27/><W38/><G124/><T113/><D32/><U28/><E126/><V84/><F82/><W24/><G107/><T48/><D113/><U41/><E129/><N who="3" m="49162" /><G46/><T44/><D98/><U104/><E104/><V31/><F31/><W123/><G123/><T2/><D2/><U8/><E28/><V10/><F10/><W110/><G110/><T73/><D73/><U132/><E8/><V54/><F54/><W121/><G121/><T59/><D59/><U95/><REACH who="1" step="1"/><E45/><REACH who="1" ten="294,263,153,280" step="2"/><V39/><F9/><W65/><G47/><T122/><D44/><U25/><E25/><V108/><F108/><W19/><G26/><T1/><D122/><U105/><E105/><V91/><F39/><W87/><G38/><T16/><D135/><U68/><E68/><V20/><F35/><AGARI ba="0,1" hai="12,14,33,35,40,41,52,53,72,74,94,95,132,133" machi="35" ten="25,6400,0" yaku="1,1,22,2,54,1,53,0" doraHai="81" doraHaiUra="77" who="1" fromWho="2" sc="294,0,263,74,153,-64,280,0" /><INIT seed="5,0,0,5,1,107" ten="294,337,89,280" oya="1" hai0="82,103,38,68,57,44,72,37,90,26,46,34,20" hai1="101,75,114,119,111,4,1,55,65,62,56,14,28" hai2="77,131,132,19,133,61,95,74,48,5,11,115,94" hai3="125,12,67,85,29,91,2,83,47,89,45,87,18"/><U70/><E119/><V109/><F109/><W110/><G110/><T122/><D68/><U43/><E111/><V42/><F131/><W112/><G112/><T59/><D34/><U30/><E1/><V8/><F8/><W10/><G125/><T17/><D122/><U23/><E114/><V58/><F115/><W51/><G2/><T128/><D103/><U32/><E32/><V80/><F19/><W41/><G67/><T100/><D100/><U84/><E75/><V88/><F48/><W121/><G121/><T118/><D118/><U25/><E43/><V66/><F42/><W135/><G135/><N who="2" m="51785" /><F88/><W123/><G123/><T81/><D90/><U0/><E101/><V124/><F124/><W60/><G29/><T15/><D128/><U116/><E116/><V50/><F50/><W93/><G60/><T24/><D17/><U40/><E40/><V71/><F71/><W36/><G36/><T78/><D78/><U76/><E28/><V79/><F79/><W27/><G27/><T92/><D15/><AGARI ba="0,0" hai="5,11,15,58,61,66,74,77,80,94,95" m="51785" machi="15" ten="30,2000,0" yaku="20,1,52,1" doraHai="107" who="2" fromWho="0" sc="294,-20,337,0,89,20,280,0" /><INIT seed="6,0,0,3,2,1" ten="274,337,109,280" oya="2" hai0="117,90,45,5,111,132,120,125,74,66,131,60,32" hai1="103,64,121,47,119,54,51,107,50,26,86,99,63" hai2="70,53,25,0,36,133,118,134,85,84,48,69,123" hai3="38,79,11,72,87,29,101,92,82,23,61,104,8"/><V67/><F118/><W100/><G38/><T16/><D111/><U31/><E119/><V43/><F123/><W75/><G75/><T4/><D117/><U7/><E121/><V94/><F0/><W124/><G124/><T76/><D120/><U10/><E86/><V41/><F25/><W35/><G35/><T44/><D32/><U40/><E63/><N who="2" m="40191" /><F85/><W130/><G130/><T73/><D131/><U95/><E64/><V91/><F70/><W109/><G109/><T15/><D125/><U17/><E17/><V27/><F27/><W65/><G23/><T113/><D90/><U57/><E107/><V49/><F49/><W116/><G29/><T83/><D74/><U46/><E46/><N who="2" m="23847" /><F43/><W110/><G116/><T96/><D45/><U34/><E10/><V55/><F55/><W24/><G24/><T19/><D44/><U56/><E56/><N who="2" m="32807" /><F134/><W58/><G11/><T12/><D132/><U14/><E14/><V81/><F133/><W93/><G8/><T18/><D96/><U80/><E80/><AGARI ba="0,0" hai="80,81,84,91,94" m="32807,23847,40191" machi="80" ten="30,1500,0" yaku="24,1" doraHai="1" who="2" fromWho="1" sc="274,0,337,-15,109,15,280,0" /><INIT seed="6,1,0,3,1,59" ten="274,322,124,280" oya="2" hai0="122,64,72,54,70,116,32,17,68,66,84,110,115" hai1="51,50,111,99,133,2,100,103,81,123,57,45,67" hai2="19,80,107,37,6,135,18,86,41,3,117,82,13" hai3="74,22,126,71,10,73,62,120,33,44,1,121,105"/><V85/><F117/><W39/><G105/><T47/><D72/><U0/><E111/><V119/><F119/><W92/><G33/><T65/><D116/><U34/><E34/><V114/><F107/><W97/><G126/><T89/><D32/><U104/><E133/><V56/><F135/><W125/><G125/><T46/><D110/><U63/><E123/><V26/><F3/><W124/><G124/><T42/><D115/><U106/><E81/><N who="2" m="31339" /><F114/><W38/><G38/><T93/><D122/><U131/><E131/><V83/><F37/><W113/><G113/><T21/><D54/><U23/><E23/><N who="2" m="13687" /><F41/><W101/><G121/><T87/><D87/><U28/><E28/><V27/><F56/><W31/><G120/><T4/><D4/><U88/><E88/><V35/><F35/><W75/><G39/><T109/><D109/><U127/><E127/><V15/><F6/><W78/><G44/><T5/><D5/><U95/><E104/><V76/><F86/><W8/><G1/><T30/><D47/><U69/><E69/><V60/><F60/><W58/><G71/><T130/><D70/><U9/><E45/><V96/><F96/><W12/><G78/><T48/><D68/><U29/><E0/><V132/><F132/><W20/><G62/><T61/><D61/><U102/><E106/><V36/><F36/><W16/><G58/><T55/><D42/><U7/><E29/><V11/><F11/><N who="3" m="6175" /><G31/><T94/><D30/><U25/><E63/><V43/><F43/><W77/><G77/><T134/><D134/><U40/><E40/><V79/><F79/><RYUUKYOKU ba="1,0" sc="274,-15,322,-15,124,15,280,15" hai2="13,15,19,27,76,83,85" hai3="8,10,20,22,73,74,75,92,97,101" /><INIT seed="6,2,0,5,5,49" ten="259,307,139,295" oya="2" hai0="69,36,128,116,1,92,8,132,62,124,103,45,57" hai1="83,77,3,20,0,18,64,28,79,31,65,34,40" hai2="19,68,84,44,114,135,41,126,118,10,108,25,51" hai3="54,121,129,55,24,32,72,35,100,30,91,70,88"/><V17/><F118/><W134/><G121/><T15/><D116/><U53/><E40/><V22/><F68/><W99/><G72/><T37/><D124/><U76/><E83/><V96/><F126/><W6/><G35/><T106/><D106/><U125/><E125/><V110/><F114/><W21/><G70/><T50/><D69/><U90/><E90/><N who="3" m="34346" /><G32/><T94/><D1/><U13/><E53/><N who="3" m="19978" /><G134/><T39/><D128/><U23/><E34/><V52/><F135/><W63/><G129/><T131/><D131/><U2/><REACH who="1" step="1"/><E23/><REACH who="1" ten="259,297,139,295" step="2"/><V112/><F112/><W75/><G75/><T104/><D132/><U80/><E80/><V111/><F84/><W101/><G99/><T56/><D39/><U43/><E43/><V59/><F96/><W105/><G105/><T102/><D104/><U117/><E117/><V82/><F82/><W9/><G63/><T98/><D62/><U113/><E113/><V73/><F73/><W38/><G38/><T127/><D37/><U93/><E93/><V119/><F119/><W12/><AGARI ba="2,1" hai="6,9,12,21,24,30,100,101" m="19978,34346" machi="12" ten="30,8000,1" yaku="8,1,52,3,54,1" doraHai="49" who="3" fromWho="3" sc="259,-22,297,-22,139,-42,295,96" /><INIT seed="7,0,0,0,1,76" ten="237,275,97,391" oya="3" hai0="4,121,32,61,47,72,79,22,58,114,68,38,122" hai1="98,54,125,88,85,89,27,133,35,26,65,20,34" hai2="118,41,116,80,123,18,66,42,19,107,64,74,36" hai3="110,16,46,1,71,55,70,30,100,78,31,126,10"/><W44/><G126/><T69/><D32/><U3/><E3/><V7/><F74/><W117/><G117/><T134/><D4/><U109/><E109/><V130/><F107/><W106/><G78/><T113/><D22/><U105/><E125/><V95/><F95/><W102/><G55/><N who="0" m="34015" /><D79/><U43/><E43/><V60/><F60/><W29/><G110/><T96/><D96/><U40/><E40/><V103/><F103/><W93/><G106/><T37/><D72/><U91/><E133/><V62/><F62/><W75/><G75/><T108/><D108/><U6/><E6/><V92/><F92/><W87/><G93/><T51/><D134/><U82/><E65/><V56/><F56/><W67/><G67/><T9/><D9/><U5/><E5/><V135/><F7/><W128/><G128/><T11/><D11/><U77/><E54/><V13/><F135/><W99/><G99/><T8/><D8/><U115/><E115/><N who="0" m="44041" /><D51/><U21/><E98/><V53/><F53/><W101/><G87/><T73/><D73/><U28/><REACH who="1" step="1"/><E105/><REACH who="1" ten="237,265,97,391" step="2"/><V14/><F36/><N who="0" m="13930" /><D47/><U24/><E24/><V124/><F124/><W50/><G46/><T39/><N who="0" m="13938" /><T23/><DORA hai="132" /><D23/><U0/><E0/><V120/><REACH who="2" step="1"/><F130/><REACH who="2" ten="237,265,87,391" step="2"/><W86/><G1/><T97/><D97/><U57/><E57/><V131/><F131/><W129/><G129/><T52/><D52/><U94/><E94/><V119/><F119/><W48/><G101/><T112/><D112/><U83/><E83/><AGARI ba="0,2" hai="13,14,18,19,41,42,64,66,80,83,116,118,120,123" machi="83" ten="25,12000,2" yaku="1,1,22,2,52,2,53,2" doraHai="76,132" doraHaiUra="17,15" who="2" fromWho="1" sc="237,0,265,-120,87,140,391,0" owari="237,3.7,145,-35.5,227,-17.3,391,49.1" /></mjloggm>