<mjloggm ver="2.3"><GO type="169" lobby="0"/><UN n0="%32%30%31%33%36%31%32" n1="%E8%BE%9B%E5%8F%A3%E3%82%AB%E3%83%AC%E3%83%BC%E3%83%A9%E3%82%A4%E3%82%B9" n2="%E3%81%A8%E3%81%A3%E3%81%A8%E3%83%BC" n3="%4D%4C%5A%4E%55%2D%53%4B" dan="17,16,16,17" rate="2211.87,2122.98,2079.10,2153.09" sx="M,M,M,M"/><TAIKYOKU oya="0"/><INIT seed="0,0,0,5,4,91" ten="250,250,250,250" oya="0" hai0="48,41,93,26,114,79,67,74,102,46,12,52,40" hai1="16,116,57,78,56,129,81,33,22,110,131,24,111" hai2="47,80,71,65,7,119,113,103,133,55,32,17,8" hai3="77,30,38,105,5,10,63,106,100,42,51,23,97"/><T58/><D114/><U29/><E116/><V130/><F17/><W62/><G105/><T44/><D74/><U18/><E57/><V96/><F55/><W11/><G11/><T72/><D72/><U66/><E56/><V108/><F47/><W28/><G38/><T6/><D79/><U61/><E61/><N who="2" m="40367" /><F80/><W14/><G28/><T90/><D102/><U109/><E66/><V92/><F32/><W104/><G104/><T125/><D125/><U98/><E98/><V27/><F27/><W76/><G76/><T124/><D26/><U73/><REACH who="1" step="1"/><E33/><REACH who="1" ten="250,240,250,250" step="2"/><V68/><F119/><W86/><G97/><N who="0" m="57527" /><D124/><U115/><E115/><V60/><F60/><W99/><G62/><N who="0" m="38359" /><D44/><U25/><E25/><V36/><F113/><W69/><G63/><T127/><D127/><U43/><E43/><V82/><F68/><W3/><G42/><T54/><D40/><U88/><E88/><V50/><F96/><W101/><G99/><T83/><D83/><U9/><E9/><AGARI ba="0,1" hai="6,9,12,41,46,48,52,54" m="38359,57527" machi="9" ten="30,5800,0" yaku="8,1,52,1,54,1" doraHai="91" who="0" fromWho="1" sc="250,68,240,-58,250,0,250,0" /><INIT seed="0,1,0,1,0,6" ten="318,182,250,250" oya="0" hai0="119,68,89,65,46,85,76,134,38,132,80,106,20" hai1="67,82,79,2,129,56,49,121,52,69,5,54,115" hai2="122,14,96,104,50,127,21,118,126,87,32,31,41" hai3="93,133,12,81,47,94,88,73,66,23,105,102,36"/><T99/><D119/><U1/><E121/><V84/><F122/><W45/><G133/><N who="0" m="51307" /><D68/><U4/><E129/><V124/><F118/><W71/><G93/><N who="0" m="56751" /><D65/><U7/><E115/><V40/><F32/><W131/><G131/><T116/><D116/><U0/><E54/><V29/><F104/><W98/><G36/><T55/><D20/><U109/><E109/><V61/><F96/><W92/><G92/><T64/><D64/><U62/><REACH who="1" step="1"/><E5/><REACH who="1" ten="318,172,250,250" step="2"/><V11/><F40/><W117/><G117/><T28/><D55/><U53/><E53/><V33/><F126/><W44/><G66/><T107/><D28/><U125/><E125/><V24/><F127/><W51/><G44/><T34/><D34/><U58/><E58/><V63/><F31/><W70/><G47/><T112/><D112/><U35/><E35/><V74/><F33/><W128/><G128/><T95/><D46/><U59/><E59/><V103/><F29/><W15/><G71/><T27/><D38/><U77/><E77/><V120/><F124/><W42/><G70/><T83/><D76/><U30/><E30/><V19/><F120/><W9/><G45/><T16/><D16/><U78/><E78/><V17/><F17/><N who="3" m="10687" /><G42/><T86/><D27/><U57/><E57/><V8/><F24/><W13/><G51/><T135/><D135/><U110/><E110/><V39/><F39/><W113/><G113/><T10/><D107/><U22/><E22/><V48/><F41/><W72/><G105/><T111/><D106/><U26/><E26/><V3/><F50/><W97/><G102/><T91/><D111/><RYUUKYOKU ba="1,1" sc="318,-10,172,30,250,-10,250,-10" hai1="0,1,2,4,7,49,52,56,62,67,69,79,82" /><INIT seed="1,2,1,2,5,30" ten="308,202,240,240" oya="1" hai0="88,92,119,14,104,75,59,85,4,110,81,16,13" hai1="109,122,38,123,125,116,12,44,56,133,101,73,115" hai2="5,66,70,0,36,19,107,48,46,96,26,106,89" hai3="94,126,50,28,132,83,78,1,124,24,113,57,127"/><U100/><E115/><V17/><F36/><W105/><G105/><T7/><D119/><U128/><E116/><V99/><F0/><W39/><G39/><T135/><D135/><U95/><E73/><V43/><F5/><W62/><G1/><T102/><D110/><U2/><E2/><V69/><F66/><W82/><G113/><T22/><D13/><U103/><E133/><V117/><F117/><W9/><G9/><T84/><D75/><U74/><E74/><V52/><F43/><W21/><G132/><T87/><D104/><U61/><E128/><V80/><F26/><W40/><G94/><T45/><D45/><U60/><E125/><V15/><F17/><W91/><G91/><T27/><D59/><U86/><E109/><V20/><F107/><W97/><G97/><N who="0" m="59687" /><D4/><U68/><E68/><V129/><F129/><W55/><G78/><T51/><D51/><U79/><E12/><V77/><F89/><W47/><AGARI ba="2,1" hai="21,24,28,40,47,50,55,57,62,82,83,124,126,127" machi="47" ten="40,2700,0" yaku="0,1,18,1" doraHai="30" who="3" fromWho="3" sc="308,-9,202,-15,240,-9,240,43" /><INIT seed="2,0,0,3,5,11" ten="299,187,231,283" oya="2" hai0="103,67,43,85,102,32,34,40,77,19,10,70,74" hai1="88,9,125,128,18,29,124,56,1,25,87,42,65" hai2="134,47,109,20,39,0,81,45,30,94,66,58,75" hai3="73,113,80,72,100,15,21,69,24,84,118,82,35"/><V26/><F134/><W123/><G69/><T57/><D74/><U60/><E42/><V52/><F0/><W119/><G100/><T116/><D70/><U51/><E128/><V54/><F109/><W28/><G123/><T96/><D32/><U41/><E41/><V61/><F94/><W127/><G127/><N who="1" m="48714" /><E51/><V135/><F135/><W122/><G122/><T64/><D34/><U110/><E110/><V114/><F114/><W78/><G113/><T38/><D102/><U53/><E53/><V79/><REACH who="2" step="1"/><F39/><REACH who="2" ten="299,187,221,283" step="2"/><W97/><G118/><T121/><D38/><U13/><E1/><V23/><F23/><W62/><G119/><T117/><D116/><U106/><E106/><V95/><F95/><W91/><G35/><T36/><D117/><U59/><E65/><V44/><AGARI ba="0,1" hai="20,26,30,44,45,47,52,54,58,61,66,75,79,81" machi="44" ten="30,6000,0" yaku="1,1,0,1,54,1,53,0" doraHai="11" doraHaiUra="71" who="2" fromWho="2" sc="299,-20,187,-20,221,70,283,-20" /><INIT seed="2,1,0,2,1,15" ten="279,167,291,263" oya="2" hai0="83,23,76,47,54,123,72,102,69,46,20,80,81" hai1="18,48,120,66,87,85,16,108,111,95,4,57,96" hai2="131,40,98,129,53,121,86,32,104,118,122,77,114" hai3="2,70,29,112,50,52,55,94,103,78,31,59,135"/><V39/><F53/><W36/><G2/><T24/><D123/><N who="2" m="47114" /><F32/><W71/><G36/><T93/><D69/><U99/><E120/><V17/><F40/><W0/><G0/><T109/><D109/><N who="1" m="42059" /><E4/><V63/><F63/><W117/><G78/><T110/><D110/><U127/><E127/><V61/><F61/><W58/><G94/><T8/><D8/><U88/><E85/><V25/><F39/><W28/><G103/><T13/><D72/><U10/><E66/><V5/><F5/><W27/><G27/><T21/><D76/><U49/><E10/><V126/><F114/><W67/><G67/><T3/><D3/><U124/><E124/><V11/><F118/><W30/><G112/><T14/><D24/><U79/><E79/><V84/><F77/><W62/><G117/><T44/><D54/><N who="1" m="31943" /><E49/><V38/><F38/><W132/><N who="3" m="7168" /><DORA hai="106" /><W119/><REACH who="3" step="1"/><G119/><REACH who="3" ten="279,167,291,253" step="2"/><T101/><D93/><N who="1" m="54431" /><E99/><V51/><F126/><W45/><G45/><T130/><D130/><U125/><E125/><V64/><F64/><W37/><G37/><T43/><D43/><U60/><E60/><V105/><F105/><W133/><AGARI ba="1,1" hai="50,52,55,58,59,62,70,71,132,133,135" m="7168" machi="133" ten="50,8000,1" yaku="1,1,0,1,20,1,54,1,53,0" doraHai="15,106" doraHaiUra="42,73" who="3" fromWho="3" sc="279,-21,167,-21,291,-41,253,93" /><INIT seed="3,0,0,5,3,35" ten="258,146,250,346" oya="3" hai0="127,31,107,37,130,83,64,97,68,46,133,105,129" hai1="66,75,126,88,50,0,102,134,85,52,120,131,3" hai2="123,110,109,51,40,11,112,41,8,6,48,91,60" hai3="21,113,54,33,2,17,5,114,78,39,104,89,71"/><W15/><G104/><T106/><D97/><U118/><E120/><V99/><F112/><W132/><G71/><T119/><D119/><U42/><E75/><V101/><F60/><W38/><G78/><T70/><D83/><U72/><E72/><V108/><F91/><W25/><G54/><T84/><D84/><U44/><E118/><V18/><F18/><W29/><G89/><T62/><D31/><U77/><E77/><V80/><F80/><W135/><G38/><T124/><D68/><U24/><E66/><V65/><F65/><W59/><G59/><T19/><D19/><U47/><E134/><N who="3" m="51242" /><G39/><T61/><D61/><U128/><E102/><V53/><F11/><AGARI ba="0,0" hai="2,5,11,15,17,21,25,29,33,113,114" m="51242" machi="11" ten="30,12000,1" yaku="24,1,20,1,34,2,52,1" doraHai="35" who="3" fromWho="2" sc="258,0,146,0,250,-120,346,120" /><INIT seed="3,1,0,1,0,40" ten="258,146,130,466" oya="3" hai0="39,116,35,113,22,118,83,91,70,26,54,24,60" hai1="50,29,36,52,80,10,109,23,119,25,110,16,71" hai2="14,117,66,27,98,62,89,104,128,105,120,31,115" hai3="15,11,75,28,100,87,63,45,72,43,94,124,67"/><W59/><G124/><T79/><D39/><U126/><E126/><V61/><F115/><W81/><G28/><T107/><D113/><U56/><E36/><V95/><F117/><W78/><G100/><T38/><D107/><U46/><E71/><V13/><F61/><W108/><G94/><T96/><D35/><U92/><E119/><V32/><F120/><W125/><G108/><N who="1" m="41578" /><E92/><V6/><F6/><W58/><G58/><T5/><D38/><U73/><E73/><V84/><F128/><W9/><G9/><T69/><D5/><U86/><E56/><V103/><REACH who="2" step="1"/><F105/><REACH who="2" ten="258,146,120,466" step="2"/><W53/><G125/><T123/><D123/><U41/><E41/><V34/><F34/><W51/><G67/><T12/><D116/><U121/><E121/><V134/><F134/><W90/><G90/><T21/><D91/><N who="1" m="51655" /><E10/><V37/><F37/><W106/><G106/><T8/><D118/><U112/><E112/><V57/><AGARI ba="1,1" hai="13,14,27,31,32,57,62,66,84,89,95,98,103,104" machi="57" ten="20,5200,0" yaku="1,1,0,1,7,1,53,1" doraHai="40" doraHaiUra="97" who="2" fromWho="2" sc="258,-14,146,-14,120,65,466,-27" /><INIT seed="4,0,0,2,2,126" ten="244,132,185,439" oya="0" hai0="67,103,121,30,135,93,3,127,101,46,117,125,43" hai1="106,9,22,29,44,66,94,34,39,5,52,59,63" hai2="129,105,104,70,84,82,4,36,7,42,107,62,99" hai3="23,123,91,85,31,119,21,124,98,33,77,74,35"/><T16/><D121/><U49/><E106/><V89/><F99/><W58/><G119/><T12/><D117/><U64/><E34/><V55/><F129/><W15/><G74/><T100/><D3/><U111/><E111/><V79/><F42/><W102/><G77/><T116/><D30/><U17/><E39/><V53/><F36/><W86/><G35/><T112/><D67/><U1/><E94/><V68/><F79/><W56/><G33/><T97/><D135/><U45/><E29/><V24/><F24/><W120/><G124/><N who="0" m="47691" /><D112/><U114/><E114/><V73/><F73/><W87/><G31/><T118/><D116/><U50/><E66/><V14/><F14/><W65/><G65/><T41/><D118/><U134/><E134/><V38/><F62/><W95/><G15/><T37/><D43/><U19/><REACH who="1" step="1"/><E22/><AGARI ba="0,0" hai="12,16,22,37,41,46,93,97,100,101,103" m="47691" machi="22" ten="30,2900,0" yaku="18,1,54,1" doraHai="126" who="0" fromWho="1" sc="244,29,132,-29,185,0,439,0" /><INIT seed="4,1,0,0,4,116" ten="273,103,185,439" oya="0" hai0="61,121,82,30,107,62,85,68,92,25,38,63,12" hai1="105,89,33,128,80,118,39,86,101,46,6,110,23" hai2="73,53,0,49,54,4,108,132,84,112,1,45,66" hai3="81,96,55,135,69,109,100,9,103,115,74,78,67"/><T16/><D107/><U102/><E33/><V123/><F108/><W21/><G103/><T134/><D38/><U43/><E110/><V26/><F73/><W42/><G55/><T28/><D134/><U122/><E118/><V34/><F132/><W114/><G21/><T20/><D121/><U52/><E128/><V127/><F127/><W31/><G31/><T75/><D75/><U17/><E6/><V37/><F37/><W7/><G42/><T130/><D130/><U76/><E105/><V10/><F66/><W58/><G58/><T70/><D92/><U106/><E106/><V56/><F112/><W32/><G32/><T95/><D95/><U83/><E122/><V79/><F123/><W97/><G109/><T72/><D30/><U48/><E39/><V133/><F0/><N who="3" m="231" /><G135/><T126/><D72/><U119/><E43/><V22/><F34/><W40/><G40/><T125/><D68/><U29/><E29/><V88/><F79/><W24/><G24/><T27/><D70/><U117/><E117/><V131/><F131/><W15/><G74/><T14/><D14/><U111/><E111/><V93/><F133/><W90/><G15/><T87/><D87/><U35/><E35/><V71/><F71/><W129/><G69/><T64/><D64/><U11/><E11/><V44/><F54/><W60/><G129/><T19/><D28/><AGARI ba="1,0" hai="1,4,10,22,26,28,44,45,49,53,56,84,88,93" machi="28" ten="30,2000,0" yaku="7,1,54,1" doraHai="116" who="2" fromWho="0" sc="273,-23,103,0,185,23,439,0" /><INIT seed="5,0,0,0,2,92" ten="250,103,208,439" oya="1" hai0="83,79,76,68,31,5,45,10,85,0,133,74,115" hai1="46,36,116,103,35,135,80,52,26,29,102,100,109" hai2="28,114,128,20,18,17,73,94,30,63,131,134,75" hai3="22,23,70,72,113,14,130,96,44,25,82,11,98"/><U108/><E116/><V38/><F134/><W87/><G72/><N who="2" m="27721" /><F38/><W78/><G70/><T56/><D115/><U47/><E135/><V97/><F63/><W60/><G113/><T2/><D68/><U120/><E120/><V37/><F37/><W104/><G104/><T55/><D133/><U1/><E1/><V65/><F65/><W105/><G105/><T91/><D76/><U3/><E3/><V89/><F17/><W90/><G78/><T86/><D31/><U34/><E34/><V16/><F18/><N who="3" m="8543" /><G130/><N who="2" m="49705" /><F114/><W110/><G110/><N who="1" m="42602" /><E36/><V81/><F81/><W19/><G60/><T119/><D0/><U51/><E80/><V123/><F123/><W127/><G127/><T93/><D119/><U66/><E66/><V64/><F64/><W125/><G125/><T49/><REACH who="0" step="1"/><D45/><AGARI ba="0,0" hai="26,29,35,45,46,47,51,52,100,102,103" m="42602" machi="45" ten="30,2900,0" yaku="10,1,54,1" doraHai="92" who="1" fromWho="0" sc="250,-29,103,29,208,0,439,0" /><INIT seed="5,1,0,1,5,6" ten="221,132,208,439" oya="1" hai0="21,1,45,111,11,90,88,127,58,89,0,133,43" hai1="13,119,104,61,115,23,24,75,107,49,44,97,123" hai2="66,98,26,12,96,8,54,3,101,81,125,16,94" hai3="42,102,63,59,114,126,80,32,118,37,110,106,99"/><U38/><E119/><V112/><F125/><W33/><G110/><T82/><D111/><U91/><E123/><V62/><F112/><W72/><G126/><T47/><D127/><U25/><E38/><V65/><F3/><W39/><G114/><T46/><D43/><U31/><E75/><V22/><F81/><W50/><G50/><T108/><D108/><U109/><E115/><V93/><F54/><W95/><G118/><T105/><D105/><U71/><E109/><V10/><F62/><W116/><G116/><T113/><D133/><U57/><E71/><V34/><F34/><W78/><G39/><T51/><D21/><U5/><E24/><V87/><F87/><W40/><G40/><T84/><D113/><U41/><E91/><V7/><F8/><W48/><G48/><T9/><D0/><U14/><E97/><V70/><F70/><W74/><G74/><T129/><D1/><U76/><E76/><V121/><F121/><W85/><G42/><T128/><D58/><U17/><E5/><V67/><F66/><N who="3" m="39295" /><G37/><T135/><D51/><U2/><E2/><V77/><F77/><W4/><G4/><T30/><D135/><U28/><E28/><V131/><F131/><N who="0" m="50250" /><D30/><U68/><E68/><V29/><F29/><W27/><G27/><T52/><D52/><U134/><E134/><V73/><F73/><W53/><G53/><T55/><D55/><N who="1" m="33983" /><E31/><N who="2" m="17879" /><F7/><W56/><G56/><T18/><D18/><U69/><E69/><V122/><F122/><W120/><G120/><T86/><D86/><U100/><E107/><V117/><F117/><W15/><G72/><RYUUKYOKU ba="1,0" sc="221,10,132,10,208,10,439,-30" hai0="9,11,45,46,47,82,84,88,89,90" hai1="13,14,17,23,25,41,44,49,100,104" hai2="10,12,16,65,67,93,94,96,98,101" /><INIT seed="5,2,0,5,0,7" ten="231,142,218,409" oya="1" hai0="55,110,123,97,28,72,132,120,61,95,65,87,79" hai1="77,76,0,29,23,43,3,88,75,16,46,118,111" hai2="101,8,99,78,86,113,4,134,5,89,54,40,94" hai3="9,68,107,35,47,116,105,114,25,135,124,81,30"/><U13/><E118/><V69/><F69/><W125/><G68/><T50/><D110/><U20/><E111/><V84/><F4/><W93/><G93/><T92/><D72/><U108/><E108/><V104/><F134/><W48/><G114/><T56/><D28/><U51/><E75/><V131/><F131/><W19/><G81/><N who="0" m="47551" /><D97/><U103/><E103/><V63/><F40/><W90/><G90/><T128/><D132/><U85/><E3/><V67/><F113/><W62/><G62/><T106/><D106/><U91/><E0/><V14/><F78/><W60/><G60/><T112/><D128/><U59/><E59/><N who="2" m="37375" /><F104/><W121/><G135/><T22/><D22/><U119/><E119/><V82/><F84/><W34/><G34/><T2/><D2/><U1/><E1/><V98/><F98/><W73/><G73/><T71/><D112/><U83/><E77/><N who="2" m="46415" /><F54/><W129/><G129/><T115/><D115/><U41/><E41/><V117/><F117/><W6/><G116/><T53/><D55/><U49/><E49/><V31/><F31/><W102/><G48/><T17/><D17/><N who="1" m="10287" /><E29/><V133/><F133/><W10/><G30/><T27/><D123/><U96/><E96/><V64/><F64/><W122/><G122/><T58/><D120/><U52/><E43/><V24/><F24/><AGARI ba="2,0" hai="16,23,24,46,51,52,76,83,85,88,91" m="10287" machi="24" ten="30,11600,0" yaku="8,1,54,3" doraHai="7" who="1" fromWho="2" sc="231,0,142,122,218,-122,409,0" /><INIT seed="5,3,0,2,5,1" ten="231,264,96,409" oya="1" hai0="105,47,86,112,111,66,30,39,101,124,102,44,118" hai1="77,121,12,74,31,69,58,3,22,104,10,134,53" hai2="87,56,98,36,0,130,103,54,4,88,65,91,46" hai3="13,37,80,68,129,33,89,57,81,116,127,90,128"/><U109/><E121/><V132/><F132/><W73/><G68/><T43/><D111/><U35/><E69/><V59/><F130/><N who="3" m="50283" /><G33/><T125/><D118/><U85/><E109/><V95/><F65/><W133/><G37/><T120/><D66/><U29/><E104/><V24/><F24/><W107/><G13/><T79/><D112/><U16/><E74/><V8/><F91/><W131/><G57/><T97/><D102/><U50/><E134/><V71/><F71/><W15/><G131/><T5/><D30/><U61/><E35/><V51/><REACH who="2" step="1"/><F36/><REACH who="2" ten="231,264,86,409" step="2"/><W9/><G90/><T45/><D39/><U48/><E31/><V27/><F27/><W52/><G89/><T41/><D120/><U32/><E29/><V55/><F55/><W92/><G52/><T18/><D101/><U123/><E123/><V63/><F63/><W100/><G100/><T70/><D70/><U76/><E32/><V135/><F135/><W7/><G133/><T40/><D125/><U42/><E42/><V117/><F117/><W108/><G127/><T99/><D124/><U106/><E61/><V67/><F67/><W72/><G116/><T113/><D41/><U114/><E53/><V62/><F62/><W21/><G108/><T115/><D43/><U17/><E77/><V11/><F11/><W84/><G9/><T49/><D79/><U75/><E10/><V14/><F14/><W25/><G25/><T38/><D40/><U83/><E12/><V23/><F23/><W78/><G21/><T64/><D38/><U28/><E76/><V34/><F34/><W94/><G78/><RYUUKYOKU ba="3,1" sc="231,-10,264,-10,86,30,409,-10" hai2="0,4,8,46,51,54,56,59,87,88,95,98,103" /><INIT seed="6,4,1,5,1,127" ten="221,254,116,399" oya="2" hai0="62,17,114,59,111,67,7,107,118,36,55,49,10" hai1="95,88,75,26,85,98,60,110,21,132,48,124,53" hai2="115,90,20,105,93,45,2,33,113,58,91,39,64" hai3="100,69,5,24,135,94,13,1,89,6,16,72,83"/><V35/><F105/><W12/><G69/><T123/><D111/><U28/><E110/><V78/><F2/><W0/><G0/><T52/><D123/><U133/><E75/><V32/><F78/><W66/><G66/><T92/><D36/><U70/><E124/><V79/><F79/><W86/><G1/><T109/><D109/><U65/><REACH who="1" step="1"/><E98/><REACH who="1" ten="221,244,116,399" step="2"/><V103/><F103/><W126/><G72/><T116/><D118/><U4/><E4/><V38/><F20/><N who="3" m="13319" /><G5/><T74/><D7/><U43/><E43/><N who="2" m="22775" /><F39/><W121/><G6/><T47/><D116/><U108/><E108/><V97/><F97/><W11/><G126/><T106/><D74/><U82/><E82/><V42/><F42/><W119/><G119/><T19/><D10/><U30/><E30/><V125/><F125/><W14/><G100/><T31/><D31/><U131/><E131/><V96/><F96/><N who="3" m="57423" /><G121/><T61/><D17/><U22/><E22/><V29/><F29/><W101/><G101/><T71/><D19/><U41/><E41/><V68/><F93/><W9/><G9/><T54/><D92/><U122/><E122/><V99/><F99/><W56/><G11/><T120/><D120/><U130/><E130/><V81/><F81/><W80/><G80/><T44/><D106/><U8/><E8/><V18/><F18/><W46/><G83/><T15/><D107/><U117/><E117/><V34/><N who="2" m="8192" /><DORA hai="63" /><V77/><F77/><W50/><G86/><T104/><D104/><U84/><E84/><V3/><F3/><W37/><G37/><T57/><D15/><U51/><E51/><RYUUKYOKU ba="4,2" sc="221,-10,244,30,116,-10,399,-10" hai1="21,26,28,48,53,60,65,70,85,88,95,132,133" /><INIT seed="7,5,2,5,4,48" ten="211,274,106,389" oya="3" hai0="59,50,124,43,107,39,84,25,115,40,117,28,126" hai1="23,7,52,61,105,16,32,4,73,108,103,62,33" hai2="90,83,5,9,38,26,44,119,60,113,6,70,111" hai3="99,96,14,100,89,129,12,53,63,67,47,98,125"/><W75/><G75/><T97/><D117/><U118/><E73/><V3/><F111/><W81/><G125/><N who="0" m="48235" /><D39/><U121/><E108/><V10/><F119/><W101/><G129/><T64/><D84/><U51/><E121/><V133/><F133/><W74/><G74/><T110/><D115/><U27/><E105/><V34/><F113/><W128/><G128/><T8/><D8/><U1/><E103/><V130/><F83/><W17/><G14/><T68/><D59/><N who="1" m="33183" /><E1/><V123/><F90/><W69/><G69/><T54/><D64/><U19/><E32/><V86/><F86/><N who="3" m="50383" /><G67/><T56/><D68/><U135/><E33/><V31/><F130/><W116/><G116/><T93/><D107/><U132/><E118/><V45/><F123/><W134/><G134/><N who="1" m="51242" /><E19/><V122/><F122/><W92/><G17/><T22/><D110/><U72/><E72/><V102/><F102/><AGARI ba="5,2" hai="22,25,28,40,43,50,54,56,93,97,102" m="48235" machi="102" ten="30,2000,0" yaku="18,1,52,1" doraHai="48" who="0" fromWho="2" sc="211,55,274,0,106,-35,389,0" owari="266,-13.4,274,7.4,71,-42.9,389,48.9" /></mjloggm>