<mjloggm ver="2.3"><GO type="169" lobby="0"/><UN n0="%59%75%49%74%6F" n1="%78%69%61%6F%6B%61%6B%61" n2="%E8%82%89%E5%9B%A3%E5%AD%90%E5%85%88%E7%94%9F" n3="%E6%96%B0%E6%89%8B%31%34%32%38%35%37" dan="16,17,16,17" rate="2054.77,2251.77,2089.20,2153.56" sx="M,M,M,M"/><TAIKYOKU oya="0"/><INIT seed="0,0,0,1,3,60" ten="250,250,250,250" oya="0" hai0="106,101,71,45,131,33,39,111,46,97,100,130,38" hai1="98,57,65,118,121,88,12,55,109,89,25,92,105" hai2="76,28,43,16,133,21,112,91,129,29,14,69,3" hai3="52,103,125,83,114,63,44,35,82,84,74,20,122"/><T67/><D101/><U66/><E118/><V42/><F112/><W59/><G114/><T56/><D56/><U94/><E109/><V93/><F76/><W37/><G35/><T18/><D111/><U135/><E121/><V24/><F129/><N who="0" m="49162" /><D18/><U123/><E105/><V5/><F69/><W116/><G116/><T6/><D6/><U64/><E135/><V81/><F81/><W70/><G83/><T77/><D77/><U49/><E123/><V126/><F126/><W99/><G82/><T104/><D104/><U11/><E25/><V90/><F91/><W75/><G103/><T80/><D80/><U117/><E117/><V36/><F133/><W73/><G122/><T2/><D2/><U86/><E66/><V127/><F127/><W22/><G125/><T9/><D9/><U102/><E102/><V61/><F3/><W19/><G19/><AGARI ba="0,0" hai="11,12,19,49,55,57,64,65,86,88,89,92,94,98" machi="19" ten="30,8000,1" yaku="7,1,8,1,52,2,54,1" doraHai="60" who="1" fromWho="3" sc="250,0,250,80,250,0,250,-80" /><INIT seed="1,0,0,1,2,16" ten="250,330,250,170" oya="1" hai0="13,54,74,109,87,83,30,104,115,98,47,123,79" hai1="81,108,23,50,20,46,29,116,86,24,71,132,76" hai2="120,128,28,65,22,52,84,67,112,89,118,36,97" hai3="33,34,4,63,88,26,91,21,62,43,119,0,14"/><U70/><E116/><V133/><F118/><W15/><G43/><T94/><D115/><U61/><E132/><V82/><F120/><W27/><G119/><T102/><D109/><U17/><E108/><V66/><F128/><W92/><G92/><T114/><D114/><U105/><E105/><V58/><F36/><W10/><G4/><T49/><D123/><U113/><E61/><V72/><F133/><W56/><G10/><T6/><D30/><U32/><E113/><V51/><F112/><W53/><G56/><T57/><D13/><U78/><E78/><V5/><F5/><W106/><G53/><T90/><REACH who="0" step="1"/><D6/><REACH who="0" ten="240,330,250,170" step="2"/><U122/><E122/><V134/><F134/><W110/><G110/><T7/><D7/><U9/><E9/><V135/><F135/><W18/><G18/><T1/><D1/><U25/><REACH who="1" step="1"/><E32/><REACH who="1" ten="240,320,250,170" step="2"/><V96/><REACH who="2" step="1"/><F72/><REACH who="2" ten="240,320,240,170" step="2"/><W39/><G0/><T125/><D125/><U2/><E2/><V107/><F107/><W31/><G106/><T85/><D85/><U131/><E131/><V129/><F129/><W60/><G34/><T55/><D55/><AGARI ba="0,3" hai="17,20,23,24,25,29,46,50,55,70,71,76,81,86" machi="55" ten="30,11600,0" yaku="1,1,7,1,52,2,53,0" doraHai="16" doraHaiUra="3" who="1" fromWho="0" sc="240,-116,320,146,240,0,170,0" /><INIT seed="1,1,0,2,0,114" ten="124,466,240,170" oya="1" hai0="109,2,56,66,99,84,68,83,52,54,58,55,103" hai1="78,90,72,74,96,0,4,91,101,38,33,32,5" hai2="27,122,134,53,116,86,131,39,121,73,106,102,40" hai3="37,21,110,115,92,79,62,14,44,71,118,24,29"/><U112/><E112/><V75/><F86/><W81/><G110/><T124/><D109/><U85/><E38/><V117/><F27/><W65/><G115/><T107/><D2/><U94/><E0/><V120/><F53/><W61/><G61/><T35/><D35/><U19/><E19/><V13/><F13/><W45/><G37/><T50/><D124/><U93/><E33/><V48/><F48/><W95/><G14/><T80/><D68/><U123/><E123/><V59/><F59/><W36/><G118/><N who="2" m="45673" /><F131/><W11/><G11/><T69/><D69/><U133/><E5/><V87/><F87/><W22/><G45/><T10/><D10/><U89/><E4/><V130/><F134/><W12/><G44/><T125/><D125/><U6/><E133/><V41/><F41/><W1/><G1/><T67/><D55/><U77/><E6/><V113/><F130/><W31/><G36/><T108/><D108/><U20/><E20/><V51/><F51/><W70/><G71/><T46/><D46/><U128/><E128/><V132/><F132/><W16/><G31/><T42/><D42/><U34/><E34/><V9/><F9/><W64/><G64/><T105/><D66/><U49/><E49/><V18/><F18/><W17/><G17/><T60/><D67/><U111/><E111/><V88/><F113/><W104/><G104/><N who="0" m="63615" /><D84/><AGARI ba="1,0" hai="12,16,21,22,24,29,62,65,70,79,81,84,92,95" machi="84" ten="30,2000,0" yaku="7,1,54,1" doraHai="114" who="3" fromWho="0" sc="124,-23,466,0,240,0,170,23" /><INIT seed="2,0,0,5,3,2" ten="101,466,240,193" oya="2" hai0="107,101,34,110,3,68,57,9,90,98,125,120,135" hai1="59,119,108,84,133,4,69,10,80,94,37,76,20" hai2="105,21,102,92,72,46,79,7,29,129,16,48,118" hai3="54,67,43,55,8,13,41,14,73,50,86,38,47"/><V40/><F118/><W1/><G73/><T28/><D68/><U99/><E69/><V31/><F105/><W63/><G1/><T109/><D120/><U122/><E37/><V24/><F129/><W82/><G38/><T15/><D3/><U91/><E108/><V95/><F7/><N who="3" m="3231" /><G43/><T44/><D135/><U112/><E112/><V131/><F131/><W75/><G75/><T97/><D125/><U103/><E20/><V126/><F126/><W115/><G115/><T35/><D44/><U116/><E133/><V18/><F72/><W124/><G124/><T51/><D28/><U27/><E27/><V85/><F102/><W60/><G14/><T56/><D34/><U52/><E122/><V53/><F40/><W87/><G87/><T78/><D78/><U88/><E119/><V77/><F79/><N who="3" m="46431" /><G67/><T114/><D114/><U25/><E25/><V132/><F132/><W19/><G19/><N who="2" m="7209" /><F31/><W74/><G74/><T121/><D121/><U30/><E30/><V45/><F46/><W71/><G71/><T5/><D35/><U128/><E116/><V93/><F77/><W61/><AGARI ba="0,0" hai="41,47,50,54,55,60,61,63" m="46431,3231" machi="61" ten="30,4000,0" yaku="25,1,8,1,52,1" doraHai="2" who="3" fromWho="3" sc="101,-10,466,-10,240,-20,193,40" /><INIT seed="3,0,0,0,4,124" ten="91,456,220,233" oya="3" hai0="71,43,75,38,80,113,114,104,51,3,69,97,23" hai1="83,21,92,101,44,81,76,15,105,22,30,36,82" hai2="31,67,120,135,109,129,54,40,126,116,41,96,95" hai3="4,13,12,128,49,118,123,98,106,85,93,73,100"/><W119/><G123/><T102/><D23/><U18/><E105/><V77/><F109/><W35/><G35/><T121/><D121/><U7/><E36/><V87/><F116/><W90/><G49/><T68/><D51/><U72/><E7/><V55/><F126/><W134/><G134/><T56/><D56/><U65/><E65/><V66/><F129/><W17/><G128/><T133/><D133/><U115/><E115/><V10/><F31/><W107/><G107/><T39/><D3/><U48/><E101/><V24/><F24/><W34/><G34/><T74/><D80/><U99/><E92/><V94/><F10/><W32/><G32/><T1/><D1/><U20/><E99/><V8/><F8/><W112/><G112/><N who="0" m="43115" /><D43/><U11/><REACH who="1" step="1"/><E30/><REACH who="1" ten="91,446,220,233" step="2"/><V26/><F96/><N who="3" m="57399" /><G100/><T132/><D132/><U59/><E59/><V64/><F120/><W117/><G98/><T0/><D0/><U86/><E86/><V127/><F87/><W60/><G85/><T108/><D108/><U25/><E25/><V111/><F111/><W2/><G2/><T103/><D102/><U16/><E16/><V53/><F135/><W6/><G118/><T122/><D122/><U33/><E33/><V91/><F26/><W9/><G117/><T19/><D19/><U88/><E88/><V47/><F127/><W78/><G17/><T63/><D38/><U62/><E62/><V14/><F91/><W89/><G89/><T5/><D5/><U42/><AGARI ba="0,1" hai="11,15,18,20,21,22,42,44,48,72,76,81,82,83" machi="42" ten="30,2000,0" yaku="1,1,0,1,53,0" doraHai="124" doraHaiUra="52" who="1" fromWho="1" sc="91,-5,446,30,220,-5,233,-10" /><INIT seed="4,0,0,3,4,55" ten="86,476,215,223" oya="0" hai0="126,132,37,26,127,53,42,48,58,116,97,105,49" hai1="45,3,108,64,11,113,40,59,2,47,44,6,46" hai2="35,109,106,10,43,80,67,29,50,111,54,38,65" hai3="89,13,19,101,107,31,33,14,27,92,88,62,60"/><T28/><D37/><U118/><E108/><V112/><F106/><W84/><G13/><T86/><D116/><U0/><E118/><V70/><F112/><W79/><G79/><T103/><D132/><U135/><E135/><V72/><F35/><W74/><G74/><T9/><D9/><U69/><E69/><V98/><F29/><W30/><G30/><T128/><D128/><U120/><E120/><V117/><F98/><W16/><G19/><T32/><REACH who="0" step="1"/><D86/><REACH who="0" ten="76,476,215,223" step="2"/><U95/><E11/><V81/><F117/><W7/><G7/><T102/><D102/><U122/><E122/><V68/><F10/><W110/><G110/><T94/><D94/><U12/><E95/><V104/><F38/><W119/><G119/><T5/><D5/><U114/><E6/><V23/><F109/><W121/><G121/><T124/><D124/><U96/><E114/><V129/><F111/><W78/><G101/><T125/><D125/><U73/><E113/><V83/><F129/><W93/><G107/><T39/><D39/><U90/><E3/><V91/><F104/><W66/><G92/><T115/><D115/><U61/><E2/><V22/><F80/><W18/><G93/><T131/><D131/><U41/><E0/><V134/><F81/><W17/><G14/><T71/><D71/><U25/><E12/><V133/><F68/><W36/><G36/><T24/><D24/><U56/><E25/><V63/><F70/><W34/><G27/><T75/><D75/><U57/><E73/><V99/><F72/><W130/><G130/><T100/><D100/><U52/><E41/><RYUUKYOKU ba="0,1" sc="76,30,476,-10,215,-10,223,-10" hai0="26,28,32,42,48,49,53,58,97,103,105,126,127" /><INIT seed="4,1,1,3,4,34" ten="106,466,205,213" oya="0" hai0="42,72,32,104,24,55,97,122,20,112,48,108,3" hai1="54,59,100,6,92,93,125,119,9,74,47,64,37" hai2="117,128,109,43,33,83,116,67,16,63,50,96,38" hai3="12,82,30,80,11,107,45,110,78,105,95,2,75"/><T29/><D122/><U99/><E74/><V15/><F109/><W94/><G110/><T106/><D108/><U25/><E64/><V7/><F33/><W132/><G30/><T102/><D106/><U49/><E125/><V4/><F38/><W18/><G132/><T77/><D112/><U69/><E69/><V111/><F96/><W123/><G123/><T91/><D42/><U130/><E130/><V60/><F83/><W118/><G118/><N who="2" m="45673" /><F128/><W13/><G45/><T88/><D3/><U62/><E25/><V17/><F17/><W66/><G66/><T103/><D103/><U65/><E37/><V53/><F43/><W85/><G105/><T131/><D131/><U58/><E119/><V35/><F35/><W56/><G82/><T26/><D77/><U68/><E93/><V127/><F127/><W129/><G95/><T114/><D114/><U41/><E41/><V79/><F79/><W113/><G94/><T0/><D0/><AGARI ba="1,1" hai="0,6,9,47,49,54,58,59,62,65,68,92,99,100" machi="0" ten="30,2000,0" yaku="7,1,52,1" doraHai="34" who="1" fromWho="0" sc="106,-23,466,33,205,0,213,0" /><INIT seed="5,0,0,4,2,76" ten="83,499,205,213" oya="1" hai0="89,60,39,104,97,7,42,40,34,132,90,107,101" hai1="108,10,74,98,61,68,6,94,21,9,92,27,120" hai2="67,11,18,36,37,46,56,8,116,119,86,87,84" hai3="47,128,77,29,66,31,53,131,55,16,83,117,109"/><U35/><E61/><V100/><F100/><W62/><G109/><T95/><D34/><U82/><E82/><V25/><F67/><W33/><G117/><T111/><D7/><U2/><E74/><V80/><F56/><N who="3" m="37191" /><G33/><T19/><D19/><N who="1" m="12735" /><E94/><V24/><F18/><W13/><G47/><T126/><D60/><U20/><E2/><V91/><F46/><W64/><G64/><T14/><D14/><U45/><E45/><V32/><F32/><W88/><G77/><T122/><D39/><U71/><E71/><V69/><F87/><N who="3" m="50303" /><G131/><T72/><D111/><U48/><E68/><V52/><F69/><W118/><G128/><T133/><D126/><U78/><E78/><V70/><F70/><W103/><G103/><T65/><D65/><U17/><E120/><V51/><F36/><W0/><G118/><T58/><D122/><U115/><E115/><V38/><F37/><W23/><G0/><T81/><D58/><U63/><E63/><V73/><F38/><W123/><G123/><T41/><D107/><U75/><E75/><V96/><F73/><W57/><G55/><T135/><REACH who="0" step="1"/><D104/><REACH who="0" ten="73,499,205,213" step="2"/><U125/><E35/><V28/><F116/><W3/><G3/><T43/><N who="0" m="10240" /><DORA hai="114" /><T79/><AGARI ba="0,1" hai="72,79,81,89,90,95,97,101,132,133,135" m="10240" machi="79" ten="50,8000,1" yaku="1,1,4,1,0,1,20,1,52,1,53,0" doraHai="76,114" doraHaiUra="1,113" who="0" fromWho="0" sc="73,90,499,-40,205,-20,213,-20" /><INIT seed="6,0,0,1,2,89" ten="163,459,185,193" oya="2" hai0="124,38,7,101,128,67,132,59,109,17,26,96,41" hai1="98,69,110,15,87,37,102,4,71,48,55,99,133" hai2="76,70,5,104,43,80,33,12,107,34,52,116,126" hai3="30,56,84,63,42,77,31,74,21,103,75,66,51"/><V82/><F116/><W108/><G108/><T111/><D124/><U93/><E37/><V62/><F126/><W130/><G130/><T8/><D128/><U25/><E87/><V95/><F43/><W1/><G1/><T60/><D132/><U86/><E99/><V92/><F70/><W16/><G103/><T29/><D17/><U61/><E61/><V57/><F107/><W0/><G0/><T125/><D125/><U23/><E86/><N who="2" m="48391" /><F104/><W49/><G75/><T112/><D112/><U73/><E73/><V81/><F33/><W6/><G6/><T117/><D117/><U123/><E110/><V115/><F34/><W79/><G74/><T14/><D41/><U27/><E27/><V118/><F115/><W19/><G19/><T94/><REACH who="0" step="1"/><D38/><REACH who="0" ten="153,459,185,193" step="2"/><U122/><E133/><V134/><F134/><W36/><G36/><T39/><D39/><U105/><E123/><V10/><F118/><W135/><G135/><T78/><D78/><U106/><E122/><V90/><F90/><W54/><G42/><T44/><D44/><U58/><E102/><V13/><F13/><N who="3" m="9359" /><G79/><T32/><AGARI ba="0,1" hai="7,8,14,26,29,32,59,60,67,94,96,101,109,111" machi="32" ten="20,5200,0" yaku="1,1,0,1,7,1,52,1,53,0" doraHai="89" doraHaiUra="64" who="0" fromWho="0" sc="153,62,459,-13,185,-26,193,-13" /><INIT seed="7,0,0,3,1,1" ten="215,446,159,180" oya="3" hai0="85,132,107,45,120,44,17,69,10,123,80,125,88" hai1="73,67,94,58,70,91,68,66,98,77,133,25,5" hai2="19,29,81,24,93,111,35,115,84,122,71,96,65" hai3="90,109,103,129,105,135,128,52,110,61,43,7,116"/><W100/><G116/><T97/><D125/><U82/><E133/><V20/><F111/><N who="3" m="42507" /><G135/><T60/><D132/><U56/><E25/><V27/><F115/><W75/><G75/><T55/><D107/><U74/><E58/><V46/><F122/><W86/><G43/><T4/><D17/><U11/><E56/><V42/><F65/><W113/><G113/><T53/><D97/><U101/><E74/><V62/><F62/><W41/><G41/><T48/><D45/><U50/><E50/><V92/><F71/><W57/><G105/><T9/><D9/><U104/><E70/><V28/><F96/><W72/><G72/><T118/><D118/><U64/><E68/><V78/><REACH who="2" step="1"/><F29/><REACH who="2" ten="215,446,149,180" step="2"/><W22/><G22/><T3/><D69/><U106/><E67/><V54/><F54/><W37/><G37/><AGARI ba="0,1" hai="19,20,24,27,28,35,37,42,46,78,81,84,92,93" machi="37" ten="30,2000,0" yaku="1,1,7,1,53,0" doraHai="1" doraHaiUra="49" who="2" fromWho="3" sc="215,0,446,0,149,30,180,-20" owari="215,1.5,446,54.6,179,-22.1,160,-34.0" /></mjloggm>