<mjloggm ver="2.3"><GO type="169" lobby="0"/><UN n0="%E6%AF%94%E5%98%89%E7%A7%80%E4%BB%81" n1="%E8%B1%86%E3%83%80%E3%83%9E%E8%AD%A6%E5%AF%9F" n2="%E9%87%A3%E3%82%8A%E6%97%A5%E5%92%8C" n3="%E3%81%93%E3%82%93%E3%81%AB%E3%82%83%E3%81%8F%E5%A4%A7%E8%87%A3" dan="16,16,18,16" rate="2080.91,2136.94,2238.97,2085.80" sx="M,M,M,M"/><TAIKYOKU oya="0"/><INIT seed="0,0,0,4,1,130" ten="250,250,250,250" oya="0" hai0="102,15,8,58,81,40,83,52,35,33,10,111,80" hai1="108,1,23,45,98,135,43,126,96,127,14,78,76" hai2="36,87,112,64,106,47,7,93,128,59,104,57,28" hai3="82,110,37,32,41,56,129,101,38,50,133,99,11"/><T16/><D111/><U54/><E1/><V72/><F72/><W86/><G129/><T122/><D122/><U94/><E14/><V18/><F112/><W120/><G32/><T114/><D114/><U84/><E23/><V115/><F128/><W25/><G120/><T107/><D40/><U74/><E54/><V24/><F7/><W121/><G121/><T48/><REACH who="0" step="1"/><D10/><REACH who="0" ten="240,250,250,250" step="2"/><U22/><E43/><V90/><F115/><W2/><G110/><T46/><D46/><U88/><E45/><V17/><F47/><W60/><G41/><T66/><D66/><U42/><E42/><V100/><F64/><W103/><G38/><T30/><D30/><U91/><E108/><V123/><F36/><W71/><G37/><T92/><D92/><U6/><E94/><V67/><F123/><W73/><G11/><T75/><D75/><U134/><E74/><V109/><F109/><W27/><G73/><T97/><AGARI ba="0,1" hai="8,15,16,33,35,48,52,58,80,81,83,97,102,107" machi="97" ten="30,11700,0" yaku="1,1,0,1,54,2,53,0" doraHai="130" doraHaiUra="61" who="0" fromWho="0" sc="240,127,250,-39,250,-39,250,-39" /><INIT seed="0,1,0,2,4,76" ten="367,211,211,211" oya="0" hai0="123,107,38,39,135,2,8,70,9,117,27,19,37" hai1="85,72,59,28,23,49,15,5,46,102,97,53,87" hai2="4,66,25,58,6,111,94,127,16,118,43,124,120" hai3="57,98,113,84,133,78,131,45,71,80,101,74,40"/><T3/><D123/><U60/><E72/><V35/><F120/><W129/><G71/><T108/><D117/><U30/><E5/><V132/><F118/><W92/><G113/><T77/><D135/><U22/><E22/><V26/><F132/><W86/><G57/><T1/><D108/><U103/><E103/><V29/><F43/><W109/><G133/><T106/><D70/><U95/><E15/><V63/><F94/><W83/><G40/><T52/><D77/><U121/><E121/><V36/><F36/><W126/><G109/><T32/><D52/><U67/><REACH who="1" step="1"/><E30/><REACH who="1" ten="367,201,211,211" step="2"/><V119/><F119/><W99/><G74/><T7/><D19/><U115/><E115/><V128/><F111/><W0/><G0/><N who="0" m="107" /><D9/><U93/><E93/><V125/><REACH who="2" step="1"/><F128/><REACH who="2" ten="367,201,201,211" step="2"/><N who="3" m="49227" /><G126/><T47/><D107/><U134/><E134/><V48/><F48/><W20/><G92/><T17/><D106/><U62/><E62/><V73/><F73/><W82/><G101/><T11/><D37/><U56/><E56/><V13/><F13/><W12/><G45/><T44/><D38/><U104/><E104/><V33/><F33/><W41/><G41/><T24/><D39/><U18/><E18/><V10/><F10/><W64/><G12/><N who="0" m="7327" /><D32/><U14/><E14/><V130/><F130/><W61/><G20/><AGARI ba="1,2" hai="4,6,16,20,25,26,29,35,58,63,66,124,125,127" machi="20" ten="40,5200,0" yaku="1,1,18,1,54,1,53,0" doraHai="76" doraHaiUra="68" who="2" fromWho="3" sc="367,0,201,0,201,75,211,-55" /><INIT seed="1,0,0,3,2,25" ten="367,201,276,156" oya="1" hai0="4,66,82,0,38,116,65,103,39,24,111,55,78" hai1="19,115,21,83,8,124,31,100,86,69,99,104,45" hai2="110,118,27,105,57,6,44,79,36,7,18,84,9" hai3="14,43,67,26,89,16,126,52,107,114,5,15,135"/><U88/><E124/><V96/><F118/><W72/><G72/><T109/><D116/><U10/><E69/><V106/><F110/><W108/><G114/><T102/><D0/><U28/><E45/><V11/><F57/><W71/><G107/><T74/><D4/><U130/><E130/><V1/><F79/><W120/><G120/><T119/><D119/><U33/><E115/><V90/><F96/><W32/><G126/><T23/><D55/><U64/><E64/><V70/><F70/><W42/><G108/><N who="0" m="41547" /><D66/><U121/><E121/><V101/><F101/><N who="0" m="38410" /><D65/><U95/><E104/><V98/><F7/><W93/><G135/><T22/><D22/><U112/><E112/><V12/><F9/><N who="1" m="3689" /><E33/><V60/><F1/><W48/><G5/><T41/><D41/><N who="3" m="15369" /><G71/><T13/><D13/><AGARI ba="0,0" hai="13,19,21,28,31,83,86,88,95,99,100" m="3689" machi="13" ten="30,11600,0" yaku="8,1,52,2,54,1" doraHai="25" who="1" fromWho="0" sc="367,-116,201,116,276,0,156,0" /><INIT seed="1,1,0,4,1,80" ten="251,317,276,156" oya="1" hai0="109,9,67,52,76,13,61,30,15,45,16,58,134" hai1="111,56,24,37,2,125,47,104,22,98,113,112,121" hai2="114,17,54,65,72,34,96,70,14,122,92,115,33" hai3="133,50,91,0,85,21,71,126,62,79,117,39,11"/><U90/><E121/><V64/><F72/><W74/><G39/><T60/><D109/><U82/><E2/><V87/><F87/><W86/><G74/><T131/><D131/><U88/><E125/><V68/><F54/><W20/><G126/><T43/><D134/><U6/><E6/><V93/><F14/><W29/><G133/><T108/><D108/><U10/><E10/><V83/><F83/><N who="3" m="47359" /><G0/><T89/><D76/><U49/><E111/><V42/><F96/><W46/><G29/><T95/><D30/><U120/><E120/><V135/><F135/><W100/><G71/><N who="2" m="27177" /><F42/><N who="3" m="24919" /><G100/><T107/><D107/><U101/><E56/><V53/><F53/><W23/><G117/><T41/><D15/><U130/><E101/><V118/><F118/><W78/><G78/><T116/><D116/><U127/><E98/><V51/><F51/><W94/><G62/><T128/><D128/><U129/><E49/><V84/><F122/><W103/><G103/><T106/><D106/><U19/><E127/><V55/><F55/><W69/><G69/><T81/><D45/><U110/><E104/><V4/><F34/><W27/><G11/><T119/><D119/><U102/><E102/><V97/><F33/><W124/><G124/><T40/><D61/><U105/><E105/><V25/><F114/><N who="1" m="44137" /><E110/><V32/><F32/><W99/><G27/><T48/><D67/><U3/><E3/><V18/><F25/><W12/><G99/><N who="0" m="57839" /><D60/><U8/><E8/><V28/><F65/><W57/><G57/><T36/><D36/><U44/><E37/><V63/><F115/><W31/><G31/><RYUUKYOKU ba="1,0" sc="251,15,317,-15,276,-15,156,15" hai0="9,13,16,40,41,43,48,52,58,81" hai3="12,20,21,23,86,91,94" /><INIT seed="2,2,0,3,4,33" ten="266,302,261,171" oya="2" hai0="95,62,9,1,59,60,28,67,8,92,131,61,99" hai1="122,94,71,72,120,49,89,103,13,14,53,25,35" hai2="20,79,66,58,112,123,68,104,39,41,124,19,56" hai3="113,100,80,97,78,135,42,43,47,101,125,93,31"/><V52/><F112/><W88/><G113/><T0/><D131/><U116/><E72/><V132/><F104/><W36/><G135/><T57/><D28/><N who="1" m="19855" /><E71/><V5/><F123/><N who="1" m="47145" /><E103/><V38/><F132/><W22/><G125/><T134/><D134/><U117/><E13/><V63/><F58/><N who="0" m="22026" /><D67/><U133/><E14/><V45/><F38/><W64/><G64/><T10/><D99/><N who="1" m="57807" /><E133/><V81/><F5/><W2/><G2/><AGARI ba="2,0" hai="0,1,2,8,9,10,60,61,62,92,95" m="22026" machi="2" ten="40,8000,1" yaku="28,2,52,3" doraHai="33" who="0" fromWho="3" sc="266,86,302,0,261,0,171,-86" /><INIT seed="3,0,0,5,5,25" ten="352,302,261,85" oya="3" hai0="44,97,132,65,6,60,87,45,12,68,93,86,54" hai1="115,35,47,131,128,73,135,90,36,17,78,134,127" hai2="88,31,119,85,0,18,8,42,95,71,106,109,82" hai3="22,94,99,33,56,118,49,76,19,75,66,122,38"/><W113/><G122/><T28/><D132/><N who="1" m="50731" /><E78/><V52/><F119/><W114/><G38/><T70/><D6/><U20/><E73/><V10/><F106/><W37/><G37/><T59/><D12/><U104/><E104/><V120/><F71/><W9/><G118/><T129/><D129/><N who="1" m="49739" /><E90/><V102/><F0/><W3/><G33/><T89/><D70/><U29/><E47/><V32/><F42/><W100/><G76/><T107/><D107/><U27/><E36/><V34/><F34/><W91/><G75/><T2/><D2/><U103/><E103/><V108/><F120/><W26/><G100/><T63/><D45/><U110/><E110/><N who="2" m="42603" /><F18/><W41/><G41/><T51/><D86/><U77/><E77/><V16/><F16/><W116/><G116/><T133/><D133/><U112/><E127/><V21/><F32/><W58/><G114/><T125/><D125/><U40/><E40/><V39/><F39/><W57/><G113/><T83/><D83/><U48/><E48/><V117/><F117/><W64/><G49/><T50/><D87/><U14/><AGARI ba="0,0" hai="14,17,20,27,29,35,112,115" m="49739,50731" machi="14" ten="30,8000,1" yaku="20,1,19,1,34,2,52,1" doraHai="25" who="1" fromWho="1" sc="352,-20,302,80,261,-20,85,-40" /><INIT seed="4,0,0,4,1,63" ten="332,382,241,45" oya="0" hai0="4,42,128,92,131,41,111,32,94,86,123,13,43" hai1="75,77,82,58,19,60,44,23,114,0,76,61,126" hai2="109,69,51,16,85,87,34,102,99,84,79,27,127" hai3="125,2,120,45,119,26,104,73,83,107,40,53,67"/><T12/><D123/><U1/><E126/><V6/><F109/><W24/><G120/><T36/><D36/><U9/><E114/><V93/><F127/><W7/><G125/><T130/><D111/><U74/><E44/><V8/><F69/><W72/><G119/><T81/><D32/><U39/><E39/><V30/><F51/><W100/><G53/><T80/><D4/><U29/><E29/><V113/><F113/><W97/><G107/><T57/><D57/><U25/><E61/><V62/><F62/><W50/><G67/><T134/><D134/><U122/><E122/><V64/><F64/><W106/><G106/><T46/><D46/><U117/><E9/><V48/><F48/><W20/><G26/><T71/><D71/><U90/><E90/><V105/><F105/><W96/><G96/><T110/><D110/><U66/><E117/><V101/><F101/><W3/><G83/><AGARI ba="0,0" hai="0,1,19,23,25,58,60,66,74,75,76,77,82,83" machi="83" ten="40,2600,0" yaku="9,1,52,1" doraHai="63" who="1" fromWho="3" sc="332,0,382,26,241,0,45,-26" /><INIT seed="5,0,0,5,1,37" ten="332,408,241,19" oya="1" hai0="68,91,29,25,55,110,124,63,117,30,58,103,96" hai1="35,36,4,111,18,47,46,105,62,69,132,86,44" hai2="17,113,54,74,5,8,9,50,115,41,120,21,56" hai3="23,24,72,92,6,26,20,57,67,64,99,102,80"/><U34/><E105/><V87/><F74/><W108/><G108/><T0/><D0/><U94/><E4/><V59/><F120/><W14/><G72/><T129/><D110/><U83/><E111/><V134/><F134/><W22/><G80/><T73/><D73/><U104/><E104/><V49/><F87/><W33/><G33/><T119/><D129/><U12/><E36/><V19/><F21/><W90/><G90/><T52/><D124/><U112/><E112/><N who="2" m="43083" /><F59/><W48/><G6/><T114/><D114/><U60/><E132/><V39/><F39/><W85/><G85/><T11/><D68/><U27/><E94/><V77/><F77/><W31/><G26/><T107/><D11/><N who="2" m="4170" /><F5/><W66/><G14/><T42/><D30/><U76/><E27/><V3/><F3/><W126/><G126/><T81/><D81/><U79/><E69/><V75/><F75/><W38/><G38/><T106/><D106/><U109/><E109/><V65/><F65/><W84/><G84/><T2/><D2/><U45/><N who="1" m="11264" /><DORA hai="98" /><U100/><E35/><V82/><F82/><W28/><REACH who="3" step="1"/><G24/><REACH who="3" ten="332,408,241,9" step="2"/><T93/><D25/><U125/><E34/><V1/><F1/><W127/><G127/><T130/><D29/><U133/><E125/><V118/><F17/><W16/><G16/><T101/><D119/><U135/><E79/><V95/><F118/><W61/><G61/><T122/><D117/><U71/><E62/><V13/><F19/><W32/><G32/><T53/><D63/><U131/><E135/><V89/><F13/><W7/><G7/><T15/><D122/><RYUUKYOKU ba="0,1" sc="332,-10,408,-10,241,-10,9,30" hai3="20,22,23,28,31,48,57,64,66,67,92,99,102" /><INIT seed="6,1,1,3,3,13" ten="322,398,231,39" oya="2" hai0="117,72,45,90,73,22,57,29,1,48,115,101,0" hai1="91,61,131,67,14,10,25,64,94,123,86,65,3" hai2="120,30,100,80,5,55,70,31,43,113,134,24,59" hai3="93,116,47,106,69,71,85,108,107,135,16,133,114"/><V121/><F70/><N who="3" m="26635" /><G116/><T4/><D117/><U109/><E131/><V78/><F134/><N who="3" m="51211" /><G108/><T35/><D115/><U23/><E109/><V17/><F113/><W46/><G114/><T95/><D35/><U103/><E3/><V74/><F5/><W42/><G85/><T111/><D111/><U105/><E105/><N who="3" m="39946" /><G93/><T56/><D101/><U44/><E103/><V12/><F100/><W50/><G50/><T132/><D132/><U41/><E61/><V119/><F43/><W28/><G28/><T2/><D29/><U82/><E67/><V77/><F31/><W129/><G129/><T52/><D95/><U66/><E94/><V11/><F119/><W49/><G49/><T27/><D48/><U26/><E26/><V18/><F78/><W19/><G42/><T89/><D27/><U88/><E91/><V15/><F55/><W124/><G124/><T104/><D104/><U38/><E66/><V83/><F59/><W53/><G53/><T68/><D68/><U110/><E110/><V112/><F80/><W130/><G130/><T98/><D57/><U54/><E54/><V96/><F112/><W63/><G63/><T102/><D56/><U75/><E65/><V62/><F62/><W60/><G60/><T39/><D52/><U92/><E82/><V118/><F118/><W8/><G8/><T125/><D90/><U20/><E64/><V128/><F128/><W36/><G36/><T79/><D89/><U34/><E38/><V122/><F11/><W9/><G9/><T81/><D39/><U40/><E40/><V99/><F83/><W37/><G37/><RYUUKYOKU ba="1,1" sc="322,-10,398,-10,231,-10,39,30" hai3="16,19,46,47" /><INIT seed="7,2,1,5,0,52" ten="312,388,221,69" oya="3" hai0="79,11,81,69,121,131,42,104,96,61,36,75,110" hai1="4,9,18,2,113,15,111,32,73,48,127,68,83" hai2="3,87,66,98,41,26,118,60,84,103,129,90,50" hai3="105,7,51,74,40,13,128,86,34,58,126,67,5"/><W76/><G74/><T49/><D121/><U97/><E68/><V117/><F3/><W53/><G105/><T56/><D110/><U107/><E113/><V89/><F129/><W135/><G135/><T28/><D131/><U27/><E111/><V39/><F39/><W77/><G128/><T25/><D11/><U72/><E83/><V88/><F26/><W125/><G34/><N who="0" m="20751" /><D49/><U91/><E127/><N who="3" m="48650" /><G67/><N who="0" m="41199" /><D56/><U45/><E32/><V37/><F37/><W70/><G70/><T33/><D33/><U20/><E27/><V116/><F50/><W78/><G40/><T0/><D0/><U99/><E107/><V93/><REACH who="2" step="1"/><F41/><REACH who="2" ten="312,388,211,69" step="2"/><W92/><G13/><T16/><D42/><U85/><E48/><V17/><F17/><W30/><G30/><T120/><D36/><U63/><E18/><V123/><F123/><W44/><G44/><T10/><D120/><U130/><E45/><V43/><F43/><W38/><G38/><T112/><D112/><U64/><E15/><V55/><F55/><W1/><G1/><T29/><D29/><U100/><E130/><V95/><F95/><W115/><G115/><T54/><D54/><U22/><E2/><V102/><F102/><W132/><G132/><T14/><D104/><U8/><E100/><V19/><F19/><W133/><G133/><T71/><D16/><U108/><E108/><V23/><F23/><W65/><G65/><T82/><D10/><U47/><E64/><V80/><F80/><W12/><G12/><T109/><D82/><U119/><E9/><V21/><F21/><W59/><G59/><AGARI ba="2,2" hai="59,60,66,84,87,88,89,90,93,98,103,116,117,118" machi="59" ten="50,6400,0" yaku="1,1,52,1,54,1,53,0" doraHai="52" doraHaiUra="106" who="2" fromWho="3" sc="312,0,388,0,211,90,69,-70" owari="312,11.2,388,48.8,301,-9.9,-1,-50.1" /></mjloggm>