<mjloggm ver="2.3"><GO type="169" lobby="0"/><UN n0="%E3%83%91%E3%83%91%E3%83%91%E3%83%91" n1="%63%68%69%73%73" n2="%E9%87%A3%E3%82%8A%E6%97%A5%E5%92%8C" n3="%E6%A1%9C%E5%B0%8F%E8%B7%AF%E6%89%8D%E8%8F%AF" dan="17,16,18,16" rate="2201.83,2138.04,2217.92,2155.80" sx="M,M,M,M"/><TAIKYOKU oya="0"/><INIT seed="0,0,0,4,5,77" ten="250,250,250,250" oya="0" hai0="6,9,32,123,12,65,112,79,59,41,13,89,120" hai1="42,72,37,25,91,31,78,46,8,132,18,10,87" hai2="52,43,51,73,60,114,7,113,85,99,111,15,95" hai3="76,133,74,105,40,93,26,50,66,126,35,38,109"/><T125/><D112/><U80/><E132/><V62/><F73/><W118/><G118/><T121/><D125/><U4/><E18/><V48/><F111/><W53/><G105/><T94/><D32/><U135/><E135/><V115/><F85/><W34/><G133/><T100/><D100/><U1/><E10/><V24/><F24/><W57/><G109/><T19/><D79/><U44/><E44/><V90/><F48/><W107/><G107/><T22/><D41/><U21/><REACH who="1" step="1"/><E91/><REACH who="1" ten="250,240,250,250" step="2"/><V127/><F127/><W39/><G126/><T82/><D123/><U0/><E0/><V20/><F7/><W70/><G39/><T128/><D121/><U61/><E61/><V49/><F62/><W97/><G38/><T27/><D120/><U88/><E88/><V71/><F60/><W16/><G16/><T58/><D128/><U81/><E81/><V84/><F90/><W29/><G29/><N who="0" m="17655" /><D82/><U101/><E101/><V103/><F103/><W69/><G76/><T67/><D67/><U28/><E28/><V11/><F114/><W5/><G66/><T130/><D65/><U92/><E92/><V131/><F95/><W54/><G54/><T17/><D130/><U102/><E102/><V129/><F52/><W2/><G53/><T36/><D36/><U56/><E56/><N who="0" m="21545" /><D13/><U86/><AGARI ba="0,1" hai="1,4,8,21,25,31,37,42,46,72,78,80,86,87" machi="86" ten="30,8000,1" yaku="1,1,0,1,25,2,52,1,53,0" doraHai="77" doraHaiUra="96" who="1" fromWho="1" sc="250,-40,240,90,250,-20,250,-20" /><INIT seed="1,0,0,1,4,19" ten="210,330,230,230" oya="1" hai0="96,65,114,87,82,44,115,25,3,14,119,123,6" hai1="105,61,134,49,97,23,1,73,112,110,77,4,124" hai2="48,18,26,59,102,47,89,45,58,120,104,54,99" hai3="31,71,90,63,92,109,127,118,12,15,66,125,85"/><U27/><E112/><V43/><F120/><W100/><G109/><T32/><D119/><U93/><E105/><V40/><F89/><W133/><G118/><T0/><D123/><U53/><E124/><N who="3" m="47690" /><G133/><T67/><D96/><U42/><E134/><V103/><F103/><W28/><G100/><T10/><D44/><U50/><E1/><V57/><REACH who="2" step="1"/><F45/><REACH who="2" ten="210,330,220,230" step="2"/><W75/><G75/><T21/><D115/><U107/><E73/><V24/><F24/><W70/><G70/><T22/><D114/><U33/><E27/><V122/><F122/><W128/><G128/><T131/><D131/><U17/><E110/><V13/><F13/><AGARI ba="0,1" hai="12,13,15,28,31,63,66,71,85,90,92" m="47690" machi="13" ten="30,1000,0" yaku="18,1" doraHai="19" who="3" fromWho="2" sc="210,0,330,0,220,-10,230,20" /><INIT seed="2,0,0,2,4,121" ten="210,330,210,250" oya="2" hai0="132,33,10,66,40,65,77,55,35,57,98,75,111" hai1="85,110,68,117,36,126,108,125,92,41,72,116,107" hai2="83,3,48,14,95,97,38,25,128,52,84,100,93" hai3="80,71,123,31,13,56,69,104,61,9,88,79,101"/><V47/><F3/><W12/><G123/><T82/><D132/><U22/><E68/><V96/><F128/><W74/><G31/><T105/><D40/><U112/><E72/><V18/><F38/><W58/><G58/><T119/><D119/><N who="1" m="45643" /><E41/><V81/><F25/><W15/><G9/><T99/><D10/><U51/><E36/><V2/><F2/><W78/><G78/><T133/><D133/><U42/><E22/><V131/><F131/><W5/><G5/><T130/><D130/><U86/><E107/><V29/><F29/><W30/><G30/><T1/><D1/><U113/><E51/><V63/><F63/><W70/><G104/><T54/><D105/><U17/><E17/><V46/><F46/><W32/><G32/><T11/><D11/><U91/><E42/><V23/><REACH who="2" step="1"/><F84/><REACH who="2" ten="210,330,200,250" step="2"/><W90/><REACH who="3" step="1"/><G101/><AGARI ba="0,1" hai="14,18,23,47,48,52,81,83,93,95,96,97,100,101" machi="101" ten="30,18000,2" yaku="1,1,2,1,7,1,9,1,8,1,54,1,53,0" doraHai="121" doraHaiUra="59" who="2" fromWho="3" sc="210,0,330,0,200,190,250,-180" /><INIT seed="2,1,0,3,1,73" ten="210,330,390,70" oya="2" hai0="56,120,95,91,57,67,113,47,24,13,89,19,0" hai1="77,8,44,99,66,90,83,38,71,61,93,34,117" hai2="72,115,105,107,5,16,131,85,42,80,62,78,31" hai3="68,51,133,132,23,128,74,79,116,46,49,82,64"/><V4/><F115/><W124/><G116/><T37/><D113/><U60/><E117/><V50/><F31/><W129/><G68/><T94/><D0/><U26/><E34/><V81/><F131/><N who="3" m="50251" /><G64/><T10/><D120/><U41/><E26/><V32/><F32/><W53/><G23/><T1/><D1/><U25/><E25/><V30/><F30/><W110/><G110/><T45/><D24/><U3/><E71/><V87/><F62/><W84/><G74/><T108/><D108/><U109/><E109/><V59/><F105/><W112/><G112/><T27/><D27/><U92/><E66/><V127/><F107/><W97/><G97/><N who="0" m="57551" /><D37/><U104/><E104/><V126/><F72/><W20/><G20/><T121/><D121/><U6/><REACH who="1" step="1"/><E93/><REACH who="1" ten="210,320,390,70" step="2"/><V7/><F126/><W100/><G124/><T88/><D67/><U118/><E118/><V18/><F127/><W114/><G114/><T101/><D95/><U103/><E103/><V65/><F65/><W40/><G100/><T43/><D101/><U33/><E33/><V96/><F96/><W125/><G125/><T11/><D91/><U28/><E28/><V122/><F122/><W70/><G70/><T63/><D88/><U55/><E55/><N who="2" m="32247" /><F42/><W98/><G98/><T9/><D43/><U22/><E22/><V54/><F54/><W130/><N who="3" m="50259" /><W75/><DORA hai="29" /><G75/><AGARI ba="1,1" hai="3,6,8,38,41,44,60,61,75,77,83,90,92,99" machi="75" ten="30,12000,2" yaku="1,1,7,1,25,2,52,1,53,1" doraHai="73,29" doraHaiUra="52,86" who="1" fromWho="3" sc="210,0,320,133,390,0,70,-123" owari="210,-19.0,453,55.3,390,19.0,-53,-55.3" /></mjloggm>