<mjloggm ver="2.3"><GO type="169" lobby="0"/><UN n0="%54%53%4D%2D%30%37" n1="%75%74%63%68%69%65" n2="%E6%9C%8B%E4%B9%9F%40" n3="%E8%8A%B1%E9%81%93%E6%A1%9C%E6%9C%A8" dan="16,16,16,16" rate="2025.39,2075.27,2178.81,2138.87" sx="M,M,F,M"/><TAIKYOKU oya="0"/><INIT seed="0,0,0,5,3,41" ten="250,250,250,250" oya="0" hai0="25,8,31,58,125,45,86,49,133,104,16,97,94" hai1="109,99,32,114,2,47,1,98,69,61,56,116,90" hai2="92,0,85,72,78,71,28,4,15,76,91,115,96" hai3="129,20,34,63,126,106,13,14,88,82,19,62,66"/><T27/><D133/><U65/><E116/><V24/><F71/><W105/><G34/><T93/><D125/><U102/><E114/><V100/><F115/><W5/><G126/><T30/><D104/><U123/><E123/><V101/><F0/><W107/><G129/><T95/><D58/><U79/><E79/><V52/><F72/><W55/><G55/><T42/><D97/><U112/><E109/><V12/><F100/><W18/><G5/><T11/><D86/><U83/><E32/><V48/><F4/><W75/><G75/><T134/><D134/><U3/><E69/><V68/><F68/><W39/><G39/><T113/><D113/><U108/><E108/><V54/><F78/><W9/><REACH who="3" step="1"/><G66/><REACH who="3" ten="250,250,250,240" step="2"/><T36/><D36/><U122/><E112/><V67/><F67/><W81/><G81/><T10/><REACH who="0" step="1"/><D27/><REACH who="0" ten="240,250,250,240" step="2"/><U26/><E26/><V103/><F24/><W120/><G120/><T111/><D111/><U44/><E122/><V59/><F96/><W77/><G77/><T21/><AGARI ba="0,2" hai="8,10,11,16,21,25,30,31,42,45,49,93,94,95" machi="21" ten="40,24000,3" yaku="1,1,0,1,8,1,52,1,54,1,53,3" doraHai="41" doraHaiUra="89" who="0" fromWho="0" sc="240,260,250,-80,250,-80,240,-80" /><INIT seed="0,1,0,3,2,62" ten="500,170,170,160" oya="0" hai0="120,59,110,80,8,30,58,35,111,109,9,87,19" hai1="90,105,50,86,101,132,96,74,67,83,25,2,117" hai2="64,95,113,121,93,128,12,70,10,46,135,133,48" hai3="91,118,126,28,122,73,22,13,63,66,106,123,7"/><T71/><D120/><U37/><E37/><V112/><F121/><W84/><G118/><T18/><D71/><U119/><E2/><V79/><F79/><W47/><G73/><T127/><D127/><U115/><E67/><V77/><F77/><W36/><G126/><T99/><D99/><U1/><E1/><V29/><F29/><W107/><G123/><T102/><D102/><U76/><E132/><N who="2" m="50763" /><F128/><W14/><G122/><T72/><D72/><U124/><E124/><V68/><F68/><W16/><G28/><T43/><D43/><U85/><E25/><V81/><F81/><W75/><G75/><T82/><D30/><U33/><E33/><V54/><F64/><W92/><G36/><T104/><D35/><U20/><E20/><V65/><F65/><W49/><G14/><T60/><D104/><U21/><E21/><V125/><F70/><W100/><G7/><T57/><D60/><U26/><E26/><V0/><F0/><W89/><G89/><N who="0" m="51431" /><D82/><N who="1" m="45335" /><E50/><V44/><F125/><W52/><G100/><T45/><D45/><U24/><E24/><V42/><F46/><W11/><G22/><T131/><D131/><U130/><E130/><V55/><F42/><W53/><G53/><T51/><D51/><U27/><E27/><V5/><F55/><W129/><G129/><T23/><D23/><U38/><E38/><V34/><F34/><W103/><G103/><T15/><D15/><U134/><E134/><V114/><AGARI ba="1,0" hai="5,10,12,44,48,54,93,95,112,113,114" m="50763" machi="114" ten="40,1500,0" yaku="20,1" doraHai="62" who="2" fromWho="2" sc="500,-8,170,-5,170,18,160,-5" /><INIT seed="1,0,0,1,0,111" ten="492,165,188,155" oya="1" hai0="109,64,16,51,98,57,58,92,117,129,52,19,84" hai1="94,8,112,114,75,37,95,106,101,42,81,86,14" hai2="134,121,63,20,124,30,60,116,50,125,100,56,27" hai3="7,102,133,72,103,13,21,119,110,6,67,62,55"/><U91/><E37/><V11/><F121/><W120/><G120/><T118/><D109/><U79/><E42/><V135/><F116/><W66/><G110/><T108/><D108/><U97/><REACH who="1" step="1"/><E95/><REACH who="1" ten="492,155,188,155" step="2"/><V24/><F125/><W59/><G119/><T82/><D117/><U69/><E69/><V90/><F124/><W28/><G67/><T2/><D92/><U49/><E49/><V78/><F50/><W10/><G66/><T68/><D51/><U127/><E127/><V76/><F60/><W113/><G62/><T17/><D64/><U25/><E25/><V93/><F24/><W65/><G65/><T15/><D68/><U122/><E122/><V18/><F63/><W85/><G55/><T4/><D52/><U1/><E1/><V47/><F27/><W96/><G13/><T83/><D15/><U26/><E26/><V107/><F93/><W89/><G28/><T36/><D36/><U53/><E53/><V71/><F30/><W44/><G44/><T0/><D0/><U80/><E80/><V99/><F47/><W48/><G48/><T22/><D83/><U128/><E128/><V9/><F71/><W61/><G59/><T41/><D129/><U88/><E88/><V70/><F90/><W123/><G89/><T105/><D2/><U29/><E29/><V126/><F70/><W73/><G61/><T115/><D41/><U31/><E31/><V32/><F56/><W130/><G130/><T74/><D57/><U33/><E33/><V132/><F32/><W3/><G123/><T45/><D58/><U131/><E131/><V12/><F126/><RYUUKYOKU ba="0,1" sc="492,-15,155,15,188,15,155,-15" hai1="8,14,75,79,81,86,91,94,97,101,106,112,114" hai2="9,11,12,18,20,76,78,99,100,107,132,134,135" /><INIT seed="1,1,1,1,5,95" ten="477,170,203,140" oya="1" hai0="42,87,62,51,128,76,68,117,123,73,83,93,40" hai1="43,49,11,108,98,2,1,61,133,124,32,118,116" hai2="16,47,29,54,106,4,109,64,94,36,79,58,103" hai3="57,74,97,44,45,69,19,39,92,37,33,10,31"/><U121/><E121/><V113/><F109/><W81/><G69/><T21/><D117/><U15/><E32/><V65/><F106/><W125/><G125/><T48/><D123/><U30/><E30/><V18/><F113/><W5/><G19/><N who="2" m="7209" /><F36/><W82/><G39/><T50/><D128/><U17/><E124/><V66/><F29/><W122/><G122/><T34/><D34/><U56/><E133/><V77/><F4/><W70/><G70/><T53/><D21/><U134/><E134/><V41/><F41/><W131/><G131/><T88/><REACH who="0" step="1"/><D53/><REACH who="0" ten="467,170,203,140" step="2"/><U132/><E132/><V60/><F47/><W72/><G45/><T100/><D100/><U91/><E118/><V107/><F107/><W111/><G44/><T6/><D6/><U13/><E116/><V27/><F27/><W38/><G5/><T25/><D25/><U120/><E120/><V0/><F0/><W80/><G33/><T114/><D114/><U78/><E1/><V101/><F103/><W55/><G55/><T52/><D52/><U90/><E2/><V20/><F20/><W28/><G111/><T130/><D130/><U129/><E129/><V7/><F7/><W102/><G102/><T110/><D110/><U126/><E108/><V22/><F22/><W85/><G10/><T14/><D14/><N who="1" m="7391" /><E126/><V71/><F71/><W105/><G105/><T86/><D86/><U12/><E12/><V115/><F115/><W63/><G85/><T112/><D112/><U8/><E13/><V35/><F35/><W3/><G3/><T84/><D84/><U24/><E15/><V46/><F46/><RYUUKYOKU ba="1,2" sc="467,15,170,-15,203,15,140,-15" hai0="40,42,48,50,51,62,68,73,76,83,87,88,93" hai2="54,58,60,64,65,66,77,79,94,101" /><INIT seed="2,2,2,1,4,125" ten="482,155,218,125" oya="2" hai0="83,15,85,79,28,3,16,44,9,117,119,10,22" hai1="60,49,88,64,1,2,80,101,31,46,65,47,111" hai2="89,7,124,91,48,107,40,120,98,113,127,121,21" hai3="26,19,87,102,100,4,74,39,42,69,66,96,126"/><V6/><F113/><W53/><G74/><T105/><D105/><U30/><E101/><V20/><F98/><W84/><G126/><N who="2" m="48169" /><F48/><W70/><G4/><N who="2" m="1577" /><F40/><W35/><G42/><T104/><D9/><U118/><E49/><V25/><F107/><W114/><G39/><T97/><D44/><U132/><E80/><V72/><F72/><W13/><G114/><T75/><D75/><U41/><E60/><V92/><F92/><W33/><G53/><T63/><D63/><U94/><E94/><V93/><F93/><W122/><G122/><N who="2" m="47209" /><F25/><W0/><G96/><T34/><D97/><U134/><E41/><V23/><AGARI ba="2,2" hai="20,21,23,89,91" m="47209,1577,48169" machi="23" ten="40,7800,0" yaku="28,2,18,1" doraHai="125" who="2" fromWho="2" sc="482,-28,155,-28,218,104,125,-28" /><INIT seed="2,3,0,3,5,43" ten="454,127,322,97" oya="2" hai0="51,75,91,92,33,112,3,86,41,52,116,38,39" hai1="121,26,110,6,104,57,103,73,40,108,61,69,59" hai2="98,85,25,9,31,48,117,77,5,102,88,125,21" hai3="70,67,105,23,119,27,10,90,107,2,47,16,95"/><V20/><F117/><W132/><G119/><T120/><D116/><U79/><E6/><V17/><F125/><W129/><G129/><T34/><D120/><U133/><E133/><V64/><F64/><W99/><G132/><T66/><D112/><U15/><E15/><V106/><F77/><W29/><G70/><T50/><D75/><U13/><E13/><V32/><F17/><W127/><G67/><T49/><D3/><U1/><E1/><V130/><F130/><W111/><G111/><T4/><D4/><U76/><E40/><V7/><F7/><W46/><G127/><T94/><D66/><U30/><E79/><V36/><F36/><W93/><G2/><T58/><D92/><U28/><E28/><V81/><REACH who="2" step="1"/><F48/><REACH who="2" ten="454,127,312,97" step="2"/><W0/><G16/><T101/><D39/><U45/><E76/><V11/><F11/><W100/><G10/><T54/><D38/><U65/><E110/><V89/><F89/><W123/><G123/><T82/><D41/><U84/><E121/><V19/><F19/><W53/><G53/><T8/><D8/><U124/><E124/><V42/><F42/><W78/><G78/><T60/><D54/><U22/><E108/><V44/><F44/><W63/><G47/><T115/><D115/><U71/><E45/><V87/><F87/><W126/><G46/><T113/><D113/><U118/><E118/><V74/><F74/><W72/><G72/><T35/><D101/><U96/><E73/><V37/><F37/><W97/><G126/><T55/><D55/><N who="1" m="33983" /><E84/><V83/><F83/><W12/><G100/><T134/><D82/><RYUUKYOKU ba="3,1" sc="454,10,127,10,312,10,97,-30" hai0="33,34,35,49,50,51,52,58,60,86,91,94,134" hai1="22,26,30,59,65,69,71,96,103,104" hai2="5,9,20,21,25,31,32,81,85,88,98,102,106" /><INIT seed="2,4,1,4,1,126" ten="464,137,322,67" oya="2" hai0="35,62,5,88,128,121,107,70,115,97,31,118,113" hai1="60,67,51,12,2,74,81,99,83,61,98,19,131" hai2="18,93,33,16,103,46,112,26,37,63,65,100,7" hai3="79,13,95,64,0,104,78,135,73,91,71,120,111"/><V85/><F112/><W36/><G0/><T72/><D121/><U28/><E131/><V48/><F37/><W25/><G36/><T94/><D128/><U77/><E2/><V17/><F7/><W44/><G120/><T101/><D5/><U110/><E110/><V40/><F93/><W20/><G104/><T86/><D118/><U75/><E28/><V15/><F15/><W29/><G135/><T108/><D72/><U34/><E34/><V6/><F6/><W130/><G111/><T58/><D58/><U127/><E127/><V42/><F42/><W106/><G106/><T76/><D76/><U123/><E51/><V80/><F26/><W39/><G73/><T105/><D105/><U116/><E116/><V109/><F33/><W21/><G64/><N who="0" m="41239" /><D108/><U90/><E61/><V102/><F109/><W132/><G71/><T56/><D56/><U4/><E4/><V3/><F3/><W24/><G132/><T84/><D84/><U114/><E114/><V122/><F122/><W9/><G44/><T57/><D57/><U133/><E133/><V96/><F96/><N who="3" m="57471" /><G39/><T68/><D68/><N who="1" m="42087" /><E123/><V50/><F50/><W32/><G130/><T87/><D87/><N who="1" m="50543" /><E74/><V30/><F30/><N who="3" m="17671" /><G32/><T23/><D23/><U49/><E49/><V125/><F125/><W55/><G55/><T10/><D10/><U45/><E45/><V41/><F41/><W1/><G1/><T92/><D92/><U11/><E99/><V124/><F124/><W47/><G47/><T82/><D94/><U22/><E98/><V59/><F85/><W117/><G117/><T38/><D38/><RYUUKYOKU ba="4,1" sc="464,0,137,0,322,0,67,0" hai0="31,35,82,86,88,97,101,107,113,115" hai1="11,12,19,22,75,77,83" hai2="16,17,18,40,46,48,59,63,65,80,100,102,103" hai3="9,13,21,25,29,78,79" /><INIT seed="2,5,1,2,4,5" ten="464,137,322,67" oya="2" hai0="101,4,129,75,95,54,98,74,80,108,70,93,131" hai1="15,56,83,53,132,116,120,78,102,21,94,41,49" hai2="29,58,128,19,135,40,42,88,1,9,117,79,106" hai3="124,65,43,109,107,133,113,45,14,72,8,99,121"/><V37/><F117/><W61/><G121/><T130/><D108/><U103/><E116/><V122/><F122/><W6/><G109/><T104/><D70/><U20/><E132/><V85/><F106/><W32/><G133/><T123/><D123/><U68/><E68/><V62/><F135/><W30/><G124/><T51/><D4/><U17/><E120/><V23/><F128/><W100/><G113/><T36/><D36/><U3/><E3/><V22/><F79/><W13/><G72/><N who="0" m="27691" /><D80/><U115/><E115/><V77/><F77/><W2/><G30/><T82/><D82/><U81/><E78/><V125/><F1/><W66/><G32/><T31/><D31/><U55/><E41/><N who="2" m="15979" /><F29/><W76/><G76/><T12/><D12/><U33/><E33/><V67/><F37/><W73/><G66/><T134/><D134/><U84/><E102/><V0/><F0/><W48/><REACH who="3" step="1"/><G73/><REACH who="3" ten="464,137,322,57" step="2"/><T18/><D129/><U28/><E28/><V87/><F125/><W63/><G63/><T86/><D130/><U110/><E110/><V26/><F62/><W69/><AGARI ba="5,2" hai="2,6,8,13,14,43,45,48,61,65,69,99,100,107" machi="69" ten="20,8000,1" yaku="1,1,0,1,7,1,52,1,53,1" doraHai="5" doraHaiUra="44" who="3" fromWho="3" sc="464,-25,137,-25,322,-45,57,115" /><INIT seed="3,0,0,3,3,30" ten="439,112,277,172" oya="3" hai0="36,52,15,0,56,49,130,44,20,129,69,33,72" hai1="51,5,19,63,39,54,29,71,108,37,118,21,35" hai2="103,46,135,4,127,89,31,114,79,1,40,122,66" hai3="107,28,128,88,13,84,14,116,70,117,85,131,65"/><W8/><G107/><T47/><D33/><U58/><E108/><V16/><F114/><W93/><G28/><T18/><D72/><U83/><E118/><V115/><F115/><W57/><G70/><T77/><D77/><U132/><E132/><V62/><F122/><W86/><G65/><T50/><D69/><U9/><E71/><V55/><F103/><W68/><G68/><T81/><D81/><U110/><E110/><V34/><F79/><W59/><G8/><T133/><D0/><U102/><E102/><V73/><F73/><W74/><G74/><T134/><D36/><U124/><E83/><V24/><F127/><W113/><G113/><T87/><D87/><U17/><E17/><V95/><F16/><W101/><G101/><T120/><D56/><N who="3" m="21577" /><G93/><T119/><D119/><N who="3" m="45641" /><G88/><T125/><D125/><U80/><E80/><V96/><F66/><W104/><G104/><T42/><D120/><U75/><E63/><V109/><F62/><W92/><G92/><T27/><D27/><N who="1" m="18879" /><E124/><V78/><F109/><W32/><G32/><T53/><D42/><U45/><E75/><V12/><F40/><W61/><G61/><T60/><D60/><U64/><E64/><V10/><F78/><W91/><G91/><T2/><D2/><N who="1" m="183" /><E58/><V112/><F1/><W48/><G48/><T76/><D76/><U38/><E37/><V123/><F112/><W94/><G94/><T23/><D23/><U121/><E121/><V11/><F123/><W99/><G99/><T97/><D97/><U106/><E106/><V67/><F96/><W3/><G3/><T25/><D25/><AGARI ba="0,0" hai="19,21,25,38,39,45,51,54" m="183,18879" machi="25" ten="30,2000,0" yaku="6,1,52,1" doraHai="30" who="1" fromWho="0" sc="439,-20,112,20,277,0,172,0" /><INIT seed="4,0,0,2,4,81" ten="419,132,277,172" oya="0" hai0="69,119,74,56,7,3,14,60,126,99,130,109,54" hai1="23,95,28,110,86,38,98,63,85,24,106,134,32" hai2="52,107,25,34,123,53,16,4,114,127,10,45,68" hai3="57,26,100,80,11,12,105,92,22,121,42,93,20"/><T120/><D119/><U133/><E110/><V19/><F107/><W71/><G71/><T101/><D120/><U79/><E38/><V124/><F123/><W129/><G121/><T17/><D74/><U70/><E79/><V75/><F75/><W66/><G129/><T50/><D126/><N who="2" m="48170" /><F68/><W31/><G42/><T72/><D72/><U47/><E47/><V5/><F114/><W33/><G105/><T40/><D130/><U8/><E8/><V76/><F76/><W77/><G33/><T61/><D69/><U108/><E108/><V13/><F19/><W18/><G22/><T39/><D7/><N who="2" m="2634" /><F45/><W21/><G100/><T91/><D3/><U55/><E23/><V49/><F49/><W6/><G57/><T0/><D0/><U62/><E55/><V97/><F97/><W135/><G66/><T83/><D101/><N who="1" m="62775" /><E95/><V115/><F115/><W113/><G113/><T73/><D99/><U29/><E29/><AGARI ba="0,0" hai="10,13,16,25,29,34,52,53" m="2634,48170" machi="29" ten="30,3900,0" yaku="18,1,54,2" doraHai="81" who="2" fromWho="1" sc="419,0,132,-39,277,39,172,0" /><INIT seed="5,0,0,2,3,107" ten="419,93,316,172" oya="1" hai0="103,132,12,101,131,123,100,31,3,38,20,55,16" hai1="28,84,61,116,90,129,59,81,7,118,0,115,17" hai2="69,86,68,120,83,25,77,53,108,9,62,44,1" hai3="94,29,112,35,121,98,32,39,50,27,67,60,26"/><U37/><E37/><V24/><F108/><W89/><G39/><T111/><D111/><U48/><E115/><V82/><F120/><W47/><G121/><T96/><D123/><U105/><E105/><V51/><F69/><W22/><G112/><T23/><D3/><U135/><E28/><V109/><F109/><W52/><REACH who="3" step="1"/><G27/><REACH who="3" ten="419,93,316,162" step="2"/><T74/><D38/><U66/><E118/><V45/><F25/><W80/><G80/><T85/><D132/><U46/><E135/><V97/><F24/><W119/><G119/><T49/><D131/><U19/><E129/><V8/><F83/><W117/><G117/><T42/><D31/><U125/><E116/><V4/><F82/><W40/><G40/><T30/><D30/><U13/><E125/><V93/><F1/><W72/><G72/><T110/><D74/><U133/><E0/><V134/><F134/><W57/><AGARI ba="0,1" hai="22,26,29,32,35,47,50,52,57,60,67,89,94,98" machi="57" ten="20,5200,0" yaku="1,1,0,1,7,1,54,1,53,0" doraHai="107" doraHaiUra="104" who="3" fromWho="3" sc="419,-13,93,-26,316,-13,162,62" /><INIT seed="6,0,0,1,1,0" ten="406,67,303,224" oya="2" hai0="115,107,13,52,123,72,124,12,129,10,116,45,27" hai1="83,91,20,77,130,69,64,126,17,30,119,60,6" hai2="24,75,93,47,63,106,78,28,70,113,71,43,11" hai3="2,134,74,3,121,81,49,109,79,100,112,7,108"/><V125/><F125/><W36/><G121/><T65/><D123/><U4/><E119/><V15/><F113/><W38/><G49/><T89/><D107/><U101/><E126/><V35/><F106/><W19/><G19/><T104/><D104/><U41/><E130/><V114/><F114/><W99/><G112/><T67/><D72/><U44/><E101/><V5/><F63/><W56/><G56/><T14/><D124/><U51/><E91/><V31/><F31/><W48/><G48/><N who="0" m="28687" /><D116/><U39/><E30/><V90/><F78/><W98/><G134/><T118/><D118/><U33/><E33/><V42/><F75/><W73/><G81/><T127/><D127/><U62/><E62/><V18/><F18/><W131/><G79/><T57/><D27/><U105/><E105/><V34/><F34/><W40/><G40/><T8/><D129/><U84/><REACH who="1" step="1"/><E39/><REACH who="1" ten="406,57,303,224" step="2"/><V59/><F35/><W68/><G100/><T21/><D89/><U103/><E103/><V97/><F90/><W135/><G131/><T66/><D115/><U53/><E53/><V50/><F28/><W76/><G76/><T37/><D37/><U55/><E55/><V95/><F43/><W46/><G38/><T96/><D67/><U26/><AGARI ba="0,1" hai="4,6,17,20,26,41,44,51,60,64,69,77,83,84" machi="26" ten="20,8000,1" yaku="1,1,0,1,7,1,52,2,53,0" doraHai="0" doraHaiUra="87" who="1" fromWho="1" sc="406,-20,57,90,303,-40,224,-20" /><INIT seed="7,0,0,5,0,74" ten="386,147,263,204" oya="3" hai0="104,130,44,123,6,102,92,5,47,51,9,58,115" hai1="71,28,41,17,57,66,63,70,46,64,24,126,68" hai2="32,55,81,99,129,109,107,27,69,61,118,37,111" hai3="12,87,29,42,43,23,25,113,14,110,103,40,18"/><W119/><G119/><T2/><D123/><U101/><E126/><V93/><F118/><W76/><G113/><T117/><D117/><U53/><E17/><V21/><F37/><W108/><G103/><T98/><D130/><U48/><E24/><V59/><F129/><W0/><G0/><T34/><D34/><U52/><E28/><V88/><F107/><W77/><G12/><T83/><D115/><U30/><E30/><V31/><F69/><N who="1" m="26729" /><E101/><V22/><REACH who="2" step="1"/><F81/><REACH who="2" ten="386,147,253,204" step="2"/><W73/><G110/><AGARI ba="0,1" hai="21,22,27,31,32,55,59,61,88,93,99,109,110,111" machi="110" ten="40,5200,0" yaku="1,1,2,1,54,1,53,0" doraHai="74" doraHaiUra="8" who="2" fromWho="3" sc="386,0,147,0,253,62,204,-52" owari="386,48.6,147,-35.3,315,11.5,152,-24.8" /></mjloggm>