<mjloggm ver="2.3"><GO type="169" lobby="0"/><UN n0="%E3%81%AA%E3%81%88%E3%81%A8%E3%82%8B" n1="%6F%75%74%E7%A5%AD%E3%82%8A" n2="%E3%81%8B%E3%81%A3%E9%A3%9B%E3%81%B0%E3%81%9B%E5%85%A8%E9%83%A8" n3="%E3%81%98%E3%82%83%E3%81%99%E3%81%BF%E3%82%93" dan="16,16,17,16" rate="2141.36,2063.69,2184.98,2058.27" sx="M,M,M,M"/><TAIKYOKU oya="0"/><INIT seed="0,0,0,0,0,27" ten="250,250,250,250" oya="0" hai0="79,36,42,10,60,70,66,33,29,100,8,25,21" hai1="132,56,26,31,43,135,109,72,133,125,30,92,12" hai2="2,106,76,28,4,94,77,13,119,88,127,24,81" hai3="80,19,0,131,57,65,35,115,20,61,122,64,78"/><T23/><D79/><U40/><E72/><V90/><F127/><W5/><G115/><T7/><BYE who="3" /><D10/><U86/><E125/><V118/><F2/><UN n3="%E3%81%98%E3%82%83%E3%81%99%E3%81%BF%E3%82%93" /><W108/><G35/><T75/><D75/><U120/><E120/><V128/><F128/><W47/><G108/><T93/><D36/><U111/><E12/><V58/><F106/><W63/><G47/><T97/><REACH who="0" step="1"/><D42/><REACH who="0" ten="240,250,250,250" step="2"/><U84/><E43/><V68/><F76/><W82/><G78/><T71/><D71/><U85/><E40/><V16/><F68/><W129/><G131/><T54/><D54/><U1/><E111/><V53/><F77/><W32/><G129/><T121/><D121/><U73/><E109/><V11/><F53/><W41/><G41/><T44/><D44/><U62/><E73/><V17/><F11/><W49/><G122/><T104/><D104/><U3/><E3/><AGARI ba="0,1" hai="3,7,8,21,23,25,29,33,60,66,70,93,97,100" machi="3" ten="30,5800,0" yaku="1,1,7,1,52,1,53,0" doraHai="27" doraHaiUra="50" who="0" fromWho="1" sc="240,68,250,-58,250,0,250,0" /><INIT seed="0,1,0,5,2,23" ten="308,192,250,250" oya="0" hai0="83,89,65,28,116,36,47,13,3,128,79,63,86" hai1="76,85,37,97,43,19,81,12,68,40,78,59,96" hai2="35,26,10,88,91,104,72,73,69,60,25,99,32" hai3="61,92,55,8,34,30,102,82,58,131,126,0,105"/><T56/><D116/><U115/><E68/><V51/><F51/><W75/><G105/><T135/><D3/><U29/><E115/><V62/><F104/><W122/><G131/><T22/><D128/><U67/><E78/><V119/><F69/><W117/><G117/><T80/><D135/><U48/><E37/><V38/><F119/><W39/><G39/><T6/><D6/><U44/><E40/><V103/><F38/><W57/><G126/><T46/><D36/><U84/><E84/><V41/><F10/><W107/><G107/><T124/><D124/><U18/><E29/><V49/><F49/><W118/><G118/><T114/><D114/><U100/><E19/><V93/><F93/><W17/><G17/><T71/><D71/><U98/><E59/><V21/><F21/><W5/><G58/><T9/><D9/><U70/><E67/><V15/><F99/><W77/><G30/><T112/><D112/><U50/><E50/><V87/><F87/><W54/><G34/><T1/><D1/><U20/><REACH who="1" step="1"/><E70/><REACH who="1" ten="308,182,250,250" step="2"/><V90/><F41/><W129/><G129/><T108/><D28/><U101/><AGARI ba="1,1" hai="12,18,20,43,44,48,76,81,85,96,97,98,100,101" machi="101" ten="30,8000,1" yaku="1,1,2,1,0,1,8,1,53,1" doraHai="23" doraHaiUra="74" who="1" fromWho="1" sc="308,-41,182,93,250,-21,250,-21" /><INIT seed="1,0,0,0,0,134" ten="267,275,229,229" oya="1" hai0="85,98,56,54,110,12,46,129,118,37,112,39,10" hai1="17,135,49,74,75,28,38,102,97,26,43,101,31" hai2="60,105,99,83,69,128,73,80,36,19,66,40,13" hai3="126,0,107,115,15,1,132,119,48,51,68,109,133"/><U95/><E135/><N who="3" m="51786" /><G68/><T44/><D112/><U45/><E102/><V130/><F40/><W72/><G107/><T21/><D118/><U123/><E123/><V82/><F36/><W5/><G72/><T33/><D33/><U11/><E38/><V124/><F73/><W35/><G115/><T113/><D113/><U71/><E71/><V30/><F30/><W27/><G109/><T50/><D110/><U55/><E43/><V91/><F124/><W78/><G78/><T7/><D129/><N who="2" m="49770" /><F105/><W24/><G126/><T58/><D98/><U90/><E101/><V22/><F99/><W89/><G89/><AGARI ba="0,0" hai="13,19,22,60,66,69,80,82,83,89,91" m="49770" machi="89" ten="30,1000,0" yaku="19,1" doraHai="134" who="2" fromWho="3" sc="267,0,275,0,229,10,229,-10" /><INIT seed="2,0,0,1,5,79" ten="267,275,239,219" oya="2" hai0="101,125,30,54,49,4,72,103,85,120,65,50,105" hai1="21,81,55,92,41,59,109,98,129,118,102,46,100" hai2="69,62,91,26,66,106,114,16,70,111,116,18,112" hai3="40,128,94,34,44,51,8,58,39,7,27,3,9"/><V5/><F116/><W48/><G128/><T1/><D120/><U53/><E118/><V124/><F124/><W38/><G34/><T127/><D72/><U76/><E129/><V87/><F106/><W24/><G9/><N who="0" m="2191" /><D65/><U56/><E102/><V96/><F96/><W52/><REACH who="3" step="1"/><G94/><REACH who="3" ten="267,275,239,209" step="2"/><T11/><D11/><U35/><E35/><V45/><F114/><W119/><G119/><T89/><D105/><U135/><E92/><V117/><F112/><W68/><G68/><T71/><D71/><U126/><E21/><V23/><F117/><W10/><G10/><T75/><D125/><U93/><E93/><V73/><F70/><W78/><G78/><T67/><D127/><U84/><E76/><V43/><F69/><W104/><G104/><T110/><D101/><U133/><E100/><V108/><F91/><W2/><G2/><T32/><D103/><U80/><E126/><V6/><F111/><W122/><G122/><T37/><D32/><U22/><E109/><V130/><F108/><W12/><G12/><T13/><D13/><U57/><E22/><V82/><F23/><W74/><G74/><T15/><D75/><U14/><E14/><V64/><F73/><W123/><G123/><T95/><D110/><U132/><E135/><V29/><F130/><W28/><G28/><T107/><D107/><U25/><E133/><V36/><F29/><W60/><G60/><T42/><D30/><U90/><E90/><V97/><F62/><W0/><G0/><T86/><D15/><U20/><E132/><V113/><F113/><W33/><G33/><T99/><D89/><RYUUKYOKU ba="0,1" sc="267,-10,275,-10,239,-10,209,30" hai3="3,7,8,24,27,38,39,40,44,48,51,52,58" /><INIT seed="3,1,1,3,3,98" ten="257,265,229,239" oya="3" hai0="97,46,132,86,5,24,91,103,95,30,94,31,52" hai1="81,93,110,131,45,130,102,119,73,34,62,112,57" hai2="126,83,67,125,51,40,74,65,116,106,85,20,109" hai3="77,50,36,13,124,9,25,32,64,44,89,16,53"/><W78/><G124/><N who="2" m="47721" /><F116/><W10/><G36/><T79/><D132/><U54/><E112/><V21/><F109/><W92/><G64/><N who="2" m="24649" /><F74/><W15/><G25/><T90/><D79/><U3/><E119/><V134/><F106/><W101/><G32/><T2/><D2/><U133/><E34/><V60/><F60/><W100/><G78/><T1/><D1/><U120/><E3/><V61/><F61/><W108/><G77/><T96/><D5/><U76/><E133/><V111/><F111/><W47/><G47/><T104/><REACH who="0" step="1"/><D24/><REACH who="0" ten="247,265,229,239" step="2"/><U6/><E110/><V87/><F134/><W33/><G108/><T14/><D14/><U75/><E6/><V113/><F113/><W17/><G33/><T82/><D82/><U135/><E81/><V72/><F72/><W12/><G15/><T117/><D117/><U41/><E75/><V59/><F83/><W69/><G69/><T35/><D35/><U19/><E73/><V18/><F20/><W66/><G66/><T7/><D7/><U115/><E135/><V107/><F21/><W4/><G4/><T128/><D128/><U29/><E115/><V48/><F18/><W63/><G63/><T105/><D105/><U121/><E19/><V23/><F23/><W118/><G118/><T8/><D8/><U28/><E131/><V88/><F107/><W43/><G43/><T114/><D114/><U71/><E130/><V26/><F26/><W129/><G129/><T49/><AGARI ba="1,2" hai="30,31,46,49,52,86,90,91,94,95,96,97,103,104" machi="49" ten="30,8000,1" yaku="1,1,0,1,52,1,54,1,53,1" doraHai="98" doraHaiUra="42" who="0" fromWho="0" sc="247,103,265,-21,229,-21,239,-41" /><INIT seed="4,0,0,0,4,84" ten="350,244,208,198" oya="0" hai0="112,64,96,121,28,134,127,102,105,23,76,18,90" hai1="24,77,109,27,72,69,126,16,8,110,49,52,26" hai2="111,55,104,125,25,46,0,63,10,116,62,83,11" hai3="2,80,30,21,119,56,130,86,74,43,82,48,118"/><T133/><D121/><U92/><E69/><V128/><F111/><W29/><G2/><T19/><D112/><U97/><E126/><V13/><F104/><W113/><G74/><T65/><D76/><U15/><E77/><V135/><F125/><W98/><G98/><T131/><D127/><U117/><E72/><V4/><F135/><N who="0" m="51722" /><D131/><U57/><REACH who="1" step="1"/><E117/><REACH who="1" ten="350,234,208,198" step="2"/><V32/><F116/><W75/><G75/><T132/><D132/><U71/><E71/><V34/><F128/><W59/><G130/><T87/><D65/><U129/><E129/><V108/><F108/><W103/><G119/><T88/><D64/><U93/><E93/><V33/><F83/><W42/><G118/><T9/><D105/><U53/><E53/><V85/><F55/><W58/><G113/><T12/><D28/><U6/><E6/><V66/><F4/><W89/><G82/><T68/><D68/><U39/><E39/><V20/><F66/><W31/><G48/><T7/><D7/><U37/><E37/><V5/><F5/><W78/><G78/><T99/><D102/><AGARI ba="0,1" hai="8,15,16,24,26,27,49,52,57,92,97,102,109,110" machi="102" ten="40,5200,0" yaku="1,1,54,2,53,0" doraHai="84" doraHaiUra="107" who="1" fromWho="0" sc="350,-52,234,62,208,0,198,0" /><INIT seed="5,0,0,5,4,122" ten="298,296,208,198" oya="1" hai0="47,72,46,118,102,28,74,124,37,0,54,34,68" hai1="97,48,23,110,106,129,96,20,53,86,59,17,11" hai2="135,87,45,42,125,6,19,70,7,29,9,56,90" hai3="38,80,33,116,78,61,18,117,4,65,119,71,82"/><U120/><E120/><V92/><F70/><W62/><G38/><T111/><D0/><U130/><E86/><V100/><F125/><W35/><G4/><T16/><D102/><U60/><E11/><V40/><F135/><W67/><G18/><T115/><D115/><U101/><E96/><N who="2" m="59399" /><F29/><W5/><G5/><N who="2" m="1545" /><F56/><W10/><G10/><T79/><D28/><U44/><E23/><V12/><F45/><W1/><G1/><T32/><D68/><U128/><E110/><V105/><F105/><W76/><G71/><T22/><D37/><U127/><E127/><V26/><F26/><W39/><G39/><T66/><D22/><U91/><E91/><V52/><F52/><W113/><REACH who="3" step="1"/><G117/><REACH who="3" ten="298,296,208,188" step="2"/><T132/><D124/><U57/><REACH who="1" step="1"/><E60/><REACH who="1" ten="298,286,208,188" step="2"/><V43/><F9/><W131/><G131/><T134/><D132/><U50/><E50/><V84/><F19/><W27/><G27/><AGARI ba="0,2" hai="17,20,27,44,48,53,57,59,97,101,106,128,129,130" machi="27" ten="40,7700,0" yaku="1,1,19,1,53,1" doraHai="122" doraHaiUra="21" who="1" fromWho="3" sc="298,0,286,97,208,0,188,-77" /><INIT seed="5,1,0,3,0,15" ten="298,383,208,111" oya="1" hai0="35,58,65,111,82,19,96,67,119,100,75,59,107" hai1="61,25,130,52,12,68,76,34,126,81,73,57,106" hai2="66,71,101,134,131,23,123,135,69,132,46,4,74" hai3="29,91,30,70,80,72,27,79,48,43,50,53,18"/><U32/><E130/><V28/><F123/><W125/><G70/><T95/><D111/><U98/><E126/><V89/><F131/><W113/><G113/><T45/><D119/><U56/><E68/><V109/><F109/><W120/><G120/><T104/><D35/><U17/><E25/><N who="2" m="16447" /><F74/><W41/><G125/><T102/><D45/><U22/><E106/><V103/><F4/><W3/><G3/><T14/><D75/><U127/><E127/><V105/><F105/><W44/><G91/><T116/><D82/><U114/><E114/><V115/><F115/><W77/><G79/><T47/><D47/><U110/><E110/><V10/><F10/><W40/><REACH who="3" step="1"/><G48/><REACH who="3" ten="298,383,208,101" step="2"/><T2/><D2/><U49/><E98/><V9/><F89/><W54/><G54/><AGARI ba="1,1" hai="12,17,22,32,34,49,52,54,56,57,61,73,76,81" machi="54" ten="30,5800,0" yaku="7,1,52,1,54,1" doraHai="15" who="1" fromWho="3" sc="298,0,383,71,208,0,101,-61" /><INIT seed="5,2,0,3,2,97" ten="298,454,208,40" oya="1" hai0="100,49,120,21,68,38,46,114,89,71,83,73,24" hai1="133,106,124,7,105,29,59,112,127,54,70,50,69" hai2="23,35,76,20,134,84,8,17,1,19,75,130,4" hai3="117,121,0,40,91,87,28,109,103,113,96,30,115"/><U25/><E112/><N who="3" m="43082" /><G40/><T5/><D38/><U60/><E7/><V128/><F75/><W125/><G0/><T110/><D110/><U80/><E80/><V11/><F76/><W107/><G109/><T77/><D120/><U42/><E133/><V101/><F84/><W16/><G121/><T108/><D108/><U58/><E70/><V78/><F78/><W55/><G55/><T36/><D36/><U118/><E69/><V27/><F101/><W10/><G125/><N who="1" m="48202" /><E118/><V32/><F134/><W86/><G117/><T2/><D89/><U34/><E42/><V57/><F57/><W102/><G102/><T126/><D100/><U3/><E3/><V90/><F90/><W39/><G39/><T44/><D114/><U61/><E50/><V31/><F8/><W74/><G74/><T119/><D119/><U33/><E34/><N who="2" m="12843" /><F31/><N who="3" m="11819" /><G91/><T94/><D2/><U18/><E106/><V43/><F43/><W82/><G82/><T51/><D83/><U81/><E105/><V85/><F85/><W62/><G62/><T92/><D77/><U66/><E81/><V99/><F99/><W48/><G48/><T104/><D126/><U45/><E45/><V47/><F47/><W98/><G98/><T22/><D104/><U122/><E122/><V93/><F93/><W64/><G64/><T6/><D73/><U129/><E66/><V12/><AGARI ba="2,0" hai="1,4,11,12,17,19,20,23,27,128,130" m="12843" machi="12" ten="30,2000,0" yaku="34,2" doraHai="97" who="2" fromWho="2" sc="298,-7,454,-12,208,26,40,-7" /><INIT seed="6,0,0,1,0,107" ten="291,442,234,33" oya="2" hai0="3,95,6,56,4,0,73,83,96,105,78,120,25" hai1="91,44,98,68,128,70,135,89,63,125,72,75,82" hai2="100,132,104,112,117,53,118,66,21,37,23,54,55" hai3="30,35,28,17,99,2,49,10,60,109,57,131,65"/><V77/><F112/><W46/><G109/><T45/><D120/><U87/><E44/><V38/><F66/><W39/><G131/><T111/><D111/><U8/><E128/><V42/><F132/><W12/><G35/><T50/><D105/><U116/><E116/><V103/><F104/><W18/><G2/><T97/><D97/><U94/><E135/><V110/><F77/><W119/><G119/><N who="2" m="45577" /><F42/><W43/><G99/><T20/><D56/><U74/><E125/><V102/><F110/><W84/><G18/><T129/><D129/><U9/><E63/><V127/><F127/><W92/><G39/><AGARI ba="0,0" hai="21,23,37,38,39,53,54,55,100,102,103" m="45577" machi="39" ten="40,3900,0" yaku="28,2" doraHai="107" who="2" fromWho="3" sc="291,0,442,0,234,39,33,-39" owari="291,9.1,442,54.2,273,-12.7,-6,-50.6" /></mjloggm>