<mjloggm ver="2.3"><GO type="169" lobby="0"/><UN n0="%E4%BF%BA%E3%81%A0%E3%81%91%E5%8D%B3%E8%A3%8F%E7%84%A1%E3%81%97" n1="%E3%83%88%E3%82%B7%E3%83%95%E3%83%BC%E3%83%8B" n2="%E3%81%86%E3%81%98%E3%81%93" n3="%E3%81%82%E3%81%84%E3%81%93%E3%81%99" dan="16,16,16,16" rate="2094.77,2141.64,2103.96,2131.80" sx="M,M,M,M"/><TAIKYOKU oya="0"/><INIT seed="0,0,0,1,3,5" ten="250,250,250,250" oya="0" hai0="116,98,4,51,129,42,37,87,54,83,24,121,75" hai1="94,11,128,107,6,101,108,133,92,112,3,95,46" hai2="45,23,130,123,61,134,102,2,106,55,62,40,49" hai3="122,13,73,0,31,59,110,120,109,14,97,99,113"/><T124/><D116/><U79/><E108/><N who="3" m="41578" /><G73/><T71/><D121/><N who="3" m="46697" /><G59/><T82/><D71/><U84/><E128/><V33/><F33/><W30/><G0/><T10/><D129/><U89/><E133/><V43/><F2/><W16/><G13/><T22/><D124/><U114/><E79/><V52/><F134/><W53/><G53/><T76/><D98/><N who="3" m="37385" /><G113/><N who="1" m="43626" /><E46/><V21/><F123/><W25/><G25/><T50/><D54/><U19/><E19/><V105/><F45/><W65/><G65/><T47/><D24/><U56/><E56/><V80/><F130/><W32/><G32/><T60/><D60/><U81/><E3/><V44/><F44/><W74/><G74/><T35/><D35/><U48/><E48/><V135/><F49/><W131/><G131/><T69/><D69/><U126/><E6/><V91/><F135/><W18/><G18/><T67/><D67/><U63/><E63/><V115/><F115/><W20/><AGARI ba="0,0" hai="14,16,20,30,31" m="37385,46697,41578" machi="20" ten="40,5200,0" yaku="14,1,13,1,54,1" doraHai="5" who="3" fromWho="3" sc="250,-26,250,-13,250,-13,250,52" /><INIT seed="1,0,0,0,1,95" ten="224,237,237,302" oya="1" hai0="128,0,130,39,117,9,125,35,129,90,67,43,71" hai1="64,49,93,78,14,54,27,88,36,101,87,89,55" hai2="108,28,1,96,2,86,75,99,10,112,109,79,115" hai3="106,19,120,4,133,119,122,23,66,84,103,110,17"/><U83/><E36/><V31/><F75/><W8/><G110/><N who="2" m="42601" /><F79/><W32/><G32/><T91/><D35/><U24/><E64/><V16/><F86/><W116/><G66/><T7/><D117/><N who="3" m="45129" /><G84/><T131/><N who="0" m="32768" /><DORA hai="22" /><T5/><D125/><U15/><E101/><V37/><F16/><N who="3" m="6219" /><G23/><T68/><D7/><U76/><E76/><V113/><F37/><W51/><G51/><T6/><D6/><U11/><E55/><V124/><F124/><W70/><G70/><N who="0" m="26667" /><D67/><U18/><E15/><V111/><F111/><W123/><G103/><T74/><D74/><U21/><E21/><V12/><F12/><N who="3" m="5127" /><G106/><T30/><D30/><N who="2" m="11306" /><F10/><W13/><G13/><T69/><N who="0" m="26675" /><T134/><DORA hai="29" /><D134/><AGARI ba="0,0" hai="120,122,123,133,134" m="5127,6219,45129" machi="134" ten="40,8000,1" yaku="12,1,34,2,54,1" doraHai="95,22,29" who="3" fromWho="0" sc="224,-80,237,0,237,0,302,80" /><INIT seed="2,0,0,4,0,91" ten="144,237,237,382" oya="2" hai0="100,47,61,3,117,26,68,29,102,15,129,86,42" hai1="64,16,128,113,1,76,112,105,0,8,19,121,78" hai2="125,2,65,9,5,51,57,69,46,67,115,74,21" hai3="84,17,25,75,122,109,23,10,110,72,62,83,106"/><V118/><F115/><W93/><G106/><T32/><D3/><U55/><E105/><V71/><F118/><W120/><G62/><T87/><D129/><U44/><E64/><V134/><F67/><W116/><G116/><T56/><D68/><U90/><E128/><V60/><F74/><W52/><G75/><T92/><D117/><U13/><E121/><V66/><F66/><W24/><G72/><T99/><D102/><U14/><E90/><V45/><F45/><W81/><G25/><T114/><D114/><U18/><E18/><V133/><F125/><W58/><G10/><T135/><D135/><N who="2" m="51722" /><F21/><W103/><G122/><T31/><D31/><U73/><E73/><V97/><F97/><N who="3" m="59823" /><G84/><T43/><D43/><AGARI ba="0,0" hai="2,5,9,43,46,51,57,60,65,69,71" m="51722" machi="43" ten="30,1500,0" yaku="20,1" doraHai="91" who="2" fromWho="0" sc="144,-15,237,0,237,15,382,0" /><INIT seed="2,1,0,1,0,57" ten="129,237,252,382" oya="2" hai0="48,102,58,113,131,29,110,66,106,79,43,46,53" hai1="60,47,64,0,31,71,111,119,93,37,108,41,72" hai2="125,34,86,14,26,40,124,6,4,130,38,76,36" hai3="120,51,101,63,23,74,27,8,52,7,96,28,128"/><V82/><F130/><W84/><G74/><T70/><D113/><U56/><E93/><V19/><F4/><W9/><G120/><T75/><D131/><U39/><E31/><V30/><F6/><W17/><G84/><T67/><D110/><N who="1" m="42027" /><E72/><V127/><REACH who="2" step="1"/><F40/><REACH who="2" ten="129,237,242,382" step="2"/><W94/><G128/><T92/><D43/><N who="1" m="23023" /><E0/><V35/><F35/><W10/><G7/><T55/><D70/><U22/><E119/><V3/><F3/><W105/><G105/><T44/><D106/><U81/><E71/><V13/><F13/><W87/><G87/><T126/><D75/><U133/><E41/><V69/><F69/><W1/><G1/><T20/><D126/><U116/><E116/><V62/><F62/><W115/><G63/><T123/><D123/><U134/><E39/><V33/><F33/><W16/><G115/><T112/><D112/><U135/><E22/><AGARI ba="1,1" hai="14,19,22,26,30,34,36,38,76,82,86,124,125,127" machi="22" ten="40,3900,0" yaku="1,1,18,1,53,0" doraHai="57" doraHaiUra="121" who="2" fromWho="1" sc="129,0,237,-42,242,52,382,0" /><INIT seed="2,2,0,3,4,45" ten="129,195,294,382" oya="2" hai0="22,25,36,66,134,102,119,18,32,35,78,125,16" hai1="26,87,74,6,132,56,53,117,122,43,103,129,7" hai2="67,5,28,49,30,69,86,54,13,65,109,107,31" hai3="68,127,88,71,73,72,63,24,96,114,120,85,2"/><V17/><F107/><W39/><G120/><T98/><D36/><U133/><E74/><V126/><F126/><W131/><G127/><T8/><D125/><U59/><E122/><V97/><F109/><W111/><G111/><T116/><D78/><U9/><E117/><V76/><F97/><W33/><G39/><T27/><D66/><U79/><E43/><V100/><F5/><W10/><G96/><T75/><D75/><U46/><E103/><V47/><F100/><W41/><G41/><T130/><D98/><U92/><E129/><V12/><F12/><W124/><G71/><T70/><D70/><U128/><E26/><V81/><REACH who="2" step="1"/><F69/><REACH who="2" ten="129,195,284,382" step="2"/><W64/><G124/><T90/><D102/><U112/><E6/><V15/><F15/><W91/><G68/><T123/><D123/><U83/><E128/><V48/><F48/><W61/><G131/><T110/><D110/><U21/><E7/><V58/><F58/><W52/><G114/><T3/><D130/><U50/><E112/><V108/><F108/><W89/><G2/><T101/><D101/><U34/><E59/><V44/><F44/><W104/><G104/><T4/><D116/><U57/><E56/><V0/><F0/><W20/><G63/><T135/><D119/><U82/><E57/><V115/><F115/><W55/><G61/><T11/><D3/><U60/><E60/><V99/><F99/><W51/><G51/><T40/><D4/><U121/><E50/><V14/><F14/><W37/><G37/><T95/><D27/><U62/><E62/><V105/><F105/><W29/><G24/><RYUUKYOKU ba="2,1" sc="129,-10,195,-10,284,30,382,-10" hai2="13,17,28,30,31,47,49,54,65,67,76,81,86" /><INIT seed="2,3,1,3,4,55" ten="119,185,314,372" oya="2" hai0="130,128,81,120,123,41,70,28,66,13,57,91,42" hai1="110,1,94,121,108,111,106,82,10,87,63,116,90" hai2="32,17,52,122,43,30,53,115,113,65,114,6,54" hai3="51,50,112,58,118,79,60,117,88,83,18,93,76"/><V96/><F122/><N who="0" m="46634" /><D13/><U135/><E121/><V102/><F6/><W133/><G133/><T105/><D28/><U38/><E135/><V134/><F134/><W104/><G104/><T7/><D7/><U99/><E38/><V11/><F43/><N who="0" m="16394" /><D91/><U69/><E10/><V73/><F65/><W14/><G112/><T5/><D81/><U92/><E1/><V109/><F73/><W21/><G118/><T74/><D105/><U15/><E15/><V107/><F17/><W97/><G117/><T71/><D74/><U61/><E116/><V22/><F11/><W95/><G95/><N who="1" m="36394" /><E69/><N who="0" m="26121" /><D5/><U119/><E119/><V23/><F32/><W36/><G36/><T68/><N who="0" m="26129" /><T67/><DORA hai="39" /><D57/><U31/><E31/><V84/><F84/><N who="3" m="48231" /><G79/><T126/><D126/><U48/><E106/><V64/><F30/><W77/><G77/><T59/><D59/><U19/><E19/><V3/><F3/><W103/><G103/><T132/><D132/><U25/><E99/><V124/><F124/><W86/><G97/><T20/><D20/><U56/><E25/><V26/><F26/><W40/><G18/><T33/><D33/><U24/><E24/><V45/><F22/><W27/><G21/><T127/><D127/><U44/><E56/><V62/><F23/><W89/><G27/><T12/><D12/><U80/><E80/><V4/><F4/><W16/><G16/><T75/><D75/><U125/><E125/><V2/><F2/><W46/><G14/><T8/><D8/><U85/><E85/><V129/><F115/><W29/><G29/><T35/><D35/><RYUUKYOKU ba="3,1" sc="119,15,185,15,314,-15,372,-15" hai0="66,67,128,130" hai1="44,48,61,63,82,87,90,108,110,111" /><INIT seed="3,4,1,5,0,53" ten="134,200,299,357" oya="3" hai0="22,57,111,72,119,68,34,14,35,105,44,84,81" hai1="70,28,7,5,92,118,117,90,113,83,37,50,23" hai2="4,106,46,48,2,74,39,11,127,73,24,98,80" hai3="17,93,36,29,85,79,131,27,42,123,66,75,56"/><W51/><G123/><T63/><D119/><N who="1" m="45579" /><E37/><V62/><F127/><W15/><G131/><T21/><D72/><U82/><E70/><V3/><F3/><W86/><G75/><T102/><D68/><U114/><E50/><V6/><F6/><N who="1" m="2057" /><E23/><V124/><F124/><W8/><G36/><T76/><D111/><U9/><E9/><V31/><F62/><W43/><G85/><T129/><D129/><U41/><E41/><V115/><F115/><N who="1" m="44041" /><E28/><V112/><F112/><W133/><G43/><T95/><D105/><U58/><E58/><V30/><F30/><W89/><G79/><T49/><D35/><U78/><E78/><V96/><F39/><W67/><G42/><N who="0" m="24727" /><D34/><U71/><E71/><V134/><F11/><W38/><G38/><T97/><D14/><U91/><E92/><V40/><F106/><W109/><G67/><AGARI ba="4,1" hai="21,22,57,63,67,76,81,84,95,97,102" m="24727" machi="67" ten="30,2000,0" yaku="8,1,52,1" doraHai="53" who="0" fromWho="3" sc="134,42,200,0,299,0,357,-32" /><INIT seed="4,0,0,1,0,49" ten="176,200,299,325" oya="0" hai0="128,135,47,101,29,6,72,112,41,3,62,24,9" hai1="26,22,31,119,126,0,52,51,4,75,39,107,53" hai2="15,70,13,40,55,45,97,85,33,12,118,65,96" hai3="94,66,121,102,25,114,111,2,17,8,115,74,123"/><T30/><D112/><N who="3" m="43049" /><G74/><T131/><D135/><U83/><E119/><V92/><F118/><W7/><G66/><T95/><D72/><U120/><E120/><N who="3" m="46154" /><G94/><T80/><D80/><U132/><E107/><V61/><F33/><W1/><G102/><T103/><D62/><U60/><E126/><V90/><F40/><W99/><G99/><T78/><D78/><U69/><E132/><V44/><F44/><W50/><G50/><T93/><D29/><U48/><E39/><V38/><F38/><W18/><G111/><T43/><D103/><U56/><E0/><N who="3" m="106" /><G25/><T84/><D101/><U35/><E75/><V68/><F68/><W16/><G7/><T54/><D43/><U42/><E4/><V105/><F105/><W34/><G34/><N who="0" m="20807" /><D84/><U91/><E35/><V36/><F36/><W88/><G88/><T117/><D117/><U21/><E69/><V11/><F97/><W82/><G82/><T81/><D81/><U89/><E83/><V73/><F96/><W5/><G5/><T113/><D41/><U133/><E133/><V23/><F73/><W129/><G129/><N who="0" m="49739" /><D113/><U116/><E116/><V127/><F65/><W28/><G28/><T58/><D47/><N who="1" m="27775" /><E42/><V109/><F45/><W98/><G98/><T86/><D86/><U32/><E48/><V130/><F85/><W124/><G124/><T63/><AGARI ba="0,0" hai="3,6,9,54,58,63,93,95" m="49739,20807" machi="63" ten="30,3000,0" yaku="19,1,52,1" doraHai="49" who="0" fromWho="0" sc="176,30,200,-10,299,-10,325,-10" /><INIT seed="4,1,0,2,1,49" ten="206,190,289,315" oya="0" hai0="89,3,92,53,4,26,123,10,33,82,99,118,29" hai1="107,16,27,65,40,75,9,101,132,56,96,108,74" hai2="31,93,15,0,109,6,87,23,21,54,62,60,24" hai3="25,70,1,58,86,133,134,13,51,57,112,127,78"/><T37/><D118/><U18/><E108/><V71/><F109/><W131/><G70/><T48/><D123/><U20/><E132/><V100/><F0/><W128/><G1/><T122/><D122/><U121/><E121/><V77/><F71/><W2/><G2/><T41/><D37/><U19/><E40/><V114/><F114/><W7/><G25/><T61/><D82/><U90/><E90/><V117/><F117/><W119/><G119/><T12/><D61/><U63/><REACH who="1" step="1"/><E9/><REACH who="1" ten="206,180,289,315" step="2"/><N who="2" m="4535" /><F100/><W125/><G112/><T111/><D111/><U115/><E115/><V94/><F77/><W126/><G78/><T35/><D41/><U105/><E105/><V129/><F129/><N who="3" m="49739" /><G86/><T55/><D33/><U39/><E39/><V50/><F87/><W64/><G64/><T47/><D3/><U103/><E103/><V106/><F106/><W135/><G51/><T104/><D104/><U67/><E67/><V36/><F36/><W88/><G88/><T73/><D73/><AGARI ba="1,1" hai="16,18,19,20,27,56,63,65,73,74,75,96,101,107" machi="73" ten="40,2600,0" yaku="1,1,54,1,53,0" doraHai="49" doraHaiUra="38" who="1" fromWho="0" sc="206,-29,180,39,289,0,315,0" /><INIT seed="5,0,0,0,2,130" ten="177,219,289,315" oya="1" hai0="30,116,135,27,4,110,125,65,73,109,71,75,85" hai1="82,108,66,97,107,1,35,36,129,87,121,81,90" hai2="104,25,60,59,32,6,15,67,103,40,100,105,52" hai3="45,5,24,89,117,23,77,113,20,62,56,74,22"/><U91/><E121/><V99/><F40/><W31/><G113/><T55/><D116/><U13/><E1/><V54/><F6/><W98/><G117/><T48/><D125/><U124/><E36/><V16/><F32/><W69/><G69/><T70/><D4/><U18/><E35/><V2/><F25/><W12/><G77/><T127/><D127/><U126/><E129/><V115/><F2/><W93/><G74/><T79/><D85/><U72/><E66/><V106/><F115/><W102/><G45/><T58/><D71/><U123/><E123/><V14/><F14/><W11/><REACH who="3" step="1"/><G89/><REACH who="3" ten="177,219,289,305" step="2"/><T63/><D75/><U10/><E72/><V51/><F103/><W94/><G94/><T41/><D79/><U9/><E107/><V96/><F100/><W88/><G88/><T64/><D73/><U39/><E87/><V43/><F106/><W78/><G78/><T42/><D109/><U8/><E90/><V131/><F105/><W29/><G29/><T33/><D110/><U119/><E119/><V19/><F104/><W83/><G83/><T128/><D128/><U3/><E126/><V76/><F76/><W57/><G57/><T134/><REACH who="0" step="1"/><D65/><AGARI ba="0,1" hai="5,11,12,20,22,23,24,31,56,62,65,93,98,102" machi="65" ten="30,12000,2" yaku="1,1,7,1,25,2,8,1,53,1" doraHai="130" doraHaiUra="95" who="3" fromWho="0" sc="177,-120,219,0,289,0,305,130" /><INIT seed="6,0,0,3,4,40" ten="57,219,289,435" oya="2" hai0="84,10,47,14,34,68,24,23,97,77,54,46,94" hai1="108,71,91,64,119,43,132,112,63,28,26,56,36" hai2="69,57,18,41,122,11,105,20,135,120,117,95,93" hai3="4,87,55,76,85,114,25,3,65,33,110,115,82"/><V86/><F69/><W109/><G65/><T12/><D68/><U44/><E108/><V100/><F105/><W107/><G107/><T51/><D34/><U88/><E119/><V74/><F74/><W99/><G99/><T66/><D66/><U102/><E112/><N who="3" m="43050" /><G55/><T98/><D10/><U62/><E132/><V22/><F57/><W90/><G4/><T130/><D130/><U58/><E102/><V111/><F100/><W125/><G3/><T133/><D133/><U60/><E60/><V35/><F86/><W129/><G129/><T89/><D98/><U16/><E16/><V75/><F75/><W134/><G134/><T116/><D116/><U61/><E61/><V49/><F18/><W8/><G8/><T31/><REACH who="0" step="1"/><D46/><REACH who="0" ten="47,219,289,435" step="2"/><U38/><E71/><V80/><F11/><W127/><G33/><T48/><D48/><U131/><E131/><V59/><F49/><W13/><G110/><T79/><D79/><U30/><E38/><V0/><F117/><W9/><G109/><T78/><D78/><U72/><E36/><V104/><F111/><W73/><G76/><T106/><D106/><U128/><E128/><V124/><F104/><W103/><G73/><T42/><D42/><U121/><E72/><V50/><F41/><W70/><G9/><T81/><AGARI ba="0,1" hai="12,14,23,24,31,47,51,54,77,81,84,89,94,97" machi="81" ten="30,7900,0" yaku="1,1,0,1,8,1,52,1,53,0" doraHai="40" doraHaiUra="52" who="0" fromWho="0" sc="47,89,219,-20,289,-39,435,-20" /><INIT seed="7,0,0,3,3,69" ten="136,199,250,415" oya="3" hai0="99,95,50,131,53,26,14,56,62,98,17,70,54" hai1="59,16,75,87,0,84,80,42,57,127,12,45,19" hai2="113,20,55,94,120,90,119,13,124,64,123,82,25" hai3="52,115,100,97,130,51,104,85,135,118,107,3,58"/><W117/><G115/><T61/><D131/><U68/><E0/><V103/><F55/><W2/><G107/><T102/><D70/><U28/><E68/><V121/><F64/><W133/><G130/><T38/><D26/><U105/><E105/><V37/><F37/><W126/><G126/><T48/><D98/><U91/><E28/><V8/><F119/><N who="3" m="45579" /><G85/><T15/><D38/><U11/><E75/><V18/><F113/><W110/><G110/><T4/><D4/><U33/><E33/><V83/><F103/><W125/><G125/><T112/><D112/><U128/><E128/><V43/><F43/><W21/><G21/><T132/><D132/><AGARI ba="0,0" hai="2,3,51,52,58,97,100,104,132,133,135" m="45579" machi="132" ten="30,2900,0" yaku="20,1,54,1" doraHai="69" who="3" fromWho="0" sc="136,-29,199,0,250,0,415,29" owari="107,-39.3,199,-20.1,250,5.0,444,54.4" /></mjloggm>