<mjloggm ver="2.3"><GO type="169" lobby="0"/><UN n0="%70%6F%6B%6B%6F" n1="%67%78%7A" n2="%48%69%70%70%6F%5F" n3="%4E%49%4B%55%59%41" dan="16,18,17,17" rate="2045.43,2258.49,2193.79,2198.33" sx="M,F,M,M"/><TAIKYOKU oya="0"/><INIT seed="0,0,0,2,3,5" ten="250,250,250,250" oya="0" hai0="46,134,117,82,83,1,120,34,0,114,68,100,81" hai1="103,111,47,4,36,54,124,14,37,126,40,51,16" hai2="28,135,65,25,15,88,110,122,101,41,38,77,113" hai3="69,31,62,107,10,87,43,12,109,92,33,112,125"/><T97/><D120/><U66/><E111/><V86/><F113/><W18/><G107/><T102/><D117/><U19/><E103/><V29/><F122/><W75/><G75/><T128/><D114/><U106/><E106/><V133/><F110/><W131/><G43/><T104/><D134/><N who="2" m="51210" /><F77/><W116/><G69/><T130/><D68/><U121/><E121/><V80/><F101/><W94/><G94/><T11/><D100/><U21/><E66/><V98/><F98/><W67/><G92/><T32/><D46/><U48/><E4/><V44/><F65/><W127/><G67/><T89/><D89/><U57/><REACH who="1" step="1"/><E19/><REACH who="1" ten="250,240,250,250" step="2"/><V55/><F55/><W93/><G18/><T53/><D0/><U49/><E49/><V99/><F99/><W63/><G109/><T85/><D53/><U52/><E52/><V24/><F15/><W74/><G12/><T118/><D118/><U17/><E17/><V50/><F50/><W78/><G116/><T35/><D85/><U23/><E23/><V39/><F38/><AGARI ba="0,1" hai="14,16,21,36,37,38,40,47,48,51,54,57,124,126" machi="38" ten="40,2600,0" yaku="1,1,54,1,53,0" doraHai="5" doraHaiUra="96" who="1" fromWho="2" sc="250,0,240,36,250,-26,250,0" /><INIT seed="1,0,0,2,1,37" ten="250,276,224,250" oya="1" hai0="61,69,82,47,34,120,0,65,50,78,126,102,105" hai1="95,117,62,17,85,52,29,89,92,33,59,46,55" hai2="109,96,26,125,99,81,71,39,73,110,98,72,32" hai3="101,54,42,51,87,134,119,104,2,30,103,100,4"/><U127/><E117/><V106/><F71/><W45/><G104/><T130/><D126/><U67/><E127/><V8/><F125/><W28/><G119/><T77/><D130/><U132/><E132/><V112/><F39/><W49/><G134/><T12/><D0/><U135/><E135/><V124/><F124/><W86/><G4/><T128/><D34/><U75/><E75/><V122/><F122/><W70/><G70/><T9/><D128/><U24/><E17/><V131/><F131/><W64/><G64/><T21/><D21/><U114/><E114/><V123/><F123/><W94/><G2/><T116/><D120/><U40/><REACH who="1" step="1"/><E95/><REACH who="1" ten="250,266,224,250" step="2"/><V36/><F112/><W91/><REACH who="3" step="1"/><G86/><REACH who="3" ten="250,266,224,240" step="2"/><T97/><D116/><U133/><E133/><V31/><F72/><W43/><G43/><T35/><D105/><U11/><E11/><V3/><F73/><W93/><G93/><T129/><D9/><U25/><E25/><V68/><F106/><W84/><G84/><T22/><D129/><U16/><E16/><V56/><F3/><W5/><G5/><T66/><D12/><U76/><E76/><V19/><F110/><W13/><G13/><T23/><D77/><U108/><E108/><V79/><F109/><W27/><G27/><T44/><D78/><U10/><E10/><V88/><F8/><W53/><G53/><T115/><D115/><U14/><E14/><V20/><F19/><W18/><G18/><T48/><D65/><U113/><E113/><V58/><F26/><W83/><G83/><T15/><D15/><U74/><E74/><V6/><F79/><RYUUKYOKU ba="0,2" sc="250,-15,266,15,224,-15,240,15" hai1="24,29,33,40,46,52,55,59,62,67,85,89,92" hai3="28,30,42,45,49,51,54,87,91,94,100,101,103" /><INIT seed="1,1,2,2,3,12" ten="235,281,209,255" oya="1" hai0="1,34,45,46,103,123,74,26,57,92,129,104,87" hai1="20,3,27,53,5,55,84,133,71,50,0,44,58" hai2="63,88,30,69,65,31,113,89,108,7,94,36,17" hai3="8,54,38,106,6,40,85,121,96,110,68,28,19"/><U80/><E71/><V116/><F116/><W114/><G121/><T42/><D74/><U100/><E100/><V124/><F36/><W91/><G114/><T13/><D1/><U76/><E5/><V4/><F113/><W11/><G68/><T21/><D104/><U39/><E133/><V99/><F108/><W59/><G28/><T128/><D34/><U83/><E83/><V67/><F124/><W86/><G110/><T101/><D13/><U131/><E131/><N who="0" m="50249" /><D57/><U43/><REACH who="1" step="1"/><E55/><REACH who="1" ten="235,271,209,255" step="2"/><V72/><F4/><W16/><G6/><T9/><D103/><U82/><E82/><V107/><F7/><W130/><G130/><T109/><D101/><U33/><E33/><V41/><F69/><W37/><G54/><T22/><D109/><U105/><E105/><V62/><F107/><W51/><G106/><T73/><D123/><U93/><E93/><V35/><F94/><W18/><G37/><T77/><D92/><U64/><E64/><V115/><F35/><W24/><G38/><T90/><D42/><U127/><E127/><V111/><F111/><W98/><G40/><T81/><D81/><U25/><E25/><V61/><F41/><W10/><G24/><T47/><D26/><U60/><E60/><V118/><F62/><W15/><G15/><T135/><D135/><U120/><E120/><V49/><F63/><W48/><G48/><T32/><D32/><U78/><E78/><V66/><F49/><W79/><G79/><T29/><D77/><U134/><E134/><V23/><F66/><W119/><G51/><T102/><D102/><U95/><E95/><RYUUKYOKU ba="1,3" sc="235,-10,271,30,209,-10,255,-10" hai1="0,3,20,27,39,43,44,50,53,58,76,80,84" /><INIT seed="1,2,3,2,5,32" ten="225,301,199,245" oya="1" hai0="68,90,9,14,114,107,45,101,65,18,64,106,50" hai1="89,104,134,19,54,76,80,49,133,46,100,121,25" hai2="37,51,1,10,78,0,132,75,44,2,5,53,28" hai3="59,72,91,102,86,13,57,11,119,66,116,105,120"/><U129/><E121/><V92/><F28/><W99/><G72/><T113/><D101/><U73/><E129/><V7/><F7/><N who="3" m="3327" /><G66/><T112/><D90/><U33/><E104/><V96/><F132/><N who="1" m="50793" /><E100/><V88/><REACH who="2" step="1"/><F37/><REACH who="2" ten="225,301,189,245" step="2"/><W128/><G120/><T36/><D36/><U3/><E19/><V135/><F135/><W31/><G31/><T23/><D9/><U83/><E33/><V16/><F16/><W98/><G128/><T108/><D108/><U122/><E122/><V94/><F94/><N who="3" m="54647" /><G99/><T41/><REACH who="0" step="1"/><D65/><REACH who="0" ten="215,301,189,245" step="2"/><U124/><E124/><V47/><F47/><W118/><AGARI ba="2,5" hai="57,59,98,102,105,116,118,119" m="54647,3327" machi="118" ten="30,1100,0" yaku="12,1" doraHai="32" who="3" fromWho="3" sc="215,-5,301,-7,189,-5,245,67" /><INIT seed="2,0,0,3,4,79" ten="210,294,184,312" oya="2" hai0="69,133,31,82,49,73,59,123,70,115,86,94,63" hai1="48,130,106,104,55,38,9,11,35,103,32,118,76" hai2="131,3,36,111,50,91,77,23,40,53,42,28,67" hai3="34,15,4,99,134,19,84,10,37,68,113,27,122"/><V41/><F3/><W64/><G37/><T90/><D123/><U56/><E118/><V5/><F5/><W78/><G122/><T72/><D115/><U128/><E38/><V21/><F67/><W20/><G134/><T75/><D133/><U85/><E32/><V8/><F8/><N who="1" m="3145" /><E35/><V88/><F36/><W54/><G113/><T17/><D31/><U43/><E43/><V81/><F131/><N who="1" m="50217" /><E103/><V127/><F111/><W46/><G34/><T132/><D132/><U33/><E33/><V47/><F127/><W112/><G112/><T110/><D110/><U65/><E65/><V22/><REACH who="2" step="1"/><F28/><REACH who="2" ten="210,294,174,312" step="2"/><W13/><G64/><T116/><D116/><U45/><E56/><V6/><F6/><W61/><G4/><T24/><D59/><U98/><E98/><V107/><F107/><W135/><G135/><T62/><D69/><U12/><E12/><V44/><F44/><W1/><G68/><T66/><D70/><U39/><E39/><V0/><F0/><W51/><G1/><T97/><D66/><U120/><E120/><V114/><F114/><W96/><G96/><T105/><D105/><U16/><E16/><V52/><F52/><W87/><G99/><T101/><D17/><U121/><E121/><V108/><F108/><W93/><G10/><T29/><REACH who="0" step="1"/><D49/><REACH who="0" ten="200,294,174,312" step="2"/><U89/><E106/><V80/><F80/><N who="3" m="47127" /><G61/><T7/><D7/><U26/><E104/><V125/><F125/><W92/><G92/><T60/><D60/><U58/><E58/><V124/><F124/><W95/><G95/><T117/><D117/><U126/><E126/><V74/><AGARI ba="0,2" hai="21,22,23,40,41,42,47,50,53,74,77,81,88,91" machi="74" ten="30,12000,1" yaku="1,1,5,1,0,1,52,1,54,1,53,0" doraHai="79" doraHaiUra="102" who="2" fromWho="2" sc="200,-40,294,-40,174,140,312,-40" /><INIT seed="2,1,0,0,1,92" ten="160,254,314,272" oya="2" hai0="22,11,120,102,12,29,8,83,125,52,65,81,49" hai1="9,114,131,32,129,70,118,35,74,14,5,48,133" hai2="117,121,87,128,7,40,19,0,75,111,72,106,42" hai3="53,89,38,95,16,1,57,69,13,126,61,6,2"/><V26/><F121/><W37/><G126/><T124/><D120/><U103/><E118/><V34/><F117/><W67/><G6/><T73/><D65/><U119/><E119/><V3/><F106/><W47/><G47/><T79/><D83/><U77/><E70/><V108/><F128/><N who="1" m="49225" /><E114/><V80/><F19/><W54/><G38/><T60/><D60/><U4/><E133/><V50/><F26/><W84/><G37/><T24/><D102/><U82/><E48/><V109/><F34/><N who="1" m="12841" /><E103/><V78/><F50/><W107/><G107/><T71/><D71/><U39/><E39/><V135/><F135/><W104/><G104/><T25/><D25/><U30/><E30/><V110/><N who="2" m="27648" /><DORA hai="10" /><V112/><F112/><W46/><G46/><T91/><D91/><U76/><E76/><V58/><F58/><W55/><REACH who="3" step="1"/><G69/><REACH who="3" ten="160,254,314,262" step="2"/><T20/><D125/><U62/><E4/><V66/><F7/><W51/><G51/><T85/><D124/><U15/><E62/><V56/><F40/><W98/><G98/><T132/><D132/><U130/><N who="1" m="49233" /><U43/><DORA hai="99" /><E43/><V90/><F42/><W115/><G115/><T100/><D49/><U23/><E23/><AGARI ba="1,1" hai="1,2,13,16,23,53,54,55,57,61,67,84,89,95" machi="23" ten="40,5200,0" yaku="1,1,52,1,54,1,53,0" doraHai="92,10,99" doraHaiUra="41,96,44" who="3" fromWho="1" sc="160,0,254,-55,314,0,262,65" /><INIT seed="3,0,0,0,2,102" ten="160,199,314,327" oya="3" hai0="32,5,45,55,99,132,33,108,126,123,49,60,54" hai1="1,103,0,68,18,122,24,70,36,131,85,14,38" hai2="86,84,118,17,40,58,130,27,19,82,43,34,61" hai3="83,21,109,57,124,90,76,71,3,26,133,31,6"/><W78/><G71/><T127/><D123/><U12/><E122/><V97/><F118/><W22/><G124/><N who="0" m="47659" /><D5/><U114/><E114/><V119/><F119/><W35/><G133/><T4/><D4/><U135/><E135/><V52/><F130/><W11/><G109/><T10/><D10/><U56/><E131/><V62/><F34/><N who="0" m="13418" /><D132/><U69/><E56/><N who="2" m="34951" /><F97/><W67/><G67/><T7/><D7/><U37/><E85/><N who="2" m="32875" /><F82/><W73/><G76/><T59/><D99/><U63/><E63/><V129/><F129/><W30/><G57/><T121/><D121/><U39/><N who="1" m="9216" /><DORA hai="106" /><U87/><E87/><V66/><F27/><W128/><G128/><T50/><D50/><U72/><E72/><V107/><F107/><W44/><G73/><T65/><D108/><U77/><E77/><V53/><F66/><AGARI ba="0,0" hai="45,49,54,55,59,60,65,66" m="13418,47659" machi="66" ten="30,1000,0" yaku="18,1" doraHai="102,106" who="0" fromWho="2" sc="160,10,199,0,314,-10,327,0" /><INIT seed="4,0,0,2,1,53" ten="170,199,304,327" oya="0" hai0="60,37,126,71,1,100,132,107,94,56,86,64,22" hai1="31,131,19,12,46,77,43,44,15,117,26,95,39" hai2="92,78,118,109,83,87,61,105,54,58,42,21,62" hai3="41,133,9,128,67,82,4,14,6,13,35,20,2"/><T36/><D107/><U11/><E117/><V76/><F109/><W110/><G67/><T25/><D1/><U125/><E131/><V119/><F105/><W47/><G35/><T127/><D132/><U130/><E130/><V8/><F42/><W66/><G128/><T72/><D72/><U28/><E125/><N who="0" m="47625" /><D71/><U97/><E77/><V106/><F106/><W115/><G110/><T91/><D100/><U89/><E26/><V45/><F45/><W50/><G133/><T80/><D80/><U32/><E32/><V73/><F8/><W24/><G4/><T134/><D134/><U129/><E129/><V27/><F76/><W103/><G103/><T90/><D90/><U48/><REACH who="1" step="1"/><E12/><REACH who="1" ten="170,189,304,327" step="2"/><V123/><F78/><W18/><G13/><T98/><D86/><U74/><E74/><V111/><F87/><W55/><G14/><T70/><D70/><U120/><E120/><V113/><F123/><W79/><G79/><T59/><D59/><U33/><E33/><V34/><F58/><W68/><G68/><T124/><N who="0" m="47633" /><T84/><DORA hai="81" /><D84/><U0/><E0/><V29/><F73/><W17/><G2/><T99/><D99/><U23/><E23/><V112/><F21/><W5/><G20/><T93/><D93/><U121/><E121/><V114/><F92/><W88/><G82/><T49/><D49/><U85/><E85/><V135/><F83/><W101/><G50/><T108/><D108/><U104/><E104/><V116/><F111/><W57/><G57/><T96/><D96/><U122/><E122/><V51/><F135/><W40/><G47/><RYUUKYOKU ba="0,1" sc="170,10,189,10,304,10,327,-30" hai0="22,25,36,37,56,60,64,91,94,98" hai1="11,15,19,28,31,39,43,44,46,48,89,95,97" hai2="27,29,34,51,54,61,62,112,113,114,116,118,119" /><INIT seed="4,1,1,3,3,80" ten="180,199,314,297" oya="0" hai0="125,95,94,113,56,19,103,23,40,51,77,87,99" hai1="109,47,21,120,28,111,119,11,130,93,62,7,92" hai2="127,34,58,35,30,74,37,24,6,85,128,64,116" hai3="5,114,115,82,66,18,126,26,104,45,59,53,124"/><T101/><D113/><N who="3" m="43017" /><G104/><T48/><D125/><N who="3" m="48233" /><G5/><T132/><D132/><U50/><E120/><V57/><F74/><W33/><G82/><N who="0" m="47567" /><D40/><U46/><E119/><V22/><F116/><W108/><G108/><T110/><D110/><U76/><E130/><V36/><F128/><W44/><G66/><T73/><D73/><U9/><E7/><V1/><F127/><W105/><G105/><T52/><D95/><U17/><E92/><V86/><F6/><W106/><G106/><T38/><D38/><U29/><E93/><V129/><F1/><W68/><G68/><T55/><D103/><U14/><E109/><V43/><F129/><W41/><G41/><T61/><D55/><U54/><E111/><V10/><F43/><W118/><G118/><T90/><D101/><U42/><E76/><V67/><F36/><W131/><G131/><T4/><D4/><U8/><REACH who="1" step="1"/><E62/><REACH who="1" ten="180,189,314,297" step="2"/><V75/><F75/><W122/><G122/><T16/><D19/><U102/><E102/><V71/><F37/><AGARI ba="1,2" hai="8,9,11,14,17,21,28,29,37,42,46,47,50,54" machi="37" ten="40,5200,0" yaku="1,1,53,2" doraHai="80" doraHaiUra="25" who="1" fromWho="2" sc="180,0,189,75,314,-55,297,0" /><INIT seed="5,0,0,1,1,67" ten="180,264,259,297" oya="1" hai0="52,3,15,64,91,107,102,135,19,6,23,58,85" hai1="105,97,7,37,86,119,132,66,96,47,48,56,75" hai2="17,24,63,117,22,106,120,114,74,20,30,11,133" hai3="49,131,89,121,115,73,60,9,77,45,70,112,4"/><U84/><E75/><V76/><F117/><W78/><G121/><T113/><D113/><N who="3" m="43593" /><G73/><T69/><D135/><U61/><E119/><V28/><F120/><W79/><G131/><T25/><D3/><U92/><E37/><V27/><F106/><W57/><G89/><T103/><D107/><U101/><E132/><V100/><F133/><W94/><G94/><T130/><D130/><U32/><E7/><V83/><F114/><W104/><G104/><T55/><D69/><U35/><E35/><V90/><F100/><W118/><G118/><T126/><D126/><U31/><E31/><V14/><F90/><W109/><G109/><T41/><D41/><U51/><E32/><V26/><F63/><W59/><G60/><T5/><D64/><U82/><E82/><V116/><F116/><W72/><G70/><T88/><D91/><U80/><E48/><V123/><F123/><W125/><G72/><T124/><D124/><U68/><E56/><V87/><F74/><W12/><G125/><T42/><D42/><AGARI ba="0,0" hai="4,9,12,42,45,49,57,59,77,78,79" m="43593" machi="42" ten="30,1000,0" yaku="15,1" doraHai="67" who="3" fromWho="0" sc="180,-10,264,0,259,0,297,10" /><INIT seed="6,0,0,2,2,119" ten="170,264,259,307" oya="2" hai0="98,114,18,115,52,79,67,95,27,9,123,28,78" hai1="113,76,48,39,34,23,5,10,87,96,56,116,93" hai2="109,15,124,60,14,106,33,108,66,99,68,53,38" hai3="41,101,31,13,72,26,105,110,132,118,82,103,90"/><V71/><F38/><W32/><G110/><N who="2" m="42601" /><F33/><W36/><G118/><T55/><D67/><U70/><E116/><V21/><F124/><W81/><G132/><T19/><D9/><U112/><E34/><V43/><F43/><W100/><G105/><T122/><D95/><U65/><E39/><V2/><F2/><W83/><G13/><N who="2" m="4617" /><F21/><W75/><REACH who="3" step="1"/><G90/><REACH who="3" ten="170,264,259,297" step="2"/><T91/><D91/><U59/><E112/><V12/><F12/><W47/><AGARI ba="0,1" hai="26,31,32,36,41,47,72,75,81,82,83,100,101,103" machi="47" ten="40,5200,0" yaku="1,1,2,1,0,1,53,0" doraHai="119" doraHaiUra="130" who="3" fromWho="3" sc="170,-13,264,-13,259,-26,297,62" /><INIT seed="7,0,0,3,5,122" ten="157,251,233,359" oya="3" hai0="64,103,125,91,84,110,116,7,14,18,99,79,87" hai1="78,63,0,59,26,8,117,23,128,4,135,132,30" hai2="86,82,95,27,133,121,102,45,41,60,40,3,120" hai3="70,98,38,28,129,97,107,35,131,6,9,37,71"/><W13/><G28/><T17/><D116/><U81/><E128/><N who="3" m="49226" /><G35/><T89/><D64/><U101/><E101/><V75/><F75/><W72/><G72/><T12/><D7/><U47/><E117/><V39/><F3/><W80/><G80/><T19/><D125/><U49/><E59/><V42/><F133/><N who="1" m="51273" /><E63/><V119/><F119/><W118/><G118/><T67/><D67/><U29/><E23/><V66/><F27/><W44/><G44/><T88/><D110/><U16/><E16/><V1/><F1/><W11/><G9/><T48/><D48/><U106/><E106/><V69/><F95/><W109/><G109/><T111/><D111/><U76/><E26/><V94/><F94/><W96/><G107/><T5/><D5/><U10/><E10/><V2/><F2/><W61/><G61/><T46/><D46/><U105/><E105/><V92/><F92/><W126/><G126/><T25/><D25/><U104/><E104/><V54/><F102/><W108/><G108/><T85/><D79/><N who="1" m="30251" /><E81/><V90/><F39/><AGARI ba="0,0" hai="6,11,13,37,38,39,70,71,96,97,98" m="49226" machi="39" ten="40,2000,0" yaku="19,1" doraHai="122" who="3" fromWho="2" sc="157,0,251,0,233,-20,359,20" owari="157,-34.3,251,5.1,213,-18.7,379,47.9" /></mjloggm>