<mjloggm ver="2.3"><GO type="169" lobby="0"/><UN n0="%E3%81%8F%E3%81%8E%E3%82%85%E3%81%86%E3%81%86%E3%81%86%E3%81%86" n1="%E3%81%A8%E3%81%B3%E3%81%BE%E3%81%93" n2="%6D%79%6D%65%6C%6F%58%58" n3="%E8%A5%BF%E6%9D%91%E9%9B%84%E4%B8%80%E9%83%8E" dan="18,18,16,19" rate="2242.80,2219.80,2130.30,2283.77" sx="M,M,F,M"/><TAIKYOKU oya="0"/><INIT seed="0,0,0,0,1,99" ten="250,250,250,250" oya="0" hai0="12,47,46,123,42,11,135,56,0,44,39,98,78" hai1="50,89,106,20,80,82,95,38,100,133,125,63,104" hai2="72,5,131,76,87,31,67,64,45,121,30,4,91" hai3="115,75,49,16,96,51,107,69,41,71,102,35,127"/><T101/><D123/><U105/><E50/><V17/><F121/><W88/><G115/><T8/><D135/><U37/><E63/><V22/><F131/><W36/><G75/><T1/><D78/><U112/><E20/><V62/><F72/><W7/><G35/><T68/><D68/><U94/><E38/><V60/><F45/><W120/><G120/><T118/><D118/><U79/><E37/><V3/><F3/><W128/><G128/><T97/><D97/><N who="1" m="59447" /><E133/><V23/><F76/><W116/><G116/><T53/><D8/><U15/><E15/><V48/><F48/><W90/><G7/><N who="2" m="2633" /><F62/><W14/><G36/><T21/><D0/><U103/><E125/><V122/><F122/><W134/><G49/><T66/><D66/><N who="2" m="25130" /><F60/><W119/><G119/><T61/><D1/><U113/><E103/><V108/><F108/><W27/><G134/><T126/><D126/><U59/><E59/><V10/><F10/><W13/><G127/><T110/><D110/><U54/><E54/><V124/><F124/><W111/><G111/><T26/><D11/><U83/><E79/><V85/><F91/><N who="3" m="34859" /><G69/><T74/><D12/><N who="3" m="4713" /><G71/><T117/><D117/><U70/><E70/><V114/><F114/><N who="1" m="44137" /><E104/><V73/><F73/><W129/><G129/><T86/><D74/><U6/><E6/><V109/><F109/><W25/><G41/><T34/><D39/><U32/><E32/><V19/><F22/><N who="3" m="13511" /><G51/><T40/><D34/><U130/><E130/><V132/><F132/><W92/><G107/><N who="0" m="63927" /><D42/><U24/><E24/><AGARI ba="0,0" hai="24,27,92,96,102" m="13511,4713,34859" machi="24" ten="30,7700,0" yaku="8,1,52,1,54,2" doraHai="99" who="3" fromWho="1" sc="250,0,250,-77,250,0,250,77" /><INIT seed="1,0,0,5,2,78" ten="250,173,250,327" oya="1" hai0="106,97,24,43,47,113,20,116,120,77,33,9,98" hai1="130,119,127,88,69,38,12,15,68,84,22,45,85" hai2="14,111,96,66,72,53,54,123,135,0,55,99,132" hai3="57,31,46,67,23,83,126,18,32,100,105,44,91"/><U131/><E119/><V42/><F0/><W94/><G105/><T39/><D116/><U41/><E85/><V64/><F123/><W103/><G32/><T36/><D113/><U3/><E3/><V26/><F42/><W71/><G71/><T29/><D120/><U2/><E2/><V90/><F72/><W21/><G31/><T1/><D36/><U60/><E127/><V73/><F73/><W112/><G83/><T4/><D106/><U52/><E22/><V8/><F111/><W75/><G75/><T81/><REACH who="0" step="1"/><D33/><REACH who="0" ten="240,173,250,327" step="2"/><U121/><E121/><V104/><F104/><W48/><G112/><T134/><D134/><U82/><E69/><V51/><F135/><W129/><G126/><T50/><D50/><U34/><E34/><V95/><F132/><W63/><G48/><T117/><D117/><U65/><REACH who="1" step="1"/><E52/><REACH who="1" ten="240,163,250,327" step="2"/><N who="2" m="20075" /><F26/><W17/><G23/><T89/><D89/><U62/><E62/><V76/><F76/><W61/><G91/><T87/><AGARI ba="0,2" hai="1,4,9,20,24,29,39,43,47,77,81,87,97,98" machi="87" ten="20,5200,0" yaku="1,1,0,1,7,1,52,1,53,0" doraHai="78" doraHaiUra="28" who="0" fromWho="0" sc="240,72,163,-26,250,-13,327,-13" /><INIT seed="2,0,0,0,3,8" ten="312,137,237,314" oya="2" hai0="31,22,135,11,86,15,64,45,58,25,118,112,90" hai1="9,92,113,33,68,43,65,34,78,38,115,116,87" hai2="107,49,73,36,28,5,101,111,83,7,59,26,95" hai3="94,39,72,20,126,47,131,61,88,13,23,21,70"/><V128/><F128/><W109/><G72/><T81/><D112/><U66/><E116/><V35/><F36/><W133/><G131/><T100/><D135/><U17/><E38/><V85/><F111/><W110/><G133/><T55/><D118/><U134/><E134/><V18/><F107/><W106/><G106/><T89/><D100/><U98/><E43/><V119/><F119/><W52/><G126/><T79/><D64/><U97/><E68/><V32/><F32/><W3/><G3/><T57/><D45/><U104/><E104/><V53/><F73/><W84/><G70/><T123/><D58/><U62/><E78/><V96/><REACH who="2" step="1"/><F18/><REACH who="2" ten="312,137,227,314" step="2"/><N who="3" m="10319" /><G39/><T71/><D123/><U63/><E34/><V108/><F108/><N who="3" m="41579" /><G61/><N who="0" m="36031" /><D71/><U10/><E63/><V16/><F16/><AGARI ba="0,1" hai="11,15,16,22,25,31,79,81,86,89,90" m="36031" machi="16" ten="30,3900,0" yaku="8,1,52,1,54,1" doraHai="8" who="0" fromWho="2" sc="312,49,137,0,227,-39,314,0" /><INIT seed="3,0,0,2,5,20" ten="361,137,188,314" oya="3" hai0="131,57,91,115,54,23,49,50,110,61,41,22,34" hai1="13,14,104,28,7,79,46,47,100,56,119,73,127" hai2="107,76,65,29,8,60,37,111,52,68,121,126,80" hai3="97,108,74,36,77,38,96,125,11,18,26,66,81"/><W12/><G125/><T89/><D110/><U24/><E127/><V33/><F126/><W51/><G108/><T42/><D34/><U2/><E119/><V88/><F111/><W113/><G113/><T19/><D131/><U133/><E133/><V99/><F37/><W118/><G118/><T94/><D115/><U102/><E2/><V70/><F70/><W114/><G114/><T128/><D128/><U55/><E73/><V82/><F8/><W35/><G66/><T71/><D23/><N who="1" m="15391" /><E79/><V9/><F9/><W134/><G134/><T6/><D6/><U116/><E104/><V69/><F69/><W59/><G36/><T130/><D130/><U101/><E116/><V72/><F121/><W90/><G38/><T98/><D71/><U32/><E32/><V48/><F107/><W45/><G59/><T0/><D0/><U64/><E64/><V62/><F62/><W103/><G103/><N who="1" m="26370" /><U86/><DORA hai="63" /><E86/><V112/><F112/><W25/><G35/><T40/><REACH who="0" step="1"/><D91/><REACH who="0" ten="351,137,188,314" step="2"/><U27/><E7/><V93/><F33/><W85/><G97/><T129/><D129/><U120/><E120/><V95/><F99/><W3/><G3/><T106/><D106/><U75/><E14/><AGARI ba="0,1" hai="14,19,22,40,41,42,49,50,54,57,61,89,94,98" machi="14" ten="40,5200,0" yaku="1,1,8,1,53,1" doraHai="20,63" doraHaiUra="30,87" who="0" fromWho="1" sc="351,62,137,-52,188,0,314,0" /><INIT seed="4,0,0,0,0,79" ten="413,85,188,314" oya="0" hai0="70,19,50,18,117,40,52,43,55,133,20,65,113" hai1="77,54,21,107,22,89,61,103,95,106,51,37,129" hai2="124,75,63,74,127,39,81,73,116,56,119,68,34" hai3="67,78,134,94,23,59,72,35,126,62,11,87,2"/><T98/><D117/><N who="2" m="45130" /><F34/><W6/><G35/><T44/><D113/><U82/><E37/><V114/><F114/><W86/><G134/><T102/><D133/><U121/><E121/><V1/><F1/><W76/><G126/><N who="2" m="48169" /><F39/><W4/><G76/><T25/><D55/><U46/><E129/><V33/><F33/><W36/><G6/><T71/><D18/><U31/><E61/><V17/><F17/><W108/><G108/><T123/><D123/><U27/><E22/><V10/><F10/><W85/><G23/><T90/><D90/><U99/><REACH who="1" step="1"/><E103/><REACH who="1" ten="413,75,188,314" step="2"/><V110/><F110/><W13/><G36/><T38/><D38/><U93/><E93/><V57/><F81/><W53/><G62/><T49/><D20/><U111/><E111/><V9/><F9/><W14/><G11/><T12/><D102/><U41/><E41/><V130/><F130/><W64/><G94/><T115/><D43/><U7/><E7/><V101/><F101/><W97/><G4/><T104/><D40/><U15/><E15/><V122/><F122/><W60/><G13/><T45/><D12/><U91/><E91/><V112/><F112/><W8/><G14/><T48/><D115/><U16/><E16/><V30/><F30/><W29/><G29/><T109/><D19/><U84/><AGARI ba="0,1" hai="21,27,31,46,51,54,77,82,84,89,95,99,106,107" machi="84" ten="20,5200,0" yaku="1,1,0,1,7,1,52,1,53,0" doraHai="79" doraHaiUra="96" who="1" fromWho="1" sc="413,-26,75,62,188,-13,314,-13" /><INIT seed="5,0,0,1,3,43" ten="387,137,175,301" oya="1" hai0="23,101,130,111,114,48,8,72,10,0,67,100,62" hai1="34,85,92,31,54,63,35,131,80,94,61,121,57" hai2="68,105,60,7,27,18,30,134,90,5,125,17,69" hai3="55,19,123,119,112,37,88,132,98,6,11,13,87"/><U83/><E121/><V117/><F117/><W127/><G123/><T107/><D111/><U109/><E109/><V16/><F105/><W65/><G37/><T2/><D72/><U28/><E131/><V129/><F129/><W36/><G36/><T91/><D130/><U47/><E85/><V120/><F120/><W26/><G112/><T97/><D91/><U20/><E20/><V58/><F125/><W113/><G113/><T93/><D23/><U56/><REACH who="1" step="1"/><E54/><REACH who="1" ten="387,127,175,301" step="2"/><V52/><F134/><W15/><G55/><T39/><D114/><U21/><E21/><V99/><F69/><W96/><G132/><T66/><D8/><U108/><E108/><V73/><F68/><W46/><G87/><T118/><D10/><U44/><AGARI ba="0,1" hai="28,31,34,35,44,47,56,57,61,63,80,83,92,94" machi="44" ten="25,18000,2" yaku="1,1,0,1,22,2,52,2,53,0" doraHai="43" doraHaiUra="106" who="1" fromWho="1" sc="387,-60,127,190,175,-60,301,-60" /><INIT seed="5,1,0,3,5,123" ten="327,317,115,241" oya="1" hai0="14,50,68,10,19,120,85,82,78,109,46,31,55" hai1="66,107,26,95,37,67,25,3,62,38,33,117,15" hai2="24,129,49,93,59,51,112,57,48,86,1,115,60" hai3="28,97,108,40,34,91,4,29,106,7,21,52,22"/><U32/><E107/><V126/><F1/><W42/><G34/><T110/><D120/><U99/><E3/><V116/><F116/><W104/><G91/><T72/><D68/><U80/><E15/><V11/><F11/><W98/><G52/><T114/><D114/><N who="2" m="43562" /><F86/><W47/><G47/><T43/><D31/><U90/><E80/><V113/><N who="2" m="43570" /><V100/><DORA hai="0" /><F126/><W44/><G44/><T119/><D119/><U87/><E87/><V69/><F24/><W88/><G88/><N who="0" m="51255" /><D43/><U54/><E117/><V20/><F20/><W127/><G127/><T16/><D19/><U111/><E26/><V63/><F69/><W75/><G75/><T94/><D94/><U74/><E74/><V84/><F84/><W13/><G13/><T122/><D122/><U6/><E25/><V35/><F35/><W70/><G70/><T9/><D9/><U135/><E33/><V73/><F73/><W61/><G61/><N who="2" m="23625" /><F129/><W118/><G118/><T131/><D131/><U45/><E32/><V17/><F17/><W121/><G121/><T103/><D72/><U81/><E81/><V27/><F27/><W130/><G130/><T65/><D78/><U64/><E64/><V76/><F76/><W124/><G124/><T96/><D65/><U2/><E66/><V125/><F125/><W18/><G18/><T12/><D12/><U83/><E67/><V102/><F93/><W8/><G8/><T133/><D10/><U36/><E95/><V56/><AGARI ba="1,0" hai="48,49,51,56,57,59,100,102" m="23625,43570" machi="56" ten="50,8000,1" yaku="28,2,15,1,11,1" doraHai="123,0" who="2" fromWho="2" sc="327,-21,317,-41,115,83,241,-21" /><INIT seed="6,0,0,1,1,19" ten="306,276,198,220" oya="2" hai0="47,74,58,132,41,120,59,116,109,102,52,34,54" hai1="131,46,78,33,50,73,91,44,67,0,13,81,112" hai2="104,66,115,8,10,98,25,32,107,124,84,75,43" hai3="30,130,38,76,39,2,101,23,83,97,94,96,7"/><V68/><F115/><W93/><G130/><T6/><D34/><U70/><E0/><V119/><F75/><W48/><G48/><T53/><D109/><U135/><E33/><V128/><F119/><W28/><G2/><T27/><D27/><U125/><E131/><V114/><F114/><W85/><G7/><T35/><D35/><U79/><E125/><V26/><F128/><W61/><G61/><T77/><D102/><U69/><E79/><V12/><F43/><W117/><G117/><T95/><D95/><U21/><E135/><V121/><F121/><W71/><G71/><T42/><D42/><U110/><E46/><V45/><F45/><W49/><G49/><T72/><D72/><U118/><E67/><V3/><F124/><W99/><G99/><T62/><D120/><U129/><E129/><V89/><F3/><W65/><G65/><T56/><D132/><U15/><E118/><V63/><F32/><W60/><G60/><T18/><D62/><U11/><E73/><V133/><F133/><W88/><REACH who="3" step="1"/><G23/><REACH who="3" ten="306,276,198,210" step="2"/><T126/><D116/><U86/><E21/><V134/><F134/><W82/><G82/><T127/><D127/><U29/><E81/><N who="2" m="49295" /><F10/><W57/><G57/><T111/><D58/><U31/><E11/><V123/><F123/><W14/><G14/><T51/><D56/><U108/><E15/><V4/><F98/><W55/><G55/><T17/><D53/><U37/><E13/><V22/><F22/><W87/><G87/><T122/><D74/><U5/><E86/><V92/><F92/><W80/><G80/><T24/><D126/><RYUUKYOKU ba="0,1" sc="306,-15,276,-15,198,15,210,15" hai2="4,8,12,25,26,63,66,68,104,107" hai3="28,30,38,39,76,83,85,88,93,94,96,97,101" /><INIT seed="6,1,1,1,0,108" ten="291,261,213,225" oya="2" hai0="98,110,68,10,107,86,116,117,39,43,120,66,60" hai1="87,32,126,99,13,128,49,104,88,0,58,34,114" hai2="65,124,9,57,18,130,106,28,14,73,1,52,67" hai3="47,118,71,111,92,77,84,15,59,62,37,40,19"/><V112/><F106/><W23/><G111/><T16/><D120/><U119/><E119/><V35/><F73/><W72/><G118/><N who="0" m="45675" /><D86/><U74/><E0/><V94/><F124/><W95/><G71/><T81/><D81/><U2/><E74/><V6/><F130/><W25/><G72/><T50/><D39/><U123/><E2/><V102/><F112/><W78/><G25/><T93/><D107/><U42/><E114/><V54/><F35/><W109/><G109/><T69/><D69/><U11/><E126/><V24/><F54/><W85/><G84/><T97/><D93/><U82/><E58/><V38/><F38/><W33/><G33/><T90/><D90/><U53/><E42/><V133/><F133/><W125/><G125/><T22/><D10/><U20/><E11/><V17/><F1/><W21/><G21/><T127/><D110/><U31/><E128/><V7/><F28/><W46/><G47/><N who="0" m="25983" /><D127/><U76/><E31/><V48/><F18/><W26/><G26/><AGARI ba="1,1" hai="16,22,26,60,66,68,97,98" m="25983,45675" machi="26" ten="30,2000,0" yaku="12,1,54,1" doraHai="108" who="0" fromWho="3" sc="291,33,261,0,213,0,225,-23" /><INIT seed="7,0,0,5,4,5" ten="324,261,213,202" oya="3" hai0="38,45,115,0,92,39,95,2,99,124,105,118,110" hai1="70,106,101,56,43,131,30,117,61,87,74,20,50" hai2="3,128,121,102,60,58,4,129,109,49,41,10,73" hai3="78,62,68,53,135,77,17,27,85,82,24,9,40"/><W75/><G135/><T8/><D110/><U33/><E87/><V65/><F109/><W34/><G40/><T83/><D83/><U89/><E20/><V7/><F73/><W11/><G75/><T71/><D45/><U54/><E89/><V123/><F102/><W59/><G68/><T126/><D99/><U113/><E113/><V26/><F7/><W37/><G37/><T67/><D67/><U15/><E15/><V127/><F127/><W107/><G107/><T16/><D115/><U18/><E18/><V28/><F49/><W32/><G32/><T46/><D16/><U21/><E21/><N who="2" m="15439" /><F60/><W104/><G104/><T90/><D118/><U97/><E74/><V88/><F41/><W133/><G133/><T125/><D105/><U23/><E33/><V91/><F58/><W84/><G34/><T122/><D71/><U42/><E101/><V98/><F65/><W114/><G114/><T120/><D126/><U81/><E70/><V1/><F1/><W94/><G77/><T47/><D90/><N who="2" m="34346" /><F98/><W55/><G55/><T119/><D119/><U93/><E97/><V57/><F57/><W72/><G72/><T69/><D69/><U19/><E54/><V132/><F132/><W22/><G27/><T111/><D111/><U112/><E106/><V52/><F52/><W86/><G94/><T31/><D124/><U63/><E93/><V108/><F108/><W134/><G134/><T116/><D95/><U44/><E117/><V76/><F76/><N who="3" m="46151" /><G86/><T103/><D92/><U36/><E112/><V48/><F48/><W35/><G35/><T100/><D125/><RYUUKYOKU ba="0,0" sc="324,-15,261,-15,213,15,202,15" hai2="3,4,10,121,123,128,129" hai3="9,11,17,22,24,53,59,62,78,85" /><INIT seed="7,1,0,1,4,52" ten="309,246,228,217" oya="3" hai0="135,84,112,94,63,31,70,103,133,54,110,62,115" hai1="95,53,61,99,4,72,87,116,2,96,118,125,79" hai2="128,119,34,46,38,114,124,81,30,23,117,55,32" hai3="48,5,107,39,78,42,127,18,108,9,85,57,16"/><W123/><G123/><T92/><D110/><U24/><E72/><V15/><F114/><N who="0" m="43562" /><D31/><U106/><E106/><V98/><F124/><W33/><G33/><T51/><D92/><U36/><E24/><V100/><F128/><W93/><G107/><T25/><D25/><U109/><E36/><V6/><F81/><N who="3" m="47287" /><G39/><T44/><D84/><U69/><E87/><V7/><F34/><W134/><G127/><T26/><D26/><U29/><E29/><V19/><F32/><W35/><G35/><T102/><D102/><U88/><E95/><V43/><F30/><W89/><G108/><T74/><D74/><U45/><E125/><V97/><F97/><N who="3" m="57519" /><G134/><T90/><D70/><U21/><E69/><V3/><F3/><W80/><G80/><T65/><D103/><U76/><E2/><V121/><F121/><W47/><G57/><N who="0" m="37103" /><D94/><U130/><E109/><V20/><F20/><W77/><G77/><T11/><D90/><U56/><E88/><V12/><F55/><W111/><G111/><T66/><D133/><U0/><E76/><V37/><F37/><W49/><G48/><T8/><D135/><U64/><E79/><V104/><REACH who="2" step="1"/><F12/><AGARI ba="1,0" hai="5,9,12,16,18,42,47,49" m="57519,47287" machi="12" ten="30,5800,0" yaku="25,1,8,1,54,1" doraHai="52" who="3" fromWho="2" sc="309,0,246,0,228,-61,217,61" /><INIT seed="7,2,0,2,3,88" ten="309,246,167,278" oya="3" hai0="61,36,103,32,62,50,16,111,129,77,115,52,96" hai1="24,41,8,130,114,69,127,101,67,97,37,23,64" hai2="10,85,2,124,109,126,55,134,58,20,47,133,66" hai3="56,123,120,26,86,73,91,128,95,30,118,79,92"/><W80/><G118/><T108/><D36/><U84/><E114/><V113/><F85/><W102/><G128/><T9/><D32/><U107/><E69/><V7/><F109/><W33/><REACH who="3" step="1"/><G56/><REACH who="3" ten="309,246,167,268" step="2"/><T53/><D129/><U46/><E130/><V74/><F74/><W5/><G5/><T75/><D75/><U122/><E122/><V112/><F47/><W17/><G17/><T11/><D16/><U68/><E46/><V60/><F66/><W14/><G14/><T54/><D111/><U25/><E67/><V110/><F110/><W78/><G78/><T98/><D77/><U0/><E64/><V42/><F42/><W125/><G125/><N who="2" m="48233" /><F20/><W19/><G19/><T82/><D108/><U119/><E23/><V121/><F121/><W89/><G89/><T12/><D53/><U105/><E41/><V13/><F2/><W3/><G3/><T87/><D54/><U18/><E0/><V57/><F57/><W100/><G100/><T27/><D103/><U43/><E101/><V90/><F90/><W106/><G106/><T45/><D52/><U51/><E105/><V34/><F34/><W63/><G63/><T65/><D61/><U132/><E107/><V29/><F29/><W131/><G131/><T81/><D62/><U1/><E43/><V22/><F22/><W59/><G59/><T15/><D45/><U135/><E1/><V117/><F117/><W38/><G38/><T39/><D39/><U35/><E119/><V76/><F76/><W40/><G40/><T70/><D70/><U48/><E68/><V72/><F72/><W28/><G28/><RYUUKYOKU ba="2,1" sc="309,-15,246,-15,167,15,268,15" hai2="7,10,13,55,58,60,112,113,133,134" hai3="26,30,33,73,79,80,86,91,92,95,102,120,123" /><INIT seed="7,3,1,4,2,125" ten="294,231,182,283" oya="3" hai0="2,115,30,112,93,0,73,129,106,46,116,59,29" hai1="58,105,27,79,85,10,94,124,35,89,92,119,103" hai2="42,97,75,81,36,99,7,108,127,23,80,53,9" hai3="55,48,33,118,1,82,102,126,15,101,134,19,34"/><W130/><G130/><T113/><D129/><U12/><E124/><V104/><F127/><W120/><G120/><T63/><D106/><U62/><E79/><V31/><F108/><W51/><G118/><T88/><D73/><U32/><E105/><V110/><F110/><W78/><G1/><N who="0" m="619" /><D46/><U28/><E103/><V90/><F104/><W135/><G126/><T72/><D72/><U77/><E77/><V37/><F75/><N who="3" m="43359" /><G101/><T114/><D116/><U8/><E35/><N who="3" m="13322" /><G55/><N who="0" m="34303" /><D115/><U64/><E119/><V11/><F31/><W98/><G98/><AGARI ba="3,1" hai="29,30,88,93,98,112,113,114" m="34303,619" machi="98" ten="40,5200,0" yaku="15,1,11,1,54,1" doraHai="125" who="0" fromWho="3" sc="294,71,231,0,182,0,283,-61" owari="365,46.5,231,3.1,182,-31.8,222,-17.8" /></mjloggm>