<mjloggm ver="2.3"><GO type="169" lobby="0"/><UN n0="%E6%9C%8B%E4%B9%9F%40" n1="%74%34%63%34%32%32" n2="%68%69%73%61%74%6F%E6%A3%92" n3="%E3%81%B5%E3%81%8B%E3%81%8C%E3%82%8F" dan="16,16,16,16" rate="2173.60,2115.12,2074.87,2056.66" sx="F,M,M,M"/><TAIKYOKU oya="0"/><INIT seed="0,0,0,2,0,13" ten="250,250,250,250" oya="0" hai0="39,19,30,96,32,98,126,107,134,14,0,15,106" hai1="87,78,64,84,117,125,8,43,35,113,50,57,135" hai2="62,53,86,104,17,36,111,77,42,58,54,74,11" hai3="38,110,65,73,4,115,7,89,46,88,122,103,27"/><T97/><D39/><U47/><E125/><V41/><F104/><W95/><G110/><T120/><D0/><U6/><E35/><V59/><F74/><W51/><G115/><T102/><D120/><U56/><E113/><V66/><F36/><W40/><G122/><T52/><D126/><U82/><E135/><V80/><F111/><W119/><G119/><T37/><D37/><U81/><E64/><V85/><F86/><W34/><G73/><T105/><D134/><U5/><E117/><V69/><F69/><W133/><G103/><T63/><D14/><U26/><E26/><V12/><F66/><W61/><G133/><T70/><D30/><U129/><E5/><V100/><F100/><W18/><G89/><T23/><D32/><U93/><E93/><V31/><F31/><W91/><G91/><T21/><D21/><U9/><E9/><V33/><F33/><W28/><G38/><T10/><D23/><U45/><E45/><V76/><F77/><W72/><G18/><T24/><D24/><U55/><E55/><V127/><F127/><W44/><G44/><T67/><REACH who="0" step="1"/><D52/><REACH who="0" ten="240,250,250,250" step="2"/><U124/><E124/><V94/><REACH who="2" step="1"/><F94/><AGARI ba="0,1" hai="10,15,19,63,67,70,94,96,97,98,102,105,106,107" machi="94" ten="40,7700,0" yaku="1,1,2,1,52,1,53,0" doraHai="13" doraHaiUra="108" who="0" fromWho="2" sc="240,87,250,0,250,-77,250,0" /><INIT seed="0,1,0,0,5,76" ten="327,250,173,250" oya="0" hai0="46,88,105,62,50,4,47,42,106,5,8,87,54" hai1="36,3,90,118,77,53,124,117,43,119,12,41,2" hai2="27,122,24,34,55,64,13,58,101,81,72,110,52" hai3="38,9,126,94,75,98,79,26,56,97,45,65,91"/><T68/><D68/><U17/><E124/><V99/><F110/><W103/><G126/><T57/><D47/><U89/><E77/><V130/><F130/><W40/><G26/><T128/><D128/><U59/><E36/><V93/><F122/><W32/><G32/><T95/><REACH who="0" step="1"/><D4/><REACH who="0" ten="317,250,173,250" step="2"/><U51/><E118/><V66/><F34/><W10/><G45/><T48/><D48/><U31/><E119/><V80/><F72/><W11/><G75/><T25/><D25/><U112/><E51/><V111/><F24/><W37/><G38/><T63/><D63/><U35/><E117/><V83/><F27/><W108/><G37/><T1/><AGARI ba="1,1" hai="1,5,8,42,46,50,54,57,62,87,88,95,105,106" machi="1" ten="20,7800,0" yaku="1,1,0,1,7,1,54,1,53,0" doraHai="76" doraHaiUra="60" who="0" fromWho="0" sc="317,91,250,-27,173,-27,250,-27" /><INIT seed="0,2,0,3,4,27" ten="408,223,146,223" oya="0" hai0="22,112,45,46,48,31,121,25,130,7,117,54,79" hai1="81,23,9,38,115,28,37,84,113,12,60,78,70" hai2="42,126,3,26,65,39,8,89,132,56,101,71,67" hai3="93,90,104,52,105,5,73,83,134,41,86,2,66"/><T99/><D121/><U59/><E70/><V127/><F101/><W135/><G66/><T125/><D117/><U24/><E115/><V110/><F3/><W49/><G41/><T34/><D112/><U64/><REACH who="1" step="1"/><E113/><REACH who="1" ten="408,213,146,223" step="2"/><V51/><F71/><W63/><G105/><T15/><D130/><U119/><E119/><V94/><F110/><W82/><G104/><T68/><D68/><U1/><E1/><V85/><F126/><W32/><G2/><T77/><D125/><U50/><E50/><V76/><F127/><W118/><G118/><T95/><D46/><U100/><E100/><V87/><F39/><W33/><G63/><T36/><D36/><U91/><E91/><V116/><F116/><W102/><G102/><T69/><D69/><U74/><E74/><V106/><F51/><W128/><G73/><T21/><D48/><U58/><E58/><V16/><F56/><W88/><G90/><T96/><D45/><U80/><E80/><N who="3" m="30762" /><G128/><T30/><D95/><U98/><E98/><V19/><F106/><W14/><G134/><T40/><D99/><U4/><AGARI ba="2,1" hai="4,9,12,23,24,28,37,38,59,60,64,78,81,84" machi="4" ten="20,5200,0" yaku="1,1,0,1,7,1,52,1,53,0" doraHai="27" doraHaiUra="123" who="1" fromWho="1" sc="408,-28,213,68,146,-15,223,-15" /><INIT seed="1,0,0,3,2,45" ten="380,281,131,208" oya="1" hai0="134,40,121,127,0,70,68,101,1,43,28,10,77" hai1="133,9,29,96,123,95,80,36,78,26,38,73,84" hai2="132,58,69,72,14,118,82,103,91,109,89,74,66" hai3="13,56,57,65,111,20,59,102,41,34,106,119,112"/><U48/><E123/><V63/><F118/><W17/><G111/><T83/><D121/><U61/><E133/><V35/><F35/><W27/><G112/><T107/><D134/><U75/><E61/><V93/><F132/><W92/><G119/><T124/><D28/><U53/><E9/><V113/><F103/><W71/><G41/><T117/><D117/><U100/><E73/><V130/><F130/><W46/><G46/><T22/><D22/><U85/><E85/><V3/><F3/><W52/><G106/><T128/><D128/><U60/><E60/><V39/><F39/><W81/><G81/><T37/><D101/><U105/><E75/><V12/><F109/><W49/><G65/><T50/><D107/><U8/><E8/><V42/><F42/><W116/><G71/><T104/><D104/><U16/><E105/><V126/><F126/><N who="0" m="48170" /><D43/><U51/><E51/><V115/><F69/><W18/><G116/><T99/><D99/><U135/><E135/><V86/><F74/><W98/><G34/><T125/><D37/><U94/><E95/><V108/><F108/><W64/><G64/><T90/><D125/><U5/><E5/><V87/><REACH who="2" step="1"/><F72/><REACH who="2" ten="380,281,121,208" step="2"/><W21/><AGARI ba="0,1" hai="13,17,18,20,21,27,49,52,56,57,59,92,98,102" machi="21" ten="20,8000,1" yaku="0,1,7,1,8,1,52,1,54,1" doraHai="45" who="3" fromWho="3" sc="380,-20,281,-40,121,-20,208,90" /><INIT seed="2,0,0,5,0,96" ten="360,241,101,298" oya="2" hai0="23,119,90,46,127,36,117,133,84,89,41,85,16" hai1="75,7,3,128,28,29,26,129,62,87,73,56,70" hai2="125,31,45,67,65,39,110,112,32,47,126,8,102" hai3="9,103,68,5,92,49,108,94,80,97,71,66,14"/><V114/><F31/><W38/><G108/><T116/><D133/><U18/><E70/><V1/><F32/><W134/><G134/><T93/><D127/><U122/><E122/><V118/><F8/><W58/><G38/><T100/><D100/><U83/><E7/><V86/><F86/><W27/><G66/><T22/><REACH who="0" step="1"/><D16/><REACH who="0" ten="350,241,101,298" step="2"/><U64/><E18/><V35/><F110/><W69/><G27/><T44/><D44/><U81/><E26/><V74/><F102/><W61/><G49/><T77/><D77/><U60/><E29/><V76/><F76/><W99/><G80/><AGARI ba="0,1" hai="22,23,36,41,46,80,84,85,89,90,93,116,117,119" machi="80" ten="40,8000,1" yaku="1,1,12,1,53,3" doraHai="96" doraHaiUra="115" who="0" fromWho="3" sc="350,90,241,0,101,0,298,-80" /><INIT seed="3,0,0,4,1,54" ten="440,241,101,218" oya="3" hai0="70,83,56,43,98,84,121,42,10,122,109,102,114" hai1="2,57,116,46,48,80,61,90,132,59,6,103,112" hai2="125,71,36,75,16,82,25,0,30,129,110,58,91" hai3="113,104,24,78,50,79,96,88,128,119,115,124,7"/><W95/><G119/><T9/><D70/><U133/><E112/><V38/><F71/><W117/><G117/><T35/><D109/><U39/><E39/><V73/><F0/><W130/><G7/><T76/><D35/><U127/><E116/><V131/><F110/><W97/><G124/><T108/><D108/><U87/><E103/><V4/><F4/><W106/><G96/><T62/><D114/><N who="3" m="43529" /><G24/><T94/><D121/><U118/><E118/><V53/><F30/><W31/><G31/><T81/><D81/><U45/><E127/><V40/><F40/><N who="0" m="15402" /><D122/><U1/><E61/><V3/><F3/><N who="1" m="1033" /><E6/><V33/><F33/><W93/><G95/><T123/><D123/><U18/><E18/><V101/><F101/><W51/><G50/><T69/><D69/><U107/><E107/><N who="3" m="41002" /><G51/><T89/><D102/><U64/><E48/><N who="2" m="31015" /><F125/><W74/><G74/><T47/><D47/><N who="1" m="17931" /><E64/><AGARI ba="0,0" hai="9,10,56,62,64,76,83,84,89,94,98" m="15402" machi="64" ten="30,2000,0" yaku="8,1,52,1" doraHai="54" who="0" fromWho="1" sc="440,20,241,-20,101,0,218,0" /><INIT seed="4,0,0,0,2,5" ten="460,221,101,218" oya="0" hai0="14,88,0,63,90,1,92,78,99,86,79,76,7" hai1="112,108,24,115,94,56,35,124,12,8,84,123,61" hai2="93,43,110,95,4,17,31,44,2,40,134,52,121" hai3="131,66,130,107,85,129,118,122,33,45,96,50,109"/><T65/><D14/><U9/><E108/><V80/><F110/><W72/><G109/><T82/><REACH who="0" step="1"/><D7/><REACH who="0" ten="450,221,101,218" step="2"/><U25/><E12/><V111/><F111/><W6/><G6/><T47/><D47/><U51/><E25/><V101/><F4/><W62/><G45/><T36/><D36/><U74/><E24/><V3/><F44/><W57/><G131/><T39/><D39/><U18/><E123/><V59/><F121/><W58/><G122/><T60/><D60/><U97/><E61/><V100/><F134/><W13/><G62/><T55/><D55/><U22/><E51/><V29/><F59/><AGARI ba="0,1" hai="0,1,59,63,65,76,78,79,82,86,88,90,92,99" machi="59" ten="40,12000,1" yaku="1,1,54,1,53,3" doraHai="5" doraHaiUra="75" who="0" fromWho="2" sc="450,130,221,0,101,-120,218,0" owari="580,68.0,221,2.1,-19,-51.9,218,-18.2" /></mjloggm>