<mjloggm ver="2.3"><GO type="169" lobby="0"/><UN n0="%E3%83%A9%E3%82%B9%E3%82%8B%E3%81%8B%E3%81%AA" n1="%E4%BF%BA%E3%81%A7%E3%81%99" n2="%E3%81%93%E3%82%8C%E3%81%8C%E3%81%B5%E3%81%95%E3%81%B5%E3%81%95" n3="%E3%81%AA%E3%81%BE%E3%81%8B%E3%82%84%E3%81%95%E3%81%AA%E3%81%9F" dan="17,16,16,16" rate="2206.21,2086.93,2153.19,2178.38" sx="M,M,M,M"/><TAIKYOKU oya="0"/><INIT seed="0,0,0,4,0,18" ten="250,250,250,250" oya="0" hai0="3,93,20,122,132,73,82,48,24,108,87,101,40" hai1="6,107,91,10,30,1,100,0,64,118,128,47,135" hai2="2,22,39,111,103,105,99,17,65,54,134,124,67" hai3="90,114,109,27,21,83,53,112,110,25,32,41,59"/><T37/><D122/><U98/><E118/><V8/><F111/><N who="3" m="42507" /><G41/><T28/><D3/><U5/><E135/><V95/><F134/><W19/><G83/><T113/><D108/><U126/><E128/><V13/><F124/><W26/><G90/><T125/><D132/><U14/><E126/><V69/><F39/><W12/><G53/><T63/><D37/><U72/><E30/><V79/><F79/><W81/><G81/><T77/><D125/><U7/><E72/><V133/><F133/><W46/><G59/><T80/><D113/><N who="3" m="43625" /><G46/><T75/><D63/><U74/><E74/><V45/><F69/><W52/><G52/><T129/><D129/><U49/><E64/><V115/><F115/><W92/><G92/><T131/><D131/><U16/><REACH who="1" step="1"/><E91/><REACH who="1" ten="250,240,250,250" step="2"/><V78/><F67/><W106/><G106/><T11/><D75/><U89/><E89/><V102/><F65/><W68/><G68/><T58/><D73/><U51/><E51/><V94/><F105/><W29/><AGARI ba="0,1" hai="12,19,21,25,26,27,29,32" m="43625,42507" machi="29" ten="40,8000,1" yaku="14,1,34,2,52,1" doraHai="18" who="3" fromWho="3" sc="250,-40,240,-20,250,-20,250,90" /><INIT seed="1,0,0,4,4,98" ten="210,220,230,340" oya="1" hai0="89,13,1,134,73,75,29,17,50,127,48,94,120" hai1="92,81,87,71,36,47,100,113,109,114,108,64,42" hai2="12,68,72,37,70,45,79,20,2,117,14,88,31" hai3="96,28,132,82,62,38,67,39,126,15,35,84,86"/><U16/><E71/><V32/><F2/><W119/><G132/><T102/><D1/><U118/><E64/><V130/><F117/><W101/><G126/><T6/><D134/><U44/><E118/><V30/><F32/><W105/><G119/><T76/><D6/><U11/><E47/><V41/><F130/><W55/><G55/><T58/><D127/><U63/><E63/><V18/><F12/><W95/><G15/><T27/><D120/><U115/><E11/><V33/><F79/><W4/><G4/><T3/><D3/><U69/><E69/><V46/><F72/><W125/><G125/><T21/><D102/><U110/><E16/><V10/><F33/><W74/><G74/><T51/><D76/><U57/><E57/><V19/><F46/><W59/><G105/><T40/><D40/><U54/><E54/><V66/><F66/><W56/><G56/><T78/><D78/><N who="1" m="46519" /><E115/><V43/><F43/><W7/><G7/><T34/><REACH who="0" step="1"/><D58/><REACH who="0" ten="200,220,230,340" step="2"/><U91/><E100/><V5/><F68/><W133/><G133/><T104/><D104/><U128/><E128/><V60/><F70/><W131/><G131/><T49/><N who="0" m="12288" /><DORA hai="8" /><T112/><D112/><U0/><E0/><V22/><F5/><W26/><G39/><T103/><D103/><U52/><E114/><V123/><F37/><W106/><G38/><T90/><D90/><U124/><E113/><V107/><F88/><N who="3" m="51223" /><G106/><T116/><D116/><U129/><E129/><V80/><F107/><W61/><G61/><T135/><D135/><U65/><E124/><V24/><F60/><W77/><G77/><RYUUKYOKU ba="0,1" sc="200,15,220,-15,230,-15,340,15" hai0="13,17,21,27,29,34,73,75,89,94" hai3="26,28,35,59,62,67,86,95,96,101" /><INIT seed="2,1,1,2,5,66" ten="215,205,215,355" oya="2" hai0="24,120,97,127,30,76,126,12,34,91,79,93,67" hai1="2,99,15,115,116,57,9,98,133,119,44,132,49" hai2="38,65,103,8,53,95,58,88,45,59,109,110,25" hai3="100,23,75,28,111,113,106,11,86,17,19,43,124"/><V22/><F103/><W131/><G75/><T4/><D120/><U3/><E115/><V61/><F8/><W78/><G106/><T56/><D4/><U31/><E31/><V134/><F134/><N who="1" m="51817" /><E57/><V36/><F45/><W52/><G100/><T125/><REACH who="0" step="1"/><D12/><REACH who="0" ten="205,205,215,355" step="2"/><U62/><E15/><V48/><F110/><W60/><G111/><T89/><D89/><U77/><E3/><V1/><F1/><W14/><G14/><T37/><D37/><U101/><E2/><V81/><F109/><W107/><G113/><T7/><D7/><U123/><E123/><V18/><REACH who="2" step="1"/><F81/><REACH who="2" ten="205,205,205,355" step="2"/><W41/><G11/><T16/><D16/><U90/><E9/><V130/><F130/><W26/><G131/><T20/><D20/><U80/><E80/><V83/><F83/><W71/><G17/><T51/><D51/><U0/><E49/><V21/><F21/><W128/><G128/><T87/><D87/><AGARI ba="1,3" hai="18,22,25,36,38,48,53,58,59,61,65,87,88,95" machi="87" ten="30,5800,0" yaku="1,1,7,1,54,1,53,0" doraHai="66" doraHaiUra="35" who="2" fromWho="0" sc="205,-61,205,0,205,91,355,0" /><INIT seed="2,2,0,5,1,46" ten="144,205,296,355" oya="2" hai0="114,50,13,7,95,71,126,100,82,21,54,130,24" hai1="29,59,9,4,20,3,67,44,17,83,43,91,10" hai2="30,85,27,22,129,34,61,102,70,94,45,89,1" hai3="23,68,18,120,14,51,104,11,96,110,5,63,60"/><V38/><F129/><W128/><G128/><T69/><D114/><U58/><E29/><V108/><F1/><W33/><G120/><T103/><D130/><U73/><E10/><V115/><F115/><W56/><G33/><T119/><D126/><U133/><E133/><V32/><F102/><W66/><G110/><T40/><D119/><U16/><E67/><V134/><F134/><W2/><G104/><T123/><D123/><U65/><E65/><V77/><F70/><W87/><G96/><T19/><D40/><U75/><E17/><V41/><F61/><W101/><G101/><T15/><D100/><U99/><E75/><V92/><F92/><W78/><G78/><T42/><D42/><U127/><E127/><V88/><F89/><W113/><G87/><T80/><D71/><U72/><E72/><V86/><REACH who="2" step="1"/><F108/><REACH who="2" ten="144,205,286,355" step="2"/><W122/><G113/><T47/><D69/><U57/><E91/><V12/><F12/><N who="0" m="4682" /><D7/><U64/><E4/><V116/><F116/><W8/><G122/><T105/><D105/><U62/><E3/><V135/><F135/><W0/><G0/><T121/><D121/><U35/><E73/><V131/><F131/><W74/><G74/><T125/><D125/><U109/><E109/><V6/><F6/><W98/><G2/><T49/><D103/><U84/><E83/><AGARI ba="2,1" hai="22,27,30,32,34,38,41,45,77,83,85,86,88,94" machi="83" ten="40,12000,1" yaku="1,1,54,1,53,2" doraHai="46" doraHaiUra="81" who="2" fromWho="1" sc="144,0,205,-126,286,136,355,0" /><INIT seed="2,3,0,5,2,12" ten="144,79,422,355" oya="2" hai0="18,92,55,133,6,99,8,46,113,123,62,69,52" hai1="14,1,102,21,86,35,128,61,22,85,67,73,93" hai2="109,30,119,42,74,32,110,64,111,44,13,37,60" hai3="122,118,132,117,36,112,15,17,0,26,106,33,91"/><V54/><F119/><W16/><G106/><T66/><D123/><U116/><E116/><N who="3" m="44650" /><G36/><T107/><D107/><U94/><E73/><V108/><N who="2" m="27648" /><DORA hai="23" /><V105/><F74/><W124/><G91/><T82/><D113/><U129/><E1/><V11/><F105/><W5/><G122/><T104/><D104/><U59/><E35/><V41/><F30/><N who="3" m="19671" /><G124/><T19/><D82/><U87/><E102/><V50/><F32/><W7/><G132/><T51/><D55/><U88/><E94/><V89/><F89/><W9/><G112/><T135/><D135/><U2/><E2/><V43/><F13/><W83/><G83/><T27/><D27/><U34/><E34/><V24/><F24/><W97/><G97/><T103/><D133/><U3/><E3/><AGARI ba="3,0" hai="3,6,8,18,19,46,51,52,62,66,69,92,99,103" machi="3" ten="30,7700,0" yaku="7,1,52,2,54,1" doraHai="12,23" who="0" fromWho="1" sc="144,86,79,-86,422,0,355,0" owari="230,-17.0,-7,-50.7,422,52.2,355,15.5" /></mjloggm>