<mjloggm ver="2.3"><GO type="169" lobby="0"/><UN n0="%E3%81%9F%E3%81%8B%E3%81%AF%E3%81%97%E3%81%83%E3%81%83%E3%81%83" n1="%E5%8F%A4%E6%96%AF%E5%A1%94%E5%A4%AB%E4%BA%8C%E4%B8%96" n2="%E3%81%95%E3%81%8B%E3%81%8D" n3="%32%30%30%E6%88%A6%E5%8D%87%E7%89%B9" dan="16,16,17,17" rate="2096.35,2063.58,2207.04,2192.83" sx="M,M,M,M"/><TAIKYOKU oya="0"/><INIT seed="0,0,0,2,2,131" ten="250,250,250,250" oya="0" hai0="51,133,38,29,10,65,111,86,127,0,56,62,14" hai1="47,109,79,23,71,100,101,43,36,118,4,135,9" hai2="112,63,67,60,42,20,61,6,83,105,49,66,8" hai3="91,108,37,92,110,21,34,54,22,50,85,104,115"/><T53/><D127/><U98/><E118/><V45/><F112/><W75/><G37/><T52/><D38/><U77/><E109/><N who="3" m="42090" /><G115/><T17/><D111/><U116/><E116/><V82/><F105/><W90/><G75/><T57/><D133/><U12/><E71/><V35/><F35/><W48/><G104/><T125/><D125/><U74/><E135/><V5/><F20/><N who="3" m="7787" /><G34/><T84/><D0/><U102/><E98/><V31/><F31/><W80/><G54/><T33/><D29/><U132/><E132/><V15/><REACH who="2" step="1"/><F5/><REACH who="2" ten="250,250,240,250" step="2"/><W72/><G72/><T103/><D33/><U121/><E74/><V16/><F16/><W26/><G26/><T44/><REACH who="0" step="1"/><D103/><REACH who="0" ten="240,250,240,250" step="2"/><U27/><REACH who="1" step="1"/><E121/><REACH who="1" ten="240,240,240,250" step="2"/><V76/><F76/><W13/><G91/><T134/><D134/><U28/><AGARI ba="0,3" hai="4,9,12,23,27,28,36,43,47,77,79,100,101,102" machi="28" ten="30,4000,0" yaku="1,1,2,1,0,1,53,0" doraHai="131" doraHaiUra="87" who="1" fromWho="1" sc="240,-20,240,70,240,-10,250,-10" /><INIT seed="1,0,0,4,2,58" ten="220,310,230,240" oya="1" hai0="90,133,85,10,92,117,14,103,104,128,30,34,95" hai1="49,74,119,84,48,125,64,80,99,31,86,44,111" hai2="66,79,89,96,105,47,46,56,11,2,122,5,130" hai3="88,120,25,124,53,17,38,68,32,127,77,52,126"/><U3/><E119/><V22/><F122/><W98/><G120/><T70/><D117/><U40/><E3/><V36/><F130/><W13/><G68/><T123/><D123/><U71/><E125/><V118/><F118/><W101/><G38/><T75/><D128/><U91/><E111/><V60/><F79/><W29/><G77/><T23/><D34/><U93/><E74/><V112/><F112/><W87/><G98/><T57/><D75/><U9/><E31/><V110/><F110/><W114/><G101/><T65/><D70/><U115/><E115/><V83/><F36/><W37/><G37/><T59/><D104/><U61/><E9/><V69/><F22/><N who="3" m="11567" /><G114/><T15/><D133/><U63/><E49/><V0/><F0/><W1/><G1/><T129/><D129/><U18/><E18/><V39/><F39/><W67/><G67/><T4/><D14/><U43/><E43/><V7/><F7/><W116/><G116/><T107/><D107/><U72/><E72/><V62/><F105/><W26/><G26/><N who="0" m="16735" /><D65/><U50/><E64/><V94/><REACH who="2" step="1"/><F83/><AGARI ba="0,0" hai="25,29,32,52,53,83,87,88,124,126,127" m="11567" machi="83" ten="30,3900,0" yaku="18,1,54,2" doraHai="58" who="3" fromWho="2" sc="220,0,310,0,230,-39,240,39" /><INIT seed="2,0,0,5,1,127" ten="220,310,191,279" oya="2" hai0="63,89,82,105,81,54,76,103,121,28,126,77,104" hai1="22,80,56,72,25,132,44,19,109,26,86,59,10" hai2="117,45,101,107,0,32,114,43,115,18,8,96,34" hai3="134,133,42,67,91,85,99,57,88,65,24,27,66"/><V100/><F117/><W5/><G42/><T41/><D121/><U112/><E109/><V90/><F90/><W1/><G99/><T6/><D126/><U128/><E112/><V33/><F100/><W16/><G57/><T14/><D28/><U92/><E132/><N who="3" m="50794" /><G1/><T15/><D41/><U95/><E72/><V119/><F119/><W30/><G5/><T124/><D124/><U2/><E44/><V110/><F110/><W130/><G130/><T125/><D125/><U64/><E25/><V106/><F106/><W129/><G129/><T58/><D89/><N who="3" m="34377" /><G85/><T116/><D116/><U79/><E59/><V123/><F123/><W53/><G53/><T46/><D46/><U60/><E2/><V68/><F68/><W108/><G108/><T87/><D6/><U49/><E128/><V97/><F96/><W9/><G30/><T84/><D103/><U20/><E49/><V17/><F17/><W93/><G93/><T113/><D113/><U51/><E51/><V23/><F45/><W62/><G62/><T39/><D39/><U55/><E55/><V38/><F43/><W48/><G48/><T4/><D4/><U120/><E120/><V135/><F38/><W73/><G73/><T37/><D37/><U47/><E47/><V52/><F52/><W21/><G9/><T29/><D29/><N who="1" m="17607" /><E10/><V36/><F36/><W7/><G7/><T50/><D50/><U70/><E70/><V71/><F71/><W35/><G27/><T94/><D94/><U131/><E131/><V118/><F135/><W12/><G24/><T78/><D78/><U122/><E122/><RYUUKYOKU ba="0,0" sc="220,10,310,10,191,-30,279,10" hai0="14,15,54,58,63,76,77,81,82,84,87,104,105" hai1="19,22,56,60,64,79,80,86,92,95" hai3="12,16,21,35,65,66,67" /><INIT seed="3,1,0,5,3,4" ten="230,320,161,289" oya="3" hai0="43,68,79,8,53,30,109,130,89,2,103,126,29" hai1="39,51,118,13,108,44,94,73,69,105,17,54,113" hai2="90,131,98,63,99,38,21,48,128,76,60,96,20" hai3="67,5,0,61,41,92,78,110,97,129,93,23,24"/><W42/><G129/><N who="2" m="49737" /><F38/><W120/><G120/><T85/><D130/><U10/><E113/><V124/><F76/><W106/><G106/><T66/><D109/><U26/><E105/><V71/><F71/><W86/><G110/><T49/><D126/><U64/><E108/><V72/><F72/><W15/><G0/><T16/><D79/><U65/><E118/><V134/><F90/><W62/><G62/><N who="2" m="23593" /><F48/><W28/><G5/><T19/><D66/><U100/><E73/><V119/><F119/><W36/><G15/><N who="0" m="7271" /><D2/><U112/><E39/><V88/><F88/><N who="3" m="53271" /><G36/><T57/><D68/><U101/><E69/><V27/><F27/><W40/><G78/><T18/><D103/><N who="1" m="39499" /><E112/><V7/><F7/><W107/><G107/><T45/><D43/><U127/><E127/><V34/><F34/><W115/><G115/><T46/><D46/><U87/><E26/><V132/><F124/><W6/><G6/><T91/><D91/><AGARI ba="1,0" hai="10,13,17,44,51,54,64,65,87,91,94" m="39499" machi="91" ten="30,2000,0" yaku="8,1,52,1" doraHai="4" who="1" fromWho="0" sc="230,-23,320,23,161,0,289,0" /><INIT seed="4,0,0,1,4,89" ten="207,343,161,289" oya="0" hai0="39,28,80,36,122,133,12,114,60,21,79,55,47" hai1="117,91,35,38,17,78,61,90,111,10,77,0,34" hai2="127,100,51,120,115,27,74,128,9,57,62,81,123" hai3="3,48,116,103,66,49,42,93,112,121,118,126,29"/><T98/><D122/><U33/><E111/><V134/><F115/><W99/><G112/><T64/><D114/><U65/><E117/><V11/><F128/><W72/><G121/><T44/><D133/><U73/><E38/><V59/><F134/><W58/><G3/><T110/><D110/><U50/><E50/><V6/><F127/><W95/><G72/><T14/><D14/><U19/><E0/><V68/><F68/><W132/><G132/><T23/><D23/><U37/><E37/><V67/><F27/><W125/><G29/><T7/><D28/><U26/><E73/><V45/><F57/><W119/><G95/><T75/><D44/><U18/><E10/><V70/><F70/><W88/><G103/><T13/><D13/><U107/><E26/><V43/><F100/><W5/><G5/><T92/><D55/><U83/><E83/><V101/><F101/><W82/><G82/><T46/><D39/><U69/><E107/><V109/><F11/><W104/><G104/><T96/><D36/><U94/><REACH who="1" step="1"/><E90/><REACH who="1" ten="207,333,161,289" step="2"/><V84/><F74/><W40/><G49/><T52/><D80/><U63/><E63/><V87/><F109/><W31/><G48/><N who="0" m="28695" /><D60/><U30/><E30/><V41/><F41/><W25/><G31/><T1/><D1/><U85/><AGARI ba="0,1" hai="17,18,19,33,34,35,61,65,69,77,78,85,91,94" machi="85" ten="40,5200,0" yaku="1,1,0,1,52,1,53,0" doraHai="89" doraHaiUra="106" who="1" fromWho="1" sc="207,-26,333,62,161,-13,289,-13" /><INIT seed="5,0,0,4,2,30" ten="181,395,148,276" oya="1" hai0="82,68,26,12,121,21,31,78,122,104,116,81,94" hai1="16,112,13,44,102,9,80,130,1,6,103,28,118" hai2="79,108,42,66,64,128,47,86,115,101,91,90,131" hai3="50,40,4,51,18,124,71,119,84,125,92,87,111"/><U43/><E118/><V89/><F108/><W41/><G71/><T109/><D109/><U59/><E130/><N who="2" m="49707" /><F101/><W97/><G111/><T33/><D104/><U135/><E135/><V49/><F115/><W69/><G69/><T62/><D116/><U76/><E112/><V8/><F8/><W46/><G119/><T10/><D94/><U73/><E59/><V36/><F36/><W85/><G4/><T83/><D62/><U106/><E28/><V38/><F38/><W65/><G65/><N who="2" m="25193" /><F79/><W105/><G105/><T29/><D68/><U107/><E107/><V70/><F70/><W24/><G125/><T129/><D129/><U123/><E123/><N who="0" m="47113" /><D29/><U45/><E45/><V74/><F74/><W17/><G124/><T134/><D134/><U55/><E55/><V114/><F114/><W20/><G50/><T57/><D57/><U95/><E95/><AGARI ba="0,0" hai="42,47,49,86,89,90,91,95" m="25193,49707" machi="95" ten="30,1000,0" yaku="19,1" doraHai="30" who="2" fromWho="1" sc="181,0,395,-10,148,10,276,0" /><INIT seed="6,0,0,5,0,83" ten="181,385,158,276" oya="2" hai0="37,128,15,99,117,18,26,13,121,2,59,57,30" hai1="56,44,119,92,9,38,115,64,105,68,78,39,113" hai2="32,109,107,33,94,29,69,50,34,130,71,135,27" hai3="93,36,51,133,11,72,10,111,101,102,84,125,25"/><V60/><F130/><W24/><G111/><T103/><D121/><U67/><E105/><V134/><F109/><W28/><G36/><T4/><D128/><U112/><E119/><V120/><F120/><W55/><G72/><T23/><D37/><U7/><E78/><V88/><F107/><W87/><G125/><T1/><D117/><U118/><E118/><V108/><F108/><W73/><G73/><T70/><D70/><U91/><E68/><V52/><F69/><W43/><G43/><T129/><D13/><U77/><E77/><V35/><F60/><W31/><G133/><N who="2" m="50697" /><F71/><W21/><G10/><N who="0" m="2319" /><D2/><U42/><E38/><V126/><F126/><W12/><G101/><T75/><D75/><U90/><E39/><V6/><F6/><W22/><G102/><T80/><D80/><U79/><E7/><V46/><F34/><W58/><G93/><N who="0" m="58863" /><D129/><U65/><E113/><V45/><F46/><W20/><G20/><T96/><D96/><AGARI ba="0,0" hai="27,29,32,33,35,45,50,52,88,94,96" m="50697" machi="96" ten="30,5800,0" yaku="20,1,54,2" doraHai="83" who="2" fromWho="0" sc="181,-58,385,0,158,58,276,0" /><INIT seed="6,1,0,1,3,69" ten="123,385,216,276" oya="2" hai0="73,101,113,82,45,130,56,128,83,75,37,86,14" hai1="50,52,13,105,48,125,107,65,20,46,90,32,4" hai2="26,55,123,36,18,21,119,132,43,63,1,41,6" hai3="97,30,22,35,71,93,112,81,44,122,39,124,126"/><V121/><F119/><W40/><G122/><T57/><D113/><U116/><E32/><V110/><F132/><W29/><G71/><T102/><D14/><U53/><E116/><V34/><F110/><W60/><G35/><T31/><D86/><U64/><E125/><N who="3" m="48234" /><G112/><T76/><D31/><U47/><E90/><V15/><F55/><W127/><G127/><T92/><D45/><U61/><E65/><V134/><F63/><W42/><G42/><T77/><REACH who="0" step="1"/><D92/><REACH who="0" ten="113,385,216,276" step="2"/><U103/><E13/><V95/><F95/><W25/><G30/><T66/><D66/><U54/><E64/><V84/><F84/><W27/><G27/><T9/><D9/><U33/><E105/><V10/><F134/><W80/><G60/><T120/><D120/><U78/><E61/><V5/><F123/><W98/><G97/><T118/><D118/><U12/><E107/><V16/><F121/><W94/><G93/><T8/><D8/><U72/><E46/><V108/><F10/><W115/><G115/><T87/><D87/><U131/><E47/><V23/><F15/><W85/><G85/><T49/><D49/><U106/><E48/><V24/><F108/><W67/><G67/><T88/><D88/><AGARI ba="1,1" hai="22,25,29,39,40,44,80,81,88,94,98" m="48234" machi="88" ten="30,3900,0" yaku="18,1,52,1,54,1" doraHai="69" who="3" fromWho="0" sc="113,-42,385,0,216,0,276,52" /><INIT seed="7,0,0,3,3,24" ten="71,385,216,328" oya="3" hai0="77,26,2,85,122,67,126,91,132,14,71,17,19" hai1="1,34,106,54,30,112,130,58,36,7,60,86,80" hai2="111,134,129,38,121,45,8,118,82,110,104,124,62" hai3="100,47,57,4,95,61,90,135,23,70,72,41,43"/><W97/><G72/><T22/><D122/><U83/><E130/><V117/><F8/><W40/><G135/><T99/><D132/><U16/><E106/><V108/><F82/><W119/><G119/><T105/><D126/><U55/><E36/><V79/><F79/><W6/><G70/><T115/><D2/><U94/><E112/><V127/><F104/><W133/><G133/><T75/><D115/><U39/><E39/><V78/><F78/><W42/><G23/><T50/><D71/><U89/><E1/><V64/><F134/><W31/><G31/><T33/><D67/><U93/><E7/><V48/><F129/><W3/><G3/><T107/><D75/><U103/><E103/><V125/><F121/><W28/><G28/><T5/><D5/><U74/><E74/><V18/><F18/><W56/><G100/><T59/><D77/><U113/><E113/><V116/><F38/><W44/><G44/><T114/><D114/><U15/><E30/><V35/><F35/><W51/><REACH who="3" step="1"/><G57/><REACH who="3" ten="71,385,216,318" step="2"/><T92/><D33/><U87/><E34/><V9/><F9/><W68/><G68/><T128/><D128/><U12/><E58/><N who="2" m="36951" /><F117/><W13/><G13/><T52/><REACH who="0" step="1"/><D99/><REACH who="0" ten="61,385,216,318" step="2"/><U49/><E12/><V10/><F118/><W32/><G32/><T131/><D131/><U81/><E15/><V65/><F116/><W25/><G25/><T102/><D102/><U46/><E86/><V84/><F84/><W20/><G20/><T69/><D69/><U109/><E87/><V73/><F73/><W11/><G11/><T76/><D76/><U0/><E0/><RYUUKYOKU ba="0,2" sc="61,15,385,-15,216,-15,318,15" hai0="14,17,19,22,26,50,52,59,85,91,92,105,107" hai3="4,6,40,41,42,43,47,51,56,61,90,95,97" /><INIT seed="7,1,2,5,2,61" ten="76,370,201,333" oya="3" hai0="10,75,90,84,57,12,101,53,83,87,33,115,14" hai1="96,94,118,1,0,36,19,74,107,132,39,49,80" hai2="34,133,21,122,47,125,65,27,56,73,109,116,123" hai3="29,92,79,112,24,40,89,7,135,41,110,91,62"/><W9/><G112/><T42/><D33/><U32/><E107/><V66/><F73/><W95/><G135/><T25/><D75/><U28/><E132/><V69/><F69/><W88/><G110/><T8/><D115/><U129/><E129/><V128/><F34/><W13/><G79/><T45/><D25/><U117/><E28/><V52/><F109/><W22/><G62/><T76/><D101/><U37/><E32/><V102/><F116/><N who="1" m="44649" /><E19/><N who="2" m="12735" /><F128/><W100/><G100/><T103/><D103/><N who="1" m="60823" /><E49/><N who="2" m="30735" /><F125/><W31/><G31/><T5/><D57/><U6/><E6/><V59/><F59/><W78/><G78/><AGARI ba="1,2" hai="0,1,36,37,39,74,78,80" m="60823,44649" machi="78" ten="40,1300,0" yaku="12,1" doraHai="61" who="1" fromWho="3" sc="76,0,370,36,201,0,333,-16" owari="76,-42.4,406,50.6,201,-19.9,317,11.7" /></mjloggm>