<mjloggm ver="2.3"><GO type="169" lobby="0"/><UN n0="%E3%81%BB%E3%82%80%E3%82%89" n1="%E3%83%8F%E3%82%AC%E3%82%BF%E3%82%AB%E3%81%AE%E3%81%88%E3%81%98%E3%81%8D" n2="%E3%81%8B%E3%81%9F%32%36%E3%82%8A" n3="%E5%A5%88%E8%89%AF%E3%82%B7%E3%82%AB%E3%83%9E%E3%83%AB%EF%BC%81" dan="16,17,16,16" rate="2067.35,2166.07,2092.57,2144.76" sx="F,M,M,M"/><TAIKYOKU oya="0"/><INIT seed="0,0,0,1,2,70" ten="250,250,250,250" oya="0" hai0="115,57,42,29,134,119,88,46,11,69,104,68,19" hai1="82,2,91,124,45,79,129,122,86,12,105,101,78" hai2="87,132,73,93,76,71,131,59,94,17,22,39,55" hai3="24,9,14,18,15,85,89,16,128,62,54,36,130"/><T21/><D119/><U13/><E122/><V103/><F71/><W51/><G62/><T81/><D115/><U121/><E121/><V6/><F6/><W116/><G24/><T125/><D104/><U114/><E114/><V97/><F73/><W20/><G116/><T66/><D125/><U40/><E2/><V90/><F131/><W96/><G96/><T43/><D134/><U25/><E129/><V118/><F132/><W56/><REACH who="3" step="1"/><G36/><REACH who="3" ten="250,250,250,240" step="2"/><T84/><D68/><U113/><E25/><N who="2" m="14543" /><F39/><W27/><G27/><T47/><D69/><U106/><E124/><V31/><F118/><W92/><AGARI ba="0,1" hai="9,14,15,16,18,20,51,54,56,85,89,92,128,130" machi="92" ten="30,8000,1" yaku="1,1,0,1,25,2,54,1,53,0" doraHai="70" doraHaiUra="30" who="3" fromWho="3" sc="250,-40,250,-20,250,-20,240,90" /><INIT seed="1,0,0,1,1,120" ten="210,230,230,330" oya="1" hai0="103,122,135,114,102,77,129,76,73,84,79,63,106" hai1="111,57,64,51,82,97,68,104,67,65,100,11,58" hai2="34,75,56,116,98,66,91,69,41,70,74,78,14" hai3="9,89,7,10,126,30,36,72,27,87,16,49,113"/><U43/><E68/><V105/><F116/><W39/><G72/><T94/><D63/><U38/><E38/><V119/><F119/><W81/><G126/><T42/><D42/><U117/><E117/><V109/><F41/><W6/><G113/><T130/><D114/><U125/><E125/><V21/><F34/><W29/><G49/><T45/><D45/><U80/><E111/><V107/><F56/><W121/><G121/><T59/><D122/><U31/><E31/><N who="3" m="11786" /><G39/><T60/><D135/><U118/><E118/><V18/><F91/><W50/><G36/><T115/><D115/><U23/><E11/><N who="3" m="4106" /><G50/><T131/><D106/><U0/><E0/><V53/><F53/><W24/><G16/><T4/><D4/><AGARI ba="0,0" hai="4,6,7,24,27,81,87,89" m="4106,11786" machi="4" ten="30,1000,0" yaku="8,1" doraHai="120" who="3" fromWho="0" sc="210,-10,230,0,230,0,330,10" /><INIT seed="2,0,0,1,3,93" ten="200,230,230,340" oya="2" hai0="109,87,29,50,103,40,46,36,104,44,48,110,2" hai1="52,30,97,70,71,96,37,47,43,77,34,64,107" hai2="101,68,12,18,99,122,84,127,128,108,35,31,129" hai3="91,53,41,9,26,90,14,94,49,66,61,130,131"/><V3/><F68/><W112/><G41/><T105/><D2/><U4/><E107/><V73/><F73/><W38/><G38/><T51/><D29/><U86/><E4/><V79/><F122/><W116/><G116/><T25/><D25/><U19/><E30/><V106/><F3/><W32/><G26/><T16/><D16/><U55/><E34/><V120/><F108/><N who="0" m="41578" /><D87/><U89/><E77/><V75/><F127/><W85/><G91/><T88/><D88/><U133/><E133/><V69/><F120/><W72/><G72/><T21/><D21/><U62/><E71/><V76/><F69/><W135/><G135/><T81/><D81/><U111/><E111/><V82/><F76/><W8/><G32/><T24/><D24/><U118/><E19/><V121/><F121/><W7/><G9/><T33/><D33/><U119/><E119/><V17/><F31/><W113/><G66/><T56/><D56/><U27/><E27/><V0/><F0/><W92/><G61/><T98/><D105/><U117/><E117/><V124/><F124/><W28/><G94/><T115/><D115/><N who="3" m="44105" /><G28/><T134/><D134/><U132/><E132/><V67/><F67/><W5/><G7/><T123/><D123/><U80/><REACH who="1" step="1"/><E118/><REACH who="1" ten="200,220,230,340" step="2"/><V1/><F35/><W58/><AGARI ba="0,1" hai="5,8,14,49,53,58,85,90,92,130,131" m="44105" machi="58" ten="30,1100,0" yaku="11,1" doraHai="93" who="3" fromWho="3" sc="200,-3,220,-3,230,-5,340,21" /><INIT seed="3,0,0,4,2,85" ten="197,217,225,361" oya="3" hai0="76,123,131,84,23,117,101,74,103,44,75,50,54" hai1="135,91,67,77,83,45,129,122,17,116,82,100,110" hai2="94,128,19,87,105,118,71,72,59,7,65,60,58" hai3="37,20,10,33,16,127,61,88,108,119,98,81,32"/><W13/><G119/><T41/><D123/><U35/><E122/><V97/><F118/><W107/><G37/><T6/><D131/><U130/><E116/><V49/><F72/><W121/><G121/><T96/><D117/><U38/><E35/><V36/><F36/><W132/><G127/><T34/><D34/><U78/><E67/><V95/><F105/><W24/><G132/><T28/><D103/><U11/><E100/><V70/><F7/><W80/><G108/><T12/><D84/><N who="1" m="50583" /><E110/><V46/><F70/><W57/><G32/><T120/><D120/><U113/><E113/><V0/><F0/><W111/><G33/><T53/><D76/><U4/><E17/><V99/><F87/><N who="3" m="50279" /><G107/><T92/><D75/><U90/><E90/><N who="2" m="55511" /><F128/><N who="1" m="49257" /><E83/><V51/><F71/><W47/><G81/><T126/><D74/><U79/><E135/><V52/><F19/><N who="3" m="8631" /><G98/><T40/><D126/><U25/><E79/><V22/><F22/><W73/><G73/><T55/><D6/><U56/><E77/><V18/><F18/><W109/><G109/><T124/><D124/><U125/><E78/><V42/><F99/><W66/><G111/><T48/><D28/><U9/><E4/><V5/><F5/><W115/><G115/><T2/><D2/><U89/><E38/><V62/><F95/><W26/><G47/><N who="0" m="25711" /><D23/><U8/><E45/><V134/><F134/><W29/><G29/><T102/><D102/><U112/><E125/><V14/><F14/><AGARI ba="0,0" hai="14,16,20,24,26,57,61,66" m="8631,50279" machi="14" ten="30,11600,0" yaku="8,1,52,1,54,2" doraHai="85" who="3" fromWho="2" sc="197,0,217,0,225,-116,361,116" /><AGARI ba="0,0" hai="12,14,40,44,50,53,54,55,92,96,101" m="25711" machi="14" ten="30,1000,0" yaku="8,1" doraHai="85" who="0" fromWho="2" sc="197,10,217,0,109,-10,477,0" /><INIT seed="3,1,0,3,2,130" ten="207,217,99,477" oya="3" hai0="48,59,33,5,4,120,11,2,51,101,18,123,87" hai1="115,127,46,102,53,21,31,40,66,20,103,16,22" hai2="28,125,95,122,73,76,86,89,50,119,26,129,42" hai3="135,83,68,38,107,32,110,71,132,111,0,60,81"/><W19/><G107/><T104/><D33/><U45/><E115/><V34/><F125/><W131/><G131/><T24/><D5/><U7/><E127/><V57/><F129/><W79/><G83/><T128/><D128/><U43/><E7/><V75/><F119/><W72/><G0/><T74/><D74/><U93/><E66/><V61/><F122/><W133/><G38/><T29/><D87/><U92/><E31/><V91/><F76/><W63/><G32/><T118/><D118/><U41/><E53/><V90/><F73/><W17/><G63/><T99/><D18/><N who="3" m="6665" /><G60/><T13/><D2/><U47/><E16/><V100/><F75/><W3/><G3/><T30/><D30/><U98/><E98/><V55/><F100/><AGARI ba="1,0" hai="20,21,22,40,41,43,45,46,47,92,93,100,102,103" machi="100" ten="50,8000,1" yaku="29,2,28,2,8,1" doraHai="130" who="1" fromWho="2" sc="207,0,217,83,99,-83,477,0" /><INIT seed="4,0,0,5,5,107" ten="207,300,16,477" oya="0" hai0="90,20,16,40,125,105,39,89,21,95,70,99,82" hai1="78,93,2,71,83,132,69,135,11,104,79,9,49" hai2="113,61,121,133,109,76,56,74,33,53,24,116,58" hai3="114,111,29,94,122,41,88,55,14,97,60,48,42"/><T86/><D70/><N who="1" m="26635" /><E104/><V5/><F109/><W10/><G111/><T8/><D105/><U84/><E2/><V62/><F121/><W96/><G114/><T127/><D39/><U13/><E93/><V35/><F113/><W73/><G73/><T134/><D134/><N who="1" m="51243" /><E49/><V72/><F133/><W17/><G29/><T34/><D34/><U112/><E112/><V23/><F116/><W32/><G32/><T117/><D117/><U66/><E66/><V43/><F43/><W47/><G122/><T85/><D40/><N who="3" m="15465" /><G60/><T30/><D30/><U28/><E28/><V57/><F5/><W54/><G54/><T80/><D8/><N who="1" m="3147" /><E13/><V38/><F38/><W108/><G108/><T46/><D46/><U100/><E100/><V130/><F130/><W26/><G26/><T15/><REACH who="0" step="1"/><D21/><REACH who="0" ten="197,300,16,477" step="2"/><U67/><E67/><V12/><F12/><W92/><G47/><T44/><D44/><U118/><E118/><V18/><F58/><W75/><G10/><T7/><D7/><U59/><E59/><V1/><F1/><W98/><G17/><T3/><D3/><U126/><E126/><V128/><F128/><W4/><G4/><T129/><D129/><U119/><E119/><V115/><F115/><W106/><G106/><T110/><D110/><U63/><E63/><V51/><F62/><W52/><G48/><T77/><AGARI ba="0,1" hai="15,16,20,77,80,82,85,86,89,90,95,99,125,127" machi="77" ten="30,11700,0" yaku="1,1,0,1,54,1,53,1" doraHai="107" doraHaiUra="91" who="0" fromWho="0" sc="197,127,300,-39,16,-39,477,-39" owari="324,12.4,261,-13.9,-23,-52.3,438,53.8" /></mjloggm>