<mjloggm ver="2.3"><GO type="169" lobby="0"/><UN n0="%E3%82%8A%E3%82%87%E3%81%91%E3%81%99" n1="%E5%8D%88%E5%BE%8C%E3%82%B4%E3%83%AA%E3%83%A9" n2="%79%75%68%65%69" n3="%E5%A4%A2%E4%BB%98%E3%81%8D" dan="17,16,16,16" rate="2185.54,2171.68,2045.51,2104.48" sx="M,M,M,M"/><TAIKYOKU oya="0"/><INIT seed="0,0,0,5,1,44" ten="250,250,250,250" oya="0" hai0="131,19,107,59,62,90,109,3,46,23,81,118,20" hai1="95,18,49,36,69,39,40,66,14,47,50,13,99" hai2="130,0,41,115,51,128,77,57,110,87,85,97,92" hai3="56,135,88,70,126,121,100,73,103,55,7,12,119"/><T1/><D118/><U37/><E13/><V124/><F0/><W33/><G119/><T106/><D131/><U129/><E129/><V21/><F115/><W6/><G70/><T94/><D81/><U116/><E116/><V43/><F43/><W60/><G33/><T127/><D127/><U11/><E69/><V8/><F8/><W123/><G126/><T75/><D75/><U108/><E66/><V117/><F124/><W27/><G73/><T58/><D109/><U76/><E76/><V132/><F41/><W78/><G78/><T72/><D72/><U125/><E125/><V67/><F77/><W38/><G38/><T82/><D82/><U2/><E108/><V15/><F110/><W112/><G112/><T24/><D46/><U101/><REACH who="1" step="1"/><E49/><REACH who="1" ten="250,240,250,250" step="2"/><V34/><F15/><W134/><G12/><T17/><D3/><AGARI ba="0,1" hai="2,3,11,14,18,36,37,39,40,47,50,95,99,101" machi="3" ten="40,5200,0" yaku="1,1,2,1,52,1,53,0" doraHai="44" doraHaiUra="25" who="1" fromWho="0" sc="250,-52,240,62,250,0,250,0" /><INIT seed="1,0,0,2,5,119" ten="198,302,250,250" oya="1" hai0="135,57,61,44,8,60,23,123,21,94,126,84,71" hai1="38,132,15,85,118,11,28,62,72,98,107,134,88" hai2="29,45,115,6,36,95,17,77,76,67,24,54,105" hai3="75,122,25,43,37,39,47,120,73,51,0,109,48"/><U40/><E118/><V113/><F105/><W92/><G0/><T111/><D111/><U79/><E28/><V124/><F6/><W130/><G25/><T86/><D126/><U14/><E62/><V35/><F67/><W2/><G2/><T52/><D135/><N who="1" m="51755" /><E40/><V55/><F124/><W69/><G75/><T9/><D44/><U91/><E38/><N who="3" m="14346" /><G73/><T106/><D106/><U89/><E11/><V49/><F36/><N who="3" m="21991" /><G92/><T96/><D123/><N who="3" m="47145" /><G109/><T50/><D9/><U83/><E72/><V4/><F95/><W20/><G20/><T128/><D8/><U82/><E82/><V31/><F4/><W104/><G104/><T78/><D78/><U101/><AGARI ba="0,0" hai="14,15,79,83,85,88,89,91,98,101,107" m="51755" machi="101" ten="40,3900,0" yaku="20,1,54,1" doraHai="119" who="1" fromWho="1" sc="198,-13,302,39,250,-13,250,-13" /><INIT seed="1,1,0,3,0,49" ten="185,341,237,237" oya="1" hai0="20,26,119,113,42,102,76,48,27,77,133,1,65" hai1="108,4,135,58,14,134,107,79,18,80,123,64,10" hai2="6,47,87,95,90,109,43,54,97,29,46,0,38" hai3="15,53,122,13,120,52,32,118,126,19,114,34,7"/><U45/><E123/><V75/><F75/><W98/><G114/><T71/><D113/><U105/><E45/><V127/><F127/><W61/><G122/><T12/><D1/><U17/><E108/><V21/><F109/><W11/><G120/><T44/><D133/><N who="1" m="50699" /><E18/><V62/><F0/><W3/><G126/><T82/><D119/><U68/><E68/><V33/><F33/><W103/><G118/><T125/><D125/><U85/><E17/><V70/><F6/><W50/><G61/><AGARI ba="1,0" hai="4,10,14,58,61,64,79,80,85,105,107" m="50699" machi="61" ten="30,1500,0" yaku="20,1" doraHai="49" who="1" fromWho="3" sc="185,0,341,18,237,0,237,-18" /><INIT seed="1,2,0,3,2,50" ten="185,359,237,219" oya="1" hai0="25,42,135,34,116,14,100,131,126,26,79,16,87" hai1="85,7,103,122,66,15,70,31,44,55,3,0,90" hai2="99,13,108,76,88,28,8,111,67,105,51,21,69" hai3="93,35,77,38,118,68,104,27,12,62,2,91,125"/><U113/><E122/><V11/><F76/><W22/><G2/><T124/><D100/><U24/><E113/><V49/><F105/><W37/><G104/><T33/><D42/><U101/><E15/><V117/><F117/><W81/><G35/><N who="0" m="13323" /><D87/><U83/><E66/><V121/><F67/><W114/><G114/><T29/><D79/><U129/><E70/><V74/><F74/><W64/><G12/><T110/><D116/><U112/><E112/><V89/><F69/><W119/><G125/><N who="0" m="48235" /><D110/><U123/><E101/><V71/><F71/><W60/><G60/><T58/><D58/><U73/><E103/><V40/><F13/><W120/><G120/><T106/><D106/><U107/><E3/><V130/><F40/><W92/><G119/><T53/><D53/><U39/><E55/><V63/><F121/><W65/><G65/><T43/><D43/><U59/><E0/><V97/><F63/><W6/><G118/><T57/><D57/><U56/><E59/><V36/><F36/><W84/><G93/><T133/><D131/><U46/><E56/><V54/><F108/><W9/><G92/><T78/><D78/><U82/><E39/><V95/><F95/><W96/><G77/><T19/><D29/><U75/><E31/><V80/><F28/><N who="3" m="17527" /><G38/><T127/><N who="0" m="48243" /><T10/><DORA hai="134" /><D19/><U41/><E107/><V98/><F98/><W17/><G17/><T20/><D25/><U94/><E24/><V48/><F99/><W30/><G96/><T128/><D128/><U115/><E129/><V23/><F130/><W18/><G37/><T1/><D1/><RYUUKYOKU ba="2,0" sc="185,30,359,-10,237,-10,219,-10" hai0="10,14,16,20,26,133,135" /><INIT seed="2,3,0,0,3,93" ten="215,349,227,209" oya="2" hai0="42,64,40,81,107,22,130,17,91,15,27,77,19" hai1="72,75,24,56,85,47,114,1,7,30,133,37,55" hai2="125,34,16,44,116,67,68,9,18,62,108,129,63" hai3="127,122,115,132,33,86,119,101,105,2,21,126,61"/><V4/><F116/><W103/><G119/><T73/><D130/><U65/><E114/><V112/><F112/><W120/><G33/><T35/><D107/><U121/><E133/><V74/><F34/><W69/><G2/><T57/><D35/><U88/><E121/><V124/><F74/><W70/><G21/><T98/><D64/><U53/><E65/><V83/><F129/><W28/><G115/><T12/><D57/><U52/><E56/><V128/><F128/><W104/><G86/><T134/><D27/><U118/><E118/><V78/><F63/><W110/><G28/><T23/><D134/><U32/><E7/><V102/><F44/><W20/><G20/><T25/><D25/><U76/><E76/><V117/><F117/><W109/><REACH who="3" step="1"/><G61/><REACH who="3" ten="215,349,227,199" step="2"/><T96/><REACH who="0" step="1"/><D91/><REACH who="0" ten="205,349,227,199" step="2"/><U97/><E88/><V3/><F102/><W90/><G90/><T38/><D38/><U94/><E37/><V123/><F123/><W6/><G6/><T49/><D49/><U8/><E32/><V54/><F4/><W41/><G41/><AGARI ba="3,2" hai="12,15,17,19,22,23,40,41,42,73,77,81,96,98" machi="41" ten="40,8000,1" yaku="1,1,9,1,52,2,53,1" doraHai="93" doraHaiUra="106" who="0" fromWho="3" sc="205,109,349,0,227,0,199,-89" /><INIT seed="3,0,0,2,5,95" ten="314,349,227,110" oya="3" hai0="99,131,61,113,73,46,101,93,54,15,127,80,134" hai1="26,116,48,123,28,81,120,52,130,53,83,31,29" hai2="125,103,89,27,72,104,59,24,8,25,6,87,35" hai3="94,66,42,109,100,58,82,111,84,13,22,41,118"/><W45/><G118/><T10/><D131/><U64/><E26/><V110/><F72/><W40/><G45/><T19/><D134/><U33/><E33/><V65/><F110/><N who="3" m="41995" /><G66/><T124/><D113/><U18/><E64/><V5/><F125/><W62/><G22/><T128/><D128/><U112/><E130/><V97/><F35/><W60/><G13/><T38/><D73/><U30/><E30/><V1/><F6/><W51/><G51/><T16/><D80/><U37/><E37/><V12/><F1/><W133/><G133/><T70/><D70/><U44/><E112/><V121/><F121/><W85/><G58/><T50/><D61/><N who="3" m="23657" /><G82/><T9/><D38/><U17/><E31/><V71/><F71/><W49/><G49/><T34/><D34/><U132/><E48/><V119/><F119/><W86/><G94/><T92/><D93/><U108/><E108/><V4/><F65/><W115/><G100/><T96/><D96/><U106/><E44/><V91/><F59/><W90/><G90/><T76/><D76/><U135/><E116/><V78/><F5/><W63/><N who="3" m="23665" /><W74/><DORA hai="11" /><G74/><T20/><REACH who="0" step="1"/><D10/><REACH who="0" ten="304,349,227,110" step="2"/><U36/><E36/><V23/><F78/><W117/><G117/><T77/><D77/><U75/><E75/><V79/><F79/><W55/><G115/><T7/><D7/><U67/><E67/><V88/><REACH who="2" step="1"/><F23/><REACH who="2" ten="304,349,217,110" step="2"/><W21/><G21/><T102/><D102/><U57/><E135/><V39/><F39/><W129/><G129/><T3/><D3/><U2/><E132/><V0/><F0/><W107/><G107/><RYUUKYOKU ba="0,2" sc="304,10,349,-30,217,10,110,10" hai0="9,15,16,19,20,46,50,54,92,99,101,124,127" hai2="4,8,12,24,25,27,87,88,89,91,97,103,104" hai3="40,41,42,55,84,85,86" /><INIT seed="3,1,2,1,4,116" ten="314,319,227,120" oya="3" hai0="82,72,71,10,108,13,55,111,57,102,133,96,50" hai1="24,131,19,88,11,67,79,64,35,41,46,52,109" hai2="117,124,37,75,95,66,126,1,70,90,45,74,99" hai3="23,81,8,2,104,48,91,4,128,132,62,129,76"/><W65/><G104/><T119/><D119/><U40/><E109/><N who="0" m="42057" /><D71/><U26/><E79/><V122/><F1/><W49/><G132/><T58/><D82/><U47/><E131/><N who="3" m="50250" /><G23/><T106/><D72/><U0/><E0/><V100/><F117/><W39/><G91/><T87/><D87/><U17/><E11/><V125/><F70/><N who="3" m="42295" /><G39/><T92/><D133/><U83/><E35/><V112/><F66/><W32/><G32/><T61/><D106/><U3/><E3/><V28/><F28/><W68/><G68/><T54/><D10/><U121/><E83/><V130/><F130/><W135/><G135/><T16/><D13/><U123/><REACH who="1" step="1"/><E88/><REACH who="1" ten="314,309,227,120" step="2"/><V20/><F90/><W29/><G29/><T7/><D102/><U118/><E118/><V77/><F100/><W21/><G21/><T44/><D96/><U22/><E22/><V25/><F20/><W69/><G69/><T59/><D92/><U73/><E73/><AGARI ba="1,3" hai="2,4,8,48,49,73,76,81" m="42295,50250" machi="73" ten="30,1500,0" yaku="19,1" doraHai="116" who="3" fromWho="1" sc="314,0,309,-18,227,0,120,48" /><INIT seed="3,2,0,5,2,4" ten="314,291,227,168" oya="3" hai0="1,135,2,75,50,39,77,12,14,66,89,38,79" hai1="113,22,120,45,35,102,42,16,84,116,17,29,5" hai2="101,130,86,32,125,88,54,23,126,62,94,124,115" hai3="24,123,37,20,122,60,30,67,74,118,19,133,132"/><W3/><G37/><T0/><D66/><U80/><E113/><V25/><F115/><W64/><G60/><T106/><D50/><U31/><E120/><N who="3" m="46122" /><G64/><T65/><D65/><U56/><E116/><V76/><F130/><W7/><G67/><T121/><D121/><U6/><E35/><V49/><F32/><W44/><G44/><T68/><D89/><U69/><E69/><V11/><F62/><W41/><G41/><T87/><D87/><U71/><E71/><V114/><F114/><W81/><G81/><T48/><D48/><N who="1" m="26679" /><E56/><V105/><F76/><W134/><G74/><T43/><D2/><U21/><E102/><V47/><F101/><W99/><G99/><T103/><D43/><U26/><E31/><V78/><F78/><W72/><G72/><T58/><D58/><U131/><E131/><V36/><F36/><W8/><G118/><T95/><D103/><U28/><E29/><AGARI ba="2,0" hai="3,7,8,19,20,24,29,30,132,133,134" m="46122" machi="29" ten="40,12000,1" yaku="20,1,34,2,52,1" doraHai="4" who="3" fromWho="1" sc="314,0,291,-126,227,0,168,126" /><INIT seed="3,3,0,3,4,99" ten="314,165,227,294" oya="3" hai0="45,80,36,13,17,51,60,78,89,46,15,21,108" hai1="31,68,91,110,123,50,19,4,6,94,57,100,106" hai2="16,73,122,104,7,27,1,59,3,29,10,79,12" hai3="113,86,98,39,70,42,8,82,105,48,53,30,43"/><W112/><G70/><T5/><D108/><U132/><E68/><V26/><F104/><W24/><G8/><T135/><D135/><U76/><E123/><V0/><F79/><W47/><G43/><T9/><D36/><U77/><E132/><V33/><F59/><W93/><G105/><T133/><D133/><U28/><E110/><V101/><F73/><W32/><G82/><T41/><D45/><U23/><E106/><V11/><F101/><N who="3" m="60623" /><G86/><T117/><D117/><U107/><E107/><V72/><F72/><W74/><G74/><T52/><D89/><U90/><E90/><V63/><F63/><W62/><G62/><T129/><D129/><U115/><E115/><N who="3" m="44106" /><G53/><T96/><D96/><N who="1" m="59415" /><E91/><V85/><F85/><W103/><G39/><T18/><D18/><U49/><E6/><V92/><F92/><W131/><G103/><T114/><D114/><U25/><E4/><N who="2" m="1287" /><F122/><W71/><G71/><T35/><D35/><U38/><E38/><V75/><F75/><W118/><G131/><T61/><D41/><U88/><E88/><V126/><F126/><W84/><G84/><AGARI ba="3,0" hai="5,9,13,15,17,21,46,51,52,60,61,78,80,84" machi="84" ten="30,3900,0" yaku="7,1,8,1,54,1" doraHai="99" who="0" fromWho="3" sc="314,48,165,0,227,0,294,-48" /><INIT seed="4,0,0,3,5,95" ten="362,165,227,246" oya="0" hai0="61,105,50,134,57,2,133,17,77,19,83,8,107" hai1="59,56,63,110,100,67,113,103,6,33,84,71,73" hai2="117,32,60,29,51,135,22,104,39,26,4,3,124" hai3="98,121,1,106,21,93,31,90,88,52,89,69,96"/><T30/><D30/><U82/><E110/><V116/><F39/><W127/><G1/><T47/><D17/><U24/><E73/><V23/><F124/><W28/><G69/><T123/><D123/><U13/><E113/><V125/><F51/><W12/><G127/><T128/><D128/><U62/><E71/><V120/><F125/><W126/><G126/><T54/><D19/><U118/><E118/><N who="2" m="45675" /><F60/><W34/><G121/><T18/><D18/><U46/><E46/><V38/><F38/><W130/><G130/><T94/><D94/><U102/><E33/><V53/><F53/><W97/><G34/><T41/><D8/><U114/><E114/><V109/><F104/><W75/><G75/><T64/><D2/><U111/><E111/><V87/><F87/><N who="3" m="52383" /><G106/><T76/><D76/><U99/><E24/><V25/><F109/><W86/><G12/><T20/><D107/><U36/><E36/><V11/><F120/><W129/><G129/><T68/><D105/><U55/><E6/><V58/><F58/><W48/><G21/><N who="2" m="7689" /><F135/><W43/><G43/><T40/><D20/><U108/><E108/><V74/><F74/><W65/><G65/><T79/><D40/><U78/><E13/><V122/><F122/><W72/><G72/><T16/><D16/><U80/><E82/><V131/><F131/><W91/><G86/><T70/><D70/><U7/><E7/><V42/><F42/><W44/><AGARI ba="0,0" hai="28,31,44,48,52,89,90,91,96,97,98" m="52383" machi="44" ten="30,12000,2" yaku="8,1,52,3,54,2" doraHai="95" who="3" fromWho="3" sc="362,-60,165,-30,227,-30,246,120" /><INIT seed="5,0,0,1,0,51" ten="302,135,197,366" oya="1" hai0="34,17,110,74,33,132,85,99,102,96,54,50,71" hai1="122,105,47,124,79,18,127,58,9,46,20,114,123" hai2="65,98,11,134,63,14,44,67,82,59,94,97,1" hai3="27,112,108,64,28,72,35,106,53,90,101,25,100"/><U13/><E105/><V70/><F1/><W119/><G108/><T19/><D71/><U107/><E107/><V131/><F134/><W66/><G72/><T31/><D74/><U49/><E79/><V60/><F131/><W10/><G112/><T133/><D110/><U21/><E114/><V126/><F126/><N who="1" m="48169" /><E58/><V6/><F82/><W4/><G119/><T48/><D85/><U117/><E117/><V87/><F87/><W2/><G90/><T103/><D31/><U95/><E95/><V73/><F73/><W86/><G86/><T56/><D56/><U32/><E46/><V83/><F83/><W24/><G101/><T78/><D78/><U22/><E32/><V84/><F44/><W130/><G130/><T118/><D118/><U69/><E69/><V77/><F77/><W115/><G115/><T45/><D45/><U81/><E81/><V37/><F37/><W16/><G106/><T129/><D129/><U120/><E47/><V55/><REACH who="2" step="1"/><F67/><REACH who="2" ten="302,135,187,366" step="2"/><W12/><G66/><T62/><D133/><U91/><E91/><AGARI ba="0,1" hai="6,11,14,55,59,60,63,65,70,84,91,94,97,98" machi="91" ten="40,5200,0" yaku="1,1,2,1,52,1,53,0" doraHai="51" doraHaiUra="116" who="2" fromWho="1" sc="302,0,135,-52,187,62,366,0" /><INIT seed="6,0,0,3,3,26" ten="302,83,249,366" oya="2" hai0="32,84,75,114,48,123,92,16,94,133,27,65,74" hai1="110,78,88,55,24,0,91,102,80,33,96,129,4" hai2="90,109,34,131,29,41,42,119,7,106,37,64,101" hai3="45,87,21,130,95,62,50,19,56,125,17,8,86"/><V51/><F119/><W58/><G130/><T31/><D123/><U93/><E0/><V71/><F37/><W11/><G125/><T89/><D114/><U113/><E4/><V121/><F121/><W15/><G8/><T112/><D112/><U5/><E113/><V117/><F117/><W97/><G62/><T53/><D65/><U118/><E118/><V68/><F68/><W69/><G69/><T63/><D63/><U76/><E5/><V61/><F7/><W20/><G11/><T132/><D94/><N who="1" m="58647" /><E55/><V103/><F103/><N who="3" m="60863" /><G86/><T115/><D115/><U73/><E24/><N who="2" m="18727" /><F131/><W44/><G87/><T99/><D99/><N who="1" m="57767" /><E33/><V59/><F90/><W47/><G50/><T60/><D60/><U38/><E38/><V25/><F25/><AGARI ba="0,0" hai="15,17,19,20,21,25,44,45,47,56,58" m="60863" machi="25" ten="30,1000,0" yaku="8,1" doraHai="26" who="3" fromWho="2" sc="302,0,83,0,249,-10,366,10" /><INIT seed="7,0,0,3,2,60" ten="302,83,239,376" oya="3" hai0="42,64,51,112,50,90,78,111,91,69,115,4,12" hai1="94,31,86,23,72,5,89,2,41,1,19,116,132" hai2="88,7,120,87,56,33,48,124,119,61,117,14,0" hai3="44,81,71,28,95,27,75,85,128,93,134,127,73"/><W125/><G71/><T17/><D4/><U126/><E126/><N who="3" m="48138" /><G44/><T130/><D111/><U32/><E132/><V62/><F124/><W47/><G47/><T99/><D78/><U13/><E116/><V92/><F120/><W24/><G128/><T43/><D99/><U66/><E72/><N who="3" m="27722" /><G134/><T37/><D37/><U84/><E1/><V106/><F0/><W118/><G27/><T38/><D38/><U6/><E6/><V70/><F106/><W135/><G118/><T49/><D130/><U100/><E41/><N who="0" m="15369" /><D17/><U21/><E21/><V16/><F7/><W8/><G8/><T74/><D12/><U58/><E100/><V129/><F129/><W57/><G135/><T113/><D74/><U83/><E58/><V96/><F33/><N who="3" m="20615" /><G57/><T79/><D79/><AGARI ba="0,0" hai="79,81,85,93,95" m="20615,27722,48138" machi="79" ten="30,1500,0" yaku="18,1" doraHai="60" who="3" fromWho="0" sc="302,-15,83,0,239,0,376,15" owari="287,8.7,83,-41.7,239,-16.1,391,49.1" /></mjloggm>