<mjloggm ver="2.3"><GO type="169" lobby="0"/><UN n0="%E7%99%BD%E3%81%AE%E7%A9%BA" n1="%53%69%65%72%72%61" n2="%E3%83%AC%E3%82%A4%E3%81%A1%E3%82%83%E3%82%93" n3="%E8%8C%B6%E5%BA%A6" dan="17,16,16,16" rate="2150.43,2108.49,2139.00,2118.42" sx="M,M,M,M"/><TAIKYOKU oya="0"/><INIT seed="0,0,0,1,1,34" ten="250,250,250,250" oya="0" hai0="133,64,56,120,61,82,57,95,10,63,46,73,62" hai1="72,131,20,110,25,28,70,67,21,66,121,23,18" hai2="76,135,93,132,74,78,90,5,94,114,105,0,87" hai3="29,35,39,116,109,53,123,101,128,30,2,32,16"/><T126/><D120/><U7/><E121/><V117/><F114/><W51/><G39/><T41/><D133/><U69/><E72/><V96/><F5/><W31/><G101/><T79/><D126/><U115/><E110/><V37/><F37/><W102/><G102/><T65/><D10/><U22/><E115/><V13/><F13/><W11/><G51/><T112/><D112/><U77/><E77/><V134/><F0/><W84/><G84/><T125/><D125/><U48/><E131/><V127/><F127/><W124/><G53/><T9/><D9/><U60/><E7/><V4/><F4/><N who="3" m="1431" /><G124/><T92/><REACH who="0" step="1"/><D62/><REACH who="0" ten="240,250,250,250" step="2"/><U38/><E60/><V27/><F135/><W103/><G123/><T59/><D59/><U36/><E69/><V75/><F134/><W44/><G128/><T88/><D88/><U86/><E70/><V33/><F90/><W113/><G113/><T100/><D100/><U97/><E28/><V71/><F71/><W81/><G103/><T68/><D68/><U104/><E104/><V26/><F105/><W107/><G31/><T89/><D89/><U1/><E25/><V50/><F26/><W80/><G107/><T55/><D55/><U43/><E43/><V24/><F132/><W17/><G30/><T108/><D108/><U54/><E54/><V12/><F78/><W58/><G109/><T119/><D119/><U83/><E66/><V6/><F117/><W99/><G116/><T122/><D122/><U129/><E67/><V111/><F111/><W42/><G29/><T14/><D14/><U8/><E129/><V47/><F76/><RYUUKYOKU ba="0,1" sc="240,30,250,-10,250,-10,250,-10" hai0="41,46,56,57,61,63,64,65,73,79,82,92,95" /><INIT seed="0,1,1,2,0,127" ten="270,240,240,240" oya="0" hai0="15,128,123,97,121,16,102,122,95,125,109,39,120" hai1="84,63,107,43,103,113,12,60,10,94,93,33,18" hai2="135,67,52,2,22,124,1,35,48,66,34,65,106" hai3="30,61,129,8,49,55,69,133,40,64,99,13,50"/><T108/><N who="0" m="30720" /><DORA hai="71" /><T116/><D116/><U78/><E33/><V110/><F106/><W90/><G30/><T19/><D125/><U28/><E113/><V87/><F124/><W58/><G133/><T88/><D39/><U118/><E118/><V91/><F135/><W27/><G27/><T75/><D75/><U45/><E107/><V126/><F126/><W92/><G40/><T73/><D73/><U132/><E132/><V36/><F35/><W77/><G77/><T115/><D115/><U32/><E32/><V62/><F34/><W4/><G129/><T37/><D37/><U79/><E28/><V72/><F72/><W85/><G85/><T119/><D119/><U70/><E103/><V26/><F62/><AGARI ba="1,1" hai="4,8,13,49,50,55,58,61,62,64,69,90,92,99" machi="62" ten="30,1000,0" yaku="7,1" doraHai="127,71" who="3" fromWho="2" sc="270,0,240,0,240,-13,240,23" /><INIT seed="1,0,0,0,0,23" ten="270,240,227,263" oya="1" hai0="93,108,16,124,126,116,26,52,66,100,62,38,98" hai1="34,96,37,111,35,8,134,61,45,27,113,95,21" hai2="3,76,47,104,128,90,115,72,20,50,59,56,9" hai3="55,25,12,129,101,127,7,106,81,32,110,120,132"/><U44/><E113/><V123/><F104/><W112/><G55/><T121/><D116/><U22/><E134/><V68/><F68/><W42/><G42/><T10/><D108/><U41/><E111/><V5/><F123/><W75/><G81/><T107/><D38/><U63/><E8/><V133/><F133/><W46/><G46/><T131/><D131/><U17/><E44/><V54/><F128/><W14/><G101/><T40/><D121/><U122/><E122/><V33/><F33/><W65/><G65/><T91/><D40/><U135/><E135/><V79/><F90/><W48/><G48/><T119/><D119/><U85/><E85/><V53/><F115/><W0/><G14/><T39/><D39/><U67/><E22/><V70/><F70/><W28/><G12/><T99/><D10/><U30/><E17/><V118/><F72/><W64/><G28/><T78/><D78/><U103/><REACH who="1" step="1"/><E61/><REACH who="1" ten="270,230,227,263" step="2"/><V74/><F47/><W87/><G87/><T29/><D29/><U11/><E11/><V88/><F74/><W1/><G110/><T94/><D16/><U69/><AGARI ba="0,1" hai="21,27,30,34,35,37,41,45,63,67,69,95,96,103" machi="69" ten="20,12000,1" yaku="1,1,0,1,7,1,52,1,53,1" doraHai="23" doraHaiUra="24" who="1" fromWho="1" sc="270,-40,230,130,227,-40,263,-40" /><INIT seed="1,1,0,2,2,118" ten="230,360,187,223" oya="1" hai0="125,38,128,114,67,126,73,77,44,19,69,74,52" hai1="10,84,34,2,4,85,20,47,131,55,54,112,6" hai2="76,39,106,97,5,61,103,123,95,31,100,27,51" hai3="104,134,17,9,91,35,64,127,33,25,92,70,66"/><U80/><E112/><V28/><F39/><W63/><G104/><T68/><D114/><U115/><E115/><V88/><F31/><W130/><G66/><T135/><D128/><U46/><E34/><V12/><F76/><W89/><G89/><T113/><D113/><U49/><E131/><V79/><F79/><W90/><G90/><T56/><D135/><U96/><E96/><V40/><F61/><W107/><G107/><T53/><D19/><U59/><E6/><V26/><F26/><W101/><G101/><T87/><D87/><U75/><E20/><N who="2" m="15463" /><F123/><W62/><G62/><N who="0" m="38343" /><D77/><U71/><E71/><N who="0" m="27209" /><D74/><U102/><E75/><V32/><F32/><W58/><G17/><T132/><D73/><U133/><E133/><V18/><F106/><W110/><G35/><T82/><D82/><U24/><E80/><V50/><F5/><W37/><G33/><T7/><D7/><U48/><E102/><N who="2" m="38955" /><F40/><W93/><G134/><T109/><D132/><U108/><E24/><V16/><F18/><W120/><G25/><T129/><D129/><U22/><E22/><AGARI ba="1,0" hai="12,16,22,50,51,88,95,97" m="38955,15463" machi="22" ten="30,3900,0" yaku="8,1,54,2" doraHai="118" who="2" fromWho="1" sc="230,0,360,-42,187,42,223,0" /><INIT seed="2,0,0,4,4,29" ten="230,318,229,223" oya="2" hai0="83,98,55,56,47,43,0,124,72,15,92,119,38" hai1="23,78,14,117,8,48,99,42,131,87,88,127,60" hai2="68,66,50,27,73,85,6,61,84,93,52,33,39" hai3="133,36,112,62,12,76,53,102,59,4,121,30,63"/><V70/><F73/><W132/><G121/><T21/><D0/><U115/><E115/><V34/><F70/><W134/><G112/><T57/><D124/><U91/><E117/><V71/><F71/><W103/><G36/><T81/><D119/><U111/><E111/><V67/><F67/><W37/><G37/><T79/><D81/><U22/><E127/><V16/><F6/><W18/><G4/><T114/><D114/><U51/><E131/><V113/><F39/><W13/><G76/><T1/><D1/><U80/><E60/><V105/><F105/><W123/><G123/><T7/><D55/><U97/><E97/><V86/><F93/><W64/><G30/><T128/><D128/><U5/><E51/><V40/><F40/><W44/><G44/><T58/><D7/><U95/><E91/><V9/><F113/><W106/><G106/><T24/><D15/><N who="3" m="5705" /><G18/><T26/><REACH who="0" step="1"/><D21/><REACH who="0" ten="220,318,229,223" step="2"/><U65/><E65/><V110/><F110/><W31/><G31/><T69/><D69/><AGARI ba="0,1" hai="53,59,62,63,64,69,102,103,132,133,134" m="5705" machi="69" ten="30,1000,0" yaku="20,1" doraHai="29" who="3" fromWho="0" sc="220,-10,318,0,229,0,223,20" /><INIT seed="3,0,0,1,1,16" ten="210,318,229,243" oya="3" hai0="99,117,107,80,91,95,84,29,109,114,127,68,101" hai1="132,77,124,86,81,66,45,19,55,58,120,125,18" hai2="102,31,37,129,65,17,98,6,93,44,75,73,14" hai3="5,12,42,103,47,135,110,116,49,131,11,108,78"/><W1/><G116/><T69/><D117/><U87/><E120/><V34/><F129/><W97/><G131/><T7/><D29/><U72/><E132/><V118/><F118/><W50/><G135/><T0/><D109/><N who="3" m="42089" /><G78/><T57/><D127/><N who="1" m="48715" /><E66/><V89/><F6/><W39/><G12/><T88/><D114/><U92/><E45/><V67/><F73/><W22/><G22/><T52/><D7/><U63/><E92/><AGARI ba="0,0" hai="1,5,11,39,42,47,49,50,92,97,103" m="42089" machi="92" ten="30,2900,0" yaku="14,1,10,1" doraHai="16" who="3" fromWho="1" sc="210,0,318,-29,229,0,243,29" /><INIT seed="3,1,0,2,3,61" ten="210,289,229,272" oya="3" hai0="30,81,59,77,55,112,129,71,29,39,80,96,12" hai1="45,68,44,125,102,134,92,117,118,42,66,60,31" hai2="6,2,91,37,32,121,49,22,8,110,0,115,123" hai3="63,21,79,25,101,9,20,14,93,89,64,51,78"/><W35/><G35/><T10/><D71/><U48/><E31/><V90/><F37/><W109/><G101/><T34/><D129/><U52/><E102/><V46/><F32/><W76/><G51/><T107/><D39/><N who="1" m="21599" /><E92/><V94/><F115/><W65/><G63/><T104/><D112/><U75/><E75/><V58/><F0/><W16/><G109/><T72/><D81/><U33/><E33/><V126/><F110/><W17/><G9/><T28/><D34/><U82/><E82/><V53/><F22/><W97/><AGARI ba="1,0" hai="14,16,17,20,21,25,64,65,76,78,79,89,93,97" machi="97" ten="30,12000,1" yaku="0,1,8,1,52,2,54,1" doraHai="61" who="3" fromWho="3" sc="210,-41,289,-41,229,-41,272,123" /><INIT seed="3,2,0,4,5,65" ten="169,248,188,395" oya="3" hai0="107,121,28,51,134,103,47,120,39,17,3,119,135" hai1="92,78,37,31,13,108,114,50,71,6,30,106,9" hai2="26,4,32,66,68,55,131,40,67,21,89,73,105" hai3="44,74,15,132,33,79,45,101,59,76,75,122,54"/><W84/><G33/><T117/><D3/><U22/><E114/><V70/><F32/><W52/><G101/><T7/><D7/><U118/><E106/><V102/><F73/><W2/><G84/><T128/><D28/><U82/><E37/><V61/><F40/><W98/><G59/><T11/><D11/><U91/><E71/><V64/><F4/><W93/><G93/><T27/><D27/><U34/><E34/><V58/><F131/><W72/><G15/><T0/><D0/><U127/><E108/><V62/><F62/><W20/><G2/><T100/><D17/><U125/><E50/><V80/><F102/><W49/><G132/><N who="0" m="50731" /><D103/><U14/><E118/><N who="0" m="45065" /><D100/><U8/><E22/><V109/><F109/><W43/><G20/><T87/><D87/><U104/><E104/><V36/><F36/><W126/><G75/><T23/><D23/><U111/><E111/><V12/><F12/><W81/><G98/><T19/><D19/><N who="1" m="8615" /><E82/><V85/><REACH who="2" step="1"/><F105/><REACH who="2" ten="169,248,178,395" step="2"/><W18/><G43/><N who="0" m="23039" /><D107/><U10/><E14/><V112/><F112/><W25/><G74/><T42/><D128/><U86/><E6/><V95/><F95/><W129/><G129/><T35/><D35/><U5/><E5/><V110/><F110/><W57/><G72/><T83/><D83/><U41/><E92/><V56/><F56/><W53/><G57/><T90/><D90/><U77/><E91/><V24/><F24/><W124/><G25/><T130/><D130/><U123/><E77/><V133/><F133/><W97/><G79/><T38/><D38/><U94/><E78/><V29/><AGARI ba="2,1" hai="21,26,29,55,58,61,64,66,67,68,70,80,85,89" machi="29" ten="30,8000,1" yaku="1,1,5,1,0,1,52,2,53,0" doraHai="65" doraHaiUra="88" who="2" fromWho="2" sc="169,-22,248,-22,178,96,395,-42" /><INIT seed="4,0,0,3,2,69" ten="147,226,274,353" oya="0" hai0="24,125,4,97,51,19,45,49,28,54,89,92,29" hai1="30,0,82,93,43,87,68,2,5,18,102,48,119" hai2="46,106,130,76,44,96,104,59,13,81,113,95,78" hai3="67,101,61,91,128,129,90,65,35,83,26,131,99"/><T118/><D118/><U9/><E119/><V23/><F113/><W7/><G7/><T126/><D4/><U77/><E68/><V112/><F112/><W135/><G135/><T55/><D19/><U123/><E123/><V100/><F76/><W56/><G67/><T80/><D80/><U53/><E30/><V3/><F3/><W111/><G111/><T58/><REACH who="0" step="1"/><D24/><REACH who="0" ten="137,226,274,353" step="2"/><U84/><E18/><V75/><F81/><W10/><G83/><T127/><AGARI ba="0,1" hai="28,29,45,49,51,54,55,58,89,92,97,125,126,127" machi="127" ten="30,11700,0" yaku="1,1,2,1,0,1,18,1,53,0" doraHai="69" doraHaiUra="73" who="0" fromWho="0" sc="137,127,226,-39,274,-39,353,-39" /><INIT seed="4,1,0,0,1,16" ten="264,187,235,314" oya="0" hai0="110,54,92,11,51,126,37,125,115,63,41,29,20" hai1="103,108,114,45,21,57,121,113,44,14,118,17,6" hai2="9,15,105,85,22,72,123,134,122,65,30,47,39" hai3="84,12,19,27,60,82,52,32,23,100,83,67,50"/><T28/><D115/><N who="1" m="44043" /><E108/><V31/><F72/><W59/><G100/><T35/><D110/><U97/><E118/><V107/><F65/><W90/><G32/><T112/><D112/><U117/><E117/><V49/><F39/><W58/><G27/><T128/><D128/><U98/><E121/><V106/><F134/><W2/><G2/><T79/><D35/><U127/><E127/><N who="0" m="48649" /><D37/><U18/><E6/><V76/><F31/><W33/><G33/><T86/><D41/><U0/><E0/><V81/><F30/><W61/><G61/><T102/><D63/><U64/><E18/><V116/><F116/><W109/><G109/><T89/><D11/><U8/><E8/><V124/><F124/><W101/><G101/><T1/><D1/><U36/><E36/><V10/><F10/><W7/><G7/><T78/><D102/><U93/><E97/><V77/><F77/><N who="0" m="29194" /><D20/><U80/><E80/><AGARI ba="1,0" hai="12,19,23,50,52,58,59,60,67,80,82,83,84,90" machi="80" ten="30,7700,0" yaku="7,1,8,1,52,1,54,1" doraHai="16" who="3" fromWho="1" sc="264,0,187,-80,235,0,314,80" /><INIT seed="5,0,0,4,5,85" ten="264,107,235,394" oya="1" hai0="44,81,95,80,88,36,53,26,29,33,57,12,40" hai1="97,108,105,0,79,92,14,129,5,133,76,25,123" hai2="119,49,24,8,131,11,41,130,74,127,13,111,45" hai3="65,71,73,128,99,67,47,69,82,94,17,30,18"/><U106/><E0/><V52/><F74/><W54/><G30/><T6/><D6/><U96/><E123/><V60/><F111/><W135/><G47/><T109/><D12/><U22/><E108/><V66/><F119/><W121/><G54/><T15/><D15/><U115/><E115/><V43/><F127/><W21/><G21/><T4/><D4/><U114/><E114/><V37/><F24/><W124/><G18/><T59/><D109/><U48/><E133/><V75/><F75/><W89/><G17/><T83/><REACH who="0" step="1"/><D53/><REACH who="0" ten="254,107,235,394" step="2"/><U23/><E129/><V125/><F13/><W38/><G128/><N who="2" m="49193" /><F8/><W58/><G135/><T126/><D126/><U10/><E23/><V7/><F11/><W113/><G124/><T112/><D112/><U102/><E48/><V2/><F7/><W104/><G113/><T90/><D90/><U31/><REACH who="1" step="1"/><E105/><REACH who="1" ten="254,97,235,394" step="2"/><V56/><F2/><W70/><G104/><T32/><D32/><U19/><E19/><V34/><F34/><W42/><G121/><T16/><D16/><U62/><E62/><V91/><F91/><AGARI ba="0,2" hai="5,10,14,22,25,31,76,79,91,92,96,97,102,106" machi="91" ten="30,11600,0" yaku="1,1,7,1,52,1,53,1" doraHai="85" doraHaiUra="86" who="1" fromWho="2" sc="254,0,97,136,235,-116,394,0" /><INIT seed="5,1,0,0,0,60" ten="254,233,119,394" oya="1" hai0="29,74,14,20,97,62,13,102,87,26,52,19,61" hai1="122,27,46,71,65,98,31,80,110,83,105,100,66" hai2="124,76,67,57,68,33,24,55,35,109,4,12,49" hai3="99,32,103,107,40,77,69,104,114,130,131,25,93"/><U91/><E122/><V37/><F109/><W44/><G114/><T113/><D74/><U48/><E110/><V112/><F124/><W134/><G77/><T89/><D113/><U108/><E108/><V120/><F120/><W78/><G78/><T51/><D14/><U95/><E71/><V18/><F4/><W56/><G69/><T88/><D89/><U53/><E83/><V30/><F35/><W90/><G134/><T3/><D3/><U123/><E123/><V129/><F37/><W16/><G56/><N who="0" m="32799" /><D102/><U2/><E80/><V106/><F106/><W81/><G81/><N who="0" m="49263" /><D97/><U7/><E7/><V135/><F135/><W115/><G115/><T126/><D126/><U9/><E9/><AGARI ba="1,0" hai="9,13,19,20,26,29,61,62" m="49263,32799" machi="9" ten="30,3900,0" yaku="8,1,54,2" doraHai="60" who="0" fromWho="1" sc="254,42,233,-42,119,0,394,0" /><INIT seed="6,0,0,1,1,13" ten="296,191,119,394" oya="2" hai0="12,91,105,120,37,76,64,25,107,128,109,41,131" hai1="14,104,29,60,112,106,121,16,15,18,134,35,6" hai2="1,122,126,97,67,22,117,77,3,114,27,8,47" hai3="125,71,86,119,24,56,108,40,129,73,62,54,123"/><V94/><F122/><W69/><G73/><T53/><D120/><U115/><E121/><V55/><F117/><W4/><G4/><T79/><D109/><U63/><E6/><V2/><F67/><W78/><G40/><T9/><D64/><U34/><E29/><V118/><F118/><W89/><G78/><T26/><D91/><U127/><E127/><V7/><F126/><W133/><G108/><T66/><D66/><U36/><E36/><V95/><F77/><W84/><G84/><T100/><D53/><U68/><E134/><V57/><F47/><W38/><G38/><T90/><D90/><U75/><E75/><V103/><F95/><W130/><G133/><T19/><D37/><U49/><E49/><V74/><F74/><W33/><G125/><T102/><D41/><U116/><E116/><V93/><F93/><N who="3" m="54455" /><G119/><T58/><D58/><U124/><E124/><V99/><F99/><W101/><G101/><T113/><D102/><U48/><E48/><V42/><F42/><W44/><G44/><T45/><D45/><U98/><E98/><V82/><F82/><W50/><G50/><T23/><D100/><U10/><E10/><V28/><REACH who="2" step="1"/><F114/><REACH who="2" ten="296,191,109,394" step="2"/><W92/><G92/><T83/><D113/><U21/><E68/><V88/><F88/><W80/><G80/><T72/><D79/><U85/><E85/><V0/><F0/><W51/><G123/><T30/><D72/><U87/><E87/><V59/><F59/><W43/><G71/><T135/><D135/><U111/><E111/><V81/><F81/><W110/><G110/><T20/><D83/><RYUUKYOKU ba="0,1" sc="296,-15,191,15,109,15,394,-15" hai1="14,15,16,18,21,34,35,60,63,104,106,112,115" hai2="1,2,3,7,8,22,27,28,55,57,94,97,103" /><INIT seed="6,1,1,0,3,119" ten="281,206,124,379" oya="2" hai0="50,45,23,25,70,71,103,1,24,77,32,54,30" hai1="55,4,82,11,37,26,47,86,67,64,128,17,13" hai2="107,92,22,14,57,36,117,35,10,97,111,52,115" hai3="124,43,12,122,118,112,79,125,109,114,84,18,102"/><V28/><F117/><W3/><G3/><T132/><D132/><U31/><E128/><V90/><F36/><W72/><G118/><T68/><D1/><U101/><E101/><V94/><F107/><W0/><G0/><T130/><D130/><U49/><E37/><V131/><F131/><W62/><G43/><T76/><REACH who="0" step="1"/><D103/><REACH who="0" ten="271,206,124,379" step="2"/><U85/><E4/><V53/><F111/><W69/><G102/><T33/><D33/><U63/><E67/><V110/><F35/><W46/><G109/><T95/><D95/><U21/><E82/><V133/><F133/><W113/><G113/><T100/><D100/><U78/><E78/><V39/><F110/><W121/><G114/><T135/><D135/><U89/><E89/><N who="2" m="55439" /><F115/><W127/><G112/><T116/><D116/><U120/><E120/><V19/><F39/><W99/><G79/><T42/><D42/><U44/><E44/><V126/><F126/><W74/><G46/><T96/><D96/><U108/><E108/><V61/><F94/><W16/><G99/><T2/><D2/><U8/><E8/><V48/><F90/><W123/><G122/><T7/><D7/><U38/><E38/><V41/><F41/><W65/><G123/><T93/><D93/><U104/><E104/><V27/><F53/><W75/><G121/><T134/><D134/><U73/><E64/><V34/><F34/><W51/><G125/><T87/><D87/><U98/><E98/><V9/><F9/><N who="3" m="6159" /><G127/><T5/><D5/><U88/><E88/><V91/><F91/><W56/><G124/><T20/><D20/><U83/><E21/><RYUUKYOKU ba="1,2" sc="271,15,206,-15,124,15,379,-15" hai0="23,24,25,30,32,45,50,54,68,70,71,76,77" hai2="10,14,19,22,27,28,48,52,57,61" /><INIT seed="6,2,2,0,1,133" ten="286,191,139,364" oya="2" hai0="126,28,64,62,75,128,32,110,59,43,103,53,1" hai1="105,8,54,17,81,129,117,55,45,93,96,131,44" hai2="50,65,108,11,7,27,14,15,76,87,19,99,4" hai3="42,79,114,52,63,41,2,24,9,56,107,77,90"/><V84/><F108/><W86/><G107/><T26/><D110/><U91/><E117/><V132/><F132/><W78/><G114/><T85/><D75/><U123/><E123/><V23/><F65/><W10/><G24/><T66/><D128/><N who="1" m="49227" /><E105/><V122/><F122/><W31/><G31/><T68/><D1/><U61/><E81/><V115/><F115/><W69/><G69/><T89/><D103/><U74/><E74/><V94/><F76/><W101/><G101/><T12/><D43/><N who="3" m="16393" /><G2/><T48/><D66/><U18/><E18/><V121/><F121/><W51/><G63/><T127/><REACH who="0" step="1"/><D12/><REACH who="0" ten="276,191,139,364" step="2"/><N who="1" m="7303" /><E55/><V39/><F39/><W118/><G118/><T72/><D72/><U35/><E35/><V13/><F4/><W22/><G22/><T113/><D113/><U30/><E30/><V58/><F7/><W124/><G10/><T100/><D100/><U95/><E54/><N who="2" m="32087" /><F11/><W116/><G9/><T135/><D135/><U82/><E45/><V111/><F111/><W98/><G52/><T49/><D49/><U134/><E44/><V38/><F38/><W104/><G51/><T40/><D40/><U112/><E112/><V83/><F83/><AGARI ba="2,3" hai="26,28,32,48,53,59,62,64,68,83,85,89,126,127" machi="83" ten="40,5200,0" yaku="1,1,52,2,53,0" doraHai="133" doraHaiUra="92" who="0" fromWho="2" sc="276,88,191,0,139,-58,364,0" /><INIT seed="7,0,0,3,2,77" ten="364,191,81,364" oya="3" hai0="88,76,133,54,40,82,107,66,124,119,114,13,4" hai1="37,15,9,6,106,42,110,34,74,31,117,57,98" hai2="39,115,105,121,81,19,48,68,61,104,100,99,18" hai3="96,49,80,97,26,65,7,123,64,131,71,87,92"/><W35/><G123/><T89/><D119/><U127/><E110/><V46/><F48/><W56/><G71/><T103/><D124/><U33/><E74/><V60/><F68/><W85/><G131/><T109/><D109/><U8/><E127/><V24/><F24/><W93/><G35/><T55/><D133/><U95/><E106/><V50/><F50/><W0/><G0/><T23/><D114/><U43/><E117/><V70/><F70/><W17/><G7/><T3/><D3/><U108/><E108/><V129/><F46/><W14/><G26/><T67/><D40/><U102/><E37/><V69/><F69/><W125/><G125/><T130/><D130/><U118/><E118/><V5/><F129/><W113/><G113/><T75/><D103/><U30/><E57/><V53/><F115/><W126/><G126/><T36/><D36/><U59/><E59/><V16/><F5/><W45/><G93/><T11/><D107/><U116/><E116/><V1/><F1/><W10/><G92/><T120/><D120/><U128/><E128/><V112/><F112/><W132/><G132/><T38/><D38/><U2/><E33/><V27/><F39/><W101/><G101/><T86/><D23/><U73/><E6/><V12/><F121/><W28/><G28/><T41/><D41/><U134/><E31/><V84/><F105/><W111/><G111/><T63/><D63/><U47/><E30/><V62/><F27/><W135/><G135/><T94/><D89/><U83/><E134/><V90/><F12/><W91/><G87/><T79/><D79/><RYUUKYOKU ba="0,0" sc="364,15,191,-15,81,15,364,-15" hai0="4,11,13,54,55,66,67,75,76,82,86,88,94" hai2="16,18,19,53,60,61,62,81,84,90,99,100,104" owari="379,47.9,176,-22.4,96,-40.4,349,14.9" /></mjloggm>