<mjloggm ver="2.3"><GO type="169" lobby="0"/><UN n0="%E3%82%AB%E3%83%A9%E6%9D%BE" n1="%E6%AF%94%E5%98%89%E7%A7%80%E4%BB%81" n2="%53%E6%9C%A8" n3="%E5%B0%8F%E6%9E%97%E6%B5%81%E7%89%8C%E6%89%8B" dan="17,16,17,17" rate="2117.40,2069.86,2181.76,2140.97" sx="M,M,M,M"/><TAIKYOKU oya="0"/><INIT seed="0,0,0,1,1,60" ten="250,250,250,250" oya="0" hai0="117,25,84,26,29,43,116,8,37,85,101,54,111" hai1="80,96,93,94,11,17,58,40,130,49,67,59,45" hai2="113,77,6,83,127,61,42,82,107,98,112,34,5" hai3="71,131,36,73,89,39,52,76,63,123,128,88,7"/><T119/><D111/><U64/><E130/><N who="3" m="49706" /><G123/><T95/><D26/><U50/><E80/><V20/><F34/><W0/><G76/><T57/><D8/><U55/><E59/><V121/><F121/><W56/><G73/><T90/><D101/><N who="1" m="60559" /><E94/><V78/><F20/><W102/><G102/><T28/><D84/><U118/><E118/><V24/><F98/><W70/><G7/><T129/><D129/><U86/><E86/><V99/><F99/><W87/><G0/><T30/><D43/><U27/><E27/><V75/><F24/><W97/><G97/><T33/><REACH who="0" step="1"/><D37/><REACH who="0" ten="240,250,250,250" step="2"/><N who="3" m="14409" /><G89/><T12/><D12/><AGARI ba="0,1" hai="11,12,17,40,45,49,50,55,58,64,67" m="60559" machi="12" ten="30,3900,0" yaku="8,1,52,2" doraHai="60" who="1" fromWho="0" sc="240,-39,250,49,250,0,250,0" /><INIT seed="1,0,0,5,3,99" ten="201,299,250,250" oya="1" hai0="113,50,38,135,83,97,109,41,102,117,18,54,132" hai1="130,33,68,64,56,1,103,57,73,70,98,67,51" hai2="134,116,6,87,46,80,37,77,5,52,35,107,72" hai3="84,74,124,59,104,114,12,101,34,129,44,24,81"/><U26/><E1/><V58/><F116/><W121/><G114/><T92/><D117/><U7/><E7/><V48/><F134/><N who="0" m="51242" /><D113/><U62/><E73/><V69/><F35/><W8/><G121/><T19/><D109/><U53/><E130/><V60/><F107/><W105/><G74/><T85/><D41/><U115/><E115/><V36/><F72/><W4/><G124/><T32/><D38/><U120/><E120/><V17/><F17/><W20/><G34/><T2/><D2/><U78/><E78/><V100/><F37/><W75/><G75/><T119/><D32/><U122/><E122/><V88/><F77/><W126/><G126/><T42/><D42/><U39/><E39/><V89/><F89/><W90/><G129/><T91/><D119/><U31/><REACH who="1" step="1"/><E67/><REACH who="1" ten="201,289,250,250" step="2"/><V123/><F36/><W110/><G4/><T13/><D13/><U29/><E29/><V0/><F123/><W108/><G12/><T106/><D106/><AGARI ba="0,1" hai="26,31,33,51,53,56,57,62,64,68,70,98,103,106" machi="106" ten="30,5800,0" yaku="1,1,7,1,52,1,53,0" doraHai="99" doraHaiUra="133" who="1" fromWho="0" sc="201,-58,289,68,250,0,250,0" /><INIT seed="1,1,0,0,3,23" ten="143,357,250,250" oya="1" hai0="41,50,84,26,85,105,88,77,48,104,71,133,112" hai1="4,82,107,106,62,128,91,59,55,131,101,14,3" hai2="92,116,12,7,86,17,21,65,67,103,120,47,97" hai3="45,39,42,31,0,80,2,135,10,16,56,35,121"/><U110/><E3/><V127/><F127/><W93/><G121/><T99/><D112/><U108/><E4/><V60/><F120/><W114/><G114/><T53/><D71/><U73/><E14/><V29/><F116/><W111/><G111/><N who="1" m="42538" /><E101/><V123/><F123/><W22/><G135/><T43/><D133/><U83/><E91/><V8/><F29/><W63/><G93/><T61/><D61/><U129/><E73/><V95/><F47/><W102/><G102/><T13/><D13/><U118/><E118/><V40/><F40/><W109/><G109/><T72/><D72/><U18/><E18/><V57/><F86/><W125/><G125/><T11/><D11/><U119/><E119/><V38/><F38/><W36/><G36/><T9/><D9/><U74/><E74/><V81/><F81/><AGARI ba="1,0" hai="55,59,62,81,82,83,106,107,128,129,131" m="42538" machi="81" ten="40,7700,0" yaku="19,1,14,1,10,1" doraHai="23" who="1" fromWho="2" sc="143,0,357,80,250,-80,250,0" /><INIT seed="1,2,0,4,1,134" ten="143,437,170,250" oya="1" hai0="32,15,103,67,52,81,78,92,43,40,135,57,61" hai1="7,3,121,118,45,29,93,110,31,97,60,50,42" hai2="4,63,19,70,2,20,37,41,11,86,90,132,17" hai3="62,119,53,6,48,21,35,47,96,25,129,18,1"/><U46/><E121/><V22/><F132/><W131/><G119/><T109/><D135/><U94/><E118/><V14/><F37/><W79/><G79/><T115/><D32/><U9/><E110/><V106/><F106/><W74/><G74/><T85/><D109/><U99/><E60/><V130/><F41/><W38/><G38/><T112/><D112/><U71/><E71/><V28/><F130/><N who="3" m="49675" /><G35/><T80/><D115/><U8/><E8/><V75/><F75/><W69/><G6/><T34/><D34/><U30/><E46/><V51/><F51/><W125/><G1/><T83/><D15/><U55/><E42/><N who="0" m="15913" /><D67/><U100/><REACH who="1" step="1"/><E30/><REACH who="1" ten="143,427,170,250" step="2"/><V23/><F28/><W13/><G62/><T16/><D16/><U54/><E54/><V108/><F19/><W26/><G69/><T89/><D103/><AGARI ba="2,1" hai="3,7,9,29,31,45,50,55,93,94,97,99,100,103" machi="103" ten="30,11600,0" yaku="1,1,7,1,9,1,53,1" doraHai="134" doraHaiUra="49" who="1" fromWho="0" sc="143,-122,427,132,170,0,250,0" /><INIT seed="1,3,0,3,4,50" ten="21,559,170,250" oya="1" hai0="132,30,83,23,111,131,14,8,103,105,122,55,121" hai1="24,3,22,53,17,134,26,15,104,120,98,21,63" hai2="25,40,65,128,4,59,37,13,70,115,10,48,81" hai3="76,9,51,20,5,124,85,56,93,71,113,108,46"/><U34/><E120/><N who="0" m="46185" /><D111/><U95/><E104/><V7/><F128/><W2/><G71/><T100/><D131/><U116/><E3/><V97/><F115/><W90/><G113/><T47/><D132/><U82/><E116/><V78/><F70/><W106/><G106/><T107/><D107/><U39/><E39/><V135/><F37/><W127/><G108/><T130/><D130/><U75/><E34/><V32/><F135/><W31/><G76/><T123/><N who="0" m="46193" /><T16/><DORA hai="0" /><D105/><U28/><E134/><V54/><F97/><W119/><G119/><T57/><D47/><U6/><E82/><V33/><F65/><W11/><G11/><T45/><D45/><U36/><E75/><V52/><F33/><W12/><G56/><T118/><D83/><U19/><E36/><V69/><F32/><W114/><G114/><T58/><D58/><N who="1" m="35279" /><E28/><V86/><F69/><W117/><G117/><T102/><D118/><U110/><E110/><V64/><F40/><W43/><G2/><T66/><D66/><U88/><E6/><N who="2" m="3287" /><F64/><W18/><G31/><T29/><D8/><U49/><E49/><AGARI ba="3,0" hai="14,16,23,29,30,49,55,57,100,102,103" m="46193" machi="49" ten="40,5200,0" yaku="13,1,52,1,54,1" doraHai="50,0" who="0" fromWho="1" sc="21,61,559,-61,170,0,250,0" /><INIT seed="2,0,0,3,5,45" ten="82,498,170,250" oya="2" hai0="61,30,93,84,94,113,134,54,98,111,3,0,120" hai1="40,70,1,110,56,34,51,2,20,44,124,42,69" hai2="77,132,39,115,80,29,52,106,6,81,60,108,97" hai3="114,127,9,72,123,26,67,7,15,135,66,128,102"/><V25/><F115/><W48/><G123/><T41/><D113/><U88/><E34/><V23/><F39/><W17/><G72/><T64/><D120/><U130/><E110/><V55/><F132/><W86/><G114/><T85/><D134/><U100/><E100/><V99/><F108/><W119/><G119/><T28/><D41/><U79/><E79/><V62/><F6/><W131/><G127/><T43/><D43/><U76/><E124/><V129/><F129/><N who="3" m="49739" /><G135/><T126/><D126/><U37/><E76/><V71/><F71/><W112/><G102/><T21/><D111/><U18/><E130/><V19/><F106/><W10/><G112/><T27/><D30/><U47/><E56/><N who="2" m="34823" /><F29/><W109/><G109/><T87/><D54/><U118/><E118/><V36/><F36/><W31/><G86/><T63/><D63/><U32/><E32/><V59/><F77/><W89/><G89/><T11/><D11/><U121/><E121/><V117/><F117/><W116/><G48/><T104/><D104/><U103/><E103/><V122/><F122/><W16/><G116/><T107/><D107/><U75/><E75/><V82/><AGARI ba="0,0" hai="19,23,25,55,59,62,80,81,82,97,99" m="34823" machi="82" ten="30,3000,0" yaku="8,1,54,1" doraHai="45" who="2" fromWho="2" sc="82,-10,498,-10,170,30,250,-10" /><INIT seed="2,1,0,4,1,46" ten="72,488,200,240" oya="2" hai0="17,36,87,33,125,115,45,90,124,74,109,75,19" hai1="52,132,135,50,39,43,26,40,32,110,16,18,28" hai2="70,10,21,76,9,98,71,121,99,72,81,79,22" hai3="131,6,30,56,84,80,78,96,129,111,101,5,82"/><V116/><F72/><W13/><G111/><T42/><D115/><U3/><E3/><V23/><F81/><W47/><G30/><T31/><D109/><U86/><E86/><V20/><F20/><W34/><G34/><T94/><D75/><U128/><E128/><N who="3" m="49226" /><G47/><T57/><D74/><U107/><E107/><V2/><F2/><W14/><G56/><T60/><D33/><U44/><E110/><V8/><F116/><W93/><G80/><T91/><D31/><U24/><E24/><V15/><F15/><AGARI ba="1,0" hai="5,6,13,14,15,78,82,84,93,96,101" m="49226" machi="15" ten="30,1000,0" yaku="19,1" doraHai="46" who="3" fromWho="2" sc="72,0,488,0,200,-13,240,13" /><INIT seed="3,0,0,3,1,63" ten="72,488,187,253" oya="3" hai0="5,14,26,135,125,56,9,71,127,3,61,0,133" hai1="72,77,28,39,67,46,88,118,23,98,123,11,121" hai2="128,33,55,34,48,105,75,76,32,103,78,97,73" hai3="6,66,101,134,17,44,79,129,52,53,87,10,35"/><W131/><G35/><T116/><D71/><U132/><E118/><V1/><F1/><N who="0" m="586" /><D61/><U81/><E132/><N who="0" m="50761" /><D56/><U31/><E11/><V21/><F128/><N who="3" m="49227" /><G134/><T13/><D116/><U109/><E109/><V41/><F41/><W57/><G101/><T80/><D80/><U110/><E110/><V64/><F64/><W24/><G44/><T8/><D26/><U29/><E67/><V43/><F43/><W62/><G79/><T50/><D50/><U90/><E39/><V107/><F107/><W58/><G87/><T115/><D115/><U15/><E46/><V68/><F78/><W94/><G94/><T49/><D49/><U117/><E117/><V114/><F76/><W65/><G57/><T85/><D85/><U84/><E98/><V19/><F68/><W83/><G83/><T37/><D37/><U126/><E123/><V12/><REACH who="2" step="1"/><F114/><REACH who="2" ten="72,488,177,253" step="2"/><W113/><G113/><T86/><D86/><U59/><E121/><V111/><F111/><W106/><G106/><T7/><AGARI ba="0,1" hai="5,7,8,9,13,14,125,127" m="50761,586" machi="7" ten="40,5200,0" yaku="20,1,34,2" doraHai="63" who="0" fromWho="0" sc="72,62,488,-13,177,-13,253,-26" /><INIT seed="4,0,0,1,5,106" ten="134,475,164,227" oya="0" hai0="8,64,128,59,125,109,102,32,97,21,35,25,83" hai1="14,18,42,95,40,73,63,20,22,126,99,96,28" hai2="55,9,112,30,7,133,107,118,37,56,50,65,68" hai3="130,82,101,15,1,6,129,120,69,5,11,127,39"/><T66/><D125/><U87/><E126/><V74/><F118/><W10/><G127/><T76/><D128/><N who="3" m="49257" /><G69/><T48/><D109/><U0/><E0/><V122/><F122/><W67/><G67/><T62/><D8/><U78/><E73/><V86/><F107/><W34/><G39/><T77/><D48/><U38/><E63/><V36/><F30/><W84/><G101/><T16/><D66/><U57/><E57/><V135/><F112/><W23/><G34/><T61/><D61/><U81/><E38/><V29/><F29/><W98/><G98/><N who="1" m="37418" /><E95/><V91/><F65/><W94/><G94/><T52/><D64/><U47/><E47/><V60/><F60/><W45/><G45/><T119/><D77/><U17/><E28/><V124/><F68/><W123/><G23/><T132/><D119/><U93/><E93/><V116/><F116/><W104/><G104/><T70/><D70/><U51/><E51/><V85/><F37/><W115/><G115/><T26/><D26/><AGARI ba="0,0" hai="14,17,18,20,22,26,40,42,78,81,87" m="37418" machi="26" ten="30,1000,0" yaku="8,1" doraHai="106" who="1" fromWho="0" sc="134,-10,475,10,164,0,227,0" /><INIT seed="5,0,0,0,0,1" ten="124,485,164,227" oya="1" hai0="102,126,73,103,81,112,30,27,14,26,98,13,91" hai1="2,52,100,34,35,118,61,25,94,39,119,120,21" hai2="67,117,86,82,10,37,46,108,64,132,11,123,36" hai3="77,80,78,90,55,50,115,15,68,96,93,69,42"/><U43/><E120/><V101/><F123/><W85/><G115/><T48/><D112/><U104/><E104/><V89/><F108/><W71/><G42/><T29/><D126/><U40/><E2/><V63/><F117/><W12/><REACH who="3" step="1"/><G78/><REACH who="3" ten="124,485,164,217" step="2"/><T99/><D73/><U16/><E43/><V130/><F132/><W20/><G20/><T106/><D81/><U129/><E119/><V56/><F82/><W31/><G31/><T54/><D91/><U23/><E118/><V87/><F89/><W51/><G51/><T0/><D0/><U33/><E23/><V107/><F37/><W8/><G8/><T62/><D62/><U125/><E40/><V111/><F10/><W58/><AGARI ba="0,1" hai="12,15,50,55,58,68,69,71,77,80,85,90,93,96" machi="58" ten="30,8000,1" yaku="1,1,0,1,53,3" doraHai="1" doraHaiUra="65" who="3" fromWho="3" sc="124,-20,485,-40,164,-20,217,90" /><INIT seed="6,0,0,0,2,86" ten="104,445,144,307" oya="2" hai0="40,29,100,94,132,72,82,55,68,135,123,85,53" hai1="56,41,10,106,73,87,120,24,83,115,127,134,129" hai2="2,71,60,22,98,105,76,133,27,46,5,103,45" hai3="112,37,33,70,61,99,124,66,95,44,65,79,80"/><V20/><F133/><W108/><G108/><T14/><D123/><U126/><E134/><N who="0" m="51241" /><D68/><U118/><E120/><V11/><F76/><W114/><G33/><T88/><D29/><U9/><E106/><V78/><F78/><W21/><G66/><T67/><D67/><U59/><E118/><V32/><F22/><W23/><G124/><T63/><D63/><U130/><E73/><V18/><F71/><W122/><G122/><T51/><D14/><U116/><E116/><V36/><F36/><W128/><G128/><N who="1" m="49258" /><E41/><V8/><F60/><W58/><G70/><T113/><D113/><N who="3" m="43625" /><G44/><N who="0" m="25991" /><D72/><U75/><E24/><V16/><REACH who="2" step="1"/><F32/><REACH who="2" ten="104,445,134,307" step="2"/><W69/><G37/><T31/><D31/><U77/><E115/><V74/><F74/><N who="3" m="43127" /><G69/><T57/><D57/><N who="1" m="22091" /><E75/><V109/><F109/><W131/><G131/><T30/><D30/><U1/><E10/><V3/><F3/><W34/><G34/><T19/><D19/><U49/><E49/><V101/><F101/><AGARI ba="0,1" hai="21,23,58,61,65,95,99,101" m="43127,43625" machi="101" ten="30,2000,0" yaku="15,1,11,1" doraHai="86" who="3" fromWho="2" sc="104,0,445,0,134,-20,307,30" /><INIT seed="7,0,0,3,5,30" ten="104,445,114,337" oya="3" hai0="66,20,26,84,75,70,39,54,82,77,90,3,60" hai1="91,76,49,46,105,110,71,98,41,127,99,126,16" hai2="83,11,103,37,80,62,88,8,17,29,81,125,119" hai3="7,102,53,94,33,9,48,116,6,87,35,15,129"/><W107/><G116/><T120/><D120/><U44/><E110/><V133/><F119/><W73/><G73/><T106/><D39/><U1/><E1/><V111/><F111/><W101/><G129/><T113/><D3/><U135/><E71/><V24/><F37/><W114/><G114/><T134/><D113/><U27/><E135/><V14/><F133/><W128/><G128/><T22/><D134/><U108/><E108/><V79/><F103/><W96/><G6/><T123/><D123/><U130/><E130/><V67/><F125/><N who="1" m="47625" /><E76/><V34/><F88/><W55/><G55/><T21/><D106/><U23/><E105/><V63/><F63/><W28/><G28/><T124/><D124/><U131/><E131/><V65/><F65/><W58/><REACH who="3" step="1"/><G87/><REACH who="3" ten="104,445,114,327" step="2"/><T2/><D54/><N who="1" m="29991" /><E91/><V18/><F79/><W57/><G57/><T104/><D104/><U10/><E10/><V117/><F11/><W59/><G59/><T93/><REACH who="0" step="1"/><D2/><REACH who="0" ten="94,445,114,327" step="2"/><U36/><AGARI ba="0,2" hai="16,23,27,36,41,46,98,99" m="29991,47625" machi="36" ten="30,2000,0" yaku="18,1,54,1" doraHai="30" who="1" fromWho="1" sc="94,-5,445,40,114,-5,327,-10" owari="89,-41.1,485,58.5,109,-29.1,317,11.7" /></mjloggm>