<mjloggm ver="2.3"><GO type="169" lobby="0"/><UN n0="%E3%83%A9%E3%82%B9%E3%82%8B%E3%81%8B%E3%81%AA" n1="%E3%83%AA%E3%83%84%E3%83%9F%E3%82%B5%E3%83%B3" n2="%6D%69%6E%65%72%61%6C%32" n3="%70%61%77%61" dan="17,17,17,18" rate="2215.19,2219.68,2167.64,2301.81" sx="M,M,M,M"/><TAIKYOKU oya="0"/><INIT seed="0,0,0,5,1,124" ten="250,250,250,250" oya="0" hai0="11,85,126,96,128,54,107,45,9,17,56,109,2" hai1="13,49,72,38,97,15,43,120,55,122,36,18,127" hai2="93,51,53,66,95,71,68,112,116,31,28,88,114" hai3="64,103,41,99,75,79,27,21,90,19,62,78,111"/><T8/><D126/><U63/><E72/><V73/><F73/><W132/><G111/><T82/><D2/><U0/><E0/><V134/><F134/><W59/><G132/><T108/><D45/><U87/><E63/><V110/><F110/><N who="0" m="42602" /><D96/><U29/><E97/><V106/><F106/><W81/><G41/><T39/><D107/><U69/><E43/><V92/><F116/><W123/><G123/><T67/><D67/><U50/><E38/><V7/><F7/><W129/><G79/><N who="0" m="46303" /><D39/><U119/><E36/><V125/><F125/><W37/><G37/><T1/><D1/><U94/><E119/><V65/><F51/><W10/><G90/><T42/><D42/><U34/><E50/><V25/><F88/><W74/><G74/><T61/><D17/><U70/><E18/><V98/><F98/><W118/><G118/><T6/><D6/><U33/><E127/><V24/><F93/><W133/><G133/><T102/><D102/><U40/><E94/><V101/><F53/><W5/><G99/><T105/><D105/><U100/><E40/><V26/><F26/><W14/><REACH who="3" step="1"/><G103/><AGARI ba="0,0" hai="24,25,28,31,65,66,68,71,92,95,101,103,112,114" machi="103" ten="25,1600,0" yaku="22,2" doraHai="124" who="2" fromWho="3" sc="250,0,250,0,250,16,250,-16" /><INIT seed="1,0,0,3,1,65" ten="250,250,266,234" oya="1" hai0="5,27,35,64,89,73,46,110,127,98,118,91,116" hai1="17,1,10,66,102,92,114,29,21,55,14,107,18" hai2="122,112,2,51,81,90,11,48,15,124,74,80,76" hai3="41,32,22,59,61,69,134,97,12,88,49,42,50"/><U103/><E114/><V113/><F122/><W8/><G32/><T87/><D73/><U26/><E107/><V117/><F2/><W45/><G134/><T58/><D110/><U96/><E1/><V31/><F117/><W131/><G131/><T115/><D115/><N who="2" m="44106" /><F31/><W67/><G22/><T132/><D132/><U93/><E66/><V9/><F9/><W99/><G88/><T72/><D72/><U4/><REACH who="1" step="1"/><E55/><REACH who="1" ten="250,240,266,234" step="2"/><V3/><F3/><W7/><G69/><T6/><D64/><U75/><E75/><V43/><F43/><W101/><G101/><T47/><D116/><U128/><E128/><V95/><F124/><W86/><G86/><T30/><D87/><U71/><E71/><V109/><F109/><W0/><G0/><T37/><D127/><U111/><E111/><V62/><F74/><W82/><G82/><T23/><D118/><U68/><E68/><V126/><F81/><W20/><G42/><T105/><D105/><U53/><E53/><V100/><F126/><W36/><G41/><T44/><D98/><AGARI ba="0,1" hai="4,10,14,17,18,21,26,29,92,93,96,98,102,103" machi="98" ten="40,7700,0" yaku="1,1,9,1,8,1,53,0" doraHai="65" doraHaiUra="33" who="1" fromWho="0" sc="250,-77,240,87,266,0,234,0" /><INIT seed="1,1,0,4,2,129" ten="173,327,266,234" oya="1" hai0="60,49,110,114,115,14,52,70,48,2,126,41,46" hai1="63,133,47,55,121,33,54,83,112,23,80,36,51" hai2="30,73,62,43,88,59,117,108,97,85,7,79,128" hai3="56,6,45,40,34,98,87,27,1,20,18,76,8"/><U77/><E121/><V119/><F108/><W42/><G98/><T75/><D2/><U94/><E33/><V37/><F128/><W66/><G66/><N who="0" m="41287" /><D75/><U58/><E112/><N who="0" m="43049" /><D14/><U31/><E36/><V13/><F30/><W113/><G113/><T10/><D10/><U105/><E105/><V124/><F124/><W74/><G56/><N who="0" m="32775" /><D110/><U93/><E83/><V29/><F29/><W26/><G74/><T25/><D25/><U99/><E99/><V38/><F97/><W68/><G68/><T120/><D120/><U0/><E0/><V12/><F79/><W3/><G3/><T53/><D126/><U64/><E93/><V116/><F73/><W91/><G76/><T4/><D4/><U125/><E94/><V109/><F109/><W24/><G34/><T9/><D9/><U86/><E125/><V11/><F13/><W89/><G89/><T135/><D53/><U96/><E96/><V82/><REACH who="2" step="1"/><F43/><REACH who="2" ten="173,327,256,234" step="2"/><W61/><G42/><T57/><D57/><U16/><E31/><V44/><F44/><W5/><G45/><T118/><D118/><U71/><E58/><V84/><F84/><W122/><G122/><T111/><D111/><U104/><E86/><V78/><F78/><W67/><G40/><T69/><D69/><U35/><E77/><V130/><F130/><W72/><G72/><T21/><D21/><U65/><E23/><V134/><F134/><AGARI ba="1,1" hai="41,46,49,134,135" m="32775,43049,41287" machi="134" ten="30,8000,1" yaku="34,2,52,2,54,1" doraHai="129" who="0" fromWho="2" sc="173,93,327,0,256,-83,234,0" /><INIT seed="2,0,0,2,5,28" ten="266,327,173,234" oya="2" hai0="108,22,8,56,89,99,90,33,6,130,11,7,36" hai1="38,71,59,109,26,20,64,16,24,57,76,120,60" hai2="37,100,30,10,133,55,3,2,1,104,32,126,86" hai3="68,34,115,67,111,17,13,131,44,116,4,74,58"/><V121/><F121/><W12/><G116/><T41/><D108/><U134/><E109/><V95/><F133/><W50/><G74/><T78/><D130/><U29/><E38/><V97/><F126/><W52/><G111/><T81/><D22/><U51/><E134/><V127/><F127/><W9/><G131/><T85/><D56/><U47/><E76/><V93/><F37/><W21/><G115/><T40/><D33/><U23/><REACH who="1" step="1"/><E120/><REACH who="1" ten="266,317,173,234" step="2"/><V114/><F114/><W77/><G77/><T79/><D36/><U63/><E63/><V19/><F1/><W84/><G68/><T106/><D79/><U46/><E46/><V132/><F2/><W0/><G0/><T103/><D78/><U113/><E113/><V45/><F132/><W39/><G39/><T110/><D110/><U128/><E128/><V27/><F3/><W62/><REACH who="3" step="1"/><G84/><REACH who="3" ten="266,317,173,224" step="2"/><T43/><D85/><U31/><E31/><V5/><F86/><W66/><G66/><T53/><D99/><U105/><E105/><V75/><F75/><W65/><G65/><T98/><D106/><U82/><E82/><V91/><F104/><W83/><G83/><T54/><D81/><U129/><E129/><V122/><F122/><W135/><G135/><T70/><D70/><U118/><E118/><V107/><F107/><W123/><G123/><T117/><D117/><U101/><E101/><V94/><F100/><W18/><G18/><T125/><D103/><U96/><E96/><V102/><F19/><W119/><G119/><T80/><D98/><U48/><E48/><N who="2" m="29071" /><F102/><W72/><G72/><T87/><D87/><RYUUKYOKU ba="0,2" sc="266,-30,317,10,173,10,224,10" hai1="16,20,23,24,26,29,47,51,57,59,60,64,71" hai2="5,10,27,30,32,91,93,94,95,97" hai3="4,9,12,13,17,21,34,44,50,52,58,62,67" /><INIT seed="2,1,2,3,3,124" ten="236,327,183,234" oya="2" hai0="70,122,32,7,28,39,97,96,65,33,118,10,68" hai1="22,37,105,2,12,40,50,13,26,81,76,49,62" hai2="52,29,19,47,102,67,78,98,82,87,115,92,130" hai3="4,79,91,135,93,36,35,103,53,16,18,129,51"/><V54/><F115/><W0/><G36/><T6/><D39/><U69/><E105/><V38/><F130/><W41/><G41/><T72/><D72/><U128/><E2/><V57/><F29/><W104/><G35/><T94/><D122/><U101/><E101/><V73/><F38/><W14/><G79/><T85/><D118/><U71/><E62/><V15/><F47/><W123/><G123/><T106/><D85/><U75/><E40/><V27/><F27/><W31/><G31/><T131/><D94/><U42/><E42/><V134/><F134/><W21/><G135/><T107/><D28/><U89/><E89/><V84/><F67/><W111/><G111/><T64/><D10/><U110/><E22/><V88/><F57/><W66/><G66/><T90/><D90/><U132/><E81/><N who="2" m="49263" /><F73/><W127/><G0/><T23/><D23/><AGARI ba="1,2" hai="15,19,23,52,54,78,82,84,92,98,102" m="49263" machi="23" ten="30,5800,0" yaku="8,1,54,2" doraHai="124" who="2" fromWho="0" sc="236,-61,327,0,183,81,234,0" /><INIT seed="2,2,0,3,1,95" ten="175,327,264,234" oya="2" hai0="35,2,59,27,122,43,12,111,103,34,62,17,16" hai1="129,15,110,131,126,100,75,135,79,124,36,82,94" hai2="30,58,9,119,11,77,56,20,118,102,109,90,37" hai3="104,29,3,81,89,98,72,33,5,132,57,50,114"/><V49/><F37/><W24/><G132/><T63/><D2/><U48/><E36/><V14/><F77/><W22/><G114/><T92/><D122/><U1/><E48/><V64/><F102/><W134/><G134/><T97/><D111/><U55/><E55/><V6/><F109/><W13/><G72/><T46/><D63/><U25/><E15/><V93/><F64/><W44/><G57/><T101/><D103/><U71/><E25/><V10/><F119/><W47/><G81/><T21/><D17/><U66/><E66/><V69/><F69/><W40/><G47/><T7/><D7/><U38/><E38/><V80/><F80/><W127/><G127/><N who="1" m="48682" /><E1/><V8/><F49/><W116/><G116/><T53/><REACH who="0" step="1"/><D27/><REACH who="0" ten="165,327,264,234" step="2"/><U78/><E110/><V117/><F117/><W39/><G3/><T91/><D91/><U76/><E135/><V120/><F120/><W121/><G121/><T130/><D130/><N who="1" m="49675" /><E71/><V108/><F108/><W0/><G0/><T125/><D125/><U18/><E18/><V99/><F118/><W115/><G5/><T23/><D23/><U51/><E51/><AGARI ba="2,1" hai="12,16,21,34,35,43,46,51,53,59,62,92,97,101" machi="51" ten="30,7700,0" yaku="1,1,7,1,52,1,54,1,53,0" doraHai="95" doraHaiUra="86" who="0" fromWho="1" sc="165,93,327,-83,264,0,234,0" /><INIT seed="3,0,0,2,3,83" ten="258,244,264,234" oya="3" hai0="85,4,128,27,91,114,32,58,71,87,125,40,80" hai1="115,24,50,46,97,49,117,30,8,16,12,75,48" hai2="21,133,54,122,135,37,34,62,110,14,28,118,26" hai3="42,43,17,103,88,81,129,93,63,72,18,52,55"/><W131/><G103/><T3/><D71/><U78/><E115/><V1/><F37/><W47/><G72/><T105/><D105/><U98/><E117/><V94/><F118/><W7/><G81/><T102/><D102/><U22/><E75/><V67/><F110/><W23/><G7/><T35/><D128/><N who="3" m="49225" /><G63/><T53/><D125/><U68/><E68/><V38/><F122/><W60/><G60/><T45/><D114/><U82/><REACH who="1" step="1"/><E46/><REACH who="1" ten="258,234,264,234" step="2"/><V2/><F135/><W25/><G18/><T29/><D45/><U69/><E69/><V113/><F133/><W84/><G43/><T65/><D40/><U0/><E0/><V41/><F113/><W127/><G127/><T119/><D119/><U73/><AGARI ba="0,1" hai="8,12,16,22,24,30,48,49,50,73,78,82,97,98" machi="73" ten="30,4000,0" yaku="1,1,0,1,54,1,53,0" doraHai="83" doraHaiUra="64" who="1" fromWho="1" sc="258,-10,234,50,264,-10,234,-20" /><INIT seed="4,0,0,2,2,106" ten="248,284,254,214" oya="0" hai0="44,85,107,58,110,65,111,3,6,32,24,92,109" hai1="51,101,9,82,114,25,98,105,56,96,15,93,123" hai2="57,60,2,91,97,66,49,38,100,39,30,104,14" hai3="7,122,63,19,117,78,80,1,132,68,40,77,79"/><T53/><D107/><U71/><E71/><V4/><F2/><W90/><G117/><T134/><D134/><U12/><E123/><V42/><F30/><W5/><G132/><T127/><D127/><U16/><E114/><V125/><F125/><W36/><G122/><T26/><D32/><U130/><E130/><V86/><F4/><W61/><G19/><T112/><D112/><U10/><E25/><V54/><F14/><W87/><G68/><T84/><D65/><U89/><E56/><V55/><F42/><W120/><G120/><T94/><D44/><U43/><E51/><V18/><F18/><W118/><G118/><T28/><D6/><U70/><E43/><V11/><F11/><W22/><G22/><T59/><D3/><U133/><E70/><V113/><F54/><W23/><G23/><T0/><D0/><U37/><E37/><V20/><F20/><W88/><G90/><T81/><D81/><U129/><E129/><V99/><F99/><W46/><REACH who="3" step="1"/><G7/><REACH who="3" ten="248,284,254,204" step="2"/><T72/><D110/><U8/><E133/><V50/><F113/><W108/><G108/><T131/><D131/><U95/><E15/><V35/><F35/><W48/><G48/><T29/><D53/><U41/><E41/><V124/><F50/><W119/><G119/><T121/><D121/><U76/><REACH who="1" step="1"/><E105/><REACH who="1" ten="248,274,254,204" step="2"/><V115/><F115/><W135/><G135/><T31/><D31/><U74/><AGARI ba="0,2" hai="8,9,10,12,16,74,76,82,89,93,95,96,98,101" machi="74" ten="20,12000,2" yaku="1,1,2,1,0,1,7,1,52,1,54,1,53,0" doraHai="106" doraHaiUra="64" who="1" fromWho="1" sc="248,-60,274,140,254,-30,204,-30" /><INIT seed="5,0,0,3,2,116" ten="188,414,224,174" oya="1" hai0="108,33,95,104,79,122,74,105,23,59,19,69,106" hai1="110,107,90,40,78,121,24,80,87,114,84,89,123" hai2="131,113,102,66,94,32,86,82,13,43,28,8,1" hai3="21,63,76,26,29,57,50,48,126,34,93,129,46"/><U36/><E40/><V135/><F135/><W20/><G126/><T71/><D33/><U97/><E36/><V56/><F131/><W96/><G129/><T55/><D108/><U133/><E24/><V4/><F43/><W77/><G34/><T70/><D95/><N who="1" m="54695" /><E133/><V111/><F111/><W30/><G20/><T124/><D124/><U16/><E16/><V103/><F113/><W12/><G12/><T54/><D79/><U75/><E110/><V25/><F94/><W101/><G30/><T45/><D74/><U35/><E35/><V14/><F14/><W98/><G98/><T109/><D109/><U127/><E114/><V47/><F47/><W65/><G50/><T100/><D100/><N who="1" m="62863" /><E127/><V120/><F66/><W44/><G44/><T83/><D45/><U27/><E27/><V58/><F58/><W2/><G2/><T92/><D55/><AGARI ba="0,0" hai="21,26,29,46,48,55,57,63,65,76,77,93,96,101" machi="55" ten="30,7700,0" yaku="7,1,25,2,8,1" doraHai="116" who="3" fromWho="0" sc="188,-77,414,0,224,0,174,77" /><INIT seed="6,0,0,0,0,14" ten="111,414,224,251" oya="2" hai0="111,76,8,21,104,43,30,38,95,88,5,125,85" hai1="31,41,13,87,74,72,75,1,121,61,10,16,11" hai2="40,131,93,53,114,49,57,52,37,107,42,60,55" hai3="98,116,63,126,45,101,130,67,81,94,86,59,110"/><V119/><F107/><W15/><G110/><T102/><D111/><U90/><E41/><N who="2" m="15979" /><F93/><W36/><G36/><T62/><D125/><U48/><E31/><V106/><F106/><W27/><G116/><T26/><D76/><U65/><E1/><V92/><F92/><W0/><G0/><T91/><D91/><U96/><E96/><V117/><F37/><W99/><G130/><T64/><D43/><U34/><E34/><V39/><F39/><W33/><G126/><T78/><D38/><U133/><E10/><V115/><F131/><W129/><G129/><T123/><D78/><U108/><E121/><V51/><F51/><W127/><G127/><T54/><D123/><U32/><E48/><V135/><F135/><W69/><G98/><T103/><D54/><N who="2" m="21098" /><F60/><W17/><G33/><T6/><D104/><U70/><E32/><V18/><F18/><W77/><G69/><T68/><REACH who="0" step="1"/><D6/><REACH who="0" ten="101,414,224,251" step="2"/><U112/><E108/><V128/><F128/><W56/><G77/><T118/><D118/><AGARI ba="0,1" hai="49,55,57,114,115,117,118,119" m="21098,15979" machi="118" ten="30,5800,0" yaku="34,2,54,1" doraHai="14" who="2" fromWho="0" sc="101,-58,414,0,224,68,251,0" /><INIT seed="6,1,0,3,2,32" ten="43,414,292,251" oya="2" hai0="95,56,112,79,120,24,81,92,39,129,49,37,93" hai1="8,119,63,104,11,66,17,29,61,113,121,54,52" hai2="106,77,71,117,46,89,69,109,125,7,59,10,6" hai3="102,50,2,111,14,105,60,130,76,38,4,67,118"/><V91/><F117/><W23/><G118/><T127/><D120/><U9/><E104/><V72/><F125/><W13/><G38/><T45/><D127/><U85/><E113/><V34/><F34/><W82/><G111/><T26/><D112/><U74/><E74/><V126/><F126/><W19/><G130/><T30/><D129/><U27/><E121/><V41/><F106/><W64/><G50/><T135/><D135/><U20/><E85/><V132/><F132/><W103/><G2/><T5/><D56/><N who="1" m="37159" /><E119/><V100/><F100/><W84/><G105/><T98/><D39/><U123/><E123/><V1/><F6/><W110/><G110/><T21/><D37/><U99/><E99/><V134/><F134/><W31/><G31/><T33/><D5/><U122/><E122/><V131/><F131/><W3/><G3/><T96/><D33/><U86/><E86/><V55/><F109/><W70/><G67/><T18/><D26/><U68/><E68/><V42/><F71/><W83/><G83/><T94/><N who="0" m="23552" /><DORA hai="115" /><T43/><REACH who="0" step="1"/><D30/><REACH who="0" ten="33,414,292,251" step="2"/><U35/><E35/><V44/><F69/><W108/><G108/><T62/><D62/><U15/><E63/><N who="2" m="36351" /><F46/><W36/><G36/><T25/><D25/><U116/><E116/><V124/><F124/><W58/><G70/><T107/><D107/><U90/><E27/><V47/><F47/><W73/><G4/><T114/><D114/><U48/><E48/><V51/><F51/><W80/><G58/><T101/><D101/><U57/><E57/><V16/><F44/><W53/><G103/><T28/><D28/><RYUUKYOKU ba="1,1" sc="33,30,414,-10,292,-10,251,-10" hai0="18,21,24,43,45,49,79,81,96,98" /><INIT seed="7,2,1,3,2,31" ten="63,404,282,241" oya="3" hai0="94,103,65,29,7,59,0,35,26,111,110,55,53" hai1="69,4,77,127,81,92,2,120,47,43,93,70,83" hai2="61,114,113,72,76,86,100,73,88,95,126,82,15" hai3="20,118,122,41,131,60,80,37,130,125,68,91,38"/><W135/><G118/><T85/><D65/><U98/><E120/><V6/><F126/><W18/><G122/><T104/><D104/><U48/><E127/><V11/><F61/><W123/><G123/><T45/><D45/><U1/><E83/><V124/><F124/><W115/><G125/><T44/><D44/><U116/><E93/><V22/><F22/><W17/><G115/><N who="2" m="44041" /><F100/><W121/><G121/><T90/><D103/><U96/><E96/><AGARI ba="2,1" hai="6,11,15,72,73,76,82,86,88,95,96" m="44041" machi="96" ten="30,2000,0" yaku="15,1,54,1" doraHai="31" who="2" fromWho="1" sc="63,0,404,-26,282,36,241,0" owari="63,-43.7,378,47.8,318,11.8,241,-15.9" /></mjloggm>