<mjloggm ver="2.3"><GO type="169" lobby="0"/><UN n0="%E3%81%95%E3%81%8B%E3%81%8D" n1="%E3%82%B3%E3%81%98%E3%81%95%E3%82%93%EF%BC%9F" n2="%78%78%E3%81%9D%E3%81%B0" n3="%4C%21%56%45" dan="17,17,16,16" rate="2219.72,2111.00,2105.91,2116.92" sx="M,M,M,M"/><TAIKYOKU oya="0"/><INIT seed="0,0,0,5,0,103" ten="250,250,250,250" oya="0" hai0="2,35,113,67,75,81,92,55,106,41,100,63,38" hai1="134,40,117,107,99,80,12,27,20,53,127,64,62" hai2="131,91,114,3,122,124,25,57,8,104,17,58,102" hai3="126,4,89,94,39,65,86,26,73,18,120,129,43"/><T112/><D92/><U59/><E117/><V48/><F122/><W13/><G129/><T47/><D35/><U121/><E121/><V105/><F102/><W96/><G126/><T108/><D2/><U37/><E127/><V82/><F114/><W118/><G73/><T28/><D28/><U109/><E109/><V42/><F58/><W123/><G118/><T77/><D55/><U1/><E1/><V69/><F69/><W11/><G39/><T132/><D132/><U50/><E134/><V78/><F91/><W72/><G72/><T33/><D33/><U56/><E12/><V115/><F115/><W34/><G43/><T97/><REACH who="0" step="1"/><D108/><REACH who="0" ten="240,250,250,250" step="2"/><U116/><E53/><V88/><F124/><W24/><G34/><T9/><D9/><U79/><E116/><V45/><F131/><W21/><G65/><T128/><D128/><U31/><E31/><V49/><F3/><W85/><G123/><T70/><AGARI ba="0,1" hai="38,41,47,63,67,70,75,77,81,97,100,106,112,113" machi="70" ten="20,18000,2" yaku="1,1,0,1,7,1,23,2,52,1,53,0" doraHai="103" doraHaiUra="7" who="0" fromWho="0" sc="240,190,250,-60,250,-60,250,-60" /><INIT seed="0,1,0,1,2,116" ten="430,190,190,190" oya="0" hai0="37,25,55,122,6,33,87,92,91,83,31,76,113" hai1="10,13,134,52,54,107,39,35,0,79,46,64,81" hai2="70,59,4,22,14,132,133,29,1,47,120,57,126" hai3="50,49,36,48,101,75,115,65,60,111,11,56,45"/><T7/><D113/><U86/><E134/><V16/><F70/><W61/><G75/><T27/><D37/><U105/><E35/><V127/><F47/><W93/><G11/><T78/><D78/><U119/><E119/><V110/><F110/><W129/><G93/><T124/><D124/><N who="2" m="47658" /><F120/><W19/><G19/><T12/><D122/><U2/><E64/><V73/><F73/><W23/><G23/><T18/><D55/><U34/><E34/><V58/><F29/><W117/><G101/><T5/><D25/><U68/><E68/><V104/><F104/><W84/><G84/><T114/><D114/><U24/><E24/><V103/><F103/><W42/><G117/><T108/><D108/><U51/><E39/><V135/><F1/><W98/><G98/><T30/><D31/><U38/><E38/><V112/><F112/><W41/><G115/><T90/><REACH who="0" step="1"/><D92/><REACH who="0" ten="420,190,190,190" step="2"/><U44/><E105/><V53/><F4/><W121/><G121/><T3/><D3/><U82/><E107/><V123/><F123/><W128/><G111/><T67/><D67/><U131/><E0/><V100/><F100/><W71/><G42/><T63/><D63/><AGARI ba="1,1" hai="14,16,22,53,57,58,59,63,132,133,135" m="47658" machi="63" ten="40,5200,0" yaku="20,1,18,1,54,1" doraHai="116" who="2" fromWho="0" sc="420,-55,190,0,190,65,190,0" /><INIT seed="1,0,0,3,2,114" ten="365,190,255,190" oya="1" hai0="85,61,3,119,102,32,118,23,7,75,2,65,71" hai1="95,30,19,77,11,4,106,129,82,96,63,14,100" hai2="57,40,34,52,125,24,74,104,28,88,103,18,31" hai3="76,16,50,1,94,84,59,130,115,68,38,10,13"/><U73/><E129/><V27/><F74/><W111/><G115/><T121/><D23/><U0/><E30/><V83/><F125/><W67/><G111/><T91/><D85/><U113/><E113/><V17/><F40/><W48/><G130/><T126/><D91/><U37/><E63/><V107/><F103/><W98/><G68/><T26/><D126/><U108/><E108/><V81/><F88/><W36/><G36/><T53/><D53/><U66/><E66/><V134/><F52/><W112/><G112/><T123/><D102/><U29/><E29/><V46/><F57/><W45/><G1/><N who="0" m="11" /><D7/><U56/><E56/><V49/><F49/><W9/><G9/><T72/><D26/><U58/><E58/><V93/><F93/><W135/><G135/><T124/><D32/><U99/><E37/><V131/><F131/><W25/><G25/><T44/><D44/><U87/><E73/><N who="0" m="28233" /><D124/><U47/><E47/><V62/><F134/><W90/><G38/><T86/><D86/><U105/><REACH who="1" step="1"/><E96/><REACH who="1" ten="365,180,255,190" step="2"/><V128/><F128/><W89/><G45/><T120/><AGARI ba="0,1" hai="61,65,71,118,119,120,121,123" m="28233,11" machi="120" ten="40,8000,1" yaku="13,1,23,1,52,2" doraHai="114" who="0" fromWho="0" sc="365,90,180,-40,255,-20,190,-20" /><INIT seed="2,0,0,1,3,127" ten="455,140,235,170" oya="2" hai0="101,124,111,8,61,55,75,6,28,76,17,35,118" hai1="83,133,50,104,109,121,77,81,117,128,15,80,90" hai2="21,52,30,27,42,91,41,68,32,66,97,2,26" hai3="125,25,116,53,115,108,71,131,48,18,20,9,23"/><V60/><F2/><W3/><G116/><T82/><D118/><U120/><E117/><V24/><F24/><W7/><G115/><T33/><D124/><U130/><E109/><V36/><F36/><W44/><G108/><T78/><D111/><U38/><E38/><V14/><F14/><W85/><G131/><N who="1" m="50218" /><E133/><V4/><F4/><W70/><G125/><T123/><D28/><U86/><E104/><V94/><REACH who="2" step="1"/><F52/><REACH who="2" ten="455,140,225,170" step="2"/><W31/><REACH who="3" step="1"/><G85/><REACH who="3" ten="455,140,225,160" step="2"/><T54/><D123/><N who="1" m="47179" /><E50/><V135/><F135/><W64/><G64/><T63/><D63/><U49/><E49/><V22/><F22/><W73/><G73/><T92/><D75/><N who="1" m="43071" /><E15/><AGARI ba="0,2" hai="3,7,9,15,18,20,23,25,31,44,48,53,70,71" machi="15" ten="30,2000,0" yaku="1,1,7,1,53,0" doraHai="127" doraHaiUra="96" who="3" fromWho="1" sc="455,0,140,-20,225,0,160,40" /><INIT seed="3,0,0,2,5,2" ten="455,120,225,200" oya="3" hai0="34,129,37,62,30,93,31,12,49,13,131,76,1" hai1="67,111,53,6,94,46,95,41,14,38,125,22,25" hai2="52,64,78,11,24,21,68,98,84,126,118,40,133" hai3="80,113,107,127,8,66,82,26,90,108,60,28,83"/><W23/><G113/><T45/><D37/><U110/><E125/><V119/><F126/><W19/><G127/><T99/><D1/><U29/><E67/><V18/><F133/><W16/><G107/><T42/><D76/><U35/><E53/><V104/><F40/><W102/><G108/><T15/><D62/><U43/><E41/><V79/><F11/><W120/><G120/><T65/><D65/><U112/><E112/><V132/><F132/><W57/><G102/><N who="0" m="60783" /><D34/><U134/><E134/><V3/><F3/><W105/><G105/><T85/><D85/><U96/><E35/><V88/><F64/><W59/><G90/><T101/><D101/><U17/><E29/><V61/><F68/><W121/><G121/><T7/><D7/><U123/><E123/><V115/><F115/><W128/><G128/><AGARI ba="0,0" hai="12,13,15,30,31,42,45,49,128,129,131" m="60783" machi="128" ten="30,1000,0" yaku="19,1" doraHai="2" who="0" fromWho="3" sc="455,10,120,0,225,0,200,-10" /><INIT seed="4,0,0,1,2,73" ten="465,120,225,190" oya="0" hai0="87,30,60,100,20,90,64,66,36,1,63,129,121" hai1="52,109,99,46,125,8,126,124,48,53,120,34,11" hai2="107,23,25,134,0,32,7,108,96,43,102,3,85" hai3="65,49,24,111,29,39,80,91,41,74,77,6,113"/><T19/><D121/><U70/><E109/><V18/><F134/><W130/><G111/><T47/><D1/><U131/><E120/><V4/><F108/><W72/><G130/><T78/><D30/><U81/><E131/><V122/><F32/><W103/><G113/><T68/><D100/><U117/><E117/><V88/><F43/><W21/><G103/><T104/><D104/><U51/><E70/><V37/><F37/><W15/><G39/><T12/><D36/><U84/><E99/><V95/><REACH who="2" step="1"/><F122/><REACH who="2" ten="465,120,215,190" step="2"/><W58/><G41/><T2/><D129/><U55/><E34/><V127/><F127/><W33/><G33/><T105/><D68/><U93/><E93/><V42/><F42/><W10/><G72/><T17/><D105/><U76/><REACH who="1" step="1"/><E53/><REACH who="1" ten="465,110,215,190" step="2"/><V110/><F110/><W128/><G128/><T132/><D132/><U45/><AGARI ba="0,2" hai="8,11,45,46,48,51,52,55,76,81,84,124,125,126" machi="45" ten="30,12000,2" yaku="1,1,2,1,0,1,9,1,18,1,52,1,54,1,53,0" doraHai="73" doraHaiUra="116" who="1" fromWho="1" sc="465,-60,110,140,215,-30,190,-30" /><INIT seed="5,0,0,4,4,5" ten="405,250,185,160" oya="1" hai0="9,79,62,19,8,57,117,15,1,111,66,80,44" hai1="87,40,2,46,18,98,83,85,53,13,32,120,91" hai2="121,97,51,134,102,95,122,27,76,67,63,29,68" hai3="94,103,112,129,127,82,34,109,11,24,54,99,59"/><U38/><E120/><V14/><F76/><W37/><G112/><T116/><D111/><U26/><E2/><V64/><F64/><W105/><G109/><T25/><D25/><U131/><E131/><V50/><F134/><W77/><G77/><T118/><D44/><U58/><E32/><V78/><F78/><W133/><G133/><T21/><REACH who="0" step="1"/><D1/><REACH who="0" ten="395,250,185,160" step="2"/><U65/><E26/><V75/><F122/><W39/><G129/><T30/><D30/><U71/><E46/><V7/><F121/><W115/><G115/><T100/><D100/><U108/><E108/><V4/><F75/><AGARI ba="0,1" hai="8,9,15,19,21,57,62,66,75,79,80,116,117,118" machi="75" ten="40,5200,0" yaku="1,1,52,2,53,0" doraHai="5" doraHaiUra="28" who="0" fromWho="2" sc="395,62,250,0,185,-52,160,0" /><INIT seed="6,0,0,3,2,53" ten="457,250,133,160" oya="2" hai0="21,62,50,123,12,71,13,92,66,38,4,6,67" hai1="33,107,0,11,112,85,121,106,45,15,99,36,127" hai2="30,116,35,89,119,19,55,48,24,115,72,69,52" hai3="129,84,43,79,22,114,109,17,91,25,130,113,49"/><V125/><F72/><W51/><G79/><T58/><D38/><U1/><E33/><V5/><F69/><W59/><G109/><T68/><D92/><U74/><E74/><V110/><F115/><N who="3" m="44043" /><G43/><T75/><D21/><U8/><E85/><V32/><F32/><W98/><G98/><T135/><D50/><N who="3" m="18953" /><G59/><T65/><D65/><U10/><E99/><V37/><F37/><W27/><G27/><T100/><D100/><U26/><E26/><V70/><F70/><W80/><AGARI ba="0,0" hai="17,22,25,80,84,91,129,130" m="18953,44043" machi="80" ten="30,2000,0" yaku="15,1,11,1" doraHai="53" who="3" fromWho="3" sc="457,-5,250,-5,133,-10,160,20" /><INIT seed="7,0,0,1,4,9" ten="452,245,123,180" oya="3" hai0="93,78,103,105,63,23,127,30,19,35,48,47,130" hai1="67,102,60,128,55,44,58,113,65,46,15,88,83" hai2="21,28,20,87,124,24,69,120,121,32,43,18,133" hai3="17,74,26,101,96,10,131,125,11,94,75,80,79"/><W22/><G131/><T99/><D127/><U109/><E109/><V116/><F69/><W45/><G125/><T106/><D35/><U122/><E122/><V5/><F43/><W41/><REACH who="3" step="1"/><G75/><REACH who="3" ten="452,245,123,170" step="2"/><T70/><D130/><U61/><E128/><V115/><F124/><W33/><G33/><T25/><D106/><U4/><E113/><V111/><F115/><W2/><G2/><T37/><D105/><U3/><E3/><V118/><F111/><W73/><G73/><T81/><D70/><U89/><E67/><V59/><F133/><W92/><G92/><T110/><D93/><U123/><E65/><V72/><F72/><W119/><G119/><T56/><D110/><U34/><E34/><V82/><F118/><W14/><G14/><T6/><D25/><U86/><E15/><N who="2" m="9311" /><F116/><W108/><G108/><T50/><D81/><U12/><E12/><V38/><F32/><W132/><G132/><T129/><D129/><U134/><E83/><V51/><F120/><W126/><G126/><T49/><D6/><U40/><E4/><V135/><F5/><W97/><G97/><T95/><D99/><U36/><E123/><V8/><F121/><W29/><G29/><T90/><D30/><U57/><E134/><V104/><F104/><W84/><G84/><T77/><D95/><U13/><E86/><V54/><F135/><W114/><G114/><T112/><D112/><U0/><E0/><V27/><F27/><W107/><G107/><T76/><D19/><U71/><E13/><V68/><F87/><W31/><G31/><T7/><D7/><U85/><E85/><RYUUKYOKU ba="0,1" sc="452,-10,245,-10,123,-10,170,30" hai3="10,11,17,22,26,41,45,74,79,80,94,96,101" /><INIT seed="7,1,1,4,5,108" ten="442,235,113,200" oya="3" hai0="19,60,46,90,52,102,42,27,93,5,128,74,44" hai1="83,111,79,127,28,50,73,12,2,7,130,89,31" hai2="104,67,134,94,121,41,39,96,54,87,20,10,110" hai3="4,71,14,91,103,122,24,64,97,13,101,16,100"/><W63/><G122/><T37/><D74/><U76/><E111/><V125/><F104/><W133/><G133/><T22/><D128/><U95/><E2/><V33/><F121/><W123/><G123/><T17/><D5/><U84/><E130/><V61/><F33/><W112/><G112/><T106/><D102/><U59/><E127/><V117/><F117/><W115/><G115/><T129/><D106/><U75/><E75/><V1/><F125/><W77/><G77/><N who="1" m="29770" /><E95/><V47/><F110/><W114/><G114/><T21/><D17/><U132/><E73/><V23/><F134/><W124/><G124/><T98/><D22/><U107/><E107/><V35/><F35/><W9/><G24/><T48/><D60/><U11/><E132/><V131/><F131/><W53/><G91/><T135/><D135/><U126/><E126/><V80/><F54/><AGARI ba="1,1" hai="7,11,12,28,31,50,54,59,83,84,89" m="29770" machi="54" ten="30,1000,0" yaku="8,1" doraHai="108" who="1" fromWho="2" sc="442,0,235,23,113,-13,200,0" owari="442,54.2,258,5.8,100,-40.0,200,-20.0" /></mjloggm>