<mjloggm ver="2.3"><GO type="169" lobby="0"/><UN n0="%E3%81%8D%E3%81%84%E3%81%AA" n1="%E3%81%93%E3%81%9A" n2="%E4%BF%BA%E3%81%A7%E3%81%99" n3="%E3%81%BE%E3%83%BC%E3%81%86" dan="16,16,16,16" rate="2108.73,2044.38,2078.48,2074.35" sx="M,M,M,M"/><TAIKYOKU oya="0"/><INIT seed="0,0,0,5,3,35" ten="250,250,250,250" oya="0" hai0="126,100,73,51,11,14,42,58,80,123,19,78,41" hai1="10,45,92,108,25,74,95,116,40,133,60,106,114" hai2="127,28,68,3,12,0,76,87,6,69,1,61,85" hai3="43,57,29,56,104,98,86,77,113,63,27,18,94"/><T99/><D123/><U23/><E116/><V67/><F127/><W17/><G43/><T83/><D126/><U118/><E118/><V8/><F69/><W135/><G57/><T13/><D80/><U21/><E106/><V102/><F102/><W50/><G50/><T111/><D111/><U84/><E74/><V82/><REACH who="2" step="1"/><F28/><REACH who="2" ten="250,250,240,250" step="2"/><W65/><G113/><T125/><D125/><U34/><E114/><V66/><F66/><W30/><G29/><T53/><REACH who="0" step="1"/><D14/><REACH who="0" ten="240,250,240,250" step="2"/><U110/><E110/><V55/><F55/><W20/><G135/><T9/><D9/><U47/><E10/><V107/><F107/><AGARI ba="0,2" hai="11,13,19,41,42,51,53,58,73,78,83,99,100,107" machi="107" ten="30,2900,0" yaku="1,1,7,1,53,0" doraHai="35" doraHaiUra="89" who="0" fromWho="2" sc="240,49,250,0,240,-29,250,0" /><INIT seed="0,1,0,2,3,76" ten="289,250,211,250" oya="0" hai0="53,70,105,61,48,78,134,92,33,83,100,121,116" hai1="72,124,85,25,112,44,110,125,97,54,111,88,68" hai2="16,99,9,77,40,132,39,71,64,32,106,120,87" hai3="59,28,108,93,55,26,133,107,15,14,102,84,109"/><T41/><D116/><U103/><E68/><V52/><F120/><W58/><G133/><T82/><D121/><U35/><E35/><V115/><F115/><W47/><G58/><T91/><D33/><U37/><E25/><V36/><F132/><W3/><G3/><T20/><D134/><U128/><E37/><V79/><F36/><W1/><G1/><T34/><D34/><U117/><E44/><V21/><F32/><W43/><G107/><T23/><D105/><N who="1" m="63727" /><E54/><V18/><F40/><W45/><G47/><N who="0" m="25711" /><D100/><U73/><E128/><V56/><F39/><W119/><G102/><T31/><D78/><U69/><E69/><V7/><F87/><W74/><G74/><N who="1" m="28778" /><E117/><V96/><F64/><W67/><G45/><T95/><D70/><U118/><E112/><V75/><F75/><W46/><G46/><T89/><D53/><U126/><E118/><V2/><F71/><W63/><G55/><T65/><D61/><U17/><E17/><V130/><F18/><W80/><G43/><T98/><D65/><U0/><E0/><V81/><F130/><W49/><G119/><T90/><D23/><U66/><E66/><V114/><F56/><W27/><G59/><T62/><D62/><U11/><E11/><V131/><F131/><W60/><G63/><T29/><D20/><U51/><E51/><V42/><F52/><W38/><G49/><T122/><D122/><U57/><E57/><V4/><F42/><W6/><G60/><T104/><D29/><U50/><E50/><V24/><F2/><W113/><G67/><T22/><D31/><U12/><E12/><RYUUKYOKU ba="1,0" sc="289,-10,250,30,211,-10,250,-10" hai1="85,88,110,111,124,125,126" /><INIT seed="1,2,0,0,2,4" ten="279,280,201,240" oya="1" hai0="116,88,115,9,108,54,62,121,55,103,135,7,51" hai1="74,47,5,42,111,0,129,21,93,49,123,36,14" hai2="85,35,77,38,56,11,50,33,45,89,124,66,17" hai3="86,44,24,127,20,110,3,122,94,22,69,43,59"/><U118/><E118/><V95/><F124/><W112/><G110/><T23/><D115/><U31/><E123/><V109/><F38/><W8/><G69/><T125/><D116/><U39/><E111/><V120/><F120/><W27/><G127/><T134/><D108/><U68/><E129/><V15/><F77/><W101/><G122/><T132/><D125/><U102/><E68/><V76/><F76/><W65/><G44/><T1/><D121/><U52/><E74/><V64/><F109/><W18/><G43/><T37/><D37/><U73/><E73/><V40/><REACH who="2" step="1"/><F56/><REACH who="2" ten="279,280,191,240" step="2"/><W53/><G112/><T78/><D78/><U81/><E39/><V90/><F90/><W117/><G117/><T128/><D88/><U83/><E36/><V119/><F119/><W67/><G59/><T12/><D128/><U80/><E42/><V28/><F28/><W82/><G101/><T72/><D72/><U25/><E0/><V75/><F75/><W96/><G3/><T98/><D1/><U29/><E31/><V70/><F70/><W2/><G2/><T107/><D132/><U60/><E102/><V133/><F133/><W114/><G114/><T58/><REACH who="0" step="1"/><D23/><REACH who="0" ten="269,280,191,240" step="2"/><U16/><E21/><V105/><F105/><W84/><G22/><T6/><D6/><U13/><E5/><V131/><F131/><W91/><G20/><T63/><D63/><U79/><E60/><V113/><F113/><W92/><G91/><T41/><D41/><U57/><E79/><V61/><F61/><W126/><G126/><T19/><D19/><U30/><E16/><V100/><F100/><RYUUKYOKU ba="2,2" sc="269,15,280,-15,191,15,240,-15" hai0="7,9,12,51,54,55,58,62,98,103,107,134,135" hai2="11,15,17,33,35,40,45,50,64,66,85,89,95" /><INIT seed="2,3,2,5,4,35" ten="284,265,206,225" oya="2" hai0="30,6,91,129,99,85,110,96,109,4,12,65,130" hai1="46,39,34,101,5,97,28,31,74,52,125,40,131" hai2="33,51,94,56,41,93,115,7,106,9,78,45,100" hai3="11,13,76,116,21,123,22,43,71,32,66,126,62"/><V113/><F33/><W128/><G123/><T68/><D30/><U8/><E125/><V64/><F106/><W57/><G116/><T102/><D65/><U87/><E131/><N who="0" m="50185" /><D68/><U90/><E74/><V133/><F133/><W55/><G126/><T108/><D12/><U18/><E18/><V61/><F78/><W107/><G32/><T1/><D1/><U103/><E52/><V82/><F82/><W2/><G2/><T25/><D25/><U89/><E34/><V117/><F117/><W36/><G107/><N who="0" m="63943" /><D99/><U10/><E10/><V111/><F111/><W114/><G114/><T124/><D124/><U48/><E39/><V3/><REACH who="2" step="1"/><F100/><REACH who="2" ten="284,265,196,225" step="2"/><W20/><G76/><T47/><D110/><U59/><E101/><V127/><F127/><W105/><G105/><T23/><D109/><U122/><E103/><V119/><F119/><W50/><G128/><T77/><D77/><U38/><E122/><V42/><F42/><W54/><G43/><T75/><D108/><U80/><E40/><V118/><F118/><W26/><G36/><T73/><D73/><U60/><E38/><V112/><AGARI ba="3,3" hai="3,7,9,41,45,51,56,61,64,93,94,112,113,115" machi="112" ten="30,6000,0" yaku="1,1,0,1,52,1,53,0" doraHai="35" doraHaiUra="19" who="2" fromWho="2" sc="284,-23,265,-23,196,99,225,-23" /><INIT seed="2,4,0,5,0,88" ten="261,242,295,202" oya="2" hai0="109,106,36,5,65,101,90,16,121,29,115,20,68" hai1="43,9,104,105,117,78,18,95,122,99,44,39,77" hai2="40,124,100,97,52,7,64,134,35,37,56,58,98" hai3="133,131,107,132,75,69,61,72,89,85,116,74,82"/><V67/><F134/><N who="3" m="51819" /><G116/><T94/><D121/><U48/><E117/><V0/><F124/><W53/><G69/><T25/><D115/><U46/><E122/><V76/><F35/><W6/><G6/><T17/><D36/><U96/><E96/><V71/><F98/><W42/><G42/><T10/><D109/><U15/><E104/><V112/><F112/><W49/><G61/><T128/><D101/><U66/><E66/><V50/><F76/><W1/><G1/><T130/><D106/><U32/><E32/><V84/><F71/><W103/><G131/><N who="0" m="50219" /><D65/><U83/><E105/><V114/><F114/><W14/><G14/><N who="0" m="5455" /><D68/><U80/><E78/><V108/><F108/><W45/><G107/><T73/><D73/><U34/><E34/><V22/><F37/><W30/><G30/><T38/><D38/><U54/><REACH who="1" step="1"/><E77/><REACH who="1" ten="261,232,295,202" step="2"/><V86/><F67/><W26/><G103/><AGARI ba="4,1" hai="9,15,18,39,43,44,46,48,54,80,83,95,99,103" machi="103" ten="30,7700,0" yaku="1,1,2,1,7,1,52,1,53,0" doraHai="88" doraHaiUra="27" who="1" fromWho="3" sc="261,0,232,99,295,0,202,-89" /><INIT seed="3,0,0,5,0,25" ten="261,331,295,113" oya="3" hai0="51,60,62,46,5,71,90,22,131,13,42,118,78" hai1="57,70,43,61,105,29,116,55,108,91,6,125,81" hai2="93,97,72,133,56,109,21,98,120,107,20,79,122" hai3="54,135,68,99,84,85,10,37,129,47,9,26,65"/><W59/><G135/><T64/><D118/><U27/><E105/><V111/><F133/><W77/><G129/><T126/><D131/><U2/><E125/><V11/><F56/><W115/><G115/><T113/><D126/><U76/><E108/><N who="2" m="41547" /><F11/><W52/><G68/><T36/><D113/><U58/><E70/><V44/><F44/><W95/><G37/><T7/><D78/><U80/><E43/><V101/><F21/><W87/><G26/><T50/><D62/><U127/><E127/><V17/><F17/><W32/><G32/><T3/><D90/><U1/><E116/><V0/><F20/><W24/><G24/><T89/><D89/><U19/><E19/><V104/><F0/><W83/><G65/><T35/><D35/><U92/><E58/><V132/><F132/><W16/><G47/><T33/><D33/><U49/><E6/><V30/><F30/><W63/><G54/><T41/><D3/><U74/><E80/><N who="2" m="45159" /><F98/><W110/><G110/><T34/><D34/><U75/><E61/><V31/><F31/><W121/><G121/><AGARI ba="0,0" hai="93,97,101,104,107,120,121,122" m="45159,41547" machi="121" ten="30,7700,0" yaku="13,1,14,1,34,2" doraHai="25" who="2" fromWho="3" sc="261,0,331,0,295,77,113,-77" /><INIT seed="4,0,0,2,0,48" ten="261,331,372,36" oya="0" hai0="88,23,132,54,21,65,109,10,111,38,84,91,89" hai1="80,119,104,124,35,75,2,40,62,57,31,134,9" hai2="1,56,6,8,20,39,49,108,74,97,25,41,58" hai3="126,53,12,121,70,5,68,44,29,93,81,16,115"/><T85/><D38/><U129/><E40/><V15/><F108/><N who="0" m="41546" /><D65/><U135/><E104/><V110/><F110/><W37/><G29/><T122/><D122/><U83/><E119/><V30/><F74/><W32/><G32/><T78/><D10/><U47/><E47/><V28/><F39/><W60/><G121/><T133/><D54/><U0/><E75/><V87/><F97/><W4/><G115/><T114/><D114/><U73/><E73/><V51/><F1/><N who="1" m="617" /><E9/><V18/><F87/><N who="0" m="33354" /><D78/><U69/><E69/><V22/><F22/><AGARI ba="0,0" hai="21,22,23,88,89,91,132,133" m="33354,41546" machi="22" ten="40,12000,1" yaku="28,2,10,1,54,1" doraHai="48" who="0" fromWho="2" sc="261,120,331,0,372,-120,36,0" /><INIT seed="4,1,0,1,1,34" ten="381,331,252,36" oya="0" hai0="11,37,111,67,76,96,75,105,106,2,57,73,29" hai1="5,44,81,121,118,134,51,88,36,124,120,14,46" hai2="93,31,54,77,74,3,123,102,69,9,131,135,38" hai3="101,110,1,95,7,63,80,127,84,24,78,130,59"/><T48/><D37/><U33/><E118/><V27/><F123/><W112/><G110/><T116/><D116/><U119/><E119/><V47/><F69/><W35/><G112/><T8/><D29/><U45/><E124/><V13/><F131/><W87/><G127/><T32/><D32/><U16/><E36/><V132/><F135/><W15/><G130/><T22/><D22/><U103/><E134/><V64/><F132/><W19/><G35/><T23/><D23/><U62/><E33/><V122/><F122/><W39/><G24/><T104/><D111/><U53/><E5/><N who="2" m="1215" /><F54/><W52/><G39/><T82/><D75/><U17/><E120/><V10/><F64/><W65/><G65/><T99/><D48/><U42/><E103/><V133/><F93/><W128/><G128/><T12/><D2/><U92/><E81/><N who="2" m="45239" /><F102/><W97/><G7/><T60/><REACH who="0" step="1"/><D8/><REACH who="0" ten="371,331,252,36" step="2"/><N who="1" m="6215" /><E121/><V79/><F133/><W83/><G1/><T50/><D50/><U125/><E125/><V21/><F10/><W94/><G101/><T66/><D66/><U100/><E100/><V107/><F13/><W126/><G126/><T18/><AGARI ba="1,1" hai="11,12,18,57,60,67,73,76,82,96,99,104,105,106" machi="18" ten="30,3000,0" yaku="1,1,0,1,53,0" doraHai="34" doraHaiUra="26" who="0" fromWho="0" sc="371,43,331,-11,252,-11,36,-11" /><INIT seed="4,2,0,0,1,93" ten="414,320,241,25" oya="0" hai0="55,24,25,116,108,28,115,88,11,38,12,9,59" hai1="64,53,54,56,72,45,119,110,132,10,57,22,126" hai2="50,4,118,112,0,120,17,14,133,67,3,98,96" hai3="39,106,84,131,36,89,8,20,62,121,5,101,87"/><T76/><D116/><U2/><E119/><V13/><F112/><W73/><G73/><T51/><D115/><U43/><E110/><V75/><F120/><W80/><G131/><T114/><D114/><U42/><E72/><V1/><F133/><W103/><G121/><T18/><D38/><U6/><E132/><V104/><F118/><W127/><G127/><T82/><D108/><U29/><E126/><V69/><F75/><W102/><G62/><T74/><D28/><U78/><E64/><V41/><F104/><W111/><G111/><T49/><D51/><U128/><E78/><V71/><F4/><W135/><G135/><T86/><REACH who="0" step="1"/><D9/><REACH who="0" ten="404,320,241,25" step="2"/><U30/><E10/><V65/><F50/><W19/><G39/><T23/><D23/><U44/><E22/><V32/><F32/><W52/><G36/><T33/><D33/><U85/><E128/><V60/><F41/><W134/><G134/><T77/><D77/><U117/><E43/><V26/><F60/><W66/><G8/><T15/><D15/><U61/><E42/><V40/><F40/><W95/><G20/><T94/><AGARI ba="2,1" hai="11,12,18,24,25,49,55,59,74,76,82,86,88,94" machi="94" ten="20,7800,0" yaku="1,1,0,1,7,1,54,1,53,0" doraHai="93" doraHaiUra="68" who="0" fromWho="0" sc="404,94,320,-28,241,-28,25,-28" owari="498,59.8,292,9.2,213,-18.7,-3,-50.3" /></mjloggm>