<mjloggm ver="2.3"><GO type="169" lobby="0"/><UN n0="%E3%81%82%E3%81%84%E3%81%93%E3%81%99" n1="%6D%75%72%61%30%2B" n2="%E3%82%B9%E3%82%AB%E3%83%9D%E3%83%B3" n3="%73%79%6C%76%65%6F%6E" dan="16,16,17,16" rate="2133.74,2136.13,2141.69,2142.76" sx="M,M,M,M"/><TAIKYOKU oya="0"/><INIT seed="0,0,0,4,2,35" ten="250,250,250,250" oya="0" hai0="69,37,83,52,135,68,111,60,103,53,63,49,46" hai1="66,118,50,122,114,47,123,134,112,64,32,45,97" hai2="22,121,129,108,7,33,132,58,39,87,15,130,84" hai3="6,31,62,67,82,88,8,30,75,24,51,85,128"/><T23/><D135/><U109/><E32/><V90/><F33/><W133/><G133/><T70/><D103/><U25/><E25/><V125/><F108/><W56/><G128/><T92/><D92/><U28/><E28/><V101/><F121/><W38/><G38/><T74/><D23/><U89/><E89/><V86/><F39/><W19/><G75/><T107/><D107/><U102/><E134/><V98/><F125/><W17/><G51/><N who="0" m="28791" /><D83/><U11/><E118/><V41/><F41/><W105/><G105/><T42/><D74/><U55/><E11/><V2/><F58/><W26/><G6/><T77/><D77/><U110/><E97/><V5/><F90/><W117/><G117/><T113/><D111/><N who="1" m="42507" /><E102/><V99/><F99/><W91/><G8/><T119/><D119/><U57/><E45/><V44/><F44/><W104/><G104/><T14/><D14/><U95/><E95/><V61/><F98/><W93/><G31/><T96/><D96/><U100/><E100/><V80/><F80/><W54/><G30/><T76/><D76/><U12/><E12/><V10/><F101/><W127/><G127/><T78/><D78/><U120/><E47/><V43/><F22/><W124/><G124/><T73/><D73/><U21/><E21/><V116/><F10/><W36/><G26/><T72/><D72/><U106/><E106/><V131/><F132/><W4/><G24/><T126/><D126/><U81/><E81/><V71/><F129/><W27/><G27/><T79/><D79/><U40/><E40/><V16/><F131/><W0/><G82/><RYUUKYOKU ba="0,0" sc="250,-10,250,30,250,-10,250,-10" hai1="50,55,57,64,66,112,114,120,122,123" /><BYE who="0" /><INIT seed="1,1,0,4,4,16" ten="240,280,240,240" oya="1" hai0="13,131,22,126,66,48,15,99,57,87,43,39,50" hai1="130,29,24,65,135,125,75,62,74,123,4,12,14" hai2="118,132,41,11,84,113,102,128,18,35,114,26,89" hai3="73,58,86,54,51,6,17,81,90,98,5,60,63"/><U1/><E123/><UN n0="%E3%81%82%E3%81%84%E3%81%93%E3%81%99" /><V71/><F118/><W52/><G73/><T61/><D126/><U2/><E125/><V47/><F132/><W109/><G109/><T108/><D108/><U77/><E130/><V10/><F128/><W38/><G38/><T0/><D0/><U45/><E135/><V70/><F102/><W115/><G115/><N who="2" m="44041" /><F35/><W34/><G34/><T83/><D131/><U27/><E45/><V20/><F71/><W28/><G28/><T19/><D39/><U7/><E77/><V9/><F70/><W53/><G63/><T78/><D43/><U124/><E124/><V100/><F100/><W91/><G17/><N who="0" m="10543" /><D99/><U97/><E97/><V92/><F9/><AGARI ba="1,0" hai="9,15,19,48,50,57,61,66,78,83,87" m="10543" machi="9" ten="30,2000,0" yaku="8,1,52,1" doraHai="16" who="0" fromWho="2" sc="240,23,280,0,240,-23,240,0" /><INIT seed="2,0,0,0,0,111" ten="263,280,217,240" oya="2" hai0="102,63,107,90,130,8,76,2,94,88,28,10,47" hai1="127,40,27,87,30,74,20,85,62,133,33,46,21" hai2="132,71,57,35,80,125,126,79,99,114,12,123,22" hai3="70,75,65,106,19,48,104,134,42,120,34,51,31"/><V55/><F123/><W86/><G120/><T119/><D130/><U89/><E74/><V25/><F71/><W26/><G75/><T122/><D122/><U17/><E127/><V29/><F132/><W38/><G134/><T59/><D119/><U124/><E124/><N who="2" m="47723" /><F99/><W116/><G116/><T23/><D76/><U11/><E133/><V60/><F12/><W39/><G86/><T97/><D107/><U92/><E33/><V128/><F128/><W129/><G129/><T9/><D47/><U16/><E62/><V0/><F0/><W81/><G81/><T73/><D73/><U61/><E61/><V109/><F109/><W7/><G7/><T15/><D2/><U131/><E131/><V121/><F35/><W58/><G70/><T115/><D115/><U53/><E53/><V93/><F93/><W103/><G103/><T98/><D98/><U13/><E87/><N who="2" m="48543" /><F121/><W84/><G104/><T78/><D78/><U54/><E54/><V52/><F55/><W24/><G106/><T135/><D135/><U91/><E91/><V82/><F82/><W56/><G34/><T118/><D118/><U14/><E14/><V36/><F36/><W3/><G39/><T113/><D15/><U100/><E100/><V50/><F60/><W49/><G3/><T45/><D45/><U5/><REACH who="1" step="1"/><E21/><REACH who="1" ten="263,270,217,240" step="2"/><V32/><F32/><W96/><G65/><N who="0" m="39167" /><D90/><U18/><E18/><V41/><F41/><W83/><G42/><T105/><D88/><U117/><E117/><V64/><F64/><W69/><G19/><T44/><D102/><U108/><E108/><V112/><AGARI ba="0,1" hai="22,25,29,50,52,57,112,114" m="48543,47723" machi="112" ten="30,12000,1" yaku="5,1,18,1,52,2,54,1" doraHai="111" who="2" fromWho="2" sc="263,-40,270,-40,217,130,240,-40" /><INIT seed="2,1,0,3,1,115" ten="223,230,347,200" oya="2" hai0="6,61,48,112,56,86,0,29,22,10,32,9,85" hai1="70,102,101,95,21,38,122,98,55,20,63,81,51" hai2="94,91,73,78,1,84,80,41,108,58,90,96,46" hai3="93,60,26,125,28,76,62,88,39,120,2,47,106"/><V89/><F1/><W126/><G120/><T14/><D112/><U116/><E38/><V45/><F45/><W5/><G106/><T19/><D48/><U132/><E122/><V12/><F108/><W104/><G104/><T117/><D117/><U83/><E132/><V124/><F124/><N who="3" m="47723" /><G76/><T49/><D49/><U8/><E102/><V66/><F73/><W69/><G69/><T7/><D29/><U103/><E103/><V97/><F12/><W113/><G113/><T35/><D86/><U72/><E70/><V13/><F13/><W128/><G128/><T131/><D85/><U44/><E116/><V105/><F105/><W118/><G5/><T111/><D111/><U129/><E129/><V40/><F40/><N who="3" m="22943" /><G2/><T18/><D131/><U43/><E72/><V37/><F66/><W11/><G11/><N who="0" m="2503" /><D61/><U99/><E8/><V36/><F36/><W82/><G82/><N who="1" m="31242" /><E99/><V67/><F97/><N who="3" m="57511" /><G118/><T107/><D107/><U3/><E3/><V92/><F96/><W121/><G121/><T100/><D100/><U17/><E17/><V110/><F110/><W34/><AGARI ba="1,0" hai="26,28,34,60,62" m="57511,22943,47723" machi="34" ten="30,2000,0" yaku="18,1,54,1" doraHai="115" who="3" fromWho="3" sc="223,-6,230,-6,347,-11,200,23" /><INIT seed="3,0,0,0,1,69" ten="217,224,336,223" oya="3" hai0="52,76,93,6,15,17,11,48,135,44,95,112,91" hai1="108,130,18,68,123,39,126,53,124,29,57,2,128" hai2="110,58,96,4,82,100,36,125,0,26,20,71,55" hai3="84,14,97,111,101,89,103,109,106,98,122,16,49"/><W119/><G119/><T72/><D135/><U77/><E77/><V105/><F110/><N who="3" m="41995" /><G122/><T114/><D72/><U67/><E29/><V113/><F125/><N who="1" m="48233" /><E18/><V78/><F113/><N who="0" m="43626" /><D76/><U75/><E2/><V27/><F71/><W42/><G49/><T37/><D6/><U34/><E34/><V30/><F36/><W102/><G42/><N who="0" m="22607" /><D91/><U104/><E75/><V1/><F27/><W12/><G12/><T62/><D62/><N who="1" m="40055" /><E104/><V127/><F4/><W10/><G106/><T32/><D32/><U60/><E123/><V94/><F105/><W19/><G19/><T13/><D15/><U83/><E83/><AGARI ba="0,0" hai="10,14,16,83,84,89,97,98,101,102,103" m="41995" machi="83" ten="30,5800,0" yaku="14,1,10,1,54,1" doraHai="69" who="3" fromWho="1" sc="217,0,224,-58,336,0,223,58" /><INIT seed="3,1,0,2,3,18" ten="217,166,336,281" oya="3" hai0="135,94,111,92,55,50,39,11,113,0,61,81,74" hai1="82,52,27,123,9,126,114,87,51,99,76,130,38" hai2="23,118,102,48,53,31,125,43,124,97,19,105,20" hai3="117,79,25,64,84,44,122,77,108,95,30,4,86"/><W89/><G117/><T14/><D111/><U98/><E114/><V16/><F118/><W21/><G122/><T6/><D135/><U80/><E126/><N who="2" m="48747" /><F43/><W131/><G131/><T96/><D39/><U46/><E130/><V106/><F106/><W34/><G108/><T56/><D113/><U60/><E123/><V29/><F48/><W103/><G103/><T88/><D0/><U24/><E38/><V78/><F53/><W8/><G64/><T65/><D94/><U41/><E9/><V35/><F78/><W120/><G120/><T100/><D74/><U32/><E32/><V1/><F1/><W73/><G73/><T110/><D110/><U72/><E72/><V37/><F37/><W40/><G86/><T42/><D42/><U28/><E82/><V3/><F3/><W90/><G90/><T15/><D15/><U85/><E85/><V129/><F35/><W109/><G109/><T115/><D115/><U36/><E36/><V22/><F129/><W101/><G101/><T119/><D119/><U132/><E132/><V68/><F68/><W45/><G34/><T7/><D81/><U66/><E41/><V49/><F49/><N who="3" m="26759" /><G45/><N who="0" m="28111" /><D100/><U104/><E104/><V71/><F71/><W57/><G57/><T112/><D112/><U116/><E116/><V54/><F54/><W121/><G121/><T63/><D63/><U128/><E128/><V107/><F107/><W67/><G67/><T17/><AGARI ba="1,0" hai="6,7,11,14,17,56,61,65,88,92,96" m="28111" machi="17" ten="30,2000,0" yaku="8,1,54,1" doraHai="18" who="0" fromWho="0" sc="217,23,166,-6,336,-6,281,-11" /><INIT seed="4,0,0,0,1,113" ten="240,160,330,270" oya="0" hai0="48,122,94,74,92,117,120,98,34,0,26,39,29" hai1="111,13,71,63,59,83,126,68,33,53,102,19,84" hai2="55,52,130,20,17,47,36,14,129,134,79,119,57" hai3="54,90,101,50,87,43,60,40,69,96,131,46,4"/><T27/><D39/><U61/><E126/><V91/><F134/><W45/><G131/><N who="2" m="50185" /><F79/><W10/><G46/><T56/><D74/><U108/><E33/><V30/><F91/><W97/><G69/><T12/><D0/><U65/><E102/><V105/><F105/><W67/><G67/><T110/><D110/><U41/><E71/><V109/><F30/><W42/><G60/><T24/><D12/><U128/><E41/><N who="2" m="22951" /><F109/><W44/><G44/><T35/><D48/><U64/><E53/><N who="2" m="20555" /><F57/><W107/><G97/><T76/><D56/><U116/><E128/><V73/><F119/><W112/><G112/><T86/><D117/><U5/><E116/><V135/><F135/><W99/><G99/><T18/><D76/><U125/><E125/><V32/><F32/><W77/><G77/><T2/><D35/><U25/><E108/><V16/><F17/><W23/><G43/><T37/><D18/><U3/><E111/><V58/><F58/><W72/><G72/><AGARI ba="0,0" hai="14,16,20,72,73" m="20555,22951,50185" machi="72" ten="30,3900,0" yaku="19,1,54,2" doraHai="113" who="2" fromWho="3" sc="240,0,160,0,330,39,270,-39" /><INIT seed="5,0,0,1,0,41" ten="240,160,369,231" oya="1" hai0="76,91,16,115,130,5,97,94,54,121,111,87,134" hai1="99,65,66,61,84,64,10,72,28,73,127,118,43" hai2="125,8,93,62,19,60,17,131,48,47,112,23,96" hai3="35,42,74,14,40,71,57,129,105,133,18,79,39"/><U6/><E127/><V92/><F131/><W110/><G110/><T9/><D111/><U53/><E118/><V26/><F125/><W49/><G71/><T135/><D130/><U13/><E28/><V31/><F112/><W45/><G105/><T51/><D115/><U113/><E113/><V56/><F93/><W124/><G124/><T4/><D121/><U82/><E99/><V75/><F75/><W69/><G69/><T37/><D37/><U132/><E132/><V77/><F77/><W68/><G68/><T2/><D4/><U30/><E30/><V114/><F8/><W38/><G129/><T25/><D76/><U67/><N who="1" m="16384" /><DORA hai="24" /><U100/><E100/><V108/><F108/><W102/><G35/><T1/><D1/><U0/><E43/><N who="2" m="24703" /><F114/><W98/><G133/><T123/><D123/><U52/><E0/><V101/><F56/><W12/><G57/><T36/><D36/><U22/><E22/><N who="2" m="15831" /><F17/><W89/><G79/><T117/><D117/><U109/><E109/><V116/><F116/><W33/><G33/><T126/><D126/><U95/><E95/><V86/><F86/><W85/><G74/><T63/><D87/><U103/><E103/><V119/><F119/><W90/><G85/><T107/><D107/><U27/><E27/><AGARI ba="0,0" hai="19,23,27,60,62,92,96,101" m="15831,24703" machi="27" ten="30,3900,0" yaku="8,1,52,2" doraHai="41,24" who="2" fromWho="1" sc="240,0,160,-39,369,39,231,0" /><INIT seed="6,0,0,2,0,9" ten="240,121,408,231" oya="2" hai0="38,75,10,2,118,63,49,125,104,72,59,37,32" hai1="21,119,65,120,68,77,132,44,1,56,106,88,96" hai2="100,48,24,17,95,110,4,30,33,12,112,6,27" hai3="43,29,89,16,111,70,74,93,97,86,40,62,114"/><V67/><F112/><W94/><G111/><T13/><D2/><U69/><E119/><V83/><F110/><W101/><G74/><T11/><D32/><U15/><E132/><V20/><F67/><W92/><G29/><T53/><D104/><U135/><E135/><V7/><F48/><W127/><G127/><T47/><D125/><U26/><E1/><V0/><F83/><W90/><G114/><T133/><D133/><U57/><E77/><V99/><REACH who="2" step="1"/><F0/><REACH who="2" ten="240,121,398,231" step="2"/><W19/><G70/><T14/><D118/><U31/><E69/><V64/><F64/><W34/><G62/><T91/><D38/><U3/><E3/><V129/><F129/><W84/><G34/><T116/><D37/><U80/><E68/><V82/><F82/><W55/><G55/><T102/><D116/><U71/><E71/><V85/><F85/><W41/><AGARI ba="0,1" hai="16,19,40,41,43,84,86,89,90,92,93,94,97,101" machi="41" ten="30,7900,0" yaku="0,1,9,1,8,1,54,1" doraHai="9" who="3" fromWho="3" sc="240,-20,121,-20,398,-39,231,89" /><INIT seed="7,0,0,4,4,25" ten="220,101,359,320" oya="3" hai0="47,78,10,133,66,35,57,87,52,14,26,124,112" hai1="32,53,103,91,79,37,20,12,31,134,36,63,19" hai2="88,0,75,48,104,89,17,23,127,86,22,30,100" hai3="50,121,54,33,110,135,129,81,1,95,28,59,5"/><W96/><G121/><T128/><D133/><U122/><E122/><V123/><F75/><W90/><G135/><T11/><D128/><U70/><E79/><V98/><F0/><W71/><G71/><T85/><D66/><U7/><E134/><V130/><F123/><W120/><G120/><T45/><D124/><U34/><E91/><V93/><F127/><W76/><G129/><T125/><D125/><U109/><E109/><V132/><F132/><W84/><G110/><T27/><D35/><U102/><E102/><V111/><F111/><W80/><G80/><T101/><D101/><U40/><E53/><V4/><F4/><W115/><G115/><T3/><D3/><U72/><E72/><V13/><F89/><W74/><G1/><T77/><D14/><U21/><E7/><V131/><F48/><W118/><G5/><T44/><D57/><U55/><E103/><V6/><F6/><W117/><REACH who="3" step="1"/><G74/><REACH who="3" ten="220,101,359,310" step="2"/><T39/><D112/><U43/><E70/><V64/><REACH who="2" step="1"/><F64/><REACH who="2" ten="220,101,349,310" step="2"/><W24/><AGARI ba="0,2" hai="24,28,33,50,54,59,76,81,84,90,95,96,117,118" machi="24" ten="30,12000,1" yaku="1,1,2,1,0,1,52,1,53,1" doraHai="25" doraHaiUra="73" who="3" fromWho="3" sc="220,-40,101,-40,349,-40,310,140" owari="180,-22.0,61,-43.9,309,10.9,450,55.0" /></mjloggm>