<mjloggm ver="2.3"><GO type="169" lobby="0"/><UN n0="%E3%81%9F%E3%81%8F%E3%81%98%E3%82%8D%E3%81%86" n1="%66%53" n2="%73%6F%61%6F" n3="%E3%82%B9%E3%83%9E%E3%83%9B%E7%94%A8%E3%81%AE%E3%82%84%E3%81%A4" dan="19,17,16,17" rate="2330.18,2102.98,2138.75,2139.21" sx="M,M,M,M"/><TAIKYOKU oya="0"/><INIT seed="0,0,0,2,2,101" ten="250,250,250,250" oya="0" hai0="81,108,85,0,26,47,5,40,23,52,25,100,73" hai1="102,131,122,124,62,71,109,66,128,135,50,116,96" hai2="59,75,10,117,68,76,104,6,126,12,64,67,105" hai3="54,34,7,46,94,3,132,87,133,129,9,28,42"/><T2/><D73/><U21/><E116/><V78/><F68/><W43/><G129/><T97/><D108/><U118/><E118/><V19/><F117/><W44/><G34/><T61/><D5/><U79/><E122/><V29/><F29/><W15/><G28/><T74/><D74/><U45/><E109/><V107/><F126/><W121/><G121/><T134/><D134/><N who="3" m="51817" /><G3/><T65/><D26/><U57/><E124/><V82/><F76/><W90/><G54/><T13/><D13/><U31/><E71/><V11/><REACH who="2" step="1"/><F59/><REACH who="2" ten="250,250,240,250" step="2"/><W114/><G114/><T8/><D0/><AGARI ba="0,1" hai="0,6,10,11,12,19,64,67,75,78,82,104,105,107" machi="0" ten="40,8000,1" yaku="1,1,2,1,52,3,53,0" doraHai="101" doraHaiUra="110" who="2" fromWho="0" sc="250,-80,250,0,240,90,250,0" /><INIT seed="1,0,0,5,5,7" ten="170,250,330,250" oya="1" hai0="26,74,91,0,36,118,93,83,126,1,69,109,2" hai1="51,122,63,27,38,18,33,103,3,50,45,124,135" hai2="9,15,46,13,64,101,60,112,41,52,8,57,129" hai3="119,17,85,29,35,21,89,116,121,59,132,120,62"/><U68/><E122/><V66/><F129/><W53/><G132/><T134/><D118/><N who="3" m="45097" /><G29/><T133/><D36/><U105/><E3/><V16/><F101/><W65/><G35/><T111/><D69/><U113/><E113/><V100/><F100/><W47/><G47/><T49/><D49/><U86/><E86/><V24/><F24/><N who="3" m="14383" /><G53/><T23/><D83/><AGARI ba="0,0" hai="59,62,65,83,85,89,120,121" m="14383,45097" machi="83" ten="30,1000,0" yaku="12,1" doraHai="7" who="3" fromWho="0" sc="170,-10,250,0,330,0,250,10" /><INIT seed="2,0,0,5,5,132" ten="160,250,330,260" oya="2" hai0="79,87,89,20,124,67,43,38,95,117,2,92,112" hai1="82,76,78,10,49,90,113,84,57,42,98,36,0" hai2="25,125,131,3,59,118,14,9,32,61,63,24,27" hai3="111,100,15,122,69,108,18,39,47,91,103,1,83"/><V8/><F118/><W73/><G122/><T129/><D112/><U80/><E113/><V77/><F77/><W127/><G69/><T133/><D133/><U17/><E36/><V104/><F104/><W53/><G1/><T99/><D2/><U41/><E98/><V71/><F71/><W128/><G128/><T134/><D134/><U85/><E90/><V101/><F101/><W66/><G66/><T12/><D67/><U62/><E49/><V109/><F61/><W130/><G130/><T116/><D116/><U6/><REACH who="1" step="1"/><E17/><REACH who="1" ten="160,240,330,260" step="2"/><V46/><F131/><W51/><G39/><T4/><D38/><U68/><E68/><V94/><F63/><W16/><G18/><T28/><D129/><U119/><E119/><V135/><F135/><W97/><G91/><T35/><D117/><U81/><E81/><V26/><F32/><W13/><G103/><T65/><D89/><U58/><E58/><V74/><F59/><W54/><G97/><T48/><D99/><U33/><E33/><V29/><F46/><W123/><G100/><T120/><D35/><U44/><E44/><V115/><F115/><W30/><G47/><T31/><D120/><U96/><E96/><V75/><F29/><W114/><G30/><T72/><D31/><U102/><E102/><V107/><F94/><W126/><G123/><T21/><D95/><U93/><E93/><V121/><F121/><W19/><G114/><T23/><D28/><U56/><E56/><V45/><F45/><W50/><G83/><T22/><D92/><U40/><E40/><V106/><F107/><W37/><G37/><RYUUKYOKU ba="0,1" sc="160,-15,240,15,330,-15,260,15" hai1="0,6,10,41,42,57,62,76,78,80,82,84,85" hai3="13,15,16,19,50,51,53,54,73,108,111,126,127" /><INIT seed="3,1,1,1,0,100" ten="145,255,315,275" oya="3" hai0="63,22,47,135,73,87,71,54,41,44,28,101,53" hai1="37,14,79,64,103,86,74,94,124,82,51,19,62" hai2="68,111,126,123,6,60,67,42,116,32,114,110,66" hai3="61,131,25,43,50,20,31,18,112,107,11,27,90"/><W75/><G131/><T72/><D135/><U89/><E124/><V8/><F32/><W109/><G112/><T104/><D87/><U115/><E115/><V1/><F114/><W23/><G75/><T134/><D134/><U13/><E37/><V29/><F29/><W65/><G109/><T58/><D71/><U3/><E3/><V69/><F126/><W46/><G107/><T121/><D121/><U98/><E51/><V117/><F42/><W16/><G90/><T81/><D53/><U52/><E19/><V7/><F123/><W9/><REACH who="3" step="1"/><G31/><REACH who="3" ten="145,255,315,265" step="2"/><T128/><D128/><U77/><E79/><V39/><F111/><W17/><G17/><T4/><D73/><U119/><E119/><V40/><F110/><W59/><AGARI ba="1,2" hai="9,11,16,18,20,23,25,27,43,46,50,59,61,65" machi="59" ten="20,18000,2" yaku="1,1,0,1,7,1,9,1,8,1,54,1,53,0" doraHai="100" doraHaiUra="130" who="3" fromWho="3" sc="145,-61,255,-61,315,-61,265,203" /><INIT seed="3,2,0,2,0,47" ten="84,194,254,468" oya="3" hai0="93,25,77,4,51,17,79,78,128,97,8,85,1" hai1="72,87,119,10,113,40,9,53,27,7,59,42,106" hai2="122,99,70,21,2,101,37,15,71,111,74,118,39" hai3="121,134,45,124,88,68,108,103,28,5,126,84,115"/><W14/><G115/><T64/><D128/><U24/><E72/><V3/><F111/><W98/><G121/><T80/><D64/><U62/><E106/><V69/><F118/><W36/><G68/><T83/><D25/><U67/><E113/><V96/><F74/><W112/><G112/><T49/><D17/><U75/><E75/><V61/><F61/><W131/><G131/><T95/><D95/><U102/><E119/><V18/><F122/><W132/><G28/><T116/><D116/><U60/><E102/><V29/><F29/><W56/><G56/><T33/><D33/><U52/><E87/><V117/><F117/><W46/><G14/><T57/><D57/><U81/><E81/><V50/><F99/><W22/><G22/><T90/><REACH who="0" step="1"/><D83/><REACH who="0" ten="74,194,254,468" step="2"/><U125/><E67/><V31/><F31/><W44/><G108/><T58/><D58/><N who="1" m="34887" /><E125/><N who="3" m="48234" /><G36/><T12/><D12/><N who="1" m="5183" /><E10/><V89/><F37/><W65/><G65/><T76/><AGARI ba="2,1" hai="1,4,8,49,51,76,77,78,79,80,85,90,93,97" machi="76" ten="30,7900,0" yaku="1,1,0,1,52,2,53,0" doraHai="47" doraHaiUra="133" who="0" fromWho="0" sc="74,95,194,-22,254,-22,468,-41" /><INIT seed="4,0,0,4,4,36" ten="169,172,232,427" oya="0" hai0="8,79,119,32,104,62,49,103,43,106,135,5,111" hai1="83,57,13,77,55,129,24,28,85,64,38,17,12" hai2="37,101,96,33,63,40,99,123,11,109,120,10,31" hai3="81,22,100,71,65,25,114,72,75,19,6,127,121"/><T47/><D119/><U133/><E129/><V7/><F109/><W16/><G114/><T125/><D111/><U73/><E133/><V23/><F10/><W115/><G115/><T54/><D135/><U126/><E126/><V50/><F37/><W122/><G127/><T74/><D125/><U14/><E38/><V41/><F33/><W45/><G6/><T97/><D32/><U48/><E64/><V128/><F128/><W3/><G3/><T118/><D118/><U82/><E28/><V113/><F113/><W2/><G2/><T94/><D79/><U60/><E60/><V18/><F31/><W84/><G100/><T117/><D74/><U95/><E95/><V102/><F63/><N who="3" m="40383" /><G45/><T0/><REACH who="0" step="1"/><D117/><REACH who="0" ten="159,172,232,427" step="2"/><U124/><E124/><V105/><F123/><W108/><G108/><T116/><D116/><U68/><E73/><V110/><F120/><W39/><G75/><T30/><D30/><U56/><E77/><V59/><F110/><W29/><G72/><T61/><D61/><U27/><E68/><V80/><F105/><W66/><G122/><T9/><D9/><U44/><E17/><V88/><F18/><W112/><G121/><T35/><D35/><U87/><E82/><V4/><F80/><W20/><G112/><T90/><D90/><U93/><E83/><V46/><F88/><W15/><G29/><T67/><D67/><U78/><E78/><V34/><F34/><W26/><G66/><T69/><D69/><U76/><E76/><V21/><F11/><W134/><G134/><T130/><D130/><U1/><E93/><V70/><F70/><RYUUKYOKU ba="0,1" sc="159,30,172,-10,232,-10,427,-10" hai0="0,5,8,43,47,49,54,62,94,97,103,104,106" /><INIT seed="4,1,1,4,4,75" ten="189,162,222,417" oya="0" hai0="88,66,90,22,16,43,97,99,126,30,130,108,81" hai1="128,129,64,124,49,68,55,60,103,85,133,109,62" hai2="71,123,125,2,6,20,116,84,63,38,131,10,13" hai3="102,37,121,132,19,58,59,77,118,57,122,79,34"/><T33/><D126/><U76/><E124/><V8/><F123/><N who="3" m="47115" /><G118/><T9/><D130/><N who="1" m="50283" /><E109/><V51/><F38/><W18/><G132/><T113/><D108/><U78/><E133/><V31/><F116/><W127/><G127/><T98/><D113/><U61/><E103/><V112/><F112/><W114/><G114/><T25/><D43/><U28/><E28/><V72/><F72/><W24/><G37/><T39/><D39/><U94/><E94/><V14/><F51/><W67/><G102/><T69/><D9/><U106/><E106/><V35/><F84/><W48/><G67/><T91/><D66/><N who="1" m="41031" /><E85/><V32/><F63/><N who="1" m="24073" /><E64/><V17/><F71/><W87/><G87/><T120/><D120/><U40/><E40/><V21/><F125/><W29/><G48/><T41/><D41/><U92/><E92/><V12/><F131/><W82/><G82/><T45/><D69/><U115/><E115/><V104/><F104/><W42/><G42/><T27/><REACH who="0" step="1"/><D45/><AGARI ba="1,1" hai="45,49,55,76,78" m="24073,41031,50283" machi="45" ten="30,3900,0" yaku="19,1,52,2" doraHai="75" who="1" fromWho="0" sc="189,-42,162,52,222,0,417,0" /><INIT seed="5,0,0,1,5,85" ten="147,214,222,417" oya="1" hai0="100,9,48,25,28,109,106,23,127,6,95,97,13" hai1="105,67,33,45,91,132,53,84,68,39,114,108,80" hai2="30,79,19,107,63,12,54,26,57,46,27,128,64" hai3="16,2,92,52,130,29,70,44,96,104,134,87,89"/><U99/><E114/><V78/><F107/><W4/><G134/><T124/><D109/><U49/><E132/><V17/><F128/><W129/><G70/><T102/><D106/><U8/><E108/><V125/><F125/><W73/><G73/><T135/><D135/><U24/><E39/><V3/><F3/><W32/><G32/><T22/><D127/><U115/><E115/><V18/><F12/><W121/><G29/><T86/><D124/><U56/><E68/><V1/><F1/><W120/><G4/><T34/><D102/><U133/><E133/><V37/><F27/><W0/><G0/><T112/><D112/><U15/><E99/><V74/><F74/><W10/><G104/><T88/><REACH who="0" step="1"/><D48/><REACH who="0" ten="137,214,222,417" step="2"/><U98/><E105/><V113/><F113/><W126/><G126/><T131/><D131/><U81/><E49/><N who="2" m="28983" /><F37/><W111/><G111/><T94/><AGARI ba="0,1" hai="6,9,13,22,23,25,28,34,86,88,94,95,97,100" machi="94" ten="20,8000,1" yaku="1,1,0,1,7,1,52,1,54,1,53,0" doraHai="85" doraHaiUra="58" who="0" fromWho="0" sc="137,90,214,-40,222,-20,417,-20" /><INIT seed="6,0,0,4,2,12" ten="227,174,202,397" oya="2" hai0="34,16,23,102,48,19,97,84,134,45,125,128,13" hai1="1,96,79,119,110,42,38,66,21,122,81,54,121" hai2="99,61,53,127,118,92,0,133,56,109,3,65,28" hai3="104,30,15,82,113,93,50,44,95,20,124,73,72"/><V129/><F118/><W91/><G104/><T35/><D128/><U39/><E1/><V36/><F129/><W32/><G124/><T132/><D125/><U90/><E119/><V62/><F127/><W70/><G70/><T120/><D120/><U116/><E116/><V37/><F133/><N who="0" m="51306" /><D84/><U76/><E110/><V43/><F109/><W58/><G95/><N who="0" m="58687" /><D19/><U123/><E66/><V87/><F87/><W51/><G32/><T112/><D112/><U67/><E67/><V74/><F74/><W131/><G113/><T117/><D117/><U17/><E54/><AGARI ba="0,0" hai="13,16,23,34,35,45,48,54" m="58687,51306" machi="54" ten="30,3900,0" yaku="20,1,52,1,54,1" doraHai="12" who="0" fromWho="1" sc="227,39,174,-39,202,0,397,0" /><INIT seed="7,0,0,4,4,119" ten="266,135,202,397" oya="3" hai0="95,122,49,117,107,19,54,126,118,58,15,135,38" hai1="94,30,127,91,17,134,39,5,37,44,82,77,97" hai2="106,26,110,103,7,29,63,131,47,69,64,22,89" hai3="10,121,130,25,32,102,28,0,55,75,36,66,14"/><W115/><G75/><T132/><D107/><U31/><E127/><V50/><F131/><W84/><G36/><T16/><D126/><U101/><E134/><N who="0" m="51241" /><D122/><U40/><E37/><V92/><F7/><W4/><G121/><T67/><D38/><U116/><E116/><V96/><F110/><W59/><G115/><T120/><D120/><U73/><E17/><N who="0" m="6729" /><D15/><U41/><E40/><V34/><F22/><W33/><G33/><T6/><D6/><U123/><E123/><V124/><F124/><W105/><G14/><T104/><D104/><U65/><E65/><V83/><F83/><W56/><G66/><T112/><D112/><U133/><E133/><V57/><F57/><W1/><G59/><N who="0" m="33231" /><D95/><U45/><E45/><V74/><F74/><W80/><G1/><T88/><D88/><U11/><REACH who="1" step="1"/><E101/><REACH who="1" ten="266,125,202,397" step="2"/><V43/><F103/><W2/><G102/><T42/><D42/><U93/><E93/><V128/><F92/><W61/><G105/><T62/><AGARI ba="0,1" hai="58,62,67,117,118" m="33231,6729,51241" machi="62" ten="30,2000,0" yaku="20,1,54,1" doraHai="119" who="0" fromWho="0" sc="266,30,125,-5,202,-5,397,-10" owari="296,9.6,120,-38.0,197,-20.3,387,48.7" /></mjloggm>