<mjloggm ver="2.3"><GO type="169" lobby="0"/><UN n0="%E6%9F%8A%E5%92%B2%E5%A4%9C" n1="%E8%BE%9B%E5%8F%A3%E3%82%AB%E3%83%AC%E3%83%BC%E3%83%A9%E3%82%A4%E3%82%B9" n2="%4D%41%4B%30%31%30%34" n3="%E3%81%AA%E3%81%88%E3%81%A8%E3%82%8B" dan="16,16,17,16" rate="2165.34,2114.72,2171.57,2141.26" sx="M,M,M,M"/><TAIKYOKU oya="0"/><INIT seed="0,0,0,4,1,90" ten="250,250,250,250" oya="0" hai0="23,94,85,134,27,79,16,9,114,46,80,72,124" hai1="109,47,49,43,95,13,55,111,110,108,7,39,17" hai2="6,34,64,3,1,123,26,10,20,127,100,113,76" hai3="8,78,45,22,133,130,28,104,122,37,107,0,52"/><T15/><D114/><U59/><N who="1" m="27648" /><DORA hai="65" /><U126/><E126/><V89/><F113/><W82/><G133/><T103/><D134/><U68/><E68/><V14/><F76/><W66/><G66/><T99/><D124/><U32/><E32/><V5/><F127/><W131/><G122/><T88/><D46/><U63/><E7/><N who="2" m="2571" /><F89/><W125/><G8/><T2/><D2/><N who="2" m="522" /><F100/><W116/><G0/><T69/><D69/><U71/><E95/><V119/><F64/><W93/><G93/><T105/><D9/><U74/><E74/><V12/><F123/><W112/><G112/><T51/><D51/><U36/><REACH who="1" step="1"/><E71/><REACH who="1" ten="250,240,250,250" step="2"/><V98/><F119/><W21/><G116/><T92/><REACH who="0" step="1"/><D94/><REACH who="0" ten="240,240,250,250" step="2"/><U128/><E128/><V83/><F10/><AGARI ba="0,2" hai="10,13,17,36,39,43,47,49,55,59,63" m="27648" machi="10" ten="70,12000,2" yaku="1,1,14,1,53,4" doraHai="90,65" doraHaiUra="84,120" who="1" fromWho="2" sc="240,0,240,140,250,-120,250,0" /><INIT seed="1,0,0,2,4,99" ten="240,380,130,250" oya="1" hai0="12,110,43,30,15,22,82,13,2,72,9,58,66" hai1="26,38,80,63,129,60,35,74,134,49,113,51,27" hai2="106,104,116,96,69,18,102,86,89,101,41,117,36" hai3="126,25,125,55,84,31,59,91,39,100,48,70,120"/><U8/><E113/><V130/><F69/><W64/><G120/><T111/><D43/><U57/><E38/><V131/><F41/><W24/><G39/><T71/><D71/><U34/><E134/><V108/><F18/><W32/><G25/><N who="0" m="16695" /><D72/><U1/><E129/><N who="2" m="49163" /><F36/><W14/><G14/><N who="0" m="5739" /><D82/><U115/><E115/><V127/><F108/><N who="0" m="41514" /><D58/><U37/><E37/><V121/><F121/><W77/><G77/><T92/><D92/><U47/><E74/><V78/><F78/><W45/><G70/><T62/><D62/><U85/><E60/><V98/><F127/><N who="3" m="48651" /><G100/><T29/><D66/><U132/><E63/><V28/><F28/><W0/><G64/><T75/><D75/><U7/><E57/><V122/><F122/><W65/><G65/><T46/><D46/><U11/><E47/><V20/><F20/><W19/><G45/><T4/><D29/><U119/><E80/><AGARI ba="0,0" hai="80,86,89,96,98,101,102,104,106,116,117" m="49163" machi="80" ten="30,8000,1" yaku="19,1,34,2,52,2" doraHai="99" who="2" fromWho="1" sc="240,0,380,-80,130,80,250,0" /><INIT seed="2,0,0,3,4,128" ten="240,300,210,250" oya="2" hai0="100,125,130,36,76,6,4,40,72,42,129,110,94" hai1="132,119,15,63,26,20,51,73,91,17,38,118,82" hai2="117,27,18,45,79,97,87,121,103,95,114,8,3" hai3="32,23,60,71,99,83,19,115,131,105,84,101,58"/><V69/><F114/><W123/><G123/><T112/><D112/><U5/><E38/><V41/><F121/><W1/><G115/><T29/><D110/><U44/><E63/><V75/><F69/><W34/><G71/><T109/><D109/><U16/><E5/><V31/><F117/><W78/><G1/><T56/><D125/><U14/><E132/><V134/><F134/><W66/><REACH who="3" step="1"/><G131/><REACH who="3" ten="240,300,210,240" step="2"/><T116/><D130/><U33/><E118/><V85/><F3/><W68/><G68/><T50/><D129/><U102/><E119/><V22/><F79/><W64/><G64/><T21/><D76/><U107/><E73/><V70/><F75/><W59/><G59/><T62/><D56/><U108/><E108/><V106/><F70/><W124/><G124/><T2/><D2/><U80/><E44/><V55/><F106/><W113/><G113/><T39/><D72/><U122/><E107/><V88/><F103/><W35/><G35/><T61/><D100/><U77/><E33/><V47/><F47/><W46/><G46/><T48/><D116/><U127/><E102/><V12/><REACH who="2" step="1"/><F55/><REACH who="2" ten="240,300,200,240" step="2"/><W9/><G9/><T10/><D10/><U67/><E122/><V7/><F7/><W53/><G53/><T65/><D4/><U104/><E104/><V135/><F135/><W111/><G111/><T30/><D6/><U126/><E127/><V86/><F86/><W24/><AGARI ba="0,2" hai="19,23,24,32,34,58,60,66,78,83,84,99,101,105" machi="24" ten="20,5200,0" yaku="1,1,0,1,7,1,53,1" doraHai="128" doraHaiUra="92" who="3" fromWho="3" sc="240,-13,300,-13,200,-26,240,72" /><INIT seed="3,0,0,2,5,100" ten="227,287,174,312" oya="3" hai0="98,36,57,21,119,134,85,105,129,128,65,107,131" hai1="99,47,53,42,127,122,114,37,6,38,18,125,40" hai2="74,14,58,112,87,110,30,50,2,61,27,59,72" hai3="26,29,5,90,124,75,115,69,51,67,79,10,23"/><W3/><G115/><T24/><D119/><U83/><E114/><V95/><F2/><W113/><G113/><T78/><D36/><U103/><E122/><V89/><F110/><W76/><G124/><N who="1" m="47690" /><E6/><V28/><F112/><W126/><G126/><T49/><D134/><U52/><E83/><V96/><F74/><W116/><G116/><T46/><D98/><U1/><E1/><V13/><F72/><W44/><G75/><T132/><D132/><U43/><E18/><V91/><F50/><W121/><G121/><T32/><D32/><U109/><E109/><V12/><F27/><W118/><G118/><T111/><D111/><U117/><E117/><V71/><F71/><W19/><G90/><T120/><D120/><U64/><E64/><V7/><F7/><W86/><G86/><T80/><D57/><U63/><E63/><V56/><REACH who="2" step="1"/><F61/><REACH who="2" ten="227,287,164,312" step="2"/><W25/><G69/><T130/><N who="0" m="32768" /><DORA hai="94" /><T45/><D65/><U97/><E38/><V101/><F101/><W73/><G73/><T55/><REACH who="0" step="1"/><D45/><REACH who="0" ten="217,287,164,312" step="2"/><U102/><E47/><V92/><AGARI ba="0,2" hai="12,13,14,28,30,56,58,59,87,89,91,92,95,96" machi="92" ten="40,12000,2" yaku="1,1,0,1,8,1,52,1,53,3" doraHai="100,94" doraHaiUra="123,11" who="2" fromWho="2" sc="217,-30,287,-30,164,140,312,-60" /><INIT seed="4,0,0,2,1,127" ten="187,257,304,252" oya="0" hai0="93,71,89,57,62,63,70,105,56,25,72,107,1" hai1="14,34,87,88,21,75,17,43,101,76,85,94,134" hai2="132,77,112,130,111,108,86,12,2,79,46,32,125" hai3="84,123,55,6,16,106,41,109,121,13,50,18,28"/><T135/><D135/><U15/><E134/><V45/><F2/><W59/><G109/><T95/><D1/><U5/><E34/><V81/><F132/><W53/><G106/><T10/><D10/><N who="1" m="4431" /><E75/><V92/><F32/><W3/><G28/><T68/><D72/><U126/><E126/><V8/><F125/><W91/><G3/><T36/><D25/><U90/><E101/><V113/><F92/><W37/><G37/><T11/><D11/><U35/><E35/><V73/><F73/><W4/><G41/><T19/><D19/><U47/><E76/><V67/><F67/><W100/><G100/><T42/><D42/><U69/><E69/><V51/><F79/><W133/><G133/><T117/><D117/><U48/><E90/><V9/><F46/><W52/><G18/><T120/><D36/><U131/><E131/><V115/><F130/><W78/><G78/><T104/><D89/><U80/><E80/><V65/><F65/><W30/><G30/><T24/><D24/><U58/><E58/><N who="0" m="22633" /><D120/><N who="3" m="46153" /><G6/><T66/><D66/><U82/><E82/><V97/><F97/><AGARI ba="0,0" hai="15,17,21,43,47,48,85,87,88,94,97" m="4431" machi="97" ten="30,2000,0" yaku="8,1,54,1" doraHai="127" who="1" fromWho="2" sc="187,0,257,20,304,-20,252,0" /><INIT seed="5,0,0,3,2,2" ten="187,277,284,252" oya="1" hai0="116,39,40,22,25,131,13,86,84,34,35,61,88" hai1="108,12,14,92,29,15,80,72,76,115,104,70,9" hai2="75,55,129,95,123,110,53,54,10,18,44,7,56" hai3="60,6,118,57,96,48,83,47,19,20,98,41,63"/><U1/><E115/><V32/><F110/><W26/><G118/><T11/><D116/><U78/><E104/><V133/><F123/><W4/><G83/><T105/><D131/><U85/><E70/><V91/><F75/><W94/><G60/><T77/><D105/><U97/><E108/><V130/><F32/><W107/><G107/><T17/><D77/><U102/><E29/><V37/><F18/><W46/><G47/><T23/><D84/><U68/><E68/><V38/><F56/><W79/><G79/><T109/><D109/><U101/><E101/><V5/><F133/><W42/><G42/><T51/><D39/><N who="2" m="14858" /><F10/><W111/><G111/><T31/><D23/><U117/><E117/><V62/><F44/><W113/><G113/><T89/><D89/><U27/><E27/><V114/><F62/><W49/><G49/><T132/><D132/><U64/><E64/><V58/><F58/><W106/><G106/><T125/><D125/><U67/><E67/><V93/><F114/><W33/><G33/><T122/><D61/><U30/><E30/><V3/><F3/><W81/><G81/><T124/><D124/><U127/><E127/><V87/><F95/><W21/><G21/><T90/><D90/><U73/><REACH who="1" step="1"/><E76/><REACH who="1" ten="187,267,284,252" step="2"/><V82/><F93/><W128/><G128/><AGARI ba="0,1" hai="5,7,53,54,55,82,87,91,128,129,130" m="14858" machi="128" ten="40,5200,0" yaku="19,1,52,2" doraHai="2" who="2" fromWho="3" sc="187,0,267,0,284,62,252,-52" /><INIT seed="6,0,0,0,2,95" ten="187,267,346,200" oya="2" hai0="123,119,132,73,31,11,126,49,18,64,12,115,60" hai1="84,116,78,134,42,48,98,88,87,77,47,91,8" hai2="43,54,103,96,46,86,135,108,114,94,1,97,44" hai3="72,28,5,21,27,102,74,90,0,110,124,105,113"/><V66/><F1/><W104/><G110/><T26/><D123/><U70/><E116/><V14/><F66/><W100/><G124/><T3/><D126/><U129/><E129/><V15/><F108/><W51/><G113/><T4/><D115/><U25/><E134/><V111/><F111/><W68/><G68/><T121/><D121/><U92/><E70/><V53/><F114/><W122/><G122/><T106/><D132/><U71/><E71/><V13/><F86/><W80/><G0/><T34/><D119/><U57/><E8/><V125/><F135/><W127/><G5/><T65/><D73/><U6/><E6/><V63/><F125/><W50/><G127/><T99/><D49/><U16/><E57/><V37/><F46/><W20/><G90/><T107/><D60/><U93/><E84/><V9/><F9/><W109/><G109/><T82/><D82/><U56/><E56/><V39/><F39/><W67/><G67/><T41/><D41/><U10/><E25/><V17/><F17/><W59/><G59/><T2/><D107/><N who="3" m="41033" /><G21/><N who="0" m="11463" /><D2/><U130/><E130/><V101/><F63/><W61/><G61/><T22/><D22/><U19/><E10/><V33/><F33/><W131/><G131/><T55/><D55/><U35/><E35/><V79/><F79/><AGARI ba="0,0" hai="16,19,42,47,48,77,78,79,87,88,91,92,93,98" machi="79" ten="40,8000,1" yaku="8,1,52,1,54,2" doraHai="95" who="1" fromWho="2" sc="187,0,267,80,346,-80,200,0" /><INIT seed="7,0,0,5,4,8" ten="187,347,266,200" oya="3" hai0="71,60,88,129,92,75,24,94,50,52,9,125,80" hai1="12,117,83,48,93,54,113,44,122,134,82,90,95" hai2="55,121,43,110,57,76,116,58,72,47,89,46,70" hai3="14,17,23,119,31,133,123,42,62,99,73,56,78"/><W21/><G119/><T3/><D129/><U84/><E122/><V35/><F35/><W103/><G123/><T104/><D104/><U111/><E111/><V6/><F110/><W87/><G133/><T107/><D107/><U112/><E134/><V130/><F70/><W13/><G73/><T20/><D125/><U74/><E117/><V38/><F130/><W51/><G42/><T18/><D71/><U109/><E109/><V63/><F89/><W33/><G33/><T96/><D60/><U2/><E2/><V26/><F26/><N who="3" m="16847" /><G51/><T126/><D126/><U19/><E82/><V91/><F76/><W32/><G32/><T11/><D3/><U124/><E124/><V27/><F72/><W16/><G99/><N who="0" m="57735" /><D80/><U49/><E49/><V114/><F116/><W0/><G0/><T25/><D25/><U98/><E74/><V36/><F121/><W128/><G128/><T67/><D67/><U4/><E98/><V28/><F43/><W45/><G103/><N who="0" m="60823" /><D75/><U102/><E102/><V69/><F69/><W118/><G118/><T37/><D37/><U29/><E48/><V66/><F36/><W15/><G45/><AGARI ba="0,0" hai="9,11,18,20,24,45,50,52" m="60823,57735" machi="45" ten="30,3900,0" yaku="8,1,54,2" doraHai="8" who="0" fromWho="3" sc="187,39,347,0,266,0,200,-39" owari="226,-17.4,347,44.7,266,6.6,161,-33.9" /></mjloggm>