<mjloggm ver="2.3"><GO type="169" lobby="0"/><UN n0="%67%61%79%75%6E%79" n1="%E3%83%90%E3%83%AA%E3%83%88%E3%83%B3" n2="%4E%49%4A%49%49%52%4F" n3="%E8%8B%B1%E5%9B%BD%E5%A3%B2%E5%8D%B4" dan="17,17,17,18" rate="2186.00,2240.30,2185.46,2250.95" sx="M,M,M,M"/><TAIKYOKU oya="0"/><INIT seed="0,0,0,2,5,78" ten="250,250,250,250" oya="0" hai0="33,30,12,13,40,21,93,64,1,68,69,41,111" hai1="88,86,27,38,73,116,99,84,117,125,130,98,17" hai2="67,114,31,23,123,37,8,28,39,5,77,72,52" hai3="56,15,0,90,128,108,34,94,24,3,83,66,43"/><T91/><D1/><U45/><E73/><V22/><F123/><W100/><G128/><T81/><D111/><U127/><E17/><V60/><F114/><W124/><G108/><T85/><D33/><U6/><E6/><V11/><F67/><W55/><G124/><N who="1" m="47690" /><E27/><V62/><F77/><W79/><G100/><T112/><D112/><U95/><E45/><V61/><F72/><W96/><G66/><T132/><D132/><U110/><E38/><V25/><F52/><W70/><G70/><T65/><D69/><U4/><E4/><V57/><F57/><W87/><G43/><N who="0" m="16459" /><D68/><U59/><E59/><V113/><F113/><W129/><G129/><T46/><D46/><U53/><E53/><V36/><F5/><W29/><REACH who="3" step="1"/><G15/><REACH who="3" ten="250,250,250,240" step="2"/><N who="0" m="5707" /><D65/><U101/><E130/><V14/><F14/><W9/><G9/><N who="2" m="3657" /><F25/><W19/><G19/><T133/><D64/><U7/><E7/><V51/><F51/><AGARI ba="0,1" hai="0,3,24,29,34,51,55,56,79,83,87,90,94,96" machi="51" ten="30,3900,0" yaku="1,1,7,1,52,1,53,0" doraHai="78" doraHaiUra="10" who="3" fromWho="2" sc="250,0,250,0,250,-39,240,49" /><INIT seed="1,0,0,1,5,15" ten="250,250,211,289" oya="1" hai0="64,111,53,14,123,75,116,49,84,119,58,108,88" hai1="33,13,57,65,78,1,34,110,94,131,63,105,22" hai2="135,26,102,60,68,112,21,81,40,77,46,109,2" hai3="67,47,86,95,54,90,93,113,30,17,124,5,127"/><U51/><E1/><V0/><F112/><W76/><G113/><T24/><D75/><U100/><E105/><V4/><F135/><W43/><G30/><T99/><D123/><U38/><E38/><V132/><F132/><W3/><G67/><T130/><D130/><U41/><E78/><V98/><F109/><N who="0" m="42058" /><D99/><U23/><E131/><V118/><F118/><W89/><G76/><T128/><D128/><U80/><E80/><V133/><F133/><W8/><G54/><T125/><D125/><U48/><E33/><V74/><F4/><W71/><G71/><T83/><D64/><U32/><E34/><V97/><F97/><W107/><G107/><T52/><D24/><U25/><E32/><V42/><F60/><W104/><G104/><T126/><D126/><U29/><E41/><V56/><F56/><W11/><G11/><T114/><D114/><U45/><E45/><V62/><F62/><W19/><G124/><T103/><D103/><U50/><E110/><V59/><F59/><W122/><G122/><T31/><D31/><U66/><E66/><V61/><F61/><W129/><G129/><T91/><D91/><U73/><E73/><V134/><F68/><W87/><G127/><T96/><D96/><N who="1" m="59415" /><E51/><AGARI ba="0,0" hai="3,5,8,17,19,43,47,51,86,87,89,90,93,95" machi="51" ten="30,7700,0" yaku="7,1,9,1,52,2" doraHai="15" who="3" fromWho="1" sc="250,0,250,-77,211,0,289,77" /><INIT seed="2,0,0,3,3,79" ten="250,173,211,366" oya="2" hai0="33,95,112,105,109,128,129,59,29,41,8,40,52" hai1="111,119,63,55,19,68,39,20,72,22,67,34,28" hai2="69,21,15,10,96,13,98,93,108,3,120,5,42" hai3="97,32,121,74,53,62,38,134,90,7,107,66,43"/><V18/><F120/><W6/><G121/><T60/><D105/><U130/><E119/><V2/><F69/><W70/><G32/><T94/><D112/><U106/><E111/><V132/><F108/><W126/><G74/><T37/><D109/><U103/><E130/><N who="0" m="50281" /><D8/><U58/><E72/><V92/><F132/><W54/><G134/><T36/><D29/><U49/><E19/><V76/><F42/><N who="0" m="16490" /><D33/><U35/><E35/><V100/><REACH who="2" step="1"/><F76/><REACH who="2" ten="250,173,201,366" step="2"/><W131/><G131/><T73/><D73/><U0/><E39/><AGARI ba="0,1" hai="36,37,39,52,59,60,94,95" m="16490,50281" machi="39" ten="30,2000,0" yaku="19,1,54,1" doraHai="79" who="0" fromWho="1" sc="250,30,173,-20,201,0,366,0" /><INIT seed="3,0,0,0,4,109" ten="280,153,201,366" oya="3" hai0="67,94,29,0,121,63,37,7,98,134,60,81,128" hai1="11,88,42,46,22,106,73,79,17,69,71,107,55" hai2="49,112,120,99,83,114,115,117,45,20,40,65,41" hai3="108,16,97,50,25,57,76,116,127,105,126,24,13"/><W36/><G116/><T130/><D37/><U123/><E123/><V77/><F117/><W43/><G36/><T52/><D121/><U96/><E55/><V91/><F120/><W135/><G76/><T64/><D134/><U6/><E79/><V113/><N who="2" m="28672" /><DORA hai="102" /><V119/><F119/><W87/><G87/><T89/><D29/><U28/><E28/><V5/><F65/><W59/><G108/><T111/><D111/><U12/><E73/><V80/><F5/><W9/><G135/><T21/><D21/><U66/><E66/><V31/><F41/><W18/><G43/><T101/><D7/><U72/><E72/><V33/><F33/><W54/><G59/><N who="0" m="34919" /><D63/><U14/><E71/><V51/><F51/><W56/><G57/><T48/><D0/><U86/><E96/><V26/><REACH who="2" step="1"/><F77/><REACH who="2" ten="280,153,191,366" step="2"/><W133/><G133/><T32/><D32/><U132/><E132/><V8/><F8/><W74/><G50/><T62/><D48/><U44/><E69/><V100/><F100/><W35/><G35/><T118/><D118/><U23/><E23/><V84/><F84/><W82/><G9/><T27/><D67/><U34/><E34/><V110/><F110/><W1/><G74/><T85/><D64/><U2/><E2/><V68/><F68/><W131/><G1/><T93/><D101/><U4/><E4/><V124/><F124/><W95/><G126/><T104/><D85/><U53/><E53/><V10/><F10/><W90/><G54/><T129/><D129/><U70/><E70/><V39/><F39/><W19/><G131/><T103/><D130/><RYUUKYOKU ba="0,1" sc="280,-10,153,-10,191,30,366,-10" hai2="20,26,31,40,45,49,80,83,91,99" /><INIT seed="4,1,1,4,2,11" ten="270,143,221,356" oya="0" hai0="90,28,53,112,71,16,65,100,122,8,123,93,44" hai1="132,15,43,92,87,25,98,116,58,78,40,89,3" hai2="5,106,75,48,9,111,103,36,66,10,47,134,83" hai3="74,4,119,61,38,69,62,77,99,7,30,70,126"/><T14/><D100/><U95/><E3/><V79/><F111/><W33/><G119/><T59/><D112/><U50/><E132/><V26/><F134/><W0/><G126/><T52/><D44/><U84/><E116/><V105/><F66/><W67/><G38/><T124/><D124/><U110/><E110/><V94/><F36/><W51/><G51/><T45/><D45/><U102/><E25/><V131/><F131/><W64/><G99/><T127/><D127/><U133/><E133/><V85/><F26/><W41/><G41/><T115/><D115/><U97/><E15/><V29/><F29/><W130/><G130/><T12/><D28/><U109/><E109/><V21/><F21/><W31/><G0/><T22/><D71/><U24/><E24/><V114/><F10/><W63/><G63/><N who="0" m="38143" /><D123/><U2/><E2/><V37/><F37/><W60/><G60/><T56/><D56/><U82/><REACH who="1" step="1"/><E98/><REACH who="1" ten="270,133,221,356" step="2"/><V32/><F114/><W113/><G113/><T108/><D108/><U19/><E19/><V125/><F125/><W23/><G23/><T80/><D122/><U135/><E135/><V34/><F32/><W42/><G33/><T55/><D80/><U54/><AGARI ba="1,2" hai="40,43,50,54,58,78,82,84,87,89,92,95,97,102" machi="54" ten="30,7900,0" yaku="1,1,0,1,8,1,53,1" doraHai="11" doraHaiUra="72" who="1" fromWho="1" sc="270,-40,133,102,221,-21,356,-21" /><INIT seed="5,0,0,4,4,33" ten="230,235,200,335" oya="1" hai0="13,20,82,66,14,11,120,34,91,125,8,60,129" hai1="30,31,44,133,35,75,23,1,10,61,90,124,110" hai2="32,39,127,115,43,87,85,113,114,4,94,47,106" hai3="117,0,123,12,100,52,38,98,45,5,15,132,121"/><U22/><E75/><V6/><F106/><W81/><G132/><T130/><D34/><U27/><E133/><V134/><F134/><W28/><G28/><T105/><D105/><U2/><E124/><V77/><F127/><W49/><G117/><T19/><D125/><U40/><E110/><V107/><F107/><W54/><G38/><T89/><D120/><U50/><E10/><V128/><F128/><N who="0" m="49258" /><D82/><U101/><E101/><V69/><F69/><W72/><G54/><T7/><D20/><U83/><E61/><V68/><F68/><AGARI ba="0,0" hai="7,8,11,13,14,19,60,66,68,89,91" m="49258" machi="68" ten="30,1000,0" yaku="19,1" doraHai="33" who="0" fromWho="2" sc="230,10,235,0,200,-10,335,0" /><INIT seed="6,0,0,5,2,25" ten="240,235,190,335" oya="2" hai0="30,109,39,82,45,72,28,22,92,37,13,60,36" hai1="90,133,18,46,35,103,120,110,61,16,55,114,51" hai2="68,75,33,20,6,40,131,8,97,88,132,134,95" hai3="32,49,23,69,106,14,42,126,7,85,116,64,111"/><V43/><F68/><W80/><G111/><T44/><D109/><U77/><E110/><V91/><F33/><W47/><G126/><T19/><D92/><U41/><E114/><V118/><F118/><W125/><G125/><T135/><D135/><N who="2" m="51754" /><F131/><W34/><G106/><T53/><D60/><U84/><E120/><V74/><F20/><W102/><G102/><T59/><D45/><U0/><E0/><N who="2" m="71" /><F91/><W27/><G116/><T99/><D44/><U58/><E133/><V98/><F98/><W24/><G24/><T119/><D99/><U17/><E35/><V4/><F4/><W86/><G86/><T10/><D119/><U83/><REACH who="1" step="1"/><E103/><REACH who="1" ten="240,225,190,335" step="2"/><V130/><F130/><W50/><G34/><T104/><D104/><U57/><E57/><V48/><F48/><W26/><G32/><T66/><D59/><U31/><E31/><V54/><F54/><W94/><G50/><T65/><D53/><U112/><E112/><V127/><F127/><W101/><G49/><T79/><REACH who="0" step="1"/><D22/><REACH who="0" ten="230,225,190,335" step="2"/><U12/><E12/><V113/><F113/><W73/><G14/><T56/><D56/><U123/><E123/><V70/><F70/><W108/><G23/><T115/><D115/><U38/><E38/><V1/><F1/><W87/><G69/><T96/><D96/><U67/><E67/><AGARI ba="0,2" hai="10,13,19,28,30,36,37,39,65,66,67,72,79,82" machi="67" ten="40,8000,1" yaku="1,1,52,2,53,1" doraHai="25" doraHaiUra="9" who="0" fromWho="1" sc="230,100,225,-80,190,0,335,0" /><INIT seed="7,0,0,2,1,25" ten="330,145,190,335" oya="3" hai0="107,118,27,42,81,14,5,103,2,117,102,120,58" hai1="127,69,119,31,126,4,24,94,115,105,66,92,16" hai2="53,110,111,98,122,12,18,55,71,93,113,97,22" hai3="64,48,116,61,11,13,15,51,56,89,112,80,104"/><W73/><G116/><T49/><D120/><U134/><E119/><V50/><F71/><W7/><G112/><T74/><D2/><U32/><E4/><V17/><F122/><W100/><G104/><T75/><D107/><U109/><E109/><V20/><F113/><W82/><G100/><T123/><D123/><U130/><E115/><V60/><F60/><W62/><G73/><T9/><D75/><U54/><E54/><V114/><F114/><W46/><G51/><T108/><D108/><U132/><E105/><V72/><F72/><W129/><G129/><T19/><D74/><U87/><E87/><V23/><F23/><W0/><G62/><T38/><D38/><U41/><E41/><V106/><F106/><W68/><G68/><T135/><D135/><N who="1" m="51755" /><E16/><V44/><F55/><W47/><G47/><N who="0" m="25847" /><D118/><U35/><E35/><V90/><F97/><W95/><G13/><AGARI ba="0,0" hai="12,13,17,18,20,22,44,50,53,90,93,98,110,111" machi="13" ten="30,2000,0" yaku="7,1,9,1" doraHai="25" who="2" fromWho="3" sc="330,0,145,0,190,20,335,-20" owari="330,43.0,145,-35.5,210,-19.0,315,11.5" /></mjloggm>