<mjloggm ver="2.3"><GO type="169" lobby="0"/><UN n0="%E3%83%88%E3%82%B7%E3%83%95%E3%83%BC%E3%83%8B" n1="%4F%77%4B" n2="%E8%BE%9B%E5%8F%A3%E3%82%AB%E3%83%AC%E3%83%BC%E3%83%A9%E3%82%A4%E3%82%B9" n3="%E3%80%8E%53%65%63%72%65%74%E3%80%8F" dan="16,17,16,16" rate="2137.43,2180.65,2126.24,2107.10" sx="M,M,M,M"/><TAIKYOKU oya="0"/><INIT seed="0,0,0,2,4,28" ten="250,250,250,250" oya="0" hai0="76,57,16,31,52,30,26,48,18,74,22,11,124" hai1="4,59,134,109,89,133,50,49,69,8,58,98,106" hai2="71,81,90,23,128,113,66,99,117,12,75,101,79" hai3="130,67,88,110,38,42,119,6,10,84,80,115,112"/><T121/><D121/><U41/><E69/><V27/><F113/><W114/><G119/><T108/><D124/><U116/><E109/><V92/><F117/><W20/><G110/><T13/><REACH who="0" step="1"/><D108/><REACH who="0" ten="240,250,250,250" step="2"/><U56/><E116/><V65/><F128/><W72/><G130/><T96/><D96/><U77/><E98/><V132/><F132/><W86/><G112/><T73/><D73/><U34/><E134/><V45/><F75/><W3/><G72/><T122/><D122/><U131/><E133/><V100/><F99/><W127/><G127/><T43/><D43/><U60/><E41/><V2/><F100/><W111/><G111/><T54/><D54/><U29/><E131/><V0/><F101/><W51/><G114/><T120/><D120/><U55/><E55/><V125/><F125/><W35/><G115/><T102/><D102/><U68/><E106/><V47/><F66/><W33/><G84/><T70/><D70/><U36/><E68/><V39/><F65/><W46/><G67/><T78/><D78/><U123/><E77/><V85/><F79/><W24/><REACH who="3" step="1"/><G38/><REACH who="3" ten="240,250,250,240" step="2"/><T83/><AGARI ba="0,2" hai="11,13,16,18,22,26,30,31,48,52,57,74,76,83" machi="83" ten="30,11700,0" yaku="1,1,0,1,54,2,53,0" doraHai="28" doraHaiUra="93" who="0" fromWho="0" sc="240,137,250,-39,250,-39,240,-39" /><INIT seed="0,1,0,5,2,51" ten="377,211,211,201" oya="0" hai0="120,76,28,53,5,77,135,100,119,118,89,79,104" hai1="58,56,45,82,116,25,2,113,95,94,36,54,67" hai2="3,59,18,121,33,122,78,61,91,16,115,112,90" hai3="108,107,105,68,87,11,92,1,128,88,12,10,26"/><T80/><D120/><U50/><E116/><V52/><F33/><W132/><G108/><T133/><D28/><U34/><E2/><V74/><F3/><W19/><G132/><N who="0" m="50763" /><D53/><U71/><E113/><V65/><F121/><W48/><G128/><T72/><D5/><U73/><E73/><V63/><F122/><W39/><G68/><T69/><D69/><U15/><E82/><V55/><F74/><W27/><G39/><T114/><D114/><U110/><E110/><V124/><F124/><W85/><G1/><T109/><D109/><U38/><E15/><V40/><F40/><W106/><G10/><T93/><D100/><U0/><E0/><V99/><F78/><N who="0" m="30314" /><D104/><U84/><E71/><V103/><F112/><W134/><G134/><T81/><D81/><U7/><E7/><V22/><F115/><W97/><G87/><AGARI ba="1,0" hai="72,79,80,87,89,93,118,119" m="30314,50763" machi="87" ten="30,5800,0" yaku="20,1,34,2" doraHai="51" who="0" fromWho="3" sc="377,61,211,0,211,0,201,-61" /><INIT seed="0,2,0,3,1,118" ten="438,211,211,140" oya="0" hai0="115,75,65,105,96,128,99,24,83,108,38,116,27" hai1="72,130,94,51,29,25,4,7,76,55,19,21,58" hai2="119,2,135,101,16,60,109,45,84,102,89,82,20" hai3="132,63,100,12,5,74,54,69,26,53,40,34,77"/><T23/><D116/><U91/><E130/><V106/><F119/><W0/><G132/><T85/><D115/><U114/><E114/><V112/><F112/><W49/><G0/><T131/><D38/><U81/><REACH who="1" step="1"/><E29/><REACH who="1" ten="438,201,211,140" step="2"/><V127/><F135/><W17/><G34/><T73/><D131/><U125/><E125/><V122/><F127/><W37/><G69/><T10/><D128/><U15/><E15/><V104/><F2/><W113/><G12/><T30/><D30/><U1/><E1/><V39/><F106/><W41/><G113/><T64/><D24/><U92/><E92/><V110/><F104/><W28/><G26/><T32/><D105/><U111/><E111/><V87/><F109/><W95/><G95/><T47/><D108/><U107/><E107/><V13/><F110/><W42/><G28/><T120/><D27/><U57/><E57/><V36/><F45/><W18/><G37/><T59/><D47/><U78/><E78/><V103/><F39/><W133/><G133/><T46/><D46/><U86/><AGARI ba="2,1" hai="4,7,19,21,25,51,55,58,72,76,81,86,91,94" machi="86" ten="20,5200,0" yaku="1,1,0,1,7,1,53,1" doraHai="118" doraHaiUra="88" who="1" fromWho="1" sc="438,-28,201,68,211,-15,140,-15" /><INIT seed="1,0,0,0,5,109" ten="410,269,196,125" oya="1" hai0="121,15,4,61,24,65,99,112,115,69,37,84,56" hai1="25,96,72,75,101,80,36,82,129,27,40,10,127" hai2="59,14,63,76,98,119,62,68,22,133,78,18,55" hai3="106,104,28,86,89,46,125,90,107,94,134,1,116"/><U23/><E36/><V95/><F133/><W71/><G134/><T60/><D121/><U43/><E127/><V103/><REACH who="2" step="1"/><F119/><REACH who="2" ten="410,269,186,125" step="2"/><W58/><G125/><T29/><D37/><U31/><E129/><V105/><F105/><W11/><G116/><T111/><D111/><U19/><E75/><V92/><F92/><W120/><G120/><T26/><D84/><U83/><E72/><V49/><F49/><W5/><G71/><T87/><D87/><U47/><E47/><V54/><F54/><W20/><G46/><T70/><D99/><U45/><E45/><V9/><F9/><W77/><G58/><T123/><D123/><U110/><E110/><V48/><F48/><W85/><G77/><T113/><D61/><U74/><E74/><V52/><F52/><W17/><G28/><T7/><D69/><U51/><E51/><V132/><F132/><W57/><G57/><T108/><D70/><U44/><E44/><V67/><AGARI ba="0,1" hai="14,18,22,55,59,62,63,67,68,76,78,95,98,103" machi="67" ten="30,2000,0" yaku="1,1,0,1,53,0" doraHai="109" doraHaiUra="128" who="2" fromWho="2" sc="410,-5,269,-10,186,30,125,-5" /><INIT seed="2,0,0,1,1,8" ten="405,259,216,120" oya="2" hai0="122,110,68,106,3,22,51,118,41,77,50,42,72" hai1="36,100,27,132,128,21,84,55,80,82,34,119,134" hai2="37,95,38,48,18,33,104,101,26,75,47,121,65" hai3="115,81,79,56,120,1,44,9,28,14,87,20,111"/><V108/><F121/><W66/><G111/><T103/><D3/><U78/><E119/><V32/><F75/><W94/><G120/><T71/><D122/><U35/><E36/><V13/><F104/><W91/><G115/><T73/><D110/><U92/><E128/><V123/><F123/><W60/><G1/><T25/><D118/><U125/><E125/><V46/><F108/><W93/><G44/><T83/><D73/><U76/><E55/><V2/><F2/><W63/><G63/><T105/><D105/><U10/><E10/><V116/><F116/><W49/><G49/><T74/><D74/><U102/><E92/><V58/><F46/><W64/><G64/><T12/><D106/><U43/><E43/><V52/><F65/><W6/><REACH who="3" step="1"/><G79/><REACH who="3" ten="405,259,216,110" step="2"/><T57/><D50/><U24/><E78/><V130/><F130/><W127/><G127/><T62/><D62/><U129/><E76/><V107/><F47/><W88/><G88/><T131/><D131/><U15/><E129/><V11/><F38/><W89/><G89/><T98/><D51/><U4/><E102/><V5/><F37/><W113/><G113/><T99/><D103/><U54/><E100/><V61/><F61/><W16/><G16/><N who="0" m="10503" /><D68/><U70/><E70/><V17/><F107/><W69/><G69/><T126/><D71/><U97/><E4/><V86/><F18/><W59/><G59/><T30/><D126/><U135/><E135/><V85/><F5/><W117/><G117/><T23/><D57/><U29/><E134/><V19/><F19/><W67/><G67/><T39/><D39/><RYUUKYOKU ba="0,1" sc="405,15,259,-15,216,-15,110,15" hai0="23,25,30,41,42,72,77,83,98,99" hai3="6,9,14,20,28,56,60,66,81,87,91,93,94" /><INIT seed="3,1,1,3,3,6" ten="420,244,201,125" oya="3" hai0="81,114,65,78,61,59,115,122,18,129,98,100,92" hai1="39,11,63,34,13,15,80,131,22,29,95,70,120" hai2="35,82,67,84,72,43,2,101,54,126,111,48,24" hai3="96,32,113,108,42,130,20,23,0,60,134,26,99"/><W46/><G113/><N who="0" m="43019" /><D129/><U16/><E120/><V93/><F2/><W91/><G130/><T21/><D122/><U17/><E131/><V107/><F111/><W51/><G134/><T49/><D49/><U87/><E39/><V117/><F117/><W41/><G108/><T118/><D118/><U66/><E95/><V110/><F110/><W124/><G124/><T119/><D119/><U9/><E34/><V103/><F126/><W123/><G123/><T47/><D47/><U45/><E45/><V8/><F43/><W89/><G0/><T37/><D37/><U74/><E74/><V10/><F107/><W33/><G60/><T44/><D44/><U58/><E70/><V36/><F36/><W112/><G112/><T97/><D92/><U28/><E22/><V94/><F72/><W109/><G109/><T30/><D30/><U12/><E12/><V27/><F67/><W50/><REACH who="3" step="1"/><G46/><REACH who="3" ten="420,244,201,115" step="2"/><T64/><D61/><U125/><E125/><V128/><F128/><W1/><G1/><T77/><D65/><U52/><REACH who="1" step="1"/><E66/><REACH who="1" ten="420,234,201,115" step="2"/><V4/><F101/><W79/><G79/><AGARI ba="1,3" hai="9,11,13,15,16,17,28,29,52,58,63,79,80,87" machi="79" ten="30,24000,4" yaku="1,1,2,1,7,1,9,1,8,1,52,2,54,2,53,2" doraHai="6" doraHaiUra="14" who="1" fromWho="3" sc="420,0,234,273,201,0,115,-243" owari="420,22.0,507,60.7,201,-19.9,-128,-62.8" /></mjloggm>