<mjloggm ver="2.3"><GO type="169" lobby="0"/><UN n0="%E3%81%95%E3%81%8B%E3%81%8D" n1="%65%6B%61%72%75%74%65" n2="%41%52%44%45%4E" n3="%53%4F%49%43%48%49" dan="17,16,16,16" rate="2205.64,2192.65,2122.29,2081.31" sx="M,M,F,M"/><TAIKYOKU oya="0"/><INIT seed="0,0,0,5,5,29" ten="250,250,250,250" oya="0" hai0="79,21,120,47,100,130,24,73,60,28,72,50,1" hai1="53,111,102,109,34,66,33,43,91,133,80,22,127" hai2="61,8,112,113,132,38,98,27,2,105,55,41,124" hai3="23,134,85,63,68,9,118,119,56,69,6,45,103"/><T101/><D120/><U31/><E127/><V78/><F124/><W18/><G134/><T10/><D130/><U107/><E133/><V70/><F132/><W87/><G103/><T94/><D73/><U58/><E43/><V40/><F78/><W96/><G96/><T90/><D72/><U65/><E22/><V121/><F121/><W81/><G45/><T108/><D79/><U62/><E31/><V97/><F97/><W11/><G18/><T15/><D60/><U88/><E102/><V16/><F98/><W52/><G23/><T57/><D57/><U19/><E19/><V30/><F105/><W48/><G11/><T49/><D1/><U3/><E3/><V37/><F41/><W106/><G106/><T26/><D26/><U42/><E42/><V17/><F17/><W84/><G81/><T74/><D74/><U110/><E107/><V126/><F126/><W125/><G125/><T44/><D44/><U32/><E80/><V122/><F122/><W117/><REACH who="3" step="1"/><G63/><REACH who="3" ten="250,250,250,240" step="2"/><T93/><D47/><U12/><E12/><AGARI ba="0,1" hai="6,9,12,48,52,56,68,69,84,85,87,117,118,119" machi="12" ten="50,6400,0" yaku="1,1,2,1,54,1,53,0" doraHai="29" doraHaiUra="135" who="3" fromWho="1" sc="250,0,250,-64,250,0,240,74" /><INIT seed="1,0,0,3,1,109" ten="250,186,250,314" oya="1" hai0="111,64,37,90,108,69,54,44,115,132,63,14,23" hai1="20,15,106,33,25,9,95,27,34,60,79,129,126" hai2="76,0,71,52,62,113,22,96,124,32,99,88,86" hai3="12,83,91,51,92,81,3,89,55,97,61,41,40"/><U130/><E106/><V103/><F32/><N who="1" m="12393" /><E95/><V48/><F0/><W82/><G3/><T11/><D132/><U16/><E60/><V59/><F124/><W6/><G61/><T21/><D90/><U10/><E79/><V114/><F76/><W42/><G6/><T38/><D38/><U98/><E98/><V65/><F22/><W73/><G12/><T50/><D115/><N who="2" m="44042" /><F103/><N who="3" m="60839" /><G73/><T101/><D101/><U13/><E126/><V102/><F102/><W8/><G8/><N who="1" m="3178" /><E15/><V122/><F122/><W119/><G119/><T58/><D111/><U78/><E78/><V70/><F70/><W133/><G133/><T43/><REACH who="0" step="1"/><D108/><REACH who="0" ten="240,186,250,314" step="2"/><U26/><AGARI ba="0,1" hai="13,16,20,25,26,27,129,130" m="3178,12393" machi="26" ten="40,7800,0" yaku="34,2,54,1" doraHai="109" who="1" fromWho="1" sc="240,-26,186,88,250,-26,314,-26" /><INIT seed="1,1,0,1,4,9" ten="214,274,224,288" oya="1" hai0="11,69,67,85,32,92,134,100,82,12,118,129,80" hai1="76,3,37,132,38,103,26,115,13,7,61,36,93" hai2="41,62,60,45,65,111,110,48,0,94,83,27,79" hai3="86,31,16,121,57,50,22,117,1,42,47,123,104"/><U33/><E115/><V66/><F0/><W15/><G104/><T89/><D118/><U96/><E132/><V64/><F94/><W34/><G117/><T91/><D32/><U126/><E126/><V127/><F27/><W133/><G133/><T87/><D134/><U2/><E76/><V52/><F127/><W24/><G1/><T21/><D129/><U116/><E116/><V51/><F83/><W10/><G86/><T71/><D67/><U105/><E61/><N who="2" m="23659" /><F79/><W74/><G74/><T135/><D21/><U120/><E120/><V40/><F40/><W106/><G106/><T125/><D125/><U128/><E128/><V43/><F43/><W5/><REACH who="3" step="1"/><G57/><AGARI ba="1,0" hai="41,45,48,51,52,57,64,65,66,110,111" m="23659" machi="57" ten="30,3900,0" yaku="34,2,54,1" doraHai="9" who="2" fromWho="3" sc="214,0,274,0,224,42,288,-42" /><INIT seed="2,0,0,0,0,125" ten="214,274,266,246" oya="2" hai0="48,94,134,68,84,115,67,111,16,53,32,128,5" hai1="75,34,133,105,130,121,86,54,46,13,127,118,122" hai2="132,23,129,2,61,9,47,62,85,31,100,0,103" hai3="89,74,110,116,40,93,39,123,79,107,17,95,83"/><V10/><F85/><W73/><G39/><T57/><D115/><U90/><E34/><V33/><F33/><W11/><G40/><T99/><D32/><U72/><E127/><V77/><F77/><W19/><G116/><T44/><D111/><U82/><E118/><V119/><F119/><W96/><G123/><N who="1" m="47114" /><E13/><V38/><F23/><W6/><G74/><N who="1" m="28202" /><E54/><V71/><F71/><W50/><G110/><T87/><D68/><U114/><E46/><V59/><F47/><W49/><G93/><T52/><D5/><U64/><E64/><V18/><F18/><W108/><G108/><T70/><D134/><U7/><E7/><V92/><F31/><W1/><G107/><T43/><D53/><U109/><E109/><V104/><F104/><W55/><REACH who="3" step="1"/><G49/><REACH who="3" ten="214,274,266,236" step="2"/><T28/><D43/><U60/><E105/><V97/><F38/><W131/><G131/><T65/><D128/><U112/><E130/><V8/><F129/><W51/><G51/><T29/><D94/><U15/><E114/><V91/><F132/><W126/><G126/><T78/><D48/><U24/><E112/><V120/><F120/><W88/><G88/><T117/><D117/><U12/><E133/><V124/><F124/><W80/><G80/><T101/><D101/><N who="2" m="38986" /><F62/><W27/><G27/><T135/><D135/><U25/><E60/><V81/><F81/><W36/><G36/><T35/><D78/><U42/><E42/><V20/><F61/><W45/><AGARI ba="0,1" hai="1,6,11,17,19,45,50,55,73,79,83,89,95,96" machi="45" ten="20,2700,0" yaku="1,1,0,1,7,1,53,0" doraHai="125" doraHaiUra="56" who="3" fromWho="3" sc="214,-7,274,-7,266,-13,236,37" /><INIT seed="3,0,0,1,0,67" ten="207,267,253,273" oya="3" hai0="84,36,4,27,131,74,66,130,10,95,129,45,93" hai1="125,113,65,116,89,35,6,22,34,75,90,5,25" hai2="111,103,60,14,12,96,31,72,119,118,38,100,18" hai3="48,82,102,55,11,15,105,87,112,80,120,64,117"/><W81/><G112/><T73/><D27/><U32/><E113/><V40/><F111/><W77/><G117/><T19/><D19/><U126/><E75/><V44/><F72/><W128/><G120/><T70/><D74/><U83/><E116/><V124/><F124/><N who="1" m="47721" /><E65/><V26/><F60/><W108/><G128/><T43/><D73/><U79/><E79/><V56/><F56/><W91/><G108/><T51/><D51/><U50/><E50/><V33/><F103/><W114/><G114/><T2/><REACH who="0" step="1"/><D84/><REACH who="0" ten="197,267,253,273" step="2"/><N who="1" m="50335" /><E90/><V9/><REACH who="2" step="1"/><F12/><REACH who="2" ten="197,267,243,273" step="2"/><W47/><G77/><T1/><D1/><U39/><E39/><V68/><F68/><W88/><G15/><T92/><D92/><AGARI ba="0,2" hai="9,14,18,26,31,33,38,40,44,92,96,100,118,119" machi="92" ten="30,3900,0" yaku="1,1,7,1,53,1" doraHai="67" doraHaiUra="7" who="2" fromWho="0" sc="197,-39,267,0,243,59,273,0" /><INIT seed="4,0,0,4,2,30" ten="158,267,302,273" oya="0" hai0="6,120,54,105,93,118,25,39,133,28,121,134,77" hai1="91,51,26,89,116,3,19,117,124,62,113,99,16" hai2="98,13,2,65,67,43,119,107,100,42,104,71,123" hai3="4,128,80,34,58,74,1,12,52,81,109,86,131"/><T69/><D69/><U82/><E113/><V15/><F123/><W73/><G109/><T45/><D105/><U40/><E3/><V101/><F2/><W36/><G36/><T72/><D118/><U5/><E124/><V61/><F119/><W92/><G1/><T9/><D93/><U57/><E116/><V135/><F135/><N who="0" m="51722" /><D54/><U33/><E5/><V14/><F67/><W111/><G111/><T102/><D102/><U122/><E122/><V66/><REACH who="2" step="1"/><F65/><REACH who="2" ten="158,267,292,273" step="2"/><W60/><G128/><T35/><D121/><U53/><E117/><V59/><F59/><W85/><G131/><T31/><D120/><U18/><E57/><V76/><F76/><W87/><G58/><T110/><D110/><U0/><E0/><V64/><F64/><W125/><G125/><T56/><D56/><U32/><E62/><V75/><F75/><W63/><G73/><T112/><D77/><U37/><E89/><V78/><F78/><W46/><G74/><T68/><D72/><U129/><E91/><V96/><AGARI ba="0,1" hai="13,14,15,42,43,61,66,71,96,98,100,101,104,107" machi="96" ten="30,4000,0" yaku="1,1,0,1,9,1,53,0" doraHai="30" doraHaiUra="114" who="2" fromWho="2" sc="158,-20,267,-10,292,50,273,-10" /><INIT seed="5,0,0,0,0,134" ten="138,257,342,263" oya="1" hai0="48,40,8,109,69,35,20,97,121,23,41,74,32" hai1="62,83,72,89,22,1,14,66,51,29,73,9,106" hai2="65,81,103,84,31,58,10,101,71,56,59,75,76" hai3="7,36,12,5,16,37,2,17,34,11,100,47,64"/><U60/><E106/><V18/><F31/><W113/><G64/><T105/><D109/><U45/><E1/><V67/><F75/><W42/><G113/><T126/><D69/><U19/><E72/><V61/><F67/><W128/><G128/><T82/><D74/><U94/><E73/><V15/><AGARI ba="0,0" hai="10,15,18,56,58,59,61,65,71,76,81,84,101,103" machi="15" ten="30,1100,0" yaku="0,1" doraHai="134" who="2" fromWho="2" sc="138,-3,257,-5,342,11,263,-3" /><INIT seed="6,0,0,4,5,22" ten="135,252,353,260" oya="2" hai0="124,9,28,84,46,70,117,26,18,45,11,23,97" hai1="5,1,38,76,93,85,49,115,47,3,101,34,12" hai2="17,63,40,0,31,106,21,90,24,83,61,27,62" hai3="133,35,30,132,119,41,108,19,2,110,114,73,71"/><V89/><F106/><W58/><G58/><T10/><D70/><U80/><E38/><V29/><F0/><W111/><G41/><T68/><D68/><U36/><E36/><V64/><F40/><W130/><G119/><T69/><D69/><U44/><E34/><V118/><F118/><W96/><G73/><T82/><D117/><U100/><E115/><V113/><F113/><W88/><G71/><T25/><D97/><U20/><E3/><V107/><F107/><W72/><G72/><T6/><D6/><U104/><E1/><V99/><F64/><W42/><G42/><T131/><D131/><U54/><E104/><V128/><F128/><W98/><G130/><T75/><D75/><U8/><E20/><N who="2" m="15495" /><F83/><W33/><G114/><T4/><D4/><U79/><E79/><V57/><F99/><W43/><G43/><T37/><D124/><U126/><E126/><V15/><F57/><W78/><G2/><T52/><D37/><U74/><E74/><V120/><F120/><W123/><G123/><T65/><D65/><U94/><E47/><N who="0" m="17929" /><D52/><U129/><E129/><V51/><F51/><W66/><G66/><T56/><D56/><U14/><E100/><V125/><F125/><W39/><G39/><T59/><D59/><U91/><E101/><V53/><F53/><W92/><G108/><T16/><D26/><U95/><E12/><V102/><F102/><N who="3" m="60679" /><G110/><T121/><D121/><U32/><E32/><V127/><F127/><W60/><G35/><T122/><D122/><U135/><E135/><N who="3" m="51786" /><G33/><T112/><D112/><U116/><E116/><V67/><F67/><RYUUKYOKU ba="0,0" sc="135,10,252,10,353,10,260,-30" hai0="9,10,11,16,18,23,25,28,82,84" hai1="5,8,14,44,49,54,76,80,85,91,93,94,95" hai2="15,17,21,27,31,61,62,63,89,90" /><INIT seed="6,1,0,3,3,3" ten="145,262,363,230" oya="2" hai0="33,111,24,22,52,1,21,104,64,127,96,98,62" hai1="117,4,114,37,123,65,93,90,91,68,40,81,42" hai2="10,132,27,0,125,30,39,63,95,73,26,75,72" hai3="66,74,101,31,25,100,41,109,115,87,108,83,16"/><V34/><F39/><W92/><G41/><T86/><D111/><U58/><E68/><V106/><F132/><W12/><G66/><T97/><D127/><U45/><E117/><V29/><F125/><W2/><G2/><T20/><D1/><U76/><E42/><V105/><F95/><W128/><G74/><T8/><D8/><U50/><E114/><V110/><F63/><W51/><G51/><T56/><D86/><U43/><E123/><V32/><F110/><W133/><G128/><T49/><D104/><U15/><E43/><V69/><F69/><W107/><G107/><T135/><D135/><U47/><E45/><V119/><F119/><W82/><G133/><T55/><D33/><U70/><E70/><V7/><AGARI ba="1,0" hai="0,7,10,26,27,29,30,32,34,72,73,75,105,106" machi="7" ten="40,18000,2" yaku="0,1,9,1,33,3,52,1" doraHai="3" who="2" fromWho="2" sc="145,-61,262,-61,363,183,230,-61" /><INIT seed="6,2,0,5,0,96" ten="84,201,546,169" oya="2" hai0="97,18,83,39,2,22,122,47,38,79,17,91,106" hai1="94,45,90,9,50,85,21,116,115,59,92,13,20" hai2="95,76,125,71,121,101,0,133,48,19,128,105,55" hai3="82,112,75,84,70,34,87,37,29,7,35,127,131"/><V32/><F71/><W113/><G70/><T60/><D122/><U27/><E116/><V103/><F32/><W123/><G123/><T30/><D2/><U25/><E115/><N who="3" m="44106" /><G37/><T31/><D39/><U72/><E72/><V102/><F0/><W77/><G127/><T36/><D36/><U118/><E59/><V5/><F5/><W10/><G131/><T1/><D1/><U135/><E135/><V74/><F121/><W16/><G16/><T114/><D114/><U88/><E118/><V33/><F33/><N who="3" m="12299" /><G29/><T40/><D17/><N who="1" m="10287" /><E9/><V41/><F19/><W43/><G43/><T117/><D60/><U100/><E21/><V120/><F41/><W66/><G66/><T49/><D38/><U6/><E6/><V54/><F120/><W99/><G99/><T8/><D8/><U52/><E100/><V93/><F125/><W11/><G11/><T132/><D132/><U73/><E73/><V51/><F74/><W53/><G53/><T111/><D117/><U65/><E65/><V104/><F128/><W24/><G24/><T124/><D124/><U126/><E126/><V68/><F133/><W46/><G46/><T110/><D31/><U134/><E134/><V89/><F68/><W86/><G75/><N who="0" m="43519" /><D30/><U80/><E27/><V107/><F55/><W130/><G130/><T57/><D18/><U56/><E25/><V28/><F28/><W98/><G98/><T67/><D22/><U23/><E23/><V58/><F54/><W62/><G62/><N who="0" m="38351" /><D106/><U3/><E45/><V108/><F104/><W81/><G77/><T109/><D109/><U42/><E56/><RYUUKYOKU ba="2,0" sc="84,15,201,-15,546,-15,169,15" hai0="40,47,49,91,97,110,111" hai3="7,10,81,82,84,86,87" /><INIT seed="7,3,0,3,0,82" ten="99,186,531,184" oya="3" hai0="99,28,38,46,97,32,67,98,79,121,57,117,128" hai1="127,71,39,77,115,13,43,105,0,76,95,36,90" hai2="4,59,112,12,51,113,74,66,72,110,106,134,47" hai3="61,78,124,75,44,69,25,58,89,1,14,6,56"/><W34/><G1/><T62/><D117/><U85/><E0/><V24/><F110/><W17/><G124/><T116/><D116/><U103/><E71/><V27/><F106/><W118/><G118/><T40/><D121/><U11/><E39/><V81/><F134/><W64/><G6/><T37/><D128/><U87/><E36/><V3/><F3/><W123/><G44/><T83/><D38/><U42/><E115/><N who="2" m="44107" /><F81/><W2/><G2/><T19/><D32/><U8/><E87/><V45/><F12/><W88/><G78/><T65/><D28/><U109/><E11/><V131/><F131/><W60/><G75/><T125/><D125/><U133/><E109/><V55/><F4/><W86/><G123/><T94/><D19/><U7/><E43/><V18/><F18/><W101/><G101/><T31/><D31/><U49/><E103/><V16/><F16/><W50/><G25/><N who="2" m="9801" /><F45/><W35/><G34/><T119/><D119/><U68/><E105/><V23/><F23/><N who="3" m="11703" /><G35/><T91/><REACH who="0" step="1"/><D65/><REACH who="0" ten="89,186,531,184" step="2"/><U26/><E127/><V96/><F96/><W48/><G64/><T102/><D102/><U130/><E130/><V114/><F114/><W120/><G120/><T108/><D108/><U5/><E5/><V52/><F66/><W21/><G21/><T126/><D126/><U41/><E7/><V70/><F70/><W107/><G107/><T10/><D10/><U92/><E8/><V53/><F53/><W20/><G20/><T104/><D104/><U100/><E68/><V122/><F122/><W80/><G69/><T63/><D63/><AGARI ba="3,1" hai="47,51,52,55,59,63,72,74" m="9801,44107" machi="63" ten="30,2000,0" yaku="15,1,54,1" doraHai="82" who="2" fromWho="0" sc="89,-29,186,0,531,39,184,0" owari="60,-44.0,186,-1.4,570,67.0,184,-21.6" /></mjloggm>