<mjloggm ver="2.3"><GO type="169" lobby="0"/><UN n0="%E4%B8%8B%E9%AB%98%E5%A4%AA%E9%83%8E" n1="%E3%81%8B%E3%82%8F%E3%81%97%E3%81%83" n2="%E5%B0%8F%E6%B1%A0%E7%BE%8E%E6%B3%A2%E2%8A%BF" n3="%E3%81%8A%E3%81%98%E3%81%95%E3%82%93" dan="16,16,18,19" rate="2125.81,2108.30,2232.56,2272.87" sx="M,M,M,M"/><TAIKYOKU oya="0"/><INIT seed="0,0,0,5,1,99" ten="250,250,250,250" oya="0" hai0="41,100,120,103,125,92,11,95,90,50,119,34,135" hai1="108,79,31,60,30,124,23,57,36,91,134,47,115" hai2="94,38,133,77,110,14,37,29,65,56,107,66,6" hai3="61,123,132,45,113,73,2,96,72,82,69,98,112"/><T121/><D119/><U32/><E108/><V55/><F107/><W15/><G2/><T78/><D34/><U1/><E1/><V93/><F110/><W127/><G45/><T122/><D135/><U17/><E124/><V9/><F133/><W63/><G132/><T0/><D125/><U21/><E32/><V129/><F129/><W10/><G127/><T33/><D33/><U48/><E36/><V42/><F77/><W128/><G128/><T18/><D78/><U40/><E23/><V67/><F29/><W44/><G44/><T71/><D71/><U106/><E106/><V51/><F42/><W104/><G123/><T62/><D41/><U97/><E115/><V16/><F6/><W28/><G28/><T25/><D50/><U8/><E8/><V116/><F116/><W87/><G96/><T84/><D62/><U35/><E35/><V52/><REACH who="2" step="1"/><F55/><REACH who="2" ten="250,250,240,250" step="2"/><W13/><G104/><T20/><REACH who="0" step="1"/><D92/><AGARI ba="0,1" hai="9,14,16,37,38,51,52,56,65,66,67,92,93,94" machi="92" ten="40,8000,1" yaku="1,1,2,1,54,2,53,0" doraHai="99" doraHaiUra="76" who="2" fromWho="0" sc="250,-80,250,0,240,90,250,0" /><INIT seed="1,0,0,2,4,12" ten="170,250,330,250" oya="1" hai0="79,49,106,13,88,94,28,99,131,39,112,11,38" hai1="4,58,100,37,34,61,80,9,103,14,20,128,64" hai2="133,51,6,17,62,89,86,92,96,119,26,24,117" hai3="59,72,84,48,56,135,114,21,129,101,115,0,54"/><U97/><E34/><V90/><F133/><W46/><G72/><T2/><D131/><U25/><E37/><V43/><F6/><W73/><G73/><T7/><D112/><U107/><E128/><V116/><F62/><W30/><G0/><T122/><D122/><U52/><E103/><V69/><F69/><W33/><G33/><T87/><D28/><U108/><E108/><V110/><F110/><W118/><G129/><T81/><D106/><U91/><E80/><V121/><F121/><W83/><G101/><T18/><REACH who="0" step="1"/><D49/><REACH who="0" ten="160,250,330,250" step="2"/><U82/><E107/><V102/><F51/><W113/><G135/><T55/><D55/><U29/><E100/><V109/><F102/><W42/><G30/><T36/><D36/><U71/><E71/><V132/><F132/><W27/><G113/><T23/><AGARI ba="0,1" hai="2,7,11,13,18,23,38,39,79,81,87,88,94,99" machi="23" ten="20,12000,2" yaku="1,1,0,1,7,1,52,1,54,1,53,1" doraHai="12" doraHaiUra="5" who="0" fromWho="0" sc="160,130,250,-60,330,-30,250,-30" /><INIT seed="2,0,0,4,2,106" ten="290,190,300,220" oya="2" hai0="70,117,101,80,14,71,16,61,79,45,18,7,25" hai1="42,35,48,124,135,133,94,59,76,72,26,87,0" hai2="63,118,33,11,105,78,4,86,54,13,97,81,122" hai3="52,67,126,28,30,44,27,66,40,3,104,91,31"/><V114/><F114/><W22/><G3/><T55/><D101/><U5/><E124/><V69/><F118/><W96/><G126/><T107/><D107/><U132/><E0/><V32/><F122/><W1/><G1/><T53/><D117/><U60/><E5/><V95/><F105/><W41/><G104/><T34/><D7/><U116/><E116/><V111/><F111/><W113/><G113/><T102/><D102/><U119/><E119/><V58/><REACH who="2" step="1"/><F69/><REACH who="2" ten="290,190,290,220" step="2"/><W21/><G31/><T29/><D71/><U100/><E133/><V46/><F46/><W50/><G30/><T12/><D45/><U108/><E108/><V62/><F62/><W98/><G28/><T90/><D70/><U99/><E60/><V75/><F75/><W84/><G44/><T123/><D61/><U8/><E72/><V120/><F120/><W74/><G74/><T36/><D123/><U134/><E42/><V6/><F6/><W68/><G68/><T88/><D55/><N who="1" m="32231" /><E35/><V125/><F125/><W19/><G40/><T23/><D53/><U131/><E135/><V24/><F24/><W38/><G27/><T109/><D109/><U83/><E26/><V10/><F10/><W47/><G41/><T115/><D115/><U9/><E131/><V49/><F49/><W89/><G50/><T127/><D127/><U82/><E132/><V2/><F2/><W129/><G129/><T130/><D130/><U51/><E134/><V20/><F20/><W64/><G22/><N who="0" m="11543" /><D36/><U112/><E112/><V39/><F39/><W92/><G38/><T85/><D34/><U57/><E8/><RYUUKYOKU ba="0,1" sc="290,15,190,-15,290,15,220,-15" hai0="12,18,23,25,29,79,80,85,88,90" hai2="4,11,13,32,33,54,58,63,78,81,86,95,97" /><INIT seed="2,1,1,0,3,131" ten="305,175,305,205" oya="2" hai0="60,112,124,36,41,74,77,122,18,96,30,13,97" hai1="62,103,98,22,34,110,78,114,91,21,107,15,38" hai2="95,65,83,108,109,11,8,71,86,55,84,76,70" hai3="32,100,9,117,59,66,24,113,135,3,50,58,118"/><V6/><F65/><W90/><G113/><T20/><D122/><U111/><E114/><V130/><F130/><W69/><G100/><T88/><D124/><U19/><E34/><V87/><F55/><W67/><G90/><T37/><D112/><U64/><E38/><V47/><F47/><W54/><G69/><T134/><D134/><U94/><E78/><V81/><F95/><W125/><G125/><T82/><D41/><U10/><E111/><N who="2" m="42571" /><F6/><W127/><G127/><T132/><D132/><U49/><E49/><V101/><F101/><W25/><G50/><T51/><D51/><U48/><E48/><V133/><F133/><W61/><G54/><T7/><D7/><U52/><E110/><V43/><F43/><W79/><G135/><T45/><D45/><U26/><E26/><V89/><F86/><W39/><G66/><T1/><D60/><U5/><E5/><V99/><F99/><W119/><G67/><T17/><D97/><U128/><E128/><V105/><F105/><W31/><G61/><T126/><D126/><U14/><E107/><V80/><F80/><W29/><G39/><T16/><D37/><U68/><E15/><V116/><F116/><W104/><G104/><T57/><D36/><U102/><E52/><V42/><F42/><W35/><G79/><T56/><D13/><U129/><E129/><V75/><F75/><W4/><AGARI ba="1,1" hai="3,4,9,24,25,29,31,32,35,58,59,117,118,119" machi="4" ten="40,2700,0" yaku="0,1,9,1" doraHai="131" who="3" fromWho="3" sc="305,-8,175,-8,305,-14,205,40" /><INIT seed="3,0,0,5,4,127" ten="297,167,291,245" oya="3" hai0="75,109,129,22,23,96,119,69,26,37,19,61,112" hai1="1,27,107,87,89,111,41,12,80,114,128,117,40" hai2="25,93,6,102,13,125,58,76,104,83,60,131,132" hai3="53,115,65,11,82,57,116,34,36,134,8,88,126"/><W33/><G116/><T3/><D119/><U17/><E117/><V29/><F125/><W105/><G105/><T44/><D109/><U70/><E114/><V46/><F104/><W121/><G121/><T72/><D3/><U66/><E1/><V98/><F132/><W74/><G115/><T120/><D120/><U79/><E111/><V16/><F6/><W71/><G36/><T32/><D32/><U4/><E107/><V113/><F113/><W122/><G122/><T91/><D112/><U123/><E70/><V90/><F46/><W20/><G126/><T110/><D110/><U38/><E66/><V28/><F102/><W106/><G106/><T118/><D23/><U124/><E38/><V15/><F131/><W103/><G103/><T49/><D129/><U24/><E4/><V85/><F13/><W5/><G8/><T48/><D37/><U42/><E128/><V64/><REACH who="2" step="1"/><F25/><REACH who="2" ten="297,167,281,245" step="2"/><W56/><G5/><T84/><D118/><U31/><E124/><V73/><F73/><W97/><G74/><T9/><D75/><U47/><E123/><V55/><F55/><W77/><G53/><T101/><D72/><U78/><E47/><V81/><F81/><W59/><G82/><T21/><D44/><U43/><N who="1" m="10240" /><DORA hai="99" /><U30/><E24/><V62/><F62/><W135/><G135/><T51/><D61/><U86/><E27/><V10/><AGARI ba="0,1" hai="10,15,16,28,29,58,60,64,76,83,85,90,93,98" machi="10" ten="20,8000,1" yaku="1,1,0,1,7,1,8,1,54,1,53,0" doraHai="127,99" doraHaiUra="0,67" who="2" fromWho="2" sc="297,-20,167,-20,281,90,245,-40" /><INIT seed="4,0,0,4,3,101" ten="277,147,371,205" oya="0" hai0="96,67,91,117,4,111,24,56,90,43,25,14,12" hai1="36,16,110,75,57,53,134,99,7,33,65,133,73" hai2="17,105,52,63,8,49,119,93,102,18,103,98,60" hai3="2,23,35,69,71,21,68,38,108,85,127,135,0"/><T34/><D117/><U32/><E36/><V82/><F119/><W130/><G108/><T121/><D121/><U97/><E110/><V47/><F82/><W42/><G35/><T107/><D43/><U126/><E7/><V80/><F80/><W124/><G85/><T113/><D113/><U1/><E65/><V115/><F115/><W6/><G6/><T122/><D122/><U83/><E1/><N who="3" m="618" /><G42/><T55/><D67/><U81/><E126/><N who="3" m="48170" /><G38/><T66/><D66/><U64/><E64/><V100/><F105/><W58/><G58/><T30/><D25/><U76/><E57/><V44/><F44/><W48/><G48/><T27/><D24/><U46/><E46/><V37/><F37/><W87/><G87/><T78/><D78/><U41/><E41/><V3/><F3/><W10/><G10/><T106/><D111/><U120/><E120/><V131/><F8/><W92/><G92/><T70/><D4/><U112/><E112/><V74/><F93/><W95/><G95/><T20/><D96/><U9/><E9/><V62/><F98/><W114/><G114/><T40/><D40/><U15/><E76/><V39/><F39/><W125/><G125/><T11/><D11/><U45/><E45/><V104/><F47/><W88/><G88/><N who="0" m="33835" /><D34/><U132/><E132/><V77/><F77/><W94/><G94/><T19/><D70/><U116/><E116/><V61/><F61/><W84/><G135/><T79/><D79/><U13/><E53/><V22/><F52/><W128/><G84/><T26/><D55/><U31/><E31/><V5/><F5/><RYUUKYOKU ba="0,0" sc="277,-15,147,15,371,-15,205,15" hai1="13,15,16,32,33,73,75,81,83,97,99,133,134" hai3="21,23,68,69,71,128,130" /><INIT seed="5,1,0,2,3,3" ten="262,162,356,220" oya="1" hai0="85,49,59,103,32,130,47,43,41,68,6,96,29" hai1="70,64,48,28,50,73,134,45,20,122,24,97,62" hai2="56,51,123,121,5,57,17,69,2,35,37,61,98" hai3="119,88,15,22,132,105,126,36,21,113,27,109,81"/><U74/><E122/><V107/><F37/><W19/><G109/><T33/><D68/><U42/><E134/><V90/><F35/><W131/><G105/><T95/><D130/><U65/><E65/><V91/><F69/><W114/><G36/><T7/><D43/><U129/><E129/><V83/><F17/><W133/><G131/><T11/><D11/><U26/><E50/><V14/><F2/><W108/><G108/><T46/><D46/><U60/><E60/><V8/><F107/><W135/><G126/><T77/><D59/><U54/><E97/><V101/><F83/><W84/><REACH who="3" step="1"/><G119/><REACH who="3" ten="262,162,356,210" step="2"/><T13/><D33/><U71/><E71/><V4/><F123/><W10/><G10/><T63/><D32/><U92/><E92/><N who="2" m="58567" /><F121/><W110/><G110/><T18/><D95/><U115/><E115/><V125/><F125/><W100/><G100/><T34/><D34/><U120/><E120/><V89/><F8/><W104/><G104/><T12/><D103/><U38/><REACH who="1" step="1"/><E24/><REACH who="1" ten="262,152,356,210" step="2"/><V40/><F51/><W52/><G52/><T31/><D49/><U127/><E127/><V117/><F61/><W112/><G112/><T39/><D63/><U124/><E124/><V0/><F117/><W55/><G55/><T67/><D39/><U116/><E116/><V16/><F40/><W87/><G87/><T86/><D41/><U76/><E76/><V72/><F91/><W111/><G111/><T23/><D77/><U118/><E118/><V128/><F90/><W82/><G82/><T66/><D66/><U79/><E79/><V80/><F89/><W9/><G9/><RYUUKYOKU ba="1,2" sc="262,-15,152,15,356,-15,210,15" hai1="20,26,28,38,42,45,48,54,62,64,70,73,74" hai3="15,19,21,22,27,81,84,88,113,114,132,133,135" /><INIT seed="5,2,2,2,1,11" ten="247,167,341,225" oya="1" hai0="74,36,21,130,17,75,8,79,6,76,91,20,23" hai1="55,43,48,92,72,89,7,32,118,58,81,113,27" hai2="47,41,46,5,60,49,51,103,2,93,131,9,52" hai3="28,90,134,120,40,111,56,62,22,107,19,33,123"/><U15/><E118/><V99/><REACH who="2" step="1"/><F60/><REACH who="2" ten="247,167,331,225" step="2"/><W128/><G62/><T30/><D30/><U1/><E113/><V133/><F133/><W35/><G28/><T114/><D114/><U100/><E32/><V37/><F37/><W88/><G35/><T129/><D36/><U94/><E1/><V39/><F39/><W42/><G33/><T104/><D130/><AGARI ba="2,3" hai="2,5,9,41,46,47,49,51,52,93,99,103,130,131" machi="130" ten="40,8000,1" yaku="21,2,54,1,53,1" doraHai="11" doraHaiUra="95" who="2" fromWho="0" sc="247,-86,167,0,331,116,225,0" /><INIT seed="6,0,0,1,0,53" ten="161,167,447,225" oya="2" hai0="134,24,38,64,16,11,37,7,88,18,113,133,125" hai1="45,130,9,108,111,103,13,83,28,91,107,94,48" hai2="52,71,54,82,30,86,132,77,1,70,72,59,102" hai3="49,39,43,81,61,63,115,128,35,46,2,79,14"/><V122/><F122/><W41/><G35/><T6/><D113/><U104/><E28/><V34/><F1/><W131/><G2/><T117/><D125/><U47/><E130/><N who="3" m="49706" /><G115/><T69/><D117/><U17/><E103/><V20/><F34/><W92/><G92/><T84/><D69/><U89/><E45/><V33/><F33/><W93/><G93/><T66/><D24/><U42/><E83/><V31/><F20/><W57/><G14/><T126/><D126/><U21/><E89/><V67/><F86/><N who="3" m="48447" /><G43/><T97/><D84/><U129/><E129/><V5/><F82/><W0/><G0/><T36/><D11/><U76/><E76/><V87/><F77/><W55/><AGARI ba="0,0" hai="39,41,46,49,55,57,61,63" m="48447,49706" machi="55" ten="30,2000,0" yaku="19,1,52,1" doraHai="53" who="3" fromWho="3" sc="161,-5,167,-5,447,-10,225,20" /><INIT seed="7,0,0,5,4,105" ten="156,162,437,245" oya="3" hai0="113,75,19,88,15,102,120,23,9,66,28,45,62" hai1="134,94,107,3,87,108,91,4,32,39,83,59,52" hai2="63,48,16,14,99,8,24,109,6,37,69,41,84" hai3="98,81,95,80,92,60,26,22,76,40,131,133,7"/><W34/><G34/><T86/><D120/><U53/><E108/><V93/><F109/><W135/><G131/><T82/><D75/><U18/><E32/><V1/><F37/><W104/><G104/><T77/><D113/><U10/><E107/><V27/><F69/><W71/><G40/><T29/><D102/><U30/><E134/><V21/><F63/><W58/><G71/><T121/><D121/><U68/><E68/><V0/><F84/><W111/><G7/><T100/><D100/><U72/><E30/><V114/><F114/><W79/><G81/><T97/><D45/><U89/><E39/><V25/><F0/><W116/><G92/><T78/><D97/><U43/><E43/><V129/><F129/><W74/><G79/><N who="0" m="30219" /><D9/><U56/><E72/><V90/><F1/><W61/><G61/><T12/><D15/><N who="1" m="7543" /><E4/><V110/><F110/><W118/><G111/><T35/><D35/><U54/><E3/><V73/><F73/><W123/><G123/><T96/><D96/><AGARI ba="0,0" hai="52,53,54,56,59,83,87,89,91,94,96" m="7543" machi="96" ten="30,2000,0" yaku="8,1,54,1" doraHai="105" who="1" fromWho="0" sc="156,-20,162,20,437,0,245,0" owari="136,-36.4,182,-21.8,437,53.7,245,4.5" /></mjloggm>