<mjloggm ver="2.3"><GO type="169" lobby="0"/><UN n0="%73%79%6C%76%65%6F%6E" n1="%74%61%6B%61%74%6F%72%69" n2="%65%76%31%36%33%38%34" n3="%E9%98%BF%E9%83%A8%E5%AF%9B%EF%BC%A0%E9%B3%B3%E5%8D%93" dan="16,16,17,17" rate="2138.56,2024.05,2156.16,2180.80" sx="M,M,M,F"/><TAIKYOKU oya="0"/><INIT seed="0,0,0,1,2,24" ten="250,250,250,250" oya="0" hai0="7,64,94,107,8,2,22,20,92,81,36,60,83" hai1="65,112,93,39,63,86,58,25,106,4,110,113,116" hai2="10,68,48,101,16,43,121,3,96,55,134,103,38" hai3="119,66,32,127,42,33,69,53,61,51,115,27,17"/><T90/><D107/><U85/><E106/><V13/><F68/><W111/><G115/><N who="1" m="44106" /><E39/><V0/><F121/><W133/><G119/><T91/><D36/><U124/><E116/><V59/><F134/><W123/><G133/><T9/><D60/><U34/><E110/><V73/><F73/><W5/><G5/><T104/><D104/><U62/><E4/><V71/><F71/><W11/><G42/><T19/><D64/><N who="1" m="38999" /><E93/><V120/><F120/><W30/><G111/><T126/><D126/><U40/><E40/><V12/><F12/><W6/><G123/><T108/><D108/><U131/><E131/><V114/><F114/><W122/><G122/><T57/><D57/><U35/><E124/><V82/><F82/><W74/><G6/><T76/><D76/><U23/><E35/><V28/><F43/><W72/><G33/><T105/><D105/><U45/><E45/><V56/><F56/><W130/><G127/><T67/><D7/><U87/><E34/><V89/><F38/><W47/><REACH who="3" step="1"/><G130/><REACH who="3" ten="250,250,250,240" step="2"/><T118/><D118/><U88/><E65/><V75/><F3/><W95/><G95/><T29/><D67/><U26/><E63/><V84/><F0/><W78/><G78/><T102/><D2/><U97/><E23/><V98/><F10/><W18/><G18/><T135/><D19/><U77/><E77/><V109/><F16/><W46/><G46/><T52/><D135/><U21/><E21/><V50/><F109/><W44/><G44/><T128/><D128/><U15/><E15/><AGARI ba="0,1" hai="11,15,17,27,30,32,47,51,53,61,66,69,72,74" machi="15" ten="40,2600,0" yaku="1,1,52,1,53,0" doraHai="24" doraHaiUra="79" who="3" fromWho="1" sc="250,0,250,-26,250,0,240,36" /><INIT seed="1,0,0,2,1,90" ten="250,224,250,276" oya="1" hai0="135,127,130,76,129,49,1,3,47,57,70,134,22" hai1="50,31,61,80,10,59,65,15,68,44,74,98,112" hai2="43,111,94,71,18,8,67,9,113,28,133,103,17" hai3="99,38,89,2,13,33,81,41,77,0,106,62,84"/><U122/><E112/><V115/><F43/><W121/><G33/><T132/><D70/><U131/><E122/><V78/><F78/><W96/><G121/><T73/><D57/><U110/><E131/><N who="0" m="50185" /><D22/><U69/><E31/><V54/><F54/><W109/><G62/><T23/><D23/><U88/><E110/><V125/><F67/><W120/><G13/><T52/><D127/><U91/><E91/><V93/><F71/><W37/><G0/><T45/><D45/><U29/><E29/><V83/><F83/><AGARI ba="0,0" hai="1,3,47,49,52,73,76,83,132,134,135" m="50185" machi="83" ten="40,5200,0" yaku="20,1,19,1,54,1" doraHai="90" who="0" fromWho="2" sc="250,52,224,0,250,-52,276,0" /><INIT seed="2,0,0,3,4,52" ten="302,224,198,276" oya="2" hai0="48,61,6,56,30,128,108,81,70,127,126,75,36" hai1="26,4,134,78,90,87,113,67,83,131,95,22,5" hai2="11,132,33,3,44,42,54,1,24,115,130,89,121" hai3="27,107,120,74,122,69,0,86,112,82,10,41,111"/><V16/><F115/><W119/><G41/><T18/><D36/><U62/><E113/><V93/><F121/><W71/><G27/><T53/><D108/><U123/><E131/><V100/><F100/><W65/><G86/><T57/><D128/><U51/><E134/><V7/><F130/><W43/><G43/><T129/><D129/><U31/><E51/><V38/><F132/><W60/><G112/><T64/><D30/><U102/><E123/><V104/><F104/><W135/><G135/><T85/><D75/><U12/><E12/><V101/><F101/><W109/><G119/><T32/><D32/><U96/><REACH who="1" step="1"/><E78/><REACH who="1" ten="302,214,198,276" step="2"/><V47/><F1/><W124/><G120/><T133/><D133/><U73/><E73/><V77/><F77/><N who="3" m="44343" /><G122/><T25/><D126/><U34/><E34/><V23/><F33/><W114/><G124/><T28/><D127/><U29/><E29/><V45/><REACH who="2" step="1"/><F54/><REACH who="2" ten="302,214,188,276" step="2"/><W105/><G111/><T125/><D125/><U118/><E118/><V98/><AGARI ba="0,2" hai="3,7,11,16,23,24,38,42,44,45,47,89,93,98" machi="98" ten="20,12000,1" yaku="1,1,2,1,0,1,7,1,54,1,53,0" doraHai="52" doraHaiUra="117" who="2" fromWho="2" sc="302,-40,214,-40,188,140,276,-40" /><INIT seed="2,1,0,1,5,76" ten="262,174,328,236" oya="2" hai0="7,20,10,96,81,9,100,103,8,83,130,70,97" hai1="126,115,123,65,72,78,66,36,43,3,112,31,38" hai2="5,73,117,87,77,2,54,119,26,90,12,132,6" hai3="92,59,52,135,62,17,93,46,125,32,15,134,85"/><V49/><F2/><W23/><G32/><T0/><D70/><U55/><E31/><V120/><F120/><W42/><G125/><T118/><D130/><U48/><E3/><V64/><F64/><W16/><G17/><T75/><D118/><U80/><E126/><V40/><F40/><W57/><G57/><T88/><D0/><U133/><E133/><N who="3" m="50698" /><G85/><T18/><D7/><U67/><E123/><V68/><F68/><W84/><G84/><N who="0" m="50191" /><D83/><U63/><E63/><V47/><F6/><W116/><G116/><T1/><D75/><U41/><E41/><V58/><F58/><W34/><G34/><T24/><D1/><U71/><E71/><V122/><F122/><W21/><G21/><T74/><D74/><U14/><E14/><V104/><F73/><W114/><G114/><T39/><D39/><AGARI ba="1,0" hai="15,16,23,39,42,46,52,59,62,92,93" m="50698" machi="39" ten="30,3900,0" yaku="20,1,54,2" doraHai="76" who="3" fromWho="0" sc="262,-42,174,0,328,0,236,42" /><INIT seed="3,0,0,3,3,131" ten="220,174,328,278" oya="3" hai0="58,99,54,101,1,127,122,89,63,61,49,12,92" hai1="75,87,56,88,32,0,102,3,2,81,121,26,128" hai2="104,38,135,31,106,15,114,55,100,83,93,41,36" hai3="53,39,13,108,29,42,59,109,82,14,21,124,51"/><W72/><G124/><T90/><D1/><U6/><E121/><V71/><F55/><W65/><G72/><T80/><D122/><U46/><E128/><V23/><F71/><W9/><G82/><T95/><D127/><U10/><E102/><V57/><F57/><W118/><G118/><T115/><D115/><U24/><E75/><V85/><F15/><W25/><G65/><T133/><D133/><U119/><E119/><V11/><F11/><W28/><G28/><T86/><REACH who="0" step="1"/><D12/><REACH who="0" ten="210,174,328,278" step="2"/><U79/><E2/><V91/><F135/><W8/><G9/><T112/><D112/><U37/><E0/><V22/><F114/><W134/><G134/><T113/><D113/><U43/><E32/><V116/><F116/><W7/><G7/><T96/><AGARI ba="0,1" hai="49,54,58,61,63,80,86,89,90,92,95,96,99,101" machi="96" ten="20,5200,0" yaku="1,1,0,1,7,1,8,1,53,0" doraHai="131" doraHaiUra="129" who="0" fromWho="0" sc="210,62,174,-13,328,-13,278,-26" /><INIT seed="4,0,0,1,3,58" ten="272,161,315,252" oya="0" hai0="118,62,121,59,124,39,9,43,85,91,37,83,50" hai1="133,14,88,105,34,90,57,32,18,128,38,87,40" hai2="82,70,127,30,78,4,7,111,64,26,130,61,51" hai3="100,104,56,54,117,15,22,116,46,45,113,96,63"/><T115/><D118/><U11/><E105/><V53/><F111/><W81/><G113/><T120/><D115/><U99/><E133/><V134/><F130/><W107/><G107/><T12/><D124/><U65/><E128/><V35/><F134/><W101/><G101/><T76/><D50/><U92/><E40/><V8/><F127/><W123/><G123/><T89/><D89/><U49/><E38/><V69/><F69/><W112/><G112/><T80/><D120/><U66/><E66/><V47/><REACH who="2" step="1"/><F8/><REACH who="2" ten="272,161,305,252" step="2"/><W0/><G116/><T41/><D121/><U16/><E32/><V13/><F13/><W119/><G0/><T52/><D39/><U29/><E34/><V71/><F71/><W28/><G117/><T23/><D37/><U48/><E29/><V98/><F98/><W94/><G119/><T3/><D3/><U84/><E99/><V31/><F31/><W77/><G104/><T109/><D23/><U2/><E2/><V74/><AGARI ba="0,1" hai="4,7,26,30,35,47,51,53,61,64,70,74,78,82" machi="74" ten="20,5200,0" yaku="1,1,0,1,7,1,52,1,53,0" doraHai="58" doraHaiUra="55" who="2" fromWho="2" sc="272,-26,161,-13,305,62,252,-13" /><INIT seed="5,0,0,2,3,72" ten="246,148,367,239" oya="1" hai0="17,48,52,74,44,129,126,71,111,125,110,76,92" hai1="31,85,45,27,97,95,19,127,108,99,106,123,22" hai2="15,112,122,109,21,24,12,37,32,81,70,93,101" hai3="57,46,96,55,47,23,100,5,117,4,75,61,20"/><U11/><E123/><V62/><F37/><W56/><G75/><T79/><D71/><U87/><E127/><N who="0" m="48649" /><D74/><U83/><E106/><V68/><F109/><N who="0" m="41482" /><D129/><U42/><E108/><V67/><F70/><W66/><G117/><T7/><D7/><N who="3" m="2633" /><G96/><T119/><D119/><U128/><E128/><V35/><F81/><W91/><G91/><T89/><D17/><U73/><E73/><V102/><F102/><W34/><G34/><T80/><D80/><U59/><E59/><N who="3" m="22602" /><G66/><T60/><D60/><U84/><E83/><V25/><F62/><W115/><G100/><T14/><D14/><N who="1" m="7647" /><E95/><V88/><F93/><W10/><G61/><T13/><D13/><U9/><E9/><V107/><F15/><W105/><G10/><T54/><D54/><U6/><E6/><V26/><F68/><W41/><G55/><T104/><D104/><U121/><E121/><V65/><F107/><W58/><G105/><T131/><D131/><U38/><E38/><V29/><F35/><W124/><G124/><T33/><D33/><U50/><AGARI ba="0,0" hai="22,27,31,42,45,50,84,85,87,97,99" m="7647" machi="50" ten="30,1500,0" yaku="8,1" doraHai="72" who="1" fromWho="1" sc="246,-5,148,15,367,-5,239,-5" /><INIT seed="5,1,0,1,5,59" ten="241,163,362,234" oya="1" hai0="48,103,36,74,134,33,32,120,20,41,88,45,84" hai1="125,65,24,93,109,14,127,124,64,2,52,126,113" hai2="49,102,133,23,66,82,72,1,68,99,121,28,119" hai3="94,107,71,61,73,6,108,78,70,112,19,114,57"/><U105/><E105/><V60/><F119/><W81/><G107/><T55/><D74/><U34/><E2/><V56/><F121/><W131/><G108/><T91/><D103/><U29/><E113/><N who="3" m="43626" /><G131/><T46/><D120/><U15/><N who="1" m="31744" /><DORA hai="47" /><U7/><E109/><V95/><F133/><W9/><G19/><T18/><D134/><U110/><E110/><V5/><F5/><W83/><G83/><T43/><D55/><U128/><E128/><V76/><F1/><N who="3" m="207" /><G94/><T89/><REACH who="0" step="1"/><D84/><REACH who="0" ten="231,163,362,234" step="2"/><U63/><E93/><V69/><F95/><W122/><G122/><T0/><D0/><U16/><E7/><V27/><F72/><W21/><G21/><T31/><D31/><U13/><E16/><V10/><F23/><W90/><G90/><T42/><D42/><U58/><AGARI ba="1,1" hai="13,14,15,24,29,34,52,58,63,64,65" m="31744" machi="58" ten="60,12000,1" yaku="0,1,18,1,52,1,54,1" doraHai="59,47" who="1" fromWho="1" sc="231,-41,163,133,362,-41,234,-41" /><INIT seed="5,2,0,4,3,90" ten="190,296,321,193" oya="1" hai0="46,122,78,66,4,21,95,112,25,29,104,83,94" hai1="42,30,40,24,6,3,134,81,92,113,123,37,8" hai2="77,118,117,35,32,87,60,85,106,110,107,50,38" hai3="80,9,47,53,97,23,75,128,61,14,34,27,131"/><U71/><E123/><V119/><F38/><W5/><G34/><T108/><D108/><U0/><E113/><V49/><F110/><W88/><G75/><T7/><D104/><U96/><E71/><V10/><F60/><W115/><G115/><T52/><D112/><U43/><E0/><V19/><F19/><W65/><G53/><T16/><D122/><U101/><E134/><V91/><F91/><W17/><G47/><T72/><D66/><U54/><E54/><V48/><F10/><W130/><G80/><T124/><D124/><U82/><REACH who="1" step="1"/><E37/><REACH who="1" ten="190,286,321,193" step="2"/><V100/><F118/><W135/><G135/><T111/><D111/><U67/><E67/><V26/><F119/><W28/><G65/><T129/><D129/><U121/><E121/><V105/><F117/><W103/><G61/><T1/><D1/><U12/><E12/><V57/><F50/><W55/><G55/><T33/><D52/><U79/><E79/><V127/><F77/><W15/><G14/><T56/><D56/><U36/><E36/><V59/><F49/><W125/><G125/><T13/><REACH who="0" step="1"/><D46/><REACH who="0" ten="180,286,321,193" step="2"/><U63/><E63/><V31/><F59/><W69/><G69/><T22/><D22/><AGARI ba="2,2" hai="3,6,8,22,24,30,40,42,43,81,82,92,96,101" machi="22" ten="40,3900,0" yaku="1,1,52,1,53,0" doraHai="90" doraHaiUra="84" who="1" fromWho="0" sc="180,-45,286,65,321,0,193,0" /><INIT seed="5,3,0,1,1,82" ten="135,351,321,193" oya="1" hai0="4,63,46,118,79,52,6,99,94,23,64,59,11" hai1="13,121,110,115,67,3,51,31,40,117,126,84,81" hai2="87,76,32,2,61,72,116,95,75,49,22,100,101" hai3="24,26,71,27,106,58,96,28,109,69,91,130,57"/><U114/><E117/><V120/><F32/><W112/><G109/><T41/><D118/><U73/><E3/><V133/><F2/><W125/><G112/><T85/><D23/><U107/><E121/><V30/><F49/><W35/><G125/><T15/><D79/><U103/><E73/><V5/><F5/><W111/><G111/><T9/><D85/><U47/><E110/><V7/><F61/><W131/><G28/><T42/><D46/><U0/><E0/><V25/><F7/><W93/><G106/><T80/><D80/><U60/><E31/><V12/><F12/><W92/><G35/><T50/><D9/><U43/><E43/><V108/><F108/><W88/><G26/><T65/><D6/><U90/><E13/><V19/><F120/><W16/><G96/><T105/><D105/><U122/><E126/><V21/><F75/><W53/><G53/><T66/><REACH who="0" step="1"/><D63/><REACH who="0" ten="125,351,321,193" step="2"/><U86/><E122/><V129/><F76/><W1/><G1/><T132/><D132/><U62/><E62/><V123/><F133/><W119/><G119/><T55/><D55/><U104/><E86/><V45/><F87/><W78/><G78/><T74/><D74/><U8/><E8/><V68/><F72/><W17/><AGARI ba="3,1" hai="16,17,24,27,57,58,69,71,88,91,92,93,130,131" machi="17" ten="25,8000,1" yaku="0,1,22,2,54,2" doraHai="82" who="3" fromWho="3" sc="125,-23,351,-43,321,-23,193,99" /><INIT seed="6,0,0,5,1,19" ten="102,308,298,292" oya="2" hai0="24,63,95,6,38,42,7,106,78,113,82,97,40" hai1="75,16,48,34,123,77,67,29,13,109,125,76,132" hai2="87,53,43,130,80,64,15,44,108,133,124,66,32" hai3="71,99,20,68,70,22,131,46,69,52,121,85,41"/><V60/><F32/><W104/><G121/><T118/><D106/><U33/><E109/><V101/><F108/><W127/><G131/><T30/><D113/><U112/><E112/><V122/><F122/><W129/><G129/><T88/><D118/><U51/><E132/><V37/><F130/><W26/><G127/><T135/><D135/><U8/><E125/><V61/><F133/><W9/><G9/><T1/><D63/><U5/><E67/><V134/><F124/><W96/><G85/><T27/><D27/><U94/><E34/><V39/><F39/><W91/><G52/><T55/><D55/><U17/><E77/><V50/><F101/><W93/><N who="3" m="17408" /><DORA hai="103" /><W79/><G79/><T10/><D7/><U84/><E75/><V126/><F126/><W0/><G0/><T57/><D57/><U128/><E123/><V105/><F105/><W117/><G117/><T90/><D90/><U102/><E76/><N who="2" m="46471" /><F37/><W120/><G120/><T11/><D11/><U81/><E81/><V83/><F83/><W56/><G56/><T115/><D38/><U98/><E84/><V86/><F86/><W73/><G73/><T72/><REACH who="0" step="1"/><D115/><REACH who="0" ten="92,308,298,292" step="2"/><U36/><E36/><V3/><F134/><W89/><G26/><T25/><D25/><U54/><E128/><V92/><F53/><W14/><G104/><T110/><D110/><U47/><E51/><V58/><F50/><W49/><G14/><T107/><D107/><U114/><E114/><V23/><F15/><W65/><G65/><T31/><D31/><U116/><E116/><V45/><F66/><W59/><G59/><RYUUKYOKU ba="0,1" sc="92,10,308,10,298,-30,292,10" hai0="1,6,10,24,30,40,42,72,78,82,88,95,97" hai1="5,8,13,16,17,29,33,47,48,54,94,98,102" hai3="20,22,41,46,49,89,91,93,96,99" /><INIT seed="7,1,1,1,0,34" ten="102,318,268,302" oya="3" hai0="6,26,70,2,103,131,83,46,43,106,123,60,64" hai1="40,119,32,97,7,77,8,37,21,72,61,79,18" hai2="107,110,69,19,67,74,127,114,55,49,117,81,50" hai3="36,113,30,25,82,124,88,121,4,63,130,73,53"/><W92/><G121/><T51/><D131/><U71/><E32/><V99/><F110/><W86/><G36/><T17/><D123/><U89/><E71/><V133/><F117/><W115/><G4/><T134/><D134/><U75/><E61/><V10/><F133/><W0/><G0/><T112/><D112/><N who="3" m="43081" /><G130/><T41/><D83/><U42/><E119/><V48/><F114/><W126/><G53/><T98/><D43/><N who="1" m="16427" /><E75/><V15/><F127/><W111/><G111/><T3/><REACH who="0" step="1"/><D6/><REACH who="0" ten="92,318,268,302" step="2"/><U44/><E7/><V68/><F81/><W104/><G124/><T93/><D93/><N who="1" m="56495" /><E37/><V91/><F107/><W120/><G126/><T33/><D33/><U76/><E72/><V100/><F74/><W1/><G120/><T56/><D56/><U94/><E8/><V13/><F69/><W135/><G104/><T28/><D28/><U109/><E109/><V65/><F68/><W52/><G135/><T24/><D24/><N who="1" m="14391" /><E94/><V108/><F108/><W87/><G73/><T45/><D45/><AGARI ba="1,2" hai="44,45,76,77,79" m="14391,56495,16427" machi="45" ten="30,1000,0" yaku="8,1" doraHai="34" who="1" fromWho="0" sc="92,-13,318,33,268,0,302,0" owari="79,-42.1,351,45.1,268,-13.2,302,10.2" /></mjloggm>