<mjloggm ver="2.3"><GO type="169" lobby="0"/><UN n0="%74%61%6B%61%74%6F%72%69" n1="%28%E9%83%A8%E9%95%B7%29" n2="%73%61%6E%64%69%72%69%73" n3="%E3%81%9F%E3%81%8B%31%34%31" dan="16,16,17,16" rate="2054.50,2118.44,2170.89,2136.49" sx="M,M,M,M"/><TAIKYOKU oya="0"/><INIT seed="0,0,0,1,3,88" ten="250,250,250,250" oya="0" hai0="9,1,102,121,116,48,107,134,19,38,90,99,45" hai1="96,7,122,128,66,26,82,53,56,30,93,113,46" hai2="69,57,40,115,89,4,85,36,109,15,84,24,78" hai3="3,112,92,114,52,133,55,130,73,118,10,132,25"/><T91/><D116/><U23/><E122/><V21/><F115/><W28/><G73/><T47/><D121/><U44/><E128/><V65/><F109/><W70/><G70/><T14/><D134/><N who="3" m="51817" /><G118/><T13/><D1/><U105/><E105/><V43/><F69/><W0/><G130/><T63/><D63/><N who="1" m="38247" /><E113/><N who="3" m="43626" /><G92/><T68/><D68/><U60/><E7/><V101/><F4/><N who="3" m="1287" /><G3/><T59/><D59/><N who="1" m="34927" /><E82/><V76/><F57/><W2/><G2/><T120/><D120/><U16/><E30/><V22/><F78/><W77/><G77/><T62/><D62/><U29/><E29/><V12/><F76/><W79/><G79/><T129/><D129/><U27/><E27/><V71/><F24/><W110/><G110/><T51/><D14/><U49/><E49/><V119/><F12/><W126/><G126/><T58/><D38/><U98/><E98/><V72/><F36/><W124/><G124/><T33/><D33/><AGARI ba="0,0" hai="25,28,33,52,55" m="1287,43626,51817" machi="33" ten="30,2000,0" yaku="20,1,54,1" doraHai="88" who="3" fromWho="0" sc="250,-20,250,0,250,0,250,20" /><INIT seed="1,0,0,0,1,14" ten="230,250,250,270" oya="1" hai0="99,115,4,97,83,112,72,87,81,74,113,134,60" hai1="9,91,28,67,65,1,120,84,19,135,79,35,37" hai2="86,40,29,126,27,96,75,42,128,88,16,25,53" hai3="63,76,52,47,32,102,61,106,122,15,20,8,39"/><U18/><E120/><V111/><F75/><N who="0" m="28714" /><D4/><U90/><E37/><V100/><F111/><W66/><G32/><T105/><D60/><U89/><E135/><V130/><F126/><W114/><G114/><T121/><D105/><U62/><E35/><V133/><F133/><W22/><G76/><T85/><D134/><U51/><E28/><V70/><F70/><W129/><G122/><T13/><D13/><U21/><E51/><V69/><F69/><W55/><G63/><T124/><D124/><U26/><E1/><V50/><F27/><W110/><G110/><T23/><D23/><N who="1" m="13687" /><E9/><V123/><F29/><W104/><G104/><T73/><D73/><U24/><E62/><V7/><F7/><W49/><G39/><T101/><D101/><U107/><E107/><V6/><F6/><W54/><G102/><T98/><D121/><U94/><E79/><V108/><F108/><W127/><G106/><T103/><D103/><U11/><E11/><V92/><F123/><W125/><G125/><T68/><D68/><U41/><E41/><V3/><F3/><W119/><G127/><T0/><D0/><U93/><E90/><V78/><F78/><W116/><G8/><T80/><AGARI ba="0,0" hai="80,81,83,85,87,97,98,99,112,113,115" m="28714" machi="80" ten="50,12000,2" yaku="29,2,28,2,34,2" doraHai="14" who="0" fromWho="0" sc="230,120,250,-60,250,-30,270,-30" /><INIT seed="2,0,0,5,3,102" ten="350,190,220,240" oya="2" hai0="48,21,107,45,43,131,75,72,96,18,34,121,14" hai1="8,109,32,115,77,24,132,9,114,53,58,135,88" hai2="83,35,73,81,101,80,44,134,11,60,79,129,126" hai3="10,124,76,15,70,3,87,130,59,28,42,90,65"/><V99/><F134/><N who="1" m="51241" /><E77/><V47/><F129/><W4/><G70/><T84/><D131/><U127/><E109/><V89/><F35/><W12/><G130/><T123/><D34/><U39/><E39/><V57/><F126/><W26/><G76/><T100/><REACH who="0" step="1"/><D84/><REACH who="0" ten="340,190,220,240" step="2"/><U64/><E32/><V6/><F73/><AGARI ba="0,1" hai="14,18,21,43,45,48,72,73,75,96,100,107,121,123" machi="73" ten="40,5200,0" yaku="1,1,2,1,52,1,53,0" doraHai="102" doraHaiUra="110" who="0" fromWho="2" sc="340,62,190,0,220,-52,240,0" /><INIT seed="3,0,0,3,2,8" ten="402,190,168,240" oya="3" hai0="83,65,36,73,112,62,91,15,126,76,32,129,41" hai1="28,12,119,124,61,113,53,87,23,121,58,34,39" hai2="25,68,117,31,9,130,45,106,26,128,133,79,96" hai3="52,115,99,44,122,14,30,19,59,127,24,1,105"/><W97/><G1/><T70/><D129/><U77/><E121/><V107/><F117/><W0/><G0/><T35/><D126/><U90/><E113/><V109/><F68/><W82/><G115/><T48/><D112/><U3/><E3/><V69/><F69/><W75/><G122/><T98/><D36/><U29/><E39/><V89/><F109/><W95/><G44/><T43/><D43/><U111/><E111/><V93/><F133/><W6/><G6/><T22/><D41/><U5/><E124/><V18/><F79/><W63/><G127/><T102/><D91/><U10/><E34/><V17/><F45/><W103/><G82/><T54/><D48/><U47/><E119/><V42/><F42/><W20/><G75/><T4/><D54/><U86/><E47/><V88/><F31/><W78/><G78/><T64/><D64/><U114/><E114/><V74/><F74/><W116/><G116/><T56/><D70/><U94/><REACH who="1" step="1"/><E23/><REACH who="1" ten="402,180,168,240" step="2"/><V2/><F2/><W120/><G120/><T132/><D22/><U92/><E92/><V85/><F93/><W11/><G99/><T16/><D35/><U71/><E71/><V33/><F33/><W27/><G95/><T125/><D32/><U81/><AGARI ba="0,1" hai="5,10,12,28,29,53,58,61,77,81,86,87,90,94" machi="81" ten="30,8000,1" yaku="1,1,0,1,8,1,52,1,53,1" doraHai="8" doraHaiUra="51" who="1" fromWho="1" sc="402,-20,180,90,168,-20,240,-40" /><INIT seed="4,0,0,2,3,33" ten="382,270,148,200" oya="0" hai0="134,133,29,132,50,1,36,70,32,91,84,80,60" hai1="38,120,85,89,28,42,127,131,3,125,5,111,113" hai2="68,121,130,12,73,123,37,71,56,13,82,126,43" hai3="94,103,40,66,90,124,0,100,46,77,55,35,76"/><T23/><D36/><U51/><E120/><V64/><F73/><W78/><G35/><T53/><D32/><U119/><E119/><V128/><F82/><W83/><G124/><T65/><D29/><U2/><E111/><V20/><F20/><W26/><G66/><T22/><REACH who="0" step="1"/><D1/><REACH who="0" ten="372,270,148,200" step="2"/><U122/><E38/><V19/><F37/><W44/><G0/><T74/><D74/><U106/><E28/><V117/><F123/><W4/><G40/><T18/><D18/><U110/><E122/><V115/><F19/><W69/><G4/><T24/><D24/><U92/><E5/><V97/><F43/><W52/><G26/><T21/><D21/><U14/><E2/><V118/><F121/><W109/><G109/><T25/><D25/><U39/><E3/><V62/><F118/><W31/><G31/><T61/><D61/><U54/><E110/><V58/><F62/><W95/><G55/><T105/><D105/><U102/><E39/><V11/><F117/><W34/><G52/><T16/><D16/><U75/><E42/><V67/><F67/><W107/><G107/><T79/><D79/><U108/><E108/><V96/><F64/><W99/><G77/><T9/><D9/><U129/><E75/><V30/><F30/><W104/><G78/><T10/><D10/><U15/><E15/><V59/><F11/><W114/><G76/><T93/><D93/><U8/><E14/><V112/><F12/><W57/><G104/><T27/><D27/><U86/><E8/><V98/><F13/><W101/><G34/><T49/><D49/><U81/><E51/><RYUUKYOKU ba="0,1" sc="372,30,270,-10,148,-10,200,-10" hai0="22,23,50,53,60,65,70,80,84,91,132,133,134" /><INIT seed="4,1,1,1,3,108" ten="402,260,138,190" oya="0" hai0="30,13,9,15,51,105,25,126,44,26,90,110,64" hai1="130,85,32,24,124,36,74,70,48,67,77,87,23" hai2="102,86,16,134,6,0,55,49,27,38,52,3,113" hai3="60,109,72,1,127,92,58,103,35,135,21,117,98"/><T59/><D110/><U39/><E32/><V88/><F38/><W40/><G35/><T2/><D105/><U119/><E119/><V10/><F134/><W121/><G109/><T129/><D2/><U132/><E74/><V4/><F102/><W120/><G117/><T31/><D129/><U100/><E36/><V89/><F113/><W33/><G33/><T80/><D15/><U7/><E39/><V19/><F27/><W125/><G135/><T69/><D69/><U82/><E7/><V118/><F118/><W63/><G72/><T61/><D126/><N who="3" m="48137" /><G1/><T79/><D90/><U73/><E130/><V11/><F49/><W91/><G40/><T96/><D96/><U83/><E100/><V20/><F20/><W115/><G115/><T111/><D111/><U95/><E48/><V57/><F57/><W99/><G21/><T93/><D93/><U18/><E95/><V128/><REACH who="2" step="1"/><F86/><REACH who="2" ten="402,260,128,190" step="2"/><W97/><G63/><T131/><D26/><U71/><E124/><V42/><F42/><W17/><G103/><T107/><D25/><U29/><E73/><V46/><F46/><W5/><G58/><T47/><D47/><U62/><E132/><V123/><F123/><W75/><G60/><T78/><D131/><AGARI ba="1,2" hai="0,3,4,6,10,11,16,19,52,55,88,89,128,131" machi="131" ten="25,12000,2" yaku="1,1,22,2,54,3,53,0" doraHai="108" doraHaiUra="133" who="2" fromWho="0" sc="402,-123,260,0,128,143,190,0" /><INIT seed="5,0,0,0,3,59" ten="279,260,271,190" oya="1" hai0="95,29,96,64,41,72,122,84,5,54,73,52,116" hai1="34,106,53,112,57,14,15,16,55,119,37,132,20" hai2="38,33,75,44,71,10,94,42,80,49,120,85,90" hai3="113,51,127,21,48,79,102,67,83,13,97,43,104"/><U114/><E119/><V100/><F120/><W65/><G113/><N who="1" m="43626" /><E132/><V81/><F33/><W47/><G127/><T26/><D116/><U46/><E106/><V115/><F115/><W61/><G21/><T131/><D131/><U76/><E34/><V45/><F71/><W27/><G27/><T40/><D5/><U124/><E124/><V9/><F81/><W125/><G125/><T4/><D4/><U70/><E70/><V87/><F75/><W11/><G51/><T24/><D84/><U77/><E14/><V58/><F58/><W50/><G50/><T30/><D96/><U31/><E31/><V89/><REACH who="2" step="1"/><F100/><REACH who="2" ten="279,260,261,190" step="2"/><W99/><G102/><T88/><D122/><U118/><E118/><V12/><F12/><W1/><G1/><T109/><D73/><U130/><E130/><V92/><F92/><W134/><G134/><T108/><D72/><U129/><E129/><V36/><F36/><W98/><G104/><T117/><D117/><U8/><E37/><V6/><F6/><W25/><G25/><T68/><D68/><U39/><E39/><V135/><F135/><W2/><G2/><T78/><D95/><U110/><E57/><V91/><F91/><W126/><G126/><T3/><D3/><U22/><E76/><V18/><F18/><N who="3" m="8511" /><G79/><T82/><D78/><U93/><E77/><V107/><F107/><W62/><G83/><T56/><D82/><U63/><E93/><V28/><F28/><W74/><G74/><T0/><D0/><U101/><E101/><V17/><F17/><W32/><G32/><T7/><D30/><U105/><E105/><RYUUKYOKU ba="0,1" sc="279,-15,260,-15,261,15,190,15" hai2="9,10,38,42,44,45,49,80,85,87,89,90,94" hai3="43,47,48,61,62,65,67,97,98,99" /><INIT seed="6,1,1,3,0,71" ten="264,245,276,205" oya="2" hai0="133,101,32,53,68,54,111,43,26,74,66,48,8" hai1="122,15,109,108,40,83,85,121,73,63,13,62,67" hai2="132,41,69,131,86,6,107,76,120,49,117,14,50" hai3="127,91,9,72,119,2,75,82,81,18,29,39,114"/><V90/><F69/><W77/><G119/><T116/><D111/><U21/><E73/><V16/><F107/><W28/><G127/><T24/><D74/><U58/><E40/><V105/><F105/><W96/><G114/><T103/><D133/><U23/><E85/><V98/><F120/><W51/><G39/><T61/><D8/><U65/><E58/><V34/><F34/><W36/><G36/><T33/><D43/><U44/><E44/><V42/><F131/><W79/><G51/><N who="2" m="19465" /><F6/><W47/><G47/><T52/><D48/><U17/><E17/><V22/><F132/><W134/><G134/><T128/><D128/><U89/><E89/><V113/><F113/><W4/><REACH who="3" step="1"/><G18/><REACH who="3" ten="264,245,276,195" step="2"/><T92/><D116/><U60/><E121/><V55/><F117/><W37/><G37/><T126/><D126/><U25/><E122/><V70/><F16/><W99/><G99/><T35/><REACH who="0" step="1"/><D92/><AGARI ba="1,2" hai="2,4,9,28,29,72,75,77,79,81,82,91,92,96" machi="92" ten="40,2600,0" yaku="1,1,9,1,53,0" doraHai="71" doraHaiUra="102" who="3" fromWho="0" sc="264,-29,245,0,276,0,195,49" /><INIT seed="7,0,0,2,1,26" ten="235,245,276,244" oya="3" hai0="70,57,71,19,55,106,92,27,52,56,120,20,11" hai1="31,112,74,118,54,10,130,75,48,49,59,129,15" hai2="132,121,35,22,127,133,3,81,105,117,123,23,50" hai3="12,83,65,94,122,60,107,17,93,38,61,9,98"/><W88/><G122/><N who="2" m="46601" /><F105/><W43/><G107/><T134/><D106/><U86/><E112/><V6/><F117/><W116/><G116/><T124/><D120/><U32/><E118/><V66/><F66/><W82/><G60/><T84/><D134/><N who="2" m="51818" /><F81/><W99/><G43/><T36/><D36/><U128/><E86/><V24/><F127/><W104/><G38/><T5/><D124/><U21/><E32/><V78/><F78/><W8/><G8/><T76/><D71/><U113/><E113/><V91/><F91/><W29/><G29/><T14/><D70/><U80/><E80/><V67/><F67/><W63/><G104/><T109/><D109/><U79/><E79/><V41/><F6/><W131/><G131/><T87/><D76/><U39/><E39/><V96/><F96/><W103/><G63/><N who="0" m="36231" /><D92/><U40/><E48/><AGARI ba="0,0" hai="5,11,14,19,20,27,48,55,57,84,87" m="36231" machi="48" ten="30,2000,0" yaku="8,1,54,1" doraHai="26" who="0" fromWho="1" sc="235,20,245,-20,276,0,244,0" /><INIT seed="8,0,0,1,5,3" ten="255,225,276,244" oya="0" hai0="99,28,36,41,50,103,76,37,4,94,95,118,13" hai1="43,66,21,45,98,31,47,116,22,10,117,38,19" hai2="91,135,8,104,93,71,83,89,27,113,51,100,40" hai3="18,68,25,55,88,6,106,125,105,56,131,1,102"/><T80/><D118/><N who="1" m="45675" /><E66/><V69/><F113/><W23/><G68/><T124/><D124/><U133/><E133/><V114/><F114/><W49/><G125/><T108/><D108/><U61/><E61/><V59/><F135/><W97/><G131/><T128/><D28/><U52/><E31/><V74/><F27/><W110/><G110/><T16/><D95/><U129/><E129/><V20/><F20/><N who="1" m="7785" /><E98/><V30/><F30/><W17/><G17/><T86/><D128/><U34/><E34/><V81/><F71/><W92/><REACH who="3" step="1"/><G102/><REACH who="3" ten="255,225,276,234" step="2"/><T26/><D16/><U119/><N who="1" m="45683" /><U12/><DORA hai="57" /><E45/><V9/><F100/><W5/><G5/><T115/><D115/><U132/><E132/><V87/><F69/><W58/><G58/><T72/><D4/><U33/><E33/><V29/><F59/><W0/><G0/><T24/><D103/><U39/><E39/><V62/><F29/><W53/><G53/><AGARI ba="0,1" hai="10,12,19,38,43,47,52,53" m="7785,45683" machi="53" ten="40,2600,0" yaku="16,1,54,1" doraHai="3,57" who="1" fromWho="3" sc="255,0,225,36,276,0,234,-26" /><INIT seed="9,0,0,5,3,11" ten="255,261,276,208" oya="1" hai0="91,20,130,3,101,114,32,21,69,42,9,103,61" hai1="92,76,78,14,96,44,33,99,22,66,82,39,73" hai2="36,46,56,57,93,133,51,111,127,48,12,29,87" hai3="1,80,132,72,74,84,98,106,30,49,65,63,8"/><U27/><E76/><V28/><F111/><W109/><G109/><T88/><D114/><U97/><E66/><V58/><F36/><W6/><G132/><T50/><D32/><U104/><E104/><V100/><F127/><W25/><G49/><T94/><D130/><U110/><E110/><V119/><F119/><W62/><G62/><T79/><D79/><U60/><E60/><V118/><F118/><W89/><G98/><T52/><D42/><U53/><E33/><V125/><F125/><W90/><G90/><T102/><D91/><U13/><E92/><V19/><F133/><W18/><G18/><T68/><D68/><U64/><E64/><V122/><F122/><W15/><G1/><T129/><D129/><U95/><E95/><V120/><F120/><W134/><G106/><T121/><D121/><U40/><REACH who="1" step="1"/><E53/><REACH who="1" ten="255,251,276,208" step="2"/><V71/><F93/><W55/><G55/><T43/><D61/><U67/><E67/><V17/><F71/><W34/><REACH who="3" step="1"/><G134/><REACH who="3" ten="255,251,276,198" step="2"/><T116/><D52/><U47/><E47/><V131/><F46/><W107/><G107/><T135/><D135/><U59/><E59/><AGARI ba="0,2" hai="6,8,15,25,30,34,59,63,65,72,74,80,84,89" machi="59" ten="30,7700,0" yaku="1,1,7,1,52,1,53,1" doraHai="11" doraHaiUra="86" who="3" fromWho="1" sc="255,0,251,-77,276,0,198,97" /><INIT seed="10,0,0,1,1,64" ten="255,174,276,295" oya="2" hai0="79,88,71,65,21,30,81,14,50,76,46,84,134" hai1="29,87,99,83,6,20,28,124,3,119,113,74,24" hai2="56,109,115,125,2,104,63,96,1,130,44,67,27" hai3="95,75,77,123,40,34,120,121,122,69,128,52,11"/><V116/><F115/><W58/><G122/><T108/><D108/><U105/><E113/><V26/><F116/><W7/><G69/><T13/><D134/><U36/><E36/><V117/><F117/><W48/><G34/><T97/><D65/><U132/><E119/><V103/><F130/><W131/><G40/><T37/><D37/><U22/><E74/><V127/><F44/><W25/><G25/><N who="0" m="16687" /><D71/><U129/><E124/><N who="2" m="47691" /><F109/><W0/><G95/><N who="0" m="56551" /><D79/><U16/><E129/><N who="3" m="49738" /><G77/><T32/><D32/><U23/><E132/><V41/><F41/><AGARI ba="0,0" hai="13,14,41,46,50,76,81,84" m="56551,16687" machi="41" ten="30,2000,0" yaku="8,1,54,1" doraHai="64" who="0" fromWho="2" sc="255,20,174,0,276,-20,295,0" /><INIT seed="11,0,0,0,5,26" ten="275,174,256,295" oya="3" hai0="98,86,72,101,13,37,107,80,38,31,129,78,70" hai1="36,42,134,97,84,11,51,45,124,16,132,52,65" hai2="108,66,109,68,76,127,32,81,23,105,7,9,39" hai3="57,28,19,88,21,82,125,47,44,10,35,60,41"/><W96/><G35/><T30/><D70/><U74/><E74/><N who="2" m="43159" /><F23/><W58/><G58/><T14/><D129/><U54/><E97/><V0/><F127/><W12/><G125/><T118/><D118/><U104/><E104/><V102/><F32/><W43/><G28/><T103/><D103/><U92/><E54/><V112/><F112/><W89/><G21/><T62/><D62/><U29/><E124/><V67/><F67/><W56/><G56/><T77/><D77/><U117/><E117/><V55/><F55/><W120/><G120/><T1/><D1/><U8/><E65/><V85/><F85/><N who="3" m="50231" /><G89/><T6/><D72/><U40/><E84/><V131/><F131/><W50/><G96/><T94/><D107/><U123/><E92/><V122/><F122/><W64/><G47/><T24/><D6/><U128/><E128/><V25/><F25/><W135/><G135/><N who="1" m="51754" /><E123/><V106/><F39/><W93/><G93/><T113/><D113/><U110/><E110/><N who="2" m="42603" /><F102/><W73/><G73/><T48/><D38/><U5/><E36/><V27/><F27/><W90/><G90/><T119/><D37/><U130/><E130/><V53/><F53/><AGARI ba="0,0" hai="10,12,19,41,43,44,50,53,57,60,64" m="50231" machi="53" ten="30,5800,0" yaku="25,1,8,1,54,1" doraHai="26" who="3" fromWho="2" sc="275,0,174,0,256,-58,295,58" owari="275,7.5,174,-32.6,198,-20.2,353,45.3" /></mjloggm>