<mjloggm ver="2.3"><GO type="169" lobby="0"/><UN n0="%E3%81%88%E3%81%99%E3%81%9F%E3%81%BE%E3%82%8B" n1="%61%6B%69%62%61%62%61%6E" n2="%67%63%40%E6%BF%80%E8%BE%9B" n3="%E3%81%8D%E3%82%83%E3%83%BC%E3%82%8D%E3%82%93" dan="17,17,18,16" rate="2195.24,2171.98,2194.43,2138.78" sx="M,M,M,M"/><TAIKYOKU oya="0"/><INIT seed="0,0,0,5,1,70" ten="250,250,250,250" oya="0" hai0="23,134,97,58,119,101,9,86,78,132,122,87,55" hai1="130,54,4,100,104,92,61,46,118,12,56,44,30" hai2="127,73,53,94,117,115,16,109,14,88,85,72,42" hai3="59,17,37,7,41,96,71,99,47,35,19,98,126"/><T45/><D119/><U63/><E118/><V83/><F115/><W121/><G71/><T89/><D122/><U91/><E130/><V102/><F117/><W68/><G68/><T133/><D23/><U13/><E30/><V11/><F109/><W82/><G35/><T34/><D34/><U2/><E2/><V15/><F127/><W36/><G7/><T50/><D78/><U125/><E125/><V110/><F110/><W135/><G126/><T49/><D9/><U18/><E100/><V43/><F73/><W65/><G135/><T51/><D89/><U84/><E104/><V25/><F25/><W69/><G37/><T124/><D124/><U39/><E61/><V107/><F53/><W131/><G131/><T116/><D116/><U128/><E128/><V108/><F108/><W76/><G69/><T26/><D26/><U112/><E39/><V29/><F29/><W21/><G121/><T1/><D1/><U67/><E67/><V81/><F81/><W48/><G21/><T40/><REACH who="0" step="1"/><D51/><REACH who="0" ten="240,250,250,250" step="2"/><U79/><E79/><N who="2" m="44519" /><F14/><W106/><G48/><T114/><D114/><U123/><E123/><V113/><F113/><W77/><G77/><T5/><D5/><U0/><E0/><V90/><F90/><W129/><G129/><T80/><D80/><U22/><E112/><V27/><F27/><W111/><G111/><T33/><D33/><U3/><E3/><V60/><F60/><N who="3" m="38047" /><G82/><T62/><D62/><U95/><E12/><V38/><F38/><W75/><G76/><T120/><D120/><U8/><E13/><V20/><F11/><W66/><G36/><RYUUKYOKU ba="0,1" sc="240,15,250,-15,250,15,250,-15" hai0="40,45,49,50,55,58,86,87,97,101,132,133,134" hai2="15,16,20,42,43,85,88,94,102,107" /><INIT seed="0,1,1,5,0,68" ten="255,235,265,235" oya="0" hai0="18,120,11,62,42,119,80,20,113,92,48,121,116" hai1="128,95,109,115,126,75,63,94,83,129,73,90,66" hai2="2,114,67,72,86,104,13,82,3,21,31,15,46" hai3="37,22,69,123,12,71,25,70,98,50,5,102,14"/><T124/><D92/><U74/><E109/><V96/><F72/><N who="1" m="27753" /><E63/><V93/><F104/><W16/><G123/><N who="0" m="47179" /><D80/><U134/><E66/><V40/><F114/><W81/><G81/><T99/><D99/><N who="1" m="57815" /><E126/><V125/><F125/><W32/><G32/><T111/><D11/><U27/><E27/><V107/><F107/><W108/><G108/><T45/><D20/><U84/><E115/><V39/><F67/><W57/><G5/><T41/><D18/><U78/><E134/><V43/><F43/><N who="0" m="16394" /><D111/><U35/><E35/><V23/><F23/><W105/><G25/><T38/><D124/><U122/><E122/><V8/><F21/><W85/><G12/><T44/><D113/><U87/><E95/><V64/><F64/><W24/><G14/><T65/><D116/><U77/><E77/><V54/><F54/><W0/><G0/><T26/><D26/><U58/><E58/><V4/><F31/><W7/><G7/><T89/><D119/><U49/><E49/><V127/><F127/><W91/><G24/><T17/><D17/><U118/><E118/><V76/><F15/><W101/><G16/><T61/><D48/><U53/><E84/><V112/><F112/><W106/><G85/><T47/><D65/><U130/><N who="1" m="27761" /><U59/><DORA hai="19" /><E130/><V30/><F30/><W6/><G22/><T88/><D38/><U132/><E132/><V52/><F52/><W110/><G37/><T79/><D79/><U97/><E97/><V10/><F10/><W60/><G6/><T117/><D117/><U9/><E9/><V56/><F56/><W55/><G57/><RYUUKYOKU ba="1,1" sc="255,10,235,10,265,10,235,-30" hai0="44,45,47,61,62,88,89" hai1="53,59,78,83,87,128,129" hai2="2,3,4,8,13,39,40,46,76,82,86,93,96" /><INIT seed="0,2,1,2,1,54" ten="265,245,275,205" oya="0" hai0="127,56,15,101,88,70,16,69,114,23,106,129,47" hai1="24,26,6,39,18,99,52,73,43,89,87,78,2" hai2="50,46,77,97,112,37,123,31,115,134,110,0,19" hai3="13,21,119,133,80,81,5,92,53,64,48,67,44"/><T72/><D114/><U32/><E99/><V82/><F123/><W105/><G105/><T3/><D129/><U35/><E43/><V27/><F37/><W126/><G119/><T71/><D127/><U109/><E39/><V9/><F110/><W93/><G133/><T34/><D72/><U125/><E109/><V130/><F130/><W68/><G68/><T30/><D3/><U12/><E125/><V83/><F134/><W55/><G126/><T107/><D101/><U20/><E78/><V85/><F97/><W96/><G92/><T14/><D47/><U76/><E76/><V103/><F103/><W102/><G55/><T117/><D117/><U100/><E100/><V95/><F95/><W11/><REACH who="3" step="1"/><G21/><REACH who="3" ten="265,245,275,195" step="2"/><T60/><D107/><U91/><E20/><V58/><F112/><W79/><G79/><T38/><D106/><U17/><E52/><V40/><F115/><W104/><G104/><T116/><D116/><U42/><E32/><V36/><F83/><AGARI ba="2,2" hai="5,11,13,44,48,53,64,67,80,81,83,93,96,102" machi="83" ten="40,8000,1" yaku="1,1,8,1,53,2" doraHai="54" doraHaiUra="61" who="3" fromWho="2" sc="265,0,245,0,275,-86,195,106" /><INIT seed="1,0,0,3,2,96" ten="265,245,189,301" oya="1" hai0="87,112,93,94,109,133,72,108,31,5,55,81,16" hai1="59,54,82,67,111,48,32,7,76,110,10,74,3" hai2="129,83,134,85,11,15,45,65,2,43,49,128,66" hai3="95,23,117,88,6,98,100,86,125,37,18,89,29"/><U71/><REACH who="1" step="1"/><E32/><REACH who="1" ten="265,235,189,301" step="2"/><V104/><F129/><W90/><G117/><T64/><D109/><U53/><E53/><V130/><F128/><W97/><G37/><T63/><D108/><U78/><E78/><V91/><F130/><W21/><G125/><T52/><D52/><U22/><E22/><V8/><F66/><W60/><G23/><T120/><D55/><U106/><E106/><V13/><F65/><W107/><G107/><T123/><D64/><U116/><E116/><V26/><F104/><W41/><G21/><T126/><D126/><U47/><E47/><V114/><F45/><W69/><G90/><T19/><D123/><U79/><E79/><V84/><F91/><W105/><G89/><T56/><D120/><U99/><E99/><V51/><F114/><W68/><G98/><T1/><D112/><U0/><E0/><V135/><F2/><W115/><G97/><T124/><D1/><U75/><E75/><V25/><F43/><W30/><G88/><T127/><D72/><U34/><E34/><V17/><F134/><W121/><G41/><T40/><D133/><U103/><E103/><V4/><F135/><W122/><G100/><T70/><D40/><U33/><E33/><V20/><F20/><W39/><G105/><T12/><D124/><U42/><E42/><V9/><F85/><W80/><G115/><T35/><D87/><U27/><E27/><V102/><F102/><W50/><G86/><T119/><D119/><U101/><E101/><V113/><F113/><W46/><G122/><T24/><D127/><U77/><E77/><V28/><F84/><RYUUKYOKU ba="0,1" sc="265,-10,235,30,189,-10,301,-10" hai1="3,7,10,48,54,59,67,71,74,76,82,110,111" /><INIT seed="1,1,1,5,2,29" ten="255,265,179,291" oya="1" hai0="78,14,118,111,64,77,27,83,102,6,95,133,65" hai1="71,99,107,21,33,7,47,108,31,51,44,132,74" hai2="1,127,113,128,130,69,100,53,104,52,40,37,81" hai3="121,11,10,101,54,115,32,94,3,125,109,58,34"/><U123/><E123/><V98/><F1/><W38/><G38/><T15/><D118/><U25/><E132/><V86/><F69/><W96/><G115/><T36/><D133/><U28/><E74/><V85/><F113/><W93/><G121/><T116/><D116/><U62/><E7/><V60/><F127/><W122/><G122/><T129/><D111/><U49/><E108/><V135/><F135/><W46/><G46/><N who="1" m="17450" /><E21/><V4/><F40/><W12/><G125/><T110/><D36/><U114/><E28/><V8/><F37/><W56/><G109/><T120/><D110/><U55/><E55/><N who="2" m="21067" /><F60/><W105/><G3/><T9/><D120/><U41/><E41/><V61/><F61/><W43/><G43/><T103/><D6/><U17/><E17/><V75/><F8/><W131/><G58/><T18/><D9/><U24/><E24/><V119/><F4/><W35/><G11/><T19/><D27/><U63/><E63/><V91/><F119/><W90/><G12/><T70/><D70/><U106/><E114/><V45/><F45/><W126/><G10/><T23/><D23/><U76/><E76/><N who="2" m="44191" /><F86/><N who="3" m="52439" /><G126/><T66/><D14/><U13/><E13/><V117/><F117/><W80/><G105/><N who="1" m="39946" /><E99/><V5/><F5/><W97/><G97/><T39/><D39/><U134/><E134/><V48/><F48/><N who="3" m="30791" /><G80/><T59/><D83/><U88/><E62/><V87/><F87/><W26/><G26/><T68/><D15/><U84/><E71/><V50/><F50/><W20/><G20/><T92/><D68/><U42/><E42/><V16/><F16/><RYUUKYOKU ba="1,1" sc="255,-30,265,10,179,10,291,10" hai1="25,31,33,49,51,84,88" hai2="85,91,98,100,104,128,130" hai3="32,34,35,94,96,101,131" /><INIT seed="1,2,1,1,0,10" ten="225,275,189,301" oya="1" hai0="126,4,55,81,11,85,33,22,43,3,24,47,94" hai1="108,49,83,111,79,16,32,29,109,103,127,96,17" hai2="72,88,123,21,113,129,70,133,57,74,89,75,84" hai3="1,97,5,63,121,60,7,80,25,15,50,105,124"/><U71/><E71/><V134/><F70/><W51/><G121/><T101/><D126/><U38/><E38/><V56/><F123/><W119/><G1/><T41/><D33/><U9/><E127/><V18/><F129/><W52/><G124/><T114/><D114/><U44/><E29/><V93/><F113/><W132/><G132/><N who="2" m="50793" /><F89/><W125/><G125/><T82/><D55/><N who="1" m="30119" /><E32/><V67/><F67/><W112/><G112/><T95/><D43/><U46/><E46/><V37/><F37/><W65/><G119/><T54/><D54/><U76/><E9/><V91/><F91/><W19/><G25/><AGARI ba="2,1" hai="18,21,25,56,57,72,74,75,84,88,93" m="50793" machi="25" ten="40,2600,0" yaku="20,1,54,1" doraHai="10" who="2" fromWho="3" sc="225,0,275,0,189,42,301,-32" /><INIT seed="2,0,0,2,3,65" ten="225,275,231,269" oya="2" hai0="70,6,13,59,104,44,25,89,72,8,116,134,14" hai1="102,126,87,22,132,103,53,40,81,61,57,5,108" hai2="98,27,1,92,49,117,33,111,31,80,58,79,88" hai3="28,120,82,11,124,63,93,50,127,113,51,3,110"/><V16/><F117/><W67/><G120/><T60/><D134/><U7/><E108/><V56/><F1/><W99/><G113/><T122/><D122/><U71/><E132/><V75/><F111/><W77/><G110/><T109/><D72/><U118/><E118/><V10/><REACH who="2" step="1"/><F49/><REACH who="2" ten="225,275,221,269" step="2"/><W39/><G51/><T9/><D116/><U106/><E126/><V37/><F37/><W20/><G39/><T73/><D109/><U91/><E40/><V47/><F47/><W131/><G50/><T69/><D44/><U54/><E106/><V64/><F64/><W15/><G3/><T0/><D104/><U23/><E54/><V123/><F123/><W26/><G131/><T94/><D0/><U78/><E53/><V97/><F97/><W42/><G42/><T46/><D46/><U83/><E61/><V95/><F95/><W55/><G55/><T85/><D60/><U121/><E121/><V86/><F86/><W21/><G93/><T4/><D85/><U2/><E2/><V96/><F96/><W45/><G99/><T135/><D94/><U36/><E36/><V112/><F112/><W41/><G45/><T119/><D119/><U19/><E87/><V66/><F66/><W125/><G41/><T74/><D135/><U38/><E38/><V107/><F107/><W129/><G129/><T90/><REACH who="0" step="1"/><D59/><REACH who="0" ten="215,275,221,269" step="2"/><U52/><E57/><V100/><F100/><W133/><G133/><T12/><D12/><AGARI ba="0,2" hai="10,12,16,27,31,33,56,58,75,79,80,88,92,98" machi="12" ten="40,7700,0" yaku="1,1,54,2,53,0" doraHai="65" doraHaiUra="35" who="2" fromWho="0" sc="215,-77,275,0,221,97,269,0" /><INIT seed="2,1,0,1,2,131" ten="138,275,318,269" oya="2" hai0="123,39,15,76,44,98,120,47,129,100,32,17,29" hai1="87,61,60,28,33,88,80,13,66,7,135,14,23" hai2="104,111,70,53,52,103,2,34,119,91,19,67,117" hai3="112,63,56,5,77,22,125,126,38,64,109,12,71"/><V62/><F2/><W51/><G109/><T130/><D76/><U30/><E135/><V93/><F111/><W27/><G77/><T43/><D47/><U73/><E73/><V79/><F34/><W59/><G112/><T41/><D43/><U121/><E121/><V101/><F79/><W107/><G107/><T92/><D29/><N who="1" m="11371" /><E33/><V99/><F101/><W36/><G12/><N who="1" m="4714" /><E7/><V115/><F19/><N who="3" m="12767" /><G5/><T86/><D32/><U82/><E23/><V110/><F115/><W74/><G74/><T31/><D31/><U40/><E40/><V46/><F110/><W122/><G122/><T84/><D123/><U102/><E102/><V37/><F37/><W50/><G38/><T24/><D24/><U90/><E66/><V3/><F3/><W124/><G36/><T128/><REACH who="0" step="1"/><D120/><REACH who="0" ten="128,275,318,269" step="2"/><U8/><E8/><AGARI ba="1,1" hai="8,15,17,39,41,44,84,86,92,98,100,128,129,130" machi="8" ten="40,5200,0" yaku="1,1,2,1,19,1,53,0" doraHai="131" doraHaiUra="54" who="0" fromWho="1" sc="128,65,275,-55,318,0,269,0" /><INIT seed="3,0,0,5,1,79" ten="193,220,318,269" oya="3" hai0="119,100,22,115,112,83,114,89,49,3,44,54,27" hai1="55,103,66,118,75,133,19,2,125,48,5,113,62" hai2="65,63,102,67,10,59,34,45,123,96,98,6,46" hai3="0,106,13,12,24,101,32,60,33,37,1,74,126"/><W38/><G74/><T56/><D119/><U47/><E113/><N who="0" m="28929" /><T78/><DORA hai="4" /><D3/><U127/><E118/><V51/><F34/><W107/><G60/><T72/><D100/><U21/><E133/><V93/><F123/><W17/><G101/><T26/><D89/><U99/><E75/><V30/><F30/><W97/><G24/><N who="0" m="9259" /><D22/><U7/><E19/><V70/><F98/><W122/><G97/><T130/><D130/><U14/><E14/><V35/><F35/><W11/><G17/><T87/><D72/><U95/><E21/><V109/><F109/><W91/><G91/><T8/><D44/><U29/><E29/><V94/><F94/><W9/><REACH who="3" step="1"/><G126/><REACH who="3" ten="193,220,318,259" step="2"/><T16/><D16/><U131/><E131/><V39/><F102/><W88/><G88/><T76/><D78/><U82/><E125/><V50/><F96/><W92/><G92/><T104/><D104/><U25/><E25/><V36/><F93/><W42/><G42/><T43/><D43/><U120/><E127/><V85/><F85/><W18/><G18/><T117/><D117/><U129/><E129/><V84/><F84/><W52/><G52/><T15/><D15/><U31/><E2/><V68/><F6/><W73/><G73/><T61/><D61/><U57/><E31/><V116/><F116/><W128/><G128/><T28/><D28/><U80/><E120/><AGARI ba="0,1" hai="0,1,9,11,12,13,32,33,37,38,106,107,120,122" machi="120" ten="25,12000,1" yaku="1,1,22,2,52,2,53,0" doraHai="79,4" doraHaiUra="121,81" who="3" fromWho="1" sc="193,0,220,-120,318,0,259,130" /><INIT seed="3,1,0,5,1,24" ten="193,100,318,389" oya="3" hai0="40,103,114,33,111,80,59,84,49,22,98,0,76" hai1="78,30,44,47,65,3,130,45,20,124,11,127,83" hai2="104,81,6,131,75,4,52,126,68,117,135,58,115" hai3="54,36,16,99,74,120,38,13,32,121,88,55,133"/><W129/><G32/><T56/><D111/><U116/><E130/><V42/><F115/><W132/><G74/><T57/><D114/><U91/><E116/><V93/><F104/><W63/><G129/><T90/><D33/><U41/><E65/><V18/><F68/><W102/><G38/><T118/><D0/><U29/><E41/><V61/><F117/><W39/><G39/><T125/><D118/><U15/><E20/><V85/><F131/><W113/><G36/><T46/><D125/><N who="1" m="48203" /><E91/><V73/><F126/><W35/><G35/><T64/><D22/><U25/><E25/><V48/><F135/><N who="3" m="51787" /><G113/><T37/><D37/><U7/><E3/><V23/><F93/><N who="3" m="56743" /><G102/><T5/><D5/><U14/><E14/><N who="2" m="9687" /><F73/><AGARI ba="1,0" hai="7,11,15,29,30,44,45,47,73,78,83" m="48203" machi="73" ten="30,3900,0" yaku="18,1,52,2" doraHai="24" who="1" fromWho="2" sc="193,0,100,42,318,-42,389,0" /><INIT seed="4,0,0,1,3,19" ten="193,142,276,389" oya="0" hai0="1,64,7,103,68,47,76,62,81,83,40,122,98" hai1="6,60,4,89,71,58,59,73,49,106,25,108,8" hai2="127,95,116,85,77,93,128,24,111,32,13,118,115" hai3="28,112,87,82,101,114,110,133,12,43,105,74,15"/><T10/><D122/><U102/><E108/><V16/><F111/><W125/><G110/><T36/><REACH who="0" step="1"/><D76/><REACH who="0" ten="183,142,276,389" step="2"/><U65/><E73/><V51/><F77/><N who="3" m="46543" /><G74/><T63/><D63/><U23/><E71/><V31/><F118/><W126/><G133/><T88/><D88/><U33/><E89/><V90/><F116/><W53/><G126/><T56/><D56/><U22/><E58/><V50/><F127/><W107/><G125/><T42/><D42/><U11/><E59/><V94/><F115/><W132/><G43/><T120/><D120/><U45/><E60/><V113/><F113/><W37/><G114/><T70/><D70/><U57/><E57/><V46/><F128/><W39/><G112/><T54/><D54/><U97/><E65/><V119/><F119/><W91/><G91/><T26/><D26/><U134/><E134/><V80/><REACH who="2" step="1"/><F46/><REACH who="2" ten="183,142,266,389" step="2"/><W55/><G132/><T75/><D75/><U129/><E129/><V52/><F52/><W78/><G78/><T17/><D17/><U44/><E44/><V104/><F104/><AGARI ba="0,2" hai="1,7,10,36,40,47,62,64,68,81,83,98,103,104" machi="104" ten="30,2900,0" yaku="1,1,7,1,53,0" doraHai="19" doraHaiUra="27" who="0" fromWho="2" sc="183,49,142,0,266,-29,389,0" /><INIT seed="4,1,0,3,2,41" ten="232,142,237,389" oya="0" hai0="57,17,72,8,46,3,19,20,86,88,39,91,29" hai1="110,24,14,10,23,104,103,68,102,66,37,31,56" hai2="101,1,73,34,26,25,94,12,63,35,80,135,134" hai3="106,99,81,87,54,96,36,79,85,124,105,22,52"/><T6/><D72/><U84/><E110/><V49/><F101/><W13/><G36/><T89/><D29/><U114/><E68/><V9/><F94/><W127/><G22/><T93/><D57/><U78/><E37/><V55/><F63/><W98/><G13/><T71/><D71/><U131/><E131/><V130/><F80/><N who="3" m="47263" /><G54/><T83/><D93/><U30/><E30/><V75/><F1/><W43/><G43/><T111/><D111/><U5/><E104/><N who="3" m="40042" /><G52/><T76/><REACH who="0" step="1"/><D20/><REACH who="0" ten="222,142,237,389" step="2"/><U126/><E126/><V38/><F75/><W61/><G61/><T27/><D27/><U47/><E56/><V28/><F73/><W117/><G117/><T15/><D15/><U100/><E66/><V62/><F62/><W51/><G51/><T74/><D74/><U50/><E114/><V115/><F38/><W7/><G127/><T77/><D77/><U112/><E112/><V16/><F115/><W60/><G60/><T21/><D21/><U97/><E97/><V48/><F130/><W58/><G58/><T18/><D18/><U133/><E133/><V0/><F0/><W59/><G59/><T11/><D11/><U53/><E103/><V42/><F26/><W4/><G124/><T2/><D2/><U67/><REACH who="1" step="1"/><E67/><REACH who="1" ten="222,132,237,389" step="2"/><V125/><F125/><W92/><G99/><T69/><D69/><U113/><E113/><V107/><F107/><W40/><G98/><T118/><D118/><U128/><E128/><V32/><F135/><W116/><G116/><T121/><D121/><U129/><E129/><V45/><F134/><W123/><G123/><T90/><D90/><RYUUKYOKU ba="1,2" sc="222,10,132,10,237,10,389,-30" hai0="3,6,8,17,19,39,46,76,83,86,88,89,91" hai1="5,10,14,23,24,31,47,50,53,78,84,100,102" hai2="9,12,16,25,28,32,34,35,42,45,48,49,55" /><INIT seed="4,2,2,0,3,15" ten="232,142,247,359" oya="0" hai0="98,81,22,89,87,115,114,75,26,119,36,120,90" hai1="20,7,32,11,54,126,105,127,61,129,4,48,95" hai2="78,72,70,42,18,55,112,131,1,53,107,29,39" hai3="97,31,2,27,35,106,73,68,63,41,77,14,40"/><T67/><D36/><U113/><E105/><V47/><F107/><W101/><G2/><T118/><D67/><U0/><E129/><V80/><F131/><W43/><G77/><N who="0" m="44223" /><D22/><U135/><E61/><V88/><F70/><W21/><G73/><T6/><D26/><U100/><E135/><V56/><F112/><N who="0" m="43050" /><D6/><U85/><E32/><V3/><F29/><W103/><G103/><T94/><D120/><U60/><E60/><V9/><F1/><W62/><REACH who="3" step="1"/><G68/><REACH who="3" ten="232,142,247,349" step="2"/><T104/><D104/><U108/><E100/><V99/><F3/><W23/><G23/><T109/><D109/><U79/><E108/><V74/><F74/><W123/><G123/><T16/><D119/><U130/><E113/><V50/><F72/><W122/><G122/><T24/><D118/><U46/><E130/><V110/><F78/><W71/><G71/><T133/><D133/><U102/><E102/><V96/><F110/><W128/><G128/><T51/><D24/><U52/><E79/><V10/><F10/><W25/><G25/><T57/><D90/><N who="1" m="53711" /><E20/><V58/><F88/><W44/><G44/><T38/><D98/><U111/><E111/><V116/><F116/><W12/><G12/><T64/><D89/><U17/><E0/><V37/><F96/><W34/><G34/><T30/><D87/><U5/><E127/><V66/><F99/><W65/><G65/><T92/><D64/><U49/><E126/><V82/><F66/><W69/><G69/><T132/><D132/><U121/><E121/><V84/><F84/><W76/><G76/><T117/><D117/><U125/><E125/><RYUUKYOKU ba="2,3" sc="232,-10,142,-10,247,-10,349,30" hai3="14,21,27,31,35,40,41,43,62,63,97,101,106" /><INIT seed="5,3,3,4,3,93" ten="222,132,237,379" oya="1" hai0="103,34,53,125,65,40,118,66,126,54,92,28,62" hai1="98,1,80,102,122,63,25,0,94,68,117,91,76" hai2="45,72,43,59,30,135,23,132,27,13,116,18,9" hai3="55,2,97,24,112,115,105,15,16,107,6,88,96"/><U81/><E117/><V48/><F72/><W56/><G2/><T33/><D118/><U57/><E122/><V71/><F71/><W89/><G6/><T128/><D128/><U130/><E130/><V32/><F116/><W31/><G105/><T84/><D40/><U106/><E68/><V39/><F59/><W4/><G4/><T100/><D84/><U133/><E133/><N who="2" m="51275" /><F39/><W70/><G70/><T99/><D28/><U131/><E131/><V3/><F3/><W123/><G123/><T50/><D103/><U109/><E109/><V129/><F129/><W35/><G107/><T29/><D54/><U113/><E113/><N who="3" m="43594" /><G88/><T19/><D19/><U7/><E25/><V74/><F74/><W104/><G89/><T5/><D5/><U64/><E7/><V119/><F119/><W73/><G104/><T134/><D134/><U110/><E110/><V8/><AGARI ba="3,3" hai="8,9,13,18,23,27,30,32,43,45,48" m="51275" machi="8" ten="30,1100,0" yaku="20,1" doraHai="93" who="2" fromWho="2" sc="222,-6,132,-8,237,50,379,-6" /><INIT seed="6,0,0,1,2,49" ten="216,124,287,373" oya="2" hai0="82,46,90,78,76,88,96,22,75,112,89,108,70" hai1="39,62,66,128,87,42,130,27,134,91,94,73,120" hai2="113,125,133,129,28,127,99,18,38,110,32,25,60" hai3="131,57,1,30,97,116,105,132,81,123,29,5,44"/><V111/><F38/><W23/><G123/><T35/><D35/><U12/><E120/><V15/><F99/><W53/><G116/><T92/><D70/><U68/><E73/><V101/><F101/><W24/><G131/><T21/><D108/><N who="2" m="41514" /><F60/><W126/><G132/><T10/><D10/><U84/><E134/><V85/><F85/><W77/><G126/><N who="2" m="48137" /><F133/><W36/><G105/><T80/><D46/><U100/><E100/><V61/><F61/><W26/><G97/><T3/><D3/><U34/><E84/><V4/><F113/><W52/><G5/><T20/><REACH who="0" step="1"/><D112/><REACH who="0" ten="206,124,287,373" step="2"/><U86/><E39/><V65/><F129/><W64/><G1/><T40/><D40/><U79/><E42/><V135/><F135/><W118/><G44/><T0/><D0/><U50/><E128/><V124/><F124/><W117/><G36/><T69/><D69/><U106/><E130/><V56/><F56/><W48/><G57/><T59/><D59/><U98/><E50/><V31/><F32/><W72/><G48/><T41/><D41/><U55/><E12/><V83/><F15/><W43/><G43/><T58/><D58/><U115/><E115/><V74/><F65/><W119/><REACH who="3" step="1"/><G64/><REACH who="3" ten="206,124,287,363" step="2"/><T51/><D51/><U9/><E66/><V104/><F4/><W107/><G107/><T109/><D109/><U121/><E68/><V122/><F104/><W71/><G71/><T6/><D6/><U7/><E106/><V63/><F122/><W2/><G2/><T16/><D16/><U45/><E121/><V17/><F63/><W37/><G37/><T11/><D11/><RYUUKYOKU ba="0,2" sc="206,15,124,-15,287,-15,363,15" hai0="20,21,22,75,76,78,80,82,88,89,90,92,96" hai3="23,24,26,29,30,52,53,72,77,81,117,118,119" /><INIT seed="7,1,2,0,3,114" ten="221,109,272,378" oya="3" hai0="97,20,11,15,93,130,68,1,116,108,44,127,63" hai1="101,77,74,96,24,92,94,54,122,123,17,89,80" hai2="118,13,48,134,126,67,132,131,46,109,106,43,112" hai3="51,85,90,117,91,38,27,124,25,113,104,125,56"/><W7/><G117/><T78/><D108/><U42/><E42/><V30/><F106/><W34/><G38/><T59/><D68/><U6/><E6/><V5/><F109/><W0/><G104/><T73/><D1/><U71/><E71/><V45/><F112/><W83/><G113/><T10/><D130/><U35/><E35/><V128/><F30/><W19/><G7/><T57/><D127/><N who="3" m="48713" /><G0/><T72/><D78/><U2/><E2/><V18/><F5/><W16/><G91/><T66/><D20/><U62/><E94/><V135/><F126/><W4/><G4/><T21/><D21/><U105/><E24/><N who="3" m="9290" /><G34/><T31/><D31/><U55/><E17/><V23/><F67/><W64/><G64/><T37/><D37/><U115/><E115/><V79/><F79/><W76/><G90/><T65/><D66/><U61/><E61/><V33/><F33/><W133/><G133/><T98/><D63/><U36/><E36/><N who="2" m="21735" /><F118/><W22/><G22/><T82/><D116/><U70/><E70/><V40/><AGARI ba="1,2" hai="13,18,23,40,46,48,128,131,132,134,135" m="21735" machi="40" ten="40,1500,0" yaku="20,1" doraHai="114" who="2" fromWho="2" sc="221,-5,109,-5,272,38,378,-8" owari="216,-18.4,104,-39.6,310,11.0,370,47.0" /></mjloggm>