<mjloggm ver="2.3"><GO type="169" lobby="0"/><UN n0="%E3%81%AA%E3%81%BE%E3%81%8B%E3%82%84%E3%81%95%E3%81%AA%E3%81%9F" n1="%E3%81%97%E3%81%91%E3%82%82%E3%81%8F%E3%81%95%E3%82%93" n2="%41%6F%69%32%31" n3="%E3%83%91%E3%83%91%E3%83%91%E3%83%91" dan="16,16,16,17" rate="2166.30,2006.08,2046.67,2204.32" sx="M,M,M,M"/><TAIKYOKU oya="0"/><INIT seed="0,0,0,2,4,112" ten="250,250,250,250" oya="0" hai0="49,20,24,134,15,106,3,127,124,120,76,67,59" hai1="60,38,6,95,122,53,84,126,68,22,88,116,52" hai2="73,35,94,125,44,99,32,71,92,86,78,48,132" hai3="77,2,46,135,79,128,81,28,130,7,69,17,0"/><T102/><D120/><U23/><E122/><V108/><F71/><W9/><G135/><T56/><D3/><U29/><E126/><V47/><F73/><W83/><G69/><T98/><D134/><U101/><E38/><V114/><F114/><W89/><G28/><T129/><D129/><U107/><E116/><V33/><F125/><W123/><G123/><T10/><D76/><U87/><E6/><V18/><F92/><W27/><G2/><T12/><D12/><U42/><E42/><V58/><F58/><W113/><G113/><T111/><D111/><U13/><E107/><V93/><F93/><W65/><G65/><T31/><D59/><U80/><E29/><V103/><F108/><W82/><G89/><T51/><D51/><U40/><E40/><V97/><F97/><W37/><G46/><T36/><D36/><U57/><E68/><V55/><F44/><W50/><G50/><T119/><D119/><U14/><E101/><V85/><F78/><W66/><G66/><T34/><D34/><U104/><E104/><V5/><F5/><W72/><G37/><T118/><D118/><U21/><REACH who="1" step="1"/><E53/><REACH who="1" ten="250,240,250,250" step="2"/><V8/><F132/><W100/><G100/><T96/><D67/><U109/><E109/><V30/><F30/><W90/><G72/><T54/><REACH who="0" step="1"/><D96/><REACH who="0" ten="240,240,250,250" step="2"/><U62/><E62/><V117/><F117/><W25/><G130/><T70/><D70/><U61/><E61/><V75/><F75/><W43/><G128/><T74/><D74/><U1/><E1/><V4/><F4/><AGARI ba="0,2" hai="4,10,15,20,24,31,49,54,56,98,102,106,124,127" machi="4" ten="40,2000,0" yaku="1,1,53,0" doraHai="112" doraHaiUra="64" who="0" fromWho="2" sc="240,40,240,0,250,-20,250,0" /><INIT seed="0,1,0,3,1,13" ten="280,240,230,250" oya="0" hai0="91,105,119,26,32,61,65,120,63,40,37,24,28" hai1="42,59,89,23,76,78,121,83,88,30,22,27,75" hai2="100,126,93,85,48,133,50,81,77,0,86,118,54" hai3="128,49,34,36,51,67,106,87,12,18,64,74,2"/><T47/><D119/><U134/><E134/><V57/><F0/><W9/><G128/><T15/><D120/><U116/><E116/><V29/><F133/><W129/><G129/><T14/><D105/><U115/><E121/><V101/><F118/><W66/><G74/><T11/><D26/><U44/><E115/><V56/><F126/><W92/><G106/><T62/><D15/><U135/><E135/><V125/><F125/><W94/><G34/><T95/><D65/><U69/><E69/><V6/><F6/><W38/><G2/><T117/><D117/><U5/><E5/><V10/><F10/><W1/><G1/><T109/><D109/><U102/><E102/><V123/><F29/><W79/><G36/><T113/><D113/><U132/><E132/><V39/><F39/><W110/><G38/><T68/><D68/><U25/><E59/><V98/><F123/><W52/><G51/><T112/><D112/><U55/><E55/><N who="2" m="31847" /><F85/><W127/><G110/><T73/><D73/><U58/><E58/><V80/><F80/><N who="3" m="47519" /><G127/><T107/><D107/><U43/><E78/><V19/><F101/><W90/><G90/><T104/><D104/><U31/><REACH who="1" step="1"/><E43/><REACH who="1" ten="280,230,230,250" step="2"/><V111/><F111/><W21/><G9/><T124/><D124/><U108/><E108/><V45/><F57/><AGARI ba="1,1" hai="12,18,21,49,52,57,64,66,67,92,94" m="47519" machi="57" ten="30,3900,0" yaku="8,1,52,1,54,1" doraHai="13" who="3" fromWho="2" sc="280,0,230,0,230,-42,250,52" /><INIT seed="1,0,0,5,4,32" ten="280,230,188,302" oya="1" hai0="28,101,80,21,106,69,38,90,27,46,81,87,67" hai1="79,35,43,132,33,78,8,99,1,74,30,115,14" hai2="83,98,82,36,125,97,66,77,68,54,120,92,52" hai3="39,73,10,53,18,24,59,65,26,86,103,37,75"/><U6/><E115/><V128/><F36/><W84/><G65/><T60/><D106/><U129/><E129/><V105/><F120/><W64/><G64/><T109/><D109/><U133/><E43/><V91/><F128/><W17/><G10/><T135/><D135/><N who="1" m="51787" /><E99/><V31/><F125/><W49/><G103/><T4/><D101/><U3/><E74/><V63/><F31/><W118/><G49/><T45/><D38/><U56/><E56/><V25/><F25/><W40/><G59/><T19/><D4/><U100/><E100/><V102/><REACH who="2" step="1"/><F83/><REACH who="2" ten="280,230,178,302" step="2"/><W57/><G39/><T104/><D81/><U2/><E35/><V71/><F71/><W58/><G37/><T23/><D104/><U55/><E55/><V123/><F123/><W110/><G53/><T116/><REACH who="0" step="1"/><D116/><REACH who="0" ten="270,230,178,302" step="2"/><U108/><E108/><V94/><F94/><W113/><G110/><T22/><D22/><U16/><E6/><V121/><F121/><W127/><G118/><T20/><D20/><U50/><E50/><V62/><F62/><W12/><G127/><T124/><D124/><U96/><E96/><V126/><F126/><W11/><G113/><T111/><D111/><U34/><E33/><V130/><F130/><W5/><G5/><T76/><D76/><U51/><E51/><V7/><F7/><W47/><G40/><T131/><D131/><U41/><E41/><V107/><F107/><W93/><G93/><T44/><D44/><U114/><E114/><V42/><F42/><W122/><G47/><T117/><D117/><U9/><E8/><V119/><F119/><W70/><G11/><RYUUKYOKU ba="0,2" sc="270,10,230,10,178,10,302,-30" hai0="19,21,23,27,28,45,46,60,67,69,80,87,90" hai1="1,2,3,9,14,16,30,34,78,79" hai2="52,54,63,66,68,77,82,91,92,97,98,102,105" /><INIT seed="1,1,2,2,0,47" ten="280,240,188,272" oya="1" hai0="53,38,36,86,26,105,78,118,56,106,66,84,92" hai1="85,69,119,28,19,17,109,122,113,21,133,30,42" hai2="123,134,126,12,71,110,112,1,24,116,91,96,7" hai3="125,45,75,16,129,114,87,43,11,124,104,48,64"/><U40/><E113/><V15/><F71/><W63/><G75/><T107/><D118/><U6/><E119/><V49/><F116/><W131/><G104/><T70/><D70/><U97/><E122/><V115/><F123/><W37/><G87/><T23/><D66/><U62/><E6/><V10/><F134/><W55/><G114/><T67/><D67/><U51/><E133/><V39/><F39/><W135/><G135/><T59/><D59/><U77/><E97/><V2/><F91/><W127/><G16/><N who="1" m="6218" /><E69/><V117/><F96/><W130/><G11/><T9/><D9/><U0/><E0/><V29/><F117/><W13/><G13/><N who="2" m="5193" /><F49/><W79/><G79/><T80/><D38/><U82/><E109/><V25/><F110/><W73/><G73/><T72/><D36/><U100/><E100/><V76/><F76/><W103/><G103/><T88/><D72/><U44/><E62/><V3/><F25/><W98/><G98/><T41/><D106/><U74/><E74/><V31/><F31/><N who="1" m="11817" /><E21/><N who="2" m="15503" /><F126/><W32/><G32/><T18/><REACH who="0" step="1"/><D41/><AGARI ba="1,2" hai="40,41,42,44,51,77,82,85" m="11817,6218" machi="41" ten="30,5800,0" yaku="8,1,52,1,54,1" doraHai="47" who="1" fromWho="0" sc="280,-61,240,81,188,0,272,0" /><INIT seed="1,2,0,5,2,46" ten="219,321,188,272" oya="1" hai0="114,3,26,129,102,108,121,17,134,100,21,37,124" hai1="87,64,73,45,111,104,98,135,89,41,24,58,52" hai2="76,71,94,131,11,59,95,118,13,36,125,47,105" hai3="27,6,101,38,65,128,8,133,70,75,69,115,88"/><U103/><E73/><V120/><F105/><W93/><G115/><T23/><D114/><U119/><E119/><V106/><F106/><W14/><G128/><T55/><D129/><U97/><E135/><V48/><F71/><W99/><G133/><T5/><D134/><U92/><E111/><V56/><F36/><W54/><G38/><T117/><D117/><U116/><E116/><V81/><F120/><W68/><G75/><T31/><D37/><U82/><E64/><V53/><F125/><W83/><G27/><T112/><D112/><U61/><E24/><V66/><F131/><W78/><G78/><T0/><D124/><U123/><E123/><V80/><F59/><W10/><G10/><T29/><D121/><U90/><REACH who="1" step="1"/><E45/><REACH who="1" ten="219,311,188,272" step="2"/><V2/><F118/><W67/><G65/><T126/><D126/><U49/><E49/><N who="2" m="30767" /><F66/><W35/><G67/><T77/><D108/><U22/><E22/><V127/><F127/><W34/><G35/><T20/><D23/><U50/><E50/><V39/><F39/><W40/><G34/><T107/><D21/><U86/><E86/><N who="2" m="48391" /><F81/><W25/><G25/><T4/><D26/><U122/><E122/><V79/><F79/><W60/><G83/><T130/><D77/><U85/><E85/><V51/><F2/><W62/><G70/><T42/><D20/><U96/><E96/><V9/><F9/><W43/><G69/><T63/><D130/><U110/><E110/><V44/><F44/><W1/><G1/><T74/><D0/><U7/><E7/><N who="2" m="3327" /><F48/><W33/><G68/><T30/><D3/><U113/><E113/><RYUUKYOKU ba="2,1" sc="219,-15,311,15,188,15,272,-15" hai1="41,52,58,61,82,87,89,90,92,97,98,103,104" hai2="47,51,94,95" /><INIT seed="1,3,1,2,5,29" ten="204,326,203,257" oya="1" hai0="120,134,107,31,19,131,40,78,88,67,36,17,80" hai1="60,7,1,24,73,86,28,122,102,106,128,57,75" hai2="22,109,6,10,103,121,81,130,112,47,20,43,70" hai3="116,111,127,69,77,41,21,114,63,71,118,2,68"/><U89/><E122/><V55/><F70/><W32/><G32/><T13/><D107/><U93/><E128/><V119/><F119/><N who="3" m="45611" /><G114/><T66/><D131/><U95/><E106/><V38/><F121/><W74/><G111/><T104/><D104/><U4/><E4/><V124/><F109/><W62/><G127/><T46/><D134/><U101/><E7/><V45/><F124/><W83/><G2/><T87/><D120/><U34/><E1/><V48/><F103/><W56/><G41/><T129/><D129/><U3/><E3/><V105/><F105/><W97/><G97/><T59/><D31/><U91/><E101/><V18/><F112/><W126/><G126/><T94/><D59/><U50/><E50/><V98/><F98/><W85/><G21/><T125/><D19/><U113/><E102/><V99/><F99/><W12/><G12/><T44/><D44/><U100/><E100/><V39/><F39/><W42/><G42/><T110/><D110/><U8/><E8/><V30/><F20/><W135/><G135/><T84/><REACH who="0" step="1"/><D125/><REACH who="0" ten="194,326,203,257" step="2"/><U64/><E113/><V76/><F130/><W11/><G56/><T25/><D25/><U14/><REACH who="1" step="1"/><E14/><REACH who="1" ten="194,316,203,257" step="2"/><V51/><F38/><W16/><G11/><AGARI ba="3,3" hai="11,13,17,36,40,46,66,67,78,80,84,87,88,94" machi="11" ten="30,7700,0" yaku="1,1,7,1,54,1,53,1" doraHai="29" doraHaiUra="37" who="0" fromWho="3" sc="194,116,316,0,203,0,257,-86" /><INIT seed="2,0,0,0,5,133" ten="310,316,203,171" oya="2" hai0="91,10,98,105,97,126,33,4,58,53,36,22,131" hai1="64,16,67,106,47,94,46,122,62,7,0,50,87" hai2="68,108,124,134,18,96,12,52,30,44,75,112,61" hai3="54,57,100,121,76,42,26,59,117,84,6,83,99"/><V17/><F75/><W13/><G121/><T79/><D131/><U81/><E106/><V56/><F134/><W19/><G117/><T132/><D33/><U103/><E122/><V73/><F73/><W130/><G130/><T127/><D132/><U74/><E74/><V111/><F112/><W110/><G110/><N who="2" m="42025" /><F30/><W38/><G6/><T15/><D36/><U40/><E7/><V24/><F24/><W45/><G26/><T3/><D79/><U90/><E0/><V113/><F113/><W123/><G54/><T86/><D22/><U77/><E103/><V32/><F32/><W78/><G78/><T107/><D3/><U1/><E1/><V128/><F128/><W2/><G2/><T60/><D107/><U115/><E115/><V28/><F28/><W85/><G85/><T120/><D120/><U31/><E31/><V118/><F68/><W14/><G123/><T95/><D105/><U20/><E47/><V104/><F44/><W89/><G76/><T37/><REACH who="0" step="1"/><D37/><REACH who="0" ten="300,316,203,171" step="2"/><U63/><E20/><V71/><F118/><W49/><G38/><T25/><D25/><U114/><E114/><V125/><F71/><W66/><G13/><T92/><D92/><U101/><E94/><V70/><F70/><W93/><REACH who="3" step="1"/><G66/><REACH who="3" ten="300,316,203,161" step="2"/><T51/><D51/><U72/><E50/><V116/><F116/><W43/><G43/><T27/><D27/><U69/><E67/><V135/><F135/><W102/><G102/><T82/><D82/><U23/><E64/><V48/><F48/><W119/><G119/><T29/><D29/><U55/><E81/><V39/><F39/><RYUUKYOKU ba="0,2" sc="300,15,316,-15,203,-15,161,15" hai0="4,10,15,53,58,60,86,91,95,97,98,126,127" hai3="14,19,42,45,49,57,59,83,84,89,93,99,100" /><INIT seed="3,1,2,3,4,44" ten="315,301,188,176" oya="3" hai0="17,81,15,85,63,3,13,4,123,84,99,23,103" hai1="92,83,96,31,2,8,26,36,47,30,28,32,45" hai2="116,106,50,46,16,78,111,86,12,39,75,124,126" hai3="43,70,121,11,74,56,122,1,41,73,127,82,79"/><W71/><G127/><N who="2" m="48681" /><F106/><W7/><G74/><T38/><D123/><U98/><E83/><N who="2" m="45535" /><F111/><W42/><REACH who="3" step="1"/><G56/><REACH who="3" ten="315,301,188,166" step="2"/><T100/><D100/><U95/><E47/><V118/><F39/><W61/><G61/><T93/><D38/><U90/><E45/><V91/><F91/><W19/><G19/><T101/><D101/><U40/><E36/><V69/><F69/><AGARI ba="1,3" hai="1,7,11,41,42,43,69,70,71,73,79,82,121,122" machi="69" ten="40,2000,0" yaku="1,1,53,0" doraHai="44" doraHaiUra="24" who="3" fromWho="2" sc="315,0,301,0,188,-23,166,53" /><INIT seed="3,2,0,1,4,110" ten="315,301,165,219" oya="3" hai0="131,127,29,72,13,103,61,70,19,18,123,36,17" hai1="124,86,87,24,93,98,54,114,22,40,82,26,14" hai2="45,57,74,27,28,0,122,16,85,6,101,107,79" hai3="88,75,80,59,96,33,66,102,60,55,67,109,99"/><W71/><G109/><T10/><D123/><U32/><E124/><V132/><F122/><W3/><G3/><T31/><D72/><U48/><E114/><V106/><F132/><W37/><G33/><T63/><D36/><U30/><E40/><V25/><F74/><W50/><G67/><T43/><D43/><U95/><E14/><V44/><F0/><W49/><G37/><T134/><D134/><U77/><E87/><V112/><F6/><W129/><G129/><T7/><D131/><U38/><E38/><V34/><F57/><W125/><G125/><T92/><D127/><U76/><E76/><V56/><F56/><W1/><G1/><T91/><D103/><U113/><E113/><V118/><F118/><W105/><G75/><T117/><D117/><U78/><E78/><V83/><F112/><W39/><G39/><T121/><D70/><U42/><E42/><V120/><F120/><W130/><G130/><T81/><D81/><U90/><E95/><V69/><F69/><W64/><G64/><T4/><D4/><U21/><E26/><V65/><F65/><W68/><G68/><T128/><D128/><U133/><E133/><V115/><F115/><W97/><REACH who="3" step="1"/><G50/><REACH who="3" ten="315,301,165,209" step="2"/><T89/><D121/><U23/><E32/><V126/><F126/><W2/><G2/><T15/><D63/><U116/><E116/><V119/><F119/><W111/><G111/><T100/><D61/><U41/><E41/><V104/><F101/><W5/><G5/><T46/><D7/><U8/><E48/><V52/><F52/><W11/><G11/><T73/><D10/><RYUUKYOKU ba="2,1" sc="315,-15,301,-15,165,15,209,15" hai2="16,25,27,28,34,44,45,79,83,85,104,106,107" hai3="49,55,59,60,66,71,80,88,96,97,99,102,105" /><INIT seed="3,3,1,0,2,102" ten="300,286,180,224" oya="3" hai0="56,122,85,94,111,76,72,127,33,132,118,70,63" hai1="124,109,20,21,114,3,36,7,48,62,16,10,83" hai2="78,51,42,130,2,97,105,119,22,87,54,96,38" hai3="35,75,58,110,128,59,113,47,24,117,27,37,14"/><W88/><G113/><T45/><D118/><U29/><E114/><V86/><F2/><W17/><G117/><T1/><D122/><U31/><E36/><V61/><F119/><W15/><G128/><T67/><D33/><U34/><E62/><V133/><F133/><W74/><G110/><T104/><D1/><U11/><E48/><V9/><F9/><W0/><G0/><T49/><D132/><U69/><E83/><V126/><F38/><W68/><G68/><T46/><D127/><U57/><E57/><V30/><F42/><W5/><G5/><T13/><D111/><U6/><E69/><V108/><F126/><W53/><G35/><T52/><D72/><U129/><E124/><V55/><F108/><W116/><G116/><T90/><D76/><U71/><E71/><V44/><F105/><W115/><G115/><T8/><REACH who="0" step="1"/><D104/><REACH who="0" ten="290,286,180,224" step="2"/><U81/><E109/><V101/><F78/><W95/><G75/><T40/><D40/><U25/><E34/><V135/><F135/><W65/><G74/><T60/><D60/><U82/><E3/><V123/><F61/><W134/><G134/><T84/><D84/><U99/><E129/><V66/><F86/><W43/><G43/><T39/><D39/><U12/><E6/><AGARI ba="3,2" hai="6,8,13,45,46,49,52,56,63,67,70,85,90,94" machi="6" ten="30,7700,0" yaku="1,1,7,1,54,1,53,1" doraHai="102" doraHaiUra="80" who="0" fromWho="1" sc="290,106,286,-86,180,0,224,0" /><INIT seed="4,0,0,1,1,82" ten="396,200,180,224" oya="0" hai0="48,129,83,8,79,101,106,113,68,60,20,36,18" hai1="130,77,49,78,39,125,56,43,28,59,41,114,110" hai2="91,135,128,109,40,87,15,123,12,103,70,74,33" hai3="1,16,66,27,102,124,80,31,122,127,115,47,85"/><T7/><D113/><U26/><E110/><V117/><F109/><W108/><G108/><T86/><D129/><U96/><E114/><V73/><F70/><W44/><G115/><T111/><D36/><U21/><E130/><V131/><F33/><W116/><G116/><T63/><D111/><U32/><E125/><N who="3" m="48202" /><G1/><T10/><D68/><U38/><E96/><V30/><F30/><W45/><G66/><T9/><D7/><U76/><E32/><V2/><F2/><W81/><G81/><T55/><D101/><U64/><E64/><V57/><F123/><W24/><G102/><T112/><D106/><U84/><E84/><V126/><F126/><W89/><G31/><T34/><D34/><U99/><E99/><V95/><F103/><W69/><G69/><T75/><D75/><U121/><E121/><V88/><F117/><W4/><G4/><T94/><D94/><U22/><E49/><V65/><F65/><W119/><G119/><T52/><D112/><U120/><E120/><V29/><F29/><W100/><G100/><T61/><D48/><U50/><E50/><V37/><F95/><W105/><G105/><T132/><D132/><U97/><E97/><V5/><F5/><W14/><G122/><T62/><N who="0" m="15360" /><DORA hai="19" /><T71/><D71/><U0/><E0/><V17/><F128/><W46/><N who="3" m="11264" /><DORA hai="42" /><W118/><G118/><T25/><AGARI ba="0,0" hai="8,9,10,18,20,25,52,55,79,83,86" m="15360" machi="25" ten="50,12000,1" yaku="0,1,8,1,52,2,54,1" doraHai="82,19,42" who="0" fromWho="0" sc="396,120,200,-40,180,-40,224,-40" /><INIT seed="4,1,0,4,5,5" ten="516,160,140,184" oya="0" hai0="77,66,72,15,10,132,87,126,92,31,127,11,119" hai1="70,50,95,28,82,117,125,90,13,39,36,129,130" hai2="30,135,45,115,33,46,99,44,23,104,16,86,91" hai3="24,118,94,22,85,81,21,112,17,64,131,76,38"/><T43/><D119/><U47/><E117/><V124/><F124/><N who="0" m="47658" /><D132/><U53/><E125/><V79/><F115/><W37/><G118/><T34/><D66/><U98/><E70/><V68/><F68/><W49/><G112/><T19/><D43/><U57/><E28/><V74/><F33/><W14/><G131/><N who="1" m="50186" /><E13/><V12/><F30/><W93/><G64/><T100/><D72/><U111/><E111/><V96/><F135/><W35/><G35/><T121/><D121/><U122/><E122/><V6/><F104/><W113/><G113/><T58/><D58/><U40/><E82/><N who="2" m="49623" /><F79/><W2/><G2/><T0/><D77/><U116/><E116/><V25/><F74/><W42/><G38/><AGARI ba="1,0" hai="36,38,39,40,47,50,53,57,90,95,98" m="50186" machi="38" ten="30,1000,0" yaku="19,1" doraHai="5" who="1" fromWho="3" sc="516,0,160,13,140,0,184,-13" /><INIT seed="5,0,0,2,4,62" ten="516,173,140,171" oya="1" hai0="79,132,45,44,97,66,88,60,43,115,131,101,81" hai1="64,6,0,15,37,63,29,107,21,116,25,61,108" hai2="112,110,52,92,94,5,67,50,18,47,133,30,23" hai3="57,123,128,126,42,69,22,91,120,135,14,11,40"/><U26/><E116/><V10/><F110/><W28/><G69/><T106/><D131/><U35/><E37/><V104/><F104/><W93/><G128/><T41/><D132/><U118/><E118/><V58/><F133/><W98/><G135/><T124/><D124/><U78/><E108/><V53/><F30/><W12/><G126/><T51/><D115/><U83/><E107/><V76/><F76/><W49/><G123/><T121/><D121/><U38/><E38/><V3/><F112/><W59/><G120/><T95/><D106/><U16/><E64/><V82/><F82/><W122/><G122/><T117/><D101/><U113/><E113/><V27/><REACH who="2" step="1"/><F67/><REACH who="2" ten="516,173,130,171" step="2"/><W127/><G28/><T55/><D66/><U7/><E83/><V109/><F109/><W75/><G127/><T20/><D81/><U99/><E78/><V13/><F13/><W89/><G14/><T34/><D79/><U39/><E15/><V114/><F114/><W1/><G12/><T36/><D117/><U100/><E29/><V31/><F31/><W111/><G111/><T4/><D34/><U9/><E35/><V54/><F54/><W19/><G22/><T105/><D105/><U130/><E21/><V73/><F73/><W90/><G75/><T33/><D33/><U24/><E130/><V46/><F46/><N who="3" m="25799" /><G42/><T71/><D20/><U103/><E7/><V65/><F65/><W56/><G1/><T96/><D4/><U68/><E0/><V2/><F2/><W87/><G87/><N who="0" m="52639" /><D43/><U48/><E6/><V70/><F70/><W86/><G86/><T80/><D80/><RYUUKYOKU ba="0,1" sc="516,10,173,-30,130,10,171,10" hai0="36,41,44,45,51,55,60,71,96,97" hai2="3,5,10,18,23,27,47,50,52,53,58,92,94" hai3="11,19,56,57,59,89,90,91,93,98" /><INIT seed="6,1,1,0,0,48" ten="526,143,140,181" oya="2" hai0="65,108,0,134,95,38,40,79,25,42,67,6,119" hai1="121,46,84,91,58,73,123,43,75,80,133,107,22" hai2="51,114,18,4,109,44,21,120,135,117,39,28,53" hai3="128,74,82,104,11,115,55,131,8,7,110,129,127"/><V23/><F120/><N who="1" m="46153" /><E107/><V105/><F105/><W112/><G110/><T1/><D1/><U3/><E3/><V47/><F117/><W27/><G104/><T30/><D67/><U62/><E22/><V122/><F122/><W72/><G127/><T94/><D42/><U68/><E68/><V61/><F109/><W97/><G97/><T49/><D95/><U31/><E31/><V81/><F4/><W66/><G66/><T29/><D49/><N who="1" m="26847" /><E133/><V16/><F135/><W57/><G27/><T60/><D79/><U100/><E100/><V59/><F114/><N who="3" m="43563" /><G82/><T14/><D60/><U5/><E5/><V126/><F126/><W101/><G101/><T85/><D85/><U20/><E20/><N who="2" m="7755" /><F28/><W12/><G11/><T17/><D29/><U52/><AGARI ba="1,1" hai="52,58,62,73,75,80,84,91" m="26847,46153" machi="52" ten="30,4000,0" yaku="13,1,52,1,54,1" doraHai="48" who="1" fromWho="1" sc="526,-11,143,53,140,-21,181,-11" /><INIT seed="7,0,0,5,4,115" ten="515,196,119,170" oya="3" hai0="112,62,132,53,7,85,98,134,70,31,34,128,19" hai1="52,93,83,23,33,131,25,117,86,56,88,125,82" hai2="8,5,97,95,40,120,63,38,0,64,118,129,12" hai3="58,73,84,105,20,74,116,22,46,100,76,43,51"/><W65/><G116/><T44/><D7/><U99/><E117/><V81/><F120/><W26/><G105/><T66/><D112/><U37/><E37/><V80/><F129/><W79/><G100/><T30/><D128/><U110/><E110/><V106/><F106/><W90/><G74/><T1/><D1/><U17/><E131/><V39/><F39/><W3/><G3/><T67/><D85/><U71/><E71/><V41/><F118/><W111/><G20/><T104/><D19/><U94/><E33/><V61/><F0/><W14/><G14/><T2/><D67/><U45/><E45/><V16/><F5/><W130/><G73/><T124/><D124/><U59/><E59/><V122/><F122/><W75/><G75/><T50/><D2/><U4/><E4/><V121/><F121/><W123/><G111/><T18/><D18/><U54/><E54/><V10/><F10/><W9/><G9/><T133/><D34/><U48/><E125/><V27/><F27/><W135/><G26/><T36/><D36/><U114/><E114/><V68/><F61/><W13/><G13/><T89/><D104/><U21/><E23/><V127/><F127/><W60/><G60/><T103/><D103/><AGARI ba="0,0" hai="17,21,25,48,52,56,82,83,86,88,93,94,99,103" machi="103" ten="30,7700,0" yaku="7,1,8,1,54,2" doraHai="115" who="1" fromWho="0" sc="515,-77,196,77,119,0,170,0" owari="438,53.8,273,7.3,119,-38.1,170,-23.0" /></mjloggm>