<mjloggm ver="2.3"><GO type="169" lobby="0"/><UN n0="%E3%81%8B%E3%82%81%E3%81%98%E3%82%8D%E3%81%86" n1="%4C%C3%97%57%C3%97%4C" n2="%46%75%77%61" n3="%E6%9D%BE%E5%8E%9F%E4%B8%8D%E7%8B%97" dan="16,16,17,16" rate="2086.32,2146.83,2171.64,2087.32" sx="M,M,M,M"/><TAIKYOKU oya="0"/><INIT seed="0,0,0,2,1,92" ten="250,250,250,250" oya="0" hai0="124,131,84,98,17,59,75,108,6,122,97,73,109" hai1="110,79,14,20,40,95,126,93,11,60,70,21,117" hai2="127,78,91,66,55,26,4,29,133,53,28,112,71" hai3="19,5,50,3,105,13,123,2,77,35,51,103,101"/><T61/><D122/><U46/><E117/><V116/><F112/><W22/><G123/><T102/><D124/><U94/><E110/><N who="0" m="42601" /><D131/><U57/><E70/><V104/><F127/><W125/><G125/><T100/><D6/><U64/><E79/><V68/><F133/><W0/><G35/><T9/><D17/><U134/><E134/><V69/><F116/><W33/><G33/><T36/><D9/><U121/><E121/><V18/><F4/><W107/><G5/><T47/><D84/><U72/><E72/><N who="0" m="27721" /><D102/><U129/><E129/><V135/><F135/><W115/><G115/><T7/><D7/><N who="1" m="3455" /><E126/><V99/><F78/><W76/><G103/><T119/><D100/><U30/><E30/><V114/><F114/><W80/><G101/><T8/><D8/><U87/><E87/><V31/><F104/><W1/><G105/><T15/><D15/><U24/><E24/><V41/><F26/><W23/><G13/><T74/><N who="0" m="27729" /><T34/><DORA hai="12" /><D34/><U128/><E128/><V120/><F120/><W62/><G0/><T25/><D25/><U82/><E82/><V54/><F18/><W49/><G19/><T38/><D119/><U52/><E40/><V96/><F41/><W86/><G107/><T58/><D38/><U42/><E42/><V118/><F118/><W43/><G1/><T111/><N who="0" m="42609" /><T39/><DORA hai="90" /><D39/><U27/><E27/><V44/><F91/><W48/><G2/><T85/><D85/><U113/><E113/><V37/><F37/><W130/><G3/><T56/><D61/><U65/><E65/><V10/><F66/><RYUUKYOKU ba="0,0" sc="250,15,250,15,250,-15,250,-15" hai0="36,47,56,58,59,97,98" hai1="20,21,46,52,57,60,64,93,94,95" /><INIT seed="0,1,0,5,4,3" ten="265,265,235,235" oya="0" hai0="135,79,102,115,36,38,59,42,60,127,68,11,57" hai1="83,129,122,43,96,99,84,17,93,37,125,33,74" hai2="22,126,53,100,25,71,95,6,47,26,44,2,61" hai3="92,90,7,8,103,18,128,73,5,51,91,101,75"/><T24/><D115/><U120/><E33/><V80/><F126/><W19/><G51/><T62/><D127/><U39/><E125/><V94/><F71/><W98/><G128/><T123/><D135/><U117/><E117/><V85/><F2/><W65/><G65/><T133/><D133/><U109/><E129/><V45/><F6/><W4/><G101/><T108/><D123/><U119/><E119/><V106/><F106/><W131/><G131/><T134/><D134/><U67/><E67/><V48/><F61/><W86/><G91/><T78/><D108/><U97/><E17/><N who="2" m="12495" /><F26/><W52/><G52/><T114/><D102/><U66/><E43/><V15/><F15/><W112/><G112/><T21/><D11/><U56/><E109/><V81/><F81/><W23/><G8/><T70/><D114/><U50/><E66/><V32/><F32/><W105/><REACH who="3" step="1"/><G18/><REACH who="3" ten="265,265,235,225" step="2"/><T116/><D116/><U132/><E132/><V46/><F100/><W124/><G124/><T76/><D42/><U12/><E122/><V118/><F118/><W31/><G31/><T54/><D38/><U9/><E120/><V49/><F49/><W88/><G88/><AGARI ba="1,1" hai="44,45,46,47,48,53,80,85,88,94,95" m="12495" machi="88" ten="30,2000,0" yaku="8,1,54,1" doraHai="3" who="2" fromWho="3" sc="265,0,265,0,235,33,225,-23" /><INIT seed="1,0,0,1,1,23" ten="265,265,268,202" oya="1" hai0="22,31,74,62,116,126,21,7,29,11,120,3,82" hai1="34,35,127,20,54,91,27,37,70,117,84,67,26" hai2="38,60,43,110,17,68,92,40,36,46,44,81,77" hai3="9,115,76,72,57,124,130,41,119,8,113,51,125"/><U132/><E117/><V88/><F110/><W71/><G71/><T15/><D116/><U48/><E37/><V128/><F128/><W69/><G69/><T24/><D126/><N who="3" m="48745" /><G119/><T66/><D120/><U80/><E127/><V135/><F135/><W129/><G76/><T5/><D74/><U56/><E132/><V89/><F17/><W78/><G78/><T118/><D82/><U25/><REACH who="1" step="1"/><E20/><REACH who="1" ten="265,255,268,202" step="2"/><V100/><F38/><W10/><G129/><T64/><D118/><U104/><E104/><V134/><F134/><W6/><G130/><T96/><D21/><U2/><E2/><V13/><F36/><W58/><G115/><T112/><D112/><U107/><E107/><V121/><F121/><W65/><G113/><T99/><D31/><U39/><E39/><V4/><F4/><W90/><G6/><T12/><D3/><U63/><AGARI ba="0,1" hai="25,26,27,34,35,48,54,56,63,67,70,80,84,91" machi="63" ten="30,12000,1" yaku="1,1,0,1,52,3,53,0" doraHai="23" doraHaiUra="75" who="1" fromWho="1" sc="265,-40,255,130,268,-40,202,-40" /><INIT seed="1,1,0,1,5,131" ten="225,385,228,162" oya="1" hai0="31,59,49,26,93,70,107,38,4,72,41,40,62" hai1="117,23,60,64,98,52,24,37,135,119,97,32,50" hai2="96,99,125,18,75,115,102,121,103,116,45,39,79" hai3="9,35,8,29,81,78,95,100,3,43,58,34,56"/><U73/><E73/><V12/><F121/><W30/><G43/><T33/><D72/><U110/><E37/><V57/><F125/><W130/><G130/><T128/><D128/><U2/><E2/><V67/><F116/><W134/><G134/><T122/><D122/><U126/><E135/><V85/><F75/><W77/><G95/><T6/><D107/><U84/><E126/><V51/><F39/><W16/><G3/><T5/><D70/><U90/><E32/><V80/><F115/><W44/><G100/><N who="2" m="38441" /><F57/><W65/><G44/><T46/><D93/><U104/><E110/><V54/><F67/><W22/><G22/><AGARI ba="1,0" hai="12,18,22,45,51,54,79,80,85,96,99" m="38441" machi="22" ten="30,1000,0" yaku="8,1" doraHai="131" who="2" fromWho="3" sc="225,0,385,0,228,13,162,-13" /><INIT seed="2,0,0,2,4,50" ten="225,385,241,149" oya="2" hai0="112,70,130,75,16,120,84,18,54,41,119,100,59" hai1="103,28,111,133,33,94,126,78,83,113,79,88,26" hai2="25,123,13,5,45,110,0,99,4,115,14,67,80" hai3="121,116,15,101,131,19,104,135,107,53,87,24,95"/><V86/><F115/><W65/><G116/><T21/><D112/><U1/><E113/><V44/><F123/><W114/><G65/><T57/><D120/><U72/><E111/><V35/><F110/><W108/><G108/><T63/><D75/><U97/><E133/><V47/><F0/><W48/><G121/><T102/><D119/><U10/><E126/><V73/><F73/><W109/><G109/><T20/><D130/><U90/><REACH who="1" step="1"/><E79/><REACH who="1" ten="225,375,241,149" step="2"/><V122/><F122/><W40/><G135/><T17/><D70/><U82/><E82/><V8/><F67/><W27/><G114/><T66/><D41/><U85/><E85/><V93/><F86/><W132/><G40/><T12/><D84/><U56/><E56/><V39/><F39/><W74/><G87/><T2/><D2/><U69/><E69/><V52/><F80/><W81/><G81/><T30/><D30/><U128/><E128/><V96/><F96/><W3/><G3/><T55/><D59/><U92/><E92/><V105/><F105/><W22/><G95/><T11/><D12/><U58/><E58/><V127/><F127/><W43/><G107/><T98/><D57/><U117/><E117/><V38/><F38/><W118/><G104/><T68/><D66/><U51/><E51/><V60/><F14/><W31/><G15/><T124/><D124/><U61/><E61/><V49/><F60/><W34/><G118/><T32/><D63/><U129/><E129/><V9/><F93/><W91/><G131/><T46/><D68/><U125/><E125/><V134/><F134/><W77/><G132/><RYUUKYOKU ba="0,1" sc="225,-10,375,30,241,-10,149,-10" hai1="1,10,26,28,33,72,78,83,88,90,94,97,103" /><INIT seed="3,1,1,2,2,63" ten="215,405,231,139" oya="3" hai0="87,24,86,134,100,76,18,38,6,22,95,81,101" hai1="58,9,112,54,85,49,29,51,46,106,19,52,103" hai2="67,91,21,27,110,35,59,74,41,72,12,44,55" hai3="124,25,82,48,1,73,109,5,50,71,53,57,83"/><W60/><G124/><T37/><D134/><U131/><E112/><V3/><F3/><W89/><G1/><T126/><D126/><U10/><E131/><V129/><F129/><W36/><G5/><T96/><D6/><U69/><E69/><V64/><F35/><W34/><G36/><T132/><D132/><U84/><E29/><V107/><F107/><W94/><G109/><T28/><D100/><U116/><E116/><V33/><F33/><W7/><G7/><T31/><D31/><U42/><E103/><V125/><F125/><W79/><G82/><T90/><REACH who="0" step="1"/><D28/><REACH who="0" ten="205,405,231,139" step="2"/><U68/><E19/><V133/><F133/><W78/><G34/><T102/><D102/><U118/><E118/><V104/><F110/><W70/><G25/><T111/><D111/><U43/><E106/><AGARI ba="1,2" hai="18,22,24,37,38,76,81,86,87,90,95,96,101,106" machi="106" ten="30,7700,0" yaku="1,1,7,1,53,2" doraHai="63" doraHaiUra="80" who="0" fromWho="1" sc="205,100,405,-80,231,0,139,0" /><INIT seed="4,0,0,1,2,97" ten="305,325,231,139" oya="0" hai0="59,67,104,88,103,95,26,109,94,131,40,106,84" hai1="68,60,12,81,42,18,52,101,25,54,82,102,20" hai2="21,34,2,7,132,10,22,50,120,46,80,74,76" hai3="62,64,122,9,1,15,113,71,51,135,98,128,124"/><T99/><D131/><U31/><E42/><V83/><F120/><W75/><G128/><T53/><D109/><U49/><E68/><V55/><F132/><W13/><G135/><T44/><D67/><U107/><E107/><V116/><F116/><W73/><G113/><T24/><D106/><U17/><E17/><V86/><REACH who="2" step="1"/><F34/><REACH who="2" ten="305,325,221,139" step="2"/><W119/><G122/><T30/><D104/><U45/><E81/><V93/><F93/><W63/><G119/><T41/><D30/><U3/><E82/><V37/><F37/><W48/><G124/><T90/><D90/><AGARI ba="0,1" hai="2,7,10,21,22,46,50,55,74,76,80,83,86,90" machi="90" ten="30,2000,0" yaku="1,1,7,1,53,0" doraHai="97" doraHaiUra="117" who="2" fromWho="0" sc="305,-20,325,0,221,30,139,0" /><INIT seed="5,0,0,1,4,65" ten="285,325,251,139" oya="1" hai0="61,21,22,10,57,8,12,48,42,54,17,0,91" hai1="39,75,113,5,89,62,26,82,56,47,135,121,104" hai2="67,133,24,83,28,19,50,107,86,68,40,128,122" hai3="25,92,38,34,129,99,131,49,51,1,79,33,95"/><U6/><E121/><V77/><F122/><W7/><G38/><T23/><D0/><U90/><E104/><V85/><F107/><W101/><G79/><T27/><D10/><U125/><E113/><V116/><F116/><W130/><G1/><T97/><D42/><U13/><E135/><V111/><F111/><W32/><G7/><T53/><D97/><U115/><E115/><V63/><F128/><W3/><G3/><T123/><D123/><U118/><E125/><V11/><F133/><W64/><G64/><T105/><D105/><U31/><E75/><V74/><F19/><W110/><G110/><T117/><D91/><U18/><E47/><V93/><F11/><W120/><G120/><T60/><D60/><U119/><E39/><V43/><F93/><W52/><G51/><T46/><REACH who="0" step="1"/><D117/><REACH who="0" ten="275,325,251,139" step="2"/><U45/><E90/><V94/><F43/><W58/><REACH who="3" step="1"/><G95/><REACH who="3" ten="275,325,251,129" step="2"/><T112/><D112/><U30/><E119/><V127/><F94/><W108/><G108/><T41/><D41/><U102/><E118/><V66/><F40/><W134/><G134/><T16/><AGARI ba="0,2" hai="8,12,16,17,21,22,23,27,46,48,53,54,57,61" machi="16" ten="20,8000,1" yaku="1,1,0,1,7,1,8,1,54,1,53,0" doraHai="65" doraHaiUra="72" who="0" fromWho="0" sc="275,100,325,-40,251,-20,129,-20" /><INIT seed="6,0,0,3,1,53" ten="375,285,231,109" oya="2" hai0="95,98,119,105,21,48,118,9,120,57,8,23,56" hai1="109,76,131,77,22,102,47,36,20,45,107,29,51" hai2="86,87,13,99,30,116,92,80,2,75,40,6,66" hai3="42,11,94,1,103,14,68,70,18,72,28,67,59"/><V39/><F116/><N who="0" m="44586" /><D105/><U88/><E109/><V123/><F123/><W0/><G72/><T101/><D120/><U106/><E102/><V82/><F75/><W32/><G42/><T15/><D9/><U12/><E51/><V41/><F2/><W55/><G32/><T83/><D83/><U74/><E29/><V3/><F3/><W25/><G68/><T91/><D101/><U78/><E78/><V19/><F6/><W50/><G70/><T43/><D43/><N who="2" m="16458" /><F66/><W73/><G73/><T100/><D100/><U31/><E74/><V132/><F132/><W65/><G0/><T81/><D81/><N who="2" m="31338" /><F30/><W124/><G1/><T27/><D48/><U85/><E31/><V121/><F121/><W79/><G79/><T130/><D27/><U52/><E77/><V60/><F60/><W112/><G124/><T33/><D33/><U97/><E76/><V64/><F64/><W24/><G112/><T114/><D114/><U44/><E107/><V26/><F26/><N who="3" m="10347" /><G28/><T110/><D110/><U5/><E106/><V128/><F128/><W135/><G135/><T4/><D130/><U129/><E131/><V127/><F127/><W54/><G54/><T89/><D89/><U71/><E129/><V90/><F39/><W62/><G62/><T46/><D4/><U58/><E5/><V84/><F84/><W10/><G10/><AGARI ba="0,0" hai="10,13,19,86,87,90,92,99" m="31338,16458" machi="10" ten="30,1500,0" yaku="8,1" doraHai="53" who="2" fromWho="3" sc="375,0,285,0,231,15,109,-15" /><INIT seed="6,1,0,4,0,102" ten="375,285,246,94" oya="2" hai0="107,6,23,47,122,135,32,42,78,66,113,82,120" hai1="10,14,121,117,109,87,21,43,92,51,15,118,75" hai2="104,101,22,124,123,69,73,68,46,95,94,13,125" hai3="41,126,34,111,36,83,81,62,88,106,129,86,45"/><V93/><F123/><W74/><G129/><T50/><D135/><U98/><E109/><V44/><F73/><W20/><G111/><T99/><D32/><U61/><E75/><V132/><F132/><W37/><G126/><N who="2" m="48745" /><F13/><W25/><G34/><T97/><D113/><U80/><E121/><V56/><F22/><W64/><G37/><T11/><D66/><U114/><E114/><V58/><F101/><W85/><G74/><T4/><D4/><N who="1" m="3399" /><E61/><V67/><F104/><W133/><G133/><T110/><D110/><U119/><E21/><V17/><F17/><W49/><G106/><T55/><D23/><U90/><E15/><V18/><F18/><W54/><G36/><T28/><D28/><U72/><E72/><V115/><F115/><W89/><G41/><T1/><D42/><U53/><E43/><V91/><F91/><W38/><G38/><T19/><D19/><U112/><E112/><V5/><F5/><W71/><REACH who="3" step="1"/><G20/><REACH who="3" ten="375,285,246,84" step="2"/><T52/><D107/><U103/><E119/><V60/><F69/><W70/><G70/><T134/><D134/><U26/><E118/><V65/><F68/><W48/><G48/><T12/><D122/><U31/><E117/><V63/><AGARI ba="1,1" hai="44,46,56,58,60,63,65,67,93,94,95" m="48745" machi="63" ten="40,2100,0" yaku="18,1" doraHai="102" who="2" fromWho="2" sc="375,-8,285,-8,246,34,84,-8" /><INIT seed="6,2,0,0,5,128" ten="367,277,280,76" oya="2" hai0="87,15,39,0,43,3,126,21,119,112,83,108,69" hai1="96,122,9,132,109,101,24,12,129,11,28,22,116" hai2="61,63,48,111,82,81,79,7,34,65,1,67,42" hai3="47,88,8,52,97,62,124,59,50,75,120,84,123"/><V58/><F34/><W85/><G124/><T44/><D108/><U31/><E109/><V51/><F111/><W105/><G75/><T117/><D69/><U95/><E116/><N who="0" m="44617" /><D126/><U45/><E122/><V64/><F1/><W6/><G85/><T134/><D112/><U110/><E129/><V73/><F7/><W17/><G105/><T104/><D104/><U98/><E110/><V71/><F82/><W135/><G97/><T25/><D15/><U115/><E115/><V55/><REACH who="2" step="1"/><F42/><REACH who="2" ten="367,277,270,76" step="2"/><W41/><G135/><T92/><D134/><U114/><E132/><V118/><F118/><W14/><REACH who="3" step="1"/><G6/><REACH who="3" ten="367,277,270,66" step="2"/><T23/><D0/><U5/><E5/><V38/><F38/><W74/><G74/><T94/><D3/><U70/><E114/><V80/><F80/><AGARI ba="2,2" hai="8,14,17,41,47,50,52,59,62,80,84,88,120,123" machi="80" ten="30,7700,0" yaku="1,1,7,1,54,2,53,0" doraHai="128" doraHaiUra="30" who="3" fromWho="2" sc="367,0,277,0,270,-83,66,103" /><INIT seed="7,0,0,2,5,53" ten="367,277,187,169" oya="3" hai0="109,73,75,120,131,29,19,104,101,81,125,113,48" hai1="39,80,55,10,108,56,33,25,32,98,128,135,100" hai2="78,105,61,43,99,129,28,97,63,88,26,37,118" hai3="7,22,1,21,77,69,123,90,49,44,107,15,74"/><W112/><G123/><T58/><D109/><U94/><E108/><V9/><F118/><W87/><G107/><T40/><D120/><U50/><E135/><V79/><F129/><W17/><G69/><T114/><D29/><U119/><E39/><V6/><F105/><W116/><G116/><T96/><D131/><U45/><E128/><V117/><F117/><W95/><G112/><N who="0" m="43115" /><D125/><U127/><E127/><V110/><F110/><W82/><G1/><T67/><D19/><U27/><E80/><V122/><F122/><W11/><REACH who="3" step="1"/><G7/><REACH who="3" ten="367,277,187,159" step="2"/><T66/><D104/><U134/><E119/><V41/><F6/><W57/><G57/><T130/><D58/><U92/><E56/><V121/><F121/><W132/><G132/><T65/><D130/><U76/><E134/><V35/><F63/><W91/><G91/><T51/><D101/><U23/><E100/><V20/><F61/><W38/><G38/><T36/><D36/><U3/><E3/><V133/><F37/><W64/><G64/><T111/><D67/><U16/><E50/><V106/><F106/><W46/><G46/><T84/><D66/><U68/><E45/><V103/><F133/><W52/><AGARI ba="0,1" hai="11,15,17,21,22,44,49,52,74,77,82,87,90,95" machi="52" ten="20,12000,1" yaku="1,1,0,1,7,1,54,1,53,1" doraHai="53" doraHaiUra="72" who="3" fromWho="3" sc="367,-40,277,-40,187,-40,159,130" /><INIT seed="7,1,0,1,4,17" ten="327,237,147,289" oya="3" hai0="13,122,46,11,131,126,34,52,54,12,8,96,89" hai1="50,120,114,110,27,104,123,70,100,106,38,108,113" hai2="129,132,80,26,74,81,40,15,53,116,9,102,31" hai3="88,55,36,4,20,90,28,75,21,56,6,66,3"/><W101/><G75/><T7/><D122/><N who="1" m="46635" /><E50/><V127/><F116/><W83/><G36/><T10/><D34/><U85/><E27/><V72/><F72/><W78/><G101/><T135/><D126/><U94/><E70/><V44/><F74/><W58/><G3/><T62/><D131/><U134/><E38/><V64/><F127/><W33/><G33/><T84/><D135/><U59/><E59/><V112/><F112/><N who="1" m="43113" /><E134/><V19/><F132/><W48/><G78/><T118/><D118/><U65/><E65/><V133/><F133/><W105/><G105/><N who="1" m="40554" /><E100/><V97/><F129/><W111/><G111/><N who="1" m="42538" /><E85/><V42/><F64/><W35/><G35/><T76/><D46/><U87/><E87/><V23/><F53/><W24/><G21/><T49/><D62/><U45/><E45/><V32/><F32/><W103/><G103/><T86/><D11/><U69/><E69/><V0/><F0/><W95/><G83/><T37/><D37/><U57/><E57/><V128/><F128/><W2/><G2/><T125/><D49/><U99/><E94/><V119/><F119/><W67/><G67/><T71/><D86/><U14/><E99/><V51/><REACH who="2" step="1"/><F40/><REACH who="2" ten="327,237,137,289" step="2"/><W107/><G66/><T61/><D71/><U60/><E60/><V25/><F25/><W68/><G24/><T39/><D61/><U79/><E14/><V92/><AGARI ba="1,1" hai="9,15,19,23,26,31,42,44,51,80,81,92,97,102" machi="92" ten="20,8000,1" yaku="1,1,0,1,7,1,8,1,52,1,53,0" doraHai="17" doraHaiUra="1" who="2" fromWho="2" sc="327,-21,237,-21,137,93,289,-41" owari="306,40.6,216,-28.4,230,-17.0,248,4.8" /></mjloggm>