<mjloggm ver="2.3"><GO type="169" lobby="0"/><UN n0="%79%75%62%65" n1="%52%59%4F%40%53%53" n2="%E7%AD%89%E3%80%85%E5%8A%9B%E5%8A%87%E5%A0%B4" n3="%E3%83%81%E3%83%A5%E3%83%BC%E3%83%88%E7%A6%8F%E7%94%B0%E4%BC%BC" dan="16,17,16,16" rate="2182.77,2219.19,2164.90,2100.49" sx="M,M,M,M"/><TAIKYOKU oya="0"/><INIT seed="0,0,0,0,2,46" ten="250,250,250,250" oya="0" hai0="88,8,116,92,59,41,103,25,83,134,18,123,5" hai1="75,124,125,80,86,127,107,22,27,70,85,121,71" hai2="128,78,97,104,102,72,19,126,45,105,47,101,40" hai3="111,11,91,16,117,39,0,23,54,65,33,7,2"/><T68/><D68/><U99/><E121/><V110/><F110/><W56/><G111/><T52/><D123/><U36/><E36/><V61/><F128/><W26/><G117/><T37/><D116/><U10/><E75/><V115/><F115/><W120/><G120/><T20/><D134/><U130/><E130/><V122/><F122/><W30/><G39/><T131/><D131/><U63/><E10/><V58/><F126/><W94/><G65/><T67/><D67/><N who="1" m="41343" /><E71/><V1/><F1/><W89/><G0/><T135/><D135/><U100/><E80/><V60/><F72/><W53/><G53/><T82/><D103/><U112/><E112/><V3/><F3/><W24/><REACH who="3" step="1"/><G94/><REACH who="3" ten="250,250,250,240" step="2"/><T55/><D55/><U57/><E127/><V132/><F105/><W48/><AGARI ba="0,1" hai="2,7,11,16,23,24,26,30,33,48,54,56,89,91" machi="48" ten="20,12000,2" yaku="1,1,2,1,0,1,7,1,52,1,54,1,53,0" doraHai="46" doraHaiUra="38" who="3" fromWho="3" sc="250,-60,250,-30,250,-30,240,130" /><INIT seed="1,0,0,3,1,69" ten="190,220,220,370" oya="1" hai0="120,49,62,73,27,132,104,20,114,133,11,103,55" hai1="90,113,36,63,94,79,76,121,33,29,83,97,45" hai2="42,106,124,58,86,21,16,122,30,68,116,72,46" hai3="85,127,23,5,65,52,78,70,89,131,34,40,43"/><U19/><E113/><V67/><F72/><W119/><G34/><T35/><D114/><U95/><E121/><V53/><F116/><W77/><G127/><T25/><D73/><U115/><E115/><V57/><F122/><W47/><G5/><T7/><D120/><U100/><E29/><V99/><F124/><W3/><G3/><T118/><D62/><U71/><E33/><V123/><F123/><W38/><G40/><T24/><D35/><U37/><E45/><V13/><F30/><W84/><G84/><T112/><D118/><U61/><E19/><V17/><F68/><W56/><G23/><T15/><D112/><U108/><E108/><V130/><F130/><W92/><G119/><T109/><D109/><U96/><E76/><V48/><F67/><W0/><G0/><T93/><D104/><U64/><REACH who="1" step="1"/><E61/><REACH who="1" ten="190,210,220,370" step="2"/><V117/><F117/><W50/><G131/><T28/><D132/><U44/><E44/><V10/><F46/><W88/><G89/><T91/><D133/><U66/><E66/><V110/><F17/><W80/><G80/><T6/><D6/><U82/><E82/><V39/><F16/><W128/><G128/><T75/><D91/><U107/><E107/><V18/><F106/><W129/><G129/><T14/><D28/><U135/><E135/><V9/><F18/><W59/><G70/><T1/><D7/><U4/><E4/><V101/><F110/><W134/><G134/><T81/><D81/><U60/><E60/><V2/><F2/><W41/><G65/><T98/><D1/><U26/><E26/><V31/><F31/><RYUUKYOKU ba="0,1" sc="190,-10,210,30,220,-10,370,-10" hai1="36,37,63,64,71,79,83,90,94,95,96,97,100" /><INIT seed="1,1,1,2,0,20" ten="180,240,210,360" oya="1" hai0="114,56,60,116,13,15,100,2,78,85,86,93,45" hai1="72,128,69,52,109,83,65,46,68,110,129,29,108" hai2="6,111,115,35,84,101,30,50,64,39,66,24,51" hai3="96,89,31,107,25,8,73,87,123,40,92,79,28"/><U81/><E29/><V80/><F39/><W124/><G124/><T23/><D114/><U53/><E72/><V95/><F111/><W90/><G123/><T43/><D2/><U32/><E32/><V121/><F121/><W118/><G118/><T38/><D116/><U127/><E127/><V126/><F126/><W99/><G40/><T11/><D78/><U26/><E26/><V54/><F115/><W134/><G134/><T12/><D23/><U97/><E97/><V0/><F51/><W125/><G125/><T48/><D38/><U61/><E69/><V34/><F34/><W19/><G73/><T98/><REACH who="0" step="1"/><D11/><REACH who="0" ten="170,240,210,360" step="2"/><U44/><E83/><V117/><F117/><W74/><G8/><T71/><D71/><U122/><E81/><V103/><F80/><W131/><G79/><T63/><D63/><U37/><E122/><V70/><F70/><W77/><G131/><N who="1" m="50250" /><E37/><V14/><F35/><W106/><G77/><T18/><D18/><U91/><E91/><V21/><F30/><W135/><G135/><T94/><D94/><U104/><E104/><V55/><F95/><W102/><G89/><T120/><D120/><U132/><E132/><V10/><F103/><W59/><G107/><T62/><D62/><U3/><E3/><V17/><F101/><W57/><G106/><T88/><D88/><U49/><E49/><V67/><F50/><W33/><G90/><T7/><D7/><U47/><AGARI ba="1,2" hai="44,46,47,52,53,61,65,68,108,109,110" m="50250" machi="47" ten="40,18000,2" yaku="14,1,10,1,19,1,34,2,54,1" doraHai="20" who="1" fromWho="1" sc="170,-61,240,203,210,-61,360,-61" /><INIT seed="1,2,0,4,2,17" ten="109,443,149,299" oya="1" hai0="93,78,135,66,0,43,15,13,18,55,125,97,100" hai1="114,36,122,132,57,41,62,110,91,47,53,101,29" hai2="2,117,72,56,77,83,48,92,106,89,21,52,81" hai3="58,71,37,73,67,119,130,3,6,23,8,107,34"/><U40/><E114/><V28/><F117/><W30/><G58/><T44/><D0/><U27/><E122/><V39/><F106/><W7/><G130/><T115/><D115/><U104/><E132/><V80/><F39/><W87/><G87/><T98/><D135/><U121/><E121/><V60/><F2/><W54/><G54/><T4/><D125/><U26/><E110/><V112/><F112/><W5/><G73/><T20/><D66/><U25/><E41/><V124/><F124/><W38/><G107/><T19/><D55/><U102/><E91/><V51/><F77/><W88/><G88/><T63/><D63/><U46/><E46/><V14/><F72/><W31/><G67/><T35/><D35/><U69/><E69/><V11/><F28/><W9/><G38/><T86/><D4/><N who="3" m="1641" /><G37/><T111/><D111/><U126/><E126/><V22/><F51/><W74/><G74/><T68/><D68/><U103/><REACH who="1" step="1"/><E104/><REACH who="1" ten="109,433,149,299" step="2"/><V105/><F105/><W42/><G42/><T82/><D93/><U75/><E75/><V10/><F92/><W108/><G71/><T50/><REACH who="0" step="1"/><D100/><REACH who="0" ten="99,433,149,299" step="2"/><U94/><E94/><V96/><F81/><W16/><G108/><T85/><D85/><U99/><E99/><V76/><F96/><W133/><G133/><T32/><D32/><AGARI ba="2,2" hai="25,26,27,29,32,36,40,47,53,57,62,101,102,103" machi="32" ten="40,2000,0" yaku="1,1,53,0" doraHai="17" doraHaiUra="123" who="1" fromWho="0" sc="99,-26,433,46,149,0,299,0" /><INIT seed="1,3,0,2,3,39" ten="73,479,149,299" oya="1" hai0="2,14,8,69,33,131,100,85,119,132,31,35,67" hai1="71,13,75,49,4,96,123,133,51,45,135,9,74" hai2="38,30,105,37,112,114,116,22,19,115,109,0,66" hai3="21,102,15,57,32,130,90,81,40,41,48,63,92"/><U122/><E71/><V98/><F116/><W125/><G32/><T42/><D119/><U36/><E51/><V18/><F0/><W97/><G125/><T52/><D2/><U55/><E36/><N who="2" m="13931" /><F109/><W60/><G48/><T121/><D31/><U73/><REACH who="1" step="1"/><E96/><REACH who="1" ten="73,469,149,299" step="2"/><V111/><F98/><W53/><G130/><T113/><D131/><U103/><E103/><V20/><F114/><W1/><G1/><T79/><D100/><U82/><E82/><V106/><F115/><W126/><G126/><T46/><D113/><U23/><E23/><V56/><F20/><W6/><G63/><T44/><D33/><U89/><E89/><V10/><F22/><W70/><G70/><T50/><D35/><U3/><E3/><V12/><F112/><W84/><G21/><T108/><D69/><U62/><E62/><V129/><F129/><W77/><G102/><T134/><D108/><U68/><E68/><V78/><F30/><W11/><AGARI ba="3,1" hai="6,11,15,40,41,53,57,60,77,81,84,90,92,97" machi="11" ten="30,7900,0" yaku="0,1,8,1,52,2" doraHai="39" who="3" fromWho="3" sc="73,-23,469,-42,149,-23,299,98" /><INIT seed="2,0,0,3,1,117" ten="50,427,126,397" oya="2" hai0="131,97,74,133,69,52,40,67,114,88,72,121,135" hai1="75,68,59,78,118,33,50,13,43,53,132,17,47" hai2="96,125,8,83,80,16,81,85,110,22,27,38,49" hai3="112,100,18,5,57,94,42,87,51,44,77,14,23"/><V104/><F38/><W6/><G112/><T109/><D114/><U12/><E118/><V46/><F125/><W36/><G36/><T127/><D40/><U82/><E33/><V120/><F110/><W21/><G21/><T3/><D109/><U30/><E30/><V107/><F120/><W128/><G128/><T2/><D127/><U54/><E132/><N who="0" m="50761" /><D131/><U89/><E68/><V123/><F123/><W4/><G57/><T124/><D124/><U9/><E89/><V130/><F130/><W111/><G111/><T90/><D67/><U71/><E71/><V15/><F96/><N who="3" m="59415" /><G87/><T99/><D69/><U35/><E35/><V34/><F34/><W98/><G98/><N who="0" m="37387" /><D121/><U134/><E134/><V58/><F58/><W92/><G92/><T73/><D52/><U0/><E0/><AGARI ba="0,0" hai="0,2,3,72,73,74,88,90" m="37387,50761" machi="0" ten="40,8000,1" yaku="28,2,20,1,54,1" doraHai="117" who="0" fromWho="1" sc="50,80,427,-80,126,0,397,0" /><INIT seed="3,0,0,5,3,20" ten="130,347,126,397" oya="3" hai0="56,113,38,24,31,114,96,82,101,73,10,22,67" hai1="108,122,118,51,105,92,29,25,110,59,106,104,57" hai2="63,87,5,77,130,35,55,98,0,49,75,15,40" hai3="4,102,23,42,80,131,97,12,124,83,21,61,117"/><W100/><G117/><T70/><D38/><U115/><E122/><V64/><F130/><W48/><G124/><T54/><D10/><U94/><E115/><V69/><F75/><W8/><G61/><T119/><D119/><U19/><E19/><V88/><F0/><W78/><G131/><T76/><D70/><U107/><E118/><V129/><F129/><W52/><G42/><T2/><D2/><U116/><E116/><V34/><F77/><W79/><G83/><T58/><D67/><U13/><E13/><V45/><F98/><W27/><G23/><T65/><D65/><U44/><E107/><V93/><REACH who="2" step="1"/><F40/><REACH who="2" ten="130,347,116,397" step="2"/><W1/><G1/><T111/><D111/><U99/><E99/><V7/><F7/><W84/><G79/><T126/><D126/><U30/><E110/><V39/><F39/><W60/><G97/><T17/><D113/><U103/><E108/><V135/><F135/><W89/><G78/><T62/><D114/><U9/><E103/><V133/><F133/><W68/><G68/><T37/><D37/><U132/><E132/><V86/><F86/><W18/><G60/><T41/><D41/><U33/><E106/><V127/><F127/><W123/><G123/><T90/><D90/><U28/><E105/><V71/><F71/><W43/><G43/><T125/><D125/><U11/><E104/><V95/><F95/><W121/><G121/><T14/><D101/><U112/><E94/><V109/><F109/><W72/><G72/><T85/><D96/><U36/><E36/><V120/><F120/><W50/><G102/><T74/><D74/><RYUUKYOKU ba="0,1" sc="130,-10,347,-10,116,30,397,-10" hai2="5,15,34,35,45,49,55,63,64,69,87,88,93" /><INIT seed="4,1,1,1,3,16" ten="120,337,146,387" oya="0" hai0="58,23,134,80,112,126,49,27,48,19,45,29,110" hai1="4,11,68,119,124,120,33,108,130,66,18,7,5" hai2="41,102,38,114,113,39,97,13,74,3,37,70,76" hai3="105,32,116,91,10,77,106,28,30,71,100,118,63"/><T122/><D122/><U115/><E66/><V2/><F70/><W128/><G10/><T55/><D134/><U82/><E82/><N who="2" m="45335" /><F41/><W12/><G91/><T96/><D126/><U1/><E68/><V75/><F75/><W103/><G77/><T56/><D112/><N who="2" m="43114" /><F13/><W61/><G12/><T72/><D110/><U121/><E108/><V47/><F47/><W95/><G95/><AGARI ba="1,1" hai="2,3,37,38,39,95,97,102" m="43114,45335" machi="95" ten="40,1300,0" yaku="15,1" doraHai="16" who="2" fromWho="3" sc="120,0,337,0,146,26,387,-16" /><INIT seed="5,0,0,5,4,35" ten="120,337,172,371" oya="1" hai0="53,19,126,34,103,27,61,63,105,1,67,62,20" hai1="131,23,86,127,75,80,88,64,52,15,109,22,32" hai2="124,18,128,29,91,25,95,8,0,16,12,122,36" hai3="112,99,3,115,134,13,48,120,110,31,85,57,77"/><U44/><E32/><V42/><F122/><W96/><G13/><T83/><D126/><U108/><E127/><V82/><F124/><W74/><G48/><T71/><D83/><U9/><E75/><V135/><F128/><W118/><G57/><T30/><D53/><U94/><E64/><V33/><F135/><W45/><G45/><T59/><D59/><U70/><E70/><V68/><F68/><W11/><G11/><T47/><D47/><U41/><E94/><V79/><F36/><W89/><G31/><T130/><D1/><U90/><E90/><V76/><F42/><W49/><G49/><T65/><D65/><U78/><E78/><V69/><F69/><W100/><G3/><T66/><D130/><U133/><E133/><V73/><F79/><W123/><G134/><T119/><D119/><U60/><E131/><V117/><F117/><W38/><G38/><T106/><D106/><U97/><E97/><V92/><F92/><W98/><G100/><T26/><REACH who="0" step="1"/><D67/><REACH who="0" ten="110,337,172,371" step="2"/><U121/><E52/><V125/><F125/><W50/><G118/><T104/><D104/><U84/><E44/><V132/><F132/><W2/><G2/><T10/><D10/><U51/><E9/><V39/><F0/><W111/><G120/><T129/><D129/><U40/><E121/><V6/><REACH who="2" step="1"/><F39/><REACH who="2" ten="110,337,162,371" step="2"/><W58/><G123/><T107/><D107/><U116/><E116/><V21/><F21/><W93/><G111/><T46/><D46/><N who="1" m="26055" /><E22/><V37/><F37/><W102/><G110/><T55/><D55/><U5/><E109/><V24/><F24/><W81/><G81/><RYUUKYOKU ba="0,2" sc="110,15,337,-15,162,15,371,-15" hai0="19,20,26,27,30,34,61,62,63,66,71,103,105" hai2="6,8,12,16,18,25,29,33,73,76,82,91,95" /><INIT seed="6,1,2,2,0,24" ten="125,322,177,356" oya="2" hai0="32,41,88,123,97,53,65,98,101,129,54,3,105" hai1="103,90,35,91,70,115,128,73,75,6,15,23,109" hai2="12,39,45,83,28,46,48,93,11,132,78,26,17" hai3="59,20,76,134,133,63,81,29,13,74,16,14,102"/><V4/><F132/><N who="3" m="50795" /><G102/><T118/><D123/><U55/><E109/><V18/><F39/><W36/><G36/><T82/><D129/><U57/><E35/><V114/><F114/><W80/><G80/><T125/><D125/><U1/><E70/><V64/><F64/><N who="3" m="39039" /><G29/><T42/><D3/><U130/><E103/><V47/><F93/><W61/><G61/><T116/><D32/><U30/><E1/><V60/><F60/><W44/><G44/><T52/><D65/><U49/><E115/><V22/><REACH who="2" step="1"/><F48/><REACH who="2" ten="125,322,167,356" step="2"/><W85/><G13/><T72/><D72/><AGARI ba="1,3" hai="4,11,12,17,18,22,26,28,45,46,47,72,78,83" machi="72" ten="40,7700,0" yaku="1,1,2,1,52,1,53,0" doraHai="24" doraHaiUra="95" who="2" fromWho="0" sc="125,-80,322,0,167,110,356,0" /><AGARI ba="1,0" hai="14,16,20,72,74,76,81,85" m="39039,50795" machi="72" ten="30,2000,0" yaku="20,1,54,1" doraHai="24" who="3" fromWho="0" sc="45,-20,322,0,277,0,356,20" /><INIT seed="6,2,0,0,5,18" ten="25,322,277,376" oya="2" hai0="79,109,4,120,59,93,72,45,114,107,50,103,49" hai1="89,134,53,67,131,9,62,16,24,65,108,0,101" hai2="130,41,30,17,112,58,84,113,28,77,78,26,39" hai3="123,135,52,51,11,14,99,23,22,19,70,43,110"/><V82/><F130/><W74/><G74/><T1/><D93/><U88/><E108/><V6/><F6/><W7/><G110/><T57/><D103/><U15/><E134/><V42/><F78/><W124/><G70/><T33/><D4/><U73/><E73/><V81/><F81/><W117/><G117/><T29/><D29/><N who="2" m="11370" /><F39/><W118/><G118/><T21/><D21/><N who="1" m="13351" /><E0/><V25/><F25/><W36/><G123/><T31/><D31/><U128/><E101/><V125/><F125/><W71/><G71/><T97/><D97/><U54/><E131/><V122/><F122/><W44/><G135/><T37/><D45/><U96/><E128/><V121/><F121/><W91/><G124/><T132/><D50/><U68/><E68/><V90/><F77/><W86/><G99/><T111/><D49/><U64/><E62/><V104/><F104/><W38/><G38/><T94/><D79/><U46/><E46/><V34/><F34/><W32/><G32/><T8/><D59/><U100/><E100/><V95/><F82/><N who="3" m="49623" /><G7/><T66/><D111/><U127/><E127/><V133/><F133/><W10/><G10/><T63/><D120/><U106/><E106/><V102/><F102/><W116/><G116/><T60/><D107/><U48/><E48/><V27/><F27/><W129/><G129/><T2/><D132/><U69/><E69/><V119/><F119/><W115/><G115/><N who="2" m="44105" /><F58/><W47/><AGARI ba="2,0" hai="11,14,19,22,23,36,43,44,47,51,52" m="49623" machi="47" ten="30,7900,0" yaku="25,1,52,2,54,1" doraHai="18" who="3" fromWho="3" sc="25,-22,322,-22,277,-41,376,85" /><INIT seed="7,0,0,3,5,105" ten="3,300,236,461" oya="3" hai0="135,38,88,92,34,95,11,35,12,15,62,67,3" hai1="33,98,81,129,100,63,44,114,18,69,97,26,87" hai2="17,36,68,90,25,113,19,128,107,86,99,109,96" hai3="7,42,131,53,112,31,78,106,73,32,24,70,28"/><W51/><G112/><T2/><D38/><U59/><E114/><V85/><F113/><W39/><G131/><T76/><D76/><U65/><E129/><V10/><F128/><W30/><G106/><T127/><D88/><U79/><E44/><V57/><F68/><W52/><G70/><T130/><D62/><U46/><E46/><V124/><F109/><W91/><G7/><T0/><D67/><U134/><E134/><V71/><F71/><W133/><G91/><T56/><D56/><U41/><E41/><V121/><F36/><W21/><G133/><T43/><D130/><U20/><E33/><V66/><F124/><W118/><G118/><T120/><D135/><U48/><E100/><V8/><F121/><W55/><G39/><T5/><D43/><U64/><E64/><V110/><F110/><W108/><G108/><T14/><D127/><U111/><E111/><V119/><F119/><W123/><G32/><T80/><D120/><U23/><E23/><V93/><F107/><W83/><G123/><T103/><D80/><U58/><E69/><V122/><F122/><W27/><G21/><T16/><D103/><U61/><E63/><V74/><F74/><W82/><G82/><T6/><D11/><U126/><E126/><V75/><F75/><W40/><G51/><T9/><D9/><U45/><E45/><V49/><F8/><W115/><G115/><T116/><D16/><N who="2" m="6218" /><F10/><W37/><G37/><T4/><D116/><U13/><E18/><V101/><F25/><N who="3" m="9803" /><G42/><T89/><D89/><U29/><E26/><V132/><F132/><W22/><G40/><RYUUKYOKU ba="0,0" sc="3,15,300,-15,236,-15,461,15" hai0="0,2,3,4,5,6,12,14,15,34,35,92,95" hai3="22,28,30,31,52,53,55,73,78,83" owari="18,-48.2,285,8.5,221,-17.9,476,57.6" /></mjloggm>