<mjloggm ver="2.3"><GO type="169" lobby="0"/><UN n0="%E7%BD%AA%E5%88%91%E6%B3%95%E5%AE%9A%E4%B8%BB%E7%BE%A9" n1="%E3%81%8B%E3%82%81%E3%81%98%E3%82%8D%E3%81%86" n2="%E5%B3%B6%E7%94%B0%E7%9C%9F%E5%A4%A2" n3="%68%61%72%6F%6F%6B%69%65" dan="17,16,16,17" rate="2194.97,2140.25,2160.84,2205.19" sx="M,M,F,M"/><TAIKYOKU oya="0"/><INIT seed="0,0,0,1,3,29" ten="250,250,250,250" oya="0" hai0="48,94,83,41,117,7,129,63,56,122,82,44,4" hai1="14,90,107,59,116,31,27,10,106,66,98,132,89" hai2="2,0,93,13,91,37,87,52,15,125,42,5,32" hai3="114,110,75,77,105,64,74,84,102,53,86,133,76"/><T78/><D117/><U96/><E116/><V22/><F125/><W50/><G64/><T134/><D129/><U99/><E132/><V67/><F67/><W92/><G50/><T35/><D35/><U81/><E107/><V61/><F32/><W11/><G53/><T79/><D134/><U126/><E106/><V119/><F119/><W8/><G133/><T62/><D122/><U121/><E126/><V101/><F101/><W131/><G8/><T115/><D115/><U54/><E66/><V21/><F37/><W60/><G11/><T123/><D123/><U20/><E81/><V57/><F42/><W68/><G60/><T25/><D25/><U95/><E90/><V80/><F80/><N who="0" m="30762" /><D94/><U72/><E72/><N who="3" m="27690" /><G68/><T43/><D43/><U124/><E124/><V28/><F28/><W34/><G34/><T26/><D26/><U71/><E71/><V6/><F2/><W3/><G3/><T16/><D16/><N who="1" m="8279" /><E121/><V23/><REACH who="2" step="1"/><F0/><REACH who="2" ten="250,250,240,250" step="2"/><W88/><G114/><T58/><D79/><N who="3" m="30281" /><G131/><T38/><D78/><U97/><E97/><V130/><F130/><W104/><G110/><T108/><D108/><U36/><E36/><V55/><F55/><W17/><G102/><T46/><D38/><U127/><E127/><V70/><F70/><W128/><G128/><T49/><D41/><U69/><E69/><V85/><F85/><N who="3" m="32875" /><G17/><T100/><D100/><U103/><E103/><V1/><F1/><W9/><G9/><T120/><D120/><U12/><E99/><AGARI ba="0,1" hai="88,92,99,104,105" m="32875,30281,27690" machi="99" ten="30,12000,2" yaku="35,5,54,1" doraHai="29" who="3" fromWho="1" sc="250,0,250,-120,240,0,250,130" /><INIT seed="1,0,0,5,2,97" ten="250,130,240,380" oya="1" hai0="50,10,111,32,90,83,69,102,13,95,34,62,103" hai1="4,120,124,65,17,33,14,79,22,20,99,106,61" hai2="9,56,74,25,110,118,82,42,58,40,98,127,63" hai3="49,2,21,60,125,71,85,59,132,7,121,26,6"/><U47/><E120/><V101/><F118/><W75/><G121/><T107/><D107/><U135/><E124/><V87/><F127/><W133/><G75/><T73/><D50/><U54/><E135/><N who="3" m="51786" /><G2/><T119/><D119/><U41/><E33/><V72/><F110/><W130/><G130/><T129/><D111/><U70/><E79/><V94/><F74/><W64/><G85/><T128/><D34/><U55/><E4/><V23/><F72/><W104/><G104/><T27/><D69/><U1/><E1/><V39/><F9/><W76/><G76/><N who="0" m="44431" /><D62/><U113/><E113/><V81/><F39/><W92/><G92/><T36/><D36/><U66/><E66/><V96/><F82/><W12/><G12/><T18/><D27/><U46/><E22/><V112/><F96/><W91/><G91/><T122/><D32/><U24/><E14/><V29/><F112/><W108/><G108/><T117/><D117/><U89/><E89/><N who="2" m="51439" /><F56/><W77/><G77/><T48/><D48/><U109/><E109/><V35/><F35/><W37/><G37/><T19/><D19/><U86/><E86/><V44/><F44/><W3/><G3/><T0/><D0/><U88/><E47/><V53/><AGARI ba="0,0" hai="23,25,29,40,42,53,58,63,94,98,101" m="51439" machi="53" ten="30,2000,0" yaku="8,1,52,1" doraHai="97" who="2" fromWho="2" sc="250,-5,130,-10,240,20,380,-5" /><INIT seed="2,0,0,2,0,127" ten="245,120,260,375" oya="2" hai0="114,85,17,36,6,69,48,119,66,75,31,79,70" hai1="14,38,108,97,56,118,45,105,52,94,27,113,125" hai2="110,7,89,11,72,87,54,91,103,78,46,74,25" hai3="129,33,132,123,23,63,44,116,71,57,82,102,88"/><V95/><F110/><W77/><G33/><T107/><D107/><U12/><E113/><V98/><F78/><W43/><G116/><T50/><D75/><U120/><E118/><V133/><F133/><W106/><G123/><T13/><D119/><U10/><E120/><V135/><F135/><W0/><G0/><T117/><D117/><U19/><E105/><V101/><F25/><W68/><G132/><T4/><D36/><U67/><E125/><V109/><F109/><W128/><G88/><T64/><D31/><U126/><E126/><V80/><F72/><W130/><G23/><T104/><D104/><U93/><E108/><V90/><F74/><N who="3" m="43319" /><G102/><T111/><D111/><U34/><E14/><N who="2" m="5503" /><F103/><W16/><G16/><T60/><D79/><U26/><E34/><V59/><F46/><W112/><G112/><T35/><D35/><U1/><E1/><V84/><F87/><W47/><G106/><T42/><D85/><U30/><E30/><V92/><F80/><W18/><G18/><T96/><D96/><U58/><E97/><V81/><F81/><W41/><G44/><T21/><D114/><U100/><E100/><V55/><F55/><N who="3" m="34239" /><G41/><T122/><D122/><U20/><E45/><V28/><F28/><W124/><G124/><T37/><D42/><U61/><E20/><V121/><F121/><W40/><G40/><T131/><D21/><U86/><E86/><V49/><AGARI ba="0,0" hai="49,54,59,84,89,90,91,92,95,98,101" m="5503" machi="49" ten="30,1500,0" yaku="8,1" doraHai="127" who="2" fromWho="2" sc="245,-5,120,-5,260,15,375,-5" /><INIT seed="2,1,0,5,1,122" ten="240,115,275,370" oya="2" hai0="80,94,121,35,116,68,92,87,51,66,105,58,103" hai1="36,129,72,106,40,107,46,15,104,114,71,76,60" hai2="101,10,124,45,85,90,131,69,91,20,89,65,25" hai3="50,128,120,54,19,127,86,78,9,16,79,130,70"/><V56/><F131/><N who="3" m="50219" /><G127/><T63/><D121/><U24/><E129/><V102/><F124/><W110/><G110/><T77/><D35/><U97/><E114/><V59/><F69/><W75/><G70/><T32/><D32/><U7/><E15/><V31/><F85/><W33/><G33/><T119/><D105/><U23/><E7/><V112/><F112/><W100/><G120/><T6/><D6/><U44/><E44/><V117/><F117/><N who="0" m="45130" /><D103/><N who="2" m="39434" /><F65/><W88/><G100/><T41/><D68/><U48/><E97/><V126/><F126/><W125/><G75/><T135/><D135/><U53/><E76/><N who="3" m="29226" /><G9/><T42/><D42/><U22/><E72/><V26/><F10/><W4/><G4/><T123/><D123/><U61/><E23/><N who="2" m="15807" /><F45/><AGARI ba="1,0" hai="41,45,51,58,63,66,77,80,87,92,94" m="45130" machi="45" ten="30,1000,0" yaku="12,1" doraHai="122" who="0" fromWho="2" sc="240,13,115,0,275,-13,370,0" /><INIT seed="3,0,0,2,1,131" ten="253,115,262,370" oya="3" hai0="83,66,118,116,61,29,75,53,40,93,112,121,108" hai1="50,49,71,63,3,23,133,102,16,15,79,122,10" hai2="20,89,39,127,38,119,17,54,117,110,69,120,28" hai3="76,72,43,18,111,51,103,129,125,64,78,130,85"/><W101/><G64/><T100/><D121/><U128/><E122/><V86/><F110/><W27/><G43/><T22/><D108/><U41/><E128/><N who="3" m="49258" /><G51/><T114/><D40/><U42/><E102/><N who="3" m="38922" /><G18/><T19/><D53/><U87/><E50/><V134/><F120/><W113/><G27/><T74/><D29/><U34/><E34/><V104/><F69/><W2/><G2/><T98/><D83/><U99/><E99/><V8/><F104/><W90/><G111/><T109/><D109/><U77/><E42/><V73/><F28/><W1/><G1/><T60/><D118/><U47/><E71/><V105/><F105/><W44/><G44/><T62/><D66/><U4/><E63/><V6/><F73/><W132/><G113/><N who="0" m="43627" /><D116/><U21/><E21/><V31/><F31/><W33/><G33/><T115/><N who="0" m="43635" /><T70/><DORA hai="68" /><D70/><U37/><E49/><V32/><F54/><W35/><G35/><T5/><D5/><U57/><E57/><V13/><F32/><W97/><G72/><T81/><D75/><U52/><E52/><V82/><F119/><W12/><G12/><N who="0" m="9575" /><D62/><U91/><E4/><V46/><F117/><W30/><G30/><T67/><D67/><U124/><E3/><V9/><F6/><W36/><G36/><T0/><D0/><U123/><E37/><V126/><F39/><W96/><G78/><AGARI ba="0,0" hai="60,61,74,78,81,93,98,100" m="9575,43635" machi="78" ten="40,1300,0" yaku="11,1" doraHai="131,68" who="0" fromWho="3" sc="253,13,115,0,262,0,370,-13" /><INIT seed="4,0,0,2,1,124" ten="266,115,262,357" oya="0" hai0="98,9,76,115,129,102,26,31,92,120,125,89,108" hai1="84,126,15,67,20,73,101,5,3,12,34,16,130" hai2="59,119,22,109,78,90,83,24,60,41,61,123,79" hai3="80,54,43,53,1,86,122,51,4,57,70,62,33"/><T134/><D120/><U103/><E73/><V36/><F123/><W68/><G33/><T13/><D125/><U14/><E126/><V45/><F119/><W93/><G122/><T105/><D115/><U18/><E67/><V112/><F109/><W127/><G127/><T32/><D108/><U113/><E113/><V47/><F112/><W35/><G35/><T107/><D134/><U46/><E46/><V71/><F71/><W97/><G43/><T81/><D102/><U131/><E84/><V30/><F47/><W85/><G85/><T50/><D50/><U42/><E42/><V117/><F117/><W28/><G28/><T38/><D38/><U110/><E110/><V52/><F90/><W99/><G99/><T72/><REACH who="0" step="1"/><D129/><REACH who="0" ten="256,115,262,357" step="2"/><N who="1" m="49163" /><E34/><V82/><F61/><W0/><G62/><T37/><D37/><U39/><E39/><V56/><F36/><W11/><G51/><T8/><D8/><N who="1" m="2111" /><E15/><V29/><F41/><W111/><G11/><AGARI ba="0,1" hai="11,12,14,16,18,20,101,103" m="2111,49163" machi="11" ten="30,8000,1" yaku="19,1,52,3,54,1" doraHai="124" who="1" fromWho="3" sc="256,0,115,90,262,0,357,-80" /><INIT seed="5,0,0,4,0,81" ten="256,205,262,277" oya="1" hai0="65,72,34,19,134,87,47,33,61,46,21,132,49" hai1="2,104,32,39,24,10,112,56,128,96,109,54,3" hai2="86,126,80,106,85,117,110,5,77,131,90,17,41" hai3="98,130,91,45,100,42,4,71,9,13,73,114,127"/><U55/><E39/><V50/><F117/><W99/><G114/><T14/><D72/><U115/><E128/><V83/><F110/><W88/><G127/><T94/><D94/><U111/><E96/><V107/><F126/><W0/><G130/><T43/><D47/><U93/><E104/><V122/><F131/><W31/><G71/><T29/><D29/><U53/><E56/><V78/><F122/><W103/><G73/><T113/><D113/><N who="1" m="43595" /><E93/><V11/><F17/><W97/><G0/><N who="1" m="42" /><E10/><V125/><F125/><W62/><G62/><T20/><D61/><U133/><E133/><N who="0" m="51305" /><D65/><U116/><E116/><V124/><F124/><W8/><G8/><N who="0" m="6599" /><D87/><U22/><E32/><AGARI ba="0,0" hai="20,21,32,33,34,43,46,49" m="6599,51305" machi="32" ten="30,1000,0" yaku="20,1" doraHai="81" who="0" fromWho="1" sc="256,10,205,-10,262,0,277,0" /><INIT seed="6,0,0,0,3,33" ten="266,195,262,277" oya="2" hai0="111,7,85,37,122,65,22,94,133,102,57,115,54" hai1="74,49,56,109,30,110,75,70,59,104,12,82,5" hai2="121,23,103,107,10,108,43,129,58,3,40,127,79" hai3="76,55,47,135,116,97,24,17,61,66,0,69,60"/><V2/><F121/><W8/><G116/><T134/><D111/><U67/><E104/><V92/><F108/><W44/><G135/><N who="0" m="51723" /><D37/><U83/><E30/><V95/><F79/><W120/><G120/><T125/><D122/><U106/><E106/><V91/><F107/><W53/><G76/><T114/><D65/><U72/><E12/><V31/><F127/><W25/><G97/><N who="0" m="59703" /><D7/><U93/><E93/><V9/><F129/><W21/><G25/><T100/><D100/><U63/><E5/><V50/><F103/><W14/><G0/><T123/><D123/><U20/><E20/><V132/><F132/><W42/><G61/><N who="0" m="36023" /><D22/><U124/><E124/><V89/><F23/><W87/><G87/><T130/><D125/><U1/><E109/><V46/><F58/><W27/><G27/><T78/><D130/><U4/><E110/><V131/><F131/><W38/><REACH who="3" step="1"/><G44/><REACH who="3" ten="266,195,262,267" step="2"/><T118/><D118/><U105/><E105/><V80/><F46/><W96/><G96/><T126/><D126/><U128/><E128/><V98/><F98/><W88/><G88/><T36/><D85/><U101/><E101/><V117/><F117/><W28/><AGARI ba="0,1" hai="8,14,17,21,24,28,38,42,47,53,55,60,66,69" machi="28" ten="20,5200,0" yaku="1,1,0,1,7,1,53,1" doraHai="33" doraHaiUra="68" who="3" fromWho="3" sc="266,-13,195,-13,262,-26,267,62" /><INIT seed="7,0,0,4,1,15" ten="253,182,236,329" oya="3" hai0="117,122,32,35,105,24,106,75,102,134,13,81,104" hai1="10,30,56,88,44,83,26,19,119,61,107,108,20" hai2="11,42,125,112,41,14,22,47,17,6,34,8,66" hai3="29,70,49,79,53,46,7,101,45,100,84,36,68"/><W1/><G29/><T57/><D117/><U109/><E119/><V55/><F34/><W5/><G1/><T99/><D122/><U96/><E107/><V115/><F125/><W95/><G68/><T63/><D13/><U28/><E108/><V58/><F66/><W89/><G70/><T124/><D124/><U78/><E109/><V86/><F86/><W82/><G45/><T48/><D48/><U50/><E10/><N who="2" m="3627" /><F6/><N who="3" m="2059" /><G36/><T73/><D134/><U77/><E30/><V37/><F37/><W133/><G133/><T120/><D120/><U54/><E28/><V38/><F38/><W80/><G80/><T135/><D135/><U23/><E23/><V91/><F91/><W0/><G0/><T12/><D81/><U126/><E126/><V92/><F92/><W62/><G62/><T39/><D39/><U116/><E116/><V60/><F47/><W27/><G27/><T127/><D24/><U94/><E83/><V128/><F128/><W33/><G33/><N who="0" m="12875" /><D12/><U131/><E131/><V9/><F9/><W31/><G31/><T59/><D127/><U43/><AGARI ba="0,0" hai="19,20,26,43,44,50,54,56,61,77,78,88,94,96" machi="43" ten="20,12000,2" yaku="0,1,7,1,25,2,8,1,52,1,54,1" doraHai="15" who="1" fromWho="1" sc="253,-30,182,120,236,-30,329,-60" owari="223,-17.7,302,40.2,206,-29.4,269,6.9" /></mjloggm>