<mjloggm ver="2.3"><GO type="169" lobby="0"/><UN n0="%70%6F%70%E2%98%86%63%6F%72%6E" n1="%E3%82%8F%E3%81%8B%E3%82%81%75%64%6E" n2="%E7%AD%89%E3%80%85%E5%8A%9B%E5%8A%87%E5%A0%B4" n3="%74%61%69%77%61%6E%63%6F" dan="17,16,16,17" rate="2155.75,2129.45,2121.27,2179.34" sx="M,M,M,M"/><TAIKYOKU oya="0"/><INIT seed="0,0,0,1,3,81" ten="250,250,250,250" oya="0" hai0="23,67,76,62,14,51,46,125,99,93,11,32,57" hai1="124,39,1,120,126,30,28,80,88,101,115,22,100" hai2="15,27,92,43,121,7,10,8,54,73,63,2,24" hai3="20,55,25,33,74,60,42,123,114,119,68,90,110"/><T45/><D125/><N who="1" m="48235" /><E120/><V132/><F121/><W0/><G123/><T105/><D32/><U9/><E39/><V133/><F73/><W106/><G119/><T37/><D105/><U108/><E108/><V26/><F43/><W91/><G110/><T47/><D76/><U134/><E134/><V113/><F113/><W97/><G74/><T82/><D82/><U17/><E9/><V38/><F38/><W69/><G33/><T5/><D23/><U58/><E58/><V109/><F109/><W12/><G0/><T103/><REACH who="0" step="1"/><D37/><REACH who="0" ten="240,250,250,250" step="2"/><U98/><E22/><V85/><F133/><W129/><G114/><T59/><D59/><U41/><E80/><V70/><F132/><W112/><G112/><T49/><AGARI ba="0,1" hai="5,11,14,45,46,47,49,51,57,62,67,93,99,103" machi="49" ten="30,11700,0" yaku="1,1,0,1,8,1,53,1" doraHai="81" doraHaiUra="53" who="0" fromWho="0" sc="240,127,250,-39,250,-39,250,-39" /><INIT seed="0,1,0,5,0,111" ten="367,211,211,211" oya="0" hai0="56,13,14,104,62,90,95,100,133,77,114,131,18" hai1="45,88,71,6,97,30,42,122,79,16,118,4,22" hai2="52,121,23,29,31,9,33,117,73,107,103,27,123" hai3="7,35,106,124,0,67,113,48,24,75,74,21,61"/><T134/><D131/><U53/><E118/><V109/><F73/><W72/><G106/><T54/><D77/><U32/><E122/><V125/><F109/><W80/><G124/><T91/><D13/><U44/><E71/><V102/><F125/><W120/><G35/><T87/><D114/><U5/><E79/><V135/><F135/><W127/><G127/><T60/><D104/><U55/><E30/><V38/><F38/><W49/><G120/><T41/><D41/><U3/><E32/><V126/><F126/><W39/><G39/><T50/><D100/><U11/><E11/><V130/><F130/><W132/><G132/><N who="0" m="50795" /><D90/><U25/><E3/><V58/><F117/><W15/><G0/><T19/><D19/><U96/><E96/><V28/><F33/><W69/><G80/><T108/><D108/><U93/><REACH who="1" step="1"/><E45/><REACH who="1" ten="367,201,211,211" step="2"/><V59/><F123/><W2/><G2/><T89/><D89/><U65/><E65/><V26/><F121/><W68/><G68/><T47/><D47/><U46/><E46/><V94/><F29/><W66/><G66/><T8/><AGARI ba="1,1" hai="8,14,18,50,54,56,60,62,87,91,95" m="50795" machi="8" ten="30,1500,0" yaku="20,1" doraHai="111" who="0" fromWho="0" sc="367,28,201,-6,211,-6,211,-6" /><INIT seed="0,2,0,0,0,61" ten="395,195,205,205" oya="0" hai0="119,34,33,91,59,121,107,12,6,42,131,66,39" hai1="21,95,44,7,126,43,62,84,2,113,81,0,77" hai2="3,117,109,133,97,18,115,57,88,28,86,112,25" hai3="54,60,41,87,22,93,92,1,17,82,50,103,24"/><T9/><D119/><U72/><E126/><V68/><F68/><W53/><G1/><T75/><D121/><U80/><E113/><V67/><F3/><W69/><G69/><T111/><D107/><U123/><E123/><V94/><F109/><W47/><G103/><T83/><D131/><U129/><E129/><V135/><F18/><W13/><G60/><T105/><D105/><U49/><E95/><N who="3" m="36426" /><G24/><T70/><D70/><U128/><E128/><V27/><F27/><W122/><G122/><T96/><D42/><U52/><E7/><V71/><F71/><W45/><G45/><T55/><D39/><U8/><E8/><V110/><F97/><W64/><G64/><T30/><D66/><U101/><E21/><N who="2" m="15407" /><F110/><W124/><G124/><T40/><D34/><U63/><E101/><V32/><F32/><W114/><G114/><T5/><D5/><U56/><REACH who="1" step="1"/><E63/><REACH who="1" ten="395,185,205,205" step="2"/><N who="2" m="38383" /><F117/><W38/><G38/><T48/><D111/><U35/><E35/><V102/><F102/><W74/><G74/><T89/><D33/><U90/><AGARI ba="2,1" hai="0,2,43,44,49,52,56,62,72,77,80,81,84,90" machi="90" ten="20,5200,0" yaku="1,1,0,1,7,1,54,1,53,0" doraHai="61" doraHaiUra="130" who="1" fromWho="1" sc="395,-28,185,68,205,-15,205,-15" /><INIT seed="1,0,0,5,4,72" ten="367,253,190,190" oya="1" hai0="19,109,44,127,12,83,46,35,37,85,125,49,120" hai1="130,105,36,71,90,101,33,40,25,56,118,78,92" hai2="113,129,70,116,69,26,107,48,14,65,89,7,126" hai3="11,28,63,133,135,87,106,68,66,27,4,134,47"/><U43/><E118/><V111/><F116/><W53/><G106/><T119/><D35/><U57/><E71/><V20/><F107/><W93/><G93/><T62/><D109/><U13/><E130/><V10/><F111/><W82/><G47/><T60/><D46/><U54/><E36/><V98/><F126/><N who="0" m="48138" /><D37/><U76/><E105/><V16/><F129/><W79/><G53/><N who="0" m="29863" /><D120/><U110/><E101/><V74/><F113/><W115/><G115/><T38/><D38/><U96/><E110/><V124/><F124/><W121/><G121/><T117/><D60/><U1/><E1/><V104/><F48/><W52/><G52/><T88/><D62/><U114/><E114/><V80/><F65/><W59/><G68/><T50/><D50/><U61/><E57/><V86/><REACH who="2" step="1"/><F74/><REACH who="2" ten="367,253,180,190" step="2"/><W128/><G128/><T39/><D39/><U122/><E122/><V5/><F5/><W131/><G131/><T45/><D45/><U81/><E40/><V58/><F58/><W102/><G135/><T103/><D103/><AGARI ba="0,1" hai="7,10,14,16,20,26,69,70,80,86,89,98,103,104" machi="103" ten="40,2600,0" yaku="1,1,54,1,53,0" doraHai="72" doraHaiUra="31" who="2" fromWho="0" sc="367,-26,253,0,180,36,190,0" /><INIT seed="2,0,0,3,0,46" ten="341,253,216,190" oya="2" hai0="27,107,113,63,135,32,126,38,66,74,81,103,1" hai1="11,0,17,99,31,18,68,71,13,77,130,64,93" hai2="118,85,123,20,65,28,62,12,92,24,88,19,9" hai3="80,10,86,119,108,49,106,43,83,37,54,47,75"/><V105/><F118/><W50/><G119/><T35/><D135/><U23/><E130/><V127/><F127/><W70/><G106/><T2/><D38/><U22/><E64/><V69/><REACH who="2" step="1"/><F105/><REACH who="2" ten="341,253,206,190" step="2"/><W44/><G108/><T102/><D126/><U5/><E71/><V101/><F101/><W56/><G70/><N who="0" m="42335" /><D103/><U42/><E68/><V7/><F7/><W14/><G75/><T129/><D129/><U58/><E5/><V121/><AGARI ba="0,1" hai="9,12,19,20,24,28,62,65,69,85,88,92,121,123" machi="121" ten="30,6000,0" yaku="1,1,0,1,54,1,53,0" doraHai="46" doraHaiUra="96" who="2" fromWho="2" sc="341,-20,253,-20,206,70,190,-20" /><INIT seed="2,1,0,3,0,87" ten="321,233,276,170" oya="2" hai0="112,48,33,99,110,96,101,50,16,72,17,88,103" hai1="104,24,21,100,43,106,83,35,79,64,85,71,53" hai2="22,36,95,135,77,39,122,91,109,69,127,54,81" hai3="0,125,86,37,130,32,61,116,120,111,47,63,60"/><V59/><F122/><W8/><G120/><T18/><D72/><U68/><E35/><V117/><F117/><W9/><G116/><T119/><D33/><U131/><E131/><V134/><F69/><W65/><G111/><T89/><D119/><U90/><E43/><V20/><F127/><W23/><G32/><T26/><D26/><U124/><E124/><V46/><F109/><W74/><G125/><T102/><D112/><U28/><E100/><V7/><F7/><W107/><G74/><T82/><D82/><U30/><E28/><V55/><F81/><W76/><G107/><T93/><D110/><U132/><E132/><N who="2" m="50731" /><F77/><W12/><G130/><T92/><AGARI ba="1,0" hai="16,17,18,48,50,88,89,92,93,96,99,101,102,103" machi="92" ten="40,12000,2" yaku="0,1,9,1,8,1,52,2,54,2" doraHai="87" who="0" fromWho="0" sc="321,123,233,-31,276,-61,170,-31" /><INIT seed="3,0,0,5,3,18" ten="444,202,215,139" oya="3" hai0="11,73,52,67,86,113,31,112,8,15,6,83,45" hai1="19,54,26,79,5,49,106,120,72,17,41,126,42" hai2="2,25,105,30,101,94,55,108,90,4,12,125,28" hai3="24,21,61,95,0,88,109,59,46,50,128,37,100"/><W39/><G0/><T53/><D73/><U20/><E120/><V132/><F108/><W110/><G100/><T13/><D31/><U133/><E106/><V36/><F2/><W22/><G128/><T10/><D67/><U58/><E133/><V57/><F36/><W1/><G1/><T104/><D104/><U32/><E126/><V34/><F132/><W78/><G78/><T74/><D74/><U64/><E5/><V63/><F125/><W117/><G117/><T35/><D35/><U102/><E102/><V23/><F105/><W98/><G50/><N who="0" m="28751" /><D53/><U62/><E32/><V69/><F101/><W119/><G119/><T40/><D40/><U124/><E124/><V96/><F69/><W75/><G75/><T87/><D87/><U27/><E79/><V16/><F34/><W107/><G107/><T70/><D70/><U118/><E72/><V97/><F96/><W14/><G14/><T76/><D13/><U123/><E123/><V121/><F121/><W115/><G115/><AGARI ba="0,0" hai="6,8,10,11,15,76,83,86,112,113,115" m="28751" machi="115" ten="30,2000,0" yaku="11,1,54,1" doraHai="18" who="0" fromWho="3" sc="444,20,202,0,215,0,139,-20" /><INIT seed="4,0,0,2,2,59" ten="464,202,215,119" oya="0" hai0="99,83,94,63,25,110,106,50,52,97,17,47,76" hai1="74,114,57,91,104,13,100,11,70,72,48,116,78" hai2="39,129,45,95,27,87,55,120,21,26,125,75,56" hai3="12,2,29,79,60,86,14,9,36,111,126,5,135"/><T84/><D106/><U61/><E116/><V51/><F75/><W122/><G36/><T49/><D110/><U130/><E70/><V46/><F120/><W19/><G111/><T121/><D121/><U67/><E130/><V28/><F125/><W71/><G122/><T66/><D50/><U73/><E114/><V128/><F27/><W98/><G126/><T113/><D113/><U90/><E78/><V31/><F31/><W64/><G135/><T85/><D85/><U123/><E123/><V38/><F39/><W24/><G98/><T89/><D17/><U42/><E100/><V1/><F1/><W23/><G79/><T7/><D7/><U134/><E104/><V30/><F30/><W33/><REACH who="3" step="1"/><G86/><REACH who="3" ten="464,202,215,109" step="2"/><T54/><D97/><U88/><E134/><V81/><F38/><W53/><G53/><T32/><D54/><U105/><E105/><V65/><F55/><W115/><G115/><T107/><D107/><U58/><E74/><V16/><F87/><W80/><G80/><T124/><D124/><U4/><REACH who="1" step="1"/><E57/><REACH who="1" ten="464,192,215,109" step="2"/><V112/><F56/><W108/><G108/><T68/><D68/><U44/><AGARI ba="0,2" hai="4,11,13,42,44,48,58,61,67,72,73,88,90,91" machi="44" ten="30,8000,1" yaku="1,1,2,1,0,1,52,1,54,1,53,0" doraHai="59" doraHaiUra="77" who="1" fromWho="1" sc="464,-40,192,100,215,-20,109,-20" /><INIT seed="5,0,0,4,1,34" ten="424,292,195,89" oya="1" hai0="24,76,122,32,50,68,98,114,6,113,109,30,17" hai1="131,120,45,90,53,111,14,112,82,105,107,99,102" hai2="79,67,12,29,43,56,52,87,11,58,40,92,20" hai3="42,121,116,13,37,57,9,48,100,81,106,51,38"/><U64/><E120/><V0/><F0/><W118/><G81/><T85/><D109/><U7/><E112/><V70/><F70/><W55/><G100/><T19/><D68/><U18/><E131/><V130/><F130/><W83/><G83/><N who="0" m="47335" /><D122/><U31/><E111/><V28/><F67/><W94/><G94/><T88/><D6/><U74/><E31/><V73/><F73/><W132/><G106/><T65/><D50/><U127/><E127/><V78/><F58/><W8/><G8/><T26/><D65/><U104/><E7/><V75/><F75/><W93/><G93/><N who="0" m="56615" /><D26/><U15/><E64/><V47/><F11/><W80/><G121/><T133/><D133/><U117/><E117/><N who="3" m="45162" /><G132/><T54/><D54/><U41/><E53/><V16/><F52/><N who="3" m="31879" /><G80/><T108/><D108/><U63/><E74/><V61/><F79/><W95/><G95/><T46/><D46/><U2/><E107/><V77/><F47/><N who="3" m="28159" /><G42/><T22/><D32/><U115/><E41/><V103/><F43/><W69/><G69/><T49/><D30/><U119/><E105/><V96/><F29/><W4/><AGARI ba="0,0" hai="4,9,13,37,38" m="28159,31879,45162" machi="4" ten="30,2000,0" yaku="12,1,54,1" doraHai="34" who="3" fromWho="3" sc="424,-5,292,-10,195,-5,89,20" /><INIT seed="6,0,0,2,5,47" ten="419,282,190,109" oya="2" hai0="107,102,43,103,38,63,115,90,84,2,4,56,134" hai1="60,35,66,119,55,30,105,73,104,28,9,98,37" hai2="97,126,42,57,91,27,74,59,94,39,52,17,113" hai3="79,0,45,100,49,5,77,41,54,23,85,48,123"/><V1/><F74/><W13/><G123/><T34/><D34/><U122/><E73/><V16/><F1/><W124/><G0/><T10/><D107/><U101/><E119/><V87/><F113/><W99/><G124/><T8/><D43/><U70/><E122/><V131/><F131/><W67/><G67/><T22/><D38/><U86/><E37/><V61/><F126/><W18/><G5/><T109/><D8/><U14/><E105/><V80/><F39/><W62/><G62/><T71/><D71/><U64/><E64/><N who="2" m="38959" /><F27/><W127/><G127/><T112/><D109/><U29/><E86/><V116/><F42/><W82/><G99/><T19/><D134/><U114/><E55/><V36/><F36/><W135/><G135/><T50/><D115/><U132/><E132/><V106/><F106/><W96/><G96/><T68/><D68/><U121/><E114/><V25/><F25/><W53/><G100/><T111/><D111/><U11/><E121/><V32/><F32/><W78/><REACH who="3" step="1"/><G41/><REACH who="3" ten="419,282,190,99" step="2"/><T40/><D102/><U128/><E98/><V92/><F116/><W33/><G33/><T51/><D103/><U46/><E35/><V93/><F97/><W110/><G110/><T130/><D40/><U88/><E101/><V75/><F75/><W24/><G24/><N who="0" m="14431" /><D112/><U83/><E104/><V44/><F44/><AGARI ba="0,1" hai="13,18,23,44,45,48,49,53,54,77,78,79,82,85" machi="44" ten="30,12000,2" yaku="1,1,7,1,9,1,8,1,52,2,53,0" doraHai="47" doraHaiUra="108" who="3" fromWho="2" sc="419,0,282,0,190,-120,99,130" /><INIT seed="7,0,0,0,2,0" ten="419,282,70,229" oya="3" hai0="34,113,124,13,101,24,100,119,37,11,102,21,63" hai1="60,117,42,20,127,105,108,33,72,76,94,104,2" hai2="103,66,123,70,78,112,122,59,31,80,45,44,28" hai3="61,14,126,1,93,3,132,74,15,40,92,111,90"/><W6/><G74/><T29/><D37/><U43/><E108/><V106/><F70/><W135/><G111/><T107/><D119/><U79/><E33/><V53/><F66/><W121/><G121/><T56/><D124/><U116/><E127/><V86/><F112/><W8/><G126/><T22/><D113/><U30/><E2/><V99/><F31/><W69/><G40/><T120/><D107/><U129/><E129/><V48/><REACH who="2" step="1"/><F28/><REACH who="2" ten="419,282,60,229" step="2"/><W12/><G69/><T89/><D29/><U50/><E30/><V26/><F26/><W36/><G135/><T84/><D24/><U83/><E117/><V97/><F97/><W47/><G132/><T38/><D34/><U85/><E116/><V27/><F27/><W128/><G128/><T41/><D120/><U52/><E105/><V62/><F62/><W64/><G61/><T125/><D63/><U91/><E104/><V51/><F51/><W9/><G64/><T57/><D125/><U82/><E60/><V75/><F75/><W7/><G90/><T25/><D25/><U49/><E49/><V109/><F109/><W16/><G36/><T131/><D38/><U55/><E50/><V77/><F77/><W32/><G32/><T118/><D89/><U67/><E67/><V88/><F88/><W96/><G96/><T87/><D131/><U58/><E91/><V130/><F130/><W98/><G98/><T115/><D115/><U81/><E72/><V10/><F10/><W73/><G73/><T23/><D118/><U134/><E134/><V133/><F133/><W114/><G114/><T17/><D41/><RYUUKYOKU ba="0,1" sc="419,15,282,-15,60,15,229,-15" hai0="11,13,17,21,22,23,56,57,84,87,100,101,102" hai2="44,45,48,53,59,78,80,86,99,103,106,122,123" owari="444,54.4,267,6.7,75,-42.5,214,-18.6" /></mjloggm>