<mjloggm ver="2.3"><GO type="169" lobby="0"/><UN n0="%E7%88%86%E7%89%8C%E3%82%A6%E3%82%B7%E3%82%B8%E3%83%9E%E3%81%8F%E3%82%93" n1="%E5%8D%88%E5%BE%8C%E3%82%B4%E3%83%AA%E3%83%A9" n2="%E3%81%AA%E3%81%88%E3%81%A8%E3%82%8B" n3="%48%65%69%7A%6F" dan="19,16,16,16" rate="2254.13,2153.90,2135.49,2049.79" sx="M,M,M,M"/><TAIKYOKU oya="0"/><INIT seed="0,0,0,2,1,123" ten="250,250,250,250" oya="0" hai0="114,128,74,109,30,125,112,63,41,111,84,8,20" hai1="31,66,75,102,98,120,59,0,116,83,53,42,44" hai2="55,13,72,69,12,50,115,97,7,118,1,91,89" hai3="36,21,62,39,101,86,134,131,65,132,94,19,113"/><T108/><D74/><U78/><E120/><V135/><F115/><N who="0" m="44074" /><D41/><U67/><E116/><V35/><F35/><W71/><G131/><T93/><D128/><U126/><E126/><V10/><F118/><W16/><G113/><T100/><D125/><U28/><E0/><V124/><F124/><W77/><G77/><T110/><D110/><U54/><E67/><V88/><F135/><N who="3" m="51755" /><G19/><T52/><D8/><U76/><E78/><V122/><F122/><W107/><G107/><T17/><D30/><U85/><E75/><V26/><F72/><W32/><G32/><T14/><D84/><U3/><E3/><V99/><F69/><W33/><G33/><T80/><D80/><U38/><E66/><V117/><F26/><N who="3" m="14631" /><G86/><T51/><D63/><U60/><REACH who="1" step="1"/><E53/><REACH who="1" ten="250,240,250,250" step="2"/><V95/><F117/><W9/><G9/><T96/><D51/><U48/><E48/><V15/><REACH who="2" step="1"/><F99/><AGARI ba="0,1" hai="36,39,62,65,71,94,99,101" m="14631,51755" machi="99" ten="30,2000,0" yaku="20,1,54,1" doraHai="123" who="3" fromWho="2" sc="250,0,240,0,250,-20,250,30" /><INIT seed="1,0,0,3,4,105" ten="250,240,230,280" oya="1" hai0="42,56,40,52,106,129,85,38,31,55,18,58,33" hai1="12,134,123,23,20,82,108,87,135,112,34,111,13" hai2="10,24,122,90,114,110,11,7,60,124,89,28,109" hai3="6,121,51,78,120,104,70,118,125,64,47,97,17"/><U36/><E34/><V43/><F122/><W27/><G6/><T86/><D106/><U115/><E36/><V61/><F43/><W14/><G125/><T103/><D129/><U3/><E87/><V91/><F124/><W96/><G78/><T4/><D103/><U9/><E82/><V19/><F19/><W44/><G27/><T63/><D4/><U95/><E95/><V74/><F74/><W131/><G131/><T65/><D65/><U94/><E94/><V46/><F46/><W92/><G104/><T71/><D71/><U100/><E100/><V45/><F45/><W0/><G47/><T15/><D31/><U66/><E66/><V25/><F7/><W48/><G48/><T1/><D1/><U79/><E79/><V53/><F53/><W128/><G0/><T32/><D38/><U37/><E37/><V68/><F68/><W102/><G128/><T72/><D72/><U59/><E59/><V93/><F93/><W88/><G64/><T75/><D75/><U22/><E3/><V57/><F57/><W133/><G70/><T81/><D33/><U69/><E69/><V107/><F107/><W29/><G118/><T35/><D35/><U126/><E126/><V101/><F101/><W8/><G29/><T39/><D32/><U83/><E83/><V98/><F98/><W116/><G116/><T80/><D39/><U30/><E30/><V49/><F28/><W16/><G17/><T84/><D80/><U117/><E23/><V77/><F77/><W67/><G67/><T76/><D81/><U50/><E117/><V26/><F91/><RYUUKYOKU ba="0,0" sc="250,0,240,0,230,0,280,0" /><INIT seed="2,1,0,0,1,23" ten="250,240,230,280" oya="2" hai0="24,32,133,5,71,34,0,68,96,21,52,36,131" hai1="51,127,47,115,101,9,76,92,134,57,102,110,80" hai2="99,41,2,26,108,63,107,22,83,55,132,62,86" hai3="19,74,118,42,17,116,78,121,50,7,93,130,89"/><V30/><F132/><W65/><G121/><T56/><D133/><U6/><E134/><V100/><F2/><W95/><G130/><T104/><D36/><U33/><E115/><V54/><F41/><W60/><G7/><T98/><D131/><U13/><E110/><V73/><F73/><W77/><G74/><T125/><D125/><U103/><E127/><V35/><F108/><W75/><G75/><T44/><D44/><U43/><E33/><V129/><F129/><W4/><G4/><T88/><D5/><U27/><E57/><V85/><F22/><W58/><G95/><N who="0" m="56423" /><D104/><U16/><E92/><V87/><REACH who="2" step="1"/><F83/><REACH who="2" ten="250,240,220,280" step="2"/><W28/><G118/><T69/><D0/><U109/><E109/><V59/><F59/><N who="3" m="37023" /><G116/><T97/><D34/><U67/><E80/><V31/><F31/><W117/><G28/><T122/><D32/><U37/><E37/><V72/><F72/><W64/><G42/><T105/><D122/><U11/><E11/><V40/><F40/><W94/><G117/><T81/><D81/><U38/><E38/><V12/><F12/><W128/><G128/><T45/><D105/><U82/><E82/><V53/><AGARI ba="1,1" hai="26,30,35,53,54,55,62,63,85,86,87,99,100,107" machi="53" ten="30,6000,0" yaku="1,1,0,1,52,1,53,0" doraHai="23" doraHaiUra="79" who="2" fromWho="2" sc="250,-21,240,-21,220,73,280,-21" /><INIT seed="2,2,0,1,3,28" ten="229,219,293,259" oya="2" hai0="59,117,85,66,57,11,129,100,98,9,2,47,14" hai1="93,102,6,131,55,65,104,69,58,132,76,4,82" hai2="53,84,91,109,26,75,68,50,106,112,63,119,118" hai3="21,103,33,29,0,110,24,89,121,38,19,116,56"/><V114/><F75/><W7/><G116/><T17/><D117/><U34/><E131/><V111/><F106/><W16/><G38/><T122/><D122/><U5/><E132/><V36/><F36/><W97/><G89/><T23/><D129/><U42/><E42/><V54/><F26/><N who="3" m="18615" /><G56/><T12/><D47/><U27/><E104/><V49/><F84/><W126/><G97/><T127/><D127/><U83/><E69/><V43/><F91/><W3/><G103/><T77/><D66/><U130/><E65/><V15/><F15/><W25/><G126/><T135/><D135/><U39/><E130/><V120/><F63/><W99/><G99/><T80/><D2/><N who="3" m="553" /><G110/><T37/><D23/><U61/><E39/><V115/><F43/><W13/><G121/><T46/><D46/><U51/><E51/><N who="2" m="19467" /><F68/><W81/><G81/><T128/><D37/><U92/><E102/><V78/><F78/><W96/><G96/><T124/><D124/><U18/><E83/><V72/><F72/><W95/><G95/><T86/><D86/><U113/><E82/><V94/><F94/><W48/><G48/><T44/><D44/><U67/><E76/><V62/><F120/><W88/><G88/><T52/><D128/><U30/><E67/><V41/><F41/><W64/><G64/><T123/><D123/><U79/><E79/><V73/><F73/><W71/><G71/><T31/><D100/><U1/><E1/><V22/><F62/><W134/><G134/><T35/><D98/><U45/><E92/><V8/><F118/><W10/><G19/><N who="0" m="8591" /><D52/><U74/><E55/><RYUUKYOKU ba="2,0" sc="229,15,219,-15,293,-15,259,15" hai0="11,14,17,31,35,57,59,77,80,85" hai3="7,10,13,16,21,24,25" /><INIT seed="3,3,0,1,3,79" ten="244,204,278,274" oya="3" hai0="6,94,42,118,100,90,83,60,3,84,46,111,51" hai1="45,37,107,57,53,20,104,119,116,18,39,40,13" hai2="123,35,106,77,99,81,86,134,5,132,19,105,63" hai3="96,113,26,126,72,2,128,23,114,92,70,98,25"/><W76/><G70/><T49/><D118/><U0/><E0/><V73/><F35/><W29/><G2/><T58/><D111/><U8/><E39/><V91/><F5/><W64/><G64/><T48/><D3/><U125/><E125/><V127/><F19/><W62/><G62/><T52/><D6/><U102/><E8/><V130/><F63/><W12/><G128/><T24/><D24/><U110/><E110/><V59/><F59/><W112/><G126/><T15/><D15/><U74/><E74/><V7/><F7/><W22/><G12/><T41/><D41/><U28/><E28/><V109/><F127/><W95/><G72/><T129/><D129/><U117/><REACH who="1" step="1"/><E102/><REACH who="1" ten="244,194,278,274" step="2"/><V78/><F109/><W47/><G114/><T30/><D30/><U133/><E133/><N who="2" m="51307" /><F130/><W31/><G47/><T88/><REACH who="0" step="1"/><D100/><REACH who="0" ten="234,194,278,274" step="2"/><U115/><E115/><V68/><F123/><W122/><G122/><T17/><D17/><U97/><E97/><AGARI ba="3,2" hai="42,46,48,49,51,52,58,60,83,84,88,90,94,97" machi="97" ten="30,12000,2" yaku="1,1,7,1,8,1,52,1,54,2,53,0" doraHai="79" doraHaiUra="14" who="0" fromWho="1" sc="234,149,194,-129,278,0,274,0" /><INIT seed="4,0,0,4,2,60" ten="383,65,278,274" oya="0" hai0="80,96,20,3,22,99,101,39,35,30,21,1,5" hai1="74,128,118,121,111,15,38,114,17,23,71,93,100" hai2="131,91,90,105,134,70,2,86,65,67,46,50,0" hai3="89,61,129,113,66,34,81,6,56,110,69,16,52"/><T51/><D39/><U37/><E93/><V12/><F105/><W33/><G110/><T48/><D80/><U130/><E100/><V92/><F70/><W77/><G89/><T11/><D3/><U59/><E59/><V47/><F131/><W53/><G129/><T26/><REACH who="0" step="1"/><D96/><REACH who="0" ten="373,65,278,274" step="2"/><U54/><E38/><V28/><F2/><W106/><G106/><AGARI ba="0,1" hai="1,5,11,20,21,22,26,30,35,48,51,99,101,106" machi="106" ten="40,3900,0" yaku="1,1,2,1,53,0" doraHai="60" doraHaiUra="119" who="0" fromWho="3" sc="373,49,65,0,278,0,274,-39" /><INIT seed="4,1,0,1,0,29" ten="422,65,278,235" oya="0" hai0="57,17,86,122,95,132,61,66,84,118,125,34,2" hai1="0,23,108,67,3,39,45,85,69,53,55,101,72" hai2="119,36,60,73,124,91,5,117,94,27,104,96,116" hai3="48,87,100,54,9,70,81,123,130,128,129,19,90"/><T63/><D118/><U37/><E72/><V92/><F36/><W106/><G70/><T50/><D122/><U7/><E108/><V14/><F73/><W76/><G123/><T40/><D2/><U38/><E101/><V78/><F78/><W74/><G9/><T127/><D132/><U52/><E23/><V135/><F135/><W13/><G100/><T99/><D17/><U115/><E85/><V98/><F124/><N who="0" m="47690" /><D34/><U28/><E28/><V31/><F104/><W42/><G42/><T46/><D63/><N who="1" m="40191" /><E7/><V71/><F60/><W68/><G68/><T89/><AGARI ba="1,0" hai="40,46,50,57,61,66,84,86,89,95,99" m="47690" machi="89" ten="30,1500,0" yaku="18,1" doraHai="29" who="0" fromWho="0" sc="422,18,65,-6,278,-6,235,-6" /><INIT seed="4,2,0,4,4,77" ten="440,59,272,229" oya="0" hai0="47,99,79,13,80,20,54,44,106,85,32,25,27" hai1="71,135,104,29,125,134,76,65,66,89,59,0,120" hai2="86,55,87,130,111,43,101,49,33,62,119,72,26" hai3="67,45,114,19,64,105,2,132,82,18,123,109,107"/><T69/><D69/><U94/><E120/><V40/><F111/><W97/><G109/><T52/><D106/><U30/><E104/><V41/><F72/><W113/><G2/><T48/><D99/><U6/><E71/><V51/><F130/><W84/><G45/><N who="0" m="17483" /><D32/><U46/><E46/><V8/><F119/><W7/><G7/><T108/><D108/><U103/><E103/><V93/><F33/><W50/><G50/><N who="2" m="18953" /><F26/><N who="0" m="9738" /><D48/><U53/><E76/><V91/><F8/><W90/><G123/><T11/><D20/><U15/><E0/><V88/><F101/><W22/><G132/><T133/><D133/><U10/><E135/><V96/><F91/><W98/><G107/><T81/><D81/><U95/><E95/><V16/><F16/><AGARI ba="2,0" hai="11,13,16,52,54,79,80,85" m="9738,17483" machi="16" ten="30,11600,0" yaku="8,1,52,1,54,2" doraHai="77" who="0" fromWho="2" sc="440,122,59,0,272,-122,229,0" /><INIT seed="4,3,0,3,5,129" ten="562,59,150,229" oya="0" hai0="13,98,117,35,99,2,4,81,113,84,106,95,90" hai1="101,34,8,128,100,67,36,131,31,114,37,23,71" hai2="46,39,112,105,45,92,123,83,132,56,10,63,24" hai3="111,61,26,42,40,135,102,80,43,97,48,53,62"/><T0/><D113/><U30/><E8/><V72/><F105/><W5/><G5/><T118/><D35/><U75/><E34/><V91/><F123/><W115/><G111/><T21/><D106/><U76/><E114/><V33/><F112/><W20/><G80/><T47/><D99/><U104/><E104/><V6/><F39/><W16/><G135/><T22/><D22/><U93/><E67/><V133/><F83/><W17/><G17/><T54/><D2/><U96/><E23/><V66/><F72/><W79/><G79/><T27/><D0/><U14/><E14/><N who="2" m="5463" /><F24/><W82/><G82/><T120/><D120/><U127/><E96/><N who="2" m="57375" /><F33/><W3/><G3/><T60/><D27/><U116/><E93/><V69/><F69/><W1/><G1/><T44/><D95/><U7/><E76/><V29/><F29/><W122/><G122/><T125/><D81/><U107/><E107/><V94/><F94/><N who="3" m="58679" /><G115/><T41/><D4/><U109/><E7/><V65/><F66/><W15/><G26/><T124/><D124/><U77/><E77/><V121/><F121/><W73/><G73/><T50/><D125/><U59/><E127/><V88/><F88/><W134/><G134/><AGARI ba="3,0" hai="45,46,56,63,65,132,133,134" m="57375,5463" machi="134" ten="30,7700,0" yaku="20,1,52,3" doraHai="129" who="2" fromWho="3" sc="562,0,59,0,150,86,229,-86" /><INIT seed="5,0,0,1,5,125" ten="562,59,236,143" oya="1" hai0="29,112,15,36,104,73,68,19,119,30,35,13,62" hai1="38,48,43,71,82,28,89,55,72,4,79,123,103" hai2="100,10,74,61,45,98,99,1,67,87,0,31,116" hai3="77,83,2,53,109,54,117,42,94,75,40,66,70"/><U18/><E123/><V86/><F74/><W11/><G109/><T113/><D36/><U12/><E71/><V90/><F116/><W127/><G127/><T129/><D119/><U126/><E126/><V76/><F31/><W80/><G117/><T133/><D133/><U96/><E28/><V60/><F76/><W16/><G70/><T81/><D81/><U107/><E4/><V26/><F26/><W58/><G66/><T92/><D92/><U24/><E24/><V85/><F90/><W122/><G94/><T14/><D104/><U17/><E38/><V6/><F1/><W32/><G32/><T128/><D73/><U34/><E43/><V118/><F118/><W49/><G122/><T130/><D19/><U111/><E34/><V41/><F100/><W57/><G2/><T33/><D30/><U102/><E111/><V5/><F5/><W52/><G54/><T64/><D35/><U101/><E101/><V93/><F93/><W39/><G83/><T51/><D51/><U88/><E103/><V114/><F114/><W124/><G39/><T44/><D44/><U9/><REACH who="1" step="1"/><E18/><REACH who="1" ten="562,49,236,143" step="2"/><V59/><F41/><W25/><G124/><T37/><D37/><U69/><E69/><V84/><F6/><W135/><G135/><T8/><D8/><U20/><E20/><V23/><F23/><N who="3" m="13543" /><G11/><T65/><D29/><U105/><E105/><V115/><F10/><W108/><G108/><T50/><D33/><U110/><E110/><V78/><F0/><W134/><G134/><T7/><D7/><U132/><E132/><V106/><F106/><W46/><G42/><RYUUKYOKU ba="0,1" sc="562,-15,49,15,236,-15,143,15" hai1="9,12,17,48,55,72,79,82,88,89,96,102,107" hai3="40,46,49,52,53,57,58,75,77,80" /><INIT seed="5,1,1,1,4,6" ten="547,64,221,158" oya="1" hai0="29,103,100,39,81,66,96,133,20,128,16,126,22" hai1="32,26,80,71,92,52,118,102,82,125,116,1,123" hai2="34,104,17,51,73,78,105,57,69,99,127,74,24" hai3="36,120,106,54,18,31,130,46,79,25,131,11,3"/><U47/><E123/><V65/><F69/><W119/><G120/><T93/><D39/><U72/><E71/><V53/><F127/><W45/><G106/><T91/><D126/><U83/><E125/><V87/><F65/><W129/><G79/><T110/><D110/><U35/><E72/><V90/><F78/><W114/><G114/><T23/><D128/><U60/><E1/><V121/><F121/><W77/><G77/><T115/><D115/><U63/><E118/><V122/><F122/><W132/><G132/><T76/><D133/><U37/><E116/><V13/><F24/><W59/><G36/><T95/><D66/><U68/><E68/><V12/><F34/><N who="3" m="20847" /><G119/><T84/><D29/><U28/><E35/><V55/><F55/><W88/><G88/><N who="0" m="55399" /><D16/><U97/><REACH who="1" step="1"/><E37/><REACH who="1" ten="547,54,221,158" step="2"/><V50/><F73/><W30/><G3/><T107/><D107/><U40/><E40/><V124/><F74/><W10/><G30/><T61/><D61/><U56/><E56/><V109/><F124/><W2/><G2/><T111/><D111/><U41/><E41/><V70/><F70/><W58/><G58/><T85/><AGARI ba="1,2" hai="20,22,23,76,81,84,85,91,93,100,103" m="55399" machi="85" ten="30,2000,0" yaku="8,1,54,1" doraHai="6" who="0" fromWho="0" sc="547,43,54,-11,221,-6,158,-6" /><INIT seed="6,0,0,0,2,113" ten="590,43,215,152" oya="2" hai0="69,7,5,124,72,65,128,18,63,37,93,62,107" hai1="49,118,123,79,43,110,85,127,134,92,89,59,111" hai2="84,135,109,122,66,94,23,99,95,121,125,44,40" hai3="133,98,80,34,39,54,132,108,1,47,4,117,56"/><V11/><F66/><W16/><G34/><T51/><D107/><U120/><E118/><V90/><F125/><W26/><G108/><N who="1" m="41514" /><E43/><V68/><F68/><W46/><G4/><T24/><D37/><U100/><E49/><V81/><F135/><N who="3" m="51787" /><G1/><T58/><D93/><U112/><E59/><V22/><F109/><W91/><G39/><T114/><D72/><U129/><E134/><V27/><F95/><N who="3" m="56703" /><G80/><T86/><D86/><U96/><E127/><V53/><F81/><W71/><G71/><T45/><D124/><U77/><E112/><V87/><F84/><W20/><G117/><T21/><D128/><U119/><E119/><V60/><F87/><W0/><G0/><T50/><D114/><U10/><E10/><V70/><F11/><W48/><AGARI ba="0,0" hai="16,20,26,46,47,48,54,56" m="56703,51787" machi="48" ten="30,2000,0" yaku="20,1,54,1" doraHai="113" who="3" fromWho="3" sc="590,-5,43,-5,215,-10,152,20" /><INIT seed="7,0,0,2,3,49" ten="585,38,205,172" oya="3" hai0="48,128,70,112,54,60,91,124,1,111,114,104,76" hai1="106,3,55,108,109,23,56,98,133,102,62,22,31" hai2="101,78,74,50,89,115,126,121,77,2,40,103,46" hai3="10,66,34,107,29,88,90,134,110,27,81,97,33"/><W30/><G134/><T28/><D1/><U15/><E3/><V42/><F2/><W64/><G10/><T117/><D104/><U53/><E133/><V44/><F115/><N who="0" m="44074" /><D117/><U93/><E23/><V32/><F32/><W51/><G51/><T92/><D111/><U65/><E109/><V130/><F126/><W113/><G113/><T7/><D7/><U87/><E108/><V100/><F130/><W20/><G110/><T5/><D5/><U24/><E106/><V132/><F121/><W135/><G135/><T116/><D76/><N who="2" m="29290" /><F74/><W26/><G20/><T25/><D25/><U68/><E15/><V45/><F132/><W13/><G13/><T14/><D14/><U119/><E119/><V94/><F50/><W52/><G52/><N who="1" m="20042" /><E68/><V84/><AGARI ba="0,0" hai="40,42,44,45,46,84,89,94,100,101,103" m="29290" machi="84" ten="40,1500,0" yaku="8,1" doraHai="49" who="2" fromWho="2" sc="585,-4,38,-4,205,15,172,-7" owari="581,68.1,34,-46.6,220,2.0,165,-23.5" /></mjloggm>