<mjloggm ver="2.3"><GO type="169" lobby="0"/><UN n0="%E3%81%BB%E3%81%86%EF%BC%81" n1="%59%75%49%74%6F" n2="%E3%81%8B%E3%81%A5%E3%81%8D%EF%BC%B8%EF%BC%A9" n3="%E3%82%86%E3%81%86%E3%82%86%E3%81%8D" dan="16,16,18,16" rate="2092.07,2033.75,2182.42,2159.20" sx="M,M,M,M"/><TAIKYOKU oya="0"/><INIT seed="0,0,0,4,3,44" ten="250,250,250,250" oya="0" hai0="92,42,2,71,26,72,91,53,96,122,117,93,120" hai1="58,69,105,54,107,109,111,106,6,118,74,46,119" hai2="68,56,88,66,59,115,19,52,49,36,99,0,89" hai3="32,17,77,48,125,101,110,84,126,1,100,123,86"/><T35/><D117/><U80/><E69/><V135/><F0/><W34/><G1/><T37/><D72/><U95/><E46/><V21/><F36/><W18/><G77/><T57/><D71/><U12/><E95/><V127/><F68/><W20/><G20/><T78/><D78/><U116/><E80/><V50/><F115/><W64/><G64/><T67/><D67/><U47/><E47/><V8/><F135/><W65/><G65/><T3/><D2/><U124/><E74/><V98/><F127/><W31/><G31/><T39/><D3/><U128/><E128/><V132/><F8/><W85/><G123/><T70/><D70/><U14/><E124/><N who="3" m="47722" /><G48/><N who="2" m="18537" /><F132/><W87/><N who="3" m="21504" /><DORA hai="51" /><W40/><G40/><T63/><D93/><U81/><E81/><V24/><F66/><W94/><G94/><T102/><D42/><U10/><REACH who="1" step="1"/><E14/><REACH who="1" ten="250,240,250,250" step="2"/><V4/><F59/><W25/><G25/><T41/><D41/><U13/><E13/><V90/><F4/><W114/><G114/><T7/><D122/><U33/><E33/><N who="3" m="12906" /><G110/><T73/><D120/><U104/><N who="1" m="26624" /><DORA hai="15" /><U112/><E112/><V83/><F83/><W23/><G23/><T121/><D121/><U61/><AGARI ba="0,1" hai="6,10,12,54,58,61,109,111,116,118,119" m="26624" machi="61" ten="70,8000,1" yaku="1,1,0,1,52,1,53,1" doraHai="44,51,15" doraHaiUra="62,9,22" who="1" fromWho="1" sc="250,-40,240,90,250,-20,250,-20" /><INIT seed="1,0,0,3,1,7" ten="210,330,230,230" oya="1" hai0="95,115,72,124,8,40,102,3,64,29,135,4,114" hai1="18,106,78,90,34,121,33,60,101,80,123,133,75" hai2="61,131,79,6,67,83,44,86,31,132,37,39,26" hai3="119,0,98,50,117,94,35,77,89,84,14,113,130"/><U22/><E133/><V43/><F131/><W120/><G113/><T93/><D72/><U100/><E90/><V28/><F132/><W118/><G0/><T110/><D135/><U69/><E101/><V122/><F122/><W13/><G120/><T125/><D40/><U38/><E38/><V65/><F65/><W23/><G35/><T48/><D48/><U103/><E103/><V116/><F116/><W70/><G70/><T46/><D46/><U25/><E34/><V21/><F6/><W51/><G130/><T112/><D64/><U109/><E109/><V20/><F37/><W134/><G134/><T97/><D110/><U96/><REACH who="1" step="1"/><E33/><REACH who="1" ten="210,320,230,230" step="2"/><V42/><F39/><W12/><G23/><T82/><D112/><U99/><E99/><V108/><F108/><W16/><G98/><T76/><D114/><U68/><E68/><V49/><F21/><N who="3" m="11399" /><G77/><T105/><D115/><U41/><E41/><V53/><F31/><W30/><G30/><T55/><D29/><U88/><E88/><V47/><F47/><W2/><G2/><T58/><D76/><U128/><E128/><V87/><F87/><W9/><G13/><T45/><D45/><U1/><E1/><V91/><F79/><W59/><G59/><AGARI ba="0,1" hai="20,26,28,42,43,44,49,53,59,61,67,83,86,91" machi="59" ten="30,2000,0" yaku="7,1,8,1" doraHai="7" who="2" fromWho="3" sc="210,0,320,0,230,30,230,-20" /><INIT seed="2,0,0,4,2,29" ten="210,320,260,210" oya="2" hai0="36,105,58,46,49,108,13,18,4,67,11,32,54" hai1="26,96,75,23,106,118,48,3,130,74,131,50,115" hai2="92,6,31,70,126,66,61,87,107,78,64,90,113" hai3="10,80,88,81,100,9,38,2,73,98,52,133,25"/><V30/><F113/><W35/><G38/><T16/><D105/><U20/><E3/><V59/><F107/><W102/><G133/><T99/><D108/><U57/><E118/><V93/><F126/><W15/><G2/><T114/><D114/><U117/><E117/><V33/><F78/><W8/><G73/><T47/><D32/><U19/><E115/><V69/><F64/><W103/><G15/><T122/><D122/><U120/><E120/><V41/><F41/><W104/><G104/><T43/><REACH who="0" step="1"/><D99/><REACH who="0" ten="200,320,260,210" step="2"/><U94/><E106/><V12/><F33/><W53/><G35/><T5/><D5/><U28/><E130/><V17/><F6/><W7/><G7/><T101/><D101/><U89/><E131/><V27/><F69/><W71/><G71/><T72/><D72/><U39/><E75/><V135/><F70/><W97/><G97/><T111/><D111/><U55/><E74/><V62/><F135/><W110/><G110/><T132/><D132/><U85/><E96/><V119/><F119/><W129/><G129/><T95/><D95/><U124/><E124/><V1/><F93/><N who="3" m="56615" /><G81/><T134/><D134/><U44/><E39/><V63/><F1/><W83/><G80/><T68/><D68/><U77/><E94/><V109/><F109/><W76/><G83/><T22/><D22/><U125/><E23/><N who="2" m="11687" /><F27/><W82/><G25/><T21/><D21/><U121/><E20/><V116/><F116/><W51/><G82/><T45/><D45/><U127/><E125/><V14/><F14/><W37/><G103/><T128/><D128/><U91/><E127/><RYUUKYOKU ba="0,1" sc="200,15,320,-15,260,15,210,-15" hai0="4,11,13,16,18,36,43,46,47,49,54,58,67" hai2="30,31,59,61,62,63,66,87,90,92" /><INIT seed="2,1,1,2,2,47" ten="215,305,275,195" oya="2" hai0="133,15,84,66,98,131,123,63,16,39,25,62,90" hai1="21,103,106,29,97,9,45,36,92,54,12,68,22" hai2="3,46,95,38,134,55,129,37,85,65,1,127,57" hai3="104,13,105,56,28,80,107,40,73,109,32,99,125"/><V34/><F34/><W78/><G109/><T49/><D123/><U126/><E68/><V111/><F127/><W120/><G13/><T72/><D39/><U17/><E126/><V20/><F129/><W118/><G125/><T44/><D72/><U8/><E106/><V70/><F134/><W24/><G118/><T93/><D133/><U74/><E74/><V4/><F38/><W61/><G40/><N who="0" m="24711" /><D66/><U132/><E132/><V102/><F4/><W101/><REACH who="3" step="1"/><G120/><REACH who="3" ten="215,305,275,185" step="2"/><T88/><D131/><U5/><E36/><V108/><F1/><W58/><G58/><T116/><D25/><U23/><E5/><V48/><F3/><W19/><G19/><T130/><D116/><U113/><E29/><V114/><F37/><W42/><G42/><T35/><D130/><U91/><E17/><V7/><F70/><W122/><G122/><T86/><D35/><U11/><E12/><V128/><F128/><W117/><G117/><T10/><D98/><U26/><E113/><V50/><F114/><W6/><G6/><T59/><D59/><U0/><E0/><V27/><F7/><W69/><G69/><T30/><D30/><U51/><E26/><V94/><F111/><W83/><G83/><AGARI ba="1,2" hai="10,15,16,62,63,83,84,86,88,90,93" m="24711" machi="83" ten="30,7700,0" yaku="8,1,52,1,54,2" doraHai="47" who="0" fromWho="3" sc="215,100,305,0,275,0,185,-80" /><INIT seed="3,0,0,1,4,37" ten="315,305,275,105" oya="3" hai0="127,112,106,32,62,122,70,95,19,128,26,87,131" hai1="115,5,113,111,15,80,86,42,12,28,83,6,74" hai2="88,107,45,64,118,84,109,133,85,24,33,103,58" hai3="71,119,56,46,120,35,2,18,38,98,40,126,0"/><W16/><G120/><T25/><D106/><U34/><E74/><V73/><F73/><W130/><G119/><T55/><D122/><U3/><E111/><V93/><F109/><W124/><G71/><T77/><D127/><N who="3" m="48681" /><G35/><T30/><D112/><U41/><E28/><V75/><F75/><W129/><G98/><T9/><D9/><U43/><E34/><V66/><F118/><W47/><G56/><N who="0" m="35103" /><D70/><U134/><E134/><V132/><F33/><W14/><G47/><T22/><D95/><U76/><E83/><V79/><F133/><W63/><G63/><T101/><D101/><U90/><E76/><V53/><F132/><W57/><G57/><T61/><D61/><U7/><REACH who="1" step="1"/><E3/><REACH who="1" ten="315,295,275,105" step="2"/><N who="3" m="1066" /><G14/><AGARI ba="0,1" hai="5,6,7,12,14,15,41,42,43,80,86,90,113,115" machi="14" ten="40,8000,1" yaku="1,1,52,3,53,0" doraHai="37" doraHaiUra="59" who="1" fromWho="3" sc="315,0,295,90,275,0,105,-80" /><INIT seed="4,0,0,1,4,96" ten="315,385,275,25" oya="0" hai0="117,113,12,76,110,6,47,125,48,81,72,126,104" hai1="79,128,108,21,68,58,84,106,26,115,56,29,27" hai2="62,51,37,105,69,90,1,33,103,8,20,132,73" hai3="30,0,111,118,75,109,129,85,25,130,135,10,119"/><T19/><D117/><N who="3" m="44553" /><G75/><T101/><D6/><U124/><E108/><N who="3" m="41546" /><G85/><T59/><D59/><U2/><E106/><V131/><F51/><W36/><G36/><T71/><D71/><U14/><E2/><V83/><F20/><N who="3" m="15655" /><G135/><T87/><D72/><U116/><E56/><V43/><F132/><W28/><G28/><T32/><D110/><U78/><E58/><V121/><F43/><W97/><G97/><T13/><D87/><U82/><E68/><V49/><F37/><W91/><G91/><T67/><D47/><U42/><E42/><V95/><F62/><W17/><G17/><T93/><D48/><U16/><E116/><V102/><F49/><W44/><G44/><T40/><D19/><U3/><E16/><V86/><F69/><W55/><G55/><T98/><D98/><U133/><E29/><V122/><F73/><W64/><G64/><T99/><D67/><U127/><E84/><V66/><F66/><W46/><G46/><T112/><D40/><U22/><E133/><V15/><F105/><W123/><G123/><T9/><D104/><U38/><E38/><V57/><F122/><W63/><G63/><T54/><D54/><U18/><E78/><V45/><F121/><W94/><G94/><T89/><D93/><U60/><E79/><V61/><F95/><W35/><G35/><T114/><D32/><U107/><E60/><V70/><F33/><W7/><AGARI ba="0,0" hai="0,7,10,129,130" m="15655,41546,44553" machi="7" ten="40,2700,0" yaku="34,2" doraHai="96" who="3" fromWho="3" sc="315,-13,385,-7,275,-7,25,27" /><INIT seed="5,0,0,5,0,61" ten="302,378,268,52" oya="1" hai0="37,77,85,43,105,22,55,97,128,17,99,92,59" hai1="116,25,109,44,133,93,87,38,7,78,102,58,83" hai2="96,64,19,50,11,47,101,72,69,79,9,89,5" hai3="73,130,98,113,104,119,54,23,95,14,75,106,46"/><U86/><E116/><V20/><F89/><W39/><G39/><T126/><D128/><U10/><E133/><V115/><F79/><W131/><G14/><T51/><D126/><U127/><E127/><V30/><F72/><N who="3" m="27723" /><G23/><T56/><D105/><N who="3" m="40553" /><G46/><T112/><D112/><U103/><E25/><V26/><F115/><W76/><G54/><T15/><D37/><U100/><E58/><V6/><F19/><W57/><G57/><T91/><D77/><U82/><E44/><V117/><F117/><W125/><G119/><T28/><D43/><U124/><E38/><V21/><F21/><W40/><G40/><T52/><D28/><U94/><E10/><V74/><F9/><W121/><G113/><T60/><AGARI ba="0,0" hai="15,17,22,51,52,55,56,59,60,85,91,92,97,99" machi="60" ten="20,12000,2" yaku="0,1,7,1,25,2,8,1,54,1" doraHai="61" who="0" fromWho="0" sc="302,120,378,-60,268,-30,52,-30" /><INIT seed="6,0,0,3,2,92" ten="422,318,238,22" oya="2" hai0="131,7,4,115,119,105,126,79,120,85,81,76,60" hai1="71,72,103,112,97,17,24,31,36,30,39,16,106" hai2="14,42,84,89,118,56,15,123,1,63,117,86,5" hai3="91,133,98,87,43,9,77,132,99,124,94,12,32"/><V114/><F123/><W22/><G32/><T109/><D109/><U121/><E121/><V96/><F114/><W128/><G22/><T64/><D115/><U27/><E72/><V129/><F129/><W10/><G128/><T127/><D131/><U37/><E71/><V41/><F1/><W58/><G58/><N who="0" m="36887" /><D119/><U83/><E83/><V82/><F118/><W104/><G43/><N who="2" m="16393" /><F117/><W125/><G12/><N who="2" m="4649" /><F5/><N who="0" m="2122" /><D105/><U59/><E59/><V93/><F82/><N who="3" m="47567" /><G9/><T90/><D120/><U46/><E46/><V3/><F3/><W47/><G47/><T57/><D57/><U101/><E112/><V110/><F110/><W13/><G13/><T52/><D126/><N who="3" m="48745" /><G10/><T6/><D6/><U23/><REACH who="1" step="1"/><E103/><AGARI ba="0,0" hai="91,94,98,99,103,104,132,133" m="48745,47567" machi="103" ten="30,8000,1" yaku="18,1,34,2,52,2" doraHai="92" who="3" fromWho="1" sc="422,0,318,-80,238,0,22,80" /><INIT seed="7,0,0,5,5,59" ten="422,238,238,102" oya="3" hai0="93,28,81,79,111,84,118,7,69,128,87,2,96" hai1="98,43,15,4,26,27,12,39,117,41,38,32,113" hai2="35,57,132,85,105,61,126,133,120,106,46,72,64" hai3="129,86,29,134,34,11,88,115,44,71,58,112,78"/><W75/><G71/><T9/><D128/><U130/><E98/><V30/><F72/><W121/><G121/><T36/><D111/><U70/><E4/><V101/><F120/><W24/><G129/><T80/><D118/><U0/><E130/><V16/><F126/><W114/><G44/><T123/><D123/><U100/><E100/><V42/><F85/><W33/><G11/><T131/><D131/><U110/><E0/><V21/><F30/><W50/><G134/><N who="2" m="51817" /><F101/><W82/><G50/><T3/><D28/><U99/><E99/><V23/><F35/><N who="3" m="20903" /><G58/><T1/><D36/><U68/><E113/><N who="3" m="28930" /><W31/><DORA hai="5" /><G31/><T83/><D69/><U66/><E66/><V124/><F124/><W63/><G63/><T108/><D9/><U116/><E110/><V89/><F89/><W52/><G52/><T90/><D108/><U60/><E60/><V45/><F45/><W91/><G91/><T65/><D90/><U17/><E17/><V109/><F109/><W122/><G122/><T73/><D65/><U55/><E55/><V14/><F21/><W19/><G19/><T135/><D135/><U49/><E49/><AGARI ba="0,0" hai="14,16,23,42,46,49,57,61,64,105,106" m="51817" machi="49" ten="30,3900,0" yaku="20,1,52,1,54,1" doraHai="59,5" who="2" fromWho="1" sc="422,0,238,-39,238,39,102,0" owari="422,52.2,199,-20.1,277,7.7,102,-39.8" /></mjloggm>