<mjloggm ver="2.3"><GO type="169" lobby="0"/><UN n0="%E5%A4%96%E5%B7%9D%E7%AB%9C%E6%88%90" n1="%E5%B3%B6%E7%94%B0%E7%9C%9F%E5%A4%A2" n2="%E6%9D%BE%E5%B1%8B%E3%81%8A%E3%81%98%E3%81%95%E3%82%93" n3="%E3%81%9D%E3%81%B5%E3%81%81%E3%82%82%E3%82%93" dan="16,16,17,17" rate="2196.33,2162.65,2148.86,2212.46" sx="M,F,M,M"/><TAIKYOKU oya="0"/><INIT seed="0,0,0,4,4,76" ten="250,250,250,250" oya="0" hai0="66,111,27,53,70,17,114,46,134,68,94,102,99" hai1="20,59,55,12,39,77,112,9,135,25,49,64,63" hai2="45,96,4,37,48,91,97,86,108,132,21,71,100" hai3="36,23,92,38,93,118,44,62,2,90,109,43,110"/><T24/><D114/><U52/><E135/><V40/><F132/><W42/><G118/><T69/><D134/><U89/><E39/><V101/><F71/><W33/><G33/><T29/><D66/><U131/><E131/><V58/><F108/><W13/><G2/><T41/><D111/><U103/><E103/><V16/><F4/><W61/><G23/><T7/><D7/><U85/><E77/><V14/><F37/><W35/><G35/><T8/><D53/><U73/><E73/><V34/><F34/><W128/><G90/><T127/><D127/><U130/><E130/><V113/><F113/><W26/><G13/><T83/><D83/><N who="1" m="49343" /><E49/><V123/><F58/><W11/><G128/><T15/><REACH who="0" step="1"/><D29/><REACH who="0" ten="240,250,250,250" step="2"/><N who="1" m="17575" /><E112/><V6/><F6/><AGARI ba="0,1" hai="6,9,12,52,55,59,63,64" m="17575,49343" machi="6" ten="30,3900,0" yaku="8,1,52,1,54,1" doraHai="76" who="1" fromWho="2" sc="240,0,250,49,250,-39,250,0" /><INIT seed="1,0,0,2,0,83" ten="240,299,211,250" oya="1" hai0="133,67,69,81,85,32,37,109,78,63,95,53,43" hai1="65,130,54,47,3,15,11,96,112,29,79,42,106" hai2="17,57,73,117,82,24,22,56,89,75,91,49,39" hai3="45,61,87,107,4,62,105,51,113,70,76,58,114"/><U99/><E112/><V102/><F117/><W55/><G4/><T97/><D109/><U28/><E3/><V44/><F39/><W26/><G107/><T23/><D133/><U110/><E130/><V2/><F2/><W20/><G105/><T35/><D43/><U25/><E65/><V52/><F102/><W127/><G127/><T84/><D37/><U128/><E128/><V9/><F9/><W10/><G10/><T116/><D116/><U100/><E79/><V119/><F119/><W123/><G123/><T101/><D53/><U16/><E96/><V50/><F57/><W115/><G70/><T77/><D23/><U120/><E120/><V7/><F7/><W74/><G74/><T121/><D121/><U19/><E54/><V108/><F108/><W93/><G45/><T40/><D40/><U36/><REACH who="1" step="1"/><E110/><REACH who="1" ten="240,289,211,250" step="2"/><V30/><F75/><W118/><G118/><T38/><D38/><U34/><E34/><V48/><F73/><W103/><G76/><T13/><D13/><U66/><E66/><V1/><F1/><W8/><G55/><T131/><D131/><U0/><E0/><V5/><F52/><W12/><G12/><T126/><D126/><U134/><E134/><V59/><F59/><W33/><G58/><T64/><D64/><U27/><E27/><V80/><F56/><W60/><G113/><T88/><REACH who="0" step="1"/><D77/><REACH who="0" ten="230,289,211,250" step="2"/><U98/><E98/><V90/><F24/><W132/><G114/><T94/><AGARI ba="0,2" hai="32,35,63,67,69,78,81,84,85,88,94,95,97,101" machi="94" ten="20,16000,3" yaku="1,1,2,1,0,1,7,1,52,2,54,1,53,1" doraHai="83" doraHaiUra="86" who="0" fromWho="0" sc="230,180,289,-80,211,-40,250,-40" /><INIT seed="2,0,0,1,3,9" ten="410,209,171,210" oya="2" hai0="119,110,95,58,100,17,117,80,64,25,123,129,68" hai1="33,3,21,44,34,16,27,69,72,89,83,57,0" hai2="88,46,26,8,47,37,22,111,125,59,38,122,105" hai3="43,20,7,130,66,98,42,62,2,112,114,45,70"/><V131/><F122/><W71/><G98/><T124/><D68/><U97/><E69/><V103/><F125/><W14/><G2/><T101/><D123/><U133/><E133/><V84/><F131/><W82/><G71/><T4/><D4/><U55/><E3/><V36/><F59/><W49/><G130/><T78/><D129/><U94/><E0/><V50/><F111/><W81/><G42/><T40/><D40/><U18/><E44/><V96/><F8/><W32/><G32/><T102/><D95/><U99/><E99/><V54/><F47/><W104/><G104/><T121/><D121/><U118/><E118/><N who="0" m="45065" /><D124/><U126/><E126/><V109/><F109/><W77/><G20/><N who="0" m="13455" /><D110/><U56/><E56/><V48/><F48/><W60/><G60/><N who="0" m="37911" /><D102/><U35/><E72/><AGARI ba="0,0" hai="72,78,80,100,101" m="37911,13455,45065" machi="72" ten="30,1000,0" yaku="12,1" doraHai="9" who="0" fromWho="1" sc="410,10,209,-10,171,0,210,0" /><INIT seed="3,0,0,4,1,70" ten="420,199,171,210" oya="3" hai0="1,7,51,13,77,103,43,108,16,49,97,105,111" hai1="0,93,25,55,133,110,66,58,95,113,38,41,5" hai2="131,89,85,67,91,22,23,114,115,87,73,4,57" hai3="24,79,21,80,31,59,46,90,2,34,116,98,27"/><W12/><G116/><T81/><D7/><U11/><E113/><V6/><F57/><W50/><G2/><T63/><D63/><U92/><E133/><V29/><F29/><W62/><G12/><T129/><D1/><U121/><E121/><V8/><F73/><W86/><G98/><T75/><D129/><U36/><E110/><N who="0" m="42025" /><D43/><U106/><E106/><V107/><F107/><W9/><G9/><AGARI ba="0,0" hai="9,13,16,49,51,75,77,81,97,103,105" m="42025" machi="9" ten="30,2000,0" yaku="14,1,54,1" doraHai="70" who="0" fromWho="3" sc="420,20,199,0,171,0,210,-20" /><INIT seed="4,0,0,1,0,5" ten="440,199,171,190" oya="0" hai0="71,44,8,50,105,2,47,125,27,34,26,116,91" hai1="107,20,101,58,3,49,9,55,66,112,115,92,25" hai2="59,82,28,17,132,124,32,83,134,120,128,76,38" hai3="88,69,41,81,70,100,57,10,29,99,79,31,108"/><T22/><D116/><U127/><E127/><V19/><F38/><W114/><G108/><T118/><D118/><U135/><E135/><N who="2" m="51755" /><F120/><W123/><G123/><T62/><D125/><U52/><E107/><V133/><N who="2" m="51763" /><V63/><DORA hai="61" /><F124/><W130/><G130/><T110/><D105/><U122/><E122/><V46/><F46/><W121/><G121/><T65/><D47/><U23/><E101/><V111/><F111/><W67/><G41/><T89/><D27/><U24/><E92/><V64/><F128/><W75/><G114/><N who="1" m="43562" /><E55/><V12/><F12/><W106/><G57/><T15/><D34/><U60/><E24/><N who="2" m="18439" /><F83/><W4/><G31/><T30/><D2/><U86/><E25/><V51/><F51/><W7/><G29/><T113/><D110/><U77/><E77/><V37/><F37/><W97/><G79/><T53/><D113/><U13/><E3/><V72/><AGARI ba="0,0" hai="17,19,59,63,64,72,76,82" m="18439,51763" machi="72" ten="40,2700,0" yaku="20,1,52,1" doraHai="5,61" who="2" fromWho="2" sc="440,-13,199,-7,171,27,190,-7" /><INIT seed="5,0,0,5,5,0" ten="427,192,198,183" oya="1" hai0="76,85,79,87,74,45,95,16,65,28,113,99,94" hai1="25,13,89,104,27,38,83,52,70,119,121,96,7" hai2="101,26,10,17,86,98,51,53,44,39,75,100,8" hai3="1,88,64,54,4,67,128,126,14,103,55,35,102"/><U29/><E121/><V80/><F75/><W127/><G35/><T109/><D109/><U32/><E70/><V93/><F39/><W91/><G14/><T106/><D28/><U30/><E38/><V62/><F100/><W18/><G18/><T107/><D16/><U48/><E119/><V31/><F62/><W43/><G43/><T11/><D11/><U40/><E40/><V42/><F42/><W56/><G56/><T77/><D45/><U2/><E2/><V34/><REACH who="2" step="1"/><F17/><REACH who="2" ten="427,192,188,183" step="2"/><W78/><G103/><T72/><D74/><U41/><E41/><V92/><F92/><W58/><G102/><T84/><D72/><U24/><E104/><V21/><F21/><W122/><G67/><T3/><D65/><U69/><E32/><V71/><F71/><W22/><G22/><T130/><D95/><N who="1" m="56431" /><E69/><V68/><F68/><W131/><G64/><T19/><D94/><U37/><E37/><V110/><F110/><W61/><G61/><T82/><D107/><U134/><E83/><V81/><F81/><W105/><G105/><T116/><D82/><U46/><E134/><V15/><F15/><W120/><G1/><T60/><D106/><U123/><E123/><V5/><F5/><W114/><G4/><T133/><D133/><U125/><E125/><V97/><F97/><W118/><G120/><T111/><D3/><U66/><E66/><V47/><F47/><W23/><G122/><T63/><D111/><U112/><E112/><V129/><F129/><W12/><G114/><T124/><D130/><U50/><E50/><V115/><F115/><W36/><G36/><RYUUKYOKU ba="0,1" sc="427,-15,192,15,188,15,183,-15" hai1="7,13,24,25,27,29,30,46,48,52" hai2="8,10,26,31,34,44,51,53,80,86,93,98,101" /><INIT seed="5,1,1,3,0,45" ten="412,207,203,168" oya="1" hai0="6,2,17,37,4,89,27,60,108,19,90,41,30" hai1="77,1,103,24,125,71,130,58,55,99,118,115,61" hai2="122,131,98,42,32,97,35,67,14,26,13,124,59" hai3="46,73,69,111,52,47,50,85,86,134,43,92,70"/><U83/><E118/><V132/><F122/><W0/><G111/><T75/><D75/><U120/><E120/><V34/><F124/><W104/><G73/><T126/><D41/><U5/><E125/><V106/><F132/><W53/><G104/><T133/><D37/><U11/><E115/><V63/><F131/><W40/><G0/><T121/><D60/><U28/><E71/><V7/><F7/><W101/><G101/><T56/><D56/><U25/><E28/><V82/><F42/><W88/><G134/><T22/><D90/><U29/><E29/><V102/><F97/><W105/><G105/><T51/><D89/><U78/><E130/><V72/><F26/><W21/><G21/><T10/><D6/><U93/><REACH who="1" step="1"/><E77/><REACH who="1" ten="412,197,203,168" step="2"/><V110/><F110/><W66/><G70/><T76/><D76/><U9/><E9/><V18/><F35/><W12/><G69/><T38/><D126/><U107/><E107/><V8/><F34/><W33/><G33/><T127/><D127/><U135/><E135/><V109/><F32/><W80/><G66/><T94/><D133/><U100/><E100/><V114/><F109/><W39/><G12/><T48/><D108/><U112/><E112/><V87/><F114/><W119/><G119/><T36/><D121/><U64/><E64/><V62/><F14/><W79/><AGARI ba="1,2" hai="39,40,43,46,47,50,52,53,79,80,85,86,88,92" machi="79" ten="20,8000,1" yaku="0,1,7,1,52,1,54,2" doraHai="45" who="3" fromWho="3" sc="412,-21,197,-41,203,-21,168,103" /><INIT seed="6,0,0,4,0,23" ten="391,156,182,271" oya="2" hai0="109,95,12,125,114,93,44,123,31,29,1,4,26" hai1="99,61,128,47,115,21,94,3,27,20,15,98,89" hai2="78,10,134,43,77,101,87,56,76,52,104,119,42" hai3="74,51,33,127,30,63,110,64,60,37,22,54,45"/><V14/><F119/><W62/><G74/><T8/><D109/><U88/><E3/><V40/><F134/><W55/><G33/><T84/><D123/><U90/><E115/><V117/><F117/><W28/><G110/><T83/><D125/><U135/><E135/><V132/><F132/><W0/><G0/><T80/><D80/><U67/><E128/><V65/><F65/><W82/><G127/><T72/><D72/><U130/><E47/><V75/><F75/><W126/><G126/><T112/><D44/><U92/><E130/><V48/><F104/><W73/><G37/><T108/><D31/><U6/><E90/><V39/><F101/><W32/><G32/><N who="0" m="20535" /><D1/><U102/><E102/><V103/><F103/><W34/><G34/><T46/><D46/><U131/><E131/><V69/><F69/><W18/><G55/><T19/><D4/><U2/><E2/><V41/><N who="2" m="10240" /><DORA hai="11" /><V120/><F120/><W133/><G133/><T107/><D107/><U25/><E20/><V81/><F39/><W53/><G53/><T91/><D108/><U35/><E35/><V70/><F70/><W24/><G64/><T85/><D85/><U9/><E21/><V38/><F38/><W13/><G24/><T71/><D71/><AGARI ba="0,0" hai="6,9,15,25,27,61,67,71,88,89,92,94,98,99" machi="71" ten="30,12000,2" yaku="7,1,9,1,52,3,54,1" doraHai="23,11" who="1" fromWho="0" sc="391,-120,156,120,182,0,271,0" /><INIT seed="7,0,0,5,2,129" ten="271,276,182,271" oya="3" hai0="132,135,40,61,95,54,86,36,18,97,19,59,28" hai1="34,130,85,133,124,76,107,103,63,126,45,118,69" hai2="81,32,84,64,13,96,74,4,127,57,9,5,66" hai3="121,0,78,105,22,20,11,50,125,16,47,58,122"/><W23/><G105/><T119/><D119/><U83/><E34/><V113/><F113/><W33/><G78/><T48/><D36/><U27/><E118/><V88/><F127/><W35/><G58/><T12/><D28/><U49/><E130/><V52/><F32/><N who="3" m="12363" /><G50/><T82/><D40/><U101/><E27/><V77/><F5/><N who="3" m="1447" /><G47/><T30/><D30/><U110/><E107/><V92/><REACH who="2" step="1"/><F74/><REACH who="2" ten="271,276,172,271" step="2"/><W10/><G125/><T117/><D117/><U60/><E124/><V29/><F29/><W89/><G89/><N who="0" m="51415" /><D19/><U41/><E126/><V114/><F114/><W51/><G51/><AGARI ba="0,1" hai="4,9,13,51,52,57,64,66,77,81,84,88,92,96" machi="51" ten="30,8000,1" yaku="1,1,7,1,8,1,54,2,53,0" doraHai="129" doraHaiUra="70" who="2" fromWho="3" sc="271,0,276,0,172,90,271,-80" /><INIT seed="8,0,0,0,4,101" ten="271,276,262,191" oya="0" hai0="40,53,121,59,4,95,90,93,74,24,87,81,68" hai1="89,100,118,35,13,97,27,11,32,91,117,22,31" hai2="3,26,19,76,8,66,84,78,79,108,21,104,73" hai3="96,51,28,57,58,10,49,105,131,69,112,65,47"/><T39/><D68/><U55/><E55/><V30/><F108/><W85/><G112/><T33/><D121/><U60/><E60/><V36/><F36/><W46/><G28/><T86/><D39/><U72/><E72/><V122/><F122/><W34/><G34/><T17/><D74/><U12/><E12/><N who="2" m="7559" /><F104/><W116/><G85/><T103/><D33/><U54/><E54/><V135/><F3/><W130/><G10/><T99/><D40/><U127/><E127/><V7/><F135/><W110/><G96/><T113/><D113/><U16/><E32/><V61/><F7/><W6/><G6/><T45/><D45/><N who="3" m="16905" /><G105/><T82/><D4/><U129/><E35/><V126/><F126/><W56/><G110/><T123/><D123/><U5/><E5/><V29/><F73/><W38/><G38/><T0/><D0/><U18/><E31/><N who="2" m="17871" /><F84/><W80/><G80/><T111/><D111/><U37/><E37/><V88/><F88/><W102/><G102/><T119/><D119/><N who="1" m="45579" /><E89/><V124/><F124/><W115/><G115/><T41/><D87/><U9/><E91/><V48/><F48/><N who="3" m="18507" /><G116/><T52/><D41/><U77/><E77/><N who="2" m="19715" /><V1/><DORA hai="106" /><F1/><W64/><G69/><T128/><D81/><U63/><E97/><V107/><F107/><W94/><G94/><T42/><D42/><U62/><E100/><V20/><F20/><W71/><G71/><T2/><D2/><U83/><E83/><V125/><F125/><W23/><G23/><N who="0" m="13423" /><D82/><U134/><E134/><V67/><F30/><W114/><G114/><T120/><D120/><U14/><E22/><RYUUKYOKU ba="0,0" sc="271,-10,276,-10,262,-10,191,30" hai3="56,57,58,64,65,130,131" /><INIT seed="9,1,0,1,1,14" ten="261,266,252,221" oya="1" hai0="31,22,69,4,59,10,66,114,124,116,28,72,43" hai1="5,30,119,19,78,82,25,51,88,27,118,41,13" hai2="111,42,112,101,62,92,44,117,68,9,37,58,110" hai3="26,18,39,91,29,129,61,21,125,94,127,132,49"/><U74/><E5/><V47/><F117/><N who="1" m="44553" /><E88/><V93/><F68/><W113/><G39/><T57/><D72/><U102/><E102/><V128/><F128/><W63/><G113/><T53/><D69/><U20/><E30/><V87/><F47/><AGARI ba="1,0" hai="13,19,20,25,27,41,47,51,74,78,82" m="44553" machi="47" ten="30,2900,0" yaku="16,1,52,1" doraHai="14" who="1" fromWho="2" sc="261,0,266,32,252,-32,221,0" /><INIT seed="9,2,0,3,1,3" ten="261,298,220,221" oya="1" hai0="99,59,54,88,67,102,75,4,16,120,70,35,32" hai1="23,78,17,57,94,132,112,107,58,106,115,26,84" hai2="100,108,31,43,91,119,124,98,133,122,21,60,64" hai3="95,52,53,134,118,47,24,10,29,104,83,28,5"/><U135/><E94/><V129/><F108/><W77/><G104/><N who="1" m="39978" /><E84/><V117/><F122/><W71/><G71/><T49/><D75/><U111/><E78/><V6/><F43/><W38/><G95/><T80/><D120/><U121/><E121/><V92/><F124/><W86/><G134/><N who="1" m="51242" /><E111/><V85/><F133/><W96/><G96/><T65/><D99/><U116/><E116/><N who="2" m="44619" /><F129/><W15/><G118/><T46/><D80/><U36/><E36/><V66/><F6/><W7/><G7/><T48/><D4/><U40/><E40/><V18/><F31/><W42/><G29/><T30/><D30/><U113/><AGARI ba="2,0" hai="17,23,26,57,58,112,113,115" m="51242,39978" machi="113" ten="40,2100,0" yaku="20,1" doraHai="3" who="1" fromWho="1" sc="261,-9,298,27,220,-9,221,-9" owari="252,5.2,325,42.5,211,-28.9,212,-18.8" /></mjloggm>