<mjloggm ver="2.3"><GO type="169" lobby="0"/><UN n0="%E3%83%96%E3%83%AA%E3%83%92%E3%83%A9%E3%83%9E%E3%82%B5" n1="%46%75%77%61" n2="%E7%AC%B9%E9%A4%85" n3="%68%61%6B%75%30%37" dan="16,17,17,18" rate="2093.70,2194.85,2228.85,2193.77" sx="M,M,M,M"/><TAIKYOKU oya="0"/><INIT seed="0,0,0,3,2,6" ten="250,250,250,250" oya="0" hai0="85,55,47,72,101,112,53,41,5,39,33,48,116" hai1="12,70,62,98,106,44,95,22,2,59,32,109,54" hai2="123,82,122,23,120,49,126,135,118,93,128,45,35" hai3="99,65,97,10,105,18,29,79,90,9,56,113,125"/><T1/><D116/><U20/><E2/><V114/><F35/><W92/><G113/><T69/><D112/><U111/><E32/><V27/><F114/><W94/><G105/><T96/><D72/><U36/><E106/><V51/><F118/><W117/><G117/><T84/><D69/><U129/><E129/><V15/><F128/><W115/><G115/><T63/><D63/><U100/><E12/><V88/><F135/><W17/><G29/><T13/><D1/><U133/><E133/><V78/><F126/><W0/><G79/><T19/><D5/><U89/><E100/><V75/><F15/><W108/><G108/><N who="1" m="41546" /><E70/><V132/><F132/><W68/><G68/><T134/><D33/><U42/><AGARI ba="0,0" hai="20,22,36,42,44,54,59,62,89,95,98" m="41546" machi="42" ten="30,1100,0" yaku="14,1" doraHai="6" who="1" fromWho="1" sc="250,-5,250,11,250,-3,250,-3" /><INIT seed="1,0,0,5,5,127" ten="245,261,247,247" oya="1" hai0="118,122,3,14,79,42,13,57,120,30,63,77,115" hai1="29,91,21,108,69,41,35,18,119,56,111,93,104" hai2="112,89,78,75,99,67,102,54,98,114,40,88,123" hai3="62,23,52,133,47,110,70,17,95,72,65,51,49"/><U25/><E119/><V26/><F40/><W5/><G110/><N who="1" m="42026" /><E69/><V11/><F67/><W85/><G72/><T125/><D3/><U7/><E104/><N who="2" m="63575" /><F54/><W92/><G133/><T22/><D115/><N who="2" m="44074" /><F26/><W103/><G5/><T101/><D125/><U33/><E41/><V76/><F11/><W61/><G103/><T84/><D42/><U36/><E36/><V46/><F46/><W34/><G34/><N who="1" m="12810" /><E7/><V90/><F123/><W87/><G61/><T55/><D118/><U43/><E43/><V2/><F2/><W4/><G4/><T6/><D101/><U130/><E56/><V31/><F31/><W116/><G116/><T66/><D6/><U32/><N who="1" m="12818" /><U131/><DORA hai="129" /><E29/><V132/><F132/><W1/><G1/><T135/><D57/><U68/><E68/><V109/><F109/><W15/><REACH who="3" step="1"/><G49/><REACH who="3" ten="245,261,247,237" step="2"/><T60/><D135/><U106/><E106/><V107/><F75/><W38/><G38/><T27/><D122/><U81/><E81/><V58/><F58/><W9/><G9/><T82/><D63/><U24/><E24/><V73/><F73/><W113/><G113/><T71/><D60/><U16/><E18/><V50/><F50/><W12/><G12/><T96/><D14/><U126/><E126/><V100/><AGARI ba="0,1" hai="76,78,88,89,90,99,100,107" m="44074,63575" machi="100" ten="40,8000,1" yaku="11,1,34,2,54,1" doraHai="127,129" who="2" fromWho="2" sc="245,-20,261,-40,247,90,237,-20" /><INIT seed="2,0,0,3,5,66" ten="225,221,337,217" oya="2" hai0="132,12,64,5,120,133,11,78,95,65,91,122,75" hai1="88,45,123,70,85,80,124,90,27,20,127,101,24" hai2="77,93,34,6,113,52,31,72,35,63,83,22,129" hai3="30,84,55,21,103,110,112,62,16,1,114,9,46"/><V109/><F113/><W18/><G110/><T50/><D50/><U58/><E70/><V43/><F109/><W102/><G30/><T4/><D78/><U76/><E45/><V51/><F129/><W119/><G119/><T121/><D75/><U71/><E71/><V26/><F6/><W57/><G84/><T32/><D32/><U116/><E116/><V100/><F43/><W73/><G73/><T60/><D4/><U29/><E123/><V92/><F63/><W99/><G46/><T36/><D36/><U106/><E58/><V67/><F67/><W69/><G69/><T125/><D125/><N who="1" m="48203" /><E27/><V79/><F79/><W40/><G40/><T108/><D108/><U104/><E101/><V15/><F100/><W19/><G21/><T87/><D65/><U118/><E118/><V47/><REACH who="2" step="1"/><F15/><REACH who="2" ten="225,221,327,217" step="2"/><W13/><G102/><T115/><D115/><N who="3" m="44073" /><G1/><T111/><D111/><U48/><E48/><V49/><F49/><W38/><G38/><T41/><D41/><U107/><AGARI ba="0,1" hai="20,24,29,76,80,85,88,90,104,106,107" m="48203" machi="107" ten="40,2700,0" yaku="18,1,54,1" doraHai="66" who="1" fromWho="1" sc="225,-7,221,37,327,-13,217,-7" /><INIT seed="3,0,0,4,0,63" ten="218,258,314,210" oya="3" hai0="78,96,41,114,2,94,5,47,122,95,91,132,125" hai1="92,62,14,102,39,36,46,23,86,12,26,32,88" hai2="99,9,35,37,21,54,116,97,65,69,13,53,8" hai3="49,126,84,77,16,25,107,7,50,44,1,74,45"/><W73/><G107/><T48/><D122/><U127/><E32/><V52/><F35/><W10/><G126/><T129/><D125/><U81/><E127/><V70/><F116/><W120/><G120/><T90/><D132/><U58/><E39/><V3/><F37/><W89/><G77/><T123/><D123/><U66/><E46/><V113/><F113/><W0/><G0/><T17/><D129/><U4/><E4/><V43/><F43/><W109/><G109/><T103/><D114/><U31/><E36/><V76/><F76/><W111/><G111/><T18/><D78/><U33/><E33/><V106/><F3/><W29/><G49/><T19/><D2/><U34/><E34/><V100/><F99/><AGARI ba="0,0" hai="12,14,23,26,31,58,62,66,81,86,88,92,99,102" machi="99" ten="40,8000,1" yaku="25,2,8,1,52,1,54,1" doraHai="63" who="1" fromWho="2" sc="218,0,258,80,314,-80,210,0" /><INIT seed="4,0,0,2,3,115" ten="218,338,234,210" oya="0" hai0="63,106,31,118,125,17,128,64,40,52,84,77,68" hai1="133,30,44,108,87,25,58,131,94,56,110,50,135" hai2="27,8,1,61,78,13,117,39,120,16,38,116,134" hai3="59,29,65,34,96,69,47,22,76,36,12,7,53"/><T14/><D106/><U20/><E87/><V109/><F109/><W28/><G34/><T37/><D118/><N who="2" m="45674" /><F120/><W132/><G132/><N who="1" m="50762" /><E94/><V71/><F134/><W51/><G76/><T126/><D128/><U67/><E131/><V10/><F78/><W32/><G32/><T107/><D107/><U85/><E85/><V79/><F79/><W83/><G83/><T119/><D119/><U124/><E124/><N who="0" m="47721" /><D31/><U35/><E35/><V70/><F27/><W111/><G111/><N who="1" m="42538" /><E67/><N who="2" m="41327" /><F71/><W23/><G69/><T97/><D84/><U88/><E88/><V24/><F24/><W113/><G28/><T6/><D77/><U80/><E80/><V129/><F129/><W127/><G29/><T73/><D68/><U102/><E102/><V15/><F1/><W98/><G127/><T104/><D97/><U48/><E48/><V101/><F101/><W42/><G96/><T100/><D100/><U26/><E26/><V18/><AGARI ba="0,0" hai="8,10,13,15,16,18,38,39" m="41327,45674" machi="18" ten="30,8000,1" yaku="12,1,52,3,54,1" doraHai="115" who="2" fromWho="2" sc="218,-40,338,-20,234,80,210,-20" /><INIT seed="5,0,0,2,3,91" ten="178,318,314,190" oya="1" hai0="79,120,61,21,109,62,123,54,112,17,48,4,20" hai1="76,13,59,45,101,111,89,67,86,53,47,125,46" hai2="126,132,115,85,6,135,34,134,57,65,114,88,81" hai3="14,56,33,66,128,69,77,98,95,68,106,50,75"/><U24/><E125/><V0/><F34/><W82/><G33/><T73/><D109/><U99/><E111/><V129/><F126/><W19/><G106/><T27/><D112/><N who="2" m="43050" /><F129/><W74/><G74/><T25/><D4/><U78/><E67/><V64/><F57/><W105/><G105/><T102/><D79/><U103/><E24/><V49/><F49/><W131/><G68/><T35/><D73/><U121/><E121/><N who="0" m="46665" /><D35/><U1/><E1/><V100/><F100/><N who="1" m="38473" /><E13/><V92/><F81/><W80/><G80/><T116/><D102/><U10/><E10/><AGARI ba="0,0" hai="0,6,10,64,65,85,88,92,132,134,135" m="43050" machi="10" ten="40,8000,1" yaku="20,1,15,1,11,1,52,1,54,1" doraHai="91" who="2" fromWho="1" sc="178,0,318,-80,314,80,190,0" /><INIT seed="6,0,0,1,5,12" ten="178,238,394,190" oya="2" hai0="64,123,95,35,54,13,129,36,82,11,79,103,62" hai1="53,57,77,114,19,31,117,1,15,23,68,108,125" hai2="16,126,72,86,45,41,81,66,98,133,111,14,50" hai3="7,51,9,134,122,3,32,93,119,67,10,52,30"/><V69/><F72/><W105/><G105/><T20/><D35/><U96/><E117/><V29/><F133/><W59/><G119/><T26/><D123/><U101/><E108/><V115/><F111/><W6/><G122/><T24/><D36/><U75/><E68/><V112/><F126/><W47/><G134/><T116/><D129/><U92/><E125/><V135/><F135/><W70/><G70/><T84/><D116/><U61/><E114/><N who="2" m="43563" /><F29/><W97/><G30/><T113/><D113/><U17/><E1/><V55/><F98/><W34/><G59/><N who="0" m="35191" /><D64/><U39/><E39/><V87/><F69/><W37/><G67/><T2/><D2/><U118/><E118/><V89/><F66/><W40/><G9/><T18/><D11/><U120/><E120/><V132/><F132/><W124/><G6/><T5/><D5/><U99/><E99/><AGARI ba="0,0" hai="13,18,20,24,26,79,82,84,95,99,103" m="35191" machi="99" ten="30,2000,0" yaku="8,1,52,1" doraHai="12" who="0" fromWho="1" sc="178,20,238,-20,394,0,190,0" /><INIT seed="7,0,0,4,3,38" ten="198,218,394,190" oya="3" hai0="69,112,116,74,28,20,60,13,68,65,51,84,104" hai1="133,33,44,111,15,9,128,50,42,91,95,5,97" hai2="94,3,81,46,31,88,126,36,92,127,101,113,1" hai3="98,124,67,132,100,130,23,39,75,45,70,129,14"/><W83/><G132/><T30/><D74/><U40/><E33/><V134/><F134/><W78/><G124/><N who="2" m="47657" /><F113/><W7/><G67/><T58/><D104/><U77/><E128/><V82/><F31/><W107/><G70/><T4/><D116/><U102/><E111/><V34/><F34/><W17/><REACH who="3" step="1"/><G7/><REACH who="3" ten="198,218,394,180" step="2"/><T61/><D69/><U63/><E133/><V18/><F1/><W119/><G119/><T16/><D112/><U0/><E0/><V10/><F3/><W32/><G32/><T55/><D4/><U64/><E64/><V115/><F115/><W87/><G87/><T103/><D103/><U57/><E102/><V47/><F101/><W108/><G108/><T125/><D125/><U118/><E118/><V71/><F71/><W27/><G27/><T43/><REACH who="0" step="1"/><D84/><REACH who="0" ten="188,218,394,180" step="2"/><U106/><E106/><V22/><F18/><W59/><G59/><T117/><D117/><U6/><E6/><V80/><F47/><AGARI ba="0,2" hai="13,16,20,28,30,43,47,51,55,58,60,61,65,68" machi="47" ten="40,5200,0" yaku="1,1,52,1,54,1,53,0" doraHai="38" doraHaiUra="86" who="0" fromWho="2" sc="188,72,218,0,394,-52,180,0" owari="260,6.0,218,-18.2,342,44.2,180,-32.0" /></mjloggm>