<mjloggm ver="2.3"><GO type="169" lobby="0"/><UN n0="%77%73%62%61" n1="%E5%9C%A8%E5%8E%9F%E4%B8%83%E6%B5%B7%E5%A4%A7%E5%A5%BD%E3%81%8D" n2="%E3%83%AA%E3%83%BC%E3%83%81%E3%83%89%E3%83%A9" n3="%E6%A1%9C%E5%B0%8F%E8%B7%AF%E6%89%8D%E8%8F%AF" dan="17,17,17,16" rate="2226.96,2208.50,2179.37,2161.71" sx="M,M,M,M"/><TAIKYOKU oya="0"/><INIT seed="0,0,0,2,3,43" ten="250,250,250,250" oya="0" hai0="54,135,113,47,53,17,68,69,21,28,29,128,98" hai1="30,99,101,27,60,96,45,91,112,61,67,31,1" hai2="124,65,51,127,8,105,41,32,62,123,18,76,103" hai3="117,110,74,55,133,90,95,15,20,34,57,52,134"/><T100/><D113/><U97/><E1/><V82/><F32/><W70/><G117/><T10/><D135/><N who="3" m="51721" /><G34/><T36/><D10/><U116/><E116/><V4/><F18/><N who="3" m="10335" /><G110/><T12/><D128/><U23/><E112/><V89/><F89/><W94/><G70/><T88/><D68/><U83/><E31/><V106/><F123/><W72/><G55/><T6/><D6/><U114/><E114/><V109/><F109/><W111/><G111/><T125/><D69/><U71/><E61/><V25/><F25/><W26/><G26/><T77/><D77/><U126/><E126/><V92/><F62/><N who="3" m="36135" /><G95/><N who="0" m="56679" /><D125/><U3/><E67/><V16/><F65/><W56/><G56/><T38/><D38/><U19/><E71/><V115/><F115/><W73/><G73/><T35/><D36/><U118/><E60/><V0/><F124/><W80/><G80/><T33/><D54/><U7/><E83/><V104/><F127/><W58/><G58/><T44/><D53/><U66/><E66/><V93/><F92/><W120/><G120/><T85/><D33/><U46/><E118/><V79/><F82/><W119/><G119/><T102/><D35/><U122/><E122/><V2/><F2/><W87/><AGARI ba="0,0" hai="72,74,87,90,94" m="36135,10335,51721" machi="87" ten="30,2000,0" yaku="20,1,54,1" doraHai="43" who="3" fromWho="3" sc="250,-10,250,-5,250,-5,250,20" /><INIT seed="1,0,0,3,4,109" ten="240,245,245,270" oya="1" hai0="66,75,134,48,15,23,117,4,95,52,106,98,68" hai1="96,81,60,112,41,59,85,115,77,22,121,10,130" hai2="49,132,61,62,51,25,11,70,30,122,78,69,129" hai3="13,118,18,40,108,128,35,125,92,24,39,82,58"/><U71/><E121/><V89/><F122/><W29/><G108/><T33/><D33/><U107/><E71/><V19/><F132/><W74/><G128/><T80/><D117/><U101/><E130/><V79/><F129/><W123/><G123/><T131/><D106/><U67/><E41/><V88/><F25/><W135/><G135/><T17/><D131/><U111/><E111/><V53/><F19/><W97/><G118/><T72/><D4/><U124/><E124/><V113/><F11/><W105/><G105/><T44/><D80/><U42/><E42/><V116/><F53/><W14/><G125/><T102/><REACH who="0" step="1"/><D134/><REACH who="0" ten="230,245,245,270" step="2"/><U110/><E110/><V2/><F116/><W31/><G82/><T34/><D34/><U50/><E10/><V100/><F2/><W1/><G1/><T133/><D133/><U56/><E22/><V99/><F70/><W26/><G35/><T45/><D45/><U21/><E21/><V84/><F69/><W103/><G74/><T55/><D55/><U38/><E107/><V6/><F6/><W8/><G8/><T120/><D120/><U37/><E81/><V43/><F43/><W73/><G40/><T5/><D5/><U32/><E32/><V91/><F79/><W93/><G73/><T104/><D104/><N who="1" m="63527" /><E37/><V64/><F78/><W27/><G39/><T16/><D16/><U86/><E77/><V28/><F28/><N who="3" m="10827" /><G18/><T9/><D9/><U83/><E38/><V3/><F30/><W47/><G47/><T127/><D127/><U0/><E0/><V36/><F3/><W87/><G58/><N who="1" m="22058" /><E83/><N who="2" m="49183" /><F36/><W119/><G119/><RYUUKYOKU ba="0,1" sc="230,15,245,-15,245,-15,270,15" hai0="15,17,23,44,48,52,66,68,72,75,95,98,102" hai3="13,14,24,26,27,87,92,93,97,103" /><INIT seed="2,1,1,4,4,105" ten="245,230,230,285" oya="2" hai0="68,5,53,129,58,69,97,26,65,16,98,32,94" hai1="103,66,47,74,44,8,50,128,12,54,17,41,56" hai2="132,28,23,63,86,29,64,87,71,61,130,48,92" hai3="19,116,55,20,99,18,122,1,59,117,39,133,120"/><V126/><F132/><W118/><G39/><T123/><D123/><U108/><E108/><V95/><F130/><W101/><G1/><T62/><D129/><U51/><E128/><V2/><F2/><W13/><G133/><T75/><D5/><U127/><E127/><V49/><F64/><W52/><G19/><T124/><D98/><U43/><E74/><V14/><F14/><W91/><G91/><N who="0" m="55519" /><D32/><U107/><E107/><V82/><F82/><W10/><G20/><N who="0" m="13575" /><D124/><U67/><REACH who="1" step="1"/><E103/><REACH who="1" ten="245,220,230,285" step="2"/><V24/><F126/><W111/><G111/><T42/><D75/><U38/><AGARI ba="1,2" hai="8,12,17,38,41,43,44,47,50,51,54,56,66,67" machi="38" ten="20,5200,0" yaku="1,1,2,1,0,1,7,1,53,0" doraHai="105" doraHaiUra="30" who="1" fromWho="1" sc="245,-14,220,75,230,-27,285,-14" /><INIT seed="3,0,0,5,3,4" ten="231,295,203,271" oya="3" hai0="106,45,39,90,114,60,112,20,19,21,11,33,64" hai1="128,134,87,97,15,61,38,109,3,99,22,63,122" hai2="9,42,56,88,65,46,67,23,105,86,29,126,85" hai3="127,82,14,92,135,35,13,69,66,81,74,44,83"/><W80/><G35/><T55/><D33/><U27/><E3/><V16/><F105/><W43/><G135/><T78/><D106/><U52/><E122/><V89/><F126/><W1/><G1/><T129/><D78/><U84/><E38/><V40/><F29/><W51/><G127/><T96/><D129/><U50/><E109/><V58/><F23/><W123/><G123/><T120/><D120/><U94/><E99/><V59/><F46/><W108/><G108/><T68/><D21/><U103/><E15/><N who="2" m="7279" /><F86/><N who="1" m="32809" /><E134/><V124/><F89/><W115/><G115/><T132/><D132/><U31/><E128/><V12/><F12/><W130/><G130/><T104/><D104/><U6/><E6/><V93/><F124/><W107/><G107/><T0/><D20/><U37/><E37/><V57/><N who="2" m="14336" /><DORA hai="116" /><V76/><F76/><W100/><G74/><T113/><D39/><U28/><E31/><V62/><F62/><W2/><G2/><T118/><D118/><U125/><E125/><V71/><F71/><W24/><G14/><N who="0" m="7647" /><D0/><U75/><E75/><V41/><AGARI ba="0,0" hai="40,41,42,65,67,85,88,93" m="14336,7279" machi="41" ten="50,8000,1" yaku="8,1,52,1,54,2" doraHai="4,116" who="2" fromWho="2" sc="231,-20,295,-20,203,80,271,-40" /><INIT seed="4,0,0,1,4,47" ten="211,275,283,231" oya="0" hai0="85,124,14,15,23,10,73,135,113,125,94,66,8" hai1="97,95,2,43,110,35,60,84,126,27,93,106,79" hai2="103,22,59,91,29,34,17,52,129,78,0,104,102" hai3="63,41,44,28,25,117,39,82,61,53,70,112,40"/><T57/><D73/><U89/><E2/><V30/><F0/><W107/><G117/><T120/><D120/><U48/><E110/><V68/><F68/><W50/><G107/><T65/><D135/><U122/><E106/><V3/><F3/><W87/><G112/><T24/><D113/><U101/><E126/><N who="0" m="48745" /><D8/><U121/><E60/><V55/><F55/><W42/><G39/><T90/><D57/><U16/><E35/><V19/><F78/><W75/><G75/><T80/><D94/><U108/><E79/><V45/><F45/><W119/><G119/><T18/><D15/><U118/><E108/><V77/><F77/><W116/><G116/><T133/><D133/><U111/><E111/><V114/><F114/><W56/><G70/><T58/><D58/><U13/><E118/><V131/><F91/><W72/><G72/><T128/><D128/><U20/><E122/><V7/><F104/><W4/><G4/><AGARI ba="0,0" hai="4,10,14,18,23,24,65,66,80,85,90" m="48745" machi="4" ten="30,1500,0" yaku="18,1" doraHai="47" who="0" fromWho="3" sc="211,15,275,0,283,0,231,-15" /><INIT seed="4,1,0,0,1,41" ten="226,275,283,216" oya="0" hai0="76,22,13,51,104,34,9,64,73,45,70,92,37" hai1="47,42,36,81,59,33,77,68,30,28,10,11,71" hai2="106,103,123,57,114,116,24,111,135,107,20,46,52" hai3="4,21,129,61,18,120,90,93,133,110,91,27,40"/><T84/><D34/><U7/><E59/><V119/><F123/><W83/><G110/><T60/><D104/><U67/><E11/><V121/><F121/><W134/><G120/><T118/><D37/><U12/><E67/><V69/><F69/><W132/><G129/><T17/><D118/><N who="2" m="45098" /><F114/><W124/><G124/><T115/><D73/><U99/><E99/><V50/><F111/><W122/><G122/><T6/><D115/><U113/><E113/><V44/><F135/><W86/><G4/><T43/><D92/><U62/><E62/><V2/><F2/><W108/><G108/><T109/><D109/><U78/><E78/><V63/><F103/><W94/><G40/><T102/><D102/><U130/><E130/><V105/><F63/><W85/><REACH who="3" step="1"/><G61/><REACH who="3" ten="226,275,283,206" step="2"/><T54/><D43/><U26/><REACH who="1" step="1"/><E30/><AGARI ba="1,1" hai="20,24,30,44,46,50,52,57,105,106,107" m="45098" machi="30" ten="40,8000,1" yaku="12,1,52,2,54,1" doraHai="41" who="2" fromWho="1" sc="226,0,275,-83,283,93,206,0" /><INIT seed="5,0,0,0,4,22" ten="226,192,376,206" oya="1" hai0="89,115,123,130,84,3,86,83,111,91,58,41,72" hai1="45,114,17,40,48,75,33,71,98,5,27,76,43" hai2="77,116,103,25,65,101,127,28,97,51,7,2,94" hai3="18,49,73,32,16,10,52,78,53,95,63,106,112"/><U99/><E114/><V6/><F116/><W79/><G106/><T62/><D111/><U122/><E122/><V69/><F127/><W23/><G32/><T125/><D115/><U93/><E71/><V109/><F109/><W120/><G120/><T44/><D3/><U14/><E43/><V80/><F2/><W26/><G73/><T39/><D130/><U61/><E61/><V8/><F101/><W113/><G95/><T110/><D125/><U68/><E68/><V105/><F8/><W46/><G112/><T29/><D72/><U4/><E99/><V12/><F12/><N who="3" m="7191" /><G113/><T37/><D110/><U55/><E76/><N who="3" m="29226" /><G63/><T119/><D119/><U74/><E75/><V100/><F94/><W88/><G88/><T82/><D123/><U56/><E74/><V31/><F103/><W67/><G67/><T85/><D85/><U90/><E33/><V96/><F97/><W104/><G104/><T131/><D131/><U35/><E35/><V59/><F69/><W81/><G81/><T0/><D0/><U128/><E128/><V42/><F80/><W21/><G21/><T50/><REACH who="0" step="1"/><D29/><REACH who="0" ten="216,192,376,206" step="2"/><U108/><E108/><V134/><F31/><W135/><G135/><T30/><D30/><U87/><E87/><V36/><F134/><W121/><G121/><T34/><D34/><U13/><E4/><V132/><F7/><W20/><G20/><T15/><D15/><U57/><E5/><V129/><F6/><W117/><G117/><T1/><D1/><U133/><E133/><V64/><F132/><W126/><G126/><T38/><D38/><N who="1" m="21655" /><E13/><V9/><F129/><RYUUKYOKU ba="0,1" sc="216,15,192,-15,376,-15,206,15" hai0="37,39,41,44,50,58,62,82,83,84,86,89,91" hai3="18,23,26,46,49,52,53" /><INIT seed="6,1,1,5,0,75" ten="231,177,361,221" oya="2" hai0="96,79,92,21,31,98,121,107,2,20,72,26,6" hai1="30,112,53,123,117,128,99,70,40,129,52,115,27" hai2="135,66,42,14,103,48,1,49,45,124,5,50,102" hai3="125,60,95,18,126,47,93,3,28,0,81,29,89"/><V15/><F1/><N who="3" m="587" /><G18/><T120/><D107/><U101/><E117/><V71/><F135/><W68/><G81/><T69/><D69/><U94/><E70/><V133/><F133/><W46/><G68/><T88/><D20/><U11/><E40/><V64/><F124/><N who="3" m="47723" /><G60/><T44/><D44/><N who="3" m="16937" /><G89/><T110/><D110/><U9/><E123/><V76/><F71/><W74/><G74/><T54/><D54/><U77/><E77/><V85/><F50/><W67/><G67/><T38/><D38/><U8/><E53/><V7/><F49/><W87/><G87/><T86/><D72/><U118/><E118/><V119/><F119/><W13/><G13/><T114/><D120/><U43/><E43/><V10/><F15/><W34/><G34/><T84/><D2/><U4/><E52/><V78/><F5/><W65/><G65/><N who="2" m="25193" /><F85/><W127/><N who="3" m="47731" /><W51/><DORA hai="132" /><G51/><T17/><D6/><U19/><E19/><V32/><F32/><W55/><G55/><T36/><D17/><U33/><REACH who="1" step="1"/><E4/><REACH who="1" ten="231,167,361,221" step="2"/><V109/><F78/><W23/><G29/><T56/><D31/><U131/><AGARI ba="1,2" hai="8,9,11,27,30,33,94,99,101,112,115,128,129,131" machi="131" ten="40,8000,1" yaku="1,1,2,1,0,1,19,1,53,0" doraHai="75,132" doraHaiUra="37,57" who="1" fromWho="1" sc="231,-21,167,103,361,-41,221,-21" /><INIT seed="7,0,0,2,5,66" ten="210,270,320,200" oya="3" hai0="103,82,90,85,26,46,116,112,131,12,64,65,61" hai1="56,14,81,23,96,29,98,120,4,6,134,124,30" hai2="121,122,62,17,36,13,0,123,101,92,2,39,44" hai3="125,58,76,7,107,72,1,53,49,38,5,41,87"/><W11/><G107/><T47/><D116/><U54/><E120/><V37/><F62/><W73/><G7/><N who="1" m="2602" /><E124/><V57/><F57/><W16/><G125/><T28/><D131/><U60/><E134/><V19/><F44/><W31/><G31/><N who="1" m="11786" /><E81/><V132/><F132/><W77/><G16/><AGARI ba="0,0" hai="14,16,23,54,56,60,96,98" m="11786,2602" machi="16" ten="30,2000,0" yaku="8,1,54,1" doraHai="66" who="1" fromWho="3" sc="210,0,270,20,320,0,200,-20" owari="210,-19.0,290,9.0,320,42.0,180,-32.0" /></mjloggm>