<mjloggm ver="2.3"><GO type="169" lobby="0"/><UN n0="%E3%82%82%E3%81%93%E3%81%BF" n1="%E5%90%89%E6%88%90%E5%89%9B" n2="%54%68%65%72%65%73%61%5F" n3="%EF%BC%A0%E6%AC%A1%E7%94%B7" dan="16,16,16,16" rate="2074.36,2083.91,2096.45,2101.46" sx="M,M,M,M"/><TAIKYOKU oya="0"/><INIT seed="0,0,0,1,2,120" ten="250,250,250,250" oya="0" hai0="56,35,52,19,50,122,45,107,6,72,11,18,5" hai1="7,99,113,135,127,12,30,106,97,28,134,119,54" hai2="74,65,131,66,36,2,27,89,15,21,76,111,83" hai3="25,24,110,133,47,132,51,49,34,32,0,42,93"/><T37/><D122/><U75/><E75/><V79/><F2/><W38/><G0/><T62/><D107/><U78/><E78/><V63/><F36/><W90/><G38/><T88/><D72/><U23/><E119/><V94/><F131/><W92/><G47/><T126/><D35/><U95/><E106/><V58/><F79/><W115/><G90/><T17/><D37/><U33/><E33/><V130/><F130/><W39/><G39/><T117/><D126/><U124/><E54/><V29/><F15/><W68/><G68/><T1/><D117/><U103/><E113/><V108/><REACH who="2" step="1"/><F65/><REACH who="2" ten="250,250,240,250" step="2"/><W41/><REACH who="3" step="1"/><G115/><REACH who="3" ten="250,250,240,240" step="2"/><T81/><D1/><U55/><E127/><V31/><F31/><W26/><G26/><T98/><D11/><U105/><E124/><V77/><F77/><W8/><G8/><T85/><REACH who="0" step="1"/><D98/><AGARI ba="0,2" hai="21,27,29,58,63,66,74,76,83,89,94,98,108,111" machi="98" ten="40,8000,1" yaku="1,1,52,2,53,1" doraHai="120" doraHaiUra="91" who="2" fromWho="0" sc="250,-80,250,0,240,100,240,0" /><INIT seed="1,0,0,4,1,48" ten="170,250,340,240" oya="1" hai0="9,51,81,42,6,87,20,25,124,34,134,16,91" hai1="3,12,104,72,38,94,120,57,116,46,74,10,55" hai2="128,29,115,32,111,28,59,45,62,7,26,77,64" hai3="22,114,11,27,23,126,44,70,76,105,89,106,92"/><U86/><E104/><V54/><F111/><W119/><G114/><T108/><D124/><U21/><E116/><V83/><F115/><W117/><G70/><T61/><D134/><U95/><E120/><V13/><F128/><W121/><G121/><T1/><D108/><U33/><E33/><V82/><F29/><W47/><G76/><T71/><D42/><U39/><E3/><V60/><F45/><W66/><G66/><T2/><D2/><U56/><E46/><V30/><F30/><W97/><G44/><T133/><D133/><U109/><E109/><V0/><F0/><W37/><G11/><T35/><REACH who="0" step="1"/><D51/><REACH who="0" ten="160,250,340,240" step="2"/><U68/><E38/><V5/><F13/><W102/><G126/><T65/><AGARI ba="0,1" hai="1,6,9,16,20,25,34,35,61,65,71,81,87,91" machi="65" ten="30,7900,0" yaku="1,1,2,1,0,1,54,1,53,0" doraHai="48" doraHaiUra="36" who="0" fromWho="0" sc="160,89,250,-39,340,-20,240,-20" /><INIT seed="2,0,0,0,0,83" ten="249,211,320,220" oya="2" hai0="18,12,110,70,115,4,19,31,22,35,120,116,129" hai1="14,51,96,67,33,58,36,133,98,126,55,9,16" hai2="81,32,82,54,24,69,50,57,11,90,72,84,0" hai3="106,21,65,88,64,6,66,37,45,56,109,5,17"/><V111/><F69/><W86/><G106/><T75/><D70/><U127/><E36/><V118/><F118/><W89/><G109/><T105/><D105/><U134/><E67/><V71/><F71/><W7/><G37/><T62/><D75/><U10/><E33/><V97/><F111/><W85/><G45/><T92/><D115/><U41/><E41/><V93/><F72/><W80/><G56/><T47/><D120/><U104/><E9/><V76/><F82/><N who="3" m="49207" /><G65/><T44/><D4/><U25/><E25/><AGARI ba="0,0" hai="5,6,7,17,21,25,64,66,80,86,89" m="49207" machi="25" ten="30,7700,0" yaku="8,1,52,2,54,1" doraHai="83" who="3" fromWho="1" sc="249,0,211,-77,320,0,220,77" /><INIT seed="3,0,0,0,4,14" ten="249,134,320,297" oya="3" hai0="120,107,74,71,18,81,25,113,23,9,24,31,44" hai1="33,32,26,116,110,134,36,57,115,19,59,104,61" hai2="93,66,132,103,126,111,124,64,60,6,114,75,86" hai3="80,54,94,73,135,51,39,97,21,7,99,95,121"/><W98/><G39/><T22/><D120/><U11/><E36/><V15/><F114/><W78/><G121/><T45/><D113/><U88/><E104/><V72/><F111/><W27/><G7/><T28/><D71/><U35/><E115/><V130/><F130/><W76/><G76/><T13/><D107/><U91/><E110/><V117/><F117/><W83/><G83/><T0/><D74/><U108/><E108/><V52/><F132/><W20/><G135/><T127/><D127/><N who="2" m="48682" /><F6/><W112/><G112/><T84/><D0/><U40/><E40/><V96/><F15/><W48/><G20/><T55/><D55/><U8/><E134/><V16/><F86/><W1/><G1/><T62/><D62/><U29/><E116/><V50/><F16/><W38/><G38/><T58/><D58/><U5/><E57/><N who="2" m="32919" /><F64/><W41/><G41/><T128/><D128/><U3/><E33/><V85/><F85/><W12/><G12/><T82/><D82/><U37/><E32/><V63/><F63/><W34/><G34/><T105/><D105/><U90/><E11/><V68/><AGARI ba="0,0" hai="60,66,68,72,75,93,96,103" m="32919,48682" machi="68" ten="30,2000,0" yaku="18,1,54,1" doraHai="14" who="2" fromWho="2" sc="249,-5,134,-5,320,20,297,-10" /><INIT seed="4,0,0,5,3,57" ten="244,129,340,287" oya="0" hai0="113,74,126,59,67,55,93,120,24,77,8,3,73" hai1="109,53,72,131,31,89,62,90,127,15,128,75,20" hai2="29,71,38,84,91,130,61,2,104,98,85,79,60" hai3="78,43,46,27,110,47,82,44,34,65,1,100,4"/><T41/><D113/><U7/><E7/><V35/><F38/><W68/><G110/><T125/><D120/><U88/><E109/><V12/><F2/><W106/><G34/><T37/><D67/><U114/><E15/><V33/><F71/><W0/><G27/><T11/><D37/><U117/><E20/><V107/><F12/><W17/><G17/><T92/><D41/><U28/><E117/><V99/><F91/><W39/><G0/><T122/><D122/><U83/><E83/><V118/><F29/><N who="1" m="11337" /><E114/><V69/><F69/><W58/><G68/><T94/><D24/><U56/><E127/><N who="0" m="48649" /><D77/><U18/><E18/><V16/><F16/><W121/><G121/><T36/><D36/><U6/><E6/><V45/><F45/><W97/><G58/><T119/><D119/><U135/><E135/><V96/><F96/><W112/><G65/><T26/><D26/><U14/><E14/><V133/><F118/><W111/><G111/><T116/><D116/><U23/><E23/><V70/><F70/><W40/><G40/><T48/><D3/><U9/><E9/><AGARI ba="0,0" hai="8,9,11,48,55,59,73,74,92,93,94" m="48649" machi="9" ten="30,1500,0" yaku="18,1" doraHai="57" who="0" fromWho="1" sc="244,15,129,-15,340,0,287,0" /><INIT seed="4,1,0,1,5,47" ten="259,114,340,287" oya="0" hai0="56,113,53,12,93,135,65,134,39,35,11,70,20" hai1="61,99,45,14,67,125,78,72,51,24,43,104,123" hai2="98,28,0,40,58,8,48,96,90,34,131,108,77" hai3="62,18,36,13,55,117,33,37,128,110,97,59,27"/><T100/><D113/><U120/><E125/><V32/><F108/><W130/><G110/><T87/><D35/><U69/><E14/><V80/><F0/><W103/><G117/><T15/><D39/><U88/><E78/><V71/><F71/><W89/><G89/><T91/><D70/><U16/><E72/><V83/><F8/><W105/><G27/><T21/><D65/><U30/><E88/><V133/><F90/><W79/><G79/><T73/><D73/><U1/><E1/><V38/><F77/><W84/><G84/><T107/><D107/><U114/><E114/><V42/><F38/><W111/><G33/><T86/><D86/><U66/><E66/><V132/><F28/><W95/><G105/><T129/><D129/><N who="3" m="49769" /><G111/><T57/><D57/><U4/><E4/><V112/><F58/><W82/><G82/><T102/><D21/><AGARI ba="1,0" hai="13,18,21,36,37,55,59,62,95,97,103" m="49769" machi="21" ten="30,1000,0" yaku="19,1" doraHai="47" who="3" fromWho="0" sc="259,-13,114,0,340,0,287,13" /><INIT seed="5,0,0,1,2,77" ten="246,114,340,300" oya="1" hai0="29,30,133,118,69,16,41,48,31,123,43,82,87" hai1="67,10,76,17,126,91,71,135,96,20,108,6,78" hai2="113,19,49,107,64,1,18,75,115,40,117,109,27" hai3="70,58,61,94,12,26,8,83,80,79,51,111,37"/><U120/><E120/><V44/><F109/><W2/><G37/><T73/><D118/><U4/><E108/><V103/><F117/><W54/><G2/><T63/><D73/><U5/><E126/><V122/><F122/><W131/><G131/><T84/><D133/><U119/><E119/><V129/><F129/><W66/><G111/><T36/><D36/><U99/><E135/><V85/><F75/><W55/><G26/><T59/><D87/><U22/><E67/><V116/><F116/><W106/><G106/><T35/><D35/><U32/><E71/><V81/><F1/><W53/><G94/><T92/><D92/><U25/><E32/><V110/><F110/><W7/><REACH who="3" step="1"/><G83/><REACH who="3" ten="246,114,340,290" step="2"/><T56/><D123/><U33/><E33/><V65/><F81/><W23/><G23/><T125/><D125/><U105/><E105/><V50/><F107/><W68/><G68/><T21/><D69/><U46/><E20/><V132/><F27/><W47/><G47/><N who="0" m="25711" /><D63/><U130/><E130/><V57/><F132/><W100/><G100/><T39/><D39/><U14/><E46/><V102/><F44/><W128/><G128/><T15/><D43/><U3/><E3/><V90/><F40/><W95/><G95/><T124/><D124/><U112/><E112/><V42/><F42/><W89/><G89/><AGARI ba="0,1" hai="15,16,21,29,30,31,56,59,82,84,89" m="25711" machi="89" ten="30,3900,0" yaku="8,1,52,1,54,1" doraHai="77" who="0" fromWho="3" sc="246,49,114,0,340,0,290,-39" /><INIT seed="6,0,0,3,1,106" ten="295,114,340,251" oya="2" hai0="43,19,30,59,111,32,36,112,126,122,28,130,114" hai1="86,80,96,44,69,51,92,87,0,24,70,62,100" hai2="67,65,57,27,42,38,58,60,37,53,76,97,7" hai3="129,101,131,17,41,118,35,93,71,127,124,47,89"/><V104/><F65/><W83/><G35/><T128/><D111/><U34/><E0/><V13/><F27/><W68/><G118/><T108/><D108/><U49/><E62/><V31/><F31/><N who="0" m="11818" /><D122/><U115/><E24/><V82/><F42/><W2/><G2/><T29/><D126/><N who="3" m="48169" /><G17/><T6/><D36/><U18/><E18/><V98/><F13/><W25/><G25/><N who="0" m="18479" /><D43/><U20/><E20/><V9/><F104/><W91/><G83/><T119/><D59/><U26/><E26/><V75/><F38/><N who="3" m="21943" /><G101/><T123/><D123/><U72/><E34/><V78/><F37/><W15/><G15/><T135/><D135/><U107/><E87/><V64/><F78/><W125/><N who="3" m="48177" /><W61/><DORA hai="66" /><G61/><T134/><D134/><U22/><E22/><V85/><F60/><W95/><G95/><T103/><D103/><U105/><E105/><V99/><F76/><W16/><G16/><T63/><D63/><U84/><E84/><V54/><F85/><N who="3" m="52399" /><G91/><T88/><D88/><U40/><E107/><V109/><F82/><W121/><G121/><T56/><D119/><U4/><E86/><V8/><F109/><W52/><G52/><T55/><D19/><U46/><E4/><V117/><F7/><W23/><G23/><T79/><D79/><U116/><E116/><V10/><F117/><W14/><G14/><T12/><D12/><U33/><E33/><V3/><F54/><W45/><G45/><T133/><D133/><U110/><E110/><V94/><F53/><W74/><G74/><T5/><D5/><U113/><E46/><V73/><F73/><RYUUKYOKU ba="0,0" sc="295,-10,114,-10,340,-10,251,30" hai3="68,71,129,131" /><INIT seed="7,1,0,4,2,75" ten="285,104,330,281" oya="3" hai0="28,135,64,1,38,125,87,107,59,16,67,131,14" hai1="63,78,4,24,109,31,133,93,72,22,33,32,36" hai2="80,83,129,58,128,70,50,26,79,116,53,110,17" hai3="7,92,101,35,15,119,3,68,90,97,104,111,76"/><W13/><G119/><T84/><D131/><N who="2" m="50250" /><F110/><W6/><G68/><T127/><D1/><U85/><E109/><V117/><F70/><W29/><G111/><T55/><D107/><U44/><E72/><N who="2" m="43111" /><F83/><W105/><G76/><T12/><D38/><U18/><E133/><V65/><F65/><N who="0" m="25162" /><D28/><U60/><E44/><V103/><F103/><W123/><G123/><T100/><D100/><U39/><E4/><V113/><F113/><W112/><G112/><T108/><D12/><U42/><E33/><V46/><F46/><W106/><G101/><T25/><D25/><U118/><E118/><V37/><F37/><W11/><REACH who="3" step="1"/><G6/><REACH who="3" ten="285,104,330,271" step="2"/><T56/><D108/><U96/><E42/><V43/><F43/><W20/><G20/><AGARI ba="1,1" hai="17,20,26,50,53,58,116,117" m="43111,50250" machi="20" ten="30,2000,0" yaku="19,1,52,1" doraHai="75" who="2" fromWho="3" sc="285,0,104,0,330,33,271,-23" owari="285,8.5,104,-39.6,363,46.3,248,-15.2" /></mjloggm>