<mjloggm ver="2.3"><GO type="169" lobby="0"/><UN n0="%E3%83%90%E3%82%AD" n1="%E3%81%9F%E3%81%8B%E3%81%AF%E3%81%97%E3%81%83%E3%81%83%E3%81%83" n2="%41%4C%50%45%52%49%4E" n3="%E6%B5%81%E3%82%8C%E3%81%AF%E3%81%82%E3%82%8A%E3%81%BE%E3%81%99%EF%BC%81" dan="16,16,16,17" rate="2114.75,2123.85,2143.68,2147.19" sx="M,M,M,M"/><TAIKYOKU oya="0"/><INIT seed="0,0,0,3,3,119" ten="250,250,250,250" oya="0" hai0="99,17,87,108,52,104,42,124,107,90,82,95,4" hai1="27,128,33,64,121,58,39,110,102,73,6,100,96" hai2="134,26,40,123,38,31,23,113,65,28,57,132,15" hai3="131,72,66,19,81,41,97,8,80,67,69,44,3"/><T16/><D124/><U45/><E73/><V32/><F113/><W10/><G131/><T54/><D108/><U36/><E110/><V48/><F38/><W120/><G97/><T111/><D111/><U62/><E128/><V135/><F40/><W103/><G103/><T61/><D42/><U116/><E116/><V12/><F48/><W126/><G126/><T130/><D130/><U5/><E100/><V91/><F91/><W59/><G69/><T89/><D4/><U46/><E36/><V68/><F68/><W70/><G59/><N who="0" m="35047" /><D107/><U78/><E78/><V55/><F65/><W79/><G67/><T101/><D104/><U1/><E121/><V24/><REACH who="2" step="1"/><F123/><REACH who="2" ten="250,250,240,250" step="2"/><W129/><G66/><T34/><D34/><U25/><E39/><V43/><F43/><W112/><G41/><T92/><D54/><U85/><E33/><V50/><AGARI ba="0,1" hai="12,15,23,24,26,28,31,32,50,55,57,132,134,135" machi="50" ten="30,7900,0" yaku="1,1,0,1,20,1,53,1" doraHai="119" doraHaiUra="53" who="2" fromWho="2" sc="250,-39,250,-20,240,89,250,-20" /><INIT seed="1,0,0,4,1,38" ten="211,230,329,230" oya="1" hai0="59,15,34,86,69,16,134,129,124,117,28,33,2" hai1="44,65,87,62,111,71,127,46,43,76,45,37,114" hai2="96,22,11,5,100,3,8,113,102,112,99,79,89" hai3="106,123,78,66,70,48,50,36,47,131,72,57,85"/><U53/><E114/><N who="2" m="44139" /><F79/><W25/><G106/><T17/><D117/><U23/><E127/><V77/><F77/><W81/><G123/><T68/><D2/><U133/><E133/><V51/><F22/><W74/><G131/><T60/><D124/><U39/><E111/><V7/><F51/><W13/><G25/><T30/><D129/><U105/><E105/><V110/><F110/><W128/><G128/><T121/><D121/><U41/><E23/><V19/><F19/><W73/><G70/><T29/><D17/><U82/><REACH who="1" step="1"/><E53/><REACH who="1" ten="211,220,329,230" step="2"/><V64/><F64/><W4/><G66/><T83/><D134/><U126/><E126/><V108/><F108/><W92/><G74/><T67/><D34/><U91/><E91/><V132/><F132/><W54/><G73/><T109/><D33/><U26/><E26/><V58/><F89/><W6/><G72/><T56/><D109/><U103/><E103/><V97/><F102/><W42/><G92/><T55/><D55/><U9/><E9/><V125/><F100/><W84/><G54/><T115/><D115/><U93/><E93/><V21/><F21/><W75/><G78/><T120/><D120/><U130/><E130/><V14/><F125/><W61/><G75/><T101/><D101/><U12/><E12/><V52/><F52/><W94/><G13/><T107/><D107/><U10/><E10/><V122/><F122/><W63/><G94/><T24/><D24/><U18/><E18/><V119/><F119/><W40/><G81/><T0/><D83/><U95/><E95/><V116/><F116/><W32/><G32/><RYUUKYOKU ba="0,1" sc="211,-15,220,15,329,15,230,-15" hai1="37,39,41,43,44,45,46,62,65,71,76,82,87" hai2="3,5,7,8,11,14,58,96,97,99" /><INIT seed="1,1,1,2,4,61" ten="196,235,344,215" oya="1" hai0="118,11,1,89,53,23,9,27,72,28,36,63,111" hai1="50,130,18,54,64,30,40,17,109,43,6,21,55" hai2="108,123,66,80,77,133,44,58,105,62,135,0,92" hai3="42,73,114,46,38,57,69,24,85,25,113,119,106"/><U16/><E130/><V5/><F105/><W94/><G119/><T19/><D118/><U98/><E109/><V122/><F108/><W74/><G69/><T65/><D72/><U22/><E6/><V83/><F92/><W41/><G106/><T76/><D76/><U116/><E116/><V3/><F44/><W115/><G42/><N who="1" m="15914" /><E30/><V49/><F49/><W68/><G68/><T34/><D36/><U124/><E124/><V81/><F77/><W59/><G74/><T107/><D107/><U35/><E35/><V95/><F95/><W101/><G73/><T31/><D111/><U52/><E98/><V93/><F93/><W70/><G70/><T97/><D1/><N who="2" m="586" /><F5/><W78/><G78/><T88/><D97/><U84/><E84/><V45/><F45/><W112/><G101/><T39/><D39/><U99/><E99/><V91/><F91/><W8/><G115/><T75/><D75/><U90/><E90/><V32/><F32/><W51/><G38/><T82/><D34/><U117/><E117/><V125/><F125/><W127/><G127/><T126/><D126/><U102/><E102/><V12/><F12/><W29/><G114/><T71/><D88/><U14/><E64/><V134/><AGARI ba="1,1" hai="58,62,66,80,81,83,122,123,133,134,135" m="586" machi="134" ten="40,2700,0" yaku="20,1,52,1" doraHai="61" who="2" fromWho="2" sc="196,-8,235,-14,344,40,215,-8" /><INIT seed="2,0,0,4,2,103" ten="188,221,384,207" oya="2" hai0="122,29,109,117,62,68,120,33,72,24,13,81,94" hai1="104,134,95,60,52,133,20,106,128,115,121,92,125" hai2="34,49,31,107,15,2,40,28,126,19,23,111,58" hai3="119,112,61,56,64,114,27,100,53,8,26,32,47"/><V6/><F107/><N who="1" m="41001" /><E115/><N who="3" m="44074" /><G119/><T87/><D117/><U71/><E125/><V130/><F58/><N who="3" m="36919" /><G100/><T43/><D43/><U105/><N who="1" m="41009" /><U22/><DORA hai="41" /><E128/><V67/><F67/><W36/><G32/><T73/><D94/><N who="1" m="35883" /><E121/><V59/><F130/><W37/><G8/><T83/><D122/><U38/><E38/><N who="3" m="14954" /><G27/><T12/><D120/><U46/><E71/><V80/><F31/><W55/><G26/><T82/><D68/><U0/><E0/><V78/><F28/><W85/><G85/><T98/><D87/><U7/><E7/><V70/><F6/><W96/><G96/><T21/><D24/><U77/><E77/><V48/><F78/><W124/><G124/><T129/><D29/><U135/><E60/><V11/><F126/><W131/><G131/><T39/><D62/><U88/><E88/><V9/><F2/><W45/><G56/><T99/><D129/><U50/><AGARI ba="0,0" hai="20,22,46,50,52,133,134,135" m="35883,41009" machi="50" ten="50,12000,2" yaku="20,1,52,5,54,1" doraHai="103,41" who="1" fromWho="1" sc="188,-30,221,120,384,-60,207,-30" /><INIT seed="3,0,0,1,4,38" ten="158,341,324,177" oya="3" hai0="131,95,72,10,101,3,25,81,100,37,134,1,68" hai1="94,126,108,132,5,29,35,130,31,120,14,41,83" hai2="73,76,93,119,82,62,36,116,102,98,59,70,89" hai3="110,13,92,40,9,42,33,67,111,112,99,71,125"/><W80/><G112/><T55/><D68/><U135/><E120/><V48/><F70/><W47/><G33/><T4/><D1/><U113/><E113/><V34/><F36/><W17/><G125/><T97/><D131/><U20/><E130/><V84/><F48/><W19/><G80/><T115/><D134/><U107/><E107/><V106/><REACH who="2" step="1"/><F34/><REACH who="2" ten="158,341,314,177" step="2"/><W90/><G47/><T22/><D115/><U86/><E35/><V18/><F18/><W52/><G19/><T75/><D37/><U45/><E45/><V46/><F46/><W56/><G71/><T61/><D61/><U118/><E132/><V117/><F117/><W39/><G39/><T16/><D55/><AGARI ba="0,1" hai="55,59,62,73,76,82,84,89,93,98,102,106,116,119" machi="55" ten="30,8000,1" yaku="1,1,7,1,24,2,53,1" doraHai="38" doraHaiUra="85" who="2" fromWho="0" sc="158,-80,341,0,314,90,177,0" /><INIT seed="4,0,0,5,1,122" ten="78,341,404,177" oya="0" hai0="117,103,63,8,84,2,27,48,5,53,11,45,16" hai1="100,132,40,26,135,3,23,131,29,82,30,97,42" hai2="123,35,6,87,44,24,65,25,47,104,59,58,52" hai3="110,126,19,0,38,111,70,41,130,121,94,125,13"/><T83/><D117/><U133/><E3/><V18/><F104/><W92/><G0/><T115/><D115/><U108/><E108/><N who="3" m="41514" /><G70/><T61/><D103/><U62/><E131/><V66/><F123/><W124/><G121/><T91/><REACH who="0" step="1"/><D27/><REACH who="0" ten="68,341,404,177" step="2"/><U98/><E100/><V67/><F25/><W89/><G130/><T127/><D127/><U57/><E26/><V73/><F24/><W112/><G112/><T15/><AGARI ba="0,1" hai="2,5,8,11,15,16,45,48,53,61,63,83,84,91" machi="15" ten="30,18000,2" yaku="1,1,0,1,25,2,54,1,53,1" doraHai="122" doraHaiUra="32" who="0" fromWho="0" sc="68,190,341,-60,404,-60,177,-60" /><INIT seed="4,1,0,4,0,108" ten="258,281,344,117" oya="0" hai0="38,79,30,7,13,111,126,24,72,16,0,60,87" hai1="37,122,68,8,36,120,84,130,83,86,97,6,92" hai2="67,75,48,49,3,59,115,69,70,55,57,32,88" hai3="25,45,127,117,35,43,5,133,19,99,124,65,47"/><T51/><D72/><U76/><E68/><V135/><F75/><W66/><G117/><T91/><D38/><U50/><E130/><V64/><F32/><W118/><G118/><T121/><D121/><U109/><E109/><V41/><F3/><W132/><G99/><T73/><D111/><U93/><E36/><V116/><F116/><W123/><G5/><T10/><D126/><N who="3" m="48169" /><G19/><T103/><D103/><U22/><E37/><V1/><F1/><W39/><G25/><T113/><D113/><U11/><E22/><V102/><F102/><W28/><G28/><T78/><D73/><U42/><E86/><V56/><F88/><W31/><G31/><T89/><D89/><U128/><E92/><V106/><F106/><W114/><G35/><T71/><D51/><N who="2" m="19530" /><F135/><N who="3" m="51787" /><G47/><T2/><D2/><U95/><E97/><V58/><F115/><W110/><G110/><T90/><D0/><U15/><E6/><V82/><F82/><W81/><G81/><T98/><D7/><U85/><E83/><V105/><F105/><W134/><N who="3" m="51795" /><W61/><DORA hai="112" /><G114/><T12/><D98/><U54/><E93/><V107/><F107/><W17/><G17/><T33/><D91/><U34/><E95/><V104/><F104/><W4/><G4/><N who="0" m="3143" /><D90/><U80/><E80/><V63/><F41/><W119/><G119/><T44/><D87/><U46/><E84/><V9/><F9/><W20/><G20/><N who="0" m="11279" /><D44/><U62/><E85/><V40/><F40/><W96/><G96/><T53/><D33/><U94/><E34/><V77/><F77/><N who="0" m="29194" /><D30/><U129/><E76/><V74/><F74/><RYUUKYOKU ba="1,0" sc="258,-10,281,-10,344,30,117,-10" hai2="55,56,57,58,59,63,64,67,69,70" /><INIT seed="5,2,0,1,2,116" ten="248,271,374,107" oya="1" hai0="98,108,96,117,118,65,32,82,120,17,97,61,121" hai1="4,78,76,58,94,54,7,84,26,34,45,124,19" hai2="75,41,6,92,2,74,11,80,128,39,14,122,86" hai3="13,43,52,89,83,72,113,49,99,53,35,114,90"/><U29/><E124/><V68/><F68/><W109/><G35/><T56/><D108/><U18/><E45/><V38/><F128/><W85/><G109/><T115/><D32/><U111/><E111/><V3/><F122/><N who="0" m="47210" /><D115/><N who="3" m="44041" /><G72/><T71/><D17/><U33/><E33/><V59/><F59/><W10/><G43/><T112/><D112/><U46/><E46/><V31/><F31/><W79/><G99/><T42/><D42/><U44/><E44/><V1/><F41/><W130/><G130/><T107/><D107/><U70/><E70/><V5/><F5/><N who="3" m="3279" /><G53/><T67/><D82/><U55/><E55/><V100/><F80/><W73/><G73/><T126/><D126/><U93/><E18/><V23/><F74/><W20/><G20/><T132/><D132/><U106/><E106/><V123/><F23/><W81/><G81/><T63/><AGARI ba="2,0" hai="56,61,63,65,67,71,96,97,98,117,118" m="47210" machi="63" ten="40,8000,1" yaku="13,1,52,3" doraHai="116" who="0" fromWho="0" sc="248,86,271,-42,374,-22,107,-22" /><INIT seed="6,0,0,0,1,117" ten="334,229,352,85" oya="2" hai0="121,54,97,114,101,45,27,47,43,55,14,79,23" hai1="131,73,33,112,103,12,80,29,51,50,95,53,113" hai2="123,111,93,83,35,127,7,5,135,130,70,15,91" hai3="60,107,128,40,16,105,129,13,108,94,100,58,133"/><V88/><F70/><W8/><G108/><T72/><D121/><U109/><E109/><V32/><F111/><W34/><G34/><T28/><D114/><U81/><E131/><N who="3" m="50250" /><G40/><T22/><D72/><U120/><E120/><V99/><F123/><W63/><G133/><T119/><D79/><U104/><E104/><N who="3" m="40010" /><G58/><T134/><D119/><U132/><E132/><V84/><F127/><W82/><G82/><T69/><D69/><U126/><E126/><V20/><F135/><W66/><G66/><T67/><D67/><U74/><E33/><V110/><F110/><W30/><G30/><T37/><D134/><U116/><E29/><V122/><F122/><W76/><G76/><T38/><D38/><U85/><E81/><V39/><F39/><W56/><G56/><T59/><D59/><U118/><E80/><V65/><F35/><W115/><G115/><T62/><D45/><U61/><E112/><V68/><F32/><W4/><G4/><T26/><D47/><U92/><E113/><V0/><F130/><W42/><G42/><T98/><D43/><U64/><E64/><V41/><F41/><W49/><G49/><T17/><D37/><U25/><E50/><V19/><F68/><W21/><G8/><N who="0" m="6343" /><D62/><U102/><E61/><V71/><F71/><W1/><G1/><T78/><D78/><U96/><E51/><V18/><F0/><W10/><G10/><T9/><D9/><U31/><E116/><V44/><F65/><W124/><G124/><T11/><D11/><U52/><E118/><V125/><F125/><W36/><G36/><T75/><D28/><RYUUKYOKU ba="0,0" sc="334,-10,229,-10,352,-10,85,30" hai3="13,16,21,60,63,94,100" /><INIT seed="7,1,0,3,0,81" ten="324,219,342,115" oya="3" hai0="83,10,1,67,72,113,92,62,79,44,114,12,106" hai1="123,56,0,55,103,30,94,78,39,129,91,124,122" hai2="134,13,35,90,125,50,110,11,23,37,73,89,25" hai3="115,130,104,47,15,107,49,135,98,63,95,127,74"/><W121/><G121/><T71/><D106/><U109/><E109/><V9/><F73/><W21/><G115/><N who="0" m="44043" /><D1/><U26/><E39/><V7/><F37/><W54/><G74/><T87/><D44/><U19/><E124/><V64/><F35/><W51/><G127/><T69/><D92/><U82/><E103/><V102/><F110/><W43/><G135/><T65/><D72/><U3/><E3/><V33/><F33/><W105/><G130/><T28/><D28/><U5/><E5/><V17/><F125/><W100/><G63/><N who="0" m="40127" /><D12/><U27/><E19/><V34/><F34/><W76/><G76/><T41/><D41/><U126/><E26/><V80/><F64/><W57/><G15/><T16/><D16/><U24/><E24/><V60/><F60/><W4/><G21/><T2/><D2/><U96/><E0/><V29/><F134/><W119/><REACH who="3" step="1"/><G4/><REACH who="3" ten="324,219,342,105" step="2"/><T86/><D79/><U131/><E126/><V132/><F132/><W75/><G75/><T99/><D62/><U70/><E122/><V53/><F23/><W8/><G8/><T14/><D10/><U117/><E123/><V61/><F13/><W108/><G108/><T128/><D14/><U77/><E129/><V59/><F11/><W58/><G58/><T20/><D20/><U46/><E56/><V101/><F59/><W118/><AGARI ba="1,1" hai="43,47,49,51,54,57,95,98,100,104,105,107,118,119" machi="118" ten="40,7800,0" yaku="1,1,0,1,53,1" doraHai="81" doraHaiUra="93" who="3" fromWho="3" sc="324,-27,219,-27,342,-27,105,91" /><INIT seed="7,2,0,5,1,79" ten="297,192,315,196" oya="3" hai0="89,16,77,127,11,68,91,117,107,94,66,88,130" hai1="47,45,71,43,41,26,114,128,120,49,129,99,124" hai2="3,108,34,75,21,60,12,36,8,44,48,123,53" hai3="67,92,118,9,81,103,115,121,24,133,131,113,13"/><W10/><G118/><T73/><D117/><U25/><E120/><V70/><F108/><W54/><G121/><T15/><D107/><U98/><E71/><V64/><F34/><W37/><G37/><T17/><D130/><N who="1" m="50283" /><E114/><N who="3" m="43530" /><G131/><T72/><D127/><U105/><E124/><V126/><F36/><W19/><G133/><T90/><D77/><U28/><E105/><V61/><F3/><W65/><G24/><N who="1" m="9322" /><E28/><V22/><F126/><W27/><G27/><T119/><D119/><U40/><E40/><V38/><F123/><W116/><G116/><T125/><D125/><U109/><E109/><V5/><F38/><AGARI ba="2,0" hai="38,41,43,45,47,49,98,99" m="9322,50283" machi="38" ten="30,1000,0" yaku="19,1" doraHai="79" who="1" fromWho="2" sc="297,0,192,16,315,-16,196,0" /><INIT seed="8,0,0,2,2,106" ten="297,208,299,196" oya="0" hai0="100,124,99,39,66,52,1,60,8,12,19,0,36" hai1="40,84,14,114,111,122,61,65,80,67,5,81,54" hai2="38,35,117,135,92,16,32,119,73,131,77,56,18" hai3="97,95,123,105,48,17,93,83,133,57,20,86,125"/><T75/><D75/><U37/><E122/><V42/><F56/><W15/><G123/><T70/><D124/><U47/><E111/><V91/><F131/><W21/><G125/><T134/><D134/><U87/><E114/><V4/><F4/><W69/><G69/><T6/><D52/><U76/><E14/><V26/><F135/><W68/><G68/><T120/><D120/><U74/><E5/><V46/><F73/><W94/><G133/><T109/><D109/><U89/><E84/><N who="2" m="52327" /><F77/><N who="3" m="46447" /><G105/><T88/><D88/><U25/><E25/><V102/><F102/><N who="3" m="60719" /><G21/><T11/><D0/><U107/><E107/><AGARI ba="0,0" hai="1,6,8,11,12,19,36,39,60,66,70,99,100,107" machi="107" ten="30,1500,0" yaku="7,1" doraHai="106" who="0" fromWho="1" sc="297,15,208,-15,299,0,196,0" owari="312,41.2,193,-30.7,299,9.9,196,-20.4" /></mjloggm>