<mjloggm ver="2.3"><GO type="169" lobby="0"/><UN n0="%E7%8C%9B%E5%8F%8D%E7%99%BA%E3%81%BE%E3%81%8F%E3%82%89" n1="%6B%E3%81%AE" n2="%E3%81%B3%E3%82%8D%E3%81%B4%E3%82%8D" n3="%E3%82%82%E3%81%93%E3%81%BF" dan="16,17,16,16" rate="2108.66,2223.23,2197.34,2080.52" sx="M,M,M,M"/><TAIKYOKU oya="0"/><INIT seed="0,0,0,4,4,27" ten="250,250,250,250" oya="0" hai0="76,35,102,67,117,15,113,86,34,126,75,3,90" hai1="30,45,123,103,81,99,55,96,58,100,91,61,11" hai2="105,116,6,25,132,89,28,110,36,114,5,46,22" hai3="93,9,122,54,84,70,128,72,29,130,40,2,12"/><T4/><D113/><U95/><E123/><V31/><F114/><W74/><G2/><T88/><D117/><U44/><E11/><V79/><F105/><W21/><G70/><T14/><D3/><U101/><E81/><V120/><F120/><W18/><G40/><T49/><D67/><U111/><E111/><V37/><F79/><W125/><G125/><T124/><D102/><U43/><E30/><V16/><F37/><W71/><G71/><T59/><D75/><U108/><E108/><V98/><F36/><W42/><G42/><T119/><D76/><U78/><E78/><V97/><F110/><W56/><G122/><T135/><D135/><U26/><E26/><V8/><F132/><W10/><G74/><T118/><D59/><U109/><E109/><V47/><F116/><W63/><G72/><T39/><D39/><U69/><E69/><V83/><F83/><W13/><G10/><T7/><D49/><N who="1" m="26783" /><E45/><N who="2" m="16907" /><F8/><W64/><G29/><N who="2" m="11337" /><F89/><W106/><G106/><T104/><D104/><U20/><E20/><V50/><F50/><W68/><G9/><T53/><D86/><AGARI ba="0,0" hai="55,58,61,86,91,95,96,99,100,101,103" m="26783" machi="86" ten="30,1000,0" yaku="8,1" doraHai="27" who="1" fromWho="0" sc="250,-10,250,10,250,0,250,0" /><INIT seed="1,0,0,1,4,76" ten="240,260,250,250" oya="1" hai0="53,51,61,66,17,112,64,12,49,18,102,121,74" hai1="38,83,50,131,89,111,122,42,23,93,82,134,100" hai2="39,21,5,73,60,33,32,52,95,43,69,127,1" hai3="9,47,132,37,68,77,7,106,109,4,34,94,55"/><U41/><E122/><V10/><F73/><W2/><G109/><T116/><D112/><U124/><E38/><V91/><F127/><W62/><G7/><T90/><D116/><U0/><E0/><V54/><F69/><W35/><G132/><T128/><D74/><U58/><E124/><V85/><F43/><N who="1" m="16393" /><E134/><V110/><F110/><W70/><G106/><T40/><D128/><U86/><E131/><V98/><F39/><W133/><G133/><T56/><D121/><U79/><E79/><V71/><F71/><W46/><G68/><T129/><D129/><U105/><E105/><V96/><F96/><W120/><G120/><T115/><D115/><U20/><E111/><V24/><F85/><W103/><G37/><T8/><D102/><U117/><E117/><V16/><REACH who="2" step="1"/><F60/><REACH who="2" ten="240,260,240,250" step="2"/><W130/><G130/><T57/><D40/><U118/><E118/><V75/><F75/><W22/><G62/><T80/><D51/><U31/><E100/><V3/><F3/><W48/><G70/><T67/><D61/><U135/><E135/><V104/><F104/><W123/><G123/><T108/><D108/><U65/><E50/><V27/><F27/><W63/><G48/><T72/><D72/><U15/><E15/><V113/><F113/><W59/><G103/><T13/><D57/><U30/><E58/><V78/><F78/><W92/><G77/><T6/><D13/><U97/><E97/><V25/><F25/><W87/><G59/><T44/><D56/><U14/><E14/><V19/><F19/><W101/><G2/><T28/><D28/><N who="1" m="10795" /><E65/><V99/><F99/><RYUUKYOKU ba="0,1" sc="240,10,260,10,240,10,250,-30" hai0="6,8,12,17,18,44,49,53,64,66,67,80,90" hai1="20,23,82,83,86,89,93" hai2="1,5,10,16,21,24,32,33,52,54,91,95,98" /><INIT seed="1,1,1,0,5,17" ten="250,270,250,220" oya="1" hai0="46,58,11,56,32,65,54,74,0,129,2,105,107" hai1="90,106,88,26,83,49,6,43,71,82,50,20,73" hai2="87,133,81,134,16,23,115,130,119,120,15,104,80" hai3="60,3,66,84,103,61,41,122,25,34,91,75,132"/><U102/><E71/><V35/><F119/><W110/><G122/><T1/><D32/><U57/><E6/><V7/><F120/><W124/><G3/><T111/><D111/><U76/><E106/><V128/><F115/><W108/><G75/><T37/><D129/><N who="2" m="49770" /><F35/><W116/><G41/><T85/><D74/><U52/><E102/><V69/><F69/><W97/><G116/><T53/><D11/><U86/><E43/><V99/><F7/><W19/><G124/><T109/><D109/><U135/><E135/><N who="2" m="51723" /><F87/><W123/><G123/><T33/><D85/><U100/><E100/><AGARI ba="1,1" hai="15,16,23,80,81,99,100,104" m="51723,49770" machi="100" ten="30,7700,0" yaku="19,1,20,1,52,1,54,1" doraHai="17" who="2" fromWho="1" sc="250,0,270,-80,250,90,220,0" /><INIT seed="2,0,0,0,3,135" ten="250,190,340,220" oya="2" hai0="3,59,86,93,114,20,65,30,132,22,129,4,1" hai1="127,37,99,133,100,32,79,51,130,25,27,98,126" hai2="117,120,11,64,87,53,110,115,97,28,73,12,102" hai3="101,54,96,107,62,58,24,122,84,31,74,29,116"/><V26/><F115/><W39/><G116/><T134/><D114/><U69/><E37/><V89/><F117/><W16/><G122/><T78/><D129/><U76/><E133/><N who="0" m="51305" /><D4/><U17/><E69/><V34/><F73/><W43/><G74/><T42/><D42/><U49/><E130/><V57/><F120/><W91/><G43/><T18/><D30/><U88/><E17/><V124/><F110/><W113/><G39/><T61/><D22/><U44/><E88/><V70/><F70/><W103/><G103/><T105/><D105/><U60/><E60/><V36/><F64/><W56/><G56/><T112/><D112/><U0/><E0/><V6/><F36/><W21/><REACH who="3" step="1"/><G113/><REACH who="3" ten="250,190,340,210" step="2"/><T95/><D59/><U50/><E44/><V68/><F68/><W83/><AGARI ba="0,1" hai="16,21,24,29,31,54,58,62,83,84,91,96,101,107" machi="83" ten="20,12000,2" yaku="1,1,2,1,0,1,7,1,54,1,53,1" doraHai="135" doraHaiUra="81" who="3" fromWho="3" sc="250,-30,190,-30,340,-60,210,130" /><INIT seed="3,0,0,0,0,21" ten="220,160,280,340" oya="3" hai0="97,83,48,47,104,87,132,72,120,12,36,66,129" hai1="125,37,78,42,30,26,80,134,13,59,56,46,91" hai2="10,65,114,15,14,70,54,20,135,75,79,85,90" hai3="118,34,96,17,23,22,106,76,61,77,67,98,50"/><W18/><G118/><T113/><D120/><U31/><E125/><V86/><F75/><W68/><G34/><T100/><D132/><U63/><E134/><V124/><F135/><W123/><G123/><T127/><D129/><U7/><E31/><V122/><F122/><W131/><G131/><T60/><D127/><U49/><E91/><V69/><F114/><W71/><G50/><T121/><D121/><U84/><E37/><V4/><F65/><W95/><G106/><T57/><D113/><U117/><E63/><V107/><F107/><W25/><G71/><T94/><D12/><U93/><E93/><V33/><F33/><W45/><G45/><T41/><D72/><U3/><E3/><V111/><F111/><W64/><G64/><T130/><D130/><U108/><E108/><V44/><F79/><W116/><G116/><T88/><REACH who="0" step="1"/><D36/><REACH who="0" ten="210,160,280,340" step="2"/><U8/><REACH who="1" step="1"/><E117/><REACH who="1" ten="210,150,280,340" step="2"/><V6/><F124/><W53/><G77/><T102/><D102/><U1/><E1/><V105/><F90/><W126/><G76/><T38/><D38/><U62/><E62/><V5/><F14/><W16/><G126/><T43/><D43/><U29/><E29/><V128/><F15/><W39/><G39/><T109/><D109/><U89/><E89/><V73/><F128/><W58/><G61/><T0/><D0/><U2/><E2/><V32/><F73/><W11/><G67/><T35/><D35/><AGARI ba="0,2" hai="7,8,13,26,30,35,42,46,49,56,59,78,80,84" machi="35" ten="30,8000,1" yaku="1,1,7,1,25,2,52,1,53,0" doraHai="21" doraHaiUra="101" who="1" fromWho="0" sc="210,-80,150,100,280,0,340,0" /><INIT seed="4,0,0,1,2,98" ten="130,250,280,340" oya="0" hai0="57,59,89,52,107,47,41,11,83,99,85,9,14" hai1="53,68,15,79,130,105,82,20,78,88,66,118,23" hai2="38,30,56,7,45,109,21,39,31,19,0,8,40" hai3="49,37,70,64,48,55,67,112,92,65,134,44,18"/><T74/><D74/><U73/><E118/><V12/><F109/><W104/><G104/><T120/><D120/><U111/><E111/><V87/><F39/><W61/><G134/><T115/><D115/><U28/><E130/><V132/><F132/><W1/><G1/><T116/><D116/><U34/><E34/><V123/><F123/><W110/><G110/><T125/><D125/><U103/><E66/><N who="3" m="25706" /><G18/><T6/><D9/><U135/><E68/><V119/><F119/><W113/><G92/><T80/><D80/><U2/><E2/><V128/><F128/><W106/><G106/><T27/><D27/><U81/><E135/><V117/><F117/><W25/><G25/><T26/><D26/><U22/><E28/><V46/><F56/><N who="3" m="32879" /><G48/><N who="0" m="26735" /><D107/><U72/><E15/><V35/><F35/><W101/><G101/><T5/><D99/><U121/><E88/><V129/><F129/><W76/><G76/><T58/><D5/><U75/><E75/><V97/><F87/><W86/><G86/><T60/><AGARI ba="0,0" hai="6,11,14,52,57,58,59,60,83,85,89" m="26735" machi="60" ten="30,3000,0" yaku="8,1,54,1" doraHai="98" who="0" fromWho="0" sc="130,30,250,-10,280,-10,340,-10" /><INIT seed="4,1,0,3,5,119" ten="160,240,270,330" oya="0" hai0="103,123,43,6,89,83,40,102,131,94,67,87,12" hai1="79,22,26,39,125,105,68,0,104,7,14,20,117" hai2="108,30,75,134,36,32,29,64,71,21,18,16,46" hai3="95,96,72,33,11,38,110,42,13,86,115,84,112"/><T130/><D67/><U76/><E117/><V59/><F108/><W93/><G110/><T135/><D135/><U65/><E39/><V56/><F134/><W54/><G33/><T109/><D109/><U122/><E0/><V58/><F75/><W51/><G72/><T9/><D123/><U90/><E122/><V70/><F18/><W106/><G106/><T85/><D103/><U88/><E125/><V128/><F128/><N who="0" m="49194" /><D102/><U127/><E127/><V91/><F91/><AGARI ba="1,0" hai="6,9,12,40,43,83,85,87,89,91,94" m="49194" machi="91" ten="30,1500,0" yaku="19,1" doraHai="119" who="0" fromWho="2" sc="160,18,240,0,270,-18,330,0" /><INIT seed="4,2,0,5,5,96" ten="178,240,252,330" oya="0" hai0="124,115,19,121,127,72,123,59,95,3,48,97,118" hai1="79,45,36,94,114,134,32,100,27,42,113,30,13" hai2="6,122,14,7,54,65,83,31,16,2,57,53,110" hai3="17,15,23,50,111,26,86,66,92,10,131,68,88"/><T76/><D3/><U71/><E71/><V28/><F110/><W82/><G131/><T117/><D19/><U69/><E69/><V22/><F122/><N who="0" m="46602" /><D48/><U125/><E125/><N who="0" m="48201" /><D59/><U74/><E134/><V75/><F75/><W11/><G111/><T93/><D115/><N who="1" m="44043" /><E79/><V77/><F65/><W21/><G68/><T89/><D95/><U133/><E133/><V70/><F70/><W120/><G66/><T5/><D5/><N who="2" m="1546" /><F2/><W135/><G135/><T126/><N who="0" m="48209" /><T56/><DORA hai="9" /><D56/><U105/><E94/><V0/><F0/><W106/><G120/><T20/><D20/><U101/><E105/><V62/><F54/><W78/><G106/><T24/><D24/><U84/><E13/><V81/><F77/><W80/><G78/><T116/><D76/><U67/><E27/><V4/><N who="2" m="1554" /><V55/><DORA hai="85" /><F55/><W128/><G26/><T46/><D46/><U18/><E45/><V1/><F1/><W91/><G92/><T112/><D112/><U12/><E12/><V47/><F47/><W39/><G15/><T61/><D61/><U108/><E108/><V34/><F34/><W52/><G52/><T90/><D72/><U41/><E74/><V60/><F60/><W99/><G39/><T40/><D40/><U63/><E41/><V49/><F62/><W104/><G104/><T103/><AGARI ba="2,0" hai="89,90,93,97,103,116,117,118" m="48209,46602" machi="103" ten="50,18000,2" yaku="18,1,34,2,52,3" doraHai="96,9,85" who="0" fromWho="0" sc="178,186,240,-62,252,-62,330,-62" /><INIT seed="4,3,0,5,3,38" ten="364,178,190,268" oya="0" hai0="47,62,83,26,17,15,21,135,74,55,12,95,10" hai1="113,134,33,68,40,22,97,133,30,2,13,116,44" hai2="94,121,71,81,11,96,86,25,41,53,32,84,8" hai3="114,111,45,24,23,117,64,127,115,43,27,60,4"/><T1/><D135/><N who="1" m="51723" /><E116/><V75/><F121/><W7/><G111/><T56/><D95/><U123/><E68/><V119/><F119/><W0/><G127/><T46/><D1/><U87/><E123/><V76/><F71/><W101/><G101/><T110/><D110/><U48/><E2/><V104/><F32/><W129/><G129/><T19/><D74/><U99/><E113/><N who="3" m="43018" /><G0/><T125/><D125/><U37/><E33/><V118/><F118/><W88/><G88/><T82/><REACH who="0" step="1"/><D26/><REACH who="0" ten="354,178,190,268" step="2"/><N who="1" m="16727" /><E13/><V79/><F25/><W78/><G24/><T69/><D69/><U92/><E92/><V54/><F94/><W77/><G117/><T103/><D103/><U18/><E97/><V16/><F96/><W102/><G102/><T59/><D59/><U66/><E99/><V72/><F72/><W120/><G120/><T58/><D58/><U42/><E87/><V3/><F75/><W31/><G4/><T107/><D107/><U36/><E66/><V126/><F104/><W132/><G7/><T109/><D109/><U34/><E34/><V39/><F126/><W128/><G132/><T108/><D108/><U6/><E6/><V122/><F122/><W93/><G93/><T124/><D124/><U67/><E67/><V112/><F112/><W70/><G128/><T57/><D57/><U85/><E85/><V63/><F3/><W65/><G65/><T35/><D35/><U130/><E130/><V9/><F84/><W49/><AGARI ba="3,1" hai="23,27,31,43,45,49,60,64,70,77,78" m="43018" machi="49" ten="30,2000,0" yaku="15,1,52,1" doraHai="38" who="3" fromWho="3" sc="354,-13,178,-8,190,-8,268,39" /><INIT seed="5,0,0,0,1,94" ten="341,170,182,307" oya="1" hai0="122,107,48,77,4,90,47,127,111,103,31,60,29" hai1="98,19,67,57,121,117,30,101,118,68,119,16,21" hai2="58,51,80,135,82,71,41,99,13,108,54,109,62" hai3="33,28,123,96,114,55,79,97,12,112,113,15,7"/><U73/><E121/><V38/><F135/><W129/><G123/><T76/><D122/><U45/><E73/><V91/><F108/><W34/><G129/><T102/><D111/><U2/><E2/><V133/><F133/><W22/><G79/><N who="0" m="30283" /><D107/><U92/><E45/><V20/><F109/><W42/><G42/><T74/><D74/><U25/><E68/><V81/><F38/><W105/><G105/><T59/><D4/><U87/><E87/><V70/><F41/><W3/><G3/><T5/><D5/><U18/><E119/><V116/><F116/><W0/><G0/><T26/><D90/><U130/><E130/><V125/><F125/><W35/><G55/><N who="0" m="30111" /><D127/><U106/><E106/><V50/><F71/><W36/><G36/><T88/><D88/><U132/><E132/><V134/><F70/><W120/><G120/><T46/><D46/><U9/><E9/><V40/><F40/><W66/><G66/><N who="0" m="39199" /><D26/><U53/><REACH who="1" step="1"/><E67/><REACH who="1" ten="341,160,182,307" step="2"/><V11/><F134/><W100/><G113/><T78/><D78/><U32/><E32/><V75/><F75/><W65/><G65/><T56/><D56/><U63/><AGARI ba="0,1" hai="16,18,19,21,25,30,53,57,63,92,98,101,117,118" machi="63" ten="30,12000,1" yaku="1,1,0,1,52,1,54,1,53,1" doraHai="94" doraHaiUra="52" who="1" fromWho="1" sc="341,-40,160,130,182,-40,307,-40" /><INIT seed="5,1,0,2,3,126" ten="301,290,142,267" oya="1" hai0="0,8,53,61,108,130,14,70,107,18,121,117,74" hai1="96,43,49,60,87,45,77,104,29,11,123,128,129" hai2="76,56,32,113,15,88,46,21,116,120,119,20,59" hai3="65,68,122,39,134,40,94,83,54,10,75,91,24"/><U30/><E123/><V25/><F120/><W69/><G122/><T2/><D121/><RYUUKYOKU type="kaze4" ba="1,0" sc="301,0,290,0,142,0,267,0" /><INIT seed="5,2,0,5,1,23" ten="301,290,142,267" oya="1" hai0="48,95,133,8,4,7,28,66,92,54,46,72,127" hai1="33,94,89,80,25,82,6,81,121,51,17,68,10" hai2="120,98,60,126,105,109,76,59,114,130,99,102,108" hai3="56,22,129,117,135,128,77,132,131,34,61,74,44"/><U63/><E121/><V65/><F120/><W31/><G117/><T30/><D133/><N who="3" m="51273" /><G34/><T113/><D113/><U27/><E33/><V122/><F122/><W69/><G69/><T2/><D127/><U13/><E51/><V111/><F126/><W21/><G44/><T62/><D72/><U12/><E63/><V49/><F130/><W55/><G31/><T11/><D95/><U73/><E68/><V103/><F114/><W40/><G40/><T75/><D92/><U18/><E73/><V1/><F1/><W85/><G85/><T14/><REACH who="0" step="1"/><D75/><REACH who="0" ten="291,290,142,267" step="2"/><U115/><E115/><V15/><F76/><W124/><G74/><T125/><D125/><U42/><E42/><V57/><F15/><W71/><G77/><T3/><D3/><U20/><E6/><V24/><F24/><W67/><G124/><T35/><D35/><U119/><E119/><V88/><F88/><W79/><G79/><T78/><D78/><U134/><REACH who="1" step="1"/><E134/><REACH who="1" ten="291,280,142,267" step="2"/><V93/><REACH who="2" step="1"/><F49/><AGARI ba="2,2" hai="21,22,49,55,56,61,67,71,128,129,131" m="51273" machi="49" ten="40,2600,0" yaku="19,1,20,1" doraHai="23" who="3" fromWho="2" sc="291,0,280,0,142,-32,267,52" /><INIT seed="6,0,0,5,2,43" ten="291,280,110,319" oya="2" hai0="21,37,54,114,95,60,117,115,55,4,82,133,126" hai1="75,85,10,53,103,125,45,80,69,11,56,36,39" hai2="123,74,104,101,122,79,48,84,40,29,61,62,41" hai3="107,16,12,100,38,93,65,97,13,81,72,23,20"/><V24/><F74/><W3/><G3/><T25/><D133/><U78/><E69/><V87/><F123/><W7/><G38/><T130/><D130/><U89/><E125/><V9/><F122/><W0/><G65/><T28/><D126/><U2/><E103/><V5/><F104/><W47/><G0/><T66/><D117/><U34/><E34/><V121/><F101/><W30/><G72/><T49/><D37/><U58/><E58/><V108/><F108/><W1/><G1/><T90/><D82/><U8/><E2/><V57/><F121/><W77/><G7/><T102/><D102/><U112/><E112/><N who="0" m="43049" /><D49/><U98/><E98/><V19/><F19/><W70/><G70/><N who="0" m="42311" /><D4/><U22/><E22/><V120/><F120/><W92/><G107/><T68/><D68/><U32/><E32/><V67/><F62/><W52/><G81/><T76/><D76/><U109/><E109/><V88/><F79/><W91/><G77/><T118/><D118/><U129/><E129/><V124/><F124/><W44/><G93/><T6/><D6/><U99/><E99/><AGARI ba="0,0" hai="21,25,28,54,55,90,95,99" m="42311,43049" machi="99" ten="30,1000,0" yaku="15,1" doraHai="43" who="0" fromWho="1" sc="291,10,280,-10,110,0,319,0" /><INIT seed="7,0,0,5,2,105" ten="301,270,110,319" oya="3" hai0="26,16,88,76,91,106,45,82,90,112,87,43,66" hai1="78,81,31,95,36,101,80,3,48,11,86,0,61" hai2="114,53,118,94,126,84,71,46,47,62,108,110,57" hai3="125,135,63,127,83,14,4,28,13,117,33,58,98"/><W19/><G135/><T51/><D112/><U124/><E36/><V17/><F17/><W10/><G117/><T77/><D106/><U120/><E124/><N who="3" m="47690" /><G83/><T5/><D5/><U29/><E120/><V131/><F126/><W42/><G42/><T133/><D133/><U109/><E109/><V65/><F94/><W99/><G28/><T9/><D66/><U75/><E48/><V20/><F20/><N who="3" m="11375" /><G33/><T89/><D26/><U79/><E61/><V23/><F23/><W69/><G69/><T7/><REACH who="0" step="1"/><D16/><REACH who="0" ten="291,270,110,319" step="2"/><U24/><E11/><V50/><F84/><W12/><G12/><AGARI ba="0,1" hai="7,9,12,43,45,51,76,77,82,87,88,89,90,91" machi="12" ten="40,8000,1" yaku="1,1,2,1,8,1,54,1,53,0" doraHai="105" doraHaiUra="30" who="0" fromWho="3" sc="291,90,270,0,110,0,319,-80" owari="381,48.1,270,7.0,110,-39.0,239,-16.1" /></mjloggm>