<mjloggm ver="2.3"><GO type="169" lobby="0"/><UN n0="%E5%85%A8%E9%80%9F%E3%82%86%E3%83%BC%E3%81%B8%E3%81%84" n1="%61%6B%69%62%61%62%61%6E" n2="%E3%82%B5%E3%83%96%E3%82%A2%E3%83%A9%E3%83%89" n3="%73%79%61%6D%6F" dan="18,17,16,16" rate="2246.51,2181.26,2058.63,2127.31" sx="M,M,M,M"/><TAIKYOKU oya="0"/><INIT seed="0,0,0,1,5,85" ten="250,250,250,250" oya="0" hai0="69,17,26,49,27,39,20,107,109,70,30,6,38" hai1="92,114,65,106,32,91,52,3,23,89,110,0,113" hai2="108,5,72,90,130,125,124,11,28,132,37,56,102" hai3="76,126,98,35,14,43,34,119,62,134,81,86,2"/><T19/><D107/><U97/><E32/><V33/><F108/><W57/><G119/><T63/><D6/><U96/><E110/><V44/><F72/><W93/><G2/><T104/><D104/><U122/><E65/><V87/><F102/><W12/><G126/><N who="2" m="48745" /><F130/><W40/><G134/><T121/><D109/><U54/><E23/><V115/><F115/><N who="1" m="44041" /><E122/><V22/><F33/><W129/><G34/><T15/><D121/><U77/><E77/><V25/><F56/><W64/><G35/><T42/><D30/><U88/><E106/><V9/><F132/><W80/><G129/><T105/><D105/><U74/><E74/><V13/><F11/><W103/><REACH who="3" step="1"/><G80/><REACH who="3" ten="250,250,250,240" step="2"/><T21/><D15/><AGARI ba="0,1" hai="12,14,15,40,43,57,62,64,76,81,86,93,98,103" machi="15" ten="40,5200,0" yaku="1,1,2,1,8,1,53,0" doraHai="85" doraHaiUra="71" who="3" fromWho="0" sc="250,-52,250,0,250,0,240,62" /><INIT seed="1,0,0,2,2,35" ten="198,250,250,302" oya="1" hai0="108,116,21,135,22,133,94,1,56,99,40,4,134" hai1="112,103,115,86,33,23,42,78,71,102,129,38,18" hai2="46,120,54,62,5,59,82,123,76,110,30,2,84" hai3="77,26,17,73,100,124,61,66,111,65,85,126,132"/><U16/><E71/><V83/><F110/><W29/><G111/><T122/><D108/><U57/><E33/><V95/><F95/><W36/><G36/><T60/><D116/><U7/><E129/><V130/><F130/><W117/><G117/><T131/><D40/><U39/><E7/><V20/><F46/><W90/><G132/><T97/><D131/><U80/><E57/><V49/><F62/><W119/><G119/><T63/><D122/><U72/><E72/><V127/><F127/><N who="3" m="48683" /><G100/><T109/><D109/><U101/><E18/><V55/><F55/><W125/><N who="3" m="48691" /><W32/><DORA hai="70" /><G17/><T15/><D15/><U9/><E9/><V98/><F98/><N who="0" m="37386" /><D94/><U27/><REACH who="1" step="1"/><E42/><REACH who="1" ten="198,240,250,302" step="2"/><V92/><F123/><W113/><G73/><T106/><D63/><U58/><E58/><V118/><F120/><W107/><G61/><T47/><D106/><U41/><E41/><V44/><F118/><W89/><G107/><T6/><D6/><U12/><E12/><V93/><F59/><W34/><G32/><T79/><D56/><U87/><E87/><V121/><F121/><W3/><G85/><T50/><D60/><U8/><E8/><V43/><F43/><W28/><G34/><T69/><D69/><U105/><E105/><V104/><F104/><W91/><G113/><AGARI ba="0,1" hai="16,23,27,38,39,78,80,86,101,102,103,112,113,115" machi="113" ten="40,12000,1" yaku="1,1,52,2,54,1,53,1" doraHai="35,70" doraHaiUra="53,74" who="1" fromWho="3" sc="198,0,240,130,250,0,302,-120" /><INIT seed="1,1,0,2,2,85" ten="198,370,250,182" oya="1" hai0="40,92,38,78,116,54,11,57,7,25,51,18,3" hai1="42,88,33,93,47,79,133,27,112,125,10,76,59" hai2="115,69,121,113,124,119,32,46,16,62,60,102,23" hai3="71,130,53,13,63,0,126,2,50,86,96,87,128"/><U110/><E112/><N who="2" m="43083" /><F121/><W61/><G126/><T105/><D105/><U77/><E125/><V73/><F124/><W65/><G96/><T67/><D116/><U48/><E133/><V9/><F73/><W49/><G13/><T8/><D67/><U104/><E104/><V37/><F32/><W36/><G36/><T109/><D109/><U6/><E110/><V4/><F102/><W28/><G28/><T101/><D78/><U74/><E59/><V99/><F99/><W114/><G114/><T52/><D54/><U103/><E103/><V45/><F119/><W20/><G20/><T129/><D129/><U111/><E111/><V66/><F62/><W90/><G90/><T30/><D18/><U100/><E100/><V83/><F83/><W80/><G80/><T118/><D11/><U97/><E27/><N who="2" m="14823" /><F37/><W106/><G106/><T56/><D118/><U75/><REACH who="1" step="1"/><E33/><REACH who="1" ten="198,360,250,182" step="2"/><V41/><F41/><W64/><G130/><T122/><D40/><U120/><E120/><V95/><F46/><W127/><G127/><T123/><D123/><U19/><E19/><V91/><F45/><W21/><G128/><T70/><D122/><U135/><E135/><V29/><F29/><W55/><G71/><T107/><D70/><U43/><E43/><V98/><F4/><W24/><G24/><T12/><D107/><U94/><E94/><V117/><F117/><W1/><G65/><T17/><D92/><U14/><AGARI ba="1,1" hai="6,10,14,42,47,48,74,75,76,77,79,88,93,97" machi="14" ten="30,18000,2" yaku="1,1,0,1,52,1,54,1,53,3" doraHai="85" doraHaiUra="72" who="1" fromWho="1" sc="198,-61,360,193,250,-61,182,-61" /><INIT seed="1,2,0,4,5,66" ten="137,553,189,121" oya="1" hai0="102,70,33,22,130,121,56,98,91,17,88,0,83" hai1="43,118,84,40,52,67,81,21,96,131,3,27,38" hai2="15,54,97,89,30,123,111,20,48,120,93,79,135" hai3="116,19,24,51,86,7,2,39,73,59,128,114,45"/><U25/><E118/><V65/><F111/><W90/><G114/><T72/><D33/><U8/><E27/><V12/><F135/><W107/><G73/><T1/><D130/><U29/><E38/><V77/><F65/><W68/><G39/><T62/><D121/><U133/><E133/><V92/><F123/><W46/><G107/><T126/><D126/><U31/><E31/><V104/><F104/><W58/><G128/><T16/><D70/><U74/><E74/><V95/><F12/><W75/><G75/><T113/><D113/><U49/><E67/><V61/><F61/><W82/><G116/><T42/><D42/><U85/><E96/><V117/><F117/><W127/><G127/><T64/><D17/><U124/><E84/><V69/><F69/><W100/><G100/><T108/><D108/><U13/><E3/><V76/><F120/><W122/><G122/><T129/><D129/><U110/><E110/><V5/><F30/><W60/><G68/><T99/><D99/><U4/><E124/><V9/><F20/><N who="3" m="13343" /><G2/><T115/><D115/><U87/><E87/><V71/><F71/><W101/><G101/><T94/><D0/><U63/><E63/><V105/><F105/><W14/><G60/><T10/><D10/><U37/><E37/><V103/><F103/><W35/><G35/><T50/><D50/><U106/><E106/><V47/><AGARI ba="2,0" hai="5,9,15,47,48,54,76,77,79,89,92,93,95,97" machi="47" ten="30,2000,0" yaku="0,1,8,1" doraHai="66" who="2" fromWho="2" sc="137,-7,553,-12,189,26,121,-7" /><INIT seed="2,0,0,2,4,5" ten="130,541,215,114" oya="2" hai0="2,28,26,69,87,15,94,3,101,31,102,18,125" hai1="61,64,56,47,34,72,96,110,97,8,12,49,21" hai2="38,121,16,77,29,24,100,20,107,39,92,85,54" hai3="45,33,30,50,19,115,114,22,79,1,6,122,35"/><V48/><F121/><W80/><G122/><T89/><D69/><U86/><E34/><V99/><F107/><W63/><G63/><T51/><D125/><U27/><E72/><V95/><F29/><W58/><G58/><T132/><D132/><U23/><E86/><V65/><F65/><W32/><G30/><N who="0" m="11307" /><D2/><U37/><E37/><V67/><F67/><W116/><G116/><T14/><D3/><U135/><E110/><V131/><F131/><W46/><G6/><T129/><D129/><U104/><E104/><V44/><REACH who="2" step="1"/><F92/><REACH who="2" ten="130,541,205,114" step="2"/><W41/><G33/><T112/><D112/><N who="3" m="43049" /><G35/><T83/><D94/><U118/><E64/><V60/><F60/><W73/><G32/><T70/><D70/><U109/><E61/><V7/><F7/><W103/><G19/><T82/><D18/><U91/><E118/><V127/><F127/><W25/><G80/><AGARI ba="0,1" hai="16,20,24,38,39,44,48,54,77,80,85,95,99,100" machi="80" ten="40,3900,0" yaku="1,1,54,1,53,0" doraHai="5" doraHaiUra="11" who="2" fromWho="3" sc="130,0,541,0,205,49,114,-39" /><INIT seed="2,1,0,5,0,46" ten="130,541,254,75" oya="2" hai0="104,135,37,89,62,127,32,76,122,70,74,96,28" hai1="91,109,75,26,94,85,69,15,110,63,115,60,66" hai2="38,116,78,54,6,95,129,128,92,24,112,42,30" hai3="133,49,67,5,36,43,13,107,34,83,29,97,120"/><V90/><F116/><W98/><G120/><T47/><D122/><U88/><E75/><V100/><F78/><W12/><G133/><T105/><D89/><U106/><E106/><V59/><F6/><W52/><G67/><T40/><D127/><U1/><E1/><V108/><F108/><N who="1" m="41577" /><E26/><V17/><F17/><W134/><G134/><T73/><D135/><U86/><E63/><V102/><F112/><W123/><G123/><T31/><D31/><U55/><E55/><V9/><F9/><W71/><G71/><T126/><D126/><U18/><E115/><V68/><F68/><W7/><G83/><T19/><D19/><U81/><E18/><V101/><F42/><W39/><G43/><T124/><D76/><U77/><E15/><V61/><F38/><W119/><G119/><T10/><D10/><U50/><E50/><V2/><F2/><W130/><G107/><T45/><D105/><U118/><E91/><V27/><F27/><W132/><G132/><T11/><D11/><U93/><E118/><V57/><F57/><W72/><G72/><T103/><D47/><U4/><E4/><V53/><F53/><W8/><G7/><T16/><D16/><U114/><E114/><V21/><REACH who="2" step="1"/><F95/><AGARI ba="1,0" hai="60,66,69,77,81,85,86,88,93,94,95" m="41577" machi="95" ten="30,2000,0" yaku="14,1,54,1" doraHai="46" who="1" fromWho="2" sc="130,0,541,23,254,-23,75,0" /><INIT seed="3,0,0,5,3,118" ten="130,564,231,75" oya="3" hai0="40,39,63,25,6,22,20,14,116,29,57,120,128" hai1="3,74,76,127,109,66,133,4,7,135,43,15,105" hai2="124,100,2,18,38,42,85,71,49,111,51,95,35" hai3="123,87,79,69,55,65,5,104,62,112,108,68,27"/><W31/><G112/><T78/><D116/><U8/><E109/><V99/><F111/><W47/><G108/><T75/><D128/><U88/><E105/><V21/><F35/><W102/><G69/><T16/><D120/><U117/><E117/><V77/><F2/><W91/><G79/><T119/><D119/><U70/><E43/><V113/><F124/><W107/><G5/><T86/><D75/><U82/><E127/><V115/><F71/><W90/><G123/><T58/><D39/><U96/><E7/><V17/><F17/><W73/><G73/><T52/><D40/><U33/><E33/><V121/><F121/><W67/><G65/><T103/><D103/><U101/><E15/><V45/><F115/><W61/><G102/><T89/><D6/><U72/><E88/><V92/><F113/><W9/><G9/><T50/><D78/><U0/><E74/><V34/><F34/><W84/><G90/><T26/><D26/><U97/><E3/><V93/><F77/><W32/><G84/><T11/><D11/><U129/><E129/><V46/><F85/><W13/><G13/><T41/><D41/><U19/><E19/><V130/><F130/><W83/><REACH who="3" step="1"/><G47/><REACH who="3" ten="130,564,231,65" step="2"/><T122/><D122/><U44/><E44/><V131/><F46/><W37/><G37/><T54/><D89/><U1/><E0/><V36/><F36/><W59/><AGARI ba="0,1" hai="27,31,32,55,59,61,62,67,68,83,87,91,104,107" machi="59" ten="30,3000,0" yaku="1,1,0,1,53,0" doraHai="118" doraHaiUra="126" who="3" fromWho="3" sc="130,-10,564,-10,231,-10,65,40" /><INIT seed="3,1,0,2,5,95" ten="120,554,221,105" oya="3" hai0="10,12,122,27,119,52,45,6,15,36,44,84,41" hai1="82,67,1,39,134,89,133,54,100,38,50,20,33" hai2="109,99,102,115,120,61,110,124,103,78,22,23,93" hai3="68,9,91,2,73,57,13,101,77,135,72,71,40"/><W4/><G40/><T25/><D119/><U66/><E33/><V51/><F115/><W107/><G135/><T64/><D122/><U118/><E1/><V131/><F124/><W0/><G91/><T32/><D64/><U7/><E7/><V94/><F131/><W98/><G57/><T56/><D32/><U28/><E100/><V129/><F129/><W37/><G37/><T29/><D45/><U35/><E35/><V105/><F78/><W48/><G48/><T21/><D84/><N who="1" m="50327" /><E20/><V132/><F132/><N who="1" m="50793" /><E28/><V17/><F23/><W31/><G31/><T130/><D130/><U55/><E55/><V11/><F11/><W104/><G104/><T43/><D43/><U81/><E81/><V108/><F120/><W114/><G114/><T3/><REACH who="0" step="1"/><D25/><REACH who="0" ten="110,554,221,105" step="2"/><U74/><E67/><V62/><F110/><W49/><G72/><T113/><D113/><U112/><E66/><V126/><F109/><W127/><G73/><T75/><D75/><U19/><E74/><V111/><F108/><W63/><G127/><T70/><D70/><U88/><E118/><V18/><F126/><W24/><G24/><T58/><D58/><U83/><E112/><V92/><F111/><W125/><G125/><T30/><D30/><U34/><E34/><V60/><F103/><W87/><G68/><T14/><D14/><U116/><E116/><V121/><F121/><W86/><G87/><T8/><D8/><U16/><E38/><V117/><F117/><W128/><G128/><T80/><D80/><U26/><E39/><V5/><F102/><W123/><G123/><T69/><D69/><RYUUKYOKU ba="1,1" sc="110,30,554,-10,221,-10,105,-10" hai0="3,6,10,12,15,21,27,29,36,41,44,52,56" /><INIT seed="4,2,1,3,1,52" ten="140,544,211,95" oya="0" hai0="104,55,89,73,17,94,93,78,66,80,48,13,41" hai1="100,46,29,121,134,22,96,33,32,113,61,60,7" hai2="45,38,111,110,112,49,98,75,115,10,25,74,106" hai3="23,81,132,44,31,124,64,8,116,15,18,68,20"/><T107/><D66/><U109/><E109/><V51/><F38/><W82/><G116/><T102/><D41/><U3/><E121/><V88/><F25/><W11/><G124/><T1/><D1/><U62/><E3/><V86/><F10/><N who="3" m="3627" /><G132/><T108/><D108/><U50/><E7/><V84/><F98/><W128/><G128/><T99/><D13/><U133/><E22/><V57/><F106/><W123/><G68/><T9/><D9/><U92/><E113/><N who="2" m="43595" /><F86/><W120/><G64/><T53/><D17/><U24/><E33/><V59/><F75/><W122/><G44/><T12/><D53/><U5/><E5/><V71/><F71/><W72/><G72/><T65/><D65/><U118/><E118/><V56/><F74/><W135/><G135/><N who="1" m="51722" /><E62/><V97/><F97/><W119/><G119/><T4/><D12/><U27/><E27/><AGARI ba="2,1" hai="15,18,20,23,27,31,81,82,120,122,123" m="3627" machi="27" ten="40,1300,0" yaku="13,1" doraHai="52" who="3" fromWho="1" sc="140,0,544,-19,211,0,95,29" /><INIT seed="5,0,0,3,1,94" ten="140,525,211,124" oya="1" hai0="55,57,107,71,22,50,98,23,75,82,127,125,37" hai1="43,48,67,95,102,77,72,29,126,33,110,120,79" hai2="41,124,10,24,42,101,5,36,59,84,123,30,96" hai3="51,2,93,27,8,68,26,74,15,35,62,115,12"/><U122/><E29/><V104/><F124/><N who="0" m="47690" /><D71/><U86/><E33/><V34/><F123/><W13/><G74/><T31/><D37/><U78/><E67/><V0/><F84/><W44/><G115/><T21/><D31/><U117/><E48/><V131/><F131/><W3/><G35/><T45/><D82/><N who="1" m="45351" /><E43/><V38/><F42/><W133/><G133/><T112/><D75/><U132/><E126/><V81/><F81/><W61/><G68/><T111/><D111/><U64/><E64/><V73/><F73/><W1/><G8/><T130/><D130/><U20/><E20/><V9/><F41/><W11/><G11/><T63/><D112/><U83/><E78/><V17/><F59/><W25/><REACH who="3" step="1"/><G93/><REACH who="3" ten="140,525,211,114" step="2"/><T56/><D63/><U103/><E132/><V4/><F17/><W19/><G19/><T119/><D119/><U118/><E95/><V69/><F69/><W80/><G80/><T88/><D107/><U65/><E117/><V53/><F53/><AGARI ba="0,1" hai="1,2,3,12,13,15,25,26,27,44,51,53,61,62" machi="53" ten="50,6400,0" yaku="1,1,29,2,53,0" doraHai="94" doraHaiUra="39" who="3" fromWho="2" sc="140,0,525,0,211,-64,114,74" /><INIT seed="6,0,0,0,4,3" ten="140,525,147,188" oya="2" hai0="115,96,76,126,99,6,40,7,5,124,87,61,132" hai1="52,51,39,28,1,58,55,10,121,73,17,16,80" hai2="23,35,125,65,100,97,105,11,81,18,101,37,44" hai3="93,86,82,127,49,38,72,31,46,26,85,74,106"/><V94/><F125/><N who="0" m="48234" /><D115/><U66/><E39/><V130/><F130/><W88/><G106/><T110/><D110/><U14/><E1/><V57/><F35/><W4/><G38/><T30/><D132/><U29/><E66/><V117/><F117/><W108/><G108/><T19/><D30/><N who="1" m="11883" /><E73/><V98/><F11/><W118/><G118/><T91/><D76/><U116/><E121/><V59/><F81/><W45/><G127/><T107/><D107/><U2/><E2/><V64/><F64/><W24/><G4/><T128/><D128/><U102/><E102/><V27/><F65/><W78/><G24/><T95/><D61/><N who="1" m="36039" /><E80/><V54/><REACH who="2" step="1"/><F54/><REACH who="2" ten="140,525,137,188" step="2"/><W12/><G74/><T113/><D113/><U114/><E114/><V120/><F120/><W84/><G72/><T68/><D68/><U48/><E116/><V83/><F83/><W43/><G82/><T50/><D19/><U131/><E131/><V56/><F56/><W36/><G78/><T89/><D89/><U25/><E55/><V21/><F21/><AGARI ba="0,1" hai="10,14,16,17,21,25,48,51" m="36039,11883" machi="21" ten="30,3900,0" yaku="8,1,54,2" doraHai="3" who="1" fromWho="2" sc="140,0,525,49,137,-39,188,0" /><INIT seed="7,0,0,5,0,8" ten="140,574,98,188" oya="3" hai0="135,78,62,44,129,17,25,83,59,82,74,91,86" hai1="57,7,80,52,76,13,131,0,30,95,97,1,28" hai2="75,119,125,51,35,56,99,77,108,61,127,21,105" hai3="123,32,112,69,9,47,103,24,93,54,94,114,130"/><W64/><G123/><T87/><D135/><U134/><E0/><V133/><F108/><W33/><G130/><T26/><D129/><U109/><E1/><V128/><F119/><W81/><G81/><T12/><D44/><U40/><E40/><V34/><F128/><W106/><G9/><N who="0" m="6287" /><D74/><U27/><E109/><V6/><F6/><W4/><G4/><T66/><AGARI ba="0,0" hai="25,26,59,62,66,78,82,83,86,87,91" m="6287" machi="66" ten="30,2000,0" yaku="8,1,52,1" doraHai="8" who="0" fromWho="0" sc="140,20,574,-5,98,-5,188,-10" owari="160,-24.0,569,66.9,93,-40.7,178,-2.2" /></mjloggm>