<mjloggm ver="2.3"><GO type="169" lobby="0"/><UN n0="%E8%BC%9D%E5%A4%9C%E6%9C%88" n1="%68%61%6B%75%30%37" n2="%E3%81%97%E3%82%83%E3%82%93%E3%81%8A%E3%81%98" n3="%E4%B8%83%E7%94%9F%E5%A4%95" dan="18,18,16,17" rate="2189.97,2178.63,2200.18,2128.05" sx="F,M,F,M"/><TAIKYOKU oya="0"/><INIT seed="0,0,0,4,4,113" ten="250,250,250,250" oya="0" hai0="37,20,70,87,90,35,112,33,111,40,119,124,95" hai1="96,131,69,57,133,62,78,76,94,66,31,24,13" hai2="28,128,73,130,81,7,106,109,79,127,83,53,42" hai3="110,44,4,100,82,104,132,50,126,1,38,125,89"/><T43/><D112/><U129/><E133/><V15/><F28/><W88/><G38/><T64/><D119/><U68/><E13/><V16/><F106/><W99/><G132/><T41/><D37/><U97/><BYE who="0" /><E97/><V65/><F42/><UN n0="%E8%BC%9D%E5%A4%9C%E6%9C%88" /><W122/><G110/><T22/><D111/><U93/><E93/><V34/><F34/><W2/><G122/><T9/><D124/><N who="3" m="47721" /><G4/><T120/><D120/><U25/><E25/><V135/><F127/><W117/><G117/><T92/><D9/><U77/><E68/><V30/><F30/><W59/><G59/><T107/><D107/><U91/><REACH who="1" step="1"/><E69/><REACH who="1" ten="250,240,250,250" step="2"/><V51/><F135/><W102/><G102/><T10/><D95/><U54/><E54/><V116/><F53/><N who="3" m="29895" /><G82/><T85/><D70/><U39/><E39/><V46/><F83/><W71/><G71/><T108/><D108/><U14/><E14/><V19/><F81/><W84/><G84/><T103/><D85/><U21/><AGARI ba="0,1" hai="21,24,31,57,62,66,76,77,78,91,94,96,129,131" machi="21" ten="30,4000,0" yaku="1,1,0,1,53,1" doraHai="113" doraHaiUra="17" who="1" fromWho="1" sc="250,-20,240,50,250,-10,250,-10" /><INIT seed="1,0,0,3,3,95" ten="230,290,240,240" oya="1" hai0="82,92,77,26,18,39,108,71,10,3,110,123,2" hai1="120,25,76,14,8,59,105,24,43,47,124,67,103" hai2="48,32,113,66,58,68,128,42,126,65,87,122,49" hai3="40,34,102,28,72,11,116,132,46,27,91,78,135"/><U70/><E120/><V85/><F122/><W36/><G116/><T5/><D123/><U62/><E124/><V101/><F68/><W19/><G91/><T89/><D71/><U86/><E70/><V37/><F32/><W98/><G19/><T41/><D26/><U29/><E105/><V94/><F128/><W114/><G11/><T90/><D18/><U20/><E103/><V84/><F113/><W129/><G114/><T96/><D3/><U117/><E117/><V112/><F112/><W106/><REACH who="3" step="1"/><G129/><REACH who="3" ten="230,290,240,230" step="2"/><T63/><D89/><U33/><E8/><V35/><F126/><W6/><G6/><T79/><D79/><U97/><E76/><V131/><F131/><W73/><G73/><T81/><D77/><U60/><E29/><V99/><F84/><W125/><G125/><T51/><D110/><U38/><E86/><V17/><F85/><W52/><G52/><T12/><D108/><U80/><E24/><V134/><F17/><W44/><G44/><T119/><D119/><U133/><E25/><V50/><F87/><W1/><G1/><T45/><D2/><U22/><E47/><V15/><F15/><W115/><G115/><T100/><D90/><U16/><E14/><V111/><F111/><W4/><G4/><T54/><D39/><U21/><E38/><V61/><F37/><W69/><G69/><T13/><D13/><U30/><E16/><V0/><F0/><W118/><G118/><T83/><D54/><U7/><E30/><V127/><F127/><W93/><G93/><T53/><D53/><U88/><E7/><V104/><F94/><RYUUKYOKU ba="0,1" sc="230,15,290,-15,240,-15,230,15" hai0="5,10,12,41,45,51,63,81,82,83,92,96,100" hai3="27,28,34,36,40,46,72,78,98,102,106,132,135" /><INIT seed="2,1,1,2,3,27" ten="245,275,225,245" oya="2" hai0="12,124,9,33,31,29,38,109,5,89,26,74,127" hai1="52,122,16,123,85,69,102,98,67,7,59,121,20" hai2="101,50,28,88,8,93,100,1,116,17,79,84,42" hai3="108,92,111,55,118,81,51,60,11,18,6,40,104"/><V35/><F116/><W25/><G104/><T99/><D74/><U135/><E135/><V94/><F79/><W110/><G118/><T21/><D38/><U82/><E7/><V71/><F71/><W24/><G40/><T132/><D132/><U23/><E67/><V134/><F134/><W2/><G81/><T10/><D89/><U76/><E69/><V32/><F32/><W97/><G60/><T83/><D99/><U36/><E36/><V58/><F35/><W49/><G18/><N who="0" m="12599" /><D83/><U0/><E0/><V65/><F28/><N who="0" m="10826" /><D33/><U95/><REACH who="1" step="1"/><E16/><REACH who="1" ten="245,265,225,245" step="2"/><V45/><F1/><W120/><G120/><T107/><D109/><U125/><E125/><N who="0" m="48201" /><D107/><U96/><E96/><V46/><F65/><W126/><G126/><T119/><D119/><U34/><E34/><V61/><F101/><N who="3" m="60583" /><G25/><T133/><D133/><U57/><E57/><V64/><F58/><N who="3" m="33135" /><G24/><T131/><D131/><U112/><E112/><V54/><F64/><W115/><G115/><T106/><D106/><U48/><AGARI ba="1,2" hai="20,23,48,52,59,76,82,85,95,98,102,121,122,123" machi="48" ten="30,7900,0" yaku="1,1,0,1,13,1,54,1,53,0" doraHai="27" doraHaiUra="130" who="1" fromWho="1" sc="245,-21,265,102,225,-40,245,-21" /><INIT seed="3,0,0,4,0,0" ten="224,367,185,224" oya="3" hai0="122,42,12,24,50,99,76,84,11,30,9,116,115" hai1="71,47,19,129,74,97,18,131,48,22,80,55,133" hai2="41,68,5,121,7,54,56,103,92,26,64,69,83" hai3="96,33,81,35,110,59,51,104,34,25,107,60,119"/><W75/><G119/><T130/><D116/><U100/><E71/><V66/><F121/><W40/><G110/><T91/><D122/><U93/><E133/><V32/><F41/><W6/><G25/><T85/><D130/><N who="1" m="49675" /><E22/><V126/><F126/><W78/><G96/><T49/><D115/><U108/><E108/><V16/><F69/><W87/><G75/><T65/><D65/><N who="2" m="25194" /><F68/><W90/><G78/><AGARI ba="0,0" hai="18,19,47,48,55,74,78,80,93,97,100" m="49675" machi="78" ten="30,1000,0" yaku="19,1" doraHai="0" who="1" fromWho="3" sc="224,0,367,10,185,0,224,-10" /><INIT seed="4,0,0,5,1,59" ten="224,377,185,214" oya="0" hai0="42,16,2,74,106,25,48,78,110,31,72,125,108" hai1="111,104,26,12,21,91,83,95,34,103,94,124,130" hai2="123,47,60,89,66,22,69,39,107,55,90,121,53" hai3="93,127,135,105,36,58,118,114,35,61,13,81,88"/><T43/><D2/><U52/><E111/><N who="0" m="42537" /><D106/><U67/><E130/><V14/><F107/><W73/><G105/><T63/><D125/><U126/><E34/><V38/><F22/><W87/><G36/><N who="2" m="13865" /><F14/><W100/><G35/><N who="0" m="20975" /><D78/><U65/><E65/><V85/><F85/><W97/><G127/><N who="1" m="48682" /><E67/><N who="2" m="41191" /><F89/><W56/><G118/><T46/><D42/><U92/><E12/><V101/><F90/><W6/><G73/><T5/><D5/><U4/><E4/><V54/><F101/><W70/><G70/><T41/><D41/><U18/><E104/><V133/><F133/><W131/><G135/><T128/><D128/><U45/><E103/><V120/><F66/><N who="3" m="39207" /><G131/><T29/><D29/><U57/><E91/><V10/><F10/><N who="3" m="4311" /><G114/><T0/><D0/><U27/><E27/><V71/><F71/><W109/><G109/><T122/><D74/><U132/><E132/><V76/><F76/><W37/><G37/><T17/><D72/><U15/><E26/><V79/><F79/><W23/><G23/><T51/><D122/><N who="2" m="31234" /><V113/><DORA hai="80" /><F113/><W116/><G116/><T28/><D28/><U77/><E77/><V112/><F112/><W117/><G117/><T115/><D115/><U129/><E129/><V68/><F68/><W82/><G82/><T119/><D119/><U11/><E83/><V62/><F47/><W40/><G81/><T84/><D46/><U32/><E32/><V64/><F64/><W19/><G100/><T86/><D17/><U102/><E102/><V44/><F44/><W20/><G19/><T1/><D16/><U9/><E45/><V134/><F134/><RYUUKYOKU ba="0,0" sc="224,-15,377,15,185,15,214,-15" hai1="9,11,15,18,21,52,57,92,94,95" hai2="53,54,55,62" /><INIT seed="5,1,0,5,3,131" ten="209,392,200,199" oya="1" hai0="37,77,2,58,18,97,5,128,110,79,73,117,71" hai1="118,6,111,56,21,132,105,75,32,74,135,107,33" hai2="84,67,51,3,121,112,4,44,92,100,50,82,54" hai3="70,15,62,88,120,127,42,35,134,46,116,85,48"/><U13/><E118/><V9/><F121/><W25/><G120/><T119/><D58/><U20/><E56/><V133/><F112/><W59/><G116/><T31/><D18/><U113/><E113/><V94/><F100/><W126/><G134/><N who="1" m="51242" /><E111/><V14/><F133/><W124/><G70/><T38/><D97/><U106/><E6/><V93/><F67/><W109/><G109/><T99/><D31/><U130/><E130/><V102/><F102/><W19/><G25/><T17/><D17/><N who="1" m="10287" /><E21/><V55/><F3/><W95/><G35/><AGARI ba="1,0" hai="32,33,35,74,75,105,106,107" m="10287,51242" machi="35" ten="40,12000,1" yaku="20,1,52,3" doraHai="131" who="1" fromWho="3" sc="209,0,392,123,200,0,199,-123" /><INIT seed="5,2,0,4,1,30" ten="209,515,200,76" oya="1" hai0="62,1,7,67,119,22,101,15,75,41,105,6,103" hai1="69,46,16,55,124,86,81,51,99,117,44,129,64" hai2="24,118,20,56,111,50,97,76,34,8,84,130,92" hai3="17,68,36,133,11,89,77,43,18,54,110,28,72"/><U125/><E117/><V95/><F130/><W80/><G110/><T58/><D119/><U74/><E74/><V12/><F111/><W0/><G133/><T71/><D75/><U90/><E129/><V60/><F34/><W29/><G68/><T31/><D71/><U114/><E114/><V37/><F37/><W61/><G89/><T3/><D3/><U116/><E116/><V121/><F121/><W35/><G28/><T14/><D1/><U112/><E112/><V57/><F118/><W107/><G54/><T120/><D41/><U13/><E44/><V123/><F50/><W25/><G61/><T104/><D104/><U33/><E33/><V66/><F56/><W70/><G107/><T47/><D47/><U32/><E32/><V87/><F123/><W52/><G70/><T88/><D88/><U42/><E42/><V135/><F135/><W94/><G94/><T108/><D105/><U109/><E99/><V53/><F66/><W79/><G77/><T85/><D85/><N who="2" m="32842" /><F97/><W2/><G52/><T106/><D106/><U115/><E115/><V93/><F76/><W98/><G98/><T126/><D120/><U21/><REACH who="1" step="1"/><E109/><REACH who="1" ten="209,505,200,76" step="2"/><V48/><F95/><W45/><REACH who="3" step="1"/><G2/><REACH who="3" ten="209,505,200,66" step="2"/><T96/><D108/><U4/><E4/><AGARI ba="2,2" hai="0,4,11,17,18,25,29,35,36,43,45,72,79,80" machi="4" ten="40,8000,1" yaku="1,1,2,1,25,2,52,1,53,0" doraHai="30" doraHaiUra="65" who="3" fromWho="1" sc="209,0,505,-86,200,0,66,106" /><INIT seed="6,0,0,0,4,103" ten="209,419,200,172" oya="2" hai0="113,74,6,110,97,23,39,47,76,4,3,63,128" hai1="59,36,98,87,33,86,105,68,83,40,93,126,101" hai2="118,96,117,24,111,54,60,121,46,15,44,11,28" hai3="95,29,102,26,115,65,51,130,92,127,2,119,90"/><V49/><F121/><W37/><G119/><T27/><D110/><U129/><E68/><V89/><F111/><W123/><G123/><T94/><D113/><U18/><E33/><V38/><F60/><W112/><G37/><T32/><D32/><U77/><E40/><V43/><F96/><N who="3" m="59655" /><G2/><T41/><D128/><U133/><E36/><V132/><F89/><W62/><G51/><T42/><D42/><U69/><E69/><V17/><REACH who="2" step="1"/><F132/><REACH who="2" ten="209,419,190,172" step="2"/><W67/><G130/><T48/><D63/><U73/><E133/><V34/><AGARI ba="0,1" hai="11,15,17,24,28,34,38,43,44,46,49,54,117,118" machi="34" ten="20,7800,0" yaku="1,1,2,1,0,1,7,1,53,0" doraHai="103" doraHaiUra="35" who="2" fromWho="2" sc="209,-26,419,-26,190,88,172,-26" /><INIT seed="6,1,0,2,3,60" ten="183,393,278,146" oya="2" hai0="29,18,9,126,74,133,68,111,4,33,125,107,15" hai1="135,61,84,8,80,88,24,0,57,23,47,106,19" hai2="67,5,97,98,70,64,37,38,20,114,94,113,66" hai3="83,25,31,30,115,95,50,12,78,91,76,87,35"/><V11/><F70/><W109/><G109/><T22/><D74/><U81/><E106/><V71/><F71/><W26/><G115/><N who="2" m="44041" /><F20/><W90/><G12/><T77/><D77/><U112/><E112/><V46/><F46/><W10/><G50/><T117/><D107/><U62/><E135/><V127/><F127/><N who="0" m="48650" /><D68/><U16/><E47/><V55/><F55/><W7/><G7/><T13/><D111/><U75/><E61/><V73/><F73/><W110/><G10/><N who="0" m="4295" /><D133/><U119/><E119/><V121/><F121/><W65/><G110/><T116/><D33/><U51/><E51/><V56/><F56/><W79/><G65/><T17/><D29/><U27/><E75/><V36/><F94/><W130/><G130/><T131/><D131/><U118/><E118/><N who="0" m="45673" /><D18/><U69/><E69/><V21/><F21/><AGARI ba="1,0" hai="9,15,17,21,22" m="45673,4295,48650" machi="21" ten="30,7700,0" yaku="18,1,12,1,34,2" doraHai="60" who="0" fromWho="2" sc="183,80,393,0,278,-80,146,0" /><INIT seed="7,0,0,5,0,116" ten="263,393,198,146" oya="3" hai0="25,34,114,3,85,82,96,49,28,63,26,40,94" hai1="65,16,104,124,64,53,89,126,115,59,87,78,11" hai2="15,134,86,10,36,20,112,24,111,66,95,129,70" hai3="14,35,109,105,57,99,71,130,30,32,91,75,55"/><W74/><G130/><T37/><D3/><U45/><E104/><V107/><F107/><W2/><G71/><T6/><D114/><U88/><E45/><V61/><F36/><W102/><G2/><T131/><D131/><U7/><E78/><V93/><F111/><W121/><G109/><T54/><D6/><U47/><E47/><V122/><F112/><W50/><G121/><T117/><D63/><U83/><E88/><V81/><F134/><W79/><G91/><T52/><D37/><U33/><E33/><V128/><F128/><W132/><G132/><T73/><D73/><U5/><E16/><V17/><F129/><W46/><G14/><T56/><D25/><U127/><E115/><V31/><F122/><W76/><G46/><T27/><D27/><U119/><E119/><V69/><F69/><W41/><G41/><T48/><D40/><U19/><E19/><V113/><F113/><W62/><G62/><T1/><D1/><N who="1" m="431" /><E7/><V92/><F92/><W13/><G13/><T12/><D12/><U80/><E80/><V60/><F60/><AGARI ba="0,0" hai="53,59,60,64,65,83,87,89,124,126,127" m="431" machi="60" ten="30,1000,0" yaku="18,1" doraHai="116" who="1" fromWho="2" sc="263,0,393,10,198,-10,146,0" owari="263,6.3,403,50.3,188,-21.2,146,-35.4" /></mjloggm>