<mjloggm ver="2.3"><GO type="169" lobby="0"/><UN n0="%E8%82%89%E5%9B%A3%E5%AD%90%E5%85%88%E7%94%9F" n1="%E3%82%B1%E3%82%A4%E3%83%AD%E3%83%B3" n2="%E3%81%8B%E3%81%A5%E3%81%8D%EF%BC%B8%EF%BC%A9" n3="%E3%83%9F%E3%83%8D%E3%83%A9%E3%83%AB" dan="16,16,18,18" rate="2084.92,2104.98,2194.05,2261.73" sx="M,M,M,M"/><TAIKYOKU oya="0"/><INIT seed="0,0,0,0,4,86" ten="250,250,250,250" oya="0" hai0="56,115,36,0,8,16,31,104,62,48,58,112,65" hai1="98,51,118,99,30,123,39,47,45,77,83,57,61" hai2="25,133,70,91,102,124,87,41,72,53,78,84,64" hai3="18,97,4,82,38,103,90,60,54,68,132,89,43"/><T129/><D104/><U88/><E118/><V46/><F72/><W28/><G4/><T110/><D36/><U113/><E123/><V17/><F133/><W74/><G132/><T122/><D122/><U108/><E108/><V27/><F124/><W80/><G38/><T75/><D75/><U34/><E77/><V100/><F53/><W35/><G43/><T21/><D110/><U101/><E39/><V6/><F6/><W59/><G68/><T69/><D31/><U85/><E113/><V19/><F64/><W117/><G117/><T63/><D129/><U26/><E51/><V10/><F70/><W130/><G130/><T76/><D76/><U20/><E34/><V96/><F78/><W81/><G74/><T5/><D48/><U23/><E20/><V24/><F10/><W52/><G54/><T1/><D1/><U7/><E7/><V73/><F73/><W44/><G44/><T13/><REACH who="0" step="1"/><D69/><REACH who="0" ten="240,250,250,250" step="2"/><U127/><E127/><V3/><F3/><W135/><G135/><T94/><D94/><N who="1" m="58583" /><E99/><V33/><F96/><W67/><G28/><T50/><D50/><U11/><E11/><V29/><F33/><W42/><G35/><T55/><AGARI ba="0,1" hai="0,5,8,13,16,21,55,56,58,62,63,65,112,115" machi="55" ten="20,18000,2" yaku="1,1,0,1,7,1,54,1,53,2" doraHai="86" doraHaiUra="111" who="0" fromWho="0" sc="240,190,250,-60,250,-60,250,-60" /><INIT seed="0,1,0,5,0,58" ten="430,190,190,190" oya="0" hai0="65,92,14,53,86,46,56,27,100,119,49,76,118" hai1="74,83,79,101,87,6,84,123,44,59,109,55,108" hai2="89,26,15,37,71,28,35,60,73,72,107,2,52" hai3="97,57,95,13,75,94,130,25,48,24,112,8,10"/><T11/><D100/><U121/><E6/><V80/><F37/><W39/><G39/><T135/><D135/><U9/><E9/><V7/><F15/><W21/><G112/><T29/><D92/><U114/><E44/><V12/><F12/><W68/><G68/><T41/><D65/><U63/><E101/><V20/><F20/><W126/><G130/><T116/><D86/><U132/><E132/><V4/><F4/><W36/><G36/><T106/><D76/><U3/><E3/><V117/><F117/><W133/><G133/><T32/><D106/><U110/><REACH who="1" step="1"/><E114/><REACH who="1" ten="430,180,190,190" step="2"/><V102/><F102/><W0/><G10/><T93/><D116/><U120/><AGARI ba="1,1" hai="55,59,63,74,79,83,84,87,108,109,110,120,121,123" machi="120" ten="40,8000,1" yaku="1,1,2,1,0,1,14,1,52,1,53,0" doraHai="58" doraHaiUra="103" who="1" fromWho="1" sc="430,-41,180,93,190,-21,190,-21" /><INIT seed="1,0,0,4,3,47" ten="389,273,169,169" oya="1" hai0="7,15,98,127,112,0,16,31,85,97,48,91,118" hai1="50,32,54,14,99,52,114,4,41,78,62,93,82" hai2="9,102,28,42,71,100,77,123,122,39,3,2,45" hai3="96,86,108,44,69,92,87,26,53,125,56,63,129"/><U72/><E32/><V126/><F71/><W116/><G108/><T38/><D38/><U79/><E114/><V36/><F126/><W75/><G75/><T132/><D118/><U84/><E72/><V111/><F28/><W101/><G129/><T81/><D112/><U5/><E78/><V21/><F21/><W30/><G125/><T51/><D31/><U8/><E62/><V76/><F45/><W19/><G69/><T94/><D132/><U119/><E119/><V11/><REACH who="2" step="1"/><F42/><REACH who="2" ten="389,273,159,169" step="2"/><W46/><G116/><T37/><D127/><U17/><E41/><V55/><F55/><W35/><G46/><T22/><D37/><U49/><E54/><V83/><F83/><W80/><G80/><T135/><D135/><U12/><E52/><V104/><F104/><W113/><G113/><T43/><D43/><U66/><E66/><V18/><F18/><W90/><G19/><T117/><D117/><U131/><E131/><V107/><F107/><W24/><G44/><T95/><D7/><U20/><E4/><V59/><F59/><W40/><G40/><T64/><D64/><U60/><REACH who="1" step="1"/><E60/><REACH who="1" ten="389,263,159,169" step="2"/><V70/><F70/><W67/><G67/><T110/><D110/><AGARI ba="0,2" hai="2,3,9,11,36,39,76,77,100,102,110,111,122,123" machi="110" ten="25,3200,0" yaku="1,1,22,2,53,0" doraHai="47" doraHaiUra="124" who="2" fromWho="0" sc="389,-32,263,0,159,52,169,0" /><INIT seed="2,0,0,2,4,102" ten="357,263,211,169" oya="2" hai0="47,7,35,91,71,14,31,20,120,79,106,65,19" hai1="116,50,45,53,80,101,88,93,39,58,63,12,113" hai2="21,69,9,28,60,87,38,52,29,111,73,67,0" hai3="56,5,107,85,64,61,68,90,130,99,57,109,51"/><V134/><F73/><W105/><G109/><T3/><D79/><U30/><E116/><V34/><F38/><W112/><G130/><T25/><D47/><U49/><E113/><V81/><F34/><W131/><G131/><T94/><D106/><U78/><E101/><V33/><F33/><W48/><G112/><T98/><D120/><U43/><E30/><V135/><F111/><W4/><G99/><T62/><D7/><U75/><REACH who="1" step="1"/><E12/><REACH who="1" ten="357,253,211,169" step="2"/><V124/><F0/><W92/><G5/><T119/><D3/><U123/><E123/><V86/><F135/><W108/><G4/><T44/><D119/><U118/><E118/><V2/><F2/><W132/><G132/><T17/><D14/><U66/><E66/><V23/><F134/><W16/><G108/><T41/><REACH who="0" step="1"/><D35/><REACH who="0" ten="347,253,211,169" step="2"/><U129/><E129/><V121/><F121/><W96/><G64/><T122/><D122/><U26/><E26/><V95/><F67/><W114/><G114/><T22/><D22/><U100/><E100/><V84/><F23/><W54/><G105/><T36/><AGARI ba="0,2" hai="17,19,20,25,31,36,41,44,62,65,71,91,94,98" machi="36" ten="20,2700,0" yaku="1,1,0,1,7,1,53,0" doraHai="102" doraHaiUra="83" who="0" fromWho="0" sc="347,47,253,-7,211,-13,169,-7" /><INIT seed="3,0,0,4,1,72" ten="394,246,198,162" oya="3" hai0="127,2,14,109,80,89,82,3,32,74,63,4,107" hai1="27,118,101,115,48,133,130,33,53,34,54,71,123" hai2="11,103,28,62,122,132,128,135,38,58,66,0,91" hai3="24,102,76,121,65,31,86,73,22,98,75,105,100"/><W35/><G121/><T43/><D109/><U95/><E71/><V46/><F128/><W77/><G102/><T30/><D107/><U84/><E123/><V40/><F91/><W10/><G10/><T68/><D43/><U111/><E133/><N who="2" m="51275" /><F28/><W60/><G22/><T39/><D80/><U126/><E101/><V97/><F11/><W112/><G112/><T85/><D74/><N who="3" m="28169" /><G86/><T29/><D39/><U9/><E115/><V78/><F78/><W57/><G57/><T7/><D29/><U87/><E9/><V117/><F0/><W47/><G47/><T6/><D30/><U125/><E130/><V15/><F15/><W50/><G50/><T119/><D14/><U52/><E48/><V12/><F12/><W51/><G51/><T96/><D85/><N who="1" m="32843" /><E27/><V49/><F122/><W104/><G105/><T116/><D2/><U106/><E111/><V131/><F131/><W17/><G17/><T59/><D3/><U99/><E106/><N who="2" m="63855" /><F49/><W69/><AGARI ba="0,0" hai="24,31,35,60,65,69,76,77,98,100,104" m="28169" machi="69" ten="30,6000,0" yaku="25,1,52,2" doraHai="72" who="3" fromWho="3" sc="394,-20,246,-20,198,-20,162,60" /><INIT seed="3,1,0,5,5,116" ten="374,226,178,222" oya="3" hai0="42,47,98,100,15,29,55,24,120,13,52,44,119" hai1="1,86,37,18,130,48,21,114,121,20,106,65,9" hai2="60,69,93,135,17,104,109,4,79,2,51,117,31" hai3="49,66,10,102,11,40,70,95,64,107,76,45,87"/><W88/><G70/><T46/><D120/><U63/><E37/><V108/><F108/><W72/><G66/><T85/><D119/><U127/><E114/><V113/><F109/><W115/><G115/><T112/><D112/><U97/><E130/><V6/><F117/><W128/><G64/><T43/><D85/><U62/><E86/><V82/><F104/><W105/><G128/><T124/><D124/><U92/><E106/><V59/><F113/><W71/><G71/><T0/><D0/><U22/><E127/><V16/><F31/><W26/><G26/><T81/><D81/><U118/><E118/><V103/><F51/><W8/><REACH who="3" step="1"/><G102/><REACH who="3" ten="374,226,178,212" step="2"/><T35/><D100/><U80/><E65/><V90/><F103/><W68/><G68/><T89/><D24/><U32/><E121/><V111/><F69/><W133/><G133/><T99/><D43/><U84/><E32/><V5/><F135/><W57/><G57/><T110/><D42/><U58/><E58/><V123/><F111/><W101/><G101/><T41/><D41/><U96/><E96/><N who="2" m="57399" /><F123/><W50/><G50/><T23/><D35/><U129/><E48/><V33/><F33/><W25/><G25/><T131/><D131/><U36/><E129/><V125/><F125/><W77/><G77/><T83/><D110/><U54/><E97/><V132/><F132/><W39/><G39/><T126/><D99/><U34/><E34/><V67/><F2/><W61/><G61/><T134/><D134/><U38/><E62/><V28/><F28/><W12/><G12/><T122/><D126/><U78/><E36/><RYUUKYOKU ba="1,1" sc="374,-15,226,-15,178,15,212,15" hai2="4,5,6,16,17,59,60,67,79,82" hai3="8,10,11,40,45,49,72,76,87,88,95,105,107" /><INIT seed="3,2,1,2,0,104" ten="359,211,193,227" oya="3" hai0="134,10,103,33,126,74,109,79,14,123,41,32,40" hai1="56,30,21,70,68,12,22,54,7,1,8,34,47" hai2="23,97,51,120,76,93,38,65,35,96,13,46,91" hai3="133,20,98,78,108,92,50,29,73,101,52,9,122"/><W26/><G122/><T37/><D109/><U4/><E47/><V39/><F35/><W131/><G108/><T36/><D134/><U11/><E68/><V44/><F44/><W115/><G115/><T83/><D103/><U117/><E70/><V111/><F111/><W18/><G133/><T6/><D126/><U128/><E117/><V132/><F132/><W99/><G131/><T80/><D123/><U94/><E94/><V135/><F120/><W24/><G99/><T63/><D63/><U55/><E128/><V3/><F3/><W67/><G67/><T15/><D10/><U130/><E130/><V89/><F135/><W100/><G9/><T49/><D49/><U53/><E56/><V19/><F76/><W125/><G125/><T72/><D6/><U57/><E57/><V81/><F65/><W124/><G124/><T127/><D127/><U31/><E34/><V112/><F112/><W5/><G5/><T86/><D86/><U119/><E119/><V107/><F107/><W84/><G73/><T105/><D79/><U82/><E82/><V116/><F116/><W75/><G75/><T42/><D42/><U17/><E22/><V77/><F91/><N who="3" m="55583" /><G84/><T45/><D45/><U87/><REACH who="1" step="1"/><E87/><REACH who="1" ten="359,201,193,227" step="2"/><N who="2" m="48559" /><F96/><W58/><G78/><T25/><D105/><U71/><E71/><V66/><F66/><W60/><G60/><T90/><D33/><U43/><E43/><N who="2" m="25055" /><F39/><W113/><G113/><T64/><D32/><U28/><E28/><V27/><F38/><W0/><G0/><AGARI ba="2,2" hai="0,1,4,7,8,11,12,17,21,30,31,53,54,55" machi="0" ten="40,2600,0" yaku="1,1,9,1,53,0" doraHai="104" doraHaiUra="114" who="1" fromWho="3" sc="359,0,201,52,193,0,227,-32" /><INIT seed="4,0,0,0,5,2" ten="359,253,193,195" oya="0" hai0="10,25,70,27,130,134,104,54,24,44,13,17,90" hai1="99,42,45,69,61,23,76,22,1,124,94,35,84" hai2="11,108,52,26,77,64,79,65,53,73,103,92,71" hai3="31,116,96,106,118,131,135,101,114,105,75,113,66"/><T81/><D130/><U93/><E35/><V89/><F108/><W122/><G131/><T55/><D134/><U120/><E120/><V12/><F103/><W80/><G66/><N who="2" m="25705" /><F26/><W127/><G31/><T32/><D70/><U29/><E69/><V98/><F71/><W97/><G135/><T109/><D104/><U60/><E1/><V43/><F43/><W74/><G122/><T33/><D109/><U111/><E111/><V50/><F73/><W16/><G16/><T18/><D18/><U19/><E124/><V7/><F53/><W0/><G0/><T37/><D55/><U67/><E76/><V115/><F115/><N who="3" m="44043" /><G127/><T85/><D37/><U6/><E6/><V20/><F20/><W83/><G97/><T9/><D9/><U57/><E60/><V63/><F63/><W78/><G106/><T128/><D128/><U4/><E4/><V14/><F12/><W30/><G30/><T41/><D41/><U133/><E133/><V129/><F129/><W62/><G62/><T121/><D121/><U68/><E68/><V56/><AGARI ba="0,0" hai="7,11,14,50,52,56,77,79,89,92,98" m="25705" machi="56" ten="30,4000,0" yaku="8,1,52,1,54,1" doraHai="2" who="2" fromWho="2" sc="359,-20,253,-10,193,40,195,-10" /><INIT seed="5,0,0,4,3,56" ten="339,243,233,185" oya="1" hai0="76,15,9,34,93,105,121,82,129,52,54,123,128" hai1="31,44,131,66,4,74,80,25,59,26,36,18,48" hai2="109,120,32,7,29,5,2,94,11,62,87,85,60" hai3="6,17,24,91,102,96,77,83,37,41,19,81,110"/><U70/><E131/><N who="0" m="50249" /><D105/><U104/><E4/><N who="2" m="1611" /><F109/><W111/><G37/><T47/><D34/><U67/><E104/><V135/><F120/><N who="0" m="46154" /><D93/><U75/><E18/><V78/><F135/><W89/><G6/><N who="0" m="3511" /><D47/><U43/><E25/><V130/><F130/><W106/><G24/><T79/><D79/><U65/><E80/><V132/><F132/><W53/><G110/><T10/><D10/><U69/><E69/><V28/><F32/><W51/><G111/><T27/><D27/><U107/><E107/><V68/><F11/><W99/><G83/><T72/><AGARI ba="0,0" hai="52,54,72,76,82" m="3511,46154,50249" machi="72" ten="30,4000,0" yaku="19,1,13,1,54,1" doraHai="56" who="0" fromWho="0" sc="339,40,243,-20,233,-10,185,-10" /><INIT seed="6,0,0,4,3,65" ten="379,223,223,175" oya="2" hai0="89,97,12,92,117,24,109,87,91,52,59,31,94" hai1="86,1,120,57,51,0,60,22,105,80,115,34,76" hai2="39,102,48,13,45,71,104,28,53,49,128,9,47" hai3="23,19,95,43,81,113,100,74,111,18,14,98,134"/><V114/><F102/><W112/><G111/><T38/><D109/><U83/><E34/><V127/><F104/><W5/><G134/><T21/><D38/><U37/><E37/><V63/><F114/><W16/><G43/><T26/><D117/><U40/><E105/><V118/><F118/><W7/><G23/><T72/><D72/><U44/><E115/><N who="3" m="44106" /><G14/><T36/><D36/><U79/><E22/><V85/><F128/><W61/><G61/><T27/><D12/><U68/><E120/><V70/><F127/><W135/><G135/><T29/><D29/><U58/><E58/><V103/><F39/><W4/><G81/><T90/><D90/><U108/><E68/><V73/><F28/><W55/><G74/><T56/><D56/><U130/><E130/><V99/><F73/><W41/><G41/><T129/><D129/><U101/><E108/><V132/><F132/><W93/><G55/><T69/><D69/><U6/><E6/><N who="3" m="1538" /><W133/><DORA hai="25" /><G133/><T32/><D32/><U110/><E110/><V122/><F63/><AGARI ba="0,0" hai="21,24,26,27,31,52,59,63,87,89,91,92,94,97" machi="63" ten="30,7700,0" yaku="7,1,8,1,52,1,54,1" doraHai="65,25" who="0" fromWho="2" sc="379,77,223,0,223,-77,175,0" /><INIT seed="7,0,0,1,3,86" ten="456,223,146,175" oya="3" hai0="21,120,68,37,56,79,45,122,114,74,63,47,108" hai1="75,131,73,109,123,29,76,31,90,97,11,104,129" hai2="1,121,24,80,9,106,48,117,88,51,7,101,128" hai3="61,78,17,124,82,28,71,15,19,10,65,16,55"/><W6/><G124/><T64/><D108/><U77/><E123/><V57/><F117/><W115/><G115/><T59/><D74/><N who="1" m="28171" /><E11/><V14/><F128/><N who="1" m="49225" /><E109/><V60/><F121/><W69/><G28/><N who="1" m="10826" /><E90/><V53/><F1/><W99/><G99/><T3/><D64/><U103/><AGARI ba="0,0" hai="76,77,97,103,104" m="10826,49225,28171" machi="103" ten="40,1500,0" yaku="19,1" doraHai="86" who="1" fromWho="1" sc="456,-4,223,15,146,-4,175,-7" owari="452,55.2,238,3.8,142,-35.8,168,-23.2" /></mjloggm>