<mjloggm ver="2.3"><GO type="169" lobby="0"/><UN n0="%E4%BF%BA%E3%81%A7%E3%81%99" n1="%6B%69%6D%38" n2="%69%50%68%6F%6E%65%31" n3="%E7%AE%B1%E4%B8%8B%E3%81%AE%E3%82%B1%E3%83%B3%E5%9D%8A" dan="16,19,16,16" rate="2060.25,2287.61,2131.12,2137.40" sx="M,M,M,M"/><TAIKYOKU oya="0"/><INIT seed="0,0,0,5,0,83" ten="250,250,250,250" oya="0" hai0="55,56,89,132,27,100,69,121,1,114,65,33,134" hai1="110,8,126,80,62,51,46,67,7,86,19,124,95" hai2="75,40,82,37,73,74,0,77,43,63,116,131,16" hai3="91,52,79,101,54,59,30,60,41,24,112,6,109"/><T93/><D114/><U13/><E110/><V117/><F0/><W70/><G109/><T81/><D1/><U5/><E95/><V92/><F131/><W96/><G112/><T47/><D121/><U120/><E120/><V18/><F92/><W38/><G6/><T94/><D47/><U90/><E124/><V87/><F63/><W68/><G79/><T28/><D69/><U58/><REACH who="1" step="1"/><E126/><REACH who="1" ten="250,240,250,250" step="2"/><V35/><F35/><W9/><G101/><T111/><D111/><U32/><E32/><V128/><F128/><W130/><G130/><T133/><D100/><U3/><E3/><V99/><F99/><W49/><G96/><T17/><D94/><U129/><E129/><V14/><F18/><W103/><G103/><T2/><D17/><U29/><E29/><V98/><F98/><W26/><G30/><T44/><D2/><U20/><E20/><N who="2" m="11287" /><F37/><W88/><G9/><T10/><D93/><U123/><E123/><V104/><F104/><W72/><G38/><T22/><D33/><U135/><E135/><V107/><F107/><W106/><G106/><T11/><D134/><U15/><E15/><V34/><F34/><W39/><G39/><T115/><D133/><U21/><E21/><V108/><F108/><W113/><G113/><T71/><D115/><U119/><E119/><AGARI ba="0,1" hai="40,43,73,74,75,77,82,87,116,117,119" m="11287" machi="119" ten="40,5200,0" yaku="12,1,52,1,54,1" doraHai="83" who="2" fromWho="1" sc="250,0,240,-52,250,62,250,0" /><INIT seed="1,0,0,1,3,26" ten="250,188,312,250" oya="1" hai0="135,73,98,105,101,47,84,81,133,132,39,64,76" hai1="91,18,0,3,29,92,20,16,6,107,131,115,57" hai2="128,95,60,69,56,108,86,68,10,88,125,45,44" hai3="31,2,113,122,117,53,90,93,50,126,24,41,43"/><U49/><E115/><V66/><F108/><W130/><G122/><T4/><D64/><U8/><E107/><V79/><F128/><W35/><G113/><T121/><D121/><U72/><E72/><V100/><F125/><W54/><G130/><T12/><D12/><N who="1" m="5143" /><E131/><V40/><F100/><W14/><G2/><T33/><D33/><U102/><E102/><V9/><F79/><W62/><G126/><T85/><REACH who="0" step="1"/><D4/><REACH who="0" ten="240,188,312,250" step="2"/><U83/><E0/><V55/><F69/><W7/><G7/><T70/><D70/><U38/><E3/><V25/><F25/><W59/><G14/><T19/><D19/><U17/><E20/><V37/><REACH who="2" step="1"/><F45/><REACH who="2" ten="240,188,302,250" step="2"/><W46/><REACH who="3" step="1"/><G117/><REACH who="3" ten="240,188,302,240" step="2"/><T32/><D32/><U5/><E5/><V111/><F111/><W78/><G78/><T1/><D1/><U124/><E124/><V42/><F42/><AGARI ba="0,3" hai="39,42,47,73,76,81,84,85,98,101,105,132,133,135" machi="42" ten="40,5200,0" yaku="1,1,20,1,53,1" doraHai="26" doraHaiUra="74" who="0" fromWho="2" sc="240,82,188,0,302,-52,240,0" /><INIT seed="2,0,0,0,5,102" ten="322,188,250,240" oya="2" hai0="70,101,57,99,82,36,23,29,62,71,72,86,67" hai1="127,1,14,119,76,19,114,118,63,128,112,104,45" hai2="20,31,11,21,126,2,117,91,95,47,113,115,79" hai3="10,85,16,22,9,96,131,7,0,28,15,77,94"/><V3/><F79/><W69/><G131/><T6/><D72/><U64/><E1/><N who="2" m="11" /><F91/><W61/><G69/><T54/><D6/><U73/><E128/><V56/><F47/><W133/><G133/><T100/><D36/><U89/><E127/><V51/><F51/><W122/><G122/><T32/><D32/><U30/><E45/><V35/><F95/><W98/><G61/><T130/><D130/><U88/><E104/><V34/><F56/><W74/><G74/><T109/><D109/><U33/><E118/><V92/><F92/><W43/><G43/><T42/><D42/><U66/><E119/><V38/><F38/><W83/><REACH who="3" step="1"/><G94/><REACH who="3" ten="322,188,250,230" step="2"/><T107/><D71/><U39/><E63/><V108/><F126/><W13/><G13/><T52/><D70/><U53/><E73/><V4/><F108/><W105/><G105/><T125/><D125/><U55/><E14/><N who="2" m="5479" /><F117/><W8/><G8/><T90/><REACH who="0" step="1"/><D101/><REACH who="0" ten="312,188,250,230" step="2"/><U46/><E112/><V27/><F35/><W25/><AGARI ba="0,2" hai="0,7,9,10,15,16,22,25,28,77,83,85,96,98" machi="25" ten="30,7900,0" yaku="1,1,0,1,54,1,53,1" doraHai="102" doraHaiUra="78" who="3" fromWho="3" sc="312,-20,188,-20,250,-39,230,99" /><INIT seed="3,0,0,3,3,133" ten="292,168,211,329" oya="3" hai0="36,124,35,32,41,122,54,70,14,113,86,55,81" hai1="84,6,91,61,21,57,71,100,95,59,83,10,17" hai2="135,69,53,90,52,28,16,22,44,3,65,134,29" hai3="58,77,109,94,39,101,131,103,112,63,105,115,0"/><W42/><G0/><T130/><D122/><U68/><E100/><V60/><F3/><W74/><G105/><T121/><D121/><U34/><E34/><V75/><F75/><W19/><G131/><T47/><D130/><U9/><E59/><V98/><F90/><W72/><G42/><T106/><D106/><U125/><E125/><V80/><F80/><W62/><G39/><T104/><D104/><U132/><E132/><N who="2" m="50731" /><F98/><W116/><G116/><T118/><D118/><U78/><E6/><V7/><F7/><W114/><G109/><T85/><D70/><U76/><E71/><V38/><F38/><W66/><G77/><T129/><D129/><U89/><E68/><V67/><F67/><W23/><G62/><T64/><D64/><N who="1" m="38959" /><E89/><V49/><F53/><W5/><G5/><T18/><D86/><N who="1" m="52727" /><E78/><V56/><F69/><W11/><G94/><T108/><D108/><U1/><E1/><V127/><F127/><W12/><REACH who="3" step="1"/><G11/><REACH who="3" ten="292,168,211,319" step="2"/><T8/><D8/><U4/><E4/><V128/><F128/><W45/><G45/><T31/><D47/><U2/><E2/><V33/><F33/><W117/><G117/><T40/><D36/><U27/><AGARI ba="0,1" hai="9,10,17,21,27,76,83,84" m="52727,38959" machi="27" ten="30,1100,0" yaku="8,1" doraHai="133" who="1" fromWho="1" sc="292,-3,168,21,211,-3,319,-5" /><INIT seed="4,0,0,4,5,57" ten="289,189,208,314" oya="0" hai0="96,128,119,8,82,62,60,46,23,105,42,106,52" hai1="35,14,135,79,12,27,21,19,66,94,1,89,37" hai2="30,10,101,32,48,29,81,88,133,24,39,124,113" hai3="33,130,84,15,0,111,129,2,86,127,50,4,73"/><T11/><D119/><U80/><E135/><V44/><F113/><W114/><G73/><T25/><D128/><N who="3" m="49257" /><G33/><T126/><D126/><U103/><E37/><V109/><F109/><W69/><G111/><T5/><D82/><U122/><E1/><V132/><F39/><W107/><G107/><T26/><D26/><U75/><E122/><V123/><F124/><W67/><G50/><T22/><D22/><U102/><E66/><V59/><F123/><W93/><G114/><T87/><D87/><N who="3" m="33321" /><G93/><T40/><D106/><U95/><E95/><V131/><F48/><W125/><G15/><N who="0" m="5519" /><D11/><U83/><E83/><V99/><F10/><N who="3" m="2311" /><G2/><T47/><D96/><U31/><REACH who="1" step="1"/><E12/><REACH who="1" ten="289,179,208,314" step="2"/><V3/><F3/><W53/><G67/><T41/><D105/><U58/><E58/><V100/><F59/><W20/><G69/><T72/><D72/><U112/><E112/><V45/><F131/><W64/><G64/><T98/><D98/><AGARI ba="0,1" hai="14,19,21,27,31,35,75,79,80,89,94,98,102,103" machi="98" ten="30,3900,0" yaku="1,1,7,1,53,1" doraHai="57" doraHaiUra="90" who="1" fromWho="0" sc="289,-39,179,49,208,0,314,0" /><INIT seed="5,0,0,4,0,19" ten="250,228,208,314" oya="1" hai0="9,20,119,58,61,93,37,125,90,2,0,100,4" hai1="75,12,112,51,11,66,77,1,25,122,33,26,85" hai2="95,40,116,89,97,17,23,64,21,120,44,117,27" hai3="14,65,60,73,84,103,92,31,34,115,72,96,8"/><U54/><E122/><V101/><F120/><W131/><G115/><T42/><D119/><U15/><E112/><V88/><F64/><W113/><G113/><T16/><D125/><U111/><E75/><V56/><F56/><W106/><G131/><T32/><D32/><U47/><E111/><V86/><F23/><W99/><G84/><T94/><D0/><U62/><E1/><V28/><F17/><W6/><G31/><T57/><D100/><U67/><E33/><V29/><F89/><W22/><G34/><T118/><D118/><U5/><E15/><V24/><F27/><N who="1" m="10249" /><E62/><V114/><F29/><W3/><G22/><T76/><D76/><U63/><E63/><V69/><F69/><W109/><G3/><T10/><D37/><U110/><E110/><V123/><F114/><W81/><G109/><T102/><D42/><U108/><E108/><V45/><F45/><W30/><G30/><T71/><D71/><U49/><E49/><V121/><F123/><W107/><G81/><AGARI ba="0,0" hai="5,11,12,47,51,54,66,67,77,81,85" m="10249" machi="81" ten="30,1500,0" yaku="8,1" doraHai="19" who="1" fromWho="3" sc="250,0,228,15,208,0,314,-15" /><INIT seed="5,1,0,0,2,8" ten="250,243,208,299" oya="1" hai0="117,35,86,61,72,31,62,101,27,63,95,49,37" hai1="26,75,0,115,3,12,11,134,44,80,119,84,105" hai2="19,52,93,47,96,103,23,85,36,135,121,110,90" hai3="123,58,53,106,45,69,50,125,64,55,99,107,102"/><U126/><E119/><V22/><F110/><W65/><G123/><T28/><D72/><U133/><E75/><V94/><F121/><W18/><G125/><T76/><D37/><U25/><E105/><V14/><F135/><N who="1" m="51721" /><E44/><V130/><F130/><W46/><G106/><T16/><D117/><U124/><E115/><V5/><F5/><W7/><G7/><T91/><D101/><U128/><E84/><V111/><F111/><W42/><G69/><T127/><D76/><U92/><E92/><V9/><F36/><W20/><G55/><T4/><D127/><N who="1" m="48683" /><E80/><V88/><F103/><W15/><REACH who="3" step="1"/><G46/><REACH who="3" ten="250,243,208,289" step="2"/><T66/><D66/><U82/><E128/><V24/><F24/><N who="1" m="9321" /><E82/><V109/><F109/><W48/><AGARI ba="1,1" hai="15,18,20,42,45,48,50,53,58,64,65,99,102,107" machi="48" ten="20,5200,0" yaku="1,1,0,1,7,1,52,1,53,0" doraHai="8" doraHaiUra="33" who="3" fromWho="3" sc="250,-14,243,-27,208,-14,289,65" /><INIT seed="6,0,0,5,1,116" ten="236,216,194,354" oya="2" hai0="4,56,53,81,86,120,54,41,92,129,106,33,108" hai1="12,26,80,23,127,39,88,87,28,104,99,29,6" hai2="10,2,109,0,110,66,52,95,82,90,11,3,60" hai3="111,85,40,79,89,36,62,91,126,55,18,125,78"/><V20/><F82/><W35/><G35/><T49/><D108/><N who="2" m="41578" /><F20/><W7/><G111/><T113/><D106/><U15/><E127/><N who="3" m="48650" /><G7/><T32/><D113/><U83/><E39/><V117/><F117/><W13/><G40/><T31/><D129/><U123/><E123/><V102/><F102/><W100/><G36/><T118/><D4/><U112/><E112/><V65/><F52/><W133/><G133/><T37/><D54/><U8/><E83/><V93/><F90/><N who="3" m="34315" /><G85/><T59/><D33/><U70/><E70/><N who="2" m="42279" /><F66/><W77/><G100/><T67/><D67/><U107/><E99/><V75/><F75/><W48/><G62/><T122/><D118/><U103/><E103/><V19/><F19/><W132/><G132/><T21/><D32/><U47/><E28/><V5/><F11/><N who="3" m="6463" /><G79/><T43/><D41/><U131/><E29/><V63/><F63/><W98/><G98/><T30/><D30/><U94/><E80/><V9/><F9/><W25/><G25/><T71/><D81/><U121/><E26/><V74/><F74/><W45/><AGARI ba="0,0" hai="45,48,55,77,78" m="6463,34315,48650" machi="45" ten="30,1100,0" yaku="18,1" doraHai="116" who="3" fromWho="3" sc="236,-3,216,-3,194,-5,354,11" /><INIT seed="7,0,0,4,1,79" ten="233,213,189,365" oya="3" hai0="113,22,34,84,30,104,32,77,33,17,0,102,27" hai1="76,16,95,74,106,29,10,124,130,55,7,25,9" hai2="100,52,28,40,41,13,4,105,35,125,36,12,69" hai3="114,88,49,103,61,3,70,60,19,53,99,64,111"/><W98/><G114/><T21/><D102/><U24/><E106/><V110/><F110/><W39/><G3/><T59/><D104/><U86/><E124/><V107/><F69/><W62/><G39/><T37/><D59/><U80/><E130/><V15/><F125/><W56/><G111/><T23/><D84/><U14/><E55/><V66/><F66/><W5/><G5/><T2/><D77/><U11/><E7/><V118/><F118/><W101/><G88/><T112/><D37/><U83/><E95/><V6/><F35/><N who="0" m="13386" /><D17/><U120/><E120/><V71/><F28/><W129/><G19/><T82/><D82/><U20/><E25/><V115/><F71/><W26/><G101/><T92/><D92/><U93/><E93/><V109/><F109/><W126/><G26/><T97/><D97/><U75/><E75/><V43/><F36/><W57/><G126/><T47/><D47/><U65/><E65/><V68/><F68/><W81/><G98/><T42/><D42/><U123/><E123/><V116/><F116/><W119/><G119/><T67/><D67/><U91/><AGARI ba="0,0" hai="9,10,11,14,16,20,24,29,74,76,80,83,86,91" machi="91" ten="20,8000,1" yaku="0,1,7,1,52,2,54,1" doraHai="79" who="1" fromWho="1" sc="233,-20,213,80,189,-20,365,-40" owari="213,-18.7,293,9.3,169,-33.1,325,42.5" /></mjloggm>