<mjloggm ver="2.3"><GO type="169" lobby="0"/><UN n0="%54%68%65%72%65%73%61%5F" n1="%41%4C%50%45%52%49%4E" n2="%E6%84%9B%E5%A5%BD%E4%BC%9A%E3%82%92%E6%84%9B%E3%81%99%E3%82%8B%E8%80%85" n3="%E9%9B%A8%E6%9C%88%E3%81%A4%E3%82%86" dan="16,16,18,16" rate="2093.37,2141.60,2276.07,2127.82" sx="M,M,F,M"/><TAIKYOKU oya="0"/><INIT seed="0,0,0,0,3,40" ten="250,250,250,250" oya="0" hai0="110,83,0,93,47,104,103,71,49,109,66,33,8" hai1="122,61,111,98,16,134,87,29,68,79,95,4,89" hai2="96,80,46,115,39,10,44,31,107,127,86,102,41" hai3="76,73,94,59,121,20,21,26,65,119,13,117,113"/><T27/><D93/><U105/><E122/><V74/><F115/><W92/><G113/><T60/><D83/><U69/><E134/><V75/><F127/><W9/><G121/><T51/><D8/><U99/><E111/><N who="0" m="42505" /><D0/><U123/><E123/><V15/><F31/><W3/><G3/><T90/><D90/><U36/><E36/><V54/><F54/><W63/><G76/><T106/><D103/><U56/><E4/><V85/><F46/><W114/><G73/><T50/><D33/><U67/><E29/><V126/><F126/><W32/><G114/><T130/><D27/><U78/><E78/><V64/><F64/><W19/><G32/><T55/><D130/><U128/><E128/><V2/><F2/><W118/><REACH who="3" step="1"/><G21/><REACH who="3" ten="250,250,250,240" step="2"/><T22/><D22/><U7/><E79/><V6/><REACH who="2" step="1"/><F85/><REACH who="2" ten="250,250,240,240" step="2"/><W24/><G24/><T11/><D11/><U42/><E87/><V129/><F129/><W35/><G35/><T37/><D37/><U48/><E99/><V84/><F84/><W45/><G45/><T112/><D112/><U25/><E98/><V88/><AGARI ba="0,2" hai="6,10,15,39,41,44,74,75,80,86,88,96,102,107" machi="88" ten="20,8000,1" yaku="1,1,0,1,7,1,52,1,54,1,53,0" doraHai="40" doraHaiUra="72" who="2" fromWho="2" sc="250,-40,250,-20,240,100,240,-20" /><INIT seed="1,0,0,4,4,58" ten="210,230,340,220" oya="1" hai0="36,120,122,12,115,90,15,54,16,0,126,24,68" hai1="64,57,62,46,9,63,23,71,28,103,2,125,107" hai2="100,123,76,124,121,41,70,60,102,127,94,11,82" hai3="101,73,92,65,31,108,44,128,49,29,3,18,78"/><U131/><E131/><V132/><F41/><W74/><G3/><T32/><D115/><U75/><E75/><V17/><F11/><W67/><G108/><T7/><D68/><U77/><E77/><V134/><F17/><W35/><G35/><T113/><D113/><U37/><E37/><V1/><F1/><W69/><G69/><T99/><D36/><U48/><E125/><N who="2" m="48203" /><F60/><W42/><G78/><T66/><D66/><N who="3" m="25097" /><G74/><T72/><D72/><U130/><E130/><V105/><F105/><W14/><G73/><T19/><D54/><U8/><E2/><V25/><F25/><W61/><G61/><T118/><D126/><U116/><E116/><V43/><F43/><W85/><G128/><T88/><D118/><U109/><E109/><V59/><F59/><W45/><G45/><T33/><D0/><U80/><E80/><V106/><F106/><W97/><G85/><T26/><D99/><U52/><E103/><N who="2" m="39467" /><F70/><W104/><G104/><T129/><D129/><U95/><E107/><V114/><F114/><W13/><G13/><T83/><D83/><U93/><E93/><V5/><F94/><W39/><G39/><T96/><D96/><U56/><E95/><V10/><F123/><W47/><G47/><T110/><D110/><U4/><E71/><V30/><F121/><W55/><G42/><T20/><D20/><AGARI ba="0,0" hai="14,18,20,29,31,44,49,55,92,97,101" m="25097" machi="20" ten="30,1000,0" yaku="8,1" doraHai="58" who="3" fromWho="0" sc="210,-10,230,0,340,0,220,10" /><INIT seed="2,0,0,2,3,82" ten="200,230,340,230" oya="2" hai0="18,23,83,79,59,41,90,81,95,78,109,91,17" hai1="97,58,14,103,125,0,2,8,86,111,27,65,69" hai2="7,110,87,43,66,127,101,80,20,122,126,1,130" hai3="25,47,133,29,67,55,99,116,56,105,135,48,134"/><V128/><F66/><W50/><G116/><T84/><D109/><U72/><E72/><V70/><F70/><W61/><G105/><T93/><D41/><U75/><E75/><V108/><F43/><W44/><G99/><T98/><D59/><U28/><E111/><N who="2" m="42539" /><F20/><W52/><REACH who="3" step="1"/><G133/><REACH who="3" ten="200,230,340,220" step="2"/><T10/><D10/><U118/><E8/><N who="2" m="2159" /><F101/><W16/><G16/><T114/><D114/><U73/><E103/><V113/><F113/><W9/><G9/><T120/><D120/><U46/><E118/><V117/><F117/><W37/><G37/><T5/><D5/><U53/><E97/><V64/><F122/><W6/><G6/><T35/><D35/><AGARI ba="0,1" hai="25,29,35,44,47,48,50,52,55,56,61,67,134,135" machi="35" ten="40,5200,0" yaku="1,1,9,1,54,1,53,0" doraHai="82" doraHaiUra="3" who="3" fromWho="0" sc="200,-52,230,0,340,0,220,62" /><INIT seed="3,0,0,5,3,109" ten="148,230,340,282" oya="3" hai0="36,21,111,76,7,48,5,132,3,114,89,47,115" hai1="103,86,34,45,25,96,61,106,85,62,33,11,120" hai2="27,12,68,79,43,9,16,133,18,127,53,40,91" hai3="131,63,102,10,54,51,55,50,41,59,65,32,0"/><W123/><G32/><T17/><D111/><U23/><E120/><V107/><F68/><W126/><G102/><T74/><D36/><U13/><E45/><V117/><F117/><W44/><G0/><T90/><D132/><U100/><E100/><V124/><F107/><W66/><G123/><T113/><D76/><U81/><E33/><V57/><F133/><W72/><G72/><T108/><D74/><U26/><E34/><V87/><F79/><W2/><G2/><T105/><D105/><U119/><E119/><V73/><F73/><W125/><G10/><N who="0" m="2367" /><D7/><U122/><E122/><V128/><F128/><W38/><G131/><T29/><D29/><U83/><E83/><V101/><F101/><W64/><REACH who="3" step="1"/><G51/><REACH who="3" ten="148,230,340,272" step="2"/><T42/><D108/><U112/><E11/><V14/><F127/><W116/><G116/><T67/><D67/><U15/><E103/><V99/><F124/><W22/><G22/><T58/><D58/><AGARI ba="0,1" hai="38,41,44,50,54,55,58,59,63,64,65,66,125,126" machi="58" ten="40,12000,1" yaku="1,1,34,3,53,0" doraHai="109" doraHaiUra="94" who="3" fromWho="0" sc="148,-120,230,0,340,0,272,130" /><INIT seed="3,1,0,3,4,14" ten="28,230,340,402" oya="3" hai0="41,16,11,32,122,99,83,19,125,37,91,1,28" hai1="50,110,51,94,17,89,38,62,71,74,113,106,27" hai2="53,5,79,86,101,4,35,88,118,29,92,105,60" hai3="97,20,130,72,18,30,126,43,68,45,82,64,48"/><W121/><G121/><T21/><D122/><U67/><E106/><V90/><F118/><W69/><G64/><T12/><D125/><U128/><E74/><V116/><F116/><W23/><G126/><T42/><D37/><U47/><E113/><V7/><F79/><W114/><G114/><T2/><D2/><U103/><E103/><V55/><F60/><W3/><G3/><T80/><D1/><U15/><E110/><V13/><F13/><W115/><G115/><T10/><D32/><U61/><E27/><V66/><F66/><W95/><G72/><T117/><D117/><U93/><E62/><V85/><F101/><W49/><G82/><N who="0" m="31275" /><D28/><U63/><E63/><V65/><F65/><W58/><G130/><T24/><D10/><U127/><E128/><V134/><F105/><W111/><G111/><T57/><D57/><U129/><E129/><V96/><F134/><W123/><G123/><T100/><D100/><U81/><E38/><V52/><REACH who="2" step="1"/><F90/><REACH who="2" ten="28,230,330,402" step="2"/><N who="3" m="55543" /><G68/><T31/><D31/><U112/><E89/><V76/><F76/><W87/><G69/><T133/><D133/><U98/><E71/><V44/><F44/><W9/><G58/><T22/><D11/><U120/><E47/><V131/><F131/><W78/><G78/><T40/><D91/><U75/><E127/><V124/><F124/><W36/><G9/><T59/><D59/><U54/><E120/><V102/><F102/><W46/><G45/><T33/><D33/><U70/><E112/><V108/><F108/><W119/><G119/><T6/><D6/><U39/><E70/><V109/><F109/><RYUUKYOKU ba="1,1" sc="28,15,230,-15,330,15,402,-15" hai0="12,16,19,21,22,24,40,41,42,99" hai2="4,5,7,29,35,52,53,55,85,86,88,92,96" /><INIT seed="4,2,1,4,4,117" ten="43,215,345,387" oya="0" hai0="52,64,19,21,53,82,111,43,123,25,57,39,88" hai1="56,128,99,28,29,106,38,105,4,67,103,76,121" hai2="85,2,69,47,37,80,83,3,17,18,77,89,116" hai3="107,44,16,71,104,24,95,87,50,46,32,35,86"/><T61/><D111/><U108/><E38/><V97/><F69/><W98/><G71/><T14/><D123/><U65/><E108/><V1/><F116/><W73/><G73/><T122/><D122/><U62/><E128/><V75/><REACH who="2" step="1"/><F97/><REACH who="2" ten="43,215,335,387" step="2"/><W70/><G70/><T5/><D39/><U112/><E99/><V49/><F49/><W74/><G50/><T6/><D43/><AGARI ba="2,2" hai="1,2,3,17,18,37,43,47,75,77,80,83,85,89" machi="43" ten="40,2600,0" yaku="1,1,53,1" doraHai="117" doraHaiUra="36" who="2" fromWho="0" sc="43,-32,215,0,335,52,387,0" /><INIT seed="5,0,0,4,1,64" ten="11,215,387,387" oya="1" hai0="11,70,25,53,122,34,130,2,94,6,22,125,109" hai1="30,55,73,95,132,24,29,38,135,21,26,23,18" hai2="40,8,124,129,52,131,111,78,39,110,83,99,71" hai3="108,57,35,48,117,123,81,58,51,89,114,107,42"/><U16/><E38/><V62/><F99/><W88/><G35/><T10/><D53/><U31/><E73/><V33/><F33/><W9/><G107/><T90/><D109/><N who="2" m="41482" /><F8/><W65/><G108/><T41/><D41/><U43/><E43/><V61/><F83/><W92/><G114/><T86/><D125/><U27/><E95/><V3/><F78/><W120/><G42/><T116/><D116/><U105/><E55/><V97/><F97/><W19/><G65/><T63/><D130/><N who="2" m="49674" /><F3/><W17/><G81/><T127/><D127/><U47/><E47/><N who="2" m="23967" /><F124/><W115/><G115/><T121/><D34/><U93/><E93/><V36/><F36/><W100/><G92/><T5/><D22/><N who="1" m="8203" /><E105/><V32/><F32/><W12/><G9/><T66/><REACH who="0" step="1"/><D25/><REACH who="0" ten="1,215,387,387" step="2"/><U69/><E69/><V67/><F52/><W82/><G117/><T80/><D80/><U101/><E101/><V113/><F113/><W14/><G82/><T56/><D56/><U37/><E37/><V79/><F79/><W20/><G20/><T112/><D112/><U74/><E74/><V103/><F103/><AGARI ba="0,1" hai="12,14,17,19,48,51,57,58,88,89,100,103,120,123" machi="103" ten="25,3200,0" yaku="22,2,54,1" doraHai="64" who="3" fromWho="2" sc="1,0,215,0,387,-32,387,42" /><INIT seed="6,0,0,2,2,134" ten="1,215,355,429" oya="2" hai0="7,125,132,62,46,123,34,128,100,87,116,82,74" hai1="14,3,53,81,99,56,48,127,124,95,70,98,109" hai2="103,102,67,114,24,23,19,15,89,16,107,22,28" hai3="131,30,35,129,6,43,55,37,91,120,26,51,121"/><V12/><F114/><W20/><G6/><T49/><D34/><U39/><E3/><V130/><F130/><N who="3" m="49675" /><G91/><T92/><D128/><U78/><E109/><V4/><F107/><W135/><G135/><T52/><D132/><U5/><E70/><V18/><F67/><W33/><G33/><T10/><D123/><U65/><E39/><V84/><F4/><W71/><G71/><T38/><D74/><U105/><E105/><V104/><F104/><W94/><G94/><T126/><D38/><U122/><E65/><V83/><REACH who="2" step="1"/><F19/><REACH who="2" ten="1,215,345,429" step="2"/><W2/><G2/><T42/><D116/><U117/><E117/><V8/><AGARI ba="0,1" hai="8,12,15,16,18,22,23,24,28,83,84,89,102,103" machi="8" ten="20,18000,2" yaku="1,1,2,1,0,1,7,1,8,1,54,1,53,0" doraHai="134" doraHaiUra="60" who="2" fromWho="2" sc="1,-60,215,-60,345,190,429,-60" owari="-59,-55.9,155,-24.5,535,63.5,369,16.9" /></mjloggm>