<mjloggm ver="2.3"><GO type="169" lobby="0"/><UN n0="%E6%A4%8D%E9%87%8E" n1="%E7%AD%89%E3%80%85%E5%8A%9B%E5%8A%87%E5%A0%B4" n2="%54%72%69%6F%73%64%61%64" n3="%E7%90%B4%E5%AF%84%E6%96%87%E4%B9%83" dan="16,16,16,16" rate="2155.11,2099.57,2095.30,2186.82" sx="M,M,M,M"/><TAIKYOKU oya="0"/><INIT seed="0,0,0,3,5,112" ten="250,250,250,250" oya="0" hai0="117,59,25,56,31,115,55,9,126,84,54,93,19" hai1="63,83,26,33,94,80,72,24,40,49,42,66,108" hai2="103,132,131,92,111,37,104,57,10,73,53,46,21" hai3="95,17,105,75,69,67,110,64,122,81,124,35,1"/><T85/><D115/><U70/><E108/><V116/><F111/><W120/><G110/><T43/><D126/><U125/><E125/><V88/><F132/><W76/><G124/><T30/><D43/><U123/><E123/><N who="3" m="47146" /><G17/><T51/><D117/><U45/><E40/><V119/><F73/><W97/><G1/><T41/><D41/><U32/><E72/><V113/><F113/><W38/><G38/><T96/><D9/><U13/><E33/><V7/><F131/><W87/><G35/><T60/><D19/><U130/><E130/><V129/><F129/><W23/><G23/><T61/><D51/><U100/><E13/><V77/><F77/><W27/><G27/><T135/><D135/><U128/><E128/><V48/><F21/><W15/><G15/><T102/><REACH who="0" step="1"/><D31/><REACH who="0" ten="240,250,250,250" step="2"/><U18/><E18/><V89/><F37/><W50/><G50/><T106/><D106/><U16/><E16/><V118/><F104/><W11/><G105/><T20/><AGARI ba="0,1" hai="20,25,30,54,55,56,59,60,61,84,85,93,96,102" machi="20" ten="20,12000,1" yaku="1,1,0,1,7,1,9,1,8,1,53,0" doraHai="112" doraHaiUra="47" who="0" fromWho="0" sc="240,130,250,-40,250,-40,250,-40" /><INIT seed="0,1,0,3,4,0" ten="370,210,210,210" oya="0" hai0="16,40,87,82,120,110,57,74,58,39,106,7,133" hai1="67,128,46,85,114,61,124,94,129,23,22,135,54" hai2="26,93,38,76,42,118,63,108,52,59,28,36,91" hai3="30,116,31,56,130,55,112,32,27,71,43,122,95"/><T29/><D120/><U60/><E135/><V6/><F108/><W18/><G112/><T126/><D106/><U5/><E124/><V51/><F118/><W19/><G116/><T92/><D29/><U69/><E114/><V47/><F76/><W127/><G71/><T119/><D119/><U100/><E5/><V102/><F102/><W121/><G127/><T1/><D126/><U24/><E23/><V79/><F79/><W45/><G130/><T3/><D133/><U37/><E37/><V83/><F83/><W86/><G30/><T49/><D110/><U107/><E107/><V90/><F6/><W123/><G95/><T17/><D39/><U75/><E75/><V131/><F131/><W48/><REACH who="3" step="1"/><G86/><REACH who="3" ten="370,210,210,200" step="2"/><T81/><D92/><U80/><E85/><V50/><F91/><W33/><G33/><T10/><D87/><U66/><E94/><V2/><F2/><W96/><G96/><T70/><D70/><U20/><E69/><V101/><F101/><W41/><G41/><T89/><D40/><U64/><E100/><V14/><F90/><W113/><G113/><T35/><D35/><U4/><E129/><V34/><F93/><W53/><G53/><T25/><D3/><U13/><E54/><V125/><F125/><W105/><G105/><T103/><D103/><U115/><E128/><V44/><REACH who="2" step="1"/><F14/><REACH who="2" ten="370,210,200,200" step="2"/><W73/><G73/><T12/><D74/><U111/><E13/><V21/><F21/><W77/><G77/><T132/><D12/><U8/><E22/><V72/><F72/><W88/><G88/><T109/><D1/><U98/><E115/><RYUUKYOKU ba="1,2" sc="370,-15,210,-15,200,15,200,15" hai2="26,28,34,36,38,42,44,47,50,51,52,59,63" hai3="18,19,27,31,32,43,45,48,55,56,121,122,123" /><INIT seed="1,2,2,0,4,83" ten="355,195,215,215" oya="1" hai0="0,133,13,92,118,86,62,47,43,32,71,67,89" hai1="53,120,135,80,111,23,114,82,3,115,66,87,75" hai2="113,60,16,54,105,25,52,95,104,39,72,31,117" hai3="70,30,11,102,127,22,27,55,88,57,130,59,17"/><U125/><E3/><V40/><F117/><W90/><G70/><T73/><D0/><U84/><E75/><V99/><F72/><W2/><G130/><T108/><D118/><U36/><E36/><V132/><F132/><W49/><G127/><T21/><D133/><U109/><E135/><V51/><F113/><N who="1" m="43017" /><E66/><V19/><F39/><W8/><G102/><T28/><D73/><U94/><E23/><N who="2" m="15807" /><F105/><W68/><G68/><T96/><D32/><U29/><E29/><V58/><F104/><W112/><G112/><T44/><D28/><U46/><E46/><N who="2" m="27767" /><F40/><W6/><REACH who="3" step="1"/><G59/><REACH who="3" ten="355,195,215,205" step="2"/><T121/><D71/><U110/><E125/><V106/><F106/><W85/><G85/><N who="1" m="32842" /><E120/><V12/><F12/><AGARI ba="2,3" hai="2,6,8,11,12,17,22,27,30,49,55,57,88,90" machi="12" ten="40,5200,0" yaku="1,1,54,1,53,1" doraHai="83" doraHaiUra="1" who="3" fromWho="2" sc="355,0,195,0,215,-58,205,88" /><INIT seed="2,0,0,5,5,25" ten="355,195,157,293" oya="2" hai0="14,31,126,96,89,4,16,48,119,46,132,95,77" hai1="51,58,13,12,26,11,114,134,88,7,47,21,90" hai2="116,55,103,92,69,27,2,52,5,86,40,75,65" hai3="113,62,79,32,115,76,102,41,57,19,87,111,44"/><V24/><F116/><W60/><G32/><T9/><D119/><U127/><E114/><N who="3" m="43530" /><G111/><T131/><D131/><U43/><E134/><V42/><F75/><W17/><G102/><T71/><D71/><U124/><E13/><V105/><F105/><W63/><G57/><T49/><D132/><U85/><E58/><V112/><F112/><W107/><G107/><T56/><D126/><N who="1" m="48171" /><E85/><V34/><F27/><W36/><G87/><T68/><D68/><U104/><E104/><V8/><F42/><W123/><G123/><T15/><D77/><AGARI ba="0,0" hai="17,19,36,41,44,60,62,63,76,77,79" m="43530" machi="77" ten="30,1000,0" yaku="11,1" doraHai="25" who="3" fromWho="0" sc="355,-10,195,0,157,0,293,10" /><INIT seed="3,0,0,5,2,94" ten="345,195,157,303" oya="3" hai0="78,135,108,89,1,83,81,96,73,24,27,15,50" hai1="32,120,113,112,38,62,77,4,61,40,65,103,126" hai2="118,79,30,90,134,87,35,121,92,110,9,86,6" hai3="63,130,19,39,76,64,26,111,41,14,93,80,88"/><W13/><G130/><T37/><D37/><U97/><E120/><V122/><F118/><W133/><G133/><T48/><D1/><U7/><E32/><V53/><F134/><W11/><G111/><T72/><D135/><U5/><E126/><V57/><F110/><W104/><G104/><T29/><D108/><U0/><E0/><V124/><F124/><W101/><G101/><T131/><D131/><U82/><E40/><V85/><F30/><W99/><G41/><T95/><D15/><U58/><E38/><V60/><F35/><W68/><G39/><T18/><D18/><U128/><E62/><V107/><F107/><W55/><G55/><T21/><REACH who="0" step="1"/><D27/><REACH who="0" ten="335,195,157,303" step="2"/><U17/><E128/><V52/><F53/><W98/><G26/><T116/><D116/><U3/><E17/><V117/><F117/><W109/><G14/><T127/><D127/><U132/><E3/><V43/><F43/><W75/><REACH who="3" step="1"/><G109/><REACH who="3" ten="335,195,157,293" step="2"/><T115/><D115/><U44/><E132/><V46/><F122/><W36/><G36/><T47/><D47/><U66/><E44/><V71/><F121/><W69/><G69/><T31/><D31/><U23/><E113/><V59/><F71/><W33/><G33/><T125/><D125/><U106/><E112/><V84/><F46/><W70/><G70/><T12/><D12/><U10/><E66/><V105/><F59/><W54/><G54/><T49/><D49/><U102/><E65/><V28/><F28/><W45/><G45/><T67/><D67/><U91/><E58/><V129/><F129/><W74/><G74/><T22/><D22/><RYUUKYOKU ba="0,2" sc="335,15,195,-15,157,-15,293,15" hai0="21,24,29,48,50,72,73,78,81,83,89,95,96" hai3="11,13,19,63,64,68,75,76,80,88,93,98,99" /><INIT seed="3,1,2,2,0,33" ten="350,180,142,308" oya="3" hai0="65,100,50,119,69,18,40,125,6,21,129,127,14" hai1="85,22,116,126,72,15,87,46,36,107,78,133,54" hai2="44,135,89,47,109,29,95,131,30,25,128,56,66" hai3="2,41,74,75,97,9,53,84,27,34,123,58,62"/><W5/><G123/><T76/><D119/><U10/><E107/><V77/><F109/><W115/><G115/><T90/><D129/><N who="2" m="49738" /><F135/><W59/><G41/><T60/><D100/><U83/><E126/><N who="0" m="48137" /><D76/><U13/><E133/><V64/><F77/><W81/><G97/><T57/><D90/><U63/><E116/><V55/><F44/><W17/><G58/><T31/><D31/><N who="2" m="11786" /><F25/><W71/><G71/><T39/><D6/><U122/><E122/><V88/><F47/><W28/><REACH who="3" step="1"/><G17/><REACH who="3" ten="350,180,142,298" step="2"/><T99/><D99/><U37/><E46/><V0/><F0/><W96/><G96/><T86/><D40/><U51/><E37/><V11/><F66/><W98/><G98/><T48/><D39/><U132/><E36/><V114/><F64/><W19/><G19/><T118/><D118/><U92/><E132/><V23/><F56/><W12/><G12/><T80/><D69/><U108/><E15/><V103/><F103/><W93/><G93/><T130/><D130/><U105/><E92/><V124/><F124/><W26/><G26/><T61/><D65/><U106/><E13/><V38/><F38/><W20/><G20/><T102/><D102/><U45/><E22/><V111/><F114/><W8/><G8/><T121/><D121/><U67/><E10/><V134/><F11/><W110/><G110/><T1/><D57/><N who="1" m="37359" /><E108/><V42/><F111/><W94/><G94/><T70/><D70/><U16/><E16/><V32/><F134/><W112/><G112/><T91/><D1/><U120/><E120/><V113/><F113/><W117/><G117/><T104/><D104/><RYUUKYOKU ba="1,3" sc="350,10,180,10,142,-30,298,10" hai0="14,18,21,48,50,60,61,80,86,91" hai1="45,51,54,72,78,83,85,87,105,106" hai3="2,5,9,27,28,34,53,59,62,74,75,81,84" /><INIT seed="3,2,3,0,1,134" ten="360,190,112,308" oya="3" hai0="13,129,57,80,103,25,95,92,62,127,42,69,40" hai1="47,33,107,49,112,28,10,100,18,121,29,55,110" hai2="39,90,113,59,86,71,66,132,72,43,3,1,6" hai3="19,96,119,98,126,77,50,109,94,2,102,122,89"/><W91/><G119/><T81/><D69/><U116/><E121/><V26/><F113/><W104/><G2/><T36/><D129/><U52/><E112/><V64/><F132/><W34/><G34/><T41/><D36/><U56/><E110/><V93/><F72/><W78/><G19/><T20/><D127/><U68/><E68/><V106/><F106/><W27/><G27/><T8/><D80/><U99/><E116/><V23/><F71/><W24/><G24/><T88/><D81/><U4/><E18/><V54/><F43/><W44/><G122/><T70/><D70/><U108/><E33/><V38/><F39/><W9/><G9/><T31/><D103/><U17/><E17/><V65/><F38/><W135/><G135/><T32/><D32/><U124/><E108/><V85/><F85/><N who="3" m="52527" /><G50/><T0/><D88/><U117/><E124/><V125/><F125/><W83/><G44/><T105/><D105/><U74/><E74/><V120/><F120/><W48/><G48/><T123/><D0/><U30/><E117/><V75/><F75/><N who="3" m="43455" /><G126/><T14/><D14/><U53/><REACH who="1" step="1"/><E47/><REACH who="1" ten="360,180,112,308" step="2"/><V114/><F114/><W46/><G46/><T118/><D118/><U97/><E97/><V60/><REACH who="2" step="1"/><F6/><REACH who="2" ten="360,180,102,308" step="2"/><W22/><G109/><T79/><D123/><U115/><E115/><V7/><F7/><W11/><G104/><T15/><D40/><U63/><E63/><V51/><F51/><W82/><G102/><T87/><D42/><U76/><E76/><V67/><N who="2" m="16384" /><DORA hai="5" /><V12/><F12/><AGARI ba="2,5" hai="4,10,12,28,29,30,49,52,53,55,56,99,100,107" machi="12" ten="40,5200,0" yaku="1,1,52,1,54,1,53,0" doraHai="134,5" doraHaiUra="61,73" who="1" fromWho="2" sc="360,0,180,108,102,-58,308,0" /><INIT seed="4,0,0,4,5,57" ten="360,288,44,308" oya="0" hai0="108,116,27,111,5,79,15,25,118,48,114,77,35" hai1="134,133,119,123,76,36,18,56,135,65,100,42,94" hai2="33,28,75,124,44,130,63,92,69,64,115,86,132" hai3="80,101,46,19,95,59,102,67,41,26,22,61,58"/><T24/><D114/><U87/><E119/><V47/><F115/><W55/><G80/><T45/><D35/><U50/><E123/><V29/><F75/><W68/><G95/><T120/><D120/><U131/><E131/><V89/><F130/><W60/><REACH who="3" step="1"/><G68/><REACH who="3" ten="360,288,44,298" step="2"/><T98/><D116/><U37/><E94/><V99/><F132/><W128/><G128/><T39/><D118/><U12/><E135/><V122/><F122/><W104/><G104/><T13/><D77/><U73/><E76/><V32/><F124/><W93/><G93/><T97/><D79/><U72/><E134/><V6/><F6/><W121/><G121/><T40/><D5/><U91/><E133/><V78/><F78/><W62/><G62/><T14/><REACH who="0" step="1"/><D39/><AGARI ba="0,1" hai="19,22,26,39,41,46,55,58,59,60,61,67,101,102" machi="39" ten="30,7700,0" yaku="1,1,7,1,52,2,53,0" doraHai="57" doraHaiUra="7" who="3" fromWho="0" sc="360,-77,288,0,44,0,298,87" /><INIT seed="5,0,0,5,0,46" ten="283,288,44,385" oya="1" hai0="12,127,122,29,15,112,28,76,79,67,106,38,65" hai1="49,35,5,14,128,78,64,44,68,61,75,10,121" hai2="6,119,131,31,66,39,97,40,123,69,107,74,37" hai3="56,120,21,16,86,88,8,89,83,110,118,48,125"/><U90/><E121/><V85/><F123/><W98/><G120/><T108/><D122/><RYUUKYOKU type="kaze4" ba="0,0" sc="283,0,288,0,44,0,385,0" /><INIT seed="5,1,0,4,5,6" ten="283,288,44,385" oya="1" hai0="49,128,16,38,87,98,89,86,66,111,17,30,77" hai1="135,63,5,81,31,34,10,60,108,120,33,52,132" hai2="71,62,24,26,57,90,43,15,29,47,9,127,20" hai3="76,103,78,0,97,23,88,123,13,112,84,91,72"/><U64/><E120/><V119/><F119/><W95/><G123/><T61/><D38/><U125/><E125/><V8/><F127/><W21/><G0/><T45/><D111/><U56/><E108/><V4/><F71/><W68/><G68/><T85/><D128/><U48/><E81/><V27/><F90/><W102/><G112/><T58/><D30/><U59/><E48/><V96/><F96/><W44/><G44/><T70/><D70/><U40/><E40/><V133/><F133/><N who="1" m="51273" /><E31/><V109/><F109/><W3/><G3/><AGARI ba="1,0" hai="3,5,10,33,34,52,56,59,60,63,64" m="51273" machi="3" ten="30,5800,0" yaku="20,1,52,1,54,1" doraHai="6" who="1" fromWho="3" sc="283,0,288,61,44,0,385,-61" /><INIT seed="5,2,0,2,3,27" ten="283,349,44,324" oya="1" hai0="118,104,97,48,66,94,25,20,46,16,44,102,38" hai1="126,41,70,74,80,45,22,10,4,125,101,0,19" hai2="1,53,122,78,108,49,58,23,109,119,128,73,56" hai3="105,7,90,31,87,86,103,69,60,61,24,98,135"/><U2/><E70/><V35/><F35/><W9/><G135/><T39/><D118/><U77/><E0/><V76/><F119/><W84/><G90/><T5/><D66/><U30/><E101/><V117/><F117/><W106/><G106/><T55/><D5/><U131/><E131/><V62/><F122/><W127/><G127/><T114/><D114/><U100/><E100/><V26/><F1/><W121/><G121/><T64/><D64/><U72/><E72/><V47/><F128/><W8/><G69/><T34/><D104/><U15/><REACH who="1" step="1"/><E30/><REACH who="1" ten="283,339,44,324" step="2"/><V42/><F73/><W59/><G31/><T13/><D102/><U3/><E3/><V99/><F108/><W67/><G103/><T11/><D38/><AGARI ba="2,1" hai="2,4,10,15,19,22,38,41,45,74,77,80,125,126" machi="38" ten="40,7700,0" yaku="1,1,25,2,53,0" doraHai="27" doraHaiUra="21" who="1" fromWho="0" sc="283,-83,339,93,44,0,324,0" /><INIT seed="5,3,0,3,1,11" ten="200,432,44,324" oya="1" hai0="44,14,117,0,125,50,5,64,42,62,121,124,34" hai1="52,58,57,96,80,16,61,29,35,69,7,23,118" hai2="41,97,83,72,15,19,115,38,106,33,17,87,133" hai3="122,120,70,10,99,116,73,77,74,27,90,78,26"/><U84/><E118/><V39/><F33/><W47/><G70/><T31/><D117/><U130/><E69/><V95/><F133/><W54/><G116/><T89/><D121/><U9/><E130/><V22/><F115/><W1/><G99/><T49/><D0/><U131/><E131/><V63/><F41/><W129/><G129/><T65/><D31/><U6/><E35/><V46/><F46/><W91/><G47/><T93/><D34/><U32/><E32/><V109/><F109/><W81/><G81/><T40/><D40/><U18/><E29/><V123/><F123/><W82/><G82/><T88/><D50/><N who="1" m="30871" /><E9/><N who="2" m="6383" /><F72/><W134/><G10/><N who="0" m="4431" /><D62/><U56/><E96/><V98/><F106/><W127/><G127/><N who="0" m="48715" /><D89/><N who="1" m="51335" /><E18/><V13/><F39/><W45/><G134/><T4/><D4/><N who="1" m="1579" /><E61/><V75/><F38/><W85/><G1/><T114/><D114/><U3/><E3/><V94/><F63/><W128/><G128/><T12/><D12/><AGARI ba="3,0" hai="12,16,23,56,58" m="1579,51335,30871" machi="12" ten="30,11600,0" yaku="8,1,52,1,54,2" doraHai="11" who="1" fromWho="0" sc="200,-125,432,125,44,0,324,0" /><INIT seed="5,4,0,2,4,1" ten="75,557,44,324" oya="1" hai0="5,43,2,47,81,41,37,26,10,108,40,82,93" hai1="126,105,71,102,59,17,63,100,113,124,4,45,120" hai2="3,121,28,101,112,88,46,61,36,106,13,35,132" hai3="129,72,84,32,60,118,116,55,44,90,20,65,80"/><U130/><E120/><V97/><F121/><W98/><G72/><T38/><D108/><U86/><E71/><V135/><F3/><W54/><G32/><T133/><D133/><N who="2" m="51274" /><F61/><W58/><G129/><T109/><D109/><U107/><E113/><V6/><F112/><W22/><G98/><T16/><D93/><U91/><E130/><V119/><F119/><N who="3" m="45611" /><G44/><T48/><D38/><U83/><E17/><V75/><F75/><W67/><G54/><T69/><D69/><U87/><E45/><V0/><F0/><W103/><G103/><N who="1" m="39466" /><E4/><V14/><F6/><W21/><AGARI ba="4,0" hai="20,21,22,55,58,60,65,67,80,84,90" m="45611" machi="21" ten="30,1100,0" yaku="12,1" doraHai="1" who="3" fromWho="3" sc="75,-7,557,-9,44,-7,324,23" /><INIT seed="6,0,0,3,5,14" ten="68,548,37,347" oya="2" hai0="69,130,54,73,60,31,38,86,19,108,101,7,89" hai1="66,75,6,123,27,48,33,58,105,71,41,111,26" hai2="113,3,43,124,91,61,29,119,117,115,112,120,12" hai3="13,79,84,87,35,57,18,118,110,96,51,23,106"/><V25/><F120/><W5/><G110/><T0/><D108/><U83/><E111/><V9/><F43/><W52/><G35/><T2/><D73/><U68/><E105/><V109/><F109/><W46/><G118/><N who="2" m="45065" /><F61/><W92/><G106/><T42/><D31/><U94/><E123/><V40/><F40/><N who="3" m="25031" /><G79/><T62/><D101/><U107/><E107/><V102/><F102/><N who="3" m="60679" /><G5/><T135/><D7/><U93/><E6/><N who="2" m="1247" /><F91/><W88/><G88/><T127/><D89/><U28/><E94/><V129/><F124/><W4/><G4/><T11/><D127/><U80/><E93/><V100/><F100/><W55/><G55/><T121/><D54/><U32/><E75/><V98/><F98/><W8/><G8/><T78/><D11/><U15/><E71/><V74/><F74/><W20/><G20/><T16/><D69/><U21/><E21/><N who="2" m="15535" /><F12/><W104/><G104/><T95/><D95/><U77/><E15/><V72/><F72/><W64/><G64/><T30/><D121/><U126/><E126/><V45/><F45/><W70/><G70/><T122/><D122/><U114/><E68/><V99/><F99/><W131/><G84/><T125/><D125/><U132/><E77/><V34/><F34/><W85/><G85/><T67/><D86/><U36/><E33/><V56/><F56/><W63/><G87/><T37/><D78/><U116/><E32/><V53/><F53/><W128/><G63/><T22/><D62/><U134/><E116/><V44/><F44/><W39/><G39/><N who="0" m="14859" /><D60/><U17/><E36/><V50/><F50/><N who="3" m="30871" /><G13/><T65/><D65/><RYUUKYOKU ba="0,0" sc="68,-15,548,-15,37,15,347,15" hai2="112,113,115,129" hai3="18,23,128,131" /><INIT seed="6,1,0,5,5,75" ten="53,533,52,362" oya="2" hai0="51,54,81,43,118,3,94,111,50,80,93,49,121" hai1="18,83,76,7,105,95,92,63,112,40,74,31,87" hai2="26,1,67,106,13,82,34,28,2,41,97,21,135" hai3="20,60,44,23,15,98,5,107,101,19,119,78,46"/><V91/><F135/><W126/><G119/><T71/><D111/><U89/><E112/><V57/><F41/><W11/><G126/><T130/><D71/><U115/><E115/><V33/><F106/><W77/><G23/><T128/><D3/><U117/><E117/><V29/><F97/><W35/><G35/><N who="2" m="13321" /><F82/><N who="0" m="31850" /><D118/><U10/><E105/><V56/><F91/><W125/><G125/><T4/><D4/><U123/><E123/><V103/><F103/><W61/><G61/><T108/><D121/><U134/><E134/><V37/><F67/><W6/><G6/><T104/><D104/><U59/><E95/><N who="0" m="36361" /><D43/><U68/><E68/><V129/><F57/><W30/><G30/><N who="2" m="11881" /><F56/><W12/><G60/><T0/><D0/><N who="2" m="106" /><F37/><W38/><G38/><T14/><D14/><U84/><E40/><V65/><F65/><W124/><G124/><T72/><D72/><U36/><E36/><V45/><F45/><W116/><G116/><T109/><D54/><U73/><E74/><V16/><F129/><W47/><AGARI ba="1,0" hai="5,11,12,15,19,20,44,46,47,77,78,98,101,107" machi="47" ten="30,4000,0" yaku="0,1,52,2" doraHai="75" who="3" fromWho="3" sc="53,-11,533,-11,52,-21,362,43" /><INIT seed="7,0,0,5,1,33" ten="42,522,31,405" oya="3" hai0="70,18,120,113,69,51,59,61,2,121,124,31,62" hai1="43,29,4,89,42,123,97,74,28,81,63,8,71" hai2="101,110,17,72,6,75,20,27,50,12,127,38,44" hai3="119,22,52,47,41,36,14,118,92,1,131,129,132"/><W98/><G132/><T30/><D2/><U64/><E123/><V104/><F110/><W133/><G133/><T76/><D76/><U130/><E130/><N who="3" m="49674" /><G1/><T57/><D18/><U25/><E29/><V34/><F38/><W78/><G78/><T21/><D51/><U19/><E19/><V87/><F127/><W91/><G52/><T39/><D39/><U0/><E74/><V45/><F34/><W56/><G56/><T67/><D124/><U37/><E37/><V77/><F45/><W55/><G55/><T5/><D5/><U102/><E89/><V106/><F106/><W83/><G83/><T16/><D113/><U23/><E81/><N who="2" m="47535" /><F104/><AGARI ba="0,0" hai="0,4,8,23,25,28,42,43,63,64,71,97,102,104" machi="104" ten="30,2000,0" yaku="7,1,52,1" doraHai="33" who="1" fromWho="2" sc="42,0,522,20,31,-20,405,0" owari="42,-35.8,542,64.2,11,-48.9,405,20.5" /></mjloggm>