<mjloggm ver="2.3"><GO type="169" lobby="0"/><UN n0="%50%44%47%4F%4E" n1="%E5%B3%B6%E7%94%B0%E7%9C%9F%E5%A4%A2" n2="%E5%A0%B4%E6%B3%81%E5%8E%A8" n3="%46%75%77%61" dan="16,16,17,17" rate="2034.98,2145.11,2175.55,2169.25" sx="M,F,F,M"/><TAIKYOKU oya="0"/><INIT seed="0,0,0,4,0,64" ten="250,250,250,250" oya="0" hai0="49,120,75,130,7,99,122,117,94,33,24,15,43" hai1="133,56,124,80,119,6,31,86,88,71,35,123,106" hai2="113,112,19,68,91,20,16,115,134,79,9,111,48" hai3="1,0,50,13,23,37,66,121,34,93,60,22,107"/><T131/><D75/><U41/><E119/><V92/><F111/><W76/><G37/><T21/><D43/><U11/><E123/><V45/><F134/><W42/><G107/><T118/><D49/><U96/><E133/><V57/><F79/><W26/><G121/><N who="0" m="46699" /><D94/><U58/><E124/><V12/><F57/><W116/><G116/><N who="0" m="44651" /><D99/><U36/><E31/><V103/><F103/><W132/><G132/><T61/><D61/><U32/><E35/><V126/><F126/><W90/><G76/><T4/><D33/><U47/><E32/><V73/><F73/><W28/><G42/><T101/><D101/><U102/><REACH who="1" step="1"/><E71/><REACH who="1" ten="250,240,250,250" step="2"/><V108/><F68/><W128/><G34/><T54/><D54/><U125/><E125/><V10/><F108/><W78/><G66/><T67/><D67/><U39/><E39/><V104/><F115/><W38/><G38/><T114/><D114/><U89/><E89/><V74/><F113/><W98/><G90/><T3/><D3/><AGARI ba="0,1" hai="3,6,11,36,41,47,56,58,80,86,88,96,102,106" machi="3" ten="30,3900,0" yaku="1,1,7,1,54,1,53,0" doraHai="64" doraHaiUra="135" who="1" fromWho="0" sc="250,-39,240,49,250,0,250,0" /><INIT seed="1,0,0,4,0,47" ten="211,289,250,250" oya="1" hai0="60,79,3,135,118,77,92,35,90,65,20,122,71" hai1="57,117,63,107,95,42,88,76,103,87,15,119,68" hai2="67,89,69,97,85,78,114,51,56,2,59,133,36" hai3="128,13,16,53,130,109,14,9,121,37,75,73,28"/><U33/><E33/><V116/><F36/><W5/><G121/><T70/><D118/><U99/><E68/><V106/><F116/><W94/><G109/><T49/><D35/><U52/><E42/><V10/><F133/><W48/><G37/><T41/><D135/><U74/><E15/><V100/><F78/><W1/><G28/><T129/><D129/><N who="3" m="49769" /><G94/><T58/><D3/><U86/><E86/><V124/><F124/><W55/><G55/><T34/><D34/><U6/><E6/><V7/><F114/><W40/><G40/><T17/><D71/><U98/><E98/><V101/><F101/><W105/><G105/><T62/><D62/><U110/><E110/><V132/><F132/><W61/><G61/><T46/><D70/><U27/><E27/><V39/><F39/><W26/><G26/><T111/><D122/><U123/><E123/><V108/><F108/><W126/><G126/><T18/><D111/><U84/><E84/><V0/><F67/><W131/><N who="3" m="49777" /><W80/><DORA hai="91" /><G80/><AGARI ba="0,0" hai="52,57,63,74,76,80,87,88,95,99,103,107,117,119" machi="80" ten="40,12000,1" yaku="24,2,52,1,54,2" doraHai="47,91" who="1" fromWho="3" sc="211,0,289,120,250,0,250,-120" /><INIT seed="1,1,0,5,0,92" ten="211,409,250,130" oya="1" hai0="131,118,105,22,94,52,41,48,15,40,93,87,100" hai1="53,83,64,132,59,79,5,86,104,63,47,1,35" hai2="37,81,98,90,61,54,114,62,126,69,9,109,14" hai3="11,130,84,120,36,107,4,49,68,55,119,56,117"/><U115/><E35/><V76/><F37/><W39/><G120/><T26/><D118/><N who="3" m="45065" /><G84/><T12/><D131/><U88/><E115/><V72/><F114/><W128/><G107/><T129/><D105/><U75/><E132/><V34/><F34/><W106/><G106/><T91/><D129/><N who="3" m="49769" /><G11/><T28/><D94/><U0/><E104/><V70/><F9/><W123/><G4/><T73/><D100/><U6/><E6/><V124/><F14/><N who="0" m="5162" /><D73/><U134/><E5/><V102/><F102/><W3/><G3/><T18/><D18/><U65/><E65/><V108/><F72/><W33/><G33/><T77/><D77/><U32/><E32/><V116/><F76/><W2/><G2/><T30/><D30/><U125/><E1/><V80/><F116/><W112/><G123/><T45/><AGARI ba="1,0" hai="22,26,28,40,41,45,48,52,87,91,93" m="5162" machi="45" ten="30,2000,0" yaku="8,1,54,1" doraHai="92" who="0" fromWho="0" sc="211,23,409,-11,250,-6,130,-6" /><INIT seed="2,0,0,4,3,71" ten="234,398,244,124" oya="2" hai0="72,99,12,117,33,10,30,5,110,39,60,15,40" hai1="52,107,70,87,38,69,31,75,80,19,86,23,113" hai2="83,45,78,53,111,47,76,108,17,112,11,61,18" hai3="95,1,122,20,7,135,37,73,49,129,41,35,26"/><V119/><F112/><W81/><G122/><T106/><D72/><U132/><E107/><V104/><F104/><W50/><G135/><T42/><D110/><N who="2" m="42026" /><F119/><W55/><G129/><T44/><D42/><U4/><E113/><V114/><F114/><W66/><G66/><T9/><D117/><U8/><E31/><V120/><F120/><W134/><G134/><T82/><D82/><U128/><E128/><V103/><F103/><W116/><G116/><T21/><D33/><U43/><E69/><V102/><F102/><W123/><G123/><T97/><D106/><U94/><E70/><V57/><F76/><W3/><G35/><T96/><D60/><U90/><E132/><V27/><F11/><W54/><G95/><T25/><REACH who="0" step="1"/><D96/><REACH who="0" ten="224,398,244,124" step="2"/><U85/><E75/><N who="2" m="43487" /><F27/><W77/><G41/><T93/><D93/><U36/><E80/><V46/><AGARI ba="0,1" hai="17,18,45,46,47,53,57,61" m="43487,42026" machi="46" ten="30,3000,0" yaku="14,1,10,1" doraHai="71" who="2" fromWho="2" sc="224,-10,398,-10,244,40,124,-10" /><INIT seed="2,1,0,0,4,65" ten="214,388,284,114" oya="2" hai0="93,4,58,40,128,5,1,134,51,117,97,76,73" hai1="22,96,89,114,31,21,61,29,110,123,84,79,18" hai2="88,111,92,23,75,0,126,94,43,70,16,15,14" hai3="78,30,115,11,121,112,36,83,9,37,8,26,66"/><V125/><F0/><W102/><G121/><T28/><D128/><U52/><E114/><N who="3" m="43562" /><G102/><T132/><D117/><U33/><E110/><V50/><F75/><N who="3" m="43487" /><G66/><T101/><D28/><U109/><E33/><AGARI ba="1,0" hai="8,9,11,26,30,33,36,37" m="43487,43562" machi="33" ten="30,1000,0" yaku="11,1" doraHai="65" who="3" fromWho="1" sc="214,0,388,-13,284,0,114,13" /><INIT seed="3,0,0,2,0,42" ten="214,375,284,127" oya="3" hai0="100,8,50,33,83,32,39,20,87,59,102,31,12" hai1="53,64,47,99,5,88,57,95,65,103,110,129,69" hai2="97,81,44,133,6,62,77,48,109,104,11,134,22" hai3="35,66,73,113,79,41,123,84,119,23,51,3,54"/><W38/><G113/><T135/><D39/><U94/><E110/><V90/><F109/><W43/><G119/><T125/><D135/><N who="2" m="51722" /><F62/><W86/><G123/><T28/><D125/><U131/><E5/><V98/><F22/><W49/><G35/><T76/><D33/><U29/><E29/><N who="0" m="11337" /><D20/><U107/><E69/><V106/><F90/><W19/><G3/><T115/><D115/><U132/><E132/><V80/><F98/><W21/><G73/><T111/><D32/><U10/><E10/><V120/><F97/><W117/><G117/><T112/><D112/><U67/><E107/><N who="2" m="41003" /><F77/><W46/><G66/><T14/><D111/><U116/><E116/><V124/><F124/><W16/><G38/><T40/><D8/><U118/><E118/><V128/><F128/><W30/><G30/><T58/><D102/><U36/><E95/><V68/><F68/><W9/><G9/><T52/><D100/><U130/><E103/><V82/><F120/><W108/><G108/><T25/><D25/><U92/><E94/><V34/><F34/><W60/><G60/><T74/><D74/><U121/><E121/><V105/><F105/><W15/><G79/><T71/><D71/><U101/><E101/><V55/><F82/><W72/><G72/><T127/><D127/><U45/><E36/><V61/><F61/><AGARI ba="0,0" hai="45,47,53,57,61,64,65,67,88,92,99,129,130,131" machi="61" ten="50,8000,1" yaku="19,1,52,2,54,1" doraHai="42" who="1" fromWho="2" sc="214,0,375,80,284,-80,127,0" /><INIT seed="4,0,0,0,1,49" ten="214,455,204,127" oya="0" hai0="124,25,3,81,36,55,2,8,71,135,111,57,94" hai1="46,113,42,58,115,61,47,45,66,83,90,12,19" hai2="10,63,65,117,87,84,102,31,110,16,5,40,95" hai3="98,59,14,51,93,120,126,92,78,127,79,23,104"/><T118/><D118/><U132/><E132/><V62/><F110/><W91/><G23/><T125/><D71/><U9/><E83/><V68/><F117/><W77/><G14/><T29/><D135/><U39/><E90/><V88/><F40/><W28/><G28/><T13/><D36/><U99/><E99/><V30/><F102/><N who="3" m="62551" /><G51/><T103/><D81/><U72/><E72/><V133/><F133/><W105/><G59/><T69/><D94/><N who="3" m="36457" /><G105/><T97/><D69/><U52/><E66/><V128/><F62/><W67/><G67/><T37/><D37/><U43/><E43/><V26/><F31/><W38/><G38/><T56/><D56/><U33/><E33/><V1/><F16/><W76/><G120/><T53/><D3/><U6/><E6/><V96/><F128/><W73/><G91/><T119/><D29/><U32/><E32/><AGARI ba="0,0" hai="1,5,10,26,30,32,63,65,68,84,87,88,95,96" machi="32" ten="30,2000,0" yaku="7,1,54,1" doraHai="49" who="2" fromWho="1" sc="214,0,455,-20,204,20,127,0" /><INIT seed="5,0,0,0,2,7" ten="214,435,224,127" oya="1" hai0="83,33,74,29,78,108,22,8,5,13,80,81,23" hai1="92,47,95,129,99,103,73,46,62,40,31,61,18" hai2="60,0,38,116,109,44,12,48,52,69,89,90,70" hai3="37,84,102,93,72,14,100,134,51,43,71,112,86"/><U105/><E129/><V124/><F0/><W106/><G72/><T21/><REACH who="0" step="1"/><D108/><REACH who="0" ten="204,435,224,127" step="2"/><U6/><E73/><V133/><F109/><W87/><G87/><T35/><D35/><U68/><E99/><V122/><F116/><W130/><G86/><T97/><D97/><U66/><E105/><V59/><F122/><W58/><G84/><T15/><D15/><U104/><E104/><V98/><F98/><W39/><G106/><T128/><D128/><U107/><E107/><V135/><F12/><W57/><G130/><T42/><D42/><U132/><E40/><V120/><F120/><W49/><G14/><T19/><D19/><U88/><E18/><V9/><F135/><W28/><G43/><T10/><D10/><U27/><E132/><V77/><F133/><W125/><G134/><T96/><D96/><U65/><E103/><V34/><F34/><W26/><G102/><T126/><D126/><U111/><E111/><V79/><F124/><W94/><G100/><T119/><D119/><U110/><E110/><V1/><F9/><W54/><G125/><T114/><D114/><U55/><E6/><V115/><F115/><W2/><G112/><T63/><D63/><U45/><E62/><V123/><F123/><W118/><G118/><T76/><D76/><U75/><E61/><V24/><F79/><W53/><G2/><T36/><D36/><U67/><E75/><V20/><F77/><W11/><G11/><T56/><D56/><U64/><E46/><V117/><F1/><W4/><G4/><T16/><D16/><U41/><N who="1" m="16384" /><DORA hai="25" /><U32/><E45/><RYUUKYOKU ba="0,1" sc="204,30,435,-10,224,-10,127,-10" hai0="5,8,13,21,22,23,29,33,74,78,80,81,83" /><INIT seed="6,1,1,3,3,117" ten="234,425,214,117" oya="2" hai0="106,29,9,78,104,32,30,131,120,97,31,54,11" hai1="96,111,50,92,127,107,130,40,114,61,79,28,101" hai2="67,103,33,42,95,119,82,94,52,44,113,46,105" hai3="129,108,90,37,122,13,75,62,118,51,27,128,71"/><V134/><F33/><W12/><G108/><T124/><D32/><U48/><E111/><V18/><F119/><W91/><G118/><T17/><D124/><U19/><E114/><V5/><F67/><W60/><G37/><T7/><D131/><N who="3" m="50249" /><G75/><T10/><D78/><U77/><E28/><V14/><F134/><W132/><G132/><T22/><D120/><U63/><E48/><V99/><F5/><W6/><G6/><T112/><D112/><U21/><E127/><V89/><F46/><W72/><G72/><T64/><D64/><U83/><E107/><V34/><F34/><W70/><G51/><T49/><D97/><U123/><E123/><V16/><F18/><W102/><G102/><T66/><D66/><U125/><E125/><V126/><F126/><W55/><G27/><T23/><D7/><U65/><E65/><V73/><F73/><W87/><G55/><T76/><D76/><U109/><E109/><V45/><F52/><W88/><G87/><T26/><REACH who="0" step="1"/><D23/><REACH who="0" ten="224,425,214,117" step="2"/><U41/><E79/><V47/><F113/><W15/><G122/><T36/><D36/><U85/><E130/><V110/><F110/><W38/><G38/><T24/><D24/><U3/><E77/><V135/><F135/><W57/><G57/><AGARI ba="1,2" hai="9,10,11,17,22,26,29,30,31,49,54,57,104,106" machi="57" ten="40,1300,0" yaku="1,1,53,0" doraHai="117" doraHaiUra="39" who="0" fromWho="3" sc="224,36,425,0,214,0,117,-16" /><INIT seed="7,0,0,3,1,23" ten="260,425,214,101" oya="3" hai0="63,51,27,66,70,65,121,64,41,8,78,9,86" hai1="42,0,54,62,95,130,17,131,115,103,83,60,89" hai2="26,113,56,94,117,82,69,84,99,107,97,100,74" hai3="133,15,135,73,122,76,18,81,87,120,20,88,71"/><W1/><G1/><T40/><D121/><U50/><E0/><V52/><F69/><W37/><G71/><T45/><D41/><U34/><E34/><V91/><F113/><W5/><G5/><T96/><D70/><U124/><E42/><V93/><F117/><W44/><G44/><T16/><D63/><U6/><E6/><V61/><F74/><W21/><G37/><T3/><D3/><U105/><E83/><V72/><F72/><W79/><G21/><N who="0" m="13735" /><D96/><U85/><E115/><V109/><F109/><W59/><G59/><T112/><D112/><U12/><E124/><V39/><F39/><W119/><G119/><T108/><D108/><U14/><E103/><V22/><F99/><W46/><G46/><T38/><D38/><U126/><E105/><V128/><F128/><N who="1" m="49193" /><E12/><V132/><F132/><N who="3" m="50763" /><G73/><T4/><D4/><U104/><E104/><V118/><F118/><W19/><G19/><AGARI ba="0,0" hai="19,22,26,52,56,61,82,84,91,93,94,97,100,107" machi="19" ten="30,3900,0" yaku="7,1,52,1,54,1" doraHai="23" who="2" fromWho="3" sc="260,0,425,0,214,39,101,-39" owari="260,6.0,425,52.5,253,-14.7,62,-43.8" /></mjloggm>