<mjloggm ver="2.3"><GO type="169" lobby="0"/><UN n0="%E3%81%8B%E3%82%88%E3%81%A1%E3%82%83%E3%82%93%E3%81%AE%E6%97%A6%E9%82%A3" n1="%E3%83%8E%E3%82%AA%E3%83%81%E3%83%A3%E3%83%99%E3%82%B9" n2="%E3%81%B3%E3%82%8D%E3%81%B4%E3%82%8D" n3="%E3%82%B0%E3%83%B3%E3%83%80%E3%83%AA%E3%83%BC" dan="16,16,16,19" rate="2112.00,2159.10,2175.24,2286.66" sx="M,M,M,M"/><TAIKYOKU oya="0"/><INIT seed="0,0,0,5,4,39" ten="250,250,250,250" oya="0" hai0="61,36,128,41,129,12,56,59,17,48,131,0,84" hai1="92,34,112,23,96,27,118,11,15,64,77,125,133" hai2="71,81,76,123,127,78,122,91,43,2,50,102,16" hai3="63,55,104,49,30,119,86,19,35,68,120,18,8"/><T117/><D0/><U13/><E118/><V93/><F71/><W110/><G119/><T124/><D117/><U62/><E34/><V73/><F2/><W44/><G110/><T75/><D75/><U99/><E99/><V79/><F102/><W21/><G8/><T132/><D132/><U108/><E108/><V37/><F37/><W4/><G4/><T31/><D31/><U87/><E125/><V114/><F114/><W20/><G86/><T38/><D124/><U45/><E133/><V33/><F33/><W40/><G104/><T7/><D7/><U67/><E112/><V97/><F127/><W94/><G94/><T130/><N who="0" m="32768" /><DORA hai="46" /><T74/><D74/><U95/><E45/><V52/><F43/><W9/><G9/><N who="0" m="6287" /><D84/><U51/><E11/><V100/><F123/><W82/><G30/><T32/><D32/><U105/><E87/><V89/><F122/><W109/><G35/><T26/><D26/><U65/><E105/><V58/><REACH who="2" step="1"/><F16/><REACH who="2" ten="250,250,240,250" step="2"/><W113/><G19/><T72/><D72/><U90/><E15/><V83/><F83/><W103/><G18/><T111/><D111/><U115/><E13/><V98/><F98/><W5/><G109/><T101/><D101/><U80/><E96/><V1/><F1/><W107/><G103/><T14/><D38/><U3/><E3/><V134/><F134/><W126/><G126/><T29/><D36/><U69/><E115/><V116/><F116/><W47/><G113/><T135/><D135/><U6/><E6/><V85/><F85/><W10/><G5/><T57/><D14/><U106/><E23/><RYUUKYOKU ba="0,1" sc="250,-10,250,-10,240,30,250,-10" hai2="50,52,58,73,76,78,79,81,89,91,93,97,100" /><INIT seed="1,1,1,4,0,109" ten="240,240,270,240" oya="1" hai0="60,96,107,66,123,120,133,24,116,83,0,135,13" hai1="80,94,102,72,59,48,26,46,79,15,78,21,100" hai2="124,91,106,68,112,39,76,110,81,14,97,23,11" hai3="82,50,40,47,103,22,33,128,27,99,34,6,25"/><U131/><E131/><V93/><F39/><W63/><G128/><T88/><D0/><U77/><E15/><V28/><F68/><W71/><G27/><T4/><D116/><U92/><E59/><V18/><F106/><W87/><G6/><T111/><D111/><U17/><E72/><V29/><F110/><W84/><G71/><T58/><D24/><U105/><E80/><V37/><F37/><W98/><G63/><T69/><D69/><U9/><E9/><V90/><F124/><W8/><G87/><N who="0" m="50303" /><D107/><U36/><E36/><V127/><F127/><W113/><G8/><N who="0" m="4231" /><D96/><U130/><E130/><V121/><F121/><AGARI ba="1,1" hai="58,60,66,120,121,123,133,135" m="4231,50303" machi="121" ten="30,2000,0" yaku="13,1,54,1" doraHai="109" who="0" fromWho="2" sc="240,33,240,0,270,-23,240,0" /><INIT seed="2,0,0,0,3,5" ten="273,240,247,240" oya="2" hai0="83,65,110,33,12,78,61,126,81,115,108,82,121" hai1="49,99,11,29,20,40,101,57,55,63,89,107,135" hai2="113,58,56,73,129,68,59,50,97,14,120,45,7" hai3="114,27,62,21,19,43,124,36,132,51,95,92,116"/><V32/><F73/><W118/><G36/><T127/><D121/><U64/><E135/><V105/><F113/><W15/><G132/><T8/><D33/><U52/><E89/><V109/><F120/><W16/><G114/><T79/><D115/><U18/><E40/><V125/><F68/><W42/><G124/><N who="0" m="47659" /><D78/><U131/><E131/><V122/><F122/><W98/><G95/><T38/><D38/><U31/><E55/><V71/><F71/><W39/><G39/><T94/><D94/><U88/><E88/><V67/><F32/><W76/><G76/><T3/><D3/><U75/><E75/><V54/><F125/><W37/><G37/><T44/><D44/><U96/><E96/><V130/><F109/><N who="0" m="42090" /><D79/><U1/><E1/><V69/><F69/><W80/><G80/><T30/><D30/><U102/><E102/><V134/><F134/><W111/><G111/><T84/><D84/><U66/><E66/><V74/><F74/><W34/><G92/><T104/><D104/><U46/><REACH who="1" step="1"/><E11/><REACH who="1" ten="273,230,247,240" step="2"/><V6/><F67/><W9/><G9/><T119/><D119/><U93/><E93/><V24/><F129/><W10/><G116/><T112/><D112/><U103/><E103/><V117/><F130/><W0/><G118/><T86/><D86/><U85/><E85/><V60/><F117/><W133/><G0/><T48/><D82/><U26/><AGARI ba="0,1" hai="18,20,26,29,31,46,49,52,57,63,64,99,101,107" machi="26" ten="20,8000,1" yaku="1,1,0,1,7,1,54,1,53,1" doraHai="5" doraHaiUra="100" who="1" fromWho="1" sc="273,-20,230,90,247,-40,240,-20" /><INIT seed="3,0,0,4,0,25" ten="253,320,207,220" oya="3" hai0="129,74,69,135,9,6,43,119,51,2,113,33,128" hai1="7,18,81,122,112,32,38,24,99,110,15,42,21" hai2="12,36,28,53,54,111,27,14,107,8,40,73,114" hai3="94,4,66,20,132,56,92,123,89,34,63,127,39"/><W91/><G127/><T59/><D119/><U100/><E122/><V130/><F114/><W52/><G132/><T64/><D135/><U93/><E112/><V58/><F73/><W75/><G34/><T84/><D113/><U106/><E110/><V3/><F107/><W19/><G75/><T46/><D74/><U101/><E81/><V61/><F111/><W88/><G39/><T48/><D33/><U97/><E42/><V50/><F130/><W0/><G123/><T16/><D84/><U10/><E32/><V55/><F40/><W11/><REACH who="3" step="1"/><G66/><REACH who="3" ten="253,320,207,210" step="2"/><T30/><D64/><U126/><E38/><V41/><F36/><W5/><G5/><T124/><D6/><U47/><E126/><V85/><F3/><W109/><G109/><T17/><D2/><U37/><E37/><V87/><F50/><W60/><G60/><T26/><D51/><U62/><E62/><V13/><F61/><W120/><G120/><T49/><D49/><U1/><E1/><V31/><F8/><W134/><G134/><T98/><D9/><U80/><E7/><V72/><F72/><W67/><G67/><T108/><D48/><U118/><E10/><V76/><F54/><W104/><G104/><T82/><D108/><U102/><E106/><V133/><F55/><W77/><G77/><T115/><D124/><U96/><E47/><V131/><F76/><W117/><G117/><T95/><D46/><U71/><E118/><V68/><F53/><W79/><G79/><T116/><D116/><U70/><E70/><V44/><F68/><W23/><G23/><T57/><D69/><RYUUKYOKU ba="0,1" sc="253,-10,320,-10,207,-10,210,30" hai3="0,4,11,19,20,52,56,63,88,89,91,92,94" /><INIT seed="3,1,1,5,1,103" ten="243,310,197,240" oya="3" hai0="5,111,45,135,11,126,1,69,42,8,15,39,75" hai1="31,57,46,3,13,56,55,110,32,53,104,35,91" hai2="71,90,134,52,124,116,43,89,34,26,41,21,94" hai3="44,81,99,14,49,40,62,22,64,10,107,127,58"/><W122/><G127/><T118/><D118/><U63/><E3/><V86/><F116/><W68/><G122/><T82/><D126/><U80/><E110/><V20/><F124/><W95/><G81/><T88/><D69/><U76/><E46/><V87/><F71/><W36/><G22/><T25/><D111/><U125/><E125/><V83/><F134/><W79/><G79/><N who="0" m="44415" /><D135/><U2/><E2/><V38/><F38/><W50/><G107/><T112/><D112/><U29/><E91/><V105/><F105/><W30/><G30/><T73/><D73/><U12/><E104/><V48/><F34/><W123/><G68/><T109/><D109/><U60/><E80/><V16/><REACH who="2" step="1"/><F20/><REACH who="2" ten="243,310,187,240" step="2"/><W93/><G123/><T130/><D39/><U102/><E35/><V114/><F114/><W7/><REACH who="3" step="1"/><G95/><REACH who="3" ten="243,310,187,230" step="2"/><T28/><D11/><U59/><E32/><V97/><F97/><W131/><G131/><T33/><D130/><U74/><E31/><V84/><F84/><W70/><G70/><T27/><D28/><U120/><E29/><V132/><F132/><W101/><AGARI ba="1,3" hai="7,10,14,36,40,44,49,50,58,62,64,93,99,101" machi="101" ten="20,7800,0" yaku="1,1,0,1,7,1,53,1" doraHai="103" doraHaiUra="92" who="3" fromWho="3" sc="243,-27,310,-27,187,-27,230,111" /><INIT seed="3,2,0,1,2,49" ten="216,283,160,341" oya="3" hai0="101,97,70,61,76,123,110,3,31,48,41,135,46" hai1="98,15,82,119,74,59,131,47,85,14,134,30,80" hai2="66,63,88,132,115,67,77,122,9,109,126,33,108" hai3="22,27,32,127,73,112,20,18,37,116,78,60,71"/><W26/><G37/><T39/><D123/><U129/><E74/><V1/><F77/><W128/><G112/><T118/><D118/><U121/><E121/><V28/><F63/><W87/><G73/><T89/><D135/><U104/><E134/><V65/><F122/><W81/><G127/><T124/><D124/><U72/><E72/><V4/><F132/><W34/><G128/><T105/><D110/><U86/><E47/><V10/><F126/><W13/><G116/><T35/><D3/><U91/><E30/><V95/><F115/><W64/><REACH who="3" step="1"/><G13/><REACH who="3" ten="216,283,160,331" step="2"/><T53/><D53/><U50/><E119/><V45/><F108/><W11/><G11/><T106/><D39/><U43/><E15/><V5/><F109/><W2/><G2/><T92/><D41/><U68/><E14/><V107/><F9/><W44/><G44/><T79/><D46/><U55/><E43/><V84/><F45/><W56/><G56/><T17/><D70/><U130/><E68/><V54/><F10/><W42/><G42/><T16/><D61/><U52/><E59/><V21/><F1/><W57/><G57/><T6/><D48/><U0/><E50/><V58/><F58/><W19/><AGARI ba="2,1" hai="18,19,20,22,26,27,32,34,60,64,71,78,81,87" machi="19" ten="20,7800,0" yaku="1,1,0,1,7,1,9,1,53,0" doraHai="49" doraHaiUra="8" who="3" fromWho="3" sc="216,-28,283,-28,160,-28,331,94" /><INIT seed="3,3,0,3,3,13" ten="188,255,132,425" oya="3" hai0="110,106,55,123,101,10,72,20,94,21,97,30,73" hai1="115,17,119,87,0,60,74,47,22,8,82,59,109" hai2="69,102,70,122,56,37,1,99,104,83,28,53,35" hai3="9,15,57,58,52,48,19,14,38,116,71,114,43"/><W113/><G116/><T128/><D123/><U108/><E74/><V130/><F37/><W86/><G71/><T133/><D133/><U61/><E47/><V64/><F1/><W49/><G38/><T4/><D110/><N who="1" m="42603" /><E115/><V46/><F46/><N who="3" m="25695" /><G114/><T16/><D128/><U29/><E29/><V7/><F7/><N who="3" m="3391" /><G113/><T95/><D95/><U5/><E119/><V3/><F3/><W79/><G58/><T18/><D106/><U129/><E129/><V84/><F130/><W25/><G25/><N who="0" m="16687" /><D72/><U126/><E126/><V135/><F135/><W92/><G92/><T27/><D73/><U85/><E82/><V127/><F127/><W118/><G118/><T111/><D111/><U80/><E80/><V90/><F122/><W26/><G26/><T32/><D32/><U40/><E40/><V31/><F70/><W6/><G6/><T42/><D42/><U67/><E61/><V78/><F35/><W100/><G100/><T132/><D132/><U39/><E39/><V51/><F69/><W131/><G131/><T112/><D112/><U121/><E121/><V125/><F125/><W88/><G79/><T36/><D36/><U89/><E89/><V76/><F76/><W98/><G98/><T63/><D4/><U23/><E87/><V2/><F2/><W45/><G45/><T93/><D93/><U44/><E85/><N who="2" m="48375" /><F64/><W107/><G107/><T134/><D134/><U12/><E44/><V77/><F77/><W124/><G124/><T33/><D33/><U96/><E96/><V68/><F68/><W91/><G86/><T50/><D97/><U75/><E75/><RYUUKYOKU ba="3,0" sc="188,-30,255,10,132,10,425,10" hai1="0,5,8,12,17,22,23,59,60,67" hai2="28,31,51,53,56,84,90,99,102,104" hai3="15,19,49,52,57,88,91" /><INIT seed="3,4,0,2,1,24" ten="158,265,142,435" oya="3" hai0="111,31,51,33,5,78,93,74,14,121,47,42,116" hai1="37,117,90,38,9,2,56,69,103,88,57,72,62" hai2="76,60,134,55,132,36,3,45,104,71,48,115,84" hai3="28,109,67,70,50,85,73,0,13,75,22,113,87"/><W65/><G113/><T10/><D121/><U126/><E72/><V11/><F104/><W123/><G0/><T18/><D116/><U35/><E69/><V106/><F106/><W94/><G50/><T82/><D111/><U44/><E103/><V129/><F76/><W16/><G123/><T8/><D31/><U91/><E35/><V52/><F84/><W26/><G109/><T98/><D33/><U102/><E102/><V1/><F115/><W105/><G105/><T125/><D125/><U81/><E126/><V99/><F99/><W20/><G75/><T80/><D80/><U6/><E57/><V34/><F34/><W119/><G73/><T49/><D93/><U133/><E133/><N who="2" m="51307" /><F36/><W58/><G119/><T12/><D98/><U66/><E117/><V32/><F32/><W97/><G70/><T89/><D89/><U114/><E114/><V63/><F11/><W27/><G27/><T124/><D124/><U41/><REACH who="1" step="1"/><E37/><AGARI ba="4,0" hai="5,8,10,12,14,18,37,42,47,49,51,74,78,82" machi="37" ten="30,1000,0" yaku="7,1" doraHai="24" who="0" fromWho="1" sc="158,22,265,-22,142,0,435,0" /><INIT seed="4,0,0,0,5,102" ten="180,243,142,435" oya="0" hai0="109,103,67,26,49,78,65,69,23,6,98,112,89" hai1="47,120,131,123,1,92,64,94,85,48,125,41,5" hai2="80,4,37,16,91,126,77,62,20,50,135,11,3" hai3="95,110,113,70,111,104,121,127,68,86,99,74,17"/><T96/><D112/><U88/><E131/><V55/><F37/><W132/><G74/><T71/><D109/><U2/><E125/><V122/><F122/><W133/><G113/><T10/><D78/><U22/><E64/><V39/><F39/><W72/><G72/><T128/><D128/><U58/><E58/><V81/><F135/><N who="3" m="51787" /><G127/><T44/><D69/><N who="3" m="26729" /><G121/><T31/><D71/><U53/><E120/><V40/><F126/><W118/><G118/><T107/><D89/><U93/><E123/><V43/><F91/><N who="3" m="53751" /><G17/><T76/><D98/><U34/><E34/><V32/><F32/><W129/><G129/><T97/><D76/><U82/><E41/><V66/><F66/><W105/><G99/><T52/><REACH who="0" step="1"/><D97/><REACH who="0" ten="170,243,142,435" step="2"/><U51/><E88/><V101/><F101/><W83/><G83/><T46/><D46/><U30/><E47/><V28/><F80/><W59/><G59/><T18/><D18/><U8/><E82/><V56/><F28/><W73/><G73/><T9/><D9/><U116/><E8/><V115/><F115/><W100/><G100/><T79/><D79/><U114/><E114/><V7/><F7/><W12/><G111/><T124/><D124/><U27/><E5/><V117/><F81/><W36/><G110/><T106/><D106/><U29/><E29/><V42/><F77/><W15/><G105/><T84/><D84/><U60/><E85/><V35/><F117/><W25/><G104/><T54/><D54/><U33/><E116/><V19/><F19/><W87/><G87/><T130/><D130/><U24/><E30/><V108/><F108/><RYUUKYOKU ba="0,1" sc="170,30,243,-10,142,-10,435,-10" hai0="6,10,23,26,31,44,49,52,65,67,96,103,107" /><INIT seed="4,1,1,1,5,87" ten="200,233,132,425" oya="0" hai0="67,14,107,112,101,52,16,92,36,99,20,122,108" hai1="80,90,130,85,124,47,111,84,117,41,120,125,106" hai2="29,96,126,79,32,55,7,2,81,123,63,113,24" hai3="44,60,70,76,23,50,72,6,95,64,27,28,65"/><T135/><D122/><U26/><E106/><V54/><F123/><W83/><G6/><T66/><D108/><U91/><E120/><V56/><F113/><W104/><G104/><T94/><D112/><U48/><E117/><V100/><F126/><N who="1" m="48745" /><E26/><V75/><F7/><W37/><G37/><T61/><D135/><U10/><E10/><V15/><F15/><W68/><G95/><N who="0" m="58623" /><D36/><U40/><E130/><V78/><F78/><W98/><G98/><T119/><D107/><U127/><E127/><V33/><F2/><W109/><G109/><T114/><D114/><U42/><E111/><V25/><F25/><W128/><G128/><T53/><D119/><U62/><E62/><V118/><F118/><W19/><G65/><N who="0" m="24587" /><D53/><U74/><E74/><V69/><F69/><W51/><G70/><T5/><D5/><U35/><E35/><V89/><F54/><W103/><G103/><T49/><D61/><U129/><E129/><V17/><F33/><W11/><G44/><AGARI ba="1,1" hai="14,16,20,44,49,52,92,94" m="24587,58623" machi="44" ten="30,5800,0" yaku="8,1,54,2" doraHai="87" who="0" fromWho="3" sc="200,71,233,0,132,0,425,-61" /><INIT seed="4,2,0,4,5,112" ten="271,233,132,364" oya="0" hai0="35,91,43,73,93,101,52,107,70,3,88,50,84" hai1="135,121,14,81,102,129,0,22,119,117,24,133,44" hai2="13,79,78,29,115,26,5,109,11,89,114,32,90" hai3="31,23,98,9,19,124,33,48,21,15,12,39,25"/><T120/><D120/><U40/><E0/><V123/><F123/><W125/><G39/><T47/><D35/><U80/><E14/><V69/><F69/><W53/><G98/><T64/><D3/><U63/><E63/><V72/><F109/><W96/><G96/><T86/><D73/><U10/><E10/><V95/><F90/><W75/><G75/><T18/><D101/><U61/><E61/><V59/><F59/><W77/><G77/><T122/><D122/><U41/><E102/><V66/><F66/><W128/><G128/><T30/><D107/><U100/><E100/><V42/><F42/><W16/><REACH who="3" step="1"/><G33/><REACH who="3" ten="271,233,132,354" step="2"/><T127/><D127/><U131/><E121/><V55/><F72/><W37/><G37/><T2/><D70/><U51/><E129/><V92/><F92/><W132/><G132/><N who="1" m="50762" /><E131/><V110/><F110/><W54/><G54/><T45/><D64/><U94/><E94/><V76/><REACH who="2" step="1"/><F55/><REACH who="2" ten="271,233,122,354" step="2"/><W38/><G38/><T4/><D52/><N who="1" m="29799" /><E80/><V113/><F113/><W126/><G126/><T58/><D93/><U27/><E81/><V106/><F106/><W87/><G87/><AGARI ba="2,2" hai="5,11,13,26,29,32,76,78,79,87,89,95,114,115" machi="87" ten="40,1300,0" yaku="1,1,53,0" doraHai="112" doraHaiUra="134" who="2" fromWho="3" sc="271,0,233,0,122,39,354,-19" /><INIT seed="5,0,0,0,0,11" ten="271,233,161,335" oya="1" hai0="122,113,15,131,97,87,111,19,108,89,23,20,116" hai1="6,37,45,90,70,2,82,60,17,133,132,98,115" hai2="8,24,21,77,7,48,80,109,1,59,51,106,12" hai3="54,93,83,49,94,56,3,74,35,50,26,130,134"/><U0/><E115/><V127/><F109/><W57/><G3/><T43/><D113/><U101/><E6/><V44/><F127/><W78/><G130/><T128/><D122/><U61/><E17/><V125/><F125/><W114/><G134/><N who="1" m="51818" /><E90/><V53/><F106/><W39/><G39/><T30/><D116/><U55/><E82/><V96/><F96/><W91/><G114/><T75/><D75/><U63/><E70/><V110/><F110/><W68/><G68/><T46/><D97/><U67/><E67/><V65/><F1/><N who="1" m="617" /><E37/><V73/><F65/><W79/><G91/><T28/><D23/><U32/><E32/><V92/><F92/><W135/><G79/><T33/><D33/><U119/><E119/><V104/><F104/><W31/><G135/><T112/><D112/><U42/><E42/><V69/><F69/><W105/><G105/><T120/><D120/><U9/><E9/><V117/><F117/><W27/><G27/><T16/><D19/><U103/><E98/><V64/><F64/><W76/><G76/><T5/><D5/><U100/><E45/><V85/><F73/><W22/><G35/><T47/><D47/><U18/><E18/><N who="2" m="12343" /><F44/><W36/><G36/><N who="0" m="21863" /><D108/><U41/><E41/><V14/><F14/><W124/><G124/><T102/><D111/><U71/><E71/><V38/><F38/><W72/><G72/><T52/><D102/><U4/><E4/><V107/><F107/><W121/><G121/><T84/><D131/><U86/><E86/><N who="0" m="32809" /><D128/><U99/><E99/><V118/><F118/><W66/><G66/><T13/><D89/><RYUUKYOKU ba="0,0" sc="271,-30,233,10,161,10,335,10" hai1="55,60,61,63,100,101,103" hai2="7,8,12,48,51,53,59,77,80,85" hai3="22,26,31,49,50,54,56,57,74,78,83,93,94" /><INIT seed="5,1,0,1,5,38" ten="241,243,171,345" oya="1" hai0="57,123,16,110,19,104,112,95,37,32,107,40,83" hai1="70,8,25,10,73,33,7,18,80,127,108,105,54" hai2="49,79,52,65,94,46,21,100,17,44,51,68,115" hai3="76,47,77,63,97,106,55,131,82,62,53,30,15"/><U116/><E70/><V28/><F115/><W117/><G30/><T75/><D110/><U61/><E105/><V27/><F79/><W109/><G109/><T78/><D123/><U56/><E108/><V24/><F68/><W86/><G77/><T42/><D112/><U23/><E116/><V0/><F0/><W50/><G131/><T122/><D122/><U11/><E127/><V66/><F94/><W85/><G85/><T12/><D32/><U45/><E73/><V88/><F100/><W129/><G129/><T72/><D57/><U120/><E120/><V6/><F88/><W43/><G106/><T9/><D95/><U98/><E80/><V128/><F6/><W130/><G117/><T60/><D78/><U84/><E84/><V36/><F36/><W93/><G15/><T3/><D37/><U39/><E33/><V48/><F128/><W135/><G135/><T124/><D60/><N who="3" m="23081" /><G130/><T126/><D3/><U119/><E119/><V133/><F133/><W96/><G96/><T99/><D12/><U22/><E22/><V90/><F90/><AGARI ba="1,0" hai="43,47,50,53,55,76,82,86,90,93,97" m="23081" machi="90" ten="30,2000,0" yaku="8,1,52,1" doraHai="38" who="3" fromWho="2" sc="241,0,243,0,171,-23,345,23" /><INIT seed="6,0,0,1,3,100" ten="241,243,148,368" oya="2" hai0="98,123,84,14,12,99,2,122,26,107,91,130,67" hai1="16,135,9,51,33,78,24,34,116,62,30,75,132" hai2="81,52,83,10,39,19,88,95,0,82,54,76,27" hai3="124,115,28,4,31,129,117,110,104,5,86,112,66"/><V134/><F39/><W38/><G110/><T57/><D2/><U59/><E51/><V92/><F134/><N who="1" m="51241" /><E116/><V111/><F111/><W71/><G104/><T108/><D108/><U48/><E48/><V61/><F0/><W41/><G117/><T128/><D26/><U40/><E40/><V101/><F76/><W89/><G129/><N who="0" m="49771" /><D57/><U109/><E109/><V7/><F7/><W32/><G124/><T77/><D67/><N who="1" m="39391" /><E78/><V11/><F101/><W13/><G41/><T23/><D77/><U102/><E102/><V56/><F95/><W8/><G38/><T35/><D35/><N who="1" m="20935" /><E75/><V113/><F54/><W44/><G32/><T50/><D50/><U97/><E97/><N who="0" m="36873" /><D23/><U106/><E106/><V20/><F113/><W53/><G112/><T118/><D107/><U3/><E3/><V105/><F105/><W68/><G115/><T47/><D47/><U60/><E60/><V25/><F25/><W22/><G44/><T65/><D65/><U125/><E125/><V126/><F126/><W131/><G66/><T94/><D118/><U6/><E6/><V55/><F55/><W119/><G5/><T87/><D87/><AGARI ba="0,0" hai="10,11,19,20,27,52,56,61,81,82,83,87,88,92" machi="87" ten="40,7700,0" yaku="8,1,54,2" doraHai="100" who="2" fromWho="0" sc="241,-77,243,0,148,77,368,0" /><INIT seed="6,1,0,4,0,63" ten="164,243,225,368" oya="2" hai0="15,88,119,55,103,106,122,1,28,60,126,112,51" hai1="90,38,73,130,125,109,133,10,33,9,44,78,115" hai2="12,13,75,17,56,89,54,91,29,117,58,121,3" hai3="70,113,68,118,108,50,66,4,116,107,43,85,102"/><V123/><F117/><W111/><G85/><T36/><D36/><U129/><E90/><V128/><F3/><W22/><G22/><T72/><D72/><U105/><E44/><V104/><F104/><W96/><G4/><T20/><D1/><U47/><E47/><V2/><F2/><W48/><G43/><T100/><D119/><U101/><E101/><V34/><F75/><W52/><G48/><T86/><D122/><U27/><E27/><V79/><F79/><W76/><G118/><T77/><D112/><U99/><E99/><V19/><F54/><W71/><G113/><T21/><D77/><U62/><E62/><V120/><F121/><W39/><G39/><T35/><D35/><U49/><E49/><V74/><F74/><W69/><G116/><T0/><D0/><U42/><E73/><V37/><F37/><W98/><G98/><T57/><D106/><U45/><E105/><V132/><F34/><W8/><G8/><T6/><D126/><U135/><E33/><V87/><F87/><W65/><G76/><T131/><D131/><N who="1" m="50187" /><E78/><V114/><F128/><W82/><G82/><N who="0" m="49239" /><D6/><U30/><E115/><V94/><F114/><W26/><G71/><T24/><D51/><U61/><E125/><V46/><F94/><W23/><G111/><T81/><D81/><U97/><E109/><V40/><F123/><W127/><G108/><T18/><AGARI ba="1,0" hai="15,18,20,21,24,28,55,57,60,100,103" m="49239" machi="18" ten="30,2000,0" yaku="8,1,54,1" doraHai="63" who="0" fromWho="0" sc="164,23,243,-6,225,-11,368,-6" /><INIT seed="7,0,0,0,5,100" ten="187,237,214,362" oya="3" hai0="22,15,25,106,66,93,68,14,3,39,42,19,46" hai1="133,45,8,74,71,50,123,43,135,6,78,69,82" hai2="89,114,11,102,70,103,73,124,13,107,24,109,5" hai3="90,75,51,47,115,91,59,132,20,118,105,44,27"/><W17/><G105/><T28/><D3/><U30/><E30/><V41/><F109/><W92/><G75/><T26/><D106/><U104/><E123/><V62/><F73/><W94/><G132/><N who="1" m="50762" /><E104/><V111/><F111/><W79/><G94/><T85/><D68/><U63/><E63/><V101/><F107/><W108/><G91/><T97/><D85/><U86/><E74/><V0/><F0/><AGARI ba="0,0" hai="0,6,8,43,45,50,69,71,78,82,86" m="50762" machi="0" ten="30,1000,0" yaku="20,1" doraHai="100" who="1" fromWho="2" sc="187,0,237,10,214,-10,362,0" owari="187,-31.3,247,4.7,204,-19.6,362,46.2" /></mjloggm>