<mjloggm ver="2.3"><GO type="169" lobby="0"/><UN n0="%73%73%73%31%39%33%33" n1="%73%79%6C%76%65%6F%6E" n2="%E3%81%8A%E3%81%98%E3%81%95%E3%82%93" n3="%53%69%6C%65%6E%54" dan="16,16,19,16" rate="2147.00,2154.72,2268.39,2158.55" sx="F,M,M,F"/><TAIKYOKU oya="0"/><INIT seed="0,0,0,1,1,28" ten="250,250,250,250" oya="0" hai0="84,76,55,6,1,124,67,86,79,123,29,46,114" hai1="36,113,133,42,93,117,14,97,106,57,85,40,110" hai2="66,120,7,69,15,91,132,27,129,17,34,98,71" hai3="104,94,82,83,24,112,135,33,23,52,78,74,41"/><T3/><D114/><U88/><E117/><V5/><F120/><W51/><G104/><T126/><D67/><U16/><E113/><V49/><F129/><W81/><G112/><T63/><D123/><U127/><E110/><V89/><F132/><W48/><G135/><T92/><D29/><U90/><E133/><V50/><F27/><W58/><G94/><T64/><D46/><U8/><E127/><N who="0" m="48681" /><D55/><U62/><E36/><V96/><F66/><W61/><G33/><T54/><D54/><N who="1" m="34103" /><E106/><V35/><F15/><W109/><G109/><T56/><D92/><AGARI ba="0,0" hai="8,14,16,40,42,85,88,90,92,93,97" m="34103" machi="92" ten="30,3900,0" yaku="8,1,54,2" doraHai="28" who="1" fromWho="0" sc="250,-39,250,39,250,0,250,0" /><INIT seed="1,0,0,5,2,3" ten="211,289,250,250" oya="1" hai0="1,58,8,95,108,47,10,89,29,101,71,120,70" hai1="16,87,18,37,115,30,62,83,125,80,4,121,135" hai2="86,39,85,27,66,5,22,20,43,48,122,21,46" hai3="24,32,134,96,112,104,123,61,26,40,124,116,14"/><U49/><E37/><V12/><F122/><W109/><G40/><T74/><D74/><U44/><E115/><V53/><F66/><W113/><G61/><T17/><D101/><U107/><E121/><V79/><F27/><W59/><G59/><T117/><D117/><U41/><E107/><V11/><REACH who="2" step="1"/><F79/><REACH who="2" ten="211,289,240,250" step="2"/><W9/><G123/><T33/><D120/><U64/><E64/><V56/><AGARI ba="0,1" hai="5,11,12,20,21,22,39,43,46,48,53,56,85,86" machi="56" ten="30,7900,0" yaku="1,1,2,1,0,1,52,1,53,0" doraHai="3" doraHaiUra="84" who="2" fromWho="2" sc="211,-20,289,-39,240,89,250,-20" /><INIT seed="2,0,0,4,5,51" ten="191,250,329,230" oya="2" hai0="93,54,45,32,22,59,134,42,2,49,65,88,132" hai1="95,14,75,31,129,71,98,92,35,25,76,20,23" hai2="77,15,102,7,135,18,78,63,130,69,74,127,106" hai3="105,12,11,101,37,72,111,81,29,46,68,131,5"/><V39/><F39/><W19/><G111/><T83/><D32/><U87/><E75/><V133/><F7/><W17/><G68/><T33/><D33/><U86/><E71/><V40/><F40/><W126/><G131/><T43/><D2/><U16/><E129/><V94/><F106/><W125/><G29/><T30/><D83/><U82/><E87/><V128/><F102/><W10/><G101/><T57/><D30/><U73/><E73/><V100/><F100/><W113/><G105/><T123/><D123/><U80/><E80/><N who="2" m="45111" /><F94/><W108/><G113/><T62/><D22/><U85/><E85/><V4/><F4/><W84/><G72/><T34/><D34/><U6/><E6/><V60/><F60/><W56/><G37/><T41/><REACH who="0" step="1"/><D45/><REACH who="0" ten="181,250,329,230" step="2"/><U67/><E35/><V116/><F130/><W70/><G46/><T61/><D61/><U27/><E27/><V107/><F63/><W47/><G47/><T55/><D55/><U119/><E119/><V48/><F116/><W114/><G81/><T66/><D66/><U124/><E67/><V58/><F128/><W8/><G11/><T117/><D117/><U24/><E24/><V120/><F120/><W109/><G10/><T104/><D104/><U26/><E26/><V118/><F107/><W112/><G8/><T91/><D91/><N who="1" m="55583" /><E124/><V53/><F127/><W36/><G125/><T79/><D79/><U115/><E115/><V103/><F118/><W52/><G126/><T3/><D3/><U38/><E38/><V99/><F78/><W50/><G114/><T121/><D121/><U96/><E95/><RYUUKYOKU ba="0,1" sc="181,15,250,15,329,-15,230,-15" hai0="41,42,43,49,54,57,59,62,65,88,93,132,134" hai1="14,16,20,23,25,31,76,82,86,96" /><INIT seed="3,1,1,0,0,67" ten="196,265,314,215" oya="3" hai0="19,121,51,94,4,111,3,1,122,91,112,85,28" hai1="99,41,22,62,104,119,77,49,31,11,23,116,98" hai2="56,0,59,87,38,83,128,78,29,127,57,9,69" hai3="60,114,30,39,120,26,42,8,37,103,106,80,96"/><W5/><G114/><T43/><D28/><U82/><E11/><V40/><F127/><W95/><G120/><T34/><D34/><U75/><E62/><V118/><F118/><N who="1" m="45097" /><E104/><V108/><F108/><W70/><G80/><T107/><D107/><U35/><E35/><V47/><F128/><W109/><G42/><T58/><D112/><U7/><E7/><V126/><F126/><W27/><G27/><T6/><D111/><U81/><E81/><V74/><F29/><W46/><G95/><T52/><D43/><U20/><E31/><V55/><F87/><W105/><G105/><T92/><D92/><U64/><E64/><V68/><F55/><W44/><G109/><T66/><D66/><U45/><AGARI ba="1,1" hai="20,22,23,41,45,49,75,77,82,98,99" m="45097" machi="45" ten="40,1500,0" yaku="12,1" doraHai="67" who="1" fromWho="1" sc="196,-5,265,28,314,-5,215,-8" /><INIT seed="4,0,0,3,2,91" ten="191,293,309,207" oya="0" hai0="117,27,54,131,115,12,104,32,58,81,72,69,3" hai1="9,31,113,70,63,102,119,11,59,66,33,30,49" hai2="51,122,35,14,57,114,118,45,71,125,111,48,24" hai3="0,121,74,101,13,129,68,83,90,2,87,29,123"/><T128/><D117/><U109/><E109/><V53/><F111/><W56/><G68/><T108/><D104/><U95/><E119/><V120/><F118/><W17/><G29/><N who="1" m="10762" /><E33/><V134/><F24/><W77/><G129/><N who="0" m="49739" /><D108/><U10/><E70/><V43/><F35/><W100/><G56/><T38/><D38/><U34/><E34/><V80/><F71/><W85/><G74/><T86/><D69/><U4/><E113/><V40/><F114/><W126/><G126/><T7/><D32/><U52/><E102/><V16/><F134/><W97/><G0/><T107/><D107/><U78/><E78/><V89/><F43/><W76/><G2/><T19/><D115/><U88/><E4/><V46/><F57/><W127/><G127/><T106/><D106/><U18/><E18/><V25/><F25/><W1/><G1/><T41/><D41/><U50/><E66/><V61/><F61/><W92/><G121/><T42/><D42/><U60/><E60/><V20/><REACH who="2" step="1"/><F125/><REACH who="2" ten="191,293,299,207" step="2"/><W23/><G123/><T55/><D27/><U75/><E75/><V84/><AGARI ba="0,1" hai="14,16,20,40,45,46,48,51,53,80,84,89,120,122" machi="84" ten="30,7900,0" yaku="1,1,2,1,0,1,54,1,53,0" doraHai="91" doraHaiUra="96" who="2" fromWho="2" sc="191,-39,293,-20,299,89,207,-20" /><INIT seed="5,0,0,4,1,65" ten="152,273,388,187" oya="1" hai0="88,80,64,85,118,121,44,67,34,102,15,104,113" hai1="131,33,59,10,14,95,55,68,117,128,5,57,58" hai2="53,13,78,90,54,24,0,79,93,114,120,42,125" hai3="38,9,11,28,96,43,112,3,48,31,12,129,45"/><U101/><E117/><V77/><F0/><W97/><G112/><T72/><D118/><U98/><E33/><V106/><F106/><W63/><G129/><T74/><D34/><U30/><E30/><V61/><F120/><W6/><G38/><T66/><D113/><U107/><E55/><V91/><F125/><W70/><G96/><T94/><D121/><U46/><E46/><V71/><F42/><W69/><G97/><T108/><D108/><U22/><E22/><V36/><F36/><W25/><G63/><T115/><D115/><U39/><E39/><V110/><F110/><W7/><REACH who="3" step="1"/><G28/><REACH who="3" ten="152,273,388,177" step="2"/><T23/><D104/><U47/><E107/><V73/><F61/><W84/><G84/><T32/><D74/><U26/><E131/><V8/><F73/><W103/><G103/><T126/><D72/><U62/><E128/><V86/><F86/><W60/><G60/><T41/><D126/><U35/><E62/><V100/><F100/><W81/><G81/><T82/><D102/><U132/><E98/><V109/><F114/><W99/><G99/><T37/><REACH who="0" step="1"/><D32/><AGARI ba="0,1" hai="3,6,7,9,11,12,25,31,32,43,45,48,69,70" machi="32" ten="30,7700,0" yaku="1,1,7,1,52,2,53,0" doraHai="65" doraHaiUra="122" who="3" fromWho="0" sc="152,-77,273,0,388,0,177,87" /><INIT seed="6,0,0,3,3,54" ten="75,273,388,264" oya="2" hai0="133,105,40,3,47,109,123,38,86,121,124,99,10" hai1="119,21,33,20,48,95,85,55,60,90,0,70,118" hai2="115,92,107,23,135,108,16,71,56,89,82,64,125" hai3="15,100,51,76,122,46,62,69,50,63,84,81,1"/><V77/><F107/><W72/><G1/><T57/><D109/><U91/><E33/><V120/><F120/><W29/><G122/><T34/><D124/><U74/><E0/><V114/><F71/><W97/><G29/><T37/><D37/><U31/><E74/><V102/><F102/><W88/><G15/><T8/><D133/><U112/><E112/><N who="2" m="43051" /><F135/><W35/><G35/><T26/><D86/><U22/><E31/><V39/><F39/><W68/><G51/><T131/><D131/><U53/><E70/><V59/><F64/><W12/><G12/><T32/><D10/><U96/><E60/><V113/><F125/><W104/><G62/><T19/><D19/><U42/><E42/><V28/><F28/><W11/><G11/><T101/><D57/><N who="2" m="22090" /><F108/><W61/><G69/><T110/><D110/><U79/><E55/><V7/><F7/><W129/><G68/><T111/><D111/><U27/><E118/><V103/><F103/><W98/><G100/><T87/><D87/><U83/><E119/><V78/><F82/><W2/><G81/><T75/><D75/><U126/><E126/><V45/><F45/><W17/><G46/><T4/><REACH who="0" step="1"/><D34/><REACH who="0" ten="65,273,388,264" step="2"/><U134/><E134/><V44/><F113/><W116/><G72/><T43/><D43/><U106/><E83/><V49/><F44/><W130/><G129/><T6/><D6/><U30/><E30/><AGARI ba="0,1" hai="3,4,8,26,30,32,38,40,47,99,101,105,121,123" machi="30" ten="40,5200,0" yaku="1,1,23,2,53,0" doraHai="54" doraHaiUra="13" who="0" fromWho="1" sc="65,62,273,-52,388,0,264,0" /><INIT seed="7,0,0,0,3,66" ten="127,221,388,264" oya="3" hai0="69,54,63,2,4,44,53,51,26,111,85,38,50" hai1="103,81,32,127,95,100,128,120,135,52,126,46,13" hai2="14,93,71,1,123,110,60,19,92,114,84,74,24" hai3="73,9,86,36,116,33,8,39,104,59,28,87,102"/><W91/><G73/><T30/><D111/><U113/><E32/><V11/><F110/><W89/><G116/><T79/><D38/><U67/><E120/><V37/><F37/><W25/><G102/><T119/><D119/><U101/><E113/><V41/><F41/><W61/><G104/><T62/><D4/><U17/><E128/><V15/><F1/><W130/><G130/><T109/><D2/><U43/><E135/><V98/><F74/><W90/><G8/><T64/><D63/><U75/><E67/><V72/><F72/><W118/><G9/><T82/><D109/><U83/><E52/><V47/><F47/><W23/><G33/><T5/><D5/><U96/><E75/><V56/><F71/><W35/><G35/><T55/><REACH who="0" step="1"/><D51/><REACH who="0" ten="117,221,388,264" step="2"/><N who="1" m="27103" /><E127/><V107/><F60/><W125/><G125/><T70/><D70/><U121/><E126/><V129/><F129/><W117/><G118/><T80/><D80/><N who="1" m="30795" /><E121/><V134/><F123/><W7/><G39/><T57/><D57/><U16/><E17/><V6/><F56/><W0/><G59/><T99/><D99/><U112/><E112/><V3/><F98/><W12/><G36/><T122/><D122/><U88/><E103/><V27/><F19/><W20/><G117/><T105/><D105/><U77/><E77/><V65/><F107/><W49/><G0/><T78/><D78/><U133/><E133/><V48/><F134/><W115/><G115/><T132/><D132/><U97/><E97/><V106/><F114/><W58/><G7/><T22/><AGARI ba="0,1" hai="22,26,30,44,50,53,54,55,62,64,69,79,82,85" machi="22" ten="20,8000,1" yaku="1,1,0,1,7,1,52,1,53,1" doraHai="66" doraHaiUra="42" who="0" fromWho="0" sc="117,90,221,-20,388,-20,264,-40" owari="207,-19.3,201,-29.9,368,46.8,224,2.4" /></mjloggm>