<mjloggm ver="2.3"><GO type="169" lobby="0"/><UN n0="%4D%75%64%46%6C%6F%77" n1="%E3%83%90%E3%83%AA%E3%83%88%E3%83%B3" n2="%50%73%79%63%68%65" n3="%E3%82%A8%E3%83%B3%E3%82%B8%E3%82%A7%E3%83%AB%E3%82%A6%E3%82%A3%E3%82%AD" dan="17,17,17,16" rate="2181.30,2240.51,2134.76,2081.32" sx="M,M,M,M"/><TAIKYOKU oya="0"/><BYE who="3" /><INIT seed="0,0,0,1,2,112" ten="250,250,250,250" oya="0" hai0="79,105,119,3,107,111,57,7,51,19,25,90,134" hai1="108,88,77,94,72,70,115,132,4,89,76,106,36" hai2="64,113,87,59,12,118,93,67,39,9,30,2,103" hai3="62,41,60,32,27,114,52,121,8,110,40,95,78"/><T69/><D69/><U131/><E70/><V83/><F39/><W91/><G91/><T102/><D134/><U5/><E36/><V123/><F2/><W129/><G129/><T135/><D135/><U55/><E106/><V56/><F123/><W99/><G99/><T49/><D79/><U122/><E132/><V10/><F30/><W42/><G42/><T46/><D119/><U14/><E115/><V81/><F113/><W98/><G98/><T35/><D7/><U100/><E100/><V48/><F103/><W22/><G22/><T65/><D3/><U20/><E131/><V50/><F12/><W101/><G101/><T71/><D71/><U29/><E122/><V28/><F28/><W82/><G82/><T84/><D102/><U120/><E120/><V117/><F87/><W47/><G47/><T1/><D1/><U124/><E124/><V116/><F116/><W97/><G97/><T63/><D51/><U26/><E72/><V68/><F68/><W127/><G127/><T96/><D96/><U126/><E89/><V11/><F11/><W54/><G54/><T15/><D111/><U13/><E108/><V16/><REACH who="2" step="1"/><F93/><REACH who="2" ten="250,250,240,250" step="2"/><W104/><G104/><T85/><D84/><N who="1" m="52487" /><E126/><V23/><F23/><W58/><G58/><T34/><D107/><U66/><E13/><V31/><F31/><W80/><G80/><N who="0" m="49447" /><D105/><U74/><E29/><V43/><F43/><W37/><G37/><T6/><D15/><U33/><E14/><V53/><F53/><W61/><G61/><T125/><D125/><U133/><E55/><V44/><F44/><W92/><G92/><RYUUKYOKU ba="0,1" sc="250,-10,250,-10,240,30,250,-10" hai2="9,10,16,48,50,56,59,64,67,81,83,117,118" /><INIT seed="1,1,1,1,0,13" ten="240,240,270,240" oya="1" hai0="85,55,17,75,16,87,37,68,116,30,115,117,44" hai1="34,108,94,106,100,107,71,77,80,0,62,90,114" hai2="98,110,67,14,19,112,124,93,127,92,53,128,12" hai3="82,6,118,9,132,125,74,28,49,47,43,10,59"/><U122/><E114/><V33/><F33/><W29/><G29/><T65/><D75/><U38/><E122/><V21/><F112/><W76/><G76/><T88/><D115/><U111/><E38/><V130/><F67/><W1/><G1/><T79/><D30/><U96/><E0/><V69/><F69/><W72/><G72/><T63/><D79/><U39/><E39/><V3/><F3/><W119/><G119/><T134/><D134/><U41/><E41/><V51/><F14/><W24/><G24/><T31/><D31/><U52/><E34/><V97/><F110/><N who="1" m="42025" /><E100/><V70/><F70/><W57/><G57/><T95/><D85/><N who="1" m="48271" /><E71/><V4/><F4/><W105/><G105/><T120/><D120/><U102/><E102/><V99/><F93/><W50/><G50/><T83/><D83/><U27/><E27/><V109/><F92/><W40/><G40/><T8/><D116/><U35/><E35/><V84/><F84/><W89/><G89/><T133/><D117/><U60/><E60/><V73/><F73/><W123/><G123/><T11/><D133/><U126/><E126/><N who="2" m="48171" /><F109/><W131/><G131/><T32/><D32/><U46/><E62/><V15/><F15/><W61/><G61/><T78/><D78/><U129/><E129/><V48/><F48/><AGARI ba="1,1" hai="46,48,52,90,94,96,106,107" m="48271,42025" machi="48" ten="30,5800,0" yaku="14,1,10,1,54,1" doraHai="13" who="1" fromWho="2" sc="240,0,240,71,270,-61,240,0" /><INIT seed="1,2,0,4,1,76" ten="240,311,209,240" oya="1" hai0="43,97,92,68,8,115,133,48,83,11,104,114,66" hai1="88,58,111,18,123,69,50,70,110,80,7,10,13" hai2="0,19,135,23,52,60,59,21,103,9,46,54,126" hai3="30,121,2,96,134,57,65,16,124,49,29,116,129"/><U85/><E123/><V71/><F135/><W63/><G63/><T72/><D133/><U95/><E95/><V32/><F32/><W127/><G127/><T118/><D118/><U51/><E7/><V61/><F126/><W120/><G120/><T77/><D104/><U42/><E51/><V62/><F103/><W86/><G86/><T24/><D24/><U47/><REACH who="1" step="1"/><E58/><REACH who="1" ten="240,301,209,240" step="2"/><V98/><F59/><W117/><G117/><T36/><D48/><U5/><E5/><V78/><F71/><AGARI ba="2,1" hai="10,13,18,42,47,50,69,70,71,80,85,88,110,111" machi="71" ten="40,18000,2" yaku="1,1,52,1,54,1,53,3" doraHai="76" doraHaiUra="67" who="1" fromWho="2" sc="240,0,301,196,209,-186,240,0" /><INIT seed="1,3,0,4,0,124" ten="240,497,23,240" oya="1" hai0="27,81,65,19,70,18,17,67,110,25,95,72,63" hai1="46,40,62,13,49,106,29,86,55,130,97,125,88" hai2="85,56,111,52,87,23,34,41,131,53,5,1,44" hai3="78,22,126,92,76,79,36,61,11,12,113,117,4"/><U107/><E125/><V74/><F34/><W35/><G35/><T69/><D110/><U66/><E29/><V112/><F111/><W7/><G7/><T50/><D50/><U60/><E130/><V43/><F74/><W120/><G120/><T99/><D81/><U73/><E73/><V26/><F112/><W54/><G54/><T77/><D77/><U71/><E97/><V127/><F127/><W122/><G122/><T100/><REACH who="0" step="1"/><D72/><REACH who="0" ten="230,497,23,240" step="2"/><U16/><E60/><AGARI ba="3,1" hai="17,18,19,25,27,60,63,65,67,69,70,95,99,100" machi="60" ten="40,5200,0" yaku="1,1,2,1,9,1,53,0" doraHai="124" doraHaiUra="32" who="0" fromWho="1" sc="230,71,497,-61,23,0,240,0" /><INIT seed="2,0,0,1,2,46" ten="301,436,23,240" oya="2" hai0="106,57,130,97,1,65,88,128,54,6,12,63,109" hai1="11,27,3,7,51,124,74,104,76,116,31,105,114" hai2="52,132,41,91,69,30,90,80,70,35,72,120,101" hai3="64,131,84,100,111,32,13,134,78,89,18,59,99"/><V113/><F120/><W127/><G127/><T67/><D109/><U56/><E114/><V37/><F113/><W86/><G86/><T123/><D123/><U94/><E116/><V125/><F101/><W62/><G62/><T82/><D1/><U19/><E124/><V40/><F125/><W39/><G39/><T21/><D106/><U102/><E74/><V28/><F72/><W29/><G29/><T36/><D36/><U83/><E19/><V8/><F37/><W43/><G43/><T135/><D135/><U98/><E83/><V10/><F80/><W17/><G17/><N who="0" m="10407" /><D6/><U103/><E76/><V16/><F16/><W68/><G68/><T77/><D97/><U5/><E5/><V118/><F52/><W119/><G119/><T50/><D63/><U4/><E4/><V2/><F118/><W112/><G112/><T58/><D58/><U47/><E56/><V129/><F35/><W44/><G44/><T53/><D53/><U26/><E103/><V24/><F24/><W20/><G20/><T49/><D49/><U133/><E27/><V25/><F25/><W45/><G45/><T87/><D77/><U66/><E133/><V107/><F132/><W122/><G122/><T23/><D23/><U121/><E66/><V115/><F115/><W15/><G15/><T60/><D60/><U9/><E9/><V33/><F33/><W110/><G110/><T48/><D48/><U0/><E121/><V61/><F61/><W22/><G22/><T85/><D85/><U108/><E3/><V14/><F2/><W42/><G42/><T126/><D126/><RYUUKYOKU ba="0,0" sc="301,30,436,-10,23,-10,240,-10" hai0="50,54,57,65,67,82,87,88,128,130" /><INIT seed="3,1,0,3,1,9" ten="331,426,13,230" oya="3" hai0="130,62,116,121,0,31,10,41,4,79,6,30,29" hai1="120,103,43,63,87,19,96,67,20,134,16,42,21" hai2="36,26,50,109,7,118,66,57,23,90,54,124,70" hai3="25,93,80,119,107,68,73,98,52,83,100,53,60"/><W74/><G74/><T56/><D116/><U84/><E120/><V33/><F118/><W22/><G22/><T112/><D121/><U45/><E134/><V40/><F33/><W111/><G111/><T132/><D132/><U86/><E21/><V2/><F109/><W12/><G12/><T115/><D79/><U8/><E8/><V11/><F124/><W72/><G72/><T17/><D41/><U61/><E19/><V89/><F36/><W49/><G49/><T85/><D85/><U51/><E43/><V46/><F70/><W27/><G27/><T101/><D101/><U65/><E65/><V76/><F66/><W71/><G71/><T104/><D104/><U133/><E133/><V78/><F78/><W32/><G32/><T131/><D56/><U15/><REACH who="1" step="1"/><E67/><REACH who="1" ten="331,416,13,230" step="2"/><V58/><F76/><W14/><G14/><N who="0" m="7383" /><D0/><U105/><AGARI ba="1,1" hai="15,16,20,42,45,51,61,63,84,86,87,96,103,105" machi="105" ten="30,8000,1" yaku="1,1,0,1,52,1,54,1,53,1" doraHai="9" doraHaiUra="39" who="1" fromWho="1" sc="331,-21,416,93,13,-21,230,-41" owari="310,11.0,509,60.9,-8,-50.8,189,-21.1" /></mjloggm>