<mjloggm ver="2.3"><GO type="169" lobby="0"/><UN n0="%E6%9C%A8%E5%8E%9F%E8%B1%AA%E4%B8%80" n1="%E6%99%AE%E9%9C%B2%E9%9C%B2" n2="%E3%82%86%E3%81%86%E3%82%86%E3%81%8D" n3="%4F%56%4F" dan="17,16,16,16" rate="2138.37,2155.97,2180.86,2051.87" sx="M,M,M,M"/><TAIKYOKU oya="0"/><INIT seed="0,0,0,5,3,117" ten="250,250,250,250" oya="0" hai0="90,58,112,135,24,114,104,49,91,45,4,20,129" hai1="85,52,127,7,25,26,42,78,21,51,41,18,108" hai2="11,77,126,134,27,115,46,60,70,68,48,125,131" hai3="124,100,63,76,5,1,19,23,53,44,17,16,38"/><T75/><D75/><U102/><E108/><V0/><F115/><W73/><G124/><T30/><D104/><U81/><E127/><N who="2" m="48651" /><F27/><W13/><G100/><T92/><D135/><U22/><E7/><V107/><F77/><W98/><G98/><T15/><D129/><U39/><E39/><V40/><F11/><W109/><G109/><T66/><D114/><U93/><E93/><V36/><F0/><W84/><G73/><T57/><D66/><U65/><E65/><V94/><F94/><W80/><G38/><T14/><D91/><U123/><E102/><V111/><F107/><W67/><G44/><T28/><D28/><U86/><E86/><V37/><F111/><W9/><REACH who="3" step="1"/><G53/><REACH who="3" ten="250,250,250,240" step="2"/><T69/><D112/><U97/><E97/><V64/><F131/><W12/><G12/><T6/><D15/><U33/><E33/><V105/><F105/><W130/><G130/><T74/><D74/><U29/><REACH who="1" step="1"/><E123/><REACH who="1" ten="250,240,250,240" step="2"/><V103/><F103/><W82/><G82/><T55/><D92/><U43/><E43/><V10/><F37/><W83/><G83/><T119/><D55/><U3/><E3/><V35/><F35/><W122/><G122/><T8/><D6/><U71/><E71/><AGARI ba="0,2" hai="1,5,9,13,16,17,19,23,63,67,71,76,80,84" machi="71" ten="30,7700,0" yaku="1,1,7,1,54,1,53,1" doraHai="117" doraHaiUra="34" who="3" fromWho="1" sc="250,0,240,-77,250,0,240,97" /><INIT seed="1,0,0,2,0,19" ten="250,163,250,337" oya="1" hai0="109,88,38,124,76,66,62,110,84,99,98,113,20" hai1="102,14,39,10,22,117,105,81,111,93,97,107,58" hai2="120,68,0,95,106,7,126,61,121,29,1,31,8" hai3="129,78,87,74,64,52,46,6,130,133,92,51,69"/><U12/><E117/><V24/><F95/><W101/><G133/><T116/><D38/><U17/><E39/><V85/><F85/><W96/><G6/><T60/><D113/><U77/><E111/><N who="0" m="42505" /><D76/><U112/><E112/><V42/><F42/><W56/><G69/><N who="0" m="42183" /><D62/><U37/><E37/><V83/><F83/><N who="3" m="47607" /><G74/><T55/><D55/><U65/><E58/><V86/><F61/><W118/><G118/><T32/><D32/><U132/><E65/><V27/><F86/><W134/><G134/><T80/><D116/><U18/><REACH who="1" step="1"/><E132/><REACH who="1" ten="250,153,250,337" step="2"/><V75/><F68/><W122/><G64/><T28/><D124/><U30/><E30/><V23/><F126/><W59/><G122/><T71/><D71/><U35/><E35/><V94/><F31/><W48/><G48/><T114/><D114/><U67/><E67/><V79/><F29/><W90/><G59/><T50/><D50/><U57/><E57/><V47/><F121/><W123/><G123/><T40/><D40/><U54/><E54/><V104/><F120/><W131/><G56/><T100/><D100/><AGARI ba="0,1" hai="46,51,52,90,92,96,100,101,129,130,131" m="47607" machi="100" ten="30,2000,0" yaku="19,1,54,1" doraHai="19" who="3" fromWho="0" sc="250,-20,153,0,250,0,337,30" /><INIT seed="2,0,0,0,1,110" ten="230,153,250,367" oya="2" hai0="59,5,2,10,99,12,28,65,90,107,80,14,104" hai1="0,68,117,66,78,130,83,111,115,50,112,62,132" hai2="74,108,128,119,23,101,88,100,94,21,11,24,41" hai3="16,22,6,45,91,52,7,61,49,56,114,121,57"/><V92/><F119/><W123/><G114/><T19/><D28/><U70/><E0/><V125/><F128/><W1/><G91/><T105/><D2/><U13/><E117/><V53/><F74/><W106/><G106/><T4/><D80/><U118/><E118/><V44/><F125/><W58/><G1/><T96/><D90/><U64/><E111/><V113/><F113/><W84/><G84/><T124/><D124/><U75/><E130/><V102/><F11/><W85/><G85/><T20/><REACH who="0" step="1"/><D4/><REACH who="0" ten="220,153,250,367" step="2"/><N who="3" m="1577" /><G123/><T48/><D48/><U47/><E132/><V51/><F108/><W122/><G122/><T98/><D98/><U133/><E133/><V86/><F94/><W126/><G121/><T27/><D27/><U42/><REACH who="1" step="1"/><E13/><REACH who="1" ten="220,143,250,367" step="2"/><V89/><F24/><N who="3" m="14407" /><G126/><T15/><D15/><U79/><E79/><V17/><F92/><W135/><G135/><T54/><D54/><AGARI ba="0,2" hai="45,49,52,54,56,57,58,61" m="14407,1577" machi="54" ten="30,3900,0" yaku="8,1,54,2" doraHai="110" who="3" fromWho="0" sc="220,-39,143,0,250,0,367,59" /><INIT seed="3,0,0,4,5,5" ten="181,143,250,426" oya="3" hai0="77,73,112,36,39,0,124,43,107,40,31,4,72" hai1="80,129,56,60,70,13,68,69,51,99,94,6,16" hai2="71,57,66,113,120,18,7,100,106,48,67,123,133" hai3="85,27,98,88,114,125,119,62,97,92,65,117,30"/><W8/><G114/><T130/><D31/><U11/><E129/><V33/><F113/><W25/><G125/><T81/><D112/><U128/><E128/><V64/><F18/><W28/><G119/><T102/><D130/><U79/><E51/><V54/><F33/><W89/><G117/><T20/><D20/><U55/><E6/><V26/><F26/><W111/><G111/><T109/><D109/><U115/><E115/><V101/><F106/><W110/><G110/><T78/><D4/><U17/><E17/><V42/><F7/><W105/><G8/><T104/><D102/><U12/><E12/><V29/><F29/><W3/><G3/><T10/><D124/><U35/><E35/><V126/><F126/><W52/><G105/><T61/><D61/><U15/><E15/><V116/><F116/><W90/><G30/><T122/><D81/><U22/><E22/><V58/><F101/><W45/><G65/><T132/><D132/><U38/><E38/><V91/><F100/><W86/><G28/><T23/><D23/><U2/><E2/><V127/><F127/><W19/><G19/><T47/><D47/><U34/><E34/><V59/><F133/><W37/><G25/><T83/><D83/><U84/><REACH who="1" step="1"/><E69/><REACH who="1" ten="181,133,250,426" step="2"/><V82/><F71/><W46/><G27/><T41/><D0/><U108/><E108/><V103/><F123/><W75/><G37/><T21/><D122/><U14/><E14/><V32/><F32/><W118/><G118/><T49/><D39/><U63/><E63/><V53/><F120/><W96/><G62/><T24/><D36/><RYUUKYOKU ba="0,1" sc="181,-10,133,30,250,-10,426,-10" hai1="11,13,16,55,56,60,68,70,79,80,84,94,99" /><INIT seed="4,1,1,5,3,103" ten="171,163,240,416" oya="0" hai0="59,6,10,96,17,57,21,92,94,24,89,25,121" hai1="81,118,68,60,26,3,86,132,74,105,27,37,78" hai2="63,88,127,43,107,45,13,19,122,53,20,99,100" hai3="54,38,76,12,75,47,98,111,67,108,125,42,129"/><T33/><D121/><U61/><E118/><V29/><F127/><W30/><G125/><T102/><D33/><U46/><E132/><V80/><F122/><W83/><G129/><T123/><D123/><U58/><E68/><V70/><F29/><W124/><G124/><T131/><D131/><U119/><E119/><V79/><F70/><W126/><G126/><T4/><D25/><U93/><E61/><V69/><F69/><W39/><G67/><T101/><D101/><U114/><E3/><V32/><F32/><W9/><G30/><T22/><D22/><U84/><E84/><V16/><F19/><W134/><G134/><T82/><D82/><U40/><E105/><V48/><F63/><W41/><G54/><T35/><D35/><U91/><REACH who="1" step="1"/><E114/><REACH who="1" ten="171,153,240,416" step="2"/><V77/><REACH who="2" step="1"/><F43/><REACH who="2" ten="171,153,230,416" step="2"/><W31/><G42/><T56/><REACH who="0" step="1"/><D10/><REACH who="0" ten="161,153,230,416" step="2"/><U5/><E5/><V72/><F72/><W104/><G75/><T14/><D14/><U0/><E0/><V133/><F133/><W85/><G9/><T55/><D55/><AGARI ba="1,4" hai="26,27,37,40,46,55,58,60,74,78,81,86,91,93" machi="55" ten="30,2000,0" yaku="1,1,7,1,53,0" doraHai="103" doraHaiUra="128" who="1" fromWho="0" sc="161,-23,153,63,230,0,416,0" /><INIT seed="5,0,0,0,3,135" ten="138,216,230,416" oya="1" hai0="21,34,72,50,119,35,105,92,2,61,70,85,11" hai1="99,58,123,66,122,38,131,9,43,19,126,128,23" hai2="97,15,16,87,68,110,90,1,129,14,40,59,65" hai3="57,111,117,114,78,102,32,73,29,104,95,67,52"/><U112/><E112/><V53/><F1/><W109/><G114/><T49/><D72/><U69/><E9/><V0/><F0/><W7/><G67/><T18/><D105/><U51/><E99/><V86/><F110/><W31/><G104/><T13/><D119/><U63/><E23/><V10/><F129/><N who="1" m="49737" /><E19/><N who="2" m="8663" /><F40/><W134/><G117/><T26/><D35/><U62/><E38/><V55/><F68/><W116/><G116/><T45/><D34/><U44/><E126/><V37/><F37/><W130/><G32/><T33/><D33/><U64/><AGARI ba="0,0" hai="43,44,51,58,62,63,64,66,69,122,123" m="49737" machi="64" ten="30,6000,0" yaku="19,1,34,2" doraHai="135" who="1" fromWho="1" sc="138,-20,216,60,230,-20,416,-20" /><INIT seed="5,1,0,5,2,7" ten="118,276,210,396" oya="1" hai0="20,46,94,8,2,3,11,60,100,31,105,61,93" hai1="70,30,78,42,18,108,95,28,6,25,34,66,83" hai2="73,52,35,55,98,97,135,89,24,115,81,39,119" hai3="47,54,110,116,32,88,127,26,0,134,104,69,22"/><U86/><E108/><V37/><F119/><W33/><G110/><T112/><D105/><U43/><E30/><V62/><F135/><W53/><G69/><T133/><D133/><U44/><E42/><V5/><F73/><W65/><G65/><T49/><D112/><U109/><E109/><V128/><F128/><W57/><G104/><T36/><D36/><U9/><E95/><N who="0" m="36361" /><D2/><U58/><E18/><V111/><F111/><W4/><G127/><T40/><D3/><U107/><E107/><V96/><F5/><W12/><G0/><T16/><D31/><U82/><E82/><V79/><F115/><W75/><G47/><T123/><D100/><U23/><E70/><V103/><F103/><W1/><G53/><T125/><D123/><U29/><E28/><V122/><F55/><W102/><G102/><T117/><D125/><U129/><E34/><V38/><F122/><W131/><G75/><T121/><D117/><U101/><E129/><V85/><F35/><W59/><G131/><T67/><D121/><U113/><E113/><V48/><F62/><N who="0" m="24170" /><D67/><U72/><E66/><V14/><F39/><W50/><G33/><T126/><D126/><U51/><E72/><V120/><F38/><W80/><G32/><T106/><D106/><U84/><E101/><V74/><F37/><W118/><G134/><T10/><D10/><U71/><E71/><V87/><F74/><W114/><G114/><T56/><D56/><N who="3" m="21577" /><G118/><T91/><D91/><U99/><E58/><V68/><F68/><W19/><G116/><T90/><D90/><U15/><E29/><V63/><F120/><RYUUKYOKU ba="1,0" sc="118,30,276,-10,210,-10,396,-10" hai0="8,11,16,20,40,46,49" /><INIT seed="6,2,0,5,2,36" ten="148,266,200,386" oya="2" hai0="85,118,126,90,30,128,103,38,121,37,35,63,86" hai1="45,0,117,54,76,5,23,101,125,2,19,12,120" hai2="28,93,81,122,14,127,18,102,84,22,132,69,64" hai3="133,58,59,130,123,83,67,80,21,113,110,95,48"/><V60/><F122/><W55/><G110/><T1/><D1/><U27/><E117/><V16/><F127/><W108/><G108/><T91/><D35/><U107/><E125/><V100/><F132/><W106/><G123/><T68/><D126/><U32/><E120/><V72/><F72/><W15/><G106/><T73/><D121/><U52/><E76/><V135/><F135/><W50/><G130/><T7/><D7/><U42/><E101/><V79/><F93/><W96/><G113/><T70/><D30/><N who="1" m="19551" /><E0/><V61/><F28/><W26/><G15/><T115/><D63/><U111/><E107/><V88/><F79/><W97/><G133/><T75/><D103/><U41/><E111/><V33/><F33/><W53/><G67/><T78/><D78/><U114/><E114/><V24/><REACH who="2" step="1"/><F61/><REACH who="2" ten="148,266,190,386" step="2"/><W56/><G95/><T129/><REACH who="0" step="1"/><D115/><REACH who="0" ten="138,266,190,386" step="2"/><U10/><E2/><V40/><F40/><W65/><G83/><T13/><D13/><U98/><E41/><V17/><F17/><W94/><G80/><T119/><AGARI ba="2,2" hai="37,38,68,70,73,75,85,86,90,91,118,119,128,129" machi="119" ten="25,6400,0" yaku="1,1,0,1,22,2,53,0" doraHai="36" doraHaiUra="47" who="0" fromWho="0" sc="138,90,266,-18,190,-34,386,-18" /><INIT seed="7,0,0,3,1,14" ten="228,248,156,368" oya="3" hai0="25,129,103,92,115,54,28,10,63,22,124,83,86" hai1="79,35,99,34,4,58,128,72,0,130,133,15,96" hai2="120,29,61,78,109,118,110,12,11,57,37,45,68" hai3="56,82,52,70,114,104,131,101,122,85,32,100,66"/><W105/><G122/><T77/><D129/><N who="1" m="49771" /><E0/><V126/><F118/><W20/><G32/><N who="1" m="12330" /><E133/><V36/><F29/><W44/><G131/><T64/><D124/><U94/><E58/><V84/><F68/><W6/><G44/><T97/><D115/><U125/><E125/><V48/><F120/><W76/><G66/><T23/><D54/><U9/><E94/><V8/><F126/><W81/><G70/><T112/><D112/><U119/><E119/><V80/><F11/><W43/><G43/><T38/><D38/><U46/><E46/><V127/><F127/><W26/><G56/><N who="0" m="36967" /><D23/><U5/><E5/><V49/><F49/><W88/><G6/><T62/><D62/><U107/><E107/><V51/><F51/><W21/><G20/><T98/><D98/><U135/><E135/><V111/><F61/><W65/><G21/><T69/><D69/><U19/><E4/><V2/><F57/><W13/><G105/><T1/><D1/><U47/><E47/><V60/><F60/><W17/><G104/><T87/><D87/><U123/><E123/><V59/><F59/><W73/><G85/><T42/><D42/><U106/><E106/><V91/><F2/><W18/><G114/><T134/><D134/><U31/><E31/><V3/><F3/><W16/><G65/><T53/><D53/><U102/><E102/><V40/><REACH who="2" step="1"/><F91/><REACH who="2" ten="228,248,146,368" step="2"/><W67/><G88/><T75/><D10/><U24/><E9/><V71/><F71/><W95/><G67/><T55/><D55/><U39/><E39/><V108/><N who="2" m="27648" /><DORA hai="33" /><V93/><F93/><W117/><G95/><RYUUKYOKU ba="0,1" sc="228,15,248,-15,146,15,368,-15" hai0="22,25,28,75,77,83,86,92,97,103" hai2="8,12,36,37,40,45,48,78,80,84" owari="243,4.3,233,-16.7,161,-33.9,363,46.3" /></mjloggm>