<mjloggm ver="2.3"><GO type="169" lobby="0"/><UN n0="%56%69%76%79" n1="%E7%89%8C%E6%B5%81%E7%8A%B6%E6%85%8B%E9%BA%BB%E9%9B%80" n2="%E3%81%84%E3%81%97%E3%81%A3%E3%81%93" n3="%7A%6F%6F%31%39%36%34" dan="16,16,18,18" rate="2121.91,2158.56,2233.88,2289.20" sx="F,M,M,M"/><TAIKYOKU oya="0"/><INIT seed="0,0,0,4,0,31" ten="250,250,250,250" oya="0" hai0="100,107,109,121,114,42,116,59,52,32,132,97,79" hai1="105,37,78,84,4,14,134,55,94,26,7,39,133" hai2="118,29,89,67,56,1,128,91,53,71,30,130,93" hai3="36,104,10,119,66,11,33,12,115,101,24,135,18"/><T15/><D116/><U80/><E105/><V40/><F1/><W125/><G115/><T85/><D114/><U70/><E70/><V82/><F40/><W72/><G119/><T81/><D121/><U96/><E55/><V110/><F118/><W117/><G117/><T112/><D112/><U92/><E26/><V48/><F110/><W16/><G72/><T13/><D132/><N who="1" m="50795" /><E94/><V45/><F71/><W35/><G135/><T124/><D124/><U3/><E3/><V76/><F128/><W99/><G125/><T54/><D42/><U6/><E14/><V68/><F68/><W113/><G36/><T64/><D109/><U73/><E73/><V95/><F95/><W22/><G113/><T87/><D54/><U127/><E127/><V60/><F130/><W49/><G66/><T77/><D64/><U58/><E58/><V123/><F123/><W126/><G126/><T103/><D103/><AGARI ba="0,0" hai="4,6,7,37,39,78,80,84,92,96,103" m="50795" machi="103" ten="30,1000,0" yaku="20,1" doraHai="31" who="1" fromWho="0" sc="250,-10,250,10,250,0,250,0" /><INIT seed="1,0,0,0,2,89" ten="240,260,250,250" oya="1" hai0="57,107,119,130,33,27,12,71,11,10,79,88,109" hai1="28,98,40,118,101,18,4,99,59,21,95,133,0" hai2="96,78,126,110,76,127,70,67,100,80,73,32,56" hai3="54,1,31,94,38,35,68,42,86,26,75,45,103"/><U124/><E118/><V90/><F32/><W114/><G114/><T87/><D71/><U128/><E128/><V82/><F56/><W47/><G75/><T81/><D130/><U135/><E28/><V134/><F67/><W104/><G1/><T25/><D109/><U92/><E124/><V15/><F70/><W120/><G104/><T19/><D107/><U66/><E40/><V91/><F15/><W44/><G120/><T97/><D119/><U113/><E4/><V116/><F116/><W93/><G68/><T112/><D112/><U5/><E5/><V83/><F110/><W111/><G111/><T72/><D11/><U60/><E0/><V125/><F134/><N who="1" m="51209" /><E113/><V6/><F6/><W2/><G2/><T13/><D33/><U7/><E7/><V37/><F37/><W9/><G9/><T117/><D117/><U53/><E66/><V115/><F115/><W41/><G103/><T132/><D132/><U36/><E36/><V77/><F73/><W30/><G30/><T85/><D72/><U20/><E18/><V106/><AGARI ba="0,0" hai="76,77,78,80,82,83,90,91,96,100,106,125,126,127" machi="106" ten="40,12000,2" yaku="0,1,29,2,18,1,34,3" doraHai="89" who="2" fromWho="2" sc="240,-30,260,-60,250,120,250,-30" /><INIT seed="2,0,0,4,4,67" ten="210,200,370,220" oya="2" hai0="86,37,77,111,84,57,7,31,56,91,72,101,62" hai1="5,93,66,104,59,60,81,0,26,33,106,34,15" hai2="3,110,22,58,127,46,44,40,61,124,18,102,121" hai3="85,50,117,55,74,119,52,75,73,53,123,32,92"/><V105/><F121/><W29/><G50/><T20/><D37/><U83/><E0/><V95/><F3/><W13/><G123/><T69/><D111/><U71/><E93/><V54/><F105/><W51/><G51/><T99/><D7/><U41/><E41/><V128/><F128/><W133/><G13/><T14/><D77/><U100/><E59/><V122/><F122/><W135/><G85/><T21/><D21/><U47/><E47/><V8/><F8/><W125/><G92/><T63/><D72/><U43/><E43/><V107/><F107/><W89/><G89/><T97/><D101/><U12/><E106/><V23/><F110/><W76/><G76/><T96/><D69/><U114/><E114/><V98/><F22/><W2/><G2/><T9/><D86/><U78/><E5/><V30/><F30/><W116/><G125/><N who="2" m="48201" /><F40/><W4/><G4/><N who="0" m="3367" /><D20/><U88/><E34/><V115/><F115/><W109/><G109/><T45/><D31/><U16/><E33/><V87/><F87/><W130/><G130/><T129/><D129/><U24/><E104/><V48/><F48/><W17/><G17/><T118/><D84/><U103/><E16/><V112/><F112/><W68/><G68/><T42/><D42/><U39/><E71/><V36/><F36/><W94/><G94/><T70/><D70/><U126/><E39/><V108/><F108/><W120/><G120/><T80/><D97/><U25/><E126/><V82/><F82/><W35/><G29/><T19/><D80/><U134/><E83/><V10/><F23/><W11/><G11/><RYUUKYOKU ba="0,0" sc="210,-15,200,-15,370,15,220,15" hai2="10,18,44,46,54,58,61,95,98,102" hai3="32,35,52,53,55,73,74,75,116,117,119,133,135" /><INIT seed="2,1,0,1,5,20" ten="195,185,385,235" oya="2" hai0="124,49,16,33,94,116,44,118,1,50,22,70,89" hai1="2,115,41,43,26,64,87,79,3,11,32,63,4" hai2="132,134,66,105,39,59,68,10,109,13,52,40,133" hai3="27,113,18,46,60,84,9,8,108,117,100,95,76"/><V86/><F105/><W122/><G117/><N who="0" m="45163" /><D33/><U47/><E115/><V126/><F86/><W12/><G122/><T14/><D1/><U25/><E2/><V77/><F77/><W72/><G72/><T106/><D70/><U88/><E79/><V56/><F126/><W135/><G113/><T7/><D106/><U85/><E85/><V112/><F112/><W5/><G108/><T69/><D69/><U24/><E32/><V6/><F109/><W62/><G135/><T23/><D7/><U29/><E29/><V61/><REACH who="2" step="1"/><F52/><REACH who="2" ten="195,185,375,235" step="2"/><W65/><G76/><T15/><D124/><U75/><E75/><V99/><F99/><W91/><G84/><N who="0" m="52519" /><D44/><AGARI ba="1,1" hai="6,10,13,39,40,44,56,59,61,66,68,132,133,134" machi="44" ten="40,3900,0" yaku="1,1,20,1,53,0" doraHai="20" doraHaiUra="107" who="2" fromWho="0" sc="195,-42,185,0,375,52,235,0" /><INIT seed="2,2,0,1,1,13" ten="153,185,427,235" oya="2" hai0="93,94,113,105,102,3,23,36,62,103,29,81,11" hai1="48,51,114,83,75,82,15,4,53,25,44,67,0" hai2="73,49,120,1,119,116,45,99,12,58,50,37,108" hai3="89,39,98,70,84,21,10,78,115,66,127,60,88"/><V6/><F1/><W104/><G127/><T86/><D113/><U124/><E114/><V63/><F73/><W52/><G115/><T27/><D36/><U40/><E124/><V121/><F99/><W57/><G39/><T130/><D130/><U22/><E0/><V34/><F12/><W77/><G10/><T109/><D109/><U123/><E75/><V135/><F34/><W68/><G68/><T19/><D62/><U128/><E123/><N who="2" m="47179" /><F6/><W131/><G131/><T8/><D105/><U32/><E67/><N who="2" m="39415" /><F108/><W28/><G104/><T61/><D3/><U112/><E112/><V64/><F64/><W90/><G98/><T74/><D74/><U26/><E32/><V54/><F37/><W35/><G35/><T106/><D106/><U122/><E128/><V41/><F135/><W16/><G84/><T18/><D11/><N who="1" m="4583" /><E26/><V118/><F116/><W69/><G28/><T2/><D2/><U110/><E110/><V100/><F100/><W80/><G70/><T111/><D8/><U65/><E65/><V43/><F41/><W31/><G31/><T85/><D111/><U133/><E133/><V79/><F79/><N who="3" m="30219" /><G69/><T71/><D71/><U92/><E122/><V20/><F20/><W56/><G66/><T55/><D102/><U129/><E129/><V14/><F14/><W24/><G80/><T132/><D132/><U87/><E87/><N who="0" m="33289" /><D81/><U125/><E125/><V7/><F7/><W30/><G30/><T59/><D103/><U91/><E83/><V17/><F17/><AGARI ba="2,0" hai="17,18,19,23,27,29,55,59,61,93,94" m="33289" machi="17" ten="30,7700,0" yaku="8,1,52,3" doraHai="13" who="0" fromWho="2" sc="153,83,185,0,427,-83,235,0" /><INIT seed="3,0,0,1,3,23" ten="236,185,344,235" oya="3" hai0="88,92,63,69,30,129,54,98,94,48,104,44,70" hai1="89,38,52,126,87,56,50,64,12,113,90,79,112" hai2="71,25,97,95,43,80,75,60,109,130,133,106,31" hai3="8,5,128,115,127,35,24,131,66,100,86,101,19"/><W9/><G115/><T61/><D129/><N who="3" m="49737" /><G127/><T3/><D3/><U36/><E126/><V18/><F130/><W58/><G86/><T37/><D104/><U72/><E72/><V103/><F133/><W65/><G9/><T85/><D37/><U67/><E79/><V27/><F109/><W118/><G118/><T82/><D94/><U29/><E36/><V26/><F43/><W59/><G59/><T22/><D70/><U2/><E2/><V11/><F95/><W39/><G39/><T51/><D51/><U102/><E38/><V99/><F99/><W53/><G100/><T68/><D68/><U96/><E87/><V46/><F46/><W107/><G101/><T134/><D69/><U122/><E113/><V120/><F80/><W33/><G33/><T84/><D84/><U49/><E112/><V110/><F75/><W81/><G107/><T132/><D132/><U15/><E102/><V4/><F110/><W77/><G77/><N who="0" m="46287" /><D134/><U16/><E96/><V74/><F74/><W108/><G81/><T34/><D34/><U45/><E56/><V135/><F135/><W123/><G123/><T57/><D57/><U78/><E122/><V111/><F111/><W119/><G119/><T121/><D121/><U7/><E78/><V114/><F114/><W6/><G35/><T28/><D22/><U124/><E124/><V47/><F120/><W17/><G108/><T116/><D116/><U1/><E90/><V14/><F47/><W91/><G58/><T55/><D63/><U125/><E125/><V62/><F71/><W105/><G105/><T41/><D61/><RYUUKYOKU ba="0,0" sc="236,30,185,-10,344,-10,235,-10" hai0="28,30,41,44,48,54,55,88,92,98" /><INIT seed="4,1,0,3,1,32" ten="266,175,334,225" oya="0" hai0="100,12,22,87,62,130,124,25,68,21,30,76,92" hai1="72,113,135,5,102,80,79,95,8,43,59,112,46" hai2="40,127,133,38,128,88,110,53,83,78,65,13,131" hai3="66,125,9,103,47,1,58,24,85,50,11,60,33"/><T35/><D124/><U54/><E135/><V27/><F110/><W115/><G125/><T3/><D130/><U114/><E95/><V107/><F127/><W104/><G115/><T52/><D76/><U48/><E102/><V57/><F107/><W71/><G85/><T82/><D68/><U97/><E97/><V90/><F65/><W7/><G11/><T14/><D3/><U67/><E67/><V29/><F13/><W6/><G6/><T64/><D64/><U73/><E73/><V74/><F40/><W19/><G103/><T39/><D39/><U44/><REACH who="1" step="1"/><E43/><REACH who="1" ten="266,165,334,225" step="2"/><V96/><F133/><W126/><G126/><T34/><D92/><U28/><E28/><V63/><F96/><W106/><G71/><T119/><D100/><U75/><E75/><V117/><F117/><W84/><G84/><T101/><D101/><U121/><E121/><V0/><F128/><W61/><G106/><T118/><D30/><U69/><E69/><V15/><F131/><W123/><G104/><T132/><D132/><U109/><E109/><V31/><F29/><W26/><G123/><T129/><D129/><U36/><E36/><V122/><F38/><W93/><G93/><T41/><D41/><U81/><E81/><V23/><F122/><W94/><G94/><T70/><D70/><U91/><E91/><V98/><F98/><W17/><G66/><T77/><D118/><U99/><E99/><V56/><F74/><W105/><G105/><T45/><D87/><U42/><E42/><V108/><F90/><W4/><G33/><N who="0" m="12299" /><D119/><U134/><E134/><V120/><F120/><RYUUKYOKU ba="1,1" sc="266,-10,165,30,334,-10,225,-10" hai1="5,8,44,46,48,54,59,72,79,80,112,113,114" /><INIT seed="5,2,1,4,2,131" ten="256,195,324,215" oya="1" hai0="90,38,74,18,3,29,123,43,9,36,21,4,81" hai1="14,68,77,130,52,31,23,126,134,95,89,34,96" hai2="58,128,118,115,122,57,75,114,119,42,125,70,112" hai3="80,5,28,83,98,127,100,15,16,37,50,91,63"/><U61/><E130/><V132/><F128/><W116/><G37/><T47/><D123/><U72/><E126/><V66/><F75/><W10/><G127/><T117/><D117/><N who="2" m="44554" /><F125/><W73/><G116/><T6/><D6/><U48/><E34/><V82/><F82/><W121/><G121/><T67/><D67/><U135/><E77/><V92/><F122/><W76/><G28/><T56/><D56/><N who="2" m="21610" /><F92/><W41/><G63/><T110/><D29/><U78/><E78/><V64/><F132/><N who="1" m="50729" /><E72/><V129/><F129/><W39/><G83/><T85/><D74/><U87/><E87/><V111/><F111/><W97/><G97/><T107/><D110/><U2/><E2/><V53/><F42/><W105/><G91/><T19/><D43/><U99/><E99/><V120/><F120/><W32/><G32/><T93/><D85/><U109/><E109/><V65/><F53/><W46/><REACH who="3" step="1"/><G39/><REACH who="3" ten="256,195,324,205" step="2"/><T22/><D38/><U84/><E96/><V40/><F40/><W11/><G11/><T12/><D9/><U86/><E31/><V62/><AGARI ba="2,2" hai="62,64,65,66,70,112,114,115" m="21610,44554" machi="62" ten="40,8000,1" yaku="15,1,11,1,34,2" doraHai="131" who="2" fromWho="2" sc="256,-22,195,-42,324,106,205,-22" /><INIT seed="6,0,0,1,2,81" ten="234,153,430,183" oya="2" hai0="72,4,2,114,48,79,43,94,15,111,34,85,93" hai1="47,63,53,61,135,125,35,89,124,133,82,76,80" hai2="87,57,54,131,7,108,59,9,58,60,90,25,5" hai3="101,13,37,8,123,66,99,120,42,38,75,39,28"/><V50/><F131/><W105/><G75/><T134/><D111/><U88/><E35/><V52/><F108/><W45/><G28/><T116/><D2/><U49/><E63/><V112/><F112/><W32/><G32/><T71/><D34/><U130/><E61/><N who="2" m="36007" /><F25/><W18/><REACH who="3" step="1"/><G66/><REACH who="3" ten="234,153,430,173" step="2"/><T41/><D72/><N who="1" m="43015" /><E130/><V17/><F17/><W33/><G33/><T6/><D114/><U0/><E0/><V69/><F69/><W70/><G70/><T16/><D71/><U115/><E115/><V103/><F103/><W27/><G27/><T73/><D73/><U23/><E23/><V129/><F129/><W95/><G95/><T68/><D94/><U78/><E135/><V22/><F22/><W126/><G126/><N who="1" m="48746" /><E133/><V106/><F9/><W122/><AGARI ba="0,1" hai="8,13,18,37,38,39,42,45,99,101,105,120,122,123" machi="122" ten="30,4000,0" yaku="1,1,0,1,53,1" doraHai="81" doraHaiUra="100" who="3" fromWho="3" sc="234,-10,153,-10,430,-20,173,50" /><INIT seed="7,0,0,2,2,14" ten="224,143,410,223" oya="3" hai0="66,49,60,127,89,113,31,27,108,96,34,94,106" hai1="6,18,17,129,32,121,59,115,120,44,43,13,117" hai2="93,48,132,122,47,42,15,128,77,101,74,79,133" hai3="11,41,38,0,87,51,126,3,75,53,10,71,116"/><W97/><G75/><T105/><D108/><U67/><E32/><V86/><F74/><W54/><G71/><T98/><D127/><U114/><E59/><V39/><F39/><W36/><G87/><T23/><D113/><N who="1" m="43019" /><E67/><V46/><F122/><N who="1" m="47209" /><E44/><V61/><F128/><W2/><G126/><T37/><D37/><U110/><E43/><V90/><F47/><W21/><G41/><T1/><D1/><U62/><E62/><V123/><F123/><W85/><G0/><T111/><D111/><U134/><E110/><V84/><F101/><W5/><G51/><T102/><D49/><U58/><E58/><V24/><F24/><W57/><G57/><N who="0" m="37135" /><D34/><U28/><E129/><V30/><F30/><W112/><G112/><T33/><D33/><U26/><E134/><N who="2" m="51819" /><F15/><W135/><G2/><T64/><D64/><U20/><E117/><V125/><F125/><W22/><G116/><T92/><AGARI ba="0,0" hai="23,27,31,89,92,94,96,98,102,105,106" m="37135" machi="92" ten="30,1100,0" yaku="25,1" doraHai="14" who="0" fromWho="0" sc="224,11,143,-3,410,-3,223,-5" owari="235,3.5,140,-36.0,407,50.7,218,-18.2" /></mjloggm>