<mjloggm ver="2.3"><GO type="169" lobby="0"/><UN n0="%E8%B1%86%E3%83%80%E3%83%9E%E8%AD%A6%E5%AF%9F" n1="%4E%49%4B%55%59%41" n2="%54%72%69%6F%73%64%61%64" n3="%E3%83%8B%E3%83%A9%E3%83%83%E3%82%AF%E3%82%B9%32" dan="17,17,16,16" rate="2190.16,2214.94,2107.01,2046.99" sx="M,M,M,M"/><TAIKYOKU oya="0"/><INIT seed="0,0,0,0,1,52" ten="250,250,250,250" oya="0" hai0="112,133,111,62,110,58,87,24,3,34,13,92,130" hai1="104,90,47,20,117,39,6,0,41,29,96,76,127" hai2="1,19,65,98,123,4,32,106,116,2,44,103,80" hai3="66,89,91,28,50,59,78,22,10,126,64,16,35"/><T12/><D112/><U54/><E117/><V71/><F123/><W60/><G126/><T69/><D3/><U46/><E127/><V51/><F116/><W11/><G78/><T67/><D133/><U40/><E76/><V77/><F32/><W26/><G66/><T45/><D45/><U61/><E6/><V120/><F120/><W82/><G50/><T129/><D69/><U118/><E0/><V101/><F103/><W86/><REACH who="3" step="1"/><G91/><REACH who="3" ten="250,250,250,240" step="2"/><N who="0" m="53375" /><D130/><U21/><E90/><V94/><F65/><W42/><G42/><T83/><D129/><U15/><E41/><V27/><F51/><W7/><G7/><T36/><D36/><U134/><E40/><V43/><F4/><W81/><G81/><T17/><D83/><U31/><E39/><V115/><F80/><W72/><G72/><T30/><D17/><U57/><E118/><V56/><F19/><W99/><G99/><T38/><D38/><U33/><E96/><V105/><F98/><W25/><AGARI ba="0,1" hai="10,11,16,22,25,26,28,35,59,60,64,82,86,89" machi="25" ten="20,12000,2" yaku="1,1,0,1,7,1,52,1,54,1,53,1" doraHai="52" doraHaiUra="84" who="3" fromWho="3" sc="250,-60,250,-30,250,-30,240,130" /><INIT seed="1,0,0,2,1,79" ten="190,220,220,370" oya="1" hai0="124,42,92,73,59,35,51,115,132,69,133,128,22" hai1="34,32,44,23,21,50,38,96,27,56,30,33,81" hai2="135,66,82,26,11,129,110,84,41,126,9,57,31" hai3="99,105,119,106,90,108,134,87,29,127,60,70,78"/><U76/><E38/><V85/><F110/><W46/><G29/><T94/><D35/><U36/><E36/><V130/><F135/><W120/><G46/><T20/><D69/><U52/><E96/><V19/><F41/><W8/><G8/><T65/><D115/><U97/><E97/><V86/><F126/><W3/><G60/><T55/><D73/><U89/><E89/><V91/><F66/><W45/><G45/><T48/><D65/><U14/><E23/><V123/><F123/><W13/><G13/><T114/><D114/><U1/><E1/><V24/><F57/><W77/><G3/><T67/><D67/><U28/><E14/><N who="2" m="7631" /><F31/><W98/><G70/><T7/><D7/><U102/><E102/><V80/><F85/><W53/><G53/><T83/><D59/><U64/><E30/><V40/><F40/><W25/><G25/><T75/><D75/><U121/><E121/><V4/><F4/><W62/><G120/><T63/><D42/><U12/><E12/><V116/><F11/><W72/><G62/><T68/><D63/><U112/><E112/><V43/><F43/><W100/><G119/><T101/><D68/><U10/><E10/><V117/><F116/><W107/><G108/><T111/><D111/><U95/><E95/><V71/><F71/><W47/><G106/><T0/><D0/><U74/><REACH who="1" step="1"/><E64/><REACH who="1" ten="190,210,220,370" step="2"/><V104/><F117/><W88/><G100/><T37/><D101/><U113/><E113/><V61/><F24/><W54/><G99/><T39/><D39/><U103/><E103/><V6/><F26/><W17/><G98/><RYUUKYOKU ba="0,1" sc="190,-10,210,30,220,-10,370,-10" hai1="21,27,28,32,33,34,44,50,52,56,74,76,81" /><INIT seed="1,1,1,5,1,82" ten="180,240,210,360" oya="1" hai0="119,34,32,112,120,96,0,52,109,71,15,29,121" hai1="59,22,132,118,100,12,110,10,57,97,87,99,70" hai2="7,103,27,14,79,107,108,35,20,3,60,55,84" hai3="13,101,125,104,123,56,39,102,41,63,6,17,128"/><U38/><E118/><V2/><F35/><W72/><G72/><T43/><D96/><U46/><E70/><V54/><F108/><W9/><G104/><T83/><D71/><U131/><E38/><V40/><F40/><W134/><G134/><T86/><D43/><U133/><E46/><V66/><F103/><W76/><G123/><N who="0" m="47179" /><D0/><U48/><E110/><V30/><F107/><W37/><G128/><T122/><D109/><U93/><E131/><V130/><F130/><W64/><G125/><T21/><D122/><U68/><E68/><V23/><F2/><W69/><G37/><T88/><D112/><U47/><E22/><V31/><F3/><W53/><G76/><T51/><D119/><U24/><E24/><V67/><F31/><W1/><G41/><T4/><D4/><N who="1" m="3143" /><E99/><V80/><F66/><W45/><G39/><T5/><D5/><U113/><E113/><V127/><F127/><W58/><G45/><N who="0" m="27759" /><D15/><U74/><E74/><V111/><F111/><W89/><G69/><T49/><D49/><U105/><E105/><V61/><F7/><W65/><G6/><T16/><D16/><U115/><E115/><V129/><F129/><W8/><G1/><T25/><AGARI ba="1,1" hai="21,25,29,32,34,83,86,88" m="27759,47179" machi="25" ten="30,7900,0" yaku="13,1,52,1,54,2" doraHai="82" who="0" fromWho="0" sc="180,92,240,-40,210,-21,360,-21" /><INIT seed="2,0,0,5,5,102" ten="272,200,189,339" oya="2" hai0="93,85,50,63,79,46,5,62,88,38,97,108,29" hai1="124,105,87,11,109,25,1,78,58,99,70,21,67" hai2="90,92,128,84,24,20,13,32,94,121,134,82,132" hai3="106,127,64,9,8,41,103,56,81,17,126,96,83"/><V22/><F121/><W18/><G41/><T15/><D38/><U61/><E109/><V49/><F128/><W66/><G56/><T0/><D0/><U52/><E124/><V43/><F32/><W129/><G103/><T34/><D29/><U89/><E105/><V91/><F13/><W111/><G96/><T44/><D34/><U19/><E78/><V110/><F110/><W80/><G111/><T107/><D46/><U113/><E113/><V51/><F82/><W74/><G74/><T10/><D108/><U3/><E11/><V14/><F14/><W60/><G60/><T98/><D98/><U2/><E99/><V75/><F43/><W30/><G30/><T86/><D86/><U72/><E72/><V77/><F75/><W123/><G81/><N who="0" m="47295" /><D107/><U39/><E39/><V125/><F77/><W33/><G33/><T115/><D115/><U26/><E25/><V40/><F40/><AGARI ba="0,0" hai="5,10,15,40,44,50,62,63,88,93,97" m="47295" machi="40" ten="30,3900,0" yaku="25,1,8,1,54,1" doraHai="102" who="0" fromWho="2" sc="272,39,200,0,189,-39,339,0" /><INIT seed="3,0,0,2,5,47" ten="311,200,150,339" oya="3" hai0="35,49,103,118,76,68,100,48,53,92,125,44,24" hai1="102,88,131,77,91,72,27,10,84,28,20,46,52" hai2="67,113,109,36,40,90,86,12,127,99,62,57,21" hai3="110,6,104,51,116,101,75,2,78,32,96,18,50"/><W114/><G114/><T43/><D118/><U80/><E131/><V123/><F113/><W17/><G116/><T120/><D120/><U58/><E102/><V29/><F109/><W130/><G32/><T94/><D68/><U15/><E46/><V13/><F123/><W124/><G130/><T22/><D76/><U38/><E38/><V89/><F127/><W41/><G41/><T56/><D35/><U81/><E80/><V129/><F129/><W108/><G124/><T128/><D125/><U63/><REACH who="1" step="1"/><E72/><REACH who="1" ten="311,190,150,339" step="2"/><V111/><F36/><W7/><G75/><T87/><D128/><U5/><AGARI ba="0,1" hai="5,10,15,20,27,28,52,58,63,77,81,84,88,91" machi="5" ten="20,16000,3" yaku="1,1,2,1,0,1,7,1,8,1,54,2,53,1" doraHai="47" doraHaiUra="83" who="1" fromWho="1" sc="311,-40,190,170,150,-40,339,-80" /><INIT seed="4,0,0,2,5,69" ten="271,360,110,259" oya="0" hai0="31,3,104,95,19,5,106,74,25,84,0,4,79" hai1="83,108,127,20,131,36,12,50,128,6,11,64,94" hai2="56,9,112,43,32,119,103,24,15,33,47,66,71" hai3="63,70,132,76,53,85,62,10,86,80,130,8,133"/><T13/><D74/><U92/><E108/><V60/><F112/><W17/><G130/><N who="1" m="49706" /><E127/><V72/><F119/><W30/><G30/><T7/><D79/><U97/><E64/><V21/><F72/><W41/><G41/><T42/><D95/><U75/><E36/><V90/><F90/><W58/><G86/><T40/><D84/><U28/><E50/><V48/><F103/><W2/><G17/><T22/><D104/><U46/><E46/><V37/><F21/><W111/><G111/><T78/><D106/><U93/><E20/><V126/><F126/><W116/><G116/><T23/><D78/><N who="1" m="44511" /><E28/><V109/><F24/><W14/><G2/><N who="0" m="555" /><D42/><U68/><E68/><V49/><F109/><W18/><G8/><N who="0" m="4231" /><D40/><U39/><E39/><V115/><F115/><W110/><G110/><T35/><D23/><U88/><AGARI ba="0,0" hai="6,11,12,88,92,93,94,97" m="44511,49706" machi="88" ten="30,2000,0" yaku="19,1,54,1" doraHai="69" who="1" fromWho="1" sc="271,-10,360,20,110,-5,259,-5" /><INIT seed="5,0,0,5,2,110" ten="261,380,105,254" oya="1" hai0="133,59,75,41,114,37,26,85,135,113,20,80,82" hai1="58,125,47,97,18,99,100,86,7,128,69,63,104" hai2="56,120,74,61,89,38,68,28,124,25,109,23,54" hai3="115,92,55,72,27,32,51,107,103,2,1,49,105"/><U94/><E69/><V76/><F109/><W96/><G72/><T91/><D41/><U4/><E128/><V44/><F120/><W60/><G60/><T118/><D59/><U83/><E125/><V36/><F124/><W79/><G79/><N who="0" m="44159" /><D37/><U16/><E47/><V112/><F68/><W95/><G27/><T53/><D53/><U5/><E99/><V17/><F44/><W88/><G32/><T45/><D45/><U122/><E104/><V126/><F126/><W6/><G55/><T119/><D20/><U3/><E3/><V48/><F48/><W67/><G67/><T14/><D14/><U81/><E81/><V31/><F76/><W117/><G117/><N who="0" m="44555" /><D26/><U116/><E122/><V65/><F74/><W98/><G6/><T77/><D77/><N who="1" m="46447" /><E116/><V42/><F42/><W21/><G21/><T33/><D33/><U134/><E134/><AGARI ba="0,0" hai="82,85,91,113,114,133,134,135" m="44555,44159" machi="134" ten="30,8000,1" yaku="20,1,34,2,52,2" doraHai="110" who="0" fromWho="1" sc="261,80,380,-80,105,0,254,0" /><INIT seed="6,0,0,1,0,21" ten="341,300,105,254" oya="2" hai0="55,13,117,92,57,33,56,58,12,122,94,114,120" hai1="110,49,28,109,98,9,83,81,71,26,64,19,39" hai2="87,59,29,95,99,113,53,3,60,75,37,84,127" hai3="129,102,100,66,104,131,43,76,38,16,124,123,35"/><V65/><F75/><W50/><G123/><T63/><D33/><U15/><E39/><V133/><F113/><W91/><G76/><T30/><D30/><U40/><E98/><V130/><F127/><W112/><G35/><T69/><D69/><U48/><E71/><V86/><F133/><W31/><G31/><T89/><D114/><U52/><E64/><V108/><F3/><W135/><G38/><T103/><D117/><U45/><E110/><V24/><F130/><W68/><G104/><T121/><D103/><U36/><E36/><V20/><F37/><W132/><G112/><T18/><D94/><U42/><E109/><V41/><F108/><W32/><G32/><T134/><D12/><U90/><E90/><V61/><F41/><N who="1" m="15977" /><E48/><V67/><REACH who="2" step="1"/><F61/><REACH who="2" ten="341,300,95,254" step="2"/><W10/><G124/><T116/><D134/><N who="3" m="51241" /><G129/><T5/><D63/><U79/><E79/><V125/><F125/><W7/><G131/><T2/><D2/><U128/><E128/><V4/><F4/><W17/><G43/><T97/><D5/><U82/><E28/><V8/><F8/><W51/><G7/><T73/><D73/><U23/><E9/><V54/><F54/><W72/><G10/><N who="0" m="6455" /><D55/><U0/><E0/><V96/><F96/><W78/><G72/><T85/><D97/><U115/><E115/><V6/><F6/><W70/><G17/><T106/><D116/><U27/><AGARI ba="0,1" hai="15,19,23,26,27,45,49,52,81,82,83" m="15977" machi="27" ten="30,7900,0" yaku="8,1,52,2,54,1" doraHai="21" who="1" fromWho="1" sc="341,-20,300,89,95,-39,254,-20" /><INIT seed="7,0,0,0,0,130" ten="321,389,56,234" oya="3" hai0="52,121,134,105,93,115,112,59,89,6,50,10,65" hai1="119,113,90,55,80,9,4,41,125,56,116,103,19" hai2="67,81,106,79,68,30,16,46,117,42,37,107,129" hai3="124,17,108,43,96,110,49,123,128,91,72,98,109"/><W100/><G43/><T58/><D105/><U114/><E125/><V51/><F129/><W44/><G128/><T111/><D111/><U83/><E103/><V135/><F117/><N who="1" m="45129" /><E19/><V54/><F30/><W86/><G49/><T75/><D75/><U78/><E90/><V0/><F0/><W69/><G44/><T57/><D121/><U66/><E66/><V11/><F135/><W76/><G69/><T127/><D65/><U122/><E41/><V34/><F34/><W133/><G17/><T60/><D60/><N who="1" m="35871" /><E122/><V92/><F92/><N who="3" m="54391" /><G123/><T61/><D61/><U84/><E80/><V27/><F81/><N who="3" m="45191" /><G124/><T20/><D127/><U64/><E64/><V97/><F97/><N who="3" m="37483" /><G100/><T38/><D20/><U7/><E7/><V8/><F79/><W73/><G73/><T47/><D38/><U104/><E104/><V95/><F95/><W28/><G28/><T21/><D21/><U40/><E40/><V15/><F27/><W131/><G131/><T120/><D120/><U18/><E18/><V94/><F94/><W63/><G63/><T24/><D24/><U13/><AGARI ba="0,0" hai="4,9,13,78,83,84,113,114" m="35871,45129" machi="13" ten="30,1100,0" yaku="12,1" doraHai="130" who="1" fromWho="1" sc="321,-3,389,11,56,-3,234,-5" owari="318,11.8,400,50.0,53,-44.7,229,-17.1" /></mjloggm>