<mjloggm ver="2.3"><GO type="169" lobby="0"/><UN n0="%50%44%47%4F%4E" n1="%E3%81%8B%E3%82%81%E3%81%98%E3%82%8D%E3%81%86" n2="%E7%A0%B2%E5%A7%90%E5%A7%90" n3="%E6%BC%AB%E6%89%8D%E9%BA%BB%E5%B0%86%E5%91%86%E5%91%86" dan="16,16,16,16" rate="2048.75,2095.77,2099.14,2056.76" sx="M,M,F,F"/><TAIKYOKU oya="0"/><INIT seed="0,0,0,3,0,105" ten="250,250,250,250" oya="0" hai0="71,52,79,30,64,122,22,67,132,31,78,88,115" hai1="120,29,42,91,3,16,50,33,81,104,61,18,58" hai2="130,53,24,127,2,46,69,14,55,116,5,90,32" hai3="11,108,34,57,114,62,100,87,76,45,92,106,117"/><T56/><D115/><U66/><E120/><V113/><F113/><W65/><G114/><T93/><D122/><U118/><E118/><V20/><F127/><W72/><G117/><T0/><D0/><U51/><E104/><V27/><F130/><W21/><G34/><T134/><D71/><U111/><E3/><V74/><F69/><W119/><G119/><T10/><D10/><U86/><E111/><V41/><F116/><W17/><G45/><T48/><D134/><U47/><E33/><V124/><F124/><W102/><G11/><T77/><D132/><U123/><E123/><V1/><F1/><W59/><G59/><T135/><D135/><U54/><REACH who="1" step="1"/><E29/><REACH who="1" ten="250,240,250,250" step="2"/><N who="0" m="10761" /><D22/><U37/><E37/><V40/><F2/><W4/><G21/><T101/><D101/><U75/><E75/><V70/><F74/><W19/><G72/><T133/><D133/><U15/><E15/><V7/><F14/><W110/><G102/><T99/><AGARI ba="0,1" hai="48,52,56,64,67,77,78,79,88,93,99" m="10761" machi="99" ten="30,6000,0" yaku="8,1,54,2" doraHai="105" who="0" fromWho="0" sc="250,70,240,-20,250,-20,250,-20" /><INIT seed="0,1,0,1,3,28" ten="320,220,230,230" oya="0" hai0="34,54,33,41,58,78,14,119,50,53,68,52,85" hai1="30,65,127,99,88,117,26,94,83,40,87,92,113" hai2="4,82,48,15,64,61,12,95,109,133,89,63,43" hai3="70,22,128,126,36,8,90,96,123,55,129,74,6"/><T134/><D119/><U91/><E127/><V1/><F109/><W130/><G126/><T114/><D114/><U0/><E117/><V59/><F133/><W31/><G123/><T39/><D68/><U100/><E113/><V42/><F1/><W7/><G74/><T103/><D134/><U46/><E0/><V77/><F63/><W106/><G70/><T2/><D2/><U5/><E5/><V57/><F59/><W10/><G36/><T66/><D39/><U111/><E111/><V93/><F93/><N who="3" m="56375" /><G55/><T101/><D14/><U71/><E71/><V29/><F29/><W60/><G60/><T108/><D58/><U67/><E100/><V21/><F48/><W18/><G106/><T49/><D66/><U97/><E83/><V125/><F125/><W102/><G31/><T62/><D62/><U81/><E46/><V23/><F15/><N who="3" m="9567" /><G102/><N who="0" m="38923" /><D41/><U44/><E44/><V135/><F42/><W118/><G118/><T13/><D13/><U84/><E40/><V3/><F43/><W25/><G25/><T11/><D11/><AGARI ba="1,0" hai="6,7,8,10,11,128,129,130" m="9567,56375" machi="11" ten="30,1000,0" yaku="19,1" doraHai="28" who="3" fromWho="0" sc="320,-13,220,0,230,0,230,13" /><INIT seed="1,0,0,4,4,24" ten="307,220,230,243" oya="1" hai0="81,70,7,105,74,120,125,2,119,29,106,131,94" hai1="42,123,84,33,36,15,130,76,67,61,77,127,108" hai2="90,53,86,3,115,34,73,122,65,49,124,20,0" hai3="37,98,54,117,41,107,69,112,10,51,100,68,79"/><U75/><E123/><V55/><F122/><W59/><G112/><T44/><D94/><U132/><E75/><V66/><F115/><W113/><G113/><T110/><D44/><U87/><E33/><V103/><F34/><W9/><G117/><T95/><D95/><U45/><E132/><V11/><F103/><W104/><G104/><T58/><D58/><U134/><E134/><V28/><F73/><W85/><G69/><T47/><D47/><U8/><E130/><V88/><F124/><W60/><G79/><T22/><D81/><U43/><E43/><V80/><F3/><W91/><G37/><T25/><D70/><U99/><E99/><V116/><F116/><W16/><G41/><T14/><D125/><U30/><E127/><V101/><F101/><W135/><G135/><T64/><D64/><N who="2" m="24682" /><F11/><W5/><G68/><T21/><D74/><U63/><E108/><V102/><F0/><W27/><G51/><T126/><D110/><U46/><E46/><V39/><F102/><W128/><G128/><T31/><D131/><U89/><E76/><V96/><F39/><W129/><G129/><T26/><D119/><U32/><E77/><V4/><F4/><W48/><G5/><T78/><D78/><U56/><E89/><V19/><F90/><W92/><G48/><T6/><D126/><U118/><E63/><V121/><F49/><W17/><G107/><T1/><D14/><U35/><E118/><V83/><F96/><W71/><G71/><T13/><D13/><U111/><E111/><V12/><F12/><W72/><G72/><T114/><D114/><RYUUKYOKU ba="0,0" sc="307,30,220,-10,230,-10,243,-10" hai0="1,2,6,7,21,22,25,26,29,31,105,106,120" /><INIT seed="2,1,0,3,0,33" ten="337,210,220,233" oya="2" hai0="100,13,124,121,101,30,126,132,24,16,39,127,51" hai1="72,130,3,103,66,6,79,18,25,36,93,86,71" hai2="21,116,11,115,31,94,46,60,122,88,20,107,91" hai3="95,37,52,125,112,119,10,8,110,106,5,34,111"/><V80/><F115/><W113/><G106/><T78/><D39/><U2/><E36/><V98/><F116/><W42/><G119/><T17/><D78/><U96/><E130/><V69/><F122/><W83/><G34/><T81/><D81/><U22/><E6/><V120/><F120/><W90/><G83/><T57/><D121/><U28/><E72/><V1/><F107/><W35/><G35/><T43/><D132/><U77/><E18/><V68/><F46/><W59/><G42/><T99/><D13/><U38/><E38/><V89/><F80/><W131/><G10/><T53/><D43/><U40/><E40/><V134/><F134/><W12/><G37/><T44/><D44/><U14/><E14/><V56/><F31/><W15/><G15/><T108/><D108/><N who="3" m="41513" /><G131/><T84/><D84/><U19/><E19/><N who="0" m="7241" /><D99/><U54/><E54/><V45/><F45/><W118/><G118/><T87/><D87/><U41/><E41/><V4/><F68/><W104/><G104/><T62/><D62/><U76/><REACH who="1" step="1"/><E86/><REACH who="1" ten="337,200,220,233" step="2"/><V70/><F70/><W7/><G5/><T61/><D127/><U26/><E26/><V102/><REACH who="2" step="1"/><F69/><REACH who="2" ten="337,200,210,233" step="2"/><W128/><G125/><T27/><D126/><U97/><E97/><V50/><F50/><N who="3" m="31127" /><G128/><T23/><D124/><U133/><E133/><V123/><F123/><W92/><G113/><T82/><D51/><U47/><E47/><V58/><F58/><W135/><G112/><T0/><D57/><U65/><E65/><AGARI ba="1,2" hai="1,4,11,20,21,56,60,65,88,89,91,94,98,102" machi="65" ten="40,7700,0" yaku="1,1,52,1,54,1,53,0" doraHai="33" doraHaiUra="109" who="2" fromWho="1" sc="337,0,200,-80,210,100,233,0" /><INIT seed="2,2,0,0,2,124" ten="337,120,310,233" oya="2" hai0="87,61,27,55,25,73,127,2,91,83,42,95,130" hai1="114,115,4,134,117,58,103,37,60,48,12,90,102" hai2="82,7,1,72,88,47,80,32,119,84,21,123,62" hai3="66,39,52,30,92,135,131,110,68,63,54,129,81"/><V49/><F119/><W23/><G39/><T94/><D2/><U8/><E117/><V112/><F123/><W57/><G110/><T67/><D127/><U15/><E37/><V51/><F112/><W0/><G0/><T106/><D106/><U100/><E134/><V101/><F32/><W6/><G6/><T104/><D42/><U74/><E74/><V132/><F132/><W69/><G135/><T113/><D55/><N who="3" m="21033" /><G81/><T75/><D113/><U56/><E48/><V71/><F101/><W20/><G92/><T24/><D104/><U125/><E125/><V120/><F120/><W26/><G23/><T97/><D94/><U93/><E56/><V98/><F98/><W5/><G5/><T29/><D29/><U99/><REACH who="1" step="1"/><E12/><REACH who="1" ten="337,110,310,233" step="2"/><V107/><F51/><W43/><G43/><T16/><D73/><U122/><E122/><V11/><F72/><W14/><G14/><T65/><D75/><U50/><E50/><V35/><F49/><W133/><G133/><T108/><D61/><U86/><E86/><V28/><F62/><W96/><G96/><T10/><D97/><U78/><E78/><V111/><F84/><W116/><G116/><T64/><D87/><U44/><E44/><V53/><F47/><W89/><G57/><T118/><D118/><U9/><E9/><V70/><F11/><W33/><G69/><T79/><D10/><U77/><E77/><V18/><F71/><W40/><G40/><T105/><D79/><U13/><E13/><V126/><F70/><W46/><G46/><T19/><D108/><U34/><E34/><V17/><F126/><RYUUKYOKU ba="2,1" sc="337,-10,110,30,310,-10,233,-10" hai1="4,8,15,58,60,90,93,99,100,102,103,114,115" /><INIT seed="3,3,1,2,4,74" ten="327,140,300,223" oya="3" hai0="45,43,108,9,15,46,22,135,72,73,61,91,27" hai1="28,131,126,6,107,90,123,125,105,71,13,1,116" hai2="44,36,83,26,110,77,86,100,18,67,130,66,29" hai3="8,49,98,70,50,42,4,24,68,57,120,17,81"/><W21/><G120/><T3/><D3/><U127/><E123/><V82/><F130/><W117/><G117/><T80/><D108/><U30/><E131/><V32/><F110/><W113/><G113/><T99/><D135/><U20/><E71/><V102/><F18/><W16/><G68/><T95/><D61/><U129/><E129/><V10/><F10/><W124/><G70/><T103/><D103/><U69/><E69/><V52/><F100/><W60/><G124/><T75/><D80/><U87/><E116/><V112/><F102/><W89/><G17/><T111/><D43/><U84/><E1/><V88/><F112/><W119/><G42/><T106/><D106/><N who="1" m="40459" /><E84/><V109/><F109/><W115/><G119/><T55/><D55/><U78/><E78/><V23/><F32/><W96/><G115/><T2/><D2/><U7/><E20/><V35/><F35/><W118/><G118/><T47/><D111/><U38/><E38/><V92/><F83/><W122/><G122/><T31/><REACH who="0" step="1"/><D72/><REACH who="0" ten="317,140,300,223" step="2"/><U62/><E62/><V93/><F92/><N who="3" m="56335" /><G81/><T48/><D48/><U33/><E125/><V134/><F134/><W132/><G132/><T0/><D0/><U121/><E121/><V114/><F114/><W37/><G37/><T79/><D79/><U85/><E126/><V39/><F36/><W97/><G50/><T34/><D34/><U64/><E33/><V54/><F39/><W56/><G49/><T104/><D104/><U76/><E127/><V58/><F54/><N who="3" m="33815" /><G57/><T19/><AGARI ba="3,2" hai="9,15,19,22,27,31,45,46,47,73,75,91,95,99" machi="19" ten="30,4000,0" yaku="1,1,0,1,53,1" doraHai="74" doraHaiUra="25" who="0" fromWho="0" sc="317,69,140,-13,300,-13,223,-23" /><INIT seed="4,0,0,3,3,20" ten="386,127,287,200" oya="0" hai0="62,105,69,19,84,100,21,93,98,75,12,26,80" hai1="1,125,127,6,71,112,78,67,119,2,108,124,47" hai2="87,42,123,99,102,50,46,91,4,132,51,134,101" hai3="76,118,29,72,24,104,61,115,57,36,52,14,33"/><T74/><D105/><U77/><E108/><V73/><F123/><W117/><G104/><T13/><D13/><U111/><E111/><V32/><F73/><W64/><G36/><T7/><D7/><U31/><E119/><V41/><F32/><W96/><G115/><T17/><D69/><U130/><E130/><V70/><F70/><W53/><G96/><T37/><D62/><U135/><E112/><V82/><F4/><W92/><G92/><T86/><D86/><U66/><E135/><N who="2" m="51755" /><F99/><W103/><G103/><N who="2" m="39433" /><F42/><W116/><REACH who="3" step="1"/><G14/><REACH who="3" ten="386,127,287,190" step="2"/><T97/><D97/><U128/><E127/><V60/><F60/><W0/><G0/><T63/><D63/><U25/><E125/><V65/><F65/><W18/><G18/><T85/><D37/><AGARI ba="0,1" hai="37,41,46,50,51,82,87,91" m="39433,51755" machi="37" ten="30,1000,0" yaku="20,1" doraHai="20" who="2" fromWho="0" sc="386,-10,127,0,287,20,190,0" /><INIT seed="5,0,0,5,4,82" ten="376,127,307,190" oya="1" hai0="63,119,92,113,133,45,32,3,130,101,38,40,43" hai1="104,105,109,6,0,110,56,87,50,84,57,122,28" hai2="61,33,34,96,14,132,44,29,67,23,24,108,54" hai3="36,97,42,20,9,107,78,131,19,95,91,77,129"/><U100/><E122/><V17/><F108/><N who="1" m="41577" /><E28/><V76/><F132/><W46/><G9/><T120/><D32/><U7/><E100/><V48/><F76/><W21/><G107/><N who="1" m="41034" /><E50/><V31/><F31/><W72/><G72/><T86/><D119/><U89/><E89/><V18/><F96/><W85/><G20/><T128/><D101/><U5/><E0/><V30/><F30/><W134/><G134/><T116/><D3/><U75/><E75/><V1/><F1/><W8/><G8/><T103/><D103/><U15/><E15/><V68/><F18/><W127/><G127/><T106/><D106/><U4/><E4/><V93/><F93/><W114/><G114/><T13/><D113/><U99/><E99/><V117/><F117/><W22/><G22/><AGARI ba="0,0" hai="14,17,22,23,24,29,33,34,44,48,54,61,67,68" machi="22" ten="30,1000,0" yaku="7,1" doraHai="82" who="2" fromWho="3" sc="376,0,127,0,307,10,190,-10" /><INIT seed="6,0,0,5,0,65" ten="376,127,317,180" oya="2" hai0="71,4,73,95,23,72,16,125,108,117,24,129,1" hai1="22,46,127,75,70,37,97,32,47,101,27,50,7" hai2="133,80,121,74,29,115,107,9,118,85,42,124,41" hai3="38,94,61,14,122,110,33,66,53,116,48,86,28"/><V82/><F118/><W11/><G116/><T88/><D108/><U77/><E127/><V57/><F121/><W134/><G122/><T26/><D117/><U109/><E109/><V35/><F107/><W36/><G110/><T78/><D71/><U79/><E32/><V18/><F124/><W5/><G134/><T112/><D125/><U15/><E37/><V64/><F133/><W58/><G28/><T105/><D105/><U25/><E75/><V19/><F115/><W63/><G33/><T60/><D112/><U30/><E70/><V54/><F64/><W49/><G63/><T45/><D60/><U6/><E27/><V123/><F123/><W130/><G130/><T132/><D78/><U76/><E15/><V0/><F74/><W92/><G49/><T56/><D56/><U131/><E131/><V51/><F80/><W55/><G55/><T17/><D45/><U114/><E47/><V68/><F68/><W90/><REACH who="3" step="1"/><G92/><REACH who="3" ten="376,127,317,170" step="2"/><T3/><D95/><N who="1" m="58559" /><E114/><V103/><F35/><W69/><AGARI ba="0,1" hai="5,11,14,36,38,48,53,58,61,66,69,86,90,94" machi="69" ten="20,5200,0" yaku="1,1,0,1,7,1,52,1,53,0" doraHai="65" doraHaiUra="21" who="3" fromWho="3" sc="376,-13,127,-13,317,-26,170,62" /><INIT seed="7,0,0,1,0,111" ten="363,114,291,232" oya="3" hai0="34,112,103,47,71,20,43,96,100,48,41,31,70" hai1="4,77,40,129,23,64,55,84,104,26,0,36,52" hai2="121,91,33,56,42,67,22,66,90,79,113,35,9" hai3="15,32,101,89,8,51,109,99,18,78,38,106,60"/><W12/><G38/><T125/><D103/><U59/><E104/><V76/><F42/><W98/><G32/><T29/><D112/><U65/><E129/><V74/><F113/><W108/><G78/><T6/><D43/><U37/><E0/><V49/><F9/><W97/><G60/><T122/><D122/><U11/><E37/><V63/><F121/><W92/><G51/><T16/><D6/><U82/><E36/><V68/><F74/><W13/><G13/><T69/><D34/><U128/><E40/><V123/><F123/><W39/><G39/><T110/><D110/><N who="3" m="42601" /><G12/><T5/><D5/><U54/><E128/><V131/><F35/><W50/><G50/><T72/><D72/><U2/><REACH who="1" step="1"/><E59/><REACH who="1" ten="363,104,291,232" step="2"/><V57/><F56/><W53/><G53/><T83/><D41/><U3/><E3/><V7/><F57/><W44/><G44/><T95/><D47/><U118/><E118/><V81/><F131/><W126/><G126/><T24/><D125/><U130/><E130/><V28/><F68/><W120/><G120/><T107/><D71/><U14/><E14/><V30/><F49/><W58/><G58/><T80/><D48/><U133/><E133/><V105/><F105/><W114/><G114/><T117/><D107/><U10/><E10/><V93/><F66/><W116/><G116/><T85/><D117/><U102/><E102/><V135/><F67/><W115/><G115/><T62/><D70/><U134/><E134/><V94/><F135/><W127/><G127/><T19/><D69/><U132/><E132/><V88/><F33/><W73/><G106/><RYUUKYOKU ba="0,1" sc="363,-10,104,30,291,-10,232,-10" hai1="2,4,11,23,26,52,54,55,64,65,77,82,84" owari="363,46.3,134,-36.6,281,8.1,222,-17.8" /></mjloggm>