<mjloggm ver="2.3"><GO type="169" lobby="0"/><UN n0="%73%65%69%67%65%6E" n1="%74%61%6E%70%69%6E%38" n2="%E3%82%82%E3%81%93%E2%97%AF" n3="%43%4C%53" dan="16,16,16,20" rate="2045.99,2130.10,2111.80,2131.37" sx="M,M,M,M"/><TAIKYOKU oya="0"/><INIT seed="0,0,0,4,0,56" ten="250,250,250,250" oya="0" hai0="107,87,19,110,38,109,76,125,21,5,89,51,53" hai1="132,9,98,113,55,15,90,122,54,84,28,63,75" hai2="27,29,74,73,62,124,71,24,114,101,100,97,119" hai3="70,78,118,40,57,52,16,64,92,104,2,23,66"/><T96/><D38/><U7/><E122/><V3/><F114/><W18/><G104/><T32/><D32/><U13/><E75/><V91/><F124/><W86/><G2/><T126/><D5/><U44/><E132/><V12/><F119/><W22/><G40/><T36/><D36/><U65/><E28/><V127/><F127/><N who="0" m="48650" /><D76/><U85/><E113/><V103/><F3/><W30/><G70/><T50/><D96/><U26/><E26/><V47/><F12/><N who="3" m="9479" /><G30/><T130/><D107/><U83/><E98/><V131/><F47/><W72/><G72/><T11/><D11/><U45/><E85/><V95/><F131/><W59/><G59/><N who="0" m="33207" /><D51/><U48/><E13/><V134/><F134/><W88/><G78/><T4/><D4/><U102/><E102/><V99/><F99/><W46/><G46/><N who="1" m="18026" /><E48/><V8/><F8/><W82/><G118/><T129/><D19/><U58/><AGARI ba="0,0" hai="7,9,15,54,55,58,63,65,83,84,90" m="18026" machi="58" ten="30,2000,0" yaku="8,1,52,1" doraHai="56" who="1" fromWho="1" sc="250,-10,250,20,250,-5,250,-5" /><INIT seed="1,0,0,1,1,69" ten="240,270,245,245" oya="1" hai0="52,17,109,48,30,83,24,18,134,86,15,93,117" hai1="135,41,7,22,13,3,68,67,84,91,33,100,11" hai2="94,127,116,77,37,14,78,115,40,38,71,19,89" hai3="26,72,128,81,101,82,43,59,98,104,106,120,118"/><U5/><E33/><V119/><F71/><W108/><G59/><T87/><D109/><U63/><E135/><V85/><F127/><W125/><G26/><T76/><D134/><U34/><E34/><V56/><F115/><W46/><G46/><T79/><D117/><U80/><E100/><V2/><F2/><W113/><G43/><T16/><D93/><U74/><E74/><V65/><F116/><W133/><G133/><T112/><D112/><U64/><E64/><V8/><F119/><W0/><G0/><T122/><D122/><U130/><E130/><V61/><REACH who="2" step="1"/><F40/><REACH who="2" ten="240,270,235,245" step="2"/><W44/><G118/><T9/><D76/><AGARI ba="0,1" hai="8,14,19,37,38,56,61,65,76,77,78,85,89,94" machi="76" ten="40,8000,1" yaku="1,1,2,1,52,2,53,0" doraHai="69" doraHaiUra="51" who="2" fromWho="0" sc="240,-80,270,0,235,90,245,0" /><INIT seed="2,0,0,1,5,133" ten="160,270,325,245" oya="2" hai0="9,21,71,18,98,100,44,74,10,35,33,6,61" hai1="132,42,85,116,128,49,105,32,39,25,3,125,43" hai2="93,57,4,126,60,16,118,113,54,92,20,38,23" hai3="73,0,78,129,80,106,99,59,90,88,122,114,111"/><V104/><F113/><W131/><G0/><T121/><D74/><U135/><E116/><V62/><F118/><W69/><G69/><T11/><D6/><U91/><E39/><V79/><F104/><W94/><G59/><T26/><D121/><U58/><E105/><V82/><F38/><W103/><G122/><T53/><D44/><U31/><E3/><V120/><F120/><W107/><G114/><T117/><D117/><U72/><E72/><V66/><F4/><W15/><G15/><T24/><D24/><U46/><E128/><N who="3" m="49226" /><G111/><T2/><D2/><U108/><E108/><V101/><F126/><W37/><G37/><T112/><D112/><U115/><E115/><V29/><F29/><W84/><G90/><T55/><D55/><U123/><E123/><V87/><F101/><W76/><G76/><T22/><D22/><U7/><E7/><V109/><F23/><W77/><G78/><T47/><D47/><U50/><E125/><V95/><F109/><W134/><G134/><N who="1" m="51242" /><E58/><N who="2" m="34903" /><F95/><AGARI ba="0,0" hai="73,77,80,84,88,94,95,99,103,106,107" m="49226" machi="95" ten="30,7700,0" yaku="19,1,34,2,54,1" doraHai="133" who="3" fromWho="2" sc="160,0,270,0,325,-77,245,77" /><INIT seed="3,0,0,3,1,64" ten="160,270,248,322" oya="3" hai0="62,117,65,15,80,124,16,12,41,77,98,132,103" hai1="23,76,43,47,44,107,93,94,89,57,3,128,58" hai2="86,92,40,0,121,120,5,26,25,127,30,68,6" hai3="2,35,84,134,61,20,123,14,122,130,88,85,108"/><W7/><G84/><T101/><D132/><U48/><E107/><V91/><F40/><W19/><G134/><T82/><D124/><U113/><E113/><V133/><F133/><W72/><G72/><T102/><D117/><U114/><E3/><V66/><F127/><W111/><G35/><T45/><D98/><U67/><E128/><V87/><F87/><W17/><G17/><T75/><D82/><U34/><E34/><V10/><F6/><W42/><G42/><T73/><D73/><U100/><E76/><V131/><F131/><W13/><G13/><T126/><D126/><U32/><E32/><V55/><F55/><W135/><G135/><T71/><REACH who="0" step="1"/><D16/><REACH who="0" ten="150,270,248,322" step="2"/><U54/><E114/><V18/><F18/><W53/><G130/><T49/><AGARI ba="0,1" hai="12,15,41,45,49,62,65,71,75,77,80,101,102,103" machi="49" ten="30,7900,0" yaku="1,1,2,1,0,1,52,1,53,0" doraHai="64" doraHaiUra="50" who="0" fromWho="0" sc="150,89,270,-20,248,-20,322,-39" /><INIT seed="4,0,0,1,4,23" ten="239,250,228,283" oya="0" hai0="100,90,120,24,83,26,113,88,12,128,39,54,69" hai1="15,117,77,41,79,85,87,74,108,31,89,72,67" hai2="127,4,14,63,80,45,111,29,6,47,27,125,96" hai3="103,44,112,48,58,106,28,51,105,46,71,104,13"/><T50/><D120/><U21/><E117/><V32/><F111/><W130/><G71/><T20/><D39/><U25/><E108/><V38/><F80/><W40/><G112/><T82/><D69/><U92/><E67/><V18/><F63/><W75/><G75/><T135/><D128/><U2/><E2/><V19/><F96/><W30/><G130/><T81/><D135/><U34/><E41/><V8/><F38/><W55/><G13/><T66/><D66/><U115/><E115/><V98/><F98/><W0/><G0/><T68/><D100/><U1/><E1/><N who="2" m="15" /><F47/><W9/><G9/><T123/><D68/><U73/><REACH who="1" step="1"/><E87/><REACH who="1" ten="239,240,228,283" step="2"/><V22/><F45/><W61/><REACH who="3" step="1"/><G103/><REACH who="3" ten="239,240,228,273" step="2"/><T60/><D113/><U70/><E70/><V86/><F86/><W52/><AGARI ba="0,2" hai="28,30,40,44,46,48,51,52,55,58,61,104,105,106" machi="52" ten="30,7900,0" yaku="1,1,2,1,0,1,54,1,53,0" doraHai="23" doraHaiUra="35" who="3" fromWho="3" sc="239,-39,240,-20,228,-20,273,99" /><INIT seed="5,0,0,1,5,119" ten="200,220,208,372" oya="1" hai0="124,71,28,106,1,37,81,75,3,31,122,72,15" hai1="22,30,12,53,7,14,82,74,56,100,107,48,128" hai2="26,88,2,43,105,97,35,16,33,95,45,64,132" hai3="21,76,89,67,73,11,135,133,54,44,86,70,90"/><U78/><E128/><V117/><F117/><W8/><G21/><T120/><D106/><U68/><E68/><V115/><F2/><N who="0" m="522" /><D71/><U127/><E127/><V112/><F132/><W109/><G109/><T58/><D37/><U4/><E107/><V101/><F64/><W130/><G54/><T92/><D92/><U99/><E99/><V83/><F83/><W65/><G44/><T134/><D81/><U91/><E91/><V108/><F108/><W118/><G86/><T39/><D39/><U66/><E100/><V93/><F105/><W0/><G0/><T104/><D104/><U85/><E74/><N who="0" m="28201" /><D58/><U129/><E129/><V34/><F26/><W47/><G47/><T19/><D124/><U24/><REACH who="1" step="1"/><E66/><REACH who="1" ten="200,210,208,372" step="2"/><V13/><F88/><N who="3" m="33899" /><G130/><T17/><D134/><N who="3" m="51209" /><G118/><T40/><D40/><U62/><E62/><V32/><F43/><W49/><G65/><T96/><D96/><U113/><E113/><V6/><F97/><W9/><G67/><T23/><D19/><U131/><E131/><V69/><F16/><W55/><G70/><T60/><D60/><U52/><E52/><V114/><F69/><W42/><G42/><T20/><D31/><U110/><E110/><V5/><F112/><W63/><G63/><T18/><D28/><U98/><E98/><V59/><F114/><W84/><G73/><T61/><D61/><U10/><E10/><V29/><F29/><W27/><G55/><T25/><D18/><U123/><E123/><V36/><F115/><W38/><G11/><T103/><D103/><U87/><E87/><V111/><F111/><W121/><G84/><RYUUKYOKU ba="0,1" sc="200,15,210,15,208,-15,372,-15" hai0="15,17,20,23,25,120,122" hai1="4,7,12,14,22,24,30,48,53,56,78,82,85" /><INIT seed="5,1,1,5,0,117" ten="215,225,193,357" oya="1" hai0="122,121,102,130,40,27,57,11,76,120,73,84,71" hai1="9,87,33,96,68,135,56,91,118,86,83,82,1" hai2="50,52,74,0,39,22,15,8,94,13,100,116,36" hai3="19,28,48,59,37,107,106,89,123,85,42,6,44"/><U65/><E118/><V99/><F116/><W128/><G28/><T38/><D71/><U113/><E68/><V21/><F74/><W132/><G6/><T43/><D130/><U103/><E33/><V16/><F0/><W58/><G58/><T60/><D38/><U81/><E1/><V29/><F29/><W55/><G128/><T131/><D131/><U92/><E9/><V17/><F8/><W105/><G132/><T31/><D73/><U69/><E69/><V110/><F110/><W133/><G133/><T80/><D102/><U35/><E35/><V109/><F109/><W30/><G30/><T62/><D11/><U5/><E5/><V25/><F25/><W32/><G32/><N who="0" m="20607" /><D62/><N who="1" m="38087" /><E113/><V53/><F53/><AGARI ba="1,1" hai="40,43,53,57,60,76,80,84,120,121,122" m="20607" machi="53" ten="30,7700,0" yaku="13,1,52,3" doraHai="117" who="0" fromWho="2" sc="215,90,225,0,193,-80,357,0" /><INIT seed="6,0,0,4,5,124" ten="305,225,113,357" oya="2" hai0="32,21,112,71,94,19,92,125,68,31,13,9,2" hai1="126,85,59,113,10,96,28,53,45,47,81,115,80" hai2="110,58,108,117,104,70,82,25,106,63,30,14,64" hai3="98,87,52,39,103,23,100,86,42,27,109,62,26"/><V16/><F117/><W57/><G109/><N who="2" m="42089" /><F82/><W107/><G100/><T133/><D112/><N who="1" m="43083" /><E126/><V76/><F76/><W3/><G3/><T90/><D125/><U119/><E119/><V91/><F91/><W22/><G22/><T48/><D133/><U17/><E28/><V101/><F101/><W67/><G26/><N who="0" m="18551" /><D48/><U89/><E96/><V0/><F0/><W73/><G73/><T56/><D56/><U77/><E17/><V65/><F65/><W79/><G79/><T50/><D50/><N who="1" m="31159" /><E10/><N who="2" m="6231" /><F70/><N who="0" m="26666" /><D90/><U123/><E123/><V95/><F95/><W7/><G67/><T15/><D15/><U40/><E40/><V1/><F1/><W41/><G41/><T29/><D29/><U114/><N who="1" m="43091" /><U120/><DORA hai="129" /><E120/><V36/><F36/><W121/><G121/><T74/><D74/><AGARI ba="0,0" hai="45,47,74,77,80,81,85,89" m="31159,43091" machi="74" ten="40,1300,0" yaku="15,1" doraHai="124,129" who="1" fromWho="0" sc="305,-13,225,13,113,0,357,0" /><INIT seed="7,0,0,1,3,29" ten="292,238,113,357" oya="3" hai0="88,106,61,67,64,4,13,11,48,109,69,127,26" hai1="82,36,104,9,96,99,87,68,47,1,43,126,108" hai2="45,34,103,33,97,101,19,105,120,102,89,95,98" hai3="73,17,134,38,84,10,63,129,133,44,125,86,12"/><W59/><G73/><T74/><D109/><U75/><E108/><V78/><F120/><W128/><G44/><T100/><D127/><U93/><E126/><V85/><F45/><W132/><G38/><T16/><D74/><U107/><E68/><V55/><F55/><N who="3" m="34303" /><G125/><T83/><D67/><U3/><E99/><V117/><F117/><W50/><G50/><T37/><D37/><U8/><E8/><V41/><F41/><W77/><G77/><T118/><D118/><U6/><E1/><V115/><F115/><W81/><G81/><T42/><D100/><U92/><E92/><V65/><F65/><W60/><G60/><T112/><D106/><U53/><E53/><V40/><F40/><W116/><G116/><T5/><D112/><U2/><E2/><V31/><F31/><W79/><G79/><T46/><REACH who="0" step="1"/><D26/><REACH who="0" ten="282,238,113,357" step="2"/><U94/><E94/><V51/><F51/><W18/><G132/><T72/><D72/><U70/><E70/><V27/><F78/><W76/><G76/><T49/><D49/><U32/><E75/><V122/><F122/><W131/><G133/><T114/><D114/><U80/><E107/><V54/><F54/><W110/><G110/><T57/><D57/><U66/><E104/><V124/><F124/><W119/><G119/><T20/><D20/><U28/><E66/><V130/><F130/><W0/><G134/><T21/><D21/><U15/><E3/><V35/><REACH who="2" step="1"/><F105/><REACH who="2" ten="282,238,103,357" step="2"/><W30/><G128/><T14/><D14/><U7/><E15/><V121/><F121/><W39/><G129/><T62/><D62/><U111/><E43/><RYUUKYOKU ba="0,2" sc="282,15,238,-15,103,15,357,-15" hai0="4,5,11,13,16,42,46,48,61,64,69,83,88" hai2="19,27,33,34,35,85,89,95,97,98,101,102,103" owari="297,9.7,223,-17.7,118,-38.2,362,46.2" /></mjloggm>