<mjloggm ver="2.3"><GO type="169" lobby="0"/><UN n0="%E3%81%8B%E3%81%B6%E8%8C%B6" n1="%E3%81%9F%E3%81%8B%E3%81%A3%E3%81%A6%E3%81%83%E3%83%BC" n2="%E9%9B%A8%E6%9C%88%E3%81%A4%E3%82%86" n3="%E3%81%BB%E3%82%80%E3%82%89" dan="17,18,16,16" rate="2140.36,2188.26,2110.31,2076.11" sx="M,F,M,F"/><TAIKYOKU oya="0"/><INIT seed="0,0,0,1,3,106" ten="250,250,250,250" oya="0" hai0="129,26,43,66,55,40,117,5,125,39,94,71,25" hai1="73,100,28,19,107,92,104,78,51,98,132,79,97" hai2="27,111,4,134,23,56,42,101,24,77,0,123,14" hai3="9,46,13,108,81,6,87,131,124,33,127,11,53"/><T1/><D117/><U114/><E28/><V80/><F123/><W47/><G33/><T44/><D43/><U85/><E19/><V99/><F111/><W102/><G102/><T96/><D129/><U112/><E51/><V18/><F134/><W90/><G108/><T84/><D125/><N who="3" m="48201" /><G131/><T31/><D5/><U88/><E132/><V7/><F42/><W61/><G9/><T38/><D1/><U118/><E118/><V133/><F133/><W49/><G61/><T62/><D39/><U15/><E15/><V21/><F56/><AGARI ba="0,0" hai="6,11,13,46,47,49,53,56,81,87,90" m="48201" machi="56" ten="30,1000,0" yaku="18,1" doraHai="106" who="3" fromWho="2" sc="250,0,250,0,250,-10,250,10" /><INIT seed="1,0,0,5,4,66" ten="250,250,240,260" oya="1" hai0="49,93,132,57,36,67,99,12,119,104,8,109,92" hai1="71,90,63,106,28,53,97,72,115,96,10,24,39" hai2="58,43,86,69,91,19,56,35,80,112,47,101,40" hai3="23,9,110,20,38,129,51,126,85,84,121,125,79"/><U130/><E115/><V4/><F112/><W42/><G121/><T76/><D119/><U0/><E130/><V16/><F35/><W6/><G129/><T117/><D117/><U1/><E39/><V64/><F4/><W48/><G110/><T27/><D36/><U78/><E10/><V103/><F69/><W15/><G38/><T122/><D109/><U25/><E25/><V102/><F64/><W61/><G61/><T128/><D128/><U74/><E90/><V89/><F47/><N who="3" m="25719" /><G51/><T70/><D76/><U37/><E37/><V22/><F89/><W60/><G60/><T135/><D70/><U5/><E5/><V82/><F91/><W68/><G68/><T113/><D104/><U105/><E53/><V50/><F50/><W94/><G94/><T88/><D93/><U18/><E63/><V55/><F55/><W21/><G79/><T114/><D122/><U120/><E71/><V62/><F62/><W2/><G2/><T13/><D67/><U81/><E120/><V11/><F11/><W75/><G75/><T73/><D73/><U7/><E74/><V108/><F108/><W29/><G29/><T133/><D27/><U100/><E18/><N who="2" m="6699" /><F22/><W127/><AGARI ba="0,0" hai="6,9,15,20,21,23,84,85,125,126,127" m="25719" machi="127" ten="40,1500,0" yaku="18,1" doraHai="66" who="3" fromWho="3" sc="250,-4,250,-7,240,-4,260,15" /><INIT seed="2,0,0,2,0,53" ten="246,243,236,275" oya="2" hai0="61,88,31,102,14,125,96,15,33,41,75,46,134" hai1="127,131,10,4,66,84,111,70,44,72,101,5,73" hai2="51,49,50,108,24,79,67,91,107,121,0,71,124" hai3="58,26,81,29,1,8,55,129,20,38,59,123,100"/><V35/><F124/><W52/><G38/><T17/><D75/><U16/><E127/><V74/><F121/><W6/><G123/><T12/><D125/><U7/><E111/><V97/><F0/><W39/><G39/><T36/><D134/><U56/><E131/><V42/><F108/><W92/><G81/><T19/><D31/><U126/><E126/><V3/><F3/><W13/><G129/><T99/><D33/><U119/><E119/><V48/><F48/><W37/><G37/><T76/><D76/><U30/><E70/><V113/><F113/><W21/><G20/><T86/><D61/><U57/><E30/><N who="2" m="19911" /><F91/><W118/><G118/><T90/><D90/><U45/><E101/><N who="2" m="62895" /><F79/><W47/><G1/><T77/><D77/><U133/><E133/><V78/><F78/><W109/><G109/><T105/><REACH who="0" step="1"/><D99/><REACH who="0" ten="236,243,236,275" step="2"/><U95/><E73/><V64/><F74/><W120/><G120/><T40/><D40/><U11/><E72/><V25/><F42/><W116/><G116/><T122/><D122/><U60/><E60/><N who="2" m="40327" /><F67/><W63/><G63/><T114/><D114/><U2/><E66/><V34/><F34/><W28/><G28/><T104/><D104/><U115/><E115/><V82/><F82/><AGARI ba="0,1" hai="12,14,15,17,19,36,41,46,82,86,88,96,102,105" machi="82" ten="40,2600,0" yaku="1,1,54,1,53,0" doraHai="53" doraHaiUra="32" who="0" fromWho="2" sc="236,36,243,0,236,-26,275,0" /><INIT seed="3,0,0,5,1,58" ten="272,243,210,275" oya="3" hai0="70,41,0,89,113,66,129,120,36,13,125,28,2" hai1="115,74,60,29,114,34,92,65,88,104,131,6,99" hai2="106,130,119,11,53,50,3,52,124,78,83,37,122" hai3="35,10,16,95,30,46,76,85,12,109,82,86,17"/><W71/><G71/><T96/><D120/><U27/><E131/><V48/><F119/><W45/><G109/><T22/><D129/><U68/><E74/><V107/><F130/><W59/><G35/><T62/><D125/><U121/><E121/><V116/><F116/><W134/><G134/><T54/><D113/><U57/><E6/><V51/><F37/><W55/><G30/><T38/><D38/><U61/><E104/><V31/><F31/><W23/><G95/><T24/><D13/><U47/><E47/><V128/><F128/><W56/><G56/><T98/><D98/><U4/><E4/><V79/><F122/><W123/><G86/><T94/><REACH who="0" step="1"/><D54/><AGARI ba="0,0" hai="27,29,34,54,57,60,61,65,68,88,92,99,114,115" machi="54" ten="30,7700,0" yaku="7,1,52,2,54,1" doraHai="58" who="1" fromWho="0" sc="272,-77,243,77,210,0,275,0" /><INIT seed="4,0,0,2,1,75" ten="195,320,210,275" oya="0" hai0="97,8,40,102,2,92,1,132,101,119,127,49,133" hai1="5,78,130,114,88,68,60,135,113,16,129,116,109" hai2="90,126,7,118,70,84,64,96,95,27,115,69,125" hai3="28,9,86,43,12,39,82,134,53,62,56,124,51"/><T36/><D119/><U15/><E109/><V73/><F73/><W106/><G106/><T122/><D122/><U74/><E116/><V93/><F118/><W34/><G134/><N who="0" m="51819" /><D36/><U55/><E5/><V48/><F64/><W32/><G124/><N who="2" m="47721" /><F7/><W112/><G112/><N who="1" m="43114" /><E135/><V23/><F48/><W25/><G39/><T58/><D127/><U79/><E88/><N who="2" m="53383" /><F115/><W104/><G104/><T103/><D8/><N who="1" m="6247" /><E74/><V91/><F91/><W0/><G0/><N who="0" m="107" /><D40/><U83/><E83/><V11/><F11/><W128/><G43/><T4/><D4/><U17/><E17/><AGARI ba="0,0" hai="17,23,27,69,70,90,95,96" m="53383,47721" machi="17" ten="30,2000,0" yaku="18,1,54,1" doraHai="75" who="2" fromWho="1" sc="195,0,320,-20,210,20,275,0" /><INIT seed="5,0,0,1,1,54" ten="195,300,230,275" oya="1" hai0="28,119,11,84,128,14,92,19,35,122,45,47,71" hai1="81,79,7,40,80,62,36,0,63,18,26,27,123" hai2="91,85,4,59,34,100,49,15,23,6,5,48,46" hai3="41,76,97,94,104,68,8,12,43,93,103,89,58"/><U115/><E123/><V127/><F34/><W30/><G68/><T53/><D119/><U126/><E115/><V96/><F127/><W64/><G30/><T10/><D71/><U78/><E126/><V133/><F133/><W135/><G135/><T74/><D74/><U95/><E95/><V120/><F120/><W37/><G37/><T125/><D125/><U2/><E40/><V106/><F46/><W50/><G76/><T56/><D128/><U20/><E36/><V109/><F109/><W105/><G105/><T110/><D110/><U102/><E102/><V82/><REACH who="2" step="1"/><F59/><REACH who="2" ten="195,300,220,275" step="2"/><W32/><G32/><T132/><D132/><U107/><E2/><V88/><F88/><W134/><G134/><T108/><D108/><U61/><E0/><V87/><F87/><W111/><G111/><T21/><D122/><U66/><E79/><V1/><F1/><W17/><G104/><T9/><D35/><U73/><E107/><V118/><F118/><W52/><G64/><T131/><D131/><U121/><E66/><V72/><F72/><W55/><G55/><T39/><D39/><U38/><E73/><V75/><F75/><W65/><G65/><T83/><D45/><U60/><E78/><V25/><F25/><W22/><G8/><T99/><D9/><U13/><E38/><V90/><F90/><W57/><G57/><T67/><D67/><U86/><E121/><V44/><F44/><W101/><G101/><N who="0" m="60647" /><D47/><U70/><E70/><V77/><F77/><W16/><G17/><AGARI ba="0,1" hai="4,5,6,15,17,23,48,49,82,85,91,96,100,106" machi="17" ten="40,1300,0" yaku="1,1,53,0" doraHai="54" doraHaiUra="117" who="2" fromWho="3" sc="195,0,300,0,220,23,275,-13" /><INIT seed="6,0,0,0,0,38" ten="195,300,243,262" oya="2" hai0="43,9,100,62,101,52,83,125,87,73,98,27,58" hai1="31,3,60,49,128,132,77,6,15,34,93,96,70" hai2="75,90,117,127,54,67,8,114,106,22,16,10,1" hai3="110,112,85,37,95,123,29,63,51,84,72,76,26"/><V126/><F114/><W135/><G110/><T68/><D125/><N who="2" m="47626" /><F117/><W35/><G123/><T79/><D68/><U99/><E3/><V14/><F106/><W5/><G37/><T109/><D109/><U92/><E77/><V61/><F75/><W78/><G135/><T80/><D27/><U20/><E34/><V50/><F90/><W105/><G105/><T113/><D113/><U91/><E91/><V42/><F1/><W103/><G5/><T25/><D9/><U33/><E33/><V21/><F21/><W88/><G112/><T119/><D119/><U97/><E20/><V89/><F89/><W11/><G11/><T36/><D25/><U107/><E107/><V24/><F24/><W130/><G130/><T39/><D39/><U55/><E128/><V118/><F118/><W32/><G103/><T13/><D13/><U18/><E15/><V134/><F134/><W48/><G72/><T122/><D122/><U133/><E133/><V46/><F54/><W47/><G32/><T108/><D108/><U57/><E132/><V41/><F41/><W53/><G76/><T12/><D12/><U28/><E55/><V116/><F116/><W81/><G35/><T86/><D83/><U17/><E93/><V120/><F120/><W45/><G26/><T23/><D23/><U2/><E92/><V102/><F102/><N who="0" m="39530" /><D98/><U69/><E96/><V0/><F0/><W74/><G74/><T71/><D71/><AGARI ba="0,0" hai="8,10,14,16,22,42,46,50,61,67,71" m="47626" machi="71" ten="30,5800,0" yaku="18,1,52,1,54,1" doraHai="38" who="2" fromWho="0" sc="195,-58,300,0,243,58,262,0" /><INIT seed="6,1,0,4,3,121" ten="137,300,301,262" oya="2" hai0="34,132,10,21,60,69,16,105,97,65,66,29,73" hai1="46,87,38,72,30,117,119,47,12,106,88,94,58" hai2="24,100,93,122,135,43,71,52,131,64,17,32,26" hai3="20,49,85,50,13,77,74,133,102,5,4,130,45"/><V91/><F131/><W0/><G0/><T129/><D132/><U103/><E72/><V99/><F135/><W11/><G74/><T95/><D129/><U18/><E30/><V15/><F43/><W2/><G2/><T101/><D73/><U118/><E38/><V120/><F71/><W57/><G133/><T90/><D10/><U33/><E33/><V56/><F64/><W7/><G102/><T89/><D66/><U83/><E106/><V23/><F32/><W28/><G57/><T53/><D53/><U110/><E110/><V116/><F116/><W84/><G50/><T36/><D36/><U123/><E123/><V127/><F127/><W54/><G130/><T82/><D82/><U1/><E1/><V37/><F37/><W35/><G35/><T25/><REACH who="0" step="1"/><D95/><REACH who="0" ten="127,300,301,262" step="2"/><U68/><E94/><N who="2" m="58487" /><F120/><W42/><G54/><T14/><AGARI ba="1,1" hai="14,16,21,25,29,34,60,65,69,89,90,97,101,105" machi="14" ten="20,12000,2" yaku="1,1,0,1,7,1,25,2,54,1,53,0" doraHai="121" doraHaiUra="55" who="0" fromWho="0" sc="127,133,300,-31,301,-61,262,-31" /><INIT seed="7,0,0,1,0,118" ten="260,269,240,231" oya="3" hai0="96,124,80,85,42,13,99,129,45,9,106,23,78" hai1="84,40,34,5,57,92,56,134,133,70,117,50,79" hai2="17,105,22,11,27,26,121,20,4,126,114,109,122" hai3="43,12,77,98,24,111,89,67,115,135,95,83,49"/><W62/><G115/><T130/><D124/><U72/><E70/><V46/><F105/><W104/><G135/><T2/><D2/><U41/><E34/><V76/><F76/><W38/><G38/><T63/><D23/><U90/><E117/><V39/><F109/><W60/><G104/><T19/><D63/><U116/><E116/><V8/><F114/><W87/><G111/><T120/><D120/><N who="2" m="46186" /><F126/><W127/><G127/><T29/><D29/><U36/><E36/><V65/><F65/><W64/><G24/><T91/><D78/><U25/><E25/><V102/><F102/><W103/><G103/><T68/><D68/><U53/><E79/><V66/><F66/><N who="3" m="25131" /><G12/><T58/><D58/><U32/><E57/><V0/><F11/><W73/><G73/><T82/><D106/><U131/><E72/><V48/><F39/><W112/><G112/><T55/><D9/><U75/><E75/><V1/><F1/><W71/><G71/><T74/><D74/><U21/><E133/><V54/><F22/><W110/><G110/><T94/><D91/><U47/><E134/><V51/><F51/><W81/><G81/><T100/><D82/><U101/><E21/><V16/><F26/><W113/><G113/><T7/><D13/><U3/><E3/><V18/><AGARI ba="0,0" hai="0,4,8,16,17,18,20,27,46,48,54" m="46186" machi="18" ten="30,8000,1" yaku="13,1,52,3,54,1" doraHai="118" who="2" fromWho="2" sc="260,-20,269,-20,240,80,231,-40" owari="240,-16.0,249,4.9,320,42.0,191,-30.9" /></mjloggm>