<mjloggm ver="2.3"><GO type="169" lobby="0"/><UN n0="%4E%65%6D%6F" n1="%48%4F%4D%4F%E5%A5%B3" n2="%E8%BE%9B%E5%8F%A3%E3%82%AB%E3%83%AC%E3%83%BC%E3%83%A9%E3%82%A4%E3%82%B9" n3="%E3%81%A8%E3%81%B3%E3%81%BE%E3%81%93" dan="16,16,16,18" rate="2180.20,2077.49,2124.30,2223.19" sx="M,M,M,M"/><TAIKYOKU oya="0"/><INIT seed="0,0,0,5,0,92" ten="250,250,250,250" oya="0" hai0="14,73,125,47,113,68,45,28,101,98,54,110,20" hai1="129,76,29,12,2,63,34,75,37,81,6,19,91" hai2="0,117,69,48,77,105,102,115,128,74,4,1,99" hai3="46,106,94,39,124,41,57,58,15,35,119,21,23"/><T131/><D113/><U26/><E129/><V24/><F115/><W130/><G106/><T64/><D73/><U38/><E63/><V32/><F128/><W122/><G119/><T93/><D131/><U10/><REACH who="1" step="1"/><E91/><REACH who="1" ten="250,240,250,250" step="2"/><V135/><F117/><W80/><G130/><T78/><D78/><U97/><E97/><V40/><F77/><W36/><G122/><T61/><D61/><U121/><E121/><V43/><F99/><W52/><G124/><T71/><D98/><U72/><E72/><V87/><F74/><W42/><G80/><T103/><D125/><U107/><E107/><V18/><F105/><W31/><G94/><T50/><D93/><U17/><E17/><V11/><F18/><W132/><G132/><T67/><D103/><U27/><E27/><V30/><F24/><W44/><G31/><T114/><D101/><U88/><E88/><V53/><F30/><W134/><G134/><T5/><D28/><U9/><AGARI ba="0,1" hai="2,6,9,10,12,19,26,29,34,37,38,75,76,81" machi="9" ten="20,2700,0" yaku="1,1,0,1,7,1,53,0" doraHai="92" doraHaiUra="123" who="1" fromWho="1" sc="250,-13,240,37,250,-7,250,-7" /><INIT seed="1,0,0,0,2,41" ten="237,277,243,243" oya="1" hai0="7,121,79,43,125,124,9,81,40,38,37,131,44" hai1="63,109,16,132,66,25,98,71,78,4,110,11,107" hai2="133,36,101,72,100,45,56,126,105,49,20,74,47" hai3="57,13,85,39,2,67,5,106,55,53,117,89,24"/><U29/><E132/><V1/><F1/><W15/><G106/><T96/><D131/><U84/><E84/><V97/><F133/><W135/><G135/><T48/><D96/><U31/><E78/><V33/><F33/><W8/><G117/><T22/><D22/><U123/><E123/><V80/><F101/><W87/><G39/><T65/><D65/><U90/><E90/><V73/><F126/><N who="0" m="48746" /><D43/><U54/><E54/><V60/><F36/><W59/><G67/><T30/><D30/><U50/><E50/><V35/><F35/><W10/><G24/><T70/><D70/><U34/><E29/><V26/><F80/><W104/><G104/><T17/><D17/><U111/><E16/><V122/><F49/><W75/><G75/><N who="0" m="43263" /><D121/><U23/><E23/><V77/><F77/><W88/><REACH who="3" step="1"/><G5/><REACH who="3" ten="237,277,243,233" step="2"/><T92/><D92/><U86/><E86/><V19/><REACH who="2" step="1"/><F122/><REACH who="2" ten="237,277,233,233" step="2"/><W64/><G64/><AGARI ba="0,2" hai="19,20,26,45,47,56,60,64,72,73,74,97,100,105" machi="64" ten="40,8000,1" yaku="1,1,2,1,52,2,53,1" doraHai="41" doraHaiUra="52" who="2" fromWho="3" sc="237,0,277,0,233,100,233,-80" /><INIT seed="2,0,0,2,4,10" ten="237,277,333,153" oya="2" hai0="9,18,127,75,120,51,46,98,129,20,132,6,69" hai1="38,126,2,91,92,79,135,71,78,25,66,62,74" hai2="101,31,4,41,61,99,122,113,103,100,22,123,19" hai3="8,7,128,3,102,130,45,70,111,13,64,88,28"/><V26/><F113/><W56/><G70/><T27/><D120/><U17/><E126/><V40/><F4/><W118/><G118/><T77/><D127/><U76/><E135/><V131/><F131/><N who="3" m="50219" /><G102/><T39/><D129/><U121/><E121/><V59/><F122/><W32/><G45/><T57/><D69/><U134/><E134/><V73/><F73/><W34/><G111/><T117/><D132/><U96/><E2/><V35/><F123/><W55/><G64/><T125/><D125/><U106/><E38/><V112/><F112/><W33/><G28/><T58/><D39/><U133/><E133/><V43/><F99/><W104/><G104/><T93/><D77/><U83/><E106/><V42/><N who="2" m="10240" /><DORA hai="12" /><V95/><F95/><W107/><G107/><T108/><D75/><U53/><REACH who="1" step="1"/><E53/><REACH who="1" ten="237,267,333,153" step="2"/><N who="2" m="34031" /><F35/><W37/><G37/><T49/><D117/><U110/><E110/><V119/><F119/><W36/><G36/><T16/><D108/><U11/><E11/><V24/><F24/><W81/><G3/><T116/><D9/><U1/><E1/><V115/><F115/><W85/><G34/><T15/><D27/><U65/><E65/><V105/><F105/><W80/><G80/><T84/><D116/><U94/><E94/><V14/><F14/><W5/><G5/><T0/><D93/><U67/><E67/><V30/><AGARI ba="0,1" hai="19,22,26,30,31,100,101,103" m="34031,10240" machi="30" ten="50,4800,0" yaku="8,1,52,1" doraHai="10,12" who="2" fromWho="2" sc="237,-16,267,-16,333,58,153,-16" /><INIT seed="2,1,0,2,2,108" ten="221,251,391,137" oya="2" hai0="75,98,21,13,16,46,76,20,49,52,113,66,104" hai1="29,25,106,122,31,26,47,102,116,55,86,103,30" hai2="58,131,126,97,38,63,82,72,89,23,48,117,1" hai3="10,118,37,33,35,11,110,77,112,73,54,109,18"/><V99/><F117/><W83/><G37/><T8/><D113/><U6/><E116/><V44/><F38/><W56/><G118/><T80/><REACH who="0" step="1"/><D66/><REACH who="0" ten="211,251,391,137" step="2"/><U85/><E122/><V135/><F135/><W65/><G112/><T124/><D124/><U61/><E6/><V41/><F126/><W40/><G110/><T100/><AGARI ba="1,1" hai="8,13,16,20,21,46,49,52,75,76,80,98,100,104" machi="100" ten="30,8000,1" yaku="1,1,0,1,54,2,53,1" doraHai="108" doraHaiUra="9" who="0" fromWho="0" sc="211,93,251,-21,391,-41,137,-21" /><INIT seed="3,0,0,0,4,135" ten="304,230,350,116" oya="3" hai0="93,76,128,110,111,102,47,55,28,133,88,67,112" hai1="86,41,19,124,95,108,37,2,57,29,119,45,11" hai2="36,77,81,64,49,109,32,115,51,120,117,26,8" hai3="62,43,87,132,0,101,59,80,46,13,89,15,25"/><W78/><G0/><T118/><D118/><U100/><E124/><V125/><F117/><W85/><G132/><T84/><D133/><U27/><E108/><N who="0" m="41513" /><D128/><U99/><E119/><V9/><F109/><W35/><G101/><T65/><D112/><U23/><E86/><V97/><F36/><W114/><G114/><T123/><D123/><U38/><E38/><V39/><F39/><W4/><G35/><T20/><D76/><U90/><E57/><V12/><F115/><W74/><G25/><N who="0" m="16423" /><D102/><U131/><E131/><V91/><F125/><W50/><G4/><T5/><D5/><U7/><REACH who="1" step="1"/><E100/><REACH who="1" ten="304,220,350,116" step="2"/><V1/><F120/><W60/><G74/><T66/><D66/><U34/><E34/><V113/><F32/><W126/><G126/><T122/><D122/><U53/><E53/><V70/><F64/><N who="3" m="38943" /><G62/><T71/><D71/><U6/><E6/><V79/><F70/><W3/><G3/><T61/><D61/><U127/><E127/><V69/><F69/><W33/><G33/><T68/><D68/><U58/><E58/><V121/><F121/><W130/><G130/><T104/><D67/><U18/><AGARI ba="0,1" hai="2,7,11,18,19,23,27,29,37,41,45,90,95,99" machi="18" ten="30,4000,0" yaku="1,1,0,1,53,1" doraHai="135" doraHaiUra="21" who="1" fromWho="1" sc="304,-10,220,50,350,-10,116,-20" /><INIT seed="4,0,0,0,4,118" ten="294,270,340,96" oya="0" hai0="65,46,39,12,38,34,23,99,15,67,77,112,18" hai1="109,90,52,78,57,119,105,80,97,107,20,49,33" hai2="62,59,60,31,35,83,111,9,123,48,102,103,24" hai3="91,121,25,4,116,3,61,28,89,82,104,47,126"/><T8/><D112/><U101/><E33/><V132/><F111/><W6/><G116/><T125/><D34/><U29/><E109/><V21/><F132/><W87/><G104/><T27/><D125/><U131/><E131/><V76/><F123/><W69/><G126/><T127/><D127/><U19/><E29/><V100/><F48/><W64/><G47/><T106/><D15/><U32/><E32/><V7/><F35/><W74/><G74/><T122/><D122/><U1/><E1/><V124/><F124/><W98/><G3/><T11/><D11/><U43/><E43/><V45/><F45/><W85/><G98/><T0/><D0/><U44/><E44/><V26/><F26/><W41/><G41/><T10/><D10/><U96/><E119/><V115/><F59/><W84/><G84/><T93/><D77/><U75/><E90/><V70/><F70/><W51/><G51/><T55/><D106/><U42/><E42/><V110/><F115/><W17/><G17/><T94/><D94/><U14/><E97/><V79/><F79/><W88/><G89/><N who="0" m="55727" /><D39/><U134/><E134/><V73/><REACH who="2" step="1"/><F110/><REACH who="2" ten="294,270,330,96" step="2"/><W66/><G121/><T56/><D46/><U130/><E130/><V50/><F50/><W63/><G25/><T133/><D133/><U114/><E114/><V71/><F71/><W128/><G128/><T30/><D38/><U16/><E105/><V2/><AGARI ba="0,1" hai="2,7,9,21,24,31,60,62,73,76,83,100,102,103" machi="2" ten="30,2000,0" yaku="1,1,0,1,53,0" doraHai="118" doraHaiUra="81" who="2" fromWho="2" sc="294,-10,270,-5,330,30,96,-5" /><INIT seed="5,0,0,5,2,34" ten="284,265,360,91" oya="1" hai0="44,7,84,46,100,15,101,31,105,1,18,53,118" hai1="67,24,82,22,32,9,127,36,89,135,3,48,63" hai2="125,108,75,115,47,2,117,99,69,56,123,102,29" hai3="76,37,116,66,92,70,40,52,126,83,4,132,0"/><U106/><E127/><V111/><F117/><W10/><G126/><T104/><D118/><U133/><E36/><V124/><F69/><W87/><G116/><T14/><D31/><U11/><E106/><V30/><F123/><W78/><G132/><N who="1" m="50762" /><E32/><V59/><F47/><W120/><G120/><T72/><D72/><U131/><E48/><V8/><F75/><W6/><G6/><T55/><D7/><N who="1" m="1279" /><E11/><V128/><F8/><W42/><G37/><T26/><D26/><U60/><E131/><V16/><F128/><W79/><G92/><T61/><D61/><U71/><E63/><V28/><F124/><W107/><G107/><T17/><REACH who="0" step="1"/><D84/><REACH who="0" ten="274,265,360,91" step="2"/><N who="1" m="50327" /><E24/><V41/><F125/><W35/><G35/><T38/><D38/><U50/><E50/><V112/><F111/><W54/><G66/><T114/><D114/><U25/><E25/><V129/><F108/><W74/><G70/><T119/><D119/><U64/><E64/><V13/><F112/><W113/><G74/><T51/><D51/><U90/><E90/><V58/><F115/><W68/><G68/><T20/><D20/><AGARI ba="0,1" hai="20,22,60,67,71" m="50327,1279,50762" machi="20" ten="30,2900,0" yaku="20,1,52,1" doraHai="34" who="1" fromWho="0" sc="274,-29,265,39,360,0,91,0" /><INIT seed="5,1,0,4,1,20" ten="245,304,360,91" oya="1" hai0="26,92,105,11,119,1,62,110,51,107,101,69,35" hai1="111,134,128,104,45,96,74,52,106,130,84,57,17" hai2="41,95,55,29,125,50,30,85,80,56,54,117,10" hai3="122,37,127,39,73,116,115,99,112,5,24,42,60"/><U40/><E134/><V135/><F117/><W31/><G116/><T97/><D119/><U124/><E74/><V19/><F135/><W71/><G122/><T53/><D110/><U87/><E124/><V114/><F125/><W83/><G5/><T118/><D118/><U102/><E104/><V108/><F108/><W64/><G99/><T43/><D1/><U25/><E111/><V22/><F114/><N who="3" m="43563" /><G42/><T12/><D43/><U38/><E17/><V34/><F34/><N who="3" m="20839" /><G127/><T46/><D62/><N who="1" m="36135" /><E25/><N who="2" m="14559" /><F41/><W120/><G120/><T7/><REACH who="0" step="1"/><D69/><REACH who="0" ten="235,304,360,91" step="2"/><U23/><E23/><V61/><F10/><W59/><G59/><T13/><D13/><U113/><E113/><V77/><F95/><W16/><G83/><T2/><D2/><U88/><E128/><V70/><F70/><W109/><G109/><T14/><D14/><U32/><E130/><V44/><AGARI ba="1,1" hai="29,30,44,50,54,55,56,61,77,80,85" m="14559" machi="44" ten="30,2000,0" yaku="8,1,52,1" doraHai="20" who="2" fromWho="2" sc="235,-6,304,-11,360,33,91,-6" /><INIT seed="6,0,0,0,3,58" ten="229,293,393,85" oya="2" hai0="102,93,41,16,17,76,36,134,35,9,32,50,75" hai1="83,34,15,38,67,47,29,25,18,46,124,2,54" hai2="129,55,131,109,121,80,130,68,89,105,107,110,56" hai3="113,133,96,8,28,99,3,24,22,1,126,71,21"/><V118/><F118/><W88/><G71/><T132/><D36/><U49/><E124/><V86/><F121/><W120/><G120/><T81/><D41/><U48/><E2/><V100/><F68/><W70/><G70/><T101/><D50/><U116/><E116/><V97/><REACH who="2" step="1"/><F107/><REACH who="2" ten="229,293,383,85" step="2"/><W60/><G126/><T19/><D132/><U91/><E38/><V122/><F122/><W117/><G133/><T94/><D134/><U61/><E47/><V59/><F59/><W10/><G117/><T11/><D35/><U115/><E46/><V27/><F27/><W26/><G113/><T123/><D32/><U74/><E25/><V85/><F85/><W20/><G3/><T66/><D123/><U106/><E34/><V51/><AGARI ba="0,1" hai="51,55,56,80,86,89,97,100,105,109,110,129,130,131" machi="51" ten="40,7800,0" yaku="1,1,0,1,19,1,53,0" doraHai="58" doraHaiUra="4" who="2" fromWho="2" sc="229,-26,293,-26,383,88,85,-26" /><INIT seed="6,1,0,2,4,19" ten="203,267,471,59" oya="2" hai0="55,32,50,128,4,115,17,95,114,83,102,29,69" hai1="119,2,15,120,80,81,24,45,44,23,1,33,89" hai2="41,7,64,72,126,130,108,31,38,20,40,79,134" hai3="88,94,98,59,93,53,35,28,103,42,110,8,131"/><V87/><F72/><W68/><G110/><T96/><D69/><U57/><E119/><V48/><F38/><W49/><G131/><T86/><D128/><U51/><E33/><V52/><F130/><W16/><G68/><T107/><D4/><U84/><E120/><V133/><F108/><W67/><G67/><T11/><D29/><U85/><E15/><V56/><F7/><W66/><G66/><T135/><D32/><U100/><E100/><V92/><F64/><W12/><G35/><T112/><D135/><N who="2" m="51722" /><F126/><W36/><G36/><T47/><D17/><U123/><E123/><V73/><F73/><W3/><G3/><T111/><D111/><U90/><E57/><V63/><F63/><W22/><G42/><T76/><REACH who="0" step="1"/><D11/><REACH who="0" ten="193,267,471,59" step="2"/><U9/><E9/><V5/><F5/><W129/><G129/><T13/><D13/><U122/><E122/><V132/><F132/><W117/><G117/><T124/><D124/><U70/><E70/><V62/><F31/><W27/><REACH who="3" step="1"/><G94/><AGARI ba="1,1" hai="47,50,55,76,83,86,94,95,96,102,107,112,114,115" machi="94" ten="40,2600,0" yaku="1,1,15,1,53,0" doraHai="19" doraHaiUra="116" who="0" fromWho="3" sc="193,39,267,0,471,0,59,-29" /><INIT seed="7,0,0,3,1,52" ten="232,267,471,30" oya="3" hai0="106,96,31,11,69,134,47,128,2,92,114,111,132" hai1="125,99,67,42,1,12,82,107,74,117,93,58,61" hai2="127,28,55,66,81,115,129,113,75,109,65,95,0" hai3="79,97,56,119,72,3,83,85,78,46,54,29,8"/><W17/><G119/><T13/><D69/><U51/><E1/><V49/><F109/><W105/><G29/><T87/><D111/><U48/><E125/><V59/><F127/><W98/><G46/><T94/><D2/><U6/><E107/><V70/><F70/><W33/><G33/><T57/><D128/><U71/><E71/><V100/><F0/><W24/><G3/><T135/><D114/><N who="2" m="43530" /><F28/><W19/><G105/><T43/><D31/><U133/><E133/><V4/><F4/><W102/><G72/><T45/><D87/><U124/><E42/><V131/><F100/><W60/><G78/><T68/><D68/><U21/><E124/><V7/><F7/><W38/><G38/><T41/><D106/><U86/><E74/><V5/><F5/><W23/><REACH who="3" step="1"/><G102/><REACH who="3" ten="232,267,471,20" step="2"/><T101/><D47/><U77/><E117/><V26/><F75/><W36/><G36/><T50/><D101/><N who="1" m="60655" /><E6/><V62/><F129/><W18/><G18/><AGARI ba="0,1" hai="12,18,21,48,51,58,61,67,77,82,86" m="60655" machi="18" ten="30,2000,0" yaku="8,1,52,1" doraHai="52" who="1" fromWho="3" sc="232,0,267,30,471,0,20,-20" owari="232,-16.8,297,9.7,471,57.1,0,-50.0" /></mjloggm>