<mjloggm ver="2.3"><GO type="169" lobby="0"/><UN n0="%64%61%6E%6E%63%68%69" n1="%6B%69%72%61%72%69%79%75" n2="%74%77%69%74%63%68" n3="%E3%81%86%E3%81%A1%E3%83%BC" dan="17,16,16,16" rate="2190.84,2112.55,2125.09,2148.98" sx="M,M,M,M"/><TAIKYOKU oya="0"/><INIT seed="0,0,0,5,5,74" ten="250,250,250,250" oya="0" hai0="42,104,86,56,117,55,99,125,40,67,39,60,15" hai1="8,63,95,130,25,79,36,85,3,48,17,43,119" hai2="47,26,69,94,49,54,2,59,124,14,126,91,19" hai3="131,73,92,23,83,9,64,29,77,135,134,108,46"/><T80/><D117/><U62/><E119/><V51/><F2/><W90/><G108/><T87/><D125/><U105/><E105/><V82/><F82/><W22/><G64/><T71/><D104/><U6/><E36/><V37/><F37/><W84/><G131/><T65/><D99/><U16/><E130/><V114/><F69/><W103/><G29/><T10/><D86/><U118/><E118/><V50/><F114/><W133/><G103/><T70/><D70/><U72/><E72/><V102/><F102/><W96/><G73/><T45/><D42/><U21/><E17/><V61/><F26/><W97/><G97/><T121/><D121/><U68/><E68/><V101/><F101/><W89/><G89/><T123/><D123/><U112/><E112/><V5/><F5/><W81/><G81/><T44/><D44/><U113/><E113/><V66/><F126/><W58/><G58/><T88/><REACH who="0" step="1"/><D71/><REACH who="0" ten="240,250,250,250" step="2"/><U35/><E85/><V12/><F124/><W27/><G46/><T120/><D120/><U57/><E43/><V38/><F38/><W30/><REACH who="3" step="1"/><G9/><REACH who="3" ten="240,250,250,240" step="2"/><T128/><D128/><U78/><E8/><V11/><REACH who="2" step="1"/><F12/><REACH who="2" ten="240,250,240,240" step="2"/><W127/><G127/><T116/><D116/><U24/><E3/><V0/><F0/><W52/><G52/><T32/><D32/><AGARI ba="0,3" hai="22,23,27,30,32,77,83,84,90,92,96,133,134,135" machi="32" ten="40,5200,0" yaku="1,1,20,1,52,1,53,0" doraHai="74" doraHaiUra="110" who="3" fromWho="0" sc="240,-52,250,0,240,0,240,82" /><INIT seed="1,0,0,1,4,26" ten="188,250,240,322" oya="1" hai0="13,87,109,80,33,117,56,84,0,12,129,36,90" hai1="15,122,130,8,21,14,91,50,23,16,125,5,115" hai2="127,106,85,44,32,79,11,118,69,82,3,75,116" hai3="97,57,86,43,53,133,37,123,113,4,108,62,10"/><U105/><E115/><V20/><F127/><W6/><G113/><T77/><D117/><U81/><E105/><V27/><F106/><W99/><G123/><T71/><D71/><U111/><E125/><V120/><F120/><W68/><G4/><T67/><D0/><U46/><E122/><V70/><F32/><W40/><G108/><T121/><D121/><U2/><E130/><V124/><F124/><W61/><G43/><T128/><D36/><U96/><E111/><V103/><F103/><W17/><G17/><T126/><D109/><U74/><E74/><V45/><F75/><W28/><G28/><T66/><D126/><U30/><E2/><V73/><F73/><W102/><G102/><T18/><D33/><U78/><E78/><V48/><F44/><W88/><G40/><T72/><D72/><U47/><E50/><V24/><F24/><W132/><G37/><T25/><D25/><N who="1" m="16687" /><E81/><V95/><F116/><W34/><G34/><T64/><D56/><U89/><E96/><V59/><F59/><W22/><G62/><T100/><D100/><U93/><E93/><V7/><F95/><N who="3" m="54679" /><G68/><T83/><REACH who="0" step="1"/><D18/><REACH who="0" ten="178,250,240,322" step="2"/><U1/><E1/><V42/><F118/><W19/><G19/><AGARI ba="0,1" hai="3,7,11,19,20,27,42,45,48,69,70,79,82,85" machi="19" ten="30,1000,0" yaku="7,1" doraHai="26" who="2" fromWho="3" sc="178,0,250,0,240,20,322,-10" /><INIT seed="2,0,0,4,5,61" ten="178,250,260,312" oya="2" hai0="30,22,15,113,80,17,56,73,50,100,25,128,40" hai1="3,43,110,109,83,74,71,58,8,92,57,112,9" hai2="105,107,55,69,48,24,102,72,28,11,116,47,88" hai3="120,32,114,89,46,29,91,37,76,59,94,23,75"/><V36/><F116/><W63/><G32/><T42/><D113/><U35/><E71/><V133/><F133/><W7/><G120/><T5/><D128/><U98/><E35/><V93/><F72/><W38/><G75/><T21/><D100/><U41/><E112/><V124/><F124/><W106/><G76/><T14/><D73/><U12/><E74/><V4/><F102/><W77/><G77/><T119/><D119/><U96/><E12/><V62/><F36/><W108/><G106/><T127/><D127/><U78/><E78/><V84/><F62/><W68/><G68/><T2/><D80/><U10/><E10/><V26/><F69/><W118/><G108/><T20/><D2/><U53/><E53/><V111/><F111/><W132/><G7/><T130/><D130/><U103/><E103/><V64/><F64/><W0/><G0/><T66/><D5/><U97/><E97/><V79/><F79/><W122/><G122/><T134/><D134/><U16/><E3/><V99/><F99/><W115/><G118/><T95/><D95/><U65/><E92/><V81/><F81/><W125/><G94/><T60/><REACH who="0" step="1"/><D50/><REACH who="0" ten="168,250,260,312" step="2"/><U85/><E83/><V126/><F126/><W31/><G125/><T49/><D49/><U101/><E101/><V45/><F45/><W121/><G132/><T129/><D129/><U87/><E110/><V131/><F131/><W86/><G121/><T27/><D27/><U6/><E109/><V52/><F26/><W117/><G115/><T34/><D34/><U90/><E6/><V70/><F24/><W18/><G114/><RYUUKYOKU ba="0,1" sc="168,30,250,-10,260,-10,312,-10" hai0="14,15,17,20,21,22,25,30,40,42,56,60,66" /><INIT seed="3,1,1,2,2,122" ten="198,240,250,302" oya="3" hai0="80,6,91,114,69,98,82,25,112,70,51,84,47" hai1="128,74,61,18,96,52,77,111,118,42,125,9,45" hai2="20,117,119,113,21,115,132,100,54,0,101,88,75" hai3="66,10,110,49,67,102,12,126,94,95,131,60,86"/><W56/><G126/><T58/><D6/><U14/><E125/><V35/><F35/><W129/><G67/><T134/><D134/><U90/><E128/><N who="3" m="49226" /><G102/><T123/><D123/><U37/><E118/><V50/><F0/><W106/><G106/><T16/><D98/><U22/><E74/><V97/><F75/><W76/><G110/><T73/><D58/><U1/><E77/><V17/><F17/><N who="3" m="8343" /><G49/><T104/><D104/><U30/><E111/><V34/><F34/><W130/><G130/><T29/><D80/><AGARI ba="1,1" hai="56,60,66,76,80,86,94,95" m="8343,49226" machi="80" ten="30,1500,0" yaku="19,1" doraHai="122" who="3" fromWho="0" sc="198,-18,240,0,250,0,302,28" /><INIT seed="3,2,0,4,0,131" ten="180,240,250,330" oya="3" hai0="34,130,119,72,65,106,19,113,61,120,50,99,39" hai1="100,59,101,90,15,123,41,48,43,9,108,46,122" hai2="47,30,40,38,42,127,6,107,53,81,20,4,135" hai3="88,68,60,126,29,111,86,83,11,27,79,121,132"/><W124/><G121/><T8/><D39/><U51/><E108/><V117/><F117/><W92/><G111/><T110/><D72/><U55/><E123/><V28/><F107/><W129/><G129/><T98/><D34/><U103/><E122/><V109/><F109/><W62/><G11/><T118/><D110/><U64/><E64/><V93/><F93/><W3/><G3/><T13/><D120/><U31/><E31/><V112/><F112/><W1/><G132/><T77/><D113/><U95/><E41/><V96/><F127/><N who="3" m="48683" /><G1/><T74/><D130/><U37/><E37/><V57/><F42/><W63/><G68/><T23/><D106/><U71/><E71/><V16/><F81/><W73/><G62/><T87/><D74/><U67/><E67/><V133/><F96/><W78/><G79/><T49/><D118/><U2/><E2/><V22/><F22/><AGARI ba="2,0" hai="22,27,29,60,63,73,78,83,86,88,92" m="48683" machi="22" ten="30,2900,0" yaku="18,1,54,1" doraHai="131" who="3" fromWho="2" sc="180,0,240,0,250,-35,330,35" /><INIT seed="3,3,0,2,4,67" ten="180,240,215,365" oya="3" hai0="26,94,66,21,14,99,132,23,96,108,69,83,13" hai1="41,5,46,135,65,126,77,19,32,104,20,91,2" hai2="131,95,50,48,86,55,121,4,36,127,112,85,53" hai3="73,25,79,124,62,118,130,114,98,40,10,125,15"/><W30/><G118/><T90/><D108/><U57/><E104/><V38/><F121/><W18/><G114/><T8/><D132/><U39/><E32/><V31/><F112/><W28/><G40/><T12/><D83/><U92/><E135/><V35/><F4/><W81/><G130/><T45/><D45/><U16/><E126/><V122/><F122/><W37/><G37/><T0/><D0/><U58/><E77/><V84/><F131/><W133/><G133/><T74/><D74/><U71/><E5/><V24/><F127/><N who="3" m="48715" /><G25/><T113/><D113/><U102/><E102/><V80/><F95/><W52/><G98/><T68/><D66/><U97/><E2/><V3/><F3/><W117/><G117/><T27/><D8/><U29/><E29/><V7/><F7/><W43/><G43/><T109/><D109/><U103/><E103/><V111/><F111/><W9/><G9/><T88/><D13/><U63/><REACH who="1" step="1"/><E19/><REACH who="1" ten="180,230,215,365" step="2"/><V56/><REACH who="2" step="1"/><F80/><REACH who="2" ten="180,230,205,365" step="2"/><W70/><G81/><T128/><D128/><U120/><E120/><V129/><F129/><W116/><G116/><T34/><D94/><U93/><E93/><V115/><F115/><W60/><G18/><T106/><D34/><U89/><E89/><V101/><F101/><W44/><G30/><T123/><D123/><U1/><E1/><V119/><F119/><W47/><G28/><T61/><D106/><U75/><E75/><V54/><F54/><W33/><G52/><T134/><D134/><U105/><E105/><V72/><F72/><W42/><G73/><T59/><D61/><U107/><E107/><RYUUKYOKU ba="3,2" sc="180,10,230,10,205,10,365,-30" hai0="12,14,21,23,26,27,59,68,69,88,90,96,99" hai1="16,20,39,41,46,57,58,63,65,71,91,92,97" hai2="24,31,35,36,38,48,50,53,55,56,84,85,86" /><INIT seed="4,4,2,2,4,109" ten="190,240,215,335" oya="0" hai0="63,102,0,17,16,99,89,67,81,76,34,71,82" hai1="104,77,55,96,57,47,27,74,56,44,103,115,49" hai2="124,83,46,28,106,135,36,18,84,66,26,50,122" hai3="118,132,8,78,117,75,93,107,5,68,86,111,69"/><T90/><D0/><U42/><E27/><V54/><F122/><W32/><G107/><T15/><D34/><U123/><E123/><V19/><F135/><W1/><G111/><T125/><D125/><U73/><E115/><V62/><F106/><W128/><G128/><T39/><D39/><U9/><E9/><V131/><F124/><W92/><G86/><T127/><D127/><U126/><E126/><V101/><F101/><W97/><G93/><T72/><D82/><U40/><E77/><V105/><F105/><W25/><G132/><T30/><D30/><U65/><E65/><V12/><F36/><W100/><G78/><T22/><REACH who="0" step="1"/><D17/><REACH who="0" ten="180,240,215,335" step="2"/><U23/><E73/><V2/><F2/><W33/><G75/><T70/><D70/><U51/><E74/><V94/><F131/><W35/><G69/><T120/><D120/><U38/><E23/><V64/><F83/><W79/><G68/><T7/><D7/><U53/><E38/><V110/><F19/><W61/><G35/><T87/><D87/><U13/><E13/><V31/><F110/><W60/><G33/><T37/><D37/><U133/><E133/><V108/><F108/><W29/><G79/><T3/><D3/><U95/><E96/><V6/><F18/><W129/><G129/><T134/><D134/><U130/><E130/><V121/><F28/><W41/><G32/><T24/><D24/><U58/><E40/><V43/><F43/><W80/><G41/><T48/><D48/><U85/><E42/><V113/><F31/><W98/><G98/><T59/><D59/><U114/><E58/><RYUUKYOKU ba="4,3" sc="180,30,240,-10,215,-10,335,-10" hai0="15,16,22,63,67,71,72,76,81,89,90,99,102" /><INIT seed="4,5,3,3,5,88" ten="210,230,205,325" oya="0" hai0="72,37,1,4,115,127,3,68,63,135,30,103,67" hai1="120,126,133,43,50,24,108,113,55,15,93,12,40" hai2="78,107,73,86,95,87,51,104,52,99,119,21,102" hai3="44,116,66,54,110,18,38,17,34,122,45,80,128"/><T62/><D115/><U20/><E120/><V97/><F21/><W13/><G110/><T32/><D127/><U0/><E0/><V5/><F5/><W59/><G34/><T60/><D60/><U105/><E105/><N who="2" m="63695" /><F51/><W29/><G128/><T109/><D109/><U79/><E108/><V82/><F52/><W41/><G116/><T118/><D118/><U89/><E113/><V91/><F119/><W42/><G29/><T35/><D135/><U2/><E133/><V14/><F14/><N who="1" m="5161" /><E126/><V132/><F132/><W47/><G66/><T69/><D37/><U117/><E2/><V100/><F107/><W46/><G80/><T90/><D90/><U121/><E121/><V129/><F129/><W70/><G70/><T101/><D72/><AGARI ba="5,3" hai="72,73,78,82,86,87,91,95,99,100,104" m="63695" machi="72" ten="30,12000,2" yaku="35,5,52,1" doraHai="88" who="2" fromWho="0" sc="210,-135,230,0,205,165,325,0" /><INIT seed="5,0,0,1,3,104" ten="75,230,370,325" oya="1" hai0="125,10,30,122,124,59,93,65,110,74,50,17,57" hai1="126,40,134,131,103,78,27,56,66,95,135,73,117" hai2="76,67,79,96,54,52,112,128,132,116,7,43,34" hai3="68,63,81,48,1,114,13,89,11,60,86,83,77"/><U14/><E117/><V108/><F116/><W109/><G1/><T41/><D74/><U98/><E126/><V64/><F108/><W21/><G68/><T44/><D110/><U92/><E131/><V107/><F128/><W28/><G114/><T119/><D119/><U22/><E14/><V129/><F132/><N who="1" m="50729" /><E40/><V100/><F129/><W49/><G109/><T36/><D30/><N who="1" m="17783" /><E56/><V0/><F34/><W82/><G21/><T123/><D93/><N who="1" m="58831" /><E66/><V75/><F112/><W99/><G99/><T16/><D10/><U58/><E58/><V26/><F26/><W62/><G28/><T35/><D35/><U39/><E39/><V23/><F43/><W85/><REACH who="3" step="1"/><G83/><AGARI ba="0,0" hai="73,78,83,92,95" m="58831,17783,50729" machi="83" ten="30,2900,0" yaku="20,1,52,1" doraHai="104" who="1" fromWho="3" sc="75,0,230,29,370,0,325,-29" /><INIT seed="5,1,0,5,1,110" ten="75,259,370,296" oya="1" hai0="8,28,12,90,61,63,92,1,45,78,13,74,112" hai1="7,9,108,18,99,79,121,37,72,120,22,124,133" hai2="32,132,128,50,4,116,59,114,2,35,51,5,27" hai3="29,91,125,47,82,83,6,11,88,129,68,31,14"/><U101/><E108/><V131/><F116/><W20/><G68/><T94/><D1/><U48/><E124/><V73/><F73/><W104/><G104/><T62/><D28/><N who="3" m="10825" /><G129/><N who="2" m="49737" /><F114/><W100/><G100/><T41/><D74/><U23/><E37/><V33/><F132/><W57/><G47/><T70/><D70/><U40/><E133/><V10/><F4/><W102/><G102/><T118/><D78/><U42/><E72/><V52/><F27/><W77/><G83/><T66/><D66/><U84/><E121/><V106/><F106/><W36/><G36/><T46/><D118/><U96/><E120/><V30/><F30/><W53/><G20/><T75/><D75/><U123/><E123/><V89/><F89/><W105/><G105/><T55/><D55/><U26/><E23/><V0/><F0/><W65/><G65/><T69/><D69/><U135/><E135/><V67/><F67/><W39/><G39/><T95/><D90/><U87/><E101/><V103/><F103/><W134/><G125/><T60/><N who="0" m="15360" /><DORA hai="119" /><T76/><D76/><U97/><E79/><V38/><F38/><W126/><G126/><T17/><D41/><N who="1" m="15979" /><E48/><AGARI ba="1,0" hai="2,5,10,32,33,35,48,50,51,52,59" m="49737" machi="48" ten="40,2600,0" yaku="19,1,54,1" doraHai="110,119" who="2" fromWho="1" sc="75,0,259,-29,370,29,296,0" /><INIT seed="6,0,0,4,0,99" ten="75,230,399,296" oya="2" hai0="114,59,12,31,37,41,85,42,121,119,56,68,58" hai1="10,0,27,116,79,11,72,22,29,2,51,71,91" hai2="109,63,18,130,15,134,125,70,111,28,101,113,82" hai3="9,103,88,90,73,122,74,86,115,77,26,107,120"/><V53/><F113/><W48/><G115/><T100/><D114/><U34/><E71/><V30/><F130/><W132/><G26/><T108/><D108/><U92/><E116/><V89/><F134/><W110/><G110/><N who="2" m="41993" /><F125/><W97/><G9/><T20/><D68/><U67/><E67/><N who="2" m="41343" /><F53/><W95/><G48/><T66/><D66/><U83/><E0/><V124/><F101/><W126/><G126/><T21/><D121/><N who="3" m="46697" /><G77/><T39/><D119/><U112/><E112/><V96/><F124/><W54/><G54/><T129/><D129/><U69/><E69/><V44/><F44/><W81/><G132/><T104/><D85/><AGARI ba="0,0" hai="73,74,81,85,86,88,90,95,97,103,107" m="46697" machi="85" ten="30,7700,0" yaku="34,2,52,1,54,1" doraHai="99" who="3" fromWho="0" sc="75,-77,230,0,399,0,296,77" owari="-2,-50.2,230,-17.0,399,49.9,373,17.3" /></mjloggm>