<mjloggm ver="2.3"><GO type="169" lobby="0"/><UN n0="%73%68%6F%67%6F%6F" n1="%74%73%75%72%75%68%6F" n2="%68%69%73%61%74%6F%E6%A3%92" n3="%43%68%61%72%6F%2E" dan="16,16,16,16" rate="2078.29,2161.37,2049.30,2162.67" sx="M,M,M,M"/><TAIKYOKU oya="0"/><INIT seed="0,0,0,4,0,85" ten="250,250,250,250" oya="0" hai0="62,36,48,37,14,4,74,66,0,105,51,86,72" hai1="122,40,32,12,25,119,47,118,63,128,26,17,117" hai2="103,78,9,116,38,42,134,52,29,57,27,18,31" hai3="120,124,33,91,100,67,69,39,96,54,99,45,6"/><T132/><D0/><U53/><E122/><V7/><F134/><W19/><G33/><T35/><D35/><U81/><E128/><V28/><F103/><W56/><G6/><T94/><D105/><U44/><E32/><V123/><F123/><W43/><G124/><T102/><D132/><U88/><E63/><V5/><F78/><W93/><G120/><T108/><D108/><U80/><E47/><V15/><F27/><W77/><G77/><T60/><D60/><U104/><E104/><V59/><F57/><W133/><G133/><T90/><D102/><U135/><E80/><V79/><F42/><W71/><G19/><T16/><D4/><U125/><E125/><V83/><F38/><W20/><G20/><T129/><D129/><U114/><E114/><V109/><F116/><W110/><G67/><T65/><D65/><U89/><E135/><V107/><F107/><W13/><G13/><T2/><D2/><U75/><E53/><V64/><F64/><W112/><G110/><T23/><D37/><U97/><E75/><V87/><REACH who="2" step="1"/><F109/><REACH who="2" ten="250,250,240,250" step="2"/><W70/><G112/><T113/><D36/><U98/><E119/><V76/><F76/><W41/><G41/><T22/><D113/><U34/><E118/><V1/><F1/><W24/><G24/><N who="1" m="9322" /><E34/><V84/><F84/><N who="3" m="52455" /><G100/><T11/><D74/><U92/><E117/><V49/><AGARI ba="0,1" hai="5,7,9,15,18,28,29,31,49,52,59,79,83,87" machi="49" ten="30,7900,0" yaku="1,1,0,1,8,1,54,1,53,0" doraHai="85" doraHaiUra="61" who="2" fromWho="2" sc="250,-39,250,-20,240,89,250,-20" /><INIT seed="1,0,0,1,0,134" ten="211,230,329,230" oya="1" hai0="34,131,55,105,76,112,121,28,4,88,102,108,5" hai1="22,128,39,50,120,69,42,61,57,6,82,8,97" hai2="72,74,100,130,45,75,86,109,93,95,122,89,64" hai3="9,70,116,107,0,18,124,96,54,15,10,98,87"/><U77/><E128/><V16/><F122/><W44/><G70/><T66/><D121/><U115/><E120/><V1/><F1/><W25/><G116/><T114/><D131/><U29/><E115/><V117/><F117/><W92/><G25/><T84/><D76/><U80/><E39/><V35/><F35/><W2/><G87/><T79/><D79/><U123/><E123/><V110/><F64/><W33/><G33/><T32/><D108/><N who="2" m="41578" /><F45/><W113/><G113/><T26/><D34/><U46/><E69/><V111/><F111/><W132/><G132/><T91/><D91/><U104/><E104/><V67/><F67/><W37/><G107/><T31/><D31/><U125/><E97/><N who="2" m="59455" /><F16/><W19/><G37/><T14/><D66/><U52/><E77/><V133/><F130/><W101/><G44/><T68/><D68/><U49/><E61/><V48/><F48/><W36/><G36/><T60/><D5/><U78/><E78/><V62/><F62/><W17/><G54/><T21/><D60/><U103/><E103/><V59/><F59/><W99/><G101/><T94/><D55/><U127/><E22/><V71/><F71/><W53/><G53/><T85/><D85/><U129/><E29/><V81/><F133/><W11/><G15/><T83/><D105/><U135/><E129/><V126/><F81/><N who="1" m="31337" /><E135/><V119/><F119/><W90/><G0/><T106/><D106/><U12/><E50/><V13/><F13/><W73/><G2/><T27/><D14/><U40/><E57/><V7/><F7/><W63/><G63/><T47/><D4/><RYUUKYOKU ba="0,0" sc="211,-15,230,15,329,15,230,-15" hai1="6,8,12,40,42,46,49,52,125,127" hai2="72,74,75,86,89,93,126" /><INIT seed="1,1,0,0,0,58" ten="196,245,344,215" oya="1" hai0="129,87,127,110,115,2,89,132,20,130,96,70,93" hai1="61,86,69,81,112,79,98,49,73,41,10,106,64" hai2="32,105,135,109,83,25,40,74,13,21,120,55,18" hai3="133,3,107,67,27,114,12,103,118,53,100,7,124"/><U30/><E112/><V22/><F32/><W66/><G3/><T108/><D2/><U1/><E30/><V94/><F105/><W60/><G114/><T78/><D70/><U35/><E35/><V38/><F109/><N who="0" m="42090" /><D115/><U44/><E86/><V82/><F135/><W80/><G133/><T117/><D20/><U52/><E41/><V119/><F119/><W123/><G124/><T23/><D23/><U116/><E116/><V50/><F74/><W76/><G27/><T92/><D132/><U31/><E31/><V134/><F120/><W17/><G7/><T101/><D117/><U126/><E126/><V14/><F14/><W71/><G123/><T85/><D127/><U125/><E125/><V16/><F134/><W33/><G33/><T84/><D78/><U5/><REACH who="1" step="1"/><E106/><REACH who="1" ten="196,235,344,215" step="2"/><V29/><F29/><W54/><G107/><T72/><D72/><U28/><E28/><V99/><F40/><W8/><G118/><T63/><D87/><U37/><E37/><V48/><F38/><W62/><G54/><T95/><D85/><U97/><AGARI ba="1,1" hai="1,5,10,44,49,52,61,64,69,73,79,81,97,98" machi="97" ten="30,11700,0" yaku="1,1,0,1,52,1,54,1,53,0" doraHai="58" doraHaiUra="24" who="1" fromWho="1" sc="196,-40,235,130,344,-40,215,-40" /><INIT seed="1,2,0,0,0,16" ten="156,365,304,175" oya="1" hai0="128,58,78,106,18,69,0,65,86,112,32,8,59" hai1="7,19,34,12,11,76,91,73,77,125,48,132,131" hai2="15,87,70,27,120,135,85,82,45,101,108,107,49" hai3="93,72,17,41,95,6,90,37,133,122,96,75,67"/><U105/><E105/><V29/><F70/><W42/><G122/><T134/><D112/><U53/><E131/><V22/><F108/><W89/><G133/><T28/><D106/><U36/><E36/><V20/><F107/><W103/><G6/><T98/><D128/><U81/><E132/><V38/><F38/><W43/><G37/><T63/><D134/><U4/><E125/><V84/><F101/><W24/><G67/><T61/><D98/><U2/><E34/><V110/><F120/><W26/><G103/><T62/><D32/><U10/><E77/><V68/><F68/><W39/><G39/><T30/><D0/><U113/><E113/><V117/><F117/><W94/><G17/><T80/><D69/><U50/><E91/><V23/><F15/><W47/><G47/><T14/><REACH who="0" step="1"/><D62/><REACH who="0" ten="146,365,304,175" step="2"/><U64/><E2/><V116/><F135/><W40/><G96/><T127/><D127/><U13/><E4/><V52/><F110/><W57/><G57/><T46/><D46/><U97/><E97/><V124/><F124/><W31/><N who="3" m="10240" /><DORA hai="121" /><W102/><G102/><T25/><D25/><N who="3" m="9833" /><G31/><T55/><AGARI ba="2,1" hai="8,14,18,28,30,55,58,59,61,63,65,78,80,86" machi="55" ten="20,5200,0" yaku="1,1,0,1,7,1,8,1,53,0" doraHai="16,121" doraHaiUra="118,92" who="0" fromWho="0" sc="146,68,365,-28,304,-15,175,-15" /><INIT seed="2,0,0,5,3,8" ten="214,337,289,160" oya="2" hai0="72,29,128,48,41,26,19,3,111,60,49,13,20" hai1="16,30,119,87,24,126,54,104,35,59,4,47,116" hai2="102,109,11,56,114,127,131,97,36,122,42,45,33" hai3="76,21,14,93,64,0,50,108,68,9,95,91,31"/><V74/><F122/><W12/><G108/><T113/><D113/><U86/><E104/><V107/><F114/><W61/><G76/><T66/><D72/><U15/><E126/><V123/><F123/><W120/><G120/><T7/><D111/><U88/><E4/><V105/><F105/><W134/><G134/><T85/><D85/><U55/><E87/><V6/><F131/><W23/><G0/><T118/><D118/><U115/><E47/><V94/><F94/><W44/><G95/><T69/><D41/><U17/><E17/><V46/><F46/><W117/><G117/><T27/><D27/><U39/><E54/><V57/><F127/><W43/><G50/><T100/><D100/><U83/><E39/><V84/><F33/><W63/><G63/><T135/><D135/><U37/><E37/><V90/><F74/><W81/><G81/><T22/><REACH who="0" step="1"/><D128/><REACH who="0" ten="204,337,289,160" step="2"/><U52/><E115/><V110/><F109/><W70/><G43/><T34/><D34/><U79/><E79/><V53/><F110/><W2/><G31/><T106/><D106/><U98/><E98/><V99/><F97/><W121/><G121/><T71/><D71/><U133/><E133/><V67/><F84/><W40/><G70/><T82/><D82/><U96/><E96/><V103/><F102/><W32/><G32/><T89/><D89/><U80/><E80/><V1/><F90/><W112/><G91/><T38/><D38/><U101/><E101/><V28/><F103/><W77/><G112/><T51/><D51/><U125/><E119/><V25/><F107/><W18/><G68/><RYUUKYOKU ba="0,1" sc="204,30,337,-10,289,-10,160,-10" hai0="3,7,13,19,20,22,26,29,48,49,60,66,69" /><INIT seed="3,1,1,4,1,79" ten="234,327,279,150" oya="3" hai0="54,49,1,117,115,7,30,91,6,20,55,132,3" hai1="69,134,72,88,102,95,90,109,40,110,73,65,60" hai2="122,58,112,78,92,45,97,80,11,33,4,16,87" hai3="14,10,94,51,119,35,61,8,66,118,37,103,101"/><W133/><G37/><T82/><D117/><U43/><E102/><V39/><F33/><W24/><G133/><T70/><D132/><U12/><E134/><V29/><F29/><W83/><G51/><T124/><D70/><U81/><E12/><V99/><F99/><W21/><G35/><T121/><D121/><U128/><E128/><V31/><F31/><W25/><G94/><T84/><D124/><U41/><E90/><V114/><F58/><W107/><G107/><T15/><D55/><U135/><E135/><V86/><F87/><W67/><G61/><T106/><D106/><U13/><E13/><V104/><F104/><W22/><REACH who="3" step="1"/><G14/><REACH who="3" ten="234,327,279,140" step="2"/><T120/><D3/><U2/><E2/><V111/><F39/><W19/><G19/><N who="0" m="10367" /><D1/><U77/><REACH who="1" step="1"/><E72/><REACH who="1" ten="234,317,279,140" step="2"/><V75/><F75/><W93/><G93/><T68/><D120/><U74/><E74/><V36/><F122/><W129/><G129/><T53/><D115/><U28/><E28/><V50/><F112/><W56/><G56/><T76/><D30/><U5/><E5/><V44/><F114/><W63/><G63/><T62/><D7/><U34/><E34/><V71/><F4/><W47/><G47/><N who="0" m="27839" /><D6/><U126/><E126/><V131/><F45/><W26/><G26/><T38/><D62/><U0/><E0/><V127/><F44/><W18/><G18/><T100/><D38/><U46/><E46/><V116/><F36/><W48/><G48/><T17/><D17/><U27/><E27/><V9/><F16/><W89/><G89/><T59/><D91/><U98/><AGARI ba="1,3" hai="40,41,43,60,65,69,73,77,81,88,95,98,109,110" machi="98" ten="30,7900,0" yaku="1,1,0,1,52,1,54,1,53,0" doraHai="79" doraHaiUra="113" who="1" fromWho="1" sc="234,-21,317,112,279,-21,140,-40" /><INIT seed="4,0,0,5,3,34" ten="213,429,258,100" oya="0" hai0="99,35,98,41,105,3,24,131,69,95,71,1,51" hai1="29,111,92,70,28,74,114,124,26,84,129,14,7" hai2="68,112,33,63,38,57,66,54,62,46,104,16,56" hai3="19,60,6,18,10,48,134,15,2,36,132,0,117"/><T9/><D105/><U106/><E70/><V119/><F104/><W110/><G36/><T43/><D131/><U78/><E111/><V94/><F33/><W73/><G73/><T4/><D99/><U102/><E26/><V126/><F94/><W122/><G60/><T58/><D3/><N who="3" m="1065" /><G48/><T101/><D43/><U44/><E44/><V116/><F16/><N who="3" m="6187" /><G110/><T64/><D64/><U5/><E74/><V91/><F91/><W76/><G76/><T127/><D41/><U103/><E14/><V27/><F27/><W50/><G50/><T135/><D51/><U133/><E78/><V52/><F126/><W130/><G130/><T61/><D127/><U23/><E106/><V85/><F85/><W107/><G107/><T40/><D40/><U21/><E124/><V49/><F112/><W88/><G88/><T81/><D81/><U65/><E114/><V118/><F38/><W20/><G117/><T67/><D135/><N who="3" m="51753" /><G20/><T8/><D8/><U96/><E21/><V125/><F125/><W13/><G122/><T75/><D75/><U39/><E23/><V79/><F79/><W120/><G120/><T11/><D11/><U55/><E39/><V32/><F32/><W83/><G83/><T121/><D121/><U30/><E129/><V100/><F100/><W108/><G108/><T25/><D35/><U109/><E103/><V37/><F37/><W77/><G77/><T97/><D98/><U90/><E109/><V86/><F86/><W12/><AGARI ba="0,0" hai="6,10,12,13,15" m="51753,6187,1065" machi="12" ten="40,12000,2" yaku="20,1,34,2,52,3,54,1" doraHai="34" who="3" fromWho="3" sc="213,-60,429,-30,258,-30,100,120" /><INIT seed="5,0,0,1,4,52" ten="153,399,228,220" oya="1" hai0="25,84,97,36,59,105,61,69,1,93,128,21,106" hai1="29,3,57,14,78,23,58,12,96,64,100,42,89" hai2="39,46,116,51,26,37,2,104,110,43,11,4,71" hai3="9,83,133,63,7,27,118,75,40,115,114,54,41"/><U123/><E3/><V38/><F104/><W50/><G63/><T79/><D1/><U129/><E123/><V108/><F71/><W98/><G133/><T45/><D69/><U82/><E129/><V15/><F116/><W77/><G27/><T124/><D128/><U62/><E42/><V119/><F119/><W47/><G98/><T56/><D124/><U103/><E89/><V53/><F26/><W91/><G91/><T65/><D36/><U67/><E29/><V125/><F125/><W49/><G118/><T24/><D45/><U68/><E23/><V70/><F70/><W55/><G115/><T135/><D135/><U35/><E35/><V5/><F5/><W10/><G114/><T92/><D105/><U88/><E68/><V80/><F2/><W18/><G18/><T102/><D25/><U113/><E88/><V33/><F33/><W17/><G17/><T8/><D8/><U73/><E113/><V13/><F13/><W0/><REACH who="3" step="1"/><G10/><REACH who="3" ten="153,399,228,210" step="2"/><T120/><D120/><U126/><E126/><V131/><F131/><W122/><G122/><T30/><D79/><U86/><E96/><V32/><F32/><W85/><G85/><T66/><D84/><U6/><E6/><V112/><F112/><W130/><G130/><T99/><D97/><U74/><E86/><V134/><F134/><W31/><G31/><T87/><D87/><U117/><E117/><V121/><F121/><W111/><G111/><T20/><D21/><U95/><E62/><AGARI ba="0,1" hai="20,24,30,56,59,61,62,65,66,92,93,99,102,106" machi="62" ten="40,5200,0" yaku="9,1,52,2" doraHai="52" who="0" fromWho="1" sc="153,62,399,-52,228,0,210,0" /><INIT seed="6,0,0,1,2,132" ten="215,347,228,210" oya="2" hai0="127,66,19,67,35,135,98,86,90,2,87,21,128" hai1="91,96,33,65,9,61,130,39,64,0,108,84,125" hai2="95,131,134,24,54,47,45,111,60,88,133,119,116" hai3="50,18,28,124,94,6,3,12,30,46,121,58,82"/><V71/><F131/><W63/><G121/><T110/><D135/><N who="2" m="51722" /><F24/><W48/><G124/><T44/><D110/><U5/><E108/><V81/><F81/><W80/><G6/><T78/><D127/><U55/><E125/><V26/><F26/><W97/><G3/><T41/><D35/><U10/><E33/><V59/><F71/><W105/><G105/><T27/><D2/><U43/><E130/><V62/><F62/><W56/><G56/><T74/><D74/><U34/><E34/><V69/><F69/><W75/><G75/><T85/><D128/><U126/><E126/><V72/><F72/><W57/><G57/><T38/><REACH who="0" step="1"/><D78/><REACH who="0" ten="205,347,228,210" step="2"/><U8/><E0/><V4/><F111/><W68/><G68/><T109/><D109/><U37/><E5/><V122/><F4/><W103/><G28/><T93/><AGARI ba="0,1" hai="19,21,27,38,41,44,66,67,85,86,87,90,93,98" machi="93" ten="30,2000,0" yaku="1,1,0,1,53,0" doraHai="132" doraHaiUra="99" who="0" fromWho="0" sc="205,30,347,-5,228,-10,210,-5" /><INIT seed="7,0,0,0,2,94" ten="235,342,218,205" oya="3" hai0="65,10,67,46,71,28,41,114,20,87,102,58,95" hai1="98,109,108,19,50,25,86,135,127,27,15,89,73" hai2="134,48,77,12,0,123,96,79,39,121,34,5,82" hai3="91,21,54,128,72,45,126,100,119,38,1,111,3"/><W117/><G72/><T69/><D69/><U116/><E73/><V106/><F39/><W32/><G32/><T22/><D71/><U81/><E135/><V99/><F34/><W118/><G126/><T33/><D33/><U76/><E127/><V52/><F0/><W124/><G124/><T30/><D10/><U129/><E129/><V90/><F90/><W70/><G70/><T60/><D67/><U2/><E2/><V7/><F12/><W13/><G128/><T37/><D114/><U120/><E120/><N who="2" m="46155" /><F106/><W115/><G115/><T47/><D87/><U42/><E116/><V26/><F26/><W40/><G111/><T93/><D47/><N who="1" m="25975" /><E109/><V49/><F49/><W130/><G130/><T125/><D125/><U101/><E101/><V16/><F16/><W103/><G1/><T104/><D104/><U105/><E105/><V80/><F79/><W23/><G3/><T112/><D112/><U36/><E36/><V88/><F80/><W59/><G38/><T107/><D107/><U51/><E51/><V63/><F63/><W9/><G117/><T8/><D8/><N who="1" m="6631" /><E108/><V83/><F82/><W29/><G118/><T64/><D64/><U18/><E18/><V24/><F77/><W97/><G119/><T85/><D102/><N who="3" m="38953" /><G29/><N who="0" m="11371" /><D85/><U43/><E43/><V74/><F74/><W122/><G122/><T53/><D65/><U44/><E44/><N who="2" m="27655" /><F134/><W14/><G14/><T75/><D75/><U57/><E57/><V68/><F68/><W17/><G45/><T11/><D11/><U131/><E131/><V66/><F66/><W56/><G59/><T6/><D6/><RYUUKYOKU ba="0,0" sc="235,15,342,15,218,-15,205,-15" hai0="20,22,37,41,46,53,58,60,93,95" hai1="25,27,76,81,86,89,98" owari="250,5.0,357,45.7,203,-19.7,190,-31.0" /></mjloggm>