<mjloggm ver="2.3"><GO type="169" lobby="0"/><UN n0="%E3%81%97%E3%81%BE%E3%81%A0%E3%81%BE%32" n1="%E7%BD%AA%E5%88%91%E6%B3%95%E5%AE%9A%E4%B8%BB%E7%BE%A9" n2="%48%69%62%69%6B%69" n3="%68%7A%63" dan="16,17,16,18" rate="2131.02,2192.58,2103.28,2230.23" sx="M,M,F,F"/><TAIKYOKU oya="0"/><INIT seed="0,0,0,5,2,77" ten="250,250,250,250" oya="0" hai0="3,5,104,48,110,41,74,19,101,35,30,125,120" hai1="61,21,87,22,106,44,105,123,72,126,4,100,15" hai2="6,97,84,71,18,63,90,20,130,45,29,27,67" hai3="53,121,117,40,122,131,47,89,49,91,115,16,37"/><T76/><D120/><N who="3" m="46185" /><G115/><T11/><D48/><U85/><E123/><V26/><F130/><W119/><G131/><T124/><D41/><U32/><E32/><V128/><F128/><W78/><G78/><T86/><D86/><U135/><E72/><V102/><F6/><W8/><G91/><T70/><D19/><U94/><E135/><V114/><F45/><N who="3" m="23695" /><G89/><T92/><D92/><U83/><E44/><V79/><F79/><W31/><G31/><T24/><D70/><U103/><E61/><V62/><F63/><W12/><AGARI ba="0,0" hai="8,12,16,47,49,53,117,119" m="23695,46185" machi="12" ten="30,2000,0" yaku="13,1,54,1" doraHai="77" who="3" fromWho="3" sc="250,-10,250,-5,250,-5,250,20" /><INIT seed="1,0,0,0,4,81" ten="240,245,245,270" oya="1" hai0="118,16,54,49,108,117,38,61,97,125,89,22,99" hai1="128,124,82,85,80,106,52,55,10,47,65,27,13" hai2="31,26,66,87,39,7,48,73,130,21,74,23,123" hai3="93,75,122,116,19,1,18,95,103,98,71,69,60"/><U43/><E106/><V64/><F39/><W36/><G75/><T40/><D108/><U41/><E124/><V6/><F48/><W28/><G122/><T46/><D125/><U100/><E128/><V79/><F130/><W57/><G36/><T34/><D34/><U126/><E126/><V4/><F123/><W53/><G1/><T58/><D97/><U112/><E112/><V115/><F115/><W51/><G116/><T135/><D135/><U12/><E100/><V134/><F134/><W72/><G72/><T30/><D30/><U101/><E101/><V42/><F42/><N who="1" m="15881" /><E65/><V67/><REACH who="2" step="1"/><F23/><REACH who="2" ten="240,245,235,270" step="2"/><W105/><G51/><T90/><D38/><U129/><E129/><V107/><F107/><W120/><G105/><T17/><D117/><U91/><E47/><V0/><F0/><W45/><G45/><T84/><D118/><U119/><E119/><V14/><F14/><N who="1" m="5737" /><E10/><V78/><F78/><W37/><G37/><T96/><D22/><U109/><E109/><V86/><F86/><W70/><G120/><T9/><D9/><U102/><E27/><V20/><F20/><W32/><G32/><T110/><D110/><U59/><E102/><V62/><F62/><W44/><G44/><T77/><D96/><U133/><E133/><V29/><F29/><W121/><G28/><T11/><D11/><U56/><E80/><AGARI ba="0,1" hai="4,6,7,21,26,31,64,66,67,73,74,79,80,87" machi="80" ten="40,2600,0" yaku="1,1,52,1,53,0" doraHai="81" doraHaiUra="33" who="2" fromWho="1" sc="240,0,245,-26,235,36,270,0" /><INIT seed="2,0,0,3,0,117" ten="240,219,271,270" oya="2" hai0="57,104,6,29,43,16,119,123,69,34,41,128,13" hai1="87,106,112,58,135,100,95,126,11,20,72,108,56" hai2="124,109,129,85,71,130,36,5,51,62,102,63,121" hai3="101,90,2,76,59,14,38,110,4,70,73,3,50"/><V97/><F36/><W21/><G70/><T107/><D69/><U42/><E112/><V103/><F124/><W91/><G38/><T23/><D119/><U116/><E116/><V46/><F109/><W65/><G110/><T96/><D128/><N who="2" m="49258" /><F5/><W81/><G101/><N who="2" m="38409" /><F97/><W105/><G105/><T98/><D57/><U12/><E108/><V48/><F121/><W1/><G4/><T18/><D6/><U74/><E126/><V133/><F133/><W92/><G92/><T88/><D34/><U93/><E135/><V127/><F127/><W0/><N who="3" m="0" /><DORA hai="49" /><W113/><G113/><T54/><D29/><U39/><E39/><V82/><F51/><W122/><G122/><T52/><D123/><U120/><E120/><V78/><F71/><W27/><G14/><T115/><D13/><U67/><E42/><AGARI ba="0,0" hai="42,46,48,62,63,78,82,85" m="38409,49258" machi="42" ten="30,1500,0" yaku="19,1" doraHai="117,49" who="2" fromWho="1" sc="240,0,219,-15,271,15,270,0" /><INIT seed="2,1,0,3,0,106" ten="240,204,286,270" oya="2" hai0="38,16,51,76,20,96,109,74,112,14,40,75,25" hai1="127,43,59,70,79,10,2,110,103,31,36,9,107" hai2="18,63,4,90,99,50,81,133,41,92,56,44,114" hai3="64,54,85,83,84,47,119,46,132,86,135,104,37"/><V60/><F114/><W7/><G119/><T118/><D38/><U97/><E70/><V68/><F133/><N who="3" m="51275" /><G104/><T58/><D112/><U21/><E110/><V22/><F68/><W24/><G7/><T115/><D76/><U5/><E127/><V113/><F113/><W15/><G64/><T72/><D115/><U129/><E129/><V116/><F116/><W131/><G131/><T69/><D69/><U117/><E117/><V102/><F4/><W1/><G1/><T108/><D118/><U94/><E79/><V49/><F49/><N who="3" m="28983" /><G15/><T30/><D96/><U65/><E107/><V128/><F128/><W88/><G24/><T91/><D91/><U28/><E9/><V125/><F125/><W82/><G82/><T48/><D58/><U34/><E34/><V3/><F3/><W100/><G100/><T33/><D40/><AGARI ba="1,0" hai="37,40,47,83,84,85,86,88" m="28983,51275" machi="40" ten="30,2000,0" yaku="20,1,54,1" doraHai="106" who="3" fromWho="0" sc="240,-23,204,0,286,0,270,23" /><INIT seed="3,0,0,0,5,64" ten="217,204,286,293" oya="3" hai0="66,44,37,48,30,102,75,65,43,56,115,96,90" hai1="76,108,13,54,17,45,0,104,21,126,18,109,19" hai2="58,61,106,26,7,99,74,47,35,78,84,83,20" hai3="100,12,59,34,113,25,24,22,91,120,82,128,36"/><W93/><G36/><T86/><D75/><U97/><E0/><V53/><F35/><W81/><G113/><T16/><D115/><U121/><E121/><V27/><F7/><W112/><G128/><T38/><D30/><U87/><E126/><V67/><F74/><W85/><G112/><T23/><D38/><U42/><E54/><V101/><F47/><W95/><G120/><T125/><D125/><U71/><E71/><V11/><F11/><W2/><G2/><T41/><D41/><U130/><E130/><V28/><F27/><N who="3" m="10315" /><G34/><T92/><D56/><U8/><E104/><V69/><REACH who="2" step="1"/><F53/><REACH who="2" ten="217,204,276,293" step="2"/><W94/><G22/><T98/><D37/><N who="1" m="21711" /><E8/><V133/><F133/><W33/><G33/><T124/><D124/><U15/><E109/><V62/><F62/><W6/><G6/><T103/><D23/><U39/><E108/><V127/><F127/><W114/><G114/><T107/><REACH who="0" step="1"/><D16/><REACH who="0" ten="207,204,276,293" step="2"/><U135/><E19/><V117/><F117/><W111/><G111/><T68/><D68/><AGARI ba="0,2" hai="20,26,28,58,61,67,68,69,78,83,84,99,101,106" machi="68" ten="40,5200,0" yaku="1,1,52,2,53,0" doraHai="64" doraHaiUra="9" who="2" fromWho="0" sc="207,-52,204,0,276,72,293,0" /><INIT seed="4,0,0,0,4,112" ten="155,204,348,293" oya="0" hai0="88,63,26,126,47,31,68,22,84,14,12,96,124" hai1="104,24,27,8,11,5,120,131,114,69,111,108,18" hai2="118,48,78,6,79,30,59,0,34,15,7,95,116" hai3="86,97,103,130,49,121,57,115,65,110,32,117,85"/><T58/><D68/><U93/><E104/><V40/><F0/><W129/><G32/><T21/><D47/><U64/><E64/><V20/><F34/><W127/><G110/><N who="1" m="42026" /><E69/><V10/><F6/><W55/><G121/><T54/><D96/><U3/><E93/><V122/><F122/><W123/><G123/><T75/><D75/><U119/><E120/><V2/><F95/><W100/><G115/><T13/><REACH who="0" step="1"/><D22/><REACH who="0" ten="145,204,348,293" step="2"/><U113/><E113/><V45/><F59/><W67/><G97/><T28/><D28/><U80/><E114/><V82/><F30/><W37/><G57/><T33/><D33/><U25/><E131/><V125/><F125/><W81/><G129/><T38/><D38/><U92/><E80/><AGARI ba="0,1" hai="12,13,14,21,26,31,54,58,63,80,84,88,124,126" machi="80" ten="40,3900,0" yaku="1,1,54,1,53,0" doraHai="112" doraHaiUra="128" who="0" fromWho="1" sc="145,49,204,-39,348,0,293,0" /><INIT seed="4,1,0,4,2,74" ten="194,165,348,293" oya="0" hai0="4,80,3,72,6,132,85,76,48,31,40,115,119" hai1="23,26,82,94,124,103,52,81,28,49,55,47,54" hai2="97,60,21,11,130,41,99,102,113,114,66,34,104" hai3="57,122,46,32,116,59,89,69,56,68,112,38,107"/><T22/><D119/><U133/><E124/><V27/><F130/><W101/><G32/><T86/><D115/><N who="2" m="44042" /><F97/><W51/><G112/><T19/><D31/><U42/><REACH who="1" step="1"/><E133/><REACH who="1" ten="194,155,348,293" step="2"/><V90/><F34/><W78/><G116/><T87/><D132/><U20/><E20/><V50/><F11/><W84/><G122/><T92/><D3/><U121/><E121/><V93/><F21/><W15/><G38/><T111/><D111/><U17/><E17/><V2/><F2/><W53/><G15/><T9/><D9/><U5/><E5/><V70/><F27/><W7/><G7/><T79/><D6/><U83/><E83/><V62/><F70/><W61/><G69/><T95/><D4/><U36/><E36/><V126/><F126/><W71/><G71/><T0/><D0/><U128/><E128/><V25/><F25/><W1/><G68/><T35/><D35/><U33/><E33/><V123/><F123/><W29/><G1/><T108/><D108/><U77/><E77/><N who="0" m="29769" /><D80/><U105/><E105/><V12/><F12/><W88/><G29/><T110/><D110/><U14/><E14/><V106/><F104/><W96/><G107/><T125/><D125/><U58/><E58/><V73/><F106/><W131/><G131/><T10/><D10/><U67/><E67/><V64/><F66/><W129/><G129/><T45/><D72/><U16/><E16/><V13/><F73/><W44/><G59/><T135/><D135/><U109/><E109/><V98/><F13/><AGARI ba="1,1" hai="13,19,22,40,45,48,85,86,87,92,95" m="29769" machi="13" ten="30,11600,0" yaku="8,1,52,3" doraHai="74" who="0" fromWho="2" sc="194,129,155,0,348,-119,293,0" /><INIT seed="4,2,0,4,4,6" ten="323,155,229,293" oya="0" hai0="94,7,80,14,110,47,63,91,92,65,118,10,97" hai1="3,18,4,26,121,104,29,0,125,68,48,64,106" hai2="54,20,2,8,28,31,135,101,27,35,78,62,32" hai3="72,58,16,71,120,100,53,113,61,117,108,43,13"/><T17/><D118/><U131/><E121/><V105/><F78/><W74/><G108/><T116/><D116/><U93/><E125/><V39/><F39/><W55/><G117/><T102/><D110/><U36/><E36/><V85/><F85/><W38/><G113/><T19/><D47/><U126/><E126/><V124/><F124/><W112/><G112/><T87/><REACH who="0" step="1"/><D92/><REACH who="0" ten="313,155,229,293" step="2"/><U24/><E93/><V12/><F105/><W25/><G120/><T57/><AGARI ba="2,1" hai="7,10,14,17,19,57,63,65,80,87,91,94,97,102" machi="57" ten="20,18000,2" yaku="1,1,2,1,0,1,7,1,8,1,52,1,53,0" doraHai="6" doraHaiUra="107" who="0" fromWho="0" sc="313,196,155,-62,229,-62,293,-62" /><INIT seed="4,3,0,1,3,7" ten="509,93,167,231" oya="0" hai0="28,93,49,81,98,11,91,62,90,6,100,130,31" hai1="2,24,34,55,105,123,47,43,50,53,78,119,66" hai2="70,26,99,102,110,113,76,8,64,57,20,74,94" hai3="38,13,22,37,54,5,58,115,128,125,109,32,4"/><T9/><D130/><U44/><E119/><V52/><F110/><W96/><G32/><T0/><D62/><U127/><E123/><V23/><F113/><W95/><G109/><T40/><D0/><U107/><E2/><V45/><F70/><W106/><G106/><T17/><D17/><U16/><E127/><V126/><F126/><W88/><G115/><T77/><D31/><U83/><E66/><V18/><F74/><W122/><G122/><T56/><D28/><U19/><E34/><V112/><F76/><W61/><G128/><T72/><D6/><U120/><E120/><V71/><F71/><W68/><G125/><T69/><D69/><U132/><E132/><V12/><F112/><W80/><G68/><T124/><D124/><U89/><E89/><V1/><F1/><W65/><G65/><T75/><D75/><U3/><E3/><V84/><F84/><N who="3" m="50183" /><G38/><T131/><D131/><U117/><E117/><V51/><F26/><W14/><G37/><T97/><D91/><U29/><E29/><V92/><F92/><W59/><G59/><T42/><D56/><U133/><E133/><V73/><F73/><W63/><G63/><AGARI ba="3,0" hai="8,12,18,20,23,45,51,52,57,63,64,94,99,102" machi="63" ten="40,5200,0" yaku="8,1,52,1,54,1" doraHai="7" who="2" fromWho="3" sc="509,0,93,0,167,61,231,-61" /><INIT seed="5,0,0,4,2,34" ten="509,93,228,170" oya="1" hai0="24,55,54,80,110,79,58,48,94,76,93,87,131" hai1="65,57,7,69,125,88,97,0,126,14,95,114,43" hai2="103,39,120,71,45,42,115,112,111,61,3,62,107" hai3="32,49,130,41,92,116,60,123,68,9,119,66,6"/><U33/><E33/><V127/><F120/><W17/><G123/><T100/><D110/><U30/><E69/><V20/><F111/><W101/><G32/><T85/><D131/><U124/><E30/><V26/><F127/><W105/><G17/><T132/><D132/><U121/><E121/><V19/><F3/><W70/><G70/><T77/><D100/><U46/><E114/><N who="2" m="43563" /><F71/><W99/><G130/><T37/><D37/><N who="1" m="21871" /><E14/><V109/><F109/><W134/><G134/><T133/><D133/><U2/><E7/><V27/><F27/><W108/><G108/><T4/><D4/><U129/><E129/><V28/><F28/><W31/><G31/><T11/><D11/><U36/><E36/><V40/><F40/><W38/><G49/><T102/><D102/><U72/><E72/><V106/><F103/><W67/><G41/><T29/><D55/><U75/><E75/><V91/><F91/><W89/><G38/><T78/><D85/><U23/><E23/><AGARI ba="0,0" hai="23,24,29,48,54,58,76,77,78,79,80,87,93,94" machi="23" ten="40,1300,0" yaku="8,1" doraHai="34" who="0" fromWho="1" sc="509,13,93,-13,228,0,170,0" /><INIT seed="6,0,0,2,2,63" ten="522,80,228,170" oya="2" hai0="97,21,78,67,84,85,126,119,105,102,36,8,71" hai1="5,38,74,134,23,95,22,72,131,69,16,73,49" hai2="17,122,115,64,28,9,30,82,29,96,130,19,90" hai3="81,10,93,106,6,133,34,62,25,1,59,128,3"/><V46/><F122/><W20/><G106/><T88/><D36/><U124/><E38/><V125/><F115/><W43/><G128/><T50/><D126/><U110/><E110/><V70/><F125/><W118/><G118/><T2/><D78/><U11/><E124/><V58/><F130/><W35/><G1/><T41/><D84/><U89/><E131/><V39/><F70/><W104/><G104/><T54/><D41/><U87/><E69/><V47/><F39/><W40/><G133/><T107/><D21/><U45/><E134/><V120/><F120/><W77/><G93/><T117/><D105/><U66/><E66/><V60/><F96/><W99/><G99/><T51/><D67/><U92/><E92/><V56/><F56/><W75/><G35/><T80/><D71/><U0/><REACH who="1" step="1"/><E16/><REACH who="1" ten="522,70,228,170" step="2"/><N who="2" m="6219" /><F9/><W132/><G132/><T12/><D2/><U31/><E31/><V37/><F37/><W116/><G10/><T127/><D127/><U57/><E57/><V26/><F26/><W61/><G25/><T4/><D117/><U65/><E65/><V7/><F7/><W48/><G6/><T68/><D68/><U129/><E129/><V15/><F15/><W52/><G3/><T14/><D119/><U123/><E123/><V32/><F32/><W83/><G116/><T112/><D112/><U103/><E103/><V135/><F135/><W76/><G34/><T79/><D14/><U18/><E18/><V121/><F121/><W13/><G13/><T24/><D24/><U53/><AGARI ba="0,1" hai="0,5,11,22,23,45,49,53,72,73,74,87,89,95" machi="53" ten="30,2000,0" yaku="1,1,0,1,53,0" doraHai="63" doraHaiUra="108" who="1" fromWho="1" sc="522,-5,70,30,228,-10,170,-5" /><INIT seed="7,0,0,1,5,6" ten="517,100,218,165" oya="3" hai0="10,25,127,63,34,45,28,46,8,82,88,49,24" hai1="120,93,110,117,36,40,20,12,22,61,104,43,116" hai2="133,57,91,102,70,64,126,1,37,114,130,80,90" hai3="9,96,92,75,97,29,35,128,52,124,15,4,89"/><W55/><G124/><T53/><D127/><U78/><E104/><V76/><F126/><W54/><G75/><T68/><D25/><U125/><E125/><V16/><F70/><W86/><G128/><T69/><D45/><U58/><E120/><V105/><F37/><W13/><G35/><T30/><D30/><U87/><E110/><V41/><F41/><W62/><G29/><T19/><D63/><U77/><E36/><V14/><F114/><W2/><G2/><T129/><D10/><U56/><E93/><V119/><F133/><W31/><G31/><T66/><D66/><U94/><E94/><V81/><F1/><W21/><G62/><T100/><D100/><U3/><E3/><V38/><F38/><W51/><G51/><T65/><D65/><U121/><E121/><V48/><F64/><W67/><G67/><T11/><D11/><U103/><E61/><V132/><F132/><W0/><G0/><T72/><D72/><U108/><E108/><V95/><F105/><W23/><G15/><N who="0" m="7655" /><D129/><U83/><E103/><V109/><F130/><W47/><G47/><T85/><AGARI ba="0,0" hai="24,28,34,46,49,53,68,69,82,85,88" m="7655" machi="85" ten="30,4000,0" yaku="25,1,52,1,54,1" doraHai="6" who="0" fromWho="0" sc="517,40,100,-10,218,-10,165,-20" owari="557,65.7,90,-41.0,208,0.8,145,-25.5" /></mjloggm>