<mjloggm ver="2.3"><GO type="169" lobby="0"/><UN n0="%E9%9B%B2%E3%81%AE%E3%83%95%E3%83%89%E3%82%A6" n1="%E3%81%B4%E3%81%88%E3%81%AB%E3%82%93" n2="%E9%88%8D%E7%97%9B" n3="%E6%B2%B3%E7%AB%A5%E3%81%AE%E3%83%AF%E3%82%AB%E3%83%9E%E3%83%84" dan="16,17,16,19" rate="2063.94,2221.43,2111.63,2327.92" sx="M,M,F,M"/><TAIKYOKU oya="0"/><INIT seed="0,0,0,4,1,64" ten="250,250,250,250" oya="0" hai0="111,112,120,2,99,32,44,78,107,14,131,92,19" hai1="25,6,98,1,62,110,65,10,48,108,132,28,22" hai2="45,70,113,37,90,0,75,60,106,13,109,39,102" hai3="4,8,52,12,27,118,81,105,33,82,130,80,67"/><T58/><D99/><U123/><E123/><V29/><F0/><W74/><G118/><T68/><D92/><U9/><E48/><V114/><F90/><W104/><G130/><T121/><D78/><U46/><E46/><V86/><F86/><W30/><G74/><T87/><D87/><U55/><E55/><V36/><F13/><W17/><G67/><T49/><D58/><U128/><E98/><N who="2" m="61783" /><F45/><W24/><REACH who="3" step="1"/><G52/><REACH who="3" ten="250,250,250,240" step="2"/><T50/><D131/><U124/><E128/><V122/><F122/><W133/><G133/><T42/><D120/><U83/><E132/><V119/><F119/><W76/><G76/><T103/><D121/><U71/><E124/><V89/><F75/><W16/><G16/><T91/><D19/><U77/><REACH who="1" step="1"/><E10/><REACH who="1" ten="250,240,250,240" step="2"/><V97/><F113/><W59/><G59/><T69/><D112/><U117/><E117/><V35/><F114/><W20/><AGARI ba="0,2" hai="4,8,12,17,20,24,27,30,33,80,81,82,104,105" machi="20" ten="30,2000,0" yaku="1,1,0,1,53,0" doraHai="64" doraHaiUra="116" who="3" fromWho="3" sc="250,-10,240,-5,250,-5,240,40" /><INIT seed="1,0,0,1,0,12" ten="240,235,245,280" oya="1" hai0="108,41,19,51,94,95,83,25,131,129,65,15,109" hai1="119,134,87,133,21,110,82,17,0,66,100,30,29" hai2="24,37,47,22,128,88,69,46,89,31,103,85,45" hai3="84,86,18,135,127,7,124,121,92,101,59,57,113"/><U106/><E119/><V27/><F128/><N who="0" m="49226" /><D65/><U14/><E0/><V6/><F69/><W28/><G121/><T102/><D83/><U61/><E100/><V54/><F103/><W132/><G113/><T67/><D67/><U5/><E106/><V99/><F6/><W77/><G7/><T96/><D25/><U116/><E116/><V104/><F37/><W120/><G120/><T70/><D70/><U79/><E5/><V123/><F123/><W81/><G28/><T55/><D41/><U107/><E107/><V20/><F54/><W8/><G57/><N who="0" m="33023" /><D95/><U60/><E60/><V4/><F4/><W91/><G59/><T68/><D68/><U63/><E63/><V98/><F104/><W58/><G58/><T125/><D125/><U2/><E2/><V38/><F38/><W40/><G40/><T52/><D52/><U53/><E53/><V76/><F76/><W16/><G101/><T75/><D75/><U13/><E61/><V48/><F89/><W118/><G118/><T35/><D35/><U32/><E66/><V64/><F48/><W80/><G92/><T97/><D97/><U90/><E79/><V39/><F39/><W78/><REACH who="3" step="1"/><G91/><REACH who="3" ten="240,235,245,270" step="2"/><T44/><D44/><U114/><E114/><V71/><F71/><W72/><G72/><T23/><AGARI ba="0,1" hai="15,19,23,94,96,102,108,109" m="33023,49226" machi="23" ten="30,2000,0" yaku="19,1,52,1" doraHai="12" who="0" fromWho="0" sc="240,30,235,-10,245,-5,270,-5" /><INIT seed="2,0,0,0,4,7" ten="270,225,240,265" oya="2" hai0="36,86,132,26,1,38,75,130,46,124,43,108,126" hai1="84,51,125,37,104,114,107,77,10,55,106,73,17" hai2="57,2,102,83,49,21,39,27,42,32,28,111,119" hai3="35,15,4,48,134,3,76,40,34,85,67,92,50"/><V135/><F119/><W44/><G134/><T5/><D108/><U18/><E114/><V61/><F2/><W123/><G123/><T31/><D75/><U0/><E37/><V16/><F135/><W29/><G3/><T11/><D132/><U70/><E70/><V103/><F39/><W78/><G67/><T105/><D86/><U91/><E125/><N who="0" m="48233" /><D105/><U30/><E30/><V24/><F111/><W90/><G29/><T109/><D38/><U115/><E115/><V68/><F83/><W52/><G34/><N who="0" m="20855" /><D109/><U19/><E77/><V22/><F68/><W87/><G35/><T47/><D47/><U96/><E73/><V93/><F93/><W74/><G74/><T116/><D130/><U20/><E96/><V62/><F32/><W89/><G85/><T117/><AGARI ba="0,0" hai="1,5,11,36,43,46,116,117" m="20855,48233" machi="117" ten="30,4000,0" yaku="18,1,23,1,52,1" doraHai="7" who="0" fromWho="0" sc="270,40,225,-10,240,-20,265,-10" /><INIT seed="3,0,0,4,2,99" ten="310,215,220,255" oya="3" hai0="26,103,34,104,37,27,60,58,5,47,110,66,17" hai1="117,61,8,120,82,42,86,73,108,14,97,24,112" hai2="4,90,118,13,52,21,10,98,23,88,38,19,7" hai3="2,111,75,115,44,12,35,77,102,68,36,16,29"/><W30/><G115/><T3/><D110/><U20/><E108/><V128/><F128/><W33/><G111/><T48/><D37/><U65/><E112/><V56/><F38/><W11/><G68/><T63/><D63/><U67/><E120/><V57/><F57/><W114/><G114/><T22/><D3/><U76/><E117/><V95/><F118/><W89/><G89/><T126/><D5/><U81/><E42/><V54/><F54/><W106/><G106/><T71/><D58/><U125/><E125/><V121/><F121/><W50/><G102/><T32/><D126/><U132/><E132/><V94/><F4/><N who="3" m="1431" /><G50/><T78/><D78/><U116/><E116/><V92/><F90/><W131/><G75/><T28/><D103/><U53/><E97/><V9/><F9/><N who="3" m="6159" /><G77/><T1/><D1/><U113/><E113/><V93/><REACH who="2" step="1"/><F7/><REACH who="2" ten="310,215,210,255" step="2"/><W122/><G122/><T70/><D70/><U133/><E53/><V79/><F79/><W100/><G131/><T51/><D47/><U129/><E129/><V39/><F39/><W45/><G36/><T43/><D43/><U64/><E73/><V83/><F83/><W62/><G45/><T18/><D71/><U49/><E82/><V25/><F25/><W101/><G44/><T87/><D26/><U91/><E76/><V124/><F124/><W109/><G109/><T6/><D27/><U119/><E119/><V69/><F69/><W41/><G41/><T123/><D123/><U134/><E134/><V84/><F84/><W0/><G0/><T135/><D87/><U55/><E133/><V31/><F31/><RYUUKYOKU ba="0,1" sc="310,-10,215,-10,210,30,255,-10" hai2="10,13,19,21,23,52,56,88,92,93,94,95,98" /><INIT seed="4,1,1,1,3,72" ten="300,205,240,245" oya="0" hai0="87,90,86,28,42,6,10,124,43,123,50,2,131" hai1="59,88,37,66,108,11,112,61,118,26,3,12,83" hai2="133,62,56,82,77,1,18,78,70,54,130,65,115" hai3="129,39,19,47,76,79,44,121,127,111,134,5,24"/><T49/><D124/><U132/><E108/><V25/><F115/><W99/><G111/><T55/><D123/><U105/><E118/><V117/><F117/><W17/><G121/><T114/><D114/><U85/><E112/><V14/><F1/><W35/><G127/><T30/><D131/><U32/><E132/><V45/><F133/><W91/><G134/><T84/><D90/><U75/><E37/><V34/><F82/><W92/><G129/><T95/><D95/><U96/><E75/><V15/><F15/><W128/><G128/><T104/><D104/><U16/><E3/><V58/><F45/><N who="3" m="17483" /><G35/><T9/><D55/><U80/><E105/><V102/><F102/><N who="3" m="60775" /><G39/><T48/><D6/><N who="1" m="3191" /><E32/><V21/><F70/><W68/><G68/><T116/><D2/><U57/><E96/><V46/><F46/><W33/><G33/><T97/><D97/><U51/><E51/><V109/><F109/><W106/><G106/><T101/><D101/><U120/><E59/><V93/><F130/><W64/><G5/><T13/><D13/><U31/><E31/><N who="0" m="11817" /><D116/><U113/><E113/><V22/><F34/><W135/><G135/><T107/><D107/><U0/><E0/><V98/><F58/><W63/><G17/><T53/><D53/><U36/><E36/><V125/><F54/><W81/><G19/><T69/><D69/><U60/><E120/><V38/><F38/><W89/><G24/><T29/><N who="0" m="11825" /><T122/><DORA hai="100" /><D122/><U27/><E27/><V52/><F52/><W20/><G91/><T8/><AGARI ba="1,1" hai="8,9,10,42,43,48,49,50,84,86,87" m="11825" machi="8" ten="50,12000,1" yaku="29,2,28,2,8,1" doraHai="72,100" who="0" fromWho="0" sc="300,133,205,-41,240,-41,245,-41" /><INIT seed="4,2,0,4,2,90" ten="433,164,199,204" oya="0" hai0="89,80,47,110,1,41,10,107,102,103,84,123,129" hai1="93,70,28,121,104,7,36,76,53,112,67,61,65" hai2="50,24,69,97,31,120,92,108,19,11,109,101,33" hai3="56,134,95,2,34,9,32,135,122,27,43,60,37"/><T74/><D123/><U116/><E121/><V71/><F120/><W79/><G122/><RYUUKYOKU type="kaze4" ba="2,0" sc="433,0,164,0,199,0,204,0" /><INIT seed="4,3,0,4,2,102" ten="433,164,199,204" oya="0" hai0="17,128,98,11,94,50,39,87,47,67,91,82,29" hai1="97,78,5,104,53,68,130,0,135,84,37,105,121" hai2="77,70,1,4,10,125,123,66,85,111,122,69,42" hai3="31,24,14,100,64,95,65,93,129,58,112,45,16"/><T44/><D128/><U113/><E121/><V33/><F111/><W35/><G129/><T12/><D39/><U117/><E130/><V46/><F125/><W119/><G119/><T61/><D29/><U30/><E117/><V13/><F33/><W62/><G112/><T20/><D20/><U110/><E110/><V38/><F69/><W34/><G34/><T101/><REACH who="0" step="1"/><D50/><REACH who="0" ten="423,164,199,204" step="2"/><U99/><E37/><V120/><F122/><W79/><G31/><T83/><D83/><U63/><E30/><V124/><F120/><W40/><G35/><T21/><D21/><U54/><E113/><V116/><F123/><W81/><G81/><T51/><D51/><U49/><E49/><V86/><F116/><W26/><G26/><T71/><AGARI ba="3,1" hai="11,12,17,44,47,61,67,71,82,87,91,94,98,101" machi="71" ten="20,7800,0" yaku="1,1,0,1,7,1,53,1" doraHai="102" doraHaiUra="59" who="0" fromWho="0" sc="423,97,164,-29,199,-29,204,-29" /><INIT seed="4,4,0,5,0,125" ten="520,135,170,175" oya="0" hai0="56,114,79,65,36,63,111,45,61,22,78,8,34" hai1="102,82,99,113,87,106,121,21,93,94,7,47,60" hai2="15,85,43,120,68,52,28,58,122,73,48,72,39" hai3="109,6,83,35,53,57,105,108,100,66,24,59,96"/><T50/><D34/><U77/><E121/><V30/><F120/><W37/><G37/><T14/><D36/><U55/><E7/><V127/><F127/><W54/><G6/><T107/><D107/><U1/><E1/><V64/><F122/><W131/><G66/><T118/><D118/><U95/><E21/><V103/><F103/><W71/><G71/><T41/><D114/><U40/><E113/><V4/><F85/><W124/><G124/><T74/><D74/><U2/><E2/><V5/><F5/><W44/><G44/><T110/><D61/><U11/><E11/><V10/><F28/><W98/><G83/><T115/><D22/><U112/><E112/><V42/><F30/><W126/><G126/><T49/><D49/><U17/><E17/><V101/><F101/><W104/><G100/><T51/><D51/><U128/><E55/><V80/><F80/><W123/><G123/><T20/><D20/><U19/><E19/><V129/><F43/><W33/><REACH who="3" step="1"/><G24/><REACH who="3" ten="520,135,170,165" step="2"/><T0/><D115/><U23/><E47/><V29/><F64/><W117/><G117/><T27/><D27/><U84/><E82/><V18/><F68/><W25/><G25/><T75/><D0/><U81/><E102/><V133/><F4/><W67/><G67/><T134/><D65/><U13/><E106/><V69/><F69/><W97/><G97/><T89/><D45/><U90/><E99/><V46/><F46/><W26/><G26/><T86/><D14/><U135/><E13/><V12/><F15/><W62/><G62/><T130/><D63/><U92/><E60/><RYUUKYOKU ba="4,1" sc="520,-10,135,-10,170,-10,165,30" hai3="33,35,53,54,57,59,96,98,104,105,108,109,131" /><INIT seed="5,5,1,1,2,68" ten="510,125,160,195" oya="1" hai0="11,60,35,121,3,125,38,39,49,20,124,45,81" hai1="110,129,30,66,32,19,85,23,28,87,67,115,69" hai2="88,21,33,84,48,1,24,106,126,26,134,59,53" hai3="4,72,97,9,41,76,135,7,2,77,52,95,112"/><U17/><E23/><V105/><F126/><N who="0" m="48746" /><D35/><U74/><E32/><V15/><F1/><W91/><G112/><T90/><D121/><U132/><E115/><V80/><F134/><W37/><G135/><T111/><D111/><U44/><E132/><V104/><REACH who="2" step="1"/><F33/><REACH who="2" ten="510,125,150,195" step="2"/><W5/><G2/><T82/><D3/><U119/><E110/><V128/><F128/><W109/><G109/><T12/><D20/><U47/><E129/><V122/><F122/><W113/><G113/><T51/><D60/><U131/><E131/><V40/><F40/><W107/><G41/><N who="0" m="24751" /><D51/><U94/><E119/><V42/><F42/><W75/><G9/><T55/><D55/><U114/><E114/><V36/><F36/><N who="0" m="13866" /><D90/><U78/><E78/><V58/><F58/><W99/><G37/><T120/><D120/><U116/><E116/><V27/><F27/><W71/><G52/><T102/><D102/><U31/><E69/><V25/><F25/><W117/><G117/><T83/><D83/><U130/><E130/><V92/><F92/><W93/><G71/><T133/><D133/><U57/><E94/><V123/><F123/><W101/><G93/><T86/><D86/><U54/><E54/><V62/><F62/><W0/><G0/><T61/><D61/><U73/><E57/><V100/><F100/><W103/><G101/><T98/><D98/><U70/><E70/><V43/><F43/><W50/><G50/><T118/><D118/><U108/><E108/><V89/><F89/><W10/><G10/><T14/><D14/><U6/><E31/><V8/><F8/><W46/><G46/><RYUUKYOKU ba="5,2" sc="510,0,125,0,150,0,195,0" hai0="11,12,81,82" hai1="6,17,19,28,30,44,47,66,67,73,74,85,87" hai2="15,21,24,26,48,53,59,80,84,88,104,105,106" hai3="4,5,7,72,75,76,77,91,95,97,99,103,107" /><INIT seed="5,6,2,0,3,2" ten="510,125,150,195" oya="1" hai0="49,84,64,104,44,57,93,42,121,82,8,101,73" hai1="14,66,51,81,95,109,45,46,43,60,130,123,111" hai2="77,29,68,133,19,36,135,83,117,87,10,91,69" hai3="31,71,4,97,20,41,134,120,67,72,34,75,116"/><U129/><E81/><V88/><F36/><W38/><G120/><T18/><D121/><U110/><E95/><V39/><F39/><W30/><G20/><T35/><D35/><U107/><E107/><V99/><F117/><W80/><G116/><T127/><D127/><U15/><E123/><V37/><F37/><W33/><G38/><T114/><D73/><U21/><E21/><V100/><F29/><W124/><G41/><T92/><D104/><U94/><E94/><N who="2" m="58487" /><F19/><W53/><G97/><T90/><D114/><U48/><E15/><V52/><F10/><W103/><G103/><T23/><D8/><U79/><E14/><V76/><F91/><W115/><G124/><T50/><D101/><U59/><E79/><N who="2" m="30283" /><F52/><AGARI ba="6,2" hai="43,45,46,48,51,52,59,60,66,109,110,111,129,130" machi="52" ten="40,12000,1" yaku="10,1,34,3,54,1" doraHai="2" who="1" fromWho="2" sc="510,0,125,158,150,-138,195,0" /><INIT seed="5,7,0,3,0,130" ten="510,283,12,195" oya="1" hai0="6,108,78,55,4,110,1,91,51,49,75,48,89" hai1="14,2,26,123,31,88,113,28,109,61,83,81,115" hai2="68,65,18,93,29,35,53,41,127,66,105,20,17" hai3="13,124,34,15,87,42,121,19,72,39,22,90,43"/><U27/><E123/><V32/><F105/><W30/><G121/><T116/><D116/><U74/><E2/><V114/><F68/><W98/><G72/><T33/><D33/><U133/><E14/><V60/><F41/><W69/><G69/><T56/><D78/><U120/><E120/><V102/><F127/><W82/><G124/><T45/><D75/><U129/><E129/><V25/><F114/><N who="1" m="43529" /><E109/><V24/><F53/><W107/><G39/><T38/><D38/><U77/><E61/><V134/><F60/><W94/><G107/><T54/><D51/><U119/><E133/><V125/><F125/><W84/><G84/><T40/><D40/><U46/><E46/><V128/><F128/><W36/><G36/><T57/><D1/><U0/><E0/><V132/><F93/><W12/><G13/><T70/><D70/><U9/><E9/><V118/><F102/><W3/><G3/><T79/><D79/><U100/><E100/><V21/><REACH who="2" step="1"/><F29/><REACH who="2" ten="510,283,2,195" step="2"/><W16/><G30/><T131/><D131/><U95/><E119/><AGARI ba="7,1" hai="17,18,20,21,24,25,32,35,65,66,118,119,132,134" machi="119" ten="25,12000,2" yaku="1,1,2,1,22,2,52,2,53,0" doraHai="130" doraHaiUra="73" who="2" fromWho="1" sc="510,0,283,-141,2,151,195,0" /><INIT seed="6,0,0,1,3,119" ten="510,142,153,195" oya="2" hai0="3,64,81,85,77,12,26,18,60,54,53,121,116" hai1="39,103,49,96,55,38,131,132,74,56,59,35,83" hai2="80,104,65,88,95,71,78,97,92,50,1,46,41" hai3="75,27,6,101,13,33,122,52,91,45,128,109,133"/><V126/><F1/><W58/><G109/><T29/><D116/><U125/><E35/><V70/><F126/><W105/><G75/><T32/><D121/><U89/><E125/><V44/><F65/><W79/><G79/><T11/><D3/><U110/><E110/><V62/><F62/><W120/><G105/><T51/><D51/><U127/><E127/><V102/><F46/><W123/><G101/><T7/><D7/><U72/><E131/><V129/><F95/><W30/><G128/><T114/><D114/><U68/><E68/><AGARI ba="0,0" hai="11,12,18,26,29,32,53,54,60,64,68,77,81,85" machi="68" ten="30,1000,0" yaku="7,1" doraHai="119" who="0" fromWho="1" sc="510,10,142,-10,153,0,195,0" /><INIT seed="7,0,0,4,1,42" ten="520,132,153,195" oya="3" hai0="49,43,82,130,45,46,94,74,14,83,114,32,40" hai1="108,3,122,77,73,131,21,35,26,102,1,47,68" hai2="125,10,62,67,124,15,106,60,93,27,135,72,66" hai3="128,23,80,28,54,31,38,81,101,90,105,107,20"/><W41/><G54/><T95/><D32/><U37/><E122/><V115/><F106/><W78/><G90/><T56/><D56/><U96/><E131/><V85/><F72/><W116/><G101/><T29/><D130/><U33/><E21/><V111/><F111/><W44/><G128/><T79/><D114/><U109/><E68/><V97/><F27/><W65/><G65/><N who="2" m="24585" /><F115/><W13/><G116/><T17/><D29/><N who="1" m="19639" /><E35/><V58/><F85/><W34/><G34/><T39/><D82/><N who="1" m="45359" /><E108/><V126/><F58/><W134/><G28/><T25/><D25/><U48/><E48/><V30/><F30/><W113/><G31/><T120/><D120/><U100/><E100/><N who="2" m="60463" /><F135/><W121/><G134/><T117/><D117/><U123/><E123/><V69/><F69/><W64/><G121/><T8/><AGARI ba="0,0" hai="8,14,17,39,40,43,45,46,49,74,79,83,94,95" machi="8" ten="20,5200,0" yaku="0,1,7,1,52,2" doraHai="42" who="0" fromWho="0" sc="520,52,132,-13,153,-13,195,-26" owari="572,67.2,119,-38.1,140,-26.0,169,-3.1" /></mjloggm>