<mjloggm ver="2.3"><GO type="169" lobby="0"/><UN n0="%E3%83%AB%E3%83%89%E3%82%A6%E3%82%A3%E3%83%83%E3%82%B0" n1="%E7%9C%BC%E9%8F%A1%E3%81%AE%E7%94%B7%E3%81%AE%E5%AD%90" n2="%E4%BF%BA%E3%81%A7%E3%81%99" n3="%E3%83%AC%E3%82%A4%E3%83%88%E3%83%B3%E5%87%86%E6%95%99%E6%8E%88" dan="16,16,16,18" rate="2130.43,2059.56,2092.80,2267.15" sx="M,M,M,M"/><TAIKYOKU oya="0"/><INIT seed="0,0,0,4,3,44" ten="250,250,250,250" oya="0" hai0="5,8,113,83,78,15,132,120,54,32,103,128,18" hai1="122,66,65,27,49,90,71,133,88,84,14,34,76" hai2="135,124,98,79,64,56,117,30,35,93,86,96,129" hai3="26,3,61,62,17,69,134,63,82,0,131,100,92"/><T19/><D113/><U126/><E122/><V115/><F115/><W107/><G131/><T67/><D120/><U2/><E2/><V24/><F129/><W102/><G134/><T47/><D32/><U51/><E133/><V74/><F135/><W9/><G69/><T55/><D128/><U40/><E71/><V118/><F124/><W80/><G107/><T21/><D67/><N who="1" m="25611" /><E40/><V94/><F74/><W39/><G39/><T125/><D125/><U36/><E36/><V11/><F11/><W89/><G3/><T45/><D103/><N who="3" m="39465" /><G0/><T75/><D132/><U41/><E41/><V87/><F94/><W37/><G37/><T13/><D19/><U48/><E34/><V130/><F130/><W43/><G43/><T4/><D4/><U10/><E27/><V52/><F64/><W110/><G110/><T42/><REACH who="0" step="1"/><D47/><REACH who="0" ten="240,250,250,250" step="2"/><U16/><E126/><V23/><F35/><W33/><G33/><T1/><D1/><U106/><E106/><V123/><F123/><W91/><G26/><T46/><D46/><U101/><E101/><V31/><F118/><W7/><G7/><T105/><D105/><U104/><E104/><V20/><F117/><W95/><G17/><T53/><D53/><U121/><E121/><V112/><F112/><W29/><G29/><T116/><D116/><U127/><E127/><V81/><F31/><W119/><G119/><T6/><D6/><U85/><E76/><V77/><F77/><W38/><G91/><AGARI ba="0,1" hai="10,14,16,48,49,51,84,85,88,90,91" m="25611" machi="91" ten="30,12000,2" yaku="8,1,52,3,54,2" doraHai="44" who="1" fromWho="3" sc="240,0,250,130,250,0,250,-120" /><INIT seed="1,0,0,1,3,0" ten="240,380,250,130" oya="1" hai0="21,87,81,39,103,117,54,108,130,60,17,72,40" hai1="75,78,95,14,61,27,93,85,18,109,132,105,126" hai2="2,45,20,65,59,125,62,106,97,12,88,113,100" hai3="49,4,128,48,92,124,11,122,19,84,77,25,58"/><U1/><E1/><V91/><F125/><W34/><G124/><T80/><D117/><U119/><E105/><V71/><F2/><W57/><G122/><T129/><D108/><U23/><E119/><V15/><F113/><W38/><G38/><T115/><D115/><U79/><E75/><V94/><F71/><W74/><G128/><T41/><D103/><U53/><E126/><V133/><F133/><W66/><G74/><T112/><D72/><U28/><E132/><V51/><F91/><W36/><G36/><T90/><D81/><U24/><E24/><V43/><REACH who="2" step="1"/><F20/><REACH who="2" ten="240,380,240,130" step="2"/><W127/><G127/><T30/><D112/><U134/><E134/><V69/><F69/><W104/><G34/><T33/><D130/><U131/><E131/><V31/><F31/><W116/><G116/><T50/><D129/><U67/><E109/><V55/><F55/><W111/><G111/><T37/><D30/><U110/><E53/><V8/><F8/><W102/><G11/><T29/><D29/><U42/><E110/><V121/><F121/><W22/><G22/><T44/><D33/><U47/><E28/><V89/><F89/><W64/><G66/><T96/><D41/><U76/><E42/><V26/><F26/><W32/><G25/><N who="0" m="14511" /><D40/><U3/><E3/><V82/><F82/><W16/><G32/><T86/><D96/><AGARI ba="0,1" hai="12,15,43,45,51,59,62,65,88,94,96,97,100,106" machi="96" ten="30,3900,0" yaku="1,1,7,1,54,1,53,0" doraHai="0" doraHaiUra="35" who="2" fromWho="0" sc="240,-39,380,0,240,49,130,0" /><INIT seed="2,0,0,4,1,66" ten="201,380,289,130" oya="2" hai0="40,97,85,35,94,41,60,86,80,14,67,7,49" hai1="134,124,102,0,36,117,65,32,21,79,15,111,99" hai2="77,34,71,81,121,22,45,16,57,12,110,9,89" hai3="28,82,1,31,132,116,48,64,18,123,11,26,131"/><V61/><F121/><W62/><G123/><T93/><D35/><U29/><E36/><V42/><F34/><W27/><G116/><T135/><D135/><U76/><E117/><V112/><F112/><W107/><G132/><T75/><D75/><U70/><E0/><V126/><F126/><W54/><G131/><T33/><D33/><U83/><E124/><V53/><F110/><W118/><G118/><T50/><D50/><U100/><E100/><V88/><F71/><W98/><G82/><T109/><D109/><U51/><E79/><V69/><F69/><W106/><G98/><T128/><D85/><U10/><E32/><V115/><F22/><W13/><G1/><T130/><D130/><U108/><E134/><V24/><F24/><W46/><G106/><T43/><D49/><U37/><E37/><V114/><F114/><W17/><G107/><T74/><D74/><U47/><E29/><N who="3" m="11338" /><G18/><T73/><D73/><U125/><E21/><V122/><F115/><W72/><G72/><T56/><D128/><U3/><E3/><V23/><F23/><W91/><G91/><N who="0" m="51655" /><D97/><U119/><E125/><V78/><F122/><W87/><G87/><T58/><D58/><AGARI ba="0,0" hai="11,13,17,26,27,46,48,54,58,62,64" m="11338" machi="58" ten="30,1000,0" yaku="8,1" doraHai="66" who="3" fromWho="0" sc="201,-10,380,0,289,0,130,10" /><INIT seed="3,0,0,2,1,16" ten="191,380,289,140" oya="3" hai0="10,75,17,125,15,43,86,116,2,118,50,109,21" hai1="107,69,67,114,36,3,90,78,135,0,74,111,127" hai2="34,110,87,92,61,93,33,12,32,84,38,28,72" hai3="66,121,52,63,99,73,112,23,134,42,76,98,41"/><W81/><G112/><T124/><D75/><U24/><RYUUKYOKU type="yao9" ba="0,0" sc="191,0,380,0,289,0,140,0" hai1="0,3,24,36,67,69,74,78,90,107,111,114,127,135" /><INIT seed="3,1,0,2,3,15" ten="191,380,289,140" oya="3" hai0="65,25,37,22,105,71,63,122,93,54,129,111,94" hai1="32,41,123,57,60,19,7,29,35,39,70,131,116" hai2="117,135,24,38,64,30,66,100,10,99,2,84,83" hai3="95,90,56,72,114,96,61,21,34,124,106,108,53"/><W48/><G114/><T40/><D105/><U76/><E123/><V79/><F117/><W17/><G124/><T23/><D122/><U42/><E70/><V4/><F135/><W112/><G112/><T5/><D111/><U49/><E39/><V113/><F38/><W127/><G127/><T103/><D129/><U134/><E131/><V101/><F113/><W82/><G34/><T86/><D103/><U133/><E116/><V12/><F2/><W109/><G106/><T9/><D23/><U118/><E118/><V16/><F4/><W55/><G82/><T78/><D54/><U0/><E35/><V126/><F101/><W59/><REACH who="3" step="1"/><G72/><REACH who="3" ten="191,380,289,130" step="2"/><T107/><D107/><U26/><E32/><V58/><F126/><W14/><AGARI ba="1,1" hai="14,17,21,48,53,55,56,59,61,90,95,96,108,109" machi="14" ten="30,11700,0" yaku="1,1,2,1,0,1,52,1,53,0" doraHai="15" doraHaiUra="81" who="3" fromWho="3" sc="191,-40,380,-40,289,-40,130,130" /><INIT seed="3,2,0,2,1,53" ten="151,340,249,260" oya="3" hai0="21,124,134,110,62,121,14,67,117,22,97,88,19" hai1="94,74,65,129,38,95,91,29,56,15,61,70,130" hai2="50,105,99,135,43,87,10,63,18,5,106,116,12" hai3="93,16,60,40,111,51,76,26,25,24,71,79,31"/><W123/><G123/><T104/><D117/><U119/><E119/><V103/><F135/><W107/><G107/><T11/><D121/><U59/><E38/><V80/><F116/><W46/><G111/><T125/><D110/><U92/><E74/><V86/><F106/><W44/><G31/><T2/><D134/><U100/><E100/><V81/><F63/><W102/><G71/><T58/><D2/><U37/><E37/><V120/><F120/><W83/><G60/><T13/><D13/><U66/><E66/><V27/><F86/><W47/><G16/><T34/><D34/><U41/><E41/><V68/><F68/><W33/><G33/><T42/><D42/><U122/><E122/><V82/><F87/><N who="3" m="48615" /><G79/><T1/><D1/><U113/><E113/><V30/><F18/><W78/><G78/><T89/><D89/><U128/><E29/><V64/><F64/><W35/><G35/><T57/><D104/><U45/><E45/><V115/><F115/><W9/><G9/><T96/><D96/><AGARI ba="2,0" hai="24,25,26,40,44,46,47,51,93,96,102" m="48615" machi="96" ten="30,1500,0" yaku="8,1" doraHai="53" who="3" fromWho="0" sc="151,-21,340,0,249,0,260,21" /><INIT seed="3,3,0,2,0,95" ten="130,340,249,281" oya="3" hai0="30,71,53,3,100,76,109,14,103,113,70,20,2" hai1="63,80,96,46,98,51,17,73,83,44,29,59,105" hai2="35,57,16,97,42,88,114,120,74,0,64,130,58" hai3="69,6,101,117,84,62,123,125,121,40,128,79,33"/><W10/><G117/><T90/><D109/><U111/><E111/><V131/><F114/><W45/><G125/><T38/><D38/><U49/><E105/><V106/><F74/><W26/><G128/><T66/><D76/><U36/><E36/><V56/><F35/><W81/><G69/><T43/><D43/><U78/><E29/><V110/><F110/><W13/><G62/><T122/><D122/><U126/><E126/><V107/><F0/><W47/><G47/><T124/><D53/><U85/><E17/><V50/><F64/><W34/><G101/><T60/><D71/><U27/><E27/><V52/><F42/><W24/><G24/><T25/><D113/><U21/><E21/><V119/><F119/><W72/><G72/><T68/><D68/><U132/><E132/><V102/><F120/><W91/><G91/><T28/><D28/><U108/><E108/><V15/><F107/><W4/><G6/><T104/><D103/><U9/><E9/><V135/><F135/><W11/><G11/><T23/><D90/><U94/><E94/><N who="2" m="56519" /><F102/><W116/><G116/><T67/><D67/><N who="1" m="39423" /><E83/><V82/><F82/><W48/><G34/><N who="0" m="20815" /><D124/><U31/><E31/><AGARI ba="3,0" hai="4,10,13,26,31,33,40,45,48,79,81,84,121,123" machi="31" ten="40,3900,0" yaku="25,2" doraHai="95" who="3" fromWho="1" sc="130,0,340,-48,249,0,281,48" /><INIT seed="3,4,0,4,3,78" ten="130,292,249,329" oya="3" hai0="92,19,73,4,66,18,67,127,100,107,65,53,125" hai1="5,117,132,110,22,30,99,7,97,36,91,126,14" hai2="72,32,33,93,61,16,82,1,77,56,25,59,133" hai3="76,0,52,8,129,24,84,134,101,115,57,39,135"/><W55/><G115/><T10/><D107/><U27/><E36/><V89/><F1/><W46/><G129/><T98/><D73/><U58/><E132/><V130/><F133/><W44/><G101/><T12/><REACH who="0" step="1"/><D53/><REACH who="0" ten="120,292,249,329" step="2"/><U109/><E109/><V2/><F130/><W87/><G55/><T11/><D11/><U81/><E110/><V26/><F2/><W15/><G8/><T118/><D118/><U106/><E106/><V70/><F33/><W105/><G52/><T54/><D54/><U45/><E117/><V63/><F32/><W40/><G105/><T37/><D37/><U116/><E116/><V47/><F47/><W17/><G44/><T102/><D102/><U64/><E45/><V114/><F114/><W128/><G0/><T60/><D60/><N who="1" m="37911" /><E126/><AGARI ba="4,1" hai="4,10,12,18,19,65,66,67,92,98,100,125,126,127" machi="126" ten="40,2600,0" yaku="1,1,18,1,53,0" doraHai="78" doraHaiUra="104" who="0" fromWho="1" sc="120,48,292,-38,249,0,329,0" /><INIT seed="4,0,0,4,4,134" ten="168,254,249,329" oya="0" hai0="96,69,58,55,114,77,45,71,118,30,105,67,130" hai1="99,97,50,86,127,126,54,61,87,93,0,109,103" hai2="25,40,57,88,13,110,124,131,10,41,70,49,89" hai3="100,76,125,34,107,79,80,17,3,39,52,15,116"/><T9/><D118/><U37/><E37/><V119/><F110/><W36/><G116/><T20/><D114/><U120/><E109/><V27/><F70/><W135/><G3/><T1/><D67/><U122/><E0/><V115/><F115/><W19/><G34/><T22/><D77/><U4/><E4/><V48/><F131/><W59/><G135/><T32/><D32/><U7/><E7/><V66/><F66/><W51/><G76/><T75/><D75/><U74/><E61/><V44/><F119/><W73/><G19/><T128/><D45/><U46/><E74/><V8/><F57/><W111/><G111/><T123/><D123/><U5/><E5/><V53/><F53/><W72/><G72/><T132/><D9/><U106/><E122/><V98/><F98/><W101/><G107/><T38/><D38/><U12/><E12/><V56/><F56/><W91/><G39/><T108/><D1/><U2/><E2/><V95/><F13/><W14/><G14/><T84/><D108/><U129/><E129/><N who="0" m="49769" /><D132/><U82/><E120/><V47/><REACH who="2" step="1"/><F95/><REACH who="2" ten="168,254,239,329" step="2"/><W29/><G59/><T121/><D121/><U83/><E83/><V65/><F65/><W133/><G80/><T94/><D105/><U33/><E82/><V23/><F23/><N who="0" m="8746" /><D30/><U64/><E64/><V117/><F117/><W104/><G29/><T113/><D113/><U90/><REACH who="1" step="1"/><E33/><REACH who="1" ten="168,244,239,329" step="2"/><V42/><F42/><W85/><G133/><T112/><D112/><U92/><E92/><V60/><F60/><W78/><G104/><T26/><D94/><U6/><E6/><V43/><F43/><RYUUKYOKU ba="0,2" sc="168,-15,244,15,239,15,329,-15" hai1="46,50,54,86,87,90,93,97,99,103,106,126,127" hai2="8,10,25,27,40,41,44,47,48,49,88,89,124" /><INIT seed="5,1,2,4,2,127" ten="153,259,254,314" oya="1" hai0="50,90,105,41,123,32,53,20,108,129,72,43,120" hai1="38,134,64,111,33,133,51,130,26,74,44,13,69" hai2="126,27,2,109,4,86,116,106,132,56,19,17,73" hai3="97,57,68,117,9,36,124,14,82,112,94,85,60"/><U99/><E74/><V96/><F86/><W84/><G124/><T125/><D108/><U10/><E38/><V76/><F96/><W115/><G68/><T49/><D125/><U92/><E111/><V93/><F93/><W52/><G36/><T34/><D105/><U121/><E64/><V70/><F106/><W81/><G117/><T30/><D72/><U54/><E69/><V8/><F56/><W0/><G0/><T135/><D135/><U55/><E121/><N who="0" m="46665" /><D90/><U62/><E33/><N who="0" m="12905" /><D129/><U5/><E26/><V118/><F70/><W24/><G24/><N who="0" m="16647" /><D50/><U6/><E130/><V78/><F76/><W91/><G84/><T16/><D16/><N who="2" m="6218" /><F78/><W71/><G71/><T128/><D128/><U79/><E79/><V101/><F101/><W15/><G81/><T47/><AGARI ba="1,2" hai="41,43,47,49,53" m="16647,12905,46665" machi="47" ten="30,1100,0" yaku="13,1" doraHai="127" who="0" fromWho="0" sc="153,34,259,-6,254,-4,314,-4" /><INIT seed="6,0,0,1,0,133" ten="187,253,250,310" oya="2" hai0="63,104,128,85,2,76,71,48,33,126,12,93,53" hai1="86,0,130,123,113,67,65,101,46,16,47,3,79" hai2="25,97,51,89,34,28,22,94,35,90,77,43,45" hai3="78,59,81,100,20,74,95,27,21,41,91,132,54"/><V7/><F77/><W92/><G132/><T102/><D2/><U8/><E113/><V55/><F7/><W66/><G41/><T72/><D33/><U64/><E130/><V6/><F6/><W115/><G115/><T80/><D128/><U31/><E31/><V122/><F122/><W23/><G66/><T129/><D129/><U39/><E101/><V36/><F89/><W37/><G37/><T32/><D32/><U49/><E39/><V116/><F116/><W14/><G14/><T82/><D12/><U88/><E79/><V50/><F36/><W40/><G40/><T98/><D71/><U84/><E84/><V10/><F10/><W69/><G69/><T124/><D63/><U18/><E47/><AGARI ba="0,0" hai="22,25,28,34,35,43,45,47,50,51,55,90,94,97" machi="47" ten="30,1500,0" yaku="7,1" doraHai="133" who="2" fromWho="1" sc="187,0,253,-15,250,15,310,0" /><INIT seed="6,1,0,3,5,107" ten="187,238,265,310" oya="2" hai0="7,84,93,52,57,79,75,92,50,115,30,21,118" hai1="111,123,132,125,42,88,17,9,69,82,2,62,65" hai2="126,18,86,63,8,35,16,53,13,1,45,98,44" hai3="110,29,51,39,56,90,28,77,64,116,130,103,134"/><V72/><F126/><W109/><G116/><T12/><D115/><U112/><E111/><V55/><F72/><W95/><G39/><T122/><D122/><U73/><E112/><V68/><F1/><W38/><G38/><T85/><D118/><U74/><E125/><V54/><F35/><W76/><G134/><T58/><D75/><U80/><E132/><V66/><F86/><W67/><G103/><T15/><D7/><U117/><E117/><V31/><F31/><W78/><G130/><T81/><D30/><N who="3" m="11881" /><G110/><T129/><D129/><U32/><E32/><V24/><F98/><N who="3" m="57719" /><G109/><T25/><D58/><U10/><E42/><V71/><REACH who="2" step="1"/><F71/><REACH who="2" ten="187,238,255,310" step="2"/><W3/><G3/><T106/><D85/><U19/><E2/><V59/><F59/><W43/><G56/><T127/><D127/><U36/><E74/><V104/><F104/><W41/><G41/><T121/><D106/><U89/><E73/><V22/><AGARI ba="1,1" hai="8,13,16,18,22,24,44,45,53,54,55,63,66,68" machi="22" ten="30,6000,0" yaku="1,1,0,1,54,1,53,0" doraHai="107" doraHaiUra="97" who="2" fromWho="2" sc="187,-21,238,-21,255,73,310,-21" /><INIT seed="6,2,0,3,1,110" ten="166,217,328,289" oya="2" hai0="75,16,127,135,103,42,106,52,124,81,0,82,133" hai1="55,104,1,51,105,134,56,53,96,84,10,102,119" hai2="116,15,132,31,88,13,80,111,112,21,64,26,60" hai3="118,68,126,37,91,72,107,122,35,92,45,65,121"/><V39/><F116/><W129/><RYUUKYOKU type="yao9" ba="2,0" sc="166,0,217,0,328,0,289,0" hai3="35,37,45,65,68,72,91,92,107,118,121,122,126,129" /><INIT seed="6,3,0,3,2,129" ten="166,217,328,289" oya="2" hai0="112,64,98,127,93,82,70,43,33,2,62,104,12" hai1="1,7,5,126,8,111,122,128,94,40,69,59,87" hai2="42,92,15,51,73,117,99,38,28,108,20,23,24" hai3="49,27,34,101,56,113,109,130,31,131,13,4,22"/><V0/><F117/><W68/><G68/><T26/><D2/><U134/><E69/><V102/><F0/><W116/><G116/><T89/><D112/><U77/><E111/><V91/><F108/><W44/><G109/><T53/><D127/><U85/><E126/><V29/><F73/><W118/><G118/><T63/><D43/><U79/><E128/><N who="3" m="49194" /><G101/><T9/><D62/><U17/><E7/><V50/><F102/><W105/><G105/><T54/><D82/><U21/><E40/><V48/><F38/><W10/><G56/><T16/><REACH who="0" step="1"/><D104/><REACH who="0" ten="156,217,328,289" step="2"/><U46/><E1/><V66/><F42/><N who="3" m="24727" /><G113/><T115/><D115/><U83/><E83/><V18/><F66/><W100/><G100/><T133/><D133/><U35/><E134/><V114/><REACH who="2" step="1"/><F114/><REACH who="2" ten="156,217,318,289" step="2"/><W25/><G25/><T125/><D125/><U90/><E122/><V72/><F72/><W95/><G95/><T106/><D106/><U120/><E120/><V119/><F119/><W78/><G27/><T65/><D65/><U58/><E94/><V32/><F32/><W57/><G34/><T123/><D123/><U45/><E35/><V84/><F84/><W61/><G61/><T55/><D55/><U74/><E74/><V86/><F86/><W60/><G60/><T30/><AGARI ba="3,2" hai="9,12,16,26,30,33,53,54,63,64,70,89,93,98" machi="30" ten="30,4000,0" yaku="1,1,0,1,54,1,53,0" doraHai="129" doraHaiUra="37" who="0" fromWho="0" sc="156,69,217,-13,318,-23,289,-13" /><INIT seed="7,0,0,5,4,8" ten="225,204,295,276" oya="3" hai0="117,7,62,18,111,60,2,17,46,69,55,98,118" hai1="68,70,51,24,112,43,74,77,87,13,61,25,102" hai2="123,120,33,103,44,132,76,32,85,59,110,78,79" hai3="92,9,4,12,86,90,109,104,89,10,71,45,101"/><W14/><G71/><T31/><D111/><U15/><E74/><V88/><F110/><W26/><G109/><T93/><D31/><U94/><E70/><V75/><F132/><W126/><G126/><T81/><D7/><U39/><E39/><V22/><F103/><W100/><G104/><T82/><D2/><U130/><E112/><V125/><F125/><W95/><G26/><N who="1" m="10346" /><E68/><V1/><F1/><W65/><G45/><T6/><D6/><U106/><E106/><V36/><F22/><W50/><G50/><T35/><D35/><U80/><E61/><V49/><F59/><W114/><G65/><T52/><D69/><U131/><E102/><V116/><F116/><W40/><G40/><T58/><D118/><U23/><E23/><V133/><F75/><W66/><G66/><T27/><D117/><U67/><E94/><N who="2" m="54543" /><F36/><W34/><G34/><T99/><D27/><U38/><E67/><V5/><F5/><N who="3" m="3119" /><G114/><T105/><D105/><U19/><E19/><N who="0" m="7177" /><D99/><AGARI ba="0,0" hai="4,10,14,86,89,90,92,95,99,100,101" m="3119" machi="99" ten="30,5800,0" yaku="8,1,52,2" doraHai="8" who="3" fromWho="0" sc="225,-58,204,0,295,0,276,58" owari="167,-33.3,204,-19.6,295,9.5,334,43.4" /></mjloggm>