<mjloggm ver="2.3"><GO type="169" lobby="0"/><UN n0="%E3%83%AA%E3%83%B3%E3%83%8D%E3%83%B3" n1="%53%6F%6C%69%74%6F%6E" n2="%E7%AD%89%E3%80%85%E5%8A%9B%E5%8A%87%E5%A0%B4" n3="%E8%BE%9B%E5%8F%A3%E3%82%AB%E3%83%AC%E3%83%BC%E3%83%A9%E3%82%A4%E3%82%B9" dan="16,17,16,16" rate="2023.79,2159.55,2144.13,2130.44" sx="F,M,M,M"/><TAIKYOKU oya="0"/><INIT seed="0,0,0,3,2,109" ten="250,250,250,250" oya="0" hai0="97,51,113,129,43,23,57,102,115,77,0,75,17" hai1="38,12,46,117,63,21,45,61,36,107,13,47,8" hai2="116,53,92,74,65,29,126,27,67,18,3,55,15" hai3="26,32,90,131,118,71,49,39,132,105,110,68,10"/><T76/><D0/><U2/><E2/><V104/><F104/><W95/><G118/><T9/><D9/><U86/><E117/><V119/><F3/><W35/><G39/><T127/><D129/><U54/><E107/><V73/><F126/><W81/><G105/><T100/><D127/><U34/><E34/><V87/><F119/><W33/><G110/><T99/><D57/><U108/><E108/><V84/><F116/><W20/><G131/><T50/><D23/><U98/><E98/><V59/><F74/><W62/><G132/><T123/><D17/><U11/><E21/><V80/><F73/><W58/><G49/><T72/><D43/><U19/><E86/><V37/><F37/><W94/><G10/><T125/><D125/><U5/><REACH who="1" step="1"/><E54/><REACH who="1" ten="250,240,250,250" step="2"/><V6/><F55/><W7/><G20/><T42/><D42/><U130/><E130/><V40/><F40/><W114/><G33/><T135/><D123/><U83/><E83/><V111/><F80/><W30/><G81/><T1/><D1/><U88/><E88/><V31/><F87/><W78/><G35/><T79/><D76/><U133/><E133/><AGARI ba="0,1" hai="50,51,72,75,77,79,97,99,100,102,113,115,133,135" machi="133" ten="25,9600,0" yaku="22,2,52,2" doraHai="109" who="0" fromWho="1" sc="250,106,240,-96,250,0,250,0" /><INIT seed="0,1,0,5,5,90" ten="356,144,250,250" oya="0" hai0="127,56,35,80,42,98,82,64,60,67,63,112,45" hai1="28,3,19,0,96,18,52,73,8,106,20,39,54" hai2="21,124,65,49,31,97,55,86,115,93,100,36,72" hai3="84,131,47,95,135,81,43,108,111,23,57,22,4"/><T51/><D112/><U48/><E39/><V74/><F115/><W11/><G135/><T114/><D114/><U91/><E73/><V37/><F124/><W117/><G117/><T75/><D35/><U1/><E54/><V110/><F110/><N who="3" m="42027" /><G131/><T69/><D75/><U118/><E118/><V61/><F74/><W133/><G133/><T79/><D79/><U68/><E68/><V41/><F72/><W123/><G123/><T32/><D32/><U44/><E8/><V59/><F41/><W2/><G57/><T121/><D121/><U62/><E62/><V29/><F86/><W40/><G95/><T83/><D127/><U102/><REACH who="1" step="1"/><E91/><REACH who="1" ten="356,134,250,250" step="2"/><V129/><F37/><N who="3" m="21903" /><G43/><T119/><D119/><U10/><E10/><V58/><F36/><W34/><G34/><T46/><D45/><U66/><E66/><V105/><F129/><W15/><G2/><T122/><D122/><U38/><E38/><V7/><F65/><W116/><G116/><T50/><D51/><U113/><E113/><V89/><F49/><W109/><G109/><T30/><D69/><U104/><E104/><V92/><F105/><W6/><G4/><T9/><D67/><U76/><E76/><AGARI ba="1,1" hai="6,11,15,22,23,76,81,84" m="21903,42027" machi="76" ten="30,1000,0" yaku="14,1" doraHai="90" who="3" fromWho="1" sc="356,0,134,-13,250,0,250,23" /><INIT seed="1,0,0,1,4,67" ten="356,121,250,273" oya="1" hai0="62,101,86,32,60,90,37,26,98,77,2,65,134" hai1="130,41,50,99,45,107,92,25,113,63,33,109,64" hai2="16,84,58,89,10,120,8,114,43,85,27,36,133" hai3="95,31,3,17,121,66,15,112,1,72,94,40,70"/><U124/><E113/><V19/><F120/><W54/><G121/><T100/><D2/><U122/><E122/><V105/><F105/><W56/><G112/><T9/><D37/><U104/><E130/><V96/><F114/><W106/><G106/><T30/><D77/><U6/><E124/><V61/><F133/><W82/><G40/><T74/><D74/><U47/><E109/><V108/><F108/><W11/><G31/><T118/><D118/><U4/><E104/><V132/><F132/><W87/><G72/><T115/><D115/><U22/><E33/><V79/><F36/><W18/><G18/><T91/><D62/><U128/><E45/><V35/><F43/><W117/><G117/><T38/><D38/><U49/><E49/><V55/><F35/><W80/><G80/><T20/><D134/><U23/><E107/><V51/><F51/><W110/><G110/><T13/><D86/><N who="2" m="33386" /><F79/><W119/><G119/><T48/><D48/><U88/><E128/><V14/><F27/><W68/><G66/><T42/><D42/><U0/><E0/><V39/><F39/><W73/><G1/><T71/><D32/><U83/><E83/><V29/><F29/><W127/><G3/><T102/><REACH who="0" step="1"/><D98/><REACH who="0" ten="346,121,250,273" step="2"/><U52/><E41/><V126/><F96/><W135/><G73/><T81/><D81/><U131/><E131/><V123/><F123/><W75/><G135/><T76/><D76/><U21/><REACH who="1" step="1"/><E25/><REACH who="1" ten="346,111,250,273" step="2"/><V69/><F126/><W125/><G127/><T5/><AGARI ba="0,2" hai="5,9,13,20,26,30,60,65,71,90,91,100,101,102" machi="5" ten="30,4000,0" yaku="1,1,0,1,52,1,53,0" doraHai="67" doraHaiUra="46" who="0" fromWho="0" sc="346,60,111,-20,250,-10,273,-10" /><INIT seed="2,0,0,1,2,81" ten="406,91,240,263" oya="2" hai0="88,62,42,1,101,100,122,96,128,11,118,99,45" hai1="127,36,22,19,41,67,135,48,83,129,43,115,98" hai2="123,5,3,108,31,66,107,105,97,18,106,85,94" hai3="119,70,111,40,73,38,37,63,120,82,26,91,6"/><V21/><F123/><W54/><G119/><T72/><D72/><U95/><E115/><V89/><F108/><W17/><G120/><T58/><D122/><U71/><E36/><V56/><F31/><W52/><G111/><T79/><D79/><U86/><E127/><V80/><F5/><W39/><G6/><T104/><D128/><U131/><E135/><V102/><F3/><W10/><G40/><T20/><D118/><U134/><E134/><V27/><F66/><W69/><G73/><T110/><D110/><U121/><E121/><V77/><REACH who="2" step="1"/><F56/><REACH who="2" ten="406,91,230,263" step="2"/><W112/><G112/><T24/><D58/><U51/><E67/><V64/><F64/><W103/><G70/><T117/><D1/><U9/><E71/><V132/><F132/><W50/><G69/><T90/><D117/><U57/><E131/><V46/><F46/><W49/><G38/><T87/><D45/><U32/><E129/><V125/><F125/><W113/><G39/><T61/><D104/><U44/><E57/><V114/><F114/><W7/><G37/><T84/><D62/><U30/><E30/><V75/><AGARI ba="0,1" hai="18,21,27,75,77,80,85,89,94,97,102,105,106,107" machi="75" ten="20,18000,2" yaku="1,1,0,1,7,1,24,2,52,1,53,0" doraHai="81" doraHaiUra="53" who="2" fromWho="2" sc="406,-60,91,-60,230,190,263,-60" /><INIT seed="2,1,0,3,2,7" ten="346,31,420,203" oya="2" hai0="119,29,73,82,93,44,51,107,55,20,70,112,114" hai1="40,41,45,62,39,50,92,65,130,13,103,64,3" hai2="123,85,10,118,97,15,113,78,33,122,6,68,19" hai3="4,106,53,36,66,96,109,102,18,1,28,34,60"/><V117/><F68/><W116/><G116/><N who="2" m="44649" /><F85/><W58/><G109/><T135/><D107/><U129/><E3/><N who="2" m="351" /><F78/><W56/><G36/><T134/><D70/><U48/><E13/><V27/><F97/><W35/><G18/><T61/><D61/><U108/><E103/><V52/><F52/><W86/><G86/><T94/><D93/><U76/><E76/><V31/><F113/><W84/><G84/><T5/><D119/><U0/><E0/><V23/><AGARI ba="1,0" hai="15,19,23,27,31,33,122,123" m="351,44649" machi="23" ten="30,11700,0" yaku="24,1,34,2,52,1" doraHai="7" who="2" fromWho="2" sc="346,-40,31,-40,420,120,203,-40" owari="306,10.6,-9,-50.9,540,64.0,163,-23.7" /></mjloggm>