<mjloggm ver="2.3"><GO type="169" lobby="0"/><UN n0="%E4%B8%8A%E6%B5%B7%E3%83%8B%E3%83%83%E3%82%AF" n1="%E6%98%8E%E6%98%9F%E5%B8%82%E6%B0%91" n2="%E3%82%B4%E3%83%BC%E3%83%AB%E3%83%89%E3%82%B7%E3%83%83%E3%83%97" n3="%E3%81%8F%E3%81%8E%E3%82%85%E3%81%86%E3%81%86%E3%81%86%E3%81%86" dan="17,17,16,18" rate="2176.62,2198.03,2110.86,2256.72" sx="M,M,M,M"/><TAIKYOKU oya="0"/><INIT seed="0,0,0,5,0,109" ten="250,250,250,250" oya="0" hai0="131,94,7,29,134,87,72,12,93,17,41,2,57" hai1="79,120,127,3,0,27,113,108,62,51,26,33,133" hai2="112,28,96,8,71,125,4,49,135,46,70,9,30" hai3="69,43,92,63,105,114,98,42,45,38,116,65,111"/><T60/><D72/><U130/><E108/><V20/><F135/><W103/><G111/><T50/><D134/><U56/><E120/><V100/><F125/><W22/><G116/><T48/><D131/><U67/><E127/><V110/><F110/><W123/><G123/><T64/><D29/><U66/><E130/><V85/><F85/><W47/><G22/><T97/><D2/><U121/><E0/><V68/><F112/><W126/><G126/><T59/><D7/><U58/><E3/><V78/><F78/><W19/><G19/><T21/><D41/><U44/><E33/><V55/><F20/><W91/><G114/><T99/><D87/><U86/><E113/><V83/><F83/><W115/><G115/><T24/><D12/><U89/><E79/><V53/><F53/><W11/><G11/><T81/><D81/><N who="1" m="49359" /><E133/><V35/><F35/><W6/><G6/><T88/><REACH who="0" step="1"/><D59/><REACH who="0" ten="240,250,250,250" step="2"/><U32/><E121/><V13/><REACH who="2" step="1"/><F8/><REACH who="2" ten="240,250,240,250" step="2"/><W31/><G42/><T80/><D80/><U1/><E32/><V82/><F82/><W34/><G43/><T76/><D76/><U101/><E1/><V129/><F129/><W75/><G75/><T122/><D122/><U107/><E58/><V25/><F25/><W77/><G77/><T36/><D36/><U15/><E26/><V104/><AGARI ba="0,2" hai="4,9,13,28,30,46,49,55,68,70,71,96,100,104" machi="104" ten="30,2000,0" yaku="1,1,0,1,53,0" doraHai="109" doraHaiUra="128" who="2" fromWho="2" sc="240,-10,250,-5,240,40,250,-5" /><INIT seed="1,0,0,3,5,85" ten="230,245,280,245" oya="1" hai0="82,135,121,47,102,27,60,40,33,56,68,119,37" hai1="129,79,58,9,64,98,67,81,61,13,71,110,15" hai2="24,44,117,46,115,12,36,77,92,111,70,75,87" hai3="31,95,90,114,131,2,59,89,65,69,113,94,124"/><U39/><E129/><V108/><F117/><W52/><G2/><T21/><D119/><U134/><E39/><V26/><F115/><W80/><G131/><T126/><D135/><U43/><E134/><V3/><F3/><W106/><G106/><T28/><D126/><U0/><E43/><V97/><F75/><W104/><G104/><T53/><D121/><U83/><E83/><N who="2" m="47599" /><F70/><W62/><G80/><T63/><D102/><U50/><E98/><V127/><F127/><W17/><G124/><T99/><D99/><U32/><E32/><V23/><F12/><W57/><G31/><T107/><D107/><U86/><E110/><N who="2" m="42027" /><F36/><W91/><G69/><T7/><D7/><U10/><E71/><V96/><F96/><W122/><G122/><T22/><D63/><U118/><E64/><V16/><F26/><W38/><G38/><T84/><REACH who="0" step="1"/><D68/><REACH who="0" ten="220,245,280,245" step="2"/><U25/><E118/><V55/><F55/><W41/><G114/><T103/><D103/><AGARI ba="0,1" hai="16,23,24,44,46,92,97,103" m="42027,47599" machi="103" ten="30,2000,0" yaku="14,1,54,1" doraHai="85" who="2" fromWho="0" sc="220,-20,245,0,280,30,245,0" /><INIT seed="2,0,0,3,2,86" ten="200,245,310,245" oya="2" hai0="17,93,123,84,126,32,54,27,10,130,33,58,106" hai1="6,8,122,30,121,29,52,48,55,108,116,75,42" hai2="28,96,61,90,36,40,60,94,128,118,21,64,63" hai3="1,68,15,107,9,12,53,110,87,120,0,3,5"/><V49/><F118/><W80/><G107/><T103/><D123/><N who="1" m="47115" /><E75/><V112/><F112/><W23/><G120/><T104/><D130/><U74/><E74/><V62/><F128/><W73/><G73/><T100/><D126/><U105/><E105/><V56/><F36/><W37/><G110/><T132/><D132/><U99/><E99/><V109/><F109/><W38/><G68/><T18/><D84/><U59/><E116/><V46/><F28/><W43/><G53/><T82/><D93/><U31/><E108/><V7/><F21/><W95/><G95/><T69/><D82/><U125/><E125/><V102/><REACH who="2" step="1"/><F7/><REACH who="2" ten="200,245,300,245" step="2"/><W72/><G38/><T50/><D33/><U133/><E133/><V92/><F92/><W22/><G22/><N who="0" m="13775" /><D32/><U16/><E6/><V135/><F135/><W81/><G23/><T47/><D106/><U71/><E8/><V98/><F98/><W4/><G4/><T11/><D104/><U44/><E16/><V83/><F83/><W45/><G80/><T119/><D119/><U78/><E29/><V97/><F97/><W91/><G72/><T127/><D127/><U41/><E30/><V115/><F115/><W114/><G114/><T101/><D18/><U76/><E31/><V14/><F14/><W89/><REACH who="3" step="1"/><G15/><REACH who="3" ten="200,245,300,235" step="2"/><T117/><D117/><U26/><E26/><V66/><F66/><W79/><AGARI ba="0,2" hai="0,1,3,5,9,12,37,43,45,79,81,87,89,91" machi="79" ten="30,8000,1" yaku="1,1,2,1,0,1,52,2,53,0" doraHai="86" doraHaiUra="131" who="3" fromWho="3" sc="200,-20,245,-20,300,-40,235,100" /><INIT seed="3,0,0,4,0,124" ten="180,225,260,335" oya="3" hai0="106,60,105,93,118,10,43,80,67,113,129,38,32" hai1="53,111,94,31,56,2,132,128,13,85,116,48,99" hai2="77,100,127,95,9,36,0,114,59,46,125,41,37" hai3="23,26,18,126,12,21,61,70,90,120,83,45,35"/><W5/><G120/><T19/><D118/><U8/><E132/><V20/><F114/><W3/><G126/><N who="2" m="48137" /><F77/><W47/><G70/><T108/><D113/><U15/><E111/><V14/><F59/><W92/><G83/><T84/><D108/><U82/><E31/><V71/><F71/><W68/><G68/><T73/><D32/><U122/><E122/><V87/><F20/><W11/><G61/><T81/><D38/><U123/><E116/><V89/><F100/><W134/><G134/><T110/><D43/><U49/><E49/><N who="2" m="26831" /><F0/><W17/><REACH who="3" step="1"/><G35/><REACH who="3" ten="180,225,260,325" step="2"/><T16/><D110/><U97/><E82/><V131/><F131/><W115/><G115/><T121/><D121/><U103/><E128/><V74/><F74/><W96/><AGARI ba="0,1" hai="3,5,11,12,17,18,21,23,26,45,47,90,92,96" machi="96" ten="20,3900,0" yaku="1,1,0,1,7,1,53,0" doraHai="124" doraHaiUra="51" who="3" fromWho="3" sc="180,-13,225,-13,260,-13,325,49" /><INIT seed="3,1,0,4,5,0" ten="167,212,247,374" oya="3" hai0="97,95,59,69,1,5,118,66,52,102,24,99,61" hai1="9,116,134,129,83,96,58,81,10,18,122,111,38" hai2="100,89,112,54,90,123,17,13,68,62,70,33,31" hai3="84,16,117,79,46,29,11,131,47,19,130,105,109"/><W27/><G117/><T87/><D118/><U104/><E116/><V82/><F112/><W76/><G105/><T110/><D110/><U21/><E38/><V125/><F100/><W6/><G109/><T40/><D40/><U43/><E43/><V127/><F123/><W86/><G29/><T75/><D75/><U34/><E34/><V103/><F103/><W126/><G27/><T120/><D120/><U64/><E134/><V107/><F31/><W71/><G11/><T135/><D135/><U44/><E44/><V53/><F62/><W22/><G22/><T80/><D99/><U60/><E129/><V113/><F82/><W115/><G71/><T7/><D1/><U3/><E10/><V15/><F17/><W28/><G28/><T98/><D98/><U106/><E111/><V133/><F113/><W121/><G121/><T42/><D42/><U45/><E45/><V63/><F63/><W39/><G115/><T56/><D24/><U50/><E50/><V77/><F77/><W114/><G114/><T93/><D93/><U26/><E122/><V2/><F2/><W108/><G108/><T14/><D14/><U74/><E96/><V132/><REACH who="2" step="1"/><F33/><REACH who="2" ten="167,212,237,374" step="2"/><W73/><G79/><N who="0" m="46495" /><D69/><U57/><E83/><V8/><F8/><W20/><G76/><T35/><D35/><U41/><E81/><V49/><F49/><AGARI ba="1,1" hai="5,7,49,52,56,59,61,66,95,97,102" m="46495" machi="49" ten="30,7700,0" yaku="8,1,52,2,54,1" doraHai="0" who="0" fromWho="2" sc="167,90,212,0,237,-80,374,0" /><INIT seed="4,0,0,2,1,131" ten="257,212,157,374" oya="0" hai0="13,52,69,118,40,47,50,132,116,11,65,126,112" hai1="115,0,63,123,25,87,32,122,24,92,105,21,106" hai2="17,81,119,88,3,133,80,121,42,91,128,33,117" hai3="12,71,76,48,62,108,66,127,111,96,125,89,29"/><T15/><D15/><U36/><E0/><V107/><F128/><W64/><G76/><T60/><D112/><U5/><E5/><V78/><F121/><W4/><G29/><T110/><D110/><U82/><E36/><V72/><F33/><W73/><G73/><T28/><D126/><N who="3" m="48137" /><G66/><T30/><D132/><U74/><E74/><V124/><F3/><W95/><G48/><T22/><D40/><U46/><E115/><V102/><F42/><W6/><G12/><T70/><D70/><U14/><E92/><V8/><F124/><W2/><G2/><T26/><REACH who="0" step="1"/><D30/><REACH who="0" ten="247,212,157,374" step="2"/><U18/><E122/><V55/><F133/><W20/><G111/><T113/><D113/><U54/><E123/><V135/><F135/><W16/><G108/><T99/><D99/><U130/><E130/><V104/><F117/><W34/><G96/><T90/><D90/><U100/><E100/><V59/><F102/><W67/><G89/><T68/><D68/><U75/><E14/><V56/><F119/><W38/><G71/><T35/><D35/><U27/><E32/><V94/><F91/><W19/><G34/><T61/><D61/><U51/><E63/><V1/><F88/><W7/><G62/><T97/><D97/><U109/><E109/><V58/><F1/><W84/><G4/><AGARI ba="0,1" hai="4,11,13,22,26,28,47,50,52,60,65,69,116,118" machi="4" ten="30,11600,0" yaku="1,1,7,1,54,1,53,1" doraHai="131" doraHaiUra="23" who="0" fromWho="3" sc="247,126,212,0,157,0,374,-116" /><INIT seed="4,1,0,3,3,76" ten="373,212,157,258" oya="0" hai0="94,50,25,39,116,129,62,92,73,15,100,34,61" hai1="24,54,135,53,132,118,104,130,102,5,42,47,96" hai2="69,85,43,4,81,75,115,20,64,19,46,107,74" hai3="67,113,101,78,48,128,2,65,125,60,49,120,90"/><T27/><D39/><U28/><E118/><V26/><F107/><W13/><G2/><T105/><D116/><U58/><E5/><V134/><F4/><W84/><G113/><T70/><D129/><U0/><E0/><V88/><F115/><W72/><G128/><T33/><D50/><U21/><E130/><V35/><F134/><N who="1" m="51241" /><E58/><V12/><F64/><W9/><G67/><T110/><D70/><U87/><E87/><V119/><F69/><W40/><G101/><T114/><D73/><U10/><E10/><V1/><F1/><W112/><G112/><T17/><D114/><U109/><E109/><V97/><F97/><W111/><G111/><T66/><D66/><U37/><AGARI ba="1,0" hai="21,24,28,37,42,47,53,54,96,102,104" m="51241" machi="37" ten="30,1100,0" yaku="20,1" doraHai="76" who="1" fromWho="1" sc="373,-6,212,14,157,-4,258,-4" /><INIT seed="5,0,0,3,5,42" ten="367,226,153,254" oya="1" hai0="75,18,98,78,11,118,122,90,37,62,102,54,23" hai1="30,63,70,93,35,13,130,2,101,4,36,8,56" hai2="126,116,68,107,103,94,134,104,27,61,53,17,105" hai3="115,87,3,113,111,83,132,80,125,40,49,25,128"/><U88/><E130/><V77/><F116/><W81/><G3/><T33/><D118/><U20/><E36/><V91/><F77/><W24/><G111/><T72/><D33/><U135/><E70/><V31/><F126/><W9/><G9/><T66/><D90/><U0/><E101/><V106/><N who="2" m="26624" /><DORA hai="22" /><V117/><F117/><W76/><G132/><T52/><D11/><U14/><E35/><V38/><F38/><W108/><G108/><T34/><D34/><U71/><E71/><V124/><F124/><W1/><G1/><T47/><D122/><U89/><E89/><V133/><F103/><W45/><G128/><T64/><D64/><U65/><E135/><V19/><F133/><W92/><G125/><T21/><D66/><U39/><E39/><V7/><F7/><W48/><G48/><T28/><D78/><U29/><E0/><V112/><F112/><N who="3" m="43083" /><G92/><T110/><D37/><U43/><E43/><V50/><F61/><W96/><G96/><T123/><D62/><U95/><E95/><V57/><F68/><W55/><G40/><T82/><D110/><U119/><E119/><V121/><F121/><W99/><G99/><T41/><D98/><N who="1" m="57639" /><E2/><V26/><F134/><W73/><G83/><T60/><D123/><U51/><E51/><V74/><F74/><W114/><G114/><T58/><D75/><U6/><E6/><V109/><F109/><W67/><G67/><T32/><D72/><U86/><E86/><V120/><F120/><W44/><G73/><T10/><D102/><U97/><E97/><N who="2" m="57567" /><F31/><W16/><G76/><T79/><D79/><RYUUKYOKU ba="0,0" sc="367,-15,226,15,153,15,254,-15" hai1="4,8,13,14,20,29,30,56,63,65" hai2="17,19,26,27,50,53,57" /><INIT seed="5,1,0,1,0,50" ten="352,241,168,239" oya="1" hai0="11,66,65,26,78,67,119,99,124,8,103,83,68" hai1="72,1,0,89,20,7,77,134,135,113,129,3,46" hai2="121,111,85,60,45,12,27,41,91,14,35,98,131" hai3="101,132,23,130,9,125,64,73,21,39,108,52,69"/><U95/><E129/><V96/><F131/><W110/><G130/><T59/><D119/><U10/><E113/><V74/><F74/><W116/><G73/><T100/><D68/><U115/><E115/><V120/><F111/><W128/><G128/><T44/><D124/><U105/><E105/><V2/><F2/><W90/><G39/><T71/><D71/><U76/><E20/><V123/><F60/><W38/><G38/><T53/><D44/><U57/><E46/><V25/><F45/><W114/><G101/><T48/><D26/><U97/><E57/><V19/><F41/><W6/><G90/><T16/><D99/><U122/><E122/><V86/><F91/><W87/><G125/><T93/><D93/><U42/><E42/><V127/><F127/><W126/><G126/><T112/><D8/><U109/><E109/><V31/><F19/><W28/><G69/><T94/><D94/><U70/><E70/><V15/><REACH who="2" step="1"/><F27/><REACH who="2" ten="352,241,158,239" step="2"/><N who="3" m="16495" /><G110/><T33/><D112/><U84/><E72/><V40/><F40/><W34/><G114/><T81/><D78/><U63/><E63/><V32/><F32/><W43/><G34/><T58/><D33/><U118/><E76/><V17/><F17/><W62/><G62/><N who="0" m="38103" /><D67/><U13/><E118/><V133/><F133/><N who="1" m="50697" /><E77/><V29/><F29/><W54/><G64/><T79/><D66/><U82/><E0/><V104/><F104/><W22/><G116/><T75/><D75/><U36/><E1/><V106/><F106/><W102/><G132/><T92/><D79/><N who="1" m="46175" /><E3/><V5/><F5/><W117/><G108/><T80/><D16/><RYUUKYOKU ba="1,1" sc="352,-15,241,15,158,15,239,-15" hai1="7,10,13,36,89,95,97" hai2="12,14,15,25,31,35,85,86,96,98,120,121,123" /><INIT seed="5,2,1,3,2,30" ten="337,256,173,224" oya="1" hai0="73,53,71,43,65,91,62,104,25,96,2,10,32" hai1="42,34,23,39,115,128,105,129,24,13,4,119,29" hai2="66,132,50,19,45,102,7,9,92,120,69,21,31" hai3="112,100,133,58,55,82,88,63,85,113,81,41,77"/><U48/><E105/><V116/><F120/><W54/><G133/><T16/><D73/><U0/><E39/><V94/><F132/><W57/><G41/><T47/><D53/><U79/><E79/><V5/><F116/><W18/><G18/><T44/><D91/><U6/><E48/><V35/><F69/><W86/><REACH who="3" step="1"/><G100/><REACH who="3" ten="337,256,173,214" step="2"/><N who="0" m="62471" /><D43/><U93/><E42/><N who="2" m="24887" /><F102/><W76/><G76/><T95/><D16/><N who="1" m="10639" /><E119/><V135/><F135/><W107/><G107/><T17/><D17/><U134/><E134/><V46/><F5/><N who="1" m="2153" /><E115/><V109/><F7/><W101/><G101/><T52/><D2/><U15/><E0/><V80/><F19/><W126/><G126/><T83/><D10/><U127/><E127/><V67/><F9/><W110/><G110/><T60/><D95/><U22/><E93/><V38/><F92/><W20/><G20/><T51/><D83/><U56/><E56/><V61/><F21/><W59/><G59/><N who="0" m="33183" /><D62/><AGARI ba="2,2" hai="54,55,57,58,62,63,77,81,82,85,86,88,112,113" machi="62" ten="40,5200,0" yaku="1,1,9,1,54,1,53,0" doraHai="30" doraHaiUra="36" who="3" fromWho="0" sc="337,-58,256,0,173,0,214,78" /><INIT seed="6,0,0,5,2,84" ten="279,256,173,292" oya="2" hai0="119,45,19,125,67,91,76,35,110,16,29,39,86" hai1="32,88,116,80,81,120,93,64,96,132,74,9,72" hai2="123,59,47,117,109,114,1,98,27,111,41,105,34" hai3="14,100,128,75,99,37,82,65,126,42,79,103,49"/><V38/><F123/><W118/><G118/><T8/><D110/><U60/><E32/><V53/><F117/><W85/><G37/><T44/><D119/><U0/><E116/><V25/><F1/><W87/><G103/><T69/><D125/><U6/><E132/><V89/><F114/><W63/><G126/><T135/><D135/><U52/><E52/><V54/><F54/><W18/><G49/><T130/><D76/><U77/><E120/><V28/><F25/><W127/><G42/><T40/><D130/><U5/><E5/><V33/><F33/><W104/><G128/><T20/><D35/><U36/><E36/><V3/><F3/><W78/><G78/><T107/><D107/><U73/><REACH who="1" step="1"/><E81/><REACH who="1" ten="279,246,173,292" step="2"/><V26/><F26/><W50/><G50/><T106/><D39/><U112/><E112/><V21/><F34/><W102/><G82/><T92/><D40/><U55/><E55/><V46/><F46/><W71/><G127/><T10/><D45/><U97/><E97/><V48/><REACH who="2" step="1"/><F105/><REACH who="2" ten="279,246,163,292" step="2"/><W122/><G104/><T30/><D44/><U129/><E129/><V4/><F4/><W57/><G122/><T68/><D106/><U121/><E121/><V15/><F15/><W124/><G124/><T51/><D67/><U70/><AGARI ba="0,2" hai="0,6,9,60,64,70,72,73,74,77,80,88,93,96" machi="70" ten="20,8000,1" yaku="1,1,0,1,7,1,52,1,54,1,53,0" doraHai="84" doraHaiUra="12" who="1" fromWho="1" sc="279,-20,246,100,163,-40,292,-20" /><INIT seed="7,0,0,3,2,52" ten="259,346,123,272" oya="3" hai0="57,25,14,110,88,123,100,13,54,119,76,94,128" hai1="91,113,115,102,131,72,132,22,67,120,129,92,43" hai2="53,74,69,81,40,27,15,112,48,78,45,117,71" hai3="93,111,104,46,75,96,11,31,68,86,47,36,66"/><W121/><G121/><T42/><D110/><U7/><E72/><V80/><F117/><W87/><G75/><T41/><D128/><N who="1" m="49227" /><E7/><V56/><F112/><W38/><G11/><T83/><D119/><U20/><E132/><V10/><F27/><W35/><G47/><T98/><D123/><U85/><E67/><V28/><F28/><W133/><G46/><T99/><D42/><U0/><E0/><V126/><F81/><W26/><G111/><T23/><D41/><U82/><E43/><V18/><F126/><W125/><G133/><T8/><D76/><U61/><E61/><V89/><REACH who="2" step="1"/><F89/><REACH who="2" ten="259,346,113,272" step="2"/><N who="3" m="53439" /><G125/><T116/><D116/><U64/><E91/><V50/><AGARI ba="0,1" hai="10,15,18,40,45,48,50,53,56,69,71,74,78,80" machi="50" ten="20,8000,1" yaku="1,1,0,1,7,1,52,1,53,1" doraHai="52" doraHaiUra="77" who="2" fromWho="2" sc="259,-20,346,-20,113,90,272,-40" owari="239,3.9,326,42.6,203,-29.7,232,-16.8" /></mjloggm>