<mjloggm ver="2.3"><GO type="169" lobby="0"/><UN n0="%E3%83%91%E3%82%A1%E3%82%AF" n1="%43%4F%45%44%4F%E7%B7%91" n2="%E3%81%8B%E3%81%9F%32%36%E3%82%8A" n3="%E3%82%B9%E3%82%BA%E3%83%A4" dan="18,17,16,16" rate="2253.75,2091.73,2103.45,2134.67" sx="M,F,M,M"/><TAIKYOKU oya="0"/><INIT seed="0,0,0,3,4,0" ten="250,250,250,250" oya="0" hai0="119,7,71,33,68,100,60,113,21,43,81,63,25" hai1="64,86,30,37,35,129,2,76,127,69,27,92,14" hai2="67,109,73,29,94,8,85,22,48,47,123,95,89" hai3="114,49,61,87,132,56,32,74,115,108,110,54,80"/><T45/><D33/><U58/><E2/><V84/><F73/><W79/><G32/><T112/><D119/><U126/><E37/><V1/><F67/><W59/><G74/><T91/><D100/><U18/><E69/><V120/><F109/><N who="3" m="42091" /><G132/><T52/><D7/><U9/><E129/><V19/><F8/><W53/><AGARI ba="0,0" hai="49,53,54,56,59,61,79,80,87,114,115" m="42091" machi="53" ten="30,1100,0" yaku="14,1" doraHai="0" who="3" fromWho="3" sc="250,-5,250,-3,250,-3,250,11" /><INIT seed="1,0,0,4,2,116" ten="245,247,247,261" oya="1" hai0="42,95,75,63,98,114,72,18,110,100,127,120,41" hai1="43,53,34,26,92,56,102,119,80,123,51,126,8" hai2="112,35,40,23,113,93,25,44,109,7,101,107,88" hai3="59,89,73,132,48,74,12,10,24,97,94,128,122"/><U11/><E123/><V104/><F109/><W90/><G128/><T124/><D114/><N who="2" m="44138" /><F35/><W52/><G132/><T39/><D110/><U9/><E126/><N who="0" m="48169" /><D18/><U61/><E119/><V67/><F67/><W17/><G122/><T45/><D120/><U115/><E115/><V33/><F33/><W2/><G2/><T54/><D42/><U87/><E34/><V28/><F101/><W135/><G135/><T66/><D54/><U125/><E125/><V20/><F7/><W118/><G118/><T58/><AGARI ba="0,0" hai="39,41,45,58,63,66,72,75,95,98,100" m="48169" machi="58" ten="30,1100,0" yaku="18,1" doraHai="116" who="0" fromWho="0" sc="245,11,247,-5,247,-3,261,-3" /><INIT seed="2,0,0,3,0,37" ten="256,242,244,258" oya="2" hai0="82,94,23,36,106,119,43,39,127,62,18,123,125" hai1="74,124,93,89,79,24,77,42,57,65,34,69,131" hai2="41,70,45,83,90,16,6,116,121,60,98,35,100" hai3="73,107,4,134,76,52,68,64,25,112,135,110,72"/><V0/><F116/><W128/><G110/><T130/><D123/><U122/><E122/><V49/><F35/><W61/><G128/><T105/><D119/><U67/><E131/><V58/><F70/><W33/><G112/><T114/><D114/><U109/><E109/><V7/><F121/><W51/><G4/><T71/><D94/><U133/><E69/><V40/><F0/><W48/><G48/><T11/><D82/><U29/><E124/><N who="0" m="47689" /><D11/><U111/><E111/><V2/><F2/><W44/><G107/><N who="0" m="40971" /><D43/><N who="2" m="16458" /><F100/><W14/><G14/><N who="0" m="9687" /><D130/><U84/><E74/><V27/><F27/><W66/><G25/><T92/><D92/><U53/><E133/><V8/><F98/><W97/><G97/><T5/><D5/><U15/><E15/><N who="2" m="7271" /><F83/><W78/><G134/><T1/><D1/><U55/><E24/><V28/><F28/><W12/><G12/><T56/><D71/><U120/><E29/><V17/><F17/><W20/><G135/><T38/><D38/><U129/><E120/><V46/><F90/><W9/><G68/><T81/><D81/><U95/><E89/><V26/><F26/><W86/><G33/><T85/><D85/><U50/><E84/><V115/><F115/><W88/><G86/><T21/><D21/><U117/><E34/><V30/><F30/><W3/><G20/><T80/><D80/><U47/><E129/><V103/><F103/><W63/><G73/><T19/><D19/><U59/><E117/><V118/><F118/><W102/><G72/><T126/><D126/><U13/><E13/><V54/><F45/><W75/><G44/><RYUUKYOKU ba="0,0" sc="256,15,242,-15,244,15,258,-15" hai0="36,39,56,62" hai2="6,7,46,49,54,58,60" /><INIT seed="2,1,0,0,2,8" ten="271,227,259,243" oya="2" hai0="76,110,102,20,12,27,47,99,127,80,11,131,72" hai1="86,29,133,108,120,105,121,60,17,90,114,126,71" hai2="21,4,73,23,68,30,46,111,24,96,35,36,31" hai3="2,75,113,85,122,59,22,16,49,77,50,39,45"/><V124/><F68/><W57/><G122/><T61/><D110/><U25/><E114/><V88/><F73/><W115/><G2/><T84/><D131/><U41/><E108/><V104/><F111/><W43/><G75/><T66/><D127/><U7/><E105/><V91/><F4/><W101/><G101/><T119/><D47/><U6/><E126/><V74/><F74/><W79/><G39/><T14/><D11/><U95/><E41/><V107/><F124/><W92/><G115/><T52/><D52/><U93/><E133/><V78/><F78/><N who="3" m="29707" /><G50/><T94/><D72/><U135/><E95/><V103/><F36/><W117/><G117/><T34/><D34/><U100/><E100/><V53/><F35/><W98/><G98/><T130/><D130/><U125/><E135/><V33/><F33/><W129/><G129/><T3/><D3/><U123/><E29/><V10/><F10/><W48/><G48/><T51/><D51/><U81/><E81/><V70/><F70/><W32/><G32/><T116/><D116/><U128/><E128/><V58/><F46/><W9/><G9/><T40/><D40/><U54/><E125/><V44/><F44/><W13/><G113/><T132/><D132/><U15/><E71/><V112/><F107/><W63/><G63/><T55/><D55/><U0/><E60/><N who="2" m="35919" /><F112/><W42/><G42/><T62/><D119/><U5/><E54/><V65/><F65/><W28/><G28/><N who="0" m="17511" /><D62/><U87/><E0/><V56/><F56/><AGARI ba="1,0" hai="12,14,56,61,66,76,80,84,94,99,102" m="17511" machi="56" ten="30,7700,0" yaku="25,1,8,1,52,2" doraHai="8" who="0" fromWho="2" sc="271,80,227,0,259,-80,243,0" /><INIT seed="3,0,0,0,3,84" ten="351,227,179,243" oya="3" hai0="17,130,14,59,133,13,29,31,73,34,95,53,115" hai1="119,71,72,46,43,67,62,12,118,33,19,1,98" hai2="101,60,61,83,55,105,107,35,99,42,85,37,80" hai3="87,135,86,78,9,121,131,96,112,57,4,75,77"/><W129/><G112/><T40/><D73/><U3/><E33/><V49/><F35/><W88/><G121/><T127/><D40/><U104/><E72/><V111/><F111/><W120/><G120/><T5/><D115/><U97/><E1/><V69/><F107/><W108/><G108/><T41/><D41/><U79/><E79/><N who="3" m="30218" /><G75/><T103/><D34/><U28/><E28/><V117/><F117/><N who="1" m="44553" /><E3/><V0/><F0/><W94/><G135/><T58/><D133/><U51/><E104/><V65/><F60/><W93/><G57/><T11/><D59/><U2/><E2/><V91/><F42/><W124/><G124/><T25/><D25/><U52/><E43/><V74/><F37/><W114/><G94/><T8/><D127/><U47/><E47/><V113/><F113/><W50/><G50/><N who="0" m="31031" /><D130/><N who="3" m="49673" /><G114/><T44/><D44/><U7/><E7/><V110/><F110/><W68/><G68/><T102/><D95/><U109/><E109/><V6/><F74/><W92/><G92/><T18/><D5/><U63/><E63/><V30/><F6/><W22/><G22/><AGARI ba="0,0" hai="12,19,22,46,51,52,62,67,71,97,98" m="44553" machi="22" ten="30,2000,0" yaku="12,1,54,1" doraHai="84" who="1" fromWho="3" sc="351,0,227,20,179,0,243,-20" /><INIT seed="4,0,0,4,3,96" ten="351,247,179,223" oya="0" hai0="64,100,118,89,124,70,115,60,121,39,38,77,72" hai1="103,76,112,41,111,6,33,110,69,80,105,35,2" hai2="47,125,71,23,8,126,51,86,26,82,40,61,16" hai3="90,0,5,29,79,1,134,14,73,63,21,78,88"/><T114/><D118/><U13/><E13/><V4/><F71/><W37/><G37/><T44/><D121/><U52/><E41/><V9/><F61/><W81/><G134/><T7/><D89/><U131/><E52/><V57/><F57/><W101/><G79/><T19/><D124/><U119/><E69/><V46/><F46/><W65/><G101/><T129/><D129/><U17/><E17/><V20/><F20/><W130/><G130/><T98/><D19/><U108/><E119/><V95/><F95/><W15/><G0/><T22/><D22/><U48/><E48/><V91/><REACH who="2" step="1"/><F4/><REACH who="2" ten="351,247,169,223" step="2"/><W53/><G21/><T55/><D7/><U75/><E131/><V113/><F113/><N who="0" m="43018" /><D44/><U31/><E112/><V34/><F34/><W106/><G5/><T58/><D70/><U93/><E93/><V109/><F109/><W18/><G63/><T32/><D32/><U132/><E35/><V66/><F66/><W68/><G65/><T30/><D64/><U87/><E33/><V135/><F135/><W59/><G68/><T62/><D62/><U56/><E132/><V28/><F28/><W12/><G29/><T49/><D30/><U3/><E31/><V54/><F54/><W27/><G53/><T84/><D60/><U50/><E6/><V43/><F43/><W10/><G59/><T99/><D58/><U97/><E2/><V94/><F94/><W85/><G1/><T42/><D42/><U128/><E3/><V107/><F107/><W36/><G106/><T45/><D55/><N who="1" m="31863" /><E128/><V120/><F120/><W122/><G122/><T67/><D67/><RYUUKYOKU ba="0,1" sc="351,-15,247,15,169,15,223,-15" hai1="75,76,80,87,97,103,105,108,110,111" hai2="8,9,16,23,26,40,47,51,82,86,91,125,126" /><INIT seed="5,1,1,4,5,1" ten="336,262,184,208" oya="1" hai0="12,15,42,125,6,58,35,56,98,52,5,70,39" hai1="67,46,103,48,81,37,4,86,14,96,80,54,100" hai2="57,102,82,61,8,132,119,0,31,29,113,28,124" hai3="65,93,105,30,111,40,90,74,62,47,10,94,17"/><U84/><E37/><V128/><F119/><W120/><G111/><T134/><D35/><U7/><E67/><V32/><F32/><W79/><G105/><T95/><D70/><U16/><E84/><V64/><F124/><W51/><G120/><T27/><D125/><U24/><E24/><V72/><F128/><W106/><G106/><T25/><D42/><U92/><E100/><V114/><F132/><W107/><G107/><T110/><D39/><U78/><E81/><V66/><F102/><W11/><G30/><T131/><D134/><U19/><E19/><V87/><F72/><W68/><G94/><T45/><D45/><U122/><E122/><V88/><REACH who="2" step="1"/><F66/><REACH who="2" ten="336,262,174,208" step="2"/><W18/><G74/><T3/><D131/><U108/><E108/><V91/><F91/><W135/><G135/><T26/><D110/><U117/><E117/><V53/><F53/><W20/><G79/><T133/><D133/><U129/><E129/><V89/><F89/><W76/><G76/><T13/><D3/><U33/><E33/><V69/><F69/><W50/><G90/><N who="0" m="55671" /><D58/><U41/><E54/><V63/><F63/><AGARI ba="1,2" hai="5,6,12,13,15,25,26,27,52,56,63" m="55671" machi="63" ten="30,7700,0" yaku="8,1,52,2,54,1" doraHai="1" who="0" fromWho="2" sc="336,100,262,0,174,-80,208,0" /><INIT seed="6,0,0,1,4,105" ten="436,262,94,208" oya="2" hai0="92,57,103,88,130,11,106,32,99,3,35,68,128" hai1="97,12,93,8,91,71,102,117,42,9,0,53,20" hai2="28,27,80,64,37,90,74,118,60,14,101,56,29" hai3="89,10,86,48,83,66,133,132,38,40,79,16,49"/><V109/><F118/><W33/><G33/><T47/><D68/><U135/><E117/><V13/><F37/><W44/><G66/><T1/><D57/><U123/><E71/><V124/><F124/><W98/><G98/><N who="0" m="57607" /><D47/><U96/><E135/><N who="3" m="51786" /><G89/><T72/><D72/><U121/><E42/><V125/><F125/><W95/><G95/><T112/><D112/><U36/><E36/><V54/><F109/><W39/><G39/><T75/><D75/><U126/><E53/><V24/><F101/><W21/><G10/><T115/><D115/><U129/><E129/><N who="0" m="49769" /><D3/><U70/><E70/><V18/><F64/><W116/><G116/><T77/><D77/><U4/><E126/><V52/><F54/><W7/><G7/><AGARI ba="0,0" hai="1,7,11,32,35,99,103,106" m="49769,57607" machi="7" ten="30,2000,0" yaku="19,1,54,1" doraHai="105" who="0" fromWho="3" sc="436,20,262,0,94,0,208,-20" /><INIT seed="7,0,0,3,4,86" ten="456,262,94,188" oya="3" hai0="72,63,59,8,67,113,79,25,81,123,42,101,7" hai1="97,117,26,51,38,46,127,52,94,47,17,104,78" hai2="98,73,83,35,74,77,106,22,128,88,28,60,15" hai3="34,19,71,30,130,1,110,132,49,107,69,70,50"/><W5/><G130/><T133/><D123/><U41/><E104/><V14/><F128/><W62/><G107/><T53/><D133/><U4/><E127/><V45/><F35/><W120/><G120/><T76/><D76/><U13/><E78/><V43/><F73/><W3/><G132/><T124/><D101/><U82/><E82/><V68/><F106/><W91/><G110/><T105/><D105/><U109/><E109/><V100/><F100/><W66/><G19/><T87/><D42/><U16/><E117/><V2/><F2/><W112/><G112/><T92/><D124/><U116/><E116/><V0/><F0/><W36/><G36/><T37/><D37/><U93/><E93/><V57/><F68/><W75/><G75/><T12/><D25/><U90/><E26/><V121/><F121/><W103/><G103/><T134/><D113/><U6/><E17/><V55/><F28/><W32/><G70/><T131/><D134/><U102/><E102/><V114/><F22/><AGARI ba="0,0" hai="4,6,13,16,22,38,41,46,47,51,52,90,94,97" machi="22" ten="30,7700,0" yaku="7,1,52,1,54,2" doraHai="86" who="1" fromWho="2" sc="456,0,262,77,94,-77,188,0" owari="456,55.6,339,13.9,17,-48.3,188,-21.2" /></mjloggm>