<mjloggm ver="2.3"><GO type="169" lobby="0"/><UN n0="%73%6F%61%6F" n1="%42%65%6E%63%68%69%6E%67" n2="%E3%80%90%E8%92%BC%E7%90%89%E3%80%91" n3="%68%7A%63" dan="16,16,16,18" rate="2133.04,2228.13,2148.75,2226.81" sx="M,M,F,F"/><TAIKYOKU oya="0"/><INIT seed="0,0,0,2,5,106" ten="250,250,250,250" oya="0" hai0="23,25,43,20,14,95,36,100,44,5,93,70,39" hai1="126,123,1,133,12,35,82,73,15,33,19,22,6" hai2="58,49,61,127,37,27,116,30,105,66,131,4,47" hai3="96,97,103,107,8,13,65,17,90,71,128,77,99"/><T124/><D70/><U94/><E123/><V72/><F131/><W130/><G77/><T104/><D39/><U29/><E94/><V120/><F105/><W63/><REACH who="3" step="1"/><G90/><REACH who="3" ten="250,250,250,240" step="2"/><T118/><D118/><U28/><E126/><V50/><F116/><W111/><G111/><T87/><D124/><U108/><E108/><V54/><F127/><W81/><G81/><T88/><D104/><U59/><E82/><V9/><F120/><W24/><G24/><T113/><D113/><U69/><E133/><V2/><F37/><W84/><G84/><T42/><D42/><U119/><E119/><V115/><F115/><W135/><G135/><T26/><D25/><U48/><E73/><V122/><F122/><W41/><G41/><T56/><D26/><U83/><E83/><V67/><F72/><W32/><G32/><T98/><REACH who="0" step="1"/><D56/><REACH who="0" ten="240,250,250,240" step="2"/><U11/><E59/><V46/><F58/><W134/><G134/><T60/><D60/><U55/><E69/><V117/><F61/><W92/><G92/><T121/><D121/><U110/><E110/><V91/><F117/><W64/><G64/><T10/><AGARI ba="0,2" hai="5,10,14,20,23,36,43,44,87,88,93,95,98,100" machi="10" ten="30,11700,0" yaku="1,1,0,1,54,1,53,1" doraHai="106" doraHaiUra="38" who="0" fromWho="0" sc="240,137,250,-39,250,-39,240,-39" /><INIT seed="0,1,0,0,3,42" ten="377,211,211,201" oya="0" hai0="1,43,80,101,45,90,131,29,56,110,53,3,114" hai1="76,121,30,100,108,64,82,116,65,70,81,63,79" hai2="31,133,120,14,32,7,9,55,6,74,85,38,89" hai3="44,118,10,2,78,50,66,20,18,67,86,26,135"/><T134/><D114/><U19/><E121/><V4/><F120/><W109/><G118/><T22/><D134/><U95/><E116/><V11/><F133/><W57/><G135/><T34/><D34/><U104/><E104/><V24/><F74/><W93/><G109/><T124/><D101/><U73/><E108/><V84/><F38/><W132/><G132/><T102/><D102/><U23/><E30/><V94/><F84/><W52/><G2/><T107/><D107/><U127/><E127/><V97/><F55/><W51/><G10/><T99/><D110/><U8/><E8/><V33/><F33/><W92/><G92/><T13/><D131/><U83/><E65/><V129/><F129/><W117/><G117/><T115/><D124/><U111/><E111/><V72/><F72/><W54/><REACH who="3" step="1"/><G93/><REACH who="3" ten="377,211,211,191" step="2"/><T87/><D115/><U130/><E130/><V88/><REACH who="2" step="1"/><F9/><REACH who="2" ten="377,211,201,191" step="2"/><W128/><G128/><T25/><D99/><U69/><E73/><V125/><F125/><W91/><G91/><T17/><D90/><U59/><E79/><V122/><F122/><W39/><G39/><T61/><D80/><AGARI ba="1,2" hai="4,6,7,11,14,24,31,32,80,85,88,89,94,97" machi="80" ten="30,3900,0" yaku="1,1,7,1,54,1,53,0" doraHai="42" doraHaiUra="35" who="2" fromWho="0" sc="377,-42,211,0,201,62,191,0" /><AGARI ba="1,0" hai="18,20,26,44,50,51,52,54,57,66,67,78,80,86" machi="80" ten="40,8000,1" yaku="1,1,8,1,52,1,54,1,53,0" doraHai="42" doraHaiUra="35" who="3" fromWho="0" sc="335,-80,211,0,263,0,191,80" /><INIT seed="1,0,0,2,0,50" ten="255,211,263,271" oya="1" hai0="82,113,99,47,10,14,76,0,25,132,17,13,57" hai1="104,16,105,83,101,116,85,18,95,75,37,19,112" hai2="59,89,124,92,125,80,58,24,66,111,62,115,12" hai3="15,81,126,114,91,79,56,11,67,117,36,28,74"/><U48/><E116/><V42/><F111/><W8/><G114/><T1/><D113/><U68/><E37/><V123/><F123/><W127/><G36/><T21/><D99/><U35/><E112/><V41/><F115/><W73/><G73/><T108/><D108/><U102/><E35/><V129/><F129/><W30/><G117/><T103/><D103/><U63/><E75/><V135/><F135/><W44/><G44/><T49/><D132/><U93/><E104/><V26/><F80/><W43/><G43/><N who="2" m="16393" /><F12/><W109/><G91/><T51/><D57/><U55/><E105/><V97/><F58/><W122/><G122/><T3/><D14/><U100/><E63/><V34/><F34/><W107/><G107/><T2/><N who="0" m="0" /><DORA hai="88" /><T119/><D119/><U23/><E23/><V45/><F45/><W52/><G67/><T121/><D121/><U110/><E68/><V84/><F84/><W77/><G77/><T61/><D61/><U71/><E71/><V94/><F94/><N who="1" m="35849" /><E110/><V87/><F124/><N who="3" m="47659" /><G8/><T72/><REACH who="0" step="1"/><D47/><REACH who="0" ten="245,211,263,271" step="2"/><N who="1" m="28063" /><E102/><V86/><F125/><W5/><G109/><T40/><D40/><U96/><E96/><V120/><F120/><W4/><G4/><AGARI ba="0,1" hai="4,10,13,17,21,25,49,51,72,76,82" m="0" machi="4" ten="70,2300,0" yaku="1,1,53,0" doraHai="50,88" doraHaiUra="38,70" who="0" fromWho="3" sc="245,33,211,0,263,0,271,-23" /><INIT seed="2,0,0,1,5,24" ten="278,211,263,248" oya="2" hai0="49,11,12,1,95,37,42,110,89,52,62,106,124" hai1="14,44,18,92,26,108,27,112,73,131,100,129,58" hai2="103,32,21,121,76,75,35,109,39,88,94,33,104" hai3="116,84,80,50,117,55,120,74,47,65,41,85,6"/><V9/><F121/><W87/><G120/><T48/><D106/><U30/><E73/><V43/><F109/><W60/><G6/><T0/><D124/><U118/><E118/><V91/><F104/><W82/><G41/><T66/><D37/><U16/><E112/><V8/><F103/><W15/><G15/><T68/><D48/><U54/><E44/><V81/><F91/><W2/><G2/><T86/><D42/><U64/><E64/><V46/><REACH who="2" step="1"/><F21/><REACH who="2" ten="278,211,253,248" step="2"/><W90/><G90/><T122/><D110/><U126/><E108/><V59/><F59/><W69/><REACH who="3" step="1"/><G82/><REACH who="3" ten="278,211,253,238" step="2"/><T38/><D122/><U25/><E126/><V7/><F7/><W97/><G97/><AGARI ba="0,2" hai="8,9,32,33,35,39,43,46,75,76,81,88,94,97" machi="97" ten="40,7700,0" yaku="1,1,54,1,53,1" doraHai="24" doraHaiUra="93" who="2" fromWho="3" sc="278,0,211,0,253,97,238,-77" /><INIT seed="2,1,0,1,1,34" ten="278,211,350,161" oya="2" hai0="9,109,118,2,57,110,40,56,25,125,133,38,60" hai1="119,80,22,83,99,29,106,132,86,122,91,44,89" hai2="48,103,131,54,63,35,7,81,87,18,50,102,6" hai3="94,72,116,76,134,74,11,65,17,39,8,78,4"/><V23/><F35/><W98/><G39/><T43/><D133/><U88/><E119/><V108/><F131/><W21/><G116/><T128/><D118/><U135/><E44/><V75/><F75/><W46/><G134/><N who="1" m="51242" /><E22/><V1/><F108/><W129/><G129/><T92/><D128/><U14/><E14/><V64/><F1/><W111/><G65/><T59/><D60/><U95/><E29/><V114/><F114/><W51/><G74/><T73/><D73/><U12/><E12/><V70/><F6/><W13/><G72/><T33/><D38/><U96/><E122/><V28/><F7/><W120/><G111/><N who="0" m="42507" /><D92/><N who="1" m="56327" /><E106/><V67/><F28/><W61/><G61/><T93/><D93/><AGARI ba="1,0" hai="80,83,86,89,91,93,95,99" m="56327,51242" machi="93" ten="30,7700,0" yaku="20,1,34,2,54,1" doraHai="34" who="1" fromWho="0" sc="278,-80,211,80,350,0,161,0" /><INIT seed="3,0,0,1,0,25" ten="198,291,350,161" oya="3" hai0="79,109,78,121,38,130,89,55,69,57,44,39,85" hai1="56,68,46,10,133,100,40,83,24,14,33,41,108" hai2="80,94,28,23,3,2,54,125,20,43,42,72,34" hai3="26,49,103,73,70,62,102,71,76,120,9,131,112"/><W51/><G26/><T7/><D109/><U5/><E68/><V127/><F34/><W111/><G9/><T31/><D69/><U35/><E108/><V92/><F80/><W0/><G62/><T93/><D130/><U129/><E129/><V1/><F54/><W22/><G22/><N who="2" m="8233" /><F28/><W95/><G131/><T104/><D104/><U110/><E100/><V19/><F19/><W48/><G95/><N who="2" m="36393" /><F72/><W97/><G0/><T119/><D31/><U18/><E41/><AGARI ba="0,0" hai="1,2,3,41,42,43,125,127" m="36393,8233" machi="41" ten="40,2600,0" yaku="28,2" doraHai="25" who="2" fromWho="1" sc="198,0,291,-26,350,26,161,0" /><INIT seed="4,0,0,4,0,119" ten="198,265,376,161" oya="0" hai0="55,72,95,96,118,122,109,17,3,100,57,113,87" hai1="0,90,15,49,66,31,120,22,131,2,93,64,4" hai2="89,62,86,68,18,117,65,39,56,124,5,19,20" hai3="133,134,26,94,33,114,115,67,74,48,53,1,69"/><T84/><D113/><N who="3" m="43017" /><G74/><T54/><D118/><U21/><E120/><V128/><F39/><W98/><G1/><T9/><D122/><U16/><E131/><V45/><F45/><W135/><G26/><T42/><D42/><U7/><E0/><V63/><F124/><W104/><G33/><T34/><D34/><U78/><E78/><V28/><F5/><N who="1" m="2121" /><E2/><V51/><F51/><W25/><G25/><T29/><D72/><U105/><E105/><V36/><F36/><W59/><G104/><T40/><D40/><U92/><E49/><V71/><F71/><W102/><G67/><N who="1" m="25642" /><E90/><V126/><F126/><W75/><G75/><T106/><D106/><U44/><E44/><V129/><F117/><W14/><G14/><T132/><D3/><U23/><E31/><V58/><F28/><W30/><G69/><T110/><D29/><AGARI ba="0,0" hai="29,30,48,53,59,94,98,102,133,134,135" m="43017" machi="29" ten="40,2600,0" yaku="20,1,15,1" doraHai="119" who="3" fromWho="0" sc="198,-26,265,0,376,0,161,26" /><INIT seed="5,0,0,1,3,88" ten="172,265,376,187" oya="1" hai0="46,41,44,114,79,61,20,7,129,83,5,109,80" hai1="135,132,82,34,49,96,6,54,122,91,68,131,67" hai2="71,27,35,72,37,51,124,3,39,62,74,95,48" hai3="18,32,100,84,22,81,8,59,13,111,40,118,105"/><U116/><E122/><V28/><F3/><W64/><G32/><T103/><D109/><U4/><E34/><V108/><F108/><W125/><G111/><T58/><D114/><U94/><E116/><V60/><F124/><W106/><G125/><T12/><D103/><U87/><E131/><V101/><F71/><W57/><G118/><T19/><D129/><U47/><E67/><V36/><F101/><W33/><G33/><T73/><D80/><U77/><REACH who="1" step="1"/><E68/><REACH who="1" ten="172,255,376,187" step="2"/><V63/><F35/><W92/><G64/><T0/><D0/><U65/><E65/><V45/><F72/><W90/><G106/><T130/><D130/><U127/><E127/><V50/><F74/><W15/><G105/><T9/><D73/><U76/><E76/><V53/><F28/><W97/><REACH who="3" step="1"/><G40/><REACH who="3" ten="172,255,376,177" step="2"/><T69/><D41/><U121/><E121/><V102/><REACH who="2" step="1"/><F27/><REACH who="2" ten="172,255,366,177" step="2"/><W26/><G26/><T11/><D69/><U89/><E89/><V85/><F85/><W126/><G126/><T25/><D25/><U98/><E98/><AGARI ba="0,3" hai="36,37,39,45,48,50,51,53,60,62,63,95,98,102" machi="98" ten="50,3200,0" yaku="1,1,52,1,53,0" doraHai="88" doraHaiUra="1" who="2" fromWho="1" sc="172,0,255,-32,366,62,177,0" /><INIT seed="6,0,0,2,2,82" ten="172,223,428,177" oya="2" hai0="11,120,23,109,79,71,103,43,63,99,65,36,53" hai1="47,75,31,78,4,58,130,44,64,90,110,93,14" hai2="51,115,129,96,117,134,73,133,112,56,10,67,41" hai3="98,127,113,123,131,3,85,37,40,69,54,38,77"/><V13/><F73/><W70/><G3/><T19/><D109/><U27/><E130/><V88/><F117/><W61/><G98/><T34/><D34/><U35/><E110/><V118/><F118/><W9/><G9/><T0/><D120/><U121/><E75/><V114/><F129/><W101/><G101/><T74/><D53/><U80/><E121/><V8/><F41/><W81/><G123/><T116/><D116/><U124/><E64/><V33/><F33/><W42/><G131/><T28/><D28/><U45/><E58/><V125/><F125/><W84/><G127/><T50/><D36/><U26/><E26/><V17/><F8/><W104/><G104/><T72/><D79/><U66/><E66/><V92/><F51/><W29/><G29/><T102/><D102/><U107/><E107/><V46/><F46/><W57/><G113/><T119/><D119/><U89/><E93/><V60/><AGARI ba="0,0" hai="10,13,17,56,60,67,88,92,96,112,114,115,133,134" machi="60" ten="40,7800,0" yaku="0,1,15,1,54,1" doraHai="82" who="2" fromWho="2" sc="172,-26,223,-26,428,78,177,-26" /><INIT seed="6,1,0,4,3,116" ten="146,197,506,151" oya="2" hai0="29,35,82,58,27,79,18,109,111,11,134,124,45" hai1="51,123,70,86,100,126,22,122,37,36,93,61,40" hai2="52,42,131,3,2,13,133,105,72,127,98,115,104" hai3="106,117,67,132,56,103,1,81,12,10,89,107,63"/><V71/><F71/><W77/><G132/><T47/><D134/><U66/><E126/><V49/><F72/><W112/><G117/><T34/><D34/><U83/><E22/><V88/><F133/><W101/><G1/><T96/><D124/><U23/><E23/><V108/><F42/><W21/><G21/><T31/><D31/><U119/><E119/><V57/><F115/><W95/><G112/><T60/><D96/><N who="1" m="59407" /><E51/><V76/><F76/><W15/><G107/><T24/><D109/><U99/><E99/><V90/><F108/><W32/><G106/><T73/><D111/><U125/><E40/><V38/><F38/><W8/><G32/><T54/><REACH who="0" step="1"/><D27/><REACH who="0" ten="136,197,506,151" step="2"/><U110/><E110/><V4/><F127/><W94/><G103/><T5/><D5/><U39/><E125/><V113/><F113/><W87/><G101/><T120/><D120/><N who="1" m="46123" /><E37/><V68/><F131/><W129/><G129/><T16/><D16/><U78/><AGARI ba="1,1" hai="36,39,61,66,70,78,83,86" m="46123,59407" machi="78" ten="30,7900,0" yaku="13,1,52,3" doraHai="116" who="1" fromWho="1" sc="136,-21,197,92,506,-40,151,-21" /><INIT seed="7,0,0,4,1,39" ten="115,289,466,130" oya="3" hai0="61,83,13,25,50,21,126,72,71,49,104,38,20" hai1="6,14,91,36,129,125,96,79,46,135,88,33,101" hai2="122,134,133,67,103,95,113,23,26,77,80,74,94" hai3="115,111,110,52,0,82,63,128,118,22,51,105,87"/><W75/><G105/><T44/><D104/><U81/><E33/><V41/><F113/><W117/><G0/><T53/><D38/><U97/><E129/><V68/><F122/><W116/><G75/><T28/><D126/><U35/><E35/><V34/><F34/><W127/><G115/><T57/><D72/><U29/><E29/><V10/><F10/><W65/><G22/><T58/><D71/><U15/><E97/><V55/><F55/><W86/><G127/><T89/><D83/><U130/><E135/><N who="2" m="51723" /><F103/><W4/><G4/><T131/><D131/><U78/><E96/><V3/><F3/><W85/><G82/><T19/><D89/><U70/><E15/><V47/><F67/><W11/><G11/><T114/><D114/><U102/><E36/><N who="2" m="21927" /><F68/><W42/><G128/><T5/><D5/><U16/><E81/><V93/><F93/><W99/><G65/><N who="0" m="39087" /><D50/><U107/><E16/><AGARI ba="0,0" hai="16,23,26,74,77,80,94,95" m="21927,51723" machi="16" ten="30,3900,0" yaku="20,1,52,1,54,1" doraHai="39" who="2" fromWho="1" sc="115,0,289,-39,466,39,130,0" owari="115,-38.5,250,5.0,505,60.5,130,-27.0" /></mjloggm>