<mjloggm ver="2.3"><GO type="169" lobby="0"/><UN n0="%E9%A2%A8%E8%BB%8A%E3%81%AE%E7%B5%B5%E7%90%86%E5%AD%90" n1="%73%68%6F%67%6F%6F" n2="%E3%81%BD%E3%81%A3%E3%81%91%E3%81%95%E3%82%93" n3="%41%6E%73%6F%6E%4C%61%6D" dan="16,16,16,16" rate="2081.37,2092.42,2140.77,2103.16" sx="F,M,M,M"/><TAIKYOKU oya="0"/><INIT seed="0,0,0,3,3,48" ten="250,250,250,250" oya="0" hai0="79,23,119,45,107,109,55,49,31,81,62,113,9" hai1="93,130,87,6,128,116,18,118,90,99,11,97,50" hai2="114,122,24,108,88,40,100,117,52,94,75,46,84" hai3="63,25,51,57,13,71,27,8,16,103,3,35,102"/><T106/><D113/><U80/><E18/><V72/><F114/><W12/><G71/><T2/><D119/><N who="1" m="45611" /><E50/><V74/><F117/><W135/><G135/><T5/><D109/><U60/><E60/><V54/><F108/><W0/><G35/><T91/><D91/><N who="1" m="51687" /><E11/><V124/><F122/><W14/><G3/><T42/><D62/><U98/><E6/><V82/><F124/><W131/><G0/><T44/><D31/><U89/><E89/><V47/><F47/><W132/><G131/><AGARI ba="0,0" hai="90,93,97,98,99,128,130,131" m="51687,45611" machi="131" ten="30,3900,0" yaku="19,1,34,2" doraHai="48" who="1" fromWho="3" sc="250,0,250,39,250,0,250,-39" /><INIT seed="1,0,0,4,1,62" ten="250,289,250,211" oya="1" hai0="106,12,124,27,126,44,94,20,103,32,107,18,59" hai1="76,66,1,95,123,71,83,108,48,127,5,84,78" hai2="114,132,101,131,102,53,33,85,28,43,63,6,0" hai3="105,129,100,41,57,61,22,96,122,125,112,37,130"/><U39/><E123/><V64/><F43/><W134/><G112/><T82/><D82/><U121/><E121/><V35/><F53/><W120/><G125/><N who="0" m="48235" /><D44/><U45/><E39/><V26/><F35/><W15/><G134/><T110/><D110/><U17/><E108/><V49/><F49/><W23/><G37/><T97/><D59/><U75/><E127/><V115/><F132/><W116/><G41/><T87/><D87/><U11/><E17/><V73/><F73/><W34/><G116/><T9/><D32/><U104/><E104/><V117/><F117/><W7/><G34/><T118/><D118/><U99/><E71/><V31/><F85/><W133/><G133/><T13/><BYE who="3" /><D13/><U56/><E76/><V70/><F33/><W46/><G46/><T19/><AGARI ba="0,0" hai="9,12,18,19,20,27,94,97,103,106,107" m="48235" machi="19" ten="30,1100,0" yaku="18,1" doraHai="62" who="0" fromWho="0" sc="250,11,289,-5,250,-3,211,-3" /><UN n3="%41%6E%73%6F%6E%4C%61%6D" /><INIT seed="2,0,0,0,4,104" ten="261,284,247,208" oya="2" hai0="125,18,52,92,132,103,39,118,111,77,62,74,78" hai1="119,101,16,110,98,99,19,14,45,112,28,29,48" hai2="83,60,31,44,27,123,81,63,53,96,89,12,80" hai3="61,97,85,88,43,41,9,23,57,11,42,17,69"/><V113/><F113/><W105/><G69/><T24/><D39/><U13/><E112/><V33/><BYE who="3" /><F123/><W124/><G124/><T25/><D111/><UN n3="%41%6E%73%6F%6E%4C%61%6D" /><U8/><E119/><V40/><F53/><N who="3" m="33967" /><G105/><T121/><D121/><U64/><E64/><V65/><F12/><N who="3" m="9639" /><G97/><N who="1" m="36874" /><E101/><V108/><F108/><W117/><G117/><T47/><D103/><U79/><E79/><V116/><F116/><W102/><G102/><T94/><D125/><U59/><E59/><V87/><F96/><W91/><G91/><T130/><D78/><U22/><E110/><V134/><F134/><W49/><G49/><T1/><D77/><U35/><E35/><V58/><REACH who="2" step="1"/><F63/><REACH who="2" ten="261,284,237,208" step="2"/><W128/><G128/><T93/><D62/><U129/><E129/><V0/><F0/><W131/><G131/><T100/><D1/><U70/><E70/><V20/><F20/><W51/><G51/><AGARI ba="0,1" hai="27,31,33,40,44,51,58,60,65,80,81,83,87,89" machi="51" ten="30,5800,0" yaku="1,1,7,1,53,1" doraHai="104" doraHaiUra="82" who="2" fromWho="3" sc="261,0,284,0,237,68,208,-58" /><INIT seed="2,1,0,1,4,75" ten="261,284,305,150" oya="2" hai0="135,25,130,33,92,133,44,54,67,88,53,21,49" hai1="120,9,134,37,96,2,36,45,105,116,64,71,3" hai2="76,111,18,87,48,39,79,8,34,104,22,24,91" hai3="93,58,119,127,73,84,40,125,46,89,101,108,12"/><V126/><F39/><W131/><G119/><T82/><D130/><U81/><E116/><V1/><F104/><W0/><G131/><T7/><D33/><U124/><E134/><V85/><F34/><W114/><G0/><T16/><D67/><U52/><E124/><V11/><F126/><N who="3" m="48139" /><G108/><T61/><D7/><U121/><E81/><V99/><F111/><W27/><G73/><T65/><D82/><U51/><E64/><V41/><F1/><N who="1" m="9" /><E9/><N who="2" m="3659" /><F99/><W72/><G114/><T57/><REACH who="0" step="1"/><D65/><REACH who="0" ten="251,284,305,150" step="2"/><U63/><E71/><V30/><F30/><W129/><G129/><T4/><D4/><U32/><E32/><V10/><F10/><W86/><G72/><T62/><D62/><U13/><E63/><V102/><F102/><W31/><G12/><T77/><D77/><N who="2" m="29770" /><F91/><W5/><G89/><T50/><D50/><U80/><E51/><V47/><AGARI ba="1,1" hai="18,22,24,41,47,48,85,87" m="29770,3659" machi="47" ten="30,11700,0" yaku="8,1,52,3" doraHai="75" who="2" fromWho="2" sc="251,-40,284,-40,305,130,150,-40" /><INIT seed="2,2,0,4,3,51" ten="211,244,435,110" oya="2" hai0="64,113,39,128,77,97,73,56,134,10,63,87,12" hai1="119,52,70,131,13,127,91,103,112,95,89,99,62" hai2="55,130,17,101,0,46,107,110,80,98,14,19,65" hai3="104,27,108,71,42,18,84,48,35,135,25,96,4"/><V30/><F0/><W22/><G135/><T81/><D113/><U28/><E112/><V57/><F130/><W83/><G71/><T115/><D115/><U26/><E119/><V60/><F30/><W40/><G108/><T126/><D39/><U6/><E131/><V50/><F110/><W54/><G4/><T47/><D128/><U8/><E127/><V85/><REACH who="2" step="1"/><F14/><REACH who="2" ten="211,244,425,110" step="2"/><W43/><G35/><T88/><D126/><U69/><E28/><V37/><F37/><W100/><G27/><T72/><D134/><U31/><E69/><V2/><F2/><W7/><G7/><T45/><D73/><U102/><E70/><V24/><F24/><W23/><G23/><T76/><D72/><U68/><E68/><V33/><F33/><W34/><G34/><T120/><D12/><U121/><E121/><V67/><F67/><W125/><G125/><T44/><D120/><U114/><E114/><V92/><F92/><W32/><G32/><T118/><D118/><U5/><E26/><V111/><F111/><W93/><G104/><T124/><D124/><U117/><E31/><V61/><F61/><W74/><G74/><T78/><REACH who="0" step="1"/><D10/><REACH who="0" ten="201,244,425,110" step="2"/><U79/><E117/><V133/><F133/><W53/><REACH who="3" step="1"/><G48/><REACH who="3" ten="201,244,425,100" step="2"/><T15/><D15/><U9/><E13/><V21/><F21/><W3/><G3/><T59/><D59/><N who="1" m="35175" /><E9/><V38/><F38/><W58/><G58/><T122/><D122/><U94/><E8/><V105/><F105/><W75/><G75/><T116/><D116/><U82/><E6/><V132/><F132/><W1/><G1/><T86/><D86/><RYUUKYOKU ba="2,3" sc="201,10,244,-30,425,10,100,10" hai0="44,45,47,56,63,64,76,77,78,81,87,88,97" hai2="17,19,46,50,55,57,60,65,80,85,98,101,107" hai3="18,22,25,40,42,43,53,54,83,84,93,96,100" /><INIT seed="2,3,3,5,3,112" ten="211,214,435,110" oya="2" hai0="28,20,3,117,99,54,79,69,0,15,34,59,124" hai1="98,86,128,43,31,88,127,82,44,19,72,53,113" hai2="51,118,45,32,100,101,119,23,8,68,130,6,96" hai3="85,95,135,102,42,13,58,47,107,77,57,37,56"/><V18/><F32/><W106/><G135/><T71/><D124/><U64/><E113/><V105/><F68/><W36/><G36/><T89/><D79/><U21/><E127/><V81/><F101/><W22/><G77/><T9/><D34/><U11/><E128/><V33/><F33/><W126/><G126/><T61/><D28/><U121/><E121/><V104/><F105/><W4/><G85/><T120/><D20/><U70/><E72/><V46/><F81/><W90/><G102/><T133/><D120/><U134/><E53/><V84/><F84/><W75/><G75/><T24/><D24/><U38/><E11/><V30/><F30/><W83/><G83/><T52/><D54/><U108/><E31/><V25/><F130/><W35/><G35/><T132/><D117/><U29/><E29/><V12/><F46/><W49/><G37/><T115/><D115/><U27/><E108/><V92/><F104/><W91/><G95/><N who="0" m="56815" /><D3/><U14/><E98/><V66/><F66/><W94/><G94/><T109/><D0/><U65/><E65/><V80/><F80/><W17/><G4/><N who="0" m="3495" /><D109/><U114/><E114/><V110/><F110/><W10/><G22/><T116/><D116/><U93/><E134/><AGARI ba="3,3" hai="52,59,61,69,71,132,133,134" m="3495,56815" machi="134" ten="30,2000,0" yaku="20,1,54,1" doraHai="112" who="0" fromWho="1" sc="211,59,214,-29,435,0,110,0" /><INIT seed="3,0,0,3,3,113" ten="270,185,435,110" oya="3" hai0="127,49,48,3,15,99,124,92,14,26,40,87,33" hai1="79,56,89,98,106,51,110,114,93,121,2,65,95" hai2="90,102,86,105,132,47,116,45,31,68,94,130,46" hai3="126,128,88,57,60,112,118,12,72,39,36,30,97"/><W44/><G112/><T11/><D87/><U123/><E114/><V24/><F68/><W41/><G126/><N who="0" m="48171" /><D3/><U5/><E110/><V17/><F17/><W96/><G128/><T134/><D134/><U101/><E79/><V107/><F132/><W35/><G72/><T120/><D120/><U109/><E109/><V115/><F115/><W52/><G39/><T43/><D15/><U104/><E5/><V62/><F62/><W64/><G30/><N who="0" m="19671" /><D49/><U4/><E4/><V34/><F130/><W58/><G35/><T85/><D85/><U71/><E2/><V80/><F116/><W55/><G97/><T42/><D48/><U37/><E37/><V69/><F69/><W82/><G12/><T81/><D81/><U21/><E71/><V103/><REACH who="2" step="1"/><F80/><REACH who="2" ten="270,185,425,110" step="2"/><W20/><G82/><T100/><D43/><U70/><E121/><V7/><F7/><AGARI ba="0,1" hai="7,11,14,40,42,92,99,100" m="19671,48171" machi="7" ten="30,1000,0" yaku="18,1" doraHai="113" who="0" fromWho="2" sc="270,20,185,0,425,-10,110,0" /><INIT seed="4,0,0,4,3,25" ten="290,185,415,110" oya="0" hai0="124,82,111,121,9,65,51,61,127,117,98,118,4" hai1="83,62,131,122,78,7,73,38,17,29,119,56,40" hai2="74,27,36,110,88,114,24,115,130,3,126,133,23" hai3="68,16,53,20,18,72,86,90,96,87,120,125,101"/><T12/><D121/><U129/><E122/><V81/><F23/><W80/><G120/><T112/><D112/><U44/><E119/><V37/><F81/><W22/><G125/><N who="0" m="48203" /><D111/><U99/><E7/><V28/><F126/><W48/><G68/><T42/><D98/><U63/><E17/><V109/><F88/><N who="3" m="51271" /><G72/><T106/><D106/><U59/><E99/><V52/><F52/><W70/><G70/><N who="0" m="42287" /><D82/><U116/><E116/><V30/><F74/><W54/><G96/><T66/><D66/><U13/><E13/><V0/><F130/><N who="1" m="49673" /><E63/><V69/><F69/><W41/><G101/><T103/><D103/><U123/><E123/><V47/><F47/><AGARI ba="0,0" hai="4,9,12,42,47,51,117,118" m="42287,48203" machi="47" ten="30,1500,0" yaku="18,1" doraHai="25" who="0" fromWho="2" sc="290,15,185,0,415,-15,110,0" /><INIT seed="4,1,0,1,4,127" ten="305,185,400,110" oya="0" hai0="15,7,29,36,69,101,50,46,86,124,73,60,79" hai1="96,45,95,120,75,114,3,110,121,62,56,47,4" hai2="129,99,116,14,10,41,38,67,87,55,88,98,130" hai3="113,44,0,59,66,42,111,57,134,97,84,35,89"/><T93/><D124/><U71/><E75/><V77/><F77/><W105/><G111/><T17/><D36/><U9/><E110/><V18/><F67/><W90/><G113/><T108/><D108/><U33/><E71/><V5/><F116/><W28/><G134/><T94/><D73/><U22/><E33/><V125/><F125/><W109/><G109/><T58/><D69/><U19/><E114/><V61/><F5/><W63/><G0/><T8/><D29/><U102/><E121/><V52/><F41/><W39/><G59/><T70/><D70/><U65/><REACH who="1" step="1"/><E120/><REACH who="1" ten="305,175,400,110" step="2"/><V126/><F126/><W91/><G35/><T40/><D101/><U25/><AGARI ba="1,1" hai="3,4,9,19,22,25,45,47,56,62,65,95,96,102" machi="25" ten="20,5200,0" yaku="1,1,2,1,0,1,7,1,53,0" doraHai="127" doraHaiUra="103" who="1" fromWho="1" sc="305,-27,175,65,400,-14,110,-14" /><INIT seed="5,0,0,1,3,131" ten="278,240,386,96" oya="1" hai0="98,105,0,108,118,53,47,71,113,59,74,31,3" hai1="4,69,57,123,103,110,41,19,82,120,5,100,23" hai2="122,33,68,22,63,73,6,64,36,101,66,135,21" hai3="83,107,26,127,14,102,50,76,84,37,24,1,133"/><U77/><E69/><V35/><F73/><W52/><G37/><T92/><D105/><U134/><E110/><V70/><F6/><W15/><G127/><T80/><D71/><U43/><E120/><V91/><F91/><W2/><G102/><T116/><D47/><U34/><E34/><V93/><F93/><W86/><G107/><T79/><D31/><U121/><E121/><V132/><F101/><N who="1" m="38985" /><E123/><V42/><F122/><W106/><G106/><T49/><D113/><U44/><E57/><V27/><F42/><N who="1" m="15881" /><E44/><V96/><F96/><W20/><G1/><T90/><REACH who="0" step="1"/><D108/><REACH who="0" ten="268,240,386,96" step="2"/><U9/><E9/><V85/><F70/><W128/><G128/><T111/><D111/><U119/><E119/><AGARI ba="0,1" hai="0,3,49,53,59,74,79,80,90,92,98,116,118,119" machi="119" ten="40,1300,0" yaku="1,1,53,0" doraHai="131" doraHaiUra="12" who="0" fromWho="1" sc="268,23,240,-13,386,0,96,0" /><INIT seed="6,0,0,4,2,30" ten="291,227,386,96" oya="2" hai0="38,10,3,58,0,108,45,134,42,65,109,83,4" hai1="75,61,60,118,126,99,131,5,21,125,78,54,24" hai2="77,35,89,46,121,68,36,111,19,20,26,114,98" hai3="43,18,86,63,44,14,15,13,129,82,120,66,59"/><V132/><F68/><W37/><G120/><T12/><D134/><U31/><E118/><V104/><F35/><W34/><G129/><T23/><D3/><U100/><E131/><V96/><F104/><W79/><REACH who="3" step="1"/><G34/><REACH who="3" ten="291,227,386,86" step="2"/><T90/><D109/><U91/><E125/><V67/><F111/><W8/><AGARI ba="0,1" hai="8,13,14,15,18,37,43,44,59,63,66,79,82,86" machi="8" ten="20,5200,0" yaku="1,1,2,1,0,1,7,1,53,0" doraHai="30" doraHaiUra="124" who="3" fromWho="3" sc="291,-13,227,-13,386,-26,86,62" /><INIT seed="7,0,0,5,2,32" ten="278,214,360,148" oya="3" hai0="81,121,26,119,92,71,50,61,87,85,98,128,48" hai1="17,111,104,107,23,73,55,37,40,57,54,64,45" hai2="34,126,88,44,24,74,25,2,93,115,112,11,75" hai3="65,122,106,9,69,1,62,108,59,83,60,117,3"/><W82/><G117/><T16/><D119/><U70/><E73/><V114/><F126/><W84/><G122/><T135/><D121/><U72/><E72/><N who="2" m="27691" /><F34/><W41/><G106/><T80/><D135/><U94/><E111/><V123/><F123/><W22/><G108/><T27/><D128/><U120/><E120/><V105/><F105/><W76/><G41/><T53/><D61/><N who="1" m="40207" /><E54/><V96/><F44/><W49/><G49/><T103/><D71/><U51/><E94/><V14/><F2/><W101/><G101/><T100/><D92/><U30/><E30/><V28/><F28/><W42/><G42/><T113/><D113/><U4/><E4/><AGARI ba="0,0" hai="4,11,14,24,25,88,93,96,112,114,115" m="27691" machi="4" ten="40,2600,0" yaku="15,1,54,1" doraHai="32" who="2" fromWho="1" sc="278,0,214,-26,360,26,148,0" owari="278,7.8,188,-21.2,386,48.6,148,-35.2" /></mjloggm>