<mjloggm ver="2.3"><GO type="169" lobby="0"/><UN n0="%6B%75%73%73%79" n1="%E7%BD%AA%E5%88%91%E6%B3%95%E5%AE%9A%E4%B8%BB%E7%BE%A9" n2="%E3%83%97%E3%83%AC%E3%82%AF%E3%83%A9%E3%82%B9%E3%83%8B%E3%83%BC" n3="%70%61%77%61" dan="17,17,16,18" rate="2197.87,2188.63,2181.24,2293.60" sx="M,M,M,M"/><TAIKYOKU oya="0"/><INIT seed="0,0,0,5,4,124" ten="250,250,250,250" oya="0" hai0="26,105,97,4,69,36,61,23,79,68,131,52,63" hai1="86,119,99,98,0,106,11,85,90,121,64,24,31" hai2="115,67,130,107,75,47,8,133,71,20,129,5,120" hai3="81,54,104,66,49,40,51,10,88,95,43,122,113"/><T57/><D36/><U93/><E119/><V78/><F120/><W111/><G113/><T38/><D38/><U118/><E118/><V127/><F115/><W134/><G104/><T28/><D131/><N who="2" m="50186" /><F127/><W59/><G111/><T132/><D132/><U6/><E121/><V108/><F108/><W128/><G134/><T101/><D79/><U27/><E64/><V70/><F107/><W94/><G122/><T32/><D4/><U89/><E106/><V3/><F133/><W42/><G128/><T116/><D116/><U19/><E19/><V25/><F47/><W14/><G66/><T29/><D29/><U100/><E100/><V112/><F67/><W109/><G109/><T41/><D41/><U46/><E46/><V53/><F53/><W1/><G1/><T83/><D83/><U123/><E123/><V55/><F55/><W117/><G117/><T73/><D73/><U13/><E0/><V9/><F9/><W16/><G51/><T77/><D77/><U87/><E31/><N who="2" m="17831" /><F112/><W15/><G15/><T125/><D125/><U39/><E39/><V96/><F96/><W48/><G48/><T126/><D126/><U21/><E21/><V72/><F72/><W76/><G76/><T58/><D23/><U30/><E30/><V110/><F110/><W12/><G12/><T7/><D7/><U62/><E62/><V37/><F37/><W33/><G33/><T91/><D91/><U22/><E22/><V18/><F18/><W84/><AGARI ba="0,0" hai="10,14,16,40,42,43,49,54,59,81,84,88,94,95" machi="84" ten="30,7900,0" yaku="0,1,8,1,54,2" doraHai="124" who="3" fromWho="3" sc="250,-39,250,-20,250,-20,250,79" /><INIT seed="1,0,0,5,5,108" ten="211,230,230,329" oya="1" hai0="51,71,122,88,76,15,37,75,72,79,9,111,107" hai1="101,0,132,120,135,68,29,128,115,21,103,50,91" hai2="77,35,26,39,62,36,45,125,22,14,133,134,13" hai3="46,4,6,28,74,96,20,99,38,65,55,41,109"/><U92/><E0/><V58/><F35/><W66/><G74/><T86/><D37/><U69/><E120/><V25/><F77/><W104/><G109/><T84/><D111/><U49/><E29/><V124/><F45/><W112/><G55/><T94/><D71/><U42/><E21/><V131/><F22/><W83/><G83/><T24/><D122/><U121/><E121/><V60/><F58/><W70/><G104/><T113/><D107/><U59/><E59/><V110/><F110/><W57/><G57/><T1/><D1/><U3/><E3/><V105/><F105/><W52/><G52/><T130/><D130/><AGARI ba="0,0" hai="13,14,25,26,36,39,60,62,124,125,130,131,133,134" machi="130" ten="25,1600,0" yaku="22,2" doraHai="108" who="2" fromWho="0" sc="211,-16,230,0,230,16,329,0" /><INIT seed="2,0,0,3,2,1" ten="195,230,246,329" oya="2" hai0="77,7,33,131,89,99,64,10,36,123,110,74,124" hai1="117,122,86,72,115,54,63,102,76,135,48,90,9" hai2="113,57,130,92,91,45,11,18,88,107,13,21,75" hai3="133,108,81,68,109,95,43,56,116,25,60,67,47"/><V119/><F113/><W37/><G81/><T111/><D123/><U61/><E115/><V100/><F130/><W16/><G116/><T114/><D114/><U79/><E117/><V127/><F127/><W93/><G133/><T27/><D124/><U34/><E34/><V41/><F75/><W80/><G80/><N who="0" m="45111" /><D64/><U19/><E135/><V121/><F121/><W35/><G68/><T132/><D132/><U39/><E39/><V3/><F119/><W46/><G46/><T70/><D70/><U66/><E102/><V106/><F106/><W96/><G35/><T125/><D125/><U87/><E87/><V71/><F71/><W101/><REACH who="3" step="1"/><G95/><REACH who="3" ten="195,230,246,319" step="2"/><T5/><D131/><U42/><E122/><V0/><F92/><W51/><G51/><T103/><D36/><U69/><E48/><V52/><F107/><W15/><G15/><T14/><D33/><U78/><E69/><V126/><F3/><W128/><G128/><T4/><D27/><U118/><E118/><V82/><F0/><W20/><AGARI ba="0,1" hai="16,20,25,37,43,47,56,60,67,93,96,101,108,109" machi="20" ten="30,4000,0" yaku="1,1,0,1,54,1,53,0" doraHai="1" doraHaiUra="104" who="3" fromWho="3" sc="195,-10,230,-10,246,-20,319,50" /><INIT seed="3,0,0,0,1,100" ten="185,220,226,369" oya="3" hai0="119,15,70,118,9,16,132,97,115,106,96,11,48" hai1="101,73,104,31,59,85,54,4,5,49,88,26,71" hai2="75,12,124,27,69,58,38,32,43,131,103,63,74" hai3="133,86,23,44,3,83,6,99,50,72,116,87,29"/><W102/><G116/><T68/><D132/><U94/><E73/><V10/><F124/><W47/><G133/><T121/><D121/><U55/><E71/><V0/><F131/><W24/><G3/><T82/><D115/><U52/><E55/><V107/><F0/><W1/><G1/><T128/><D128/><U37/><E37/><V90/><F69/><W39/><G6/><T78/><D48/><U95/><E104/><V42/><F90/><W34/><G39/><T60/><D9/><U8/><E54/><V40/><F38/><W123/><G123/><T92/><D97/><U65/><E65/><V19/><F32/><W64/><G64/><T89/><D106/><U46/><E46/><V113/><F27/><W125/><G125/><T18/><D18/><U134/><E134/><V2/><F2/><W35/><G72/><T33/><D33/><U80/><E101/><V84/><F84/><W7/><G7/><N who="1" m="2634" /><E8/><V76/><F76/><W93/><G47/><T110/><D110/><U25/><E25/><V41/><N who="2" m="10240" /><DORA hai="53" /><V81/><F113/><W21/><G35/><T109/><D109/><U45/><E45/><V126/><F126/><W117/><G117/><T127/><D127/><U112/><E112/><V62/><F62/><W20/><REACH who="3" step="1"/><G83/><REACH who="3" ten="185,220,226,359" step="2"/><T77/><D82/><U79/><E79/><N who="0" m="30217" /><D119/><U91/><E91/><V13/><F81/><W17/><G17/><T67/><D118/><U22/><AGARI ba="0,1" hai="22,26,31,49,52,59,80,85,88,94,95" m="2634" machi="22" ten="30,7900,0" yaku="8,1,52,1,54,2" doraHai="100,53" who="1" fromWho="1" sc="185,-20,220,89,226,-20,359,-39" /><INIT seed="4,0,0,3,2,134" ten="165,309,206,320" oya="0" hai0="62,58,44,64,9,73,26,54,126,72,111,7,107" hai1="128,4,25,87,34,17,98,30,27,49,97,118,99" hai2="5,70,12,35,113,28,31,119,88,102,83,40,91" hai3="22,85,36,14,42,110,109,20,71,33,67,82,84"/><T77/><D107/><U59/><E118/><V95/><F113/><W105/><G33/><T80/><D111/><U66/><E128/><V39/><F70/><W37/><G105/><T11/><D126/><U46/><E4/><V115/><F115/><W23/><G14/><T133/><D133/><U3/><E3/><V47/><F119/><W2/><G2/><T76/><D26/><U60/><E87/><V45/><F102/><W43/><G67/><T127/><D127/><U117/><E117/><V112/><F112/><W15/><G15/><T1/><D9/><U125/><E125/><V41/><F35/><W55/><G55/><T69/><D44/><U81/><E81/><V123/><F83/><W56/><G56/><T75/><REACH who="0" step="1"/><D76/><REACH who="0" ten="155,309,206,320" step="2"/><U103/><E25/><V93/><F123/><W52/><G110/><T124/><D124/><U100/><REACH who="1" step="1"/><E17/><REACH who="1" ten="155,299,206,320" step="2"/><V57/><F5/><W6/><G6/><T130/><D130/><U101/><E101/><V86/><F12/><W18/><G18/><T32/><D32/><U10/><E10/><V50/><F31/><W129/><G129/><T24/><D24/><U63/><E63/><AGARI ba="0,2" hai="1,7,11,54,58,62,63,64,69,72,73,75,77,80" machi="63" ten="30,2900,0" yaku="1,1,7,1,53,0" doraHai="134" doraHaiUra="121" who="0" fromWho="1" sc="155,49,299,-29,206,0,320,0" /><INIT seed="4,1,0,1,0,123" ten="204,270,206,320" oya="0" hai0="22,73,117,109,23,99,26,5,14,87,98,93,67" hai1="7,62,101,47,15,85,16,46,70,54,61,1,125" hai2="20,79,40,36,6,134,122,27,60,18,59,49,68" hai3="116,100,95,83,113,10,66,56,77,63,97,132,126"/><T37/><D117/><U105/><E125/><V55/><F122/><W34/><G116/><T25/><D73/><U80/><E1/><V58/><F134/><W96/><G126/><T120/><D120/><U2/><E2/><V78/><F68/><W90/><G132/><T4/><D37/><U52/><E7/><V21/><F6/><W53/><G113/><T35/><D35/><U133/><E133/><V30/><F36/><W76/><G34/><T28/><D67/><U24/><E24/><V0/><F0/><W107/><G10/><T12/><D87/><U50/><E101/><V115/><F115/><W118/><G118/><T42/><D42/><U124/><E105/><V43/><F43/><W114/><G114/><T11/><D109/><U57/><E70/><V84/><F84/><W128/><G128/><T19/><D93/><U106/><E106/><V69/><F69/><W110/><G110/><T32/><REACH who="0" step="1"/><D4/><REACH who="0" ten="194,270,206,320" step="2"/><U135/><E124/><V44/><REACH who="2" step="1"/><F59/><REACH who="2" ten="194,270,196,320" step="2"/><W29/><G56/><T121/><D121/><U108/><E135/><V8/><F8/><W64/><G97/><T86/><D86/><U48/><E57/><V71/><F71/><W17/><G96/><T51/><D51/><U103/><E108/><V130/><F130/><W119/><G119/><T9/><D9/><U45/><E50/><V74/><F74/><W3/><G63/><T88/><D88/><N who="1" m="51239" /><E62/><V111/><F111/><W92/><G90/><T82/><D82/><U38/><E61/><V129/><F129/><W94/><G83/><T112/><D112/><U91/><E38/><V33/><F33/><RYUUKYOKU ba="1,2" sc="194,15,270,-15,196,15,320,-15" hai0="5,11,12,14,19,22,23,25,26,28,32,98,99" hai2="18,20,21,27,30,40,44,49,55,58,60,78,79" /><INIT seed="4,2,2,3,3,46" ten="209,255,211,305" oya="0" hai0="71,6,24,130,110,82,28,66,132,7,80,52,26" hai1="12,94,32,29,54,113,73,61,134,68,27,72,8" hai2="36,97,104,128,92,107,101,87,74,23,83,114,117" hai3="3,40,43,60,81,44,1,59,21,4,20,56,123"/><T135/><D130/><U55/><E134/><N who="0" m="51241" /><D110/><U109/><E109/><V86/><F117/><W95/><G123/><T121/><D121/><U19/><E113/><V100/><F36/><W122/><G122/><T119/><D119/><U99/><E55/><V131/><F23/><W108/><G108/><T0/><D66/><U38/><E38/><V47/><F47/><W67/><G95/><T84/><D71/><U17/><E17/><V58/><F58/><W42/><G81/><N who="0" m="31339" /><D84/><N who="2" m="32298" /><F114/><W118/><G118/><T79/><D79/><U89/><REACH who="1" step="1"/><E54/><REACH who="1" ten="209,245,211,305" step="2"/><V111/><F111/><W16/><G42/><T124/><D124/><U14/><E14/><V51/><F83/><W41/><G40/><T30/><D0/><U133/><E133/><V129/><F51/><W120/><G120/><T50/><D28/><U9/><E9/><V85/><F74/><W106/><G43/><T39/><D39/><U103/><E103/><N who="2" m="60839" /><F85/><W45/><G41/><T25/><D30/><U5/><E5/><V112/><F112/><W13/><G4/><T31/><D31/><U37/><E37/><V15/><F15/><W91/><G13/><T62/><D62/><U127/><E127/><V53/><F53/><W33/><G60/><T126/><D126/><U63/><E63/><V64/><F64/><AGARI ba="2,3" hai="8,12,19,27,29,32,61,64,68,72,73,89,94,99" machi="64" ten="40,1300,0" yaku="1,1,53,0" doraHai="46" doraHaiUra="48" who="1" fromWho="2" sc="209,0,245,49,211,-19,305,0" /><INIT seed="5,0,0,5,2,117" ten="209,294,192,305" oya="1" hai0="63,0,16,19,80,1,33,81,88,105,37,130,115" hai1="76,56,48,97,30,86,6,31,69,38,28,3,85" hai2="73,23,100,5,67,12,43,77,90,98,51,94,2" hai3="44,21,74,135,127,14,61,22,113,41,87,8,116"/><U35/><E38/><V62/><F2/><W47/><G74/><T93/><D105/><U124/><E69/><V75/><F77/><W29/><G116/><T64/><D37/><U39/><E39/><V17/><F5/><W120/><G120/><T132/><D33/><U53/><E124/><V134/><F134/><W11/><G113/><T24/><D115/><U102/><E35/><V52/><F43/><W103/><G103/><T125/><D132/><U57/><E57/><V101/><F75/><W114/><G114/><T129/><D125/><U32/><E32/><V7/><F7/><W109/><G109/><T49/><D49/><U70/><E70/><V10/><F73/><W107/><G107/><T25/><D93/><U126/><E126/><V18/><F62/><W128/><G61/><T13/><D63/><U54/><E54/><V89/><F67/><W121/><G41/><T27/><D64/><U40/><E40/><V15/><F101/><W82/><G127/><T108/><D108/><U78/><E3/><V106/><F106/><W79/><G44/><AGARI ba="0,0" hai="10,12,15,17,18,23,44,51,52,89,90,94,98,100" machi="44" ten="30,3900,0" yaku="7,1,8,1,54,1" doraHai="117" who="2" fromWho="3" sc="209,0,294,0,192,39,305,-39" /><INIT seed="6,0,0,4,3,109" ten="209,294,231,266" oya="2" hai0="31,118,72,108,135,120,111,58,95,38,83,17,102" hai1="49,73,62,10,82,113,11,107,2,32,100,55,0" hai2="66,124,112,89,94,60,126,48,41,132,121,70,34" hai3="59,133,65,27,42,57,14,44,45,71,67,79,64"/><V97/><F121/><W43/><G79/><T3/><D38/><U129/><E32/><V1/><F1/><W134/><G14/><T56/><D3/><U63/><E129/><V117/><F34/><W19/><G19/><T96/><D120/><U9/><E107/><V92/><F132/><N who="3" m="50795" /><G27/><T13/><D135/><U88/><E113/><V130/><F112/><W26/><G26/><T80/><D31/><U69/><E100/><V30/><F117/><W85/><G85/><T36/><D36/><U81/><E73/><V12/><F30/><W87/><G87/><T53/><D118/><U115/><E115/><V122/><F130/><W91/><G91/><T131/><D131/><U4/><E69/><V24/><F24/><W125/><G71/><T84/><D72/><U76/><E76/><V103/><F12/><W128/><G125/><N who="2" m="48233" /><F122/><W39/><G128/><T6/><D6/><U28/><E28/><V75/><F75/><W86/><G86/><T33/><D33/><U78/><E78/><V15/><F15/><W37/><AGARI ba="0,0" hai="37,39,42,43,44,45,57,59,64,65,67" m="50795" machi="37" ten="30,4000,0" yaku="20,1,34,2" doraHai="109" who="3" fromWho="3" sc="209,-10,294,-10,231,-20,266,40" /><INIT seed="7,0,0,2,3,88" ten="199,284,211,306" oya="3" hai0="92,90,48,130,19,75,52,80,50,93,131,32,99" hai1="76,128,6,104,39,105,73,82,74,107,55,101,86" hai2="11,36,58,3,122,119,60,115,134,109,4,111,70" hai3="26,65,72,63,25,20,127,13,16,43,87,110,12"/><W103/><G72/><N who="1" m="27754" /><E55/><V98/><F119/><W14/><G127/><T61/><D32/><U46/><E46/><V27/><F122/><W10/><G110/><T35/><D35/><U24/><E24/><V96/><F115/><W118/><G118/><T67/><D19/><U44/><E44/><V47/><F134/><W18/><G103/><T29/><D29/><U9/><E9/><V49/><F70/><W125/><G125/><T71/><D93/><U31/><E6/><V34/><F36/><W40/><G87/><T66/><D66/><U123/><E31/><V2/><F2/><W15/><REACH who="3" step="1"/><G26/><REACH who="3" ten="199,284,211,296" step="2"/><T54/><D75/><U81/><E123/><V42/><F111/><W57/><AGARI ba="0,1" hai="10,12,13,14,15,16,18,20,25,40,43,57,63,65" machi="57" ten="30,12000,1" yaku="1,1,2,1,0,1,8,1,54,1,53,0" doraHai="88" doraHaiUra="133" who="3" fromWho="3" sc="199,-40,284,-40,211,-40,296,130" owari="159,-34.1,244,4.4,171,-22.9,426,52.6" /></mjloggm>