<mjloggm ver="2.3"><GO type="169" lobby="0"/><UN n0="%6D%61%6A%75%6E%69%61" n1="%E3%81%B1%E3%83%BC%E3%81%9B%E3%82%93%E3%81%A8%E4%BE%8D" n2="%4D%4C%5A%4E%55%2D%53%4B" n3="%E4%BF%BA%E3%81%A0%E3%81%91%E5%8D%B3%E8%A3%8F%E7%84%A1%E3%81%97" dan="16,18,17,16" rate="2136.36,2211.45,2150.73,2096.18" sx="M,M,M,M"/><TAIKYOKU oya="0"/><INIT seed="0,0,0,4,2,134" ten="250,250,250,250" oya="0" hai0="114,82,127,104,23,39,72,103,76,34,57,62,86" hai1="98,96,58,60,123,6,41,55,12,109,38,11,112" hai2="52,22,131,100,17,74,43,69,122,4,73,132,31" hai3="18,125,19,102,65,78,30,14,46,20,119,126,45"/><T3/><D34/><U99/><E109/><V29/><F69/><W135/><G119/><T106/><D39/><U53/><E123/><V70/><F70/><W107/><G135/><T92/><D3/><U10/><E112/><V83/><F43/><W2/><G2/><T80/><D114/><U81/><E38/><V7/><F100/><W54/><G65/><T40/><D40/><U75/><E41/><V95/><F95/><W21/><G30/><T113/><D113/><U68/><E68/><V118/><F17/><W87/><G102/><T50/><D50/><U15/><E75/><V61/><F83/><W121/><G107/><T66/><D127/><N who="3" m="48649" /><G54/><T91/><REACH who="0" step="1"/><D23/><REACH who="0" ten="240,250,250,250" step="2"/><U33/><E33/><V27/><F22/><N who="3" m="11607" /><G121/><T85/><D85/><U63/><E63/><V56/><F74/><W24/><G21/><T129/><D129/><U47/><E60/><V124/><F61/><W0/><G0/><T130/><D130/><U115/><E115/><V110/><F131/><W117/><G117/><T9/><D9/><U116/><E11/><V84/><F124/><W77/><G87/><T88/><D88/><U25/><E10/><V49/><F84/><W13/><G13/><T16/><D16/><U67/><E15/><V97/><F118/><W44/><AGARI ba="0,1" hai="19,20,24,44,45,46,77,78" m="11607,48649" machi="44" ten="30,7900,0" yaku="18,1,52,3" doraHai="134" who="3" fromWho="3" sc="240,-39,250,-20,250,-20,250,89" /><INIT seed="1,0,0,5,1,95" ten="201,230,230,339" oya="1" hai0="87,5,134,40,103,0,89,104,116,13,1,99,114" hai1="33,15,61,111,106,45,62,32,7,128,14,121,36" hai2="43,37,41,83,124,28,44,38,18,131,118,60,6" hai3="10,23,2,26,85,67,55,78,135,48,52,65,11"/><U123/><E106/><V109/><F28/><W39/><G39/><T58/><D116/><U126/><E36/><V17/><F6/><W127/><G127/><T34/><D114/><U9/><E126/><V92/><F92/><W20/><G135/><T130/><D130/><U69/><E128/><V133/><F124/><W119/><G119/><T59/><D134/><U76/><E76/><V72/><F60/><W96/><G85/><T120/><D34/><U93/><E45/><V94/><F118/><W35/><G35/><T29/><D29/><U105/><E105/><V100/><F109/><W54/><G78/><T98/><D40/><U68/><E93/><V27/><F27/><W63/><G96/><T73/><D73/><U53/><E9/><N who="3" m="3082" /><G23/><T86/><D5/><U117/><E7/><V81/><F72/><W110/><G63/><T122/><D13/><U82/><E117/><V113/><F113/><W74/><G74/><T56/><D99/><U97/><E97/><V3/><F131/><W88/><G110/><T84/><REACH who="0" step="1"/><D89/><REACH who="0" ten="191,230,230,339" step="2"/><U107/><E111/><V91/><F91/><W77/><G88/><T31/><D31/><U19/><E32/><V25/><F133/><W8/><G2/><AGARI ba="0,1" hai="0,1,2,56,58,59,84,86,87,98,103,104,120,122" machi="2" ten="50,3200,0" yaku="1,1,52,1,53,0" doraHai="95" doraHaiUra="71" who="0" fromWho="3" sc="191,42,230,0,230,0,339,-32" /><INIT seed="2,0,0,1,2,69" ten="233,230,230,307" oya="2" hai0="119,107,122,30,130,7,22,38,34,14,41,33,40" hai1="32,49,66,20,16,83,109,25,97,24,101,134,65" hai2="81,57,110,68,87,116,59,37,18,126,58,108,4" hai3="0,8,89,74,6,63,76,102,36,67,72,46,132"/><V118/><F68/><W78/><G132/><T31/><D122/><U121/><E134/><V84/><F4/><W52/><G102/><T124/><D107/><U5/><E109/><N who="2" m="42091" /><F126/><W86/><G72/><T50/><D124/><U64/><E121/><V44/><F18/><W1/><G74/><T79/><D79/><U62/><E5/><V39/><F44/><W128/><G0/><T125/><D125/><U111/><E111/><V95/><F95/><W112/><G112/><T60/><D7/><U88/><E49/><V93/><F93/><W77/><G128/><T12/><D50/><U55/><E55/><V56/><N who="2" m="14336" /><DORA hai="123" /><V53/><F53/><W45/><G52/><T103/><D130/><U113/><E113/><V2/><F2/><W43/><G45/><T11/><D30/><U133/><E133/><V13/><F13/><W120/><G120/><T27/><D31/><U90/><E83/><V105/><F105/><W96/><G1/><T73/><D12/><U85/><E65/><V131/><F131/><W19/><G67/><T92/><D92/><U115/><E66/><V71/><F71/><W29/><G19/><T82/><D14/><U114/><E115/><V61/><F61/><W106/><G63/><T94/><D94/><U75/><E62/><V28/><F28/><W91/><G29/><T9/><D60/><U129/><E64/><V42/><F42/><W80/><G6/><T35/><D41/><U54/><E114/><V135/><F135/><W117/><G106/><T15/><D40/><U47/><E129/><V10/><F10/><W70/><G8/><RYUUKYOKU ba="0,0" sc="233,0,230,0,230,0,307,0" /><INIT seed="3,1,0,5,5,4" ten="233,230,230,307" oya="3" hai0="127,24,133,83,110,37,43,85,31,5,17,100,35" hai1="69,36,106,63,39,34,11,95,53,78,71,102,87" hai2="55,70,120,115,131,57,14,105,56,98,30,117,62" hai3="101,47,76,33,58,132,46,13,23,22,48,94,97"/><W7/><G33/><T107/><D110/><U10/><E34/><V96/><F70/><W21/><G132/><T119/><D119/><U113/><E113/><V116/><F115/><W54/><REACH who="3" step="1"/><G76/><REACH who="3" ten="233,230,230,297" step="2"/><T130/><D133/><U80/><E78/><V121/><F116/><W41/><G41/><T74/><D43/><U49/><E39/><V99/><F117/><W38/><G38/><T88/><D35/><U90/><E36/><V84/><F120/><W61/><G61/><T2/><D37/><U135/><E63/><V126/><F121/><W52/><G52/><T1/><D130/><U29/><E135/><V89/><F131/><W66/><G66/><T111/><D111/><U12/><E53/><V124/><F55/><W123/><G123/><T112/><D112/><U125/><E49/><V0/><F62/><W72/><G72/><T73/><D74/><U51/><E51/><V93/><F124/><W40/><G40/><T91/><D73/><U134/><E125/><V103/><F126/><W79/><G79/><T118/><D127/><U109/><E134/><V16/><F57/><W128/><G128/><T20/><D118/><U9/><E109/><V92/><F56/><W26/><G26/><T42/><D24/><U45/><E71/><V19/><F105/><W28/><G28/><T68/><D31/><U77/><E29/><V108/><F30/><W114/><G114/><T64/><D42/><U44/><E69/><V129/><F129/><W60/><G60/><T15/><D68/><U6/><E106/><V67/><F108/><W65/><G65/><T82/><D64/><RYUUKYOKU ba="1,1" sc="233,-10,230,-10,230,-10,297,30" hai3="7,13,21,22,23,46,47,48,54,58,94,97,101" /><INIT seed="3,2,1,4,1,113" ten="223,220,220,327" oya="3" hai0="16,10,9,22,47,35,79,18,83,128,1,82,33" hai1="89,110,133,25,58,98,51,93,45,17,14,36,104" hai2="101,134,8,38,52,34,105,41,46,126,121,29,63" hai3="80,122,55,13,108,74,31,84,53,32,43,85,69"/><W4/><G69/><T26/><D128/><U94/><E110/><V24/><F134/><W127/><G122/><T115/><D115/><U77/><E133/><V7/><F126/><W119/><G127/><T65/><D65/><U95/><E77/><V50/><F121/><W78/><G108/><T68/><D68/><U60/><E36/><V112/><F112/><W2/><G13/><T20/><D47/><U114/><E25/><V97/><F63/><W90/><G84/><T6/><D82/><U57/><E104/><V11/><REACH who="2" step="1"/><F7/><REACH who="2" ten="223,220,210,327" step="2"/><W39/><G4/><N who="0" m="1167" /><D83/><U23/><E114/><V106/><F106/><W71/><G80/><T64/><D79/><U76/><E76/><V15/><F15/><W72/><G78/><T107/><D107/><U49/><E60/><V30/><F30/><W130/><G31/><T19/><D64/><U0/><E0/><V118/><F118/><W86/><G119/><T132/><D132/><U44/><E94/><V42/><F42/><W120/><G43/><T56/><D56/><AGARI ba="2,2" hai="8,11,24,29,34,38,41,46,50,52,56,97,101,105" machi="56" ten="30,3900,0" yaku="1,1,7,1,54,1,53,0" doraHai="113" doraHaiUra="75" who="2" fromWho="0" sc="223,-45,220,0,210,65,327,0" /><INIT seed="4,0,0,3,5,80" ten="178,220,275,327" oya="0" hai0="56,65,111,95,51,73,8,105,25,26,11,29,94" hai1="18,90,62,131,28,36,17,64,52,16,77,48,63" hai2="24,55,57,85,93,82,103,133,43,27,54,104,46" hai3="0,100,47,110,114,6,37,99,124,13,120,44,66"/><T91/><D111/><U83/><E36/><V98/><F133/><W69/><G110/><T2/><D105/><U45/><E131/><V19/><F104/><W76/><G124/><T59/><D73/><U32/><E90/><V115/><F115/><W40/><G114/><T132/><D132/><U61/><E28/><V125/><F125/><W118/><G118/><T4/><D11/><U39/><E39/><V42/><F54/><W102/><G102/><T41/><D95/><U126/><E32/><V33/><F33/><W84/><G47/><T70/><D70/><U101/><E101/><V89/><F19/><W7/><G0/><T49/><D26/><N who="2" m="9770" /><F46/><W116/><G120/><T67/><D41/><U87/><REACH who="1" step="1"/><E126/><REACH who="1" ten="178,210,275,327" step="2"/><V96/><F96/><W10/><G99/><T15/><D29/><U23/><E23/><V50/><AGARI ba="0,1" hai="42,43,50,55,57,82,85,89,93,98,103" m="9770" machi="50" ten="30,2000,0" yaku="8,1,52,1" doraHai="80" who="2" fromWho="2" sc="178,-10,210,-5,275,30,327,-5" /><INIT seed="5,0,0,0,1,74" ten="168,205,305,322" oya="1" hai0="61,22,4,99,2,128,45,131,41,21,72,1,135" hai1="113,26,126,60,111,108,47,78,66,8,94,15,17" hai2="14,67,64,42,71,55,28,58,44,130,127,69,52" hai3="9,120,90,31,68,24,83,40,32,107,12,10,75"/><U89/><E113/><V97/><F28/><W134/><G120/><T51/><D135/><U116/><E116/><V33/><F33/><W117/><G134/><T62/><D72/><U114/><E114/><V98/><F14/><W121/><G121/><T80/><D99/><U129/><E129/><V76/><F58/><W109/><G109/><T82/><D51/><U29/><E126/><V91/><F91/><W86/><G107/><T110/><D45/><U124/><E124/><V63/><F44/><W88/><G68/><T118/><D41/><U53/><E78/><V43/><F63/><W101/><G101/><T46/><D46/><U100/><E100/><V95/><F95/><W105/><G105/><T50/><D50/><U73/><E73/><V30/><F30/><W65/><G65/><T48/><D48/><U87/><E53/><V59/><F59/><W16/><G75/><T35/><D35/><U37/><E37/><V84/><F127/><W106/><G106/><T0/><D0/><U70/><REACH who="1" step="1"/><E47/><REACH who="1" ten="168,195,305,322" step="2"/><V123/><F55/><W56/><G117/><T112/><D118/><U39/><E39/><V5/><F52/><W13/><G40/><T79/><D112/><U81/><E81/><V125/><F125/><W20/><G90/><T103/><D103/><U93/><E93/><V19/><F43/><W96/><G88/><T27/><D79/><U54/><E54/><V115/><F76/><W102/><G83/><T119/><D119/><U18/><E18/><V92/><F42/><W3/><G102/><T36/><D36/><U85/><E85/><V23/><F115/><RYUUKYOKU ba="0,1" sc="168,-10,195,30,305,-10,322,-10" hai1="8,15,17,26,29,60,66,70,87,89,94,108,111" /><INIT seed="5,1,1,0,0,62" ten="158,225,295,312" oya="1" hai0="129,59,10,8,122,54,107,135,134,63,61,11,22" hai1="68,6,120,64,113,70,49,84,115,76,85,78,15" hai2="90,25,34,109,47,9,110,13,7,32,18,17,65" hai3="119,19,55,91,94,111,37,74,81,5,14,108,4"/><U27/><E120/><V23/><F90/><W44/><G119/><T53/><D122/><U38/><E38/><V97/><F97/><W39/><G39/><T95/><D107/><U82/><E27/><V20/><F65/><W35/><G35/><N who="2" m="13353" /><F47/><W79/><G111/><T33/><D33/><U50/><E15/><AGARI ba="1,1" hai="7,9,13,15,17,18,20,23,25,109,110" m="13353" machi="15" ten="30,2000,0" yaku="34,2" doraHai="62" who="2" fromWho="1" sc="158,0,225,-23,295,33,312,0" /><INIT seed="6,0,0,5,0,97" ten="158,202,328,312" oya="2" hai0="1,7,113,13,61,119,52,101,66,94,134,75,77" hai1="53,33,51,72,2,83,26,36,112,12,125,45,11" hai2="93,127,71,50,9,117,123,121,27,48,130,98,55" hai3="129,38,87,82,120,102,90,79,104,76,85,80,0"/><V4/><F71/><W96/><G0/><T67/><D119/><U124/><E2/><V49/><F117/><W128/><G38/><T132/><D1/><U60/><E112/><V25/><F127/><N who="1" m="48713" /><E36/><V115/><F130/><N who="3" m="50283" /><G120/><T109/><D109/><U54/><E33/><V133/><F133/><N who="0" m="51306" /><D75/><U64/><E26/><V59/><F115/><W73/><G90/><T19/><D77/><N who="1" m="44455" /><E51/><V65/><F121/><W57/><G57/><N who="0" m="34983" /><D113/><U91/><E91/><V122/><F122/><W81/><G81/><T16/><D7/><N who="1" m="3199" /><E45/><V10/><F4/><W99/><G99/><N who="0" m="59639" /><D19/><U18/><E18/><V74/><F74/><AGARI ba="0,0" hai="73,74,76,79,80,82,85,87,96,102,104" m="50283" machi="74" ten="30,7700,0" yaku="19,1,34,2,52,1" doraHai="97" who="3" fromWho="2" sc="158,0,202,0,328,-77,312,77" /><INIT seed="7,0,0,0,4,51" ten="158,202,251,389" oya="3" hai0="108,19,133,24,64,70,72,88,55,10,4,53,36" hai1="59,56,40,34,116,118,13,3,83,107,74,132,121" hai2="80,84,100,14,71,58,120,66,103,39,73,76,15" hai3="68,7,129,52,57,93,37,111,6,99,12,114,119"/><W35/><G35/><T85/><D108/><U9/><E121/><V92/><F71/><W90/><G68/><T125/><D72/><U8/><E34/><V45/><F120/><W106/><G37/><T54/><D36/><U48/><E107/><V46/><F73/><W79/><G111/><T26/><D125/><U122/><E122/><V50/><F39/><W65/><G65/><T101/><D133/><U44/><E132/><V94/><F58/><N who="1" m="22057" /><E3/><V30/><F30/><W135/><G129/><T131/><D131/><U81/><E74/><V77/><F50/><W89/><G114/><T33/><D101/><U95/><E95/><V69/><F80/><N who="1" m="30793" /><E13/><V104/><F84/><N who="3" m="52391" /><G79/><T32/><D70/><U5/><E5/><V60/><F104/><W113/><G119/><AGARI ba="0,0" hai="8,9,40,44,48,116,118,119" m="30793,22057" machi="119" ten="30,1000,0" yaku="12,1" doraHai="51" who="1" fromWho="3" sc="158,0,202,10,251,0,389,-10" owari="158,-34.2,212,-18.8,251,5.1,379,47.9" /></mjloggm>