<mjloggm ver="2.3"><GO type="169" lobby="0"/><UN n0="%E3%83%A9%E3%83%96%E3%83%AC%E3%83%BC" n1="%E8%8B%B1%E5%9B%BD%E5%A3%B2%E5%8D%B4" n2="%52%59%4F%40%53%53" n3="%62%6F%79%61%74%65%74%75" dan="18,18,17,16" rate="2229.54,2240.35,2215.45,2116.00" sx="M,M,M,M"/><TAIKYOKU oya="0"/><INIT seed="0,0,0,5,2,114" ten="250,250,250,250" oya="0" hai0="66,25,97,126,134,118,51,101,104,98,53,65,26" hai1="79,73,34,133,82,44,5,56,88,17,4,39,61" hai2="89,81,35,106,62,14,23,70,57,11,87,0,36" hai3="13,112,130,43,110,38,113,48,46,124,28,72,8"/><T21/><D126/><U103/><E103/><V119/><F35/><W94/><G124/><T111/><D134/><U122/><E122/><V76/><F36/><W32/><G72/><T33/><D111/><U69/><E69/><V10/><F106/><W121/><G121/><T85/><D98/><U16/><E34/><V2/><F70/><W55/><G110/><T40/><D40/><U30/><E30/><V102/><F102/><W129/><G94/><T127/><D127/><U24/><E133/><V135/><F135/><W58/><G28/><T75/><D75/><U96/><E44/><V74/><F23/><W63/><G32/><T52/><D33/><U128/><E39/><V95/><F11/><W19/><REACH who="3" step="1"/><G38/><REACH who="3" ten="250,250,250,240" step="2"/><T9/><D104/><U37/><E37/><V47/><F95/><W91/><G91/><T41/><D101/><U50/><E88/><V20/><F89/><W59/><G59/><T78/><D78/><U132/><E56/><V117/><F74/><W92/><G92/><T6/><D97/><U125/><E96/><V100/><F100/><W93/><G93/><T64/><D85/><U42/><E79/><V12/><F57/><W3/><G3/><T108/><D108/><U45/><E73/><V18/><F47/><W80/><G80/><T116/><D51/><U115/><E50/><V67/><F0/><W27/><G27/><T68/><D68/><U60/><E24/><V29/><F2/><W22/><G22/><T77/><D77/><U1/><E125/><V71/><F29/><W7/><G7/><T131/><D26/><U54/><E1/><RYUUKYOKU ba="0,1" sc="250,-15,250,-15,250,15,240,15" hai2="10,12,14,18,20,62,67,71,76,81,87,117,119" hai3="8,13,19,43,46,48,55,58,63,112,113,129,130" /><INIT seed="1,1,1,2,5,89" ten="235,235,265,255" oya="1" hai0="84,112,3,12,130,47,124,43,94,26,71,85,117" hai1="4,134,101,67,104,1,44,93,128,57,41,64,92" hai2="18,90,122,36,82,0,83,80,7,16,73,87,86" hai3="5,98,27,129,53,46,79,120,39,35,62,133,114"/><U106/><E128/><V20/><F36/><W132/><G129/><T29/><D71/><U74/><E74/><V103/><F122/><W119/><G114/><T75/><D75/><U105/><E134/><V135/><F135/><W121/><G119/><T54/><D112/><U25/><E101/><V88/><F103/><W68/><G5/><T58/><D3/><U81/><E81/><V24/><F0/><W28/><G79/><T6/><D117/><U113/><E113/><V107/><F107/><W17/><G17/><T78/><D124/><U32/><E4/><V108/><F108/><W15/><G15/><T125/><D125/><U52/><E1/><V99/><F99/><W115/><G115/><T45/><D78/><U22/><E32/><V61/><F7/><W50/><G39/><T21/><D85/><N who="2" m="32266" /><F73/><W38/><G38/><T19/><D43/><U66/><E44/><V96/><F96/><W69/><G69/><T110/><D110/><U116/><E41/><V76/><F76/><W14/><G98/><T72/><D72/><U30/><REACH who="1" step="1"/><E116/><REACH who="1" ten="235,225,265,255" step="2"/><V63/><F83/><W111/><G133/><T33/><D130/><U109/><E109/><V42/><F42/><W59/><G132/><T77/><D77/><U23/><E23/><N who="2" m="13415" /><F82/><W100/><G111/><T95/><D6/><U97/><E97/><V91/><F80/><W123/><G100/><T9/><D33/><U13/><E13/><AGARI ba="1,2" hai="13,18,20,61,63,88,90,91" m="13415,32266" machi="13" ten="30,3900,0" yaku="8,1,54,2" doraHai="89" who="2" fromWho="1" sc="235,0,225,-42,265,62,255,0" /><INIT seed="2,0,0,0,4,27" ten="235,183,327,255" oya="2" hai0="104,45,15,17,128,50,132,29,75,103,124,64,68" hai1="6,112,78,48,60,131,23,59,82,56,63,73,14" hai2="0,30,114,85,86,126,7,110,26,117,98,113,93" hai3="91,119,72,19,70,99,87,108,83,71,9,62,44"/><V67/><F117/><W123/><G119/><T4/><D75/><U46/><E131/><V8/><F126/><W127/><G127/><T34/><D128/><U55/><E112/><V54/><F110/><W129/><G108/><T10/><D124/><U95/><E95/><V58/><F114/><W41/><G129/><T36/><D36/><U21/><E6/><V81/><F67/><W51/><G72/><T2/><D132/><U134/><E134/><V38/><F38/><W25/><G123/><T107/><D64/><U16/><E59/><V118/><F118/><W61/><G70/><T52/><D68/><U92/><E23/><V88/><F113/><W22/><G71/><T94/><D94/><U122/><E122/><V31/><F26/><W28/><G99/><T100/><D107/><U18/><E18/><V42/><F42/><W102/><G102/><T101/><D104/><U109/><E109/><V135/><F86/><W49/><G49/><T74/><D74/><U35/><E35/><V39/><F39/><W47/><G47/><T53/><D53/><U33/><E33/><V121/><F135/><W24/><REACH who="3" step="1"/><G9/><REACH who="3" ten="235,183,327,245" step="2"/><T65/><D101/><U69/><E69/><V116/><F116/><W12/><G12/><T105/><D105/><U5/><E5/><V3/><F121/><W90/><G90/><T13/><D13/><U11/><E11/><V43/><F3/><W20/><AGARI ba="0,1" hai="19,20,22,24,25,28,41,44,51,61,62,83,87,91" machi="20" ten="20,12000,2" yaku="1,1,0,1,7,1,8,1,52,1,53,1" doraHai="27" doraHaiUra="79" who="3" fromWho="3" sc="235,-30,183,-30,327,-60,245,130" /><INIT seed="3,0,0,3,3,119" ten="205,153,267,375" oya="3" hai0="65,5,121,37,96,124,7,28,93,101,69,113,97" hai1="24,86,2,29,107,38,74,8,63,44,11,73,89" hai2="1,109,47,115,132,122,76,42,17,75,100,14,4" hai3="125,55,68,131,120,18,58,25,87,95,53,111,117"/><W33/><G117/><T77/><D37/><U85/><E107/><V134/><F115/><W106/><G106/><T32/><D77/><U51/><E38/><V129/><F100/><W83/><G68/><T30/><D124/><U102/><E102/><V56/><F56/><W50/><G125/><T99/><D32/><U123/><E123/><V105/><F105/><W9/><G131/><T72/><D72/><U133/><E133/><V81/><F109/><W110/><G120/><T26/><D69/><U108/><E108/><N who="3" m="41514" /><G95/><T46/><D113/><U23/><E85/><V103/><F103/><W40/><G40/><T92/><D65/><U118/><E118/><V3/><F129/><W78/><G53/><T12/><D121/><U135/><E135/><N who="2" m="51755" /><F4/><W98/><G98/><T67/><D67/><U27/><E63/><V34/><F34/><W45/><G33/><T16/><D101/><U43/><E27/><V90/><F90/><W84/><G84/><T13/><D97/><U49/><E51/><N who="2" m="27127" /><F122/><W91/><G91/><T82/><D26/><U60/><E60/><V10/><AGARI ba="0,0" hai="1,3,10,14,17,75,76,81" m="27127,51755" machi="10" ten="30,1100,0" yaku="20,1" doraHai="119" who="2" fromWho="2" sc="205,-3,153,-3,267,11,375,-5" /><INIT seed="4,0,0,0,2,79" ten="202,150,278,370" oya="0" hai0="48,33,25,16,3,51,106,14,74,56,42,90,94" hai1="8,89,101,5,130,30,124,9,6,116,77,26,112" hai2="38,105,52,46,125,104,27,41,72,1,96,86,120" hai3="15,60,62,133,91,99,88,132,34,61,76,122,114"/><T21/><D106/><U7/><E116/><V115/><F115/><W118/><G118/><T103/><D74/><U84/><E112/><V54/><F72/><W40/><G114/><T17/><D3/><U127/><E101/><V129/><F1/><W58/><G34/><T100/><D33/><U23/><E77/><V109/><F109/><W107/><G122/><T93/><D94/><U102/><E102/><N who="0" m="38953" /><D42/><U53/><E53/><V35/><F96/><W24/><G40/><T2/><D2/><U73/><E73/><V119/><F86/><W13/><G24/><T95/><D56/><U108/><E108/><V71/><F71/><W97/><G76/><T66/><D66/><U113/><E113/><V45/><F27/><W78/><G78/><T126/><D126/><U12/><E130/><V50/><F125/><N who="1" m="48201" /><E9/><V83/><F129/><W57/><REACH who="3" step="1"/><G61/><REACH who="3" ten="202,150,278,360" step="2"/><T75/><D75/><U121/><E121/><V11/><F120/><W64/><G64/><T67/><D67/><U55/><E55/><V37/><F54/><W63/><G63/><T31/><D51/><U123/><E123/><V81/><F119/><W0/><G0/><T92/><D48/><U39/><E39/><V131/><F131/><W29/><G29/><T4/><D31/><U19/><E30/><V43/><F50/><W110/><G110/><T87/><D4/><U18/><E7/><V68/><F52/><W98/><G98/><T20/><AGARI ba="0,1" hai="14,16,17,20,21,25,87,90,92,93,95" m="38953" machi="20" ten="30,3000,0" yaku="8,1,54,1" doraHai="79" who="0" fromWho="0" sc="202,40,150,-10,278,-10,360,-10" /><INIT seed="4,1,0,5,1,98" ten="242,140,268,350" oya="0" hai0="11,93,46,10,108,31,120,37,105,107,55,112,0" hai1="126,27,115,125,116,102,56,70,79,134,129,118,63" hai2="135,9,88,81,32,30,73,80,47,122,5,23,65" hai3="90,3,94,22,45,33,29,96,71,51,86,34,78"/><T82/><D120/><U121/><E27/><V77/><F122/><W15/><G71/><T111/><D31/><U54/><E79/><V131/><F131/><W95/><G3/><T69/><D69/><U62/><E121/><V17/><F135/><W49/><G33/><T35/><D35/><U110/><E102/><V20/><F65/><W60/><G34/><T66/><D66/><N who="1" m="41303" /><E110/><N who="0" m="42025" /><D112/><U52/><E129/><V72/><F17/><W68/><G78/><T104/><D82/><U113/><E54/><V124/><F47/><W123/><G123/><T87/><D55/><U92/><E92/><V38/><F73/><W19/><G29/><T4/><D11/><U2/><E2/><V128/><F128/><W58/><G45/><T50/><D93/><U1/><E1/><V39/><F32/><W6/><G68/><T64/><D64/><U84/><E84/><V133/><F30/><W13/><G13/><T114/><D114/><N who="1" m="43531" /><E134/><V7/><F133/><W67/><REACH who="3" step="1"/><G6/><REACH who="3" ten="242,140,268,340" step="2"/><T74/><D4/><U57/><E57/><V100/><F5/><W119/><G119/><AGARI ba="1,1" hai="52,56,63,116,118,119,125,126" m="43531,41303" machi="119" ten="30,8000,1" yaku="15,1,11,1,34,2,54,1" doraHai="98" who="1" fromWho="3" sc="242,0,140,93,268,0,340,-83" /><INIT seed="5,0,0,2,3,114" ten="242,233,268,257" oya="1" hai0="25,1,91,97,12,116,31,38,101,27,94,105,111" hai1="121,59,16,115,17,130,18,132,57,118,42,124,72" hai2="19,32,120,47,78,123,64,128,119,28,14,45,129" hai3="52,7,13,5,56,89,83,40,131,20,84,99,39"/><U117/><E121/><N who="2" m="46667" /><F78/><W126/><G131/><N who="2" m="50249" /><F64/><W96/><G126/><T102/><D116/><N who="1" m="44651" /><E130/><V33/><F119/><W92/><G40/><T125/><D125/><U37/><E42/><V55/><F55/><W98/><G39/><T63/><D1/><U36/><E124/><V113/><F113/><W54/><G54/><T76/><D38/><N who="1" m="14955" /><E115/><V26/><F33/><W10/><G20/><AGARI ba="0,0" hai="14,19,20,26,28,32,45,47" m="50249,46667" machi="20" ten="30,1000,0" yaku="19,1" doraHai="114" who="2" fromWho="3" sc="242,0,233,0,268,10,257,-10" /><INIT seed="6,0,0,4,3,53" ten="242,233,278,247" oya="2" hai0="110,68,4,126,122,135,81,74,119,96,27,11,92" hai1="104,106,105,98,77,35,87,15,47,91,25,116,73" hai2="80,111,102,18,134,127,56,50,52,63,108,16,99" hai3="131,76,28,9,130,14,41,78,2,31,95,88,113"/><V46/><F127/><W120/><G120/><T112/><D68/><U22/><E116/><V117/><F117/><W121/><G2/><T5/><D122/><U51/><E35/><V12/><F134/><W94/><G41/><T42/><D110/><N who="2" m="42026" /><F80/><W26/><G121/><T70/><D70/><U85/><E15/><V21/><F21/><W45/><G45/><T124/><D119/><U58/><E77/><V118/><F12/><W49/><G49/><T61/><D42/><U62/><E73/><V66/><F118/><W114/><G94/><AGARI ba="0,0" hai="16,18,46,50,52,56,63,66,94,99,102" m="42026" machi="94" ten="30,11600,0" yaku="10,1,52,1,54,2" doraHai="53" who="2" fromWho="3" sc="242,0,233,0,278,116,247,-116" /><INIT seed="6,1,0,2,5,9" ten="242,233,394,131" oya="2" hai0="34,127,113,98,116,10,26,39,107,129,33,35,121" hai1="97,67,72,5,56,120,24,32,117,124,55,12,87" hai2="135,111,125,81,21,126,47,50,89,28,110,2,57" hai3="18,29,11,88,109,63,25,22,49,27,118,134,60"/><V115/><F2/><W8/><G109/><N who="2" m="41481" /><F57/><W85/><G134/><T90/><D121/><U78/><E117/><V132/><F89/><W70/><G118/><T23/><D39/><U51/><E72/><V101/><F101/><W68/><G68/><T54/><D127/><N who="2" m="48650" /><F81/><W7/><G70/><T14/><D129/><U77/><E56/><V104/><F104/><W58/><G11/><T52/><D113/><U83/><E83/><V130/><F21/><W3/><G49/><T114/><D114/><U61/><E51/><V19/><F19/><W0/><G0/><T103/><D90/><U6/><E78/><V71/><F28/><W82/><REACH who="3" step="1"/><G58/><REACH who="3" ten="242,233,394,121" step="2"/><T95/><D116/><U75/><E124/><V96/><F71/><W20/><AGARI ba="1,1" hai="3,7,8,18,20,22,25,27,29,60,63,82,85,88" machi="20" ten="20,8000,1" yaku="1,1,2,1,0,1,7,1,54,1,53,0" doraHai="9" doraHaiUra="105" who="3" fromWho="3" sc="242,-21,233,-21,394,-41,121,93" /><INIT seed="7,0,0,1,1,44" ten="221,212,353,214" oya="3" hai0="124,0,119,65,1,76,84,102,46,118,67,79,97" hai1="24,3,54,108,47,83,58,110,72,77,96,106,70" hai2="89,8,111,87,74,42,94,62,61,40,114,60,59" hai3="55,23,34,4,36,99,27,14,131,85,29,50,71"/><W21/><G36/><T92/><D46/><U15/><E70/><V75/><F111/><W82/><G71/><T11/><D11/><U43/><E3/><V26/><F75/><W98/><G131/><T107/><D124/><U17/><E24/><V69/><F74/><W66/><G66/><T109/><D109/><U49/><E96/><V20/><F69/><W10/><G21/><T91/><D67/><U37/><E106/><V63/><F8/><AGARI ba="0,0" hai="8,15,17,37,43,47,49,54,58,72,77,83,108,110" machi="8" ten="30,2000,0" yaku="7,1,52,1" doraHai="44" who="1" fromWho="2" sc="221,0,212,20,353,-20,214,0" owari="221,-17.9,232,3.2,333,43.3,214,-28.6" /></mjloggm>