<mjloggm ver="2.3"><GO type="169" lobby="0"/><UN n0="%E2%98%86%E5%AD%AB%E7%87%95%E5%A7%BF%E2%98%86" n1="%6B%E3%81%AE" n2="%E8%BC%9D%E5%A4%9C%E6%9C%88" n3="%E4%BD%90%E8%97%A4%E3%82%AB%E3%82%A4%E3%82%B8" dan="17,17,18,17" rate="2265.69,2232.82,2191.69,2189.33" sx="M,M,F,F"/><TAIKYOKU oya="0"/><INIT seed="0,0,0,1,2,100" ten="250,250,250,250" oya="0" hai0="104,116,22,97,14,103,83,54,66,2,21,101,82" hai1="7,124,25,127,3,85,27,119,60,129,75,135,94" hai2="90,43,92,37,32,91,55,96,122,20,28,44,50" hai3="114,38,115,76,58,26,16,126,111,45,81,63,67"/><T68/><D116/><U1/><E75/><V133/><F122/><W132/><G111/><T93/><D2/><N who="1" m="523" /><E119/><V128/><F128/><W35/><G132/><T110/><D110/><U125/><E135/><V36/><F133/><W69/><G126/><T64/><D54/><U71/><E7/><V12/><F32/><W5/><G5/><T33/><D33/><U41/><E41/><V46/><F12/><W18/><G69/><T30/><D68/><U47/><E47/><V65/><F65/><W62/><G62/><T51/><D51/><U72/><E72/><V113/><F113/><W98/><G98/><T6/><D103/><U61/><E129/><V89/><REACH who="2" step="1"/><F37/><REACH who="2" ten="250,250,240,250" step="2"/><W107/><G115/><T57/><D66/><U80/><E124/><V53/><F53/><W106/><G114/><T31/><D14/><U77/><E125/><V4/><F4/><W79/><G35/><T120/><D6/><U10/><E127/><V23/><F23/><W48/><G38/><T121/><D121/><U40/><E10/><V99/><F99/><W52/><G26/><AGARI ba="0,1" hai="20,26,28,36,43,44,46,50,55,89,90,91,92,96" machi="26" ten="40,8000,1" yaku="1,1,53,3" doraHai="100" doraHaiUra="84" who="2" fromWho="3" sc="250,0,250,0,240,90,250,-80" /><INIT seed="1,0,0,1,0,129" ten="250,250,330,170" oya="1" hai0="39,44,92,123,46,1,48,9,34,73,63,130,132" hai1="86,128,131,27,95,77,117,127,25,58,134,28,101" hai2="42,60,29,82,114,40,11,33,106,124,22,50,36" hai3="75,102,71,17,112,120,51,74,20,7,113,110,105"/><U118/><E127/><V84/><F36/><W21/><G120/><T85/><D73/><U125/><E125/><V57/><F33/><W56/><G71/><T18/><D34/><U88/><E134/><V93/><F106/><W19/><G110/><T62/><D130/><N who="1" m="49707" /><E25/><V59/><F93/><W119/><G119/><T122/><D39/><U89/><E77/><V68/><F68/><W72/><G7/><T90/><D46/><U54/><E101/><V115/><F11/><W31/><G31/><T6/><D18/><U24/><E89/><V80/><F124/><W67/><G102/><T70/><D132/><U3/><E3/><V116/><F116/><N who="1" m="44649" /><E28/><V55/><F80/><W32/><G32/><T100/><D100/><U13/><E13/><V121/><F121/><N who="0" m="46090" /><D70/><U23/><E23/><V91/><F22/><W111/><G21/><T12/><D1/><U16/><E16/><V81/><F29/><W66/><G17/><T99/><D99/><U79/><E79/><V52/><REACH who="2" step="1"/><F81/><REACH who="2" ten="250,250,320,170" step="2"/><W41/><G20/><T65/><D9/><U30/><E30/><V2/><F2/><W103/><G105/><T38/><D92/><U47/><E47/><V61/><F61/><AGARI ba="0,1" hai="24,27,54,58,61,86,88,95" m="44649,49707" machi="61" ten="30,2900,0" yaku="19,1,54,1" doraHai="129" who="1" fromWho="2" sc="250,0,250,39,320,-29,170,0" /><INIT seed="1,1,0,0,0,62" ten="250,289,291,170" oya="1" hai0="79,93,110,133,84,34,95,116,97,94,63,44,57" hai1="115,41,105,69,32,64,2,50,72,37,26,112,17" hai2="14,24,80,65,118,86,99,35,106,56,40,74,135" hai3="82,39,27,88,77,87,101,75,134,11,31,54,119"/><U52/><E72/><V53/><F118/><W7/><G119/><T22/><D34/><U113/><E2/><V126/><F74/><W29/><G134/><T91/><D110/><U36/><E105/><V46/><F135/><W1/><G101/><T107/><D133/><U103/><E103/><V104/><F126/><W70/><G70/><T8/><D116/><U96/><E96/><V47/><F47/><W131/><G131/><T28/><D107/><U102/><E102/><V19/><F99/><W30/><G54/><T83/><D44/><U81/><E81/><V25/><F25/><W129/><G39/><T59/><D59/><U21/><E41/><V51/><F24/><W4/><G4/><T42/><D42/><U109/><E32/><V6/><F6/><W125/><G129/><T18/><D8/><U66/><E109/><V5/><F5/><W100/><G100/><T55/><REACH who="0" step="1"/><D28/><REACH who="0" ten="240,289,291,170" step="2"/><U89/><E69/><V120/><F35/><W90/><G125/><T132/><D132/><U60/><E115/><V43/><F106/><W16/><REACH who="3" step="1"/><G75/><REACH who="3" ten="240,289,291,160" step="2"/><T45/><D45/><N who="1" m="27727" /><E113/><V58/><F104/><W71/><G71/><T48/><D48/><U73/><E112/><V10/><F43/><W49/><G49/><T92/><D92/><U20/><E73/><V127/><F127/><W130/><G130/><T38/><D38/><U123/><E37/><V108/><F108/><W124/><G124/><T111/><D111/><U15/><E36/><V122/><F40/><W68/><G68/><T85/><D85/><U121/><E121/><V117/><F122/><W12/><G12/><AGARI ba="1,2" hai="12,18,22,55,57,63,79,83,84,91,93,94,95,97" machi="12" ten="30,7700,0" yaku="1,1,6,1,7,1,8,1,53,0" doraHai="62" doraHaiUra="33" who="0" fromWho="3" sc="240,100,289,0,291,0,160,-80" /><INIT seed="2,0,0,1,4,16" ten="340,289,291,80" oya="2" hai0="47,26,14,12,58,15,27,63,99,126,109,127,129" hai1="9,3,76,102,111,117,93,39,21,78,131,113,52" hai2="97,49,90,100,66,68,37,119,54,130,122,79,29" hai3="53,51,32,103,67,4,115,72,106,75,104,7,34"/><V2/><F119/><W71/><G115/><T108/><D47/><U128/><E117/><V107/><F122/><W41/><G41/><T120/><D99/><U19/><E113/><V121/><F121/><W11/><G67/><T59/><D120/><U45/><E111/><N who="0" m="42569" /><D129/><N who="1" m="49739" /><E9/><V10/><F130/><W89/><G71/><T112/><D112/><U74/><E3/><V24/><F37/><W57/><G89/><T30/><D27/><N who="1" m="14783" /><E74/><V65/><F79/><W94/><G72/><T25/><D25/><U69/><E69/><V22/><F68/><W83/><G4/><T36/><D36/><U23/><E39/><V116/><F116/><W13/><G94/><T46/><D46/><U82/><E82/><V62/><F62/><W77/><REACH who="3" step="1"/><G103/><REACH who="3" ten="340,289,291,70" step="2"/><T133/><D133/><U38/><E93/><V20/><F90/><W91/><G91/><T1/><D1/><U28/><E102/><V18/><F2/><W135/><G135/><T5/><D5/><U61/><E38/><V123/><F123/><W42/><G42/><T0/><D0/><U70/><E70/><V80/><F80/><W44/><G44/><T6/><D6/><U55/><E45/><V87/><F100/><W92/><G92/><T8/><D59/><N who="1" m="35047" /><E55/><V35/><F54/><W85/><G85/><T48/><D58/><U56/><E56/><V101/><F87/><W86/><G86/><T110/><D110/><U31/><E78/><V33/><F101/><W95/><G95/><T81/><D81/><U40/><E76/><V132/><F132/><W64/><G64/><T134/><D134/><U118/><E118/><RYUUKYOKU ba="0,1" sc="340,-10,289,-10,291,-10,70,30" hai3="7,11,13,32,34,51,53,57,75,77,83,104,106" /><INIT seed="3,1,1,1,4,64" ten="330,279,281,100" oya="3" hai0="132,100,86,109,77,74,117,5,69,126,66,61,25" hai1="76,72,108,115,2,96,19,75,85,50,78,27,59" hai2="98,55,133,68,90,4,26,7,40,81,17,94,15" hai3="106,79,14,45,88,92,56,57,22,44,97,84,127"/><W21/><G127/><T13/><D117/><U105/><E115/><V129/><F129/><W31/><G106/><T46/><D126/><U113/><E113/><V67/><F133/><W73/><G73/><T6/><D74/><U41/><E2/><V63/><F40/><W87/><G22/><T33/><D109/><U53/><E108/><V65/><F55/><W124/><G124/><T11/><D132/><U118/><E118/><V12/><F26/><N who="3" m="16847" /><G14/><T37/><D100/><U80/><E41/><V91/><F15/><W20/><G20/><T110/><D110/><U49/><E27/><V107/><F107/><W130/><G130/><T131/><D131/><U8/><E8/><V101/><F4/><W36/><G36/><T30/><D46/><N who="3" m="18025" /><G79/><T54/><D37/><U128/><E19/><V1/><F7/><W52/><G56/><T95/><D54/><U62/><E128/><V16/><F1/><W47/><N who="3" m="18033" /><W43/><DORA hai="122" /><G43/><T29/><D29/><U9/><E9/><V34/><F34/><W93/><G92/><T102/><D6/><U18/><E18/><V135/><F135/><W39/><G39/><T71/><D71/><U111/><E111/><V38/><F38/><W42/><G42/><T23/><D33/><U119/><E119/><V32/><F32/><W112/><G112/><T114/><D114/><U120/><E120/><V48/><F12/><W0/><G0/><T35/><D35/><U28/><E75/><V60/><F68/><W123/><G123/><T103/><D77/><U134/><E72/><V3/><F94/><W82/><G82/><RYUUKYOKU ba="1,1" sc="330,15,279,-15,281,-15,100,15" hai0="5,11,13,23,25,30,61,66,69,86,95,102,103" hai3="52,57,84,87,88,93,97" /><INIT seed="3,2,1,4,1,108" ten="345,264,266,115" oya="3" hai0="35,92,50,15,107,40,72,113,81,135,131,97,39" hai1="56,111,5,84,91,66,118,95,7,59,36,57,1" hai2="96,79,29,71,24,77,64,21,28,32,51,0,9" hai3="98,75,65,6,106,60,80,19,78,69,53,42,13"/><W100/><G42/><T127/><D35/><U114/><E36/><V85/><F51/><W86/><G6/><T134/><D39/><U61/><E111/><V128/><F128/><W115/><G53/><T90/><D15/><U120/><E120/><V34/><F96/><W101/><G101/><T83/><D131/><U4/><E118/><V89/><F64/><W8/><REACH who="3" step="1"/><G75/><REACH who="3" ten="345,264,266,105" step="2"/><T68/><D72/><U14/><E1/><V41/><F41/><W119/><G119/><T124/><D40/><U105/><E105/><V112/><F0/><W67/><G67/><T45/><D107/><U87/><E4/><V74/><F74/><W18/><G18/><T104/><D104/><U99/><E5/><V23/><F29/><W94/><G94/><T3/><D92/><U129/><E129/><V37/><F28/><W73/><G73/><T76/><D3/><U55/><E55/><V123/><F123/><W25/><G25/><T44/><D83/><U130/><E130/><V110/><F24/><W2/><G2/><T116/><D81/><U10/><E66/><V88/><F110/><W33/><G33/><T122/><D116/><U30/><E30/><V117/><F117/><W20/><G20/><T47/><D122/><U27/><E27/><V63/><F21/><W93/><G93/><T70/><D135/><U22/><E22/><V125/><F23/><W132/><G132/><T121/><D134/><U102/><E102/><V11/><F32/><W54/><G54/><T133/><D133/><U62/><E95/><V48/><F34/><W12/><G12/><T26/><D121/><RYUUKYOKU ba="2,2" sc="345,-10,264,-10,266,-10,105,30" hai3="8,13,19,60,65,69,78,80,86,98,100,106,115" /><INIT seed="3,3,2,3,3,89" ten="335,254,256,135" oya="3" hai0="104,61,12,106,18,88,90,56,100,76,82,21,109" hai1="124,97,11,112,53,66,48,62,117,25,40,98,27" hai2="96,57,120,45,30,17,33,80,73,101,23,133,16" hai3="31,65,84,70,22,58,119,94,102,121,55,126,1"/><W72/><G121/><T110/><D104/><U132/><E112/><V10/><F120/><W8/><G119/><T0/><D0/><U4/><E132/><V85/><F133/><W5/><G72/><T114/><D114/><U108/><E108/><N who="0" m="41577" /><D100/><U125/><E40/><V75/><F33/><W13/><G126/><N who="1" m="48746" /><E117/><V123/><F30/><W41/><G41/><T78/><D106/><U43/><E43/><V46/><F123/><W52/><G70/><T134/><D78/><U7/><E27/><V63/><F10/><W26/><G1/><T35/><D35/><U135/><E25/><V6/><F6/><N who="1" m="2089" /><E11/><V71/><F17/><W77/><G77/><T91/><D134/><U50/><E50/><V99/><F71/><W51/><G51/><T130/><D130/><U83/><E83/><V38/><F38/><W118/><G118/><T87/><D76/><U60/><E60/><V2/><F80/><W129/><G129/><T127/><D127/><U111/><E111/><V28/><F28/><W14/><G14/><T68/><D68/><N who="1" m="42071" /><E135/><V37/><F37/><W3/><G3/><T128/><D128/><U32/><E32/><V36/><F36/><W34/><G34/><T54/><AGARI ba="3,2" hai="12,18,21,54,56,61,82,87,88,90,91" m="41577" machi="54" ten="30,2000,0" yaku="14,1,54,1" doraHai="89" who="0" fromWho="0" sc="335,49,254,-8,256,-8,135,-13" /><INIT seed="4,0,0,3,1,47" ten="384,246,248,122" oya="0" hai0="117,79,56,114,100,98,103,23,71,55,58,54,73" hai1="68,32,74,82,92,14,42,94,7,104,38,5,118" hai2="91,51,48,132,1,15,64,29,49,8,19,2,11" hai3="57,90,61,53,37,116,62,3,95,97,101,9,112"/><T109/><D117/><U10/><E104/><V27/><F132/><W135/><G116/><T113/><D71/><U115/><E118/><V131/><F131/><W69/><G112/><T124/><D124/><U66/><E32/><V34/><F64/><W60/><G135/><T93/><D109/><U133/><E133/><V70/><F70/><W120/><G120/><T40/><D40/><U20/><E5/><V13/><REACH who="2" step="1"/><F91/><REACH who="2" ten="384,246,238,122" step="2"/><W80/><G69/><T108/><D114/><U106/><E66/><V88/><F88/><W63/><G37/><T121/><D113/><U4/><E68/><V44/><F44/><W123/><G123/><T99/><D121/><U134/><E134/><V122/><F122/><W77/><G90/><T30/><D58/><U105/><E115/><V65/><F65/><W86/><G3/><T129/><D56/><U83/><E38/><V39/><F39/><W28/><G28/><T46/><D46/><U33/><E106/><V52/><F52/><W87/><REACH who="3" step="1"/><G9/><REACH who="3" ten="384,246,238,112" step="2"/><T6/><D30/><U12/><E10/><V96/><F96/><W43/><G43/><T22/><D99/><U130/><E42/><V84/><F84/><AGARI ba="0,2" hai="53,57,60,61,62,63,77,80,84,86,87,95,97,101" machi="84" ten="40,5200,0" yaku="1,1,8,1,53,1" doraHai="47" doraHaiUra="78" who="3" fromWho="2" sc="384,0,246,0,238,-52,112,72" /><INIT seed="5,0,0,1,1,135" ten="384,246,186,184" oya="1" hai0="97,12,59,96,84,17,53,87,112,111,31,132,72" hai1="64,42,129,2,32,29,34,83,67,24,121,0,39" hai2="5,107,109,125,33,4,10,11,15,37,110,120,117" hai3="35,77,119,40,88,6,133,61,13,3,93,46,56"/><U52/><E121/><V116/><F107/><W50/><G133/><T99/><D111/><N who="2" m="42506" /><F37/><W74/><G35/><T100/><D112/><U7/><E129/><V105/><F105/><W54/><G119/><N who="2" m="45641" /><F33/><W70/><G3/><T14/><D72/><U51/><E34/><V126/><F120/><W18/><G6/><T102/><D31/><U25/><E25/><V49/><F49/><W82/><G70/><T85/><D132/><U1/><E7/><V94/><F94/><W45/><G45/><T41/><D41/><U38/><E42/><V44/><F44/><W122/><G122/><T57/><D53/><U69/><E83/><V26/><F26/><W106/><G106/><T91/><D91/><U68/><E68/><V86/><F86/><W21/><G93/><T55/><D55/><U47/><REACH who="1" step="1"/><E69/><REACH who="1" ten="384,236,186,184" step="2"/><V131/><F131/><W16/><G18/><T114/><D17/><U103/><E103/><N who="0" m="39465" /><D114/><U48/><E48/><V62/><F62/><W9/><REACH who="3" step="1"/><G88/><REACH who="3" ten="384,236,186,174" step="2"/><T58/><AGARI ba="0,2" hai="12,14,57,58,59,84,85,87,96,97,99" m="39465" machi="58" ten="40,8000,1" yaku="29,2,28,2,8,1" doraHai="135" who="0" fromWho="0" sc="384,100,236,-40,186,-20,174,-20" /><INIT seed="6,0,0,2,5,97" ten="484,196,166,154" oya="2" hai0="21,122,43,112,18,14,113,61,16,53,47,19,133" hai1="130,56,116,25,76,115,4,131,31,80,41,104,123" hai2="111,32,69,46,28,11,27,45,90,57,93,103,66" hai3="3,83,9,107,98,17,73,110,8,42,22,5,52"/><V23/><F69/><W49/><G110/><T128/><D122/><U99/><E116/><V48/><F111/><W106/><G42/><T91/><D91/><U132/><E115/><N who="0" m="44105" /><D133/><U129/><E132/><V39/><F39/><W71/><G71/><T26/><D128/><U84/><E4/><V55/><F32/><W64/><G64/><T95/><D95/><U100/><E41/><V92/><F11/><W7/><G73/><T6/><D6/><U67/><E123/><V85/><REACH who="2" step="1"/><F66/><REACH who="2" ten="484,196,156,154" step="2"/><W54/><G83/><T40/><D21/><N who="1" m="15791" /><E67/><V118/><F118/><W62/><G8/><T30/><D61/><U75/><E131/><V102/><F102/><W114/><G114/><T134/><D134/><U96/><E130/><V108/><F108/><W126/><G5/><T109/><D109/><U2/><E100/><V120/><F120/><W37/><G37/><T35/><D14/><U38/><E38/><V34/><F34/><W78/><G62/><T0/><D0/><U60/><E2/><V10/><F10/><W20/><G20/><T94/><D35/><U58/><E129/><V59/><F59/><W121/><G121/><T119/><D119/><U1/><E1/><V50/><F50/><W44/><G49/><T81/><D47/><U135/><E135/><V29/><F29/><W12/><G44/><T86/><D30/><U88/><E56/><V77/><F77/><W74/><G78/><T72/><D19/><U117/><E117/><V63/><F63/><W65/><G17/><T124/><D16/><U101/><E60/><V70/><F70/><W105/><G9/><RYUUKYOKU ba="0,1" sc="484,-10,196,-10,156,30,154,-10" hai2="23,27,28,45,46,48,55,57,85,90,92,93,103" /><INIT seed="6,1,1,4,4,55" ten="474,186,186,144" oya="2" hai0="37,130,31,5,89,104,66,85,41,40,122,51,4" hai1="39,100,6,44,131,132,92,119,21,18,102,1,118" hai2="111,88,30,79,129,25,63,0,17,27,33,22,71" hai3="47,8,35,16,54,106,110,7,26,108,97,81,53"/><V58/><F129/><W77/><G106/><T74/><D74/><U84/><E131/><V45/><F111/><W56/><G97/><T107/><D37/><U128/><E128/><V67/><F0/><W83/><G83/><T20/><D122/><U50/><E39/><V112/><F112/><W12/><G47/><T24/><D107/><U98/><E132/><V76/><F45/><W62/><G53/><T75/><D75/><U115/><E115/><V38/><F38/><W124/><G124/><T116/><D104/><U103/><E1/><V52/><F88/><W64/><G64/><T9/><D116/><U121/><E6/><V93/><F93/><W70/><G70/><T113/><D66/><U91/><E121/><V73/><F73/><W135/><G135/><T48/><D5/><U126/><E126/><V86/><F86/><W3/><G26/><T99/><D99/><U60/><E60/><AGARI ba="1,1" hai="17,22,25,27,30,33,52,58,60,63,67,71,76,79" machi="60" ten="30,5800,0" yaku="7,1,52,1,54,1" doraHai="55" who="2" fromWho="1" sc="474,0,186,-61,186,71,144,0" /><INIT seed="6,2,0,4,0,92" ten="474,125,257,144" oya="2" hai0="57,28,39,93,51,5,52,66,0,124,27,114,19" hai1="125,45,64,115,42,47,76,29,70,9,24,87,102" hai2="18,48,68,75,55,121,118,73,116,82,98,14,135" hai3="49,62,58,96,97,8,41,85,101,112,84,10,13"/><V50/><F68/><W53/><G112/><T36/><D114/><U25/><E115/><V59/><F121/><W120/><G120/><T31/><D124/><U69/><E125/><V77/><F135/><W86/><G101/><T12/><D66/><U34/><E47/><V126/><F126/><W38/><G38/><T123/><D31/><U74/><E64/><V7/><F75/><W30/><G30/><T132/><D132/><U108/><E108/><V43/><F7/><N who="3" m="3231" /><G10/><N who="0" m="2343" /><D93/><U131/><E131/><V23/><F43/><W81/><G81/><T16/><D19/><U6/><E24/><V72/><F72/><W127/><G127/><T94/><D94/><U61/><E61/><V107/><F48/><W89/><G89/><T37/><D37/><N who="1" m="21711" /><E87/><N who="3" m="22274" /><W78/><DORA hai="63" /><G78/><T110/><D110/><U103/><E103/><V3/><F3/><W17/><G17/><T95/><D95/><U54/><E102/><V111/><F111/><W22/><G22/><N who="0" m="11527" /><D123/><U133/><E133/><V128/><F77/><W11/><G11/><T46/><D46/><AGARI ba="2,0" hai="41,46,49,53,58,62,96,97" m="22274,3231" machi="46" ten="30,3900,0" yaku="8,1,52,2" doraHai="92,63" who="3" fromWho="0" sc="474,-45,125,0,257,0,144,45" /><INIT seed="7,0,0,3,2,69" ten="429,125,257,189" oya="3" hai0="107,70,66,84,60,38,96,110,121,4,49,50,95" hai1="104,67,134,126,7,108,105,15,36,21,6,87,45" hai2="35,9,17,27,79,55,133,52,101,39,98,57,130" hai3="99,71,16,109,112,65,102,131,11,61,88,48,59"/><W43/><G112/><T53/><D110/><U44/><E108/><V129/><F39/><W111/><G109/><T14/><D38/><U8/><E134/><V58/><F79/><W124/><G111/><T122/><D107/><U92/><E126/><V94/><F133/><W40/><G124/><T62/><D84/><U23/><E67/><V28/><F17/><W128/><G71/><T25/><D62/><U77/><E45/><V127/><F9/><W120/><G120/><T18/><D25/><U41/><E6/><V12/><F12/><N who="3" m="7199" /><G48/><T33/><D4/><U1/><E1/><V13/><F127/><W82/><G102/><T47/><D33/><U5/><E5/><V56/><F13/><W85/><G99/><T2/><D2/><U0/><E0/><V51/><F51/><W135/><G135/><T118/><D118/><U113/><E113/><V26/><F26/><W54/><G65/><T31/><D31/><U115/><E115/><V19/><F19/><W74/><G74/><T24/><D24/><U117/><E117/><V72/><F72/><W37/><G37/><T78/><D78/><U103/><E105/><V125/><F125/><W64/><G64/><T90/><D50/><U80/><REACH who="1" step="1"/><E104/><REACH who="1" ten="429,115,257,189" step="2"/><V46/><F46/><W63/><G59/><T116/><D116/><U93/><E93/><V81/><F58/><W29/><G82/><T32/><D32/><U86/><E86/><V123/><F57/><W100/><G85/><T106/><D106/><U132/><E132/><V119/><F81/><W22/><G54/><N who="2" m="20521" /><F119/><W83/><G83/><T76/><D53/><RYUUKYOKU ba="0,1" sc="429,-10,115,30,257,-10,189,-10" hai1="7,8,15,21,23,36,41,44,77,80,87,92,103" owari="429,52.9,145,-35.5,247,4.7,179,-22.1" /></mjloggm>