<mjloggm ver="2.3"><GO type="169" lobby="0"/><UN n0="%50%73%79%63%68%65" n1="%E7%89%8C%E6%B5%81%E7%8A%B6%E6%85%8B%E9%BA%BB%E9%9B%80" n2="%48%69%70%70%6F%5F" n3="%E3%83%8F%E5%B4%8E%E7%9C%9F%E6%82%9F" dan="17,16,17,17" rate="2145.92,2154.12,2192.31,2223.45" sx="M,M,M,M"/><TAIKYOKU oya="0"/><INIT seed="0,0,0,1,5,78" ten="250,250,250,250" oya="0" hai0="12,16,135,127,130,93,10,6,90,68,117,91,94" hai1="109,97,104,66,85,53,13,71,41,114,123,131,134" hai2="118,105,111,92,3,32,133,58,1,42,21,57,7" hai3="14,121,39,132,88,86,116,82,99,23,59,40,62"/><T113/><D117/><U80/><E123/><V55/><F105/><W9/><G116/><T69/><D113/><U19/><E109/><V65/><F111/><W107/><G121/><T20/><D135/><U47/><E134/><V49/><F32/><W64/><G132/><T100/><D100/><U128/><E114/><V129/><F129/><W106/><G23/><T51/><D130/><U61/><E53/><V79/><F118/><W27/><G27/><T5/><D127/><U84/><E97/><V37/><F7/><W11/><G11/><T77/><D77/><U34/><E34/><V63/><F92/><W35/><G35/><T54/><D69/><U74/><E104/><V0/><F79/><W76/><G39/><T24/><D68/><U38/><E85/><V67/><F67/><W115/><G40/><T119/><D119/><U17/><E17/><V112/><F21/><W95/><REACH who="3" step="1"/><G115/><REACH who="3" ten="250,250,250,240" step="2"/><T50/><D6/><AGARI ba="0,1" hai="6,9,14,59,62,64,76,82,86,88,95,99,106,107" machi="6" ten="30,12000,2" yaku="1,1,2,1,7,1,52,1,54,1,53,1" doraHai="78" doraHaiUra="83" who="3" fromWho="0" sc="250,-120,250,0,250,0,240,130" /><INIT seed="1,0,0,0,4,117" ten="130,250,250,370" oya="1" hai0="25,97,121,54,116,55,39,132,109,106,130,77,89" hai1="46,30,124,45,76,13,98,9,119,114,88,63,47" hai2="94,3,123,122,134,100,102,72,111,52,129,6,32" hai3="23,78,112,44,81,93,58,87,126,125,36,33,135"/><U35/><E119/><V49/><F32/><W16/><G33/><T99/><D116/><U118/><E118/><V59/><F72/><W66/><G112/><T83/><D39/><U113/><E76/><V14/><F3/><W7/><G7/><T24/><D109/><U42/><E42/><V71/><F71/><W43/><G135/><T10/><D132/><U86/><E98/><V40/><F134/><W22/><G93/><T56/><D130/><U85/><E85/><V11/><F111/><W74/><G74/><T91/><D10/><U96/><E96/><V28/><F28/><W131/><G131/><T67/><D67/><U21/><E35/><V107/><F129/><W110/><G110/><T101/><D99/><U73/><E73/><V8/><F107/><W108/><G108/><T68/><D68/><U12/><E63/><V115/><F115/><W18/><G58/><T20/><D25/><U0/><E0/><V127/><F127/><N who="3" m="48651" /><G66/><T19/><D55/><U133/><E133/><V62/><F8/><W75/><G75/><T82/><D82/><U27/><E13/><V69/><F94/><W57/><G57/><T60/><REACH who="0" step="1"/><D121/><REACH who="0" ten="120,250,250,370" step="2"/><U31/><E124/><V48/><F69/><W34/><G36/><T80/><D80/><N who="1" m="49223" /><E114/><V38/><F38/><W104/><G81/><T17/><D17/><N who="1" m="12719" /><E113/><V64/><F123/><W84/><G78/><T4/><D4/><AGARI ba="0,1" hai="4,9,12,30,31,45,46,47" m="12719,49223" machi="4" ten="30,2900,0" yaku="8,1,54,1" doraHai="117" who="1" fromWho="0" sc="120,-29,250,39,250,0,370,0" /><INIT seed="1,1,0,1,1,57" ten="91,289,250,370" oya="1" hai0="111,43,133,50,69,108,102,29,112,77,79,121,34" hai1="110,128,89,81,91,30,113,9,19,95,18,41,48" hai2="123,132,64,92,14,2,21,47,62,10,38,44,70" hai3="118,119,87,51,58,6,72,101,15,97,73,104,105"/><U106/><E113/><V76/><F123/><W45/><G104/><T88/><D112/><U94/><E106/><V68/><F2/><W35/><G35/><T52/><D102/><U78/><E128/><V82/><F132/><W40/><G87/><T59/><D133/><U107/><E107/><V75/><F21/><W84/><G84/><T125/><D121/><U32/><E32/><V60/><F92/><W23/><G58/><T130/><D130/><U100/><E30/><V124/><F124/><W66/><G66/><T122/><D122/><U22/><E110/><N who="0" m="42025" /><D125/><U46/><E9/><V5/><F38/><W114/><G114/><T33/><D69/><U63/><E63/><V116/><F116/><N who="3" m="44587" /><G23/><T134/><D134/><U16/><E22/><V109/><F109/><W83/><G83/><T27/><D34/><U56/><E56/><V39/><F39/><W86/><G86/><T93/><D43/><U1/><E1/><V90/><F90/><N who="1" m="34313" /><E100/><V42/><F42/><W55/><G40/><T65/><D65/><AGARI ba="1,0" hai="5,10,14,44,47,60,62,64,65,68,70,75,76,82" machi="65" ten="40,5200,0" yaku="9,1,52,2" doraHai="57" who="2" fromWho="0" sc="91,-55,289,0,250,55,370,0" /><INIT seed="2,0,0,5,3,81" ten="36,289,305,370" oya="2" hai0="129,64,83,71,133,43,3,77,34,41,19,49,47" hai1="111,87,108,105,114,134,69,65,90,119,121,10,89" hai2="76,104,48,17,67,73,29,102,113,116,117,30,110" hai3="55,7,2,82,100,39,27,68,9,20,53,60,61"/><V106/><F113/><W72/><G39/><T126/><D133/><U13/><E114/><V36/><F36/><W66/><G100/><T93/><D129/><U97/><E119/><V124/><F124/><W54/><G72/><T25/><D126/><U86/><E134/><V95/><F106/><W80/><REACH who="3" step="1"/><G61/><REACH who="3" ten="36,289,305,360" step="2"/><T59/><D3/><U128/><E128/><V70/><F73/><W125/><G125/><T50/><D71/><U79/><E69/><V11/><F70/><W103/><G103/><T57/><D64/><U21/><E65/><V135/><F135/><W96/><G96/><T101/><D101/><U132/><E97/><V123/><F117/><W51/><G51/><T92/><D50/><U122/><E132/><V45/><F116/><W12/><G12/><T26/><D49/><U75/><E13/><V22/><F104/><W16/><AGARI ba="0,1" hai="2,7,9,16,20,27,53,54,55,60,66,68,80,82" machi="16" ten="30,7900,0" yaku="1,1,0,1,54,1,53,1" doraHai="81" doraHaiUra="4" who="3" fromWho="3" sc="36,-20,289,-20,305,-39,360,89" /><INIT seed="3,0,0,0,1,17" ten="16,269,266,449" oya="3" hai0="94,28,50,55,110,52,108,61,35,3,24,82,134" hai1="117,125,116,38,14,62,87,71,114,107,128,66,78" hai2="9,7,20,86,104,36,0,91,76,54,23,16,83" hai3="120,34,37,84,127,69,10,13,45,56,22,64,101"/><W75/><G34/><T63/><D134/><U59/><E107/><V79/><F104/><W135/><G75/><T19/><D3/><U97/><E97/><V53/><F36/><W57/><G69/><T113/><D113/><U26/><E38/><V81/><F91/><W106/><G120/><T77/><D94/><U111/><E111/><N who="0" m="42537" /><D19/><U100/><E100/><V48/><F16/><W115/><G101/><T130/><D130/><U6/><E114/><V1/><F1/><W89/><G106/><T39/><D39/><U25/><E128/><V44/><REACH who="2" step="1"/><F53/><REACH who="2" ten="16,269,256,449" step="2"/><W118/><G37/><T105/><D105/><U46/><E116/><V124/><F124/><W30/><G127/><T47/><D55/><U95/><E117/><V72/><AGARI ba="0,1" hai="0,7,9,20,23,44,48,54,72,76,79,81,83,86" machi="72" ten="20,12000,2" yaku="1,1,0,1,7,1,52,2,53,1" doraHai="17" doraHaiUra="4" who="2" fromWho="2" sc="16,-30,269,-30,256,130,449,-60" owari="-14,-51.4,239,-16.1,386,18.6,389,48.9" /></mjloggm>