<mjloggm ver="2.3"><GO type="169" lobby="0"/><UN n0="%E3%82%B0%E3%83%B3%E3%83%80%E3%83%AA%E3%83%BC" n1="%43%E3%82%A8%E3%83%BC%E3%82%B8%E3%82%A7%E3%83%B3%E3%83%88" n2="%E3%81%9F%E3%81%8B%31%34%31" n3="%E6%BC%AB%E6%89%8D%E9%BA%BB%E5%B0%86%E5%91%86%E5%91%86" dan="19,17,16,16" rate="2256.82,2213.51,2136.37,2054.86" sx="M,M,M,F"/><TAIKYOKU oya="0"/><INIT seed="0,0,0,3,4,50" ten="250,250,250,250" oya="0" hai0="43,122,57,126,124,4,24,30,135,95,131,92,39" hai1="101,45,99,41,69,36,119,112,109,21,54,93,100" hai2="34,11,77,51,83,68,113,16,70,134,26,13,28" hai3="90,61,84,85,97,72,53,12,22,107,2,116,111"/><T46/><D122/><U120/><E69/><V40/><F134/><W132/><G116/><T130/><D4/><U7/><E119/><V88/><F113/><W87/><G2/><T44/><D44/><U105/><E120/><V6/><F40/><W47/><G72/><T25/><D57/><U42/><E42/><V49/><F70/><W66/><G132/><T9/><D9/><U33/><E33/><V79/><F68/><W129/><G129/><N who="0" m="49163" /><D135/><U117/><E112/><V15/><F79/><W115/><G115/><T123/><D123/><U118/><E7/><V19/><F6/><W5/><G66/><T106/><D106/><U62/><E21/><V98/><F77/><W17/><G107/><T23/><D24/><U29/><E29/><V71/><F71/><W3/><G5/><T55/><D55/><U52/><E54/><V96/><F51/><N who="3" m="28927" /><G3/><T125/><AGARI ba="0,0" hai="23,25,30,39,43,46,92,95,124,125,126" m="49163" machi="125" ten="40,3900,0" yaku="18,1,19,1" doraHai="50" who="0" fromWho="0" sc="250,39,250,-13,250,-13,250,-13" /><INIT seed="0,1,0,2,4,93" ten="289,237,237,237" oya="0" hai0="127,104,135,57,16,91,38,108,119,28,81,70,46" hai1="7,44,79,112,103,55,88,122,32,97,62,56,45" hai2="27,98,37,121,2,67,20,102,120,118,109,19,25" hai3="47,77,126,89,68,130,9,39,51,17,76,80,12"/><T74/><D119/><U69/><E122/><V34/><F109/><W71/><G39/><T66/><D70/><U116/><E32/><V128/><F118/><W85/><G130/><T13/><D104/><U6/><E116/><V87/><F128/><W49/><G126/><T50/><D127/><U82/><E69/><V113/><F113/><W78/><REACH who="3" step="1"/><G51/><REACH who="3" ten="289,237,237,227" step="2"/><T8/><D38/><U73/><E112/><V59/><F37/><W86/><G86/><T48/><D108/><U0/><E0/><V42/><F87/><W29/><G29/><T41/><D135/><U134/><E134/><V53/><F2/><W105/><G105/><T111/><D111/><U3/><E3/><V99/><F121/><W107/><G107/><T52/><D28/><U35/><E35/><V43/><F120/><W15/><G15/><T5/><D66/><U96/><E73/><V133/><F67/><W23/><G23/><T129/><D129/><U40/><E45/><V95/><F133/><W58/><G58/><T64/><D64/><U123/><E44/><V83/><F34/><W115/><G115/><T90/><REACH who="0" step="1"/><D5/><REACH who="0" ten="279,237,237,227" step="2"/><U63/><E6/><V4/><F4/><W61/><G61/><T65/><D65/><U11/><E62/><V125/><F125/><W114/><G114/><T31/><D31/><U75/><E123/><V33/><F33/><W100/><G100/><T22/><D22/><U101/><E101/><V36/><F36/><W24/><G24/><T1/><D1/><U18/><E103/><V132/><F102/><W60/><G60/><T94/><D94/><U14/><E7/><RYUUKYOKU ba="1,2" sc="279,15,237,-15,237,-15,227,15" hai0="8,13,16,41,46,48,50,52,57,74,81,90,91" hai3="9,12,17,47,49,68,71,76,77,78,80,85,89" /><INIT seed="0,2,2,0,2,57" ten="294,222,222,242" oya="0" hai0="38,131,51,124,58,9,135,25,37,59,29,102,90" hai1="98,49,95,81,68,99,30,52,117,40,23,56,94" hai2="63,26,101,84,128,105,21,116,115,86,134,66,69" hai3="110,12,109,22,85,7,92,93,55,0,6,118,62"/><T104/><D90/><U108/><E68/><V120/><F120/><W53/><G118/><T83/><D83/><U5/><E108/><N who="3" m="41578" /><G0/><T79/><D79/><U31/><E117/><V20/><F115/><W80/><G22/><T60/><D9/><U88/><E5/><N who="3" m="1546" /><G12/><T114/><D114/><U74/><E40/><V50/><F116/><W44/><G44/><T89/><D25/><U75/><E23/><V28/><F128/><W17/><G17/><T119/><D29/><U127/><E127/><V47/><F134/><W126/><G126/><T32/><D135/><U122/><E122/><V1/><F1/><W64/><G92/><T82/><D124/><U100/><REACH who="1" step="1"/><E81/><REACH who="1" ten="294,212,222,242" step="2"/><V91/><F20/><W96/><G80/><T133/><D82/><U41/><E41/><V13/><F13/><W67/><G85/><T18/><D119/><U72/><AGARI ba="2,3" hai="30,31,49,52,56,72,74,75,88,94,95,98,99,100" machi="72" ten="30,7900,0" yaku="1,1,0,1,54,2,53,0" doraHai="57" doraHaiUra="35" who="1" fromWho="1" sc="294,-41,212,115,222,-22,242,-22" /><INIT seed="1,0,0,5,0,41" ten="253,327,200,220" oya="1" hai0="59,119,97,100,72,69,32,92,75,8,62,115,60" hai1="13,51,25,70,54,135,101,48,111,64,112,116,85" hai2="83,107,38,12,7,73,80,71,77,127,125,129,14" hai3="126,105,15,39,87,123,28,109,53,0,18,78,86"/><U16/><E112/><V128/><F71/><W58/><G123/><T110/><D115/><U130/><E116/><V57/><F107/><W45/><G105/><T118/><D32/><U124/><E124/><N who="2" m="47691" /><F38/><W40/><G0/><T61/><D69/><U68/><E130/><N who="2" m="50283" /><F7/><W33/><G109/><T56/><D110/><U95/><E111/><V65/><F83/><W24/><G78/><T91/><D119/><U106/><E25/><V20/><F20/><W102/><G102/><T37/><D100/><U22/><E106/><V50/><F65/><W93/><G93/><T104/><D92/><U98/><E64/><V30/><F30/><W49/><REACH who="3" step="1"/><G126/><REACH who="3" ten="253,327,200,210" step="2"/><T35/><D104/><U52/><E95/><V88/><F88/><W82/><G82/><T29/><D91/><U9/><E101/><V21/><F80/><W134/><G134/><T36/><D118/><U117/><E135/><V31/><F77/><W10/><AGARI ba="0,1" hai="10,15,18,24,28,33,39,40,45,49,53,58,86,87" machi="10" ten="20,8000,1" yaku="1,1,0,1,7,1,52,1,53,1" doraHai="41" doraHaiUra="26" who="3" fromWho="3" sc="253,-20,327,-40,200,-20,210,90" /><INIT seed="2,0,0,3,5,74" ten="233,287,180,300" oya="2" hai0="1,111,101,77,35,82,43,30,126,105,3,19,76" hai1="98,71,63,38,103,99,28,66,16,81,22,88,83" hai2="107,39,34,18,108,131,54,125,112,129,46,7,65" hai3="40,48,37,58,114,60,134,49,0,84,119,73,57"/><V55/><F107/><W21/><G73/><T14/><D43/><U10/><E38/><V87/><F34/><W53/><G0/><T27/><D111/><U133/><E133/><V104/><F104/><W50/><G21/><T41/><D126/><U121/><E121/><V85/><F112/><W32/><G32/><T25/><D41/><U75/><E28/><V20/><F65/><N who="3" m="39055" /><G84/><N who="2" m="32329" /><F7/><W26/><G26/><T113/><D113/><U106/><E10/><V31/><F31/><W91/><G91/><T11/><D82/><U17/><E75/><V130/><F125/><W15/><G15/><T13/><D25/><U92/><REACH who="1" step="1"/><E17/><REACH who="1" ten="233,277,180,300" step="2"/><V12/><F108/><W56/><G134/><T96/><REACH who="0" step="1"/><D14/><AGARI ba="0,1" hai="14,16,22,63,66,71,81,83,88,92,98,99,103,106" machi="14" ten="30,12000,2" yaku="1,1,2,1,7,1,54,2,53,1" doraHai="74" doraHaiUra="89" who="1" fromWho="0" sc="233,-120,277,130,180,0,300,0" /><INIT seed="3,0,0,5,4,25" ten="113,407,180,300" oya="3" hai0="98,22,4,118,15,34,33,58,31,14,56,23,122" hai1="62,63,130,48,70,57,12,41,37,7,134,75,87" hai2="65,29,50,60,21,3,71,1,8,44,26,117,108" hai3="2,127,52,93,49,126,61,92,38,96,82,104,54"/><W45/><G2/><T91/><D118/><U64/><E75/><V132/><F117/><W59/><G38/><T107/><D122/><U133/><E87/><V55/><F55/><BYE who="2" /><W73/><G104/><T119/><D119/><U99/><E99/><V86/><F86/><W46/><G46/><T13/><D4/><U123/><E12/><V80/><F80/><W84/><G73/><T74/><D74/><U111/><E7/><V16/><F16/><W124/><REACH who="3" step="1"/><G96/><REACH who="3" ten="113,407,180,290" step="2"/><T40/><D98/><U42/><E37/><V43/><F43/><W5/><G5/><T77/><D40/><U47/><E41/><V120/><F120/><W115/><G115/><T113/><D107/><U106/><E123/><V121/><F121/><W112/><G112/><T135/><D113/><U19/><E106/><V0/><F0/><W81/><G81/><T101/><D135/><U69/><E133/><V72/><F72/><W51/><G51/><T35/><D35/><U53/><E134/><V110/><F110/><W67/><G67/><T32/><D34/><U131/><E111/><V128/><F128/><W85/><G85/><T11/><D33/><U30/><E130/><V103/><F103/><W94/><G94/><T109/><D32/><U76/><E131/><V28/><F28/><W17/><G17/><UN n2="%E3%81%9F%E3%81%8B%31%34%31" /><T18/><D101/><U78/><E19/><V9/><F108/><W6/><G6/><N who="0" m="3319" /><D109/><U100/><E30/><V129/><F129/><W24/><G24/><T89/><D31/><U36/><E100/><V79/><F132/><W20/><G20/><T97/><D22/><U90/><E90/><AGARI ba="0,1" hai="45,49,52,54,59,61,82,84,90,92,93,124,126,127" machi="90" ten="40,12000,1" yaku="1,1,6,1,18,1,54,1,53,0" doraHai="25" doraHaiUra="10" who="3" fromWho="1" sc="113,0,407,-120,180,0,290,130" /><INIT seed="3,1,0,2,0,36" ten="113,287,180,420" oya="3" hai0="41,54,45,31,11,59,5,79,66,130,132,72,96" hai1="46,92,101,4,106,15,12,58,27,20,26,47,80" hai2="112,1,115,100,82,68,0,69,32,108,117,8,3" hai3="103,81,62,73,123,38,135,33,44,74,88,87,19"/><W86/><G123/><T23/><D66/><U65/><E106/><V111/><F82/><W125/><G33/><T124/><D130/><U126/><E126/><V34/><F100/><W85/><G125/><T78/><D124/><U120/><E120/><V122/><F8/><W40/><G40/><T94/><D132/><U89/><E80/><V64/><F64/><W97/><G135/><T128/><D72/><U110/><E101/><V9/><F9/><W99/><G99/><T71/><D71/><N who="2" m="27210" /><F117/><W133/><G62/><T29/><D29/><U10/><E110/><N who="2" m="42027" /><F122/><W67/><G67/><T76/><D128/><U121/><E121/><V21/><F21/><W84/><G133/><T98/><D23/><U102/><E102/><V63/><F63/><W113/><G113/><AGARI ba="1,0" hai="0,1,3,32,34,112,113,115" m="42027,27210" machi="113" ten="40,8000,1" yaku="28,2,14,1,31,2" doraHai="36" who="2" fromWho="3" sc="113,0,287,0,180,83,420,-83" /><INIT seed="4,0,0,4,0,123" ten="113,287,263,337" oya="0" hai0="107,21,86,89,95,135,11,80,103,57,131,8,15" hai1="99,16,119,33,64,75,27,28,105,18,10,97,40" hai2="132,17,126,59,6,114,94,92,127,83,67,43,25" hai3="9,78,120,128,112,36,5,41,45,130,110,104,70"/><T96/><D131/><N who="3" m="50217" /><G120/><T49/><D135/><U88/><E75/><V14/><F132/><W39/><G112/><T76/><D21/><U22/><E40/><V74/><F43/><W20/><G104/><T52/><REACH who="0" step="1"/><D15/><REACH who="0" ten="103,287,263,337" step="2"/><U81/><E22/><V118/><F14/><W51/><G20/><T69/><D69/><U68/><E68/><V111/><F114/><W72/><G70/><T54/><D54/><U56/><E64/><V48/><F67/><W79/><G39/><T4/><D4/><U122/><E33/><V133/><F6/><W44/><G36/><T108/><D108/><U50/><E122/><V62/><F111/><W73/><G110/><T98/><AGARI ba="0,1" hai="8,11,49,52,57,76,80,86,89,95,96,98,103,107" machi="98" ten="20,7800,0" yaku="1,1,0,1,7,1,54,1,53,0" doraHai="123" doraHaiUra="71" who="0" fromWho="0" sc="103,88,287,-26,263,-26,337,-26" /><INIT seed="4,1,0,0,1,101" ten="191,261,237,311" oya="0" hai0="32,34,44,26,124,133,6,18,69,85,2,56,29" hai1="121,117,112,75,20,5,33,41,109,37,105,107,97" hai2="49,74,113,104,120,59,118,115,57,25,23,62,45" hai3="108,43,73,71,46,91,14,102,28,92,80,134,99"/><T17/><D69/><U42/><E33/><N who="0" m="12905" /><D56/><U27/><E5/><V87/><F74/><W127/><G71/><T114/><D85/><U53/><E75/><V96/><F120/><W111/><G127/><T22/><D44/><U51/><E117/><V83/><F118/><W94/><G134/><T3/><D133/><U100/><E121/><V9/><F9/><W79/><G28/><N who="0" m="17495" /><D114/><N who="2" m="43530" /><F96/><W35/><G35/><T110/><D124/><U93/><E112/><V129/><F104/><W128/><G94/><T131/><D131/><U132/><E132/><V7/><F7/><W48/><G128/><T60/><D60/><U106/><E109/><V8/><F8/><W13/><G108/><T1/><D110/><U86/><E86/><V88/><F62/><W68/><G111/><T65/><D65/><U52/><E37/><V98/><F98/><W30/><G68/><T77/><D77/><U61/><E61/><V66/><F66/><W125/><G125/><T116/><D116/><U38/><E38/><V58/><F129/><W126/><G126/><T123/><D123/><U10/><E10/><V64/><F64/><W39/><G39/><T15/><D29/><U76/><E76/><V63/><F63/><W90/><G30/><T16/><D6/><U0/><E51/><V12/><F49/><W89/><AGARI ba="1,0" hai="13,14,43,46,48,73,79,80,89,90,91,92,99,102" machi="89" ten="30,1100,0" yaku="0,1" doraHai="101" who="3" fromWho="3" sc="191,-6,261,-4,237,-4,311,14" /><INIT seed="5,0,0,1,3,12" ten="185,257,233,325" oya="1" hai0="95,56,45,100,88,78,36,39,44,72,116,64,3" hai1="29,79,107,75,122,85,133,51,134,123,101,35,106" hai2="62,49,22,53,4,28,110,84,82,63,114,2,20" hai3="24,70,119,98,60,54,16,118,61,13,23,99,50"/><U111/><E29/><V105/><F110/><W74/><G74/><T130/><D116/><N who="3" m="44585" /><G98/><T34/><D3/><U11/><E35/><V38/><F38/><W25/><G99/><T0/><D0/><U65/><E65/><V76/><F105/><N who="1" m="39945" /><E11/><V10/><F114/><W26/><G70/><T121/><D130/><U17/><E17/><V103/><F103/><W40/><G40/><T6/><D100/><U48/><E101/><V1/><F1/><W104/><G104/><T108/><D64/><U30/><E30/><V135/><F135/><N who="1" m="51721" /><E75/><V69/><F69/><W19/><G19/><T83/><D72/><U81/><E111/><V113/><F113/><W132/><G132/><T14/><D108/><U21/><E21/><V117/><F117/><W91/><G91/><T37/><D88/><U127/><E127/><V94/><F22/><W42/><G42/><T57/><D34/><U126/><E126/><V125/><F125/><W120/><G120/><AGARI ba="0,0" hai="48,51,79,81,85,120,122,123" m="51721,39945" machi="120" ten="40,2000,0" yaku="20,1" doraHai="12" who="1" fromWho="3" sc="185,0,257,20,233,0,325,-20" /><INIT seed="5,1,0,0,0,96" ten="185,277,233,305" oya="1" hai0="119,9,97,87,81,80,94,14,3,17,124,125,49" hai1="104,77,108,13,63,65,41,55,46,105,52,132,135" hai2="90,106,38,40,27,76,102,121,67,100,84,34,53" hai3="62,37,61,110,47,43,28,71,68,44,122,92,26"/><U83/><E108/><V56/><F121/><W22/><G110/><T57/><D119/><U101/><E13/><V129/><F106/><W116/><G122/><T95/><D3/><U117/><E117/><V20/><F34/><W54/><G116/><T73/><D73/><U10/><E10/><V51/><F129/><W75/><G75/><T42/><D95/><U19/><E19/><V66/><F76/><W127/><G127/><T85/><D125/><U39/><E105/><V45/><F67/><W12/><G12/><T25/><D25/><U115/><E115/><V133/><F66/><W58/><G62/><T2/><D2/><U112/><E112/><V0/><F133/><N who="1" m="51273" /><E101/><V8/><F8/><W99/><G47/><T36/><D17/><U24/><E24/><V35/><F35/><W4/><REACH who="3" step="1"/><G4/><REACH who="3" ten="185,277,233,295" step="2"/><T16/><D124/><U29/><E104/><V82/><REACH who="2" step="1"/><F0/><REACH who="2" ten="185,277,223,295" step="2"/><W7/><G7/><T69/><D9/><U131/><E131/><V114/><F114/><W93/><G93/><T89/><D94/><U109/><E109/><V86/><F86/><W79/><G79/><T48/><D87/><U107/><E107/><V126/><F126/><W50/><G50/><T6/><D85/><U111/><E111/><V64/><F64/><W11/><G11/><T18/><D49/><U21/><E83/><V78/><F78/><W72/><G72/><T30/><D48/><U31/><E77/><V60/><F60/><W103/><AGARI ba="1,2" hai="22,26,28,37,43,44,54,58,61,68,71,92,99,103" machi="103" ten="20,8000,1" yaku="1,1,0,1,7,1,52,1,53,1" doraHai="96" doraHaiUra="88" who="3" fromWho="3" sc="185,-21,277,-41,223,-21,295,103" /><INIT seed="6,0,0,0,0,115" ten="164,236,202,398" oya="2" hai0="72,3,126,111,109,66,41,135,8,80,122,15,26" hai1="91,127,37,93,106,94,9,130,113,36,60,128,123" hai2="105,82,11,69,92,112,89,52,90,101,38,28,81" hai3="43,45,62,47,18,34,70,132,40,5,116,59,57"/><V17/><F112/><W1/><G18/><T39/><D66/><U87/><E113/><V14/><F38/><W46/><G5/><N who="0" m="1087" /><D122/><U107/><E127/><V6/><F69/><W42/><G34/><T25/><D15/><U56/><E9/><V88/><F105/><W118/><G1/><T24/><D135/><U77/><E77/><V104/><F104/><W65/><G132/><T53/><D53/><U85/><E123/><V29/><F6/><W33/><G33/><T129/><D129/><N who="1" m="49771" /><E107/><V108/><F108/><W75/><G75/><T27/><N who="0" m="6144" /><DORA hai="58" /><T55/><D55/><N who="1" m="33823" /><E106/><V12/><F12/><W103/><G103/><T63/><D63/><U119/><E119/><AGARI ba="0,0" hai="40,42,43,45,46,47,57,59,62,65,70,116,118,119" machi="119" ten="50,12000,2" yaku="34,3,52,4" doraHai="115,58" who="3" fromWho="1" sc="164,0,236,-120,202,0,398,120" /><INIT seed="7,0,0,5,5,31" ten="164,116,202,518" oya="3" hai0="59,77,133,36,117,2,9,111,128,57,8,123,34" hai1="108,44,37,85,28,51,5,1,45,114,83,26,115" hai2="42,65,58,24,41,70,47,98,95,67,60,64,72" hai3="82,124,76,120,92,27,112,33,40,88,134,79,116"/><W52/><G116/><T32/><D117/><U43/><E108/><V25/><F72/><W96/><G120/><T21/><D21/><U55/><E1/><V102/><F70/><W132/><G40/><N who="2" m="15465" /><F47/><W46/><G112/><T87/><D87/><U80/><E5/><V91/><F102/><W63/><G124/><T103/><D77/><U127/><E127/><V100/><F100/><W104/><G104/><T3/><D103/><U15/><E15/><V129/><F129/><W81/><G81/><T35/><D35/><U113/><REACH who="1" step="1"/><E85/><REACH who="1" ten="164,106,202,518" step="2"/><V18/><F24/><W93/><G93/><T66/><D2/><U22/><AGARI ba="0,1" hai="22,26,28,37,43,44,45,51,55,80,83,113,114,115" machi="22" ten="30,7900,0" yaku="1,1,2,1,0,1,15,1,53,0" doraHai="31" doraHaiUra="29" who="1" fromWho="1" sc="164,-20,106,89,202,-20,518,-39" owari="144,-35.6,195,-0.5,182,-21.8,479,57.9" /></mjloggm>