<mjloggm ver="2.3"><GO type="169" lobby="0"/><UN n0="%E8%BE%9B%E5%8F%A3%E3%82%AB%E3%83%AC%E3%83%BC%E3%83%A9%E3%82%A4%E3%82%B9" n1="%E9%9B%B2%E3%81%AE%E3%83%95%E3%83%89%E3%82%A6" n2="%E3%81%88%E3%81%84%E3%81%8D%E3%81%A1%40%35%6D%66" n3="%74%77%69%74%63%68" dan="16,16,17,16" rate="2120.89,2081.79,2245.01,2136.74" sx="M,M,M,F"/><TAIKYOKU oya="0"/><INIT seed="0,0,0,1,1,103" ten="250,250,250,250" oya="0" hai0="73,105,127,76,38,44,25,24,72,0,80,115,135" hai1="28,60,116,34,86,17,79,74,51,46,33,71,31" hai2="8,121,19,49,43,20,36,39,53,124,69,128,1" hai3="35,2,6,10,114,101,85,118,91,29,12,66,5"/><T56/><D115/><U67/><E116/><V131/><F121/><W111/><G114/><T102/><D135/><U119/><E119/><V23/><F69/><W48/><G118/><T110/><D127/><U88/><E17/><V59/><F124/><W87/><G111/><T123/><D123/><U32/><E79/><V62/><F62/><W129/><G129/><N who="2" m="49737" /><F43/><W133/><G133/><T95/><D0/><U58/><E71/><V30/><F30/><W40/><G29/><T90/><D72/><U117/><E74/><V98/><F98/><W94/><G35/><T70/><D70/><U26/><E31/><V107/><F107/><W13/><G66/><T42/><D110/><U65/><E65/><V82/><F82/><W99/><G85/><N who="0" m="52687" /><D56/><U92/><REACH who="1" step="1"/><E117/><REACH who="1" ten="250,240,250,250" step="2"/><V27/><F23/><W45/><REACH who="3" step="1"/><G5/><AGARI ba="0,1" hai="1,5,8,19,20,27,36,39,49,53,59" m="49737" machi="5" ten="30,1000,0" yaku="19,1" doraHai="103" who="2" fromWho="3" sc="250,0,240,0,250,20,250,-10" /><INIT seed="1,0,0,0,2,63" ten="250,240,270,240" oya="1" hai0="77,48,4,62,130,47,3,44,78,18,6,91,82" hai1="132,104,79,60,32,127,119,111,2,1,109,24,35" hai2="123,7,121,100,105,38,30,81,25,107,67,131,21" hai3="28,10,17,106,101,86,96,133,20,61,76,50,51"/><U19/><E104/><V135/><F38/><W65/><G133/><T16/><D130/><U26/><E79/><N who="0" m="30217" /><D3/><N who="1" m="1035" /><E60/><V99/><F131/><W31/><G10/><T27/><D62/><U14/><E132/><V94/><F135/><W108/><G108/><N who="1" m="41546" /><E119/><V115/><F115/><W64/><G76/><T92/><D82/><U134/><E134/><V89/><F81/><W23/><G86/><N who="0" m="52343" /><D44/><U11/><E127/><V72/><F107/><W110/><G110/><T69/><D69/><U29/><E26/><V73/><F123/><W54/><G61/><T68/><D68/><U59/><E59/><V88/><F121/><W58/><G50/><T8/><D8/><U45/><E45/><V49/><F49/><W15/><REACH who="3" step="1"/><G20/><AGARI ba="0,0" hai="11,14,19,20,24,29,32,35" m="41546,1035" machi="20" ten="30,11600,0" yaku="14,1,10,1,34,2" doraHai="63" who="1" fromWho="3" sc="250,0,240,116,270,0,240,-116" /><INIT seed="1,1,0,3,0,79" ten="250,356,270,124" oya="1" hai0="94,123,58,87,117,65,27,83,66,93,4,63,3" hai1="13,97,82,107,118,22,119,72,52,91,64,70,75" hai2="128,21,38,37,30,71,16,80,7,133,51,45,19" hai3="81,90,95,77,73,131,98,67,9,92,62,12,121"/><U74/><E107/><V78/><F71/><W54/><G121/><T25/><D117/><U42/><E42/><V130/><F133/><W112/><G112/><T109/><D109/><U40/><E40/><N who="2" m="24999" /><F30/><W68/><G131/><N who="2" m="50217" /><F7/><W99/><G54/><T17/><D123/><U60/><E97/><V88/><F88/><W135/><G135/><T132/><D132/><U20/><E20/><V84/><F19/><W28/><G28/><T5/><D66/><U10/><E22/><V108/><F108/><W47/><G47/><T26/><D17/><U104/><E104/><V61/><F61/><W96/><REACH who="3" step="1"/><G92/><REACH who="3" ten="250,356,270,114" step="2"/><N who="0" m="35435" /><D3/><U85/><REACH who="1" step="1"/><E52/><REACH who="1" ten="250,346,270,114" step="2"/><V2/><F2/><W110/><G110/><T126/><D126/><U48/><E48/><V69/><F38/><W33/><G33/><T89/><AGARI ba="1,2" hai="4,5,25,26,27,58,63,65,83,87,89" m="35435" machi="89" ten="30,2000,0" yaku="8,1,52,1" doraHai="79" who="0" fromWho="0" sc="250,43,346,-11,270,-6,114,-6" /><INIT seed="2,0,0,4,2,0" ten="293,335,264,108" oya="2" hai0="104,100,77,15,1,96,13,65,25,94,92,101,110" hai1="68,82,126,109,118,88,49,17,23,52,44,78,121" hai2="19,112,73,16,58,54,111,90,67,32,39,113,71" hai3="9,5,51,89,22,2,3,83,28,56,124,36,8"/><V125/><F32/><W47/><G36/><T30/><D1/><U95/><E118/><V62/><F73/><W34/><G124/><T135/><D110/><U27/><E109/><V63/><F111/><W86/><G56/><T130/><D130/><U24/><E126/><V37/><F125/><W45/><G34/><T33/><D135/><U64/><E121/><V80/><F39/><W84/><G51/><T114/><D114/><U12/><E64/><V61/><F37/><W59/><G59/><T43/><D43/><U91/><E68/><V69/><F80/><W14/><G2/><T119/><D119/><U79/><E91/><V70/><F90/><W122/><G122/><T6/><D77/><N who="1" m="29195" /><E82/><V103/><F103/><W29/><G22/><T46/><D46/><U53/><E53/><V105/><F105/><W66/><G66/><T93/><D100/><U57/><E44/><V74/><F74/><W81/><G47/><T42/><D42/><U38/><E38/><V72/><F72/><W120/><G45/><T133/><D133/><U85/><AGARI ba="0,0" hai="12,17,23,24,27,49,52,57,85,88,95" m="29195" machi="85" ten="30,7900,0" yaku="25,1,8,1,54,2" doraHai="0" who="1" fromWho="1" sc="293,-20,335,79,264,-39,108,-20" /><INIT seed="3,0,0,1,0,13" ten="273,414,225,88" oya="3" hai0="121,116,83,54,33,130,40,77,109,19,112,38,89" hai1="21,61,58,53,56,101,122,62,27,5,107,30,119" hai2="81,106,80,51,35,124,117,88,43,39,102,98,69" hai3="52,113,46,75,57,37,86,2,125,3,134,126,123"/><W1/><G123/><T70/><D116/><U41/><E122/><V118/><F69/><W82/><G113/><T0/><D121/><U114/><E114/><V7/><F35/><W85/><G134/><T74/><D112/><U135/><E135/><V48/><F39/><W9/><G9/><T79/><D70/><U67/><E119/><V96/><F7/><W120/><G120/><T129/><D33/><U127/><E127/><N who="3" m="48650" /><G75/><T60/><D77/><U8/><E41/><V64/><F64/><W95/><G95/><T12/><D0/><N who="3" m="1" /><W132/><DORA hai="18" /><G132/><T17/><D109/><U23/><E107/><V63/><F124/><W36/><G46/><N who="0" m="23831" /><D89/><U44/><E101/><V14/><F102/><W108/><G108/><T73/><D73/><U111/><E44/><V68/><F117/><W128/><G128/><N who="0" m="49259" /><D12/><N who="1" m="5135" /><E111/><V72/><F72/><W110/><G110/><T45/><D45/><U55/><E67/><V87/><F118/><W71/><G71/><T91/><D91/><U65/><E65/><V49/><F68/><W4/><G4/><T66/><D66/><U92/><E92/><V11/><F88/><N who="3" m="51255" /><G86/><T20/><D20/><AGARI ba="0,0" hai="20,21,23,27,30,53,55,56,58,61,62" m="5135" machi="20" ten="30,7700,0" yaku="8,1,52,3" doraHai="13,18" who="1" fromWho="0" sc="273,-77,414,77,225,0,88,0" /><INIT seed="4,0,0,2,0,63" ten="196,491,225,88" oya="0" hai0="114,43,15,26,20,18,88,31,50,9,128,86,37" hai1="0,47,13,1,70,12,125,32,119,101,95,71,87" hai2="67,65,90,115,7,38,58,132,17,106,36,60,22" hai3="113,76,116,24,62,91,51,107,44,118,98,27,59"/><T78/><D114/><U33/><E101/><V23/><F106/><W29/><G113/><T25/><D128/><U11/><E95/><V100/><F100/><W42/><G76/><T121/><D121/><U28/><E47/><V81/><F115/><W14/><G14/><T41/><D37/><U45/><E45/><V56/><F132/><W48/><G48/><T52/><D78/><U84/><E11/><V16/><F7/><W96/><G96/><T46/><D26/><U129/><E28/><V73/><F73/><W19/><G19/><T55/><D55/><U117/><E125/><V53/><F53/><W39/><G39/><T82/><AGARI ba="0,0" hai="9,15,18,20,25,31,41,43,46,50,52,82,86,88" machi="82" ten="20,18000,2" yaku="0,1,7,1,25,2,8,1,54,2" doraHai="63" who="0" fromWho="0" sc="196,180,491,-60,225,-60,88,-60" /><INIT seed="4,1,0,1,4,13" ten="376,431,165,28" oya="0" hai0="59,98,102,2,105,5,24,126,37,89,20,104,6" hai1="122,55,82,71,114,49,68,33,70,8,19,38,87" hai2="29,27,75,73,43,129,77,134,83,21,15,45,131" hai3="74,121,81,40,11,50,133,79,63,96,35,31,22"/><T80/><D37/><U111/><E111/><V90/><F134/><W3/><G133/><T44/><D126/><U7/><E33/><V120/><F120/><W115/><G115/><T23/><D44/><U110/><E110/><V53/><F53/><W78/><G121/><T100/><D2/><U57/><E122/><V124/><F124/><W84/><G35/><T1/><D1/><U135/><E135/><V56/><F56/><W103/><G63/><T47/><D47/><U108/><E108/><V14/><F90/><W65/><G65/><T64/><D64/><U128/><E38/><N who="2" m="21751" /><F73/><W118/><G118/><T25/><D59/><U9/><E9/><V93/><F93/><W41/><G74/><T119/><D119/><U123/><E123/><V34/><F34/><W101/><G79/><T39/><D39/><U99/><E71/><V28/><F28/><W91/><G78/><T109/><D109/><U26/><E114/><V16/><F29/><W97/><G3/><T17/><D89/><U0/><E128/><AGARI ba="1,0" hai="14,15,16,21,27,75,77,83,128,129,131" m="21751" machi="128" ten="30,3900,0" yaku="19,1,52,1,54,1" doraHai="13" who="2" fromWho="1" sc="376,0,431,-42,165,42,28,0" /><INIT seed="5,0,0,4,1,22" ten="376,389,207,28" oya="1" hai0="53,75,80,19,23,134,72,15,91,61,115,41,38" hai1="21,121,68,76,77,104,82,83,128,4,112,127,57" hai2="117,98,37,28,7,108,105,62,73,60,123,45,1" hai3="95,29,42,88,46,81,6,101,74,109,131,54,14"/><U9/><E121/><V56/><F123/><W48/><G109/><T63/><D115/><U59/><E104/><V86/><F117/><W110/><G110/><T124/><D124/><U90/><E68/><V0/><F73/><W119/><G119/><T92/><D134/><U34/><E34/><V114/><F28/><W69/><G69/><T51/><D38/><U35/><E35/><V94/><F7/><W84/><G131/><T132/><D132/><U33/><E33/><V93/><F86/><W30/><G42/><T26/><D41/><U27/><E128/><V44/><F56/><W103/><G74/><T16/><D75/><U67/><E112/><V122/><F98/><W116/><G116/><T36/><D36/><U17/><E127/><V13/><F13/><W3/><G3/><T89/><D80/><N who="1" m="30763" /><E90/><N who="0" m="34313" /><D92/><U32/><E32/><V24/><F105/><W10/><REACH who="3" step="1"/><G81/><REACH who="3" ten="376,389,207,18" step="2"/><T70/><D70/><U106/><E67/><V102/><F108/><W97/><G97/><T107/><D72/><U96/><E96/><V133/><F0/><W49/><G49/><T2/><D2/><U8/><E106/><V5/><F1/><W99/><G99/><T20/><D107/><U135/><E135/><V39/><F133/><W52/><G52/><T79/><D79/><U125/><E125/><V78/><F78/><W118/><G118/><T71/><D71/><U40/><E76/><V120/><F114/><W64/><G64/><T31/><D31/><AGARI ba="0,1" hai="6,10,14,29,30,31,46,48,54,84,88,95,101,103" machi="31" ten="40,5200,0" yaku="1,1,8,1,54,1,53,0" doraHai="22" doraHaiUra="65" who="3" fromWho="0" sc="376,-52,389,0,207,0,18,62" /><INIT seed="6,0,0,0,3,103" ten="324,389,207,80" oya="2" hai0="68,21,132,46,33,131,116,107,64,45,15,125,90" hai1="80,63,129,74,105,96,38,88,17,30,53,134,114" hai2="109,112,56,86,47,12,108,0,102,120,85,87,54" hai3="65,58,101,25,124,82,55,51,16,34,20,10,92"/><V35/><F120/><W110/><G110/><N who="2" m="42601" /><F0/><W19/><G124/><T22/><D125/><U99/><E38/><V11/><F35/><W119/><G119/><T91/><D33/><U60/><E30/><V49/><F112/><W98/><G34/><T9/><D132/><U32/><E32/><V81/><F102/><W41/><G41/><T111/><D111/><U104/><E17/><N who="2" m="8351" /><F56/><W43/><G43/><T28/><D131/><U133/><E74/><V115/><F115/><W77/><G65/><T94/><D116/><U37/><E37/><V126/><F126/><W69/><G69/><T75/><D75/><U95/><E114/><V70/><F70/><W8/><REACH who="3" step="1"/><G19/><REACH who="3" ten="324,389,207,70" step="2"/><T79/><D68/><U89/><E129/><V83/><AGARI ba="0,1" hai="47,49,54,81,83,85,86,87" m="8351,42601" machi="83" ten="40,2100,0" yaku="10,1" doraHai="103" who="2" fromWho="2" sc="324,-7,389,-7,207,31,70,-7" /><INIT seed="6,1,0,4,5,4" ten="317,382,238,63" oya="2" hai0="96,58,121,87,97,19,7,112,47,116,22,59,38" hai1="134,119,62,60,129,28,118,103,53,133,6,106,110" hai2="114,73,41,42,113,56,0,12,88,26,32,61,11" hai3="75,86,52,80,115,67,77,13,95,127,25,24,37"/><V9/><F73/><W36/><G127/><T84/><D121/><U71/><E110/><V107/><F107/><W29/><G115/><N who="2" m="44041" /><F0/><W23/><G67/><T85/><D112/><U135/><E129/><V51/><F32/><W27/><G75/><T69/><D69/><U105/><E6/><N who="2" m="3127" /><F26/><W74/><G74/><T111/><D111/><U104/><E103/><V39/><F39/><W48/><G37/><T46/><D116/><N who="1" m="44587" /><E62/><V65/><F51/><W91/><G13/><T89/><D7/><U30/><E71/><V49/><F49/><W16/><G36/><T34/><D34/><U21/><E21/><V57/><F57/><AGARI ba="1,0" hai="28,30,53,57,60,104,105,106,133,134,135" m="44587" machi="57" ten="50,1600,0" yaku="20,1" doraHai="4" who="1" fromWho="2" sc="317,0,382,19,238,-19,63,0" /><INIT seed="7,0,0,4,4,51" ten="317,401,219,63" oya="3" hai0="0,117,82,129,88,33,31,58,62,13,48,75,93" hai1="79,96,20,74,81,97,47,50,114,98,55,128,28" hai2="100,11,104,120,36,133,125,109,73,101,6,32,99" hai3="118,89,77,80,72,2,71,41,15,46,9,40,102"/><W84/><G118/><T38/><D38/><U24/><REACH who="1" step="1"/><E114/><REACH who="1" ten="317,391,219,63" step="2"/><V37/><F37/><W91/><G2/><T17/><D0/><U7/><E7/><V60/><F36/><W83/><G71/><T86/><D117/><U124/><E124/><V54/><F60/><W5/><G102/><T95/><D129/><AGARI ba="0,1" hai="20,24,28,47,50,55,74,79,81,96,97,98,128,129" machi="129" ten="40,8000,1" yaku="21,2,52,1,53,1" doraHai="51" doraHaiUra="16" who="1" fromWho="0" sc="317,-80,391,90,219,0,63,0" owari="237,3.7,481,58.1,219,-18.1,63,-43.7" /></mjloggm>