<mjloggm ver="2.3"><GO type="169" lobby="0"/><UN n0="%4D%75%64%46%6C%6F%77" n1="%6A%61%63%6F%62%69%33%35" n2="%E9%88%8D%E7%97%9B" n3="%E3%82%A8%E3%82%B0%E3%83%81%E3%80%81" dan="17,17,16,17" rate="2166.51,2122.41,2089.95,2211.56" sx="M,M,F,M"/><TAIKYOKU oya="0"/><INIT seed="0,0,0,5,5,45" ten="250,250,250,250" oya="0" hai0="31,77,18,33,121,41,53,11,19,92,125,123,59" hai1="23,90,102,100,84,25,65,80,2,22,63,17,117" hai2="27,86,9,28,74,120,115,70,46,60,37,69,81" hai3="124,114,43,8,44,58,51,24,16,88,12,5,82"/><T38/><D125/><U132/><E132/><V20/><F120/><W54/><G114/><T103/><D77/><U49/><E2/><V35/><F74/><W30/><G124/><T34/><D38/><U93/><E117/><V126/><F126/><W42/><G5/><T122/><D41/><U133/><E133/><V135/><F115/><W4/><G4/><T104/><D104/><U98/><E23/><V61/><F61/><W97/><G58/><T6/><D103/><U110/><E110/><V113/><F60/><W47/><G47/><T55/><D92/><U15/><E49/><V68/><F9/><W107/><G107/><T57/><D31/><U39/><E39/><V99/><F99/><W29/><G29/><T95/><D95/><U118/><E118/><V106/><F106/><W75/><G75/><T109/><D109/><U26/><REACH who="1" step="1"/><E100/><REACH who="1" ten="250,240,250,250" step="2"/><V78/><F113/><W72/><G72/><T40/><D122/><U91/><E91/><V62/><F135/><W96/><G96/><T66/><D121/><U108/><E108/><V3/><F3/><W83/><G97/><T89/><D89/><U128/><E128/><V111/><F111/><W129/><G129/><T105/><D123/><U85/><E85/><V32/><F62/><W14/><G14/><T119/><D119/><U87/><E87/><V64/><F64/><W13/><G12/><T131/><D66/><U76/><E76/><V48/><REACH who="2" step="1"/><F37/><REACH who="2" ten="250,240,240,250" step="2"/><W36/><G36/><T101/><D131/><U21/><E21/><V56/><F56/><AGARI ba="0,2" hai="15,17,22,25,26,56,63,65,80,84,90,93,98,102" machi="56" ten="30,3900,0" yaku="1,1,7,1,8,1,53,0" doraHai="45" doraHaiUra="127" who="1" fromWho="2" sc="250,0,240,59,240,-39,250,0" /><INIT seed="1,0,0,2,4,12" ten="250,299,201,250" oya="1" hai0="130,17,5,1,132,100,87,70,106,86,61,4,40" hai1="95,48,126,103,44,121,123,63,35,22,59,113,53" hai2="57,46,0,82,124,97,21,38,125,99,29,58,79" hai3="27,72,18,84,39,129,51,117,110,98,16,96,54"/><U116/><E35/><V65/><F0/><W25/><G72/><T41/><D130/><U71/><E113/><V7/><F7/><W102/><G39/><T80/><D132/><U31/><E71/><V78/><F38/><W9/><G110/><T74/><D74/><U50/><E116/><V134/><F46/><W114/><G114/><T62/><D100/><U88/><E103/><V33/><F33/><W101/><G129/><T13/><D106/><U34/><E34/><V89/><F21/><N who="3" m="13479" /><G117/><T67/><D62/><U52/><E126/><V73/><F73/><W118/><G84/><T56/><D87/><U105/><E105/><V37/><F37/><W43/><G43/><N who="0" m="16459" /><D70/><U92/><E92/><V19/><F82/><W69/><G69/><T3/><D3/><U107/><E107/><V85/><F85/><W28/><G28/><T135/><D135/><U76/><E76/><V23/><F29/><W24/><G118/><T20/><D1/><U32/><E32/><V90/><F134/><W49/><G49/><T10/><D20/><U120/><E50/><V91/><F124/><W30/><G30/><T36/><D36/><U128/><E128/><V127/><F125/><W42/><G42/><T119/><D119/><U77/><E77/><AGARI ba="0,0" hai="4,5,10,13,17,56,61,67,77,80,86" m="16459" machi="77" ten="30,2000,0" yaku="8,1,52,1" doraHai="12" who="0" fromWho="1" sc="250,20,299,-20,201,0,250,0" /><INIT seed="2,0,0,2,4,76" ten="270,279,201,250" oya="2" hai0="127,4,115,3,6,43,33,42,110,15,45,29,102" hai1="11,41,60,46,104,66,91,32,114,52,17,82,55" hai2="71,77,10,111,116,50,49,74,34,135,8,100,120" hai3="85,81,63,125,72,13,16,79,68,123,21,19,36"/><V1/><F77/><W92/><G125/><T25/><D115/><U131/><E104/><V89/><F89/><W117/><G117/><T59/><D110/><U31/><E131/><V112/><F100/><W62/><G123/><T2/><D127/><U78/><E91/><V87/><F87/><W5/><G36/><T0/><D102/><U61/><E32/><V24/><F24/><W103/><G5/><T93/><D93/><U128/><E31/><V20/><F20/><W121/><G121/><T35/><D59/><U124/><E128/><V132/><F120/><W98/><G68/><T88/><D43/><U28/><E28/><V134/><F116/><W26/><G72/><T58/><D58/><U96/><E96/><V86/><F74/><W51/><G51/><N who="2" m="19465" /><F71/><W67/><G67/><T75/><D88/><U130/><E130/><V108/><F34/><W113/><G113/><T56/><D75/><U22/><E114/><V107/><F112/><W48/><G48/><N who="0" m="26679" /><D35/><U126/><E126/><V30/><F30/><W18/><G18/><T133/><D29/><U9/><E124/><V90/><F107/><W99/><G99/><T14/><D33/><U94/><E66/><V109/><F1/><W95/><G95/><AGARI ba="0,0" hai="8,10,86,90,95,108,109,111,132,134,135" m="19465" machi="95" ten="40,7700,0" yaku="14,1,10,1,20,1" doraHai="76" who="2" fromWho="3" sc="270,0,279,0,201,77,250,-77" /><INIT seed="2,1,0,0,4,84" ten="270,279,278,173" oya="2" hai0="112,14,39,80,48,54,38,35,50,95,64,130,133" hai1="118,60,61,97,111,17,58,8,117,123,44,104,63" hai2="132,45,129,24,34,127,65,12,91,47,53,131,67" hai3="32,5,40,1,13,55,6,4,22,9,74,82,94"/><V125/><F12/><W52/><G32/><T122/><D122/><U43/><E123/><V109/><F34/><W93/><G40/><T11/><D112/><U37/><E111/><V19/><F24/><W69/><G69/><T15/><D130/><N who="2" m="49674" /><F19/><W106/><G106/><T78/><D133/><U71/><E8/><V7/><F7/><W134/><G134/><T121/><D64/><N who="2" m="24650" /><F132/><W79/><G1/><T83/><D35/><U70/><E17/><V100/><F100/><W10/><G22/><T102/><D121/><U113/><E113/><V96/><F109/><W115/><G115/><T20/><D20/><U101/><REACH who="1" step="1"/><E58/><REACH who="1" ten="270,269,278,173" step="2"/><V26/><F26/><W81/><G4/><T59/><D59/><U29/><E29/><V103/><F103/><W30/><G30/><T86/><D102/><U105/><E105/><V21/><F21/><W68/><G68/><AGARI ba="1,1" hai="37,43,44,60,61,63,68,70,71,97,101,104,117,118" machi="68" ten="40,1300,0" yaku="1,1,53,0" doraHai="84" doraHaiUra="3" who="1" fromWho="3" sc="270,0,269,26,278,0,173,-16" /><INIT seed="3,0,0,5,5,43" ten="270,295,278,157" oya="3" hai0="21,127,76,94,29,31,35,98,22,6,12,55,124" hai1="80,70,84,133,10,68,103,61,120,32,60,20,100" hai2="78,51,18,115,125,49,28,95,50,73,102,108,74" hai3="69,62,7,65,26,88,113,25,64,126,107,27,24"/><W34/><G113/><T91/><D35/><U96/><E32/><V111/><F115/><W118/><G118/><T105/><D76/><U75/><E75/><V66/><F78/><W121/><G121/><T39/><D39/><U135/><E120/><V87/><F125/><N who="0" m="48202" /><D105/><U129/><E10/><V130/><F130/><W2/><G126/><T123/><D123/><U72/><E72/><V53/><F66/><W44/><G107/><T90/><D90/><U23/><E84/><V110/><F53/><W19/><G65/><T3/><D3/><U134/><E80/><V112/><F112/><W33/><G7/><T14/><D55/><U45/><E133/><V13/><F28/><N who="0" m="10826" /><D14/><U30/><E30/><V101/><F101/><W131/><G2/><T99/><D99/><U106/><E106/><V86/><F86/><W11/><G131/><T9/><AGARI ba="0,0" hai="6,9,12,21,22,91,94,98" m="10826,48202" machi="9" ten="30,1100,0" yaku="18,1" doraHai="43" who="0" fromWho="0" sc="270,11,295,-3,278,-3,157,-5" /><INIT seed="4,0,0,0,3,119" ten="281,292,275,152" oya="0" hai0="6,5,74,22,43,94,61,37,41,93,102,31,39" hai1="125,92,14,116,0,105,24,120,84,113,46,33,11" hai2="25,19,66,76,65,73,62,58,15,57,96,112,127" hai3="38,16,89,55,130,107,63,7,121,2,51,48,82"/><T23/><D74/><U49/><E105/><V10/><F112/><W67/><G130/><T18/><D61/><U100/><E113/><V118/><F127/><W85/><G38/><T79/><D79/><U68/><E0/><V109/><F109/><W91/><G107/><T47/><D31/><U56/><E56/><V54/><F118/><W64/><G7/><T30/><D30/><U27/><E33/><V103/><F25/><W40/><G2/><T98/><D93/><U44/><E44/><V117/><F117/><W45/><G121/><T128/><D128/><U99/><E68/><V72/><F76/><W34/><G34/><T133/><D133/><U3/><E3/><V21/><F10/><W131/><G131/><T52/><D23/><U106/><E120/><V20/><F20/><W86/><G63/><T95/><D95/><U123/><E125/><V114/><F66/><W71/><G16/><T42/><D39/><U69/><E69/><V101/><F101/><W53/><G71/><T59/><D37/><U81/><E123/><V12/><F12/><W87/><G87/><T13/><REACH who="0" step="1"/><D59/><REACH who="0" ten="271,292,275,152" step="2"/><U35/><E106/><N who="2" m="63847" /><F114/><W88/><G91/><T29/><D29/><U60/><E60/><N who="2" m="35895" /><F72/><W90/><G89/><T26/><D26/><U77/><E116/><V124/><F73/><W1/><G90/><T80/><D80/><U50/><E35/><V17/><F124/><W135/><G82/><T8/><D8/><U115/><E115/><V36/><F36/><W75/><G135/><T111/><D111/><U83/><E77/><V97/><F62/><W28/><G75/><RYUUKYOKU ba="0,1" sc="271,30,292,-10,275,-10,152,-10" hai0="5,6,13,18,22,41,42,43,47,52,94,98,102" /><INIT seed="4,1,1,2,4,32" ten="301,282,265,142" oya="0" hai0="9,73,6,133,123,21,96,61,91,40,15,1,18" hai1="90,12,125,17,135,118,100,94,38,20,46,65,92" hai2="14,66,128,34,79,47,4,13,81,31,10,75,85" hai3="27,33,117,111,127,51,41,35,71,99,3,87,30"/><T101/><D123/><U5/><E118/><V11/><F128/><W107/><G111/><T8/><D133/><U59/><E135/><V56/><F34/><W122/><G117/><T88/><D73/><U60/><E125/><V28/><F75/><W53/><G127/><T134/><D134/><U97/><E38/><V25/><F25/><W29/><G41/><T37/><D61/><U19/><E46/><V72/><F72/><W98/><G71/><T70/><D70/><U54/><E5/><V89/><F89/><W22/><G122/><T42/><D9/><U129/><E129/><V74/><F74/><W113/><G113/><T48/><D48/><U109/><E109/><V108/><F47/><W120/><G120/><T39/><D39/><U116/><E116/><V130/><F130/><W26/><G3/><T124/><D124/><U119/><E119/><V63/><REACH who="2" step="1"/><F108/><REACH who="2" ten="301,282,255,142" step="2"/><W57/><G22/><T50/><D91/><U43/><E20/><V83/><F83/><W132/><G132/><T36/><D88/><U106/><E90/><V105/><F105/><W104/><G107/><T84/><D21/><U49/><E106/><V68/><F68/><W45/><G104/><T82/><D82/><U131/><E94/><V126/><F126/><W55/><REACH who="3" step="1"/><G87/><REACH who="3" ten="301,282,255,132" step="2"/><T114/><D84/><U95/><E131/><V93/><F93/><W52/><G52/><T44/><D42/><U121/><E121/><V24/><F24/><W77/><G77/><T64/><D40/><U58/><E95/><V103/><F103/><W2/><G2/><T86/><D1/><U7/><E43/><RYUUKYOKU ba="1,3" sc="301,-30,282,10,255,10,132,10" hai1="7,12,17,19,49,54,58,59,60,65,92,97,100" hai2="4,10,11,13,14,28,31,56,63,66,79,81,85" hai3="26,27,29,30,33,35,45,51,53,55,57,98,99" /><INIT seed="5,2,3,3,4,40" ten="271,292,265,142" oya="1" hai0="42,37,30,8,59,66,104,115,98,134,41,16,88" hai1="93,83,38,126,25,103,2,35,3,51,55,29,45" hai2="89,84,65,127,11,44,49,47,117,69,116,97,6" hai3="18,120,114,17,119,36,82,113,23,0,111,135,73"/><U76/><E126/><V131/><F127/><W54/><G120/><T122/><D104/><U31/><E38/><V107/><F131/><W99/><G111/><T52/><D66/><U50/><E31/><V133/><F133/><W4/><G135/><T72/><D72/><U57/><E93/><V63/><F107/><W56/><G36/><T34/><D37/><U64/><E103/><V123/><F97/><W22/><G99/><T58/><D58/><U71/><E71/><V112/><F123/><W1/><G82/><T20/><D34/><U85/><REACH who="1" step="1"/><E64/><REACH who="1" ten="271,282,265,142" step="2"/><V21/><F65/><W19/><G119/><T33/><D134/><U60/><E60/><V91/><F63/><W46/><G114/><T100/><D115/><U9/><E9/><V26/><F69/><W12/><G113/><T75/><D100/><U132/><E132/><V5/><F11/><N who="3" m="4199" /><G23/><T79/><D122/><U80/><E80/><V62/><F112/><W68/><G22/><T94/><D8/><U13/><E13/><V130/><F21/><W90/><G68/><T108/><D30/><U74/><E74/><V96/><F116/><W61/><G73/><T121/><D121/><U95/><E95/><V101/><F117/><W15/><G15/><N who="0" m="9247" /><D33/><U102/><E102/><V70/><F101/><W125/><G125/><T110/><D110/><U28/><E28/><V27/><F70/><W43/><G0/><T10/><D108/><U78/><E78/><V81/><F81/><W105/><G1/><T7/><D79/><U53/><AGARI ba="2,4" hai="2,3,25,29,35,45,50,51,53,55,57,76,83,85" machi="53" ten="20,7800,0" yaku="1,1,0,1,7,1,52,1,53,0" doraHai="40" doraHaiUra="39" who="1" fromWho="1" sc="271,-28,282,124,265,-28,142,-28" /><INIT seed="5,3,0,0,4,25" ten="243,406,237,114" oya="1" hai0="133,58,71,18,61,23,53,99,63,93,94,100,26" hai1="8,92,39,11,24,6,127,54,70,105,96,112,35" hai2="30,109,19,0,45,67,10,2,84,107,101,68,38" hai3="82,15,50,128,13,122,129,20,9,120,88,32,74"/><U36/><E105/><V3/><F84/><W4/><G50/><T86/><D133/><U78/><E11/><V98/><F19/><N who="3" m="10351" /><G88/><N who="0" m="53399" /><D71/><U16/><E78/><V116/><F116/><W43/><G82/><T72/><D72/><U126/><E70/><V103/><F103/><W12/><G43/><T102/><D63/><U69/><E54/><V87/><F87/><W113/><G74/><T5/><D5/><U66/><E66/><V1/><F109/><W22/><G32/><T28/><D18/><U123/><E69/><V27/><F10/><N who="3" m="4167" /><G113/><T42/><D42/><U14/><E112/><V132/><F132/><W77/><G77/><T29/><D102/><U56/><E39/><V37/><N who="2" m="0" /><DORA hai="124" /><V31/><F45/><W59/><G59/><T91/><D100/><U40/><E56/><V7/><F7/><N who="3" m="3519" /><G22/><T55/><D55/><U48/><E36/><V125/><F38/><W114/><G114/><T131/><D58/><U134/><E40/><V49/><F49/><W41/><G41/><T73/><D73/><U76/><E48/><V75/><F75/><W79/><G79/><T81/><D61/><U57/><E57/><V17/><F37/><W121/><AGARI ba="3,0" hai="120,121,122,128,129" m="3519,4167,10351" machi="121" ten="40,8000,1" yaku="34,2,52,2" doraHai="25,124" who="3" fromWho="3" sc="243,-23,406,-43,237,-23,114,89" /><INIT seed="6,0,0,5,5,31" ten="220,363,214,203" oya="2" hai0="109,98,83,0,61,99,127,7,9,121,65,35,107" hai1="84,47,95,122,58,23,40,120,88,134,57,32,69" hai2="89,123,78,93,79,92,102,132,43,33,56,80,15" hai3="30,50,101,75,135,22,72,59,8,114,1,2,39"/><V38/><F33/><W71/><G39/><T12/><D109/><U126/><E32/><V24/><F24/><W63/><G135/><T82/><D121/><N who="1" m="46699" /><E134/><V51/><F38/><W131/><G131/><T94/><D127/><U108/><E126/><V73/><F132/><W42/><G71/><T29/><D99/><U36/><E69/><V111/><F123/><W66/><G114/><T64/><D64/><U26/><E108/><V113/><F113/><W16/><G30/><AGARI ba="0,0" hai="23,26,30,36,40,47,57,58,84,88,95" m="46699" machi="30" ten="30,2000,0" yaku="13,1,54,1" doraHai="31" who="1" fromWho="3" sc="220,0,363,20,214,0,203,-20" /><INIT seed="7,0,0,5,0,84" ten="220,383,214,183" oya="3" hai0="40,22,46,108,117,90,67,7,124,102,14,21,80" hai1="27,71,23,88,130,107,98,44,132,126,15,77,99" hai2="38,95,30,66,45,59,48,57,2,5,97,43,60" hai3="83,51,55,33,94,72,89,76,122,96,104,100,87"/><W69/><G122/><T92/><D108/><U54/><E71/><V78/><F78/><W26/><G69/><T91/><D117/><U116/><E77/><V47/><F30/><W128/><G128/><T8/><D124/><U20/><E107/><V63/><F2/><W13/><G13/><T121/><D67/><U79/><E79/><V0/><F0/><W75/><G33/><T18/><D121/><U35/><E132/><V16/><F16/><W1/><G1/><T37/><D80/><U12/><E54/><V34/><F5/><W105/><G26/><T11/><D102/><U125/><E44/><V50/><F34/><W118/><G118/><T10/><D22/><U93/><E116/><V31/><F31/><W36/><G36/><T70/><D70/><U109/><E109/><V52/><F47/><W61/><G61/><T112/><D112/><U82/><E82/><V56/><F56/><W25/><G25/><T6/><D91/><AGARI ba="0,0" hai="38,43,45,48,50,52,57,59,60,63,66,91,95,97" machi="91" ten="30,3900,0" yaku="7,1,52,1,54,1" doraHai="84" who="2" fromWho="0" sc="220,-39,383,0,214,39,183,0" owari="181,-31.9,383,48.3,253,5.3,183,-21.7" /></mjloggm>