<mjloggm ver="2.3"><GO type="169" lobby="0"/><UN n0="%E5%AE%8C%E5%85%A8%E5%AE%89%E7%89%8C" n1="%E3%81%97%E3%82%93%E3%81%B7%E3%82%8B%E3%81%AA%E3%81%B2%E3%82%88%E3%81%93" n2="%E4%BE%8D" n3="%E3%81%88%E3%81%84%E3%81%8D%E3%81%A1%40%35%6D%66" dan="17,17,18,17" rate="2162.07,2106.80,2276.10,2239.99" sx="M,M,M,M"/><TAIKYOKU oya="0"/><INIT seed="0,0,0,3,0,99" ten="250,250,250,250" oya="0" hai0="101,92,45,69,116,87,19,134,90,58,79,94,16" hai1="10,50,33,74,29,117,132,57,88,49,106,73,102" hai2="80,27,128,86,17,15,2,93,100,126,121,110,65" hai3="61,70,36,32,41,111,64,127,31,114,85,26,81"/><T91/><D134/><U130/><E117/><V37/><F121/><W6/><G114/><T135/><D135/><U38/><E132/><V54/><F37/><W13/><G111/><T104/><D69/><U67/><E38/><V46/><F2/><W9/><G127/><T52/><D116/><U11/><E130/><V3/><F3/><W18/><G36/><T96/><D45/><U89/><E29/><V20/><F128/><W113/><G41/><T123/><D79/><U78/><E33/><V68/><F110/><W76/><REACH who="3" step="1"/><G113/><REACH who="3" ten="250,250,250,240" step="2"/><T103/><D123/><U105/><E73/><V112/><F126/><W62/><G62/><N who="0" m="36167" /><D104/><U83/><E74/><V53/><F112/><W66/><G66/><T60/><D60/><U44/><E67/><V1/><F65/><W55/><G55/><T95/><D101/><U56/><E102/><V43/><F54/><W84/><G84/><AGARI ba="0,1" hai="16,19,84,87,90,91,92,94,95,96,103" m="36167" machi="84" ten="30,11600,0" yaku="8,1,52,1,54,2" doraHai="99" who="0" fromWho="3" sc="250,126,250,0,250,0,240,-116" /><INIT seed="0,1,0,2,0,23" ten="376,250,250,124" oya="0" hai0="109,122,70,118,101,100,128,99,20,29,9,107,84" hai1="0,93,124,64,115,42,68,132,39,34,95,45,111" hai2="87,82,2,135,129,119,14,123,69,37,35,114,48" hai3="11,56,94,131,79,112,60,58,67,80,125,25,19"/><T32/><D118/><U30/><E0/><V59/><RYUUKYOKU type="yao9" ba="1,0" sc="376,0,250,0,250,0,124,0" hai2="2,14,35,37,48,59,69,82,87,114,119,123,129,135" /><INIT seed="0,2,0,2,5,56" ten="376,250,250,124" oya="0" hai0="64,0,79,16,135,133,30,88,72,81,43,75,78" hai1="123,89,116,103,110,100,32,7,36,21,102,34,46" hai2="127,112,49,10,47,77,76,38,24,115,55,120,29" hai3="108,82,4,53,122,131,37,3,28,42,18,20,86"/><T44/><D0/><U65/><E116/><V6/><F120/><W74/><G122/><T52/><D30/><U130/><E123/><V9/><F127/><W1/><G108/><T80/><D64/><U84/><E7/><V67/><F10/><W129/><G74/><T118/><D118/><U125/><E110/><V54/><F67/><W105/><G105/><T68/><D68/><U98/><E125/><V17/><F17/><W27/><G42/><T104/><D104/><U23/><E65/><V51/><F38/><W107/><G107/><T93/><D16/><U8/><E98/><V99/><F99/><W83/><G37/><T57/><D44/><U94/><E8/><V2/><F115/><W126/><G126/><T111/><D43/><U132/><E132/><V71/><F71/><W26/><G53/><T91/><D111/><U58/><E130/><N who="3" m="49674" /><G4/><T25/><D25/><U22/><E36/><V13/><F2/><N who="3" m="523" /><G86/><T96/><REACH who="0" step="1"/><D91/><REACH who="0" ten="366,250,250,124" step="2"/><U92/><E89/><V66/><F66/><W114/><G114/><T69/><D69/><U87/><E46/><N who="2" m="27959" /><F112/><W85/><G27/><T41/><D41/><U5/><E5/><V134/><F134/><W39/><G28/><T73/><D73/><U62/><E34/><V40/><F40/><W19/><G19/><T59/><D59/><U95/><E32/><V106/><F106/><W14/><G26/><T60/><AGARI ba="2,1" hai="52,57,60,72,75,78,79,80,81,88,93,96,133,135" machi="60" ten="30,18000,2" yaku="1,1,0,1,9,1,52,1,54,2,53,0" doraHai="56" doraHaiUra="31" who="0" fromWho="0" sc="366,196,250,-62,250,-62,124,-62" /><INIT seed="0,3,0,5,4,60" ten="562,188,188,62" oya="0" hai0="67,115,80,20,68,25,83,73,42,49,46,111,10" hai1="13,91,15,82,3,119,58,74,104,75,133,87,84" hai2="103,66,92,79,118,109,90,37,47,116,52,70,99" hai3="89,26,127,106,53,130,129,117,22,69,4,18,107"/><T28/><D115/><U131/><E119/><N who="2" m="45611" /><F79/><W30/><G117/><T32/><D111/><U40/><E131/><N who="3" m="50186" /><G127/><T50/><D73/><U124/><E124/><V54/><F109/><W39/><G39/><T94/><D32/><U132/><E3/><V57/><F70/><W86/><G69/><T21/><D10/><U102/><E40/><N who="2" m="22927" /><F90/><W27/><G53/><T29/><D49/><U17/><E84/><V76/><F76/><W101/><G4/><T71/><D71/><U64/><E102/><V44/><F44/><W36/><G36/><T2/><D2/><U112/><E112/><V121/><F121/><W65/><G65/><T134/><D67/><U33/><E75/><V34/><F34/><N who="3" m="20823" /><G101/><T51/><D68/><U16/><E132/><V135/><F135/><W105/><G105/><T8/><D50/><U110/><E133/><V85/><F85/><W31/><G31/><T81/><D134/><U120/><E74/><V78/><F78/><W35/><G35/><T126/><D126/><U62/><E110/><V100/><F100/><W77/><G77/><T48/><D48/><U128/><E128/><V95/><F95/><AGARI ba="3,0" hai="18,22,27,86,89,95,106,107" m="20823,50186" machi="95" ten="30,1000,0" yaku="19,1" doraHai="60" who="3" fromWho="2" sc="562,0,188,0,188,-19,62,19" /><INIT seed="1,0,0,1,1,70" ten="562,188,169,81" oya="1" hai0="110,26,120,4,61,42,105,31,12,123,121,108,54" hai1="133,91,18,3,104,80,2,30,62,86,59,102,6" hai2="92,43,78,65,83,17,24,99,36,68,21,27,23" hai3="101,44,74,5,40,107,67,88,9,33,7,87,34"/><U72/><E133/><V112/><F112/><W16/><G74/><T109/><D105/><U82/><E30/><V60/><F43/><W46/><G67/><T96/><D42/><U135/><E135/><V90/><F36/><W111/><G111/><T119/><D119/><U81/><E18/><V93/><F93/><W126/><G126/><T134/><D96/><U15/><E15/><V89/><F89/><W117/><G117/><T19/><D134/><U129/><E129/><V127/><F127/><W55/><G55/><T77/><D77/><U115/><E115/><V95/><F95/><W66/><G66/><T38/><D38/><U39/><E39/><V50/><F50/><W41/><G101/><T118/><D4/><U32/><E32/><V71/><F71/><W128/><G107/><T1/><D1/><U63/><E63/><V25/><REACH who="2" step="1"/><F21/><REACH who="2" ten="562,188,159,81" step="2"/><W56/><G40/><T10/><D118/><U97/><E91/><V47/><F47/><N who="3" m="17963" /><G41/><T0/><D109/><U22/><E22/><V57/><F57/><W100/><G128/><T124/><D124/><U53/><E59/><V45/><F45/><W8/><G100/><T106/><D108/><U75/><E102/><V69/><F69/><W79/><G34/><T131/><D131/><U29/><E104/><V64/><F64/><W14/><G33/><N who="0" m="20727" /><D110/><U130/><E130/><V37/><F37/><W28/><G56/><N who="0" m="34967" /><D106/><U20/><E20/><V125/><F125/><W51/><G51/><T11/><D120/><U35/><E35/><V48/><F48/><W94/><G88/><T122/><D121/><U58/><E58/><RYUUKYOKU ba="0,1" sc="562,15,188,-15,159,15,81,-15" hai0="0,10,11,12,19,122,123" hai2="17,23,24,25,27,60,65,68,78,83,90,92,99" /><INIT seed="2,1,1,1,1,21" ten="577,173,174,66" oya="2" hai0="3,32,59,40,123,93,84,71,122,125,131,107,37" hai1="31,22,87,73,53,92,77,64,4,89,101,83,72" hai2="49,17,98,109,120,118,11,121,104,75,69,33,0" hai3="15,133,102,14,135,96,117,63,94,25,74,124,10"/><V95/><F118/><W44/><G117/><T128/><D71/><U13/><E64/><V6/><F75/><W57/><G74/><T103/><D32/><U54/><E101/><V100/><F69/><W111/><G111/><T99/><D3/><U81/><E4/><V24/><F109/><W5/><G124/><T119/><D119/><U30/><E13/><V97/><F49/><W115/><G115/><T126/><D59/><U90/><E72/><V50/><F50/><W28/><G14/><T2/><D2/><U85/><REACH who="1" step="1"/><E31/><REACH who="1" ten="577,163,174,66" step="2"/><V113/><F113/><W29/><G29/><T112/><D112/><U1/><E1/><V19/><F19/><W82/><G44/><N who="0" m="23567" /><D123/><U20/><E20/><V51/><F17/><W134/><G82/><T105/><D122/><U8/><E8/><V41/><F121/><W91/><G102/><T26/><D103/><U47/><E47/><V116/><F120/><W70/><G70/><T38/><D125/><U65/><E65/><V66/><F66/><W36/><G135/><T56/><D126/><U48/><E48/><V34/><F116/><W39/><G133/><T88/><D56/><U110/><E110/><V132/><F132/><W27/><G134/><T78/><D38/><U68/><E68/><V16/><F51/><W61/><G61/><T60/><D60/><U43/><E43/><V130/><F41/><W67/><REACH who="3" step="1"/><G27/><AGARI ba="1,2" hai="22,27,30,53,54,73,77,81,83,85,87,89,90,92" machi="27" ten="40,2600,0" yaku="1,1,52,1,53,0" doraHai="21" doraHaiUra="12" who="1" fromWho="3" sc="577,0,163,49,174,0,66,-29" /><INIT seed="3,0,0,4,5,47" ten="577,212,174,37" oya="3" hai0="18,117,61,36,19,24,68,53,28,58,79,60,62" hai1="97,14,8,134,129,29,126,92,69,86,22,42,88" hai2="114,78,26,5,71,27,52,46,15,113,31,85,82" hai3="32,104,102,54,96,81,2,119,101,66,103,64,21"/><W118/><G32/><T109/><D117/><U9/><E126/><V106/><F71/><W50/><G2/><T65/><D109/><U80/><E129/><V70/><F106/><W112/><G112/><T55/><D36/><U20/><E134/><V98/><F70/><W93/><G119/><T72/><D79/><U95/><E69/><V67/><F67/><W13/><G118/><T16/><D72/><U11/><E92/><V121/><F121/><W127/><G127/><T0/><D0/><U37/><E29/><V115/><F98/><W77/><G21/><N who="0" m="15375" /><D68/><U108/><E108/><V120/><F120/><W49/><G13/><T94/><D94/><U123/><E123/><V84/><F84/><N who="3" m="48175" /><G104/><T128/><D128/><U7/><E37/><V111/><F111/><W6/><G6/><T59/><D65/><N who="3" m="25193" /><G54/><AGARI ba="0,0" hai="16,18,19,53,54,55,58,59,60,61,62" m="15375" machi="54" ten="30,2000,0" yaku="8,1,54,1" doraHai="47" who="0" fromWho="3" sc="577,20,212,0,174,0,37,-20" /><INIT seed="4,0,0,1,1,73" ten="597,212,174,17" oya="0" hai0="92,55,14,66,11,53,17,13,23,113,43,71,121" hai1="112,27,61,31,101,54,49,36,19,82,93,116,122" hai2="86,65,32,119,75,12,106,30,104,109,42,26,6" hai3="124,98,64,79,45,4,35,76,97,67,115,72,57"/><T81/><D121/><U118/><E122/><V84/><F109/><W62/><G35/><T10/><D113/><U108/><E108/><V85/><F75/><W0/><G115/><T127/><D127/><U5/><E112/><V37/><F119/><W68/><G124/><T99/><D43/><U105/><E105/><V7/><F65/><W77/><G72/><T94/><D81/><U46/><E5/><V95/><F95/><W100/><G45/><T133/><D133/><U69/><E36/><V60/><F60/><W8/><G98/><T20/><D66/><U131/><E131/><V34/><F34/><W58/><REACH who="3" step="1"/><G67/><REACH who="3" ten="597,212,174,7" step="2"/><T111/><D99/><U15/><E46/><V16/><F32/><W41/><G41/><T130/><D111/><U56/><E116/><V39/><F42/><W44/><G44/><T103/><D130/><U70/><E118/><V33/><F39/><W120/><G120/><T29/><D53/><U78/><E54/><V88/><F37/><W50/><G50/><T129/><D55/><U110/><E49/><V80/><F85/><W1/><G1/><T132/><D129/><U63/><E110/><V18/><F84/><W128/><G128/><T21/><D132/><U90/><E61/><V123/><F123/><W107/><AGARI ba="0,1" hai="0,4,8,57,58,62,64,68,76,77,79,97,100,107" machi="107" ten="30,8000,1" yaku="1,1,0,1,52,3,53,0" doraHai="73" doraHaiUra="40" who="3" fromWho="3" sc="597,-40,212,-20,174,-20,7,90" /><INIT seed="5,0,0,0,3,34" ten="557,192,154,97" oya="1" hai0="20,86,41,36,92,94,75,74,102,16,14,31,27" hai1="84,82,4,119,135,97,78,131,134,68,77,22,48" hai2="35,105,45,132,117,49,73,124,69,126,59,51,63" hai3="99,71,21,125,91,17,46,54,10,90,3,80,93"/><U65/><E119/><V83/><F105/><W2/><G71/><T72/><D102/><U38/><E38/><V56/><F35/><W130/><G130/><T24/><D86/><U29/><E131/><V123/><F83/><W0/><G125/><N who="2" m="48233" /><F73/><W122/><G122/><T111/><D111/><U12/><E97/><V114/><F117/><W53/><G10/><T76/><D76/><U15/><E48/><V43/><F123/><W70/><G70/><T13/><D13/><U100/><E100/><V87/><F87/><W116/><G116/><T106/><D106/><U108/><E108/><V79/><F79/><W101/><G46/><T18/><D18/><U129/><E129/><V67/><F132/><W95/><G80/><T103/><D24/><N who="1" m="16535" /><E77/><V113/><F51/><W88/><REACH who="3" step="1"/><G95/><REACH who="3" ten="557,192,154,87" step="2"/><T120/><D120/><U62/><E134/><V44/><F45/><W11/><G11/><T85/><D92/><U1/><E135/><V42/><F42/><W6/><G6/><T127/><D41/><U47/><E47/><V81/><F81/><W98/><G98/><T28/><D94/><U5/><E5/><V58/><AGARI ba="0,1" hai="43,44,49,56,58,59,63,67,69,113,114" m="48233" machi="58" ten="40,5200,0" yaku="18,1,34,2" doraHai="34" who="2" fromWho="2" sc="557,-13,192,-26,154,62,87,-13" /><INIT seed="6,0,0,5,0,118" ten="544,166,216,74" oya="2" hai0="38,9,24,105,68,49,42,120,73,130,21,80,106" hai1="107,82,66,115,12,37,47,3,76,50,104,8,113" hai2="17,85,112,119,62,36,114,58,1,22,71,89,95" hai3="26,23,79,69,10,110,117,108,2,129,44,53,98"/><V78/><F119/><W84/><G117/><T5/><D120/><U124/><E124/><V48/><F1/><W65/><G129/><T31/><D68/><U51/><E37/><V83/><F71/><W99/><G69/><T55/><D130/><U74/><E66/><V40/><F36/><W46/><G65/><T123/><D123/><U94/><E94/><V109/><F109/><W75/><G75/><T63/><D63/><U121/><E3/><V56/><F40/><W116/><G116/><T29/><D29/><U72/><E72/><V100/><F100/><W52/><G2/><T64/><D64/><U81/><E81/><V101/><F101/><W19/><G10/><T70/><D70/><U16/><E51/><V7/><F7/><W59/><G110/><T25/><D25/><U67/><E67/><V126/><F62/><W111/><G111/><T132/><D132/><U91/><E91/><V34/><F34/><W125/><G125/><T54/><D54/><N who="3" m="21097" /><G59/><T96/><D96/><N who="3" m="36905" /><G108/><T90/><D73/><U102/><E102/><V77/><F126/><W97/><N who="3" m="36913" /><W41/><DORA hai="135" /><G41/><T88/><D105/><U87/><E74/><V43/><F43/><W60/><G60/><T103/><D106/><U93/><E121/><V45/><F56/><W39/><G39/><T35/><D35/><U11/><E104/><V128/><F58/><W134/><G134/><T86/><D103/><U13/><E107/><V92/><F128/><W131/><G131/><T18/><D42/><U0/><E0/><V27/><F48/><W127/><G127/><T57/><D38/><RYUUKYOKU ba="0,0" sc="544,-10,166,-10,216,-10,74,30" hai3="19,23,26,44,46,79,84" /><INIT seed="7,1,0,1,0,14" ten="534,156,206,104" oya="3" hai0="28,125,86,108,58,40,106,53,105,87,124,30,72" hai1="83,134,48,10,116,63,62,49,76,133,69,70,19" hai2="36,31,89,135,66,13,111,0,107,51,113,130,78" hai3="17,67,50,94,42,16,8,35,23,74,22,122,100"/><W85/><G122/><T52/><D72/><U82/><E116/><V41/><F111/><W97/><G35/><T127/><D108/><U88/><E88/><V96/><F0/><W101/><G74/><T37/><D40/><U21/><E10/><V29/><F36/><W99/><G67/><T64/><D37/><U95/><E95/><V75/><F75/><W6/><G85/><N who="0" m="32267" /><D64/><U84/><E82/><V71/><F13/><N who="3" m="5271" /><G97/><T7/><D52/><U43/><E43/><V129/><F96/><W1/><G101/><T131/><D7/><U112/><E112/><V39/><F113/><W33/><G33/><T65/><D131/><U73/><E73/><V15/><F66/><W4/><G4/><T34/><D65/><U60/><E70/><V132/><F71/><W118/><G1/><T128/><D128/><U102/><E102/><V68/><F68/><W77/><G77/><T93/><D93/><U114/><E69/><V121/><F78/><W11/><G118/><T46/><D34/><U24/><REACH who="1" step="1"/><E114/><REACH who="1" ten="534,146,206,104" step="2"/><V56/><F130/><W59/><G11/><T109/><D109/><U120/><E120/><V3/><F129/><W91/><G100/><T18/><D106/><U98/><E98/><V12/><F107/><W54/><G42/><T92/><D105/><U45/><E45/><V61/><F41/><W117/><G117/><T79/><D46/><U81/><E81/><V27/><F39/><W123/><G123/><T115/><D79/><U110/><E110/><V44/><F121/><W104/><G104/><T119/><D115/><U26/><E26/><V2/><F27/><RYUUKYOKU ba="1,1" sc="534,-15,146,15,206,-15,104,15" hai1="19,21,24,48,49,60,62,63,76,83,84,133,134" hai3="16,17,22,23,50,54,59,91,94,99" /><INIT seed="7,2,1,4,1,41" ten="519,161,191,119" oya="3" hai0="53,43,16,79,62,122,1,34,102,108,119,106,7" hai1="12,40,115,132,45,94,72,28,50,105,99,113,3" hai2="75,15,47,19,11,0,36,5,121,127,59,118,18" hai3="107,51,92,24,71,104,123,56,33,96,20,74,68"/><W55/><G123/><T126/><D108/><U124/><E3/><V25/><F118/><W38/><G74/><T67/><D34/><U52/><E124/><V29/><F75/><W23/><G38/><T70/><D119/><U112/><E132/><V22/><F127/><W44/><G33/><T87/><D43/><U86/><E72/><V66/><F121/><W117/><G117/><T58/><D16/><U130/><E130/><V80/><F80/><W131/><G131/><T48/><D106/><U8/><E28/><V9/><F36/><W31/><G23/><T13/><D102/><N who="1" m="60791" /><E86/><V27/><F47/><W37/><G37/><T85/><D53/><U89/><E89/><V4/><F59/><W61/><G68/><T26/><D62/><U95/><E95/><V77/><F66/><N who="3" m="39207" /><G71/><T6/><D58/><U111/><E105/><V110/><F77/><W90/><G104/><T30/><D79/><U10/><E111/><V84/><F84/><W100/><G107/><T32/><D32/><U35/><E35/><N who="2" m="20911" /><F110/><W60/><G60/><T14/><D70/><U98/><E98/><V81/><F81/><W63/><G63/><T134/><D122/><U54/><E8/><V101/><F101/><AGARI ba="2,1" hai="20,24,31,44,51,55,90,92,96,100,101" m="39207" machi="101" ten="30,2900,0" yaku="8,1,52,1" doraHai="41" who="3" fromWho="2" sc="519,0,161,0,191,-35,119,45" /><INIT seed="7,3,0,3,1,41" ten="519,161,156,164" oya="3" hai0="113,106,45,109,36,118,70,82,30,124,59,16,108" hai1="81,76,50,39,123,91,87,34,116,38,24,99,79" hai2="102,95,9,17,134,15,80,66,12,26,40,20,128" hai3="60,130,126,7,97,107,4,3,88,18,46,122,110"/><W61/><G122/><T129/><D70/><U28/><E123/><V33/><F128/><W29/><G130/><T104/><D30/><U1/><E1/><V31/><F134/><W51/><G126/><T23/><D118/><U105/><E116/><V117/><F117/><W133/><G133/><T27/><D113/><U63/><E63/><N who="3" m="24138" /><G107/><T44/><D124/><U57/><E57/><V101/><F66/><W6/><G3/><T21/><D129/><U75/><E76/><V67/><F67/><W64/><G110/><T0/><D0/><U19/><E19/><V11/><F40/><N who="3" m="25031" /><G29/><T65/><D36/><U5/><E5/><N who="2" m="3119" /><F33/><W74/><G74/><T8/><D108/><U90/><E75/><V72/><F72/><W93/><G64/><T125/><D125/><U2/><E105/><V98/><F80/><W47/><G47/><T22/><D109/><U53/><E81/><V77/><F77/><W68/><G68/><T73/><D104/><U100/><E79/><V94/><F95/><N who="3" m="56551" /><G18/><T103/><D45/><U13/><E34/><V42/><F42/><W56/><G93/><T69/><D44/><U49/><E38/><V58/><F58/><AGARI ba="3,0" hai="4,6,7,56,58" m="56551,25031,24138" machi="58" ten="30,5800,0" yaku="8,1,52,1,54,1" doraHai="41" who="3" fromWho="2" sc="519,0,161,0,156,-67,164,67" /><INIT seed="7,4,0,5,4,38" ten="519,161,89,231" oya="3" hai0="48,71,8,128,92,69,86,27,2,83,127,97,42" hai1="126,98,101,41,113,62,49,20,6,18,108,121,24" hai2="79,89,104,56,66,88,115,35,129,10,72,64,75" hai3="29,106,103,23,12,124,58,112,37,77,87,57,33"/><W32/><G37/><T43/><D128/><U95/><E108/><V1/><F35/><W16/><G106/><T47/><D127/><U14/><E121/><V70/><F104/><W107/><G107/><T99/><D43/><U39/><E39/><V30/><F129/><W63/><G103/><T91/><D27/><U100/><E113/><V96/><F115/><W117/><G29/><T122/><D122/><U110/><E110/><V131/><F131/><W114/><G58/><T82/><D82/><U133/><E133/><V44/><F70/><W52/><G77/><T67/><D67/><U74/><E74/><V7/><F30/><W105/><G87/><T116/><D116/><U11/><E126/><V61/><F64/><W55/><G105/><T22/><D22/><U85/><E62/><V59/><F59/><W28/><G57/><T19/><D97/><U54/><E41/><V68/><F68/><W120/><G63/><T15/><D2/><U119/><E85/><V80/><F75/><W34/><G32/><T123/><D123/><U13/><E119/><V134/><F134/><W78/><G117/><T90/><AGARI ba="4,0" hai="8,15,19,42,47,48,69,71,83,86,90,91,92,99" machi="90" ten="20,2700,0" yaku="0,1,7,1,52,1" doraHai="38" who="0" fromWho="0" sc="519,39,161,-11,89,-11,231,-17" owari="558,65.8,150,-25.0,78,-42.2,214,1.4" /></mjloggm>