<mjloggm ver="2.3"><GO type="169" lobby="0"/><UN n0="%E3%81%B3%E3%82%8D%E3%81%B4%E3%82%8D" n1="%E3%81%9D%E3%81%86%E3%81%9F%E3%81%A3%E3%81%9F" n2="%6B%61%74%65%72%69%6E%61" n3="%41%4F%54" dan="16,16,16,18" rate="2182.06,2078.33,2161.94,2219.82" sx="M,M,M,F"/><TAIKYOKU oya="0"/><INIT seed="0,0,0,4,2,122" ten="250,250,250,250" oya="0" hai0="65,105,22,72,82,26,3,4,43,50,95,11,32" hai1="113,85,87,60,57,116,62,0,42,41,103,127,33" hai2="117,40,81,107,84,90,128,1,52,78,25,17,135" hai3="55,71,46,68,13,131,8,12,80,24,97,120,23"/><T54/><D105/><U7/><E116/><V48/><F117/><W92/><G120/><T51/><D65/><U38/><E33/><V19/><F135/><W53/><G131/><T123/><D123/><U130/><E127/><V115/><F115/><W67/><G80/><T96/><D32/><U6/><E57/><V16/><F107/><W36/><G36/><T39/><D54/><U58/><E58/><V121/><F1/><W30/><G13/><T112/><D112/><U73/><E103/><V126/><F126/><W111/><G67/><T61/><D61/><U31/><E31/><V66/><F66/><W108/><G68/><T34/><D34/><U5/><E5/><V28/><F128/><W88/><G71/><T94/><D94/><U49/><E49/><V79/><F40/><W35/><G35/><T104/><D104/><U100/><E38/><V10/><F10/><W44/><G55/><T93/><D93/><U64/><E64/><V102/><F102/><W9/><G9/><T106/><D106/><U63/><E100/><V27/><F121/><W18/><REACH who="3" step="1"/><G53/><REACH who="3" ten="250,250,250,240" step="2"/><T74/><D82/><U89/><E130/><V37/><F37/><W86/><G86/><T75/><D39/><U110/><E87/><V125/><F125/><W118/><G118/><T45/><D43/><U101/><E42/><V129/><F129/><W109/><AGARI ba="0,1" hai="8,12,18,23,24,30,44,46,88,92,97,108,109,111" machi="109" ten="30,12000,2" yaku="1,1,0,1,14,1,52,3,54,1,53,0" doraHai="122" doraHaiUra="56" who="3" fromWho="3" sc="250,-60,250,-30,250,-30,240,130" /><INIT seed="1,0,0,5,4,134" ten="190,220,220,370" oya="1" hai0="84,132,77,133,71,101,112,66,85,37,72,80,96" hai1="39,1,120,4,95,118,67,45,40,49,48,81,111" hai2="43,2,47,135,6,87,65,122,100,115,75,11,121" hai3="92,90,124,52,19,110,102,125,94,93,74,33,26"/><U13/><E120/><V30/><F135/><N who="0" m="51786" /><D37/><U34/><E118/><V21/><F115/><W10/><G74/><T109/><D66/><U9/><E34/><V44/><F65/><W22/><G110/><T23/><D23/><U59/><E111/><V54/><F100/><W28/><G102/><T108/><D71/><U16/><E95/><V29/><F75/><W27/><G10/><T119/><D112/><U104/><E104/><V98/><F98/><W97/><G52/><T130/><D119/><U56/><E81/><V83/><F54/><W35/><G35/><T69/><D69/><U8/><REACH who="1" step="1"/><E56/><REACH who="1" ten="190,210,220,370" step="2"/><V86/><F83/><W18/><G93/><N who="0" m="58511" /><D109/><U131/><E131/><V20/><F121/><W14/><G94/><T73/><D108/><U53/><E53/><V64/><F122/><W114/><G114/><T31/><D130/><U51/><E51/><V60/><F43/><W5/><G92/><T15/><D80/><U91/><E91/><V79/><F79/><W38/><G90/><T117/><D77/><U88/><E88/><V106/><F106/><W105/><G105/><T129/><D129/><U82/><E82/><V126/><F87/><W62/><G97/><T89/><D117/><U25/><E25/><V24/><F86/><W68/><G38/><T123/><D123/><U46/><E46/><V58/><F47/><W0/><G68/><T70/><D85/><U107/><E107/><V61/><F44/><W103/><G27/><T113/><D70/><U41/><E41/><V36/><F24/><W116/><G116/><T7/><D84/><U76/><E76/><RYUUKYOKU ba="0,1" sc="190,-10,210,30,220,-10,370,-10" hai1="1,4,8,9,13,16,39,40,45,48,49,59,67" /><INIT seed="1,1,1,1,3,56" ten="180,240,210,360" oya="1" hai0="55,106,51,53,68,89,65,102,112,37,70,33,45" hai1="93,131,50,80,27,134,121,30,124,130,132,49,64" hai2="31,21,86,87,111,90,114,1,3,123,2,79,54" hai3="66,77,95,8,91,61,42,72,62,133,38,76,47"/><U85/><E64/><V75/><F123/><W17/><G133/><N who="1" m="51306" /><E93/><V28/><F111/><W104/><G104/><T98/><D112/><U96/><E96/><V69/><F69/><W35/><G35/><T94/><D33/><N who="1" m="20703" /><E121/><V117/><F117/><W122/><G122/><T34/><D34/><U13/><E124/><V103/><F103/><W129/><G129/><N who="1" m="49162" /><E13/><V59/><F114/><W25/><G95/><T58/><D65/><U4/><E4/><V16/><F3/><W71/><G66/><T60/><REACH who="0" step="1"/><D37/><REACH who="0" ten="170,240,210,360" step="2"/><U23/><E23/><V9/><F21/><W11/><G38/><T99/><AGARI ba="1,2" hai="45,51,53,55,58,60,68,70,89,94,98,99,102,106" machi="99" ten="20,12000,2" yaku="1,1,2,1,0,1,7,1,52,1,53,2" doraHai="56" doraHaiUra="67" who="0" fromWho="0" sc="170,143,240,-61,210,-31,360,-31" /><INIT seed="2,0,0,0,4,31" ten="313,179,179,329" oya="2" hai0="100,88,106,16,43,124,24,135,108,74,21,110,60" hai1="90,96,47,19,105,77,81,111,45,23,127,67,55" hai2="10,89,94,84,92,133,99,113,6,22,53,83,125" hai3="87,102,70,15,75,36,7,56,104,28,18,118,120"/><V32/><F113/><W5/><G75/><T109/><D124/><U11/><E111/><V121/><F121/><W35/><G120/><T97/><D135/><U51/><E127/><V2/><F125/><W20/><G118/><T12/><D74/><U132/><E132/><V62/><F133/><W107/><G36/><T69/><D43/><U54/><E67/><V42/><F42/><W82/><G70/><T30/><D69/><U68/><E68/><V101/><F22/><W65/><G65/><T61/><REACH who="0" step="1"/><D88/><REACH who="0" ten="303,179,179,329" step="2"/><U126/><E90/><V66/><F53/><W117/><G87/><T112/><D112/><U49/><E126/><V25/><F83/><W9/><G82/><T17/><D17/><U72/><E81/><V58/><REACH who="2" step="1"/><F25/><REACH who="2" ten="303,179,169,329" step="2"/><W63/><G117/><T14/><D14/><U44/><E54/><V129/><F129/><W26/><G15/><T29/><D29/><U48/><E55/><V59/><F59/><W130/><G26/><T13/><D13/><U3/><E47/><V46/><F46/><W38/><G28/><T78/><D78/><U115/><E44/><V93/><F93/><W76/><G56/><T27/><D27/><U1/><E45/><V41/><F41/><W131/><G38/><T0/><D0/><U40/><E40/><V64/><F64/><W103/><G130/><T91/><D91/><U98/><E115/><V80/><F80/><W34/><G131/><T134/><D134/><U39/><E39/><V114/><F114/><W8/><G107/><T116/><D116/><U86/><E105/><V73/><F73/><W52/><G104/><RYUUKYOKU ba="0,2" sc="303,15,179,-15,169,15,329,-15" hai0="12,16,21,24,30,60,61,97,100,106,108,109,110" hai2="2,6,10,32,58,62,66,84,89,92,94,99,101" /><INIT seed="2,1,2,3,5,38" ten="318,164,184,314" oya="2" hai0="39,108,59,16,5,64,3,106,126,103,35,81,74" hai1="56,37,110,84,109,20,112,27,34,29,118,40,53" hai2="71,133,49,62,60,30,17,131,77,124,31,119,61" hai3="70,86,90,46,100,94,129,22,66,11,91,2,54"/><V23/><F119/><W115/><G129/><T111/><D126/><U32/><E112/><V19/><F131/><W13/><G115/><T121/><D121/><U55/><E118/><V18/><F124/><W122/><G122/><T51/><D39/><U88/><E53/><V105/><F105/><W42/><G54/><T93/><D106/><U132/><E132/><V0/><F0/><W98/><G70/><T134/><D134/><U33/><E40/><V9/><F133/><W69/><G69/><T6/><D35/><U80/><REACH who="1" step="1"/><E37/><REACH who="1" ten="318,154,184,314" step="2"/><V52/><F71/><W63/><G42/><T28/><D108/><U14/><E14/><V8/><F77/><W125/><G13/><T114/><D111/><U127/><E127/><V48/><F52/><W113/><G113/><T44/><D114/><U7/><E7/><V36/><F36/><W75/><G125/><T89/><D5/><U128/><E128/><V123/><F123/><W47/><G2/><T21/><D6/><U65/><E65/><V1/><F1/><W92/><G66/><T87/><D64/><U50/><AGARI ba="1,3" hai="20,27,29,32,33,34,50,55,56,80,84,88,109,110" machi="50" ten="40,8000,1" yaku="1,1,0,1,54,1,53,1" doraHai="38" doraHaiUra="79" who="1" fromWho="1" sc="318,-21,154,113,184,-41,314,-21" /><INIT seed="3,0,0,4,5,103" ten="297,267,143,293" oya="3" hai0="34,6,5,100,106,82,134,31,126,104,40,95,125" hai1="58,41,22,46,122,25,129,89,108,66,54,78,84" hai2="80,105,85,50,55,20,107,4,16,88,39,81,45" hai3="72,21,99,28,32,52,1,61,121,67,69,131,43"/><W133/><G121/><T98/><D134/><U132/><E108/><V65/><F4/><N who="0" m="1642" /><D40/><U117/><E129/><V60/><F39/><W38/><G1/><T13/><D13/><U113/><E113/><V24/><REACH who="2" step="1"/><F81/><REACH who="2" ten="297,267,133,293" step="2"/><W10/><G38/><T123/><D82/><U36/><E36/><V27/><F27/><W102/><G133/><T14/><D123/><U49/><E25/><V97/><F97/><W12/><G99/><T87/><D14/><U83/><E83/><V17/><F17/><W71/><G12/><T130/><D130/><U7/><E132/><V118/><F118/><W73/><G131/><T29/><D29/><U15/><E15/><V76/><F76/><W112/><G28/><T64/><D31/><U74/><E78/><V79/><F79/><W116/><G112/><T56/><D98/><U37/><E117/><V68/><AGARI ba="0,1" hai="16,20,24,45,50,55,60,65,68,80,85,88,105,107" machi="68" ten="20,12000,2" yaku="1,1,0,1,7,1,52,2,54,2,53,0" doraHai="103" doraHaiUra="119" who="2" fromWho="2" sc="297,-30,267,-30,133,130,293,-60" /><INIT seed="4,0,0,3,2,40" ten="267,237,263,233" oya="0" hai0="44,30,109,88,19,11,133,9,16,89,56,111,73" hai1="14,79,26,120,36,33,3,108,77,45,57,34,51" hai2="131,20,69,54,100,112,110,75,105,132,98,74,78" hai3="86,12,95,15,18,17,96,7,116,103,114,59,5"/><T123/><D133/><U122/><E3/><V102/><F69/><W32/><G116/><T2/><D73/><U107/><E107/><V104/><F54/><W28/><G114/><T39/><D123/><U31/><E108/><N who="0" m="41545" /><D30/><U128/><E128/><V94/><F20/><W42/><G28/><T84/><D56/><U67/><E36/><V99/><F110/><W63/><G42/><N who="0" m="22623" /><D89/><U91/><E91/><V72/><F112/><W76/><G32/><T35/><D35/><U119/><E119/><V118/><F118/><W135/><G135/><T43/><D43/><U21/><E122/><V70/><F70/><W126/><G126/><T29/><D29/><U0/><E33/><V46/><F46/><W90/><G76/><T65/><D65/><U68/><E67/><V10/><F10/><N who="0" m="3594" /><D2/><U58/><E58/><V23/><F132/><W121/><G121/><T117/><D117/><U50/><E57/><V130/><F23/><W92/><G7/><T38/><D38/><U87/><E21/><V24/><F131/><W13/><REACH who="3" step="1"/><G5/><REACH who="3" ten="267,237,263,223" step="2"/><T71/><D71/><U48/><E34/><V64/><F130/><W27/><G27/><T97/><D97/><U49/><E26/><V37/><F24/><W1/><G1/><T125/><D125/><U115/><E115/><V106/><F78/><W4/><G4/><T6/><D6/><U127/><E127/><V60/><F37/><W62/><G62/><T83/><AGARI ba="0,1" hai="16,19,83,84,88" m="3594,22623,41545" machi="83" ten="30,11700,0" yaku="10,1,52,1,54,2" doraHai="40" who="0" fromWho="0" sc="267,127,237,-39,263,-39,223,-39" /><INIT seed="4,1,0,4,3,73" ten="394,198,224,184" oya="0" hai0="11,36,101,5,91,118,34,106,129,15,74,98,99" hai1="12,107,14,52,59,67,29,70,6,63,86,72,109" hai2="51,132,115,92,47,78,125,39,68,83,40,77,80" hai3="94,135,10,50,117,100,27,20,111,44,69,85,30"/><T114/><D118/><U58/><E72/><V4/><F68/><W113/><G117/><T1/><D36/><U48/><E109/><V13/><F125/><W126/><G111/><T105/><D34/><U120/><E120/><V55/><F132/><W133/><G69/><T116/><D116/><U41/><E107/><V25/><F115/><W0/><G113/><T103/><D74/><U33/><E41/><V108/><F108/><W93/><G126/><T61/><D114/><U134/><E134/><V57/><F92/><W19/><G94/><T46/><D46/><U127/><E6/><V121/><F121/><W31/><G31/><T81/><D61/><U42/><E42/><V122/><F122/><W104/><G104/><T82/><D129/><U128/><E128/><V32/><F25/><W110/><G110/><T28/><D28/><U17/><E12/><V35/><F35/><W64/><G64/><T53/><D91/><U2/><E2/><V22/><F32/><W123/><G123/><T75/><D53/><U37/><E37/><V3/><F3/><W76/><G100/><T43/><D43/><U102/><E102/><V60/><F39/><W66/><G66/><T112/><D112/><U65/><E65/><V87/><F4/><W131/><G131/><T84/><D105/><U95/><E127/><V124/><F124/><W21/><G135/><T88/><D106/><U97/><E70/><V45/><F45/><W90/><G133/><T8/><D103/><N who="1" m="60863" /><E33/><V16/><F83/><W24/><G0/><T130/><D1/><U23/><E29/><V49/><F60/><RYUUKYOKU ba="1,0" sc="394,-15,198,15,224,15,184,-15" hai1="14,17,23,48,52,58,59,63,67,86" hai2="13,16,22,40,47,49,51,55,57,77,78,80,87" /><INIT seed="5,2,0,2,4,130" ten="379,213,239,169" oya="1" hai0="61,117,48,116,27,11,5,103,4,66,112,2,98" hai1="49,127,72,37,131,134,31,100,74,75,69,120,85" hai2="133,10,32,93,110,88,15,0,101,3,55,102,107" hai3="135,20,118,36,53,40,91,125,62,70,52,34,25"/><U28/><E37/><V64/><F110/><W17/><G125/><T68/><D112/><U63/><E120/><V78/><F32/><W21/><G34/><T129/><D129/><U38/><E38/><V42/><F107/><W7/><G118/><T77/><D77/><U113/><E113/><V65/><F78/><W44/><G7/><T33/><D48/><U47/><E100/><N who="2" m="38507" /><F133/><W19/><G135/><T132/><D132/><U9/><E127/><V45/><F42/><W95/><G62/><T80/><D80/><U108/><E9/><V29/><F29/><W54/><G70/><T43/><D43/><U83/><E108/><V26/><F26/><W90/><REACH who="3" step="1"/><G95/><REACH who="3" ten="379,213,239,159" step="2"/><T115/><D5/><U97/><E63/><V128/><F128/><W30/><G30/><N who="0" m="19679" /><D115/><U96/><E69/><V56/><F93/><W122/><G122/><T18/><D18/><U46/><E134/><V123/><F123/><W111/><G111/><T114/><D114/><U109/><E131/><V106/><F106/><AGARI ba="2,1" hai="2,4,11,61,66,68,98,103,106,116,117" m="19679" machi="106" ten="30,2000,0" yaku="25,1,23,1" doraHai="130" who="0" fromWho="2" sc="379,36,213,0,239,-26,159,0" /><INIT seed="6,0,0,4,2,87" ten="415,213,213,159" oya="2" hai0="75,121,106,26,2,125,27,6,89,12,97,33,4" hai1="111,37,10,55,51,96,91,67,65,68,60,81,83" hai2="79,74,50,134,25,128,16,78,29,123,115,43,53" hai3="34,22,77,98,105,64,35,101,59,112,108,23,82"/><V31/><F123/><W66/><G108/><T40/><D75/><U14/><E37/><V122/><F122/><W126/><G126/><T107/><D121/><U116/><E116/><V129/><F43/><W47/><G112/><T84/><D2/><U110/><E67/><V57/><F115/><W117/><G117/><T119/><D119/><U118/><E118/><V69/><F69/><W93/><G105/><T36/><D97/><U52/><E55/><V92/><F134/><W73/><G47/><T21/><D27/><U113/><E113/><V9/><F92/><W127/><G127/><T8/><D33/><U19/><E83/><N who="2" m="45527" /><F79/><W13/><G66/><T7/><D125/><U86/><E96/><V18/><F9/><W100/><G100/><T135/><D135/><U133/><E133/><V24/><F24/><W90/><G101/><T54/><D54/><U76/><E76/><V109/><F109/><W28/><G28/><T70/><D70/><U46/><AGARI ba="0,0" hai="10,14,19,46,51,52,60,65,68,81,86,91,110,111" machi="46" ten="20,12000,2" yaku="0,1,7,1,25,2,52,1,54,1" doraHai="87" who="1" fromWho="1" sc="415,-30,213,120,213,-60,159,-30" /><INIT seed="7,0,0,0,0,73" ten="385,333,153,129" oya="3" hai0="41,14,68,4,22,46,95,6,107,89,11,45,28" hai1="8,106,13,94,35,67,134,97,63,90,96,18,124" hai2="27,118,116,50,81,72,0,128,77,115,47,56,125" hai3="37,40,36,131,113,53,10,88,76,80,24,84,78"/><W75/><G113/><T133/><D107/><U122/><E124/><V7/><F115/><W30/><G131/><T92/><D68/><U25/><E134/><V114/><F114/><W23/><G40/><T54/><D133/><U108/><E108/><V39/><F128/><W57/><G10/><T111/><D111/><U32/><E122/><V5/><F125/><W64/><G64/><T2/><D2/><U51/><E51/><V48/><F27/><W65/><G65/><T17/><D54/><U3/><E3/><V44/><F56/><W100/><G100/><T21/><D92/><U38/><E38/><V34/><F34/><W29/><G29/><T135/><D135/><U102/><REACH who="1" step="1"/><E25/><REACH who="1" ten="385,323,153,129" step="2"/><V52/><F39/><W132/><G132/><T123/><D123/><U91/><E91/><V105/><F0/><W26/><G26/><N who="0" m="16471" /><D11/><U70/><AGARI ba="0,1" hai="8,13,18,32,35,63,67,70,90,94,96,97,102,106" machi="70" ten="20,2700,0" yaku="1,1,0,1,7,1,53,0" doraHai="73" doraHaiUra="119" who="1" fromWho="1" sc="385,-7,323,37,153,-7,129,-13" owari="378,47.8,360,16.0,146,-25.4,116,-38.4" /></mjloggm>