<mjloggm ver="2.3"><GO type="169" lobby="0"/><UN n0="%6B%6C%6F%6E%64%69%6B%65" n1="%E3%83%AA%E3%83%84%E3%83%9F%E3%82%B5%E3%83%B3" n2="%E3%82%B9%E3%83%9E%E3%83%9B%E3%81%82%E3%81%96%E3%82%89%E3%81%97" n3="%E7%9C%9F%E4%B8%80" dan="16,17,17,16" rate="2179.10,2213.87,2144.62,2158.64" sx="M,M,M,M"/><TAIKYOKU oya="0"/><INIT seed="0,0,0,4,1,6" ten="250,250,250,250" oya="0" hai0="15,105,40,85,74,111,112,86,30,76,39,63,35" hai1="45,94,72,12,23,91,50,119,32,20,0,107,4" hai2="41,87,71,103,19,89,22,129,132,134,98,58,97" hai3="8,17,11,64,14,116,115,66,110,26,33,37,27"/><T55/><D112/><U95/><E107/><V128/><F71/><W93/><G116/><T1/><D1/><U127/><E127/><V31/><F31/><W49/><G37/><T60/><D55/><U81/><E32/><V54/><F41/><W25/><G115/><T16/><D105/><U69/><E69/><V70/><F70/><W43/><G110/><T131/><D74/><U117/><E0/><V82/><F58/><W51/><G33/><T118/><D118/><U68/><E68/><V96/><F54/><W92/><G43/><T21/><D40/><U29/><E29/><V3/><F3/><W99/><G99/><N who="2" m="37961" /><F22/><W106/><G106/><T80/><D39/><U5/><E50/><N who="3" m="18954" /><G17/><T53/><D53/><U120/><E72/><V114/><F19/><W104/><G14/><T88/><D131/><N who="2" m="50250" /><F114/><W83/><G83/><T102/><D102/><U84/><E81/><V100/><N who="2" m="37969" /><V56/><DORA hai="79" /><F56/><W57/><G104/><T130/><D130/><U133/><E12/><V109/><F109/><W46/><G46/><T123/><D111/><U18/><E45/><V77/><F77/><W7/><G7/><T62/><D35/><U42/><E42/><V9/><F9/><N who="3" m="3659" /><G57/><T38/><D38/><U59/><E59/><V101/><AGARI ba="0,0" hai="82,87,89,100,101,103,132,134" m="50250,37969" machi="101" ten="40,8000,1" yaku="19,1,34,2,52,1" doraHai="6,79" who="2" fromWho="2" sc="250,-40,250,-20,250,80,250,-20" /><INIT seed="1,0,0,1,1,98" ten="210,230,330,230" oya="1" hai0="42,4,53,32,111,114,133,49,113,73,5,104,24" hai1="11,80,112,36,130,105,97,70,91,100,122,65,25" hai2="23,120,47,127,37,56,78,27,12,34,79,46,10" hai3="108,67,35,124,64,117,16,6,38,13,58,20,50"/><U101/><E122/><V86/><F120/><W125/><G108/><T76/><D104/><U123/><E123/><V126/><F34/><W94/><G38/><T1/><D133/><U54/><E112/><V131/><F56/><W128/><G128/><T26/><D76/><U84/><E36/><V61/><F61/><W89/><G35/><T29/><D73/><U99/><E130/><V75/><F75/><W118/><G6/><T71/><D71/><U68/><E65/><V14/><F131/><W88/><G89/><T9/><D42/><U41/><E41/><V21/><F37/><W103/><G103/><T31/><D5/><U135/><E135/><V15/><F10/><W59/><G59/><T43/><D43/><U17/><E54/><V121/><F121/><W102/><G102/><T30/><D30/><U51/><E51/><V92/><F92/><W134/><G134/><T62/><D62/><U81/><E81/><V8/><F8/><W72/><G72/><T52/><D53/><U45/><E45/><N who="2" m="16907" /><F86/><N who="3" m="52503" /><G67/><T82/><D82/><U48/><E48/><V60/><F60/><N who="3" m="37911" /><G50/><T40/><D40/><U83/><E83/><V106/><F106/><W95/><G95/><T57/><D111/><U3/><E3/><V93/><F93/><W96/><G96/><T19/><D113/><U85/><E85/><V107/><F107/><W74/><G74/><T28/><D114/><U109/><E109/><V63/><F63/><W129/><G129/><T66/><D66/><U116/><E70/><V33/><F33/><W119/><AGARI ba="0,0" hai="13,16,20,117,118,119,124,125" m="37911,52503" machi="119" ten="40,5200,0" yaku="12,1,54,2" doraHai="98" who="3" fromWho="3" sc="210,-13,230,-26,330,-13,230,52" /><INIT seed="2,0,0,4,3,98" ten="197,204,317,282" oya="2" hai0="89,41,81,108,117,7,9,99,54,58,10,62,122" hai1="31,44,5,103,112,74,53,135,91,83,128,77,15" hai2="8,63,28,133,66,118,6,52,84,27,67,37,100" hai3="23,125,90,110,1,2,4,80,134,3,34,121,132"/><V14/><F118/><W72/><G121/><T26/><D122/><U82/><E112/><V13/><F37/><W24/><G34/><T42/><D108/><U94/><E31/><V17/><F133/><N who="3" m="51307" /><G110/><T22/><D117/><U76/><E135/><V16/><F84/><N who="3" m="50439" /><G72/><T65/><D65/><U85/><E128/><V45/><F100/><W56/><G56/><T78/><D78/><U69/><E69/><V123/><F123/><W11/><G125/><T88/><D10/><U127/><E127/><V120/><F120/><W33/><G33/><T50/><D89/><U35/><E35/><V47/><F6/><W29/><AGARI ba="0,0" hai="1,2,3,4,11,23,24,29" m="50439,51307" machi="29" ten="30,1100,0" yaku="20,1" doraHai="98" who="3" fromWho="3" sc="197,-3,204,-3,317,-5,282,11" /><INIT seed="3,0,0,5,4,63" ten="194,201,312,293" oya="3" hai0="100,121,75,131,49,43,70,46,69,31,39,93,59" hai1="27,106,41,71,23,20,34,113,62,5,107,11,133" hai2="118,67,129,126,68,54,10,0,85,33,120,86,130" hai3="119,2,30,4,98,124,66,6,26,80,125,38,8"/><W53/><G119/><T74/><D121/><U103/><E113/><V13/><F118/><W18/><G38/><T88/><D131/><U94/><E41/><V91/><F33/><W72/><G6/><T87/><D70/><U92/><E133/><V65/><F68/><W108/><G108/><T3/><D3/><U96/><E23/><V24/><F0/><W79/><G18/><T109/><D109/><U77/><E77/><V25/><F120/><W21/><G53/><T84/><D31/><U134/><E107/><V76/><F76/><W105/><REACH who="3" step="1"/><G66/><REACH who="3" ten="194,201,312,283" step="2"/><T56/><D39/><U102/><E5/><V135/><F54/><W127/><G127/><T29/><D29/><U36/><E36/><V122/><F126/><W99/><G99/><T78/><D43/><U104/><E96/><V47/><F65/><W42/><G42/><T9/><D75/><U58/><E134/><V16/><F67/><W73/><G73/><T61/><D74/><U114/><E114/><V48/><F16/><W50/><G50/><T112/><D49/><U45/><E62/><V90/><F48/><W28/><G28/><T132/><D61/><U110/><E110/><V14/><F122/><W40/><G40/><T101/><D132/><U81/><E45/><V37/><F37/><W44/><G44/><T1/><D46/><U55/><E55/><V32/><F47/><W89/><G89/><T82/><D88/><U15/><E103/><AGARI ba="0,1" hai="2,4,8,21,26,30,72,79,80,98,103,105,124,125" machi="103" ten="40,2000,0" yaku="1,1,53,0" doraHai="63" doraHaiUra="57" who="3" fromWho="1" sc="194,0,201,-20,312,0,283,30" /><INIT seed="3,1,0,4,2,53" ten="194,181,312,313" oya="3" hai0="9,99,83,46,105,119,8,58,59,33,6,15,65" hai1="106,35,61,13,51,4,32,135,128,2,11,122,114" hai2="30,40,103,63,124,45,74,84,49,81,47,115,109" hai3="0,41,60,130,71,37,52,92,113,97,117,100,39"/><W75/><G117/><T127/><D33/><U76/><E106/><V98/><F109/><W29/><G113/><T31/><D119/><U66/><E122/><V64/><F115/><W132/><G0/><T34/><D127/><U102/><E102/><V131/><F124/><W23/><G75/><T77/><D65/><U123/><E123/><V87/><F30/><W1/><G1/><T118/><D118/><U104/><E104/><V88/><F131/><W93/><G130/><T96/><D105/><U108/><E108/><V20/><F20/><W121/><G121/><T7/><D34/><U133/><E76/><V56/><F74/><W69/><G132/><N who="1" m="50762" /><E128/><V62/><F84/><W68/><G93/><T80/><D31/><U112/><E51/><V22/><F22/><W94/><G92/><T67/><D67/><U57/><E35/><V36/><F98/><W26/><REACH who="3" step="1"/><G41/><REACH who="3" ten="194,181,312,303" step="2"/><T89/><D77/><U12/><E114/><V18/><F40/><W101/><G101/><T79/><D79/><U5/><E2/><V107/><F103/><W78/><G78/><T38/><D89/><U24/><E112/><V111/><F88/><W50/><G50/><T95/><D95/><U129/><E129/><V72/><F49/><W120/><G120/><T10/><D38/><U55/><E4/><V116/><F36/><W54/><G54/><T43/><D6/><U42/><E55/><V17/><F72/><W85/><G85/><T73/><D43/><U21/><E42/><V90/><F107/><W19/><G19/><T25/><D7/><U82/><E5/><V44/><F116/><RYUUKYOKU ba="1,1" sc="194,-10,181,-10,312,-10,303,30" hai3="23,26,29,37,39,52,60,68,69,71,94,97,100" /><INIT seed="3,2,1,0,1,132" ten="184,171,302,333" oya="3" hai0="75,99,121,22,122,123,38,86,109,105,34,112,94" hai1="90,50,29,126,97,60,66,119,117,10,72,56,18" hai2="100,48,115,1,93,111,95,51,27,53,65,52,13" hai3="45,2,14,26,63,4,42,116,54,39,5,68,49"/><W128/><G116/><T130/><D34/><U127/><E72/><V58/><F1/><W134/><G134/><T102/><D38/><U35/><E35/><V47/><F115/><W30/><G2/><T46/><D46/><U84/><E29/><V85/><F111/><W129/><G14/><T91/><D22/><U20/><E97/><V76/><F27/><W96/><G96/><T67/><D67/><U104/><E104/><V37/><F37/><W133/><G133/><T31/><D31/><U88/><E50/><V21/><F65/><N who="3" m="41023" /><G26/><T113/><D109/><U74/><E74/><V114/><F114/><W82/><G82/><T70/><D70/><U107/><E107/><V98/><F76/><W110/><G30/><T80/><D130/><N who="3" m="50281" /><G110/><T108/><D108/><U40/><E40/><V87/><F93/><W118/><G118/><N who="1" m="45066" /><E10/><V36/><F36/><W44/><AGARI ba="2,1" hai="4,5,39,42,44,45,49,54" m="50281,41023" machi="44" ten="30,1500,0" yaku="19,1" doraHai="132" who="3" fromWho="3" sc="184,-7,171,-7,302,-7,333,31" /><INIT seed="3,3,0,3,5,74" ten="177,164,295,364" oya="3" hai0="40,84,29,94,43,71,111,48,54,108,109,114,105" hai1="78,18,42,22,49,38,102,103,15,32,60,67,95" hai2="133,52,130,2,45,75,91,46,21,93,66,61,85" hai3="24,132,119,134,89,107,12,82,31,88,51,65,8"/><W62/><G119/><T72/><D72/><U83/><E38/><V33/><F33/><W10/><G107/><T17/><D105/><U106/><E32/><V64/><F2/><W23/><G51/><T135/><D29/><U98/><E42/><V81/><F130/><W50/><G50/><T59/><D71/><U3/><E3/><V36/><F133/><N who="3" m="51307" /><G82/><T35/><D35/><U25/><E49/><V63/><F21/><W4/><G10/><T26/><D135/><U131/><E131/><V90/><F36/><W127/><G127/><T100/><D114/><U97/><E25/><V58/><F75/><W123/><G123/><T101/><D100/><U39/><E39/><V118/><F118/><W55/><G55/><T68/><D68/><AGARI ba="3,0" hai="4,8,12,23,24,31,62,65,68,88,89" m="51307" machi="68" ten="30,2900,0" yaku="20,1,54,1" doraHai="74" who="3" fromWho="0" sc="177,-38,164,0,295,0,364,38" /><INIT seed="3,4,0,4,5,23" ten="139,164,295,402" oya="3" hai0="101,66,110,62,37,79,47,65,68,83,4,38,114" hai1="73,124,11,88,32,19,87,39,75,117,22,52,67" hai2="24,9,45,2,95,8,64,61,1,86,21,58,103" hai3="53,34,91,134,10,41,135,133,121,81,63,17,5"/><W13/><G121/><T29/><D110/><U60/><E32/><V25/><F1/><W90/><G34/><T112/><D101/><U43/><E124/><V98/><F2/><W119/><G119/><T126/><D4/><U96/><E11/><V28/><F45/><W84/><G41/><T102/><D102/><U74/><E117/><V50/><F50/><W128/><G128/><T26/><D66/><U71/><E96/><V49/><F49/><W7/><REACH who="3" step="1"/><G90/><REACH who="3" ten="139,164,295,392" step="2"/><T108/><D126/><U93/><E43/><V131/><F131/><W42/><G42/><N who="0" m="22991" /><D38/><U27/><REACH who="1" step="1"/><E39/><REACH who="1" ten="139,154,295,392" step="2"/><V16/><F86/><W12/><G12/><T36/><D36/><U116/><E116/><V99/><F99/><W78/><G78/><T48/><D108/><U30/><E30/><V77/><F77/><W0/><G0/><T100/><D114/><U107/><E107/><V15/><REACH who="2" step="1"/><F15/><REACH who="2" ten="139,154,285,392" step="2"/><W55/><G55/><AGARI ba="4,3" hai="19,22,27,52,55,60,67,71,73,74,75,87,88,93" machi="55" ten="40,8000,1" yaku="1,1,52,1,54,2,53,1" doraHai="23" doraHaiUra="80" who="1" fromWho="3" sc="139,0,154,122,285,0,392,-92" /><INIT seed="4,0,0,5,5,1" ten="139,276,285,300" oya="0" hai0="89,50,46,115,39,71,106,104,65,47,81,0,113" hai1="52,107,86,64,87,16,95,32,12,28,80,78,9" hai2="53,85,128,63,92,69,82,23,76,84,41,5,74" hai3="132,59,97,109,14,19,10,4,105,110,18,13,130"/><T67/><D0/><U83/><E107/><N who="0" m="41001" /><D81/><U60/><E32/><V30/><F128/><W117/><G105/><T131/><D89/><U7/><E28/><V48/><F41/><W58/><G97/><T103/><D103/><U70/><E95/><V38/><F38/><W34/><G130/><T101/><D101/><U33/><E33/><V56/><F92/><W35/><G34/><T36/><D131/><U51/><E16/><V40/><F40/><W21/><G35/><T44/><D50/><U77/><E51/><V22/><F22/><N who="3" m="11599" /><G59/><T62/><D62/><U90/><E90/><V20/><F20/><W127/><G58/><T118/><D71/><U68/><E70/><V126/><F69/><W99/><G99/><T135/><D118/><U3/><E3/><V124/><F63/><W73/><G117/><T119/><D119/><U17/><E17/><V114/><F30/><W75/><G73/><T91/><D91/><U93/><E93/><V49/><F74/><W15/><G75/><T98/><D98/><U100/><E100/><V8/><F56/><W25/><G132/><T133/><D36/><U66/><E66/><N who="0" m="25097" /><D39/><U6/><E52/><V120/><F53/><W57/><G57/><T11/><D11/><U72/><E72/><V122/><F8/><N who="3" m="6599" /><G127/><T29/><D29/><AGARI ba="0,0" hai="4,10,15,21,25,29,109,110" m="6599,11599" machi="29" ten="30,3900,0" yaku="34,2,52,1" doraHai="1" who="3" fromWho="0" sc="139,-39,276,0,285,0,300,39" /><INIT seed="5,0,0,5,5,28" ten="100,276,285,339" oya="1" hai0="1,77,43,20,52,87,123,71,38,63,129,37,68" hai1="116,24,65,57,62,107,110,55,22,46,40,79,5" hai2="127,15,42,53,16,44,99,64,69,86,98,14,112" hai3="106,102,27,49,121,33,47,84,11,133,89,105,114"/><U41/><E116/><V78/><F127/><W29/><G121/><T103/><D1/><U26/><E107/><V9/><F112/><W90/><G114/><T51/><D77/><U3/><E110/><V10/><F69/><N who="0" m="26698" /><D103/><U12/><E3/><V39/><F64/><W30/><G133/><T109/><D20/><U122/><E122/><V131/><F131/><W111/><G111/><T94/><D87/><U124/><E124/><V108/><F108/><W8/><G30/><T132/><D94/><U88/><E79/><V115/><F115/><W130/><G130/><T75/><D75/><U72/><E72/><V93/><F53/><W113/><G113/><T95/><D95/><U128/><E128/><V119/><F119/><W85/><G102/><T117/><D109/><U56/><E12/><V70/><F70/><W21/><G106/><T4/><D4/><U61/><E5/><V82/><REACH who="2" step="1"/><F93/><REACH who="2" ten="100,276,275,339" step="2"/><N who="3" m="54439" /><G105/><T13/><D129/><U81/><E41/><V25/><F25/><W45/><G47/><N who="0" m="26111" /><D13/><U31/><E26/><V125/><F125/><W59/><G45/><T23/><D123/><U83/><REACH who="1" step="1"/><E88/><REACH who="1" ten="100,266,275,339" step="2"/><V91/><F91/><W2/><G90/><T74/><D117/><U96/><E96/><V66/><F66/><W120/><G120/><T80/><D80/><U134/><E134/><V34/><F34/><W97/><G33/><T104/><D132/><U76/><E76/><V54/><F54/><N who="3" m="32207" /><G97/><T126/><D104/><U50/><AGARI ba="0,2" hai="22,24,31,40,46,50,55,56,57,61,62,65,81,83" machi="50" ten="20,7800,0" yaku="1,1,0,1,7,1,8,1,53,0" doraHai="28" doraHaiUra="35" who="1" fromWho="1" sc="100,-26,266,98,275,-26,339,-26" /><INIT seed="5,1,0,3,5,85" ten="74,364,249,313" oya="1" hai0="38,119,41,124,71,48,72,43,92,29,17,126,37" hai1="20,74,24,133,114,57,91,73,14,82,105,59,102" hai2="55,104,87,61,96,7,19,49,121,125,112,123,26" hai3="103,108,46,100,84,62,94,67,63,116,42,51,0"/><U25/><E114/><V75/><F75/><W12/><G108/><T31/><D72/><U10/><E133/><V34/><F125/><N who="0" m="48234" /><D17/><U69/><E69/><V47/><F112/><W66/><G0/><T76/><D48/><U89/><E102/><N who="3" m="38954" /><G116/><T106/><D92/><U101/><E101/><V132/><F104/><W8/><G94/><T35/><D71/><U11/><E14/><V115/><F96/><W54/><G84/><T4/><D4/><U118/><E20/><V1/><F115/><W131/><G131/><T90/><D76/><U127/><E127/><V128/><F128/><W113/><G113/><T58/><D35/><U18/><E18/><V122/><F132/><W88/><G42/><N who="0" m="15883" /><D119/><U3/><E118/><V21/><F34/><W134/><G134/><T56/><D106/><U107/><REACH who="1" step="1"/><E82/><REACH who="1" ten="74,354,249,313" step="2"/><V33/><F19/><W70/><G70/><T77/><D77/><U22/><E22/><V78/><F21/><W32/><G32/><T129/><D129/><U120/><E120/><V95/><F33/><W81/><G12/><T9/><D9/><U16/><E16/><V27/><F121/><W40/><G8/><T53/><D53/><U93/><E93/><V15/><F55/><W60/><G54/><T30/><D90/><U23/><E23/><V117/><F95/><W80/><G81/><T44/><D44/><U68/><E68/><V130/><F47/><W5/><G5/><T36/><AGARI ba="1,1" hai="29,30,31,36,37,38,56,58" m="15883,48234" machi="36" ten="40,5200,0" yaku="28,2,18,1" doraHai="85" who="0" fromWho="0" sc="74,65,354,-27,249,-14,313,-14" /><INIT seed="6,0,0,3,2,93" ten="139,327,235,299" oya="2" hai0="11,7,31,27,21,71,9,132,40,85,120,62,73" hai1="124,104,67,74,88,37,92,16,36,110,116,82,44" hai2="76,94,129,13,45,90,108,123,35,84,125,87,134" hai3="57,105,51,48,42,64,130,32,49,100,14,12,50"/><V23/><F35/><W66/><G32/><T61/><D73/><U83/><E110/><V99/><F123/><W20/><G130/><T17/><D120/><U10/><E104/><V68/><F68/><W81/><G105/><T91/><D132/><U53/><E67/><N who="3" m="25642" /><G100/><T113/><D71/><U29/><E29/><V107/><F134/><W47/><G81/><T131/><D131/><U43/><E124/><V126/><F129/><W97/><G97/><T46/><D113/><U38/><E53/><V109/><F45/><N who="3" m="25655" /><G20/><T1/><D11/><U0/><E116/><V30/><F30/><W77/><G12/><T114/><D114/><U102/><E102/><N who="2" m="62943" /><F13/><W127/><G14/><T60/><D31/><U95/><E16/><V65/><F65/><W24/><G77/><T4/><D4/><U33/><E33/><V58/><F58/><W98/><G98/><T122/><D122/><U3/><E3/><V119/><F23/><W135/><G24/><T2/><D2/><U106/><E106/><V34/><F34/><W28/><G28/><T86/><REACH who="0" step="1"/><D91/><REACH who="0" ten="129,327,235,299" step="2"/><U52/><E10/><V128/><F128/><W121/><G135/><T80/><D80/><U26/><E0/><V6/><F6/><W115/><G121/><T133/><D133/><U101/><E82/><N who="2" m="47175" /><F119/><W118/><G118/><T56/><D56/><U54/><E44/><V18/><F18/><W25/><G115/><T78/><D78/><U75/><E75/><V69/><F69/><W5/><G5/><T103/><D103/><U70/><E74/><V89/><F90/><W72/><G57/><T39/><AGARI ba="0,1" hai="1,7,9,17,21,27,39,40,46,60,61,62,85,86" machi="39" ten="30,4000,0" yaku="1,1,5,1,0,1,53,0" doraHai="93" doraHaiUra="117" who="0" fromWho="0" sc="129,50,327,-10,235,-20,299,-10" /><INIT seed="7,0,0,0,3,97" ten="179,317,215,289" oya="3" hai0="50,36,134,34,122,28,58,102,108,120,53,38,89" hai1="112,32,80,30,81,133,106,85,16,65,68,129,40" hai2="107,109,27,103,77,131,14,39,51,47,60,15,54" hai3="104,43,35,95,67,73,4,110,90,71,72,117,7"/><W113/><G117/><T105/><D108/><U5/><E106/><V79/><F109/><W59/><G110/><T87/><D134/><U29/><E5/><V6/><F39/><W93/><G104/><T124/><D124/><U96/><E40/><V78/><F131/><W119/><G119/><T94/><D38/><U130/><E96/><V70/><F107/><W56/><G35/><T84/><D36/><U91/><E112/><V83/><F103/><W52/><G43/><T92/><D34/><U123/><E123/><V69/><F69/><W135/><G71/><T44/><D28/><U115/><E115/><V22/><F70/><W61/><G113/><T33/><D33/><U8/><E81/><V31/><F60/><W24/><G135/><T49/><D105/><U20/><E8/><N who="2" m="4375" /><F15/><W82/><G24/><T127/><D127/><U42/><E42/><V41/><F54/><W21/><G21/><T13/><D13/><N who="1" m="9231" /><E32/><V11/><F11/><W64/><G82/><AGARI ba="0,0" hai="22,27,31,41,47,51,77,78,79,82,83" m="4375" machi="82" ten="30,1000,0" yaku="8,1" doraHai="97" who="2" fromWho="3" sc="179,0,317,0,215,10,289,-10" owari="179,-32.1,317,41.7,225,-17.5,279,7.9" /></mjloggm>