<mjloggm ver="2.3"><GO type="169" lobby="0"/><UN n0="%E4%B9%9D%E5%B0%BE%E3%81%AE%E3%83%8D%E3%82%B3" n1="%E3%83%AA%E3%83%BC%E3%83%81%E3%83%89%E3%83%A9%33" n2="%E3%82%B7%E3%83%B3%E3%83%97%E3%83%AB%E3%81%AA%E3%83%AF%E3%82%AD%E3%82%AC" n3="%43%68%61%72%6F%2E" dan="16,16,17,16" rate="2049.01,2179.33,2191.26,2140.31" sx="M,M,M,M"/><TAIKYOKU oya="0"/><INIT seed="0,0,0,3,1,21" ten="250,250,250,250" oya="0" hai0="117,84,2,69,16,39,101,80,100,108,4,53,42" hai1="119,97,37,43,32,61,10,120,31,62,40,79,9" hai2="123,95,0,90,85,73,92,76,111,18,134,22,83" hai3="58,29,127,52,55,67,27,7,86,118,121,63,15"/><T129/><D117/><U12/><E119/><V68/><F123/><W93/><G118/><T44/><D69/><U105/><E120/><V35/><F111/><W71/><G127/><T19/><D129/><U6/><E79/><V60/><F134/><W72/><G72/><T59/><D108/><U74/><E74/><V98/><F35/><W54/><G121/><T89/><D2/><U70/><E37/><V14/><F0/><W64/><G64/><T88/><D4/><U3/><E105/><V36/><F36/><W48/><G86/><T45/><D45/><U30/><E97/><V91/><F60/><W49/><G93/><T11/><D89/><U8/><E8/><V106/><F68/><W26/><G71/><T20/><D11/><U104/><E104/><V25/><REACH who="2" step="1"/><F106/><REACH who="2" ten="250,250,240,250" step="2"/><W23/><REACH who="3" step="1"/><G26/><AGARI ba="0,1" hai="14,18,22,25,26,73,76,83,85,90,91,92,95,98" machi="26" ten="40,8000,1" yaku="1,1,2,1,52,2,53,0" doraHai="21" doraHaiUra="102" who="2" fromWho="3" sc="250,0,250,0,240,90,250,-80" /><INIT seed="1,0,0,0,2,119" ten="250,250,330,170" oya="1" hai0="51,32,102,129,34,25,27,61,2,98,106,64,111" hai1="49,54,112,36,96,128,58,109,50,117,3,19,38" hai2="127,35,8,18,92,55,28,113,57,115,15,45,5" hai3="101,46,79,67,103,11,56,108,78,16,65,0,84"/><U123/><E117/><V130/><F130/><W90/><G108/><T69/><D111/><U75/><E109/><V7/><F45/><W33/><G33/><T44/><D129/><U30/><E75/><V73/><F73/><W132/><G132/><T100/><D102/><N who="3" m="38921" /><G0/><T118/><D118/><U21/><E3/><V89/><F127/><W121/><G121/><T20/><D27/><U120/><E112/><N who="2" m="43083" /><F28/><W135/><G135/><T10/><D10/><U85/><E128/><V91/><F35/><W63/><G65/><T23/><D2/><U74/><E74/><V43/><F43/><W82/><G46/><T88/><D23/><U42/><E30/><V71/><F71/><W9/><G9/><T66/><D66/><U62/><E96/><N who="2" m="57359" /><F91/><W77/><G90/><T80/><D88/><U94/><E50/><AGARI ba="0,0" hai="5,7,8,15,18,50,55,57" m="57359,43083" machi="50" ten="30,1000,0" yaku="11,1" doraHai="119" who="2" fromWho="1" sc="250,0,250,-10,330,10,170,0" /><INIT seed="2,0,0,4,1,40" ten="250,240,340,170" oya="2" hai0="89,83,62,115,133,31,92,36,85,54,18,91,35" hai1="75,106,42,20,105,78,116,28,14,118,29,81,134" hai2="41,77,114,53,66,100,125,103,69,117,96,26,13" hai3="34,98,58,22,122,47,59,64,132,15,123,107,60"/><V39/><F114/><W57/><G132/><T19/><D133/><U110/><E134/><V48/><F117/><W128/><G34/><T108/><D115/><U130/><E110/><V72/><F125/><W112/><G128/><T32/><D108/><U97/><E130/><V61/><F77/><W44/><G112/><T87/><D35/><U74/><E74/><V16/><F72/><W3/><G3/><T25/><D36/><U70/><E70/><V129/><F129/><W82/><G82/><T121/><D121/><U65/><E65/><V94/><F26/><W99/><G107/><T30/><D30/><U80/><E80/><V109/><F109/><W11/><G22/><T5/><D5/><U1/><E1/><V6/><F6/><W9/><G9/><T37/><D37/><U43/><E29/><V12/><F100/><W126/><G126/><T127/><D127/><U95/><E106/><V49/><F12/><W23/><G23/><T102/><D102/><U0/><E105/><V113/><F113/><W17/><G122/><T104/><D104/><U135/><E0/><V7/><F7/><W10/><G10/><T93/><D83/><U63/><E135/><V84/><F84/><W68/><REACH who="3" step="1"/><G123/><REACH who="3" ten="250,240,340,160" step="2"/><T24/><D25/><U4/><E81/><V50/><F13/><W79/><G79/><T21/><D32/><U38/><E14/><V86/><F94/><W27/><G27/><T88/><D91/><U111/><E111/><V120/><F120/><W131/><G131/><T2/><D2/><U33/><E33/><V55/><F103/><W71/><G71/><RYUUKYOKU ba="0,1" sc="250,15,240,-15,340,-15,160,15" hai0="18,19,21,24,31,54,62,85,87,88,89,92,93" hai3="11,15,17,44,47,57,58,59,60,64,68,98,99" /><INIT seed="3,1,1,4,1,42" ten="265,225,325,175" oya="3" hai0="32,12,27,75,94,50,128,65,108,135,66,7,19" hai1="23,88,36,38,1,114,40,52,87,86,54,113,39" hai2="4,33,30,124,127,47,104,93,74,123,57,96,10" hai3="109,126,68,78,129,98,71,16,46,37,21,83,73"/><W115/><G115/><T13/><D108/><U0/><E23/><V107/><F74/><W101/><G126/><N who="2" m="48169" /><F123/><W134/><G134/><T119/><D75/><U100/><E100/><V95/><F57/><W9/><G129/><T99/><D135/><U56/><E40/><V63/><F63/><W45/><G9/><T61/><D128/><U59/><E39/><V76/><F76/><W22/><G109/><T80/><D32/><U130/><E130/><V29/><F93/><W121/><G22/><T53/><D119/><U24/><E24/><N who="2" m="18599" /><F30/><W43/><G46/><T25/><D80/><U105/><E105/><V82/><F82/><W49/><G37/><T11/><D61/><U111/><E111/><V67/><F67/><W106/><REACH who="3" step="1"/><G121/><REACH who="3" ten="265,225,325,165" step="2"/><T125/><D125/><U35/><E35/><V62/><F47/><W72/><G72/><T118/><D118/><U77/><REACH who="1" step="1"/><E77/><REACH who="1" ten="265,215,325,165" step="2"/><V64/><F10/><W44/><G44/><T102/><D27/><AGARI ba="1,3" hai="16,21,27,43,45,49,68,71,73,78,83,98,101,106" machi="27" ten="30,11600,0" yaku="1,1,7,1,52,1,54,1,53,0" doraHai="42" doraHaiUra="26" who="3" fromWho="0" sc="265,-119,215,0,325,0,165,149" /><INIT seed="3,2,0,0,0,6" ten="146,215,325,314" oya="3" hai0="59,0,55,80,112,44,135,30,33,76,1,77,132" hai1="21,129,51,101,52,34,126,125,113,68,4,41,16" hai2="31,22,75,56,36,28,90,32,82,85,58,114,79" hai3="128,134,89,8,37,19,49,111,133,71,109,98,14"/><W121/><G37/><T95/><D112/><U39/><E113/><V84/><F114/><W119/><G119/><T29/><D95/><U94/><E34/><V96/><F32/><W2/><G121/><T115/><D115/><U110/><E68/><V57/><F36/><W47/><G71/><T7/><D44/><U105/><E105/><V65/><F65/><W78/><G78/><T120/><D120/><U35/><E35/><V26/><F28/><W53/><G2/><T100/><D100/><U61/><E61/><V122/><F122/><W18/><G128/><T46/><D46/><U102/><E110/><N who="3" m="41994" /><G18/><T60/><D77/><U25/><E41/><V87/><REACH who="2" step="1"/><F96/><REACH who="2" ten="146,215,315,314" step="2"/><W63/><G63/><T104/><D33/><U93/><E39/><V50/><F50/><W17/><G17/><T45/><D30/><U118/><E118/><V62/><F62/><W108/><G108/><T24/><D29/><U72/><E129/><V131/><F131/><W81/><G98/><T127/><D60/><U20/><E16/><V27/><F27/><W9/><G9/><T69/><D24/><U43/><E25/><V10/><F10/><W88/><G81/><AGARI ba="2,1" hai="22,26,31,56,57,58,75,79,81,82,84,85,87,90" machi="81" ten="40,1300,0" yaku="1,1,53,0" doraHai="6" doraHaiUra="117" who="2" fromWho="3" sc="146,0,215,0,315,29,314,-19" /><INIT seed="4,0,0,1,1,117" ten="146,215,344,295" oya="0" hai0="77,72,33,122,70,115,126,71,23,41,29,81,113" hai1="62,18,123,128,110,38,75,118,109,0,65,79,133" hai2="44,10,24,111,39,125,134,112,22,80,6,131,61" hai3="20,68,76,89,54,21,7,99,53,43,93,56,96"/><T84/><D122/><U14/><E118/><V3/><F111/><W57/><G68/><T26/><D126/><U32/><E0/><V132/><F125/><W119/><G119/><T127/><D127/><U48/><E38/><V47/><F112/><N who="0" m="43082" /><D41/><U90/><E32/><V121/><F131/><W50/><G43/><T129/><D129/><U37/><E37/><V94/><F121/><W27/><G76/><T83/><D23/><U9/><E133/><N who="2" m="51307" /><F39/><W106/><G7/><T98/><D98/><U46/><E128/><V64/><F94/><W130/><G130/><T74/><D74/><U88/><E123/><V5/><F80/><W103/><REACH who="3" step="1"/><G27/><REACH who="3" ten="146,215,344,285" step="2"/><T104/><D104/><U114/><E114/><V95/><F6/><W1/><G1/><T34/><D33/><U78/><E78/><AGARI ba="0,1" hai="26,29,34,70,71,72,77,78,81,83,84" m="43082" machi="78" ten="30,1500,0" yaku="15,1" doraHai="117" who="0" fromWho="1" sc="146,25,215,-15,344,0,285,0" /><INIT seed="4,1,0,2,3,69" ten="171,200,344,285" oya="0" hai0="92,31,128,9,20,119,2,99,48,87,47,62,93" hai1="113,59,126,86,127,72,130,55,73,75,71,118,34" hai2="52,129,108,54,33,4,90,91,10,117,106,98,22" hai3="27,80,19,134,24,21,122,29,132,79,42,58,26"/><T131/><D119/><U37/><E118/><V64/><F117/><W41/><G122/><T11/><D62/><U36/><E71/><V109/><F33/><W44/><G58/><T107/><D107/><U89/><E34/><V5/><F64/><W65/><G65/><T121/><D121/><U12/><E130/><N who="0" m="49705" /><D87/><U88/><E12/><V67/><F67/><W28/><G28/><T49/><D2/><U8/><E8/><N who="0" m="3145" /><D47/><U50/><E113/><V81/><F129/><W61/><G61/><T112/><D112/><U60/><E60/><V1/><F4/><W96/><G96/><T18/><D31/><U32/><E32/><V46/><F106/><W114/><G114/><T53/><D53/><U120/><E120/><V133/><F54/><W101/><G101/><N who="0" m="60647" /><D93/><N who="1" m="54423" /><E89/><V94/><F91/><W63/><G63/><T84/><D84/><U35/><E35/><V43/><F81/><W45/><G29/><T38/><D38/><U78/><E78/><V97/><F97/><W135/><G45/><T30/><D30/><U40/><E40/><N who="3" m="15466" /><G44/><T104/><D104/><U111/><E111/><V25/><F52/><W6/><G6/><T95/><D95/><U17/><E17/><N who="2" m="12495" /><F108/><W56/><G56/><T124/><D124/><AGARI ba="1,0" hai="36,37,50,55,59,72,73,75,124,126,127" m="54423" machi="124" ten="40,8000,1" yaku="18,1,52,2,54,1" doraHai="69" who="1" fromWho="0" sc="171,-83,200,83,344,0,285,0" /><INIT seed="5,0,0,0,4,99" ten="88,283,344,285" oya="1" hai0="104,72,70,29,128,68,52,2,79,107,98,35,56" hai1="132,80,92,94,7,124,28,37,110,27,13,15,55" hai2="100,24,93,39,4,58,105,106,69,111,131,86,112" hai3="14,50,10,84,65,126,129,12,17,95,76,20,43"/><U6/><E37/><V123/><F69/><W130/><G126/><T51/><D2/><U81/><E124/><V133/><F39/><W49/><G65/><T90/><D128/><N who="3" m="49257" /><G43/><T40/><D40/><U85/><E132/><V61/><F131/><W116/><G116/><T91/><D107/><U103/><E110/><V38/><F111/><W0/><G0/><T36/><D36/><U101/><E55/><V121/><F38/><W31/><G31/><T44/><D44/><U108/><E108/><V88/><F133/><W78/><G95/><N who="1" m="36394" /><E27/><V32/><F4/><N who="1" m="1577" /><E28/><V21/><F32/><W87/><G14/><N who="1" m="5130" /><E85/><N who="3" m="32842" /><G10/><T102/><D70/><U63/><E63/><V135/><F135/><W62/><G62/><T47/><D68/><U134/><E134/><V42/><F42/><W114/><G114/><T67/><D67/><U59/><E59/><V26/><F112/><W18/><G18/><T113/><D56/><U89/><E89/><V82/><F26/><W66/><G66/><T96/><D113/><U60/><E60/><V1/><F1/><W64/><G64/><T23/><D35/><U33/><E33/><V11/><F11/><W119/><G119/><T75/><D75/><U34/><E34/><V77/><F58/><W97/><G97/><T73/><D98/><U122/><E122/><N who="2" m="46603" /><F61/><W48/><AGARI ba="0,0" hai="12,17,20,48,49,50,76,78" m="32842,49257" machi="48" ten="40,1500,0" yaku="19,1" doraHai="99" who="3" fromWho="3" sc="88,-4,283,-7,344,-4,285,15" /><INIT seed="6,0,0,3,4,18" ten="84,276,340,300" oya="2" hai0="94,57,10,92,3,13,19,73,51,89,83,43,21" hai1="85,123,42,118,66,86,99,29,37,125,72,129,45" hai2="47,114,130,8,2,30,93,61,119,46,124,16,39" hai3="79,110,91,101,75,80,28,9,0,56,84,90,59"/><V25/><F119/><W26/><G110/><T108/><D108/><U111/><E118/><V4/><F114/><W134/><G134/><T77/><D3/><U52/><E111/><V67/><F130/><W102/><G90/><T15/><D43/><U24/><E72/><V71/><F124/><W55/><G9/><T70/><D70/><U95/><E66/><V88/><F39/><W68/><G68/><T133/><D133/><U63/><E125/><V11/><F11/><W34/><G0/><T64/><D64/><U44/><E123/><V121/><F121/><W38/><G38/><T97/><D73/><U7/><E7/><V6/><F6/><W27/><G27/><T65/><D65/><U135/><E129/><V82/><F82/><W32/><G32/><T109/><D109/><U31/><E31/><V62/><F62/><W78/><G56/><T87/><D94/><U127/><E135/><V1/><F1/><W120/><G120/><T81/><D81/><U106/><E106/><V69/><F69/><W113/><G113/><T107/><D107/><U49/><E63/><V76/><F76/><N who="3" m="29227" /><G75/><T48/><REACH who="0" step="1"/><D57/><REACH who="0" ten="74,276,340,300" step="2"/><U112/><E112/><V54/><F71/><W20/><G34/><T36/><D36/><U115/><E115/><V74/><F2/><W50/><AGARI ba="0,1" hai="20,26,28,50,55,59,80,84,91,101,102" m="29227" machi="50" ten="30,2000,0" yaku="8,1,52,1" doraHai="18" who="3" fromWho="3" sc="74,-5,276,-5,340,-10,300,30" /><INIT seed="7,0,0,2,5,112" ten="69,271,330,330" oya="3" hai0="2,45,32,49,128,21,111,46,1,43,114,116,73" hai1="87,104,47,56,91,77,28,97,121,74,117,20,15" hai2="78,50,31,44,89,105,55,81,72,76,125,37,64" hai3="86,18,85,51,90,134,36,70,66,96,79,106,0"/><W115/><G36/><T122/><D49/><U33/><E121/><V135/><F105/><W35/><G35/><T133/><D43/><U40/><E33/><V6/><F135/><W84/><G0/><T103/><D21/><U101/><E117/><V80/><F125/><W14/><G115/><T69/><D103/><U110/><E110/><V123/><F123/><W92/><G134/><T22/><D22/><U75/><E77/><V107/><F107/><W126/><G126/><T124/><D46/><U109/><E109/><V48/><F31/><W17/><G106/><T94/><D94/><U52/><E47/><V59/><F89/><W120/><G120/><T12/><D12/><U118/><E40/><V11/><F37/><W131/><G131/><T129/><D45/><U29/><E118/><V60/><F48/><W30/><G30/><T38/><D129/><U102/><E102/><V34/><F34/><W113/><G113/><T100/><D100/><U108/><E108/><V39/><F39/><W83/><G51/><T53/><D53/><U23/><E23/><V24/><F24/><W26/><G26/><T132/><D2/><U4/><E29/><V68/><F68/><W25/><G25/><T8/><D8/><N who="1" m="4487" /><E20/><V5/><F11/><N who="3" m="6367" /><G18/><T62/><D62/><N who="1" m="36103" /><E28/><V119/><F119/><W27/><G27/><T42/><D42/><U7/><E7/><V58/><F44/><W88/><G79/><T130/><D130/><U65/><E65/><V71/><F71/><W10/><G10/><T67/><D67/><U93/><E104/><AGARI ba="0,0" hai="1,32,38,69,73,104,111,114,116,122,124,128,132,133" machi="104" ten="0,32000,5" yakuman="47" doraHai="112" who="0" fromWho="1" sc="69,320,271,-320,330,0,330,0" owari="389,48.9,-49,-54.9,330,13.0,330,-7.0" /></mjloggm>