<mjloggm ver="2.3"><GO type="169" lobby="0"/><UN n0="%E5%9C%A8%E5%8E%9F%E4%B8%83%E6%B5%B7%E5%A4%A7%E5%A5%BD%E3%81%8D" n1="%E3%81%B1%E3%83%BC%E3%81%9B%E3%82%93%E3%81%A8%E4%BE%8D" n2="%E3%81%8A%E3%81%AF%44%E3%83%9D%E3%83%86%E3%83%88" n3="%E6%9C%A8%E5%8E%9F%E8%B1%AA%E4%B8%80" dan="17,18,17,17" rate="2218.74,2201.85,2185.66,2133.43" sx="M,M,F,M"/><TAIKYOKU oya="0"/><INIT seed="0,0,0,2,1,18" ten="250,250,250,250" oya="0" hai0="30,21,116,25,103,127,98,8,114,76,93,115,71" hai1="73,101,81,13,6,135,63,28,96,69,65,33,61" hai2="50,89,122,83,102,109,43,86,97,3,100,17,85" hai3="121,55,91,77,92,9,49,131,57,123,67,119,0"/><T87/><D116/><U58/><E135/><V133/><F122/><W5/><G119/><T34/><D71/><U36/><E36/><V53/><F133/><W7/><G131/><T126/><D34/><U37/><E37/><V124/><F109/><W29/><G77/><T39/><D39/><U110/><E110/><V128/><F128/><W95/><G7/><T32/><D32/><U94/><E73/><V113/><F113/><W129/><G129/><T38/><D38/><U41/><E41/><V48/><F3/><W19/><G29/><T70/><D70/><U11/><E81/><V27/><F124/><N who="0" m="47658" /><D8/><U31/><REACH who="1" step="1"/><E33/><REACH who="1" ten="250,240,250,250" step="2"/><V60/><F43/><W84/><G123/><T59/><D115/><U118/><E118/><V88/><F50/><W52/><G121/><T56/><D114/><U22/><E22/><N who="2" m="13775" /><F60/><W105/><G49/><T46/><D21/><U64/><AGARI ba="0,1" hai="6,11,13,28,31,58,61,63,64,65,69,94,96,101" machi="64" ten="20,2700,0" yaku="1,1,0,1,7,1,53,0" doraHai="18" doraHaiUra="68" who="1" fromWho="1" sc="250,-13,240,37,250,-7,250,-7" /><INIT seed="1,0,0,4,2,35" ten="237,277,243,243" oya="1" hai0="73,98,16,47,84,74,127,50,134,52,107,114,111" hai1="6,103,86,53,29,57,12,4,39,70,79,18,38" hai2="10,113,115,85,11,65,28,95,102,81,31,110,129" hai3="17,90,40,71,0,26,131,24,130,133,19,87,120"/><U7/><E70/><V58/><F110/><W99/><G71/><T43/><D114/><U112/><E112/><V104/><F104/><W80/><G120/><T3/><D111/><U62/><E29/><N who="2" m="11339" /><F129/><W37/><G99/><T63/><D127/><U116/><E116/><V46/><F46/><N who="3" m="23823" /><G0/><T64/><D3/><U13/><E103/><V1/><F1/><W27/><G133/><T67/><D98/><U44/><E13/><V5/><F5/><W69/><G69/><T20/><D107/><U135/><E135/><V100/><F115/><W36/><G36/><T117/><D74/><U83/><REACH who="1" step="1"/><E44/><REACH who="1" ten="237,267,243,243" step="2"/><V55/><F102/><W92/><G131/><T76/><D117/><U51/><E51/><V91/><F113/><W106/><G130/><T23/><D134/><U122/><E122/><V56/><F100/><W33/><G27/><T82/><D73/><U8/><AGARI ba="0,1" hai="4,6,7,8,12,18,38,39,53,57,62,79,83,86" machi="8" ten="30,6000,0" yaku="1,1,0,1,53,1" doraHai="35" doraHaiUra="72" who="1" fromWho="1" sc="237,-20,267,70,243,-20,243,-20" /><INIT seed="1,1,0,3,3,75" ten="217,337,223,223" oya="1" hai0="35,1,71,81,16,69,33,55,13,2,90,118,78" hai1="80,130,24,135,77,85,99,89,97,107,123,72,41" hai2="44,57,5,126,17,121,82,12,26,45,6,104,10" hai3="76,27,106,40,73,111,94,109,134,36,62,124,54"/><U0/><E0/><V9/><F121/><W115/><G106/><T101/><D118/><U21/><E123/><V23/><F104/><W60/><G115/><T39/><D39/><U43/><E130/><V88/><F126/><W96/><G27/><T20/><D101/><U59/><E135/><V3/><REACH who="2" step="1"/><F57/><REACH who="2" ten="217,337,213,223" step="2"/><W132/><G124/><T34/><D71/><U19/><E59/><V56/><F56/><W83/><G134/><T120/><D69/><U122/><E122/><V14/><F14/><W37/><G132/><T8/><D120/><U50/><E107/><V67/><F67/><W66/><G66/><T47/><D1/><U84/><E72/><V113/><F113/><W105/><G105/><T127/><D2/><U61/><E61/><V125/><F125/><W52/><G62/><T86/><D127/><U58/><E58/><V98/><F98/><N who="1" m="37385" /><E50/><V63/><F63/><W64/><G60/><T108/><D108/><N who="3" m="41545" /><G64/><T15/><D15/><U114/><E114/><V68/><F68/><W133/><G133/><T31/><D13/><U49/><E49/><V46/><F46/><N who="3" m="23815" /><G37/><T30/><D47/><U93/><AGARI ba="1,1" hai="19,21,24,41,43,77,80,84,85,89,93" m="37385" machi="93" ten="30,3000,0" yaku="8,1,52,1" doraHai="75" who="1" fromWho="1" sc="217,-11,337,43,213,-11,223,-11" /><INIT seed="1,2,0,2,3,0" ten="206,380,202,212" oya="1" hai0="77,119,42,14,57,3,128,125,133,26,82,22,114" hai1="75,123,23,4,98,79,73,118,92,115,85,50,127" hai2="107,94,9,44,2,134,112,21,53,33,131,132,74" hai3="104,91,37,124,34,102,54,84,11,13,12,31,38"/><U105/><E118/><V89/><F107/><W81/><G124/><T111/><D3/><U135/><E123/><V49/><F33/><W109/><G109/><T67/><D114/><U88/><E115/><V110/><F112/><W32/><G32/><T62/><D111/><U56/><E127/><V69/><F110/><W16/><G34/><T10/><D128/><U95/><E105/><V52/><F131/><W46/><G31/><T1/><D1/><U25/><E4/><N who="2" m="1175" /><F21/><W72/><G72/><T70/><D42/><U24/><E24/><V121/><F69/><W29/><G29/><T126/><D70/><U59/><E135/><N who="2" m="51755" /><F74/><W90/><G90/><T15/><D133/><U47/><E75/><V17/><F17/><W58/><G13/><T61/><D15/><U30/><E73/><V6/><F6/><W120/><G120/><T65/><D14/><U66/><E66/><V60/><F121/><W122/><G122/><T68/><D10/><U51/><E51/><V100/><F100/><W129/><G129/><T93/><D126/><U87/><E79/><V116/><F116/><W99/><REACH who="3" step="1"/><G46/><REACH who="3" ten="206,380,202,202" step="2"/><T97/><D125/><U39/><E47/><V45/><F45/><W76/><G76/><T83/><D77/><U117/><E30/><V7/><F7/><W80/><G80/><T86/><D119/><U113/><E117/><V36/><F36/><W55/><G55/><T63/><D83/><U130/><E39/><V71/><F53/><W27/><G27/><T18/><D82/><U103/><E130/><V48/><F44/><W19/><G19/><T101/><D18/><RYUUKYOKU ba="2,1" sc="206,-10,380,-10,202,-10,202,30" hai3="11,12,16,37,38,54,58,81,84,91,99,102,104" /><INIT seed="2,3,1,1,2,4" ten="196,370,192,232" oya="2" hai0="17,53,54,67,108,98,88,86,115,8,48,125,80" hai1="44,134,99,78,52,0,122,50,26,87,128,130,39" hai2="35,29,1,15,116,70,21,63,41,133,66,124,93" hai3="11,61,132,77,51,111,110,121,22,68,126,129,69"/><V31/><F116/><W95/><G121/><T33/><D33/><U34/><E0/><V72/><F1/><W123/><G123/><T106/><D115/><U12/><E122/><V127/><F133/><W109/><G132/><T91/><D108/><U92/><E134/><V81/><F41/><W84/><G129/><T97/><D125/><N who="2" m="48202" /><F93/><W58/><G51/><T120/><D67/><U55/><E39/><V105/><F105/><W118/><G22/><T76/><D54/><U18/><E55/><V83/><F72/><W7/><G118/><T75/><D120/><U46/><E46/><V79/><F79/><W100/><G100/><T25/><D106/><U94/><E87/><V119/><F119/><W64/><G126/><T37/><D37/><U47/><E47/><V96/><F96/><W117/><G117/><T89/><D75/><U43/><E78/><V2/><F2/><N who="3" m="503" /><G95/><T62/><D98/><U38/><E43/><V104/><F104/><W135/><G135/><T107/><D97/><U102/><E38/><V112/><F112/><W71/><G77/><T73/><D107/><U49/><E94/><V74/><F74/><W40/><G40/><T59/><D73/><U113/><E113/><V3/><F3/><W85/><AGARI ba="3,1" hai="58,61,64,68,69,71,84,85,109,110,111" m="503" machi="85" ten="40,2700,0" yaku="14,1,52,1" doraHai="4" who="3" fromWho="3" sc="196,-10,370,-10,192,-16,232,46" /><INIT seed="3,0,0,4,3,55" ten="186,360,176,278" oya="3" hai0="48,127,120,24,129,26,90,113,29,107,71,23,17" hai1="122,130,43,111,59,3,93,28,73,75,118,63,22" hai2="74,30,62,12,9,42,69,80,125,18,72,116,95" hai3="108,16,13,14,115,100,79,1,19,68,21,121,66"/><W81/><G115/><T106/><D71/><U35/><E3/><V8/><F116/><W36/><G121/><T27/><D120/><U58/><E35/><V85/><F125/><W126/><G126/><T96/><D129/><U54/><E122/><V135/><F135/><W87/><G1/><T51/><D113/><U57/><E111/><V124/><F124/><W32/><G32/><T5/><D5/><U47/><E130/><V37/><F30/><W49/><G36/><T38/><D38/><U45/><E75/><V10/><F95/><W103/><G108/><T39/><D39/><U97/><E73/><V86/><F86/><W11/><REACH who="3" step="1"/><G49/><REACH who="3" ten="186,360,176,268" step="2"/><T60/><D51/><N who="1" m="27071" /><E118/><V52/><F37/><W2/><G2/><T131/><D48/><U34/><E34/><V31/><F42/><W0/><G0/><T77/><D127/><U70/><E70/><V7/><F69/><W134/><G134/><T94/><D131/><U82/><E47/><V53/><F7/><W133/><G133/><T84/><D29/><U25/><E82/><V101/><F31/><W102/><G102/><AGARI ba="0,1" hai="22,25,28,54,57,58,59,63,93,97,102" m="27071" machi="102" ten="30,7700,0" yaku="8,1,52,3" doraHai="55" who="1" fromWho="3" sc="186,0,360,87,176,0,268,-77" /><INIT seed="4,0,0,2,0,55" ten="186,447,176,191" oya="0" hai0="87,107,86,32,50,65,6,111,123,38,47,69,82" hai1="18,36,3,122,45,43,91,5,71,35,59,84,77" hai2="134,130,118,0,46,25,100,4,58,74,108,76,22" hai3="78,125,97,57,2,85,29,96,62,126,40,124,80"/><T102/><D123/><U90/><E71/><V7/><F108/><W39/><G2/><T93/><D111/><U105/><E105/><V61/><F130/><W67/><REACH who="3" step="1"/><G29/><REACH who="3" ten="186,447,176,181" step="2"/><T70/><D32/><U121/><E3/><V37/><F0/><W116/><G116/><T60/><D107/><U120/><E35/><V24/><F118/><W68/><G68/><T127/><D69/><U33/><E33/><V79/><F134/><W133/><G133/><T44/><D70/><U95/><E122/><V11/><F7/><W109/><G109/><T17/><D6/><U64/><E5/><V117/><F117/><W75/><G75/><T34/><D34/><U131/><E121/><V51/><F74/><W27/><G27/><T52/><D17/><U30/><E30/><V129/><F25/><W110/><G110/><T132/><D132/><U128/><E18/><V135/><F135/><W42/><G42/><T49/><D127/><U119/><E43/><V66/><F129/><W8/><G8/><T115/><D115/><U63/><E120/><V1/><F1/><W16/><G16/><T112/><D112/><U72/><E119/><V19/><F11/><W53/><G53/><T23/><D52/><U15/><E72/><V88/><F4/><W103/><G103/><T113/><D102/><U89/><E131/><V98/><F100/><W20/><G20/><T14/><D23/><U10/><E10/><V28/><F28/><W48/><G48/><T106/><D50/><U92/><E128/><V26/><F26/><W73/><G73/><T83/><D113/><U21/><E21/><RYUUKYOKU ba="0,1" sc="186,-10,447,-10,176,-10,181,30" hai3="39,40,57,62,67,78,80,85,96,97,124,125,126" /><INIT seed="5,1,1,1,4,87" ten="176,437,166,211" oya="1" hai0="69,81,25,125,21,95,23,92,14,60,51,56,13" hai1="84,104,24,36,122,35,77,100,83,42,90,9,102" hai2="89,67,98,59,108,127,118,85,4,0,48,72,52" hai3="111,7,110,41,58,66,43,107,96,39,15,70,120"/><U30/><E122/><V132/><F118/><W11/><G120/><T130/><D69/><U128/><E128/><V64/><F108/><W101/><G70/><T123/><D125/><U106/><E36/><V88/><F72/><W115/><G115/><T55/><D130/><U126/><E42/><V33/><F33/><W105/><G105/><T121/><D123/><U27/><E126/><V117/><F117/><W134/><G134/><T1/><D1/><U34/><E9/><V18/><F127/><W2/><G2/><T116/><D116/><U91/><E77/><V97/><F132/><W49/><G39/><T113/><D113/><U10/><E10/><V112/><F112/><W71/><G71/><T12/><D81/><U79/><E79/><V57/><F0/><W40/><REACH who="3" step="1"/><G49/><REACH who="3" ten="176,437,166,201" step="2"/><T74/><D121/><U32/><E106/><V5/><F48/><W68/><G68/><T135/><D135/><U38/><E104/><V129/><F129/><W46/><G46/><T3/><D3/><U131/><E38/><V76/><F76/><W61/><AGARI ba="1,2" hai="7,11,15,40,41,43,58,61,66,96,101,107,110,111" machi="61" ten="30,2000,0" yaku="1,1,0,1,53,0" doraHai="87" doraHaiUra="29" who="3" fromWho="3" sc="176,-6,437,-11,166,-6,201,43" /><INIT seed="6,0,0,3,3,133" ten="170,426,160,244" oya="2" hai0="0,34,45,9,54,3,63,91,83,101,67,135,66" hai1="116,123,29,28,41,13,89,32,75,78,117,95,74" hai2="48,7,96,49,84,69,24,124,1,113,100,92,22" hai3="72,82,11,38,102,30,108,17,121,33,44,134,119"/><V25/><F113/><W99/><G108/><T125/><D135/><U43/><E13/><V57/><F69/><W60/><G17/><T62/><D34/><U105/><E78/><V23/><F1/><W81/><G81/><T106/><D106/><U129/><E105/><V122/><F122/><W36/><G44/><T104/><D104/><U26/><E129/><V107/><F7/><W12/><G12/><T87/><D101/><U15/><E15/><V55/><F107/><N who="3" m="63967" /><G119/><T65/><D9/><U59/><E59/><V130/><F130/><W98/><G98/><T18/><D18/><U80/><E80/><V114/><F114/><W120/><G60/><T51/><D125/><U50/><E95/><V71/><F71/><W93/><G93/><T20/><D20/><U126/><E89/><V103/><F124/><W86/><G86/><T70/><D67/><U5/><E32/><V127/><F127/><W56/><G56/><AGARI ba="0,0" hai="0,3,45,51,54,56,62,63,65,66,70,83,87,91" machi="56" ten="30,1000,0" yaku="7,1" doraHai="133" who="0" fromWho="3" sc="170,10,426,0,160,0,244,-10" /><INIT seed="7,0,0,0,0,130" ten="180,426,160,234" oya="3" hai0="23,80,37,107,95,112,127,32,118,119,9,50,56" hai1="22,116,25,76,103,70,73,132,55,33,27,58,98" hai2="129,78,52,68,21,53,60,79,90,67,108,7,49" hai3="84,4,15,81,44,96,109,110,82,75,51,114,131"/><W105/><G75/><T77/><D107/><U93/><E70/><V133/><F108/><W101/><G82/><T26/><D37/><U61/><E33/><V128/><F7/><W40/><G114/><T24/><D127/><U135/><E116/><V54/><F133/><N who="1" m="51273" /><E22/><V104/><F104/><W111/><G131/><N who="2" m="50249" /><F49/><W8/><REACH who="3" step="1"/><G109/><REACH who="3" ten="180,426,160,224" step="2"/><T13/><D80/><AGARI ba="0,1" hai="25,27,55,58,61,73,76,80,93,98,103" m="51273" machi="80" ten="30,7700,0" yaku="20,1,52,3" doraHai="130" who="1" fromWho="0" sc="180,-77,426,87,160,0,224,0" owari="103,-39.7,513,61.3,160,-24.0,224,2.4" /></mjloggm>