<mjloggm ver="2.3"><GO type="169" lobby="0"/><UN n0="%E6%84%9B%E5%AA%9B%E7%9C%8C%E7%94%A3%E3%81%BF%E3%81%8B%E3%82%93" n1="%E6%9C%AA%E6%9D%A5%E5%B0%91%E5%B9%B4" n2="%74%61%6B%65%2D%79%6F%75" n3="%E3%81%82%E3%81%84%E3%81%93%E3%81%99" dan="16,16,16,16" rate="2156.39,2145.95,2138.80,2133.55" sx="M,F,M,M"/><TAIKYOKU oya="0"/><INIT seed="0,0,0,1,1,50" ten="250,250,250,250" oya="0" hai0="63,47,36,52,19,97,41,62,109,96,55,65,27" hai1="78,99,113,30,100,12,103,39,60,45,31,15,126" hai2="67,4,87,101,108,18,51,34,117,75,61,81,71" hai3="134,111,54,35,46,80,120,95,64,11,66,16,94"/><T29/><D109/><U116/><E116/><V112/><F112/><W43/><G35/><T58/><D19/><U84/><E126/><V82/><F34/><W37/><G134/><T0/><D0/><U123/><E123/><V128/><F128/><W89/><G80/><T17/><D17/><U102/><E113/><V44/><F108/><W49/><G95/><T14/><D14/><U42/><E99/><V125/><F125/><W7/><G120/><T68/><REACH who="0" step="1"/><D55/><REACH who="0" ten="240,250,250,250" step="2"/><U127/><E12/><V130/><F18/><W6/><G111/><T110/><D110/><U8/><E127/><V73/><F130/><W1/><G16/><T133/><D133/><U129/><E129/><V79/><F117/><W48/><G7/><T74/><D74/><U91/><E15/><V24/><F4/><W28/><G28/><T76/><D76/><U98/><E31/><V119/><F119/><W25/><G25/><T13/><D13/><U124/><E30/><V72/><F24/><W121/><G121/><T135/><D135/><U104/><E124/><V85/><F73/><W22/><G22/><AGARI ba="0,1" hai="22,27,29,36,41,47,52,58,62,63,65,68,96,97" machi="22" ten="30,11600,0" yaku="1,1,7,1,52,1,54,1,53,0" doraHai="50" doraHaiUra="118" who="0" fromWho="3" sc="240,126,250,0,250,0,250,-116" /><INIT seed="0,1,0,5,2,38" ten="366,250,250,134" oya="0" hai0="65,116,42,69,127,89,20,130,21,78,46,118,43" hai1="131,109,5,93,18,28,9,67,128,63,82,37,62" hai2="16,48,68,17,99,60,100,110,52,113,32,126,70" hai3="83,10,102,11,76,91,90,119,23,71,41,135,111"/><T31/><D127/><U125/><E125/><V15/><F126/><W124/><G119/><T81/><D130/><N who="1" m="49707" /><E109/><V104/><F113/><W86/><G111/><T40/><D89/><U25/><E37/><V51/><F110/><W50/><G71/><T95/><D95/><U49/><E18/><V129/><F129/><W26/><G135/><T84/><D69/><U57/><E93/><V73/><F73/><W2/><G102/><T13/><D65/><U96/><E96/><V72/><F72/><W105/><G105/><T103/><D103/><U80/><E49/><V77/><F17/><W54/><G2/><T44/><D118/><U85/><E63/><V122/><F48/><W88/><G124/><T59/><D116/><U61/><E61/><V117/><F117/><W107/><G107/><T64/><D13/><N who="1" m="5295" /><E85/><V29/><F60/><W1/><G1/><T39/><D39/><U101/><E101/><V35/><F70/><W87/><G87/><T0/><D0/><U4/><E4/><V108/><F68/><W92/><G92/><T3/><D3/><U24/><E24/><V22/><F108/><W8/><G26/><N who="0" m="16839" /><D21/><AGARI ba="1,0" hai="21,25,28,57,62,67,80,82" m="5295,49707" machi="21" ten="30,1000,0" yaku="19,1" doraHai="38" who="1" fromWho="0" sc="366,-13,250,13,250,0,134,0" /><INIT seed="1,0,0,1,3,76" ten="353,263,250,134" oya="1" hai0="85,126,18,34,117,113,114,26,98,70,128,57,88" hai1="116,17,16,45,92,109,30,83,52,124,55,47,111" hai2="112,27,1,59,122,84,73,50,23,7,115,82,49" hai3="21,61,96,40,80,43,58,62,31,74,2,107,132"/><U24/><E116/><V15/><F1/><W68/><G2/><T131/><D70/><U37/><E124/><V103/><F73/><W81/><G74/><T94/><D117/><U100/><E100/><V127/><F103/><W99/><G107/><T65/><D126/><U123/><E92/><V104/><F104/><W118/><G118/><T133/><D133/><U67/><E67/><V91/><F122/><W78/><G78/><T89/><D57/><U46/><E37/><V87/><F127/><W93/><G68/><T105/><D65/><U5/><E5/><V121/><F121/><W32/><G32/><T48/><D48/><U75/><E123/><V51/><F87/><W86/><G86/><T6/><D6/><U64/><E64/><V29/><REACH who="2" step="1"/><F59/><REACH who="2" ten="353,263,240,134" step="2"/><W54/><G132/><T77/><D105/><U79/><E111/><V39/><F39/><W60/><G99/><T0/><D0/><U14/><E109/><V35/><F35/><W66/><G66/><T41/><D34/><U42/><E42/><V69/><F69/><W44/><G43/><T10/><D41/><U25/><E25/><V38/><F38/><W95/><G96/><T119/><D98/><U72/><E72/><V3/><F3/><W120/><G120/><T8/><D26/><U102/><E102/><V4/><F4/><W134/><G134/><T36/><D36/><U12/><E12/><V130/><F130/><W106/><G106/><T13/><D119/><U28/><E24/><V19/><F19/><N who="1" m="7241" /><E14/><V33/><F33/><W97/><G40/><T90/><D128/><U11/><E11/><AGARI ba="0,1" hai="7,11,15,23,27,29,49,50,51,82,84,91,112,115" machi="11" ten="40,5200,0" yaku="1,1,6,1,52,1,53,0" doraHai="76" doraHaiUra="56" who="2" fromWho="1" sc="353,0,263,-52,240,62,134,0" /><INIT seed="2,0,0,4,0,84" ten="353,211,302,134" oya="2" hai0="52,74,37,103,113,42,73,82,80,96,21,119,78" hai1="133,14,60,79,33,6,0,13,108,57,109,54,111" hai2="7,44,124,125,87,11,8,50,97,98,17,45,110" hai3="85,48,95,10,115,99,89,5,75,51,67,135,28"/><V105/><F110/><W134/><G75/><T19/><D113/><U56/><E33/><V88/><F17/><W64/><G115/><T49/><D119/><U104/><E104/><V86/><F105/><W27/><G67/><T26/><D42/><U18/><E133/><V59/><F59/><W130/><G64/><T129/><D37/><U126/><E126/><N who="2" m="48747" /><F86/><W68/><G68/><T40/><D40/><U31/><E31/><V127/><F8/><W70/><G70/><T121/><D129/><U41/><E18/><V43/><N who="2" m="48755" /><V77/><DORA hai="9" /><F77/><W38/><G38/><T30/><D121/><U25/><E79/><V122/><F45/><W3/><G130/><T81/><D74/><U101/><E57/><V106/><F106/><W24/><G24/><T72/><D73/><U116/><E25/><V92/><F122/><W65/><G65/><T71/><D71/><U20/><E116/><V55/><F43/><W76/><G135/><T114/><D114/><U128/><E41/><V32/><F32/><W102/><G76/><T90/><D19/><N who="1" m="10359" /><E128/><V39/><F39/><W112/><G112/><T132/><D132/><U35/><E35/><V53/><F55/><W61/><G61/><T94/><D72/><U29/><E29/><V69/><F69/><W93/><REACH who="3" step="1"/><G134/><REACH who="3" ten="353,211,302,124" step="2"/><T34/><D78/><U4/><E108/><V107/><F107/><W62/><G62/><T36/><D36/><U63/><E109/><V123/><F123/><W58/><G58/><N who="0" m="33039" /><D34/><AGARI ba="0,1" hai="3,5,10,27,28,34,48,51,85,89,93,95,99,102" machi="34" ten="30,8000,1" yaku="1,1,7,1,52,1,53,2" doraHai="84,9" doraHaiUra="47,120" who="3" fromWho="0" sc="353,-80,211,0,302,0,124,90" /><INIT seed="3,0,0,5,1,76" ten="273,211,302,214" oya="3" hai0="39,75,131,60,19,24,42,58,85,48,123,115,114" hai1="55,116,17,12,67,50,20,125,86,27,66,117,111" hai2="113,25,9,107,90,59,13,45,78,14,112,2,88" hai3="87,71,101,26,47,5,51,31,65,104,97,30,49"/><W103/><G103/><T33/><D75/><U0/><E0/><V92/><F107/><W11/><G31/><T77/><D123/><U56/><E111/><V61/><F2/><W105/><G105/><T98/><D39/><U81/><E125/><V119/><F119/><N who="1" m="45641" /><E27/><V54/><F25/><W46/><G51/><T4/><D4/><U132/><E132/><V72/><F45/><W73/><G73/><T128/><D98/><U84/><E84/><V32/><F32/><W41/><G47/><N who="0" m="25719" /><D77/><AGARI ba="0,0" hai="12,17,20,50,55,56,66,67,77,81,86" m="45641" machi="77" ten="30,2000,0" yaku="12,1,52,1" doraHai="76" who="1" fromWho="0" sc="273,-20,211,20,302,0,214,0" /><INIT seed="4,0,0,2,5,42" ten="253,231,302,214" oya="0" hai0="26,116,123,47,85,98,35,120,58,105,117,91,71" hai1="38,83,115,27,80,114,86,15,106,40,112,37,11" hai2="5,0,82,36,55,20,133,21,1,18,100,78,59" hai3="56,81,125,19,111,63,68,54,118,13,131,74,93"/><T75/><D71/><U88/><E106/><V33/><F33/><W130/><G111/><T92/><D58/><U128/><E128/><V76/><F133/><W46/><G118/><N who="0" m="45675" /><D47/><N who="1" m="23951" /><E27/><V124/><F124/><W95/><G125/><T84/><D26/><U121/><E121/><N who="0" m="46665" /><D35/><U109/><E109/><V72/><F100/><W122/><G122/><T103/><D75/><U12/><E38/><V51/><F36/><W69/><G69/><T44/><D44/><U34/><E34/><V77/><F20/><W96/><G68/><T134/><D134/><U7/><E80/><V73/><F73/><W101/><G46/><T23/><D23/><U113/><N who="1" m="28672" /><DORA hai="4" /><U70/><E70/><V87/><F72/><W89/><G74/><T28/><D28/><U41/><E41/><V45/><F59/><W25/><G25/><T99/><AGARI ba="0,0" hai="84,85,91,92,98,99,103,105" m="46665,45675" machi="99" ten="40,3900,0" yaku="34,2" doraHai="42,4" who="0" fromWho="0" sc="253,39,231,-13,302,-13,214,-13" /><INIT seed="4,1,0,1,2,41" ten="292,218,289,201" oya="0" hai0="88,1,78,18,77,2,5,108,129,69,36,6,21" hai1="73,96,15,32,103,101,29,102,132,35,14,34,20" hai2="64,33,106,134,61,114,52,80,71,10,93,66,125" hai3="59,107,48,62,133,91,42,81,24,127,12,83,22"/><T7/><D69/><U55/><E73/><V94/><F106/><W131/><G127/><T82/><D36/><U99/><E132/><V97/><F33/><W56/><G133/><T117/><D117/><U112/><E112/><V49/><F134/><W113/><G107/><T95/><D129/><U4/><E55/><V8/><F114/><W44/><G113/><T70/><D70/><U63/><E63/><V9/><F125/><W65/><G131/><T86/><D108/><U43/><E43/><V120/><F120/><W109/><G12/><T115/><D78/><U40/><E40/><V25/><F66/><W128/><G109/><T84/><REACH who="0" step="1"/><D115/><REACH who="0" ten="282,218,289,201" step="2"/><U46/><E34/><V31/><F71/><W19/><G128/><T37/><D37/><U38/><E38/><V17/><F8/><W90/><G59/><T85/><D85/><U26/><E35/><V100/><F9/><W104/><G104/><T92/><D92/><U110/><E32/><V111/><F93/><W130/><G130/><T123/><D123/><U122/><E110/><V116/><F111/><W75/><G75/><T89/><D89/><AGARI ba="1,1" hai="19,22,24,42,44,48,56,62,65,81,83,89,90,91" machi="89" ten="40,2600,0" yaku="8,1,52,1" doraHai="41" who="3" fromWho="0" sc="282,-29,218,0,289,0,201,39" /><INIT seed="5,0,0,3,3,29" ten="253,218,289,240" oya="1" hai0="17,63,11,83,28,106,84,46,34,44,22,38,13" hai1="45,73,23,66,32,100,15,121,18,37,5,88,94" hai2="105,125,69,103,47,31,98,3,77,74,65,111,55" hai3="24,85,30,20,132,122,2,81,124,78,91,12,104"/><U71/><E121/><V123/><F111/><W109/><G109/><T49/><D106/><U113/><E113/><V26/><F55/><W116/><G122/><T62/><D38/><U92/><E73/><V126/><F47/><W64/><G2/><T120/><D34/><U130/><E130/><V115/><F3/><W8/><G132/><T76/><D46/><U57/><E71/><V114/><F77/><W43/><G124/><N who="2" m="47721" /><F74/><W110/><G104/><T134/><D134/><U89/><E32/><N who="2" m="20599" /><F123/><W86/><G116/><T117/><D117/><U4/><E37/><V107/><F107/><W58/><G43/><T119/><D119/><U128/><E45/><V9/><F9/><W21/><G21/><T75/><D75/><U27/><E128/><V54/><F54/><W50/><G50/><T36/><D36/><U133/><E133/><V68/><F68/><W6/><G110/><T7/><D28/><U87/><E15/><V48/><F48/><W16/><G30/><T93/><D120/><U101/><E66/><V99/><F99/><W108/><G108/><T1/><REACH who="0" step="1"/><D93/><REACH who="0" ten="243,218,289,240" step="2"/><U10/><E92/><V112/><F112/><W61/><REACH who="3" step="1"/><G86/><REACH who="3" ten="243,218,289,230" step="2"/><T82/><D82/><U14/><E87/><V79/><F114/><W52/><G52/><AGARI ba="0,2" hai="1,7,11,13,17,22,44,49,52,62,63,76,83,84" machi="52" ten="30,7700,0" yaku="1,1,7,1,54,1,53,1" doraHai="29" doraHaiUra="0" who="0" fromWho="3" sc="243,97,218,0,289,0,230,-77" /><INIT seed="6,0,0,1,0,128" ten="340,218,289,153" oya="2" hai0="54,106,130,131,85,78,44,71,125,81,13,114,102" hai1="46,52,16,57,42,40,135,45,117,7,116,129,22" hai2="34,86,118,0,41,49,48,27,74,104,134,83,123" hai3="69,2,35,36,37,120,63,105,99,26,98,58,6"/><V115/><F118/><W64/><G58/><T132/><D71/><U93/><E129/><N who="0" m="49161" /><D132/><U87/><E117/><V14/><F0/><W76/><G76/><T25/><D114/><U126/><E7/><V59/><F123/><W82/><G82/><T17/><D25/><N who="1" m="14535" /><E126/><V38/><F104/><W108/><G99/><N who="0" m="61791" /><D54/><U62/><E116/><V68/><F68/><W15/><G15/><T39/><D125/><U77/><E135/><V65/><F115/><W103/><G108/><T24/><D24/><U107/><E107/><V84/><F134/><W109/><G109/><T32/><D32/><U100/><E77/><V29/><F34/><W79/><G79/><T60/><D60/><U75/><E75/><V91/><F74/><W70/><G70/><T51/><D51/><U88/><E100/><V10/><F48/><W119/><G120/><T72/><D44/><AGARI ba="0,0" hai="40,42,44,45,46,52,57,62,87,88,93" m="14535" machi="44" ten="30,7700,0" yaku="8,1,54,3" doraHai="128" who="1" fromWho="0" sc="340,-77,218,77,289,0,153,0" /><INIT seed="7,0,0,2,4,3" ten="263,295,289,153" oya="3" hai0="33,126,100,106,49,44,57,110,65,119,55,58,99" hai1="59,12,32,70,90,115,133,48,28,22,31,10,4" hai2="61,74,16,14,17,27,60,107,53,64,6,38,69" hai3="11,104,45,52,135,29,77,98,102,56,96,122,83"/><W118/><G122/><T75/><D110/><U68/><E32/><V123/><F38/><W63/><G118/><T47/><D119/><U71/><E115/><V116/><F116/><W80/><G135/><T51/><D126/><U35/><E35/><V95/><F107/><W117/><G117/><T103/><D33/><U62/><E48/><V25/><F74/><W43/><G29/><T42/><D75/><U73/><E73/><V121/><F95/><W84/><G98/><T81/><D103/><U8/><E22/><N who="2" m="11543" /><F6/><W37/><G83/><T54/><D65/><U129/><E129/><V91/><F91/><W15/><G15/><T93/><D106/><U66/><E133/><V9/><F9/><W128/><REACH who="3" step="1"/><G11/><REACH who="3" ten="263,295,289,143" step="2"/><T34/><D81/><U21/><E10/><V39/><F123/><W87/><G87/><T113/><D113/><U67/><E28/><V46/><F121/><W108/><G108/><T72/><D72/><U85/><E31/><V94/><F25/><W125/><G125/><T20/><D34/><U82/><E21/><V2/><F27/><W92/><G92/><T120/><D120/><U130/><E130/><AGARI ba="0,1" hai="37,43,45,52,56,63,77,80,84,96,102,104,128,130" machi="130" ten="40,7700,0" yaku="1,1,54,1,53,1" doraHai="3" doraHaiUra="76" who="3" fromWho="1" sc="263,0,295,-77,289,0,143,87" /><INIT seed="7,1,0,1,3,55" ten="263,218,289,230" oya="3" hai0="96,103,64,11,65,132,39,49,66,116,26,35,25" hai1="14,63,106,79,95,57,13,60,54,94,67,85,78" hai2="125,53,86,82,6,76,135,12,102,131,123,34,69" hai3="77,73,126,101,23,22,121,112,122,7,30,92,59"/><W89/><G112/><T62/><D116/><U109/><E106/><V9/><F34/><W108/><G126/><T27/><D39/><U107/><E107/><V37/><F69/><W17/><G101/><T18/><D132/><U48/><E109/><V119/><F119/><W115/><G115/><T58/><D35/><U111/><E111/><V1/><F37/><W2/><G108/><T81/><D81/><N who="1" m="47295" /><E78/><V3/><F131/><W46/><G46/><T36/><D36/><U104/><E104/><V47/><F123/><W68/><G68/><T110/><D110/><U0/><E0/><V93/><F125/><W97/><G23/><T61/><D49/><U72/><E72/><V50/><F135/><W52/><G30/><T80/><D80/><U70/><E70/><V117/><F117/><W90/><G90/><T127/><D62/><N who="1" m="23595" /><E67/><V10/><F1/><W21/><G77/><T84/><D84/><U31/><E31/><V5/><F102/><W43/><G73/><T129/><D129/><U133/><E133/><V32/><F32/><W8/><G43/><T24/><D127/><U91/><E95/><V15/><F93/><W113/><G113/><T51/><D51/><U130/><E130/><V44/><F3/><W42/><G42/><T100/><N who="0" m="6144" /><DORA hai="38" /><T134/><D134/><U56/><E57/><AGARI ba="1,0" hai="5,6,9,10,12,15,44,47,50,53,57,76,82,86" machi="57" ten="30,7700,0" yaku="7,1,9,1,8,1,52,1" doraHai="55,38" who="2" fromWho="1" sc="263,0,218,-80,289,80,230,0" owari="263,6.3,138,-36.2,369,46.9,230,-17.0" /></mjloggm>