<mjloggm ver="2.3"><GO type="169" lobby="0"/><UN n0="%E7%9C%9F%E3%81%AE%E9%9B%80%E5%A3%AB%E3%81%86%E3%81%BE%E3%81%9F%E3%82%93" n1="%4D%75%64%46%6C%6F%77" n2="%4F%56%4F" n3="%E3%81%95%E3%82%84%E3%81%95%E3%82%84" dan="17,17,16,16" rate="2137.08,2209.63,2050.82,2122.73" sx="M,M,M,M"/><TAIKYOKU oya="0"/><INIT seed="0,0,0,0,2,74" ten="250,250,250,250" oya="0" hai0="11,12,93,95,128,132,3,40,102,14,111,36,89" hai1="13,22,134,110,84,53,69,80,45,2,105,33,116" hai2="50,114,85,20,92,83,9,87,48,79,63,78,28" hai3="115,0,96,7,37,131,121,23,31,16,98,106,82"/><T59/><D3/><U42/><E33/><V34/><F34/><W58/><G115/><T127/><D128/><U32/><E32/><V103/><F114/><W38/><G131/><T60/><D132/><U64/><E105/><V73/><F9/><W29/><G121/><T104/><D104/><U70/><E2/><V130/><F130/><W44/><G106/><T124/><D111/><U122/><E116/><V41/><F73/><W17/><G58/><T81/><D81/><U1/><E1/><V49/><F63/><W67/><G67/><T46/><D102/><U68/><E110/><V6/><F6/><W77/><G44/><T51/><D36/><U35/><E35/><V61/><F61/><W55/><G55/><N who="0" m="33919" /><D89/><U97/><E134/><V21/><F41/><W43/><G43/><T19/><D14/><U15/><E70/><V118/><F118/><W26/><G0/><T65/><D65/><U86/><E68/><V135/><F135/><W27/><G7/><T72/><D72/><U91/><E69/><V129/><F129/><W100/><G100/><T54/><D40/><U88/><E64/><V108/><F108/><W24/><G38/><T5/><D5/><U39/><E122/><V75/><F75/><W18/><G37/><T56/><D56/><U10/><E42/><V123/><F123/><W4/><G4/><T117/><D117/><U119/><E119/><V101/><F101/><W30/><G23/><T57/><D57/><U76/><E22/><V90/><F103/><W94/><G94/><N who="0" m="35851" /><D46/><U126/><E39/><V120/><F120/><W25/><G25/><RYUUKYOKU ba="0,0" sc="250,15,250,-15,250,-15,250,15" hai0="11,12,19,51,54,124,127" hai3="16,17,18,24,26,27,29,30,31,77,82,96,98" /><INIT seed="0,1,0,4,2,42" ten="265,235,235,265" oya="0" hai0="48,132,83,33,5,75,31,44,68,25,43,123,53" hai1="101,13,50,69,80,105,36,23,114,90,91,22,76" hai2="74,61,133,77,2,47,4,56,6,95,57,128,110" hai3="65,71,121,112,94,54,7,63,116,98,49,39,102"/><T8/><D123/><U19/><E36/><V109/><F133/><W117/><G112/><T30/><D132/><U18/><E69/><V51/><F128/><W103/><G121/><T12/><D68/><U41/><E114/><V24/><F77/><W84/><G39/><T113/><D31/><U104/><E101/><V87/><F74/><W88/><G7/><T122/><D122/><U134/><E134/><V59/><F61/><W70/><G70/><T72/><D113/><U9/><E9/><V115/><F115/><W15/><G103/><T17/><D83/><U10/><E10/><V29/><F87/><W125/><G15/><T26/><D26/><U97/><E97/><V52/><F95/><W106/><REACH who="3" step="1"/><G125/><REACH who="3" ten="265,235,235,255" step="2"/><T60/><REACH who="0" step="1"/><D5/><REACH who="0" ten="255,235,235,255" step="2"/><U16/><E80/><V3/><F6/><W37/><G37/><T111/><D111/><N who="2" m="42506" /><F4/><W0/><G0/><T130/><D130/><U118/><E13/><V55/><F2/><W78/><G78/><T62/><D62/><U20/><E76/><V107/><F3/><W86/><G86/><T124/><D124/><U85/><E85/><V82/><F82/><W108/><G108/><T129/><D129/><U96/><E96/><V93/><F24/><W67/><G67/><T14/><D14/><U135/><E135/><V58/><F29/><W99/><G99/><T35/><D35/><U120/><E120/><V64/><F64/><W32/><G32/><T1/><D1/><U40/><E19/><V21/><F107/><W27/><G27/><T126/><D126/><U34/><E34/><V46/><F93/><W100/><G100/><RYUUKYOKU ba="1,2" sc="255,15,235,-15,235,-15,255,15" hai0="8,12,17,25,30,33,43,44,48,53,60,72,75" hai3="49,54,63,65,71,84,88,94,98,102,106,116,117" /><INIT seed="0,2,2,4,2,77" ten="270,220,220,270" oya="0" hai0="92,34,3,93,103,118,109,6,125,17,80,53,31" hai1="32,82,108,35,66,78,26,102,67,76,43,111,38" hai2="22,88,97,114,134,117,39,57,58,48,123,60,110" hai3="27,89,79,50,104,56,40,11,7,21,10,91,0"/><T126/><D118/><U68/><E102/><V131/><F114/><W127/><G104/><T113/><D113/><U23/><E76/><V90/><F123/><W37/><G127/><N who="0" m="48651" /><D109/><N who="1" m="42059" /><E43/><V54/><F110/><W20/><G37/><T112/><D112/><U94/><E94/><V70/><F70/><W81/><G10/><N who="0" m="2399" /><D103/><U128/><E38/><V51/><F117/><W45/><G56/><T65/><D65/><N who="1" m="24587" /><E128/><V19/><F39/><W41/><G41/><T25/><D53/><U59/><E59/><V129/><F134/><W86/><REACH who="3" step="1"/><G21/><REACH who="3" ten="270,220,220,260" step="2"/><T105/><D105/><U9/><E9/><V135/><F57/><W119/><G119/><T84/><D17/><AGARI ba="2,3" hai="0,7,11,17,20,27,40,45,50,79,81,86,89,91" machi="17" ten="30,7700,0" yaku="1,1,7,1,52,1,53,1" doraHai="77" doraHaiUra="44" who="3" fromWho="0" sc="270,-83,220,0,220,0,260,113" /><INIT seed="1,0,0,3,3,33" ten="187,220,220,373" oya="1" hai0="132,50,38,80,131,35,90,7,126,26,108,98,61" hai1="83,135,6,37,41,123,79,69,31,120,115,34,3" hai2="94,99,125,116,81,8,42,113,36,124,21,13,47" hai3="10,59,129,122,57,58,54,134,77,119,12,23,51"/><U112/><E69/><V14/><F116/><W95/><G122/><T30/><D38/><U68/><E68/><V85/><F21/><W1/><G119/><T76/><D108/><U46/><E135/><V18/><F13/><W2/><G134/><T84/><D132/><U104/><E104/><V62/><F62/><W19/><G129/><T102/><D126/><U63/><E63/><V101/><REACH who="2" step="1"/><F113/><REACH who="2" ten="187,220,210,373" step="2"/><W39/><G23/><T64/><D131/><U87/><E112/><V11/><F11/><W55/><G10/><T44/><D61/><U4/><E115/><V53/><F53/><W105/><G12/><T82/><D35/><U24/><E6/><V65/><F65/><W22/><G54/><T9/><D7/><U91/><E4/><V71/><F71/><W45/><G22/><T103/><D9/><U127/><E127/><V78/><AGARI ba="0,1" hai="8,14,18,36,42,47,78,81,85,94,99,101,124,125" machi="78" ten="30,2000,0" yaku="1,1,0,1,53,0" doraHai="33" doraHaiUra="128" who="2" fromWho="2" sc="187,-5,220,-10,210,30,373,-5" /><INIT seed="2,0,0,0,5,14" ten="182,210,240,368" oya="2" hai0="78,53,20,57,114,23,32,54,119,109,41,51,44" hai1="38,135,96,13,121,33,22,0,77,72,87,19,63" hai2="61,111,84,127,60,68,129,43,3,29,30,12,94" hai3="66,82,116,75,86,98,107,117,39,2,99,88,4"/><V95/><F3/><W92/><G39/><T125/><D114/><U93/><E38/><V62/><F129/><W11/><G66/><T42/><D32/><U71/><E0/><V73/><F73/><W91/><G2/><T6/><D109/><U101/><E135/><V131/><F131/><W124/><G11/><T24/><D125/><U100/><E33/><V133/><F127/><W112/><G4/><T110/><D6/><U104/><E121/><V40/><F133/><W27/><G27/><T132/><D119/><N who="3" m="45641" /><G124/><T65/><D65/><U34/><E34/><V45/><F68/><W130/><G112/><T80/><D23/><U76/><E63/><V28/><F111/><W122/><G122/><T17/><D110/><U55/><E55/><V81/><F12/><W102/><G75/><T52/><D132/><U8/><E71/><V64/><F64/><W59/><G59/><T103/><D103/><U108/><E101/><V74/><F74/><W83/><G83/><T120/><D120/><U25/><E72/><V70/><F70/><W9/><G9/><T58/><REACH who="0" step="1"/><D42/><REACH who="0" ten="172,210,240,368" step="2"/><U47/><E108/><V21/><F21/><W90/><G130/><T16/><D16/><U126/><E126/><V46/><F40/><W79/><AGARI ba="0,1" hai="79,82,86,88,90,91,92,98,99,102,107" m="45641" machi="79" ten="30,4000,0" yaku="34,2,54,1" doraHai="14" who="3" fromWho="3" sc="172,-10,210,-10,240,-20,368,50" /><INIT seed="3,0,0,3,3,78" ten="162,200,220,418" oya="3" hai0="63,93,11,115,86,45,37,84,123,41,122,121,96" hai1="53,21,60,57,51,127,48,19,111,97,46,17,83" hai2="90,6,24,56,70,126,94,87,80,91,34,114,101" hai3="88,108,12,9,79,40,75,8,62,4,117,38,82"/><W36/><G117/><T65/><D11/><U106/><E111/><V29/><F114/><W42/><G108/><T81/><D115/><U55/><E127/><V107/><F70/><W135/><G135/><T98/><D93/><U132/><E132/><V14/><F126/><W23/><G62/><T68/><REACH who="0" step="1"/><D86/><REACH who="0" ten="152,200,220,418" step="2"/><U2/><E106/><V112/><F112/><W50/><G38/><T1/><D1/><U74/><E2/><V18/><F107/><W67/><G36/><T73/><D73/><U124/><E124/><V118/><F118/><W133/><G133/><T128/><D128/><U3/><E3/><V71/><F94/><W0/><G67/><T15/><D15/><U49/><E97/><V25/><F14/><W72/><G72/><T54/><D54/><U52/><E55/><V32/><F87/><N who="3" m="50295" /><G0/><T129/><D129/><U30/><E74/><V47/><F101/><W125/><G125/><T77/><AGARI ba="0,1" hai="37,41,45,63,65,68,77,81,84,96,98,121,122,123" machi="77" ten="30,4000,0" yaku="1,1,0,1,52,1,53,0" doraHai="78" doraHaiUra="120" who="0" fromWho="0" sc="152,50,200,-10,220,-10,418,-20" /><INIT seed="4,0,0,1,0,55" ten="202,190,210,398" oya="0" hai0="52,96,37,100,122,133,90,118,31,21,76,102,69" hai1="83,103,116,2,107,25,4,105,51,111,101,57,117" hai2="36,24,86,34,130,104,18,106,33,72,45,47,87" hai3="44,38,84,30,58,14,88,97,110,128,113,13,26"/><T3/><D118/><U135/><E111/><V46/><F72/><W112/><G110/><T9/><D122/><U39/><E39/><V129/><F36/><W67/><G97/><T126/><D69/><U43/><E2/><V82/><F18/><W1/><G1/><T114/><D37/><U80/><E4/><V40/><F40/><N who="3" m="22551" /><G58/><T68/><D68/><U108/><E108/><V48/><F24/><W94/><G67/><T70/><D70/><U64/><E64/><V0/><F48/><W91/><G91/><T74/><D74/><U59/><E51/><V127/><F127/><W19/><G19/><T41/><D3/><U109/><E109/><V98/><F98/><W124/><G124/><T63/><D126/><U12/><E25/><V73/><F73/><W81/><G81/><T17/><D96/><U50/><E50/><V119/><F0/><W5/><G5/><T89/><D17/><U93/><E93/><V95/><F95/><W7/><G7/><T75/><D75/><U32/><E12/><V8/><F8/><W22/><G128/><N who="2" m="49257" /><F119/><W92/><G92/><T11/><D9/><U29/><E43/><V54/><F54/><W65/><G65/><T85/><D41/><U27/><E27/><V62/><F62/><W71/><G71/><T123/><D63/><U6/><E6/><V42/><F42/><W115/><AGARI ba="0,0" hai="13,14,22,26,30,84,88,94,112,113,115" m="22551" machi="115" ten="30,2000,0" yaku="15,1,54,1" doraHai="55" who="3" fromWho="3" sc="202,-10,190,-5,210,-5,398,20" /><INIT seed="5,0,0,0,1,132" ten="192,185,205,418" oya="1" hai0="41,9,124,87,47,131,65,46,68,43,126,130,28" hai1="30,18,61,24,44,64,40,56,26,123,78,92,37" hai2="106,76,108,55,19,135,42,39,94,53,114,100,50" hai3="120,45,27,5,25,31,10,72,104,127,83,29,118"/><U69/><E123/><V110/><F106/><W122/><G118/><T97/><D28/><U91/><E78/><V89/><F100/><W81/><G104/><T116/><D116/><U38/><E38/><V119/><F76/><W84/><G72/><T93/><D87/><U129/><E129/><N who="0" m="49161" /><D9/><U86/><E18/><V90/><F119/><W16/><G45/><N who="0" m="16907" /><D65/><U95/><E95/><V109/><F135/><W121/><G84/><T134/><D68/><U133/><E133/><V103/><F109/><W99/><G99/><T58/><D58/><U107/><E107/><V8/><F110/><W57/><G57/><T125/><D134/><U98/><E86/><V49/><F108/><W60/><G60/><T32/><D32/><U6/><E6/><V54/><F8/><W82/><G5/><T80/><D80/><U70/><REACH who="1" step="1"/><E26/><REACH who="1" ten="192,175,205,418" step="2"/><V75/><F39/><W1/><G16/><T14/><D14/><U17/><E17/><V74/><F19/><W62/><G25/><T51/><D51/><U13/><E13/><V4/><F49/><W85/><G27/><T102/><AGARI ba="0,1" hai="41,43,93,97,102,124,125,126" m="16907,49161" machi="102" ten="40,8000,1" yaku="18,1,19,1,52,3" doraHai="132" who="0" fromWho="0" sc="192,90,175,-40,205,-20,418,-20" /><INIT seed="6,0,0,4,3,120" ten="282,135,185,398" oya="2" hai0="107,51,37,121,56,46,85,16,66,90,9,58,7" hai1="131,38,113,106,49,13,62,18,122,14,77,116,118" hai2="123,79,74,76,45,129,99,86,135,134,21,28,59" hai3="70,127,10,81,29,22,95,125,25,41,69,65,61"/><V108/><F123/><W112/><G70/><T43/><D121/><U117/><E122/><V111/><F74/><W5/><G41/><T0/><D107/><U20/><E38/><V101/><F129/><W35/><G95/><T33/><D33/><U119/><E106/><V89/><F59/><W109/><G22/><T4/><D4/><U73/><N who="1" m="29696" /><DORA hai="23" /><U96/><E131/><V48/><F21/><W110/><G81/><T12/><D66/><U19/><E113/><V132/><F28/><W50/><G50/><T39/><D39/><U83/><E96/><V42/><F89/><W93/><G93/><T91/><D37/><U6/><E6/><V1/><F1/><N who="3" m="303" /><G112/><T11/><REACH who="0" step="1"/><D91/><REACH who="0" ten="272,135,185,398" step="2"/><U130/><E130/><V115/><F115/><W3/><G3/><T97/><D97/><U17/><E14/><V126/><F126/><AGARI ba="0,1" hai="25,29,35,61,65,69,109,110,125,126,127" m="303" machi="126" ten="30,8000,1" yaku="18,1,23,1,52,3" doraHai="120,23" who="3" fromWho="2" sc="272,0,135,0,185,-80,398,90" /><INIT seed="7,0,0,2,3,73" ten="272,135,105,488" oya="3" hai0="46,25,20,11,57,105,104,55,110,85,54,6,48" hai1="21,49,31,65,39,1,2,38,71,56,61,41,83" hai2="111,130,124,42,18,29,79,128,59,127,47,88,106" hai3="99,108,45,12,119,13,117,101,129,93,19,112,4"/><W51/><G112/><T114/><D85/><U7/><E7/><V102/><F111/><W24/><G108/><T35/><D35/><U98/><E98/><N who="2" m="61783" /><F29/><W50/><G129/><N who="2" m="49769" /><F59/><W97/><G24/><T133/><D133/><U68/><E68/><V32/><F32/><W80/><G4/><T125/><D125/><N who="2" m="48202" /><F18/><W26/><G97/><T3/><D54/><N who="1" m="31823" /><E39/><N who="2" m="21983" /><F88/><W10/><G119/><T8/><D3/><U90/><E90/><V82/><F82/><W30/><G117/><T74/><D114/><U116/><E83/><V94/><F94/><W60/><G60/><T17/><D74/><U81/><E81/><V52/><F52/><W87/><G45/><T14/><D104/><U118/><E118/><V63/><F63/><W76/><G13/><T22/><D105/><U131/><E131/><V122/><F79/><W95/><G95/><T44/><D110/><U70/><E116/><V100/><F100/><W77/><G76/><T27/><D6/><U67/><E31/><V69/><F69/><W33/><REACH who="3" step="1"/><G33/><REACH who="3" ten="272,135,105,478" step="2"/><T9/><REACH who="0" step="1"/><D14/><REACH who="0" ten="262,135,105,478" step="2"/><U23/><E1/><V62/><F62/><W126/><G126/><T107/><D107/><U66/><E2/><V28/><F28/><AGARI ba="0,2" hai="8,9,11,17,20,22,25,27,28,44,46,48,55,57" machi="28" ten="40,2600,0" yaku="1,1,8,1,53,0" doraHai="73" doraHaiUra="72" who="0" fromWho="2" sc="262,46,135,0,105,-26,478,0" owari="308,10.8,135,-26.5,79,-42.1,478,57.8" /></mjloggm>