<mjloggm ver="2.3"><GO type="169" lobby="0"/><UN n0="%E9%95%B7%E5%B2%A1" n1="%E6%99%AE%E8%B3%A2" n2="%E3%81%97%E3%82%89%E3%81%99%EF%BC%A1" n3="%70%61%77%61" dan="16,16,16,18" rate="2134.95,2089.33,2103.30,2304.91" sx="M,F,M,M"/><TAIKYOKU oya="0"/><INIT seed="0,0,0,2,2,4" ten="250,250,250,250" oya="0" hai0="126,114,60,63,51,108,68,6,135,94,23,59,81" hai1="0,52,123,29,26,57,46,88,95,19,111,130,47" hai2="42,18,53,58,56,120,118,65,35,105,62,103,124" hai3="90,45,74,82,132,89,1,40,91,102,38,39,104"/><T117/><D114/><U99/><E123/><V100/><F120/><W109/><G109/><T127/><D117/><U22/><E111/><V87/><F124/><N who="0" m="47658" /><D108/><U107/><E130/><V43/><F35/><W30/><G132/><T72/><D135/><U129/><E129/><V13/><F118/><W98/><G30/><T5/><D94/><U77/><E77/><V86/><F105/><W93/><G1/><T122/><D122/><U44/><E0/><V101/><F43/><W21/><G21/><T8/><D23/><U34/><E107/><V76/><F42/><W27/><G27/><T110/><D110/><U78/><E78/><V106/><F76/><N who="3" m="44311" /><G39/><T80/><D72/><U92/><E92/><V49/><REACH who="2" step="1"/><F106/><REACH who="2" ten="250,250,240,250" step="2"/><W71/><G71/><T84/><D68/><U54/><REACH who="1" step="1"/><E57/><REACH who="1" ten="250,240,240,250" step="2"/><V10/><AGARI ba="0,2" hai="10,13,18,49,53,56,58,62,65,86,87,100,101,103" machi="10" ten="30,8000,1" yaku="1,1,2,1,0,1,8,1,52,1,53,0" doraHai="4" doraHaiUra="67" who="2" fromWho="2" sc="250,-40,240,-20,240,100,250,-20" /><INIT seed="1,0,0,0,2,32" ten="210,220,340,230" oya="1" hai0="27,6,103,99,37,35,63,116,84,125,8,104,0" hai1="31,15,5,64,68,26,1,20,122,28,134,71,113" hai2="87,65,57,108,18,96,53,38,2,74,92,94,83" hai3="97,19,7,24,130,48,118,101,110,126,89,56,123"/><U9/><E113/><V86/><F38/><W98/><G123/><T12/><D125/><U51/><E122/><V14/><F65/><W4/><G126/><T76/><D116/><U45/><E134/><V52/><F2/><W111/><G130/><T73/><D84/><U30/><E15/><V133/><F108/><N who="3" m="41515" /><G118/><T105/><D12/><U67/><E67/><V41/><F41/><W66/><G89/><T54/><D37/><U55/><REACH who="1" step="1"/><E64/><REACH who="1" ten="210,210,340,230" step="2"/><V127/><F14/><W132/><G66/><T70/><D70/><AGARI ba="0,1" hai="1,5,9,20,26,28,30,31,45,51,55,68,70,71" machi="70" ten="40,7700,0" yaku="1,1,2,1,52,1,53,0" doraHai="32" doraHaiUra="62" who="1" fromWho="0" sc="210,-77,210,87,340,0,230,0" /><INIT seed="1,1,0,3,5,135" ten="133,297,340,230" oya="1" hai0="22,107,133,23,126,64,33,58,95,38,87,79,77" hai1="3,45,88,75,21,7,103,30,59,132,81,131,6" hai2="19,1,29,62,78,2,72,28,37,74,83,89,86" hai3="56,98,122,9,94,34,68,108,113,115,127,55,129"/><U104/><E132/><V85/><F37/><W11/><G122/><T118/><D107/><U80/><E131/><V41/><F41/><W124/><G68/><T8/><D33/><U17/><E30/><V26/><F19/><W134/><G34/><T71/><D133/><U101/><E45/><V102/><F102/><N who="3" m="60759" /><G134/><T31/><D38/><U10/><E6/><V109/><F109/><W36/><G36/><T67/><D118/><U51/><E104/><V97/><F97/><W13/><G108/><T70/><D87/><U4/><E4/><V91/><F62/><N who="3" m="36127" /><G129/><T90/><D58/><U130/><E130/><V16/><F16/><N who="3" m="8239" /><G11/><T92/><D8/><U24/><E101/><V116/><F116/><W35/><G35/><T15/><D15/><U52/><E103/><V66/><F26/><W57/><G57/><T53/><D31/><U111/><E111/><V39/><F39/><W96/><G96/><T49/><D49/><U84/><E75/><V60/><F60/><W25/><G25/><T20/><D20/><U123/><E123/><V63/><F63/><W61/><G61/><T54/><REACH who="0" step="1"/><D126/><AGARI ba="1,0" hai="113,115,124,126,127" m="8239,36127,60759" machi="126" ten="30,8000,1" yaku="18,1,52,3,54,1" doraHai="135" who="3" fromWho="0" sc="133,-83,297,0,340,0,230,83" /><INIT seed="2,0,0,1,5,120" ten="50,297,340,313" oya="2" hai0="18,95,83,24,37,80,86,134,23,63,94,48,96" hai1="62,115,4,105,123,51,22,74,8,109,21,118,116" hai2="79,104,25,110,58,46,28,73,36,6,29,87,125" hai3="129,50,45,41,33,43,65,66,15,102,60,89,17"/><V126/><F73/><W11/><G129/><T2/><D37/><U67/><E74/><V19/><F104/><W12/><G33/><T75/><D2/><U20/><E105/><V112/><F112/><W117/><G117/><T1/><D1/><U68/><E123/><V77/><F6/><W119/><G119/><T124/><D124/><N who="2" m="47722" /><F19/><W106/><G106/><T130/><D130/><U132/><E115/><V0/><F0/><W103/><G43/><T38/><D38/><U16/><E132/><V93/><F58/><W85/><G15/><T57/><D134/><U72/><E72/><V71/><F71/><W99/><G99/><T131/><D131/><U9/><E4/><V52/><F36/><W61/><G61/><T47/><D75/><U135/><E135/><V127/><F29/><W91/><G91/><T107/><D107/><U101/><E101/><N who="3" m="38410" /><G60/><T113/><D113/><U30/><E30/><V59/><F46/><W56/><G56/><T111/><D96/><U78/><E118/><V121/><F121/><W31/><G31/><T69/><D69/><U55/><E116/><V81/><F79/><W44/><G45/><T100/><D100/><U97/><E78/><V7/><F127/><W98/><G98/><T70/><D70/><U108/><E97/><V49/><F93/><AGARI ba="0,0" hai="11,12,17,41,44,50,65,66,85,89,93" m="38410" machi="93" ten="30,1000,0" yaku="8,1" doraHai="120" who="3" fromWho="2" sc="50,0,297,0,340,-10,313,10" /><INIT seed="3,0,0,4,3,73" ten="50,297,330,323" oya="3" hai0="37,72,84,52,44,11,116,2,83,86,106,71,60" hai1="92,76,50,45,99,118,70,134,102,110,48,34,9" hai2="19,94,29,20,98,38,130,13,89,115,68,41,122" hai3="8,107,135,88,81,21,79,54,103,0,42,80,47"/><W67/><G135/><T90/><D116/><U111/><E134/><V78/><F115/><W46/><G67/><T120/><D120/><U17/><E118/><V77/><F68/><W30/><G107/><T4/><D106/><U35/><E70/><V121/><F130/><W75/><G103/><T24/><D24/><U63/><E63/><V74/><F74/><W132/><G132/><T87/><D72/><U6/><E17/><V97/><F98/><W12/><G0/><T69/><D69/><U39/><E39/><V23/><F29/><W59/><G21/><T32/><D32/><U129/><E129/><V100/><F20/><W66/><G66/><T36/><D36/><U18/><E18/><V61/><F61/><W119/><G30/><T127/><D127/><U57/><E57/><V10/><F23/><W105/><G105/><T62/><D62/><U33/><E76/><V22/><F22/><W114/><G42/><T108/><D108/><U64/><E64/><V51/><F38/><W7/><G114/><T126/><D126/><U55/><REACH who="1" step="1"/><E50/><REACH who="1" ten="50,287,330,323" step="2"/><V101/><F121/><W85/><G119/><T91/><D71/><U43/><E43/><V25/><F122/><W112/><G112/><T58/><D37/><U3/><AGARI ba="0,1" hai="3,6,9,33,34,35,45,48,55,92,99,102,110,111" machi="3" ten="40,5200,0" yaku="1,1,0,1,53,1" doraHai="73" doraHaiUra="40" who="1" fromWho="1" sc="50,-13,287,62,330,-13,323,-26" /><INIT seed="4,0,0,2,1,79" ten="37,349,317,297" oya="0" hai0="75,5,2,35,26,42,16,123,40,104,102,28,77" hai1="129,65,33,20,126,15,70,39,76,120,50,23,113" hai2="43,87,29,66,8,110,57,98,100,60,36,58,61" hai3="81,0,99,30,95,108,73,71,51,27,85,105,10"/><T93/><D123/><U116/><E120/><V72/><F110/><W12/><G108/><T11/><D104/><U7/><E116/><V59/><F72/><W128/><G128/><T80/><D102/><U92/><E33/><V89/><F29/><W112/><G71/><T14/><REACH who="0" step="1"/><D93/><REACH who="0" ten="27,349,317,297" step="2"/><U44/><E92/><V53/><F100/><W124/><G95/><T109/><D109/><U24/><E129/><V82/><F98/><W97/><G105/><T18/><D18/><U78/><E7/><V46/><REACH who="2" step="1"/><F8/><AGARI ba="0,1" hai="2,5,8,11,14,16,26,28,35,40,42,75,77,80" machi="8" ten="30,11600,0" yaku="1,1,7,1,52,1,54,1,53,0" doraHai="79" doraHaiUra="41" who="0" fromWho="2" sc="27,126,349,0,317,-116,297,0" /><INIT seed="4,1,0,1,5,126" ten="153,349,201,297" oya="0" hai0="25,98,10,109,55,42,2,62,111,46,122,131,124" hai1="29,47,53,75,80,121,31,27,135,23,26,0,51" hai2="5,67,58,134,44,120,106,49,93,91,83,38,79" hai3="127,66,107,97,116,65,39,118,129,64,125,48,128"/><T86/><D122/><U1/><E121/><V92/><F134/><W95/><G107/><T56/><D124/><N who="3" m="47689" /><G39/><T77/><D98/><U115/><E135/><V35/><F120/><W88/><G48/><T34/><D131/><AGARI ba="1,0" hai="64,65,66,88,95,97,116,118,128,129,131" m="47689" machi="131" ten="40,12000,2" yaku="19,1,18,1,52,3,54,1" doraHai="126" who="3" fromWho="0" sc="153,-123,349,0,201,0,297,123" /><INIT seed="5,0,0,0,0,73" ten="30,349,201,420" oya="1" hai0="112,96,81,19,95,130,83,60,122,129,46,12,30" hai1="71,2,49,15,5,41,98,109,57,91,123,4,100" hai2="20,124,133,36,93,8,79,101,47,80,0,37,29" hai3="86,26,7,38,118,28,134,111,24,6,44,119,105"/><U106/><E123/><V110/><F110/><W18/><G111/><T25/><D112/><U50/><E109/><V132/><F124/><W58/><G105/><T62/><D122/><U59/><E71/><V54/><F101/><W87/><G134/><N who="2" m="51817" /><F93/><W40/><G58/><T104/><D104/><U53/><E2/><V17/><F29/><W121/><G121/><T23/><D46/><U67/><E91/><V84/><F54/><W135/><G18/><T32/><D81/><U88/><E15/><N who="2" m="9279" /><F47/><W69/><G69/><T55/><D83/><U97/><E41/><V22/><F22/><N who="3" m="15383" /><G26/><T10/><D23/><U107/><E107/><V76/><F79/><W102/><G102/><T63/><REACH who="0" step="1"/><D55/><REACH who="0" ten="20,349,201,420" step="2"/><U27/><E106/><V114/><F114/><W128/><G135/><T89/><AGARI ba="0,1" hai="10,12,19,25,30,32,60,62,63,89,95,96,129,130" machi="89" ten="30,4000,0" yaku="1,1,2,1,0,1,53,0" doraHai="73" doraHaiUra="35" who="0" fromWho="0" sc="20,50,349,-20,201,-10,420,-10" /><INIT seed="6,0,0,4,3,100" ten="70,329,191,410" oya="2" hai0="105,103,93,11,49,128,1,70,76,125,36,3,101" hai1="28,69,107,67,60,45,97,29,86,50,134,35,34" hai2="9,108,23,98,6,99,91,122,39,95,65,120,13" hai3="132,56,116,133,77,38,73,66,51,119,94,30,118"/><V7/><F39/><W58/><G38/><T4/><D36/><U113/><E113/><V115/><F115/><W84/><G30/><T87/><D128/><U22/><E134/><N who="3" m="51818" /><G66/><T55/><D125/><U24/><E86/><V42/><F42/><W71/><G71/><T111/><D111/><U80/><E80/><V2/><F108/><W96/><G73/><T74/><D70/><U47/><E50/><V88/><F65/><W121/><G51/><T83/><D3/><U8/><E8/><V40/><F40/><W17/><G17/><T18/><D18/><U110/><E110/><V53/><F53/><W25/><G25/><T79/><D105/><U31/><E31/><V20/><F6/><W78/><G121/><T41/><D41/><U64/><E64/><V130/><F130/><W92/><G56/><T114/><D114/><U14/><E14/><V48/><F48/><W57/><G57/><T19/><D19/><U10/><E10/><V112/><F112/><W75/><G75/><T5/><D5/><U44/><REACH who="1" step="1"/><E29/><REACH who="1" ten="70,319,191,410" step="2"/><V61/><F13/><W33/><G84/><T37/><D37/><U82/><E82/><V26/><F61/><W12/><G12/><T59/><REACH who="0" step="1"/><D79/><REACH who="0" ten="60,319,191,410" step="2"/><U127/><E127/><V63/><F120/><W27/><G77/><T135/><D135/><U131/><E131/><V16/><F122/><W102/><G78/><T81/><D81/><U52/><E52/><V123/><F123/><W89/><G119/><T124/><D124/><U106/><E106/><V72/><F2/><W46/><G118/><T32/><D32/><U43/><E43/><RYUUKYOKU ba="0,2" sc="60,15,319,15,191,-15,410,-15" hai0="1,4,11,49,55,59,74,76,83,87,93,101,103" hai1="22,24,28,34,35,44,45,47,60,67,69,97,107" /><INIT seed="7,1,2,4,0,107" ten="75,334,176,395" oya="3" hai0="128,31,83,66,124,104,6,49,76,91,115,16,85" hai1="121,77,133,70,106,13,23,58,12,116,61,46,18" hai2="29,15,51,1,27,45,108,109,35,63,14,54,113" hai3="111,94,28,17,42,112,65,7,126,20,30,122,34"/><W68/><G122/><T79/><D128/><U53/><E121/><V39/><F1/><W64/><G34/><T110/><D110/><U123/><E123/><V9/><F39/><W119/><G119/><T59/><D124/><U8/><E116/><V84/><F113/><W2/><G112/><T90/><D115/><U52/><E133/><V73/><F73/><W98/><G126/><T96/><D31/><N who="3" m="11817" /><G2/><T93/><D6/><U32/><E32/><V78/><F14/><N who="3" m="9271" /><G68/><T74/><D104/><U100/><E70/><V50/><F63/><W4/><G42/><T43/><D43/><U3/><E3/><V33/><F33/><W37/><G37/><T26/><D74/><U57/><E46/><V92/><F51/><W48/><G48/><T102/><D102/><U62/><E77/><V105/><F78/><W36/><G36/><T130/><D130/><U24/><REACH who="1" step="1"/><E8/><REACH who="1" ten="75,324,176,395" step="2"/><V72/><F45/><W55/><G111/><T114/><D114/><U95/><E95/><V11/><F105/><W25/><G94/><T135/><D135/><U22/><E22/><V132/><F72/><W69/><G69/><T5/><D5/><U117/><E117/><V47/><F11/><W80/><G4/><T10/><D10/><U89/><E89/><N who="2" m="53287" /><F132/><W134/><G7/><T60/><REACH who="0" step="1"/><D49/><REACH who="0" ten="65,324,176,395" step="2"/><U88/><E88/><V82/><F109/><W86/><G134/><T56/><D56/><U125/><E125/><V129/><F108/><W38/><G38/><T103/><D103/><U75/><E75/><V101/><F101/><W87/><G80/><T118/><D118/><U131/><E131/><RYUUKYOKU ba="1,4" sc="65,15,324,15,176,-15,395,-15" hai0="16,26,59,60,66,76,79,83,85,90,91,93,96" hai1="12,13,18,23,24,52,53,57,58,61,62,100,106" owari="80,-42.0,339,13.9,161,-23.9,420,52.0" /></mjloggm>