<mjloggm ver="2.3"><GO type="169" lobby="0"/><UN n0="%50%6F%6F%48%65%3F" n1="%E8%B1%86%E3%83%80%E3%83%9E%E8%AD%A6%E5%AF%9F" n2="%E3%82%80%E3%82%89%E3%81%B3%E3%81%A8" n3="%E3%81%A8%E3%81%A3%E3%81%A8%E3%83%BC" dan="16,17,16,16" rate="2157.33,2191.58,2137.29,2088.23" sx="F,M,M,M"/><TAIKYOKU oya="0"/><INIT seed="0,0,0,5,0,97" ten="250,250,250,250" oya="0" hai0="22,100,98,87,114,99,131,92,20,19,43,118,120" hai1="133,25,102,109,90,62,40,116,4,61,70,24,68" hai2="65,11,91,82,107,3,60,81,64,36,124,129,128" hai3="30,69,32,89,50,28,53,71,95,35,51,74,79"/><T125/><D120/><U66/><E116/><V7/><F124/><W103/><G74/><T93/><D118/><U18/><E4/><V75/><F36/><W58/><G79/><T80/><D114/><U44/><E109/><V119/><F119/><W101/><G95/><T33/><D33/><U73/><E73/><V41/><F41/><W49/><G89/><T55/><D43/><U57/><E90/><V88/><F107/><W135/><G135/><T105/><D125/><U13/><E133/><V72/><F60/><W112/><G58/><T77/><D131/><U111/><E102/><N who="3" m="38922" /><G53/><T54/><D105/><U16/><E70/><N who="3" m="26634" /><G112/><T78/><D78/><U17/><E111/><V31/><F88/><W1/><G1/><T127/><D127/><U115/><E115/><V126/><F3/><W96/><G96/><T26/><D22/><U34/><E34/><AGARI ba="0,0" hai="28,30,32,34,35,49,50,51" m="26634,38922" machi="34" ten="40,8000,1" yaku="28,2,52,3" doraHai="97" who="3" fromWho="1" sc="250,0,250,-80,250,0,250,80" /><INIT seed="1,0,0,1,1,9" ten="250,170,250,330" oya="1" hai0="46,108,106,25,69,50,21,7,78,83,84,19,66" hai1="91,48,67,133,75,3,51,56,119,44,111,27,65" hai2="97,45,95,98,109,6,70,88,123,60,110,103,129" hai3="124,79,80,63,112,89,99,61,71,114,130,125,72"/><U120/><E3/><V43/><F123/><W57/><G130/><T39/><D39/><U0/><E0/><V96/><F129/><W32/><G32/><T26/><D106/><U37/><E75/><V121/><F121/><W107/><G71/><T52/><D108/><U54/><E120/><V34/><F34/><W64/><G61/><T131/><D131/><U58/><E119/><V86/><F6/><W14/><G89/><T85/><D7/><U132/><E27/><V81/><F60/><W38/><G38/><T102/><D102/><U105/><E91/><V31/><F31/><W92/><G92/><T93/><D66/><N who="1" m="25099" /><E105/><V24/><F24/><W55/><G64/><T20/><D69/><U36/><E111/><N who="2" m="42507" /><F70/><W115/><G99/><N who="2" m="37961" /><F45/><W28/><G28/><N who="0" m="17447" /><D93/><U127/><E127/><N who="3" m="48714" /><G107/><T13/><D26/><U5/><E5/><V49/><F49/><W17/><G115/><T33/><D33/><U1/><E1/><V30/><F30/><W62/><G62/><T11/><D85/><U94/><E94/><N who="2" m="58839" /><F43/><W122/><G122/><T29/><D29/><U12/><E36/><V4/><F4/><W47/><G47/><T40/><D40/><N who="1" m="24583" /><E37/><V128/><F128/><W126/><G126/><T59/><D46/><U53/><E12/><V15/><F15/><W101/><G101/><T116/><D116/><U100/><E100/><V41/><F41/><W104/><G104/><T2/><D2/><U73/><E51/><V87/><F87/><W74/><G74/><T135/><D21/><AGARI ba="0,0" hai="14,17,21,55,57,63,72,79,80,112,114" m="48714" machi="21" ten="30,2000,0" yaku="18,1,52,1" doraHai="9" who="3" fromWho="0" sc="250,-20,170,0,250,0,330,20" /><INIT seed="2,0,0,4,3,115" ten="230,170,250,350" oya="2" hai0="23,32,2,51,96,10,12,80,74,94,28,117,29" hai1="70,82,65,132,26,13,40,35,83,98,135,52,127" hai2="59,91,113,68,15,92,55,24,14,48,119,8,27" hai3="85,6,124,109,129,63,37,131,30,116,38,45,39"/><V16/><F113/><W22/><G109/><T93/><D117/><U112/><E112/><V44/><F68/><W46/><G6/><T3/><D32/><U72/><E127/><V90/><F119/><W56/><G116/><T95/><D96/><U89/><E40/><V123/><F123/><W125/><G85/><T34/><D34/><U60/><E72/><V20/><F44/><N who="3" m="17003" /><G22/><T87/><D74/><U118/><E118/><V62/><F62/><W57/><G30/><T67/><D67/><U54/><E83/><V58/><F58/><N who="3" m="22635" /><G63/><T81/><D51/><U43/><E43/><V11/><F91/><W99/><G99/><T64/><D64/><U107/><E82/><V97/><REACH who="2" step="1"/><F20/><REACH who="2" ten="230,170,240,350" step="2"/><W111/><G111/><T79/><D23/><U126/><E89/><V103/><F103/><W120/><G120/><T75/><D28/><N who="1" m="19863" /><E126/><AGARI ba="0,1" hai="37,38,39,124,125,126,129,131" m="22635,17003" machi="126" ten="40,8000,1" yaku="28,2,18,1,34,2" doraHai="115" who="3" fromWho="1" sc="230,0,170,-80,240,0,350,90" /><INIT seed="3,0,0,5,4,99" ten="230,90,240,440" oya="3" hai0="118,25,96,98,22,127,82,14,65,56,100,93,113" hai1="7,0,107,115,105,36,64,48,52,112,55,53,62" hai2="49,73,124,128,80,74,126,121,28,4,18,16,29" hai3="17,103,66,90,47,8,116,131,32,72,11,41,95"/><W54/><G72/><N who="2" m="27753" /><F49/><W69/><G32/><T9/><D118/><U133/><E7/><V37/><F80/><W101/><G116/><T26/><D127/><N who="2" m="48682" /><F4/><W86/><G131/><T125/><D125/><U76/><E0/><V1/><F1/><W71/><G54/><T45/><D113/><U57/><E76/><V13/><F13/><W89/><G71/><T117/><D117/><U44/><E107/><V5/><F5/><W109/><G109/><T120/><D120/><U61/><E105/><V78/><F78/><W81/><G69/><T91/><D45/><U33/><E33/><V51/><F51/><N who="3" m="27119" /><G66/><T129/><D129/><U94/><E94/><V104/><F104/><W102/><G17/><N who="2" m="6761" /><F37/><W15/><G15/><T111/><D82/><U10/><E10/><V83/><F83/><W50/><G50/><T60/><D111/><U6/><E6/><V134/><F128/><W39/><G39/><T12/><D9/><U108/><E108/><V63/><F63/><W114/><G114/><T79/><D79/><U77/><E77/><V42/><F42/><W21/><G21/><T122/><D122/><U2/><E2/><V68/><F68/><W59/><G59/><T31/><D26/><U130/><E130/><V88/><F121/><W30/><G30/><N who="2" m="11881" /><F134/><W119/><G119/><T43/><REACH who="0" step="1"/><D43/><REACH who="0" ten="220,90,240,440" step="2"/><N who="1" m="22631" /><E133/><V35/><F35/><W132/><G132/><T58/><D58/><N who="1" m="33031" /><E53/><V20/><F20/><W40/><G40/><T67/><D67/><U97/><E97/><AGARI ba="0,1" hai="8,11,81,86,89,90,95,97,101,102,103" m="27119" machi="97" ten="30,11600,0" yaku="8,1,52,3" doraHai="99" who="3" fromWho="1" sc="220,0,90,-116,240,0,440,126" owari="220,-18.0,-26,-52.6,240,4.0,566,66.6" /></mjloggm>