<mjloggm ver="2.3"><GO type="169" lobby="0"/><UN n0="%E6%AD%A6" n1="%E5%B9%BB%E6%B5%B7" n2="%E3%81%99%E3%81%84%E3%81%BE%E3%81%9B%E3%83%BC%E3%82%93" n3="%E8%8B%B1%E5%9B%BD%E5%A3%B2%E5%8D%B4" dan="16,17,16,18" rate="2119.03,2131.59,2178.34,2249.49" sx="M,M,M,M"/><TAIKYOKU oya="0"/><INIT seed="0,0,0,3,2,73" ten="250,250,250,250" oya="0" hai0="15,53,56,50,87,128,74,40,129,85,36,4,66" hai1="70,84,94,97,76,93,75,103,35,134,19,102,88" hai2="61,26,106,25,51,79,127,121,107,119,100,45,115" hai3="0,2,135,31,83,126,81,57,13,54,60,34,80"/><T89/><D74/><U21/><E35/><V78/><F121/><W3/><G135/><T49/><D66/><U82/><E134/><V8/><F115/><W124/><G13/><T22/><D36/><U117/><E70/><V44/><F127/><W37/><G37/><T12/><D87/><U118/><REACH who="1" step="1"/><E103/><REACH who="1" ten="250,240,250,250" step="2"/><V58/><F100/><W14/><G14/><AGARI ba="0,1" hai="14,19,21,75,76,82,84,88,93,94,97,102,117,118" machi="14" ten="30,12000,2" yaku="1,1,2,1,7,1,52,1,54,1,53,1" doraHai="73" doraHaiUra="77" who="1" fromWho="3" sc="250,0,240,130,250,0,250,-120" /><INIT seed="1,0,0,3,0,120" ten="250,370,250,130" oya="1" hai0="60,13,83,134,67,72,5,133,45,37,77,86,28" hai1="8,109,6,40,30,0,84,39,2,69,4,91,130" hai2="122,47,53,113,34,25,108,125,75,111,131,17,124" hai3="104,132,116,99,9,88,76,19,43,10,103,92,3"/><U41/><E69/><V63/><F122/><W24/><G132/><N who="0" m="50795" /><D28/><U79/><E130/><V16/><F75/><W97/><G116/><T78/><D5/><U23/><E79/><V115/><F131/><W135/><G135/><T121/><D121/><U27/><E39/><V12/><F34/><W90/><G76/><N who="0" m="46439" /><D13/><U117/><E117/><V50/><F63/><W21/><G3/><T89/><D89/><U82/><REACH who="1" step="1"/><E109/><REACH who="1" ten="250,360,250,130" step="2"/><N who="2" m="42059" /><F25/><W80/><REACH who="3" step="1"/><G43/><REACH who="3" ten="250,360,250,120" step="2"/><N who="0" m="22767" /><D72/><U95/><E95/><V100/><F100/><W59/><G59/><AGARI ba="0,2" hai="59,60,67,77,78" m="22767,46439,50795" machi="59" ten="30,1000,0" yaku="20,1" doraHai="120" who="0" fromWho="3" sc="250,30,360,0,250,0,120,-10" /><INIT seed="2,0,0,2,4,113" ten="280,360,250,110" oya="2" hai0="99,23,123,62,76,74,102,3,11,127,82,55,34" hai1="73,66,96,124,4,98,90,12,47,41,6,24,26" hai2="68,63,48,87,103,58,67,59,119,43,85,95,57" hai3="22,52,134,25,92,89,9,84,88,129,7,39,20"/><V1/><F1/><W116/><G129/><T27/><D123/><U112/><E73/><V64/><F119/><W37/><G134/><T8/><D34/><U21/><E112/><V45/><F67/><W115/><G115/><T35/><D35/><U117/><E117/><V40/><F40/><W36/><G116/><T114/><D114/><U133/><E66/><V100/><REACH who="2" step="1"/><F95/><REACH who="2" ten="280,360,240,110" step="2"/><W56/><G89/><T81/><D3/><U42/><E42/><V50/><F50/><W72/><G72/><T61/><D74/><U32/><E41/><V110/><F110/><W30/><G22/><T80/><D23/><U15/><E90/><V105/><F105/><W91/><G91/><T118/><D118/><U107/><E107/><V65/><F65/><W109/><G109/><T128/><D62/><U60/><E60/><V13/><F13/><W51/><G39/><T111/><D61/><U71/><E21/><V83/><F83/><W28/><G28/><T131/><D81/><U104/><E104/><V86/><AGARI ba="0,1" hai="43,45,48,57,58,59,63,64,68,85,86,87,100,103" machi="86" ten="30,3000,0" yaku="1,1,0,1,53,0" doraHai="113" doraHaiUra="93" who="2" fromWho="2" sc="280,-10,360,-10,240,40,110,-10" /><INIT seed="2,1,0,5,4,119" ten="270,350,280,100" oya="2" hai0="131,113,126,90,83,73,107,134,54,11,9,21,128" hai1="130,31,67,49,69,74,124,71,100,84,99,82,81" hai2="20,110,109,117,47,50,27,112,129,16,41,39,125" hai3="92,97,122,105,38,123,15,96,115,53,91,60,133"/><V0/><F112/><W44/><G115/><T132/><D54/><U42/><E130/><N who="0" m="49705" /><D113/><U13/><E124/><V101/><F117/><W4/><G133/><N who="0" m="51307" /><D107/><U61/><E69/><V95/><F125/><W64/><G53/><T127/><D21/><U43/><E74/><V33/><F33/><W65/><G65/><T52/><D11/><U26/><E49/><V37/><F129/><W98/><G44/><T8/><D9/><U58/><E13/><V80/><F0/><W5/><G38/><T66/><D66/><U14/><E14/><V10/><F10/><W121/><G15/><T114/><D114/><U111/><E43/><V6/><F39/><W48/><G48/><T89/><D8/><U18/><E42/><V34/><F37/><W77/><G77/><N who="0" m="44463" /><D52/><U116/><E67/><V87/><F34/><W62/><G105/><T19/><D19/><U93/><E18/><V40/><F40/><W24/><G24/><T120/><D120/><U51/><E26/><V29/><F6/><W45/><G45/><T63/><D63/><U17/><E61/><V76/><F29/><W25/><G25/><T108/><D108/><U2/><E111/><V35/><F35/><W56/><REACH who="3" step="1"/><G62/><REACH who="3" ten="270,350,280,90" step="2"/><T72/><D127/><U79/><E116/><V30/><F30/><W3/><G3/><T55/><D55/><U12/><E2/><V103/><F110/><W68/><G68/><T75/><D126/><U70/><E70/><V94/><F109/><W22/><G22/><T104/><D104/><U32/><E32/><V57/><F57/><W86/><AGARI ba="1,1" hai="4,5,56,60,64,86,91,92,96,97,98,121,122,123" machi="86" ten="40,8000,1" yaku="1,1,0,1,52,3,53,0" doraHai="119" doraHaiUra="36" who="3" fromWho="3" sc="270,-21,350,-21,280,-41,90,93" /><INIT seed="3,0,0,4,4,43" ten="249,329,239,183" oya="3" hai0="103,39,114,4,117,65,81,126,14,80,58,56,102" hai1="49,13,96,6,115,1,130,120,51,17,67,48,86" hai2="99,135,84,63,11,32,36,44,42,89,62,113,10" hai3="52,8,53,55,94,23,76,88,125,110,97,34,30"/><W118/><G118/><T46/><D117/><U123/><E115/><V111/><F113/><W29/><G34/><T57/><D114/><U40/><E130/><V5/><F111/><W71/><G71/><T73/><D65/><U90/><E67/><V38/><F135/><W70/><G70/><T68/><D68/><U100/><E6/><V119/><F32/><W15/><G125/><T27/><D126/><U19/><E1/><V91/><F38/><W133/><G133/><T121/><D121/><U93/><E40/><V112/><F112/><W72/><G110/><T101/><D27/><U128/><E128/><V77/><F11/><W3/><G3/><T61/><D61/><U9/><REACH who="1" step="1"/><E19/><REACH who="1" ten="249,319,239,183" step="2"/><V75/><F42/><W41/><G41/><T54/><D39/><U33/><E33/><V129/><F5/><W7/><REACH who="3" step="1"/><G23/><REACH who="3" ten="249,319,239,173" step="2"/><T131/><D131/><U28/><E28/><V31/><F31/><W21/><G21/><T22/><D22/><U74/><E74/><V50/><F75/><W92/><G92/><AGARI ba="0,2" hai="9,13,17,48,49,51,86,90,92,93,96,100,120,123" machi="92" ten="40,2600,0" yaku="1,1,53,1" doraHai="43" doraHaiUra="12" who="1" fromWho="3" sc="249,0,319,46,239,0,173,-26" /><INIT seed="4,0,0,4,4,116" ten="249,365,239,147" oya="0" hai0="76,54,23,79,52,77,93,61,4,44,67,94,134" hai1="123,119,21,36,58,100,97,41,20,6,88,53,11" hai2="56,113,108,129,90,96,10,87,33,26,69,62,122" hai3="9,115,109,110,73,31,42,63,51,112,60,8,132"/><T43/><D134/><U70/><E119/><V127/><F108/><W29/><G51/><T1/><D1/><U32/><E32/><V66/><F129/><W133/><REACH who="3" step="1"/><G73/><REACH who="3" ten="249,365,239,137" step="2"/><T131/><D131/><U102/><E36/><V12/><F127/><W75/><G75/><T35/><D35/><U34/><E34/><V19/><F33/><W37/><G37/><T126/><D126/><U74/><E74/><V30/><F113/><W59/><G59/><T128/><D128/><U85/><E58/><V45/><F56/><W55/><G55/><T105/><D54/><U3/><E53/><V86/><F62/><W81/><G81/><T78/><D52/><U5/><E70/><V68/><F68/><W16/><G16/><T17/><D61/><U121/><E6/><V103/><F19/><W38/><G38/><T48/><D67/><U89/><E5/><V71/><F71/><W13/><G13/><T101/><D4/><U80/><E80/><V14/><F14/><W57/><G57/><T120/><D48/><U104/><E3/><V124/><F124/><W72/><G72/><T95/><D17/><U130/><E130/><V125/><F125/><W18/><G18/><T117/><D117/><U40/><E21/><V84/><F69/><W47/><G47/><T0/><D23/><U7/><E20/><V28/><F45/><W39/><G39/><T2/><D2/><U82/><E82/><V15/><F66/><W99/><G99/><N who="0" m="61631" /><D0/><U111/><E7/><V64/><F64/><W135/><G135/><T50/><N who="0" m="19456" /><DORA hai="22" /><T49/><D50/><U114/><E97/><RYUUKYOKU ba="0,1" sc="249,15,365,-15,239,-15,137,15" hai0="43,44,49,93,94,95,120" hai3="8,9,29,31,42,60,63,109,110,112,115,132,133" /><INIT seed="4,1,1,0,1,117" ten="264,350,224,152" oya="0" hai0="42,82,39,23,32,108,60,44,71,27,100,128,51" hai1="93,120,133,112,1,54,57,121,67,59,66,38,130" hai2="92,134,7,99,30,118,61,2,24,113,132,21,10" hai3="135,50,119,26,55,58,35,76,97,85,116,14,47"/><T111/><D32/><U73/><E73/><V103/><F118/><W9/><G135/><T78/><D128/><U122/><E1/><V124/><F124/><W31/><G97/><T41/><D100/><U106/><E106/><V29/><F113/><W62/><G76/><T45/><D60/><U96/><E133/><N who="2" m="51307" /><F61/><W20/><G85/><T8/><D8/><U43/><E130/><V13/><F30/><W87/><G87/><T15/><D15/><AGARI ba="1,1" hai="2,7,10,13,15,21,24,29,92,99,103" m="51307" machi="15" ten="30,1000,0" yaku="20,1" doraHai="117" who="2" fromWho="0" sc="264,-13,350,0,224,23,152,0" /><INIT seed="5,0,0,0,0,19" ten="251,350,247,152" oya="1" hai0="93,80,122,129,12,35,108,39,120,86,114,88,13" hai1="62,9,31,26,76,10,15,105,106,116,98,30,125" hai2="42,57,77,20,81,60,92,37,110,71,44,47,124" hai3="2,103,58,46,55,68,64,28,90,82,101,132,89"/><U134/><E116/><V107/><F107/><W69/><G2/><T27/><D108/><U16/><E134/><V25/><F110/><W115/><G132/><T78/><D39/><U40/><E125/><V135/><F124/><W6/><G6/><T102/><D114/><U94/><E76/><V17/><F135/><W112/><G28/><N who="0" m="19871" /><D102/><U73/><E73/><V4/><F4/><W54/><G46/><T56/><D56/><U21/><E40/><V97/><F71/><W7/><G7/><T128/><D13/><U121/><E121/><N who="0" m="46697" /><D12/><U50/><E50/><V5/><F5/><W118/><G58/><T48/><D48/><U41/><E62/><V119/><F119/><W65/><REACH who="3" step="1"/><G82/><REACH who="3" ten="251,350,247,142" step="2"/><T83/><D80/><U59/><E59/><V51/><F47/><W18/><G18/><T52/><D52/><U1/><E31/><V123/><F123/><W87/><G87/><AGARI ba="0,1" hai="78,83,86,87,88,93,128,129" m="46697,19871" machi="87" ten="30,2000,0" yaku="13,1,54,1" doraHai="19" who="0" fromWho="3" sc="251,30,350,0,247,0,142,-20" /><INIT seed="6,0,0,1,2,52" ten="281,350,247,122" oya="2" hai0="42,8,94,54,40,95,91,115,46,103,20,122,1" hai1="3,129,63,82,130,5,65,98,51,100,99,104,9" hai2="114,17,131,118,60,2,39,59,27,86,66,73,80" hai3="58,132,93,116,64,48,113,78,110,70,96,26,111"/><V123/><F118/><W101/><G116/><T69/><D122/><U126/><E126/><V72/><F123/><W10/><G70/><T35/><D35/><U7/><E7/><V119/><F119/><W61/><G132/><T41/><D69/><U97/><E51/><V134/><F134/><W44/><G78/><T127/><D127/><U25/><E82/><V74/><F114/><W81/><G81/><T90/><D115/><U33/><E33/><V43/><F2/><W135/><G135/><T56/><D103/><U105/><E25/><V108/><F131/><N who="1" m="50185" /><E105/><V4/><F4/><W133/><G133/><T76/><D76/><U37/><E37/><V21/><F108/><W71/><G10/><T128/><D20/><U38/><E38/><V106/><F106/><W88/><G113/><T30/><D30/><U34/><E34/><V107/><F107/><W75/><G75/><T23/><D23/><U87/><E87/><V109/><F109/><W77/><G77/><T36/><D128/><U125/><E125/><V15/><F27/><W121/><G121/><T11/><D1/><U102/><E102/><V14/><F14/><W32/><G101/><T112/><D112/><U62/><E62/><V47/><F74/><W29/><REACH who="3" step="1"/><G71/><AGARI ba="0,0" hai="3,5,9,63,65,71,97,98,99,100,104" m="50185" machi="71" ten="30,1000,0" yaku="19,1" doraHai="52" who="1" fromWho="3" sc="281,0,350,10,247,0,122,-10" /><INIT seed="7,0,0,5,4,72" ten="281,360,247,112" oya="3" hai0="107,106,91,56,41,44,45,31,15,28,73,47,82" hai1="75,128,2,121,100,98,103,50,19,64,79,95,6" hai2="94,77,26,49,36,88,134,85,55,39,122,119,9" hai3="59,22,109,113,112,7,101,120,51,74,84,10,69"/><W33/><G120/><T126/><D41/><U97/><E64/><V129/><F119/><W133/><G74/><T62/><D126/><U18/><E50/><V0/><F122/><W108/><G69/><T115/><D115/><N who="3" m="44105" /><G33/><T127/><D127/><U23/><E128/><V16/><F129/><W43/><G101/><T40/><D40/><U32/><E32/><V68/><F68/><W4/><G133/><T110/><D110/><N who="3" m="42601" /><G22/><T99/><D73/><U92/><E23/><V42/><F134/><W124/><G124/><T58/><D107/><U70/><E70/><V117/><F117/><W131/><G131/><T25/><D106/><U132/><E132/><V30/><F39/><W87/><G59/><T52/><D58/><U81/><E121/><V11/><F36/><W125/><G125/><T80/><D56/><U96/><E96/><V1/><F11/><AGARI ba="0,0" hai="2,6,11,18,19,75,79,81,92,95,97,98,100,103" machi="11" ten="40,2600,0" yaku="9,1,52,1" doraHai="72" who="1" fromWho="2" sc="281,0,360,26,247,-26,112,0" owari="281,8.1,386,48.6,221,-17.9,112,-38.8" /></mjloggm>