<mjloggm ver="2.3"><GO type="169" lobby="0"/><UN n0="%E3%81%8B%E3%82%81%E3%81%98%E3%82%8D%E3%81%86" n1="%E6%9F%8A%E5%92%B2%E5%A4%9C" n2="%E3%83%88%E3%82%B7%E3%83%95%E3%83%BC%E3%83%8B" n3="%74%77%69%74%63%68" dan="16,16,16,16" rate="2097.41,2145.78,2141.25,2127.22" sx="M,M,M,F"/><TAIKYOKU oya="0"/><INIT seed="0,0,0,0,4,83" ten="250,250,250,250" oya="0" hai0="81,113,116,53,126,20,65,5,61,106,85,98,132" hai1="91,2,8,17,12,94,60,32,103,33,84,79,109" hai2="22,38,117,118,26,102,105,134,31,36,128,125,121" hai3="34,56,86,76,49,130,133,39,51,100,64,69,63"/><T111/><D113/><U6/><E109/><V108/><F121/><W123/><G123/><T67/><D116/><N who="2" m="44650" /><F108/><W114/><G114/><T9/><D111/><U0/><E0/><V25/><F128/><W37/><G34/><T107/><D126/><U50/><E103/><V23/><F125/><W40/><G100/><T15/><D132/><U129/><E129/><V72/><F72/><W97/><G97/><T52/><D20/><U43/><E60/><V77/><F134/><W11/><G11/><T75/><D75/><U41/><E79/><V131/><F131/><W10/><G10/><T4/><D4/><U127/><E127/><V16/><F77/><W68/><G130/><T119/><D119/><U44/><REACH who="1" step="1"/><E41/><REACH who="1" ten="250,240,250,250" step="2"/><V122/><F122/><W3/><G3/><T59/><D67/><U70/><E70/><V110/><F110/><W62/><G76/><N who="0" m="46247" /><D107/><U21/><AGARI ba="0,1" hai="2,6,8,12,17,21,32,33,43,44,50,84,91,94" machi="21" ten="20,5200,0" yaku="1,1,0,1,7,1,52,1,53,0" doraHai="83" doraHaiUra="124" who="1" fromWho="1" sc="250,-26,240,62,250,-13,250,-13" /><INIT seed="1,0,0,2,0,75" ten="224,302,237,237" oya="1" hai0="80,105,102,8,115,13,76,57,128,9,39,107,114" hai1="28,117,104,97,92,111,27,79,51,46,24,52,122" hai2="17,131,1,82,42,23,62,126,63,72,50,56,118" hai3="127,35,60,15,10,77,7,112,129,33,2,59,121"/><U41/><E117/><V125/><F1/><W40/><G121/><T22/><D128/><U29/><E122/><V14/><F118/><W71/><G71/><T78/><D39/><U113/><E113/><V88/><F131/><W74/><G112/><T95/><D22/><U26/><E104/><V53/><F42/><W12/><G129/><T90/><D9/><U135/><E135/><V61/><REACH who="2" step="1"/><F88/><REACH who="2" ten="224,302,227,237" step="2"/><W96/><G2/><T103/><D114/><U99/><E111/><V116/><F116/><W6/><G40/><T48/><D115/><U30/><E41/><V64/><F64/><W20/><G96/><T38/><D38/><U124/><E124/><V134/><F134/><W69/><G127/><T0/><D0/><U94/><E99/><V45/><F45/><W100/><G100/><N who="0" m="38443" /><D105/><U34/><E97/><V18/><F18/><W130/><G130/><T4/><D107/><U67/><E34/><V37/><F37/><W120/><G33/><T16/><D4/><U55/><E67/><V54/><F54/><W123/><G35/><T119/><D119/><U5/><E5/><V47/><F47/><W83/><G6/><T65/><D95/><N who="1" m="36395" /><E55/><V58/><F58/><W73/><G7/><T133/><D133/><U89/><E89/><V110/><F110/><W109/><G109/><T68/><D68/><U31/><E31/><V81/><F81/><W93/><G83/><T86/><D65/><U11/><E11/><V25/><F25/><W91/><G91/><T70/><D70/><U101/><E101/><V98/><F98/><W106/><G10/><T43/><D43/><RYUUKYOKU ba="0,1" sc="224,10,302,10,227,10,237,-30" hai0="8,13,16,48,57,76,78,80,86,90" hai1="24,26,27,28,29,30,46,51,52,79" hai2="14,17,23,50,53,56,61,62,63,72,82,125,126" /><INIT seed="1,1,1,1,1,30" ten="234,312,237,207" oya="1" hai0="39,13,44,91,31,6,50,126,134,96,4,59,121" hai1="123,23,118,12,120,35,100,113,36,57,133,69,1" hai2="32,84,63,25,71,77,46,42,9,52,104,64,37" hai3="47,27,99,76,29,20,135,22,7,131,62,119,18"/><U115/><E69/><V92/><F104/><W128/><G119/><T68/><D68/><U97/><E36/><V90/><F77/><W72/><G135/><T48/><D126/><U102/><E97/><V49/><F9/><W103/><G7/><T75/><D75/><U129/><E57/><V78/><F78/><W61/><G47/><T54/><D134/><U15/><E133/><V107/><F107/><W112/><G112/><T88/><D39/><U19/><E118/><V110/><F110/><W67/><G76/><T55/><D121/><U81/><E81/><V51/><F51/><W116/><G72/><T21/><D31/><U43/><E43/><V127/><F127/><W114/><G116/><T28/><D28/><U132/><E132/><V66/><F66/><W73/><G73/><T106/><D106/><U65/><E65/><V105/><F105/><W11/><G11/><T87/><D96/><U82/><E82/><V3/><F3/><W45/><G45/><T108/><D108/><U24/><E1/><V86/><F25/><W17/><G114/><N who="1" m="43530" /><E15/><V56/><F32/><W85/><G67/><T74/><D74/><U60/><E60/><V89/><F89/><N who="0" m="34378" /><D87/><AGARI ba="1,1" hai="37,42,46,49,52,56,63,64,71,84,86,87,90,92" machi="87" ten="30,7700,0" yaku="7,1,24,2,54,1" doraHai="30" who="2" fromWho="0" sc="234,-80,312,0,237,90,207,0" /><INIT seed="2,0,0,3,5,49" ten="154,312,327,207" oya="2" hai0="71,30,13,53,42,108,8,115,111,86,6,113,70" hai1="135,79,48,34,27,60,88,24,26,95,55,43,126" hai2="133,82,117,112,1,40,91,123,74,103,75,19,68" hai3="116,104,90,22,134,101,56,131,11,35,114,17,50"/><V36/><F1/><W102/><G116/><T63/><D42/><U46/><E135/><V83/><F68/><N who="0" m="26154" /><D30/><U38/><E126/><V65/><F65/><W64/><G114/><T72/><D72/><N who="2" m="27690" /><F19/><W78/><G35/><T106/><D86/><U69/><E79/><V100/><F40/><W99/><G134/><T121/><D106/><U94/><E94/><V9/><F9/><W52/><G78/><T110/><D121/><U21/><E34/><V97/><F36/><W127/><G127/><T58/><AGARI ba="0,0" hai="6,8,13,53,58,63,108,110,111,113,115" m="26154" machi="58" ten="40,2700,0" yaku="14,1,52,1" doraHai="49" who="0" fromWho="0" sc="154,27,312,-7,327,-13,207,-7" /><INIT seed="3,0,0,2,0,101" ten="181,305,314,200" oya="3" hai0="108,23,118,32,22,111,90,100,68,67,82,64,33" hai1="28,114,37,132,20,95,77,119,120,19,125,76,116" hai2="34,53,88,78,43,131,124,5,98,31,56,104,81" hai3="117,25,11,18,59,69,16,52,70,3,29,12,89"/><W4/><G117/><N who="1" m="45130" /><E114/><V0/><F124/><W63/><G89/><T8/><D118/><U130/><E120/><V46/><F131/><W107/><G107/><T21/><D8/><U9/><E132/><V126/><F126/><W127/><G127/><T51/><D51/><U24/><E130/><V15/><F34/><N who="0" m="13418" /><D100/><U35/><E125/><V94/><F31/><W85/><G85/><T83/><D68/><U123/><E123/><V57/><F104/><W92/><G92/><T115/><D90/><U103/><E37/><V26/><F26/><W71/><REACH who="3" step="1"/><G12/><REACH who="3" ten="181,305,314,190" step="2"/><T122/><D122/><U72/><E95/><V39/><F15/><W61/><G61/><T36/><D115/><U80/><E103/><V135/><F135/><W14/><G14/><T96/><D96/><U17/><E76/><V7/><F0/><W106/><G106/><T110/><D36/><U38/><E38/><V93/><F93/><W10/><G10/><T75/><D75/><U45/><E9/><V73/><F56/><W54/><G54/><T6/><D6/><U44/><E35/><AGARI ba="0,1" hai="3,4,11,16,18,25,29,35,52,59,63,69,70,71" machi="35" ten="40,18000,2" yaku="1,1,54,2,53,3" doraHai="101" doraHaiUra="66" who="3" fromWho="1" sc="181,0,305,-180,314,0,190,190" /><INIT seed="3,1,0,3,2,87" ten="181,125,314,380" oya="3" hai0="49,17,69,93,83,77,5,30,39,15,122,124,46" hai1="61,135,90,63,100,132,1,64,110,119,53,80,108" hai2="99,133,22,32,8,128,50,20,126,67,129,117,36" hai3="18,111,120,112,91,85,86,13,47,31,0,103,45"/><W57/><G0/><T58/><D122/><U38/><E1/><V96/><F36/><W16/><G112/><T113/><D124/><U92/><E38/><V33/><F117/><W88/><G120/><T89/><D69/><U52/><E100/><V43/><F67/><W21/><G111/><N who="1" m="42538" /><E80/><V4/><F50/><W127/><G127/><T130/><D130/><N who="2" m="50282" /><F43/><W41/><G103/><T28/><D5/><U70/><E119/><V65/><F65/><W54/><G31/><T98/><D58/><N who="1" m="35015" /><E53/><V81/><F126/><W97/><G97/><AGARI ba="1,0" hai="63,64,70,90,92,97,132,135" m="35015,42538" machi="97" ten="30,3900,0" yaku="14,1,52,1,54,1" doraHai="87" who="1" fromWho="3" sc="181,0,125,42,314,0,380,-42" /><INIT seed="4,0,0,2,3,28" ten="181,167,314,338" oya="0" hai0="8,109,71,49,23,92,0,120,7,119,79,58,86" hai1="74,96,76,111,12,35,40,34,5,63,131,78,65" hai2="134,37,126,104,127,33,84,61,91,123,107,101,50" hai3="14,44,118,29,53,106,38,2,94,42,102,82,98"/><T43/><D119/><U115/><E111/><V11/><F37/><W15/><G118/><T85/><D120/><U117/><E117/><V89/><F123/><W1/><G106/><N who="2" m="40489" /><F11/><W80/><G1/><T41/><D71/><U112/><E131/><V66/><F50/><W73/><G2/><T27/><D109/><U75/><E40/><V72/><F101/><W130/><G130/><T22/><D22/><U16/><E5/><V36/><F72/><W47/><G29/><T116/><D116/><U52/><E96/><V57/><F36/><W45/><G73/><T132/><D86/><U88/><E75/><V54/><F66/><W20/><G42/><T6/><D6/><U56/><E65/><V129/><F129/><W9/><G38/><T83/><D92/><U122/><E88/><N who="2" m="33867" /><F84/><W77/><G9/><T100/><D100/><U39/><E39/><V59/><F59/><W95/><G94/><T17/><D43/><U105/><E105/><V4/><F4/><W46/><G46/><N who="0" m="25807" /><D58/><U128/><E128/><V135/><F33/><N who="1" m="12297" /><E74/><V51/><F51/><W67/><G67/><T13/><D0/><U124/><E122/><V26/><F26/><W90/><G102/><T108/><D108/><U60/><E60/><V3/><F3/><W99/><G95/><T48/><D48/><U19/><E19/><V87/><F87/><W69/><G90/><T70/><D70/><U32/><N who="1" m="12305" /><U110/><DORA hai="18" /><E110/><V55/><F55/><W30/><G69/><T125/><D7/><U133/><E56/><V97/><F97/><W113/><G98/><T114/><D85/><RYUUKYOKU ba="0,0" sc="181,-10,167,-10,314,30,338,-10" hai2="54,57,61,126,127,134,135" /><INIT seed="5,1,0,1,0,70" ten="171,157,344,328" oya="1" hai0="46,47,96,73,119,5,77,78,53,99,57,19,44" hai1="51,1,72,12,107,42,37,105,22,41,91,10,64" hai2="111,14,67,86,129,63,114,25,89,102,125,109,36" hai3="80,27,35,115,113,8,39,49,52,2,83,117,3"/><U33/><E33/><V11/><F125/><W9/><G117/><T134/><D119/><U29/><E72/><V108/><F129/><W135/><G135/><T116/><D116/><U101/><E1/><V95/><F114/><N who="3" m="43531" /><G39/><T50/><D134/><U131/><E131/><V21/><F102/><W112/><G112/><T88/><D5/><U121/><E121/><V75/><F75/><W58/><G35/><T120/><D120/><U71/><E37/><V69/><F36/><W98/><G98/><T13/><D73/><U76/><E76/><N who="0" m="29289" /><D88/><U23/><E71/><V106/><F106/><W130/><G27/><T65/><D65/><U55/><E64/><V16/><REACH who="2" step="1"/><F111/><REACH who="2" ten="171,157,334,328" step="2"/><W15/><G130/><T56/><D56/><N who="1" m="32895" /><E105/><V97/><F97/><W40/><G58/><T84/><D84/><U17/><E107/><V68/><F68/><W20/><G3/><T30/><D30/><AGARI ba="1,1" hai="11,14,16,21,25,30,63,67,69,86,89,95,108,109" machi="30" ten="30,3900,0" yaku="1,1,7,1,54,1,53,0" doraHai="70" doraHaiUra="100" who="2" fromWho="0" sc="171,-42,157,0,334,52,328,0" /><INIT seed="6,0,0,3,4,66" ten="129,157,386,328" oya="2" hai0="133,59,86,92,44,69,90,38,120,15,29,58,46" hai1="61,12,28,0,115,5,9,23,2,10,80,123,135" hai2="35,3,26,24,128,65,119,52,18,118,89,42,57" hai3="114,110,49,7,122,98,56,131,72,20,55,68,39"/><V97/><F3/><N who="1" m="1065" /><E61/><V91/><F65/><W41/><G72/><T101/><D120/><U113/><E80/><V109/><F42/><W27/><G122/><T132/><D101/><U85/><E85/><V43/><F43/><W129/><G110/><T107/><D107/><U36/><E36/><V34/><F109/><W134/><G134/><N who="0" m="51819" /><D29/><U81/><E81/><V48/><F18/><W79/><G79/><T16/><D38/><U51/><E51/><V88/><F97/><W14/><G68/><T111/><D111/><U126/><E135/><V84/><F84/><W127/><G39/><T99/><D99/><U1/><E123/><V47/><F47/><N who="0" m="17962" /><D69/><U19/><E126/><V60/><F48/><W64/><G127/><T83/><D83/><U40/><E40/><V63/><F91/><W94/><G41/><T70/><D70/><U73/><E73/><V125/><F57/><W30/><G56/><T54/><D54/><U31/><E31/><V50/><F50/><W77/><G49/><T96/><D86/><U112/><E28/><V75/><F75/><W37/><G37/><T87/><D87/><U62/><E62/><V108/><F108/><W100/><G98/><T32/><D32/><U116/><E116/><V17/><F125/><W53/><G30/><T121/><D121/><U11/><AGARI ba="0,0" hai="1,5,9,10,11,12,19,23,112,113,115" m="1065" machi="11" ten="40,5200,0" yaku="15,1,34,2" doraHai="66" who="1" fromWho="1" sc="129,-13,157,52,386,-26,328,-13" /><INIT seed="7,0,0,2,1,51" ten="116,209,360,315" oya="3" hai0="8,47,98,18,81,100,11,108,12,3,15,24,72" hai1="66,89,127,128,132,112,69,53,9,5,114,63,67" hai2="131,85,129,60,120,25,38,4,73,44,101,107,122" hai3="35,77,27,87,111,95,135,80,103,7,105,26,96"/><W71/><G135/><T61/><D108/><U99/><E132/><V52/><F73/><W79/><G71/><T19/><D3/><U88/><E128/><N who="2" m="49227" /><F4/><W110/><G7/><T57/><D47/><U16/><E67/><V41/><F85/><W36/><G36/><T134/><D134/><U50/><E16/><V40/><F40/><W109/><G35/><T59/><D24/><N who="3" m="9257" /><G77/><T48/><D72/><U91/><E99/><N who="2" m="61887" /><F25/><W104/><AGARI ba="0,0" hai="79,80,87,95,96,103,104,105,109,110,111" m="9257" machi="104" ten="40,2100,0" yaku="10,1" doraHai="51" who="3" fromWho="3" sc="116,-7,209,-7,360,-7,315,21" /><INIT seed="7,1,0,4,2,54" ten="109,202,353,336" oya="3" hai0="87,13,55,50,105,96,23,20,45,124,107,47,40" hai1="77,82,51,99,130,88,106,78,9,97,111,133,103" hai2="72,102,120,89,57,27,44,19,2,90,117,32,67" hai3="8,85,69,132,127,58,5,104,119,79,52,91,31"/><W74/><G119/><T134/><D124/><U70/><E70/><V65/><F72/><W49/><G69/><T84/><D134/><U7/><E111/><V60/><F2/><W0/><G132/><T53/><D96/><U123/><E123/><V98/><F117/><W61/><G104/><T83/><D107/><U115/><E115/><V76/><F120/><W62/><G127/><T15/><D105/><U12/><E133/><V3/><F3/><W126/><G126/><T1/><D1/><U129/><E51/><V121/><F76/><W59/><G31/><T110/><D110/><U122/><E122/><V113/><F121/><W41/><G41/><T4/><D84/><N who="1" m="50199" /><E99/><V33/><F113/><W34/><G34/><T68/><D68/><U30/><E30/><V35/><F67/><W26/><G26/><T39/><D39/><U125/><E125/><V131/><F131/><AGARI ba="1,0" hai="7,9,12,77,78,97,103,106,129,130,131" m="50199" machi="131" ten="30,2000,0" yaku="19,1,54,1" doraHai="54" who="1" fromWho="2" sc="109,0,202,23,353,-23,336,0" owari="109,-39.1,225,-17.5,330,13.0,336,43.6" /></mjloggm>