<mjloggm ver="2.3"><GO type="169" lobby="0"/><UN n0="%E5%A5%94%E4%BB%94" n1="%E7%88%86%E7%89%8C%E3%82%A6%E3%82%B7%E3%82%B8%E3%83%9E%E3%81%8F%E3%82%93" n2="%63%68%69%73%73" n3="%E3%81%93%E3%82%8D%E3%81%86%E3%81%BE%E3%82%8B" dan="17,19,16,16" rate="2229.43,2235.80,2190.22,2047.78" sx="M,M,M,M"/><TAIKYOKU oya="0"/><INIT seed="0,0,0,2,3,121" ten="250,250,250,250" oya="0" hai0="48,126,92,31,45,70,78,2,117,105,119,36,25" hai1="69,95,33,72,51,46,13,127,93,106,131,86,17" hai2="44,29,10,65,107,4,122,96,111,27,0,102,5" hai3="59,89,3,30,14,32,109,73,115,8,75,103,81"/><T88/><D70/><U104/><E72/><V108/><F122/><W132/><G115/><T54/><D2/><U39/><E33/><V94/><F65/><W50/><G3/><T110/><D105/><U42/><E69/><V23/><F5/><W52/><G132/><T22/><D126/><U56/><E127/><V90/><REACH who="2" step="1"/><F44/><REACH who="2" ten="250,250,240,250" step="2"/><W64/><G64/><T24/><D119/><U133/><E46/><V21/><F21/><W116/><G116/><T6/><D117/><U26/><E133/><V113/><F113/><W77/><G32/><T20/><D6/><U101/><E131/><V18/><F18/><W128/><G128/><T11/><D11/><U68/><E17/><V135/><F135/><W19/><G30/><T37/><D78/><U7/><E7/><V61/><F61/><W9/><G9/><T97/><REACH who="0" step="1"/><D110/><REACH who="0" ten="240,250,240,250" step="2"/><U134/><E134/><V85/><AGARI ba="0,2" hai="0,4,10,23,27,29,85,90,94,96,102,107,108,111" machi="85" ten="30,7900,0" yaku="1,1,0,1,52,2,53,0" doraHai="121" doraHaiUra="124" who="2" fromWho="2" sc="240,-39,250,-20,240,99,250,-20" /><INIT seed="1,0,0,5,4,37" ten="201,230,339,230" oya="1" hai0="23,25,132,103,34,88,8,118,3,127,5,120,54" hai1="70,114,130,11,9,30,76,47,46,121,13,67,69" hai2="87,115,91,57,97,73,122,72,117,124,6,102,106" hai3="35,7,79,1,89,39,60,107,53,96,18,95,0"/><U20/><E114/><V22/><F117/><W38/><G35/><T113/><D118/><U94/><E121/><V80/><F122/><W2/><G7/><T71/><D71/><U29/><E130/><V123/><F123/><W50/><G79/><T99/><D113/><U58/><E76/><V32/><F32/><W112/><G112/><T49/><D127/><U45/><E94/><V15/><F115/><W31/><G31/><T108/><D108/><U19/><E70/><V98/><F124/><W62/><G107/><T82/><D132/><U105/><E69/><V77/><F57/><W40/><G18/><T93/><D34/><U110/><E105/><V10/><F22/><W66/><G66/><T64/><D64/><U4/><E110/><V61/><F61/><W41/><G38/><T63/><D63/><N who="1" m="38391" /><E4/><V129/><F129/><W81/><G81/><T131/><D131/><U28/><AGARI ba="0,0" hai="9,11,13,19,20,28,29,30,45,46,47" m="38391" machi="28" ten="30,1500,0" yaku="8,1" doraHai="37" who="1" fromWho="1" sc="201,-5,230,15,339,-5,230,-5" /><INIT seed="1,1,0,4,3,38" ten="196,245,334,225" oya="1" hai0="13,103,59,124,114,120,9,71,116,46,127,126,121" hai1="10,24,34,111,52,43,14,15,35,21,82,100,64" hai2="36,70,74,98,81,2,132,119,62,0,80,12,54" hai3="22,67,97,72,44,113,65,8,94,110,30,26,102"/><U18/><E64/><V83/><F119/><W76/><G110/><T63/><D116/><U90/><E111/><V133/><F36/><W112/><G8/><T11/><D114/><U128/><E128/><V29/><F29/><W41/><G76/><T75/><D75/><U105/><E15/><V118/><F118/><W27/><G72/><T89/><D71/><U28/><E43/><V7/><F74/><W47/><G47/><T40/><D103/><U33/><E100/><V37/><F37/><W78/><G78/><T53/><D89/><U87/><E105/><V23/><F98/><W51/><G65/><T91/><D91/><U129/><E129/><V104/><F104/><W77/><G77/><T3/><D3/><U69/><E69/><V42/><F42/><W50/><G50/><N who="0" m="26951" /><D13/><U58/><REACH who="1" step="1"/><E35/><REACH who="1" ten="196,235,334,225" step="2"/><V84/><F70/><W73/><G73/><T106/><D106/><U25/><E25/><V130/><F130/><W48/><G67/><T4/><D4/><U19/><E19/><N who="2" m="10727" /><F7/><W108/><G108/><T56/><D56/><U99/><E99/><V39/><F2/><W96/><G96/><T20/><D20/><U16/><E16/><V1/><F0/><W6/><G6/><T134/><D134/><U123/><E123/><AGARI ba="1,1" hai="9,11,53,59,63,120,121,123,124,126,127" m="26951" machi="123" ten="40,5200,0" yaku="13,1,18,1,52,1" doraHai="38" who="0" fromWho="1" sc="196,65,235,-55,334,0,225,0" /><INIT seed="2,0,0,4,1,30" ten="261,180,334,225" oya="2" hai0="96,126,27,55,82,84,57,99,63,133,95,9,112" hai1="47,80,93,43,71,121,97,124,131,46,60,135,113" hai2="39,59,81,15,22,102,107,32,21,123,120,68,3" hai3="1,77,13,90,91,83,67,64,104,73,100,7,130"/><V115/><F3/><W79/><G1/><T40/><D112/><U4/><E113/><V19/><F68/><W24/><G130/><T25/><D133/><U35/><E131/><V69/><F69/><W44/><G79/><T109/><D109/><U0/><E135/><V75/><F39/><W29/><G100/><T6/><D40/><U11/><E124/><V128/><F32/><W34/><G104/><T127/><D99/><U103/><E121/><V70/><F59/><W129/><G129/><T42/><D42/><U8/><E8/><V98/><F70/><W14/><G44/><T41/><D41/><U2/><E2/><V20/><F115/><W10/><REACH who="3" step="1"/><G14/><REACH who="3" ten="261,180,334,215" step="2"/><N who="0" m="5431" /><D127/><U48/><E47/><V45/><F45/><W26/><G26/><T134/><D126/><U38/><E38/><V106/><F106/><W51/><G51/><T88/><D134/><U12/><E0/><V86/><F128/><W118/><G118/><T122/><D122/><U49/><E49/><V36/><F36/><W117/><G117/><T50/><D50/><U92/><E48/><V94/><F120/><W66/><AGARI ba="0,1" hai="7,10,13,24,29,34,64,66,67,73,77,83,90,91" machi="66" ten="30,4000,0" yaku="1,1,0,1,52,1,53,0" doraHai="30" doraHaiUra="58" who="3" fromWho="3" sc="261,-10,180,-10,334,-20,215,50" /><INIT seed="3,0,0,1,1,91" ten="251,170,314,265" oya="3" hai0="95,79,11,69,3,64,109,75,114,55,54,16,32" hai1="90,36,77,51,84,103,62,59,26,45,6,133,14" hai2="34,92,19,40,2,124,43,104,39,78,60,7,82" hai3="113,74,108,73,120,125,85,46,93,30,121,13,42"/><W4/><G113/><T66/><D32/><U68/><E133/><V115/><F104/><W129/><G30/><T132/><D109/><U70/><E36/><V50/><F34/><W122/><G108/><T52/><D69/><U9/><E77/><V126/><F115/><W67/><G67/><T63/><D3/><U100/><E26/><V128/><F128/><W131/><G125/><T37/><D37/><U130/><E70/><V8/><F60/><W96/><G85/><T12/><D132/><U110/><E68/><V76/><F76/><W112/><G112/><T31/><D31/><U81/><E110/><V83/><F50/><W44/><G44/><T17/><D114/><U127/><E130/><N who="3" m="49674" /><G13/><N who="0" m="7231" /><D75/><U117/><E117/><V123/><F123/><W72/><G4/><T111/><D79/><U53/><REACH who="1" step="1"/><E127/><REACH who="1" ten="251,160,314,265" step="2"/><V106/><F78/><W116/><G116/><T94/><D111/><U20/><E20/><V5/><F124/><W35/><G35/><T38/><D38/><U10/><E10/><V134/><F8/><W24/><G24/><T29/><D29/><U61/><E61/><V0/><F39/><N who="3" m="21855" /><G120/><T88/><D63/><U1/><E1/><V56/><F126/><W87/><G87/><N who="0" m="52511" /><D95/><U101/><E101/><AGARI ba="0,1" hai="72,73,74,93,96,101,121,122" m="21855,49674" machi="101" ten="40,3900,0" yaku="19,1,52,1" doraHai="91" who="3" fromWho="1" sc="251,0,160,-39,314,0,265,49" /><INIT seed="3,1,0,2,3,33" ten="251,121,314,314" oya="3" hai0="117,71,68,17,100,27,108,18,2,49,109,125,135" hai1="65,132,83,73,19,51,32,1,106,14,113,77,123" hai2="0,64,128,120,9,16,47,111,53,7,101,63,21" hai3="131,37,41,103,110,124,44,87,76,94,13,95,50"/><W85/><G131/><T39/><D39/><U88/><E113/><V84/><F128/><W99/><G124/><T12/><D117/><U102/><E123/><V133/><F120/><W38/><G110/><T79/><D79/><U55/><E32/><V48/><F133/><W115/><G115/><T80/><D80/><U82/><E132/><V121/><F121/><W15/><G87/><T59/><D100/><U78/><E65/><V69/><F111/><N who="0" m="42570" /><D135/><U4/><E102/><V92/><F101/><W96/><G38/><T20/><D125/><U56/><E106/><V66/><F66/><W46/><G76/><T42/><D2/><U91/><E4/><V75/><F84/><W54/><REACH who="3" step="1"/><G85/><REACH who="3" ten="251,121,314,304" step="2"/><T6/><D6/><U105/><E105/><V127/><F127/><W62/><G62/><T26/><D49/><U90/><E1/><V43/><F75/><W74/><G74/><T5/><D5/><U104/><E104/><V97/><F97/><W114/><G114/><T31/><D71/><U45/><E73/><V61/><F61/><W60/><G60/><T34/><D68/><U116/><E116/><V112/><F112/><W52/><G52/><T22/><D42/><U130/><E130/><V10/><F43/><W89/><AGARI ba="1,1" hai="13,15,37,41,44,46,50,54,89,94,95,96,99,103" machi="89" ten="20,3900,0" yaku="1,1,0,1,7,1,53,0" doraHai="33" doraHaiUra="134" who="3" fromWho="3" sc="251,-14,121,-14,314,-14,304,52" /><INIT seed="3,2,0,0,0,109" ten="237,107,300,356" oya="3" hai0="94,101,119,76,131,43,50,123,92,28,124,103,122" hai1="113,85,73,133,135,118,10,74,6,91,59,114,33" hai2="65,81,134,107,32,116,39,63,7,72,102,87,84" hai3="31,13,37,77,21,128,66,132,15,61,67,36,29"/><W57/><G132/><N who="1" m="50762" /><E33/><V49/><F39/><W82/><G128/><T75/><D28/><U83/><E59/><V14/><F32/><W89/><G89/><T20/><D20/><U90/><E118/><V60/><F116/><W52/><G37/><T105/><D119/><U69/><E69/><V30/><F30/><N who="3" m="11275" /><G36/><T22/><D22/><U88/><E90/><V41/><F72/><N who="1" m="27753" /><E91/><V104/><F134/><W99/><G99/><T110/><D75/><U38/><E38/><V40/><F65/><N who="3" m="24587" /><G21/><T19/><D131/><U11/><E11/><V125/><F49/><W121/><G121/><T34/><D50/><U71/><E71/><V70/><F70/><W48/><G48/><T42/><D34/><U25/><E25/><V68/><F68/><W80/><G77/><T55/><D76/><U4/><E4/><V86/><F7/><W117/><G117/><T62/><D123/><U58/><E58/><V47/><F47/><W12/><AGARI ba="2,0" hai="12,13,15,52,57,61,80,82" m="24587,11275" machi="12" ten="30,3000,0" yaku="8,1,54,1" doraHai="109" who="3" fromWho="3" sc="237,-12,107,-12,300,-12,356,36" /><INIT seed="3,3,0,3,4,12" ten="225,95,288,392" oya="3" hai0="70,72,26,88,18,20,48,44,6,126,133,16,21" hai1="52,124,50,127,37,56,55,65,32,109,83,13,74" hai2="53,31,100,101,43,69,15,63,82,19,76,107,75" hai3="131,103,78,5,80,9,68,128,71,24,87,95,27"/><W30/><G103/><T49/><D70/><U8/><E32/><V61/><F31/><W117/><G117/><T112/><D72/><U108/><E37/><V22/><F43/><W118/><G118/><T92/><D133/><U57/><E74/><V121/><F121/><W45/><G95/><T35/><D35/><U93/><E83/><V134/><F134/><W34/><G27/><N who="0" m="14743" /><D126/><N who="1" m="48171" /><E93/><V60/><F69/><W10/><G10/><T81/><D112/><U40/><E40/><V23/><F107/><W33/><G45/><T46/><D6/><U25/><E25/><V114/><F114/><W119/><G34/><T130/><D130/><N who="3" m="49705" /><G119/><T85/><D92/><U132/><E65/><V116/><F116/><W47/><G47/><AGARI ba="3,0" hai="16,21,26,44,46,47,48,49,81,85,88" m="14743" machi="47" ten="30,8000,1" yaku="8,1,52,2,54,2" doraHai="12" who="0" fromWho="3" sc="225,89,95,0,288,0,392,-89" /><INIT seed="4,0,0,4,2,123" ten="314,95,288,303" oya="0" hai0="1,66,129,113,8,72,74,101,51,20,32,0,56" hai1="120,99,78,24,93,79,29,114,36,11,111,7,22" hai2="4,76,52,70,69,124,6,115,97,30,87,118,88" hai3="10,53,92,108,31,2,127,81,41,117,43,46,107"/><T39/><D32/><U86/><E120/><V134/><F115/><W35/><G117/><T38/><D101/><U63/><E114/><V49/><F118/><W50/><G107/><T122/><D122/><U15/><E36/><V57/><F124/><W85/><G127/><T112/><D20/><U14/><E111/><V91/><F134/><W60/><G108/><T3/><D8/><U59/><E15/><V40/><F30/><W104/><G104/><T61/><D51/><U34/><E86/><V135/><F135/><W75/><G92/><T54/><D54/><U103/><REACH who="1" step="1"/><E34/><REACH who="1" ten="314,85,288,303" step="2"/><V102/><F87/><W64/><G35/><T26/><D113/><U95/><E95/><V27/><F97/><W23/><G2/><T131/><D112/><U109/><E109/><V132/><F132/><W121/><G85/><T126/><D126/><U28/><E28/><V125/><F125/><W80/><G31/><T128/><D26/><U9/><E9/><V84/><F84/><W42/><G10/><T47/><REACH who="0" step="1"/><D47/><REACH who="0" ten="304,85,288,303" step="2"/><U89/><E89/><V96/><F88/><W37/><G121/><T19/><D19/><U44/><E44/><V62/><F91/><W90/><G90/><T18/><D18/><U67/><AGARI ba="0,2" hai="7,11,14,22,24,29,59,63,67,78,79,93,99,103" machi="67" ten="20,12000,2" yaku="1,1,0,1,7,1,25,2,8,1,53,0" doraHai="123" doraHaiUra="45" who="1" fromWho="1" sc="304,-60,85,140,288,-30,303,-30" /><INIT seed="5,0,0,4,4,24" ten="244,225,258,273" oya="1" hai0="25,107,13,111,94,18,26,110,126,123,105,81,35" hai1="59,135,5,87,37,127,3,102,76,92,86,10,36" hai2="49,27,16,43,56,41,93,101,44,2,20,48,133" hai3="40,78,31,8,65,129,1,14,19,0,55,15,22"/><U54/><E127/><V75/><F75/><W82/><G129/><T53/><D81/><U121/><E121/><V100/><F2/><W104/><G104/><T95/><D13/><U62/><E135/><V17/><F133/><W99/><G99/><T33/><D53/><U61/><E61/><V21/><F93/><W88/><G65/><T66/><D66/><U71/><E71/><V98/><F98/><W50/><G40/><T77/><D77/><U90/><REACH who="1" step="1"/><E102/><REACH who="1" ten="244,215,258,273" step="2"/><V52/><F43/><W103/><G103/><T7/><D126/><U51/><E51/><V72/><F72/><W70/><G70/><T80/><D123/><U46/><E46/><V63/><F48/><W97/><G50/><T91/><D111/><U96/><E96/><V12/><AGARI ba="0,1" hai="12,16,17,20,21,27,41,44,49,52,56,63,100,101" machi="12" ten="20,8000,1" yaku="0,1,7,1,8,1,54,2" doraHai="24" who="2" fromWho="2" sc="244,-20,215,-40,258,90,273,-20" /><INIT seed="6,0,0,2,3,55" ten="224,175,348,253" oya="2" hai0="70,121,62,65,84,63,28,32,74,108,58,75,20" hai1="31,25,56,66,64,115,106,69,39,13,22,101,83" hai2="21,110,71,102,1,29,51,96,6,24,98,116,76" hai3="10,87,68,78,33,122,114,90,133,118,11,109,132"/><V42/><F71/><W49/><G118/><T5/><D108/><U79/><E39/><V104/><F110/><W134/><G122/><T77/><D32/><U123/><E123/><V17/><F1/><W73/><G109/><T60/><D121/><U82/><E115/><V44/><F6/><W36/><G36/><T30/><D5/><U125/><E125/><V86/><F116/><W54/><G114/><T35/><D35/><U14/><E69/><V85/><F76/><W100/><G33/><T2/><D2/><U112/><E112/><V119/><F119/><W113/><G113/><T131/><D131/><U128/><E128/><V8/><F96/><W93/><G100/><T52/><D62/><U97/><E83/><V105/><F104/><W50/><G68/><T12/><D84/><U99/><E99/><V46/><F46/><N who="3" m="27959" /><G50/><T48/><D48/><U129/><E129/><V19/><F8/><W41/><G41/><T26/><D77/><U15/><REACH who="1" step="1"/><E56/><REACH who="1" ten="224,165,348,253" step="2"/><V67/><F98/><W81/><AGARI ba="0,1" hai="10,11,73,78,81,87,90,93,132,133,134" m="27959" machi="81" ten="40,1500,0" yaku="20,1" doraHai="55" who="3" fromWho="3" sc="224,-4,165,-4,348,-7,253,25" /><INIT seed="7,0,0,1,5,125" ten="220,161,341,278" oya="3" hai0="50,82,7,100,27,93,66,94,101,40,77,36,96" hai1="6,104,87,64,52,130,135,4,41,129,62,22,55" hai2="103,18,108,120,61,54,126,38,85,12,25,124,83" hai3="109,1,68,113,132,47,65,21,89,86,9,37,46"/><W106/><G113/><T88/><D36/><U14/><E104/><V111/><F103/><W107/><G132/><T49/><D7/><U15/><E135/><V10/><F38/><W2/><G21/><T123/><D123/><U78/><E41/><V13/><F25/><W73/><G73/><T84/><D66/><U133/><E133/><V115/><F120/><W53/><G53/><N who="1" m="20554" /><E78/><V23/><F115/><W5/><G1/><T45/><D49/><U99/><E99/><V105/><F105/><W127/><G106/><T75/><D27/><U81/><E81/><V128/><F61/><W16/><G65/><T8/><D8/><U30/><E87/><V19/><F54/><W102/><G107/><T44/><D44/><U39/><E39/><V114/><F85/><W67/><G46/><T72/><D72/><U76/><E76/><V80/><F10/><W63/><G109/><T110/><D110/><U32/><E32/><V26/><F23/><W59/><G47/><T134/><D134/><U57/><E30/><V33/><F26/><W58/><G37/><T29/><D29/><U20/><E15/><V92/><F114/><W48/><G48/><T122/><D122/><U0/><E0/><V121/><F33/><W71/><G2/><T117/><D100/><U69/><E69/><V95/><F121/><W35/><G102/><T56/><D75/><U51/><E51/><V112/><F112/><W98/><G71/><T11/><D101/><U97/><E97/><V34/><F34/><W42/><G35/><T24/><D96/><U118/><E118/><V28/><F28/><RYUUKYOKU ba="0,0" sc="220,-10,161,-10,341,30,278,-10" hai2="12,13,18,19,80,83,92,95,108,111,124,126,128" owari="210,-19.0,151,-34.9,371,47.1,268,6.8" /></mjloggm>