<mjloggm ver="2.3"><GO type="169" lobby="0"/><UN n0="%E3%83%90%E3%82%AD" n1="%73%79%6C%76%65%6F%6E" n2="%E3%82%80%E3%82%89%E3%81%B3%E3%81%A8" n3="%E2%98%86%41%64%72%69%61%6E" dan="16,16,16,16" rate="2114.52,2179.50,2144.98,2207.04" sx="M,M,M,M"/><TAIKYOKU oya="0"/><INIT seed="0,0,0,2,5,21" ten="250,250,250,250" oya="0" hai0="0,74,39,123,109,132,88,56,17,101,121,32,6" hai1="4,64,2,113,70,72,129,80,119,66,3,58,68" hai2="84,52,25,128,111,69,92,54,126,55,51,10,81" hai3="5,7,33,71,127,31,133,48,62,27,45,43,20"/><T35/><D74/><U57/><E119/><V37/><F37/><W114/><G114/><T53/><D39/><U93/><E72/><V61/><F111/><W9/><G133/><T102/><D132/><U120/><E129/><V117/><F128/><W105/><G127/><T90/><D56/><U78/><E80/><V24/><F126/><W116/><G116/><T94/><D17/><U99/><E4/><V118/><F118/><W83/><G105/><T60/><D60/><U65/><E78/><V63/><F117/><W28/><G83/><T87/><D53/><N who="2" m="20586" /><F92/><W124/><G124/><T82/><D6/><U41/><E41/><V89/><F10/><W29/><G33/><T125/><D0/><U8/><E8/><V108/><F69/><W38/><G38/><T47/><D125/><U50/><E120/><V12/><F12/><W46/><G46/><T95/><D47/><U77/><E77/><V85/><F85/><W76/><G76/><T75/><D75/><U34/><E34/><V107/><F107/><W26/><G20/><T104/><D104/><U42/><E113/><V73/><F73/><W115/><G115/><T44/><D44/><N who="1" m="25879" /><E70/><V36/><F36/><W103/><G103/><T59/><D59/><N who="1" m="22539" /><E68/><V18/><F108/><W98/><G98/><T22/><D109/><U86/><E86/><V15/><F63/><W23/><G23/><T11/><D11/><U1/><E93/><V131/><F61/><W112/><G112/><T135/><D135/><U13/><E99/><V122/><F131/><W49/><G5/><T30/><D121/><U16/><E3/><RYUUKYOKU ba="0,0" sc="250,-10,250,30,250,-10,250,-10" hai1="1,2,13,16,64,65,66" /><INIT seed="1,1,0,5,3,40" ten="240,280,240,240" oya="1" hai0="99,80,2,72,35,31,75,122,58,82,70,0,96" hai1="21,62,7,131,59,71,13,103,52,88,61,16,67" hai2="41,26,50,44,114,19,10,130,124,74,81,91,9" hai3="27,46,25,45,76,110,101,49,18,54,117,78,48"/><U11/><E131/><V42/><F130/><W32/><G110/><T53/><D31/><U55/><E103/><V106/><F124/><W15/><G117/><T120/><D58/><U64/><REACH who="1" step="1"/><E88/><REACH who="1" ten="240,270,240,240" step="2"/><V83/><F91/><W3/><G101/><T79/><D79/><N who="3" m="30249" /><G32/><T73/><D35/><U20/><E20/><V17/><F83/><W68/><G3/><AGARI ba="1,1" hai="3,7,11,13,16,21,52,55,59,61,62,64,67,71" machi="3" ten="30,11600,0" yaku="1,1,7,1,54,2,53,0" doraHai="40" doraHaiUra="118" who="1" fromWho="3" sc="240,0,270,129,240,0,240,-119" /><INIT seed="1,2,0,1,0,108" ten="240,399,240,121" oya="1" hai0="62,78,96,46,41,98,109,104,8,56,13,83,86" hai1="24,25,60,38,52,9,54,50,35,2,87,10,132" hai2="23,32,122,21,53,134,115,5,111,4,30,80,133" hai3="58,6,124,101,93,119,100,85,121,112,97,114,0"/><U42/><E132/><N who="2" m="50795" /><F53/><W99/><G121/><T15/><D109/><U51/><E38/><V40/><F40/><W126/><G0/><T47/><D104/><U20/><E42/><V105/><F105/><N who="3" m="63631" /><G6/><N who="2" m="2665" /><F80/><W123/><G58/><T128/><D128/><U11/><E2/><V55/><F55/><W92/><G123/><T12/><D8/><U73/><E73/><V110/><F122/><W71/><G71/><T49/><REACH who="0" step="1"/><D46/><REACH who="0" ten="230,399,240,121" step="2"/><U17/><E60/><V77/><F110/><W44/><G44/><T130/><D130/><U79/><E11/><V39/><F111/><W95/><G119/><T125/><D125/><N who="3" m="48233" /><G85/><T81/><D81/><U88/><E87/><V69/><F69/><W127/><N who="3" m="48241" /><W113/><AGARI ba="2,1" hai="92,93,95,99,101,112,113,114" m="48241,63631" machi="113" ten="50,12000,2" yaku="4,1,18,1,34,2,52,3" doraHai="108" who="3" fromWho="3" sc="230,-32,399,-62,240,-32,121,136" /><INIT seed="2,0,0,5,5,105" ten="198,337,208,257" oya="2" hai0="27,53,7,129,59,58,78,20,33,14,81,32,23" hai1="116,75,104,48,46,28,40,11,98,51,35,66,6" hai2="128,2,113,94,135,15,10,76,56,133,62,34,126" hai3="64,70,4,1,90,44,36,114,18,86,87,38,41"/><V42/><F113/><W109/><G114/><T84/><D129/><U43/><E116/><V25/><F128/><W52/><G109/><T55/><D33/><U74/><E66/><V96/><F2/><W79/><G36/><T106/><D106/><U91/><E35/><V99/><F126/><W107/><G107/><T102/><D102/><U115/><E28/><V69/><F69/><W30/><G30/><T122/><D32/><U95/><E104/><V112/><F112/><W82/><G70/><T83/><D122/><U60/><E60/><V26/><F42/><W49/><G64/><T39/><D39/><U37/><E115/><V134/><F76/><W29/><G29/><T77/><D14/><U130/><E130/><V9/><F9/><W22/><G4/><T101/><D101/><U127/><E127/><V21/><F34/><W120/><G1/><T0/><D0/><U73/><REACH who="1" step="1"/><E43/><REACH who="1" ten="198,327,208,257" step="2"/><V72/><F62/><W8/><G120/><T13/><D53/><U88/><E88/><V45/><F135/><W89/><G89/><T119/><D119/><U12/><AGARI ba="0,1" hai="6,11,12,37,40,46,48,51,73,74,75,91,95,98" machi="12" ten="30,12000,2" yaku="1,1,0,1,52,3,53,1" doraHai="105" doraHaiUra="3" who="1" fromWho="1" sc="198,-30,327,130,208,-60,257,-30" /><INIT seed="3,0,0,4,2,108" ten="168,457,148,227" oya="3" hai0="126,107,39,75,104,97,64,17,76,116,63,91,14" hai1="66,60,4,73,56,1,59,45,114,35,99,71,135" hai2="34,51,118,3,128,93,41,94,22,43,110,81,105" hai3="86,18,53,115,0,79,101,90,50,62,2,122,85"/><W87/><G122/><T38/><D116/><U106/><E73/><V19/><F34/><W72/><G101/><T49/><D126/><U69/><E135/><V127/><F105/><W33/><G33/><T111/><D111/><U6/><E69/><V78/><F3/><W77/><G72/><T117/><D117/><U47/><E114/><V20/><F110/><W98/><G0/><T74/><D49/><U58/><E6/><V68/><F68/><W54/><G2/><T112/><D112/><U52/><E4/><V88/><F128/><W95/><G115/><T132/><D132/><U30/><E52/><N who="3" m="20074" /><G62/><T36/><D107/><U92/><E92/><V130/><F94/><W25/><G50/><T70/><D76/><U89/><E89/><V67/><F67/><W124/><G124/><T103/><REACH who="0" step="1"/><D91/><REACH who="0" ten="158,457,148,227" step="2"/><U48/><E48/><V26/><F127/><W12/><G25/><T82/><D82/><U10/><E106/><V11/><F118/><W21/><AGARI ba="0,1" hai="12,18,21,77,79,85,86,87,90,95,98" m="20074" machi="21" ten="30,3000,0" yaku="8,1,54,1" doraHai="108" who="3" fromWho="3" sc="158,-10,457,-10,148,-10,227,40" /><INIT seed="3,1,0,3,0,19" ten="148,447,138,267" oya="3" hai0="66,106,27,20,17,60,103,121,118,111,36,16,61" hai1="128,28,101,112,122,69,10,55,6,67,0,14,70" hai2="1,99,53,115,11,129,47,90,132,110,78,35,120" hai3="89,25,62,127,92,88,100,33,77,123,113,42,93"/><W73/><G123/><T105/><D118/><U63/><E122/><V4/><F115/><W50/><G113/><T75/><D121/><U114/><E70/><V83/><F35/><W135/><G127/><T24/><D75/><U119/><E119/><V107/><F120/><W74/><G135/><T5/><D36/><U8/><E128/><V34/><F34/><W96/><G100/><T12/><D111/><U94/><E28/><V72/><F110/><W7/><G77/><T30/><D103/><U18/><E101/><V41/><F107/><W57/><G7/><T125/><D125/><U49/><E94/><V3/><F129/><W21/><G50/><T32/><D5/><U124/><E124/><V117/><F117/><W15/><G15/><T13/><D61/><U82/><E82/><V51/><F132/><W43/><G33/><T31/><D12/><U68/><E68/><V84/><F99/><N who="3" m="57743" /><G74/><T134/><D134/><U26/><E26/><V126/><F126/><W9/><G9/><T131/><D131/><U22/><REACH who="1" step="1"/><E10/><REACH who="1" ten="148,437,138,267" step="2"/><V71/><F71/><W104/><G104/><T81/><D81/><U108/><E108/><V54/><F83/><W29/><G73/><T133/><D133/><U91/><E91/><V59/><F72/><W23/><G23/><N who="0" m="11663" /><D106/><U65/><E65/><AGARI ba="1,1" hai="21,25,29,42,43,57,62,65,88,93,96" m="57743" machi="65" ten="30,5800,0" yaku="8,1,52,1,54,1" doraHai="19" who="3" fromWho="1" sc="148,0,437,-61,138,0,267,71" /><INIT seed="3,2,0,2,2,63" ten="148,376,138,338" oya="3" hai0="128,19,119,45,92,81,0,53,9,116,33,78,66" hai1="110,32,69,85,44,104,79,115,83,30,29,50,17" hai2="10,97,77,1,7,130,71,46,103,56,72,48,57" hai3="114,41,20,60,118,99,107,123,124,8,23,74,120"/><W4/><G74/><T52/><D33/><U59/><E115/><V87/><F130/><W112/><G118/><T31/><D31/><U133/><E69/><V111/><F111/><W129/><G129/><T121/><D121/><U55/><E104/><V27/><F71/><W108/><G41/><T126/><D128/><U2/><E2/><V131/><F72/><W76/><G76/><T6/><D126/><U88/><E110/><V51/><F51/><W134/><G108/><T35/><D35/><U90/><E133/><V101/><F101/><W89/><G124/><T61/><D19/><U98/><E32/><V100/><F103/><W122/><G134/><T58/><D92/><N who="1" m="56583" /><E79/><V39/><F39/><W84/><G99/><T75/><REACH who="0" step="1"/><D45/><REACH who="0" ten="138,376,138,338" step="2"/><U28/><E17/><V93/><F131/><W36/><G107/><T109/><D109/><U117/><E117/><AGARI ba="2,1" hai="0,6,9,52,53,58,61,66,75,78,81,116,117,119" machi="117" ten="40,5200,0" yaku="1,1,52,1,54,1,53,0" doraHai="63" doraHaiUra="40" who="0" fromWho="1" sc="138,68,376,-58,138,0,338,0" /><INIT seed="4,0,0,5,2,36" ten="206,318,138,338" oya="0" hai0="35,32,7,87,106,39,133,48,15,115,50,21,107" hai1="127,124,27,73,6,92,47,23,43,131,66,93,0" hai2="67,45,77,51,117,5,98,54,110,12,120,94,62" hai3="26,68,38,14,41,122,74,108,116,78,8,3,20"/><T65/><D39/><U130/><E73/><V63/><F110/><W33/><G108/><T34/><D115/><U1/><E66/><V4/><F120/><W70/><G116/><T25/><D133/><U53/><E53/><V28/><F117/><W121/><G14/><T30/><D65/><U85/><E85/><V118/><F118/><W29/><G20/><T126/><D126/><N who="1" m="48171" /><E93/><V22/><F77/><W71/><G8/><T97/><D87/><U82/><E92/><V55/><F55/><W125/><G3/><N who="1" m="1098" /><E82/><V10/><F4/><W123/><G125/><T84/><D84/><U46/><E6/><V69/><F69/><W75/><G78/><T96/><D107/><U19/><E47/><AGARI ba="0,0" hai="26,29,33,38,41,47,68,70,71,74,75,121,122,123" machi="47" ten="50,8000,1" yaku="13,1,23,2,52,1" doraHai="36" who="3" fromWho="1" sc="206,0,318,-80,138,0,338,80" /><INIT seed="5,0,0,5,3,73" ten="206,238,138,418" oya="1" hai0="82,116,11,26,60,103,96,4,29,13,77,79,49" hai1="117,7,61,132,48,27,42,104,58,83,50,32,28" hai2="34,24,119,134,98,105,118,85,70,87,39,12,92" hai3="110,94,22,52,55,30,41,45,31,10,63,74,37"/><U126/><E117/><V135/><F39/><W65/><G110/><T69/><D116/><N who="2" m="44586" /><F70/><W14/><G74/><T68/><D49/><U23/><E104/><V115/><F12/><W81/><G81/><T80/><D69/><U1/><E126/><V88/><F34/><W91/><G31/><T46/><D46/><U112/><E112/><V76/><F24/><W25/><G94/><T47/><D47/><U59/><E132/><N who="2" m="50731" /><F115/><W72/><G91/><T15/><D15/><U114/><E114/><V16/><F16/><W66/><G72/><T129/><D129/><U86/><E32/><V51/><F51/><W124/><G124/><T108/><D108/><U101/><E7/><V64/><F64/><W100/><G100/><T5/><D5/><U120/><E1/><V33/><F33/><W106/><G106/><N who="0" m="63847" /><D82/><U113/><E59/><V123/><F123/><W9/><G9/><T121/><D80/><U78/><E120/><V19/><F19/><W97/><G66/><N who="0" m="41031" /><D121/><U93/><E113/><V0/><F0/><W133/><G97/><T38/><D38/><U40/><E50/><V36/><F36/><W20/><G20/><T3/><D3/><U111/><E48/><V18/><F18/><N who="3" m="8535" /><G133/><T102/><D102/><U56/><E111/><V89/><F105/><W44/><G44/><T84/><D29/><U99/><REACH who="1" step="1"/><E58/><REACH who="1" ten="206,228,138,418" step="2"/><V17/><F17/><W109/><G109/><T128/><D4/><U35/><E35/><V75/><F89/><W131/><G37/><T62/><D128/><U67/><AGARI ba="0,1" hai="23,27,28,40,42,56,61,67,78,83,86,93,99,101" machi="67" ten="20,18000,2" yaku="1,1,0,1,7,1,25,2,8,1,52,1,53,0" doraHai="73" doraHaiUra="71" who="1" fromWho="1" sc="206,-60,228,190,138,-60,418,-60" /><INIT seed="5,1,0,4,2,5" ten="146,418,78,358" oya="1" hai0="8,28,80,89,56,95,22,45,61,50,109,121,18" hai1="117,41,102,71,34,97,52,104,4,90,81,82,87" hai2="20,38,9,73,135,115,60,108,68,130,124,47,127" hai3="36,103,66,62,133,70,120,67,94,116,12,100,1"/><U92/><E71/><V48/><F73/><W11/><G120/><T33/><D121/><U26/><E41/><N who="2" m="22967" /><F20/><W119/><G36/><T118/><D109/><U132/><E117/><V40/><F9/><W134/><G67/><T98/><D118/><N who="3" m="45097" /><G1/><T69/><D69/><U126/><E126/><N who="2" m="48171" /><F108/><W43/><G43/><N who="0" m="24895" /><D33/><U15/><E132/><N who="3" m="50794" /><G94/><T21/><D80/><U44/><E81/><V99/><F99/><W16/><AGARI ba="1,0" hai="11,12,16,62,66,70,100,103" m="50794,45097" machi="16" ten="30,7900,0" yaku="12,1,20,1,52,1,54,1" doraHai="5" who="3" fromWho="3" sc="146,-21,418,-40,78,-21,358,82" /><INIT seed="6,0,0,5,0,21" ten="125,378,57,440" oya="2" hai0="37,6,134,48,112,124,27,8,46,65,128,89,55" hai1="108,15,135,34,58,22,63,44,10,7,50,95,42" hai2="4,12,66,99,47,35,122,107,56,98,72,32,62" hai3="104,5,39,121,33,57,19,120,0,101,29,88,129"/><V80/><F122/><W92/><G39/><T86/><D112/><U110/><E34/><V16/><F4/><W82/><G82/><T130/><D124/><U90/><E135/><V114/><F114/><W40/><G40/><T97/><D134/><U45/><E45/><V85/><F72/><W94/><G94/><T119/><D119/><U14/><E14/><V9/><F47/><W113/><G113/><T106/><D65/><U77/><E77/><V132/><F132/><W70/><G70/><T51/><D27/><U109/><E109/><V1/><F1/><W60/><G101/><T20/><D20/><U78/><E78/><V84/><F84/><W100/><G100/><N who="0" m="62735" /><D55/><U91/><E91/><V76/><REACH who="2" step="1"/><F99/><REACH who="2" ten="125,378,47,440" step="2"/><N who="3" m="57735" /><G129/><N who="0" m="49771" /><D46/><U53/><E108/><V71/><F71/><W126/><G126/><T123/><D123/><U117/><E110/><V26/><F26/><W83/><G121/><T54/><D37/><U69/><E69/><V79/><F79/><W36/><G120/><T61/><D86/><U111/><E111/><V49/><F49/><W18/><G36/><T68/><D68/><U3/><E117/><V127/><F127/><W23/><G5/><T31/><D48/><U87/><E3/><V93/><F93/><W67/><G0/><T28/><D51/><U133/><E133/><V52/><F52/><W116/><G116/><T11/><D6/><U81/><E95/><V59/><F59/><W103/><G57/><N who="0" m="34999" /><D89/><U17/><E7/><V96/><F96/><W118/><G118/><T38/><D38/><U115/><E115/><V125/><F125/><W105/><G105/><RYUUKYOKU ba="0,1" sc="125,10,378,10,47,10,440,-30" hai0="8,11,28,31" hai1="10,15,17,22,42,44,50,53,58,63,81,87,90" hai2="9,12,16,32,35,56,62,66,76,80,85,98,107" /><INIT seed="6,1,1,5,5,27" ten="135,388,57,410" oya="2" hai0="107,125,89,63,123,55,69,31,66,8,51,126,29" hai1="15,7,35,97,111,72,6,83,10,33,32,120,105" hai2="90,78,16,76,53,3,52,124,86,34,116,131,101" hai3="48,39,118,0,100,58,104,23,127,5,80,59,106"/><V95/><F116/><W130/><G39/><T18/><D107/><U73/><E111/><V22/><F3/><W62/><G118/><T88/><D123/><U56/><E120/><V75/><F34/><W17/><G130/><T25/><D8/><U112/><E112/><V81/><F131/><W37/><G37/><T38/><D38/><U11/><E56/><V119/><F124/><N who="0" m="47722" /><D18/><U42/><E42/><V14/><F119/><W132/><G100/><T82/><D82/><U20/><E20/><V85/><F75/><W108/><G132/><T133/><D31/><U1/><REACH who="1" step="1"/><E83/><REACH who="1" ten="135,378,57,410" step="2"/><N who="2" m="47351" /><F101/><AGARI ba="1,2" hai="1,6,7,10,11,15,32,33,35,72,73,97,101,105" machi="101" ten="40,1300,0" yaku="1,1,53,0" doraHai="27" doraHaiUra="117" who="1" fromWho="2" sc="135,0,378,36,57,-16,410,0" /><INIT seed="7,0,0,5,2,21" ten="135,414,41,410" oya="3" hai0="125,25,87,33,12,77,92,24,111,70,119,84,50" hai1="46,47,62,122,130,29,60,67,99,129,15,56,9" hai2="74,20,102,94,121,31,1,42,82,118,73,96,18" hai3="28,17,93,131,11,107,66,53,115,123,7,32,54"/><W16/><G107/><T104/><D111/><U14/><E122/><V98/><F118/><W97/><G123/><T59/><D119/><U112/><E112/><V75/><F121/><W83/><G115/><T39/><D39/><U8/><E29/><V13/><F1/><W61/><G131/><N who="1" m="50186" /><E99/><N who="2" m="59767" /><F20/><W86/><G28/><T90/><D12/><N who="1" m="4651" /><E62/><V76/><F18/><N who="3" m="7275" /><G32/><T103/><D87/><U22/><E22/><V108/><F42/><W127/><G127/><T34/><D92/><U114/><E114/><V51/><F51/><W0/><G0/><T124/><D77/><U72/><E72/><N who="2" m="27755" /><F13/><N who="3" m="5375" /><G97/><N who="2" m="37481" /><F31/><W38/><G93/><T41/><D59/><U40/><E40/><V128/><F128/><W52/><G38/><T49/><D50/><U27/><E27/><V6/><F6/><W3/><G3/><T19/><D49/><U68/><E68/><V57/><F57/><N who="3" m="34991" /><G66/><T5/><D41/><U23/><E23/><V120/><F120/><W106/><G106/><T132/><D19/><U117/><E117/><V126/><F126/><W48/><G48/><T95/><D5/><U2/><E2/><V105/><F108/><W35/><G35/><T58/><D58/><U81/><E81/><V110/><F110/><W134/><G134/><T91/><D132/><U109/><E109/><V26/><F26/><W116/><G116/><T101/><D24/><U79/><E79/><AGARI ba="0,0" hai="52,54,79,83,86" m="34991,5375,7275" machi="79" ten="30,5800,0" yaku="8,1,54,2" doraHai="21" who="3" fromWho="1" sc="135,0,414,-58,41,0,410,58" owari="135,-26.5,356,15.6,41,-45.9,468,56.8" /></mjloggm>