<mjloggm ver="2.3"><GO type="169" lobby="0"/><UN n0="%6B%72%62" n1="%6D%73%E3%82%80%E3%83%BC%E3%81%95%E3%82%93" n2="%E3%81%97%E3%82%87%E3%81%BC%E3%82%93%EF%BD%8E" n3="%E5%B3%B6%E7%94%B0%E7%9C%9F%E5%A4%A2" dan="16,17,17,16" rate="2196.70,2154.02,2217.97,2134.48" sx="F,F,M,F"/><TAIKYOKU oya="0"/><INIT seed="0,0,0,2,3,55" ten="250,250,250,250" oya="0" hai0="131,126,35,114,49,110,22,51,0,133,44,32,99" hai1="125,97,37,3,108,107,6,63,98,95,118,94,128" hai2="58,105,73,21,61,115,45,80,69,121,12,17,23" hai3="16,122,64,129,81,14,86,42,27,72,4,85,50"/><T9/><D114/><U56/><E118/><V40/><F115/><W33/><G122/><T93/><D126/><U101/><E125/><V112/><F112/><W78/><G129/><T67/><D131/><U48/><E37/><V34/><F34/><W60/><G4/><T106/><D106/><U79/><E108/><V1/><F1/><W91/><G42/><T116/><D116/><U134/><E134/><V10/><F105/><W15/><G50/><T47/><D133/><U2/><E128/><V135/><F69/><W38/><G38/><T90/><D67/><U75/><E48/><V53/><F121/><W25/><G33/><T88/><D110/><U103/><E107/><V100/><F100/><W43/><G43/><T59/><D22/><U123/><E123/><V83/><F135/><W24/><G15/><T82/><D0/><U39/><E39/><V31/><F73/><W13/><G13/><T111/><D9/><U18/><E18/><V66/><F66/><W87/><G91/><T36/><D36/><U77/><E75/><V20/><REACH who="2" step="1"/><F31/><REACH who="2" ten="250,250,240,250" step="2"/><W70/><REACH who="3" step="1"/><G87/><REACH who="3" ten="250,250,240,240" step="2"/><N who="0" m="50295" /><D111/><U41/><E3/><V57/><F57/><W124/><G124/><T8/><D32/><U84/><E84/><V117/><F117/><W11/><AGARI ba="0,2" hai="11,14,16,24,25,27,60,64,70,72,78,81,85,86" machi="11" ten="30,4000,0" yaku="1,1,0,1,54,1,53,0" doraHai="55" doraHaiUra="109" who="3" fromWho="3" sc="250,-20,250,-10,240,-10,240,60" /><INIT seed="1,0,0,4,1,89" ten="230,240,230,300" oya="1" hai0="115,79,14,105,70,6,87,76,91,86,58,82,7" hai1="22,36,69,110,20,53,52,128,24,23,124,64,62" hai2="134,16,121,85,113,99,88,39,59,34,37,108,49" hai3="84,126,81,66,109,56,95,127,77,29,26,116,9"/><U46/><E124/><N who="3" m="47658" /><G116/><T0/><D70/><U38/><E128/><V101/><F121/><W32/><G109/><T44/><D105/><U33/><E110/><V75/><F75/><W97/><G9/><T119/><D119/><U135/><E135/><V31/><F108/><W63/><G97/><T103/><D103/><U100/><E100/><V83/><F134/><W11/><G11/><T120/><D120/><U55/><REACH who="1" step="1"/><E46/><REACH who="1" ten="230,230,230,300" step="2"/><V60/><F101/><W15/><G15/><T133/><D44/><U131/><E131/><V67/><F113/><W54/><G66/><T1/><D133/><U74/><E74/><V65/><F65/><W43/><G43/><T132/><D132/><U3/><E3/><V17/><F67/><W10/><G10/><T102/><D102/><U118/><E118/><V4/><F39/><W35/><G35/><T78/><D14/><U41/><E41/><V104/><F37/><W61/><G32/><T96/><D115/><U80/><E80/><V40/><F83/><W107/><G81/><T106/><D82/><U93/><E93/><V111/><F34/><N who="3" m="20791" /><G95/><N who="0" m="56447" /><D0/><U30/><AGARI ba="0,1" hai="20,22,23,24,30,33,36,38,52,53,55,62,64,69" machi="30" ten="40,7800,0" yaku="1,1,0,1,54,1,53,0" doraHai="89" doraHaiUra="47" who="1" fromWho="1" sc="230,-26,230,88,230,-26,300,-26" /><INIT seed="1,1,0,2,4,75" ten="204,318,204,274" oya="1" hai0="5,91,23,18,127,7,38,78,34,115,101,58,118" hai1="117,37,50,133,66,55,100,84,116,123,22,31,13" hai2="2,30,107,11,89,20,51,103,135,95,134,0,128" hai3="52,39,10,82,15,120,28,132,24,9,19,27,47"/><U21/><E123/><V80/><F128/><W1/><G120/><T112/><D118/><U96/><E37/><V98/><F51/><N who="3" m="28799" /><G39/><T14/><D38/><U56/><E133/><N who="2" m="50699" /><F11/><N who="3" m="6655" /><G132/><T25/><D127/><U32/><E66/><V125/><F125/><W74/><G74/><T71/><D101/><U105/><E84/><N who="2" m="50311" /><F107/><W108/><G108/><T4/><D71/><U110/><E110/><V124/><F124/><W35/><G1/><T90/><D115/><U17/><REACH who="1" step="1"/><E32/><REACH who="1" ten="204,308,204,274" step="2"/><V16/><F30/><W65/><G65/><T122/><D34/><U111/><E111/><V121/><F121/><W92/><G35/><T67/><D122/><U49/><E49/><V93/><F93/><W6/><G28/><T54/><D112/><U129/><E129/><V12/><AGARI ba="1,1" hai="0,2,12,16,20,95,98,103" m="50311,50699" machi="12" ten="30,2000,0" yaku="20,1,54,1" doraHai="75" who="2" fromWho="2" sc="204,-6,308,-11,204,33,274,-6" /><INIT seed="2,0,0,5,1,31" ten="198,297,237,268" oya="2" hai0="59,95,117,25,119,57,104,61,22,51,129,26,128" hai1="124,118,64,131,54,5,10,65,121,123,29,127,52" hai2="77,99,96,15,94,89,50,133,69,105,135,66,55" hai3="100,20,75,16,33,83,49,98,116,40,86,34,3"/><V23/><F77/><W103/><G116/><T92/><D104/><U38/><E118/><N who="0" m="45065" /><D51/><U108/><E29/><V73/><F73/><W18/><G3/><T8/><D8/><U43/><E108/><V62/><F105/><W42/><G75/><T88/><D59/><U79/><E79/><V78/><F78/><W84/><G49/><T113/><D92/><U37/><E10/><V1/><F1/><W134/><G20/><T17/><D26/><U107/><E107/><V14/><F99/><W68/><G98/><N who="0" m="57703" /><D113/><U27/><E27/><V56/><REACH who="2" step="1"/><F23/><REACH who="2" ten="198,297,227,268" step="2"/><W114/><G114/><T6/><D6/><U13/><E5/><V76/><F76/><W97/><G97/><T41/><D41/><U91/><E43/><V122/><F122/><W58/><G42/><T32/><D32/><U47/><E123/><V7/><F7/><W115/><G40/><T46/><D46/><U126/><E121/><V130/><F130/><W125/><G115/><T67/><AGARI ba="0,1" hai="17,22,25,57,61,67,128,129" m="57703,45065" machi="67" ten="30,2000,0" yaku="12,1,54,1" doraHai="31" who="0" fromWho="0" sc="198,30,297,-5,227,-10,268,-5" /><INIT seed="3,0,0,5,5,59" ten="228,292,217,263" oya="3" hai0="46,115,48,50,32,94,84,87,60,83,4,86,8" hai1="30,82,49,71,15,38,88,3,134,54,109,51,118" hai2="1,22,74,130,127,124,65,64,31,90,14,132,2" hai3="11,39,95,81,21,27,67,104,91,119,6,99,97"/><W36/><G119/><T7/><D32/><U26/><E3/><N who="2" m="1035" /><F74/><W62/><G81/><T12/><D115/><U80/><E38/><V111/><F90/><W100/><G11/><T75/><D75/><U78/><E109/><V37/><F37/><W73/><G73/><T131/><D131/><U121/><E121/><V102/><F102/><W76/><G76/><T47/><D83/><U10/><E134/><V41/><F41/><W123/><G6/><T28/><D28/><U133/><E71/><V122/><F65/><W66/><G66/><T114/><D114/><U20/><E133/><V68/><F132/><W23/><G123/><T9/><D94/><U79/><E49/><V0/><F122/><W110/><G110/><T120/><D120/><U89/><E82/><V93/><F93/><W19/><REACH who="3" step="1"/><G21/><REACH who="3" ten="228,292,217,253" step="2"/><T135/><D135/><U126/><E118/><V77/><F77/><W40/><G40/><N who="0" m="24647" /><D8/><U45/><E78/><V116/><F116/><W18/><G18/><T85/><D7/><U34/><E20/><V29/><F111/><W117/><G117/><T58/><D9/><U106/><E126/><V17/><F130/><W53/><G53/><N who="0" m="33871" /><D4/><U112/><E112/><V56/><F0/><W92/><G92/><T70/><D70/><AGARI ba="0,1" hai="19,23,27,36,39,62,67,70,91,95,97,99,100,104" machi="70" ten="30,5800,0" yaku="1,1,7,1,52,1,53,0" doraHai="59" doraHaiUra="5" who="3" fromWho="0" sc="228,-58,292,0,217,0,253,68" /><INIT seed="3,1,0,4,0,133" ten="170,292,217,321" oya="3" hai0="5,61,107,72,95,99,13,28,94,51,90,132,74" hai1="26,82,7,18,22,34,68,2,19,54,41,42,109" hai2="129,125,114,134,24,25,130,40,35,115,70,64,23" hai3="78,1,63,56,45,81,67,76,48,88,47,92,38"/><W119/><G119/><T62/><D132/><U17/><E68/><V59/><F70/><W31/><G1/><T65/><D107/><U128/><E42/><V30/><F40/><W104/><G104/><T57/><D28/><U12/><E41/><V80/><F134/><W112/><G112/><N who="2" m="43049" /><F59/><W126/><G126/><T124/><D124/><U6/><E82/><V36/><F64/><W117/><G117/><T127/><D127/><U21/><E54/><V84/><F36/><W122/><G122/><T87/><D51/><U93/><E93/><V50/><F50/><W103/><G103/><T14/><D5/><N who="1" m="1547" /><E109/><V131/><F125/><W98/><G38/><T91/><D72/><U8/><E128/><V121/><F121/><W4/><G4/><T69/><REACH who="0" step="1"/><D74/><REACH who="0" ten="160,292,217,321" step="2"/><U46/><E2/><V120/><F120/><W66/><G31/><T96/><D96/><U83/><E46/><V49/><F49/><W71/><G47/><T27/><D27/><N who="1" m="14767" /><E83/><V3/><F3/><W89/><G45/><T16/><D16/><U10/><E34/><V118/><F118/><W37/><G37/><T101/><D101/><U58/><E58/><V52/><F25/><W106/><G48/><T123/><D123/><U55/><E18/><V86/><F35/><W100/><G56/><T32/><D32/><U9/><E26/><V105/><F105/><W85/><G71/><T75/><D75/><U102/><E102/><V15/><F80/><W110/><G81/><T20/><D20/><U29/><E29/><V135/><F135/><W113/><G106/><T43/><D43/><U77/><E77/><RYUUKYOKU ba="1,1" sc="160,15,292,15,217,-15,321,-15" hai0="13,14,57,61,62,65,69,87,90,91,94,95,99" hai1="8,9,10,12,19,22,55" /><INIT seed="4,2,1,5,3,9" ten="175,307,202,306" oya="0" hai0="61,98,105,95,34,27,54,125,15,118,0,31,12" hai1="38,29,77,114,76,22,57,66,56,53,41,35,126" hai2="93,78,94,25,36,134,19,81,3,104,88,44,40" hai3="24,67,30,83,91,112,101,1,63,28,32,119,55"/><T5/><D118/><U52/><E35/><V26/><F104/><W71/><G119/><T58/><D105/><U108/><E108/><V70/><F70/><W51/><G112/><T49/><D125/><U133/><E126/><V16/><F134/><W10/><G101/><T127/><D127/><U82/><E133/><V65/><F65/><W131/><G131/><T86/><D86/><U39/><E114/><V117/><F3/><W72/><G28/><T99/><D99/><U107/><E107/><V37/><F37/><W113/><G113/><T75/><D75/><U135/><E135/><V14/><F19/><W111/><G111/><T121/><D121/><U109/><E66/><V84/><F94/><W33/><G33/><T47/><D0/><U50/><E41/><V17/><F17/><W46/><G91/><T69/><D5/><U89/><E89/><V90/><F90/><W122/><G122/><T11/><D11/><U6/><E6/><V7/><F7/><W60/><G60/><T128/><D69/><U64/><E64/><V130/><F130/><W18/><G1/><T2/><D2/><U13/><E29/><V120/><F120/><W102/><G102/><N who="0" m="60767" /><D128/><U96/><E96/><V43/><F43/><W20/><G10/><T4/><D4/><U110/><E110/><V23/><F117/><W73/><G83/><T132/><D132/><U116/><E116/><V8/><F8/><W106/><REACH who="3" step="1"/><G106/><REACH who="3" ten="175,307,202,296" step="2"/><T48/><D61/><N who="1" m="35975" /><E109/><V115/><F115/><W79/><G79/><N who="1" m="30282" /><E82/><V97/><AGARI ba="2,2" hai="14,16,23,25,26,36,40,44,78,81,84,88,93,97" machi="97" ten="20,8000,1" yaku="0,1,7,1,52,1,54,2" doraHai="9" who="2" fromWho="2" sc="175,-42,307,-22,202,106,296,-22" /><INIT seed="5,0,0,2,5,2" ten="133,285,308,274" oya="1" hai0="9,62,102,111,119,55,81,46,91,110,100,56,113" hai1="5,75,63,3,132,83,109,105,28,19,4,67,65" hai2="72,51,97,134,47,50,0,107,1,101,125,18,29" hai3="33,106,84,22,6,90,59,115,124,103,79,11,32"/><U92/><E105/><V49/><F72/><W128/><G124/><T48/><D119/><U64/><E3/><V38/><F125/><W114/><G128/><T34/><D34/><U76/><E132/><V133/><F29/><W99/><G79/><T30/><D30/><U127/><E127/><V21/><F38/><W117/><G117/><T70/><D70/><U74/><E109/><V10/><F47/><W82/><G59/><T85/><D113/><N who="3" m="43017" /><G22/><T78/><D111/><U112/><E112/><V40/><F10/><W116/><G116/><T26/><D26/><U53/><E75/><V17/><F17/><W130/><G130/><T16/><D110/><U37/><E37/><V123/><F40/><W52/><G52/><T118/><D118/><U25/><E19/><V94/><F107/><W86/><G84/><T104/><D104/><U87/><E53/><V95/><F95/><W44/><G44/><T13/><D78/><U39/><E63/><V24/><F123/><W93/><G106/><T15/><D15/><AGARI ba="0,0" hai="6,11,15,32,33,82,86,90,93,99,103" m="43017" machi="15" ten="30,2000,0" yaku="15,1,52,1" doraHai="2" who="3" fromWho="0" sc="133,-20,285,0,308,0,274,20" /><INIT seed="6,0,0,3,3,69" ten="113,285,308,294" oya="2" hai0="91,41,57,63,6,16,73,126,55,18,74,13,17" hai1="84,5,30,66,56,0,39,125,24,35,11,129,104" hai2="131,116,127,53,132,115,10,94,67,2,103,86,89" hai3="124,75,135,118,62,97,1,123,49,27,14,45,15"/><V110/><F116/><W130/><G123/><T21/><D126/><U23/><E125/><V32/><F127/><W60/><G118/><T8/><D73/><U36/><E129/><V108/><F32/><W12/><G124/><T79/><D74/><U81/><E104/><V96/><F131/><W43/><G1/><T100/><D79/><U93/><E93/><V51/><F115/><W109/><G109/><N who="2" m="42089" /><F67/><W80/><G130/><T99/><D41/><U133/><E133/><V46/><F132/><W9/><G135/><T78/><D78/><U72/><E72/><V61/><F61/><W38/><G9/><T113/><D113/><U25/><E56/><V106/><F10/><W107/><G27/><T70/><D70/><U52/><E52/><V111/><F111/><W34/><G34/><T22/><D100/><U82/><E66/><V7/><F7/><W117/><G117/><T31/><D31/><U71/><E71/><V42/><F2/><W90/><G75/><T50/><REACH who="0" step="1"/><D63/><REACH who="0" ten="103,285,308,294" step="2"/><U134/><E134/><V48/><F42/><W59/><G62/><T29/><D29/><U128/><E128/><V44/><F44/><W114/><G114/><T92/><AGARI ba="0,1" hai="6,8,13,16,17,18,21,22,50,55,57,91,92,99" machi="92" ten="30,7900,0" yaku="1,1,0,1,8,1,54,1,53,0" doraHai="69" doraHaiUra="68" who="0" fromWho="0" sc="103,89,285,-20,308,-39,294,-20" /><INIT seed="7,0,0,5,0,44" ten="192,265,269,274" oya="3" hai0="125,103,107,93,130,77,38,33,52,122,41,131,129" hai1="123,36,80,34,94,11,8,68,112,73,71,46,127" hai2="81,49,10,19,98,134,84,31,4,58,61,104,29" hai3="40,117,95,118,106,96,14,39,63,27,9,65,15"/><W90/><G106/><T133/><D122/><U22/><E123/><V110/><F110/><W62/><G40/><T88/><D33/><U124/><E34/><V76/><F134/><W87/><G39/><T83/><D41/><U5/><E22/><V128/><F128/><W53/><G27/><T55/><D38/><U86/><E94/><V72/><F19/><W0/><G0/><T100/><D133/><U30/><E30/><V59/><F72/><W66/><G96/><N who="0" m="61831" /><D103/><U105/><E105/><V102/><F58/><W42/><G42/><T47/><D47/><U114/><E36/><V45/><F59/><W75/><G75/><N who="0" m="43455" /><D125/><N who="1" m="48203" /><E73/><V135/><F61/><W67/><G62/><T12/><D12/><N who="1" m="5135" /><E11/><V108/><F108/><W26/><G26/><T97/><AGARI ba="0,0" hai="52,55,88,93,97,129,130,131" m="43455,61831" machi="97" ten="30,4000,0" yaku="19,1,54,2" doraHai="44" who="0" fromWho="0" sc="192,40,265,-10,269,-10,274,-20" /><INIT seed="8,0,0,1,4,106" ten="232,255,259,254" oya="0" hai0="24,5,93,83,64,0,9,18,39,78,54,122,59" hai1="6,28,34,130,68,65,111,91,49,32,41,128,30" hai2="31,14,51,22,38,27,67,8,16,89,116,124,19" hai3="70,98,33,82,84,81,77,23,26,95,85,96,45"/><T94/><D122/><U25/><E111/><V44/><F124/><W21/><G70/><T110/><D39/><U52/><E41/><V71/><F38/><W87/><G33/><T100/><D100/><U58/><E6/><V36/><F36/><W120/><G120/><T99/><D64/><U102/><E102/><V50/><F116/><W43/><G23/><T109/><D24/><U125/><E125/><V73/><F73/><W76/><G87/><T69/><D69/><U37/><E37/><V107/><F107/><W42/><G45/><T55/><D18/><U72/><E72/><V20/><F89/><W86/><G86/><T53/><D59/><U56/><E68/><V134/><F44/><W119/><G119/><T126/><D126/><U123/><E91/><V48/><F134/><W113/><G113/><T75/><REACH who="0" step="1"/><D99/><REACH who="0" ten="222,255,259,254" step="2"/><U108/><E123/><V117/><F117/><W115/><G115/><T60/><D60/><U47/><E65/><V79/><F71/><W1/><G98/><T15/><D15/><U4/><E58/><V101/><F101/><N who="3" m="60575" /><G1/><T132/><D132/><U135/><E135/><V2/><F2/><W46/><G46/><T121/><D121/><U118/><E118/><V104/><F67/><W63/><G63/><T61/><D61/><U80/><E47/><V129/><F51/><W10/><G10/><T66/><D66/><U131/><E49/><V13/><F50/><W105/><G105/><T103/><D103/><U127/><E127/><V112/><F112/><W3/><G3/><T62/><D62/><U12/><E56/><V88/><F104/><RYUUKYOKU ba="0,1" sc="222,15,255,-15,259,-15,254,15" hai0="0,5,9,53,54,55,75,78,83,93,94,109,110" hai3="21,26,42,43,76,77,81,82,84,85" /><INIT seed="8,1,1,0,0,54" ten="237,240,244,269" oya="0" hai0="92,56,119,72,30,104,26,10,29,83,89,19,91" hai1="33,131,67,39,114,80,41,103,125,69,70,13,94" hai2="126,115,46,133,97,81,101,48,98,52,123,106,50" hai3="53,17,102,113,8,108,43,73,1,111,86,47,78"/><T57/><D104/><U18/><E33/><V99/><F123/><W24/><G113/><T118/><D118/><U60/><E114/><V82/><F115/><W90/><G102/><T51/><D119/><U79/><E125/><V84/><F126/><W105/><G105/><T44/><D72/><U110/><E110/><V37/><F37/><W87/><G87/><N who="0" m="50431" /><D10/><U121/><E121/><V15/><F133/><W27/><G53/><N who="0" m="29927" /><D19/><U55/><E131/><V20/><F101/><W4/><G73/><T107/><D107/><U76/><E70/><V77/><F106/><W135/><G78/><T88/><D91/><U23/><E41/><N who="2" m="24655" /><F81/><W66/><G135/><T65/><D65/><U22/><E39/><V129/><F129/><W112/><G66/><T120/><D120/><U130/><E130/><V0/><F0/><W12/><G112/><T5/><D5/><U62/><E23/><V25/><F99/><W109/><G4/><T100/><D100/><U127/><E127/><V40/><F40/><W116/><G1/><T117/><D117/><U58/><REACH who="1" step="1"/><E80/><REACH who="1" ten="237,230,244,269" step="2"/><V64/><F20/><W3/><G116/><T63/><D63/><U11/><E11/><V74/><F74/><W2/><G111/><T75/><D75/><U34/><E34/><V6/><F82/><N who="3" m="49495" /><G109/><T96/><D26/><U21/><E21/><V68/><F25/><W36/><G108/><T71/><D71/><U14/><E14/><V95/><F68/><W93/><G27/><T31/><AGARI ba="1,2" hai="29,30,31,56,57,88,92,96" m="29927,50431" machi="31" ten="30,11700,0" yaku="8,1,52,2,54,1" doraHai="54" who="0" fromWho="0" sc="237,140,230,-40,244,-40,269,-40" owari="377,47.7,190,-31.0,204,-19.6,229,2.9" /></mjloggm>