<mjloggm ver="2.3"><GO type="169" lobby="0"/><UN n0="%4A%49%4D" n1="%E6%A1%9C%E5%B0%8F%E8%B7%AF%E6%89%8D%E8%8F%AF" n2="%70%65%6E%74%6F%6C%61" n3="%E7%8E%84%E5%8C%96" dan="17,16,18,16" rate="2188.83,2163.48,2231.87,2140.70" sx="F,M,M,M"/><TAIKYOKU oya="0"/><INIT seed="0,0,0,4,3,113" ten="250,250,250,250" oya="0" hai0="92,0,99,68,37,47,64,36,109,71,134,96,30" hai1="56,78,95,123,119,40,12,103,122,20,58,32,121" hai2="60,51,83,46,55,21,6,111,131,1,39,18,114" hai3="79,24,105,97,41,98,34,108,93,76,50,26,62"/><T70/><D0/><U11/><E32/><V15/><F114/><W22/><G108/><T33/><D134/><U86/><E40/><V72/><F131/><W65/><G105/><T77/><D109/><U42/><E42/><V112/><F112/><W82/><G34/><T81/><D64/><U100/><E20/><V66/><F39/><W116/><G116/><T57/><D57/><U125/><E125/><V87/><F72/><W53/><G41/><T19/><D47/><U129/><E129/><V130/><F130/><W102/><G98/><T133/><D133/><U9/><E119/><V69/><F1/><W128/><G128/><T107/><D107/><U59/><E95/><V118/><F6/><W117/><G117/><T3/><D3/><U48/><E48/><V104/><F118/><W5/><G5/><T49/><D49/><U31/><E31/><V16/><F104/><W120/><G82/><T89/><D99/><U127/><E127/><V23/><F111/><W132/><G132/><T29/><D19/><U85/><E78/><V8/><REACH who="2" step="1"/><F18/><REACH who="2" ten="250,250,240,250" step="2"/><W61/><G120/><T10/><D37/><U25/><E121/><V54/><F54/><W4/><G4/><T17/><D36/><U14/><E123/><V126/><F126/><W45/><G65/><T88/><D33/><U115/><E122/><V90/><AGARI ba="0,1" hai="8,15,16,21,23,46,51,55,60,66,69,83,87,90" machi="90" ten="20,12000,2" yaku="1,1,0,1,7,1,25,2,54,1,53,0" doraHai="113" doraHaiUra="91" who="2" fromWho="2" sc="250,-60,250,-30,240,130,250,-30" /><INIT seed="1,0,0,5,2,135" ten="190,220,370,220" oya="1" hai0="84,96,19,53,15,29,57,82,77,121,64,130,67" hai1="63,80,118,56,98,26,131,24,37,22,60,10,95" hai2="48,38,101,42,99,127,132,105,75,36,3,52,85" hai3="11,119,21,81,55,46,27,66,50,90,4,100,18"/><U117/><E37/><V115/><F75/><W17/><G119/><T126/><D130/><U79/><E131/><V103/><F3/><W43/><G100/><T59/><D121/><U35/><E35/><V71/><F71/><W88/><G66/><T16/><D29/><U30/><E10/><V47/><F132/><W123/><G123/><T87/><D96/><U93/><E26/><V62/><F115/><W97/><G97/><T92/><D59/><U44/><E44/><V40/><F103/><W14/><G55/><T124/><D19/><U104/><E104/><V112/><F112/><W9/><REACH who="3" step="1"/><G81/><REACH who="3" ten="190,220,370,210" step="2"/><T0/><D64/><U128/><E128/><V86/><F40/><W134/><G134/><T5/><D67/><U114/><E114/><V31/><F52/><W58/><G58/><T106/><D106/><U41/><E41/><V109/><F99/><W125/><G125/><N who="0" m="48235" /><D53/><U8/><E56/><V83/><F127/><W89/><G89/><N who="0" m="53287" /><D57/><U113/><E113/><V110/><F105/><W12/><AGARI ba="0,1" hai="4,9,11,12,14,17,18,21,27,43,46,50,88,90" machi="12" ten="20,12000,2" yaku="1,1,0,1,7,1,8,1,54,1,53,1" doraHai="135" doraHaiUra="1" who="3" fromWho="3" sc="190,-30,220,-60,370,-30,210,130" /><INIT seed="2,0,0,0,2,91" ten="160,160,340,340" oya="2" hai0="5,19,101,75,114,122,9,43,18,49,41,44,21" hai1="0,126,8,36,16,86,94,100,113,119,23,2,115" hai2="124,130,89,73,61,59,106,26,131,80,85,127,109" hai3="74,12,7,78,6,62,71,135,42,33,103,129,120"/><V95/><F106/><W108/><G120/><T34/><D34/><U70/><E119/><V13/><F26/><W77/><G33/><T102/><D75/><U88/><E70/><V93/><F13/><W39/><G135/><T118/><D114/><U56/><E36/><V32/><F32/><W111/><G103/><T104/><D118/><U25/><E126/><N who="2" m="48171" /><F73/><W105/><G105/><T128/><D128/><N who="2" m="49194" /><F109/><N who="3" m="42059" /><G74/><T133/><D122/><U46/><E46/><V79/><F79/><N who="3" m="30219" /><G12/><T11/><D104/><U3/><E100/><V121/><F121/><W87/><G87/><T132/><D44/><U117/><E117/><V112/><F112/><W83/><G83/><T65/><D21/><U31/><E8/><V66/><AGARI ba="0,0" hai="59,61,66,80,85,89,93,95" m="49194,48171" machi="66" ten="30,11700,0" yaku="18,1,19,1,52,2" doraHai="91" who="2" fromWho="2" sc="160,-39,160,-39,340,117,340,-39" /><INIT seed="2,1,0,3,3,77" ten="121,121,457,301" oya="2" hai0="133,120,9,26,33,104,23,135,67,70,118,82,71" hai1="95,39,10,17,46,54,129,72,69,66,49,84,88" hai2="27,47,132,81,7,5,38,106,105,121,91,131,87" hai3="115,2,85,20,128,21,31,64,112,99,130,124,83"/><V89/><F121/><W13/><G64/><T22/><D120/><U97/><E72/><V43/><F131/><N who="3" m="50219" /><G2/><T44/><D104/><U100/><E129/><V16/><F132/><N who="0" m="50762" /><D118/><U18/><E39/><V119/><F119/><W58/><G58/><T11/><D44/><U80/><REACH who="1" step="1"/><E10/><REACH who="1" ten="121,111,457,301" step="2"/><V48/><F38/><W61/><G124/><T94/><D9/><U123/><E123/><V86/><F106/><W4/><G31/><T74/><D11/><U98/><E98/><V40/><F105/><W52/><G99/><T51/><D33/><U78/><E78/><V114/><F114/><N who="3" m="43563" /><G4/><T90/><D71/><U14/><E14/><V93/><F43/><W113/><G13/><T127/><D70/><U35/><E35/><V42/><F40/><W41/><G41/><T103/><D127/><U96/><E96/><V76/><F76/><N who="3" m="46311" /><G113/><T19/><D23/><AGARI ba="1,1" hai="5,7,16,23,27,42,47,48,81,86,87,89,91,93" machi="23" ten="40,7700,0" yaku="8,1,52,1,54,1" doraHai="77" who="2" fromWho="0" sc="121,-80,111,0,457,90,301,0" /><INIT seed="2,2,0,0,0,103" ten="41,111,547,301" oya="2" hai0="128,73,40,69,87,38,115,47,5,98,44,54,10" hai1="27,48,101,36,30,71,110,100,77,26,60,6,0" hai2="125,65,51,106,108,11,42,7,114,63,131,109,29" hai3="133,62,52,20,117,127,78,4,39,8,21,122,43"/><V49/><F114/><W9/><G122/><T88/><D73/><U80/><E36/><V1/><F125/><W89/><G117/><T75/><D75/><U113/><E113/><V85/><F131/><W61/><G78/><T96/><D69/><U91/><E110/><N who="2" m="42603" /><F29/><W19/><G127/><T105/><D128/><U68/><E91/><V135/><F135/><W124/><G124/><T120/><D120/><U23/><E6/><V81/><F42/><W17/><G39/><T45/><D115/><U41/><E0/><V64/><F106/><W83/><G43/><T104/><D96/><U31/><E41/><V84/><F84/><W22/><G133/><T66/><D66/><N who="2" m="25706" /><F63/><W86/><G62/><T118/><D118/><U74/><E60/><V94/><F94/><W112/><G112/><T13/><D98/><U102/><REACH who="1" step="1"/><E48/><REACH who="1" ten="41,101,547,301" step="2"/><V111/><F111/><W16/><G4/><T126/><D126/><U37/><E37/><V14/><F1/><W132/><G132/><T56/><D40/><U12/><E12/><V15/><F14/><W107/><G107/><T3/><D38/><U32/><AGARI ba="2,1" hai="23,26,27,30,31,32,68,71,74,77,80,100,101,102" machi="32" ten="30,2000,0" yaku="1,1,0,1,53,0" doraHai="103" doraHaiUra="119" who="1" fromWho="1" sc="41,-7,101,36,547,-12,301,-7" /><INIT seed="3,0,0,2,3,17" ten="34,137,535,294" oya="3" hai0="96,41,36,132,44,104,82,80,31,100,77,3,35" hai1="97,84,95,102,25,81,131,78,120,30,58,68,122" hai2="135,12,76,106,10,101,29,91,74,27,39,114,56" hai3="109,51,49,46,117,0,24,20,28,65,21,37,52"/><W75/><G117/><T60/><D82/><U54/><E131/><V5/><F114/><W92/><G37/><T79/><D77/><U48/><REACH who="1" step="1"/><E68/><REACH who="1" ten="34,127,535,294" step="2"/><V45/><F135/><W125/><G125/><T59/><D132/><U128/><E128/><V38/><F38/><W42/><G109/><T6/><D6/><U50/><E50/><V83/><F39/><W111/><G111/><T22/><D35/><AGARI ba="0,1" hai="25,30,35,48,54,58,78,81,84,95,97,102,120,122" machi="35" ten="30,3900,0" yaku="1,1,7,1,53,1" doraHai="17" doraHaiUra="94" who="1" fromWho="0" sc="34,-39,127,49,535,0,294,0" owari="-5,-50.5,176,-22.4,535,63.5,294,9.4" /></mjloggm>