<mjloggm ver="2.3"><GO type="169" lobby="0"/><UN n0="%E3%81%8A%E3%81%98%E3%81%95%E3%82%93" n1="%52%59%4F%40%53%53" n2="%4C%C3%97%57%C3%97%4C" n3="%74%61%6E%70%69%6E%38" dan="19,17,16,16" rate="2280.19,2198.23,2138.55,2127.66" sx="M,M,M,M"/><TAIKYOKU oya="0"/><INIT seed="0,0,0,0,4,128" ten="250,250,250,250" oya="0" hai0="21,90,79,54,86,77,0,26,118,88,16,135,99" hai1="3,93,67,70,55,132,23,116,56,94,121,39,92" hai2="126,105,51,78,104,101,120,103,134,61,38,123,133" hai3="27,24,81,10,112,107,113,89,85,20,111,68,119"/><T127/><D118/><U8/><E121/><N who="2" m="46667" /><F51/><W17/><G107/><N who="2" m="41033" /><F61/><W34/><G68/><T50/><D127/><U32/><E116/><V115/><F38/><W22/><G34/><T69/><D69/><U109/><E32/><V65/><F65/><W9/><G111/><T25/><D135/><N who="2" m="51722" /><F126/><W36/><G36/><T95/><D0/><U42/><E67/><V124/><F124/><W13/><G119/><T31/><D31/><U46/><E39/><V72/><F115/><W82/><G113/><T75/><D26/><U83/><E70/><V43/><F43/><W33/><G112/><T84/><D75/><U35/><E42/><V40/><F40/><W66/><G66/><T63/><D63/><U47/><E55/><V52/><F52/><W53/><G33/><T44/><REACH who="0" step="1"/><D99/><REACH who="0" ten="240,250,250,250" step="2"/><U1/><E132/><V122/><F122/><W19/><G53/><T49/><D49/><U58/><E3/><V100/><F72/><W80/><G9/><T106/><D106/><U114/><E8/><V7/><F7/><AGARI ba="0,1" hai="7,10,13,17,19,20,22,24,27,80,81,82,85,89" machi="7" ten="30,3900,0" yaku="7,1,9,1,8,1" doraHai="128" who="3" fromWho="2" sc="240,0,250,0,250,-39,250,49" /><INIT seed="1,0,0,4,4,19" ten="240,250,211,299" oya="1" hai0="131,98,40,1,51,101,66,113,27,0,4,106,112" hai1="12,78,6,93,132,81,115,43,71,74,9,80,99" hai2="3,75,28,37,48,127,8,134,49,25,64,129,35" hai3="23,62,67,68,125,69,87,65,2,85,95,94,34"/><U105/><E115/><V102/><F134/><W16/><G34/><T18/><D131/><U114/><E114/><V10/><F129/><W30/><G30/><T5/><D66/><U11/><E132/><V128/><F128/><W97/><G2/><T52/><D40/><U133/><E71/><V104/><F37/><W45/><G125/><T17/><D27/><U118/><E133/><V26/><F75/><W86/><G45/><T89/><D89/><U96/><E81/><V13/><F64/><W124/><G124/><T21/><D21/><U123/><E118/><V130/><F127/><W100/><G95/><T103/><D51/><U55/><E123/><V56/><F26/><W53/><G53/><T135/><D135/><U47/><E105/><V42/><F42/><W110/><G110/><T31/><D31/><U61/><E93/><V126/><F126/><W84/><N who="3" m="21504" /><DORA hai="50" /><W44/><G44/><T70/><D106/><U39/><REACH who="1" step="1"/><E9/><REACH who="1" ten="240,240,211,299" step="2"/><V91/><F10/><W79/><G69/><T72/><D70/><U29/><E29/><V73/><F8/><W82/><G68/><T90/><D113/><U33/><E33/><V36/><F35/><W76/><G82/><T108/><D112/><U24/><E24/><V109/><F104/><W41/><G94/><T14/><D108/><U83/><E83/><V38/><F109/><W63/><G79/><T22/><D22/><U7/><E7/><V116/><F130/><W57/><G76/><T32/><D32/><U122/><E122/><V121/><F121/><W88/><G23/><T107/><D107/><U54/><E54/><RYUUKYOKU ba="0,1" sc="240,-10,240,30,211,-10,299,-10" hai1="6,11,12,39,43,47,55,61,74,78,80,96,99" /><INIT seed="1,1,1,2,4,0" ten="230,270,201,289" oya="1" hai0="36,9,43,130,35,24,132,131,86,129,5,111,85" hai1="8,84,10,2,121,125,119,63,60,95,41,16,34" hai2="81,90,4,39,68,28,38,103,33,61,120,114,3" hai3="115,82,117,89,88,92,135,65,26,46,96,80,126"/><U109/><E119/><V67/><F120/><W45/><G115/><T79/><D111/><U112/><E121/><V133/><F114/><W62/><G135/><T22/><D35/><U73/><E73/><V56/><F133/><W118/><G126/><T107/><D107/><U87/><E34/><V32/><F56/><W127/><G127/><T76/><D132/><U14/><E112/><V11/><F103/><W123/><G123/><T113/><D113/><U12/><E2/><V102/><F102/><W74/><G26/><T19/><D43/><U72/><E72/><V75/><F90/><W77/><G82/><T100/><D36/><N who="2" m="13866" /><F28/><W91/><G92/><T71/><D71/><U108/><E125/><V40/><F40/><W30/><G30/><T106/><D100/><U93/><REACH who="1" step="1"/><E41/><REACH who="1" ten="230,260,201,289" step="2"/><V94/><F94/><W25/><G118/><T134/><D134/><U52/><E52/><V50/><F50/><W69/><G117/><T122/><D122/><U83/><E83/><V58/><F81/><W66/><G96/><T124/><D124/><U128/><E128/><V64/><F75/><W78/><G74/><T21/><D106/><U7/><E7/><V116/><F116/><W1/><G80/><T23/><D76/><U55/><E55/><V99/><F99/><W104/><G104/><T57/><D79/><N who="3" m="30217" /><G1/><N who="0" m="175" /><D86/><U97/><E97/><V18/><F33/><W49/><G66/><T110/><D85/><U31/><E31/><V13/><F32/><W44/><G65/><T37/><D131/><U29/><E29/><V27/><F3/><W51/><G51/><T105/><D130/><RYUUKYOKU ba="1,2" sc="230,-10,260,30,201,-10,289,-10" hai1="8,10,12,14,16,60,63,84,87,93,95,108,109" /><INIT seed="1,2,2,1,1,90" ten="220,290,191,279" oya="1" hai0="1,109,125,39,20,3,9,87,42,43,98,108,17" hai1="2,70,8,121,47,126,6,97,103,53,130,35,86" hai2="76,50,45,100,131,101,127,68,128,28,60,26,104" hai3="133,24,19,129,81,62,118,14,10,66,30,72,27"/><U73/><E121/><V132/><F76/><W15/><G133/><T38/><D125/><U134/><E126/><V135/><F127/><W61/><G129/><N who="2" m="49737" /><F68/><W34/><G118/><T57/><D87/><U123/><E123/><V4/><F60/><W41/><G41/><N who="0" m="15371" /><D57/><U94/><E73/><V119/><F4/><W13/><G62/><T69/><D98/><U89/><E70/><V74/><F74/><W25/><G72/><T106/><D106/><U52/><E134/><N who="2" m="51243" /><F104/><W122/><G81/><T85/><D69/><U77/><E130/><V96/><F96/><W18/><G122/><T40/><D85/><U37/><E77/><V67/><F67/><W110/><G110/><T11/><D39/><U44/><E37/><V120/><F119/><W82/><G82/><T48/><D38/><U23/><E97/><V65/><F65/><W64/><G64/><T112/><D1/><U54/><E103/><V33/><F120/><W102/><G102/><T88/><D3/><U83/><E2/><V59/><F59/><W36/><G36/><T31/><D108/><U107/><E107/><V75/><F75/><W56/><G56/><T46/><D109/><U49/><E86/><V113/><F113/><W21/><G61/><T12/><D88/><U84/><E84/><V7/><F7/><N who="3" m="3295" /><G66/><T114/><D114/><U116/><E116/><V111/><F111/><W55/><G55/><AGARI ba="2,2" hai="26,28,33,45,50,55,100,101" m="51243,49737" machi="55" ten="30,2000,0" yaku="19,1,20,1" doraHai="90" who="2" fromWho="3" sc="220,0,290,0,191,46,279,-26" /><INIT seed="2,0,0,4,5,86" ten="220,290,237,253" oya="2" hai0="22,71,135,90,74,105,3,33,88,10,128,40,20" hai1="48,64,18,53,62,78,34,113,46,44,77,115,131" hai2="85,54,66,83,110,52,69,104,29,81,36,38,112" hai3="30,57,7,111,102,56,65,101,5,126,99,4,21"/><V114/><F104/><W75/><G75/><T55/><D71/><U37/><E34/><V49/><F29/><W2/><G2/><T41/><D105/><U98/><E131/><V24/><F24/><W79/><G79/><T134/><D74/><U91/><E78/><V17/><F17/><W97/><G111/><T11/><D55/><N who="2" m="21034" /><F85/><W28/><G126/><T119/><D3/><U70/><E77/><V16/><F16/><W118/><G118/><T25/><D25/><U0/><E0/><V73/><F73/><W1/><G1/><T23/><D33/><U67/><E18/><V95/><F95/><W132/><G132/><N who="0" m="50731" /><D128/><U50/><E37/><N who="2" m="14443" /><F110/><W129/><G65/><T72/><D119/><U63/><E98/><N who="3" m="37386" /><G21/><T82/><D82/><N who="2" m="31242" /><F49/><W14/><G129/><T68/><D72/><U60/><E60/><V27/><F27/><W80/><G80/><T19/><D68/><U15/><E70/><V31/><F31/><N who="3" m="11819" /><G14/><N who="0" m="7639" /><D11/><U13/><E53/><V100/><F69/><W107/><G107/><T92/><D92/><U12/><E15/><V87/><F66/><W96/><N who="3" m="37394" /><W103/><AGARI ba="0,0" hai="4,5,7,56,57,101,102,103" m="11819,37394" machi="103" ten="40,8000,1" yaku="4,1,28,2,8,1" doraHai="86" who="3" fromWho="3" sc="220,-20,290,-20,237,-40,253,80" /><INIT seed="3,0,0,0,3,109" ten="200,270,197,333" oya="3" hai0="96,112,72,119,77,5,129,47,32,37,8,45,71" hai1="128,65,98,114,26,127,66,7,51,99,57,86,16" hai2="56,39,23,2,74,104,13,22,116,73,14,61,91" hai3="110,62,60,93,106,41,132,121,107,134,100,135,105"/><W35/><G35/><T10/><D119/><U50/><E127/><V69/><F69/><W19/><G121/><T88/><D71/><U49/><E7/><V43/><F116/><W24/><G41/><T9/><D32/><U11/><E128/><V125/><F2/><W33/><G110/><T120/><D120/><U123/><E123/><V83/><F104/><W54/><G19/><T103/><D129/><U30/><E114/><V6/><F39/><W92/><G54/><T15/><D77/><U79/><E30/><V17/><F43/><W115/><G115/><T40/><D72/><U64/><E57/><V102/><F102/><W87/><G87/><T70/><D70/><U113/><E113/><V48/><F48/><W25/><G100/><T52/><D112/><U101/><E101/><V111/><F111/><W12/><G12/><T97/><D97/><U59/><E59/><V28/><F6/><W68/><G33/><T34/><D34/><U133/><E133/><V31/><F125/><W63/><REACH who="3" step="1"/><G68/><REACH who="3" ten="200,270,197,323" step="2"/><T38/><D103/><U90/><E99/><V122/><F122/><W84/><G84/><T118/><D118/><U1/><E1/><V0/><F0/><W67/><G67/><T53/><D53/><U18/><E98/><V108/><F108/><W20/><G20/><T85/><D96/><U117/><E117/><V29/><F22/><W27/><AGARI ba="0,1" hai="24,25,27,60,62,63,92,93,105,106,107,132,134,135" machi="27" ten="50,48000,5" yakuman="40" doraHai="109" doraHaiUra="126" who="3" fromWho="3" sc="200,-160,270,-160,197,-160,323,490" /><INIT seed="3,1,0,4,1,95" ten="40,110,37,813" oya="3" hai0="103,20,68,70,10,25,123,7,27,109,73,112,61" hai1="51,86,89,90,15,75,117,35,113,94,31,84,119" hai2="101,21,74,60,92,55,72,26,128,29,48,121,0" hai3="118,132,23,54,76,59,56,100,87,129,91,65,69"/><W46/><G118/><T120/><D73/><U28/><E75/><V22/><F0/><W37/><G132/><T82/><D109/><U8/><E113/><V88/><F128/><W14/><G76/><T44/><D112/><U99/><E35/><V2/><F2/><W134/><G129/><T77/><D103/><U106/><E106/><V24/><F101/><W79/><G79/><T49/><D27/><U30/><E51/><V18/><F121/><W96/><G69/><T64/><D70/><U66/><E66/><V11/><F11/><W133/><G65/><T93/><D93/><U80/><REACH who="1" step="1"/><E86/><REACH who="1" ten="40,100,37,813" step="2"/><V83/><F60/><W42/><G134/><T36/><D49/><U57/><E57/><V105/><F105/><W50/><G59/><T104/><D104/><U124/><E124/><V71/><F71/><W116/><G133/><T16/><D36/><U127/><E127/><V115/><F115/><W19/><G116/><T53/><D44/><U97/><E97/><N who="2" m="57479" /><F72/><W85/><G91/><T78/><D78/><U32/><E32/><V110/><F74/><W130/><G130/><T3/><D53/><U102/><E102/><V52/><F110/><W33/><G33/><T13/><D123/><U12/><E12/><V107/><F107/><AGARI ba="1,1" hai="14,19,23,37,42,46,50,54,56,85,87,96,100,107" machi="107" ten="30,2900,0" yaku="7,1,52,1" doraHai="95" who="3" fromWho="2" sc="40,0,100,0,37,-32,813,42" /><INIT seed="3,2,0,4,2,21" ten="40,100,5,855" oya="3" hai0="62,38,46,17,128,106,16,84,42,92,45,135,100" hai1="12,66,26,126,71,91,55,118,110,114,83,125,33" hai2="68,58,80,109,120,131,32,61,36,35,103,90,87" hai3="52,112,115,31,14,98,129,63,121,75,79,123,20"/><W119/><G119/><T24/><D128/><U51/><E110/><V0/><F0/><W69/><G129/><T7/><D135/><U1/><E1/><V72/><F131/><W28/><G75/><T22/><D106/><U117/><E12/><V23/><F36/><W82/><G98/><T5/><D17/><U134/><E134/><V56/><F109/><W41/><G41/><T50/><D62/><N who="1" m="40407" /><E83/><V39/><F39/><W44/><G28/><T116/><D116/><N who="1" m="44651" /><E91/><V132/><F132/><W73/><G69/><T108/><D108/><U111/><E114/><V59/><F120/><W89/><G89/><T15/><D15/><U78/><E78/><V97/><F72/><W86/><G73/><T30/><D30/><N who="1" m="19671" /><E111/><V64/><F23/><W53/><G14/><T88/><D100/><U29/><E29/><V11/><F11/><W37/><G20/><T77/><D77/><U43/><E43/><AGARI ba="2,0" hai="5,7,16,22,24,38,42,43,45,46,50,84,88,92" machi="43" ten="30,7700,0" yaku="7,1,52,1,54,2" doraHai="21" who="0" fromWho="1" sc="40,83,100,-83,5,0,855,0" /><INIT seed="4,0,0,0,4,70" ten="123,17,5,855" oya="0" hai0="7,81,102,105,107,5,134,54,103,114,123,118,120" hai1="57,132,64,52,133,51,113,124,50,98,42,48,119" hai2="6,22,29,74,45,129,2,96,38,34,108,68,104" hai3="112,49,78,28,0,17,1,53,61,109,122,99,32"/><T86/><D118/><U77/><E119/><V30/><F108/><W20/><G109/><T27/><D114/><U8/><E113/><V126/><F22/><W75/><G122/><T36/><D36/><U33/><E33/><V95/><F68/><W94/><G61/><T89/><D134/><N who="1" m="51819" /><E77/><V88/><F129/><W84/><G75/><T23/><D105/><U55/><E98/><V121/><F121/><W117/><G28/><T66/><D66/><U16/><E124/><V106/><F74/><W125/><G32/><T3/><D54/><N who="1" m="20523" /><E42/><N who="2" m="22743" /><F34/><W26/><G125/><T62/><D120/><U44/><E44/><V41/><F41/><W47/><G117/><T56/><D123/><U135/><N who="1" m="51827" /><U85/><DORA hai="11" /><E85/><V13/><F126/><W92/><G112/><T39/><D86/><U10/><E16/><V80/><F80/><W79/><G0/><T35/><D3/><U69/><E69/><V31/><F2/><W18/><G18/><T67/><D81/><U127/><E127/><V46/><F46/><W128/><G128/><T130/><D130/><U59/><E64/><V110/><F110/><W37/><G37/><T83/><D39/><U24/><E24/><V21/><F21/><W90/><G1/><T115/><D23/><U63/><E63/><V131/><F131/><W116/><G116/><T93/><D62/><U76/><E76/><V4/><F13/><W14/><G26/><T43/><D27/><U15/><E15/><V60/><F60/><W65/><G65/><T73/><D67/><U40/><E40/><V91/><F91/><AGARI ba="0,0" hai="14,17,20,47,49,53,78,79,84,90,91,92,94,99" machi="91" ten="30,3900,0" yaku="7,1,8,1,52,1" doraHai="70,11" who="3" fromWho="2" sc="123,0,17,0,5,-39,855,39" owari="123,-7.7,17,-38.3,-34,-53.4,894,99.4" /></mjloggm>