<mjloggm ver="2.3"><GO type="169" lobby="0"/><UN n0="%41%6D%61%79%62%65" n1="%E7%B4%AB%E3%81%AE%E9%8F%A1" n2="%E7%89%8C%E6%B5%81%E7%8A%B6%E6%85%8B%E9%BA%BB%E9%9B%80" n3="%43%4C%53" dan="16,17,16,20" rate="2129.01,2152.57,2150.67,2143.27" sx="M,M,M,M"/><TAIKYOKU oya="0"/><INIT seed="0,0,0,2,5,15" ten="250,250,250,250" oya="0" hai0="10,64,106,67,95,128,13,123,56,37,0,110,28" hai1="117,93,45,108,42,26,24,9,115,43,90,91,39" hai2="96,131,133,2,135,124,47,17,54,33,78,44,21" hai3="89,80,8,73,25,82,119,107,29,65,88,102,77"/><T60/><D123/><U52/><E117/><V134/><F33/><W111/><G119/><T5/><D106/><U79/><E108/><V81/><F2/><W48/><G111/><T32/><D110/><U99/><E115/><V38/><F131/><W66/><G48/><T70/><D37/><U72/><E42/><V101/><F124/><W130/><G130/><T112/><D128/><U61/><E9/><V41/><F54/><W100/><G8/><T114/><D67/><U63/><E90/><V59/><F59/><W34/><G82/><T126/><D126/><U20/><E26/><V19/><F44/><W23/><G34/><T12/><D70/><U132/><E132/><V4/><F21/><W71/><G71/><T27/><D13/><U55/><E79/><V22/><F22/><W3/><G3/><T11/><REACH who="0" step="1"/><D95/><REACH who="0" ten="240,250,250,250" step="2"/><U58/><E93/><N who="2" m="58511" /><F4/><AGARI ba="0,1" hai="0,4,5,10,11,12,27,28,32,56,60,64,112,114" machi="4" ten="30,2900,0" yaku="1,1,7,1,53,0" doraHai="15" doraHaiUra="92" who="0" fromWho="2" sc="240,39,250,0,250,-29,250,0" /><INIT seed="0,1,0,2,5,65" ten="279,250,221,250" oya="0" hai0="75,58,124,44,64,69,62,121,51,26,0,111,31" hai1="119,16,99,37,66,95,9,114,18,55,15,123,78" hai2="100,88,90,12,29,73,132,17,63,23,112,82,36" hai3="133,89,54,91,84,85,21,32,120,130,68,106,8"/><T98/><D121/><U96/><E119/><V126/><F112/><W48/><G32/><T93/><D124/><U71/><E123/><V34/><F126/><W67/><G106/><T125/><D125/><U40/><E114/><V24/><F36/><W76/><G130/><T6/><D75/><U102/><E78/><V2/><F132/><W79/><G133/><T14/><D0/><U42/><E37/><V83/><F100/><W22/><G8/><T135/><D135/><U107/><E55/><V3/><F63/><W28/><G28/><T131/><D131/><U35/><E35/><V1/><REACH who="2" step="1"/><F73/><REACH who="2" ten="279,250,211,250" step="2"/><W25/><G120/><T50/><D111/><U122/><E122/><V94/><F94/><W20/><G76/><T38/><D38/><U80/><E95/><V5/><F5/><W116/><G79/><T117/><D117/><U49/><E102/><V39/><F39/><W56/><G116/><T60/><D60/><U105/><E105/><V118/><F118/><W110/><G110/><T53/><D50/><U10/><E49/><V128/><F128/><W101/><G101/><T134/><D134/><U45/><E107/><V59/><F59/><W7/><G7/><T43/><D6/><U4/><E4/><V77/><F77/><W109/><G109/><T41/><D93/><U61/><E61/><V74/><F74/><W11/><G48/><T13/><D58/><U115/><E115/><V70/><F70/><W87/><G68/><T97/><D69/><U81/><E71/><V19/><F19/><W129/><G129/><T52/><D51/><U72/><E18/><RYUUKYOKU ba="1,1" sc="279,-10,250,-10,211,30,250,-10" hai2="1,2,3,12,17,23,24,29,34,82,83,88,90" /><INIT seed="1,2,1,4,2,72" ten="269,240,241,240" oya="1" hai0="134,97,80,78,45,74,26,92,13,31,82,93,95" hai1="59,87,116,44,121,52,1,33,110,54,66,40,112" hai2="77,12,127,104,64,63,103,62,88,108,123,106,122" hai3="100,67,133,75,94,49,21,56,57,58,111,68,117"/><U129/><E112/><V107/><F108/><W89/><G111/><T125/><D134/><U27/><E116/><V51/><F127/><W37/><G133/><T101/><D125/><U114/><E114/><V19/><F103/><W119/><G37/><T83/><D13/><U113/><E113/><V25/><F25/><W73/><G100/><T42/><D82/><U28/><E121/><V47/><F77/><W118/><G21/><T76/><D45/><U8/><E110/><V6/><F6/><W39/><G39/><T22/><REACH who="0" step="1"/><D42/><REACH who="0" ten="259,240,241,240" step="2"/><U69/><E40/><V65/><F47/><W61/><REACH who="3" step="1"/><G49/><REACH who="3" ten="259,240,241,230" step="2"/><T24/><D24/><U70/><E27/><V85/><F51/><W81/><G81/><T38/><D38/><U18/><E8/><V102/><F123/><W23/><G23/><T86/><AGARI ba="2,3" hai="22,26,31,74,76,78,80,83,86,92,93,95,97,101" machi="86" ten="20,12000,2" yaku="1,1,0,1,7,1,52,2,53,1" doraHai="72" doraHaiUra="99" who="0" fromWho="0" sc="259,156,240,-62,241,-32,230,-32" /><INIT seed="2,0,0,2,1,92" ten="415,178,209,198" oya="2" hai0="7,29,103,61,80,115,117,21,78,0,24,134,48" hai1="79,126,70,132,42,10,26,74,82,44,39,15,129" hai2="57,63,14,46,53,76,110,64,31,99,60,89,127" hai3="84,16,51,125,47,113,40,124,93,1,27,30,55"/><V108/><F76/><W105/><G105/><T94/><D115/><U59/><E70/><V95/><F127/><W37/><G1/><T121/><D121/><U81/><E126/><V49/><F31/><W87/><G113/><T133/><D117/><U69/><E69/><V25/><F25/><W23/><G124/><T90/><D48/><U3/><E129/><V72/><F72/><W77/><G125/><T50/><D50/><U11/><E132/><V52/><REACH who="2" step="1"/><F14/><REACH who="2" ten="415,178,199,198" step="2"/><W73/><G73/><T54/><D29/><U112/><E26/><V4/><F4/><W122/><G77/><T33/><D7/><U32/><E74/><V135/><F135/><W85/><G122/><T111/><D24/><U2/><E112/><V101/><F101/><W36/><G30/><T97/><D103/><U102/><E102/><V9/><F9/><W12/><G27/><T68/><D78/><U88/><E10/><V58/><AGARI ba="0,1" hai="46,49,52,53,57,58,60,63,64,89,95,99,108,110" machi="58" ten="30,11700,0" yaku="1,1,0,1,52,1,54,1,53,0" doraHai="92" doraHaiUra="130" who="2" fromWho="2" sc="415,-39,178,-39,199,127,198,-39" /><INIT seed="2,1,0,4,5,75" ten="376,139,326,159" oya="2" hai0="125,54,40,33,18,84,46,121,69,99,78,116,30" hai1="119,0,25,89,22,17,74,35,63,82,85,52,41" hai2="86,76,32,111,61,79,50,90,103,27,1,95,117" hai3="28,48,37,9,91,100,49,102,122,124,71,56,107"/><V131/><F117/><W51/><G122/><T31/><D121/><U58/><E119/><V7/><F131/><W83/><G37/><T77/><D69/><U70/><E0/><V104/><F111/><W34/><G71/><T6/><D116/><U24/><E70/><V21/><F32/><W118/><G118/><T55/><D125/><U93/><E41/><V57/><F50/><W4/><G124/><T47/><D6/><U94/><REACH who="1" step="1"/><E74/><REACH who="1" ten="376,129,326,159" step="2"/><V129/><F129/><W98/><G56/><T3/><D3/><U97/><E97/><V38/><F1/><W135/><G98/><T113/><D99/><U13/><E13/><V29/><F38/><W2/><G2/><T133/><D40/><U105/><E105/><V101/><F104/><W109/><G107/><T62/><D84/><U114/><E114/><V19/><F7/><W36/><G36/><T26/><D113/><U108/><E108/><V132/><F132/><W92/><G109/><T15/><D15/><U115/><E115/><V42/><F42/><W59/><G135/><T66/><D133/><U11/><E11/><V123/><F123/><W110/><G9/><T14/><D14/><U128/><E128/><V112/><F112/><W81/><G110/><T127/><D127/><U67/><E67/><N who="2" m="39343" /><F19/><W88/><G4/><T96/><D18/><U12/><E12/><V5/><F5/><W80/><G59/><T130/><D130/><U16/><E16/><V68/><F68/><W43/><G43/><T126/><D126/><U10/><E10/><V39/><F39/><W65/><G65/><T44/><D66/><RYUUKYOKU ba="1,1" sc="376,-15,129,15,326,15,159,-15" hai1="17,22,24,25,35,52,58,63,82,85,89,93,94" hai2="21,27,29,76,79,86,90,95,101,103" /><INIT seed="2,2,1,2,2,31" ten="361,144,341,144" oya="2" hai0="5,72,114,134,27,33,61,68,48,14,105,89,19" hai1="116,67,83,74,58,108,34,111,18,60,123,36,1" hai2="73,75,128,7,76,102,70,40,9,113,93,45,56" hai3="91,109,118,97,13,126,64,90,24,29,55,43,85"/><V127/><F113/><W94/><G109/><N who="1" m="42058" /><E116/><V133/><F70/><W8/><G118/><T112/><D72/><U49/><E36/><V15/><F128/><W39/><G126/><T115/><D134/><U63/><E1/><V96/><F127/><W47/><G64/><T38/><D38/><U135/><E135/><V54/><F76/><W20/><G55/><T124/><D124/><U121/><E34/><V0/><F0/><W25/><G25/><T122/><D122/><N who="1" m="46603" /><E18/><V119/><F133/><W100/><REACH who="3" step="1"/><G85/><REACH who="3" ten="361,144,341,134" step="2"/><T79/><D27/><U21/><E67/><V3/><F119/><W35/><G35/><T2/><D33/><U104/><E104/><V16/><F54/><W37/><G37/><T10/><D105/><U57/><E49/><V95/><F75/><W120/><G120/><T103/><D48/><U6/><E63/><V132/><F73/><W81/><G81/><T11/><D61/><U30/><E60/><V101/><F132/><W26/><G26/><T23/><D112/><U107/><E107/><V82/><F82/><W69/><G69/><T78/><D68/><U77/><E6/><AGARI ba="2,2" hai="6,8,13,20,24,29,39,43,47,90,91,94,97,100" machi="6" ten="30,2000,0" yaku="1,1,7,1,53,0" doraHai="31" doraHaiUra="62" who="3" fromWho="1" sc="361,0,144,-26,341,0,134,46" /><INIT seed="3,0,0,1,0,52" ten="361,118,341,180" oya="3" hai0="36,41,55,97,102,11,87,86,34,47,33,37,7" hai1="112,1,85,8,107,104,93,35,12,15,76,82,117" hai2="44,62,126,89,42,124,6,92,125,108,100,49,30" hai3="134,18,101,94,50,57,38,39,63,99,88,59,16"/><W130/><G130/><T65/><D65/><U103/><E35/><V31/><F108/><W114/><G114/><T128/><D128/><U129/><E129/><V53/><F100/><W25/><G134/><T113/><D113/><U17/><E112/><V32/><F6/><W121/><G121/><T21/><D37/><U135/><E135/><V13/><F13/><W73/><G73/><T69/><D69/><U51/><E117/><V66/><F42/><W68/><G68/><T122/><D21/><U48/><E1/><V106/><F106/><W27/><G101/><T24/><D122/><U54/><E104/><V98/><REACH who="2" step="1"/><F32/><REACH who="2" ten="361,118,331,180" step="2"/><W111/><G111/><T58/><D34/><U61/><E107/><V45/><F45/><W20/><G39/><T77/><D33/><U91/><E15/><V119/><F119/><W23/><G38/><T116/><D116/><U74/><REACH who="1" step="1"/><E103/><REACH who="1" ten="361,108,331,180" step="2"/><V95/><F95/><W22/><G27/><T79/><D24/><U131/><E131/><V72/><F72/><W75/><G75/><T118/><D102/><U67/><E67/><V64/><F64/><N who="3" m="39023" /><G25/><T40/><D118/><U109/><E109/><V14/><F14/><W4/><G4/><T90/><D7/><U96/><E96/><V2/><F2/><W0/><G0/><T3/><D3/><U60/><E60/><V56/><AGARI ba="0,2" hai="30,31,44,49,53,56,62,66,89,92,98,124,125,126" machi="56" ten="30,7900,0" yaku="1,1,0,1,18,1,52,1,53,0" doraHai="52" doraHaiUra="127" who="2" fromWho="2" sc="361,-20,108,-20,331,99,180,-39" /><INIT seed="4,0,0,0,4,84" ten="341,88,430,141" oya="0" hai0="49,47,113,91,45,103,112,30,57,54,58,1,123" hai1="73,48,11,110,44,61,107,135,64,125,41,81,63" hai2="43,86,3,68,77,96,37,2,53,12,83,98,108" hai3="133,90,89,116,131,29,117,65,18,74,87,17,72"/><T10/><D103/><U32/><E32/><V97/><F108/><W21/><G29/><T79/><D79/><U109/><E107/><V35/><F35/><W104/><G65/><T66/><D30/><U71/><E73/><V19/><F68/><W129/><G104/><T36/><D1/><U100/><E100/><V22/><F43/><W120/><G87/><T15/><D123/><U7/><E135/><V127/><F37/><W76/><G76/><T31/><D31/><U27/><E125/><V5/><F127/><W114/><G21/><T42/><D66/><U16/><E63/><V34/><F34/><W20/><G20/><T92/><D112/><U105/><E81/><V130/><F130/><W82/><G82/><T80/><D113/><U13/><REACH who="1" step="1"/><E105/><REACH who="1" ten="341,78,430,141" step="2"/><V59/><REACH who="2" step="1"/><F5/><REACH who="2" ten="341,78,420,141" step="2"/><W56/><G114/><T102/><D102/><U69/><E69/><V40/><F40/><W128/><G128/><T60/><D42/><U118/><E118/><V85/><F85/><W121/><G133/><T134/><D134/><U67/><E67/><V0/><F0/><W115/><G115/><T106/><D106/><U99/><E99/><V52/><F52/><W28/><G129/><T75/><D54/><U6/><E6/><V24/><F24/><W8/><G131/><T132/><D132/><U95/><E95/><V9/><F9/><W124/><G124/><T122/><D92/><U126/><E126/><V88/><F88/><W4/><G89/><T38/><D91/><U25/><E25/><V50/><AGARI ba="0,2" hai="2,3,12,19,22,50,53,59,77,83,86,96,97,98" machi="50" ten="30,2000,0" yaku="1,1,0,1,53,0" doraHai="84" doraHaiUra="39" who="2" fromWho="2" sc="341,-10,78,-5,420,40,141,-5" /><INIT seed="5,0,0,0,5,109" ten="331,73,460,136" oya="1" hai0="40,59,28,125,102,78,34,111,38,29,56,1,83" hai1="84,31,24,67,106,114,36,92,126,9,130,53,115" hai2="21,131,112,104,32,55,65,15,5,107,96,128,66" hai3="42,22,33,57,17,44,39,16,81,85,45,70,13"/><U30/><E106/><V4/><F32/><W14/><G70/><T113/><D1/><U76/><E36/><V105/><F96/><W132/><G132/><T80/><D111/><U101/><E126/><V50/><F112/><N who="1" m="43049" /><E130/><N who="2" m="49707" /><F21/><W27/><G33/><T12/><D38/><U98/><E67/><N who="2" m="25611" /><F15/><W90/><G44/><AGARI ba="0,0" hai="4,5,44,50,55,104,105,107" m="25611,49707" machi="44" ten="40,1300,0" yaku="19,1" doraHai="109" who="2" fromWho="3" sc="331,0,73,0,460,13,136,-13" /><INIT seed="6,0,0,3,2,115" ten="331,73,473,123" oya="2" hai0="87,92,108,67,79,125,35,44,49,14,93,31,58" hai1="123,42,6,100,135,86,71,73,19,83,76,75,110" hai2="64,107,5,94,28,13,114,7,111,25,36,124,128" hai3="105,80,91,84,60,81,2,63,89,95,102,62,109"/><V30/><F107/><W119/><G109/><T53/><D108/><U27/><E110/><V88/><F111/><W134/><G2/><T97/><D125/><U65/><E135/><V1/><F1/><W126/><G126/><T98/><D35/><U24/><E123/><V20/><F124/><W96/><G134/><T9/><D31/><U129/><E129/><V16/><F114/><W46/><G119/><T66/><D79/><U131/><E131/><V117/><F117/><W74/><G89/><T26/><D26/><U39/><E6/><N who="2" m="2059" /><F36/><W8/><G8/><T32/><D32/><U4/><E4/><V68/><F68/><W15/><G15/><T103/><D87/><U122/><E122/><V37/><F37/><W21/><G21/><T85/><D85/><U10/><E39/><V101/><F64/><W51/><REACH who="3" step="1"/><G74/><REACH who="3" ten="331,73,473,113" step="2"/><T118/><D118/><U121/><E10/><N who="2" m="6199" /><F128/><W50/><G50/><T33/><D33/><U133/><E133/><V38/><F38/><W59/><G59/><T12/><D12/><U34/><E75/><V120/><F120/><W47/><G47/><T11/><D11/><U99/><E73/><V72/><F72/><W29/><G29/><T54/><D14/><U130/><E121/><V70/><F30/><W41/><AGARI ba="0,1" hai="41,46,51,60,62,63,80,81,84,91,95,96,102,105" machi="41" ten="30,8000,1" yaku="1,1,0,1,53,3" doraHai="115" doraHaiUra="57" who="3" fromWho="3" sc="331,-20,73,-20,473,-40,113,90" /><INIT seed="7,0,0,2,1,99" ten="311,53,433,203" oya="3" hai0="67,58,50,113,28,40,133,46,5,23,60,45,130" hai1="3,100,68,31,62,22,25,91,126,120,27,73,89" hai2="44,52,61,41,69,70,101,128,20,134,103,29,74" hai3="108,75,55,63,4,125,24,92,7,84,64,9,43"/><W95/><G75/><T39/><D5/><U114/><E73/><V6/><F74/><W90/><G125/><T57/><D130/><U86/><E120/><V76/><F76/><W107/><G107/><T118/><D118/><U30/><E126/><V1/><F134/><W93/><G108/><T78/><D78/><U110/><E110/><V21/><F128/><W42/><G55/><T8/><D8/><U12/><E3/><V96/><F103/><W26/><G63/><T47/><D47/><U65/><E114/><V2/><F6/><W94/><G64/><T54/><D133/><U56/><E68/><V105/><F70/><W36/><G4/><T97/><D97/><U14/><E89/><V123/><F123/><W35/><G35/><T104/><D104/><U51/><E51/><V48/><F21/><W49/><G36/><T85/><D85/><U82/><REACH who="1" step="1"/><E100/><REACH who="1" ten="311,43,433,203" step="2"/><V135/><F101/><W116/><G49/><T77/><D113/><U106/><E106/><V111/><F69/><W15/><G116/><T98/><D50/><U18/><E18/><V11/><F1/><W81/><N who="3" m="23552" /><DORA hai="10" /><W131/><G131/><T117/><D117/><U0/><E0/><V13/><F2/><W38/><G38/><T122/><D39/><U83/><E83/><V33/><F111/><W59/><G81/><T109/><D109/><U66/><E66/><V71/><F105/><W53/><G90/><T112/><D67/><U19/><E19/><V17/><F48/><N who="3" m="31143" /><G84/><T127/><D127/><U16/><E16/><V87/><F87/><W37/><G37/><T119/><D119/><RYUUKYOKU ba="0,1" sc="311,-15,43,15,433,-15,203,15" hai1="12,14,22,25,27,30,31,56,62,65,82,86,91" hai3="7,9,15,24,26,42,43" /><INIT seed="7,1,1,5,4,0" ten="296,58,418,218" oya="3" hai0="48,104,24,35,78,5,60,26,107,22,9,118,127" hai1="72,36,50,96,4,110,97,6,84,68,119,70,80" hai2="103,51,14,86,69,7,27,85,76,25,37,11,8" hai3="131,38,31,10,63,108,66,12,75,115,120,59,45"/><W1/><G120/><T21/><D118/><U129/><E36/><V58/><F37/><W94/><G75/><T90/><D78/><U112/><E72/><V41/><F69/><W52/><G1/><T47/><D127/><U15/><E110/><V39/><F39/><W87/><G108/><T132/><D132/><U19/><E119/><V99/><F11/><W13/><G115/><T74/><D74/><U55/><E112/><V56/><F41/><W33/><G131/><T122/><D122/><U123/><E123/><V2/><F2/><W42/><G33/><T20/><D90/><U81/><E129/><V121/><F121/><W64/><G31/><T29/><D60/><U128/><E128/><V106/><F51/><W124/><G13/><T62/><D62/><U130/><E130/><V114/><F114/><W34/><G34/><T105/><D26/><U54/><E15/><V109/><F109/><W40/><G40/><T44/><REACH who="0" step="1"/><D48/><REACH who="0" ten="286,58,418,218" step="2"/><U133/><E133/><V117/><F76/><W43/><G124/><T23/><D23/><U91/><E50/><V125/><F125/><W46/><G43/><T98/><D98/><U135/><E135/><V67/><F27/><W113/><G113/><T53/><D53/><U111/><E111/><V28/><F117/><W57/><G57/><T79/><D79/><U100/><E91/><V102/><F58/><W18/><G46/><T71/><D71/><U92/><E84/><V3/><F56/><W93/><G87/><T116/><D116/><U49/><E49/><V73/><F86/><W30/><G30/><T83/><D83/><RYUUKYOKU ba="1,2" sc="286,15,58,-15,418,-15,218,15" hai0="5,9,20,21,22,24,29,35,44,47,104,105,107" hai3="10,12,18,38,42,45,52,59,63,64,66,93,94" /><INIT seed="7,2,2,0,3,129" ten="301,43,403,233" oya="3" hai0="135,98,6,33,72,68,47,132,43,90,116,73,44" hai1="22,125,25,110,50,61,99,40,123,118,70,8,21" hai2="60,64,9,122,114,115,34,67,84,39,0,95,4" hai3="103,27,82,56,76,30,81,79,112,89,127,48,74"/><W105/><G112/><N who="2" m="43049" /><F122/><W101/><G127/><T51/><D33/><U17/><E123/><V121/><F121/><W83/><G89/><T88/><D68/><U77/><E110/><V102/><F34/><W92/><G105/><T35/><D35/><U36/><E125/><V93/><F39/><W113/><G113/><T20/><D6/><U130/><E130/><V57/><F102/><W96/><G103/><T18/><D116/><U120/><E120/><V108/><F108/><W78/><G74/><T10/><D10/><U7/><E118/><V55/><F84/><W11/><G11/><T16/><D98/><U14/><E36/><V85/><F85/><W42/><G42/><T38/><D38/><U12/><E77/><V32/><F32/><W75/><G75/><T128/><D128/><U133/><E99/><V49/><F67/><W119/><G119/><T2/><D51/><U19/><E50/><V109/><F109/><W97/><G97/><T71/><D71/><AGARI ba="2,2" hai="0,4,9,49,55,57,60,64,71,93,95" m="43049" machi="71" ten="30,1000,0" yaku="15,1" doraHai="129" who="2" fromWho="0" sc="301,-16,43,0,403,36,233,0" owari="285,8.5,43,-45.7,439,53.9,233,-16.7" /></mjloggm>