<mjloggm ver="2.3"><GO type="169" lobby="0"/><UN n0="%E8%82%89%E5%9B%A3%E5%AD%90%E5%85%88%E7%94%9F" n1="%E3%83%8A%E3%82%AB%E3%81%AB%E3%81%97" n2="%6D%73%64%31%31%32%30" n3="%E3%81%82%E3%81%84%E3%81%93%E3%81%99" dan="16,16,17,16" rate="2057.54,2106.64,2214.07,2144.96" sx="M,M,M,M"/><TAIKYOKU oya="0"/><INIT seed="0,0,0,0,4,129" ten="250,250,250,250" oya="0" hai0="77,29,23,133,41,48,108,64,124,109,54,103,49" hai1="100,45,120,82,119,16,21,13,71,115,8,1,93" hai2="74,5,107,104,40,12,78,105,131,67,14,110,56" hai3="19,7,2,69,34,0,96,134,35,6,62,9,63"/><T72/><D124/><U135/><E119/><V31/><F131/><W44/><G96/><T101/><D64/><U97/><E120/><V4/><F110/><N who="0" m="42602" /><D72/><U112/><E71/><V94/><F40/><W28/><G44/><N who="0" m="25615" /><D77/><U24/><E1/><V79/><F74/><W20/><G69/><T10/><D10/><U3/><E3/><V70/><F70/><W58/><G63/><T121/><D121/><U39/><E82/><V32/><F79/><W73/><G73/><T122/><D122/><U15/><E39/><V27/><F78/><W102/><G9/><T25/><D133/><U81/><E45/><AGARI ba="0,0" hai="23,25,29,45,49,54,101,103" m="25615,42602" machi="45" ten="30,2900,0" yaku="14,1,10,1" doraHai="129" who="0" fromWho="1" sc="250,29,250,-29,250,0,250,0" /><INIT seed="0,1,0,5,5,14" ten="279,221,250,250" oya="0" hai0="75,96,79,20,12,55,113,69,59,43,50,100,25" hai1="30,83,88,77,39,128,45,38,3,105,114,116,7" hai2="87,61,108,32,34,35,68,129,60,21,16,102,86" hai3="24,127,98,84,123,112,65,121,78,67,56,9,103"/><T4/><D113/><U5/><E116/><V115/><F108/><W117/><G117/><T90/><D69/><U29/><E105/><V122/><F122/><W85/><G112/><T81/><D43/><U74/><E128/><V130/><F115/><W42/><G42/><T26/><D90/><U76/><E114/><V93/><F68/><W66/><G127/><T62/><D62/><U99/><E76/><V95/><F102/><W58/><G9/><T101/><D101/><U36/><E45/><V109/><F109/><W80/><G85/><T63/><D63/><U44/><E44/><V47/><F47/><W125/><G125/><T51/><D51/><U13/><E3/><V72/><F72/><W71/><G71/><T54/><D54/><U104/><E104/><V57/><F61/><W19/><G123/><T8/><REACH who="0" step="1"/><D20/><REACH who="0" ten="269,221,250,250" step="2"/><U97/><E88/><V132/><F130/><W94/><G121/><T73/><D73/><U18/><E38/><V107/><F129/><W31/><G103/><T48/><D48/><U49/><E49/><V70/><F70/><W119/><G119/><T27/><D27/><U89/><E39/><V10/><F21/><W135/><G24/><T6/><D6/><N who="1" m="2059" /><E89/><V110/><F110/><W106/><G67/><T41/><D41/><U2/><E36/><V126/><F126/><W64/><G66/><T111/><D111/><U118/><E118/><V91/><F91/><W40/><G65/><T52/><D52/><U46/><E74/><V92/><F60/><W133/><G40/><T134/><D134/><U22/><E22/><V11/><F132/><RYUUKYOKU ba="1,1" sc="269,30,221,-10,250,-10,250,-10" hai0="4,8,12,25,26,50,55,59,75,79,81,96,100" /><INIT seed="0,2,1,1,0,95" ten="299,211,240,240" oya="0" hai0="112,78,48,24,122,47,38,10,106,49,40,107,80" hai1="62,53,77,84,82,129,93,118,69,8,124,96,22" hai2="86,73,71,23,45,88,33,97,64,125,6,99,36" hai3="68,3,21,29,9,111,43,115,75,19,0,56,83"/><T101/><D112/><U41/><E118/><V130/><F33/><W55/><G68/><T4/><D122/><U108/><E108/><V133/><F73/><W13/><G111/><T103/><D24/><U32/><E32/><V65/><F6/><W89/><G43/><T98/><D103/><U17/><E129/><V5/><F130/><W34/><G34/><T94/><D94/><U76/><E124/><V58/><F125/><W28/><G115/><T116/><D107/><U67/><E41/><V44/><F5/><W12/><G0/><T30/><D30/><U39/><E53/><V134/><F23/><W11/><G3/><T85/><REACH who="0" step="1"/><D116/><REACH who="0" ten="289,211,240,240" step="2"/><U92/><E92/><V131/><F131/><W25/><G29/><T16/><D16/><U119/><E119/><V87/><F133/><W100/><G100/><T105/><D105/><U126/><E93/><V110/><F110/><W35/><G35/><T57/><D57/><U37/><E17/><V61/><F134/><W31/><G31/><T51/><D51/><U81/><E126/><V42/><F58/><W14/><G28/><T123/><D123/><U70/><E70/><V72/><F71/><W117/><G117/><T135/><D135/><U54/><E69/><V113/><F113/><W109/><G109/><T104/><D104/><U60/><E39/><V120/><F36/><W18/><G18/><T114/><D114/><U128/><E37/><V66/><F120/><W79/><G25/><T121/><D121/><U20/><E128/><V91/><F61/><W127/><G127/><T26/><D26/><U7/><E60/><RYUUKYOKU ba="2,2" sc="289,30,211,-10,240,-10,240,-10" hai0="4,10,38,40,47,48,49,78,80,85,98,101,106" /><INIT seed="0,3,2,1,5,120" ten="319,201,230,230" oya="0" hai0="47,32,64,93,81,9,133,5,88,107,121,58,61" hai1="21,125,111,6,18,10,57,63,1,62,92,71,95" hai2="113,60,79,76,87,51,97,89,16,91,73,13,84" hai3="41,72,19,37,29,112,27,50,86,48,43,123,36"/><T17/><D121/><U66/><E125/><V25/><F113/><W83/><G123/><T78/><D107/><U128/><E128/><V55/><F73/><W118/><G112/><T108/><D32/><U131/><E131/><V15/><F60/><W2/><G72/><T104/><D104/><U28/><E28/><V105/><F105/><W135/><G118/><T30/><D30/><U103/><E111/><V45/><F97/><W65/><G65/><T26/><D47/><U106/><E103/><V12/><F25/><W0/><G19/><T70/><D108/><U98/><E98/><V46/><F16/><W67/><G67/><T42/><D42/><U114/><E106/><V110/><F110/><W53/><G135/><T7/><D70/><U14/><REACH who="1" step="1"/><E114/><REACH who="1" ten="319,191,230,230" step="2"/><V90/><REACH who="2" step="1"/><F46/><REACH who="2" ten="319,191,220,230" step="2"/><W122/><G122/><T82/><D133/><U34/><E34/><V77/><AGARI ba="3,4" hai="12,13,15,45,51,55,76,77,79,84,87,89,90,91" machi="77" ten="40,16000,3" yaku="1,1,2,1,0,1,29,2,8,1,53,3" doraHai="120" doraHaiUra="85" who="2" fromWho="2" sc="319,-83,191,-43,220,209,230,-43" /><INIT seed="1,0,0,0,4,127" ten="236,148,429,187" oya="1" hai0="88,110,124,37,78,128,90,38,63,69,46,17,31" hai1="91,85,13,14,86,101,60,40,83,75,18,19,117" hai2="68,53,45,116,76,41,25,50,3,118,5,20,62" hai3="15,134,79,34,54,120,27,0,93,55,125,32,77"/><U52/><E117/><V58/><F76/><W8/><G120/><T35/><D124/><U61/><E75/><V94/><F68/><W57/><G125/><T107/><D107/><U26/><E40/><V11/><REACH who="2" step="1"/><F94/><REACH who="2" ten="236,148,419,187" step="2"/><W111/><G79/><T114/><D78/><N who="1" m="46327" /><E101/><V51/><F51/><W12/><G93/><T131/><D69/><U89/><E60/><V82/><F82/><W113/><G77/><T59/><D63/><U9/><E26/><V102/><F102/><W64/><G27/><T43/><D38/><U133/><E133/><V23/><F23/><W98/><G134/><T129/><D37/><U132/><E132/><V22/><F22/><W103/><G103/><T65/><D90/><U42/><E42/><V48/><F48/><W87/><G34/><T7/><D35/><U39/><E39/><V67/><F67/><W71/><G64/><T105/><D65/><U21/><E86/><V112/><F112/><W122/><G87/><T33/><D43/><U106/><E106/><V29/><AGARI ba="0,1" hai="3,5,11,20,25,29,41,45,50,53,58,62,116,118" machi="29" ten="20,5200,0" yaku="1,1,0,1,7,1,53,1" doraHai="127" doraHaiUra="24" who="2" fromWho="2" sc="236,-13,148,-26,419,62,187,-13" /><INIT seed="2,0,0,0,0,10" ten="223,122,481,174" oya="2" hai0="27,3,36,94,93,44,26,99,61,23,29,39,52" hai1="15,97,133,80,118,7,134,128,129,113,50,21,131" hai2="96,40,119,63,112,46,4,1,87,70,60,11,34" hai3="13,124,69,66,57,89,49,53,108,16,37,17,6"/><V110/><F119/><W65/><G108/><T98/><D3/><U54/><E118/><V103/><F34/><W81/><G37/><T33/><D94/><U55/><E113/><V101/><F112/><W107/><G107/><T12/><D98/><U75/><E97/><V76/><F101/><W67/><G69/><T62/><D12/><U8/><E21/><V106/><F70/><W109/><G109/><T28/><D62/><U100/><E100/><V35/><F35/><W19/><G124/><T24/><D24/><U84/><E75/><V68/><F68/><W95/><G81/><T56/><REACH who="0" step="1"/><D44/><REACH who="0" ten="213,122,481,174" step="2"/><N who="1" m="27975" /><E55/><V77/><F110/><W14/><G6/><T22/><D22/><U125/><E125/><V2/><F1/><W64/><N who="3" m="16384" /><DORA hai="31" /><W90/><G90/><AGARI ba="0,1" hai="23,26,27,28,29,33,36,39,52,56,61,90,93,99" machi="90" ten="30,8000,1" yaku="1,1,7,1,52,1,54,1,53,1" doraHai="10,31" doraHaiUra="92,111" who="0" fromWho="3" sc="213,90,122,0,481,0,174,-80" /><AGARI ba="0,0" hai="7,8,15,80,84,90,128,129,131,133,134" m="27975" machi="90" ten="30,2000,0" yaku="19,1,52,1" doraHai="10,31" who="1" fromWho="3" sc="303,0,122,20,481,0,94,-20" /><INIT seed="3,0,0,5,2,41" ten="303,142,481,74" oya="3" hai0="121,119,25,23,112,63,26,45,126,58,36,50,0" hai1="96,59,3,134,82,20,64,122,127,12,19,33,117" hai2="94,104,49,14,78,37,91,28,29,18,93,113,74" hai3="108,21,111,30,81,67,97,42,55,51,89,40,35"/><W2/><G2/><T38/><D119/><U15/><E122/><V125/><F104/><W44/><G35/><T24/><D121/><U62/><E3/><V133/><F37/><W7/><G7/><T54/><D0/><U79/><E33/><V65/><F133/><W100/><G67/><T118/><D118/><U66/><E117/><V56/><F125/><W98/><G30/><T95/><D126/><U80/><E127/><V86/><F74/><W129/><G129/><T90/><D112/><U103/><E134/><V114/><F78/><W9/><G9/><T70/><D70/><U16/><E79/><V77/><F77/><W53/><G21/><T135/><D135/><U43/><E43/><N who="3" m="16426" /><G55/><T105/><D105/><U57/><E96/><V123/><F123/><W109/><G100/><T27/><D50/><U34/><E34/><V115/><F65/><W87/><AGARI ba="0,0" hai="44,51,53,81,87,89,97,98,108,109,111" m="16426" machi="87" ten="40,7800,0" yaku="14,1,10,1,52,1" doraHai="41" who="3" fromWho="3" sc="303,-26,142,-26,481,-26,74,78" /><INIT seed="3,1,0,5,3,49" ten="277,116,455,152" oya="3" hai0="107,61,19,128,38,88,113,53,16,93,20,25,130" hai1="71,90,10,114,81,55,34,86,54,111,46,135,74" hai2="63,45,50,127,57,110,124,43,67,21,131,40,0" hai3="101,84,77,100,65,23,42,133,47,76,80,41,7"/><W73/><G133/><T99/><D38/><U72/><E114/><V8/><F110/><W78/><G65/><T30/><D107/><U118/><E71/><V18/><F131/><N who="0" m="50218" /><D113/><U102/><E34/><V92/><F92/><W44/><G7/><T68/><D68/><U132/><E111/><V69/><F69/><W6/><G6/><T89/><D89/><U112/><E112/><V106/><F106/><W48/><G23/><T24/><D24/><U14/><E102/><V126/><F8/><W11/><G11/><T79/><D79/><U32/><E32/><V35/><F35/><W27/><G27/><T117/><D117/><U96/><E96/><V104/><F104/><W119/><G119/><T56/><AGARI ba="1,0" hai="16,19,20,25,30,53,56,61,88,93,99" m="50218" machi="56" ten="30,7900,0" yaku="19,1,52,1,54,2" doraHai="49" who="0" fromWho="0" sc="277,82,116,-21,455,-21,152,-40" /><INIT seed="4,0,0,1,4,61" ten="359,95,434,112" oya="0" hai0="0,7,128,44,114,115,94,37,14,121,79,17,66" hai1="46,134,103,32,3,132,100,27,89,111,73,6,105" hai2="1,57,35,54,19,122,78,77,41,47,30,20,22" hai3="75,71,99,87,21,23,10,24,106,91,25,101,8"/><T118/><D118/><U59/><E111/><V85/><F1/><W112/><G112/><N who="0" m="43051" /><D121/><U2/><E73/><V72/><F72/><W135/><G135/><N who="1" m="51754" /><E105/><V80/><F35/><W95/><G75/><T126/><D79/><U70/><E70/><V39/><F30/><W29/><REACH who="3" step="1"/><G71/><REACH who="3" ten="359,95,434,102" step="2"/><T65/><D126/><U119/><E119/><V93/><F122/><W97/><G97/><T5/><D128/><U125/><E125/><V55/><F78/><W76/><G76/><T45/><D94/><U33/><E33/><V104/><F93/><W68/><G68/><T42/><D44/><U113/><E46/><V109/><F104/><W64/><G64/><N who="0" m="24683" /><D0/><U60/><E2/><V13/><F109/><W116/><G116/><T56/><D56/><U120/><E59/><V84/><F57/><W90/><G90/><T67/><D67/><U102/><E89/><V81/><F81/><W107/><G107/><T69/><D69/><U110/><E113/><V11/><F85/><W63/><G63/><T88/><D88/><U82/><E60/><V133/><F133/><W31/><AGARI ba="0,1" hai="8,10,21,23,24,25,29,31,87,91,95,99,101,106" machi="31" ten="20,5200,0" yaku="1,1,0,1,7,1,9,1,53,0" doraHai="61" doraHaiUra="108" who="3" fromWho="3" sc="359,-26,95,-13,434,-13,102,62" /><INIT seed="5,0,0,3,0,63" ten="333,82,421,164" oya="1" hai0="78,112,52,66,94,2,85,77,81,24,64,1,48" hai1="103,57,32,26,54,109,93,90,72,89,36,31,59" hai2="61,38,98,80,19,133,34,74,106,105,7,101,113" hai3="92,79,14,102,20,107,73,71,119,108,51,9,22"/><U114/><E36/><V10/><F34/><W84/><G108/><T5/><D94/><U117/><E117/><V122/><F122/><W41/><G71/><T96/><D96/><U43/><E72/><V8/><F38/><W37/><G37/><T62/><D24/><U11/><E109/><V49/><F133/><W118/><G73/><T111/><D111/><U53/><E114/><V12/><F49/><W121/><G107/><T39/><D39/><U15/><E43/><V110/><F110/><W123/><G22/><T21/><D21/><U3/><E103/><V67/><F106/><W76/><G20/><T16/><D62/><U91/><E3/><V25/><F25/><W50/><G50/><T88/><D48/><U65/><E93/><V87/><F74/><W134/><G134/><T30/><D30/><U60/><REACH who="1" step="1"/><E57/><REACH who="1" ten="333,72,421,164" step="2"/><V86/><F113/><W128/><G102/><T13/><D1/><U127/><E127/><V99/><F101/><W46/><G119/><T130/><D2/><U126/><E126/><V131/><F105/><W116/><G118/><T4/><D112/><U104/><E104/><V83/><F83/><W100/><G116/><T132/><D81/><U33/><E33/><V42/><F42/><W68/><G100/><T70/><D132/><U120/><E120/><V27/><F80/><W129/><G121/><T18/><D70/><U40/><E40/><V135/><F135/><W55/><G68/><T125/><D125/><U56/><E56/><V44/><F44/><W17/><G41/><T82/><D82/><U58/><E58/><V28/><F131/><RYUUKYOKU ba="0,1" sc="333,-10,72,30,421,-10,164,-10" hai1="11,15,26,31,32,53,54,59,60,65,89,90,91" /><INIT seed="5,1,1,3,3,7" ten="323,102,411,154" oya="1" hai0="16,66,85,24,91,133,67,1,132,100,87,63,86" hai1="52,105,102,42,35,10,116,81,78,106,2,21,103" hai2="84,6,56,104,37,64,83,88,48,9,93,79,76" hai3="15,92,101,112,135,109,122,39,90,45,14,70,53"/><U111/><E116/><V4/><F104/><W107/><G109/><T120/><D1/><U38/><E35/><V99/><F37/><W71/><G122/><T69/><D100/><U3/><E111/><V97/><F97/><W30/><G30/><T75/><D75/><N who="1" m="43231" /><E21/><V96/><F96/><W72/><G72/><T68/><D120/><U59/><E3/><V98/><F98/><W125/><G101/><T32/><D32/><U77/><E77/><V20/><F20/><W27/><G107/><T50/><D50/><N who="1" m="31127" /><E106/><V44/><F79/><W51/><G39/><T19/><D91/><U89/><E89/><V0/><F6/><W82/><G82/><T95/><D95/><U11/><E11/><V131/><F56/><W12/><G27/><T49/><D49/><U54/><E54/><V47/><F64/><W117/><G117/><T17/><D24/><U5/><E105/><V65/><F65/><W22/><G22/><T121/><D121/><U113/><E113/><V33/><F33/><W127/><G112/><T55/><D55/><U28/><E28/><V61/><F61/><AGARI ba="1,1" hai="16,17,19,61,63,66,67,68,69,85,86,87,132,133" machi="61" ten="50,3200,0" yaku="9,1,54,1" doraHai="7" who="0" fromWho="2" sc="323,45,102,0,411,-35,154,0" /><INIT seed="6,0,0,1,4,26" ten="368,102,376,154" oya="2" hai0="37,117,54,4,51,115,129,65,99,63,104,79,71" hai1="18,74,90,28,70,73,93,44,103,14,12,131,43" hai2="64,3,61,25,20,56,52,89,88,7,78,21,31" hai3="109,98,76,97,85,6,82,50,62,19,110,32,87"/><V132/><F132/><W96/><G6/><T119/><D115/><U112/><E70/><V60/><F78/><W15/><G32/><T81/><D37/><U39/><E112/><V100/><F100/><W11/><G62/><T105/><D4/><U0/><E131/><V72/><F72/><W80/><REACH who="3" step="1"/><G50/><REACH who="3" ten="368,102,376,144" step="2"/><T102/><D129/><U113/><E0/><V106/><F7/><W41/><G41/><T1/><D119/><U101/><E113/><V22/><F3/><W133/><G133/><T107/><D117/><U59/><E74/><V45/><F106/><W84/><G84/><T123/><D1/><U46/><E73/><V108/><F108/><W120/><G120/><T116/><D123/><U33/><E43/><V134/><F134/><W53/><G53/><T75/><D116/><U16/><E39/><V27/><F45/><AGARI ba="0,1" hai="45,51,54,63,65,71,75,79,81,99,102,104,105,107" machi="45" ten="30,1000,0" yaku="7,1" doraHai="26" who="0" fromWho="2" sc="368,20,102,0,376,-10,144,0" /><INIT seed="7,0,0,4,2,126" ten="388,102,366,144" oya="3" hai0="117,7,47,102,21,58,33,108,69,80,26,53,38" hai1="20,55,24,97,105,130,9,65,23,25,44,81,36" hai2="6,52,87,67,74,94,31,14,10,75,114,113,98" hai3="135,91,51,101,5,16,103,32,49,79,99,43,40"/><W133/><G32/><T42/><D108/><U95/><E105/><V129/><F67/><W54/><G5/><T1/><D69/><U46/><E36/><V50/><F31/><W61/><G79/><T77/><D33/><U29/><E65/><V27/><F27/><W82/><G61/><T107/><D107/><U57/><E130/><V70/><F70/><W104/><G103/><T37/><D102/><U85/><E9/><V19/><F129/><W78/><G91/><T115/><D37/><U64/><E64/><V92/><F87/><W119/><G16/><T11/><D117/><U93/><E85/><V109/><F109/><W30/><G30/><T118/><D118/><U59/><E81/><V73/><F6/><W34/><G34/><T68/><D68/><U18/><E59/><V84/><F84/><W15/><G15/><T131/><D131/><U45/><REACH who="1" step="1"/><E97/><REACH who="1" ten="388,92,366,144" step="2"/><V17/><F17/><W134/><G119/><T71/><D71/><U22/><E22/><V76/><F76/><W120/><G120/><T72/><D21/><U122/><E122/><V8/><F8/><W100/><G100/><T110/><D110/><U96/><E96/><V66/><F66/><W89/><G89/><T125/><D125/><U90/><E90/><N who="2" m="55575" /><F94/><W62/><G82/><T127/><D127/><U48/><AGARI ba="0,1" hai="18,20,23,24,25,29,44,45,46,48,55,57,93,95" machi="48" ten="30,4000,0" yaku="1,1,0,1,8,1,53,0" doraHai="126" doraHaiUra="106" who="1" fromWho="1" sc="388,-10,92,50,366,-10,144,-20" owari="378,47.8,142,-25.8,356,15.6,124,-37.6" /></mjloggm>