<mjloggm ver="2.3"><GO type="169" lobby="0"/><UN n0="%65%76%31%36%33%38%34" n1="%61%6D%61%69%6B%61" n2="%4A%49%4D" n3="%45%72%77%69%6E%52%64" dan="17,17,17,16" rate="2150.42,2176.45,2195.32,2119.89" sx="M,M,F,M"/><TAIKYOKU oya="0"/><INIT seed="0,0,0,0,2,67" ten="250,250,250,250" oya="0" hai0="63,21,104,80,84,28,71,88,97,36,6,96,69" hai1="2,98,135,64,50,100,24,92,34,41,116,29,49" hai2="65,91,57,46,66,119,132,53,62,105,3,40,12" hai3="101,128,103,9,43,131,72,54,114,74,113,10,4"/><T22/><D36/><U25/><E116/><V102/><F3/><W121/><G43/><T120/><D120/><U15/><E2/><V58/><F91/><W76/><G54/><T38/><D38/><U18/><E135/><V17/><F132/><W7/><REACH who="3" step="1"/><G76/><REACH who="3" ten="250,250,250,240" step="2"/><T14/><D104/><U81/><E41/><V32/><F53/><W26/><G26/><T45/><D45/><U99/><E25/><V73/><F105/><W33/><G33/><T1/><D1/><U85/><E64/><V37/><F66/><W60/><G60/><T77/><D63/><U130/><E130/><V118/><F32/><W51/><G51/><T122/><D122/><AGARI ba="0,1" hai="4,7,9,10,72,74,101,103,113,114,121,122,128,131" machi="122" ten="25,3200,0" yaku="1,1,22,2,53,0" doraHai="67" doraHaiUra="47" who="3" fromWho="0" sc="250,-32,250,0,250,0,240,42" /><INIT seed="1,0,0,5,4,74" ten="218,250,250,282" oya="1" hai0="101,15,132,100,122,116,52,63,117,10,105,83,106" hai1="50,44,67,92,78,113,129,60,9,47,85,79,6" hai2="65,25,54,20,1,121,135,35,80,75,109,81,32" hai3="94,55,68,124,120,45,12,0,87,38,58,28,64"/><U103/><E113/><V40/><F121/><W97/><G120/><T118/><D122/><U126/><E129/><V61/><F1/><W107/><G0/><T123/><D123/><U48/><E126/><V24/><F109/><W86/><G107/><T46/><D132/><U90/><E103/><V19/><F135/><W22/><G124/><T41/><D106/><U134/><E134/><V93/><F40/><W76/><G68/><T130/><D130/><U133/><E133/><V27/><F54/><W51/><G38/><T102/><D105/><U111/><E111/><V16/><F93/><W36/><G36/><T89/><D89/><U114/><E114/><V127/><F127/><W42/><G64/><T110/><D83/><U72/><E72/><V43/><F43/><W11/><G22/><T91/><D91/><U71/><E48/><V77/><F81/><W34/><G28/><T39/><D110/><U96/><E96/><V112/><F112/><W17/><G34/><T2/><D2/><U104/><E104/><V56/><REACH who="2" step="1"/><F19/><REACH who="2" ten="218,250,240,282" step="2"/><W119/><G42/><T131/><D131/><U108/><E108/><V8/><F8/><W125/><G125/><T23/><D10/><U37/><E37/><V82/><F82/><W3/><G3/><T4/><D52/><U18/><E18/><V49/><F49/><W99/><G94/><T70/><D118/><U29/><E50/><V88/><F88/><W26/><G45/><T98/><D117/><U62/><E62/><V53/><F53/><W7/><G119/><T73/><D116/><U84/><E47/><V31/><F31/><RYUUKYOKU ba="0,1" sc="218,-10,250,-10,240,30,282,-10" hai2="16,20,24,25,27,32,35,56,61,65,75,77,80" /><BYE who="0" /><INIT seed="2,1,1,5,3,130" ten="208,240,270,272" oya="2" hai0="5,108,2,54,124,37,32,93,90,88,53,110,133" hai1="112,64,73,129,35,59,50,4,86,78,62,19,11" hai2="113,1,68,92,126,23,114,107,30,0,105,120,118" hai3="18,25,106,38,26,39,33,7,84,17,12,132,75"/><V40/><F40/><UN n0="%65%76%31%36%33%38%34" /><W15/><G75/><T101/><D37/><U76/><E112/><V46/><F46/><W52/><G106/><T55/><D32/><U58/><E35/><V103/><F118/><W72/><G72/><T16/><D2/><U87/><E129/><V67/><F92/><W102/><G33/><T94/><D5/><U36/><E19/><V29/><F120/><W56/><G7/><T42/><D42/><U27/><E27/><V85/><F85/><W21/><G102/><T13/><D124/><U111/><E111/><N who="0" m="42537" /><D133/><U48/><E36/><V63/><F126/><W104/><G104/><T70/><D70/><U109/><E109/><V117/><F117/><W100/><G100/><T45/><D45/><U135/><E135/><V74/><F74/><W134/><G84/><T41/><D41/><U99/><E99/><V81/><F107/><W80/><G80/><T10/><D94/><U44/><E44/><V98/><F81/><W66/><G56/><T96/><AGARI ba="1,1" hai="10,13,16,53,54,55,88,90,93,96,101" m="42537" machi="96" ten="40,5200,0" yaku="14,1,54,2" doraHai="130" who="0" fromWho="0" sc="208,65,240,-14,270,-27,272,-14" /><INIT seed="3,0,0,0,4,6" ten="273,226,243,258" oya="3" hai0="91,65,52,79,93,94,82,51,58,125,114,10,106" hai1="15,101,129,44,24,72,70,108,63,41,83,34,36" hai2="5,13,56,8,127,88,118,128,122,28,46,107,67" hai3="62,119,135,25,21,77,89,45,116,59,113,17,66"/><W95/><G113/><T20/><D106/><U68/><E108/><V74/><F118/><W35/><G135/><T90/><D125/><U37/><E129/><V26/><F74/><W132/><G132/><T73/><D114/><U4/><E36/><V71/><F107/><W54/><G77/><T85/><D20/><U29/><E101/><V109/><F71/><W81/><G81/><T0/><D65/><U76/><REACH who="1" step="1"/><E63/><REACH who="1" ten="273,216,243,258" step="2"/><V49/><F109/><W111/><G111/><T14/><D0/><U103/><E103/><V39/><F39/><W96/><REACH who="3" step="1"/><G35/><REACH who="3" ten="273,216,243,248" step="2"/><T2/><D2/><U131/><E131/><V43/><F128/><W75/><G75/><T19/><D73/><U16/><E16/><V31/><F127/><W12/><G12/><T102/><D102/><U57/><E57/><V18/><F18/><W3/><G3/><T7/><D19/><U55/><E55/><V11/><F56/><W97/><G97/><T38/><D38/><U42/><E42/><V23/><F43/><W84/><G84/><T60/><D60/><U110/><E110/><V1/><F1/><W100/><G100/><T33/><D33/><U32/><E32/><V121/><F13/><W47/><G47/><T133/><D133/><U99/><E99/><V40/><F46/><W69/><G69/><T134/><D134/><U78/><E78/><V105/><F40/><W117/><G117/><T27/><D79/><U130/><E130/><V64/><F105/><W126/><G126/><T22/><D91/><U104/><E104/><V87/><F88/><W53/><G53/><T61/><D61/><RYUUKYOKU ba="0,2" sc="273,10,216,10,243,-30,248,10" hai0="7,10,14,22,27,51,52,58,82,85,90,93,94" hai1="4,15,24,29,34,37,41,44,68,70,72,76,83" hai3="17,21,25,45,54,59,62,66,89,95,96,116,119" /><INIT seed="3,1,2,5,4,7" ten="283,226,213,258" oya="3" hai0="95,121,109,68,4,55,10,43,77,32,18,124,102" hai1="108,50,38,94,72,96,47,9,21,26,57,112,28" hai2="135,86,48,58,105,12,62,122,52,49,107,99,14" hai3="82,133,61,13,93,79,60,23,84,101,116,115,56"/><W118/><G115/><T39/><D68/><U130/><E112/><V76/><F135/><W120/><G120/><T25/><D55/><U126/><E72/><V67/><F122/><W66/><G133/><T8/><D121/><U111/><E38/><V17/><F49/><W134/><G134/><T1/><D77/><U85/><E130/><V81/><F99/><W114/><G114/><T128/><D43/><U83/><E57/><V53/><F53/><W34/><G34/><T63/><D63/><U6/><E126/><V104/><REACH who="2" step="1"/><F17/><REACH who="2" ten="283,226,203,258" step="2"/><W3/><G116/><T87/><D18/><U123/><E123/><V44/><AGARI ba="1,3" hai="12,14,44,48,52,58,62,67,76,81,86,104,105,107" machi="44" ten="30,7900,0" yaku="1,1,2,1,0,1,54,1,53,0" doraHai="7" doraHaiUra="37" who="2" fromWho="2" sc="283,-21,226,-21,203,112,258,-40" /><INIT seed="4,0,0,4,5,75" ten="262,205,315,218" oya="0" hai0="113,85,91,68,77,110,47,81,99,25,86,60,80" hai1="40,29,103,59,106,31,132,9,64,69,58,23,7" hai2="22,34,70,95,108,30,0,109,82,39,54,92,4" hai3="131,79,116,45,14,67,19,120,122,87,44,126,130"/><T5/><D113/><U88/><E132/><V129/><F70/><W105/><G105/><T90/><D110/><U74/><E69/><V93/><F39/><W125/><G67/><T101/><D5/><U124/><E124/><N who="3" m="47722" /><G116/><T112/><D112/><U127/><E127/><V56/><F34/><W65/><G65/><T53/><D68/><U21/><E74/><V61/><F129/><N who="3" m="49163" /><G87/><T2/><D2/><U37/><E106/><V32/><F32/><W17/><G79/><T135/><D135/><U115/><E103/><V123/><F123/><N who="3" m="47147" /><G14/><T50/><D60/><U97/><E40/><V33/><F82/><W111/><G111/><T118/><D118/><U102/><E102/><V36/><F109/><W42/><G42/><T15/><D15/><U107/><E107/><V12/><F108/><W43/><G43/><T100/><D99/><U89/><E37/><V46/><F36/><W11/><G11/><T28/><REACH who="0" step="1"/><D91/><REACH who="0" ten="252,205,315,218" step="2"/><U78/><E88/><V98/><F98/><W10/><G10/><T134/><D134/><U26/><E89/><V84/><F12/><W8/><G8/><T72/><D72/><U57/><E97/><V38/><F61/><W121/><G121/><T6/><D6/><U18/><E7/><V96/><F4/><W49/><G49/><T104/><D104/><U76/><E9/><V13/><F13/><W48/><G48/><T51/><D51/><U133/><E133/><V27/><F96/><W1/><G1/><T83/><D83/><U119/><E115/><V35/><F0/><W128/><G128/><T16/><D16/><AGARI ba="0,1" hai="16,17,19,44,45" m="47147,49163,47722" machi="16" ten="40,12000,2" yaku="28,2,18,1,19,1,13,1,54,1" doraHai="75" who="3" fromWho="0" sc="252,-120,205,0,315,0,218,130" /><INIT seed="5,0,0,5,2,20" ten="132,205,315,348" oya="1" hai0="135,87,103,82,34,114,59,67,77,54,111,102,110" hai1="95,4,115,83,6,108,84,48,62,68,74,90,96" hai2="9,32,15,28,133,92,5,60,65,126,13,89,88" hai3="107,80,131,63,17,132,35,29,2,76,16,112,129"/><U57/><E115/><V46/><F133/><W45/><G107/><T120/><D67/><U125/><E125/><V116/><F116/><W124/><G112/><T37/><D114/><U33/><E33/><V97/><F126/><W119/><G124/><T55/><D37/><U30/><E30/><V71/><F46/><W122/><G122/><T128/><D34/><U93/><E68/><V75/><F75/><W99/><G2/><T39/><D39/><U18/><E48/><V36/><F36/><W26/><G119/><T52/><D135/><U19/><E74/><V0/><F32/><W24/><G99/><T22/><D120/><U25/><E93/><V78/><F78/><W85/><G132/><T61/><D128/><N who="3" m="49225" /><G45/><T12/><D111/><U44/><E44/><V53/><F28/><N who="3" m="19847" /><G63/><T70/><D70/><U113/><E108/><V98/><F98/><W43/><G43/><T56/><D110/><U27/><E113/><V1/><F0/><W134/><G134/><T47/><D47/><U123/><E123/><V109/><F109/><W11/><G11/><T31/><D61/><U100/><E57/><N who="0" m="22089" /><D12/><U105/><E62/><N who="2" m="40375" /><F15/><W49/><G49/><T104/><D104/><U66/><E66/><V3/><F13/><W58/><G58/><T72/><D72/><U69/><E69/><V118/><F1/><W130/><G130/><T79/><D79/><U10/><E105/><V64/><F118/><W86/><G85/><T42/><D42/><U40/><E40/><V21/><F64/><W23/><AGARI ba="0,0" hai="16,17,23,26,29,76,80,86" m="19847,49225" machi="23" ten="30,7900,0" yaku="19,1,52,2,54,1" doraHai="20" who="3" fromWho="3" sc="132,-20,205,-39,315,-20,348,79" /><INIT seed="6,0,0,2,0,129" ten="112,166,295,427" oya="2" hai0="16,76,105,103,130,89,93,127,62,45,126,71,1" hai1="90,29,36,124,37,53,2,0,107,125,115,41,63" hai2="49,100,51,14,98,18,19,128,40,59,25,31,82" hai3="114,33,97,30,11,85,65,79,9,84,72,21,5"/><V28/><F128/><W57/><G33/><T134/><D1/><U38/><E107/><V27/><F82/><W122/><G122/><T74/><D130/><U22/><E90/><V83/><F83/><W20/><G72/><T32/><D45/><U10/><E41/><V132/><F40/><W87/><G79/><T123/><D123/><U86/><E86/><V81/><F81/><W101/><G114/><T102/><D32/><U4/><E0/><V3/><F3/><W56/><G5/><T109/><D109/><U50/><E63/><V110/><F110/><W7/><G7/><T64/><D76/><U78/><E78/><V8/><F59/><W15/><G15/><T80/><D80/><U60/><E60/><V48/><F19/><W13/><G13/><T73/><D74/><U34/><E34/><V39/><F39/><W69/><G69/><T113/><D73/><U44/><E115/><V120/><F120/><W116/><G116/><T75/><D75/><U6/><E6/><V131/><F131/><W35/><G35/><T95/><D113/><U106/><E106/><N who="2" m="63767" /><F31/><W121/><G121/><T66/><D105/><U23/><REACH who="1" step="1"/><E29/><REACH who="1" ten="112,156,295,427" step="2"/><V91/><F91/><W47/><G30/><T52/><D89/><U104/><E104/><V46/><F28/><W55/><G85/><T118/><D62/><U92/><E92/><V61/><F61/><W108/><G84/><T99/><D95/><U68/><E68/><V77/><F77/><W70/><G70/><T117/><D93/><U94/><E94/><V58/><F58/><N who="3" m="22635" /><G87/><T54/><D71/><U42/><E42/><RYUUKYOKU ba="0,1" sc="112,-10,156,30,295,-10,427,-10" hai1="2,4,10,22,23,36,37,38,44,50,53,124,125" /><INIT seed="7,1,1,1,1,121" ten="102,186,285,417" oya="3" hai0="114,94,1,133,49,45,14,48,21,58,79,3,123" hai1="65,107,124,83,77,69,42,130,95,35,34,134,70" hai2="74,22,76,52,82,88,9,113,26,104,11,27,24" hai3="108,86,37,51,106,128,32,96,131,18,44,135,29"/><W55/><G135/><T72/><D123/><U50/><E107/><V89/><F104/><W7/><G7/><T98/><D133/><U105/><E105/><V129/><F113/><W25/><G37/><T116/><D116/><U67/><E95/><V19/><F129/><W102/><G86/><T36/><D114/><U17/><E83/><V28/><F26/><W85/><G85/><T115/><D115/><U101/><E101/><V2/><F2/><W78/><G78/><T84/><D72/><U71/><E77/><V97/><F97/><W126/><G18/><T66/><D36/><U91/><E17/><V64/><F64/><W68/><G68/><T23/><D3/><U93/><E67/><V100/><F100/><W75/><G75/><T4/><D1/><U53/><E65/><V43/><F43/><W54/><G55/><T81/><D49/><U127/><E50/><V31/><F52/><W87/><G87/><T125/><D125/><U90/><E127/><V92/><F19/><W63/><G63/><T117/><D117/><U73/><E124/><V109/><F92/><W15/><G15/><T57/><D57/><U120/><E70/><V41/><F82/><W60/><G60/><T13/><D13/><U8/><E71/><V103/><F76/><W30/><G126/><T59/><D59/><U10/><E69/><V61/><F61/><W112/><G112/><T122/><D122/><U132/><E120/><V110/><F103/><W5/><G128/><T118/><D118/><U46/><E132/><V6/><F74/><W12/><G102/><T62/><D66/><RYUUKYOKU ba="1,1" sc="102,0,186,0,285,0,417,0" owari="102,-39.8,186,-21.4,285,8.5,427,52.7" /></mjloggm>