<mjloggm ver="2.3"><GO type="169" lobby="0"/><UN n0="%E3%81%95%E3%81%8B%E3%81%8D" n1="%77%61%77%61%33%30%33%30" n2="%6B%73%77%72%74" n3="%E3%82%82%E3%82%8A%E3%82%82%E3%82%8A%E3%81%8A%E3%81%AB%E3%81%8E%E3%82%8A" dan="17,17,16,16" rate="2220.18,2185.76,2149.56,2147.72" sx="M,M,M,M"/><TAIKYOKU oya="0"/><INIT seed="0,0,0,4,0,90" ten="250,250,250,250" oya="0" hai0="17,69,110,51,8,129,64,48,10,123,42,118,52" hai1="24,2,29,120,33,67,34,94,71,87,65,88,4" hai2="111,31,82,5,133,113,73,98,20,112,14,96,131" hai3="12,62,7,25,58,3,135,76,101,105,23,80,56"/><T84/><D118/><U43/><E120/><V99/><F111/><W117/><G117/><T1/><D123/><U79/><E71/><V78/><F133/><W85/><G135/><T0/><D110/><U83/><E34/><V97/><F131/><W15/><G3/><T77/><D129/><U55/><E43/><V11/><N who="2" m="24576" /><DORA hai="74" /><V95/><REACH who="2" step="1"/><F95/><REACH who="2" ten="250,250,240,250" step="2"/><W89/><G105/><T127/><D127/><U132/><E132/><V41/><F41/><W91/><G101/><T39/><D42/><U72/><REACH who="1" step="1"/><E55/><REACH who="1" ten="250,240,240,250" step="2"/><V109/><F109/><W70/><G70/><T86/><D69/><U68/><E68/><V116/><F116/><W119/><G119/><T54/><D54/><U134/><E134/><V59/><F59/><W45/><G58/><T53/><D53/><U21/><E21/><V9/><F9/><AGARI ba="0,2" hai="2,4,9,24,29,33,65,67,72,79,83,87,88,94" machi="9" ten="40,8000,1" yaku="1,1,52,2,54,1,53,1" doraHai="90,74" doraHaiUra="122,104" who="1" fromWho="2" sc="250,0,240,100,240,-80,250,0" /><INIT seed="1,0,0,2,2,98" ten="250,340,160,250" oya="1" hai0="64,88,54,72,128,111,122,52,38,112,107,108,118" hai1="21,16,45,69,11,95,79,61,81,110,89,132,12" hai2="101,91,77,30,17,35,121,9,103,123,71,113,22" hai3="0,57,34,49,82,85,114,76,75,73,36,24,4"/><U70/><E132/><V115/><F71/><W92/><G36/><T84/><D112/><N who="2" m="43082" /><F77/><W44/><G114/><T31/><D118/><U135/><E135/><V116/><F116/><W55/><G0/><T23/><D72/><U26/><E110/><N who="0" m="42025" /><D38/><U97/><E45/><V80/><F35/><W99/><G4/><T90/><D128/><U28/><REACH who="1" step="1"/><E61/><REACH who="1" ten="250,330,160,250" step="2"/><V33/><F123/><W63/><G63/><T25/><D122/><U78/><E78/><V67/><F121/><W87/><G44/><T74/><D74/><AGARI ba="0,1" hai="11,12,16,21,26,28,69,70,74,79,81,89,95,97" machi="74" ten="30,11600,0" yaku="1,1,7,1,54,1,53,1" doraHai="98" doraHaiUra="13" who="1" fromWho="0" sc="250,-116,330,126,160,0,250,0" /><INIT seed="1,1,0,3,3,118" ten="134,456,160,250" oya="1" hai0="21,90,40,79,20,4,42,69,48,119,29,98,82" hai1="16,133,72,131,61,103,104,88,85,11,96,68,5" hai2="89,54,10,92,6,9,45,124,62,46,60,135,106" hai3="100,125,78,111,2,116,99,114,117,63,102,132,81"/><U0/><E72/><V34/><F34/><W86/><G2/><T126/><D119/><N who="3" m="45641" /><G63/><T77/><D69/><U44/><E131/><V8/><F106/><W113/><G111/><T110/><D110/><U32/><E32/><V26/><F135/><W53/><G53/><T127/><D4/><U52/><E133/><V59/><F124/><W41/><G41/><T15/><D29/><U33/><E33/><V58/><F26/><W93/><G132/><T70/><D70/><U75/><E75/><V57/><F6/><W7/><G7/><T94/><D77/><U30/><E30/><V73/><F73/><W84/><G125/><N who="0" m="47627" /><D48/><U128/><E68/><V134/><F134/><W17/><G17/><N who="0" m="10303" /><D21/><U14/><E128/><V107/><F107/><W55/><G55/><T24/><D24/><U83/><E61/><N who="2" m="23659" /><F54/><W129/><G129/><T1/><D1/><U122/><E5/><V105/><F105/><W22/><G22/><T109/><D109/><U31/><E31/><V50/><F50/><W51/><G51/><T35/><D35/><U28/><E28/><V3/><F3/><W56/><G56/><T47/><D47/><U19/><E19/><V130/><F130/><W13/><G13/><T123/><D123/><U95/><E122/><V108/><F108/><W97/><G86/><AGARI ba="1,0" hai="40,42,79,82,86,90,94,98" m="10303,47627" machi="86" ten="30,1000,0" yaku="18,1" doraHai="118" who="0" fromWho="3" sc="134,13,456,0,160,0,250,-13" /><AGARI ba="1,0" hai="8,9,10,45,46,57,58,59,86,89,92" m="23659" machi="86" ten="30,1000,0" yaku="8,1" doraHai="118" who="2" fromWho="3" sc="147,0,456,0,160,10,237,-10" /><INIT seed="2,0,0,5,2,4" ten="147,456,170,227" oya="2" hai0="36,102,53,19,44,51,31,114,71,32,87,9,10" hai1="98,119,96,57,55,63,49,39,91,12,24,60,135" hai2="107,103,65,97,90,115,79,77,80,109,13,69,112" hai3="29,5,122,0,86,3,93,126,16,35,22,81,72"/><V2/><F2/><W30/><G122/><T50/><D114/><N who="2" m="43562" /><F65/><W27/><G126/><T134/><D36/><U105/><E39/><V116/><F69/><W106/><G106/><T99/><D71/><U129/><E105/><V8/><F13/><W46/><G72/><T67/><D32/><U127/><E127/><V75/><F8/><N who="0" m="3178" /><D134/><U26/><E12/><V84/><F116/><W64/><G5/><T6/><D6/><U43/><E63/><V108/><F77/><W128/><G35/><T133/><D133/><U45/><E60/><V94/><AGARI ba="0,0" hai="75,79,80,84,90,94,97,103,107,108,109" m="43562" machi="94" ten="30,6000,0" yaku="24,1,34,2" doraHai="4" who="2" fromWho="2" sc="147,-20,456,-20,170,60,227,-20" /><INIT seed="2,1,0,2,4,121" ten="127,436,230,207" oya="2" hai0="21,22,51,9,123,108,96,12,97,62,95,3,20" hai1="67,125,54,31,58,71,114,110,77,99,0,103,37" hai2="116,109,44,39,46,50,81,1,42,76,63,18,2" hai3="135,40,73,83,126,10,15,86,49,25,35,127,59"/><V68/><F116/><W7/><G73/><T72/><D123/><U113/><E0/><V85/><F109/><W6/><G135/><T105/><D72/><U57/><E57/><V102/><F102/><W79/><G7/><T56/><D3/><U53/><E53/><V87/><F68/><W94/><G94/><T92/><D105/><U32/><E77/><V101/><F101/><W11/><G11/><T122/><D51/><U129/><E37/><V48/><F63/><W38/><G38/><T23/><D122/><U104/><E129/><V43/><F39/><W28/><REACH who="3" step="1"/><G59/><REACH who="3" ten="127,436,230,197" step="2"/><T134/><D134/><U120/><E120/><V106/><F106/><W131/><G131/><T19/><D9/><U4/><E58/><V112/><F112/><W91/><G91/><T88/><D108/><U124/><E110/><V30/><F2/><W89/><G89/><N who="0" m="55311" /><D20/><U14/><E114/><V133/><F1/><W5/><G5/><T26/><D12/><U80/><E14/><V61/><F133/><W117/><G117/><T55/><AGARI ba="1,1" hai="19,21,22,23,26,55,56,62,88,95,97" m="55311" machi="55" ten="30,4000,0" yaku="25,1,8,1,54,1" doraHai="121" who="0" fromWho="0" sc="127,53,436,-11,230,-21,197,-11" /><INIT seed="3,0,0,4,5,123" ten="180,425,209,186" oya="3" hai0="134,109,67,63,86,43,81,53,105,77,125,47,135" hai1="62,94,131,69,117,22,106,15,3,103,35,73,91" hai2="120,129,126,28,49,32,71,96,4,79,8,29,50" hai3="38,80,39,21,14,11,75,114,118,20,34,74,66"/><W76/><G34/><T13/><D125/><U122/><E35/><V56/><F71/><W115/><G118/><T46/><D105/><U133/><E3/><V119/><F119/><W17/><G74/><T88/><D109/><U112/><E73/><V2/><F126/><W78/><G78/><T45/><D43/><U107/><E103/><V68/><F68/><W101/><G66/><T108/><D108/><U24/><E15/><V89/><F129/><W42/><G101/><T9/><D77/><U57/><E69/><V44/><F120/><W25/><G21/><T23/><D23/><U97/><E112/><V18/><F79/><W61/><G61/><T55/><D67/><U92/><E92/><V12/><F56/><W110/><G110/><T84/><D84/><U54/><E122/><V31/><F32/><W99/><G99/><T95/><D95/><U98/><E98/><V7/><F50/><W121/><G121/><T30/><D30/><U64/><E131/><V83/><F2/><W132/><G132/><N who="0" m="50731" /><D63/><U90/><E64/><V26/><F96/><W48/><G48/><T65/><D65/><U16/><E117/><V1/><F1/><W82/><G82/><T72/><D72/><U85/><E133/><V40/><F26/><W111/><G111/><T93/><D81/><N who="1" m="49455" /><E107/><V102/><F102/><W51/><G51/><T0/><D0/><U36/><E106/><V27/><F27/><W104/><G104/><T124/><D124/><U60/><E60/><V70/><F70/><W59/><G42/><T130/><D130/><U10/><E36/><N who="3" m="13866" /><G59/><T128/><D128/><RYUUKYOKU ba="0,0" sc="180,0,425,0,209,0,186,0" hai0="9,13,45,46,47,53,55,86,88,93" hai1="10,16,22,24,54,57,62,91,94,97" hai2="4,7,8,12,18,28,29,31,40,44,49,83,89" hai3="11,14,17,20,25,75,76,80,114,115" /><INIT seed="3,1,0,2,0,20" ten="180,425,209,186" oya="3" hai0="42,82,116,83,70,57,105,34,126,0,91,17,50" hai1="89,127,65,5,115,38,1,98,41,11,10,31,100" hai2="102,101,81,86,112,21,3,88,30,107,124,8,118" hai3="56,106,135,2,25,28,7,35,92,13,128,40,74"/><W120/><G106/><T90/><D116/><U24/><E127/><V79/><F112/><W37/><G120/><T67/><D105/><U113/><E89/><V96/><F124/><W23/><G128/><T119/><D119/><U15/><E65/><V18/><F118/><W85/><G74/><T19/><D0/><U29/><E29/><V76/><F101/><W36/><G135/><T104/><D104/><U117/><E117/><V49/><F30/><W63/><G2/><T51/><D34/><U94/><E41/><V43/><F43/><W68/><G68/><T78/><D42/><U26/><E26/><V103/><F49/><W75/><G75/><T32/><D32/><U48/><E48/><V110/><F110/><W45/><G37/><T121/><D70/><U71/><E71/><V93/><F3/><W80/><G92/><T64/><D57/><U61/><E61/><V27/><REACH who="2" step="1"/><F8/><REACH who="2" ten="180,425,199,186" step="2"/><W9/><G35/><T134/><D126/><U47/><E38/><V99/><AGARI ba="1,1" hai="18,21,27,76,79,81,86,88,93,96,99,102,103,107" machi="99" ten="30,12000,2" yaku="1,1,2,1,0,1,52,1,54,1,53,2" doraHai="20" doraHaiUra="95" who="2" fromWho="2" sc="180,-31,425,-31,199,133,186,-61" /><INIT seed="4,0,0,3,2,94" ten="149,394,332,125" oya="0" hai0="75,17,78,117,98,5,4,101,11,24,81,70,3" hai1="116,80,134,43,97,92,15,122,42,113,126,82,95" hai2="103,2,48,112,119,36,56,8,16,111,32,76,102" hai3="62,57,131,109,105,73,77,104,96,65,49,9,100"/><T31/><D117/><U72/><E122/><V128/><F111/><W88/><G109/><T86/><D5/><U121/><E121/><V61/><F36/><W39/><G39/><T25/><D17/><U47/><E134/><V106/><F112/><W58/><G131/><T51/><D51/><U118/><E72/><V30/><F128/><W40/><G105/><T60/><D31/><U67/><E67/><V44/><F76/><W33/><G33/><T35/><D35/><U71/><E47/><V7/><F106/><W26/><G26/><T66/><REACH who="0" step="1"/><D75/><REACH who="0" ten="139,394,332,125" step="2"/><U91/><E116/><V107/><F119/><W64/><G49/><T38/><D38/><U123/><E118/><V115/><F30/><W1/><G73/><T87/><D87/><U55/><E123/><V52/><F32/><W29/><G29/><T0/><D0/><U85/><E85/><V74/><F74/><W41/><G1/><T124/><D124/><U54/><E126/><V108/><F108/><W84/><G84/><T19/><D19/><U89/><E113/><V46/><F115/><W50/><G50/><T21/><D21/><U12/><E15/><V120/><F120/><W127/><G127/><T99/><D99/><U69/><E12/><V125/><F125/><W63/><G9/><T45/><D45/><U114/><E114/><V13/><F46/><W133/><G96/><AGARI ba="0,1" hai="42,43,54,55,69,71,80,82,89,91,92,95,96,97" machi="96" ten="25,6400,0" yaku="22,2,52,2" doraHai="94" who="1" fromWho="3" sc="139,0,394,74,332,0,125,-64" /><INIT seed="5,0,0,1,4,56" ten="139,468,332,61" oya="1" hai0="86,55,100,47,64,9,96,104,43,17,29,80,14" hai1="34,24,10,117,70,15,1,77,4,25,132,127,91" hai2="90,71,3,76,28,131,38,88,61,121,87,60,59" hai3="111,109,21,114,89,74,123,103,98,65,69,99,118"/><U94/><E117/><V51/><F121/><W106/><G123/><T57/><D29/><U50/><E70/><V102/><F38/><W119/><G21/><T112/><D112/><U37/><E37/><V129/><F3/><W93/><G114/><T2/><D2/><U73/><E132/><V54/><F102/><W81/><G65/><T20/><D64/><U13/><E127/><V32/><F76/><N who="3" m="44183" /><G69/><T107/><D107/><U101/><E101/><V52/><F71/><W46/><G46/><T105/><D105/><U134/><E134/><V85/><F28/><W122/><G122/><T26/><D43/><U133/><E77/><V48/><F59/><W68/><G68/><T120/><D47/><U31/><E73/><V83/><F83/><W33/><G33/><T84/><D80/><U27/><E15/><V126/><REACH who="2" step="1"/><F32/><REACH who="2" ten="139,468,322,61" step="2"/><W113/><G113/><T79/><D120/><U36/><E36/><V108/><F108/><AGARI ba="0,1" hai="89,93,98,99,103,106,108,109,111,118,119" m="44183" machi="108" ten="30,2000,0" yaku="34,2" doraHai="56" who="3" fromWho="2" sc="139,0,468,0,322,-20,61,30" /><INIT seed="6,0,0,5,0,134" ten="139,468,302,91" oya="2" hai0="65,26,61,32,84,85,53,130,104,4,129,98,27" hai1="113,127,34,100,114,36,43,66,45,74,56,79,89" hai2="48,3,30,20,13,118,99,55,93,28,67,77,107" hai3="50,117,71,83,82,1,23,33,75,111,10,69,25"/><V90/><F118/><W38/><G38/><T40/><D53/><U9/><E34/><V59/><F3/><W105/><G117/><T126/><D40/><U11/><E100/><V63/><F107/><W51/><G105/><T57/><D4/><U73/><E89/><V103/><F77/><W72/><G33/><T7/><D7/><U133/><E133/><V109/><F109/><W122/><G122/><T2/><D2/><U132/><E132/><V92/><F13/><W70/><G111/><T17/><D26/><U112/><E127/><V64/><F20/><W5/><G82/><T91/><D126/><U62/><E79/><V0/><F0/><W21/><G21/><N who="0" m="13743" /><D32/><U54/><E54/><V94/><F67/><W41/><G83/><T78/><D78/><U119/><E119/><V16/><F16/><W8/><G8/><AGARI ba="0,0" hai="8,9,11,36,43,45,56,62,66,73,74,112,113,114" machi="8" ten="40,1300,0" yaku="15,1" doraHai="134" who="1" fromWho="3" sc="139,0,468,13,302,0,91,-13" /><INIT seed="7,0,0,3,0,100" ten="139,481,302,78" oya="3" hai0="95,92,93,5,72,135,18,30,75,103,89,13,83" hai1="128,49,70,67,40,81,9,102,54,16,60,63,97" hai2="71,20,27,94,64,58,33,85,12,134,28,52,1" hai3="25,31,132,19,42,44,3,56,34,14,79,101,82"/><W17/><G132/><T43/><D5/><U37/><E63/><V108/><F108/><W125/><G125/><T119/><D30/><U120/><E128/><V50/><F1/><W80/><G3/><T131/><D43/><U130/><E130/><V8/><F134/><W21/><G101/><T87/><D131/><U22/><E9/><V32/><F71/><W77/><G56/><T123/><D135/><U61/><E61/><V53/><F64/><W98/><G98/><N who="0" m="59847" /><D18/><U2/><E81/><V113/><F113/><W117/><G117/><T121/><D13/><U59/><E120/><N who="0" m="46153" /><D119/><U46/><E2/><V116/><F53/><W0/><G0/><T65/><D65/><U36/><E36/><V114/><F114/><W127/><G127/><T48/><D48/><U133/><E133/><V24/><F24/><W118/><G118/><T86/><D95/><U96/><E102/><V107/><F32/><W7/><G7/><T106/><D106/><U76/><E76/><AGARI ba="0,0" hai="72,75,76,83,86,87,89,93" m="46153,59847" machi="76" ten="30,2000,0" yaku="34,2" doraHai="100" who="0" fromWho="1" sc="139,20,481,-20,302,0,78,0" owari="159,-24.1,461,56.1,302,10.2,78,-42.2" /></mjloggm>