<mjloggm ver="2.3"><GO type="169" lobby="0"/><UN n0="%42%65%6E%63%68%69%6E%67" n1="%E3%82%82%E3%81%93%E3%81%BF" n2="%E3%82%B8%E3%83%A3%E3%82%B9%E3%83%88%E3%81%B3%E3%81%83" n3="%74%61%6D%69%74%61%6D%69" dan="16,16,16,16" rate="2228.68,2066.77,2156.83,2051.90" sx="M,M,M,M"/><TAIKYOKU oya="0"/><INIT seed="0,0,0,3,3,4" ten="250,250,250,250" oya="0" hai0="79,16,24,117,134,11,129,29,41,34,90,89,92" hai1="8,17,53,85,76,72,35,83,88,52,82,67,115" hai2="28,69,54,98,46,124,122,7,81,120,112,106,51" hai3="3,68,19,0,14,96,25,10,74,110,21,99,107"/><T86/><D129/><U78/><E35/><V12/><F112/><W38/><G68/><T102/><D117/><U71/><E115/><V116/><F116/><W2/><G74/><T31/><D134/><U77/><E71/><V93/><F124/><W45/><G110/><T84/><D41/><U101/><E67/><V131/><F106/><W58/><G107/><T39/><D39/><U48/><E101/><V125/><F125/><W49/><G58/><T59/><D79/><U126/><E126/><V97/><F69/><W109/><G38/><T15/><D29/><U103/><E103/><V56/><F28/><W130/><G109/><T40/><D40/><U63/><E53/><V132/><F132/><W33/><G33/><T44/><D44/><N who="1" m="27655" /><E63/><V113/><F131/><W128/><G128/><T30/><D30/><U32/><E32/><V100/><F113/><W65/><G65/><T9/><D59/><U121/><E121/><V36/><F56/><W64/><G64/><T114/><D114/><U42/><E42/><V1/><F36/><W73/><G73/><T27/><D102/><U127/><E127/><V123/><F100/><W108/><G108/><T111/><D111/><U57/><E57/><V18/><F46/><W6/><REACH who="3" step="1"/><G130/><REACH who="3" ten="250,250,250,240" step="2"/><T60/><D60/><U94/><E72/><V50/><F122/><W119/><G119/><T62/><D62/><U22/><E22/><V13/><F120/><W47/><G47/><T91/><D34/><U70/><E70/><V105/><F105/><W118/><G118/><T133/><D133/><U66/><E66/><V135/><F123/><RYUUKYOKU ba="0,1" sc="250,-15,250,15,250,-15,240,15" hai1="8,17,76,77,78,82,83,85,88,94" hai3="0,2,3,6,10,14,19,21,25,45,49,96,99" /><INIT seed="1,1,1,0,2,22" ten="235,265,235,255" oya="1" hai0="125,119,93,35,36,75,107,5,64,52,89,130,74" hai1="55,27,44,42,68,78,34,103,33,63,132,61,90" hai2="58,102,76,14,21,124,71,31,17,131,87,20,4" hai3="6,48,105,99,41,37,0,108,12,96,40,2,83"/><U91/><E132/><V69/><F131/><W123/><G37/><T72/><D119/><U1/><E1/><V62/><F124/><W43/><G123/><T133/><D133/><U81/><E103/><V46/><F4/><W86/><G105/><T97/><D125/><U115/><E115/><V28/><F102/><W134/><G134/><T25/><D36/><U15/><E15/><V47/><F69/><W135/><G135/><T122/><D122/><U39/><E34/><V23/><F71/><W117/><G117/><T94/><D64/><U18/><E68/><V11/><F76/><W7/><G108/><T38/><D38/><U24/><E33/><V98/><F87/><W92/><G92/><T121/><D5/><U56/><E61/><V45/><REACH who="2" step="1"/><F98/><REACH who="2" ten="235,265,225,255" step="2"/><N who="3" m="37419" /><G0/><T79/><D130/><U26/><REACH who="1" step="1"/><E18/><REACH who="1" ten="235,255,225,255" step="2"/><V84/><F84/><AGARI ba="1,3" hai="24,26,27,39,42,44,55,56,63,78,81,84,90,91" machi="84" ten="40,18000,2" yaku="1,1,2,1,52,3,53,1" doraHai="22" doraHaiUra="80" who="1" fromWho="2" sc="235,0,255,213,225,-183,255,0" /><INIT seed="1,2,0,5,1,98" ten="235,468,42,255" oya="1" hai0="40,56,68,100,134,7,129,84,46,12,19,47,4" hai1="111,81,62,103,124,28,69,10,20,14,31,0,113" hai2="104,92,117,76,75,65,22,41,94,55,118,91,96" hai3="5,35,11,32,52,29,43,2,67,34,80,45,51"/><U128/><E113/><V85/><F65/><W106/><G106/><T39/><D68/><U42/><E0/><V66/><F66/><W110/><G110/><T60/><D129/><U50/><E111/><V77/><F41/><W9/><G9/><T63/><D134/><U24/><E128/><V119/><F55/><W105/><G105/><T89/><D47/><U16/><E124/><V73/><F104/><W135/><G135/><T15/><D100/><U13/><E103/><N who="2" m="60807" /><F22/><W8/><G8/><T122/><D122/><U93/><E93/><V79/><AGARI ba="2,0" hai="73,75,76,77,79,85,91,94,117,118,119" m="60807" machi="79" ten="40,5200,0" yaku="34,2,52,1" doraHai="98" who="2" fromWho="2" sc="235,-15,468,-28,42,58,255,-15" /><INIT seed="2,0,0,0,0,19" ten="220,440,100,240" oya="2" hai0="100,119,33,111,7,45,76,71,125,86,87,90,93" hai1="58,116,32,55,42,115,121,63,102,9,60,27,48" hai2="79,103,52,78,95,23,18,28,133,130,62,132,124" hai3="114,2,38,118,131,61,25,72,24,129,11,29,73"/><V74/><F28/><W15/><G2/><T17/><D119/><U8/><E115/><V66/><F74/><W81/><G38/><T10/><D125/><U113/><E113/><V135/><F124/><W64/><G114/><T122/><D33/><U110/><E110/><V65/><F130/><N who="3" m="49675" /><G118/><T88/><D71/><U21/><E32/><V57/><F78/><N who="3" m="44231" /><G73/><T105/><D122/><U14/><E102/><V43/><F79/><W13/><G11/><T70/><D70/><U123/><E42/><V5/><F43/><W98/><G98/><T49/><D76/><U41/><E41/><V83/><F83/><W54/><G54/><T108/><D7/><N who="1" m="3359" /><E9/><V30/><F30/><W91/><G91/><T106/><D100/><U36/><E36/><V126/><F5/><W37/><G25/><T67/><D67/><U69/><E69/><V127/><F126/><W97/><G97/><T1/><D1/><U59/><E116/><V39/><F39/><W47/><G47/><T99/><D99/><U53/><E123/><V85/><F127/><W20/><G37/><T75/><D75/><U80/><E80/><V77/><F77/><W120/><G120/><T6/><D6/><U16/><E121/><V84/><F103/><W50/><G50/><AGARI ba="0,0" hai="16,21,27,48,50,53,55,58,59,60,63" m="3359" machi="50" ten="30,3900,0" yaku="8,1,52,1,54,1" doraHai="19" who="1" fromWho="3" sc="220,0,440,39,100,0,240,-39" /><INIT seed="3,0,0,4,4,43" ten="220,479,100,201" oya="3" hai0="122,26,113,36,39,121,72,19,62,84,29,80,117" hai1="133,55,12,125,60,129,32,5,27,90,24,1,103" hai2="134,51,74,77,45,58,47,96,92,105,112,63,93" hai3="91,123,110,132,75,98,15,49,50,59,6,65,101"/><W13/><G123/><T79/><D117/><U108/><E1/><V88/><F112/><W54/><G75/><T126/><D113/><U53/><E103/><V41/><F134/><W100/><G132/><T57/><D19/><U120/><E32/><V78/><F105/><W83/><G65/><T94/><D126/><U2/><E2/><V56/><F74/><W89/><G110/><T35/><D36/><U8/><E108/><V38/><F92/><W61/><G100/><T106/><D39/><U21/><E125/><V99/><F99/><W82/><G82/><T70/><D70/><U22/><E120/><V102/><F102/><W130/><G130/><T7/><D7/><U52/><E129/><V31/><F31/><W14/><G6/><T9/><D9/><U66/><E90/><V16/><F16/><W17/><G17/><T104/><D104/><U114/><E114/><V111/><F111/><W118/><G118/><T11/><D11/><U48/><E48/><N who="2" m="26671" /><F58/><W23/><G23/><N who="1" m="8714" /><E133/><V25/><F25/><W97/><G97/><T131/><D106/><U86/><E86/><V20/><F20/><W116/><G116/><T76/><D131/><U68/><E68/><V10/><F10/><W135/><G135/><T46/><D122/><U119/><E119/><V37/><F38/><W34/><G34/><T33/><D121/><U28/><E28/><V87/><F37/><W73/><G73/><T18/><D72/><U44/><E27/><V71/><F71/><W128/><G128/><T107/><D107/><U69/><E24/><V64/><F96/><W40/><G98/><RYUUKYOKU ba="0,0" sc="220,-15,479,15,100,15,201,-15" hai1="5,8,12,44,52,53,55,60,66,69" hai2="47,51,56,63,64,77,78,87,88,93" /><INIT seed="4,1,0,3,4,25" ten="205,494,115,186" oya="0" hai0="11,130,81,128,60,48,99,103,26,46,63,101,14" hai1="124,6,0,52,44,70,23,90,92,82,132,71,47" hai2="68,78,102,51,110,15,115,62,108,113,107,89,42" hai3="34,8,66,37,29,32,72,126,118,117,76,85,18"/><T59/><D81/><U4/><E132/><V127/><F78/><W19/><G37/><T69/><D69/><U77/><E124/><V125/><F102/><W86/><G66/><T122/><D122/><U83/><E0/><V16/><F107/><W65/><G65/><T21/><D128/><U28/><E70/><V2/><F2/><W93/><G93/><T109/><D109/><U53/><E71/><V33/><F33/><W64/><G64/><T45/><D130/><U24/><E4/><V120/><F62/><W5/><G72/><T58/><D60/><U9/><E9/><V84/><F68/><W12/><G126/><N who="2" m="48137" /><F120/><W20/><G18/><N who="0" m="12599" /><D63/><U96/><E6/><V39/><F51/><W17/><G17/><N who="0" m="8415" /><D46/><N who="1" m="17451" /><E77/><V74/><F42/><W3/><G34/><T87/><D87/><N who="3" m="33289" /><G76/><T67/><D67/><U38/><E38/><V104/><F104/><W73/><G73/><T79/><D79/><U91/><E91/><V131/><F74/><W119/><G119/><T13/><D13/><U43/><E43/><V55/><F55/><AGARI ba="1,0" hai="23,24,28,52,53,55,82,83,90,92,96" m="17451" machi="55" ten="30,3900,0" yaku="8,1,52,1,54,1" doraHai="25" who="1" fromWho="2" sc="205,0,494,42,115,-42,186,0" /><INIT seed="5,0,0,2,4,29" ten="205,536,73,186" oya="1" hai0="46,65,135,131,7,8,120,39,22,78,105,79,38" hai1="91,127,67,73,25,108,60,54,66,28,83,17,52" hai2="129,117,99,84,42,128,24,48,92,27,49,55,72" hai3="132,3,53,122,61,71,23,37,113,85,100,112,43"/><U74/><E127/><V4/><F117/><W16/><G3/><T12/><D131/><N who="2" m="50250" /><F72/><W58/><G122/><T103/><D135/><U33/><E108/><V64/><F4/><W125/><G125/><T62/><D120/><U98/><E67/><V57/><F64/><W116/><G116/><T119/><D119/><U81/><E74/><V56/><F84/><W109/><G109/><T107/><D22/><U121/><E121/><V2/><F2/><W126/><G126/><T90/><D90/><U104/><E17/><V34/><F42/><W89/><G100/><T10/><D10/><U102/><E83/><V124/><F124/><W93/><G132/><T87/><D103/><U97/><E97/><V0/><F0/><W15/><G71/><T40/><D39/><U70/><E91/><N who="2" m="55711" /><F34/><W69/><G69/><T115/><D87/><U47/><E47/><V95/><F95/><W45/><AGARI ba="0,0" hai="15,16,23,37,43,45,53,58,61,85,89,93,112,113" machi="45" ten="30,2000,0" yaku="0,1,54,1" doraHai="29" who="3" fromWho="3" sc="205,-5,536,-10,73,-5,186,20" /><INIT seed="6,0,0,4,2,89" ten="200,526,68,206" oya="2" hai0="16,23,13,62,99,39,94,98,67,17,74,26,7" hai1="116,25,123,38,36,0,117,11,121,30,124,102,66" hai2="129,42,40,131,97,88,112,1,55,49,73,22,18" hai3="64,15,72,50,134,85,83,19,28,20,84,111,119"/><V34/><F73/><W109/><G119/><T122/><D122/><N who="1" m="46603" /><E102/><V4/><F34/><W75/><G134/><T133/><D74/><U126/><E66/><V86/><F112/><W53/><G64/><T104/><D39/><N who="1" m="14891" /><E11/><V81/><F4/><W5/><G84/><T95/><D7/><U87/><E87/><V77/><F1/><W132/><G5/><T46/><D46/><U14/><E14/><V33/><F33/><W44/><G132/><T120/><D133/><U61/><E61/><V135/><F135/><W79/><G75/><T57/><D120/><U71/><E71/><V90/><F131/><W60/><G60/><T105/><D105/><U54/><E54/><V106/><F106/><W82/><REACH who="3" step="1"/><G28/><REACH who="3" ten="200,526,68,196" step="2"/><T48/><D48/><U115/><E116/><V128/><F129/><W113/><G113/><T24/><D104/><U51/><E115/><V70/><F70/><W56/><G56/><T80/><D80/><U96/><E117/><V118/><F128/><W65/><G65/><T12/><D99/><U127/><E96/><V2/><F118/><W93/><G93/><N who="0" m="35339" /><D98/><U101/><E126/><V108/><F2/><W9/><G9/><AGARI ba="0,1" hai="9,12,13,16,17,23,24,26,57,62,67" m="35339" machi="9" ten="30,8000,1" yaku="8,1,52,3,54,1" doraHai="89" who="0" fromWho="3" sc="200,90,526,0,68,0,196,-80" /><INIT seed="7,0,0,0,5,67" ten="290,526,68,116" oya="3" hai0="70,55,37,16,118,66,89,25,129,98,10,78,0" hai1="43,123,112,87,12,14,5,74,34,115,65,69,130" hai2="134,88,49,4,103,94,3,114,9,76,104,93,92" hai3="60,24,99,81,54,100,128,111,57,135,91,52,110"/><W44/><G128/><T28/><D37/><U127/><E74/><V58/><F114/><N who="1" m="43561" /><E127/><V116/><F116/><W101/><G135/><T64/><D129/><U45/><E34/><V122/><F134/><W35/><G44/><T90/><D78/><U106/><E106/><V86/><F122/><W18/><G54/><T23/><D118/><U117/><E123/><V72/><F58/><W38/><G38/><T63/><D66/><U97/><E97/><V62/><F62/><W113/><G113/><T30/><D55/><U105/><E105/><V42/><F49/><W75/><G75/><T21/><D98/><U22/><E87/><V15/><F42/><W13/><G24/><T59/><D70/><U51/><E5/><V85/><F85/><N who="3" m="50607" /><G35/><T119/><D119/><U95/><E95/><V2/><F2/><W29/><G29/><T80/><D80/><U131/><E117/><V8/><F72/><W83/><G83/><T47/><D47/><U6/><E65/><V120/><F76/><W71/><G71/><T36/><D36/><U73/><E69/><V19/><REACH who="2" step="1"/><F120/><REACH who="2" ten="290,526,58,116" step="2"/><W102/><G99/><AGARI ba="0,1" hai="3,4,8,9,15,19,86,88,92,93,94,99,103,104" machi="99" ten="40,5200,0" yaku="1,1,2,1,54,1,53,0" doraHai="67" doraHaiUra="31" who="2" fromWho="3" sc="290,0,526,0,58,62,116,-52" owari="290,9.0,526,62.6,120,-28.0,64,-43.6" /></mjloggm>