<mjloggm ver="2.3"><GO type="169" lobby="0"/><UN n0="%74%61%6B%61%74%6F%72%69" n1="%E5%A4%A2%E4%BB%98%E3%81%8D" n2="%E3%81%8A%E3%81%9F%E3%81%BE%E3%82%8B" n3="%E5%8D%83%E8%8D%89%E5%8F%B0" dan="16,16,16,17" rate="2043.55,2092.77,2076.71,2127.13" sx="M,M,M,M"/><TAIKYOKU oya="0"/><INIT seed="0,0,0,4,5,111" ten="250,250,250,250" oya="0" hai0="133,105,80,101,10,43,119,33,24,118,127,98,74" hai1="50,3,42,124,120,64,60,38,35,110,27,70,55" hai2="77,7,39,41,90,26,19,89,73,44,115,114,51" hai3="2,20,122,61,36,116,37,21,87,40,88,132,94"/><T125/><D43/><U123/><E3/><V53/><F7/><W130/><G2/><T95/><D10/><U93/><E110/><V48/><F39/><W66/><G116/><N who="0" m="44587" /><D24/><U9/><E9/><V121/><F121/><W8/><G122/><T84/><D33/><U79/><E124/><N who="0" m="47689" /><D133/><U128/><E128/><V76/><F26/><W54/><G130/><T6/><D6/><U135/><E93/><V59/><F19/><W78/><G54/><T65/><D65/><U92/><E79/><V62/><F62/><W104/><G37/><T126/><N who="0" m="47697" /><T18/><DORA hai="49" /><D18/><U106/><E92/><V15/><F15/><W34/><G34/><T134/><D134/><U108/><E135/><V23/><F23/><W112/><G40/><T67/><D67/><U96/><E42/><V13/><F13/><W117/><G8/><T5/><D5/><U83/><E38/><V103/><F41/><W28/><G20/><T47/><D47/><N who="1" m="28127" /><E108/><V63/><F44/><W32/><G32/><T31/><D31/><N who="1" m="19967" /><E83/><V113/><F63/><W68/><G61/><T97/><D74/><U75/><E75/><V72/><F59/><W0/><G68/><T100/><D80/><U91/><E60/><V102/><F114/><W56/><G112/><T14/><D14/><U131/><E70/><V81/><F81/><W16/><G117/><T46/><D46/><U30/><E64/><V57/><F57/><W25/><G56/><T85/><AGARI ba="0,0" hai="84,85,95,97,98,100,101,105" m="47697,44587" machi="85" ten="50,9600,0" yaku="18,1,34,2" doraHai="111,49" who="0" fromWho="0" sc="250,96,250,-32,250,-32,250,-32" /><INIT seed="0,1,0,3,4,124" ten="346,218,218,218" oya="0" hai0="66,110,108,36,11,21,121,42,104,27,20,131,133" hai1="116,49,40,56,41,90,115,72,67,106,92,8,134" hai2="88,53,37,83,125,34,9,71,45,25,29,113,22" hai3="100,127,51,10,91,52,109,111,19,132,14,5,82"/><T62/><D121/><U93/><E116/><V17/><F125/><W130/><G127/><T98/><D133/><U119/><E106/><V61/><F113/><W120/><G132/><T54/><D54/><U70/><E119/><V60/><F71/><W15/><G100/><T30/><D11/><U97/><E134/><V107/><F107/><W35/><G35/><T48/><D48/><U63/><E115/><V103/><F103/><W78/><G120/><T58/><D21/><U69/><E72/><V2/><F37/><W89/><G111/><N who="0" m="42539" /><D98/><U80/><E49/><N who="2" m="28847" /><F2/><W101/><G101/><T77/><D104/><U18/><E69/><V6/><F6/><W24/><G24/><T118/><D77/><U7/><E70/><V117/><F117/><W13/><G109/><T135/><D135/><U126/><E7/><V65/><F65/><W3/><G3/><T4/><D4/><U73/><E126/><V59/><F59/><W99/><G78/><T50/><D36/><U94/><E67/><V46/><F46/><W1/><G1/><T44/><D118/><U39/><E39/><V23/><F34/><W128/><G5/><T81/><D81/><U47/><E47/><V95/><F83/><W12/><G82/><T96/><D96/><U0/><E80/><V122/><F9/><W87/><G99/><T38/><D38/><U105/><E97/><N who="2" m="57575" /><F122/><W33/><G33/><T43/><D42/><U74/><E105/><V102/><F102/><W55/><G55/><T76/><D76/><U28/><E0/><V86/><F86/><W79/><G10/><T123/><D123/><RYUUKYOKU ba="1,0" sc="346,15,218,-15,218,15,218,-15" hai0="20,27,30,43,44,50,58,62,66,131" hai2="17,22,23,25,29,60,61" /><INIT seed="0,2,0,2,3,64" ten="361,203,233,203" oya="0" hai0="133,46,74,2,119,31,10,77,88,30,92,65,29" hai1="105,127,100,68,93,83,40,60,32,26,129,86,104" hai2="71,55,98,108,21,11,84,70,102,3,54,130,79" hai3="118,107,62,97,76,45,1,25,106,103,82,134,72"/><T87/><D119/><U63/><E93/><V117/><F117/><W52/><G1/><T20/><D133/><U121/><E121/><V111/><F130/><W94/><G118/><T50/><D65/><N who="1" m="40999" /><E129/><V36/><F36/><W66/><G134/><T12/><D2/><U5/><E127/><V126/><F126/><W67/><G67/><T85/><D74/><U57/><E40/><V56/><F21/><W34/><G34/><T112/><D112/><U109/><E109/><N who="2" m="42059" /><F84/><W18/><G25/><T131/><D131/><U124/><E5/><N who="2" m="1471" /><F79/><W16/><G107/><T132/><D132/><U42/><E42/><V8/><F8/><W120/><G106/><T51/><D20/><U115/><E124/><V116/><F116/><W44/><G120/><T48/><D77/><U78/><E115/><V80/><F80/><W43/><G43/><N who="0" m="24671" /><D85/><U69/><E105/><N who="2" m="63703" /><F55/><W22/><G52/><T13/><D13/><U122/><E122/><V41/><F41/><W35/><G35/><T27/><D27/><U113/><E113/><V95/><F95/><W47/><REACH who="3" step="1"/><G22/><REACH who="3" ten="361,203,233,193" step="2"/><T89/><D89/><N who="1" m="51423" /><E104/><V37/><F37/><W75/><G75/><T33/><D33/><U6/><E32/><V114/><F114/><W58/><AGARI ba="2,1" hai="16,18,44,45,47,58,62,66,72,76,82,94,97,103" machi="58" ten="30,8000,1" yaku="1,1,0,1,54,1,53,2" doraHai="64" doraHaiUra="15" who="3" fromWho="3" sc="361,-42,203,-22,233,-22,193,96" /><INIT seed="1,0,0,1,3,37" ten="319,181,211,289" oya="1" hai0="47,31,27,115,57,72,79,41,2,82,48,67,100" hai1="5,92,102,64,122,130,98,22,50,133,61,95,78" hai2="106,14,70,34,84,28,11,63,69,75,30,66,33" hai3="17,16,4,104,110,112,24,51,19,12,76,94,81"/><U83/><E122/><V10/><F75/><W40/><G104/><T124/><D115/><U65/><E130/><V68/><F106/><W101/><G112/><T121/><D124/><U1/><E133/><V32/><F84/><N who="3" m="48167" /><G110/><T103/><D121/><U90/><E1/><V123/><F123/><W29/><G29/><T86/><D2/><U131/><E131/><V23/><F23/><W129/><G129/><T35/><D72/><U119/><E119/><V125/><F125/><W89/><G101/><T74/><D74/><U120/><E120/><V13/><F63/><W77/><G77/><T20/><D35/><U109/><E5/><V38/><F66/><W3/><G3/><T55/><REACH who="0" step="1"/><D67/><REACH who="0" ten="309,181,211,289" step="2"/><U88/><E65/><V59/><F38/><AGARI ba="0,1" hai="20,27,31,38,41,47,48,55,57,79,82,86,100,103" machi="38" ten="30,8000,1" yaku="1,1,2,1,7,1,52,1,53,1" doraHai="37" doraHaiUra="44" who="0" fromWho="2" sc="309,90,181,0,211,-80,289,0" /><INIT seed="2,0,0,3,5,55" ten="399,181,131,289" oya="2" hai0="16,9,91,0,111,14,49,46,32,134,131,25,78" hai1="101,20,120,81,105,33,99,84,21,54,50,112,30" hai2="58,5,44,72,123,68,96,56,117,41,59,70,126" hai3="48,60,3,122,13,135,76,86,37,45,36,83,107"/><V8/><F117/><W98/><G3/><T87/><D111/><U15/><E112/><V64/><F123/><W62/><G122/><T40/><D131/><U27/><E120/><V103/><F72/><W35/><G35/><T119/><D134/><U28/><E15/><V42/><F126/><W133/><G62/><T53/><D78/><U110/><E30/><V65/><F96/><W130/><G130/><T63/><D0/><U31/><E31/><V7/><F103/><W94/><G107/><T129/><D129/><U1/><E1/><V77/><F77/><W104/><G104/><T109/><D109/><U23/><E110/><V82/><F82/><W88/><G13/><T92/><D119/><U6/><E6/><N who="2" m="2059" /><F8/><W34/><G34/><T118/><D118/><U114/><E114/><V132/><F44/><W2/><G2/><T102/><D102/><U108/><E108/><V57/><N who="2" m="14336" /><DORA hai="74" /><V128/><F132/><N who="3" m="50763" /><G60/><T24/><D63/><U106/><E106/><V12/><F12/><W125/><G125/><T90/><D32/><U79/><E33/><V80/><F80/><W71/><G71/><N who="2" m="27177" /><F128/><W89/><G89/><T29/><D29/><U67/><E81/><V69/><N who="2" m="27185" /><V95/><DORA hai="116" /><F95/><W75/><G75/><T52/><D91/><U39/><E105/><V47/><F47/><W127/><G127/><T22/><D9/><U115/><E101/><V26/><F26/><AGARI ba="0,0" hai="14,16,22,24,25,26,40,46,49,52,53,87,90,92" machi="26" ten="40,5200,0" yaku="8,1,54,2" doraHai="55,74,116" who="0" fromWho="2" sc="399,52,181,0,131,-52,289,0" /><INIT seed="3,0,0,2,5,14" ten="451,181,79,289" oya="3" hai0="110,18,116,59,57,76,10,99,109,95,46,125,78" hai1="52,103,31,60,28,85,58,63,49,65,89,112,131" hai2="104,67,124,107,75,135,41,105,113,101,5,55,134" hai3="42,3,0,121,47,4,68,73,133,45,93,114,22"/><W13/><G73/><T122/><D116/><U129/><E112/><V70/><F113/><W66/><G114/><T36/><D122/><U15/><E103/><V102/><F75/><W21/><G133/><N who="2" m="50697" /><F41/><W16/><G121/><T118/><D118/><U130/><E63/><N who="2" m="40319" /><F124/><W90/><G47/><T123/><D123/><U20/><E15/><V81/><F81/><W88/><G90/><T115/><D125/><U38/><E20/><V26/><F5/><W84/><G22/><T48/><D36/><U17/><E17/><V69/><F69/><W56/><G68/><T126/><D18/><U9/><E9/><V23/><F55/><W91/><G91/><T97/><D10/><U44/><REACH who="1" step="1"/><E38/><REACH who="1" ten="451,171,79,289" step="2"/><V34/><F34/><W53/><G4/><T94/><D115/><U24/><E24/><V25/><F25/><W12/><G13/><T132/><D126/><U74/><E74/><V71/><F71/><W32/><G32/><T50/><D132/><U86/><E86/><V119/><F119/><W128/><G66/><T87/><D87/><U43/><E43/><V27/><F27/><W108/><G3/><T6/><D6/><U120/><E120/><V83/><F26/><W2/><G2/><T96/><D96/><U98/><E98/><V72/><F23/><W106/><G0/><T92/><D92/><AGARI ba="0,1" hai="28,31,44,49,52,58,60,65,85,89,92,129,130,131" machi="92" ten="40,5200,0" yaku="1,1,19,1,54,1,53,0" doraHai="14" doraHaiUra="100" who="1" fromWho="0" sc="451,-52,171,62,79,0,289,0" /><INIT seed="4,0,0,1,5,113" ten="399,233,79,289" oya="0" hai0="89,129,68,47,6,101,33,79,53,91,108,132,28" hai1="93,1,15,48,104,94,116,37,51,62,61,125,54" hai2="55,35,130,32,43,131,2,30,19,124,31,27,59" hai3="4,71,135,85,84,41,52,21,10,64,13,110,106"/><T69/><D129/><N who="2" m="49162" /><F43/><W57/><G106/><T11/><D132/><U26/><E1/><V99/><F99/><W105/><G105/><T42/><D101/><U5/><E104/><V95/><F95/><W70/><G135/><T126/><D53/><U92/><E37/><V7/><F59/><W122/><G122/><T60/><D126/><U80/><E125/><V109/><F55/><W103/><G103/><T75/><D108/><U36/><E36/><V66/><F66/><W38/><G110/><T0/><D91/><U120/><E120/><V81/><F81/><W111/><G111/><T133/><D89/><U78/><E26/><N who="2" m="18519" /><F124/><W22/><G71/><T18/><D60/><U118/><E94/><V29/><F109/><W115/><G70/><T67/><D67/><U76/><E54/><V102/><F102/><W39/><G39/><T45/><D45/><U96/><E80/><V23/><F35/><W3/><G64/><T88/><D47/><U128/><E128/><V98/><F98/><W58/><G57/><T44/><D44/><U40/><E96/><V100/><F100/><W17/><G41/><T20/><D42/><U74/><E40/><V56/><F56/><W77/><G38/><T117/><D69/><U107/><E107/><V24/><F24/><W46/><G46/><T121/><D33/><U12/><E74/><V63/><F63/><W86/><G52/><T65/><D75/><U82/><E82/><V25/><F25/><W123/><G58/><T114/><D68/><U87/><E87/><V134/><F134/><W127/><G127/><T83/><D133/><RYUUKYOKU ba="0,0" sc="399,-15,233,15,79,15,289,-15" hai1="5,12,15,48,51,61,62,76,78,92,93,116,118" hai2="2,7,19,23,27,29,31" /><INIT seed="5,1,0,5,4,113" ten="384,248,94,274" oya="1" hai0="130,115,131,59,70,28,81,51,40,104,134,1,86" hai1="65,9,128,38,22,85,124,39,24,4,69,129,55" hai2="58,111,7,36,5,14,21,56,127,125,103,118,126" hai3="45,11,119,98,73,97,50,30,105,49,132,16,53"/><U18/><E124/><V76/><F36/><W54/><G73/><T110/><D70/><U96/><E85/><V78/><F103/><W74/><G74/><T46/><D110/><U133/><E133/><V84/><F111/><W48/><G132/><T20/><D115/><U117/><E117/><V79/><F84/><W35/><G119/><T63/><D104/><U108/><E108/><V95/><F95/><W31/><G50/><T44/><D1/><N who="1" m="143" /><E55/><V0/><F118/><W88/><G105/><T77/><D46/><U83/><E83/><V47/><F47/><N who="3" m="27807" /><G35/><T2/><D2/><U52/><E96/><N who="3" m="36970" /><G88/><T57/><D134/><U82/><E82/><V66/><F0/><W12/><AGARI ba="1,0" hai="11,12,16,30,31,45,49,54" m="36970,27807" machi="12" ten="30,2000,0" yaku="8,1,54,1" doraHai="113" who="3" fromWho="3" sc="384,-6,248,-11,94,-6,274,23" /><INIT seed="6,0,0,4,4,124" ten="378,237,88,297" oya="2" hai0="129,107,60,114,35,49,99,78,47,66,85,63,48" hai1="55,14,44,73,28,38,76,122,104,5,58,10,121" hai2="20,16,93,30,108,51,87,100,95,9,102,105,83" hai3="134,111,52,6,25,132,75,125,86,96,57,126,79"/><V72/><F108/><W22/><G111/><T109/><D35/><U118/><E118/><V12/><F72/><W19/><G75/><T90/><D109/><U53/><E104/><V117/><F117/><W43/><G43/><T26/><D63/><U36/><E28/><V8/><F105/><W82/><G6/><T27/><D49/><N who="1" m="28839" /><E76/><V62/><F62/><N who="3" m="36135" /><G96/><T29/><D78/><U81/><E81/><V133/><F133/><AGARI ba="0,0" hai="19,22,25,79,82,86,125,126,132,133,134" m="36135" machi="133" ten="30,2000,0" yaku="20,1,54,1" doraHai="124" who="3" fromWho="2" sc="378,0,237,0,88,-20,297,20" /><INIT seed="7,0,0,1,0,37" ten="378,237,68,317" oya="3" hai0="72,28,130,71,4,22,40,24,11,64,73,127,25" hai1="91,97,106,76,9,17,98,118,101,30,29,52,132" hai2="114,26,75,54,47,27,135,89,123,121,128,62,8" hai3="94,104,61,16,18,84,57,100,125,77,133,115,39"/><W60/><G104/><T19/><D40/><U80/><E132/><V120/><F135/><W15/><G133/><T50/><D50/><U31/><E118/><V69/><F75/><W82/><G39/><T33/><D130/><U3/><E97/><V58/><F128/><W43/><G115/><T134/><D134/><U66/><E66/><V49/><F114/><W119/><G119/><T88/><D88/><U1/><E91/><V7/><F89/><W105/><G105/><T90/><D64/><U122/><E122/><V53/><F8/><W65/><G125/><T79/><D71/><U87/><E9/><V35/><F7/><W46/><G61/><T36/><D36/><U34/><E17/><V103/><F103/><W74/><G74/><T92/><D79/><U13/><E13/><V32/><F32/><W131/><G131/><T45/><D45/><U107/><E107/><V78/><F78/><W0/><G0/><T110/><D110/><U70/><E70/><V117/><F35/><W129/><G129/><T111/><D111/><U5/><E5/><V20/><F20/><W10/><G18/><T21/><D33/><U86/><E87/><V48/><F117/><W56/><G56/><T6/><D6/><U38/><E34/><V44/><F69/><W83/><G83/><T59/><D59/><U42/><E1/><V67/><F121/><W124/><G124/><T81/><D81/><U55/><REACH who="1" step="1"/><E3/><REACH who="1" ten="378,227,68,317" step="2"/><V116/><F116/><W102/><G94/><T113/><D127/><U23/><E23/><V68/><F68/><W14/><G14/><N who="0" m="5479" /><D113/><U109/><E109/><RYUUKYOKU ba="0,1" sc="378,0,227,0,68,0,317,0" hai0="19,21,22,24,25,28,72,73,90,92" hai1="29,30,31,38,42,52,55,76,80,86,98,101,106" hai2="26,27,44,47,48,49,53,54,58,62,67,120,123" hai3="10,15,16,43,46,57,60,65,77,82,84,100,102" /><INIT seed="7,1,1,2,4,34" ten="378,227,68,317" oya="3" hai0="120,103,102,95,63,5,74,8,4,131,58,84,45" hai1="10,55,127,22,18,122,90,107,54,114,73,52,38" hai2="99,76,98,115,110,12,96,1,70,101,113,61,100" hai3="121,80,112,17,11,94,116,43,24,135,123,125,91"/><W0/><G43/><T6/><D74/><U69/><E122/><V124/><F70/><W78/><G116/><T21/><D120/><U15/><E38/><V128/><F61/><W60/><G60/><T109/><D109/><U108/><E108/><V30/><F30/><W50/><G135/><T23/><D8/><U86/><E73/><V119/><F110/><W129/><G129/><T33/><D33/><U66/><E107/><V27/><F27/><W68/><G68/><T9/><D9/><U104/><E104/><V79/><F12/><W13/><G125/><T32/><D32/><U49/><E127/><V53/><F124/><W126/><G126/><T36/><D45/><U64/><E114/><N who="2" m="43531" /><F53/><W77/><G50/><T3/><D36/><U44/><E22/><N who="0" m="8201" /><D3/><U87/><E87/><V40/><F40/><W75/><G0/><T89/><D131/><U83/><REACH who="1" step="1"/><E69/><REACH who="1" ten="378,217,68,317" step="2"/><V51/><F128/><W35/><G112/><T41/><D84/><U28/><E28/><V39/><F39/><W46/><G35/><T37/><D37/><U82/><E82/><V67/><F119/><W134/><G121/><T81/><D81/><U65/><AGARI ba="1,2" hai="10,15,18,44,49,52,54,55,64,65,66,83,86,90" machi="65" ten="30,12000,2" yaku="1,1,0,1,25,2,8,1,54,1,53,1" doraHai="34" doraHaiUra="47" who="1" fromWho="1" sc="378,-31,217,143,68,-31,317,-61" owari="347,14.7,360,46.0,37,-46.3,256,-14.4" /></mjloggm>