<mjloggm ver="2.3"><GO type="169" lobby="0"/><UN n0="%E3%82%86%E3%81%86%E3%82%86%E3%81%8D" n1="%E8%BC%9D%E5%A4%9C%E6%9C%88" n2="%31%35%2E%31%35%63%6D" n3="%E3%83%AC%E3%82%AA%E3%83%B3%E3%83%8F%E3%83%AB%E3%83%88" dan="16,18,18,17" rate="2178.73,2185.73,2287.07,2161.99" sx="M,F,M,M"/><TAIKYOKU oya="0"/><INIT seed="0,0,0,2,2,33" ten="250,250,250,250" oya="0" hai0="6,28,40,59,135,78,35,129,62,96,89,103,70" hai1="4,112,66,16,38,98,90,37,43,14,0,50,8" hai2="57,76,75,87,107,60,49,69,44,116,7,36,73" hai3="120,93,95,118,99,48,125,45,100,68,55,72,110"/><T82/><D129/><U67/><E112/><V101/><F116/><W3/><G118/><T97/><D135/><U1/><E50/><V123/><F123/><W10/><G120/><T15/><D40/><U121/><E121/><V79/><F107/><W132/><G132/><T23/><D70/><U12/><E67/><V5/><F101/><W56/><G110/><T31/><D35/><U46/><E37/><V85/><F36/><W25/><G125/><T63/><D89/><U74/><E74/><V114/><F69/><W126/><G126/><T104/><D97/><U32/><E32/><V22/><F22/><W77/><G68/><T108/><D108/><U113/><E66/><V29/><F29/><W11/><G11/><T39/><D39/><U105/><E113/><V18/><F18/><W119/><G119/><T64/><D63/><U71/><E71/><V80/><F75/><W20/><G45/><T58/><D59/><U41/><E41/><N who="2" m="24719" /><F73/><W127/><G127/><T94/><D104/><U134/><E134/><V133/><F114/><W13/><G72/><T92/><D23/><U27/><E27/><V109/><F109/><W26/><G77/><T47/><D47/><U102/><REACH who="1" step="1"/><E90/><REACH who="1" ten="250,240,250,250" step="2"/><V88/><F133/><W130/><G48/><T65/><D65/><U19/><E19/><V122/><F122/><W51/><G51/><T30/><D64/><U86/><E86/><V111/><F111/><W117/><G117/><T106/><D62/><U17/><E17/><V54/><F87/><W34/><G34/><T52/><D31/><U42/><E42/><V2/><F7/><RYUUKYOKU ba="0,1" sc="250,-15,240,15,250,15,250,-15" hai1="0,1,4,8,12,14,16,38,43,46,98,102,105" hai2="2,5,54,57,60,76,79,80,85,88" /><INIT seed="1,1,1,0,2,80" ten="235,255,265,235" oya="1" hai0="100,79,92,16,107,111,127,26,130,76,59,67,102" hai1="5,25,118,71,96,69,129,33,83,27,11,0,65" hai2="4,133,18,14,85,54,115,89,40,41,108,93,6" hai3="121,84,61,29,50,31,110,28,2,98,120,77,47"/><U131/><E118/><V81/><F108/><W63/><G2/><T20/><D111/><U42/><E42/><V135/><F115/><W72/><G72/><T99/><D127/><U37/><E37/><V103/><F41/><W82/><G110/><T55/><D130/><N who="1" m="49675" /><E96/><N who="2" m="59791" /><F40/><W106/><G106/><T32/><D32/><U48/><E48/><V126/><F126/><W90/><G98/><T68/><D107/><U70/><E83/><V19/><F19/><W9/><G77/><T49/><REACH who="0" step="1"/><D100/><REACH who="0" ten="225,255,265,235" step="2"/><U73/><E73/><V86/><F135/><W124/><G124/><T132/><D132/><U104/><E104/><V125/><F133/><W52/><REACH who="3" step="1"/><G9/><REACH who="3" ten="225,255,265,225" step="2"/><T119/><D119/><U53/><E33/><V15/><F125/><W36/><G36/><T64/><D64/><U44/><E65/><V114/><F114/><W45/><G45/><T51/><D51/><U13/><E44/><V56/><F89/><W101/><G101/><T128/><D128/><U117/><E117/><V75/><F75/><W94/><G94/><T88/><D88/><U8/><E53/><V116/><F54/><W105/><G105/><T60/><AGARI ba="1,3" hai="16,20,26,49,55,59,60,67,68,76,79,92,99,102" machi="60" ten="30,4000,0" yaku="1,1,0,1,54,1,53,0" doraHai="80" doraHaiUra="1" who="0" fromWho="0" sc="225,73,255,-21,265,-11,225,-11" /><INIT seed="2,0,0,0,5,23" ten="298,234,254,214" oya="2" hai0="3,12,90,101,126,26,114,99,25,68,42,104,62" hai1="129,119,116,125,111,87,18,49,38,98,53,46,34" hai2="2,78,100,27,79,82,19,70,43,84,93,66,71" hai3="9,58,134,86,133,41,103,77,32,4,97,0,80"/><V76/><F2/><W92/><G32/><T112/><D3/><U60/><E111/><V6/><F6/><W135/><REACH who="3" step="1"/><G58/><REACH who="3" ten="298,234,254,204" step="2"/><T106/><D114/><U123/><E34/><V16/><F71/><W75/><G75/><T59/><D112/><U113/><E113/><V51/><F70/><W45/><G45/><T63/><D68/><U5/><E46/><N who="2" m="26079" /><F66/><W37/><G37/><T7/><D59/><U107/><E38/><V44/><F44/><W72/><G72/><T64/><D64/><U95/><E119/><V91/><F27/><W73/><G73/><T36/><D26/><U33/><E116/><V108/><F108/><W56/><G56/><T122/><D25/><U117/><E117/><V67/><F67/><W69/><G69/><T115/><D115/><U118/><E118/><V89/><F100/><W8/><G8/><T15/><D101/><U20/><E33/><V121/><F121/><W131/><G131/><T55/><D122/><U88/><E129/><V14/><F14/><W110/><G110/><T61/><D15/><U57/><E123/><V105/><F105/><W13/><G13/><T52/><D104/><U85/><E107/><V29/><F29/><W81/><G81/><T128/><D106/><U94/><E57/><V35/><F35/><W50/><G50/><T48/><D48/><U28/><E49/><V65/><F65/><W102/><G102/><T124/><D128/><U83/><E28/><V24/><F24/><W74/><G74/><T132/><D12/><U54/><E83/><V21/><F21/><W31/><G31/><T22/><D36/><RYUUKYOKU ba="0,1" sc="298,-15,234,-15,254,15,204,15" hai2="16,19,76,78,79,82,84,89,91,93" hai3="0,4,9,41,77,80,86,92,97,103,133,134,135" /><INIT seed="2,1,1,2,4,36" ten="283,219,269,219" oya="2" hai0="90,11,25,2,107,54,118,32,114,69,51,134,110" hai1="18,48,61,108,40,68,88,56,37,39,28,0,22" hai2="38,58,104,123,30,7,76,129,14,65,27,100,82" hai3="31,42,50,45,119,85,9,35,103,3,135,92,17"/><V132/><F123/><W120/><G119/><T5/><D114/><U8/><E108/><V44/><F129/><W21/><G120/><T47/><D110/><U63/><E28/><V121/><F121/><W102/><G135/><T95/><D107/><U125/><E125/><V122/><F122/><W98/><G35/><T12/><D69/><U86/><E68/><V73/><F132/><W84/><G31/><T93/><D134/><U124/><E124/><V81/><F100/><W89/><G9/><T1/><D118/><U41/><E39/><V99/><F104/><W109/><G3/><T57/><D25/><N who="1" m="14551" /><E8/><V112/><F38/><W43/><G43/><N who="1" m="16458" /><E0/><V77/><F30/><W79/><G109/><T116/><D32/><U26/><E26/><V131/><F27/><N who="3" m="14767" /><G98/><T70/><D70/><U66/><E37/><V19/><F112/><W115/><G115/><T80/><D2/><U128/><E128/><V127/><F131/><W78/><G78/><T111/><D116/><U10/><E10/><V91/><F77/><W24/><G24/><T74/><D1/><U33/><E33/><V105/><F76/><W60/><G60/><N who="0" m="35895" /><D74/><U53/><E66/><V59/><F65/><W16/><G16/><T126/><D126/><U52/><E53/><V29/><F127/><W96/><G42/><N who="0" m="25079" /><D111/><U87/><E87/><AGARI ba="1,1" hai="5,11,12,80,87,90,93,95" m="25079,35895" machi="87" ten="30,2000,0" yaku="8,1,52,1" doraHai="36" who="0" fromWho="1" sc="283,33,219,-23,269,0,219,0" /><INIT seed="3,0,0,3,4,31" ten="316,196,269,219" oya="3" hai0="19,0,117,53,66,109,81,44,119,96,35,64,49" hai1="71,25,77,12,8,122,131,98,41,6,105,116,108" hai2="45,72,50,75,65,63,10,22,36,69,68,114,92" hai3="40,128,97,124,95,106,78,14,89,132,55,34,17"/><W33/><G132/><T86/><D0/><U24/><E122/><V115/><F36/><W83/><G128/><T107/><D109/><U20/><E108/><V125/><F125/><W93/><G124/><T80/><D80/><U28/><E131/><V27/><F68/><W58/><G40/><T90/><D35/><U110/><E110/><V91/><F10/><W48/><G95/><T11/><D107/><U59/><E71/><V1/><F1/><W18/><G106/><T39/><D96/><U51/><E116/><N who="0" m="44617" /><D39/><U15/><E77/><V102/><F102/><W32/><REACH who="3" step="1"/><G14/><AGARI ba="0,0" hai="11,14,19,44,49,53,64,66,81,86,90" m="44617" machi="14" ten="30,1000,0" yaku="25,1" doraHai="31" who="0" fromWho="3" sc="316,10,196,0,269,0,219,-10" /><INIT seed="4,0,0,1,1,6" ten="326,196,269,209" oya="0" hai0="100,98,82,25,95,29,109,38,34,84,9,22,45" hai1="66,57,97,31,106,120,122,89,23,86,58,116,47" hai2="39,28,48,130,77,76,73,24,63,99,79,128,16" hai3="119,115,88,90,71,44,46,91,70,67,37,3,112"/><T51/><D38/><U129/><E116/><V5/><F39/><W30/><G37/><T124/><D124/><U134/><E129/><N who="2" m="49771" /><F5/><W72/><G67/><T132/><D132/><U55/><E134/><V10/><F63/><W1/><G72/><T105/><D109/><U94/><E47/><N who="3" m="17962" /><G30/><T83/><D34/><U96/><E106/><V85/><F99/><W123/><G119/><T17/><D105/><U33/><E33/><N who="2" m="20615" /><F85/><W32/><G32/><T27/><D84/><U4/><E4/><V103/><F103/><W78/><G78/><T93/><D93/><U113/><E97/><V114/><F48/><W49/><G49/><T60/><D60/><U62/><E96/><V43/><F43/><W52/><G52/><N who="0" m="29807" /><D27/><U59/><E62/><V8/><F73/><W92/><G92/><T117/><D117/><U2/><E55/><V107/><F107/><W35/><G35/><T104/><D104/><U7/><E94/><V133/><F133/><W56/><G123/><T127/><D127/><U108/><E122/><V41/><F41/><W11/><G56/><T0/><D0/><N who="3" m="73" /><G11/><T42/><D42/><U20/><E120/><V126/><F126/><W125/><G125/><T110/><D110/><U61/><E59/><V40/><F40/><W26/><G26/><T68/><D9/><U36/><E57/><V53/><F10/><W54/><G54/><T74/><D74/><U101/><E36/><V65/><F53/><W131/><G131/><T14/><D29/><U80/><E31/><V118/><F118/><W69/><AGARI ba="0,0" hai="69,70,71,88,90,91,112,115" m="73,17962" machi="69" ten="50,6400,0" yaku="28,2,54,1" doraHai="6" who="3" fromWho="3" sc="326,-32,196,-16,269,-16,209,64" /><INIT seed="5,0,0,5,3,74" ten="294,180,253,273" oya="1" hai0="100,60,117,97,71,99,6,17,21,27,5,30,41" hai1="116,25,55,50,83,101,59,129,77,109,108,40,16" hai2="43,102,115,15,132,1,11,73,33,96,126,26,47" hai3="76,8,93,29,128,72,110,32,12,95,82,134,54"/><U18/><E116/><V39/><F126/><W118/><G110/><N who="1" m="42602" /><E129/><V51/><F132/><W125/><G125/><T121/><D117/><U34/><E101/><V67/><F73/><W86/><G118/><T64/><D121/><U69/><E69/><V24/><F1/><W91/><G134/><T114/><D114/><U23/><E34/><V3/><F3/><W7/><G128/><T9/><D41/><U52/><E40/><V13/><F115/><W68/><G68/><T62/><D62/><U131/><E55/><V80/><F67/><W28/><G32/><T127/><D127/><U49/><E131/><V105/><F33/><W92/><REACH who="3" step="1"/><G54/><REACH who="3" ten="294,180,253,263" step="2"/><T70/><D70/><U14/><E49/><V98/><F51/><W135/><G135/><T84/><D71/><U78/><E83/><AGARI ba="0,1" hai="7,8,12,28,29,72,76,82,83,86,91,92,93,95" machi="83" ten="40,2600,0" yaku="1,1,52,1,53,0" doraHai="74" doraHaiUra="94" who="3" fromWho="1" sc="294,0,180,-26,253,0,263,36" /><INIT seed="6,0,0,4,5,109" ten="294,154,253,299" oya="2" hai0="77,33,44,57,53,9,68,65,55,21,132,116,118" hai1="69,85,112,111,54,38,98,36,39,130,92,99,3" hai2="131,89,106,88,84,67,19,63,120,94,26,25,13" hai3="6,56,52,128,91,123,11,62,64,72,60,7,127"/><V14/><F120/><W30/><G123/><T28/><D33/><U113/><E111/><V17/><F131/><W70/><G128/><T8/><D68/><U1/><E130/><V101/><F106/><W31/><G127/><T27/><D132/><U59/><E69/><V90/><F63/><W104/><G72/><T71/><D77/><U47/><E47/><V86/><F67/><W80/><G104/><T74/><D74/><U58/><E85/><N who="2" m="32875" /><F101/><W100/><G100/><T16/><D44/><U124/><E124/><V20/><F94/><W103/><G103/><T10/><D71/><U24/><E24/><N who="2" m="9323" /><F20/><W117/><G117/><N who="0" m="45163" /><D28/><U45/><E45/><V50/><F50/><W35/><G80/><T43/><D43/><U42/><E42/><V76/><F76/><W96/><G35/><T66/><D55/><U107/><E107/><V78/><F78/><W125/><G125/><T79/><D79/><U110/><E110/><V81/><F81/><W40/><G40/><T34/><D34/><U83/><E83/><V102/><F102/><W2/><REACH who="3" step="1"/><G6/><REACH who="3" ten="294,154,253,289" step="2"/><T105/><D105/><U18/><E18/><AGARI ba="0,1" hai="13,14,17,18,19,88,89,90" m="9323,32875" machi="18" ten="30,11600,0" yaku="28,2,8,1,54,1" doraHai="109" who="2" fromWho="1" sc="294,0,154,-116,253,126,289,0" /><INIT seed="6,1,0,0,1,87" ten="294,38,379,289" oya="2" hai0="4,135,126,0,100,40,13,46,114,16,106,122,56" hai1="70,6,95,88,67,89,26,7,20,38,119,14,121" hai2="90,8,110,43,9,116,109,105,83,124,130,63,15" hai3="54,131,33,71,21,45,62,3,98,81,34,1,47"/><V25/><F116/><W69/><G81/><T10/><D122/><U97/><E119/><V2/><F105/><W103/><G21/><T53/><D114/><U48/><E121/><V93/><F130/><W61/><G54/><T104/><D100/><U50/><E38/><V44/><F124/><W84/><G84/><T73/><D73/><U66/><E70/><V42/><F25/><W79/><G103/><T129/><D135/><U117/><E117/><V85/><F63/><W32/><G32/><T86/><D129/><U60/><E67/><V65/><F65/><W23/><G23/><T27/><D27/><U92/><E60/><V118/><F118/><W75/><G131/><T91/><D126/><U72/><E66/><V11/><F2/><W128/><G128/><T108/><D108/><N who="2" m="41578" /><F93/><W17/><G1/><T57/><D104/><U24/><E72/><V111/><F111/><W31/><G3/><T22/><D106/><U39/><E39/><N who="2" m="21599" /><F43/><W101/><G71/><T59/><D40/><U5/><E14/><AGARI ba="1,0" hai="8,9,11,14,15,83,85,90" m="21599,41578" machi="14" ten="30,2900,0" yaku="10,1,52,1" doraHai="87" who="2" fromWho="1" sc="294,0,38,-32,379,32,289,0" /><INIT seed="6,2,0,2,2,110" ten="294,6,411,289" oya="2" hai0="46,111,74,83,71,26,45,0,75,132,130,8,50" hai1="61,19,14,103,11,23,90,129,100,41,107,133,56" hai2="30,79,42,62,34,48,39,106,16,108,63,36,126" hai3="32,9,131,95,119,94,51,40,33,18,60,82,105"/><V76/><F106/><W88/><G119/><T120/><D120/><U49/><E129/><V127/><F108/><W24/><G105/><T65/><D132/><U121/><E133/><V66/><F48/><W118/><G118/><T86/><D111/><U55/><E121/><V73/><F30/><W109/><G109/><T128/><D26/><U43/><E107/><V13/><F34/><W47/><G131/><N who="0" m="50219" /><D65/><U21/><E90/><V3/><F3/><W1/><G82/><T91/><D71/><U70/><E70/><V44/><F39/><W117/><G117/><T59/><D59/><U2/><E2/><V29/><F29/><W38/><G38/><T5/><D46/><N who="1" m="25807" /><E43/><AGARI ba="2,0" hai="0,5,8,43,45,50,74,75,83,86,91" m="50219" machi="43" ten="30,1000,0" yaku="19,1" doraHai="110" who="0" fromWho="1" sc="294,16,6,-16,411,0,289,0" owari="310,11.0,-10,-51.0,411,51.1,289,-11.1" /></mjloggm>