<mjloggm ver="2.3"><GO type="169" lobby="0"/><UN n0="%E9%BB%92%E7%8A%AC%40%E3%81%A6%E3%82%93%E3%81%BB%E3%83%BC" n1="%6B%73%77%72%74" n2="%EF%BC%81%E2%80%9D%EF%BC%83%EF%BC%84%EF%BC%85%EF%BC%86%E2%80%99%EF%BC%88" n3="%78%78%E3%81%9D%E3%81%B0" dan="17,16,16,16" rate="2146.43,2129.15,2127.76,2107.50" sx="M,M,M,M"/><TAIKYOKU oya="0"/><INIT seed="0,0,0,3,3,94" ten="250,250,250,250" oya="0" hai0="76,98,40,84,57,36,104,39,6,109,88,25,74" hai1="26,120,73,12,51,112,87,105,102,9,70,127,95" hai2="129,56,35,111,50,34,116,72,103,59,13,37,18" hai3="17,2,110,69,101,67,133,91,71,15,22,4,27"/><T66/><D6/><U100/><E73/><V68/><F37/><W24/><G110/><T11/><D11/><U75/><E75/><V115/><F115/><W89/><G133/><T46/><D109/><U54/><E120/><V124/><F68/><W82/><G101/><T81/><D25/><U106/><E70/><V41/><F72/><W62/><G69/><T99/><D36/><U118/><E118/><V130/><F124/><W78/><G2/><T23/><D23/><U125/><E112/><V52/><F41/><W119/><G119/><T134/><D104/><U80/><E26/><V33/><F103/><N who="1" m="39465" /><E95/><V38/><F38/><W55/><G55/><T117/><D134/><U30/><E30/><V3/><F3/><W8/><REACH who="3" step="1"/><G27/><REACH who="3" ten="250,250,250,240" step="2"/><T63/><REACH who="0" step="1"/><D117/><REACH who="0" ten="240,250,250,240" step="2"/><U44/><E106/><V77/><F116/><W14/><G14/><T5/><D5/><U113/><E105/><V79/><F111/><W121/><G121/><T58/><D58/><U47/><E113/><V83/><F56/><W114/><G114/><T64/><D64/><U20/><E127/><V90/><F13/><W123/><G123/><T92/><AGARI ba="0,2" hai="39,40,46,57,63,66,74,76,81,84,88,92,98,99" machi="92" ten="20,24000,3" yaku="1,1,0,1,7,1,52,2,54,1,53,2" doraHai="94" doraHaiUra="93" who="0" fromWho="0" sc="240,260,250,-80,250,-80,240,-80" /><INIT seed="0,1,0,1,4,114" ten="500,170,170,160" oya="0" hai0="9,26,86,82,54,128,99,85,21,70,32,5,121" hai1="59,37,77,105,22,1,92,61,49,102,83,39,118" hai2="129,15,101,71,23,133,62,87,60,88,113,108,80" hai3="75,90,11,64,3,38,98,16,124,130,111,28,81"/><T30/><D128/><U51/><E105/><V110/><F113/><W103/><G38/><T13/><D70/><U100/><E1/><V120/><F129/><W96/><G111/><N who="2" m="42537" /><F120/><W50/><G124/><T106/><D121/><U109/><E109/><V53/><F133/><W122/><G130/><T94/><D106/><U4/><E4/><V7/><F101/><W78/><G122/><T115/><D115/><U25/><E118/><V35/><F35/><W14/><G64/><T10/><D54/><U36/><E51/><V55/><F23/><W57/><G3/><T74/><D74/><U66/><E49/><V131/><F131/><W84/><G28/><T42/><D42/><U43/><E43/><V104/><F104/><W45/><G57/><T27/><D82/><U135/><E135/><V33/><F33/><W93/><REACH who="3" step="1"/><G103/><REACH who="3" ten="500,170,170,150" step="2"/><T34/><D34/><U18/><REACH who="1" step="1"/><E92/><REACH who="1" ten="500,160,170,150" step="2"/><V12/><F62/><W134/><G134/><T58/><D94/><U46/><E46/><V17/><F60/><W123/><G123/><T56/><D58/><U6/><E6/><V91/><F7/><W132/><G132/><T20/><D56/><U8/><E8/><V67/><F71/><W116/><G116/><T117/><D117/><U112/><E112/><V41/><F67/><W68/><G68/><T69/><D69/><U127/><E127/><V44/><F44/><W40/><AGARI ba="1,2" hai="11,14,16,40,45,50,75,78,81,84,90,93,96,98" machi="40" ten="20,5200,0" yaku="1,1,0,1,7,1,54,1,53,0" doraHai="114" doraHaiUra="125" who="3" fromWho="3" sc="500,-27,160,-14,170,-14,150,75" /><INIT seed="1,0,0,1,4,7" ten="473,146,156,225" oya="1" hai0="84,22,67,38,41,20,77,104,78,49,64,132,107" hai1="125,5,75,102,8,71,133,123,103,6,58,85,106" hai2="39,55,83,12,52,19,94,74,120,97,100,59,66" hai3="60,135,32,91,10,73,35,31,30,4,18,0,122"/><U14/><E123/><V50/><F39/><W47/><G73/><T93/><D49/><U69/><E75/><V43/><F120/><W112/><G47/><T121/><D84/><U13/><E133/><V2/><F2/><W56/><G122/><T90/><D93/><U105/><E85/><V108/><F108/><W46/><G135/><T29/><D121/><U86/><E86/><V76/><F66/><W113/><G46/><T34/><D29/><N who="3" m="10761" /><G91/><T42/><D90/><U95/><E58/><V87/><F74/><W68/><G68/><T3/><D3/><U33/><E33/><N who="3" m="12874" /><G56/><T118/><D34/><U9/><REACH who="1" step="1"/><E95/><REACH who="1" ten="473,136,156,225" step="2"/><V21/><REACH who="2" step="1"/><F59/><REACH who="2" ten="473,136,146,225" step="2"/><W70/><G70/><T44/><D132/><U36/><E36/><V72/><F72/><W109/><G109/><T129/><D38/><U25/><E25/><V82/><F82/><W65/><G65/><T130/><D44/><AGARI ba="0,2" hai="12,19,21,43,44,50,52,55,76,83,87,94,97,100" machi="44" ten="40,8000,1" yaku="1,1,8,1,54,1,53,1" doraHai="7" doraHaiUra="81" who="2" fromWho="0" sc="473,-80,136,0,146,100,225,0" /><INIT seed="2,0,0,3,4,42" ten="393,136,246,225" oya="2" hai0="96,127,77,124,107,18,74,99,53,104,126,114,110" hai1="7,14,37,87,49,10,13,76,75,131,97,32,54" hai2="123,39,90,33,67,125,106,52,129,45,91,92,80" hai3="40,34,133,31,0,47,98,57,24,81,9,101,61"/><V68/><F123/><W27/><G133/><T25/><D110/><U29/><E131/><V84/><F129/><W73/><G27/><T11/><D114/><U102/><E75/><V113/><F113/><W59/><G0/><T89/><D77/><U130/><E130/><V118/><F118/><W94/><G9/><T58/><D74/><U30/><E37/><V83/><F106/><W19/><G19/><T128/><D128/><U28/><E32/><V108/><F125/><W21/><G34/><T116/><D116/><U122/><E122/><V35/><F108/><W119/><G119/><T6/><D25/><U64/><E64/><V132/><F132/><W134/><G134/><T93/><D18/><U15/><E87/><V121/><F83/><W100/><G100/><T103/><D104/><U111/><E76/><V66/><F121/><W112/><G112/><T120/><D120/><U12/><E111/><V16/><F39/><W79/><REACH who="3" step="1"/><G61/><REACH who="3" ten="393,136,246,215" step="2"/><N who="0" m="36047" /><D11/><U63/><E63/><V72/><F16/><W56/><G56/><T46/><D6/><U69/><E69/><V26/><F68/><W135/><G135/><T4/><D4/><U105/><REACH who="1" step="1"/><E28/><REACH who="1" ten="393,126,246,215" step="2"/><V38/><F33/><W62/><G62/><T115/><D115/><U51/><E51/><AGARI ba="0,2" hai="21,24,31,40,47,51,57,59,73,79,81,94,98,101" machi="51" ten="30,3900,0" yaku="1,1,7,1,52,1,53,0" doraHai="42" doraHaiUra="86" who="3" fromWho="1" sc="393,0,126,-39,246,0,215,59" /><INIT seed="3,0,0,0,2,114" ten="393,87,246,274" oya="3" hai0="33,64,38,39,80,135,83,76,20,102,22,59,81" hai1="101,121,105,69,0,74,133,66,10,89,85,107,79" hai2="117,129,130,115,50,86,5,84,99,111,42,49,126" hai3="90,47,100,43,34,3,58,30,7,118,132,82,35"/><W27/><G132/><T23/><D33/><U88/><E66/><V31/><F115/><W87/><G100/><T8/><D76/><U6/><E69/><V4/><F111/><W25/><G118/><T119/><D102/><U53/><E121/><V26/><F99/><W19/><G58/><T120/><D120/><U62/><E133/><V106/><F106/><W77/><G77/><T56/><D135/><U70/><E74/><V128/><F126/><W46/><G43/><T75/><D75/><U52/><E70/><V91/><F117/><W1/><G7/><N who="2" m="2633" /><F42/><W54/><G54/><T113/><D119/><U51/><E62/><V13/><F13/><W21/><REACH who="3" step="1"/><G34/><REACH who="3" ten="393,87,246,264" step="2"/><T73/><D113/><U37/><E53/><V32/><F86/><W61/><G61/><T72/><D73/><U36/><E79/><V45/><F45/><AGARI ba="0,1" hai="1,3,19,21,25,27,30,35,45,46,47,82,87,90" machi="45" ten="40,2000,0" yaku="1,1,53,0" doraHai="114" doraHaiUra="131" who="3" fromWho="2" sc="393,0,87,0,246,-20,264,30" /><INIT seed="3,1,0,4,0,115" ten="393,87,226,294" oya="3" hai0="107,16,8,54,117,114,90,34,127,25,121,106,64" hai1="112,55,57,92,43,109,125,133,27,38,69,32,40" hai2="14,73,71,77,122,29,36,80,4,111,13,119,59" hai3="35,89,50,116,79,113,5,41,23,124,46,81,100"/><W28/><G116/><T47/><D121/><U132/><E92/><V93/><F71/><W42/><G113/><T62/><D117/><U0/><E27/><V11/><F122/><W129/><G35/><T12/><D114/><U104/><E32/><V68/><F68/><W87/><G124/><T94/><D127/><U44/><E0/><V19/><F111/><W1/><G129/><T82/><D82/><U49/><E104/><V9/><F36/><W61/><G100/><T101/><D101/><U98/><E98/><V130/><F130/><W97/><G61/><T22/><D34/><U75/><E75/><V103/><F59/><W86/><G97/><T128/><D54/><U105/><E105/><V56/><F56/><W18/><G28/><T123/><D47/><N who="1" m="23959" /><E112/><V85/><F119/><W95/><G1/><T45/><D45/><U134/><E125/><V76/><F73/><W83/><G5/><T17/><D123/><U126/><E126/><V15/><F29/><W108/><G108/><T72/><D72/><U110/><E69/><V60/><F77/><W20/><G42/><T21/><D21/><U37/><AGARI ba="1,0" hai="37,43,44,49,55,57,109,110,132,133,134" m="23959" machi="37" ten="40,5200,0" yaku="20,1,34,2" doraHai="115" who="1" fromWho="1" sc="393,-14,87,55,226,-14,294,-27" /><INIT seed="4,0,0,3,1,30" ten="379,142,212,267" oya="0" hai0="89,105,1,120,132,67,15,125,3,51,9,70,135" hai1="49,80,47,31,54,38,116,130,69,90,61,25,106" hai2="115,5,112,88,83,22,129,117,23,16,17,36,72" hai3="73,20,63,126,34,14,107,98,86,94,99,48,82"/><T7/><D105/><U35/><E116/><V40/><F117/><W24/><G126/><T6/><D120/><U12/><E130/><V32/><F129/><W133/><G73/><T91/><D125/><U42/><E106/><V46/><F5/><N who="0" m="1546" /><D51/><U53/><E12/><V84/><F72/><W62/><G133/><N who="0" m="51275" /><D67/><U11/><E11/><V4/><F4/><W100/><G48/><T58/><D58/><U52/><E90/><N who="0" m="34313" /><D70/><U41/><E80/><V26/><REACH who="2" step="1"/><F32/><REACH who="2" ten="379,142,202,267" step="2"/><W55/><G34/><T39/><D3/><U68/><REACH who="1" step="1"/><E61/><REACH who="1" ten="379,132,202,267" step="2"/><V66/><F66/><W121/><G62/><T45/><D1/><U95/><E95/><V74/><F74/><W110/><G63/><T56/><D39/><U0/><E0/><V8/><F8/><W59/><G121/><T128/><D9/><U50/><E50/><V131/><F131/><W18/><G94/><T102/><D128/><U103/><E103/><V78/><F78/><W37/><G37/><T65/><D102/><U43/><E43/><V19/><F19/><W92/><G107/><T76/><D76/><U122/><E122/><V119/><F119/><W64/><G100/><T134/><D134/><U108/><E108/><V27/><AGARI ba="0,2" hai="16,17,22,23,26,27,36,40,46,83,84,88,112,115" machi="27" ten="30,8000,1" yaku="1,1,0,1,9,1,54,2,53,0" doraHai="30" doraHaiUra="33" who="2" fromWho="2" sc="379,-40,132,-20,202,100,267,-20" /><INIT seed="5,0,0,2,0,76" ten="339,112,302,247" oya="1" hai0="89,80,3,103,39,98,6,35,48,58,62,13,87" hai1="65,83,29,9,72,23,28,105,77,44,78,32,10" hai2="85,8,16,60,92,54,113,120,88,33,4,95,91" hai3="24,2,38,79,131,93,1,96,81,104,82,119,63"/><U55/><E105/><V134/><F120/><W21/><G104/><T133/><D39/><U86/><E32/><V118/><F118/><W66/><G38/><T37/><D37/><U132/><E132/><V57/><F134/><W70/><G131/><T106/><D35/><U27/><E29/><V90/><F113/><W25/><G119/><T64/><D133/><U30/><E30/><V45/><F33/><W7/><G25/><T100/><D100/><U51/><REACH who="1" step="1"/><E65/><REACH who="1" ten="339,102,302,247" step="2"/><V0/><F92/><W124/><G124/><T110/><D64/><U117/><E117/><V50/><REACH who="2" step="1"/><F16/><REACH who="2" ten="339,102,292,247" step="2"/><W42/><G93/><T17/><D17/><U109/><E109/><V52/><AGARI ba="0,2" hai="0,4,8,45,50,52,54,57,60,85,88,90,91,95" machi="52" ten="20,12000,2" yaku="1,1,2,1,0,1,7,1,54,2,53,0" doraHai="76" doraHaiUra="31" who="2" fromWho="2" sc="339,-30,102,-60,292,140,247,-30" /><INIT seed="6,0,0,4,4,67" ten="309,42,432,217" oya="2" hai0="19,36,23,122,87,34,65,106,37,99,40,135,43" hai1="60,38,130,54,82,109,17,101,84,28,128,14,123" hai2="49,68,45,126,120,41,89,76,116,77,75,129,20" hai3="50,71,74,1,55,108,73,39,35,11,105,114,13"/><V94/><F116/><W81/><G55/><T30/><D135/><U79/><E109/><V8/><F120/><W25/><G50/><T111/><D111/><U46/><E123/><V10/><F126/><W21/><G81/><T24/><D122/><U2/><E2/><V86/><F129/><W133/><G25/><T72/><D72/><U91/><E38/><V16/><F68/><W53/><G21/><T7/><D7/><U90/><E128/><V61/><F61/><W58/><G53/><T0/><D0/><U62/><E130/><V3/><F3/><W27/><G58/><T107/><D87/><U32/><E32/><V127/><F127/><W59/><G59/><T6/><D6/><U78/><E28/><V85/><F75/><W88/><G88/><T12/><D65/><U83/><E101/><V113/><F113/><W131/><G27/><T119/><D119/><U97/><E97/><V15/><REACH who="2" step="1"/><F85/><REACH who="2" ten="309,42,422,217" step="2"/><W115/><G73/><T134/><D134/><U95/><E62/><V98/><F98/><W29/><G71/><T121/><D99/><U5/><E60/><V100/><F100/><W26/><G74/><T103/><D103/><U132/><E84/><V22/><F22/><W69/><G1/><T18/><D121/><U52/><E132/><V31/><F31/><W4/><G133/><T63/><D63/><U70/><E70/><V51/><F51/><W110/><G131/><T48/><D48/><U44/><E46/><V56/><F56/><W33/><G69/><T57/><D57/><U42/><E44/><V96/><F96/><W104/><G35/><RYUUKYOKU ba="0,1" sc="309,-10,42,-10,422,30,217,-10" hai2="8,10,15,16,20,41,45,49,76,77,86,89,94" /><INIT seed="6,1,1,4,4,37" ten="299,32,452,207" oya="2" hai0="106,4,125,58,49,75,70,10,65,21,99,40,52" hai1="35,96,72,55,118,78,128,8,23,13,108,105,60" hai2="119,68,42,46,94,48,117,95,77,69,73,115,17" hai3="79,76,122,30,15,134,9,16,61,83,92,97,1"/><V81/><F115/><W53/><G122/><T44/><D75/><U31/><E108/><V123/><F123/><W43/><G134/><T62/><D125/><U5/><E118/><V18/><F94/><W25/><G1/><T28/><D28/><U111/><E111/><V109/><F109/><W50/><G61/><T3/><D21/><U86/><E128/><V84/><F68/><W0/><G0/><T107/><D99/><U71/><E23/><V135/><F69/><W103/><G43/><T104/><D104/><U27/><E55/><V64/><F64/><W74/><G79/><T41/><D41/><U45/><E86/><V6/><F6/><W87/><G74/><T126/><D126/><U59/><E59/><V26/><F135/><W133/><G133/><T91/><D91/><U116/><E45/><V47/><F47/><W14/><G14/><T67/><D65/><U66/><E116/><V85/><F73/><W38/><G38/><AGARI ba="1,1" hai="3,4,10,38,40,44,49,52,58,62,67,70,106,107" machi="38" ten="30,8000,1" yaku="7,1,24,2,52,1,54,1" doraHai="37" who="0" fromWho="3" sc="299,93,32,0,452,0,207,-83" /><INIT seed="7,0,0,3,3,23" ten="392,32,452,124" oya="3" hai0="119,36,95,89,98,65,46,35,47,14,84,11,55" hai1="10,54,21,112,60,72,81,78,79,59,86,51,1" hai2="104,115,3,123,113,32,48,27,96,134,74,61,6" hai3="108,90,80,126,62,121,83,52,122,22,103,99,16"/><W57/><G108/><T69/><D119/><U93/><E112/><N who="2" m="43083" /><F134/><W82/><G126/><T87/><D35/><U33/><E33/><V76/><F123/><W28/><G28/><T117/><D117/><U109/><E109/><V39/><F39/><W101/><G122/><T91/><D69/><U92/><E72/><V13/><F3/><W135/><G135/><T66/><D98/><U49/><E1/><V67/><F48/><W97/><G121/><T85/><D85/><U17/><E78/><V7/><F13/><W70/><G70/><T94/><D36/><U105/><E105/><V127/><F127/><W40/><G40/><T31/><D31/><U53/><E10/><V30/><F76/><W128/><G128/><T116/><D116/><U114/><E114/><V110/><F74/><W8/><G8/><T100/><D100/><N who="3" m="38473" /><G90/><T12/><D11/><U64/><E64/><V63/><F110/><W34/><G34/><T15/><D55/><U5/><E5/><N who="2" m="1547" /><F67/><W132/><G132/><T130/><REACH who="0" step="1"/><D15/><AGARI ba="0,0" hai="15,16,22,52,57,62,80,82,83,97,99" m="38473" machi="15" ten="30,5800,0" yaku="8,1,54,2" doraHai="23" who="3" fromWho="0" sc="392,-58,32,0,452,0,124,58" /><INIT seed="7,1,0,0,1,123" ten="334,32,452,182" oya="3" hai0="89,93,2,122,53,46,75,42,33,112,11,91,92" hai1="87,105,90,107,74,34,43,40,14,76,54,24,134" hai2="62,59,73,124,68,83,88,67,99,69,35,10,19" hai3="56,104,131,114,15,121,25,5,18,86,37,119,63"/><W3/><G121/><T118/><D33/><U28/><E90/><V135/><F35/><W22/><G119/><T20/><D122/><U127/><E87/><V39/><F39/><W133/><G37/><T129/><D75/><U31/><E54/><V116/><F124/><W51/><G114/><T27/><D118/><U55/><E55/><V128/><F128/><W71/><G104/><T8/><D112/><U100/><E34/><V120/><F120/><W125/><G125/><T78/><D78/><U115/><E127/><V66/><F116/><W17/><G71/><T77/><D77/><U57/><E76/><V79/><F135/><W44/><G131/><T102/><D42/><U4/><E57/><V96/><F67/><N who="3" m="39399" /><G3/><T106/><D106/><U64/><E64/><V38/><F38/><W97/><G97/><T32/><D32/><U21/><E115/><V9/><F99/><W41/><G133/><T80/><D2/><U50/><E134/><V98/><F98/><W36/><G36/><T26/><D102/><U81/><E100/><V82/><F96/><W7/><G86/><T101/><D101/><U70/><E70/><V30/><F68/><W61/><G61/><T110/><D129/><U132/><E132/><V94/><F69/><W48/><G48/><T65/><D65/><U49/><E50/><V6/><F62/><W95/><G95/><T29/><D93/><U72/><E49/><V130/><F130/><W12/><G25/><T103/><D92/><U84/><E107/><V126/><F126/><W117/><G117/><T45/><D26/><N who="1" m="16463" /><E105/><V109/><F94/><RYUUKYOKU ba="1,0" sc="334,-10,32,-10,452,-10,182,30" hai3="5,7,12,15,17,18,22,41,44,51" /><INIT seed="7,2,0,4,0,50" ten="324,22,442,212" oya="3" hai0="120,88,99,49,81,3,100,40,35,116,130,113,52" hai1="67,74,16,25,63,123,66,106,46,117,112,70,72" hai2="13,125,102,26,54,135,6,97,132,30,59,28,8" hai3="68,34,105,76,82,84,95,77,134,64,131,39,127"/><W7/><G39/><T85/><D116/><U93/><E106/><N who="2" m="63823" /><F26/><W122/><G105/><T129/><D120/><U56/><E63/><N who="2" m="36343" /><F125/><W119/><G122/><T115/><D40/><U60/><E112/><N who="0" m="43081" /><D35/><U31/><E31/><V1/><F1/><W89/><G119/><T96/><D3/><U27/><E93/><V11/><F11/><W57/><G127/><T128/><D100/><U111/><E16/><V110/><F110/><W15/><G34/><T21/><D21/><U51/><E51/><V118/><F118/><W94/><G68/><T83/><D81/><U29/><E29/><V19/><F19/><W48/><G77/><T78/><D78/><U0/><E74/><V33/><F33/><W4/><G94/><T42/><D42/><U79/><E79/><V103/><F103/><W87/><G134/><AGARI ba="2,0" hai="6,8,13,28,30,132,134,135" m="36343,63823" machi="134" ten="30,2000,0" yaku="20,1,52,1" doraHai="50" who="2" fromWho="3" sc="324,0,22,0,442,26,212,-26" owari="324,12.4,22,-47.8,468,56.8,186,-21.4" /></mjloggm>