<mjloggm ver="2.3"><GO type="169" lobby="0"/><UN n0="%E3%81%97%E3%82%83%E3%82%8B%E3%81%BC%E3%82%93" n1="%4E%49%4A%49%49%52%4F" n2="%73%65%69%67%65%6E" n3="%E3%82%86%E3%81%86%E3%82%86%E3%81%8D" dan="16,17,16,16" rate="2115.67,2224.30,2049.23,2180.52" sx="M,M,M,M"/><TAIKYOKU oya="0"/><INIT seed="0,0,0,3,3,28" ten="250,250,250,250" oya="0" hai0="50,1,112,87,123,125,20,36,43,54,126,10,62" hai1="131,95,99,94,70,24,61,117,3,88,133,116,66" hai2="71,106,73,98,37,101,57,105,122,48,109,21,128" hai3="135,45,110,91,89,74,13,63,114,100,129,67,130"/><T35/><D112/><U6/><E133/><V60/><F122/><W111/><G114/><T79/><D123/><U86/><E131/><N who="3" m="50186" /><G74/><T107/><D107/><U38/><E38/><V42/><F128/><W58/><G100/><T18/><D62/><U25/><E6/><V23/><F73/><W16/><G45/><T113/><D113/><U19/><E3/><V17/><F109/><N who="3" m="41483" /><G135/><T134/><D134/><U33/><E19/><V65/><F106/><W72/><G72/><T64/><D64/><U127/><E127/><N who="0" m="48649" /><D43/><U4/><E4/><V85/><F85/><W104/><G104/><T96/><D96/><U78/><E78/><V75/><F75/><W59/><G59/><N who="0" m="33239" /><D36/><U41/><E41/><V31/><F37/><W15/><G15/><N who="0" m="9311" /><D87/><U22/><E22/><AGARI ba="0,0" hai="13,16,22,58,63,67,89,91" m="41483,50186" machi="22" ten="30,3900,0" yaku="19,1,14,1,54,1" doraHai="28" who="3" fromWho="1" sc="250,0,250,-39,250,0,250,39" /><INIT seed="1,0,0,2,0,28" ten="250,211,250,289" oya="1" hai0="98,134,53,64,130,94,13,126,127,132,60,34,95" hai1="74,12,50,105,100,66,19,115,97,135,44,20,41" hai2="88,37,8,121,128,119,120,84,118,101,33,38,1" hai3="104,77,99,108,76,29,109,124,114,7,113,72,116"/><U14/><E115/><N who="3" m="44042" /><G29/><T55/><D13/><U90/><E135/><N who="0" m="51753" /><D95/><U112/><E112/><V35/><F101/><N who="3" m="62527" /><G7/><T65/><D94/><U2/><E2/><V27/><F27/><W106/><G116/><N who="2" m="44585" /><F88/><W117/><G117/><T89/><D89/><U129/><E129/><V51/><F51/><W82/><G124/><N who="0" m="47659" /><D98/><U63/><E74/><V36/><F128/><W93/><G106/><T47/><D130/><U107/><E90/><V68/><F84/><N who="3" m="48199" /><G93/><T67/><D34/><N who="2" m="12810" /><F68/><W31/><G31/><T30/><D30/><U81/><E81/><AGARI ba="0,0" hai="72,77,81,108,109" m="48199,62527,44042" machi="81" ten="30,2000,0" yaku="34,2" doraHai="28" who="3" fromWho="1" sc="250,0,211,-20,250,0,289,20" /><INIT seed="2,0,0,0,4,96" ten="250,191,250,309" oya="2" hai0="43,50,45,87,56,15,115,49,116,111,28,109,129" hai1="84,79,86,130,101,85,44,13,22,58,36,20,114" hai2="9,73,38,21,42,46,70,30,7,126,78,122,76" hai3="74,23,92,65,117,2,121,69,4,11,34,135,131"/><V57/><F70/><W24/><G117/><T25/><D115/><U59/><E114/><V75/><F122/><W90/><G74/><T72/><D72/><U40/><E130/><V52/><F126/><W18/><G121/><T91/><D129/><U66/><E79/><V80/><F78/><W132/><G131/><T102/><D116/><U120/><E120/><V3/><F75/><W55/><G55/><T105/><D15/><U99/><E66/><V0/><F0/><W16/><G18/><T127/><D127/><U89/><E89/><V81/><F81/><W51/><G51/><T37/><D56/><U133/><E133/><V95/><F95/><W62/><REACH who="3" step="1"/><G34/><REACH who="3" ten="250,191,250,299" step="2"/><T82/><D50/><U104/><REACH who="1" step="1"/><E22/><REACH who="1" ten="250,181,250,299" step="2"/><V53/><F21/><W123/><G123/><T12/><D111/><U33/><E33/><V134/><F134/><W108/><G108/><T41/><D109/><U83/><E83/><V63/><REACH who="2" step="1"/><F30/><REACH who="2" ten="250,181,240,299" step="2"/><W124/><G124/><T68/><D82/><U8/><E8/><V17/><F17/><AGARI ba="0,3" hai="13,17,20,36,40,44,58,59,84,85,86,99,101,104" machi="17" ten="40,2600,0" yaku="1,1,52,1,53,0" doraHai="96" doraHaiUra="29" who="1" fromWho="2" sc="250,0,181,56,240,-26,299,0" /><INIT seed="3,0,0,5,5,115" ten="250,237,214,299" oya="3" hai0="86,3,117,125,63,54,77,53,92,71,50,133,68" hai1="66,16,22,67,51,112,14,27,109,55,126,43,75" hai2="128,103,49,1,10,99,34,52,23,129,106,87,40" hai3="119,96,17,19,15,56,24,7,83,28,101,116,62"/><W58/><G83/><T100/><D3/><U105/><E112/><V38/><F34/><W93/><G7/><T31/><D31/><U131/><E109/><V26/><F40/><W39/><G39/><T78/><D100/><U12/><E131/><N who="2" m="50251" /><F38/><W104/><G104/><T61/><D86/><U48/><E126/><V73/><F87/><W4/><G4/><T41/><D41/><U79/><E105/><V72/><F10/><W88/><G101/><T74/><D92/><U46/><E79/><V120/><F1/><W70/><G70/><T107/><D107/><U130/><E75/><V98/><F98/><W113/><G113/><T9/><D9/><U44/><E130/><V118/><F120/><W111/><G111/><T13/><D13/><AGARI ba="0,0" hai="12,13,14,16,22,27,43,44,46,48,51,55,66,67" machi="13" ten="40,2600,0" yaku="8,1,54,1" doraHai="115" who="1" fromWho="0" sc="250,-26,237,26,214,0,299,0" /><INIT seed="4,0,0,3,1,107" ten="224,263,214,299" oya="0" hai0="56,112,30,99,100,69,94,0,104,102,17,8,24" hai1="111,52,106,26,27,23,55,126,121,53,68,40,74" hai2="127,31,60,6,39,76,75,81,70,19,21,72,36" hai3="119,101,22,25,5,47,91,43,93,133,129,11,29"/><T90/><D112/><U115/><E111/><V109/><F109/><W84/><G133/><T35/><D69/><U14/><E106/><V50/><F127/><W32/><G129/><T9/><D0/><U15/><E68/><V44/><F31/><W45/><G119/><T67/><D102/><U10/><E126/><V71/><F6/><W61/><G61/><T135/><D135/><U105/><E105/><V1/><F1/><W78/><G32/><T62/><REACH who="0" step="1"/><D17/><REACH who="0" ten="214,263,214,299" step="2"/><U59/><E115/><V64/><F71/><W113/><G113/><T48/><D48/><U77/><E121/><V103/><F103/><W49/><G101/><T54/><D54/><U83/><E40/><V87/><F39/><W95/><G49/><T20/><D20/><U34/><E34/><V28/><F36/><W118/><G22/><T108/><D108/><U117/><E117/><V3/><F3/><W98/><G43/><T125/><D125/><U7/><E59/><V132/><F132/><W88/><G118/><T38/><D38/><U89/><E23/><V79/><F28/><W63/><G63/><T86/><AGARI ba="0,1" hai="8,9,24,30,35,56,62,67,86,90,94,99,100,104" machi="86" ten="20,3900,0" yaku="1,1,0,1,7,1,53,0" doraHai="107" doraHaiUra="122" who="0" fromWho="0" sc="214,49,263,-13,214,-13,299,-13" /><INIT seed="4,1,0,3,4,28" ten="263,250,201,286" oya="0" hai0="12,7,93,116,67,102,55,96,99,59,127,77,70" hai1="117,10,100,111,58,73,106,89,64,45,8,78,92" hai2="135,75,81,110,113,42,30,3,54,118,38,15,25" hai3="23,121,88,31,0,134,52,39,18,129,46,43,41"/><T83/><D116/><U128/><E111/><V47/><F110/><W124/><G0/><T120/><D120/><U1/><E128/><V71/><F118/><W132/><G129/><T29/><D127/><U82/><E117/><V101/><F3/><W66/><G124/><T32/><D7/><U122/><E122/><V16/><F71/><W17/><G66/><T114/><D114/><U105/><E45/><V37/><F113/><W48/><G121/><T107/><D12/><U9/><E1/><V68/><F68/><W131/><G31/><T13/><D13/><U109/><E109/><V49/><F101/><W50/><G131/><T115/><D115/><U104/><E64/><V19/><F135/><N who="3" m="51755" /><G23/><T95/><D99/><U21/><E21/><V14/><F14/><W90/><G48/><T86/><D59/><U36/><E58/><V108/><F108/><W34/><G34/><T33/><D55/><U6/><E36/><V60/><F60/><W61/><G61/><N who="0" m="40303" /><D33/><U98/><REACH who="1" step="1"/><E6/><REACH who="1" ten="263,240,201,286" step="2"/><V119/><F119/><W80/><G39/><T5/><D5/><U4/><E4/><V40/><F38/><W65/><G65/><T24/><AGARI ba="1,1" hai="24,29,32,77,83,86,93,95,96,102,107" m="40303" machi="24" ten="30,3000,0" yaku="25,1,52,1" doraHai="28" who="0" fromWho="0" sc="263,43,240,-11,201,-11,286,-11" /><INIT seed="4,2,0,1,0,11" ten="306,229,190,275" oya="0" hai0="25,36,96,52,95,75,132,92,124,3,39,53,22" hai1="21,107,112,42,29,15,79,47,54,74,26,48,122" hai2="58,116,72,126,114,93,61,69,44,12,70,123,40" hai3="1,86,128,121,2,101,8,87,9,38,129,111,131"/><T119/><D119/><U41/><E122/><V120/><F72/><W19/><G101/><T56/><D124/><U118/><E118/><V37/><F116/><W135/><G38/><T77/><D3/><N who="3" m="1033" /><G111/><T32/><D32/><U64/><E107/><V5/><F93/><W68/><G68/><T17/><D132/><U110/><E110/><V102/><F102/><W80/><G121/><T115/><D115/><U117/><E117/><V100/><F100/><W51/><G135/><T66/><D66/><U84/><E74/><V99/><F99/><W109/><G109/><T60/><D53/><U67/><E112/><V13/><F5/><W0/><G51/><T62/><D62/><U82/><E64/><V7/><F7/><N who="3" m="1127" /><G80/><N who="0" m="45119" /><D95/><U76/><E76/><V49/><F114/><W55/><G55/><T59/><D59/><U50/><E67/><N who="2" m="41199" /><F126/><W33/><G33/><T89/><AGARI ba="2,0" hai="17,22,25,36,39,52,56,60,89,92,96" m="45119" machi="89" ten="30,3000,0" yaku="25,1,54,1" doraHai="11" who="0" fromWho="0" sc="306,36,229,-12,190,-12,275,-12" /><INIT seed="4,3,0,3,2,81" ten="342,217,178,263" oya="0" hai0="85,80,126,53,91,105,69,95,93,3,0,129,127" hai1="26,4,17,68,15,75,96,52,43,11,133,88,1" hai2="100,132,112,86,37,6,113,19,14,73,57,20,51" hai3="64,7,83,128,116,28,58,87,124,44,18,120,118"/><T56/><D69/><U36/><E68/><V49/><F73/><W13/><G120/><T92/><D105/><U30/><E133/><V117/><F37/><W40/><G124/><N who="0" m="47659" /><D129/><U119/><E119/><V111/><F111/><W90/><G28/><T46/><D46/><U76/><E43/><V82/><F132/><W41/><G128/><T48/><AGARI ba="3,0" hai="0,3,48,53,56,80,85,91,92,93,95" m="47659" machi="48" ten="30,3000,0" yaku="18,1,52,1" doraHai="81" who="0" fromWho="0" sc="342,39,217,-13,178,-13,263,-13" /><INIT seed="4,4,0,0,3,100" ten="381,204,165,250" oya="0" hai0="76,16,105,6,94,135,15,63,38,35,1,122,53" hai1="129,115,64,68,7,25,110,14,39,126,78,81,11" hai2="8,45,36,111,37,23,2,82,83,125,80,24,85" hai3="42,41,90,57,65,99,13,71,69,10,119,77,51"/><T84/><D122/><U123/><E123/><V4/><F111/><W54/><G119/><T93/><D38/><U43/><E110/><V98/><F125/><W75/><G75/><T5/><D35/><U89/><E126/><V103/><F85/><W28/><G28/><T67/><D1/><U20/><E129/><V120/><F120/><W114/><G77/><T60/><D135/><U52/><E115/><V117/><F45/><W87/><G99/><T59/><D105/><U108/><E108/><V3/><F3/><W127/><G114/><T44/><D44/><U46/><E89/><V49/><F49/><W112/><G112/><T118/><D118/><U31/><E68/><V109/><F109/><W58/><G69/><T95/><D76/><U74/><E64/><V96/><F96/><W92/><G71/><T29/><D29/><U17/><REACH who="1" step="1"/><E52/><REACH who="1" ten="381,194,165,250" step="2"/><V34/><F117/><W132/><G127/><T116/><D116/><U50/><E50/><V30/><REACH who="2" step="1"/><F34/><REACH who="2" ten="381,194,155,250" step="2"/><W61/><REACH who="3" step="1"/><G132/><REACH who="3" ten="381,194,155,240" step="2"/><T102/><D84/><U32/><E32/><V91/><F91/><W130/><G130/><T88/><D88/><U66/><E66/><V22/><F22/><W48/><G48/><T70/><D67/><U27/><E27/><V86/><F86/><W79/><G79/><T133/><D133/><U72/><E72/><V62/><F62/><W21/><G21/><T124/><D124/><U106/><E106/><AGARI ba="4,3" hai="2,4,8,23,24,30,36,37,80,82,83,98,103,106" machi="106" ten="40,2600,0" yaku="1,1,52,1,53,0" doraHai="100" doraHaiUra="47" who="2" fromWho="1" sc="381,0,194,-38,155,68,240,0" /><INIT seed="5,0,0,5,1,11" ten="381,156,223,240" oya="1" hai0="28,50,112,69,20,117,111,9,58,100,38,103,0" hai1="8,64,63,56,1,134,2,17,6,67,118,88,83" hai2="32,92,80,131,123,89,43,29,71,30,42,82,74" hai3="37,22,127,35,51,25,126,106,57,39,114,13,77"/><U21/><E118/><V113/><F123/><W26/><G106/><T12/><D117/><U108/><E134/><V73/><F71/><W93/><G77/><T130/><D111/><U46/><E108/><V68/><F68/><W107/><G107/><T98/><D69/><U78/><E46/><V40/><F131/><W86/><G114/><T14/><D38/><U94/><E2/><V19/><F113/><W23/><G35/><T119/><D112/><U101/><E101/><V110/><F110/><W135/><G135/><T104/><D130/><U72/><E56/><V84/><F32/><W95/><G57/><T115/><D115/><U31/><E31/><N who="2" m="11787" /><F73/><W59/><G59/><T75/><D75/><U49/><E49/><V24/><F74/><W128/><G128/><T97/><D0/><U7/><E7/><V85/><F85/><W120/><G86/><T70/><D70/><U33/><E33/><V133/><F133/><W91/><G51/><T66/><D9/><U90/><E63/><V10/><F10/><W105/><G105/><N who="0" m="63631" /><D50/><U4/><E4/><V18/><F18/><W76/><G39/><T99/><D99/><U96/><REACH who="1" step="1"/><E90/><REACH who="1" ten="381,146,223,240" step="2"/><V62/><F62/><W60/><G91/><T53/><D119/><U16/><E16/><V109/><F109/><W79/><G60/><T27/><D66/><U48/><E48/><V102/><F102/><W129/><G129/><T81/><D58/><U34/><E34/><V87/><F19/><W15/><G37/><T116/><D116/><U122/><E122/><AGARI ba="0,1" hai="13,15,22,23,25,26,76,79,93,95,120,122,126,127" machi="122" ten="25,6400,0" yaku="22,2,52,2" doraHai="11" who="3" fromWho="1" sc="381,0,146,-64,223,0,240,74" /><INIT seed="6,0,0,3,1,123" ten="381,82,223,314" oya="2" hai0="44,38,105,70,30,127,37,133,111,62,79,71,4" hai1="77,55,48,43,51,78,112,124,98,135,96,92,42" hai2="11,25,35,13,122,34,9,113,119,56,10,52,69" hai3="68,15,6,74,108,76,19,16,107,80,2,14,8"/><V3/><F122/><W91/><G68/><T57/><D79/><U12/><E112/><V33/><F69/><W83/><G107/><T97/><D97/><U126/><E135/><V85/><F113/><W65/><G65/><T118/><D4/><U125/><E12/><V63/><F119/><W59/><G59/><T110/><D30/><U36/><E36/><V47/><F3/><W84/><G2/><T17/><D17/><U131/><E92/><V94/><F25/><W121/><G121/><T53/><D105/><U88/><E131/><V103/><F47/><W117/><G117/><T102/><D102/><U132/><E55/><V54/><F54/><W67/><G67/><T66/><D118/><U82/><E82/><V104/><F104/><W20/><G6/><T128/><D128/><U40/><E132/><V100/><REACH who="2" step="1"/><F13/><REACH who="2" ten="381,82,213,314" step="2"/><W120/><G120/><T32/><D71/><U89/><E124/><V95/><F95/><W5/><G15/><T46/><D127/><U75/><REACH who="1" step="1"/><E40/><REACH who="1" ten="381,72,213,314" step="2"/><V49/><F49/><W73/><G14/><T106/><D38/><U61/><E61/><V58/><F58/><W21/><G83/><T129/><D37/><U116/><E116/><V86/><F86/><W1/><G84/><T81/><D81/><U24/><E24/><V99/><F99/><W115/><G115/><T27/><D129/><U134/><E134/><V72/><F72/><AGARI ba="0,2" hai="42,43,48,51,72,75,77,78,88,89,96,98,125,126" machi="72" ten="25,6400,0" yaku="1,1,22,2,54,1,53,0" doraHai="123" doraHaiUra="31" who="1" fromWho="2" sc="381,0,72,84,213,-64,314,0" /><INIT seed="7,0,0,0,1,82" ten="381,156,149,314" oya="3" hai0="92,32,15,130,114,30,86,57,29,48,135,79,110" hai1="105,125,56,33,132,122,52,78,7,108,22,121,39" hai2="134,34,55,127,37,111,43,23,16,0,61,41,76" hai3="10,96,102,126,35,6,95,112,107,20,58,64,70"/><W38/><G35/><T113/><D110/><U89/><E108/><V12/><F111/><W101/><G112/><T74/><D135/><U45/><E33/><V14/><F134/><W68/><G126/><T24/><D130/><U71/><E132/><V88/><F0/><W131/><G131/><T93/><D30/><U133/><E133/><V91/><F34/><W77/><G38/><T2/><D74/><U60/><E105/><V129/><F127/><W36/><G36/><T97/><D15/><U1/><E125/><V128/><F76/><W65/><G77/><T67/><D2/><U31/><E78/><V87/><F129/><W49/><G107/><T40/><D40/><N who="2" m="15434" /><F37/><W124/><G124/><T115/><D48/><U75/><E75/><V25/><F128/><W19/><G102/><T116/><D116/><U118/><E118/><V99/><F99/><W117/><G117/><T63/><D97/><U106/><E106/><V28/><F28/><W4/><G70/><T94/><D79/><U9/><E71/><V44/><F91/><AGARI ba="0,0" hai="24,29,32,57,63,67,86,91,92,93,94,113,114,115" machi="91" ten="40,5200,0" yaku="15,1,11,1,52,1" doraHai="82" who="0" fromWho="2" sc="381,52,156,0,149,-52,314,0" owari="433,53.3,156,-24.4,97,-40.3,314,11.4" /></mjloggm>