<mjloggm ver="2.3"><GO type="169" lobby="0"/><UN n0="%E3%82%B0%E3%83%B3%E3%83%80%E3%83%AA%E3%83%BC" n1="%E3%80%8E%53%65%63%72%65%74%E3%80%8F" n2="%EF%BC%A0%E6%AC%A1%E7%94%B7" n3="%67%61%79%75%6E%79" dan="19,16,16,17" rate="2261.73,2095.49,2107.76,2209.88" sx="M,M,M,M"/><TAIKYOKU oya="0"/><INIT seed="0,0,0,0,2,77" ten="250,250,250,250" oya="0" hai0="113,33,47,35,65,108,123,68,39,112,48,120,24" hai1="101,129,135,3,82,72,99,98,49,91,42,13,95" hai2="119,103,71,8,106,110,28,105,73,115,81,127,59" hai3="37,25,31,86,32,29,76,78,109,7,100,93,30"/><T55/><D24/><U88/><E129/><V50/><F71/><W89/><G37/><T64/><D33/><U79/><E3/><V116/><F115/><N who="0" m="44106" /><D35/><U52/><E135/><V62/><F127/><W111/><G7/><T63/><D65/><U134/><E134/><V16/><F50/><W1/><G1/><T67/><D67/><U20/><E42/><V130/><F28/><N who="3" m="10859" /><G100/><T46/><D108/><AGARI ba="0,0" hai="25,31,32,76,78,86,89,93,108,109,111" m="10859" machi="108" ten="30,1000,0" yaku="14,1" doraHai="77" who="3" fromWho="0" sc="250,-10,250,0,250,0,250,10" /><INIT seed="1,0,0,0,3,43" ten="240,250,250,260" oya="1" hai0="40,124,84,102,86,103,66,93,41,113,56,35,46" hai1="28,60,15,58,87,101,89,111,11,119,130,48,96" hai2="34,83,64,74,36,26,99,95,6,13,79,123,92" hai3="45,42,3,27,67,135,20,97,17,33,98,44,22"/><U82/><E119/><V81/><F123/><W37/><G135/><T106/><D35/><U53/><E130/><V29/><F36/><W30/><G3/><T116/><D116/><U51/><E28/><V80/><F64/><W23/><G17/><T1/><D1/><U77/><E77/><V31/><F95/><W125/><G125/><T63/><D124/><U76/><E76/><V73/><F73/><W108/><G108/><T94/><D106/><U131/><E111/><V14/><F29/><W68/><REACH who="3" step="1"/><G44/><REACH who="3" ten="240,250,250,250" step="2"/><T65/><D113/><U0/><E0/><V4/><F4/><W118/><G118/><T5/><D5/><U133/><E133/><V7/><F7/><W129/><G129/><T114/><D114/><U55/><E131/><V132/><F132/><W25/><G25/><T127/><D127/><U62/><E15/><V38/><F14/><W57/><G57/><T50/><D56/><U115/><E115/><V72/><F13/><W107/><G107/><T90/><D46/><N who="1" m="27799" /><E11/><V8/><F8/><W85/><G85/><T109/><D109/><U32/><E32/><V134/><F134/><W10/><G10/><T12/><D12/><U16/><E16/><V52/><F6/><W128/><G128/><T2/><D2/><U70/><E70/><V117/><F117/><W54/><G54/><T75/><D75/><N who="2" m="28714" /><F52/><W49/><G49/><T121/><D50/><U21/><E21/><V69/><F69/><W105/><G105/><T126/><D126/><U19/><E19/><V110/><F34/><W18/><G18/><T120/><D63/><AGARI ba="0,1" hai="20,22,23,27,30,33,37,42,45,63,67,68,97,98" machi="63" ten="40,2600,0" yaku="1,1,52,1,53,0" doraHai="43" doraHaiUra="112" who="3" fromWho="0" sc="240,-26,250,0,250,0,250,36" /><INIT seed="2,0,0,1,3,102" ten="214,250,250,286" oya="2" hai0="106,127,100,63,72,91,6,120,75,46,56,118,122" hai1="70,125,18,8,110,78,83,95,35,26,21,82,19" hai2="7,36,115,45,12,47,71,111,85,48,53,62,114" hai3="112,28,49,117,87,4,113,130,64,68,119,39,17"/><V0/><F0/><W11/><G39/><T15/><D127/><U80/><E110/><V16/><F7/><W98/><G130/><T32/><D32/><U128/><E125/><V97/><F111/><W22/><G28/><T14/><D46/><U88/><E35/><V129/><F129/><W40/><G87/><T133/><D91/><U123/><E70/><V31/><F31/><W66/><G98/><T23/><D23/><U65/><E65/><N who="3" m="25194" /><G68/><T103/><D56/><U60/><E60/><V109/><F109/><W10/><G49/><T89/><D63/><U126/><E126/><V1/><F1/><W121/><G40/><T101/><D101/><U9/><E123/><V105/><F85/><W61/><G61/><T74/><D74/><U41/><E41/><V27/><F71/><W67/><G121/><T54/><D75/><U59/><E59/><V90/><F62/><W51/><G51/><T93/><D72/><U29/><E78/><V116/><F36/><W107/><G107/><T52/><D106/><U131/><E128/><V92/><F105/><W42/><G42/><T86/><D120/><U134/><E131/><V73/><F73/><W124/><G124/><T104/><D104/><U77/><E77/><V20/><F116/><N who="3" m="44619" /><G67/><T132/><D118/><U33/><E33/><V99/><F99/><W5/><G5/><T13/><D122/><U25/><E29/><N who="2" m="17639" /><F47/><W24/><G4/><T58/><D6/><U69/><E69/><V96/><F96/><W81/><G81/><T108/><D108/><U79/><E79/><V57/><F45/><W135/><G135/><RYUUKYOKU ba="0,0" sc="214,-15,250,-15,250,15,286,15" hai2="12,16,48,53,57,90,92,97,114,115" hai3="10,11,17,22,24,112,113" /><INIT seed="2,1,0,4,1,38" ten="199,235,265,301" oya="2" hai0="73,87,76,31,115,75,48,82,5,80,29,57,128" hai1="13,36,102,14,51,74,121,44,11,65,90,52,18" hai2="91,24,53,27,50,126,100,114,111,130,39,71,133" hai3="98,4,108,81,33,21,60,79,16,6,101,26,41"/><V123/><F39/><W2/><G108/><T40/><D115/><U95/><E121/><V15/><F71/><W22/><G33/><T43/><D128/><U135/><E135/><V77/><F114/><W58/><G22/><T42/><D5/><U78/><E36/><V113/><F123/><W92/><G2/><T134/><D134/><U110/><E110/><V122/><F122/><W83/><G41/><T62/><D48/><U127/><E127/><V99/><F133/><W118/><G118/><T45/><D45/><U56/><E74/><V30/><F126/><W54/><REACH who="3" step="1"/><G83/><REACH who="3" ten="199,235,265,291" step="2"/><T55/><REACH who="0" step="1"/><D73/><AGARI ba="1,1" hai="4,6,16,21,26,54,58,60,73,79,81,92,98,101" machi="73" ten="30,7700,0" yaku="1,1,2,1,7,1,54,1,53,0" doraHai="38" doraHaiUra="109" who="3" fromWho="0" sc="199,-80,235,0,265,0,291,90" /><INIT seed="3,0,0,2,2,86" ten="119,235,265,381" oya="3" hai0="31,83,109,128,124,80,51,106,30,67,35,118,58" hai1="78,56,89,23,47,123,131,130,90,79,36,75,50" hai2="133,121,29,26,114,28,21,120,85,98,10,32,110" hai3="99,8,4,63,135,38,60,94,107,68,102,14,108"/><W129/><G38/><T40/><D118/><U82/><E123/><N who="2" m="47179" /><F114/><W19/><G135/><T15/><D106/><U104/><E104/><V16/><F98/><W54/><G129/><N who="1" m="49162" /><E78/><V24/><F85/><W101/><G108/><T5/><D109/><U41/><E23/><N who="2" m="15391" /><F110/><W87/><G68/><T132/><D83/><U27/><E27/><N who="2" m="14759" /><F10/><W1/><G54/><AGARI ba="0,0" hai="36,41,47,50,54,56,75,79,82,89,90" m="49162" machi="54" ten="30,3900,0" yaku="19,1,52,2" doraHai="86" who="1" fromWho="3" sc="119,0,235,39,265,0,381,-39" /><INIT seed="4,0,0,2,0,59" ten="119,274,265,342" oya="0" hai0="122,38,39,18,65,22,108,28,104,58,64,96,13" hai1="124,37,61,56,123,1,102,105,57,132,46,30,91" hai2="10,2,26,126,63,107,40,115,42,70,33,16,75" hai3="110,11,51,129,32,19,121,20,21,118,36,74,67"/><T68/><D122/><U106/><E123/><V25/><F107/><W84/><G32/><T80/><D108/><U71/><E124/><V48/><F75/><W98/><G74/><T14/><D68/><U7/><E132/><V133/><F126/><W92/><G36/><T79/><D28/><U89/><E57/><V5/><F133/><W17/><G11/><T0/><D0/><U12/><E1/><V101/><F115/><W131/><G110/><T87/><D14/><U134/><E30/><V127/><F127/><W52/><G67/><T45/><D45/><U41/><E71/><V62/><F70/><W31/><G31/><T90/><D65/><U43/><E43/><V128/><F128/><N who="3" m="49227" /><G84/><T72/><D64/><U60/><E56/><V130/><F130/><W3/><G3/><T99/><D58/><U6/><E7/><V112/><F112/><W81/><G81/><T76/><D99/><U53/><E6/><V88/><F101/><N who="3" m="60615" /><G118/><T50/><D50/><U29/><E37/><V120/><F120/><W135/><G135/><T66/><D66/><U54/><E29/><V44/><F33/><W77/><G77/><T4/><D4/><U35/><E35/><V69/><F69/><W24/><G121/><T116/><D116/><U119/><E119/><V23/><F40/><W111/><G111/><T117/><D117/><U97/><E41/><V113/><F113/><W8/><G52/><T55/><D55/><U49/><E54/><V100/><F100/><W114/><G114/><T82/><D79/><U27/><E134/><V85/><F26/><N who="3" m="14607" /><G51/><T34/><D34/><RYUUKYOKU ba="0,0" sc="119,10,274,-30,265,10,342,10" hai0="13,18,22,38,39,72,76,80,82,87,90,96,104" hai2="2,5,10,16,23,25,42,44,48,62,63,85,88" hai3="8,19,21,24" /><INIT seed="4,1,0,4,3,13" ten="129,244,275,352" oya="0" hai0="43,16,124,59,2,52,53,109,58,125,41,113,111" hai1="78,0,92,22,64,71,6,45,50,105,107,46,101" hai2="106,108,26,117,134,11,8,91,133,32,100,112,47" hai3="25,67,121,76,36,44,96,62,69,56,93,94,116"/><T126/><D2/><U51/><E0/><V85/><F112/><W29/><G116/><T31/><D31/><U21/><E6/><V40/><F108/><N who="0" m="41546" /><D16/><U20/><E64/><V14/><F117/><W120/><G76/><T57/><D113/><U130/><E71/><V42/><F106/><W27/><G69/><T68/><D68/><U135/><E130/><V3/><F100/><W74/><G74/><T37/><D37/><U33/><E33/><V99/><F99/><W123/><G96/><T102/><D102/><U30/><E135/><N who="2" m="51723" /><F3/><W70/><G70/><T122/><D122/><U128/><E78/><V60/><F60/><W104/><G27/><T48/><D59/><U80/><E128/><V110/><F110/><W89/><G25/><T81/><D81/><U88/><E80/><N who="2" m="49575" /><F47/><W115/><G44/><T90/><D90/><U38/><E101/><V83/><F83/><W39/><G89/><T95/><D95/><N who="3" m="36361" /><G104/><T72/><D72/><U103/><E103/><V7/><F11/><W24/><G115/><T66/><D66/><U10/><E105/><V97/><F97/><W132/><G132/><T19/><D19/><U79/><E107/><V63/><F63/><AGARI ba="1,0" hai="41,43,48,52,53,57,58,63,124,125,126" m="41546" machi="63" ten="40,12000,1" yaku="18,1,10,1,34,2,54,1" doraHai="13" who="0" fromWho="2" sc="129,123,244,0,275,-123,352,0" /><INIT seed="4,2,0,0,5,106" ten="252,244,152,352" oya="0" hai0="134,82,121,120,129,23,125,26,40,104,53,74,84" hai1="114,130,1,122,78,12,2,7,97,55,69,67,22" hai2="35,89,86,56,92,17,81,32,103,70,79,59,41" hai3="39,99,105,54,37,68,51,62,42,5,100,46,38"/><T127/><D104/><U13/><E122/><V128/><F70/><W75/><G75/><T11/><D40/><U115/><E130/><V123/><F123/><W50/><G5/><T30/><D129/><U71/><E55/><V8/><F128/><W57/><G51/><T95/><D134/><U66/><E7/><V83/><F41/><W6/><G6/><T0/><D53/><U88/><E22/><V43/><F43/><W3/><G3/><N who="1" m="1034" /><E88/><V47/><F47/><W135/><G135/><T133/><D133/><U20/><E20/><V80/><F103/><W36/><G36/><T16/><D0/><U28/><E78/><V73/><F35/><W124/><G124/><N who="0" m="47691" /><D95/><U21/><E97/><V18/><F32/><W31/><G31/><T112/><D112/><N who="1" m="43051" /><E21/><V131/><F131/><W98/><G98/><T116/><D116/><U96/><E96/><V10/><F10/><W19/><G19/><T91/><D74/><U61/><E28/><V113/><F113/><W52/><G54/><T58/><D58/><N who="2" m="22058" /><F18/><W48/><G50/><T25/><D25/><U72/><E72/><V108/><F17/><W65/><AGARI ba="2,0" hai="37,38,39,42,46,48,52,57,62,65,68,99,100,105" machi="65" ten="30,7900,0" yaku="0,1,24,2,54,1" doraHai="106" who="3" fromWho="3" sc="252,-41,244,-22,152,-22,352,85" /><INIT seed="5,0,0,4,0,110" ten="211,222,130,437" oya="1" hai0="71,123,15,86,61,19,20,99,55,106,67,65,126" hai1="50,85,81,60,12,117,43,74,48,9,26,54,84" hai2="4,90,114,115,6,16,98,31,119,83,122,113,69" hai3="10,47,92,64,78,46,52,118,97,130,128,111,59"/><U53/><E117/><V116/><F69/><W11/><G64/><T63/><D126/><U72/><E60/><V44/><F122/><W8/><G78/><T38/><D38/><U34/><E43/><V88/><F31/><W28/><G28/><T131/><D131/><N who="3" m="50217" /><G118/><N who="2" m="45097" /><F44/><W96/><G111/><T102/><D123/><U125/><E125/><V57/><F57/><W80/><G80/><T135/><D135/><U124/><E124/><V73/><F73/><W58/><G58/><T66/><D86/><U75/><E34/><V104/><F83/><W56/><G56/><T133/><D133/><U24/><E75/><V103/><F16/><W0/><G0/><T41/><D41/><U76/><E81/><V68/><F68/><W42/><G92/><T51/><D66/><U13/><REACH who="1" step="1"/><E9/><REACH who="1" ten="211,212,130,437" step="2"/><V25/><F25/><W107/><G42/><T32/><D32/><U79/><AGARI ba="0,1" hai="12,13,24,26,48,50,53,54,72,74,76,79,84,85" machi="79" ten="25,12000,1" yaku="1,1,2,1,0,1,22,2,53,0" doraHai="110" doraHaiUra="14" who="1" fromWho="1" sc="211,-40,212,130,130,-40,437,-40" /><INIT seed="5,1,0,3,3,9" ten="171,342,90,397" oya="1" hai0="12,108,97,112,15,98,68,94,20,49,130,89,99" hai1="42,1,75,39,135,46,104,53,121,110,47,2,79" hai2="21,14,67,134,74,28,106,122,84,7,18,92,83" hai3="11,81,40,126,123,6,22,4,62,109,102,0,93"/><U56/><E121/><V105/><F122/><W38/><G6/><T37/><D37/><U48/><E135/><V29/><F134/><W85/><G109/><T54/><D68/><U90/><E110/><V107/><F67/><W41/><G38/><T17/><D112/><U111/><E111/><V120/><F120/><W72/><G72/><T124/><D130/><U69/><E104/><V3/><F74/><W101/><G123/><T119/><D124/><U117/><E117/><V127/><F127/><W35/><G35/><T76/><D119/><U60/><E90/><V13/><F92/><W19/><G126/><T113/><D113/><U71/><E71/><V25/><F3/><W114/><G114/><T103/><D76/><U10/><E10/><V16/><F7/><W24/><G62/><T50/><D50/><U65/><E47/><V33/><F28/><W129/><G129/><T132/><D132/><U52/><E53/><V61/><F61/><W23/><G23/><T128/><D128/><U118/><E118/><V131/><F131/><W133/><G133/><T95/><D108/><U57/><E57/><V63/><F63/><W73/><G73/><T70/><D70/><U30/><E30/><V59/><F59/><W77/><G102/><T5/><D98/><U32/><E32/><V82/><REACH who="2" step="1"/><F84/><REACH who="2" ten="171,342,80,397" step="2"/><W64/><G64/><T45/><D5/><U43/><E43/><V26/><F26/><AGARI ba="1,1" hai="12,15,17,20,26,45,49,54,89,94,95,97,99,103" machi="26" ten="30,7700,0" yaku="7,1,8,1,52,2" doraHai="9" who="0" fromWho="2" sc="171,90,342,0,80,-80,397,0" /><INIT seed="6,0,0,4,2,57" ten="261,342,0,397" oya="2" hai0="11,75,135,71,46,108,2,123,96,103,47,3,94" hai1="73,127,85,61,116,114,105,42,60,93,110,88,128" hai2="43,134,95,120,56,109,64,0,78,68,92,51,125" hai3="104,41,77,80,27,81,99,10,44,69,67,1,70"/><V36/><F120/><W63/><G70/><T79/><D108/><U28/><E116/><V100/><F0/><W133/><G133/><T101/><D123/><U25/><E110/><V12/><F109/><W117/><G117/><T62/><D135/><U111/><E111/><V83/><F134/><W72/><G81/><T107/><D103/><U5/><E114/><V22/><F125/><W74/><G74/><T54/><D11/><U29/><E127/><V16/><F100/><W97/><G27/><T90/><D47/><U24/><E128/><V121/><F121/><W122/><G122/><T30/><D30/><N who="1" m="11883" /><E73/><V7/><F7/><N who="3" m="1391" /><G104/><T102/><D102/><U55/><E42/><V18/><F18/><W19/><G19/><T33/><D33/><U26/><E105/><V4/><F4/><W86/><G86/><N who="0" m="52567" /><D46/><U65/><E65/><V35/><F35/><W49/><G49/><T113/><D113/><U48/><E5/><V59/><F68/><W91/><G91/><T37/><D37/><U13/><E13/><V58/><F64/><W84/><G84/><T126/><D126/><U6/><E6/><V50/><F36/><N who="3" m="21543" /><G99/><T38/><D38/><U23/><E23/><V8/><F22/><W82/><G97/><T40/><D40/><U115/><E115/><V31/><F31/><W87/><G87/><T89/><D71/><U34/><E34/><V53/><F43/><W76/><G82/><N who="0" m="45439" /><D89/><U118/><E118/><V39/><F39/><W66/><G77/><T45/><D45/><AGARI ba="0,0" hai="24,25,26,45,48,55,60,61,85,88,93" m="11883" machi="45" ten="30,7700,0" yaku="8,1,52,2,54,1" doraHai="57" who="1" fromWho="0" sc="261,-77,342,77,0,0,397,0" /><INIT seed="7,0,0,0,2,15" ten="184,419,0,397" oya="3" hai0="74,59,51,102,113,77,46,50,58,37,40,100,106" hai1="16,130,7,5,89,13,109,54,108,2,25,35,1" hai2="33,87,49,119,67,121,103,9,126,80,55,27,12" hai3="0,24,107,81,104,82,70,91,45,18,56,66,64"/><W6/><G70/><T124/><D59/><U112/><E89/><V114/><F119/><W129/><G129/><T88/><D88/><U94/><E94/><V47/><F121/><W135/><G135/><T122/><D51/><U83/><E83/><N who="3" m="31754" /><G107/><T69/><D58/><U14/><E54/><V120/><F120/><W17/><G104/><T10/><D50/><U32/><E112/><V11/><F114/><W52/><G0/><N who="1" m="106" /><E130/><V79/><F126/><W36/><G36/><T101/><D102/><U84/><E84/><V78/><F103/><W53/><G6/><N who="1" m="2058" /><E13/><V60/><F33/><N who="1" m="12873" /><E25/><V28/><F27/><W42/><G24/><T29/><D106/><U23/><AGARI ba="0,0" hai="14,16,23,108,109" m="12873,2058,106" machi="23" ten="40,8000,1" yaku="34,2,52,1,54,1" doraHai="15" who="1" fromWho="1" sc="184,-20,419,80,0,-20,397,-40" owari="164,-23.6,499,59.9,-20,-52.0,357,15.7" /></mjloggm>