<mjloggm ver="2.3"><GO type="169" lobby="0"/><UN n0="%E3%82%AB%E3%83%A9%E6%9D%BE" n1="%68%69%73%61%74%6F%E6%A3%92" n2="%E5%8F%97%E3%81%91%E5%85%A5%E3%82%8C%E9%87%8D%E8%A6%96" n3="%E3%81%9F%E3%81%8F%E3%81%98%E3%82%8D%E3%81%86" dan="17,16,17,19" rate="2140.52,2088.93,2159.54,2358.43" sx="M,M,M,M"/><TAIKYOKU oya="0"/><INIT seed="0,0,0,1,2,79" ten="250,250,250,250" oya="0" hai0="80,12,26,109,51,37,41,86,87,30,81,63,49" hai1="66,133,67,34,100,40,64,92,47,118,20,95,39" hai2="50,29,4,99,9,112,56,130,31,36,82,114,27" hai3="129,22,6,48,68,14,116,54,61,74,123,94,62"/><T52/><D37/><U78/><E34/><V70/><F36/><W0/><G116/><T55/><D109/><U45/><E133/><V46/><F70/><W122/><G129/><T101/><D101/><U131/><E131/><V60/><F130/><W13/><G0/><T108/><D108/><U19/><E47/><V106/><F106/><W18/><G74/><T3/><D3/><U53/><E53/><N who="0" m="20553" /><D63/><U23/><E23/><V124/><F99/><W77/><G68/><T24/><D12/><U88/><E78/><V75/><F124/><W125/><G77/><N who="0" m="46351" /><D30/><U72/><E72/><V5/><F31/><W69/><G125/><T97/><D97/><U2/><E2/><V35/><F114/><W113/><G69/><T104/><D104/><U127/><E127/><V10/><F112/><W84/><G113/><T57/><D57/><U110/><E110/><V134/><F134/><W15/><G15/><T33/><D33/><U91/><E118/><V98/><F98/><W59/><G123/><T38/><D38/><U120/><E100/><V28/><F28/><W73/><G73/><T17/><D17/><U25/><REACH who="1" step="1"/><E120/><REACH who="1" ten="250,240,250,250" step="2"/><V132/><F132/><W42/><G122/><T96/><D96/><U43/><E43/><V135/><F135/><W103/><G42/><T126/><D126/><U102/><E102/><V111/><F111/><W16/><G103/><T121/><D121/><U11/><E11/><V65/><F9/><N who="3" m="6223" /><G6/><T83/><D41/><U76/><E76/><N who="2" m="44319" /><F10/><W107/><G107/><T8/><D8/><U128/><E128/><V32/><F32/><W93/><G84/><RYUUKYOKU ba="0,1" sc="250,-30,240,10,250,10,250,10" hai1="19,20,25,39,40,45,64,66,67,88,91,92,95" hai2="4,5,27,29,35,46,50,56,60,65" hai3="13,18,22,48,54,59,61,62,93,94" /><INIT seed="1,1,1,3,4,100" ten="220,250,260,260" oya="1" hai0="52,26,29,44,123,104,72,91,79,122,19,108,83" hai1="85,39,36,101,73,132,22,62,33,40,133,51,89" hai2="95,23,76,86,121,111,27,110,42,41,21,88,115" hai3="125,34,84,5,114,1,16,49,74,135,30,96,70"/><U105/><E33/><V102/><F121/><N who="0" m="46090" /><D19/><U3/><E3/><V80/><F102/><W98/><G74/><T117/><D91/><U107/><E101/><V93/><F115/><W38/><G38/><T64/><D64/><U12/><E73/><V17/><F21/><W0/><G70/><T32/><D108/><N who="2" m="41514" /><F95/><W37/><G37/><T134/><D134/><N who="1" m="51819" /><E62/><V31/><F31/><W127/><G114/><T66/><D66/><U4/><E39/><V57/><F57/><W8/><G0/><T58/><D44/><N who="1" m="25991" /><E36/><V54/><F54/><W18/><G49/><N who="0" m="30991" /><D117/><U25/><E12/><V128/><F128/><W24/><G135/><T56/><D56/><U9/><E9/><V109/><N who="2" m="41522" /><V11/><DORA hai="118" /><F11/><W47/><G47/><T63/><D63/><U71/><E4/><V28/><F28/><W87/><G18/><T35/><D35/><U120/><E71/><V6/><F6/><W69/><G16/><T103/><D103/><U78/><E120/><V112/><F112/><W55/><G69/><T77/><D77/><U75/><E78/><V53/><F53/><W67/><G55/><T65/><D65/><U45/><E45/><V92/><F92/><W10/><G67/><T113/><D113/><U82/><E75/><AGARI ba="1,1" hai="17,23,27,41,42,75,76,80,86,88,93" m="41522" machi="75" ten="40,2600,0" yaku="14,1,54,1" doraHai="100,118" who="2" fromWho="1" sc="220,0,250,-29,260,39,260,0" /><INIT seed="2,0,0,3,5,88" ten="220,221,299,260" oya="2" hai0="52,106,120,129,39,14,42,58,115,72,133,81,31" hai1="130,80,40,63,95,132,94,47,17,97,117,13,53" hai2="82,64,98,20,101,131,110,57,55,121,38,127,100" hai3="6,60,91,3,111,86,29,118,56,119,75,66,44"/><V18/><F121/><W25/><G75/><T50/><D106/><U33/><E33/><V36/><F64/><W5/><G111/><T134/><D115/><U7/><E7/><V74/><F101/><W8/><G6/><T93/><D120/><U126/><E132/><N who="0" m="50793" /><D31/><U34/><E34/><V59/><F57/><W70/><G44/><N who="0" m="23647" /><D129/><U90/><E126/><V26/><F127/><W62/><G25/><T30/><D30/><U27/><E117/><V67/><F67/><W54/><REACH who="3" step="1"/><G29/><REACH who="3" ten="220,221,299,250" step="2"/><T135/><D135/><U109/><E27/><V37/><F110/><W65/><G65/><T128/><D128/><U104/><E109/><V85/><F131/><W99/><G99/><T71/><D71/><U10/><E130/><V45/><F74/><W112/><G112/><T107/><D72/><U89/><E47/><V69/><F69/><W116/><G116/><T49/><D14/><U4/><E4/><V2/><F45/><W61/><G61/><T12/><D12/><U22/><E40/><V108/><F108/><W68/><G68/><T11/><D50/><U124/><E124/><V76/><F2/><W32/><G32/><T78/><D49/><U23/><E80/><AGARI ba="0,1" hai="3,5,8,54,56,60,62,66,70,80,86,91,118,119" machi="80" ten="30,3900,0" yaku="1,1,7,1,53,1" doraHai="88" doraHaiUra="0" who="3" fromWho="1" sc="220,0,221,-39,299,0,250,49" /><INIT seed="3,0,0,5,2,93" ten="220,182,299,299" oya="3" hai0="103,43,40,15,135,104,53,130,38,101,3,70,87" hai1="120,123,2,133,78,12,27,35,21,4,86,105,82" hai2="71,94,14,122,7,36,91,42,13,47,97,102,39" hai3="45,65,76,109,30,85,95,119,1,132,81,9,0"/><W69/><G119/><T26/><D3/><U33/><E133/><V56/><F71/><W50/><G132/><T121/><D70/><U98/><E2/><V115/><F115/><W61/><G109/><T125/><D135/><U96/><E105/><V90/><F122/><W57/><G69/><T11/><D121/><U16/><E120/><V24/><F39/><W29/><G0/><T114/><D38/><U54/><E123/><V66/><F24/><W134/><G134/><T17/><D125/><U72/><E72/><V63/><F7/><W131/><G131/><T68/><D68/><U88/><E78/><V79/><F79/><W28/><G1/><T83/><D130/><U73/><E73/><V77/><F77/><W84/><G9/><T126/><D126/><U52/><E33/><V5/><F5/><W75/><REACH who="3" step="1"/><G95/><REACH who="3" ten="220,182,299,289" step="2"/><T64/><D11/><N who="1" m="4199" /><E35/><V74/><F74/><W124/><G124/><T59/><D104/><U41/><E41/><AGARI ba="0,1" hai="28,29,30,41,45,50,57,61,65,75,76,81,84,85" machi="41" ten="40,3900,0" yaku="1,1,53,1" doraHai="93" doraHaiUra="107" who="3" fromWho="1" sc="220,0,182,-39,299,0,289,49" /><INIT seed="3,1,0,0,3,39" ten="220,143,299,338" oya="3" hai0="86,80,84,35,123,62,37,30,18,117,27,42,61" hai1="33,104,126,21,49,128,31,73,48,121,78,12,28" hai2="133,10,95,51,54,63,103,24,101,47,79,129,19" hai3="125,82,98,43,26,14,106,108,40,46,58,41,96"/><W85/><G125/><T1/><D117/><U110/><E78/><V65/><F129/><W115/><G115/><T57/><D123/><U135/><E104/><V8/><F133/><W4/><G108/><T17/><D1/><U38/><E73/><V16/><F79/><W7/><G106/><T5/><D5/><N who="3" m="2121" /><G46/><T0/><D0/><U3/><E38/><V23/><F19/><W9/><G58/><T112/><D112/><U70/><E31/><V90/><F8/><W119/><G26/><T72/><D72/><U60/><E121/><V75/><F10/><W59/><G59/><T56/><D37/><U50/><E110/><V87/><REACH who="2" step="1"/><F75/><REACH who="2" ten="220,143,289,338" step="2"/><W32/><G119/><T89/><D30/><U68/><E135/><V20/><F20/><W124/><G32/><T105/><D35/><U97/><E33/><V69/><AGARI ba="1,1" hai="16,23,24,47,51,54,63,65,69,87,90,95,101,103" machi="69" ten="20,5200,0" yaku="1,1,0,1,7,1,54,1,53,0" doraHai="39" doraHaiUra="29" who="2" fromWho="2" sc="220,-14,143,-14,289,65,338,-27" /><INIT seed="4,0,0,3,2,29" ten="206,129,354,311" oya="0" hai0="31,109,105,127,61,40,112,78,69,1,26,77,122" hai1="74,68,98,55,111,90,101,60,103,45,21,30,115" hai2="113,132,130,52,54,14,73,56,34,121,42,36,5" hai3="82,53,75,58,2,79,44,7,24,18,65,66,51"/><T99/><D122/><U70/><E74/><V84/><F121/><W104/><G104/><T62/><D127/><U93/><E111/><V133/><F73/><W96/><G96/><T116/><D116/><U39/><E115/><V85/><F113/><W10/><G18/><T119/><D119/><U20/><E70/><V48/><F130/><W49/><REACH who="3" step="1"/><G24/><REACH who="3" ten="206,129,354,301" step="2"/><T135/><D105/><U23/><E30/><V15/><F133/><W76/><G76/><T59/><D99/><U16/><E16/><V108/><F132/><W91/><G91/><T95/><D78/><U102/><E68/><V25/><F25/><W33/><G33/><T11/><D69/><U22/><N who="1" m="5120" /><DORA hai="38" /><U86/><E98/><V92/><F34/><W123/><G123/><T124/><D26/><U80/><E80/><V63/><F108/><W4/><G4/><T9/><D31/><U114/><E114/><V117/><F5/><W129/><G129/><T71/><D112/><U8/><E101/><V41/><F117/><W46/><G46/><T97/><D71/><U47/><E47/><V12/><F92/><W64/><G64/><T125/><D95/><U17/><E17/><V118/><F118/><W6/><G6/><T120/><D120/><U37/><E8/><V0/><F56/><W128/><G128/><T19/><D59/><U32/><E103/><V83/><F83/><W50/><G50/><T67/><D109/><U131/><E102/><V28/><F28/><W126/><G126/><T110/><D124/><U35/><E131/><V106/><F106/><W72/><G72/><T81/><D125/><RYUUKYOKU ba="0,1" sc="206,-10,129,-10,354,-10,301,30" hai3="2,7,10,44,49,51,53,58,65,66,75,79,82" /><INIT seed="5,1,1,0,4,75" ten="196,119,344,331" oya="1" hai0="25,15,52,12,133,124,26,112,76,88,98,56,20" hai1="96,8,16,32,83,60,62,1,103,3,97,38,14" hai2="36,46,117,55,89,74,84,93,21,99,113,7,40" hai3="85,104,53,77,65,9,72,108,126,39,87,4,100"/><U22/><E32/><V102/><F117/><W49/><G108/><T48/><D124/><U41/><E38/><V43/><F74/><W57/><G126/><T135/><D112/><U6/><E41/><V91/><F113/><W94/><G65/><T63/><D48/><U92/><E3/><V5/><F91/><W35/><G35/><T131/><D76/><U81/><E96/><V71/><F71/><W33/><G104/><T64/><D64/><U11/><E11/><V47/><F55/><W123/><G39/><T120/><D131/><U44/><E44/><V129/><F129/><W111/><G33/><T79/><D79/><U122/><REACH who="1" step="1"/><E122/><REACH who="1" ten="196,109,344,331" step="2"/><V19/><F46/><W27/><G123/><T17/><D120/><U68/><E68/><V58/><F43/><W70/><G9/><T54/><D133/><U127/><E127/><V82/><REACH who="2" step="1"/><F58/><REACH who="2" ten="196,109,334,331" step="2"/><W23/><G70/><T61/><D135/><U134/><E134/><V115/><F115/><W109/><G57/><N who="0" m="34983" /><D26/><AGARI ba="1,3" hai="5,7,19,21,26,36,40,47,82,84,89,93,99,102" machi="26" ten="30,2000,0" yaku="1,1,7,1,53,0" doraHai="75" doraHaiUra="73" who="2" fromWho="0" sc="196,-23,109,0,334,53,331,0" /><INIT seed="6,0,0,0,5,101" ten="173,109,387,331" oya="2" hai0="17,70,77,127,54,29,43,51,116,90,87,67,16" hai1="11,35,55,79,73,132,122,91,95,15,58,10,68" hai2="65,88,121,21,18,37,40,63,118,33,36,74,115" hai3="107,125,92,83,112,82,93,53,49,75,12,14,123"/><V39/><F118/><W128/><G123/><T38/><D116/><U97/><E68/><V0/><F121/><W22/><G125/><T69/><D127/><U109/><E109/><V110/><F33/><W8/><G107/><T42/><D77/><U85/><E73/><V57/><F110/><W48/><G128/><T130/><D29/><U81/><E35/><V133/><F0/><W135/><G135/><T84/><D130/><U129/><E132/><V45/><F74/><W3/><G3/><T1/><D1/><U96/><E129/><V100/><F133/><W134/><G22/><T28/><D28/><U86/><E11/><V106/><F88/><W102/><G102/><T64/><D90/><U89/><E79/><V7/><F7/><W46/><G8/><T2/><D2/><U56/><E56/><V66/><F65/><W20/><G20/><T13/><D54/><U4/><REACH who="1" step="1"/><E122/><REACH who="1" ten="173,99,387,331" step="2"/><V94/><F57/><W26/><G75/><T114/><D69/><U117/><E117/><V98/><F21/><W6/><G134/><T108/><D70/><U126/><E126/><V60/><F115/><W24/><G112/><T111/><D114/><U19/><E19/><V78/><F18/><W71/><G71/><T23/><D23/><U32/><E32/><V52/><F78/><W5/><G46/><T72/><D72/><U105/><E105/><V119/><F106/><W103/><G5/><T30/><D30/><U44/><E44/><V131/><F119/><W113/><G6/><T61/><D111/><U124/><E124/><V34/><F131/><W25/><G113/><RYUUKYOKU ba="0,1" sc="173,-10,99,30,387,-10,331,-10" hai1="4,10,15,55,58,81,85,86,89,91,95,96,97" /><INIT seed="7,1,1,2,4,33" ten="163,129,377,321" oya="3" hai0="52,122,0,5,128,62,14,111,68,6,18,87,90" hai1="91,15,54,66,108,135,59,105,106,132,10,78,133" hai2="102,53,114,1,121,40,36,107,56,12,83,99,112" hai3="43,44,49,26,120,119,127,89,67,23,81,65,73"/><W25/><G119/><T113/><D122/><U9/><E66/><V129/><F1/><W116/><G116/><T11/><D111/><U55/><E78/><V115/><F121/><W34/><G120/><T13/><D128/><U45/><E108/><V21/><F129/><W17/><G127/><T98/><D113/><U29/><E29/><V19/><F83/><W2/><G2/><T22/><D98/><U70/><E70/><V131/><F131/><W61/><G73/><T24/><D6/><U75/><E75/><V130/><F130/><W27/><G34/><T31/><D31/><U57/><E45/><N who="2" m="23687" /><F53/><W39/><G39/><T51/><D62/><U118/><E118/><V3/><F3/><W46/><G46/><T58/><D68/><U32/><E32/><V30/><F30/><W97/><G61/><T96/><D96/><U4/><E91/><V47/><F47/><W100/><G89/><T84/><D84/><U126/><E126/><V109/><F56/><N who="1" m="21577" /><E10/><V76/><F76/><W71/><G81/><AGARI ba="1,1" hai="0,5,11,13,14,18,22,24,51,52,58,81,87,90" machi="81" ten="30,3900,0" yaku="7,1,52,1,54,1" doraHai="33" who="0" fromWho="3" sc="163,52,129,0,377,0,321,-42" owari="215,-18.5,129,-37.1,377,47.7,279,7.9" /></mjloggm>