<mjloggm ver="2.3"><GO type="169" lobby="0"/><UN n0="%E5%A4%A9%E6%89%8D%E9%BA%BB%E5%B0%86%E6%9D%8F%E6%9D%8F" n1="%E3%81%A4%E3%82%8B%E3%82%8B" n2="%E3%81%9F%E3%81%8B%E3%81%AF%E3%81%97%E3%81%83%E3%81%83%E3%81%83" n3="%E6%84%9B%E3%81%AF%E6%AD%A3%E7%BE%A9" dan="16,16,16,16" rate="2151.47,2166.39,2093.48,2073.37" sx="F,M,M,M"/><TAIKYOKU oya="0"/><INIT seed="0,0,0,3,1,29" ten="250,250,250,250" oya="0" hai0="99,21,93,40,16,84,8,132,27,20,105,128,2" hai1="13,6,87,101,52,24,4,42,98,32,43,70,89" hai2="33,108,106,85,25,86,112,125,26,129,88,130,92" hai3="17,78,34,10,28,62,113,74,90,71,102,122,50"/><T82/><D128/><N who="2" m="49258" /><F112/><W83/><G113/><T107/><D132/><U3/><E3/><V60/><F108/><W61/><G122/><T116/><D116/><U117/><E70/><V77/><F106/><W54/><G71/><T109/><D109/><U46/><E117/><V64/><F125/><W75/><G90/><T48/><D21/><U118/><E118/><V126/><F126/><W35/><G102/><T9/><D2/><U121/><E121/><V38/><F38/><W81/><G28/><T103/><D107/><U123/><E123/><V23/><F23/><W134/><G134/><T131/><D105/><U11/><E6/><V80/><F33/><W66/><G75/><T15/><D131/><U124/><E124/><V96/><F85/><W111/><G111/><T12/><D8/><U44/><E24/><V14/><F14/><W76/><G76/><N who="0" m="46151" /><D9/><U120/><E32/><V39/><F39/><W41/><G10/><T7/><D7/><U55/><E120/><V53/><F53/><N who="1" m="20553" /><E43/><V49/><F49/><W57/><G41/><T22/><D22/><U69/><E42/><V72/><F72/><W59/><G17/><T56/><D56/><AGARI ba="0,0" hai="25,26,56,60,64,77,80,86,88,92,96" m="49258" machi="56" ten="30,2000,0" yaku="19,1,54,1" doraHai="29" who="2" fromWho="0" sc="250,-20,250,0,250,20,250,0" /><INIT seed="1,0,0,2,0,39" ten="230,250,270,250" oya="1" hai0="121,1,126,52,117,41,94,19,98,47,101,29,34" hai1="61,99,73,22,5,59,130,110,66,38,78,125,56" hai2="122,75,48,18,128,74,17,88,37,132,14,92,114" hai3="49,77,0,109,7,70,62,57,67,123,133,83,3"/><U36/><E125/><V53/><F122/><W69/><G123/><T51/><D117/><U97/><E130/><V58/><F128/><W10/><G133/><T76/><D121/><U116/><E116/><V72/><F132/><W30/><G109/><T134/><D134/><U43/><E110/><V131/><F131/><W105/><G105/><T65/><D1/><U135/><E135/><V46/><F114/><W54/><G30/><T96/><D126/><U11/><E22/><V16/><F37/><W103/><G103/><T113/><D113/><U31/><E31/><V118/><F118/><W115/><G115/><T26/><D65/><U127/><E38/><V12/><REACH who="2" step="1"/><F46/><REACH who="2" ten="230,250,260,250" step="2"/><W95/><G0/><T32/><D32/><U6/><E36/><V4/><F4/><W89/><G3/><T107/><D76/><U8/><E6/><V45/><F45/><W27/><G7/><T44/><D44/><U85/><E5/><V55/><F55/><W71/><G77/><T28/><D28/><U42/><E127/><V81/><F81/><W102/><G83/><T33/><D33/><U15/><E78/><V84/><AGARI ba="0,1" hai="12,14,16,17,18,48,53,58,72,74,75,84,88,92" machi="84" ten="40,8000,1" yaku="1,1,0,1,54,2,53,0" doraHai="39" doraHaiUra="60" who="2" fromWho="2" sc="230,-20,250,-40,260,90,250,-20" /><INIT seed="2,0,0,1,2,16" ten="210,210,350,230" oya="2" hai0="47,58,19,22,51,55,71,116,59,14,36,9,105" hai1="50,80,49,27,87,57,128,54,29,100,5,46,48" hai2="99,90,113,13,32,60,3,127,131,96,118,12,73" hai3="4,2,94,98,11,103,132,23,95,41,104,62,123"/><V42/><F113/><W83/><G123/><T89/><D105/><U79/><E128/><V82/><F118/><W115/><G115/><T63/><D116/><U35/><E100/><V130/><F3/><W7/><G132/><T84/><D36/><U0/><E0/><V111/><F32/><W30/><G41/><T31/><D71/><U15/><E5/><V77/><F127/><W53/><G7/><T124/><D124/><U56/><E15/><N who="2" m="5707" /><F111/><W40/><G40/><T133/><D133/><U68/><E68/><V135/><F135/><W10/><G10/><T75/><D75/><U18/><E18/><V6/><F6/><W28/><G28/><T65/><D31/><U25/><E25/><V1/><F1/><W91/><G83/><N who="0" m="49311" /><D58/><U78/><E78/><V121/><F121/><W114/><G114/><T24/><D24/><U45/><REACH who="1" step="1"/><E50/><REACH who="1" ten="210,200,350,230" step="2"/><V97/><F77/><W26/><REACH who="3" step="1"/><G91/><REACH who="3" ten="210,200,350,220" step="2"/><T38/><D38/><U67/><E67/><V108/><F90/><W37/><G37/><T64/><D64/><U76/><E76/><V102/><F130/><W92/><G92/><T43/><D65/><U70/><E70/><V125/><F131/><W112/><G112/><T126/><D126/><U8/><E8/><AGARI ba="0,2" hai="8,9,14,19,22,43,47,51,55,59,63" m="49311" machi="8" ten="30,2000,0" yaku="8,1,52,1" doraHai="16" who="0" fromWho="1" sc="210,40,200,-20,350,0,220,0" /><INIT seed="3,0,0,5,5,114" ten="250,180,350,220" oya="3" hai0="71,112,107,116,93,38,133,18,80,121,23,62,106" hai1="20,51,73,43,3,70,108,69,53,64,59,65,113" hai2="40,13,94,115,66,14,60,42,89,127,97,104,124" hai3="77,130,83,25,132,21,100,85,103,61,118,46,88"/><W34/><G34/><T29/><D38/><U56/><E3/><V122/><F115/><W33/><G33/><T95/><D112/><U91/><E73/><V120/><F104/><W57/><G130/><T79/><D29/><U55/><E91/><V128/><F128/><W110/><G132/><T134/><D121/><N who="2" m="46698" /><F13/><W28/><G110/><T36/><D36/><U7/><E20/><V58/><F14/><W125/><G125/><AGARI ba="0,0" hai="40,42,58,60,66,89,94,97,124,125,127" m="46698" machi="125" ten="30,2000,0" yaku="18,1,13,1" doraHai="114" who="2" fromWho="3" sc="250,0,180,0,350,20,220,-20" /><INIT seed="4,0,0,2,2,34" ten="250,180,370,200" oya="0" hai0="128,112,93,119,71,22,55,18,8,2,26,14,49" hai1="63,20,58,67,4,106,64,108,15,54,83,56,107" hai2="68,10,79,48,120,69,32,44,28,133,109,90,7" hai3="103,89,31,37,53,36,59,77,19,24,82,102,66"/><T98/><D119/><U50/><E108/><V6/><F109/><W47/><G89/><T65/><D112/><U74/><E74/><V0/><F120/><W94/><G66/><T76/><D128/><U11/><E83/><V104/><F104/><W86/><G19/><T78/><D71/><U61/><REACH who="1" step="1"/><E20/><REACH who="1" ten="250,170,370,200" step="2"/><V51/><F32/><W30/><G37/><T125/><D125/><U114/><E114/><V81/><F81/><W29/><G36/><T62/><D78/><U45/><AGARI ba="0,1" hai="4,11,15,45,50,54,56,58,61,63,64,67,106,107" machi="45" ten="20,5200,0" yaku="1,1,0,1,7,1,9,1,53,0" doraHai="34" doraHaiUra="117" who="1" fromWho="1" sc="250,-26,170,62,370,-13,200,-13" /><INIT seed="5,0,0,2,3,10" ten="224,232,357,187" oya="1" hai0="24,134,7,27,117,114,113,61,87,76,110,122,48" hai1="19,2,89,91,55,54,45,68,53,17,79,99,100" hai2="127,42,105,9,59,123,39,118,46,47,81,28,88" hai3="77,107,116,57,78,31,71,132,84,97,104,26,43"/><U51/><E2/><V130/><F118/><W115/><G116/><T90/><D117/><U5/><E5/><V93/><F123/><W38/><G115/><N who="0" m="44043" /><D110/><U20/><E68/><V32/><F105/><W33/><G132/><T49/><D122/><U52/><E79/><V37/><F127/><W16/><G71/><T13/><D76/><U86/><E19/><V21/><F32/><W35/><G35/><T63/><D49/><U40/><N who="1" m="13312" /><DORA hai="108" /><U94/><REACH who="1" step="1"/><E86/><REACH who="1" ten="224,222,357,187" step="2"/><V73/><F59/><W36/><G84/><T18/><D7/><U98/><E98/><V64/><F73/><W120/><G57/><T70/><D87/><U30/><E30/><V83/><F28/><W85/><G120/><T58/><D18/><U102/><E102/><V3/><F3/><W22/><G77/><T82/><D70/><U11/><E11/><V101/><F9/><W72/><G85/><T128/><D58/><U50/><E50/><V25/><F101/><W6/><G6/><T112/><D48/><U0/><E0/><V12/><F39/><W1/><G1/><T41/><D112/><U103/><E103/><V15/><F37/><W96/><G36/><T95/><D82/><U75/><E75/><V109/><F81/><N who="3" m="45255" /><G97/><T124/><D90/><U121/><E121/><V44/><F88/><W119/><G96/><T131/><D63/><U8/><E8/><V60/><F60/><W80/><G80/><T69/><D61/><U56/><E56/><V74/><F83/><W92/><G119/><T65/><D69/><U67/><E67/><V62/><F64/><W106/><G38/><RYUUKYOKU ba="0,1" sc="224,-10,222,30,357,-10,187,-10" hai1="17,20,40,45,51,89,91,94,99,100" /><INIT seed="5,1,1,3,4,29" ten="214,252,347,177" oya="1" hai0="34,98,115,94,83,95,70,113,80,22,107,75,53" hai1="44,122,7,13,131,55,100,1,42,72,89,0,126" hai2="92,133,25,54,121,101,79,49,8,11,16,69,31" hai3="10,102,30,52,118,90,73,19,65,23,24,76,18"/><U125/><E122/><V134/><F69/><W36/><G118/><T28/><D70/><U12/><E72/><V46/><F121/><W20/><G36/><T3/><D3/><U96/><E131/><V104/><F104/><W15/><G102/><N who="0" m="62935" /><D22/><U93/><E55/><V105/><F105/><W35/><G65/><T77/><D53/><U82/><E82/><V114/><F79/><W5/><G76/><N who="0" m="44063" /><D28/><U86/><E86/><V4/><F114/><N who="0" m="43530" /><D34/><U64/><E64/><V14/><F8/><W127/><G73/><AGARI ba="1,1" hai="73,77,83,94,95" m="43530,44063,62935" machi="73" ten="30,3900,0" yaku="15,1,34,2" doraHai="29" who="0" fromWho="3" sc="214,52,252,0,347,0,177,-42" /><INIT seed="6,0,0,3,4,51" ten="266,252,347,135" oya="2" hai0="41,0,80,50,12,63,124,17,2,133,131,54,134" hai1="62,112,103,109,115,32,34,43,39,56,48,89,44" hai2="8,11,13,38,35,77,53,119,5,110,113,76,104" hai3="45,67,6,114,57,10,111,40,85,98,91,61,52"/><V129/><F119/><W72/><G111/><T29/><D131/><U100/><E109/><V102/><F110/><W36/><G72/><T24/><D41/><U92/><E39/><V18/><F38/><W82/><G114/><N who="1" m="43562" /><E103/><V46/><F35/><W127/><G127/><T23/><D63/><U22/><E22/><V116/><F116/><W125/><G125/><T88/><D124/><U130/><E100/><V14/><F129/><W69/><G98/><T120/><D120/><U126/><E130/><V81/><F102/><W132/><G132/><N who="0" m="50795" /><D88/><U27/><E27/><V95/><F104/><W70/><REACH who="3" step="1"/><G67/><REACH who="3" ten="266,252,347,125" step="2"/><T94/><D80/><U58/><E126/><V65/><F81/><W86/><G86/><T71/><D94/><U3/><E3/><AGARI ba="0,1" hai="3,6,10,36,40,45,52,57,61,69,70,82,85,91" machi="3" ten="30,7700,0" yaku="1,1,7,1,52,1,54,1,53,0" doraHai="51" doraHaiUra="15" who="3" fromWho="1" sc="266,0,252,-77,347,0,125,87" /><INIT seed="7,0,0,2,2,35" ten="266,175,347,212" oya="3" hai0="53,76,44,99,74,3,111,26,25,28,41,38,15" hai1="23,12,11,60,22,6,17,18,126,78,47,19,118" hai2="46,56,0,77,119,115,125,124,117,122,87,89,54" hai3="108,7,59,58,106,128,123,2,14,36,79,127,100"/><W68/><G123/><T88/><D111/><U4/><E78/><V43/><F0/><W103/><G108/><T73/><D3/><N who="1" m="415" /><E60/><N who="2" m="35863" /><F77/><W5/><G68/><T94/><D15/><N who="1" m="9535" /><E47/><V114/><F122/><W105/><G36/><T112/><D112/><N who="2" m="43050" /><F117/><W57/><G79/><T95/><D25/><N who="1" m="14583" /><E126/><V70/><F70/><W29/><G127/><T84/><D53/><U50/><E50/><N who="2" m="26975" /><F119/><W69/><G69/><T113/><D113/><U48/><E48/><V75/><F75/><W16/><G103/><T133/><D95/><AGARI ba="0,0" hai="87,89,95,124,125" m="26975,43050,35863" machi="95" ten="30,1000,0" yaku="15,1" doraHai="35" who="2" fromWho="0" sc="266,-10,175,0,347,10,212,0" owari="256,5.6,175,-32.5,357,45.7,212,-18.8" /></mjloggm>