<mjloggm ver="2.3"><GO type="169" lobby="0"/><UN n0="%E3%83%9E%E3%83%BC%E3%83%9C%E3%82%A6" n1="%E6%9C%A8%E5%8E%9F%E8%B1%AA%E4%B8%80" n2="%E5%B3%B6%E7%94%B0%E7%9C%9F%E5%A4%A2" n3="%54%68%65%72%65%73%61%5F" dan="16,17,16,16" rate="2124.09,2151.41,2176.86,2110.12" sx="M,M,F,M"/><TAIKYOKU oya="0"/><INIT seed="0,0,0,2,5,33" ten="250,250,250,250" oya="0" hai0="28,88,84,37,95,39,1,132,10,66,31,55,63" hai1="29,68,119,65,86,14,107,76,49,22,92,79,105" hai2="74,34,54,123,109,114,99,71,35,59,115,133,91" hai3="134,32,27,125,130,51,96,2,17,62,135,6,41"/><T128/><D128/><U69/><E65/><V93/><F123/><W48/><G130/><T104/><D104/><U43/><E119/><V67/><F109/><W8/><G125/><T12/><D1/><U38/><E38/><V77/><F133/><N who="3" m="50699" /><G62/><T80/><D132/><U24/><E69/><V5/><F5/><W45/><G96/><T121/><D121/><U103/><E68/><V47/><F71/><W127/><G127/><T50/><D39/><U53/><E43/><V83/><F67/><W82/><G82/><T18/><D95/><U44/><E107/><V106/><F47/><W102/><G102/><T113/><D113/><U16/><E105/><V26/><F106/><W108/><G108/><T126/><D37/><U4/><E4/><V122/><F122/><W23/><G32/><T70/><REACH who="0" step="1"/><D126/><REACH who="0" ten="240,250,250,250" step="2"/><U131/><E131/><V98/><F115/><W60/><G60/><T73/><D73/><U112/><E112/><V94/><F114/><W97/><G97/><T78/><D78/><U21/><E103/><V20/><F94/><W72/><G72/><T89/><D89/><AGARI ba="0,1" hai="14,16,21,22,24,29,44,49,53,76,79,86,89,92" machi="89" ten="40,2600,0" yaku="8,1,54,1" doraHai="33" who="1" fromWho="0" sc="240,-26,250,36,250,0,250,0" /><INIT seed="1,0,0,0,1,87" ten="214,286,250,250" oya="1" hai0="115,132,68,133,20,88,40,107,96,77,74,4,94" hai1="42,118,28,15,53,69,84,104,0,60,124,50,46" hai2="22,2,65,63,131,85,37,64,62,130,72,109,6" hai3="82,61,98,120,100,105,103,19,36,21,24,1,92"/><U126/><E104/><V106/><F72/><W49/><G120/><T38/><D68/><U10/><E0/><V71/><F37/><W13/><G36/><T91/><D4/><U59/><E118/><V110/><F106/><W17/><G1/><T51/><D38/><U119/><E119/><V27/><F6/><W117/><G117/><T123/><D115/><U113/><E113/><V66/><F2/><W26/><G82/><N who="0" m="45367" /><D107/><U58/><E69/><V55/><F85/><W11/><G61/><N who="2" m="23049" /><F71/><W14/><G105/><T54/><D20/><U73/><E73/><V23/><F55/><W41/><REACH who="3" step="1"/><G100/><REACH who="3" ten="214,286,250,240" step="2"/><N who="0" m="60439" /><D123/><U127/><E126/><V47/><F64/><W108/><G108/><T83/><D83/><U9/><E124/><V75/><F65/><W45/><AGARI ba="0,1" hai="11,13,14,17,19,21,24,26,41,45,49,92,98,103" machi="45" ten="30,7900,0" yaku="1,1,0,1,8,1,53,1" doraHai="87" doraHaiUra="18" who="3" fromWho="3" sc="214,-20,286,-39,250,-20,240,89" /><INIT seed="2,0,0,5,5,23" ten="194,247,230,329" oya="2" hai0="72,31,109,0,73,127,106,28,51,105,15,4,104" hai1="78,40,48,76,34,14,131,81,74,36,128,93,82" hai2="29,52,58,112,121,98,69,49,130,38,30,71,16" hai3="37,8,75,113,20,77,62,43,133,96,122,42,125"/><V90/><F121/><W95/><G122/><T46/><D0/><U134/><E36/><V118/><F112/><W7/><G113/><T135/><D109/><U132/><E34/><V92/><F118/><W47/><G125/><T61/><D127/><U101/><E14/><V126/><F38/><W57/><G43/><T56/><D135/><N who="1" m="51755" /><E48/><V65/><F126/><W120/><G133/><T53/><D4/><U12/><E12/><V33/><F130/><N who="1" m="49705" /><E40/><V85/><F33/><W100/><G20/><T103/><D15/><U44/><E44/><V26/><F71/><W55/><G120/><T54/><REACH who="0" step="1"/><D103/><REACH who="0" ten="184,247,230,329" step="2"/><U97/><E74/><AGARI ba="0,1" hai="28,31,46,51,53,54,56,61,72,73,74,104,105,106" machi="74" ten="50,3200,0" yaku="1,1,2,1,53,0" doraHai="23" doraHaiUra="70" who="0" fromWho="1" sc="184,42,247,-32,230,0,329,0" /><INIT seed="3,0,0,3,0,4" ten="226,215,230,329" oya="3" hai0="31,93,129,2,86,1,25,78,133,92,74,105,85" hai1="131,76,81,83,107,49,84,51,80,75,106,87,134" hai2="114,16,21,14,60,50,6,111,26,32,96,43,28" hai3="118,18,117,66,122,99,40,53,113,70,109,46,10"/><W128/><G113/><T62/><D105/><N who="1" m="39947" /><E51/><V55/><F111/><W102/><G122/><T89/><D129/><U130/><E49/><V71/><F114/><W33/><G128/><N who="1" m="49194" /><E134/><V97/><F43/><W44/><G33/><T135/><D74/><U132/><E132/><N who="0" m="50761" /><D62/><U115/><E115/><V72/><F72/><W35/><G35/><N who="0" m="20975" /><D93/><U58/><E58/><V77/><F77/><W57/><G70/><T30/><D30/><U17/><E17/><V34/><F34/><W116/><G57/><T42/><D42/><U20/><E20/><V123/><F123/><W56/><G40/><T39/><D39/><U29/><E29/><V19/><F6/><W100/><G56/><T3/><D78/><U36/><E36/><V98/><F19/><W47/><G18/><T11/><D86/><AGARI ba="0,0" hai="75,76,80,81,83,84,86,87" m="49194,39947" machi="86" ten="30,3900,0" yaku="19,1,34,2" doraHai="4" who="1" fromWho="0" sc="226,-39,215,39,230,0,329,0" /><INIT seed="4,0,0,1,4,8" ten="187,254,230,329" oya="0" hai0="23,42,40,51,56,74,77,49,21,112,82,32,12" hai1="129,83,6,81,43,1,76,34,55,7,62,5,2" hai2="37,47,97,39,15,29,28,0,89,88,134,24,60" hai3="80,90,4,104,73,46,41,27,135,67,48,44,14"/><T131/><D32/><U9/><E129/><V20/><F0/><W130/><G104/><T19/><D112/><U16/><E34/><V114/><F114/><W53/><G130/><T33/><D33/><U52/><E43/><V95/><F134/><W75/><G135/><T10/><D131/><U105/><E105/><V63/><F29/><W99/><G67/><T85/><D74/><U25/><E83/><V35/><F89/><W127/><G127/><T107/><D107/><U36/><E36/><V120/><F120/><W45/><G27/><T17/><D10/><U66/><E1/><V65/><F47/><W84/><G99/><T121/><D121/><U128/><E2/><V124/><F60/><W71/><G71/><T111/><D111/><U98/><E98/><V38/><F124/><W118/><G118/><T30/><D30/><U125/><E125/><V68/><REACH who="2" step="1"/><F38/><REACH who="2" ten="187,254,220,329" step="2"/><W115/><G115/><T110/><D110/><U119/><E62/><V70/><F70/><W109/><G109/><T57/><D57/><U13/><E128/><V100/><F100/><W91/><G91/><T126/><D126/><U31/><E119/><V103/><F103/><W18/><G45/><T106/><D56/><U116/><E116/><V86/><F86/><W94/><G44/><T61/><D61/><U3/><E3/><V102/><F102/><W113/><G113/><T123/><D123/><U93/><E31/><V64/><F64/><W69/><G69/><T72/><D85/><U22/><E66/><V11/><F11/><W92/><G84/><T58/><D58/><U79/><E9/><RYUUKYOKU ba="0,1" sc="187,-10,254,-10,220,30,329,-10" hai2="15,20,24,28,35,37,39,63,65,68,88,95,97" /><INIT seed="5,1,1,4,1,81" ten="177,244,250,319" oya="1" hai0="132,28,77,106,42,40,45,104,62,125,57,22,79" hai1="48,3,33,29,107,13,87,49,58,5,36,34,113" hai2="8,123,80,74,115,85,23,103,124,131,117,66,4" hai3="31,108,75,11,1,130,41,59,35,9,16,64,95"/><U88/><E107/><V38/><F123/><W105/><G105/><T10/><D132/><U126/><E36/><V25/><F117/><W89/><G108/><T122/><D122/><U46/><E3/><V53/><F38/><W110/><G110/><T37/><D125/><U15/><E126/><V119/><F119/><W43/><G75/><T47/><D10/><U26/><E34/><V129/><F74/><W112/><G112/><T92/><D106/><U127/><E127/><V65/><F103/><W70/><G70/><T84/><D104/><U7/><E113/><V94/><F94/><W18/><G31/><T67/><D28/><U93/><E58/><V76/><F53/><W14/><G35/><T133/><D133/><U63/><E63/><V39/><F39/><W109/><G130/><N who="2" m="49673" /><F124/><W116/><G116/><T128/><D128/><U30/><E30/><N who="2" m="17727" /><F115/><W44/><G44/><T96/><D42/><U32/><E32/><V56/><F56/><W121/><G121/><T99/><D45/><U60/><E60/><V61/><F61/><N who="3" m="37951" /><G1/><AGARI ba="1,1" hai="1,4,8,65,66,76,80,85" m="17727,49673" machi="1" ten="30,2000,0" yaku="19,1,52,1" doraHai="81" who="2" fromWho="3" sc="177,0,244,0,250,33,319,-23" /><INIT seed="6,0,0,0,1,32" ten="177,244,283,296" oya="2" hai0="37,98,44,26,58,42,90,94,48,62,47,29,45" hai1="34,70,134,99,67,75,60,89,18,126,71,30,131" hai2="46,19,127,135,52,109,53,115,77,128,106,112,120" hai3="96,57,13,20,121,101,69,59,130,1,50,100,3"/><V124/><F106/><W17/><G121/><T27/><D37/><U15/><E131/><V87/><F120/><W92/><G69/><T114/><D114/><N who="2" m="43562" /><F128/><W116/><G130/><T16/><D29/><U113/><E113/><V23/><F109/><W133/><G116/><T61/><D61/><U22/><E134/><V118/><F118/><W132/><G100/><T4/><D4/><U55/><E75/><V117/><F117/><W72/><G72/><T125/><D125/><N who="2" m="48202" /><F46/><W79/><G79/><T12/><D45/><U38/><E126/><V14/><F135/><N who="3" m="51787" /><G50/><T105/><D47/><U103/><E38/><V84/><F84/><W123/><G123/><T82/><D82/><AGARI ba="0,0" hai="14,19,23,52,53,77,82,87" m="48202,43562" machi="82" ten="30,5800,0" yaku="15,1,18,1,54,1" doraHai="32" who="2" fromWho="0" sc="177,-58,244,0,283,58,296,0" /><INIT seed="6,1,0,1,4,36" ten="119,244,341,296" oya="2" hai0="75,118,60,57,2,116,34,131,54,40,128,113,80" hai1="1,45,5,100,51,39,120,69,68,86,107,130,49" hai2="94,48,41,132,121,33,0,90,122,117,134,66,8" hai3="50,42,18,92,19,3,105,17,21,93,14,81,15"/><V64/><F33/><W20/><G105/><T76/><D34/><U61/><E107/><V12/><F0/><W91/><G3/><T83/><D2/><U96/><E86/><V109/><F117/><N who="0" m="45162" /><D83/><U103/><E61/><V129/><F109/><W27/><G81/><T67/><D80/><U87/><E45/><N who="2" m="25647" /><F129/><N who="0" m="49738" /><D76/><U11/><E39/><V10/><F10/><N who="3" m="6359" /><G91/><T25/><D25/><U108/><E108/><V35/><F35/><W38/><G38/><T115/><D75/><U37/><E103/><V112/><F112/><N who="0" m="43082" /><D40/><U24/><E130/><V70/><F12/><W72/><G72/><T106/><D106/><U74/><E74/><V47/><F8/><W135/><G135/><T133/><D133/><U79/><E79/><V59/><F134/><W114/><G114/><T32/><D32/><U123/><E24/><V53/><F132/><W82/><G82/><T111/><D111/><U4/><E11/><V58/><F90/><W98/><G98/><T77/><D77/><U55/><E1/><V29/><F29/><W102/><G102/><T46/><D46/><AGARI ba="1,0" hai="15,18,19,20,21,27,42,46,50,92,93" m="6359" machi="46" ten="30,2000,0" yaku="8,1,52,1" doraHai="36" who="3" fromWho="0" sc="119,-23,244,0,341,0,296,23" /><INIT seed="7,0,0,3,5,1" ten="96,244,341,319" oya="3" hai0="134,106,124,11,44,73,57,70,33,135,86,78,0" hai1="17,68,108,104,131,26,103,50,58,46,66,5,72" hai2="22,83,102,76,40,47,35,8,90,100,74,43,71" hai3="53,24,12,118,112,29,88,77,59,122,55,133,15"/><W121/><G118/><T28/><D86/><U25/><E72/><V13/><F35/><W117/><G117/><T63/><D57/><U114/><E108/><V3/><F71/><W54/><G112/><T113/><D113/><U109/><E131/><V51/><F40/><W10/><G77/><T84/><D84/><U130/><E68/><V101/><F90/><W75/><G75/><T60/><D60/><U56/><E130/><V39/><F22/><N who="3" m="15511" /><G133/><T128/><D128/><U82/><E104/><V107/><F51/><N who="3" m="31167" /><G122/><T52/><D52/><N who="3" m="20009" /><G121/><T16/><D16/><U127/><E66/><V6/><REACH who="2" step="1"/><F107/><REACH who="2" ten="96,244,331,319" step="2"/><W42/><G42/><T7/><D106/><U2/><E2/><AGARI ba="0,1" hai="2,3,6,8,13,39,43,47,74,76,83,100,101,102" machi="2" ten="40,8000,1" yaku="1,1,2,1,52,1,53,1" doraHai="1" doraHaiUra="36" who="2" fromWho="1" sc="96,0,244,-80,331,90,319,0" owari="96,-40.4,164,-23.6,421,52.1,319,11.9" /></mjloggm>