<mjloggm ver="2.3"><GO type="169" lobby="0"/><UN n0="%E7%89%A7%E5%A0%B4%E3%81%AE%E5%B0%91%E5%A5%B3" n1="%E3%81%AA%E3%81%88%E3%81%A8%E3%82%8B" n2="%E3%81%82%E3%81%8A%E3%81%8D%E3%82%93%E3%81%90" n3="%43%6F%66%66%65%65" dan="17,16,16,16" rate="2220.26,2120.92,2125.22,2075.11" sx="F,M,M,F"/><TAIKYOKU oya="0"/><INIT seed="0,0,0,1,1,85" ten="250,250,250,250" oya="0" hai0="35,29,63,110,53,134,79,23,117,133,92,83,112" hai1="2,58,62,0,90,10,57,103,5,121,46,55,42" hai2="52,84,59,3,60,97,89,105,21,96,13,116,122" hai3="44,17,100,27,114,30,6,123,19,75,12,32,16"/><T25/><D112/><U7/><E121/><V38/><F3/><W31/><G75/><T111/><D117/><U119/><E119/><V70/><F122/><W126/><G44/><T106/><D106/><U130/><E130/><V47/><F116/><W131/><G100/><T39/><D39/><U14/><E103/><V104/><F70/><W132/><G114/><T68/><D35/><U93/><E7/><V107/><F38/><W65/><G65/><T43/><D43/><U102/><E102/><V118/><F118/><W4/><G123/><T18/><D29/><U101/><E57/><V37/><F47/><W8/><G131/><T109/><D92/><U51/><REACH who="1" step="1"/><E101/><REACH who="1" ten="250,240,250,250" step="2"/><V87/><F59/><W56/><G56/><N who="0" m="35215" /><D68/><U72/><E72/><AGARI ba="0,1" hai="18,23,25,72,79,83,109,110,111,133,134" m="35215" machi="72" ten="30,2900,0" yaku="14,1,10,1" doraHai="85" who="0" fromWho="1" sc="250,39,240,-29,250,0,250,0" /><INIT seed="0,1,0,0,5,5" ten="289,211,250,250" oya="0" hai0="27,67,70,33,72,82,40,89,95,64,66,100,103" hai1="130,38,24,57,97,88,18,44,107,123,14,117,4" hai2="45,133,30,91,76,54,104,79,37,7,115,113,85" hai3="32,16,15,41,59,60,134,48,39,46,34,26,9"/><T90/><D70/><U118/><E123/><V19/><F104/><W81/><G134/><T12/><D40/><U31/><E4/><V131/><F30/><W122/><G122/><T20/><D33/><U74/><E74/><V120/><F19/><W112/><G112/><T23/><D72/><U21/><E130/><V124/><F7/><W36/><G81/><T128/><D128/><U55/><E44/><V25/><F25/><W125/><G125/><T6/><D82/><U11/><E38/><V10/><F54/><W114/><G114/><T87/><D90/><U109/><E109/><V99/><F45/><W53/><REACH who="3" step="1"/><G34/><REACH who="3" ten="289,211,250,240" step="2"/><T43/><D43/><U116/><E118/><V51/><F124/><W119/><G119/><T102/><REACH who="0" step="1"/><D27/><REACH who="0" ten="279,211,250,240" step="2"/><U61/><E116/><V22/><F131/><W73/><G73/><T28/><D28/><AGARI ba="1,2" hai="9,15,16,26,28,32,36,39,41,46,48,53,59,60" machi="28" ten="40,5200,0" yaku="1,1,52,1,54,1,53,0" doraHai="5" doraHaiUra="101" who="3" fromWho="0" sc="279,-55,211,0,250,0,240,75" /><INIT seed="1,0,0,1,3,104" ten="224,211,250,315" oya="1" hai0="80,116,33,43,25,77,121,12,122,55,111,81,65" hai1="134,37,102,28,98,79,84,34,57,74,32,126,9" hai2="76,13,135,83,93,42,105,91,49,0,14,71,70" hai3="87,110,124,22,56,36,6,44,107,16,125,66,100"/><U115/><E115/><V8/><F105/><W94/><G107/><T133/><D116/><U118/><E118/><V5/><F135/><W30/><G110/><T1/><D1/><U117/><E117/><V72/><F42/><W41/><G6/><T119/><D119/><U63/><E37/><V112/><F49/><W10/><G10/><T113/><D113/><U67/><E134/><V19/><F112/><W45/><G30/><T31/><D65/><U58/><E126/><V62/><F62/><W129/><G45/><T82/><D43/><U85/><E58/><V92/><F92/><W106/><G106/><T120/><D133/><U103/><E9/><V50/><F50/><W15/><G129/><T61/><D111/><U23/><E84/><V88/><F91/><W18/><G18/><T108/><D108/><U89/><E79/><V101/><F101/><W64/><G87/><T46/><D12/><U24/><E74/><V51/><F51/><W123/><G123/><T95/><D95/><N who="1" m="58719" /><E103/><V131/><F131/><W38/><G36/><T4/><D4/><U130/><E130/><V3/><F3/><W73/><G73/><N who="0" m="43055" /><D46/><U60/><E63/><V78/><F78/><W114/><G114/><T97/><D97/><U109/><E109/><V99/><REACH who="2" step="1"/><F0/><REACH who="2" ten="224,211,240,315" step="2"/><W17/><G124/><T40/><D40/><U86/><E86/><V11/><AGARI ba="0,1" hai="5,8,11,13,14,19,70,71,72,76,83,88,93,99" machi="11" ten="20,12000,2" yaku="1,1,2,1,0,1,7,1,52,1,54,1,53,0" doraHai="104" doraHaiUra="26" who="2" fromWho="2" sc="224,-30,211,-60,240,130,315,-30" /><INIT seed="2,0,0,5,5,98" ten="194,151,370,285" oya="2" hai0="100,73,108,18,32,117,102,107,70,21,57,127,110" hai1="12,38,114,112,49,50,37,6,89,74,88,2,9" hai2="52,91,51,109,82,94,66,33,29,92,26,132,11" hai3="44,122,59,99,93,67,133,54,115,48,119,45,134"/><V28/><F132/><N who="3" m="50795" /><G119/><T118/><D70/><U113/><E74/><V30/><F109/><N who="0" m="42090" /><D32/><U47/><E50/><V135/><F135/><W42/><G122/><T43/><D107/><U128/><E128/><V130/><F130/><W123/><G123/><T87/><D73/><U111/><E2/><V17/><F82/><W77/><G77/><T1/><D1/><U116/><E116/><N who="0" m="44649" /><D127/><U131/><E131/><V101/><F66/><W126/><G126/><T104/><D104/><U60/><E60/><V84/><F17/><W55/><G115/><T7/><D7/><U83/><E111/><V76/><F11/><W23/><G23/><T5/><D5/><U129/><E129/><V35/><F76/><W80/><G80/><T63/><D87/><U31/><E31/><V10/><F10/><W20/><G20/><T15/><D43/><U96/><E83/><V24/><F35/><W103/><G45/><T58/><D58/><U125/><E125/><V90/><F33/><W72/><G72/><T105/><D105/><U97/><E96/><N who="2" m="59543" /><F91/><W36/><G36/><T16/><D18/><U46/><E46/><AGARI ba="0,0" hai="24,26,28,29,30,46,51,52,84,90,92" m="59543" machi="46" ten="30,5800,0" yaku="8,1,52,1,54,1" doraHai="98" who="2" fromWho="1" sc="194,0,151,-58,370,58,285,0" /><INIT seed="2,1,0,2,2,18" ten="194,93,428,285" oya="2" hai0="126,114,4,63,53,0,133,105,68,56,5,87,92" hai1="20,23,33,39,113,9,16,40,29,121,62,42,123" hai2="94,93,125,80,52,82,41,67,107,116,134,130,7" hai3="75,50,69,131,65,26,57,66,10,110,30,70,32"/><V38/><F67/><W61/><G75/><T79/><D105/><U24/><E113/><V47/><F107/><W97/><G110/><T55/><D114/><U122/><E39/><V49/><F116/><W31/><G131/><T135/><D68/><U72/><E72/><V120/><F130/><W124/><G124/><T103/><D126/><U127/><E127/><V36/><F36/><W25/><G10/><T21/><D53/><U8/><E33/><V74/><F125/><W119/><G119/><T112/><D112/><U86/><E62/><V13/><F120/><W98/><G50/><T35/><D35/><U2/><E86/><V129/><F134/><W6/><G6/><T95/><D0/><U117/><E117/><V37/><F37/><W1/><G1/><T104/><D104/><U89/><E89/><V27/><F49/><W106/><G57/><T59/><D59/><U58/><E58/><V64/><F7/><W28/><G106/><T81/><D95/><U44/><E44/><V85/><F94/><W101/><G101/><T46/><D46/><U115/><E115/><V15/><F93/><W128/><G128/><T100/><D100/><U17/><E29/><V11/><F74/><W118/><G118/><T96/><D135/><U90/><E90/><V48/><F38/><W3/><G3/><T54/><D133/><U19/><E2/><V45/><F45/><W22/><G31/><T71/><D71/><U91/><E91/><V77/><F47/><W132/><G132/><T88/><D103/><U102/><E102/><V43/><F129/><W99/><G69/><RYUUKYOKU ba="1,0" sc="194,-10,93,-10,428,-10,285,30" hai3="22,25,26,28,30,32,61,65,66,70,97,98,99" /><INIT seed="3,2,0,3,5,51" ten="184,83,418,315" oya="3" hai0="70,121,49,120,30,97,6,82,115,93,68,37,22" hai1="23,127,80,50,21,99,88,92,1,42,102,112,94" hai2="60,104,5,55,77,17,8,69,25,117,119,27,65" hai3="43,118,128,31,75,12,46,59,24,89,9,57,39"/><W86/><G118/><T38/><D6/><U107/><E112/><V84/><F104/><W19/><G75/><T3/><D3/><U79/><E1/><V45/><F77/><W0/><G128/><T4/><D4/><U114/><E114/><V13/><F84/><W62/><G0/><T7/><D7/><U28/><E127/><V67/><F67/><W71/><G71/><T129/><D115/><U106/><E42/><V2/><F45/><W100/><G100/><T26/><D129/><U91/><E50/><V40/><F40/><W48/><G39/><T52/><D82/><U109/><E28/><V10/><REACH who="2" step="1"/><F55/><REACH who="2" ten="184,83,408,315" step="2"/><W64/><G64/><T78/><D78/><U76/><E109/><V32/><F32/><W35/><REACH who="3" step="1"/><G62/><REACH who="3" ten="184,83,408,305" step="2"/><T36/><D70/><U132/><E106/><V47/><F47/><W95/><AGARI ba="2,2" hai="9,12,19,24,31,35,43,46,48,57,59,86,89,95" machi="95" ten="20,7800,0" yaku="1,1,2,1,0,1,7,1,53,0" doraHai="51" doraHaiUra="131" who="3" fromWho="3" sc="184,-28,83,-28,408,-28,305,104" /><INIT seed="3,3,0,4,1,108" ten="156,55,380,409" oya="3" hai0="22,62,52,81,123,97,53,96,75,21,93,119,77" hai1="112,85,8,71,25,33,31,114,12,133,121,74,5" hai2="37,48,17,131,15,65,106,73,56,36,99,92,101" hai3="95,70,94,117,34,61,2,19,91,130,120,69,9"/><W102/><G117/><T0/><D123/><U40/><E74/><V105/><F73/><W116/><G116/><T87/><D0/><U58/><E71/><V45/><F131/><W124/><G120/><T28/><D119/><U86/><E121/><V3/><F3/><W1/><G34/><T32/><D97/><U39/><E133/><V79/><F79/><W122/><G122/><T18/><D32/><U16/><E58/><V104/><F56/><W26/><G130/><T27/><D75/><U10/><E40/><V14/><F14/><W46/><G124/><T60/><D62/><U100/><E39/><V42/><REACH who="2" step="1"/><F65/><REACH who="2" ten="156,55,370,409" step="2"/><N who="3" m="41135" /><G2/><T47/><D60/><U84/><REACH who="1" step="1"/><E100/><REACH who="1" ten="156,45,370,409" step="2"/><V113/><F113/><W24/><G102/><N who="0" m="60687" /><D47/><U134/><E134/><V7/><F7/><W55/><G46/><T135/><D135/><U43/><E43/><V30/><F30/><W6/><G6/><T82/><D28/><U89/><E89/><V127/><F127/><W118/><G91/><T115/><D77/><U20/><E20/><AGARI ba="3,2" hai="15,17,20,36,37,42,45,48,92,99,101,104,105,106" machi="20" ten="40,8000,1" yaku="1,1,53,3" doraHai="108" doraHaiUra="103" who="2" fromWho="1" sc="156,0,45,-89,370,109,409,0" owari="156,-24.4,-44,-54.4,479,57.9,409,20.9" /></mjloggm>