<mjloggm ver="2.3"><GO type="169" lobby="0"/><UN n0="%73%79%6C%76%65%6F%6E" n1="%4B%4F%52%41%49%40%40%40" n2="%E6%AF%94%E5%98%89%E7%A7%80%E4%BB%81" n3="%E6%96%B0%E6%89%8B%31%34%32%38%35%37" dan="16,17,16,17" rate="2189.12,2169.76,2080.12,2145.12" sx="M,M,M,M"/><TAIKYOKU oya="0"/><INIT seed="0,0,0,0,0,100" ten="250,250,250,250" oya="0" hai0="87,0,71,6,133,47,30,64,52,13,60,115,42" hai1="123,135,33,127,10,36,38,91,19,111,88,11,26" hai2="117,121,105,59,106,86,122,103,22,81,46,97,25" hai3="35,118,20,34,79,31,132,78,12,109,5,68,108"/><T40/><D115/><U82/><E123/><V75/><F75/><W129/><G68/><T95/><D0/><U124/><E82/><V98/><F46/><W45/><G118/><T53/><D133/><U112/><E135/><V61/><F117/><W107/><G132/><T99/><D30/><U56/><E56/><V24/><F24/><N who="3" m="16775" /><G45/><T93/><D42/><U9/><E33/><N who="3" m="12298" /><G107/><T29/><D29/><U2/><E2/><V85/><F85/><W96/><G96/><T76/><D13/><U50/><E26/><V14/><F14/><W18/><G129/><T39/><D6/><U63/><E63/><V17/><F98/><W48/><G48/><T104/><D104/><U51/><E19/><V3/><F3/><W7/><G79/><T65/><D65/><U69/><E69/><V37/><F37/><N who="1" m="14441" /><E112/><V83/><F83/><W73/><G78/><T90/><REACH who="0" step="1"/><D76/><REACH who="0" ten="240,250,250,250" step="2"/><U92/><E111/><N who="3" m="42570" /><G73/><T41/><D41/><U84/><E91/><AGARI ba="0,1" hai="39,40,47,52,53,60,64,71,87,90,91,93,95,99" machi="91" ten="30,5800,0" yaku="1,1,7,1,54,1,53,0" doraHai="100" doraHaiUra="131" who="0" fromWho="1" sc="240,68,250,-58,250,0,250,0" /><INIT seed="0,1,0,4,1,93" ten="308,192,250,250" oya="0" hai0="33,73,25,132,121,123,17,115,13,78,111,6,79" hai1="41,99,56,63,3,96,30,117,8,16,112,72,120" hai2="105,37,97,133,104,119,131,62,106,108,38,27,102" hai3="61,87,32,94,9,88,75,101,44,118,85,116,110"/><T19/><D115/><U2/><E117/><V68/><F119/><W76/><G32/><T60/><D132/><U54/><E120/><V26/><F133/><W134/><G134/><T67/><D6/><U57/><E72/><V107/><F108/><W90/><G110/><T15/><D111/><U127/><E127/><V71/><F131/><W91/><G44/><T95/><D33/><U28/><E112/><V40/><F40/><W45/><G45/><T83/><D78/><U53/><E41/><V122/><F122/><W14/><G61/><T125/><D25/><U81/><E81/><V135/><F135/><W23/><G23/><T52/><D125/><U51/><E3/><V86/><F86/><N who="3" m="32779" /><G9/><T70/><D95/><U59/><E57/><V47/><F47/><W128/><G14/><T7/><D7/><U31/><E2/><V126/><F126/><W49/><G49/><T1/><D1/><U22/><E8/><V114/><F114/><W36/><G36/><T58/><D15/><AGARI ba="1,0" hai="15,16,22,28,30,31,51,53,54,56,59,63,96,99" machi="15" ten="40,8000,1" yaku="8,1,52,2,54,1" doraHai="93" who="1" fromWho="0" sc="308,-83,192,83,250,0,250,0" /><INIT seed="1,0,0,2,4,70" ten="225,275,250,250" oya="1" hai0="125,42,67,61,64,123,41,57,14,88,110,66,113" hai1="46,7,89,34,10,116,112,124,135,129,134,43,76" hai2="1,72,30,29,12,118,82,95,90,115,48,103,27" hai3="79,59,98,19,83,87,80,127,96,31,11,78,8"/><U105/><E105/><V85/><F118/><W69/><G69/><T9/><D113/><U122/><E34/><V111/><F1/><W3/><G127/><T75/><D75/><U23/><E112/><V100/><F115/><W47/><G31/><T55/><D125/><U13/><E124/><V24/><F111/><W65/><G3/><T97/><D110/><U71/><E71/><V84/><F72/><W99/><G19/><T28/><D28/><U2/><E129/><V35/><F12/><W36/><G65/><T77/><D77/><U131/><E131/><V5/><F48/><W130/><G59/><T73/><D73/><U26/><E122/><V50/><F50/><W94/><G94/><N who="0" m="56519" /><D123/><U109/><E116/><V121/><F5/><AGARI ba="0,0" hai="5,9,14,41,42,55,57,61,64,66,67" m="56519" machi="5" ten="30,2000,0" yaku="8,1,54,1" doraHai="70" who="0" fromWho="2" sc="225,20,275,0,250,-20,250,0" /><INIT seed="2,0,0,3,0,119" ten="245,275,230,250" oya="2" hai0="46,130,52,50,32,9,108,70,30,6,91,121,43" hai1="94,67,122,102,3,100,27,25,56,49,77,133,111" hai2="109,60,89,39,99,51,20,76,24,15,13,116,95" hai3="65,112,80,117,106,84,72,7,92,132,17,128,83"/><V93/><F116/><W34/><G117/><T36/><D108/><U2/><E77/><V38/><F109/><W47/><G34/><T103/><D130/><U110/><E94/><V22/><F76/><W125/><G7/><T19/><D103/><U35/><E49/><V10/><F60/><W16/><G125/><T115/><D115/><U28/><E35/><V78/><F78/><W97/><G132/><T12/><D70/><U42/><E42/><V14/><F10/><W63/><G128/><T61/><D61/><U64/><E56/><V53/><F95/><W71/><G112/><T82/><D32/><U59/><E59/><V29/><REACH who="2" step="1"/><F22/><REACH who="2" ten="245,275,220,250" step="2"/><W18/><G72/><T21/><D21/><U8/><E8/><V26/><F26/><W57/><G106/><T44/><D9/><U48/><E133/><V5/><F5/><W105/><G105/><T66/><D6/><U120/><E48/><V101/><F101/><W79/><G71/><T1/><D50/><U33/><E33/><V127/><F127/><W126/><G126/><T11/><D11/><U81/><REACH who="1" step="1"/><E28/><REACH who="1" ten="245,265,220,250" step="2"/><V87/><F87/><W96/><G92/><T131/><D30/><U40/><E40/><V129/><F129/><W134/><G134/><T23/><D131/><U31/><E31/><V113/><F113/><W75/><G83/><AGARI ba="0,2" hai="2,3,25,27,64,67,81,83,100,102,110,111,120,122" machi="83" ten="25,8000,1" yaku="1,1,22,2,52,2,53,0" doraHai="119" doraHaiUra="86" who="1" fromWho="3" sc="245,0,265,100,220,0,250,-80" /><INIT seed="3,0,0,2,0,54" ten="245,365,220,170" oya="3" hai0="111,129,33,99,22,11,132,9,126,2,23,14,101" hai1="122,69,75,115,7,125,97,8,105,93,78,90,80" hai2="47,17,70,71,42,107,130,89,38,19,121,79,104" hai3="120,119,52,12,77,24,3,21,118,73,28,43,85"/><W95/><G120/><T72/><D72/><U27/><E69/><V123/><F79/><W46/><G3/><T55/><D33/><U135/><E115/><V96/><F130/><W133/><G133/><T35/><D35/><U124/><E27/><V116/><F116/><W15/><G73/><T5/><D111/><U92/><E122/><N who="2" m="46603" /><F89/><N who="3" m="53679" /><G119/><T48/><D126/><U16/><E135/><V103/><F107/><W37/><G37/><T66/><D66/><U81/><E81/><V74/><F74/><W134/><G134/><T63/><D63/><U98/><E105/><V56/><F56/><W34/><G34/><T0/><D129/><U131/><E16/><AGARI ba="0,0" hai="16,17,19,38,42,47,70,71,96,103,104" m="46603" machi="16" ten="30,2000,0" yaku="13,1,54,1" doraHai="54" who="2" fromWho="1" sc="245,0,365,-20,220,20,170,0" /><INIT seed="4,0,0,0,0,73" ten="245,345,240,170" oya="0" hai0="92,54,36,115,71,44,130,82,107,124,99,77,20" hai1="31,43,79,58,21,69,78,51,0,108,13,4,62" hai2="97,42,37,80,117,16,11,98,39,102,32,46,33" hai3="67,17,52,87,9,93,121,133,101,63,6,70,83"/><T61/><D107/><U84/><E0/><V90/><F117/><W38/><G133/><T40/><D115/><U22/><E69/><V5/><F37/><W119/><G119/><T134/><D134/><U89/><E108/><V56/><F56/><W19/><G38/><T66/><D124/><U112/><E112/><V59/><F59/><W88/><G121/><T50/><D130/><U23/><E31/><V96/><F102/><W29/><G29/><T41/><D20/><U94/><E4/><V106/><F106/><W49/><G101/><T60/><D60/><U135/><E13/><V3/><F90/><W131/><G93/><T128/><D128/><U132/><E132/><V14/><REACH who="2" step="1"/><F80/><REACH who="2" ten="245,345,230,170" step="2"/><W68/><G70/><T53/><D36/><U55/><E135/><V129/><F129/><W27/><G131/><T81/><D81/><U109/><E109/><V2/><F2/><W25/><G25/><T111/><D111/><U1/><E1/><V35/><F35/><W104/><G27/><T103/><REACH who="0" step="1"/><D41/><REACH who="0" ten="235,345,230,170" step="2"/><U30/><E30/><V91/><F91/><W47/><REACH who="3" step="1"/><G104/><REACH who="3" ten="235,345,230,160" step="2"/><T57/><D57/><U26/><REACH who="1" step="1"/><E26/><REACH who="1" ten="235,335,230,160" step="2"/><RYUUKYOKU type="reach4" ba="0,4" sc="235,0,335,0,230,0,160,0" hai0="40,44,50,53,54,61,66,71,77,82,92,99,103" hai1="21,22,23,43,51,55,58,62,78,79,84,89,94" hai2="3,5,11,14,16,32,33,39,42,46,96,97,98" hai3="6,9,17,19,47,49,52,63,67,68,83,87,88" /><INIT seed="4,1,4,4,2,85" ten="235,335,230,160" oya="0" hai0="66,74,14,91,113,8,49,42,118,84,125,80,39" hai1="6,112,77,68,128,101,56,10,106,55,104,28,115" hai2="31,79,15,70,34,103,92,105,76,78,45,59,21" hai3="87,26,9,47,81,96,121,63,90,99,135,51,126"/><T131/><D118/><U108/><E108/><V54/><F70/><W123/><G126/><T61/><D39/><U72/><E68/><V100/><F105/><W3/><G135/><T124/><D74/><U27/><E128/><V65/><F34/><W0/><G63/><T134/><D131/><U107/><E77/><V35/><F35/><W18/><G26/><T97/><D134/><U16/><E16/><N who="2" m="10399" /><F31/><W93/><G18/><T83/><D113/><N who="1" m="43595" /><E72/><V120/><F120/><N who="3" m="46155" /><G9/><T114/><D97/><N who="3" m="37449" /><G93/><N who="0" m="54503" /><D114/><U38/><E38/><V22/><F22/><W25/><G25/><T95/><D95/><U109/><E109/><V20/><F20/><W69/><G69/><T13/><D125/><U62/><E101/><V43/><F92/><W48/><G48/><T11/><D124/><U17/><E17/><V67/><F103/><W23/><G23/><T24/><D24/><U60/><E27/><V129/><F100/><W64/><G64/><T111/><D111/><U71/><E28/><V127/><F127/><W82/><G81/><N who="0" m="31307" /><D11/><U7/><E10/><V73/><F73/><W37/><G37/><T86/><D8/><U110/><E110/><V46/><F129/><W5/><G5/><N who="1" m="1546" /><E71/><V130/><F130/><W88/><G90/><T122/><D122/><U41/><E104/><V89/><F89/><W40/><AGARI ba="1,4" hai="0,3,40,47,51,82,87,88" m="37449,46155" machi="40" ten="30,4000,0" yaku="13,1,52,1,54,1" doraHai="85" who="3" fromWho="3" sc="235,-21,335,-11,230,-11,160,83" /><INIT seed="5,0,0,5,1,30" ten="214,324,219,243" oya="1" hai0="64,130,68,39,127,54,101,65,63,26,36,109,110" hai1="77,6,11,48,102,99,121,0,4,58,66,42,55" hai2="122,46,12,43,52,51,89,117,32,116,112,85,16" hai3="86,95,47,100,59,44,25,19,15,28,103,93,74"/><U134/><E121/><V104/><F104/><W31/><G74/><T71/><D101/><N who="3" m="38985" /><G59/><N who="0" m="35319" /><D26/><U62/><E134/><V133/><F122/><W9/><G93/><T75/><D75/><U84/><E4/><V115/><F133/><W2/><G2/><T82/><D82/><U38/><E38/><N who="0" m="14377" /><D127/><U8/><E42/><V125/><F43/><W5/><G5/><T70/><D130/><U123/><E123/><V61/><F61/><W107/><G107/><T1/><D1/><U24/><E24/><V129/><F32/><W60/><G60/><T76/><D76/><U88/><E77/><V3/><F3/><W128/><G128/><T119/><D119/><U21/><E21/><N who="2" m="11399" /><F125/><W57/><G25/><T94/><D94/><N who="1" m="58743" /><E6/><V87/><F129/><W135/><G135/><T118/><D118/><N who="2" m="45674" /><F89/><N who="3" m="53687" /><G31/><T78/><D78/><U17/><E0/><V10/><F10/><W132/><G28/><T90/><D90/><U120/><E17/><V83/><F83/><W111/><G132/><T23/><D23/><U73/><E120/><V14/><F14/><W81/><G81/><T33/><D33/><U106/><E106/><V53/><F53/><W126/><G126/><T105/><D105/><U49/><E73/><V114/><AGARI ba="0,0" hai="46,51,52,85,87,112,114,115" m="45674,11399" machi="114" ten="40,8000,1" yaku="15,1,11,1,54,2" doraHai="30" who="2" fromWho="2" sc="214,-20,324,-40,219,80,243,-20" /><INIT seed="6,0,0,0,0,69" ten="194,284,299,223" oya="2" hai0="40,96,99,89,15,104,59,66,105,45,28,27,126" hai1="38,34,49,133,9,22,18,58,51,39,12,134,93" hai2="119,115,23,46,84,6,111,21,95,52,80,68,92" hai3="24,130,122,29,72,16,19,73,8,110,25,57,10"/><V101/><F119/><W41/><G110/><T3/><D3/><U85/><E34/><V36/><F68/><W65/><G41/><T32/><D126/><U30/><E93/><V61/><F111/><W86/><G86/><T108/><D108/><U91/><E30/><V0/><F0/><W4/><G130/><T79/><D79/><U50/><E58/><V128/><F6/><W2/><G122/><T48/><D15/><U135/><E91/><V121/><F121/><W11/><G65/><T78/><D78/><U43/><E85/><V42/><F128/><W75/><G57/><T114/><D114/><U103/><E103/><V120/><F120/><W47/><G47/><T55/><D66/><U129/><E129/><V118/><F118/><W7/><G2/><T132/><D132/><U107/><E107/><V131/><F131/><W98/><G98/><T74/><D74/><U1/><E43/><V97/><F95/><W14/><G29/><T54/><D54/><U106/><E106/><V67/><F115/><W77/><G77/><T100/><D89/><U76/><E76/><V31/><F31/><W87/><G87/><T123/><D123/><U81/><E81/><V127/><F67/><W56/><G14/><T117/><D117/><U44/><E44/><V63/><F84/><W109/><G56/><T35/><D35/><U60/><E60/><N who="2" m="23115" /><F80/><W13/><G109/><T102/><REACH who="0" step="1"/><D40/><REACH who="0" ten="184,284,299,223" step="2"/><U37/><E1/><V53/><F127/><W83/><G13/><T94/><D94/><U70/><E70/><V62/><F92/><W82/><G73/><T88/><D88/><RYUUKYOKU ba="0,1" sc="184,15,284,15,299,-15,223,-15" hai0="27,28,32,45,48,55,59,96,99,100,102,104,105" hai1="9,12,18,22,37,38,39,49,50,51,133,134,135" /><INIT seed="7,1,1,0,4,125" ten="199,299,284,208" oya="3" hai0="79,29,72,12,121,91,135,28,119,42,80,20,63" hai1="50,87,131,49,95,51,44,41,76,0,127,16,107" hai2="62,19,85,34,21,8,11,78,93,5,23,75,7" hai3="86,15,39,55,40,52,65,115,71,130,94,133,103"/><W2/><G2/><T67/><D119/><U117/><E131/><V9/><F34/><W18/><G115/><T88/><D121/><U58/><E107/><V56/><F75/><W25/><G133/><T36/><D135/><U14/><E127/><V31/><F31/><W118/><G118/><T102/><D102/><U68/><E68/><V128/><F128/><W10/><G130/><T132/><D132/><U13/><E0/><V32/><F32/><W111/><G111/><T134/><D134/><U77/><E117/><V22/><F19/><W90/><G103/><T100/><D100/><U123/><E13/><V110/><F110/><W60/><REACH who="3" step="1"/><G25/><REACH who="3" ten="199,299,284,198" step="2"/><T69/><D12/><U47/><E123/><V96/><F5/><W3/><G3/><T6/><D6/><U27/><E27/><V89/><F7/><W61/><G61/><T45/><REACH who="0" step="1"/><D29/><REACH who="0" ten="189,299,284,198" step="2"/><U81/><E14/><V24/><F24/><AGARI ba="1,3" hai="20,24,28,36,42,45,63,67,69,72,79,80,88,91" machi="24" ten="40,5200,0" yaku="1,1,2,1,54,1,53,0" doraHai="125" doraHaiUra="54" who="0" fromWho="2" sc="189,85,299,0,284,-55,198,0" /><INIT seed="8,0,0,1,5,109" ten="274,299,229,198" oya="0" hai0="59,102,29,65,90,50,37,130,43,134,39,80,18" hai1="42,120,63,87,61,117,23,17,132,92,125,110,40" hai2="14,26,135,71,73,101,95,67,119,30,123,100,99" hai3="32,78,19,33,25,22,107,12,108,3,96,8,115"/><T118/><D118/><U75/><E117/><V131/><F119/><W24/><G78/><T56/><D130/><U20/><E75/><V6/><F131/><W7/><G96/><T124/><D29/><U31/><E110/><V16/><F123/><W122/><G107/><T69/><D102/><U11/><E120/><V104/><F73/><W15/><G108/><T126/><D18/><U81/><E92/><V114/><F6/><W10/><G115/><T45/><D90/><N who="1" m="51567" /><E20/><V52/><F135/><W86/><G86/><T129/><D80/><U88/><E88/><N who="2" m="55783" /><F104/><W103/><G103/><N who="2" m="39497" /><F71/><W84/><G84/><T76/><D76/><U5/><E125/><N who="0" m="48233" /><D129/><U46/><E31/><V58/><F114/><W98/><G98/><T82/><D82/><U27/><E132/><V91/><F91/><W41/><G122/><T66/><D134/><U83/><E83/><V116/><F116/><W68/><G68/><T4/><D4/><U49/><E40/><V106/><F106/><W112/><G41/><T89/><D89/><U54/><E42/><V85/><F85/><W13/><G112/><T55/><D69/><U74/><E74/><V1/><F1/><W48/><G48/><N who="0" m="26687" /><D59/><U51/><E51/><N who="2" m="31007" /><F30/><N who="3" m="19535" /><G33/><T21/><D39/><U28/><E28/><AGARI ba="0,0" hai="3,7,8,10,12,13,15,19,22,24,28" m="19535" machi="28" ten="30,8000,1" yaku="35,5" doraHai="109" who="3" fromWho="1" sc="274,0,299,-80,229,0,198,80" /><INIT seed="9,0,0,1,3,124" ten="274,219,229,278" oya="1" hai0="78,64,20,28,100,83,54,76,26,94,66,49,33" hai1="57,72,42,108,55,1,38,132,87,13,5,105,8" hai2="30,130,53,37,93,106,47,88,116,3,9,73,34" hai3="45,89,74,119,19,35,125,95,70,109,29,101,91"/><U131/><E72/><V27/><F106/><W120/><G109/><T90/><D100/><U12/><E105/><V10/><F73/><W43/><G120/><T16/><D94/><U122/><E122/><V40/><F116/><W81/><G70/><T58/><D90/><U36/><E132/><V22/><F3/><W97/><G125/><T14/><REACH who="0" step="1"/><D78/><REACH who="0" ten="264,219,229,278" step="2"/><U98/><E108/><V7/><F88/><W0/><G91/><T113/><D113/><U4/><E131/><V84/><F93/><W51/><G89/><T86/><AGARI ba="0,1" hai="14,16,20,26,28,33,49,54,58,64,66,76,83,86" machi="86" ten="20,5200,0" yaku="1,1,0,1,7,1,54,1,53,0" doraHai="124" doraHaiUra="128" who="0" fromWho="0" sc="264,62,219,-26,229,-13,278,-13" owari="326,42.6,193,-30.7,216,-18.4,265,6.5" /></mjloggm>