<mjloggm ver="2.3"><GO type="169" lobby="0"/><UN n0="%E3%81%B1%E3%83%BC%E3%81%9B%E3%82%93%E3%81%A8%E4%BE%8D" n1="%6E%6F%73%75%6B%65" n2="%E3%81%8B%E3%82%89%E3%81%8F%E3%82%8A" n3="%52%65%63%61%6C%74%71" dan="18,17,17,16" rate="2196.65,2173.89,2158.02,2124.33" sx="M,M,M,M"/><TAIKYOKU oya="0"/><INIT seed="0,0,0,5,3,127" ten="250,250,250,250" oya="0" hai0="36,20,124,68,30,70,5,134,102,12,73,58,89" hai1="104,23,122,61,91,60,85,51,27,115,14,75,88" hai2="78,77,10,98,24,44,125,18,9,38,83,4,7" hai3="108,110,54,97,129,34,22,105,103,120,0,96,35"/><T114/><D114/><U1/><E122/><V46/><F125/><W135/><G120/><T50/><D36/><U67/><E75/><V39/><F24/><W19/><G0/><T49/><D73/><U17/><E1/><V76/><F18/><W13/><G135/><T43/><D102/><U56/><E115/><V72/><F72/><W74/><G74/><T86/><D124/><U94/><E104/><V95/><F83/><W16/><G97/><T121/><D121/><U47/><E61/><V11/><F39/><W6/><G6/><N who="2" m="2089" /><F38/><W37/><G37/><T132/><D5/><U71/><E91/><AGARI ba="0,0" hai="9,10,11,44,46,76,77,78,91,95,98" m="2089" machi="91" ten="30,1000,0" yaku="8,1" doraHai="127" who="2" fromWho="1" sc="250,0,250,-10,250,10,250,0" /><INIT seed="1,0,0,4,2,27" ten="250,240,260,250" oya="1" hai0="91,32,20,57,86,51,0,62,13,50,94,125,104" hai1="80,7,129,14,92,30,5,22,9,18,76,93,117" hai2="112,34,16,60,83,28,87,115,88,79,10,101,103" hai3="15,116,17,58,67,107,98,63,77,45,35,44,69"/><U100/><E129/><V39/><F39/><W111/><G116/><T75/><D0/><U78/><E117/><V4/><F34/><W47/><G111/><T119/><D119/><U12/><E5/><V40/><F40/><W42/><G35/><T127/><D75/><U31/><E78/><V124/><F124/><N who="0" m="47690" /><D104/><U59/><E59/><V72/><F28/><N who="1" m="10793" /><E100/><V46/><F101/><W106/><G77/><T64/><D32/><U128/><E128/><V118/><F103/><W65/><G65/><T133/><D133/><U126/><E126/><V105/><F105/><W38/><G98/><T102/><D102/><U81/><E76/><V113/><F4/><W122/><G122/><T25/><D13/><U110/><E110/><V84/><F118/><W108/><G108/><T55/><D64/><U89/><E93/><N who="2" m="54407" /><F72/><W120/><G120/><T52/><D55/><U130/><E130/><V135/><F135/><W71/><G71/><T37/><D37/><U73/><E73/><V96/><F112/><W43/><G107/><T95/><D94/><U123/><E123/><V85/><F113/><W23/><G106/><T41/><D41/><U131/><E131/><V90/><F115/><W1/><G1/><T2/><D2/><U68/><E68/><V48/><F79/><W70/><G38/><T121/><D121/><U21/><E21/><V8/><F8/><W114/><G114/><T66/><D66/><U134/><E134/><V6/><F10/><W97/><G97/><AGARI ba="0,0" hai="7,9,12,14,18,22,80,81,89,92,97" m="10793" machi="97" ten="30,11600,0" yaku="8,1,52,3" doraHai="27" who="1" fromWho="3" sc="250,0,240,116,260,0,250,-116" /><INIT seed="1,1,0,2,2,102" ten="250,356,260,134" oya="1" hai0="62,104,106,39,61,8,48,36,101,111,80,2,25" hai1="120,86,40,35,63,130,131,127,103,98,125,53,105" hai2="41,21,18,56,90,57,20,9,99,24,47,28,31" hai3="132,110,3,50,114,64,121,13,73,0,72,91,37"/><U119/><E35/><V93/><F9/><W78/><G132/><T71/><D101/><U122/><E40/><V109/><F109/><W49/><G121/><N who="1" m="46698" /><E53/><V6/><F6/><W1/><G91/><T27/><D48/><N who="3" m="18537" /><G110/><T79/><D111/><U115/><E63/><V89/><F41/><W33/><G78/><T34/><D62/><U54/><E54/><V29/><F47/><W66/><G114/><T83/><D83/><U92/><E115/><V42/><F42/><W14/><G33/><T4/><D27/><U85/><E119/><V45/><F45/><W22/><G22/><T133/><D133/><U44/><E44/><V46/><F46/><W7/><G7/><T70/><D80/><U58/><E58/><V52/><F57/><W116/><G116/><T129/><D79/><U117/><E117/><V112/><F112/><W19/><G19/><T84/><D84/><N who="1" m="32363" /><E92/><V76/><F76/><W96/><G96/><T10/><D10/><U12/><E12/><N who="3" m="4714" /><G37/><N who="0" m="14411" /><D61/><U11/><E11/><V5/><F20/><W100/><G100/><T95/><D95/><U88/><E88/><N who="2" m="55719" /><F5/><W126/><G126/><AGARI ba="1,0" hai="98,103,105,125,126,127,130,131" m="32363,46698" machi="126" ten="40,12000,1" yaku="18,1,34,2,52,1" doraHai="102" who="1" fromWho="3" sc="250,0,356,123,260,0,134,-123" /><INIT seed="1,2,0,1,5,61" ten="250,479,260,11" oya="1" hai0="131,55,128,72,81,63,46,40,59,5,39,117,42" hai1="34,3,23,116,37,4,91,12,100,57,52,83,94" hai2="66,107,98,106,70,48,132,7,99,71,122,77,21" hai3="69,17,16,33,96,86,119,67,74,87,62,110,108"/><U123/><E116/><V85/><F122/><W13/><G119/><T120/><D117/><U115/><E123/><V64/><F7/><W2/><G74/><T129/><D120/><U26/><E115/><V11/><F11/><W51/><G2/><T35/><D35/><U78/><E37/><V9/><F9/><W133/><G133/><T41/><REACH who="0" step="1"/><D5/><REACH who="0" ten="240,479,260,11" step="2"/><U24/><E34/><V14/><F132/><W92/><G33/><T38/><D38/><U105/><E4/><V112/><F112/><W82/><G51/><T75/><D75/><U32/><E32/><V44/><F48/><W47/><G47/><T124/><D124/><U84/><E3/><V0/><F44/><W56/><G69/><T6/><D6/><U1/><E1/><V109/><F71/><W101/><G87/><T73/><D73/><U10/><E84/><V127/><F70/><W121/><G121/><T30/><D30/><U135/><E135/><V95/><F127/><W27/><G27/><T130/><N who="0" m="32768" /><DORA hai="118" /><T29/><D29/><U88/><E26/><V103/><F0/><W114/><G114/><T89/><D89/><U76/><E88/><V68/><F68/><W93/><G93/><T104/><D104/><U49/><E94/><V126/><F126/><W45/><G45/><T97/><D97/><U125/><E105/><V53/><F107/><W113/><G113/><T90/><D90/><U134/><E91/><V18/><F106/><W43/><G43/><T50/><D50/><U22/><E49/><V80/><F99/><W58/><G58/><T31/><D31/><U111/><E125/><RYUUKYOKU ba="2,1" sc="240,30,479,-10,260,-10,11,-10" hai0="39,40,41,42,46,55,59,63,72,81" /><INIT seed="2,3,1,2,1,52" ten="270,469,250,1" oya="2" hai0="89,47,97,71,100,129,94,74,69,117,29,26,110" hai1="8,58,79,114,51,23,96,18,60,83,57,67,35" hai2="10,50,53,118,6,109,33,106,132,73,15,112,76" hai3="134,14,80,130,7,119,25,111,4,107,63,3,45"/><V81/><F118/><W93/><G107/><T20/><D74/><U99/><E35/><V131/><F112/><W41/><G119/><T11/><D117/><U5/><E114/><V24/><F131/><W65/><G134/><T124/><D129/><U125/><E125/><V133/><F106/><W54/><G130/><T13/><D110/><U30/><E30/><V36/><F36/><W2/><G111/><T62/><D124/><U86/><E8/><V127/><F127/><W78/><G93/><T31/><D31/><U128/><E5/><V0/><F109/><W75/><G54/><T66/><D47/><U37/><E37/><V22/><F33/><W70/><G25/><T115/><D115/><U122/><E122/><V42/><F42/><W44/><G14/><T84/><D71/><U9/><E9/><V98/><F98/><W21/><G21/><T34/><D20/><U95/><E95/><V16/><REACH who="2" step="1"/><F0/><REACH who="2" ten="270,469,240,1" step="2"/><W46/><G3/><T17/><REACH who="0" step="1"/><D100/><REACH who="0" ten="260,469,240,1" step="2"/><U40/><E128/><V68/><F68/><W64/><G64/><T72/><D72/><U27/><E67/><V12/><F12/><W38/><G4/><T87/><AGARI ba="3,3" hai="11,13,17,26,29,34,62,66,69,84,87,89,94,97" machi="87" ten="30,2000,0" yaku="1,1,0,1,53,0" doraHai="52" doraHaiUra="77" who="0" fromWho="0" sc="260,59,469,-8,240,-13,1,-8" owari="319,11.9,461,56.1,227,-17.3,-7,-50.7" /></mjloggm>