<mjloggm ver="2.3"><GO type="169" lobby="0"/><UN n0="%E9%87%A3%E3%82%8A%E6%97%A5%E5%92%8C" n1="%E3%83%A9%E3%82%A4%E3%82%AA%E3%82%B9" n2="%65%6B%61%72%75%74%65" n3="%42%65%6E%63%68%69%6E%67" dan="18,16,16,16" rate="2209.99,2076.90,2179.37,2206.82" sx="M,M,M,M"/><TAIKYOKU oya="0"/><INIT seed="0,0,0,2,1,124" ten="250,250,250,250" oya="0" hai0="111,70,103,1,98,87,42,17,56,132,16,121,92" hai1="68,114,85,126,38,112,62,135,47,63,24,94,134" hai2="12,115,59,91,11,81,2,89,43,52,67,107,31" hai3="65,104,32,110,77,86,50,25,37,60,5,20,129"/><T75/><D75/><U123/><E126/><V54/><F115/><N who="1" m="44073" /><E24/><V96/><F2/><W99/><G37/><T27/><D70/><U26/><E26/><V69/><F31/><W72/><G5/><T128/><D121/><U74/><E74/><V88/><F43/><W80/><G50/><T125/><D125/><U35/><E35/><V4/><F69/><N who="3" m="42151" /><G86/><T8/><D132/><N who="1" m="50731" /><E85/><N who="2" m="50223" /><F107/><W49/><G49/><T82/><D111/><U3/><E94/><N who="2" m="56399" /><F91/><W34/><G20/><T39/><D8/><U66/><E3/><V105/><F105/><W109/><G34/><T102/><D1/><U0/><E0/><V133/><F133/><W71/><G71/><T131/><D103/><U18/><E18/><V108/><F108/><N who="3" m="41579" /><G99/><T6/><D6/><U41/><E62/><AGARI ba="0,0" hai="4,11,12,52,54,59,62,67" m="56399,50223" machi="62" ten="30,3900,0" yaku="8,1,54,2" doraHai="124" who="2" fromWho="1" sc="250,0,250,-39,250,39,250,0" /><INIT seed="1,0,0,4,1,21" ten="250,211,289,250" oya="1" hai0="9,127,49,109,57,52,7,31,66,38,23,13,100" hai1="74,103,94,34,63,120,47,61,58,86,132,128,43" hai2="88,4,20,8,32,39,45,83,93,130,68,125,135" hai3="70,59,14,77,72,29,28,37,30,71,111,117,129"/><U105/><E120/><V119/><F119/><W104/><G111/><T110/><D38/><U114/><E34/><V124/><F32/><W54/><G117/><T16/><D127/><N who="2" m="48714" /><F68/><W0/><G0/><T112/><D112/><U96/><E114/><V75/><F130/><W36/><G104/><T55/><D31/><U134/><E128/><V87/><F135/><N who="1" m="51753" /><E74/><V62/><F62/><W73/><G14/><T67/><D100/><U80/><E58/><V17/><F45/><W118/><G118/><T53/><D49/><N who="1" m="26879" /><E105/><V41/><F41/><W50/><G129/><T115/><D115/><U126/><E126/><V60/><F60/><W69/><REACH who="3" step="1"/><G77/><AGARI ba="0,0" hai="61,63,77,80,86,94,96,103" m="26879,51753" machi="77" ten="30,1500,0" yaku="20,1" doraHai="21" who="1" fromWho="3" sc="250,0,211,15,289,0,250,-15" /><INIT seed="1,1,0,4,0,135" ten="250,226,289,235" oya="1" hai0="36,101,56,70,59,124,52,100,111,120,26,55,18" hai1="131,130,116,86,14,17,121,3,74,35,81,95,94" hai2="132,90,119,33,114,82,134,85,43,89,12,41,73" hai3="15,46,62,21,117,87,1,9,19,106,4,27,13"/><U133/><E116/><V39/><F119/><W88/><G106/><T64/><D36/><U102/><E3/><V110/><F110/><W54/><G117/><T50/><D111/><U32/><E133/><N who="2" m="51307" /><F114/><W16/><G62/><T28/><D120/><U20/><E74/><V71/><F33/><W67/><G67/><T76/><D76/><U92/><E121/><V118/><F73/><W96/><G96/><T112/><D112/><U29/><E102/><V47/><F71/><W40/><G54/><T78/><D78/><U108/><E108/><V8/><F43/><W77/><G77/><T11/><D64/><U6/><E6/><N who="2" m="3095" /><F118/><W48/><REACH who="3" step="1"/><G19/><REACH who="3" ten="250,226,289,225" step="2"/><T104/><D104/><U105/><E105/><V7/><F7/><W109/><G109/><T79/><D79/><AGARI ba="1,1" hai="39,41,47,79,82,85,89,90" m="3095,51307" machi="79" ten="30,1000,0" yaku="20,1" doraHai="135" who="2" fromWho="0" sc="250,-13,226,0,289,23,225,0" /><INIT seed="2,0,0,0,0,132" ten="237,226,312,225" oya="2" hai0="51,54,20,71,126,21,109,52,1,4,77,2,100" hai1="10,61,119,63,72,110,108,79,64,37,22,16,95" hai2="19,0,7,27,12,85,17,104,121,49,43,129,45" hai3="6,135,120,122,97,8,80,42,24,90,99,78,13"/><V68/><F121/><W94/><G135/><T124/><D71/><U92/><E37/><V81/><F129/><W23/><G97/><T65/><D65/><U111/><E119/><V83/><F68/><W117/><G117/><T47/><D109/><U25/><E61/><V50/><F104/><W82/><G42/><T73/><D100/><U28/><E72/><V125/><F0/><W75/><REACH who="3" step="1"/><G80/><REACH who="3" ten="237,226,312,215" step="2"/><T93/><D93/><U34/><E111/><V40/><F81/><W118/><G118/><T62/><D1/><U89/><E110/><V30/><F43/><W18/><AGARI ba="0,1" hai="6,8,13,18,23,24,75,78,82,90,94,99,120,122" machi="18" ten="20,2700,0" yaku="1,1,0,1,7,1,53,0" doraHai="132" doraHaiUra="133" who="3" fromWho="3" sc="237,-7,226,-7,312,-13,215,37" /><INIT seed="3,0,0,0,0,124" ten="230,219,299,252" oya="3" hai0="44,59,85,117,119,135,82,11,106,39,29,86,101" hai1="68,40,127,2,14,69,104,61,48,98,7,27,107" hai2="97,129,13,72,58,84,45,23,91,6,9,108,5" hai3="30,128,118,60,73,52,90,133,109,115,92,25,47"/><W64/><G118/><T24/><D135/><U75/><E127/><V131/><F108/><W53/><G115/><T41/><D85/><U57/><E75/><V49/><F72/><W33/><G133/><T120/><D120/><U114/><E2/><V132/><F132/><W130/><G73/><T122/><D122/><U125/><E114/><V62/><F97/><W20/><G33/><T35/><D106/><U17/><E125/><V66/><F23/><W79/><G79/><T111/><D101/><U89/><E7/><V102/><F102/><W28/><G28/><T77/><D111/><U55/><E107/><V74/><F6/><W1/><G1/><T22/><D11/><U15/><E69/><V18/><F5/><W36/><G36/><T43/><D43/><U65/><E40/><V12/><F12/><W95/><G95/><T123/><D123/><U96/><E96/><V93/><REACH who="2" step="1"/><F74/><REACH who="2" ten="230,219,289,252" step="2"/><W51/><G109/><T46/><D35/><U42/><E14/><V87/><F87/><W10/><G10/><T105/><D86/><U80/><E15/><V4/><F4/><W38/><G38/><T50/><D39/><U126/><E98/><V31/><F31/><W37/><G37/><T78/><D22/><U71/><E17/><V76/><F76/><W134/><G134/><T88/><D77/><U26/><E26/><V100/><F100/><W121/><G121/><T83/><D24/><U34/><E27/><V113/><F113/><W8/><G8/><T3/><D78/><U116/><E34/><V81/><F81/><W63/><G20/><T112/><D112/><RYUUKYOKU ba="0,1" sc="230,-10,219,-10,289,30,252,-10" hai2="9,13,18,45,49,58,62,66,84,91,93,129,131" /><INIT seed="4,1,1,4,3,56" ten="220,209,319,242" oya="0" hai0="62,125,84,127,63,54,49,133,131,53,6,134,51" hai1="96,117,94,23,112,20,80,107,69,124,22,76,13" hai2="33,123,2,115,58,12,11,105,68,64,48,113,38" hai3="24,43,47,8,74,88,26,50,75,119,3,129,65"/><T77/><D6/><U0/><E117/><V59/><F123/><W32/><G119/><T132/><D84/><U92/><E69/><V9/><F105/><W19/><G129/><T102/><D102/><U73/><E0/><V126/><F38/><W120/><G120/><T122/><D77/><U67/><E124/><N who="0" m="47689" /><D122/><U97/><E67/><V90/><F33/><W25/><G32/><T85/><D85/><U44/><E44/><V16/><F68/><W103/><G103/><T61/><D131/><U52/><E107/><V135/><F59/><W98/><G3/><T70/><D70/><U83/><E112/><V89/><F135/><W46/><G65/><T86/><D86/><U30/><E30/><V87/><F126/><W82/><G82/><T31/><D31/><U15/><E73/><V27/><F64/><W1/><G1/><T116/><D116/><U110/><E110/><V114/><F87/><W106/><G106/><T66/><D66/><U21/><E21/><N who="2" m="13735" /><F2/><W78/><G78/><T128/><D128/><U55/><E23/><V121/><F121/><W34/><G34/><T41/><D41/><U40/><E76/><V111/><F111/><W95/><G74/><T17/><D17/><U101/><E101/><V36/><F11/><W7/><G75/><T79/><D79/><U93/><E93/><V99/><F9/><W37/><G7/><T91/><D91/><U104/><E104/><V5/><F5/><W45/><G37/><T10/><D10/><U118/><E118/><V130/><F130/><W60/><G8/><T109/><D109/><U28/><E40/><RYUUKYOKU ba="1,1" sc="220,15,209,15,319,-15,242,-15" hai0="49,51,53,54,61,62,63,132,133,134" hai1="13,15,20,22,28,52,55,80,83,92,94,96,97" /><INIT seed="4,2,1,5,2,112" ten="235,224,304,227" oya="0" hai0="63,64,82,126,56,14,26,68,7,11,50,70,129" hai1="110,98,101,93,19,84,65,55,83,15,18,116,13" hai2="94,33,115,3,59,24,88,96,119,46,40,31,20" hai3="16,17,105,107,12,2,120,35,128,77,75,117,53"/><T91/><D129/><U99/><E110/><V34/><F115/><W131/><G2/><T111/><D126/><U25/><E65/><V30/><F3/><W41/><G35/><T28/><D111/><U60/><E99/><V44/><F119/><W89/><G120/><T6/><D6/><U133/><E133/><V67/><F34/><W54/><G41/><T9/><D9/><U87/><E116/><V45/><F33/><W8/><G89/><T114/><D114/><U71/><E71/><V79/><F79/><W43/><G43/><T121/><D121/><U104/><E104/><V124/><F124/><W80/><G117/><T62/><D50/><U51/><E60/><V73/><F73/><W97/><G17/><T36/><D36/><U78/><E87/><V90/><F31/><W5/><G5/><T72/><D63/><U135/><E135/><V134/><F134/><W29/><G29/><T47/><D47/><U0/><E0/><V57/><F67/><W86/><G75/><T108/><D108/><U38/><E38/><V106/><F106/><W52/><REACH who="3" step="1"/><G97/><REACH who="3" ten="235,224,304,217" step="2"/><T1/><D1/><U118/><E118/><V42/><F90/><W66/><G66/><T74/><D74/><U102/><E18/><V58/><AGARI ba="2,2" hai="20,24,30,40,42,44,45,46,57,58,59,88,94,96" machi="58" ten="30,4000,0" yaku="0,1,8,1,54,1" doraHai="112" who="2" fromWho="2" sc="235,-22,224,-12,304,66,217,-12" /><INIT seed="5,0,0,4,1,16" ten="213,212,370,205" oya="1" hai0="118,12,0,89,13,46,76,30,125,130,66,132,20" hai1="15,98,11,113,104,83,103,28,38,34,126,17,64" hai2="120,48,84,127,9,99,105,121,95,42,52,107,31" hai3="55,68,63,47,129,19,44,122,81,29,109,53,69"/><U78/><E38/><V134/><F42/><W57/><G29/><T67/><D118/><U85/><E113/><V21/><F107/><W3/><G3/><T37/><D0/><U7/><E126/><V6/><F105/><W119/><G122/><T50/><D37/><U41/><E41/><V22/><F134/><W14/><G109/><T82/><D125/><U59/><E34/><V36/><F36/><W49/><G129/><T26/><D132/><U108/><E108/><V135/><F135/><W101/><G119/><T88/><D130/><U124/><E124/><V100/><F127/><W110/><G110/><T65/><D12/><U117/><E28/><V5/><F5/><W86/><G101/><T77/><D13/><U80/><E80/><V27/><F84/><W102/><G102/><T93/><D82/><U74/><E117/><V79/><F79/><N who="0" m="30282" /><D93/><U23/><E74/><V90/><F100/><W92/><G92/><T71/><D71/><U116/><E116/><V2/><REACH who="2" step="1"/><F22/><REACH who="2" ten="213,212,360,205" step="2"/><N who="3" m="11639" /><G68/><T18/><D18/><U10/><REACH who="1" step="1"/><E7/><REACH who="1" ten="213,202,360,205" step="2"/><V91/><F91/><N who="3" m="51663" /><G69/><T123/><D123/><U35/><E35/><V106/><F106/><W33/><G33/><T87/><D87/><U97/><E97/><V131/><F131/><W114/><G114/><T1/><D89/><U96/><E96/><V54/><F54/><W56/><AGARI ba="0,2" hai="44,47,49,53,55,56,57,63" m="51663,11639" machi="56" ten="30,2000,0" yaku="8,1,52,1" doraHai="16" who="3" fromWho="3" sc="213,-5,202,-10,360,-5,205,40" /><INIT seed="6,0,0,1,0,44" ten="208,192,355,245" oya="2" hai0="106,133,14,102,126,96,30,15,131,24,123,59,97" hai1="120,90,95,31,119,8,52,50,132,61,33,105,115" hai2="124,63,122,46,84,49,69,88,28,42,60,121,57" hai3="58,48,0,86,35,38,130,103,7,67,77,129,99"/><V5/><F124/><W3/><G38/><T27/><D123/><U56/><E119/><V107/><F107/><W43/><G35/><T10/><D126/><U72/><E105/><V12/><F28/><W87/><G67/><T113/><D113/><U127/><E127/><V134/><F134/><W45/><G58/><T17/><D133/><U18/><E132/><V83/><F69/><W6/><G6/><T114/><D114/><U104/><E120/><V40/><F40/><W11/><G0/><T135/><D135/><U118/><E104/><V117/><F117/><W71/><G71/><T128/><D97/><N who="1" m="57591" /><E72/><V78/><F63/><W37/><G37/><T108/><D108/><U100/><E118/><V74/><F12/><W55/><G43/><T16/><D59/><U29/><E33/><V1/><F5/><W75/><G75/><T53/><D53/><N who="1" m="33935" /><E100/><V91/><F1/><W41/><G41/><T76/><D76/><U34/><E34/><V82/><F91/><W4/><G77/><T19/><D19/><U89/><E89/><V51/><REACH who="2" step="1"/><F49/><REACH who="2" ten="208,192,345,245" step="2"/><W26/><G4/><T47/><D30/><U81/><E115/><V22/><F22/><W111/><G111/><T73/><D106/><U70/><E70/><V110/><F110/><W36/><G36/><T85/><D10/><U32/><E32/><V9/><F9/><W21/><G21/><T66/><D17/><U13/><E81/><V2/><F2/><W68/><G68/><T79/><D16/><U92/><E92/><V93/><F93/><N who="3" m="58863" /><G26/><T62/><D27/><U112/><E112/><V98/><F98/><RYUUKYOKU ba="0,1" sc="208,-30,192,10,345,10,245,10" hai1="8,13,18,29,31,50,52" hai2="42,46,51,57,60,74,78,82,83,84,88,121,122" hai3="3,7,11,45,48,55,86,87,129,130" /><INIT seed="6,1,1,0,4,35" ten="178,202,355,255" oya="2" hai0="114,130,91,27,41,62,120,117,98,33,49,133,113" hai1="72,22,74,81,109,95,40,121,73,104,101,37,54" hai2="5,43,78,10,0,58,39,132,76,107,9,24,55" hai3="47,110,106,23,71,75,11,93,56,77,118,29,26"/><V85/><F107/><W97/><G71/><T94/><D120/><U63/><E109/><V60/><F132/><W48/><G106/><T125/><D133/><U6/><E104/><V123/><F123/><W25/><G118/><T31/><D117/><U102/><E37/><V59/><F39/><W128/><G128/><T135/><D135/><U18/><E40/><V51/><F24/><W87/><G75/><T124/><D62/><U90/><E121/><V122/><F122/><W2/><G56/><T70/><D70/><U45/><E6/><V13/><F85/><W79/><G25/><T66/><D66/><U82/><E102/><V126/><F126/><N who="0" m="48746" /><D130/><U36/><E36/><V64/><REACH who="2" step="1"/><F43/><REACH who="2" ten="178,202,345,255" step="2"/><W17/><G87/><T111/><D111/><U46/><E74/><V92/><F92/><W32/><G110/><T105/><D105/><U7/><E73/><V108/><F108/><W8/><G93/><T134/><D134/><U80/><E72/><V100/><F100/><W129/><G129/><T61/><D41/><U3/><E101/><V19/><AGARI ba="1,2" hai="0,5,9,10,13,19,51,55,58,59,60,64,76,78" machi="19" ten="20,12000,1" yaku="1,1,0,1,7,1,52,1,53,1" doraHai="35" doraHaiUra="50" who="2" fromWho="2" sc="178,-41,202,-41,345,143,255,-41" /><INIT seed="6,2,0,2,0,91" ten="137,161,488,214" oya="2" hai0="14,39,128,123,117,56,54,85,129,24,105,100,12" hai1="28,53,61,52,4,134,67,57,5,11,68,108,96" hai2="27,7,111,119,94,66,65,63,10,55,93,18,25" hai3="64,37,23,36,0,49,81,40,59,121,110,84,26"/><V2/><F119/><W47/><G0/><T109/><D109/><U126/><E108/><V72/><F111/><W51/><G121/><T60/><D123/><U130/><E134/><V127/><F72/><W33/><G33/><T115/><D39/><U99/><E126/><V17/><F127/><W124/><G124/><T70/><D117/><U22/><E130/><V62/><F55/><W135/><G135/><T29/><D115/><U106/><E106/><V41/><F41/><W98/><G98/><T3/><D3/><U43/><E43/><V113/><F2/><W69/><G69/><T87/><D70/><U112/><E112/><V80/><F113/><W30/><G110/><T122/><D122/><U76/><E76/><V13/><F80/><W44/><G64/><T132/><D132/><U58/><E68/><V77/><F77/><W103/><G59/><T19/><D12/><U34/><E34/><V114/><F13/><W90/><G103/><T20/><D105/><U95/><E58/><V50/><F50/><W6/><G6/><N who="1" m="2666" /><E99/><V102/><F7/><W101/><G101/><T21/><REACH who="0" step="1"/><D100/><REACH who="0" ten="127,161,488,214" step="2"/><N who="1" m="60447" /><E11/><V131/><F10/><W9/><G9/><T15/><D15/><U16/><E28/><V45/><F102/><W118/><G118/><T73/><D73/><U75/><E75/><V46/><F114/><W120/><G120/><T133/><D133/><U97/><E97/><V35/><F35/><W32/><G32/><T86/><AGARI ba="2,1" hai="14,19,20,21,24,29,54,56,60,85,86,87,128,129" machi="86" ten="30,2000,0" yaku="1,1,0,1,53,0" doraHai="91" doraHaiUra="116" who="0" fromWho="0" sc="127,36,161,-7,488,-12,214,-7" /><INIT seed="7,0,0,5,5,90" ten="163,154,476,207" oya="3" hai0="7,13,27,46,108,79,11,57,20,36,81,97,103" hai1="125,38,52,99,9,22,60,5,37,64,77,102,3" hai2="131,101,124,35,95,86,78,92,43,104,0,19,120" hai3="49,80,31,76,10,24,132,117,23,111,96,67,75"/><W30/><G49/><T55/><D108/><U134/><E125/><V71/><F35/><W40/><G10/><T18/><D36/><U119/><E119/><V44/><F0/><W4/><G23/><T126/><D126/><U29/><E134/><V129/><F71/><W26/><G26/><T61/><D46/><U128/><E128/><V54/><F120/><W118/><G30/><T34/><D34/><U116/><E116/><V121/><F121/><W53/><G53/><T70/><D70/><U32/><E77/><V112/><F19/><W109/><G24/><T42/><D42/><U15/><E52/><V135/><F44/><W73/><G31/><T105/><D81/><U83/><E83/><V58/><F129/><W107/><G80/><T110/><D79/><U1/><E1/><V48/><F78/><W12/><G40/><T62/><D110/><U14/><E14/><V122/><F48/><AGARI ba="0,0" hai="7,11,13,18,20,27,48,55,57,61,62,97,103,105" machi="48" ten="30,1000,0" yaku="7,1" doraHai="90" who="0" fromWho="2" sc="163,10,154,0,476,-10,207,0" owari="173,-22.7,154,-34.6,466,56.6,207,0.7" /></mjloggm>