<mjloggm ver="2.3"><GO type="169" lobby="0"/><UN n0="%52%59%4F%40%53%53" n1="%E7%94%9F%E3%81%97%E3%82%89%E3%81%99" n2="%E3%81%A1%E3%82%83%E3%82%93%E3%81%86%E3%82%81" n3="%43%6F%66%66%65%65" dan="17,16,16,16" rate="2208.11,2117.70,2108.35,2077.94" sx="M,M,M,F"/><TAIKYOKU oya="0"/><INIT seed="0,0,0,0,2,51" ten="250,250,250,250" oya="0" hai0="130,18,49,41,3,53,36,102,77,107,106,10,43" hai1="128,31,79,105,27,112,135,56,117,101,62,74,29" hai2="72,57,132,20,37,92,95,59,32,100,103,61,58" hai3="97,89,131,87,85,9,52,91,39,48,6,86,104"/><T15/><D130/><U7/><E117/><V11/><F32/><W121/><G39/><T19/><D77/><U64/><E128/><V80/><F37/><W26/><G131/><T119/><D119/><U67/><E135/><V17/><F132/><W81/><G121/><T14/><D3/><U8/><E112/><V0/><F61/><W21/><G104/><T82/><D82/><U46/><E46/><V129/><F129/><W23/><G97/><T54/><D36/><U78/><E67/><V63/><F63/><W108/><G108/><T45/><D102/><U123/><E123/><V125/><F125/><W5/><G23/><T114/><D114/><U118/><E74/><V70/><F70/><W122/><G122/><T44/><D49/><U47/><E47/><V38/><F38/><W16/><G9/><AGARI ba="0,0" hai="9,10,14,15,18,19,41,43,44,45,53,54,106,107" machi="9" ten="25,9600,0" yaku="22,2,52,2" doraHai="51" who="0" fromWho="3" sc="250,96,250,0,250,0,250,-96" /><INIT seed="0,1,0,1,3,7" ten="346,250,250,154" oya="0" hai0="130,33,32,79,100,110,52,59,70,35,73,119,71" hai1="106,41,20,93,85,122,86,63,9,39,97,96,25" hai2="84,109,30,135,48,64,129,81,95,123,6,62,67" hai3="42,124,46,131,38,89,125,26,111,69,66,60,98"/><T80/><D119/><U83/><E122/><V121/><F109/><W0/><G0/><T50/><D110/><U132/><E132/><V68/><F135/><W74/><G111/><T10/><D130/><U82/><E106/><V15/><F129/><W29/><G131/><T128/><D128/><U88/><E39/><V34/><F67/><W116/><G116/><T72/><D72/><U40/><E63/><V31/><F95/><W57/><G74/><T18/><REACH who="0" step="1"/><D100/><REACH who="0" ten="336,250,250,154" step="2"/><U101/><E97/><V113/><F123/><W56/><G98/><T47/><D47/><U53/><E53/><V22/><F121/><W36/><G46/><T23/><D23/><U37/><E37/><V11/><F22/><W55/><G38/><T117/><D117/><U92/><E20/><V45/><F113/><W24/><G36/><T51/><D51/><U99/><E25/><V61/><F34/><W8/><G26/><T5/><D5/><U1/><E40/><V107/><F62/><W77/><G42/><T87/><D87/><U76/><E41/><V21/><F21/><W134/><G24/><T102/><D102/><N who="1" m="60679" /><E1/><V75/><F75/><W112/><G55/><T3/><D3/><U44/><E44/><V2/><F2/><W13/><G60/><T103/><D103/><U28/><E28/><V108/><F108/><W43/><G29/><T114/><D114/><U91/><E9/><V78/><REACH who="2" step="1"/><F107/><REACH who="2" ten="336,250,240,154" step="2"/><W127/><G112/><T105/><D105/><U90/><AGARI ba="1,2" hai="76,82,83,85,86,88,90,91,93,99,101" m="60679" machi="90" ten="30,12000,2" yaku="8,1,35,5,54,1" doraHai="7" who="1" fromWho="1" sc="336,-61,250,143,240,-31,154,-31" /><INIT seed="1,0,0,2,0,62" ten="275,393,209,123" oya="1" hai0="95,101,71,125,65,69,0,46,63,21,73,130,36" hai1="119,1,38,99,9,82,113,24,103,33,54,37,76" hai2="98,90,3,27,56,89,114,48,66,134,108,124,35" hai3="23,44,34,64,100,53,28,40,47,85,129,93,86"/><U106/><E113/><V107/><F3/><W74/><G74/><T109/><D0/><U75/><E54/><V79/><F114/><W127/><G34/><T17/><D73/><U10/><E10/><V2/><F2/><W42/><G129/><T72/><D72/><U16/><E119/><V123/><F123/><W19/><G28/><T32/><D32/><U58/><E58/><V132/><F79/><W30/><G30/><T60/><D125/><U67/><E67/><V91/><F108/><W31/><G31/><T104/><D109/><U26/><E26/><V122/><F122/><W80/><G127/><T29/><D104/><U39/><E16/><V83/><F27/><W61/><G53/><T49/><D36/><U43/><E24/><V6/><F6/><W55/><G55/><T110/><D29/><U94/><E94/><V25/><F25/><N who="3" m="14591" /><G40/><T59/><D63/><U112/><E112/><V5/><F5/><W96/><G42/><T13/><D130/><U84/><E84/><N who="3" m="32362" /><G80/><T120/><D120/><U115/><E115/><V41/><F83/><W20/><G20/><T133/><D110/><U18/><E18/><V116/><F35/><W126/><G126/><T50/><D21/><U14/><E33/><V22/><F22/><W15/><G15/><T78/><D13/><U45/><E14/><V87/><F41/><W105/><G105/><T52/><D17/><U81/><E81/><V11/><F107/><W57/><AGARI ba="0,0" hai="44,47,57,61,64,93,96,100" m="32362,14591" machi="57" ten="30,2000,0" yaku="8,1,52,1" doraHai="62" who="3" fromWho="3" sc="275,-5,393,-10,209,-5,123,20" /><INIT seed="2,0,0,4,5,30" ten="270,383,204,143" oya="2" hai0="0,53,55,85,16,19,54,20,9,79,13,47,71" hai1="37,113,65,27,31,97,126,69,121,119,42,109,99" hai2="110,62,34,106,125,131,112,91,60,58,98,40,111" hai3="76,80,39,128,108,100,11,12,66,88,7,63,72"/><V117/><F112/><W94/><G108/><N who="2" m="41513" /><F117/><W36/><G100/><T6/><D71/><U18/><E109/><V96/><F131/><W50/><G50/><T59/><D47/><U103/><E126/><V26/><F125/><W4/><G4/><T49/><D79/><U130/><E121/><V5/><F5/><W28/><G28/><T93/><D19/><U3/><E18/><V10/><F10/><W46/><G46/><T115/><D115/><U25/><E119/><V75/><F75/><W2/><G2/><T1/><D0/><U95/><E130/><V116/><F116/><W8/><G8/><T35/><D35/><U52/><E3/><V23/><F40/><W24/><G24/><T33/><D33/><U134/><E42/><V129/><F129/><W17/><G7/><T45/><D45/><U89/><E31/><N who="2" m="19831" /><F23/><W70/><REACH who="3" step="1"/><G128/><REACH who="3" ten="270,383,204,133" step="2"/><T56/><D49/><U64/><E27/><V29/><F29/><W101/><G101/><T22/><D22/><U133/><E25/><V74/><F62/><W135/><G135/><T104/><D104/><U122/><E133/><V41/><F106/><W44/><G44/><T120/><D120/><U124/><E134/><V105/><F41/><W132/><G132/><T51/><D51/><U92/><E122/><V21/><F105/><W123/><G123/><T15/><D1/><U73/><E103/><V77/><F21/><W102/><G102/><T68/><D6/><U78/><E124/><V48/><F48/><W43/><G43/><T82/><D9/><U87/><E113/><V107/><F107/><W81/><G81/><RYUUKYOKU ba="0,1" sc="270,-10,383,-10,204,-10,133,30" hai3="11,12,17,36,39,63,66,70,72,76,80,88,94" /><INIT seed="3,1,1,5,1,122" ten="260,373,194,163" oya="3" hai0="101,12,111,38,14,31,75,18,9,94,114,91,74" hai1="73,70,77,88,15,134,89,50,19,45,76,58,8" hai2="86,47,116,119,112,92,69,102,117,135,24,51,28" hai3="130,84,41,131,1,55,125,46,7,13,123,62,129"/><W0/><G123/><T2/><D114/><U25/><E134/><V27/><F112/><W104/><G104/><T83/><D2/><U79/><E70/><V95/><F69/><W124/><G84/><T67/><D38/><U97/><E58/><V120/><F120/><W34/><G34/><T64/><D31/><U82/><E25/><V5/><F135/><W108/><G13/><T98/><D75/><U35/><E35/><V4/><F86/><W115/><G115/><T71/><D71/><U57/><E57/><V30/><F51/><W72/><G72/><T29/><D29/><N who="2" m="11370" /><F47/><W32/><G32/><T106/><D14/><U56/><E56/><V132/><F102/><W126/><G7/><N who="2" m="2633" /><F132/><W22/><G22/><T10/><D10/><U127/><E127/><V80/><F80/><W36/><G62/><T54/><D74/><U65/><E65/><V17/><F17/><W44/><REACH who="3" step="1"/><G108/><REACH who="3" ten="260,373,194,153" step="2"/><T20/><D111/><U96/><E73/><V63/><F63/><W21/><G21/><T48/><D20/><U81/><E96/><V118/><F118/><W11/><G11/><T103/><D106/><U90/><E97/><V60/><F60/><W49/><AGARI ba="1,2" hai="0,1,36,41,44,46,49,55,124,125,126,129,130,131" machi="49" ten="40,12000,1" yaku="1,1,0,1,18,1,19,1,53,0" doraHai="122" doraHaiUra="59" who="3" fromWho="3" sc="260,-41,373,-41,194,-41,153,143" /><INIT seed="3,2,0,3,2,133" ten="219,332,153,296" oya="3" hai0="55,63,93,60,42,108,37,103,119,126,21,13,10" hai1="12,3,26,109,28,90,118,51,38,31,113,83,46" hai2="61,78,101,81,53,22,105,114,106,11,80,45,115" hai3="94,48,102,15,58,82,110,111,33,40,89,134,131"/><W29/><G131/><T71/><D119/><U59/><E113/><V95/><F11/><W7/><G134/><T123/><D123/><U64/><E3/><V130/><F22/><W39/><G39/><T70/><D108/><N who="3" m="41513" /><G29/><T76/><D76/><U112/><E112/><V18/><F130/><W116/><G33/><T25/><D42/><U66/><E118/><V36/><F36/><W88/><G116/><T43/><D43/><U74/><E74/><V65/><F106/><W47/><G82/><T67/><D37/><U14/><E38/><V132/><F105/><W99/><G58/><T73/><D73/><U24/><E59/><V69/><F81/><W34/><G34/><T1/><D1/><U16/><E83/><V19/><F132/><W127/><G127/><T96/><D126/><U57/><E57/><V98/><F115/><W5/><G15/><T125/><D125/><U97/><E28/><V72/><F114/><W32/><G32/><T75/><D75/><U128/><E31/><V62/><F45/><W77/><G77/><T84/><D71/><U41/><E14/><V2/><F2/><W121/><G121/><T4/><D70/><U35/><E35/><V135/><F135/><W50/><G48/><T68/><D68/><U100/><E128/><V52/><REACH who="2" step="1"/><F62/><REACH who="2" ten="219,332,143,296" step="2"/><W0/><G0/><T120/><D63/><U30/><E109/><V124/><F124/><W23/><G23/><T17/><D120/><U6/><E46/><V49/><F49/><W8/><G8/><T87/><D60/><U117/><E51/><V27/><F27/><W56/><G56/><RYUUKYOKU ba="2,1" sc="219,-15,332,-15,143,15,296,15" hai2="18,19,52,53,61,65,69,72,78,80,95,98,101" hai3="5,7,40,47,50,88,89,94,99,102" /><INIT seed="3,3,1,0,0,33" ten="204,317,158,311" oya="3" hai0="112,134,3,122,63,77,42,56,94,117,81,98,78" hai1="59,51,128,89,100,45,106,28,20,44,39,65,135" hai2="91,37,103,114,111,104,30,101,124,92,54,107,125" hai3="80,93,8,79,40,1,82,47,11,102,121,90,60"/><W52/><G121/><T75/><D122/><U85/><E128/><V53/><F37/><W67/><G102/><N who="2" m="38921" /><F30/><W25/><G25/><T16/><D117/><U29/><E135/><V49/><F53/><W74/><G82/><T13/><D134/><U108/><E39/><V18/><F18/><W7/><G11/><T132/><D132/><U66/><E108/><V34/><F34/><W130/><G130/><T105/><D105/><N who="2" m="40522" /><F54/><W5/><G5/><T69/><D78/><U6/><E6/><V46/><F49/><W116/><G116/><T4/><D112/><U131/><E131/><V113/><F46/><W70/><G52/><T2/><D69/><U64/><E59/><V14/><F14/><W41/><REACH who="3" step="1"/><G47/><REACH who="3" ten="204,317,158,301" step="2"/><T0/><D4/><U23/><E100/><V96/><F111/><W99/><AGARI ba="3,2" hai="1,7,8,40,41,60,67,70,74,79,80,90,93,99" machi="99" ten="20,18000,2" yaku="1,1,2,1,0,1,7,1,52,1,53,1" doraHai="33" doraHaiUra="95" who="3" fromWho="3" sc="204,-63,317,-63,158,-63,301,209" /><INIT seed="3,4,0,4,0,13" ten="141,254,95,510" oya="3" hai0="123,35,6,112,121,97,108,93,88,102,16,73,86" hai1="124,49,2,45,32,106,52,24,129,128,95,19,131" hai2="72,33,0,4,80,61,3,100,77,127,17,42,68" hai3="120,51,94,21,7,115,75,116,60,87,20,41,47"/><W91/><G75/><T29/><D108/><U83/><E106/><V105/><F127/><W117/><G115/><T57/><D6/><U8/><E124/><V84/><F42/><W37/><G120/><T69/><D69/><U119/><E119/><V96/><F4/><W133/><G133/><T67/><D73/><U110/><E110/><V126/><F126/><W30/><G7/><T15/><D112/><U132/><E132/><V114/><F114/><W55/><G60/><T63/><D29/><N who="1" m="19495" /><E83/><V118/><F118/><W12/><G21/><T70/><D70/><U54/><E95/><V58/><F84/><W90/><G90/><T81/><D35/><U113/><E113/><V130/><F130/><W78/><G78/><T36/><D36/><U28/><E28/><V99/><F99/><W74/><G30/><T31/><D31/><U23/><E8/><AGARI ba="4,0" hai="8,15,16,57,63,67,81,86,88,93,97,102,121,123" machi="8" ten="30,7700,0" yaku="7,1,52,1,54,2" doraHai="13" who="0" fromWho="1" sc="141,89,254,-89,95,0,510,0" /><INIT seed="4,0,0,5,1,107" ten="230,165,95,510" oya="0" hai0="14,52,127,18,125,92,97,35,110,10,6,113,77" hai1="128,40,76,130,70,51,100,61,86,131,2,91,119" hai2="104,109,21,115,68,108,90,29,25,3,5,12,44" hai3="80,106,98,123,65,120,96,126,112,7,31,34,103"/><T4/><D35/><U82/><E2/><V116/><F68/><W57/><G112/><T87/><D113/><U19/><E19/><N who="2" m="10471" /><F90/><W124/><G7/><T48/><D110/><U133/><E119/><V43/><F104/><W88/><G31/><T117/><D117/><U24/><E133/><V41/><F41/><W69/><G34/><T55/><D55/><U66/><E24/><V132/><F44/><W79/><G69/><T122/><D122/><N who="3" m="46633" /><G57/><T118/><D118/><U26/><E26/><V94/><F94/><N who="3" m="56391" /><G65/><T62/><D62/><U0/><E0/><V20/><F43/><W84/><AGARI ba="0,0" hai="79,80,84,98,103,106,124,126" m="56391,46633" machi="84" ten="30,7900,0" yaku="13,1,34,2,54,1" doraHai="107" who="3" fromWho="3" sc="230,-39,165,-20,95,-20,510,79" /><INIT seed="5,0,0,1,5,46" ten="191,145,75,589" oya="1" hai0="70,9,71,90,95,17,96,87,61,55,74,25,104" hai1="135,19,48,52,86,29,67,113,0,98,51,60,76" hai2="5,99,89,82,65,73,37,62,27,129,110,38,105" hai3="132,109,126,10,23,117,24,69,120,111,56,115,103"/><U91/><E113/><V93/><F110/><W40/><G69/><T100/><D74/><U63/><E135/><V118/><F118/><W50/><G120/><T112/><D112/><U131/><E131/><V14/><F129/><W49/><G132/><T20/><D9/><U84/><E0/><V39/><F105/><W130/><G130/><T8/><D8/><U88/><E29/><V97/><F27/><W59/><G115/><T101/><D101/><U92/><E76/><V31/><F31/><W34/><G34/><T12/><D25/><U53/><E98/><V42/><F5/><W68/><G68/><T58/><AGARI ba="0,0" hai="12,17,20,55,58,61,70,71,87,90,95,96,100,104" machi="58" ten="30,1100,0" yaku="0,1" doraHai="46" who="0" fromWho="0" sc="191,11,145,-5,75,-3,589,-3" /><INIT seed="6,0,0,2,5,17" ten="202,140,72,586" oya="2" hai0="132,4,109,134,108,76,22,69,65,113,1,80,45" hai1="70,119,39,106,2,53,135,110,126,101,20,29,41" hai2="27,107,67,24,63,91,16,49,89,62,8,88,68" hai3="99,64,38,5,117,130,125,105,36,15,114,14,44"/><V60/><F107/><W84/><G117/><T97/><D113/><U81/><E110/><V56/><F68/><W59/><G130/><T11/><D22/><U55/><E2/><V92/><F92/><W116/><G116/><T133/><D97/><U100/><E119/><V23/><F8/><W3/><G125/><T83/><D83/><U87/><E135/><V118/><F118/><W124/><G124/><T95/><D95/><U74/><E74/><V85/><F85/><W77/><G84/><N who="0" m="48135" /><D45/><U75/><E75/><V32/><REACH who="2" step="1"/><F49/><REACH who="2" ten="202,140,62,586" step="2"/><W52/><G105/><T127/><D127/><U50/><E70/><V86/><F86/><W47/><G36/><T54/><D109/><U98/><E39/><V78/><F78/><W115/><G77/><T12/><D108/><U128/><E126/><V31/><AGARI ba="0,1" hai="16,23,24,27,31,32,56,60,62,63,67,88,89,91" machi="31" ten="30,12000,1" yaku="1,1,0,1,52,1,54,2,53,0" doraHai="17" doraHaiUra="90" who="2" fromWho="2" sc="202,-40,140,-40,62,130,586,-40" /><INIT seed="6,1,0,5,1,135" ten="162,100,192,546" oya="2" hai0="91,59,56,77,4,12,129,51,122,106,16,25,110" hai1="124,81,114,115,97,52,92,119,58,90,70,89,80" hai2="10,120,35,109,64,83,1,103,94,121,107,33,19" hai3="8,84,88,108,79,38,128,0,98,3,46,27,105"/><V49/><F107/><W125/><G108/><T11/><D110/><U113/><E119/><V74/><F109/><W87/><G125/><T78/><D122/><U7/><E70/><V31/><F64/><W111/><G111/><T24/><D106/><U9/><E124/><V29/><F49/><W61/><G128/><T132/><D132/><U71/><E71/><V28/><F103/><W66/><G79/><N who="0" m="30219" /><D129/><U67/><E67/><V47/><F94/><W34/><G61/><T100/><D100/><U60/><REACH who="1" step="1"/><E89/><REACH who="1" ten="162,90,192,546" step="2"/><V72/><F120/><W42/><G88/><T116/><D116/><U45/><E45/><V102/><F47/><W26/><G66/><T54/><D91/><U20/><E20/><V5/><F121/><W82/><G46/><T21/><D59/><U62/><E62/><V123/><F123/><W133/><G133/><T85/><D85/><U127/><E127/><V23/><F23/><W95/><G84/><T18/><D25/><U14/><AGARI ba="1,1" hai="7,9,14,52,58,60,80,81,90,92,97,113,114,115" machi="14" ten="30,7900,0" yaku="1,1,0,1,15,1,54,1,53,0" doraHai="135" doraHaiUra="13" who="1" fromWho="1" sc="162,-21,90,92,192,-40,546,-21" /><INIT seed="7,0,0,4,4,135" ten="141,182,152,525" oya="3" hai0="11,81,76,25,80,60,20,102,120,69,62,123,75" hai1="39,55,54,92,83,7,27,16,51,132,14,26,88" hai2="70,101,98,93,53,90,115,3,121,36,52,114,43" hai3="91,134,34,71,129,38,128,47,130,105,89,65,78"/><W72/><G34/><T103/><D11/><N who="1" m="4479" /><E39/><V1/><F121/><W10/><G134/><T8/><D8/><U84/><E132/><V96/><F70/><W32/><G32/><T110/><D110/><U41/><E16/><V2/><F43/><N who="3" m="23031" /><G105/><T97/><D80/><U50/><E41/><V77/><F77/><W79/><G10/><T57/><D69/><U124/><E124/><V56/><F36/><W0/><G0/><T100/><D97/><N who="1" m="57479" /><E54/><V118/><F118/><W95/><G72/><T4/><D4/><U6/><E6/><V58/><F53/><W126/><G126/><T28/><REACH who="0" step="1"/><D62/><REACH who="0" ten="131,182,152,525" step="2"/><U122/><E122/><V106/><REACH who="2" step="1"/><F58/><REACH who="2" ten="131,182,142,525" step="2"/><W48/><G71/><T68/><D68/><U15/><E51/><AGARI ba="0,2" hai="1,2,3,51,52,56,90,93,96,98,101,106,114,115" machi="51" ten="40,5200,0" yaku="1,1,2,1,54,1,53,0" doraHai="135" doraHaiUra="117" who="2" fromWho="1" sc="131,0,182,-52,142,72,525,0" owari="131,-26.9,130,-37.0,214,1.4,525,62.5" /></mjloggm>