<mjloggm ver="2.3"><GO type="169" lobby="0"/><UN n0="%E6%AF%94%E5%98%89%E7%A7%80%E4%BB%81" n1="%41%6E%73%6F%6E%4C%61%6D" n2="%4D%4A%E6%9C%80%E5%BC%B7%E4%BD%8D" n3="%E7%90%86%E5%B7%A5%E3%83%95%E3%83%AA%E3%83%86%E3%83%B3%E5%A4%A7%E5%B8%AB" dan="16,16,17,16" rate="2078.32,2115.02,2228.98,2103.94" sx="M,M,M,F"/><TAIKYOKU oya="0"/><INIT seed="0,0,0,1,2,62" ten="250,250,250,250" oya="0" hai0="119,42,34,33,108,16,78,10,32,102,14,48,122" hai1="5,123,110,59,63,31,67,129,120,79,113,112,135" hai2="88,1,116,58,35,98,130,19,7,8,18,15,94" hai3="100,61,93,91,6,26,115,103,83,29,64,111,49"/><T21/><D122/><N who="1" m="46635" /><E79/><V43/><F35/><W57/><G115/><N who="1" m="44106" /><E5/><V132/><F116/><W77/><G111/><T23/><D119/><U99/><E99/><V39/><F130/><W9/><G49/><T82/><D108/><U97/><E97/><V46/><F132/><W0/><G93/><T56/><D102/><U66/><E31/><V75/><F58/><W28/><G91/><T47/><REACH who="0" step="1"/><D56/><REACH who="0" ten="240,250,250,250" step="2"/><U53/><E110/><V73/><REACH who="2" step="1"/><F19/><REACH who="2" ten="240,250,240,250" step="2"/><W126/><G126/><T80/><D80/><U118/><E118/><V30/><F30/><W22/><REACH who="3" step="1"/><G29/><REACH who="3" ten="240,250,240,240" step="2"/><T12/><D12/><U2/><E2/><V54/><F54/><W89/><G89/><T51/><D51/><U25/><E129/><V76/><F76/><W131/><G131/><T106/><D106/><U60/><E135/><V127/><F127/><W55/><G55/><T38/><D38/><U44/><E53/><V134/><F134/><W45/><G45/><T117/><D117/><U11/><E44/><V50/><F50/><W114/><G114/><T124/><D124/><U128/><E128/><V86/><F86/><AGARI ba="0,3" hai="0,6,9,22,26,28,57,61,64,77,83,86,100,103" machi="86" ten="30,7700,0" yaku="1,1,7,1,52,1,53,1" doraHai="62" doraHaiUra="72" who="3" fromWho="2" sc="240,0,250,0,240,-77,240,107" /><AGARI ba="0,0" hai="10,14,16,21,23,32,33,34,42,47,48,78,82,86" machi="86" ten="40,7700,0" yaku="1,1,54,1,53,1" doraHai="62" doraHaiUra="72" who="0" fromWho="2" sc="240,77,250,0,163,-77,347,0" /><INIT seed="0,1,0,0,1,97" ten="317,250,86,347" oya="0" hai0="103,92,2,116,134,56,47,83,81,80,89,22,14" hai1="108,46,126,42,62,123,121,18,26,8,106,53,63" hai2="113,84,115,66,11,79,132,51,76,1,6,40,85" hai3="52,23,71,128,73,131,107,5,88,15,133,93,120"/><T69/><D69/><U58/><E108/><V28/><F66/><W29/><G73/><T3/><D116/><U119/><E126/><V67/><F132/><W54/><G133/><T90/><D134/><U127/><E127/><V32/><F67/><W43/><G71/><T27/><D47/><U30/><E119/><V122/><F122/><W48/><G107/><T109/><D109/><U31/><E106/><V21/><F32/><W117/><G117/><T45/><D45/><U59/><E31/><V36/><F51/><W4/><G43/><T99/><D14/><U25/><E8/><V35/><F35/><W96/><G120/><T0/><REACH who="0" step="1"/><D56/><REACH who="0" ten="307,250,86,347" step="2"/><U86/><E59/><V50/><F40/><W114/><G15/><T37/><D37/><U16/><E58/><V87/><F36/><W70/><G70/><T34/><D34/><U44/><E123/><V118/><F118/><W57/><G114/><T82/><N who="0" m="20480" /><DORA hai="61" /><T10/><D10/><U68/><E121/><V60/><F115/><W55/><G57/><T12/><D12/><U38/><E46/><V110/><F113/><W135/><G135/><T125/><D125/><U95/><E68/><V24/><F110/><W111/><G111/><T19/><AGARI ba="1,1" hai="0,2,3,19,22,27,89,90,92,99,103" m="20480" machi="19" ten="50,12000,1" yaku="1,1,0,1,52,1,53,1" doraHai="97,61" doraHaiUra="112,13" who="0" fromWho="0" sc="307,133,250,-41,86,-41,347,-41" /><INIT seed="0,2,0,4,4,52" ten="440,209,45,306" oya="0" hai0="100,16,17,36,106,5,0,57,125,3,41,89,42" hai1="48,56,58,26,18,112,115,75,37,38,68,80,2" hai2="28,130,54,88,128,133,53,74,135,111,6,1,21" hai3="82,45,64,90,22,85,71,51,65,30,120,11,44"/><T40/><D36/><N who="1" m="13931" /><E2/><V132/><F74/><W12/><G120/><T105/><D125/><U114/><E80/><V23/><F111/><W127/><G127/><T25/><D89/><U118/><E75/><V103/><F103/><W73/><G73/><T97/><D106/><U24/><E118/><V55/><F6/><W116/><G116/><T7/><D0/><U35/><E68/><V87/><F1/><W122/><G122/><T32/><D3/><U113/><N who="1" m="28672" /><DORA hai="60" /><U47/><E18/><V27/><REACH who="2" step="1"/><F21/><REACH who="2" ten="440,209,35,306" step="2"/><W67/><G71/><T70/><D70/><U108/><E108/><V4/><F4/><N who="3" m="3175" /><G51/><T10/><D32/><U94/><E94/><AGARI ba="2,1" hai="23,27,28,53,54,55,87,88,94,128,130,132,133,135" machi="94" ten="50,6400,0" yaku="1,1,20,1,54,1,53,0" doraHai="52,60" doraHaiUra="77,14" who="2" fromWho="1" sc="440,0,209,-70,35,80,306,0" /><INIT seed="1,0,0,0,4,55" ten="440,139,115,306" oya="1" hai0="7,60,31,125,86,99,127,105,120,19,108,57,49" hai1="73,62,122,58,94,56,50,83,126,80,114,11,121" hai2="98,43,84,17,119,110,103,90,109,1,107,48,38" hai3="76,116,71,52,66,97,54,88,68,39,33,10,22"/><U25/><E114/><V132/><F119/><W8/><G33/><T111/><D120/><U24/><E126/><N who="0" m="48137" /><D7/><U102/><E73/><V112/><F38/><W118/><G39/><T45/><D31/><U79/><E122/><V41/><F1/><W42/><G42/><N who="0" m="24759" /><D19/><U47/><E11/><N who="3" m="4138" /><G76/><T115/><D86/><N who="1" m="48415" /><E83/><V9/><F112/><W15/><G66/><N who="0" m="39183" /><D115/><U16/><E121/><V61/><F41/><W70/><G15/><T74/><D74/><U40/><E62/><V104/><F43/><W91/><G22/><T28/><D28/><U46/><E46/><V77/><F77/><W92/><G91/><T113/><D113/><U85/><E25/><V64/><F9/><W106/><G106/><T30/><D30/><U26/><E26/><V100/><F107/><W5/><G5/><T133/><D133/><U37/><E37/><V134/><F104/><W3/><G3/><T20/><D20/><N who="1" m="13319" /><E85/><V117/><F84/><W131/><G131/><T87/><D87/><U35/><E35/><V36/><F36/><W130/><G130/><T4/><D4/><U128/><E128/><V78/><F78/><W21/><G21/><T34/><D34/><U6/><E6/><V13/><F134/><W53/><G118/><T65/><D65/><U14/><E14/><V135/><F117/><W18/><G116/><T51/><D51/><U129/><E129/><V124/><F135/><W101/><G18/><T0/><D0/><U29/><E29/><V44/><F132/><W82/><G82/><T93/><D105/><U23/><E23/><V32/><F124/><W63/><G63/><RYUUKYOKU ba="0,0" sc="440,10,139,10,115,-30,306,10" hai0="93,99,108,111" hai1="40,47,50,56,58,94,102" hai3="52,53,54,68,70,71,88,92,97,101" /><INIT seed="1,1,0,5,3,29" ten="450,149,85,316" oya="1" hai0="83,54,82,94,32,13,99,56,31,70,124,74,88" hai1="52,79,112,58,103,62,128,6,102,51,53,75,126" hai2="23,118,92,16,135,85,122,11,33,90,113,10,41" hai3="35,49,18,46,80,104,8,130,57,34,131,114,63"/><U36/><E112/><V107/><F107/><W1/><G104/><T64/><D124/><U97/><E126/><V105/><F105/><W106/><G106/><T109/><D109/><U2/><E128/><N who="3" m="49194" /><G114/><T87/><D74/><U7/><E36/><V12/><F118/><W47/><G80/><T91/><D70/><U45/><E2/><V40/><F122/><W68/><G68/><T61/><D13/><U117/><E117/><V95/><F113/><W22/><G8/><N who="2" m="3113" /><F33/><N who="3" m="12299" /><G49/><T127/><D127/><U77/><E75/><V116/><F135/><W111/><G111/><T44/><D44/><U108/><E108/><V50/><F116/><W67/><G1/><T0/><D0/><U27/><E27/><AGARI ba="1,0" hai="18,22,27,46,47,57,63,67" m="12299,49194" machi="27" ten="30,7700,0" yaku="19,1,52,3" doraHai="29" who="3" fromWho="1" sc="450,0,149,-80,85,0,316,80" /><INIT seed="2,0,0,0,0,103" ten="450,69,85,396" oya="2" hai0="31,122,18,51,75,70,74,65,16,69,61,28,26" hai1="82,100,57,128,104,86,23,27,22,77,0,21,120" hai2="25,114,102,133,125,108,60,106,32,88,63,85,40" hai3="105,14,1,33,72,117,36,19,62,55,107,29,30"/><V38/><F114/><W37/><G117/><T131/><D122/><U81/><E128/><V97/><F125/><W71/><G1/><T13/><D131/><U78/><E120/><V94/><F133/><W134/><G134/><T56/><D18/><U123/><E123/><V101/><F101/><W87/><G72/><T64/><D64/><U43/><E0/><V93/><F108/><W35/><G87/><T8/><D28/><U46/><E57/><V92/><F40/><W39/><G29/><T116/><D116/><U44/><E27/><V135/><F38/><W41/><G41/><T99/><D99/><U119/><E119/><V130/><F135/><W34/><G30/><T83/><D83/><U68/><E68/><V121/><F121/><W80/><G80/><T58/><D70/><U48/><E46/><V67/><F130/><W24/><G24/><T118/><D118/><U79/><REACH who="1" step="1"/><E86/><REACH who="1" ten="450,59,85,396" step="2"/><V112/><F112/><W127/><G71/><T89/><D69/><U76/><N who="1" m="19456" /><DORA hai="5" /><U54/><E54/><V111/><F111/><W7/><G55/><T98/><D56/><U95/><E95/><V10/><F25/><W15/><G15/><T90/><D74/><U84/><E84/><V113/><F113/><W17/><G14/><T109/><D109/><U66/><E66/><V49/><F67/><W53/><G53/><T115/><D115/><U129/><E129/><V9/><F92/><W47/><G47/><T3/><D75/><U124/><E124/><V20/><F93/><W6/><G127/><T11/><D3/><U2/><E2/><V4/><F85/><RYUUKYOKU ba="0,1" sc="450,-10,59,30,85,-10,396,-10" hai1="21,22,23,43,44,48,81,82,100,104" /><INIT seed="3,1,1,5,4,134" ten="440,89,75,386" oya="3" hai0="6,30,95,11,33,29,31,98,37,124,15,34,42" hai1="108,44,107,125,22,85,120,52,73,119,17,8,121" hai2="111,43,3,12,118,131,92,9,106,117,59,86,88" hai3="135,0,90,94,53,113,2,65,70,27,21,4,46"/><W91/><G135/><T127/><D42/><U50/><E73/><V62/><F3/><W71/><G113/><T82/><D82/><U20/><E108/><V114/><F114/><W97/><G91/><T116/><D37/><U39/><E119/><V110/><F106/><W7/><G7/><T26/><D116/><U101/><E39/><V75/><F75/><W19/><G4/><T89/><REACH who="0" step="1"/><D26/><REACH who="0" ten="430,89,75,386" step="2"/><U36/><E36/><V61/><F43/><W41/><G41/><T56/><D56/><U68/><E68/><V80/><F117/><W78/><G70/><T25/><D25/><U74/><E74/><V67/><F118/><W40/><G40/><T128/><D128/><U87/><E121/><V112/><F131/><W49/><REACH who="3" step="1"/><G78/><REACH who="3" ten="430,89,75,376" step="2"/><T81/><D81/><U130/><E120/><V5/><F112/><W77/><G77/><T47/><D47/><U105/><E130/><V102/><F80/><W69/><G69/><T60/><D60/><AGARI ba="1,3" hai="0,2,19,21,27,46,49,53,60,65,71,90,94,97" machi="60" ten="40,2000,0" yaku="1,1,53,0" doraHai="134" doraHaiUra="24" who="3" fromWho="0" sc="430,-23,89,0,75,0,376,53" /><INIT seed="3,2,0,3,5,77" ten="407,89,75,429" oya="3" hai0="63,100,25,133,43,67,104,74,79,22,5,107,42" hai1="120,64,39,37,68,50,32,47,110,108,106,58,105" hai2="55,21,96,14,85,70,90,41,62,103,112,130,84" hai3="7,36,102,129,6,92,75,53,72,23,73,31,114"/><W66/><G114/><T122/><D122/><U46/><E32/><V98/><F112/><W24/><G129/><T127/><D127/><U76/><E76/><V12/><F41/><W9/><G36/><N who="1" m="13898" /><E106/><V28/><F130/><W49/><G66/><T65/><D5/><U11/><E105/><V83/><F84/><W1/><G6/><T135/><D79/><U61/><E11/><V17/><F28/><W125/><G125/><T115/><D74/><U132/><E132/><V116/><F116/><W94/><REACH who="3" step="1"/><G102/><REACH who="3" ten="407,89,75,419" step="2"/><T54/><D100/><U20/><E120/><V82/><F103/><W38/><G38/><T59/><D59/><BYE who="0" /><AGARI ba="2,1" hai="1,7,9,23,24,31,49,53,59,72,73,75,92,94" machi="59" ten="40,7700,0" yaku="1,1,53,2" doraHai="77" doraHaiUra="91" who="3" fromWho="0" sc="407,-83,89,0,75,0,419,93" /><INIT seed="3,3,0,3,2,93" ten="324,89,75,512" oya="3" hai0="13,15,38,68,59,65,113,28,84,129,60,1,127" hai1="97,5,42,27,62,83,49,35,26,111,119,10,76" hai2="118,55,6,33,82,64,29,23,123,81,4,104,37" hai3="90,131,30,120,109,130,124,79,34,69,126,75,11"/><W128/><G120/><UN n0="%E6%AF%94%E5%98%89%E7%A7%80%E4%BB%81" /><T134/><D1/><U41/><E111/><V105/><F33/><W132/><G109/><T12/><D38/><U61/><E119/><V7/><F37/><W32/><G69/><T98/><D134/><U108/><E108/><V18/><F118/><W3/><G132/><T54/><D129/><U58/><E35/><N who="3" m="13354" /><G90/><T21/><D127/><N who="3" m="48681" /><G79/><T115/><D84/><U39/><E39/><V96/><F29/><W56/><G56/><T85/><D85/><N who="1" m="48359" /><E41/><V88/><F123/><W95/><G95/><T24/><REACH who="0" step="1"/><D98/><REACH who="0" ten="314,89,75,512" step="2"/><U92/><E97/><V133/><F133/><W2/><G75/><T22/><D22/><U110/><E110/><V43/><F96/><W102/><G2/><T86/><D86/><U20/><E20/><V117/><F117/><W67/><G3/><T8/><D8/><U40/><BYE who="0" /><E10/><V78/><F43/><UN n0="%E6%AF%94%E5%98%89%E7%A7%80%E4%BB%81" /><W73/><G73/><T52/><D52/><U53/><E42/><V100/><F55/><W114/><G11/><T122/><D122/><U72/><E40/><V121/><F121/><W14/><G130/><T107/><D107/><U44/><E53/><V0/><F105/><W89/><G128/><T17/><D17/><U91/><E72/><V9/><F81/><W57/><G131/><T80/><D80/><U116/><E116/><V66/><F78/><W99/><G99/><T36/><D36/><U46/><E92/><V45/><F82/><W106/><G106/><T70/><D70/><U112/><E5/><V16/><F104/><W63/><G102/><T51/><AGARI ba="3,1" hai="12,13,15,21,24,28,51,54,59,60,65,68,113,115" machi="51" ten="30,4000,0" yaku="1,1,0,1,53,1" doraHai="93" doraHaiUra="47" who="0" fromWho="0" sc="314,59,89,-13,75,-13,512,-23" /><INIT seed="4,0,0,5,4,3" ten="373,76,62,489" oya="0" hai0="71,64,43,11,95,0,85,69,100,51,130,74,8" hai1="33,38,41,30,50,97,54,63,122,49,113,96,34" hai2="101,99,107,91,39,82,55,6,77,35,1,86,118" hai3="133,98,78,61,104,25,16,131,93,4,124,103,66"/><T27/><D130/><U23/><E122/><V105/><F35/><W87/><G133/><T134/><D74/><U13/><E34/><V31/><F31/><W65/><G124/><T80/><D134/><U84/><E33/><V36/><F107/><W52/><G131/><T56/><D27/><U14/><E113/><V59/><F118/><W132/><G132/><T7/><D11/><U17/><E38/><V40/><F40/><W24/><G104/><T114/><D114/><U127/><E127/><V42/><F42/><W15/><G4/><T18/><D18/><U57/><E30/><V117/><F117/><W76/><G24/><T83/><D64/><N who="3" m="24681" /><G87/><T79/><D83/><U62/><E14/><V60/><REACH who="2" step="1"/><F77/><REACH who="2" ten="373,76,52,489" step="2"/><W119/><G119/><T102/><D71/><U5/><E84/><V88/><F88/><W125/><G125/><T67/><D69/><U44/><REACH who="1" step="1"/><E5/><REACH who="1" ten="373,66,52,489" step="2"/><V19/><F19/><W46/><G25/><T128/><D128/><U47/><E47/><V92/><F92/><W116/><G116/><T29/><D29/><U94/><E94/><V120/><F120/><W58/><G46/><N who="0" m="26079" /><D95/><U73/><E73/><V90/><F90/><W115/><G115/><T53/><D102/><U106/><E106/><V72/><F72/><W89/><G103/><T129/><D100/><U112/><E112/><V70/><F70/><W22/><AGARI ba="0,2" hai="15,16,22,52,58,61,76,78,89,93,98" m="24681" machi="22" ten="30,4000,0" yaku="8,1,54,2" doraHai="3" who="3" fromWho="3" sc="373,-20,66,-10,52,-10,489,60" /><INIT seed="5,0,0,1,3,48" ten="353,56,42,549" oya="1" hai0="0,108,66,131,39,6,87,70,46,19,69,12,14" hai1="22,130,42,55,91,93,36,2,95,28,107,106,43" hai2="58,135,101,52,112,68,79,23,80,33,47,59,29" hai3="122,45,13,104,67,72,49,76,65,120,100,34,123"/><U126/><E130/><V75/><F68/><W3/><G3/><T50/><D131/><U61/><E126/><V115/><F33/><W21/><G34/><T18/><D108/><U78/><E2/><V25/><F101/><W41/><G104/><T32/><D32/><U125/><E125/><V113/><F135/><W110/><G110/><T124/><D124/><U24/><E78/><V60/><F58/><W132/><G100/><T64/><D39/><U121/><E121/><V56/><F56/><W117/><G117/><T27/><D27/><U133/><E133/><V98/><F47/><W97/><G97/><AGARI ba="0,0" hai="23,25,29,52,59,60,75,79,80,97,98,112,113,115" machi="97" ten="40,8000,1" yaku="15,1,11,1,52,1,54,1" doraHai="48" who="2" fromWho="3" sc="353,0,56,0,42,80,549,-80" /><INIT seed="6,0,0,1,4,79" ten="353,56,122,469" oya="2" hai0="50,20,46,114,32,74,117,118,66,115,72,10,51" hai1="17,81,13,62,112,27,67,30,24,63,55,52,73" hai2="38,69,120,98,97,43,61,84,12,64,31,68,8" hai3="37,40,83,19,124,71,23,76,21,133,80,131,95"/><V127/><F120/><W102/><G71/><T35/><D66/><U48/><E112/><N who="0" m="43049" /><D20/><U9/><E67/><V3/><F3/><W110/><G110/><T94/><D94/><U123/><E123/><V70/><F127/><W105/><G105/><T106/><D10/><U2/><E2/><V134/><F31/><W29/><G29/><T125/><D46/><U107/><E107/><V1/><F1/><W36/><G21/><T78/><D78/><U28/><E28/><V6/><F134/><W54/><G76/><T65/><D65/><U109/><E109/><V101/><F97/><W47/><G37/><T42/><D42/><U15/><E15/><V33/><F43/><W77/><G77/><T41/><D41/><U113/><E113/><V85/><F38/><W75/><G54/><T92/><D92/><U96/><E96/><V88/><F33/><N who="0" m="12874" /><D106/><U34/><E73/><N who="0" m="28265" /><D125/><U0/><E27/><V49/><F84/><W5/><G124/><T26/><D26/><U16/><E0/><V18/><F69/><W57/><G75/><T104/><D104/><U59/><E17/><V60/><F18/><W129/><G19/><T45/><D45/><U93/><E93/><V25/><F25/><W82/><G23/><T86/><D86/><U91/><REACH who="1" step="1"/><E55/><REACH who="1" ten="353,46,122,469" step="2"/><V11/><F64/><W135/><G95/><T119/><AGARI ba="0,1" hai="50,51,117,118,119" m="28265,12874,43049" machi="119" ten="50,8000,1" yaku="28,2,12,1,15,1" doraHai="79" who="0" fromWho="0" sc="353,90,46,-20,122,-40,469,-20" /><INIT seed="7,0,0,4,1,42" ten="443,26,82,449" oya="3" hai0="14,24,22,32,50,111,97,125,59,31,77,52,103" hai1="121,81,12,46,21,40,100,130,39,61,3,62,10" hai2="117,18,109,71,5,47,134,79,128,132,114,102,65" hai3="35,91,17,80,135,98,110,105,20,129,27,108,48"/><W93/><G135/><N who="2" m="51753" /><F109/><N who="3" m="42091" /><G129/><T82/><D111/><U66/><E121/><V122/><F117/><W11/><G48/><T113/><D125/><U16/><E130/><V124/><F124/><W119/><G119/><T74/><D113/><U92/><E81/><V41/><F122/><W0/><G80/><T88/><D88/><U86/><E66/><V60/><F102/><W104/><G35/><T116/><D116/><U51/><E39/><V75/><F75/><W49/><G49/><T43/><D43/><U19/><E3/><V112/><F79/><W115/><G115/><T28/><D14/><U83/><E100/><V13/><F5/><AGARI ba="0,0" hai="0,5,11,17,20,27,91,93,98,104,105" m="42091" machi="5" ten="30,1500,0" yaku="10,1" doraHai="42" who="3" fromWho="2" sc="443,0,26,0,82,-15,449,15" owari="443,24.3,26,-47.4,67,-33.3,464,56.4" /></mjloggm>