<mjloggm ver="2.3"><GO type="169" lobby="0"/><UN n0="%73%68%6F%67%6F%6F" n1="%E3%81%AA%E3%81%88%E3%81%A8%E3%82%8B" n2="%70%6F%6B%6B%6F" n3="%67%6F%67%6F%2D%E3%82%B4%E3%83%AA%E3%83%A9" dan="16,16,16,17" rate="2082.89,2141.43,2040.87,2187.51" sx="M,M,M,M"/><TAIKYOKU oya="0"/><INIT seed="0,0,0,4,3,57" ten="250,250,250,250" oya="0" hai0="88,11,8,28,60,18,109,128,43,7,17,114,94" hai1="121,46,83,102,40,58,127,31,62,67,103,115,71" hai2="132,105,78,35,99,111,37,134,85,13,125,80,45" hai3="91,77,68,93,2,0,110,75,76,96,104,119,126"/><T124/><D114/><U86/><E121/><V12/><F111/><W52/><G119/><T34/><D124/><U123/><E123/><V1/><F1/><W73/><G110/><T90/><D109/><U41/><E127/><V72/><F125/><W117/><G126/><T10/><D43/><U116/><E116/><V118/><F118/><W5/><G117/><T32/><D7/><U65/><E115/><V39/><F35/><W29/><G68/><T70/><D128/><U59/><E31/><V3/><F3/><W14/><G29/><T49/><D49/><U97/><E67/><V44/><F72/><W112/><G112/><T64/><D90/><U98/><E97/><V6/><F6/><W19/><G104/><T55/><D55/><U66/><E66/><V135/><F12/><W22/><G5/><T130/><D130/><U87/><E87/><V92/><F105/><W21/><G21/><T106/><D106/><U56/><E98/><V79/><F13/><W30/><G30/><T47/><D47/><N who="2" m="17994" /><F79/><W38/><G38/><T89/><D89/><AGARI ba="0,0" hai="37,39,78,80,85,89,92,99,132,134,135" m="17994" machi="89" ten="30,1000,0" yaku="20,1" doraHai="57" who="2" fromWho="0" sc="250,-10,250,0,250,10,250,0" /><INIT seed="1,0,0,3,2,107" ten="240,250,260,250" oya="1" hai0="87,81,112,91,58,62,29,128,35,85,73,59,109" hai1="89,114,16,69,67,50,6,0,21,78,83,113,40" hai2="120,135,44,8,9,100,56,68,54,106,43,57,61" hai3="117,77,102,134,76,37,79,24,53,12,36,97,90"/><U49/><E0/><V122/><F100/><W98/><G134/><T88/><D112/><U66/><E6/><V126/><F106/><W2/><G2/><T38/><D38/><U96/><E69/><V32/><F32/><W86/><G117/><T129/><D109/><U105/><E113/><V19/><F135/><W127/><G127/><T15/><D15/><U75/><E114/><V104/><F104/><W74/><G74/><T17/><D17/><U121/><E121/><V92/><F126/><W47/><G24/><T3/><D3/><U1/><E1/><V125/><F68/><W14/><G37/><T33/><D29/><U30/><E30/><V71/><F71/><W4/><G36/><T51/><D51/><U60/><E40/><V131/><F125/><W65/><G65/><T103/><D103/><U95/><E105/><V70/><F70/><W55/><G14/><T23/><D23/><U45/><E60/><V20/><F57/><W42/><G42/><T63/><D81/><U118/><E118/><V132/><F132/><W31/><G31/><T116/><D116/><U28/><E28/><V110/><F110/><W39/><G39/><T94/><D94/><U72/><E72/><AGARI ba="0,0" hai="33,35,58,59,62,63,72,73,85,87,88,91,128,129" machi="72" ten="25,8000,1" yaku="22,2,52,2,54,1" doraHai="107" who="0" fromWho="1" sc="240,80,250,-80,260,0,250,0" /><INIT seed="2,0,0,2,3,50" ten="320,170,260,250" oya="2" hai0="52,82,45,122,131,112,6,36,32,24,101,57,133" hai1="26,94,28,15,118,78,102,93,62,99,46,74,54" hai2="72,11,42,84,25,80,97,89,81,91,70,71,110" hai3="14,9,96,51,41,135,66,44,43,103,132,119,0"/><V130/><F130/><W35/><G119/><T38/><D112/><U16/><E118/><V105/><F110/><W56/><G35/><T125/><D122/><U22/><E74/><V65/><F42/><W87/><G0/><T8/><D131/><U134/><E134/><N who="3" m="51242" /><G87/><T53/><D133/><U75/><E75/><V4/><F25/><W48/><G66/><T64/><D64/><U1/><E1/><V30/><F30/><W59/><G48/><T23/><D32/><U60/><E78/><V109/><F65/><W77/><G77/><T121/><D121/><U79/><E79/><V27/><F27/><W55/><G43/><T111/><D82/><U107/><E46/><V49/><F72/><W104/><G41/><T106/><D111/><U114/><E114/><V33/><F33/><W18/><AGARI ba="0,0" hai="9,14,18,44,51,55,56,59,96,103,104" m="51242" machi="18" ten="30,2000,0" yaku="20,1,52,1" doraHai="50" who="3" fromWho="3" sc="320,-5,170,-5,260,-10,250,20" /><INIT seed="3,0,0,1,1,26" ten="315,165,250,270" oya="3" hai0="39,114,69,85,71,31,17,22,13,40,7,108,46" hai1="44,64,118,4,45,29,97,99,15,60,88,117,78" hai2="87,95,56,111,72,119,50,98,48,52,73,134,76" hai3="21,131,16,18,37,49,58,62,106,47,82,112,51"/><W9/><G112/><T57/><D108/><U124/><E78/><V122/><F119/><N who="1" m="45577" /><E124/><V94/><F111/><W83/><G131/><T55/><D114/><U43/><E4/><V100/><F134/><W126/><G106/><T128/><D128/><U123/><E123/><V65/><F122/><W104/><G104/><T92/><D7/><U80/><E15/><V110/><F110/><W132/><G37/><T133/><D133/><U74/><E74/><V33/><F33/><W59/><G126/><T101/><D31/><U79/><E79/><V30/><F30/><W11/><G132/><T70/><D101/><U125/><E29/><V35/><F35/><W32/><G32/><T42/><D42/><U91/><E125/><V105/><F65/><W109/><G109/><T68/><D68/><N who="1" m="41991" /><E44/><V75/><F48/><W135/><G135/><T113/><D113/><U103/><E80/><V90/><REACH who="2" step="1"/><F95/><REACH who="2" ten="315,165,240,270" step="2"/><W2/><G51/><N who="0" m="30975" /><D71/><U84/><E103/><V8/><F8/><W63/><G11/><T1/><D70/><U28/><E28/><V34/><F34/><W36/><G9/><T19/><D69/><U93/><E91/><V38/><F38/><AGARI ba="0,1" hai="38,43,45,84,88,93,97,99" m="41991,45577" machi="38" ten="30,2000,0" yaku="12,1,54,1" doraHai="26" who="1" fromWho="2" sc="315,0,165,30,240,-20,270,0" /><INIT seed="4,0,0,5,0,51" ten="315,195,220,270" oya="0" hai0="75,71,13,58,99,106,38,0,19,76,5,104,89" hai1="28,65,14,1,64,102,46,7,130,110,101,81,54" hai2="70,12,16,32,92,114,36,22,69,66,118,29,124" hai3="111,109,134,129,4,47,43,83,67,85,2,77,25"/><T52/><D71/><U57/><E110/><V91/><F114/><W40/><G129/><T39/><D0/><U73/><E1/><V27/><F124/><W78/><G134/><T63/><D5/><U79/><E130/><V120/><F120/><W98/><G43/><T96/><D75/><U3/><E3/><V26/><F36/><W88/><G67/><T9/><D76/><U60/><E28/><V82/><F82/><W117/><G117/><T122/><D122/><U10/><REACH who="1" step="1"/><E46/><REACH who="1" ten="315,185,220,270" step="2"/><V45/><F118/><W80/><G111/><T6/><D6/><U11/><E11/><V42/><F66/><AGARI ba="0,1" hai="7,10,14,54,57,60,64,65,66,73,79,81,101,102" machi="66" ten="40,2600,0" yaku="1,1,52,1,53,0" doraHai="51" doraHaiUra="30" who="1" fromWho="2" sc="315,0,185,36,220,-26,270,0" /><INIT seed="5,0,0,5,3,41" ten="315,221,194,270" oya="1" hai0="81,2,22,118,66,132,45,79,21,54,80,69,56" hai1="50,105,57,62,95,5,72,67,6,11,120,115,100" hai2="85,60,43,32,108,104,26,1,92,122,30,42,123" hai3="51,75,8,23,53,107,94,84,88,74,64,134,126"/><U12/><E120/><V110/><F104/><W28/><G134/><T0/><D118/><U49/><E115/><V68/><F1/><W16/><G126/><T27/><D69/><U37/><E105/><V18/><F43/><W3/><G107/><T101/><D101/><U113/><E113/><V98/><F42/><W44/><G64/><T47/><D132/><U133/><E72/><V34/><F85/><W135/><G28/><T76/><D66/><U87/><E37/><V52/><F34/><W99/><G135/><T109/><D109/><U19/><E133/><V36/><F36/><W35/><G35/><T116/><D116/><U17/><E87/><V24/><F68/><W39/><G39/><T4/><D4/><U102/><E102/><V77/><F77/><N who="0" m="29770" /><D2/><U7/><REACH who="1" step="1"/><E17/><REACH who="1" ten="315,211,194,270" step="2"/><V58/><F123/><W90/><G75/><T15/><D0/><U55/><E55/><V103/><F122/><W65/><G74/><T131/><D131/><U29/><E29/><V9/><F30/><W63/><G3/><T89/><D80/><U86/><E86/><V119/><F119/><W61/><G65/><T128/><D128/><U25/><E25/><N who="2" m="9835" /><F32/><W96/><G96/><AGARI ba="0,1" hai="5,6,7,11,12,19,49,50,57,62,67,95,96,100" machi="96" ten="40,7700,0" yaku="1,1,8,1,53,1" doraHai="41" doraHaiUra="13" who="1" fromWho="3" sc="315,0,211,87,194,0,270,-77" /><INIT seed="5,1,0,3,2,109" ten="315,298,194,193" oya="1" hai0="76,41,43,13,22,79,83,10,128,82,70,58,34" hai1="129,116,80,8,57,38,51,78,85,61,33,45,60" hai2="3,115,133,56,121,28,50,97,29,102,44,31,49" hai3="92,69,89,17,47,101,24,91,106,103,84,19,127"/><U73/><E116/><V4/><F121/><W105/><G127/><T63/><D70/><U88/><E129/><V71/><F71/><W99/><G69/><T11/><D34/><U59/><E38/><V119/><F119/><W135/><G135/><T16/><D128/><U125/><E33/><V52/><F133/><W2/><G2/><T36/><D36/><U86/><E73/><V5/><F3/><W37/><G37/><T21/><D21/><U15/><E60/><V132/><F132/><W32/><G47/><T93/><D93/><U113/><E113/><V117/><F117/><W75/><G32/><T53/><D82/><N who="1" m="47319" /><E61/><V40/><REACH who="2" step="1"/><F115/><REACH who="2" ten="315,298,184,193" step="2"/><W87/><G24/><T12/><D76/><U124/><E125/><V114/><F114/><W94/><REACH who="3" step="1"/><G99/><REACH who="3" ten="315,298,184,183" step="2"/><T68/><D68/><U111/><E124/><V131/><F131/><W130/><G130/><T30/><D12/><U66/><E111/><V118/><F118/><W77/><G77/><T110/><D110/><U90/><E15/><V62/><F62/><W46/><G46/><T55/><D63/><U134/><E134/><V126/><F126/><W1/><G1/><T20/><D13/><U100/><E45/><V96/><F96/><W23/><G23/><T98/><D98/><U39/><E66/><V107/><AGARI ba="1,2" hai="4,5,28,29,31,40,44,49,50,52,56,97,102,107" machi="107" ten="30,4000,0" yaku="1,1,0,1,54,1,53,0" doraHai="109" doraHaiUra="72" who="2" fromWho="2" sc="315,-11,298,-21,184,63,183,-11" /><INIT seed="6,0,0,1,0,118" ten="304,277,247,172" oya="2" hai0="43,99,104,48,100,82,5,16,102,24,12,27,46" hai1="31,127,72,122,3,116,55,83,114,117,36,2,33" hai2="70,44,15,13,6,84,129,29,14,74,51,103,7" hai3="37,35,75,20,54,49,57,93,124,132,53,115,112"/><V68/><F74/><W95/><G35/><T79/><D102/><U61/><E55/><V11/><F129/><W41/><G75/><T87/><REACH who="0" step="1"/><D5/><REACH who="0" ten="294,277,247,172" step="2"/><U17/><E116/><V50/><F103/><W1/><G115/><T90/><D90/><U97/><E117/><V78/><F6/><W42/><G112/><T71/><D71/><U0/><E114/><V56/><F68/><W65/><G132/><T81/><D81/><U69/><E83/><N who="2" m="47223" /><F70/><W67/><G124/><T109/><D109/><U40/><E127/><V76/><F76/><W85/><G1/><T80/><D80/><U28/><E69/><V91/><F91/><W25/><G93/><T22/><AGARI ba="0,1" hai="12,16,22,24,27,43,46,48,79,82,87,99,100,104" machi="22" ten="20,5200,0" yaku="1,1,0,1,7,1,54,1,53,0" doraHai="118" doraHaiUra="128" who="0" fromWho="0" sc="294,62,277,-13,247,-26,172,-13" /><INIT seed="7,0,0,2,0,16" ten="356,264,221,159" oya="3" hai0="31,9,122,125,99,68,98,12,66,90,105,49,28" hai1="2,21,67,106,131,3,127,26,102,30,94,115,96" hai2="0,121,135,84,27,43,89,118,60,1,85,91,38" hai3="88,78,134,5,65,116,48,128,55,126,123,46,100"/><W80/><G116/><T41/><D122/><U133/><E115/><V70/><F118/><W32/><G123/><T119/><D119/><U74/><E131/><V82/><F135/><W45/><G128/><T15/><D66/><U47/><E133/><V71/><F121/><W61/><G134/><T64/><D64/><U130/><E130/><V19/><F38/><W35/><G126/><T14/><D9/><U54/><E74/><V23/><F43/><W42/><G100/><T10/><D10/><U86/><E127/><V36/><F36/><W120/><G5/><T129/><D49/><U69/><E47/><V75/><F75/><W29/><G120/><T79/><D12/><U103/><E54/><V87/><F87/><W117/><G117/><T124/><D90/><U83/><E103/><V39/><F39/><W110/><G110/><T72/><D72/><U113/><E113/><V107/><F107/><W7/><G7/><T73/><D73/><U111/><E106/><V109/><F109/><W92/><G80/><T17/><D105/><U51/><E51/><V50/><F50/><N who="3" m="29135" /><G78/><T52/><D79/><U57/><E69/><V58/><F71/><N who="3" m="42415" /><G29/><T6/><D129/><U24/><E24/><V37/><F37/><W97/><G42/><T25/><D41/><U59/><E111/><V4/><F4/><W101/><G101/><T62/><D6/><U13/><E3/><V112/><F112/><W76/><G76/><T56/><D124/><U8/><E2/><V81/><F70/><W104/><G104/><T77/><D68/><U114/><E114/><V95/><F81/><RYUUKYOKU ba="0,0" sc="356,-15,264,-15,221,15,159,15" hai2="0,1,19,23,27,58,60,82,84,85,89,91,95" hai3="32,35,46,48,88,92,97" /><INIT seed="7,1,0,2,2,13" ten="341,249,236,174" oya="3" hai0="74,46,79,106,117,38,30,93,128,86,101,34,72" hai1="111,25,44,113,20,9,26,41,122,67,104,40,108" hai2="50,99,87,70,135,54,103,58,134,4,16,63,7" hai3="61,120,6,80,53,69,118,119,52,28,48,39,10"/><W110/><G120/><T102/><D117/><U56/><E104/><V0/><F87/><W14/><G39/><T73/><D93/><U27/><E122/><V123/><F123/><W107/><G110/><T36/><D86/><U3/><E113/><V83/><F83/><W121/><G121/><T42/><D101/><U89/><E108/><V88/><F0/><W66/><G107/><T49/><D49/><U77/><E77/><V32/><F32/><W8/><G28/><T112/><D38/><U68/><E68/><V64/><F88/><W124/><G124/><T43/><D43/><U76/><E76/><V1/><F1/><W92/><G80/><N who="0" m="45159" /><D128/><U95/><E9/><V127/><F127/><W105/><G105/><T55/><D55/><U129/><E3/><V37/><F37/><W62/><G92/><T19/><D19/><U24/><E44/><V12/><F99/><W114/><G114/><T57/><D57/><U47/><E47/><V78/><F103/><W17/><G61/><T132/><D132/><N who="2" m="50730" /><F78/><W97/><G97/><N who="0" m="61775" /><D112/><U11/><E129/><V98/><F98/><W21/><G10/><AGARI ba="1,0" hai="4,7,10,12,16,50,54,58,63,64,70" m="50730" machi="10" ten="30,3900,0" yaku="20,1,52,1,54,1" doraHai="13" who="2" fromWho="3" sc="341,0,249,0,236,42,174,-42" owari="341,44.1,249,-15.1,278,7.8,132,-36.8" /></mjloggm>