<mjloggm ver="2.3"><GO type="169" lobby="0"/><UN n0="%41%E7%9F%B3%E6%A9%8B" n1="%6B%69%72%61%72%69%79%75" n2="%E4%B8%83%E7%94%9F%E5%A4%95" n3="%E3%82%86%E3%81%86%E3%82%86%E3%81%8D" dan="16,16,17,16" rate="2134.46,2111.27,2132.24,2186.07" sx="M,M,M,M"/><TAIKYOKU oya="0"/><INIT seed="0,0,0,2,0,0" ten="250,250,250,250" oya="0" hai0="121,72,3,85,1,61,91,60,119,52,97,32,23" hai1="122,13,35,95,77,73,124,125,82,41,26,112,104" hai2="20,17,58,127,108,96,75,113,8,90,37,103,56" hai3="21,4,94,27,33,79,71,78,83,123,100,128,110"/><T134/><D119/><U63/><E122/><V19/><F37/><W87/><G110/><T93/><D121/><U39/><E104/><V107/><F108/><W47/><G33/><T129/><D32/><U25/><E13/><V5/><F127/><W43/><G71/><T14/><D72/><U22/><E95/><V118/><F113/><W9/><G128/><T99/><D129/><U15/><E15/><V76/><F90/><W34/><G34/><T101/><D134/><U18/><E63/><V92/><F92/><W44/><G79/><T117/><D117/><U51/><E39/><V11/><F11/><W111/><G111/><T28/><D3/><U38/><E38/><V133/><F133/><W130/><G130/><T53/><D1/><U84/><E73/><V106/><F107/><W114/><G114/><T102/><D85/><U105/><E105/><V109/><F109/><W29/><G123/><T30/><D14/><U7/><E112/><V12/><F19/><W66/><G66/><T69/><D93/><U135/><E135/><V36/><F36/><W70/><G70/><T55/><D69/><U42/><E35/><V98/><F98/><N who="0" m="37386" /><D91/><U24/><E84/><V40/><F118/><W67/><G67/><T6/><D6/><U10/><E77/><V48/><F76/><W80/><G4/><T116/><D116/><U81/><E7/><V88/><F75/><W89/><G78/><T65/><D65/><U74/><E74/><V2/><F88/><W68/><G89/><T46/><D46/><U120/><E125/><V45/><AGARI ba="0,0" hai="2,5,8,12,17,20,40,45,48,56,58,96,103,106" machi="45" ten="30,2000,0" yaku="0,1,52,1" doraHai="0" who="2" fromWho="2" sc="250,-10,250,-5,250,20,250,-5" /><INIT seed="1,0,0,1,3,77" ten="240,245,270,245" oya="1" hai0="60,35,4,97,71,12,117,113,133,69,106,19,6" hai1="17,118,87,14,0,38,55,58,11,107,43,119,70" hai2="120,83,21,76,74,125,42,30,25,61,56,109,115" hai3="89,127,29,20,86,15,129,5,32,116,45,7,110"/><U52/><E70/><V112/><F120/><W54/><G110/><T80/><D113/><U33/><E107/><V105/><F109/><W134/><G127/><T88/><D117/><U79/><E33/><V39/><F105/><W93/><G129/><T81/><D35/><U50/><E0/><V124/><F42/><W99/><G134/><T47/><D133/><U10/><E38/><V36/><F39/><W63/><G116/><T98/><D47/><N who="1" m="25983" /><E119/><V85/><F74/><W90/><G32/><T92/><D106/><U104/><E104/><V26/><F26/><N who="3" m="16583" /><G15/><T126/><D126/><N who="2" m="48746" /><F36/><W22/><G22/><T46/><D46/><U100/><E100/><V114/><F114/><W94/><G45/><T49/><D49/><N who="1" m="30991" /><E55/><AGARI ba="0,0" hai="21,25,30,55,56,61,76,83,85,112,115" m="48746" machi="55" ten="30,2000,0" yaku="18,1,52,1" doraHai="77" who="2" fromWho="1" sc="240,0,245,-20,270,20,245,0" /><INIT seed="2,0,0,3,3,84" ten="240,225,290,245" oya="2" hai0="10,103,36,124,16,5,80,100,81,2,60,21,23" hai1="127,128,94,76,24,30,26,89,14,67,104,27,34" hai2="22,98,70,20,73,38,56,78,90,3,53,13,82" hai3="47,133,118,113,101,0,83,17,117,52,130,75,32"/><V135/><F3/><W25/><G0/><T88/><D36/><U41/><E104/><V59/><F135/><W68/><G68/><T11/><D124/><U107/><E107/><V50/><F70/><W28/><G133/><T99/><D60/><U72/><E127/><V106/><F38/><W49/><G130/><T48/><D48/><U12/><E128/><V65/><F13/><W29/><G101/><T112/><D112/><U7/><E67/><V119/><F119/><W57/><G113/><T74/><D74/><U45/><E76/><V43/><F43/><W108/><G108/><T86/><D11/><U115/><E72/><V92/><REACH who="2" step="1"/><F106/><REACH who="2" ten="240,225,280,245" step="2"/><W125/><G125/><T18/><D81/><U79/><E14/><V58/><F58/><W44/><G118/><T62/><D62/><AGARI ba="0,1" hai="20,22,50,53,56,59,62,65,73,78,82,90,92,98" machi="62" ten="40,3900,0" yaku="1,1,52,1,53,0" doraHai="84" doraHaiUra="132" who="2" fromWho="0" sc="240,-39,225,0,280,49,245,0" /><INIT seed="2,1,0,2,0,37" ten="201,225,329,245" oya="2" hai0="48,62,47,59,23,72,70,50,22,14,127,96,98" hai1="25,64,123,8,69,40,82,18,20,49,95,24,74" hai2="67,101,126,13,65,46,58,97,133,29,89,2,116" hai3="84,43,109,83,6,85,45,105,76,3,1,99,88"/><V90/><F116/><W10/><G109/><T17/><D127/><U112/><E112/><V73/><F2/><W115/><G115/><T16/><D72/><U52/><E123/><V77/><F126/><W53/><G53/><T100/><D70/><U119/><E119/><V79/><F29/><W7/><G105/><T4/><D4/><U118/><E118/><V78/><F73/><W128/><G99/><T54/><D100/><U31/><E69/><V55/><F133/><W129/><G7/><T121/><D121/><U41/><E64/><N who="2" m="24651" /><F46/><W80/><REACH who="3" step="1"/><G1/><REACH who="3" ten="201,225,329,235" step="2"/><T81/><D81/><U114/><E114/><V132/><F132/><W5/><G5/><T63/><D98/><U86/><E74/><V39/><F97/><W131/><G131/><T9/><D96/><U104/><E104/><V92/><F101/><W66/><G66/><T120/><D120/><U107/><E107/><V111/><F111/><W103/><G103/><T61/><REACH who="0" step="1"/><D17/><REACH who="0" ten="191,225,329,235" step="2"/><U113/><E18/><V93/><F92/><W38/><AGARI ba="1,2" hai="3,6,10,38,43,45,76,80,83,84,85,88,128,129" machi="38" ten="30,8000,1" yaku="1,1,0,1,52,1,54,1,53,1" doraHai="37" doraHaiUra="36" who="3" fromWho="3" sc="191,-21,225,-21,329,-41,235,103" /><INIT seed="3,0,0,4,3,37" ten="170,204,288,338" oya="3" hai0="1,98,94,49,38,93,21,22,80,135,89,133,104" hai1="101,127,105,126,45,108,67,40,32,59,53,34,36" hai2="39,78,119,47,0,27,56,73,62,60,44,130,109" hai3="118,15,129,111,35,65,110,58,19,120,68,115,7"/><W63/><G115/><T106/><D38/><U96/><E108/><N who="3" m="41514" /><G118/><T134/><D1/><U92/><E67/><V90/><F109/><W75/><G75/><T95/><D49/><U14/><E14/><V113/><F130/><W17/><G35/><T77/><D22/><U13/><E13/><V26/><F0/><W18/><G120/><T131/><D21/><U28/><E105/><N who="0" m="40553" /><D131/><U83/><E83/><V16/><F113/><W10/><G129/><T87/><AGARI ba="0,0" hai="77,80,87,89,93,94,95,98,133,134,135" m="40553" machi="87" ten="40,5200,0" yaku="20,1,34,2" doraHai="37" who="0" fromWho="0" sc="170,52,204,-13,288,-13,338,-26" /><INIT seed="4,0,0,5,0,93" ten="222,191,275,312" oya="0" hai0="1,122,39,46,135,86,118,129,47,66,81,19,64" hai1="24,102,20,61,94,0,116,63,5,35,48,10,25" hai2="96,84,115,43,123,83,50,70,107,22,95,132,7" hai3="134,71,74,36,53,30,112,45,72,87,54,6,89"/><T133/><D118/><U59/><E116/><V11/><F123/><W97/><G71/><T125/><D122/><U8/><E8/><V120/><F115/><W127/><G134/><N who="0" m="51211" /><D1/><U111/><E111/><V14/><F132/><W73/><G127/><T126/><D19/><U69/><E69/><V58/><F70/><W100/><G6/><T21/><D21/><U67/><E35/><V90/><F107/><W65/><G30/><T76/><D129/><U51/><E63/><V131/><F131/><W18/><G65/><N who="0" m="25195" /><D39/><U110/><E110/><V40/><F22/><W62/><G18/><T33/><D33/><U38/><E38/><V4/><F4/><W41/><G112/><T91/><D76/><U119/><E119/><V34/><F34/><W16/><G16/><T114/><D114/><U17/><REACH who="1" step="1"/><E25/><REACH who="1" ten="222,181,275,312" step="2"/><V79/><F120/><W68/><G68/><T113/><D113/><U42/><E42/><V31/><F43/><W130/><G130/><T99/><D126/><U3/><E3/><V55/><F40/><W121/><G121/><T49/><D125/><U9/><E9/><V12/><F12/><W2/><G2/><T60/><D60/><U88/><E88/><V26/><F26/><W27/><G27/><T57/><D49/><U103/><E103/><V106/><F14/><W13/><G62/><T124/><D124/><U23/><E23/><V28/><F11/><W101/><G13/><T108/><D108/><U15/><E15/><V105/><F7/><W29/><G36/><T52/><D91/><U98/><AGARI ba="0,1" hai="0,5,10,17,20,24,48,51,59,61,67,94,98,102" machi="98" ten="30,7900,0" yaku="1,1,0,1,52,1,53,1" doraHai="93" doraHaiUra="56" who="1" fromWho="1" sc="222,-39,181,89,275,-20,312,-20" /><INIT seed="5,0,0,1,1,8" ten="183,270,255,292" oya="1" hai0="6,24,29,64,37,60,123,38,12,45,76,46,75" hai1="133,105,96,94,2,114,129,132,36,108,20,58,81" hai2="84,88,103,62,17,16,83,126,43,130,109,39,55" hai3="106,79,23,4,102,26,90,30,5,112,61,113,44"/><U22/><E2/><V89/><F109/><W40/><G79/><T117/><D117/><U66/><E36/><V25/><F126/><W118/><G118/><T10/><D123/><U97/><E108/><V50/><F130/><W42/><G42/><T54/><D76/><U69/><E69/><V119/><F103/><W35/><G90/><T41/><D75/><U127/><E127/><V13/><F62/><W48/><G61/><T111/><D111/><U98/><E66/><V49/><F39/><W135/><G135/><T91/><D91/><U100/><E58/><N who="2" m="33135" /><F119/><W128/><G128/><T77/><D77/><U72/><E20/><N who="2" m="13447" /><F50/><W87/><G35/><T28/><D24/><U0/><E0/><V120/><F120/><W71/><G23/><T124/><D124/><U107/><E22/><N who="2" m="11567" /><F89/><W80/><G102/><T104/><D104/><U82/><E129/><V73/><F73/><W115/><G71/><T9/><D9/><U63/><E63/><V116/><F116/><W33/><G106/><T7/><D7/><U14/><E107/><V68/><F68/><W122/><G122/><T65/><D65/><U101/><E105/><V78/><F78/><N who="3" m="46487" /><G4/><T70/><REACH who="0" step="1"/><D54/><REACH who="0" ten="173,270,255,292" step="2"/><U92/><E72/><V31/><F31/><W67/><G5/><T11/><D11/><U99/><E101/><V34/><F34/><W19/><G67/><T121/><D121/><U47/><E100/><V27/><F27/><W85/><G19/><T1/><D1/><U56/><E133/><V32/><F32/><W53/><G53/><T134/><D134/><U93/><E132/><V74/><F74/><RYUUKYOKU ba="0,1" sc="173,10,270,-30,255,10,292,10" hai0="6,10,12,28,29,37,38,41,45,46,60,64,70" hai2="43,83,84,88" hai3="26,30,33,40,44,48,85,112,113,115" /><INIT seed="6,1,1,2,3,59" ten="183,240,265,302" oya="2" hai0="100,104,36,14,70,45,120,44,75,40,55,107,71" hai1="63,77,87,9,5,29,72,91,128,83,61,132,114" hai2="58,64,89,46,108,8,115,26,3,25,79,34,49" hai3="117,106,50,20,116,73,41,96,39,105,43,98,97"/><V125/><F115/><W135/><G39/><T102/><D75/><U37/><E114/><V32/><F125/><W65/><G73/><T111/><D36/><U30/><E132/><V24/><F79/><W27/><G135/><T80/><D14/><U23/><E37/><V47/><F47/><W33/><G33/><T99/><D99/><U10/><E128/><V133/><F133/><W88/><G65/><T82/><D55/><U85/><E72/><V67/><F89/><W15/><G15/><T121/><REACH who="0" step="1"/><D111/><REACH who="0" ten="173,240,265,302" step="2"/><U66/><E66/><V118/><F108/><W124/><G97/><T56/><D56/><U113/><E113/><V81/><F67/><W48/><G98/><T35/><D35/><U42/><E42/><AGARI ba="1,2" hai="40,42,44,45,70,71,80,82,100,102,104,107,120,121" machi="42" ten="25,3200,0" yaku="1,1,22,2,53,0" doraHai="59" doraHaiUra="110" who="0" fromWho="1" sc="173,55,240,-35,265,0,302,0" /><INIT seed="7,0,0,3,1,42" ten="228,205,265,302" oya="3" hai0="3,52,129,23,39,135,112,4,29,62,47,27,95" hai1="34,103,125,73,1,114,120,14,132,89,107,68,2" hai2="32,96,13,26,9,48,7,0,33,38,5,35,25" hai3="124,36,118,127,91,11,105,72,59,49,19,110,65"/><W53/><G118/><T54/><D129/><U8/><RYUUKYOKU type="yao9" ba="0,0" sc="228,0,205,0,265,0,302,0" hai1="1,2,8,14,34,68,73,89,103,107,114,120,125,132" /><INIT seed="7,1,0,3,5,59" ten="228,205,265,302" oya="3" hai0="81,33,42,108,109,89,40,34,130,116,21,13,31" hai1="16,107,86,25,99,111,61,95,72,18,115,15,67" hai2="96,110,47,53,26,135,8,1,127,87,113,93,124" hai3="36,56,32,39,46,51,117,35,78,41,101,123,68"/><W27/><G123/><T128/><D89/><U76/><E72/><V84/><F110/><N who="0" m="42602" /><D81/><N who="1" m="47399" /><E111/><V102/><F113/><W57/><G101/><T14/><D42/><U83/><E115/><V120/><F135/><W129/><G78/><T77/><D77/><U114/><E114/><V105/><F26/><W106/><G106/><T98/><D40/><U119/><E119/><V45/><F1/><W62/><G39/><T126/><D98/><U19/><E107/><V20/><F20/><W79/><G79/><T38/><D38/><U88/><E83/><V11/><F105/><W3/><G57/><T12/><D116/><U132/><E132/><V7/><F7/><W29/><G68/><T5/><D5/><U75/><E75/><V64/><F64/><W103/><G103/><T43/><D43/><U82/><E82/><V9/><F120/><W63/><G36/><T69/><D69/><U118/><E118/><V73/><F73/><W24/><G56/><T44/><D44/><U58/><E25/><V66/><F66/><W55/><G41/><T2/><D2/><U85/><E99/><V17/><F47/><W90/><G3/><T49/><D49/><U30/><E30/><V22/><F45/><W71/><G71/><T92/><D92/><U80/><E95/><V104/><F93/><W28/><G117/><T50/><D50/><U133/><E133/><V122/><F104/><W131/><G90/><T6/><D6/><U100/><E100/><V0/><F102/><W112/><G112/><T97/><D97/><U121/><E121/><V52/><F122/><W91/><G91/><RYUUKYOKU ba="1,0" sc="228,-15,205,15,265,-15,302,15" hai1="15,16,18,19,58,61,67,80,85,88" hai3="24,27,28,29,32,35,46,51,55,62,63,129,131" owari="213,-28.7,220,-18.0,250,5.0,317,41.7" /></mjloggm>