<mjloggm ver="2.3"><GO type="169" lobby="0"/><UN n0="%68%69%73%61%74%6F%E6%A3%92" n1="%41%72%64%62%65%47" n2="%E3%81%B3%E3%82%8D%E3%81%B4%E3%82%8D" n3="%E5%8F%A4%E6%96%AF%E5%A1%94%E5%A4%AB%E4%BA%8C%E4%B8%96" dan="16,16,16,16" rate="2055.66,2016.76,2188.89,2084.25" sx="M,M,M,M"/><TAIKYOKU oya="0"/><INIT seed="0,0,0,5,3,6" ten="250,250,250,250" oya="0" hai0="28,117,52,69,37,94,78,86,90,91,98,62,104" hai1="79,10,106,112,64,58,15,4,33,115,5,109,71" hai2="16,32,47,26,92,125,123,17,120,70,128,132,13" hai3="101,51,59,1,89,100,56,129,88,113,103,11,82"/><T53/><D37/><U40/><E71/><V2/><F70/><W43/><G113/><N who="1" m="43594" /><E33/><V107/><F107/><W67/><G129/><T22/><D78/><U61/><E106/><V75/><F75/><W135/><G135/><T105/><D117/><U122/><E122/><N who="2" m="46635" /><F47/><W48/><G1/><T134/><D134/><U133/><E133/><V31/><F92/><W96/><G11/><T111/><D111/><U73/><E109/><V80/><F80/><W83/><G67/><T87/><D69/><U99/><E40/><V29/><F132/><W60/><G60/><T126/><D62/><U23/><E23/><N who="2" m="11663" /><F128/><W50/><G43/><T14/><D98/><U116/><E116/><V124/><F31/><W118/><G96/><T34/><D104/><U57/><E57/><N who="3" m="22090" /><G118/><T7/><D105/><U12/><E99/><V76/><F76/><W68/><G68/><T42/><D42/><U65/><E79/><V114/><F114/><W55/><G55/><T84/><D94/><U9/><E73/><V25/><F2/><W130/><G130/><T30/><D34/><U110/><E110/><V54/><F54/><AGARI ba="0,0" hai="4,5,9,10,12,15,54,58,61,64,65" m="43594" machi="54" ten="30,3900,0" yaku="11,1,52,2" doraHai="6" who="1" fromWho="2" sc="250,0,250,39,250,-39,250,0" /><INIT seed="1,0,0,2,4,47" ten="250,289,211,250" oya="1" hai0="7,115,134,5,81,123,106,3,101,110,125,35,40" hai1="72,11,99,119,12,83,90,85,39,6,17,21,128" hai2="9,132,23,75,78,129,102,1,2,59,22,124,117" hai3="55,64,95,105,103,10,82,31,28,24,65,32,16"/><U36/><E128/><V113/><F117/><W68/><G31/><T48/><D110/><U80/><E119/><V0/><F102/><W130/><G130/><T43/><D35/><U109/><E109/><V107/><F107/><W33/><G33/><T114/><D101/><U63/><E99/><V61/><F129/><W62/><G65/><T135/><D106/><U84/><E72/><V20/><F78/><W8/><G95/><T52/><D125/><U54/><E63/><V51/><F75/><W73/><G55/><T18/><D18/><U89/><REACH who="1" step="1"/><E54/><REACH who="1" ten="250,279,211,250" step="2"/><V87/><F61/><W108/><G108/><T15/><D52/><U53/><E53/><V26/><F124/><W66/><G66/><T34/><D115/><U79/><E79/><V133/><F87/><W86/><G86/><T122/><D114/><U38/><E38/><V96/><F96/><W13/><G73/><T111/><D111/><U120/><E120/><V112/><F112/><W76/><G76/><T45/><D122/><U60/><E60/><V98/><F98/><N who="3" m="61687" /><G82/><T116/><D123/><U126/><E126/><V71/><F113/><W94/><G94/><T67/><D81/><U42/><E42/><V127/><F127/><W70/><G70/><T4/><D67/><U19/><E19/><V50/><F71/><W91/><G91/><T49/><D116/><U92/><E92/><V44/><F59/><W69/><G68/><T58/><D58/><U100/><E100/><V74/><F74/><W121/><G121/><T25/><D40/><U30/><E30/><V46/><F46/><W77/><G77/><RYUUKYOKU ba="0,1" sc="250,-15,279,15,211,-15,250,15" hai1="6,11,12,17,21,36,39,80,83,84,85,89,90" hai3="8,10,13,16,24,28,32,62,64,69" /><INIT seed="1,1,1,5,0,134" ten="235,294,196,265" oya="1" hai0="53,101,105,35,126,120,90,1,107,33,104,47,109" hai1="80,54,129,124,24,94,40,57,117,34,2,3,20" hai2="62,119,45,102,115,75,83,71,113,11,17,5,77" hai3="55,14,18,133,131,96,12,51,10,82,112,23,87"/><U78/><E117/><V39/><F17/><W66/><G133/><T9/><D101/><U56/><E34/><V28/><F119/><W118/><G118/><T79/><D109/><U89/><E40/><V64/><F28/><W130/><G112/><T13/><D1/><U135/><E135/><V68/><F68/><W37/><G37/><T93/><D79/><U95/><E95/><V22/><F22/><W41/><G41/><T111/><D120/><U29/><E129/><N who="3" m="49162" /><G96/><T98/><D126/><U42/><E42/><N who="2" m="22751" /><F102/><W48/><G66/><T31/><D31/><U30/><E124/><V86/><F86/><W19/><G55/><T50/><REACH who="0" step="1"/><D111/><REACH who="0" ten="225,294,196,265" step="2"/><U4/><E30/><V63/><F63/><W52/><G52/><T59/><D59/><U16/><E57/><V6/><F6/><AGARI ba="1,2" hai="6,9,13,33,35,47,50,53,90,93,98,104,105,107" machi="6" ten="40,1300,0" yaku="1,1,53,0" doraHai="134" doraHaiUra="21" who="0" fromWho="2" sc="225,36,294,0,196,-16,265,0" /><INIT seed="2,0,0,4,0,87" ten="261,294,180,265" oya="2" hai0="25,134,115,127,22,31,59,70,120,92,68,28,37" hai1="107,0,43,58,85,64,27,57,93,101,121,40,15" hai2="100,14,62,54,1,11,30,47,3,80,133,34,13" hai3="24,10,132,29,33,36,52,61,90,66,17,128,91"/><V109/><F133/><W6/><G36/><T12/><D115/><U46/><E0/><V118/><F118/><W73/><G73/><T45/><D31/><U49/><E121/><V50/><F100/><W48/><G132/><T38/><D127/><U106/><E40/><V16/><F109/><W44/><G17/><T126/><D126/><U124/><E124/><V79/><F62/><W9/><G128/><T112/><D112/><U113/><E58/><V96/><F96/><W111/><G111/><T131/><D131/><U53/><E64/><V20/><F34/><W117/><G117/><T89/><D59/><U122/><E122/><V82/><F82/><W123/><G123/><T21/><D120/><U74/><E74/><V77/><F77/><W114/><G114/><T23/><D134/><U67/><E101/><V125/><F125/><W7/><G9/><T83/><D83/><U8/><E67/><V69/><F69/><W35/><G33/><T95/><D95/><U63/><E113/><V98/><F98/><W78/><G78/><T103/><D103/><U51/><E63/><V116/><F116/><W94/><G94/><T102/><D102/><U84/><E106/><V97/><F97/><W71/><G7/><T86/><D37/><U4/><E107/><V26/><REACH who="2" step="1"/><F14/><AGARI ba="0,0" hai="6,10,14,24,29,35,44,48,52,61,66,71,90,91" machi="14" ten="30,7700,0" yaku="7,1,52,2,54,1" doraHai="87" who="3" fromWho="2" sc="261,0,294,0,180,-77,265,77" /><INIT seed="3,0,0,5,2,0" ten="261,294,103,342" oya="3" hai0="16,20,95,109,19,134,22,28,92,84,36,98,6" hai1="114,107,115,88,32,127,90,41,8,47,66,59,27" hai2="82,128,80,120,56,2,25,14,113,44,121,119,60" hai3="104,37,31,50,35,7,87,15,81,48,29,49,105"/><W9/><G37/><T68/><D68/><U5/><E107/><V1/><F113/><W67/><G67/><T125/><D109/><U117/><E127/><V112/><F112/><W100/><G35/><T54/><D36/><U4/><E115/><V126/><F44/><W85/><G85/><T108/><D108/><U39/><E114/><V89/><F89/><W135/><G135/><T51/><D125/><U103/><E103/><V62/><F56/><W116/><G116/><T21/><D28/><U24/><E32/><V86/><F86/><W131/><G131/><T101/><D6/><N who="1" m="2667" /><E39/><V11/><F11/><W132/><G132/><T10/><D10/><U65/><E8/><V61/><F126/><W124/><G124/><T26/><D26/><N who="1" m="9771" /><E117/><V72/><F25/><W70/><G70/><T74/><D74/><U33/><E33/><V123/><F119/><W96/><REACH who="3" step="1"/><G105/><REACH who="3" ten="261,294,103,332" step="2"/><T12/><D134/><U43/><E66/><V64/><F64/><W78/><AGARI ba="0,1" hai="7,9,15,29,31,48,49,50,78,81,87,96,100,104" machi="78" ten="30,11700,0" yaku="1,1,2,1,0,1,52,1,53,0" doraHai="0" doraHaiUra="52" who="3" fromWho="3" sc="261,-39,294,-39,103,-39,332,127" /><INIT seed="3,1,0,4,3,89" ten="222,255,64,459" oya="3" hai0="38,100,24,66,8,126,103,58,28,82,14,27,3" hai1="121,39,93,7,111,131,77,120,116,5,1,12,34" hai2="70,54,55,63,46,44,114,40,62,92,25,6,132" hai3="15,17,11,123,101,4,18,135,87,109,129,67,36"/><W124/><G123/><T22/><D3/><U52/><E39/><N who="2" m="21535" /><F6/><W122/><G36/><T99/><D38/><U128/><E34/><V78/><F78/><W81/><G122/><T134/><D134/><U16/><E77/><V98/><F92/><W47/><G124/><T56/><D126/><U73/><E73/><V51/><F98/><W102/><G135/><T53/><D27/><U110/><E93/><V61/><F25/><W41/><G129/><N who="1" m="49738" /><E116/><V45/><F114/><W43/><G67/><T86/><D66/><U29/><E29/><V85/><F85/><W72/><G72/><T30/><D30/><U108/><E52/><N who="2" m="20011" /><F132/><W57/><G87/><T21/><D21/><N who="1" m="11399" /><E1/><V84/><F84/><W91/><G81/><T119/><D119/><U75/><E75/><V26/><F26/><W71/><G102/><T127/><D127/><U59/><E59/><V115/><F115/><W64/><G57/><T88/><D58/><U106/><E106/><V113/><F113/><W13/><G101/><T2/><D2/><U33/><E33/><V79/><F79/><W60/><G91/><T104/><D103/><U112/><E112/><V68/><F46/><W95/><G47/><T42/><D100/><U74/><E74/><V32/><F32/><W9/><G95/><T96/><D104/><U31/><E31/><V19/><F19/><W49/><G18/><N who="0" m="8519" /><D42/><AGARI ba="1,0" hai="42,45,51,61,62,63,68,70" m="20011,21535" machi="42" ten="30,12000,2" yaku="35,5,54,1" doraHai="89" who="2" fromWho="0" sc="222,-123,255,0,64,123,459,0" /><INIT seed="4,0,0,3,5,28" ten="99,255,187,459" oya="0" hai0="78,21,96,89,87,64,132,75,1,36,18,122,35" hai1="83,41,119,115,88,42,105,120,14,13,129,110,103" hai2="54,3,72,6,10,16,46,32,68,92,112,4,62" hai3="71,23,61,8,118,73,59,79,37,5,121,30,44"/><T116/><D1/><U55/><E119/><V114/><F72/><W100/><G118/><T69/><D122/><U48/><E110/><V33/><F6/><W99/><G71/><T40/><D116/><U45/><E120/><V130/><F130/><W102/><G121/><T20/><D132/><U67/><E129/><V50/><F92/><W82/><G23/><T134/><D134/><U125/><E67/><V91/><F91/><W12/><G30/><T51/><D36/><U38/><E41/><V104/><F104/><W124/><G124/><T15/><D35/><U76/><E125/><V63/><F16/><W9/><G9/><T53/><D40/><U85/><E115/><N who="2" m="44075" /><F68/><W27/><G27/><T93/><D21/><U52/><E103/><V31/><F31/><W65/><G37/><T22/><D22/><U111/><E111/><V95/><F95/><W123/><G123/><T47/><D69/><U131/><E38/><V29/><F29/><W97/><G44/><T2/><D2/><U135/><E105/><V34/><AGARI ba="0,0" hai="3,4,10,32,33,34,46,50,54,62,63" m="44075" machi="34" ten="40,8000,1" yaku="15,1,52,3" doraHai="28" who="2" fromWho="2" sc="99,-40,255,-20,187,80,459,-20" /><INIT seed="5,0,0,2,3,63" ten="59,235,267,439" oya="1" hai0="22,60,33,96,123,36,120,1,9,65,74,86,115" hai1="134,54,106,73,95,53,89,16,24,132,135,81,88" hai2="77,40,32,108,121,59,98,34,94,129,46,6,26" hai3="78,56,58,80,28,43,128,131,42,70,37,101,76"/><U12/><E106/><V0/><F108/><W25/><G101/><T119/><D86/><U66/><E66/><V13/><F0/><W83/><G70/><T11/><D22/><U102/><E24/><V41/><F121/><W71/><G71/><T69/><D11/><U72/><E102/><V51/><F129/><N who="3" m="49739" /><G56/><T52/><D52/><N who="1" m="20075" /><E81/><N who="3" m="31306" /><G58/><T126/><D119/><U29/><E29/><V125/><F41/><N who="3" m="15371" /><G37/><T47/><D115/><U50/><E50/><V57/><F57/><W117/><G117/><T48/><D48/><U105/><E105/><V31/><F59/><W90/><G90/><N who="1" m="34922" /><E95/><V68/><F94/><W64/><G64/><T7/><D126/><U82/><E82/><V67/><F67/><W99/><G99/><T2/><D96/><U112/><E112/><V5/><F98/><W75/><G75/><T104/><D104/><U103/><E103/><V10/><F68/><W19/><G28/><T111/><D74/><U23/><AGARI ba="0,0" hai="12,16,23,72,73,132,134,135" m="34922,20075" machi="23" ten="40,12000,1" yaku="20,1,54,3" doraHai="63" who="1" fromWho="1" sc="59,-40,235,120,267,-40,439,-40" /><INIT seed="5,1,0,5,1,20" ten="19,355,227,399" oya="1" hai0="56,21,119,83,69,87,61,102,30,5,77,70,2" hai1="75,100,58,59,107,85,18,131,32,40,93,43,67" hai2="53,92,8,112,22,96,130,68,80,74,44,64,49" hai3="45,78,15,50,109,71,57,99,28,134,132,76,95"/><U82/><E75/><V127/><F127/><W14/><G109/><T9/><D119/><U89/><E131/><V88/><F130/><W133/><G71/><T26/><REACH who="0" step="1"/><D102/><REACH who="0" ten="9,355,227,399" step="2"/><U106/><E100/><V135/><F135/><W51/><G132/><T16/><D16/><U108/><E108/><V17/><F17/><W114/><G133/><T66/><AGARI ba="1,1" hai="2,5,9,21,26,30,56,61,66,69,70,77,83,87" machi="66" ten="20,5200,0" yaku="1,1,0,1,7,1,52,1,53,0" doraHai="20" doraHaiUra="128" who="0" fromWho="0" sc="9,65,355,-27,227,-14,399,-14" /><INIT seed="6,0,0,4,1,39" ten="74,328,213,385" oya="2" hai0="6,47,64,90,75,100,27,120,20,33,107,70,85" hai1="54,114,22,45,44,79,12,82,23,99,121,76,56" hai2="98,36,112,105,118,86,24,37,15,35,48,132,91" hai3="122,42,116,34,94,57,93,59,46,111,129,66,62"/><V68/><F118/><W40/><G111/><T0/><D75/><U96/><E114/><V108/><F68/><W77/><G116/><T127/><D120/><U71/><E71/><V61/><F61/><W92/><G122/><T30/><D127/><U135/><E121/><V130/><F15/><W81/><G34/><T13/><D85/><U10/><E23/><V126/><F126/><W31/><G31/><T63/><D90/><U21/><E21/><V103/><F112/><W25/><G25/><T78/><D78/><U125/><E22/><V32/><F130/><W110/><G110/><T95/><D95/><U4/><E135/><V26/><F132/><W8/><G129/><T29/><D47/><U124/><E79/><V80/><F108/><W28/><G28/><T69/><D69/><U38/><E44/><V102/><F102/><W2/><G46/><T49/><D49/><U123/><E123/><V1/><F1/><W51/><G51/><T53/><D53/><U133/><E133/><V97/><F97/><W84/><G59/><T115/><D115/><U50/><E125/><V89/><F89/><W11/><G2/><T117/><D117/><U65/><E124/><V52/><F26/><W109/><G109/><T9/><D30/><U131/><E131/><V101/><F101/><W119/><G119/><T14/><REACH who="0" step="1"/><D20/><REACH who="0" ten="64,328,213,385" step="2"/><U128/><E128/><V5/><F48/><W113/><G113/><T18/><D18/><U83/><E50/><V87/><F86/><W106/><G94/><T88/><D88/><U134/><E134/><V104/><F87/><W7/><G84/><RYUUKYOKU ba="0,1" sc="64,30,328,-10,213,-10,385,-10" hai0="0,6,9,13,14,27,29,33,63,64,70,100,107" /><INIT seed="7,1,1,0,2,43" ten="94,318,203,375" oya="3" hai0="8,93,130,132,13,108,90,107,40,29,100,39,92" hai1="60,71,55,88,45,0,48,119,31,84,4,95,122" hai2="38,66,15,120,42,87,79,12,129,5,76,117,102" hai3="21,59,127,98,37,125,18,36,106,63,70,103,51"/><W78/><G70/><T20/><D108/><U11/><E119/><V22/><F117/><W114/><G114/><T81/><D132/><U86/><E122/><V34/><F34/><W97/><G78/><T101/><D130/><U77/><E31/><V134/><F129/><W52/><G98/><T24/><D107/><U25/><E25/><V1/><F1/><W61/><G61/><T58/><D81/><U33/><E33/><V94/><F66/><W124/><G51/><T73/><D73/><U26/><E26/><AGARI ba="1,1" hai="18,21,26,36,37,52,59,63,97,103,106,124,125,127" machi="26" ten="40,3900,0" yaku="18,1,54,1" doraHai="43" who="3" fromWho="1" sc="94,0,318,-42,203,0,375,52" owari="94,-40.6,276,7.6,203,-19.7,427,52.7" /></mjloggm>