<mjloggm ver="2.3"><GO type="169" lobby="0"/><UN n0="%E3%81%B3%E3%82%8A%E3%81%B3%E3%82%8A%E2%98%86%E3%83%93%E3%83%AA%E3%83%BC" n1="%46%75%4B%61" n2="%32%30%31%33%36%31%32" n3="%E3%81%8B%E3%82%8F%E3%81%97%E3%81%83" dan="16,16,17,16" rate="2150.54,2085.07,2217.69,2108.38" sx="M,M,M,M"/><TAIKYOKU oya="0"/><INIT seed="0,0,0,4,4,109" ten="250,250,250,250" oya="0" hai0="32,55,90,11,42,56,115,125,134,10,34,133,51" hai1="104,83,0,112,1,26,17,65,49,18,97,80,95" hai2="19,119,59,52,35,60,28,13,66,70,53,8,128" hai3="79,14,81,116,7,5,58,48,29,88,36,41,89"/><T25/><D125/><U123/><E123/><V4/><F128/><W131/><G116/><T54/><D42/><U86/><E104/><V73/><F119/><W100/><G36/><T135/><D115/><U113/><E65/><V43/><F73/><W114/><G114/><N who="1" m="44138" /><E49/><V47/><F70/><W31/><G100/><T121/><D121/><U85/><E26/><V46/><F46/><W77/><G58/><N who="0" m="33119" /><D90/><N who="1" m="55543" /><E86/><V68/><F68/><W84/><G131/><T21/><D32/><U71/><E71/><V91/><F35/><W124/><G124/><T117/><D34/><U92/><E92/><V38/><F38/><W39/><G39/><T94/><D94/><U16/><E83/><V107/><F107/><W75/><G75/><T127/><D127/><U74/><E74/><V82/><F82/><W44/><G77/><AGARI ba="0,0" hai="0,1,16,17,18,77,80,85" m="55543,44138" machi="77" ten="30,8000,1" yaku="11,1,52,3,54,1" doraHai="109" who="1" fromWho="3" sc="250,0,250,80,250,0,250,-80" /><INIT seed="1,0,0,2,2,14" ten="250,330,250,170" oya="1" hai0="79,122,75,113,66,132,34,15,59,91,54,89,49" hai1="105,125,40,10,112,129,97,99,70,69,30,52,3" hai2="116,5,42,4,85,118,32,131,71,39,9,27,92" hai3="73,133,36,47,13,110,17,43,74,76,119,26,81"/><U106/><E112/><V37/><F71/><W98/><G110/><T48/><D113/><U41/><E30/><V25/><F92/><W11/><G133/><T35/><D132/><U56/><E129/><V126/><F85/><W127/><G127/><T120/><D66/><U84/><E84/><V102/><F102/><W22/><G119/><T61/><D61/><U87/><E87/><V96/><F96/><W93/><G73/><T31/><D31/><U94/><E125/><V24/><F42/><W19/><G93/><T101/><D101/><U114/><E114/><V50/><F50/><W86/><REACH who="3" step="1"/><G86/><REACH who="3" ten="250,330,250,160" step="2"/><T44/><D75/><U21/><E94/><V20/><F126/><W78/><G78/><T60/><D79/><U7/><E105/><V128/><F116/><W77/><G77/><T38/><D91/><U83/><E106/><V62/><F118/><W130/><G130/><T67/><D89/><U95/><E95/><V72/><F72/><W46/><G46/><T1/><D44/><U0/><E97/><AGARI ba="0,1" hai="11,13,17,19,22,26,36,43,47,74,76,81,97,98" machi="97" ten="40,8000,1" yaku="1,1,52,2,53,1" doraHai="14" doraHaiUra="23" who="3" fromWho="1" sc="250,0,330,-80,250,0,160,90" /><INIT seed="2,0,0,2,0,11" ten="250,250,250,250" oya="2" hai0="50,27,128,134,28,64,49,75,96,67,13,37,135" hai1="10,41,125,90,60,57,72,40,4,129,77,102,112" hai2="85,115,38,81,124,116,24,25,46,45,101,54,26" hai3="69,123,97,20,5,7,23,29,42,130,68,80,91"/><V39/><F115/><W100/><G42/><T95/><D37/><U98/><E112/><V117/><F101/><W92/><G123/><T34/><D75/><U56/><E125/><V118/><F124/><W86/><G130/><T44/><D128/><U21/><E129/><V93/><F93/><W114/><G114/><T71/><D50/><U61/><E90/><V55/><F85/><W16/><G68/><T84/><D84/><U79/><E21/><V18/><F18/><W2/><G2/><T110/><D110/><U15/><E72/><V3/><F81/><W94/><G69/><T32/><D32/><U70/><E70/><V53/><REACH who="2" step="1"/><F3/><REACH who="2" ten="250,250,240,250" step="2"/><W31/><G92/><T127/><D127/><U17/><E17/><V76/><F76/><W62/><G31/><T78/><D78/><U83/><E77/><V107/><F107/><W111/><G111/><T122/><D95/><N who="1" m="58719" /><E83/><V22/><F22/><W73/><G73/><T12/><D122/><U43/><E79/><V65/><F65/><N who="0" m="25162" /><D96/><U9/><E9/><V30/><F30/><W105/><G29/><T74/><D74/><U108/><E108/><V82/><F82/><W121/><G23/><T131/><D131/><U63/><AGARI ba="0,1" hai="4,10,15,40,41,43,56,57,60,61,63" m="58719" machi="63" ten="30,2000,0" yaku="8,1,52,1" doraHai="11" who="1" fromWho="1" sc="250,-5,250,30,240,-10,250,-5" /><INIT seed="3,0,0,2,3,81" ten="245,280,230,245" oya="3" hai0="76,134,60,120,99,86,54,67,43,63,73,45,80" hai1="3,15,58,50,113,65,130,30,116,46,61,36,21" hai2="101,18,20,71,4,33,2,125,123,25,59,94,28" hai3="47,75,131,16,68,10,9,13,98,104,56,41,90"/><W84/><G68/><T135/><D120/><U102/><E3/><V124/><F71/><W51/><G75/><T77/><D99/><U126/><E116/><V109/><F101/><W23/><G131/><T83/><D54/><U78/><E130/><V70/><F70/><W14/><G104/><T122/><D122/><U127/><E113/><V44/><F123/><W85/><G56/><T19/><D19/><U1/><E1/><V38/><F59/><W55/><G41/><T64/><D63/><U5/><E36/><V88/><F109/><W103/><G103/><T69/><REACH who="0" step="1"/><D67/><REACH who="0" ten="235,280,230,245" step="2"/><U118/><E65/><V57/><F18/><N who="3" m="10703" /><G9/><T34/><D34/><U27/><E61/><V93/><F33/><W91/><G91/><T12/><D12/><U112/><E15/><V0/><F88/><W37/><G37/><AGARI ba="0,1" hai="37,43,45,60,64,69,73,76,77,80,83,86,134,135" machi="37" ten="40,2600,0" yaku="1,1,52,1,53,0" doraHai="81" doraHaiUra="95" who="0" fromWho="3" sc="235,36,280,0,230,0,245,-26" /><INIT seed="4,0,0,5,1,69" ten="271,280,230,219" oya="0" hai0="106,74,46,57,42,26,133,44,55,96,4,134,49" hai1="9,76,71,54,58,63,82,113,20,28,21,73,93" hai2="88,35,70,135,11,114,33,91,24,130,101,111,128" hai3="27,52,109,104,29,48,38,98,84,90,5,83,53"/><T14/><D74/><U94/><E113/><V37/><F111/><W22/><G109/><T17/><D46/><U99/><E9/><V68/><F101/><W50/><G38/><T115/><D115/><U112/><E112/><V43/><F114/><W97/><G104/><T87/><D26/><U40/><E40/><V80/><F11/><W47/><REACH who="3" step="1"/><G5/><REACH who="3" ten="271,280,230,209" step="2"/><T108/><D4/><U131/><E131/><V8/><F37/><W105/><G105/><T120/><D108/><U124/><E93/><V41/><F128/><W117/><G117/><T61/><D106/><U3/><E94/><V92/><F92/><W0/><G0/><T89/><D120/><U16/><E3/><V25/><F130/><W102/><G102/><T126/><D126/><U62/><E124/><V123/><F123/><W23/><G23/><T31/><D134/><U125/><E21/><V116/><F135/><W81/><G81/><T67/><D133/><U39/><E39/><V118/><F8/><W127/><G127/><T77/><D42/><U110/><E110/><V56/><F80/><W34/><G34/><T132/><D132/><U85/><E125/><V103/><F103/><W66/><G66/><T59/><D67/><U7/><E7/><V72/><F118/><W119/><G119/><T6/><D6/><U32/><E32/><V12/><F116/><W10/><G10/><T100/><D100/><U2/><E2/><V1/><F1/><W75/><G75/><T51/><D55/><U30/><E73/><V121/><F72/><W107/><G107/><T60/><D96/><U86/><E99/><RYUUKYOKU ba="0,1" sc="271,-10,280,-10,230,-10,209,30" hai3="22,27,29,47,48,50,52,53,83,84,90,97,98" /><INIT seed="5,1,1,2,5,1" ten="261,270,220,239" oya="1" hai0="117,105,55,87,52,95,107,63,35,22,110,115,101" hai1="83,13,125,131,28,70,129,58,79,5,36,12,78" hai2="53,19,42,111,130,21,80,14,121,38,10,71,32" hai3="60,25,92,20,30,123,72,97,64,34,18,91,118"/><U93/><E70/><V126/><F111/><W120/><G118/><T122/><D110/><U108/><E108/><V56/><F121/><W17/><G72/><T27/><D117/><U128/><E36/><V40/><F71/><W81/><G17/><T9/><D35/><U24/><E125/><V39/><F32/><W0/><G0/><T2/><D115/><U103/><E58/><V106/><F106/><W45/><G45/><T4/><D122/><U46/><E46/><V127/><F130/><W33/><G33/><T3/><D3/><U114/><E114/><V86/><F38/><W98/><G81/><T7/><D7/><U50/><E50/><N who="2" m="30775" /><F39/><W47/><G47/><T68/><D107/><U51/><E51/><V15/><F126/><W49/><G49/><T135/><D105/><U23/><E79/><N who="2" m="46367" /><F127/><W99/><G120/><T102/><D135/><U37/><E37/><V6/><AGARI ba="1,1" hai="6,10,14,15,19,21,40,42" m="46367,30775" machi="6" ten="30,2000,0" yaku="8,1,52,1" doraHai="1" who="2" fromWho="2" sc="261,-6,270,-11,220,33,239,-6" /><INIT seed="6,0,0,0,2,13" ten="255,259,253,233" oya="2" hai0="133,96,94,92,79,108,57,45,70,32,18,117,73" hai1="1,51,120,19,88,83,53,110,112,48,12,5,36" hai2="104,131,25,114,86,8,38,100,6,77,21,35,135" hai3="127,125,134,63,31,26,52,61,132,65,95,40,24"/><V124/><F38/><W102/><G40/><T9/><D108/><U67/><E110/><V43/><F114/><W89/><G102/><T109/><D70/><U72/><E112/><V126/><F35/><W123/><G123/><T22/><D32/><U87/><E36/><V128/><F43/><W97/><G61/><T34/><D34/><U16/><E120/><V2/><F100/><W54/><G24/><T49/><D109/><U56/><E72/><V39/><F104/><W85/><G85/><T113/><D113/><U90/><E1/><V66/><F66/><W10/><G10/><T76/><D133/><N who="3" m="51305" /><G26/><N who="0" m="14679" /><D73/><U7/><E67/><V91/><F39/><W74/><G31/><T62/><D9/><N who="1" m="4159" /><E5/><V59/><F135/><W84/><G84/><T130/><D130/><N who="2" m="49706" /><F77/><N who="0" m="29770" /><D96/><U129/><E90/><V42/><F91/><W75/><G74/><T116/><D116/><U119/><E119/><V41/><F86/><W105/><G105/><T101/><D101/><U103/><E103/><V69/><F69/><N who="3" m="42175" /><G75/><T64/><D117/><U17/><E129/><V81/><F8/><W98/><G98/><T58/><D58/><U80/><E51/><V55/><F59/><W118/><G118/><T14/><D14/><U11/><E11/><V107/><F107/><W78/><G78/><T46/><D46/><U60/><E48/><V3/><F2/><W121/><G121/><T122/><D122/><U71/><E71/><V29/><F3/><W27/><G27/><T50/><D50/><U37/><E37/><V20/><F6/><W115/><G115/><T111/><D111/><U0/><E0/><RYUUKYOKU ba="0,0" sc="255,10,259,10,253,-30,233,10" hai0="45,49,57,62,64,92,94" hai1="16,17,19,53,56,60,80,83,87,88" hai3="52,54,89,95,97,125,127" /><INIT seed="7,1,0,5,2,97" ten="265,269,223,243" oya="3" hai0="52,86,66,27,116,19,72,31,112,111,109,57,32" hai1="103,59,28,135,63,18,9,41,74,113,129,30,35" hai2="76,82,84,126,64,23,5,132,122,34,106,12,124" hai3="40,20,43,37,89,16,107,88,80,11,100,105,87"/><W67/><G67/><T118/><D72/><U38/><E129/><V54/><F34/><W33/><G33/><T2/><D2/><U55/><E135/><V26/><F132/><W58/><G37/><T49/><D112/><U60/><E74/><V3/><F3/><W56/><G105/><T53/><D66/><U14/><E113/><V130/><F130/><W123/><G100/><T83/><D19/><U10/><E41/><N who="3" m="15946" /><G107/><T0/><D0/><U108/><E38/><V79/><F64/><W29/><G89/><T70/><D70/><U7/><E63/><V73/><F106/><W42/><G42/><T4/><D4/><U95/><E35/><V13/><F122/><W115/><G115/><T127/><D127/><N who="2" m="48682" /><F5/><W104/><G104/><T120/><D120/><U94/><E94/><V15/><F54/><W134/><G134/><T110/><REACH who="0" step="1"/><D53/><REACH who="0" ten="255,269,223,243" step="2"/><U39/><E7/><V77/><F73/><W90/><G123/><T114/><D114/><U133/><E55/><V117/><F117/><W78/><G29/><AGARI ba="1,1" hai="12,13,15,23,26,29,76,77,79,82,84" m="48682" machi="29" ten="30,1000,0" yaku="18,1" doraHai="97" who="2" fromWho="3" sc="255,0,269,0,223,23,243,-13" /><INIT seed="8,0,0,2,1,59" ten="255,269,246,230" oya="0" hai0="28,128,85,47,61,21,48,122,15,113,11,0,116" hai1="20,117,75,84,25,74,118,17,112,94,86,125,63" hai2="69,42,105,124,79,119,83,38,58,95,36,134,99" hai3="22,44,107,88,82,18,46,127,50,133,78,129,14"/><T90/><D113/><U35/><E112/><V64/><F105/><W40/><G107/><T111/><D122/><U32/><E125/><V39/><F69/><W3/><G3/><T65/><D116/><N who="1" m="44651" /><E94/><V24/><F124/><W52/><G127/><T120/><D120/><U131/><E131/><V41/><F134/><W60/><G133/><T126/><D126/><U33/><E63/><V54/><F24/><W53/><G129/><T123/><D123/><U16/><E17/><V81/><F81/><W130/><G130/><T23/><D128/><U121/><E121/><V26/><F83/><W4/><G4/><T34/><D0/><U5/><E5/><V51/><F95/><W73/><G88/><T19/><D111/><U70/><E70/><V101/><F101/><W108/><G108/><T114/><D114/><U93/><E93/><V45/><F79/><W62/><G53/><N who="0" m="29855" /><D34/><N who="1" m="8707" /><U43/><DORA hai="87" /><E43/><V132/><F41/><W109/><G109/><T8/><D61/><U29/><E29/><V98/><F132/><W56/><G56/><T13/><D28/><U55/><E55/><V31/><F54/><W103/><G103/><T89/><D65/><U1/><E1/><V37/><F119/><W7/><G7/><N who="0" m="3231" /><D90/><U9/><E9/><V100/><F100/><W30/><G30/><T66/><D66/><U77/><E77/><V76/><F76/><W67/><G67/><T49/><D49/><AGARI ba="0,0" hai="14,18,22,40,44,46,49,50,52,60,62,73,78,82" machi="49" ten="30,7700,0" yaku="7,1,52,2,54,1" doraHai="59,87" who="3" fromWho="0" sc="255,-77,269,0,246,0,230,77" owari="178,-32.2,269,6.9,246,-15.4,307,40.7" /></mjloggm>