<mjloggm ver="2.3"><GO type="169" lobby="0"/><UN n0="%E3%82%A8%E3%82%B0%E3%83%81%E3%80%81" n1="%E6%9F%8A%E5%92%B2%E5%A4%9C" n2="%E5%A5%88%E8%89%AF%E3%82%B7%E3%82%AB%E3%83%9E%E3%83%AB%EF%BC%81" n3="%E3%81%86%E3%81%A1%E3%83%BC" dan="16,16,16,16" rate="2168.49,2159.23,2150.23,2164.16" sx="M,M,M,M"/><TAIKYOKU oya="0"/><INIT seed="0,0,0,2,1,71" ten="250,250,250,250" oya="0" hai0="118,98,72,43,59,39,48,131,89,110,114,52,17" hai1="6,31,35,74,129,80,84,61,5,37,2,68,45" hai2="30,18,124,23,70,38,132,44,112,1,127,106,34" hai3="100,32,42,57,22,115,73,40,75,66,56,108,36"/><T0/><D114/><U77/><E129/><V125/><F70/><W53/><G32/><T60/><D118/><U54/><E84/><V41/><F112/><W117/><G108/><T81/><D0/><U10/><E6/><V103/><F1/><W82/><G100/><T62/><D131/><U13/><E13/><V122/><F122/><W120/><G115/><T21/><D110/><U25/><E54/><V65/><F65/><W92/><G92/><T101/><D89/><U4/><E4/><V19/><F34/><W107/><G107/><T97/><D81/><U102/><E102/><V76/><F76/><W135/><G66/><T55/><D72/><U64/><E45/><V116/><F132/><W104/><G104/><T69/><D69/><U50/><E50/><V20/><F116/><W88/><G56/><T27/><D97/><U26/><E26/><N who="2" m="16711" /><F23/><W111/><G111/><T15/><D27/><U24/><E25/><V7/><F7/><W49/><G42/><T79/><D79/><U105/><E105/><V85/><F85/><N who="3" m="50231" /><G75/><T123/><D123/><U119/><E119/><V99/><AGARI ba="0,0" hai="18,19,38,41,44,99,103,106,124,125,127" m="16711" machi="99" ten="40,2700,0" yaku="18,1,52,1" doraHai="71" who="2" fromWho="2" sc="250,-13,250,-7,250,27,250,-7" /><INIT seed="1,0,0,0,4,23" ten="237,243,277,243" oya="1" hai0="49,105,120,118,7,85,76,53,51,50,82,131,36" hai1="11,25,73,135,32,16,20,47,127,133,126,38,102" hai2="109,134,52,68,129,98,15,29,114,72,4,92,6" hai3="46,2,57,100,77,99,132,10,39,12,74,40,37"/><U56/><E73/><V34/><F72/><W63/><G132/><N who="1" m="50762" /><E102/><V111/><F68/><W8/><G39/><T121/><D131/><U103/><E103/><V104/><F104/><W89/><G89/><T71/><D118/><U1/><E56/><V79/><F79/><W17/><G2/><T66/><D105/><U61/><E61/><V44/><F129/><W54/><G74/><T48/><D36/><U106/><E106/><V30/><F114/><W91/><G91/><T0/><D66/><U83/><E83/><V19/><F6/><W90/><G90/><T21/><D71/><U70/><E70/><V95/><F4/><W125/><G125/><N who="1" m="47626" /><E32/><V41/><F134/><W86/><G77/><T33/><D33/><U124/><E124/><V28/><F95/><W26/><G100/><T119/><D82/><U84/><E84/><V94/><F92/><W122/><G86/><T31/><D85/><U60/><E60/><V88/><F34/><W113/><G63/><T108/><D76/><U93/><E93/><V62/><F41/><W9/><G40/><T130/><D53/><U65/><E65/><V116/><F62/><W96/><G54/><T69/><D69/><U123/><E123/><V97/><F97/><W78/><G122/><T87/><D87/><U22/><E22/><N who="2" m="11647" /><F116/><W115/><G96/><T81/><D119/><U18/><E1/><V45/><F52/><W55/><G55/><T24/><D121/><U42/><E11/><V14/><F94/><W117/><G9/><T67/><D120/><U75/><E75/><V112/><F98/><W13/><G99/><RYUUKYOKU ba="0,0" sc="237,-10,243,30,277,-10,243,-10" hai1="16,18,20,25,38,42,47" /><INIT seed="1,1,0,1,5,131" ten="227,273,267,233" oya="1" hai0="21,26,52,133,118,53,67,6,28,122,89,34,56" hai1="1,75,65,23,78,35,3,77,66,8,16,124,95" hai2="43,88,81,83,125,39,82,76,112,49,51,2,87" hai3="108,62,91,127,100,25,20,17,38,90,86,45,71"/><U40/><E35/><V15/><F2/><W7/><G108/><T55/><D118/><U64/><E124/><V104/><F125/><W44/><G127/><T42/><D122/><U129/><E129/><V80/><F104/><W98/><G38/><T117/><D117/><U41/><E95/><V14/><F39/><W130/><G130/><T102/><D102/><U123/><E123/><V132/><F112/><W121/><G7/><T73/><D73/><U120/><E120/><V110/><F110/><W58/><G91/><T59/><D133/><U68/><E68/><V134/><F76/><W24/><G24/><T29/><D42/><N who="1" m="16491" /><E3/><V84/><F43/><W46/><G71/><T61/><D6/><U10/><E75/><V116/><F116/><W32/><G32/><T105/><D105/><U22/><E1/><V48/><REACH who="2" step="1"/><F87/><REACH who="2" ten="227,273,257,233" step="2"/><W126/><G126/><T36/><D36/><U93/><E78/><V57/><F57/><W31/><G121/><T72/><D72/><U74/><E77/><V47/><F47/><W115/><G115/><T19/><D56/><U114/><E74/><V0/><F0/><W94/><G46/><T96/><REACH who="0" step="1"/><D34/><REACH who="0" ten="217,273,257,233" step="2"/><U111/><E111/><V18/><F18/><W106/><REACH who="3" step="1"/><G17/><REACH who="3" ten="217,273,257,223" step="2"/><T12/><D12/><AGARI ba="1,3" hai="12,14,15,48,49,51,80,81,82,83,84,88,132,134" machi="12" ten="50,8000,1" yaku="1,1,52,2,54,1,53,0" doraHai="131" doraHaiUra="50" who="2" fromWho="0" sc="217,-83,273,0,257,113,223,0" /><INIT seed="2,0,0,5,1,47" ten="134,273,370,223" oya="2" hai0="125,106,50,53,114,104,46,14,86,5,119,112,128" hai1="68,10,121,54,71,39,35,24,105,93,109,92,23" hai2="9,65,100,51,130,76,40,117,135,78,84,20,67" hai3="43,41,91,74,110,16,52,127,99,30,0,103,33"/><V69/><F117/><W102/><G0/><T73/><D73/><U34/><E105/><V118/><F118/><W29/><G74/><T21/><D119/><U77/><E39/><V129/><F100/><W2/><G2/><T60/><D125/><U122/><E77/><V32/><F32/><W45/><G110/><T70/><D128/><N who="2" m="49258" /><F69/><W75/><G75/><T11/><D106/><U61/><E10/><V48/><F40/><W79/><G79/><N who="2" m="30249" /><F135/><W38/><G33/><T25/><D104/><U101/><E101/><V57/><F84/><W4/><G38/><T80/><D86/><U87/><E87/><V66/><F57/><W58/><G102/><T95/><D80/><U56/><E109/><V18/><F9/><W6/><G103/><T36/><D95/><N who="1" m="36427" /><E68/><V81/><F81/><W120/><G99/><T131/><D131/><U83/><E71/><V124/><F124/><W26/><G127/><T49/><D36/><U134/><E83/><V64/><N who="2" m="16384" /><DORA hai="31" /><V7/><F7/><W8/><G6/><T98/><D98/><U88/><E134/><V90/><F90/><W63/><G91/><T12/><D70/><U22/><E88/><V96/><F96/><W116/><G4/><T132/><D132/><U17/><E23/><V133/><F133/><W111/><G111/><T107/><D107/><U62/><E61/><V94/><F94/><W19/><G8/><N who="0" m="4111" /><D60/><U72/><E72/><V42/><F42/><W82/><G63/><T44/><D21/><U37/><E37/><V89/><F89/><W55/><G116/><T85/><D85/><U3/><E3/><RYUUKYOKU ba="0,0" sc="134,-15,273,15,370,15,223,-15" hai1="17,22,24,34,35,54,56,62,121,122" hai2="18,20,48,51" /><INIT seed="2,1,0,0,4,99" ten="119,288,385,208" oya="2" hai0="40,35,44,112,13,92,11,63,23,98,88,123,15" hai1="8,129,41,42,27,116,119,111,96,74,66,87,114" hai2="67,38,33,104,29,108,19,127,7,60,61,97,68" hai3="30,10,73,120,121,56,107,64,25,70,18,65,72"/><V6/><F38/><W76/><G70/><T103/><D35/><U20/><E114/><V80/><F127/><W58/><G107/><T128/><D128/><U22/><E74/><V21/><F80/><W101/><G10/><T9/><D123/><U71/><E129/><V100/><F61/><W26/><G18/><T54/><D112/><U37/><E111/><V17/><F17/><W12/><G12/><T109/><D109/><U78/><E22/><V94/><F94/><W113/><G113/><T51/><D23/><U0/><E66/><V130/><F130/><W115/><G115/><T118/><D118/><U131/><E71/><V2/><F2/><W36/><G36/><T59/><D15/><U34/><E131/><V134/><F134/><W39/><G39/><T14/><D14/><U32/><E37/><V79/><F79/><W110/><G76/><T105/><REACH who="0" step="1"/><D13/><REACH who="0" ten="109,288,385,208" step="2"/><U75/><E34/><V132/><F108/><W91/><G110/><T84/><AGARI ba="1,1" hai="9,11,40,44,51,54,59,63,84,88,92,98,103,105" machi="84" ten="20,16000,3" yaku="1,1,2,1,0,1,7,1,52,1,54,1,53,2" doraHai="99" doraHaiUra="5" who="0" fromWho="0" sc="109,173,288,-41,385,-81,208,-41" /><INIT seed="3,0,0,3,4,97" ten="282,247,304,167" oya="3" hai0="128,42,31,75,65,3,105,66,90,113,49,46,73" hai1="12,0,77,22,119,129,62,48,36,79,28,87,109" hai2="47,25,53,41,112,50,98,43,21,100,99,10,52" hai3="16,120,64,135,26,114,123,107,33,125,88,5,117"/><W108/><G107/><T80/><D128/><U122/><E122/><V2/><F112/><W8/><G114/><T55/><D3/><U133/><E36/><V102/><F10/><W71/><G117/><T54/><D105/><U131/><E0/><V45/><F2/><W93/><G135/><T40/><D90/><U101/><E133/><V127/><F127/><W14/><G125/><T103/><D113/><U70/><E109/><V67/><F67/><W23/><G108/><T118/><D80/><U78/><E87/><V4/><F4/><W60/><REACH who="3" step="1"/><G33/><REACH who="3" ten="282,247,304,157" step="2"/><T106/><D106/><U13/><E119/><V85/><F85/><AGARI ba="0,1" hai="5,8,14,16,23,26,60,64,71,85,88,93,120,123" machi="85" ten="30,18000,2" yaku="1,1,2,1,7,1,54,2,53,1" doraHai="97" doraHaiUra="6" who="3" fromWho="2" sc="282,0,247,0,304,-180,157,190" /><INIT seed="3,1,0,4,5,57" ten="282,247,124,347" oya="3" hai0="89,48,38,80,60,65,120,121,24,68,28,1,105" hai1="124,26,31,15,5,4,72,45,2,122,37,131,123" hai2="62,18,6,70,7,23,27,55,66,82,36,56,94" hai3="98,113,128,116,134,97,91,106,14,9,51,115,104"/><W103/><G116/><T110/><D110/><U102/><E72/><V64/><F36/><W0/><G0/><T84/><D38/><U19/><E102/><V96/><F82/><W111/><G111/><T79/><D1/><U47/><E37/><V50/><REACH who="2" step="1"/><F64/><REACH who="2" ten="282,247,114,347" step="2"/><W125/><G115/><T74/><D121/><U75/><E123/><V69/><F69/><W3/><G113/><T54/><D120/><U11/><E122/><V46/><F46/><W127/><G127/><T41/><D65/><U81/><E47/><V86/><F86/><W71/><G71/><T117/><D68/><U40/><E124/><V42/><F42/><W130/><G125/><T73/><D41/><U21/><E131/><V10/><F10/><W16/><G130/><T76/><D74/><U129/><E129/><V67/><F67/><W107/><G128/><T49/><D73/><U34/><E45/><V101/><AGARI ba="1,1" hai="6,7,18,23,27,50,55,56,62,66,70,94,96,101" machi="101" ten="20,8000,1" yaku="1,1,0,1,7,1,52,1,53,1" doraHai="57" doraHaiUra="99" who="2" fromWho="2" sc="282,-21,247,-21,114,93,347,-41" /><INIT seed="4,0,0,4,4,27" ten="261,226,207,306" oya="0" hai0="18,61,117,94,118,112,111,123,9,75,22,86,55" hai1="13,29,10,47,21,23,127,105,106,91,116,28,58" hai2="124,78,37,114,98,134,24,135,5,39,20,38,132" hai3="50,126,43,128,69,100,51,1,71,11,101,52,57"/><T30/><D123/><U68/><E68/><V7/><F78/><W14/><G1/><T90/><D112/><U103/><E116/><V0/><F114/><W63/><G126/><T66/><D75/><U31/><E127/><V102/><F0/><W85/><G128/><T125/><D111/><U79/><E79/><V45/><F45/><N who="3" m="25919" /><G71/><T15/><D125/><U34/><E34/><V110/><F110/><W93/><G69/><T60/><D66/><U42/><E91/><V6/><F124/><W25/><G25/><T113/><D113/><U129/><E129/><V77/><F77/><W72/><G63/><T76/><D76/><U92/><E58/><V73/><F73/><W97/><G85/><T81/><D94/><U4/><E92/><V70/><F70/><W56/><G56/><T33/><D33/><U64/><E64/><V32/><F32/><W131/><G131/><T108/><D108/><U88/><E88/><V59/><F59/><W80/><G80/><T104/><D104/><U82/><E82/><V62/><F62/><W41/><G41/><T49/><D118/><U16/><E23/><V67/><F67/><W109/><G109/><T115/><D115/><U35/><E103/><V40/><F40/><W3/><G3/><T89/><D89/><U48/><REACH who="1" step="1"/><E35/><REACH who="1" ten="261,216,207,306" step="2"/><V8/><F102/><N who="3" m="60719" /><G72/><T99/><D117/><U121/><E121/><V83/><F83/><W2/><G101/><T130/><D130/><U120/><E120/><V54/><F98/><W44/><G57/><N who="0" m="33007" /><D99/><U84/><E84/><V17/><F54/><W133/><G100/><T26/><AGARI ba="0,1" hai="9,15,18,22,26,30,60,61,81,86,90" m="33007" machi="26" ten="30,6000,0" yaku="5,1,8,1,52,1" doraHai="27" who="0" fromWho="0" sc="261,70,216,-20,207,-20,306,-20" /><INIT seed="4,1,0,0,0,17" ten="331,196,187,286" oya="0" hai0="11,81,84,74,114,44,0,12,135,22,61,103,3" hai1="13,104,50,112,39,28,46,31,9,117,40,80,128" hai2="10,29,124,8,20,120,69,45,35,53,42,79,38" hai3="92,126,89,67,36,7,127,108,94,106,91,122,52"/><T130/><D114/><U110/><E110/><V43/><F120/><W125/><G106/><T105/><D74/><U118/><E112/><V116/><F116/><W5/><G108/><T2/><D130/><U75/><E128/><V97/><F35/><W14/><G36/><T96/><D135/><U54/><E104/><V101/><F42/><W71/><G122/><T56/><D44/><U88/><E118/><V82/><F69/><W107/><G107/><T78/><D22/><U87/><E75/><V98/><F53/><W32/><G32/><T132/><D132/><U73/><E73/><V4/><F124/><W15/><G52/><T119/><D119/><U55/><E117/><V26/><F101/><W34/><G34/><T115/><D115/><U90/><E90/><N who="3" m="34314" /><G67/><T113/><D113/><U49/><E39/><V62/><F62/><W86/><G86/><T33/><D33/><U129/><E129/><V21/><F10/><N who="3" m="4431" /><G71/><T66/><D0/><U23/><E23/><V134/><F134/><W72/><G72/><T58/><D58/><U131/><E131/><V16/><F82/><W93/><G7/><AGARI ba="1,0" hai="2,3,7,11,12,56,61,66,78,81,84,96,103,105" machi="7" ten="30,1500,0" yaku="7,1" doraHai="17" who="0" fromWho="3" sc="331,18,196,0,187,0,286,-18" /><INIT seed="4,2,0,0,4,24" ten="349,196,187,268" oya="0" hai0="49,10,77,100,93,75,7,74,79,90,43,132,124" hai1="130,88,98,121,128,111,66,40,94,113,1,27,54" hai2="15,104,81,102,117,65,95,61,131,114,33,50,47" hai3="12,46,83,29,11,58,78,59,112,84,105,28,91"/><T120/><D120/><U6/><E111/><V123/><F123/><W60/><G105/><T18/><D124/><U14/><E121/><V70/><F114/><W25/><G112/><T62/><D100/><U21/><E113/><V56/><F104/><W31/><G25/><T72/><D18/><U48/><E66/><V0/><F0/><W26/><G26/><T73/><D132/><U76/><E76/><V86/><F131/><N who="1" m="50217" /><E40/><V39/><F39/><W64/><G46/><T38/><D38/><U89/><E1/><V125/><F33/><W116/><G116/><T53/><D62/><U5/><E89/><V122/><F125/><W92/><G59/><T23/><D23/><U67/><E14/><V103/><F117/><W97/><G31/><T129/><D43/><U3/><E3/><V44/><F122/><W134/><G134/><T69/><D69/><U68/><E67/><V119/><F119/><W82/><REACH who="3" step="1"/><G82/><REACH who="3" ten="349,196,187,258" step="2"/><T99/><D129/><U36/><E68/><V108/><F70/><W127/><G127/><T106/><D106/><U20/><E36/><V135/><F135/><W107/><G107/><T32/><D32/><U55/><E27/><V4/><F47/><W80/><G80/><T35/><D35/><U41/><E41/><N who="2" m="24847" /><F108/><W45/><G45/><T85/><D93/><U42/><E42/><V133/><F95/><W52/><G52/><N who="1" m="20010" /><E48/><V9/><F133/><W118/><G118/><T22/><D49/><U8/><E8/><V87/><F81/><W13/><G13/><T37/><D10/><U110/><E110/><V109/><F109/><W57/><G57/><RYUUKYOKU ba="2,1" sc="349,-30,196,10,187,10,258,10" hai1="5,6,20,21,88,94,98" hai2="4,9,15,56,61,65,86,87,102,103" hai3="11,12,28,29,58,60,64,78,83,84,91,92,97" /><INIT seed="5,3,1,5,5,9" ten="319,206,197,268" oya="1" hai0="36,133,104,71,70,57,39,16,63,123,102,24,10" hai1="88,94,124,3,50,2,113,130,40,103,74,92,65" hai2="108,28,19,60,54,84,41,45,17,11,52,66,89" hai3="8,112,91,13,106,81,34,67,59,79,23,69,77"/><U68/><E74/><V58/><F108/><W125/><G34/><T98/><D133/><U7/><E113/><V35/><F35/><W132/><G69/><T83/><D123/><U6/><E130/><V93/><F28/><W100/><G106/><T99/><D71/><U80/><E124/><V61/><F61/><N who="3" m="38335" /><G100/><T5/><D70/><U78/><E2/><V135/><F135/><W53/><G23/><T101/><D83/><U129/><E129/><V111/><F111/><W126/><G132/><T33/><D33/><U21/><E94/><V47/><F47/><W37/><G37/><T72/><D72/><U114/><E103/><V105/><F105/><W107/><G53/><N who="2" m="20585" /><F11/><W119/><G107/><T85/><D10/><U82/><E3/><V97/><F97/><W12/><G8/><T4/><D99/><U90/><E68/><V38/><F38/><W76/><G119/><T31/><D39/><U73/><E65/><V26/><F26/><W18/><G18/><N who="2" m="6665" /><F45/><W87/><G112/><T128/><D24/><U121/><E121/><V22/><F22/><W109/><G109/><T55/><D36/><U96/><E114/><V42/><AGARI ba="3,1" hai="41,42,58,60,66,84,89,93" m="6665,20585" machi="42" ten="30,2000,0" yaku="8,1,54,1" doraHai="9" who="2" fromWho="2" sc="319,-8,206,-13,197,39,268,-8" /><INIT seed="6,0,0,1,3,95" ten="311,193,236,260" oya="2" hai0="119,11,1,94,62,108,73,99,22,20,7,111,115" hai1="15,132,44,96,49,51,24,88,74,72,128,124,64" hai2="63,100,6,107,10,8,120,16,34,82,103,28,32" hai3="12,122,89,66,109,56,101,25,5,36,112,134,71"/><V105/><F120/><W123/><G109/><T78/><D115/><U41/><E132/><V29/><F82/><W79/><G36/><T33/><D33/><U83/><E128/><V67/><F16/><W97/><G71/><T17/><D119/><U69/><E124/><V50/><F50/><W127/><G134/><T98/><D78/><U23/><E15/><V110/><F63/><W129/><G129/><T126/><D73/><U106/><E51/><V43/><F43/><W52/><G79/><T55/><D22/><U90/><E90/><V76/><F67/><W133/><G112/><T75/><D75/><U21/><E21/><V81/><F81/><W92/><G127/><T85/><D85/><U57/><E69/><V4/><REACH who="2" step="1"/><F76/><REACH who="2" ten="311,193,226,260" step="2"/><W68/><G66/><T65/><D65/><U45/><E72/><V60/><F60/><W47/><G123/><T58/><D126/><U19/><E74/><V39/><F39/><W48/><G122/><T121/><D121/><U18/><E19/><V30/><F30/><W125/><G48/><T13/><D111/><AGARI ba="0,1" hai="4,6,8,10,28,29,32,34,100,103,105,107,110,111" machi="111" ten="25,4800,0" yaku="1,1,22,2,53,0" doraHai="95" doraHaiUra="37" who="2" fromWho="0" sc="311,-48,193,0,226,58,260,0" /><INIT seed="6,1,0,4,3,19" ten="263,193,284,260" oya="2" hai0="40,126,53,26,41,48,54,15,95,123,4,14,111" hai1="89,57,90,18,88,118,22,120,124,67,39,109,113" hai2="5,64,25,125,134,31,106,71,30,132,94,121,97" hai3="60,83,127,66,55,107,122,59,133,51,3,105,44"/><V46/><F106/><W32/><G122/><T65/><D123/><U103/><E109/><V70/><F121/><W7/><G127/><T129/><D111/><U78/><E120/><V1/><F31/><W99/><G133/><N who="2" m="51305" /><F64/><W52/><G32/><T12/><D129/><U23/><E118/><V102/><F125/><W69/><G83/><T112/><D112/><U45/><E113/><V21/><F46/><W8/><REACH who="3" step="1"/><G99/><REACH who="3" ten="263,193,284,250" step="2"/><T131/><D126/><U79/><E124/><V62/><F97/><W36/><G36/><T29/><D131/><U20/><E103/><V108/><F102/><W98/><G98/><T84/><D84/><U96/><E96/><V110/><F108/><W116/><G116/><T75/><D75/><U2/><E2/><V10/><F110/><W74/><G74/><T37/><D37/><U49/><E39/><V80/><F94/><W81/><G81/><T47/><D95/><U34/><E34/><V50/><F80/><W77/><G77/><T76/><D76/><U56/><E78/><V61/><F50/><AGARI ba="1,1" hai="3,7,8,44,50,51,52,55,59,60,66,69,105,107" machi="50" ten="30,3900,0" yaku="1,1,7,1,54,1,53,0" doraHai="19" doraHaiUra="13" who="3" fromWho="2" sc="263,0,193,0,284,-42,250,52" /><INIT seed="7,0,0,0,0,54" ten="263,193,242,302" oya="3" hai0="51,104,85,95,20,82,31,94,129,45,101,103,109" hai1="121,16,112,77,6,61,1,70,46,123,13,98,23" hai2="48,36,21,43,53,122,75,26,113,72,52,2,67" hai3="107,108,29,56,40,130,18,86,99,0,44,118,49"/><W92/><G118/><T68/><D109/><U55/><E112/><V60/><F2/><W96/><G0/><T97/><D129/><U84/><E1/><V100/><F113/><W91/><G107/><T124/><D68/><U131/><E131/><V28/><F36/><W79/><G29/><T80/><D124/><U33/><E33/><V63/><F75/><W32/><G32/><T105/><D31/><U62/><E6/><V78/><F78/><W5/><G5/><T83/><D20/><U69/><E69/><V14/><F72/><W10/><G56/><T135/><D51/><N who="1" m="29175" /><E70/><V9/><F100/><N who="0" m="38474" /><D45/><U27/><E123/><V133/><F133/><W134/><G134/><T132/><D135/><U125/><E98/><V47/><F122/><W4/><G4/><T64/><D64/><U30/><E125/><V57/><F63/><N who="1" m="24073" /><E121/><V81/><F81/><N who="0" m="31338" /><D132/><U38/><E38/><V111/><F111/><W59/><G130/><T89/><D95/><U12/><E30/><V115/><F115/><W25/><G108/><T76/><AGARI ba="0,0" hai="76,83,85,89,94,97,104,105" m="31338,38474" machi="76" ten="30,8000,1" yaku="35,5" doraHai="54" who="0" fromWho="0" sc="263,80,193,-20,242,-20,302,-40" owari="343,44.3,173,-32.7,222,-17.8,262,6.2" /></mjloggm>