<mjloggm ver="2.3"><GO type="169" lobby="0"/><UN n0="%E5%A4%A9%E5%AE%89%E9%96%80%E5%BF%98%E5%8D%B4" n1="%E5%A4%A2%E4%BB%98%E3%81%8D" n2="%53%69%6C%65%6E%54" n3="%6B%32%31" dan="16,16,16,16" rate="2045.15,2107.89,2160.85,2084.36" sx="M,M,F,M"/><TAIKYOKU oya="0"/><INIT seed="0,0,0,2,0,31" ten="250,250,250,250" oya="0" hai0="50,87,107,17,46,13,109,60,97,43,55,0,23" hai1="40,56,89,59,77,5,45,58,2,100,48,111,125" hai2="128,85,74,53,119,49,117,105,63,80,95,38,16" hai3="103,72,65,24,73,36,18,28,64,67,131,34,68"/><T92/><D107/><U30/><E111/><V70/><F38/><W71/><G36/><T130/><D130/><U112/><E125/><V32/><F32/><W41/><G41/><T44/><D109/><U86/><E112/><V81/><F105/><W90/><G131/><T133/><D133/><U78/><E100/><V91/><F128/><W7/><G103/><T4/><D87/><U54/><E30/><V39/><F39/><W21/><G7/><T134/><D134/><U120/><E120/><V19/><F63/><W104/><G90/><T11/><D60/><U22/><E22/><V51/><F70/><W15/><REACH who="3" step="1"/><G104/><REACH who="3" ten="250,250,250,240" step="2"/><T83/><D83/><U6/><E40/><V126/><F80/><W20/><G20/><T66/><D66/><U3/><E5/><V8/><F81/><W79/><G79/><T12/><D0/><U98/><E6/><V10/><F91/><W99/><G99/><T25/><D43/><U94/><E98/><V110/><F110/><W42/><G42/><T61/><D97/><U1/><AGARI ba="0,1" hai="1,2,3,45,48,54,56,58,59,77,78,86,89,94" machi="1" ten="40,1500,0" yaku="0,1" doraHai="31" who="1" fromWho="1" sc="250,-7,250,25,250,-4,240,-4" /><INIT seed="1,0,0,4,5,123" ten="243,275,246,236" oya="1" hai0="20,12,118,133,108,91,68,111,18,132,65,130,115" hai1="8,73,64,54,6,135,16,38,110,93,98,107,40" hai2="2,86,30,95,51,83,106,31,116,33,60,134,42" hai3="62,17,87,71,59,61,15,127,128,92,100,78,48"/><U46/><E73/><V49/><F106/><W41/><G128/><T119/><D115/><U3/><E135/><N who="0" m="51785" /><D130/><U23/><E107/><V69/><F116/><N who="0" m="44586" /><D91/><U27/><E64/><V112/><F95/><W90/><G127/><T85/><D85/><U45/><E110/><N who="0" m="42025" /><D65/><U80/><E80/><V7/><F83/><W66/><G100/><T37/><D37/><U99/><REACH who="1" step="1"/><E93/><REACH who="1" ten="243,265,246,236" step="2"/><V96/><F134/><W82/><G92/><T77/><D68/><U26/><E26/><V94/><F69/><W13/><G71/><T28/><D77/><U63/><E63/><V4/><F60/><W122/><G62/><T53/><D53/><U14/><E14/><V104/><F104/><W102/><G78/><T11/><D28/><U120/><E120/><V25/><F31/><W35/><G122/><T105/><D105/><U72/><E72/><V47/><F30/><W9/><G66/><T43/><D43/><U21/><E21/><AGARI ba="0,1" hai="11,12,18,20,21" m="42025,44586,51785" machi="21" ten="40,12000,2" yaku="20,1,14,1,34,2,52,3" doraHai="123" who="0" fromWho="1" sc="243,130,265,-120,246,0,236,0" /><INIT seed="2,0,0,0,5,9" ten="373,145,246,236" oya="2" hai0="1,46,113,38,32,8,35,110,75,74,45,101,129" hai1="0,28,92,63,58,73,70,57,115,76,77,31,47" hai2="103,93,29,106,102,123,21,49,68,62,20,97,12" hai3="7,81,130,80,36,22,112,16,128,11,27,54,4"/><V26/><F123/><W55/><G36/><T98/><D113/><U67/><E115/><V13/><F49/><W2/><G7/><T118/><D118/><U124/><E0/><V83/><F83/><N who="3" m="31819" /><G112/><T56/><D110/><U117/><E117/><V30/><F106/><W135/><G135/><T40/><D129/><AGARI ba="0,0" hai="2,4,11,16,22,27,54,55,128,129,130" m="31819" machi="129" ten="30,2000,0" yaku="19,1,54,1" doraHai="9" who="3" fromWho="0" sc="373,-20,145,0,246,0,236,20" /><INIT seed="3,0,0,0,0,114" ten="353,145,246,256" oya="3" hai0="104,30,85,55,34,22,90,53,135,66,64,67,77" hai1="124,73,99,88,13,119,15,133,101,32,97,130,54" hai2="128,61,20,40,103,86,24,79,49,3,126,5,123" hai3="51,10,19,21,111,14,70,83,98,26,109,78,27"/><W35/><G70/><T56/><D135/><U43/><E32/><V2/><F123/><W23/><G98/><T59/><D104/><U6/><E133/><V7/><F126/><W108/><G51/><T11/><D77/><U45/><E73/><V39/><F128/><W52/><G52/><N who="0" m="20043" /><D34/><U72/><E72/><V84/><F103/><W42/><G42/><T122/><D11/><U60/><E130/><V1/><F61/><W75/><REACH who="3" step="1"/><G26/><REACH who="3" ten="353,145,246,246" step="2"/><N who="0" m="16727" /><D122/><U132/><E132/><V76/><F49/><W113/><G113/><T110/><D110/><U80/><E43/><V107/><F40/><W106/><G106/><T62/><D62/><U44/><E60/><V118/><F107/><W120/><G120/><T38/><D38/><U16/><E99/><V65/><F39/><W131/><G131/><T17/><D17/><U116/><E16/><V82/><F7/><W57/><G57/><T31/><D31/><AGARI ba="0,1" hai="10,14,19,21,23,27,31,35,75,78,83,108,109,111" machi="31" ten="40,12000,1" yaku="1,1,14,1,10,1,53,1" doraHai="114" doraHaiUra="74" who="3" fromWho="0" sc="353,-120,145,0,246,0,246,130" /><INIT seed="3,1,0,2,3,9" ten="233,145,246,376" oya="3" hai0="51,48,63,129,112,11,135,31,65,41,75,123,71" hai1="130,93,43,60,119,79,128,91,55,126,67,19,89" hai2="42,110,8,39,46,52,109,115,114,76,99,6,17" hai3="120,118,61,25,121,4,15,132,105,32,84,23,107"/><W0/><G118/><T81/><D31/><U12/><E119/><V21/><F99/><W117/><G117/><T36/><D123/><U29/><E126/><V97/><F97/><W16/><G84/><T86/><D75/><U113/><E113/><V10/><F76/><W77/><G77/><T37/><D112/><U87/><E79/><V104/><F104/><W18/><G61/><T58/><D129/><U103/><E43/><V69/><F69/><W59/><G59/><T122/><D122/><N who="3" m="47209" /><G107/><T13/><D135/><U82/><E103/><V45/><F6/><W22/><G105/><T30/><D30/><U134/><E134/><V102/><F102/><W26/><G132/><T5/><D51/><U68/><E29/><V49/><F114/><W80/><G80/><T85/><D85/><U127/><E127/><V125/><F125/><W1/><G32/><T3/><D71/><U56/><E130/><V47/><F47/><W27/><G4/><T53/><D41/><U111/><E128/><V74/><F74/><W72/><G72/><T90/><D37/><U33/><E33/><V2/><F115/><W96/><G96/><T100/><D36/><U78/><E93/><V62/><F62/><W94/><G94/><T50/><D100/><U54/><E68/><V38/><F39/><W24/><AGARI ba="1,0" hai="0,1,15,16,18,22,23,24,25,26,27" m="47209" machi="24" ten="30,11700,0" yaku="34,2,52,1,54,1" doraHai="9" who="3" fromWho="3" sc="233,-40,145,-40,246,-40,376,120" /><INIT seed="3,2,0,1,3,61" ten="193,105,206,496" oya="3" hai0="41,69,66,14,93,99,40,46,18,38,87,76,67" hai1="81,26,121,104,58,6,119,95,101,126,114,43,98" hai2="97,4,51,21,64,55,128,62,86,116,102,9,122" hai3="118,47,79,53,135,113,31,65,105,59,2,78,19"/><W129/><G105/><T120/><D120/><U115/><E121/><V1/><F116/><W25/><G118/><T10/><D69/><U23/><E119/><V50/><F128/><W96/><G2/><T32/><D32/><U100/><E126/><V133/><F133/><W72/><G135/><T83/><REACH who="0" step="1"/><D41/><REACH who="0" ten="183,105,206,496" step="2"/><U110/><E43/><V134/><F122/><W44/><G129/><T33/><D33/><U80/><E114/><V111/><F134/><W123/><G113/><T75/><D75/><U84/><E115/><V92/><F111/><W132/><G72/><T74/><D74/><U125/><E110/><V108/><F108/><W20/><G132/><T34/><D34/><U28/><E125/><V16/><F86/><W94/><G123/><T24/><D24/><U127/><E127/><V0/><F0/><W11/><G25/><T39/><D39/><U36/><E36/><V48/><F1/><W54/><G96/><T103/><AGARI ba="2,1" hai="10,14,18,38,40,46,66,67,76,83,87,93,99,103" machi="103" ten="20,8000,1" yaku="1,1,0,1,7,1,52,2,53,0" doraHai="61" doraHaiUra="3" who="0" fromWho="0" sc="183,96,105,-22,206,-22,496,-42" /><INIT seed="4,0,0,3,1,134" ten="279,83,184,454" oya="0" hai0="130,38,11,39,127,43,113,104,10,103,69,79,76" hai1="115,91,42,62,27,117,101,135,0,56,106,82,85" hai2="48,52,131,97,132,64,13,111,46,107,37,122,16" hai3="33,53,133,8,74,58,1,61,129,118,19,109,5"/><T21/><D69/><U66/><E117/><V22/><F111/><W68/><G109/><T114/><D21/><U17/><E135/><V40/><F122/><W57/><G118/><T45/><D130/><U4/><E115/><N who="0" m="44041" /><D39/><U6/><E0/><V94/><F131/><W44/><G33/><T98/><D127/><U35/><E42/><V12/><F64/><W92/><G68/><T78/><AGARI ba="0,0" hai="10,11,38,43,45,76,78,79,98,103,104" m="44041" machi="78" ten="30,1500,0" yaku="15,1" doraHai="134" who="0" fromWho="0" sc="279,15,83,-5,184,-5,454,-5" /><INIT seed="4,1,0,0,2,86" ten="294,78,179,449" oya="0" hai0="45,78,129,63,133,23,109,95,59,130,79,107,96" hai1="3,115,114,38,51,93,128,11,101,81,84,46,14" hai2="30,25,123,83,29,26,64,132,92,119,39,110,120" hai3="108,2,44,33,7,73,18,48,53,15,89,116,67"/><T111/><D45/><U125/><E38/><V61/><F110/><N who="0" m="41994" /><D107/><U35/><E3/><V31/><F132/><W97/><G108/><T135/><D23/><U34/><E93/><V99/><F39/><W112/><G33/><T88/><D78/><N who="1" m="46135" /><E101/><V127/><F127/><W69/><G116/><T124/><D79/><U76/><E128/><N who="0" m="49257" /><D124/><U90/><E76/><V43/><F120/><W19/><G73/><T106/><D106/><U8/><E125/><V68/><F123/><W65/><G44/><T49/><D49/><U131/><E131/><V121/><F119/><W16/><G48/><T117/><D117/><U40/><E11/><V12/><F121/><W71/><G71/><T22/><D22/><U57/><E57/><V50/><F68/><W98/><G69/><T54/><AGARI ba="1,0" hai="54,59,63,88,95,96,133,135" m="49257,41994" machi="54" ten="40,12000,1" yaku="10,1,19,1,52,1,54,1" doraHai="86" who="0" fromWho="0" sc="294,123,78,-41,179,-41,449,-41" /><INIT seed="4,2,0,5,2,124" ten="417,37,138,408" oya="0" hai0="57,7,11,4,114,17,71,119,133,96,31,26,121" hai1="111,75,55,110,22,77,14,38,21,30,104,99,79" hai2="35,47,97,51,112,43,82,33,41,117,102,5,66" hai3="8,19,48,27,50,60,56,113,61,93,29,45,105"/><T84/><D71/><U83/><E38/><V94/><F112/><W86/><G105/><T65/><D119/><U106/><E55/><V64/><F117/><W63/><G113/><T68/><D114/><U49/><E49/><V32/><F5/><W122/><G122/><T108/><D68/><U134/><E14/><V54/><REACH who="2" step="1"/><F82/><REACH who="2" ten="417,37,128,408" step="2"/><W62/><G93/><T74/><D4/><U16/><E83/><V15/><F15/><W20/><G29/><T67/><D7/><U116/><E30/><V73/><F73/><W59/><G8/><T42/><D74/><U24/><E75/><V58/><F58/><W37/><G59/><T91/><D57/><U109/><E116/><V85/><F85/><W120/><G56/><T89/><D84/><U125/><E110/><V3/><F3/><W36/><G86/><T52/><D108/><U12/><E111/><V78/><F78/><W107/><G120/><T13/><D121/><U103/><E109/><V70/><F70/><W123/><G123/><T6/><D6/><U76/><E125/><V81/><F81/><W10/><G10/><T25/><D31/><U9/><E134/><V28/><F28/><W115/><G115/><T0/><D133/><U80/><E80/><V88/><F88/><W53/><G19/><T1/><D1/><U18/><REACH who="1" step="1"/><E9/><REACH who="1" ten="417,27,128,408" step="2"/><V2/><F2/><W131/><G61/><T100/><D0/><U69/><E69/><V95/><F95/><AGARI ba="2,2" hai="12,16,18,21,22,24,76,77,79,95,99,103,104,106" machi="95" ten="40,2600,0" yaku="1,1,54,1,53,0" doraHai="124" doraHaiUra="87" who="1" fromWho="2" sc="417,0,27,52,128,-32,408,0" /><INIT seed="5,0,0,2,4,10" ten="417,79,96,408" oya="1" hai0="13,40,17,67,125,32,109,60,51,84,5,63,96" hai1="112,16,49,82,22,77,58,30,65,117,4,108,2" hai2="81,113,100,97,114,80,15,35,132,131,12,93,69" hai3="72,24,0,23,116,134,18,103,19,28,129,20,64"/><U42/><E117/><V59/><F69/><W105/><G72/><T106/><D109/><U55/><E108/><V88/><F35/><W11/><G116/><T130/><D130/><U123/><E123/><V8/><F131/><W37/><G37/><T39/><D32/><U83/><E112/><N who="2" m="43115" /><F132/><W122/><G122/><T104/><D39/><U98/><E2/><V127/><F127/><W76/><G76/><T25/><D25/><N who="1" m="14535" /><E42/><V101/><F59/><W9/><G134/><T110/><D125/><U94/><E30/><V61/><F61/><W124/><G124/><T27/><D106/><U62/><E4/><N who="2" m="3079" /><F15/><W87/><G0/><T102/><D110/><U78/><E77/><V21/><F21/><W120/><G23/><T56/><D5/><U118/><E78/><V53/><F53/><W75/><G20/><T44/><D27/><U34/><E34/><V133/><F133/><W66/><G24/><T70/><D70/><U73/><E118/><V14/><F14/><W79/><G28/><T46/><D13/><U115/><E115/><V71/><F71/><W43/><G129/><T50/><D17/><U89/><E73/><V86/><F100/><W38/><G103/><T99/><D102/><U33/><E33/><V128/><F128/><W111/><G111/><T26/><D26/><U92/><E94/><AGARI ba="0,0" hai="80,81,86,88,93,94,97,101" m="3079,43115" machi="94" ten="30,7700,0" yaku="15,1,11,1,52,1,54,1" doraHai="10" who="2" fromWho="1" sc="417,0,79,-77,96,77,408,0" /><INIT seed="6,0,0,3,3,101" ten="417,2,173,408" oya="2" hai0="47,44,132,90,11,5,55,50,42,135,108,131,89" hai1="8,61,65,124,128,58,111,45,93,39,106,116,43" hai2="79,35,76,9,16,95,60,14,7,87,119,96,17" hai3="63,69,70,21,34,72,62,41,104,6,18,19,40"/><V78/><F35/><W38/><G72/><T31/><D108/><U122/><E116/><V68/><F119/><W105/><G6/><T3/><D31/><U46/><E111/><V52/><F87/><W113/><G34/><T126/><D126/><U12/><E124/><V133/><F133/><N who="0" m="51274" /><D131/><U112/><E128/><V120/><F120/><W20/><G38/><T56/><D47/><U10/><E112/><AGARI ba="0,0" hai="18,19,20,21,40,41,62,63,69,70,104,105,112,113" machi="112" ten="25,6400,0" yaku="22,2,52,2" doraHai="101" who="3" fromWho="1" sc="417,0,2,-64,173,0,408,64" owari="417,21.7,-62,-56.2,173,-22.7,472,57.2" /></mjloggm>