<mjloggm ver="2.3"><GO type="169" lobby="0"/><UN n0="%E9%BB%92%E7%8C%AB%E3%81%AE%E3%83%8E%E3%83%B3" n1="%68%69%72%61%6A%75%6E" n2="%49%77%61%6B%69%63%68%69" n3="%E5%AF%BF%E4%BA%BA%E6%B5%81%E7%89%8C%E6%89%8B" dan="16,16,16,16" rate="2116.54,2060.68,2027.12,2132.77" sx="M,M,M,M"/><TAIKYOKU oya="0"/><INIT seed="0,0,0,5,5,46" ten="250,250,250,250" oya="0" hai0="39,35,75,129,123,82,126,85,77,83,100,68,130" hai1="57,133,73,55,37,111,127,54,102,106,93,88,81" hai2="1,28,47,34,90,121,36,21,56,113,29,48,76" hai3="42,19,72,45,98,86,109,15,43,114,87,31,14"/><T62/><BYE who="2" /><D35/><U24/><E37/><V118/><F118/><W4/><G114/><T60/><D123/><U97/><E127/><V79/><F79/><W38/><G72/><T110/><D39/><U27/><E111/><V16/><F16/><W17/><G109/><T41/><D41/><U80/><E133/><V131/><F131/><N who="0" m="50186" /><D110/><U7/><E7/><V108/><F108/><W65/><G4/><T61/><D126/><U116/><E116/><V91/><F91/><W3/><G3/><T103/><D68/><U96/><E54/><V125/><F125/><W13/><G31/><T18/><D18/><U12/><E12/><V64/><F64/><W30/><G30/><T122/><D122/><U134/><E134/><V23/><F23/><W101/><G65/><T74/><D74/><U132/><E132/><V71/><F71/><W59/><G59/><T40/><D40/><U5/><E5/><V94/><F94/><W119/><G119/><T53/><D53/><U32/><E32/><V22/><F22/><W63/><G63/><T124/><D124/><U33/><E33/><V49/><F49/><W78/><G43/><T67/><D67/><U11/><E11/><UN n2="%49%77%61%6B%69%63%68%69" /><V26/><F121/><W104/><G78/><AGARI ba="0,0" hai="60,61,62,75,77,78,82,83,85,100,103" m="50186" machi="78" ten="30,1500,0" yaku="19,1" doraHai="46" who="0" fromWho="3" sc="250,15,250,0,250,0,250,-15" /><INIT seed="0,1,0,0,0,77" ten="265,250,250,235" oya="0" hai0="38,120,32,122,80,8,17,68,82,25,15,116,65" hai1="75,12,128,134,30,9,58,16,37,86,35,130,95" hai2="66,6,83,24,119,69,123,76,44,100,84,118,49" hai3="113,10,51,108,27,129,61,94,126,55,127,46,98"/><T60/><D116/><N who="2" m="44586" /><F123/><W81/><G113/><T104/><D38/><U111/><E75/><V4/><F100/><W20/><G108/><T71/><D71/><U3/><E37/><V78/><F24/><W106/><G106/><T131/><D131/><N who="1" m="50219" /><E58/><V124/><F124/><W117/><G129/><T52/><D104/><U88/><E111/><V42/><F78/><W31/><G117/><T121/><REACH who="0" step="1"/><D52/><REACH who="0" ten="255,250,250,235" step="2"/><U79/><E134/><V11/><F69/><W7/><G61/><T110/><D110/><U13/><E3/><V133/><F133/><W73/><G127/><T135/><D135/><U93/><E79/><V28/><F76/><W92/><G126/><T1/><D1/><U72/><E72/><V29/><F66/><W102/><G73/><T101/><D101/><U53/><E53/><V89/><F4/><W26/><G102/><T99/><D99/><U96/><E96/><V22/><F22/><W90/><G98/><T74/><D74/><U109/><E109/><V43/><F43/><W70/><G70/><T115/><D115/><U2/><E2/><AGARI ba="1,1" hai="2,6,11,28,29,42,44,49,83,84,89" m="44586" machi="2" ten="30,2000,0" yaku="12,1,52,1" doraHai="77" who="2" fromWho="1" sc="255,0,250,-23,250,33,235,0" /><INIT seed="1,0,0,1,1,130" ten="255,227,283,235" oya="1" hai0="4,97,76,53,50,0,128,112,58,80,34,51,115" hai1="63,118,108,22,132,123,75,56,28,126,85,26,119" hai2="61,49,43,120,14,52,106,82,91,83,90,135,110" hai3="18,104,81,12,71,93,67,122,48,31,45,74,36"/><U55/><E75/><V103/><F120/><W99/><G122/><T40/><D128/><U87/><E123/><V92/><F110/><W37/><G104/><T129/><D129/><U25/><E108/><V65/><F106/><W38/><G31/><T39/><D34/><U133/><E126/><V19/><F43/><W46/><G71/><T47/><D97/><U57/><E26/><V21/><F103/><W33/><G33/><T96/><D96/><U15/><E15/><V77/><F135/><N who="1" m="51785" /><E57/><N who="2" m="37039" /><F77/><W44/><G67/><T111/><D111/><U107/><E107/><V89/><F92/><W84/><G74/><N who="0" m="43031" /><D50/><U9/><E9/><AGARI ba="0,0" hai="0,4,9,39,40,47,51,53,58,112,115" m="43031" machi="9" ten="30,1000,0" yaku="25,1" doraHai="130" who="0" fromWho="1" sc="255,10,227,-10,283,0,235,0" /><INIT seed="2,0,0,5,5,98" ten="265,217,283,235" oya="2" hai0="84,64,11,128,1,88,7,70,123,45,82,133,83" hai1="90,122,33,127,60,43,10,78,36,2,44,95,117" hai2="116,135,68,22,108,18,99,114,27,71,34,8,93" hai3="21,61,62,77,101,73,132,24,35,121,29,9,102"/><V40/><F114/><W103/><G121/><T16/><D123/><U69/><E127/><V92/><F116/><W65/><G132/><T5/><D133/><U89/><E122/><V80/><F135/><W32/><G62/><T59/><D128/><U39/><E117/><V31/><F108/><W74/><G9/><T134/><D134/><U48/><E33/><V112/><F112/><W37/><G37/><T46/><D70/><U51/><E78/><V96/><F40/><W53/><G53/><T86/><D7/><U3/><E39/><V20/><F80/><W52/><G52/><T125/><D125/><U12/><E2/><V17/><F8/><W41/><G41/><T13/><D59/><U120/><E3/><V66/><F66/><W67/><G67/><T25/><D25/><U109/><E109/><V23/><F34/><W54/><G54/><T115/><D64/><U100/><E69/><V50/><F50/><W124/><G124/><T26/><D26/><U113/><E60/><V56/><F56/><W47/><G47/><T63/><D63/><U49/><E120/><V105/><F23/><W131/><G131/><T72/><D72/><U104/><E104/><V107/><REACH who="2" step="1"/><F27/><REACH who="2" ten="265,217,273,235" step="2"/><W106/><G35/><T87/><D115/><U79/><E113/><V75/><F75/><N who="3" m="28683" /><G32/><T38/><D38/><U129/><E36/><V111/><F111/><W6/><G21/><N who="0" m="11407" /><D46/><U19/><E44/><V14/><F14/><W30/><G24/><T76/><D45/><U55/><E43/><V97/><F97/><W4/><G65/><T110/><D110/><U126/><E126/><RYUUKYOKU ba="0,1" sc="265,15,217,-15,273,15,235,-15" hai0="1,5,11,76,82,83,84,86,87,88" hai2="17,18,20,22,31,68,71,92,93,96,99,105,107" /><INIT seed="2,1,1,0,0,132" ten="280,202,288,220" oya="2" hai0="73,75,110,10,44,114,39,40,47,70,108,78,28" hai1="112,19,18,126,68,21,26,125,42,128,77,92,17" hai2="52,12,81,20,119,111,116,133,54,106,130,58,45" hai3="131,36,3,101,11,113,59,66,88,121,79,35,107"/><V120/><F120/><W102/><G121/><T16/><D114/><U93/><E112/><V31/><F133/><W69/><G113/><T80/><D70/><U46/><E128/><V56/><F130/><W22/><G35/><T96/><D28/><N who="1" m="17487" /><E68/><V15/><F106/><W50/><G36/><T94/><D73/><U2/><E2/><V27/><F111/><N who="0" m="42538" /><D39/><U90/><E77/><V84/><F45/><W95/><G79/><T4/><D40/><U104/><E104/><V61/><F119/><W76/><G76/><T72/><D75/><U117/><E90/><N who="2" m="51471" /><F116/><W123/><G123/><T135/><D16/><U129/><E129/><V103/><F103/><W33/><G107/><T85/><D72/><U98/><E98/><V62/><AGARI ba="1,1" hai="12,15,20,27,31,52,54,56,58,61,62" m="51471" machi="62" ten="30,3000,0" yaku="8,1,54,1" doraHai="132" who="2" fromWho="2" sc="280,-11,202,-11,288,43,220,-11" /><INIT seed="2,2,0,3,2,109" ten="269,191,331,209" oya="2" hai0="84,95,10,82,38,37,67,0,91,117,61,66,78" hai1="104,12,83,121,14,8,134,26,32,96,88,132,133" hai2="52,120,76,46,112,119,13,68,2,42,41,15,122" hai3="1,34,63,58,4,125,31,43,33,92,25,53,111"/><V126/><F119/><W127/><G111/><T54/><D117/><U9/><E121/><V81/><F126/><N who="3" m="48139" /><G43/><T87/><D54/><U60/><E60/><V59/><F68/><W130/><G130/><T45/><D45/><U108/><E108/><V55/><F2/><W39/><G39/><T113/><D113/><U56/><E56/><V17/><F112/><W129/><G129/><T36/><REACH who="0" step="1"/><D61/><REACH who="0" ten="259,191,331,209" step="2"/><U86/><E8/><V99/><F55/><W79/><G63/><T90/><D90/><U6/><E9/><V7/><F46/><W106/><G53/><T11/><D11/><U35/><E6/><AGARI ba="2,1" hai="0,6,10,36,37,38,66,67,78,82,84,87,91,95" machi="6" ten="40,1300,0" yaku="1,1,53,0" doraHai="109" doraHaiUra="118" who="0" fromWho="1" sc="259,29,191,-19,331,0,209,0" /><INIT seed="3,0,0,1,3,17" ten="288,172,331,209" oya="3" hai0="90,74,20,33,19,29,104,63,78,122,56,73,106" hai1="16,81,38,67,76,57,75,47,91,118,134,65,129" hai2="2,68,44,22,70,42,102,25,125,71,28,53,37" hai3="14,111,93,0,27,72,18,86,108,61,80,59,13"/><W132/><G0/><T34/><D122/><U95/><E129/><V123/><F125/><W66/><G132/><T24/><D90/><U99/><E134/><V114/><F114/><W26/><G93/><T51/><D34/><U64/><E118/><V69/><F123/><W113/><G72/><T115/><D115/><U5/><E5/><V127/><F127/><W105/><G105/><T4/><D51/><U98/><E38/><V100/><F2/><W21/><G13/><T133/><D133/><U31/><E31/><V48/><N who="2" m="17408" /><DORA hai="97" /><V79/><REACH who="2" step="1"/><F79/><REACH who="2" ten="288,172,321,209" step="2"/><N who="3" m="46367" /><G113/><T49/><D78/><U77/><E77/><V120/><F120/><W101/><G101/><T128/><D128/><U3/><E3/><V39/><F39/><W55/><G66/><T130/><D130/><U36/><E67/><V88/><F88/><W96/><G96/><T6/><D73/><U84/><E65/><V23/><F23/><W46/><G46/><AGARI ba="0,1" hai="22,25,28,37,42,44,46,48,53,100,102" m="17408" machi="46" ten="70,8000,1" yaku="1,1,52,3,53,0" doraHai="17,97" doraHaiUra="35,32" who="2" fromWho="3" sc="288,0,172,0,321,90,209,-80" /><INIT seed="4,0,0,1,1,29" ten="288,172,411,129" oya="0" hai0="95,134,45,120,59,75,122,116,99,133,101,47,80" hai1="135,28,100,11,110,67,54,35,83,37,88,14,66" hai2="46,69,22,10,103,51,42,13,84,20,129,82,102" hai3="128,127,43,115,118,77,53,111,68,90,40,26,87"/><T34/><D116/><U70/><E110/><V27/><F69/><W25/><G111/><T71/><D71/><U78/><E37/><V38/><F38/><W33/><G118/><T86/><D59/><U124/><E124/><V9/><F129/><W3/><G3/><T97/><D34/><U16/><E135/><N who="0" m="51721" /><D45/><U98/><E70/><V64/><F64/><W6/><G6/><T94/><D47/><U121/><E121/><N who="0" m="46697" /><D75/><U79/><E54/><V112/><F112/><W107/><G115/><T114/><D114/><U52/><E52/><V74/><F74/><W12/><G53/><T32/><D32/><U61/><E61/><V8/><F13/><W119/><G12/><T56/><D56/><U125/><E66/><V76/><REACH who="2" step="1"/><F22/><REACH who="2" ten="288,172,401,129" step="2"/><W15/><G15/><T72/><D72/><U50/><E14/><V7/><F7/><W123/><G68/><T65/><D65/><U55/><E67/><V91/><F91/><W104/><G90/><N who="0" m="51527" /><D99/><U19/><E98/><V23/><F23/><W89/><G119/><T130/><D130/><U63/><E35/><V5/><F5/><W106/><G128/><T117/><D117/><U31/><E63/><V57/><F57/><W24/><G33/><T113/><D113/><U39/><E39/><V0/><F0/><W105/><N who="3" m="26624" /><DORA hai="126" /><W41/><G127/><T85/><D85/><U58/><E125/><V17/><AGARI ba="0,1" hai="8,9,10,17,20,27,42,46,51,76,82,84,102,103" machi="17" ten="30,12000,2" yaku="1,1,0,1,8,1,53,4" doraHai="29,126" doraHaiUra="44,4" who="2" fromWho="2" sc="288,-60,172,-30,401,130,129,-30" /><INIT seed="5,0,0,5,3,90" ten="228,142,531,99" oya="1" hai0="21,44,37,29,131,14,132,47,119,0,114,102,22" hai1="50,36,2,100,40,97,108,113,124,85,105,16,71" hai2="99,45,104,3,79,66,87,6,128,13,65,35,92" hai3="125,127,17,123,107,117,72,63,81,69,33,121,41"/><U62/><E2/><V101/><F128/><W110/><G17/><T57/><D119/><U34/><E113/><V7/><F35/><W4/><G4/><T98/><D0/><U1/><E1/><V118/><F118/><W95/><G33/><T68/><D68/><U94/><E124/><N who="3" m="47690" /><G41/><T5/><D114/><U109/><E34/><V25/><F25/><W116/><G63/><T19/><D131/><U60/><E36/><V89/><F3/><W58/><G58/><T77/><D77/><U130/><E130/><V10/><F79/><N who="3" m="44263" /><G69/><T91/><D5/><U76/><E71/><V8/><F45/><W18/><G18/><T122/><D44/><U53/><E40/><V83/><F104/><W86/><G110/><N who="1" m="42602" /><E16/><N who="2" m="8231" /><F10/><W43/><G43/><T28/><D19/><U82/><E105/><V39/><F39/><W46/><G46/><AGARI ba="0,0" hai="46,50,53,60,62,76,82,85,94,97,100" m="42602" machi="46" ten="30,2900,0" yaku="10,1,52,1" doraHai="90" who="1" fromWho="3" sc="228,0,142,29,531,0,99,-29" /><INIT seed="5,1,0,5,4,127" ten="228,171,531,70" oya="1" hai0="15,85,74,79,113,59,88,21,128,1,119,34,12" hai1="24,107,124,25,110,3,86,111,99,47,30,28,52" hai2="62,115,36,133,35,26,2,72,132,129,50,95,73" hai3="106,7,44,9,135,83,87,77,78,96,14,20,4"/><U97/><E124/><V69/><F2/><W123/><G123/><T32/><D1/><U93/><E3/><V61/><F36/><W76/><G135/><N who="2" m="51785" /><F115/><W91/><G106/><T60/><D119/><U126/><E126/><V101/><F50/><W51/><G4/><T134/><D134/><U41/><E86/><V58/><F69/><W46/><G96/><T45/><D79/><U11/><E11/><V49/><F49/><W22/><REACH who="3" step="1"/><G46/><REACH who="3" ten="228,171,531,60" step="2"/><T116/><D45/><U114/><E107/><V98/><F73/><W70/><G70/><T122/><D74/><U33/><E99/><V38/><F72/><W104/><G104/><T71/><D71/><U10/><E97/><V125/><F98/><W82/><G82/><T40/><D122/><U5/><E5/><V102/><F125/><W0/><G0/><T23/><D113/><U8/><E114/><V117/><F102/><W94/><G94/><T84/><D84/><U63/><E93/><V19/><F95/><W120/><G120/><T42/><D85/><U13/><E47/><V118/><F101/><W75/><G75/><T68/><D68/><U108/><E108/><V55/><F118/><W39/><G39/><T31/><D116/><U57/><E111/><V130/><F38/><W29/><G29/><T92/><D31/><U65/><E30/><N who="2" m="19927" /><F117/><W103/><G103/><T66/><D92/><U109/><E109/><V16/><F62/><W27/><G27/><T43/><D60/><U121/><E63/><V53/><F53/><AGARI ba="1,1" hai="7,9,14,20,22,44,51,53,76,77,78,83,87,91" machi="53" ten="40,2600,0" yaku="1,1,8,1,53,0" doraHai="127" doraHaiUra="90" who="3" fromWho="2" sc="228,0,171,0,531,-29,60,39" /><INIT seed="6,0,0,3,3,28" ten="228,171,502,99" oya="2" hai0="38,55,65,123,76,58,70,85,13,113,89,51,91" hai1="61,110,133,124,69,40,118,96,111,52,68,41,57" hai2="24,44,104,33,102,56,29,105,15,12,87,49,16" hai3="95,94,46,130,36,126,84,127,116,107,45,135,31"/><V72/><F72/><W14/><G116/><T103/><D123/><U17/><E96/><V34/><F12/><W30/><G14/><T106/><D113/><U122/><E17/><V132/><F132/><W19/><G19/><T53/><D38/><U54/><E118/><V39/><F34/><W80/><G36/><T88/><D106/><U93/><E93/><V129/><F129/><W67/><G67/><T131/><D103/><U62/><E133/><V125/><F125/><W21/><G135/><T78/><D70/><U27/><E27/><V48/><F87/><W83/><G84/><T64/><D131/><U47/><E124/><V100/><F39/><W128/><REACH who="3" step="1"/><G107/><REACH who="3" ten="228,171,502,89" step="2"/><T134/><D134/><U90/><E122/><V2/><F105/><W77/><G77/><N who="0" m="29803" /><D85/><U25/><E111/><V99/><F104/><W66/><G66/><T60/><D13/><U9/><E110/><V11/><F15/><W43/><G43/><T26/><D26/><U63/><E25/><V18/><F18/><W10/><G10/><T50/><D65/><U3/><E9/><V81/><F16/><W119/><G119/><T98/><D64/><U74/><E69/><V101/><F11/><W42/><G42/><T112/><D55/><U121/><E54/><V22/><F24/><W79/><G79/><T71/><D71/><U8/><E68/><V32/><F2/><W109/><G109/><T82/><D53/><U92/><E41/><V120/><F120/><W86/><G86/><T35/><D112/><U37/><E121/><V7/><F7/><W20/><AGARI ba="0,1" hai="20,21,30,31,45,46,80,83,94,95,126,127,128,130" machi="20" ten="25,6400,0" yaku="1,1,0,1,22,2,53,0" doraHai="28" doraHaiUra="108" who="3" fromWho="3" sc="228,-16,171,-16,502,-32,89,74" /><INIT seed="7,0,0,4,5,99" ten="212,155,470,163" oya="3" hai0="4,73,106,13,118,85,50,79,127,80,22,54,20" hai1="21,109,15,38,37,68,42,60,8,49,87,52,107" hai2="132,6,32,48,83,121,98,100,45,88,36,24,19" hai3="56,59,125,10,1,39,14,134,124,64,51,26,114"/><W103/><G39/><T40/><D118/><U93/><E109/><V63/><F132/><W76/><G1/><T61/><D127/><N who="3" m="48713" /><G134/><T16/><D106/><U28/><E107/><V90/><F121/><W123/><G123/><T2/><D2/><U119/><E119/><V72/><F36/><W23/><G114/><T97/><D97/><U41/><E38/><V116/><F116/><W57/><G76/><T129/><D129/><U44/><E37/><V105/><F6/><N who="3" m="3415" /><G51/><T96/><D50/><U7/><E68/><V82/><F63/><N who="3" m="37991" /><G103/><T5/><D79/><U18/><E60/><V81/><F72/><W92/><G92/><T31/><D61/><U12/><E28/><AGARI ba="0,0" hai="23,26,28,57,59" m="37991,3415,48713" machi="28" ten="30,1500,0" yaku="18,1" doraHai="99" who="3" fromWho="1" sc="212,0,155,-15,470,0,163,15" /><INIT seed="7,1,0,4,1,70" ten="212,140,470,178" oya="3" hai0="86,49,94,77,57,92,35,129,4,33,100,120,104" hai1="103,68,14,98,61,8,108,69,95,31,115,130,119" hai2="87,135,58,112,23,81,15,60,44,42,99,118,29" hai3="63,18,107,20,89,16,122,91,65,76,55,131,93"/><W62/><G122/><T28/><D120/><U12/><E108/><V2/><F118/><W79/><G107/><T74/><D129/><U10/><E130/><V113/><F2/><W71/><G131/><T39/><D39/><U34/><E115/><N who="2" m="44107" /><F135/><W27/><G91/><N who="0" m="53367" /><D94/><U75/><E119/><V109/><F99/><N who="3" m="57775" /><G18/><T66/><D4/><U127/><E127/><V50/><F109/><W123/><G123/><T26/><D26/><U84/><E75/><V114/><F114/><W38/><G38/><T40/><D40/><U46/><E46/><V83/><F87/><W134/><G134/><T90/><D90/><U19/><E61/><V124/><F124/><W17/><G17/><T132/><D28/><U59/><E59/><AGARI ba="1,0" hai="16,20,27,55,59,62,63,65,71,76,79" m="57775" machi="59" ten="30,2900,0" yaku="25,1,54,1" doraHai="70" who="3" fromWho="1" sc="212,0,140,-32,470,0,178,32" /><INIT seed="7,2,0,3,2,26" ten="212,108,470,210" oya="3" hai0="130,98,85,40,104,123,32,81,48,101,118,69,41" hai1="100,56,96,8,11,35,50,90,122,31,65,133,79" hai2="55,71,42,68,1,14,28,67,36,34,19,93,74" hai3="102,112,33,46,135,83,91,37,70,18,124,125,78"/><W58/><G70/><T0/><D118/><U111/><E111/><V27/><F1/><W72/><G112/><T99/><D123/><U88/><E133/><V24/><F74/><W94/><G135/><T103/><D32/><U82/><E122/><V12/><F55/><W84/><G33/><T43/><D0/><U51/><E65/><V7/><F7/><W108/><G108/><T59/><D69/><U17/><E56/><V44/><F93/><W87/><G58/><T38/><D38/><U2/><E11/><V39/><F39/><W116/><G116/><T95/><D130/><U80/><E80/><V97/><F97/><N who="3" m="59703" /><G18/><T117/><D117/><U45/><E2/><V60/><F71/><W127/><G46/><T54/><D40/><U23/><E35/><V57/><REACH who="2" step="1"/><F68/><REACH who="2" ten="212,108,460,210" step="2"/><W15/><G37/><T9/><D9/><U75/><E8/><V109/><F109/><W73/><G15/><T52/><D54/><U119/><E119/><V128/><F128/><W132/><G132/><T47/><D59/><U62/><E62/><V16/><F16/><W49/><G49/><T134/><D134/><U107/><E51/><V120/><F120/><W89/><G72/><T6/><D6/><U115/><E115/><V4/><F4/><W106/><G106/><T110/><D110/><U64/><E64/><V129/><F129/><W22/><G22/><AGARI ba="2,1" hai="12,14,19,22,24,27,28,34,36,42,44,57,60,67" machi="22" ten="40,2600,0" yaku="1,1,52,1,53,0" doraHai="26" doraHaiUra="5" who="2" fromWho="3" sc="212,0,108,0,460,42,210,-32" owari="212,1.2,108,-39.2,502,60.2,178,-22.2" /></mjloggm>