<mjloggm ver="2.3"><GO type="169" lobby="0"/><UN n0="%E4%B8%80%E7%95%AA%E3%81%84%E3%81%A1%E3%81%B0%E3%82%93" n1="%74%61%6B%61%74%6F%72%69" n2="%62%6F%79%61%74%65%74%75" n3="%EF%BC%A0%E6%AC%A1%E7%94%B7" dan="16,16,16,17" rate="2065.91,2038.58,2103.88,2125.15" sx="F,M,M,M"/><TAIKYOKU oya="0"/><INIT seed="0,0,0,5,1,57" ten="250,250,250,250" oya="0" hai0="68,120,46,71,132,34,117,48,93,116,7,29,76" hai1="28,96,22,52,25,79,111,60,91,115,45,119,36" hai2="135,90,4,0,103,1,38,8,18,11,62,67,37" hai3="59,134,47,101,122,2,123,61,26,9,19,42,16"/><T50/><D120/><N who="3" m="46121" /><G134/><T44/><D76/><U85/><E119/><V64/><F135/><W114/><G101/><T84/><D132/><U78/><E111/><V56/><F103/><W125/><G125/><T3/><D84/><U75/><E75/><V58/><F90/><W107/><G107/><T86/><D86/><U106/><E106/><V17/><REACH who="2" step="1"/><F4/><REACH who="2" ten="250,250,240,250" step="2"/><N who="3" m="1175" /><G114/><T99/><D7/><U65/><E115/><V129/><F129/><W127/><G127/><T55/><D117/><U31/><E79/><V13/><F13/><W66/><G26/><T87/><D116/><U83/><E78/><V98/><F98/><W108/><G108/><T130/><D130/><U124/><E96/><V15/><F15/><W33/><G33/><T24/><D3/><U88/><E124/><V81/><F81/><W72/><G72/><T27/><D27/><U133/><E91/><V118/><F118/><W69/><G69/><T77/><D77/><U97/><E97/><V94/><F94/><W112/><G112/><T113/><D113/><U109/><E133/><V35/><F35/><W70/><G70/><T126/><D126/><U54/><E109/><V95/><F95/><W12/><G12/><T82/><D82/><U43/><E31/><V32/><F32/><W128/><G128/><T100/><REACH who="0" step="1"/><D87/><REACH who="0" ten="240,250,240,250" step="2"/><U39/><REACH who="1" step="1"/><E36/><AGARI ba="0,2" hai="16,19,36,42,47,59,61,66" m="1175,46121" machi="36" ten="30,3900,0" yaku="13,1,52,1,54,1" doraHai="57" who="3" fromWho="1" sc="240,0,250,-39,240,0,250,59" /><INIT seed="1,0,0,0,0,80" ten="240,211,240,309" oya="1" hai0="19,133,77,56,21,78,49,105,4,95,135,3,115" hai1="69,87,107,89,34,72,27,40,7,16,96,82,9" hai2="85,15,51,54,35,6,14,66,32,62,122,50,74" hai3="38,130,121,33,37,70,17,119,65,98,92,94,88"/><U12/><E69/><V23/><F74/><W113/><G121/><T42/><D105/><U31/><E72/><V22/><F122/><W47/><G33/><T5/><D115/><U43/><E107/><V48/><F54/><W102/><G113/><T46/><D95/><U18/><E96/><V0/><F0/><W30/><G30/><T106/><D106/><U28/><E28/><V127/><F127/><W57/><G130/><T123/><D123/><U91/><E91/><V24/><F23/><W55/><G47/><T39/><D77/><U90/><E90/><V10/><F15/><W36/><G17/><T26/><D78/><U29/><E29/><V109/><F109/><W61/><G119/><T11/><D4/><U111/><E111/><V75/><F75/><W132/><G132/><N who="0" m="50763" /><D56/><U81/><REACH who="1" step="1"/><E82/><REACH who="1" ten="240,201,240,309" step="2"/><V103/><F32/><W63/><REACH who="3" step="1"/><G36/><AGARI ba="0,1" hai="3,5,11,19,21,26,36,39,42,46,49" m="50763" machi="36" ten="30,1000,0" yaku="20,1" doraHai="80" who="0" fromWho="3" sc="240,20,201,0,240,0,309,-10" /><INIT seed="2,0,0,1,2,103" ten="260,201,240,299" oya="2" hai0="104,112,101,59,5,40,75,52,125,9,2,97,95" hai1="120,41,44,23,60,85,17,29,27,10,128,47,42" hai2="129,110,109,31,132,108,93,91,4,126,18,81,130" hai3="83,115,66,45,39,113,55,86,6,99,21,82,34"/><V71/><F71/><W74/><G34/><T26/><D125/><U123/><E128/><N who="2" m="49259" /><F4/><W1/><G66/><T65/><D75/><U122/><E60/><V63/><F63/><W102/><G74/><T92/><D112/><N who="3" m="43081" /><G21/><T13/><D40/><U46/><E85/><V36/><F36/><W135/><G135/><T30/><D2/><U16/><REACH who="1" step="1"/><E10/><REACH who="1" ten="260,191,240,299" step="2"/><V57/><F132/><W48/><G86/><T131/><D131/><U33/><E33/><V7/><F126/><W51/><G39/><T38/><D38/><U32/><E32/><V35/><F35/><W134/><G51/><T79/><D9/><U20/><E20/><V76/><F109/><W119/><G134/><T69/><D69/><U77/><E77/><V53/><F76/><W43/><G119/><T89/><D79/><U24/><E24/><V100/><F108/><W64/><G64/><T107/><D65/><U70/><E70/><V11/><F110/><W37/><G37/><T73/><D73/><U14/><E14/><V127/><F127/><W54/><G1/><T105/><D13/><U3/><E3/><V116/><F116/><W111/><G111/><T68/><D68/><U67/><E67/><V88/><F11/><W8/><G6/><T133/><D5/><U84/><E84/><N who="2" m="50191" /><F7/><W62/><G8/><T28/><D133/><U0/><E0/><V96/><F18/><AGARI ba="0,1" hai="16,17,18,23,27,29,41,42,44,46,47,120,122,123" machi="18" ten="50,6400,0" yaku="1,1,13,1,54,1,53,0" doraHai="103" doraHaiUra="90" who="1" fromWho="2" sc="260,0,191,74,240,-64,299,0" /><INIT seed="3,0,0,3,3,11" ten="260,265,176,299" oya="3" hai0="111,82,75,37,88,22,35,133,9,73,106,56,28" hai1="102,81,109,122,84,25,58,63,129,53,14,104,2" hai2="54,105,98,79,114,69,24,62,76,61,39,71,97" hai3="8,23,52,1,124,72,65,83,66,6,100,48,68"/><W4/><G124/><T5/><D111/><U16/><E2/><V64/><F114/><W134/><G134/><T115/><D133/><U38/><E122/><V103/><F39/><W34/><G34/><T89/><D37/><U101/><E109/><V31/><F97/><W57/><G4/><T132/><D106/><U46/><E104/><V119/><F119/><W20/><G100/><T92/><D35/><U13/><E129/><V17/><F17/><W94/><G94/><T7/><D132/><U117/><E117/><V135/><F135/><W43/><G43/><T33/><D33/><U107/><E107/><V26/><F26/><W49/><G49/><T121/><D121/><U128/><E128/><V80/><F80/><W45/><G57/><T123/><D115/><U87/><E87/><V59/><REACH who="2" step="1"/><F71/><REACH who="2" ten="260,265,166,299" step="2"/><W90/><G68/><T44/><D82/><U42/><E102/><V47/><F47/><W0/><G72/><T95/><D44/><U3/><E101/><V116/><F116/><W118/><G118/><T112/><D112/><U18/><E18/><V50/><F50/><W120/><G120/><T91/><D123/><U86/><E86/><V96/><F96/><W36/><G83/><T113/><D113/><U77/><REACH who="1" step="1"/><E3/><REACH who="1" ten="260,255,166,299" step="2"/><V108/><F108/><W125/><G0/><T127/><D75/><U15/><E15/><V93/><F93/><W78/><G1/><T41/><D73/><U70/><E70/><V67/><F67/><W30/><G66/><T12/><D95/><U51/><E51/><V29/><F29/><W60/><G65/><T126/><D92/><RYUUKYOKU ba="0,2" sc="260,-15,255,15,166,15,299,-15" hai1="13,14,16,25,38,42,46,53,58,63,77,81,84" hai2="24,31,54,59,61,62,64,69,76,79,98,103,105" /><INIT seed="4,1,2,0,2,47" ten="245,270,181,284" oya="0" hai0="84,37,77,108,56,132,102,48,89,35,62,55,92" hai1="3,76,115,82,25,12,78,44,40,126,110,73,122" hai2="123,41,61,70,130,71,133,119,64,72,42,69,57" hai3="105,120,27,95,98,63,36,38,87,22,50,103,74"/><T113/><D113/><U129/><E110/><V114/><F72/><W79/><G120/><T24/><D108/><U104/><E122/><V65/><F123/><W131/><G131/><T109/><D109/><U0/><E129/><V51/><F130/><W26/><G26/><T4/><D132/><U7/><E126/><V88/><F114/><W81/><G63/><T67/><D37/><U17/><E104/><V8/><F133/><W6/><G6/><T90/><D4/><U58/><E78/><V1/><F119/><W127/><G127/><T13/><D13/><U134/><E134/><V31/><F31/><W121/><G121/><T46/><D77/><U53/><E25/><V5/><F65/><W68/><G68/><T111/><D111/><U15/><E15/><V33/><F33/><W117/><G117/><T96/><REACH who="0" step="1"/><D84/><REACH who="0" ten="235,270,181,284" step="2"/><U101/><E7/><V34/><F5/><W135/><G135/><T11/><D11/><U97/><E115/><V116/><F8/><W16/><G36/><T66/><D66/><U29/><E12/><V30/><F64/><W118/><G38/><T112/><D112/><U52/><E0/><V19/><F1/><W28/><G118/><T2/><D2/><U128/><E3/><V99/><F116/><W23/><G87/><T125/><D125/><U10/><E128/><V45/><F41/><W18/><G79/><T75/><D75/><U20/><E76/><V39/><F39/><W21/><G74/><T94/><D94/><U32/><E73/><V93/><F42/><W60/><G95/><T83/><D83/><U85/><E82/><RYUUKYOKU ba="1,3" sc="235,30,270,-10,181,-10,284,-10" hai0="24,35,46,48,55,56,62,67,89,90,92,96,102" /><INIT seed="4,2,3,1,3,130" ten="265,260,171,274" oya="0" hai0="133,104,55,6,16,111,128,2,107,75,56,4,26" hai1="114,124,15,115,126,45,67,127,59,21,125,105,41" hai2="93,48,132,92,129,31,29,98,0,36,101,28,90" hai3="99,80,84,43,120,52,11,34,121,51,42,60,10"/><T74/><D128/><U97/><N who="1" m="31744" /><DORA hai="89" /><U119/><E119/><V131/><F36/><W81/><G34/><T102/><D133/><U65/><E59/><V95/><F0/><W94/><G60/><T109/><D75/><U117/><E117/><V88/><F132/><W68/><G68/><T69/><D74/><U46/><E21/><V40/><F129/><W12/><G11/><N who="0" m="2455" /><D69/><U24/><E24/><V83/><F131/><W54/><G54/><T57/><D57/><U19/><E46/><N who="2" m="25671" /><F90/><N who="3" m="55767" /><G121/><T66/><D66/><U38/><E19/><V82/><F82/><N who="3" m="31851" /><G84/><AGARI ba="2,3" hai="28,29,31,83,84,88,92,93,95,98,101" m="25671" machi="84" ten="30,8000,1" yaku="8,1,52,3,54,1" doraHai="130,89" who="2" fromWho="3" sc="265,0,260,0,171,116,274,-86" /><INIT seed="5,0,0,3,3,70" ten="265,260,287,188" oya="1" hai0="97,117,4,106,87,100,84,105,75,126,36,31,63" hai1="74,90,73,94,56,24,101,103,39,46,41,79,42" hai2="64,19,99,53,109,6,89,2,11,15,121,130,76" hai3="86,17,102,135,92,25,1,80,9,61,21,49,96"/><U108/><E108/><V107/><F109/><W37/><G37/><T47/><D117/><U22/><E42/><V125/><F121/><W81/><G135/><T44/><D126/><U88/><E90/><V54/><F125/><W85/><G1/><T82/><D106/><U3/><E3/><V93/><F130/><W123/><G123/><T124/><D124/><U30/><E56/><V38/><F76/><W5/><G61/><T112/><D47/><U83/><REACH who="1" step="1"/><E74/><REACH who="1" ten="265,250,287,188" step="2"/><V18/><F2/><W128/><G128/><T129/><D75/><U23/><E23/><V114/><F11/><W32/><G32/><T119/><D129/><U43/><E43/><V116/><F89/><W14/><G85/><AGARI ba="0,1" hai="22,24,30,39,41,46,73,79,83,85,88,94,101,103" machi="85" ten="30,12000,1" yaku="1,1,7,1,52,1,54,1,53,1" doraHai="70" doraHaiUra="71" who="1" fromWho="3" sc="265,0,250,130,287,0,188,-120" /><INIT seed="5,1,0,2,4,49" ten="265,380,287,68" oya="1" hai0="129,39,46,62,95,88,75,43,42,30,80,135,93" hai1="87,72,74,123,68,127,64,5,23,70,54,8,25" hai2="26,58,34,134,106,37,89,98,85,7,82,118,10" hai3="41,31,12,113,86,0,108,101,9,19,32,53,61"/><U83/><E123/><V133/><F118/><W124/><G113/><T78/><D135/><U100/><E127/><V79/><F37/><W40/><G124/><T3/><D129/><U116/><E100/><V35/><F58/><W111/><G0/><T27/><D42/><U52/><E74/><V6/><F6/><W22/><G32/><T117/><D3/><U105/><E105/><V125/><F125/><W99/><G86/><T90/><D117/><U33/><E33/><V44/><F44/><W128/><G128/><T28/><D62/><U1/><E72/><V48/><F48/><W38/><G38/><T24/><D28/><U56/><E116/><V114/><F114/><W102/><G111/><T63/><D63/><N who="1" m="37991" /><E70/><V59/><F59/><N who="3" m="35055" /><G108/><T20/><D24/><U67/><E67/><V120/><F120/><W50/><G99/><T122/><D122/><U69/><E69/><V96/><F96/><W65/><G65/><T66/><D66/><U21/><E1/><V132/><F26/><N who="3" m="16855" /><G40/><T16/><REACH who="0" step="1"/><D30/><REACH who="0" ten="255,380,287,68" step="2"/><U119/><E119/><V76/><F133/><W51/><G51/><T60/><D60/><U81/><E25/><V14/><F134/><W77/><G77/><T109/><D109/><U4/><E68/><V11/><F132/><W126/><G126/><T36/><D36/><U55/><E87/><V91/><F79/><W73/><G73/><T107/><D107/><U2/><E2/><N who="2" m="375" /><F76/><W18/><G41/><T13/><D13/><N who="1" m="5255" /><E5/><N who="2" m="3439" /><F106/><W130/><G130/><T84/><D84/><U57/><E57/><V15/><F15/><N who="3" m="7535" /><G50/><T131/><D131/><U29/><E29/><RYUUKYOKU ba="1,1" sc="255,0,380,0,287,0,68,0" hai0="16,20,27,39,43,46,75,78,80,88,90,93,95" hai1="21,23,52,54,55,81,83" hai2="34,35,82,85,89,91,98" hai3="12,19,101,102" /><INIT seed="5,2,1,4,0,132" ten="255,380,287,68" oya="1" hai0="57,114,3,87,23,84,123,113,64,80,88,122,111" hai1="43,22,52,14,31,42,61,11,102,94,82,95,62" hai2="5,33,34,35,10,38,127,45,99,59,77,6,51" hai3="41,58,7,119,63,98,90,116,70,79,72,28,103"/><U96/><E82/><V25/><F77/><W32/><G70/><T110/><D3/><U19/><E95/><V0/><F38/><W15/><G41/><T60/><D23/><U1/><E1/><V106/><F59/><W12/><G90/><T18/><D18/><U67/><E62/><V30/><F5/><W24/><G7/><T73/><D73/><U129/><E52/><V54/><F127/><W29/><G29/><T20/><D20/><U124/><E124/><V133/><F133/><W27/><G27/><T101/><D101/><U49/><E49/><V81/><F81/><W86/><G86/><T120/><REACH who="0" step="1"/><D87/><REACH who="0" ten="245,380,287,68" step="2"/><U108/><E108/><AGARI ba="2,2" hai="57,60,64,80,84,88,108,110,111,113,114,120,122,123" machi="108" ten="50,8000,1" yaku="1,1,2,1,13,1,54,1,53,0" doraHai="132" doraHaiUra="75" who="0" fromWho="1" sc="245,106,380,-86,287,0,68,0" /><INIT seed="6,0,0,4,2,48" ten="351,294,287,68" oya="2" hai0="2,88,15,68,79,74,47,93,5,41,14,53,118" hai1="22,114,83,64,26,89,32,111,27,97,10,23,65" hai2="0,94,128,25,99,38,91,55,100,70,3,1,73" hai3="34,90,33,108,76,36,63,28,131,126,59,133,19"/><V17/><F128/><W109/><G36/><T7/><D68/><U103/><E111/><V102/><F70/><W85/><G76/><T39/><D118/><U124/><E114/><V20/><F73/><W123/><G123/><T95/><D95/><N who="1" m="58815" /><E32/><V78/><F78/><W96/><G96/><T31/><D31/><N who="1" m="17879" /><E10/><V66/><F66/><W105/><G105/><T35/><D35/><U21/><E124/><V43/><F43/><W129/><G33/><T50/><D2/><U18/><E21/><V71/><F38/><W30/><G34/><T119/><D119/><U4/><E4/><V58/><REACH who="2" step="1"/><F71/><REACH who="2" ten="351,294,277,68" step="2"/><W135/><G109/><T24/><D74/><U125/><E125/><V107/><F107/><W120/><G108/><T46/><D79/><U127/><E127/><V62/><AGARI ba="0,1" hai="0,1,3,17,20,25,55,58,62,91,94,99,100,102" machi="62" ten="30,12000,1" yaku="1,1,0,1,25,2,52,1,53,0" doraHai="48" doraHaiUra="117" who="2" fromWho="2" sc="351,-40,294,-40,277,130,68,-40" /><INIT seed="6,1,0,0,4,12" ten="311,254,407,28" oya="2" hai0="80,57,133,2,107,43,38,74,98,59,36,83,91" hai1="3,100,58,105,40,102,65,85,4,54,26,113,92" hai2="22,24,82,116,55,115,8,79,73,45,16,11,0" hai3="70,18,48,46,42,28,94,88,50,61,125,66,41"/><V96/><F116/><W15/><G125/><T117/><D2/><U130/><E105/><V14/><F115/><W19/><G28/><T9/><D117/><U63/><E113/><V62/><F96/><W127/><G127/><T126/><D126/><U53/><E40/><V114/><F114/><W128/><G128/><T111/><D111/><U87/><E3/><V35/><F0/><W60/><G60/><T122/><D43/><U29/><E4/><V84/><F73/><W44/><REACH who="3" step="1"/><G15/><REACH who="3" ten="311,254,407,18" step="2"/><T75/><D122/><U32/><E130/><V7/><F35/><W39/><G39/><T101/><D36/><U108/><E108/><V5/><F62/><W13/><G13/><T103/><D38/><U1/><E1/><V25/><F8/><W23/><G23/><T112/><D9/><U17/><E29/><V27/><F7/><W49/><G49/><AGARI ba="1,1" hai="5,11,14,16,22,24,25,27,45,49,55,79,82,84" machi="49" ten="40,7700,0" yaku="8,1,52,1,54,1" doraHai="12" who="2" fromWho="3" sc="311,0,254,0,407,90,18,-80" owari="311,11.1,254,-14.6,497,59.7,-62,-56.2" /></mjloggm>