<mjloggm ver="2.3"><GO type="169" lobby="0"/><UN n0="%74%77%69%74%63%68" n1="%E6%A9%9F%E7%8E%87%E4%B9%8B%E9%96%80%E7%9A%84%E4%BF%A1%E5%BE%92" n2="%41%6D%69%63%68%61%6E" n3="%E6%88%91%E5%8F%AF%E4%BB%A5" dan="16,16,16,16" rate="2121.33,2113.30,2067.87,2092.90" sx="F,M,F,M"/><TAIKYOKU oya="0"/><INIT seed="0,0,0,0,0,101" ten="250,250,250,250" oya="0" hai0="128,17,133,28,98,88,37,62,4,134,12,31,20" hai1="59,120,115,3,52,36,94,49,99,85,50,73,93" hai2="109,83,112,61,132,51,123,86,89,78,129,77,81" hai3="19,121,18,116,69,39,60,2,57,41,135,21,13"/><T130/><D37/><U54/><E120/><V111/><F61/><W97/><G116/><T104/><D62/><U11/><E36/><V0/><F0/><W110/><G135/><N who="0" m="51723" /><D88/><N who="1" m="53391" /><E3/><V70/><F70/><W67/><G121/><T34/><D34/><U23/><E73/><N who="2" m="43215" /><F51/><W9/><G110/><N who="2" m="41993" /><F123/><W14/><G2/><T91/><D91/><N who="1" m="55775" /><E115/><V103/><F112/><W114/><G114/><T124/><D4/><U68/><E68/><V87/><F132/><W82/><G69/><T45/><D45/><N who="1" m="27695" /><E23/><V64/><F64/><W25/><G39/><T127/><D98/><U5/><E5/><V90/><F129/><N who="0" m="49770" /><D104/><U102/><E102/><V47/><F47/><W43/><G97/><T48/><D48/><U22/><E50/><V16/><F16/><W15/><G19/><T126/><AGARI ba="0,0" hai="12,17,20,28,31,124,126,127" m="49770,51723" machi="126" ten="40,48000,5" yakuman="39" doraHai="101" who="0" fromWho="0" sc="250,480,250,-160,250,-160,250,-160" /><INIT seed="0,1,0,1,0,121" ten="730,90,90,90" oya="0" hai0="41,87,36,92,69,123,37,50,56,46,88,40,60" hai1="117,17,43,94,52,97,23,39,98,111,74,31,120" hai2="12,131,63,26,127,6,9,96,3,33,100,44,124" hai3="81,51,29,61,59,85,77,82,18,28,113,109,20"/><T7/><D123/><U132/><E120/><V30/><F131/><W75/><G113/><T84/><D69/><U0/><E117/><V93/><F44/><W79/><G51/><T11/><D87/><U112/><E112/><V32/><F32/><W95/><G95/><T86/><D86/><U89/><E0/><V38/><F38/><W99/><G99/><T76/><D76/><U48/><E132/><V54/><F3/><W116/><G109/><T53/><REACH who="0" step="1"/><D40/><REACH who="0" ten="720,90,90,90" step="2"/><U14/><E43/><V49/><REACH who="2" step="1"/><F63/><REACH who="2" ten="720,90,80,90" step="2"/><W58/><G61/><T83/><D83/><BYE who="0" /><U13/><E74/><V126/><F126/><W1/><G75/><T78/><D78/><U65/><E39/><V68/><F68/><W135/><G1/><T42/><D42/><U73/><E73/><V5/><F5/><W108/><G81/><T57/><D57/><U2/><E2/><V55/><F55/><W122/><G79/><T106/><D106/><U118/><E52/><V90/><F90/><W27/><G122/><T72/><D72/><U25/><E89/><V35/><F35/><W110/><G58/><T16/><D16/><U119/><E17/><V102/><F102/><W8/><G59/><T115/><D115/><U67/><E67/><UN n0="%74%77%69%74%63%68" /><V104/><F104/><W22/><G82/><T47/><D47/><U70/><E70/><V101/><F101/><W129/><G77/><T134/><D134/><U114/><E65/><V107/><F107/><W71/><G71/><T133/><D133/><U24/><E118/><V80/><F80/><W21/><G135/><T130/><D130/><U103/><E114/><RYUUKYOKU ba="1,2" sc="720,15,90,-15,80,15,90,-15" hai0="7,11,36,37,41,46,50,53,56,60,84,88,92" hai2="6,9,12,26,30,33,49,54,93,96,100,124,127" /><INIT seed="0,2,2,5,3,32" ten="735,75,95,75" oya="0" hai0="63,113,111,58,45,98,121,68,77,79,56,74,75" hai1="100,35,85,70,115,102,26,11,54,107,127,99,64" hai2="114,135,124,25,123,103,39,67,5,49,38,81,101" hai3="132,59,0,129,76,53,87,6,13,128,112,92,47"/><T34/><D113/><U1/><E115/><V96/><F114/><W69/><G112/><RYUUKYOKU type="kaze4" ba="2,2" sc="735,0,75,0,95,0,75,0" /><INIT seed="0,3,2,3,0,131" ten="735,75,95,75" oya="0" hai0="17,66,133,10,78,111,14,127,60,73,96,63,43" hai1="84,121,117,114,24,85,26,42,115,88,107,40,99" hai2="41,122,98,123,13,44,23,57,21,76,37,120,89" hai3="124,62,12,1,52,81,90,128,109,126,3,30,70"/><T56/><D127/><N who="3" m="48681" /><G128/><T110/><D78/><U25/><E117/><V101/><F76/><W53/><G109/><N who="0" m="41483" /><D73/><U8/><E121/><V19/><F57/><N who="3" m="35111" /><G70/><T116/><D43/><N who="1" m="16427" /><E8/><V35/><F89/><W103/><G103/><T102/><D63/><U55/><E55/><V79/><F35/><W59/><G30/><T65/><D116/><U129/><E129/><V61/><F79/><W83/><G12/><T48/><D48/><U86/><E107/><V93/><REACH who="2" step="1"/><F61/><REACH who="2" ten="735,75,85,75" step="2"/><N who="3" m="36079" /><G90/><T7/><D60/><U106/><E88/><V0/><F0/><AGARI ba="3,3" hai="0,1,3,81,83" m="36079,35111,48681" machi="0" ten="30,2000,0" yaku="18,1,54,1" doraHai="131" who="3" fromWho="2" sc="735,0,75,0,85,-29,75,59" /><INIT seed="1,0,0,0,1,8" ten="735,75,56,134" oya="1" hai0="26,34,93,113,58,106,82,1,86,65,60,100,87" hai1="41,123,79,91,25,117,108,129,111,78,17,115,75" hai2="39,46,9,32,64,107,21,43,59,77,62,128,66" hai3="18,96,22,63,45,67,109,0,72,112,98,56,121"/><U16/><E115/><V2/><F107/><W85/><G72/><T10/><D113/><U52/><E117/><V23/><F32/><W135/><G112/><T31/><D106/><U133/><E123/><V118/><F118/><W103/><G0/><T74/><D74/><U127/><E133/><V13/><F2/><W83/><G135/><T130/><D130/><U57/><E129/><V116/><F116/><W7/><G7/><T90/><D100/><U105/><E127/><V51/><F128/><W80/><G109/><N who="1" m="42058" /><E105/><V42/><F77/><N who="1" m="29193" /><E75/><V15/><F64/><W92/><G121/><T76/><D1/><U5/><E5/><N who="2" m="3247" /><F39/><W134/><G134/><T122/><D122/><U38/><E25/><V33/><F33/><W102/><G45/><T36/><D36/><U94/><E41/><N who="2" m="25039" /><F23/><W3/><G3/><T81/><D10/><U35/><E35/><V131/><F131/><W124/><G124/><T27/><D27/><U69/><E69/><V53/><F66/><W54/><G67/><T70/><D70/><U84/><E38/><V49/><F62/><AGARI ba="0,0" hai="16,17,52,57,62,84,91,94" m="29193,42058" machi="62" ten="30,11600,0" yaku="14,1,10,1,54,2" doraHai="8" who="1" fromWho="2" sc="735,0,75,116,56,-116,134,0" owari="735,83.5,191,-0.9,-60,-56.0,134,-26.6" /></mjloggm>