<mjloggm ver="2.3"><GO type="169" lobby="0"/><UN n0="%E9%BA%BB%E9%9B%80%E5%A4%AA%E9%83%8E" n1="%E3%81%82%E3%81%84%E3%81%93%E3%81%99" n2="%69%50%68%6F%6E%65%31" n3="%E4%B9%9D%E5%B0%BE%E3%81%AE%E3%83%8D%E3%82%B3" dan="17,16,16,16" rate="2165.93,2125.66,2130.83,2050.04" sx="M,M,M,M"/><TAIKYOKU oya="0"/><INIT seed="0,0,0,0,2,126" ten="250,250,250,250" oya="0" hai0="104,67,66,59,90,57,5,6,30,19,13,33,44" hai1="1,16,117,4,88,36,31,106,131,120,46,58,52" hai2="127,32,85,99,119,103,60,77,93,96,65,25,10" hai3="105,79,95,129,133,68,101,107,110,35,22,75,109"/><T92/><D104/><U86/><E120/><V64/><F127/><W8/><G8/><T112/><D112/><U34/><E117/><V72/><F119/><W73/><G22/><T20/><D33/><U0/><E106/><N who="3" m="40458" /><G35/><T56/><D30/><U61/><E4/><V43/><F72/><N who="3" m="27723" /><G68/><T132/><D132/><U121/><E121/><V29/><F99/><N who="3" m="59647" /><G133/><T27/><D44/><U134/><E134/><V125/><F43/><W100/><G100/><T21/><D5/><U87/><E31/><V47/><F47/><W51/><G51/><T18/><REACH who="0" step="1"/><D6/><REACH who="0" ten="240,250,250,250" step="2"/><U38/><E46/><V116/><F32/><W62/><G62/><T89/><D89/><U39/><E88/><V50/><F60/><W41/><G41/><T135/><D135/><U71/><E34/><V81/><F29/><W23/><G23/><T53/><D53/><U78/><E52/><V14/><F125/><W7/><G7/><T115/><D115/><U83/><E61/><V111/><F103/><W40/><G40/><T108/><D108/><N who="3" m="41577" /><G79/><T3/><D3/><U113/><E0/><V82/><F111/><W26/><G26/><T28/><D28/><U11/><E1/><V118/><F25/><W91/><G91/><T69/><D69/><U9/><E71/><V74/><F118/><W2/><G2/><T12/><D12/><U54/><E113/><V70/><F116/><W130/><AGARI ba="0,1" hai="129,130" m="41577,59647,27723,40458" machi="130" ten="40,8000,1" yaku="14,1,34,2,52,2" doraHai="126" who="3" fromWho="3" sc="240,-40,250,-20,250,-20,250,90" /><INIT seed="1,0,0,2,1,91" ten="200,230,230,340" oya="1" hai0="134,123,26,15,1,73,122,35,23,92,106,102,95" hai1="49,21,31,54,59,37,67,9,45,79,24,87,38" hai2="3,42,66,18,93,120,19,109,0,108,90,133,69" hai3="110,72,116,46,118,100,85,103,80,56,58,60,57"/><U61/><E79/><V6/><F120/><N who="0" m="46122" /><D1/><U50/><E87/><V28/><F28/><W81/><G72/><T104/><D73/><U30/><E30/><V96/><F133/><W52/><G110/><N who="2" m="42601" /><F42/><W75/><G75/><T76/><D76/><U25/><E25/><V10/><F3/><W132/><G132/><T130/><D134/><U98/><E9/><V70/><F66/><W129/><G129/><T2/><D2/><U29/><E29/><V34/><F34/><W11/><G11/><T5/><D35/><U99/><E38/><V39/><F39/><W33/><G33/><T112/><D112/><U22/><E22/><V126/><F126/><W89/><G81/><T48/><D48/><U12/><E37/><V86/><F86/><W119/><G60/><T113/><D113/><U77/><E77/><V68/><AGARI ba="0,0" hai="0,6,10,18,19,68,69,70,90,93,96" m="42601" machi="68" ten="40,2700,0" yaku="14,1,52,1" doraHai="91" who="2" fromWho="2" sc="200,-7,230,-13,230,27,340,-7" /><INIT seed="2,0,0,4,5,56" ten="193,217,257,333" oya="2" hai0="50,3,85,126,66,103,108,63,21,73,112,80,94" hai1="131,14,4,101,135,119,49,7,106,81,58,32,129" hai2="116,69,109,22,35,44,17,120,51,43,13,54,62" hai3="115,78,70,118,31,72,37,64,86,25,83,30,88"/><V134/><F116/><W65/><G118/><T111/><D3/><U76/><E119/><V82/><F120/><W52/><G37/><T5/><D5/><U79/><E32/><V11/><F35/><W125/><G70/><T114/><D50/><U87/><E135/><V1/><F134/><W33/><G115/><T42/><D42/><U10/><E106/><V89/><F109/><N who="0" m="42058" /><D21/><U59/><E101/><V99/><F82/><W9/><G31/><T132/><D73/><U75/><E76/><V95/><F1/><W38/><G38/><T39/><D39/><U100/><E100/><V19/><F69/><W107/><G107/><T24/><D24/><U26/><E26/><V71/><F71/><W61/><G9/><T117/><D132/><U93/><E4/><V127/><F127/><W53/><G125/><T124/><D117/><U48/><E48/><V45/><F62/><W110/><G110/><T90/><D124/><U84/><E75/><V46/><REACH who="2" step="1"/><F43/><REACH who="2" ten="193,217,247,333" step="2"/><W18/><G61/><T57/><D126/><U12/><E131/><V77/><F77/><W47/><G78/><T133/><D133/><U27/><E129/><V2/><F2/><W29/><G33/><T104/><D114/><U122/><E79/><V102/><F102/><W98/><G83/><T34/><D112/><U16/><E81/><V92/><F92/><W105/><G105/><T130/><D34/><U0/><E93/><V128/><F128/><W123/><G123/><T60/><D130/><U8/><E122/><V28/><F28/><W41/><G30/><T15/><D94/><U6/><E0/><RYUUKYOKU ba="0,1" sc="193,-10,217,-10,247,30,333,-10" hai2="11,13,17,19,22,44,45,46,51,54,89,95,99" /><INIT seed="2,1,1,4,0,109" ten="183,207,277,323" oya="2" hai0="23,45,65,76,9,101,50,129,133,117,62,36,112" hai1="75,90,69,128,22,29,16,134,87,77,64,56,37" hai2="127,82,28,80,98,132,70,58,54,31,85,17,2" hai3="116,72,96,8,122,131,30,59,1,106,130,68,118"/><V110/><F70/><W44/><G122/><T67/><D76/><U107/><E134/><V79/><F2/><W108/><G108/><T126/><D126/><U125/><E125/><V43/><F110/><W51/><G72/><T84/><D129/><N who="3" m="49161" /><G68/><T61/><D133/><U74/><E128/><V92/><F132/><W57/><G30/><T53/><D36/><U33/><E107/><V25/><F43/><N who="3" m="24991" /><G96/><T0/><D101/><U21/><E37/><V114/><F82/><W27/><G27/><T26/><D117/><N who="3" m="45161" /><G106/><T94/><D26/><U121/><E33/><V14/><F25/><W32/><G32/><T89/><D23/><U49/><E22/><V73/><F73/><W78/><G78/><T111/><D111/><U102/><E29/><V19/><F127/><W6/><AGARI ba="1,1" hai="1,6,8,57,59" m="45161,24991,49161" machi="6" ten="40,1500,0" yaku="19,1" doraHai="109" who="3" fromWho="3" sc="183,-5,207,-5,277,-8,323,28" /><INIT seed="3,0,0,4,0,66" ten="178,202,269,351" oya="3" hai0="67,85,6,2,91,120,44,122,129,60,87,112,118" hai1="62,26,43,73,4,135,59,90,70,53,79,78,10" hai2="18,25,45,28,128,24,38,103,92,84,125,37,1" hai3="134,57,105,99,49,132,123,40,77,114,107,133,76"/><W27/><G123/><T82/><D118/><U130/><E130/><V126/><F1/><W58/><G114/><T56/><D129/><U7/><E135/><V3/><F3/><W33/><G33/><T19/><D112/><U61/><E43/><V52/><F128/><W94/><G27/><T80/><D2/><U74/><E26/><V108/><F108/><W5/><G5/><T115/><D6/><U100/><E100/><V127/><F18/><W96/><G40/><T55/><D115/><U42/><E42/><V72/><F72/><W36/><G36/><T89/><D44/><U65/><E74/><V54/><F25/><W47/><G47/><T29/><D29/><U109/><E109/><V14/><F14/><W32/><G32/><T64/><REACH who="0" step="1"/><D19/><REACH who="0" ten="168,202,269,351" step="2"/><U48/><E4/><V110/><F110/><W86/><G133/><T97/><D97/><U8/><E7/><V11/><F45/><W98/><G98/><T124/><D124/><U93/><E73/><V22/><F127/><W88/><G99/><T39/><D39/><U69/><E79/><V104/><F126/><W30/><G30/><T16/><D16/><U83/><E78/><V41/><F38/><W113/><G113/><T51/><D51/><U50/><E48/><V111/><F37/><W35/><G49/><T131/><D131/><U9/><E83/><V15/><F125/><W63/><G132/><T71/><D71/><U81/><E81/><V116/><F116/><W23/><G134/><T119/><D119/><U21/><E50/><V20/><F41/><W106/><G96/><T121/><AGARI ba="0,1" hai="55,56,60,64,67,80,82,85,87,89,91,120,121,122" machi="121" ten="30,7900,0" yaku="1,1,5,1,0,1,9,1,53,0" doraHai="66" doraHaiUra="0" who="0" fromWho="0" sc="168,89,202,-20,269,-20,351,-39" /><INIT seed="4,0,0,2,4,71" ten="257,182,249,312" oya="0" hai0="31,36,75,12,130,5,17,60,46,61,79,95,45" hai1="74,126,85,115,24,88,33,122,11,67,91,116,56" hai2="99,34,68,52,133,135,117,20,38,104,29,90,93" hai3="6,9,21,107,118,42,58,110,18,86,53,80,13"/><T1/><D130/><U64/><E116/><V87/><F34/><W14/><G118/><T108/><D108/><U100/><E122/><V40/><F68/><W10/><G110/><T124/><D124/><U98/><E74/><V7/><F117/><W120/><G120/><T25/><D95/><U78/><E126/><V55/><F7/><W109/><G109/><T101/><D101/><U97/><E11/><V112/><F112/><W81/><G107/><T44/><D5/><U19/><E78/><V57/><F20/><W92/><G42/><T103/><D1/><U82/><E91/><V35/><F29/><W127/><G127/><T106/><D103/><U49/><E98/><V3/><F35/><W63/><G10/><T0/><D0/><U59/><E115/><V123/><F3/><W96/><G86/><T39/><D106/><U113/><E113/><V41/><F55/><W73/><G73/><T69/><D79/><U48/><E59/><V70/><F70/><W125/><G125/><T66/><D61/><U30/><E19/><V121/><F121/><W26/><G14/><T32/><REACH who="0" step="1"/><D75/><REACH who="0" ten="247,182,249,312" step="2"/><U114/><E114/><V83/><F104/><W84/><G84/><T89/><D89/><AGARI ba="0,1" hai="6,9,13,18,21,26,53,58,63,80,81,89,92,96" machi="89" ten="30,7700,0" yaku="7,1,25,2,8,1" doraHai="71" who="3" fromWho="0" sc="247,-77,182,0,249,0,312,87" /><INIT seed="5,0,0,0,4,123" ten="170,182,249,399" oya="1" hai0="8,135,131,61,44,108,92,71,107,130,36,37,11" hai1="121,70,74,82,2,65,15,48,124,17,118,83,84" hai2="112,134,22,97,73,35,59,78,56,43,30,46,45" hai3="109,72,5,28,0,105,20,42,88,86,19,104,27"/><U7/><E121/><V87/><F35/><W38/><G72/><T63/><D107/><U91/><E118/><V106/><F73/><W66/><G109/><T99/><D135/><U60/><E124/><V62/><F59/><W33/><G66/><T31/><D31/><U102/><E102/><V132/><F46/><W3/><G3/><T128/><D108/><U126/><E126/><V40/><F43/><W96/><G96/><T25/><D25/><U14/><E2/><V57/><F57/><W81/><G42/><T68/><D44/><U113/><E113/><V119/><F119/><W53/><G53/><T67/><D92/><U10/><E48/><V76/><F22/><W54/><G54/><T16/><D99/><U129/><E129/><V85/><F30/><W114/><G38/><N who="0" m="14955" /><D67/><U103/><E103/><V51/><F112/><W52/><G52/><T1/><D1/><U90/><E74/><V13/><F13/><N who="3" m="9327" /><G114/><T101/><D101/><U58/><E70/><N who="0" m="26665" /><D16/><U21/><REACH who="1" step="1"/><E82/><REACH who="1" ten="170,172,249,399" step="2"/><V12/><F51/><W125/><G125/><T100/><D100/><U117/><E117/><V116/><F116/><W77/><G105/><T89/><D89/><AGARI ba="0,1" hai="7,10,14,15,17,21,58,60,65,83,84,89,90,91" machi="89" ten="30,5800,0" yaku="1,1,7,1,8,1,53,0" doraHai="123" doraHaiUra="98" who="1" fromWho="0" sc="170,-58,172,68,249,0,399,0" /><INIT seed="5,1,0,4,2,133" ten="112,240,249,399" oya="1" hai0="96,49,27,78,69,26,92,41,48,67,83,71,135" hai1="32,121,79,128,47,113,85,101,21,34,109,0,117" hai2="86,57,36,55,22,127,122,97,1,70,38,76,25" hai3="132,4,103,126,39,42,107,10,108,112,63,19,46"/><U45/><E121/><V13/><F1/><W125/><G108/><T12/><D135/><U60/><E117/><V66/><F122/><W134/><G112/><T72/><D69/><U91/><E113/><V93/><F70/><W64/><G19/><T87/><D72/><U43/><E0/><V131/><F66/><W110/><G110/><T28/><D71/><U130/><E79/><V8/><F131/><N who="1" m="50217" /><E60/><V123/><F123/><W84/><G84/><T31/><D67/><U50/><E101/><V77/><F86/><W61/><G61/><T106/><D106/><U118/><E118/><V15/><F38/><W33/><G33/><T7/><D31/><U81/><E21/><V17/><F36/><W98/><G64/><T114/><D114/><U40/><E109/><V14/><F8/><W51/><G63/><T68/><D68/><U82/><E81/><V116/><F116/><W16/><G51/><AGARI ba="1,0" hai="32,34,40,43,45,47,50,51,82,85,91" m="50217" machi="51" ten="30,1500,0" yaku="19,1" doraHai="133" who="1" fromWho="3" sc="112,0,240,18,249,0,399,-18" /><INIT seed="5,2,0,1,5,67" ten="112,258,249,381" oya="1" hai0="12,7,92,2,120,38,128,61,132,79,87,78,76" hai1="131,62,43,59,72,58,75,45,110,25,118,126,44" hai2="65,57,104,24,63,115,109,21,96,36,73,32,103" hai3="114,130,31,15,133,18,5,127,29,69,100,82,135"/><U27/><E118/><V85/><F109/><W37/><G37/><T1/><D38/><U39/><E110/><V119/><F73/><W17/><G69/><T116/><D128/><U35/><E131/><V129/><F119/><W46/><G46/><T8/><D132/><U52/><E126/><V33/><F115/><W123/><G114/><T51/><D116/><U84/><E45/><V55/><F129/><W49/><G130/><T80/><D120/><U95/><E72/><V77/><F36/><W41/><G100/><T86/><D1/><U98/><E75/><V47/><F77/><W108/><G82/><T26/><D2/><U60/><E84/><V88/><F55/><W34/><G108/><T102/><D61/><U3/><E3/><V13/><F13/><W20/><G49/><T107/><D107/><U10/><E10/><V112/><F47/><W68/><G68/><T125/><D125/><U90/><REACH who="1" step="1"/><E35/><REACH who="1" ten="112,248,249,381" step="2"/><V117/><F117/><W14/><G127/><T93/><D86/><U28/><E28/><V0/><F0/><W50/><G123/><T54/><D87/><U64/><AGARI ba="2,1" hai="25,27,39,43,44,52,58,59,60,62,64,90,95,98" machi="64" ten="20,12000,1" yaku="1,1,0,1,7,1,54,1,53,1" doraHai="67" doraHaiUra="89" who="1" fromWho="1" sc="112,-42,248,136,249,-42,381,-42" /><INIT seed="5,3,0,0,1,107" ten="70,384,207,339" oya="1" hai0="117,119,88,78,1,87,97,48,63,111,112,134,69" hai1="90,7,29,12,8,31,61,30,4,44,56,95,82" hai2="125,129,33,130,131,126,0,55,24,115,99,96,83" hai3="105,57,35,71,9,104,53,109,46,22,10,116,52"/><U6/><E82/><V14/><F0/><W120/><G109/><T84/><D1/><U20/><E44/><V108/><F108/><W51/><G35/><T64/><D111/><U127/><E127/><N who="2" m="48651" /><F14/><W65/><G120/><T66/><D112/><U54/><REACH who="1" step="1"/><E20/><REACH who="1" ten="70,374,207,339" step="2"/><V58/><F83/><W47/><G22/><T123/><D117/><U36/><E36/><V106/><F131/><W28/><G116/><T59/><D119/><U93/><E93/><V94/><F94/><W91/><G47/><T70/><D123/><U13/><E13/><V21/><F130/><W62/><G46/><T41/><D134/><U89/><E89/><V80/><F80/><W32/><G91/><T3/><D88/><U102/><E102/><V37/><F37/><W103/><G104/><T98/><D3/><U100/><E100/><V85/><F129/><W42/><G42/><T73/><D41/><U49/><E49/><V15/><F15/><W72/><G103/><T43/><D48/><U74/><E74/><V128/><F21/><W38/><G72/><T16/><D43/><U34/><E34/><V39/><F33/><W110/><G105/><T17/><D73/><U75/><E75/><V68/><F39/><W118/><G110/><T25/><D78/><U114/><E114/><V18/><F115/><W60/><G118/><T27/><REACH who="0" step="1"/><D63/><REACH who="0" ten="60,374,207,339" step="2"/><U121/><E121/><V5/><F128/><W50/><G38/><T40/><D40/><U45/><E45/><V133/><F133/><W23/><G62/><T132/><D132/><U124/><E124/><V76/><F76/><W26/><G32/><RYUUKYOKU ba="3,2" sc="60,10,374,10,207,-30,339,10" hai0="16,17,25,27,59,64,66,69,70,84,87,97,98" hai1="4,6,7,8,12,29,30,31,54,56,61,90,95" hai3="9,10,23,26,28,50,51,52,53,57,60,65,71" /><INIT seed="5,4,2,1,1,38" ten="70,384,177,349" oya="1" hai0="41,13,34,119,65,129,17,104,72,96,107,18,62" hai1="71,85,99,76,24,134,33,133,111,55,80,82,108" hai2="114,57,70,127,135,6,36,48,81,14,37,77,131" hai3="46,47,8,2,75,110,123,91,95,68,79,84,40"/><U16/><E71/><V115/><F6/><W100/><G123/><T78/><D119/><U7/><E7/><V83/><F14/><W130/><G68/><T116/><D116/><U15/><E99/><V19/><F19/><W105/><G110/><N who="1" m="42026" /><E55/><N who="2" m="31975" /><F83/><W124/><G47/><T118/><D34/><U59/><E59/><V113/><F81/><W50/><G75/><T56/><D72/><N who="1" m="43015" /><E24/><V102/><F77/><W63/><G79/><T12/><D78/><N who="1" m="46295" /><E33/><V61/><F102/><W69/><G100/><T86/><D96/><U94/><E94/><V0/><F0/><W121/><G69/><T122/><D118/><U106/><E106/><V98/><F98/><W3/><G105/><T39/><D104/><U44/><E44/><V20/><F70/><W103/><G103/><T117/><D107/><U74/><E74/><V4/><F4/><W45/><G45/><T23/><D117/><U27/><E27/><V5/><F5/><W128/><G63/><T97/><D62/><U88/><E88/><V101/><F61/><W90/><G91/><T126/><D56/><U28/><E28/><V42/><F101/><W54/><G121/><T49/><D122/><U51/><E51/><V58/><F58/><W43/><G3/><T87/><D49/><U112/><E112/><V35/><F113/><W29/><G29/><T67/><D97/><U10/><AGARI ba="4,2" hai="10,15,16,133,134" m="46295,43015,42026" machi="10" ten="30,3000,0" yaku="10,1,54,1" doraHai="38" who="1" fromWho="1" sc="70,-14,384,62,177,-14,349,-14" /><INIT seed="5,5,0,5,4,57" ten="56,446,163,335" oya="1" hai0="127,116,4,95,18,83,96,79,128,85,129,131,38" hai1="23,15,110,19,68,51,46,25,52,5,80,44,77" hai2="99,35,8,67,117,81,100,71,26,122,65,111,48" hai3="10,63,120,50,135,130,72,97,86,114,16,27,119"/><U92/><E110/><V109/><F117/><W73/><G120/><T61/><D38/><U59/><E68/><V11/><F122/><W113/><G119/><T31/><D127/><U60/><E92/><V29/><F81/><W69/><G50/><T12/><D116/><U9/><REACH who="1" step="1"/><E51/><REACH who="1" ten="56,436,163,335" step="2"/><V47/><F111/><W88/><G69/><T74/><D128/><U17/><E17/><V6/><F109/><W56/><G130/><T53/><D129/><U133/><E133/><V102/><F71/><W115/><G135/><T62/><D131/><U22/><E22/><V78/><F48/><W39/><G39/><T7/><D31/><U121/><E121/><V112/><F29/><W42/><G113/><T49/><D4/><U118/><E118/><V98/><F6/><W20/><G114/><T30/><D7/><U55/><E55/><V41/><F112/><W90/><G115/><T76/><D30/><U37/><E37/><V24/><F65/><W13/><G42/><T94/><D94/><U101/><E101/><V32/><F67/><W64/><G97/><T93/><D93/><U82/><E82/><V66/><F66/><W108/><G108/><T70/><D70/><U1/><E1/><V87/><F41/><W124/><G124/><T0/><D0/><U58/><E58/><V40/><F40/><W84/><G73/><AGARI ba="5,1" hai="5,9,15,19,23,25,44,46,52,59,60,73,77,80" machi="73" ten="30,11600,0" yaku="1,1,7,1,52,1,54,1,53,0" doraHai="57" doraHaiUra="132" who="1" fromWho="3" sc="56,0,436,141,163,0,335,-131" /><INIT seed="5,6,0,3,3,93" ten="56,577,163,204" oya="1" hai0="20,131,11,79,121,9,49,32,122,0,135,38,25" hai1="6,31,101,48,113,17,111,29,106,91,19,124,23" hai2="37,35,102,5,2,133,85,63,119,7,127,44,15" hai3="56,132,52,77,55,90,78,72,99,114,62,51,109"/><U81/><E113/><V117/><F102/><W22/><G109/><T59/><D38/><U40/><E6/><V83/><F2/><W110/><G110/><T21/><D59/><U86/><E17/><V4/><F35/><W116/><G116/><T57/><D57/><U8/><E8/><N who="0" m="3145" /><D49/><U118/><E118/><V128/><F15/><W60/><G114/><T66/><D66/><U107/><E111/><V68/><F85/><W97/><G72/><T61/><D61/><N who="3" m="23657" /><G132/><T76/><D135/><U120/><E120/><N who="0" m="46185" /><D0/><U134/><E134/><V74/><F74/><W129/><G129/><T75/><D75/><U100/><E107/><V58/><F128/><W50/><G22/><N who="0" m="8811" /><D131/><U84/><E106/><V82/><F58/><N who="3" m="33143" /><G90/><T108/><D108/><U3/><E3/><V65/><F133/><W73/><G73/><T88/><D88/><U89/><E101/><V69/><F65/><W80/><G80/><T46/><D46/><U36/><E36/><V53/><F44/><W12/><G12/><T95/><D95/><U30/><E100/><V16/><F37/><W41/><G41/><T104/><D104/><U13/><E40/><V71/><F63/><W45/><G56/><T1/><D1/><U64/><E48/><V98/><F68/><W105/><G105/><T130/><D130/><U123/><E123/><V126/><F69/><W112/><G112/><T39/><D39/><U26/><E64/><V28/><F71/><W14/><G14/><T94/><D94/><N who="1" m="54567" /><E13/><V33/><F119/><W47/><G45/><T87/><D87/><U34/><E81/><N who="2" m="30731" /><F117/><W92/><G92/><RYUUKYOKU ba="6,0" sc="56,15,577,-15,163,-15,204,15" hai0="25,32,76,79" hai3="47,51,52,77,78,97,99" /><INIT seed="6,7,0,0,0,34" ten="71,562,148,219" oya="2" hai0="126,5,67,30,133,103,110,18,74,35,77,45,10" hai1="46,73,44,40,16,98,50,99,14,32,93,119,88" hai2="2,91,129,102,38,111,78,12,52,11,113,42,17" hai3="27,84,54,105,29,19,114,26,107,124,108,8,97"/><V90/><F129/><W128/><G108/><T70/><D110/><U120/><E120/><V131/><F131/><W135/><G128/><T89/><D126/><U3/><E32/><V57/><F111/><W53/><G124/><T68/><D133/><U4/><E73/><V64/><F113/><W132/><G84/><T85/><D103/><U71/><E71/><V56/><F78/><W65/><G65/><T21/><D77/><U109/><E109/><V59/><F102/><W31/><G8/><T94/><D74/><U24/><E24/><V55/><F64/><W15/><G15/><T9/><D9/><U6/><E3/><V116/><F2/><W95/><G95/><T100/><D100/><U86/><E46/><V80/><F116/><W58/><G58/><T13/><D45/><U7/><E119/><V66/><F66/><W60/><G60/><T28/><D67/><U101/><E101/><V49/><F80/><W72/><G72/><T121/><D121/><U130/><E130/><V33/><F33/><W23/><G114/><T75/><D75/><U36/><E36/><V37/><F59/><W127/><G127/><T76/><D76/><U106/><E106/><V51/><REACH who="2" step="1"/><F42/><REACH who="2" ten="71,562,138,219" step="2"/><W96/><G132/><T112/><D112/><U48/><E40/><V83/><F83/><W117/><G117/><T41/><D41/><U82/><E82/><V20/><F20/><W122/><G135/><T125/><D125/><U1/><E1/><V61/><F61/><W87/><G122/><T43/><D43/><U115/><E115/><V63/><F63/><W92/><G23/><RYUUKYOKU ba="7,1" sc="71,-10,562,-10,138,30,219,-10" hai2="11,12,17,37,38,49,51,52,55,56,57,90,91" /><INIT seed="6,8,1,2,1,102" ten="61,552,168,209" oya="2" hai0="84,5,46,62,59,40,83,25,33,9,12,78,127" hai1="128,70,89,105,135,29,99,115,75,3,60,100,125" hai2="98,116,64,1,87,67,91,88,101,72,49,76,10" hai3="121,132,106,79,58,130,104,134,55,32,82,11,42"/><V37/><F37/><W45/><G121/><T85/><D127/><U90/><E3/><V17/><F116/><W96/><G32/><T18/><D33/><U131/><E125/><V63/><F49/><N who="3" m="26807" /><G96/><T2/><D25/><U114/><E75/><V27/><F27/><W111/><G11/><T97/><D97/><U0/><E29/><V117/><F117/><W13/><G13/><T30/><D30/><U92/><E0/><V53/><F53/><W47/><G47/><T28/><D28/><U7/><E7/><V119/><F119/><W126/><G130/><N who="1" m="49706" /><E135/><N who="3" m="51754" /><G111/><T44/><D84/><N who="1" m="52263" /><E90/><V112/><F1/><W133/><G133/><T35/><D35/><U36/><E36/><V54/><F91/><W129/><G129/><T74/><D74/><U8/><E8/><V77/><F72/><N who="3" m="43367" /><G126/><T109/><D109/><U65/><AGARI ba="8,1" hai="60,65,70,99,100,105,114,115" m="52263,49706" machi="65" ten="30,2000,0" yaku="19,1,52,1" doraHai="102" who="1" fromWho="1" sc="61,-13,552,54,168,-18,209,-13" /><INIT seed="7,0,0,5,2,25" ten="48,606,150,196" oya="3" hai0="27,67,75,77,131,66,103,9,18,8,16,2,34" hai1="53,60,21,74,47,11,118,49,68,117,116,28,31" hai2="30,46,42,41,115,113,12,40,87,56,125,43,59" hai3="70,130,79,24,3,119,37,86,39,51,22,45,5"/><W105/><G105/><T0/><D103/><U100/><E74/><V6/><F87/><W96/><G70/><T93/><D93/><U57/><E68/><V58/><F6/><W127/><G5/><T64/><D131/><U129/><E129/><V33/><F12/><W13/><G51/><T94/><D94/><U50/><E11/><V99/><F99/><W114/><G45/><T32/><D77/><U7/><E7/><V121/><F33/><W134/><G39/><T88/><D75/><U95/><E21/><V26/><F26/><W108/><G37/><T85/><D66/><U69/><E69/><V124/><F30/><N who="1" m="11305" /><E47/><V89/><F89/><W123/><G96/><AGARI ba="0,0" hai="49,50,53,57,60,95,96,100,116,117,118" m="11305" machi="96" ten="40,8000,1" yaku="12,1,52,3" doraHai="25" who="1" fromWho="3" sc="48,0,606,80,150,0,196,-80" owari="48,-45.2,686,78.6,150,-5.0,116,-28.4" /></mjloggm>