<mjloggm ver="2.3"><GO type="169" lobby="0"/><UN n0="%E8%B1%A1" n1="%E3%81%8B%E3%81%B6%E8%8C%B6" n2="%6D%61%6A%75%6E%69%61" n3="%E3%83%90%E3%83%AA%E3%83%88%E3%83%B3" dan="16,17,16,17" rate="2155.20,2169.05,2128.40,2233.25" sx="M,M,M,M"/><TAIKYOKU oya="0"/><INIT seed="0,0,0,0,0,113" ten="250,250,250,250" oya="0" hai0="15,117,5,38,2,107,11,30,73,110,91,90,116" hai1="52,4,1,3,80,87,124,81,41,44,92,102,103" hai2="69,16,32,84,112,8,0,25,27,21,62,93,59" hai3="120,54,6,121,133,10,20,9,98,105,57,94,42"/><T74/><D74/><U46/><E124/><V17/><F69/><W106/><G42/><T34/><D73/><U24/><E24/><V7/><F112/><W104/><G20/><T65/><D38/><U89/><E4/><V101/><F32/><W31/><G31/><T49/><D107/><U114/><E114/><V33/><F33/><W134/><G54/><T127/><D127/><U88/><E87/><V123/><F123/><N who="3" m="47179" /><G57/><T97/><D110/><U60/><E92/><V48/><F48/><W58/><G58/><T71/><D49/><U95/><E95/><V130/><F130/><W119/><G119/><T125/><D125/><U75/><E75/><V53/><F27/><W126/><G126/><T51/><D51/><U39/><E60/><V12/><F84/><W72/><G72/><T37/><D37/><U67/><E39/><V35/><F35/><W132/><G6/><T68/><D2/><U50/><E50/><V100/><REACH who="2" step="1"/><F93/><REACH who="2" ten="250,250,240,250" step="2"/><W64/><G64/><T43/><D65/><U79/><E67/><V129/><F129/><W28/><G28/><T29/><D34/><U86/><E52/><V47/><F47/><W111/><G111/><T131/><D131/><U83/><E46/><V76/><F76/><W70/><G70/><T108/><D68/><U19/><E79/><V22/><AGARI ba="0,1" hai="0,7,8,12,16,17,21,22,25,53,59,62,100,101" machi="22" ten="20,5200,0" yaku="1,1,0,1,7,1,54,1,53,0" doraHai="113" doraHaiUra="26" who="2" fromWho="2" sc="250,-26,250,-13,240,62,250,-13" /><INIT seed="1,0,0,1,4,83" ten="224,237,302,237" oya="1" hai0="93,79,22,129,130,0,28,68,12,10,74,117,98" hai1="30,87,84,124,73,31,62,91,113,69,66,42,38" hai2="126,118,8,49,41,88,105,20,32,77,52,72,23" hai3="14,11,80,70,128,89,97,36,112,55,94,53,26"/><U92/><E113/><V16/><F118/><W21/><G112/><T63/><D117/><U67/><E73/><V2/><F32/><W123/><G123/><T4/><D79/><U54/><E124/><V43/><F105/><W65/><G36/><T1/><D74/><U57/><E67/><V15/><F72/><W109/><G109/><T122/><D68/><U99/><E42/><N who="2" m="15883" /><F77/><W111/><G111/><T27/><D63/><U78/><E38/><V116/><F2/><N who="0" m="1130" /><D93/><U6/><E6/><V106/><F106/><W76/><G128/><N who="0" m="49259" /><D98/><U37/><E37/><V33/><F33/><W101/><G101/><T29/><D122/><U102/><E78/><V134/><F134/><W120/><G120/><T135/><D135/><U107/><REACH who="1" step="1"/><E87/><REACH who="1" ten="224,227,302,237" step="2"/><V133/><F133/><W56/><G65/><T110/><D110/><U131/><E131/><V64/><F126/><W81/><G76/><T48/><D48/><AGARI ba="0,1" hai="30,31,48,54,57,62,66,69,84,91,92,99,102,107" machi="48" ten="30,11600,0" yaku="1,1,7,1,52,1,53,1" doraHai="83" doraHaiUra="96" who="1" fromWho="0" sc="224,-116,227,126,302,0,237,0" /><INIT seed="1,1,0,5,0,51" ten="108,353,302,237" oya="1" hai0="77,40,65,91,86,74,24,92,69,121,33,45,84" hai1="99,106,127,53,72,131,128,8,46,85,48,117,112" hai2="129,64,57,50,83,125,4,93,20,115,102,44,58" hai3="59,19,78,96,55,89,26,37,88,100,41,104,54"/><U5/><E112/><V18/><F115/><W94/><G78/><T56/><D121/><U10/><E117/><V14/><F129/><N who="1" m="49737" /><E72/><V107/><F107/><W116/><G116/><T81/><D69/><U15/><E127/><V39/><F125/><W97/><G37/><T123/><D123/><U30/><E30/><V34/><F34/><W73/><G41/><T108/><D108/><U9/><E85/><V135/><F135/><W90/><G73/><T132/><D132/><U52/><E53/><V27/><F39/><W71/><G71/><T1/><D1/><U80/><E80/><V133/><F133/><W114/><G114/><T6/><D6/><U101/><AGARI ba="1,0" hai="5,8,9,10,15,46,48,52,99,101,106" m="49737" machi="101" ten="30,6000,0" yaku="19,1,52,1,54,1" doraHai="51" who="1" fromWho="1" sc="108,-21,353,63,302,-21,237,-21" /><INIT seed="1,2,0,0,2,24" ten="87,416,281,216" oya="1" hai0="15,31,37,6,44,7,106,121,133,13,134,0,39" hai1="91,68,135,66,47,132,45,48,52,103,55,43,116" hai2="115,108,59,17,86,73,130,38,2,98,26,79,22" hai3="23,89,12,27,88,118,110,32,28,70,16,49,40"/><U114/><E103/><V129/><F115/><W120/><G120/><T94/><D121/><U19/><E91/><V64/><F73/><W9/><G70/><T82/><D94/><U4/><E4/><N who="0" m="1577" /><D82/><U56/><E19/><V83/><F38/><N who="0" m="14346" /><D44/><U76/><E76/><V60/><F2/><W62/><G110/><T18/><D18/><U104/><E104/><V57/><F108/><W3/><G118/><T35/><D0/><U84/><E84/><V92/><REACH who="2" step="1"/><F59/><REACH who="2" ten="87,416,271,216" step="2"/><W107/><G3/><T74/><D74/><U14/><E116/><V36/><F36/><W46/><G107/><T87/><D106/><U93/><E114/><V117/><F117/><W119/><G119/><T81/><D133/><U41/><E56/><V80/><F80/><W90/><REACH who="3" step="1"/><G62/><REACH who="3" ten="87,416,271,206" step="2"/><T128/><D134/><U77/><E132/><V10/><F10/><AGARI ba="2,2" hai="9,10,12,16,23,27,28,32,40,46,49,88,89,90" machi="10" ten="40,12000,2" yaku="1,1,2,1,52,1,54,2,53,1" doraHai="24" doraHaiUra="11" who="3" fromWho="2" sc="87,0,416,0,271,-126,206,146" /><INIT seed="2,0,0,3,3,132" ten="87,416,145,352" oya="2" hai0="90,53,73,133,84,19,106,104,57,74,108,67,3" hai1="116,38,47,109,120,37,65,31,13,102,93,86,114" hai2="36,85,29,21,68,89,129,14,1,79,32,7,131" hai3="49,9,101,6,66,127,11,110,71,64,4,105,44"/><V18/><F68/><W69/><G110/><T117/><D108/><U51/><E109/><V52/><F36/><W54/><G101/><T20/><D133/><U80/><E114/><V121/><F121/><W40/><G105/><T75/><D3/><U58/><E116/><V100/><F79/><W48/><G54/><T34/><D67/><U60/><E120/><V42/><F42/><W61/><G127/><T43/><D34/><U41/><E31/><V87/><F100/><W12/><G49/><T98/><D43/><U77/><REACH who="1" step="1"/><E13/><REACH who="1" ten="87,406,145,352" step="2"/><V95/><F29/><W33/><G33/><T94/><D117/><U99/><AGARI ba="0,1" hai="37,38,41,47,51,58,60,65,77,80,86,93,99,102" machi="99" ten="30,7900,0" yaku="1,1,2,1,0,1,53,1" doraHai="132" doraHaiUra="45" who="1" fromWho="1" sc="87,-20,406,89,145,-39,352,-20" /><INIT seed="3,0,0,2,2,57" ten="67,495,106,332" oya="3" hai0="91,9,7,60,42,15,125,94,38,113,76,64,14" hai1="74,126,88,56,67,16,86,61,85,41,24,39,123" hai2="90,23,12,121,32,0,65,118,4,50,71,75,108" hai3="6,54,96,63,55,66,79,18,46,97,112,20,17"/><W120/><G112/><T93/><D113/><U45/><E74/><V119/><F75/><W59/><G120/><T87/><D125/><U44/><E126/><V95/><F108/><W105/><G6/><T103/><D76/><U127/><E123/><V22/><F32/><W115/><G115/><T104/><D104/><U3/><E3/><V26/><F0/><W47/><G79/><T73/><D73/><U52/><E127/><V129/><F129/><W49/><G105/><T82/><D103/><U116/><E116/><V109/><F109/><W100/><G100/><T84/><D84/><U89/><E44/><V70/><F50/><N who="3" m="29015" /><G18/><T134/><D134/><U128/><E128/><V1/><F1/><W106/><G106/><T5/><D42/><U68/><E85/><V30/><F121/><W133/><G133/><T10/><REACH who="0" step="1"/><D38/><REACH who="0" ten="57,495,106,332" step="2"/><U130/><E130/><V98/><F118/><W29/><G29/><T27/><D27/><AGARI ba="0,1" hai="17,20,27,47,49,55,59,63,66,96,97" m="29015" machi="27" ten="30,2900,0" yaku="8,1,52,1" doraHai="57" who="3" fromWho="0" sc="57,-29,495,0,106,0,332,39" /><INIT seed="3,1,0,4,5,119" ten="28,495,106,371" oya="3" hai0="96,95,56,77,116,101,80,123,84,128,55,66,113" hai1="73,59,22,68,109,129,135,126,118,38,64,11,57" hai2="88,97,103,102,28,36,21,112,13,30,86,24,39" hai3="78,35,41,29,40,114,34,87,131,130,111,45,98"/><W44/><G114/><T92/><D116/><U18/><E73/><V134/><F134/><W79/><G98/><T5/><D113/><U127/><E118/><V20/><F103/><W54/><G87/><T121/><D5/><U10/><E38/><V110/><F110/><W105/><G29/><T31/><D128/><N who="3" m="49193" /><G54/><T2/><D2/><U74/><E74/><V65/><F65/><W12/><G12/><T4/><D4/><U51/><E109/><V19/><F30/><W132/><G105/><T108/><D108/><U1/><E129/><V46/><F46/><N who="3" m="18027" /><G132/><T43/><D43/><N who="3" m="16457" /><G111/><T17/><D31/><U104/><E104/><V106/><REACH who="2" step="1"/><F112/><REACH who="2" ten="28,495,96,371" step="2"/><W33/><AGARI ba="1,1" hai="33,34,35,78,79" m="16457,18027,49193" machi="33" ten="40,7800,0" yaku="28,2,19,1" doraHai="119" who="3" fromWho="3" sc="28,-27,495,-27,96,-27,371,91" /><INIT seed="3,2,0,0,0,2" ten="1,468,69,462" oya="3" hai0="70,14,87,45,17,51,34,94,125,24,65,8,134" hai1="112,15,69,107,54,5,11,97,19,80,71,95,99" hai2="114,132,60,56,1,50,85,86,104,109,128,47,22" hai3="63,102,79,33,130,27,58,74,30,77,105,66,101"/><W120/><G120/><T89/><D125/><U4/><E112/><V36/><F36/><W73/><G130/><T92/><D134/><U62/><E71/><V16/><F109/><W3/><G3/><T38/><D38/><U116/><E107/><V52/><F114/><W117/><G117/><T41/><D70/><U59/><E116/><V21/><F132/><W135/><G135/><T119/><D119/><U12/><E69/><V68/><F68/><W18/><G105/><T23/><D34/><U39/><E39/><V100/><F1/><W40/><G40/><T118/><D118/><U10/><E80/><V82/><F22/><W28/><G28/><T13/><D65/><U81/><E81/><V29/><F29/><W46/><G46/><T123/><D123/><U32/><E32/><V127/><F127/><W113/><G113/><T37/><D37/><U25/><E95/><V103/><F104/><W43/><G43/><T61/><D61/><U0/><E25/><N who="2" m="14503" /><F86/><W26/><G26/><T76/><D76/><U49/><E62/><V115/><F128/><W20/><G30/><N who="0" m="17695" /><D14/><U110/><E110/><V9/><F9/><AGARI ba="2,0" hai="0,4,5,9,10,11,12,15,19,49,54,59,97,99" machi="9" ten="30,3900,0" yaku="7,1,52,2" doraHai="2" who="1" fromWho="2" sc="1,0,468,45,69,-45,462,0" /><INIT seed="4,0,0,0,0,108" ten="1,513,24,462" oya="0" hai0="75,66,102,130,20,100,81,91,96,13,115,21,40" hai1="70,128,89,85,84,131,76,39,129,26,68,63,30" hai2="60,52,36,78,125,103,57,47,79,3,134,14,44" hai3="33,50,122,83,71,34,17,29,31,37,64,54,46"/><T11/><D130/><U82/><E39/><V106/><F3/><W55/><G122/><T104/><D40/><U9/><E9/><V92/><F125/><W97/><G37/><T119/><D119/><U15/><E15/><V87/><F36/><W56/><G71/><N who="1" m="27178" /><E63/><V0/><F0/><W8/><G64/><T49/><D66/><U69/><N who="1" m="27186" /><U5/><DORA hai="27" /><E5/><V73/><F73/><W41/><G34/><T18/><D75/><N who="1" m="43295" /><E89/><V118/><F14/><N who="3" m="7367" /><G33/><T45/><D104/><U28/><E28/><N who="3" m="10826" /><G83/><T7/><D115/><U2/><E2/><V58/><F106/><W65/><G97/><T88/><D20/><AGARI ba="0,0" hai="20,26,30,84,85,128,129,131" m="43295,27186" machi="20" ten="50,3200,0" yaku="19,1,52,1" doraHai="108,27" who="1" fromWho="0" sc="1,-32,513,32,24,0,462,0" owari="-31,-53.1,545,64.5,24,-37.6,462,26.2" /></mjloggm>