<mjloggm ver="2.3"><GO type="169" lobby="0"/><UN n0="%E4%BA%BA%E7%8B%BC" n1="%E3%81%A4%E3%81%B0%E3%83%A1" n2="%E7%89%8C%E6%B5%81%E7%8A%B6%E6%85%8B%E9%BA%BB%E9%9B%80" n3="%E6%A9%98%E3%83%AF%E3%83%AB%E3%83%84" dan="16,16,16,16" rate="2051.07,2097.07,2156.64,2119.75" sx="M,M,M,M"/><TAIKYOKU oya="0"/><INIT seed="0,0,0,2,5,117" ten="250,250,250,250" oya="0" hai0="34,102,96,108,83,130,79,45,6,7,33,127,52" hai1="25,97,12,1,15,65,110,54,73,133,86,67,27" hai2="11,84,131,118,48,120,121,24,3,123,49,119,126" hai3="9,23,2,91,99,42,71,58,46,81,50,29,22"/><T44/><D127/><U134/><E73/><V28/><F126/><W129/><G71/><T94/><D130/><U77/><E1/><V38/><F38/><W106/><G129/><T57/><D33/><U103/><E110/><V124/><F124/><W41/><G41/><T16/><D34/><U93/><E54/><V14/><F84/><W13/><G2/><T32/><D32/><U31/><E77/><V107/><F107/><W95/><G29/><T62/><D108/><U59/><E86/><V68/><F68/><W90/><G106/><T75/><REACH who="0" step="1"/><D16/><REACH who="0" ten="240,250,250,250" step="2"/><U74/><E134/><V17/><F131/><W39/><G23/><T20/><D20/><U26/><E133/><V64/><F3/><W88/><G22/><T56/><D56/><U92/><E59/><V87/><F28/><W19/><G81/><T101/><D101/><U36/><E31/><V112/><F24/><W51/><REACH who="3" step="1"/><G58/><REACH who="3" ten="240,250,250,240" step="2"/><T21/><D21/><U132/><E27/><V78/><F118/><W104/><G104/><T63/><D63/><U37/><E132/><V43/><F119/><W125/><G125/><T55/><D55/><U5/><E26/><V69/><F69/><W18/><G18/><T35/><D35/><U98/><E25/><V72/><F17/><W61/><G61/><T85/><D85/><U76/><E15/><V100/><F87/><W109/><G109/><T113/><D113/><U4/><E12/><V60/><F112/><W122/><G122/><T10/><D10/><U30/><E30/><V116/><F121/><W47/><G47/><AGARI ba="0,2" hai="6,7,44,45,47,52,57,62,75,79,83,94,96,102" machi="47" ten="40,3900,0" yaku="1,1,54,1,53,0" doraHai="117" doraHaiUra="135" who="0" fromWho="3" sc="240,59,250,0,250,0,240,-39" /><INIT seed="0,1,0,3,3,61" ten="299,250,250,201" oya="0" hai0="93,15,89,122,14,34,113,85,73,6,20,102,88" hai1="10,56,111,63,112,52,83,115,27,8,55,4,98" hai2="13,96,59,97,130,22,67,118,128,57,50,18,120" hai3="69,124,43,91,9,109,72,76,37,78,107,126,90"/><T33/><D113/><N who="1" m="43595" /><E111/><V105/><F120/><W38/><G107/><T60/><D122/><U75/><E98/><V40/><F118/><W1/><G69/><T21/><D73/><U131/><E131/><N who="2" m="50219" /><F105/><W68/><G68/><T7/><D102/><U53/><E27/><V99/><F67/><W41/><G9/><N who="1" m="3690" /><E4/><V25/><F25/><W31/><G31/><T64/><D33/><U80/><E75/><V49/><F40/><W106/><G106/><T104/><D104/><U62/><E62/><V79/><F79/><W135/><G72/><T12/><D34/><U39/><E39/><V81/><F49/><W58/><G109/><T114/><D114/><U129/><E129/><V46/><F50/><W5/><G5/><N who="0" m="1547" /><D89/><U86/><E86/><V42/><F99/><W24/><G24/><T11/><D11/><U65/><AGARI ba="1,0" hai="52,53,55,56,63,65,80,83" m="3690,43595" machi="65" ten="40,5200,0" yaku="11,1,52,1,54,1" doraHai="61" who="1" fromWho="1" sc="299,-27,250,55,250,-14,201,-14" /><INIT seed="1,0,0,3,3,0" ten="272,305,236,187" oya="1" hai0="129,92,87,98,110,21,112,135,118,101,37,17,31" hai1="4,9,103,32,69,13,116,128,100,88,70,41,124" hai2="133,122,68,86,7,90,127,46,130,48,107,28,5" hai3="123,81,6,25,72,2,45,125,111,12,19,44,56"/><U104/><E116/><V75/><F122/><W60/><G123/><T115/><D118/><U78/><E32/><V93/><F68/><W30/><G111/><T74/><D110/><U119/><E119/><V58/><F75/><W83/><G125/><T66/><D129/><U120/><E120/><V23/><F107/><W59/><G72/><T29/><D135/><U106/><E128/><V40/><F130/><W97/><G97/><T80/><D37/><U62/><E124/><V42/><F127/><W121/><G121/><T76/><D66/><U96/><E78/><V14/><F133/><W105/><G105/><T109/><D109/><U55/><E41/><V77/><F77/><W95/><G95/><T38/><D38/><U89/><E70/><V50/><F14/><W64/><G2/><T53/><D53/><U20/><E20/><V36/><F36/><W99/><G99/><T131/><D131/><U47/><E103/><V33/><F33/><W43/><G59/><T108/><D108/><U85/><E106/><V57/><F40/><W16/><G43/><T91/><D112/><U26/><E26/><N who="2" m="16479" /><F50/><W79/><G30/><T49/><D49/><U67/><REACH who="1" step="1"/><E85/><REACH who="1" ten="272,295,236,187" step="2"/><V11/><F11/><N who="3" m="4215" /><G25/><T39/><D115/><U94/><E94/><V1/><F93/><W126/><G126/><T24/><D39/><U113/><E113/><V27/><F86/><N who="3" m="48447" /><G83/><AGARI ba="0,1" hai="17,21,24,29,31,74,76,80,83,87,91,92,98,101" machi="83" ten="30,1000,0" yaku="7,1" doraHai="0" who="0" fromWho="3" sc="272,20,295,0,236,0,187,-10" /><INIT seed="2,0,0,2,3,61" ten="292,295,236,177" oya="2" hai0="20,28,52,51,59,0,78,125,93,25,108,22,120" hai1="96,58,4,69,124,103,14,21,85,40,83,121,128" hai2="113,74,17,94,30,90,7,64,117,48,86,63,70" hai3="89,118,62,76,131,49,36,27,106,80,72,71,12"/><V107/><F113/><W87/><G36/><T47/><D120/><U84/><E128/><V104/><F117/><W66/><G131/><T105/><D108/><U122/><E69/><V41/><F74/><W75/><G118/><T32/><D105/><U112/><E112/><V50/><F7/><W102/><G49/><T65/><D125/><U111/><E111/><V39/><F30/><W9/><G27/><T24/><D0/><U126/><E40/><V95/><F39/><W133/><G133/><T23/><D78/><U82/><E58/><V53/><F95/><W81/><G102/><T6/><D6/><U109/><E109/><V5/><F5/><W127/><G127/><N who="1" m="48682" /><E21/><V34/><F34/><W101/><G101/><T29/><REACH who="0" step="1"/><D93/><REACH who="0" ten="282,295,236,177" step="2"/><N who="1" m="58767" /><E4/><V33/><F107/><W92/><G106/><T68/><D68/><U35/><E35/><V73/><F104/><W60/><G81/><N who="1" m="30730" /><E14/><V99/><F33/><W3/><G3/><T135/><D135/><U38/><E38/><V123/><F70/><W19/><REACH who="3" step="1"/><G62/><AGARI ba="0,1" hai="20,22,23,24,25,28,29,32,47,51,52,59,62,65" machi="62" ten="40,8000,1" yaku="1,1,52,1,54,1,53,1" doraHai="61" doraHaiUra="46" who="0" fromWho="3" sc="282,90,295,0,236,0,177,-80" /><INIT seed="3,0,0,1,2,60" ten="372,295,236,97" oya="3" hai0="109,40,1,57,64,45,70,135,13,114,33,90,80" hai1="94,59,123,14,68,32,107,8,130,26,0,118,54" hai2="73,75,63,36,110,46,121,104,102,83,5,11,128" hai3="71,21,44,74,112,58,134,53,106,108,29,97,7"/><W16/><G74/><T37/><D1/><U72/><E123/><V129/><F110/><W22/><G112/><T105/><D109/><U113/><E107/><V132/><F121/><W34/><G108/><T10/><D33/><U4/><E113/><V20/><F20/><W17/><G71/><T3/><D114/><U24/><E72/><V6/><F132/><W95/><G134/><T115/><D115/><U52/><E130/><N who="2" m="50283" /><F63/><W19/><G106/><T127/><D135/><U120/><E120/><V56/><F56/><W62/><G7/><N who="2" m="2569" /><F11/><W65/><G34/><T117/><D3/><U85/><E68/><V51/><F36/><W88/><G29/><T35/><D10/><U122/><E122/><V43/><F83/><W76/><G76/><T18/><D57/><U41/><E32/><V31/><F31/><W125/><G125/><T93/><D80/><U133/><E133/><V78/><F78/><W28/><G28/><T101/><D127/><U23/><E8/><V103/><F103/><W84/><G97/><AGARI ba="0,0" hai="43,46,51,73,75,97,102,104" m="2569,50283" machi="97" ten="30,1000,0" yaku="19,1" doraHai="60" who="2" fromWho="3" sc="372,0,295,0,236,10,97,-10" /><INIT seed="4,0,0,5,2,31" ten="372,295,246,87" oya="0" hai0="27,87,114,21,0,118,64,84,42,57,88,13,70" hai1="22,36,99,49,16,6,117,74,104,135,50,98,123" hai2="69,105,34,102,52,10,26,85,73,129,72,131,29" hai3="23,35,65,4,106,32,18,11,45,83,122,119,86"/><T109/><D118/><U116/><E123/><V17/><F69/><W12/><G119/><T66/><D114/><U30/><E36/><V95/><F105/><W78/><G106/><T63/><D0/><U94/><E74/><V61/><F17/><W53/><G122/><T28/><D109/><U67/><E30/><V120/><F10/><W112/><G65/><T44/><D84/><U93/><E67/><V60/><F120/><W121/><G121/><T47/><D13/><U41/><E104/><V19/><F19/><W55/><G112/><T33/><D21/><U81/><E81/><V15/><F15/><W9/><G9/><T54/><D70/><U130/><E41/><V3/><F3/><W46/><G46/><T20/><D20/><U43/><E43/><V80/><F61/><W115/><G115/><T103/><D103/><U79/><E79/><N who="2" m="46239" /><F95/><W113/><G113/><T1/><D1/><U7/><E22/><V82/><F102/><W134/><G134/><T89/><D44/><U76/><E76/><V38/><F82/><W40/><G55/><T14/><D14/><U127/><E16/><V2/><F2/><W56/><G53/><T77/><D77/><U96/><E96/><V68/><F38/><W125/><G56/><T39/><D89/><U62/><E62/><V101/><F101/><W51/><G125/><T8/><D8/><U58/><E58/><N who="2" m="34887" /><F68/><W75/><G75/><T25/><D25/><AGARI ba="0,0" hai="4,11,12,18,23,25,32,35,40,45,51,78,83,86" machi="25" ten="30,8000,1" yaku="7,1,25,2,52,2" doraHai="31" who="3" fromWho="0" sc="372,-80,295,0,246,0,87,80" /><INIT seed="5,0,0,3,1,45" ten="292,295,246,167" oya="1" hai0="100,120,46,62,108,133,82,4,21,23,31,84,15" hai1="41,72,107,117,86,51,30,65,119,11,109,79,42" hai2="73,43,55,89,5,66,10,87,110,19,129,16,77" hai3="3,20,1,8,39,64,95,122,103,101,83,44,98"/><U38/><E107/><V112/><F110/><W114/><G122/><T115/><D108/><U58/><E72/><V71/><F129/><W80/><G114/><T61/><D115/><U13/><E109/><V12/><F112/><W26/><G101/><T67/><D133/><U60/><E38/><V40/><F73/><W36/><G36/><T22/><D120/><U27/><E79/><V6/><F77/><W53/><G3/><T75/><D75/><U102/><E86/><V99/><F99/><W52/><G39/><T113/><D113/><U0/><E102/><V24/><F66/><W29/><G1/><T47/><D100/><U135/><E0/><V111/><F71/><W18/><G64/><T59/><D31/><U14/><E14/><V106/><F106/><W128/><G128/><T88/><D62/><U57/><E135/><V78/><F78/><W96/><G96/><T94/><D82/><U7/><E42/><N who="2" m="15915" /><F55/><W69/><G69/><T32/><D32/><U91/><E91/><V121/><F111/><W70/><G70/><T126/><D126/><U37/><E37/><V56/><F56/><W134/><G53/><T35/><D35/><U76/><E76/><V81/><F121/><W33/><G134/><T125/><D125/><U34/><REACH who="1" step="1"/><E58/><REACH who="1" ten="292,285,246,167" step="2"/><V25/><F25/><W50/><G8/><AGARI ba="0,1" hai="4,8,15,21,22,23,46,47,59,61,67,84,88,94" machi="8" ten="40,2600,0" yaku="8,1,54,1" doraHai="45" who="0" fromWho="3" sc="292,36,285,0,246,0,167,-26" /><INIT seed="6,0,0,1,5,66" ten="328,285,246,141" oya="2" hai0="106,125,6,111,24,60,12,117,65,20,51,26,130" hai1="42,50,101,57,54,135,129,91,118,43,103,108,74" hai2="29,107,67,41,86,79,8,7,100,132,10,33,76" hai3="123,17,70,18,128,16,114,37,92,47,19,98,44"/><V104/><F132/><W102/><G123/><T36/><D111/><U77/><E108/><V116/><F116/><W34/><G34/><T126/><D36/><U59/><E118/><V90/><F41/><W0/><G0/><T105/><D117/><U38/><E135/><V119/><F10/><W110/><G110/><T115/><D115/><U1/><E1/><V113/><F113/><W71/><G114/><T89/><D130/><U62/><E129/><V9/><F8/><W109/><G109/><T88/><D51/><U11/><E11/><V133/><F133/><W32/><G32/><T46/><D46/><U28/><E28/><V31/><F67/><W122/><G122/><T3/><D3/><U52/><E38/><V23/><F33/><W99/><G128/><T96/><D12/><U55/><E74/><V112/><F112/><W85/><G85/><T25/><D20/><U35/><E77/><V78/><F119/><W124/><G124/><N who="0" m="47723" /><D6/><U95/><E55/><V39/><F39/><W15/><G37/><T64/><D64/><U121/><E121/><V94/><F23/><W22/><REACH who="3" step="1"/><G98/><REACH who="3" ten="328,285,246,131" step="2"/><T13/><D96/><N who="1" m="57471" /><E35/><V2/><F2/><W127/><G127/><T30/><D30/><U87/><E87/><V69/><F31/><W80/><G80/><T68/><D26/><U97/><E97/><V72/><F29/><W61/><G61/><T75/><D25/><U4/><E62/><V73/><F86/><W82/><G82/><T58/><D24/><U56/><E4/><V93/><F7/><W21/><G21/><T131/><D60/><U5/><E5/><RYUUKYOKU ba="0,1" sc="328,-10,285,-10,246,-10,131,30" hai3="15,16,17,18,19,22,44,47,70,71,92,99,102" /><INIT seed="7,1,1,0,3,7" ten="318,275,236,161" oya="3" hai0="60,15,113,110,123,115,130,46,62,18,44,43,125" hai1="124,37,75,114,97,64,74,48,16,79,83,56,132" hai2="109,107,127,69,95,112,89,105,47,9,42,2,108" hai3="54,77,3,71,135,102,72,119,90,31,129,32,51"/><W118/><G3/><T73/><D110/><U121/><E121/><V6/><F69/><W14/><G71/><T5/><D123/><U20/><E37/><V52/><F112/><N who="0" m="43082" /><D125/><U53/><E114/><V11/><F127/><W101/><G72/><T126/><D126/><U93/><E124/><V34/><F34/><W70/><G70/><T50/><D130/><U33/><E132/><V55/><F11/><W36/><G36/><N who="0" m="21607" /><D5/><U63/><E33/><V29/><F29/><W91/><G77/><T134/><D73/><U85/><E93/><V67/><F67/><W96/><G135/><T0/><D0/><U45/><REACH who="1" step="1"/><E97/><REACH who="1" ten="318,265,236,161" step="2"/><V58/><F95/><W28/><G129/><T106/><D106/><U10/><E10/><V87/><F9/><W1/><G1/><T4/><D134/><U24/><AGARI ba="1,2" hai="16,20,24,45,48,53,56,63,64,74,75,79,83,85" machi="24" ten="20,5200,0" yaku="1,1,0,1,7,1,54,1,53,0" doraHai="7" doraHaiUra="35" who="1" fromWho="1" sc="318,-14,265,75,236,-14,161,-27" owari="304,10.4,340,44.0,222,-17.8,134,-36.6" /></mjloggm>