<mjloggm ver="2.3"><GO type="169" lobby="0"/><UN n0="%61%6E%79%61%64%72%61" n1="%41%4C%50%45%52%49%4E" n2="%E5%A5%94%E4%BB%94" n3="%E6%BC%82%E3%81%86" dan="16,16,17,16" rate="2099.46,2156.52,2227.63,2123.33" sx="M,M,M,M"/><TAIKYOKU oya="0"/><INIT seed="0,0,0,3,1,33" ten="250,250,250,250" oya="0" hai0="89,51,107,68,1,5,56,112,25,119,88,64,122" hai1="134,77,21,42,34,106,30,59,78,0,54,24,93" hai2="109,15,83,20,79,81,115,48,6,82,49,44,10" hai3="71,86,87,126,98,23,16,13,12,11,105,19,29"/><T80/><D112/><U28/><E106/><V114/><F109/><W9/><G71/><T103/><D119/><U102/><E134/><V110/><F110/><W7/><G126/><T108/><D108/><U135/><E135/><V90/><F49/><W92/><G105/><T69/><D122/><U27/><E42/><V17/><F90/><W70/><G70/><T55/><D25/><U14/><E14/><V43/><REACH who="2" step="1"/><F79/><REACH who="2" ten="250,250,240,250" step="2"/><W40/><G40/><T36/><D36/><U32/><E78/><V76/><F76/><W52/><G29/><T4/><D89/><U118/><E77/><V66/><F66/><W124/><G124/><T47/><D64/><U38/><E30/><V74/><F74/><W84/><G52/><T31/><D31/><U61/><E28/><V67/><F67/><W101/><REACH who="3" step="1"/><G86/><REACH who="3" ten="250,250,240,240" step="2"/><T96/><D55/><U100/><E54/><V39/><F39/><W121/><G121/><T127/><D127/><U130/><E38/><V129/><F129/><W128/><G128/><T37/><D37/><U117/><E130/><V57/><F57/><W85/><G85/><T50/><D56/><U94/><E59/><V97/><F97/><W131/><G131/><T91/><D69/><U60/><E118/><V125/><F125/><W65/><G65/><T104/><D68/><U113/><E117/><V41/><F41/><W26/><AGARI ba="0,2" hai="7,9,11,12,13,16,19,23,26,84,87,92,98,101" machi="26" ten="20,12000,2" yaku="1,1,0,1,7,1,8,1,54,1,53,1" doraHai="33" doraHaiUra="2" who="3" fromWho="3" sc="250,-60,250,-30,240,-30,240,140" /><INIT seed="1,0,0,4,5,101" ten="190,220,210,380" oya="1" hai0="127,135,15,52,10,122,44,2,60,25,73,132,104" hai1="40,34,19,7,36,80,99,126,23,129,110,37,69" hai2="31,28,50,6,117,41,82,111,20,134,47,49,55" hai3="54,79,90,119,68,97,22,48,8,9,98,12,43"/><U61/><E34/><V53/><F117/><W100/><G68/><T103/><D73/><U76/><E126/><V13/><F111/><W63/><G79/><T35/><D2/><U24/><E129/><V108/><F108/><W84/><G119/><T29/><D127/><U3/><E110/><V95/><F134/><W45/><G22/><T125/><D125/><U16/><E40/><V96/><F82/><W83/><G100/><T46/><D122/><U71/><E3/><V128/><F128/><W74/><G74/><T0/><D0/><U87/><E7/><V133/><F133/><N who="0" m="51274" /><D10/><N who="3" m="4201" /><G12/><T5/><D5/><U39/><E61/><V26/><F6/><W32/><G32/><T91/><D91/><U56/><E56/><AGARI ba="0,0" hai="43,45,48,54,56,63,83,84,90,97,98" m="4201" machi="56" ten="30,1000,0" yaku="8,1" doraHai="101" who="3" fromWho="1" sc="190,0,220,-10,210,0,380,10" /><INIT seed="2,0,0,2,0,106" ten="190,210,210,390" oya="2" hai0="54,108,23,48,81,80,124,20,63,94,53,51,122" hai1="9,90,70,134,127,57,101,26,73,32,28,82,68" hai2="45,1,72,130,10,40,85,25,119,43,76,116,83" hai3="12,46,67,39,87,65,111,66,6,27,14,123,118"/><V44/><F130/><W56/><G111/><T95/><D108/><U84/><E127/><V99/><F99/><W41/><G118/><T110/><D110/><U107/><E134/><V2/><F25/><W29/><G123/><T18/><D124/><U11/><E57/><V135/><F135/><W75/><G75/><T34/><D34/><U8/><E107/><V133/><F85/><W49/><G39/><T74/><D63/><U112/><E112/><V35/><F35/><W60/><G87/><T100/><D18/><U91/><E101/><V131/><F131/><W104/><G104/><T113/><D113/><U33/><E33/><V59/><F59/><W50/><G50/><T86/><D86/><U15/><E91/><V121/><F121/><W24/><G29/><T114/><D114/><U97/><E97/><V62/><F62/><W38/><G38/><T4/><D4/><U128/><E128/><V132/><F10/><N who="3" m="4183" /><G14/><T92/><D92/><U71/><REACH who="1" step="1"/><E15/><REACH who="1" ten="190,200,210,390" step="2"/><V30/><F133/><W79/><G56/><T0/><D0/><U109/><E109/><V5/><F132/><W69/><G69/><T13/><D13/><U55/><E55/><V17/><F1/><W42/><G60/><T125/><D125/><U120/><E120/><V19/><F2/><W98/><G98/><T47/><D122/><U126/><E126/><V105/><F105/><W61/><G61/><T93/><D100/><U52/><E52/><V16/><F119/><W22/><G42/><T21/><REACH who="0" step="1"/><D74/><AGARI ba="0,1" hai="8,9,11,26,28,32,68,70,71,73,74,82,84,90" machi="74" ten="50,6400,0" yaku="1,1,52,2,53,0" doraHai="106" doraHaiUra="36" who="1" fromWho="0" sc="190,-64,200,74,210,0,390,0" /><INIT seed="3,0,0,2,3,121" ten="126,274,210,390" oya="3" hai0="49,28,74,94,31,24,124,125,23,80,99,29,116" hai1="10,93,6,128,120,33,102,36,114,129,131,84,54" hai2="95,103,86,100,26,3,87,72,104,51,27,132,75" hai3="107,117,35,17,71,38,42,81,12,16,41,13,92"/><W85/><G107/><T61/><D116/><U98/><E114/><V82/><F3/><W105/><G105/><T113/><D113/><U60/><E120/><V25/><F104/><W47/><G71/><T115/><D115/><U21/><E33/><V122/><F122/><W22/><G35/><T76/><D49/><U37/><E21/><V8/><F8/><W64/><G64/><T97/><D97/><U19/><E19/><V88/><F132/><W56/><G117/><T89/><REACH who="0" step="1"/><D61/><REACH who="0" ten="116,274,210,390" step="2"/><U15/><E84/><V91/><REACH who="2" step="1"/><F51/><REACH who="2" ten="116,274,200,390" step="2"/><W108/><G38/><T30/><AGARI ba="0,2" hai="23,24,28,29,30,31,74,76,80,89,94,99,124,125" machi="30" ten="30,4000,0" yaku="1,1,2,1,0,1,53,0" doraHai="121" doraHaiUra="101" who="0" fromWho="0" sc="116,60,274,-10,200,-10,390,-20" /><INIT seed="4,0,0,2,2,100" ten="176,264,190,370" oya="0" hai0="64,43,111,7,117,10,97,112,58,107,118,5,121" hai1="37,71,13,20,74,12,47,8,85,90,24,67,72" hai2="120,73,103,69,28,127,123,19,44,4,15,31,33" hai3="23,16,21,11,79,96,57,25,114,29,60,78,18"/><T32/><D121/><U36/><E71/><V77/><F69/><W91/><G114/><T6/><D112/><U55/><E67/><V48/><F127/><W87/><G11/><T115/><D115/><U56/><E74/><V35/><F77/><N who="3" m="29195" /><G96/><T126/><D126/><U83/><E72/><V88/><F103/><W30/><G18/><T75/><D75/><U63/><E47/><V116/><F73/><W66/><G23/><T34/><D111/><U101/><E101/><V135/><F135/><W49/><G49/><T89/><D10/><U98/><E98/><V92/><F4/><W38/><G38/><T59/><D43/><U54/><E54/><V53/><F116/><W42/><G42/><T84/><D97/><U131/><E131/><V106/><F19/><W14/><G25/><T40/><D40/><U86/><E86/><V2/><F48/><W51/><G51/><T124/><D124/><U122/><E122/><V132/><F132/><W27/><G27/><T65/><D7/><U102/><E102/><V104/><F53/><W99/><G99/><T45/><D84/><U81/><E81/><AGARI ba="0,0" hai="14,16,21,29,30,57,60,66,81,87,91" m="29195" machi="81" ten="30,2000,0" yaku="8,1,54,1" doraHai="100" who="3" fromWho="1" sc="176,0,264,-20,190,0,370,20" /><INIT seed="5,0,0,3,3,37" ten="176,244,190,390" oya="1" hai0="73,15,81,11,58,92,127,8,132,1,2,28,130" hai1="40,35,112,99,51,93,12,64,33,79,85,107,20" hai2="115,105,9,111,90,49,128,14,75,108,76,94,50" hai3="84,69,3,96,41,23,117,110,120,118,27,38,121"/><U100/><E112/><V10/><F105/><W122/><G69/><T80/><D127/><U82/><E64/><V67/><F67/><W134/><G110/><T32/><D92/><U98/><E20/><V48/><F128/><W29/><G3/><N who="0" m="1035" /><D81/><U0/><E0/><V7/><F115/><W125/><G134/><T18/><D80/><U57/><E12/><V59/><F75/><W135/><G135/><T97/><D97/><U21/><E21/><V89/><F76/><W60/><G125/><T61/><D58/><U104/><E104/><V17/><F59/><W52/><G96/><T113/><D61/><U30/><E30/><V53/><F90/><W70/><G84/><T102/><D102/><U119/><E119/><N who="3" m="45578" /><G70/><T77/><D77/><U16/><E16/><V62/><F62/><W129/><G129/><T116/><D73/><U13/><E13/><N who="2" m="5311" /><F111/><W106/><G106/><T46/><D132/><U101/><REACH who="1" step="1"/><E57/><REACH who="1" ten="176,234,190,390" step="2"/><N who="2" m="32935" /><F108/><W4/><G4/><T63/><D113/><U133/><E133/><V54/><F17/><W86/><G122/><T31/><D116/><U56/><E56/><V91/><F14/><W55/><G60/><T36/><D63/><U26/><E26/><V19/><F19/><W131/><G131/><T83/><D130/><U71/><E71/><V6/><F6/><W42/><G120/><T123/><D123/><U68/><E68/><V87/><F10/><W66/><G121/><T103/><D8/><U45/><AGARI ba="0,1" hai="33,35,40,45,51,79,82,85,93,98,99,100,101,107" machi="45" ten="30,6000,0" yaku="1,1,0,1,52,1,53,0" doraHai="37" doraHaiUra="124" who="1" fromWho="1" sc="176,-20,234,70,190,-20,390,-20" /><INIT seed="5,1,0,3,1,82" ten="156,304,170,370" oya="1" hai0="60,112,89,34,85,67,93,21,120,43,97,14,7" hai1="12,15,27,28,44,61,107,109,6,95,22,5,86" hai2="37,102,125,79,8,47,88,53,71,58,105,38,23" hai3="59,118,26,113,87,68,36,13,78,129,66,127,11"/><U111/><E107/><V76/><F71/><W90/><G36/><T39/><D112/><U16/><E61/><V9/><F125/><W25/><G68/><T32/><D120/><U63/><E63/><V10/><F102/><W46/><G113/><T54/><D39/><U119/><E44/><V123/><F105/><W52/><G129/><T134/><D43/><U115/><E115/><V29/><F123/><W130/><G130/><T132/><D54/><U72/><E72/><V3/><F3/><W94/><G127/><T65/><D65/><U81/><E95/><V49/><F38/><W116/><G78/><T121/><D121/><U133/><E133/><N who="0" m="51305" /><D97/><U57/><E57/><V100/><F100/><W19/><G46/><T18/><D7/><N who="1" m="2571" /><E28/><V96/><F47/><W20/><G66/><T103/><D103/><U98/><E98/><V92/><F37/><W128/><G128/><T126/><D126/><U104/><E104/><V30/><F30/><W83/><G94/><T64/><D64/><U124/><E124/><V1/><F1/><W42/><G42/><T31/><D31/><U0/><E0/><V62/><F62/><N who="3" m="36199" /><G11/><T33/><D33/><U24/><E119/><AGARI ba="1,0" hai="13,19,20,25,26,83,87,90,116,118,119" m="36199" machi="119" ten="30,3900,0" yaku="12,1,52,1,54,1" doraHai="82" who="3" fromWho="1" sc="156,0,304,-42,170,0,370,42" /><INIT seed="6,0,0,2,2,67" ten="156,262,170,412" oya="2" hai0="58,95,111,40,127,119,132,10,71,94,30,24,130" hai1="63,82,57,133,85,59,93,35,60,80,18,65,23" hai2="45,7,116,36,66,46,32,8,76,28,126,25,88" hai3="79,41,98,19,61,115,44,121,4,9,77,113,104"/><V0/><F116/><W118/><G121/><T89/><D111/><U11/><E35/><V75/><F126/><W48/><G19/><T101/><D130/><U13/><E133/><V17/><F36/><W3/><G61/><T106/><D132/><U31/><E93/><V34/><F34/><W74/><G118/><T90/><D127/><U70/><E70/><V122/><F122/><W108/><G108/><T102/><D119/><U26/><E85/><V81/><F66/><AGARI ba="0,0" hai="11,13,18,23,26,31,57,59,60,63,65,66,80,82" machi="66" ten="30,3900,0" yaku="7,1,9,1,8,1" doraHai="67" who="1" fromWho="2" sc="156,0,262,39,170,-39,412,0" /><INIT seed="7,0,0,0,2,12" ten="156,301,131,412" oya="3" hai0="63,66,117,62,87,102,5,72,49,0,38,89,7" hai1="56,52,105,97,36,76,106,112,39,96,21,42,17" hai2="37,30,115,92,47,130,29,111,114,101,3,69,79" hai3="20,27,25,81,45,103,68,32,71,70,124,80,61"/><W98/><G124/><T55/><D38/><U77/><E112/><V22/><F69/><W75/><G45/><T13/><D72/><U33/><E33/><V11/><F79/><N who="3" m="44159" /><G81/><N who="0" m="49391" /><D0/><U65/><E65/><V54/><F54/><W94/><G20/><T64/><D102/><U93/><E77/><V31/><F101/><W113/><G94/><T88/><D88/><U41/><E76/><V121/><F92/><W59/><G59/><N who="0" m="33263" /><D117/><U50/><E39/><V51/><F37/><W40/><G27/><T110/><D110/><U120/><E120/><V1/><F111/><W78/><G40/><T91/><D91/><U16/><E36/><V135/><F121/><W83/><G113/><N who="2" m="43017" /><F47/><W118/><G118/><T107/><D107/><U131/><E131/><V10/><F51/><W9/><G9/><N who="2" m="3081" /><F130/><W123/><G123/><T129/><D129/><U2/><E2/><N who="2" m="523" /><F135/><W82/><G82/><T4/><D13/><N who="1" m="9359" /><E106/><V8/><N who="2" m="3089" /><V67/><DORA hai="132" /><F67/><AGARI ba="0,0" hai="4,5,7,62,63,64,66,67" m="33263,49391" machi="67" ten="30,1000,0" yaku="8,1" doraHai="12,132" who="0" fromWho="2" sc="156,10,301,0,131,-10,412,0" owari="166,-23.4,301,10.1,121,-37.9,412,51.2" /></mjloggm>