<mjloggm ver="2.3"><GO type="169" lobby="0"/><UN n0="%73%79%6C%76%65%6F%6E" n1="%E3%81%84%E3%81%A1" n2="%E3%82%B5%E3%83%96%E3%82%A2%E3%83%A9%E3%83%89" n3="%E3%83%AA%E3%83%BC%E3%83%81%E3%83%89%E3%83%A9" dan="16,16,16,17" rate="2185.93,2080.02,2053.11,2179.35" sx="M,M,M,M"/><TAIKYOKU oya="0"/><INIT seed="0,0,0,2,0,119" ten="250,250,250,250" oya="0" hai0="130,53,108,65,2,58,36,118,123,3,73,13,97" hai1="26,20,17,78,105,94,15,59,22,60,46,122,113" hai2="106,55,124,4,39,63,104,72,49,18,112,35,51" hai3="91,8,43,52,1,80,0,87,89,126,32,102,75"/><T110/><D118/><U135/><E113/><V34/><F112/><W16/><G32/><T95/><D73/><U120/><E135/><V23/><F72/><W98/><G75/><T12/><D36/><U107/><E78/><V103/><F39/><W83/><G126/><T9/><D130/><U76/><E76/><V96/><F4/><W90/><G43/><T33/><D65/><U61/><E94/><V19/><F124/><W116/><G116/><T30/><D30/><U131/><E131/><V100/><F63/><W31/><G31/><T115/><D33/><U86/><E86/><V99/><F23/><W81/><G87/><T129/><D129/><U27/><E46/><V92/><F55/><W74/><G52/><T111/><D115/><U82/><E82/><V71/><F92/><W114/><G74/><T84/><D84/><U69/><E69/><AGARI ba="0,0" hai="18,19,34,35,49,51,69,71,96,99,100,103,104,106" machi="69" ten="25,1600,0" yaku="22,2" doraHai="119" who="2" fromWho="1" sc="250,0,250,-16,250,16,250,0" /><INIT seed="1,0,0,4,3,121" ten="250,234,266,250" oya="1" hai0="102,72,9,93,31,26,59,64,21,33,107,130,104" hai1="122,84,87,81,105,34,16,15,24,55,19,80,123" hai2="110,40,82,134,27,118,65,106,68,120,38,112,39" hai3="23,86,95,43,29,100,10,108,42,75,44,58,73"/><U91/><E105/><V85/><F85/><W131/><G131/><T98/><D72/><U115/><E115/><V99/><F82/><W14/><G58/><T30/><D130/><U114/><E114/><V52/><F27/><W132/><G132/><T32/><D31/><U66/><E66/><V45/><F99/><W89/><G100/><T78/><D78/><U83/><E55/><V90/><F90/><W119/><G43/><T103/><D103/><U6/><E6/><V4/><F4/><W56/><G56/><T94/><D9/><U2/><E2/><V36/><F106/><N who="0" m="40490" /><D94/><U0/><E0/><V70/><F112/><W12/><G119/><T125/><D125/><U135/><E135/><V49/><F118/><W41/><G41/><T74/><D74/><U71/><E71/><N who="2" m="27179" /><F134/><W92/><G92/><T51/><D51/><U126/><E126/><V117/><F117/><W5/><G75/><T76/><D76/><U13/><E80/><V47/><F120/><W79/><G79/><T101/><D101/><U116/><E116/><V60/><F110/><W129/><G108/><T7/><D7/><U20/><E34/><V63/><F63/><AGARI ba="0,0" hai="21,26,30,32,33,59,63,64,93,98,102" m="40490" machi="63" ten="30,1000,0" yaku="25,1" doraHai="121" who="0" fromWho="2" sc="250,10,234,0,266,-10,250,0" /><INIT seed="2,0,0,4,3,83" ten="260,234,256,250" oya="2" hai0="59,134,42,23,64,133,29,56,109,98,25,84,21" hai1="47,120,38,99,72,65,46,94,79,36,5,48,6" hai2="100,129,89,58,19,40,87,101,49,41,26,39,73" hai3="43,0,10,24,97,35,7,9,51,30,127,91,128"/><V60/><F129/><W17/><G128/><T33/><D109/><U69/><E120/><V22/><F73/><W4/><G127/><T13/><D42/><U55/><E72/><V112/><F112/><W32/><G51/><T71/><D71/><U16/><E79/><V102/><F49/><W90/><G43/><T74/><D74/><U104/><E104/><V81/><REACH who="2" step="1"/><F39/><REACH who="2" ten="260,234,246,250" step="2"/><W80/><G35/><T122/><D33/><U52/><E36/><V1/><F1/><W95/><G0/><T66/><D122/><U27/><E38/><V3/><F3/><W126/><G32/><T123/><D123/><U63/><E47/><V62/><F62/><W77/><G126/><T114/><D114/><U14/><E46/><V61/><F61/><W78/><G77/><T37/><D37/><U85/><E48/><V50/><F50/><W103/><G78/><T119/><D134/><U54/><E63/><V118/><F118/><W70/><G70/><T124/><D133/><U107/><E69/><V2/><F2/><W92/><G4/><T115/><D115/><U11/><E6/><V131/><F131/><W20/><G7/><T75/><D75/><U130/><E5/><V105/><F105/><W110/><G110/><T125/><D124/><U12/><E107/><V31/><F31/><W8/><G30/><T96/><D125/><U68/><E68/><V132/><F132/><W93/><G103/><T28/><D119/><U53/><E130/><V57/><F57/><W117/><G117/><T108/><D108/><U76/><N who="1" m="13312" /><DORA hai="67" /><U88/><E16/><V18/><F18/><RYUUKYOKU ba="0,1" sc="260,-15,234,-15,246,15,250,15" hai2="19,22,26,40,41,58,60,81,87,89,100,101,102" hai3="8,9,10,17,20,24,80,90,91,92,93,95,97" /><INIT seed="2,1,1,2,1,12" ten="245,219,261,265" oya="2" hai0="86,35,60,32,21,120,108,55,109,112,52,69,22" hai1="116,56,115,8,102,10,48,19,1,92,126,114,26" hai2="34,96,2,95,118,51,54,43,41,111,97,105,98" hai3="31,6,63,29,68,79,23,129,83,61,42,0,128"/><V45/><F118/><W18/><G42/><T13/><D120/><U3/><E116/><V33/><F2/><W71/><G6/><T121/><D121/><U119/><E119/><V100/><F111/><N who="0" m="42570" /><D112/><U88/><E102/><V39/><F41/><W91/><G91/><T47/><D86/><U64/><E126/><V131/><F131/><N who="3" m="50251" /><G0/><T50/><D55/><U90/><E26/><V9/><F9/><W40/><G40/><T87/><D87/><U15/><E90/><V135/><F135/><W49/><G49/><T65/><D13/><U74/><E74/><V38/><F38/><W58/><G71/><T117/><D117/><U132/><E132/><V59/><REACH who="2" step="1"/><F97/><REACH who="2" ten="245,219,251,265" step="2"/><W99/><G99/><T7/><D7/><U101/><E3/><V84/><F84/><N who="3" m="48255" /><G68/><T17/><D69/><U62/><E1/><V94/><F94/><W125/><G125/><T75/><D75/><U25/><E115/><V107/><F107/><W122/><G122/><T11/><D11/><U85/><E10/><V134/><F134/><W89/><G89/><AGARI ba="1,2" hai="33,34,39,43,45,51,54,59,89,95,96,98,100,105" machi="89" ten="30,2900,0" yaku="1,1,7,1,53,0" doraHai="12" doraHaiUra="66" who="2" fromWho="3" sc="245,0,219,0,251,52,265,-32" /><INIT seed="2,2,0,5,4,127" ten="245,219,303,233" oya="2" hai0="101,6,18,97,107,35,121,14,72,65,46,30,11" hai1="15,78,90,32,36,130,21,98,76,55,67,73,16" hai2="49,3,22,83,0,68,94,117,61,58,50,57,103" hai3="70,24,8,56,128,81,86,52,88,89,84,20,62"/><V47/><F117/><W34/><G128/><T92/><D121/><U113/><E113/><V122/><F122/><W134/><G134/><T106/><D72/><U25/><E36/><V66/><F83/><W116/><G116/><T100/><D65/><U5/><E130/><V105/><F105/><W99/><G70/><T119/><D119/><U124/><E124/><V102/><F102/><W63/><G34/><T27/><D101/><U123/><E123/><V85/><F50/><W129/><G129/><T104/><REACH who="0" step="1"/><D46/><REACH who="0" ten="235,219,303,233" step="2"/><U80/><E67/><V42/><F103/><W126/><G126/><T79/><D79/><U109/><E76/><V26/><F0/><W64/><G8/><T111/><D111/><U19/><E109/><V77/><F3/><W114/><G114/><T31/><D31/><U43/><E78/><V87/><F77/><W29/><G99/><T91/><D91/><U51/><E98/><V131/><F131/><W125/><G125/><T38/><D38/><U7/><E90/><V59/><REACH who="2" step="1"/><F94/><REACH who="2" ten="235,219,293,233" step="2"/><N who="3" m="54583" /><G64/><T33/><D33/><U133/><E32/><V13/><F13/><W60/><AGARI ba="2,2" hai="20,24,29,52,56,60,62,63,81,84,88" m="54583" machi="60" ten="30,4000,0" yaku="8,1,54,2" doraHai="127" who="3" fromWho="3" sc="235,-12,219,-12,293,-22,233,66" /><INIT seed="3,0,0,5,4,112" ten="223,207,271,299" oya="3" hai0="123,44,5,82,96,108,80,134,61,42,100,23,109" hai1="122,19,31,76,93,117,133,30,34,89,32,29,135" hai2="113,58,50,101,45,129,98,130,2,37,46,62,12" hai3="86,13,83,36,75,48,103,64,8,24,95,57,79"/><W6/><G36/><T3/><D123/><U7/><E76/><V47/><F2/><W40/><G75/><T105/><D134/><N who="1" m="51211" /><E93/><V1/><F1/><W73/><G73/><T0/><D0/><U66/><E89/><V69/><F113/><W115/><G115/><T74/><D23/><U124/><E66/><V110/><F12/><W53/><G24/><T99/><D99/><U63/><E63/><V65/><F110/><N who="0" m="42602" /><D74/><U111/><E111/><V92/><F37/><W59/><G40/><T54/><D5/><U118/><E122/><V107/><F107/><W121/><G121/><T120/><D3/><U52/><E52/><V11/><F11/><W14/><G14/><T4/><D4/><U10/><E19/><V41/><F69/><W28/><G28/><T88/><D120/><U106/><E106/><V18/><F18/><W84/><G84/><T27/><D88/><U72/><E72/><V17/><F17/><W114/><G114/><T126/><D54/><U119/><E124/><V85/><F85/><W20/><G64/><T16/><D61/><U22/><E22/><V60/><F60/><W55/><G20/><N who="0" m="13703" /><D126/><U127/><E127/><V39/><F39/><AGARI ba="0,0" hai="39,42,44,80,82,96,100,105" m="13703,42602" machi="39" ten="30,2000,0" yaku="14,1,54,1" doraHai="112" who="0" fromWho="2" sc="223,20,207,0,271,-20,299,0" /><INIT seed="4,0,0,4,3,0" ten="243,207,251,299" oya="0" hai0="19,83,82,4,45,39,43,124,56,44,103,110,5" hai1="53,16,66,87,91,24,130,126,62,76,65,128,29" hai2="22,79,75,31,55,98,69,113,134,14,115,15,9" hai3="121,59,111,132,34,50,78,109,6,52,68,2,118"/><T49/><D124/><U27/><E126/><V38/><F38/><W120/><G34/><T72/><D110/><U37/><E37/><V10/><F69/><W89/><G68/><T100/><D56/><U123/><E76/><V107/><F55/><W58/><G78/><T114/><D114/><N who="2" m="43530" /><F134/><W102/><G102/><N who="0" m="38955" /><D39/><U86/><E123/><N who="3" m="47178" /><G118/><T67/><D72/><U36/><E36/><V41/><F41/><W135/><G89/><T54/><D67/><U122/><E122/><V94/><F107/><W80/><G80/><N who="0" m="30763" /><D44/><U108/><E91/><N who="2" m="55647" /><F79/><W28/><G28/><T133/><D133/><N who="3" m="51273" /><G58/><N who="0" m="33103" /><D19/><U119/><E16/><N who="2" m="8279" /><F75/><W64/><G64/><T127/><D127/><U88/><E65/><V13/><F31/><W12/><G2/><T104/><D104/><U20/><E66/><V106/><F106/><W99/><G99/><T84/><D84/><U35/><E87/><V90/><F90/><W117/><G117/><T48/><AGARI ba="0,0" hai="4,5,43,45,48" m="33103,30763,38955" machi="48" ten="30,6000,0" yaku="8,1,52,2" doraHai="0" who="0" fromWho="0" sc="243,60,207,-20,251,-20,299,-20" /><INIT seed="4,1,0,1,3,54" ten="303,187,231,279" oya="0" hai0="102,72,92,2,63,6,93,25,65,85,4,48,71" hai1="11,28,13,133,7,76,105,120,55,5,81,0,62" hai2="109,59,75,66,46,50,27,122,20,73,18,118,70" hai3="125,110,126,121,106,12,100,128,130,104,127,87,32"/><T108/><D72/><U3/><E120/><V64/><F109/><W31/><G32/><T117/><D117/><U43/><E105/><N who="3" m="40554" /><G31/><T131/><D131/><N who="3" m="50217" /><G12/><T90/><D108/><U99/><E43/><V34/><F122/><W69/><G69/><T36/><D36/><U77/><E99/><V124/><F34/><W123/><G110/><T52/><D102/><U15/><E28/><V21/><F70/><W44/><G44/><T30/><D93/><U14/><E133/><V129/><F124/><W53/><G53/><T107/><D107/><U40/><E81/><V114/><F118/><W134/><G100/><T132/><D2/><U79/><E40/><V86/><F21/><W89/><G134/><T83/><D132/><U101/><E101/><V88/><F66/><W135/><G135/><T8/><D8/><U112/><E11/><V17/><F17/><W23/><G23/><T91/><D25/><U45/><E3/><V98/><F129/><W42/><G42/><T39/><D39/><U58/><E0/><V74/><F46/><W82/><AGARI ba="1,0" hai="82,87,89,121,123,125,126,127" m="50217,40554" machi="82" ten="40,8000,1" yaku="18,1,19,1,34,2" doraHai="54" who="3" fromWho="3" sc="303,-41,187,-21,231,-21,279,83" /><INIT seed="5,0,0,1,3,47" ten="262,166,210,362" oya="1" hai0="91,81,74,7,31,54,65,80,122,110,37,39,64" hai1="76,56,2,40,11,77,102,72,63,13,70,132,114" hai2="4,84,78,121,52,96,83,49,88,45,104,36,85" hai3="18,98,103,21,42,115,22,95,106,53,30,100,67"/><U38/><E2/><V44/><F121/><W32/><G115/><T71/><D110/><U89/><E70/><V66/><F66/><W20/><G42/><T134/><D122/><U69/><E114/><V16/><F4/><W123/><G123/><T116/><D116/><U28/><E69/><V111/><F111/><W99/><G32/><T125/><D31/><U112/><E112/><V129/><F129/><W12/><G67/><T0/><D74/><U73/><E102/><V25/><F36/><W68/><G68/><T107/><D107/><U29/><E132/><V19/><F45/><W6/><G30/><T10/><D125/><U82/><E40/><V9/><F9/><W8/><REACH who="3" step="1"/><G53/><REACH who="3" ten="262,166,210,352" step="2"/><T23/><D54/><N who="1" m="34199" /><E38/><V119/><F119/><W126/><G126/><T120/><D120/><U34/><E34/><V50/><F104/><W43/><G43/><T130/><D65/><U48/><E29/><V62/><F62/><W117/><G117/><T55/><D55/><U113/><E28/><V109/><F109/><W41/><G41/><T35/><D35/><U133/><E113/><V46/><F96/><W58/><G58/><T124/><D124/><U24/><E133/><V75/><F44/><W1/><AGARI ba="0,1" hai="1,6,8,12,18,20,21,22,95,98,99,100,103,106" machi="1" ten="20,2700,0" yaku="1,1,0,1,7,1,53,0" doraHai="47" doraHaiUra="128" who="3" fromWho="3" sc="262,-7,166,-13,210,-7,352,37" /><INIT seed="6,0,0,0,4,49" ten="255,153,203,389" oya="2" hai0="60,16,82,34,2,32,83,133,125,42,108,127,97" hai1="105,13,14,131,3,90,96,44,130,87,37,52,124" hai2="0,67,93,107,120,128,56,80,110,99,41,78,68" hai3="118,54,123,9,36,12,98,72,35,135,38,61,70"/><V134/><F120/><W30/><G123/><T81/><D108/><U77/><E3/><V114/><F110/><W115/><G118/><T102/><D2/><U47/><E77/><V10/><F128/><N who="1" m="49193" /><E124/><N who="0" m="47689" /><D133/><U113/><E113/><V92/><F134/><W24/><G72/><T33/><D42/><U109/><E109/><V103/><F114/><W53/><G115/><T69/><D16/><U8/><E37/><V58/><F41/><W64/><G135/><T48/><D48/><N who="1" m="28679" /><E47/><V79/><F0/><W117/><G117/><T104/><D34/><U20/><E20/><V28/><F79/><W86/><G36/><T122/><D122/><U91/><E87/><V101/><F28/><W50/><G86/><T66/><AGARI ba="0,0" hai="32,33,60,66,69,81,82,83,97,102,104" m="47689" machi="66" ten="40,1500,0" yaku="18,1" doraHai="49" who="0" fromWho="0" sc="255,15,153,-4,203,-7,389,-4" /><INIT seed="7,0,0,2,2,7" ten="270,149,196,385" oya="3" hai0="44,107,90,50,135,77,114,61,81,110,8,104,47" hai1="115,112,53,117,98,26,76,46,121,109,31,128,16" hai2="35,2,83,33,66,126,122,64,103,14,36,21,32" hai3="86,23,120,79,28,131,34,19,95,39,56,89,129"/><W12/><G39/><T99/><D110/><U13/><E109/><V70/><F2/><W3/><G120/><T133/><D114/><N who="1" m="43563" /><E121/><V5/><F122/><W15/><G3/><T85/><D8/><N who="1" m="6183" /><E76/><V65/><F36/><W84/><G34/><T132/><D61/><U9/><E128/><V111/><F111/><W130/><G28/><T22/><D22/><U134/><E134/><V6/><F70/><W67/><G15/><T94/><D47/><U106/><E117/><V51/><F21/><W108/><G108/><T97/><D97/><U43/><E53/><AGARI ba="0,0" hai="44,50,53,77,81,85,90,94,99,104,107,132,133,135" machi="53" ten="40,1300,0" yaku="20,1" doraHai="7" who="0" fromWho="1" sc="270,13,149,-13,196,0,385,0" owari="283,8.3,136,-36.4,196,-20.4,385,48.5" /></mjloggm>