<mjloggm ver="2.3"><GO type="169" lobby="0"/><UN n0="%E3%83%90%E3%83%AA%E3%83%88%E3%83%B3" n1="%73%79%6C%76%65%6F%6E" n2="%E3%83%A9%E3%82%A4%E3%82%AA%E3%82%B9" n3="%6B%73%77%72%74" dan="17,16,16,16" rate="2239.29,2166.34,2073.89,2125.34" sx="M,M,M,M"/><TAIKYOKU oya="0"/><INIT seed="0,0,0,3,0,67" ten="250,250,250,250" oya="0" hai0="41,94,134,36,17,89,46,62,58,123,121,109,117" hai1="82,14,61,25,77,39,76,35,98,71,4,101,92" hai2="75,85,26,68,23,42,48,132,54,112,16,108,21" hai3="100,59,43,126,129,31,20,73,113,125,87,40,97"/><T79/><D117/><U111/><E39/><V45/><F75/><W32/><G73/><T88/><D134/><U107/><E111/><V60/><F108/><W106/><G113/><T130/><D109/><U133/><E133/><V135/><F112/><W13/><G129/><T33/><D79/><U120/><E120/><V86/><F135/><W122/><G122/><T64/><D33/><U72/><E77/><V38/><F132/><W34/><G59/><T9/><D89/><U47/><E47/><V63/><F23/><W50/><G87/><T12/><REACH who="0" step="1"/><D130/><REACH who="0" ten="240,250,250,250" step="2"/><U15/><E35/><V116/><F116/><W24/><G34/><T5/><D5/><U91/><E4/><V30/><F85/><AGARI ba="0,1" hai="9,12,17,36,41,46,58,62,64,85,88,94,121,123" machi="85" ten="30,12000,1" yaku="1,1,7,1,54,1,53,2" doraHai="67" doraHaiUra="118" who="0" fromWho="2" sc="240,130,250,0,250,-120,250,0" /><INIT seed="0,1,0,0,0,14" ten="370,250,130,250" oya="0" hai0="95,103,115,96,90,24,87,73,58,2,3,94,91" hai1="23,19,71,0,44,81,132,100,112,109,114,32,60" hai2="6,26,70,40,5,99,1,124,53,126,80,4,33" hai3="128,104,86,38,74,78,43,54,49,55,16,67,76"/><T28/><D73/><U116/><E116/><V135/><F70/><W122/><G74/><T20/><D115/><U41/><E32/><V97/><F40/><W13/><G104/><T82/><REACH who="0" step="1"/><D58/><REACH who="0" ten="360,250,130,250" step="2"/><U129/><E112/><V98/><F1/><W9/><G122/><T15/><D15/><U121/><E0/><V134/><F80/><W117/><G13/><T61/><D61/><U130/><E81/><V8/><F53/><W18/><G55/><T57/><D57/><U51/><E60/><V45/><F45/><W10/><G54/><T63/><D63/><U89/><E44/><V21/><F33/><W88/><G117/><T131/><D131/><U52/><E114/><V30/><REACH who="2" step="1"/><F8/><REACH who="2" ten="360,250,120,250" step="2"/><W108/><G128/><T85/><AGARI ba="1,2" hai="2,3,20,24,28,82,85,87,90,91,94,95,96,103" machi="85" ten="20,3900,0" yaku="1,1,0,1,7,1,53,0" doraHai="14" doraHaiUra="7" who="0" fromWho="0" sc="360,62,250,-14,120,-14,250,-14" /><INIT seed="0,2,0,0,5,93" ten="422,236,106,236" oya="0" hai0="69,81,125,23,50,123,122,64,101,111,21,34,7" hai1="27,80,22,103,60,57,0,39,95,33,3,26,56" hai2="110,13,90,102,78,17,41,127,52,112,45,87,38" hai3="49,77,72,55,44,116,36,76,70,98,105,92,97"/><T51/><D34/><U9/><E39/><V115/><F127/><W71/><G116/><T15/><D125/><U83/><E33/><V131/><F78/><W130/><G130/><T40/><D111/><U68/><E68/><V20/><F110/><W84/><G72/><T29/><D69/><U79/><E9/><V63/><F102/><W108/><G108/><T129/><D64/><U67/><E95/><V82/><REACH who="2" step="1"/><F131/><REACH who="2" ten="422,236,96,236" step="2"/><W109/><G77/><T133/><D101/><U124/><E103/><V30/><F30/><W62/><G76/><T24/><D129/><U11/><E79/><V58/><AGARI ba="2,1" hai="13,17,20,38,41,45,52,58,63,82,87,90,112,115" machi="58" ten="30,4000,0" yaku="1,1,0,1,54,1,53,0" doraHai="93" doraHaiUra="118" who="2" fromWho="2" sc="422,-22,236,-12,96,56,236,-12" /><INIT seed="1,0,0,0,5,53" ten="400,224,152,224" oya="1" hai0="35,130,122,18,124,86,20,114,67,28,108,14,126" hai1="132,112,57,1,121,23,24,79,42,84,115,110,135" hai2="119,120,29,64,127,78,63,21,69,97,16,99,22" hai3="7,31,94,71,3,38,68,13,105,48,66,133,118"/><U44/><E1/><V106/><F120/><W129/><G105/><T51/><D114/><N who="1" m="43563" /><E79/><V33/><F119/><W49/><G38/><T101/><D122/><U102/><E102/><V116/><F116/><W43/><G3/><T72/><D72/><U95/><E95/><V125/><F78/><W55/><G94/><T2/><D101/><U107/><E84/><V96/><F106/><W8/><G71/><T76/><D2/><U88/><E107/><V117/><F117/><W52/><G68/><T50/><D86/><U19/><E88/><V93/><F33/><W61/><G49/><T0/><D76/><U56/><E121/><V83/><F83/><W65/><G48/><T87/><D87/><U26/><E26/><V6/><F6/><W82/><G31/><T92/><D92/><U91/><E91/><V123/><F93/><W17/><G13/><T12/><D12/><U25/><E25/><V73/><F73/><W4/><G8/><T131/><D0/><U11/><E11/><V30/><F123/><W104/><G104/><T98/><D98/><U27/><E27/><N who="2" m="14759" /><F22/><W10/><G10/><T45/><D20/><U39/><E110/><V34/><F34/><W75/><G75/><T70/><D35/><U62/><E62/><V81/><F81/><W37/><G7/><T5/><D5/><U47/><E47/><V40/><F40/><W128/><G43/><T9/><D9/><U46/><E46/><V109/><F109/><W41/><G4/><T85/><D45/><U15/><E24/><V77/><F77/><W58/><G82/><T54/><D108/><RYUUKYOKU ba="0,0" sc="400,-15,224,15,152,15,224,-15" hai1="15,19,23,39,42,44,56,57,132,135" hai2="29,30,63,64,69,96,97,99,125,127" /><INIT seed="1,1,0,1,3,41" ten="385,239,167,209" oya="1" hai0="106,46,123,119,104,100,4,87,81,42,132,8,97" hai1="20,68,57,99,54,0,38,108,133,37,21,29,40" hai2="103,71,47,115,50,111,83,45,53,61,25,16,44" hai3="122,22,98,72,60,11,95,121,130,69,55,125,96"/><U27/><E0/><V19/><F103/><W24/><G72/><T110/><D110/><U9/><E68/><V117/><F117/><W75/><G75/><T116/><D132/><U94/><E133/><V82/><F111/><W113/><G113/><T59/><D59/><U126/><E108/><V15/><F115/><W35/><G35/><T88/><D106/><U85/><E126/><V18/><F71/><W56/><G125/><T52/><D52/><U76/><E9/><V127/><F61/><W6/><G130/><T107/><D107/><U13/><E40/><V70/><F70/><W124/><G124/><T23/><D23/><U5/><E5/><V134/><F134/><W80/><G80/><N who="2" m="30761" /><F25/><W49/><G60/><T58/><D58/><U131/><E76/><V14/><F127/><W102/><G98/><T65/><D65/><U17/><E131/><V135/><F135/><W91/><G102/><T114/><D123/><U78/><E78/><V105/><F105/><W34/><G34/><T84/><D84/><U67/><E67/><V86/><F86/><W3/><REACH who="3" step="1"/><G69/><REACH who="3" ten="385,239,167,199" step="2"/><T62/><D62/><U101/><REACH who="1" step="1"/><E85/><REACH who="1" ten="385,229,167,199" step="2"/><V90/><F90/><W93/><G93/><T39/><REACH who="0" step="1"/><D114/><REACH who="0" ten="375,229,167,199" step="2"/><U26/><E26/><V28/><F28/><AGARI ba="1,3" hai="3,6,11,22,24,28,49,55,56,91,95,96,121,122" machi="28" ten="30,2000,0" yaku="1,1,7,1,53,0" doraHai="41" doraHaiUra="63" who="3" fromWho="2" sc="375,0,229,0,167,-23,199,53" /><INIT seed="2,0,0,4,2,63" ten="375,229,144,252" oya="2" hai0="52,135,21,24,112,75,92,6,2,113,118,132,27" hai1="58,30,71,76,11,102,7,20,126,1,50,133,35" hai2="115,86,77,69,97,43,66,98,131,127,57,8,40" hai3="84,125,0,39,48,4,33,67,31,65,38,15,83"/><V110/><F115/><W87/><G0/><T13/><D75/><U23/><E71/><V123/><F123/><W82/><G125/><T119/><D92/><U79/><E102/><V108/><F131/><W72/><G72/><T78/><D78/><U129/><E79/><V45/><F69/><W62/><G33/><T74/><D74/><U104/><E104/><V53/><F8/><N who="3" m="4487" /><G39/><T107/><D107/><U101/><E101/><V44/><F127/><W18/><G38/><T70/><D70/><U128/><E76/><V91/><F77/><W9/><G31/><T120/><D2/><U59/><E133/><N who="0" m="51273" /><D52/><N who="1" m="32023" /><E126/><V12/><F12/><N who="3" m="7439" /><G48/><T22/><D120/><U46/><E46/><N who="2" m="18027" /><F40/><W29/><G29/><N who="0" m="17551" /><D13/><U85/><E59/><V106/><F106/><W100/><G62/><T32/><D6/><U61/><E61/><N who="2" m="38191" /><F43/><W55/><G100/><T96/><D96/><U111/><E35/><V34/><F53/><W121/><G121/><T89/><D89/><U56/><E1/><V109/><F34/><W81/><G55/><T26/><D32/><U130/><E130/><V54/><F54/><W49/><G49/><T80/><D113/><U60/><E129/><V95/><AGARI ba="0,0" hai="86,91,95,97,98,108,109,110" m="38191,18027" machi="95" ten="40,7800,0" yaku="14,1,10,1,52,1" doraHai="63" who="2" fromWho="2" sc="375,-26,229,-26,144,78,252,-26" /><INIT seed="2,1,0,3,0,7" ten="349,203,222,226" oya="2" hai0="107,133,48,32,58,91,131,84,73,62,112,50,86" hai1="0,35,114,125,82,51,123,63,100,31,2,59,80" hai2="24,69,14,66,77,44,25,54,37,78,67,122,41" hai3="102,70,90,117,109,74,11,93,132,49,18,97,64"/><V1/><F1/><W43/><G117/><T55/><D73/><U95/><E114/><V110/><F122/><W38/><G38/><T52/><D112/><U46/><E123/><V4/><F110/><W134/><G74/><T36/><D36/><U105/><E105/><V96/><F96/><W116/><G109/><T68/><D133/><N who="3" m="51305" /><G116/><T108/><D131/><U12/><E125/><V21/><F54/><W87/><G64/><T99/><D32/><U33/><E0/><V98/><F98/><W56/><G70/><T128/><D128/><U61/><E95/><V17/><F67/><W13/><G56/><T120/><D108/><U83/><E2/><V47/><F47/><N who="3" m="25855" /><G87/><T30/><D68/><U9/><E100/><AGARI ba="1,0" hai="11,13,18,90,93,97,100,102" m="25855,51305" machi="100" ten="30,2000,0" yaku="20,1,52,1" doraHai="7" who="3" fromWho="1" sc="349,0,203,-23,222,0,226,23" /><INIT seed="3,0,0,3,5,134" ten="349,180,222,249" oya="3" hai0="126,15,38,16,100,85,4,14,18,102,88,93,86" hai1="127,118,54,115,56,70,76,35,30,67,122,47,79" hai2="104,121,53,52,49,40,135,60,10,34,66,31,75" hai3="0,110,59,68,27,96,82,98,8,81,23,42,133"/><W106/><G68/><T3/><D38/><U58/><E115/><V13/><F135/><W9/><G133/><T72/><D72/><U33/><E122/><V48/><F75/><W73/><G110/><T55/><D3/><U124/><E118/><V63/><F104/><W97/><G106/><T41/><D41/><U25/><E70/><V112/><F112/><W39/><G73/><T119/><D119/><U120/><E120/><V125/><F121/><W26/><G0/><T19/><D126/><N who="1" m="48171" /><E35/><V90/><F125/><W74/><G74/><T5/><D55/><U103/><E103/><N who="0" m="39465" /><D86/><U89/><E89/><V80/><F40/><W132/><G42/><T32/><D32/><U65/><E47/><V64/><F31/><W37/><G132/><T11/><D18/><U92/><E92/><V83/><F34/><W95/><G95/><T7/><D19/><U57/><E54/><V84/><F80/><W107/><G107/><T2/><D2/><U17/><E17/><N who="2" m="8375" /><F66/><AGARI ba="0,0" hai="25,30,33,56,57,58,65,66,67,76,79" m="48171" machi="66" ten="30,7700,0" yaku="18,1,52,3" doraHai="134" who="1" fromWho="2" sc="349,0,180,77,222,-77,249,0" /><INIT seed="4,0,0,5,4,92" ten="349,257,145,249" oya="0" hai0="89,127,6,19,18,4,71,0,80,106,122,61,85" hai1="50,15,113,48,110,66,132,22,44,96,107,69,82" hai2="51,27,47,118,114,130,126,53,20,119,81,40,25" hai3="78,36,68,98,72,41,14,75,91,87,63,45,100"/><T39/><D122/><U124/><E110/><V1/><F1/><W109/><G109/><T10/><D127/><U34/><E34/><V8/><F126/><W46/><G78/><T35/><D39/><U73/><E124/><V120/><F114/><W49/><G14/><T125/><D35/><U101/><E132/><V30/><F120/><W99/><G63/><T13/><D125/><U42/><E113/><V7/><F130/><W108/><G68/><T129/><D129/><U93/><E69/><V79/><F25/><W116/><G116/><T33/><D33/><U2/><E2/><V77/><F77/><W112/><G112/><T29/><D29/><U21/><E66/><V95/><F95/><W74/><G100/><T134/><D134/><U135/><E135/><V31/><F31/><W62/><G62/><T57/><D71/><U115/><E115/><V28/><F28/><W94/><REACH who="3" step="1"/><G108/><REACH who="3" ten="349,257,145,239" step="2"/><T102/><D0/><U111/><E111/><V128/><F128/><W55/><AGARI ba="0,1" hai="36,41,45,46,49,55,72,74,75,87,91,94,98,99" machi="55" ten="30,8000,1" yaku="1,1,2,1,0,1,52,2,53,0" doraHai="92" doraHaiUra="5" who="3" fromWho="3" sc="349,-40,257,-20,145,-20,239,90" /><INIT seed="5,0,0,0,1,50" ten="309,237,125,329" oya="1" hai0="64,133,74,4,81,78,16,2,73,37,128,95,45" hai1="40,56,41,110,58,90,53,103,118,123,17,129,117" hai2="59,43,9,100,122,76,36,26,131,134,13,65,33" hai3="63,28,107,25,27,86,101,108,54,3,111,6,99"/><U102/><E90/><V104/><F122/><W92/><G3/><T52/><D64/><U109/><E17/><V72/><F134/><W1/><G1/><T19/><D74/><U21/><E21/><V94/><F131/><W24/><G6/><T106/><D106/><U130/><REACH who="1" step="1"/><E53/><REACH who="1" ten="309,227,125,329" step="2"/><V114/><F65/><W12/><G54/><T30/><D52/><U48/><E48/><V70/><F36/><W91/><G91/><T124/><D19/><U47/><E47/><V61/><F61/><W38/><G63/><T113/><D16/><U62/><E62/><V116/><F33/><W57/><G38/><T23/><D45/><U66/><E66/><V14/><F70/><W20/><G20/><T105/><D23/><U69/><E69/><V34/><F34/><W84/><G28/><T135/><D30/><U8/><E8/><V31/><F9/><W60/><G60/><T0/><D37/><U5/><E5/><V82/><F31/><W112/><G57/><T7/><D4/><U83/><E83/><V77/><F59/><W75/><G27/><T15/><D81/><U89/><E89/><V120/><F82/><W71/><G25/><T79/><D7/><U46/><E46/><V51/><F51/><W42/><G24/><T39/><D39/><U32/><E32/><V132/><F26/><W49/><G49/><T93/><D79/><U97/><E97/><V87/><F77/><W22/><G99/><T29/><D78/><U121/><AGARI ba="0,1" hai="40,41,56,58,102,103,109,110,117,118,121,123,129,130" machi="121" ten="25,18000,2" yaku="1,1,0,1,22,2,53,2" doraHai="50" doraHaiUra="96" who="1" fromWho="1" sc="309,-60,227,190,125,-60,329,-60" /><INIT seed="5,1,0,0,3,120" ten="249,417,65,269" oya="1" hai0="3,32,128,119,15,132,34,93,91,121,83,47,38" hai1="76,29,46,100,78,22,89,9,60,117,24,20,19" hai2="5,110,43,62,61,8,26,106,107,56,37,45,84" hai3="44,75,31,130,48,51,40,25,96,16,92,114,94"/><U88/><E117/><V54/><F26/><W81/><G114/><T101/><D3/><U72/><E100/><V73/><F73/><W7/><G130/><T77/><D119/><U85/><E72/><V131/><F131/><W134/><G134/><T30/><D101/><U97/><E9/><V135/><F135/><W66/><G7/><T109/><D121/><U69/><E69/><V12/><F110/><W95/><G66/><T52/><D109/><U71/><E71/><V103/><F103/><W2/><G2/><T122/><D30/><U53/><E97/><V14/><F84/><W129/><G129/><T105/><D105/><U68/><E68/><V133/><F133/><W1/><G1/><T23/><D122/><U36/><E36/><V10/><REACH who="2" step="1"/><F62/><REACH who="2" ten="249,417,55,269" step="2"/><W49/><G75/><T39/><D132/><U65/><E85/><V64/><F64/><W21/><G96/><T112/><D128/><U4/><E60/><V13/><F13/><W127/><G25/><T125/><D15/><U115/><E65/><V59/><F59/><W17/><G31/><T57/><D57/><U123/><E123/><V28/><F28/><W6/><G127/><T86/><D125/><U67/><E67/><V70/><F70/><W50/><G44/><T126/><D126/><U111/><E111/><V87/><F87/><W118/><G118/><T90/><D47/><U41/><E46/><V104/><F104/><W116/><G116/><T108/><D108/><U74/><E29/><V58/><F58/><W35/><G35/><N who="0" m="13355" /><D86/><U82/><E74/><V63/><F63/><W33/><G33/><RYUUKYOKU ba="1,1" sc="249,-10,417,-10,55,30,269,-10" hai2="5,8,10,12,14,37,43,45,54,56,61,106,107" /><INIT seed="6,2,1,0,1,89" ten="239,407,85,259" oya="2" hai0="133,57,54,14,114,34,78,127,21,38,70,42,118" hai1="80,22,102,85,116,113,27,129,33,35,7,41,104" hai2="68,95,128,100,28,25,63,0,43,62,101,4,69" hai3="75,61,46,66,30,134,50,60,65,105,32,135,1"/><V90/><F43/><N who="3" m="24927" /><G75/><T26/><D114/><U44/><E116/><V51/><F128/><W81/><G105/><T67/><D118/><U132/><E132/><N who="3" m="50730" /><G1/><T18/><D127/><U93/><E104/><V12/><F0/><W11/><G11/><T53/><D70/><U73/><E73/><V110/><F110/><W48/><G81/><T15/><D133/><U17/><E7/><V20/><F51/><W16/><G16/><T52/><D78/><U91/><E113/><V112/><F112/><W109/><G109/><T29/><D67/><N who="3" m="25609" /><G48/><T115/><D115/><U111/><E111/><V108/><F108/><W64/><G64/><T37/><D15/><U79/><E102/><N who="2" m="39531" /><F69/><W49/><G49/><T98/><D98/><U2/><E2/><V5/><F68/><W92/><G92/><T31/><D31/><U131/><E35/><V87/><F4/><W71/><G71/><T74/><D74/><U84/><E33/><V86/><F86/><W8/><G8/><AGARI ba="2,1" hai="5,8,12,20,25,28,62,63,87,90,95" m="39531" machi="8" ten="30,2900,0" yaku="8,1,52,1" doraHai="89" who="2" fromWho="3" sc="239,0,407,0,85,45,259,-35" /><INIT seed="6,3,0,1,4,13" ten="239,407,130,224" oya="2" hai0="38,22,96,16,40,81,45,46,108,94,59,5,68" hai1="51,34,2,43,113,14,6,99,30,118,33,18,102" hai2="65,64,76,31,0,58,8,112,131,128,17,111,9" hai3="47,121,106,90,44,83,3,75,62,74,48,49,7"/><V84/><F111/><W4/><G106/><T127/><D68/><U71/><E71/><V53/><F31/><W69/><G121/><T133/><D108/><U25/><E118/><V28/><F28/><W70/><G83/><T98/><D133/><U93/><E34/><V52/><F112/><W129/><G90/><T82/><D5/><U54/><E43/><V11/><F0/><W123/><G123/><T23/><D127/><U61/><E113/><V107/><F107/><W24/><G24/><T36/><D59/><U37/><E37/><V26/><F76/><W86/><G86/><T56/><D56/><U120/><E120/><V39/><F39/><W97/><G97/><T116/><D116/><U135/><E61/><V77/><F84/><W57/><G57/><T21/><D98/><U79/><E79/><V125/><F77/><W10/><G62/><T1/><D1/><U20/><E135/><V100/><F100/><W105/><G105/><T19/><D82/><U87/><E87/><V104/><F104/><W80/><G80/><T41/><REACH who="0" step="1"/><D81/><REACH who="0" ten="229,407,130,224" step="2"/><U122/><E122/><V55/><F125/><W132/><G132/><T109/><D109/><U27/><E2/><V101/><F58/><W88/><G3/><T115/><D115/><U119/><E6/><V103/><F131/><W134/><G129/><T50/><D50/><U117/><E117/><V66/><F128/><W67/><G134/><T12/><D12/><U63/><E119/><V130/><F130/><W110/><G70/><T114/><D114/><U35/><E63/><V60/><F60/><W89/><G69/><RYUUKYOKU ba="3,1" sc="229,15,407,-15,130,15,224,-15" hai0="16,19,21,22,23,36,38,40,41,45,46,94,96" hai2="8,9,11,17,26,52,53,55,64,65,66,101,103" /><INIT seed="6,4,1,0,4,132" ten="244,392,145,209" oya="2" hai0="126,77,41,74,108,127,39,122,28,33,46,10,26" hai1="107,15,114,3,83,87,50,115,48,42,133,23,34" hai2="25,113,69,49,129,89,95,64,123,47,80,2,104" hai3="19,103,106,24,128,84,110,35,65,92,29,86,94"/><V109/><F123/><W125/><G110/><T98/><D108/><U9/><E34/><V11/><F109/><W88/><G128/><T37/><D122/><U45/><E107/><V131/><F104/><W79/><G125/><N who="0" m="47627" /><D98/><U7/><E133/><V0/><F113/><N who="1" m="43017" /><E23/><V63/><F80/><W117/><G65/><T27/><D27/><U67/><E67/><V73/><F25/><W82/><G117/><T5/><D77/><N who="1" m="46575" /><E15/><V55/><F73/><W17/><G106/><T58/><D58/><U93/><E93/><V120/><F120/><W70/><G70/><T53/><D53/><U52/><E52/><V124/><F124/><W6/><G94/><T32/><D74/><U12/><E12/><V36/><F36/><AGARI ba="4,1" hai="3,7,9,36,42,45,48,50" m="46575,43017" machi="36" ten="30,1000,0" yaku="15,1" doraHai="132" who="1" fromWho="2" sc="244,0,392,32,145,-22,209,0" /><INIT seed="7,0,0,0,3,5" ten="244,424,123,209" oya="3" hai0="134,101,105,31,88,68,94,123,32,38,58,119,13" hai1="109,55,60,124,114,53,35,36,45,112,39,80,54" hai2="2,11,21,86,57,126,111,27,6,108,81,26,67" hai3="0,8,133,87,7,102,40,47,29,50,34,14,49"/><W70/><G133/><T72/><D119/><U76/><E109/><V79/><F126/><W100/><G70/><T90/><D123/><U41/><E35/><V74/><F74/><W64/><G64/><T9/><D38/><U63/><E124/><V65/><F27/><W85/><G34/><T99/><D68/><U130/><E130/><V3/><F3/><W107/><G29/><T46/><D46/><U82/><E82/><V83/><F83/><W69/><G69/><T104/><D72/><U132/><E132/><V98/><F98/><W84/><G107/><T30/><D105/><U128/><E128/><V95/><F95/><W135/><G135/><T25/><D31/><U61/><E80/><V19/><REACH who="2" step="1"/><F67/><REACH who="2" ten="244,424,113,209" step="2"/><W42/><G0/><T118/><D134/><U23/><E76/><V125/><F125/><W52/><G42/><T37/><D94/><U110/><E110/><V96/><F96/><W91/><G91/><T75/><D90/><U71/><E23/><V48/><F48/><W18/><G49/><T10/><D88/><U129/><E129/><V131/><F131/><W115/><G40/><T116/><D99/><U62/><E36/><V73/><F73/><W1/><REACH who="3" step="1"/><G115/><REACH who="3" ten="244,424,113,199" step="2"/><T44/><D37/><U15/><E112/><V66/><F66/><W89/><G89/><T120/><D104/><U103/><E114/><V51/><F51/><W59/><G59/><T117/><D117/><U122/><E71/><V121/><F121/><W78/><G78/><T4/><D118/><U92/><E41/><V43/><F43/><W106/><G106/><T16/><D116/><RYUUKYOKU ba="0,2" sc="244,-15,424,-15,113,15,199,15" hai2="2,6,11,19,21,26,57,65,79,81,86,108,111" hai3="1,7,8,14,18,47,50,52,84,85,87,100,102" /><INIT seed="7,1,2,5,1,17" ten="229,409,128,214" oya="3" hai0="28,77,31,117,80,22,120,72,119,129,105,59,9" hai1="64,44,122,81,90,97,33,38,55,84,5,61,18" hai2="3,30,48,45,88,47,41,40,34,103,99,102,79" hai3="67,29,110,54,82,15,113,27,69,70,128,12,134"/><W106/><G113/><T104/><D120/><U16/><E122/><V83/><F3/><W52/><G128/><T92/><D129/><U71/><E33/><V35/><F34/><W24/><G134/><T4/><D104/><U101/><E5/><V49/><F35/><W2/><G2/><T76/><D105/><U89/><E89/><V51/><F30/><W75/><G106/><T53/><D77/><U0/><E0/><V62/><F62/><W65/><G110/><T60/><D31/><U96/><E96/><V37/><F37/><W131/><G131/><T93/><D93/><U130/><E130/><V23/><F51/><W100/><G29/><T115/><D115/><U91/><E91/><V85/><REACH who="2" step="1"/><F23/><REACH who="2" ten="229,409,118,214" step="2"/><W7/><G69/><T132/><D22/><U58/><E38/><V63/><F63/><W1/><G70/><T14/><D28/><U94/><E44/><V20/><F20/><W56/><G1/><T26/><D60/><AGARI ba="1,3" hai="16,18,55,58,60,61,64,71,81,84,90,94,97,101" machi="60" ten="30,2000,0" yaku="7,1,54,1" doraHai="17" who="1" fromWho="0" sc="229,-23,409,53,118,0,214,0" owari="206,-19.4,462,56.2,118,-38.2,214,1.4" /></mjloggm>