<mjloggm ver="2.3"><GO type="169" lobby="0"/><UN n0="%E9%BB%92%E7%8C%AB%E3%81%AE%E3%83%8E%E3%83%B3" n1="%6B%75%73%6F%E6%AD%A3%E5%AE%97" n2="%E3%82%80%E3%83%BC%E3%82%93%E3%81%82%E3%81%84%E3%81%9A" n3="%6B%69%72%61%72%69%79%75" dan="16,16,16,16" rate="2093.70,2088.64,2108.09,2124.13" sx="M,M,M,M"/><TAIKYOKU oya="0"/><INIT seed="0,0,0,4,5,80" ten="250,250,250,250" oya="0" hai0="26,40,17,9,53,92,22,100,61,45,24,3,56" hai1="65,39,41,12,6,125,37,54,52,16,51,87,34" hai2="81,135,31,15,71,20,62,105,68,18,86,107,93" hai3="2,124,83,99,132,0,133,72,108,10,102,96,74"/><T1/><D26/><U119/><E119/><V88/><F135/><N who="3" m="51787" /><G108/><T82/><D9/><U95/><E34/><V58/><F31/><W104/><G10/><T69/><D69/><U123/><E123/><V70/><REACH who="2" step="1"/><F81/><REACH who="2" ten="250,250,240,250" step="2"/><W73/><G83/><T101/><D82/><U66/><E125/><V106/><F106/><N who="3" m="63815" /><G124/><T127/><D127/><U97/><E39/><V46/><F46/><W75/><G75/><T131/><D131/><U90/><E37/><V59/><F59/><W114/><G114/><T60/><D92/><U50/><E6/><V23/><F23/><W126/><G126/><T33/><D33/><U28/><E28/><V29/><F29/><W35/><G35/><T13/><D22/><N who="1" m="11527" /><E97/><V25/><F25/><W111/><G111/><T36/><D24/><U85/><E87/><V47/><F47/><W14/><G104/><T113/><D45/><N who="1" m="27727" /><E41/><V79/><F79/><W42/><G42/><T11/><D40/><U19/><E19/><V89/><F89/><W5/><G74/><T121/><D36/><U64/><E64/><AGARI ba="0,1" hai="15,18,20,58,62,64,68,70,71,86,88,93,105,107" machi="64" ten="40,8000,1" yaku="1,1,52,1,54,1,53,1" doraHai="80" doraHaiUra="8" who="2" fromWho="1" sc="250,0,250,-80,240,90,250,0" /><INIT seed="1,0,0,4,0,36" ten="250,170,330,250" oya="1" hai0="92,134,121,14,27,17,23,4,48,10,124,126,31" hai1="125,76,41,81,45,49,111,9,127,5,37,113,65" hai2="119,3,118,103,100,105,1,82,133,67,21,74,89" hai3="24,77,78,122,29,63,99,46,28,26,20,135,110"/><U57/><E113/><V52/><F67/><W35/><G122/><T11/><D92/><U62/><E111/><V69/><F69/><W71/><G110/><T97/><D97/><U53/><E53/><V43/><F43/><W22/><G135/><T40/><D134/><U56/><E56/><V115/><F133/><W86/><G35/><T54/><D40/><U47/><E47/><V0/><F115/><W34/><G34/><T66/><D66/><U85/><REACH who="1" step="1"/><E37/><REACH who="1" ten="250,160,330,250" step="2"/><V95/><F52/><W8/><G46/><T38/><D38/><U116/><E116/><V6/><F119/><W80/><G71/><T117/><D117/><U87/><E87/><V84/><F84/><W39/><G39/><T128/><D121/><U132/><E132/><V98/><F118/><W91/><G99/><T25/><D54/><U131/><E131/><V50/><F98/><W73/><G73/><T51/><D128/><U64/><E64/><V93/><F74/><W2/><G63/><T13/><D51/><U79/><E79/><V83/><F50/><W60/><G60/><T106/><D48/><U44/><E44/><V19/><F105/><W123/><G123/><T33/><REACH who="0" step="1"/><D106/><REACH who="0" ten="240,160,330,250" step="2"/><U32/><E32/><V108/><F108/><W102/><G102/><T7/><AGARI ba="0,2" hai="4,7,10,11,13,14,17,23,25,27,31,33,124,126" machi="7" ten="30,16000,3" yaku="1,1,2,1,0,1,9,1,34,3,53,1" doraHai="36" doraHaiUra="16" who="0" fromWho="0" sc="240,180,160,-80,330,-40,250,-40" /><INIT seed="2,0,0,1,1,93" ten="420,80,290,210" oya="2" hai0="23,78,34,121,71,124,39,97,58,52,134,26,53" hai1="72,95,10,6,107,119,118,24,69,91,84,115,126" hai2="108,27,22,94,49,45,96,4,81,117,1,86,30" hai3="42,15,20,77,123,47,43,112,116,14,37,38,50"/><V102/><F108/><W33/><G33/><T131/><D121/><U85/><E72/><V113/><F117/><W17/><G123/><T57/><D71/><U63/><E115/><V21/><F113/><W8/><G112/><T88/><D34/><U40/><E107/><V54/><F1/><W100/><G116/><T120/><D120/><U51/><E126/><V64/><F64/><W3/><G3/><T89/><D39/><U125/><E125/><V0/><F0/><W61/><G77/><T98/><D124/><U99/><E24/><V110/><F110/><W87/><G100/><T48/><D78/><U106/><E84/><V62/><F4/><W11/><G87/><T5/><D5/><U80/><E106/><V16/><F62/><W79/><G79/><T92/><D131/><U12/><E63/><V83/><F86/><W59/><G43/><T75/><D98/><U114/><E69/><V128/><F128/><W76/><G20/><T105/><D105/><U68/><E68/><V13/><AGARI ba="0,0" hai="13,16,21,22,27,30,45,49,54,81,83,94,96,102" machi="13" ten="20,12000,1" yaku="0,1,7,1,8,1,52,1,54,1" doraHai="93" who="2" fromWho="2" sc="420,-40,80,-40,290,120,210,-40" /><INIT seed="2,1,0,3,3,5" ten="380,40,410,170" oya="2" hai0="95,100,108,57,42,76,101,61,113,117,83,59,102" hai1="128,66,14,10,60,115,16,56,9,6,15,103,135" hai2="68,28,27,37,112,129,123,30,85,97,79,65,107" hai3="47,2,131,86,124,92,71,93,35,50,98,75,40"/><V54/><F37/><W43/><G75/><T84/><D113/><U11/><E115/><V8/><F54/><W4/><G35/><T44/><D108/><U7/><E128/><V24/><F123/><W51/><G71/><T78/><D117/><U45/><E135/><V12/><F112/><W67/><G67/><T96/><D76/><U20/><E103/><V25/><F129/><W49/><G131/><T80/><D80/><U34/><E34/><V114/><F114/><W119/><G119/><T36/><REACH who="0" step="1"/><D59/><REACH who="0" ten="370,40,410,170" step="2"/><U18/><E45/><V0/><F79/><W77/><G77/><T130/><D130/><U127/><E127/><V19/><F68/><W134/><G47/><T22/><D22/><AGARI ba="1,1" hai="6,7,9,10,11,14,15,16,18,20,22,56,60,66" machi="22" ten="40,12000,2" yaku="9,1,8,1,52,3,54,1" doraHai="5" who="1" fromWho="0" sc="370,-123,40,133,410,0,170,0" /><INIT seed="3,0,0,1,2,91" ten="247,173,410,170" oya="3" hai0="130,16,118,124,134,9,112,82,62,125,133,89,6" hai1="92,105,58,115,63,81,84,52,14,101,83,57,96" hai2="117,27,18,4,78,26,41,88,68,43,7,73,100" hai3="19,74,55,49,113,12,2,17,3,47,104,80,129"/><W40/><G104/><T131/><D118/><U111/><E115/><V51/><F88/><W61/><G113/><T34/><D112/><U72/><E111/><V99/><F68/><W76/><G129/><N who="0" m="49163" /><D62/><U13/><E105/><V29/><F18/><W94/><G19/><T32/><D16/><U119/><E119/><V75/><F117/><W110/><G110/><T107/><D107/><U79/><REACH who="1" step="1"/><E58/><REACH who="1" ten="247,163,410,170" step="2"/><V69/><F69/><W59/><REACH who="3" step="1"/><G94/><REACH who="3" ten="247,163,410,160" step="2"/><T86/><D134/><U116/><E116/><V45/><F75/><W77/><G77/><AGARI ba="0,2" hai="13,14,52,57,63,72,77,79,81,83,84,92,96,101" machi="77" ten="30,7700,0" yaku="1,1,7,1,52,1,54,1,53,0" doraHai="91" doraHaiUra="122" who="1" fromWho="3" sc="247,0,163,97,410,0,160,-77" /><INIT seed="4,0,0,1,0,123" ten="247,260,410,83" oya="0" hai0="30,84,22,69,24,0,133,115,55,29,118,12,131" hai1="114,17,87,66,132,67,101,111,31,70,103,58,96" hai2="80,15,119,135,25,104,120,62,11,32,76,102,82" hai3="27,16,49,92,129,99,28,75,91,56,121,41,125"/><T7/><D118/><U35/><E132/><V77/><F120/><W46/><G75/><T79/><D69/><U10/><E70/><V71/><F119/><W109/><G121/><T45/><D0/><U33/><E31/><V18/><F135/><W40/><G129/><T59/><D133/><U4/><E17/><V81/><F102/><W128/><G128/><T9/><D131/><U113/><E87/><V52/><F104/><W122/><G122/><T95/><D115/><N who="1" m="44043" /><E101/><V110/><F110/><W3/><G3/><T64/><D64/><N who="1" m="24619" /><E58/><N who="2" m="35143" /><F32/><W38/><G125/><T72/><D72/><U34/><E111/><V86/><F71/><W100/><G109/><T65/><D30/><U98/><E103/><V53/><F77/><W5/><G5/><T13/><D65/><U127/><E127/><V47/><F25/><W124/><G124/><T73/><D73/><U6/><E6/><V61/><F61/><W51/><G100/><T42/><D13/><AGARI ba="0,0" hai="4,10,13,33,34,35,96,98" m="24619,44043" machi="13" ten="40,2600,0" yaku="15,1,11,1" doraHai="123" who="1" fromWho="0" sc="247,-26,260,26,410,0,83,0" /><INIT seed="5,0,0,3,4,108" ten="221,286,410,83" oya="1" hai0="111,52,98,49,133,29,26,94,62,117,86,77,74" hai1="1,43,5,91,51,101,80,88,14,68,127,25,45" hai2="119,15,34,126,95,82,38,84,44,89,114,122,3" hai3="37,92,107,128,79,46,105,17,113,116,23,76,96"/><U104/><E127/><V20/><F3/><W47/><G128/><T61/><D111/><U33/><E1/><V9/><F34/><W65/><G65/><T19/><D74/><U55/><E68/><V60/><F20/><W118/><G37/><T53/><D117/><N who="3" m="45161" /><G47/><T50/><D133/><U83/><E104/><N who="3" m="40010" /><G46/><N who="0" m="27831" /><D29/><U131/><E101/><V40/><F60/><W85/><G23/><N who="0" m="13695" /><D86/><U121/><E131/><V103/><F15/><W30/><G17/><T11/><D77/><N who="3" m="29769" /><G30/><T125/><D11/><N who="1" m="4463" /><E33/><V24/><F9/><W2/><G2/><T56/><D125/><U35/><E35/><V90/><F44/><W28/><G28/><T42/><D42/><U97/><E25/><V112/><F40/><W31/><G31/><T124/><D124/><U130/><E130/><V66/><F38/><W71/><G71/><T54/><D54/><U87/><E43/><V18/><F66/><W58/><G58/><T123/><D62/><U132/><E55/><V115/><F126/><W63/><G63/><T72/><D61/><U10/><E10/><V110/><F110/><W27/><G27/><T67/><D67/><U134/><E45/><V129/><F24/><W69/><G69/><T75/><D56/><U4/><E51/><V48/><F129/><W70/><G70/><T8/><D50/><U106/><E4/><V120/><F48/><W6/><G6/><T57/><D57/><U78/><E132/><V22/><F119/><W16/><G16/><T0/><D52/><U41/><E134/><V13/><F115/><W12/><G113/><T32/><D0/><U93/><E41/><RYUUKYOKU ba="0,0" sc="221,0,286,0,410,0,83,0" /><INIT seed="6,1,0,2,3,125" ten="221,286,410,83" oya="2" hai0="11,115,83,51,56,15,28,79,72,82,118,114,47" hai1="36,37,2,69,63,108,124,3,77,32,100,123,62" hai2="60,88,135,1,54,43,10,101,31,52,76,67,44" hai3="55,13,12,103,111,81,117,73,84,9,41,50,104"/><V66/><F101/><W39/><G117/><T99/><D118/><U71/><E108/><V53/><F135/><W116/><G116/><T121/><D121/><U20/><E100/><V29/><F76/><W93/><G111/><T38/><D28/><N who="2" m="10826" /><F1/><W109/><G109/><T128/><D83/><U105/><E77/><V75/><F75/><W131/><G39/><T23/><D23/><U18/><E20/><V59/><F10/><W94/><G73/><T68/><D68/><U112/><E124/><V97/><F43/><W130/><G41/><T35/><D79/><U106/><E18/><V58/><F44/><W89/><G104/><T0/><D11/><U22/><E22/><V61/><F88/><W85/><G103/><T48/><D47/><U110/><E110/><V129/><F129/><N who="3" m="49163" /><G85/><T113/><D128/><U107/><E107/><V126/><F126/><W34/><G34/><T98/><D35/><U30/><E32/><V6/><F97/><W42/><G42/><T87/><D72/><U5/><E37/><V132/><F132/><W102/><G102/><T127/><D38/><U16/><E36/><V86/><F86/><W134/><G134/><T133/><D133/><U8/><E106/><V70/><F70/><W45/><G13/><T19/><D127/><U49/><E105/><V7/><AGARI ba="1,0" hai="6,7,52,53,54,58,59,60,61,66,67" m="10826" machi="7" ten="30,3000,0" yaku="8,1,54,1" doraHai="125" who="2" fromWho="2" sc="221,-11,286,-11,410,33,83,-11" /><INIT seed="6,2,0,0,0,86" ten="210,275,443,72" oya="2" hai0="115,34,95,36,35,116,29,67,44,91,40,134,49" hai1="53,69,5,85,122,100,62,110,103,102,4,46,19" hai2="2,92,26,32,133,9,23,129,56,77,58,93,107" hai3="126,37,0,121,135,68,76,101,30,127,16,120,70"/><V8/><F107/><W98/><G37/><T12/><D115/><U124/><E110/><V131/><F32/><W11/><G76/><T74/><D74/><U1/><E124/><V55/><F77/><W117/><G117/><T3/><D3/><U97/><E97/><V75/><F75/><W22/><G68/><T43/><D116/><U59/><E1/><V94/><F55/><W99/><G70/><T60/><D134/><U10/><E69/><V13/><F9/><W72/><G72/><T63/><D40/><U80/><E46/><V79/><F92/><W24/><G99/><T21/><D60/><U28/><E28/><V90/><F93/><W48/><G48/><T119/><D36/><U64/><E64/><V111/><F94/><W112/><G135/><T78/><D78/><N who="1" m="46231" /><E122/><V15/><F2/><W123/><G112/><T105/><D105/><U106/><E106/><V45/><F133/><W6/><REACH who="3" step="1"/><G30/><REACH who="3" ten="210,275,443,62" step="2"/><T33/><D49/><U47/><E47/><V108/><F111/><W38/><G38/><T20/><D29/><U88/><E102/><V7/><F108/><W27/><G27/><T31/><D119/><U96/><E100/><V118/><F118/><W104/><AGARI ba="2,1" hai="0,6,11,16,22,24,98,101,104,120,121,123,126,127" machi="104" ten="40,5200,0" yaku="1,1,0,1,54,1,53,0" doraHai="86" doraHaiUra="39" who="3" fromWho="3" sc="210,-15,275,-15,443,-28,62,68" /><INIT seed="7,0,0,3,4,29" ten="195,260,415,130" oya="3" hai0="75,72,125,25,71,34,66,106,88,98,38,68,105" hai1="91,22,41,78,108,120,17,114,62,133,50,45,56" hai2="13,90,134,130,93,128,6,97,115,15,1,89,21" hai3="74,69,11,54,104,135,94,92,16,26,3,28,65"/><W48/><G104/><T0/><D0/><U96/><E108/><V129/><F115/><W76/><G135/><T9/><D125/><U42/><E114/><V80/><F134/><W32/><G69/><N who="0" m="26699" /><D9/><U18/><E120/><V81/><F21/><W64/><G74/><N who="0" m="28203" /><D88/><U121/><E121/><V4/><F90/><W111/><G111/><T57/><D57/><U67/><E78/><V40/><F40/><W59/><G76/><T55/><D55/><U95/><E133/><V43/><F43/><W27/><G3/><T60/><D60/><U79/><E79/><V10/><F6/><W53/><G53/><T118/><D66/><U24/><E42/><V19/><F1/><W8/><G65/><T2/><D2/><U122/><E122/><V49/><F49/><W58/><G8/><T73/><D73/><U112/><E112/><V39/><F39/><W83/><G83/><T82/><D82/><U77/><E77/><V5/><F19/><AGARI ba="0,0" hai="17,18,19,22,24,41,45,50,56,62,67,91,95,96" machi="19" ten="30,2000,0" yaku="7,1,8,1" doraHai="29" who="1" fromWho="2" sc="195,0,260,20,415,-20,130,0" owari="195,-20.5,280,8.0,395,49.5,130,-37.0" /></mjloggm>