<mjloggm ver="2.3"><GO type="169" lobby="0"/><UN n0="%E3%83%AA%E3%83%BC%E3%83%81%E3%83%89%E3%83%A9" n1="%E6%9D%BE%E5%8E%9F%E4%B8%8D%E7%8B%97" n2="%E3%81%9F%E3%81%8B%E3%81%AF%E3%81%97%E3%81%83%E3%81%83%E3%81%83" n3="%52%59%4F%30%31%31%36" dan="17,16,16,16" rate="2190.18,2093.54,2140.65,2133.53" sx="M,M,M,M"/><TAIKYOKU oya="0"/><INIT seed="0,0,0,0,1,17" ten="250,250,250,250" oya="0" hai0="3,117,122,75,28,62,114,124,0,10,108,96,134" hai1="115,86,12,87,16,14,25,69,93,21,36,119,37" hai2="39,56,43,81,97,109,79,132,100,127,5,29,133" hai3="91,26,88,27,121,106,95,102,64,111,65,24,94"/><T48/><D75/><U38/><E119/><V120/><F120/><W71/><G121/><T6/><D122/><U104/><E104/><V49/><F109/><W19/><G111/><T80/><D108/><U63/><E115/><V4/><F127/><W15/><G106/><T1/><D117/><U116/><E116/><V57/><F39/><W22/><G102/><T40/><D114/><U42/><E42/><V85/><F29/><W34/><G34/><T70/><D124/><U101/><E69/><V2/><F43/><W67/><G71/><T103/><D134/><N who="2" m="51818" /><F49/><W51/><G51/><T107/><D80/><U53/><E63/><V84/><F84/><W32/><G32/><T68/><D40/><U118/><E53/><V58/><F2/><W82/><G82/><T90/><D48/><U9/><E118/><V47/><F47/><W73/><G73/><T41/><D41/><U99/><REACH who="1" step="1"/><E14/><REACH who="1" ten="250,240,250,250" step="2"/><V11/><F11/><W33/><G33/><T83/><D1/><U72/><E72/><V92/><AGARI ba="0,1" hai="4,5,56,57,58,79,81,85,92,97,100" m="51818" machi="92" ten="30,1100,0" yaku="20,1" doraHai="17" who="2" fromWho="2" sc="250,-5,240,-3,250,21,250,-3" /><INIT seed="1,0,0,0,5,32" ten="245,237,271,247" oya="1" hai0="30,93,123,124,27,22,55,94,57,69,51,120,125" hai1="74,119,116,97,26,105,66,95,42,4,14,131,82" hai2="88,44,70,49,15,68,9,19,36,75,63,52,20" hai3="78,132,5,39,33,76,67,96,23,135,21,58,72"/><U114/><E114/><V126/><F126/><N who="0" m="48746" /><D69/><U18/><E105/><V79/><F36/><W87/><G33/><T10/><D10/><U108/><E131/><V121/><F121/><AGARI ba="0,0" hai="22,27,30,51,55,57,93,94,120,121,123" m="48746" machi="121" ten="30,2000,0" yaku="13,1,18,1" doraHai="32" who="0" fromWho="2" sc="245,20,237,0,271,-20,247,0" /><INIT seed="2,0,0,2,1,18" ten="265,237,251,247" oya="2" hai0="4,77,78,2,23,66,47,48,39,99,107,76,11" hai1="108,120,17,3,128,6,75,40,58,89,30,105,49" hai2="80,131,102,42,68,71,55,22,16,135,43,93,25" hai3="1,24,83,119,7,90,103,21,65,31,117,112,116"/><V19/><F131/><W133/><G103/><T54/><D39/><U109/><E75/><V87/><F135/><W20/><G133/><T127/><D127/><U74/><E74/><V44/><F71/><W12/><G65/><T121/><D121/><U126/><E105/><V36/><F68/><W122/><G122/><T15/><D66/><U95/><E30/><V29/><F42/><W34/><G1/><T124/><D124/><U132/><E6/><V8/><F55/><W101/><G101/><T104/><D99/><U0/><E128/><V113/><F113/><W70/><G70/><T79/><N who="0" m="19456" /><DORA hai="10" /><T73/><REACH who="0" step="1"/><D73/><REACH who="0" ten="255,237,251,247" step="2"/><U52/><E126/><V50/><F36/><W14/><G112/><T81/><D81/><U82/><E82/><V123/><F123/><W84/><REACH who="3" step="1"/><G7/><REACH who="3" ten="255,237,251,237" step="2"/><T9/><D9/><U63/><E120/><V33/><F8/><W64/><G64/><T59/><D59/><U51/><E58/><V28/><F102/><W114/><G114/><T67/><D67/><U106/><E132/><V96/><F44/><W125/><G125/><T26/><D26/><U88/><E0/><V134/><F25/><W60/><G60/><T62/><D62/><U32/><E3/><V5/><F5/><W100/><G100/><T97/><D97/><U61/><E63/><V98/><F96/><W57/><G57/><T69/><D69/><U129/><E61/><V86/><F98/><W94/><G94/><T72/><D72/><U45/><E95/><V27/><F93/><W37/><G37/><T111/><D111/><U118/><E109/><V46/><F134/><RYUUKYOKU ba="0,2" sc="255,15,237,-15,251,-15,237,15" hai0="2,4,11,15,23,47,48,54,104,107" hai3="12,14,20,21,24,31,34,83,84,90,116,117,119" /><INIT seed="3,1,2,0,2,71" ten="270,222,236,252" oya="3" hai0="66,68,70,84,64,47,42,82,103,90,27,15,111" hai1="117,127,0,86,78,92,24,32,98,76,11,28,93" hai2="16,56,57,3,25,10,55,129,29,7,60,123,131" hai3="100,43,105,53,46,134,112,120,104,6,2,62,8"/><W99/><G112/><T1/><D1/><U67/><E127/><V115/><F115/><W96/><G120/><T12/><D111/><U119/><E67/><V116/><F116/><N who="1" m="44617" /><E86/><V77/><F123/><W102/><G134/><T109/><D109/><U45/><E45/><V52/><F77/><N who="1" m="29801" /><E98/><V19/><F129/><W35/><G35/><T50/><D103/><U113/><E113/><V81/><F81/><W94/><G62/><T37/><D68/><U97/><E97/><V89/><F89/><W74/><G53/><T121/><D121/><U75/><E75/><V124/><F131/><W122/><G122/><T26/><D70/><U18/><E18/><V110/><F124/><W79/><G94/><T87/><D47/><U9/><E9/><V65/><F110/><W107/><G105/><T73/><D73/><U80/><E80/><V54/><REACH who="2" step="1"/><F56/><REACH who="2" ten="270,222,226,252" step="2"/><W33/><G79/><T51/><D90/><U130/><E130/><V30/><F30/><W135/><G74/><T126/><D82/><U114/><E114/><V58/><F58/><W40/><G135/><T88/><D88/><U4/><AGARI ba="1,3" hai="0,4,11,24,28,32,92,93" m="29801,44617" machi="4" ten="30,1100,0" yaku="12,1" doraHai="71" who="1" fromWho="1" sc="270,-4,222,44,226,-4,252,-6" /><INIT seed="4,0,0,1,1,75" ten="266,266,222,246" oya="0" hai0="131,38,132,37,12,130,92,65,15,83,127,118,4" hai1="61,108,21,13,58,95,33,67,129,28,112,85,45" hai2="128,77,90,96,46,32,117,66,113,39,40,124,100" hai3="84,91,122,16,101,120,86,18,125,5,0,6,110"/><T47/><D118/><U106/><E108/><V2/><F117/><W73/><G73/><T103/><D132/><U63/><E106/><V22/><F32/><W119/><G119/><T87/><D65/><U31/><E33/><V99/><F113/><W126/><G101/><T114/><D114/><U105/><E105/><V57/><F124/><W9/><G110/><T24/><D127/><U27/><E129/><N who="0" m="49161" /><D24/><U53/><E112/><V121/><F121/><W94/><G5/><T48/><D92/><U116/><E13/><N who="0" m="5193" /><D103/><U35/><E116/><V76/><F2/><W56/><G126/><T14/><N who="0" m="5201" /><T123/><DORA hai="70" /><D4/><U17/><E35/><V30/><F128/><W134/><G125/><T81/><D123/><U93/><E93/><V19/><F100/><W133/><G122/><T10/><D10/><U98/><E67/><V102/><F102/><W60/><G120/><T104/><D104/><U36/><E95/><V135/><F135/><W49/><G134/><T88/><D83/><U72/><E27/><V50/><F66/><W89/><G133/><T29/><D29/><U20/><E28/><V111/><F30/><W44/><G0/><T41/><AGARI ba="0,0" hai="37,38,41,47,48,81,87,88" m="5201,49161" machi="41" ten="40,12000,1" yaku="19,1,52,2,54,1" doraHai="75,70" who="0" fromWho="0" sc="266,120,266,-40,222,-40,246,-40" /><INIT seed="4,1,0,0,3,115" ten="386,226,182,206" oya="0" hai0="83,114,43,7,0,73,74,70,88,92,117,67,33" hai1="95,93,1,69,81,26,35,5,124,41,39,127,49" hai2="84,131,42,71,78,109,53,89,28,22,122,29,45" hai3="72,99,94,27,90,31,86,44,68,61,66,85,52"/><T9/><D114/><U23/><E39/><V77/><F122/><W108/><G108/><T2/><D33/><U54/><E41/><V107/><F109/><W65/><G72/><T134/><D134/><U4/><E69/><V126/><F107/><W96/><G66/><T38/><D2/><U110/><E35/><V6/><F71/><W55/><G86/><T79/><D74/><U80/><E110/><V14/><F126/><W12/><G12/><T50/><D50/><U34/><E34/><V103/><F103/><W60/><G55/><T125/><D125/><U133/><E133/><V116/><F53/><W8/><G8/><T25/><D25/><U104/><E26/><V87/><F87/><W102/><G102/><T135/><D135/><U18/><E54/><V91/><F91/><W112/><G112/><T101/><D101/><U129/><E1/><V119/><F131/><W121/><G121/><T106/><D106/><U100/><E104/><V36/><F6/><W24/><G24/><T64/><D70/><U48/><E129/><V20/><F14/><W75/><G75/><T105/><D105/><U51/><E100/><V82/><F28/><W118/><G118/><N who="2" m="45097" /><F29/><W32/><REACH who="3" step="1"/><G61/><REACH who="3" ten="386,226,182,196" step="2"/><T113/><D117/><U10/><E127/><V128/><F128/><W132/><G132/><T15/><D113/><U37/><E124/><V57/><F57/><W63/><G63/><T98/><D15/><U13/><E13/><V56/><F56/><W3/><G3/><T47/><AGARI ba="1,1" hai="0,7,9,38,43,47,64,67,73,79,83,88,92,98" machi="47" ten="30,11700,0" yaku="0,1,25,2,54,1" doraHai="115" who="0" fromWho="0" sc="386,130,226,-40,182,-40,196,-40" /><INIT seed="4,2,0,4,4,84" ten="516,186,142,156" oya="0" hai0="71,17,97,88,40,133,26,58,76,135,37,75,78" hai1="11,52,8,30,39,49,99,15,61,29,116,47,51" hai2="77,18,54,14,104,35,20,59,93,21,48,92,45" hai3="90,79,117,56,81,124,119,108,100,0,121,28,134"/><T113/><D71/><U13/><E39/><V2/><F35/><W82/><G0/><T109/><D113/><U87/><E116/><V89/><F104/><W96/><G28/><T16/><D109/><U50/><E99/><V65/><F2/><W3/><G3/><T98/><D58/><N who="1" m="35015" /><E47/><V83/><F92/><W57/><G108/><T70/><D70/><U123/><E123/><V66/><F20/><W107/><G57/><T126/><D126/><U103/><E103/><V106/><F106/><W12/><G56/><T55/><D55/><U67/><E67/><V74/><REACH who="2" step="1"/><F45/><REACH who="2" ten="516,186,132,156" step="2"/><W111/><G111/><T34/><D34/><U125/><E125/><V73/><F73/><N who="3" m="43247" /><G124/><T32/><D32/><U53/><E11/><V115/><F115/><W105/><G107/><T101/><D26/><U91/><E8/><V112/><F112/><W24/><G24/><T120/><D75/><U129/><E129/><V19/><F19/><W110/><G110/><T127/><D127/><U102/><E29/><V44/><F44/><W9/><G9/><T114/><D114/><U131/><E30/><V128/><F128/><W6/><G6/><T33/><D33/><U60/><E131/><V42/><F42/><W62/><G105/><T95/><D17/><U1/><E1/><V122/><F122/><W25/><G121/><T10/><D120/><U63/><E13/><V43/><F43/><W38/><G12/><N who="0" m="7191" /><D40/><U46/><E15/><V130/><F130/><W31/><G25/><T27/><D27/><U85/><E46/><V23/><F23/><W36/><G119/><T7/><D7/><RYUUKYOKU ba="2,1" sc="516,-10,186,-10,132,30,156,-10" hai2="14,18,21,48,54,59,65,66,74,77,83,89,93" /><INIT seed="5,3,1,0,3,102" ten="506,176,162,146" oya="1" hai0="34,84,11,76,105,1,68,53,19,10,70,120,12" hai1="113,45,126,100,24,82,63,88,91,33,87,3,97" hai2="90,14,86,31,93,30,101,22,85,59,6,71,119" hai3="4,133,57,69,42,5,95,46,72,106,55,20,135"/><U81/><E3/><V16/><F71/><W27/><G69/><T110/><D34/><U50/><E113/><V40/><F119/><W115/><G72/><T129/><D110/><U2/><E2/><V66/><F40/><W128/><G95/><T56/><D105/><U107/><E126/><V52/><F66/><W17/><G106/><T125/><D125/><U112/><E63/><V0/><F101/><W9/><G128/><T8/><D129/><U29/><E112/><V111/><F111/><W35/><G35/><T124/><D124/><U83/><REACH who="1" step="1"/><E91/><REACH who="1" ten="506,166,162,146" step="2"/><N who="2" m="53487" /><F0/><W51/><G115/><T64/><D1/><U15/><E15/><V121/><F121/><W26/><G27/><T78/><D120/><U43/><AGARI ba="3,2" hai="24,29,33,43,45,50,81,82,83,87,88,97,100,107" machi="43" ten="20,12000,1" yaku="1,1,0,1,7,1,52,1,54,1,53,0" doraHai="102" doraHaiUra="118" who="1" fromWho="1" sc="506,-43,166,149,162,-43,146,-43" /><INIT seed="5,4,0,1,1,22" ten="463,315,119,103" oya="1" hai0="26,97,77,6,104,59,3,21,34,20,14,102,41" hai1="90,8,100,18,91,79,111,87,128,80,56,61,108" hai2="29,129,110,86,123,67,81,40,84,58,57,134,23" hai3="127,94,35,107,106,64,70,46,31,4,93,72,13"/><U120/><E128/><V122/><F110/><N who="1" m="42025" /><E120/><V44/><F129/><W133/><G72/><T0/><D77/><U62/><E100/><V135/><F57/><W113/><G64/><T82/><D82/><U96/><E96/><V73/><F73/><W48/><G70/><T71/><D71/><U118/><E118/><V52/><F67/><W42/><G113/><T12/><D41/><U68/><E68/><V50/><F29/><W92/><G127/><T28/><D59/><U132/><E132/><N who="2" m="50731" /><F23/><N who="0" m="8778" /><D97/><U69/><E69/><V115/><F115/><W15/><G133/><T27/><D102/><U109/><E109/><V30/><F30/><W51/><G48/><T43/><D43/><U76/><E76/><N who="2" m="46119" /><F86/><W131/><G131/><T17/><D104/><U24/><E61/><AGARI ba="4,0" hai="40,44,50,52,58,61,122,123" m="46119,50731" machi="61" ten="30,2000,0" yaku="20,1,54,1" doraHai="22" who="2" fromWho="1" sc="463,0,315,-32,119,32,103,0" /><INIT seed="6,0,0,1,3,23" ten="463,283,151,103" oya="2" hai0="108,62,83,51,90,33,26,79,91,52,39,100,57" hai1="58,123,129,4,120,85,60,38,68,109,43,118,86" hai2="89,42,64,50,93,61,3,66,18,22,67,134,107" hai3="69,96,48,40,17,25,102,131,10,16,28,2,54"/><V15/><F107/><W114/><G69/><T81/><D33/><U59/><E109/><V84/><F3/><W126/><G131/><T106/><D39/><U104/><E68/><V27/><F134/><W44/><G126/><T49/><D108/><U125/><E38/><V88/><F89/><N who="0" m="33802" /><D106/><U11/><E4/><V55/><F42/><W34/><G114/><T130/><D100/><U72/><E43/><V21/><F61/><W77/><G77/><T122/><D122/><U73/><E60/><V111/><F111/><W105/><REACH who="3" step="1"/><G40/><REACH who="3" ten="463,283,151,93" step="2"/><T70/><D70/><U1/><E125/><V9/><REACH who="2" step="1"/><F27/><REACH who="2" ten="463,283,141,93" step="2"/><W117/><G117/><T94/><D26/><U35/><E118/><V87/><F87/><W124/><G124/><T24/><D24/><U5/><E85/><V121/><F121/><W74/><G74/><T12/><D130/><U63/><E86/><V45/><AGARI ba="0,2" hai="9,15,18,21,22,45,50,55,64,66,67,84,88,93" machi="45" ten="30,11700,0" yaku="1,1,0,1,8,1,54,1,53,0" doraHai="23" doraHaiUra="53" who="2" fromWho="2" sc="463,-39,283,-39,141,137,93,-39" /><INIT seed="6,1,0,1,2,16" ten="424,244,278,54" oya="2" hai0="65,17,92,26,107,18,5,112,97,36,89,59,108" hai1="117,78,53,48,70,120,44,76,37,128,9,125,77" hai2="66,61,129,25,57,121,7,73,52,43,133,28,1" hai3="86,39,106,38,130,35,42,104,55,115,80,131,45"/><V110/><F121/><W23/><G35/><T119/><D108/><U82/><E70/><V90/><F129/><W81/><G39/><T126/><D36/><U2/><E117/><V12/><F1/><W93/><G93/><T29/><D119/><U103/><E103/><V47/><F73/><W3/><G3/><T32/><D112/><U67/><E67/><V0/><F0/><W54/><G115/><T134/><D5/><U27/><E125/><V95/><F133/><W101/><G101/><T62/><D134/><U30/><E37/><V98/><F110/><W100/><G100/><T132/><D126/><U96/><E96/><V50/><F12/><W91/><G81/><T64/><D107/><U58/><E82/><V63/><F7/><W21/><G55/><T113/><D113/><U135/><E135/><V87/><F87/><W69/><G69/><T49/><D132/><U10/><E2/><V46/><F63/><W75/><G75/><T79/><D79/><U111/><E111/><V71/><REACH who="2" step="1"/><F43/><REACH who="2" ten="424,244,268,54" step="2"/><W85/><G86/><T40/><D40/><U24/><E128/><N who="3" m="49194" /><G54/><T56/><D65/><U34/><E53/><V11/><F11/><W33/><G33/><AGARI ba="1,1" hai="25,28,33,46,47,50,52,57,61,66,71,90,95,98" machi="33" ten="30,11600,0" yaku="1,1,7,1,54,1,53,1" doraHai="16" doraHaiUra="22" who="2" fromWho="3" sc="424,0,244,0,268,129,54,-119" owari="424,52.4,244,-15.6,397,19.7,-65,-56.5" /></mjloggm>