<mjloggm ver="2.3"><GO type="169" lobby="0"/><UN n0="%E4%BF%BA%E3%81%A7%E3%81%99" n1="%E3%82%89%E3%81%84%E3%81%82%E3%82%93%E3%81%98%E3%82%83%E3%82%93" n2="%E4%B9%85%E4%BF%9D%E3%82%B7%E3%82%AA%E3%83%AA" n3="%E3%81%8A%E3%81%98%E3%81%95%E3%82%93" dan="16,16,16,19" rate="2092.19,2100.99,2023.49,2268.89" sx="M,M,M,M"/><TAIKYOKU oya="0"/><INIT seed="0,0,0,0,3,31" ten="250,250,250,250" oya="0" hai0="123,117,118,44,110,82,43,121,36,39,13,35,32" hai1="55,89,5,54,60,41,77,92,125,111,24,61,74" hai2="38,46,9,80,27,52,70,2,66,119,126,93,15" hai3="81,12,8,6,19,97,83,76,127,40,101,116,129"/><T71/><D82/><U56/><E111/><V94/><F126/><W114/><G114/><T17/><D110/><U113/><E125/><V65/><F2/><W86/><G127/><T53/><D71/><U29/><E113/><V64/><F70/><W135/><G116/><N who="0" m="44651" /><D13/><U68/><E41/><V73/><F119/><W104/><G129/><T48/><D17/><U11/><E74/><V1/><F27/><W134/><G19/><T33/><D53/><U100/><E100/><V26/><F26/><W124/><G124/><T106/><D48/><U59/><E77/><V79/><F52/><W49/><REACH who="3" step="1"/><G83/><REACH who="3" ten="250,250,250,240" step="2"/><T103/><D123/><U50/><E11/><V28/><F80/><W14/><G14/><T51/><D121/><U21/><E5/><V115/><F9/><W42/><G42/><T16/><D16/><U133/><E133/><V109/><F15/><W75/><G75/><T130/><D130/><U105/><E105/><V96/><F73/><W88/><G88/><T63/><D106/><U85/><REACH who="1" step="1"/><E68/><REACH who="1" ten="250,240,250,240" step="2"/><V22/><F115/><W18/><G18/><T58/><D103/><U30/><E30/><V78/><F28/><W62/><G62/><AGARI ba="0,2" hai="21,24,29,50,54,55,56,59,60,61,62,85,89,92" machi="62" ten="30,3900,0" yaku="1,1,7,1,8,1,53,0" doraHai="31" doraHaiUra="4" who="1" fromWho="3" sc="250,0,240,59,250,0,240,-39" /><INIT seed="1,0,0,3,4,114" ten="250,299,250,201" oya="1" hai0="127,61,4,99,124,54,70,67,94,41,35,75,45" hai1="98,113,21,112,63,72,26,89,126,57,71,129,66" hai2="55,106,77,12,28,86,3,31,130,95,90,13,91" hai3="44,51,74,1,82,101,36,132,59,38,92,80,53"/><U64/><E129/><V87/><F106/><W43/><G132/><T116/><D75/><U15/><E126/><N who="0" m="48169" /><D35/><U42/><E72/><V105/><F105/><W47/><G1/><T39/><D4/><U109/><E109/><V118/><F55/><W108/><G108/><T16/><D16/><U135/><E42/><V68/><F68/><W52/><G74/><T32/><D32/><U122/><E135/><V20/><F20/><W23/><G23/><T133/><D133/><U17/><E122/><V123/><F123/><W93/><G36/><T81/><D81/><U73/><E73/><V69/><F69/><W131/><G131/><T62/><D94/><U115/><E89/><V6/><F77/><W85/><G101/><T88/><D88/><U60/><REACH who="1" step="1"/><E98/><REACH who="1" ten="250,289,250,201" step="2"/><V125/><F130/><W117/><G82/><T119/><D99/><U128/><E128/><V29/><F91/><W48/><REACH who="3" step="1"/><G117/><REACH who="3" ten="250,289,250,191" step="2"/><T84/><D84/><U2/><E2/><V24/><F86/><W30/><G30/><T97/><D97/><U58/><E58/><AGARI ba="0,2" hai="39,41,45,54,58,61,62,67,70,116,119" m="48169" machi="58" ten="30,8000,1" yaku="18,1,34,2,52,2" doraHai="114" who="0" fromWho="1" sc="250,100,289,-80,250,0,191,0" /><INIT seed="2,0,0,1,5,24" ten="350,209,250,191" oya="2" hai0="85,49,102,99,122,119,22,61,55,15,95,52,79" hai1="21,128,78,87,37,107,69,33,2,104,105,47,64" hai2="46,28,56,80,39,59,54,29,62,82,84,57,106" hai3="126,96,97,1,110,108,18,127,12,3,50,133,92"/><V19/><F106/><W130/><G50/><T131/><D122/><U5/><E128/><V42/><F80/><W66/><G66/><T77/><D131/><U86/><E33/><V10/><F57/><W16/><G130/><T114/><D114/><U35/><E35/><V40/><F40/><W65/><G65/><T60/><D119/><U36/><E78/><N who="0" m="29705" /><D85/><U116/><E116/><V76/><F59/><W38/><G38/><T88/><D102/><U44/><E64/><V81/><F81/><W123/><G12/><T0/><D0/><U9/><E69/><V113/><F113/><W83/><G83/><T124/><D124/><U109/><E109/><V93/><F93/><W25/><G25/><T68/><D68/><U43/><E21/><V117/><F117/><W134/><REACH who="3" step="1"/><G92/><REACH who="3" ten="350,209,250,181" step="2"/><T120/><D120/><AGARI ba="0,1" hai="1,3,16,18,96,97,108,110,120,123,126,127,133,134" machi="120" ten="25,8000,1" yaku="1,1,2,1,22,2,54,1,53,0" doraHai="24" doraHaiUra="17" who="3" fromWho="0" sc="350,-80,209,0,250,0,181,90" /><INIT seed="3,0,0,3,0,135" ten="270,209,250,271" oya="3" hai0="107,52,85,120,39,122,68,37,55,97,63,15,129" hai1="51,94,125,13,121,123,26,105,74,67,29,33,23" hai2="7,64,77,84,119,124,5,106,87,11,34,112,2" hai3="16,130,18,50,89,9,25,88,38,103,91,127,81"/><W62/><G38/><T99/><D129/><U134/><E105/><V42/><F119/><W30/><G130/><T117/><D117/><U76/><E134/><V57/><F112/><W14/><G127/><T28/><D28/><U54/><E125/><V79/><F34/><W8/><G103/><T56/><D68/><U59/><E67/><V10/><F42/><W102/><G102/><T78/><D15/><U108/><E108/><V111/><F57/><W109/><G109/><T21/><D21/><U86/><E74/><V32/><F32/><W19/><G62/><T90/><D78/><U49/><E49/><V95/><F95/><W35/><G8/><T40/><D107/><U133/><E133/><V48/><F48/><W1/><G1/><T17/><D17/><U101/><E76/><V131/><F106/><W58/><REACH who="3" step="1"/><G81/><REACH who="3" ten="270,209,250,261" step="2"/><T22/><D39/><U75/><E101/><V4/><F2/><W20/><G20/><T31/><D22/><U110/><E110/><V43/><F124/><W83/><G83/><T46/><D37/><U73/><E121/><V114/><F111/><W47/><G47/><T53/><D46/><U70/><E123/><V65/><F131/><W44/><G44/><T0/><D0/><U66/><E23/><V82/><F82/><W132/><G132/><T12/><D122/><U71/><E33/><V128/><F128/><W60/><G60/><T61/><D61/><U126/><E126/><V6/><F10/><W41/><G41/><T93/><D40/><U80/><E80/><V113/><F43/><W92/><G92/><N who="0" m="54351" /><D120/><U27/><E94/><RYUUKYOKU ba="0,1" sc="270,-10,209,-10,250,-10,261,30" hai3="9,14,16,18,19,25,30,35,50,58,88,89,91" /><INIT seed="3,1,1,0,4,12" ten="260,199,240,291" oya="3" hai0="47,105,50,80,133,117,84,132,25,3,63,35,121" hai1="49,81,16,57,71,7,85,4,130,113,104,27,56" hai2="87,53,77,42,100,116,82,97,93,48,125,33,32" hai3="44,1,110,23,65,129,119,96,24,64,115,43,74"/><W29/><G115/><T73/><D117/><U76/><E130/><V0/><F125/><W95/><G119/><T26/><D121/><U59/><E113/><V17/><F0/><W22/><G129/><T39/><D73/><U88/><E71/><V31/><F116/><W128/><G128/><T131/><D39/><U83/><E104/><V78/><F78/><W28/><G74/><T118/><D3/><U19/><E49/><V8/><F42/><W107/><G107/><T111/><D105/><U34/><E34/><V99/><F99/><W122/><G1/><T52/><D111/><U98/><E27/><V45/><F31/><W18/><G122/><T69/><D35/><U11/><E11/><V55/><REACH who="2" step="1"/><F53/><REACH who="2" ten="260,199,230,291" step="2"/><W61/><G110/><T108/><D108/><U46/><E98/><V135/><F135/><N who="0" m="51786" /><D118/><U72/><REACH who="1" step="1"/><E46/><REACH who="1" ten="260,189,230,291" step="2"/><V68/><F68/><W134/><G134/><T126/><D131/><U94/><E94/><V114/><F114/><W89/><G95/><T112/><D112/><U38/><E38/><V101/><F101/><W51/><G44/><T120/><D120/><U21/><E21/><V92/><F92/><W6/><G23/><T62/><D69/><U66/><E66/><V15/><AGARI ba="1,3" hai="8,15,17,32,33,45,48,55,77,82,87,93,97,100" machi="15" ten="30,8000,1" yaku="1,1,0,1,52,1,53,2" doraHai="12" doraHaiUra="30" who="2" fromWho="2" sc="260,-21,189,-21,230,113,291,-41" /><INIT seed="4,0,0,3,4,60" ten="239,168,343,250" oya="0" hai0="118,28,54,126,22,45,66,23,83,64,29,85,107" hai1="53,125,106,14,95,134,124,89,24,1,41,13,91" hai2="20,77,40,127,111,36,47,10,58,108,9,99,3" hai3="31,131,68,71,39,61,102,52,93,96,21,6,100"/><T5/><D118/><U59/><E134/><V73/><F127/><W30/><G39/><T129/><D107/><U70/><E106/><V86/><F10/><W7/><G131/><T51/><D5/><N who="3" m="1545" /><G71/><T115/><D115/><U120/><E120/><V112/><F112/><W67/><G68/><T38/><D38/><U57/><E70/><V80/><F20/><N who="0" m="7722" /><D126/><N who="1" m="48747" /><E1/><V65/><F86/><W123/><G123/><T62/><D62/><N who="1" m="36143" /><E41/><V121/><F99/><W4/><G4/><T75/><D75/><U25/><E59/><V105/><F105/><W79/><G31/><N who="0" m="11851" /><D129/><U122/><E122/><V12/><F121/><W15/><G30/><T35/><D35/><U110/><E89/><AGARI ba="0,0" hai="45,51,54,64,66,83,85,89" m="11851,7722" machi="89" ten="30,5800,0" yaku="8,1,52,2" doraHai="60" who="0" fromWho="1" sc="239,58,168,-58,343,0,250,0" /><INIT seed="4,1,0,3,5,10" ten="297,110,343,250" oya="0" hai0="89,45,121,2,41,71,57,97,92,118,32,115,77" hai1="24,120,27,48,14,85,80,84,110,76,112,67,5" hai2="58,129,53,105,117,106,15,13,60,34,90,64,19" hai3="124,98,95,12,6,3,59,111,125,23,44,54,11"/><T22/><D118/><U35/><E110/><V1/><F1/><W116/><G116/><T99/><D121/><U113/><E120/><V114/><F34/><W101/><G111/><T108/><D108/><U74/><E67/><V25/><F117/><W63/><G23/><T75/><D71/><U39/><E39/><V40/><F129/><W79/><G79/><T102/><D32/><U69/><E69/><V73/><F73/><W83/><G83/><T55/><D2/><U68/><E68/><V126/><F114/><N who="1" m="44137" /><E48/><V133/><F133/><W18/><REACH who="3" step="1"/><G44/><REACH who="3" ten="297,110,343,240" step="2"/><T130/><D77/><U38/><E35/><V100/><F126/><W16/><G16/><T72/><D115/><U119/><E119/><V29/><F19/><W42/><G42/><T131/><D22/><U28/><E28/><V56/><F40/><W31/><G31/><T7/><D131/><U122/><E122/><V109/><F109/><W134/><G134/><T61/><D130/><U51/><E80/><V43/><F43/><W46/><G46/><T4/><D75/><U8/><E76/><V103/><F29/><W17/><G17/><T104/><REACH who="0" step="1"/><D72/><REACH who="0" ten="287,110,343,240" step="2"/><U94/><E74/><V87/><F25/><W50/><G50/><AGARI ba="1,2" hai="4,7,41,45,50,55,57,61,89,92,97,99,102,104" machi="50" ten="30,5800,0" yaku="1,1,2,1,7,1,53,0" doraHai="10" doraHaiUra="30" who="0" fromWho="3" sc="287,81,110,0,343,0,240,-61" /><INIT seed="4,2,0,3,0,72" ten="368,110,343,179" oya="0" hai0="95,36,88,6,65,44,37,86,132,4,50,66,83" hai1="135,52,12,45,67,5,33,80,129,0,92,128,70" hai2="30,54,101,46,87,61,115,39,68,81,76,40,21" hai3="100,17,62,11,3,32,25,15,47,19,114,84,133"/><T35/><D132/><U102/><E135/><V41/><F115/><W69/><G133/><T107/><D107/><U2/><E33/><V82/><F40/><W131/><G114/><T23/><D35/><U106/><E106/><V91/><F101/><W105/><G131/><N who="1" m="50250" /><E70/><V71/><F61/><W109/><G109/><T108/><D108/><U10/><E67/><N who="0" m="25609" /><D37/><U75/><E92/><V103/><F103/><W42/><G62/><T38/><D36/><U89/><E102/><V130/><F130/><W55/><G100/><T121/><D38/><U111/><E111/><V90/><F54/><W98/><G55/><N who="0" m="30151" /><D121/><U99/><E99/><V125/><F125/><W123/><G98/><N who="0" m="57703" /><D23/><U96/><E96/><V14/><F71/><W53/><G32/><T49/><D49/><N who="1" m="28719" /><E89/><AGARI ba="2,0" hai="4,6,83,86,89" m="57703,30151,25609" machi="89" ten="30,2900,0" yaku="8,1,54,1" doraHai="72" who="0" fromWho="1" sc="368,35,110,-35,343,0,179,0" /><INIT seed="4,3,0,1,1,84" ten="403,75,343,179" oya="0" hai0="2,5,135,79,61,130,118,21,102,23,107,83,133" hai1="85,132,32,87,65,75,57,58,120,18,29,13,9" hai2="3,82,24,66,27,44,114,30,46,97,89,64,119" hai3="101,111,8,60,4,124,131,39,90,129,31,38,33"/><T112/><D118/><U72/><E132/><N who="0" m="50761" /><D112/><U62/><E120/><V50/><F3/><W91/><G101/><T106/><D130/><N who="3" m="49673" /><G111/><T49/><D49/><U115/><E115/><V123/><F123/><W122/><G124/><T10/><D61/><U47/><E85/><V16/><F114/><W127/><G127/><T11/><D11/><U125/><E125/><V56/><F119/><W19/><G19/><T76/><D76/><U77/><E32/><V121/><F121/><W93/><G93/><T41/><D41/><U96/><E29/><V99/><F56/><W42/><G60/><T67/><D67/><U73/><E57/><V103/><F16/><W55/><G55/><T88/><D102/><U45/><E77/><V20/><F24/><N who="3" m="18663" /><G122/><T110/><D110/><U80/><REACH who="1" step="1"/><E96/><REACH who="1" ten="403,65,343,179" step="2"/><V1/><F99/><W70/><G70/><T52/><D83/><U37/><E37/><N who="3" m="13834" /><G42/><T0/><D79/><U26/><E26/><V7/><F27/><W95/><G95/><T36/><D107/><U54/><E54/><V104/><F104/><W17/><G17/><T63/><D52/><U116/><E116/><V35/><F30/><W78/><G78/><T126/><D106/><U134/><E134/><V15/><F35/><W53/><G53/><T128/><D126/><U81/><E81/><V117/><F117/><W94/><G94/><T74/><D128/><U86/><E86/><V6/><F82/><W92/><G92/><T109/><D74/><U40/><E40/><V98/><F98/><W108/><G108/><T51/><D109/><U68/><E68/><V12/><F97/><RYUUKYOKU ba="3,1" sc="403,-15,65,15,343,-15,179,15" hai1="9,13,18,45,47,58,62,65,72,73,75,80,87" hai3="4,8,90,91" /><INIT seed="5,4,1,5,5,51" ten="388,80,328,194" oya="1" hai0="124,54,84,81,67,11,20,120,25,23,12,75,5" hai1="117,100,76,86,16,17,78,59,26,113,82,135,38" hai2="63,15,66,14,131,127,52,32,22,30,89,3,61" hai3="60,122,93,2,45,130,53,108,106,28,129,102,48"/><U49/><E113/><V121/><F121/><W37/><G106/><T80/><D120/><U114/><E117/><V71/><F3/><W134/><G108/><T74/><D67/><U112/><E135/><V85/><F131/><N who="3" m="50187" /><G2/><T109/><D124/><U83/><E100/><V110/><F127/><W8/><G122/><T1/><D109/><U91/><E38/><V128/><F110/><W39/><G134/><T111/><D80/><U126/><E126/><V29/><F32/><W125/><G125/><T21/><D111/><U97/><E97/><V62/><F128/><W88/><G102/><T44/><D1/><U9/><E9/><V35/><F35/><W99/><G8/><T7/><D7/><U96/><E96/><V133/><F133/><W58/><G28/><T119/><D119/><U10/><E10/><V101/><F101/><W27/><G27/><T41/><D25/><U87/><E91/><V36/><F66/><AGARI ba="4,1" hai="37,39,45,48,53,58,60,66,88,93,99" m="50187" machi="66" ten="30,3900,0" yaku="19,1,52,1,54,1" doraHai="51" who="3" fromWho="2" sc="388,0,80,0,328,-51,194,61" /><INIT seed="6,0,0,0,0,127" ten="388,80,277,255" oya="2" hai0="14,107,68,120,86,111,97,84,34,93,39,90,67" hai1="83,76,132,23,104,99,5,47,18,6,96,45,59" hai2="113,123,72,56,28,125,106,105,13,119,31,94,124" hai3="24,30,44,92,9,134,101,131,95,103,82,22,121"/><V89/><F123/><W27/><G121/><T49/><D120/><U50/><E132/><V98/><F119/><W60/><G134/><T40/><D39/><U73/><E45/><V43/><F72/><W75/><G75/><T35/><D111/><U32/><E32/><V7/><F113/><W80/><G44/><T87/><D67/><U52/><E104/><N who="2" m="40043" /><F43/><W41/><G9/><T63/><D63/><U85/><E73/><V38/><F38/><W130/><G60/><T71/><D107/><U29/><E29/><V64/><F56/><W66/><G30/><T108/><D108/><U58/><E59/><V2/><F2/><W100/><G100/><T79/><D79/><U57/><E58/><V129/><F64/><W46/><G46/><T10/><D49/><U17/><E17/><V33/><F33/><W74/><G74/><T1/><D40/><U133/><E133/><V4/><F4/><W12/><G22/><T0/><D35/><U135/><E135/><V70/><F70/><W48/><G12/><T21/><D34/><U117/><E117/><V112/><F112/><W61/><G61/><T19/><D0/><U15/><REACH who="1" step="1"/><E57/><REACH who="1" ten="388,70,277,255" step="2"/><V20/><F31/><W91/><G66/><T115/><D115/><U109/><E109/><V36/><F28/><W118/><G118/><T77/><D71/><U102/><E102/><V26/><F124/><W69/><G69/><T114/><D68/><U16/><E16/><V25/><F125/><W11/><G101/><T126/><D126/><U3/><E3/><V78/><F36/><W55/><G103/><T42/><D114/><RYUUKYOKU ba="0,1" sc="388,-10,70,30,277,-10,255,-10" hai1="5,6,15,18,23,47,50,52,76,83,85,96,99" /><INIT seed="7,1,1,3,5,133" ten="378,100,267,245" oya="3" hai0="44,118,131,21,100,40,48,15,26,71,122,54,94" hai1="28,92,87,7,114,19,117,20,42,17,43,25,73" hai2="80,89,2,57,75,120,36,99,45,35,37,63,50" hai3="0,27,83,11,113,8,77,130,16,64,14,33,123"/><W112/><G123/><T12/><D118/><U34/><E114/><N who="3" m="44138" /><G64/><T32/><D122/><U88/><E117/><V126/><F2/><W53/><G53/><T47/><D32/><U41/><E73/><V128/><F35/><W129/><G83/><T93/><D71/><U62/><E34/><V79/><F126/><W29/><G77/><T31/><D131/><N who="3" m="50185" /><G0/><T102/><D47/><U9/><REACH who="1" step="1"/><E62/><REACH who="1" ten="378,90,267,245" step="2"/><V101/><F63/><W10/><AGARI ba="1,2" hai="8,10,11,14,16,27,29,33" m="50185,44138" machi="10" ten="40,12000,1" yaku="15,1,19,1,34,2,54,1" doraHai="133" who="3" fromWho="3" sc="378,-41,90,-41,267,-41,245,143" owari="337,13.7,49,-45.1,226,-17.4,388,48.8" /></mjloggm>