<mjloggm ver="2.3"><GO type="169" lobby="0"/><UN n0="%E5%9D%8A%E3%82%84%E3%81%A1%E3%81%A4" n1="%E3%83%8A%E3%83%8A%E3%82%A4%E3%83%AD%E3%83%A9%E3%82%A4%E3%83%88%E2%98%86" n2="%73%61%6E%67%6F%64%64%6F" n3="%E3%81%8F%E3%81%8E%E3%82%85%E3%81%86%E3%81%86%E3%81%86%E3%81%86" dan="16,16,17,18" rate="2050.33,2080.61,2211.01,2248.28" sx="M,F,M,M"/><TAIKYOKU oya="0"/><INIT seed="0,0,0,2,2,88" ten="250,250,250,250" oya="0" hai0="83,46,101,119,13,117,73,81,3,89,66,62,36" hai1="55,99,106,70,35,111,20,77,38,39,116,0,90" hai2="65,109,100,22,52,71,92,78,115,61,124,87,93" hai3="75,108,53,15,11,76,98,118,85,67,6,25,132"/><T121/><D3/><U59/><E116/><V21/><F115/><W91/><G118/><T127/><D121/><U110/><E35/><V97/><F124/><W135/><G108/><N who="1" m="41514" /><E0/><V107/><F109/><W19/><G67/><T45/><D127/><U58/><E70/><V72/><F52/><W122/><G122/><T16/><D101/><N who="1" m="62783" /><E77/><V134/><F134/><W74/><G98/><T5/><D5/><U37/><E20/><V104/><F104/><W54/><G76/><T42/><D46/><U8/><E8/><V41/><F41/><W57/><G74/><T103/><D103/><U80/><E55/><V17/><F72/><W126/><G75/><T120/><D120/><U51/><E51/><V28/><F28/><W82/><G126/><T43/><D43/><U44/><E44/><V30/><F30/><W4/><G54/><T63/><D63/><U33/><E33/><V24/><REACH who="2" step="1"/><F22/><REACH who="2" ten="250,250,240,250" step="2"/><N who="3" m="13535" /><G135/><T60/><D73/><U12/><E12/><V68/><F68/><W2/><G132/><T56/><D119/><U32/><E32/><V123/><F123/><W1/><G1/><T114/><D117/><U26/><E26/><V9/><F9/><W105/><G105/><T10/><D10/><U130/><E59/><V125/><F125/><W27/><G27/><T79/><D56/><U133/><E58/><V48/><F48/><N who="3" m="30887" /><G2/><T84/><D42/><U7/><E133/><V40/><F40/><W64/><G64/><T86/><D114/><U102/><E39/><V128/><F128/><W29/><G29/><T50/><D66/><U131/><E131/><V95/><F95/><RYUUKYOKU ba="0,1" sc="250,-15,250,-15,240,15,250,15" hai2="17,21,24,61,65,71,78,87,92,93,97,100,107" hai3="4,6,11,15,82,85,91" /><INIT seed="1,1,1,0,4,78" ten="235,235,255,265" oya="1" hai0="95,9,94,31,22,117,47,97,27,116,60,63,21" hai1="115,120,44,124,79,34,2,69,6,55,38,61,62" hai2="123,0,103,102,113,80,64,41,135,121,90,24,130" hai3="122,37,33,106,70,57,74,14,51,15,86,48,134"/><U43/><E115/><V16/><F0/><W107/><G86/><T105/><D105/><U101/><E120/><V26/><F113/><W40/><G57/><T73/><D73/><U128/><E128/><V85/><F130/><W18/><G40/><T125/><D125/><U119/><E119/><V109/><F109/><W46/><G46/><T72/><D72/><U111/><E111/><V66/><F135/><W25/><G25/><T36/><D9/><U1/><E34/><V112/><F112/><W133/><G74/><T118/><D21/><U53/><E124/><V75/><F75/><W49/><G37/><T45/><D94/><U129/><E129/><V28/><F41/><W30/><G30/><T96/><D96/><U20/><E79/><V19/><F121/><W8/><G70/><T91/><REACH who="0" step="1"/><D36/><REACH who="0" ten="225,235,255,265" step="2"/><U29/><E20/><N who="2" m="15431" /><F123/><W110/><G122/><T32/><D32/><U68/><E38/><V93/><F24/><W12/><G33/><T11/><D11/><U114/><E114/><V10/><F10/><W76/><G110/><T59/><D59/><U42/><E44/><AGARI ba="1,2" hai="22,27,31,44,45,47,60,63,91,95,97,116,117,118" machi="44" ten="40,1300,0" yaku="1,1,53,0" doraHai="78" doraHaiUra="65" who="0" fromWho="1" sc="225,36,235,-16,255,0,265,0" /><INIT seed="2,0,0,1,4,77" ten="261,219,255,265" oya="2" hai0="8,101,33,67,74,5,41,12,10,44,34,7,70" hai1="49,111,124,16,17,2,64,55,26,85,110,135,105" hai2="90,89,112,40,79,109,54,81,97,46,31,51,104" hai3="36,69,62,125,43,25,102,100,118,83,45,11,6"/><V50/><F112/><W23/><G118/><T127/><D74/><U59/><E105/><V14/><F31/><W3/><G125/><T4/><D127/><U58/><E124/><V129/><F129/><W87/><G62/><T35/><D101/><U39/><E39/><V15/><F109/><N who="1" m="41481" /><E2/><V131/><F131/><W37/><G69/><T9/><D67/><U132/><E85/><V122/><F122/><W128/><G37/><T88/><D70/><U84/><E84/><N who="2" m="48191" /><F104/><W126/><G128/><T78/><D78/><U107/><E107/><V28/><F28/><W130/><G130/><T94/><D94/><U106/><E106/><V114/><F114/><W42/><G42/><T80/><D88/><N who="2" m="33898" /><F97/><W0/><G0/><T113/><D113/><U63/><E26/><V60/><F60/><W92/><G92/><T27/><D80/><U21/><E21/><V1/><F1/><W57/><G126/><T66/><D35/><U20/><E20/><V93/><F93/><W82/><G87/><T108/><D34/><U32/><E32/><V120/><F120/><W91/><G91/><T86/><D33/><U52/><E64/><V117/><F117/><W24/><G102/><T73/><D66/><U30/><E30/><V48/><F48/><W38/><G100/><T96/><D108/><U61/><E49/><V123/><F123/><W95/><G38/><T76/><D96/><U68/><E68/><V75/><F75/><W103/><G95/><T98/><D73/><U119/><E119/><V29/><F29/><W65/><G103/><T121/><D121/><U133/><AGARI ba="0,0" hai="16,17,52,55,58,59,61,63,132,133,135" m="41481" machi="133" ten="40,8000,1" yaku="5,1,20,1,14,1,54,2" doraHai="77" who="1" fromWho="1" sc="261,-20,219,80,255,-40,265,-20" /><INIT seed="3,0,0,1,0,61" ten="241,299,215,245" oya="3" hai0="80,93,57,34,91,49,71,8,125,26,7,84,2" hai1="123,69,111,127,19,73,1,90,104,100,131,99,130" hai2="53,18,77,0,23,4,82,65,9,85,72,97,27" hai3="43,22,32,3,68,48,67,86,102,36,88,46,25"/><W44/><G32/><T133/><D71/><U134/><RYUUKYOKU type="yao9" ba="0,0" sc="241,0,299,0,215,0,245,0" hai1="1,19,69,73,90,99,100,104,111,123,127,130,131,134" /><INIT seed="3,1,0,1,4,7" ten="241,299,215,245" oya="3" hai0="84,60,25,17,66,82,32,98,16,76,47,27,130" hai1="20,69,61,122,62,63,34,77,52,113,92,110,105" hai2="48,87,8,51,23,81,5,106,65,6,88,111,19" hai3="134,59,26,129,123,22,97,126,104,14,42,114,85"/><W10/><G114/><T2/><D2/><U94/><E34/><V40/><F111/><W127/><G123/><T70/><D130/><U64/><E113/><V119/><F119/><W100/><G129/><T120/><D120/><U44/><E122/><V15/><F106/><W12/><G134/><T56/><D70/><U1/><E1/><V53/><F65/><W38/><G59/><T116/><D116/><U125/><E105/><V49/><F40/><W13/><G85/><T3/><D3/><U74/><E110/><V58/><REACH who="2" step="1"/><F23/><REACH who="2" ten="241,299,205,245" step="2"/><W91/><G42/><T33/><D33/><U80/><E20/><V45/><F45/><W71/><G104/><T112/><D112/><U99/><E125/><V132/><F132/><W109/><G109/><T108/><D32/><U24/><E44/><V29/><F29/><W131/><G131/><T55/><D108/><U73/><E64/><V86/><F86/><W43/><G127/><T102/><D47/><U90/><E74/><V4/><AGARI ba="1,1" hai="4,5,6,8,15,19,48,49,51,53,58,81,87,88" machi="4" ten="30,12000,2" yaku="1,1,0,1,8,1,52,1,54,1,53,1" doraHai="7" doraHaiUra="11" who="2" fromWho="2" sc="241,-31,299,-31,205,133,245,-61" /><INIT seed="4,0,0,5,0,53" ten="210,268,338,184" oya="0" hai0="107,114,29,46,42,71,18,44,8,99,48,102,58" hai1="135,33,26,39,85,88,74,65,96,59,92,41,14" hai2="79,68,1,111,56,0,112,125,86,117,54,100,80" hai3="73,51,69,55,17,27,49,95,97,9,34,40,35"/><T19/><D71/><U77/><E135/><V131/><F111/><W78/><G69/><T66/><D114/><U4/><E74/><V11/><F68/><W132/><G132/><T52/><D29/><U133/><E133/><V90/><F131/><W45/><G73/><T5/><D66/><U10/><E33/><V47/><F125/><W38/><G78/><T93/><D107/><U122/><E122/><V120/><F120/><W63/><G38/><T72/><D72/><U91/><E26/><V82/><F47/><W50/><G35/><T64/><D64/><U94/><E39/><V23/><F100/><W2/><G2/><T75/><D75/><U81/><E41/><V113/><F23/><N who="3" m="13807" /><G9/><T121/><D121/><U104/><E104/><V110/><F110/><W15/><G15/><N who="0" m="5519" /><D44/><U106/><E106/><V21/><F117/><W67/><G67/><T32/><D32/><U28/><E28/><V83/><F21/><W6/><G6/><T25/><D25/><U108/><E108/><V61/><F79/><W7/><G7/><T101/><D101/><N who="1" m="60551" /><E94/><N who="2" m="54615" /><F11/><W127/><G127/><T76/><D76/><U36/><E36/><V30/><F30/><W109/><G109/><T87/><D87/><U22/><E22/><V115/><AGARI ba="0,0" hai="0,1,54,56,61,80,82,83,112,113,115" m="54615" machi="115" ten="40,2700,0" yaku="15,1,52,1" doraHai="53" who="2" fromWho="2" sc="210,-13,268,-7,338,27,184,-7" /><INIT seed="5,0,0,3,5,134" ten="197,261,365,177" oya="1" hai0="67,74,60,100,104,126,21,107,52,91,49,45,58" hai1="92,102,35,7,80,95,96,130,111,133,118,31,34" hai2="88,2,33,30,12,11,109,9,0,36,103,108,101" hai3="13,39,37,70,106,135,77,76,63,48,41,22,32"/><U85/><E118/><V119/><F36/><W75/><G32/><T78/><D100/><U132/><E130/><V94/><F119/><W8/><G106/><T112/><D112/><U64/><E111/><V54/><F2/><W27/><G135/><N who="1" m="51786" /><E7/><V72/><F72/><W42/><G75/><T5/><D5/><U20/><E64/><V53/><F0/><W117/><G117/><T15/><D126/><U46/><E46/><V84/><F101/><W4/><G37/><T3/><D3/><U62/><E62/><V26/><F103/><W19/><G39/><T115/><D115/><U10/><E10/><V98/><F11/><W131/><G131/><T68/><D68/><U69/><E69/><V16/><F98/><W127/><G127/><T129/><D129/><U29/><E95/><V82/><F94/><W79/><G70/><T17/><REACH who="0" step="1"/><D91/><REACH who="0" ten="187,261,365,177" step="2"/><N who="1" m="51623" /><E31/><V99/><F108/><W25/><G4/><T124/><D124/><U128/><E128/><V113/><F109/><W89/><G89/><T93/><D93/><U61/><E92/><V56/><F113/><W28/><G28/><T24/><D24/><N who="1" m="16519" /><E102/><V47/><F99/><W57/><G25/><T55/><D55/><U73/><E96/><V44/><F53/><N who="3" m="34223" /><G27/><T83/><AGARI ba="0,1" hai="15,17,21,45,49,52,58,60,67,74,78,83,104,107" machi="83" ten="30,4000,0" yaku="1,1,0,1,54,1,53,0" doraHai="134" doraHaiUra="120" who="0" fromWho="0" sc="187,50,261,-20,365,-10,177,-10" /><INIT seed="6,0,0,1,2,3" ten="237,241,355,167" oya="2" hai0="124,38,67,1,128,37,87,132,17,19,105,33,57" hai1="13,72,23,84,31,28,135,25,6,54,10,26,24" hai2="69,14,82,100,102,48,116,58,8,71,121,27,43" hai3="44,123,120,22,89,97,86,9,127,77,95,79,68"/><V36/><F116/><W70/><G127/><T76/><D105/><U94/><E72/><V15/><F121/><W32/><G32/><T99/><D1/><U47/><E135/><V60/><F36/><W81/><G77/><T62/><D33/><U104/><E104/><V0/><F0/><W80/><G123/><T113/><D128/><U21/><E94/><V133/><F133/><W130/><G120/><T115/><D99/><U46/><E84/><V110/><F110/><W74/><G130/><T129/><D129/><U90/><E90/><V108/><F27/><W118/><G22/><N who="1" m="8202" /><E54/><V39/><F39/><W101/><G118/><T117/><D117/><U51/><E51/><V20/><F69/><W7/><REACH who="3" step="1"/><G44/><AGARI ba="0,0" hai="6,10,13,24,25,26,28,31,44,46,47" m="8202" machi="44" ten="30,2000,0" yaku="8,1,52,1" doraHai="3" who="1" fromWho="3" sc="237,0,241,20,355,0,167,-20" /><INIT seed="7,0,0,2,4,34" ten="237,261,355,147" oya="3" hai0="111,42,92,116,82,61,128,11,33,14,94,90,76" hai1="80,114,132,8,120,10,12,112,126,130,26,122,5" hai2="117,106,52,9,63,46,129,131,39,4,31,125,16" hai3="85,105,123,104,38,95,72,99,121,23,68,75,91"/><W88/><G38/><T27/><D116/><U59/><E80/><V60/><F106/><N who="3" m="41067" /><G68/><T56/><D111/><U107/><E59/><V118/><F39/><W96/><G23/><T89/><D128/><U64/><E64/><V87/><F31/><W100/><G123/><N who="1" m="47146" /><E107/><V48/><F16/><W109/><G121/><T119/><D119/><U24/><E130/><N who="2" m="49675" /><F125/><W37/><G37/><T30/><D42/><U102/><E102/><V98/><F63/><W1/><G1/><T86/><D94/><U65/><E65/><V2/><F60/><W135/><G109/><T6/><REACH who="0" step="1"/><D92/><REACH who="0" ten="227,261,355,147" step="2"/><U22/><E126/><V83/><F98/><N who="3" m="57727" /><G135/><T50/><D50/><U74/><E132/><V53/><F117/><W40/><G40/><T134/><D134/><U67/><E67/><AGARI ba="0,1" hai="6,11,14,27,30,33,56,61,67,76,82,86,89,90" machi="67" ten="30,2000,0" yaku="1,1,7,1,53,0" doraHai="34" doraHaiUra="47" who="0" fromWho="1" sc="227,30,261,-20,355,0,147,0" owari="257,5.7,241,-15.9,355,45.5,147,-35.3" /></mjloggm>