<mjloggm ver="2.3"><GO type="169" lobby="0"/><UN n0="%74%61%6B%61%74%6F%72%69" n1="%61%6D%6F%2D%6D%65%64" n2="%E3%81%86%E3%81%A1%E3%83%BC" n3="%52%65%63%61%6C%74%71" dan="16,16,16,16" rate="2045.08,2066.01,2133.34,2131.41" sx="M,M,M,M"/><TAIKYOKU oya="0"/><INIT seed="0,0,0,3,2,92" ten="250,250,250,250" oya="0" hai0="108,67,43,61,13,18,55,59,5,89,6,113,22" hai1="57,106,132,37,28,120,7,56,129,82,116,101,133" hai2="47,15,71,1,20,130,54,30,3,91,74,72,119" hai3="97,110,81,17,60,123,46,14,9,98,79,114,94"/><T66/><D113/><U95/><E116/><V135/><F71/><W111/><G114/><T38/><D108/><U76/><E120/><V53/><F30/><W126/><G123/><T77/><D77/><U16/><E37/><V87/><F130/><W88/><G126/><T40/><D40/><U42/><E42/><V131/><F131/><W27/><G46/><T70/><D67/><U36/><E36/><V26/><F15/><W12/><G60/><T2/><D2/><U115/><E7/><V86/><F91/><W34/><G12/><T104/><D104/><U128/><E28/><V19/><F47/><W31/><REACH who="3" step="1"/><G98/><REACH who="3" ten="250,250,250,240" step="2"/><T107/><D38/><U68/><E115/><V23/><F1/><W84/><AGARI ba="0,1" hai="9,14,17,27,31,34,79,81,84,88,94,97,110,111" machi="84" ten="30,8000,1" yaku="1,1,2,1,0,1,52,1,54,1,53,0" doraHai="92" doraHaiUra="103" who="3" fromWho="3" sc="250,-40,250,-20,250,-20,240,90" /><INIT seed="1,0,0,5,3,0" ten="210,230,230,330" oya="1" hai0="51,96,31,5,79,129,128,15,28,43,47,113,1" hai1="55,78,102,70,53,73,132,97,41,89,90,3,63" hai2="29,110,114,75,60,35,34,44,133,116,112,95,99" hai3="121,36,92,9,86,58,39,105,62,74,27,104,57"/><U71/><E132/><V19/><F116/><W8/><G74/><T72/><D113/><U64/><E41/><V120/><F133/><W109/><G86/><T119/><D119/><U59/><E71/><V107/><F107/><W25/><G62/><T33/><D1/><U127/><E127/><V65/><F110/><W20/><G20/><T56/><D33/><U54/><E70/><V50/><F75/><W88/><G92/><T37/><D96/><U135/><E135/><V40/><F19/><W115/><G88/><T94/><D94/><U49/><E49/><V22/><F120/><W11/><G109/><T21/><D21/><U101/><E3/><V46/><F46/><W38/><G115/><N who="2" m="44073" /><F29/><W134/><G134/><T84/><D72/><U91/><REACH who="1" step="1"/><E97/><REACH who="1" ten="210,220,230,330" step="2"/><V6/><F99/><W14/><G121/><T48/><D48/><U4/><E4/><V69/><F6/><W76/><G38/><T67/><D37/><U12/><E12/><V61/><F61/><W123/><G14/><T81/><D129/><U30/><E30/><V82/><F50/><W87/><G123/><T77/><D128/><U103/><E103/><V83/><F40/><W45/><G36/><T111/><D111/><U13/><E13/><V126/><F126/><W118/><G39/><T10/><D79/><U7/><E7/><V124/><F124/><W26/><G76/><T32/><D32/><U80/><AGARI ba="0,1" hai="53,54,55,59,63,64,73,78,80,89,90,91,101,102" machi="80" ten="40,3900,0" yaku="1,1,0,1,53,0" doraHai="0" doraHaiUra="117" who="1" fromWho="1" sc="210,-13,220,49,230,-13,330,-13" /><INIT seed="1,1,0,3,2,67" ten="197,269,217,317" oya="1" hai0="88,109,115,2,94,105,29,108,59,54,33,125,12" hai1="114,135,111,18,81,63,9,131,91,3,122,124,73" hai2="52,69,80,87,130,89,47,8,95,44,42,27,13" hai3="17,1,31,118,35,6,127,126,5,24,41,98,101"/><U23/><E114/><V75/><F130/><W25/><G41/><T99/><D2/><U133/><E122/><V72/><F69/><W120/><G118/><T103/><D115/><U38/><E38/><V22/><F47/><W85/><G85/><T83/><D125/><N who="3" m="47625" /><G1/><T58/><D83/><U64/><E124/><V132/><F95/><N who="3" m="58591" /><G120/><T71/><D58/><U82/><E73/><V106/><F106/><W32/><G17/><T79/><D79/><U50/><E50/><V37/><F132/><N who="1" m="50761" /><E111/><V48/><F42/><W117/><G117/><T86/><D12/><N who="1" m="9671" /><E91/><V119/><F37/><W66/><G66/><T100/><D100/><U93/><E93/><V43/><F43/><W102/><G102/><T21/><D109/><U78/><E78/><V62/><F119/><W77/><G77/><T0/><D108/><U36/><E36/><V104/><F104/><W11/><G11/><T40/><D105/><U123/><E131/><V97/><F97/><W68/><G68/><T57/><D99/><U10/><E123/><V34/><F34/><W96/><G96/><T84/><D33/><U76/><E76/><V20/><F75/><W14/><G14/><T92/><D103/><U30/><E3/><V134/><F72/><W19/><G35/><T129/><D0/><U107/><E107/><V128/><F128/><W16/><G25/><T7/><D129/><U46/><E30/><V113/><F134/><W28/><G31/><T55/><D29/><U70/><E46/><V45/><F44/><W60/><G60/><T56/><D94/><U4/><E4/><N who="2" m="3207" /><F62/><W26/><G26/><RYUUKYOKU ba="1,0" sc="197,-15,269,15,217,-15,317,15" hai1="9,10,63,64,70,81,82" hai3="5,6,16,19,24,28,32" /><INIT seed="1,2,0,5,2,64" ten="182,284,202,332" oya="1" hai0="10,49,133,102,116,38,121,73,54,8,130,51,36" hai1="106,42,125,37,3,89,52,90,31,41,135,59,28" hai2="45,127,126,85,23,77,87,103,47,39,110,11,43" hai3="63,34,84,101,33,58,5,50,108,105,71,55,25"/><U40/><E37/><V93/><F110/><W86/><G108/><T113/><D116/><U117/><E117/><V0/><F23/><W92/><G5/><T70/><D113/><U16/><E106/><V111/><F111/><W21/><G105/><T124/><D73/><U68/><E3/><V30/><F30/><N who="1" m="11305" /><E68/><V6/><F47/><W112/><G112/><T26/><D54/><U79/><E79/><V128/><F128/><W76/><G76/><T118/><D130/><U120/><E120/><V2/><F2/><W22/><G33/><T27/><D118/><U75/><E75/><V114/><F114/><W115/><G34/><T66/><D66/><U57/><E57/><V69/><F69/><W62/><G71/><T56/><D70/><U91/><E125/><N who="2" m="47627" /><F77/><W78/><G22/><T35/><D56/><U61/><E135/><V44/><F44/><W15/><G25/><T72/><D124/><U20/><E41/><V7/><F7/><W24/><G24/><AGARI ba="2,0" hai="16,20,24,40,42,52,59,61,89,90,91" m="11305" machi="24" ten="30,5800,0" yaku="8,1,54,2" doraHai="64" who="1" fromWho="3" sc="182,0,284,64,202,0,332,-64" /><INIT seed="1,3,0,3,3,38" ten="182,348,202,268" oya="1" hai0="69,41,115,118,96,54,9,125,92,113,0,47,3" hai1="79,132,24,120,15,114,19,117,131,39,36,18,67" hai2="74,63,124,94,97,89,76,57,91,78,13,61,58" hai3="128,107,26,122,50,17,104,102,1,99,110,68,12"/><U129/><E114/><V20/><F124/><W134/><G122/><T127/><D118/><U105/><E117/><V66/><F74/><W27/><G134/><T7/><D69/><U90/><E120/><V87/><F13/><W103/><G128/><T44/><D54/><U5/><E79/><V2/><F20/><W35/><G68/><T65/><D65/><U77/><E77/><V48/><F48/><W60/><G1/><T56/><D56/><U16/><E105/><V30/><F30/><W4/><G60/><T52/><D52/><U46/><E67/><N who="2" m="39343" /><F2/><W93/><G110/><T111/><D0/><U11/><E132/><V85/><F97/><W21/><G35/><T23/><D23/><U109/><E109/><V81/><AGARI ba="3,0" hai="58,63,66,76,78,81,85,87,89,91,94" m="39343" machi="81" ten="30,1100,0" yaku="8,1" doraHai="38" who="2" fromWho="2" sc="182,-6,348,-8,202,20,268,-6" /><INIT seed="2,0,0,1,2,0" ten="176,340,222,262" oya="2" hai0="67,41,73,66,125,133,100,4,134,130,98,104,8" hai1="135,15,24,71,117,48,90,39,107,14,102,124,63" hai2="45,86,38,69,37,44,17,77,61,99,57,95,88" hai3="27,114,126,26,55,49,89,123,103,80,54,33,46"/><V68/><F44/><W105/><G123/><T21/><D73/><U118/><E39/><V76/><F68/><W18/><G114/><T16/><D41/><U106/><E48/><V97/><F69/><W56/><G126/><T116/><D116/><U110/><E110/><V119/><F119/><W7/><G33/><T40/><D40/><U20/><E135/><N who="0" m="51721" /><D130/><U72/><E72/><V42/><F38/><W84/><G7/><T25/><D125/><U3/><E3/><AGARI ba="0,0" hai="3,4,8,16,21,25,66,67,98,100,104" m="51721" machi="3" ten="30,3900,0" yaku="20,1,52,1,54,1" doraHai="0" who="0" fromWho="1" sc="176,39,340,-39,222,0,262,0" /><INIT seed="3,0,0,5,4,130" ten="215,301,222,262" oya="3" hai0="24,87,115,96,111,19,94,15,126,17,95,107,2" hai1="98,122,83,31,120,64,101,121,73,14,109,1,128" hai2="106,29,78,118,123,23,103,89,92,70,47,28,105" hai3="48,113,100,82,35,62,49,11,13,10,114,112,74"/><W119/><G35/><T21/><D2/><U53/><E1/><V68/><F118/><W54/><G119/><T76/><D111/><U60/><E109/><V135/><F78/><W0/><G100/><T127/><D115/><U52/><E128/><V40/><F123/><W20/><G0/><T91/><D107/><U38/><E38/><V81/><F81/><W7/><G10/><T84/><D76/><U57/><E73/><V55/><F55/><W32/><G32/><T86/><REACH who="0" step="1"/><D94/><REACH who="0" ten="205,301,222,262" step="2"/><U102/><E120/><V104/><F104/><W88/><G74/><T4/><D4/><U41/><E121/><V77/><F77/><W133/><G133/><T43/><D43/><U6/><E41/><V34/><F92/><W125/><G125/><T5/><D5/><U99/><E6/><V63/><F135/><W26/><G112/><T16/><D16/><U79/><E79/><V90/><F105/><W42/><G42/><T59/><D59/><U12/><E83/><V36/><F40/><W124/><G124/><T65/><D65/><U22/><E64/><V44/><F70/><W129/><G129/><T56/><D56/><U51/><E122/><V93/><F68/><W18/><G114/><T117/><D117/><U8/><E57/><V131/><F93/><W97/><G82/><T72/><D72/><U37/><E37/><V110/><F106/><W50/><G113/><T80/><D80/><U108/><E108/><V30/><F131/><W33/><G97/><T27/><D27/><N who="1" m="16887" /><E99/><V61/><F110/><W3/><G26/><T9/><AGARI ba="0,1" hai="9,15,17,19,21,24,84,86,87,91,95,96,126,127" machi="9" ten="30,2000,0" yaku="1,1,0,1,53,0" doraHai="130" doraHaiUra="58" who="0" fromWho="0" sc="205,30,301,-5,222,-5,262,-10" /><INIT seed="4,0,0,0,5,29" ten="235,296,217,252" oya="0" hai0="14,51,71,32,105,127,108,94,53,39,77,88,47" hai1="106,120,17,101,28,81,19,83,4,33,93,20,9" hai2="112,21,67,82,76,92,30,132,135,6,5,134,0" hai3="133,102,63,43,44,97,103,86,8,129,46,107,24"/><T123/><D123/><U125/><E120/><V85/><F112/><W56/><G133/><T64/><D105/><U68/><E106/><V54/><F0/><W73/><G102/><T111/><D127/><U96/><E68/><V109/><F109/><N who="0" m="42058" /><D77/><U118/><E118/><V60/><F54/><W55/><G73/><T69/><D39/><U122/><E122/><V104/><F104/><W7/><G129/><T25/><D14/><N who="1" m="5415" /><E33/><V100/><F21/><W61/><G61/><T42/><D42/><U23/><E125/><V80/><F30/><W35/><G43/><T52/><D53/><U13/><E28/><V11/><F11/><W124/><G124/><T18/><D64/><U26/><AGARI ba="0,0" hai="13,17,19,20,23,26,81,83,93,96,101" m="5415" machi="26" ten="30,1100,0" yaku="8,1" doraHai="29" who="1" fromWho="1" sc="235,-5,296,11,217,-3,252,-3" /><INIT seed="5,0,0,0,5,57" ten="230,307,214,249" oya="1" hai0="133,82,39,47,110,100,108,30,101,76,130,16,28" hai1="95,25,99,88,113,87,51,119,66,72,17,46,40" hai2="14,98,5,104,121,63,71,3,92,1,27,117,13" hai3="32,31,48,58,75,97,59,73,35,83,111,61,135"/><U34/><E119/><V60/><F104/><W42/><G111/><T120/><D130/><U10/><E72/><V123/><F71/><W22/><G135/><T55/><D133/><U70/><E113/><V85/><F117/><W109/><G109/><T126/><D126/><U9/><E34/><V106/><F106/><W8/><G97/><T127/><D127/><U11/><E70/><V36/><F36/><W107/><G107/><T65/><D65/><U26/><E66/><V56/><F56/><W102/><G102/><T54/><D47/><U52/><E17/><V134/><F85/><W49/><G32/><T19/><D82/><N who="1" m="49271" /><E40/><V62/><F134/><W6/><G35/><T115/><D115/><U4/><E4/><V84/><F84/><W15/><G42/><T80/><D80/><U103/><AGARI ba="0,0" hai="9,10,11,25,26,46,51,52,95,99,103" m="49271" machi="103" ten="30,6000,0" yaku="8,1,54,2" doraHai="57" who="1" fromWho="1" sc="230,-20,307,60,214,-20,249,-20" /><INIT seed="5,1,0,0,0,59" ten="210,367,194,229" oya="1" hai0="18,19,118,113,48,119,66,109,13,93,96,56,2" hai1="20,32,54,97,45,103,3,35,111,16,64,84,14" hai2="68,83,71,85,62,123,98,89,90,108,104,8,37" hai3="133,60,52,115,11,112,36,81,46,72,24,100,69"/><U117/><E117/><V30/><F108/><W39/><G100/><T114/><D2/><U87/><E3/><V26/><F123/><W101/><G101/><T15/><D109/><U125/><E125/><V70/><F37/><W42/><G24/><T131/><D131/><U122/><E122/><V29/><F8/><W129/><G42/><T53/><D66/><U130/><E130/><V63/><F30/><W134/><G129/><T74/><D74/><U27/><E64/><V38/><F38/><N who="3" m="14379" /><G81/><T77/><D77/><U76/><E111/><V92/><REACH who="2" step="1"/><F104/><REACH who="2" ten="210,367,184,229" step="2"/><W127/><G127/><T75/><D119/><U128/><E128/><V116/><F116/><W120/><G11/><T99/><D118/><U80/><E35/><AGARI ba="1,1" hai="26,29,35,62,63,68,70,71,83,85,89,90,92,98" machi="35" ten="40,5200,0" yaku="1,1,52,2,53,0" doraHai="59" doraHaiUra="4" who="2" fromWho="1" sc="210,0,367,-55,184,65,229,0" /><INIT seed="6,0,0,5,4,29" ten="210,312,249,229" oya="2" hai0="44,25,72,5,70,10,100,41,120,73,2,39,0" hai1="49,102,134,109,97,132,42,60,95,38,13,130,33" hai2="47,46,22,84,80,3,18,128,55,27,45,11,24" hai3="108,103,7,91,79,119,104,12,62,83,56,133,51"/><V26/><F128/><W53/><G119/><T6/><D120/><U36/><E109/><V114/><F114/><W89/><G108/><T112/><D112/><U16/><E130/><V31/><F31/><W52/><G133/><N who="1" m="51306" /><E60/><V131/><F131/><W86/><G103/><T50/><D50/><U76/><E76/><V40/><F40/><W118/><G118/><T8/><D100/><U105/><E33/><V107/><F107/><W117/><G104/><T98/><D98/><U92/><E49/><V81/><F81/><W101/><G101/><T110/><D110/><U65/><E65/><V66/><F66/><W17/><G7/><T113/><D113/><U122/><E122/><V135/><F135/><W99/><G99/><T67/><REACH who="0" step="1"/><D25/><REACH who="0" ten="200,312,249,229" step="2"/><U34/><E105/><V68/><F27/><W124/><G124/><T21/><D21/><U74/><E102/><V125/><F26/><W82/><G82/><T63/><AGARI ba="0,1" hai="0,2,5,6,8,10,39,41,44,63,67,70,72,73" machi="63" ten="30,16000,3" yaku="1,1,0,1,9,1,33,3,53,2" doraHai="29" doraHaiUra="106" who="0" fromWho="0" sc="200,170,312,-40,249,-80,229,-40" /><INIT seed="7,0,0,3,1,17" ten="370,272,169,189" oya="3" hai0="73,129,89,132,8,46,34,128,81,101,131,109,126" hai1="119,15,35,116,95,67,21,66,88,61,76,108,43" hai2="3,26,59,83,97,4,78,75,105,118,50,24,133" hai3="49,45,98,48,99,85,55,87,32,113,0,5,53"/><W115/><G32/><T134/><D34/><U27/><E108/><V68/><F68/><W13/><G13/><T77/><D109/><U14/><E35/><V62/><F118/><N who="1" m="45097" /><E43/><V22/><F133/><N who="0" m="51306" /><D101/><U82/><E82/><V124/><F124/><W117/><G5/><T92/><D8/><U2/><E76/><V114/><F114/><W80/><G117/><T19/><D19/><N who="1" m="12735" /><E2/><V96/><F105/><W74/><G74/><T90/><D46/><U110/><E110/><V11/><F50/><W31/><G31/><T94/><D126/><U130/><E130/><V23/><F26/><W56/><G0/><T127/><D127/><U41/><E41/><V28/><F23/><W111/><G111/><T44/><D44/><U38/><E38/><V33/><F33/><W9/><G9/><T135/><D135/><U84/><E66/><AGARI ba="0,0" hai="3,4,11,22,24,28,59,62,66,75,78,83,96,97" machi="66" ten="30,2000,0" yaku="7,1,52,1" doraHai="17" who="2" fromWho="1" sc="370,0,272,-20,169,20,189,0" owari="370,47.0,252,5.2,189,-21.1,189,-31.1" /></mjloggm>