<mjloggm ver="2.3"><GO type="169" lobby="0"/><UN n0="%E7%81%AB%E9%9C%8A%E5%A4%A2" n1="%E3%81%98%E3%82%83%E3%81%99%E3%81%BF%E3%82%93" n2="%66%53" n3="%46%4C%41%4D%45" dan="16,16,16,16" rate="2165.13,2063.55,2100.16,2195.83" sx="M,M,M,M"/><TAIKYOKU oya="0"/><INIT seed="0,0,0,4,5,101" ten="250,250,250,250" oya="0" hai0="68,82,83,8,103,62,57,10,30,46,2,52,25" hai1="76,120,84,31,43,78,33,106,97,89,126,50,59" hai2="41,67,80,111,122,40,49,23,116,17,75,51,113" hai3="3,38,35,119,118,70,18,94,96,102,112,130,132"/><T99/><D68/><U24/><E120/><V71/><F122/><W54/><G70/><T98/><D98/><U85/><E126/><V39/><F75/><W123/><G38/><T95/><D46/><U81/><E43/><V16/><F80/><W60/><G123/><T77/><D2/><U26/><E26/><V86/><F71/><W114/><G3/><T90/><D90/><U13/><E13/><V34/><F34/><W1/><G1/><T32/><REACH who="0" step="1"/><D83/><REACH who="0" ten="240,250,250,250" step="2"/><U48/><E78/><V131/><F116/><W72/><G96/><T64/><D64/><U7/><E59/><V61/><F67/><W107/><G119/><T12/><D12/><U125/><E125/><V129/><F131/><W42/><G130/><T44/><D44/><U37/><E37/><V14/><F129/><W56/><G118/><T21/><D21/><U53/><E81/><V115/><F39/><W58/><G35/><T105/><D105/><U69/><E76/><V19/><F14/><W5/><G107/><T121/><D121/><U88/><E106/><V28/><F23/><W128/><G128/><T100/><D100/><U66/><E97/><V55/><F113/><W4/><G102/><T65/><D65/><U29/><E66/><V104/><F104/><W79/><G114/><T36/><D36/><U134/><E69/><V87/><F115/><W27/><G112/><T11/><D11/><U110/><E89/><V0/><F0/><W74/><G27/><T124/><D124/><U45/><E33/><V6/><F41/><W9/><G42/><T47/><D47/><U93/><E45/><RYUUKYOKU ba="0,1" sc="240,30,250,-10,250,-10,250,-10" hai0="8,10,25,30,32,52,57,62,77,82,95,99,103" /><INIT seed="0,1,1,5,3,74" ten="270,240,240,240" oya="0" hai0="49,65,81,12,86,132,117,60,125,67,134,99,82" hai1="70,71,75,13,97,129,39,21,36,106,31,3,133" hai2="29,96,110,98,104,87,48,101,121,14,27,26,116" hai3="124,38,128,5,109,135,32,37,118,64,119,10,77"/><T20/><D117/><U1/><E75/><V85/><F121/><W84/><G32/><T57/><D125/><U16/><E31/><V47/><F116/><W100/><G100/><T46/><D67/><U30/><E30/><V113/><F113/><W73/><G64/><T42/><D99/><U25/><E13/><V76/><F14/><W105/><G84/><T89/><D20/><U92/><E106/><V103/><F110/><W53/><G53/><T80/><REACH who="0" step="1"/><D12/><REACH who="0" ten="260,240,240,240" step="2"/><U19/><E97/><V54/><F87/><W59/><G124/><T66/><D66/><U115/><E21/><V68/><F68/><W126/><G126/><T61/><D61/><U33/><E33/><V6/><F29/><W52/><G119/><T123/><D123/><U112/><E25/><V127/><F127/><W23/><G23/><T7/><D7/><U18/><E18/><V8/><F6/><W34/><G118/><T28/><D28/><U62/><E62/><V44/><F8/><W90/><G34/><T78/><D78/><U107/><E19/><V108/><F108/><W40/><G77/><T41/><D41/><U58/><E16/><V43/><F85/><W15/><G40/><T17/><D17/><U0/><E1/><V122/><F122/><W93/><G109/><T114/><D114/><U102/><E112/><V130/><F76/><W22/><G5/><T4/><D4/><U91/><E0/><V2/><F2/><W51/><G10/><T95/><AGARI ba="1,2" hai="42,46,49,57,60,65,80,81,82,86,89,95,132,134" machi="95" ten="30,3000,0" yaku="1,1,0,1,53,0" doraHai="74" doraHaiUra="24" who="0" fromWho="0" sc="260,53,240,-11,240,-11,240,-11" /><INIT seed="0,2,0,1,2,7" ten="313,229,229,229" oya="0" hai0="64,117,91,73,128,104,8,85,93,106,74,49,23" hai1="82,58,94,76,114,54,66,100,131,79,34,37,29" hai2="38,134,9,45,132,18,88,25,19,0,10,65,2" hai3="120,130,129,89,6,5,99,35,56,125,24,27,123"/><T22/><D117/><U133/><E37/><V135/><F65/><W96/><G56/><T118/><D118/><U72/><E131/><N who="3" m="50186" /><G89/><T70/><D128/><U110/><E133/><V119/><F119/><W60/><G60/><T50/><D64/><U86/><E110/><V48/><F38/><W80/><G80/><T42/><D42/><U44/><E114/><V13/><F88/><W67/><G67/><T84/><D91/><U102/><E44/><V101/><F101/><W40/><G40/><T108/><D93/><U36/><E36/><V52/><REACH who="2" step="1"/><F10/><REACH who="2" ten="313,229,219,229" step="2"/><W115/><G115/><T121/><D8/><U61/><E66/><V77/><F77/><W11/><G11/><T98/><D98/><U112/><E79/><V55/><F55/><W75/><G99/><T81/><D81/><U26/><E112/><V28/><F28/><W97/><G97/><T107/><D107/><U4/><E94/><V39/><F39/><W53/><G96/><T71/><REACH who="0" step="1"/><D108/><REACH who="0" ten="303,229,219,229" step="2"/><U14/><E100/><V69/><F69/><W63/><G53/><T46/><D46/><U111/><E102/><V1/><F1/><W59/><G123/><AGARI ba="2,2" hai="22,23,49,50,70,71,73,74,84,85,104,106,121,123" machi="123" ten="25,4800,0" yaku="1,1,22,2,53,0" doraHai="7" doraHaiUra="87" who="0" fromWho="3" sc="303,74,229,0,219,0,229,-54" /><INIT seed="0,3,0,0,2,129" ten="377,229,219,175" oya="0" hai0="25,13,86,81,84,32,88,134,83,99,21,2,77" hai1="37,71,87,33,64,12,121,82,126,59,112,10,115" hai2="51,45,116,114,127,122,113,109,53,8,110,19,0" hai3="79,24,55,31,91,90,57,74,89,101,108,38,26"/><T123/><D123/><U119/><E119/><V76/><F76/><W47/><G108/><N who="2" m="41577" /><F0/><W30/><G101/><T5/><D134/><U39/><E121/><V133/><F8/><W27/><G79/><T28/><D2/><U128/><E33/><V3/><F19/><W48/><G74/><T111/><D111/><U106/><E106/><V4/><F4/><W117/><G117/><T44/><D99/><U100/><E100/><V97/><F97/><W125/><G125/><T73/><D44/><U69/><E128/><V107/><F107/><W68/><G68/><N who="1" m="26186" /><E59/><N who="2" m="33215" /><F3/><W46/><REACH who="3" step="1"/><G38/><REACH who="3" ten="377,229,219,165" step="2"/><T16/><REACH who="0" step="1"/><D5/><REACH who="0" ten="367,229,219,165" step="2"/><N who="1" m="3151" /><E126/><V93/><F127/><W29/><AGARI ba="3,2" hai="24,26,27,29,30,31,46,47,48,55,57,89,90,91" machi="29" ten="40,8000,1" yaku="1,1,0,1,29,2,8,1,53,0" doraHai="129" doraHaiUra="124" who="3" fromWho="3" sc="367,-43,229,-23,219,-23,165,109" /><INIT seed="1,0,0,1,2,126" ten="324,206,196,274" oya="1" hai0="132,53,84,104,46,4,39,130,6,48,65,115,47" hai1="86,98,29,90,111,35,45,117,69,19,105,83,91" hai2="16,123,30,102,113,116,72,133,114,119,81,54,55" hai3="108,13,71,109,135,49,75,11,89,122,59,134,118"/><U8/><E69/><V24/><F102/><W70/><G75/><T127/><D115/><N who="2" m="44042" /><F72/><W66/><G89/><T129/><D104/><U99/><E117/><N who="2" m="45131" /><F81/><W38/><G118/><T101/><D127/><U0/><E105/><V124/><F124/><W44/><G13/><T20/><D101/><U100/><E111/><N who="3" m="42570" /><G11/><T1/><D65/><U58/><E100/><V92/><F92/><W96/><G96/><T40/><D132/><N who="3" m="50729" /><G122/><T63/><D63/><U2/><E91/><V7/><F133/><W50/><G38/><T57/><D1/><U56/><E98/><V128/><F7/><W73/><G73/><T121/><D121/><U22/><E99/><V27/><F123/><W60/><G50/><T110/><D84/><U112/><E112/><V76/><F76/><W25/><G25/><N who="2" m="9801" /><F30/><W43/><AGARI ba="0,0" hai="43,44,49,59,60,66,70,71" m="50729,42570" machi="43" ten="30,7900,0" yaku="14,1,20,1,34,2" doraHai="126" who="3" fromWho="3" sc="324,-20,206,-39,196,-20,274,79" /><INIT seed="2,0,0,3,4,87" ten="304,167,176,353" oya="2" hai0="77,96,112,83,129,91,76,8,31,70,36,43,40" hai1="57,117,95,80,84,56,34,46,113,48,79,20,23" hai2="60,97,131,85,130,51,29,120,89,100,19,32,114" hai3="47,92,71,30,12,103,101,44,74,86,55,24,63"/><V118/><F120/><W27/><G74/><T115/><D70/><U106/><E113/><V67/><F114/><W119/><G119/><T81/><D31/><U123/><E117/><V99/><F118/><W127/><G127/><T66/><D66/><U41/><E106/><V65/><F51/><W15/><G71/><T88/><D8/><U124/><E124/><V93/><F19/><W62/><G86/><T126/><D126/><U105/><E105/><V38/><F38/><W72/><G72/><T2/><D96/><U98/><E34/><V7/><F7/><W75/><G75/><T11/><D11/><U110/><E110/><V59/><F67/><W68/><G68/><T3/><REACH who="0" step="1"/><D36/><REACH who="0" ten="294,167,176,353" step="2"/><U90/><E123/><V94/><REACH who="2" step="1"/><F99/><REACH who="2" ten="294,167,166,353" step="2"/><W82/><G30/><T116/><D116/><U26/><E23/><V134/><F134/><W128/><G128/><AGARI ba="0,2" hai="2,3,40,43,76,77,81,83,88,91,112,115,128,129" machi="128" ten="25,12000,2" yaku="1,1,22,2,52,2,54,1,53,0" doraHai="87" doraHaiUra="25" who="0" fromWho="3" sc="294,140,167,0,166,0,353,-120" /><INIT seed="3,0,0,5,3,133" ten="434,167,166,233" oya="3" hai0="100,112,101,72,106,54,92,81,126,99,20,120,95" hai1="98,111,57,0,79,93,7,58,87,80,21,44,107" hai2="102,123,60,42,62,32,2,36,10,18,68,76,88" hai3="91,69,43,104,45,86,64,103,131,1,114,38,121"/><W128/><G1/><T41/><D41/><U49/><E107/><V105/><F123/><W66/><G103/><T96/><D120/><U27/><E111/><V35/><F76/><W30/><G104/><T132/><D20/><U77/><E77/><V29/><F42/><W51/><G30/><T4/><D4/><U53/><E7/><V130/><F36/><W116/><G121/><T14/><D14/><U11/><E11/><V59/><F2/><W129/><G116/><T124/><D54/><U118/><E118/><V9/><F29/><W50/><G114/><T109/><D109/><U23/><E23/><V122/><F105/><W15/><G15/><T97/><D132/><U127/><E127/><N who="0" m="48681" /><D112/><U134/><E134/><V25/><F122/><W94/><G69/><T117/><D117/><U55/><E53/><V108/><F68/><W110/><G110/><T8/><D8/><U125/><E125/><V70/><F70/><W78/><G78/><N who="0" m="44231" /><D106/><U83/><E0/><V84/><F108/><W90/><G38/><T33/><D33/><U34/><E34/><V89/><F25/><W26/><G26/><T74/><D74/><U135/><E135/><V82/><F32/><W61/><G131/><T5/><D5/><U17/><REACH who="1" step="1"/><E80/><REACH who="1" ten="434,157,166,233" step="2"/><N who="2" m="49159" /><F35/><W85/><G129/><T13/><D13/><U113/><E113/><V119/><F130/><W52/><G128/><T19/><D19/><U39/><E39/><V16/><F119/><W63/><G52/><T73/><D73/><U22/><E22/><V40/><F18/><W28/><G28/><T56/><D92/><U115/><E115/><RYUUKYOKU ba="0,1" sc="434,-10,157,30,166,-10,233,-10" hai1="17,21,27,44,49,55,57,58,79,83,87,93,98" /><INIT seed="4,1,1,1,0,114" ten="424,187,156,223" oya="0" hai0="90,100,46,25,65,3,50,131,45,74,47,49,104" hai1="117,1,53,133,44,84,37,98,30,78,121,70,115" hai2="41,125,91,112,34,5,77,135,110,92,61,7,105" hai3="89,62,93,86,95,73,22,52,43,123,97,71,87"/><T122/><D122/><U88/><E121/><V132/><F34/><W96/><G123/><T6/><D74/><U56/><E70/><V103/><F112/><W134/><G134/><N who="2" m="51241" /><F41/><W80/><G73/><T63/><D131/><U94/><E1/><V60/><F110/><W55/><G43/><T54/><D104/><U118/><E115/><V2/><F77/><W23/><G71/><T13/><D3/><U20/><E37/><V67/><F125/><W17/><G62/><N who="2" m="24169" /><F67/><W120/><G120/><T15/><D100/><U28/><E44/><V85/><F2/><W107/><G107/><T75/><D75/><U18/><E133/><V113/><F113/><W10/><G10/><T82/><D25/><U8/><E8/><V124/><F124/><W99/><G23/><T48/><D54/><N who="3" m="20521" /><G87/><N who="0" m="50551" /><D6/><U116/><E84/><V14/><F14/><AGARI ba="1,1" hai="14,17,22,80,86,89,93,95,96,97,99" m="20521" machi="14" ten="30,2000,0" yaku="8,1,54,1" doraHai="114" who="3" fromWho="2" sc="424,0,187,0,156,-23,223,33" /><INIT seed="5,0,0,0,3,43" ten="424,187,133,256" oya="1" hai0="33,98,74,124,87,76,40,91,77,116,71,135,104" hai1="42,44,0,13,4,97,7,1,64,24,32,133,84" hai2="130,61,15,56,75,127,31,120,111,134,34,99,8" hai3="46,37,14,70,21,102,55,12,108,131,26,9,59"/><U51/><E133/><V82/><F134/><W114/><G108/><T95/><D135/><U2/><E64/><V101/><F111/><W123/><G123/><T41/><D71/><U117/><E117/><V5/><F120/><W53/><G114/><T54/><D116/><U129/><E129/><V25/><F130/><W36/><G131/><T63/><D124/><U19/><E97/><V20/><F127/><W58/><G70/><T78/><D33/><U30/><REACH who="1" step="1"/><E84/><REACH who="1" ten="424,177,133,256" step="2"/><V88/><F34/><W60/><G102/><T93/><D98/><U6/><E6/><V86/><F75/><W94/><G94/><T50/><D93/><U110/><E110/><V11/><F11/><AGARI ba="0,1" hai="0,1,2,4,7,11,13,19,24,30,32,42,44,51" machi="11" ten="40,7700,0" yaku="1,1,52,1,53,1" doraHai="43" doraHaiUra="22" who="1" fromWho="2" sc="424,0,177,87,133,-77,256,0" /><INIT seed="5,1,0,0,0,107" ten="424,264,56,256" oya="1" hai0="63,101,36,119,69,1,9,66,129,133,25,32,49" hai1="60,34,94,30,65,18,2,37,21,4,64,93,26" hai2="80,15,106,114,122,6,7,89,35,83,70,99,40" hai3="109,75,51,82,87,27,17,39,127,134,103,132,98"/><U3/><E37/><V43/><F70/><W20/><G39/><T41/><D119/><U33/><E33/><V78/><F106/><W91/><G109/><T71/><D71/><U46/><E46/><V11/><F35/><W118/><G118/><T90/><D129/><U111/><E111/><V130/><F130/><W23/><G127/><T45/><D133/><U96/><E94/><V117/><F117/><W28/><G51/><T113/><D113/><U61/><E60/><V79/><F114/><W50/><G50/><T44/><D101/><U86/><E86/><V47/><F122/><W52/><G52/><T62/><D62/><U115/><E115/><V97/><F47/><W53/><G53/><T92/><D32/><U72/><E72/><V110/><F110/><W54/><G54/><T126/><D126/><U5/><E3/><V116/><F116/><W57/><G57/><T59/><D25/><U85/><E85/><V100/><F100/><W84/><G84/><T24/><D24/><U88/><E61/><V104/><F104/><W58/><G58/><T124/><D124/><U131/><E131/><V13/><REACH who="2" step="1"/><F11/><REACH who="2" ten="424,264,46,256" step="2"/><W77/><G103/><T22/><D44/><U125/><E125/><V76/><F76/><W12/><G134/><T8/><D45/><U31/><E34/><V123/><F123/><W81/><G132/><T0/><D69/><U135/><E135/><V42/><F42/><W128/><G128/><T95/><D9/><U108/><E108/><V19/><F19/><W112/><G112/><T105/><D105/><U67/><E5/><V56/><F56/><RYUUKYOKU ba="1,1" sc="424,-30,264,10,46,10,256,10" hai1="2,4,18,21,26,30,31,64,65,67,88,93,96" hai2="6,7,13,15,40,43,78,79,80,83,89,97,99" hai3="12,17,20,23,27,28,75,77,81,82,87,91,98" /><INIT seed="5,2,1,4,1,69" ten="394,274,56,266" oya="1" hai0="42,57,114,72,34,89,12,38,6,81,9,16,64" hai1="135,112,111,7,73,109,117,56,24,68,58,50,134" hai2="103,105,37,29,116,102,85,25,65,61,20,118,125" hai3="94,5,110,75,99,74,47,67,41,26,8,86,121"/><U120/><E73/><V27/><F125/><W28/><G110/><N who="1" m="41994" /><E24/><V23/><F105/><W132/><G132/><N who="1" m="50730" /><E7/><V21/><F85/><W107/><G86/><T127/><D34/><U93/><E93/><V129/><F129/><W123/><G67/><T79/><D127/><U130/><E68/><V77/><F77/><W2/><G123/><T40/><D114/><U126/><E126/><V31/><F65/><W101/><G121/><T90/><D6/><U108/><E120/><V22/><F22/><W71/><G94/><T70/><D70/><U91/><E91/><V100/><F61/><W46/><G46/><T88/><REACH who="0" step="1"/><D38/><REACH who="0" ten="384,274,56,266" step="2"/><U66/><E108/><V122/><F122/><W87/><G71/><T128/><D128/><U10/><E130/><V96/><F37/><N who="3" m="21935" /><G87/><T19/><D19/><U32/><E32/><AGARI ba="2,2" hai="2,5,8,26,28,32,74,75,99,101,107" m="21935" machi="32" ten="30,3900,0" yaku="33,2,52,1" doraHai="69" who="3" fromWho="1" sc="384,0,274,-45,56,0,266,65" /><INIT seed="6,0,0,0,1,31" ten="384,229,56,331" oya="2" hai0="112,103,38,35,17,122,40,19,85,16,82,113,13" hai1="34,25,75,21,128,63,90,73,97,41,78,64,109" hai2="12,133,91,43,88,23,132,18,110,95,124,86,29" hai3="14,36,99,11,7,71,69,24,20,2,33,50,10"/><V76/><F124/><W58/><G36/><T108/><D108/><U60/><E109/><V135/><F110/><W130/><G130/><T96/><D122/><U65/><E128/><V55/><F43/><W30/><G99/><T49/><D38/><U8/><E41/><V47/><F29/><W15/><G15/><T107/><D40/><U77/><E8/><V22/><F76/><W125/><G125/><T126/><D49/><U44/><E44/><V56/><F47/><W67/><G50/><T66/><D66/><U45/><E45/><V48/><REACH who="2" step="1"/><F91/><REACH who="2" ten="384,229,46,331" step="2"/><W83/><G30/><T57/><D126/><U5/><E78/><V117/><F117/><W80/><G71/><T101/><D113/><U94/><E77/><V105/><F105/><W42/><G69/><T0/><D107/><U72/><E90/><V119/><F119/><W28/><G42/><T37/><D112/><U59/><E75/><V52/><F52/><W93/><G67/><T118/><D118/><U104/><E104/><V61/><F61/><W51/><G51/><T39/><D39/><U127/><E127/><V79/><F79/><W121/><G28/><T100/><D37/><U98/><E73/><V26/><F26/><W3/><G24/><T6/><D57/><U111/><E72/><V92/><F92/><W68/><G93/><T87/><D101/><U131/><E94/><V27/><F27/><W62/><G58/><T129/><D100/><U9/><E59/><V106/><F106/><W123/><G62/><T134/><D103/><U54/><E60/><V74/><F74/><W116/><G116/><RYUUKYOKU ba="0,1" sc="384,-10,229,-10,46,30,331,-10" hai2="12,18,22,23,48,55,56,86,88,95,132,133,135" /><INIT seed="6,1,1,4,3,5" ten="374,219,76,321" oya="2" hai0="132,131,117,83,126,4,12,36,85,62,107,118,87" hai1="49,88,22,14,129,51,103,66,119,99,20,3,78" hai2="40,31,18,113,26,58,23,92,46,116,35,128,82" hai3="30,95,101,52,80,56,120,122,61,76,41,104,42"/><V111/><F116/><N who="0" m="44650" /><D126/><U9/><E119/><V54/><F111/><W69/><G104/><T81/><D107/><U84/><E78/><V89/><F128/><W108/><G108/><T124/><D124/><U6/><E66/><V67/><F113/><W21/><G69/><T13/><D131/><U96/><E129/><V37/><F67/><W127/><G127/><T48/><D36/><U17/><E20/><V97/><F82/><N who="0" m="31242" /><D132/><U45/><E103/><V98/><F97/><N who="3" m="59583" /><G122/><T93/><D62/><U75/><E75/><V8/><F8/><W59/><G120/><T29/><D29/><U110/><E51/><V73/><F73/><W55/><G80/><T109/><D109/><U33/><E33/><V90/><F90/><W115/><G115/><T114/><D4/><U91/><E110/><V43/><F40/><W19/><G30/><T123/><D123/><U50/><E50/><V34/><REACH who="2" step="1"/><F31/><REACH who="2" ten="374,219,66,321" step="2"/><W121/><G121/><T106/><D114/><U57/><E91/><V47/><F47/><W16/><G76/><T134/><D85/><U68/><E45/><V7/><F7/><W25/><G19/><T77/><D87/><U53/><E68/><V10/><F10/><W11/><G11/><T135/><D77/><U15/><E3/><V60/><AGARI ba="1,2" hai="18,23,26,34,35,37,43,46,54,58,60,89,92,98" machi="60" ten="20,12000,1" yaku="1,1,0,1,7,1,25,2,53,0" doraHai="5" doraHaiUra="1" who="2" fromWho="2" sc="374,-41,219,-41,66,143,321,-41" /><INIT seed="6,2,0,2,1,85" ten="333,178,209,280" oya="2" hai0="135,10,21,13,132,76,62,51,113,67,63,3,52" hai1="73,129,69,83,40,27,124,123,35,36,0,12,87" hai2="120,100,82,74,17,48,57,125,109,108,78,15,114" hai3="105,26,77,130,18,33,23,71,65,7,104,68,25"/><V66/><F120/><W1/><G130/><T101/><D113/><U94/><E0/><V115/><F125/><W6/><G77/><T116/><D116/><U16/><E69/><V106/><F106/><W34/><G1/><T43/><D76/><U128/><E123/><V79/><F100/><W50/><G50/><T37/><D101/><U131/><E124/><V8/><F78/><W29/><G23/><T92/><D3/><U30/><E73/><V5/><F5/><W111/><G18/><T32/><D32/><U31/><E31/><V58/><F66/><W90/><G65/><T75/><D75/><U133/><E94/><V46/><F58/><W28/><REACH who="3" step="1"/><G111/><REACH who="3" ten="333,178,209,270" step="2"/><N who="2" m="42569" /><F57/><W56/><G56/><T39/><D67/><U72/><E72/><V44/><F44/><W127/><G127/><T55/><D51/><U14/><E14/><V70/><F70/><W97/><G97/><T47/><D13/><U9/><E40/><AGARI ba="2,1" hai="8,15,17,40,46,48,74,79,82,114,115" m="42569" machi="40" ten="30,1500,0" yaku="10,1" doraHai="85" who="2" fromWho="1" sc="333,0,178,-21,209,31,270,0" /><INIT seed="6,3,0,0,2,133" ten="333,157,240,270" oya="2" hai0="55,109,73,61,40,131,113,20,114,15,35,124,27" hai1="81,47,74,18,92,52,94,105,117,24,76,93,0" hai2="82,42,70,2,23,10,22,31,97,21,45,111,32" hai3="6,77,26,98,75,68,123,30,11,25,89,110,7"/><V126/><F70/><W67/><G110/><T63/><D109/><U41/><E0/><V104/><F111/><W121/><G26/><T69/><D73/><U115/><E117/><V33/><F31/><W1/><G6/><T57/><D131/><U39/><E105/><V49/><F82/><N who="3" m="45375" /><G89/><T28/><D40/><U50/><E115/><N who="0" m="44041" /><D124/><U17/><REACH who="1" step="1"/><E24/><REACH who="1" ten="333,147,240,270" step="2"/><V125/><F104/><W128/><G25/><T19/><D27/><U107/><E107/><V59/><F32/><W4/><G1/><T129/><D129/><U83/><E83/><V5/><F33/><W88/><G128/><T99/><D28/><U37/><E37/><V8/><F2/><W53/><G30/><T103/><D35/><U120/><E120/><V112/><F112/><W122/><G122/><T90/><D15/><U86/><E86/><V84/><F84/><W3/><G123/><T36/><D36/><U9/><E9/><V95/><F10/><W127/><G121/><T66/><D20/><U130/><E130/><V51/><F8/><W48/><G3/><T60/><D99/><U56/><AGARI ba="3,1" hai="17,18,39,41,47,50,52,56,74,76,81,92,93,94" machi="56" ten="30,4000,0" yaku="1,1,0,1,54,1,53,0" doraHai="133" doraHaiUra="96" who="1" fromWho="1" sc="333,-13,147,59,240,-23,270,-13" /><INIT seed="7,0,0,0,4,53" ten="320,206,217,257" oya="3" hai0="116,66,77,91,73,94,2,67,109,25,23,79,41" hai1="51,102,126,34,87,82,18,95,100,90,65,71,129" hai2="101,127,42,49,1,111,84,76,38,92,20,39,21" hai3="22,58,55,122,89,85,115,14,63,24,80,81,105"/><W37/><G105/><T88/><D109/><U68/><E34/><V86/><F1/><W46/><G122/><T35/><D35/><U93/><E126/><V117/><F111/><W48/><G115/><T104/><D104/><U31/><E31/><V106/><F117/><W59/><G37/><T43/><D2/><U98/><E129/><V131/><F131/><W13/><G81/><T119/><D73/><U44/><E65/><N who="0" m="24585" /><D116/><U50/><E18/><V69/><F69/><W12/><G63/><T47/><D91/><U132/><E132/><V45/><F106/><W6/><G6/><T40/><D47/><U5/><E5/><V113/><F113/><W118/><G118/><T27/><D27/><U26/><E26/><V103/><F127/><W57/><G46/><T72/><D72/><U128/><E128/><V9/><F39/><W3/><G3/><T121/><D121/><U123/><E123/><V114/><F38/><W36/><G36/><T133/><D133/><U54/><E51/><V135/><F135/><W99/><G99/><AGARI ba="0,0" hai="44,50,54,68,71,82,87,90,93,95,98,99,100,102" machi="99" ten="40,1300,0" yaku="9,1" doraHai="53" who="1" fromWho="3" sc="320,0,206,13,217,0,257,-13" owari="320,42.0,219,-18.1,217,-28.3,244,4.4" /></mjloggm>