<mjloggm ver="2.3"><GO type="169" lobby="0"/><UN n0="%E6%9C%AA%E6%9D%A5%E5%B0%91%E5%B9%B4" n1="%E3%82%A8%E3%82%B9%E3%82%B1%E3%83%BC%2E" n2="%E6%89%8B%E6%89%93%E3%81%A1%E3%81%8D%E3%81%97%E3%82%81%E3%82%93" n3="%E7%8C%9B%E5%8F%8D%E7%99%BA%E3%81%BE%E3%81%8F%E3%82%89" dan="16,17,18,16" rate="2176.09,2193.62,2201.45,2104.20" sx="F,M,M,M"/><TAIKYOKU oya="0"/><INIT seed="0,0,0,0,2,86" ten="250,250,250,250" oya="0" hai0="70,95,50,18,122,61,57,106,10,67,28,97,125" hai1="85,69,16,0,99,135,78,68,4,101,32,93,53" hai2="129,13,27,7,55,82,63,31,114,81,131,60,107" hai3="41,20,120,21,39,46,92,118,128,96,44,15,90"/><T108/><D122/><U73/><E73/><V49/><F107/><W66/><G118/><T89/><D125/><U58/><E32/><V23/><F114/><W132/><G128/><T17/><D108/><U30/><E30/><V54/><F54/><W75/><G132/><T43/><D28/><U62/><E135/><V37/><F37/><W56/><G120/><T84/><D10/><U26/><E4/><V38/><F38/><W98/><G75/><T24/><D24/><U87/><E0/><V59/><F129/><W6/><G46/><N who="0" m="25951" /><D106/><U112/><E112/><V115/><F115/><W94/><G6/><T116/><D70/><U64/><E68/><V1/><F1/><W80/><G80/><N who="2" m="30825" /><F131/><W77/><G77/><T72/><D72/><U12/><E78/><V48/><F48/><W45/><G44/><T109/><D109/><U33/><E33/><V74/><F74/><W103/><REACH who="3" step="1"/><G15/><REACH who="3" ten="250,250,250,240" step="2"/><T133/><D133/><U8/><REACH who="1" step="1"/><E26/><REACH who="1" ten="250,240,250,240" step="2"/><V83/><F27/><W111/><G111/><T79/><D116/><U19/><E19/><V2/><F2/><W110/><G110/><T105/><D17/><U134/><E134/><V100/><F13/><W36/><G36/><T76/><D18/><U121/><E121/><V35/><F7/><W25/><G25/><T14/><D14/><U124/><E124/><V22/><F31/><W9/><G9/><T119/><D119/><U65/><E65/><V40/><F35/><W51/><G51/><AGARI ba="0,2" hai="8,12,16,51,53,58,62,64,69,85,87,93,99,101" machi="51" ten="30,7700,0" yaku="1,1,7,1,54,1,53,1" doraHai="86" doraHaiUra="52" who="1" fromWho="3" sc="250,0,240,97,250,0,240,-77" /><INIT seed="1,0,0,0,0,123" ten="250,337,250,163" oya="1" hai0="19,69,26,37,58,135,80,24,14,43,28,44,7" hai1="36,126,106,122,111,114,70,133,2,120,41,113,98" hai2="128,102,71,48,89,11,109,52,40,82,99,51,1" hai3="104,77,38,25,30,95,50,92,83,42,53,67,74"/><U85/><RYUUKYOKU type="yao9" ba="0,0" sc="250,0,337,0,250,0,163,0" hai1="2,36,41,70,85,98,106,111,113,114,120,122,126,133" /><INIT seed="1,1,0,1,1,38" ten="250,337,250,163" oya="1" hai0="15,75,51,10,119,0,56,81,117,126,85,72,83" hai1="116,132,78,30,57,135,50,8,109,27,66,99,14" hai2="101,134,17,6,79,77,65,102,128,120,13,19,34" hai3="42,43,104,133,71,108,58,46,33,16,93,2,95"/><U88/><E116/><V39/><F39/><W87/><G104/><T60/><D0/><U130/><E130/><V82/><F34/><W28/><G71/><T92/><D126/><U115/><E115/><V21/><F120/><W49/><G2/><T123/><D123/><U100/><E78/><V7/><F128/><W90/><G133/><N who="1" m="51274" /><E109/><V96/><F134/><W94/><G108/><T5/><D75/><U53/><E66/><V121/><F65/><W1/><G1/><T84/><D72/><U76/><E76/><V54/><F54/><N who="3" m="32079" /><G33/><T97/><D51/><U11/><E14/><V20/><F121/><W86/><G28/><T22/><D117/><U36/><E88/><V70/><F70/><W40/><G46/><T114/><D119/><U125/><E125/><V122/><F122/><W61/><G61/><T9/><D114/><U3/><E3/><V24/><F79/><W26/><G90/><T124/><D124/><U25/><E25/><V89/><F89/><W12/><G26/><T98/><D60/><U129/><E36/><V18/><F101/><W103/><G103/><T127/><D127/><U69/><E69/><V67/><F67/><W23/><AGARI ba="1,0" hai="12,16,23,40,42,43,86,87,93,94,95" m="32079" machi="23" ten="30,8000,1" yaku="8,1,52,3,54,1" doraHai="38" who="3" fromWho="3" sc="250,-21,337,-41,250,-21,163,83" /><INIT seed="2,0,0,4,1,59" ten="229,296,229,246" oya="2" hai0="63,103,44,56,51,2,73,38,91,100,68,128,42" hai1="40,94,92,85,123,98,46,72,88,81,115,96,34" hai2="18,14,116,20,25,126,3,129,61,113,0,64,62" hai3="93,86,135,12,31,119,110,130,41,6,28,107,83"/><V17/><F116/><W53/><G119/><T125/><D125/><U39/><E115/><V82/><F113/><W33/><G107/><T80/><D128/><U105/><E34/><V127/><F129/><W19/><G130/><T99/><D2/><U121/><E72/><V11/><F82/><W1/><G110/><T71/><D38/><U122/><REACH who="1" step="1"/><E98/><REACH who="1" ten="229,286,229,246" step="2"/><V13/><F25/><W32/><G33/><T27/><D27/><U111/><E111/><V117/><F117/><W58/><G32/><T48/><D73/><U24/><E24/><V29/><F29/><W101/><G31/><T66/><D99/><U134/><E134/><V120/><F120/><W114/><G28/><T132/><D132/><U50/><E50/><V37/><F37/><W26/><G114/><T21/><D51/><U97/><E97/><V131/><F131/><W54/><G135/><T5/><D100/><AGARI ba="0,1" hai="39,40,46,81,85,88,92,94,96,100,105,121,122,123" machi="100" ten="40,8000,1" yaku="1,1,13,1,54,1,53,1" doraHai="59" doraHaiUra="78" who="1" fromWho="0" sc="229,-80,286,90,229,0,246,0" /><INIT seed="3,0,0,5,0,60" ten="149,376,229,246" oya="3" hai0="131,27,66,84,34,16,121,76,96,106,104,28,26" hai1="100,92,45,42,75,86,54,23,102,29,134,82,128" hai2="15,124,114,41,120,118,8,18,31,20,97,126,107" hai3="103,88,64,19,117,55,52,83,77,89,70,39,125"/><W9/><G117/><T35/><D131/><U14/><E128/><V67/><F41/><W127/><G39/><T47/><D121/><U51/><E134/><V119/><F107/><W72/><G103/><T132/><D132/><U95/><E75/><V22/><F97/><W113/><G113/><T61/><D96/><U105/><E105/><V99/><F99/><W4/><G19/><T98/><D98/><U30/><E42/><V5/><F67/><W57/><G55/><T3/><D3/><U2/><E2/><V74/><F74/><W62/><G9/><T81/><D47/><U90/><E14/><V87/><F87/><W36/><G36/><T94/><D94/><N who="1" m="35883" /><E23/><V50/><F50/><W44/><G44/><T133/><D133/><U110/><E110/><V13/><F114/><W111/><G4/><T93/><D93/><U53/><E54/><V112/><F120/><W130/><G111/><T122/><D122/><U10/><E10/><V63/><F112/><W7/><G7/><T85/><D85/><U123/><E123/><V116/><F63/><N who="3" m="36263" /><G130/><T129/><D129/><U17/><E17/><N who="2" m="10287" /><F31/><AGARI ba="0,0" hai="29,30,31,45,51,53,82,86,90,100,102" m="35883" machi="31" ten="30,1000,0" yaku="8,1" doraHai="60" who="1" fromWho="2" sc="149,0,376,10,229,-10,246,0" /><INIT seed="4,0,0,3,4,92" ten="149,386,219,246" oya="0" hai0="68,105,3,58,111,118,42,109,35,128,5,104,50" hai1="12,73,16,48,56,135,80,57,100,19,66,123,31" hai2="67,36,122,60,78,121,82,125,11,127,41,59,120" hai3="29,86,24,115,47,64,10,77,96,22,49,46,89"/><T112/><D118/><U27/><E123/><V37/><F11/><W76/><G115/><T74/><D68/><U75/><E135/><V95/><F95/><W87/><G64/><T15/><D3/><U63/><E100/><V6/><F6/><W23/><G10/><N who="0" m="4559" /><D74/><U18/><E12/><V132/><F132/><W107/><G23/><T39/><D35/><U54/><REACH who="1" step="1"/><E80/><REACH who="1" ten="149,376,219,246" step="2"/><V51/><F82/><W21/><G107/><T52/><D105/><U30/><E30/><V110/><F110/><N who="0" m="41994" /><D104/><U94/><E94/><V2/><F2/><W55/><G29/><T65/><D112/><U101/><E101/><V90/><F78/><W102/><G77/><T129/><D65/><U69/><E69/><V45/><F90/><W14/><G89/><T117/><D117/><U79/><E79/><V4/><F4/><W53/><G76/><T20/><D20/><AGARI ba="0,1" hai="16,18,19,20,27,31,48,54,56,57,63,66,73,75" machi="20" ten="40,2600,0" yaku="1,1,54,1,53,0" doraHai="92" doraHaiUra="33" who="1" fromWho="0" sc="149,-26,376,36,219,0,246,0" /><INIT seed="5,0,0,2,0,84" ten="123,412,219,246" oya="1" hai0="120,28,97,2,13,70,121,45,102,62,1,123,83" hai1="65,118,4,122,38,5,14,100,110,74,77,130,86" hai2="57,53,107,99,73,8,54,127,9,16,88,135,11" hai3="33,52,50,19,72,105,32,7,78,26,69,23,75"/><U61/><E38/><V126/><F73/><W66/><G105/><T34/><D45/><U119/><E74/><V95/><F107/><W76/><G7/><T58/><D13/><U106/><E122/><V3/><F135/><W129/><G129/><T29/><D83/><U43/><E43/><V22/><F3/><W48/><G48/><T117/><D117/><U113/><E130/><V55/><REACH who="2" step="1"/><F57/><REACH who="2" ten="123,412,209,246" step="2"/><W90/><G75/><T27/><D29/><U10/><E106/><V81/><F81/><W103/><G72/><T109/><D109/><U132/><E132/><V37/><F37/><W39/><G39/><T79/><D58/><U134/><E134/><V0/><F0/><W115/><G69/><T49/><D49/><U87/><E118/><V44/><F44/><W98/><G50/><T17/><D2/><U21/><E119/><V114/><F114/><W116/><G115/><T56/><D1/><U6/><E113/><V18/><F18/><W59/><G19/><T82/><D17/><U131/><E4/><V64/><F64/><W92/><G66/><N who="0" m="41303" /><D56/><U128/><E5/><V63/><F63/><W112/><G112/><T46/><D46/><U91/><E6/><V104/><F104/><W94/><G116/><T89/><D102/><U24/><E100/><V31/><F31/><N who="3" m="17887" /><G59/><T30/><D30/><U35/><E128/><V101/><F101/><W47/><G47/><T108/><D108/><U12/><E131/><V111/><F111/><W36/><G36/><T15/><D120/><U85/><E110/><V80/><F80/><W60/><G103/><T67/><D121/><RYUUKYOKU ba="0,1" sc="123,-10,412,-10,209,30,246,-10" hai2="8,9,11,16,22,53,54,55,88,95,99,126,127" /><INIT seed="6,1,1,0,4,2" ten="113,402,239,236" oya="2" hai0="6,94,105,43,36,118,59,109,66,96,68,102,123" hai1="78,17,124,92,74,1,82,8,114,91,11,111,117" hai2="23,133,85,10,30,40,20,38,128,134,108,89,28" hai3="76,3,73,34,16,9,99,83,14,49,62,126,56"/><V54/><F128/><W4/><G126/><T131/><D123/><U52/><E111/><V106/><F106/><W19/><G34/><T57/><D109/><U75/><E75/><V48/><F40/><W22/><G19/><T12/><D131/><U84/><E117/><V55/><F38/><W107/><G49/><T61/><D118/><U37/><E37/><V47/><F55/><W132/><G132/><N who="2" m="50793" /><F108/><W71/><G71/><T44/><REACH who="0" step="1"/><D105/><REACH who="0" ten="103,402,239,236" step="2"/><U88/><E124/><V65/><F30/><W100/><G62/><T125/><D125/><U42/><E42/><V60/><F28/><W18/><G56/><T86/><D86/><U46/><E114/><V24/><F60/><W67/><G67/><T27/><D27/><U50/><E1/><V112/><F24/><W113/><REACH who="3" step="1"/><G18/><REACH who="3" ten="103,402,239,226" step="2"/><T121/><D121/><U101/><E17/><V39/><F65/><W51/><G51/><T58/><D58/><U129/><E129/><V64/><F39/><W69/><G69/><T130/><D130/><U0/><E50/><V29/><F64/><W25/><G25/><T7/><D7/><U53/><E53/><V21/><F29/><W119/><G119/><T97/><D97/><U120/><E52/><V110/><F110/><W35/><G35/><T41/><D41/><U15/><E120/><V116/><F116/><W122/><G122/><T115/><D115/><AGARI ba="1,3" hai="3,4,9,14,16,22,73,76,83,99,100,107,113,115" machi="115" ten="40,5200,0" yaku="1,1,52,1,54,1,53,0" doraHai="2" doraHaiUra="63" who="3" fromWho="0" sc="103,-55,402,0,239,0,226,85" /><INIT seed="7,0,0,4,4,76" ten="48,402,239,311" oya="3" hai0="106,38,112,115,94,75,16,74,83,64,13,88,125" hai1="108,109,72,98,126,132,100,15,37,99,61,79,77" hai2="21,91,53,92,12,41,49,20,84,45,118,110,35" hai3="46,96,9,65,17,56,33,19,103,51,68,29,1"/><W26/><G68/><T31/><D38/><U121/><E37/><V86/><F35/><W73/><G73/><T50/><D106/><U80/><E121/><V4/><F110/><W58/><G1/><T135/><D135/><U78/><E132/><V34/><F34/><W89/><G89/><T0/><D125/><U27/><E126/><V66/><F66/><W122/><G122/><T97/><D0/><U24/><E61/><V124/><F118/><W10/><G10/><T39/><D39/><U116/><E116/><V113/><F113/><W48/><G48/><T104/><D31/><U8/><E78/><V134/><F134/><W101/><G101/><T7/><D7/><U82/><E98/><V63/><F86/><W87/><G87/><T11/><D64/><U62/><E62/><V69/><F69/><W70/><G9/><T42/><D104/><U55/><E55/><V107/><F107/><W129/><G129/><T105/><D105/><N who="1" m="63647" /><E108/><V93/><F93/><W114/><G114/><N who="0" m="43563" /><D50/><U43/><E43/><V127/><F124/><W81/><G81/><T47/><D47/><U117/><E117/><V71/><F127/><W44/><G44/><T22/><D42/><U32/><E32/><V3/><F3/><W5/><G5/><T128/><D128/><U90/><E90/><V54/><F71/><W18/><G70/><T14/><D83/><U67/><E109/><V25/><F63/><W52/><REACH who="3" step="1"/><G65/><REACH who="3" ten="48,402,239,301" step="2"/><T40/><D40/><U6/><E67/><V120/><F120/><W85/><G85/><T119/><D119/><U130/><E130/><V2/><F2/><RYUUKYOKU ba="0,1" sc="48,10,402,10,239,-30,301,10" hai0="11,13,14,16,22,74,75,88,94,97" hai1="6,8,15,24,27,72,77,79,80,82" hai3="17,18,19,26,29,33,46,51,52,56,58,96,103" /><INIT seed="7,1,1,2,2,123" ten="58,412,209,311" oya="3" hai0="34,122,52,0,88,55,130,32,1,94,132,42,81" hai1="105,65,106,113,69,133,80,54,26,67,30,39,120" hai2="77,41,84,61,119,53,3,99,129,90,127,59,126" hai3="35,25,50,28,110,112,18,12,17,44,40,14,24"/><W117/><G117/><T91/><D132/><U68/><E120/><V21/><F3/><W11/><G112/><T86/><D122/><U82/><E39/><V15/><F119/><W4/><G110/><T20/><D130/><U23/><E133/><V104/><F41/><W114/><G114/><T116/><D116/><U93/><E113/><V78/><F104/><W13/><G25/><T63/><D42/><U124/><E124/><N who="2" m="47659" /><F99/><W60/><REACH who="3" step="1"/><G60/><REACH who="3" ten="58,412,209,301" step="2"/><T111/><D111/><U89/><E69/><V103/><F129/><W72/><G72/><T2/><D20/><U73/><E68/><V29/><F61/><W8/><G8/><T27/><D27/><U57/><E73/><V38/><F78/><W49/><G49/><T22/><D22/><U43/><E23/><V108/><F77/><W79/><G79/><T47/><D63/><U98/><E26/><V92/><F108/><W46/><G46/><T101/><D101/><U58/><E58/><V135/><F103/><W51/><G51/><T85/><REACH who="0" step="1"/><D47/><REACH who="0" ten="48,412,209,301" step="2"/><U48/><E48/><N who="2" m="31143" /><F135/><W75/><G75/><T74/><D74/><U33/><E57/><V19/><F38/><W71/><G71/><T5/><D5/><U31/><E33/><V96/><F21/><W37/><G37/><T125/><D125/><U97/><E65/><V6/><F6/><W95/><G95/><T87/><D87/><U9/><E67/><V107/><F84/><W134/><G134/><T16/><D16/><AGARI ba="1,3" hai="4,11,12,13,14,16,17,18,24,28,35,40,44,50" machi="16" ten="40,3900,0" yaku="1,1,54,1,53,0" doraHai="123" doraHaiUra="118" who="3" fromWho="0" sc="48,-42,412,0,209,0,301,72" /><INIT seed="7,2,0,2,3,115" ten="6,412,209,373" oya="3" hai0="129,52,65,35,3,5,81,34,41,83,77,6,25" hai1="36,72,33,91,128,39,7,45,10,130,59,0,44" hai2="14,46,80,120,27,131,62,67,48,31,87,71,121" hai3="49,127,99,124,98,112,135,78,38,90,24,116,17"/><W15/><G38/><N who="1" m="14378" /><E33/><V54/><F131/><N who="1" m="50217" /><E72/><V16/><F27/><W114/><G135/><T63/><D129/><U94/><E59/><V125/><F31/><W57/><G116/><T53/><D25/><U118/><E118/><V69/><F125/><N who="3" m="48203" /><G78/><T1/><D77/><U100/><E100/><V22/><F71/><W107/><G24/><T40/><D63/><U61/><E61/><V134/><F134/><W23/><G90/><T12/><D12/><U119/><E119/><V19/><F19/><W105/><G57/><T97/><D97/><AGARI ba="2,0" hai="0,7,10,44,45,91,94,97" m="50217,14378" machi="97" ten="30,1000,0" yaku="19,1" doraHai="115" who="1" fromWho="0" sc="6,-16,412,16,209,0,373,0" owari="-10,-51.0,428,52.8,209,-19.1,373,17.3" /></mjloggm>