<mjloggm ver="2.3"><GO type="169" lobby="0"/><UN n0="%E3%82%A8%E3%82%B0%E3%83%81%E3%80%81" n1="%E3%81%82%E3%81%8A%E3%81%8D%E3%82%93%E3%81%90" n2="%50%73%79%63%68%65" n3="%41%E7%9F%B3%E6%A9%8B" dan="17,16,17,16" rate="2209.30,2123.54,2130.43,2130.42" sx="M,M,M,M"/><TAIKYOKU oya="0"/><INIT seed="0,0,0,0,5,45" ten="250,250,250,250" oya="0" hai0="3,129,64,128,24,69,102,78,126,5,89,116,88" hai1="20,94,98,80,11,29,38,82,6,81,63,83,39" hai2="46,33,66,125,14,107,16,131,4,92,27,106,62" hai3="75,55,70,111,48,25,97,10,117,12,1,86,108"/><T50/><D116/><U2/><N who="1" m="20480" /><DORA hai="28" /><U109/><E109/><N who="3" m="42058" /><G117/><T19/><D78/><U112/><E112/><V40/><F4/><W132/><G70/><T85/><D102/><U58/><E20/><V30/><F92/><W121/><G75/><T54/><D85/><U26/><E26/><V113/><F113/><W101/><G1/><T84/><D84/><U72/><E29/><V130/><F125/><W127/><G127/><T104/><D104/><U74/><E74/><V100/><F100/><W95/><G86/><T133/><D126/><U21/><E21/><V49/><F131/><N who="0" m="50250" /><D19/><U42/><E42/><V71/><REACH who="2" step="1"/><F130/><REACH who="2" ten="250,250,240,250" step="2"/><W79/><G121/><T76/><D76/><U61/><E72/><V135/><F135/><W99/><G132/><T90/><D133/><U120/><E120/><V68/><F68/><W22/><G79/><T8/><D69/><U105/><E105/><V119/><F119/><W110/><G110/><T47/><D24/><U114/><E114/><V18/><F18/><N who="3" m="12503" /><G95/><T124/><D124/><U67/><E94/><V13/><F13/><W115/><G115/><T87/><D87/><U44/><E6/><V123/><F123/><W96/><G101/><T122/><D122/><U9/><E2/><V93/><F93/><W134/><G134/><T60/><D64/><U91/><E67/><V41/><F41/><W0/><G0/><T59/><D90/><U35/><E91/><V34/><F34/><W73/><G73/><T52/><AGARI ba="0,1" hai="3,5,8,47,50,52,54,59,60,88,89" m="50250" machi="52" ten="30,11700,0" yaku="19,1,52,1,54,2" doraHai="45,28" who="0" fromWho="0" sc="250,127,250,-39,240,-39,250,-39" /><INIT seed="0,1,0,5,2,47" ten="377,211,201,211" oya="0" hai0="135,3,51,54,27,1,13,15,16,74,35,121,42" hai1="11,89,111,7,48,90,19,114,12,18,85,5,57" hai2="130,91,132,75,4,25,100,86,14,119,95,78,104" hai3="101,99,28,103,17,97,108,82,37,125,41,122,39"/><T10/><D121/><U87/><E111/><V118/><F25/><W98/><G108/><T46/><D135/><U80/><E114/><V70/><F70/><W56/><G122/><T60/><D74/><U59/><E7/><V107/><F14/><W110/><G110/><T81/><D81/><U84/><E84/><V105/><F4/><W94/><G125/><T40/><D15/><U83/><E59/><V69/><F69/><W45/><G28/><T2/><REACH who="0" step="1"/><D60/><REACH who="0" ten="367,211,201,211" step="2"/><U20/><E20/><V52/><F132/><W26/><G82/><T115/><D115/><U109/><E109/><V73/><F73/><W129/><G129/><T36/><D36/><U79/><E79/><V33/><F130/><W53/><G39/><T6/><D6/><U116/><E116/><V93/><F78/><W71/><G71/><T106/><D106/><U113/><E113/><V61/><F75/><W23/><REACH who="3" step="1"/><G103/><REACH who="3" ten="367,211,201,201" step="2"/><T96/><D96/><U38/><E38/><V112/><F112/><W24/><G24/><T128/><D128/><U124/><E124/><V127/><F127/><W102/><G102/><T134/><D134/><U123/><E123/><V66/><F100/><W9/><G9/><T30/><AGARI ba="1,2" hai="1,2,3,10,13,16,27,30,35,40,42,46,51,54" machi="30" ten="40,12000,1" yaku="1,1,0,1,52,1,54,1,53,0" doraHai="47" doraHaiUra="76" who="0" fromWho="0" sc="367,143,211,-41,201,-41,201,-41" /><INIT seed="0,2,0,4,3,49" ten="510,170,160,160" oya="0" hai0="85,64,58,115,15,39,81,59,11,60,88,83,116" hai1="67,71,92,62,55,122,44,29,22,118,54,102,50" hai2="16,63,12,86,34,69,109,87,74,13,84,24,127" hai3="21,119,7,41,133,112,32,14,111,91,57,80,70"/><T124/><D124/><U47/><E118/><V104/><F74/><W31/><G119/><T76/><D115/><U48/><E122/><V113/><F113/><W1/><G112/><T129/><D129/><U89/><E102/><V40/><F104/><W23/><G70/><T28/><D39/><U95/><E89/><V2/><F2/><W73/><G111/><T17/><D116/><U20/><E29/><V51/><F109/><W132/><G41/><T3/><D3/><U36/><E36/><V4/><F4/><W6/><G57/><T78/><D28/><U131/><E131/><V105/><F105/><W43/><G43/><T101/><D101/><U75/><E75/><V120/><F120/><W107/><G107/><T37/><D37/><U45/><E47/><V66/><F127/><W90/><G1/><T93/><REACH who="0" step="1"/><D58/><REACH who="0" ten="500,170,160,160" step="2"/><U98/><REACH who="1" step="1"/><E98/><REACH who="1" ten="500,160,160,160" step="2"/><V123/><F123/><W9/><G31/><T8/><D8/><U103/><E103/><V56/><F34/><W110/><G9/><T99/><D99/><U68/><E68/><V35/><F35/><W18/><G32/><T108/><D108/><U26/><E26/><V117/><F117/><W128/><G110/><T25/><D25/><U53/><E53/><V38/><F38/><W125/><G128/><T130/><D130/><U114/><E114/><V65/><F69/><W10/><G125/><T134/><D134/><U106/><E106/><V46/><F66/><W135/><G10/><T97/><D97/><U94/><AGARI ba="2,2" hai="20,22,44,45,48,50,54,55,62,67,71,92,94,95" machi="94" ten="30,8000,1" yaku="1,1,0,1,9,1,52,2,53,0" doraHai="49" doraHaiUra="96" who="1" fromWho="1" sc="500,-42,160,106,160,-22,160,-22" /><INIT seed="1,0,0,5,5,94" ten="458,266,138,138" oya="1" hai0="105,38,50,74,72,124,35,96,87,93,73,27,34" hai1="107,123,2,78,37,58,31,65,0,115,69,43,46" hai2="127,6,68,33,13,56,52,48,135,111,79,55,47" hai3="103,11,3,9,29,32,109,131,63,100,70,119,17"/><U104/><E115/><V21/><F33/><W24/><G109/><T113/><D38/><U86/><E123/><V14/><F68/><W129/><G119/><T1/><D1/><U45/><E31/><V60/><F111/><W71/><G11/><T126/><D113/><U116/><E116/><V95/><F135/><W128/><G63/><T133/><D133/><U76/><E69/><N who="3" m="26122" /><G17/><T26/><D87/><U8/><E86/><V82/><F127/><N who="0" m="48682" /><D105/><U22/><E22/><V99/><F6/><AGARI ba="0,0" hai="3,6,9,24,29,32,100,103,128,129,131" m="26122" machi="6" ten="40,1300,0" yaku="19,1" doraHai="94" who="3" fromWho="2" sc="458,0,266,0,138,-13,138,13" /><INIT seed="2,0,0,4,0,53" ten="458,266,125,151" oya="2" hai0="56,106,98,45,111,129,69,39,82,5,26,13,134" hai1="41,43,127,16,6,114,116,133,94,51,30,108,33" hai2="58,48,118,40,63,44,4,76,28,123,9,15,95" hai3="79,85,35,132,31,99,36,52,42,102,110,93,34"/><V10/><F118/><W83/><G110/><T32/><D69/><U38/><E51/><V18/><F123/><W27/><G132/><T20/><D129/><U50/><E94/><V81/><F28/><W55/><REACH who="3" step="1"/><G35/><REACH who="3" ten="458,266,125,141" step="2"/><T61/><D32/><U107/><E33/><V92/><F10/><W119/><G119/><T70/><D111/><U24/><E133/><V21/><F21/><W97/><G97/><T73/><D98/><U74/><E108/><V96/><F96/><W22/><G22/><T104/><D20/><U25/><E116/><V115/><F115/><W120/><G120/><T71/><D134/><U75/><E114/><V29/><F29/><W7/><G7/><T19/><D5/><U0/><E6/><V89/><F18/><W57/><G57/><T112/><D56/><U117/><E16/><V101/><F101/><W17/><G17/><T84/><D19/><U105/><E30/><V130/><F130/><W62/><G62/><T131/><D61/><U3/><E117/><V68/><F68/><W124/><G124/><T90/><D71/><U125/><E125/><V88/><F58/><W65/><G65/><T47/><D70/><U87/><E127/><V109/><F63/><W11/><G11/><T77/><D112/><U67/><E67/><V78/><F109/><W54/><G54/><T103/><D103/><U59/><E59/><V66/><F66/><W46/><AGARI ba="0,1" hai="27,31,34,36,42,46,52,55,79,83,85,93,99,102" machi="46" ten="30,4000,0" yaku="1,1,0,1,54,1,53,0" doraHai="53" doraHaiUra="64" who="3" fromWho="3" sc="458,-10,266,-10,125,-20,141,50" /><INIT seed="3,0,0,0,5,102" ten="448,256,105,191" oya="3" hai0="107,122,88,74,26,127,51,2,60,78,125,64,1" hai1="96,28,115,57,49,55,50,66,11,118,12,119,128" hai2="90,59,87,44,123,43,30,83,129,76,7,56,68" hai3="94,97,36,84,38,75,95,91,132,65,124,3,32"/><W46/><G32/><T61/><D122/><U13/><E115/><V8/><F68/><W93/><G3/><T0/><D107/><U22/><E128/><V5/><F129/><W16/><G75/><T114/><D114/><U34/><E34/><V23/><F123/><W98/><G132/><T112/><D112/><U9/><E66/><V116/><F116/><W117/><G117/><T120/><D120/><U99/><E57/><V42/><F42/><W101/><G124/><N who="0" m="47691" /><D64/><U81/><E22/><V29/><F7/><W52/><G65/><T10/><D10/><U20/><E20/><V71/><F71/><W58/><G46/><T73/><D88/><U130/><E81/><V79/><F79/><W85/><G16/><T6/><D6/><U25/><E130/><V21/><F21/><W100/><REACH who="3" step="1"/><G85/><REACH who="3" ten="448,256,105,181" step="2"/><T131/><D131/><U17/><E17/><V27/><F30/><W72/><G72/><T89/><D0/><U19/><E19/><V111/><F111/><W31/><G31/><T121/><D1/><U39/><E28/><V41/><F44/><W70/><G70/><T35/><D2/><U37/><E25/><V18/><F29/><W126/><G126/><T47/><D26/><U62/><E119/><V53/><F59/><W77/><G77/><T86/><D35/><U105/><E118/><V33/><F76/><W110/><G110/><T69/><D78/><U48/><E13/><N who="2" m="5263" /><F33/><W80/><G80/><N who="0" m="49351" /><D69/><U92/><E12/><V15/><F15/><W103/><G103/><T106/><D121/><U45/><E45/><V109/><F109/><W14/><G14/><RYUUKYOKU ba="0,1" sc="448,-15,256,-15,105,15,181,15" hai2="18,23,27,41,43,53,56,83,87,90" hai3="36,38,52,58,84,91,93,94,95,97,98,100,101" /><INIT seed="3,1,1,0,1,77" ten="433,241,120,196" oya="3" hai0="49,89,97,118,3,80,114,127,45,53,46,113,47" hai1="66,17,95,121,132,129,5,107,98,28,7,57,110" hai2="100,41,54,48,120,12,43,75,74,130,23,108,33" hai3="81,31,38,87,16,84,112,51,10,126,128,105,86"/><W6/><G112/><N who="0" m="43115" /><D118/><U30/><E107/><V64/><F33/><W70/><G38/><T131/><D127/><U111/><E121/><V19/><F108/><W61/><G126/><T27/><D3/><U135/><E17/><V36/><F130/><W59/><G128/><T93/><D131/><U85/><E85/><V102/><F64/><W2/><G105/><T124/><D124/><U1/><E129/><V37/><F120/><W125/><G125/><T11/><D11/><N who="1" m="2479" /><E57/><V63/><F63/><W123/><G123/><T68/><D68/><U35/><E66/><V122/><F122/><W4/><G31/><N who="1" m="11818" /><E7/><V119/><F119/><W58/><G6/><T13/><D13/><U0/><E0/><V90/><F37/><W34/><G34/><T8/><D8/><U73/><E73/><V116/><F116/><W104/><G104/><T50/><D27/><U72/><E72/><V65/><F75/><W71/><G16/><T92/><D97/><U52/><E52/><V91/><F74/><W109/><G109/><N who="1" m="41482" /><E35/><V78/><F65/><W83/><G51/><N who="0" m="19467" /><D53/><U62/><E62/><V39/><F39/><W79/><G59/><T24/><D24/><U14/><E14/><V20/><F36/><W103/><G71/><T69/><D69/><U15/><E15/><V29/><F12/><W133/><G70/><T40/><D40/><U26/><E26/><V44/><F43/><W21/><G2/><T117/><D117/><U134/><E132/><V22/><F41/><W56/><G133/><T9/><D9/><U115/><E115/><V88/><F54/><W42/><G10/><RYUUKYOKU ba="1,1" sc="433,15,241,15,120,-15,196,-15" hai0="45,46,47,80,89,92,93" hai1="95,98,134,135" /><INIT seed="4,2,1,1,2,17" ten="448,256,105,181" oya="0" hai0="83,4,97,19,112,30,37,120,134,63,25,16,33" hai1="100,122,60,98,32,11,95,45,108,80,69,49,94" hai2="91,85,96,13,111,18,128,38,70,82,71,23,52" hai3="44,7,3,14,84,0,124,88,58,76,68,102,74"/><T42/><D120/><U53/><E122/><V133/><F111/><W28/><G68/><T72/><D112/><U40/><E108/><V64/><F38/><W101/><G124/><T125/><D134/><U20/><E32/><V15/><F133/><W51/><G28/><T77/><D125/><U126/><E126/><V6/><F128/><W121/><G121/><T10/><D63/><U55/><E11/><V114/><F114/><W47/><G14/><T50/><D50/><U129/><E129/><V29/><F29/><W115/><G115/><T93/><D42/><U110/><E110/><V75/><F75/><W62/><G76/><T48/><D48/><U59/><E69/><V117/><F117/><W67/><G74/><T61/><D61/><U2/><E2/><V109/><F109/><W118/><G118/><T66/><D66/><U36/><E80/><V1/><F1/><W123/><G123/><T107/><D107/><U127/><E127/><V57/><F64/><W35/><G35/><T46/><D46/><U41/><E36/><V131/><F131/><W65/><G65/><T90/><REACH who="0" step="1"/><D37/><REACH who="0" ten="438,256,105,181" step="2"/><U39/><E39/><V99/><F71/><W27/><G47/><T78/><D78/><U87/><E41/><V8/><F70/><W132/><G132/><T73/><D73/><U106/><E106/><V5/><F5/><W79/><G79/><T34/><D34/><U22/><E40/><V103/><F103/><N who="3" m="39435" /><G7/><T43/><D43/><U86/><E45/><V105/><F105/><W119/><G44/><T31/><D31/><U92/><E100/><V130/><F130/><RYUUKYOKU ba="2,2" sc="438,15,256,-15,105,15,181,-15" hai0="4,10,16,19,25,30,33,72,77,83,90,93,97" hai2="6,8,13,15,18,23,52,57,82,85,91,96,99" /><INIT seed="4,3,2,5,3,64" ten="453,241,120,166" oya="0" hai0="41,130,122,134,121,27,73,68,22,118,78,80,2" hai1="34,123,128,116,1,94,7,114,72,13,85,91,99" hai2="16,126,104,84,81,83,109,67,127,12,53,69,18" hai3="30,28,36,40,107,65,103,87,23,132,101,63,14"/><T32/><D118/><U57/><E116/><V20/><F104/><W124/><G132/><T120/><D134/><U74/><E34/><V8/><F109/><W48/><G36/><T45/><D130/><U131/><E1/><V70/><F53/><W25/><G124/><N who="2" m="47657" /><F67/><W0/><G0/><T11/><D32/><U86/><E57/><V43/><F43/><W44/><G30/><T10/><D68/><N who="2" m="26218" /><F84/><W17/><G87/><T21/><D45/><U6/><E86/><V93/><F93/><W56/><G107/><T82/><D41/><U102/><E94/><V38/><F38/><W24/><G24/><AGARI ba="3,2" hai="8,12,16,18,20,24,81,83" m="26218,47657" machi="24" ten="30,8000,1" yaku="18,1,52,3,54,1" doraHai="64" who="2" fromWho="3" sc="453,0,241,0,120,109,166,-89" /><INIT seed="5,0,0,0,1,123" ten="453,241,229,77" oya="1" hai0="82,112,2,81,33,11,45,117,69,51,30,44,124" hai1="95,52,54,114,132,55,0,60,15,110,29,68,39" hai2="50,28,61,133,97,20,41,96,5,71,14,12,1" hai3="25,19,84,120,13,72,73,106,47,4,66,108,56"/><U31/><E0/><V21/><F133/><W87/><G120/><T135/><D69/><U129/><E39/><V9/><F71/><W103/><G47/><T109/><D109/><U80/><E132/><V70/><F70/><W16/><G25/><T111/><D111/><U122/><E110/><V90/><F61/><W48/><G108/><T125/><D30/><U100/><E122/><V3/><F3/><W64/><G103/><T130/><D33/><U24/><E114/><V102/><F90/><W121/><G121/><T63/><D63/><U99/><E129/><V75/><F75/><W91/><G56/><T17/><D130/><U27/><E15/><V126/><F126/><W42/><G13/><T83/><D117/><U35/><E80/><V49/><F1/><W38/><G38/><T76/><D112/><U74/><E74/><V86/><F86/><W118/><G118/><T77/><D44/><U58/><REACH who="1" step="1"/><E68/><REACH who="1" ten="453,231,229,77" step="2"/><V22/><F14/><W94/><G73/><T98/><D135/><U105/><E105/><V79/><F12/><W36/><G106/><T53/><D125/><U128/><E128/><V65/><F5/><W92/><G72/><T8/><D124/><U101/><E101/><V62/><F102/><W34/><G4/><T10/><D2/><U40/><E40/><V18/><F41/><W57/><G36/><T23/><D98/><U78/><E78/><V107/><F79/><W89/><G42/><T134/><D134/><U46/><E46/><V131/><F107/><W116/><G116/><T37/><D37/><U115/><E115/><V127/><F131/><RYUUKYOKU ba="0,1" sc="453,15,231,15,229,-15,77,-15" hai0="8,10,11,17,23,45,51,53,76,77,81,82,83" hai1="24,27,29,31,35,52,54,55,58,60,95,99,100" /><INIT seed="5,1,1,1,4,39" ten="468,246,214,62" oya="1" hai0="24,9,134,63,123,129,4,36,61,131,58,125,81" hai1="62,99,103,78,51,90,42,106,74,94,5,130,25" hai2="88,104,126,57,114,1,107,109,92,50,73,33,84" hai3="18,10,101,60,52,83,122,32,75,96,45,97,27"/><U34/><E130/><N who="0" m="49673" /><D125/><U40/><E5/><V110/><F33/><W46/><G122/><T82/><D134/><U6/><E6/><V14/><F1/><W44/><G10/><T127/><D127/><U121/><E121/><V23/><F126/><W20/><G32/><T117/><D36/><U87/><E51/><V59/><F73/><W128/><G128/><T102/><D117/><U135/><E135/><V54/><F59/><W98/><G60/><T30/><D102/><U21/><E62/><V119/><F119/><W112/><G112/><T2/><D63/><U19/><E34/><V22/><F114/><W80/><G75/><T31/><D31/><U89/><E89/><V86/><F86/><W8/><G8/><T11/><D9/><U56/><E56/><V76/><F76/><W65/><G65/><N who="0" m="39095" /><D123/><U93/><E93/><V41/><F107/><W26/><G26/><T120/><D120/><U0/><REACH who="1" step="1"/><E0/><REACH who="1" ten="468,236,214,62" step="2"/><V13/><F104/><W115/><G115/><T79/><D79/><U69/><E69/><V100/><F92/><W64/><G101/><T116/><D116/><U49/><E49/><V132/><F100/><W68/><G68/><T85/><D4/><U15/><E15/><V17/><F132/><W48/><G64/><T37/><D2/><U124/><E124/><V53/><F14/><W3/><G3/><T16/><D37/><U38/><E38/><V105/><F13/><W7/><G7/><T55/><D82/><AGARI ba="1,2" hai="19,21,25,40,42,74,78,82,87,90,94,99,103,106" machi="82" ten="40,12000,1" yaku="1,1,24,2,52,2,53,0" doraHai="39" doraHaiUra="35" who="1" fromWho="0" sc="468,-123,236,143,214,0,62,0" /><AGARI ba="1,0" hai="18,20,27,44,45,46,48,52,80,82,83,96,97,98" machi="82" ten="40,2600,0" yaku="8,1,54,1" doraHai="39" who="3" fromWho="0" sc="345,-26,379,0,214,0,62,26" /><INIT seed="5,2,0,0,5,78" ten="319,379,214,88" oya="1" hai0="33,108,14,22,43,113,34,114,90,128,133,109,13" hai1="135,63,15,100,59,102,37,104,36,106,115,8,39" hai2="130,111,80,95,88,66,98,19,123,20,120,91,71" hai3="30,70,129,42,58,125,92,79,117,48,29,73,28"/><U31/><E115/><N who="0" m="44041" /><D43/><U89/><E135/><V97/><F111/><N who="0" m="42570" /><D90/><U7/><E31/><V50/><F130/><W55/><G129/><T86/><D86/><U54/><REACH who="1" step="1"/><E89/><REACH who="1" ten="319,369,214,88" step="2"/><V87/><F91/><W62/><G117/><T21/><D128/><U38/><N who="1" m="9216" /><DORA hai="60" /><U134/><E134/><V25/><F88/><W61/><G125/><T5/><D133/><U11/><E11/><V82/><F123/><W12/><G92/><T18/><D5/><U57/><E57/><V105/><F95/><W53/><G70/><T32/><D18/><U68/><E68/><V16/><F71/><W2/><G58/><T99/><D99/><U6/><E6/><V3/><F98/><W77/><G77/><T44/><D44/><U107/><AGARI ba="2,1" hai="7,8,15,54,59,63,100,102,104,106,107" m="9216" machi="107" ten="70,6900,0" yaku="1,1,0,1,53,0" doraHai="78,60" doraHaiUra="110,119" who="1" fromWho="1" sc="319,-25,369,85,214,-25,88,-25" /><INIT seed="5,3,0,3,5,65" ten="294,454,189,63" oya="1" hai0="63,25,10,22,18,107,19,96,33,130,67,106,9" hai1="35,108,121,20,71,125,66,57,109,62,117,15,58" hai2="26,85,132,78,5,46,72,52,48,75,49,53,24" hai3="112,29,64,39,134,21,12,47,115,59,17,73,50"/><U81/><E121/><V80/><F132/><W98/><G134/><T41/><D130/><U99/><E35/><V44/><REACH who="2" step="1"/><F5/><REACH who="2" ten="294,454,179,63" step="2"/><W133/><G133/><T4/><D4/><U92/><E109/><V101/><F101/><W77/><G115/><T135/><D135/><U102/><E102/><V113/><F113/><W129/><G112/><T119/><D107/><U123/><E108/><V118/><F118/><W28/><G129/><T1/><D119/><U111/><E111/><V34/><F34/><W74/><G39/><T32/><D33/><U40/><E117/><V124/><F124/><W76/><G74/><AGARI ba="3,1" hai="24,26,44,46,48,49,52,53,72,74,75,78,80,85" machi="74" ten="40,5200,0" yaku="1,1,9,1,54,1,53,0" doraHai="65" doraHaiUra="16" who="2" fromWho="3" sc="294,0,454,0,179,71,63,-61" /><INIT seed="6,0,0,1,3,96" ten="294,454,250,2" oya="2" hai0="42,122,13,70,7,99,39,2,53,74,133,67,98" hai1="115,49,124,41,131,127,107,59,126,22,8,100,134" hai2="3,55,84,48,128,82,27,43,6,132,12,105,119" hai3="125,60,76,130,18,110,88,103,73,129,16,17,25"/><V26/><F119/><W14/><G110/><T52/><D122/><U51/><E115/><V15/><F132/><W40/><G125/><T93/><D133/><U75/><E75/><V86/><F128/><N who="3" m="49259" /><G40/><T21/><D74/><U35/><E35/><V4/><F105/><W109/><G109/><T31/><D2/><U112/><E112/><V54/><F43/><W66/><G25/><T113/><D99/><U123/><E22/><V33/><F33/><W57/><G88/><T118/><D113/><U56/><E41/><V121/><F121/><W45/><G45/><T101/><D118/><U65/><E134/><V68/><F68/><W106/><G106/><T83/><D83/><U135/><E107/><V62/><F82/><N who="3" m="45327" /><G103/><T89/><D89/><U79/><E100/><V61/><REACH who="2" step="1"/><F3/><REACH who="2" ten="294,454,240,2" step="2"/><W85/><G85/><T46/><D70/><U19/><E123/><V72/><F72/><W28/><G28/><T78/><D31/><U117/><E135/><V37/><F37/><W24/><G24/><T92/><D42/><U34/><E131/><V38/><F38/><W108/><G108/><T80/><D39/><U104/><E104/><V58/><F58/><W77/><G77/><T20/><D80/><U1/><E59/><V23/><F23/><AGARI ba="0,1" hai="14,16,17,18,23,57,60,66" m="45327,49259" machi="23" ten="30,2000,0" yaku="19,1,54,1" doraHai="96" who="3" fromWho="2" sc="294,0,454,0,240,-20,2,30" /><INIT seed="7,0,0,1,0,104" ten="294,454,220,32" oya="3" hai0="109,133,93,114,46,120,123,86,13,14,79,106,16" hai1="50,91,70,11,101,4,7,74,26,33,10,60,30" hai2="15,99,35,81,58,39,25,121,78,85,129,2,21" hai3="22,55,68,127,110,92,90,63,52,107,100,77,64"/><W29/><G127/><T40/><D93/><U48/><E101/><V111/><F39/><W62/><G110/><T65/><D14/><U87/><E74/><V12/><F2/><W130/><G130/><T128/><D79/><U59/><E70/><V135/><F35/><W116/><G116/><T36/><D16/><U132/><E132/><V83/><F111/><W43/><G43/><T44/><D46/><U112/><E112/><V38/><F38/><W118/><G118/><T126/><D40/><U56/><E56/><V57/><F135/><W24/><G77/><T5/><D65/><U66/><E11/><V3/><F3/><W61/><G107/><T20/><D86/><U6/><REACH who="1" step="1"/><E10/><REACH who="1" ten="294,444,220,32" step="2"/><V8/><F8/><W124/><G100/><T0/><D114/><U84/><E84/><V134/><F134/><W76/><G124/><T117/><D133/><U32/><E32/><V53/><F58/><W131/><G131/><T45/><D128/><U88/><E88/><V75/><F129/><W122/><G122/><T67/><D117/><U97/><E97/><V31/><F99/><N who="3" m="57751" /><G76/><T105/><D126/><U49/><E49/><V82/><F121/><W96/><G96/><T73/><D123/><U125/><E125/><V71/><F71/><W103/><G103/><T98/><D98/><U119/><E119/><V18/><F75/><W72/><G72/><T27/><D120/><U94/><AGARI ba="0,1" hai="4,6,7,26,30,33,48,50,59,60,66,87,91,94" machi="94" ten="30,2000,0" yaku="1,1,0,1,53,0" doraHai="104" doraHaiUra="42" who="1" fromWho="1" sc="294,-5,444,30,220,-5,32,-10" owari="289,8.9,474,57.4,215,-18.5,22,-47.8" /></mjloggm>