<mjloggm ver="2.3"><GO type="169" lobby="0"/><UN n0="%E4%BA%8C%E9%B3%A5%E4%BF%AE%E4%B8%80" n1="%4B%4F%52%41%49%40%40%40" n2="%E3%82%B0%E3%83%B3%E3%83%80%E3%83%AA%E3%83%BC" n3="%53%74%65%69%6E%73" dan="16,17,19,17" rate="2156.03,2169.91,2294.73,2213.32" sx="M,M,M,M"/><TAIKYOKU oya="0"/><INIT seed="0,0,0,1,0,37" ten="250,250,250,250" oya="0" hai0="4,36,27,30,130,13,110,60,73,115,77,57,84" hai1="105,41,53,124,76,5,133,129,0,24,46,34,120" hai2="93,26,96,28,43,125,111,45,56,44,17,123,20" hai3="97,69,50,122,8,107,102,22,32,99,55,101,66"/><T89/><D115/><U49/><E120/><V11/><F111/><W18/><G32/><T127/><D36/><U74/><E105/><V2/><F125/><W108/><G108/><T38/><D110/><U23/><E129/><V51/><F123/><W100/><G122/><T87/><D38/><U19/><E133/><V81/><F81/><W10/><G66/><T92/><D130/><U52/><E124/><V134/><F134/><W14/><G69/><T131/><D131/><U132/><E132/><V109/><F56/><W70/><G70/><T113/><D113/><U33/><E76/><V9/><F2/><W29/><G29/><T82/><D127/><U68/><E74/><V83/><F44/><W90/><G90/><T106/><D106/><U39/><E68/><V62/><F62/><W121/><G121/><T118/><D118/><U54/><REACH who="1" step="1"/><E39/><REACH who="1" ten="250,240,250,250" step="2"/><V80/><F109/><W72/><G72/><T3/><D73/><U117/><E117/><V114/><F114/><W95/><REACH who="3" step="1"/><G102/><REACH who="3" ten="250,240,250,240" step="2"/><T126/><D126/><U98/><E98/><V59/><F28/><W103/><G103/><T58/><D30/><U119/><E119/><V16/><F96/><W78/><G78/><T48/><D77/><U112/><E112/><V1/><F83/><W85/><G85/><T25/><D82/><U67/><E67/><V91/><F80/><W65/><G65/><N who="0" m="39055" /><D84/><U128/><E128/><V75/><F75/><W71/><G71/><T88/><D87/><U104/><E104/><V40/><F91/><W35/><G35/><T86/><D89/><U116/><E116/><V15/><F93/><RYUUKYOKU ba="0,2" sc="250,-15,240,15,250,-15,240,15" hai1="0,5,19,23,24,33,34,41,46,49,52,53,54" hai3="8,10,14,18,22,50,55,95,97,99,100,101,107" /><INIT seed="1,1,2,2,0,92" ten="235,255,235,255" oya="1" hai0="121,65,13,2,6,83,74,34,51,22,16,104,114" hai1="10,115,98,133,129,105,108,59,76,30,87,120,111" hai2="84,132,32,135,36,113,57,68,123,70,118,100,99" hai3="42,79,119,61,9,112,50,21,91,54,78,80,73"/><U67/><E115/><V0/><F118/><W69/><G112/><T88/><D114/><U8/><E120/><V77/><F113/><W55/><G119/><T124/><D34/><U96/><E129/><V56/><F32/><W33/><G33/><T94/><D104/><U90/><E105/><N who="2" m="63647" /><F0/><W117/><G117/><T39/><D39/><U38/><E38/><V29/><F29/><W127/><G127/><T60/><D124/><U82/><E133/><N who="2" m="51275" /><F36/><W63/><G79/><T89/><D121/><U20/><E10/><V72/><F72/><W95/><G9/><T75/><D51/><U37/><E37/><V28/><F28/><W102/><G102/><T85/><D6/><U25/><E8/><V49/><F49/><W1/><G1/><T35/><D35/><U4/><E4/><V3/><F3/><W7/><G7/><T48/><D48/><U41/><E41/><V5/><F5/><W93/><G21/><T12/><D12/><U18/><E30/><V62/><F123/><W31/><G31/><T106/><D106/><U47/><E47/><V103/><F103/><W71/><G42/><T134/><D2/><U101/><E101/><V40/><F40/><W19/><G50/><T27/><D13/><U128/><E128/><V53/><F57/><W81/><G73/><T130/><D130/><U43/><E43/><V107/><F107/><W122/><G122/><T45/><D45/><U14/><E14/><V58/><F58/><W110/><G71/><N who="0" m="42407" /><D134/><U125/><E125/><V116/><F116/><W66/><G69/><T15/><D15/><U44/><E59/><RYUUKYOKU ba="1,2" sc="235,15,255,-15,235,15,255,-15" hai0="16,22,27,74,75,83,85,88,89,94" hai2="53,56,62,68,70,77,84" /><INIT seed="2,2,2,0,1,131" ten="250,240,250,240" oya="2" hai0="34,135,96,86,115,108,84,119,17,50,112,66,124" hai1="61,74,20,72,38,67,81,133,32,47,56,103,95" hai2="5,55,134,114,43,41,121,7,73,87,53,14,92" hai3="28,29,39,122,97,22,106,15,26,83,98,65,132"/><V125/><F114/><W44/><G122/><T27/><D108/><U54/><E32/><V59/><F73/><W1/><G1/><T49/><D66/><U13/><E81/><V120/><F125/><W45/><G132/><T78/><D124/><U42/><E133/><V63/><F134/><W130/><G130/><T129/><D129/><U118/><E118/><V93/><F87/><W8/><G106/><T33/><D135/><U111/><E111/><V24/><F24/><W127/><G127/><T109/><D109/><U100/><E13/><V80/><F80/><W69/><G29/><T70/><D70/><U85/><E85/><V36/><F14/><W99/><G83/><T104/><D119/><U58/><E20/><V6/><F36/><W77/><G77/><T52/><D78/><U102/><REACH who="1" step="1"/><E95/><REACH who="1" ten="250,230,250,240" step="2"/><N who="2" m="36427" /><F121/><W79/><G79/><T37/><D86/><U64/><E64/><N who="2" m="39039" /><F120/><W0/><G0/><T71/><D84/><U51/><AGARI ba="2,3" hai="38,42,47,51,54,56,58,61,67,72,74,100,102,103" machi="51" ten="30,4000,0" yaku="1,1,0,1,53,1" doraHai="131" doraHaiUra="40" who="1" fromWho="1" sc="250,-12,230,76,250,-22,240,-12" /><INIT seed="3,0,0,1,1,55" ten="238,306,228,228" oya="3" hai0="25,63,45,11,100,48,77,133,78,41,62,102,10" hai1="71,35,109,84,110,120,17,88,119,47,126,111,18" hai2="9,33,101,95,76,122,121,49,94,16,61,113,32" hai3="131,85,20,26,34,60,50,127,96,51,37,72,13"/><W74/><G37/><T103/><D133/><U108/><E120/><N who="2" m="46187" /><F76/><W64/><G131/><T53/><D25/><U19/><E126/><V75/><F75/><W135/><G135/><T90/><D90/><U82/><N who="1" m="27648" /><DORA hai="24" /><U28/><E71/><V44/><F61/><W2/><G2/><T36/><D63/><U114/><E114/><V22/><F9/><W8/><G127/><T7/><D62/><U1/><E1/><V6/><F6/><W23/><G23/><T21/><D21/><U98/><E119/><V66/><F66/><W0/><G34/><N who="2" m="13417" /><F101/><W80/><G0/><T123/><D11/><U52/><E98/><V83/><F83/><W116/><G96/><T15/><REACH who="0" step="1"/><D123/><REACH who="0" ten="228,306,228,228" step="2"/><U43/><E35/><V87/><F113/><W124/><G124/><T105/><D105/><U97/><E97/><V125/><F125/><W99/><G99/><T91/><D91/><U118/><E118/><V107/><F107/><W112/><G116/><T42/><D42/><U128/><E128/><V12/><F87/><W93/><G112/><T31/><D31/><U27/><E43/><AGARI ba="0,1" hai="12,16,22,43,44,49,94,95" m="13417,46187" machi="43" ten="30,2000,0" yaku="13,1,54,1" doraHai="55,24" who="2" fromWho="1" sc="228,0,306,-20,228,30,228,0" /><INIT seed="4,0,0,5,3,22" ten="228,286,258,228" oya="0" hai0="50,55,70,27,97,53,106,18,135,17,79,95,122" hai1="71,108,20,73,72,12,21,82,111,81,75,126,124" hai2="47,77,3,54,123,11,34,67,119,35,100,109,128" hai3="125,107,130,25,112,39,68,99,96,9,133,43,45"/><T94/><D122/><U49/><E49/><V84/><F109/><W32/><G112/><T69/><D79/><U46/><E46/><V86/><F123/><W93/><G130/><T65/><D106/><U61/><E61/><V26/><F100/><W2/><G133/><T40/><D40/><U57/><E57/><V131/><F67/><W110/><G110/><N who="1" m="42026" /><E71/><V121/><F121/><W41/><G125/><N who="1" m="48234" /><E12/><V76/><F119/><W132/><G132/><T87/><D135/><U16/><E20/><V33/><F47/><W28/><G68/><T98/><D87/><N who="2" m="33322" /><F54/><W116/><G116/><T1/><D50/><U127/><N who="1" m="48242" /><U83/><DORA hai="80" /><E21/><V52/><F52/><W114/><G114/><T0/><REACH who="0" step="1"/><D65/><REACH who="0" ten="218,286,258,228" step="2"/><U51/><E51/><V89/><F131/><W92/><G43/><T14/><D14/><U19/><AGARI ba="0,1" hai="16,19,72,73,75,81,82,83" m="48242,42026" machi="19" ten="60,8000,1" yaku="28,2,18,1,54,1" doraHai="22,80" who="1" fromWho="1" sc="218,-40,286,90,258,-20,228,-20" /><INIT seed="5,0,0,5,0,75" ten="178,376,238,208" oya="1" hai0="26,78,68,96,44,110,100,56,7,29,129,119,105" hai1="20,13,77,128,2,18,87,55,106,40,52,107,1" hai2="123,58,45,79,61,36,8,85,43,81,53,39,125" hai3="102,42,120,71,63,47,104,135,90,24,69,10,38"/><U16/><E40/><V4/><F125/><W82/><G120/><T32/><D119/><U46/><E128/><V117/><F117/><W35/><G135/><T108/><D129/><U33/><E33/><V17/><F17/><W34/><G10/><T67/><D56/><U80/><E106/><V37/><REACH who="2" step="1"/><F123/><REACH who="2" ten="178,376,228,208" step="2"/><W124/><G124/><T65/><D7/><U130/><E18/><V118/><F118/><W50/><G71/><T83/><D44/><U14/><E46/><V132/><F132/><W115/><G69/><T94/><D94/><U11/><E130/><V48/><F48/><W74/><G50/><T126/><D126/><U112/><E16/><V127/><F127/><W84/><G47/><T30/><D30/><U57/><E107/><V3/><AGARI ba="0,1" hai="3,4,8,36,37,39,43,45,53,58,61,79,81,85" machi="3" ten="20,5200,0" yaku="1,1,0,1,7,1,52,1,53,0" doraHai="75" doraHaiUra="98" who="2" fromWho="2" sc="178,-13,376,-26,228,62,208,-13" /><INIT seed="6,0,0,5,5,28" ten="165,350,290,195" oya="2" hai0="123,38,16,135,3,39,74,98,45,52,48,65,35" hai1="85,131,111,120,109,90,83,57,108,126,12,89,61" hai2="93,22,26,63,10,81,59,69,88,21,114,1,42" hai3="62,134,8,105,20,84,118,96,117,19,14,70,122"/><V78/><F114/><W60/><G122/><T113/><D123/><U41/><E126/><V0/><F69/><W110/><G110/><T106/><D3/><U76/><E131/><V80/><F42/><W121/><G121/><T124/><D74/><U17/><E41/><V101/><F101/><W51/><G134/><T33/><D113/><U103/><E103/><V55/><F22/><W130/><G130/><T25/><D135/><U9/><REACH who="1" step="1"/><E120/><REACH who="1" ten="165,340,290,195" step="2"/><V92/><F92/><W104/><G104/><T115/><D115/><U100/><E100/><V125/><F125/><W86/><G105/><T40/><D124/><U7/><E7/><V94/><F94/><W95/><G95/><T112/><D112/><U107/><E107/><V133/><F133/><W102/><G102/><T64/><D106/><U58/><E58/><V66/><F81/><W23/><G117/><T43/><D39/><U53/><AGARI ba="0,1" hai="9,12,17,53,57,61,76,83,85,89,90,108,109,111" machi="53" ten="30,2000,0" yaku="1,1,0,1,53,0" doraHai="28" doraHaiUra="132" who="1" fromWho="1" sc="165,-5,340,30,290,-10,195,-5" /><INIT seed="7,0,0,2,5,95" ten="160,370,280,190" oya="3" hai0="111,39,51,2,0,71,30,108,47,134,83,67,21" hai1="28,101,33,55,92,90,81,84,56,106,65,130,88" hai2="25,128,131,13,43,125,61,58,59,8,12,69,4" hai3="53,77,97,22,115,86,103,91,132,107,75,41,26"/><W19/><G115/><T68/><D134/><U85/><E130/><N who="2" m="49707" /><F125/><W7/><G132/><T27/><D39/><U116/><E65/><N who="2" m="41135" /><F43/><W10/><G41/><T31/><D83/><U89/><E28/><V45/><F45/><W119/><G119/><T98/><D31/><U118/><E33/><V49/><F49/><W120/><G120/><T73/><D73/><U66/><E66/><V44/><F44/><W70/><G70/><T17/><D71/><U36/><E36/><V40/><F40/><W11/><G53/><T112/><D112/><U109/><E90/><V37/><F37/><W5/><G77/><T114/><D114/><U135/><E101/><V62/><F25/><W57/><G57/><N who="2" m="21513" /><F62/><W76/><G76/><T126/><D126/><U34/><E106/><V60/><F60/><W127/><G75/><T72/><D72/><U110/><E34/><V9/><F9/><W113/><G113/><T129/><D129/><U29/><E29/><V46/><F46/><W96/><G127/><T121/><D121/><U1/><E1/><AGARI ba="0,0" hai="1,4,8,12,13" m="21513,41135,49707" machi="1" ten="30,1000,0" yaku="19,1" doraHai="95" who="2" fromWho="1" sc="160,0,370,-10,280,10,190,0" owari="160,-34.0,360,46.0,290,9.0,190,-21.0" /></mjloggm>