<mjloggm ver="2.3"><GO type="169" lobby="0"/><UN n0="%E3%83%A9%E3%83%B3%E3%82%B9%E3%83%AD%E3%83%83%E3%83%88" n1="%69%50%68%6F%6E%65%31" n2="%E6%B2%B3%E5%8F%A3%E7%A5%90%E5%B8%8C" n3="%E5%8D%83%E8%8D%89%E5%8F%B0" dan="16,16,16,17" rate="2110.12,2130.58,2045.26,2121.00" sx="M,M,M,M"/><TAIKYOKU oya="0"/><INIT seed="0,0,0,1,2,119" ten="250,250,250,250" oya="0" hai0="49,73,126,52,102,7,9,66,24,58,130,94,98" hai1="15,103,53,88,12,45,121,115,17,69,90,107,25" hai2="42,55,79,14,23,62,32,82,122,51,31,38,110" hai3="28,18,123,118,22,41,89,77,133,44,54,92,56"/><T105/><BYE who="3" /><D126/><U63/><E107/><V37/><F32/><W87/><G87/><T11/><D130/><U114/><E103/><V84/><F62/><W36/><G36/><T100/><D73/><U120/><E25/><V128/><F128/><W68/><G68/><T93/><D102/><U83/><E15/><V59/><F110/><W76/><G76/><T112/><D112/><N who="1" m="43051" /><E45/><V1/><F1/><W39/><G39/><T132/><D132/><U108/><E108/><V4/><F37/><W67/><G67/><T86/><D66/><N who="1" m="41183" /><E53/><V46/><F4/><W0/><G0/><T40/><D40/><U91/><E83/><V95/><F95/><W131/><G131/><T47/><D24/><U5/><E5/><V109/><F109/><W129/><G129/><T80/><D47/><U99/><E99/><V20/><F31/><UN n3="%E5%8D%83%E8%8D%89%E5%8F%B0" /><W127/><G118/><T6/><D6/><U111/><E111/><V30/><F30/><W50/><G133/><T70/><D70/><U43/><E43/><V29/><F29/><W19/><G28/><T10/><REACH who="0" step="1"/><D7/><REACH who="0" ten="240,250,250,250" step="2"/><U106/><E106/><V2/><F46/><W104/><G44/><T35/><D35/><U13/><E13/><V21/><F42/><W81/><G41/><T33/><D33/><U125/><E125/><V101/><F38/><W71/><G127/><T78/><AGARI ba="0,1" hai="9,10,11,49,52,58,78,80,86,93,94,98,100,105" machi="78" ten="30,11700,0" yaku="1,1,0,1,54,1,53,1" doraHai="119" doraHaiUra="72" who="0" fromWho="0" sc="240,127,250,-39,250,-39,250,-39" /><INIT seed="0,1,0,1,5,93" ten="367,211,211,211" oya="0" hai0="27,85,98,21,115,1,36,53,68,67,124,24,94" hai1="83,112,92,114,110,12,97,22,60,72,62,26,41" hai2="73,14,10,43,13,61,69,84,57,116,86,79,56" hai3="102,52,31,20,42,59,96,37,34,135,35,107,103"/><T38/><D115/><N who="1" m="44075" /><E12/><V2/><F116/><W63/><G135/><T95/><D1/><U11/><E11/><V15/><F73/><W54/><G42/><T89/><D124/><U127/><E41/><V3/><F10/><W45/><G37/><T8/><D8/><U132/><E110/><V0/><F43/><W117/><G117/><T19/><D27/><U76/><E132/><V82/><F69/><W7/><G7/><T100/><REACH who="0" step="1"/><D53/><REACH who="0" ten="357,211,211,211" step="2"/><U58/><E127/><V126/><F126/><W122/><G54/><T130/><D130/><U18/><E58/><V17/><F0/><W30/><G45/><T74/><D74/><U106/><E106/><V55/><F2/><W49/><G107/><T129/><D129/><U121/><E121/><V104/><F3/><W133/><G122/><T80/><D80/><U51/><E72/><V118/><F104/><W120/><G133/><T125/><D125/><U113/><E83/><N who="2" m="47231" /><F118/><W87/><G120/><T9/><D9/><U77/><E113/><V44/><F57/><W105/><G59/><T111/><D111/><U101/><E26/><V29/><F44/><W109/><G109/><T128/><D128/><U25/><E25/><V99/><F56/><W5/><G52/><T78/><D78/><U70/><E76/><V23/><F55/><W40/><G40/><T50/><D50/><U119/><E77/><N who="2" m="46415" /><F61/><AGARI ba="1,1" hai="19,21,24,36,38,61,67,68,85,89,94,95,98,100" machi="61" ten="40,3900,0" yaku="1,1,52,1,53,0" doraHai="93" doraHaiUra="39" who="0" fromWho="2" sc="357,52,211,0,211,-42,211,0" /><INIT seed="0,2,0,3,3,11" ten="409,211,169,211" oya="0" hai0="121,31,52,12,7,91,122,51,14,120,8,84,95" hai1="112,32,75,97,103,33,99,106,77,30,63,1,16" hai2="67,62,28,125,49,27,61,74,36,101,79,126,17" hai3="110,107,15,80,21,13,130,65,34,123,19,113,29"/><T76/><D76/><U20/><E1/><V68/><F101/><W42/><G107/><T55/><D31/><U90/><E112/><V37/><F49/><W50/><G113/><T26/><D26/><U85/><E30/><V98/><F17/><W94/><G65/><T10/><REACH who="0" step="1"/><D51/><REACH who="0" ten="399,211,169,211" step="2"/><U22/><E77/><V72/><F79/><W38/><G29/><T129/><D129/><U104/><E75/><V124/><F61/><W6/><G130/><T73/><D73/><N who="2" m="28266" /><F98/><W86/><G50/><T87/><D87/><U57/><E99/><V47/><F47/><W78/><G123/><T60/><D60/><U41/><E63/><V114/><F114/><W2/><G38/><T92/><D92/><U131/><E97/><V45/><F45/><W48/><G94/><T117/><D117/><U83/><E131/><V105/><F105/><W40/><G48/><T44/><D44/><U59/><E106/><V96/><F96/><W18/><G78/><T82/><D82/><U100/><E83/><V5/><F36/><W69/><G80/><T53/><D53/><U3/><E104/><V102/><F37/><W70/><G86/><T108/><D108/><U93/><E85/><V134/><F27/><W127/><G110/><T25/><D25/><U132/><E93/><V115/><F28/><W0/><G42/><T81/><D81/><U135/><E41/><V9/><F115/><W43/><G40/><T118/><D118/><U58/><E103/><V133/><F102/><W23/><G43/><T111/><D111/><U116/><E100/><V54/><F54/><W128/><G128/><RYUUKYOKU ba="2,1" sc="399,15,211,-15,169,15,211,-15" hai0="7,8,10,12,14,52,55,84,91,95,120,121,122" hai2="5,9,62,67,68,124,125,126,133,134" /><INIT seed="0,3,1,2,2,94" ten="414,196,184,196" oya="0" hai0="11,3,48,79,50,57,21,19,38,30,33,126,122" hai1="37,35,83,56,110,10,76,24,7,63,65,67,18" hai2="75,0,26,68,85,92,31,8,93,112,96,9,97" hai3="29,130,22,43,115,27,60,1,120,123,23,36,72"/><T17/><D122/><N who="3" m="46633" /><G72/><T127/><D38/><U44/><E110/><V98/><F68/><W40/><G115/><T80/><D33/><U113/><E113/><V34/><F112/><W106/><G1/><T116/><D30/><U53/><E18/><V59/><F75/><W135/><G135/><T91/><D91/><U55/><E24/><V134/><F134/><W70/><G130/><T105/><D105/><U42/><E67/><V52/><F0/><W2/><G2/><T49/><D57/><U86/><REACH who="1" step="1"/><E35/><REACH who="1" ten="414,186,184,196" step="2"/><V128/><F128/><W124/><G124/><T119/><D127/><U101/><E101/><V82/><F8/><W45/><G106/><T114/><D114/><U13/><AGARI ba="3,2" hai="7,10,13,37,42,44,53,55,56,63,65,76,83,86" machi="13" ten="20,2700,0" yaku="1,1,0,1,7,1,53,0" doraHai="94" doraHaiUra="84" who="1" fromWho="1" sc="414,-16,186,56,184,-10,196,-10" /><INIT seed="1,0,0,5,5,80" ten="398,242,174,186" oya="1" hai0="14,31,32,124,1,55,51,109,121,33,122,67,21" hai1="64,27,60,39,28,78,134,54,69,16,20,52,115" hai2="30,44,100,13,99,7,86,107,11,18,105,111,59" hai3="17,87,73,135,129,45,26,34,56,126,38,47,114"/><U127/><E115/><V95/><F111/><W66/><G73/><T3/><D109/><U123/><E123/><N who="0" m="47113" /><D67/><U74/><E39/><V96/><F30/><W65/><G114/><T106/><D106/><U71/><E71/><V130/><F130/><W120/><G120/><T75/><D75/><U35/><E127/><V81/><F59/><W90/><G126/><T98/><D98/><U92/><E134/><V41/><F18/><W6/><G6/><T101/><D101/><U117/><E117/><V48/><REACH who="2" step="1"/><F99/><REACH who="2" ten="398,242,164,186" step="2"/><W24/><G17/><N who="0" m="10423" /><D31/><U63/><E63/><V104/><F104/><W113/><G129/><T91/><D124/><U8/><E35/><V15/><F15/><W23/><G34/><T93/><D33/><U119/><E28/><V76/><AGARI ba="0,1" hai="7,11,13,41,44,48,76,81,86,95,96,100,105,107" machi="76" ten="20,12000,2" yaku="1,1,0,1,7,1,25,2,52,1,53,1" doraHai="80" doraHaiUra="9" who="2" fromWho="2" sc="398,-30,242,-60,164,130,186,-30" /><INIT seed="2,0,0,0,1,61" ten="368,182,294,156" oya="2" hai0="48,54,84,43,32,17,18,59,31,23,106,15,12" hai1="44,6,2,21,89,27,22,47,101,73,95,67,86" hai2="30,119,88,79,4,131,51,35,70,0,81,19,14" hai3="126,28,75,52,8,90,7,33,24,118,130,85,83"/><V94/><F119/><W99/><G118/><T102/><D43/><U49/><E73/><V60/><F131/><W134/><G130/><T72/><D72/><U13/><E2/><V66/><F35/><W112/><G112/><T117/><D117/><U29/><E101/><V96/><F30/><W92/><G75/><T39/><D39/><U132/><E132/><V115/><F115/><W91/><G134/><T46/><D106/><U111/><E111/><V63/><F63/><W11/><G126/><T80/><D102/><U129/><E129/><V103/><F0/><W56/><REACH who="3" step="1"/><G7/><REACH who="3" ten="368,182,294,146" step="2"/><T41/><D32/><U135/><E135/><V120/><F4/><W93/><G93/><T113/><D113/><U45/><E6/><V74/><F120/><W50/><AGARI ba="0,1" hai="8,11,24,28,33,50,52,56,83,85,90,91,92,99" machi="50" ten="20,5200,0" yaku="1,1,0,1,7,1,54,1,53,0" doraHai="61" doraHaiUra="98" who="3" fromWho="3" sc="368,-13,182,-13,294,-26,146,62" /><INIT seed="3,0,0,2,2,67" ten="355,169,268,208" oya="3" hai0="130,53,34,85,124,14,76,115,81,1,44,99,30" hai1="101,112,69,43,92,12,88,47,75,5,109,17,107" hai2="129,96,37,80,27,119,23,59,105,87,3,97,120" hai3="135,51,45,114,52,62,10,22,40,42,95,127,122"/><W33/><G33/><T118/><D118/><U65/><E112/><V117/><F37/><W126/><G114/><T63/><D1/><U29/><E75/><V24/><F3/><W56/><G10/><T83/><D115/><U49/><E109/><V72/><F59/><W104/><G104/><T111/><D124/><N who="3" m="47657" /><G22/><T86/><D130/><U7/><E29/><V77/><F27/><W15/><G15/><T100/><D34/><U73/><E73/><V61/><F24/><W13/><G13/><T31/><D14/><U74/><E74/><V108/><F23/><W36/><G95/><N who="0" m="58495" /><D111/><U58/><E107/><V54/><F105/><W64/><G122/><T116/><D116/><U78/><E7/><V132/><F72/><W133/><G42/><T19/><D19/><U6/><E6/><V70/><F108/><W11/><G11/><T90/><D63/><U57/><E5/><V125/><F117/><W103/><G103/><T94/><D81/><U66/><E101/><V123/><F80/><W48/><G36/><T98/><D98/><U4/><E4/><V131/><F96/><W20/><G20/><T25/><D25/><U8/><E12/><V0/><F97/><W9/><G9/><T106/><D106/><U82/><E8/><V113/><F119/><W55/><G40/><T60/><D60/><U128/><E17/><V50/><F120/><W79/><G79/><T93/><D93/><U89/><E92/><V35/><F123/><W134/><G134/><T28/><D28/><U39/><E78/><V110/><F113/><W121/><G121/><T71/><D71/><AGARI ba="0,0" hai="45,48,51,52,55,56,62,64,71,133,135" m="47657" machi="71" ten="30,18000,2" yaku="6,1,18,1,34,2,52,1,54,1" doraHai="67" who="3" fromWho="0" sc="355,-180,169,0,268,0,208,180" /><INIT seed="3,1,0,5,4,86" ten="175,169,268,388" oya="3" hai0="24,94,1,83,46,110,74,132,96,89,45,66,56" hai1="31,125,29,47,81,128,59,0,14,25,8,106,121" hai2="55,79,18,116,3,72,35,16,134,97,71,75,69" hai3="68,127,93,95,61,67,41,65,109,85,120,22,40"/><W73/><G73/><T135/><D1/><U131/><E106/><V54/><F97/><W98/><G120/><T10/><D10/><U70/><E70/><V28/><F79/><W99/><G85/><T27/><D110/><U43/><E59/><V130/><F28/><W88/><G109/><T105/><D105/><U53/><E53/><V100/><F100/><W34/><G34/><T102/><D74/><U58/><E58/><V30/><F30/><W112/><G112/><T13/><D13/><U108/><E108/><V63/><F35/><W107/><G107/><T42/><D83/><U133/><E0/><V5/><F3/><W101/><G127/><T6/><D6/><U115/><E121/><V80/><F80/><W113/><G113/><T103/><D103/><U12/><E115/><V21/><F63/><W126/><G126/><T78/><D78/><U32/><E125/><V20/><F5/><W37/><G37/><T87/><D87/><U51/><E133/><N who="0" m="51273" /><D102/><U38/><E29/><V57/><F134/><W104/><G104/><T122/><D122/><U91/><E12/><V84/><F84/><W77/><G77/><T48/><D45/><N who="1" m="23799" /><E81/><V33/><F72/><W23/><REACH who="3" step="1"/><G67/><REACH who="3" ten="175,169,268,378" step="2"/><T76/><D76/><U62/><E32/><V117/><F75/><W114/><G114/><T50/><D66/><U118/><E131/><V64/><F64/><W26/><G26/><T9/><D9/><U15/><E8/><V7/><F33/><W36/><G36/><T44/><D24/><U60/><E25/><V2/><F20/><AGARI ba="1,1" hai="20,22,23,40,41,61,65,68,88,93,95,98,99,101" machi="20" ten="40,7700,0" yaku="1,1,52,1,54,1,53,0" doraHai="86" doraHaiUra="52" who="3" fromWho="2" sc="175,0,169,0,268,-80,378,90" /><INIT seed="3,2,0,4,3,15" ten="175,169,188,468" oya="3" hai0="131,3,55,125,93,118,117,4,26,39,70,30,124" hai1="48,10,22,34,63,9,36,1,115,126,97,77,67" hai2="28,21,59,0,95,100,62,84,106,96,50,87,23" hai3="46,20,130,38,49,41,127,128,94,80,40,107,25"/><W6/><G107/><T32/><D39/><U81/><E36/><V89/><F0/><W83/><G6/><T132/><D70/><U111/><E34/><V98/><F50/><W51/><G127/><N who="0" m="48715" /><D55/><U112/><E126/><V69/><F69/><W119/><G119/><N who="0" m="45579" /><D93/><U68/><E48/><V120/><F120/><W12/><G94/><T74/><D74/><U121/><E121/><V129/><F129/><W18/><G38/><T92/><D92/><U17/><E97/><V14/><F28/><W75/><G75/><T58/><D58/><U13/><E111/><V33/><F33/><W11/><G40/><T78/><D78/><U2/><E1/><V65/><REACH who="2" step="1"/><F23/><REACH who="2" ten="175,169,178,468" step="2"/><W90/><G49/><T91/><D131/><U5/><REACH who="1" step="1"/><E22/><REACH who="1" ten="175,159,178,468" step="2"/><V109/><F109/><W29/><G128/><T19/><D32/><U31/><E31/><V35/><F35/><W113/><G130/><T103/><D30/><U7/><E7/><V66/><F66/><W135/><G29/><T71/><D4/><U79/><E79/><V104/><F104/><W73/><G20/><T134/><D3/><U53/><E53/><V45/><F45/><W99/><G46/><T114/><D132/><U72/><AGARI ba="2,2" hai="2,5,9,10,13,17,63,67,68,72,77,81,112,115" machi="72" ten="20,8000,1" yaku="1,1,0,1,7,1,52,1,53,1" doraHai="15" doraHaiUra="61" who="1" fromWho="1" sc="175,-22,159,106,178,-22,468,-42" /><INIT seed="4,0,0,2,5,134" ten="153,265,156,426" oya="0" hai0="53,132,83,90,135,56,127,130,55,85,3,107,112" hai1="77,108,37,42,80,9,12,35,89,69,6,94,103" hai2="106,124,11,129,17,25,119,67,84,26,73,122,13" hai3="117,33,32,20,97,51,39,115,8,96,64,23,70"/><T114/><D130/><U57/><E69/><V1/><F73/><W22/><G39/><T123/><D123/><U92/><E35/><V54/><F106/><W76/><G76/><T93/><D3/><U88/><E108/><V4/><F67/><W47/><G8/><T61/><D107/><U58/><E103/><V34/><F122/><W120/><G120/><T63/><D63/><U44/><E92/><V5/><F84/><W126/><G32/><T24/><D24/><U71/><E71/><V59/><F119/><W31/><G115/><N who="0" m="44075" /><D53/><U60/><E94/><V131/><F54/><W121/><G121/><T98/><D127/><U14/><E14/><V118/><F59/><W38/><G126/><T66/><D66/><U30/><E58/><V41/><F41/><W49/><G64/><T125/><D125/><U18/><E30/><N who="2" m="19791" /><F124/><W27/><G27/><T46/><D46/><U2/><E57/><V128/><F118/><W116/><G31/><T7/><D7/><N who="2" m="2634" /><F26/><W16/><G116/><T102/><AGARI ba="0,0" hai="55,56,61,83,85,90,93,98,102,132,135" m="44075" machi="102" ten="30,1500,0" yaku="15,1" doraHai="134" who="0" fromWho="0" sc="153,15,265,-5,156,-5,426,-5" /><INIT seed="4,1,0,4,2,108" ten="168,260,151,421" oya="0" hai0="20,17,73,81,15,115,94,95,2,122,70,84,111" hai1="116,53,6,10,61,46,19,58,23,54,64,66,36" hai2="7,38,102,132,109,135,21,76,59,112,97,65,56" hai3="18,50,126,124,78,12,130,63,35,133,105,93,113"/><T45/><D122/><U26/><E116/><V82/><F109/><W37/><G37/><T92/><D111/><U86/><E86/><V98/><F38/><W62/><G35/><T75/><D70/><U129/><E129/><V77/><F7/><W24/><G24/><T125/><D125/><U3/><REACH who="1" step="1"/><E54/><REACH who="1" ten="168,250,151,421" step="2"/><V103/><F65/><W121/><G130/><T87/><D87/><U80/><E80/><V42/><F82/><W106/><G126/><T8/><D84/><U85/><E85/><V69/><F132/><W100/><G133/><T68/><D81/><U117/><E117/><V128/><F135/><W25/><G124/><T51/><D73/><U32/><E32/><V29/><F76/><W27/><G78/><T90/><D75/><U89/><E89/><V71/><F77/><W30/><G100/><T96/><D90/><U34/><E34/><V1/><F128/><W28/><G121/><T33/><D33/><U74/><E74/><V131/><F131/><W39/><G30/><T72/><D72/><U41/><AGARI ba="1,1" hai="3,6,10,19,23,26,36,41,46,53,58,61,64,66" machi="41" ten="30,4000,0" yaku="1,1,0,1,53,1" doraHai="108" doraHaiUra="16" who="1" fromWho="1" sc="168,-21,250,53,151,-11,421,-11" /><INIT seed="5,0,0,1,1,71" ten="147,303,140,410" oya="1" hai0="82,91,23,39,6,85,87,37,55,128,102,4,1" hai1="13,3,48,74,27,68,49,54,93,117,121,124,47" hai2="21,127,95,34,51,78,12,60,29,90,118,5,104" hai3="20,75,22,16,81,62,72,67,97,11,89,76,119"/><U98/><E3/><V52/><F104/><W94/><G119/><T25/><D102/><U112/><E117/><V24/><F118/><W44/><G44/><T129/><D55/><U83/><E121/><V26/><F127/><W105/><G105/><T125/><D87/><U61/><E13/><V77/><F60/><W66/><G66/><T63/><D63/><U15/><E15/><V116/><F116/><W120/><G120/><T130/><D125/><U73/><E27/><V103/><F103/><W92/><G92/><T45/><D45/><U113/><E49/><V30/><F5/><N who="0" m="2154" /><D1/><U9/><E83/><V131/><F131/><W122/><G72/><T42/><D42/><U19/><E61/><V57/><REACH who="2" step="1"/><F12/><REACH who="2" ten="147,303,130,410" step="2"/><W69/><G122/><T31/><AGARI ba="0,1" hai="23,25,31,37,39,82,85,91,128,129,130" m="2154" machi="31" ten="40,5200,0" yaku="19,1,52,2" doraHai="71" who="0" fromWho="0" sc="147,62,303,-26,130,-13,410,-13" /><INIT seed="6,0,0,2,5,100" ten="209,277,117,397" oya="2" hai0="38,115,61,22,6,1,51,70,97,86,67,58,23" hai1="71,90,44,83,49,7,129,132,120,28,111,59,14" hai2="77,35,113,15,87,105,96,82,73,26,114,40,116" hai3="33,128,85,0,98,81,34,123,19,17,76,45,39"/><V48/><F116/><W69/><G0/><T79/><D38/><U75/><E71/><V107/><F96/><W8/><G69/><T3/><D115/><N who="2" m="44042" /><F15/><W36/><G19/><T60/><D51/><U104/><E14/><V9/><F9/><W78/><G8/><T92/><D6/><U43/><E7/><V10/><F10/><W32/><G17/><T118/><D118/><U62/><E28/><N who="2" m="19863" /><F73/><W95/><G123/><T11/><D11/><U25/><E75/><V31/><F31/><W47/><G128/><T131/><D131/><U46/><E25/><V20/><F20/><W21/><G21/><T18/><D22/><U5/><E5/><V126/><F126/><W127/><G127/><T30/><D30/><U74/><E74/><V65/><F65/><W117/><G117/><T54/><D86/><U12/><E12/><V64/><F64/><W94/><G98/><T66/><D66/><U41/><E120/><V63/><F63/><W56/><G34/><T124/><D124/><U29/><E29/><V27/><F27/><W2/><G2/><T4/><D4/><U101/><E129/><V121/><F121/><W122/><G122/><T103/><D79/><U57/><E62/><V110/><F110/><W42/><G33/><T125/><D125/><U112/><E111/><V52/><F40/><W134/><G32/><T89/><D103/><U80/><E43/><V91/><F77/><W72/><G76/><T53/><D53/><U88/><E41/><V106/><F106/><W93/><G42/><T109/><D109/><U108/><E112/><V99/><F99/><RYUUKYOKU ba="0,0" sc="209,15,277,-15,117,15,397,-15" hai0="1,3,18,23,54,58,60,61,67,70,89,92,97" hai2="48,52,82,87,91,105,107" /><INIT seed="6,1,0,0,4,91" ten="224,262,132,382" oya="2" hai0="100,111,38,58,21,117,4,81,64,6,41,113,40" hai1="3,57,124,106,44,87,45,123,49,12,37,7,115" hai2="19,33,60,120,24,66,53,11,17,16,1,73,74" hai3="0,65,32,35,63,67,118,79,5,127,77,98,109"/><V97/><F120/><W52/><G118/><T25/><D111/><U121/><E106/><V119/><F119/><W76/><G109/><T103/><D117/><U69/><E69/><V102/><F53/><W134/><G0/><T116/><D116/><U82/><E3/><V14/><F1/><W90/><G5/><N who="0" m="2155" /><D81/><U72/><E72/><V48/><F48/><W9/><G9/><T95/><D38/><U36/><E57/><V71/><F17/><W51/><G127/><T130/><D130/><U105/><E45/><V89/><F89/><W56/><G134/><T62/><D113/><U129/><E105/><N who="2" m="63695" /><F19/><W131/><G131/><T108/><D108/><U28/><E129/><V55/><F55/><W122/><G122/><T133/><D133/><U128/><E115/><V13/><F13/><W93/><REACH who="3" step="1"/><G65/><REACH who="3" ten="224,262,132,372" step="2"/><T46/><D64/><U125/><E128/><V61/><F61/><W135/><G135/><T85/><D62/><U47/><E123/><V50/><F50/><W29/><G29/><AGARI ba="1,1" hai="11,14,16,24,29,33,60,66,71,73,74" m="63695" machi="29" ten="30,2900,0" yaku="25,1,54,1" doraHai="91" who="2" fromWho="3" sc="224,0,262,0,132,42,372,-32" /><INIT seed="6,2,0,5,2,45" ten="224,262,174,340" oya="2" hai0="63,79,87,117,107,51,93,125,127,21,15,26,38" hai1="123,85,1,22,50,18,75,69,135,128,56,106,28" hai2="82,129,32,108,74,110,68,92,88,44,113,72,53" hai3="111,60,34,64,71,120,83,89,76,78,39,2,55"/><V114/><F129/><W84/><G111/><N who="2" m="42537" /><F68/><W8/><G34/><T42/><D38/><U19/><E75/><V13/><F32/><W47/><G120/><T105/><D117/><U54/><E1/><V14/><F44/><W57/><G2/><T121/><D121/><U70/><E106/><V62/><F62/><W90/><G8/><T41/><D15/><N who="2" m="5642" /><F53/><W58/><G58/><T86/><D63/><U24/><E70/><V80/><F72/><W99/><G99/><T17/><D105/><U6/><E54/><V96/><F74/><W48/><G76/><T23/><D107/><U40/><E69/><V124/><F124/><W20/><G20/><T66/><D66/><U109/><E22/><V11/><F11/><W30/><G30/><T115/><D21/><U94/><E28/><V101/><F101/><W126/><G126/><T112/><D79/><U25/><E109/><V132/><F132/><W33/><G33/><T16/><D23/><U7/><E135/><V10/><F10/><W61/><G39/><T36/><D36/><U49/><E123/><V103/><F103/><W27/><G27/><T130/><D26/><U97/><E25/><V67/><F67/><AGARI ba="2,0" hai="47,48,55,57,60,61,64,67,71,78,83,84,89,90" machi="67" ten="30,2000,0" yaku="7,1,52,1" doraHai="45" who="3" fromWho="2" sc="224,0,262,0,174,-26,340,26" /><INIT seed="7,0,0,0,4,131" ten="224,262,148,366" oya="3" hai0="43,122,72,65,54,70,8,99,92,95,82,118,21" hai1="106,4,96,88,47,132,23,60,48,61,124,89,66" hai2="135,128,30,112,28,79,26,19,44,130,12,76,14" hai3="102,125,16,94,3,53,84,75,22,80,36,107,71"/><W117/><G3/><T38/><D118/><U56/><E132/><V9/><F44/><W15/><G36/><T49/><D122/><U104/><E124/><V114/><F26/><W134/><G134/><T2/><D43/><U78/><E78/><V111/><F111/><W81/><G107/><T32/><D38/><U42/><E4/><V25/><F25/><W1/><G71/><T58/><D32/><U83/><E83/><V116/><F116/><W29/><G29/><N who="2" m="11369" /><F112/><W40/><G40/><T46/><D70/><U69/><E23/><N who="2" m="11751" /><F76/><W103/><G1/><T20/><D20/><U101/><REACH who="1" step="1"/><E106/><REACH who="1" ten="224,252,148,366" step="2"/><V10/><F114/><W86/><G125/><T113/><D113/><U108/><E108/><V74/><F79/><W123/><G81/><T105/><D21/><U91/><E91/><V17/><F74/><W57/><G22/><T129/><D82/><U126/><E126/><V120/><F120/><W59/><G80/><T7/><D105/><U51/><E51/><V62/><F62/><W68/><G75/><T98/><D72/><U11/><E11/><N who="2" m="4107" /><F135/><W67/><G117/><T115/><D115/><U77/><E77/><V85/><F85/><W64/><G86/><T55/><D49/><U63/><E63/><V50/><F50/><W45/><G84/><T127/><D127/><U110/><E110/><V41/><F41/><W5/><G123/><T6/><D6/><U34/><E34/><V13/><F128/><W90/><G5/><T87/><D7/><U97/><E97/><V52/><F130/><W93/><G102/><T18/><D129/><U100/><E100/><RYUUKYOKU ba="0,1" sc="224,-10,252,30,148,-10,366,-10" hai1="42,47,48,56,60,61,66,69,88,89,96,101,104" owari="214,-18.6,282,8.2,138,-36.2,366,46.6" /></mjloggm>