<mjloggm ver="2.3"><GO type="169" lobby="0"/><UN n0="%E6%88%91%E5%8F%AF%E4%BB%A5" n1="%E3%81%B1%E3%83%BC%E3%81%9B%E3%82%93%E3%81%A8%E4%BE%8D" n2="%E3%81%A6%E3%82%8A%E3%81%86%E3%82%80" n3="%6B%E3%81%AE" dan="16,18,16,17" rate="2107.19,2198.31,2088.77,2210.56" sx="M,M,M,M"/><TAIKYOKU oya="0"/><INIT seed="0,0,0,3,3,31" ten="250,250,250,250" oya="0" hai0="127,104,133,7,89,54,68,28,123,83,94,87,72" hai1="66,16,57,14,52,32,85,49,35,51,130,128,75" hai2="70,78,93,76,20,95,79,90,25,60,30,112,36" hai3="5,103,53,59,91,98,58,110,45,111,2,29,42"/><T38/><D123/><U61/><E75/><V47/><F112/><W109/><G91/><T19/><D68/><U106/><E106/><V120/><F120/><W71/><G71/><T11/><D19/><U116/><E85/><V117/><F117/><W27/><G5/><T126/><D38/><U1/><E1/><V55/><F90/><W41/><G2/><T113/><D133/><U80/><E80/><V132/><F132/><W82/><G82/><T67/><D67/><U18/><E51/><V12/><F36/><W122/><G122/><T33/><D54/><U39/><E39/><V17/><F47/><W131/><G131/><N who="1" m="50218" /><E116/><V64/><REACH who="2" step="1"/><F55/><REACH who="2" ten="250,250,240,250" step="2"/><W99/><G45/><T124/><D113/><U62/><E62/><V43/><F43/><W37/><G37/><T119/><D119/><U24/><E24/><V129/><F129/><W81/><G42/><T23/><D124/><U48/><E48/><V77/><N who="2" m="19456" /><DORA hai="15" /><V40/><F40/><W73/><G41/><T74/><D126/><U9/><E18/><V97/><F97/><W118/><G99/><T69/><D127/><U114/><E114/><V100/><F100/><W10/><G98/><T84/><D89/><U107/><E107/><V13/><F13/><W6/><G103/><T56/><D104/><U8/><E8/><AGARI ba="0,1" hai="8,12,17,20,25,30,60,64,70,93,95" m="19456" machi="8" ten="50,6400,0" yaku="1,1,52,1,53,1" doraHai="31,15" doraHaiUra="46,21" who="2" fromWho="1" sc="250,0,250,-64,240,74,250,0" /><INIT seed="1,0,0,1,2,12" ten="250,186,314,250" oya="1" hai0="5,1,24,32,79,114,101,66,56,34,78,57,40" hai1="75,41,104,90,39,8,125,45,63,20,87,4,111" hai2="52,27,86,134,23,123,69,81,28,127,14,107,89" hai3="106,83,110,33,82,74,126,92,17,70,85,72,115"/><U94/><E125/><V128/><F107/><W7/><G70/><T9/><D114/><U77/><E104/><V113/><F69/><W64/><G64/><T105/><D40/><U130/><E130/><V100/><F123/><W37/><G37/><T49/><D57/><U122/><E122/><V117/><F117/><W133/><G33/><T84/><D101/><U97/><E111/><V46/><F134/><W58/><G7/><T91/><D105/><U2/><E63/><V25/><F25/><W65/><G106/><T16/><D34/><U129/><E129/><V53/><F128/><W59/><G110/><T132/><D132/><U73/><REACH who="1" step="1"/><E20/><REACH who="1" ten="250,176,314,250" step="2"/><N who="2" m="15463" /><F127/><W48/><G126/><T135/><D32/><U11/><E11/><V95/><F113/><W21/><G115/><T108/><D108/><U26/><E26/><V13/><F23/><W50/><G21/><T61/><D135/><U121/><E121/><V119/><F119/><W99/><G133/><T35/><D35/><U19/><E19/><V36/><F36/><W6/><G17/><T103/><D24/><U62/><E62/><V71/><F71/><W0/><G6/><T96/><D16/><U38/><E38/><V109/><F109/><W10/><G10/><T60/><D61/><U18/><E18/><V29/><F29/><W54/><G48/><T118/><D118/><U22/><E22/><V31/><F31/><W131/><G131/><T112/><D49/><U43/><E43/><V93/><F53/><W116/><G54/><T67/><D112/><U124/><E124/><V55/><F55/><N who="3" m="32119" /><G116/><T68/><D9/><RYUUKYOKU ba="0,1" sc="250,-10,176,30,314,-10,250,-10" hai1="2,4,8,39,41,45,73,75,77,87,90,94,97" /><INIT seed="1,1,1,5,1,28" ten="240,206,304,240" oya="1" hai0="5,7,122,34,106,89,96,62,133,46,128,135,112" hai1="80,61,50,6,40,10,65,99,110,132,82,26,117" hai2="44,84,21,15,125,76,49,22,53,92,81,4,130" hai3="2,79,25,87,58,113,9,97,78,13,51,27,77"/><U37/><E117/><V36/><F125/><W101/><G2/><T123/><D112/><U116/><E116/><V73/><F130/><W98/><G113/><T134/><D128/><U52/><E132/><V14/><F36/><W57/><G87/><T32/><D46/><U93/><E110/><V74/><F74/><W30/><G51/><T0/><D62/><U71/><E26/><N who="3" m="9738" /><G30/><T67/><D67/><U63/><E63/><V66/><F66/><W114/><G114/><T48/><D48/><U24/><E24/><V3/><F3/><W31/><G31/><T105/><D89/><U54/><E40/><V42/><F53/><W103/><G9/><N who="0" m="2215" /><D7/><U131/><E37/><V95/><F15/><W124/><G13/><T127/><D127/><U115/><E115/><V83/><F22/><W29/><G29/><T102/><D106/><U17/><E17/><V109/><F109/><W91/><G91/><T1/><D1/><U90/><E131/><V47/><F47/><W72/><G72/><T39/><D39/><U8/><E54/><V88/><F21/><W86/><G86/><T118/><D118/><U107/><E107/><V43/><F43/><W129/><G129/><T56/><D56/><N who="3" m="21609" /><G124/><T75/><D75/><U41/><E41/><V85/><F73/><W59/><N who="3" m="21617" /><W12/><DORA hai="104" /><G12/><T108/><D108/><U64/><E64/><V38/><REACH who="2" step="1"/><F38/><REACH who="2" ten="240,206,294,240" step="2"/><W111/><G111/><T35/><AGARI ba="1,2" hai="32,34,35,96,102,105,122,123,133,134,135" m="2215" machi="35" ten="40,8000,1" yaku="20,1,23,1,52,3" doraHai="28,104" who="0" fromWho="0" sc="240,103,206,-41,294,-21,240,-21" /><INIT seed="2,0,0,1,3,46" ten="343,165,273,219" oya="2" hai0="69,14,50,74,85,73,39,49,107,52,32,122,0" hai1="3,15,45,16,84,11,24,22,133,29,105,9,47" hai2="111,68,65,4,8,19,54,129,2,113,131,53,117" hai3="43,20,72,27,132,81,76,86,41,99,134,56,18"/><V93/><F113/><W109/><G109/><T35/><D0/><U88/><E105/><V114/><F114/><W125/><G125/><T83/><D39/><U87/><E133/><N who="3" m="51306" /><G99/><T94/><D69/><U58/><E87/><V48/><F117/><W28/><G56/><T59/><D107/><U103/><E103/><V118/><F118/><W38/><G38/><T1/><D1/><U30/><E30/><V5/><F54/><W34/><G72/><T36/><D36/><U106/><E106/><V104/><F104/><W51/><G51/><T102/><D122/><U126/><E126/><V64/><F5/><W110/><G110/><T92/><D14/><AGARI ba="0,0" hai="14,18,20,27,28,34,41,43,76,81,86" m="51306" machi="14" ten="30,1000,0" yaku="20,1" doraHai="46" who="3" fromWho="0" sc="343,-10,165,0,273,0,219,10" /><INIT seed="3,0,0,4,1,39" ten="333,165,273,229" oya="3" hai0="65,108,47,11,129,57,89,121,4,74,42,77,104" hai1="0,16,109,22,27,91,112,25,45,92,68,125,93" hai2="38,128,35,62,85,5,64,36,17,126,120,32,41" hai3="99,52,61,116,2,113,70,110,3,20,18,19,24"/><W44/><G116/><T13/><D121/><U73/><E112/><V66/><F5/><W111/><G113/><T119/><D104/><U14/><E68/><V131/><F126/><W107/><G70/><T1/><D108/><N who="3" m="41513" /><G18/><T53/><D129/><U29/><E0/><V15/><F85/><W133/><G133/><T7/><D119/><U6/><E109/><V123/><F17/><W54/><G61/><T96/><D65/><U63/><E73/><V59/><F62/><W9/><G9/><T98/><D13/><U84/><E125/><V83/><F15/><W79/><G79/><T69/><D7/><U106/><E106/><V130/><F130/><W90/><G90/><T34/><D89/><U76/><E76/><V78/><F78/><W56/><G44/><T97/><D69/><U72/><E72/><V101/><F59/><W103/><G56/><T117/><D117/><U60/><E45/><V48/><F101/><W87/><G87/><T50/><D77/><U132/><E132/><V46/><F46/><W127/><G127/><T12/><D74/><U28/><E6/><V122/><F122/><W26/><G26/><T94/><D1/><AGARI ba="0,0" hai="1,2,3,19,20,24,52,54,99,103,107" m="41513" machi="1" ten="30,5800,0" yaku="14,1,10,1,54,1" doraHai="39" who="3" fromWho="0" sc="333,-58,165,0,273,0,229,58" /><INIT seed="3,1,0,1,2,6" ten="275,165,273,287" oya="3" hai0="67,16,111,88,49,55,105,112,109,100,65,90,95" hai1="117,57,69,131,13,1,134,75,115,74,107,34,110" hai2="29,98,37,4,2,58,68,52,62,36,53,35,45" hai3="43,11,54,66,101,93,30,23,118,108,91,44,127"/><W120/><G120/><T72/><D72/><U104/><E57/><V56/><F68/><W133/><G118/><T27/><D112/><U116/><E13/><V125/><F125/><W32/><G127/><T61/><D100/><U81/><E81/><V123/><F123/><W50/><G32/><T80/><D105/><U135/><E107/><V10/><F45/><W5/><G133/><T20/><D80/><U113/><E113/><V103/><F29/><W15/><G66/><N who="0" m="25099" /><D61/><U0/><E75/><V40/><F40/><W114/><G114/><T60/><D60/><U64/><E64/><V78/><F35/><W33/><G33/><T86/><D86/><U122/><E1/><V71/><F78/><W121/><G121/><T47/><D95/><U39/><E117/><V3/><F3/><W26/><G108/><AGARI ba="1,0" hai="16,20,27,47,49,55,88,90,108,109,111" m="25099" machi="108" ten="30,3900,0" yaku="14,1,54,2" doraHai="6" who="0" fromWho="3" sc="275,42,165,0,273,0,287,-42" /><INIT seed="4,0,0,1,0,87" ten="317,165,273,245" oya="0" hai0="24,43,85,73,18,123,104,111,19,97,88,35,28" hai1="17,91,78,109,40,31,45,74,100,79,75,66,48" hai2="89,25,82,107,54,121,124,116,59,110,5,90,1" hai3="55,117,50,71,118,125,63,49,81,11,101,33,6"/><T3/><D123/><U36/><E109/><V14/><F121/><W9/><G33/><T65/><D73/><U99/><E31/><V8/><F107/><W128/><G128/><T112/><D112/><U10/><E66/><V134/><F110/><W2/><G125/><T26/><D3/><U58/><E75/><V39/><F39/><W44/><G101/><T41/><D65/><U52/><E74/><V27/><F82/><W132/><G132/><T108/><D108/><U113/><E113/><V129/><F129/><W38/><G38/><T106/><D111/><U51/><E36/><V127/><F1/><W20/><G71/><T102/><D104/><U95/><E100/><V77/><F77/><W12/><G63/><T46/><D24/><N who="2" m="9290" /><F134/><W86/><G20/><T34/><D34/><U135/><E135/><V22/><F22/><W103/><G49/><T83/><D41/><U23/><E10/><V68/><F68/><W4/><REACH who="3" step="1"/><G103/><REACH who="3" ten="317,165,273,235" step="2"/><T42/><D42/><U98/><REACH who="1" step="1"/><E98/><REACH who="1" ten="317,155,273,235" step="2"/><V122/><F122/><W29/><G29/><T64/><D97/><U69/><E69/><V72/><F124/><W93/><G93/><T37/><D102/><U21/><E21/><V105/><F127/><W13/><G13/><AGARI ba="0,2" hai="13,17,23,40,45,48,51,52,58,78,79,91,95,99" machi="13" ten="30,8000,1" yaku="1,1,7,1,8,1,52,1,54,1,53,0" doraHai="87" doraHaiUra="133" who="1" fromWho="3" sc="317,0,155,100,273,0,235,-80" /><INIT seed="5,0,0,1,1,128" ten="317,255,273,155" oya="1" hai0="110,13,67,72,134,39,52,97,66,129,86,78,3" hai1="38,30,99,40,28,22,77,89,32,18,107,54,85" hai2="48,23,84,64,119,117,12,106,96,37,80,4,70" hai3="43,100,121,61,103,102,19,53,135,35,111,125,31"/><U73/><E32/><V24/><F37/><W74/><G111/><T131/><D134/><U123/><E123/><V57/><F70/><W25/><G121/><T49/><D3/><U116/><E116/><V83/><F83/><W60/><G74/><T9/><D72/><U112/><E54/><V69/><F69/><W15/><G125/><T132/><D132/><U21/><E21/><V130/><F130/><N who="0" m="49674" /><D97/><U82/><E40/><V87/><F87/><W63/><G43/><T10/><D39/><U126/><E38/><V124/><F124/><W95/><G135/><T1/><D1/><U62/><E62/><V65/><F96/><W33/><G33/><T108/><D9/><U56/><E56/><V16/><F106/><W71/><G71/><T6/><D86/><U59/><E59/><V91/><F117/><W104/><G104/><T120/><D78/><U36/><E36/><V94/><F80/><W0/><G0/><T11/><D11/><U58/><E58/><V105/><F105/><W47/><G47/><N who="0" m="27711" /><D120/><U122/><E122/><V81/><F81/><W46/><G46/><T8/><D8/><U42/><E126/><V68/><F119/><W45/><G45/><T93/><D93/><N who="1" m="54447" /><E42/><V34/><F68/><W41/><G41/><T7/><D7/><U88/><E107/><V115/><F4/><W27/><G53/><T113/><D113/><U50/><E112/><V75/><F115/><W133/><G133/><T55/><D55/><U44/><E44/><V114/><F114/><W101/><N who="3" m="25600" /><DORA hai="29" /><W2/><G2/><T79/><D79/><U109/><E77/><RYUUKYOKU ba="0,0" sc="317,30,255,-10,273,-10,155,-10" hai0="6,10,13,66,67,108,110" /><INIT seed="6,1,0,2,1,106" ten="347,245,263,145" oya="2" hai0="94,131,34,120,121,99,13,12,56,113,72,69,63" hai1="85,110,50,16,42,51,76,73,25,81,97,10,45" hai2="46,62,78,71,39,70,96,2,59,135,33,67,54" hai3="91,64,132,98,52,116,22,93,107,105,80,65,101"/><V29/><F2/><W133/><G116/><T114/><D34/><U111/><E97/><V115/><F78/><W108/><G108/><T9/><D69/><U75/><E111/><V26/><F115/><N who="0" m="44042" /><D72/><U3/><E110/><V55/><F135/><W36/><G36/><T47/><D47/><U21/><REACH who="1" step="1"/><E51/><REACH who="1" ten="347,235,263,145" step="2"/><V17/><F96/><W86/><G133/><T83/><D99/><U31/><E31/><V124/><F29/><W44/><G132/><T6/><D120/><U49/><E49/><V119/><F39/><W11/><G107/><T35/><D121/><U122/><E122/><V104/><F104/><W37/><G37/><T82/><D131/><U77/><E77/><V28/><F28/><W18/><G105/><T61/><D35/><U19/><E19/><V68/><F17/><W92/><G11/><T24/><D9/><U90/><E90/><V127/><F33/><W32/><G32/><T4/><D4/><AGARI ba="1,1" hai="3,4,10,16,21,25,42,45,50,73,75,76,81,85" machi="4" ten="40,8000,1" yaku="1,1,52,2,54,1,53,0" doraHai="106" doraHaiUra="60" who="1" fromWho="0" sc="347,-83,235,93,263,0,145,0" /><INIT seed="7,0,0,4,5,45" ten="264,328,263,145" oya="3" hai0="23,104,102,41,125,89,27,6,52,17,82,96,126" hai1="59,63,93,130,92,31,71,10,81,88,50,95,7" hai2="65,119,131,109,60,72,29,75,37,129,103,57,33" hai3="99,56,25,46,70,36,85,0,80,24,66,20,40"/><W8/><G70/><T83/><D41/><U106/><E106/><V62/><F109/><W18/><G99/><T132/><D132/><U98/><E31/><V107/><F37/><W55/><G66/><T94/><D6/><U120/><E130/><N who="2" m="49675" /><F119/><W91/><G8/><T26/><D26/><U2/><E120/><V19/><F19/><W68/><G68/><T108/><D108/><U86/><E50/><V22/><F33/><W78/><G0/><T121/><D121/><U14/><E71/><N who="2" m="42407" /><F103/><W133/><G133/><T1/><D1/><U105/><E105/><V16/><F29/><W73/><G24/><T53/><D102/><N who="1" m="60743" /><E2/><V12/><F107/><W64/><G64/><AGARI ba="0,0" hai="7,10,14,59,63,64,81,86,88,93,95" m="60743" machi="64" ten="30,2000,0" yaku="8,1,54,1" doraHai="45" who="1" fromWho="3" sc="264,0,328,20,263,0,145,-20" /><AGARI ba="0,0" hai="12,16,22,57,62,64,72,75" m="42407,49675" machi="64" ten="30,2000,0" yaku="19,1,54,1" doraHai="45" who="2" fromWho="3" sc="264,0,348,0,263,20,125,-20" owari="264,-13.6,348,44.8,283,8.3,105,-39.5" /></mjloggm>