<mjloggm ver="2.3"><GO type="169" lobby="0"/><UN n0="%46%69%72%73%74" n1="%E3%81%A8%E3%81%B3%E3%81%BE%E3%81%93" n2="%E9%B3%B3%E5%8D%97%E3%81%AE%E3%81%8A%E9%A6%AC%E3%81%95%E3%82%93" n3="%E4%BF%BA%E3%81%A7%E3%81%99" dan="16,18,18,16" rate="2042.12,2226.04,2229.23,2081.08" sx="M,M,M,M"/><TAIKYOKU oya="0"/><INIT seed="0,0,0,5,2,44" ten="250,250,250,250" oya="0" hai0="28,73,100,89,34,92,129,26,134,120,36,85,94" hai1="71,110,19,78,83,75,61,7,64,88,24,127,96" hai2="35,130,45,116,66,60,76,46,52,39,69,124,49" hai3="10,82,41,95,17,91,93,81,113,3,102,90,15"/><T22/><D120/><U123/><E123/><V133/><F35/><W112/><G41/><T4/><D129/><U121/><E121/><V135/><F76/><W87/><G102/><T84/><D134/><N who="2" m="51210" /><F130/><W97/><REACH who="3" step="1"/><G3/><REACH who="3" ten="250,250,250,240" step="2"/><T68/><D100/><U21/><E110/><V40/><F116/><W70/><G70/><T11/><D68/><U86/><E127/><AGARI ba="0,1" hai="39,40,45,46,49,52,60,66,69,124,127" m="51210" machi="127" ten="30,8000,1" yaku="20,1,34,2,52,1,54,1" doraHai="44" who="2" fromWho="1" sc="250,0,250,-80,250,90,240,0" /><INIT seed="1,0,0,1,1,15" ten="250,170,340,240" oya="1" hai0="122,30,37,129,90,53,49,16,118,22,63,110,78" hai1="3,127,77,34,125,65,5,128,111,116,27,95,69" hai2="13,61,54,81,9,52,74,98,76,106,112,79,92" hai3="39,124,97,29,20,93,26,70,101,109,41,85,12"/><U35/><E77/><V4/><F112/><W86/><G109/><T108/><D118/><U14/><E95/><V8/><F106/><W0/><G0/><T51/><D129/><U66/><E69/><V46/><F79/><W19/><G124/><N who="1" m="47690" /><E66/><V119/><F119/><W115/><G115/><T83/><D122/><U68/><E65/><V91/><F61/><W31/><G31/><T131/><D131/><U71/><E71/><V100/><F100/><W60/><G70/><T103/><D103/><U2/><E68/><V64/><F64/><W121/><G121/><T50/><D37/><U135/><E116/><V84/><F74/><W44/><REACH who="3" step="1"/><G60/><REACH who="3" ten="250,170,340,230" step="2"/><T6/><D30/><N who="1" m="19807" /><E128/><V102/><F102/><W89/><G89/><T75/><D90/><U130/><E130/><V23/><F91/><W82/><G82/><T62/><D62/><U105/><E111/><V21/><F81/><W104/><G104/><T117/><D117/><U55/><E105/><V126/><F126/><W94/><G94/><T67/><D110/><U99/><E3/><V7/><F92/><W10/><AGARI ba="0,1" hai="10,12,19,20,26,29,39,41,44,85,86,93,97,101" machi="10" ten="20,8000,1" yaku="1,1,0,1,7,1,52,1,53,1" doraHai="15" doraHaiUra="25" who="3" fromWho="3" sc="250,-20,170,-40,340,-20,230,90" /><INIT seed="2,0,0,1,1,103" ten="230,130,320,320" oya="2" hai0="39,2,89,25,17,99,21,35,85,126,38,44,76" hai1="90,135,77,15,70,109,16,13,26,54,24,102,20" hai2="125,117,83,37,127,63,80,122,67,32,131,14,81" hai3="118,94,129,88,53,95,30,33,72,12,65,49,0"/><V60/><F117/><W124/><G0/><T123/><D123/><U23/><E70/><V62/><F122/><W73/><G118/><T27/><D126/><N who="2" m="48138" /><F37/><W18/><G124/><T130/><D130/><U111/><E135/><V110/><F131/><W9/><G65/><T68/><D68/><U134/><E134/><V34/><F110/><N who="1" m="41993" /><E77/><V50/><F50/><W43/><G43/><T46/><D2/><U58/><E90/><V36/><F36/><W48/><G95/><T104/><D76/><U28/><E102/><V11/><F67/><W133/><G133/><T8/><D38/><U51/><AGARI ba="0,0" hai="13,15,16,20,23,24,26,28,51,54,58" m="41993" machi="51" ten="30,2000,0" yaku="14,1,54,1" doraHai="103" who="1" fromWho="1" sc="230,-5,130,20,320,-10,320,-5" /><INIT seed="3,0,0,3,4,53" ten="225,150,310,315" oya="3" hai0="102,29,128,77,125,78,84,48,27,108,16,118,76" hai1="55,57,112,47,67,33,106,7,105,91,5,25,44" hai2="2,14,83,101,75,65,80,42,82,130,109,61,121" hai3="49,37,28,92,132,85,32,96,59,64,46,41,58"/><W15/><G132/><T30/><D108/><U110/><E110/><V43/><F2/><W90/><G32/><T8/><D118/><U119/><E112/><V72/><F109/><W87/><G28/><T93/><D128/><U17/><E119/><V115/><F115/><W86/><G64/><T4/><D125/><U13/><E67/><V6/><F130/><W31/><G31/><T21/><D48/><U68/><E68/><V113/><F113/><W38/><REACH who="3" step="1"/><G15/><REACH who="3" ten="225,150,310,305" step="2"/><T66/><D66/><U10/><E33/><V60/><F65/><W18/><G18/><T0/><D30/><U122/><E25/><V51/><F14/><W120/><G120/><T22/><D29/><U26/><E122/><V111/><F121/><W45/><G45/><T81/><D27/><U134/><E134/><V94/><F111/><W70/><G70/><T11/><D16/><U36/><E44/><V73/><F6/><W69/><G69/><T34/><D34/><U107/><E26/><V50/><F43/><W54/><G54/><T131/><D4/><U3/><E7/><V52/><F42/><W124/><G124/><T99/><D131/><U97/><E5/><V39/><F52/><W95/><G95/><T116/><D116/><U62/><E3/><V63/><F39/><AGARI ba="0,1" hai="37,38,39,41,46,49,58,59,85,86,87,90,92,96" machi="39" ten="40,7700,0" yaku="1,1,52,2,53,0" doraHai="53" doraHaiUra="98" who="3" fromWho="2" sc="225,0,150,0,310,-77,305,87" /><INIT seed="3,1,0,0,3,83" ten="225,150,233,392" oya="3" hai0="2,99,92,81,6,35,126,93,124,18,75,73,110" hai1="80,106,113,55,129,20,86,74,25,56,111,5,103" hai2="96,62,120,52,88,17,66,65,42,79,59,69,61" hai3="89,64,37,39,76,54,60,84,21,49,102,10,15"/><W104/><G76/><T34/><D18/><U108/><E113/><V36/><F120/><W77/><G77/><T105/><D2/><U38/><E38/><V109/><F109/><N who="1" m="42057" /><E74/><V112/><F112/><W125/><G125/><T16/><D6/><U50/><E5/><V63/><F79/><W47/><G21/><T9/><D110/><U11/><E11/><V19/><F42/><W41/><G41/><T29/><D105/><U57/><E129/><V1/><F36/><W23/><G23/><T85/><D73/><U12/><E12/><V128/><F1/><W121/><G121/><T133/><D75/><U134/><E134/><V117/><F117/><W53/><G102/><T101/><D133/><U100/><E56/><V22/><F128/><W132/><G104/><T82/><D35/><U43/><E43/><V91/><F96/><W127/><G127/><N who="0" m="48683" /><D29/><N who="1" m="17575" /><E106/><V33/><F33/><W58/><G132/><T116/><D34/><U123/><E123/><V7/><F7/><W45/><G39/><T46/><D46/><U95/><E95/><V24/><F17/><N who="3" m="8439" /><G37/><T131/><D116/><U130/><E130/><V135/><F135/><W94/><G47/><T97/><D131/><U14/><E14/><V31/><F31/><W98/><G45/><T44/><D44/><U119/><E119/><V71/><AGARI ba="1,0" hai="19,22,24,52,59,61,62,63,65,66,69,71,88,91" machi="71" ten="20,8000,1" yaku="0,1,7,1,9,1,54,2" doraHai="83" who="2" fromWho="2" sc="225,-21,150,-21,233,83,392,-41" /><INIT seed="4,0,0,2,3,8" ten="204,129,316,351" oya="0" hai0="132,13,63,7,30,68,18,127,123,104,122,124,107" hai1="2,134,36,77,17,115,76,75,61,20,60,51,125" hai2="52,59,44,35,128,49,100,135,70,26,57,87,80" hai3="45,56,108,27,31,103,94,98,69,5,79,22,47"/><T11/><D132/><U109/><E109/><V92/><F70/><W133/><G69/><T1/><D30/><U3/><E36/><V67/><F128/><W116/><G116/><T130/><D107/><U93/><E134/><V106/><F106/><W40/><G108/><T81/><D104/><U66/><E125/><N who="0" m="48201" /><D81/><U15/><E51/><V28/><F135/><W102/><G79/><T41/><D41/><U64/><E93/><V90/><REACH who="2" step="1"/><F67/><REACH who="2" ten="204,129,306,351" step="2"/><W83/><G133/><T131/><D68/><U86/><E66/><V24/><F24/><W16/><G27/><T89/><D130/><U95/><E64/><V119/><F119/><W71/><G71/><T43/><D131/><U6/><E115/><V110/><F110/><W10/><G40/><T23/><D123/><U0/><E0/><V14/><F14/><W62/><G56/><T74/><D122/><U114/><E3/><V42/><F42/><W38/><G38/><T120/><D120/><U9/><E114/><V112/><F112/><W58/><G58/><T118/><D118/><U54/><E54/><V46/><F46/><W73/><G47/><T88/><D43/><U113/><E113/><V97/><AGARI ba="0,1" hai="26,28,35,44,49,52,57,59,80,87,90,92,97,100" machi="97" ten="30,7900,0" yaku="1,1,0,1,54,1,53,1" doraHai="8" doraHaiUra="50" who="2" fromWho="2" sc="204,-39,129,-20,306,89,351,-20" /><INIT seed="5,0,0,3,5,13" ten="165,109,395,331" oya="1" hai0="14,102,50,86,74,43,119,133,30,105,96,95,52" hai1="116,94,37,130,127,124,34,47,29,126,100,91,55" hai2="3,21,135,132,51,16,35,40,68,49,92,87,71" hai3="90,73,28,84,32,6,58,69,115,93,103,109,89"/><U72/><E116/><V82/><F3/><W59/><G69/><N who="2" m="26697" /><F92/><W53/><G109/><T99/><D119/><U66/><E66/><V83/><F35/><W65/><G73/><T44/><D133/><N who="2" m="51274" /><F40/><W98/><G6/><T24/><D74/><U31/><E130/><V62/><F62/><W85/><G115/><T39/><D86/><N who="1" m="52599" /><E72/><V26/><F83/><W48/><G32/><T54/><D14/><U61/><E100/><V80/><F82/><W36/><G36/><T22/><REACH who="0" step="1"/><D39/><REACH who="0" ten="155,109,395,331" step="2"/><U17/><E37/><V125/><F125/><W4/><G85/><T41/><D41/><U9/><E34/><V120/><F120/><W122/><G122/><T64/><D64/><U25/><E124/><V56/><F56/><W38/><G38/><T131/><D131/><U11/><E126/><V8/><F8/><W81/><G59/><T101/><AGARI ba="0,1" hai="22,24,30,43,44,50,52,54,95,96,99,101,102,105" machi="101" ten="20,5200,0" yaku="1,1,0,1,7,1,54,1,53,0" doraHai="13" doraHaiUra="33" who="0" fromWho="0" sc="155,62,109,-26,395,-13,331,-13" /><INIT seed="6,0,0,2,3,122" ten="217,83,382,318" oya="2" hai0="123,124,86,69,110,99,60,73,111,24,11,112,114" hai1="83,106,7,132,64,14,97,35,101,107,3,50,91" hai2="87,127,43,16,82,93,125,51,25,133,102,21,2" hai3="45,32,109,41,10,108,94,92,48,105,12,103,85"/><V44/><F2/><W84/><G32/><T37/><D73/><U117/><E117/><V67/><F133/><W28/><G28/><T33/><D37/><U29/><E132/><V23/><F67/><W8/><G105/><T118/><D124/><U131/><E131/><V89/><F102/><W58/><G8/><T100/><D86/><U34/><E107/><V61/><F61/><W63/><G85/><T19/><D123/><U76/><E3/><V46/><F23/><W53/><G84/><T49/><D49/><U66/><E50/><V4/><F4/><W90/><G90/><T55/><D118/><U47/><E47/><V130/><F130/><W104/><G104/><T1/><D1/><U95/><E14/><V26/><F46/><W129/><G129/><T13/><D33/><U134/><E7/><V59/><F59/><W18/><REACH who="3" step="1"/><G94/><REACH who="3" ten="217,83,382,308" step="2"/><T62/><D11/><U75/><E134/><V39/><F93/><W31/><G31/><T42/><D100/><U116/><E116/><V20/><REACH who="2" step="1"/><F39/><REACH who="2" ten="217,83,372,308" step="2"/><W115/><G115/><T128/><D114/><U17/><E35/><V77/><F77/><W71/><G71/><T36/><D69/><U81/><E81/><V27/><F27/><W98/><AGARI ba="0,2" hai="10,12,18,41,45,48,53,58,63,92,98,103,108,109" machi="98" ten="30,8000,1" yaku="1,1,0,1,52,2,53,1" doraHai="122" doraHaiUra="5" who="3" fromWho="3" sc="217,-20,83,-20,372,-40,308,100" /><INIT seed="7,0,0,2,2,12" ten="197,63,332,408" oya="3" hai0="71,26,100,43,125,29,52,0,115,14,41,131,53" hai1="60,39,72,59,124,82,105,77,62,23,109,37,91" hai2="58,30,21,6,133,45,122,119,10,46,54,68,28" hai3="1,120,87,127,128,108,95,80,94,106,101,116,3"/><W31/><G116/><T121/><D53/><U64/><E124/><V56/><F68/><W83/><G120/><T40/><D14/><U48/><E105/><V51/><F119/><W63/><G127/><T118/><D41/><U67/><E109/><V4/><F122/><W89/><G31/><T11/><D26/><U13/><E91/><V99/><F133/><W5/><G108/><T57/><D52/><U65/><E65/><V110/><F110/><W113/><G113/><T8/><D11/><U134/><E134/><V25/><F30/><W129/><G106/><T97/><D8/><U123/><E48/><V70/><F70/><W34/><G34/><T79/><D43/><U78/><E123/><V7/><F46/><W44/><G44/><T61/><D57/><U16/><REACH who="1" step="1"/><E77/><REACH who="1" ten="197,53,332,408" step="2"/><V86/><F99/><W24/><G89/><T93/><D97/><U130/><E130/><V38/><F38/><W84/><G129/><T35/><D131/><U76/><E76/><V15/><REACH who="2" step="1"/><F86/><REACH who="2" ten="197,53,322,408" step="2"/><W2/><G87/><T49/><D79/><U18/><E18/><AGARI ba="0,2" hai="4,6,7,10,15,18,21,25,28,45,51,54,56,58" machi="18" ten="40,8000,1" yaku="1,1,2,1,8,1,52,1,53,0" doraHai="12" doraHaiUra="135" who="2" fromWho="1" sc="197,0,53,-80,322,100,408,0" owari="197,-20.3,-27,-52.7,422,52.2,408,20.8" /></mjloggm>