<mjloggm ver="2.3"><GO type="169" lobby="0"/><UN n0="%E5%8C%97%E6%AC%A7%E3%81%AE%E3%82%82%E3%81%93%E3%81%86" n1="%74%77%69%74%63%68" n2="%E9%AB%98%E6%A9%8B%E8%89%AF%E5%A4%AA" n3="%43%68%69%39%77%61" dan="16,16,16,17" rate="2123.25,2153.36,2137.78,2113.73" sx="M,M,M,M"/><TAIKYOKU oya="0"/><INIT seed="0,0,0,0,3,117" ten="250,250,250,250" oya="0" hai0="41,13,103,99,49,55,25,116,102,62,90,132,126" hai1="28,114,51,71,24,45,104,54,73,59,39,3,83" hai2="48,80,87,19,8,106,81,130,53,70,30,57,108" hai3="77,66,15,76,38,100,134,97,18,88,0,2,113"/><T119/><D126/><U12/><E114/><V64/><F106/><W125/><G113/><T133/><D41/><U91/><E3/><V10/><F70/><W93/><G38/><T96/><D62/><U95/><E104/><V135/><F108/><W74/><G125/><T35/><D13/><U68/><E12/><V29/><F130/><W40/><G40/><T72/><D35/><U105/><E105/><V32/><F32/><W6/><G134/><N who="0" m="51819" /><D25/><U118/><E118/><N who="0" m="45097" /><D72/><U61/><E39/><V94/><F64/><W1/><G74/><T124/><D124/><U46/><E83/><N who="2" m="31819" /><F135/><W86/><G66/><T92/><D96/><U23/><E73/><V123/><F19/><W69/><G69/><T128/><D128/><U42/><REACH who="1" step="1"/><E46/><AGARI ba="0,0" hai="46,49,55,90,92,99,102,103" m="45097,51819" machi="46" ten="30,1500,0" yaku="20,1" doraHai="117" who="0" fromWho="1" sc="250,15,250,-15,250,0,250,0" /><INIT seed="0,1,0,5,5,134" ten="265,235,250,250" oya="0" hai0="102,55,117,0,80,7,122,101,60,37,95,130,69" hai1="2,119,21,71,27,31,99,63,48,58,40,26,3" hai2="79,33,115,77,118,36,129,45,29,125,43,104,12" hai3="132,75,4,61,85,124,135,62,30,32,5,114,19"/><T68/><D117/><U74/><E119/><V15/><F118/><W72/><G114/><T76/><D122/><U73/><E71/><V82/><F104/><W131/><G19/><T86/><D130/><U24/><E3/><V92/><F115/><W34/><G85/><T6/><D37/><U13/><E2/><V128/><F79/><W66/><G30/><T42/><D42/><U22/><E74/><V103/><F103/><W57/><G57/><N who="0" m="34879" /><D68/><U108/><E73/><V8/><F8/><W70/><G70/><T94/><D69/><U113/><E113/><V116/><F92/><N who="0" m="35370" /><D0/><U89/><E108/><V87/><F116/><W98/><G98/><T16/><D16/><N who="1" m="10383" /><E99/><V64/><F64/><W106/><G106/><T100/><AGARI ba="1,0" hai="6,7,76,80,86,100,101,102" m="35370,34879" machi="100" ten="30,1500,0" yaku="8,1" doraHai="134" who="0" fromWho="0" sc="265,18,235,-6,250,-6,250,-6" /><INIT seed="0,2,0,1,5,72" ten="283,229,244,244" oya="0" hai0="4,102,106,78,117,96,119,113,50,112,67,79,89" hai1="101,21,131,35,73,80,14,23,27,104,38,88,33" hai2="111,32,37,71,40,54,17,116,93,7,124,65,53" hai3="1,77,130,92,126,129,57,86,83,48,90,43,121"/><T68/><D50/><U10/><E38/><V122/><F122/><W123/><G1/><T19/><D67/><U45/><E131/><N who="3" m="50186" /><G57/><T62/><D62/><U118/><E118/><N who="0" m="45065" /><D68/><U87/><E23/><V132/><F93/><W120/><G126/><T44/><D44/><U128/><E128/><V20/><F7/><W24/><G24/><T63/><D63/><U0/><E0/><V2/><F20/><W105/><G105/><T82/><D19/><U39/><E104/><V95/><F95/><W107/><G107/><T11/><D4/><U110/><E101/><V103/><F103/><W74/><G48/><T114/><D11/><U125/><E110/><V115/><F111/><W18/><G18/><T26/><D26/><U64/><E125/><V97/><F124/><W25/><G25/><T127/><D127/><U41/><E64/><V58/><F65/><W135/><G43/><T99/><D99/><U49/><E39/><V16/><F97/><W29/><G29/><T51/><D51/><U98/><E98/><V30/><F30/><W81/><G92/><T22/><D22/><U70/><E70/><V69/><F69/><W9/><G9/><T91/><D82/><U109/><E109/><V12/><F71/><W36/><G36/><T3/><D3/><U100/><E35/><V46/><F32/><W42/><G42/><T134/><D134/><AGARI ba="2,0" hai="74,77,81,83,86,90,120,121,123,134,135" m="50186" machi="134" ten="40,8000,1" yaku="13,1,19,1,34,2,52,1" doraHai="72" who="3" fromWho="0" sc="283,-86,229,0,244,0,244,86" /><INIT seed="1,0,0,0,1,66" ten="197,229,244,330" oya="1" hai0="64,89,37,18,70,112,115,111,48,16,7,10,11" hai1="63,80,72,119,12,99,106,135,55,129,127,54,52" hai2="27,60,133,93,128,108,92,75,81,117,56,30,3" hai3="69,73,43,125,34,83,17,76,39,100,19,95,13"/><U114/><E119/><V97/><F117/><W82/><G34/><T77/><D37/><U46/><E114/><V23/><F3/><W53/><G125/><T0/><D77/><U120/><E120/><V132/><F128/><W102/><G19/><T87/><D111/><U101/><E129/><V20/><F108/><W32/><G32/><T57/><D57/><U2/><E2/><V47/><F47/><W78/><G53/><T5/><D48/><U98/><E135/><V21/><F93/><W123/><G123/><T50/><D50/><U9/><E127/><V105/><F105/><W22/><G95/><T68/><D64/><U41/><E63/><V91/><F81/><W1/><G1/><T38/><D0/><U6/><E99/><V113/><F75/><W61/><G43/><T58/><D58/><U88/><E72/><V49/><F49/><W35/><G35/><T109/><D38/><U90/><REACH who="1" step="1"/><E80/><REACH who="1" ten="197,219,244,330" step="2"/><V67/><REACH who="2" step="1"/><F113/><REACH who="2" ten="197,219,234,330" step="2"/><W104/><G82/><T33/><D109/><U110/><E110/><V94/><F94/><W45/><G78/><T121/><D121/><U25/><E25/><V44/><F44/><W116/><G116/><T71/><D115/><U122/><E122/><V131/><F131/><W26/><G26/><T29/><D112/><U118/><E118/><V51/><F51/><AGARI ba="0,2" hai="6,9,12,41,46,51,52,54,55,88,90,98,101,106" machi="51" ten="40,12000,1" yaku="1,1,54,2,53,1" doraHai="66" doraHaiUra="4" who="1" fromWho="2" sc="197,0,219,140,234,-120,330,0" /><INIT seed="1,1,0,0,1,110" ten="197,359,114,330" oya="1" hai0="38,133,53,93,68,98,132,23,4,3,64,52,80" hai1="8,73,18,36,74,118,99,46,135,78,35,104,15" hai2="111,5,125,112,116,130,28,107,88,115,105,48,103" hai3="76,94,70,39,77,63,122,86,75,2,45,51,101"/><U17/><E118/><V106/><F116/><W83/><G122/><T117/><D117/><U40/><E135/><N who="0" m="51785" /><D38/><U25/><E78/><V34/><F111/><W47/><G2/><T127/><D127/><U97/><E104/><V91/><F125/><W60/><G70/><T42/><D42/><U12/><E35/><V21/><F103/><W13/><G39/><T9/><D80/><U1/><E1/><V84/><F34/><W67/><G67/><T10/><D10/><U20/><REACH who="1" step="1"/><E25/><REACH who="1" ten="197,349,114,330" step="2"/><N who="2" m="16431" /><F130/><W96/><G77/><T95/><D23/><U124/><E124/><V7/><F48/><W44/><G51/><T89/><D95/><U26/><E26/><V32/><F32/><W92/><G13/><T108/><D108/><U37/><E37/><V27/><F27/><W85/><G75/><AGARI ba="1,1" hai="8,12,15,17,18,20,36,40,46,73,74,75,97,99" machi="75" ten="40,2000,0" yaku="1,1,53,0" doraHai="110" doraHaiUra="62" who="1" fromWho="3" sc="197,0,349,33,114,0,330,-23" /><INIT seed="1,2,0,5,0,65" ten="197,382,114,307" oya="1" hai0="10,77,18,58,20,123,120,59,41,67,105,14,112" hai1="78,80,85,115,87,35,131,60,38,98,117,110,103" hai2="72,66,122,9,73,49,52,128,61,121,5,94,114" hai3="76,47,31,33,51,89,26,127,28,68,91,132,13"/><U116/><E38/><V109/><F128/><W70/><G127/><T2/><D112/><U17/><E35/><V37/><F37/><W50/><G76/><T126/><D105/><U79/><E115/><V83/><F114/><W99/><G99/><T55/><D126/><U54/><E131/><V84/><F94/><W57/><G132/><T6/><D41/><U125/><E125/><V82/><F109/><W56/><G13/><T34/><D77/><U32/><E32/><V69/><F83/><W15/><G15/><T53/><D67/><U92/><E110/><V63/><F63/><W90/><G31/><T107/><D107/><U62/><E17/><V74/><F82/><W46/><G56/><T97/><D97/><U12/><E12/><V81/><F81/><W86/><G57/><T133/><D34/><U21/><E21/><V3/><REACH who="2" step="1"/><F84/><REACH who="2" ten="197,382,104,307" step="2"/><W113/><G86/><T48/><REACH who="0" step="1"/><D133/><REACH who="0" ten="187,382,104,307" step="2"/><U108/><E116/><V119/><F119/><W130/><G113/><T106/><D106/><U71/><E117/><V40/><F40/><W88/><G130/><T30/><D30/><U100/><E79/><V104/><F104/><W124/><G124/><T44/><D44/><AGARI ba="2,2" hai="3,5,9,44,49,52,61,66,69,72,73,74,121,122" machi="44" ten="40,5200,0" yaku="1,1,52,1,54,1,53,0" doraHai="65" doraHaiUra="29" who="2" fromWho="0" sc="187,-58,382,0,104,78,307,0" /><INIT seed="2,0,0,0,2,76" ten="129,382,182,307" oya="2" hai0="25,117,2,38,39,82,1,121,118,129,61,85,52" hai1="89,12,53,69,98,135,115,109,100,26,15,24,13" hai2="41,94,21,11,45,32,97,131,72,34,66,33,8" hai3="31,46,10,96,99,51,23,108,29,68,110,9,6"/><V95/><F72/><W43/><G68/><T73/><D121/><U30/><E109/><N who="3" m="42090" /><G9/><T17/><D73/><U105/><E115/><V55/><F131/><W92/><G23/><T58/><D129/><U64/><E135/><V107/><F66/><W27/><G27/><T133/><D133/><U111/><E53/><V18/><F55/><W101/><G96/><T70/><D70/><U86/><E111/><V81/><F107/><W114/><G114/><T42/><D1/><AGARI ba="0,0" hai="1,6,10,29,31,43,46,51,92,99,101" m="42090" machi="1" ten="30,1000,0" yaku="14,1" doraHai="76" who="3" fromWho="0" sc="129,-10,382,0,182,0,307,10" /><INIT seed="3,0,0,5,0,78" ten="119,382,182,317" oya="3" hai0="70,13,129,97,46,27,25,56,65,41,116,135,115" hai1="21,87,126,23,122,110,75,49,98,119,96,131,44" hai2="6,82,85,30,105,76,106,90,0,16,36,32,11" hai3="108,125,111,5,4,47,118,69,104,52,18,24,71"/><W99/><G118/><T29/><D116/><U114/><E119/><V61/><F36/><W10/><G125/><T7/><D135/><U130/><E75/><V26/><F61/><W83/><G104/><T59/><D129/><N who="1" m="49163" /><E110/><N who="3" m="42026" /><G99/><N who="1" m="37930" /><E122/><V15/><REACH who="2" step="1"/><F90/><REACH who="2" ten="119,382,172,317" step="2"/><W93/><G71/><T9/><D70/><U84/><E126/><V28/><F28/><W121/><G69/><T60/><D115/><U42/><E114/><V117/><F117/><W48/><G121/><T55/><D29/><U107/><E107/><V81/><F81/><W37/><G37/><T73/><D73/><U72/><E72/><V31/><F31/><W113/><G113/><T20/><D60/><U54/><E84/><V63/><F63/><W19/><G93/><T124/><D124/><U103/><E87/><V101/><F101/><W57/><G83/><T68/><D68/><U128/><E103/><V34/><F34/><W67/><G67/><T79/><D65/><U35/><E35/><V88/><F88/><W22/><G57/><T53/><D97/><U64/><E64/><V86/><F86/><W74/><G74/><T40/><D59/><N who="1" m="33231" /><E128/><V12/><F12/><AGARI ba="0,1" hai="4,5,10,12,18,19,22,24,47,48,52" m="42026" machi="12" ten="30,5800,0" yaku="14,1,10,1,54,1" doraHai="78" who="3" fromWho="2" sc="119,0,382,0,172,-58,317,68" /><INIT seed="3,1,0,0,3,65" ten="119,382,114,385" oya="3" hai0="37,57,17,69,107,121,108,36,124,134,7,103,76" hai1="83,85,23,119,40,52,47,116,74,133,96,16,100" hai2="5,101,8,82,49,126,34,122,105,27,55,66,75" hai3="38,90,46,131,106,127,61,62,98,79,94,63,51"/><W54/><G127/><T72/><D76/><U64/><E74/><V58/><F126/><W118/><G118/><N who="1" m="45098" /><E133/><V10/><F122/><W81/><G131/><T111/><D7/><U117/><N who="1" m="45106" /><U4/><DORA hai="97" /><E64/><V109/><F109/><W0/><G0/><T13/><D72/><U112/><E4/><V59/><F34/><W110/><G110/><T128/><D134/><U89/><E112/><V9/><F27/><W77/><G106/><T130/><D121/><U99/><E100/><V71/><F59/><W120/><G120/><T44/><D57/><U15/><E52/><V86/><F75/><W25/><G38/><AGARI ba="1,0" hai="15,16,23,38,40,47,83,85,89,96,99" m="45106" machi="38" ten="40,2600,0" yaku="12,1,54,1" doraHai="65,97" who="1" fromWho="3" sc="119,0,382,29,114,0,385,-29" /><INIT seed="4,0,0,0,4,80" ten="119,411,114,356" oya="0" hai0="57,54,125,133,94,15,60,92,29,99,102,45,93" hai1="49,46,110,73,75,19,42,106,27,31,10,131,63" hai2="117,64,20,122,13,134,84,132,108,21,96,3,109" hai3="129,56,112,23,67,35,78,6,86,66,2,40,68"/><T34/><D125/><U33/><E110/><V97/><F122/><W5/><G35/><T89/><D133/><U48/><E106/><V76/><F13/><W9/><G68/><T47/><D34/><U81/><E131/><V111/><F64/><W124/><G6/><T82/><D29/><U88/><E63/><V127/><F127/><W58/><G112/><T120/><D120/><U95/><E81/><V28/><F28/><W69/><G40/><T51/><D82/><U37/><E37/><V62/><F62/><W0/><G0/><T119/><D119/><U24/><E49/><V98/><F76/><W107/><G107/><T22/><D22/><N who="2" m="8810" /><F3/><W72/><G72/><T1/><D1/><U55/><E27/><V11/><F11/><W52/><G23/><T83/><D15/><U100/><E100/><V130/><F130/><W41/><G67/><T87/><REACH who="0" step="1"/><D45/><REACH who="0" ten="109,411,114,356" step="2"/><U16/><E10/><V50/><F117/><W7/><G2/><T104/><D104/><U118/><E118/><V135/><F50/><W39/><G9/><T61/><D61/><U114/><E114/><V26/><F26/><W43/><G124/><T12/><D12/><U116/><E116/><V113/><F113/><W25/><G25/><T101/><D101/><U74/><REACH who="1" step="1"/><E42/><AGARI ba="0,1" hai="42,47,51,54,57,60,83,87,89,92,93,94,99,102" machi="42" ten="30,11600,0" yaku="1,1,7,1,8,1,52,1,53,0" doraHai="80" doraHaiUra="14" who="0" fromWho="1" sc="109,126,411,-116,114,0,356,0" /><INIT seed="4,1,0,4,5,18" ten="235,295,114,356" oya="0" hai0="80,92,68,91,63,45,70,117,15,122,90,24,127" hai1="132,123,26,65,21,107,56,31,95,96,94,6,133" hai2="48,102,88,8,108,115,79,35,11,1,55,17,119" hai3="81,103,16,30,74,37,73,78,61,28,128,27,46"/><T50/><D117/><U125/><E123/><V14/><F108/><W7/><G74/><T3/><D122/><U82/><E125/><V83/><F35/><W12/><G128/><T118/><D118/><U89/><E6/><V29/><F119/><W44/><G103/><T49/><D3/><U4/><E4/><V69/><F69/><W75/><G75/><T112/><D112/><U58/><E107/><V86/><F115/><W47/><G37/><T124/><D80/><U40/><E40/><V33/><F33/><W111/><G111/><T10/><D24/><U19/><E82/><V13/><F1/><W116/><G116/><T41/><D50/><U23/><E95/><V25/><F25/><W135/><G135/><N who="1" m="51786" /><E65/><V114/><F114/><W131/><G131/><T52/><D91/><U59/><E59/><V93/><F102/><W130/><G130/><T71/><D41/><U121/><E121/><V120/><F120/><W54/><G7/><T60/><D10/><U126/><E126/><N who="0" m="48169" /><D15/><AGARI ba="1,0" hai="15,19,21,23,26,31,56,58,89,94,96" m="51786" machi="15" ten="30,3900,0" yaku="20,1,52,2" doraHai="18" who="1" fromWho="0" sc="235,-42,295,42,114,0,356,0" /><INIT seed="5,0,0,0,5,56" ten="193,337,114,356" oya="1" hai0="105,82,78,29,55,102,0,85,42,74,70,103,48" hai1="22,89,51,26,81,76,95,37,13,19,5,110,58" hai2="25,94,135,2,61,12,98,117,68,16,46,7,116" hai3="100,88,75,126,129,18,1,123,79,106,23,32,31"/><U67/><E110/><V108/><F108/><W20/><G123/><T119/><D119/><U87/><E37/><V92/><F135/><W128/><G1/><T127/><D0/><U44/><E5/><V60/><F68/><W49/><G126/><T38/><D70/><U90/><E26/><V53/><F117/><W57/><G32/><T33/><D38/><U73/><E90/><V62/><F116/><W34/><G34/><T80/><D42/><U54/><REACH who="1" step="1"/><E67/><REACH who="1" ten="193,327,114,356" step="2"/><V130/><F130/><W52/><G88/><T47/><D127/><U21/><E21/><N who="2" m="13479" /><F2/><W24/><G23/><T64/><D64/><U36/><E36/><V27/><F27/><W77/><G31/><T14/><D33/><U59/><AGARI ba="0,1" hai="13,19,22,44,51,54,58,59,73,76,81,87,89,95" machi="59" ten="30,6000,0" yaku="1,1,0,1,53,1" doraHai="56" doraHaiUra="72" who="1" fromWho="1" sc="193,-20,327,70,114,-20,356,-20" /><INIT seed="5,1,0,3,0,29" ten="173,397,94,336" oya="1" hai0="123,49,42,67,133,127,47,57,38,100,68,74,98" hai1="3,35,112,79,41,115,88,13,134,113,23,11,59" hai2="26,36,51,117,70,21,39,62,48,76,104,37,2" hai3="96,75,63,82,60,97,24,18,111,14,120,114,28"/><U101/><E134/><V54/><F2/><W94/><G111/><T105/><D133/><U131/><E131/><V84/><F104/><W91/><G120/><T81/><D127/><U45/><E101/><V128/><F128/><W119/><G114/><T55/><D123/><U50/><E79/><V87/><F117/><W125/><G125/><T121/><D121/><U89/><E3/><V4/><F4/><W52/><G119/><T130/><D130/><U118/><E118/><V22/><F76/><W16/><G75/><T126/><D126/><U99/><E35/><V12/><F12/><W95/><G82/><T71/><D81/><U106/><E106/><V83/><F83/><W108/><G108/><T25/><D74/><U0/><E0/><V109/><F109/><W8/><G18/><T107/><D107/><U17/><E99/><V1/><F1/><W72/><G52/><T116/><D116/><U19/><REACH who="1" step="1"/><E59/><REACH who="1" ten="173,387,94,336" step="2"/><V31/><F70/><W46/><G72/><T90/><D71/><U132/><E132/><V80/><F87/><W32/><G46/><T85/><D68/><U129/><E129/><V27/><F84/><W56/><G56/><T58/><D58/><U9/><E9/><V124/><F124/><W61/><G63/><T30/><D85/><U7/><E7/><V34/><F62/><W86/><G86/><T103/><D103/><AGARI ba="1,1" hai="8,14,16,24,28,32,60,61,91,94,95,96,97,103" machi="103" ten="30,3900,0" yaku="7,1,52,1,54,1" doraHai="29" who="3" fromWho="0" sc="173,-42,387,0,94,0,336,52" /><INIT seed="6,0,0,2,3,45" ten="131,387,94,388" oya="2" hai0="18,97,96,83,93,30,62,94,63,109,42,11,28" hai1="2,50,128,57,131,78,17,41,87,66,104,46,126" hai2="13,10,0,103,99,60,115,21,102,112,117,79,61" hai3="80,32,29,22,119,85,23,92,98,59,71,81,27"/><V49/><F117/><W40/><G71/><T108/><D42/><U114/><E104/><V4/><F79/><W39/><G119/><T127/><D11/><U88/><E114/><N who="2" m="43563" /><F103/><W100/><G81/><T37/><D18/><U132/><E2/><V120/><F120/><W5/><G5/><T58/><D58/><U82/><E126/><V76/><F76/><W107/><G107/><T38/><D83/><U9/><E132/><V15/><F49/><W118/><G118/><T86/><D86/><U1/><E1/><V26/><F13/><W125/><G125/><AGARI ba="0,0" hai="28,30,37,38,62,63,93,94,96,97,108,109,125,127" machi="125" ten="25,1600,0" yaku="22,2" doraHai="45" who="0" fromWho="3" sc="131,16,387,0,94,0,388,-16" /><INIT seed="7,0,0,3,1,131" ten="147,387,94,372" oya="3" hai0="77,115,74,61,98,63,2,114,82,105,109,92,14" hai1="5,28,6,121,122,47,95,34,18,72,120,103,116" hai2="58,10,12,80,24,46,53,65,11,19,90,73,9" hai3="108,42,87,110,40,67,31,29,35,93,68,89,57"/><W3/><G68/><T21/><D2/><U16/><E72/><V8/><F73/><W81/><G3/><T134/><D134/><U48/><E103/><V71/><F71/><W43/><G81/><T23/><D109/><N who="3" m="42089" /><G35/><T36/><D36/><U37/><E37/><V45/><F24/><W133/><G133/><T102/><D105/><U83/><E83/><V125/><F65/><W0/><G0/><T112/><D14/><U25/><E95/><V22/><N who="2" m="2048" /><DORA hai="107" /><V17/><F17/><W97/><G97/><T41/><D41/><N who="3" m="10497" /><W62/><AGARI ba="0,0" hai="29,31,57,62,67,87,89,93" m="10497,42089" machi="62" ten="40,3900,0" yaku="4,1,10,1" doraHai="131,107" who="3" fromWho="3" sc="147,-13,387,-13,94,-13,372,39" owari="134,-26.6,374,17.4,81,-41.9,411,51.1" /></mjloggm>