<mjloggm ver="2.3"><GO type="169" lobby="0"/><UN n0="%68%61%72%6F%6F%6B%69%65" n1="%E6%B2%B3%E7%AB%A5%E3%81%AE%E3%83%AF%E3%82%AB%E3%83%9E%E3%83%84" n2="%E5%A5%94%E4%BB%94" n3="%E3%82%A8%E3%82%B0%E3%83%81%E3%80%81" dan="17,19,17,16" rate="2199.78,2323.89,2221.26,2160.92" sx="M,M,M,M"/><TAIKYOKU oya="0"/><INIT seed="0,0,0,4,2,133" ten="250,250,250,250" oya="0" hai0="125,1,45,21,28,88,9,15,62,32,111,61,67" hai1="91,44,34,16,14,5,74,3,99,31,96,115,85" hai2="35,11,41,76,97,56,124,98,123,17,122,109,102" hai3="129,134,66,100,55,71,42,47,12,101,48,75,13"/><T64/><D111/><U65/><E74/><V18/><F35/><W49/><G129/><T78/><D125/><U59/><E115/><V87/><F41/><W89/><G134/><T113/><D113/><U10/><E65/><N who="0" m="25161" /><D32/><U80/><E59/><V27/><F56/><W84/><G75/><T132/><D1/><U6/><E6/><V58/><F58/><N who="3" m="33127" /><G66/><T95/><D78/><U93/><E44/><V60/><F60/><W63/><G63/><T57/><D45/><U53/><E53/><V38/><F38/><W128/><G128/><T82/><D82/><U105/><E105/><V23/><F109/><W22/><G22/><T104/><D104/><U46/><E46/><V52/><F52/><N who="3" m="29759" /><G71/><T90/><D132/><U7/><E96/><V83/><F98/><W126/><G126/><T29/><D21/><U19/><E3/><V25/><F124/><W106/><G106/><T135/><D135/><U73/><E73/><V24/><F123/><W50/><G50/><T77/><D77/><U0/><E0/><V72/><F72/><W107/><G107/><T36/><D36/><U117/><E117/><V103/><F122/><W94/><G42/><T92/><D57/><U26/><REACH who="1" step="1"/><E5/><REACH who="1" ten="250,240,250,250" step="2"/><V108/><F108/><W86/><G84/><N who="0" m="52231" /><D62/><U20/><E20/><V43/><F43/><W33/><G33/><T119/><D61/><U120/><E120/><V4/><F23/><W30/><G30/><T37/><D119/><U68/><E68/><V110/><F110/><W70/><G70/><T54/><D54/><U39/><E39/><V114/><F114/><W116/><G116/><RYUUKYOKU ba="0,1" sc="250,-15,240,15,250,-15,250,15" hai1="7,10,14,16,19,26,31,34,80,85,91,93,99" hai3="12,13,86,89,94,100,101" /><INIT seed="1,1,1,2,5,5" ten="235,255,235,265" oya="1" hai0="43,129,104,49,107,127,65,119,37,58,55,33,13" hai1="133,74,76,135,106,131,53,85,105,42,38,108,64" hai2="80,81,59,60,4,22,31,50,47,10,77,110,79" hai3="83,124,3,51,70,45,86,78,25,1,118,67,29"/><U109/><E64/><V115/><F110/><N who="1" m="42601" /><E53/><V123/><F123/><W93/><G124/><T30/><D119/><U54/><E54/><V90/><F115/><W95/><G118/><T72/><D129/><U18/><E18/><V24/><F90/><W0/><G67/><T57/><D127/><U126/><E126/><V125/><F125/><W97/><G70/><T35/><D30/><U19/><E19/><V48/><F77/><W99/><G95/><T56/><D37/><U84/><E131/><V14/><F47/><W114/><G93/><T122/><D43/><U61/><E61/><V40/><F40/><W26/><G26/><T66/><D122/><U91/><E84/><N who="2" m="48159" /><F81/><W92/><G51/><T101/><D65/><AGARI ba="1,1" hai="4,10,14,22,24,31,48,50,59,60,65" m="48159" machi="65" ten="30,2000,0" yaku="8,1,52,1" doraHai="5" who="2" fromWho="0" sc="235,-23,255,0,235,33,265,0" /><INIT seed="2,0,0,3,0,126" ten="212,255,268,265" oya="2" hai0="73,53,70,124,128,91,65,58,113,93,75,101,42" hai1="125,80,60,4,117,90,82,12,108,40,134,50,95" hai2="5,34,51,44,83,71,66,7,52,123,24,130,69" hai3="89,98,3,47,28,33,15,103,13,18,20,43,35"/><V23/><F123/><W104/><G3/><T37/><D113/><U63/><E117/><V112/><F112/><W57/><G28/><T129/><D101/><U127/><E108/><V48/><F34/><W17/><G57/><T111/><D111/><U115/><E115/><V107/><F107/><W121/><G89/><T62/><D124/><N who="1" m="47691" /><E134/><V32/><F32/><W116/><G116/><T119/><D119/><U8/><E50/><V21/><F83/><N who="1" m="31785" /><E40/><V22/><F24/><W1/><G1/><T84/><D42/><U87/><AGARI ba="0,0" hai="4,8,12,60,63,87,90,95" m="31785,47691" machi="87" ten="30,1100,0" yaku="18,1" doraHai="126" who="1" fromWho="1" sc="212,-3,255,11,268,-5,265,-3" /><INIT seed="3,0,0,2,3,42" ten="209,266,263,262" oya="3" hai0="33,37,62,41,120,57,111,22,10,54,48,78,63" hai1="25,39,133,76,52,98,92,64,11,94,112,61,50" hai2="40,82,15,80,89,121,105,79,110,91,56,12,96" hai3="32,85,44,17,6,114,128,88,93,69,21,90,18"/><W95/><G128/><T38/><D33/><U108/><E112/><V127/><F110/><W65/><G114/><T27/><D111/><U77/><E108/><V36/><F127/><W66/><G32/><T23/><D120/><U106/><E39/><V134/><F134/><W72/><G72/><T5/><D78/><U9/><E106/><V24/><F24/><W100/><G6/><T29/><D22/><U131/><E25/><V126/><F126/><W135/><G135/><T71/><D62/><U124/><E124/><V3/><F3/><W132/><G132/><T67/><REACH who="0" step="1"/><D41/><REACH who="0" ten="199,266,263,262" step="2"/><U58/><E133/><V129/><F40/><W119/><G21/><T55/><D55/><U0/><E77/><V75/><F79/><W113/><G113/><T20/><D20/><U81/><E61/><V51/><F121/><W70/><G119/><T115/><D115/><U103/><E64/><V122/><F122/><W31/><G66/><T19/><D19/><U47/><E76/><V83/><F75/><W28/><G65/><T101/><D101/><U107/><E103/><V97/><F89/><W26/><G100/><T116/><D116/><U68/><E52/><V1/><F91/><W53/><G53/><T86/><D86/><U99/><E131/><V49/><F129/><W73/><G73/><T59/><D59/><U130/><E58/><V35/><F56/><W125/><G125/><T13/><AGARI ba="0,1" hai="5,10,13,23,27,29,37,38,48,54,57,63,67,71" machi="13" ten="20,2700,0" yaku="1,1,0,1,7,1,53,0" doraHai="42" doraHaiUra="74" who="0" fromWho="0" sc="199,37,266,-7,263,-7,262,-13" /><INIT seed="4,0,0,4,2,97" ten="236,259,256,249" oya="0" hai0="51,17,92,71,114,63,83,10,33,4,66,18,0" hai1="73,48,35,12,8,96,58,106,31,115,127,36,135" hai2="24,103,98,124,89,88,21,121,122,133,3,61,20" hai3="34,65,55,128,30,59,125,129,13,101,75,120,81"/><T80/><D114/><U42/><E73/><V6/><F21/><W45/><G125/><T94/><D33/><U47/><E127/><V70/><F124/><W16/><G65/><T43/><D94/><U50/><E135/><V76/><F76/><W112/><G112/><T93/><D93/><U91/><E115/><V19/><F133/><W22/><G45/><T99/><D43/><U82/><E31/><V67/><F6/><W134/><G134/><T29/><D29/><U111/><E111/><V53/><F3/><W87/><G75/><T131/><D51/><U86/><E58/><V104/><REACH who="2" step="1"/><F53/><REACH who="2" ten="236,259,246,249" step="2"/><W68/><G34/><T56/><D131/><U78/><E35/><V2/><F2/><W23/><G129/><T1/><D1/><U37/><E78/><V39/><F39/><W95/><G128/><T69/><D17/><U49/><E37/><V79/><F79/><N who="3" m="46527" /><G23/><T72/><D18/><U15/><REACH who="1" step="1"/><E8/><REACH who="1" ten="236,249,246,249" step="2"/><V38/><F38/><W117/><G30/><T26/><D72/><U84/><E84/><V132/><F132/><W5/><G22/><T123/><D10/><U126/><E126/><V119/><F119/><W32/><G117/><T41/><D0/><U64/><E64/><V54/><F54/><W109/><G55/><T40/><D66/><U9/><E9/><V113/><F113/><W60/><G32/><T44/><D40/><U130/><E130/><V14/><F14/><W77/><G13/><T90/><D41/><U7/><E7/><V62/><F62/><W105/><G60/><T100/><D63/><U107/><E107/><V116/><F116/><RYUUKYOKU ba="0,2" sc="236,-15,249,15,246,15,249,-15" hai1="12,15,36,42,47,48,49,50,82,86,91,96,106" hai2="19,20,24,61,67,70,88,89,98,103,104,121,122" /><INIT seed="5,1,2,2,0,11" ten="221,264,261,234" oya="1" hai0="107,74,65,108,84,68,83,130,20,22,49,24,63" hai1="80,123,30,17,132,54,86,14,64,98,16,131,113" hai2="92,89,33,61,29,25,34,39,97,0,42,27,47" hai3="66,127,56,12,21,115,48,53,109,94,67,81,72"/><U44/><E123/><V128/><F128/><W19/><G109/><T52/><D108/><U114/><E131/><V117/><F117/><W1/><G115/><N who="1" m="44042" /><E132/><V124/><F124/><W105/><G105/><T79/><D130/><U57/><E30/><V50/><F0/><W104/><G104/><T126/><D126/><U112/><N who="1" m="44050" /><U78/><DORA hai="118" /><E98/><V103/><F61/><W100/><G1/><T77/><D107/><U125/><E125/><V46/><F25/><W38/><G38/><T15/><D74/><U88/><E78/><V32/><REACH who="2" step="1"/><F103/><REACH who="2" ten="221,264,251,234" step="2"/><W69/><G127/><T129/><D129/><U135/><E135/><V111/><F111/><W31/><G100/><T133/><D133/><U9/><E64/><V91/><F91/><W59/><G67/><T71/><D77/><U106/><E106/><V90/><F90/><W99/><G66/><T28/><D71/><U121/><E121/><V62/><F62/><W13/><G69/><T40/><D68/><U93/><E93/><V85/><F85/><W36/><G94/><T6/><D65/><U26/><E26/><V70/><F70/><W120/><G120/><T60/><D60/><N who="1" m="35895" /><E44/><V3/><F3/><W73/><G72/><T7/><D63/><U134/><E134/><V35/><F35/><W82/><G73/><T76/><D76/><U2/><E2/><V87/><F87/><W58/><G99/><T10/><D79/><U37/><E88/><V43/><AGARI ba="1,3" hai="27,29,32,33,34,39,42,43,46,47,50,89,92,97" machi="43" ten="20,2700,0" yaku="1,1,0,1,7,1,53,0" doraHai="11,118" doraHaiUra="5,116" who="2" fromWho="2" sc="221,-8,264,-14,251,60,234,-8" /><INIT seed="6,0,0,4,1,2" ten="213,250,311,226" oya="2" hai0="133,45,78,93,56,74,18,22,82,13,105,20,132" hai1="9,15,25,62,80,48,6,115,104,64,39,135,118" hai2="96,108,113,128,124,117,122,60,84,110,36,55,37" hai3="87,16,97,58,12,101,54,75,102,1,130,28,106"/><V51/><F122/><W10/><G130/><T5/><D105/><U134/><E39/><V21/><F117/><W100/><G75/><T131/><D131/><U17/><E118/><V30/><F96/><W40/><G40/><T125/><D125/><U68/><E115/><V59/><F84/><W3/><G28/><T123/><D123/><U126/><E126/><V53/><F124/><W121/><G121/><T50/><D56/><U86/><E104/><V91/><F91/><W57/><G57/><T65/><D65/><U66/><E66/><V76/><F76/><W103/><REACH who="3" step="1"/><G87/><REACH who="3" ten="213,250,311,216" step="2"/><T71/><D71/><U26/><E86/><V81/><F59/><W85/><G85/><T77/><D77/><U119/><E119/><V99/><F128/><W83/><G83/><T120/><D120/><U4/><E80/><V44/><F81/><W70/><G70/><T14/><D93/><U67/><E67/><V116/><F30/><W46/><G46/><T19/><REACH who="0" step="1"/><D5/><REACH who="0" ten="203,250,311,216" step="2"/><U72/><E4/><V42/><F116/><W29/><G29/><T73/><D73/><U129/><E129/><V35/><F108/><W8/><G8/><T24/><D24/><U23/><E72/><V63/><F110/><W49/><AGARI ba="0,2" hai="1,3,10,12,16,49,54,58,97,100,101,102,103,106" machi="49" ten="30,7900,0" yaku="1,1,0,1,54,1,53,1" doraHai="2" doraHaiUra="92" who="3" fromWho="3" sc="203,-20,250,-20,311,-39,216,99" /><INIT seed="7,0,0,0,4,105" ten="183,230,272,315" oya="3" hai0="64,125,37,102,134,54,45,40,93,83,2,14,49" hai1="97,72,31,115,81,11,118,95,116,50,32,22,107" hai2="47,109,98,55,8,29,76,120,119,104,20,100,12" hai3="9,53,108,59,122,16,58,126,96,17,132,88,61"/><W124/><G122/><T60/><D2/><U99/><E32/><V41/><F119/><N who="1" m="45609" /><E115/><V103/><F109/><W67/><G132/><T68/><D125/><N who="3" m="48233" /><G9/><T63/><D134/><U111/><E111/><V51/><F103/><W56/><G108/><T101/><D60/><U112/><E107/><V5/><F120/><W70/><G53/><T117/><D117/><U26/><E112/><V69/><F69/><W30/><G30/><T3/><D3/><U39/><E11/><V24/><F76/><W57/><G57/><T4/><D93/><AGARI ba="0,0" hai="16,17,56,58,59,61,67,70,88,93,96" m="48233" machi="93" ten="30,5800,0" yaku="18,1,54,2" doraHai="105" who="3" fromWho="0" sc="183,-58,230,0,272,0,315,58" owari="125,-37.5,230,-17.0,272,7.2,373,47.3" /></mjloggm>