<mjloggm ver="2.3"><GO type="169" lobby="0"/><UN n0="%E5%A4%96%E5%B7%9D%E7%AB%9C%E6%88%90" n1="%E6%99%AE%E9%9C%B2%E9%9C%B2" n2="%6B%61%74%65%72%69%6E%61" n3="%6B%69%72%61%72%69%79%75" dan="16,16,17,16" rate="2172.93,2120.33,2183.09,2126.94" sx="M,M,M,M"/><TAIKYOKU oya="0"/><INIT seed="0,0,0,3,0,9" ten="250,250,250,250" oya="0" hai0="83,104,52,128,119,74,98,84,49,45,33,75,7" hai1="65,15,120,37,24,71,68,20,50,85,132,39,51" hai2="73,77,60,62,4,113,103,122,16,111,66,123,11" hai3="92,43,61,44,10,63,93,116,47,31,131,95,134"/><T42/><D119/><U117/><E117/><V26/><F113/><W76/><G116/><T34/><D128/><U14/><E120/><V29/><F111/><W112/><G131/><T64/><D64/><U56/><E39/><V99/><F77/><W102/><G112/><T69/><D69/><U57/><E37/><V129/><F73/><W21/><G134/><T108/><D108/><U53/><E132/><V55/><F55/><W70/><G70/><T72/><D7/><U91/><E68/><V59/><F62/><W17/><G76/><T105/><D42/><U28/><E71/><V130/><F16/><W124/><G124/><T35/><REACH who="0" step="1"/><D98/><REACH who="0" ten="240,250,250,250" step="2"/><U127/><E127/><V38/><F130/><W18/><G43/><T2/><D2/><U13/><E65/><V78/><F129/><W32/><G102/><T133/><D133/><U101/><E101/><V22/><F99/><W5/><G5/><T25/><D25/><U79/><E79/><AGARI ba="0,1" hai="33,34,35,45,49,52,72,74,75,79,83,84,104,105" machi="79" ten="50,4800,0" yaku="1,1,54,1,53,0" doraHai="9" doraHaiUra="110" who="0" fromWho="1" sc="240,58,250,-48,250,0,250,0" /><INIT seed="0,1,0,2,1,25" ten="298,202,250,250" oya="0" hai0="100,64,94,21,113,53,0,12,14,58,69,52,56" hai1="37,134,23,15,44,8,30,11,101,104,103,57,90" hai2="118,51,117,50,68,124,62,43,105,47,16,78,119" hai3="65,102,40,88,114,127,1,61,10,34,48,76,18"/><T80/><D113/><U63/><E134/><V55/><F105/><W126/><G114/><T82/><D0/><U84/><E104/><V120/><F78/><W96/><G34/><T135/><D135/><U125/><E125/><V87/><F87/><W13/><G1/><T131/><D131/><U66/><E37/><V71/><F124/><N who="3" m="47659" /><G76/><T85/><D64/><U132/><E132/><V4/><F4/><W128/><G128/><T39/><D39/><U130/><E44/><N who="2" m="25887" /><F120/><W6/><G48/><N who="0" m="30727" /><D69/><N who="2" m="26698" /><F16/><W27/><G40/><T36/><D36/><U59/><E59/><V108/><F108/><W116/><G116/><T31/><D100/><N who="1" m="38475" /><E130/><V74/><F74/><W79/><G79/><N who="0" m="46239" /><D94/><N who="1" m="54599" /><E15/><N who="0" m="5673" /><D82/><U99/><E99/><V81/><F81/><W7/><G27/><AGARI ba="1,0" hai="8,11,23,27,30,57,63,66" m="54599,38475" machi="27" ten="30,2000,0" yaku="8,1,52,1" doraHai="25" who="1" fromWho="3" sc="298,0,202,23,250,0,250,-23" /><INIT seed="1,0,0,5,1,87" ten="298,225,250,227" oya="1" hai0="126,27,57,58,107,34,99,102,110,76,97,65,30" hai1="115,21,95,92,1,93,64,20,56,61,15,13,101" hai2="85,16,84,77,111,35,133,6,104,98,90,11,14" hai3="123,28,43,132,8,127,94,50,71,29,75,66,72"/><U46/><E1/><V113/><F111/><W100/><G123/><T88/><D110/><U5/><E115/><V81/><F133/><W3/><G132/><T134/><D134/><U60/><E101/><V4/><F113/><W49/><G127/><T54/><D126/><U40/><E61/><V37/><F37/><W23/><G66/><T51/><D76/><U117/><E117/><V31/><F35/><W7/><G71/><T112/><D112/><U68/><E68/><V53/><F31/><W119/><G119/><T48/><D65/><U114/><E114/><V130/><F130/><W52/><G43/><T128/><D128/><U131/><E131/><V25/><F25/><W86/><G49/><T79/><D79/><U44/><E44/><V67/><F67/><W82/><G94/><T135/><D135/><U38/><REACH who="1" step="1"/><E15/><REACH who="1" ten="298,215,250,227" step="2"/><V129/><F129/><W105/><G100/><T125/><D125/><U83/><E83/><N who="2" m="49439" /><F104/><W73/><G105/><T116/><D116/><U121/><E121/><V17/><F6/><W96/><G3/><T26/><D102/><U55/><E55/><V59/><F98/><W10/><G96/><T19/><D99/><U18/><E18/><V74/><F74/><W120/><G7/><T45/><D107/><U47/><E47/><V22/><F17/><W36/><G75/><T63/><D45/><U103/><E103/><V39/><F53/><W62/><G73/><T91/><D97/><U9/><AGARI ba="0,1" hai="5,9,13,20,21,38,40,46,56,60,64,92,93,95" machi="9" ten="30,6000,0" yaku="1,1,0,1,53,1" doraHai="87" doraHaiUra="69" who="1" fromWho="1" sc="298,-20,215,70,250,-20,227,-20" /><INIT seed="1,1,0,3,1,91" ten="278,285,230,207" oya="1" hai0="48,49,50,117,46,84,37,99,89,129,87,27,41" hai1="90,71,76,58,6,19,122,52,72,120,64,97,103" hai2="66,101,124,0,45,93,108,36,43,8,104,39,28" hai3="79,57,26,65,132,78,126,55,77,53,94,7,82"/><U74/><E6/><V11/><F108/><W111/><G111/><T15/><D129/><U118/><E118/><V40/><F124/><W109/><G109/><T1/><D1/><U85/><E64/><V16/><F104/><W112/><G126/><T133/><D117/><U113/><E71/><V105/><F105/><W35/><G112/><T80/><D133/><U107/><E19/><V34/><F66/><W13/><G132/><T106/><D15/><U33/><E33/><V110/><F110/><W24/><G82/><T20/><D87/><U14/><E14/><V102/><F28/><W29/><G24/><T63/><D63/><U114/><E52/><V42/><F34/><W4/><G65/><T81/><D81/><N who="1" m="45191" /><E58/><V73/><F73/><W119/><G119/><T68/><D68/><U70/><E74/><V123/><F123/><N who="1" m="47145" /><E70/><V25/><F0/><W9/><G4/><T116/><D116/><U135/><E135/><V92/><F43/><W12/><G12/><T56/><D56/><U98/><E98/><V23/><F42/><W95/><REACH who="3" step="1"/><G53/><REACH who="3" ten="278,285,230,197" step="2"/><T100/><REACH who="0" step="1"/><D37/><REACH who="0" ten="268,285,230,197" step="2"/><U62/><E62/><AGARI ba="1,2" hai="7,9,13,26,29,35,55,57,62,77,78,79,94,95" machi="62" ten="40,8000,1" yaku="1,1,2,1,52,2,53,1" doraHai="91" doraHaiUra="10" who="3" fromWho="1" sc="268,0,285,-83,230,0,197,103" /><INIT seed="2,0,0,5,5,133" ten="268,202,230,300" oya="2" hai0="31,68,30,56,113,42,123,54,77,91,40,10,87" hai1="32,62,83,45,37,73,28,98,46,80,74,78,9" hai2="128,14,107,84,48,85,106,108,93,99,97,66,55" hai3="110,38,51,105,35,67,114,76,96,94,39,130,119"/><V4/><F128/><W47/><G119/><T61/><D113/><U5/><E28/><V131/><F131/><W124/><G114/><T72/><D123/><U0/><E32/><V3/><F3/><W122/><G122/><T115/><D115/><U49/><E62/><V125/><F125/><W109/><G130/><T20/><D68/><U27/><E27/><V71/><F108/><W117/><G117/><T100/><D100/><U53/><E98/><V95/><F71/><W25/><G67/><T6/><D77/><U103/><E103/><V88/><F66/><W16/><G105/><T129/><D72/><U34/><E34/><V90/><F14/><W22/><G35/><T121/><D121/><U41/><REACH who="1" step="1"/><E83/><REACH who="1" ten="268,192,230,300" step="2"/><V69/><F69/><W13/><G110/><T102/><D102/><U19/><E19/><V8/><F107/><W65/><G96/><T101/><D101/><U116/><E116/><V2/><REACH who="2" step="1"/><F106/><REACH who="2" ten="268,192,220,300" step="2"/><W112/><G109/><T134/><D129/><U29/><E29/><V82/><F82/><W64/><G112/><T18/><D31/><U24/><E24/><V86/><F86/><AGARI ba="0,2" hai="0,5,9,37,41,45,46,49,53,73,74,78,80,86" machi="86" ten="30,2000,0" yaku="1,1,7,1,53,0" doraHai="133" doraHaiUra="26" who="1" fromWho="2" sc="268,0,192,40,220,-20,300,0" /><INIT seed="3,0,0,1,4,128" ten="268,232,200,300" oya="3" hai0="28,132,33,0,102,89,24,43,93,100,76,7,3" hai1="80,106,124,60,75,41,110,56,88,55,65,48,116" hai2="118,87,71,92,63,40,130,1,22,15,25,134,35" hai3="18,47,64,26,119,52,103,111,57,30,107,113,16"/><W78/><G113/><T44/><D76/><U68/><E110/><V86/><F118/><W129/><G119/><T126/><D126/><U105/><E116/><V42/><F1/><W101/><G129/><T49/><D7/><U70/><E124/><V99/><F130/><W109/><G78/><T36/><D36/><U77/><E70/><V82/><F35/><W27/><G47/><T12/><D12/><U115/><E115/><V125/><F125/><W39/><G64/><T122/><D122/><U38/><REACH who="1" step="1"/><E88/><REACH who="1" ten="268,222,200,300" step="2"/><V23/><F71/><W121/><G121/><T37/><D89/><U5/><E5/><V85/><F82/><W45/><G111/><T98/><D102/><U34/><E34/><V19/><F63/><W133/><G109/><T9/><D100/><U8/><E8/><V13/><F23/><W61/><G103/><T94/><D9/><U95/><E95/><V69/><F69/><W96/><G101/><T108/><D108/><U6/><E6/><V81/><F81/><W90/><G90/><T59/><D94/><U112/><E112/><V53/><F92/><W10/><G10/><T120/><D93/><U17/><E17/><V58/><F99/><W66/><G16/><T79/><D120/><U97/><E97/><V20/><F20/><W46/><G18/><T62/><D98/><U32/><E32/><V127/><F127/><W11/><G11/><T104/><D33/><U117/><E117/><V135/><F15/><W67/><G96/><T2/><D2/><U51/><E51/><N who="2" m="31039" /><F13/><W31/><G39/><N who="0" m="21631" /><D0/><U84/><E84/><V21/><F21/><RYUUKYOKU ba="0,1" sc="268,-15,222,15,200,15,300,-15" hai1="38,41,48,55,56,60,65,68,75,77,80,105,106" hai2="19,22,25,40,42,85,86,87,134,135" /><INIT seed="4,1,1,2,0,52" ten="253,237,215,285" oya="0" hai0="75,21,101,41,26,64,35,72,126,120,76,59,125" hai1="105,60,80,45,95,106,15,127,86,99,74,10,84" hai2="38,121,34,69,39,37,12,47,130,7,66,31,104" hai3="91,8,57,33,43,67,58,133,56,28,65,32,103"/><T109/><D120/><U25/><E127/><N who="0" m="48649" /><D35/><U49/><E74/><N who="0" m="28201" /><D76/><U53/><E25/><V2/><F121/><W82/><G133/><T46/><D101/><U96/><E96/><V23/><F104/><W98/><G33/><T131/><D131/><U108/><E108/><V88/><F130/><W128/><G128/><T71/><D71/><U119/><E119/><V19/><F66/><N who="3" m="25099" /><G32/><T36/><D109/><U0/><E0/><V50/><F69/><W51/><G28/><N who="0" m="17487" /><D64/><U42/><E105/><V68/><F68/><W110/><G110/><T5/><D5/><U4/><E106/><V40/><F31/><W55/><G43/><T94/><D94/><U1/><E1/><V81/><F34/><W79/><G79/><T20/><D20/><U135/><E80/><V17/><F17/><W113/><G113/><T93/><D93/><U83/><E83/><V73/><F73/><W87/><G8/><T24/><D24/><U100/><REACH who="1" step="1"/><E135/><REACH who="1" ten="253,227,215,285" step="2"/><V3/><REACH who="2" step="1"/><F7/><REACH who="2" ten="253,227,205,285" step="2"/><W77/><G77/><T29/><D29/><U14/><E14/><V132/><F132/><W54/><G51/><T97/><D97/><U18/><E18/><V13/><F13/><W117/><G117/><T6/><D6/><U102/><E102/><V90/><F90/><W118/><G118/><T107/><D107/><U44/><E44/><V112/><F112/><W48/><G48/><T123/><D123/><U134/><E134/><V92/><F92/><AGARI ba="1,3" hai="54,55,56,57,58,82,87,91,92,98,103" m="25099" machi="92" ten="30,7700,0" yaku="8,1,52,3" doraHai="52" who="3" fromWho="2" sc="253,0,227,0,205,-80,285,110" /><INIT seed="5,0,0,0,4,62" ten="253,227,125,395" oya="1" hai0="4,106,55,19,68,87,5,16,93,64,37,114,71" hai1="15,103,69,65,59,78,61,88,25,12,18,58,135" hai2="38,46,22,40,42,94,44,67,100,54,49,21,82" hai3="91,86,36,2,97,96,24,104,47,120,76,35,132"/><U74/><E135/><V109/><F109/><W118/><G120/><T108/><D106/><U45/><E103/><V89/><F100/><W90/><G2/><T124/><D37/><U95/><E74/><V105/><F105/><W34/><G132/><T23/><D108/><U81/><E45/><V73/><F54/><W117/><G76/><T43/><D43/><U31/><E81/><V1/><F1/><W85/><G47/><T63/><D114/><U134/><E78/><V32/><F32/><W52/><G104/><T83/><D71/><U48/><E48/><V121/><F121/><W3/><G3/><T77/><D124/><U116/><E116/><V110/><F110/><W8/><G8/><T101/><D55/><U41/><E41/><V72/><F82/><W130/><G52/><T33/><D33/><U50/><E50/><V0/><F0/><W133/><G36/><T122/><D122/><U92/><E92/><V57/><F73/><W11/><G11/><T127/><D127/><U14/><E18/><V79/><F79/><W107/><G107/><T27/><REACH who="0" step="1"/><D19/><REACH who="0" ten="243,227,125,395" step="2"/><U66/><E134/><V26/><F40/><W99/><G133/><T123/><D123/><U70/><E70/><V6/><F42/><W129/><G35/><T9/><D9/><U98/><REACH who="1" step="1"/><E66/><REACH who="1" ten="243,217,125,395" step="2"/><V111/><F67/><W126/><G117/><T115/><D115/><U131/><E131/><V13/><F111/><W60/><G118/><T80/><D80/><U10/><E10/><N who="2" m="4311" /><F38/><W29/><G130/><T102/><D102/><U39/><E39/><V84/><F72/><W28/><G129/><RYUUKYOKU ba="0,2" sc="243,15,217,15,125,-15,395,-15" hai0="4,5,16,23,27,63,64,68,77,83,87,93,101" hai1="12,14,15,25,31,58,59,61,65,69,88,95,98" /><INIT seed="5,1,2,5,2,103" ten="258,232,110,380" oya="1" hai0="127,77,50,68,129,0,11,63,75,26,33,6,54" hai1="10,90,66,76,133,86,99,46,79,83,56,60,28" hai2="53,132,34,38,114,70,47,131,119,95,9,65,2" hai3="88,69,3,130,23,37,125,110,39,19,104,102,113"/><U30/><E133/><V14/><F119/><W116/><RYUUKYOKU type="yao9" ba="1,2" sc="258,0,232,0,110,0,380,0" hai3="3,19,23,37,39,69,88,102,104,110,113,116,125,130" /><INIT seed="5,2,2,2,4,126" ten="258,232,110,380" oya="1" hai0="3,35,67,89,66,28,31,11,26,123,43,127,85" hai1="75,83,15,91,96,110,0,24,78,99,39,21,5" hai2="6,116,52,95,25,20,98,29,14,73,134,48,33" hai3="19,27,36,60,130,51,42,82,44,32,64,101,115"/><U57/><E110/><V12/><F116/><W9/><G115/><T8/><D127/><U22/><E39/><V54/><F73/><W72/><G101/><T69/><D123/><U93/><E0/><V94/><F134/><W117/><G117/><T53/><D43/><U38/><E38/><V120/><F120/><W92/><G92/><T65/><D69/><U56/><E99/><V103/><F6/><W4/><G130/><T34/><D3/><U88/><E91/><V47/><F33/><W10/><G51/><T58/><D31/><U135/><E135/><V128/><F128/><W86/><G72/><T1/><D34/><U84/><E75/><V61/><REACH who="2" step="1"/><F95/><REACH who="2" ten="258,232,100,380" step="2"/><W100/><G32/><T2/><D2/><U40/><E5/><V118/><F118/><W46/><G4/><T112/><D1/><U7/><E40/><V68/><F68/><W124/><G124/><T79/><D112/><U49/><E7/><V107/><F107/><W108/><G108/><T114/><D114/><U17/><REACH who="1" step="1"/><E49/><REACH who="1" ten="258,222,100,380" step="2"/><V122/><F122/><W104/><G36/><T45/><D79/><U55/><E55/><V50/><F50/><W23/><G64/><T132/><D132/><U106/><E106/><V81/><F81/><W30/><G82/><T125/><D125/><U41/><E41/><V71/><F71/><W80/><G80/><N who="0" m="49319" /><D67/><U13/><E13/><V77/><F77/><W121/><G104/><T129/><D66/><U119/><E119/><V63/><F63/><W62/><G121/><T109/><D109/><U70/><E70/><V76/><F76/><W87/><G42/><RYUUKYOKU ba="2,4" sc="258,-15,222,15,100,15,380,-15" hai1="15,17,21,22,24,56,57,78,83,84,88,93,96" hai2="12,14,20,25,29,47,48,52,54,61,94,98,103" /><INIT seed="5,3,4,3,3,30" ten="243,237,115,365" oya="1" hai0="19,132,12,88,54,48,92,59,14,56,125,91,106" hai1="100,31,32,44,120,127,85,49,17,25,122,124,28" hai2="26,90,129,7,45,70,3,53,77,65,126,108,95" hai3="123,97,86,121,84,18,89,116,11,24,110,52,109"/><U105/><E31/><V42/><F108/><W1/><G116/><T79/><D125/><N who="1" m="48203" /><E85/><V133/><F126/><W66/><G66/><T130/><D132/><U115/><E115/><V57/><F133/><W119/><G119/><T21/><D130/><U41/><E17/><V2/><F129/><W69/><G69/><T75/><D106/><U16/><E16/><V4/><F77/><W47/><G110/><T36/><D36/><U33/><E33/><V103/><F103/><W74/><G74/><T82/><D12/><U5/><E5/><V98/><F26/><W114/><G114/><T76/><D76/><U51/><E49/><N who="2" m="30895" /><F3/><W94/><G1/><T81/><D81/><U64/><E64/><V27/><F27/><W8/><G109/><T58/><D91/><U20/><E20/><V107/><F107/><W22/><G123/><T9/><D9/><N who="3" m="3657" /><G121/><T43/><D43/><U104/><E104/><V37/><F2/><W61/><G86/><AGARI ba="3,4" hai="14,19,21,48,54,56,58,59,75,79,82,86,88,92" machi="86" ten="30,7700,0" yaku="7,1,25,2,54,1" doraHai="30" who="0" fromWho="3" sc="243,126,237,0,115,0,365,-86" /><INIT seed="6,0,0,5,1,21" ten="369,237,115,279" oya="2" hai0="51,90,91,118,53,9,26,131,75,108,95,67,77" hai1="135,19,29,72,7,0,55,56,65,68,43,11,12" hai2="41,33,70,99,47,83,84,4,49,82,123,130,25" hai3="60,34,30,81,124,57,63,15,102,74,116,2,73"/><V62/><F123/><W45/><G2/><T80/><D108/><U23/><E135/><V46/><F130/><W110/><G110/><T66/><D131/><U128/><E128/><V3/><F99/><W31/><G116/><T44/><D118/><U89/><E72/><V32/><F82/><W18/><G124/><T87/><D9/><U115/><E115/><V129/><F129/><W22/><G102/><T39/><D39/><U78/><E78/><V5/><F47/><W120/><G120/><T122/><D122/><U79/><E79/><V114/><F114/><W35/><G45/><T111/><D111/><U42/><E65/><V6/><F3/><W121/><G121/><T50/><D50/><U8/><E68/><V117/><F117/><W28/><G63/><T134/><D134/><U119/><E119/><V101/><F101/><W93/><G93/><T1/><D1/><U36/><E36/><V61/><F70/><W20/><G20/><T106/><D106/><U59/><E59/><V10/><F10/><W125/><G125/><T105/><D105/><U27/><REACH who="1" step="1"/><E89/><REACH who="1" ten="369,227,115,279" step="2"/><N who="2" m="51359" /><F33/><W85/><G74/><T71/><D71/><U113/><E113/><V40/><F32/><W52/><G73/><T76/><D76/><U17/><E17/><V54/><F25/><N who="3" m="16439" /><G35/><T24/><D75/><U100/><E100/><V58/><F58/><W92/><G34/><T104/><D77/><U14/><E14/><V86/><F86/><W13/><G13/><T127/><D127/><U88/><E88/><V96/><F96/><W16/><G15/><T69/><D69/><U38/><E38/><RYUUKYOKU ba="0,1" sc="369,-15,227,15,115,15,279,-15" hai1="0,7,8,11,12,19,23,27,29,42,43,55,56" hai2="4,5,6,40,41,46,49,54,61,62" /><INIT seed="6,1,1,1,5,119" ten="354,242,130,264" oya="2" hai0="127,85,56,0,124,88,19,41,13,125,132,129,116" hai1="45,79,4,48,60,91,122,109,68,8,131,26,120" hai2="95,37,123,59,112,86,11,31,5,44,100,16,70" hai3="128,83,51,130,117,12,87,97,30,126,67,58,76"/><V18/><F70/><W114/><G117/><T24/><D116/><U14/><E109/><V84/><F123/><N who="1" m="47145" /><E131/><N who="3" m="50218" /><G126/><T22/><D129/><U121/><E121/><V36/><F112/><W49/><G114/><T6/><D132/><U46/><E79/><V47/><F31/><W43/><G30/><T63/><D41/><N who="1" m="24623" /><E46/><N who="2" m="17451" /><F59/><W62/><G43/><T38/><D38/><U99/><E26/><V3/><F3/><W93/><G12/><T52/><D0/><U55/><E55/><V32/><F32/><W115/><G115/><T105/><D24/><U34/><E34/><V134/><F134/><W15/><G15/><T118/><D118/><U81/><E81/><V101/><F37/><W107/><G107/><T33/><D105/><U96/><E91/><AGARI ba="1,1" hai="49,51,58,62,67,76,83,87,91,93,97" m="50218" machi="91" ten="30,1000,0" yaku="19,1" doraHai="119" who="3" fromWho="1" sc="354,0,242,-13,130,0,264,23" /><INIT seed="7,0,0,1,5,19" ten="354,229,130,287" oya="3" hai0="54,33,92,121,14,70,17,135,94,126,81,27,72" hai1="3,10,122,32,60,66,59,69,130,29,56,34,55" hai2="35,102,5,115,99,79,125,4,52,129,6,43,76" hai3="2,77,58,80,113,16,105,112,71,47,118,63,65"/><W36/><G118/><T120/><D70/><U93/><E122/><V42/><F35/><W20/><G105/><T91/><D92/><U101/><E130/><V15/><F129/><W50/><G2/><T53/><D54/><U119/><E119/><V78/><F115/><N who="3" m="44107" /><G36/><T97/><D53/><U111/><E111/><V62/><F125/><W84/><G47/><T26/><D94/><U12/><E3/><V106/><F15/><N who="3" m="9247" /><G50/><T51/><D51/><U21/><E69/><AGARI ba="0,0" hai="58,63,65,69,71,77,80,84" m="9247,44107" machi="69" ten="30,5800,0" yaku="15,1,52,1,54,1" doraHai="19" who="3" fromWho="1" sc="354,0,229,-58,130,0,287,58" /><INIT seed="7,1,0,3,1,130" ten="354,171,130,345" oya="3" hai0="93,7,42,25,111,92,86,68,131,126,48,73,10" hai1="89,95,38,6,46,94,108,87,132,14,51,124,43" hai2="91,102,112,58,19,53,1,5,49,29,61,104,2" hai3="4,33,88,114,36,75,101,0,28,22,118,127,20"/><W16/><G118/><T50/><D68/><U78/><E108/><V96/><F112/><W9/><G114/><T54/><D73/><U81/><E124/><V56/><F5/><W13/><G127/><T65/><D48/><U30/><E132/><V133/><F133/><W71/><G71/><T62/><D93/><U100/><E30/><V97/><F29/><W128/><G128/><T57/><D111/><U31/><E31/><V69/><F69/><W67/><G67/><T110/><D25/><U106/><E38/><V37/><F37/><W115/><G115/><T3/><D110/><U34/><E34/><V121/><F121/><W66/><G66/><T99/><D42/><U60/><E60/><V26/><F58/><W55/><G75/><T21/><D65/><U76/><E106/><V47/><F96/><W129/><G129/><T135/><D99/><N who="1" m="59511" /><E95/><V40/><REACH who="2" step="1"/><F91/><REACH who="2" ten="354,171,120,345" step="2"/><W39/><G88/><T15/><D135/><U116/><E116/><V107/><F107/><W70/><G70/><T125/><D125/><U113/><E113/><V52/><F52/><W24/><G101/><T11/><D126/><U117/><E117/><V77/><F77/><W98/><G98/><T80/><D131/><U134/><E134/><V120/><F120/><W35/><G55/><T59/><D54/><U8/><AGARI ba="1,1" hai="6,8,14,43,46,51,76,78,81,87,89" m="59511" machi="8" ten="30,1100,0" yaku="8,1" doraHai="130" who="1" fromWho="1" sc="354,-4,171,24,120,-4,345,-6" owari="350,45.0,195,-20.5,116,-38.4,339,13.9" /></mjloggm>