<mjloggm ver="2.3"><GO type="169" lobby="0"/><UN n0="%E3%83%A8%E3%82%B3%E3%83%86%E3%82%A3%E3%83%B3%40" n1="%E3%82%88%E3%81%86%E3%81%B8%E3%83%BC%58" n2="%E3%81%9F%E3%81%8B%31%34%31" n3="%E3%82%82%E3%81%93%E3%81%BF" dan="16,16,16,16" rate="2084.74,2123.82,2119.30,2075.37" sx="M,M,M,M"/><TAIKYOKU oya="0"/><INIT seed="0,0,0,5,3,38" ten="250,250,250,250" oya="0" hai0="83,121,123,41,52,67,72,40,75,134,2,114,64" hai1="65,18,91,60,93,90,39,45,102,1,125,0,76" hai2="81,31,22,98,35,46,10,100,70,54,7,30,23" hai3="80,101,6,84,66,97,28,4,74,5,61,11,62"/><T94/><D83/><U85/><E125/><V20/><F70/><W71/><G74/><T88/><D114/><U47/><E76/><V108/><F108/><W3/><G61/><T49/><D2/><U33/><E102/><V25/><F81/><W9/><G28/><T133/><D94/><U21/><E33/><V112/><F112/><W27/><G27/><T95/><D95/><U58/><E91/><V122/><F122/><W92/><REACH who="3" step="1"/><G9/><REACH who="3" ten="250,250,250,240" step="2"/><T87/><D75/><U44/><REACH who="1" step="1"/><E39/><REACH who="1" ten="250,240,250,240" step="2"/><V51/><F31/><W55/><G55/><T69/><D52/><U131/><E131/><V68/><F30/><W132/><G132/><T36/><D133/><U115/><E115/><V113/><F113/><W129/><G129/><T89/><D36/><U126/><E126/><V78/><F54/><W82/><G82/><T105/><D134/><U29/><E29/><V32/><F32/><W19/><G19/><T16/><D16/><U96/><E96/><V128/><F98/><W110/><G110/><T104/><D121/><U103/><E103/><V79/><F100/><W43/><G43/><T57/><D40/><U8/><E8/><V12/><F128/><W111/><G111/><T116/><D41/><U37/><E37/><V48/><F35/><W118/><G118/><T50/><D116/><U120/><E120/><V117/><F117/><W119/><G119/><T26/><D123/><U107/><E107/><V77/><F10/><W73/><G73/><T124/><D105/><U14/><AGARI ba="0,2" hai="0,1,14,18,21,44,45,47,58,60,65,85,90,93" machi="14" ten="30,4000,0" yaku="1,1,0,1,53,1" doraHai="38" doraHaiUra="17" who="1" fromWho="1" sc="250,-20,240,60,250,-10,240,-10" /><INIT seed="1,0,0,3,5,132" ten="230,300,240,230" oya="1" hai0="105,90,96,111,124,69,5,101,67,88,91,54,1" hai1="66,29,135,95,113,97,4,15,75,125,62,70,6" hai2="84,127,52,3,18,85,27,123,7,34,2,30,71" hai3="60,64,39,98,106,24,31,107,118,130,35,128,109"/><U126/><E75/><V46/><F123/><W102/><G109/><T58/><D111/><U63/><E113/><V9/><F2/><W51/><G118/><T49/><D124/><N who="1" m="47723" /><E135/><V108/><F71/><N who="3" m="42375" /><G107/><T122/><D122/><U50/><E29/><V100/><F108/><W112/><G112/><T77/><D77/><U115/><E115/><V93/><F127/><W83/><G83/><T79/><D79/><U14/><E63/><V47/><F47/><W42/><G51/><T26/><D26/><U73/><E50/><V103/><F30/><W120/><G120/><T68/><D67/><U36/><E73/><V22/><F34/><W16/><G16/><T19/><D19/><U8/><E36/><V114/><F114/><W131/><G42/><T82/><D49/><U119/><E119/><V86/><F18/><W23/><G39/><T57/><D5/><N who="1" m="2155" /><E8/><V116/><F116/><W61/><G61/><T55/><D1/><U40/><E40/><V17/><F3/><W76/><G76/><T45/><D45/><U121/><E121/><V94/><F9/><W129/><G129/><T43/><D43/><U133/><E133/><V59/><F46/><W10/><G10/><T110/><D110/><U21/><E21/><AGARI ba="0,0" hai="21,23,24,31,35,98,102,106,128,130,131" m="42375" machi="21" ten="30,2000,0" yaku="25,1,19,1" doraHai="132" who="3" fromWho="1" sc="230,0,300,-20,240,0,230,20" /><INIT seed="2,0,0,1,1,112" ten="230,280,240,250" oya="2" hai0="14,4,88,36,20,110,77,44,94,39,92,108,100" hai1="105,60,59,34,37,32,5,122,95,51,73,135,18" hai2="6,33,45,23,46,57,71,75,43,99,72,116,87" hai3="26,29,97,101,27,102,82,2,79,63,12,74,3"/><V30/><F71/><W56/><G101/><T42/><D77/><U38/><E51/><V58/><F33/><N who="1" m="12905" /><E95/><V83/><F6/><W118/><G118/><T121/><D121/><U134/><E59/><V113/><F113/><W130/><G27/><T47/><D100/><U66/><E60/><V84/><F23/><W111/><G12/><T49/><D94/><U90/><E90/><V17/><F17/><W1/><G26/><T53/><D36/><N who="1" m="13931" /><E18/><V64/><F64/><W28/><G56/><T131/><D4/><U25/><E25/><V93/><F93/><W35/><G63/><T86/><D14/><U76/><E66/><V22/><F22/><W78/><G78/><T129/><REACH who="0" step="1"/><D20/><REACH who="0" ten="220,280,240,250" step="2"/><U119/><E5/><V54/><F83/><W24/><G79/><T85/><D85/><U21/><E21/><V7/><F7/><W13/><G13/><T125/><D125/><U115/><E122/><V80/><F80/><W10/><G82/><T68/><D68/><U19/><E115/><V96/><F87/><W109/><G35/><T8/><D8/><U16/><E76/><V41/><F84/><W107/><G10/><T11/><D11/><U81/><E81/><V70/><F70/><W128/><G102/><T52/><D52/><U91/><E91/><V67/><F67/><W132/><G2/><T69/><D69/><U50/><E19/><V126/><F54/><W48/><G3/><T15/><D15/><U98/><E16/><V120/><F120/><W65/><G1/><T31/><D31/><U62/><E98/><V55/><F30/><W106/><G29/><RYUUKYOKU ba="0,1" sc="220,30,280,-10,240,-10,250,-10" hai0="39,42,44,47,49,53,86,88,92,108,110,129,131" /><INIT seed="3,1,1,0,2,49" ten="250,270,230,240" oya="3" hai0="27,134,66,92,31,64,2,87,3,69,14,116,77" hai1="109,103,6,33,98,78,26,128,106,10,123,96,110" hai2="130,129,7,72,102,4,35,132,85,24,36,45,114" hai3="59,43,75,54,119,20,17,79,11,89,135,74,34"/><W28/><G119/><T52/><D116/><U1/><E123/><V105/><F72/><W37/><G135/><T100/><D134/><U101/><E78/><V93/><F132/><W99/><G37/><T71/><D14/><U80/><E80/><V16/><F105/><W57/><G57/><T94/><D77/><U13/><E13/><V126/><F114/><W23/><G43/><T55/><D87/><U131/><E26/><V40/><F126/><W56/><G56/><T82/><D82/><U76/><E76/><V113/><F113/><W48/><G34/><T122/><D27/><U91/><E91/><N who="2" m="53487" /><F102/><W18/><G28/><T39/><D31/><U32/><E32/><V15/><F24/><N who="3" m="14351" /><G79/><T84/><D84/><U90/><E90/><V5/><F35/><W68/><G68/><T62/><D62/><U73/><E33/><V115/><F115/><W97/><G11/><T19/><D19/><U127/><E127/><V125/><F125/><W108/><G75/><T60/><D60/><U51/><E51/><V46/><F46/><W44/><G44/><T38/><D122/><U25/><E25/><V30/><F30/><W29/><G29/><T65/><D65/><U120/><E73/><V50/><F36/><W58/><G58/><T107/><D107/><N who="1" m="63927" /><E120/><V42/><F42/><W9/><G9/><T133/><D133/><U63/><E63/><V41/><F40/><W67/><G67/><T12/><D12/><U83/><E83/><V53/><F41/><W124/><G74/><T95/><D95/><U86/><E86/><V81/><F81/><W111/><G124/><RYUUKYOKU ba="1,1" sc="250,10,270,10,230,10,240,-30" hai0="2,3,38,39,52,55,64,66,69,71,92,94,100" hai1="1,6,10,96,103,106,109,110,128,131" hai2="4,5,7,15,16,45,50,53,129,130" /><INIT seed="4,2,1,3,2,69" ten="260,280,240,210" oya="0" hai0="109,97,102,85,78,35,51,71,73,23,13,54,47" hai1="80,58,129,74,123,60,48,116,108,32,130,64,62" hai2="44,84,76,117,89,30,28,127,1,86,14,114,31" hai3="81,106,104,98,120,15,72,63,90,125,99,77,66"/><T9/><D71/><N who="1" m="42375" /><E32/><V43/><F1/><W134/><G134/><T110/><D35/><U131/><E123/><V122/><F122/><W111/><G111/><T56/><D73/><U126/><E108/><N who="0" m="41577" /><D23/><U39/><E116/><V42/><F117/><W5/><G125/><T91/><D78/><N who="1" m="44119" /><E48/><V3/><F3/><W59/><G120/><T65/><D65/><N who="1" m="39127" /><E126/><V132/><F132/><W124/><G124/><T22/><D22/><U46/><E46/><V57/><F127/><W18/><G5/><N who="0" m="3247" /><D56/><U121/><E121/><V10/><F57/><W55/><G66/><T6/><D6/><U36/><AGARI ba="2,1" hai="36,39,129,130,131" m="39127,44119,42375" machi="36" ten="40,5200,0" yaku="19,1,52,2" doraHai="69" who="1" fromWho="1" sc="260,-28,280,68,240,-15,210,-15" /><INIT seed="5,0,0,2,1,11" ten="232,348,225,195" oya="1" hai0="0,66,48,106,60,67,59,100,112,7,2,39,61" hai1="10,33,124,64,20,28,105,92,21,40,86,38,109" hai2="93,14,108,107,128,15,72,43,22,5,122,104,84" hai3="131,13,130,125,119,121,98,62,103,53,111,19,132"/><U29/><E105/><V45/><F72/><W44/><G111/><T17/><D112/><U50/><E38/><V23/><F108/><W41/><G121/><T35/><D35/><U116/><E33/><V126/><F122/><W9/><G119/><T96/><D39/><U95/><E64/><V73/><F73/><W63/><G132/><T37/><D37/><U133/><E116/><V30/><F5/><W16/><G125/><T129/><D129/><N who="3" m="49161" /><G53/><T79/><D79/><U31/><E133/><V58/><F128/><W114/><G114/><T25/><D48/><U69/><E69/><V12/><F126/><W57/><G57/><T1/><D25/><U54/><E40/><V27/><F58/><W56/><G56/><T65/><D59/><N who="1" m="33239" /><E124/><V110/><F110/><W88/><G19/><T51/><D51/><U118/><E118/><V42/><F23/><N who="1" m="8777" /><E109/><V8/><F8/><W77/><G77/><T99/><D17/><U90/><E10/><V46/><F107/><N who="3" m="63991" /><G44/><N who="2" m="17001" /><F104/><W89/><G41/><T26/><D26/><U18/><E18/><V6/><F6/><W113/><G113/><T49/><D60/><AGARI ba="0,0" hai="9,13,16,60,62,63,88,89" m="63991,49161" machi="60" ten="30,7700,0" yaku="19,1,52,1,54,2" doraHai="11" who="3" fromWho="0" sc="232,-77,348,0,225,0,195,77" /><INIT seed="6,0,0,5,4,128" ten="155,348,225,272" oya="2" hai0="114,23,6,123,12,59,77,129,56,63,120,19,41" hai1="49,20,46,105,78,82,74,125,127,39,18,126,11" hai2="84,62,97,92,17,109,70,35,106,135,80,87,111" hai3="21,81,36,4,54,5,73,10,24,33,112,29,16"/><V28/><F35/><W71/><G71/><T121/><D129/><U122/><E105/><V34/><F34/><W98/><G36/><T115/><D41/><N who="1" m="22847" /><E122/><V69/><F28/><W65/><G65/><T89/><D77/><U43/><E11/><V132/><F106/><W104/><G112/><N who="0" m="43051" /><D6/><U107/><E107/><V3/><F3/><W60/><G60/><T96/><D63/><U86/><E74/><V113/><F113/><W26/><G54/><T1/><D1/><U57/><E57/><V44/><F44/><W108/><G108/><N who="2" m="41545" /><F17/><W79/><REACH who="3" step="1"/><G10/><REACH who="3" ten="155,348,225,262" step="2"/><T14/><D59/><U88/><E43/><V13/><F69/><W68/><G68/><T134/><D56/><U131/><E131/><V52/><F52/><W55/><G55/><T48/><D48/><U119/><E49/><V95/><F62/><W22/><G22/><T110/><D110/><U130/><E130/><V101/><F70/><W27/><G27/><T99/><D12/><N who="1" m="9287" /><E119/><V2/><F13/><W50/><G50/><T83/><D123/><U91/><AGARI ba="0,1" hai="78,82,86,88,91,125,126,127" m="9287,22847" machi="91" ten="40,2700,0" yaku="18,1,54,1" doraHai="128" who="1" fromWho="1" sc="155,-7,348,37,225,-13,262,-7" /><INIT seed="7,0,0,4,1,121" ten="148,385,212,255" oya="3" hai0="8,125,99,97,95,115,56,21,128,29,36,104,60" hai1="65,45,119,83,38,131,94,88,129,17,113,27,58" hai2="42,122,13,3,132,2,100,133,101,98,67,135,82" hai3="118,124,23,126,123,20,64,35,108,57,85,86,33"/><W111/><G118/><T127/><D36/><U47/><E113/><V53/><F122/><W117/><G117/><T107/><D128/><U114/><E114/><V51/><F42/><W43/><G43/><T70/><D70/><U102/><E119/><V78/><F67/><W84/><G123/><T55/><D115/><U63/><E83/><V24/><F13/><W12/><G57/><T34/><D34/><N who="3" m="12809" /><G12/><T11/><D99/><N who="1" m="57799" /><E102/><N who="2" m="39531" /><F98/><W106/><G64/><T15/><D107/><U93/><E38/><V72/><F24/><W37/><G37/><T62/><D104/><U30/><E93/><V52/><F53/><W16/><G16/><T87/><D87/><U130/><E17/><V74/><F74/><W134/><G106/><T39/><D39/><U109/><E45/><AGARI ba="0,0" hai="2,3,45,51,52,72,78,82,132,133,135" m="39531" machi="45" ten="30,2000,0" yaku="20,1,54,1" doraHai="121" who="2" fromWho="1" sc="148,0,385,-20,212,20,255,0" owari="148,-35.2,365,46.5,232,-16.8,255,5.5" /></mjloggm>