<mjloggm ver="2.3"><GO type="169" lobby="0"/><UN n0="%E3%81%93%E3%82%8D%E3%81%86%E3%81%BE%E3%82%8B" n1="%6E%61%76%65%6C" n2="%EF%BC%81%E2%80%9D%EF%BC%83%EF%BC%84%EF%BC%85%EF%BC%86%E2%80%99%EF%BC%88" n3="%53%69%65%72%72%61" dan="16,16,16,16" rate="2056.18,2078.13,2129.93,2110.19" sx="M,M,M,M"/><TAIKYOKU oya="0"/><INIT seed="0,0,0,3,5,84" ten="250,250,250,250" oya="0" hai0="27,117,7,85,108,90,69,88,49,57,91,47,42" hai1="5,97,31,39,92,19,95,109,81,107,67,50,134" hai2="72,123,54,64,51,53,99,74,36,32,102,115,22" hai3="12,46,30,110,15,3,29,38,26,89,122,16,60"/><T77/><D117/><U80/><E39/><V128/><F115/><W130/><G3/><T21/><D69/><U55/><E67/><V135/><F32/><W40/><G110/><T41/><D108/><U118/><E109/><V52/><F36/><W120/><G130/><T68/><D68/><U63/><E134/><V87/><F123/><N who="3" m="47147" /><G60/><T61/><D7/><U20/><E63/><V104/><F128/><W2/><G2/><T25/><D41/><U18/><E107/><V75/><F64/><W116/><G116/><T114/><D114/><U129/><E5/><V62/><F62/><W121/><N who="3" m="47155" /><W105/><DORA hai="103" /><G105/><T48/><D48/><U9/><E31/><N who="3" m="11786" /><G89/><N who="0" m="34411" /><D21/><AGARI ba="0,0" hai="12,15,16,21,26,38,40,46" m="11786,47155" machi="21" ten="40,2600,0" yaku="13,1,54,1" doraHai="84,103" who="3" fromWho="0" sc="250,-26,250,0,250,0,250,26" /><INIT seed="1,0,0,2,3,133" ten="224,250,250,276" oya="1" hai0="46,129,11,14,17,35,36,65,68,55,69,93,67" hai1="38,98,13,0,119,9,80,131,24,56,23,3,100" hai2="45,111,8,40,97,117,115,91,2,103,61,54,122" hai3="71,135,44,28,34,130,74,84,105,31,87,128,96"/><U47/><E119/><V118/><F122/><W75/><G135/><T106/><D106/><U114/><E114/><V73/><F115/><W62/><G44/><T41/><D35/><U109/><E131/><N who="3" m="50218" /><G84/><T104/><D104/><U37/><E56/><V107/><F111/><W79/><G87/><T19/><D129/><U16/><E109/><V123/><F123/><W70/><G31/><T6/><D55/><U101/><E80/><V57/><F73/><N who="3" m="27659" /><G79/><T30/><D30/><U52/><E100/><V25/><F91/><W134/><G62/><T29/><D29/><U12/><E12/><V15/><F25/><N who="3" m="18703" /><G134/><T42/><D42/><U72/><E72/><V50/><REACH who="2" step="1"/><F2/><REACH who="2" ten="224,250,240,276" step="2"/><W1/><G1/><T64/><REACH who="0" step="1"/><D93/><REACH who="0" ten="214,250,240,276" step="2"/><U4/><E3/><V5/><AGARI ba="0,2" hai="5,8,15,40,45,50,54,57,61,97,103,107,117,118" machi="5" ten="20,8000,1" yaku="1,1,2,1,0,1,7,1,53,1" doraHai="133" doraHaiUra="92" who="2" fromWho="2" sc="214,-20,250,-40,240,100,276,-20" /><INIT seed="2,0,0,3,2,113" ten="194,210,340,256" oya="2" hai0="5,10,19,119,57,104,71,11,128,67,52,83,21" hai1="120,91,27,54,70,30,116,6,100,32,36,2,47" hai2="69,97,4,41,131,133,96,62,33,129,112,110,93" hai3="43,35,73,50,134,114,45,98,18,16,108,77,111"/><V109/><F112/><W49/><G114/><T94/><D104/><U118/><E120/><V117/><F33/><W124/><G35/><T58/><D71/><U1/><E100/><V101/><F133/><W12/><G134/><T26/><D128/><N who="2" m="49226" /><F4/><W102/><G124/><T44/><D119/><N who="1" m="45611" /><E54/><V74/><F74/><W107/><G50/><T122/><D122/><U56/><E56/><V90/><F41/><W121/><G121/><T68/><D83/><U86/><E86/><V3/><F3/><N who="1" m="1033" /><E6/><V55/><F117/><W132/><G132/><T31/><D94/><U76/><E91/><V72/><F72/><W127/><G18/><T29/><D68/><U34/><E76/><V64/><F55/><W92/><G127/><T28/><D67/><U25/><E47/><V82/><F82/><W51/><G51/><N who="0" m="28775" /><D5/><U126/><E126/><V81/><F81/><W14/><G77/><T89/><D89/><U22/><E70/><V48/><F48/><W17/><G73/><T60/><D58/><U8/><E36/><V105/><AGARI ba="0,0" hai="62,64,69,90,93,96,97,101,105,109,110" m="49226" machi="105" ten="30,1500,0" yaku="19,1" doraHai="113" who="2" fromWho="2" sc="194,-5,210,-5,340,15,256,-5" /><INIT seed="2,1,0,1,4,68" ten="189,205,355,251" oya="2" hai0="118,70,10,21,36,60,1,110,127,2,46,94,23" hai1="32,103,88,131,26,11,57,122,86,55,34,79,48" hai2="51,73,33,24,42,95,64,49,65,35,72,18,63" hai3="16,5,89,41,92,47,87,44,108,13,114,31,132"/><V6/><F6/><W126/><G108/><T106/><D106/><U115/><E115/><V100/><F18/><W12/><G114/><T30/><D110/><U91/><E103/><V54/><F42/><W15/><G132/><T123/><D123/><U52/><E11/><V80/><F80/><W133/><G133/><T29/><D94/><U130/><E79/><V90/><F100/><W17/><G126/><T38/><D46/><U107/><E107/><V83/><F83/><W59/><G5/><T28/><D127/><U56/><E122/><V58/><F51/><W69/><G69/><T135/><D135/><U85/><E26/><V19/><F33/><W14/><G31/><T93/><D93/><U104/><E104/><V96/><F64/><W40/><G59/><T67/><D118/><U81/><E81/><V37/><F37/><W124/><G124/><T117/><D117/><U112/><E112/><V111/><F111/><W43/><N who="3" m="3072" /><DORA hai="27" /><W125/><G125/><T119/><D119/><U74/><REACH who="1" step="1"/><E48/><REACH who="1" ten="189,195,355,251" step="2"/><V39/><F49/><W78/><G78/><T62/><D10/><U99/><E99/><V121/><F96/><W20/><G17/><T102/><D102/><U3/><E3/><V75/><F19/><W53/><G53/><T8/><D8/><U25/><E25/><AGARI ba="1,1" hai="16,20,25,40,41,43,44,47,87,89,92" m="3072" machi="25" ten="50,3200,0" yaku="8,1,54,1" doraHai="68,27" who="3" fromWho="1" sc="189,0,195,-35,355,0,251,45" /><INIT seed="3,0,0,4,0,79" ten="189,160,355,296" oya="3" hai0="65,37,39,96,101,44,22,98,94,32,69,12,64" hai1="10,3,86,97,110,2,85,34,124,5,127,103,120" hai2="88,45,125,83,11,106,57,71,49,0,115,100,82" hai3="87,111,58,132,18,62,70,50,77,84,72,131,29"/><W42/><G131/><T21/><D32/><U89/><E120/><V104/><F71/><W102/><G132/><T109/><D109/><U63/><E34/><V129/><F115/><W68/><G72/><T93/><D44/><U128/><E110/><V13/><F0/><W75/><G75/><T24/><D12/><U112/><E112/><V92/><F125/><W17/><G29/><T95/><D69/><U41/><E41/><V1/><F1/><W54/><G102/><T30/><D22/><U117/><E3/><V78/><F78/><W107/><G107/><T40/><D40/><U35/><E35/><V8/><F8/><W113/><G113/><T48/><D48/><U14/><E117/><V16/><F100/><W108/><G42/><T4/><D4/><U31/><E31/><V38/><F129/><W23/><G77/><T80/><D80/><N who="2" m="30762" /><F106/><W74/><G68/><T52/><D101/><U116/><E2/><V7/><F104/><W105/><G105/><T123/><D37/><U43/><E116/><V133/><F38/><W56/><G70/><T135/><D39/><U15/><E103/><V118/><F133/><W66/><G74/><T76/><D76/><U126/><E128/><V28/><F28/><W81/><G108/><T6/><D135/><U99/><E10/><V53/><F118/><W47/><G111/><T59/><D30/><U60/><E124/><V20/><F45/><W122/><G47/><T55/><D21/><U119/><E119/><V51/><F51/><W19/><G50/><T46/><D46/><U61/><E126/><V27/><F92/><RYUUKYOKU ba="0,0" sc="189,-10,160,-10,355,30,296,-10" hai2="7,11,13,16,20,27,49,53,57,88" /><INIT seed="4,1,0,0,0,127" ten="179,150,385,286" oya="0" hai0="119,16,112,63,135,89,76,2,101,115,97,134,61" hai1="48,5,67,106,121,118,130,62,79,24,71,1,59" hai2="27,0,114,90,51,49,32,20,4,96,65,34,113" hai3="39,46,56,35,12,81,74,25,100,58,133,92,15"/><T60/><D2/><U37/><E121/><V128/><F65/><W108/><G108/><T124/><D119/><U11/><E118/><V18/><F90/><W91/><G133/><N who="0" m="50699" /><D89/><U123/><E123/><V31/><F96/><W19/><G15/><T7/><D7/><U22/><E106/><V85/><F85/><W29/><G100/><T73/><D124/><U122/><E37/><V99/><F99/><W94/><G39/><T9/><D76/><U52/><E122/><V28/><F49/><W110/><G46/><T88/><D73/><U45/><E79/><V80/><F51/><W98/><G110/><T33/><D33/><N who="2" m="12906" /><F80/><W84/><G74/><T14/><D88/><U50/><E130/><V66/><F66/><W17/><G17/><T68/><D68/><U111/><E111/><V10/><F128/><W120/><G120/><T116/><D116/><U131/><E131/><V26/><F26/><W23/><G92/><AGARI ba="1,0" hai="9,14,16,60,61,63,92,97,101,112,115" m="50699" machi="92" ten="30,2900,0" yaku="20,1,54,1" doraHai="127" who="0" fromWho="3" sc="179,32,150,0,385,0,286,-32" /><INIT seed="4,2,0,1,0,56" ten="211,150,385,254" oya="0" hai0="10,55,16,100,124,24,51,49,101,38,85,118,95" hai1="75,94,126,66,69,74,31,70,123,11,132,26,67" hai2="35,43,133,52,53,23,89,104,102,22,15,57,41" hai3="39,42,30,14,120,81,54,105,109,9,135,29,82"/><T92/><D118/><U103/><E123/><V87/><F35/><W78/><G109/><T86/><D124/><U40/><E132/><V80/><F133/><W62/><G135/><T60/><D38/><U99/><E126/><V79/><F104/><W97/><G120/><T98/><D51/><U58/><E40/><V112/><F102/><W125/><G125/><T68/><D68/><U108/><E108/><V6/><F112/><W17/><G105/><T61/><D101/><U110/><E110/><V50/><F79/><W130/><G97/><T45/><D92/><U77/><E11/><N who="2" m="4599" /><F53/><W21/><G130/><T37/><D37/><U72/><E77/><V122/><F122/><W59/><G81/><T19/><D19/><U91/><E91/><V129/><F129/><W28/><G42/><AGARI ba="2,0" hai="22,23,41,42,43,50,52,57,80,87,89" m="4599" machi="42" ten="30,2000,0" yaku="8,1,54,1" doraHai="56" who="2" fromWho="3" sc="211,0,150,0,385,26,254,-26" /><INIT seed="5,0,0,4,5,71" ten="211,150,411,228" oya="1" hai0="61,31,107,108,35,63,87,60,118,16,79,82,126" hai1="17,77,44,41,96,7,6,56,52,49,97,132,80" hai2="130,88,114,128,84,27,92,30,54,23,98,51,0" hai3="20,15,26,58,120,121,21,8,1,32,11,100,103"/><U90/><E132/><V74/><F74/><W46/><G58/><T104/><D108/><U127/><E127/><V38/><F0/><W125/><G46/><T86/><D118/><U99/><E90/><V19/><F114/><W18/><G100/><T91/><D126/><U106/><E17/><V131/><F38/><W85/><G85/><T4/><D4/><U73/><REACH who="1" step="1"/><E106/><REACH who="1" ten="211,140,411,228" step="2"/><V10/><F19/><W124/><G124/><T134/><D134/><U33/><E33/><V78/><F130/><W129/><G129/><T40/><D107/><U109/><E109/><V57/><F131/><W37/><G125/><T81/><D104/><U47/><E47/><V48/><F128/><W70/><G32/><T12/><D35/><U53/><E53/><V112/><F54/><W69/><G18/><T89/><D31/><U119/><E119/><V133/><F88/><W67/><G67/><T36/><D89/><U72/><E72/><V45/><F45/><W55/><G55/><T116/><D116/><U94/><E94/><V9/><F92/><W115/><G115/><T75/><D75/><U122/><E122/><V42/><F112/><W39/><G120/><T34/><D34/><U102/><E102/><V64/><F64/><W43/><G103/><T62/><N who="0" m="15360" /><DORA hai="111" /><T110/><D110/><U105/><E105/><V25/><F133/><W3/><G121/><T24/><D16/><U135/><E135/><V117/><F117/><W29/><G69/><T76/><D91/><U65/><E65/><V5/><F30/><W83/><G70/><T123/><D123/><U66/><E66/><RYUUKYOKU ba="0,1" sc="211,-10,140,30,411,-10,228,-10" hai1="6,7,41,44,49,52,56,73,77,80,96,97,99" /><INIT seed="5,1,1,2,3,128" ten="201,170,401,218" oya="1" hai0="63,134,100,45,11,92,129,31,16,10,113,70,131" hai1="35,44,23,77,66,56,88,107,93,60,39,18,7" hai2="105,132,57,27,13,15,106,85,120,14,74,55,97" hai3="111,34,80,79,33,68,17,29,121,9,95,52,38"/><U0/><E107/><V42/><F74/><W24/><G111/><T104/><D113/><U109/><E35/><V91/><F120/><W2/><G121/><T118/><D118/><U53/><E109/><V26/><F42/><W110/><G110/><T71/><D134/><U84/><E0/><V82/><F132/><W124/><G68/><N who="0" m="26155" /><D104/><U86/><E7/><V112/><F112/><W21/><G38/><T3/><D31/><U32/><E32/><V126/><F126/><W41/><G41/><T48/><D63/><U43/><E77/><V103/><REACH who="2" step="1"/><F105/><REACH who="2" ten="201,170,391,218" step="2"/><W135/><G135/><T54/><D129/><U96/><REACH who="1" step="1"/><E66/><REACH who="1" ten="201,160,391,218" step="2"/><V94/><F94/><W115/><G95/><T117/><D92/><U87/><E87/><V25/><F25/><AGARI ba="1,3" hai="18,23,25,39,43,44,53,56,60,84,86,88,93,96" machi="25" ten="30,12000,1" yaku="1,1,7,1,25,2,54,1,53,0" doraHai="128" doraHaiUra="133" who="1" fromWho="2" sc="201,0,160,153,391,-123,218,0" /><INIT seed="5,2,0,2,0,96" ten="201,313,268,218" oya="1" hai0="91,118,65,69,7,127,123,55,27,12,29,81,83" hai1="23,117,3,46,124,2,61,90,110,6,56,34,73" hai2="68,106,102,9,100,30,77,39,130,49,116,135,126" hai3="107,70,103,132,53,43,10,14,108,71,94,54,5"/><U45/><E117/><V11/><F116/><W19/><G108/><T18/><D118/><U111/><E34/><V16/><F39/><W89/><G132/><T85/><D127/><U105/><E73/><V60/><F135/><W41/><G107/><T95/><D123/><U74/><E74/><V59/><F130/><W125/><G125/><T80/><D7/><U82/><E124/><V98/><F77/><W86/><G70/><T62/><D55/><N who="3" m="21001" /><G71/><T84/><D27/><U48/><E105/><V22/><F49/><W21/><G103/><T131/><D29/><U47/><E48/><V25/><F68/><W58/><G58/><T20/><REACH who="0" step="1"/><D131/><REACH who="0" ten="191,313,268,218" step="2"/><U129/><E129/><V109/><F126/><W36/><G36/><T4/><D4/><U78/><E6/><V1/><F30/><W115/><G115/><T75/><D75/><U24/><E110/><V51/><F109/><W122/><G122/><T8/><D8/><U33/><E111/><V128/><F11/><W72/><G72/><T37/><D37/><U120/><E120/><V42/><F9/><W88/><G89/><AGARI ba="2,1" hai="12,18,20,62,65,69,80,81,83,84,85,89,91,95" machi="89" ten="30,2000,0" yaku="1,1,7,1,53,0" doraHai="96" doraHaiUra="93" who="0" fromWho="3" sc="191,36,313,0,268,0,218,-26" /><INIT seed="6,0,0,1,1,103" ten="227,313,268,192" oya="2" hai0="81,29,125,38,2,117,71,97,55,92,65,45,43" hai1="33,72,49,7,135,68,54,96,87,110,73,80,53" hai2="89,23,108,129,39,60,36,63,105,86,27,24,61" hai3="66,119,11,52,82,115,0,42,100,70,118,130,62"/><V90/><F129/><W41/><G130/><T4/><D125/><U85/><E68/><V121/><F121/><W59/><G100/><T31/><D117/><N who="3" m="44553" /><G82/><T104/><D104/><U17/><E33/><V18/><F108/><W26/><G26/><T116/><D116/><U15/><E7/><V77/><F105/><W78/><G78/><T19/><D19/><U46/><E135/><V12/><F77/><W32/><G32/><T131/><D81/><U10/><E110/><V64/><F64/><W5/><G11/><T58/><D4/><U122/><E122/><V16/><F89/><W114/><G5/><T79/><D79/><U95/><E54/><V1/><F1/><W134/><G0/><T74/><D74/><U20/><E20/><V127/><F127/><W67/><G134/><T40/><D2/><U48/><E48/><V84/><F84/><W133/><G133/><T98/><D55/><U128/><E128/><V76/><F76/><W30/><G30/><T47/><D29/><U123/><E123/><V50/><F24/><W25/><G25/><T93/><D31/><U14/><E85/><V102/><F102/><W56/><G56/><T126/><D58/><U6/><E15/><V107/><F107/><W91/><G91/><T28/><D126/><U75/><E75/><V101/><F101/><W112/><G67/><T88/><D131/><U124/><E124/><V57/><F90/><W99/><G99/><N who="0" m="37899" /><D88/><N who="1" m="51303" /><E73/><V13/><F86/><W83/><G83/><T94/><D28/><U37/><E72/><V109/><F109/><W8/><G8/><T9/><D9/><RYUUKYOKU ba="0,0" sc="227,-10,313,-10,268,-10,192,30" hai3="41,42,52,59,62,66,70,112,114,115" /><INIT seed="7,1,0,3,0,108" ten="217,303,258,222" oya="3" hai0="40,99,91,97,32,18,14,89,23,119,98,114,121" hai1="82,21,109,8,95,62,47,76,57,43,56,132,113" hai2="37,128,63,88,65,84,133,71,135,48,39,67,110" hai3="46,107,41,64,33,27,25,59,100,75,127,77,45"/><W104/><G75/><T34/><D119/><U20/><E109/><V44/><F110/><W50/><G77/><T101/><D121/><U83/><E113/><V58/><F128/><W0/><G0/><T115/><D101/><U124/><E132/><N who="2" m="50763" /><F65/><W1/><G1/><T72/><D72/><U35/><E35/><N who="0" m="13353" /><D40/><U54/><E8/><V38/><F71/><W29/><G127/><T79/><D79/><U93/><E124/><V69/><F69/><W4/><G4/><T103/><D103/><U120/><E120/><V60/><F60/><W70/><G27/><T116/><D116/><U22/><E57/><V131/><F131/><W3/><G3/><T105/><D105/><U30/><E30/><V90/><F84/><W78/><G78/><T6/><D6/><U16/><E47/><V55/><AGARI ba="1,0" hai="37,38,39,44,48,55,58,63,67,88,90" m="50763" machi="55" ten="40,2700,0" yaku="20,1,54,1" doraHai="108" who="2" fromWho="2" sc="217,-8,303,-8,258,30,222,-14" /><INIT seed="8,0,0,1,4,128" ten="209,295,288,208" oya="0" hai0="1,17,82,32,46,37,57,28,25,85,125,111,51" hai1="112,53,27,50,16,132,24,41,48,55,35,49,14" hai2="129,86,47,106,134,131,54,83,118,18,88,11,109" hai3="78,34,108,12,135,133,30,2,123,115,98,117,23"/><T124/><D1/><U36/><E132/><N who="3" m="50762" /><G108/><T61/><D37/><U69/><E69/><V63/><F109/><W43/><G115/><T60/><D17/><U67/><E36/><V110/><F110/><W73/><G117/><T4/><D4/><U20/><E112/><V5/><F118/><W105/><G123/><T101/><D101/><U10/><E67/><V96/><F18/><N who="3" m="10695" /><G43/><T13/><D13/><U84/><E41/><V89/><F134/><W119/><G119/><T8/><D8/><U68/><E68/><V80/><F11/><W42/><G42/><N who="0" m="25047" /><D57/><U114/><E114/><V15/><F5/><W103/><G2/><T64/><D64/><U107/><E107/><V92/><F106/><W44/><G44/><T26/><D26/><N who="1" m="9771" /><E35/><V29/><F15/><W0/><G0/><T71/><D71/><U120/><E120/><V116/><F116/><W102/><G102/><T40/><D40/><U31/><E31/><V90/><F29/><W97/><G30/><T19/><D19/><U95/><E10/><V58/><F47/><W56/><G34/><T76/><D111/><U79/><E79/><V77/><REACH who="2" step="1"/><F89/><AGARI ba="0,0" hai="14,16,20,48,49,50,53,55,84,89,95" m="9771" machi="89" ten="30,2000,0" yaku="8,1,54,1" doraHai="128" who="1" fromWho="2" sc="209,0,295,20,288,-20,208,0" owari="209,-19.1,315,41.5,268,6.8,208,-29.2" /></mjloggm>