<mjloggm ver="2.3"><GO type="169" lobby="0"/><UN n0="%E9%95%B7%E5%B2%A1" n1="%E3%81%BB%E3%81%86%EF%BC%81" n2="%67%63%40%E6%BF%80%E8%BE%9B" n3="%E5%85%AD%E9%83%A8%E5%9C%AD" dan="16,16,18,16" rate="2098.11,2114.13,2194.69,2047.88" sx="M,M,M,M"/><TAIKYOKU oya="0"/><INIT seed="0,0,0,1,4,129" ten="250,250,250,250" oya="0" hai0="59,106,41,62,74,17,58,1,83,35,125,94,20" hai1="118,119,54,55,112,124,65,80,60,33,42,48,105" hai2="72,14,128,30,104,51,101,123,115,100,135,108,111" hai3="27,0,76,23,43,63,69,12,26,15,11,121,52"/><T130/><D106/><U9/><E33/><V16/><F123/><W102/><G43/><T57/><D130/><U64/><E9/><V19/><F128/><W78/><G121/><T56/><D125/><U2/><E2/><V29/><F72/><W86/><G0/><T47/><D35/><U77/><E105/><V18/><F115/><W36/><G36/><T46/><D1/><U21/><E21/><V5/><F51/><W132/><G102/><N who="2" m="39529" /><F104/><W117/><G117/><N who="1" m="44554" /><E80/><V96/><F96/><W99/><G99/><T13/><D94/><U40/><E77/><V68/><F68/><W25/><G69/><T34/><D34/><U84/><E84/><V90/><F90/><W3/><G86/><T31/><D31/><U44/><E124/><V49/><F49/><W6/><G23/><T61/><N who="0" m="14336" /><DORA hai="70" /><T92/><D92/><U7/><E112/><V71/><F71/><W24/><G63/><T10/><D20/><U93/><E65/><V39/><F19/><W38/><G38/><T116/><D116/><U107/><E107/><V110/><F16/><W85/><G85/><T91/><D74/><U22/><E93/><V97/><F29/><W53/><G76/><T75/><D75/><U37/><E22/><V133/><F30/><W89/><G78/><T67/><D67/><U81/><E60/><N who="0" m="23145" /><D41/><U114/><E40/><V113/><F113/><W126/><G126/><T134/><D134/><U122/><E114/><V79/><F79/><W45/><G25/><T50/><D50/><U120/><E120/><V103/><F133/><W98/><G132/><T127/><D127/><RYUUKYOKU ba="0,0" sc="250,30,250,-10,250,-10,250,-10" hai0="10,13,17,46,47,83,91" /><INIT seed="0,1,0,0,0,29" ten="280,240,240,240" oya="0" hai0="96,12,87,53,5,95,81,38,133,86,107,105,129" hai1="3,115,0,104,39,121,18,92,4,40,76,72,15" hai2="62,55,27,16,65,130,117,79,85,98,101,25,59" hai3="36,50,68,31,118,93,64,91,30,97,57,77,34"/><T54/><D129/><U24/><E104/><V84/><F130/><W22/><G36/><T75/><D38/><U32/><E92/><V46/><F117/><W2/><G118/><T63/><D133/><U116/><E76/><V7/><F7/><W49/><G2/><T10/><D75/><U19/><E72/><V23/><F79/><W74/><G68/><T41/><D41/><U43/><E40/><V78/><F78/><W111/><G31/><T122/><D122/><U26/><E43/><V83/><F83/><W90/><G111/><T134/><D134/><U51/><E51/><V13/><F46/><W70/><G70/><T21/><D81/><U119/><E39/><V131/><F131/><W8/><G22/><T80/><D80/><U88/><E88/><V20/><F55/><W103/><G8/><T112/><D112/><U127/><E121/><V123/><F123/><W100/><G49/><T113/><D113/><U132/><E132/><V17/><REACH who="2" step="1"/><F13/><REACH who="2" ten="280,240,230,240" step="2"/><W106/><G77/><T28/><D54/><U102/><E115/><V128/><F128/><W37/><G74/><T9/><D12/><U89/><E116/><V44/><F44/><W42/><G42/><T73/><D5/><U126/><E119/><V108/><F108/><W56/><G37/><T1/><D1/><U60/><E0/><V71/><F71/><W58/><G58/><N who="0" m="35279" /><D73/><U120/><E3/><V109/><F109/><W61/><G57/><T47/><D47/><U35/><E120/><V135/><F135/><W6/><G6/><T52/><D52/><U124/><E4/><V114/><F114/><RYUUKYOKU ba="1,1" sc="280,-10,240,-10,230,30,240,-10" hai2="16,17,20,23,25,27,59,62,65,84,85,98,101" /><INIT seed="1,2,1,5,4,122" ten="270,230,260,230" oya="1" hai0="34,18,1,0,76,49,73,44,14,125,109,12,130" hai1="86,101,11,98,110,131,114,43,107,72,116,103,94" hai2="108,25,106,8,10,41,118,56,92,6,24,46,9" hai3="129,74,111,78,128,28,7,57,52,68,89,119,21"/><U45/><E114/><V50/><F106/><W36/><G68/><T63/><D130/><N who="3" m="50281" /><G36/><T47/><D125/><U134/><E131/><V95/><F118/><W85/><G119/><T2/><D34/><U82/><E116/><V5/><F108/><W127/><G127/><T67/><D109/><U70/><E70/><V104/><F104/><W112/><G112/><T48/><D76/><U83/><E11/><V27/><REACH who="2" step="1"/><F56/><REACH who="2" ten="270,230,250,230" step="2"/><W133/><G111/><T91/><D1/><U81/><E110/><V62/><F62/><W99/><G57/><T51/><D0/><U121/><E121/><V84/><F84/><W71/><G85/><T75/><D2/><U40/><E72/><V96/><F96/><W37/><G99/><T23/><D75/><U93/><E107/><V115/><F115/><W19/><G74/><T87/><D73/><U79/><E86/><V17/><F17/><W4/><G19/><T15/><D47/><U64/><E45/><V54/><F54/><W3/><G52/><T66/><D44/><U60/><E98/><V16/><F16/><W39/><G71/><T22/><D63/><U13/><E60/><V105/><F105/><W117/><G3/><T120/><D120/><U29/><E43/><V88/><F88/><W100/><G89/><T42/><D42/><U124/><E40/><V97/><F97/><W65/><G117/><T69/><D18/><U77/><E77/><V132/><F132/><W59/><G133/><T32/><D69/><U135/><E135/><V38/><F38/><W30/><G37/><T90/><D87/><U61/><E134/><RYUUKYOKU ba="2,2" sc="270,-10,230,-10,250,30,230,-10" hai2="5,6,8,9,10,24,25,27,41,46,50,92,95" /><INIT seed="2,3,2,4,3,135" ten="260,220,280,220" oya="2" hai0="77,46,89,78,61,83,116,126,88,67,54,37,41" hai1="108,56,32,19,26,59,63,44,69,80,120,38,47" hai2="42,101,12,134,52,90,107,102,48,82,14,96,8" hai3="4,74,58,21,127,109,6,24,10,94,34,66,70"/><V2/><F134/><W76/><G34/><T29/><D116/><U57/><E32/><V23/><F42/><W15/><G70/><T28/><D126/><U17/><E80/><V93/><F82/><W91/><G109/><T5/><D54/><U39/><E26/><V106/><F2/><W86/><G74/><T43/><D41/><U71/><E120/><V105/><F23/><W16/><G76/><T104/><D104/><U50/><E108/><V35/><F35/><W85/><G127/><T115/><D115/><U45/><E50/><V119/><F119/><W22/><G22/><T121/><D121/><U51/><E51/><V92/><F92/><W62/><REACH who="3" step="1"/><G86/><REACH who="3" ten="260,220,280,210" step="2"/><T99/><D78/><U36/><E63/><V95/><F95/><W100/><G100/><T110/><D110/><U18/><AGARI ba="3,3" hai="17,18,19,36,38,39,44,45,47,56,57,59,69,71" machi="18" ten="50,32000,5" yakuman="40" doraHai="135" who="1" fromWho="1" sc="260,-83,220,359,280,-163,210,-83" /><INIT seed="3,0,0,2,0,15" ten="177,579,117,127" oya="3" hai0="29,84,22,132,75,109,37,121,83,11,111,122,106" hai1="12,118,117,60,30,110,114,86,36,113,6,8,18" hai2="59,124,21,102,39,1,31,63,70,77,13,119,104" hai3="103,92,85,95,100,3,98,69,49,57,7,2,80"/><W88/><G69/><T94/><D37/><U125/><E36/><V46/><F119/><N who="1" m="45577" /><E110/><N who="0" m="41993" /><D106/><U62/><E125/><V16/><F124/><W55/><REACH who="3" step="1"/><G7/><REACH who="3" ten="177,579,117,117" step="2"/><T58/><D121/><U28/><E114/><V33/><F70/><W43/><G43/><T67/><D122/><U93/><E113/><V81/><F1/><W41/><G41/><T17/><D132/><U35/><E6/><V133/><F133/><W42/><G42/><T68/><D68/><U10/><E35/><V130/><F33/><W66/><G66/><T50/><D67/><U24/><E28/><V48/><F31/><W51/><G51/><T78/><D29/><U23/><E8/><V99/><F39/><W47/><G47/><T52/><D11/><U25/><E10/><V44/><F48/><W56/><G56/><T131/><D131/><U129/><E129/><V34/><F34/><W26/><G26/><T126/><D126/><U97/><E24/><V134/><F134/><W38/><G38/><T64/><D64/><U101/><E30/><V82/><F130/><W105/><G105/><T128/><D128/><U14/><E25/><V19/><F44/><W65/><G65/><T123/><D123/><U71/><E71/><V74/><F46/><W5/><G5/><T32/><D32/><U4/><E4/><V61/><F59/><W27/><G27/><T91/><D22/><U112/><E112/><V115/><F115/><W20/><G20/><T40/><D40/><U120/><E120/><V79/><F19/><AGARI ba="0,1" hai="17,19,50,52,58,75,78,83,84,91,94" m="41993" machi="19" ten="30,7700,0" yaku="14,1,52,2,54,1" doraHai="15" who="0" fromWho="2" sc="177,87,579,0,117,-77,117,0" /><INIT seed="4,0,0,2,3,44" ten="264,579,40,117" oya="0" hai0="118,97,39,50,70,114,88,106,117,103,132,13,102" hai1="18,40,53,124,73,34,26,133,27,93,8,113,120" hai2="23,29,15,0,95,128,130,57,122,105,65,33,89" hai3="22,92,6,56,79,49,14,74,90,45,72,69,60"/><T134/><D39/><U121/><E73/><V96/><F122/><W17/><G69/><T76/><D70/><U91/><E40/><V16/><F0/><W21/><G79/><T135/><D114/><U66/><E66/><V2/><F2/><W85/><G6/><T64/><D64/><U87/><E133/><V25/><REACH who="2" step="1"/><F105/><REACH who="2" ten="264,579,30,117" step="2"/><W80/><G92/><N who="0" m="56455" /><D106/><U67/><E93/><V127/><F127/><W100/><G100/><T37/><D102/><U61/><E124/><V107/><F107/><W84/><G72/><T75/><D103/><U42/><E121/><V3/><F3/><W125/><G74/><T24/><D75/><U112/><E120/><V4/><F4/><W108/><G125/><T55/><D135/><U35/><E113/><V111/><F111/><W28/><G108/><T19/><D134/><U119/><E112/><V99/><F99/><W98/><G98/><T63/><D132/><U12/><E87/><V52/><F52/><W47/><G84/><T59/><D55/><U110/><E53/><V43/><F43/><W129/><G85/><T62/><D118/><U77/><E42/><V78/><F78/><W38/><G80/><T115/><D117/><U51/><E77/><V83/><F83/><W123/><G123/><T68/><D76/><U9/><E110/><V104/><F104/><W1/><G1/><T36/><D115/><U126/><E126/><V81/><F81/><W116/><G116/><T5/><D5/><U32/><E119/><V131/><F131/><W86/><G129/><T31/><D19/><U109/><E18/><V82/><F82/><RYUUKYOKU ba="0,1" sc="264,-10,579,-10,30,30,117,-10" hai2="15,16,23,25,29,33,57,65,89,95,96,128,130" /><INIT seed="5,1,1,0,2,94" ten="254,569,60,107" oya="1" hai0="10,42,33,108,72,128,85,20,47,75,4,3,56" hai1="87,127,43,129,135,131,122,80,90,111,24,5,78" hai2="96,21,27,124,34,26,107,70,29,71,52,7,40" hai3="121,62,118,134,106,117,88,22,130,23,97,114,115"/><U93/><E5/><V45/><F124/><W17/><G121/><T123/><D108/><U6/><E6/><V15/><F7/><W51/><G130/><N who="1" m="49674" /><E24/><V53/><F15/><W99/><G134/><T125/><D56/><U44/><E122/><V2/><F2/><W102/><G62/><T31/><D85/><N who="1" m="48279" /><E127/><V1/><F1/><W132/><G51/><N who="0" m="27127" /><D125/><U30/><E30/><V19/><F71/><W77/><G77/><T60/><D123/><U57/><E57/><V101/><REACH who="2" step="1"/><F70/><REACH who="2" ten="254,569,50,107" step="2"/><W54/><G132/><T38/><D128/><U83/><E135/><V61/><F61/><W67/><G118/><T50/><D60/><U59/><E111/><V84/><F84/><W119/><G119/><T113/><D4/><U89/><E59/><V120/><F120/><W64/><G117/><T81/><D3/><U82/><E89/><V95/><F95/><W49/><G88/><T126/><D126/><U8/><E8/><V9/><F9/><W92/><G92/><T91/><D10/><U105/><E105/><V35/><F35/><W41/><G106/><T110/><D33/><U112/><E87/><V65/><F65/><W98/><G64/><T100/><D91/><U11/><E11/><V48/><AGARI ba="1,2" hai="19,21,26,27,29,34,40,45,48,52,53,96,101,107" machi="48" ten="20,12000,2" yaku="1,1,0,1,7,1,52,1,54,1,53,1" doraHai="94" doraHaiUra="28" who="2" fromWho="2" sc="254,-31,569,-61,50,143,107,-31" /><INIT seed="6,0,0,5,0,114" ten="223,508,193,76" oya="2" hai0="128,22,30,76,123,113,18,51,43,32,21,121,57" hai1="52,7,72,129,40,6,19,68,35,8,105,13,56" hai2="74,116,49,65,10,23,91,48,109,127,73,67,79" hai3="103,122,132,36,61,107,88,54,125,86,26,124,58"/><V20/><F127/><N who="3" m="48715" /><G122/><T1/><D113/><U99/><E68/><V42/><F109/><W126/><N who="3" m="48723" /><W41/><DORA hai="66" /><G132/><T33/><D76/><U85/><E72/><V0/><F91/><W62/><G107/><T100/><D100/><U106/><E40/><V71/><F79/><W27/><G103/><T46/><D128/><U130/><E35/><V38/><F10/><W25/><G41/><T69/><D43/><U28/><E28/><V119/><F42/><W9/><G9/><T16/><D30/><U15/><E85/><V75/><F75/><W60/><G36/><T95/><D123/><U135/><E135/><V44/><F44/><W63/><N who="3" m="15360" /><DORA hai="102" /><W53/><G58/><T89/><D57/><U134/><E6/><V55/><F55/><N who="3" m="21003" /><G86/><T11/><D121/><U120/><E120/><V24/><F38/><W14/><G14/><T77/><D11/><N who="1" m="6591" /><E99/><V101/><F101/><W34/><G88/><T96/><D89/><U5/><E5/><V112/><F24/><N who="3" m="6147" /><W87/><DORA hai="110" /><G87/><T133/><D133/><U94/><E134/><V118/><F118/><W4/><G4/><T111/><D46/><U97/><E7/><V93/><F93/><W39/><G39/><T47/><D95/><U78/><E8/><V108/><F74/><W29/><G29/><T2/><D47/><U84/><E78/><V104/><F73/><W17/><G17/><T131/><D77/><U31/><E31/><V45/><F104/><W12/><G12/><T70/><D18/><U90/><E106/><V3/><F45/><W98/><G34/><T117/><D32/><RYUUKYOKU ba="0,0" sc="223,-10,508,-10,193,-10,76,30" hai3="98" /><INIT seed="7,1,0,1,3,87" ten="213,498,183,106" oya="3" hai0="39,48,55,111,104,31,107,43,8,33,80,16,40" hai1="57,85,86,59,73,66,102,49,28,5,7,2,84" hai2="44,15,135,79,67,56,71,114,118,18,108,83,20" hai3="121,68,105,82,64,76,113,96,60,78,122,23,0"/><W42/><G0/><T58/><D111/><U106/><E73/><V120/><F108/><W50/><G113/><T94/><D104/><U92/><E28/><V30/><F118/><W1/><G1/><T95/><D107/><U124/><E124/><V75/><F71/><W9/><G9/><T35/><D35/><U98/><E106/><V93/><F114/><W91/><G76/><T34/><D34/><U88/><E102/><V53/><F135/><W65/><G65/><T101/><D39/><U25/><E25/><V3/><F3/><W51/><G23/><T4/><D16/><U38/><E38/><V10/><F120/><W24/><G24/><T63/><D80/><U132/><E132/><V125/><F125/><W72/><G105/><T70/><D70/><U117/><E117/><V61/><F93/><W133/><G133/><T62/><D95/><U46/><E2/><V27/><F44/><N who="3" m="25879" /><G51/><T128/><D33/><U37/><E37/><V109/><F109/><W19/><G19/><T41/><D31/><U54/><E66/><V26/><F26/><W89/><G96/><N who="0" m="59543" /><D128/><U97/><E98/><V32/><F67/><W14/><G14/><AGARI ba="1,0" hai="4,8,14,40,41,43,48,55,58,62,63" m="59543" machi="14" ten="30,1000,0" yaku="8,1" doraHai="87" who="0" fromWho="3" sc="213,13,498,0,183,0,106,-13" owari="226,2.6,498,59.8,183,-21.7,93,-40.7" /></mjloggm>