<mjloggm ver="2.3"><GO type="169" lobby="0"/><UN n0="%E4%BE%8D" n1="%E7%A9%B6%E6%A5%B5%56%E3%83%A2%E3%83%B3%E3%82%AD%E3%83%BC" n2="%46%75%4B%61" n3="%50%73%79%63%68%65" dan="18,16,16,17" rate="2238.64,2077.40,2081.49,2134.90" sx="M,M,M,M"/><TAIKYOKU oya="0"/><INIT seed="0,0,0,3,3,128" ten="250,250,250,250" oya="0" hai0="44,31,114,32,14,46,131,73,113,36,2,53,29" hai1="30,92,115,93,72,120,101,16,80,66,3,60,109" hai2="37,107,133,103,96,17,25,102,85,124,27,100,28" hai3="79,130,134,13,74,22,75,69,50,90,129,94,71"/><T65/><D2/><U78/><E120/><V1/><F37/><W41/><G41/><T59/><D73/><U104/><E3/><V89/><F1/><W122/><G50/><T95/><D14/><U19/><E115/><V132/><F124/><W125/><G125/><T126/><D126/><U10/><E109/><V76/><F17/><W98/><G122/><T55/><D95/><U4/><E30/><V81/><F25/><W48/><G48/><T8/><D8/><U56/><E104/><V23/><F102/><W21/><G79/><T33/><D59/><U45/><E45/><V67/><F67/><W12/><G94/><T84/><D84/><U118/><E118/><V51/><F103/><W106/><G90/><T87/><D87/><U82/><E82/><V83/><REACH who="2" step="1"/><F51/><REACH who="2" ten="250,250,240,250" step="2"/><W116/><G116/><T127/><D127/><U47/><E101/><V111/><F111/><W88/><G130/><T121/><D65/><U38/><E19/><V110/><F110/><W61/><G129/><T34/><D131/><U9/><E16/><V86/><AGARI ba="0,1" hai="23,27,28,76,81,83,85,86,89,96,100,107,132,133" machi="86" ten="30,12000,2" yaku="1,1,0,1,52,2,53,2" doraHai="128" doraHaiUra="77" who="2" fromWho="2" sc="250,-60,250,-30,240,130,250,-30" /><INIT seed="1,0,0,2,3,25" ten="190,220,370,220" oya="1" hai0="45,38,131,16,68,27,113,2,60,88,130,50,135" hai1="39,58,28,101,108,40,56,84,19,127,116,115,95" hai2="43,97,22,73,36,66,62,93,8,51,87,15,17" hai3="133,67,21,1,7,11,91,111,72,75,83,119,96"/><U20/><E115/><V78/><F73/><W117/><G111/><T47/><D2/><U102/><E116/><N who="3" m="44618" /><G133/><T129/><D113/><U31/><E127/><V55/><F36/><W0/><G0/><T85/><D135/><U94/><E39/><V100/><F43/><W114/><G114/><T41/><D60/><U99/><E40/><V125/><F125/><W80/><G67/><T134/><D68/><U53/><E108/><V3/><F3/><W35/><G35/><T112/><D112/><U79/><E102/><V65/><F62/><W54/><G54/><T37/><D47/><U86/><E79/><V89/><F78/><W98/><G21/><N who="0" m="13735" /><D134/><U64/><E64/><V29/><F8/><W121/><G121/><T46/><D45/><U92/><E92/><AGARI ba="0,0" hai="37,38,41,46,50,85,88,92,129,130,131" m="13735" machi="92" ten="30,3900,0" yaku="19,1,54,2" doraHai="25" who="0" fromWho="1" sc="190,39,220,-39,370,0,220,0" /><INIT seed="2,0,0,2,5,114" ten="229,181,370,220" oya="2" hai0="30,86,53,5,22,7,57,46,66,123,126,28,36" hai1="4,77,67,78,84,11,70,120,68,122,33,47,45" hai2="103,59,49,104,98,80,23,105,8,16,63,93,102" hai3="100,62,76,73,61,109,35,83,127,82,132,1,31"/><V87/><F8/><W113/><G109/><T39/><D123/><N who="1" m="47147" /><E33/><V38/><F38/><W75/><G132/><T71/><D126/><U85/><E67/><V107/><F49/><W91/><G127/><T117/><D22/><U131/><E131/><V56/><F103/><W0/><G100/><T110/><D110/><U112/><E112/><V65/><F59/><W124/><G124/><T116/><D86/><N who="1" m="33387" /><E11/><V135/><F135/><W101/><G101/><T128/><D128/><U55/><E55/><V58/><F58/><W111/><G111/><T14/><D66/><U60/><E60/><V54/><F65/><W20/><G35/><T95/><D95/><U9/><E9/><V74/><F74/><W34/><G34/><T19/><D71/><N who="1" m="27179" /><E4/><V41/><F41/><W6/><G6/><T121/><D121/><U10/><E10/><V50/><F63/><W48/><G62/><T134/><D134/><U115/><E115/><V25/><REACH who="2" step="1"/><F107/><REACH who="2" ten="229,181,360,220" step="2"/><W81/><G61/><T97/><D57/><U79/><AGARI ba="0,1" hai="45,47,77,78,79" m="27179,33387,47147" machi="79" ten="40,5200,0" yaku="28,2,13,1" doraHai="114" who="1" fromWho="1" sc="229,-13,181,62,360,-26,220,-13" /><INIT seed="3,0,0,5,3,96" ten="216,243,334,207" oya="3" hai0="2,4,18,29,37,64,134,113,69,23,41,109,38" hai1="26,55,80,47,25,16,131,74,36,130,120,65,20" hai2="11,17,35,98,108,83,88,31,7,132,5,86,87" hai3="22,103,107,9,12,54,40,57,89,0,121,76,49"/><W128/><G121/><T133/><D29/><U111/><E120/><V73/><F108/><W101/><G107/><T124/><D109/><U117/><E117/><V45/><F132/><N who="0" m="50794" /><D124/><U24/><E111/><V126/><F31/><W51/><G0/><T32/><D32/><U106/><E106/><V8/><F35/><W13/><G76/><T77/><D77/><U58/><E74/><V129/><F73/><W43/><G128/><N who="1" m="49194" /><E65/><V91/><F129/><W75/><G75/><T97/><D41/><N who="3" m="15945" /><G89/><T28/><D28/><U95/><E80/><V15/><F126/><W53/><G22/><T122/><D122/><U56/><E36/><V52/><F11/><W127/><G127/><T105/><D64/><U66/><E95/><N who="2" m="56679" /><F86/><W6/><G13/><T10/><D69/><U116/><E116/><V61/><F61/><W67/><G67/><T110/><D113/><U90/><E90/><V27/><F27/><N who="1" m="10313" /><E66/><V135/><F135/><W85/><G85/><T63/><D63/><U81/><E81/><V79/><F79/><W92/><G92/><T14/><D110/><U19/><E19/><V115/><F115/><W78/><G78/><T1/><D1/><U94/><E94/><V118/><F118/><W82/><G82/><T59/><D37/><U60/><E60/><V93/><F93/><W104/><G104/><T33/><D38/><U3/><E3/><V125/><F125/><W39/><G39/><T42/><D33/><U114/><E114/><V123/><F123/><W100/><G51/><AGARI ba="0,0" hai="16,20,26,47,51,55,56,58" m="10313,49194" machi="51" ten="30,2000,0" yaku="19,1,54,1" doraHai="96" who="1" fromWho="3" sc="216,0,243,20,334,0,207,-20" /><AGARI ba="0,0" hai="5,7,8,15,17,45,51,52,83,87,91" m="56679" machi="51" ten="30,7700,0" yaku="25,1,8,1,54,2" doraHai="96" who="2" fromWho="3" sc="216,0,263,0,334,77,187,-77" /><INIT seed="4,0,0,4,4,48" ten="216,263,411,110" oya="0" hai0="3,132,57,82,45,92,42,31,41,78,106,64,117" hai1="24,108,77,103,122,115,123,61,6,38,20,88,93" hai2="65,26,28,14,22,32,54,47,30,71,1,62,104" hai3="128,67,68,40,72,97,91,50,9,0,19,101,58"/><T107/><D117/><U16/><E108/><V135/><F1/><W60/><G72/><T29/><D3/><U119/><E119/><V55/><F135/><W13/><G128/><T35/><D132/><U7/><E38/><V18/><F28/><W116/><G116/><T102/><D92/><U76/><E103/><V2/><F47/><W109/><G109/><T69/><D57/><U63/><E115/><V125/><F125/><W27/><G0/><T34/><D102/><U113/><E113/><V121/><F121/><W114/><G114/><T133/><D133/><U86/><E122/><V73/><F73/><W51/><G91/><T49/><D64/><U11/><E123/><V134/><F134/><W110/><G110/><T87/><D69/><U21/><E21/><V5/><F104/><W130/><G130/><T84/><D84/><U52/><E63/><V95/><F95/><W59/><G27/><T127/><D42/><U36/><E36/><V43/><F43/><W70/><G40/><T23/><D23/><U111/><E111/><V98/><F98/><W129/><G129/><T90/><D78/><N who="1" m="30315" /><E11/><AGARI ba="0,0" hai="2,5,11,14,18,22,26,30,32,54,55,62,65,71" machi="11" ten="40,8000,1" yaku="24,2,52,2" doraHai="48" who="2" fromWho="1" sc="216,0,263,-80,411,80,110,0" /><INIT seed="5,0,0,2,1,0" ten="216,183,491,110" oya="1" hai0="31,117,57,130,12,55,82,39,129,118,74,92,107" hai1="135,53,37,126,4,127,121,103,36,108,25,71,76" hai2="62,58,32,44,47,9,85,111,38,3,54,91,79" hai3="81,90,30,93,113,131,16,8,128,116,49,77,78"/><U14/><E121/><V120/><F32/><W5/><G30/><T10/><D107/><U7/><E71/><V86/><F111/><W105/><G105/><T27/><D39/><U109/><E135/><V122/><F79/><W94/><G113/><T112/><D92/><U50/><E76/><V64/><F86/><W134/><G134/><T87/><D74/><U42/><E103/><V95/><F47/><W73/><G78/><T119/><D87/><U61/><E61/><V100/><F100/><W20/><G49/><T46/><D82/><U11/><E25/><V45/><F45/><W106/><G106/><T80/><D80/><U125/><E42/><V66/><F66/><W34/><G34/><T15/><D46/><N who="1" m="27863" /><E7/><V99/><F38/><AGARI ba="0,0" hai="4,11,14,36,37,38,108,109,125,126,127" m="27863" machi="38" ten="40,3900,0" yaku="18,1,52,1" doraHai="0" who="1" fromWho="2" sc="216,0,183,39,491,-39,110,0" /><INIT seed="5,1,0,0,1,7" ten="216,222,452,110" oya="1" hai0="35,21,14,25,95,30,4,5,102,29,36,61,59" hai1="128,76,110,44,2,130,121,27,34,22,131,81,28" hai2="71,16,133,66,65,69,83,13,58,8,78,6,134" hai3="91,73,84,48,19,105,15,125,47,64,74,106,103"/><U26/><E121/><V79/><F6/><W33/><G33/><T108/><D108/><U38/><E2/><V31/><F31/><W77/><G64/><T10/><D36/><U96/><E110/><V63/><F79/><W98/><G106/><T42/><D42/><U39/><E96/><V67/><F67/><W70/><G70/><T112/><D112/><U80/><E44/><V120/><F120/><W117/><G77/><T18/><D30/><U23/><E34/><V53/><F65/><W109/><G117/><T56/><D4/><U116/><E116/><V40/><F40/><W101/><G101/><T132/><D132/><N who="2" m="50794" /><F66/><W54/><G109/><T1/><D61/><U115/><E115/><V123/><F123/><W135/><G135/><T118/><D118/><U126/><E126/><V45/><F45/><W129/><G125/><T82/><D82/><N who="1" m="31851" /><E76/><V75/><AGARI ba="1,0" hai="8,13,16,53,58,63,69,71,75,78,83" m="50794" machi="75" ten="30,4000,0" yaku="20,1,52,1,54,1" doraHai="7" who="2" fromWho="2" sc="216,-11,222,-21,452,43,110,-11" /><INIT seed="6,0,0,3,2,98" ten="205,201,495,99" oya="2" hai0="11,124,34,29,106,119,23,20,12,131,126,109,48" hai1="9,36,24,10,45,40,30,38,46,71,135,107,5" hai2="115,129,112,76,125,110,128,77,118,4,3,72,70" hai3="84,8,50,123,116,105,132,104,100,93,49,89,7"/><V108/><F4/><W114/><G116/><T44/><D106/><U117/><E117/><V63/><F3/><W82/><G123/><T13/><D119/><U83/><E135/><V33/><F118/><W58/><G132/><T14/><D109/><N who="2" m="42090" /><F33/><W80/><G114/><N who="2" m="43561" /><F125/><N who="0" m="48234" /><D131/><N who="2" m="50250" /><F72/><W79/><G82/><T21/><D34/><U56/><E5/><V47/><F47/><W96/><G58/><T130/><D130/><U59/><E45/><V127/><F127/><W91/><G105/><T15/><D29/><U87/><E107/><V94/><F63/><W120/><G120/><T6/><D21/><U17/><E46/><V16/><F70/><W92/><G104/><T51/><D51/><U27/><E71/><V102/><F16/><W69/><G69/><T121/><D121/><U90/><E17/><V74/><F74/><W37/><G37/><T111/><D111/><U18/><E18/><V88/><F102/><W53/><G53/><AGARI ba="0,0" hai="6,11,12,13,14,15,20,23,44,48,53" m="48234" machi="53" ten="30,1000,0" yaku="18,1" doraHai="98" who="0" fromWho="3" sc="205,10,201,0,495,0,99,-10" /><INIT seed="7,0,0,2,2,120" ten="215,201,495,89" oya="3" hai0="20,22,5,81,59,12,40,93,116,99,25,19,1" hai1="46,88,76,71,111,66,108,38,67,44,72,61,90" hai2="119,100,80,98,105,122,42,118,130,70,106,53,47" hai3="73,30,7,29,113,37,49,41,79,107,24,11,133"/><W121/><G121/><T9/><D116/><U89/><E38/><V94/><F122/><W28/><G107/><T74/><D40/><U14/><E14/><V117/><F70/><W92/><G113/><T34/><D34/><U125/><E125/><V128/><F53/><W36/><G133/><T23/><D74/><U97/><E97/><V0/><F0/><W48/><G24/><T134/><D134/><U52/><E66/><V51/><F80/><W63/><G63/><T65/><D81/><U6/><E6/><V110/><F110/><W84/><G73/><T129/><D129/><AGARI ba="0,0" hai="42,47,51,94,98,100,105,106,117,118,119,128,129,130" machi="129" ten="50,1600,0" yaku="19,1" doraHai="120" who="2" fromWho="0" sc="215,-16,201,0,495,16,89,0" owari="199,-20.1,201,0.1,511,61.1,89,-41.1" /></mjloggm>