<mjloggm ver="2.3"><GO type="169" lobby="0"/><UN n0="%E3%81%8D%E3%82%83%E3%83%BC%E3%82%8D%E3%82%93" n1="%6D%61%6A%75%6E%69%61" n2="%E3%83%9F%E3%83%8D%E3%83%A9%E3%83%AB" n3="%43%68%75%65%6C" dan="16,16,18,18" rate="2138.74,2139.95,2266.90,2229.10" sx="M,M,M,F"/><TAIKYOKU oya="0"/><INIT seed="0,0,0,5,0,62" ten="250,250,250,250" oya="0" hai0="68,79,31,16,80,38,83,60,97,63,53,104,107" hai1="6,66,93,122,120,133,100,135,32,102,121,46,88" hai2="27,69,98,51,103,19,127,129,36,132,75,130,117" hai3="41,125,70,115,26,123,34,5,119,112,114,81,21"/><T47/><D31/><U17/><E32/><V20/><F36/><W56/><G70/><T84/><D63/><U23/><E6/><V82/><F117/><W116/><G41/><T128/><D128/><N who="2" m="49258" /><F69/><W39/><G39/><T10/><D97/><U3/><E3/><V29/><F51/><W87/><G125/><T0/><D83/><U94/><E46/><V78/><F127/><W52/><G5/><N who="0" m="1319" /><D16/><U73/><E73/><V11/><F132/><W2/><G2/><T13/><D13/><U1/><E1/><V40/><F40/><W48/><G34/><T42/><D53/><U101/><E66/><V37/><F37/><W110/><G116/><T108/><D84/><U64/><E64/><V22/><F11/><W74/><G119/><T54/><D108/><U105/><E105/><N who="2" m="63735" /><F20/><W33/><G21/><T45/><D45/><U57/><E57/><V8/><F8/><W89/><G110/><T99/><D99/><U106/><E106/><V72/><F72/><W14/><G74/><N who="0" m="43127" /><D54/><U109/><E109/><V7/><F7/><W30/><REACH who="3" step="1"/><G14/><REACH who="3" ten="250,250,250,240" step="2"/><T91/><D91/><U59/><E88/><V85/><F75/><W58/><G58/><T18/><D18/><AGARI ba="0,1" hai="18,19,22,27,29,78,82,85" m="63735,49258" machi="18" ten="30,1000,0" yaku="19,1" doraHai="62" who="2" fromWho="0" sc="250,-10,250,0,250,20,240,0" /><INIT seed="1,0,0,0,2,88" ten="240,250,270,240" oya="1" hai0="134,66,133,53,18,95,7,82,39,103,99,116,31" hai1="6,92,128,56,93,40,108,29,32,55,46,34,43" hai2="126,114,90,50,30,45,49,106,23,98,11,118,104" hai3="115,87,37,107,110,24,12,101,71,57,69,10,132"/><U33/><E128/><V22/><F118/><W65/><G115/><T26/><D116/><U130/><E29/><V2/><F126/><W64/><G37/><T123/><D123/><U113/><E113/><V8/><F114/><W48/><G110/><T60/><D39/><U86/><E130/><V20/><F30/><W35/><G132/><T36/><D36/><U112/><E112/><V0/><F90/><W61/><G87/><T15/><D7/><U119/><E119/><V27/><F27/><W63/><G24/><T25/><D53/><U81/><E6/><V97/><F23/><W120/><G35/><T127/><D82/><U38/><E43/><V100/><REACH who="2" step="1"/><F45/><REACH who="2" ten="240,250,260,240" step="2"/><W68/><G120/><T4/><D127/><U129/><E129/><V73/><F73/><W19/><G101/><AGARI ba="0,1" hai="0,2,8,11,20,22,49,50,97,98,100,101,104,106" machi="101" ten="25,3200,0" yaku="1,1,22,2,53,0" doraHai="88" doraHaiUra="1" who="2" fromWho="3" sc="240,0,250,0,260,42,240,-32" /><INIT seed="2,0,0,0,0,56" ten="240,250,302,208" oya="2" hai0="36,108,42,3,68,58,17,38,105,107,9,47,57" hai1="12,129,125,126,13,75,82,128,72,40,10,24,94" hai2="77,106,83,86,133,116,53,88,65,25,27,52,32" hai3="64,69,97,103,1,123,78,87,15,50,91,124,14"/><V121/><F116/><W95/><G123/><T2/><D68/><U16/><E40/><V113/><F113/><W80/><G1/><T35/><D35/><U85/><E94/><V26/><F121/><W51/><G124/><N who="1" m="47722" /><E24/><V122/><F122/><W34/><G34/><T29/><D29/><U70/><E70/><V134/><F106/><W22/><G64/><T46/><D42/><U20/><E85/><V19/><F19/><W59/><G69/><T49/><D17/><N who="1" m="8343" /><E82/><V43/><F43/><W102/><G14/><T120/><D120/><U130/><AGARI ba="0,0" hai="13,16,20,72,75,128,129,130" m="8343,47722" machi="130" ten="40,5200,0" yaku="19,1,18,1,54,1" doraHai="56" who="1" fromWho="1" sc="240,-13,250,52,302,-26,208,-13" /><INIT seed="3,0,0,0,4,66" ten="227,302,276,195" oya="3" hai0="110,96,86,4,116,129,83,119,0,2,52,54,79" hai1="23,64,107,73,45,16,51,97,115,106,61,55,60" hai2="89,77,108,32,37,131,15,27,21,85,22,7,68" hai3="35,67,8,39,126,34,88,109,132,36,103,82,72"/><W91/><G126/><T6/><D110/><U84/><E73/><V62/><F108/><W123/><G109/><T113/><D129/><U3/><E3/><V41/><F77/><W63/><G123/><T14/><D113/><U70/><E115/><V19/><F131/><W102/><G132/><T42/><D42/><U29/><E29/><V18/><F32/><W28/><G8/><T92/><D2/><U130/><E130/><V87/><F7/><W122/><G122/><T17/><D0/><U100/><E61/><V30/><F30/><W127/><G28/><T65/><D65/><U69/><E84/><V135/><F135/><W99/><G127/><T26/><D26/><U114/><E114/><V38/><F87/><W11/><G11/><T58/><D119/><U57/><REACH who="1" step="1"/><E106/><REACH who="1" ten="227,292,276,195" step="2"/><V9/><F85/><W118/><G63/><N who="0" m="36295" /><D116/><U117/><E117/><V128/><F128/><W105/><G118/><T80/><D80/><U50/><E50/><V124/><F124/><W31/><G72/><T47/><D86/><U43/><E43/><V75/><F41/><W71/><G82/><T53/><D83/><U81/><E81/><V24/><F75/><W134/><G134/><T111/><D111/><U25/><AGARI ba="0,1" hai="16,23,25,45,51,55,57,60,64,69,70,97,100,107" machi="25" ten="20,12000,2" yaku="1,1,0,1,7,1,52,2,54,1,53,0" doraHai="66" doraHaiUra="33" who="1" fromWho="1" sc="227,-30,292,130,276,-30,195,-60" /><INIT seed="4,0,0,5,0,66" ten="197,422,246,135" oya="0" hai0="28,42,2,58,62,133,101,74,97,122,0,69,83" hai1="99,63,76,35,73,49,16,4,128,108,111,33,46" hai2="70,14,17,118,134,68,36,20,23,119,81,82,102" hai3="5,115,87,123,117,90,52,135,37,86,43,127,18"/><T125/><D122/><U7/><E73/><V96/><F36/><W113/><G117/><N who="2" m="44553" /><F134/><W12/><G135/><T126/><D133/><U105/><E76/><V84/><F23/><W67/><G5/><T32/><D42/><U80/><E80/><N who="2" m="30827" /><F84/><W112/><G127/><N who="0" m="48651" /><D28/><U13/><E63/><V31/><F31/><W61/><G123/><T22/><D22/><U91/><E128/><V130/><F130/><W54/><G43/><T44/><D44/><U8/><E4/><V64/><F64/><W110/><G37/><T60/><D32/><U59/><E59/><V129/><F129/><W103/><G110/><T10/><D10/><U88/><E7/><V121/><F121/><W92/><G86/><T1/><D58/><U30/><E35/><V39/><F39/><W71/><G103/><T94/><D69/><U75/><E75/><V120/><F120/><W79/><G79/><AGARI ba="0,0" hai="0,1,2,60,62,74,79,83,94,97,101" m="48651" machi="79" ten="40,2000,0" yaku="18,1" doraHai="66" who="0" fromWho="3" sc="197,20,422,0,246,0,135,-20" /><INIT seed="4,1,0,3,3,47" ten="217,422,246,115" oya="0" hai0="117,70,13,3,127,26,67,122,35,46,24,120,58" hai1="66,77,33,4,131,44,7,22,16,125,28,128,96" hai2="97,72,14,132,55,82,10,133,64,30,15,1,62" hai3="126,81,41,34,36,90,61,106,79,59,75,27,51"/><T32/><D70/><U38/><E125/><V0/><F30/><W11/><G126/><T6/><D67/><U111/><E111/><V25/><F25/><N who="0" m="9834" /><D46/><U103/><E33/><N who="0" m="12873" /><D58/><U108/><E28/><V57/><F97/><W104/><G36/><T85/><D85/><U29/><E29/><V78/><F15/><W74/><G34/><T9/><D127/><U48/><E108/><V107/><F107/><W69/><G69/><T42/><D42/><N who="1" m="24599" /><E38/><V100/><F100/><W84/><G74/><T39/><D39/><U40/><E40/><V60/><F60/><W87/><G75/><T56/><D56/><U43/><E43/><V114/><F114/><W76/><G106/><T31/><D31/><U54/><E54/><V71/><F71/><W89/><G41/><T113/><D113/><U88/><E77/><V45/><F45/><W80/><G104/><T110/><D110/><U49/><E103/><V53/><F53/><W118/><G76/><T18/><D117/><U19/><E66/><V105/><F64/><W8/><G79/><T109/><D109/><U91/><E96/><V124/><F105/><W130/><G118/><T37/><D37/><U116/><E116/><V115/><F115/><W83/><G59/><T93/><D93/><U2/><E91/><V135/><F124/><W121/><G89/><T65/><D65/><U123/><E88/><V21/><F78/><W20/><G90/><T92/><D92/><U52/><E52/><V102/><F55/><W63/><G80/><T5/><D3/><U86/><E2/><V129/><F1/><W94/><G81/><RYUUKYOKU ba="1,0" sc="217,30,422,-10,246,-10,115,-10" hai0="5,6,9,13,18,120,122" /><INIT seed="4,2,0,1,0,30" ten="247,412,236,105" oya="0" hai0="19,110,76,4,105,91,125,17,51,27,33,63,66" hai1="25,85,21,75,49,48,20,37,2,55,56,64,77" hai2="79,28,99,26,112,87,10,9,65,74,16,88,101" hai3="92,109,114,108,59,71,84,5,0,116,44,54,67"/><T135/><D105/><U82/><E2/><V83/><F112/><W117/><G0/><T132/><D76/><U122/><E122/><V134/><F134/><N who="0" m="51242" /><D125/><U81/><E37/><V43/><F43/><W50/><G5/><T1/><D110/><N who="3" m="42601" /><G84/><T6/><D51/><U13/><E64/><V23/><F65/><W127/><G92/><T68/><D91/><U31/><E49/><V106/><REACH who="2" step="1"/><F28/><REACH who="2" ten="247,412,226,105" step="2"/><W130/><G114/><T93/><D1/><U69/><E69/><V131/><F131/><W24/><G130/><T111/><D111/><U8/><E75/><V107/><F107/><W89/><G71/><T35/><D93/><AGARI ba="2,1" hai="9,10,16,23,26,74,79,83,87,88,93,99,101,106" machi="93" ten="30,12000,2" yaku="1,1,7,1,24,2,54,2,53,0" doraHai="30" doraHaiUra="113" who="2" fromWho="0" sc="247,-126,412,0,226,136,105,0" /><INIT seed="5,0,0,3,3,108" ten="121,412,362,105" oya="1" hai0="11,67,101,65,128,85,98,41,49,14,79,48,99" hai1="9,0,47,127,105,92,4,133,64,29,119,56,33" hai2="94,107,110,131,62,112,134,118,121,37,124,70,93" hai3="71,109,113,81,97,80,104,43,17,95,34,1,36"/><U66/><E119/><V44/><RYUUKYOKU type="yao9" ba="0,0" sc="121,0,412,0,362,0,105,0" hai2="37,44,62,70,93,94,107,110,112,118,121,124,131,134" /><INIT seed="5,1,0,0,1,80" ten="121,412,362,105" oya="1" hai0="47,44,56,117,37,104,133,14,16,28,120,99,83" hai1="51,89,116,125,93,127,111,128,90,71,21,81,134" hai2="103,108,109,69,11,118,55,36,2,113,63,92,84" hai3="60,94,49,10,59,58,38,50,25,122,34,4,30"/><U41/><E116/><V7/><F118/><W27/><G38/><T0/><D117/><U35/><E35/><V98/><F36/><W96/><G27/><T73/><D0/><U29/><E71/><V102/><F113/><W124/><G58/><T91/><D28/><U18/><E29/><V23/><F103/><W100/><G122/><T3/><D3/><U33/><E33/><V101/><F101/><W46/><G46/><T19/><D104/><U54/><E41/><V53/><F23/><W123/><G124/><N who="1" m="47690" /><E128/><V67/><REACH who="2" step="1"/><F84/><REACH who="2" ten="121,412,352,105" step="2"/><W132/><G123/><T72/><D37/><U8/><E111/><AGARI ba="1,1" hai="2,7,11,53,55,63,67,69,92,98,102,108,109,111" machi="111" ten="40,2600,0" yaku="1,1,2,1,53,0" doraHai="80" doraHaiUra="79" who="2" fromWho="1" sc="121,0,412,-29,352,39,105,0" /><INIT seed="6,0,0,3,0,41" ten="121,383,391,105" oya="2" hai0="35,130,8,7,2,58,40,50,93,14,134,4,98" hai1="85,70,91,108,9,132,22,68,81,95,116,69,80" hai2="110,75,21,105,73,100,101,27,63,119,111,96,89" hai3="62,129,90,74,120,77,17,135,37,23,18,55,43"/><V64/><F119/><W79/><G120/><T5/><D130/><U65/><E108/><N who="2" m="41515" /><F89/><W123/><G123/><T11/><D35/><U49/><E116/><V30/><F101/><W46/><G135/><T53/><D134/><U59/><E132/><V45/><F45/><W26/><G129/><T66/><D66/><U3/><E22/><V112/><F112/><W113/><G113/><T131/><D40/><U38/><E38/><V133/><F133/><W42/><G74/><T71/><D71/><AGARI ba="0,0" hai="21,27,30,63,64,71,73,75,96,100,105" m="41515" machi="71" ten="30,1500,0" yaku="10,1" doraHai="41" who="2" fromWho="0" sc="121,-15,383,0,391,15,105,0" /><INIT seed="6,1,0,4,1,56" ten="106,383,406,105" oya="2" hai0="6,59,25,78,127,20,16,55,95,28,24,42,73" hai1="111,65,110,31,0,57,2,84,71,13,68,69,107" hai2="94,99,97,45,81,133,82,54,83,44,76,125,35" hai3="93,66,114,11,129,29,58,48,130,103,117,39,121"/><V8/><F125/><W77/><G117/><T108/><D108/><U1/><E31/><V53/><F133/><W51/><G39/><T102/><D127/><U89/><E107/><V37/><F35/><W15/><G121/><T70/><D70/><U132/><E132/><V14/><F37/><W124/><G124/><T64/><D42/><U19/><E57/><V30/><F30/><W33/><G77/><T67/><D6/><U126/><E126/><V5/><F76/><W119/><G119/><T80/><D102/><U10/><REACH who="1" step="1"/><E65/><REACH who="1" ten="106,373,406,105" step="2"/><V86/><F45/><W7/><G29/><T101/><D67/><U123/><E123/><V12/><F44/><W113/><G33/><T34/><D64/><U134/><E134/><V100/><F86/><W105/><G105/><T9/><D34/><U106/><E106/><V75/><F75/><W23/><G66/><T61/><D28/><U41/><E41/><V49/><F99/><N who="3" m="59887" /><G58/><T40/><D40/><U79/><E79/><V38/><F38/><W135/><G135/><T46/><D46/><U27/><E27/><V91/><F97/><W63/><G114/><T74/><D25/><U131/><E131/><V118/><F118/><W112/><G113/><T26/><D26/><U116/><E116/><V17/><F54/><W85/><G112/><T87/><D74/><U96/><E96/><V62/><F53/><W90/><G130/><T98/><D73/><U36/><E36/><V128/><F128/><W92/><G129/><T104/><D104/><U4/><E4/><V43/><F5/><W52/><G23/><T115/><D115/><RYUUKYOKU ba="1,1" sc="106,10,373,10,406,-30,105,10" hai0="9,16,20,24,55,59,61,78,80,87,95,98,101" hai1="0,1,2,10,13,19,68,69,71,84,89,110,111" hai3="7,11,15,48,51,52,63,85,90,92" /><INIT seed="7,2,1,1,1,31" ten="116,383,376,115" oya="3" hai0="129,10,40,99,114,49,86,53,30,92,48,108,27" hai1="17,9,109,7,4,38,116,34,100,6,68,112,37" hai2="91,25,52,96,39,82,28,120,81,46,55,122,35" hai3="69,1,83,26,18,115,105,77,87,5,80,21,23"/><W67/><G115/><T45/><D108/><U118/><E109/><V75/><F39/><N who="1" m="14857" /><E68/><V121/><F75/><W94/><G105/><T15/><D129/><U106/><E100/><V65/><F65/><W54/><G1/><T2/><D2/><N who="1" m="151" /><E106/><V74/><F74/><W56/><G5/><T33/><D114/><U110/><E110/><V60/><F60/><W85/><G69/><T0/><D0/><U95/><E34/><V132/><F132/><W125/><G125/><T88/><D86/><U84/><E17/><V72/><F72/><W8/><G67/><T126/><D126/><U13/><E13/><V102/><F91/><W128/><G128/><T119/><D49/><U59/><E59/><V42/><F42/><W93/><G21/><T66/><D66/><U73/><E73/><V16/><F16/><W29/><G8/><T98/><D40/><U3/><E3/><V22/><F22/><W64/><G64/><T14/><D14/><U79/><E95/><N who="2" m="58655" /><F46/><W20/><G23/><T97/><D92/><U24/><E24/><V113/><F113/><W19/><G18/><T123/><D88/><U90/><E112/><V36/><F36/><W71/><G19/><T78/><D15/><U50/><E50/><V135/><F135/><W127/><G71/><T41/><D48/><U44/><E44/><V58/><F58/><W134/><G134/><T76/><D45/><U51/><E51/><V124/><F124/><W133/><G133/><T47/><D47/><U43/><E43/><V32/><F32/><W130/><G127/><T57/><D41/><U61/><E61/><RYUUKYOKU ba="2,1" sc="116,-10,383,-10,376,30,115,-10" hai2="25,28,35,52,55,81,82,120,121,122" owari="106,-29.4,373,17.3,416,51.6,105,-39.5" /></mjloggm>