<mjloggm ver="2.3"><GO type="169" lobby="0"/><UN n0="%E8%82%89%E5%9B%A3%E5%AD%90%E5%85%88%E7%94%9F" n1="%E3%81%95%E3%82%84%E3%81%95%E3%82%84" n2="%E7%99%BE%E9%87%8E%E3%81%95%E3%82%93" n3="%E3%82%AB%E3%82%B6%E3%83%A9%E3%82%AD" dan="16,16,17,17" rate="2056.39,2110.62,2182.19,2134.10" sx="M,M,M,M"/><TAIKYOKU oya="0"/><INIT seed="0,0,0,5,3,14" ten="250,250,250,250" oya="0" hai0="6,86,38,119,131,64,117,32,127,37,41,90,56" hai1="67,83,23,112,135,29,17,123,11,21,113,46,51" hai2="125,9,76,104,96,133,130,107,73,92,16,24,81" hai3="88,124,19,134,31,2,82,45,87,106,27,13,4"/><T77/><D131/><U55/><E123/><V57/><F130/><W85/><G134/><T72/><D32/><U3/><E67/><V93/><F133/><W58/><G124/><T122/><D122/><U69/><E69/><V84/><F125/><W15/><G106/><T48/><D127/><U114/><E135/><V116/><F116/><W65/><G2/><T126/><D126/><U129/><E129/><V49/><F73/><W94/><G4/><T63/><D6/><U110/><E110/><V47/><F57/><W59/><G45/><T79/><D48/><U52/><E83/><V121/><F121/><W33/><G13/><T5/><D5/><N who="1" m="1471" /><E29/><V10/><F104/><W66/><G66/><T50/><D50/><U111/><E111/><V36/><F36/><W39/><G39/><T95/><D38/><U28/><E28/><V89/><F107/><W74/><G74/><T43/><D37/><U35/><E35/><V60/><F60/><W12/><G12/><T20/><D72/><U68/><E68/><V22/><REACH who="2" step="1"/><F93/><REACH who="2" ten="250,250,240,250" step="2"/><W109/><G109/><T7/><D119/><U54/><E23/><V1/><F1/><W71/><G71/><T115/><D20/><U132/><E132/><V18/><F18/><W102/><G65/><T62/><D117/><U70/><E70/><V0/><F0/><W80/><G94/><T118/><D95/><U53/><E21/><V8/><F8/><W40/><G33/><T91/><D64/><U99/><E99/><V75/><F75/><W30/><G30/><T120/><D118/><U103/><E103/><V108/><F108/><RYUUKYOKU ba="0,1" sc="250,-15,250,15,240,15,250,-15" hai1="17,46,51,52,53,54,55,112,113,114" hai2="9,10,16,22,24,47,49,76,81,84,89,92,96" /><INIT seed="1,1,1,1,3,131" ten="235,265,255,235" oya="1" hai0="14,121,107,92,18,38,44,111,30,97,94,89,45" hai1="70,84,116,80,19,9,50,3,74,49,55,13,59" hai2="110,86,35,28,65,60,85,40,78,46,4,101,135" hai3="127,69,67,47,123,96,118,104,81,87,12,128,39"/><U126/><E126/><V37/><F110/><W10/><G123/><T77/><D111/><U98/><E116/><V134/><F101/><W8/><G128/><T52/><D30/><U11/><E70/><V130/><F130/><W16/><G127/><T66/><D66/><U115/><E115/><V82/><F4/><W61/><G118/><T36/><D107/><U5/><E74/><V73/><F35/><W113/><G113/><T22/><D77/><U120/><E98/><V99/><F99/><W7/><G39/><T79/><D79/><U32/><E32/><V63/><F28/><W133/><G47/><T58/><D121/><U95/><E95/><V54/><F54/><W64/><G64/><T0/><D0/><U129/><E129/><V1/><F63/><W71/><G71/><T132/><D36/><U62/><REACH who="1" step="1"/><E120/><REACH who="1" ten="235,255,255,235" step="2"/><V34/><F34/><W122/><G122/><T33/><D33/><U105/><E105/><V6/><F85/><W100/><G87/><T51/><D94/><U27/><E27/><V108/><F86/><W119/><G119/><T26/><D26/><U88/><AGARI ba="1,2" hai="3,5,9,11,13,19,49,50,55,59,62,80,84,88" machi="88" ten="20,12000,1" yaku="1,1,0,1,7,1,54,1,53,1" doraHai="131" doraHaiUra="83" who="1" fromWho="1" sc="235,-41,255,143,255,-41,235,-41" /><INIT seed="1,2,0,4,2,24" ten="194,398,214,194" oya="1" hai0="5,130,31,132,60,52,39,73,91,79,70,95,128" hai1="44,9,40,45,23,4,12,110,47,0,83,51,49" hai2="75,102,124,87,55,114,94,108,13,101,50,41,98" hai3="125,28,115,85,82,88,53,76,18,97,48,100,22"/><U7/><E110/><V72/><F108/><W20/><G125/><T135/><D39/><U117/><E117/><V106/><F124/><W32/><G115/><T37/><D37/><U67/><E67/><V57/><F114/><W93/><G32/><T38/><D38/><U80/><E0/><V21/><F41/><W81/><G18/><T34/><D73/><U74/><E4/><V134/><F134/><N who="0" m="51242" /><D79/><U25/><E74/><V64/><F64/><W78/><G28/><T36/><D36/><U58/><E58/><V92/><F106/><W30/><G30/><T133/><D5/><U69/><E69/><V17/><REACH who="2" step="1"/><F102/><REACH who="2" ten="194,398,204,194" step="2"/><W16/><G100/><T89/><D133/><U19/><E47/><V59/><F59/><W111/><G111/><T116/><D70/><U62/><REACH who="1" step="1"/><E62/><REACH who="1" ten="194,388,204,194" step="2"/><V118/><F118/><W6/><G6/><T65/><D60/><U42/><AGARI ba="2,2" hai="7,9,12,19,23,25,40,42,44,45,49,51,80,83" machi="42" ten="20,18000,2" yaku="1,1,2,1,0,1,7,1,9,1,8,1,53,0" doraHai="24" doraHaiUra="112" who="1" fromWho="1" sc="194,-62,388,206,204,-62,194,-62" /><INIT seed="1,3,0,0,4,11" ten="132,594,142,132" oya="1" hai0="38,20,103,57,36,23,32,125,27,129,118,50,52" hai1="17,59,42,131,91,123,0,104,114,99,45,29,90" hai2="44,77,49,74,22,72,93,18,96,33,21,127,89" hai3="16,8,135,65,111,12,64,75,95,63,48,73,40"/><U56/><E123/><V51/><F33/><W84/><G111/><T9/><D118/><U61/><E131/><V25/><F127/><W66/><G135/><T37/><D125/><U116/><E116/><V98/><F77/><W119/><G119/><T80/><D103/><U67/><E0/><V46/><F98/><W69/><G75/><T122/><D122/><U133/><E133/><V85/><F85/><W110/><G73/><T134/><D134/><U130/><E130/><V15/><F49/><W3/><G3/><T35/><D80/><U71/><E114/><V1/><F1/><W24/><G110/><T107/><D107/><U82/><E29/><V102/><F102/><W83/><G95/><T92/><D92/><U128/><E128/><V68/><F68/><W19/><G48/><T100/><D100/><U109/><E109/><V47/><REACH who="2" step="1"/><F51/><REACH who="2" ten="132,594,132,132" step="2"/><W7/><G69/><T86/><D129/><U28/><E71/><V106/><F106/><W4/><G63/><T81/><D35/><U41/><E99/><V87/><F87/><W34/><G34/><T13/><D32/><U113/><E104/><V88/><F88/><N who="3" m="51231" /><G40/><T43/><D43/><U126/><E41/><V10/><F10/><W55/><G55/><T70/><D70/><U6/><E42/><V120/><F120/><W97/><G97/><T58/><D86/><U53/><E126/><V101/><F101/><W121/><G121/><T5/><D81/><U26/><E53/><V112/><F112/><W124/><G124/><T2/><D52/><U94/><E113/><V76/><F76/><W30/><G8/><RYUUKYOKU ba="3,1" sc="132,-10,594,-10,132,30,132,-10" hai2="15,18,21,22,25,44,46,47,72,74,89,93,96" /><INIT seed="2,4,1,2,3,78" ten="122,584,162,122" oya="2" hai0="65,101,10,102,37,51,56,131,106,73,27,17,8" hai1="58,121,98,48,57,92,94,3,125,23,111,19,64" hai2="42,119,6,81,62,24,43,66,7,123,109,30,25" hai3="63,54,49,36,95,122,60,107,71,46,129,87,80"/><V50/><F119/><W134/><G107/><T45/><D73/><U79/><E121/><V127/><F123/><W15/><G122/><T47/><D131/><U112/><E112/><V9/><F127/><W40/><G129/><T117/><D37/><U28/><E125/><V120/><F120/><W39/><G134/><T29/><D47/><U44/><E111/><V108/><F50/><W18/><G95/><T0/><D0/><U16/><E3/><V72/><F43/><W124/><G124/><T13/><D8/><U35/><E35/><V76/><F42/><W86/><G86/><T85/><D106/><U118/><E118/><V32/><F25/><W2/><G2/><T67/><D85/><U89/><E79/><V133/><F133/><W34/><G34/><T130/><D130/><U103/><E28/><V14/><REACH who="2" step="1"/><F6/><REACH who="2" ten="122,584,152,122" step="2"/><W96/><G39/><T20/><D117/><U97/><E48/><V21/><F21/><W75/><G40/><N who="0" m="24999" /><D67/><U68/><E23/><V116/><F116/><W105/><G36/><T31/><D31/><U12/><E64/><V128/><F128/><W99/><G49/><T22/><D22/><U91/><E19/><V52/><F52/><W115/><G54/><T77/><D77/><U5/><E5/><V74/><F74/><W41/><G75/><T93/><D65/><U135/><E135/><V126/><F126/><W1/><G41/><T4/><D4/><U38/><E38/><V26/><F26/><W69/><G46/><T33/><D20/><U70/><E16/><V59/><AGARI ba="4,2" hai="7,9,14,24,30,32,59,62,66,72,76,81,108,109" machi="59" ten="30,6000,0" yaku="1,1,0,1,52,1,53,0" doraHai="78" doraHaiUra="114" who="2" fromWho="2" sc="122,-24,584,-24,152,92,122,-24" /><INIT seed="2,5,0,4,0,48" ten="98,560,244,98" oya="2" hai0="73,108,110,105,57,67,33,1,78,129,18,42,91" hai1="16,127,12,89,118,60,29,15,68,130,58,76,27" hai2="75,55,92,41,21,79,99,69,80,125,19,65,10" hai3="37,81,61,88,103,71,117,38,96,135,43,44,77"/><V111/><F125/><W109/><G117/><T47/><D1/><U63/><E118/><V13/><F41/><W31/><G109/><T133/><D33/><U39/><E39/><V62/><F111/><W97/><G135/><T86/><D105/><U66/><E130/><V25/><F55/><W6/><G38/><T17/><D129/><U3/><E127/><V9/><REACH who="2" step="1"/><F25/><REACH who="2" ten="98,560,234,98" step="2"/><W115/><G43/><T102/><D42/><U36/><E27/><V20/><F20/><W98/><G115/><T34/><D108/><U131/><E131/><V106/><F106/><W49/><G37/><T35/><D110/><U50/><E36/><V74/><F74/><W116/><G116/><T26/><D73/><U95/><E50/><V107/><F107/><W119/><G49/><T59/><D26/><U90/><E66/><V85/><F85/><W24/><G24/><T124/><D67/><U5/><E60/><V22/><F22/><W83/><G61/><T70/><D124/><U30/><E63/><V101/><AGARI ba="5,1" hai="9,10,13,19,21,62,65,69,75,79,80,92,99,101" machi="101" ten="20,3900,0" yaku="1,1,0,1,7,1,53,0" doraHai="48" doraHaiUra="2" who="2" fromWho="2" sc="98,-18,560,-18,234,64,98,-18" /><INIT seed="2,6,0,3,5,104" ten="80,542,298,80" oya="2" hai0="123,126,99,135,13,43,56,63,5,19,69,129,59" hai1="108,65,25,26,44,15,22,12,79,119,81,55,128" hai2="0,7,62,127,70,57,2,111,115,3,33,46,30" hai3="67,121,76,32,130,109,97,50,72,51,41,131,89"/><V34/><F115/><W117/><G121/><T64/><D123/><U133/><E119/><V107/><F70/><W4/><G117/><T134/><D129/><U66/><E128/><N who="3" m="49194" /><G32/><T18/><D43/><U110/><E133/><N who="0" m="50697" /><D126/><U101/><E101/><V85/><F107/><W11/><G67/><N who="1" m="25610" /><E55/><V78/><F127/><W60/><G60/><T82/><D82/><U49/><E49/><V40/><F111/><N who="1" m="42537" /><E44/><V16/><F62/><W96/><G89/><T14/><D99/><N who="3" m="37961" /><G41/><T37/><D37/><U52/><E52/><V35/><F57/><N who="0" m="22090" /><D5/><U68/><E68/><V118/><F118/><W87/><G87/><T28/><D28/><N who="1" m="17463" /><E26/><V125/><F30/><W38/><G38/><T29/><D29/><U103/><E103/><V98/><F125/><W6/><G6/><T80/><D80/><U84/><AGARI ba="6,0" hai="12,15,79,81,84" m="17463,42537,25610" machi="84" ten="30,1100,0" yaku="14,1" doraHai="104" who="1" fromWho="1" sc="80,-9,542,29,298,-11,80,-9" /><INIT seed="3,0,0,1,2,106" ten="71,571,287,71" oya="3" hai0="89,85,26,49,2,118,96,20,60,76,121,0,128" hai1="72,71,31,135,113,133,116,77,30,64,11,51,36" hai2="10,17,50,6,37,57,41,9,22,42,46,18,67" hai3="100,81,79,14,35,1,58,127,125,5,29,65,73"/><W123/><G123/><T43/><D118/><U131/><E113/><V27/><F37/><W101/><G1/><T7/><D121/><U109/><E116/><V24/><F6/><W91/><G91/><T95/><D7/><U23/><E36/><V45/><F67/><W102/><G29/><T99/><D128/><U56/><E71/><V117/><F117/><W52/><G65/><T94/><D76/><U92/><E109/><V44/><F57/><W112/><G35/><T55/><D60/><U119/><E119/><V34/><F34/><W115/><G14/><T61/><D61/><U107/><E107/><V47/><F42/><W33/><G5/><T122/><D43/><U4/><E131/><V88/><F88/><W134/><G33/><T40/><D40/><U114/><E114/><V104/><F104/><W53/><G134/><T132/><D132/><U12/><E92/><V70/><F70/><W83/><G83/><T62/><D62/><N who="1" m="37959" /><E51/><V129/><F129/><W74/><G74/><T38/><D38/><U25/><E30/><V28/><F28/><W75/><G75/><T93/><D122/><U32/><E32/><V86/><F86/><W16/><G53/><T63/><D0/><U48/><E48/><V80/><F80/><W130/><G130/><T68/><D2/><U59/><E59/><V97/><F97/><N who="0" m="37450" /><D68/><U98/><E98/><V78/><F78/><W110/><G110/><T21/><D49/><U15/><E133/><V8/><F22/><N who="0" m="8810" /><D26/><AGARI ba="0,0" hai="8,9,10,17,18,24,26,27,41,44,45,46,47,50" machi="26" ten="40,1300,0" yaku="8,1" doraHai="106" who="2" fromWho="0" sc="71,-13,571,0,287,13,71,0" /><INIT seed="4,0,0,4,5,43" ten="58,571,300,71" oya="0" hai0="77,132,54,0,60,14,18,88,30,40,50,57,97" hai1="31,72,63,4,70,68,27,28,96,107,45,25,126" hai2="119,35,108,53,98,73,116,112,34,55,110,111,19" hai3="52,44,5,75,90,82,117,79,59,46,128,84,78"/><T114/><D114/><U56/><E72/><V109/><F73/><W118/><G118/><N who="2" m="45097" /><F110/><W124/><G117/><T3/><D132/><U133/><E133/><V85/><F85/><W93/><G79/><T36/><D30/><U15/><E126/><V7/><F7/><W9/><G124/><T105/><D77/><U13/><E96/><V10/><F112/><W65/><G65/><T74/><D74/><U99/><E99/><V131/><F131/><W115/><G128/><T62/><D36/><U83/><E83/><V123/><F123/><W86/><G75/><T61/><D40/><U2/><E56/><V48/><F98/><W95/><G95/><T33/><D33/><N who="2" m="12298" /><F48/><W122/><G122/><T127/><D127/><U91/><E91/><V32/><F32/><W76/><G76/><T71/><D71/><U11/><E63/><V41/><F41/><W22/><G22/><T81/><D105/><U100/><E100/><V24/><F10/><W92/><G92/><T29/><D29/><U17/><E107/><V49/><F49/><N who="3" m="31119" /><G115/><T8/><REACH who="0" step="1"/><D97/><REACH who="0" ten="48,571,300,71" step="2"/><U12/><E70/><V66/><F109/><W89/><G78/><T26/><D26/><U106/><E68/><V104/><F24/><W135/><G135/><T69/><D69/><U113/><E106/><V23/><F104/><W94/><G82/><T42/><D42/><U129/><E113/><V102/><F111/><W103/><G103/><T80/><D80/><U47/><E129/><V38/><F108/><W134/><G134/><T64/><D64/><U121/><E121/><V101/><F66/><W130/><G130/><RYUUKYOKU ba="0,1" sc="48,15,571,-15,300,-15,71,15" hai0="0,3,8,14,18,50,54,57,60,61,62,81,88" hai3="5,9,44,46,84,86,89,90,93,94" /><INIT seed="4,1,1,1,3,128" ten="63,556,285,86" oya="0" hai0="7,132,106,61,95,48,51,67,115,30,109,17,24" hai1="104,66,20,103,82,40,93,3,8,127,102,101,85" hai2="112,117,11,36,59,71,107,2,81,56,0,54,68" hai3="22,64,124,23,12,74,10,79,14,89,29,126,26"/><T88/><D109/><U123/><E127/><N who="3" m="48682" /><G89/><T131/><D115/><U119/><E119/><V130/><F112/><W9/><G79/><T43/><D131/><U122/><E66/><V5/><F107/><W38/><G74/><T78/><D7/><U72/><E20/><N who="3" m="7722" /><G64/><T73/><D17/><U31/><E31/><V27/><F117/><W105/><G105/><T41/><D106/><U42/><E8/><N who="3" m="3178" /><G38/><T28/><D73/><U125/><E3/><V55/><F36/><W94/><G94/><T133/><D78/><U86/><E40/><N who="0" m="15433" /><D24/><U116/><E42/><V57/><F130/><W34/><AGARI ba="1,1" hai="12,14,26,29,34" m="3178,7722,48682" machi="34" ten="30,4000,0" yaku="18,1,34,2" doraHai="128" who="3" fromWho="3" sc="63,-21,556,-11,285,-11,86,53" /><INIT seed="5,0,0,2,1,92" ten="42,545,274,139" oya="1" hai0="76,28,52,63,82,62,36,111,6,87,91,101,117" hai1="43,40,94,126,132,122,121,123,85,26,114,49,134" hai2="12,17,9,69,56,116,131,84,45,96,47,7,11" hai3="78,41,107,75,127,133,124,53,21,23,88,35,64"/><U27/><E49/><V72/><F72/><W98/><G35/><T48/><D111/><U34/><E34/><V70/><F131/><W38/><G64/><T2/><D117/><U73/><E73/><V135/><F135/><N who="1" m="51753" /><E94/><V130/><F130/><W97/><G53/><T86/><D36/><U30/><E85/><V95/><F69/><W109/><G109/><T102/><D28/><U29/><E114/><V65/><F70/><W58/><G58/><T71/><D6/><U115/><E115/><V112/><F112/><W42/><G38/><T59/><D2/><U0/><E0/><V61/><F84/><W46/><G46/><T20/><D20/><U100/><E100/><V25/><F116/><W1/><G1/><T119/><D119/><U54/><E54/><V128/><F128/><W105/><G75/><T31/><D31/><N who="1" m="11787" /><E126/><V10/><F7/><W106/><G106/><T66/><REACH who="0" step="1"/><D63/><REACH who="0" ten="32,545,274,139" step="2"/><U108/><E108/><V120/><F9/><W99/><G133/><T8/><D8/><U51/><E51/><V81/><F10/><W93/><G23/><T16/><D16/><U83/><E83/><AGARI ba="0,1" hai="48,52,59,62,66,71,76,82,83,86,87,91,101,102" machi="83" ten="30,3900,0" yaku="1,1,7,1,54,1,53,0" doraHai="92" doraHaiUra="32" who="0" fromWho="1" sc="32,49,545,-39,274,0,139,0" /><INIT seed="6,0,0,1,3,112" ten="81,506,274,139" oya="2" hai0="120,132,44,97,113,102,119,52,28,82,42,95,129" hai1="47,103,126,111,106,79,80,125,22,15,116,123,127" hai2="83,13,76,62,12,86,25,110,107,94,34,10,104" hai3="11,75,21,61,1,68,91,65,9,78,57,55,115"/><V77/><F77/><W96/><G115/><T4/><D113/><U8/><E47/><V88/><F110/><W39/><G1/><T38/><D120/><U7/><E111/><V41/><F41/><W6/><G6/><T63/><D132/><U19/><E123/><V117/><F117/><W99/><G78/><T35/><D129/><U32/><E103/><V121/><F121/><W46/><G75/><T105/><D4/><U3/><E106/><V101/><F101/><W100/><G21/><T17/><D105/><U26/><E80/><V130/><F130/><W134/><G96/><T73/><D17/><U31/><E79/><V24/><F13/><W81/><G81/><T69/><D73/><U2/><E2/><V98/><F62/><W23/><G23/><T50/><D82/><U131/><E131/><V49/><F49/><N who="3" m="30959" /><G91/><T90/><D90/><U53/><E53/><V27/><REACH who="2" step="1"/><F34/><REACH who="2" ten="81,506,264,139" step="2"/><W92/><G134/><T59/><D35/><U128/><E128/><V48/><F48/><W67/><G67/><N who="0" m="41215" /><D28/><U60/><E60/><V51/><F51/><W74/><G74/><T45/><D45/><U16/><REACH who="1" step="1"/><E19/><AGARI ba="0,1" hai="10,12,19,24,25,27,76,83,86,88,94,98,104,107" machi="19" ten="40,12000,1" yaku="1,1,54,1,53,3" doraHai="112" doraHaiUra="20" who="2" fromWho="1" sc="81,0,506,-120,264,130,139,0" /><INIT seed="6,1,0,4,3,63" ten="81,386,394,139" oya="2" hai0="7,27,46,28,60,93,75,84,107,106,32,129,22" hai1="131,89,115,45,37,80,4,85,128,135,20,61,40" hai2="55,24,94,74,113,91,1,92,98,53,124,9,70" hai3="44,17,38,119,11,19,16,127,118,114,77,23,97"/><V54/><F70/><W26/><G77/><T59/><D129/><N who="1" m="49739" /><E115/><V50/><F74/><W49/><G38/><T57/><D75/><U12/><E61/><V96/><F113/><W6/><G114/><T64/><D32/><U76/><E135/><V104/><F104/><W52/><G127/><T116/><D116/><U68/><E68/><V69/><F69/><W102/><G119/><T90/><D7/><U48/><E37/><V29/><F124/><W33/><G33/><T47/><REACH who="0" step="1"/><D57/><REACH who="0" ten="71,386,394,139" step="2"/><U81/><E4/><V10/><F1/><W83/><G118/><T88/><D88/><U39/><E89/><V109/><F109/><W87/><G6/><T13/><D13/><U72/><E72/><V35/><REACH who="2" step="1"/><F50/><REACH who="2" ten="71,386,384,139" step="2"/><W67/><G49/><T120/><D120/><U110/><E48/><V133/><F133/><W51/><G51/><T86/><D86/><U66/><E110/><V117/><F117/><W2/><G87/><T79/><D79/><U71/><E85/><V15/><F15/><W99/><G2/><T100/><D100/><AGARI ba="1,2" hai="9,10,24,29,35,53,54,55,91,92,94,96,98,100" machi="100" ten="40,2000,0" yaku="1,1,53,0" doraHai="63" doraHaiUra="36" who="2" fromWho="0" sc="71,-23,386,0,384,43,139,0" /><INIT seed="6,2,0,1,1,24" ten="48,386,427,139" oya="2" hai0="29,134,31,122,16,22,11,91,43,127,83,8,39" hai1="81,131,25,50,5,38,130,48,12,28,114,108,95" hai2="60,77,90,105,55,113,78,98,62,35,42,93,128" hai3="71,133,41,54,86,85,119,111,30,18,129,125,47"/><V75/><F42/><W117/><G18/><T0/><D39/><U123/><E38/><V37/><F37/><W65/><G111/><T33/><D122/><U26/><E108/><V40/><F40/><W15/><G15/><T121/><D43/><U44/><E114/><V9/><F113/><W135/><G86/><N who="0" m="50655" /><D121/><U68/><E68/><V116/><F116/><W79/><G79/><T112/><D33/><U63/><E63/><V52/><F35/><W99/><G85/><T70/><D70/><U58/><E123/><V80/><F128/><N who="1" m="49193" /><E95/><V74/><F105/><W27/><G99/><T96/><D112/><U88/><E58/><V72/><F9/><N who="0" m="3658" /><D0/><U100/><E100/><V97/><F97/><W82/><G41/><T66/><D134/><U53/><E48/><V3/><F3/><W7/><G129/><T87/><D66/><U76/><E76/><V102/><F102/><W84/><G65/><T107/><D107/><U45/><E45/><V61/><REACH who="2" step="1"/><F78/><REACH who="2" ten="48,386,417,139" step="2"/><W21/><G119/><T103/><D127/><U132/><E132/><V73/><AGARI ba="2,1" hai="52,55,60,61,62,72,73,74,75,77,80,90,93,98" machi="73" ten="40,12000,1" yaku="1,1,2,1,0,1,54,1,53,0" doraHai="24" doraHaiUra="67" who="2" fromWho="2" sc="48,-42,386,-42,417,136,139,-42" /><INIT seed="6,3,0,3,0,39" ten="6,344,553,97" oya="2" hai0="106,76,124,135,92,32,121,114,118,53,47,108,134" hai1="3,41,52,82,103,11,28,79,66,59,85,22,15" hai2="56,84,72,5,44,9,43,29,127,110,51,54,13" hai3="40,55,83,131,49,128,14,116,42,70,21,17,122"/><V73/><F127/><W19/><G70/><T117/><D53/><U50/><E3/><V81/><F29/><W112/><G116/><N who="0" m="44651" /><D47/><U89/><E103/><V58/><F110/><W123/><G112/><T115/><D32/><U2/><E2/><V35/><F35/><W68/><G83/><T113/><D108/><U45/><E66/><V1/><F1/><W37/><G68/><T61/><D61/><U36/><E22/><V96/><F96/><W88/><G37/><T34/><D34/><U133/><E28/><V80/><F80/><W130/><G19/><T57/><D57/><U26/><E26/><V6/><F6/><W63/><G63/><T74/><D124/><U24/><E24/><V104/><F104/><W111/><G111/><T48/><D48/><U71/><E71/><V129/><F129/><W109/><G109/><T16/><D16/><U98/><E133/><N who="0" m="50697" /><D106/><U10/><E15/><V97/><F58/><W64/><G64/><T132/><N who="0" m="50705" /><T4/><DORA hai="107" /><D4/><U87/><REACH who="1" step="1"/><E98/><REACH who="1" ten="6,334,553,97" step="2"/><V120/><F97/><W12/><G12/><T8/><D8/><U69/><E69/><V27/><F27/><W126/><G126/><T75/><D121/><U95/><AGARI ba="3,1" hai="10,11,36,41,45,50,52,59,79,82,85,87,89,95" machi="95" ten="20,8000,1" yaku="1,1,0,1,7,1,52,1,54,1,53,0" doraHai="39,107" doraHaiUra="102,93" who="1" fromWho="1" sc="6,-23,334,99,553,-43,97,-23" owari="-17,-51.7,433,23.3,510,61.0,74,-32.6" /></mjloggm>