<mjloggm ver="2.3"><GO type="169" lobby="0"/><UN n0="%E3%81%A4%E3%81%B0%E3%83%A1" n1="%E5%9C%A8%E5%8E%9F%E4%B8%83%E6%B5%B7%E5%A4%A7%E5%A5%BD%E3%81%8D" n2="%30%30%73%61%69" n3="%E7%AD%89%E3%80%85%E5%8A%9B%E5%8A%87%E5%A0%B4" dan="16,17,19,16" rate="2092.35,2237.59,2244.33,2149.34" sx="M,M,M,M"/><TAIKYOKU oya="0"/><INIT seed="0,0,0,3,1,48" ten="250,250,250,250" oya="0" hai0="21,80,109,98,37,44,135,126,111,52,113,93,54" hai1="20,102,47,133,34,0,81,46,38,92,32,121,68" hai2="4,43,11,18,7,100,127,110,23,26,75,39,88" hai3="129,105,78,112,70,69,50,79,122,12,86,24,1"/><T96/><D113/><U22/><E81/><V53/><F75/><W41/><G1/><T56/><D135/><U5/><E92/><V29/><F110/><N who="0" m="41994" /><D126/><U8/><E102/><V84/><F127/><W51/><G112/><T132/><D132/><U17/><E68/><V115/><F115/><W73/><G73/><T19/><D80/><U77/><E77/><V89/><F100/><W45/><G105/><T33/><D33/><U74/><E47/><V66/><F66/><W124/><G124/><T76/><D76/><U94/><E46/><V91/><F39/><W62/><G129/><T134/><D134/><U13/><E94/><V99/><F43/><W40/><G122/><T16/><D19/><N who="1" m="10351" /><E74/><V119/><F119/><W72/><G72/><T83/><D83/><U108/><E121/><V128/><F128/><W90/><G79/><T60/><D93/><U55/><E34/><V27/><F84/><W14/><G86/><T9/><D9/><U116/><E32/><V63/><F99/><N who="0" m="37930" /><D37/><U64/><E38/><V125/><F11/><W123/><G78/><T25/><D44/><U10/><E8/><V101/><F101/><W82/><G45/><T28/><D28/><U6/><E10/><V131/><F125/><W59/><G82/><T3/><D3/><U58/><E0/><V65/><F131/><W95/><G95/><T120/><D120/><U107/><E133/><V118/><F89/><W103/><G90/><T71/><D71/><U117/><E108/><V104/><F91/><W85/><G123/><T42/><D42/><U57/><E17/><V67/><F18/><RYUUKYOKU ba="0,0" sc="250,30,250,-10,250,-10,250,-10" hai0="16,21,25,52,54,56,60" /><INIT seed="0,1,0,5,2,54" ten="280,240,240,240" oya="0" hai0="48,37,15,64,32,122,99,79,130,24,123,62,106" hai1="3,26,98,77,73,57,17,83,126,124,53,92,8" hai2="11,119,78,40,128,76,100,9,67,10,36,23,45" hai3="115,59,46,70,131,114,71,107,29,69,129,82,87"/><T63/><D37/><U55/><E55/><V52/><F128/><N who="3" m="49227" /><G107/><T111/><D130/><U89/><E3/><V132/><F132/><W30/><G46/><T90/><D79/><U51/><REACH who="1" step="1"/><E26/><REACH who="1" ten="280,230,240,240" step="2"/><V21/><F52/><W42/><G115/><T75/><D24/><U109/><E109/><V127/><F119/><W86/><G114/><T84/><D111/><U0/><E0/><V133/><F133/><W113/><G113/><T16/><D123/><U74/><E74/><V112/><F112/><W61/><G42/><T81/><D75/><U68/><E68/><V95/><F40/><W94/><G71/><T80/><D122/><U121/><E121/><V116/><F116/><W2/><G2/><T103/><D64/><U4/><E4/><V60/><F67/><W110/><G110/><T28/><D15/><AGARI ba="1,1" hai="8,15,17,51,53,57,73,77,83,89,92,98,124,126" machi="15" ten="40,5200,0" yaku="1,1,52,1,53,1" doraHai="54" doraHaiUra="91" who="1" fromWho="0" sc="280,-55,230,65,240,0,240,0" /><INIT seed="1,0,0,2,1,102" ten="225,295,240,240" oya="1" hai0="119,92,69,134,56,93,29,31,70,71,40,66,53" hai1="12,33,1,16,79,32,57,45,0,49,90,8,20" hai2="74,61,44,34,11,30,23,14,122,131,118,9,117" hai3="46,83,120,60,7,100,38,112,48,99,28,62,133"/><U25/><E79/><V22/><F74/><W88/><G120/><T101/><D119/><U132/><E90/><V135/><F122/><W43/><G112/><T111/><D111/><U68/><E68/><V127/><F131/><W24/><G133/><T106/><D134/><U42/><E132/><V51/><F135/><W128/><G128/><T15/><D40/><U86/><E86/><V10/><F61/><W47/><G7/><T26/><D66/><U50/><E50/><V54/><F127/><W80/><G80/><T58/><D15/><U3/><REACH who="1" step="1"/><E57/><REACH who="1" ten="225,285,240,240" step="2"/><V89/><F89/><W116/><G88/><T77/><D77/><U52/><E52/><V78/><F54/><W113/><G48/><T108/><D53/><U82/><E82/><V5/><F51/><W27/><G83/><T125/><D71/><U39/><E39/><V123/><F78/><W104/><G38/><T37/><D37/><U36/><E36/><V94/><F123/><W6/><G60/><T84/><D58/><U115/><E115/><V91/><F91/><W95/><G62/><T129/><D56/><U65/><E65/><V105/><F117/><W75/><G116/><T17/><D84/><U126/><E126/><V114/><F118/><W85/><G85/><T13/><D69/><U81/><E81/><V121/><F114/><W76/><G76/><T21/><D70/><U130/><E130/><V72/><F121/><W2/><G113/><T4/><D129/><U124/><E124/><V63/><F63/><W41/><G75/><T109/><D125/><U55/><E55/><V97/><F72/><RYUUKYOKU ba="0,1" sc="225,-10,285,30,240,-10,240,-10" hai1="0,1,3,8,12,16,20,25,32,33,42,45,49" /><INIT seed="1,1,1,1,2,95" ten="215,315,230,230" oya="1" hai0="122,47,44,9,85,67,84,77,56,100,87,39,129" hai1="12,2,79,18,66,22,121,80,36,81,0,83,49" hai2="60,135,35,123,120,54,6,97,133,94,73,117,74" hai3="41,112,126,106,92,57,37,19,23,130,4,26,17"/><U116/><E36/><V11/><F35/><W91/><G112/><T5/><D129/><U102/><E121/><V3/><F60/><W51/><G106/><T15/><D122/><N who="2" m="46634" /><F54/><W108/><G108/><T78/><D100/><U70/><E116/><V114/><F117/><W105/><G105/><T63/><REACH who="0" step="1"/><D39/><REACH who="0" ten="205,315,230,230" step="2"/><U61/><E102/><N who="2" m="60727" /><F114/><W65/><G130/><T55/><D55/><U111/><E111/><V50/><F50/><W28/><G51/><T38/><D38/><U134/><E49/><V40/><F40/><W13/><G41/><T107/><D107/><U10/><E66/><V58/><F133/><W124/><G37/><T93/><D93/><U96/><E134/><V52/><F135/><W88/><G92/><T34/><D34/><U27/><E61/><V128/><F52/><W75/><G65/><T32/><D32/><U30/><E96/><V14/><F128/><W119/><G119/><T42/><D42/><U115/><E115/><V110/><F110/><W125/><G125/><T33/><D33/><U20/><E83/><V132/><F132/><W24/><G126/><T90/><D90/><U29/><E81/><V59/><F73/><W31/><G75/><T104/><D104/><U64/><E80/><V76/><F74/><W131/><G124/><T113/><D113/><U43/><E43/><V16/><F76/><AGARI ba="1,2" hai="5,9,15,44,47,56,63,67,76,77,78,84,85,87" machi="76" ten="40,5200,0" yaku="1,1,8,1,53,1" doraHai="95" doraHaiUra="53" who="0" fromWho="2" sc="205,75,315,0,230,-55,230,0" /><INIT seed="2,0,0,2,5,52" ten="280,315,175,230" oya="2" hai0="71,60,44,18,122,73,6,131,55,54,48,24,121" hai1="110,89,0,29,49,76,84,134,22,8,34,27,15" hai2="66,124,63,123,31,1,92,43,58,97,47,90,77" hai3="81,57,118,130,91,88,16,36,100,35,37,103,67"/><V42/><F123/><W2/><G118/><T32/><D73/><U98/><E110/><V19/><F124/><W39/><G2/><T101/><D131/><U106/><E134/><V7/><F31/><W65/><G35/><T62/><D101/><U3/><E76/><V51/><F77/><W28/><G28/><T86/><D6/><U117/><E98/><V133/><F133/><W116/><G116/><T61/><D71/><U119/><E106/><V50/><F19/><W30/><G30/><T127/><D127/><U78/><E78/><V40/><REACH who="2" step="1"/><F47/><REACH who="2" ten="280,315,165,230" step="2"/><W41/><G16/><T108/><D122/><U53/><E119/><V126/><F126/><W74/><G130/><T129/><D129/><U135/><E135/><V33/><F33/><W79/><G79/><T68/><D121/><U109/><E117/><V128/><F128/><W93/><G74/><T107/><D32/><U112/><E34/><V114/><F114/><W94/><G36/><T64/><D18/><U80/><E112/><V56/><F56/><W104/><G57/><T105/><D44/><U87/><E29/><V4/><F4/><W70/><G37/><T120/><D120/><U115/><E115/><V21/><F21/><W82/><G39/><T113/><D113/><U132/><E22/><V20/><F20/><W25/><G70/><T10/><D68/><U102/><E132/><V23/><F23/><W95/><G25/><T72/><D24/><U17/><E27/><V9/><AGARI ba="0,1" hai="1,7,9,40,42,43,50,51,58,63,66,90,92,97" machi="9" ten="30,11700,0" yaku="1,1,0,1,52,1,53,1" doraHai="52" doraHaiUra="59" who="2" fromWho="2" sc="280,-39,315,-39,165,127,230,-39" /><INIT seed="2,1,0,3,3,11" ten="241,276,292,191" oya="2" hai0="21,90,41,52,97,8,6,107,124,133,4,80,105" hai1="67,16,26,121,20,22,14,66,110,48,106,118,69" hai2="47,62,131,46,109,13,53,37,119,135,1,0,75" hai3="3,31,30,104,61,94,116,18,83,43,99,115,91"/><V19/><F119/><W100/><G116/><T49/><D133/><U54/><E110/><V57/><F135/><W65/><G3/><T81/><D124/><U95/><E106/><V50/><F131/><W134/><G134/><T92/><D41/><U29/><E121/><V113/><F113/><W93/><G115/><T86/><D21/><U114/><E114/><V71/><F75/><W63/><G43/><T128/><D81/><U58/><E69/><V112/><F112/><W89/><G83/><T103/><D128/><U70/><E70/><V9/><F109/><W122/><G122/><T36/><D36/><U123/><E123/><V55/><REACH who="2" step="1"/><F71/><REACH who="2" ten="241,276,282,191" step="2"/><W96/><G104/><T132/><D132/><U101/><E118/><V35/><F35/><W39/><G39/><T40/><D40/><AGARI ba="1,1" hai="0,1,9,13,19,37,40,46,47,50,53,55,57,62" machi="40" ten="40,3900,0" yaku="1,1,52,1,53,0" doraHai="11" doraHaiUra="28" who="2" fromWho="0" sc="241,-42,276,0,282,52,191,0" /><INIT seed="2,2,0,5,4,38" ten="199,276,334,191" oya="2" hai0="82,121,73,79,87,66,2,57,129,83,14,133,31" hai1="123,17,5,34,108,113,118,88,134,56,124,111,33" hai2="120,122,84,99,4,19,23,109,112,12,37,61,107" hai3="35,7,42,114,96,30,21,24,76,59,26,130,60"/><V74/><F74/><W126/><G126/><T27/><D121/><U78/><E78/><V15/><F112/><W16/><G130/><T62/><D2/><U9/><E56/><V72/><F72/><W29/><G114/><T102/><D129/><U3/><E113/><V69/><F37/><W127/><G127/><T22/><D133/><U36/><E36/><V40/><F109/><N who="1" m="42057" /><E124/><V50/><F84/><W52/><G7/><T6/><D102/><U86/><E118/><V128/><F128/><W95/><G76/><T20/><D6/><U94/><E134/><V68/><F99/><W70/><G70/><T10/><D10/><U125/><E123/><V58/><F107/><W135/><G135/><T93/><D93/><U65/><E65/><V116/><F116/><W39/><G30/><T131/><D131/><U101/><E17/><V119/><F119/><W63/><G63/><T92/><D92/><N who="1" m="54295" /><E125/><V45/><F122/><W1/><G1/><T0/><D0/><U91/><E101/><V47/><F120/><W110/><G110/><T32/><REACH who="0" step="1"/><D14/><REACH who="0" ten="189,276,334,191" step="2"/><U53/><E9/><V55/><F4/><W97/><REACH who="3" step="1"/><G95/><REACH who="3" ten="189,276,334,181" step="2"/><T80/><D80/><U25/><E5/><V90/><F12/><W115/><G115/><T105/><D105/><U28/><E3/><V104/><F104/><W8/><G8/><T98/><D98/><U41/><E94/><V11/><F11/><W46/><AGARI ba="2,2" hai="16,21,24,26,29,35,39,42,46,52,59,60,96,97" machi="46" ten="30,12000,2" yaku="1,1,0,1,52,1,54,2,53,1" doraHai="38" doraHaiUra="54" who="3" fromWho="3" sc="189,-32,276,-32,334,-62,181,146" /><INIT seed="3,0,0,1,2,113" ten="157,244,272,327" oya="3" hai0="124,114,25,40,2,8,29,103,99,109,15,46,82" hai1="3,12,123,83,88,71,43,96,67,111,106,86,9" hai2="0,7,34,11,74,97,135,24,31,112,126,30,50" hai3="61,63,64,17,52,49,62,21,53,60,32,36,104"/><W16/><G32/><T134/><D114/><U120/><E111/><V38/><F38/><W132/><G36/><T56/><D109/><U39/><E3/><V127/><F74/><W80/><G104/><T1/><D134/><U90/><E67/><V128/><F112/><W5/><G132/><T4/><D56/><U94/><E71/><V69/><F69/><W116/><G116/><T13/><D124/><N who="2" m="47658" /><F50/><W91/><G5/><T54/><D54/><N who="3" m="21097" /><G49/><T130/><D82/><U77/><E106/><V129/><F135/><W6/><G6/><T108/><D1/><U100/><E123/><V66/><F66/><W14/><G17/><T117/><D130/><N who="2" m="50282" /><F97/><W28/><G28/><AGARI ba="0,0" hai="0,7,11,24,28,30,31,34" m="50282,47658" machi="28" ten="30,7700,0" yaku="18,1,19,1,34,2" doraHai="113" who="2" fromWho="3" sc="157,0,244,0,272,77,327,-77" /><INIT seed="4,0,0,5,4,2" ten="157,244,349,250" oya="0" hai0="87,25,114,47,83,78,110,125,42,89,96,30,54" hai1="17,131,67,86,7,133,20,0,101,22,84,68,65" hai2="104,24,40,77,112,70,90,107,134,19,61,111,71" hai3="126,75,32,82,59,9,102,106,6,14,74,58,1"/><T116/><D116/><U80/><E133/><V121/><F111/><W3/><G32/><T124/><D110/><U128/><E101/><V49/><F121/><W38/><G38/><T12/><D114/><U118/><E118/><V50/><F112/><W113/><G113/><T62/><D12/><U41/><E41/><V63/><F77/><W64/><G126/><T81/><D62/><U16/><E0/><V53/><F24/><W69/><G69/><T93/><D54/><U91/><E7/><V119/><F53/><W11/><G1/><T100/><D83/><U97/><E97/><V43/><F90/><W129/><G129/><T26/><D100/><U127/><E68/><V28/><F28/><W31/><G31/><T94/><D94/><U108/><E108/><V72/><F72/><W48/><G82/><T21/><REACH who="0" step="1"/><D25/><REACH who="0" ten="147,244,349,250" step="2"/><U120/><E80/><V27/><F27/><W132/><G102/><T105/><D105/><U23/><E131/><V109/><F109/><W85/><G106/><T29/><D29/><U76/><E128/><V8/><F119/><W13/><G3/><T52/><D52/><U130/><E130/><V33/><F107/><W39/><G14/><T66/><D66/><U98/><E67/><V4/><F63/><W92/><G13/><T55/><D55/><U18/><E65/><V51/><F61/><W56/><G92/><T34/><D34/><U36/><E120/><V115/><F33/><W60/><G64/><T73/><D73/><U10/><E127/><V5/><F115/><W117/><G117/><T46/><D46/><U45/><E45/><RYUUKYOKU ba="0,1" sc="147,30,244,-10,349,-10,250,-10" hai0="21,26,30,42,47,78,81,87,89,93,96,124,125" /><INIT seed="4,1,1,2,0,72" ten="177,234,339,240" oya="0" hai0="10,132,125,84,0,108,96,39,64,46,17,56,35" hai1="19,40,23,9,37,95,131,6,60,104,83,29,4" hai2="13,135,105,43,98,121,47,115,109,25,88,89,58" hai3="63,78,7,79,81,107,61,114,2,49,51,59,128"/><T54/><D35/><U50/><E104/><V75/><F109/><W32/><G107/><T1/><D108/><U127/><E37/><V99/><F121/><W116/><G116/><T97/><D132/><U82/><E131/><V34/><F135/><W27/><G114/><T120/><D120/><U26/><E127/><V124/><F124/><W48/><G128/><T77/><D125/><U71/><E71/><V67/><F75/><W92/><G63/><T122/><D122/><U24/><E95/><V38/><F13/><W55/><G81/><N who="0" m="47151" /><D1/><U57/><E50/><V11/><F11/><W30/><REACH who="3" step="1"/><G92/><REACH who="3" ten="177,234,339,230" step="2"/><T65/><D0/><U12/><E83/><V69/><F105/><W133/><G133/><T102/><D39/><U111/><E82/><V28/><F115/><W86/><G86/><T21/><D10/><AGARI ba="1,2" hai="2,7,10,27,30,32,48,49,51,55,59,61,78,79" machi="10" ten="40,5200,0" yaku="1,1,52,2,53,0" doraHai="72" doraHaiUra="16" who="3" fromWho="0" sc="177,-55,234,0,339,0,230,75" /><INIT seed="5,0,0,0,2,36" ten="122,234,339,305" oya="1" hai0="45,6,105,114,125,97,129,4,90,118,87,131,29" hai1="14,124,41,0,75,57,62,42,82,40,24,74,130" hai2="48,51,47,34,60,19,101,89,83,27,94,95,16" hai3="54,135,69,49,55,68,110,80,107,133,46,134,37"/><U72/><E0/><V50/><F34/><W61/><G107/><T18/><D118/><U65/><E130/><V25/><F60/><W7/><G110/><T64/><D29/><U128/><E128/><V88/><F101/><W120/><G120/><T59/><D114/><U26/><E124/><V85/><F47/><W63/><G7/><T21/><D125/><U22/><E14/><V10/><F83/><W15/><G15/><T20/><D131/><U109/><E109/><V53/><F53/><N who="3" m="19979" /><G37/><T119/><D119/><U13/><E13/><N who="2" m="7223" /><F19/><W76/><G76/><T112/><D112/><U132/><E132/><V91/><F91/><W92/><G92/><T99/><D129/><U33/><E33/><V32/><F32/><W127/><G80/><T17/><D105/><U73/><REACH who="1" step="1"/><E22/><REACH who="1" ten="122,224,339,305" step="2"/><V31/><F31/><W117/><G127/><T58/><D20/><U23/><E23/><V44/><F44/><W52/><G117/><T111/><D45/><U71/><E71/><AGARI ba="0,1" hai="46,49,52,61,63,68,69,71,133,134,135" m="19979" machi="71" ten="40,8000,1" yaku="20,1,34,2,54,1" doraHai="36" who="3" fromWho="1" sc="122,0,224,-80,339,0,305,90" /><INIT seed="6,0,0,5,4,52" ten="122,144,339,395" oya="2" hai0="44,56,34,133,104,69,19,86,31,98,35,0,62" hai1="12,57,128,80,4,90,40,7,23,134,87,45,119" hai2="108,21,130,100,51,63,123,118,135,95,47,1,58" hai3="48,33,89,37,65,54,83,6,110,41,74,78,113"/><V79/><F118/><W30/><G110/><T109/><D0/><U68/><E68/><V39/><F123/><W38/><G113/><T42/><D109/><U64/><E134/><V106/><F108/><W60/><G41/><T99/><D133/><U55/><E64/><V92/><F135/><W96/><G6/><T24/><D69/><U94/><E128/><V121/><F121/><W126/><G126/><T93/><D35/><U81/><E119/><V122/><F1/><W11/><G11/><T76/><D19/><N who="1" m="10727" /><E45/><V97/><F122/><W59/><G30/><T91/><D76/><U131/><E40/><V5/><F39/><W120/><G33/><T75/><D75/><U16/><E16/><V71/><F71/><W111/><G111/><T129/><D104/><U125/><E131/><V22/><F5/><N who="1" m="2121" /><E125/><V15/><F79/><W70/><G120/><T43/><D129/><U2/><E2/><V46/><F46/><W13/><G13/><T115/><D115/><U101/><E101/><V82/><F130/><W67/><G65/><T53/><REACH who="0" step="1"/><D43/><REACH who="0" ten="112,144,339,395" step="2"/><U84/><E84/><V3/><F3/><W28/><G28/><T50/><AGARI ba="0,1" hai="24,31,34,42,44,50,53,56,62,86,91,93,98,99" machi="50" ten="20,8000,1" yaku="1,1,2,1,0,1,7,1,52,1,53,0" doraHai="52" doraHaiUra="116" who="0" fromWho="0" sc="112,90,144,-20,339,-40,395,-20" /><INIT seed="7,0,0,0,5,76" ten="202,124,299,375" oya="3" hai0="95,74,65,44,132,40,20,88,133,11,38,101,13" hai1="69,81,25,70,82,59,111,100,46,105,126,28,26" hai2="123,106,129,30,79,29,0,33,41,128,2,92,58" hai3="8,17,94,23,37,109,113,14,43,51,16,87,68"/><W122/><G122/><T115/><D74/><U135/><E111/><V127/><F41/><W55/><G68/><T67/><D101/><U50/><E135/><N who="0" m="51785" /><D20/><U78/><E126/><V34/><F58/><W52/><G113/><T15/><D115/><U117/><E117/><V134/><F92/><W114/><G37/><T103/><D103/><U35/><E25/><V63/><F63/><W104/><G104/><T118/><D118/><U119/><E119/><V22/><F79/><W124/><G124/><T62/><D62/><U4/><E4/><V6/><F106/><W91/><G109/><T9/><D15/><U47/><E47/><V116/><F134/><W108/><G114/><T89/><D9/><U31/><E31/><V96/><F96/><W83/><G108/><T57/><D57/><U32/><E32/><V90/><F116/><W121/><G121/><T72/><D72/><U97/><E59/><V61/><F61/><W125/><G125/><T19/><D89/><U120/><E120/><V3/><F90/><W1/><G91/><T10/><D10/><U107/><E107/><V64/><F64/><W112/><G8/><T54/><D54/><U7/><E7/><V42/><F127/><W71/><G52/><T73/><D73/><U27/><E27/><V12/><F123/><W75/><G55/><T5/><D5/><U80/><REACH who="1" step="1"/><E78/><REACH who="1" ten="202,114,299,375" step="2"/><V110/><F110/><W53/><G112/><T77/><D77/><U36/><E36/><V39/><F39/><W18/><G75/><T84/><AGARI ba="0,1" hai="11,13,19,38,40,44,65,67,84,88,95" m="51785" machi="84" ten="30,2000,0" yaku="20,1,54,1" doraHai="76" who="0" fromWho="0" sc="202,30,114,-5,299,-5,375,-10" owari="232,-16.8,109,-39.1,294,9.4,365,46.5" /></mjloggm>