<mjloggm ver="2.3"><GO type="169" lobby="0"/><UN n0="%E6%BC%82%E3%81%86" n1="%E3%81%98%E3%82%83%E3%81%99%E3%81%BF%E3%82%93" n2="%76%E3%81%B5%E3%83%BC%E3%81%A1%E3%82%83%E3%82%93%76" n3="%56%45%54%54%45%4C" dan="16,16,17,17" rate="2127.56,2050.91,2179.15,2165.43" sx="M,M,M,M"/><TAIKYOKU oya="0"/><INIT seed="0,0,0,4,3,17" ten="250,250,250,250" oya="0" hai0="58,108,63,10,64,61,115,67,65,5,49,97,86" hai1="113,28,90,36,80,105,0,78,82,106,43,104,85" hai2="25,71,116,9,44,48,3,39,84,19,46,57,120" hai3="18,76,8,96,52,131,135,124,4,20,31,55,134"/><T125/><D115/><U75/><E0/><V101/><F120/><W74/><G124/><T23/><D125/><U6/><E6/><V45/><F71/><W13/><G131/><T7/><D108/><U112/><E28/><V89/><F39/><W110/><G110/><T102/><D86/><N who="1" m="50503" /><E36/><V42/><F101/><W126/><G126/><T27/><D49/><U34/><E34/><V2/><F116/><W15/><G31/><T11/><D7/><U26/><E26/><V91/><F91/><W129/><G129/><T118/><D118/><U93/><E43/><V60/><F2/><W92/><G76/><T69/><D65/><U1/><E1/><V32/><F3/><W12/><G12/><T38/><D38/><U87/><E75/><V109/><F32/><W95/><G74/><T62/><D5/><U123/><E123/><V21/><F9/><W70/><G70/><T114/><D63/><U111/><E111/><V41/><F41/><W59/><G55/><T22/><D114/><N who="1" m="44139" /><E87/><V81/><REACH who="2" step="1"/><F109/><REACH who="2" ten="250,250,240,250" step="2"/><W127/><G127/><T121/><D121/><U103/><E93/><V56/><F56/><W119/><G119/><T98/><D69/><U68/><E68/><V88/><F88/><W33/><G33/><T94/><D58/><U73/><E73/><V117/><F117/><W37/><G37/><T132/><D94/><U128/><E128/><V29/><F29/><W16/><G95/><T53/><D10/><U130/><E130/><V35/><F35/><W133/><G92/><T122/><D11/><U54/><E103/><V99/><F99/><W77/><G96/><RYUUKYOKU ba="0,1" sc="250,-15,250,15,240,15,250,-15" hai1="54,78,82,85,104,105,106" hai2="19,21,25,42,44,45,46,48,57,60,81,84,89" /><INIT seed="1,1,1,2,1,11" ten="235,265,255,235" oya="1" hai0="26,50,68,33,43,98,79,19,108,78,118,89,39" hai1="45,76,93,133,4,49,106,95,86,101,27,5,88" hai2="128,113,58,34,62,37,13,14,135,53,104,83,41" hai3="91,107,132,60,23,16,129,22,17,64,65,70,29"/><U59/><E133/><V94/><F104/><W121/><G121/><T61/><D118/><U105/><E76/><N who="0" m="29225" /><D39/><U74/><E74/><V24/><F135/><W66/><G132/><T73/><D68/><U100/><E59/><V21/><F34/><W82/><G107/><T102/><D33/><U47/><E27/><V117/><F117/><W18/><G129/><T90/><D108/><U30/><E30/><V25/><F113/><W71/><G29/><T40/><D61/><U110/><E110/><V75/><F128/><W99/><G82/><T87/><D102/><U81/><E105/><V9/><F83/><W112/><G112/><T2/><D2/><U42/><E47/><V77/><F77/><W123/><G123/><T126/><D126/><U55/><E42/><V0/><F41/><W92/><REACH who="3" step="1"/><G60/><REACH who="3" ten="235,265,255,225" step="2"/><T85/><D73/><U10/><E106/><V115/><F75/><W1/><G1/><T28/><D28/><U52/><E81/><V97/><F0/><W32/><G32/><T35/><D35/><U134/><E134/><V51/><F115/><W46/><G46/><T124/><D124/><U38/><E95/><V8/><F62/><W80/><G80/><T103/><D50/><U72/><E72/><V84/><F51/><W15/><G15/><T96/><D26/><U3/><E38/><V48/><F24/><W56/><G56/><T67/><D90/><U54/><E45/><V116/><F37/><W20/><AGARI ba="1,2" hai="16,17,18,20,22,23,64,65,66,70,71,91,92,99" machi="20" ten="40,8000,1" yaku="1,1,0,1,29,2,54,1,53,0" doraHai="11" doraHaiUra="69" who="3" fromWho="3" sc="235,-21,265,-41,255,-21,225,103" /><INIT seed="2,0,0,3,2,108" ten="214,224,234,328" oya="2" hai0="28,37,66,134,74,111,88,1,39,5,117,17,124" hai1="16,60,102,85,50,13,57,8,98,101,51,69,27" hai2="25,7,64,32,99,67,31,21,130,9,115,92,11" hai3="52,81,33,75,125,15,122,2,29,71,47,59,38"/><V131/><F32/><W62/><G122/><T70/><D111/><U36/><E36/><V79/><F79/><W63/><G2/><T114/><D74/><U97/><E69/><V58/><F115/><W19/><G125/><T121/><D39/><U113/><E85/><V89/><F11/><W104/><G104/><T91/><D37/><U73/><E73/><V109/><F109/><W126/><G126/><T127/><D121/><U78/><E78/><V44/><F44/><W0/><G0/><T112/><D134/><U12/><E27/><V61/><REACH who="2" step="1"/><F67/><REACH who="2" ten="214,224,224,328" step="2"/><W128/><G33/><T55/><D124/><U100/><E113/><V42/><F42/><W103/><G47/><T105/><D127/><U24/><E8/><V123/><F123/><W26/><G75/><T35/><D35/><U96/><E12/><AGARI ba="0,1" hai="7,9,12,21,25,31,58,61,64,89,92,99,130,131" machi="12" ten="40,3900,0" yaku="1,1,53,1" doraHai="108" doraHaiUra="90" who="2" fromWho="1" sc="214,0,224,-39,224,49,328,0" /><INIT seed="2,1,0,1,2,54" ten="214,185,273,328" oya="2" hai0="51,112,24,6,124,99,102,42,44,12,108,87,129" hai1="119,70,100,109,123,7,53,101,132,103,60,47,117" hai2="122,19,133,110,2,81,46,16,73,50,115,84,55" hai3="75,88,68,91,95,128,18,105,52,23,0,49,83"/><V72/><F115/><W69/><G105/><T79/><D108/><U126/><E109/><V36/><F122/><W13/><G128/><T45/><D112/><U8/><E126/><V66/><F110/><W31/><G0/><T104/><D129/><U134/><E123/><V107/><F107/><W130/><G130/><T80/><D124/><U26/><E26/><V58/><F2/><W25/><G83/><T29/><D45/><U14/><E70/><V20/><F133/><W93/><G75/><T127/><D127/><U57/><REACH who="1" step="1"/><E47/><REACH who="1" ten="214,175,273,328" step="2"/><V98/><F46/><N who="3" m="27703" /><G68/><T97/><D24/><U63/><E63/><N who="2" m="38263" /><F73/><W43/><G69/><T131/><D131/><U67/><E67/><V59/><F72/><W32/><G32/><T64/><D64/><U9/><E9/><V125/><F125/><W27/><G31/><T106/><D29/><U10/><E10/><V22/><F36/><W38/><G38/><T114/><D114/><U21/><E21/><N who="2" m="8299" /><F98/><N who="3" m="57639" /><G43/><T30/><D30/><U4/><E4/><V62/><F50/><W17/><G17/><T76/><D6/><U116/><AGARI ba="1,1" hai="7,8,14,53,57,60,100,101,103,116,117,119,132,134" machi="116" ten="40,5200,0" yaku="1,1,0,1,52,1,53,0" doraHai="54" doraHaiUra="78" who="1" fromWho="1" sc="214,-14,175,65,273,-27,328,-14" /><INIT seed="3,0,0,4,1,96" ten="200,240,246,314" oya="3" hai0="82,3,75,47,74,58,2,87,41,78,55,68,0" hai1="121,17,64,79,76,129,86,42,45,30,22,112,113" hai2="15,125,81,40,27,48,18,131,9,24,95,130,105" hai3="116,28,19,1,66,51,59,122,120,53,39,123,99"/><W71/><G116/><T37/><REACH who="0" step="1"/><D68/><REACH who="0" ten="190,240,246,314" step="2"/><U115/><E112/><V23/><F131/><W35/><G71/><T36/><D36/><U63/><E129/><V33/><F130/><W102/><G120/><T111/><D111/><U80/><E113/><V84/><F125/><W97/><G39/><T126/><D126/><U4/><E115/><V103/><F33/><W50/><G122/><T133/><D133/><U132/><E132/><V91/><F105/><W90/><G123/><T7/><D7/><U62/><E121/><V100/><F95/><W43/><G35/><T34/><D34/><U110/><E4/><N who="2" m="3495" /><F27/><W32/><G32/><T93/><D93/><U118/><E110/><V16/><F18/><W98/><G19/><T38/><D38/><U5/><E5/><V25/><F25/><W83/><G28/><T44/><D44/><AGARI ba="0,1" hai="16,23,24,40,44,48,81,84,91,100,103" m="3495" machi="44" ten="30,7700,0" yaku="8,1,52,2,54,1" doraHai="96" who="2" fromWho="0" sc="190,-77,240,0,246,87,314,0" /><INIT seed="4,0,0,2,0,127" ten="113,240,333,314" oya="0" hai0="20,66,69,93,29,8,1,21,28,130,115,131,18" hai1="135,91,58,105,85,70,81,120,33,123,103,30,57" hai2="88,50,52,31,2,39,112,17,117,9,122,79,134" hai3="5,132,101,124,59,118,84,4,86,43,77,7,67"/><T14/><D93/><U95/><E70/><V0/><F122/><W126/><G118/><T99/><D99/><U53/><E57/><V41/><F39/><W23/><G132/><T54/><D54/><U10/><E135/><V94/><F79/><W56/><G43/><T82/><D82/><U113/><E105/><V51/><F117/><W90/><G101/><T48/><D48/><U128/><E113/><V60/><F112/><W6/><G67/><T106/><D106/><U116/><E116/><V100/><F31/><N who="0" m="11850" /><D115/><U64/><E64/><V110/><F0/><W104/><G104/><T125/><D125/><N who="3" m="48233" /><G77/><T11/><D66/><U75/><E75/><V107/><F2/><W45/><G45/><T68/><D68/><U71/><E103/><V63/><F100/><W72/><G72/><T27/><D69/><U76/><E71/><V44/><F110/><W87/><N who="3" m="1024" /><DORA hai="73" /><W26/><G90/><T111/><D1/><U96/><E120/><V133/><F107/><W37/><G37/><T98/><D98/><U89/><E91/><V25/><F134/><W61/><G61/><T40/><D40/><U92/><E123/><V22/><F133/><W12/><G12/><T102/><D102/><U62/><E96/><N who="2" m="57415" /><F63/><W55/><G55/><T114/><D114/><U32/><E89/><V35/><F60/><W47/><G47/><T24/><D111/><U42/><E42/><V80/><F50/><W74/><G74/><T49/><D49/><U15/><E92/><V129/><F41/><W16/><AGARI ba="0,0" hai="16,23,26,56,59,84,86,87" m="1024,48233" machi="16" ten="50,3200,0" yaku="18,1,54,1" doraHai="127,73" who="3" fromWho="3" sc="113,-16,240,-8,333,-8,314,32" /><INIT seed="5,0,0,5,1,9" ten="97,232,325,346" oya="1" hai0="114,25,61,91,13,52,47,62,68,133,4,78,125" hai1="49,95,99,10,71,16,29,51,86,17,113,42,111" hai2="98,94,65,109,106,43,27,124,15,48,81,30,24" hai3="105,22,54,56,134,34,75,20,31,36,6,46,76"/><U45/><E113/><V128/><F106/><W40/><G105/><T7/><D114/><U60/><E111/><V82/><F109/><W92/><G134/><T110/><D110/><U33/><E49/><V19/><F65/><W73/><G34/><T66/><D133/><U53/><E86/><V93/><F93/><W131/><G131/><T129/><D129/><U90/><E10/><N who="2" m="6647" /><F124/><W83/><G75/><T0/><D0/><U100/><E100/><N who="2" m="60503" /><F30/><W28/><G31/><T35/><D125/><U102/><E102/><V88/><F128/><W63/><G28/><T3/><D3/><U18/><E71/><V130/><F130/><W32/><G32/><T41/><D35/><U26/><REACH who="1" step="1"/><E60/><REACH who="1" ten="97,222,325,346" step="2"/><V118/><F118/><W2/><G63/><T69/><D69/><U64/><E64/><V132/><F132/><W101/><G101/><T121/><D68/><U80/><E80/><V97/><F81/><W96/><G83/><T70/><D70/><U59/><E59/><V122/><F97/><W8/><G96/><T5/><D66/><U77/><E77/><V135/><F135/><W120/><G76/><T126/><D78/><U39/><E39/><V107/><F48/><W14/><G36/><T57/><D126/><U44/><E44/><V50/><F50/><W108/><G46/><T127/><D127/><U84/><E84/><V87/><F87/><W79/><G108/><T72/><D62/><U12/><E12/><V103/><F103/><W117/><G14/><T37/><D13/><U123/><E123/><V67/><F122/><W74/><G120/><T89/><D121/><RYUUKYOKU ba="0,1" sc="97,-10,222,30,325,-10,346,-10" hai1="16,17,18,26,29,33,42,45,51,53,90,95,99" /><INIT seed="5,1,1,2,5,70" ten="87,252,315,336" oya="1" hai0="130,28,24,38,117,18,127,104,37,135,12,84,71" hai1="116,109,49,44,103,13,42,64,73,0,115,52,11" hai2="43,20,48,36,23,30,6,96,68,74,33,47,132" hai3="41,118,22,97,120,100,121,93,17,21,67,91,106"/><U54/><E116/><V27/><F74/><W26/><G118/><T56/><D117/><U75/><E0/><V9/><F132/><W63/><G41/><T123/><D71/><U5/><E115/><V125/><F125/><W55/><G55/><T15/><D104/><U60/><E109/><V1/><F68/><W66/><G66/><T86/><D135/><U79/><E103/><V81/><F81/><W92/><G106/><T134/><D134/><U8/><E8/><V72/><F72/><W4/><G4/><T25/><D127/><U126/><E126/><V19/><F96/><W99/><REACH who="3" step="1"/><G22/><REACH who="3" ten="87,252,315,326" step="2"/><T90/><D123/><U58/><E54/><V50/><REACH who="2" step="1"/><F20/><REACH who="2" ten="87,252,305,326" step="2"/><W10/><G10/><T14/><D130/><U61/><E79/><V98/><F98/><W102/><G102/><T131/><D131/><U111/><E111/><V46/><F46/><W128/><G128/><T45/><D45/><U94/><E94/><V107/><F107/><W59/><AGARI ba="1,3" hai="17,21,26,59,63,67,91,92,93,97,99,100,120,121" machi="59" ten="20,2700,0" yaku="1,1,0,1,7,1,53,0" doraHai="70" doraHaiUra="108" who="3" fromWho="3" sc="87,-8,252,-14,305,-8,326,60" /><INIT seed="6,0,0,0,0,30" ten="79,238,297,386" oya="2" hai0="5,130,76,116,118,37,107,45,134,80,60,109,56" hai1="62,121,17,53,132,38,124,92,20,123,6,120,55" hai2="77,57,61,8,114,81,31,0,73,88,117,85,18" hai3="103,68,115,72,29,131,135,91,4,95,94,65,2"/><V41/><F114/><W26/><G72/><T16/><D107/><U108/><E108/><V104/><F117/><W82/><G115/><T44/><D109/><U125/><E38/><V48/><F104/><W113/><G113/><T93/><D37/><U84/><E6/><V64/><F31/><W3/><G131/><T102/><D130/><U96/><E84/><V42/><F48/><W87/><G135/><T119/><D134/><U83/><E83/><V110/><F110/><W101/><G65/><T49/><D5/><U63/><E132/><V25/><F0/><W36/><G68/><T59/><D59/><U86/><E86/><V100/><F100/><W54/><G36/><T71/><D71/><U112/><E112/><V99/><F99/><W90/><G2/><T129/><D129/><U122/><N who="1" m="30720" /><DORA hai="15" /><U19/><E62/><V89/><F8/><W23/><G3/><T126/><D126/><N who="1" m="48747" /><E63/><V111/><F111/><W74/><G87/><T39/><D80/><U97/><E97/><V50/><F73/><W10/><G74/><T28/><D76/><U67/><E67/><V9/><F50/><W13/><G82/><T78/><D78/><U79/><E79/><V43/><F9/><W106/><G10/><T34/><D39/><U7/><E7/><V52/><F64/><W58/><G4/><T98/><D49/><U105/><E105/><V128/><F128/><W14/><G106/><T40/><D116/><U33/><E33/><V24/><F77/><W127/><G127/><T11/><D118/><U35/><E35/><V12/><F81/><W1/><G1/><RYUUKYOKU ba="0,0" sc="79,0,238,0,297,0,386,0" /><INIT seed="7,1,0,4,3,57" ten="79,238,297,386" oya="3" hai0="51,108,110,61,0,64,50,91,130,9,58,100,96" hai1="29,16,15,114,119,122,18,23,1,71,7,40,35" hai2="109,133,17,86,20,89,95,69,37,21,115,70,87" hai3="39,3,12,78,132,11,42,76,73,10,94,117,93"/><W63/><G117/><T77/><D0/><U75/><E71/><V134/><F109/><W98/><G132/><N who="2" m="50793" /><F115/><W44/><G73/><T26/><D130/><U59/><E75/><V36/><F20/><W127/><G127/><T121/><D121/><U105/><E105/><V38/><F87/><W25/><G3/><T4/><D108/><U112/><E119/><V46/><F46/><W83/><G83/><T32/><D110/><U72/><E72/><V97/><F86/><W22/><G11/><T53/><D77/><U8/><E122/><V68/><F68/><W65/><G22/><T113/><D113/><N who="1" m="43627" /><E59/><V67/><F67/><W82/><G65/><T104/><D91/><U92/><E40/><V47/><F47/><W62/><G44/><T74/><D74/><U79/><E79/><V56/><F56/><W103/><G78/><T107/><D107/><U106/><E106/><V129/><F129/><W27/><G76/><T2/><D53/><U81/><E81/><V111/><F111/><W116/><G82/><T124/><D124/><U24/><E92/><V90/><F90/><W88/><G116/><T19/><D19/><AGARI ba="1,0" hai="1,7,8,15,16,18,19,23,24,29,35" m="43627" machi="19" ten="30,8000,1" yaku="24,1,15,1,34,2,54,1" doraHai="57" who="1" fromWho="0" sc="79,-83,238,83,297,0,386,0" owari="-4,-50.4,321,12.1,297,-10.3,386,48.6" /></mjloggm>