<mjloggm ver="2.3"><GO type="169" lobby="0"/><UN n0="%E3%81%A4%E3%81%B0%E3%83%A1" n1="%6B%73%77%72%74" n2="%74%6F%72%69%30%36%31%32" n3="%E3%81%8F%E3%82%8B%E3%82%8B" dan="16,16,16,17" rate="2087.85,2151.70,2166.69,2221.45" sx="M,M,M,F"/><TAIKYOKU oya="0"/><INIT seed="0,0,0,0,1,90" ten="250,250,250,250" oya="0" hai0="121,101,68,94,6,126,135,23,27,123,119,114,41" hai1="79,76,117,47,40,0,52,78,80,18,133,51,112" hai2="69,74,93,86,19,108,82,122,95,72,39,53,35" hai3="17,118,70,50,92,59,57,37,14,84,124,11,3"/><T61/><D114/><U56/><E117/><V48/><F39/><W43/><G118/><T5/><D119/><U1/><E133/><V134/><F122/><W111/><G111/><T128/><D135/><U4/><E112/><V42/><F42/><W20/><G70/><T63/><D128/><U130/><E130/><V21/><F35/><W36/><G124/><T65/><D126/><U85/><E18/><V7/><F69/><W127/><G127/><T55/><D41/><U100/><E100/><V104/><F104/><W96/><G84/><T129/><D129/><U75/><E75/><V33/><F33/><W22/><G37/><T10/><D55/><U8/><REACH who="1" step="1"/><E0/><REACH who="1" ten="250,240,250,250" step="2"/><V44/><F134/><W32/><G3/><T120/><D120/><U66/><E66/><V98/><F74/><W45/><G36/><AGARI ba="0,1" hai="1,4,8,36,40,47,51,52,56,76,78,79,80,85" machi="36" ten="30,3900,0" yaku="1,1,7,1,54,1,53,0" doraHai="90" doraHaiUra="16" who="1" fromWho="3" sc="250,0,240,49,250,0,250,-39" /><INIT seed="1,0,0,5,2,75" ten="250,289,250,211" oya="1" hai0="25,79,60,11,45,125,102,129,20,118,47,7,132" hai1="76,29,62,126,124,133,22,119,74,48,55,128,36" hai2="46,114,61,51,31,17,33,101,44,134,110,113,30" hai3="8,32,28,49,66,52,96,59,87,41,105,97,72"/><U122/><E119/><V92/><F110/><W34/><G72/><T99/><D125/><N who="1" m="48235" /><E122/><V121/><F121/><W9/><G66/><T90/><D132/><U68/><E36/><V6/><F6/><W18/><G41/><T10/><D129/><U77/><E133/><V19/><F61/><W40/><G40/><T0/><D118/><U14/><E74/><V89/><F101/><W2/><G87/><T39/><D90/><U120/><E120/><V64/><F64/><W117/><G117/><T80/><D11/><U63/><E128/><V56/><F56/><W81/><G28/><N who="2" m="10793" /><F33/><W82/><G2/><T65/><D39/><U15/><E15/><V93/><F51/><W115/><G115/><N who="2" m="44041" /><F93/><W12/><G34/><T21/><D21/><U67/><E63/><V88/><F89/><W42/><G32/><T94/><D20/><U71/><E71/><V85/><F134/><W104/><G105/><T108/><D25/><N who="1" m="16567" /><E14/><V3/><F3/><W123/><G123/><T91/><D108/><U37/><E37/><V112/><F112/><W127/><G127/><T23/><D23/><U95/><E95/><V58/><F17/><W54/><G104/><T13/><D0/><U69/><E68/><V107/><F107/><W43/><G12/><T135/><D135/><U86/><E86/><V131/><F19/><W5/><G18/><T50/><D102/><U16/><E16/><V111/><F131/><W4/><G49/><T109/><D109/><U70/><E69/><V53/><F111/><W116/><G116/><T106/><D50/><U57/><AGARI ba="0,0" hai="48,55,57,62,67,70,76,77" m="16567,48235" machi="57" ten="30,6000,0" yaku="18,1,52,2" doraHai="75" who="1" fromWho="1" sc="250,-20,289,60,250,-20,211,-20" /><INIT seed="1,1,0,0,1,30" ten="230,349,230,191" oya="1" hai0="82,133,110,8,120,55,24,83,52,130,12,80,113" hai1="34,99,2,48,108,45,37,65,123,103,107,20,93" hai2="78,19,16,101,100,38,132,134,63,109,106,129,7" hai3="111,115,44,33,51,66,118,67,64,92,46,28,29"/><U39/><E123/><V14/><F38/><W112/><G118/><T56/><D113/><U6/><E108/><V117/><F117/><W50/><G92/><T59/><D110/><U125/><E125/><V96/><F101/><W43/><G111/><T57/><D133/><N who="2" m="51306" /><F129/><W1/><G1/><T31/><D130/><U126/><E126/><V40/><F40/><W84/><G84/><T97/><D97/><U89/><E65/><V53/><F78/><W23/><G23/><T81/><N who="0" m="20480" /><DORA hai="79" /><T90/><D90/><U114/><E20/><V18/><F109/><W62/><G62/><T104/><D104/><U68/><E6/><V41/><F41/><W58/><G58/><T116/><D116/><U32/><E2/><V124/><F124/><W35/><G66/><T95/><D95/><U69/><E114/><V102/><F102/><W22/><G22/><N who="0" m="15767" /><D120/><U119/><E119/><V121/><F121/><W85/><G85/><T128/><D128/><U11/><E93/><V91/><F91/><W21/><G21/><T74/><D74/><U3/><E89/><V75/><F75/><W105/><REACH who="3" step="1"/><G43/><REACH who="3" ten="230,349,230,181" step="2"/><T4/><AGARI ba="1,1" hai="4,8,12,52,55,56,57,59" m="15767,20480" machi="4" ten="50,12000,2" yaku="8,1,52,4,54,1" doraHai="30,79" who="0" fromWho="0" sc="230,133,349,-61,230,-31,181,-31" /><INIT seed="2,0,0,5,1,14" ten="363,288,199,150" oya="2" hai0="89,79,50,131,71,27,5,9,129,112,103,25,109" hai1="115,35,46,21,84,0,135,81,30,98,70,64,130" hai2="33,65,124,101,51,77,34,44,52,68,134,54,48" hai3="37,73,6,83,92,56,69,36,94,63,100,15,40"/><V99/><F124/><W4/><G69/><T53/><D71/><U87/><E115/><V120/><F120/><W23/><G73/><T31/><D112/><U96/><E35/><V119/><F119/><W3/><G3/><T58/><D109/><U8/><E130/><N who="0" m="49673" /><D79/><U29/><E64/><V76/><F134/><W10/><G83/><T12/><D103/><U16/><E70/><V93/><F33/><W18/><G4/><T19/><D31/><N who="1" m="11787" /><E0/><V20/><F20/><W86/><G100/><T43/><D43/><U22/><E135/><V114/><F34/><W75/><G75/><T67/><D67/><U113/><E87/><V111/><F111/><W13/><G40/><T11/><D89/><N who="1" m="51343" /><E113/><V66/><F114/><W125/><G125/><T110/><D110/><U39/><E39/><V41/><F41/><W88/><REACH who="3" step="1"/><G92/><REACH who="3" ten="363,288,199,140" step="2"/><T90/><D90/><U59/><E98/><V122/><F68/><W97/><G97/><T126/><D126/><U38/><E96/><V72/><F122/><W74/><G74/><T105/><D105/><U42/><E42/><V78/><F72/><W118/><G118/><T82/><D82/><U7/><E7/><V62/><F62/><W55/><AGARI ba="0,1" hai="6,10,13,15,18,23,36,37,55,56,63,86,88,94" machi="55" ten="20,8000,1" yaku="1,1,0,1,7,1,52,1,54,1,53,0" doraHai="14" doraHaiUra="24" who="3" fromWho="3" sc="363,-20,288,-20,199,-40,140,90" /><INIT seed="3,0,0,5,0,22" ten="343,268,159,230" oya="3" hai0="1,47,78,97,118,127,90,36,125,45,91,70,10" hai1="15,29,12,123,81,44,93,120,94,134,17,57,88" hai2="50,35,68,32,30,112,76,124,46,79,34,101,119" hai3="19,63,130,105,16,62,43,66,75,33,98,73,31"/><W135/><G135/><T4/><D118/><U117/><E134/><V102/><F68/><W92/><G130/><T131/><D70/><U11/><E117/><V84/><F112/><W122/><G122/><T89/><D131/><U129/><E129/><V7/><F119/><W110/><G110/><T61/><D61/><U106/><E106/><V25/><F7/><W96/><G43/><N who="0" m="22759" /><D47/><U59/><E93/><V69/><F69/><W3/><G3/><T38/><D38/><U82/><E120/><V37/><F37/><W54/><G54/><T58/><D58/><U5/><E29/><V65/><F65/><W67/><G31/><T52/><D52/><U128/><E123/><V133/><F133/><W55/><G55/><T0/><D0/><U49/><E59/><V104/><F104/><W41/><G105/><T95/><D78/><U64/><E128/><V74/><F84/><W53/><G53/><T23/><D23/><N who="1" m="11687" /><E49/><V99/><F50/><W126/><G41/><T51/><D51/><U60/><E44/><V107/><F46/><W86/><G86/><AGARI ba="0,0" hai="5,11,15,57,60,64,81,82,86,88,94" m="11687" machi="86" ten="30,2000,0" yaku="8,1,54,1" doraHai="22" who="1" fromWho="3" sc="343,0,268,20,159,0,230,-20" /><INIT seed="4,0,0,0,0,2" ten="343,288,159,210" oya="0" hai0="117,22,47,128,75,103,15,50,80,51,114,49,1" hai1="132,78,102,105,24,76,48,122,133,72,32,98,38" hai2="119,4,91,60,116,7,74,97,82,99,26,31,30" hai3="41,11,94,96,34,56,88,115,89,12,87,109,63"/><T5/><D117/><N who="2" m="45130" /><F60/><W124/><G115/><T83/><D114/><U73/><E38/><V59/><F59/><W35/><G124/><T84/><D128/><U108/><E48/><V33/><F31/><W120/><G109/><T54/><D1/><U125/><E122/><V70/><F70/><W17/><G120/><T111/><D111/><U52/><E52/><V40/><F40/><W46/><G89/><T64/><D103/><U10/><E125/><V101/><F97/><W14/><G96/><T39/><D64/><U69/><E69/><V113/><F113/><W77/><G77/><T23/><D75/><U118/><E108/><V28/><F28/><W45/><G45/><T29/><D39/><U110/><E110/><V121/><F121/><W53/><REACH who="3" step="1"/><G14/><REACH who="3" ten="343,288,159,200" step="2"/><T123/><D123/><U6/><E78/><N who="2" m="44375" /><F91/><W61/><G61/><T81/><D84/><U129/><E118/><V37/><F37/><AGARI ba="0,1" hai="11,12,17,34,35,37,41,46,53,56,63,87,88,94" machi="37" ten="30,3900,0" yaku="1,1,7,1,54,1,53,0" doraHai="2" doraHaiUra="65" who="3" fromWho="2" sc="343,0,288,0,159,-39,200,49" /><INIT seed="5,0,0,3,1,29" ten="343,288,120,249" oya="1" hai0="51,79,110,13,116,54,134,84,91,83,111,120,61" hai1="59,82,1,115,0,10,39,57,112,43,93,98,122" hai2="36,31,8,106,71,67,26,16,94,17,63,66,21" hai3="34,78,45,47,100,53,24,42,46,58,133,25,131"/><U89/><E122/><V114/><F106/><W126/><G133/><T107/><D116/><U65/><E82/><V86/><F36/><W123/><G123/><T52/><D107/><U73/><E73/><V14/><F67/><W76/><G126/><T70/><D120/><U129/><E129/><V3/><F3/><W38/><G131/><T44/><D134/><U74/><E74/><V11/><F114/><N who="1" m="43561" /><E10/><V33/><F17/><W88/><G100/><T117/><D117/><U19/><E19/><V62/><F62/><W132/><G132/><T128/><D128/><U69/><E69/><V90/><AGARI ba="0,0" hai="8,11,14,16,21,26,31,33,63,66,71,86,90,94" machi="90" ten="30,4000,0" yaku="0,1,52,1,54,1" doraHai="29" who="2" fromWho="2" sc="343,-10,288,-20,120,40,249,-10" /><INIT seed="6,0,0,4,3,130" ten="333,268,160,239" oya="2" hai0="96,72,16,43,12,103,40,131,116,118,117,85,58" hai1="34,122,30,9,50,128,22,80,90,1,98,20,36" hai2="106,100,104,32,127,99,76,61,29,48,54,134,107" hai3="62,112,114,82,78,110,77,94,119,21,26,102,115"/><V91/><F127/><W133/><G110/><T41/><D72/><U97/><E36/><V74/><F61/><W65/><G119/><T38/><D131/><U89/><E34/><V87/><F29/><N who="3" m="17615" /><G82/><T17/><D38/><U0/><E128/><V42/><F42/><W8/><G8/><T109/><D109/><U7/><E122/><V67/><F67/><W37/><G37/><T64/><D85/><U44/><E0/><V3/><F3/><W35/><G35/><T46/><D46/><U49/><E49/><V14/><F14/><W19/><G19/><T23/><D17/><U2/><E2/><V57/><F32/><W111/><G111/><T113/><D113/><U31/><E31/><V126/><F126/><W59/><G133/><T6/><D6/><U60/><E80/><N who="2" m="45079" /><F134/><W45/><G45/><T69/><D69/><U5/><E30/><V28/><F28/><W129/><G129/><T63/><REACH who="0" step="1"/><D40/><REACH who="0" ten="323,268,160,239" step="2"/><U75/><E5/><V93/><AGARI ba="0,1" hai="48,54,57,87,91,93,99,100,104,106,107" m="45079" machi="93" ten="30,1500,0" yaku="24,1" doraHai="130" who="2" fromWho="2" sc="323,-5,268,-5,160,25,239,-5" /><INIT seed="6,1,0,3,2,60" ten="318,263,185,234" oya="2" hai0="135,99,87,93,35,39,90,55,75,53,27,58,36" hai1="121,10,56,122,91,33,19,65,88,124,128,18,38" hai2="43,50,69,34,82,24,96,20,100,126,45,52,59" hai3="41,113,70,134,79,104,2,132,71,133,110,49,54"/><V94/><F69/><N who="3" m="26123" /><G104/><T129/><D75/><U130/><E33/><V0/><F0/><W80/><G2/><T67/><D135/><U16/><E38/><V66/><F34/><W123/><G123/><N who="1" m="47114" /><E124/><V114/><F126/><W28/><G28/><T31/><D129/><N who="1" m="49771" /><E10/><V5/><F5/><W4/><G4/><T107/><D39/><U77/><E77/><V62/><F82/><W44/><G110/><T14/><D36/><U89/><E56/><V105/><F105/><W108/><G108/><T72/><D72/><U22/><E65/><V3/><F3/><W111/><G111/><T12/><D67/><U101/><E101/><V17/><REACH who="2" step="1"/><F114/><REACH who="2" ten="318,263,175,234" step="2"/><W46/><G113/><T25/><D35/><U7/><E7/><V74/><F74/><N who="3" m="43127" /><G41/><AGARI ba="1,1" hai="17,20,24,41,43,45,50,52,59,62,66,94,96,100" machi="41" ten="40,12000,1" yaku="1,1,8,1,52,1,54,1,53,1" doraHai="60" doraHaiUra="23" who="2" fromWho="3" sc="318,0,263,0,175,133,234,-123" /><INIT seed="6,2,0,5,1,131" ten="318,263,308,111" oya="2" hai0="74,93,52,33,29,20,134,34,69,16,13,19,117" hai1="88,66,30,75,9,27,128,8,55,32,94,116,45" hai2="101,63,22,51,50,54,7,77,56,17,82,85,14" hai3="39,11,111,81,72,115,58,123,112,92,99,108,5"/><V18/><F7/><W91/><G39/><T26/><D74/><U103/><E116/><V15/><REACH who="2" step="1"/><F101/><REACH who="2" ten="318,263,298,111" step="2"/><W102/><G123/><T124/><D117/><U37/><E103/><V71/><F71/><W79/><G58/><T129/><D69/><U65/><E128/><V38/><F38/><W95/><G5/><T47/><D129/><U4/><E37/><V126/><F126/><W59/><G59/><T44/><D124/><U48/><E75/><V24/><F24/><W25/><G25/><T35/><D26/><U6/><E6/><V70/><F70/><W40/><G40/><T106/><D47/><U96/><REACH who="1" step="1"/><E8/><AGARI ba="2,1" hai="8,14,15,17,18,22,50,51,54,56,63,77,82,85" machi="8" ten="30,11600,0" yaku="1,1,7,1,8,1,53,1" doraHai="131" doraHaiUra="83" who="2" fromWho="1" sc="318,0,263,-122,298,132,111,0" /><INIT seed="6,3,0,4,4,101" ten="318,141,430,111" oya="2" hai0="105,74,75,119,11,131,81,97,127,128,64,112,125" hai1="32,0,52,135,102,117,3,99,71,104,8,50,109" hai2="114,58,54,100,116,98,126,13,10,92,25,21,121" hai3="44,43,40,19,14,36,80,83,31,48,118,57,85"/><V46/><F116/><W86/><G118/><T29/><D29/><U56/><E109/><V15/><F121/><W96/><G31/><T18/><D64/><U45/><E117/><V2/><F114/><W34/><G34/><T79/><D119/><U38/><E32/><V91/><F126/><N who="0" m="48138" /><D18/><U59/><E71/><V130/><F130/><N who="0" m="49706" /><D11/><U20/><E20/><V68/><F68/><W94/><G40/><T49/><D49/><U108/><E108/><V33/><F33/><W113/><G113/><T132/><D112/><U107/><E8/><V111/><F46/><W22/><G36/><T39/><D39/><U72/><E50/><N who="2" m="31063" /><F2/><W42/><G43/><T66/><D66/><U93/><E3/><V35/><F35/><W9/><G22/><T30/><D30/><U47/><E0/><V12/><F111/><W27/><G27/><T65/><D65/><U124/><E47/><V24/><F10/><W53/><G83/><T78/><D132/><U129/><E135/><V5/><F5/><W76/><G44/><T62/><D62/><U77/><E38/><V26/><F21/><W73/><REACH who="3" step="1"/><G42/><REACH who="3" ten="318,141,430,101" step="2"/><T28/><D28/><U84/><E124/><V69/><F26/><W122/><G122/><T103/><D79/><U133/><E129/><V51/><F25/><W110/><G110/><T1/><D1/><U63/><E77/><V37/><F24/><W87/><G87/><AGARI ba="3,1" hai="74,75,78,81,87,97,103,105" m="49706,48138" machi="87" ten="30,8000,1" yaku="18,1,19,1,34,2,52,1" doraHai="101" who="0" fromWho="3" sc="318,99,141,0,430,0,101,-89" /><INIT seed="7,0,0,0,4,4" ten="417,141,430,12" oya="3" hai0="46,43,92,28,60,22,30,74,65,14,133,39,19" hai1="36,42,56,11,117,41,96,114,120,5,24,134,128" hai2="94,108,103,13,79,23,91,89,88,45,6,18,75" hai3="38,90,27,130,53,82,126,34,2,131,51,66,32"/><W124/><G38/><T40/><D133/><U62/><E134/><V106/><F108/><W0/><G66/><T54/><D74/><U129/><E120/><V31/><F31/><W115/><G82/><T77/><D77/><U73/><E73/><V57/><F106/><W68/><G68/><T132/><D132/><U84/><E114/><V113/><F113/><W95/><G115/><T121/><D121/><U119/><E24/><V81/><F6/><W85/><G27/><T67/><D43/><N who="1" m="16395" /><E84/><V16/><F45/><N who="3" m="27887" /><G32/><T76/><D76/><U122/><E96/><V116/><F116/><N who="1" m="44617" /><E122/><V26/><F75/><W64/><G64/><T127/><D127/><N who="3" m="48681" /><G34/><T44/><D92/><U50/><E36/><V105/><F105/><W8/><G8/><T48/><REACH who="0" step="1"/><D67/><REACH who="0" ten="407,141,430,12" step="2"/><N who="1" m="39367" /><E50/><V9/><F81/><W12/><G12/><AGARI ba="0,1" hai="5,11,12,128,129" m="39367,44617,16395" machi="12" ten="30,2000,0" yaku="12,1,52,1" doraHai="4" who="1" fromWho="3" sc="407,0,141,30,430,0,12,-20" owari="407,20.7,171,-22.9,430,53.0,-8,-50.8" /></mjloggm>