<mjloggm ver="2.3"><GO type="169" lobby="0"/><UN n0="%67%78%7A" n1="%E6%9D%B1%E4%BA%AC%E9%9B%BB%E5%8A%9B" n2="%E4%B8%8B%E9%AB%98%E5%A4%AA%E9%83%8E" n3="%E3%82%8A%E3%82%93%E3%81%94%32%32%36" dan="18,17,16,16" rate="2270.67,2206.78,2118.20,2149.50" sx="F,M,M,M"/><TAIKYOKU oya="0"/><INIT seed="0,0,0,3,2,60" ten="250,250,250,250" oya="0" hai0="40,108,79,98,62,41,46,12,19,33,20,26,110" hai1="21,130,30,74,76,127,95,103,125,9,4,2,66" hai2="115,114,55,91,63,49,50,111,24,101,34,6,56" hai3="97,7,70,31,133,109,99,38,17,11,42,44,18"/><T85/><D98/><U80/><E130/><V59/><F111/><N who="0" m="42538" /><D79/><U25/><E103/><V3/><F3/><W75/><G133/><T52/><D85/><U90/><REACH who="1" step="1"/><E66/><REACH who="1" ten="250,240,250,250" step="2"/><V120/><F115/><W8/><G109/><T105/><D105/><U93/><E93/><V107/><F114/><W88/><G70/><T15/><D33/><U129/><E129/><V135/><F34/><W13/><G99/><AGARI ba="0,1" hai="2,4,9,21,25,30,74,76,80,90,95,99,125,127" machi="99" ten="40,2600,0" yaku="1,1,53,1" doraHai="60" doraHaiUra="106" who="1" fromWho="3" sc="250,0,240,36,250,0,250,-26" /><INIT seed="1,0,0,3,0,77" ten="250,276,250,224" oya="1" hai0="75,65,20,6,91,46,116,60,39,103,68,114,87" hai1="19,51,15,134,37,23,135,35,84,61,57,52,45" hai2="112,32,113,92,100,5,49,121,36,10,97,71,22" hai3="29,117,83,73,72,104,88,122,9,115,76,80,1"/><U41/><E35/><V120/><F36/><W90/><G29/><T129/><D114/><N who="2" m="44138" /><F32/><W43/><G115/><T86/><D116/><U67/><REACH who="1" step="1"/><E84/><REACH who="1" ten="250,266,250,224" step="2"/><V133/><F121/><W105/><G122/><T56/><D86/><U131/><E131/><V7/><F120/><W109/><G117/><T16/><D129/><U53/><E53/><V26/><F133/><W130/><G130/><T70/><D75/><U82/><E82/><V119/><F119/><W11/><G43/><T108/><D87/><U30/><E30/><N who="2" m="17751" /><F71/><AGARI ba="0,1" hai="15,19,23,37,41,45,51,52,57,61,67,71,134,135" machi="71" ten="40,12000,1" yaku="1,1,24,2,54,1,53,0" doraHai="77" doraHaiUra="110" who="1" fromWho="2" sc="250,0,266,130,250,-120,224,0" /><INIT seed="1,1,0,5,4,64" ten="250,396,130,224" oya="1" hai0="35,91,79,19,97,99,105,28,120,108,44,9,74" hai1="48,7,90,98,124,54,0,125,57,40,93,25,114" hai2="16,96,52,65,56,116,119,5,71,34,129,73,83" hai3="100,85,11,131,66,132,29,107,67,49,94,53,135"/><U111/><E114/><V80/><F129/><W61/><G107/><T72/><D19/><U42/><E111/><V81/><F73/><W115/><G115/><T51/><D9/><U3/><E25/><V75/><F75/><W21/><G131/><T84/><D28/><U18/><E18/><V39/><F5/><W121/><G121/><T59/><D35/><U63/><E40/><V68/><F65/><W95/><G11/><T33/><D33/><U133/><E133/><V109/><F34/><W1/><G1/><T6/><D6/><U102/><E102/><V55/><F109/><W60/><G85/><T41/><D108/><U22/><E22/><V32/><F32/><W4/><G4/><T15/><D15/><U130/><E130/><V106/><F39/><W88/><G100/><T36/><D79/><U77/><E77/><V50/><F96/><N who="3" m="57415" /><G95/><T58/><D120/><U38/><E38/><V24/><F106/><W17/><G29/><T118/><D105/><U26/><E7/><V27/><F27/><N who="3" m="14767" /><G67/><T110/><D110/><U23/><E3/><V37/><F37/><W122/><G122/><T127/><D72/><U2/><E0/><V89/><F89/><W113/><G113/><T20/><D74/><U47/><E2/><V87/><F87/><W12/><G12/><T45/><D84/><U101/><E101/><V103/><F103/><W128/><G128/><T86/><D86/><U126/><E126/><V13/><F24/><W82/><G82/><T10/><D127/><U31/><AGARI ba="1,0" hai="23,26,31,42,47,48,54,57,63,90,93,98,124,125" machi="31" ten="30,1500,0" yaku="0,1" doraHai="64" who="1" fromWho="1" sc="250,-6,396,18,130,-6,224,-6" /><INIT seed="1,2,0,0,1,20" ten="244,414,124,218" oya="1" hai0="114,60,98,66,32,118,10,67,74,112,23,28,54" hai1="109,25,15,52,90,108,89,1,63,78,16,127,7" hai2="12,59,103,130,101,62,45,51,56,83,71,111,36" hai3="117,107,129,126,91,115,119,65,69,85,14,123,41"/><U75/><E127/><V2/><F2/><W11/><G115/><T76/><D118/><U8/><E25/><V19/><F130/><W30/><G107/><T0/><D23/><U70/><E78/><V110/><F56/><W34/><G41/><T116/><D116/><U40/><E75/><V82/><F71/><W42/><G42/><T21/><D21/><N who="1" m="11423" /><E40/><N who="2" m="24999" /><F36/><W92/><G123/><T46/><D98/><U6/><E6/><V31/><F31/><W73/><G73/><T47/><D47/><U97/><E97/><V86/><F19/><W39/><G39/><T121/><D121/><U87/><E87/><V64/><F12/><W100/><G34/><T29/><D32/><U49/><E70/><V48/><F86/><W57/><G69/><T79/><D74/><U88/><E63/><V55/><F62/><W37/><G37/><T18/><D60/><U122/><E122/><V9/><F64/><W24/><G126/><T38/><D38/><U72/><E72/><V17/><F17/><W96/><G65/><T95/><D18/><U124/><E124/><V93/><F9/><W105/><G129/><T13/><D10/><U27/><E1/><V77/><F77/><W84/><G84/><T102/><D0/><U26/><E8/><V135/><F48/><W128/><G128/><T106/><D67/><U53/><E7/><V58/><F103/><W80/><G105/><T5/><D106/><U35/><E35/><V120/><F101/><W44/><G11/><T134/><D66/><U132/><E132/><V3/><F135/><W81/><G117/><T133/><D134/><RYUUKYOKU ba="2,0" sc="244,0,414,0,124,0,218,0" /><INIT seed="2,3,0,4,1,105" ten="244,414,124,218" oya="2" hai0="34,47,17,79,4,8,100,69,41,23,63,32,125" hai1="49,131,78,114,99,44,43,85,14,93,133,120,38" hai2="132,108,124,37,50,109,30,68,25,90,20,13,66" hai3="118,130,127,97,126,42,135,56,82,106,10,28,84"/><V91/><F37/><W26/><G118/><T80/><D100/><U5/><E131/><V51/><F132/><W40/><G10/><T123/><D123/><U64/><E114/><V29/><F124/><N who="3" m="47659" /><G56/><T72/><D125/><U70/><E133/><V81/><F66/><W86/><G86/><T115/><D115/><U103/><E120/><V12/><F68/><W117/><G117/><T96/><D96/><U58/><E70/><V89/><F81/><W46/><G130/><T18/><D63/><N who="1" m="38007" /><E38/><V52/><F30/><W16/><G16/><T98/><D98/><U134/><E134/><V116/><F116/><W31/><G31/><T73/><D69/><U77/><E85/><V33/><F51/><W129/><G46/><T75/><D17/><U119/><E119/><V65/><F65/><W60/><G60/><T101/><D101/><U6/><E6/><V45/><REACH who="2" step="1"/><F33/><REACH who="2" ten="244,414,114,218" step="2"/><N who="3" m="20631" /><G135/><T24/><D32/><U7/><E49/><V107/><F107/><W39/><G39/><N who="0" m="21951" /><D34/><U112/><E112/><V94/><F94/><W57/><G106/><T110/><D110/><AGARI ba="3,1" hai="12,13,20,25,29,45,50,52,89,90,91,108,109,110" machi="110" ten="40,12000,1" yaku="1,1,14,1,10,1,54,1,53,0" doraHai="105" doraHaiUra="35" who="2" fromWho="0" sc="244,-129,414,0,114,139,218,0" /><INIT seed="2,4,0,1,4,126" ten="115,414,253,218" oya="2" hai0="101,70,69,5,20,131,108,76,105,95,82,38,27" hai1="28,61,7,24,58,32,47,6,39,56,48,3,44" hai2="103,23,122,71,89,73,19,31,52,51,41,104,113" hai3="83,88,17,63,107,8,117,22,81,4,11,127,43"/><V12/><F113/><W128/><G107/><T92/><D38/><U134/><E134/><V86/><F73/><W66/><G117/><T118/><D118/><U79/><E79/><V85/><F122/><W25/><G127/><T50/><D105/><U135/><E135/><V119/><F119/><W77/><G43/><T2/><D2/><U111/><E111/><V132/><F132/><W123/><G123/><T45/><D5/><U1/><E39/><V10/><F71/><W94/><G77/><T37/><D37/><U129/><E61/><V16/><F41/><W110/><G110/><T106/><D106/><U46/><E48/><V114/><F114/><W93/><G93/><T29/><D108/><U99/><E99/><V15/><F31/><W49/><G49/><T65/><D65/><U40/><E40/><V30/><F30/><W74/><G11/><T75/><D131/><U33/><E129/><V14/><F14/><W120/><G128/><T91/><D95/><U21/><E21/><V125/><F125/><W130/><G74/><T36/><D101/><U64/><E64/><V0/><F0/><W87/><G120/><T9/><D9/><U109/><E109/><V116/><F116/><W60/><G60/><T57/><D57/><U34/><E28/><V133/><F133/><W62/><G62/><T115/><D115/><U68/><E68/><V97/><F89/><W72/><G72/><T18/><D29/><U100/><E100/><V112/><F112/><W26/><G130/><T80/><D36/><U67/><E1/><V59/><AGARI ba="4,0" hai="10,12,15,16,19,23,51,52,59,85,86,97,103,104" machi="59" ten="20,7800,0" yaku="0,1,7,1,54,2" doraHai="126" who="2" fromWho="2" sc="115,-30,414,-30,253,90,218,-30" /><INIT seed="2,5,0,4,4,18" ten="85,384,343,188" oya="2" hai0="106,69,103,115,25,5,11,37,118,47,91,9,4" hai1="6,135,121,124,89,125,59,1,128,3,48,73,58" hai2="14,85,72,49,51,100,71,96,127,108,54,98,38" hai3="88,40,129,29,80,86,122,132,131,46,17,111,83"/><V133/><F38/><W134/><G29/><T20/><D115/><U77/><E121/><V50/><F72/><W68/><G68/><T90/><D69/><U119/><E89/><V113/><F113/><W105/><G122/><T24/><D118/><U120/><E120/><V102/><F71/><W23/><G105/><T10/><D106/><U60/><E48/><V0/><F0/><W126/><G80/><T2/><D103/><N who="2" m="39466" /><F54/><W117/><G117/><T31/><D25/><U76/><E119/><V26/><F26/><N who="3" m="14703" /><G111/><T84/><D84/><U32/><E32/><V116/><F116/><W74/><G74/><T45/><D9/><U36/><E36/><V19/><F108/><W95/><G83/><T55/><D45/><U63/><E73/><V130/><F130/><N who="3" m="49675" /><G126/><T64/><D64/><U99/><E128/><V92/><F127/><W8/><G8/><T109/><D109/><U16/><E124/><V114/><F114/><W94/><G94/><T35/><D35/><U30/><E125/><V82/><F92/><W70/><G70/><T13/><REACH who="0" step="1"/><D55/><REACH who="0" ten="75,384,343,188" step="2"/><U22/><E99/><V12/><F98/><W66/><G66/><T27/><D27/><U39/><E59/><V15/><F96/><W43/><G43/><AGARI ba="5,1" hai="2,4,5,10,11,13,20,24,31,37,43,47,90,91" machi="43" ten="40,2600,0" yaku="1,1,52,1,53,0" doraHai="18" doraHaiUra="78" who="0" fromWho="3" sc="75,51,384,0,343,0,188,-41" /><INIT seed="3,0,0,0,0,54" ten="126,384,343,147" oya="3" hai0="74,122,65,1,71,89,108,93,112,42,116,40,33" hai1="35,5,14,105,102,68,84,128,6,47,69,38,49" hai2="52,36,3,106,75,56,115,87,31,66,118,131,79" hai3="81,55,8,48,30,104,78,57,51,123,90,110,73"/><W44/><G123/><T45/><D116/><U25/><E38/><V130/><F115/><W59/><G104/><T96/><D1/><U12/><E128/><V120/><F118/><W22/><G110/><T26/><D122/><U11/><E102/><V58/><F36/><W99/><G8/><T94/><D74/><U15/><E105/><V101/><F3/><W132/><G132/><T92/><D108/><U62/><E62/><N who="2" m="38231" /><F75/><W97/><G90/><T50/><D112/><U17/><E84/><V60/><F120/><W23/><G59/><T67/><D40/><U95/><E95/><V98/><F31/><W61/><G48/><T24/><D33/><U83/><E83/><N who="2" m="47615" /><F106/><W18/><G30/><T107/><D107/><U53/><E35/><V16/><F16/><W4/><G4/><T0/><D0/><U76/><E6/><V63/><F63/><W135/><G23/><T28/><D71/><U119/><E119/><V126/><F126/><W111/><G135/><T133/><D133/><U64/><E5/><V103/><F98/><W114/><G114/><T7/><D7/><U9/><E9/><V32/><F32/><W85/><G73/><T125/><D125/><U20/><E11/><V37/><F37/><W121/><G121/><T88/><D94/><U27/><E17/><V82/><F82/><W13/><REACH who="3" step="1"/><G111/><REACH who="3" ten="126,384,343,137" step="2"/><T41/><D28/><U91/><E20/><V134/><F134/><W109/><G109/><T113/><D113/><U127/><E127/><V46/><F46/><W43/><AGARI ba="0,1" hai="13,18,22,43,44,51,55,57,61,78,81,85,97,99" machi="43" ten="20,18000,2" yaku="1,1,0,1,7,1,8,1,52,1,53,1" doraHai="54" doraHaiUra="10" who="3" fromWho="3" sc="126,-60,384,-60,343,-60,137,190" /><INIT seed="3,1,0,3,0,85" ten="66,324,283,327" oya="3" hai0="64,63,10,21,122,24,65,69,30,83,77,97,6" hai1="119,5,113,124,92,32,7,109,0,44,116,79,104" hai2="89,43,33,73,86,72,126,117,127,121,18,31,59" hai3="90,17,111,54,48,81,58,2,45,118,47,76,88"/><W39/><G118/><T62/><D122/><U75/><E104/><V110/><F121/><W98/><G2/><T93/><D77/><U112/><E124/><V57/><F117/><W125/><G125/><N who="2" m="47625" /><F110/><W37/><G111/><T102/><D83/><U135/><E32/><V134/><F134/><W34/><G34/><T96/><D96/><U123/><E135/><V66/><F43/><W49/><G58/><N who="2" m="22025" /><F66/><W129/><G129/><T84/><D84/><U70/><E75/><V130/><F130/><W15/><G98/><T101/><D101/><U131/><E131/><V114/><F114/><W11/><G39/><T35/><D35/><U8/><E123/><V41/><F41/><W55/><G37/><T106/><D106/><U71/><E109/><V50/><F50/><W67/><G67/><T52/><D52/><U29/><E0/><V78/><F78/><W60/><G60/><T19/><D19/><U94/><E116/><V91/><F18/><W4/><G17/><T95/><D64/><U13/><E119/><V14/><F14/><W25/><G25/><T20/><D63/><U82/><E13/><V42/><F42/><W115/><G115/><T40/><D40/><U16/><E112/><V26/><F86/><AGARI ba="1,0" hai="4,11,15,45,47,48,49,54,55,76,81,86,88,90" machi="86" ten="30,18000,2" yaku="7,1,9,1,8,1,52,2,54,1" doraHai="85" who="3" fromWho="2" sc="66,0,324,0,283,-183,327,183" /><INIT seed="3,2,0,4,0,14" ten="66,324,100,510" oya="3" hai0="41,59,124,52,118,32,33,24,38,117,104,2,43" hai1="67,105,36,127,9,23,95,44,100,102,131,53,126" hai2="110,71,62,90,70,84,39,58,115,130,0,37,51" hai3="99,72,121,106,5,73,112,18,96,114,61,30,7"/><W31/><G61/><T54/><D2/><U55/><E67/><V11/><F115/><W69/><G106/><T40/><D104/><U19/><E9/><V48/><F11/><W42/><G42/><T60/><D38/><N who="2" m="14346" /><F84/><W116/><G121/><T21/><D124/><U111/><E95/><V120/><F90/><W3/><G69/><N who="2" m="26121" /><F0/><W79/><G3/><T88/><D54/><U86/><E105/><V10/><F10/><W28/><G28/><T103/><D103/><U113/><E113/><V125/><F125/><W66/><G66/><T47/><D47/><U107/><E107/><V27/><F27/><W77/><G116/><T80/><D117/><U16/><E86/><V65/><F130/><W123/><G123/><T98/><D118/><U128/><E36/><V34/><F34/><W132/><G132/><T129/><D129/><U93/><E23/><V20/><F20/><W12/><G12/><T119/><D119/><U8/><E8/><V78/><F78/><W35/><G35/><T97/><D97/><U92/><E44/><V50/><F120/><W49/><G49/><T4/><D4/><U25/><E111/><AGARI ba="2,0" hai="48,50,51,58,62,65,110,111" m="26121,14346" machi="111" ten="40,2600,0" yaku="34,2" doraHai="14" who="2" fromWho="1" sc="66,0,324,-32,100,32,510,0" /><INIT seed="4,0,0,4,0,30" ten="66,292,132,510" oya="0" hai0="32,48,41,37,107,62,75,73,42,95,94,92,39" hai1="50,118,81,101,13,91,103,3,69,25,88,104,40" hai2="36,76,122,45,18,111,72,106,33,14,116,9,24" hai3="46,71,4,100,96,38,31,129,1,61,108,131,82"/><T12/><D107/><U59/><E3/><V22/><F111/><W28/><G108/><T109/><D109/><U105/><E69/><V19/><F106/><W35/><G82/><T127/><D127/><U52/><E118/><V86/><F72/><W102/><G4/><T58/><D48/><U6/><E105/><V29/><F122/><W60/><G1/><T93/><N who="0" m="23552" /><DORA hai="8" /><T66/><D41/><U57/><E40/><V0/><F116/><W98/><G71/><T126/><D126/><U135/><E104/><V124/><F124/><W99/><G99/><T27/><D12/><U49/><E25/><V112/><F36/><W26/><G26/><T56/><D56/><U84/><E135/><V123/><F45/><W74/><G74/><T43/><D43/><U83/><E6/><N who="2" m="1223" /><F123/><W113/><G113/><T67/><D67/><U85/><E13/><N who="2" m="9583" /><F86/><W53/><G53/><AGARI ba="0,0" hai="49,50,52,53,57,59,81,83,84,85,88,91,101,103" machi="53" ten="40,12000,2" yaku="32,3,8,1,54,2" doraHai="30,8" who="1" fromWho="3" sc="66,0,292,120,132,0,510,-120" /><INIT seed="5,0,0,3,0,115" ten="66,412,132,390" oya="1" hai0="133,96,3,0,57,105,48,92,56,1,68,50,104" hai1="125,43,103,15,114,54,19,4,61,108,31,36,129" hai2="97,77,9,106,18,93,112,67,42,99,64,72,52" hai3="20,23,29,71,41,63,109,80,28,58,95,89,94"/><U32/><E125/><V119/><F42/><W59/><G109/><T132/><D68/><U38/><E129/><V128/><F128/><W127/><G127/><T27/><D27/><U111/><E114/><V62/><F112/><W55/><G41/><T84/><D84/><U51/><E103/><V79/><F106/><N who="0" m="41066" /><D92/><U60/><E4/><V100/><F99/><W46/><G46/><T45/><D96/><U113/><E113/><V10/><F72/><W22/><G71/><T25/><D25/><U126/><E31/><N who="3" m="11850" /><G59/><N who="0" m="22603" /><D45/><U14/><E32/><V13/><F10/><W87/><AGARI ba="0,0" hai="20,22,23,55,58,63,80,87,89,94,95" m="11850" machi="87" ten="30,1100,0" yaku="8,1" doraHai="115" who="3" fromWho="3" sc="66,-3,412,-5,132,-3,390,11" /><INIT seed="6,0,0,1,3,28" ten="63,407,129,401" oya="2" hai0="51,6,7,81,110,114,83,36,64,54,84,69,70" hai1="61,71,92,130,16,113,119,44,27,52,91,49,21" hai2="4,66,50,17,42,57,30,35,45,22,65,20,41" hai3="117,48,40,26,134,101,23,75,93,46,106,56,108"/><V43/><F4/><W100/><G117/><T14/><D110/><U86/><E113/><V118/><F118/><W95/><G75/><T2/><D2/><U123/><E119/><V109/><F109/><W67/><G134/><T124/><D36/><U73/><E130/><V63/><F66/><W72/><G72/><T29/><D114/><U135/><E73/><V13/><F35/><W102/><G106/><T1/><D1/><U31/><E135/><V33/><F33/><W15/><G15/><T122/><D122/><U37/><E37/><V89/><F89/><W34/><G34/><T99/><D124/><U39/><E39/><V111/><F111/><W133/><G133/><T68/><D64/><U24/><E123/><V76/><F76/><W126/><G126/><T11/><D6/><U125/><E125/><V8/><REACH who="2" step="1"/><F30/><REACH who="2" ten="63,407,119,401" step="2"/><N who="3" m="17759" /><G108/><T25/><D99/><U103/><E31/><V80/><F80/><W10/><G67/><T38/><D84/><U96/><E86/><V132/><F132/><W77/><G77/><T127/><D127/><U79/><E79/><V104/><F104/><W74/><G74/><T94/><D94/><U98/><E98/><V18/><F18/><W82/><G82/><T55/><D83/><U59/><E91/><V107/><F107/><W87/><G87/><T32/><D81/><U121/><E121/><V128/><F128/><W3/><G93/><T12/><D32/><U62/><E92/><V131/><F131/><W47/><G95/><T129/><D129/><U53/><E96/><V19/><F19/><W112/><G112/><T0/><D29/><RYUUKYOKU ba="0,1" sc="63,-10,407,-10,119,30,401,-10" hai2="8,13,17,20,22,41,42,43,45,50,57,63,65" /><INIT seed="6,1,1,5,1,45" ten="53,397,149,391" oya="2" hai0="35,120,7,36,121,62,115,55,92,101,21,88,97" hai1="11,48,98,24,46,77,112,18,104,17,94,20,6" hai2="40,74,28,117,53,38,12,32,107,4,61,126,118" hai3="13,30,133,127,83,106,8,54,102,42,39,82,116"/><V66/><F74/><W134/><G116/><T65/><D35/><U130/><E112/><V110/><F40/><W114/><G127/><T43/><D115/><U29/><E104/><V31/><F38/><W124/><G124/><T25/><D55/><U3/><E77/><V99/><F126/><W72/><G30/><T128/><D128/><U34/><E130/><V79/><F79/><W49/><G114/><T56/><D7/><U23/><E23/><V111/><F53/><W84/><G72/><T86/><D43/><U67/><E67/><V103/><F4/><W14/><G42/><T81/><REACH who="0" step="1"/><D36/><REACH who="0" ten="43,397,149,391" step="2"/><U71/><E34/><V95/><F32/><W135/><G39/><T80/><D80/><U123/><E6/><V90/><F118/><W19/><G83/><T85/><D85/><U73/><E73/><V96/><F117/><W89/><G133/><T108/><D108/><N who="2" m="41514" /><F12/><W105/><G14/><T50/><D50/><U122/><E48/><V15/><F15/><W33/><G33/><T1/><D1/><U132/><E3/><V91/><F91/><W2/><G2/><T22/><D22/><U0/><E0/><V87/><F87/><W41/><G41/><T78/><D78/><U109/><E109/><V100/><F90/><W10/><G10/><T70/><D70/><AGARI ba="1,2" hai="28,31,61,66,70,95,96,99,100,103,107" m="41514" machi="70" ten="30,1500,0" yaku="10,1" doraHai="45" who="2" fromWho="0" sc="43,-18,397,0,149,38,391,0" /><INIT seed="6,2,0,1,5,17" ten="25,397,187,391" oya="2" hai0="117,109,21,31,97,9,28,96,134,18,122,121,53" hai1="67,20,65,40,114,84,56,110,101,15,99,80,88" hai2="34,36,83,77,116,69,3,78,14,55,128,111,92" hai3="8,118,35,131,58,89,23,52,16,72,12,64,7"/><V2/><F34/><W44/><G118/><T32/><D109/><U24/><E110/><V75/><F111/><W42/><G35/><T68/><D68/><U126/><E114/><V104/><F104/><W11/><G72/><T61/><D117/><U47/><E126/><V100/><F116/><W107/><G107/><T135/><D61/><U39/><E15/><V127/><F127/><W50/><G131/><T37/><D37/><U10/><E10/><V129/><F69/><W112/><G112/><T95/><D53/><U86/><E86/><V125/><F36/><W1/><G64/><T82/><D82/><U48/><E56/><V27/><F125/><W51/><G89/><T103/><D32/><U30/><E39/><V29/><F2/><W13/><G11/><T4/><D97/><U22/><E22/><V26/><F3/><W130/><G130/><T108/><D108/><U25/><E25/><AGARI ba="2,0" hai="1,7,8,12,13,16,23,25,42,44,50,51,52,58" machi="25" ten="30,7700,0" yaku="7,1,52,1,54,2" doraHai="17" who="3" fromWho="1" sc="25,0,397,-83,187,0,391,83" /><INIT seed="7,0,0,0,3,71" ten="25,314,187,474" oya="3" hai0="18,52,124,91,15,1,35,98,27,135,29,53,64" hai1="133,14,10,77,105,50,5,30,70,23,127,86,33" hai2="42,38,125,62,17,80,7,123,56,110,99,20,76" hai3="31,19,131,12,129,25,116,84,106,66,82,57,44"/><W48/><G106/><T54/><D135/><U120/><E70/><V59/><F110/><W87/><G57/><T119/><D119/><U75/><E105/><V73/><F125/><W126/><G66/><T114/><D124/><U69/><E69/><V22/><F123/><W6/><G6/><T24/><D114/><U118/><E75/><V122/><F122/><W94/><G94/><T49/><D64/><U74/><E74/><V79/><F79/><W96/><G96/><T134/><D134/><U47/><E33/><V101/><F20/><W41/><G116/><T115/><D115/><U81/><E127/><V97/><F59/><W36/><G48/><T61/><D61/><U93/><E133/><V132/><F132/><W68/><G82/><T112/><D112/><U13/><E120/><V108/><F108/><W43/><G43/><T109/><D109/><U11/><E118/><V72/><F72/><W67/><G67/><T117/><D117/><U45/><E93/><V85/><F73/><W51/><G51/><T63/><D63/><U90/><E90/><V103/><F103/><W65/><G65/><T83/><D27/><U113/><E113/><V121/><F121/><W3/><G25/><T95/><D83/><U128/><E128/><V39/><F7/><W58/><G131/><T130/><D130/><U104/><E104/><V78/><F78/><W8/><G68/><T28/><D28/><U60/><E30/><V16/><F62/><W4/><G129/><T102/><D102/><U34/><E60/><V0/><F101/><W92/><G126/><T46/><D1/><RYUUKYOKU ba="0,0" sc="25,30,314,-10,187,-10,474,-10" hai0="15,18,24,29,35,46,49,52,53,54,91,95,98" owari="55,-44.5,304,10.4,177,-22.3,464,56.4" /></mjloggm>