<mjloggm ver="2.3"><GO type="169" lobby="0"/><UN n0="%E9%95%B7%E5%B2%A1" n1="%73%68%6F%67%6F%6F" n2="%78%78%E3%81%9D%E3%81%B0" n3="%6B%69%72%61%72%69%79%75" dan="16,16,16,16" rate="2129.07,2089.05,2105.61,2105.99" sx="M,M,M,M"/><TAIKYOKU oya="0"/><INIT seed="0,0,0,3,1,47" ten="250,250,250,250" oya="0" hai0="63,118,60,128,36,34,52,127,58,54,74,0,49" hai1="98,83,15,45,53,100,72,37,122,92,94,20,119" hai2="33,121,97,40,84,7,133,27,106,66,10,111,5" hai3="41,43,67,95,26,91,8,103,13,29,32,75,112"/><T42/><D0/><U82/><E119/><V135/><F121/><W86/><G75/><T14/><D34/><U123/><E37/><V12/><F7/><W25/><G112/><T109/><D74/><U46/><E72/><V3/><F40/><W48/><G67/><T18/><D118/><U22/><E15/><V102/><F12/><W44/><G26/><T16/><D128/><U55/><E98/><V59/><F84/><W80/><G41/><T85/><D127/><U81/><E81/><V105/><F105/><W24/><G24/><T96/><D109/><U77/><REACH who="1" step="1"/><E100/><REACH who="1" ten="250,240,250,250" step="2"/><V93/><F111/><W126/><G126/><T51/><D96/><U71/><E71/><V64/><F106/><W131/><G131/><T62/><D14/><U21/><E21/><V108/><F108/><W1/><G1/><T65/><D65/><U68/><E68/><V130/><F130/><W117/><G117/><T88/><D36/><U11/><E11/><V70/><F70/><W23/><G32/><T125/><D125/><U134/><E134/><V124/><F124/><W120/><G120/><T38/><D38/><U9/><E9/><V104/><F104/><W17/><G103/><T132/><D132/><U57/><E57/><V50/><F64/><W110/><G110/><T2/><D2/><U4/><E4/><V116/><F66/><W129/><G129/><T6/><D6/><U69/><E69/><V30/><F116/><W113/><G113/><T107/><D107/><U99/><E99/><V19/><F135/><W78/><G80/><N who="0" m="49191" /><D42/><U35/><E35/><V56/><F133/><RYUUKYOKU ba="0,1" sc="250,10,240,10,250,-30,250,10" hai0="16,18,49,51,52,54,58,60,62,63" hai1="20,22,45,46,53,55,77,82,83,92,94,122,123" hai3="8,13,17,23,25,29,43,44,48,78,86,91,95" /><INIT seed="0,1,1,2,4,115" ten="260,250,220,260" oya="0" hai0="96,80,112,132,101,76,83,18,97,27,33,127,22" hai1="104,65,43,4,123,37,84,24,125,67,79,108,23" hai2="93,122,56,66,68,85,8,126,63,30,14,86,46" hai3="62,78,107,120,6,61,58,90,39,26,105,17,2"/><T89/><D112/><U130/><E123/><V34/><F122/><W72/><G120/><T7/><D127/><U73/><E73/><V64/><F126/><W15/><G39/><T21/><D132/><U57/><E125/><V99/><F68/><W51/><G90/><T3/><D33/><U5/><E104/><V116/><F66/><N who="1" m="25097" /><E37/><V0/><F0/><W133/><G133/><T44/><D89/><U124/><E43/><V35/><F116/><W134/><G134/><T54/><D3/><U74/><E74/><V70/><F70/><W121/><G26/><N who="0" m="14647" /><D7/><U11/><E11/><V50/><F30/><W59/><G6/><T55/><D101/><U31/><E130/><V25/><F25/><W102/><G2/><T13/><D13/><U36/><E36/><V41/><F34/><W117/><G102/><T111/><D111/><U118/><E108/><V95/><F35/><W42/><G72/><T88/><D76/><U19/><E118/><V128/><F128/><W40/><G117/><T49/><D55/><U38/><E38/><V81/><F99/><N who="0" m="37962" /><D88/><U119/><E119/><V9/><F9/><W110/><G78/><T75/><D75/><U60/><E124/><V114/><F114/><W131/><G110/><T45/><D44/><U29/><E5/><V12/><F8/><W69/><G121/><T28/><AGARI ba="1,1" hai="22,27,28,45,49,54,80,83" m="37962,14647" machi="28" ten="30,1500,0" yaku="8,1" doraHai="115" who="0" fromWho="0" sc="260,28,250,-6,220,-6,260,-6" /><INIT seed="0,2,0,1,3,129" ten="288,244,214,254" oya="0" hai0="85,43,114,29,91,113,13,23,58,24,2,70,83" hai1="111,135,130,4,39,8,116,134,47,53,31,45,69" hai2="127,19,117,41,44,28,74,96,11,18,5,52,92" hai3="61,10,120,94,122,125,34,80,33,77,66,121,15"/><T110/><D70/><U49/><E116/><V133/><F74/><W131/><G94/><T40/><D2/><U71/><E130/><V103/><F127/><W126/><G131/><T84/><D110/><U54/><E31/><V21/><F117/><W51/><G51/><T101/><D101/><U109/><E8/><V102/><F102/><W27/><G80/><T72/><D72/><U48/><E4/><V119/><F119/><W81/><G81/><T63/><D85/><U106/><E106/><V60/><F133/><N who="1" m="50697" /><E39/><V95/><F95/><W100/><G100/><T64/><REACH who="0" step="1"/><D13/><REACH who="0" ten="278,244,214,254" step="2"/><U124/><E124/><V36/><F103/><W115/><G126/><T50/><D50/><U7/><E7/><V1/><F36/><W26/><G125/><T38/><D38/><U108/><AGARI ba="2,1" hai="45,47,48,49,53,54,69,71,108,109,111" m="50697" machi="108" ten="40,12000,2" yaku="14,1,20,1,34,2,52,3" doraHai="129" who="1" fromWho="1" sc="278,-62,244,136,214,-32,254,-32" /><INIT seed="1,0,0,4,3,41" ten="216,380,182,222" oya="1" hai0="135,130,111,92,15,13,89,63,103,100,82,110,117" hai1="115,26,37,106,93,48,114,79,119,118,17,0,126" hai2="7,9,40,62,128,109,51,2,104,132,43,101,84" hai3="70,108,34,116,22,6,112,30,133,68,123,59,49"/><U19/><E106/><V64/><F109/><N who="0" m="41482" /><D117/><N who="1" m="44555" /><E37/><V83/><F132/><W105/><G116/><T35/><D130/><U125/><E79/><V61/><F128/><W95/><G123/><T5/><D35/><U71/><E71/><V67/><F101/><N who="0" m="38986" /><D5/><U131/><E93/><V73/><F104/><W44/><G105/><T56/><D82/><U80/><E80/><V52/><F73/><W36/><G95/><T78/><D78/><U127/><E131/><V57/><F62/><W1/><G34/><T32/><D32/><U31/><E48/><V77/><REACH who="2" step="1"/><F64/><REACH who="2" ten="216,380,172,222" step="2"/><W58/><G133/><T121/><D135/><U91/><E114/><V10/><F10/><W33/><G112/><T46/><D121/><U50/><E115/><V45/><AGARI ba="0,1" hai="2,7,9,40,43,45,51,52,57,61,67,77,83,84" machi="45" ten="20,12000,2" yaku="1,1,0,1,7,1,52,1,54,1,53,1" doraHai="41" doraHaiUra="3" who="2" fromWho="2" sc="216,-30,380,-60,172,130,222,-30" /><INIT seed="2,0,0,5,3,4" ten="186,320,302,192" oya="2" hai0="88,95,129,131,116,45,19,110,108,135,41,117,71" hai1="100,106,112,0,70,92,78,5,13,2,113,20,61" hai2="84,119,25,46,123,33,34,75,102,81,128,55,105" hai3="18,73,27,9,11,29,6,32,94,42,62,12,39"/><V49/><F119/><N who="0" m="45642" /><D71/><U53/><E106/><V115/><F115/><W3/><G73/><T7/><D7/><U85/><E70/><V97/><F123/><W82/><G82/><T121/><D19/><U15/><E2/><V99/><F75/><W44/><G94/><T101/><D101/><U24/><E0/><V124/><F124/><W66/><G62/><T58/><D58/><N who="1" m="35023" /><E112/><V74/><F74/><W72/><G72/><T52/><D135/><U1/><E1/><V43/><F99/><W31/><REACH who="3" step="1"/><G29/><REACH who="3" ten="186,320,302,182" step="2"/><T37/><D121/><U48/><E92/><V23/><F128/><N who="0" m="49226" /><D52/><U57/><E113/><V89/><REACH who="2" step="1"/><F55/><REACH who="2" ten="186,320,292,182" step="2"/><W133/><G133/><T50/><D108/><U67/><E67/><AGARI ba="0,2" hai="3,6,9,11,12,18,27,31,32,39,42,44,66,67" machi="67" ten="40,5200,0" yaku="1,1,52,2,53,0" doraHai="4" doraHaiUra="125" who="3" fromWho="1" sc="186,0,320,-52,292,0,182,72" /><INIT seed="3,0,0,4,4,74" ten="186,268,292,254" oya="3" hai0="4,10,68,9,28,118,47,103,32,56,104,5,55" hai1="71,54,79,81,108,40,58,22,48,96,46,45,95" hai2="123,102,97,72,1,52,27,17,105,59,98,23,117" hai3="65,67,57,29,112,94,80,121,33,14,50,69,77"/><W66/><G112/><T16/><D118/><U84/><E108/><V36/><F36/><W76/><G121/><T8/><D68/><U126/><E126/><V86/><F72/><W107/><G107/><T38/><D16/><U64/><E71/><V44/><F1/><W90/><G69/><T26/><D104/><U91/><E64/><V3/><F3/><W115/><G80/><T63/><REACH who="0" step="1"/><D103/><REACH who="0" ten="176,268,292,254" step="2"/><U75/><E22/><V124/><F117/><W73/><G33/><T6/><D6/><U24/><E24/><V70/><F102/><W0/><G115/><T19/><D19/><U114/><E114/><V119/><F105/><W122/><G122/><T135/><D135/><U35/><E35/><V21/><F70/><W49/><G29/><T125/><D125/><U110/><E110/><V60/><F119/><W31/><G31/><T89/><D89/><U93/><E40/><AGARI ba="0,1" hai="4,5,8,9,10,26,28,32,38,40,47,55,56,63" machi="40" ten="40,1300,0" yaku="1,1,53,0" doraHai="74" doraHaiUra="78" who="0" fromWho="1" sc="176,23,268,-13,292,0,254,0" /><INIT seed="4,0,0,0,3,99" ten="199,255,292,254" oya="0" hai0="20,102,127,101,7,113,104,117,81,19,72,129,41" hai1="121,56,68,53,73,83,109,35,100,5,55,77,126" hai2="40,132,32,18,6,13,10,8,94,118,62,70,33" hai3="57,21,16,30,90,84,97,36,74,54,45,115,66"/><T107/><D117/><U39/><E109/><V50/><F132/><W125/><G74/><T14/><D113/><U135/><E121/><V22/><F118/><W58/><G115/><T103/><D129/><U25/><E135/><V12/><F70/><W65/><G125/><T71/><D127/><U86/><E126/><V69/><F69/><W38/><G97/><T82/><D71/><U61/><E39/><V133/><F62/><W110/><G30/><T28/><D7/><U111/><E111/><V29/><F94/><W4/><G4/><T43/><D28/><U67/><E5/><N who="2" m="3087" /><F50/><N who="3" m="29007" /><G38/><T134/><D134/><U9/><E9/><N who="2" m="6447" /><F40/><W93/><G36/><T31/><D31/><U44/><E44/><V34/><F133/><W119/><G119/><T131/><D131/><U87/><E55/><V96/><F96/><W92/><G92/><T1/><D1/><U105/><E35/><V89/><F89/><W75/><G75/><T80/><REACH who="0" step="1"/><D72/><REACH who="0" ten="189,255,292,254" step="2"/><U24/><E68/><V106/><F34/><W59/><G110/><T76/><D76/><U112/><E112/><V116/><F116/><W0/><G0/><T17/><D17/><U98/><E73/><V64/><F29/><W60/><G66/><T27/><D27/><AGARI ba="0,1" hai="16,21,27,57,58,59,60,65,84,90,93" m="29007" machi="27" ten="30,2000,0" yaku="8,1,54,1" doraHai="99" who="3" fromWho="0" sc="189,-20,255,0,292,0,254,30" /><INIT seed="5,0,0,4,2,56" ten="169,255,292,284" oya="1" hai0="2,98,130,135,24,129,41,11,120,35,65,111,61" hai1="15,59,58,116,118,123,79,104,132,22,37,43,99" hai2="115,62,85,133,71,27,81,119,20,93,84,57,32" hai3="126,70,33,3,73,42,25,49,107,39,13,121,16"/><U113/><E123/><V117/><F133/><W0/><G39/><T38/><D135/><U55/><E132/><V83/><F71/><W122/><G73/><T78/><D111/><U1/><E1/><V72/><F32/><W109/><G107/><T52/><D120/><U10/><E113/><V48/><F72/><W67/><G109/><T19/><D78/><U134/><E134/><V100/><F48/><W34/><G126/><T110/><D110/><U80/><E22/><V96/><F115/><W103/><G103/><T64/><D98/><U82/><E59/><V97/><F97/><W87/><G87/><N who="2" m="33353" /><F117/><W125/><G125/><T108/><D108/><U60/><E116/><V68/><F68/><W89/><G70/><T47/><D2/><U75/><E118/><V95/><F95/><W9/><G3/><T112/><D112/><U28/><E28/><N who="2" m="17511" /><F119/><W21/><G0/><T102/><D35/><U127/><E127/><V8/><F8/><W105/><G9/><T44/><D44/><U30/><E30/><V45/><F45/><W51/><G34/><T54/><D11/><U14/><E80/><V124/><F124/><W131/><G33/><T12/><D47/><N who="1" m="24047" /><E10/><V18/><F18/><W76/><G16/><T128/><D38/><U114/><E114/><V5/><F5/><W7/><G7/><T46/><D46/><U53/><E55/><AGARI ba="0,0" hai="55,57,62,81,83,93,96,100" m="17511,33353" machi="55" ten="30,2000,0" yaku="8,1,52,1" doraHai="56" who="2" fromWho="1" sc="169,0,255,-20,292,20,284,0" /><INIT seed="6,0,0,3,2,90" ten="169,235,312,284" oya="2" hai0="81,110,121,49,0,30,74,47,75,100,91,26,132" hai1="105,62,103,12,109,35,54,68,71,13,51,25,46" hai2="79,128,29,87,133,28,41,38,44,89,60,120,108" hai3="127,117,85,65,111,77,76,37,130,48,52,113,83"/><V66/><F120/><W34/><G117/><T7/><D121/><U104/><E109/><V116/><F128/><W93/><G37/><T88/><D110/><U42/><E105/><V98/><F133/><W86/><G111/><T84/><D132/><U92/><E104/><V64/><F64/><W43/><G34/><T94/><D100/><U96/><E71/><V45/><F45/><N who="3" m="27663" /><G130/><T129/><D129/><U11/><E11/><V24/><F116/><W15/><G127/><T115/><D115/><U72/><E72/><V16/><F79/><N who="3" m="46335" /><G113/><T40/><D7/><U50/><E62/><V119/><F119/><W17/><G43/><T131/><D0/><U9/><E9/><V22/><F108/><W32/><G32/><T21/><REACH who="0" step="1"/><D131/><REACH who="0" ten="159,235,312,284" step="2"/><U57/><REACH who="1" step="1"/><E68/><REACH who="1" ten="159,225,312,284" step="2"/><V78/><F60/><W56/><G76/><T123/><D123/><U55/><E55/><V1/><F78/><W70/><G70/><T124/><D124/><U122/><E122/><V80/><F66/><W33/><G77/><T99/><AGARI ba="0,2" hai="21,26,30,40,47,49,74,75,81,84,88,91,94,99" machi="99" ten="20,8000,1" yaku="1,1,0,1,7,1,52,1,54,1,53,0" doraHai="90" doraHaiUra="134" who="0" fromWho="0" sc="159,100,225,-20,312,-40,284,-20" /><INIT seed="7,0,0,4,5,15" ten="259,205,272,264" oya="3" hai0="59,76,18,8,100,132,72,43,57,44,128,40,35" hai1="104,51,97,27,16,114,111,11,74,33,71,79,54" hai2="58,42,85,14,105,116,90,3,56,70,95,133,46" hai3="31,117,129,32,41,98,73,52,109,30,120,1,19"/><W5/><G117/><T78/><D35/><U66/><E111/><V12/><F70/><W47/><G120/><T108/><D108/><U20/><E114/><V122/><F3/><W99/><G109/><T38/><D128/><U36/><E36/><V94/><F105/><W39/><G73/><T119/><D119/><U65/><E11/><V63/><F133/><W115/><G115/><T127/><D132/><U77/><E33/><V86/><F116/><W91/><G129/><T22/><D127/><U6/><E6/><V25/><F25/><W49/><G32/><T21/><D100/><U69/><E104/><V17/><F122/><W121/><G121/><T24/><D8/><U96/><E71/><V130/><F14/><W62/><G62/><T110/><D110/><U135/><E135/><V50/><F130/><W2/><G2/><T0/><D0/><U112/><E112/><V4/><F4/><W68/><G68/><T13/><D40/><U103/><E69/><V107/><F107/><W9/><G19/><T48/><D38/><U53/><E74/><V89/><F63/><W28/><REACH who="3" step="1"/><G91/><REACH who="3" ten="259,205,272,254" step="2"/><T10/><D22/><AGARI ba="0,1" hai="12,17,22,42,46,50,56,58,85,86,89,90,94,95" machi="22" ten="30,7700,0" yaku="7,1,9,1,8,1,52,1" doraHai="15" who="2" fromWho="0" sc="259,-77,205,0,272,87,254,0" owari="182,-31.8,205,-19.5,359,45.9,254,5.4" /></mjloggm>