<mjloggm ver="2.3"><GO type="169" lobby="0"/><UN n0="%E7%89%8C%E6%B5%81%E7%8A%B6%E6%85%8B%E9%BA%BB%E9%9B%80" n1="%E8%8A%B1%E9%81%93%E6%A1%9C%E6%9C%A8" n2="%E3%83%A4%E3%83%A0%E3%83%81%E3%83%A3%E7%84%A1%E6%95%B5" n3="%48%69%62%69%6B%69" dan="16,16,18,16" rate="2159.78,2140.81,2232.22,2108.90" sx="M,M,M,F"/><TAIKYOKU oya="0"/><INIT seed="0,0,0,1,0,17" ten="250,250,250,250" oya="0" hai0="43,132,48,122,86,27,127,82,8,67,76,130,66" hai1="11,69,99,125,94,79,62,126,81,68,119,10,14" hai2="72,24,15,107,13,7,47,52,71,96,116,113,35" hai3="16,92,19,74,64,44,106,51,110,33,2,40,60"/><T134/><D122/><U88/><E119/><V29/><F113/><W9/><G106/><T25/><D130/><U5/><E11/><V12/><F72/><W111/><G74/><T31/><D127/><N who="1" m="48651" /><E62/><V70/><F116/><W112/><G33/><T57/><D8/><U90/><E90/><V54/><F7/><N who="3" m="1271" /><G92/><T61/><D67/><U41/><E41/><V50/><REACH who="2" step="1"/><F54/><REACH who="2" ten="250,250,240,250" step="2"/><W37/><G112/><T78/><D134/><U34/><E34/><V117/><F117/><W135/><G135/><T102/><D132/><U55/><E55/><V6/><F6/><W101/><G111/><T77/><D102/><AGARI ba="0,1" hai="12,13,15,24,29,35,47,50,52,70,71,96,102,107" machi="102" ten="40,5200,0" yaku="1,1,54,1,53,1" doraHai="17" doraHaiUra="103" who="2" fromWho="0" sc="250,-52,250,0,240,62,250,0" /><INIT seed="1,0,0,2,2,42" ten="198,250,302,250" oya="1" hai0="79,83,43,70,87,66,35,45,9,73,10,115,89" hai1="80,3,52,118,67,124,123,27,5,14,16,101,63" hai2="126,125,116,122,99,31,59,69,85,105,121,6,132" hai3="28,96,72,56,130,81,60,62,25,49,112,119,54"/><U61/><E118/><V111/><F6/><W100/><G112/><T98/><D115/><U15/><E123/><V20/><F69/><W117/><G130/><T129/><D129/><U71/><E124/><N who="2" m="47723" /><F59/><W4/><G4/><T75/><D35/><U91/><E101/><N who="2" m="62655" /><F20/><W22/><G119/><T131/><D131/><U88/><E3/><V18/><F18/><W40/><G117/><T135/><D135/><U12/><E5/><V34/><F31/><W120/><G120/><T57/><D70/><U134/><E134/><V48/><F34/><W44/><G72/><T92/><D73/><U107/><E107/><V39/><F39/><W41/><G81/><T106/><D75/><U58/><REACH who="1" step="1"/><E80/><REACH who="1" ten="198,240,302,250" step="2"/><V46/><F116/><W94/><REACH who="3" step="1"/><G40/><REACH who="3" ten="198,240,302,240" step="2"/><T103/><D43/><U77/><E77/><V108/><F132/><W109/><G109/><T68/><D79/><U17/><E17/><V37/><F121/><W21/><G21/><AGARI ba="0,2" hai="12,14,15,16,21,27,52,58,61,63,67,71,88,91" machi="21" ten="40,12000,1" yaku="1,1,54,3,53,0" doraHai="42" doraHaiUra="113" who="1" fromWho="3" sc="198,0,240,140,302,0,240,-120" /><INIT seed="1,1,0,5,3,91" ten="198,380,302,120" oya="1" hai0="21,131,119,44,117,77,116,35,39,65,33,55,75" hai1="14,10,94,30,18,93,71,9,79,31,62,57,126" hai2="132,2,115,96,42,0,48,40,78,70,15,8,66" hai3="59,16,61,19,110,113,7,49,63,64,38,46,128"/><U133/><E71/><V6/><F132/><W52/><G110/><T74/><D131/><U123/><E123/><V87/><F115/><W53/><G113/><T108/><D108/><U20/><E133/><V103/><F70/><W129/><G7/><T13/><D65/><U23/><E126/><V76/><F66/><W90/><G90/><T118/><N who="0" m="29696" /><DORA hai="68" /><T84/><D84/><U72/><E72/><V41/><F48/><W100/><G100/><T12/><D75/><U29/><E79/><V109/><F109/><W120/><G120/><T28/><D28/><U135/><E135/><V47/><F47/><N who="3" m="27711" /><G19/><T114/><D114/><U121/><E121/><V5/><F5/><W22/><G16/><T37/><D77/><U58/><E58/><V97/><F97/><W24/><G22/><N who="1" m="8234" /><E9/><V106/><F78/><W1/><G24/><T83/><D74/><U102/><E102/><V124/><F124/><W98/><G1/><T85/><D35/><U101/><E101/><V81/><AGARI ba="1,0" hai="0,2,6,8,15,40,41,42,76,81,87,96,103,106" machi="81" ten="30,1100,0" yaku="0,1" doraHai="91,68" who="2" fromWho="2" sc="198,-4,380,-6,302,14,120,-4" /><INIT seed="2,0,0,5,1,127" ten="194,374,316,116" oya="2" hai0="28,98,99,55,30,19,66,22,49,106,24,47,31" hai1="20,11,113,125,68,32,112,44,111,52,131,91,46" hai2="58,81,65,79,62,10,93,74,128,38,23,94,43" hai3="8,78,18,70,53,14,133,100,61,6,35,9,13"/><V104/><F104/><W48/><G133/><T115/><D115/><U122/><E32/><V85/><F128/><W50/><G35/><T117/><D117/><U40/><E68/><V89/><F38/><W15/><G100/><T123/><D106/><U90/><E125/><V88/><F43/><W73/><G73/><T39/><D123/><U84/><E122/><V67/><F23/><W0/><G78/><T121/><D121/><U12/><E111/><V102/><F10/><W45/><G70/><T132/><D132/><U71/><E71/><V108/><F102/><W105/><G61/><T116/><D116/><U126/><E131/><V118/><F118/><W72/><G72/><T76/><D39/><U120/><E126/><V96/><REACH who="2" step="1"/><F108/><REACH who="2" ten="194,374,306,116" step="2"/><W77/><G105/><T134/><D134/><U34/><E34/><V27/><F27/><W60/><G8/><T124/><D124/><U5/><E120/><V129/><F129/><W36/><G36/><T80/><REACH who="0" step="1"/><D66/><AGARI ba="0,1" hai="58,62,65,66,67,74,79,81,85,88,89,93,94,96" machi="66" ten="30,11600,0" yaku="1,1,7,1,54,1,53,1" doraHai="127" doraHaiUra="95" who="2" fromWho="0" sc="194,-116,374,0,306,126,116,0" /><INIT seed="2,1,0,0,2,1" ten="78,374,432,116" oya="2" hai0="57,42,71,74,64,19,53,93,63,23,113,10,81" hai1="132,84,47,92,86,107,68,80,17,129,112,4,37" hai2="88,55,18,24,99,27,119,96,127,100,40,95,94" hai3="102,97,75,28,59,44,34,116,62,56,69,70,11"/><V135/><F119/><W31/><G116/><T41/><D113/><U50/><E112/><V108/><F127/><W20/><G75/><T35/><D35/><U32/><E107/><V128/><F135/><W125/><G34/><T126/><D126/><U76/><E132/><V89/><F128/><W3/><G125/><T0/><D93/><U121/><E32/><V72/><F72/><W61/><G44/><T13/><D74/><U39/><E68/><V122/><F122/><W79/><G79/><T104/><D81/><U83/><E129/><V60/><F108/><W43/><G43/><T51/><REACH who="0" step="1"/><D104/><REACH who="0" ten="68,374,432,116" step="2"/><U130/><E92/><V2/><F95/><W46/><G70/><T123/><D123/><U14/><E121/><V25/><F94/><W9/><G69/><T48/><D48/><U65/><E130/><V49/><F89/><W54/><G97/><T117/><D117/><U85/><E83/><V52/><F88/><W91/><G91/><T120/><D120/><U73/><E50/><V15/><F49/><W67/><G102/><T111/><D111/><U30/><E80/><V16/><F100/><W66/><G62/><T105/><D105/><U21/><E73/><V109/><F60/><W103/><G61/><T98/><D98/><U131/><E131/><V90/><F90/><W114/><G103/><T134/><D134/><U118/><E86/><V45/><F96/><W6/><G114/><T110/><D110/><U133/><E85/><V82/><F99/><W58/><G67/><T7/><AGARI ba="1,1" hai="0,7,10,13,19,23,41,42,51,53,57,63,64,71" machi="7" ten="30,4000,0" yaku="1,1,0,1,52,1,53,0" doraHai="1" doraHaiUra="77" who="0" fromWho="0" sc="68,53,374,-11,432,-21,116,-11" /><INIT seed="3,0,0,0,4,104" ten="121,363,411,105" oya="3" hai0="0,76,11,131,45,9,128,93,42,92,119,55,67" hai1="123,101,5,24,107,52,114,7,6,118,35,60,83" hai2="2,71,73,72,80,96,89,64,18,61,63,100,135" hai3="36,117,86,84,23,65,30,90,59,121,40,134,37"/><W58/><G121/><T111/><D119/><U10/><E123/><V79/><F135/><W44/><G117/><T115/><D111/><U98/><E118/><V77/><F2/><W1/><G1/><T106/><D106/><U33/><E114/><V38/><F38/><W78/><G134/><T54/><D67/><U91/><E10/><N who="0" m="3593" /><D0/><U81/><E91/><V75/><F18/><W4/><G37/><T102/><D76/><U41/><E41/><V109/><F109/><W47/><G4/><T20/><D20/><U50/><E60/><V125/><F125/><W70/><G70/><T108/><D115/><U87/><E24/><V51/><F51/><W12/><G65/><T15/><D15/><U3/><E3/><V32/><F32/><W82/><G47/><T26/><D26/><U17/><E17/><V103/><F103/><W113/><G113/><T85/><D85/><U8/><E8/><V48/><F48/><W62/><G62/><T27/><D27/><U105/><E105/><N who="2" m="63623" /><F61/><W46/><G30/><T116/><D108/><U68/><E68/><V28/><F28/><W122/><G122/><T43/><D116/><U57/><REACH who="1" step="1"/><E87/><REACH who="1" ten="121,353,411,105" step="2"/><V110/><F110/><W94/><G40/><T16/><D42/><U69/><E69/><V99/><F89/><W53/><G84/><T74/><D16/><U19/><E19/><V97/><F73/><W39/><G86/><T129/><D74/><U25/><E25/><V130/><F130/><W13/><G90/><T112/><D112/><U95/><E95/><N who="0" m="36425" /><D102/><U127/><E127/><V14/><F14/><W133/><G12/><RYUUKYOKU ba="0,1" sc="121,10,353,10,411,10,105,-30" hai0="43,45,54,55,128,129,131" hai1="5,6,7,33,35,50,52,57,81,83,98,101,107" hai2="63,64,71,72,75,77,79,80,97,99" /><INIT seed="4,1,1,2,4,34" ten="131,363,421,75" oya="0" hai0="23,73,107,77,71,96,97,68,110,132,74,47,22" hai1="133,79,124,59,128,17,125,93,99,66,113,90,32" hai2="31,3,41,12,112,135,88,69,104,92,101,91,21" hai3="52,81,5,27,20,111,44,86,57,33,50,87,38"/><T130/><D130/><U78/><E32/><V28/><F69/><W49/><G111/><T98/><D107/><U129/><E66/><V65/><F3/><W134/><G134/><T126/><D132/><U100/><E133/><V35/><F41/><W2/><G38/><T75/><D77/><N who="1" m="29195" /><E17/><V37/><F37/><W4/><G33/><T105/><D105/><U94/><E113/><V9/><F21/><N who="0" m="7690" /><D47/><U63/><E59/><V116/><F104/><W14/><G2/><T120/><D120/><U30/><E63/><V118/><F31/><N who="3" m="17895" /><G14/><T29/><D29/><U43/><E43/><V55/><F28/><W108/><G108/><T121/><D121/><U26/><E26/><V36/><F35/><W95/><G95/><T0/><D110/><U131/><E30/><V114/><F36/><W123/><G123/><T1/><D126/><U42/><E42/><V54/><F65/><W7/><G81/><T64/><D64/><U72/><E72/><V19/><F135/><W85/><G44/><T83/><D83/><U122/><E122/><V8/><F92/><W60/><AGARI ba="1,1" hai="4,5,7,49,50,52,57,60,85,86,87" m="17895" machi="60" ten="30,2000,0" yaku="8,1,54,1" doraHai="34" who="3" fromWho="3" sc="131,-11,363,-6,421,-6,75,33" /><INIT seed="5,0,0,3,1,131" ten="120,357,415,108" oya="1" hai0="85,49,123,60,6,52,57,132,130,116,113,111,27" hai1="53,129,16,5,77,2,56,43,59,84,99,114,105" hai2="98,135,37,100,75,62,121,119,96,83,124,32,31" hai3="12,22,18,87,117,103,47,88,65,66,17,63,78"/><U0/><E129/><V128/><F37/><W3/><G3/><T115/><D116/><U11/><E114/><N who="0" m="43529" /><D130/><U10/><E43/><V104/><F128/><W15/><G117/><T76/><D111/><U91/><E77/><V89/><F135/><W72/><G103/><T93/><D123/><U108/><E108/><V95/><F119/><W94/><G47/><N who="0" m="27711" /><D6/><U39/><E39/><V50/><F50/><W45/><G45/><T19/><D93/><U36/><E36/><V101/><F62/><W122/><G122/><T71/><D71/><U126/><E126/><V21/><F124/><W7/><G7/><T38/><D38/><U106/><E99/><V9/><F95/><W26/><G63/><T68/><D68/><U25/><E0/><V134/><F101/><W33/><G72/><T61/><D57/><U58/><E53/><V90/><F100/><W79/><G65/><T67/><D67/><U74/><E74/><V30/><F104/><W81/><G66/><T48/><D48/><U23/><REACH who="1" step="1"/><E11/><REACH who="1" ten="120,347,415,108" step="2"/><V20/><F9/><N who="3" m="6287" /><G78/><T86/><D76/><U14/><E14/><V8/><F8/><W64/><G64/><T69/><D69/><U112/><E112/><V29/><F98/><N who="3" m="57671" /><G33/><T109/><D109/><U51/><E51/><V70/><F32/><W110/><G110/><T118/><D118/><U73/><E73/><V41/><F75/><W4/><G15/><T34/><D34/><U92/><AGARI ba="0,1" hai="2,5,10,16,23,25,56,58,59,84,91,92,105,106" machi="92" ten="30,11700,0" yaku="1,1,0,1,54,1,53,1" doraHai="131" doraHaiUra="80" who="1" fromWho="1" sc="120,-39,347,127,415,-39,108,-39" /><INIT seed="5,1,0,2,2,129" ten="81,474,376,69" oya="1" hai0="68,58,39,93,60,114,59,23,128,71,36,32,94" hai1="96,88,112,83,1,134,13,57,27,131,113,92,115" hai2="54,41,70,48,42,74,99,90,98,5,107,76,126" hai3="56,16,62,91,89,26,111,4,51,30,105,108,20"/><U78/><E1/><V65/><F126/><W119/><G105/><T49/><D32/><U52/><E131/><V121/><F121/><W24/><G119/><T28/><D128/><U44/><E134/><V86/><F99/><W61/><G4/><T87/><D28/><U102/><E13/><V130/><F130/><W40/><G108/><T110/><D23/><U12/><E12/><V35/><F35/><W34/><G111/><T22/><D22/><U106/><E27/><V73/><F65/><W80/><G80/><T122/><D87/><U81/><E44/><V33/><F70/><W25/><G25/><T14/><D14/><U127/><E127/><V100/><F33/><W72/><G72/><T9/><D9/><U3/><E3/><V104/><F104/><W75/><G75/><T69/><D110/><U123/><E78/><V10/><F74/><W2/><G2/><T116/><D116/><U109/><E123/><V64/><F64/><W97/><G97/><T50/><D122/><U77/><E77/><V133/><F133/><W7/><G7/><T132/><D71/><U79/><E79/><V43/><F76/><W37/><G37/><T31/><D31/><U124/><E124/><V125/><F73/><W55/><G40/><T45/><D132/><U6/><E6/><V29/><F29/><W85/><G91/><T118/><D118/><U47/><E109/><V101/><F125/><W63/><G89/><T84/><D36/><U18/><E18/><V11/><F5/><W17/><G17/><T120/><D120/><U38/><E106/><V46/><F101/><RYUUKYOKU ba="1,0" sc="81,-15,474,-15,376,15,69,15" hai2="10,11,41,42,43,46,48,54,86,90,98,100,107" hai3="16,20,24,26,30,34,51,55,56,61,62,63,85" /><INIT seed="6,2,0,2,0,103" ten="66,459,391,84" oya="2" hai0="131,23,90,28,24,2,107,121,105,51,6,132,104" hai1="81,133,95,17,114,32,77,129,30,7,37,38,102" hai2="21,78,59,98,44,84,50,56,94,41,35,96,55" hai3="15,119,76,45,3,12,122,86,9,74,16,65,108"/><V106/><F35/><W33/><G122/><T60/><D121/><U124/><E7/><V101/><F21/><W61/><G119/><T8/><D131/><U31/><E129/><V67/><F67/><W39/><G108/><T64/><D132/><U19/><E133/><V70/><F70/><W72/><G33/><T54/><D90/><U68/><E68/><V128/><F128/><W73/><G3/><T27/><D27/><U14/><E114/><V109/><F109/><W18/><G86/><T42/><D42/><U92/><E124/><V97/><F106/><W13/><G76/><T66/><REACH who="0" step="1"/><D60/><REACH who="0" ten="56,459,391,84" step="2"/><U134/><E134/><V46/><F46/><AGARI ba="2,1" hai="2,6,8,23,24,28,46,51,54,64,66,104,105,107" machi="46" ten="40,8000,1" yaku="1,1,2,1,52,3,53,0" doraHai="103" doraHaiUra="126" who="0" fromWho="2" sc="56,96,459,0,391,-86,84,0" /><INIT seed="7,0,0,3,2,104" ten="152,459,305,84" oya="3" hai0="113,37,0,122,132,72,118,1,109,52,60,97,129" hai1="12,56,80,38,75,69,17,48,16,116,61,99,51" hai2="41,101,5,84,6,91,39,117,125,10,7,64,30" hai3="71,112,95,93,106,13,102,8,126,49,128,76,32"/><W94/><G112/><T74/><RYUUKYOKU type="yao9" ba="0,0" sc="152,0,459,0,305,0,84,0" hai0="0,1,37,52,60,72,74,97,109,113,118,122,129,132" /><INIT seed="7,1,0,5,4,110" ten="152,459,305,84" oya="3" hai0="78,24,17,41,102,114,95,30,83,46,66,79,63" hai1="123,58,75,85,29,130,50,131,6,112,99,38,62" hai2="135,124,93,28,10,27,96,37,104,53,86,118,87" hai3="126,26,18,14,82,8,125,59,117,128,127,69,21"/><W132/><G69/><T101/><D114/><U113/><E75/><V97/><F37/><W65/><G117/><T72/><D79/><U107/><E38/><V80/><F118/><W25/><G82/><T11/><D95/><U67/><E123/><V122/><F135/><W51/><G132/><T106/><D106/><U39/><E39/><V34/><F124/><W16/><G128/><N who="1" m="49194" /><E29/><V49/><F10/><W31/><G51/><T42/><D17/><U81/><E6/><V133/><F122/><W33/><G59/><T115/><D115/><U12/><E12/><V44/><F133/><W98/><G98/><T40/><D11/><U22/><E22/><V64/><F64/><W48/><G48/><T108/><D46/><U13/><E13/><V100/><F80/><W5/><REACH who="3" step="1"/><G65/><REACH who="3" ten="152,459,305,74" step="2"/><T1/><D108/><U77/><E50/><V3/><F97/><W55/><G55/><T7/><D66/><U129/><E129/><V56/><F56/><W2/><G2/><T91/><D1/><U120/><E120/><V9/><F3/><W116/><G116/><T94/><D63/><U32/><E99/><V43/><F53/><W119/><G119/><T109/><D109/><U36/><E36/><V84/><F104/><W0/><G0/><T90/><D83/><U47/><E107/><V45/><F49/><W92/><G92/><T76/><D94/><U20/><E113/><V15/><F43/><W89/><G89/><T23/><D91/><U134/><E112/><V35/><F93/><W52/><G52/><T54/><D41/><U73/><E134/><V57/><F96/><RYUUKYOKU ba="1,1" sc="152,-10,459,-10,305,-10,74,30" hai3="5,8,14,16,18,21,25,26,31,33,125,126,127" /><INIT seed="7,2,1,5,5,86" ten="142,449,295,104" oya="3" hai0="47,53,8,28,106,122,98,120,24,130,91,126,46" hai1="133,13,112,84,10,87,25,29,56,43,14,135,21" hai2="55,101,105,39,20,17,73,129,64,74,30,67,70" hai3="22,66,132,103,102,100,51,11,38,123,93,97,6"/><W12/><G123/><T32/><D130/><U85/><E112/><V50/><F129/><W63/><G38/><T76/><D76/><U9/><E43/><V41/><F30/><W3/><G132/><N who="1" m="50762" /><E56/><V4/><F4/><W118/><G118/><T23/><D8/><AGARI ba="2,1" hai="8,9,10,13,14,21,25,29,84,85,87" m="50762" machi="8" ten="30,1000,0" yaku="20,1" doraHai="86" who="1" fromWho="0" sc="142,-16,449,26,295,0,104,0" owari="126,-27.4,475,57.5,295,9.5,104,-39.6" /></mjloggm>