<mjloggm ver="2.3"><GO type="169" lobby="0"/><UN n0="%E3%81%BE%E3%83%BC%E3%81%86" n1="%53%69%65%72%72%61" n2="%59%75%49%74%6F" n3="%6D%75%72%61%30%2B" dan="16,16,16,16" rate="2068.22,2111.21,2059.09,2130.86" sx="M,M,M,M"/><TAIKYOKU oya="0"/><INIT seed="0,0,0,0,4,36" ten="250,250,250,250" oya="0" hai0="79,17,67,8,5,13,119,33,112,32,80,30,113" hai1="28,127,68,34,6,110,18,15,48,39,98,26,129" hai2="76,23,43,52,29,132,59,101,107,27,37,73,108" hai3="117,63,83,69,54,9,57,128,31,50,71,118,22"/><T58/><D119/><U0/><E39/><V131/><F108/><W62/><G9/><T88/><D113/><U130/><E68/><N who="3" m="26186" /><G83/><T74/><D112/><U11/><E48/><V10/><F132/><W86/><G86/><T4/><D32/><U109/><E127/><V14/><F101/><W64/><G22/><T82/><D30/><U125/><E125/><V133/><F107/><W96/><G96/><T100/><D100/><U134/><E98/><V126/><F126/><W20/><G20/><T60/><REACH who="0" step="1"/><D33/><REACH who="0" ten="240,250,250,250" step="2"/><U122/><E134/><V49/><F133/><W78/><G31/><T21/><D21/><N who="1" m="11487" /><E122/><V40/><F37/><W55/><G128/><AGARI ba="0,1" hai="0,6,11,26,28,34,109,110,128,129,130" m="11487" machi="128" ten="30,7700,0" yaku="24,1,19,1,34,2" doraHai="36" who="1" fromWho="3" sc="240,0,250,87,250,0,250,-77" /><INIT seed="1,0,0,5,0,68" ten="240,337,250,173" oya="1" hai0="83,100,25,130,105,17,36,1,76,41,82,87,99" hai1="20,0,81,23,120,13,85,34,111,49,102,115,59" hai2="78,108,70,88,117,2,24,77,27,104,56,12,121" hai3="18,80,30,5,29,109,26,86,125,62,33,94,90"/><U48/><E115/><V35/><F117/><W15/><G109/><T54/><D1/><U114/><E114/><V42/><F121/><W84/><G125/><T116/><D130/><U46/><E0/><V133/><F2/><W28/><G5/><T73/><D116/><U31/><E120/><V96/><F70/><W75/><G75/><T79/><D54/><U45/><E102/><V7/><F104/><W19/><G62/><T4/><D4/><U92/><E92/><N who="2" m="56327" /><F35/><W126/><G126/><T113/><D113/><U123/><E59/><V110/><F133/><W40/><G40/><T65/><D65/><U66/><E66/><V89/><F89/><W53/><G53/><T74/><D87/><U135/><E135/><V129/><F56/><W3/><G3/><T64/><D64/><U50/><E111/><N who="2" m="42539" /><F129/><W106/><G106/><T119/><D17/><N who="1" m="10287" /><E34/><V60/><F60/><W32/><G19/><T21/><D119/><U9/><E123/><V47/><F47/><W71/><G71/><T37/><REACH who="0" step="1"/><D41/><REACH who="0" ten="230,337,250,173" step="2"/><U112/><E112/><V134/><F42/><W51/><G18/><T122/><D122/><U101/><E85/><V43/><F43/><W52/><G86/><T57/><D57/><U98/><E46/><V127/><F134/><W107/><G84/><T103/><D103/><U72/><E45/><V91/><F127/><W44/><G44/><T14/><D14/><U95/><E101/><V118/><F118/><W55/><G15/><T63/><D63/><U67/><E67/><V97/><F7/><W6/><G6/><T38/><D38/><U16/><E16/><RYUUKYOKU ba="0,1" sc="230,30,337,-10,250,-10,173,-10" hai0="21,25,36,37,73,74,76,79,82,83,99,100,105" /><INIT seed="2,1,1,4,0,52" ten="260,327,240,163" oya="2" hai0="54,56,69,12,92,35,93,114,31,41,7,102,107" hai1="37,97,16,66,113,78,33,129,135,89,26,10,123" hai2="108,95,13,23,103,21,87,62,46,6,84,74,111" hai3="125,15,118,39,2,115,32,48,70,18,25,63,81"/><V36/><F74/><W116/><G39/><T1/><D69/><U27/><E113/><V3/><F3/><W4/><G115/><T28/><D1/><U57/><E37/><V130/><F130/><W65/><G125/><T96/><D41/><U40/><E129/><V14/><F46/><W19/><G19/><T30/><D35/><U133/><E40/><V44/><F44/><W22/><G81/><T49/><D114/><U8/><E78/><V128/><F36/><W119/><G48/><T43/><D43/><U58/><E123/><V134/><F128/><W88/><G119/><T38/><D38/><U34/><E89/><V47/><F47/><W121/><G121/><T127/><D127/><U117/><E97/><N who="2" m="59839" /><F62/><W120/><G120/><T73/><D73/><U101/><E101/><V83/><F134/><W42/><G88/><T9/><AGARI ba="1,1" hai="7,9,12,28,30,31,49,54,56,92,93,96,102,107" machi="9" ten="30,2000,0" yaku="0,1,52,1" doraHai="52" who="0" fromWho="0" sc="260,33,327,-6,240,-11,163,-6" /><INIT seed="3,0,0,0,4,65" ten="293,321,229,157" oya="3" hai0="19,92,17,113,10,64,112,123,55,0,16,77,52" hai1="68,25,22,120,14,129,21,135,131,33,3,127,38" hai2="100,122,107,97,76,90,87,2,118,82,83,20,73" hai3="126,43,70,103,101,56,80,69,29,125,79,98,85"/><W62/><G43/><T11/><D123/><U41/><E120/><V27/><F2/><W31/><G31/><T15/><D77/><U40/><E3/><V58/><F122/><W6/><G29/><T63/><D92/><U37/><E135/><V94/><F58/><W88/><G6/><T89/><D89/><U18/><E127/><N who="3" m="48650" /><G79/><T134/><D134/><U106/><E106/><V128/><F128/><W45/><G45/><T51/><D0/><U24/><E14/><V12/><F12/><W93/><G103/><T132/><D132/><U46/><E33/><V23/><F118/><W30/><G30/><T104/><D104/><U61/><E61/><V49/><F83/><W81/><G81/><T114/><D51/><U60/><E60/><V4/><F4/><W32/><G32/><T74/><D74/><U8/><E8/><N who="0" m="3113" /><D15/><U67/><E67/><AGARI ba="0,0" hai="56,62,67,69,70,80,85,88,93,98,101" m="48650" machi="67" ten="30,11600,0" yaku="18,1,52,2,54,1" doraHai="65" who="3" fromWho="1" sc="293,0,321,-116,229,0,157,116" /><INIT seed="3,1,0,2,1,42" ten="293,205,229,273" oya="3" hai0="61,62,55,82,123,127,43,89,45,52,8,84,7" hai1="13,80,103,15,125,24,41,69,115,119,90,132,134" hai2="73,49,135,92,112,35,122,17,22,116,117,53,93" hai3="105,3,4,63,98,74,20,23,95,5,6,2,48"/><W76/><G105/><T121/><D127/><U113/><E69/><V129/><F112/><W1/><G63/><T39/><D123/><U102/><E125/><V71/><F71/><W128/><G128/><T83/><D121/><U21/><E119/><V32/><F122/><W33/><G33/><T106/><D106/><U50/><E80/><V10/><F135/><W46/><G76/><T130/><D130/><U99/><E90/><V104/><F73/><W70/><G70/><T25/><D25/><U9/><E41/><V38/><F38/><W131/><G74/><T26/><D26/><U67/><E67/><V44/><F10/><W65/><G65/><T54/><REACH who="0" step="1"/><D82/><REACH who="0" ten="283,205,229,273" step="2"/><U111/><E24/><V14/><F104/><W78/><G131/><T126/><D126/><U19/><E113/><V72/><F129/><W109/><G109/><T59/><D59/><U85/><E115/><V0/><F117/><W87/><G78/><T12/><AGARI ba="1,1" hai="7,8,12,39,43,45,52,54,55,61,62,83,84,89" machi="12" ten="30,12000,2" yaku="1,1,0,1,52,1,54,1,53,2" doraHai="42" doraHaiUra="58" who="0" fromWho="0" sc="283,133,205,-31,229,-31,273,-61" /><INIT seed="4,0,0,5,0,33" ten="416,174,198,212" oya="0" hai0="108,81,110,52,101,42,48,0,105,122,109,106,78" hai1="41,111,9,123,77,92,72,45,36,28,83,95,80" hai2="86,74,63,58,12,22,10,15,71,79,124,4,39" hai3="6,11,19,89,114,115,84,29,91,82,21,27,135"/><T128/><D122/><U65/><E111/><V107/><F107/><W5/><G135/><T17/><D42/><U31/><E123/><V44/><F71/><W125/><G125/><T117/><D117/><U56/><E80/><V14/><F74/><W3/><G5/><T100/><D17/><U97/><E92/><V118/><F124/><W2/><G2/><T37/><D37/><U26/><E26/><V8/><F22/><W90/><REACH who="3" step="1"/><G29/><REACH who="3" ten="416,174,198,202" step="2"/><T119/><D0/><U34/><E28/><V73/><F4/><W85/><G85/><N who="0" m="48311" /><D119/><U49/><E31/><V93/><F86/><W116/><G116/><T126/><D126/><U104/><E34/><V68/><F73/><W35/><G35/><T57/><D128/><U61/><E9/><V43/><F8/><W46/><G46/><T40/><D110/><U38/><REACH who="1" step="1"/><E104/><REACH who="1" ten="416,164,198,202" step="2"/><V112/><F10/><W98/><G98/><T129/><D105/><U1/><E1/><V96/><F96/><W7/><G7/><T53/><D106/><U88/><AGARI ba="0,2" hai="36,38,41,45,49,56,61,65,72,77,83,88,95,97" machi="88" ten="20,5200,0" yaku="1,1,0,1,7,1,54,1,53,0" doraHai="33" doraHaiUra="51" who="1" fromWho="1" sc="416,-26,164,72,198,-13,202,-13" /><INIT seed="5,0,0,5,5,25" ten="390,236,185,189" oya="1" hai0="35,105,74,61,58,3,17,39,109,4,95,48,101" hai1="84,79,88,102,31,90,1,114,14,49,103,124,18" hai2="71,33,29,2,20,0,53,40,7,108,115,76,121" hai3="9,64,125,68,116,65,28,13,104,30,60,120,63"/><U21/><E1/><V127/><F121/><W75/><G120/><T47/><D109/><U78/><E114/><V86/><F71/><W100/><G75/><T16/><D35/><U131/><E131/><V94/><F108/><W67/><G125/><T11/><D74/><U15/><E124/><V54/><F127/><W5/><G116/><T6/><D39/><U43/><E15/><V129/><F33/><W133/><G133/><T51/><D105/><U69/><E69/><V134/><F134/><W46/><G46/><T118/><D48/><U122/><E90/><V34/><F34/><W77/><G77/><T44/><D44/><N who="1" m="25759" /><E122/><V81/><F76/><N who="1" m="29225" /><E31/><N who="3" m="11818" /><G104/><T32/><D32/><U132/><E132/><V128/><F129/><W110/><G110/><T66/><D118/><U70/><E70/><V73/><F128/><W62/><G68/><T10/><D101/><AGARI ba="0,0" hai="5,9,13,60,62,63,64,65,67,100,101" m="11818" machi="101" ten="40,8000,1" yaku="8,1,52,3" doraHai="25" who="3" fromWho="0" sc="390,-80,236,0,185,0,189,80" /><INIT seed="6,0,0,3,3,101" ten="310,236,185,269" oya="2" hai0="9,84,16,32,78,54,105,70,92,79,75,27,14" hai1="109,133,22,1,117,131,38,41,73,97,39,19,30" hai2="134,119,68,56,106,53,47,88,77,55,83,120,37" hai3="116,111,89,107,98,100,45,10,90,66,40,61,62"/><V108/><F120/><W12/><G111/><T96/><D75/><U118/><E109/><V93/><F119/><W87/><G116/><T72/><D72/><U42/><E73/><V58/><F108/><W59/><G62/><T24/><D105/><U94/><E1/><V95/><F68/><W127/><G127/><T25/><D70/><U129/><E30/><V71/><F71/><W76/><G76/><N who="0" m="29227" /><D32/><U15/><E133/><V2/><F106/><W3/><G3/><T34/><D34/><U81/><E81/><V67/><F2/><W103/><G103/><N who="0" m="60807" /><D84/><U65/><E65/><V115/><F37/><W49/><REACH who="3" step="1"/><G87/><REACH who="3" ten="310,236,185,259" step="2"/><T128/><D128/><U8/><E118/><V23/><F67/><W125/><G125/><T91/><D91/><U18/><E117/><V124/><F77/><W35/><G35/><T130/><D130/><U17/><E129/><V102/><F124/><W60/><G60/><T57/><D27/><U52/><E131/><V132/><F134/><W82/><G82/><T36/><D36/><U110/><E110/><V31/><F83/><W33/><G33/><T51/><AGARI ba="0,1" hai="9,14,16,24,25,51,54,57" m="60807,29227" machi="51" ten="30,2000,0" yaku="8,1,54,1" doraHai="101" who="0" fromWho="0" sc="310,30,236,-5,185,-10,259,-5" /><INIT seed="7,0,0,0,4,69" ten="340,231,175,254" oya="3" hai0="130,82,131,125,72,121,20,66,90,53,60,76,135" hai1="79,62,104,56,105,10,14,23,134,116,97,16,88" hai2="96,26,50,99,83,41,70,84,57,39,47,89,32" hai3="29,25,51,107,54,122,13,17,103,46,36,22,68"/><W12/><G122/><T74/><D121/><U117/><E134/><V38/><F70/><W126/><G126/><T35/><D35/><U7/><E79/><V67/><F32/><W19/><G68/><T61/><D135/><U21/><E21/><V120/><F120/><W40/><G107/><T42/><D42/><U106/><E88/><V18/><F67/><W4/><G103/><T114/><D72/><U100/><E56/><V44/><F57/><W27/><G4/><T45/><D20/><U112/><E62/><V80/><F80/><W95/><G95/><T129/><D90/><U124/><E124/><V85/><F85/><W109/><G109/><T59/><D114/><U34/><E34/><V58/><F58/><W115/><G115/><T118/><D118/><N who="1" m="45675" /><E112/><V91/><F91/><W108/><G108/><T92/><D92/><U5/><E5/><V33/><F33/><W52/><G29/><T132/><D132/><U31/><E31/><V55/><REACH who="2" step="1"/><F39/><REACH who="2" ten="340,231,165,254" step="2"/><W65/><G65/><T128/><D129/><U123/><E123/><V75/><F75/><W43/><G36/><T30/><D66/><U9/><E9/><V71/><F71/><W86/><G86/><T133/><D133/><U127/><E127/><V63/><F63/><W111/><G111/><T73/><D125/><U98/><E100/><V77/><F77/><W93/><G51/><T101/><D131/><U48/><E48/><V1/><F1/><AGARI ba="0,1" hai="1,7,10,14,16,23,97,98,104,105,106" m="45675" machi="1" ten="40,2600,0" yaku="12,1,54,1" doraHai="69" who="1" fromWho="2" sc="340,0,231,36,165,-26,254,0" owari="340,44.0,267,6.7,139,-36.1,254,-14.6" /></mjloggm>