<mjloggm ver="2.3"><GO type="169" lobby="0"/><UN n0="%6A%61%63%6B%74" n1="%50%73%79%63%68%65" n2="%E9%BB%92%E9%9B%BB%E8%A9%B1" n3="%E3%81%B1%E3%83%BC%E3%81%9B%E3%82%93%E3%81%A8%E4%BE%8D" dan="16,16,16,18" rate="2123.37,2163.91,2132.16,2195.23" sx="M,M,M,M"/><TAIKYOKU oya="0"/><INIT seed="0,0,0,3,4,129" ten="250,250,250,250" oya="0" hai0="48,64,89,134,67,34,121,42,83,18,5,79,15" hai1="76,110,127,28,9,77,60,27,19,92,103,135,29" hai2="65,96,50,81,128,119,70,118,90,111,68,106,85" hai3="55,45,104,56,1,78,12,22,13,11,82,57,126"/><T17/><D121/><U41/><E110/><V6/><F111/><W54/><G104/><T98/><D34/><U47/><E127/><V49/><F6/><W87/><G126/><T30/><D30/><U62/><E103/><V113/><F113/><W108/><G108/><T130/><D130/><U35/><E92/><V16/><F128/><W101/><G101/><T37/><D37/><U107/><E107/><V99/><F106/><W116/><G116/><N who="2" m="44585" /><F65/><W102/><G102/><T7/><D67/><U36/><E29/><V24/><F50/><W73/><G45/><T53/><D64/><U88/><E62/><V46/><F16/><N who="3" m="10503" /><G73/><T43/><D18/><U72/><E60/><V4/><F24/><W112/><G1/><T66/><D66/><U59/><E72/><V71/><F4/><N who="3" m="3303" /><G112/><T39/><D39/><U63/><E36/><V124/><F124/><W23/><G23/><T20/><D7/><U38/><E38/><V132/><F132/><W105/><G105/><T131/><D134/><U10/><E135/><V133/><F133/><W58/><AGARI ba="0,0" hai="54,55,56,57,58,78,82,87" m="3303,10503" machi="58" ten="30,2000,0" yaku="8,1,54,1" doraHai="129" who="3" fromWho="3" sc="250,-10,250,-5,250,-5,250,20" /><INIT seed="1,0,0,2,1,15" ten="240,245,245,270" oya="1" hai0="56,36,66,105,17,28,63,113,70,94,13,69,107" hai1="42,40,24,34,104,31,100,53,72,89,82,92,65" hai2="117,87,51,102,101,97,61,109,112,39,16,91,134" hai3="108,74,75,118,124,49,64,62,114,30,76,96,32"/><U38/><E38/><V21/><F39/><W122/><G114/><T125/><D113/><U4/><E4/><V19/><F117/><W48/><G122/><T7/><D125/><U129/><E129/><V25/><F109/><W1/><G1/><T6/><D36/><U126/><E126/><V2/><F112/><W18/><G124/><T55/><D28/><U123/><E123/><V52/><F2/><W14/><G108/><T90/><D6/><U20/><E65/><V41/><F134/><W50/><G76/><T106/><D7/><U68/><E68/><V77/><F61/><W103/><G32/><T11/><REACH who="0" step="1"/><D66/><REACH who="0" ten="230,245,245,270" step="2"/><U9/><E31/><V111/><F111/><W23/><G30/><T10/><D10/><U88/><E9/><V37/><F37/><W29/><G29/><T12/><D12/><U67/><E67/><V133/><F133/><W119/><G118/><T0/><D0/><U73/><E34/><V86/><F41/><W127/><G119/><T128/><D128/><U45/><E42/><V95/><F19/><W115/><G115/><T46/><D46/><U35/><E40/><V135/><F135/><W131/><G131/><T47/><D47/><U83/><E35/><V81/><F97/><AGARI ba="0,1" hai="11,13,17,55,56,63,69,70,90,94,97,105,106,107" machi="97" ten="40,5200,0" yaku="1,1,52,1,53,1" doraHai="15" doraHaiUra="5" who="0" fromWho="2" sc="230,62,245,0,245,-52,270,0" /><INIT seed="2,0,0,0,2,115" ten="292,245,193,270" oya="2" hai0="92,107,14,44,10,76,87,73,46,68,109,53,27" hai1="24,18,48,112,124,17,126,108,62,113,118,125,29" hai2="114,57,129,26,94,63,102,9,35,98,32,52,38" hai3="58,99,3,78,120,104,67,74,91,13,121,28,43"/><V37/><F114/><N who="1" m="44137" /><E62/><V116/><F116/><W42/><G3/><T49/><D68/><U19/><E48/><V65/><F129/><W6/><G28/><T55/><D109/><U33/><E108/><V2/><F26/><W119/><G13/><T71/><D107/><U84/><E84/><V60/><F35/><W21/><G21/><T80/><D71/><U20/><E118/><V61/><F32/><AGARI ba="0,0" hai="17,18,19,20,24,29,32,33,124,125,126" m="44137" machi="32" ten="40,5200,0" yaku="18,1,34,2" doraHai="115" who="1" fromWho="2" sc="292,0,245,52,193,-52,270,0" /><INIT seed="3,0,0,1,3,18" ten="292,297,141,270" oya="3" hai0="85,104,121,119,78,66,88,57,81,50,87,120,23" hai1="107,124,4,7,73,49,44,58,11,12,100,79,110" hai2="92,83,127,69,24,55,132,106,39,45,3,101,99" hai3="122,36,15,102,13,93,76,62,56,98,111,113,0"/><W65/><G122/><T97/><D119/><U82/><E110/><V8/><F69/><W47/><G113/><T129/><D129/><U41/><E124/><V135/><F127/><W52/><G0/><T16/><D104/><U17/><REACH who="1" step="1"/><E58/><REACH who="1" ten="292,287,141,270" step="2"/><V26/><F135/><W32/><G111/><T114/><D114/><U74/><E74/><V131/><F132/><W9/><G32/><T21/><D121/><U128/><E128/><V108/><F108/><W112/><G112/><T48/><D120/><U2/><E2/><V90/><F131/><W96/><G76/><T126/><D126/><U133/><E133/><V115/><F115/><W109/><G109/><T25/><D97/><AGARI ba="0,1" hai="4,7,11,12,17,41,44,49,73,79,82,97,100,107" machi="97" ten="40,1300,0" yaku="1,1,53,0" doraHai="18" doraHaiUra="64" who="1" fromWho="0" sc="292,-13,287,23,141,0,270,0" /><INIT seed="4,0,0,5,5,9" ten="279,310,141,270" oya="0" hai0="90,33,2,52,13,22,106,91,65,119,12,108,64" hai1="131,134,48,51,25,36,45,41,114,15,30,32,8" hai2="111,94,20,72,97,107,67,105,78,39,11,87,28" hai3="120,59,4,118,63,19,77,49,126,70,81,130,40"/><T95/><D119/><U86/><E134/><V6/><F111/><W3/><G118/><T82/><D33/><U129/><E114/><V84/><F39/><W66/><G126/><T35/><D35/><U125/><E125/><V62/><F72/><W73/><G130/><N who="1" m="49674" /><E86/><V43/><F43/><W24/><G3/><T23/><D2/><U60/><E60/><V76/><F107/><W71/><G4/><AGARI ba="0,0" hai="4,8,15,25,30,32,36,41,45,48,51" m="49674" machi="4" ten="30,2000,0" yaku="19,1,52,1" doraHai="9" who="1" fromWho="3" sc="279,0,310,20,141,0,270,-20" /><INIT seed="5,0,0,2,5,32" ten="279,330,141,250" oya="1" hai0="86,107,128,5,14,60,125,88,3,58,129,26,119" hai1="61,30,78,70,133,31,131,18,121,130,56,106,19" hai2="36,15,44,111,75,66,84,97,118,20,103,54,77" hai3="108,101,90,114,64,89,47,122,124,35,81,80,0"/><U49/><E106/><V92/><F111/><W99/><G35/><T94/><D119/><U100/><E100/><V16/><F118/><W53/><G64/><T38/><D38/><U110/><E78/><V33/><F33/><W6/><G108/><T48/><D107/><U8/><E110/><V2/><F66/><W37/><G122/><T132/><D26/><U7/><E70/><V83/><F54/><W22/><G114/><T71/><D71/><U115/><E49/><V69/><F69/><W50/><G124/><T116/><D116/><U11/><E56/><V68/><F68/><W87/><G22/><T55/><D125/><U104/><E61/><V52/><F75/><W67/><G67/><T134/><D14/><U112/><E104/><V113/><F113/><W74/><G37/><T43/><D43/><U63/><E63/><V72/><F72/><W27/><G27/><T28/><D28/><U41/><E41/><V12/><F2/><W59/><G0/><T23/><D23/><U34/><E34/><V1/><F1/><W85/><G6/><T76/><D76/><U21/><E21/><V98/><F98/><W40/><G74/><T123/><D60/><U51/><E51/><N who="2" m="28775" /><F36/><W135/><G135/><N who="0" m="51755" /><D123/><U73/><E73/><V25/><AGARI ba="0,0" hai="12,15,16,20,25,77,83,84,92,97,103" m="28775" machi="25" ten="30,4000,0" yaku="8,1,54,2" doraHai="32" who="2" fromWho="2" sc="279,-10,330,-20,141,40,250,-10" /><INIT seed="6,0,0,0,2,40" ten="269,310,181,240" oya="2" hai0="2,52,21,127,96,81,130,75,25,56,44,92,108" hai1="123,30,45,6,59,115,63,10,134,71,88,70,95" hai2="24,77,98,124,1,102,89,61,73,57,128,99,133" hai3="5,23,78,85,105,67,33,121,126,84,16,69,94"/><V74/><F1/><W132/><G105/><T53/><D108/><U20/><E115/><V49/><F128/><W109/><G109/><T117/><D2/><U19/><E30/><V97/><F124/><W3/><G121/><T122/><D122/><U80/><E80/><V11/><F133/><W50/><G33/><T100/><D127/><U82/><E82/><V46/><F77/><W106/><G106/><T32/><D32/><U22/><E22/><V41/><F102/><W125/><G132/><T110/><D110/><U76/><E76/><V113/><F113/><W28/><G28/><T48/><D130/><U60/><E60/><V38/><F38/><W114/><G114/><T39/><D117/><U101/><E101/><V31/><F11/><W17/><G67/><T26/><D39/><U116/><E116/><V66/><REACH who="2" step="1"/><F89/><REACH who="2" ten="269,310,171,240" step="2"/><N who="3" m="53543" /><G78/><T91/><D75/><U86/><E134/><V51/><F51/><W54/><G50/><N who="0" m="28743" /><D21/><AGARI ba="0,1" hai="21,24,31,41,46,49,57,61,66,73,74,97,98,99" machi="21" ten="40,3900,0" yaku="1,1,52,1,53,0" doraHai="40" doraHaiUra="111" who="2" fromWho="0" sc="269,-39,310,0,171,49,240,0" /><INIT seed="6,1,0,1,1,128" ten="230,310,220,240" oya="2" hai0="97,100,111,36,105,94,43,116,10,39,12,134,77" hai1="22,76,81,90,45,84,127,68,130,28,16,13,79" hai2="131,67,80,23,30,9,135,32,63,42,46,124,64" hai3="0,123,51,113,27,74,44,17,59,19,41,8,102"/><V40/><F131/><W101/><G74/><T62/><D111/><U5/><E68/><V34/><F124/><W132/><G123/><T37/><D116/><U52/><E130/><V6/><F42/><W1/><G1/><T57/><D77/><U15/><E28/><V50/><F135/><W65/><G113/><T18/><D105/><U48/><E127/><V98/><F98/><W114/><G114/><T119/><D119/><U91/><E91/><V121/><F121/><W96/><G132/><T118/><D118/><U125/><E125/><V3/><F67/><W104/><G102/><T7/><D134/><U70/><E70/><V56/><F30/><W120/><G27/><T108/><D108/><U38/><E38/><V112/><F112/><W106/><G106/><T83/><D83/><U4/><E15/><V115/><F115/><W103/><G103/><T60/><D60/><U35/><E35/><V110/><F110/><W29/><G29/><T11/><D43/><U21/><E21/><V133/><F133/><W117/><G120/><T99/><D99/><U88/><E90/><V86/><REACH who="2" step="1"/><F23/><REACH who="2" ten="230,310,210,240" step="2"/><W95/><G117/><T54/><REACH who="0" step="1"/><D36/><REACH who="0" ten="220,310,210,240" step="2"/><U107/><E107/><V14/><F14/><AGARI ba="1,2" hai="7,10,11,12,14,18,37,39,54,57,62,94,97,100" machi="14" ten="30,3900,0" yaku="1,1,2,1,7,1,53,0" doraHai="128" doraHaiUra="109" who="0" fromWho="2" sc="220,62,310,0,210,-42,240,0" /><INIT seed="7,0,0,4,1,130" ten="282,310,168,240" oya="3" hai0="48,90,124,102,37,88,95,109,17,19,87,24,131" hai1="38,117,41,45,81,33,134,98,22,53,100,64,73" hai2="128,9,29,10,26,27,66,16,92,58,35,50,28" hai3="52,110,89,12,119,11,7,14,42,107,106,103,5"/><W82/><G119/><T1/><D109/><U70/><E33/><V56/><F128/><W21/><G42/><T31/><D37/><U0/><E117/><V97/><F56/><W34/><G34/><T69/><D131/><U32/><E32/><V79/><F79/><W105/><G110/><T99/><D124/><U114/><E53/><V2/><F2/><W68/><G68/><T60/><D1/><U40/><E40/><V20/><F28/><W71/><G71/><T77/><D77/><N who="1" m="44207" /><E22/><V49/><F49/><W129/><G103/><T15/><D90/><U25/><E25/><V4/><F4/><W93/><G82/><T84/><D84/><U76/><E76/><V18/><F18/><W121/><G121/><T74/><D74/><U115/><E0/><V63/><REACH who="2" step="1"/><F50/><REACH who="2" ten="282,310,158,240" step="2"/><W30/><G129/><T44/><D48/><U111/><E111/><V85/><F85/><W51/><G30/><T126/><D31/><U54/><E70/><V118/><F118/><W6/><G51/><T96/><D19/><U133/><E38/><V36/><F36/><W94/><G7/><T80/><D69/><U120/><E120/><V125/><F125/><W112/><G6/><T62/><D126/><U108/><E108/><V39/><F39/><W123/><G5/><T91/><D17/><U116/><E116/><V113/><F113/><W83/><G112/><T61/><D87/><U57/><E115/><V127/><F127/><W47/><G123/><T86/><D86/><U43/><E114/><V75/><F75/><W3/><G3/><T104/><D44/><U72/><E45/><RYUUKYOKU ba="0,1" sc="282,-10,310,-10,158,30,240,-10" hai2="9,10,16,20,26,27,29,35,58,63,66,92,97" owari="272,7.2,310,41.0,188,-31.2,230,-17.0" /></mjloggm>