<mjloggm ver="2.3"><GO type="169" lobby="0"/><UN n0="%E3%83%9E%E3%83%BC%E3%83%9C%E3%82%A6" n1="%52%59%4F%40%53%53" n2="%E7%89%8C%E6%B5%81%E7%8A%B6%E6%85%8B%E9%BA%BB%E9%9B%80" n3="%E5%AE%8C%E5%85%A8%E5%AE%89%E7%89%8C" dan="16,17,16,17" rate="2108.91,2235.17,2144.23,2181.53" sx="M,M,M,M"/><TAIKYOKU oya="0"/><INIT seed="0,0,0,0,4,27" ten="250,250,250,250" oya="0" hai0="67,124,16,29,36,12,53,43,99,54,109,85,94" hai1="80,107,38,15,5,18,84,128,89,61,75,1,76" hai2="127,39,10,59,3,70,63,103,98,49,19,116,111" hai3="68,21,9,64,17,81,25,73,47,24,119,132,52"/><T91/><D124/><U134/><E128/><V33/><F39/><W108/><G119/><T6/><D109/><U105/><E38/><V13/><F111/><W110/><G132/><T62/><D6/><U100/><E134/><V31/><F127/><W88/><G68/><T78/><D36/><U20/><E100/><V65/><F3/><W41/><G64/><T118/><D118/><U72/><E72/><V104/><F116/><W129/><G41/><T34/><D43/><U125/><E125/><V121/><F121/><W90/><G129/><T126/><D126/><U0/><E61/><V112/><F112/><W4/><G24/><T60/><D34/><U2/><REACH who="1" step="1"/><E5/><REACH who="1" ten="250,240,250,250" step="2"/><V56/><F49/><W69/><G108/><T74/><D74/><U117/><E117/><V8/><F63/><N who="0" m="24106" /><D67/><U82/><AGARI ba="0,1" hai="0,1,2,15,18,20,75,76,80,82,84,89,105,107" machi="82" ten="40,2700,0" yaku="1,1,0,1,53,0" doraHai="27" doraHaiUra="130" who="1" fromWho="1" sc="250,-13,240,37,250,-7,250,-7" /><INIT seed="1,0,0,0,4,68" ten="237,277,243,243" oya="1" hai0="55,128,119,83,97,103,16,48,44,117,110,99,112" hai1="69,9,30,50,31,66,135,84,14,39,95,108,133" hai2="77,27,101,89,71,7,43,98,5,24,47,64,92" hai3="94,21,93,105,102,18,46,52,13,56,129,120,25"/><U51/><E69/><V57/><F71/><W17/><G129/><T59/><D112/><U54/><E66/><V20/><F77/><W107/><G120/><T3/><D3/><U42/><E108/><V91/><F27/><W63/><G46/><T75/><D110/><U19/><E95/><V90/><F57/><W10/><REACH who="3" step="1"/><G105/><REACH who="3" ten="237,277,243,233" step="2"/><T100/><D44/><U88/><E135/><V53/><F64/><W6/><G6/><T49/><D128/><U116/><E133/><V12/><F5/><W15/><G15/><T80/><D75/><U26/><E26/><V115/><F7/><W127/><G127/><T11/><D119/><U62/><E116/><V109/><F12/><W124/><G124/><T82/><D117/><U4/><E4/><V61/><F109/><W37/><G37/><T118/><D118/><U36/><E36/><V2/><F2/><W121/><G121/><T114/><D114/><U85/><E39/><V33/><F47/><W73/><G73/><T106/><D106/><U122/><E122/><V1/><F24/><W104/><G104/><T86/><D80/><U131/><E131/><V130/><F1/><W23/><G23/><T40/><D82/><U65/><E14/><V134/><F20/><W8/><G8/><T70/><D83/><U0/><E9/><V72/><F72/><W125/><G125/><T45/><D45/><U87/><E0/><V81/><F130/><W113/><G113/><T96/><D11/><U60/><E42/><V132/><F115/><W79/><G79/><T22/><D40/><U123/><E123/><V111/><F134/><RYUUKYOKU ba="0,1" sc="237,-10,277,-10,243,-10,233,30" hai3="10,13,17,18,21,25,52,56,63,93,94,102,107" /><INIT seed="2,1,1,0,0,133" ten="227,267,233,263" oya="2" hai0="78,66,17,94,75,118,35,70,132,80,0,30,93" hai1="33,31,58,92,11,104,38,116,128,3,100,86,23" hai2="2,98,57,79,81,103,134,73,21,39,126,44,76" hai3="97,68,14,87,19,7,64,61,95,127,18,69,121"/><V24/><F134/><W112/><G121/><T83/><D132/><U62/><E38/><V49/><F2/><W5/><G112/><T26/><D0/><U28/><E116/><V120/><F120/><W16/><G127/><T29/><D118/><U96/><E33/><V89/><F39/><W8/><G7/><T106/><D30/><U45/><E45/><V129/><F129/><W37/><G37/><T105/><D80/><U50/><E50/><V41/><F57/><W124/><G87/><T1/><D1/><U101/><E101/><V32/><F32/><W43/><G43/><T102/><D17/><U59/><E59/><V115/><F115/><W63/><G124/><T36/><D106/><U107/><E23/><V117/><F117/><W15/><G61/><N who="0" m="40271" /><D36/><U131/><E11/><V88/><F79/><W40/><G40/><T90/><D90/><N who="1" m="53335" /><E107/><V22/><F22/><W125/><G125/><T34/><D34/><U9/><E9/><V119/><F119/><W20/><REACH who="3" step="1"/><G69/><REACH who="3" ten="227,267,233,253" step="2"/><T42/><D42/><U51/><E51/><V114/><F114/><W54/><G54/><T53/><D53/><N who="1" m="34127" /><E3/><V67/><F126/><W135/><G135/><T25/><D25/><U65/><E65/><V52/><F67/><W110/><G110/><T10/><D10/><U55/><E55/><V46/><F41/><W74/><G74/><T48/><D48/><U122/><E122/><V82/><F46/><W130/><G130/><AGARI ba="1,2" hai="28,31,96,100,104,128,130,131" m="34127,53335" machi="130" ten="30,1000,0" yaku="19,1" doraHai="133" who="1" fromWho="3" sc="227,0,267,33,233,0,253,-13" /><INIT seed="3,0,0,5,4,25" ten="227,300,233,240" oya="3" hai0="72,37,42,2,17,85,15,79,47,75,107,101,43" hai1="44,113,62,97,78,65,3,28,106,56,117,127,70" hai2="36,84,77,31,32,134,76,12,131,81,66,108,40" hai3="130,120,54,95,61,35,111,104,122,114,86,59,58"/><W9/><G104/><T132/><D2/><U4/><E113/><V18/><F108/><W6/><G114/><T87/><D43/><U123/><E123/><V125/><F131/><W116/><G116/><T45/><D45/><U19/><E127/><V52/><F134/><W55/><G35/><T129/><D129/><U103/><E117/><V100/><F125/><W1/><G130/><T21/><D132/><U29/><E78/><V121/><F121/><W26/><G26/><T96/><REACH who="0" step="1"/><D79/><REACH who="0" ten="217,300,233,240" step="2"/><U14/><E44/><V99/><F76/><W119/><G119/><T82/><D82/><U112/><E112/><V110/><F40/><W53/><G111/><T10/><D10/><U34/><E70/><V63/><F81/><W93/><G120/><T90/><D90/><U105/><E105/><V126/><F77/><W67/><G122/><T20/><D20/><U60/><E3/><V5/><F110/><W50/><REACH who="3" step="1"/><G95/><REACH who="3" ten="217,300,233,230" step="2"/><T98/><D98/><U124/><E124/><V94/><F99/><W89/><AGARI ba="0,2" hai="1,6,9,50,53,54,55,58,59,61,67,86,89,93" machi="89" ten="30,6000,0" yaku="1,1,2,1,0,1,53,0" doraHai="25" doraHaiUra="39" who="3" fromWho="3" sc="217,-20,300,-20,233,-20,230,80" /><INIT seed="3,1,0,5,2,115" ten="197,280,213,310" oya="3" hai0="43,6,35,21,36,58,117,121,88,15,113,8,74" hai1="12,116,39,96,118,52,91,129,120,133,0,7,59" hai2="13,85,63,22,79,119,124,65,135,54,46,60,94" hai3="51,126,44,132,102,56,48,84,26,57,49,2,25"/><W33/><G2/><T38/><D121/><U68/><E120/><V72/><F124/><W3/><G3/><T92/><D35/><U110/><E110/><V37/><F135/><W28/><G126/><T9/><D113/><U34/><E34/><V5/><F72/><W47/><G132/><T112/><D112/><U55/><E133/><V40/><F54/><W71/><G71/><T130/><D130/><U111/><E111/><V61/><F119/><N who="1" m="45609" /><E68/><V10/><F22/><W67/><G102/><T20/><D117/><U78/><E39/><V105/><F105/><W77/><G26/><T100/><D74/><U123/><E123/><V81/><REACH who="2" step="1"/><F94/><REACH who="2" ten="197,280,203,310" step="2"/><W62/><G33/><T98/><D21/><U128/><E55/><V99/><F99/><W89/><G67/><AGARI ba="1,1" hai="5,10,13,37,40,46,60,61,63,65,67,79,81,85" machi="67" ten="40,2600,0" yaku="1,1,53,1" doraHai="115" doraHaiUra="80" who="2" fromWho="3" sc="197,0,280,0,203,39,310,-29" /><INIT seed="4,0,0,1,0,9" ten="197,280,242,281" oya="0" hai0="13,132,49,72,54,24,40,39,58,4,59,51,26" hai1="8,43,107,5,115,2,60,11,56,121,20,78,62" hai2="126,112,87,99,102,61,3,50,128,38,47,71,64" hai3="100,66,127,125,73,117,110,91,69,94,116,32,77"/><T63/><D72/><U67/><E121/><V44/><F112/><W36/><G36/><T18/><D132/><U103/><E115/><V57/><F3/><W30/><G66/><T84/><D39/><U105/><E103/><V31/><F128/><W122/><G69/><T16/><D4/><U19/><E11/><V124/><F31/><W28/><G32/><T114/><D114/><U82/><E62/><V35/><F35/><W37/><G37/><T106/><D106/><U135/><E43/><V93/><F38/><W65/><G65/><N who="0" m="39159" /><D84/><U95/><E95/><V129/><F129/><W41/><G41/><T48/><D18/><U42/><E42/><V104/><F71/><W21/><G21/><N who="0" m="11407" /><D40/><U25/><E135/><V70/><F87/><AGARI ba="0,0" hai="2,5,8,19,20,25,56,60,67,78,82,87,105,107" machi="87" ten="30,1000,0" yaku="7,1" doraHai="9" who="1" fromWho="2" sc="197,0,280,10,242,-10,281,0" /><INIT seed="5,0,0,0,0,106" ten="197,290,232,281" oya="1" hai0="95,127,120,37,12,88,30,45,19,96,85,133,128" hai1="101,111,91,65,64,53,114,38,124,49,126,92,9" hai2="83,89,52,31,23,81,47,34,2,123,43,20,60" hai3="70,3,56,67,113,22,131,130,29,35,42,74,82"/><U98/><E38/><V80/><F123/><W36/><G22/><T27/><D120/><U105/><E114/><V59/><F2/><W10/><G56/><T50/><D127/><N who="1" m="48683" /><E9/><V41/><F41/><W13/><G13/><T73/><D128/><U125/><E111/><V122/><F122/><W121/><G113/><T16/><D133/><U87/><N who="1" m="48691" /><U7/><DORA hai="40" /><E7/><V76/><F89/><W116/><G116/><T119/><D37/><U100/><E101/><V5/><F5/><N who="3" m="1343" /><G121/><T55/><D119/><U112/><E112/><V132/><F132/><W86/><G86/><T15/><D73/><U102/><E102/><V78/><F34/><W26/><G67/><T99/><D12/><U6/><E6/><V79/><REACH who="2" step="1"/><F31/><REACH who="2" ten="197,290,222,281" step="2"/><W48/><G29/><T54/><D54/><U17/><E17/><N who="0" m="6729" /><D15/><U97/><E91/><V63/><F63/><W108/><G35/><T93/><D93/><U24/><E92/><V68/><F68/><W58/><G70/><T134/><D134/><U90/><E90/><V110/><F110/><W94/><G108/><T44/><D44/><U57/><E105/><V46/><F46/><W21/><G94/><T135/><D135/><U39/><E24/><V107/><F107/><W118/><G26/><T0/><D0/><U117/><E100/><V25/><F25/><W11/><G42/><T66/><D66/><U69/><E69/><V18/><F18/><W28/><G28/><T14/><D14/><U72/><E65/><V33/><F33/><W129/><G129/><T84/><D99/><N who="1" m="37899" /><E64/><V1/><F1/><W115/><G130/><RYUUKYOKU ba="0,1" sc="197,15,290,-15,222,15,281,-15" hai0="27,30,45,50,55,84,85,88,95,96" hai2="20,23,43,47,52,59,60,76,78,79,80,81,83" /><INIT seed="6,1,1,1,0,102" ten="212,275,237,266" oya="2" hai0="134,16,10,25,13,106,36,21,82,27,127,131,34" hai1="77,30,26,51,117,55,93,135,94,31,101,24,97" hai2="90,1,14,15,73,98,120,89,95,5,48,44,23" hai3="56,50,99,7,67,52,0,74,111,91,83,124,69"/><V129/><F120/><W70/><G111/><T125/><D36/><U66/><E117/><V37/><F37/><W45/><G124/><N who="0" m="47691" /><D82/><U20/><E66/><V108/><F108/><W35/><G35/><T54/><D54/><U118/><E118/><V58/><F129/><W78/><G0/><T33/><D106/><U72/><E135/><V107/><F73/><W40/><G7/><N who="0" m="3295" /><D134/><U75/><E77/><V18/><F1/><W17/><G67/><T43/><D43/><U122/><E94/><V61/><F107/><W76/><G76/><T132/><D132/><U4/><E4/><V65/><F5/><W85/><G99/><T63/><D63/><U84/><E84/><V121/><F121/><W103/><G103/><T119/><D119/><U116/><E122/><V8/><F8/><W105/><G105/><T100/><D100/><U28/><E116/><V68/><F68/><W104/><G104/><T96/><D96/><U29/><REACH who="1" step="1"/><E24/><REACH who="1" ten="212,265,237,266" step="2"/><N who="0" m="9289" /><D131/><U88/><E88/><N who="2" m="55655" /><F14/><AGARI ba="1,2" hai="14,16,21,33,34" m="9289,3295,47691" machi="14" ten="30,7700,0" yaku="18,1,34,2,54,1" doraHai="102" who="0" fromWho="2" sc="212,100,265,0,237,-80,266,0" /><INIT seed="7,0,0,3,0,81" ten="312,265,157,266" oya="3" hai0="66,129,53,111,49,54,33,45,25,5,56,75,65" hai1="58,132,36,78,109,95,39,61,118,76,77,17,134" hai2="1,7,3,10,99,89,16,86,60,87,21,34,97" hai3="90,20,79,85,105,47,101,84,28,62,100,126,55"/><W38/><G105/><T106/><D75/><U43/><E109/><V35/><F1/><W122/><G122/><T71/><D71/><U115/><E115/><V18/><F60/><W130/><G130/><T0/><D106/><U52/><E118/><V80/><F18/><W88/><G126/><T50/><D129/><U103/><E17/><V104/><F87/><N who="3" m="33355" /><G38/><T69/><D69/><U98/><REACH who="1" step="1"/><E43/><REACH who="1" ten="312,255,157,266" step="2"/><V29/><F104/><W32/><G32/><T121/><D33/><U40/><E40/><V6/><F6/><W41/><G41/><T2/><D5/><U30/><E30/><V91/><F91/><N who="3" m="34859" /><G79/><T11/><D111/><U108/><E108/><V124/><F124/><W12/><G12/><T51/><D121/><U46/><E46/><V37/><F37/><AGARI ba="0,1" hai="36,37,39,52,58,61,76,77,78,95,98,103,132,134" machi="37" ten="40,8000,1" yaku="1,1,54,1,53,2" doraHai="81" doraHaiUra="128" who="1" fromWho="2" sc="312,0,255,90,157,-80,266,0" owari="312,11.2,345,44.5,77,-42.3,266,-13.4" /></mjloggm>