<mjloggm ver="2.3"><GO type="169" lobby="0"/><UN n0="%53%74%65%69%6E%73" n1="%77%73%62%61" n2="%EF%BC%AE%EF%BC%A1%EF%BC%AF%33%33%39" n3="%E3%82%86%E3%83%BC%E3%82%84%2E%74" dan="17,17,16,17" rate="2216.99,2219.38,2132.34,2184.93" sx="M,M,M,M"/><TAIKYOKU oya="0"/><INIT seed="0,0,0,1,1,69" ten="250,250,250,250" oya="0" hai0="107,99,76,48,39,19,118,112,51,110,15,33,46" hai1="41,42,56,104,32,114,121,89,35,108,117,81,23" hai2="62,26,116,57,90,82,14,2,72,95,30,85,11" hai3="3,93,131,50,22,128,66,65,1,132,125,7,133"/><T134/><D112/><U5/><E117/><V126/><F116/><W79/><G79/><T130/><D118/><U29/><E104/><V60/><F2/><N who="3" m="523" /><G93/><T37/><D130/><N who="3" m="49705" /><G50/><T8/><D134/><N who="3" m="51817" /><G22/><T36/><D33/><U64/><E23/><V87/><F72/><W80/><G7/><T92/><D110/><U54/><E108/><V106/><F106/><W120/><G80/><T97/><D76/><U100/><E5/><V10/><F82/><W129/><N who="3" m="49713" /><W53/><DORA hai="58" /><G53/><T86/><D107/><U16/><E54/><V96/><F87/><W102/><G120/><T78/><D51/><U77/><E81/><V13/><F85/><W115/><G115/><T20/><D20/><U25/><E121/><V105/><F105/><W103/><G125/><T67/><D67/><AGARI ba="0,0" hai="65,66,67,102,103" m="51817,49713,523" machi="67" ten="50,8000,1" yaku="28,2,19,1,20,1" doraHai="69,58" who="3" fromWho="0" sc="250,-80,250,0,250,0,250,80" /><INIT seed="1,0,0,0,0,16" ten="170,250,250,330" oya="1" hai0="76,108,69,73,113,128,65,118,125,62,82,46,96" hai1="132,75,103,35,27,105,120,116,89,50,114,77,10" hai2="15,4,98,38,60,99,39,33,131,85,63,86,45" hai3="26,1,18,124,51,56,2,115,49,66,83,135,0"/><U87/><E120/><V79/><F33/><W78/><G115/><T123/><D113/><U109/><E116/><V30/><F30/><W36/><G36/><T44/><D118/><U42/><E114/><V31/><F31/><W17/><G135/><T23/><D123/><U111/><E132/><V71/><F15/><W41/><G124/><T117/><D117/><U97/><E10/><V52/><F4/><W11/><G41/><T22/><D125/><U112/><E35/><V29/><F29/><W102/><G102/><T9/><D108/><N who="1" m="41547" /><E27/><V92/><F71/><W43/><G43/><T133/><D133/><U90/><E50/><V40/><F39/><W8/><G49/><T72/><D128/><U25/><E25/><V34/><F131/><W94/><G51/><T57/><D72/><U68/><E68/><V80/><F34/><W106/><G26/><T130/><D130/><U134/><E42/><V121/><F121/><W67/><G11/><T122/><D122/><U53/><E53/><V74/><F74/><W3/><G8/><T91/><D69/><U48/><E48/><V61/><F52/><W28/><G2/><T126/><D126/><U101/><E134/><V129/><F129/><W54/><G1/><T14/><D46/><U64/><E64/><V21/><F45/><W19/><G3/><T5/><REACH who="0" step="1"/><D44/><REACH who="0" ten="160,250,250,330" step="2"/><U37/><E75/><V84/><F38/><W81/><G56/><T58/><D58/><U20/><E37/><V6/><F40/><W7/><G0/><T110/><D110/><U13/><E112/><V24/><F6/><W88/><G7/><RYUUKYOKU ba="0,1" sc="160,30,250,-10,250,-10,330,-10" hai0="5,9,14,22,23,57,62,65,73,76,82,91,96" /><INIT seed="2,1,1,0,3,66" ten="190,240,240,320" oya="2" hai0="7,48,126,73,8,90,68,26,29,114,5,6,75" hai1="65,134,121,43,93,37,111,95,60,32,2,0,85" hai2="33,1,46,96,13,31,67,62,72,88,50,77,76" hai3="91,130,17,61,98,133,108,4,94,101,20,30,36"/><V110/><F1/><W11/><G108/><T92/><D114/><U99/><E111/><V129/><F110/><W25/><G130/><T102/><D126/><U128/><E32/><V19/><F72/><W16/><G133/><T87/><D68/><U125/><E134/><V47/><F33/><W28/><G36/><T69/><D69/><U56/><E125/><V132/><F31/><W118/><G118/><T100/><D75/><U103/><E128/><V112/><F112/><W127/><G127/><T113/><D73/><U51/><E37/><V15/><F132/><W38/><G38/><T135/><D113/><U106/><E121/><V78/><F129/><W80/><G30/><T116/><D135/><U21/><E21/><V49/><F62/><W115/><G115/><T58/><D8/><U71/><E106/><V109/><F67/><W14/><G61/><T23/><REACH who="0" step="1"/><D116/><REACH who="0" ten="180,240,240,320" step="2"/><U44/><E71/><V27/><F109/><W120/><G120/><T74/><D74/><U45/><REACH who="1" step="1"/><E44/><REACH who="1" ten="180,230,240,320" step="2"/><V54/><F47/><W122/><G122/><T35/><D35/><U41/><E41/><V107/><F107/><W52/><G11/><T10/><D10/><U89/><AGARI ba="1,3" hai="0,2,43,45,51,56,60,65,85,89,93,95,99,103" machi="89" ten="30,2000,0" yaku="1,1,0,1,53,0" doraHai="66" doraHaiUra="64" who="1" fromWho="1" sc="180,-6,230,53,240,-11,320,-6" /><INIT seed="3,0,0,4,4,5" ten="174,283,229,314" oya="3" hai0="62,104,15,124,61,30,101,77,82,72,131,19,122" hai1="78,33,133,92,71,121,32,120,98,84,73,129,37" hai2="59,63,128,106,117,132,80,87,103,111,45,83,91" hai3="108,49,17,56,109,99,47,126,44,66,94,48,2"/><W26/><G2/><T116/><D116/><U39/><E71/><V57/><F117/><W100/><G126/><T75/><D122/><U34/><E129/><V43/><F106/><W76/><G76/><T115/><D131/><U6/><E133/><V58/><F103/><W125/><G125/><T36/><D124/><U55/><E73/><V35/><F35/><W127/><G127/><T20/><D36/><U23/><E23/><V130/><F132/><W12/><G26/><T79/><D115/><U14/><E55/><V113/><F113/><W119/><G119/><T52/><D30/><U25/><E25/><V65/><F111/><N who="3" m="42571" /><G66/><T135/><D135/><U42/><E78/><V22/><F130/><W90/><G90/><T60/><D79/><U24/><E84/><V9/><F128/><W114/><G114/><T69/><D75/><U21/><E120/><V68/><F22/><N who="3" m="11559" /><G56/><T18/><D69/><U74/><E74/><V89/><F89/><W13/><G13/><T93/><D104/><U107/><E107/><V123/><F123/><W4/><G4/><T50/><D19/><U1/><E1/><V3/><F3/><W31/><G31/><T96/><D72/><U81/><E6/><V105/><F105/><W51/><AGARI ba="0,0" hai="44,47,48,49,51,94,99,100" m="11559,42571" machi="51" ten="30,3000,0" yaku="14,1,10,1" doraHai="5" who="3" fromWho="3" sc="174,-10,283,-10,229,-10,314,30" /><INIT seed="3,1,0,4,4,43" ten="164,273,219,344" oya="3" hai0="42,12,73,115,122,114,80,121,2,20,60,65,112" hai1="11,25,116,64,83,82,68,100,69,92,88,4,61" hai2="133,81,56,77,57,15,106,18,117,66,94,110,96" hai3="79,108,53,52,124,62,134,59,72,84,35,46,102"/><W37/><G35/><T105/><D2/><U98/><E116/><V125/><F117/><W54/><G72/><T32/><D32/><U41/><E69/><V7/><F106/><W30/><G134/><T126/><D105/><U40/><E25/><V29/><F29/><W89/><G124/><T36/><D73/><U13/><E82/><V132/><F7/><W50/><G37/><T85/><D126/><U31/><E31/><V78/><F125/><W33/><G79/><T1/><D1/><U39/><E39/><V109/><F66/><W70/><G70/><T111/><D111/><N who="2" m="42506" /><F57/><W135/><G102/><T90/><D42/><U129/><REACH who="1" step="1"/><E129/><REACH who="1" ten="164,263,219,344" step="2"/><V87/><F78/><W14/><G108/><T119/><D36/><U107/><E107/><V49/><F132/><W127/><G127/><T130/><D130/><U38/><E38/><V47/><F133/><W118/><G118/><T10/><D119/><U75/><E75/><V97/><F94/><W58/><G135/><T17/><REACH who="0" step="1"/><D20/><REACH who="0" ten="154,263,219,344" step="2"/><U104/><E104/><V67/><F77/><W34/><G33/><T74/><D74/><U44/><E44/><V71/><F47/><W123/><G34/><T9/><D9/><U120/><E120/><V22/><F22/><W95/><G123/><T86/><D86/><AGARI ba="1,2" hai="4,11,13,40,41,61,64,68,83,86,88,92,98,100" machi="86" ten="40,5200,0" yaku="1,1,54,1,53,1" doraHai="43" doraHaiUra="6" who="1" fromWho="0" sc="154,-55,263,75,219,0,344,0" /><INIT seed="4,0,0,0,4,75" ten="99,338,219,344" oya="0" hai0="39,86,32,4,97,114,34,90,84,5,53,111,23" hai1="74,88,21,62,96,26,67,17,41,42,122,103,47" hai2="82,48,46,65,123,134,31,79,120,37,51,7,19" hai3="126,71,58,29,108,125,99,118,128,100,6,98,113"/><T13/><D114/><U70/><E122/><V77/><F31/><W81/><G108/><T40/><D111/><U49/><E74/><V110/><F110/><W101/><G71/><T0/><D0/><U69/><E69/><V89/><F65/><W35/><G118/><T124/><D124/><U129/><E129/><V130/><F7/><W112/><G128/><T91/><D97/><N who="3" m="36873" /><G6/><N who="0" m="2667" /><D39/><U105/><REACH who="1" step="1"/><E88/><REACH who="1" ten="99,328,219,344" step="2"/><N who="0" m="33833" /><D34/><U2/><E2/><V93/><F130/><W24/><G35/><T52/><D32/><U83/><E83/><V14/><F82/><W11/><G81/><T119/><D119/><U50/><E50/><V87/><F120/><W28/><G126/><T109/><D109/><U107/><E107/><V131/><F131/><W135/><G125/><T45/><D40/><AGARI ba="0,1" hai="17,21,26,40,41,42,47,49,62,67,70,96,103,105" machi="40" ten="30,3900,0" yaku="1,1,7,1,53,1" doraHai="75" doraHaiUra="18" who="1" fromWho="0" sc="99,-39,328,49,219,0,344,0" /><INIT seed="5,0,0,2,5,23" ten="60,377,219,344" oya="1" hai0="76,105,39,102,51,92,98,25,4,14,42,19,78" hai1="115,132,109,91,125,127,62,77,108,134,73,33,3" hai2="43,129,21,124,57,94,79,106,46,66,119,103,10" hai3="112,135,95,70,107,113,37,24,48,9,111,20,5"/><U16/><E33/><V87/><F119/><W17/><G111/><N who="1" m="42570" /><E3/><V12/><F106/><W71/><G37/><T7/><D39/><U96/><E62/><V40/><F129/><W86/><G107/><T6/><D105/><U82/><E115/><N who="3" m="44106" /><G135/><N who="1" m="51754" /><E16/><V8/><F66/><W29/><G17/><T27/><D42/><U97/><E91/><V63/><F63/><W114/><G114/><T69/><D69/><U58/><E58/><V116/><F57/><W104/><G104/><T80/><D51/><U47/><E47/><V128/><F46/><W85/><G48/><T83/><D76/><U99/><AGARI ba="0,0" hai="73,77,82,96,97,99,125,127" m="51754,42570" machi="99" ten="40,12000,1" yaku="10,1,20,1,34,2" doraHai="23" who="1" fromWho="1" sc="60,-40,377,120,219,-40,344,-40" /><INIT seed="5,1,0,1,4,24" ten="20,497,179,304" oya="1" hai0="100,70,57,125,73,114,30,38,111,118,74,119,14" hai1="130,115,7,90,13,21,122,76,61,56,18,26,53" hai2="92,107,23,17,113,86,50,3,27,8,60,108,96" hai3="37,45,32,91,63,79,112,124,83,44,117,19,40"/><U81/><E122/><V98/><F108/><W11/><G32/><T85/><D70/><U131/><E115/><V127/><F107/><W10/><G112/><T46/><D114/><U34/><E90/><V58/><F113/><W126/><G117/><T64/><D111/><U109/><E109/><V16/><F127/><W25/><G45/><T116/><D125/><N who="3" m="48233" /><G63/><T97/><D85/><U2/><E2/><V20/><F50/><W69/><G69/><T95/><D14/><U106/><E106/><V47/><F47/><W80/><G80/><T78/><D78/><U39/><E39/><V93/><F8/><W33/><G91/><T105/><D95/><N who="2" m="36426" /><F86/><N who="3" m="48511" /><G19/><T22/><D57/><U49/><E61/><V101/><F101/><W6/><G6/><T28/><D64/><U82/><E7/><V67/><F3/><W55/><G55/><T88/><D88/><U104/><E81/><V65/><F65/><W68/><G68/><T129/><D129/><U31/><REACH who="1" step="1"/><E104/><REACH who="1" ten="20,487,179,304" step="2"/><V132/><F60/><W103/><G103/><T4/><D4/><U120/><E120/><V84/><F96/><W29/><AGARI ba="1,1" hai="10,11,25,29,33,37,40,44" m="48511,48233" machi="29" ten="30,2000,0" yaku="18,1,52,1" doraHai="24" who="3" fromWho="3" sc="20,-6,487,-11,179,-6,304,33" /><INIT seed="6,0,0,2,1,105" ten="14,476,173,337" oya="2" hai0="80,102,87,91,128,125,43,84,88,46,21,32,86" hai1="117,40,96,73,61,12,74,47,62,54,2,113,29" hai2="100,134,104,94,108,7,27,19,70,4,66,79,50" hai3="111,31,25,48,89,55,133,16,122,119,34,22,75"/><V109/><F104/><W81/><G119/><T123/><D32/><U127/><E2/><V57/><F70/><W45/><G122/><T131/><D123/><U20/><E117/><V72/><F134/><W67/><G111/><N who="2" m="42569" /><F100/><W38/><G133/><T116/><D116/><U63/><E54/><N who="2" m="31959" /><F66/><W18/><G38/><T24/><D102/><U3/><E3/><V65/><F65/><W6/><G6/><T5/><D5/><U77/><E113/><V39/><F39/><W14/><G67/><T52/><D125/><U69/><E69/><V33/><F94/><W121/><G121/><T85/><D91/><U8/><E77/><V13/><F27/><W110/><G110/><T58/><D46/><U114/><E114/><V64/><F64/><W83/><G89/><T11/><D11/><U93/><E47/><V126/><F33/><W99/><G34/><T115/><D115/><U103/><E40/><V0/><F0/><W120/><G120/><T10/><D10/><U68/><E127/><V76/><F76/><W135/><G25/><T78/><D43/><U26/><REACH who="1" step="1"/><E68/><REACH who="1" ten="14,466,173,337" step="2"/><V9/><F126/><W106/><G45/><T95/><D128/><U44/><E44/><V15/><F15/><W97/><G14/><T82/><D131/><U51/><E51/><V98/><F79/><W41/><G48/><T1/><D1/><U118/><E118/><V101/><F13/><W132/><G55/><T129/><D129/><U28/><E28/><V60/><F4/><AGARI ba="0,1" hai="4,8,12,20,26,29,61,62,63,73,74,93,96,103" machi="4" ten="40,5200,0" yaku="1,1,52,2,53,0" doraHai="105" doraHaiUra="124" who="1" fromWho="2" sc="14,0,466,62,173,-52,337,0" /><INIT seed="7,0,0,4,1,132" ten="14,528,121,337" oya="3" hai0="64,31,120,81,72,124,123,65,40,23,74,111,37" hai1="49,134,67,82,102,25,21,84,24,55,26,66,114" hai2="126,56,99,44,16,1,115,4,118,42,33,105,15" hai3="28,17,78,70,8,27,125,135,71,51,14,2,85"/><W43/><G135/><T94/><D23/><U90/><E114/><V127/><F118/><W129/><G129/><T128/><D31/><N who="1" m="17807" /><E102/><V106/><F33/><W18/><G43/><T98/><D40/><U76/><E90/><V62/><F4/><W121/><G51/><T34/><D34/><U36/><E36/><V79/><F79/><W52/><G85/><T86/><D37/><U0/><E0/><V96/><F1/><W112/><G52/><T63/><D63/><U88/><E88/><V100/><F115/><W12/><G71/><T107/><D64/><N who="1" m="24619" /><E134/><V50/><F99/><W91/><G91/><N who="0" m="51663" /><D65/><U95/><E95/><V83/><F83/><W61/><G78/><T6/><D6/><U68/><E68/><V108/><F105/><W110/><G61/><T35/><D35/><U39/><E39/><V10/><F108/><W119/><G70/><T53/><D53/><U103/><E103/><V45/><F45/><AGARI ba="0,0" hai="25,26,45,49,55,76,82,84" m="24619,17807" machi="45" ten="30,1000,0" yaku="8,1" doraHai="132" who="1" fromWho="2" sc="14,0,528,10,121,-10,337,0" owari="14,-48.6,538,63.8,111,-28.9,337,13.7" /></mjloggm>