<mjloggm ver="2.3"><GO type="169" lobby="0"/><UN n0="%E3%83%90%E3%82%AD" n1="%4C%C3%97%57%C3%97%4C" n2="%E3%81%BE%E3%82%8B%E3%81%A8%E3%83%BC" n3="%41%4F%54" dan="16,16,16,18" rate="2127.39,2160.63,2062.94,2231.07" sx="M,M,M,F"/><TAIKYOKU oya="0"/><INIT seed="0,0,0,1,1,94" ten="250,250,250,250" oya="0" hai0="128,3,14,71,86,100,87,60,63,111,65,88,33" hai1="119,116,9,62,99,106,27,41,16,91,1,66,23" hai2="48,80,126,129,101,25,70,37,42,30,127,130,67" hai3="2,38,44,120,102,125,109,32,107,18,4,21,104"/><T39/><D3/><U56/><E41/><V43/><F80/><W47/><G109/><T113/><D113/><U53/><E66/><V123/><F101/><W76/><G125/><N who="2" m="47625" /><F37/><W19/><G32/><T40/><D33/><U90/><E90/><V133/><F123/><W49/><G120/><T117/><D117/><U12/><E1/><V121/><F121/><W105/><G76/><T24/><D24/><U97/><E106/><V79/><F79/><W114/><G114/><T73/><D73/><U51/><E51/><V131/><F25/><W28/><G38/><T124/><D124/><U57/><E57/><V11/><F11/><W78/><G78/><T61/><D100/><U132/><E132/><V50/><F30/><W55/><G44/><T81/><D39/><U85/><E119/><V29/><F29/><W7/><G28/><T74/><D81/><N who="1" m="49583" /><E116/><V8/><F8/><W54/><G102/><T5/><D74/><U95/><E95/><V34/><F34/><W45/><G107/><T72/><D72/><U135/><E135/><V26/><F26/><W82/><G82/><T115/><D115/><U89/><E89/><V96/><F133/><W31/><G31/><AGARI ba="0,0" hai="9,12,16,23,27,31,53,56,62,97,99" m="49583" machi="31" ten="30,7700,0" yaku="8,1,52,2,54,1" doraHai="94" who="1" fromWho="3" sc="250,0,250,77,250,0,250,-77" /><INIT seed="1,0,0,3,0,93" ten="250,327,250,173" oya="1" hai0="104,69,92,14,57,100,31,60,10,72,76,123,114" hai1="87,16,85,64,42,49,103,45,80,17,106,47,94" hai2="96,28,67,130,73,81,121,44,124,56,1,53,5" hai3="32,88,135,115,9,126,7,52,23,128,63,119,11"/><U25/><E64/><V116/><F121/><W86/><G32/><T8/><D114/><U75/><E75/><V50/><F116/><W27/><G115/><T21/><D69/><U127/><E127/><V83/><F124/><W58/><G126/><T39/><D39/><U34/><E106/><V113/><F113/><W109/><G119/><T125/><D125/><U66/><E66/><V62/><F130/><W0/><G128/><T105/><D123/><U30/><E47/><V95/><F73/><W118/><G118/><T54/><D76/><U133/><E133/><V120/><F120/><W59/><G135/><T102/><D72/><U79/><REACH who="1" step="1"/><E85/><REACH who="1" ten="250,317,250,173" step="2"/><V77/><F44/><W131/><G131/><T3/><D105/><U41/><E41/><V61/><F67/><W12/><G59/><T68/><D57/><U29/><E29/><V43/><F28/><W15/><G109/><T134/><D31/><U71/><E71/><V2/><F43/><W111/><G111/><T91/><D68/><U18/><E18/><V78/><F56/><W74/><G74/><T35/><D104/><U65/><E65/><V37/><F53/><W110/><G110/><T19/><D134/><U6/><E6/><V4/><F4/><W20/><G86/><T129/><D19/><U40/><E40/><V107/><F5/><W89/><G7/><T122/><D122/><U108/><E108/><V38/><F107/><W90/><G0/><T101/><D3/><U22/><E22/><N who="3" m="8234" /><G27/><T46/><D129/><U70/><E70/><V33/><F1/><W48/><G63/><T55/><D60/><RYUUKYOKU ba="0,1" sc="250,-15,317,15,250,-15,173,15" hai1="16,17,25,30,34,42,45,49,79,80,87,94,103" hai3="9,11,12,15,48,52,58,88,89,90" /><INIT seed="1,1,1,4,3,127" ten="235,332,235,188" oya="1" hai0="100,129,109,87,33,96,114,121,104,67,23,63,1" hai1="30,56,115,20,102,75,111,3,43,7,74,132,44" hai2="58,45,107,22,57,117,10,126,95,47,65,26,103" hai3="29,78,48,89,12,86,88,11,15,97,46,110,55"/><U79/><E115/><V28/><F117/><W83/><G110/><T42/><D114/><U19/><E132/><V92/><F126/><W93/><G29/><T71/><D109/><U133/><E133/><V76/><F107/><W40/><G55/><T131/><D1/><U98/><E30/><V77/><F10/><W118/><G118/><T72/><D72/><U38/><E56/><N who="2" m="21611" /><F65/><W84/><REACH who="3" step="1"/><G11/><REACH who="3" ten="235,332,235,178" step="2"/><T4/><D67/><U14/><E111/><V135/><F135/><W68/><G68/><T54/><D54/><U51/><E43/><V8/><F8/><W53/><G53/><T123/><D42/><U66/><E66/><V37/><F47/><W49/><G49/><T32/><D71/><U130/><E51/><V80/><F45/><W125/><G125/><T116/><D116/><U27/><E44/><V120/><F37/><W70/><G70/><T134/><D134/><U64/><E38/><V17/><F28/><W2/><G2/><T39/><D39/><U94/><E3/><V128/><F120/><W9/><G9/><T24/><D123/><U35/><E64/><V69/><F69/><W60/><G60/><T6/><D63/><U21/><E7/><V50/><F50/><W34/><G34/><N who="0" m="13419" /><D121/><U18/><E35/><V112/><F112/><W73/><G73/><T122/><D122/><U25/><E74/><V41/><F41/><W61/><G61/><T16/><D4/><U124/><E124/><V82/><F17/><W81/><AGARI ba="1,2" hai="12,15,40,46,48,78,81,83,84,86,88,89,93,97" machi="81" ten="20,8000,1" yaku="1,1,0,1,7,1,8,1,54,1,53,0" doraHai="127" doraHaiUra="31" who="3" fromWho="3" sc="235,-21,332,-41,235,-21,178,103" /><INIT seed="2,0,0,5,1,55" ten="214,291,214,281" oya="2" hai0="133,43,99,78,41,127,27,28,80,22,91,83,57" hai1="42,97,63,51,47,122,69,121,115,92,114,96,104" hai2="108,44,74,26,134,15,62,67,16,95,8,118,0" hai3="81,132,2,88,37,102,120,9,11,34,53,10,52"/><V100/><F118/><W45/><G120/><N who="1" m="46186" /><E104/><V87/><F74/><W58/><G2/><T76/><D133/><U135/><E135/><V123/><F123/><W106/><G132/><T39/><D127/><U90/><E97/><V111/><F134/><W60/><G34/><T19/><D39/><U30/><E30/><V125/><F44/><W129/><G129/><T89/><D28/><U18/><E18/><V35/><F0/><W86/><G106/><T13/><D13/><U113/><E113/><V3/><F3/><W119/><G119/><T1/><D1/><U110/><E110/><N who="2" m="42027" /><F125/><W77/><G102/><T116/><D116/><U31/><E31/><N who="2" m="19959" /><F100/><W38/><REACH who="3" step="1"/><G77/><REACH who="3" ten="214,291,214,271" step="2"/><T14/><D78/><U59/><E115/><V54/><F95/><W72/><G72/><T84/><D76/><U5/><E114/><V17/><F87/><W61/><G61/><T70/><D84/><U124/><E124/><V130/><F130/><W103/><G103/><T105/><D105/><U82/><E92/><V36/><F36/><W50/><AGARI ba="0,1" hai="9,10,11,37,38,45,50,52,53,58,60,81,86,88" machi="50" ten="30,8000,1" yaku="1,1,0,1,52,1,54,2,53,0" doraHai="55" doraHaiUra="33" who="3" fromWho="3" sc="214,-20,291,-20,214,-40,271,90" /><INIT seed="3,0,0,2,0,67" ten="194,271,174,361" oya="3" hai0="15,19,106,124,51,20,68,65,36,97,16,91,80" hai1="30,74,78,47,52,85,28,87,63,116,25,5,122" hai2="42,131,3,58,92,61,135,41,11,10,132,40,81" hai3="126,43,35,49,57,2,96,115,107,54,70,27,90"/><W88/><G115/><T33/><D33/><U73/><E122/><V31/><F3/><W86/><G2/><T130/><D36/><U24/><E5/><V112/><F112/><W48/><G126/><T84/><D130/><U23/><E116/><V37/><F37/><W129/><G129/><T69/><D65/><U50/><E63/><V55/><F131/><W75/><G75/><T103/><D124/><U9/><E9/><V114/><F114/><W12/><G70/><T89/><D89/><U77/><E74/><V18/><F31/><W94/><G107/><T134/><D134/><N who="2" m="51242" /><F81/><W66/><G66/><T39/><D39/><U4/><E4/><V105/><F105/><W45/><G12/><T60/><D60/><U108/><E108/><V100/><F18/><W79/><G79/><T0/><D0/><U128/><E128/><V29/><F29/><W101/><G35/><T121/><D121/><U64/><E64/><V76/><F76/><N who="1" m="29289" /><E73/><V127/><F127/><W133/><G133/><T71/><D19/><U46/><E46/><V14/><F14/><W8/><G8/><T99/><REACH who="0" step="1"/><D97/><AGARI ba="0,0" hai="10,11,40,41,42,55,58,61,92,97,100" m="51242" machi="97" ten="30,1000,0" yaku="20,1" doraHai="67" who="2" fromWho="0" sc="194,-10,271,0,174,10,361,0" /><INIT seed="4,0,0,1,2,79" ten="184,271,184,361" oya="0" hai0="67,31,82,93,63,59,9,98,85,0,40,22,108" hai1="28,5,11,78,122,128,17,69,72,130,20,121,23" hai2="19,3,113,84,94,49,53,77,91,95,16,27,33" hai3="133,109,13,111,68,58,54,56,51,119,81,135,120"/><T21/><D108/><U90/><E69/><V62/><F3/><W35/><G35/><T48/><D0/><N who="1" m="423" /><E90/><V71/><F113/><W99/><G68/><T4/><D4/><U83/><E23/><V118/><F118/><W117/><G120/><T25/><D9/><U97/><E97/><V100/><F77/><W96/><G13/><T50/><D40/><U8/><E8/><V114/><F114/><W86/><G58/><T88/><REACH who="0" step="1"/><D21/><REACH who="0" ten="174,271,184,361" step="2"/><U107/><E20/><V14/><F33/><W75/><G111/><T131/><D131/><U46/><E130/><V2/><F2/><W52/><G109/><T80/><D80/><U76/><E128/><V87/><F27/><W43/><G43/><T92/><D92/><U101/><E122/><V124/><F95/><W38/><G81/><T102/><AGARI ba="0,1" hai="22,25,31,48,50,59,63,67,82,85,88,93,98,102" machi="102" ten="20,24000,3" yaku="1,1,0,1,7,1,25,2,8,1,52,1,54,1,53,0" doraHai="79" doraHaiUra="132" who="0" fromWho="0" sc="174,250,271,-80,184,-80,361,-80" /><INIT seed="4,1,0,4,3,55" ten="424,191,104,281" oya="0" hai0="128,90,7,1,96,22,92,97,49,111,134,109,102" hai1="78,36,131,126,74,65,110,124,85,103,52,99,17" hai2="93,26,133,19,118,69,77,87,18,51,91,80,5" hai3="37,66,32,101,12,16,45,30,79,62,129,67,33"/><T63/><D128/><U43/><E110/><N who="0" m="41993" /><D134/><U75/><E65/><V20/><F69/><W82/><G129/><T21/><D49/><U46/><E131/><V50/><F133/><W4/><G101/><T23/><D63/><U71/><E71/><V47/><F118/><W11/><G30/><T117/><D117/><U39/><E39/><V24/><F5/><W0/><G45/><T13/><D1/><U56/><E17/><V40/><F51/><W122/><G122/><T27/><D7/><U106/><E85/><V10/><F10/><W54/><G37/><T14/><D27/><U53/><E53/><V84/><F26/><W95/><G54/><T130/><D130/><U114/><E114/><V135/><REACH who="2" step="1"/><F135/><REACH who="2" ten="424,191,94,281" step="2"/><W94/><G4/><T8/><D8/><U120/><E120/><V86/><F86/><W59/><G11/><T123/><D123/><U88/><E74/><V72/><F72/><W107/><G0/><T38/><D38/><U100/><E75/><V61/><F61/><W125/><G62/><T89/><D97/><U83/><E99/><V42/><F42/><W73/><G73/><T98/><D96/><U58/><E43/><V2/><F2/><W116/><G116/><T68/><D68/><U48/><E36/><V112/><F112/><W35/><G12/><AGARI ba="1,1" hai="12,13,14,21,22,23,89,90,92,98,102" m="41993" machi="12" ten="30,1500,0" yaku="10,1" doraHai="55" who="0" fromWho="3" sc="424,28,191,0,94,0,281,-18" /><INIT seed="4,2,0,1,3,95" ten="452,191,94,263" oya="0" hai0="127,7,131,117,32,80,65,60,78,69,84,135,24" hai1="90,41,47,34,56,39,92,67,50,97,25,31,59" hai2="112,114,119,132,105,0,48,64,12,111,102,118,51" hai3="38,87,45,94,2,53,10,62,101,28,126,40,91"/><T89/><D117/><N who="2" m="44554" /><F0/><W71/><G126/><T21/><D32/><U68/><REACH who="1" step="1"/><E50/><REACH who="1" ten="452,181,94,263" step="2"/><N who="2" m="18987" /><F111/><W88/><G38/><T4/><D127/><U13/><E13/><V46/><F12/><W121/><G2/><T98/><D60/><AGARI ba="2,1" hai="25,31,34,39,41,47,56,59,60,67,68,90,92,97" machi="60" ten="40,2600,0" yaku="1,1,52,1,53,0" doraHai="95" doraHaiUra="72" who="1" fromWho="0" sc="452,-32,181,42,94,0,263,0" /><INIT seed="5,0,0,2,4,66" ten="420,223,94,263" oya="1" hai0="75,38,28,26,70,71,104,49,115,128,123,98,96" hai1="57,10,127,116,121,117,50,9,48,31,81,16,132" hai2="72,1,52,17,43,61,101,33,41,5,64,106,25" hai3="13,80,34,86,82,118,37,73,36,102,89,12,129"/><U76/><E121/><V68/><F72/><W47/><G34/><T84/><D123/><U39/><E39/><V78/><F78/><W44/><G102/><T56/><D38/><U46/><E132/><V99/><F17/><W97/><G129/><T62/><D75/><U60/><E127/><V110/><F110/><W23/><G118/><T107/><D128/><U88/><E31/><V6/><F6/><W79/><G97/><T22/><D115/><U7/><E76/><V0/><F5/><W65/><G65/><T77/><D49/><U87/><E117/><V8/><F8/><W15/><G23/><T112/><D112/><U125/><E125/><V4/><F4/><W19/><G19/><T130/><D130/><U45/><E116/><V135/><F135/><W42/><G13/><T51/><D51/><N who="1" m="19499" /><E7/><V114/><F114/><W53/><REACH who="3" step="1"/><G53/><REACH who="3" ten="420,223,94,253" step="2"/><T85/><D98/><U103/><E103/><V93/><F52/><W55/><G55/><T131/><D96/><U29/><E29/><N who="2" m="19631" /><F93/><W54/><G54/><T109/><D28/><U35/><E35/><V74/><F74/><W113/><G113/><T133/><D131/><U30/><E30/><V18/><F18/><W3/><G3/><AGARI ba="0,1" hai="0,1,3,41,43,61,64,68,99,101,106" m="19631" machi="3" ten="30,2000,0" yaku="25,1,52,1" doraHai="66" who="2" fromWho="3" sc="420,0,223,0,94,30,253,-20" /><INIT seed="6,0,0,3,2,59" ten="420,223,124,233" oya="2" hai0="6,129,58,133,73,21,70,25,91,60,61,92,51" hai1="85,75,87,93,38,125,53,112,5,54,64,31,28" hai2="102,71,78,15,131,40,23,124,7,118,0,83,113" hai3="82,96,47,126,32,11,50,52,110,49,109,108,98"/><V4/><F118/><W72/><G126/><T121/><D121/><U55/><E75/><V17/><F124/><W76/><G32/><T57/><D73/><U114/><E125/><V77/><F113/><N who="1" m="43625" /><E38/><V86/><F131/><W65/><G65/><T1/><D1/><U12/><E64/><V45/><F71/><W117/><G117/><T123/><D123/><U20/><E93/><V62/><F102/><W41/><REACH who="3" step="1"/><G11/><REACH who="3" ten="420,223,124,223" step="2"/><T101/><D129/><U107/><E20/><V10/><F7/><W132/><G132/><T127/><D21/><U74/><E5/><V134/><F134/><W2/><G2/><T39/><D6/><U103/><E31/><V27/><F0/><W95/><G95/><T69/><D92/><U67/><E67/><V16/><F4/><W29/><G29/><T81/><D133/><U33/><E28/><V66/><F66/><W116/><G116/><T105/><D127/><U88/><E33/><V80/><F80/><W36/><G36/><T13/><D39/><U14/><E107/><V3/><F3/><W135/><G135/><T8/><D105/><U24/><E12/><V48/><REACH who="2" step="1"/><F62/><REACH who="2" ten="420,223,114,223" step="2"/><W128/><G128/><T9/><D61/><U119/><E119/><V34/><F34/><W106/><G106/><T99/><D60/><U120/><E120/><V63/><F63/><W97/><G97/><T30/><D81/><U89/><E103/><V22/><F22/><W104/><G104/><T35/><D101/><U111/><E111/><V94/><F94/><W43/><G43/><T68/><D68/><U18/><E54/><V26/><F26/><RYUUKYOKU ba="0,2" sc="420,-15,223,-15,114,15,223,15" hai2="10,15,16,17,23,27,40,45,48,77,78,83,86" hai3="41,47,49,50,52,72,76,82,96,98,108,109,110" /><INIT seed="6,1,2,3,0,84" ten="405,208,129,238" oya="2" hai0="85,93,123,6,98,29,16,60,54,15,7,0,41" hai1="70,112,13,58,28,4,76,49,110,46,52,23,19" hai2="75,118,73,111,131,94,3,27,91,95,127,119,59" hai3="78,99,35,104,74,132,92,47,50,20,10,81,65"/><V71/><F3/><W96/><G35/><T86/><D41/><U9/><E110/><V39/><F71/><W30/><G132/><T32/><D29/><U17/><E70/><V88/><F39/><W106/><G65/><T44/><D32/><U21/><E112/><V63/><F27/><W72/><G72/><N who="2" m="27721" /><F59/><W101/><G10/><T116/><D123/><U97/><E76/><V122/><F63/><W114/><G99/><T124/><D116/><N who="2" m="44586" /><F122/><W83/><G83/><T133/><D133/><U108/><E108/><V2/><F2/><W109/><G109/><T68/><D68/><U38/><E38/><V55/><F55/><W120/><G114/><T56/><D44/><U67/><E97/><N who="2" m="57543" /><F111/><W126/><G120/><T80/><D0/><U45/><E28/><V107/><F107/><W40/><G106/><T48/><D60/><N who="1" m="38295" /><E45/><V135/><F135/><W102/><G104/><T89/><D54/><U134/><E134/><V25/><F25/><W128/><G30/><T18/><D6/><U1/><E1/><V43/><F43/><W125/><G40/><T51/><D51/><U103/><E19/><V11/><F11/><W14/><G50/><T36/><D15/><N who="1" m="9407" /><E23/><V22/><F22/><W90/><G47/><T57/><D18/><U12/><E12/><V130/><F127/><N who="3" m="48651" /><G14/><T33/><D124/><U79/><E103/><V105/><F105/><W34/><G20/><T24/><D33/><U66/><E66/><V64/><F64/><W69/><G69/><T61/><D48/><U5/><E5/><V115/><F115/><W129/><G34/><T82/><D24/><RYUUKYOKU ba="1,2" sc="405,-30,208,10,129,10,238,10" hai1="4,9,13,46,49,52,79" hai2="91,95,130,131" hai3="74,78,81,90,92,96,101,102,128,129" /><INIT seed="6,2,2,5,0,32" ten="375,218,139,248" oya="2" hai0="64,20,77,44,21,108,62,27,9,48,53,127,34" hai1="114,61,123,89,133,18,132,38,135,101,43,92,130" hai2="119,81,100,36,54,82,122,25,98,86,28,57,99" hai3="85,90,95,109,1,91,0,31,129,74,55,134,76"/><V75/><F119/><W12/><G109/><T115/><D108/><U128/><E114/><V116/><F116/><W78/><G129/><N who="1" m="49770" /><E123/><V26/><F122/><W125/><G125/><T10/><D21/><U19/><E101/><V16/><F36/><W60/><G134/><T69/><D53/><U83/><E83/><N who="2" m="31755" /><F75/><W106/><G106/><T8/><D48/><U14/><E61/><N who="2" m="36023" /><F28/><W93/><G74/><T66/><D10/><U58/><E58/><V49/><F86/><W121/><G121/><T13/><D66/><U39/><E43/><V65/><F65/><W94/><G31/><T63/><D64/><U33/><E33/><V29/><F29/><W17/><G55/><T52/><D52/><U120/><E120/><V84/><F49/><W97/><G60/><T24/><D62/><U88/><E89/><V107/><F84/><W105/><G105/><T131/><D63/><U51/><E51/><V111/><F111/><W110/><G110/><T112/><D115/><U23/><E19/><V103/><F16/><W37/><G37/><T68/><D112/><U113/><E113/><V80/><N who="2" m="31763" /><V4/><DORA hai="87" /><F4/><W67/><G67/><T47/><D69/><U102/><E102/><N who="2" m="38955" /><F107/><W11/><REACH who="3" step="1"/><G95/><REACH who="3" ten="375,218,139,238" step="2"/><T73/><D73/><U79/><E79/><AGARI ba="2,3" hai="0,1,11,12,17,76,78,79,85,90,91,93,94,97" machi="79" ten="40,12000,2" yaku="1,1,2,1,52,4,53,1" doraHai="32,87" doraHaiUra="7,96" who="3" fromWho="1" sc="375,0,218,-126,139,0,238,156" /><INIT seed="7,0,0,1,2,33" ten="375,92,139,394" oya="3" hai0="74,64,72,29,115,38,34,1,58,98,106,21,23" hai1="43,55,97,0,88,101,16,15,36,41,77,99,22" hai2="119,20,86,109,25,75,134,10,131,94,39,4,112" hai3="31,67,49,2,24,69,110,107,117,56,95,57,114"/><W68/><G107/><T79/><D38/><U14/><E0/><V63/><F39/><W81/><G2/><T7/><D115/><U17/><E77/><V76/><F109/><W113/><G117/><T123/><D123/><U125/><E125/><V53/><F119/><W105/><G105/><T127/><D127/><U121/><E121/><V124/><F75/><W82/><G95/><T37/><D37/><U122/><E122/><V85/><F124/><W42/><G110/><T73/><D79/><U13/><E36/><V89/><F112/><N who="3" m="43115" /><G42/><N who="1" m="15882" /><E101/><V70/><F70/><N who="3" m="27243" /><G49/><T19/><D34/><U90/><E55/><V51/><F51/><W104/><G104/><T8/><D29/><U40/><N who="1" m="15890" /><U26/><DORA hai="27" /><E17/><V45/><F53/><W133/><G133/><T80/><D80/><N who="3" m="30825" /><G67/><T6/><D6/><U91/><AGARI ba="0,0" hai="13,14,15,16,22,26,88,90,91,97,99" m="15890" machi="91" ten="40,5200,0" yaku="8,1,54,2" doraHai="33,27" who="1" fromWho="1" sc="375,-13,92,52,139,-13,394,-26" owari="362,16.2,144,-25.6,126,-37.4,368,46.8" /></mjloggm>