<mjloggm ver="2.3"><GO type="169" lobby="0"/><UN n0="%73%79%6C%76%65%6F%6E" n1="%E3%81%82%E3%81%84%E3%81%93%E3%81%99" n2="%E4%BF%BA%E3%81%A7%E3%81%99" n3="%E3%82%A8%E3%82%B0%E3%83%81%E3%80%81" dan="16,16,16,16" rate="2160.27,2111.42,2071.86,2157.67" sx="M,M,M,M"/><TAIKYOKU oya="0"/><INIT seed="0,0,0,4,2,69" ten="250,250,250,250" oya="0" hai0="109,82,7,134,117,43,10,35,121,85,30,52,21" hai1="135,120,131,66,119,18,118,38,44,26,127,73,111" hai2="19,31,41,50,113,60,29,68,114,77,54,100,93" hai3="103,25,124,34,9,24,15,108,5,87,1,40,65"/><T16/><D117/><U126/><E18/><V53/><F41/><W62/><G108/><T80/><D121/><U32/><E26/><V75/><F77/><W63/><G124/><T49/><D134/><U132/><E32/><V99/><F75/><W12/><G103/><T123/><D123/><U78/><E78/><V8/><F8/><W17/><G62/><T33/><D43/><N who="1" m="22647" /><E73/><V3/><F3/><W61/><G61/><T102/><D102/><U64/><E111/><V37/><F37/><W70/><G40/><T39/><D39/><U106/><E106/><V51/><F19/><W96/><G96/><T58/><D109/><U57/><E57/><V74/><F74/><W130/><G130/><T83/><D30/><U88/><E88/><V46/><F60/><W6/><G6/><T92/><D92/><U79/><E79/><V107/><F68/><W14/><G87/><T116/><D116/><N who="1" m="44587" /><E120/><V125/><F107/><W128/><G128/><T47/><D58/><U86/><E86/><V42/><F125/><N who="1" m="47625" /><E131/><V45/><REACH who="2" step="1"/><F42/><REACH who="2" ten="250,250,240,250" step="2"/><W133/><G17/><T95/><D10/><U48/><E48/><V20/><F20/><W56/><G70/><T94/><D7/><U110/><E110/><V71/><F71/><W81/><G9/><T112/><D35/><U2/><E2/><V129/><F129/><W55/><G34/><T72/><D33/><U27/><E27/><N who="3" m="10314" /><G1/><T11/><D72/><U67/><AGARI ba="0,1" hai="64,66,67,132,135" m="47625,44587,22647" machi="67" ten="40,8000,1" yaku="18,1,34,2,52,1" doraHai="69" who="1" fromWho="1" sc="250,-40,250,90,240,-20,250,-20" /><INIT seed="1,0,0,1,1,28" ten="210,340,220,230" oya="1" hai0="26,56,23,85,103,92,98,52,15,30,58,90,48" hai1="77,67,86,99,135,31,24,129,41,125,119,65,4" hai2="127,38,50,80,117,55,45,123,69,17,94,22,47" hai3="121,113,89,20,78,1,10,118,43,101,114,5,29"/><U14/><E119/><V105/><F117/><W72/><G118/><T130/><D130/><U9/><E129/><V95/><F123/><W122/><G101/><T112/><D112/><U116/><E116/><V133/><F105/><W74/><G74/><T132/><D132/><U60/><E135/><V134/><F127/><W96/><G89/><T75/><D75/><U32/><E125/><V7/><F69/><W3/><G96/><T124/><D124/><U97/><E41/><V71/><F71/><W84/><G84/><T40/><D40/><U49/><E49/><V54/><F7/><N who="3" m="1391" /><G78/><T87/><D15/><U107/><E67/><V11/><F11/><N who="3" m="2495" /><G72/><T111/><D111/><U79/><E86/><V76/><F134/><W13/><G43/><T109/><D109/><U42/><E42/><V39/><F133/><W18/><G29/><T110/><D110/><U102/><E99/><V88/><F39/><W36/><G36/><T100/><D100/><U91/><E91/><V73/><F38/><W120/><AGARI ba="0,0" hai="13,18,20,113,114,120,121,122" m="2495,1391" machi="120" ten="30,2000,0" yaku="34,2" doraHai="28" who="3" fromWho="3" sc="210,-5,340,-10,220,-5,230,20" /><INIT seed="2,0,0,5,1,49" ten="205,330,215,250" oya="2" hai0="102,74,13,90,68,126,84,59,132,48,115,38,91" hai1="58,100,18,130,32,125,52,67,73,34,42,8,75" hai2="113,124,107,54,5,88,4,121,19,53,65,120,2" hai3="36,127,45,71,56,76,46,26,81,37,80,55,21"/><V133/><F113/><W47/><G127/><T94/><D115/><U103/><E125/><V29/><F124/><W35/><G71/><T0/><D126/><U105/><E67/><V14/><F133/><W111/><G111/><T66/><D0/><U57/><E42/><V131/><F131/><W15/><G35/><T116/><D38/><U112/><E112/><V109/><F109/><W20/><G15/><T114/><D114/><U79/><E79/><V24/><F107/><W99/><G99/><T22/><D74/><U11/><E18/><V64/><F2/><W83/><G76/><T44/><D132/><U25/><E25/><V95/><F121/><W117/><G117/><T6/><D68/><U104/><REACH who="1" step="1"/><E130/><REACH who="1" ten="205,320,215,250" step="2"/><V129/><F129/><W40/><G40/><T12/><D66/><N who="2" m="25706" /><F120/><W128/><G128/><T72/><D116/><U101/><E101/><V27/><F29/><W93/><G26/><N who="2" m="9769" /><F4/><W33/><G33/><T9/><D102/><U119/><E119/><V134/><F5/><W39/><REACH who="3" step="1"/><G93/><REACH who="3" ten="205,320,215,240" step="2"/><T41/><D94/><U62/><E62/><AGARI ba="0,2" hai="20,21,36,37,39,45,46,47,55,56,62,80,81,83" machi="62" ten="50,12000,2" yaku="1,1,2,1,29,2,52,1,53,1" doraHai="49" doraHaiUra="50" who="3" fromWho="1" sc="205,0,320,-120,215,0,240,140" /><INIT seed="3,0,0,2,4,123" ten="205,200,215,380" oya="3" hai0="57,76,117,21,39,90,20,107,94,3,33,95,46" hai1="79,116,42,23,91,13,25,27,120,70,77,132,128" hai2="127,48,81,103,0,69,106,11,122,80,35,109,82" hai3="73,31,125,49,52,51,99,29,16,1,126,87,63"/><W72/><G1/><T121/><D121/><U65/><E120/><V93/><F122/><W15/><G87/><T96/><D117/><U86/><E116/><V111/><F106/><W14/><G63/><T2/><D33/><U115/><E115/><V41/><F127/><N who="3" m="48651" /><G99/><T4/><D107/><U85/><E42/><V119/><F119/><W32/><G14/><T10/><D2/><U74/><E74/><N who="3" m="28778" /><G49/><T133/><D96/><U38/><E38/><V8/><F0/><W75/><N who="3" m="28786" /><W37/><DORA hai="114" /><G32/><T118/><D3/><U44/><E13/><V43/><F35/><W26/><G26/><T130/><D39/><U131/><E86/><V98/><F48/><W6/><G6/><T88/><D4/><U58/><E27/><V104/><F93/><W78/><G78/><T61/><D76/><U34/><E79/><V92/><F92/><W17/><G17/><T30/><D95/><U64/><E77/><V22/><F43/><W19/><G19/><T55/><D94/><U5/><E85/><V9/><F41/><W113/><G113/><T60/><D60/><U89/><E25/><V56/><F56/><N who="3" m="32799" /><G37/><T18/><D61/><U59/><E5/><V112/><F112/><W100/><G100/><T68/><D18/><U47/><E34/><V105/><F105/><W101/><G101/><T108/><D90/><U71/><E23/><AGARI ba="0,0" hai="15,16,23,29,31" m="32799,28786,48651" machi="23" ten="40,7700,0" yaku="18,1,54,2" doraHai="123,114" who="3" fromWho="1" sc="205,0,200,-77,215,0,380,77" /><INIT seed="3,1,0,0,3,69" ten="205,123,215,457" oya="3" hai0="45,34,122,19,127,131,92,84,13,1,126,77,17" hai1="38,125,72,119,124,129,54,128,42,27,100,117,71" hai2="21,103,7,43,35,76,107,31,133,68,48,106,94" hai3="46,9,56,44,130,116,112,3,113,39,90,29,11"/><W75/><G56/><T132/><D122/><U105/><E27/><V73/><F68/><W134/><G90/><T121/><D121/><U64/><E72/><V10/><F35/><W98/><G98/><T4/><D34/><U79/><E54/><V62/><F76/><W16/><G75/><T50/><D131/><N who="1" m="50251" /><E79/><V70/><F73/><W60/><G60/><T109/><D132/><U80/><E80/><V12/><F133/><W47/><G47/><T6/><D109/><U104/><E100/><V111/><F111/><W97/><G97/><T30/><D77/><U108/><E108/><V118/><F118/><N who="1" m="45065" /><E64/><V123/><F123/><W66/><G66/><T40/><D40/><U33/><E33/><V74/><F74/><W87/><G130/><T18/><D30/><U93/><E93/><V61/><F31/><W22/><G29/><T85/><D92/><U65/><E65/><V49/><F94/><W91/><G116/><T83/><D83/><U28/><E28/><V23/><F103/><W57/><G134/><T14/><D85/><U53/><E53/><V99/><F43/><W37/><G87/><T58/><D84/><U24/><E24/><V32/><F32/><W67/><G67/><T25/><D25/><U101/><E71/><V20/><F70/><W55/><G55/><T0/><D58/><U52/><E52/><V89/><F62/><W115/><G57/><T114/><D45/><N who="3" m="17513" /><G91/><T81/><D81/><U135/><E135/><V88/><F61/><W78/><G78/><T5/><D50/><N who="2" m="19562" /><F99/><W8/><G3/><T96/><D1/><U120/><E120/><RYUUKYOKU ba="1,0" sc="205,-15,123,-15,215,15,457,15" hai2="7,10,12,20,21,23,88,89,106,107" hai3="8,9,11,16,22,37,39,112,113,115" /><INIT seed="3,2,0,3,5,6" ten="190,108,230,472" oya="3" hai0="133,0,54,98,88,122,68,107,29,48,72,81,33" hai1="131,11,73,2,30,97,75,109,15,134,50,105,89" hai2="60,57,49,80,64,130,62,114,82,100,115,44,37" hai3="69,118,53,110,116,56,70,84,5,27,94,61,31"/><W76/><G110/><T83/><D122/><U117/><E109/><V14/><F130/><W28/><G5/><T120/><D120/><U17/><E131/><V119/><F119/><W18/><G18/><T67/><D0/><U26/><E117/><V106/><F37/><W52/><G94/><T45/><D133/><U12/><E2/><V129/><F129/><W108/><G108/><T58/><D68/><U16/><E50/><V86/><F62/><W39/><G61/><T34/><D29/><U1/><E1/><V36/><F36/><W123/><G39/><T66/><D107/><U8/><E134/><V103/><F82/><W87/><G76/><T104/><D72/><U128/><E128/><V40/><F14/><W4/><G4/><T71/><D71/><U19/><E19/><V85/><F86/><W95/><G95/><N who="0" m="56679" /><D34/><U135/><E135/><V32/><F32/><W113/><G123/><T65/><D33/><U63/><E63/><V24/><F24/><W74/><G27/><T112/><D104/><U20/><E89/><V43/><F106/><W127/><G74/><T121/><D112/><U47/><E47/><V59/><F57/><W101/><G56/><T79/><D121/><U51/><E51/><V38/><F115/><W3/><G113/><T25/><D25/><U90/><E90/><N who="2" m="51495" /><F114/><W91/><G3/><T99/><D99/><U22/><E22/><V125/><F38/><W46/><G118/><T102/><D102/><AGARI ba="2,0" hai="8,11,12,15,16,17,20,26,30,73,75,97,102,105" machi="102" ten="40,8000,1" yaku="9,1,52,2,54,1" doraHai="6" who="1" fromWho="0" sc="190,-86,108,86,230,0,472,0" /><INIT seed="4,0,0,2,1,122" ten="104,194,230,472" oya="0" hai0="95,2,46,54,81,25,38,125,13,39,4,126,72" hai1="16,40,64,112,52,83,62,29,96,114,80,117,108" hai2="76,63,41,97,7,73,91,78,93,6,133,131,130" hai3="26,61,11,103,28,110,104,66,94,59,120,121,49"/><T8/><D13/><U33/><E117/><V36/><F133/><W123/><G110/><T99/><D25/><N who="1" m="18607" /><E108/><V132/><F132/><W84/><G11/><T98/><D98/><U71/><E40/><V21/><F63/><W12/><G12/><T55/><D55/><U74/><E74/><V14/><F41/><W57/><G104/><T68/><D68/><U92/><E16/><N who="2" m="10391" /><F36/><W50/><G59/><T106/><D106/><U118/><E118/><V86/><F86/><W87/><G87/><T15/><D15/><U75/><E75/><V0/><F0/><W101/><G84/><T30/><D30/><U10/><E10/><V32/><F32/><N who="3" m="20503" /><G94/><T43/><D54/><U134/><E52/><V9/><F9/><W105/><G105/><T24/><D24/><U88/><E134/><V34/><F34/><W111/><G111/><T37/><D37/><U53/><E53/><V135/><F135/><W82/><G82/><T27/><D27/><U109/><E109/><V127/><F127/><W116/><G116/><T45/><D45/><U89/><E89/><V119/><F119/><W69/><G69/><T90/><REACH who="0" step="1"/><D39/><REACH who="0" ten="94,194,230,472" step="2"/><U70/><E70/><V65/><F65/><W77/><G123/><T5/><D5/><U22/><E22/><V113/><F6/><W67/><G121/><T128/><D128/><U47/><E47/><V58/><F7/><W51/><G120/><T100/><D100/><U124/><E124/><V85/><F131/><W3/><G103/><T107/><D107/><U56/><E71/><V102/><F130/><W79/><G101/><T115/><D115/><AGARI ba="0,1" hai="56,62,64,80,83,88,92,96,112,114,115" m="18607" machi="115" ten="30,7700,0" yaku="6,1,15,1,11,1,54,1" doraHai="122" who="1" fromWho="0" sc="94,-77,194,87,230,0,472,0" /><INIT seed="5,0,0,5,5,132" ten="17,281,230,472" oya="1" hai0="61,51,104,127,97,122,11,94,33,70,22,49,8" hai1="3,59,12,17,90,77,56,57,117,32,7,133,29" hai2="108,38,119,52,78,44,34,95,76,65,103,31,68" hai3="128,58,112,27,35,43,1,48,111,67,2,131,80"/><U118/><E133/><V75/><F108/><W42/><G111/><T21/><D104/><U39/><E39/><V0/><F119/><W37/><G112/><T81/><D33/><U106/><E106/><V23/><F34/><W89/><G35/><T13/><D122/><U53/><E77/><V124/><F0/><N who="3" m="107" /><G27/><T134/><D134/><U73/><E73/><V83/><F78/><W107/><G107/><T64/><D11/><U66/><E66/><V45/><F65/><W71/><G71/><T91/><D51/><U115/><E115/><V116/><F68/><W28/><G28/><T110/><D110/><U24/><E90/><V125/><F116/><W109/><G109/><T121/><D121/><U26/><E26/><N who="2" m="16863" /><F38/><W114/><G114/><T36/><D36/><U18/><E18/><V25/><F25/><W85/><G37/><T15/><D15/><U5/><E5/><V113/><F113/><W135/><G135/><T20/><D49/><U16/><E17/><V93/><F103/><W40/><G67/><T63/><D63/><U101/><E101/><V87/><F87/><W129/><G58/><T4/><REACH who="0" step="1"/><D81/><REACH who="0" ten="7,281,230,472" step="2"/><U96/><E118/><V123/><F123/><W46/><AGARI ba="0,1" hai="40,42,43,46,48,80,85,89,128,129,131" m="107" machi="46" ten="40,1500,0" yaku="19,1" doraHai="132" who="3" fromWho="3" sc="7,-4,281,-7,230,-4,472,25" /><INIT seed="6,0,0,5,4,103" ten="3,274,226,497" oya="2" hai0="1,24,54,76,53,30,122,83,94,115,132,16,134" hai1="0,3,118,27,9,69,91,14,2,25,107,90,114" hai2="31,98,60,23,116,62,5,77,15,80,84,130,117" hai3="86,127,64,7,108,10,47,124,37,57,92,12,128"/><V85/><F130/><W22/><G108/><T18/><D122/><U17/><E118/><V112/><F112/><W105/><G105/><T52/><D1/><U129/><E114/><V95/><F85/><W82/><G92/><T71/><D71/><U50/><E69/><V6/><F117/><W38/><G22/><N who="0" m="15639" /><D94/><U135/><E129/><V36/><F36/><W106/><G106/><T78/><D115/><U119/><E107/><V8/><F116/><W88/><G47/><T74/><D78/><U97/><E135/><AGARI ba="0,0" hai="16,18,52,53,54,74,76,83,132,134,135" m="15639" machi="135" ten="30,3900,0" yaku="20,1,54,2" doraHai="103" who="0" fromWho="1" sc="3,39,274,-39,226,0,497,0" /><INIT seed="7,0,0,0,4,90" ten="42,235,226,497" oya="3" hai0="14,70,11,5,15,96,94,34,74,72,39,86,63" hai1="52,120,124,80,17,33,110,18,82,4,37,58,118" hai2="65,71,60,87,48,57,16,95,43,128,78,49,101" hai3="76,22,100,88,21,106,97,99,29,75,79,30,24"/><W55/><G75/><T9/><D34/><U59/><E110/><V133/><F128/><W6/><G6/><T2/><D86/><U67/><E37/><V119/><F119/><W36/><G36/><T91/><D39/><U122/><E118/><V116/><F116/><W42/><G42/><T46/><D91/><U0/><E33/><V35/><F35/><W3/><G3/><T54/><D2/><U73/><E4/><V44/><F133/><W123/><G123/><T117/><D117/><U93/><E0/><V69/><F78/><W41/><G41/><T104/><D5/><U68/><E68/><V40/><F16/><W47/><G55/><T62/><D70/><U108/><E73/><V26/><F26/><W125/><G47/><T85/><D85/><U107/><E107/><V31/><F31/><W98/><G125/><T61/><D61/><U103/><E124/><V77/><F77/><W51/><G51/><T130/><D104/><U109/><E52/><N who="2" m="31887" /><F101/><W112/><G112/><T66/><D46/><U89/><E103/><V134/><F134/><W132/><G79/><T10/><D54/><U135/><E135/><V38/><F69/><W8/><G76/><T129/><D10/><U12/><E67/><V20/><F20/><W111/><G22/><T102/><D102/><U53/><E53/><N who="2" m="29831" /><F38/><W127/><G21/><T126/><D66/><U27/><E27/><V83/><F83/><N who="1" m="31785" /><E59/><V115/><F115/><W105/><G100/><T81/><D81/><U28/><E58/><V131/><F131/><W84/><G106/><T64/><D129/><U23/><E122/><RYUUKYOKU ba="0,0" sc="42,-10,235,-10,226,30,497,-10" hai2="40,43,60,65,71,87,95" owari="32,-46.8,225,-17.5,256,5.6,487,58.7" /></mjloggm>