<mjloggm ver="2.3"><GO type="169" lobby="0"/><UN n0="%E3%81%BE%E3%82%8B%E3%81%A8%E3%83%BC" n1="%74%61%6B%65%2D%79%6F%75" n2="%E7%9C%BC%E9%8F%A1%E3%81%AE%E7%94%B7%E3%81%AE%E5%AD%90" n3="%E7%88%86%E7%89%8C%E3%82%A6%E3%82%B7%E3%82%B8%E3%83%9E%E3%81%8F%E3%82%93" dan="16,16,16,19" rate="2051.72,2171.43,2097.37,2229.27" sx="M,M,M,M"/><TAIKYOKU oya="0"/><INIT seed="0,0,0,3,3,82" ten="250,250,250,250" oya="0" hai0="7,114,63,118,51,106,47,48,59,119,91,128,40" hai1="64,45,41,61,117,23,108,121,35,71,53,13,132" hai2="37,49,96,14,130,32,80,120,98,101,2,68,99" hai3="28,124,33,93,9,131,52,111,113,66,89,4,97"/><T1/><D114/><U78/><E117/><V122/><F37/><W116/><G113/><T72/><D106/><U24/><E121/><V21/><F2/><W73/><G116/><T67/><D72/><U55/><E108/><V133/><F32/><W84/><G111/><T126/><D126/><U12/><E132/><V5/><F68/><W125/><G73/><T65/><D128/><U107/><E107/><V95/><F133/><W115/><G115/><T135/><D135/><U83/><E35/><V19/><F130/><W88/><G66/><T30/><D30/><U46/><E12/><V129/><F5/><W134/><G134/><T112/><D112/><U57/><E13/><V29/><F29/><W81/><G131/><T10/><D67/><U18/><E71/><V77/><F129/><W58/><G28/><T56/><D91/><U109/><E46/><V85/><F99/><W22/><G22/><T26/><REACH who="0" step="1"/><D26/><REACH who="0" ten="240,250,250,250" step="2"/><U102/><E109/><V39/><F39/><W94/><G125/><T79/><D79/><U25/><E25/><V103/><REACH who="2" step="1"/><F49/><REACH who="2" ten="240,250,240,250" step="2"/><W123/><G124/><T76/><D76/><U62/><E78/><V17/><F17/><W15/><G123/><T20/><D20/><U69/><E23/><V8/><F8/><W105/><G33/><T0/><D0/><U44/><E18/><V6/><F6/><W60/><G105/><AGARI ba="0,2" hai="14,19,21,77,80,85,95,96,98,101,103,105,120,122" machi="105" ten="30,7700,0" yaku="1,1,7,1,52,1,53,1" doraHai="82" doraHaiUra="75" who="2" fromWho="3" sc="240,0,250,0,240,97,250,-77" /><INIT seed="1,0,0,4,5,22" ten="240,250,337,173" oya="1" hai0="0,8,7,47,107,66,91,51,39,110,53,54,75" hai1="118,106,111,52,64,65,18,59,109,33,96,38,46" hai2="23,61,79,74,102,63,78,88,57,10,15,130,135" hai3="62,48,5,108,133,32,12,105,50,99,2,92,125"/><U101/><E118/><V129/><F135/><W71/><G133/><T112/><D107/><U3/><E3/><V84/><F102/><W68/><G108/><N who="1" m="41546" /><E33/><V29/><F63/><W120/><G120/><T86/><D110/><U30/><E30/><V60/><F61/><W90/><G125/><T131/><D112/><U116/><E116/><V69/><F69/><W11/><G105/><T19/><D131/><N who="2" m="50186" /><F23/><W121/><G121/><T98/><D66/><U42/><E18/><N who="2" m="8567" /><F74/><W49/><G32/><T132/><D75/><U113/><E113/><V27/><F27/><W81/><G81/><T128/><D128/><U77/><E77/><V127/><F29/><W41/><G41/><T20/><D132/><U25/><E25/><V76/><F127/><W73/><G73/><T4/><D39/><U37/><E38/><V35/><F35/><W80/><G2/><T72/><D72/><U6/><E6/><V43/><F43/><W67/><G71/><T17/><D7/><U1/><E1/><V9/><F9/><W85/><REACH who="3" step="1"/><G50/><AGARI ba="0,0" hai="37,42,46,50,52,59,64,65,96,101,106" m="41546" machi="50" ten="30,5800,0" yaku="14,1,10,1,54,1" doraHai="22" who="1" fromWho="3" sc="240,0,250,58,337,0,173,-58" /><INIT seed="1,1,0,2,4,86" ten="240,308,337,115" oya="1" hai0="75,78,118,70,25,38,20,13,31,81,7,73,101" hai1="49,117,42,50,39,96,116,122,52,47,106,62,112" hai2="16,40,69,27,67,110,9,131,132,128,80,103,121" hai3="28,74,100,135,64,53,44,19,97,8,72,22,6"/><U87/><E106/><V91/><F121/><W68/><G135/><T24/><D118/><N who="1" m="45675" /><E96/><V107/><F132/><W2/><G28/><T34/><D70/><U45/><E87/><V129/><F110/><W23/><G23/><T134/><D38/><U85/><E85/><N who="2" m="50599" /><F40/><W94/><G68/><T123/><D134/><U66/><E112/><V114/><F114/><W15/><G64/><T30/><D123/><U3/><E3/><V126/><F126/><W102/><G102/><T125/><D125/><U12/><E12/><N who="2" m="7183" /><F27/><W88/><REACH who="3" step="1"/><G100/><REACH who="3" ten="240,308,337,105" step="2"/><T60/><D101/><U127/><E122/><V71/><F67/><W21/><G21/><T18/><D31/><U57/><E127/><V130/><F130/><W108/><G108/><T79/><D34/><U26/><E26/><V76/><F76/><W5/><G5/><T77/><D30/><U17/><E17/><V48/><F103/><W63/><G63/><T58/><D25/><U133/><E133/><V43/><F107/><W51/><AGARI ba="1,1" hai="2,6,8,15,19,22,44,51,53,72,74,88,94,97" machi="51" ten="30,12000,2" yaku="1,1,0,1,52,1,54,1,53,2" doraHai="86" doraHaiUra="104" who="3" fromWho="3" sc="240,-31,308,-61,337,-31,105,133" /><INIT seed="2,0,0,2,5,46" ten="209,247,306,238" oya="2" hai0="17,96,30,26,68,73,134,63,32,109,72,114,45" hai1="104,108,91,27,124,93,102,81,53,89,112,86,60" hai2="28,121,58,65,78,48,19,6,74,66,49,107,55" hai3="130,119,116,113,71,128,123,39,13,59,52,14,77"/><V129/><F121/><W35/><G35/><T84/><D114/><U105/><E112/><V11/><F107/><N who="1" m="41033" /><E27/><V22/><F28/><W92/><G123/><T7/><D134/><U1/><E60/><V67/><F129/><N who="3" m="49771" /><G71/><T101/><D109/><U62/><E62/><V90/><F74/><W23/><G113/><T111/><D111/><U135/><E53/><V127/><F127/><W99/><G77/><T85/><D7/><U18/><E18/><V69/><F69/><W132/><G132/><T47/><D17/><U42/><E1/><V98/><F78/><W9/><G39/><T33/><D33/><U88/><E135/><V31/><F31/><W2/><G23/><T29/><D29/><U87/><E108/><V110/><F110/><W12/><G2/><T75/><D47/><U76/><E42/><V94/><F48/><N who="3" m="31111" /><G9/><T38/><D45/><U122/><E122/><V36/><F36/><W120/><G120/><T15/><D38/><U83/><E124/><V40/><F40/><W131/><N who="3" m="49779" /><W97/><DORA hai="57" /><G97/><AGARI ba="0,0" hai="76,81,83,86,87,88,89,91,93,97,102" m="41033" machi="97" ten="30,12000,2" yaku="35,5,54,1" doraHai="46,57" who="1" fromWho="3" sc="209,0,247,120,306,0,238,-120" /><INIT seed="3,0,0,5,4,104" ten="209,367,306,118" oya="3" hai0="10,93,43,25,59,117,97,27,69,132,95,21,107" hai1="39,3,14,12,37,5,79,62,1,54,115,81,83" hai2="17,94,60,33,66,106,32,26,114,131,121,45,44" hai3="51,85,134,46,20,11,65,70,67,129,49,56,105"/><W91/><G105/><T40/><D69/><U78/><E62/><V53/><F106/><W42/><G129/><T127/><D117/><U72/><E54/><V126/><F114/><W90/><G134/><T41/><D132/><U124/><E5/><V108/><F131/><W119/><G119/><T71/><D71/><U116/><E116/><V35/><F126/><W103/><G103/><T28/><D127/><U130/><E124/><V68/><F108/><W118/><G118/><T24/><D107/><U120/><E130/><V77/><F77/><W74/><G74/><T84/><D10/><U80/><E120/><V29/><F17/><W48/><G70/><T50/><D84/><U100/><E100/><V7/><F7/><W15/><G20/><T57/><D95/><U135/><E135/><V111/><F111/><W8/><G8/><T76/><D76/><N who="1" m="29227" /><E72/><V122/><F94/><N who="3" m="54607" /><G91/><N who="0" m="55487" /><D59/><U0/><E115/><V86/><F86/><W109/><G109/><T34/><D34/><U89/><E89/><V112/><F112/><W23/><G23/><T18/><D28/><U125/><E125/><V110/><F110/><W64/><G56/><T47/><D57/><U61/><E61/><V38/><F122/><W22/><G22/><T36/><D36/><AGARI ba="0,0" hai="0,1,3,12,14,36,37,39,80,81,83" m="29227" machi="36" ten="40,2600,0" yaku="28,2" doraHai="104" who="1" fromWho="0" sc="209,-26,367,26,306,0,118,0" /><INIT seed="4,0,0,3,3,80" ten="183,393,306,118" oya="0" hai0="99,78,50,7,116,57,68,60,16,129,56,12,106" hai1="97,11,107,121,87,59,32,51,27,13,104,62,89" hai2="35,125,126,42,85,101,69,124,123,17,40,70,120" hai3="10,119,94,63,61,24,84,25,112,73,81,37,30"/><T49/><D116/><U102/><E121/><N who="2" m="46667" /><F35/><W47/><G112/><T133/><D133/><U39/><E39/><V9/><F101/><W48/><G119/><T96/><D129/><U1/><E1/><V43/><F9/><W113/><G113/><T98/><D106/><U5/><E51/><N who="0" m="19465" /><D68/><N who="2" m="26218" /><F17/><W132/><G132/><T115/><D115/><U0/><E107/><V82/><F82/><W31/><G37/><T6/><D78/><U55/><E0/><V14/><F14/><W71/><G10/><N who="0" m="6167" /><D57/><U41/><E32/><V53/><F85/><W23/><G71/><T127/><D127/><U118/><E118/><V38/><F53/><AGARI ba="0,0" hai="6,7,53,56,60,96,98,99" m="6167,19465" machi="53" ten="30,2900,0" yaku="8,1,54,1" doraHai="80" who="0" fromWho="2" sc="183,29,393,0,306,-29,118,0" /><INIT seed="4,1,0,3,2,17" ten="212,393,277,118" oya="0" hai0="134,92,109,69,84,6,21,135,125,82,48,120,90" hai1="58,78,11,42,47,23,75,53,73,54,20,122,89" hai2="107,38,40,81,64,66,8,77,80,121,83,67,76" hai3="3,131,133,113,14,18,114,65,68,115,34,41,27"/><T91/><D69/><U26/><E122/><V108/><F121/><W31/><G41/><T93/><D120/><U10/><E89/><V33/><F33/><W0/><G65/><T111/><D6/><U95/><E95/><N who="0" m="36425" /><D48/><N who="1" m="26743" /><E73/><V112/><F107/><W71/><G71/><T127/><D21/><N who="1" m="8267" /><E75/><V37/><F108/><N who="0" m="41546" /><D90/><U101/><E101/><V2/><F112/><W1/><G68/><T50/><D50/><N who="1" m="31031" /><E78/><V106/><F106/><W118/><G118/><T12/><D12/><U25/><E54/><V55/><F55/><W128/><G133/><AGARI ba="1,0" hai="82,84,91,125,127,133,134,135" m="41546,36425" machi="133" ten="40,12000,1" yaku="20,1,10,1,34,2" doraHai="17" who="0" fromWho="3" sc="212,123,393,0,277,0,118,-123" owari="335,13.5,393,49.3,277,-12.3,-5,-50.5" /></mjloggm>