<mjloggm ver="2.3"><GO type="169" lobby="0"/><UN n0="%E9%87%A3%E3%82%8A%E6%97%A5%E5%92%8C" n1="%E4%BA%BA%E7%8B%BC" n2="%E3%82%B8%E3%83%A3%E3%82%B9%E3%83%88%E3%81%B3%E3%81%83" n3="%E5%85%AD%E9%83%A8%E5%9C%AD" dan="18,16,16,16" rate="2251.97,2054.97,2171.16,2042.94" sx="M,M,M,M"/><TAIKYOKU oya="0"/><INIT seed="0,0,0,2,4,8" ten="250,250,250,250" oya="0" hai0="115,112,78,60,55,72,25,73,127,75,43,109,5" hai1="57,47,33,37,106,26,83,12,22,18,77,82,67" hai2="89,53,118,79,111,135,125,101,76,66,92,70,9" hai3="11,103,28,17,134,126,122,56,104,48,95,16,121"/><T102/><D127/><U128/><E128/><V86/><F70/><W123/><G104/><T97/><D78/><U81/><E106/><V71/><F71/><W10/><G126/><T29/><D43/><U129/><E129/><V96/><F125/><W132/><G28/><T120/><D120/><U21/><E33/><V46/><F66/><W90/><G103/><T100/><D5/><U20/><E37/><V94/><F111/><W19/><G56/><T114/><D109/><U36/><E36/><V30/><F30/><W54/><G10/><T59/><REACH who="0" step="1"/><D97/><REACH who="0" ten="240,250,250,250" step="2"/><U62/><E47/><V133/><F118/><W27/><G27/><T52/><D52/><U130/><E130/><V61/><F76/><W40/><G40/><T44/><D44/><U39/><E39/><V80/><F46/><N who="3" m="27927" /><G11/><T15/><D15/><N who="1" m="9311" /><E77/><V64/><F9/><W32/><G32/><AGARI ba="0,1" hai="25,29,32,55,59,60,72,73,75,100,102,112,114,115" machi="32" ten="50,4800,0" yaku="1,1,53,1" doraHai="8" doraHaiUra="31" who="0" fromWho="3" sc="240,58,250,0,250,0,250,-48" /><INIT seed="0,1,0,3,5,103" ten="298,250,250,202" oya="0" hai0="39,135,43,119,66,78,130,120,72,60,116,57,52" hai1="25,47,35,70,45,123,75,124,108,65,13,34,106" hai2="0,84,113,48,29,77,54,126,58,18,27,16,40" hai3="55,37,62,46,22,91,10,14,2,79,87,53,20"/><T31/><D120/><U132/><E123/><V7/><F113/><W69/><G2/><T12/><D31/><U131/><E108/><V71/><F126/><W99/><G79/><T107/><D107/><U100/><E75/><V36/><F71/><W94/><G53/><T109/><D78/><U21/><E124/><V97/><F97/><W89/><G69/><T133/><D72/><U64/><E131/><V9/><F36/><W102/><G91/><T112/><D12/><U122/><E122/><V134/><F40/><W80/><G37/><T3/><D3/><U5/><E132/><N who="0" m="50761" /><D112/><U93/><E93/><V33/><REACH who="2" step="1"/><F134/><REACH who="2" ten="298,250,240,202" step="2"/><W110/><G110/><T88/><D109/><U28/><E70/><V63/><F63/><W67/><G67/><T26/><D66/><U121/><E64/><V118/><F118/><W68/><G68/><T38/><D38/><U24/><E65/><V73/><F73/><W51/><REACH who="3" step="1"/><G62/><REACH who="3" ten="298,250,240,192" step="2"/><N who="0" m="36135" /><D39/><U17/><E121/><V15/><F15/><W1/><G1/><T56/><D43/><U81/><E13/><V85/><F85/><W95/><G95/><T4/><D60/><U59/><E24/><V129/><F129/><W82/><G82/><AGARI ba="1,2" hai="0,7,9,16,18,27,29,33,48,54,58,77,82,84" machi="82" ten="40,5200,0" yaku="1,1,54,1,53,1" doraHai="103" doraHaiUra="83" who="2" fromWho="3" sc="298,0,250,0,240,75,192,-55" /><INIT seed="1,0,0,4,5,111" ten="298,250,315,137" oya="1" hai0="62,27,71,73,134,34,72,87,102,66,30,16,58" hai1="44,20,42,133,78,135,108,82,125,91,93,14,36" hai2="76,85,18,43,129,96,37,86,33,109,110,101,124" hai3="67,41,132,57,39,26,90,97,19,68,25,35,4"/><U94/><E125/><V24/><F124/><W7/><G68/><T98/><D134/><N who="1" m="51211" /><E108/><N who="2" m="41579" /><F129/><W17/><G132/><T22/><D87/><N who="2" m="33290" /><F76/><W115/><G39/><T56/><D72/><N who="1" m="43335" /><E91/><V59/><F59/><W48/><G35/><T45/><D45/><U0/><E0/><V10/><F33/><W13/><G41/><T51/><D51/><U5/><E5/><V130/><F130/><W126/><G126/><T70/><D73/><U49/><E36/><V103/><F96/><W50/><G97/><T122/><D122/><U123/><E123/><V1/><F24/><W29/><G57/><T114/><D71/><U113/><E113/><V21/><F43/><W46/><G46/><T128/><D114/><U121/><E121/><V6/><F37/><W28/><G115/><T38/><D128/><U12/><E12/><N who="2" m="9415" /><F103/><W40/><G40/><T15/><REACH who="0" step="1"/><D38/><REACH who="0" ten="288,250,315,137" step="2"/><U53/><E42/><V92/><F92/><AGARI ba="0,1" hai="15,16,22,27,30,34,56,58,62,66,70,92,98,102" machi="92" ten="30,7700,0" yaku="1,1,2,1,7,1,54,1,53,0" doraHai="111" doraHaiUra="83" who="0" fromWho="2" sc="288,87,250,0,315,-77,137,0" /><INIT seed="2,0,0,3,0,54" ten="375,250,238,137" oya="2" hai0="10,14,82,118,93,11,109,92,7,63,65,134,111" hai1="100,28,51,126,31,57,66,39,89,24,42,95,22" hai2="101,129,84,124,20,107,79,91,80,96,27,77,131" hai3="4,48,113,85,32,83,88,56,61,98,44,50,35"/><V41/><F41/><W97/><G113/><T9/><D134/><U81/><E126/><V116/><F116/><W117/><G117/><T33/><D33/><U112/><E112/><V46/><F46/><W128/><G128/><N who="2" m="49225" /><F124/><W90/><G4/><T29/><D29/><AGARI ba="0,0" hai="20,27,29,77,79,80,84,91,96,101,107" m="49225" machi="29" ten="30,1500,0" yaku="19,1" doraHai="54" who="2" fromWho="0" sc="375,-15,250,0,238,15,137,0" /><INIT seed="2,1,0,1,5,36" ten="360,250,253,137" oya="2" hai0="63,90,54,8,64,85,115,93,121,111,37,32,96" hai1="27,7,71,55,23,126,75,100,103,105,58,25,94" hai2="20,53,3,29,59,120,33,95,129,133,24,119,79" hai3="117,38,98,108,31,9,34,130,72,65,69,114,106"/><V107/><F119/><W62/><RYUUKYOKU type="yao9" ba="1,0" sc="360,0,250,0,253,0,137,0" hai3="9,31,34,38,62,65,69,72,98,106,108,114,117,130" /><INIT seed="2,2,0,3,2,109" ten="360,250,253,137" oya="2" hai0="35,5,30,53,2,116,112,59,103,88,123,99,69" hai1="26,128,97,47,72,120,67,1,32,14,25,0,74" hai2="92,104,76,95,60,19,33,130,23,101,127,108,82" hai3="96,11,114,105,126,91,17,84,98,56,89,131,36"/><V94/><F33/><W124/><G36/><T48/><D69/><U132/><E67/><V65/><F130/><W13/><G131/><T135/><D123/><U34/><E47/><V44/><F44/><W134/><G134/><T64/><D135/><U81/><E128/><V58/><F127/><N who="3" m="48683" /><G56/><T51/><D64/><U90/><E132/><V31/><F108/><W6/><G89/><T73/><D73/><U125/><E125/><V12/><F104/><W27/><G105/><T113/><D116/><U117/><E97/><N who="3" m="37482" /><G27/><T7/><D88/><U106/><E90/><V79/><F101/><W39/><G17/><T10/><D7/><U115/><E106/><V75/><F76/><W45/><G45/><T41/><D41/><U37/><E37/><V20/><REACH who="2" step="1"/><F31/><REACH who="2" ten="360,250,243,137" step="2"/><W40/><G39/><T129/><D129/><U61/><E120/><V29/><F29/><W122/><G122/><T43/><D30/><U18/><E117/><V57/><F57/><W16/><G40/><T38/><D35/><U107/><E32/><V52/><F52/><W77/><G77/><T110/><D110/><U21/><E34/><V9/><AGARI ba="2,1" hai="9,12,19,20,23,58,60,65,75,79,82,92,94,95" machi="9" ten="30,3000,0" yaku="1,1,0,1,53,0" doraHai="109" doraHaiUra="119" who="2" fromWho="2" sc="360,-12,250,-12,243,46,137,-12" /><INIT seed="2,3,0,1,4,98" ten="348,238,289,125" oya="2" hai0="109,1,15,69,103,47,20,130,23,45,94,49,84" hai1="48,30,65,100,0,54,122,3,68,59,128,33,119" hai2="40,56,72,113,8,134,77,104,53,96,52,58,27" hai3="126,32,124,114,25,12,51,120,133,10,13,21,36"/><V75/><F113/><W9/><G36/><T131/><D1/><U18/><E119/><V26/><F134/><W135/><G51/><T55/><D69/><U2/><E128/><N who="0" m="49193" /><D109/><U29/><E122/><V41/><F8/><N who="3" m="3179" /><G32/><T80/><D15/><N who="3" m="5705" /><G114/><T62/><D62/><U70/><E18/><V121/><F77/><W81/><G81/><T4/><D4/><U82/><E82/><V86/><F86/><W43/><G43/><T93/><D45/><U92/><E65/><V132/><F132/><N who="3" m="50763" /><G120/><T60/><D60/><U125/><E125/><N who="3" m="48234" /><G21/><T61/><D61/><U88/><E33/><V117/><F121/><W105/><G25/><T14/><D14/><U19/><E68/><V7/><F27/><W78/><G78/><N who="0" m="46103" /><D93/><U46/><E70/><V129/><F26/><W97/><G97/><AGARI ba="3,0" hai="20,23,47,49,55,94,97,103" m="46103,49193" machi="97" ten="30,2000,0" yaku="19,1,52,1" doraHai="98" who="0" fromWho="3" sc="348,29,238,0,289,0,125,-29" /><INIT seed="3,0,0,0,0,20" ten="377,238,289,96" oya="3" hai0="64,73,34,90,50,98,6,114,45,79,35,27,11" hai1="96,118,65,39,71,68,22,23,128,26,66,80,129" hai2="61,131,74,16,56,49,102,97,17,89,115,2,31" hai3="83,51,108,130,84,88,72,25,85,123,106,76,112"/><W75/><G112/><T48/><D114/><U105/><E39/><V9/><F115/><W113/><G113/><T41/><D64/><N who="1" m="24683" /><E80/><V19/><F74/><W55/><G123/><T18/><D79/><U40/><E22/><V91/><F131/><N who="1" m="50249" /><E40/><V101/><F49/><W107/><G130/><T13/><D73/><U44/><E44/><V132/><F132/><W127/><G75/><T24/><D48/><U10/><E10/><V42/><F42/><W12/><G72/><T63/><D63/><U3/><E3/><V133/><F133/><W95/><G127/><T52/><D41/><U58/><E58/><V59/><F31/><W94/><G108/><T92/><REACH who="0" step="1"/><D6/><REACH who="0" ten="367,238,289,96" step="2"/><U4/><E4/><V70/><F61/><W120/><G120/><T21/><D21/><U36/><E36/><V43/><F43/><W29/><G12/><T8/><D8/><U119/><E71/><V0/><F70/><W37/><G37/><T38/><D38/><U62/><E62/><V93/><F9/><W67/><G67/><T104/><D104/><U57/><E68/><V134/><F134/><W32/><REACH who="3" step="1"/><G95/><REACH who="3" ten="367,238,289,86" step="2"/><T1/><D1/><U87/><E118/><V110/><F0/><W78/><G78/><T69/><D69/><U82/><E119/><V116/><F2/><W5/><G5/><T30/><D30/><U86/><E105/><V126/><F116/><W125/><G125/><T135/><D135/><U60/><E60/><V14/><F126/><W124/><G124/><T54/><D54/><U100/><E82/><V103/><F93/><W109/><G109/><T46/><D46/><AGARI ba="0,2" hai="25,29,32,46,51,55,76,83,84,85,88,94,106,107" machi="46" ten="30,18000,2" yaku="1,1,6,1,7,1,52,1,54,1,53,1" doraHai="20" doraHaiUra="47" who="3" fromWho="0" sc="367,-180,238,0,289,0,86,200" /><INIT seed="3,1,0,0,1,18" ten="187,238,289,286" oya="3" hai0="88,129,80,103,26,93,109,31,56,29,43,126,1" hai1="34,16,6,42,104,47,33,39,73,38,102,130,118" hai2="0,13,76,28,22,132,24,23,55,121,5,98,59" hai3="58,14,92,37,36,60,97,67,15,123,111,112,101"/><W77/><G112/><T11/><D109/><U8/><E130/><V89/><F132/><W32/><G123/><T19/><D129/><U53/><E118/><V106/><F121/><W62/><G32/><T105/><D105/><U116/><E116/><V94/><F106/><W61/><G77/><T124/><D43/><U100/><E73/><V131/><F131/><W20/><G111/><T40/><D40/><U54/><E38/><V30/><F0/><W120/><G120/><T127/><D56/><U21/><E33/><V81/><F5/><W66/><G14/><T45/><D45/><U113/><E34/><V74/><F13/><W119/><G61/><T128/><D128/><U46/><E113/><V3/><F3/><W65/><G65/><T63/><D63/><U35/><E35/><V122/><F122/><W83/><G83/><T17/><D103/><U125/><E125/><V85/><F74/><W49/><G49/><T84/><D80/><U78/><E78/><V134/><F134/><W2/><G2/><T91/><D91/><U115/><E115/><V48/><F24/><W82/><G82/><T110/><D110/><U57/><E47/><V114/><F114/><W135/><G119/><T25/><D25/><N who="1" m="14503" /><E104/><V87/><F98/><W72/><G72/><T70/><D70/><U10/><E10/><V96/><F96/><W64/><G135/><T71/><D71/><U51/><E54/><V41/><F41/><W95/><G95/><T44/><D44/><U27/><E27/><V4/><F4/><W90/><G101/><T117/><D117/><U79/><E79/><RYUUKYOKU ba="1,0" sc="187,-15,238,15,289,15,286,-15" hai1="6,8,39,42,46,51,53,57,100,102" hai2="22,23,28,30,48,55,59,76,81,85,87,89,94" /><INIT seed="4,2,0,4,0,12" ten="172,253,304,271" oya="0" hai0="57,117,28,2,121,25,31,40,91,124,90,52,96" hai1="72,62,41,128,8,23,22,133,43,77,131,110,35" hai2="78,45,88,71,63,58,119,86,50,127,53,39,4" hai3="44,73,98,19,18,54,20,16,30,27,11,104,80"/><T82/><D117/><U83/><E110/><V126/><F119/><W89/><G73/><T122/><D2/><U97/><E35/><V55/><F4/><W99/><G104/><T69/><D69/><U49/><E133/><V134/><F134/><W95/><G80/><T129/><D129/><N who="1" m="49739" /><E62/><V93/><F71/><W15/><G99/><T103/><D40/><U105/><E8/><V115/><F115/><W102/><G102/><T79/><D124/><N who="2" m="47658" /><F39/><W36/><G36/><T26/><D121/><U94/><E105/><V75/><F78/><W0/><G0/><T109/><D109/><U34/><E34/><V114/><F114/><W108/><G108/><T14/><D122/><U3/><E3/><V76/><F76/><W56/><G44/><T125/><D125/><U106/><E106/><V66/><F75/><W135/><G135/><T59/><D103/><N who="1" m="60855" /><E43/><AGARI ba="2,0" hai="43,45,50,53,55,58,63,66,86,88,93" m="47658" machi="43" ten="30,2000,0" yaku="18,1,54,1" doraHai="12" who="2" fromWho="1" sc="172,0,253,-26,304,26,271,0" /><INIT seed="5,0,0,3,3,132" ten="172,227,330,271" oya="1" hai0="115,45,68,64,105,46,134,70,44,130,42,112,76" hai1="48,15,36,30,125,135,110,49,133,128,10,122,93" hai2="20,40,28,75,12,98,51,99,100,23,117,9,111" hai3="39,87,11,116,31,103,131,71,4,113,5,27,43"/><U19/><E122/><V55/><F111/><W74/><G74/><T3/><D105/><U29/><E36/><V59/><F75/><W85/><G71/><N who="0" m="27179" /><D3/><U77/><E77/><V22/><F40/><W86/><G113/><N who="0" m="43595" /><D76/><U108/><E93/><N who="2" m="58447" /><F117/><W13/><G116/><T106/><D106/><U127/><E48/><V88/><F28/><N who="1" m="10857" /><E49/><V2/><F2/><W56/><G131/><T83/><D83/><U101/><E101/><V104/><F104/><W17/><G103/><T32/><D32/><U47/><E47/><N who="0" m="17993" /><D134/><N who="1" m="51211" /><E128/><V69/><F69/><W123/><G4/><T62/><D130/><U16/><E19/><N who="2" m="8591" /><F99/><W126/><G17/><T73/><D73/><U14/><E14/><V33/><F33/><W1/><G13/><T57/><N who="0" m="18001" /><T89/><DORA hai="61" /><D89/><AGARI ba="0,0" hai="20,22,23,51,55,59,88,89" m="8591,58447" machi="89" ten="30,2000,0" yaku="8,1,54,1" doraHai="132,61" who="2" fromWho="0" sc="172,-20,227,0,330,20,271,0" /><INIT seed="6,0,0,0,2,2" ten="152,227,350,271" oya="2" hai0="98,18,116,130,133,84,105,43,74,128,48,31,65" hai1="41,93,56,135,85,118,126,122,52,97,13,37,59" hai2="83,82,108,26,57,15,44,87,100,127,9,34,0" hai3="8,134,90,129,63,36,22,94,32,95,72,89,101"/><V23/><F127/><W39/><G32/><T111/><D74/><U109/><E109/><V21/><F0/><W92/><G72/><T102/><D111/><U67/><E118/><V27/><F100/><W5/><G101/><T115/><D116/><U10/><E135/><V14/><F34/><W75/><G75/><T131/><D133/><U35/><E126/><V71/><F71/><W47/><G134/><T19/><D115/><U120/><E35/><V61/><F44/><W64/><G129/><T81/><D31/><U79/><E37/><V119/><F119/><W16/><G39/><T112/><D65/><U54/><E41/><V68/><F68/><W73/><G73/><T107/><D107/><U66/><E79/><V25/><F15/><W17/><G47/><T76/><REACH who="0" step="1"/><D112/><REACH who="0" ten="142,227,350,271" step="2"/><U12/><E120/><V69/><F108/><W38/><G64/><N who="1" m="24618" /><E122/><V4/><F69/><W88/><G38/><T62/><D62/><N who="1" m="36103" /><E85/><V29/><F61/><W77/><G63/><T124/><D124/><U45/><E45/><AGARI ba="0,1" hai="18,19,43,45,48,76,81,84,98,102,105,128,130,131" machi="45" ten="40,2600,0" yaku="1,1,19,1,53,0" doraHai="2" doraHaiUra="123" who="0" fromWho="1" sc="142,36,227,-26,350,0,271,0" /><INIT seed="7,0,0,0,0,8" ten="178,201,350,271" oya="3" hai0="129,102,64,130,131,121,35,79,51,107,123,87,4" hai1="30,32,99,14,31,12,134,96,116,125,29,42,93" hai2="95,63,62,77,112,106,71,86,122,135,15,5,44" hai3="132,41,55,80,43,34,78,49,133,92,97,38,17"/><W94/><G34/><T26/><D64/><U19/><E125/><V84/><F106/><W33/><G33/><T6/><D107/><U46/><E134/><N who="3" m="51818" /><G17/><T68/><D68/><U53/><E116/><V90/><F122/><W50/><G50/><T24/><D102/><N who="1" m="60687" /><E32/><V126/><F126/><W117/><G117/><T124/><D124/><U115/><E115/><V98/><F112/><W0/><G0/><T119/><D119/><U108/><E108/><V25/><F71/><W101/><G94/><T52/><D87/><U58/><E19/><V73/><F25/><N who="0" m="9834" /><D79/><U60/><E99/><V7/><F5/><N who="0" m="2154" /><D35/><U36/><E36/><V23/><F7/><W9/><G9/><T89/><D89/><U100/><E100/><V27/><F27/><W65/><G65/><T18/><D18/><U21/><E21/><V104/><F95/><W76/><G38/><T113/><D113/><U70/><E70/><V127/><F104/><W105/><G105/><T67/><D67/><N who="1" m="39319" /><E42/><N who="3" m="15882" /><G80/><T111/><D111/><U103/><E103/><V56/><F127/><W13/><G76/><T22/><D22/><U39/><E39/><V66/><F77/><W10/><G78/><T28/><D28/><U82/><E82/><V20/><F66/><W120/><G101/><T54/><D54/><U16/><E16/><V11/><F23/><W75/><G55/><T114/><D114/><U110/><E110/><V69/><F20/><W3/><G3/><T2/><D2/><U83/><E83/><V61/><F135/><W91/><G91/><T109/><D109/><U1/><E1/><V128/><F90/><RYUUKYOKU ba="0,0" sc="178,15,201,15,350,-15,271,-15" hai0="51,52,121,123,129,130,131" hai1="12,14,29,30,31,46,53" owari="193,-30.7,216,-18.4,335,43.5,256,5.6" /></mjloggm>