<mjloggm ver="2.3"><GO type="169" lobby="0"/><UN n0="%E3%82%86%E3%81%86%E3%82%86%E3%81%8D" n1="%62%75%72%61%69" n2="%E3%81%BF%E3%81%8B%E3%81%82" n3="%E4%BA%BA%E7%8B%BC" dan="17,17,16,16" rate="2194.41,2181.73,2003.72,2055.34" sx="M,M,M,M"/><TAIKYOKU oya="0"/><INIT seed="0,0,0,4,2,132" ten="250,250,250,250" oya="0" hai0="92,12,110,48,56,91,9,11,103,122,16,55,8" hai1="73,131,129,58,66,99,1,15,76,14,108,127,67" hai2="4,135,26,115,51,98,74,62,5,87,94,40,128" hai3="107,39,84,80,54,43,21,105,93,119,123,101,28"/><T20/><D122/><U49/><E1/><V59/><F74/><W36/><G119/><T121/><D121/><U65/><E73/><V114/><F135/><W50/><G123/><T27/><D110/><U46/><E76/><V81/><F128/><N who="1" m="49225" /><E99/><V104/><F104/><W10/><G10/><T25/><REACH who="0" step="1"/><D103/><REACH who="0" ten="240,250,250,250" step="2"/><U31/><E108/><V85/><F115/><W125/><G101/><T134/><D134/><U60/><E31/><V32/><F114/><W111/><G28/><T52/><D52/><N who="1" m="29751" /><E127/><V71/><F40/><W61/><G125/><T126/><D126/><U19/><E19/><V102/><F5/><W88/><G54/><AGARI ba="0,1" hai="14,15,54,58,60,65,66,67" m="29751,49225" machi="54" ten="30,2000,0" yaku="19,1,54,1" doraHai="132" who="1" fromWho="3" sc="240,0,250,30,250,0,250,-20" /><INIT seed="1,0,0,4,2,15" ten="240,280,250,230" oya="1" hai0="74,67,99,85,91,11,119,18,123,88,56,83,135" hai1="72,62,57,21,73,65,64,90,22,132,114,116,10" hai2="13,4,50,131,33,120,93,68,19,61,2,40,76" hai3="107,96,24,82,86,52,42,8,43,95,30,12,26"/><U124/><E116/><V128/><F33/><W108/><G108/><T133/><D119/><U117/><E117/><V14/><F14/><W29/><G107/><T35/><D35/><U45/><E114/><V134/><F120/><W54/><G26/><T27/><D74/><U20/><E132/><V79/><F134/><W36/><G36/><T109/><D109/><U101/><E101/><V127/><F4/><W84/><G43/><T110/><D110/><U122/><E122/><V113/><F2/><W55/><G42/><T51/><D123/><U0/><E65/><N who="2" m="41007" /><F93/><W75/><G75/><T92/><D67/><U59/><E90/><V94/><F94/><W125/><G125/><T44/><D56/><U17/><E124/><V63/><F63/><W38/><G38/><T78/><D78/><U77/><E77/><V23/><F113/><W100/><G24/><T98/><D98/><U41/><E0/><V115/><F127/><W102/><G102/><T106/><D106/><U9/><E9/><V25/><F25/><W3/><G3/><T121/><D121/><U130/><E59/><V6/><F6/><W34/><G34/><T129/><D11/><U111/><E111/><V103/><F103/><W69/><G69/><T5/><D5/><U16/><E10/><V47/><F115/><W60/><G60/><T48/><D135/><U39/><E73/><V104/><F104/><W46/><G46/><T97/><D44/><U118/><E72/><V71/><F71/><W37/><G37/><T31/><D133/><U105/><E118/><V53/><F40/><W7/><G82/><RYUUKYOKU ba="0,0" sc="240,-15,280,-15,250,15,230,15" hai2="13,19,23,47,50,53,76,79,128,131" hai3="7,8,12,29,30,52,54,55,84,86,95,96,100" /><INIT seed="2,1,0,2,3,132" ten="225,265,265,245" oya="2" hai0="42,22,31,21,23,52,75,104,39,101,78,120,106" hai1="119,34,10,25,80,103,0,68,47,77,30,124,54" hai2="89,58,35,116,62,33,26,43,24,12,45,126,15" hai3="17,3,112,135,99,67,4,122,133,57,127,38,109"/><V20/><F116/><W108/><G99/><T48/><D120/><U117/><E68/><V128/><F128/><W130/><G3/><T40/><D31/><U79/><E103/><V65/><F35/><W95/><G4/><T91/><D75/><U113/><E79/><V96/><F26/><W63/><G95/><T50/><D78/><U1/><E113/><V76/><F76/><W2/><G2/><T73/><D73/><N who="1" m="43055" /><E54/><V129/><F33/><W87/><G87/><T98/><D104/><U51/><E51/><N who="2" m="27071" /><F126/><W110/><G17/><T118/><D118/><N who="1" m="45067" /><E47/><V8/><F8/><W44/><G127/><T61/><D50/><U28/><E28/><N who="2" m="17415" /><F129/><W81/><G81/><T13/><D42/><U102/><E102/><V55/><F55/><W74/><G74/><T94/><D40/><U115/><E115/><V5/><F5/><W84/><G130/><T125/><D48/><U37/><E37/><V134/><F134/><N who="3" m="51211" /><G112/><T59/><D39/><U107/><E107/><V70/><F70/><W32/><G32/><T41/><D41/><U123/><E123/><V16/><F16/><W6/><G6/><T49/><D49/><U18/><E18/><V131/><F131/><W121/><G84/><N who="0" m="52583" /><D13/><U60/><E1/><V66/><F15/><W46/><G38/><T86/><D86/><U100/><E0/><V27/><F12/><W72/><G72/><T53/><D125/><U36/><E36/><V85/><F85/><W9/><G9/><T71/><D106/><U93/><E10/><V83/><F83/><W88/><G121/><T11/><D11/><U19/><E124/><RYUUKYOKU ba="1,0" sc="225,0,265,0,265,0,245,0" /><INIT seed="3,2,0,4,1,5" ten="225,265,265,245" oya="3" hai0="46,114,97,134,73,32,64,112,44,43,88,63,115" hai1="3,70,95,103,31,13,35,131,12,102,29,122,121" hai2="90,85,45,6,89,124,129,120,18,25,126,17,133" hai3="82,84,128,127,80,67,106,65,107,37,56,53,119"/><W36/><G119/><T93/><D32/><U39/><E39/><V111/><F111/><W98/><G127/><N who="2" m="48681" /><F89/><W108/><G128/><T71/><D73/><U23/><E70/><V58/><F45/><W109/><G98/><T117/><D46/><U21/><E95/><V40/><F40/><W105/><G67/><T104/><D104/><U99/><E99/><V68/><F68/><W96/><G96/><T72/><D72/><U54/><E54/><V132/><F6/><W26/><G26/><T38/><REACH who="0" step="1"/><D134/><REACH who="0" ten="215,265,265,245" step="2"/><U33/><REACH who="1" step="1"/><E131/><REACH who="1" ten="215,255,265,245" step="2"/><V61/><F129/><W118/><G108/><T135/><D135/><U69/><E69/><V130/><F133/><W83/><G109/><T113/><N who="0" m="28672" /><DORA hai="1" /><T8/><D8/><U123/><E123/><V14/><F130/><W48/><G105/><T91/><D91/><U2/><AGARI ba="2,2" hai="2,3,12,13,21,23,29,31,33,35,102,103,121,122" machi="2" ten="25,6400,0" yaku="1,1,0,1,22,2,53,0" doraHai="5,1" doraHaiUra="75,74" who="1" fromWho="1" sc="215,-18,255,90,265,-18,245,-34" /><INIT seed="4,0,0,3,4,62" ten="197,345,247,211" oya="0" hai0="130,25,95,5,13,18,40,134,50,117,41,124,43" hai1="27,135,121,79,92,94,105,72,17,39,80,82,74" hai2="58,93,21,28,97,116,85,52,8,24,101,61,10" hai3="14,109,115,113,56,46,53,37,6,2,15,128,49"/><T119/><D124/><U125/><E39/><V23/><F116/><W98/><G109/><T55/><D130/><U66/><E121/><V90/><REACH who="2" step="1"/><F23/><REACH who="2" ten="197,345,237,211" step="2"/><W71/><G128/><T106/><D119/><U4/><E125/><V16/><F16/><W99/><G113/><T47/><D117/><U51/><E17/><V111/><F111/><W88/><G115/><T33/><D134/><U107/><E4/><V26/><F26/><W89/><G6/><T12/><D33/><U29/><E27/><V44/><F44/><W7/><G7/><T108/><D108/><U42/><E135/><V104/><AGARI ba="0,1" hai="8,10,21,24,28,52,58,61,85,90,93,97,101,104" machi="104" ten="20,5200,0" yaku="1,1,0,1,7,1,54,1,53,0" doraHai="62" doraHaiUra="0" who="2" fromWho="2" sc="197,-26,345,-13,237,62,211,-13" /><INIT seed="5,0,0,3,3,0" ten="171,332,299,198" oya="1" hai0="16,81,61,73,52,117,19,65,31,13,43,39,26" hai1="86,37,42,85,76,12,22,66,120,126,11,121,7" hai2="132,63,79,114,101,23,123,46,53,98,32,10,4" hai3="100,38,124,2,122,34,64,59,88,57,78,129,6"/><U58/><E126/><V130/><F32/><W3/><G122/><T111/><D111/><U60/><E37/><V30/><F123/><W41/><G124/><T90/><D117/><U49/><E22/><V45/><F79/><W93/><G129/><T96/><D73/><U15/><E86/><V105/><F132/><W47/><G34/><T113/><D113/><U82/><REACH who="1" step="1"/><E15/><REACH who="1" ten="171,322,299,198" step="2"/><V20/><F20/><W75/><G3/><T87/><D39/><U24/><E24/><V115/><F114/><W1/><G1/><T107/><D26/><U25/><E25/><V110/><F23/><W69/><G69/><T95/><D31/><U99/><E99/><V112/><F30/><W127/><G127/><T118/><D118/><U97/><E97/><V70/><F70/><W33/><G33/><T106/><D13/><U109/><E109/><V128/><F110/><W91/><G2/><T44/><D106/><U134/><E134/><V5/><F115/><W119/><G75/><T27/><D107/><U92/><E92/><V18/><F112/><W9/><G38/><T84/><D27/><U29/><E29/><V135/><F135/><W80/><G93/><T71/><D87/><U50/><E50/><V89/><F105/><W83/><G119/><T74/><D74/><U40/><E40/><V51/><F51/><W67/><G41/><T48/><REACH who="0" step="1"/><D43/><REACH who="0" ten="161,322,299,198" step="2"/><U102/><E102/><AGARI ba="0,2" hai="16,19,44,48,52,61,65,71,81,84,90,95,96,102" machi="102" ten="30,8000,1" yaku="1,1,2,1,7,1,54,2,53,0" doraHai="0" doraHaiUra="68" who="0" fromWho="1" sc="161,100,322,-80,299,0,198,0" /><INIT seed="6,0,0,5,0,97" ten="261,242,299,198" oya="2" hai0="103,52,44,25,39,125,113,107,102,79,14,17,7" hai1="115,98,2,117,54,116,58,47,66,120,56,89,26" hai2="70,37,74,12,8,84,94,22,53,122,118,38,40" hai3="128,119,9,114,95,77,23,73,86,87,51,129,85"/><V31/><F70/><W46/><G9/><T28/><D107/><U69/><E2/><V126/><F74/><W34/><G34/><T42/><D7/><U65/><E26/><V127/><F122/><W131/><G119/><T63/><D79/><U134/><E89/><N who="2" m="53543" /><F40/><W67/><G67/><N who="1" m="25610" /><E98/><V104/><F118/><N who="1" m="45673" /><E69/><V75/><F53/><W109/><G109/><T92/><D92/><U11/><E11/><V30/><F75/><W78/><G73/><T18/><D18/><U50/><E120/><V76/><F76/><W90/><G23/><T41/><D41/><U35/><E35/><V10/><F10/><W68/><G68/><T82/><D42/><U0/><E0/><V32/><F104/><W4/><G4/><T5/><D5/><U123/><E123/><V59/><F32/><W132/><G132/><T13/><D52/><N who="1" m="29791" /><E134/><V33/><F33/><W64/><G64/><T43/><D43/><U29/><E29/><V3/><F31/><W55/><G114/><T6/><D25/><U99/><E99/><AGARI ba="0,0" hai="46,51,55,77,78,85,86,87,90,95,99,128,129,131" machi="99" ten="50,1600,0" yaku="19,1" doraHai="97" who="3" fromWho="1" sc="261,0,242,-16,299,0,198,16" /><INIT seed="7,0,0,5,3,32" ten="261,226,299,214" oya="3" hai0="68,19,118,31,89,80,54,95,85,113,105,46,119" hai1="28,70,109,44,121,74,3,117,49,115,10,0,135" hai2="1,130,67,11,59,104,52,58,108,41,123,71,133" hai3="55,24,63,9,18,84,39,88,15,22,91,25,94"/><W16/><G39/><T73/><D68/><U114/><E109/><V81/><F71/><W134/><G134/><T53/><D31/><U69/><E121/><V75/><F104/><W5/><G91/><T112/><D19/><U64/><E74/><V129/><F108/><W106/><G106/><T57/><D46/><U131/><E28/><V120/><F41/><W33/><G33/><T111/><D54/><U76/><E76/><N who="2" m="44191" /><F67/><W92/><G92/><T62/><D105/><U86/><E86/><V83/><F83/><W66/><G55/><T45/><D45/><U34/><E34/><V2/><F11/><W50/><G50/><T65/><D65/><U125/><E117/><V127/><F59/><N who="3" m="37247" /><G5/><T36/><D36/><U13/><E70/><V100/><F100/><W128/><G128/><N who="2" m="49257" /><F127/><W90/><G90/><T116/><D111/><U60/><E125/><V126/><F133/><W6/><G6/><T82/><D73/><U78/><E135/><V42/><F42/><W23/><G23/><T77/><D77/><U4/><E78/><V37/><F37/><W20/><G20/><T7/><D7/><U40/><E131/><V17/><F126/><W56/><G56/><T124/><D124/><U8/><E8/><V79/><F79/><W87/><G87/><T51/><D51/><U103/><E103/><V26/><F123/><W47/><G47/><T14/><D82/><U93/><E93/><V30/><F120/><W61/><G61/><T35/><D95/><U122/><E122/><V101/><F101/><W38/><G38/><T99/><D119/><U72/><E72/><RYUUKYOKU ba="0,0" sc="261,-15,226,15,299,-15,214,15" hai1="0,3,4,10,13,40,44,49,60,64,69,114,115" hai3="9,15,16,18,22,24,25,84,88,94" /><INIT seed="7,1,0,3,1,15" ten="246,241,284,229" oya="3" hai0="51,124,99,127,28,66,10,7,67,65,105,117,36" hai1="5,94,134,12,85,115,1,78,40,118,50,130,107" hai2="74,72,16,26,79,34,22,25,56,110,92,2,129" hai3="104,4,114,8,131,83,93,98,71,88,11,125,13"/><W80/><G114/><T44/><D28/><U133/><E107/><V43/><F2/><W90/><G125/><N who="0" m="48203" /><D36/><U120/><E120/><V87/><F110/><W102/><G131/><T77/><D77/><U123/><E123/><V106/><F106/><W14/><G71/><T122/><D117/><U81/><E1/><V135/><F135/><W3/><G3/><N who="0" m="383" /><D122/><U35/><E115/><V20/><F34/><W95/><G104/><T9/><D9/><N who="1" m="4143" /><E35/><V60/><F74/><W52/><G52/><N who="0" m="29799" /><D67/><U47/><E118/><V108/><F72/><W31/><G31/><T30/><D30/><U19/><E130/><V101/><F43/><W39/><G39/><T42/><D42/><U97/><E134/><V17/><F108/><W116/><G116/><T21/><D21/><U111/><E111/><V132/><F132/><W112/><G112/><T49/><D49/><U103/><E133/><V96/><F129/><W84/><G90/><T119/><D119/><U64/><E64/><N who="2" m="38919" /><F79/><W45/><G45/><T59/><D59/><U126/><E126/><V121/><F121/><W82/><G82/><T73/><D73/><U75/><E75/><V0/><F0/><W46/><G46/><T62/><D62/><U69/><E69/><V27/><F87/><W24/><G24/><AGARI ba="1,0" hai="16,17,20,22,24,25,26,27,92,96,101" m="38919" machi="24" ten="30,7700,0" yaku="8,1,52,2,54,1" doraHai="15" who="2" fromWho="3" sc="246,0,241,0,284,80,229,-80" owari="246,4.6,241,-15.9,364,46.4,149,-35.1" /></mjloggm>