<mjloggm ver="2.3"><GO type="169" lobby="0"/><UN n0="%6C%75%6E%61%32%33%34%35" n1="%63%68%78%66%66" n2="%73%65%69%67%65%6E" n3="%E3%81%98%E3%82%83%E3%81%99%E3%81%BF%E3%82%93" dan="16,17,16,16" rate="2072.39,2237.32,2043.70,2051.91" sx="F,M,M,M"/><TAIKYOKU oya="0"/><INIT seed="0,0,0,4,0,100" ten="250,250,250,250" oya="0" hai0="44,46,62,35,84,86,26,118,135,80,96,12,39" hai1="31,27,37,47,17,110,81,61,113,128,22,50,15" hai2="111,64,16,33,63,101,104,74,1,124,131,23,18" hai3="116,133,25,36,89,52,19,29,13,83,76,70,7"/><T112/><D112/><U28/><E110/><V98/><F111/><W55/><G116/><T53/><D118/><U117/><E128/><V119/><F131/><W73/><G70/><T94/><D135/><U0/><E0/><V32/><F119/><W114/><G36/><T42/><D12/><U65/><E37/><V99/><F74/><W85/><G114/><T78/><D46/><U109/><E113/><V106/><F1/><W93/><G7/><T34/><D84/><U115/><E109/><V9/><F124/><W77/><G77/><T30/><D34/><U40/><E115/><V69/><F9/><W105/><G105/><T57/><D94/><U75/><E117/><V5/><F5/><W130/><G133/><T58/><D58/><U108/><E108/><V71/><F71/><W107/><G107/><T66/><REACH who="0" step="1"/><D96/><REACH who="0" ten="240,250,250,250" step="2"/><U48/><E75/><V125/><F125/><W82/><G93/><T49/><D49/><U3/><E3/><V10/><F33/><W79/><G130/><T2/><D2/><U41/><E81/><V14/><F32/><W129/><G129/><T132/><D132/><U45/><E15/><V51/><F51/><W4/><G4/><T88/><D88/><U21/><REACH who="1" step="1"/><E22/><REACH who="1" ten="240,240,250,250" step="2"/><V126/><F126/><W103/><G13/><T92/><D92/><U11/><E11/><V120/><F23/><W122/><G82/><T102/><D102/><U67/><E67/><AGARI ba="0,2" hai="26,30,35,39,42,44,53,57,62,66,67,78,80,86" machi="67" ten="40,3900,0" yaku="1,1,53,1" doraHai="100" doraHaiUra="24" who="0" fromWho="1" sc="240,59,240,-39,250,0,250,0" /><INIT seed="0,1,0,4,5,18" ten="299,201,250,250" oya="0" hai0="21,30,26,124,20,66,31,125,90,128,46,115,2" hai1="97,106,107,8,75,98,37,52,25,100,58,12,134" hai2="77,123,60,96,121,99,42,82,117,9,111,22,6" hai3="50,73,79,94,5,23,93,76,135,130,132,104,85"/><T61/><D115/><U47/><E134/><N who="3" m="51242" /><G5/><T70/><D2/><U59/><E75/><V81/><F111/><W24/><G104/><T53/><D128/><U127/><E127/><N who="0" m="48713" /><D90/><U72/><E72/><V19/><F117/><W109/><G109/><T64/><D66/><U102/><E25/><V105/><F42/><W40/><G73/><T45/><D53/><U43/><REACH who="1" step="1"/><E52/><REACH who="1" ten="299,191,250,250" step="2"/><V101/><F123/><W126/><G126/><T131/><D131/><U103/><E103/><V11/><F121/><W67/><G130/><T110/><D110/><U80/><E80/><V0/><F82/><N who="3" m="47303" /><G67/><T29/><D26/><U68/><E68/><V116/><F81/><W56/><G56/><T48/><D48/><U74/><E74/><V120/><F101/><W41/><G50/><T32/><D32/><U28/><E28/><V51/><F51/><W49/><G49/><T95/><D95/><N who="3" m="36361" /><G79/><T13/><D13/><U92/><E92/><V34/><F120/><W63/><G63/><T16/><D61/><U44/><E44/><N who="0" m="17001" /><D64/><U54/><E54/><V35/><F60/><W87/><G87/><T84/><D84/><U3/><E3/><V39/><F0/><W62/><G62/><T38/><D70/><U55/><E55/><V57/><F105/><W17/><AGARI ba="1,1" hai="17,23,24,40,41" m="36361,47303,51242" machi="17" ten="30,2000,0" yaku="20,1,52,1" doraHai="18" who="3" fromWho="3" sc="299,-11,191,-6,250,-6,250,33" /><INIT seed="1,0,0,2,5,8" ten="288,185,244,283" oya="1" hai0="131,28,47,84,93,77,26,22,109,134,119,121,83" hai1="45,122,7,40,107,59,70,67,108,117,33,126,38" hai2="115,34,104,135,114,46,5,13,123,91,31,23,90" hai3="20,6,98,61,110,95,112,44,42,105,53,116,78"/><U64/><E33/><V62/><F123/><W66/><G116/><T50/><D109/><U97/><E117/><V36/><F104/><W17/><G110/><T76/><D134/><U48/><E122/><V120/><F120/><W37/><G112/><N who="2" m="43049" /><F135/><W25/><G105/><T1/><D131/><U27/><E108/><V92/><F62/><W133/><G133/><T73/><D119/><U55/><E27/><N who="2" m="18815" /><F92/><W41/><G41/><T113/><D113/><U15/><E126/><V58/><F58/><W52/><G6/><T100/><D1/><U43/><E43/><N who="2" m="22887" /><F5/><W30/><G30/><T102/><D121/><U68/><E97/><V89/><F23/><W75/><G75/><T94/><D73/><U39/><E107/><V16/><F91/><W81/><G81/><T49/><D76/><U35/><E35/><V130/><F130/><W85/><G78/><T32/><D32/><U87/><E87/><V127/><F127/><W21/><G21/><T29/><D29/><U99/><E99/><V74/><F74/><W106/><G85/><T24/><D24/><U3/><E3/><V18/><F18/><W10/><G106/><T103/><REACH who="0" step="1"/><D50/><REACH who="0" ten="278,185,244,283" step="2"/><N who="1" m="26919" /><E15/><V51/><F51/><W56/><REACH who="3" step="1"/><G10/><REACH who="3" ten="278,185,244,273" step="2"/><T54/><AGARI ba="0,2" hai="22,26,28,47,49,54,77,83,84,93,94,100,102,103" machi="54" ten="30,4000,0" yaku="1,1,0,1,8,1,53,0" doraHai="8" doraHaiUra="4" who="0" fromWho="0" sc="278,60,185,-20,244,-10,273,-10" /><INIT seed="2,0,0,0,1,90" ten="338,165,234,263" oya="2" hai0="27,114,131,62,129,3,40,120,52,112,74,106,0" hai1="38,13,39,32,105,50,89,80,113,130,43,18,125" hai2="65,45,117,76,58,72,66,121,81,73,128,70,71" hai3="87,23,57,102,134,85,61,17,31,107,133,12,75"/><V53/><F117/><W64/><G75/><T20/><D120/><U115/><E32/><V91/><F121/><W110/><G110/><T59/><D106/><U63/><E105/><V49/><F128/><N who="0" m="49226" /><D40/><U109/><E130/><V10/><F73/><W126/><G126/><T54/><D54/><U36/><E125/><V69/><F10/><W19/><G31/><N who="0" m="17895" /><D74/><U56/><E80/><V86/><REACH who="2" step="1"/><F58/><REACH who="2" ten="338,165,224,263" step="2"/><W29/><G57/><T60/><D60/><U95/><E109/><V5/><F5/><W135/><G61/><T100/><D100/><U132/><E63/><V103/><F103/><W83/><G102/><T82/><D62/><U30/><E113/><V25/><F25/><W79/><G64/><T46/><D59/><U78/><E115/><V77/><F77/><W14/><G107/><T47/><D112/><U96/><E78/><V7/><F7/><W37/><G79/><T55/><D114/><U88/><E89/><V42/><F42/><W123/><G123/><T9/><D9/><U24/><E56/><V92/><AGARI ba="0,1" hai="45,49,53,65,66,69,70,71,72,76,81,86,91,92" machi="92" ten="30,6000,0" yaku="1,1,0,1,52,1,53,0" doraHai="90" doraHaiUra="116" who="2" fromWho="2" sc="338,-20,165,-20,224,70,263,-20" /><INIT seed="2,1,0,5,4,37" ten="318,145,294,243" oya="2" hai0="34,8,35,73,103,71,97,42,130,39,87,85,12" hai1="68,48,120,3,21,63,32,80,93,111,81,112,101" hai2="20,124,65,89,47,26,59,110,76,25,2,77,82" hai3="109,118,56,115,105,23,17,4,66,123,40,75,88"/><V131/><F2/><W83/><G118/><T18/><D130/><U24/><E111/><V52/><F110/><W49/><G123/><T84/><D71/><U70/><E3/><V58/><F124/><W53/><G105/><T116/><D73/><U61/><E32/><V132/><F131/><W43/><G109/><T15/><D15/><U94/><E101/><V22/><F132/><W60/><G4/><T79/><D116/><U133/><E24/><V36/><F65/><W102/><G102/><T96/><D79/><U99/><E99/><V108/><F108/><W134/><G134/><T126/><D126/><U90/><E90/><V100/><F100/><W31/><G31/><T30/><D30/><U27/><E27/><N who="2" m="10251" /><F36/><W51/><G115/><T98/><D103/><U1/><E1/><V113/><F113/><W129/><G129/><T50/><D39/><U67/><E67/><V55/><F47/><N who="3" m="27839" /><G51/><T7/><D7/><U86/><E48/><N who="2" m="31079" /><F89/><W91/><G75/><T57/><D57/><U38/><E38/><V104/><F104/><W46/><G46/><N who="0" m="25943" /><D34/><U13/><E133/><V11/><F11/><W69/><G69/><T117/><D35/><U92/><E112/><V9/><F9/><W29/><G29/><T122/><D117/><U135/><E135/><V54/><F54/><W95/><G83/><N who="1" m="31818" /><E86/><N who="0" m="22017" /><T28/><DORA hai="16" /><D28/><U5/><E120/><V10/><F82/><W33/><G33/><T0/><D0/><U106/><E106/><V127/><F127/><W78/><G78/><N who="2" m="30313" /><F10/><W62/><G91/><T119/><D119/><U44/><E68/><V125/><F125/><RYUUKYOKU ba="1,0" sc="318,15,145,-15,294,15,243,-15" hai0="8,12,18,96,97,98,122" hai2="20,22,52,59" /><INIT seed="2,2,0,0,5,124" ten="333,130,309,228" oya="2" hai0="130,110,69,71,15,88,53,24,121,62,117,38,43" hai1="118,40,78,114,16,28,122,73,100,18,94,99,116" hai2="13,74,80,25,3,63,126,4,125,106,42,128,96" hai3="61,132,20,14,1,34,113,17,66,70,7,5,79"/><V8/><F42/><W119/><G119/><T81/><D121/><U98/><E114/><V105/><F13/><W127/><G127/><N who="2" m="48649" /><F25/><W12/><G34/><T9/><D38/><U82/><E122/><V45/><F45/><W123/><G123/><T47/><D43/><U85/><E28/><V29/><F29/><W57/><G1/><T72/><D24/><U135/><E135/><V44/><F44/><W2/><G2/><T52/><D62/><U64/><E40/><V48/><F48/><W93/><G113/><T46/><D9/><U129/><E64/><V21/><F21/><W104/><G104/><N who="2" m="40041" /><F96/><W83/><G14/><T103/><D15/><U50/><E50/><V133/><F63/><W26/><G12/><T95/><D46/><U49/><E49/><V39/><F39/><W75/><G132/><T19/><D19/><U35/><E35/><V10/><F10/><W0/><G0/><T84/><D47/><U108/><E18/><V109/><F109/><W101/><G57/><T107/><D110/><U77/><E16/><V91/><F133/><W97/><AGARI ba="2,0" hai="5,7,17,20,26,61,66,70,75,79,83,93,97,101" machi="97" ten="30,1100,0" yaku="0,1" doraHai="124" who="3" fromWho="3" sc="333,-5,130,-5,309,-7,228,17" /><INIT seed="3,0,0,4,3,72" ten="328,125,302,245" oya="3" hai0="11,132,122,45,12,41,66,103,120,16,3,34,32" hai1="78,14,127,111,105,121,47,135,117,74,30,51,20" hai2="81,114,27,49,104,61,133,115,91,6,48,73,31" hai3="90,107,80,24,106,1,92,77,21,130,17,65,59"/><W84/><G1/><T15/><D132/><U100/><E111/><V42/><F104/><W26/><G130/><T0/><D66/><U56/><E121/><V96/><F133/><W119/><G119/><T116/><D103/><U87/><E74/><V62/><F6/><W18/><G65/><T113/><D116/><U22/><E135/><V69/><F69/><W125/><G125/><T75/><D75/><U85/><E105/><V44/><F49/><W46/><G59/><T8/><D45/><U128/><E100/><V58/><F96/><W55/><G55/><T110/><D41/><U4/><E128/><V50/><F50/><W101/><G101/><T68/><D68/><U82/><E127/><V76/><F91/><W124/><G46/><T54/><D54/><U71/><E71/><V67/><REACH who="2" step="1"/><F61/><REACH who="2" ten="328,125,292,245" step="2"/><W40/><G124/><T63/><D63/><U33/><E117/><V86/><F86/><W7/><G7/><T89/><D89/><U112/><E87/><V123/><F123/><W13/><G40/><T38/><D120/><U131/><E131/><V29/><F29/><W70/><G70/><T118/><D122/><U10/><E56/><V93/><F93/><W79/><G77/><T25/><D118/><U99/><E99/><V129/><F129/><W94/><G92/><T102/><D102/><U98/><E98/><V36/><F36/><W109/><G94/><T83/><D38/><U57/><E57/><V19/><F19/><W5/><G79/><T2/><D16/><U28/><E28/><V64/><F64/><W35/><G5/><T108/><D110/><RYUUKYOKU ba="0,1" sc="328,-10,125,-10,292,30,245,-10" hai2="27,31,42,44,48,58,62,67,73,76,81,114,115" /><INIT seed="4,1,1,5,0,128" ten="318,115,322,235" oya="0" hai0="82,115,52,45,87,33,66,113,9,100,44,64,7" hai1="5,90,89,2,18,61,99,84,126,30,56,91,74" hai2="77,47,62,42,110,103,122,93,116,117,54,80,65" hai3="95,41,20,17,76,98,88,31,102,23,78,121,81"/><T132/><D33/><U11/><E74/><V12/><F110/><W32/><G32/><T22/><D132/><U120/><E120/><V27/><F122/><W34/><G34/><T118/><D118/><N who="2" m="45674" /><F27/><N who="3" m="16871" /><G41/><T58/><D100/><U35/><E126/><V15/><F54/><W48/><G121/><T10/><D22/><U108/><E108/><V135/><F93/><N who="3" m="58703" /><G48/><T123/><D123/><U86/><E18/><V51/><F103/><W94/><G81/><T106/><D106/><U83/><E99/><V125/><F125/><W85/><G94/><T37/><D37/><U26/><REACH who="1" step="1"/><E84/><REACH who="1" ten="318,105,322,235" step="2"/><N who="2" m="48143" /><F135/><W72/><G72/><T109/><D109/><U127/><E127/><V59/><AGARI ba="1,2" hai="12,15,42,47,51,59,62,65" m="48143,45674" machi="59" ten="30,1100,0" yaku="12,1" doraHai="128" who="2" fromWho="2" sc="318,-6,105,-4,322,34,235,-4" /><INIT seed="5,0,0,5,5,16" ten="312,101,356,231" oya="1" hai0="40,8,82,50,22,128,65,3,117,5,19,98,21" hai1="95,85,31,6,43,101,119,42,103,62,37,41,46" hai2="69,109,12,60,45,68,48,113,47,53,33,57,133" hai3="13,9,76,15,7,111,4,116,102,54,75,84,118"/><U86/><E119/><V51/><F33/><W58/><G75/><T81/><D117/><N who="3" m="45161" /><G102/><T24/><D128/><U114/><E114/><V126/><F12/><N who="3" m="4683" /><G9/><T134/><D134/><U93/><E6/><V52/><F133/><W18/><G18/><T115/><D115/><U121/><E121/><V89/><F89/><W97/><G97/><T130/><D130/><U80/><E31/><V135/><F135/><W123/><G111/><T124/><D124/><U29/><E29/><V72/><F72/><W99/><G99/><T131/><D65/><U59/><E46/><N who="2" m="27799" /><F113/><W110/><G110/><T100/><D131/><U49/><E49/><N who="2" m="28719" /><F109/><W112/><G112/><T27/><D50/><U104/><E37/><V25/><F25/><W14/><G14/><T56/><D56/><U28/><E28/><V36/><F36/><W23/><G123/><T26/><D40/><N who="1" m="10243" /><U64/><DORA hai="108" /><E104/><V79/><F79/><W107/><G107/><T35/><D35/><U38/><E38/><V125/><F51/><N who="3" m="31071" /><G23/><T122/><D122/><U106/><E106/><V1/><F47/><W78/><G76/><T67/><D5/><U120/><E120/><V90/><F90/><W39/><G39/><T87/><D100/><N who="1" m="38475" /><E86/><V61/><F1/><W11/><G11/><T30/><D87/><U17/><E17/><V44/><F44/><W70/><G70/><N who="2" m="27241" /><F61/><W77/><G77/><AGARI ba="0,0" hai="59,62,64,77,80,85,93,95" m="38475,10243" machi="77" ten="30,1500,0" yaku="8,1" doraHai="16,108" who="1" fromWho="3" sc="312,0,101,15,356,0,231,-15" /><INIT seed="5,1,0,2,0,92" ten="312,116,356,216" oya="1" hai0="83,53,100,2,37,36,134,110,20,49,51,41,12" hai1="125,103,102,57,33,116,3,13,64,40,9,120,88" hai2="117,66,38,87,70,75,43,29,16,93,56,133,98" hai3="30,76,129,54,124,96,132,59,123,35,113,104,18"/><U107/><E116/><V6/><F75/><W58/><G123/><T135/><D110/><U128/><E33/><V8/><F117/><W97/><G104/><T46/><D2/><U50/><E3/><V72/><F72/><W84/><G35/><T91/><D100/><U114/><E107/><V32/><F133/><N who="0" m="50698" /><D83/><U80/><E120/><V47/><F70/><W15/><G132/><T112/><D91/><U65/><E114/><V106/><F106/><W19/><G30/><T119/><D119/><U111/><E128/><V126/><F126/><W25/><G129/><T39/><D12/><U85/><E125/><V62/><F87/><W69/><G69/><T122/><D20/><U5/><E111/><V115/><F115/><W22/><G113/><T52/><D112/><U61/><REACH who="1" step="1"/><E65/><REACH who="1" ten="312,106,356,216" step="2"/><V42/><F32/><W23/><G124/><T131/><D122/><U127/><E127/><V27/><F66/><W81/><G58/><N who="0" m="33039" /><D131/><U99/><E99/><V94/><F56/><AGARI ba="1,1" hai="36,37,39,41,46,51,53,56" m="33039,50698" machi="56" ten="30,7700,0" yaku="20,1,34,2,54,1" doraHai="92" who="0" fromWho="2" sc="312,90,106,0,356,-80,216,0" /><INIT seed="6,0,0,3,4,94" ten="402,106,276,216" oya="2" hai0="32,90,9,135,131,80,111,38,0,40,57,68,125" hai1="14,41,63,45,81,83,95,105,100,48,4,89,129" hai2="50,42,20,15,85,93,6,35,8,25,60,102,121" hai3="34,53,27,106,46,29,113,79,22,88,5,47,39"/><V96/><F121/><W99/><G79/><T1/><D68/><U84/><E129/><V18/><F35/><W49/><G5/><T98/><D38/><U51/><E105/><V120/><F120/><W112/><G106/><T43/><D0/><U86/><E63/><V71/><F71/><W78/><G78/><T134/><D131/><U30/><E30/><V13/><F60/><W2/><G2/><T132/><D57/><U33/><E33/><V61/><F61/><W31/><G46/><T104/><D32/><U126/><E126/><V17/><F85/><W67/><G39/><T103/><D125/><U55/><E100/><V82/><F82/><W74/><G74/><T72/><D111/><U116/><E116/><V117/><F117/><W87/><G67/><T69/><D69/><U66/><E66/><V122/><F122/><W26/><REACH who="3" step="1"/><G99/><REACH who="3" ten="402,106,276,206" step="2"/><T128/><D128/><U70/><E70/><V7/><F25/><W75/><G75/><T118/><D118/><U109/><E109/><V23/><F8/><W54/><G54/><T64/><D72/><U76/><E76/><V130/><F130/><W91/><G91/><T119/><D119/><U52/><E41/><V19/><F19/><W3/><G3/><T21/><D40/><U12/><E4/><V114/><F114/><W16/><G16/><T59/><D43/><U92/><E89/><V24/><F24/><W133/><G133/><T108/><D132/><U37/><E37/><V123/><F123/><W11/><G11/><T62/><D134/><U127/><E127/><V97/><F97/><W65/><G65/><RYUUKYOKU ba="0,1" sc="402,-30,106,10,276,10,206,10" hai1="12,14,45,48,51,52,55,81,83,84,86,92,95" hai2="6,7,13,15,17,18,20,23,42,50,93,96,102" hai3="22,26,27,29,31,34,47,49,53,87,88,112,113" /><INIT seed="6,1,1,2,1,56" ten="372,116,286,216" oya="2" hai0="135,24,27,26,130,35,40,108,102,125,127,37,45" hai1="5,133,18,58,49,59,103,83,128,74,0,84,54" hai2="65,113,39,110,61,46,52,6,111,98,60,123,126" hai3="4,120,69,23,7,19,13,62,55,8,115,92,106"/><V109/><F6/><W86/><G106/><T43/><D108/><U53/><E74/><V25/><F25/><W107/><G107/><T132/><D102/><U44/><E128/><V17/><F17/><N who="3" m="8359" /><G120/><T50/><D130/><U22/><E133/><N who="0" m="51273" /><D35/><U77/><E103/><V42/><F98/><W119/><G69/><T29/><D29/><U90/><E0/><V72/><F72/><W33/><G33/><T79/><D79/><U70/><E70/><N who="2" m="42279" /><F123/><W80/><G92/><T99/><D99/><U124/><E124/><N who="0" m="47689" /><D40/><U20/><E5/><V31/><F31/><W1/><G1/><T112/><D112/><U131/><E131/><V12/><F12/><N who="3" m="9703" /><G115/><T34/><D34/><U9/><E77/><V3/><F126/><W89/><G119/><T51/><AGARI ba="1,1" hai="24,26,27,37,43,45,50,51" m="47689,51273" machi="51" ten="40,2700,0" yaku="20,1,18,1" doraHai="56" who="0" fromWho="0" sc="372,40,116,-8,286,-14,216,-8" /><INIT seed="7,0,0,1,3,73" ten="412,108,272,208" oya="3" hai0="81,132,33,7,22,107,104,58,50,71,70,15,84" hai1="82,21,103,108,3,110,133,27,31,4,92,17,111" hai2="42,129,65,67,10,115,114,93,44,8,88,43,90" hai3="134,101,91,119,46,28,85,117,131,49,100,116,6"/><W69/><G69/><T61/><D33/><U36/><E36/><V37/><F129/><W75/><G75/><T112/><D104/><U80/><E103/><V128/><F128/><W102/><G131/><T19/><D107/><U59/><E92/><V77/><F77/><W95/><G6/><T89/><D132/><U99/><E99/><V135/><F135/><W98/><G28/><T54/><D112/><N who="2" m="43050" /><F43/><W0/><G0/><T20/><D7/><U78/><E133/><V2/><F90/><W40/><REACH who="3" step="1"/><G134/><REACH who="3" ten="412,108,272,198" step="2"/><T14/><D70/><U127/><E4/><N who="2" m="1047" /><F10/><W63/><G63/><T123/><D71/><U9/><E3/><V130/><F130/><W53/><G53/><T32/><D61/><U86/><E127/><V97/><AGARI ba="0,1" hai="37,42,44,65,67,88,93,97" m="1047,43050" machi="97" ten="30,2000,0" yaku="15,1,54,1" doraHai="73" who="2" fromWho="2" sc="412,-5,108,-5,272,30,198,-10" owari="407,50.7,103,-39.7,302,10.2,188,-21.2" /></mjloggm>