<mjloggm ver="2.3"><GO type="169" lobby="0"/><UN n0="%E3%81%BF%E3%82%84%E3%81%AF%E3%82%89" n1="%E8%B1%A1" n2="%E3%81%8B%E3%82%89%E3%81%8F%E3%82%8A" n3="%E6%84%9A%E5%85%84%E3%81%8C%E6%84%9A%E5%BD%A2" dan="16,16,17,16" rate="2053.43,2143.25,2148.32,2127.50" sx="M,M,M,M"/><TAIKYOKU oya="0"/><INIT seed="0,0,0,0,1,97" ten="250,250,250,250" oya="0" hai0="39,18,70,31,102,79,80,119,104,103,100,63,129" hai1="105,73,107,60,134,117,66,109,76,51,96,20,37" hai2="16,30,93,61,43,123,125,116,26,52,62,72,7" hai3="82,120,64,122,59,113,10,83,101,128,99,11,28"/><T50/><D119/><U87/><E117/><V49/><F123/><N who="3" m="47147" /><G113/><T133/><D39/><U45/><E109/><V115/><F72/><W78/><G28/><T25/><D129/><U95/><E134/><V69/><F43/><W131/><G59/><T57/><D133/><U114/><E114/><V38/><F38/><W58/><G58/><T44/><D70/><U4/><E37/><V55/><F7/><W112/><G64/><T13/><D104/><U1/><E73/><V118/><F125/><W6/><G10/><T35/><D50/><U24/><E4/><V14/><F115/><W12/><G112/><T135/><D44/><U91/><E1/><V81/><F116/><W106/><G78/><T126/><D126/><U54/><E76/><V5/><F5/><W121/><N who="3" m="47155" /><W21/><DORA hai="29" /><G21/><T40/><D40/><U56/><REACH who="1" step="1"/><E96/><REACH who="1" ten="250,240,250,250" step="2"/><V15/><F118/><W111/><G111/><T75/><D135/><U34/><E34/><V33/><F33/><W92/><G106/><T3/><D3/><U46/><E46/><V130/><F49/><W47/><G47/><T41/><D41/><U32/><E32/><V9/><F62/><W86/><G86/><T19/><REACH who="0" step="1"/><D13/><REACH who="0" ten="240,240,250,250" step="2"/><U94/><E94/><V89/><F15/><W8/><G128/><T74/><D74/><U88/><E88/><V22/><F130/><W27/><G131/><T2/><D2/><U90/><E90/><V132/><F132/><W71/><G12/><T124/><D124/><U53/><E53/><AGARI ba="0,2" hai="18,19,25,31,35,53,57,63,75,79,80,100,102,103" machi="53" ten="40,18000,2" yaku="1,1,52,4,53,2" doraHai="97,29" doraHaiUra="77,48" who="0" fromWho="1" sc="240,200,240,-180,250,0,250,0" /><INIT seed="0,1,0,5,0,56" ten="440,60,250,250" oya="0" hai0="94,98,112,20,6,3,126,36,0,68,7,99,127" hai1="2,8,18,96,129,100,134,44,40,64,110,86,90" hai2="73,89,111,133,50,102,30,51,108,60,78,70,120" hai3="67,21,19,5,13,114,48,83,97,88,26,12,103"/><T130/><D112/><U119/><E119/><V76/><F120/><W35/><G114/><T116/><D36/><U54/><E110/><V92/><F102/><W128/><G128/><T91/><D116/><U38/><E129/><V69/><F30/><W95/><G35/><T24/><D130/><U71/><E134/><V84/><F133/><W135/><G135/><T15/><D68/><U104/><E54/><V75/><F92/><W29/><G5/><N who="0" m="1547" /><D99/><U105/><E2/><V124/><F89/><W66/><G48/><T62/><D15/><U27/><E104/><V85/><REACH who="2" step="1"/><F124/><REACH who="2" ten="440,60,240,250" step="2"/><W10/><G103/><T65/><D3/><U81/><E100/><V63/><AGARI ba="1,1" hai="50,51,60,63,69,70,73,75,76,78,84,85,108,111" machi="63" ten="25,12000,2" yaku="1,1,2,1,0,1,22,2,52,2,53,0" doraHai="56" doraHaiUra="117" who="2" fromWho="2" sc="440,-61,60,-31,240,133,250,-31" /><INIT seed="1,0,0,3,3,89" ten="379,29,373,219" oya="1" hai0="16,108,100,58,134,38,26,110,23,106,10,45,36" hai1="111,62,2,116,76,28,19,12,64,67,98,130,13" hai2="84,85,50,40,75,83,49,32,69,77,65,53,61" hai3="112,18,80,11,14,73,118,27,66,55,126,104,119"/><U88/><E116/><N who="3" m="44586" /><G104/><T52/><D134/><U70/><E2/><V54/><F32/><W6/><G66/><T133/><D133/><U132/><E132/><V17/><F40/><W71/><G71/><T30/><D45/><U96/><E130/><V1/><F1/><W37/><G37/><T8/><D100/><U68/><E76/><V120/><F120/><W90/><G126/><T42/><D42/><U107/><E111/><N who="0" m="42537" /><D106/><U29/><E107/><V51/><F17/><W7/><G112/><T79/><D79/><U123/><E123/><V101/><F101/><W128/><G128/><T125/><D125/><U113/><E113/><V78/><REACH who="2" step="1"/><F75/><REACH who="2" ten="379,29,363,219" step="2"/><W9/><G18/><T21/><D38/><U135/><E135/><V92/><F92/><W56/><G73/><T91/><D36/><U117/><E117/><V44/><F44/><W48/><G6/><T74/><D74/><U93/><E96/><V22/><F22/><W122/><G11/><T25/><D91/><U99/><E99/><V4/><F4/><W41/><G41/><T81/><D81/><AGARI ba="0,1" hai="49,50,51,53,54,61,65,69,77,78,81,83,84,85" machi="81" ten="40,2600,0" yaku="1,1,9,1,53,0" doraHai="89" doraHaiUra="105" who="2" fromWho="0" sc="379,-26,29,0,363,36,219,0" /><INIT seed="2,0,0,3,5,11" ten="353,29,399,219" oya="2" hai0="36,0,68,8,97,105,40,104,12,6,128,121,89" hai1="26,82,111,131,58,34,7,60,3,10,119,133,113" hai2="81,76,77,52,4,46,126,2,86,49,91,54,108" hai3="122,39,56,27,98,23,14,66,120,103,21,38,16"/><V24/><F126/><W85/><G85/><T78/><D121/><U33/><E113/><V117/><F117/><W37/><G66/><T135/><D128/><U51/><E119/><V35/><F108/><W72/><G56/><T19/><D68/><U130/><E111/><V115/><F115/><W75/><G75/><T62/><D135/><U41/><E133/><V48/><F2/><W1/><G72/><T29/><D78/><U87/><E51/><V79/><F4/><W69/><G69/><T134/><D134/><U25/><E41/><V88/><F91/><W5/><G1/><T73/><D29/><U20/><E26/><V110/><F110/><W65/><G65/><T32/><D32/><U44/><E44/><N who="2" m="27943" /><F35/><W101/><G101/><T107/><D62/><U64/><E130/><V59/><F24/><W42/><G42/><T50/><D36/><U93/><E93/><V45/><AGARI ba="0,0" hai="45,46,48,52,59,76,77,79,81,86,88" m="27943" machi="45" ten="30,6000,0" yaku="8,1,54,2" doraHai="11" who="2" fromWho="2" sc="353,-20,29,-20,399,60,219,-20" /><INIT seed="2,1,0,3,3,54" ten="333,9,459,199" oya="2" hai0="7,21,130,9,128,88,81,134,114,108,80,28,58" hai1="3,93,119,59,45,51,18,2,5,77,86,10,12" hai2="100,61,42,132,91,78,97,109,62,43,22,83,75" hai3="116,103,57,52,16,47,8,76,105,11,129,133,56"/><V70/><F132/><W107/><G116/><T123/><D108/><U17/><E119/><V0/><F0/><W125/><G133/><T27/><D123/><U98/><E3/><V121/><F121/><W94/><G129/><T71/><D134/><U110/><E110/><V84/><F109/><W67/><G125/><T15/><D71/><U117/><E117/><V46/><F22/><W112/><G76/><T13/><D114/><U39/><E39/><V72/><F42/><W20/><G105/><T29/><D15/><U126/><E126/><V63/><F70/><W122/><G107/><T41/><D41/><U102/><E2/><V50/><REACH who="2" step="1"/><F78/><REACH who="2" ten="333,9,449,199" step="2"/><W44/><G122/><T82/><D130/><U66/><E77/><V104/><AGARI ba="1,1" hai="43,46,50,61,62,63,72,75,83,84,91,97,100,104" machi="104" ten="30,6000,0" yaku="1,1,2,1,0,1,53,0" doraHai="54" doraHaiUra="14" who="2" fromWho="2" sc="333,-21,9,-21,449,73,199,-21" owari="312,11.2,-12,-51.2,522,62.2,178,-22.2" /></mjloggm>