<mjloggm ver="2.3"><GO type="169" lobby="0"/><UN n0="%68%61%6B%75%30%37" n1="%E3%83%99%E3%83%A8%E3%83%B3%E3%82%B8%E3%83%A5" n2="%E7%A0%B2%E5%A7%90%E5%A7%90" n3="%E3%83%80%E3%83%95%E3%83%88%E3%83%91%E3%83%B3%E3%83%84" dan="18,16,16,17" rate="2186.61,2114.40,2110.64,2195.91" sx="M,M,F,M"/><TAIKYOKU oya="0"/><INIT seed="0,0,0,5,3,119" ten="250,250,250,250" oya="0" hai0="128,68,40,116,92,4,123,52,13,76,27,98,131" hai1="14,121,32,22,82,103,127,79,43,34,9,96,111" hai2="104,50,97,95,48,60,41,94,101,44,70,28,134" hai3="5,108,93,83,30,90,89,69,88,29,45,114,6"/><T109/><D116/><U58/><E111/><V65/><F134/><W39/><G69/><T84/><D68/><U113/><E127/><V72/><F72/><W102/><G108/><T110/><D40/><U67/><E113/><V78/><F78/><W35/><G114/><T54/><D27/><U130/><E130/><N who="0" m="49705" /><D4/><U135/><E22/><V66/><F66/><W91/><G83/><N who="0" m="47207" /><D13/><U71/><E71/><V26/><REACH who="2" step="1"/><F48/><REACH who="2" ten="250,250,240,250" step="2"/><W62/><G62/><T105/><D109/><U75/><E67/><V77/><F77/><W0/><G39/><T59/><D110/><U115/><E79/><V53/><F53/><W64/><G64/><T125/><D54/><U73/><E135/><V49/><F49/><W21/><G0/><T37/><D37/><U1/><E1/><V120/><F120/><W107/><G107/><T87/><D105/><U106/><E121/><V118/><F118/><W86/><G93/><T100/><D125/><U117/><E117/><V126/><F126/><W33/><G86/><T20/><D87/><U12/><E75/><V8/><F8/><W25/><G21/><AGARI ba="0,1" hai="21,26,28,41,44,50,60,65,70,94,95,97,101,104" machi="21" ten="30,2000,0" yaku="1,1,7,1,53,0" doraHai="119" doraHaiUra="55" who="2" fromWho="3" sc="250,0,250,0,240,30,250,-20" /><INIT seed="1,0,0,2,0,67" ten="250,250,270,230" oya="1" hai0="58,54,49,96,112,78,34,2,47,44,15,17,93" hai1="28,105,30,0,52,1,65,85,75,133,100,66,50" hai2="55,18,40,80,16,4,11,72,45,132,53,114,111" hai3="20,97,36,99,115,51,64,116,90,25,124,127,109"/><U39/><E75/><V68/><F111/><W73/><G36/><T107/><D112/><U92/><E39/><V106/><F114/><W33/><G115/><T94/><D2/><U41/><E133/><V83/><F106/><W59/><G33/><T22/><D34/><U9/><E41/><V3/><F132/><W77/><G116/><T19/><D107/><U76/><E105/><V108/><F108/><W38/><G109/><T12/><D78/><U69/><E1/><V104/><F104/><W48/><G38/><T113/><D113/><U121/><E0/><V79/><F68/><W82/><G48/><T57/><D47/><U130/><E130/><V14/><F80/><W135/><G135/><T131/><D93/><U42/><E42/><V126/><F126/><N who="3" m="48171" /><G90/><T86/><D86/><U117/><E9/><V27/><F27/><W103/><G103/><T129/><D129/><U23/><E121/><V128/><F18/><N who="3" m="12439" /><G51/><T29/><D29/><U26/><E30/><V32/><F32/><W98/><G59/><T91/><REACH who="0" step="1"/><D131/><REACH who="0" ten="240,250,270,230" step="2"/><U88/><E76/><V13/><F128/><W87/><G87/><T56/><D56/><N who="1" m="32791" /><E117/><V6/><F3/><W120/><G120/><T119/><D119/><U95/><E69/><V46/><F45/><W125/><G125/><T134/><D134/><U122/><E122/><V60/><F46/><W43/><G43/><T101/><D101/><U24/><E100/><V10/><F40/><W31/><G31/><T8/><AGARI ba="0,1" hai="8,12,15,17,19,22,44,49,54,57,58,91,94,96" machi="8" ten="20,8000,1" yaku="1,1,0,1,7,1,8,1,53,1" doraHai="67" doraHaiUra="84" who="0" fromWho="0" sc="240,90,250,-40,270,-20,230,-20" /><INIT seed="2,0,0,1,5,9" ten="330,210,250,210" oya="2" hai0="109,129,26,71,61,27,28,57,87,89,50,38,122" hai1="99,25,2,123,62,5,32,116,29,40,3,106,16" hai2="7,115,52,90,64,72,54,56,58,33,19,78,110" hai3="101,43,53,86,134,91,100,83,126,51,6,35,15"/><V113/><F33/><W12/><G134/><T69/><D38/><U117/><E40/><V93/><F7/><W36/><G35/><T74/><D74/><U133/><E62/><V111/><F72/><W97/><G126/><T94/><D122/><U60/><E60/><N who="2" m="37911" /><F78/><W132/><G132/><T18/><D129/><U98/><E133/><V23/><F54/><W44/><G6/><T49/><D109/><N who="2" m="41482" /><F90/><W46/><REACH who="3" step="1"/><G101/><REACH who="3" ten="330,210,250,200" step="2"/><T41/><D69/><U17/><E5/><V128/><F128/><W30/><G30/><T104/><D28/><U92/><E29/><V105/><F105/><AGARI ba="0,1" hai="12,15,36,43,44,46,51,53,83,86,91,97,100,105" machi="105" ten="30,7700,0" yaku="1,1,7,1,52,2,53,0" doraHai="9" doraHaiUra="73" who="3" fromWho="2" sc="330,0,210,0,250,-77,200,87" /><INIT seed="3,0,0,1,3,50" ten="330,210,173,287" oya="3" hai0="55,17,121,109,77,67,94,14,42,44,97,114,71" hai1="63,58,52,130,4,100,35,39,91,110,82,132,116" hai2="70,111,115,12,16,26,22,7,119,62,117,80,103" hai3="102,72,73,18,31,24,27,46,101,47,57,123,134"/><W29/><G123/><T54/><D121/><U125/><E110/><V108/><F115/><W75/><G57/><T3/><D3/><U15/><E35/><V68/><F103/><W10/><G10/><T49/><D109/><N who="2" m="42058" /><F80/><W2/><G2/><T11/><D114/><U79/><E39/><V21/><F62/><W124/><G18/><T96/><D77/><U25/><E125/><V36/><F36/><W135/><REACH who="3" step="1"/><G72/><REACH who="3" ten="330,210,173,277" step="2"/><T30/><D30/><U78/><E116/><N who="2" m="44619" /><F70/><W41/><G41/><T5/><D17/><U106/><E58/><V32/><F68/><W66/><G66/><T53/><REACH who="0" step="1"/><D94/><REACH who="0" ten="320,210,173,277" step="2"/><U37/><E106/><V45/><F7/><W133/><G133/><T89/><D89/><U43/><E91/><V28/><F45/><W90/><G90/><T74/><D74/><U105/><E105/><V51/><F51/><W98/><G98/><T120/><D120/><U83/><E4/><V69/><F69/><W95/><G95/><T60/><AGARI ba="0,2" hai="5,11,14,42,44,49,53,54,55,60,67,71,96,97" machi="60" ten="30,12000,2" yaku="1,1,0,1,52,3,53,2" doraHai="50" doraHaiUra="92" who="0" fromWho="0" sc="320,140,210,-30,173,-30,277,-60" /><INIT seed="4,0,0,2,2,101" ten="460,180,143,217" oya="0" hai0="106,134,14,91,9,93,49,4,86,76,45,94,23" hai1="31,17,121,132,99,112,16,84,55,79,32,43,129" hai2="70,123,85,44,29,20,2,68,130,74,18,75,87" hai3="103,39,37,82,54,115,52,61,105,28,6,33,80"/><T118/><D118/><U77/><E121/><V81/><F123/><W59/><G115/><T109/><D134/><U19/><E132/><V24/><F130/><W35/><G6/><T26/><D109/><U113/><E129/><V111/><F111/><W66/><G28/><T97/><D106/><U7/><E43/><V117/><F117/><W50/><G103/><T108/><D108/><U57/><E7/><V92/><F2/><W0/><G0/><T102/><D76/><U15/><E15/><V27/><F44/><W116/><G116/><T67/><D67/><U119/><E119/><V42/><F42/><W98/><G98/><T122/><D122/><U3/><E3/><V41/><F41/><W135/><G135/><T56/><D56/><U8/><E8/><V110/><F110/><W100/><G100/><T12/><D12/><U13/><E13/><V40/><F40/><W64/><G50/><T48/><REACH who="0" step="1"/><D45/><REACH who="0" ten="450,180,143,217" step="2"/><U10/><E77/><V125/><F68/><W120/><G59/><T126/><D126/><U88/><E79/><V5/><F70/><W104/><G120/><T90/><D90/><U1/><E57/><V133/><F125/><W30/><G61/><T21/><D21/><U83/><E1/><V78/><F133/><W128/><G128/><T95/><D95/><U36/><E88/><V58/><F58/><W53/><G53/><T46/><D46/><U131/><E55/><V127/><F127/><W96/><G96/><T107/><D107/><U63/><E131/><V34/><F92/><W62/><G62/><T124/><D124/><U60/><E63/><RYUUKYOKU ba="0,1" sc="450,15,180,-15,143,-15,217,15" hai0="4,9,14,23,26,48,49,86,91,93,94,97,102" hai3="30,33,35,37,39,52,54,64,66,80,82,104,105" /><INIT seed="4,1,1,1,3,78" ten="465,165,128,232" oya="0" hai0="11,90,50,28,87,38,13,122,40,26,135,125,121" hai1="86,75,119,61,29,59,51,47,52,120,76,82,60" hai2="55,21,33,80,118,53,48,27,110,84,4,133,62" hai3="49,34,124,5,70,129,100,95,56,23,32,6,19"/><T41/><D38/><U89/><E119/><V57/><F110/><W85/><G70/><T127/><D135/><U102/><E120/><V0/><F133/><W42/><G129/><T104/><D104/><U105/><E29/><V71/><F118/><W109/><G109/><T134/><D134/><U16/><E102/><V17/><F33/><W79/><G124/><N who="0" m="47691" /><D50/><U91/><E105/><V66/><F55/><N who="3" m="31855" /><G32/><N who="0" m="20503" /><D40/><U88/><E16/><V77/><REACH who="2" step="1"/><F4/><REACH who="2" ten="465,165,118,232" step="2"/><W93/><G34/><T9/><D41/><U73/><REACH who="1" step="1"/><E61/><REACH who="1" ten="465,155,118,232" step="2"/><V3/><AGARI ba="1,3" hai="0,3,17,21,27,48,53,57,62,66,71,77,80,84" machi="3" ten="30,7900,0" yaku="1,1,2,1,0,1,52,1,53,0" doraHai="78" doraHaiUra="24" who="2" fromWho="2" sc="465,-40,155,-21,118,112,232,-21" /><INIT seed="5,0,0,3,2,100" ten="425,134,230,211" oya="1" hai0="65,130,16,27,121,25,75,82,99,23,31,61,2" hai1="13,11,66,111,64,14,5,45,67,108,98,29,107" hai2="134,127,114,102,135,63,78,128,44,124,88,34,74" hai3="60,36,77,40,80,59,113,76,117,132,58,103,28"/><U73/><E73/><V105/><F34/><W47/><G117/><T125/><D2/><U17/><E29/><V3/><F3/><W42/><G113/><T86/><D130/><U18/><E45/><V33/><F33/><W120/><G132/><N who="2" m="50729" /><F114/><W94/><G120/><T35/><D125/><N who="2" m="48202" /><F63/><W8/><G42/><T48/><D61/><U101/><REACH who="1" step="1"/><E5/><REACH who="1" ten="425,124,230,211" step="2"/><V118/><F118/><W126/><G126/><T15/><D75/><U19/><E19/><V37/><F128/><W85/><G28/><T1/><D16/><U56/><E56/><V50/><F37/><W123/><G58/><T133/><D133/><U7/><E7/><V119/><F119/><W129/><G129/><T53/><D31/><U38/><E38/><V30/><F30/><W96/><G123/><T110/><D121/><U22/><AGARI ba="0,1" hai="11,13,14,17,18,22,64,66,67,98,101,107,108,111" machi="22" ten="30,6000,0" yaku="1,1,0,1,52,1,53,0" doraHai="100" doraHaiUra="115" who="1" fromWho="1" sc="425,-20,124,70,230,-20,211,-20" /><INIT seed="5,1,0,3,1,50" ten="405,194,210,191" oya="1" hai0="14,31,13,132,86,84,124,119,133,115,111,94,71" hai1="74,9,2,15,16,36,10,134,93,72,22,45,98" hai2="108,135,121,60,18,55,48,34,7,122,102,131,79" hai3="58,129,29,117,89,47,30,69,40,46,123,38,25"/><U82/><E134/><N who="0" m="51817" /><D111/><U130/><E130/><V0/><F135/><W83/><G123/><T112/><D119/><U54/><E82/><V120/><F108/><W57/><G129/><T85/><D71/><U12/><E2/><V104/><F131/><W101/><G117/><T76/><D124/><U96/><E36/><V44/><F34/><W80/><G69/><T27/><D94/><U39/><E39/><V70/><F79/><W106/><G106/><T127/><D76/><U87/><E87/><V125/><F125/><W62/><G101/><T37/><D37/><U95/><E22/><V68/><F18/><W92/><G47/><T73/><D73/><U64/><E64/><V88/><F88/><W107/><G107/><T52/><D127/><U53/><REACH who="1" step="1"/><E45/><REACH who="1" ten="405,184,210,191" step="2"/><V118/><F118/><W24/><G80/><T66/><D66/><U65/><E65/><V49/><F44/><W3/><G83/><T77/><D77/><U97/><E97/><V90/><F0/><W1/><G3/><T59/><D86/><U35/><E35/><V126/><F126/><W61/><G1/><T114/><D85/><U23/><E23/><V100/><F120/><W26/><G58/><T21/><D84/><U110/><E110/><V41/><F121/><W67/><G57/><T113/><D113/><U33/><E33/><V11/><F122/><W43/><G67/><T51/><AGARI ba="1,1" hai="13,14,21,27,31,51,52,59,112,114,115" m="51817" machi="51" ten="40,8000,1" yaku="15,1,20,1,52,1,54,1" doraHai="50" who="0" fromWho="0" sc="405,93,184,-41,210,-21,191,-21" /><INIT seed="6,0,0,0,0,104" ten="498,143,189,170" oya="2" hai0="17,71,44,109,79,36,10,35,82,93,34,134,133" hai1="53,21,51,7,111,2,92,3,85,128,30,40,120" hai2="56,25,114,86,119,8,106,62,24,87,66,33,112" hai3="100,80,22,135,14,23,41,65,26,116,28,27,39"/><V121/><F121/><W98/><G116/><T118/><D109/><U55/><E111/><V81/><F119/><W31/><G135/><N who="0" m="51723" /><D71/><U88/><E120/><V132/><F106/><W16/><G65/><T52/><D93/><U32/><E128/><V99/><F132/><W67/><G67/><T29/><D118/><U49/><E32/><V115/><F33/><W4/><G80/><T12/><D29/><U45/><E7/><V74/><F99/><W73/><G73/><N who="0" m="43375" /><D52/><U110/><E110/><V18/><F8/><W113/><G113/><T96/><D96/><U89/><E89/><V94/><F94/><W61/><G61/><T102/><D102/><U60/><E60/><V59/><F56/><W5/><G41/><AGARI ba="0,0" hai="10,12,17,34,35,36,41,44" m="43375,51723" machi="41" ten="30,2000,0" yaku="20,1,52,1" doraHai="104" who="0" fromWho="3" sc="498,20,143,0,189,0,170,-20" /><INIT seed="7,0,0,4,2,34" ten="518,143,189,150" oya="3" hai0="43,61,40,24,10,27,54,130,57,120,115,56,52" hai1="70,35,102,117,11,122,6,109,15,37,49,77,85" hai2="71,36,110,8,94,31,13,92,75,18,131,0,112" hai3="62,68,83,132,47,106,69,39,59,88,104,23,105"/><W1/><G132/><T127/><D120/><U101/><E37/><V90/><F110/><W96/><G1/><T93/><D130/><U108/><E122/><V63/><F131/><W28/><G39/><T58/><D127/><U86/><E70/><V91/><F36/><W4/><G4/><T46/><D115/><U26/><E117/><V81/><F31/><W19/><G28/><T17/><D93/><U98/><E35/><V20/><F75/><W3/><G47/><T16/><D56/><U119/><E119/><V124/><F124/><W76/><G3/><T72/><D72/><U21/><E101/><V107/><F107/><W60/><G76/><T87/><D87/><U135/><E135/><V79/><F79/><W84/><G96/><T53/><D53/><U129/><E129/><V123/><F0/><W133/><G62/><N who="0" m="36151" /><D46/><U103/><E103/><V114/><F20/><W82/><G82/><T118/><D118/><U14/><E14/><V134/><F134/><W80/><G80/><T128/><D128/><U55/><E77/><V125/><F125/><W7/><G133/><T66/><D66/><U44/><E108/><V89/><F81/><W41/><G41/><N who="0" m="15947" /><D17/><U48/><E48/><V67/><F123/><W51/><G51/><T73/><D73/><U50/><E50/><V64/><F67/><N who="3" m="39327" /><G68/><T121/><D121/><U97/><E109/><V12/><F13/><AGARI ba="0,0" hai="10,13,16,24,27,52,58,61" m="15947,36151" machi="13" ten="30,3900,0" yaku="8,1,54,2" doraHai="34" who="0" fromWho="2" sc="518,39,143,0,189,-39,150,0" owari="557,65.7,143,-35.7,150,-5.0,150,-25.0" /></mjloggm>