<mjloggm ver="2.3"><GO type="169" lobby="0"/><UN n0="%4D%72%52%41%4D%4F" n1="%E6%B2%B3%E7%AB%A5%E3%81%AE%E3%83%AF%E3%82%AB%E3%83%9E%E3%83%84" n2="%65%76%31%36%33%38%34" n3="%52%65%63%61%6C%74%71" dan="16,19,17,16" rate="2113.64,2330.66,2144.26,2116.14" sx="M,M,M,M"/><TAIKYOKU oya="0"/><INIT seed="0,0,0,0,0,37" ten="250,250,250,250" oya="0" hai0="42,85,101,72,98,43,60,7,63,21,1,28,103" hai1="76,120,50,16,41,91,124,39,9,67,99,32,119" hai2="96,36,59,56,4,78,33,55,53,2,82,127,25" hai3="34,102,24,118,93,52,108,131,73,88,15,19,20"/><T104/><D72/><U51/><E119/><V86/><F127/><W64/><G118/><T74/><D74/><U105/><E120/><V89/><F36/><W121/><G73/><T126/><D126/><U49/><E124/><V92/><F2/><W123/><G131/><T61/><D103/><U69/><E32/><V0/><F0/><W97/><G64/><T31/><D85/><U10/><E76/><V44/><F4/><W40/><G40/><T8/><REACH who="0" step="1"/><D21/><REACH who="0" ten="240,250,250,250" step="2"/><U27/><E99/><V29/><F96/><W112/><G112/><T135/><D135/><U90/><E91/><V133/><F133/><W83/><G108/><T62/><N who="0" m="15360" /><DORA hai="129" /><T70/><D70/><U125/><E125/><V77/><F86/><W5/><G34/><T23/><D23/><U84/><E69/><V65/><F33/><W95/><G121/><T113/><D113/><U106/><E90/><V80/><F89/><W75/><G123/><T46/><D46/><U13/><E84/><V47/><F47/><W57/><G75/><T71/><D71/><U54/><E67/><V122/><F44/><W117/><G117/><T116/><D116/><U132/><E132/><V111/><F122/><W14/><G83/><T81/><D81/><U107/><E105/><V66/><F111/><W100/><G100/><T38/><D38/><U11/><E106/><V35/><F35/><W30/><G88/><T22/><D22/><U12/><E107/><V17/><F66/><W114/><G114/><T79/><D79/><U26/><E39/><V48/><F65/><W18/><G102/><T3/><D3/><RYUUKYOKU ba="0,1" sc="240,30,250,-10,250,-10,250,-10" hai0="1,7,8,28,31,42,43,98,101,104" /><INIT seed="0,1,1,0,2,48" ten="270,240,240,240" oya="0" hai0="17,133,11,37,31,56,51,92,66,125,95,107,129" hai1="28,91,0,135,81,16,76,13,9,78,53,29,77" hai2="3,122,89,84,63,43,35,83,90,23,62,58,59" hai3="106,116,123,6,24,132,103,44,2,120,38,41,55"/><T126/><D107/><U60/><E135/><V108/><F108/><W71/><G132/><T88/><D37/><U64/><E0/><V127/><F35/><W97/><G116/><T40/><D133/><U82/><E64/><V99/><F127/><W4/><G4/><T18/><D129/><U68/><E68/><V27/><F3/><W102/><G102/><T70/><D70/><U1/><E1/><V67/><F43/><W39/><G39/><T79/><D31/><N who="1" m="11851" /><E91/><V119/><F122/><W57/><G24/><T5/><D79/><U15/><E15/><V98/><F90/><W117/><G71/><T22/><D95/><U73/><E73/><V134/><F119/><W32/><G32/><T12/><D40/><U80/><E60/><V25/><F134/><W109/><G117/><T46/><D46/><U7/><E7/><V86/><F86/><W118/><G118/><T93/><D93/><U74/><E74/><V128/><F27/><W36/><G36/><T47/><D47/><U33/><E33/><V69/><F128/><W54/><G6/><T111/><D111/><U20/><E20/><V8/><F8/><W42/><G42/><T65/><D65/><U130/><E130/><V14/><F14/><W19/><G2/><T101/><D101/><U49/><E77/><V50/><F69/><W131/><G131/><T87/><D22/><U75/><E75/><V104/><F104/><W72/><G72/><T45/><D45/><AGARI ba="1,1" hai="9,13,16,45,49,53,76,78,80,81,82" m="11851" machi="45" ten="30,3900,0" yaku="8,1,52,1,54,1" doraHai="48" who="1" fromWho="0" sc="270,-42,240,52,240,0,240,0" /><INIT seed="1,0,0,4,1,111" ten="228,292,240,240" oya="1" hai0="133,39,130,58,30,65,75,36,82,91,81,115,124" hai1="101,110,59,66,5,135,119,51,105,42,53,27,50" hai2="64,23,88,44,92,29,11,68,67,73,61,107,102" hai3="97,128,17,52,28,93,90,48,7,123,38,14,116"/><U112/><E5/><V98/><F73/><W63/><G128/><T18/><D130/><U106/><E119/><V72/><F72/><W96/><G116/><T54/><D133/><U99/><E135/><V117/><F117/><W25/><G38/><T70/><D124/><U40/><E110/><V37/><F67/><W84/><G7/><T79/><D30/><U100/><E66/><V74/><F74/><W12/><G63/><T71/><D115/><U109/><E109/><V57/><F11/><W26/><G26/><T78/><D91/><U16/><E112/><V46/><F68/><W47/><G14/><T49/><D18/><U120/><E120/><V24/><REACH who="2" step="1"/><F37/><REACH who="2" ten="228,292,230,240" step="2"/><W127/><G123/><T10/><D10/><U34/><E51/><V113/><F113/><W94/><G127/><T2/><D71/><U108/><E108/><V31/><F31/><W95/><G28/><T114/><D114/><U4/><E4/><V132/><F132/><W6/><G6/><T22/><D70/><U1/><E16/><V41/><F41/><W85/><G25/><T33/><D65/><U104/><E42/><V126/><F126/><W45/><G17/><T89/><D39/><U62/><E27/><V131/><F131/><W8/><G8/><T0/><D36/><U103/><E40/><V122/><F122/><W80/><G12/><T87/><D75/><U77/><E50/><V35/><F35/><W13/><G13/><T60/><D33/><U129/><E129/><V21/><F21/><W121/><G121/><T134/><D22/><U32/><E34/><V20/><F20/><RYUUKYOKU ba="0,1" sc="228,-10,292,-10,230,30,240,-10" hai2="23,24,29,44,46,57,61,64,88,92,98,102,107" /><INIT seed="2,1,1,3,1,31" ten="218,282,260,230" oya="2" hai0="15,114,53,22,66,12,10,20,72,1,105,92,40" hai1="19,80,63,32,95,87,78,68,51,28,73,127,94" hai2="7,93,17,54,9,67,75,120,90,104,64,5,130" hai3="45,44,124,13,123,48,108,65,61,14,85,52,23"/><V57/><F120/><W46/><G123/><T26/><D105/><U102/><E127/><V30/><F75/><W88/><G124/><T100/><D114/><U25/><E51/><V27/><F104/><W55/><G108/><T70/><D72/><U50/><E50/><V58/><F130/><W110/><G110/><T79/><D79/><U42/><E42/><V39/><F39/><W77/><G77/><T69/><D40/><U59/><E68/><V36/><F17/><W106/><G106/><T113/><D113/><U37/><E37/><V47/><F47/><W98/><G98/><T131/><D131/><U18/><E94/><V43/><F43/><W133/><G133/><T126/><D53/><U122/><E122/><V3/><F7/><W109/><G109/><T8/><D1/><U33/><E33/><V118/><F36/><W4/><G4/><T24/><D92/><U76/><E78/><V117/><F118/><W11/><G23/><T74/><D74/><U56/><E56/><V107/><F107/><W21/><G21/><T112/><D112/><U2/><E2/><V34/><F58/><N who="3" m="37047" /><G11/><T71/><D71/><U119/><E119/><V91/><F117/><W35/><G35/><T49/><D126/><U6/><E6/><V111/><F111/><W134/><G134/><T125/><D125/><U29/><E29/><V83/><F30/><W0/><G0/><T81/><D66/><N who="1" m="39295" /><E73/><V132/><F3/><W62/><G62/><T38/><D38/><U103/><E103/><V97/><F5/><W101/><G101/><T116/><D100/><U115/><E115/><RYUUKYOKU ba="1,1" sc="218,-10,282,30,260,-10,230,-10" hai1="18,19,25,28,32,76,80,87,95,102" /><INIT seed="3,2,1,3,4,72" ten="208,312,250,220" oya="3" hai0="64,12,60,61,79,83,120,114,0,71,13,55,102" hai1="130,39,29,81,78,33,89,113,20,75,125,9,93" hai2="91,110,70,88,1,54,133,108,105,23,92,134,28" hai3="56,104,44,62,117,63,6,106,49,8,57,7,10"/><W58/><G49/><T122/><D0/><U107/><E113/><V135/><F105/><N who="3" m="40555" /><G44/><T52/><D114/><U73/><E107/><V27/><F1/><W3/><G3/><T129/><D102/><U5/><E75/><V77/><F70/><W112/><G112/><T53/><D129/><U132/><E130/><V115/><F115/><W46/><G46/><T98/><D98/><U67/><E39/><V17/><F77/><W96/><G96/><T30/><D30/><U68/><E33/><V22/><F54/><W41/><G41/><T11/><D60/><N who="3" m="23081" /><G117/><T59/><D71/><U85/><E68/><V18/><F28/><W66/><G66/><T2/><D2/><U45/><E67/><V121/><F121/><W21/><G21/><T65/><D65/><U43/><E45/><V35/><F35/><W118/><G118/><T19/><REACH who="0" step="1"/><D12/><REACH who="0" ten="198,312,250,220" step="2"/><U131/><E131/><V48/><F134/><W42/><G42/><T80/><D80/><U69/><E43/><V100/><F100/><W119/><G119/><T36/><D36/><U76/><E132/><V87/><F135/><W14/><G14/><T95/><D95/><U90/><E69/><V123/><F133/><W127/><G127/><T51/><D51/><U109/><E125/><V32/><F48/><W24/><G24/><T31/><D31/><U126/><E126/><V111/><F92/><W128/><G128/><T47/><D47/><U26/><E93/><V99/><F27/><W50/><G50/><T37/><D37/><U94/><E94/><V74/><F99/><W97/><G97/><T86/><AGARI ba="2,2" hai="11,13,19,52,53,55,59,61,64,79,83,86,120,122" machi="86" ten="30,12000,2" yaku="1,1,5,1,0,1,52,1,54,1,53,1" doraHai="72" doraHaiUra="82" who="0" fromWho="0" sc="198,146,312,-32,250,-32,220,-62" /><INIT seed="4,0,0,5,1,105" ten="344,280,218,158" oya="0" hai0="82,29,46,43,57,37,97,4,16,9,53,92,104" hai1="31,86,6,1,69,91,134,87,44,49,107,85,89" hai2="24,25,83,3,95,112,73,65,33,127,13,2,115" hai3="71,114,126,14,66,88,27,54,132,50,11,5,72"/><T133/><D133/><U35/><E134/><V78/><F127/><W74/><G132/><T56/><D104/><U125/><E125/><V106/><F106/><W100/><G126/><T108/><D29/><U32/><E69/><V90/><F65/><W15/><G100/><T99/><D108/><U122/><E122/><V103/><F103/><W76/><G114/><N who="2" m="43561" /><F13/><W18/><G27/><N who="2" m="10313" /><F33/><W116/><G76/><T119/><D119/><U101/><E31/><V52/><F52/><W30/><G30/><T10/><D82/><U42/><E32/><V62/><F62/><W67/><G116/><T98/><D92/><U93/><E35/><V68/><F68/><W79/><G79/><T12/><REACH who="0" step="1"/><D53/><REACH who="0" ten="334,280,218,158" step="2"/><U113/><E113/><V26/><F26/><W109/><G109/><T40/><D40/><U48/><E107/><V28/><F28/><W34/><G34/><T51/><D51/><U117/><E117/><V121/><F121/><W63/><G66/><T17/><D17/><U55/><E48/><V45/><F45/><W118/><G118/><T21/><D21/><U39/><E55/><V80/><F80/><W135/><G135/><T23/><D23/><U0/><E49/><V84/><AGARI ba="0,1" hai="2,3,73,78,83,84,90,95" m="10313,43561" machi="84" ten="30,2000,0" yaku="15,1,52,1" doraHai="105" who="2" fromWho="2" sc="334,-10,280,-5,218,30,158,-5" /><INIT seed="5,0,0,4,0,88" ten="324,275,248,153" oya="1" hai0="2,132,49,100,42,79,128,83,71,106,17,72,64" hai1="16,47,104,94,12,7,75,28,63,61,0,26,135" hai2="101,23,118,84,120,22,126,34,119,99,15,50,81" hai3="51,110,38,32,73,58,107,113,9,65,53,93,39"/><U24/><E104/><V85/><F34/><W27/><G110/><T134/><D2/><U14/><E75/><V112/><F120/><W11/><G73/><T43/><D128/><U41/><E135/><N who="0" m="51753" /><D17/><U124/><E124/><V4/><F126/><W105/><G113/><T92/><D106/><U86/><E0/><V35/><F35/><W10/><G65/><T8/><D8/><U3/><E3/><V90/><F112/><W36/><REACH who="3" step="1"/><G93/><REACH who="3" ten="324,275,248,143" step="2"/><T98/><D64/><U111/><E94/><V82/><F119/><W33/><G33/><T6/><D71/><U133/><E111/><V116/><F118/><W25/><G25/><T18/><D92/><U29/><E133/><V52/><F116/><W108/><G108/><T31/><D72/><U20/><E26/><V45/><F101/><W123/><G123/><T87/><D100/><U55/><E24/><V21/><F99/><W80/><G80/><T62/><D83/><U121/><E121/><V131/><F131/><W103/><G103/><T48/><D98/><U91/><E86/><V68/><F68/><W78/><G78/><T129/><D79/><U37/><E91/><V57/><F82/><W77/><G77/><T74/><D87/><U13/><E28/><AGARI ba="0,1" hai="9,10,11,27,28,32,36,38,39,51,53,58,105,107" machi="28" ten="50,1600,0" yaku="1,1,53,0" doraHai="88" doraHaiUra="127" who="3" fromWho="1" sc="324,0,275,-16,248,0,143,26" /><INIT seed="6,0,0,4,3,12" ten="324,259,248,169" oya="2" hai0="96,73,80,74,2,18,68,89,32,51,83,133,93" hai1="102,122,70,116,31,56,39,112,64,107,81,4,53" hai2="43,49,134,135,71,3,130,42,94,129,84,132,72" hai3="131,26,90,50,22,15,16,99,25,85,97,110,11"/><V14/><F3/><W41/><G131/><N who="2" m="50185" /><F72/><W82/><G110/><T30/><D68/><U46/><E4/><V106/><F106/><W24/><G41/><T104/><D2/><U88/><E116/><V119/><F119/><W55/><REACH who="3" step="1"/><G22/><REACH who="3" ten="324,259,248,159" step="2"/><T126/><D32/><U21/><E21/><V29/><F43/><W35/><G35/><T114/><D126/><U54/><E54/><V6/><F42/><W128/><G128/><T121/><D121/><U77/><E122/><V67/><F135/><W98/><G98/><T33/><D96/><U62/><E53/><V52/><F134/><W8/><G8/><T60/><D133/><U113/><E112/><V28/><F132/><W45/><AGARI ba="0,1" hai="11,15,16,24,25,26,45,50,55,82,85,90,97,99" machi="45" ten="30,12000,2" yaku="1,1,0,1,25,2,8,1,52,1,54,1,53,0" doraHai="12" doraHaiUra="57" who="3" fromWho="3" sc="324,-30,259,-30,248,-60,159,130" /><INIT seed="7,0,0,1,1,15" ten="294,229,188,289" oya="3" hai0="88,21,54,26,76,64,84,36,19,93,81,33,23" hai1="3,85,135,110,105,61,114,134,120,16,56,94,126" hai2="48,8,10,55,35,127,102,72,80,47,62,11,43" hai3="74,104,132,98,29,95,49,106,83,25,86,96,92"/><W63/><G132/><N who="1" m="50730" /><E120/><V44/><F35/><W67/><G49/><T109/><D109/><U12/><E110/><V91/><F127/><W41/><G41/><T87/><D36/><U14/><E126/><V6/><F102/><W51/><G51/><T59/><D64/><U17/><E3/><V111/><F111/><W78/><G74/><T0/><D0/><U122/><E105/><V112/><F112/><W46/><G46/><T116/><D116/><U65/><E122/><V50/><F62/><W75/><G75/><T13/><D33/><U66/><E66/><V119/><F119/><W79/><G79/><T89/><D76/><U20/><E114/><V77/><REACH who="2" step="1"/><F91/><REACH who="2" ten="294,229,178,289" step="2"/><W117/><G117/><T58/><D54/><U37/><E37/><V4/><AGARI ba="0,1" hai="4,6,8,10,11,43,44,47,48,50,55,72,77,80" machi="4" ten="30,4000,0" yaku="1,1,2,1,0,1,53,0" doraHai="15" doraHaiUra="99" who="2" fromWho="2" sc="294,-10,229,-10,178,50,289,-20" /><INIT seed="8,0,0,5,0,91" ten="284,219,228,269" oya="0" hai0="98,124,22,74,68,102,9,79,11,32,64,24,126" hai1="131,101,39,103,80,113,41,33,66,17,132,65,69" hai2="62,125,56,44,8,133,57,84,82,105,34,86,94" hai3="67,15,89,109,120,54,112,7,116,128,95,88,27"/><T96/><D32/><U130/><E33/><V5/><F105/><W100/><G109/><T73/><D64/><U2/><E2/><V111/><F111/><W72/><G112/><T53/><D68/><U107/><E113/><V76/><F34/><W59/><G72/><N who="0" m="27755" /><D79/><U50/><E39/><V63/><F133/><W77/><G77/><T85/><D85/><U115/><E115/><V26/><F125/><N who="0" m="48234" /><D53/><U71/><E132/><V92/><F26/><W81/><G67/><N who="1" m="25610" /><E80/><V58/><F44/><W38/><G81/><T3/><D3/><U14/><E50/><V1/><REACH who="2" step="1"/><F86/><REACH who="2" ten="284,219,218,269" step="2"/><W104/><G27/><T37/><D98/><U35/><E35/><V61/><AGARI ba="0,1" hai="1,5,8,56,57,58,61,62,63,76,82,84,92,94" machi="61" ten="30,8000,1" yaku="1,1,2,1,0,1,52,2,53,0" doraHai="91" doraHaiUra="129" who="2" fromWho="2" sc="284,-40,219,-20,218,90,269,-20" owari="244,-15.6,199,-30.1,308,40.8,249,4.9" /></mjloggm>