<mjloggm ver="2.3"><GO type="169" lobby="0"/><UN n0="%E3%81%A1%E3%82%87%E3%82%8A%E3%81%8A" n1="%E7%89%8C%E6%B5%81%E7%8A%B6%E6%85%8B%E9%BA%BB%E9%9B%80" n2="%E3%81%9F%E3%81%8F%E3%81%98%E3%82%8D%E3%81%86" n3="%54%68%65%72%65%73%61%5F" dan="16,16,19,16" rate="2116.03,2165.21,2339.60,2096.76" sx="M,M,M,M"/><TAIKYOKU oya="0"/><INIT seed="0,0,0,2,1,34" ten="250,250,250,250" oya="0" hai0="132,30,53,102,92,70,7,67,98,45,124,125,111" hai1="44,59,103,19,21,17,76,105,85,90,123,0,39" hai2="8,130,75,106,40,57,84,66,16,72,9,135,71" hai3="62,6,2,20,43,113,121,77,79,115,104,65,131"/><T80/><D30/><U134/><E123/><V120/><F120/><W51/><G121/><T101/><D132/><U3/><E76/><V24/><F71/><W117/><G117/><T100/><D70/><U73/><E73/><V29/><F106/><W50/><G104/><T96/><D67/><U83/><E134/><V81/><F130/><W74/><G131/><T42/><D53/><U91/><E91/><V110/><F110/><W58/><G74/><T78/><D7/><U35/><E35/><V133/><F40/><W56/><G20/><T118/><D45/><U11/><E59/><V129/><F75/><W89/><G43/><T31/><D31/><U1/><E11/><V37/><F72/><W48/><G58/><T10/><D10/><U112/><E112/><V18/><F37/><W36/><G36/><T99/><D42/><U27/><E19/><N who="2" m="7211" /><F129/><W86/><G113/><T122/><D122/><U33/><E33/><V14/><F14/><W109/><G109/><T5/><D5/><U116/><E116/><V12/><F12/><W95/><REACH who="3" step="1"/><G115/><REACH who="3" ten="250,250,250,240" step="2"/><T127/><D111/><U38/><REACH who="1" step="1"/><E44/><REACH who="1" ten="250,240,250,240" step="2"/><V69/><F135/><W68/><G68/><T23/><D118/><U107/><E107/><V46/><F133/><W25/><G25/><T28/><D23/><U41/><E41/><V82/><F69/><W108/><G108/><T63/><D28/><U97/><AGARI ba="0,2" hai="0,1,3,17,21,27,38,39,83,85,90,97,103,105" machi="97" ten="40,8000,1" yaku="1,1,0,1,52,3,53,0" doraHai="34" doraHaiUra="54" who="1" fromWho="1" sc="250,-40,240,100,250,-20,240,-20" /><INIT seed="1,0,0,3,1,12" ten="210,340,230,220" oya="1" hai0="32,133,135,65,76,64,57,129,47,88,99,19,35" hai1="23,62,53,109,82,33,67,122,106,36,73,118,108" hai2="107,20,42,63,89,83,49,38,48,31,130,29,105" hai3="39,103,131,3,25,16,92,2,112,110,70,60,15"/><U6/><E33/><V93/><F130/><W114/><G131/><T101/><D76/><U98/><E118/><V119/><F119/><W126/><G39/><T115/><D115/><U116/><E116/><V8/><F38/><W132/><G110/><N who="1" m="42602" /><E36/><V121/><F83/><W58/><G70/><T27/><D47/><U44/><E122/><V102/><F63/><W94/><G126/><T43/><D43/><U84/><E6/><V4/><F102/><W14/><G132/><N who="0" m="50763" /><D101/><N who="1" m="62775" /><E73/><V18/><F107/><W45/><G103/><T46/><D46/><U13/><E44/><V127/><F105/><W1/><G45/><T117/><D117/><U71/><E53/><V21/><F127/><W134/><G134/><T74/><D74/><U30/><E30/><V124/><F31/><W85/><G112/><T56/><D65/><U59/><E71/><V51/><F29/><W10/><G114/><T111/><D129/><U26/><E13/><V52/><F42/><W78/><G14/><T34/><D64/><U80/><E84/><V113/><F113/><W87/><G87/><T9/><D111/><U0/><E0/><V128/><F128/><W123/><G123/><T120/><D120/><U68/><E68/><V37/><F37/><W50/><G1/><T28/><D28/><U55/><E67/><V17/><F124/><W66/><G2/><T95/><D9/><U69/><E69/><V22/><F121/><W81/><G3/><T40/><D40/><U5/><E5/><V125/><F125/><W7/><G7/><T90/><D90/><U24/><E23/><AGARI ba="0,0" hai="19,23,27,32,34,35,56,57,88,95,99" m="50763" machi="23" ten="40,5200,0" yaku="20,1,52,1,54,1" doraHai="12" who="0" fromWho="1" sc="210,52,340,-52,230,0,220,0" /><INIT seed="2,0,0,3,3,38" ten="262,288,230,220" oya="2" hai0="84,101,1,69,40,107,60,97,68,131,88,103,64" hai1="7,65,83,120,89,22,23,121,36,21,106,20,46" hai2="118,67,79,114,14,78,45,91,30,113,53,134,99" hai3="35,42,41,76,87,70,71,110,44,73,5,29,9"/><V129/><F118/><W33/><G87/><T119/><D1/><U95/><E106/><V59/><F134/><W28/><G110/><T32/><D103/><U6/><E65/><V55/><F129/><W85/><G85/><T105/><D105/><U135/><E135/><V56/><F30/><W57/><G57/><T58/><D131/><U86/><N who="1" m="5120" /><DORA hai="51" /><U81/><E36/><V132/><F14/><W125/><G125/><T63/><D40/><U66/><E66/><V17/><F17/><W37/><G42/><T61/><D119/><U11/><E46/><V16/><F16/><W18/><G18/><T39/><D39/><U122/><REACH who="1" step="1"/><E6/><REACH who="1" ten="262,278,230,220" step="2"/><V25/><F45/><W77/><G29/><T54/><D32/><U62/><E62/><V31/><F67/><W10/><G28/><T75/><D63/><U15/><AGARI ba="0,1" hai="7,11,15,81,83,86,89,95,120,121,122" m="5120" machi="15" ten="50,6400,0" yaku="1,1,0,1,13,1,53,0" doraHai="38,51" doraHaiUra="111,127" who="1" fromWho="1" sc="262,-16,278,74,230,-32,220,-16" /><INIT seed="3,0,0,3,5,126" ten="246,352,198,204" oya="3" hai0="49,38,121,112,16,67,94,24,117,11,54,26,6" hai1="114,79,90,98,13,84,22,89,82,15,43,50,29" hai2="59,14,100,73,124,111,102,104,93,108,9,131,75" hai3="5,128,61,40,85,123,80,92,3,12,4,7,95"/><W116/><G116/><T57/><D38/><U103/><E114/><V130/><F124/><W23/><G123/><T105/><D105/><U65/><E65/><V69/><F69/><W45/><G3/><T31/><D121/><U113/><E113/><V99/><F59/><W86/><G61/><T101/><D117/><U60/><E60/><V28/><F28/><W53/><G53/><T0/><D112/><U56/><E29/><V33/><F33/><W74/><G74/><N who="2" m="28169" /><F14/><W58/><G58/><T36/><D36/><U83/><E22/><V47/><F9/><W87/><G80/><T48/><D67/><U68/><E68/><V39/><F47/><W106/><G106/><T91/><D101/><N who="2" m="39018" /><F39/><W1/><G1/><T46/><D31/><U30/><E30/><V35/><F35/><W66/><G66/><T37/><D37/><U127/><E127/><V2/><F2/><W133/><G45/><T32/><D32/><U44/><E56/><V96/><F104/><W62/><G62/><T64/><D64/><U19/><E19/><V107/><F107/><W27/><G4/><T122/><D16/><U134/><E13/><V109/><F93/><W78/><G92/><T17/><D17/><U119/><E15/><V132/><F132/><W51/><G133/><T110/><D122/><U72/><E134/><V76/><F76/><W77/><G95/><T118/><D118/><U25/><E119/><V34/><F34/><W97/><G12/><T115/><D115/><U20/><E25/><N who="0" m="9833" /><D46/><U10/><E44/><V21/><F21/><W42/><G23/><T88/><D57/><RYUUKYOKU ba="0,0" sc="246,-10,352,-10,198,30,204,-10" hai2="96,99,108,109,111,130,131" /><INIT seed="4,1,0,5,5,134" ten="236,342,228,194" oya="0" hai0="8,46,3,115,57,11,74,128,121,116,132,0,96" hai1="108,50,68,36,109,29,91,83,23,48,34,93,117" hai2="5,44,40,129,7,82,73,77,39,84,114,125,12" hai3="127,98,110,6,135,2,60,24,124,62,55,90,67"/><T100/><D121/><U79/><E117/><V130/><F114/><W25/><G110/><T123/><D123/><U88/><E36/><V51/><F39/><W99/><G135/><T20/><D74/><U120/><E120/><V76/><F5/><W10/><G55/><T101/><D116/><U28/><E34/><V85/><F125/><N who="3" m="48203" /><G62/><T47/><D132/><U87/><E68/><V27/><F27/><N who="3" m="10315" /><G90/><T26/><D26/><U94/><E109/><V89/><F73/><W106/><G106/><T105/><D20/><U61/><E23/><V4/><F4/><W131/><G131/><T71/><D71/><AGARI ba="1,0" hai="2,6,10,60,67,71,98,99" m="10315,48203" machi="71" ten="30,7700,0" yaku="18,1,52,3" doraHai="134" who="3" fromWho="0" sc="236,-80,342,0,228,0,194,80" /><INIT seed="5,0,0,5,3,123" ten="156,342,228,274" oya="1" hai0="29,76,36,54,22,55,27,2,12,34,89,114,57" hai1="84,17,112,125,48,113,133,83,40,95,130,81,78" hai2="18,13,11,45,0,102,106,1,110,67,119,126,96" hai3="14,59,103,64,75,5,69,41,71,94,31,74,97"/><U120/><E120/><V93/><F119/><W15/><G41/><T134/><D36/><U124/><E17/><V10/><F126/><N who="1" m="48745" /><E48/><V38/><F110/><W49/><G31/><T101/><D2/><U117/><E40/><V61/><F106/><W62/><G49/><T39/><D39/><U20/><E20/><V121/><F121/><W16/><G5/><T122/><D134/><U3/><E3/><V98/><F98/><W25/><G25/><T115/><D76/><N who="1" m="46119" /><E117/><V66/><F11/><W108/><G14/><T7/><D101/><U30/><E30/><V42/><REACH who="2" step="1"/><F67/><REACH who="2" ten="156,342,218,274" step="2"/><W92/><G108/><T77/><D122/><U80/><E133/><V88/><F88/><W135/><G135/><T70/><D89/><U52/><E78/><V46/><F46/><W132/><G132/><T32/><D77/><U50/><E130/><V8/><F8/><W35/><G64/><T104/><D104/><U105/><E105/><V85/><F85/><W19/><G97/><T4/><D70/><AGARI ba="0,1" hai="0,1,10,13,18,38,42,45,61,66,70,93,96,102" machi="70" ten="30,2000,0" yaku="1,1,7,1,53,0" doraHai="123" doraHaiUra="118" who="2" fromWho="0" sc="156,-20,342,0,218,30,274,0" /><INIT seed="6,0,0,1,0,13" ten="136,342,248,274" oya="2" hai0="77,40,15,29,30,14,126,130,108,3,120,93,121" hai1="125,124,54,26,9,112,34,101,51,20,57,61,129" hai2="46,70,69,56,114,73,62,117,83,37,132,84,110" hai3="0,27,92,32,131,6,11,122,87,94,98,82,25"/><V2/><F117/><W133/><G122/><T116/><D77/><U135/><E112/><V128/><F73/><W8/><G131/><T5/><D40/><U91/><E129/><V7/><F128/><W50/><G133/><T22/><D93/><U42/><E34/><V18/><F7/><W89/><G94/><T23/><D130/><U68/><E135/><V123/><F2/><W17/><G32/><T24/><D116/><U16/><E101/><V66/><F123/><W71/><G71/><T80/><D80/><U21/><E9/><V75/><F75/><W4/><G50/><T1/><D108/><U97/><E21/><V41/><F114/><W44/><G44/><T72/><D72/><U36/><E91/><V115/><F115/><W78/><REACH who="3" step="1"/><G17/><REACH who="3" ten="136,342,248,264" step="2"/><T111/><D111/><U113/><E113/><V47/><F47/><W109/><G109/><T86/><D86/><U100/><E68/><V39/><F110/><W134/><G134/><T52/><D52/><U119/><E119/><V63/><F132/><W103/><G103/><T88/><D88/><U45/><REACH who="1" step="1"/><E51/><REACH who="1" ten="136,332,248,264" step="2"/><V43/><F37/><W105/><G105/><AGARI ba="0,2" hai="16,20,26,36,42,45,54,57,61,97,100,105,124,125" machi="105" ten="40,8000,1" yaku="1,1,2,1,52,1,54,1,53,0" doraHai="13" doraHaiUra="31" who="1" fromWho="3" sc="136,0,332,100,248,0,264,-80" /><INIT seed="7,0,0,0,2,34" ten="136,432,248,184" oya="3" hai0="29,130,126,38,16,93,107,105,129,23,132,60,72" hai1="61,43,74,117,97,49,53,12,0,99,71,120,50" hai2="8,68,128,121,2,36,22,79,35,52,125,54,88" hai3="131,1,123,3,70,83,57,112,73,85,55,25,21"/><W115/><G123/><T102/><D38/><U14/><E0/><N who="3" m="74" /><G70/><T81/><D29/><U37/><E74/><V65/><F36/><W69/><G69/><T96/><D60/><U90/><E120/><V127/><F79/><W5/><G5/><T39/><D39/><U91/><E117/><V56/><F35/><W82/><G73/><T13/><D132/><U31/><E31/><V4/><F121/><W17/><G85/><T10/><D10/><U48/><E37/><V84/><F54/><W27/><G27/><T67/><D67/><U118/><E118/><V28/><F65/><W94/><G94/><T7/><D7/><U42/><E71/><V18/><F28/><W122/><G122/><T76/><REACH who="0" step="1"/><D126/><REACH who="0" ten="126,432,248,184" step="2"/><U89/><E42/><V95/><F4/><W114/><G131/><AGARI ba="0,1" hai="13,16,23,72,76,81,93,96,102,105,107,129,130,131" machi="131" ten="40,12000,2" yaku="1,1,2,1,19,1,54,1,53,2" doraHai="34" doraHaiUra="100" who="0" fromWho="3" sc="126,130,432,0,248,0,184,-120" owari="256,5.6,432,53.2,248,-15.2,64,-43.6" /></mjloggm>