<mjloggm ver="2.3"><GO type="169" lobby="0"/><UN n0="%E3%81%8B%E3%82%81%E3%81%98%E3%82%8D%E3%81%86" n1="%E5%AE%8C%E5%85%A8%E5%AE%89%E7%89%8C" n2="%73%65%37%37%65%6E" n3="%4D%75%64%46%6C%6F%77" dan="16,17,16,17" rate="2142.20,2140.22,2048.34,2187.06" sx="M,M,M,M"/><TAIKYOKU oya="0"/><INIT seed="0,0,0,4,0,106" ten="250,250,250,250" oya="0" hai0="82,70,112,40,33,109,98,38,89,84,126,76,119" hai1="62,85,117,92,99,120,54,53,104,41,116,60,31" hai2="26,134,3,94,86,6,61,49,71,101,132,57,27" hai3="18,19,25,30,133,105,81,4,75,52,111,91,93"/><T28/><D112/><U102/><E120/><V42/><F71/><W125/><G111/><T90/><D119/><U14/><E41/><V35/><F35/><W47/><G105/><T24/><D126/><U121/><E121/><V79/><F6/><W127/><G4/><T46/><D70/><U68/><E14/><V115/><F3/><W114/><G114/><T55/><D109/><U135/><E135/><N who="2" m="51755" /><F101/><W22/><G133/><T8/><D55/><U50/><E54/><V1/><F1/><W78/><G125/><T65/><D65/><U87/><E31/><V36/><F36/><W77/><G77/><T83/><D8/><U122/><E122/><V29/><F29/><W12/><G127/><T100/><REACH who="0" step="1"/><D82/><REACH who="0" ten="240,250,250,250" step="2"/><U9/><E9/><V16/><F115/><W130/><G81/><T43/><D43/><U45/><E68/><V21/><F42/><W73/><G52/><T20/><D20/><U13/><E53/><V64/><F64/><W56/><G22/><T123/><D123/><U11/><E117/><V48/><F57/><W96/><G56/><T95/><AGARI ba="0,1" hai="24,28,33,38,40,46,76,83,84,89,90,95,98,100" machi="95" ten="20,3900,0" yaku="1,1,0,1,7,1,53,0" doraHai="106" doraHaiUra="63" who="0" fromWho="0" sc="240,49,250,-13,250,-13,250,-13" /><INIT seed="0,1,0,4,1,40" ten="289,237,237,237" oya="0" hai0="27,19,64,81,77,47,125,132,3,35,17,71,4" hai1="26,82,98,74,100,123,86,54,60,59,93,20,68" hai2="89,134,128,95,75,25,52,66,48,11,107,38,99" hai3="91,122,6,102,36,118,62,113,117,46,2,42,110"/><T124/><D132/><U114/><E123/><V73/><F134/><W127/><G113/><T58/><D71/><U121/><E121/><V31/><F38/><W37/><G122/><T43/><D64/><U83/><E114/><V33/><F128/><W29/><G110/><T130/><D58/><U111/><E111/><V32/><F32/><W119/><G127/><N who="0" m="48715" /><D130/><U0/><E0/><V72/><F11/><W90/><G102/><T76/><D35/><U28/><E74/><V30/><F30/><W15/><G36/><N who="0" m="21991" /><D27/><U115/><E115/><V65/><REACH who="2" step="1"/><F107/><REACH who="2" ten="289,237,227,237" step="2"/><W41/><G29/><T57/><D57/><AGARI ba="1,1" hai="25,31,33,48,52,57,65,66,72,73,75,89,95,99" machi="57" ten="40,8000,1" yaku="1,1,2,1,54,1,53,1" doraHai="40" doraHaiUra="22" who="2" fromWho="0" sc="289,-83,237,0,227,93,237,0" /><INIT seed="1,0,0,3,5,103" ten="206,237,320,237" oya="1" hai0="41,12,44,6,31,100,78,76,8,77,133,107,73" hai1="35,84,40,4,61,29,113,118,116,5,128,70,87" hai2="129,57,3,55,47,130,14,114,71,0,117,112,20" hai3="60,109,46,123,95,15,62,37,104,58,69,92,7"/><U110/><E40/><V91/><F71/><W42/><G123/><T25/><D133/><U39/><E39/><V28/><F47/><W121/><G121/><T102/><D73/><U93/><E113/><N who="2" m="43627" /><F117/><W90/><G109/><T26/><D26/><U24/><E128/><N who="2" m="49259" /><F91/><W125/><G125/><T11/><D11/><U106/><E110/><V132/><F132/><W75/><G69/><T30/><D30/><U131/><E131/><V45/><F45/><W88/><G58/><T51/><REACH who="0" step="1"/><D107/><REACH who="0" ten="196,237,320,237" step="2"/><U83/><E106/><V21/><F28/><W66/><G104/><T49/><D49/><U98/><E24/><V124/><F124/><W52/><G37/><T18/><D18/><U56/><E29/><V134/><F134/><W17/><G17/><T65/><D65/><U53/><E4/><V81/><F21/><AGARI ba="0,1" hai="6,8,12,21,25,31,41,44,51,76,77,78,100,102" machi="21" ten="40,2600,0" yaku="1,1,8,1,53,0" doraHai="103" doraHaiUra="54" who="0" fromWho="2" sc="196,36,237,0,320,-26,237,0" /><INIT seed="2,0,0,0,2,106" ten="232,237,294,237" oya="2" hai0="102,21,29,76,132,51,8,107,72,42,130,101,129" hai1="98,38,77,122,112,67,73,59,120,93,69,2,95" hai2="118,60,109,131,5,116,35,110,65,13,125,88,3" hai3="37,39,11,81,34,25,113,55,61,33,36,47,74"/><V97/><F35/><W90/><G113/><T70/><D70/><U108/><E38/><V103/><F125/><W0/><G90/><T86/><D8/><U54/><E2/><V63/><F131/><N who="0" m="50186" /><D132/><U52/><E112/><V26/><F26/><W121/><G121/><N who="1" m="46698" /><E108/><N who="2" m="41579" /><F3/><W117/><G117/><T53/><D42/><U92/><E69/><N who="2" m="42151" /><F63/><W128/><G61/><T119/><D86/><U7/><E7/><V127/><F127/><W41/><G128/><T22/><D119/><U50/><E54/><V78/><F78/><N who="3" m="44247" /><G55/><T111/><D111/><U6/><E6/><V84/><F97/><W126/><G126/><T135/><D135/><U27/><E27/><V68/><F68/><W75/><G25/><T80/><D29/><U91/><E67/><V83/><F103/><N who="0" m="39434" /><D107/><U62/><E62/><V44/><F44/><AGARI ba="0,0" hai="21,22,44,51,53,72,76,80" m="39434,50186" machi="44" ten="30,2000,0" yaku="19,1,52,1" doraHai="106" who="0" fromWho="2" sc="232,20,237,0,294,-20,237,0" /><INIT seed="3,0,0,1,3,92" ten="252,237,274,237" oya="3" hai0="90,93,83,121,60,132,74,65,78,40,2,0,35" hai1="131,113,117,133,27,128,29,84,31,24,95,61,48" hai2="75,122,43,99,22,96,125,32,108,45,37,30,76" hai3="97,119,44,11,25,112,115,80,86,10,101,62,20"/><W63/><G119/><T36/><D121/><U69/><E69/><V73/><F122/><W7/><G44/><T39/><D35/><U21/><E61/><V59/><F108/><W88/><G115/><T26/><D132/><U56/><E113/><V107/><F107/><W91/><G91/><T16/><D2/><U66/><E133/><V123/><F123/><W134/><G112/><T57/><D0/><U33/><E117/><V126/><F32/><W8/><G7/><T89/><D40/><U81/><E95/><V130/><F59/><W120/><G120/><T46/><D46/><U34/><E21/><V3/><F3/><W49/><G49/><T6/><D6/><U14/><E14/><V71/><F71/><W129/><G129/><T53/><D65/><U116/><E116/><V12/><F130/><W127/><G127/><N who="2" m="48649" /><F76/><W85/><G85/><T118/><D90/><U17/><E17/><N who="2" m="10535" /><F30/><W15/><G15/><T77/><D77/><U135/><E135/><V38/><F37/><W42/><G134/><T114/><D118/><U28/><E28/><V47/><F45/><W58/><G58/><T23/><REACH who="0" step="1"/><D114/><REACH who="0" ten="242,237,274,237" step="2"/><U19/><E66/><V98/><AGARI ba="0,1" hai="38,43,47,73,75,96,98,99" m="10535,48649" machi="98" ten="30,7900,0" yaku="18,1,52,3" doraHai="92" who="2" fromWho="2" sc="242,-20,237,-20,274,89,237,-39" /><INIT seed="4,0,0,1,0,12" ten="222,217,363,198" oya="0" hai0="6,25,135,99,126,7,70,32,0,14,56,59,84" hai1="131,61,81,122,3,94,82,69,108,101,106,17,63" hai2="45,15,67,11,24,38,72,4,104,97,95,124,21" hai3="77,18,86,23,62,116,47,130,29,43,26,39,54"/><T79/><D70/><U49/><E108/><V20/><F72/><W125/><G116/><T103/><D126/><U40/><E122/><V31/><F104/><W100/><G125/><T90/><D135/><U19/><E3/><V91/><F124/><W121/><G130/><T51/><D79/><U46/><E106/><V37/><F67/><W2/><G2/><T87/><D0/><U22/><E131/><V57/><F57/><W8/><G121/><T114/><D114/><U109/><E109/><V78/><F78/><W5/><G100/><T105/><D84/><U102/><E69/><V36/><REACH who="2" step="1"/><F21/><REACH who="2" ten="222,217,353,198" step="2"/><W113/><G113/><T117/><D56/><U16/><E22/><V96/><F96/><W129/><G129/><T80/><D117/><U123/><E123/><V65/><F65/><W133/><G77/><T55/><D32/><U128/><E128/><V13/><F13/><W48/><G23/><T41/><D25/><U30/><E30/><V92/><F92/><W98/><G29/><T120/><D120/><U127/><E127/><V118/><F118/><W134/><G26/><T60/><D14/><U74/><E74/><V9/><F9/><W111/><G8/><T83/><D83/><N who="1" m="31755" /><E94/><V88/><F88/><W27/><G111/><T53/><D105/><U42/><E101/><V76/><F76/><W1/><G1/><T75/><D75/><U10/><E102/><V58/><F58/><W50/><G134/><T107/><D107/><U93/><E10/><V85/><F85/><W35/><G133/><T110/><D110/><U33/><E33/><V68/><F68/><RYUUKYOKU ba="0,1" sc="222,-10,217,-10,353,30,198,-10" hai2="4,11,15,20,24,31,36,37,38,45,91,95,97" /><INIT seed="5,1,1,4,2,35" ten="212,207,383,188" oya="1" hai0="52,135,18,86,91,87,20,58,57,119,82,102,113" hai1="124,76,11,53,29,28,4,51,21,115,101,123,7" hai2="62,42,33,77,121,97,114,110,120,96,37,81,38" hai3="109,125,88,64,66,105,32,1,65,24,50,25,100"/><U107/><E123/><V34/><F110/><W127/><G109/><T89/><D119/><U117/><E117/><V26/><F62/><W74/><G74/><T63/><D113/><U48/><E115/><V40/><F81/><W126/><G32/><T131/><D135/><U104/><E124/><V46/><F114/><W36/><G36/><T54/><D131/><U17/><E76/><V80/><F80/><W93/><G1/><T55/><D102/><U31/><E101/><V118/><F118/><W71/><G71/><T22/><D18/><U72/><E72/><V85/><F85/><N who="3" m="52367" /><G50/><T111/><D111/><U90/><E90/><V8/><F77/><W132/><G132/><T15/><D15/><U47/><E48/><V30/><F8/><W45/><G45/><T108/><D108/><U73/><E73/><V84/><F84/><W122/><G122/><T2/><D2/><U23/><E7/><V69/><F69/><W56/><G56/><T75/><D75/><U106/><REACH who="1" step="1"/><E17/><REACH who="1" ten="212,197,383,188" step="2"/><V3/><F120/><W78/><G78/><T99/><D99/><AGARI ba="1,2" hai="24,25,64,65,66,99,100,105,125,126,127" m="52367" machi="99" ten="40,2600,0" yaku="18,1,54,1" doraHai="35" who="3" fromWho="0" sc="212,-29,197,0,383,0,188,49" /><INIT seed="6,0,0,1,5,10" ten="183,197,383,237" oya="2" hai0="12,119,114,68,92,13,108,41,90,96,1,18,129" hai1="104,122,67,69,44,19,0,43,84,126,38,53,88" hai2="107,5,54,7,42,4,71,50,116,103,33,120,40" hai3="45,30,15,93,48,79,70,77,81,35,37,61,3"/><V98/><F116/><W8/><G3/><T59/><D108/><U85/><E126/><V22/><F71/><W109/><G109/><T95/><D68/><U78/><E104/><V27/><F33/><W134/><G37/><T76/><D119/><U75/><E0/><V105/><F105/><W135/><G93/><T58/><D1/><U66/><E122/><V6/><F6/><W123/><G123/><T32/><D32/><U86/><E69/><V89/><F89/><W56/><G70/><T49/><D129/><U124/><E124/><V106/><F106/><W11/><G30/><T102/><D114/><U97/><E53/><V57/><REACH who="2" step="1"/><F120/><REACH who="2" ten="183,197,373,237" step="2"/><W24/><G35/><T115/><D115/><U74/><E88/><V29/><AGARI ba="0,1" hai="4,5,7,22,27,29,40,42,50,54,57,98,103,107" machi="29" ten="30,6000,0" yaku="1,1,2,1,0,1,53,0" doraHai="10" doraHaiUra="63" who="2" fromWho="2" sc="183,-20,197,-20,373,70,237,-20" /><INIT seed="6,1,0,1,3,87" ten="163,177,443,217" oya="2" hai0="70,19,129,72,121,120,38,66,75,134,25,122,12" hai1="42,23,84,115,86,1,56,109,107,58,51,78,94" hai2="112,47,61,26,5,32,91,14,18,133,53,2,117" hai3="119,37,125,3,101,95,49,50,132,126,83,99,114"/><V9/><F117/><W11/><G37/><T97/><D134/><U13/><E1/><V24/><F133/><W39/><G39/><T21/><D129/><U8/><E107/><V27/><F112/><W108/><G108/><T127/><D127/><N who="3" m="48649" /><G119/><T106/><D38/><U59/><E109/><V28/><F91/><W124/><G132/><T88/><D70/><U123/><E123/><V48/><REACH who="2" step="1"/><F61/><REACH who="2" ten="163,177,433,217" step="2"/><W118/><G118/><T57/><D121/><U68/><E115/><V76/><F76/><W43/><G114/><T67/><D122/><U82/><E78/><V41/><F41/><W30/><G43/><T29/><D120/><U46/><E42/><V100/><F100/><W0/><G101/><T90/><D75/><U102/><E102/><V110/><F110/><W73/><G73/><T10/><D72/><U85/><E85/><V20/><AGARI ba="1,1" hai="2,5,9,14,18,20,24,26,27,28,32,47,48,53" machi="20" ten="20,12000,1" yaku="1,1,0,1,7,1,24,2,53,0" doraHai="87" doraHaiUra="63" who="2" fromWho="2" sc="163,-41,177,-41,433,133,217,-41" /><INIT seed="6,2,0,5,2,101" ten="122,136,566,176" oya="2" hai0="46,55,18,132,23,131,99,105,13,111,110,44,87" hai1="78,56,50,79,58,125,117,40,76,109,8,25,16" hai2="37,48,92,119,108,127,62,35,91,94,118,129,1" hai3="49,98,27,26,116,126,22,9,59,17,122,74,107"/><V113/><F91/><W71/><G71/><T133/><D87/><U10/><E117/><V64/><F48/><W83/><G122/><T68/><D68/><U134/><E134/><N who="0" m="51817" /><D131/><U124/><E109/><N who="0" m="41481" /><D55/><N who="1" m="31863" /><E40/><V89/><F62/><W42/><G116/><T112/><D112/><U65/><E124/><V11/><F89/><W115/><G126/><T53/><D53/><U63/><E125/><V73/><F64/><W5/><G115/><T34/><D34/><U93/><E93/><V102/><F92/><W15/><G74/><T32/><D32/><U88/><E88/><V14/><F94/><W47/><G83/><T114/><D114/><U61/><E63/><V31/><F35/><W2/><G59/><T20/><D23/><AGARI ba="2,0" hai="8,10,16,23,25,58,61,65,76,78,79" m="31863" machi="23" ten="30,2000,0" yaku="8,1,54,1" doraHai="101" who="1" fromWho="0" sc="122,-26,136,26,566,0,176,0" /><INIT seed="7,0,0,0,3,84" ten="96,162,566,176" oya="3" hai0="45,64,41,77,95,113,26,34,49,127,105,19,106" hai1="83,0,31,108,134,86,29,110,6,14,42,94,30" hai2="13,91,135,20,22,90,15,9,62,3,117,21,43" hai3="102,11,79,124,78,82,76,48,24,132,72,111,69"/><W52/><G69/><T85/><D127/><U8/><E134/><V101/><F117/><W73/><G132/><T37/><D113/><U54/><E42/><V100/><F43/><W70/><G70/><T97/><D64/><U96/><E0/><V23/><F23/><W120/><G120/><T55/><D77/><U75/><E75/><V40/><F40/><W17/><G124/><T88/><D97/><U126/><E126/><V44/><F44/><W112/><G112/><T56/><REACH who="0" step="1"/><D19/><REACH who="0" ten="86,162,566,176" step="2"/><U130/><E96/><V35/><F135/><W109/><G78/><T4/><D4/><U128/><E6/><V46/><F3/><W65/><G79/><T39/><D39/><U67/><E67/><V131/><F131/><W5/><G65/><T59/><D59/><U125/><E128/><V57/><F46/><W38/><G38/><T103/><D103/><U89/><E130/><V93/><F100/><W119/><G102/><T68/><D68/><U58/><E125/><V18/><F101/><W74/><G5/><T51/><D51/><U92/><E58/><V115/><F57/><W28/><G72/><T7/><D7/><U81/><E108/><V1/><F1/><W66/><G66/><T99/><D99/><U123/><E110/><V32/><F115/><W25/><G74/><T36/><D36/><U2/><E2/><V71/><F71/><W27/><G109/><T47/><D47/><U98/><E98/><V10/><F18/><W61/><G111/><T133/><D133/><U12/><E123/><V33/><F62/><W129/><G129/><T116/><D116/><RYUUKYOKU ba="0,1" sc="86,30,162,-10,566,-10,176,-10" hai0="26,34,37,41,45,49,55,56,85,88,95,105,106" owari="116,-38.4,152,-24.8,566,66.6,166,-3.4" /></mjloggm>