<mjloggm ver="2.3"><GO type="169" lobby="0"/><UN n0="%E3%81%AA%E3%81%BE%E3%81%8B%E3%82%84%E3%81%95%E3%81%AA%E3%81%9F" n1="%E3%83%8E%E3%82%AA%E3%83%81%E3%83%A3%E3%83%99%E3%82%B9" n2="%6B%E3%81%AE" n3="%43%68%65" dan="16,16,17,16" rate="2187.23,2135.69,2229.40,2087.62" sx="M,M,M,M"/><TAIKYOKU oya="0"/><INIT seed="0,0,0,5,4,23" ten="250,250,250,250" oya="0" hai0="62,87,89,45,27,86,35,133,56,24,127,131,115" hai1="61,10,9,49,58,107,69,130,82,108,120,1,22" hai2="53,50,12,46,13,3,99,124,36,41,95,91,132" hai3="72,123,25,42,33,0,102,40,110,92,30,84,11"/><T113/><D131/><U118/><E107/><V97/><F3/><W67/><G72/><T29/><D133/><U101/><E101/><V71/><F132/><W14/><G0/><T128/><D128/><U43/><E130/><V81/><F124/><W74/><G74/><T18/><D127/><U79/><E118/><V76/><F71/><W54/><G110/><T88/><D45/><U47/><E120/><V93/><F36/><W52/><G67/><T6/><D6/><U73/><E108/><V65/><F65/><W5/><G123/><T111/><D111/><U60/><E1/><V103/><REACH who="2" step="1"/><F41/><REACH who="2" ten="250,250,240,250" step="2"/><W114/><G114/><T122/><D122/><U100/><E69/><V106/><F106/><W44/><G42/><T17/><D56/><U134/><E134/><V119/><F119/><W26/><G40/><T105/><D105/><U90/><E58/><V66/><F66/><W57/><G57/><T38/><D38/><U85/><E43/><V129/><F129/><W83/><G44/><T21/><D62/><U78/><E61/><V2/><F2/><W28/><G92/><T77/><D77/><U75/><E78/><V8/><F8/><W98/><G11/><T121/><D121/><U19/><E60/><V48/><F48/><W126/><G126/><T32/><D21/><U116/><E49/><V104/><F104/><W34/><G34/><T7/><D7/><U64/><E47/><V16/><F16/><W39/><G39/><T70/><D70/><U109/><E116/><V55/><F55/><W94/><G33/><T4/><D4/><U37/><E109/><RYUUKYOKU ba="0,1" sc="250,15,250,-15,240,15,250,-15" hai0="17,18,24,27,29,32,35,86,87,88,89,113,115" hai2="12,13,46,50,53,76,81,91,93,95,97,99,103" /><INIT seed="0,1,1,1,1,94" ten="265,235,255,235" oya="0" hai0="121,5,29,2,110,76,59,122,42,14,11,115,69" hai1="34,130,38,73,63,119,55,6,99,57,27,78,72" hai2="0,40,35,36,39,61,135,71,83,9,22,85,126" hai3="13,25,92,43,109,26,107,3,88,97,116,64,114"/><T17/><D69/><U46/><E119/><V48/><F35/><W108/><G3/><T12/><D115/><U91/><E6/><V41/><F135/><W45/><G116/><T134/><D134/><U20/><E34/><V87/><F126/><W105/><G114/><T123/><D110/><N who="3" m="42601" /><G64/><T52/><D42/><U100/><E91/><V80/><F22/><W133/><G13/><T93/><D29/><U101/><E101/><V132/><F132/><W47/><G47/><T19/><D76/><U81/><E46/><V66/><F48/><N who="3" m="26687" /><G133/><T75/><D75/><U51/><E38/><V23/><F39/><W44/><G44/><T8/><D93/><U129/><E73/><V4/><F36/><W111/><N who="3" m="42609" /><W112/><DORA hai="125" /><G112/><T10/><REACH who="0" step="1"/><D122/><REACH who="0" ten="255,235,255,235" step="2"/><U117/><E117/><V62/><F41/><W56/><G56/><T58/><D58/><U79/><E79/><V90/><F40/><W49/><G107/><T15/><D15/><U54/><E51/><AGARI ba="1,2" hai="2,5,8,10,11,12,14,17,19,51,52,59,121,123" machi="51" ten="30,12000,1" yaku="1,1,7,1,9,1,54,1,53,1" doraHai="94,125" doraHaiUra="102,53" who="0" fromWho="1" sc="255,143,235,-123,255,0,235,0" /><INIT seed="0,2,0,4,0,12" ten="398,112,255,235" oya="0" hai0="127,119,113,62,103,71,23,88,1,26,28,47,94" hai1="130,115,121,43,22,95,63,39,82,68,49,37,67" hai2="59,104,79,80,87,50,38,74,92,126,16,123,27" hai3="10,48,60,17,42,129,105,51,118,131,111,72,19"/><T33/><D113/><U18/><E121/><V40/><F123/><W8/><G105/><T57/><D127/><U98/><E115/><V93/><F104/><W7/><G72/><T135/><D135/><U99/><E130/><N who="3" m="49674" /><G118/><T41/><D119/><U117/><E117/><V120/><F120/><W101/><G101/><T9/><D71/><U122/><E122/><V58/><F126/><W85/><G85/><T109/><D109/><U81/><E49/><N who="3" m="19018" /><G111/><T66/><D103/><U61/><E61/><V6/><F6/><W5/><G60/><T3/><D9/><N who="3" m="3689" /><G42/><T83/><D83/><U77/><E43/><V11/><F74/><W55/><G55/><T14/><D14/><U76/><E82/><V56/><F50/><W114/><G114/><T89/><D33/><U0/><E0/><V70/><F70/><W134/><G134/><T102/><D102/><U86/><E77/><V84/><F84/><W128/><N who="3" m="49682" /><W132/><DORA hai="110" /><G132/><T20/><D20/><U69/><E69/><V29/><F11/><W35/><G35/><T73/><D73/><U46/><E46/><V65/><F87/><W13/><G13/><T54/><D54/><U2/><E2/><V21/><F80/><W78/><G78/><T36/><REACH who="0" step="1"/><D89/><REACH who="0" ten="388,112,255,235" step="2"/><U96/><REACH who="1" step="1"/><E95/><REACH who="1" ten="388,102,255,235" step="2"/><V100/><F93/><W116/><G116/><T97/><AGARI ba="2,2" hai="1,3,23,26,28,36,41,47,57,62,66,88,94,97" machi="97" ten="20,18000,2" yaku="1,1,2,1,0,1,7,1,54,1,53,2" doraHai="12,110" doraHaiUra="31,32" who="0" fromWho="0" sc="388,206,102,-62,255,-62,235,-62" /><INIT seed="0,3,0,3,3,126" ten="594,40,193,173" oya="0" hai0="64,101,23,49,15,66,57,87,24,124,48,115,72" hai1="46,45,80,75,105,119,21,25,103,83,71,2,68" hai2="108,38,40,95,69,88,5,132,11,77,79,104,44" hai3="121,130,78,28,33,74,50,3,111,36,14,34,10"/><T51/><D115/><U110/><E2/><V76/><F104/><W97/><G36/><T17/><D124/><U31/><E119/><V125/><F125/><W32/><G3/><T26/><D72/><U120/><E120/><V122/><F122/><W53/><G121/><T133/><D133/><U90/><E110/><V86/><F69/><W109/><G97/><T56/><D101/><U99/><E71/><V59/><F108/><N who="3" m="41547" /><G78/><T129/><D129/><U41/><E68/><V37/><F59/><N who="0" m="22602" /><D87/><U8/><E8/><V1/><REACH who="2" step="1"/><F132/><REACH who="2" ten="594,40,183,173" step="2"/><W65/><G65/><AGARI ba="3,1" hai="15,17,23,24,26,48,49,51,64,65,66" m="22602" machi="65" ten="30,1500,0" yaku="8,1" doraHai="126" who="0" fromWho="3" sc="594,34,40,0,183,0,173,-24" /><INIT seed="0,4,0,2,5,77" ten="628,40,183,149" oya="0" hai0="31,19,38,87,64,116,9,54,43,118,49,62,75" hai1="24,70,63,94,65,46,42,8,53,111,126,52,117" hai2="48,110,130,41,123,124,32,95,96,5,37,10,33" hai3="79,127,68,30,27,23,125,6,55,61,135,131,81"/><T29/><D75/><U106/><E106/><V132/><F123/><W74/><G6/><T17/><D38/><U105/><E105/><V58/><F110/><W119/><G119/><T72/><D72/><U134/><E117/><V66/><F130/><W85/><G131/><T98/><D43/><U3/><E111/><V128/><F128/><W80/><G135/><T14/><D116/><U0/><E134/><V114/><F114/><W129/><G129/><T104/><D118/><U86/><E24/><V21/><F124/><N who="3" m="47691" /><G55/><T50/><D50/><U11/><E126/><V13/><F132/><W7/><G7/><T73/><D73/><U93/><E3/><V57/><F37/><W121/><G121/><T91/><D19/><U44/><E0/><V108/><F108/><W122/><G122/><T102/><D62/><U133/><E133/><V107/><F107/><W90/><G61/><T2/><D64/><U59/><E70/><AGARI ba="4,0" hai="23,27,30,68,70,74,79,80,81,85,90" m="47691" machi="70" ten="30,3900,0" yaku="18,1,52,2" doraHai="77" who="3" fromWho="1" sc="628,0,40,-51,183,0,149,51" owari="628,72.8,-11,-51.1,183,-21.7,200,0.0" /></mjloggm>