<mjloggm ver="2.3"><GO type="169" lobby="0"/><UN n0="%E5%B3%B6%E7%94%B0%E7%9C%9F%E5%A4%A2" n1="%45%7A%61%6B%69" n2="%63%68%69%73%73" n3="%6B%75%73%73%79" dan="16,16,16,17" rate="2168.69,2044.33,2171.07,2161.70" sx="F,M,M,M"/><TAIKYOKU oya="0"/><INIT seed="0,0,0,4,4,25" ten="250,250,250,250" oya="0" hai0="135,104,132,67,109,47,82,125,89,34,93,35,72" hai1="85,50,81,0,107,58,27,12,99,54,73,106,52" hai2="63,28,4,116,19,108,111,74,68,9,112,91,23" hai3="113,77,118,3,95,80,119,83,51,46,33,79,75"/><T38/><D104/><U78/><E0/><V66/><F74/><W61/><G113/><T115/><D115/><U37/><E37/><V88/><F112/><W70/><G3/><T30/><D67/><U59/><E73/><V44/><F116/><W134/><G33/><T39/><D125/><U133/><E133/><N who="0" m="51273" /><D109/><N who="2" m="42058" /><F44/><W36/><G36/><N who="0" m="13867" /><D47/><U14/><E27/><N who="2" m="16511" /><F19/><W124/><G124/><T65/><D65/><U20/><E20/><V71/><F71/><W123/><G134/><T62/><D62/><U102/><REACH who="1" step="1"/><E107/><REACH who="1" ten="250,240,250,250" step="2"/><V32/><F32/><W76/><G75/><T92/><D72/><U15/><E15/><AGARI ba="0,1" hai="4,9,15,63,66,68,88,91" m="16511,42058" machi="15" ten="30,3900,0" yaku="14,1,52,1,54,1" doraHai="25" who="2" fromWho="1" sc="250,0,240,-39,250,49,250,0" /><INIT seed="1,0,0,3,3,113" ten="250,201,299,250" oya="1" hai0="100,88,81,82,90,34,61,55,104,79,87,24,77" hai1="18,8,45,96,106,3,98,75,115,86,48,64,67" hai2="103,43,29,20,74,60,12,132,91,80,78,68,114" hai3="14,57,123,93,62,27,46,84,9,4,125,40,133"/><U134/><E115/><V42/><F132/><W72/><G72/><T83/><D34/><U33/><E75/><V120/><F120/><W21/><G123/><T71/><D71/><U95/><E33/><V117/><F114/><W32/><G32/><T107/><D24/><U118/><E134/><V28/><F103/><W41/><G133/><T121/><D121/><U7/><E106/><N who="0" m="40489" /><D55/><U135/><E135/><V0/><F0/><W59/><G125/><T2/><D61/><U76/><E18/><V15/><F42/><W66/><G59/><T44/><D44/><U119/><E76/><N who="0" m="29257" /><D2/><U17/><E86/><V54/><F43/><W53/><G46/><T131/><D131/><U6/><E98/><V56/><F68/><W130/><G130/><T94/><D100/><U70/><E7/><V73/><F54/><W65/><G40/><T23/><D23/><U58/><E70/><V52/><F15/><W101/><G41/><T97/><AGARI ba="0,0" hai="81,82,83,87,88,90,94,97" m="29257,40489" machi="97" ten="30,12000,2" yaku="35,5,54,1" doraHai="113" who="0" fromWho="0" sc="250,120,201,-60,299,-30,250,-30" /><INIT seed="2,0,0,5,1,65" ten="370,141,269,220" oya="2" hai0="24,96,106,76,23,0,61,28,55,84,29,121,58" hai1="36,130,81,87,25,54,70,47,110,53,90,126,22" hai2="83,63,80,103,67,43,117,109,82,9,78,131,4" hai3="12,32,119,77,52,16,21,27,128,113,26,125,6"/><V66/><F117/><W41/><G119/><T3/><D121/><U39/><E110/><V48/><F131/><W50/><G128/><T18/><D0/><U13/><E130/><V72/><F103/><W101/><G125/><T19/><D3/><U2/><E2/><V107/><F107/><W133/><G133/><T42/><D42/><U120/><E126/><V46/><F109/><W98/><G113/><T104/><D104/><U44/><E120/><V74/><F67/><W89/><G77/><T93/><D106/><U94/><E70/><V118/><F118/><W86/><G41/><T59/><D18/><U49/><E13/><V51/><F51/><W122/><G32/><T7/><D7/><U69/><E69/><V85/><F74/><W91/><G122/><T71/><D71/><U11/><E11/><V37/><F72/><W35/><G35/><T127/><D127/><U105/><E105/><V88/><F37/><W31/><G6/><T134/><D134/><U124/><E124/><V116/><F116/><W14/><G101/><N who="0" m="60559" /><D59/><U73/><E73/><V112/><F112/><W57/><G98/><T30/><D84/><U114/><E114/><V132/><F132/><W79/><G12/><T45/><D45/><U40/><E36/><V33/><F33/><W102/><G102/><T20/><D76/><U108/><E108/><V60/><F78/><W111/><G111/><T68/><D68/><U10/><E10/><V115/><F115/><W15/><G79/><T100/><D100/><U56/><E39/><V38/><F38/><W5/><G5/><T123/><D123/><RYUUKYOKU ba="0,0" sc="370,30,141,-10,269,-10,220,-10" hai0="19,20,23,24,28,29,30,55,58,61" /><INIT seed="3,1,0,4,0,13" ten="400,131,259,210" oya="3" hai0="119,51,18,23,80,17,73,20,88,36,37,26,130" hai1="111,107,15,99,42,108,117,87,52,112,97,115,47" hai2="72,14,67,39,54,128,127,59,93,19,85,2,3" hai3="8,121,120,77,102,91,1,90,28,60,116,123,61"/><W126/><G116/><T50/><D119/><U55/><E107/><V32/><F72/><W134/><G77/><T132/><D132/><U110/><E117/><V100/><F39/><W84/><G134/><T70/><D70/><U25/><E25/><V57/><F128/><W69/><G102/><T62/><D130/><U22/><E87/><V114/><F114/><W33/><G126/><T27/><D73/><U49/><E99/><V68/><F32/><W6/><G69/><T31/><D62/><U21/><E97/><V63/><F127/><W58/><G60/><T106/><D106/><U66/><E22/><V78/><F100/><W101/><G101/><T104/><D104/><U122/><E66/><V95/><F68/><W89/><G28/><N who="0" m="17479" /><D37/><U38/><E15/><V133/><F133/><W35/><REACH who="3" step="1"/><G84/><REACH who="3" ten="400,131,259,200" step="2"/><N who="0" m="50183" /><D36/><U16/><E122/><V0/><F78/><W24/><G24/><T103/><D103/><U74/><E74/><V135/><F135/><W86/><G86/><T125/><D125/><U40/><E115/><V4/><F85/><W34/><G34/><T124/><D124/><U109/><E112/><V41/><F63/><W129/><G129/><T53/><D51/><U11/><E111/><V44/><F93/><W76/><G76/><T56/><AGARI ba="1,1" hai="17,18,23,27,31,50,53,56" m="50183,17479" machi="56" ten="30,7900,0" yaku="8,1,52,2,54,1" doraHai="13" who="0" fromWho="0" sc="400,92,131,-21,259,-21,200,-40" /><INIT seed="4,0,0,0,4,107" ten="492,110,238,160" oya="0" hai0="23,103,16,72,32,115,6,29,92,2,13,9,35" hai1="30,80,126,4,108,1,24,0,134,39,34,21,50" hai2="54,17,93,122,27,20,119,18,33,132,109,99,41" hai3="130,133,95,37,28,124,61,82,102,25,111,67,66"/><T11/><D72/><U114/><E108/><V104/><F109/><W52/><G111/><T63/><D63/><U135/><E39/><V43/><F122/><W60/><G37/><T38/><D38/><U74/><E50/><V73/><F104/><W86/><G124/><T26/><D92/><U105/><E126/><V48/><F132/><N who="1" m="50729" /><E105/><V84/><F119/><W36/><G36/><T7/><D103/><U59/><E59/><V58/><F73/><W42/><G42/><T101/><D101/><U45/><E45/><V85/><F18/><W31/><G130/><T22/><D115/><U51/><E51/><V19/><F19/><W96/><G133/><T81/><REACH who="0" step="1"/><D81/><REACH who="0" ten="482,110,238,160" step="2"/><U47/><E114/><V44/><F93/><W3/><G60/><T77/><D77/><U129/><E80/><V87/><F48/><W12/><G67/><T97/><D97/><U57/><E74/><V64/><F99/><W5/><G66/><T91/><D91/><U40/><E129/><V94/><F64/><W56/><G82/><T75/><D75/><U69/><E69/><V10/><F94/><W110/><G110/><T46/><D46/><U131/><E47/><V117/><F44/><W53/><G86/><T76/><D76/><U68/><E131/><V83/><F83/><W106/><G95/><T123/><D123/><U116/><E68/><V128/><F128/><W89/><G89/><T98/><D98/><U121/><E121/><V65/><F65/><W90/><G90/><T127/><D127/><U70/><E70/><V49/><F85/><W78/><G78/><T8/><D8/><RYUUKYOKU ba="0,1" sc="482,30,110,-10,238,-10,160,-10" hai0="2,6,7,9,11,13,16,22,23,26,29,32,35" /><INIT seed="4,1,1,4,5,128" ten="512,100,228,150" oya="0" hai0="100,74,124,83,9,79,31,25,87,129,68,50,86" hai1="106,47,115,38,118,7,101,10,41,45,49,53,78" hai2="121,30,120,32,91,119,59,114,84,1,36,34,70" hai3="28,42,80,116,6,63,8,37,48,0,52,96,102"/><T93/><D68/><U64/><E118/><V127/><F70/><W132/><G116/><T44/><D129/><U51/><E78/><V82/><F119/><W17/><G28/><T99/><D124/><U71/><E106/><V130/><F127/><W135/><G63/><T58/><D9/><U105/><E105/><V62/><F114/><W24/><G37/><T57/><D86/><U92/><E115/><V94/><F36/><W85/><G42/><T23/><REACH who="0" step="1"/><D74/><REACH who="0" ten="502,100,228,150" step="2"/><U19/><E71/><V89/><F130/><W54/><G85/><T26/><D26/><U133/><E10/><V112/><F84/><W113/><G113/><T104/><D104/><U125/><E125/><V2/><F112/><W109/><G109/><T107/><D107/><U40/><E7/><V18/><F120/><W90/><G24/><T12/><D12/><U69/><E69/><V61/><F121/><W16/><G8/><T29/><D29/><U117/><E117/><V56/><F30/><W33/><G6/><T3/><D3/><U97/><E19/><V131/><F18/><W27/><G0/><T126/><D126/><U60/><E97/><V65/><F131/><W55/><G17/><T13/><D13/><U5/><E5/><V123/><F123/><W4/><G4/><T75/><D75/><U108/><E108/><V66/><F1/><W110/><G110/><T122/><D122/><U88/><E38/><V20/><F2/><W11/><G11/><T46/><D46/><U43/><E47/><V77/><F56/><W111/><G16/><T67/><D67/><N who="2" m="25610" /><F59/><W15/><G15/><RYUUKYOKU ba="1,2" sc="502,30,100,-10,228,-10,150,-10" hai0="23,25,31,44,50,57,58,79,83,87,93,99,100" /><INIT seed="4,2,2,3,2,124" ten="532,90,218,140" oya="0" hai0="65,97,54,14,62,45,60,120,113,101,71,75,29" hai1="133,56,32,99,102,57,9,126,64,86,67,119,117" hai2="22,80,27,18,121,79,59,85,35,66,25,135,34" hai3="4,23,2,94,28,72,11,76,12,106,20,49,46"/><T84/><D120/><U83/><E32/><V82/><F135/><W55/><G106/><T110/><D75/><U51/><E126/><V38/><F121/><W89/><G72/><T88/><D110/><U42/><E133/><V33/><F38/><W128/><G76/><T105/><D113/><U98/><E9/><V69/><F69/><W90/><G2/><T63/><D29/><U81/><E86/><V30/><F82/><W10/><G128/><T44/><D14/><U123/><E51/><V100/><REACH who="2" step="1"/><F100/><REACH who="2" ten="532,90,208,140" step="2"/><W48/><G28/><T1/><D71/><U8/><E123/><V40/><F40/><W130/><G130/><T68/><D68/><U16/><E42/><V50/><F50/><W108/><G108/><T111/><D111/><U17/><E8/><V19/><F19/><W73/><G73/><T115/><D115/><U7/><E7/><V132/><F132/><W13/><G49/><T26/><D101/><AGARI ba="2,3" hai="16,17,56,57,64,67,81,83,98,99,101,102,117,119" machi="101" ten="25,3200,0" yaku="22,2,54,1" doraHai="124" who="1" fromWho="0" sc="532,-38,90,68,208,0,140,0" /><INIT seed="5,0,0,4,5,96" ten="494,158,208,140" oya="1" hai0="33,116,65,114,28,67,80,48,26,106,23,108,53" hai1="94,44,47,61,92,13,29,62,74,95,46,97,20" hai2="122,42,30,58,130,124,43,49,107,31,105,57,5" hai3="121,25,103,125,93,89,78,111,14,18,88,100,115"/><U69/><E74/><V90/><F122/><W52/><G121/><T113/><D116/><U0/><E0/><V99/><F124/><W127/><G111/><T6/><D108/><U56/><E69/><V102/><F130/><W135/><G115/><N who="0" m="44043" /><D106/><U91/><E62/><V60/><F5/><W34/><G78/><T55/><D6/><U68/><E68/><V98/><F90/><N who="3" m="34923" /><G135/><T77/><D33/><U101/><E91/><V11/><F11/><W12/><G93/><T104/><D104/><U134/><E134/><V32/><F32/><W7/><G7/><T133/><D53/><U119/><E119/><V24/><F49/><W36/><G36/><T126/><D126/><N who="3" m="48137" /><G52/><T8/><D8/><U110/><E110/><V1/><F1/><W123/><G123/><T132/><D133/><U75/><E75/><V129/><F129/><W84/><G84/><N who="0" m="48143" /><D132/><U109/><E109/><V3/><F3/><W22/><G34/><T39/><D39/><U81/><E81/><V66/><F66/><W54/><G54/><T71/><D71/><U19/><REACH who="1" step="1"/><E29/><REACH who="1" ten="494,148,208,140" step="2"/><V131/><F31/><W10/><G10/><T72/><D72/><U79/><E79/><V73/><F30/><W128/><G128/><T87/><D87/><U118/><E118/><V82/><F131/><W50/><G50/><T112/><D112/><U9/><E9/><V16/><F73/><W59/><G59/><AGARI ba="0,1" hai="23,26,28,48,55,59,65,67" m="48143,44043" machi="59" ten="30,1000,0" yaku="15,1" doraHai="96" who="0" fromWho="3" sc="494,20,148,0,208,0,140,-10" /><INIT seed="6,0,0,2,5,24" ten="514,148,208,130" oya="2" hai0="1,3,89,30,64,79,112,0,120,119,91,21,82" hai1="12,13,69,7,39,106,129,78,61,115,45,94,33" hai2="73,87,14,124,83,26,118,58,95,66,60,29,53" hai3="32,40,50,37,103,63,72,8,68,42,100,51,35"/><V38/><F124/><W56/><G72/><T46/><D120/><U123/><E106/><V90/><F118/><W134/><G134/><T9/><D119/><U116/><E116/><V71/><F38/><W5/><G68/><T43/><D64/><U54/><E33/><V108/><F108/><W114/><G114/><T93/><D112/><U55/><E115/><V109/><F109/><W59/><G8/><T98/><D89/><U84/><E123/><V110/><F14/><W132/><G132/><T20/><D9/><U102/><E7/><V25/><F25/><W101/><G37/><T128/><D128/><U122/><E69/><V65/><F110/><W28/><G5/><T18/><D18/><U67/><E129/><V52/><F66/><W88/><G88/><T77/><D77/><U70/><E122/><V81/><F53/><W36/><G36/><T15/><D15/><N who="1" m="5707" /><E39/><V31/><F73/><W75/><G75/><T85/><D46/><U22/><E45/><V80/><REACH who="2" step="1"/><F26/><REACH who="2" ten="514,148,198,130" step="2"/><W97/><G40/><T135/><D43/><U104/><E55/><V62/><AGARI ba="0,1" hai="29,31,52,58,60,62,65,71,80,81,83,87,90,95" machi="62" ten="30,18000,2" yaku="1,1,2,1,0,1,52,2,54,1,53,0" doraHai="24" doraHaiUra="17" who="2" fromWho="2" sc="514,-60,148,-60,198,190,130,-60" /><INIT seed="6,1,0,1,0,8" ten="454,88,388,70" oya="2" hai0="45,122,109,77,42,28,134,81,49,64,47,27,132" hai1="9,96,33,113,128,107,133,48,82,25,104,76,52" hai2="36,108,65,40,105,67,102,73,74,50,21,29,51" hai3="84,130,69,120,87,38,15,53,85,86,44,72,0"/><V93/><F108/><W127/><G120/><T95/><D122/><U131/><E113/><V135/><F105/><W2/><G72/><T19/><D95/><U92/><E133/><N who="0" m="51305" /><D64/><U1/><E33/><V23/><F135/><W66/><G127/><T6/><D19/><U39/><E25/><V114/><F114/><W41/><G130/><N who="1" m="49706" /><E39/><V7/><F36/><W16/><N who="3" m="21504" /><DORA hai="57" /><W54/><G66/><T62/><D6/><N who="1" m="1231" /><E82/><V79/><F7/><W115/><G69/><T26/><D109/><U101/><E76/><V56/><F93/><W31/><G31/><T11/><D11/><U14/><E14/><V4/><F4/><W12/><G115/><T126/><D126/><U117/><E117/><V103/><F29/><W118/><G118/><T55/><D28/><U22/><E22/><V125/><F125/><W124/><G124/><T34/><D34/><U59/><AGARI ba="1,0" hai="48,52,59,92,96,101,104,107" m="1231,49706" machi="59" ten="30,2000,0" yaku="19,1,54,1" doraHai="8,57" who="1" fromWho="1" sc="454,-6,88,23,388,-11,70,-6" /><INIT seed="7,0,0,4,0,54" ten="448,111,377,64" oya="3" hai0="125,24,130,30,95,88,135,45,72,43,119,29,5" hai1="4,106,59,120,60,116,31,15,113,73,84,49,121" hai2="127,18,124,102,37,28,123,118,129,128,82,41,64" hai3="76,112,22,42,93,79,23,91,132,46,70,110,85"/><W11/><G70/><T109/><D72/><U19/><E73/><V105/><F28/><W75/><G112/><T78/><D119/><U111/><E106/><V48/><F118/><W63/><G132/><T21/><D78/><U12/><E113/><V108/><F108/><W10/><G110/><T57/><D109/><U61/><E116/><V16/><F37/><W114/><G114/><T50/><D130/><N who="2" m="50282" /><F82/><W68/><G76/><T8/><D125/><N who="2" m="48202" /><F123/><W126/><G126/><T117/><D29/><U7/><E111/><V58/><F102/><W51/><G79/><T0/><D117/><U47/><E31/><V81/><F81/><W44/><G75/><T14/><D0/><U122/><E122/><V77/><F105/><W134/><G134/><T99/><D135/><U35/><E35/><V71/><F71/><W26/><G23/><T133/><D133/><U20/><E20/><V92/><F92/><W103/><G103/><T6/><D6/><U39/><E4/><V52/><F77/><W62/><G44/><T96/><D96/><U66/><E47/><N who="2" m="25711" /><F64/><W27/><G27/><T38/><D38/><U2/><E39/><V74/><F74/><W83/><G83/><T55/><D24/><U101/><E121/><V34/><F34/><W1/><G1/><T86/><D30/><U56/><E2/><V104/><F104/><W65/><REACH who="3" step="1"/><G63/><AGARI ba="0,0" hai="16,18,52,58,63" m="25711,48202,50282" machi="63" ten="30,8000,1" yaku="19,1,18,1,52,1,54,2" doraHai="54" who="2" fromWho="3" sc="448,0,111,0,377,80,64,-80" owari="448,24.8,111,-28.9,457,55.7,-16,-51.6" /></mjloggm>