<mjloggm ver="2.3"><GO type="169" lobby="0"/><UN n0="%E2%98%86%41%64%72%69%61%6E" n1="%E3%83%8A%E3%83%8A%E3%82%A4%E3%83%AD%E3%83%A9%E3%82%A4%E3%83%88%E2%98%86" n2="%45%72%77%69%6E%52%64" n3="%E4%BE%8D" dan="17,16,16,18" rate="2183.43,2093.58,2140.56,2262.11" sx="M,F,M,M"/><TAIKYOKU oya="0"/><INIT seed="0,0,0,4,2,62" ten="250,250,250,250" oya="0" hai0="115,30,19,135,44,71,64,112,104,110,125,81,9" hai1="10,96,21,99,111,52,43,23,55,0,17,54,109" hai2="29,20,123,53,33,105,61,59,132,18,25,69,56" hai3="57,28,12,95,75,124,86,121,36,102,3,51,2"/><T27/><D104/><U49/><E43/><V4/><F123/><W87/><G36/><T114/><D135/><U117/><E49/><V45/><F132/><W106/><G75/><T108/><D125/><U89/><E117/><V116/><F116/><W31/><G106/><T77/><D44/><U8/><E89/><V133/><F133/><W78/><G57/><T50/><D50/><U68/><E68/><V11/><F105/><W113/><G51/><T93/><D93/><U131/><E131/><V15/><F45/><W74/><G12/><T22/><D9/><N who="1" m="3691" /><E17/><V120/><F120/><W82/><G78/><T94/><D94/><U66/><E66/><N who="2" m="41167" /><F53/><W67/><G74/><T107/><D19/><U6/><E6/><V58/><F59/><W7/><G7/><T1/><D1/><AGARI ba="0,0" hai="1,4,11,15,18,20,25,29,33,56,58" m="41167" machi="1" ten="30,2000,0" yaku="24,1,52,1" doraHai="62" who="2" fromWho="0" sc="250,-20,250,0,250,20,250,0" /><INIT seed="1,0,0,4,4,129" ten="230,250,270,250" oya="1" hai0="48,105,109,133,112,5,100,116,1,43,71,27,40" hai1="33,92,89,101,74,59,15,57,120,84,6,115,20" hai2="123,72,126,70,36,34,45,41,90,52,31,87,104" hai3="68,132,50,94,83,49,78,64,17,14,62,38,44"/><U117/><E115/><V79/><F123/><W106/><G106/><T118/><D112/><U135/><E120/><V63/><F104/><W21/><G94/><T54/><D71/><U29/><E117/><V58/><F126/><W11/><G38/><T22/><D109/><U55/><E74/><V97/><F97/><W56/><G68/><T102/><D5/><U25/><E101/><V114/><F114/><W73/><G132/><T128/><D1/><U69/><E69/><V60/><F72/><W9/><REACH who="3" step="1"/><G50/><REACH who="3" ten="230,250,270,240" step="2"/><T3/><D48/><U26/><E135/><V127/><F70/><W111/><G111/><T53/><D105/><U12/><E6/><V13/><F127/><W98/><G98/><T75/><D133/><U66/><E66/><V131/><F131/><W28/><G28/><T91/><D128/><U96/><E96/><V42/><F31/><W7/><G7/><T85/><D118/><U19/><REACH who="1" step="1"/><E59/><REACH who="1" ten="230,240,270,240" step="2"/><V108/><F58/><W61/><G61/><AGARI ba="0,2" hai="12,15,19,20,25,26,29,33,55,57,61,84,89,92" machi="61" ten="30,11600,0" yaku="1,1,2,1,7,1,53,1" doraHai="129" doraHaiUra="82" who="1" fromWho="3" sc="230,0,240,136,270,0,240,-116" /><INIT seed="1,1,0,5,5,91" ten="230,376,270,124" oya="1" hai0="42,132,97,62,80,8,105,108,103,126,44,48,101" hai1="79,124,109,20,16,69,30,36,9,88,131,106,120" hai2="56,135,64,14,68,13,112,59,60,46,95,98,111" hai3="38,73,63,50,2,3,21,72,24,84,104,49,27"/><U25/><E120/><V116/><F116/><W94/><G104/><T85/><D108/><U90/><E36/><V130/><F111/><W76/><G63/><T26/><D126/><U113/><E113/><V33/><F33/><W86/><G21/><T55/><D132/><U53/><E124/><V127/><F127/><W17/><G76/><T66/><D103/><U125/><E125/><V96/><F135/><W1/><G17/><T122/><D26/><U35/><E109/><V29/><F29/><W6/><G6/><T121/><D42/><U71/><E106/><V78/><F78/><W115/><G2/><T4/><D80/><U92/><E79/><V41/><F98/><W114/><REACH who="3" step="1"/><G38/><REACH who="3" ten="230,376,270,114" step="2"/><T75/><D62/><U34/><E34/><V134/><F134/><W89/><G89/><T110/><D105/><U45/><E90/><V87/><F112/><W11/><G11/><T70/><D8/><U19/><E9/><V18/><F13/><W117/><G117/><T61/><D4/><U99/><E19/><V128/><F14/><W100/><G100/><T74/><D110/><U102/><E102/><V15/><F15/><W12/><G12/><T22/><D22/><U67/><E67/><V133/><F18/><W129/><G129/><T54/><D101/><U93/><E131/><V7/><F133/><W81/><G81/><T65/><D66/><U57/><E20/><V51/><F7/><W40/><G40/><T43/><D65/><U28/><E16/><V119/><F119/><W10/><G10/><T5/><D5/><U37/><E37/><V77/><F128/><RYUUKYOKU ba="1,1" sc="230,-10,376,-10,270,-10,114,30" hai3="1,3,24,27,49,50,72,73,84,86,94,114,115" /><INIT seed="2,2,1,3,0,20" ten="220,366,260,144" oya="2" hai0="130,18,91,101,7,49,135,12,9,74,63,113,104" hai1="87,99,111,46,70,131,103,28,116,88,95,122,94" hai2="34,114,44,82,42,90,73,53,37,59,66,4,93" hai3="62,105,26,43,21,32,78,41,71,60,31,1,38"/><V25/><F114/><W83/><G1/><T92/><D113/><U6/><E116/><V118/><F118/><W106/><G21/><T0/><D74/><U29/><E111/><V108/><F66/><W120/><G120/><T3/><D130/><U17/><E131/><V97/><F108/><W48/><G48/><T112/><D112/><U15/><E70/><V117/><F117/><W81/><G81/><T39/><D39/><U134/><E134/><V76/><F4/><W98/><G62/><T133/><D63/><U16/><E122/><V75/><F75/><N who="3" m="43487" /><G43/><T129/><D129/><U123/><E123/><V47/><F47/><N who="3" m="23991" /><G98/><N who="0" m="61495" /><D49/><U127/><E46/><V79/><F79/><W68/><G68/><T8/><D0/><U27/><E127/><V56/><REACH who="2" step="1"/><F53/><REACH who="2" ten="220,366,250,144" step="2"/><W110/><G110/><T22/><D7/><U132/><E6/><V67/><F67/><AGARI ba="2,2" hai="26,31,32,60,67,71,105,106" m="23991,43487" machi="67" ten="30,3900,0" yaku="33,2,52,1" doraHai="20" who="3" fromWho="2" sc="220,0,366,0,250,-45,144,65" /><INIT seed="3,0,0,4,0,12" ten="220,366,205,209" oya="3" hai0="62,132,91,134,43,84,129,8,107,13,53,130,16" hai1="85,113,88,102,95,117,45,39,59,18,135,104,80" hai2="41,21,120,58,40,1,70,103,81,3,99,61,4" hai3="47,64,123,90,101,30,27,93,109,106,66,51,131"/><W44/><G123/><T89/><D107/><U20/><E113/><V32/><F32/><W49/><G131/><N who="0" m="50187" /><D43/><U55/><E135/><N who="0" m="51753" /><D84/><U37/><E117/><V35/><F35/><W78/><G78/><T5/><D5/><U119/><E119/><V124/><F70/><W114/><G114/><T52/><D62/><U19/><E104/><V128/><F120/><W25/><G101/><T17/><D17/><N who="1" m="6155" /><E39/><V105/><F40/><W14/><G106/><T74/><D74/><U83/><E37/><V56/><F41/><W112/><G112/><T76/><D76/><U34/><E34/><V98/><F4/><W69/><G69/><T125/><D125/><U50/><E20/><V118/><F21/><W33/><G90/><AGARI ba="0,0" hai="8,13,16,52,53,89,90,91" m="51753,50187" machi="90" ten="30,8000,1" yaku="19,1,20,1,52,1,54,2" doraHai="12" who="0" fromWho="3" sc="220,80,366,0,205,0,209,-80" /><INIT seed="4,0,0,0,2,90" ten="300,366,205,129" oya="0" hai0="24,119,80,30,26,16,57,110,116,51,123,126,45" hai1="39,3,18,78,108,28,93,27,87,134,100,52,41" hai2="63,15,2,40,98,132,128,32,60,103,36,49,111" hai3="117,17,81,62,53,56,127,35,92,97,11,37,70"/><T120/><D126/><U64/><E108/><V14/><F111/><W130/><G117/><T86/><D110/><U99/><E134/><V88/><F2/><W22/><G127/><T21/><D57/><U10/><E64/><V121/><F121/><W13/><G130/><T114/><D114/><U105/><E39/><V73/><F73/><W58/><G35/><T102/><D102/><U20/><E41/><V29/><F36/><W31/><G37/><T46/><D46/><U5/><E78/><V0/><F0/><W131/><G131/><T4/><D4/><U12/><E87/><V104/><F128/><W65/><G81/><T38/><D38/><U67/><E67/><V118/><F132/><W75/><G75/><T124/><D124/><U33/><REACH who="1" step="1"/><E52/><REACH who="1" ten="300,356,205,129" step="2"/><V125/><F40/><W74/><G74/><T8/><D119/><U109/><E109/><V133/><F118/><W54/><G70/><T91/><D116/><U122/><E122/><V55/><F55/><W47/><G47/><T77/><D77/><U107/><AGARI ba="0,1" hai="3,5,10,12,18,20,27,28,33,93,99,100,105,107" machi="107" ten="30,12000,2" yaku="1,1,0,1,24,2,52,1,53,1" doraHai="90" doraHaiUra="96" who="1" fromWho="1" sc="300,-60,356,130,205,-30,129,-30" /><INIT seed="5,0,0,5,1,35" ten="240,486,175,99" oya="1" hai0="127,66,43,118,61,41,93,10,28,107,90,2,105" hai1="113,112,103,92,3,12,6,27,13,102,32,52,125" hai2="75,114,72,77,132,80,119,129,97,24,1,37,16" hai3="40,128,15,33,71,34,31,57,94,60,51,48,7"/><U135/><E135/><V64/><F119/><W21/><G128/><T30/><D118/><U131/><E131/><V86/><F129/><W133/><G133/><T111/><D111/><U36/><E36/><V53/><F132/><W11/><G71/><T99/><D127/><U58/><E125/><V123/><F123/><W87/><G34/><T74/><D74/><U50/><E32/><V55/><F37/><W23/><G33/><T69/><D43/><U18/><E27/><V76/><F64/><W110/><G110/><T78/><D78/><U63/><E63/><V108/><F108/><W124/><G124/><T54/><D41/><U116/><E116/><V65/><F65/><W98/><G87/><T29/><REACH who="0" step="1"/><D54/><REACH who="0" ten="230,486,175,99" step="2"/><U45/><E52/><V68/><F76/><W39/><G40/><T100/><D100/><U19/><E103/><V85/><F77/><W14/><G39/><T121/><D121/><U42/><E102/><V109/><F109/><W9/><G51/><T88/><D88/><U59/><E50/><V122/><F122/><W8/><G48/><T130/><D130/><U84/><E42/><V17/><F55/><W47/><G47/><T79/><D79/><U82/><E45/><V134/><F53/><W104/><G60/><T115/><D115/><U26/><E112/><V62/><F114/><W91/><G57/><T67/><D67/><U126/><E59/><V46/><F46/><W25/><REACH who="3" step="1"/><G104/><REACH who="3" ten="230,486,175,89" step="2"/><T70/><D70/><U0/><E126/><V22/><F68/><W83/><G83/><T101/><D101/><U4/><E58/><V38/><F80/><RYUUKYOKU ba="0,2" sc="230,15,486,-15,175,-15,89,15" hai0="2,10,28,29,30,61,66,69,90,93,99,105,107" hai3="7,8,9,11,14,15,21,23,25,31,91,94,98" /><INIT seed="6,1,2,0,4,72" ten="245,471,160,104" oya="2" hai0="80,5,73,102,45,55,35,15,118,127,18,48,104" hai1="41,93,47,0,23,11,44,30,39,115,111,20,79" hai2="109,53,108,122,28,59,121,38,60,37,131,90,113" hai3="77,85,128,50,103,9,97,58,26,112,25,99,46"/><V75/><F75/><W120/><G120/><N who="2" m="46185" /><F28/><W7/><G128/><T43/><D35/><U83/><E111/><N who="2" m="42571" /><F90/><W70/><G112/><T3/><D104/><U65/><E65/><N who="2" m="39071" /><F131/><W27/><G58/><T106/><D102/><U10/><E30/><V49/><F113/><W42/><G70/><T95/><D106/><U64/><E115/><V132/><F132/><W19/><G19/><T78/><D18/><U2/><E23/><V82/><F82/><N who="3" m="47311" /><G103/><T119/><D80/><U54/><E20/><V88/><F88/><W126/><G126/><T21/><D127/><U40/><E83/><V56/><AGARI ba="1,2" hai="37,38,49,53,56" m="39071,42571,46185" machi="56" ten="30,6000,0" yaku="10,1,34,2" doraHai="72" who="2" fromWho="2" sc="245,-21,471,-21,160,83,104,-21" /><INIT seed="6,2,0,2,0,93" ten="224,450,243,83" oya="2" hai0="35,1,19,42,118,46,22,21,100,36,83,107,51" hai1="6,116,49,126,135,102,130,61,131,13,44,103,15" hai2="95,56,81,29,123,20,27,58,80,106,78,62,86" hai3="47,55,73,3,63,114,11,94,7,26,67,9,52"/><V108/><F123/><W16/><G73/><T120/><D35/><U23/><E116/><V99/><F106/><W129/><G129/><N who="1" m="49162" /><E135/><V37/><F37/><W69/><G114/><T0/><D120/><U77/><E126/><V33/><F108/><W84/><G47/><T105/><D118/><U97/><E77/><V101/><F33/><W88/><REACH who="3" step="1"/><G26/><REACH who="3" ten="224,450,243,73" step="2"/><T59/><D46/><U38/><E44/><V12/><F12/><AGARI ba="2,1" hai="3,7,9,11,12,16,52,55,63,67,69,84,88,94" machi="12" ten="40,8000,1" yaku="1,1,2,1,54,3,53,0" doraHai="93" doraHaiUra="128" who="3" fromWho="2" sc="224,0,450,0,243,-86,73,96" /><INIT seed="7,0,0,2,3,112" ten="224,450,157,169" oya="3" hai0="2,3,60,58,11,44,10,37,128,77,106,20,15" hai1="122,61,32,17,102,94,24,46,135,105,73,5,43" hai2="9,107,4,45,8,104,14,126,101,130,80,133,134" hai3="83,7,54,81,21,13,110,118,62,56,78,53,68"/><W100/><G110/><T89/><D106/><U111/><E111/><V95/><F126/><W12/><G118/><T48/><D37/><U82/><E5/><V109/><F109/><W97/><G68/><T69/><D69/><U19/><E61/><V31/><F130/><W0/><G0/><T27/><D128/><U36/><E122/><V28/><F80/><W120/><G120/><T131/><D77/><U76/><E135/><N who="2" m="51723" /><F95/><N who="3" m="58431" /><G78/><T40/><D89/><U132/><E102/><V64/><F64/><W117/><G117/><T115/><D131/><U16/><E19/><N who="2" m="8647" /><F45/><W49/><G21/><T63/><D20/><U103/><E43/><V85/><F85/><W67/><G67/><T119/><D2/><U96/><E17/><V98/><F107/><W35/><G35/><T57/><D3/><U92/><E32/><V25/><F25/><W23/><G23/><T84/><D27/><U72/><E76/><V39/><F39/><W55/><G13/><AGARI ba="0,0" hai="4,9,13,28,31,98,101,104" m="8647,51723" machi="13" ten="30,1000,0" yaku="20,1" doraHai="112" who="2" fromWho="3" sc="224,0,450,0,157,10,169,-10" owari="224,2.4,450,55.0,167,-23.3,159,-34.1" /></mjloggm>