<mjloggm ver="2.3"><GO type="169" lobby="0"/><UN n0="%E3%81%B8%E3%81%84%E3%81%9E%E3%81%86%E3%81%95%E3%82%93" n1="%67%78%7A" n2="%E3%82%B5%E3%83%96%E3%82%A2%E3%83%A9%E3%83%89" n3="%E2%80%A0%E7%99%BD%E5%85%8E%E2%80%A0" dan="16,18,16,18" rate="2058.87,2265.28,2039.61,2205.19" sx="M,F,M,M"/><TAIKYOKU oya="0"/><INIT seed="0,0,0,5,2,119" ten="250,250,250,250" oya="0" hai0="96,74,108,66,128,125,123,135,48,76,13,38,50" hai1="47,4,63,103,86,91,78,34,95,129,40,44,115" hai2="113,35,11,12,99,57,62,93,87,121,69,104,53" hai3="68,111,46,18,22,89,37,116,67,41,118,49,73"/><T1/><D1/><U23/><E34/><V98/><F113/><W97/><G73/><T131/><D38/><U15/><E115/><V77/><F35/><W84/><G111/><T26/><D108/><U71/><E129/><N who="0" m="49737" /><D135/><U5/><E103/><V56/><F121/><W14/><G97/><T80/><D125/><U106/><E106/><V110/><F110/><W42/><G68/><T17/><D26/><U21/><E78/><V32/><F32/><W114/><G114/><T83/><D66/><U72/><E72/><V65/><F69/><W100/><G100/><T58/><D58/><U107/><E107/><V127/><F104/><W64/><G118/><T31/><D31/><U30/><E30/><V94/><F127/><W126/><G126/><T45/><D123/><U70/><E63/><V20/><F20/><W132/><G132/><T36/><D96/><U7/><E47/><V109/><F109/><W101/><G101/><T61/><D61/><U102/><E102/><V27/><F27/><W75/><G116/><T59/><D59/><U51/><E15/><V130/><F130/><W25/><G25/><T112/><D112/><U88/><E70/><V10/><F99/><W28/><G28/><T117/><D117/><U134/><E71/><V120/><F120/><W24/><G24/><T81/><D36/><U60/><E134/><V9/><F98/><W6/><G67/><T2/><D2/><U54/><E91/><V52/><F12/><W0/><G0/><T8/><D45/><U29/><E29/><V90/><F65/><W43/><G64/><T19/><D19/><RYUUKYOKU ba="0,0" sc="250,15,250,15,250,-15,250,-15" hai0="8,13,17,48,50,74,76,80,81,83" hai1="4,5,7,21,23,40,44,51,54,60,86,88,95" /><INIT seed="0,1,0,1,2,76" ten="265,265,235,235" oya="0" hai0="119,110,49,6,125,60,15,52,75,86,66,62,112" hai1="87,65,9,82,116,7,33,102,29,117,88,94,92" hai2="20,10,114,109,14,83,12,124,95,25,123,96,31" hai3="54,121,128,98,100,19,26,30,68,126,48,67,90"/><T71/><D112/><U36/><E36/><V113/><F123/><W73/><G128/><T56/><D75/><U53/><E65/><V64/><F109/><W122/><G126/><T0/><D0/><U57/><E29/><V17/><F124/><W47/><G73/><T127/><D119/><U22/><E33/><V69/><F69/><W80/><G19/><T42/><D110/><U43/><E43/><V74/><F64/><W129/><G129/><T105/><D105/><U8/><E8/><V45/><F45/><W1/><G1/><T63/><D86/><U40/><E40/><V21/><F14/><W133/><G133/><T104/><D104/><U46/><E46/><V103/><F10/><W32/><G90/><T3/><D3/><U13/><E22/><V11/><F11/><W72/><G80/><T99/><D99/><U5/><E5/><V16/><F31/><W44/><G72/><T38/><D15/><U89/><E102/><V39/><F39/><W120/><G44/><N who="0" m="23639" /><D6/><U84/><REACH who="1" step="1"/><E94/><REACH who="1" ten="265,255,235,235" step="2"/><V70/><F114/><W55/><G55/><N who="0" m="33823" /><D62/><AGARI ba="1,1" hai="7,9,13,53,57,62,82,84,87,88,89,92,116,117" machi="62" ten="30,7700,0" yaku="1,1,7,1,52,1,54,1,53,0" doraHai="76" doraHaiUra="27" who="1" fromWho="0" sc="265,-80,255,90,235,0,235,0" /><INIT seed="1,0,0,5,1,131" ten="185,345,235,235" oya="1" hai0="130,43,53,68,97,27,88,99,84,1,51,62,63" hai1="107,128,129,45,61,10,24,103,120,93,25,67,30" hai2="71,83,39,35,117,40,94,116,8,50,33,70,72" hai3="132,54,101,125,78,98,44,114,4,2,77,87,19"/><U82/><E120/><V29/><F94/><W57/><G114/><T58/><D130/><N who="1" m="50283" /><E107/><V69/><F50/><W118/><G125/><T15/><D1/><U66/><E82/><V21/><F21/><W135/><G118/><N who="2" m="45673" /><F8/><N who="3" m="2071" /><G44/><N who="0" m="26015" /><D68/><U16/><E45/><N who="2" m="23711" /><F29/><W65/><G65/><N who="1" m="24586" /><E61/><V59/><F59/><W6/><G6/><T85/><D63/><U90/><E103/><V46/><F46/><W105/><G19/><T127/><D84/><N who="1" m="52423" /><E30/><V48/><F48/><N who="3" m="30919" /><G87/><T126/><D126/><U0/><E0/><V13/><F13/><AGARI ba="0,0" hai="10,13,16,24,25" m="52423,24586,50283" machi="13" ten="30,2900,0" yaku="19,1,54,1" doraHai="131" who="1" fromWho="2" sc="185,0,345,29,235,-29,235,0" /><INIT seed="1,1,0,4,5,27" ten="185,374,206,235" oya="1" hai0="83,23,7,12,88,122,35,60,111,70,67,26,59" hai1="81,135,69,133,123,94,78,15,113,112,21,110,134" hai2="30,56,73,105,102,121,95,53,129,5,117,79,1" hai3="131,96,99,97,130,3,71,128,37,51,120,119,62"/><U103/><E69/><V47/><F121/><W98/><G37/><T55/><D35/><U4/><E123/><V115/><F117/><W118/><G120/><T46/><D122/><U74/><E4/><V17/><F105/><W9/><G51/><T104/><D111/><U48/><E48/><V68/><F68/><W33/><G33/><T85/><D104/><U44/><E44/><V6/><F47/><W127/><G127/><T20/><D46/><U10/><E10/><V114/><F17/><W84/><G84/><T86/><D86/><U24/><E15/><V11/><F129/><W42/><G42/><T25/><D7/><U89/><E110/><V22/><F6/><N who="3" m="1247" /><G97/><T92/><D83/><U28/><REACH who="1" step="1"/><E103/><REACH who="1" ten="185,364,206,235" step="2"/><V19/><F102/><W0/><G0/><T82/><D70/><U18/><E18/><V90/><F19/><W72/><G71/><T101/><D12/><U40/><E40/><V80/><F56/><W64/><G119/><T8/><D8/><U100/><E100/><V132/><F1/><W57/><G118/><T109/><D109/><U75/><E75/><AGARI ba="1,1" hai="57,62,64,72,75,96,98,99,128,130,131" m="1247" machi="75" ten="40,1300,0" yaku="19,1" doraHai="27" who="3" fromWho="1" sc="185,0,364,-16,206,0,235,26" /><INIT seed="2,0,0,1,1,15" ten="185,348,206,261" oya="2" hai0="7,124,62,69,95,109,96,64,81,117,6,128,88" hai1="49,16,63,48,46,108,37,121,87,57,42,59,105" hai2="39,86,127,51,94,61,92,24,28,78,102,20,22" hai3="132,25,71,107,38,110,65,75,44,45,36,68,114"/><V134/><F39/><N who="3" m="14891" /><G25/><T29/><D109/><U120/><E105/><V41/><F127/><W5/><G5/><T100/><D128/><U17/><E108/><V104/><F134/><W60/><G75/><T27/><D124/><U89/><E48/><V116/><F116/><W14/><G14/><T131/><D131/><U54/><E120/><V26/><F104/><W33/><G33/><T84/><REACH who="0" step="1"/><D117/><REACH who="0" ten="175,348,206,261" step="2"/><U103/><E121/><V2/><F2/><W80/><G110/><T56/><D56/><U9/><E103/><V99/><F61/><W118/><G118/><T0/><D0/><U125/><E125/><V101/><F101/><W30/><G60/><T112/><D112/><U119/><E119/><V19/><F102/><W90/><G114/><T10/><D10/><U83/><E9/><V67/><F67/><AGARI ba="0,1" hai="16,17,37,42,46,49,54,57,59,63,67,83,87,89" machi="67" ten="30,7700,0" yaku="7,1,52,2,54,1" doraHai="15" who="1" fromWho="2" sc="175,0,348,87,206,-77,261,0" /><INIT seed="3,0,0,0,1,96" ten="175,435,129,261" oya="3" hai0="47,71,34,19,129,76,77,44,97,11,24,94,69" hai1="51,57,14,126,29,68,46,122,61,120,41,93,39" hai2="8,123,99,103,63,70,37,43,109,15,81,9,35" hai3="12,75,55,13,28,5,21,133,92,27,95,91,38"/><W114/><G114/><T4/><D129/><U1/><E1/><V119/><F119/><W56/><G133/><T7/><D34/><U64/><E126/><V32/><F109/><W90/><G75/><T73/><D73/><U22/><E93/><V54/><F123/><W53/><G38/><T30/><D71/><U127/><E127/><V102/><F81/><W117/><G117/><T131/><D69/><U82/><E82/><V98/><F70/><W0/><G0/><T10/><D30/><U85/><E85/><V87/><F87/><N who="3" m="52319" /><G55/><T80/><D80/><U40/><E40/><V66/><F66/><W45/><G45/><T130/><D94/><U78/><E78/><V31/><F43/><W60/><G5/><T113/><D97/><AGARI ba="0,0" hai="12,13,21,27,28,53,56,60,91,95,97" m="52319" machi="97" ten="30,1500,0" yaku="8,1" doraHai="96" who="3" fromWho="0" sc="175,-15,435,0,129,0,261,15" /><INIT seed="3,1,0,5,0,130" ten="160,435,129,276" oya="3" hai0="34,101,6,19,27,0,103,106,65,35,88,57,133" hai1="43,82,45,3,56,80,18,31,84,52,42,61,28" hai2="36,4,87,37,110,8,117,96,111,92,25,97,114" hai3="78,90,93,72,122,75,64,11,12,23,24,53,116"/><W74/><G116/><T89/><D65/><U119/><E119/><V47/><F117/><W21/><G122/><T81/><D57/><U71/><E3/><V104/><F114/><W91/><G78/><T15/><D0/><U41/><E71/><V127/><F127/><W55/><G64/><T99/><D6/><U129/><E129/><V102/><F25/><W54/><G93/><T125/><D125/><U67/><E18/><V49/><F87/><W59/><G59/><T131/><D131/><U13/><E13/><V68/><F68/><W1/><G1/><T115/><D115/><U76/><E82/><V60/><F60/><W77/><G77/><T98/><D81/><U85/><E85/><V51/><F51/><AGARI ba="1,0" hai="28,31,41,42,43,45,51,52,56,61,67,76,80,84" machi="51" ten="40,2600,0" yaku="8,1,54,1" doraHai="130" who="1" fromWho="2" sc="160,0,435,29,129,-29,276,0" /><INIT seed="4,0,0,4,5,48" ten="160,464,100,276" oya="0" hai0="113,53,91,38,78,68,104,124,3,115,119,49,107" hai1="112,86,77,126,71,88,8,70,125,121,79,128,5" hai2="75,28,62,33,94,0,65,19,47,43,37,73,36" hai3="110,67,27,39,116,72,131,74,102,52,46,25,118"/><T130/><D119/><U96/><E121/><V45/><F94/><W133/><G110/><T4/><D38/><U14/><E128/><V17/><F0/><W32/><G67/><T60/><D78/><N who="1" m="29707" /><E96/><V92/><F92/><W61/><G102/><T50/><D130/><U55/><E112/><N who="0" m="43081" /><D124/><N who="1" m="47723" /><E55/><V22/><F22/><W82/><G131/><T56/><D91/><U6/><E6/><V106/><F106/><N who="0" m="40490" /><D68/><U81/><AGARI ba="0,0" hai="5,8,14,70,71,81,86,88" m="47723,29707" machi="81" ten="30,2000,0" yaku="18,1,54,1" doraHai="48" who="1" fromWho="1" sc="160,-10,464,20,100,-5,276,-5" /><INIT seed="5,0,0,0,3,43" ten="150,484,95,271" oya="1" hai0="15,117,35,82,95,2,8,61,100,54,37,13,131" hai1="12,24,46,107,42,86,3,127,109,28,50,39,120" hai2="73,108,123,119,70,90,14,121,16,47,30,31,11" hai3="89,58,84,98,88,74,132,65,55,134,32,92,44"/><U63/><E3/><V76/><F108/><W101/><G74/><T10/><D117/><U64/><E120/><V105/><F105/><W96/><G32/><T110/><D35/><U72/><E72/><V113/><F119/><W69/><G69/><T18/><D2/><U40/><E107/><V115/><F70/><W124/><G124/><T23/><D37/><U26/><E127/><V20/><F90/><W118/><G118/><T99/><D131/><U135/><E109/><V66/><F66/><W52/><G89/><T17/><D110/><U21/><E135/><N who="3" m="51754" /><G44/><T75/><D75/><U80/><E12/><V77/><F73/><W122/><G122/><T57/><REACH who="0" step="1"/><D82/><REACH who="0" ten="140,484,95,271" step="2"/><U87/><E80/><V133/><F133/><W125/><G125/><T22/><AGARI ba="0,1" hai="8,10,13,15,17,18,22,23,54,57,61,95,99,100" machi="22" ten="20,12000,2" yaku="1,1,2,1,0,1,7,1,9,1,8,1,53,0" doraHai="43" doraHaiUra="62" who="0" fromWho="0" sc="140,130,484,-60,95,-30,271,-30" /><INIT seed="6,0,0,1,2,113" ten="270,424,65,241" oya="2" hai0="52,135,56,71,85,132,14,72,118,27,13,15,89" hai1="45,53,17,46,65,84,18,2,92,10,38,58,108" hai2="25,91,133,6,83,60,44,106,16,42,114,4,88" hai3="23,61,134,111,90,128,7,131,11,22,125,66,35"/><V20/><F114/><W55/><G111/><T29/><D71/><U24/><E108/><V122/><F122/><W47/><G35/><T101/><D101/><U9/><E65/><V51/><F106/><W126/><G90/><T50/><D72/><U12/><E38/><V93/><F133/><N who="0" m="51274" /><D118/><U129/><E129/><N who="3" m="49738" /><G134/><T102/><D102/><U94/><E2/><V30/><F60/><W112/><G112/><T107/><D107/><U82/><E46/><V3/><F3/><N who="3" m="511" /><G55/><T86/><D89/><U110/><E110/><V115/><F115/><W121/><G47/><T26/><D26/><U32/><E45/><V34/><F83/><W63/><G63/><T119/><D119/><U69/><E69/><V49/><F91/><W95/><G95/><T124/><D124/><N who="3" m="47721" /><G121/><T40/><D40/><U43/><E43/><V1/><F1/><W5/><G5/><T100/><D100/><U28/><E92/><V70/><F70/><AGARI ba="0,0" hai="22,23,61,66,70" m="47721,511,49738" machi="70" ten="30,2000,0" yaku="19,1,18,1" doraHai="113" who="3" fromWho="2" sc="270,0,424,0,65,-20,241,20" /><INIT seed="7,0,0,4,4,127" ten="270,424,45,261" oya="3" hai0="71,84,15,86,74,47,36,125,3,101,126,115,132" hai1="29,42,48,55,19,59,64,79,73,69,70,92,72" hai2="108,7,26,67,87,129,90,27,1,82,128,32,18" hai3="61,93,77,5,43,121,94,62,20,85,23,28,78"/><W58/><G121/><T133/><D3/><U99/><E29/><V10/><F108/><W30/><G43/><N who="0" m="23015" /><D74/><U95/><E19/><V11/><F67/><W112/><G112/><T110/><D110/><U37/><E69/><V116/><F116/><W81/><G5/><T33/><D71/><U21/><E21/><V104/><F104/><W119/><G119/><T130/><D33/><U114/><E114/><V52/><F11/><W124/><G124/><N who="0" m="47723" /><D115/><U75/><E99/><V49/><F32/><W76/><G28/><T40/><D101/><U66/><E79/><N who="3" m="30282" /><G61/><T39/><D15/><U46/><E66/><V4/><F4/><W38/><G38/><T60/><D60/><AGARI ba="0,0" hai="37,42,46,48,55,59,60,64,70,72,73,75,92,95" machi="60" ten="40,2600,0" yaku="24,2" doraHai="127" who="1" fromWho="0" sc="270,-26,424,26,45,0,261,0" owari="244,-15.6,450,55.0,45,-45.5,261,6.1" /></mjloggm>