<mjloggm ver="2.3"><GO type="169" lobby="0"/><UN n0="%E6%9C%A8%E5%8E%9F%E8%B1%AA%E4%B8%80" n1="%32%30%30%E6%88%A6%E5%8D%87%E7%89%B9" n2="%E5%B8%B0%E3%82%8A%E3%81%9F%E3%81%84%E3%80%82" n3="%E8%A6%9A%E9%86%92%E3%81%97%E3%81%9F%E3%81%A8%E3%81%BE%E3%81%A8" dan="17,17,17,17" rate="2147.86,2191.09,2222.98,2241.11" sx="M,M,M,M"/><TAIKYOKU oya="0"/><INIT seed="0,0,0,2,0,128" ten="250,250,250,250" oya="0" hai0="37,93,103,62,70,126,130,106,124,30,16,25,96" hai1="49,39,42,51,40,117,74,99,41,31,22,48,77" hai2="20,15,94,102,59,108,71,12,56,28,85,35,112" hai3="1,73,81,113,26,69,134,127,75,46,6,19,4"/><T119/><D119/><U44/><E117/><V83/><F71/><W67/><G113/><T76/><D37/><U104/><E74/><V95/><F35/><W88/><G127/><T50/><D76/><U63/><E77/><V10/><F108/><W118/><G118/><T65/><D130/><U109/><E109/><V123/><F123/><W68/><G46/><T45/><D93/><N who="2" m="35338" /><F102/><W84/><G134/><T132/><D16/><U92/><E104/><V32/><F32/><W125/><G125/><T87/><D87/><U107/><E107/><V58/><F10/><W97/><G97/><T114/><D132/><U89/><REACH who="1" step="1"/><E63/><REACH who="1" ten="250,240,250,250" step="2"/><V29/><F112/><W91/><G75/><T72/><D72/><U13/><E13/><N who="2" m="5195" /><F20/><W8/><G73/><T9/><D114/><U47/><E47/><V54/><F54/><W64/><G67/><T82/><D9/><U66/><E66/><V0/><F0/><W17/><G64/><T129/><D129/><U116/><E116/><V121/><F121/><W79/><G1/><T105/><D105/><U86/><E86/><V23/><F23/><W21/><G8/><T100/><D126/><U60/><E60/><V80/><F85/><W11/><G11/><T61/><D124/><U53/><E53/><V3/><F3/><W120/><G120/><T36/><D62/><U135/><E135/><V101/><F101/><W7/><G79/><T27/><D103/><U24/><AGARI ba="0,1" hai="22,24,31,39,40,41,42,44,48,49,51,89,92,99" machi="24" ten="30,4000,0" yaku="1,1,0,1,53,1" doraHai="128" doraHaiUra="90" who="1" fromWho="1" sc="250,-20,240,50,250,-10,250,-10" /><INIT seed="1,0,0,0,3,134" ten="230,290,240,240" oya="1" hai0="29,90,44,61,0,20,92,72,127,39,14,130,28" hai1="106,82,107,16,126,135,34,42,93,22,98,121,4" hai2="132,55,116,7,45,74,94,60,105,87,48,21,119" hai3="68,26,53,18,86,6,47,36,54,108,89,51,59"/><U110/><E121/><V123/><F123/><W64/><G108/><T67/><D0/><U102/><E135/><V35/><F35/><W27/><G68/><T84/><D130/><U33/><E110/><V80/><F105/><W77/><G64/><T13/><D72/><U128/><E128/><V79/><F132/><W124/><G77/><T37/><D37/><U12/><E126/><V114/><F114/><W31/><G6/><T58/><D39/><U131/><E131/><V115/><F115/><W91/><G36/><T1/><D1/><U15/><E107/><V71/><F7/><W125/><G18/><T75/><D75/><U50/><E106/><V2/><F2/><W19/><G19/><T109/><D109/><U96/><E96/><V88/><REACH who="2" step="1"/><F21/><REACH who="2" ten="230,290,230,240" step="2"/><W30/><G125/><T10/><D127/><U3/><E3/><V5/><F5/><W62/><G124/><T69/><D20/><U100/><E33/><V73/><F73/><W46/><G31/><T63/><D28/><U103/><E34/><V95/><F95/><W129/><G30/><T24/><D10/><N who="1" m="4167" /><E82/><V32/><F32/><W118/><G129/><T43/><D29/><U81/><E81/><V83/><F83/><W76/><G118/><T113/><D113/><U122/><E122/><V56/><F56/><W17/><G59/><T38/><REACH who="0" step="1"/><D24/><REACH who="0" ten="220,290,230,240" step="2"/><U66/><E22/><V70/><F70/><W99/><G26/><T41/><D41/><U133/><E133/><V52/><F52/><AGARI ba="0,2" hai="13,14,38,43,44,52,58,61,63,67,69,84,90,92" machi="52" ten="30,3900,0" yaku="1,1,7,1,54,1,53,0" doraHai="134" doraHaiUra="23" who="0" fromWho="2" sc="220,59,290,0,230,-39,240,0" /><INIT seed="2,0,0,3,2,67" ten="279,290,191,240" oya="2" hai0="18,69,30,126,120,0,71,37,25,34,85,39,95" hai1="26,111,118,46,31,17,112,29,80,117,57,60,127" hai2="15,58,116,92,107,19,32,86,36,89,75,129,109" hai3="28,49,8,78,12,21,23,131,113,132,135,50,100"/><V106/><F116/><W52/><G131/><T79/><D120/><U40/><E112/><V125/><F129/><W99/><G113/><T11/><D39/><U33/><E111/><V64/><F32/><W16/><G49/><T54/><D37/><U97/><E127/><V73/><F125/><W103/><G78/><T20/><D126/><U9/><E31/><V128/><F128/><W96/><G96/><T13/><D54/><U22/><E9/><V14/><F36/><W123/><G123/><T53/><D53/><U55/><E97/><V44/><F14/><W105/><G103/><T2/><D2/><U81/><E117/><V1/><F1/><W24/><REACH who="3" step="1"/><G8/><REACH who="3" ten="279,290,191,230" step="2"/><T63/><D63/><U90/><E118/><V76/><F76/><W93/><G93/><T66/><D66/><U5/><E90/><V42/><F107/><W43/><G43/><T61/><D61/><U4/><E81/><V3/><F106/><W121/><G121/><T88/><D79/><U108/><E80/><V7/><F64/><W130/><G130/><T56/><D56/><AGARI ba="0,1" hai="12,16,21,23,24,28,50,52,56,99,100,105,132,135" machi="56" ten="40,5200,0" yaku="1,1,54,2,53,0" doraHai="67" doraHaiUra="84" who="3" fromWho="0" sc="279,-52,290,0,191,0,230,62" /><INIT seed="3,0,0,5,0,20" ten="227,290,191,292" oya="3" hai0="43,11,65,125,54,83,112,59,89,56,36,82,30" hai1="118,91,103,1,108,13,52,126,92,80,84,39,4" hai2="72,131,94,15,79,32,99,61,96,98,69,114,76" hai3="5,88,93,26,35,124,18,117,122,44,38,107,87"/><W62/><G117/><T116/><D116/><U12/><E39/><V81/><F32/><W64/><G122/><T49/><D125/><U71/><E71/><V34/><F34/><W66/><G124/><T85/><D112/><U29/><E126/><V101/><F114/><W70/><G107/><T75/><D36/><U8/><E118/><V47/><F131/><W135/><G135/><T45/><D75/><U23/><E108/><V127/><F127/><W7/><G66/><T134/><D134/><U67/><E67/><V46/><F69/><W120/><G120/><T10/><D30/><U17/><E29/><V133/><F61/><W57/><G70/><T21/><D21/><U128/><E128/><V2/><F2/><W25/><G35/><T68/><D68/><U27/><REACH who="1" step="1"/><E52/><REACH who="1" ten="227,280,191,292" step="2"/><V28/><F28/><W74/><G38/><T97/><D65/><U51/><E51/><V110/><F110/><W50/><G74/><T119/><D119/><U9/><E9/><V58/><F58/><W37/><G37/><T105/><D59/><U100/><E100/><V123/><F133/><W16/><G5/><T78/><D54/><U129/><E129/><V6/><F123/><W55/><G7/><T40/><D56/><U31/><E31/><V132/><F132/><W19/><AGARI ba="0,1" hai="16,18,19,25,26,44,50,55,57,62,64,87,88,93" machi="19" ten="30,18000,2" yaku="0,1,8,1,52,2,54,2" doraHai="20" who="3" fromWho="3" sc="227,-60,280,-60,191,-60,292,190" /><INIT seed="3,1,0,0,5,5" ten="167,220,131,482" oya="3" hai0="28,23,94,34,110,85,88,118,116,115,80,100,79" hai1="126,127,44,82,64,59,84,20,29,99,135,69,7" hai2="78,114,121,45,109,25,102,57,63,75,65,55,15" hai3="32,92,24,46,36,38,86,129,91,90,61,108,18"/><W17/><G129/><T9/><D34/><U62/><E135/><V133/><F114/><W106/><G106/><T97/><D115/><U22/><E7/><V125/><F109/><W70/><G108/><T12/><D110/><U21/><E44/><V0/><F0/><W42/><G38/><T31/><D31/><U49/><E99/><V11/><F125/><N who="1" m="47625" /><E49/><V73/><F121/><W47/><G47/><T132/><D132/><U112/><E112/><V76/><F133/><W58/><G70/><T128/><D128/><U83/><E83/><V30/><F102/><W74/><G74/><T120/><D120/><U124/><N who="1" m="47633" /><U37/><DORA hai="119" /><E37/><V40/><F75/><W50/><G36/><T48/><D48/><U131/><E131/><V13/><F73/><W134/><G134/><T67/><D67/><U130/><E130/><V105/><F105/><W66/><G32/><T6/><REACH who="0" step="1"/><D100/><REACH who="0" ten="157,220,131,482" step="2"/><U26/><E69/><V52/><F65/><W19/><G66/><T98/><D98/><U113/><E113/><V41/><F63/><W3/><G50/><T93/><D93/><U72/><E72/><V33/><F33/><W53/><G92/><T101/><D101/><U51/><E51/><V54/><F57/><W111/><G58/><T10/><D10/><U60/><E62/><V8/><F8/><W103/><G61/><T14/><D14/><U39/><E39/><V71/><F15/><W56/><G111/><T1/><D1/><U123/><E123/><V96/><F96/><W104/><G3/><T107/><D107/><U16/><E29/><V95/><F30/><RYUUKYOKU ba="1,1" sc="157,15,220,15,131,-15,482,-15" hai0="6,9,12,23,28,79,80,85,88,94,97,116,118" hai1="16,20,21,22,26,59,60,64,82,84" /><INIT seed="4,2,1,4,5,28" ten="172,235,116,467" oya="0" hai0="96,132,94,118,86,133,25,8,56,34,74,113,6" hai1="124,20,82,102,44,135,108,71,126,15,42,32,21" hai2="111,91,73,61,7,2,114,78,23,129,22,1,13" hai3="5,100,12,33,80,53,109,131,27,29,87,98,83"/><T84/><D118/><U64/><E108/><V101/><F111/><W92/><G109/><T110/><D74/><U9/><E135/><N who="0" m="51785" /><D110/><U30/><E102/><V49/><F114/><W112/><G112/><T90/><D113/><U134/><E134/><V66/><F101/><W62/><G131/><T45/><D45/><U122/><E122/><V17/><F7/><W67/><G53/><T4/><D56/><U88/><E71/><V43/><F78/><W40/><G40/><T120/><D120/><U119/><E64/><V60/><F73/><W58/><G87/><N who="0" m="33323" /><D8/><U107/><E119/><V128/><F66/><W39/><G39/><T79/><D79/><U36/><E9/><V35/><F43/><W69/><G69/><T75/><D75/><U72/><E72/><V55/><F129/><W11/><AGARI ba="2,1" hai="5,11,12,27,29,33,58,62,67,80,83,92,98,100" machi="11" ten="30,2000,0" yaku="0,1,52,1" doraHai="28" who="3" fromWho="3" sc="172,-12,235,-7,116,-7,467,36" /><INIT seed="5,0,0,3,1,108" ten="160,228,109,503" oya="1" hai0="82,89,60,45,58,103,73,23,9,121,46,40,86" hai1="48,25,75,79,104,6,4,8,122,107,15,80,74" hai2="65,52,19,5,30,57,50,39,76,113,36,109,131" hai3="124,85,111,22,81,84,55,14,72,132,10,94,13"/><U77/><E122/><V16/><F109/><W31/><G111/><T78/><D121/><U87/><E4/><V21/><F131/><W17/><G72/><T88/><D103/><U44/><E25/><N who="2" m="16687" /><F39/><W64/><G124/><T123/><D123/><U67/><E67/><V0/><F36/><W112/><G112/><T99/><D99/><U34/><E34/><V119/><F119/><W37/><G37/><T133/><D133/><U91/><E79/><V83/><F0/><W97/><G132/><T62/><D62/><U3/><E3/><V134/><F134/><W29/><G64/><T120/><D120/><U59/><E59/><N who="2" m="33175" /><F5/><N who="3" m="3279" /><G55/><T106/><D106/><U2/><E2/><V11/><F11/><W47/><G47/><N who="0" m="17931" /><D40/><N who="1" m="24583" /><E91/><V1/><F1/><W92/><G31/><T130/><D130/><U117/><E117/><V105/><F105/><AGARI ba="0,0" hai="6,8,15,74,75,77,80,87,104,105,107" m="24583" machi="105" ten="30,1500,0" yaku="25,1" doraHai="108" who="1" fromWho="2" sc="160,0,228,15,109,-15,503,0" /><INIT seed="5,1,0,2,4,76" ten="160,243,94,503" oya="1" hai0="63,103,17,58,19,105,47,124,3,59,125,127,106" hai1="109,107,32,91,78,64,94,85,35,67,48,116,61" hai2="83,30,88,10,122,16,104,38,14,81,6,129,95" hai3="36,50,60,110,54,74,5,115,90,56,11,73,77"/><U55/><E116/><V131/><F104/><N who="0" m="40042" /><D103/><U27/><E107/><V112/><F122/><W53/><G110/><T118/><D118/><U97/><E109/><V96/><F38/><W113/><G36/><T135/><D3/><U75/><E75/><V9/><F30/><W39/><G39/><T86/><D135/><U89/><E78/><V42/><F42/><W108/><G108/><T130/><D130/><N who="2" m="49674" /><F112/><N who="3" m="43083" /><G90/><T99/><D99/><U70/><E27/><V46/><F46/><N who="3" m="27863" /><G77/><T100/><D100/><U93/><REACH who="1" step="1"/><E64/><REACH who="1" ten="160,233,94,503" step="2"/><V8/><F6/><W24/><G24/><T68/><D127/><U45/><AGARI ba="1,1" hai="32,35,45,48,55,61,67,70,85,89,91,93,94,97" machi="45" ten="20,7800,0" yaku="1,1,2,1,0,1,7,1,53,0" doraHai="76" doraHaiUra="72" who="1" fromWho="1" sc="160,-27,233,91,94,-27,503,-27" /><INIT seed="5,2,0,0,2,110" ten="133,324,67,476" oya="1" hai0="76,88,116,14,113,60,10,54,101,30,121,84,8" hai1="23,134,62,100,132,95,97,102,96,28,52,99,32" hai2="35,94,77,107,89,69,42,106,7,44,12,128,83" hai3="58,4,21,70,117,103,22,90,86,91,20,25,37"/><U67/><E32/><V105/><F35/><W122/><G122/><T125/><D116/><U65/><E28/><V19/><F69/><W53/><G70/><T124/><D121/><U34/><E34/><V51/><F128/><W27/><G37/><T38/><D38/><U80/><E80/><V109/><F109/><W61/><G117/><T74/><D101/><U55/><E23/><V93/><F89/><N who="3" m="33803" /><G103/><N who="1" m="39466" /><E95/><V48/><F48/><W26/><G86/><T57/><D30/><U131/><E131/><V36/><F36/><W24/><G4/><T5/><D113/><U120/><E120/><V3/><F3/><W49/><G49/><T92/><REACH who="0" step="1"/><D10/><REACH who="0" ten="123,324,67,476" step="2"/><U85/><E134/><V64/><F107/><W63/><G22/><T59/><D59/><N who="1" m="35175" /><E132/><V73/><F106/><W127/><G20/><T133/><D133/><U118/><E118/><V33/><F105/><W98/><G21/><T40/><D40/><U41/><E41/><V112/><F112/><W115/><G115/><T119/><D119/><U87/><E55/><V75/><F33/><W104/><G53/><T45/><D45/><U17/><E17/><V11/><F19/><W68/><G104/><T29/><D29/><U56/><E56/><V72/><REACH who="2" step="1"/><F64/><AGARI ba="2,1" hai="64,65,67,85,87,96,97,99" m="35175,39466" machi="64" ten="30,2900,0" yaku="8,1,54,1" doraHai="110" who="1" fromWho="2" sc="123,0,324,45,67,-35,476,0" /><INIT seed="5,3,0,5,5,70" ten="123,369,32,476" oya="1" hai0="29,81,60,114,35,47,39,131,1,4,85,55,68" hai1="36,25,66,6,45,58,10,73,49,129,93,111,7" hai2="135,120,82,130,105,56,51,97,17,41,116,14,46" hai3="48,37,42,16,32,115,5,107,23,118,8,57,19"/><U24/><E73/><V109/><F116/><W98/><G32/><T72/><D55/><U74/><E74/><V112/><F120/><W65/><G118/><T133/><D114/><U86/><E129/><V119/><F119/><W101/><G115/><T77/><D85/><U33/><E33/><V94/><F109/><W34/><G34/><T52/><D52/><N who="1" m="29743" /><E36/><V90/><F135/><W11/><G37/><T99/><D99/><U124/><E124/><V15/><F130/><W110/><G110/><T50/><D50/><U64/><E111/><V0/><F0/><W92/><G107/><T13/><D13/><N who="1" m="5335" /><E7/><V91/><F105/><W63/><G5/><T108/><D108/><U126/><E126/><V27/><F112/><W103/><G103/><T76/><D4/><U62/><E66/><V38/><F38/><W78/><G78/><T117/><D77/><U53/><E64/><V84/><REACH who="2" step="1"/><F56/><REACH who="2" ten="123,369,22,476" step="2"/><W121/><G121/><T69/><D131/><U113/><E113/><V128/><F128/><W127/><G127/><T9/><D117/><U122/><E122/><V61/><F61/><W44/><G23/><AGARI ba="3,1" hai="14,15,17,23,27,41,46,51,82,84,90,91,94,97" machi="23" ten="40,2600,0" yaku="1,1,8,1,53,0" doraHai="70" doraHaiUra="102" who="2" fromWho="3" sc="123,0,369,0,22,45,476,-35" /><INIT seed="6,0,0,2,4,22" ten="123,369,67,441" oya="2" hai0="18,56,59,37,109,78,117,30,20,118,122,116,82" hai1="0,60,107,131,98,23,51,50,47,125,102,3,112" hai2="33,48,68,25,11,43,87,27,74,53,15,123,9" hai3="108,120,28,73,88,104,39,79,124,130,70,76,127"/><V105/><F123/><W97/><G39/><T19/><D109/><U119/><E119/><V14/><F74/><W77/><G70/><T111/><D111/><U114/><E125/><N who="3" m="48202" /><G28/><T63/><D122/><U132/><E132/><V95/><F105/><W58/><G58/><N who="0" m="22059" /><D37/><U10/><E131/><V100/><F68/><W35/><G35/><T32/><D32/><U85/><E85/><V69/><F69/><W89/><G108/><T106/><D106/><U54/><E60/><V71/><F43/><W135/><G120/><T49/><D49/><U52/><E23/><V129/><F129/><W93/><G130/><T8/><D8/><N who="2" m="3146" /><F71/><W90/><G135/><T103/><D103/><U84/><E84/><V42/><F42/><W26/><G26/><N who="2" m="9737" /><F33/><W31/><G104/><T6/><D63/><U57/><REACH who="1" step="1"/><E10/><REACH who="1" ten="123,359,67,441" step="2"/><V21/><F21/><W12/><G73/><N who="0" m="43343" /><D6/><U45/><E45/><N who="2" m="27791" /><F87/><W134/><G134/><T99/><D20/><U41/><E41/><V29/><F29/><W128/><G31/><T2/><D30/><U101/><E101/><V36/><F36/><W81/><G128/><T17/><D2/><AGARI ba="0,1" hai="0,2,3,47,50,51,52,54,57,98,102,107,112,114" machi="2" ten="40,2600,0" yaku="1,1,54,1,53,0" doraHai="22" doraHaiUra="24" who="1" fromWho="0" sc="123,-26,359,36,67,0,441,0" /><INIT seed="7,0,0,1,5,37" ten="97,395,67,441" oya="3" hai0="70,47,27,100,117,69,50,75,65,111,40,115,5" hai1="83,11,126,130,118,61,87,95,109,81,85,29,84" hai2="105,134,31,8,77,86,82,44,13,17,19,49,93" hai3="30,132,133,58,99,116,60,107,71,94,36,56,45"/><W88/><G116/><T7/><D111/><U72/><E109/><V112/><F112/><W122/><G122/><T12/><D75/><U32/><E118/><V68/><F134/><N who="3" m="51819" /><G107/><T48/><D117/><U22/><E32/><V120/><F105/><W16/><G30/><T97/><D27/><N who="1" m="16631" /><E72/><V124/><F124/><W43/><G16/><N who="2" m="6217" /><F68/><W79/><G79/><T63/><D115/><U24/><E126/><V6/><F120/><W0/><G0/><T10/><D7/><U113/><E113/><V106/><F106/><W21/><G21/><T89/><D70/><U102/><E130/><V98/><F31/><W3/><G3/><T64/><D64/><AGARI ba="0,0" hai="36,43,45,56,58,60,64,71,88,94,99" m="51819" machi="64" ten="30,5800,0" yaku="20,1,52,1,54,1" doraHai="37" who="3" fromWho="0" sc="97,-58,395,0,67,0,441,58" owari="39,-46.1,395,19.5,67,-33.3,499,59.9" /></mjloggm>