<mjloggm ver="2.3"><GO type="169" lobby="0"/><UN n0="%4E%49%4B%55%59%41" n1="%6E%6F%6D%69%6F" n2="%50%6F%6F%48%65%3F" n3="%E6%84%9B%E3%81%AF%E6%AD%A3%E7%BE%A9" dan="17,16,16,16" rate="2233.38,2159.26,2151.32,2056.06" sx="M,M,F,F"/><TAIKYOKU oya="0"/><INIT seed="0,0,0,1,0,77" ten="250,250,250,250" oya="0" hai0="7,60,21,132,98,106,126,30,130,121,13,52,70" hai1="16,2,105,83,15,50,45,41,58,36,40,64,118" hai2="31,123,131,66,94,27,19,125,100,76,97,44,82" hai3="14,99,25,12,47,6,87,109,78,134,74,86,26"/><T127/><D121/><U22/><E118/><V24/><F123/><W113/><G113/><T54/><D132/><U17/><E105/><V96/><F131/><W71/><G134/><T79/><D130/><U116/><E116/><V92/><F125/><N who="0" m="47626" /><D79/><U35/><E35/><V112/><F112/><W90/><G71/><T9/><D30/><U4/><E2/><V102/><F66/><W69/><G69/><T18/><D106/><U11/><E22/><V46/><F19/><W95/><G109/><T73/><D73/><U57/><E57/><V114/><F114/><W29/><G47/><T89/><D98/><U111/><E111/><V67/><F67/><W33/><G26/><N who="0" m="14647" /><D89/><U88/><E40/><V117/><F117/><W42/><G42/><T128/><D128/><U56/><E56/><V68/><F68/><W62/><G74/><T72/><D72/><U5/><E5/><V1/><F1/><W34/><G34/><T124/><N who="0" m="47634" /><T53/><DORA hai="49" /><D70/><U61/><E36/><V8/><F8/><W65/><G6/><T91/><D91/><U119/><E119/><V122/><F122/><W75/><G75/><T120/><D120/><U32/><E32/><V103/><F103/><W20/><G78/><T23/><D23/><U107/><E107/><V51/><F31/><W101/><G101/><T37/><D37/><U85/><AGARI ba="0,0" hai="4,11,15,16,17,41,45,50,58,61,64,83,85,88" machi="85" ten="30,8000,1" yaku="0,1,8,1,52,1,54,2" doraHai="77,49" who="1" fromWho="1" sc="250,-40,250,80,250,-20,250,-20" /><INIT seed="1,0,0,0,0,59" ten="210,330,230,230" oya="1" hai0="99,74,46,49,38,133,34,127,0,84,48,31,39" hai1="62,83,82,71,124,110,129,13,116,86,87,73,20" hai2="30,50,106,123,130,12,14,3,101,23,21,42,61" hai3="16,132,11,15,76,65,115,95,93,7,25,37,126"/><U128/><E116/><V113/><F123/><W26/><G115/><T63/><D74/><U44/><E124/><V98/><F113/><W78/><G126/><T32/><D0/><U108/><E44/><V102/><F3/><W57/><G37/><T80/><D133/><U5/><E73/><V10/><F130/><N who="1" m="50281" /><E87/><V111/><F111/><N who="1" m="42537" /><E86/><V41/><F30/><W104/><G104/><T45/><D31/><U77/><E77/><N who="3" m="29802" /><G132/><T27/><D84/><U60/><E71/><V53/><F106/><W40/><G40/><T29/><D29/><U1/><E1/><V100/><F98/><W135/><G135/><T22/><D99/><U66/><E66/><V4/><F14/><W43/><G43/><T51/><D127/><U56/><E56/><N who="2" m="34959" /><F41/><W118/><G118/><T125/><D125/><U67/><E67/><V28/><F28/><W97/><G97/><T8/><D46/><AGARI ba="0,0" hai="4,10,12,21,23,42,46,50,100,101,102" m="34959" machi="46" ten="30,2000,0" yaku="8,1,52,1" doraHai="59" who="2" fromWho="0" sc="210,-20,330,0,230,20,230,0" /><INIT seed="2,0,0,5,4,11" ten="190,330,250,230" oya="2" hai0="114,125,100,35,102,106,57,94,32,42,20,78,25" hai1="83,3,13,44,43,86,66,64,49,9,123,110,31" hai2="98,129,103,77,104,124,81,92,14,131,36,5,58" hai3="47,17,53,74,135,122,6,108,67,24,133,23,76"/><V97/><F36/><W65/><G122/><T101/><D114/><U82/><E123/><V113/><F113/><W7/><G108/><T51/><D106/><U88/><E110/><V41/><F41/><W29/><G74/><T19/><D125/><U0/><E31/><V128/><F58/><W109/><G76/><T38/><D38/><U59/><E82/><V28/><F28/><W116/><G109/><T126/><D126/><U91/><E91/><N who="2" m="55455" /><F5/><N who="3" m="1547" /><G29/><T120/><D120/><U52/><E0/><V134/><F14/><W96/><G96/><T130/><D130/><U111/><E3/><V40/><F40/><W79/><G79/><T21/><D78/><U70/><E70/><V39/><F39/><W73/><G73/><T119/><D119/><U4/><REACH who="1" step="1"/><E111/><REACH who="1" ten="190,320,250,230" step="2"/><V18/><F124/><W15/><G116/><T112/><D112/><U61/><AGARI ba="0,1" hai="4,9,13,43,44,49,52,59,61,64,66,83,86,88" machi="61" ten="20,16000,3" yaku="1,1,2,1,0,1,7,1,8,1,52,1,54,2,53,1" doraHai="11" doraHaiUra="87" who="1" fromWho="1" sc="190,-40,320,170,250,-80,230,-40" /><INIT seed="3,0,0,5,1,17" ten="150,490,170,190" oya="3" hai0="57,58,96,36,84,108,9,71,13,62,32,31,24" hai1="48,111,70,23,107,97,35,83,114,117,88,93,87" hai2="4,75,86,115,106,94,99,3,12,10,64,100,68" hai3="122,30,11,1,78,0,61,103,8,45,50,119,126"/><W5/><G122/><T38/><D108/><U28/><E114/><V133/><F115/><W132/><G119/><T46/><D84/><U41/><E111/><V135/><F75/><W72/><G132/><T74/><D74/><U14/><E117/><V59/><F59/><W21/><G126/><T89/><D89/><U95/><E70/><V90/><F64/><W112/><G112/><T85/><D85/><U49/><E35/><V130/><F130/><W22/><G103/><T127/><D127/><U2/><E2/><V110/><F110/><W92/><G92/><T26/><D96/><U19/><E28/><V102/><F68/><W79/><G79/><T65/><D26/><U82/><E107/><V81/><F3/><W101/><G101/><T33/><D33/><U47/><E49/><V52/><F102/><AGARI ba="0,0" hai="14,19,23,41,47,48,82,83,87,88,93,95,97,102" machi="102" ten="30,7700,0" yaku="7,1,8,1,52,1,54,1" doraHai="17" who="1" fromWho="2" sc="150,0,490,77,170,-77,190,0" /><INIT seed="4,0,0,4,4,67" ten="150,567,93,190" oya="0" hai0="60,40,41,130,111,110,101,122,100,114,121,10,61" hai1="125,3,43,13,90,50,16,123,84,85,134,38,48" hai2="86,77,120,128,89,20,26,81,87,29,9,46,78" hai3="58,1,133,33,119,69,37,53,96,49,68,92,118"/><T72/><D10/><U14/><E123/><V83/><F120/><N who="0" m="46186" /><D72/><U129/><E3/><V44/><F128/><W27/><G133/><T97/><D97/><U115/><E134/><V11/><F89/><W66/><G1/><T31/><D31/><U106/><E129/><V42/><REACH who="2" step="1"/><F44/><REACH who="2" ten="150,567,83,190" step="2"/><W23/><G118/><T71/><D130/><U54/><E90/><V18/><F18/><W135/><G119/><T47/><D47/><U124/><E16/><V82/><F82/><W51/><G135/><T12/><D101/><U131/><E131/><V15/><F15/><W99/><G27/><T2/><D100/><U80/><E13/><V91/><F91/><W70/><G37/><AGARI ba="0,1" hai="9,11,20,26,29,37,42,46,77,78,81,83,86,87" machi="37" ten="30,3900,0" yaku="1,1,7,1,9,1,53,0" doraHai="67" doraHaiUra="55" who="2" fromWho="3" sc="150,0,567,0,83,49,190,-39" /><INIT seed="5,0,0,5,3,129" ten="150,567,132,151" oya="1" hai0="102,4,103,41,10,57,89,69,5,33,66,47,123" hai1="37,59,18,126,71,8,22,125,79,30,54,3,58" hai2="78,134,51,73,135,104,68,117,81,83,7,23,106" hai3="65,90,127,48,105,116,40,128,112,94,38,34,124"/><U14/><E71/><V2/><F117/><W121/><G128/><T43/><D33/><U44/><E79/><V62/><F51/><W99/><G121/><T31/><D69/><U70/><E70/><V1/><F81/><W82/><G116/><T21/><D89/><U96/><E96/><V50/><F50/><W120/><G120/><T93/><D93/><U25/><E3/><N who="2" m="1035" /><F23/><W107/><G34/><T29/><D21/><U109/><E109/><V20/><F20/><W46/><G112/><T12/><D47/><U36/><E58/><V64/><F7/><W91/><G65/><T101/><D5/><U24/><E24/><V39/><F39/><W97/><G38/><T17/><D4/><U0/><E0/><V26/><F26/><W67/><G67/><T131/><D131/><U95/><E95/><V15/><F15/><W55/><G40/><N who="0" m="15435" /><D123/><U111/><E111/><V60/><F60/><AGARI ba="0,0" hai="10,12,17,29,31,57,60,66,101,102,103" m="15435" machi="60" ten="30,1000,0" yaku="8,1" doraHai="129" who="0" fromWho="2" sc="150,10,567,0,132,-10,151,0" /><INIT seed="6,0,0,4,1,53" ten="160,567,122,151" oya="2" hai0="58,115,48,16,6,129,28,104,10,11,114,80,14" hai1="36,111,125,128,42,74,121,66,131,51,86,37,68" hai2="120,1,22,132,112,34,73,91,56,76,60,79,88" hai3="43,26,13,59,135,87,67,108,93,71,130,95,117"/><V3/><F34/><W82/><G108/><T4/><D104/><U89/><E74/><V54/><F120/><W133/><G117/><T100/><D100/><U19/><E111/><V106/><F106/><W25/><G71/><T84/><D28/><U92/><E121/><V24/><F132/><N who="3" m="50763" /><G43/><T44/><D58/><U45/><E125/><V134/><F134/><W8/><G130/><N who="1" m="49706" /><E19/><V5/><F112/><N who="0" m="43050" /><D10/><U123/><E123/><V41/><F41/><W99/><G25/><T38/><D38/><U70/><E70/><V40/><F40/><W57/><G67/><T77/><D129/><U33/><E33/><V69/><F69/><W21/><G21/><T103/><D103/><U113/><E113/><V119/><F119/><W27/><G27/><T55/><AGARI ba="0,0" hai="4,6,11,14,16,44,48,55,77,80,84" m="43050" machi="55" ten="30,2000,0" yaku="15,1,54,1" doraHai="53" who="0" fromWho="0" sc="160,20,567,-5,122,-10,151,-5" /><INIT seed="7,0,0,5,2,88" ten="180,562,112,146" oya="3" hai0="21,36,86,20,83,135,70,17,101,118,99,73,117" hai1="44,96,63,108,69,91,42,32,132,15,94,46,54" hai2="76,37,104,25,11,9,75,67,2,100,40,131,58" hai3="68,127,39,92,48,123,57,111,12,109,84,102,49"/><W82/><G123/><T72/><D70/><U64/><E108/><N who="3" m="41546" /><G68/><T81/><D36/><U8/><E132/><V125/><F131/><W26/><G39/><T59/><D59/><U78/><E32/><V71/><F125/><W107/><G107/><T62/><D62/><U6/><E78/><V34/><F2/><W43/><G127/><T30/><D30/><U128/><E128/><V4/><F4/><W115/><G115/><T134/><D17/><U50/><E42/><V119/><F119/><N who="0" m="45578" /><D20/><U52/><E54/><V114/><F114/><W55/><G26/><T110/><D21/><U130/><E130/><V16/><F71/><W0/><G0/><T116/><D110/><U98/><E98/><V14/><F34/><W3/><G12/><T85/><D85/><U60/><E60/><V124/><F124/><W97/><G3/><T10/><D116/><U112/><E112/><V103/><F25/><W106/><G43/><T113/><D113/><U47/><AGARI ba="0,0" hai="6,8,15,44,46,47,50,52,63,64,69,91,94,96" machi="47" ten="20,5200,0" yaku="0,1,7,1,52,1,54,1" doraHai="88" who="1" fromWho="1" sc="180,-13,562,52,112,-13,146,-26" owari="167,-3.3,614,71.4,99,-40.1,120,-28.0" /></mjloggm>