<mjloggm ver="2.3"><GO type="169" lobby="0"/><UN n0="%4F%77%4B" n1="%E9%9B%B2%E3%81%AE%E3%83%95%E3%83%89%E3%82%A6" n2="%E7%99%BD%E3%81%AE%E7%A9%BA" n3="%61%63%74%79" dan="17,16,17,16" rate="2174.95,2078.00,2136.47,2042.43" sx="M,M,M,M"/><TAIKYOKU oya="0"/><INIT seed="0,0,0,0,3,117" ten="250,250,250,250" oya="0" hai0="127,30,106,49,112,105,93,9,31,76,108,44,126" hai1="37,74,125,28,26,61,13,121,75,16,103,54,94" hai2="18,115,0,109,98,62,110,130,57,5,66,19,133" hai3="14,70,63,27,33,86,102,1,48,59,67,81,71"/><T85/><D112/><U78/><E125/><N who="0" m="47625" /><D9/><U100/><E37/><V2/><F115/><W97/><G1/><T113/><D113/><U51/><E61/><V99/><F130/><W82/><G82/><N who="0" m="47303" /><D93/><U131/><E131/><V73/><F73/><W6/><G70/><T42/><D108/><N who="2" m="41578" /><F133/><W4/><G6/><T3/><D3/><N who="2" m="1066" /><F5/><W79/><G4/><T43/><D43/><U53/><E75/><V35/><F35/><W58/><G33/><T17/><D17/><AGARI ba="0,0" hai="17,18,19,57,62,66,98,99" m="1066,41578" machi="17" ten="30,1000,0" yaku="14,1" doraHai="117" who="2" fromWho="0" sc="250,-10,250,0,250,10,250,0" /><INIT seed="1,0,0,4,1,116" ten="240,250,260,250" oya="1" hai0="42,112,35,17,127,51,7,30,75,25,95,80,2" hai1="29,79,32,99,6,24,66,73,41,94,20,36,9" hai2="105,104,85,22,59,21,46,110,118,28,108,92,76" hai3="83,0,102,61,56,106,67,89,53,11,100,101,60"/><U38/><E66/><V50/><F118/><W128/><G128/><T14/><D112/><U26/><E41/><V16/><F59/><W119/><G119/><T122/><D127/><U96/><E96/><V113/><F113/><W111/><G111/><N who="2" m="42537" /><F28/><W40/><G40/><T84/><D75/><U5/><E5/><V98/><F21/><W65/><G106/><T78/><D95/><U31/><E79/><V72/><F72/><W43/><G43/><T39/><D39/><U68/><E68/><V69/><F69/><W10/><G0/><T117/><D2/><U1/><REACH who="1" step="1"/><E73/><REACH who="1" ten="240,240,260,250" step="2"/><V120/><F76/><W132/><G65/><T103/><D78/><U109/><E109/><V125/><F98/><W48/><G67/><T93/><D7/><U34/><E34/><V77/><F77/><W44/><G53/><T135/><D35/><U133/><E133/><V123/><F125/><W130/><G132/><T82/><D135/><U81/><E81/><V13/><F85/><W62/><G83/><T58/><D84/><U49/><E49/><V47/><F92/><W134/><G48/><T45/><D93/><U121/><E121/><N who="2" m="46667" /><F50/><W86/><G86/><T23/><D122/><U97/><E97/><V131/><F131/><W55/><G130/><T87/><D87/><U19/><E19/><V54/><F54/><W64/><G55/><T37/><D51/><U107/><E107/><AGARI ba="0,1" hai="13,16,22,46,47,104,105,107" m="46667,42537" machi="107" ten="40,8000,1" yaku="14,1,52,3,54,1" doraHai="116" who="2" fromWho="1" sc="240,0,240,-80,260,90,250,0" /><INIT seed="2,0,0,5,5,110" ten="240,160,350,250" oya="2" hai0="11,76,71,25,105,19,108,80,10,23,133,123,134" hai1="8,57,50,102,94,61,127,92,58,115,130,52,15" hai2="135,4,90,109,33,9,79,77,117,36,87,3,14" hai3="121,126,42,28,29,34,84,82,112,22,41,6,74"/><V98/><F117/><W99/><G121/><T91/><D123/><U129/><E127/><V37/><F33/><W35/><G74/><T86/><D108/><U106/><E106/><V101/><F109/><W78/><G126/><T122/><D122/><U62/><E50/><V104/><F135/><N who="0" m="51722" /><D105/><U2/><E2/><V40/><F3/><W13/><G34/><T114/><D71/><U26/><E26/><V32/><F32/><W107/><G35/><T70/><D70/><U131/><E102/><V53/><F53/><W97/><G29/><T30/><D114/><U75/><E75/><V7/><F7/><W67/><G67/><T38/><D38/><U51/><E51/><V111/><F111/><W20/><G112/><T27/><D91/><U65/><REACH who="1" step="1"/><E115/><REACH who="1" ten="240,150,350,250" step="2"/><V103/><F37/><W96/><G107/><T64/><D27/><U120/><E120/><V59/><F103/><W69/><G13/><T81/><D25/><U68/><E68/><V89/><F36/><W39/><G69/><T88/><D30/><U48/><E48/><V60/><F14/><W21/><G28/><T0/><D0/><U118/><E118/><V63/><F104/><W73/><G39/><T12/><D12/><U16/><AGARI ba="0,1" hai="8,15,16,52,57,58,61,62,65,92,94,129,130,131" machi="16" ten="30,12000,2" yaku="1,1,0,1,19,1,54,2,53,2" doraHai="110" doraHaiUra="55" who="1" fromWho="1" sc="240,-30,150,130,350,-60,250,-30" /><INIT seed="3,0,0,1,4,99" ten="210,280,290,220" oya="3" hai0="109,0,107,28,93,87,33,101,59,128,21,84,29" hai1="66,90,17,20,96,26,111,37,52,122,91,32,30" hai2="69,125,83,89,132,35,42,3,39,23,49,7,10" hai3="106,129,79,117,6,119,115,68,134,78,100,71,73"/><W1/><G115/><T15/><D0/><U48/><E122/><V54/><F69/><N who="3" m="26699" /><G78/><T126/><D33/><U97/><E111/><V75/><F35/><W118/><G129/><T92/><D109/><U50/><E66/><V112/><F112/><W19/><G19/><T5/><D107/><U41/><E37/><V61/><F132/><W16/><G16/><N who="0" m="10399" /><D5/><U123/><E123/><V62/><F125/><W77/><G134/><T56/><D126/><U27/><E48/><V135/><F135/><W127/><G77/><T55/><D59/><U12/><E41/><V85/><F75/><W9/><G127/><T95/><D101/><U94/><E27/><V116/><F116/><W88/><G88/><T102/><D102/><U108/><E108/><V114/><F114/><W110/><G110/><T113/><D128/><U46/><E91/><V121/><F121/><W58/><G58/><T47/><D47/><U53/><E53/><V51/><F23/><W60/><G60/><N who="0" m="35871" /><D113/><U124/><E124/><V2/><F2/><W31/><G117/><T76/><D76/><U25/><E25/><V133/><F133/><W8/><G118/><T43/><D43/><U45/><E45/><N who="2" m="25783" /><F39/><W24/><G119/><T81/><D81/><U82/><E82/><V38/><F38/><W22/><G6/><T80/><D80/><U14/><E14/><V34/><F34/><W65/><G1/><T70/><D70/><U98/><AGARI ba="0,0" hai="12,17,20,26,30,32,46,50,52,90,94,96,97,98" machi="98" ten="20,2700,0" yaku="0,1,7,1,54,1" doraHai="99" who="1" fromWho="1" sc="210,-7,280,27,290,-7,220,-13" /><INIT seed="4,0,0,4,2,33" ten="203,307,283,207" oya="0" hai0="0,65,70,38,29,42,52,37,91,135,58,111,36" hai1="110,60,114,119,131,44,99,6,82,133,8,24,125" hai2="9,112,62,73,84,7,76,77,64,103,127,51,61" hai3="23,75,26,55,3,49,46,40,5,86,15,108,100"/><T88/><D135/><U69/><E119/><V107/><F73/><W16/><G108/><T56/><D56/><U92/><E133/><V121/><F121/><W21/><G75/><T66/><D42/><U43/><E110/><V83/><F112/><W19/><G100/><T79/><D111/><U67/><E114/><V17/><F17/><W81/><G5/><T87/><D0/><U45/><E24/><V106/><F127/><W50/><G3/><T117/><D117/><U95/><E95/><V85/><F51/><W129/><G129/><T53/><D53/><U18/><E18/><V134/><F134/><W123/><G123/><T54/><D54/><U109/><E82/><V28/><F28/><W63/><G63/><T22/><D79/><U126/><E109/><V72/><F62/><W104/><G104/><T27/><D70/><U130/><E43/><V47/><F106/><W128/><G128/><N who="1" m="49194" /><E125/><V57/><F107/><W124/><G124/><T71/><D71/><U89/><E126/><V30/><F30/><W2/><G2/><AGARI ba="0,0" hai="2,6,8,44,45,60,67,69,89,92,99" m="49194" machi="2" ten="30,2000,0" yaku="19,1,52,1" doraHai="33" who="1" fromWho="3" sc="203,0,307,20,283,0,207,-20" /><INIT seed="5,0,0,3,1,28" ten="203,327,283,187" oya="1" hai0="24,44,97,92,112,101,118,120,134,77,18,82,108" hai1="61,91,25,117,42,66,130,64,1,131,114,70,20" hai2="17,6,135,119,63,107,78,86,27,35,40,76,3" hai3="39,72,105,116,83,34,51,23,88,10,132,19,38"/><U53/><E117/><V56/><F107/><W32/><G105/><T106/><D108/><U31/><E1/><V21/><F119/><W54/><G116/><T71/><D118/><U58/><E42/><V81/><F135/><W12/><G132/><T123/><D134/><U126/><E126/><V128/><F128/><N who="1" m="49193" /><E114/><V52/><F40/><W36/><G23/><N who="0" m="13431" /><D71/><U124/><E124/><V102/><F102/><W100/><G100/><T121/><D112/><U7/><E7/><V68/><F68/><W57/><REACH who="3" step="1"/><G88/><REACH who="3" ten="203,327,283,177" step="2"/><T26/><D106/><U84/><E70/><V9/><F78/><AGARI ba="0,1" hai="10,12,19,32,34,36,38,39,51,54,57,72,78,83" machi="78" ten="40,8000,1" yaku="1,1,2,1,52,2,53,0" doraHai="28" doraHaiUra="16" who="3" fromWho="2" sc="203,0,327,0,283,-80,177,90" /><INIT seed="6,0,0,0,2,53" ten="203,327,203,267" oya="2" hai0="43,120,97,27,129,29,55,93,100,127,1,49,107" hai1="115,103,105,83,99,31,78,14,67,108,18,47,7" hai2="17,24,40,42,113,84,60,12,77,70,52,88,8" hai3="123,80,35,75,9,39,94,46,109,71,131,6,124"/><V28/><F113/><W21/><G35/><T85/><D127/><U81/><E108/><V102/><F102/><W121/><G71/><T91/><D129/><U57/><E115/><V101/><F101/><W5/><G5/><T66/><D1/><U134/><E134/><V65/><F77/><W82/><G109/><T61/><D43/><U76/><E31/><V4/><F4/><W22/><G124/><T87/><D120/><U133/><E133/><V16/><F17/><W119/><G94/><T56/><D87/><U68/><E68/><V69/><F69/><W122/><G119/><T3/><D3/><U2/><E47/><V110/><F110/><W128/><G46/><T72/><D72/><U112/><E112/><V19/><F19/><W125/><G39/><T37/><D37/><U86/><E81/><N who="3" m="31338" /><G75/><T48/><REACH who="0" step="1"/><D66/><REACH who="0" ten="193,327,203,267" step="2"/><U20/><E67/><V130/><F130/><N who="3" m="49707" /><G125/><T73/><D73/><U15/><E2/><AGARI ba="0,1" hai="2,6,9,21,22,121,122,123" m="49707,31338" machi="2" ten="40,1300,0" yaku="19,1" doraHai="53" who="3" fromWho="1" sc="193,0,327,-13,203,0,267,23" /><INIT seed="7,0,0,3,2,23" ten="193,314,203,290" oya="3" hai0="24,9,13,86,45,5,87,116,82,83,50,109,57" hai1="94,71,40,43,119,122,63,65,47,95,105,125,110" hai2="88,74,31,128,85,107,51,113,114,22,117,16,62" hai3="99,73,100,66,44,52,76,33,130,103,4,121,68"/><W124/><G121/><T58/><D116/><U132/><E95/><V123/><F117/><W30/><G4/><T60/><D109/><U48/><E43/><V101/><F123/><W27/><G103/><T17/><D24/><U26/><E26/><N who="2" m="14663" /><F74/><W20/><G124/><T80/><D5/><U70/><E94/><N who="2" m="54543" /><F128/><W38/><G130/><T108/><D108/><U11/><E71/><V81/><F31/><W111/><G20/><T118/><D118/><U106/><E70/><V37/><F37/><W129/><G111/><T6/><D6/><U2/><E105/><V134/><F134/><W97/><G129/><T133/><D133/><U115/><E106/><V102/><F62/><N who="3" m="40023" /><G97/><T93/><D93/><U8/><E63/><V25/><F25/><W78/><G73/><T67/><REACH who="0" step="1"/><D58/><REACH who="0" ten="183,314,203,290" step="2"/><U10/><E119/><V61/><F107/><N who="3" m="63903" /><G38/><T96/><D96/><U49/><E132/><V131/><F131/><W42/><G42/><AGARI ba="0,1" hai="9,13,17,42,45,50,57,60,67,80,82,83,86,87" machi="42" ten="40,2600,0" yaku="1,1,8,1,53,0" doraHai="23" doraHaiUra="3" who="0" fromWho="3" sc="183,36,314,0,203,0,290,-26" owari="219,-18.1,314,41.4,203,-29.7,264,6.4" /></mjloggm>