<mjloggm ver="2.3"><GO type="169" lobby="0"/><UN n0="%E4%BA%BA%E7%8B%BC" n1="%63%68%69%73%73" n2="%E3%81%86%E3%81%A9%E3%82%93%E3%81%93" n3="%E3%81%9B%E3%81%A9%E3%81%AA%E3%82%8A%E3%81%82%E3%82%93" dan="16,16,16,17" rate="2061.02,2176.90,2109.70,2166.18" sx="M,M,M,M"/><TAIKYOKU oya="0"/><INIT seed="0,0,0,2,0,18" ten="250,250,250,250" oya="0" hai0="100,45,68,114,122,131,120,130,95,53,63,76,125" hai1="121,77,94,71,14,135,60,93,112,70,126,6,66" hai2="38,2,75,1,40,104,72,111,57,103,50,110,36" hai3="129,54,20,117,98,7,133,115,41,89,26,31,86"/><T74/><D74/><N who="2" m="28202" /><F57/><W106/><G117/><T48/><D76/><U90/><E77/><V30/><F30/><W64/><G115/><T119/><D100/><U134/><E121/><N who="0" m="46697" /><D95/><U27/><E126/><V35/><F50/><W37/><G129/><N who="0" m="49163" /><D114/><U8/><E112/><V21/><F21/><W73/><G133/><T43/><D119/><U9/><E27/><V34/><F103/><W123/><G73/><T24/><D24/><U101/><E101/><V22/><F22/><W124/><G124/><T82/><D82/><U44/><E44/><V23/><F23/><W3/><G26/><T19/><D19/><U107/><E107/><V10/><F10/><W5/><G106/><T105/><D105/><U118/><E118/><V32/><F40/><W109/><G41/><T4/><D4/><U113/><E113/><V61/><F61/><W15/><G5/><T16/><D16/><U59/><E9/><V67/><F67/><W11/><G7/><T102/><D102/><U25/><E25/><V85/><F85/><W56/><G86/><T46/><D125/><U13/><E94/><V33/><N who="2" m="8192" /><DORA hai="87" /><V0/><F104/><W79/><G20/><T29/><D29/><U17/><E17/><V84/><F84/><W65/><G31/><T80/><D80/><U49/><E134/><V78/><F78/><W97/><G79/><T28/><D28/><U88/><E135/><V83/><F83/><W62/><G11/><T55/><D45/><U96/><E8/><V52/><F52/><N who="0" m="20042" /><D63/><U132/><E132/><V69/><F1/><W51/><G123/><T92/><D92/><RYUUKYOKU ba="0,0" sc="250,30,250,-10,250,-10,250,-10" hai0="43,46,48,68" /><INIT seed="0,1,0,1,2,78" ten="280,240,240,240" oya="0" hai0="68,85,46,124,64,108,133,39,29,96,2,70,4" hai1="9,48,12,11,107,104,49,13,31,88,91,134,72" hai2="35,61,56,95,117,90,82,7,34,125,130,5,6" hai3="77,17,66,114,131,99,76,84,14,80,58,67,87"/><T21/><D133/><U62/><E62/><V23/><F130/><W89/><G131/><T63/><D124/><U36/><E31/><V3/><F3/><W97/><G114/><T120/><D120/><U81/><E134/><V55/><F125/><W15/><G58/><T32/><D2/><U8/><E36/><V111/><F111/><W28/><G28/><T86/><D4/><U47/><E72/><V16/><F117/><W1/><G1/><T113/><D70/><U118/><E118/><V123/><F123/><W128/><G128/><T18/><D113/><U105/><E47/><V59/><F59/><W103/><G103/><T119/><D119/><U52/><E52/><V73/><F73/><W127/><G127/><T126/><D126/><U129/><E129/><V19/><F19/><W115/><G115/><T27/><D108/><U54/><E54/><V110/><F110/><W74/><G74/><T116/><D116/><U106/><N who="1" m="26624" /><DORA hai="53" /><U121/><E121/><V112/><F82/><N who="3" m="47175" /><G14/><N who="1" m="5738" /><E81/><V50/><F112/><W98/><G89/><AGARI ba="1,0" hai="8,9,11,48,49,88,89,91" m="5738,26624" machi="89" ten="60,7700,0" yaku="28,2,54,1" doraHai="78,53" who="1" fromWho="3" sc="280,0,240,80,240,0,240,-80" /><INIT seed="1,0,0,4,2,4" ten="280,320,240,160" oya="1" hai0="51,9,83,70,82,1,80,49,29,63,60,39,93" hai1="41,91,97,85,10,54,106,81,130,19,58,36,132" hai2="99,135,134,17,2,35,133,43,121,123,90,115,88" hai3="8,109,34,3,12,100,47,113,103,86,52,18,45"/><U40/><E130/><V87/><F35/><W101/><G109/><T71/><D39/><U50/><E132/><V53/><F43/><W108/><G108/><T127/><D29/><U78/><E36/><V21/><F2/><W89/><G113/><T116/><D93/><U77/><E106/><V61/><F115/><W117/><G34/><T25/><D25/><U28/><E28/><V74/><F74/><W75/><G75/><T24/><D24/><U27/><E27/><N who="2" m="14767" /><F99/><W56/><G3/><T62/><D116/><U67/><E67/><V32/><F32/><W44/><G117/><T125/><D1/><U107/><E107/><V73/><F73/><W7/><G7/><T55/><D9/><U122/><E122/><N who="2" m="46603" /><F87/><W111/><G111/><T72/><D72/><U126/><E97/><V23/><F23/><W66/><G66/><T112/><D112/><U59/><E59/><AGARI ba="0,0" hai="53,59,61,88,90,133,134,135" m="46603,14767" machi="59" ten="40,2600,0" yaku="20,1,54,1" doraHai="4" who="2" fromWho="1" sc="280,0,320,-26,240,26,160,0" /><INIT seed="2,0,0,3,1,57" ten="280,294,266,160" oya="2" hai0="59,1,123,70,31,55,67,86,2,39,0,95,14" hai1="47,100,105,21,135,3,54,46,125,112,42,127,103" hai2="11,61,12,101,132,13,65,77,79,45,28,5,4" hai3="6,122,66,15,89,19,131,58,49,30,44,91,50"/><V124/><F132/><W81/><G122/><T102/><D123/><U63/><E112/><V33/><F124/><N who="1" m="47689" /><E135/><V80/><F101/><W116/><G116/><T108/><D108/><U96/><E3/><V51/><F33/><W119/><G119/><T23/><D39/><U88/><E103/><V84/><F28/><W109/><G109/><T113/><D113/><U118/><E118/><V62/><F79/><W7/><G30/><T93/><D102/><U36/><E21/><V106/><F106/><W111/><G131/><T121/><D121/><U128/><E128/><V134/><F134/><W10/><G111/><T97/><D97/><U68/><E47/><V107/><F107/><W22/><G81/><T130/><D130/><U72/><E54/><V75/><F75/><W48/><G44/><T87/><D67/><N who="1" m="41087" /><E88/><N who="3" m="33866" /><G22/><T98/><D98/><U71/><E71/><V8/><F65/><W56/><G56/><T32/><D70/><U133/><E133/><V76/><F76/><W35/><G35/><T52/><D59/><U117/><E117/><V18/><F18/><W110/><G110/><T129/><D129/><U94/><E94/><V82/><F82/><W74/><G74/><AGARI ba="0,0" hai="36,42,46,72,74,96,100,105" m="41087,47689" machi="74" ten="30,3900,0" yaku="18,1,23,1,52,1" doraHai="57" who="1" fromWho="3" sc="280,0,294,39,266,0,160,-39" /><INIT seed="3,0,0,0,3,85" ten="280,333,266,121" oya="3" hai0="119,8,57,63,39,10,56,22,15,87,100,49,46" hai1="71,125,92,126,6,102,127,93,129,80,51,44,73" hai2="4,89,2,122,52,98,38,103,64,32,112,105,14" hai3="37,7,69,68,110,18,96,60,29,82,48,134,47"/><W75/><G37/><T94/><D119/><U77/><E71/><V42/><F112/><W28/><G134/><T95/><D39/><U78/><E6/><V35/><F2/><W76/><G7/><T45/><D22/><U1/><E1/><V36/><F64/><W81/><G110/><T53/><D10/><U124/><E129/><V3/><F3/><W5/><G5/><N who="0" m="3471" /><D95/><U20/><E20/><V114/><F114/><W118/><G118/><T30/><D30/><U91/><E127/><V86/><F122/><W131/><G131/><T23/><D23/><U65/><E65/><V55/><F38/><W0/><G18/><T88/><D100/><U67/><E67/><AGARI ba="0,0" hai="45,46,49,53,56,57,63,67,87,88,94" m="3471" machi="67" ten="30,3900,0" yaku="8,1,52,1,54,1" doraHai="85" who="0" fromWho="1" sc="280,39,333,-39,266,0,121,0" /><INIT seed="4,0,0,2,2,89" ten="319,294,266,121" oya="0" hai0="2,37,90,112,50,67,21,43,54,98,85,119,94" hai1="132,42,57,110,38,125,44,7,84,25,34,120,78" hai2="131,105,15,121,51,30,39,20,68,18,8,124,33" hai3="83,88,133,114,117,59,87,55,126,127,122,3,79"/><T13/><D119/><U103/><E120/><V48/><F39/><W19/><G117/><T61/><D112/><U111/><E125/><N who="3" m="47626" /><G3/><T93/><D2/><U9/><E132/><V0/><F124/><W5/><G5/><T14/><D37/><U41/><E41/><V107/><F121/><W99/><G122/><T60/><D43/><U76/><E103/><V118/><F118/><W26/><G133/><T53/><D53/><U10/><E10/><V32/><F68/><W28/><G19/><N who="0" m="10479" /><D14/><U12/><E57/><V75/><F75/><W49/><G114/><T47/><D67/><U24/><E78/><V6/><F33/><N who="3" m="20631" /><G99/><T130/><D130/><U73/><E73/><V113/><F131/><W82/><G79/><T135/><D135/><U92/><E76/><V69/><F69/><W23/><G23/><T101/><AGARI ba="0,0" hai="47,50,54,60,61,85,90,93,94,98,101" m="10479" machi="101" ten="30,6000,0" yaku="8,1,52,2" doraHai="89" who="0" fromWho="0" sc="319,60,294,-20,266,-20,121,-20" /><INIT seed="4,1,0,4,3,31" ten="379,274,246,101" oya="0" hai0="38,95,119,44,69,89,105,25,88,20,66,4,43" hai1="133,101,70,99,10,56,73,8,103,111,127,47,41" hai2="75,80,26,76,23,130,14,29,24,22,125,32,9" hai3="16,129,98,74,124,86,128,123,39,0,7,97,92"/><T120/><D119/><U19/><E70/><V49/><F130/><N who="3" m="50283" /><G39/><T5/><D120/><U135/><E111/><V91/><F125/><W57/><G0/><T27/><D105/><U116/><E116/><V96/><F26/><W131/><G7/><T40/><D40/><U2/><E127/><V18/><F91/><N who="3" m="53367" /><G74/><T110/><D110/><U45/><E73/><V50/><F96/><W115/><N who="3" m="50291" /><W51/><DORA hai="48" /><G124/><T35/><D89/><U84/><E2/><V118/><F118/><W11/><G115/><T79/><D79/><U67/><E84/><V114/><F114/><W117/><G117/><T81/><D81/><U15/><E8/><V85/><F75/><W53/><G123/><T65/><D5/><U90/><E133/><V30/><F30/><W106/><G106/><T112/><D4/><U68/><E135/><V21/><AGARI ba="1,0" hai="9,14,18,21,22,23,24,29,32,49,50,76,80,85" machi="21" ten="30,2000,0" yaku="0,1,52,1" doraHai="31,48" who="2" fromWho="2" sc="379,-11,274,-6,246,23,101,-6" /><INIT seed="5,0,0,4,5,22" ten="368,268,269,95" oya="1" hai0="102,2,38,83,133,26,86,112,125,130,41,74,20" hai1="54,104,129,32,52,70,55,128,56,57,63,9,127" hai2="1,117,62,6,88,123,4,93,116,94,85,64,3" hai3="100,17,53,46,47,75,105,122,40,58,35,96,90"/><U114/><E104/><V77/><F123/><W72/><G122/><T87/><D2/><U126/><E32/><V67/><F77/><W27/><G90/><T131/><D112/><U71/><E9/><V92/><F62/><W68/><G68/><N who="1" m="26154" /><E114/><V115/><F115/><W16/><G75/><T28/><D125/><N who="1" m="47627" /><E63/><V34/><F34/><W61/><G72/><T30/><D133/><U18/><E18/><V81/><F1/><W44/><REACH who="3" step="1"/><G40/><REACH who="3" ten="368,268,269,85" step="2"/><T36/><D41/><U15/><E15/><V33/><F88/><W119/><G119/><T99/><D74/><U7/><E7/><V51/><F6/><W45/><N who="3" m="11264" /><DORA hai="108" /><W91/><G91/><T98/><D36/><U135/><E135/><V37/><F37/><W121/><G121/><T97/><D38/><U103/><E103/><V89/><F4/><W110/><G110/><T59/><D102/><U42/><E42/><V19/><F3/><W49/><G49/><T113/><D113/><U120/><E120/><V76/><F51/><W5/><G5/><T84/><D130/><AGARI ba="0,1" hai="52,54,55,56,57,128,129,130" m="47627,26154" machi="130" ten="40,18000,2" yaku="28,2,19,1,18,1,34,2,54,1" doraHai="22,108" who="1" fromWho="0" sc="368,-180,268,190,269,0,85,0" /><INIT seed="5,1,0,2,1,110" ten="188,458,269,85" oya="1" hai0="29,127,103,101,12,106,132,68,47,63,116,79,18" hai1="129,108,71,60,104,118,28,100,53,59,51,86,11" hai2="44,46,25,90,23,38,2,22,37,117,58,6,16" hai3="40,1,88,75,69,9,128,50,82,122,113,62,66"/><U93/><E118/><V120/><F117/><W21/><G122/><T67/><D116/><U112/><E108/><V99/><F120/><W32/><G32/><T3/><D3/><U133/><E129/><V5/><F38/><W8/><G128/><T98/><D127/><U0/><E133/><V115/><F37/><W34/><G34/><T73/><D132/><U57/><E28/><V48/><F2/><W130/><G130/><T24/><D103/><U89/><E71/><V20/><F20/><W107/><G107/><T135/><D135/><U65/><E104/><V123/><F123/><W83/><G83/><T125/><D125/><U97/><E0/><V14/><F58/><W102/><G102/><T10/><D47/><U7/><E11/><V36/><F36/><W30/><G75/><T42/><D42/><U33/><E7/><V131/><F46/><W19/><G30/><T45/><D45/><U105/><REACH who="1" step="1"/><E33/><REACH who="1" ten="188,448,269,85" step="2"/><V39/><F5/><W124/><G8/><T43/><D10/><U74/><E74/><V27/><F39/><W26/><G9/><T72/><D73/><U84/><E84/><V114/><F131/><W95/><G1/><T4/><D68/><U35/><E35/><V111/><F111/><W94/><G124/><T85/><D4/><U109/><E109/><V80/><F6/><W56/><G69/><T134/><D72/><U91/><E91/><V121/><F121/><W49/><G88/><T126/><D106/><U81/><E81/><V119/><F80/><W61/><G82/><T76/><D134/><U54/><E54/><N who="2" m="29959" /><F119/><W64/><G19/><RYUUKYOKU ba="1,1" sc="188,-10,448,30,269,-10,85,-10" hai1="51,53,57,59,60,65,86,89,93,97,100,105,112" /><INIT seed="5,2,1,3,3,19" ten="178,478,259,75" oya="1" hai0="61,24,119,111,59,110,27,83,98,113,88,74,42" hai1="54,37,3,9,135,124,62,75,96,69,81,109,39" hai2="26,12,57,87,91,65,121,130,117,40,47,50,13" hai3="95,68,94,33,66,25,90,64,112,14,107,129,105"/><U35/><E54/><V4/><F117/><W106/><G112/><T133/><D119/><U84/><E124/><V131/><F121/><W28/><G129/><N who="2" m="49161" /><F4/><W77/><G77/><T18/><D133/><U63/><E135/><V79/><F79/><W11/><G68/><T15/><D113/><U72/><E109/><V118/><F118/><W70/><G70/><T92/><D42/><U7/><E35/><V100/><F100/><W67/><REACH who="3" step="1"/><G90/><REACH who="3" ten="178,478,259,65" step="2"/><T30/><D110/><U44/><E69/><V6/><F91/><W51/><G51/><T132/><D132/><U99/><E39/><V123/><F50/><W36/><G36/><T20/><D111/><U48/><E37/><V104/><F123/><W49/><G49/><T116/><D116/><U5/><E48/><V41/><F40/><W0/><G0/><T114/><D114/><U43/><E43/><V21/><F41/><W108/><G108/><T120/><D120/><U17/><E3/><V85/><F47/><W76/><G76/><T101/><D74/><U46/><E75/><V16/><F57/><W45/><G45/><T97/><D30/><U55/><E44/><V56/><F56/><W80/><G80/><T73/><D73/><U34/><E46/><V8/><F85/><W60/><G60/><T78/><D78/><U29/><E84/><V1/><F87/><W93/><G93/><N who="0" m="58543" /><D83/><U126/><E81/><V32/><F104/><W89/><G89/><T53/><AGARI ba="2,2" hai="15,18,20,24,27,53,59,61,88,92,98" m="58543" machi="53" ten="30,4000,0" yaku="8,1,52,1,54,1" doraHai="19" who="0" fromWho="0" sc="178,66,478,-22,259,-12,65,-12" /><INIT seed="6,0,0,5,0,69" ten="244,456,247,53" oya="2" hai0="131,13,124,72,61,70,76,42,126,130,9,34,110" hai1="6,53,101,127,85,41,24,33,48,97,74,63,105" hai2="58,0,89,98,84,123,3,73,60,133,15,38,81" hai3="65,21,30,43,135,117,16,94,114,107,7,115,109"/><V14/><F123/><W91/><G117/><T40/><D72/><U111/><E111/><V51/><F133/><W31/><G109/><T113/><D76/><U4/><E74/><V44/><F73/><W79/><G107/><T93/><D34/><U125/><E85/><V17/><F15/><W87/><G79/><T120/><D110/><U55/><E41/><V22/><F98/><W119/><G119/><T102/><D102/><U68/><E24/><V1/><F38/><W100/><G100/><T25/><D93/><U35/><E33/><V95/><F81/><W45/><G65/><N who="0" m="41263" /><D25/><U71/><E35/><V134/><F134/><W52/><G7/><T18/><D120/><U86/><E71/><V64/><REACH who="2" step="1"/><F0/><REACH who="2" ten="244,456,237,53" step="2"/><W121/><G121/><T90/><D113/><N who="3" m="43017" /><G135/><T12/><D13/><U77/><E97/><V59/><F59/><W132/><G132/><T116/><D116/><U26/><E68/><V96/><F96/><W128/><G128/><N who="0" m="49195" /><D90/><U10/><E101/><V122/><F122/><W46/><G91/><T103/><D103/><U23/><E77/><V106/><F106/><W99/><G99/><T56/><D56/><N who="1" m="35215" /><E105/><V2/><F2/><W49/><G87/><T28/><D28/><U82/><E86/><V66/><F66/><W80/><G80/><T57/><D57/><U29/><E82/><V20/><F20/><W112/><N who="3" m="43025" /><W50/><DORA hai="62" /><G94/><T78/><D78/><U104/><E104/><V8/><F8/><W92/><G92/><T19/><D9/><U36/><E10/><V88/><F88/><W5/><G5/><N who="1" m="2154" /><E36/><V67/><F67/><RYUUKYOKU ba="0,1" sc="244,-30,456,10,237,10,53,10" hai1="23,26,29,48,55,125,127" hai2="1,3,14,17,22,44,51,58,60,64,84,89,95" hai3="16,21,30,31,43,45,46,49,50,52" /><INIT seed="6,1,1,5,1,6" ten="214,466,247,63" oya="2" hai0="42,94,80,43,91,37,128,64,106,118,133,28,30" hai1="84,132,116,135,22,108,95,67,134,107,131,62,36" hai2="65,49,61,78,68,89,16,13,110,97,17,117,115" hai3="57,5,7,79,86,33,113,121,45,27,48,70,44"/><V124/><F117/><W71/><G121/><T104/><D128/><U96/><E116/><V23/><F115/><W34/><G113/><T8/><D118/><U85/><E131/><V120/><F120/><W35/><G27/><T112/><D112/><U73/><E73/><V2/><F2/><W25/><G25/><T102/><D133/><U76/><E107/><V4/><F124/><W126/><G57/><T15/><D64/><U54/><E108/><V18/><F110/><W105/><G105/><T41/><D37/><U63/><E36/><V46/><F78/><W100/><G100/><T14/><D80/><U88/><E22/><V9/><F97/><W32/><N who="3" m="8192" /><DORA hai="12" /><W114/><G126/><T129/><D129/><U47/><E76/><V58/><F89/><W111/><G111/><T59/><D59/><N who="1" m="35191" /><E47/><V103/><F103/><W92/><G114/><T90/><D104/><U51/><E51/><V77/><F77/><W81/><G92/><T56/><D56/><AGARI ba="1,1" hai="56,63,67,84,85,88,95,96,132,134,135" m="35191" machi="56" ten="30,2000,0" yaku="20,1,54,1" doraHai="6,12" who="1" fromWho="0" sc="214,-23,466,33,247,0,63,0" /><INIT seed="7,0,0,3,3,42" ten="191,499,247,63" oya="3" hai0="78,56,39,107,85,81,69,11,94,70,49,128,16" hai1="43,3,127,23,67,7,124,114,50,0,15,55,19" hai2="109,21,135,82,131,31,118,22,77,91,113,38,45" hai3="51,36,133,37,17,72,76,112,66,57,83,64,120"/><W6/><G120/><T71/><D128/><U33/><E114/><V125/><F109/><W63/><G112/><T106/><D39/><U58/><E33/><V75/><F113/><W111/><G133/><T84/><D84/><U65/><E43/><V48/><F38/><W25/><G111/><T2/><D2/><N who="1" m="555" /><E7/><V98/><F131/><W28/><G6/><T123/><D123/><U90/><E90/><V104/><F135/><W108/><G108/><T29/><D29/><U101/><E101/><V80/><F125/><AGARI ba="0,0" hai="15,19,23,50,55,58,65,67,124,125,127" m="555" machi="125" ten="30,1000,0" yaku="18,1" doraHai="42" who="1" fromWho="2" sc="191,0,499,10,247,-10,63,0" owari="191,-20.9,509,60.9,237,3.7,63,-43.7" /></mjloggm>