<mjloggm ver="2.3"><GO type="169" lobby="0"/><UN n0="%61%63%74%79" n1="%E3%83%89%E3%83%A9%E3%81%AA%E3%81%8A" n2="%E3%81%8B%E3%82%8F%E3%81%97%E3%81%83" n3="%74%6F%69%72%6F" dan="16,16,16,16" rate="2033.77,2087.84,2107.27,2104.83" sx="M,M,M,F"/><TAIKYOKU oya="0"/><INIT seed="0,0,0,3,0,56" ten="250,250,250,250" oya="0" hai0="40,122,19,1,54,18,123,41,30,84,103,12,74" hai1="110,89,49,121,24,32,13,135,125,28,114,80,108" hai2="57,116,113,4,99,48,53,71,126,3,68,130,112" hai3="58,36,117,90,7,10,76,43,46,81,69,132,79"/><T83/><D1/><U61/><E121/><V102/><F126/><W104/><G69/><T31/><D74/><U50/><E125/><V27/><F130/><W63/><G117/><T109/><D103/><U94/><E135/><V115/><F116/><W78/><G104/><T26/><D109/><N who="1" m="42091" /><E114/><V106/><F3/><W133/><G90/><T35/><D31/><U66/><E13/><V88/><F4/><W93/><G93/><T129/><D129/><U59/><E80/><V16/><REACH who="2" step="1"/><F88/><REACH who="2" ten="250,250,240,250" step="2"/><W72/><G132/><T92/><D122/><U60/><E89/><V11/><F11/><W97/><G133/><T38/><D123/><U119/><E119/><V20/><AGARI ba="0,1" hai="16,20,27,48,53,57,68,71,99,102,106,112,113,115" machi="20" ten="40,8000,1" yaku="1,1,0,1,54,1,53,1" doraHai="56" doraHaiUra="45" who="2" fromWho="2" sc="250,-40,250,-20,240,90,250,-20" /><BYE who="3" /><INIT seed="1,0,0,0,2,6" ten="210,230,330,230" oya="1" hai0="76,80,90,17,98,28,50,101,63,25,127,2,3" hai1="87,112,77,113,62,41,48,116,36,100,107,22,52" hai2="72,122,130,0,46,117,86,74,114,54,14,68,128" hai3="106,92,59,124,60,47,133,94,10,65,81,43,32"/><U69/><E116/><UN n3="%74%6F%69%72%6F" /><V5/><F117/><W82/><G106/><T11/><D127/><U42/><E100/><V104/><F104/><W29/><G124/><T8/><D90/><U88/><E107/><V83/><F122/><W135/><G29/><T121/><D50/><U75/><E77/><V126/><F68/><W53/><G32/><T71/><D121/><U108/><E75/><V18/><F126/><W93/><G65/><T23/><D63/><U19/><E108/><V15/><F0/><W132/><REACH who="3" step="1"/><G10/><REACH who="3" ten="210,230,330,220" step="2"/><T13/><D8/><U4/><E113/><V119/><F114/><W103/><G103/><T85/><REACH who="0" step="1"/><D71/><REACH who="0" ten="200,230,330,220" step="2"/><U91/><E112/><V51/><F119/><W33/><G33/><T21/><D21/><U123/><E123/><V120/><F120/><W27/><G27/><T12/><D12/><U125/><E125/><V26/><F26/><W64/><G64/><T40/><D40/><U105/><E42/><V134/><F14/><W78/><G78/><T79/><D79/><U84/><E41/><V118/><F118/><W57/><G57/><T55/><D55/><U45/><E52/><V131/><F5/><W110/><G110/><T95/><AGARI ba="0,2" hai="2,3,11,13,17,23,25,28,76,80,85,95,98,101" machi="95" ten="20,12000,2" yaku="1,1,0,1,7,1,52,1,53,2" doraHai="6" doraHaiUra="34" who="0" fromWho="0" sc="200,140,230,-60,330,-30,220,-30" /><INIT seed="2,0,0,2,2,113" ten="340,170,300,190" oya="2" hai0="134,72,4,91,51,95,35,31,100,67,6,99,63" hai1="75,85,16,40,23,1,8,13,105,133,69,110,64" hai2="49,12,22,7,59,44,32,104,119,14,46,126,128" hai3="122,34,65,94,20,9,58,116,24,118,86,42,76"/><V45/><F104/><W79/><G122/><T81/><D134/><U48/><E133/><V57/><F32/><W114/><G34/><T90/><D90/><U93/><E110/><V80/><F128/><W106/><G106/><T77/><D51/><U68/><E105/><V87/><F126/><W41/><G114/><T109/><D109/><U101/><E75/><V25/><F119/><W50/><G9/><T38/><D38/><U15/><E1/><V129/><F129/><W103/><G79/><T53/><D53/><U11/><E23/><V17/><F7/><W92/><G92/><T37/><D37/><U26/><E26/><V107/><F107/><W47/><G42/><T52/><D52/><U73/><E73/><V70/><F70/><W124/><G124/><T115/><D100/><U83/><E64/><V96/><F96/><N who="3" m="59799" /><G86/><T84/><D72/><U120/><E120/><V18/><F49/><W0/><G76/><T111/><D111/><U33/><E33/><V55/><F55/><W135/><G0/><T62/><D77/><U112/><E112/><V127/><F127/><W28/><G135/><T27/><D115/><U98/><E48/><V108/><F108/><W131/><G131/><T74/><D74/><U117/><E40/><V121/><F121/><W78/><G78/><N who="0" m="46135" /><D67/><U71/><E117/><V3/><F3/><W89/><G89/><T56/><D63/><AGARI ba="0,0" hai="20,24,28,41,47,50,58,63,65,116,118" m="59799" machi="63" ten="30,3900,0" yaku="25,1,52,2" doraHai="113" who="3" fromWho="0" sc="340,-39,170,0,300,0,190,39" /><INIT seed="3,0,0,0,3,73" ten="301,170,300,229" oya="3" hai0="21,87,28,90,69,45,120,13,58,12,135,97,55" hai1="6,71,80,102,124,23,49,18,105,11,30,38,103" hai2="51,19,84,96,22,79,68,60,127,111,44,63,52" hai3="67,34,61,108,17,92,0,126,48,32,2,41,40"/><W15/><G126/><T50/><D135/><U110/><E38/><V133/><F133/><W122/><G122/><T53/><D69/><U5/><E71/><V114/><F111/><W39/><G39/><T14/><D97/><U78/><E110/><V100/><F114/><W4/><G108/><T123/><D123/><U106/><E124/><V54/><F127/><W16/><G4/><T129/><D129/><U72/><E30/><V43/><F68/><W125/><G92/><T35/><D35/><U118/><E118/><V113/><F113/><W81/><G125/><T26/><D120/><U57/><E105/><V62/><F96/><W29/><G81/><T93/><REACH who="0" step="1"/><D12/><REACH who="0" ten="291,170,300,229" step="2"/><U47/><E106/><V3/><F3/><W89/><G34/><T37/><D37/><U91/><E57/><V117/><F100/><W107/><G32/><T59/><D59/><U42/><E91/><V128/><F128/><W25/><G89/><T109/><D109/><U66/><E66/><V130/><F117/><W95/><G107/><T77/><D77/><U94/><E103/><V33/><F33/><W119/><G67/><T64/><D64/><U20/><E102/><V115/><F115/><W70/><G0/><T82/><D82/><U74/><E94/><V83/><F130/><W10/><G95/><T24/><D24/><AGARI ba="0,1" hai="19,22,24,43,44,51,52,54,60,62,63,79,83,84" machi="24" ten="40,5200,0" yaku="8,1,52,1,54,1" doraHai="73" who="2" fromWho="0" sc="291,-52,170,0,300,62,229,0" /><INIT seed="4,0,0,3,5,87" ten="239,170,362,229" oya="0" hai0="33,30,56,18,22,17,19,6,70,79,63,49,4" hai1="26,34,9,7,100,113,77,133,35,47,38,71,11" hai2="109,93,1,58,106,78,55,32,76,53,21,72,119" hai3="108,64,117,84,50,23,43,123,74,107,31,114,8"/><T66/><D79/><U124/><E71/><V37/><F109/><W89/><G108/><T135/><D135/><U15/><E133/><V132/><F32/><W57/><G117/><T52/><REACH who="0" step="1"/><D33/><REACH who="0" ten="229,170,362,229" step="2"/><U42/><E77/><V134/><F76/><W27/><G74/><T3/><D3/><U97/><E35/><V65/><F78/><W51/><G123/><T28/><D28/><U73/><E73/><V12/><F1/><W81/><G114/><T60/><D60/><U36/><E113/><V102/><F72/><W14/><G107/><T95/><D95/><U105/><E34/><V41/><F106/><W116/><G116/><T99/><D99/><U111/><E111/><V94/><F119/><W0/><G0/><T85/><D85/><U103/><E97/><N who="2" m="59695" /><F94/><W46/><G84/><T90/><D90/><U104/><E105/><V40/><F132/><W16/><G81/><T82/><D82/><U130/><E104/><V101/><F134/><W20/><G89/><T13/><D13/><U88/><E88/><V24/><F12/><W98/><G98/><T29/><D29/><U110/><E15/><V127/><F101/><W131/><G31/><T126/><D126/><U83/><E124/><V67/><F127/><W86/><G86/><T61/><D61/><U68/><E103/><V129/><F24/><AGARI ba="0,1" hai="4,6,17,18,19,22,24,30,49,52,56,63,66,70" machi="24" ten="40,3900,0" yaku="1,1,54,1,53,0" doraHai="87" doraHaiUra="125" who="0" fromWho="2" sc="229,49,170,0,362,-39,229,0" /><INIT seed="4,1,0,4,0,66" ten="278,170,323,229" oya="0" hai0="123,98,108,5,102,36,48,52,42,104,26,85,86" hai1="33,110,14,94,118,18,112,15,68,129,81,35,31" hai2="54,100,13,40,101,74,19,82,51,78,4,93,70" hai3="128,105,79,87,99,10,30,20,73,125,58,133,106"/><T39/><D123/><U97/><E110/><V127/><F127/><W12/><G73/><T135/><D108/><U44/><E118/><V124/><F124/><W55/><G125/><T2/><D135/><U75/><E129/><V49/><F70/><W11/><G128/><T25/><D2/><U64/><E112/><V77/><F78/><W119/><G119/><T109/><D5/><U122/><E122/><V47/><F4/><W38/><G38/><T0/><D0/><U53/><E75/><V22/><REACH who="2" step="1"/><F93/><REACH who="2" ten="278,170,313,229" step="2"/><W63/><G79/><T111/><D111/><U130/><E68/><V43/><F43/><W61/><G106/><T115/><D109/><U23/><E130/><V113/><F113/><W37/><G105/><T50/><D115/><U24/><E94/><V7/><F7/><W121/><G121/><T90/><D42/><U95/><E95/><V103/><F103/><W46/><G133/><T134/><D134/><U91/><E91/><V71/><F71/><W88/><G88/><T131/><D131/><U1/><E97/><V17/><F17/><W96/><G96/><T80/><D90/><U8/><E18/><V116/><F116/><W3/><G99/><T41/><D98/><U84/><E31/><V6/><F6/><W117/><G117/><T83/><D102/><U16/><E16/><V132/><F132/><W45/><G3/><T65/><D41/><U21/><E1/><V107/><F107/><W34/><G30/><T92/><D92/><U126/><E126/><V28/><F28/><W59/><G87/><T9/><D104/><U29/><E84/><RYUUKYOKU ba="1,1" sc="278,-10,170,-10,313,30,229,-10" hai2="13,19,22,40,47,49,51,54,74,77,82,100,101" /><INIT seed="5,2,1,2,1,73" ten="268,160,343,219" oya="1" hai0="46,89,70,50,2,33,78,43,48,99,90,80,16" hai1="56,11,100,29,120,44,14,12,38,122,17,117,72" hai2="45,57,67,124,20,112,111,92,36,98,35,58,86" hai3="108,77,4,131,66,65,53,114,5,39,68,8,101"/><U75/><E117/><V87/><F111/><W82/><G108/><T135/><D70/><U37/><E29/><V116/><F116/><W126/><G39/><T51/><D135/><U41/><E37/><V64/><F35/><W84/><G114/><T47/><D2/><U25/><E25/><V34/><F34/><W18/><G131/><T93/><D33/><U61/><E100/><V96/><F124/><W97/><G126/><T109/><D109/><U74/><REACH who="1" step="1"/><E14/><REACH who="1" ten="268,150,343,219" step="2"/><V121/><F36/><W129/><G129/><T40/><D51/><U130/><E130/><V49/><F49/><W28/><G28/><T62/><D62/><U22/><E22/><V83/><F20/><W7/><G68/><T132/><D132/><U55/><AGARI ba="2,2" hai="11,12,17,38,41,44,55,56,61,72,74,75,120,122" machi="55" ten="30,3000,0" yaku="1,1,0,1,53,0" doraHai="73" doraHaiUra="123" who="1" fromWho="1" sc="268,-12,150,56,343,-12,219,-12" /><INIT seed="5,3,0,1,3,77" ten="256,206,331,207" oya="1" hai0="104,37,10,15,81,111,41,43,3,64,108,24,16" hai1="86,88,39,83,2,112,96,48,65,82,33,54,12" hai2="61,20,21,0,31,56,95,122,84,134,11,127,105" hai3="131,52,91,90,109,59,101,7,70,36,22,110,8"/><U92/><E2/><V68/><F122/><W44/><G70/><T26/><D104/><U115/><E33/><V73/><F105/><W106/><G131/><T135/><D135/><U75/><E39/><V85/><F73/><W67/><G67/><T97/><D64/><U55/><E65/><V79/><F68/><W129/><G129/><T9/><D97/><U60/><E75/><V103/><F127/><W19/><G106/><T45/><D41/><U74/><E74/><V107/><F107/><W132/><G101/><T47/><D45/><U53/><E60/><V4/><F134/><W58/><G132/><T93/><D93/><N who="1" m="54423" /><E48/><V35/><F35/><W94/><G109/><T40/><D43/><U66/><E66/><N who="2" m="39207" /><F79/><W98/><G91/><T69/><D69/><U34/><E34/><V99/><F20/><W38/><G110/><T46/><D46/><U128/><E128/><V117/><F117/><W42/><G38/><T130/><D130/><U76/><E76/><V50/><F50/><W27/><REACH who="3" step="1"/><G52/><REACH who="3" ten="256,206,331,197" step="2"/><T29/><D108/><U51/><E51/><V30/><F103/><W100/><G100/><T49/><D37/><U25/><E55/><V17/><F99/><W32/><G32/><T1/><D111/><U78/><E54/><V23/><F95/><W133/><G133/><T102/><D102/><U13/><E53/><V121/><F121/><W63/><G63/><T118/><D40/><U71/><E71/><V80/><F85/><W5/><G5/><T113/><D49/><U116/><E96/><V123/><F123/><W87/><G87/><T89/><D47/><RYUUKYOKU ba="3,1" sc="256,-10,206,-10,331,-10,197,30" hai3="7,8,19,22,27,36,42,44,58,59,90,94,98" /><INIT seed="6,4,1,3,2,54" ten="246,196,321,227" oya="2" hai0="7,133,88,35,104,106,58,76,38,17,0,34,92" hai1="55,95,53,101,71,67,105,102,120,100,2,27,117" hai2="66,114,132,82,68,1,42,108,121,52,128,110,79" hai3="18,43,56,19,8,123,41,30,28,118,61,46,111"/><V36/><F1/><W122/><G118/><T49/><D38/><U62/><E117/><V20/><F121/><W24/><G111/><N who="2" m="42537" /><F114/><W23/><G122/><T93/><D76/><U72/><E120/><V87/><F128/><W98/><G123/><T3/><D17/><U11/><E72/><V5/><F5/><W45/><G98/><T116/><D116/><U83/><E105/><V33/><F33/><W40/><G19/><T112/><D49/><U129/><E129/><V96/><F20/><W78/><G78/><T25/><D7/><U130/><E130/><V64/><F68/><W31/><REACH who="3" step="1"/><G8/><REACH who="3" ten="246,196,321,217" step="2"/><T86/><D112/><U59/><E11/><V13/><F96/><W9/><G9/><T91/><D104/><U70/><E2/><V12/><F132/><W131/><G131/><T69/><D106/><U39/><E102/><V124/><F12/><W29/><N who="3" m="7168" /><DORA hai="15" /><W85/><G85/><T6/><D86/><U80/><E101/><V4/><F13/><W50/><G50/><T90/><D133/><U75/><E39/><V26/><F87/><W115/><G115/><T125/><D0/><U135/><E135/><V81/><F79/><W48/><G48/><T103/><D103/><U63/><E100/><V113/><F113/><W10/><G10/><T57/><D3/><U77/><E77/><V51/><F51/><W21/><G21/><T44/><D6/><U16/><E16/><V97/><F4/><W119/><G119/><T127/><D90/><U65/><E75/><V14/><F36/><W126/><G126/><T73/><D125/><U134/><E134/><RYUUKYOKU ba="4,2" sc="246,-10,196,-10,321,-10,217,30" hai3="18,23,24,40,41,43,45,46,56,61" /><INIT seed="7,5,2,4,1,34" ten="236,186,311,247" oya="3" hai0="55,11,68,102,23,73,111,93,52,42,117,78,120" hai1="67,54,107,45,6,26,56,99,101,18,122,17,87" hai2="30,72,64,83,124,40,24,125,41,121,91,8,32" hai3="61,12,94,127,81,131,66,22,38,80,59,16,123"/><W58/><G123/><T115/><D120/><U3/><E122/><V50/><F64/><W89/><G38/><T79/><D111/><U133/><E133/><V19/><F50/><W37/><G37/><T98/><D117/><U84/><E45/><V57/><F57/><W129/><G127/><N who="2" m="48713" /><F121/><W112/><G112/><T95/><D68/><U43/><E43/><V100/><F100/><W0/><G0/><T13/><D115/><U63/><E54/><N who="0" m="20521" /><D73/><U5/><E5/><V51/><F51/><W29/><G59/><T2/><D2/><U28/><E87/><N who="2" m="50687" /><F72/><W35/><G35/><T47/><D23/><U39/><E84/><V46/><F46/><W65/><G29/><T119/><D93/><U44/><E44/><V132/><F132/><W82/><REACH who="3" step="1"/><G65/><REACH who="3" ten="236,186,311,237" step="2"/><T134/><D134/><U104/><E39/><V9/><F32/><W118/><G118/><T110/><D119/><U103/><E28/><V130/><F30/><W21/><G21/><T71/><D71/><U90/><E3/><V4/><F130/><W116/><G116/><T49/><D110/><U76/><E56/><V77/><F8/><W33/><G33/><T105/><D105/><U106/><E106/><V126/><F126/><W97/><AGARI ba="5,3" hai="12,16,22,58,61,66,80,81,82,89,94,97,129,131" machi="97" ten="30,6000,0" yaku="1,1,0,1,54,1,53,0" doraHai="34" doraHaiUra="108" who="3" fromWho="3" sc="236,-25,186,-25,311,-25,237,105" owari="211,-18.9,161,-33.9,286,8.6,342,44.2" /></mjloggm>