<mjloggm ver="2.3"><GO type="169" lobby="0"/><UN n0="%E7%90%B4%E5%AF%84%E6%96%87%E4%B9%83" n1="%E4%BE%8D" n2="%E3%82%82%E3%81%93%E2%97%AF" n3="%E3%81%84%E3%81%AA%E3%81%A1%E3%81%83" dan="17,18,16,16" rate="2197.90,2256.82,2110.15,2062.08" sx="M,M,M,F"/><TAIKYOKU oya="0"/><INIT seed="0,0,0,1,1,31" ten="250,250,250,250" oya="0" hai0="87,75,5,48,29,53,98,129,16,117,52,86,63" hai1="60,76,11,61,77,133,66,21,43,110,17,116,0" hai2="59,109,124,36,14,92,42,103,8,95,80,83,2" hai3="119,130,49,65,94,25,121,78,128,7,131,122,127"/><T84/><D117/><U71/><E116/><V112/><F2/><W93/><G78/><T118/><D118/><U91/><E110/><V67/><F36/><W18/><G119/><T90/><D75/><U85/><E133/><V55/><F42/><W123/><G65/><T126/><D126/><U134/><E134/><V99/><F112/><W23/><G127/><T107/><D129/><U125/><E125/><V106/><F109/><W54/><REACH who="3" step="1"/><G7/><REACH who="3" ten="250,250,250,240" step="2"/><T88/><D5/><U40/><E66/><V44/><F67/><W32/><G32/><T111/><D111/><U10/><E77/><V101/><F124/><W64/><G64/><T79/><D79/><U27/><E76/><V70/><F70/><W34/><G34/><T39/><D39/><U12/><E71/><V51/><F106/><W9/><G9/><T30/><D107/><U37/><E37/><V35/><F35/><W1/><G1/><T28/><D98/><U115/><E10/><V104/><F8/><W113/><G113/><T45/><D16/><U120/><E115/><V6/><F99/><W81/><G81/><T20/><D20/><U19/><E0/><V132/><F80/><W135/><G135/><T82/><D82/><N who="1" m="49591" /><E120/><V46/><F104/><W22/><G22/><T57/><AGARI ba="0,1" hai="28,29,30,45,48,52,53,57,63,84,86,87,88,90" machi="57" ten="40,12000,1" yaku="0,1,8,1,54,2" doraHai="31" who="0" fromWho="0" sc="250,130,250,-40,250,-40,240,-40" /><INIT seed="0,1,0,4,5,38" ten="380,210,210,200" oya="0" hai0="34,111,55,22,5,60,125,45,122,121,56,30,52" hai1="83,49,35,86,128,132,28,82,134,74,16,81,129" hai2="90,11,79,102,61,99,7,105,15,120,64,18,48" hai3="71,0,69,24,70,51,63,94,124,29,100,73,31"/><T50/><D125/><U109/><E28/><V80/><F120/><W88/><G73/><T85/><D34/><U92/><E35/><V12/><F90/><W37/><G37/><T119/><D119/><U131/><E49/><V10/><F48/><W39/><G39/><T113/><D113/><U87/><E16/><V17/><F7/><W126/><G100/><T75/><D75/><U91/><E109/><V133/><F133/><N who="1" m="51305" /><E74/><V40/><F40/><W8/><G51/><T72/><D72/><U106/><E106/><V47/><F47/><W9/><G63/><T110/><D5/><U4/><E4/><V42/><F42/><W123/><G0/><T104/><D104/><U98/><AGARI ba="1,0" hai="81,82,83,86,87,91,92,98,128,129,131" m="51305" machi="98" ten="40,8000,1" yaku="19,1,20,1,34,2" doraHai="38" who="1" fromWho="1" sc="380,-41,210,83,210,-21,200,-21" /><INIT seed="1,0,0,2,0,89" ten="339,293,189,179" oya="1" hai0="0,63,29,44,36,48,64,122,68,104,94,118,78" hai1="22,69,62,75,54,116,73,82,33,32,12,49,15" hai2="58,128,14,126,13,25,125,65,19,86,113,124,74" hai3="59,51,24,130,42,2,135,30,55,11,106,77,7"/><U39/><E39/><V72/><F128/><W67/><G130/><T76/><D118/><U31/><E116/><V21/><F113/><W97/><G135/><T71/><D104/><U98/><E12/><N who="2" m="4715" /><F86/><W109/><G109/><T38/><D0/><U107/><E62/><AGARI ba="0,0" hai="19,21,25,58,62,65,72,74,124,125,126" m="4715" machi="62" ten="40,1300,0" yaku="18,1" doraHai="89" who="2" fromWho="1" sc="339,0,293,-13,189,13,179,0" /><INIT seed="2,0,0,3,5,113" ten="339,280,202,179" oya="2" hai0="51,86,110,91,78,66,49,114,22,57,25,52,106" hai1="134,128,31,76,79,36,92,59,38,16,115,88,56" hai2="40,12,44,48,90,123,112,98,61,130,43,46,2" hai3="69,15,102,27,35,80,104,8,62,81,93,65,11"/><V122/><F2/><W68/><G69/><T100/><D114/><U131/><E115/><V33/><F112/><W3/><G3/><T97/><D110/><U4/><E4/><V103/><F33/><W32/><G32/><T108/><D108/><U47/><E31/><V70/><F130/><N who="1" m="49705" /><E134/><V132/><F132/><W127/><G127/><T41/><D66/><U124/><E124/><V20/><F90/><W23/><G8/><T109/><D78/><N who="1" m="29739" /><E47/><V84/><F84/><W28/><G23/><T13/><D13/><U99/><E16/><V67/><F20/><W135/><G93/><T17/><D109/><U18/><E18/><V126/><F12/><W53/><G53/><T54/><D41/><U63/><E59/><V50/><REACH who="2" step="1"/><F126/><REACH who="2" ten="339,280,192,179" step="2"/><W119/><G135/><T73/><D73/><U121/><E121/><V9/><F9/><W116/><G11/><T133/><D133/><U85/><E85/><V6/><F6/><W75/><G15/><T39/><D86/><U72/><E72/><V14/><F14/><W118/><G75/><T95/><D22/><U24/><E24/><V5/><F5/><W82/><G80/><T125/><D25/><U29/><E29/><V37/><F37/><W117/><G116/><T7/><D7/><U45/><E45/><V42/><F42/><W21/><G21/><T19/><D39/><U107/><E107/><AGARI ba="0,1" hai="40,43,44,46,48,50,61,67,70,98,103,107,122,123" machi="107" ten="30,5800,0" yaku="1,1,7,1,9,1,53,0" doraHai="113" doraHaiUra="105" who="2" fromWho="1" sc="339,0,280,-58,192,68,179,0" /><INIT seed="2,1,0,5,1,82" ten="339,222,260,179" oya="2" hai0="51,4,58,33,43,27,29,80,44,24,45,6,105" hai1="26,18,101,56,32,108,120,41,64,119,128,55,67" hai2="62,98,42,66,7,103,126,22,46,12,115,79,97" hai3="2,109,87,88,91,63,104,57,123,93,127,54,5"/><V71/><F126/><W118/><G109/><T23/><D105/><U13/><E119/><V36/><F115/><W107/><G127/><T15/><D58/><U21/><E108/><V60/><F79/><W86/><G123/><T11/><D4/><U49/><E128/><V114/><F114/><W8/><REACH who="3" step="1"/><G118/><REACH who="3" ten="339,222,260,169" step="2"/><T20/><D27/><U124/><E124/><V134/><F134/><W83/><AGARI ba="1,1" hai="2,5,8,54,57,63,83,86,87,88,91,93,104,107" machi="83" ten="20,16000,3" yaku="1,1,2,1,0,1,7,1,52,2,54,1,53,1" doraHai="82" doraHaiUra="76" who="3" fromWho="3" sc="339,-41,222,-41,260,-81,169,173" /><INIT seed="3,0,0,2,3,98" ten="298,181,179,342" oya="3" hai0="104,128,78,45,27,101,83,7,11,132,114,32,97" hai1="25,47,121,135,28,112,130,91,21,125,68,93,80" hai2="10,94,115,126,15,61,16,82,120,124,111,57,54" hai3="6,122,95,107,86,90,29,46,106,79,103,75,96"/><W19/><G6/><T0/><D128/><U49/><E121/><V56/><F111/><W9/><G29/><T26/><D132/><U59/><E125/><V20/><F115/><W39/><G122/><T117/><D117/><U105/><E130/><V38/><F120/><W67/><G67/><T92/><D114/><U99/><E135/><V23/><F38/><W34/><G34/><T108/><D108/><U60/><E68/><V70/><F70/><W66/><G66/><T48/><D32/><U12/><E105/><V3/><F82/><N who="3" m="45439" /><G107/><T58/><D58/><U71/><E71/><V134/><F134/><W127/><G127/><N who="2" m="48681" /><F3/><W129/><G129/><T52/><REACH who="0" step="1"/><D104/><REACH who="0" ten="288,181,179,342" step="2"/><U65/><E112/><V43/><F57/><W72/><G46/><T35/><D35/><U73/><E73/><AGARI ba="0,1" hai="0,7,11,26,27,45,48,52,73,78,83,92,97,101" machi="73" ten="30,7700,0" yaku="1,1,7,1,52,1,54,1,53,0" doraHai="98" doraHaiUra="133" who="0" fromWho="1" sc="288,87,181,-77,179,0,342,0" /><INIT seed="4,0,0,2,3,105" ten="375,104,179,342" oya="0" hai0="96,31,34,30,83,116,54,82,69,94,37,97,36" hai1="90,132,14,102,74,51,59,92,8,10,53,5,126" hai2="15,133,33,124,107,13,75,61,84,81,121,135,101" hai3="104,65,76,71,106,22,119,11,103,111,35,9,47"/><T129/><D116/><U117/><E126/><V93/><F121/><W114/><G111/><T79/><D69/><U128/><E132/><N who="2" m="50763" /><F124/><W23/><G114/><T125/><D125/><U28/><E128/><V17/><F33/><W25/><G47/><T87/><D129/><U70/><E70/><V91/><F61/><W49/><G49/><T63/><D97/><U24/><E117/><V29/><F29/><W60/><G76/><T40/><D40/><U66/><E102/><V131/><F131/><W12/><G106/><T130/><D130/><U72/><E10/><V115/><F17/><W85/><G85/><T118/><D118/><U27/><E66/><V2/><F2/><W127/><G127/><T43/><D43/><U89/><E27/><V56/><F56/><W62/><G62/><T55/><D34/><U19/><E19/><V108/><F115/><W48/><G48/><T38/><D63/><U21/><REACH who="1" step="1"/><E90/><REACH who="1" ten="375,94,179,342" step="2"/><V109/><F13/><W1/><G12/><T112/><D112/><U4/><E4/><V58/><F15/><W68/><G71/><T78/><D31/><U122/><E122/><V42/><F101/><W7/><G9/><T120/><D30/><U52/><E52/><V77/><F108/><W44/><G119/><T123/><D123/><U41/><E41/><V26/><F109/><W86/><G68/><T45/><D120/><U57/><E57/><V32/><F42/><W67/><G7/><T88/><REACH who="0" step="1"/><D45/><REACH who="0" ten="365,94,179,342" step="2"/><U46/><E46/><V110/><F110/><W0/><G44/><T39/><N who="0" m="9216" /><DORA hai="64" /><T95/><D95/><U18/><E18/><RYUUKYOKU ba="0,2" sc="365,15,94,15,179,-15,342,-15" hai0="54,55,78,79,82,83,87,88,94,96" hai1="5,8,14,21,24,28,51,53,59,72,74,89,92" /><INIT seed="4,1,2,1,2,135" ten="380,109,164,327" oya="0" hai0="6,67,124,76,26,12,82,87,98,0,38,114,81" hai1="108,43,36,104,20,23,18,112,37,64,35,111,99" hai2="54,119,40,69,56,3,92,24,48,100,115,63,33" hai3="4,65,103,89,128,85,50,127,59,78,7,97,61"/><T8/><D38/><U118/><E118/><V83/><F3/><W21/><G128/><T113/><D67/><U91/><E35/><V75/><F115/><N who="0" m="44042" /><D0/><U34/><E34/><V133/><F133/><W74/><G50/><T116/><D116/><U88/><E112/><V131/><F131/><W15/><G78/><T16/><D98/><U29/><E64/><V79/><F119/><W94/><G74/><T45/><D45/><U122/><E122/><V2/><F2/><W51/><G51/><T60/><D60/><U71/><E71/><V19/><F69/><W47/><G47/><T14/><D26/><U110/><E104/><V86/><F40/><W22/><G4/><T39/><D39/><U101/><E37/><V5/><F63/><W107/><G7/><T9/><D81/><U125/><E43/><V11/><F5/><W117/><G117/><T17/><D17/><U30/><E18/><V1/><F19/><W72/><G15/><T49/><D49/><U70/><E36/><V28/><F1/><W62/><G61/><T90/><D76/><U66/><E66/><V68/><F79/><W27/><G27/><T77/><D77/><U13/><E70/><V102/><F24/><W57/><G59/><T134/><D134/><U120/><E110/><V126/><F56/><W53/><G65/><T121/><D121/><U95/><E120/><V129/><F68/><W106/><G72/><T130/><D130/><U93/><E111/><V132/><F129/><W41/><G62/><T84/><D84/><U105/><E108/><V55/><F132/><W46/><G85/><RYUUKYOKU ba="1,2" sc="380,30,109,-10,164,-10,327,-10" hai0="6,8,9,12,14,16,82,87,90,124" /><INIT seed="4,2,2,0,0,47" ten="410,99,154,317" oya="0" hai0="37,2,16,18,90,131,91,51,23,33,38,13,114" hai1="5,48,86,108,80,97,133,107,50,27,109,67,10" hai2="59,130,115,94,87,102,95,45,123,46,105,11,84" hai3="126,70,119,89,81,4,62,124,85,17,101,69,19"/><T76/><D2/><U116/><E116/><V63/><F123/><W132/><G119/><T98/><D33/><U28/><E67/><V135/><F105/><W121/><G121/><T35/><D35/><U9/><E109/><V134/><F115/><W77/><G132/><N who="2" m="50729" /><F130/><W14/><G101/><T79/><D114/><U0/><E108/><V39/><F11/><N who="3" m="4455" /><G77/><T113/><D113/><U60/><E133/><V49/><F39/><W100/><G100/><T32/><D32/><U125/><E125/><N who="3" m="48234" /><G62/><T66/><D131/><U110/><E10/><V12/><F12/><W41/><G41/><T99/><D66/><U36/><E36/><V120/><F45/><W7/><G7/><T75/><D75/><U104/><E110/><V40/><F120/><W96/><G96/><T117/><D117/><U88/><E60/><V53/><F102/><W127/><G127/><T111/><D111/><U112/><E112/><V29/><F29/><W82/><G82/><T92/><D38/><U57/><E97/><V128/><F128/><W6/><G6/><T21/><D37/><U34/><REACH who="1" step="1"/><E57/><REACH who="1" ten="410,89,154,317" step="2"/><V68/><F68/><AGARI ba="2,3" hai="17,19,68,69,70,81,85,89" m="48234,4455" machi="68" ten="30,1000,0" yaku="18,1" doraHai="47" who="3" fromWho="2" sc="410,0,89,0,154,-16,317,46" /><INIT seed="5,0,0,3,3,115" ten="410,89,138,363" oya="1" hai0="104,116,93,5,63,16,120,89,67,32,23,51,108" hai1="7,133,113,99,37,3,78,50,36,128,84,135,81" hai2="29,97,9,121,73,101,95,72,42,12,109,111,94" hai3="134,59,35,24,21,1,85,54,86,25,76,102,118"/><U74/><E113/><V126/><F121/><W106/><G1/><T6/><D120/><U83/><E128/><V77/><F29/><W15/><G134/><N who="1" m="51210" /><E99/><V123/><F123/><W71/><G71/><T90/><D108/><U47/><E7/><V52/><F42/><W22/><G15/><T129/><D129/><U64/><E64/><V82/><F126/><W58/><G35/><T62/><D104/><U56/><E56/><V45/><F72/><W98/><G76/><T107/><D107/><U112/><E3/><V41/><F94/><W10/><G10/><T70/><D32/><U68/><E68/><V87/><F73/><W8/><G8/><T117/><D51/><U38/><E112/><V127/><F52/><W130/><G130/><T80/><D80/><N who="1" m="47127" /><E74/><V103/><F103/><W66/><G66/><T30/><D63/><U40/><AGARI ba="0,0" hai="36,37,38,40,47,50,81,83" m="47127,51210" machi="40" ten="40,2100,0" yaku="20,1" doraHai="115" who="1" fromWho="1" sc="410,-7,89,21,138,-7,363,-7" /><INIT seed="5,1,0,4,0,74" ten="403,110,131,356" oya="1" hai0="82,130,78,28,116,86,72,0,83,27,25,88,24" hai1="75,48,64,44,108,65,67,58,84,104,80,13,97" hai2="61,77,41,115,122,94,123,66,12,119,62,125,33" hai3="23,59,107,81,39,120,38,118,32,103,9,68,51"/><U96/><E108/><V110/><F110/><W17/><G68/><T47/><D116/><U11/><E75/><V29/><F119/><W7/><G32/><T91/><D0/><U5/><E58/><V117/><F117/><W10/><G10/><T135/><D130/><U134/><E104/><V8/><F125/><W121/><G118/><T133/><D28/><U34/><E34/><V50/><F115/><W36/><G103/><T2/><D2/><U30/><E30/><V31/><F94/><W131/><G107/><T4/><D4/><U37/><E37/><V95/><F95/><W57/><G81/><T87/><REACH who="0" step="1"/><D47/><REACH who="0" ten="393,110,131,356" step="2"/><U105/><E134/><V99/><F31/><W14/><G131/><T1/><D1/><U76/><REACH who="1" step="1"/><E105/><REACH who="1" ten="393,100,131,356" step="2"/><V15/><F29/><W6/><G121/><T18/><D18/><U111/><E111/><V124/><F122/><W45/><G120/><T35/><D35/><U90/><E90/><V63/><F123/><W49/><G45/><T92/><AGARI ba="1,2" hai="24,25,27,72,78,82,83,86,87,88,91,92,133,135" machi="92" ten="30,7900,0" yaku="1,1,0,1,52,1,54,1,53,0" doraHai="74" doraHaiUra="109" who="0" fromWho="0" sc="393,102,100,-40,131,-21,356,-21" /><INIT seed="6,0,0,1,1,3" ten="495,60,110,335" oya="2" hai0="27,50,94,118,66,24,83,29,127,19,45,129,97" hai1="104,112,58,38,92,133,132,110,99,117,124,128,51" hai2="68,101,32,6,109,111,77,107,120,125,74,78,43" hai3="25,61,40,134,90,126,7,14,82,98,113,44,108"/><V13/><F32/><W56/><G108/><N who="2" m="41545" /><F68/><W59/><G134/><N who="1" m="51818" /><E110/><V119/><F120/><W131/><G131/><T80/><D129/><U100/><E128/><V121/><F121/><W72/><G126/><T39/><D127/><U60/><E124/><V135/><F119/><W47/><G113/><T57/><D118/><U87/><E117/><V89/><F74/><W41/><G72/><T31/><D19/><U95/><E38/><V18/><F43/><N who="3" m="16459" /><G25/><T20/><D39/><U106/><E51/><V93/><F101/><W5/><G59/><T76/><D57/><U8/><E112/><V65/><F65/><N who="3" m="39079" /><G14/><T33/><D66/><N who="1" m="39191" /><E8/><V84/><F125/><W85/><G98/><T91/><D76/><U52/><E52/><AGARI ba="0,0" hai="20,24,27,29,31,33,45,50,52,80,83,91,94,97" machi="52" ten="30,2000,0" yaku="7,1,54,1" doraHai="3" who="0" fromWho="1" sc="495,20,60,-20,110,0,335,0" /><INIT seed="7,0,0,4,0,112" ten="515,40,110,335" oya="3" hai0="111,81,61,132,103,120,80,74,67,57,109,14,126" hai1="102,68,99,38,6,116,54,41,8,124,33,22,88" hai2="31,29,66,5,37,48,44,50,34,40,117,63,79" hai3="130,131,105,12,56,73,0,59,46,129,32,128,115"/><W39/><G0/><T19/><D126/><U85/><E33/><V27/><F117/><W4/><G32/><T84/><D132/><U49/><E124/><V23/><F5/><W83/><G115/><T53/><D120/><U77/><E68/><V36/><F79/><W89/><N who="3" m="32768" /><DORA hai="1" /><W42/><G105/><T52/><D74/><U16/><E116/><V98/><F50/><W62/><G62/><T97/><D81/><U113/><E113/><V135/><F135/><W71/><G71/><T18/><D18/><U9/><E38/><V7/><F7/><W110/><G110/><T60/><D60/><U69/><E41/><V125/><F125/><W101/><G101/><T93/><D109/><U78/><E69/><V51/><F51/><W28/><G28/><T134/><D134/><U26/><E99/><V58/><F98/><W35/><G35/><T92/><D92/><N who="1" m="54287" /><E102/><V87/><F31/><W17/><G4/><T11/><D111/><U15/><E8/><V133/><F34/><W90/><G73/><T76/><AGARI ba="0,0" hai="11,14,19,52,53,57,61,67,76,80,84,93,97,103" machi="76" ten="20,5200,0" yaku="0,1,7,1,8,1,54,1" doraHai="112,1" who="0" fromWho="0" sc="515,52,40,-13,110,-13,335,-26" owari="567,66.7,27,-47.3,97,-30.3,309,10.9" /></mjloggm>