<mjloggm ver="2.3"><GO type="169" lobby="0"/><UN n0="%6B%73%77%72%74" n1="%37%36%35%2D%37%32" n2="%73%65%69%6A%69%64%6F%6E" n3="%E5%90%89%E7%A5%A5%E5%AF%BA%4B%47" dan="16,16,16,17" rate="2143.73,2063.53,2090.80,2140.07" sx="M,M,M,F"/><TAIKYOKU oya="0"/><INIT seed="0,0,0,1,1,90" ten="250,250,250,250" oya="0" hai0="9,70,104,51,75,30,96,66,120,5,52,111,82" hai1="39,40,135,31,116,57,77,17,122,18,123,81,132" hai2="130,10,16,58,61,28,12,76,15,109,41,35,71" hai3="14,36,25,88,49,89,22,105,87,21,54,27,84"/><T127/><D120/><N who="1" m="46123" /><E31/><V45/><F71/><W63/><G105/><T0/><D127/><U98/><E98/><V106/><F106/><W134/><G134/><N who="1" m="51242" /><E116/><V2/><F2/><W129/><G63/><T29/><D111/><U68/><E68/><V74/><F35/><W95/><G36/><T110/><D110/><U11/><E11/><V56/><F28/><W125/><G129/><T86/><D75/><N who="1" m="43199" /><E57/><V13/><F130/><W99/><G125/><T8/><D8/><U108/><E108/><V42/><F58/><N who="3" m="33103" /><G99/><T85/><D70/><U72/><E72/><V38/><F109/><W93/><G21/><T128/><D128/><U47/><AGARI ba="0,0" hai="17,18,39,40,47" m="43199,51242,46123" machi="47" ten="40,1500,0" yaku="20,1" doraHai="90" who="1" fromWho="1" sc="250,-7,250,15,250,-4,250,-4" /><INIT seed="1,0,0,1,4,54" ten="243,265,246,246" oya="1" hai0="13,123,113,80,1,104,57,117,71,64,32,85,107" hai1="96,70,86,84,100,62,63,18,127,39,28,12,94" hai2="79,65,91,89,72,103,59,6,8,99,33,52,87" hai3="44,76,110,9,125,116,134,66,75,3,36,35,73"/><U5/><E127/><V129/><F33/><W115/><RYUUKYOKU type="yao9" ba="0,0" sc="243,0,265,0,246,0,246,0" hai3="3,9,35,36,44,66,73,75,76,110,115,116,125,134" /><INIT seed="1,1,0,3,1,121" ten="243,265,246,246" oya="1" hai0="61,4,30,24,72,26,11,107,62,18,63,102,27" hai1="74,20,80,128,7,119,51,3,82,28,91,100,93" hai2="87,77,135,134,113,49,12,90,10,9,19,126,21" hai3="32,35,1,45,38,33,48,43,84,133,125,44,68"/><U14/><E128/><V2/><F113/><W81/><G68/><T40/><D72/><U55/><E119/><V106/><F106/><W70/><G70/><T59/><D40/><U64/><E64/><V65/><F65/><W22/><G1/><T130/><D130/><U6/><E100/><V132/><F77/><W34/><G125/><T16/><D30/><U123/><E123/><V50/><F126/><W127/><G127/><T96/><REACH who="0" step="1"/><D59/><REACH who="0" ten="233,265,246,246" step="2"/><U36/><E74/><V116/><F116/><W85/><G43/><T66/><D66/><U78/><E28/><V131/><F131/><W58/><G58/><T54/><D54/><U108/><E36/><V101/><F101/><W105/><G38/><T29/><D29/><U47/><E55/><V41/><F41/><W110/><G34/><T94/><D94/><U92/><E92/><V73/><F73/><W99/><G33/><T5/><D5/><U67/><E93/><N who="2" m="54495" /><F21/><W86/><G32/><T88/><D88/><U31/><E91/><V56/><F56/><W124/><G35/><T129/><D129/><U76/><E20/><V103/><F103/><W17/><G124/><T37/><D37/><U98/><E67/><V39/><F39/><W118/><G118/><T79/><D79/><U15/><E76/><V57/><F57/><W95/><G95/><T89/><D89/><U112/><E78/><V109/><F135/><W117/><G133/><T69/><D69/><U104/><E104/><V8/><F134/><W97/><G117/><T0/><AGARI ba="1,1" hai="0,4,11,16,18,24,26,27,61,62,63,96,102,107" machi="0" ten="30,4000,0" yaku="1,1,0,1,54,1,53,0" doraHai="121" doraHaiUra="114" who="0" fromWho="0" sc="233,53,265,-21,246,-11,246,-11" /><INIT seed="2,0,0,2,2,127" ten="286,244,235,235" oya="2" hai0="59,9,82,109,114,130,61,79,104,119,42,50,45" hai1="113,71,13,39,30,134,18,57,132,29,54,28,98" hai2="38,43,121,44,3,118,23,69,35,86,133,106,66" hai3="24,128,78,25,99,4,103,56,14,64,88,75,122"/><V48/><F106/><W11/><G122/><T100/><D109/><U131/><E113/><V32/><F121/><W101/><G128/><T36/><D114/><U37/><E71/><V31/><F3/><W7/><G7/><T110/><D110/><U60/><E98/><V120/><F120/><W65/><G78/><T105/><D119/><U93/><E93/><V52/><F118/><W40/><G75/><T22/><D100/><N who="3" m="38473" /><G40/><T102/><D102/><U47/><E131/><V21/><F133/><N who="1" m="51305" /><E47/><V70/><F86/><W90/><G56/><T125/><D125/><U91/><E91/><N who="3" m="34858" /><G99/><T97/><D97/><U76/><E76/><V16/><F70/><W51/><G51/><T92/><D92/><U111/><E111/><V107/><F107/><W20/><G25/><T62/><D130/><U124/><E124/><V34/><F69/><W8/><G11/><AGARI ba="0,0" hai="11,13,18,28,29,30,37,39,54,57,60" m="51305" machi="11" ten="30,1000,0" yaku="20,1" doraHai="127" who="1" fromWho="3" sc="286,0,244,10,235,0,235,-10" /><INIT seed="3,0,0,2,4,111" ten="286,254,235,225" oya="3" hai0="42,32,132,44,21,51,18,45,36,109,85,97,12" hai1="107,106,91,14,121,127,96,66,119,7,26,28,74" hai2="29,27,114,76,64,95,54,112,73,65,104,4,90" hai3="105,101,3,1,37,31,9,124,23,41,71,53,52"/><W83/><G124/><T55/><D109/><U102/><E121/><V15/><F104/><W134/><G134/><T48/><D132/><U33/><E127/><V117/><F117/><W60/><G83/><T84/><D32/><U99/><E119/><V11/><F76/><W22/><G37/><T108/><D108/><U61/><E74/><V79/><F79/><W2/><G41/><T8/><D36/><U118/><E118/><V5/><F73/><W116/><G116/><T30/><D97/><U34/><E34/><V92/><F54/><W35/><G9/><T24/><AGARI ba="0,0" hai="8,12,18,21,24,30,42,44,45,48,51,55,84,85" machi="24" ten="30,2000,0" yaku="0,1,8,1" doraHai="111" who="0" fromWho="0" sc="286,20,254,-5,235,-5,225,-10" /><INIT seed="4,0,0,0,4,51" ten="306,249,230,215" oya="0" hai0="120,31,116,59,100,94,70,96,0,118,50,76,42" hai1="54,17,21,53,68,20,75,63,99,66,123,62,129" hai2="82,125,89,104,8,69,114,78,40,79,1,74,55" hai3="106,88,23,112,131,127,22,39,121,67,107,26,2"/><T126/><D120/><U124/><E123/><V37/><F69/><W30/><G121/><T44/><D126/><U25/><E75/><V19/><F125/><W91/><G127/><T117/><D70/><U108/><E124/><V47/><F104/><W24/><G112/><T95/><D0/><U135/><E108/><V15/><F79/><W122/><G122/><T45/><D76/><U65/><E129/><V52/><F114/><W73/><G73/><T113/><D113/><U93/><E135/><V16/><F89/><W92/><G39/><T36/><D31/><U46/><E46/><V27/><F27/><W10/><G67/><T41/><REACH who="0" step="1"/><D59/><REACH who="0" ten="296,249,230,215" step="2"/><U109/><E109/><V3/><F1/><W80/><G131/><T77/><D77/><U18/><E68/><V87/><F74/><W38/><G2/><T32/><D32/><U61/><E66/><V83/><F3/><W134/><G30/><T119/><N who="0" m="29696" /><DORA hai="29" /><T5/><D5/><U128/><E65/><V81/><F19/><W33/><G33/><T86/><D86/><U7/><E7/><V115/><F115/><W60/><G134/><T130/><D130/><U48/><E128/><V98/><REACH who="2" step="1"/><F98/><REACH who="2" ten="296,249,220,215" step="2"/><W49/><G80/><AGARI ba="0,2" hai="8,15,16,37,40,47,52,55,78,80,81,82,83,87" machi="80" ten="40,12000,2" yaku="1,1,2,1,52,2,54,2,53,1" doraHai="51,29" doraHaiUra="64,4" who="2" fromWho="3" sc="296,0,249,0,220,140,215,-120" /><INIT seed="5,0,0,3,0,112" ten="296,249,360,95" oya="1" hai0="0,32,122,21,66,59,12,135,111,16,125,94,47" hai1="72,129,20,64,90,104,97,29,73,50,115,92,103" hai2="87,15,85,30,45,79,57,26,2,17,61,89,134" hai3="120,121,58,110,102,23,19,80,67,65,86,13,75"/><U34/><E115/><V71/><F134/><W124/><G110/><T69/><D111/><U106/><E129/><V78/><F2/><W51/><G124/><T132/><D125/><U63/><E50/><V100/><F100/><W1/><G1/><T107/><D107/><U60/><E60/><V118/><F71/><W82/><G102/><T101/><D32/><U56/><E34/><V93/><F45/><W76/><G67/><T9/><D69/><U109/><E109/><V84/><F118/><W88/><REACH who="3" step="1"/><G51/><REACH who="3" ten="296,249,360,85" step="2"/><T74/><D101/><U133/><E106/><V37/><F37/><W46/><G46/><T53/><D47/><U35/><E104/><V54/><F78/><W18/><G18/><T91/><D66/><U24/><E133/><V43/><F79/><W7/><G7/><T128/><D0/><U42/><E42/><V38/><F43/><W27/><G27/><T117/><D135/><U39/><E39/><V28/><F38/><W108/><G108/><T55/><D16/><U4/><E4/><V116/><F26/><W123/><G123/><T105/><D122/><U52/><E64/><V33/><F17/><W96/><G96/><T95/><D132/><U81/><E103/><V31/><F30/><W41/><G41/><T98/><D105/><U14/><E97/><V131/><F31/><W6/><G6/><T3/><D98/><U44/><E44/><V114/><F28/><W8/><G8/><T130/><D9/><U48/><E29/><V77/><F33/><W70/><G70/><T83/><D3/><U126/><E35/><V36/><F77/><RYUUKYOKU ba="0,1" sc="296,-10,249,-10,360,-10,85,30" hai3="13,19,23,58,65,75,76,80,82,86,88,120,121" /><INIT seed="6,1,1,0,4,134" ten="286,239,350,115" oya="2" hai0="50,93,39,59,66,107,84,57,24,52,35,109,97" hai1="32,36,48,112,77,16,117,17,129,6,89,71,42" hai2="110,45,102,23,75,25,111,76,53,67,0,98,1" hai3="22,92,73,82,74,101,85,47,9,123,5,37,83"/><V58/><F76/><W26/><G123/><T12/><D109/><N who="2" m="41482" /><F75/><W118/><G118/><T3/><D3/><U55/><E117/><V94/><F45/><W41/><G74/><T31/><D39/><U51/><E32/><V115/><F67/><W2/><G101/><T62/><D84/><U18/><E129/><V54/><F54/><W124/><G83/><T120/><D120/><U7/><E112/><V4/><F4/><W104/><G92/><T95/><REACH who="0" step="1"/><D12/><REACH who="0" ten="276,239,350,115" step="2"/><U38/><E38/><V91/><F115/><W15/><G15/><T130/><D130/><U65/><E36/><V19/><F102/><AGARI ba="1,2" hai="24,31,35,50,52,57,59,62,66,93,95,97,102,107" machi="102" ten="40,5200,0" yaku="1,1,54,1,53,1" doraHai="134" doraHaiUra="46" who="0" fromWho="2" sc="276,75,239,0,350,-55,115,0" /><INIT seed="7,0,0,4,4,70" ten="351,239,295,115" oya="3" hai0="77,51,101,61,117,2,40,8,68,130,95,69,82" hai1="109,20,100,93,21,72,96,73,75,108,47,31,107" hai2="76,120,81,86,30,36,99,135,98,127,74,85,132" hai3="42,17,29,22,102,62,49,12,94,50,54,1,43"/><W11/><G62/><T79/><D117/><U59/><E47/><V56/><F56/><W32/><G50/><T129/><D101/><U78/><E20/><V9/><F30/><W14/><G32/><T15/><D95/><U66/><E78/><V45/><F9/><W25/><G1/><T27/><D27/><N who="1" m="16879" /><E107/><V124/><F45/><W67/><G67/><T44/><D2/><U34/><E34/><V55/><F55/><W24/><G14/><T23/><D23/><U71/><E71/><N who="0" m="27209" /><D82/><U60/><AGARI ba="0,0" hai="59,60,66,72,73,75,93,96,100,108,109" m="16879" machi="60" ten="40,1500,0" yaku="25,1" doraHai="70" who="1" fromWho="1" sc="351,-4,239,15,295,-4,115,-7" owari="347,44.7,254,-14.6,291,9.1,108,-39.2" /></mjloggm>