<mjloggm ver="2.3"><GO type="169" lobby="0"/><UN n0="%41%4C%50%45%52%49%4E" n1="%4D%75%64%46%6C%6F%77" n2="%74%6F%72%69%30%36%31%32" n3="%73%61%6E%64%69%72%69%73" dan="16,17,16,17" rate="2155.99,2182.85,2182.12,2161.07" sx="M,M,M,M"/><TAIKYOKU oya="0"/><INIT seed="0,0,0,5,0,73" ten="250,250,250,250" oya="0" hai0="100,0,127,132,98,25,103,61,56,58,23,57,16" hai1="118,107,3,130,123,69,75,104,63,43,26,9,18" hai2="74,28,38,82,30,91,124,125,119,76,99,87,121" hai3="41,129,90,8,111,83,12,50,59,71,20,78,51"/><T105/><D0/><U54/><E118/><V29/><F121/><W128/><G71/><T32/><D132/><U97/><E130/><V108/><F38/><W65/><G111/><T131/><D131/><N who="3" m="50249" /><G20/><T126/><D100/><U67/><E75/><V55/><F108/><W96/><G41/><T11/><D32/><U7/><E43/><V113/><F113/><W70/><G70/><T95/><D105/><U36/><E36/><V66/><F66/><W135/><G135/><T6/><REACH who="0" step="1"/><D61/><REACH who="0" ten="240,250,250,250" step="2"/><U27/><E63/><V80/><F119/><W133/><G133/><T24/><D24/><U31/><E27/><V106/><F125/><W89/><G12/><T68/><D68/><U40/><E69/><V88/><F124/><W134/><G134/><T120/><D120/><U39/><E26/><V62/><F106/><W2/><G2/><T114/><D114/><U4/><E107/><V72/><F62/><W10/><G90/><T115/><D115/><U109/><E3/><V35/><F35/><W34/><G89/><T86/><D86/><U116/><E123/><V85/><F91/><W14/><G14/><T5/><D5/><U101/><E4/><V122/><F122/><W112/><G34/><T33/><D33/><U92/><E7/><V19/><F99/><W93/><G96/><T17/><D17/><U79/><E18/><V21/><F19/><W110/><G112/><T46/><D46/><U13/><E97/><V64/><F88/><W102/><G102/><T22/><D22/><U94/><E101/><V81/><F21/><W1/><G1/><T52/><D52/><RYUUKYOKU ba="0,1" sc="240,30,250,-10,250,-10,250,-10" hai0="6,11,16,23,25,56,57,58,95,98,103,126,127" /><INIT seed="0,1,1,1,1,119" ten="270,240,240,240" oya="0" hai0="56,77,68,127,74,128,71,84,109,111,110,24,104" hai1="22,54,6,91,60,99,23,39,113,115,93,1,98" hai2="125,57,87,133,82,61,73,14,17,36,94,25,78" hai3="49,20,34,13,64,81,69,26,95,46,58,80,97"/><T89/><D104/><U131/><E39/><V15/><F36/><W103/><G69/><T52/><D127/><U8/><E131/><V79/><F133/><W90/><G34/><T75/><D128/><U65/><E54/><V21/><F125/><W120/><G120/><T50/><D24/><U47/><E47/><V3/><F3/><W129/><G13/><T42/><D42/><U121/><E99/><V122/><F122/><W72/><G72/><N who="0" m="27691" /><D77/><U112/><REACH who="1" step="1"/><E121/><REACH who="1" ten="270,230,240,240" step="2"/><V11/><F73/><W123/><G123/><T108/><N who="0" m="27648" /><DORA hai="19" /><T62/><D50/><U29/><E29/><V27/><F78/><W41/><G129/><T12/><D12/><U101/><E101/><V35/><F15/><W83/><G103/><T135/><D135/><U30/><E30/><V55/><F11/><W37/><G37/><T32/><D32/><U92/><E92/><AGARI ba="1,2" hai="52,56,62,68,71,84,89,92" m="27648,27691" machi="92" ten="60,11600,0" yaku="14,1,10,1,54,1" doraHai="119,19" who="0" fromWho="1" sc="270,139,230,-119,240,0,240,0" /><INIT seed="0,2,0,3,2,95" ten="409,111,240,240" oya="0" hai0="22,27,133,36,100,39,1,74,13,75,19,28,111" hai1="16,118,52,120,18,113,34,102,135,30,0,2,67" hai2="35,33,56,105,129,66,5,6,41,80,114,93,125" hai3="94,92,46,47,57,88,110,20,82,134,109,8,77"/><T48/><D1/><U31/><E67/><V119/><F114/><W69/><G69/><T128/><D128/><U29/><E102/><V98/><F105/><W62/><G134/><T121/><D121/><U103/><E103/><V9/><F125/><W60/><G20/><T106/><D133/><U107/><E107/><V25/><F119/><W17/><G17/><N who="1" m="6762" /><E135/><V32/><F25/><W112/><G8/><T55/><D111/><N who="3" m="42505" /><G94/><T91/><D91/><U132/><E132/><V23/><F23/><W44/><G112/><T86/><D86/><U51/><E113/><V7/><F129/><W37/><G37/><T131/><D131/><U24/><E51/><V85/><F9/><W79/><G82/><T38/><D100/><U124/><E52/><V58/><F41/><W99/><G62/><T115/><D106/><U14/><E118/><V64/><F64/><AGARI ba="2,0" hai="44,46,47,57,60,64,77,79,88,92,99" m="42505" machi="64" ten="30,3900,0" yaku="14,1,52,1,54,1" doraHai="95" who="3" fromWho="2" sc="409,0,111,0,240,-45,240,45" /><INIT seed="1,0,0,1,5,111" ten="409,111,195,285" oya="1" hai0="77,75,20,62,16,90,92,131,12,40,89,54,56" hai1="70,112,55,41,133,53,0,28,25,123,18,109,37" hai2="85,7,26,9,115,114,127,14,103,17,8,94,59" hai3="3,43,34,87,6,80,97,129,32,74,44,95,126"/><U122/><E70/><V30/><F59/><W39/><G129/><T113/><D131/><U108/><E0/><V64/><F64/><W36/><G36/><T81/><D113/><N who="2" m="43018" /><F127/><W106/><G106/><T66/><D40/><U23/><E112/><V5/><F9/><W105/><G105/><T101/><D101/><U119/><E119/><V125/><F125/><W93/><G126/><T135/><D135/><U61/><E133/><V65/><F65/><W86/><G86/><T27/><D92/><U21/><E61/><V72/><F72/><W118/><G118/><T100/><D100/><U82/><E82/><V48/><F48/><W67/><G67/><T98/><D98/><U31/><E37/><V58/><F58/><W104/><G104/><T120/><D120/><N who="1" m="46123" /><E41/><V45/><F45/><W22/><G44/><T49/><REACH who="0" step="1"/><D27/><REACH who="0" ten="399,111,195,285" step="2"/><N who="1" m="16495" /><E55/><V128/><F128/><W83/><G43/><T84/><D84/><U134/><E53/><V130/><F130/><W33/><G87/><T51/><D51/><U47/><E134/><V60/><F60/><W63/><G63/><T42/><D42/><U73/><E73/><V79/><F79/><W10/><G74/><T99/><D99/><U91/><E91/><N who="2" m="53615" /><F103/><W69/><G39/><T15/><D15/><N who="1" m="9695" /><E47/><AGARI ba="0,1" hai="12,16,20,47,49,54,56,62,66,75,77,81,89,90" machi="47" ten="30,3900,0" yaku="1,1,7,1,54,1,53,0" doraHai="111" doraHaiUra="88" who="0" fromWho="1" sc="399,49,111,-39,195,0,285,0" /><INIT seed="2,0,0,5,2,90" ten="448,72,195,285" oya="2" hai0="107,104,115,53,121,101,59,3,49,117,48,84,93" hai1="13,112,55,39,21,0,130,95,33,8,23,7,65" hai2="42,108,24,63,120,16,27,19,81,54,114,118,98" hai3="79,91,36,69,111,97,94,103,85,35,80,40,29"/><V47/><F120/><W77/><G69/><T43/><D115/><U134/><E39/><V64/><F118/><W10/><G35/><T71/><D121/><U46/><E112/><V102/><F54/><W12/><G29/><T18/><D71/><U1/><E65/><V4/><F4/><W67/><G67/><T126/><D3/><U32/><E46/><V119/><F119/><W75/><G111/><T14/><D117/><U113/><E55/><V73/><F114/><W60/><G60/><T135/><D135/><U28/><E95/><V52/><F81/><W89/><G36/><T133/><D133/><U132/><E113/><V26/><F73/><W125/><G40/><T72/><D72/><U41/><E41/><V61/><F61/><W11/><G125/><T2/><D2/><N who="1" m="1131" /><E130/><V100/><F108/><W57/><G57/><T83/><D126/><U15/><E132/><V25/><N who="2" m="6144" /><DORA hai="62" /><V87/><F87/><N who="3" m="50407" /><G75/><T128/><D128/><U31/><E134/><V9/><F9/><N who="3" m="3083" /><G12/><T105/><D43/><U17/><E23/><V68/><F52/><W51/><G51/><T76/><D49/><U45/><E45/><V37/><REACH who="2" step="1"/><F102/><REACH who="2" ten="448,72,185,285" step="2"/><W70/><G70/><T127/><D101/><U131/><E131/><V58/><F58/><W124/><G124/><T56/><D127/><U78/><E78/><V6/><F6/><W129/><G129/><T50/><D59/><U82/><E82/><AGARI ba="0,1" hai="77,79,82,85,91,94,97,103" m="3083,50407" machi="82" ten="30,2000,0" yaku="8,1,52,1" doraHai="90,62" who="3" fromWho="1" sc="448,0,72,-20,185,0,285,30" /><INIT seed="3,0,0,0,4,38" ten="448,52,185,315" oya="3" hai0="14,21,25,112,116,110,67,16,76,71,91,36,55" hai1="58,125,27,131,132,101,130,99,13,81,107,52,30" hai2="4,42,26,109,63,29,122,39,93,0,40,19,87" hai3="96,102,120,111,72,127,94,37,95,80,57,65,62"/><W129/><G120/><T78/><D116/><U73/><E125/><V49/><F39/><W90/><G127/><T1/><D1/><U106/><E132/><V2/><F4/><W61/><G129/><T92/><D36/><U60/><E107/><V33/><F109/><W12/><G111/><T43/><D110/><U3/><E3/><V70/><F2/><W64/><G37/><T83/><D112/><U18/><E81/><V75/><F75/><W34/><G34/><T89/><D43/><U24/><E73/><V23/><F49/><W53/><G72/><T54/><D67/><U113/><E113/><V10/><F63/><W41/><G80/><T121/><D71/><U74/><E74/><V11/><F70/><W15/><G41/><N who="2" m="15977" /><F33/><W115/><G115/><T45/><D121/><U20/><REACH who="1" step="1"/><E27/><REACH who="1" ten="448,42,185,315" step="2"/><V85/><F0/><W17/><G12/><T46/><D14/><U84/><E84/><N who="2" m="32331" /><F122/><W103/><G15/><T59/><D25/><U48/><E48/><V86/><F29/><W124/><G124/><T66/><D83/><U108/><E108/><V44/><F44/><W56/><G62/><T117/><D46/><U133/><E133/><V123/><F123/><W134/><G61/><T8/><D45/><U9/><AGARI ba="0,1" hai="9,13,18,20,24,30,52,58,60,99,101,106,130,131" machi="9" ten="30,4000,0" yaku="1,1,0,1,54,1,53,0" doraHai="38" doraHaiUra="28" who="1" fromWho="1" sc="448,-10,42,50,185,-10,315,-20" /><INIT seed="4,0,0,4,3,71" ten="438,92,175,295" oya="0" hai0="78,121,12,76,49,0,5,90,68,60,114,13,82" hai1="84,97,62,93,126,41,130,96,115,65,64,9,15" hai2="100,116,1,117,51,101,20,40,2,123,127,50,87" hai3="37,32,55,133,59,26,38,35,8,109,31,69,27"/><T105/><D121/><U53/><E130/><V80/><F20/><W44/><G109/><T58/><D105/><U128/><E128/><V119/><F123/><W29/><G69/><T108/><D68/><U79/><E126/><V132/><F132/><W112/><G133/><T25/><D114/><U73/><E73/><V118/><F127/><W4/><G44/><T23/><D108/><U63/><E115/><V56/><F56/><W22/><G22/><T34/><D34/><U6/><E41/><V122/><F122/><W92/><G92/><T124/><D124/><U103/><E97/><V67/><F67/><W88/><G88/><T98/><D49/><N who="2" m="18442" /><F40/><W91/><G91/><T47/><D47/><U36/><E36/><V19/><F19/><W66/><G66/><T39/><D39/><U11/><E11/><V16/><F16/><W104/><G104/><T72/><D78/><U48/><E65/><V3/><N who="2" m="29696" /><DORA hai="42" /><V131/><F131/><W61/><REACH who="3" step="1"/><G112/><REACH who="3" ten="438,92,175,285" step="2"/><T107/><D90/><AGARI ba="0,1" hai="1,2,3,80,87,90,100,101" m="29696,18442" machi="90" ten="70,2300,0" yaku="12,1" doraHai="71,42" who="2" fromWho="0" sc="438,-23,92,0,175,33,285,0" /><INIT seed="5,0,0,3,0,109" ten="415,92,208,285" oya="1" hai0="76,54,52,133,62,98,75,13,132,114,106,27,89" hai1="103,34,125,39,46,126,40,59,122,91,86,32,35" hai2="49,96,11,2,36,22,105,8,113,134,50,29,38" hai3="61,14,18,37,42,128,45,115,70,44,74,135,53"/><U72/><E122/><V68/><F68/><W10/><G135/><N who="0" m="51787" /><D114/><U97/><E72/><V93/><F105/><W83/><G128/><T119/><D119/><U55/><E91/><V33/><F33/><W25/><G115/><T127/><D127/><U131/><E86/><V71/><F71/><W94/><G94/><N who="0" m="56655" /><D106/><U117/><E117/><V63/><F63/><W129/><G129/><T110/><D110/><U26/><E26/><V81/><F2/><W58/><G70/><T73/><D27/><U67/><E67/><V66/><F66/><W41/><G25/><T6/><D62/><U87/><E87/><V124/><F81/><W88/><G74/><N who="0" m="28171" /><D76/><U48/><REACH who="1" step="1"/><E131/><REACH who="1" ten="415,82,208,285" step="2"/><V56/><F134/><W99/><G99/><T121/><D121/><U95/><AGARI ba="0,1" hai="32,34,35,39,40,46,48,55,59,95,97,103,125,126" machi="95" ten="40,7800,0" yaku="1,1,2,1,0,1,53,0" doraHai="109" doraHaiUra="12" who="1" fromWho="1" sc="415,-26,82,88,208,-26,285,-26" /><INIT seed="5,1,0,5,1,48" ten="389,170,182,259" oya="1" hai0="5,41,18,9,98,86,65,21,30,27,125,0,99" hai1="45,79,123,71,57,119,112,34,87,132,7,15,54" hai2="85,76,31,8,128,82,130,47,23,70,94,38,135" hai3="109,4,66,37,101,111,84,68,6,49,55,126,88"/><U75/><E119/><V105/><F105/><W78/><G37/><T26/><D125/><U19/><E123/><V72/><F70/><W108/><G126/><T95/><D41/><U77/><E71/><V64/><F64/><W29/><G101/><T36/><D36/><U104/><E104/><V115/><F135/><W81/><G29/><T59/><D86/><U113/><E34/><V107/><F107/><W69/><G69/><T61/><D95/><U122/><E122/><V44/><F8/><W14/><G14/><T33/><AGARI ba="1,0" hai="0,5,9,18,21,26,27,30,33,59,61,65,98,99" machi="33" ten="20,1500,0" yaku="0,1,7,1" doraHai="48" who="0" fromWho="0" sc="389,18,170,-8,182,-5,259,-5" /><INIT seed="6,0,0,5,3,131" ten="407,162,177,254" oya="2" hai0="83,117,54,53,20,61,134,34,105,55,92,77,66" hai1="111,44,2,76,39,74,72,63,81,9,126,118,24" hai2="36,104,38,25,6,115,11,110,5,69,62,130,48" hai3="84,51,80,3,67,18,94,4,75,1,64,52,27"/><V78/><F6/><W91/><G75/><T60/><D105/><U37/><E111/><V128/><F48/><W19/><G1/><T59/><D34/><U96/><E118/><V45/><F110/><W21/><G3/><T28/><D117/><U101/><E126/><V109/><F109/><W12/><G4/><T121/><D121/><U47/><E74/><V22/><F78/><W23/><G80/><T88/><D134/><U70/><E24/><V103/><F22/><W119/><G119/><T40/><D40/><U133/><E133/><V42/><F25/><W122/><G122/><T68/><D20/><U7/><E47/><AGARI ba="0,0" hai="12,18,19,21,23,27,47,51,52,64,67,84,91,94" machi="47" ten="30,3900,0" yaku="7,1,8,1,54,1" doraHai="131" who="3" fromWho="1" sc="407,0,162,-39,177,0,254,39" /><INIT seed="7,0,0,1,1,131" ten="407,123,177,293" oya="3" hai0="16,86,55,43,41,84,78,20,89,117,97,112,60" hai1="49,105,58,3,124,75,102,48,52,50,111,33,85" hai2="126,94,114,109,115,9,132,0,40,26,13,106,5" hai3="87,28,77,18,80,23,71,64,66,2,116,45,36"/><W110/><G116/><T100/><D112/><U135/><E75/><V44/><F106/><W38/><G110/><T88/><D117/><U12/><E3/><V119/><F109/><W122/><G122/><T125/><D125/><U104/><E33/><V61/><F119/><W90/><G2/><T4/><D4/><U74/><E74/><V1/><F61/><W63/><G28/><T76/><D60/><U118/><E111/><V21/><F94/><W27/><G66/><T130/><D55/><U46/><E118/><V42/><F42/><N who="0" m="15882" /><D100/><U69/><E69/><V101/><F101/><W24/><G45/><T98/><D130/><U62/><E124/><V19/><F126/><W30/><REACH who="3" step="1"/><G77/><REACH who="3" ten="407,123,177,283" step="2"/><N who="0" m="29803" /><D89/><U108/><E108/><V31/><F0/><W127/><G127/><T34/><D34/><AGARI ba="0,1" hai="18,23,24,27,30,34,36,38,63,64,71,80,87,90" machi="34" ten="30,2900,0" yaku="1,1,7,1,53,0" doraHai="131" doraHaiUra="10" who="3" fromWho="0" sc="407,-29,123,0,177,0,283,39" /><INIT seed="7,1,0,1,1,120" ten="378,123,177,322" oya="3" hai0="133,56,88,44,16,47,26,20,2,114,99,50,97" hai1="77,70,71,1,119,105,104,5,106,116,84,36,109" hai2="92,28,122,129,66,15,27,18,89,100,90,13,19" hai3="80,40,63,4,52,126,74,82,87,124,102,67,35"/><W94/><G35/><T73/><D2/><U38/><E84/><V61/><F129/><W110/><G40/><N who="0" m="24839" /><D73/><U54/><E54/><V64/><F122/><W111/><G4/><T62/><D133/><U96/><E96/><N who="0" m="36937" /><D114/><U134/><E77/><V130/><F130/><W132/><G132/><T53/><D47/><U45/><E45/><V55/><F28/><W68/><G102/><T113/><D113/><U6/><E134/><V3/><F3/><W98/><G52/><T46/><D46/><U78/><E78/><V39/><F27/><W135/><G135/><T37/><D37/><N who="1" m="14443" /><E1/><V23/><F39/><W107/><G107/><N who="1" m="27394" /><U12/><DORA hai="103" /><E12/><V57/><F100/><N who="3" m="60503" /><G74/><T115/><D115/><U93/><E93/><V60/><F92/><W108/><G82/><T117/><D117/><N who="1" m="45131" /><E109/><V11/><REACH who="2" step="1"/><F55/><REACH who="2" ten="378,123,167,322" step="2"/><W127/><G111/><T42/><D42/><U34/><E34/><V112/><F112/><W128/><G128/><T83/><D83/><U49/><E49/><V75/><F75/><W9/><G9/><T101/><D101/><U41/><E41/><V86/><F86/><W91/><AGARI ba="1,1" hai="63,67,68,80,87,91,108,110,124,126,127" m="60503" machi="91" ten="40,7800,0" yaku="18,1,52,2" doraHai="120,103" who="3" fromWho="3" sc="378,-27,123,-27,167,-27,322,91" owari="351,15.1,96,-40.4,140,-26.0,413,51.3" /></mjloggm>