<mjloggm ver="2.3"><GO type="169" lobby="0"/><UN n0="%E3%81%9F%E3%81%8B%E3%81%AA" n1="%E3%81%9F%E3%81%8F%E3%81%98%E3%82%8D%E3%81%86" n2="%50%73%79%63%68%65" n3="%E3%81%A4%E3%81%B0%E3%83%A1" dan="16,19,17,16" rate="2142.07,2346.42,2145.75,2089.39" sx="M,M,M,M"/><TAIKYOKU oya="0"/><INIT seed="0,0,0,2,5,1" ten="250,250,250,250" oya="0" hai0="16,132,48,131,36,118,134,11,100,117,41,97,62" hai1="9,102,10,38,77,86,130,80,32,123,109,124,107" hai2="106,35,5,52,90,101,110,92,25,47,28,43,21" hai3="61,89,96,45,103,122,34,79,87,125,58,94,85"/><T12/><D36/><U29/><E123/><V55/><F110/><W50/><G125/><T75/><D75/><U42/><E109/><V93/><F106/><W44/><G122/><T60/><D131/><U51/><E38/><V59/><F101/><W127/><G127/><T46/><D62/><U99/><E124/><V31/><F31/><W88/><G34/><T69/><D60/><U71/><E71/><V129/><F129/><W40/><G79/><T111/><D69/><U98/><E98/><V108/><F108/><W8/><G8/><T105/><REACH who="0" step="1"/><D111/><REACH who="0" ten="240,250,250,250" step="2"/><U74/><E74/><V72/><F72/><W83/><G45/><T82/><D82/><U56/><E130/><V4/><F47/><W115/><G115/><T113/><D113/><U121/><E121/><V91/><F59/><W2/><G2/><T3/><D3/><U67/><E56/><V57/><F57/><W119/><G119/><AGARI ba="0,1" hai="11,12,16,41,46,48,97,100,105,117,118,119,132,134" machi="119" ten="40,3900,0" yaku="1,1,54,1,53,0" doraHai="1" doraHaiUra="18" who="0" fromWho="3" sc="240,49,250,0,250,0,250,-39" /><INIT seed="0,1,0,5,4,70" ten="289,250,250,211" oya="0" hai0="24,82,57,67,94,124,64,102,3,42,68,50,12" hai1="22,32,92,106,103,91,101,13,19,100,127,28,131" hai2="112,128,65,99,38,76,10,2,61,77,90,26,117" hai3="121,43,96,110,58,49,104,114,83,6,0,107,85"/><T39/><D3/><U52/><E127/><V125/><F112/><W130/><G114/><T129/><D124/><U126/><E126/><V80/><F125/><W27/><G110/><T87/><D68/><U105/><E131/><V34/><F128/><W54/><G130/><T48/><D129/><U95/><E95/><V75/><F77/><W66/><G121/><T1/><D1/><U59/><E32/><V4/><F117/><W7/><G66/><T109/><D39/><U113/><E28/><V81/><F81/><W41/><G27/><T18/><D24/><U36/><E36/><V62/><F62/><W11/><G7/><T115/><D109/><U69/><E69/><V63/><F63/><W51/><G96/><N who="0" m="59671" /><D42/><U97/><REACH who="1" step="1"/><E113/><REACH who="1" ten="289,240,250,211" step="2"/><V78/><F38/><W17/><G107/><T55/><D115/><U35/><E35/><V29/><F34/><W20/><G104/><T33/><D33/><U73/><E73/><V8/><F75/><W45/><G83/><T133/><D133/><U111/><E111/><V88/><F80/><W9/><G85/><T86/><D87/><U71/><E71/><V37/><F37/><W25/><REACH who="3" step="1"/><G11/><REACH who="3" ten="289,240,250,201" step="2"/><T89/><D82/><U60/><AGARI ba="1,2" hai="13,19,22,52,59,60,91,92,97,100,101,103,105,106" machi="60" ten="30,4000,0" yaku="1,1,0,1,54,1,53,0" doraHai="70" doraHaiUra="79" who="1" fromWho="1" sc="289,-21,240,63,250,-11,201,-11" /><INIT seed="1,0,0,3,2,19" ten="268,303,239,190" oya="1" hai0="13,69,121,128,56,34,4,80,85,84,77,15,117" hai1="60,20,118,109,115,51,86,122,65,35,33,14,2" hai2="25,44,1,53,93,120,96,64,134,82,75,31,58" hai3="107,18,41,52,63,38,67,104,99,3,11,37,116"/><U123/><E118/><V102/><F120/><W0/><G116/><T132/><D69/><U83/><E115/><V22/><F134/><W50/><G41/><T16/><D117/><U133/><E2/><V112/><F112/><W49/><G49/><T114/><D114/><U42/><E133/><V39/><F1/><W73/><G73/><T32/><D132/><U48/><E109/><V7/><F7/><W87/><G3/><T81/><D128/><U97/><E97/><V62/><F39/><W28/><G28/><T68/><D68/><U105/><E105/><V78/><REACH who="2" step="1"/><F44/><REACH who="2" ten="268,303,229,190" step="2"/><W24/><G38/><T106/><D4/><U27/><E123/><V74/><F74/><W113/><G37/><T29/><D121/><U9/><E122/><V91/><F91/><W108/><G0/><T101/><D13/><U10/><E14/><V72/><F72/><W124/><G113/><T57/><D15/><U17/><E35/><V110/><F110/><W12/><G108/><T6/><D6/><U94/><E33/><V131/><F131/><W54/><G12/><T125/><D32/><U61/><E9/><V46/><F46/><W103/><G11/><T129/><D34/><U26/><E10/><V126/><F126/><W23/><G124/><T43/><D125/><U98/><E20/><V21/><F21/><W40/><G23/><T47/><D47/><U100/><E100/><V92/><F92/><W88/><G103/><T119/><D119/><U8/><E94/><V127/><F127/><W135/><G135/><T5/><D101/><U71/><E8/><V90/><F90/><RYUUKYOKU ba="0,1" sc="268,-10,303,-10,229,30,190,-10" hai2="22,25,31,53,58,62,64,75,78,82,93,96,102" /><INIT seed="2,1,1,4,4,58" ten="258,293,259,180" oya="2" hai0="95,98,25,20,28,125,82,121,120,1,99,60,6" hai1="130,74,88,39,12,96,17,135,123,24,49,5,14" hai2="22,129,35,26,63,32,85,65,38,68,57,77,108" hai3="83,27,9,91,40,84,3,46,132,75,73,7,124"/><V41/><F129/><W4/><G132/><T94/><D125/><U127/><E39/><V56/><F108/><W103/><G124/><T92/><D1/><U45/><E74/><V79/><F38/><W67/><G7/><T23/><D6/><U15/><E127/><V106/><F106/><W33/><G103/><T97/><D82/><U128/><E123/><V62/><F41/><W118/><G118/><T71/><REACH who="0" step="1"/><D20/><REACH who="0" ten="248,293,259,180" step="2"/><U54/><E5/><V36/><F35/><W78/><G33/><T43/><D43/><U90/><E135/><V47/><F32/><W126/><G126/><T70/><D70/><U51/><E130/><V87/><F68/><W111/><G40/><T76/><D76/><N who="2" m="29258" /><F36/><W66/><G78/><T53/><D53/><U48/><E128/><V110/><F110/><W100/><G111/><T0/><D0/><U93/><E54/><N who="2" m="34231" /><F47/><W8/><G46/><T116/><D116/><U59/><E45/><V30/><AGARI ba="1,2" hai="22,26,30,56,62,65,85,87" m="34231,29258" machi="30" ten="30,6000,0" yaku="8,1,52,2" doraHai="58" who="2" fromWho="2" sc="248,-21,293,-21,259,83,180,-21" /><INIT seed="2,2,0,1,2,75" ten="227,272,342,159" oya="2" hai0="49,31,95,100,109,88,43,52,111,67,108,6,93" hai1="32,38,72,76,17,12,102,57,105,134,34,56,116" hai2="113,123,55,50,24,51,46,81,45,54,78,21,8" hai3="3,107,84,127,135,131,121,47,129,5,28,74,77"/><V104/><F104/><W65/><G121/><T125/><D125/><U89/><E116/><V94/><F123/><W128/><G107/><T85/><D67/><U119/><E119/><V87/><F113/><W114/><G74/><T26/><D6/><U27/><E38/><V86/><F8/><N who="3" m="2111" /><G28/><T53/><D43/><U36/><E36/><V48/><F48/><W101/><G101/><T9/><D9/><U68/><E68/><V90/><F21/><W132/><G114/><T97/><REACH who="0" step="1"/><D49/><REACH who="0" ten="217,272,342,159" step="2"/><U18/><E134/><N who="3" m="51242" /><G65/><T1/><D1/><U14/><E34/><AGARI ba="2,1" hai="26,31,34,52,53,85,88,93,95,97,100,108,109,111" machi="34" ten="40,8000,1" yaku="1,1,14,1,54,2,53,1" doraHai="75" doraHaiUra="92" who="0" fromWho="1" sc="217,96,272,-86,342,0,159,0" /><INIT seed="3,0,0,2,0,41" ten="313,186,342,159" oya="3" hai0="38,74,45,14,104,98,120,113,11,8,96,62,67" hai1="23,52,18,37,54,32,129,89,69,116,39,64,44" hai2="16,12,117,78,90,29,81,40,94,118,43,5,86" hai3="76,126,133,22,46,108,131,26,2,13,95,0,119"/><W48/><G119/><T79/><D120/><U77/><E32/><V110/><F110/><W132/><G131/><T4/><D113/><U87/><E77/><V3/><F29/><W93/><G76/><T75/><D104/><U66/><E129/><V53/><F118/><W35/><G35/><T134/><D134/><N who="3" m="51817" /><G13/><T65/><D79/><U83/><E116/><V57/><F5/><W73/><G73/><T7/><D62/><U31/><E31/><V63/><F3/><N who="3" m="1067" /><G126/><T88/><D14/><U92/><E69/><V19/><F117/><W135/><N who="3" m="51825" /><W103/><DORA hai="56" /><G103/><T121/><D121/><U27/><E39/><V20/><REACH who="2" step="1"/><F19/><REACH who="2" ten="313,186,332,159" step="2"/><N who="3" m="12639" /><G108/><T24/><D4/><U100/><E27/><V33/><F33/><W25/><G25/><T91/><D7/><U50/><E18/><V51/><F51/><W61/><G61/><T102/><D24/><U55/><E37/><V109/><F109/><W106/><G106/><T28/><D38/><U15/><E15/><V17/><F17/><W101/><G101/><T60/><D102/><U9/><E100/><V97/><AGARI ba="0,1" hai="12,16,20,40,43,53,57,63,78,81,86,90,94,97" machi="97" ten="20,12000,2" yaku="1,1,0,1,7,1,8,1,52,1,54,1,53,1" doraHai="41,56" doraHaiUra="72,112" who="2" fromWho="2" sc="313,-30,186,-30,332,130,159,-60" /><INIT seed="4,0,0,4,0,124" ten="283,156,462,99" oya="0" hai0="79,55,113,92,20,26,43,126,37,7,15,50,134" hai1="81,85,100,56,32,72,5,121,13,119,127,28,42" hai2="96,54,14,98,83,135,130,108,53,4,80,44,30" hai3="109,18,24,17,48,118,105,65,125,22,21,132,95"/><T89/><D126/><U33/><E119/><V29/><F108/><W57/><G125/><T106/><D106/><U64/><E72/><V41/><F135/><W58/><G132/><T73/><D134/><U102/><E121/><V123/><F123/><W52/><G105/><T88/><D113/><U70/><E70/><V1/><F1/><W46/><G109/><T60/><D60/><U120/><E120/><V3/><F3/><W91/><G65/><T35/><D35/><U6/><E42/><V82/><F41/><W0/><G0/><T47/><D79/><U16/><E33/><V122/><F122/><W112/><G118/><T61/><D73/><U31/><E32/><V45/><F14/><W67/><G67/><T84/><D89/><U86/><E56/><V63/><F4/><W68/><G68/><T103/><D103/><U77/><E64/><V23/><F23/><W40/><G112/><T97/><D61/><U115/><E115/><V49/><F63/><W101/><G101/><N who="1" m="39018" /><E86/><V133/><F133/><W111/><G111/><T93/><D37/><U110/><E110/><V107/><F107/><W12/><REACH who="3" step="1"/><G40/><REACH who="3" ten="283,156,462,89" step="2"/><T128/><D43/><U59/><E127/><V62/><F54/><W114/><G114/><T8/><D55/><U99/><E99/><AGARI ba="0,1" hai="12,17,18,21,22,24,46,48,52,57,58,91,95,99" machi="99" ten="30,8000,1" yaku="1,1,7,1,8,1,54,1,53,1" doraHai="124" doraHaiUra="10" who="3" fromWho="1" sc="283,0,156,-80,462,0,89,90" /><INIT seed="5,0,0,5,4,50" ten="283,76,462,179" oya="1" hai0="52,93,82,4,107,19,18,7,112,63,13,104,49" hai1="6,80,78,101,41,123,67,62,32,53,59,109,38" hai2="60,61,95,89,98,121,92,28,86,85,9,20,127" hai3="44,42,74,35,124,94,57,75,65,26,84,102,48"/><U56/><E123/><V3/><F121/><W34/><G124/><T43/><D112/><U129/><E32/><V118/><F118/><W108/><G108/><T0/><D0/><U14/><E109/><V29/><F127/><W70/><G70/><T103/><D104/><U22/><E129/><V81/><F3/><W114/><G114/><T39/><D107/><U117/><E117/><V77/><F9/><W119/><G119/><T69/><D82/><U116/><E116/><V88/><F20/><W115/><G115/><T134/><D134/><U16/><E101/><V68/><F68/><W47/><G47/><N who="0" m="25855" /><D39/><U21/><E6/><V76/><F76/><W133/><G133/><T97/><D69/><U11/><E41/><V131/><F131/><W113/><G113/><T10/><D19/><U15/><E15/><V111/><F111/><W120/><G120/><T45/><D45/><U135/><E38/><V126/><F126/><W31/><G35/><T40/><D40/><U125/><E135/><V87/><F87/><W5/><G5/><T54/><D54/><U8/><E22/><V130/><F130/><W100/><G75/><T55/><D55/><U79/><E125/><V27/><F27/><W24/><G24/><T132/><D132/><U122/><E122/><V90/><F77/><N who="1" m="29193" /><E80/><V25/><F25/><W58/><G74/><T64/><D64/><U17/><E17/><V96/><F81/><W99/><G65/><T36/><D36/><U2/><E2/><V110/><F110/><W71/><G71/><T73/><D73/><U12/><E12/><V72/><F72/><RYUUKYOKU ba="0,0" sc="283,15,76,15,462,-15,179,-15" hai0="4,7,10,13,18,52,63,93,97,103" hai1="8,11,14,16,21,53,56,59,62,67" /><INIT seed="5,1,0,4,0,135" ten="298,91,447,164" oya="1" hai0="129,26,9,55,66,25,12,38,13,71,78,115,52" hai1="133,90,39,72,89,67,99,0,48,119,73,113,45" hai2="4,53,74,27,18,95,92,6,110,21,112,94,130" hai3="123,79,5,109,83,58,3,28,54,17,64,2,87"/><U80/><E119/><V7/><F110/><W114/><G109/><T126/><D38/><U19/><E0/><V30/><F74/><W11/><G123/><T43/><D115/><U57/><E133/><V70/><F70/><W98/><G114/><T96/><D43/><U37/><E113/><V77/><F112/><W65/><G2/><T60/><D129/><U116/><E116/><V122/><F122/><W50/><G28/><T34/><D78/><U14/><E39/><V117/><F117/><W35/><G35/><T49/><D12/><U103/><E37/><V16/><F77/><W40/><G40/><T93/><D126/><U108/><E108/><V42/><F42/><W124/><G124/><T85/><D85/><U36/><E36/><V104/><F104/><W127/><G127/><T81/><D81/><U132/><E132/><V46/><F130/><W32/><G32/><T76/><D76/><U120/><E120/><V134/><F134/><W75/><G75/><T125/><D34/><U1/><E1/><V68/><F68/><W59/><G59/><N who="0" m="33167" /><D55/><U61/><E73/><V33/><F33/><W102/><REACH who="3" step="1"/><G17/><REACH who="3" ten="298,91,447,154" step="2"/><T128/><D125/><U107/><E72/><V22/><F18/><W82/><G82/><T84/><D128/><U8/><E80/><V51/><F16/><W29/><G29/><T23/><D71/><U91/><E45/><V24/><F30/><W100/><G100/><T56/><D56/><U131/><E131/><V106/><F46/><W10/><G10/><T86/><D9/><U63/><E67/><V69/><F69/><W31/><G31/><RYUUKYOKU ba="1,1" sc="298,-15,91,15,447,-15,154,15" hai1="8,14,19,48,57,61,63,89,90,91,99,103,107" hai3="3,5,11,50,54,58,64,65,79,83,87,98,102" /><INIT seed="5,2,1,2,2,96" ten="283,106,432,169" oya="1" hai0="11,111,83,49,41,98,110,79,55,102,105,12,47" hai1="30,36,44,135,104,54,25,92,62,40,32,75,26" hai2="95,33,29,73,57,125,118,52,34,8,116,80,119" hai3="46,64,61,23,66,123,108,88,84,69,89,133,103"/><U19/><E104/><V59/><F125/><W70/><G108/><T86/><REACH who="0" step="1"/><D55/><REACH who="0" ten="273,106,432,169" step="2"/><U132/><E54/><V10/><F52/><W131/><G66/><T0/><D0/><U48/><E62/><V74/><F119/><W24/><G64/><T27/><D27/><U51/><E26/><V2/><F2/><W6/><G24/><T113/><D113/><U60/><E60/><V65/><F65/><W3/><G61/><T50/><D50/><U106/><E51/><V9/><F118/><W38/><G3/><T5/><AGARI ba="2,2" hai="5,11,12,41,47,49,79,83,86,98,102,105,110,111" machi="5" ten="20,16000,3" yaku="21,2,0,1,7,1,25,2,52,1,53,1" doraHai="96" doraHaiUra="77" who="0" fromWho="0" sc="273,186,106,-82,432,-42,169,-42" /><INIT seed="6,0,0,1,5,89" ten="459,24,390,127" oya="2" hai0="28,121,27,92,68,125,18,96,75,44,21,64,116" hai1="123,3,8,77,134,97,76,63,48,41,54,45,4" hai2="36,12,113,100,135,14,33,24,1,42,86,119,5" hai3="25,17,70,80,87,57,11,84,114,22,16,81,98"/><V53/><F119/><W2/><G70/><T20/><D121/><U120/><E134/><V118/><F118/><W94/><G114/><T32/><D116/><U0/><E0/><V9/><F113/><W101/><G2/><T73/><D125/><U71/><E123/><V104/><F135/><W91/><G57/><T133/><D133/><U37/><E120/><V124/><F124/><W52/><G52/><T83/><D68/><U19/><E19/><V122/><F122/><W65/><G65/><T39/><D64/><U10/><E10/><V78/><F53/><W106/><G106/><T13/><D83/><U26/><E26/><V55/><F55/><W126/><G126/><T74/><D44/><U69/><E69/><V131/><F131/><W82/><G87/><T47/><D47/><U103/><E37/><V58/><F58/><W40/><G40/><T67/><D39/><U105/><REACH who="1" step="1"/><E54/><REACH who="1" ten="459,14,390,127" step="2"/><V30/><F36/><W72/><G72/><T50/><D67/><AGARI ba="0,1" hai="3,4,8,41,45,48,63,67,71,76,77,97,103,105" machi="67" ten="40,2600,0" yaku="1,1,2,1,53,0" doraHai="89" doraHaiUra="31" who="1" fromWho="0" sc="459,-26,14,36,390,0,127,0" /><INIT seed="7,0,0,0,1,55" ten="433,50,390,127" oya="3" hai0="91,64,122,119,6,98,109,3,99,106,26,15,60" hai1="133,94,105,85,110,96,127,93,11,100,12,21,36" hai2="77,62,124,129,86,65,81,40,59,45,42,71,112" hai3="34,50,25,68,18,132,72,108,70,37,74,78,38"/><W27/><G50/><T135/><D122/><U2/><E36/><V54/><F112/><W113/><G18/><T88/><D109/><U107/><E2/><V117/><F117/><W131/><G113/><T5/><D119/><U51/><E110/><V66/><F129/><W46/><G108/><T28/><D3/><U22/><E107/><V115/><F115/><W83/><G132/><T63/><D135/><U116/><E133/><V33/><F33/><W126/><G126/><T43/><D43/><U52/><E127/><V114/><F114/><W56/><G56/><T20/><D63/><U80/><E116/><V111/><F111/><W23/><G23/><T58/><D106/><U87/><E94/><V29/><F29/><W90/><G90/><N who="0" m="34347" /><D15/><U61/><E105/><V76/><F124/><W49/><G49/><T125/><D125/><U7/><E61/><V67/><F71/><W24/><G131/><T128/><D128/><U32/><E32/><V31/><F31/><W41/><G74/><T104/><D104/><U69/><E69/><V4/><F4/><AGARI ba="0,0" hai="4,5,6,20,26,28,58,60,64,98,99" m="34347" machi="4" ten="30,3900,0" yaku="8,1,52,1,54,1" doraHai="55" who="0" fromWho="2" sc="433,39,50,0,390,-39,127,0" owari="472,57.2,50,-45.0,351,15.1,127,-27.3" /></mjloggm>