<mjloggm ver="2.3"><GO type="169" lobby="0"/><UN n0="%E3%82%B0%E3%83%B3%E3%83%80%E3%83%AA%E3%83%BC" n1="%61%6E%79%61%64%72%61" n2="%53%E6%9C%A8" n3="%6E%6F%6D%69%6F" dan="19,16,17,16" rate="2285.86,2094.25,2190.25,2165.10" sx="M,M,M,M"/><TAIKYOKU oya="0"/><INIT seed="0,0,0,2,2,26" ten="250,250,250,250" oya="0" hai0="24,20,44,23,51,33,95,75,49,10,132,22,28" hai1="114,8,131,104,85,86,70,116,74,62,80,81,0" hai2="53,126,58,89,32,119,35,21,84,120,91,47,12" hai3="121,98,82,6,30,130,135,56,42,73,48,112,13"/><T78/><D132/><U67/><E116/><V3/><F120/><W55/><G112/><T43/><D95/><U34/><E131/><V50/><F3/><W100/><G121/><T14/><D78/><U107/><E114/><V79/><F126/><W36/><G130/><T110/><D75/><U68/><E34/><V5/><F119/><W115/><G115/><T99/><D99/><U102/><E74/><V38/><F79/><W2/><G135/><T83/><D83/><U18/><E102/><V1/><F1/><W15/><G73/><T103/><D103/><U41/><E41/><V45/><F89/><W93/><G82/><T77/><D77/><U125/><E125/><V27/><F35/><W11/><G36/><T46/><D110/><U122/><E122/><V39/><F32/><W101/><G42/><T59/><D59/><U118/><E118/><V87/><F87/><W97/><REACH who="3" step="1"/><G30/><REACH who="3" ten="250,250,250,240" step="2"/><T61/><D61/><U4/><E62/><V31/><F39/><W64/><G64/><T111/><D111/><U37/><E67/><V108/><F38/><W40/><G40/><N who="0" m="24711" /><D33/><U109/><E81/><V69/><F108/><W29/><G29/><T60/><D60/><U19/><E80/><N who="2" m="49543" /><F69/><W54/><G54/><T96/><D96/><U88/><E70/><V94/><F94/><AGARI ba="0,1" hai="2,6,11,13,15,48,55,56,93,94,97,98,100,101" machi="94" ten="30,3900,0" yaku="1,1,7,1,9,1,53,0" doraHai="26" doraHaiUra="134" who="3" fromWho="2" sc="250,0,250,0,250,-39,240,49" /><INIT seed="1,0,0,3,0,30" ten="250,250,211,289" oya="1" hai0="102,128,116,50,28,18,97,51,44,85,19,107,120" hai1="115,73,25,83,121,37,0,36,13,23,53,55,122" hai2="16,68,130,80,74,79,24,118,40,127,89,101,113" hai3="48,134,135,39,56,94,109,12,49,88,112,114,93"/><U61/><E115/><N who="3" m="44074" /><G39/><T117/><D128/><U99/><E0/><V95/><F113/><W103/><G109/><T46/><D120/><U32/><E99/><V129/><F68/><W70/><G70/><T64/><D64/><U26/><E83/><V132/><F118/><W124/><G124/><T131/><D131/><N who="2" m="50186" /><F40/><W78/><G78/><T20/><D28/><U35/><E13/><V123/><F123/><W84/><G56/><T75/><D85/><U43/><E23/><N who="2" m="13415" /><F127/><W87/><G12/><T22/><D97/><U90/><E90/><V65/><F65/><W38/><G38/><T76/><D76/><U27/><E27/><V47/><F47/><W9/><G9/><T4/><D102/><U14/><E14/><V92/><F132/><N who="3" m="50731" /><G103/><T8/><D8/><U42/><REACH who="1" step="1"/><E73/><REACH who="1" ten="250,240,211,289" step="2"/><V81/><F101/><W96/><G96/><T1/><D75/><U133/><E133/><V45/><F89/><AGARI ba="0,1" hai="48,49,84,87,88,89,93,94" m="50731,44074" machi="89" ten="30,2000,0" yaku="20,1,54,1" doraHai="30" who="3" fromWho="2" sc="250,0,240,0,211,-20,289,30" /><INIT seed="2,0,0,0,4,79" ten="250,240,191,319" oya="2" hai0="50,56,45,74,25,73,123,90,125,82,66,111,29" hai1="23,91,93,2,126,83,37,6,39,1,36,65,49" hai2="71,99,32,103,8,108,21,127,117,112,118,30,22" hai3="33,131,46,35,75,12,104,27,124,61,43,16,135"/><V89/><F112/><W95/><G104/><T58/><D123/><U11/><E126/><V64/><F127/><W116/><G124/><T129/><D125/><U97/><E1/><V81/><F108/><W120/><G120/><T15/><D111/><U9/><E9/><V72/><F32/><W51/><G116/><T86/><D129/><U34/><E34/><V76/><F71/><W69/><G131/><T92/><D15/><U133/><E133/><V88/><F64/><W63/><G135/><T55/><D66/><U85/><E65/><V102/><F8/><W101/><G35/><T68/><D68/><U84/><E49/><V20/><F30/><W44/><G69/><T119/><D119/><U94/><E85/><V18/><F103/><W98/><G75/><T7/><D7/><U96/><REACH who="1" step="1"/><E23/><REACH who="1" ten="250,230,191,319" step="2"/><V109/><F117/><W54/><G33/><T80/><D74/><U100/><E100/><V41/><F118/><W62/><G63/><T121/><D121/><U24/><E24/><V47/><F109/><W3/><G3/><T59/><D73/><U77/><E77/><V128/><F128/><W130/><G27/><T42/><D42/><U70/><E70/><V19/><F21/><AGARI ba="0,1" hai="21,25,29,45,50,55,56,58,59,80,82,86,90,92" machi="21" ten="40,5200,0" yaku="8,1,52,2" doraHai="79" who="0" fromWho="2" sc="250,62,230,0,191,-52,319,0" /><INIT seed="3,0,0,3,0,87" ten="312,230,139,319" oya="3" hai0="74,70,25,3,116,76,122,34,1,108,77,0,134" hai1="13,79,86,104,119,14,115,42,92,81,50,61,28" hai2="54,100,131,112,78,46,118,97,37,8,18,32,82" hai3="9,12,132,66,127,109,65,38,39,63,52,121,85"/><W53/><G121/><T24/><D116/><U19/><E104/><V73/><F112/><W106/><G127/><T110/><D122/><U44/><E119/><V41/><F118/><W60/><G106/><T67/><D134/><U23/><E115/><V64/><F131/><W129/><G85/><T90/><D67/><N who="3" m="25609" /><G12/><T27/><D70/><U120/><E120/><V58/><F32/><W99/><G99/><T111/><D34/><U103/><E61/><N who="3" m="23626" /><G9/><T17/><D74/><U101/><E28/><V72/><F64/><W22/><G22/><T89/><D17/><N who="1" m="10671" /><E92/><V35/><F35/><W102/><G102/><T47/><D47/><U15/><E15/><V59/><F54/><N who="3" m="21099" /><G132/><T117/><D117/><U93/><E93/><V7/><F18/><W84/><G84/><T49/><D49/><U31/><E31/><V45/><F73/><W26/><G26/><T10/><D10/><AGARI ba="0,0" hai="10,14,19,42,44,50,79,81,86,101,103" m="10671" machi="10" ten="30,1000,0" yaku="8,1" doraHai="87" who="1" fromWho="0" sc="312,-10,230,10,139,0,319,0" /><INIT seed="4,0,0,3,5,38" ten="302,240,139,319" oya="0" hai0="57,81,111,28,6,130,50,134,100,117,71,101,20" hai1="42,74,99,14,75,77,114,131,103,78,30,33,4" hai2="135,48,54,126,98,113,118,60,59,91,41,85,3" hai3="23,8,9,115,106,24,10,93,43,61,107,15,89"/><T80/><D71/><U79/><E131/><V92/><F113/><W97/><G115/><T12/><D117/><U51/><E114/><V56/><F126/><W68/><G15/><T47/><D130/><U108/><E108/><V124/><F124/><W55/><G43/><N who="0" m="24959" /><D134/><U17/><E4/><V83/><F135/><W90/><G90/><T70/><D70/><U72/><E30/><V19/><F118/><W86/><G86/><T104/><D104/><U120/><E33/><V125/><F3/><W64/><REACH who="3" step="1"/><G55/><REACH who="3" ten="302,240,139,309" step="2"/><T31/><D111/><U112/><E112/><V127/><F41/><W32/><G32/><T11/><D57/><U128/><E42/><V27/><F125/><W18/><AGARI ba="0,1" hai="8,9,10,18,23,24,61,64,68,89,93,97,106,107" machi="18" ten="30,2000,0" yaku="1,1,0,1,53,0" doraHai="38" doraHaiUra="109" who="3" fromWho="3" sc="302,-10,240,-5,139,-5,309,30" /><INIT seed="5,0,0,3,0,35" ten="292,235,134,339" oya="1" hai0="4,131,80,72,18,13,21,119,68,79,115,58,22" hai1="92,64,17,53,95,117,45,133,42,71,67,55,77" hai2="36,112,59,30,66,118,8,54,108,61,69,65,106" hai3="73,113,98,121,109,94,107,101,104,32,37,63,51"/><U34/><E117/><V111/><F106/><W39/><G121/><T50/><D119/><U128/><E128/><V56/><F118/><W26/><G109/><T40/><D68/><U3/><E133/><V47/><F30/><W1/><G113/><T0/><D115/><U38/><E34/><V124/><F112/><W125/><G125/><T16/><D131/><U110/><E110/><V27/><F27/><W31/><G73/><T93/><D93/><U99/><E95/><V96/><F8/><W76/><G76/><T85/><D0/><U41/><E41/><N who="2" m="22951" /><F96/><W2/><G51/><T127/><D127/><U14/><E77/><V126/><F111/><W20/><G20/><T46/><D58/><U81/><E81/><V19/><F19/><W105/><REACH who="3" step="1"/><G63/><REACH who="3" ten="292,235,134,329" step="2"/><T6/><REACH who="0" step="1"/><D72/><REACH who="0" ten="282,235,134,329" step="2"/><U130/><E130/><V11/><F108/><W114/><G114/><T122/><D122/><U9/><E92/><V43/><F126/><W100/><G100/><T88/><D88/><U87/><E99/><V75/><F124/><W62/><G62/><T134/><D134/><U48/><E87/><V83/><F75/><W44/><G44/><T135/><D135/><U90/><E45/><V103/><F103/><W28/><G28/><T78/><D78/><U25/><E90/><V10/><F69/><W123/><G123/><T74/><D74/><U33/><E71/><V49/><F66/><W84/><G84/><T5/><D5/><U91/><E67/><V70/><F70/><W82/><G82/><T132/><D132/><U97/><E64/><N who="2" m="38951" /><F83/><W60/><G60/><T29/><D29/><RYUUKYOKU ba="0,2" sc="282,15,235,-15,134,-15,329,15" hai0="4,6,13,16,18,21,22,40,46,50,79,80,85" hai3="1,2,26,31,32,37,39,94,98,101,104,105,107" /><INIT seed="6,1,2,0,5,21" ten="297,220,119,344" oya="2" hai0="126,88,101,61,4,20,75,7,82,22,108,79,15" hai1="10,102,64,59,49,25,72,42,2,105,86,28,109" hai2="134,130,24,65,80,60,129,76,83,115,52,67,38" hai3="3,77,114,120,36,33,87,117,103,1,94,11,124"/><V84/><F38/><W107/><G120/><T127/><D108/><U128/><E72/><V57/><F115/><W74/><G117/><T13/><D101/><U93/><E109/><V98/><F134/><W5/><G114/><T58/><D88/><U9/><E128/><N who="2" m="49259" /><F98/><W44/><G124/><N who="0" m="47659" /><D15/><U113/><E113/><V111/><F111/><W23/><G1/><T104/><D104/><U31/><E105/><V55/><F67/><W14/><G33/><T63/><D63/><U96/><E2/><V62/><F62/><W45/><G36/><T132/><D132/><U16/><E86/><N who="2" m="48391" /><F24/><W92/><G74/><T110/><D110/><U29/><E64/><V91/><AGARI ba="1,2" hai="52,55,57,60,65,83,84,91" m="48391,49259" machi="91" ten="30,3000,0" yaku="19,1,54,1" doraHai="21" who="2" fromWho="2" sc="297,-11,220,-11,119,53,344,-11" /><INIT seed="6,2,0,5,0,65" ten="286,209,172,333" oya="2" hai0="87,20,124,86,80,133,18,102,131,25,72,127,17" hai1="95,63,98,38,51,67,4,104,8,97,82,118,46" hai2="107,61,68,96,11,28,30,12,89,126,42,74,44" hai3="1,76,43,109,119,39,132,90,93,66,71,3,92"/><V70/><F74/><W26/><G119/><T6/><D6/><U91/><E118/><V99/><F126/><N who="0" m="48170" /><D133/><U64/><E38/><V45/><F61/><W113/><G109/><T52/><D131/><U27/><E27/><V15/><F89/><W7/><G132/><T58/><D102/><U121/><E121/><V88/><F88/><W122/><G122/><T135/><D135/><U106/><E82/><V5/><F5/><W115/><G76/><N who="0" m="44039" /><D17/><U40/><E98/><V83/><F42/><W48/><G39/><T60/><AGARI ba="2,0" hai="18,20,25,52,58,60,86,87" m="44039,48170" machi="60" ten="30,2000,0" yaku="18,1,54,1" doraHai="65" who="0" fromWho="0" sc="286,26,209,-7,172,-12,333,-7" /><INIT seed="7,0,0,3,2,43" ten="312,202,160,326" oya="3" hai0="63,47,3,106,35,16,14,27,21,6,117,130,50" hai1="113,59,46,70,52,92,67,53,115,23,86,131,120" hai2="54,104,101,82,40,98,55,31,4,102,134,51,123" hai3="93,84,125,76,85,111,44,20,13,132,19,94,41"/><W105/><G105/><T73/><D117/><U7/><E120/><V77/><F123/><W11/><G125/><T69/><D106/><U45/><E131/><V112/><F102/><W66/><G132/><T26/><D73/><U65/><E7/><V39/><F134/><W114/><G114/><N who="1" m="43530" /><E23/><V122/><F112/><W38/><G111/><T121/><D121/><U81/><E92/><V58/><F122/><W33/><G33/><T91/><D130/><U8/><E8/><V110/><F110/><W30/><G66/><N who="1" m="25098" /><E70/><V68/><F68/><W118/><G118/><T28/><D69/><U103/><E103/><V15/><F31/><W24/><G76/><T90/><D63/><N who="1" m="36327" /><E53/><V0/><F0/><W36/><G94/><T1/><D27/><U22/><E22/><V29/><F29/><W64/><G64/><T95/><D95/><U109/><E109/><V17/><F4/><W100/><G100/><T12/><D12/><U10/><E10/><V128/><F128/><W71/><G71/><T61/><D3/><U129/><E129/><V124/><F55/><W99/><G99/><T34/><D34/><U79/><AGARI ba="0,0" hai="45,46,79,81,86" m="36327,25098,43530" machi="79" ten="30,7900,0" yaku="15,1,52,2,54,1" doraHai="43" who="1" fromWho="1" sc="312,-20,202,79,160,-20,326,-39" /><INIT seed="8,0,0,4,4,49" ten="292,281,140,287" oya="0" hai0="126,77,117,93,18,58,130,102,1,57,115,19,28" hai1="129,118,105,121,96,85,22,80,67,76,119,90,133" hai2="128,0,40,48,74,27,42,120,36,124,101,82,55" hai3="113,45,24,104,70,11,43,98,123,88,53,84,68"/><T63/><D115/><U30/><E121/><V65/><F120/><W94/><G123/><T89/><D1/><U17/><E129/><V72/><F128/><W21/><G113/><T54/><D130/><U62/><E133/><V52/><F0/><W15/><G53/><N who="0" m="34223" /><D117/><N who="1" m="44555" /><E30/><V38/><F101/><W66/><G66/><T125/><D102/><N who="1" m="62663" /><E76/><V41/><F27/><W131/><G131/><T100/><D28/><U134/><E134/><V16/><F65/><W79/><G104/><T109/><D77/><U37/><E37/><V111/><F111/><W46/><G70/><T97/><D100/><U135/><E135/><V132/><F132/><W12/><G68/><T8/><D8/><U83/><E83/><V13/><F82/><N who="3" m="47199" /><G43/><T112/><D109/><U9/><E9/><V78/><F78/><W33/><G33/><T92/><D92/><U31/><E31/><V61/><F38/><W114/><G114/><T23/><D112/><U47/><E47/><N who="3" m="17930" /><G11/><T25/><D19/><AGARI ba="0,0" hai="12,15,19,21,24,88,94,98" m="17930,47199" machi="19" ten="30,2000,0" yaku="8,1,54,1" doraHai="49" who="3" fromWho="0" sc="292,-20,281,0,140,0,287,20" owari="272,-12.8,281,8.1,140,-36.0,307,40.7" /></mjloggm>