<mjloggm ver="2.3"><GO type="169" lobby="0"/><UN n0="%E7%A9%B6%E6%A5%B5%56%E3%83%A2%E3%83%B3%E3%82%AD%E3%83%BC" n1="%E5%85%AD%E9%83%A8%E5%9C%AD" n2="%50%73%79%63%68%65" n3="%E3%82%B3%E3%81%98%E3%81%95%E3%82%93%EF%BC%9F" dan="16,16,17,17" rate="2074.02,2034.29,2130.99,2141.21" sx="M,M,M,M"/><TAIKYOKU oya="0"/><INIT seed="0,0,0,3,4,130" ten="250,250,250,250" oya="0" hai0="106,131,125,128,72,3,30,101,108,36,34,115,111" hai1="33,120,50,60,18,52,61,6,8,113,25,92,75" hai2="38,55,123,95,62,110,64,84,63,24,78,112,127" hai3="105,82,49,88,14,77,48,35,54,57,4,133,31"/><T119/><D115/><U97/><E120/><V68/><F38/><W132/><G105/><T1/><D119/><U10/><E75/><V26/><F123/><W56/><G31/><T109/><D36/><U96/><E113/><V129/><F112/><W11/><G35/><T86/><D72/><U53/><E53/><V2/><F2/><N who="0" m="522" /><D86/><U29/><E18/><V45/><F129/><N who="0" m="49738" /><D125/><U89/><E97/><V116/><F116/><W46/><G88/><T40/><D40/><U122/><E122/><V104/><F104/><W80/><G80/><T85/><D85/><U43/><E43/><V117/><F117/><W67/><G67/><T93/><D93/><U70/><E70/><V13/><F95/><W90/><G90/><T103/><D106/><U51/><E51/><V16/><F84/><W65/><G65/><T79/><D79/><U7/><E10/><V15/><F78/><W71/><G71/><T12/><D12/><U37/><E37/><V69/><F15/><W98/><G98/><T9/><D9/><U114/><E114/><V135/><F13/><W87/><REACH who="3" step="1"/><G56/><REACH who="3" ten="250,250,250,240" step="2"/><T28/><D34/><U21/><E33/><V39/><F69/><W76/><G76/><T83/><D83/><U17/><E29/><AGARI ba="0,1" hai="28,29,30,101,103,108,109,111" m="49738,522" machi="29" ten="40,12000,1" yaku="28,2,14,1,10,1,19,1" doraHai="130" who="0" fromWho="1" sc="250,130,250,-120,250,0,240,0" /><INIT seed="0,1,0,4,2,94" ten="380,130,250,240" oya="0" hai0="68,86,75,125,60,88,89,16,17,92,123,14,11" hai1="103,120,12,124,132,67,106,130,95,40,27,70,20" hai2="115,52,44,22,133,33,134,80,58,7,73,84,0" hai3="100,42,61,117,41,55,15,57,56,112,39,135,76"/><T25/><D123/><U54/><E120/><V50/><F33/><W96/><G112/><T129/><D129/><U110/><E106/><V93/><F115/><W5/><G117/><T53/><D125/><U114/><E114/><V46/><F73/><W64/><G135/><N who="2" m="51721" /><F22/><W128/><G76/><T72/><D89/><U21/><E132/><V49/><F93/><N who="3" m="58383" /><G39/><T121/><D121/><U77/><E130/><V4/><F0/><W81/><G81/><T116/><D116/><U109/><E124/><V91/><F46/><W43/><G128/><T24/><D53/><AGARI ba="1,0" hai="4,7,44,49,50,52,53,58,80,84,91" m="51721" machi="53" ten="30,2000,0" yaku="20,1,54,1" doraHai="94" who="2" fromWho="0" sc="380,-23,130,0,250,23,240,0" /><INIT seed="1,0,0,1,1,50" ten="357,130,273,240" oya="1" hai0="24,3,89,94,58,31,5,114,19,84,36,96,28" hai1="13,113,117,79,109,46,77,63,9,98,10,11,101" hai2="76,14,74,125,33,118,44,90,18,27,17,65,99" hai3="52,128,83,57,92,80,104,29,42,47,121,30,64"/><U38/><E113/><V15/><F118/><W82/><G121/><T53/><D114/><U55/><E117/><V61/><F125/><W87/><G104/><T95/><D36/><U102/><E109/><V0/><F0/><W71/><G128/><T66/><D66/><U116/><E116/><V51/><F76/><W122/><G122/><T119/><D119/><U88/><E38/><V103/><F74/><W85/><G64/><T37/><D37/><U25/><E25/><V127/><F90/><W78/><G71/><T107/><D107/><U26/><E26/><V7/><F7/><W45/><G92/><T100/><D5/><U39/><E13/><V91/><F91/><N who="3" m="51623" /><G82/><T59/><D59/><N who="1" m="35327" /><E46/><N who="3" m="17418" /><G42/><T135/><D135/><U130/><E39/><V93/><F127/><W86/><G86/><T73/><D73/><U75/><E130/><V34/><F34/><W124/><G124/><T12/><D24/><U68/><E68/><V81/><F27/><W49/><AGARI ba="0,0" hai="29,30,49,52,57,78,83,87" m="17418,51623" machi="49" ten="30,4000,0" yaku="8,1,52,1,54,1" doraHai="50" who="3" fromWho="3" sc="357,-10,130,-20,273,-10,240,40" /><INIT seed="2,0,0,4,5,113" ten="347,110,263,280" oya="2" hai0="95,89,64,32,80,91,116,98,120,45,0,101,35" hai1="121,93,123,76,9,126,8,97,30,47,114,23,40" hai2="68,77,132,67,82,49,53,1,22,31,106,78,27" hai3="119,85,13,128,17,63,130,34,3,102,25,92,65"/><V105/><F132/><W37/><G3/><T51/><D120/><N who="1" m="46155" /><E114/><V18/><F1/><W5/><G37/><T110/><D0/><U127/><E76/><V48/><F78/><W100/><G119/><T11/><D110/><U103/><E30/><V15/><F67/><W134/><G134/><T125/><D116/><U14/><E23/><V24/><F68/><W66/><G5/><T19/><D125/><N who="1" m="47627" /><E14/><V50/><F53/><W55/><G55/><T69/><D64/><U96/><E97/><V87/><REACH who="2" step="1"/><F27/><REACH who="2" ten="347,110,253,280" step="2"/><W112/><G66/><T115/><D69/><U54/><E54/><V26/><F26/><W62/><G25/><T133/><D133/><U16/><E16/><V46/><F46/><W60/><G17/><T39/><D115/><U58/><E58/><V38/><F38/><AGARI ba="0,1" hai="8,9,38,40,47,93,96,103" m="47627,46155" machi="38" ten="30,2000,0" yaku="13,1,18,1" doraHai="113" who="1" fromWho="2" sc="347,0,110,30,253,-20,280,0" /><INIT seed="3,0,0,1,4,23" ten="347,140,233,280" oya="3" hai0="110,65,81,19,67,48,15,100,129,128,77,5,72" hai1="116,134,37,27,122,7,71,98,96,29,24,34,51" hai2="94,32,104,20,118,40,92,31,105,66,8,114,112" hai3="124,75,76,60,89,1,22,16,90,35,53,121,11"/><W80/><G121/><T125/><D110/><U78/><E37/><V2/><F118/><W73/><G35/><T3/><D125/><U6/><E122/><V119/><F119/><W130/><G75/><T108/><D108/><U93/><E116/><V82/><F32/><W64/><G130/><N who="0" m="50283" /><D100/><U10/><E71/><V63/><F40/><W38/><G124/><T107/><D107/><U126/><E126/><V83/><F20/><W132/><G132/><T59/><D5/><U131/><E131/><V133/><F63/><W44/><G11/><N who="0" m="6655" /><D3/><U0/><E134/><V97/><F2/><W46/><G1/><T4/><D4/><U74/><E7/><V18/><F133/><W95/><G38/><T101/><D101/><U47/><E93/><V57/><F105/><W84/><G90/><T113/><D113/><U117/><E117/><V26/><F104/><W25/><REACH who="3" step="1"/><G53/><AGARI ba="0,0" hai="48,53,59,65,67,72,77,81" m="6655,50283" machi="53" ten="30,1000,0" yaku="19,1" doraHai="23" who="0" fromWho="3" sc="347,10,140,0,233,0,280,-10" /><INIT seed="4,0,0,1,3,59" ten="357,140,233,270" oya="0" hai0="128,18,77,30,28,65,9,46,63,92,64,78,113" hai1="79,47,132,72,42,20,111,93,49,124,119,74,112" hai2="50,76,1,126,116,105,75,110,25,39,60,24,27" hai3="55,54,2,29,122,90,16,94,102,107,115,68,101"/><T61/><D113/><U17/><E119/><V133/><F39/><W8/><G115/><T41/><D128/><U87/><E112/><V96/><F110/><W70/><G122/><T104/><D104/><U13/><E111/><V129/><F116/><W32/><G107/><T62/><D92/><U81/><E132/><V45/><F133/><W10/><G29/><N who="0" m="11371" /><D46/><U11/><E124/><V19/><F1/><W53/><G32/><T4/><D41/><U36/><E36/><V73/><F126/><W91/><G2/><T21/><D9/><U7/><REACH who="1" step="1"/><E93/><REACH who="1" ten="357,130,233,270" step="2"/><V0/><F105/><W82/><G94/><T130/><D130/><U103/><E103/><V71/><F129/><W88/><G101/><T51/><D4/><U12/><AGARI ba="0,1" hai="7,11,12,13,17,20,42,47,49,72,74,79,81,87" machi="12" ten="20,8000,1" yaku="1,1,0,1,7,1,25,2,53,0" doraHai="59" doraHaiUra="33" who="1" fromWho="1" sc="357,-40,130,90,233,-20,270,-20" /><INIT seed="5,0,0,2,2,71" ten="317,220,213,250" oya="1" hai0="52,23,40,74,92,87,0,49,120,84,33,77,54" hai1="116,30,90,129,56,89,4,122,34,18,27,61,115" hai2="26,67,72,9,113,53,39,109,69,128,48,1,99" hai3="41,106,93,65,112,76,114,86,36,59,42,43,7"/><U29/><E116/><V117/><F117/><W51/><G106/><T3/><D33/><U31/><E122/><V28/><F109/><W16/><G7/><T50/><D120/><U24/><E115/><N who="3" m="44074" /><G76/><T108/><D108/><U12/><E129/><V101/><F113/><W60/><G86/><T123/><D123/><U19/><E4/><V119/><F119/><W46/><G93/><T66/><D74/><U47/><E47/><V95/><F72/><W10/><G10/><T8/><D66/><U107/><E107/><V21/><F128/><W2/><G16/><N who="1" m="6186" /><E12/><V96/><F96/><W38/><G2/><T103/><D23/><U135/><E34/><V97/><F97/><W85/><G85/><N who="0" m="32843" /><D8/><U111/><E135/><V102/><F102/><W121/><G121/><T94/><D103/><U75/><E111/><V79/><F79/><W134/><G134/><T91/><D77/><U22/><E75/><V5/><F69/><W78/><G78/><T132/><D132/><U35/><E35/><V126/><F67/><W45/><G45/><T118/><D118/><U63/><E63/><V44/><REACH who="2" step="1"/><F126/><REACH who="2" ten="317,220,203,250" step="2"/><W82/><G82/><T37/><D91/><N who="1" m="34827" /><E27/><V81/><F81/><W83/><G83/><T64/><D94/><U6/><E6/><V125/><F125/><W88/><G88/><T104/><D92/><U58/><E61/><V70/><F70/><W57/><G57/><AGARI ba="0,1" hai="22,24,29,30,31,56,57,58" m="34827,6186" machi="57" ten="30,2900,0" yaku="8,1,54,1" doraHai="71" who="1" fromWho="3" sc="317,0,220,39,203,0,250,-29" /><INIT seed="5,1,0,3,3,92" ten="317,259,203,221" oya="1" hai0="67,135,6,104,88,99,2,39,41,49,113,8,46" hai1="69,52,53,40,87,72,106,15,27,14,16,123,119" hai2="4,58,31,84,32,93,7,26,89,68,59,3,13" hai3="74,86,120,64,30,82,35,121,76,73,129,9,71"/><U22/><E72/><V17/><F68/><W44/><G129/><T36/><D113/><U33/><E119/><V62/><F3/><W60/><G44/><T0/><D135/><U117/><E117/><V95/><F95/><W45/><G9/><T85/><D67/><U110/><E123/><V57/><REACH who="2" step="1"/><F62/><REACH who="2" ten="317,259,193,221" step="2"/><W77/><G120/><T5/><D2/><U63/><E69/><V130/><F130/><W24/><G121/><T81/><REACH who="0" step="1"/><D6/><REACH who="0" ten="307,259,193,221" step="2"/><U50/><E110/><V51/><F51/><W29/><G64/><T75/><D75/><U56/><E50/><V127/><F127/><W21/><G74/><T97/><D97/><U70/><E63/><V66/><F66/><W10/><G73/><T25/><D25/><U48/><E27/><V83/><F83/><W54/><G82/><T134/><D134/><U42/><E48/><V108/><F108/><W19/><G24/><T133/><D133/><U132/><E132/><V131/><F131/><W38/><G60/><T47/><D47/><U43/><E70/><V28/><F28/><W111/><G30/><T124/><D124/><U79/><E106/><V107/><F107/><W114/><G29/><T98/><D98/><U11/><E87/><V18/><F18/><W1/><G19/><T102/><AGARI ba="1,2" hai="0,5,8,36,39,41,46,49,81,85,88,99,102,104" machi="102" ten="30,7900,0" yaku="1,1,0,1,52,1,54,1,53,0" doraHai="92" doraHaiUra="61" who="0" fromWho="0" sc="307,102,259,-40,193,-21,221,-21" /><INIT seed="6,0,0,4,3,32" ten="409,219,172,200" oya="2" hai0="124,115,0,59,93,10,83,107,46,57,79,12,116" hai1="91,80,72,47,129,21,82,17,101,95,18,3,75" hai2="133,54,92,26,62,40,8,87,132,58,81,52,114" hai3="73,66,49,64,39,127,118,102,55,43,103,84,34"/><V130/><F114/><W38/><G73/><T5/><D115/><U44/><E101/><V45/><F130/><W112/><G112/><T117/><D107/><U99/><E129/><V96/><F26/><W131/><G118/><N who="0" m="45675" /><D124/><U69/><E69/><V90/><F8/><W71/><G34/><T88/><D12/><U94/><E21/><V121/><F121/><W108/><G108/><T36/><D46/><U74/><E99/><V120/><F120/><W65/><G71/><T113/><D36/><U61/><E61/><V37/><REACH who="2" step="1"/><F54/><REACH who="2" ten="409,219,162,200" step="2"/><W105/><G55/><T48/><D113/><U51/><E74/><V14/><F14/><W86/><G131/><T29/><D10/><U119/><E119/><V125/><F125/><W25/><G127/><T135/><D135/><U42/><E72/><V2/><F2/><W4/><G25/><T22/><D0/><U1/><E75/><V106/><F106/><W41/><G105/><T56/><D22/><U122/><E122/><V97/><F97/><W15/><G15/><T24/><D24/><U89/><E42/><V60/><F60/><W53/><G53/><T27/><D27/><U50/><AGARI ba="0,1" hai="1,3,17,18,44,47,50,51,80,82,89,91,94,95" machi="50" ten="25,8000,1" yaku="0,1,22,2,52,2" doraHai="32" who="1" fromWho="1" sc="409,-20,219,90,162,-40,200,-20" /><INIT seed="7,0,0,2,1,31" ten="389,309,122,180" oya="3" hai0="114,88,12,3,59,33,129,72,65,53,63,9,132" hai1="48,135,73,97,78,110,30,131,36,122,42,14,50" hai2="93,5,18,84,105,2,77,22,102,92,82,0,15" hai3="46,95,115,23,99,62,123,91,130,10,101,118,112"/><W21/><G123/><T64/><D72/><U70/><E122/><V126/><F126/><W134/><G118/><T17/><D33/><U20/><E110/><V74/><F5/><W35/><G134/><T119/><D119/><U28/><E70/><V85/><F85/><W121/><G121/><T47/><D132/><U107/><E135/><V100/><F93/><W11/><G35/><T45/><D3/><U60/><E131/><V96/><REACH who="2" step="1"/><F102/><REACH who="2" ten="389,309,112,180" step="2"/><W43/><G101/><T58/><D129/><U125/><E125/><V113/><F113/><N who="3" m="43595" /><G130/><T29/><D114/><U66/><E107/><V103/><F103/><W111/><G111/><T61/><D29/><U76/><E97/><V49/><F49/><N who="3" m="26847" /><G62/><T26/><D61/><U89/><E60/><V86/><F86/><W106/><G106/><T81/><D63/><U127/><E127/><V71/><F71/><W6/><G10/><T133/><D9/><U104/><E104/><V117/><F117/><W7/><G7/><T56/><D133/><U4/><E4/><V75/><F75/><W38/><G38/><T13/><D64/><U57/><E73/><V69/><F69/><W37/><G37/><T87/><D65/><U94/><E36/><V68/><F68/><W27/><G11/><T41/><D87/><U109/><E109/><V32/><F32/><W83/><G6/><T98/><D98/><U44/><E66/><V80/><F80/><W128/><G83/><T52/><D81/><U54/><E28/><V51/><F51/><W40/><G95/><T16/><D17/><N who="1" m="10295" /><E30/><V1/><F1/><W34/><G99/><RYUUKYOKU ba="0,1" sc="389,-15,309,15,112,15,180,-15" hai1="42,44,48,50,54,57,76,78,89,94" hai2="0,2,15,18,22,74,77,82,84,92,96,100,105" owari="384,48.4,324,12.4,127,-37.3,165,-23.5" /></mjloggm>