<mjloggm ver="2.3"><GO type="169" lobby="0"/><UN n0="%4F%56%4F" n1="%E3%81%BB%E3%82%80%E3%82%89" n2="%48%69%70%70%6F%5F" n3="%E3%81%98%E3%82%83%E3%81%99%E3%81%BF%E3%82%93" dan="16,16,17,16" rate="2071.69,2071.74,2191.70,2044.61" sx="M,F,M,M"/><TAIKYOKU oya="0"/><INIT seed="0,0,0,5,2,17" ten="250,250,250,250" oya="0" hai0="86,131,103,89,97,54,53,88,135,83,22,101,115" hai1="93,63,117,59,77,100,124,73,34,61,8,37,35" hai2="38,50,21,55,111,64,72,112,130,123,47,51,11" hai3="109,133,42,16,98,62,5,127,70,43,116,56,6"/><T107/><D115/><U7/><E117/><V9/><F112/><W84/><G116/><T28/><D135/><U68/><E124/><V85/><F123/><W23/><G109/><T60/><D131/><U33/><E68/><V39/><F72/><W79/><G127/><T125/><D125/><U126/><E126/><V92/><F111/><W114/><G114/><T119/><D119/><U102/><E37/><V90/><F130/><W24/><G70/><T2/><D2/><U69/><E69/><V25/><F64/><W31/><G31/><T122/><D122/><U41/><E41/><N who="3" m="15370" /><G98/><T66/><D103/><U128/><E128/><V110/><F110/><W12/><G12/><T3/><D3/><U94/><E77/><V14/><F50/><W46/><G46/><T95/><D107/><U91/><E73/><V26/><F26/><W48/><G48/><T32/><D32/><U13/><E61/><V113/><F113/><W15/><G15/><T58/><D89/><U129/><E129/><V71/><F71/><W121/><G121/><T45/><D45/><U40/><E40/><V108/><F108/><W99/><G99/><T87/><D87/><U18/><E7/><N who="2" m="3391" /><F11/><W67/><G133/><T81/><D81/><AGARI ba="0,0" hai="5,6,16,23,24,56,62,67,79,81,84" m="15370" machi="81" ten="30,3900,0" yaku="8,1,52,1,54,1" doraHai="17" who="3" fromWho="0" sc="250,-39,250,0,250,0,250,39" /><INIT seed="1,0,0,0,0,28" ten="211,250,250,289" oya="1" hai0="18,34,127,50,42,77,129,55,116,65,126,83,122" hai1="57,24,47,109,49,113,133,2,76,104,79,94,70" hai2="26,37,91,4,121,95,7,89,62,73,8,60,88" hai3="85,33,111,9,124,80,108,69,118,81,53,44,105"/><U93/><E104/><V97/><F121/><W56/><G69/><T130/><D116/><U131/><E70/><V36/><F73/><W17/><G105/><T107/><D107/><U14/><E2/><V125/><F125/><N who="0" m="47626" /><D122/><U11/><E113/><V15/><F4/><W54/><G124/><T67/><D42/><U22/><E131/><N who="0" m="50185" /><D18/><U86/><E133/><V115/><F115/><W5/><G17/><T27/><D27/><U101/><E57/><V1/><F1/><W32/><G118/><T92/><D92/><N who="1" m="35435" /><E101/><V78/><F26/><W38/><G81/><T99/><D99/><U46/><E109/><N who="3" m="42058" /><G85/><N who="0" m="48367" /><D34/><N who="3" m="13417" /><G80/><T52/><D55/><U96/><E96/><V39/><REACH who="2" step="1"/><F78/><REACH who="2" ten="211,250,240,289" step="2"/><W43/><G56/><AGARI ba="0,1" hai="50,52,56,65,67" m="48367,50185,47626" machi="56" ten="30,3900,0" yaku="18,1,19,1,54,1" doraHai="28" who="0" fromWho="3" sc="211,49,250,0,240,0,289,-39" /><INIT seed="2,0,0,5,2,101" ten="260,250,240,250" oya="2" hai0="41,83,3,110,36,84,57,91,45,120,73,28,117" hai1="18,7,46,131,75,87,10,78,106,27,54,127,122" hai2="74,108,58,125,19,37,52,51,65,48,14,134,15" hai3="80,17,100,112,16,9,115,90,0,133,92,32,98"/><V82/><F37/><W2/><G32/><T33/><D120/><U107/><E75/><V68/><F134/><W29/><G29/><T116/><D110/><U26/><E127/><V24/><F125/><W96/><G133/><T126/><D126/><U21/><E131/><V79/><F108/><W40/><G40/><T124/><D124/><U77/><E122/><V55/><F65/><W95/><G80/><T85/><D3/><U109/><E109/><V114/><F68/><W67/><G67/><T121/><D121/><U39/><E27/><V123/><F114/><N who="3" m="43563" /><G9/><T53/><D73/><U13/><E39/><V70/><F70/><W25/><G25/><N who="0" m="18575" /><D91/><U104/><REACH who="1" step="1"/><E87/><REACH who="1" ten="260,240,240,250" step="2"/><V6/><F123/><W49/><G49/><AGARI ba="0,1" hai="7,10,13,18,21,26,46,49,54,77,78,104,106,107" machi="49" ten="40,8000,1" yaku="1,1,2,1,52,3,53,0" doraHai="101" doraHaiUra="94" who="1" fromWho="3" sc="260,0,240,90,240,0,250,-80" /><INIT seed="3,0,0,2,2,24" ten="260,330,240,170" oya="3" hai0="85,113,126,120,61,75,12,25,44,11,22,1,84" hai1="69,36,131,45,127,103,23,112,129,28,2,5,67" hai2="115,40,34,50,41,132,106,125,37,72,60,33,29" hai3="13,46,121,81,27,32,7,99,117,92,88,104,128"/><W73/><G117/><T39/><D120/><U35/><E112/><V101/><F115/><W91/><G128/><T42/><D113/><U122/><E122/><V30/><F37/><W31/><G121/><T48/><D126/><U64/><E127/><V95/><F106/><W66/><G66/><T105/><D105/><U133/><E133/><V26/><F125/><W68/><G68/><T114/><D114/><U0/><E23/><V108/><F72/><W79/><G104/><T97/><D75/><U10/><E103/><V17/><F132/><W109/><G109/><T74/><D74/><U16/><E16/><V83/><F108/><W71/><G71/><T63/><D1/><U70/><E67/><V52/><F60/><N who="0" m="23114" /><D97/><U116/><E116/><V62/><F62/><W82/><G46/><T134/><D39/><U94/><E94/><V77/><F17/><W56/><G56/><T110/><D110/><U96/><E96/><V87/><F95/><W54/><G54/><T9/><D134/><U89/><E89/><V135/><F101/><W78/><G91/><T49/><D49/><U55/><E0/><V65/><F65/><W38/><G38/><T6/><D11/><U58/><E64/><V59/><F135/><W43/><G43/><T102/><D102/><U21/><E69/><V118/><F118/><W15/><G7/><T47/><D47/><U20/><E70/><V57/><F59/><W123/><G123/><T107/><D107/><U18/><E36/><V80/><F83/><W76/><G76/><T19/><AGARI ba="0,0" hai="6,9,12,19,22,25,42,44,48,84,85" m="23114" machi="19" ten="30,1100,0" yaku="8,1" doraHai="24" who="0" fromWho="0" sc="260,11,330,-3,240,-3,170,-5" /><INIT seed="4,0,0,4,3,131" ten="271,327,237,165" oya="0" hai0="69,20,86,126,92,46,48,4,101,12,21,65,95" hai1="87,120,7,41,98,127,123,19,55,99,23,82,26" hai2="80,13,110,122,96,50,64,97,118,103,79,134,88" hai3="15,63,24,125,107,116,51,18,52,119,5,91,28"/><T113/><D113/><U112/><E112/><V84/><F110/><W29/><G107/><T10/><D126/><U128/><E128/><V45/><F122/><W58/><G125/><T42/><D69/><U67/><E127/><V135/><F118/><W53/><G5/><T62/><D65/><U100/><E67/><V111/><F111/><W38/><G38/><T71/><D62/><U22/><E41/><V30/><F64/><W132/><G91/><T54/><D71/><U39/><E39/><V49/><F30/><W74/><G74/><T83/><D54/><U102/><E7/><V72/><F13/><W35/><G29/><T27/><D101/><U8/><E8/><V32/><F32/><W66/><G53/><T78/><D21/><U25/><E55/><N who="2" m="30127" /><F50/><W1/><G1/><T56/><D56/><U121/><E121/><V33/><F33/><W114/><G132/><N who="2" m="50729" /><F103/><W106/><G106/><T85/><D85/><U70/><E123/><V104/><F104/><W73/><G73/><T44/><D44/><U40/><E120/><V11/><F11/><W34/><G35/><T129/><D129/><U89/><E102/><V76/><F76/><W6/><G6/><T36/><D36/><U115/><E100/><V77/><F77/><W57/><REACH who="3" step="1"/><G114/><REACH who="3" ten="271,327,237,155" step="2"/><T124/><D124/><U31/><E115/><V105/><F105/><W47/><G47/><T108/><D108/><U2/><E2/><V130/><F130/><W16/><G16/><AGARI ba="0,1" hai="4,10,12,16,20,27,42,46,48,78,83,86,92,95" machi="16" ten="30,12000,1" yaku="7,1,25,2,8,1,54,1" doraHai="131" who="0" fromWho="3" sc="271,130,327,0,237,0,155,-120" /><INIT seed="4,1,0,0,1,102" ten="401,327,237,35" oya="0" hai0="61,59,7,130,88,20,101,109,113,78,125,6,17" hai1="87,80,129,69,67,131,77,19,108,9,53,58,26" hai2="22,106,72,91,73,55,93,60,14,82,118,33,70" hai3="76,99,120,126,94,16,42,57,64,40,45,100,48"/><T123/><D123/><U18/><E108/><V41/><F33/><W117/><G126/><T86/><D125/><U47/><E47/><V62/><F118/><W21/><G117/><T12/><D113/><U128/><E69/><V114/><F114/><W44/><G76/><T97/><D130/><U24/><E67/><V81/><F41/><W5/><G5/><T39/><D39/><U8/><E19/><V135/><F135/><W4/><G4/><T37/><D37/><U110/><E110/><V66/><F73/><W103/><G103/><T63/><D78/><U119/><E119/><V35/><F35/><W50/><G120/><T2/><D2/><U132/><E132/><V89/><F72/><W27/><G57/><T121/><D109/><U98/><E98/><V68/><F106/><W83/><G64/><T23/><D23/><N who="1" m="13431" /><E26/><V49/><F68/><W116/><G116/><T25/><D121/><U90/><E77/><V31/><F62/><AGARI ba="1,0" hai="8,9,53,58,62,80,87,90,128,129,131" m="13431" machi="62" ten="30,1000,0" yaku="19,1" doraHai="102" who="1" fromWho="2" sc="401,0,327,13,237,-13,35,0" /><INIT seed="5,0,0,4,0,87" ten="401,340,224,35" oya="1" hai0="70,113,78,118,45,38,8,132,108,120,133,40,111" hai1="96,117,125,26,128,29,0,82,9,61,35,66,88" hai2="97,59,69,50,100,73,44,135,20,94,95,65,72" hai3="53,93,34,32,21,79,119,106,92,49,134,126,39"/><U51/><E117/><V86/><F135/><N who="0" m="51786" /><D78/><U122/><E122/><V99/><F69/><W98/><G39/><T130/><D8/><U7/><E128/><V6/><F86/><W89/><G134/><T124/><D118/><U46/><E125/><V31/><F6/><W30/><G126/><T27/><D27/><U60/><E66/><V75/><F31/><W36/><G36/><T114/><D124/><U77/><E77/><V121/><F121/><W37/><G37/><T116/><D116/><U42/><REACH who="1" step="1"/><E82/><REACH who="1" ten="401,330,224,35" step="2"/><V55/><F65/><W24/><G79/><T25/><D130/><U1/><E1/><V41/><F20/><W109/><G119/><T18/><D120/><U14/><E14/><V102/><REACH who="2" step="1"/><F72/><REACH who="2" ten="401,330,214,35" step="2"/><W90/><G21/><N who="0" m="13495" /><D70/><U107/><E107/><V110/><F110/><AGARI ba="0,2" hai="38,40,45,108,110,111,113,114" m="13495,51786" machi="110" ten="30,1000,0" yaku="20,1" doraHai="87" who="0" fromWho="2" sc="401,30,330,0,214,-10,35,0" /><INIT seed="6,0,0,0,0,117" ten="431,330,204,35" oya="2" hai0="33,123,53,25,73,15,62,110,48,109,57,103,125" hai1="35,64,68,114,74,8,98,29,1,54,28,72,61" hai2="108,63,81,24,76,3,26,13,44,87,12,4,126" hai3="20,75,67,120,124,41,32,97,9,84,121,36,90"/><V50/><F126/><W93/><G124/><T91/><D73/><U19/><E114/><V118/><F118/><W111/><G111/><T100/><D125/><U60/><E35/><V135/><F135/><W80/><G32/><T119/><D119/><U106/><E74/><V2/><F108/><W55/><G67/><T101/><D123/><U127/><E72/><V58/><F2/><W17/><G75/><T21/><D33/><U34/><E127/><V94/><F3/><W30/><G30/><T27/><D109/><U14/><E1/><V66/><F94/><W130/><G9/><T85/><D110/><U134/><E134/><V45/><F45/><W99/><G130/><T78/><D78/><U129/><E129/><V71/><F71/><W37/><G97/><T10/><D62/><U47/><E34/><V88/><F76/><W102/><G55/><T70/><D21/><U86/><E86/><V69/><F69/><W11/><G11/><T95/><D70/><U82/><E82/><V105/><F105/><W23/><G23/><T107/><D107/><U38/><E38/><V42/><REACH who="2" step="1"/><F4/><AGARI ba="0,0" hai="4,10,15,25,27,48,53,57,85,91,95,100,101,103" machi="4" ten="40,1300,0" yaku="8,1" doraHai="117" who="0" fromWho="2" sc="431,13,330,0,204,-13,35,0" /><INIT seed="7,0,0,0,4,6" ten="444,330,191,35" oya="3" hai0="97,108,76,100,75,22,117,118,34,23,44,16,72" hai1="92,68,104,49,20,91,84,60,101,32,47,135,103" hai2="124,99,53,10,7,14,29,132,134,17,112,24,122" hai3="81,1,65,121,59,110,107,0,8,94,86,9,54"/><W55/><G107/><T82/><D34/><U15/><E32/><V26/><F112/><W5/><G121/><T43/><D23/><U4/><E104/><V114/><F114/><W88/><G110/><T109/><D75/><U87/><E87/><V33/><F122/><W40/><G40/><T125/><D125/><U119/><E135/><N who="2" m="51755" /><F124/><W45/><G45/><T126/><D126/><U73/><E73/><V102/><F53/><W116/><G116/><T41/><D41/><U98/><E98/><V96/><F102/><W123/><G123/><T90/><D90/><U78/><E78/><V30/><F7/><W25/><G25/><T19/><D19/><U11/><E119/><V69/><F69/><W42/><G42/><T57/><D57/><U133/><E133/><V39/><F39/><W77/><G1/><T115/><D115/><U74/><E74/><V3/><F3/><W28/><G28/><T80/><D80/><U58/><E68/><V63/><F63/><N who="3" m="38143" /><G0/><T64/><D117/><U62/><E62/><V85/><F85/><N who="3" m="48303" /><G5/><T120/><D118/><U13/><E47/><V128/><F128/><W51/><G54/><T21/><D120/><U71/><E71/><V105/><F105/><W31/><G31/><T48/><D64/><N who="1" m="38935" /><E49/><V46/><F46/><W12/><G12/><N who="0" m="9351" /><D109/><U36/><E36/><V111/><F111/><W27/><G27/><T67/><D67/><U129/><E129/><V83/><F26/><W130/><G130/><T61/><D108/><U52/><E52/><V89/><F29/><W35/><G35/><T2/><D2/><U18/><AGARI ba="0,0" hai="4,11,13,15,18,20,84,91,92,101,103" m="38935" machi="18" ten="30,4000,0" yaku="5,1,8,1,52,1" doraHai="6" who="1" fromWho="1" sc="444,-10,330,40,191,-10,35,-20" owari="434,53.4,370,17.0,181,-21.9,15,-48.5" /></mjloggm>