<mjloggm ver="2.3"><GO type="169" lobby="0"/><UN n0="%73%65%37%37%65%6E" n1="%E3%82%A8%E3%83%B3%E3%82%B8%E3%82%A7%E3%83%AB%E3%82%A6%E3%82%A3%E3%82%AD" n2="%50%6F%6F%48%65%3F" n3="%E3%82%A8%E3%82%B0%E3%83%81%E3%80%81" dan="16,16,16,17" rate="2041.54,2096.55,2179.70,2201.72" sx="M,M,F,M"/><TAIKYOKU oya="0"/><INIT seed="0,0,0,0,5,79" ten="250,250,250,250" oya="0" hai0="22,5,65,104,117,134,122,110,82,89,68,25,133" hai1="121,98,40,114,62,115,6,53,64,76,48,126,87" hai2="15,107,43,95,85,50,31,52,4,18,39,42,9" hai3="102,123,41,84,45,75,33,120,55,135,96,66,92"/><T27/><D122/><N who="3" m="46633" /><G33/><T83/><D117/><U36/><E121/><V46/><F107/><W10/><G75/><T100/><D5/><U88/><E126/><V90/><F31/><W35/><G35/><T51/><D27/><U124/><E124/><V78/><F78/><W37/><G66/><T17/><D110/><U99/><E6/><V127/><F127/><W23/><G23/><T12/><D89/><U86/><E40/><V108/><F108/><W74/><G74/><T91/><D91/><U59/><E36/><V47/><REACH who="2" step="1"/><F42/><REACH who="2" ten="250,250,240,250" step="2"/><W97/><G41/><T118/><D118/><U129/><E114/><V38/><F38/><W130/><G37/><T26/><D104/><U21/><E115/><V81/><F81/><N who="0" m="30730" /><D100/><U112/><E76/><V69/><F69/><W16/><G102/><T93/><D93/><U58/><E112/><V67/><F67/><W105/><G92/><T8/><D8/><U0/><E64/><V80/><F80/><W132/><G10/><T44/><D65/><U106/><E106/><V30/><F30/><W34/><G105/><T103/><D68/><U61/><E129/><V116/><F116/><W101/><G101/><T2/><D103/><U63/><E86/><V77/><F77/><W28/><G84/><T1/><D2/><U56/><E87/><V70/><F70/><W73/><G130/><T19/><D1/><U54/><E0/><V29/><F29/><W7/><G28/><T94/><D94/><U11/><E99/><V13/><F13/><W125/><G97/><T113/><D113/><U24/><E98/><V57/><F57/><RYUUKYOKU ba="0,1" sc="250,-10,250,-10,240,30,250,-10" hai2="4,9,15,18,39,43,46,47,50,52,85,90,95" /><INIT seed="1,1,1,5,4,91" ten="240,240,270,240" oya="1" hai0="98,17,55,129,99,130,88,110,85,73,69,26,15" hai1="115,48,124,114,128,117,79,123,70,83,65,87,113" hai2="2,94,50,95,116,104,46,102,58,27,42,35,89" hai3="75,133,5,18,12,97,64,66,61,77,105,9,68"/><U6/><E117/><V24/><F116/><W40/><G133/><T100/><D73/><U56/><E123/><V28/><F2/><W131/><G131/><N who="0" m="50187" /><D69/><U82/><E128/><V108/><F108/><W122/><G122/><T132/><D132/><U33/><E124/><V31/><F58/><W135/><G66/><T32/><D100/><U81/><E33/><V74/><F74/><W57/><G135/><T54/><D110/><U16/><E6/><V21/><REACH who="2" step="1"/><F89/><REACH who="2" ten="240,240,260,240" step="2"/><W111/><G57/><T0/><D0/><U106/><E70/><V78/><F78/><W45/><G77/><T1/><D1/><U92/><E106/><V43/><F43/><W125/><G75/><T59/><D59/><U120/><E120/><V37/><F37/><W112/><G40/><T121/><D121/><U107/><E107/><V44/><F44/><W47/><G45/><T14/><D99/><AGARI ba="1,2" hai="21,24,27,28,31,35,42,46,50,94,95,99,102,104" machi="99" ten="40,5200,0" yaku="1,1,52,2,53,0" doraHai="91" doraHaiUra="4" who="2" fromWho="0" sc="240,-55,240,0,260,75,240,0" /><INIT seed="2,0,0,2,2,88" ten="185,240,335,240" oya="2" hai0="115,101,44,79,123,76,26,91,69,35,51,46,132" hai1="77,38,102,129,58,45,7,31,111,18,122,131,97" hai2="55,95,106,90,60,128,17,110,52,104,33,32,15" hai3="62,81,50,16,67,71,130,6,112,89,70,135,124"/><V117/><F117/><W56/><G124/><T5/><D123/><U94/><E122/><V83/><F83/><W54/><G130/><N who="1" m="49674" /><E111/><V114/><F114/><W19/><G135/><T93/><D69/><U30/><E7/><V20/><F128/><W87/><G112/><T86/><D115/><U14/><E77/><V57/><F110/><W121/><G121/><T127/><D127/><U63/><E45/><V28/><F55/><W34/><G34/><T68/><D46/><U2/><E2/><V49/><F60/><W12/><G6/><T78/><D68/><U43/><E43/><V74/><F74/><W9/><REACH who="3" step="1"/><G19/><REACH who="3" ten="185,240,335,230" step="2"/><T98/><D132/><U37/><E30/><V84/><F28/><W1/><G1/><T133/><D133/><U40/><E31/><V41/><F41/><W61/><G61/><T27/><D35/><AGARI ba="0,1" hai="15,17,20,32,33,35,49,52,57,84,90,95,104,106" machi="35" ten="40,12000,1" yaku="25,2,52,1,54,1" doraHai="88" who="2" fromWho="0" sc="185,-120,240,0,335,130,230,0" /><INIT seed="2,1,0,1,0,29" ten="65,240,465,230" oya="2" hai0="44,2,103,57,11,114,60,84,30,68,6,16,89" hai1="39,97,48,134,24,50,81,35,77,56,112,15,71" hai2="128,27,4,92,58,59,104,74,32,28,53,63,108" hai3="82,120,18,26,22,99,69,109,133,7,129,100,125"/><V75/><F104/><W94/><G109/><T78/><D114/><U40/><E71/><V31/><F128/><W17/><G125/><T41/><D68/><U46/><E112/><V49/><F108/><W14/><G133/><T98/><D78/><U52/><E134/><V72/><F4/><W111/><G120/><T117/><D30/><U132/><E132/><V21/><F92/><W0/><G129/><T23/><D117/><U126/><E126/><V51/><REACH who="2" step="1"/><F59/><REACH who="2" ten="65,240,455,230" step="2"/><W55/><G7/><T127/><D127/><U86/><E97/><V12/><F12/><W25/><G0/><T88/><D98/><U19/><E24/><AGARI ba="1,1" hai="21,24,27,28,31,32,49,51,53,58,63,72,74,75" machi="24" ten="40,3900,0" yaku="1,1,52,1,53,0" doraHai="29" doraHaiUra="42" who="2" fromWho="1" sc="65,0,240,-42,455,52,230,0" /><INIT seed="2,2,0,1,1,67" ten="65,198,507,230" oya="2" hai0="70,107,99,53,39,75,113,104,111,38,41,48,132" hai1="77,66,55,117,34,25,73,116,8,33,65,118,52" hai2="64,82,44,135,0,80,12,31,122,79,27,49,58" hai3="123,37,32,76,134,125,78,93,13,129,110,133,71"/><V95/><F0/><W127/><G37/><T101/><D113/><U120/><E120/><V83/><F122/><W42/><G42/><T46/><D75/><U128/><E128/><V87/><F135/><N who="3" m="51723" /><G32/><T40/><D132/><U16/><E77/><N who="3" m="29802" /><G123/><T98/><D111/><U89/><E73/><V26/><F12/><W43/><G43/><T10/><D10/><U50/><E89/><N who="2" m="53695" /><F31/><W97/><G13/><T35/><D35/><U60/><E66/><V92/><F92/><W130/><G71/><T121/><D121/><U63/><E63/><N who="2" m="38007" /><F79/><W3/><G3/><T6/><D6/><U109/><E109/><V68/><F68/><W105/><G105/><T24/><D24/><U18/><E34/><V108/><F108/><W21/><G21/><T45/><D70/><U23/><E33/><V102/><F102/><N who="3" m="60719" /><G110/><T2/><D2/><U114/><E114/><V85/><F26/><W103/><G103/><T20/><D20/><U100/><E100/><V7/><F27/><W19/><G19/><T81/><D101/><U59/><REACH who="1" step="1"/><E50/><REACH who="1" ten="65,188,507,230" step="2"/><V5/><F49/><W22/><G22/><T94/><D48/><U126/><E126/><AGARI ba="2,1" hai="125,126,127,129,130" m="60719,29802,51723" machi="126" ten="40,12000,2" yaku="30,2,18,1,20,1,34,2" doraHai="67" who="3" fromWho="1" sc="65,0,188,-126,507,0,230,136" /><INIT seed="3,0,0,0,3,35" ten="65,62,507,366" oya="3" hai0="69,77,76,0,104,91,81,5,124,22,113,73,17" hai1="108,51,39,8,86,117,110,63,123,6,95,64,26" hai2="84,13,60,10,111,56,133,61,88,102,45,52,130" hai3="92,23,40,93,118,90,31,78,106,47,85,72,33"/><W67/><G118/><T20/><D104/><U43/><E123/><V105/><F111/><N who="1" m="42537" /><E117/><V24/><F133/><W128/><G128/><T11/><D113/><U2/><E39/><V99/><F130/><W16/><G106/><T132/><D69/><U70/><E26/><V71/><F24/><W80/><G31/><T53/><D132/><U122/><E122/><V79/><F79/><W46/><G33/><T126/><D76/><U109/><N who="1" m="42545" /><U15/><DORA hai="1" /><E43/><V38/><F38/><W59/><G40/><T134/><D134/><U28/><E28/><V120/><F120/><W112/><G112/><T94/><D53/><U19/><E51/><V9/><F45/><W58/><G93/><T55/><D55/><U34/><E34/><V89/><F61/><W74/><G74/><T115/><D115/><U114/><E114/><V68/><F89/><W37/><G37/><T127/><D17/><U41/><E41/><V14/><F14/><W116/><G116/><T32/><REACH who="0" step="1"/><D32/><REACH who="0" ten="55,62,507,366" step="2"/><U97/><E86/><AGARI ba="0,1" hai="0,5,11,20,22,73,77,81,86,91,94,124,126,127" machi="86" ten="40,16000,3" yaku="1,1,2,1,18,1,52,2,53,4" doraHai="35,1" doraHaiUra="82,135" who="0" fromWho="1" sc="55,170,62,-160,507,0,366,0" owari="225,-17.5,-98,-59.8,507,60.7,366,16.6" /></mjloggm>