<mjloggm ver="2.3"><GO type="169" lobby="0"/><UN n0="%6B%69%6D%38" n1="%E5%B8%B0%E3%82%8A%E3%81%9F%E3%81%84%E3%80%82" n2="%E3%82%B5%E3%83%96%E3%82%A2%E3%83%A9%E3%83%89" n3="%E5%A5%94%E4%BB%94" dan="19,17,16,17" rate="2282.81,2181.96,2027.92,2227.17" sx="M,M,M,M"/><TAIKYOKU oya="0"/><INIT seed="0,0,0,0,4,5" ten="250,250,250,250" oya="0" hai0="38,34,106,31,44,41,129,120,135,30,59,133,14" hai1="13,57,55,7,108,97,123,69,125,53,87,52,32" hai2="89,84,33,134,131,107,75,117,56,121,60,126,26" hai3="48,63,100,79,39,128,112,10,49,98,1,77,130"/><T61/><D120/><U66/><E123/><V101/><F121/><W74/><G39/><T46/><D129/><N who="3" m="49769" /><G63/><T29/><D106/><U20/><E32/><V58/><F126/><W83/><G77/><T27/><D46/><U73/><E73/><V80/><F134/><N who="0" m="51210" /><D14/><U16/><E108/><V2/><F2/><W110/><G112/><T72/><D72/><U50/><E125/><V71/><F131/><W51/><G110/><T43/><D41/><U91/><E97/><V122/><F117/><W85/><G74/><T113/><D113/><U103/><E103/><V12/><F75/><W0/><G10/><T9/><D9/><N who="1" m="4287" /><E66/><AGARI ba="0,0" hai="27,29,30,31,34,38,43,44,59,61,66" m="51210" machi="66" ten="30,1500,0" yaku="20,1" doraHai="5" who="0" fromWho="1" sc="250,15,250,-15,250,0,250,0" /><INIT seed="0,1,0,2,2,1" ten="265,235,250,250" oya="0" hai0="131,24,85,124,135,90,95,80,112,94,118,61,82" hai1="8,16,79,66,86,77,37,102,28,127,109,46,2" hai2="81,38,30,34,57,65,123,13,49,134,41,39,120" hai3="43,115,105,91,100,71,132,97,116,4,12,74,55"/><T107/><D112/><U69/><E109/><V119/><F81/><W78/><G116/><T96/><D118/><U9/><E127/><V63/><F119/><W44/><G71/><T108/><D124/><U20/><E102/><V59/><F13/><W64/><G64/><T89/><D131/><U23/><E23/><V60/><F30/><W104/><G132/><T15/><D135/><U130/><E28/><V84/><F84/><W68/><G68/><T88/><D24/><U98/><E98/><V117/><F34/><W111/><G111/><T76/><D61/><U93/><E66/><V53/><F117/><W70/><G70/><T133/><D15/><U45/><E69/><V3/><F3/><W51/><G91/><T29/><D29/><U21/><E21/><V92/><F92/><N who="0" m="35370" /><D108/><U33/><E37/><V125/><F125/><W128/><G128/><T121/><D121/><U27/><E33/><V62/><F134/><W106/><G115/><T32/><D32/><U35/><E35/><V58/><F123/><W113/><G113/><T14/><D14/><U48/><E2/><V87/><F87/><W103/><G106/><T122/><D133/><U50/><E79/><V22/><F22/><W42/><G105/><T75/><D122/><U0/><E0/><V10/><F10/><N who="1" m="4201" /><E130/><V47/><F120/><W17/><G104/><T72/><D72/><U126/><E126/><V73/><F73/><W99/><G74/><T36/><D36/><U129/><E129/><V67/><AGARI ba="1,0" hai="38,39,41,47,49,53,57,58,59,60,62,63,65,67" machi="67" ten="20,16000,3" yaku="0,1,7,1,9,1,35,6" doraHai="1" who="2" fromWho="2" sc="265,-81,235,-41,250,163,250,-41" /><INIT seed="1,0,0,5,5,113" ten="184,194,413,209" oya="1" hai0="43,61,45,116,131,95,134,132,108,78,67,133,119" hai1="40,99,62,91,117,50,42,11,58,32,23,130,100" hai2="93,8,115,80,63,84,124,1,59,90,36,28,46" hai3="39,86,81,87,55,56,114,16,123,118,77,33,53"/><U97/><E32/><V29/><F115/><W3/><G123/><T57/><D78/><U125/><E117/><N who="0" m="45129" /><D95/><U70/><E125/><V65/><F124/><W106/><G3/><T79/><D79/><U5/><E130/><V83/><F1/><W98/><G39/><N who="0" m="21759" /><D108/><U94/><E70/><V41/><F8/><W7/><G7/><T96/><D96/><U104/><E50/><V21/><F28/><W88/><G33/><T129/><AGARI ba="0,0" hai="57,61,67,129,131,132,133,134" m="21759,45129" machi="129" ten="40,12000,2" yaku="20,1,34,2,52,3" doraHai="113" who="0" fromWho="0" sc="184,120,194,-60,413,-30,209,-30" /><INIT seed="2,0,0,0,2,64" ten="304,134,383,179" oya="2" hai0="28,17,94,55,107,121,129,35,74,115,44,128,134" hai1="32,9,99,3,0,86,135,61,103,133,57,40,23" hai2="73,78,96,122,65,91,53,48,104,49,68,4,72" hai3="130,59,14,124,88,51,79,27,97,119,56,76,126"/><V15/><F122/><W63/><G119/><T114/><D107/><U125/><E32/><V93/><F104/><W10/><G130/><T113/><D74/><U111/><E111/><V2/><F2/><W30/><G51/><T45/><D94/><N who="1" m="58871" /><E40/><V33/><F33/><W13/><G27/><N who="0" m="18847" /><D55/><N who="1" m="33983" /><E9/><V6/><F49/><W92/><G30/><T87/><D87/><U100/><E100/><V5/><F78/><W25/><G25/><T116/><D121/><U39/><E39/><V83/><F83/><W26/><G26/><T66/><D66/><U98/><E98/><V132/><F132/><N who="1" m="50761" /><E125/><V105/><F105/><W85/><G10/><T12/><D134/><U106/><E106/><V70/><F65/><W16/><G97/><T42/><D42/><U117/><E117/><V7/><F73/><W127/><G127/><T18/><D116/><U38/><E38/><V69/><N who="2" m="1024" /><DORA hai="109" /><V101/><F72/><W41/><G41/><T24/><D44/><U43/><E43/><V71/><N who="2" m="17408" /><DORA hai="75" /><V22/><F101/><W118/><G118/><T123/><D45/><U62/><E62/><V120/><F120/><W110/><G110/><T29/><D123/><U81/><E23/><V89/><F89/><AGARI ba="0,0" hai="0,3,81,86,89" m="50761,33983,58871" machi="89" ten="30,1000,0" yaku="20,1" doraHai="64,109,75" who="1" fromWho="2" sc="304,0,134,10,383,-10,179,0" /><INIT seed="3,0,0,3,5,34" ten="304,144,373,179" oya="3" hai0="96,118,3,110,121,77,80,133,22,12,91,13,55" hai1="132,8,65,125,18,14,101,108,83,78,92,57,43" hai2="5,0,62,116,68,134,48,38,72,19,75,4,47" hai3="11,2,58,35,67,131,20,17,51,24,26,46,60"/><W127/><G131/><T98/><D110/><U81/><E108/><V28/><F116/><W82/><G127/><T99/><D118/><U87/><E125/><V129/><F129/><W71/><G82/><T59/><D121/><U70/><E132/><V49/><F28/><W122/><G122/><T88/><D3/><U63/><E43/><V9/><F5/><W86/><G86/><N who="0" m="48399" /><D133/><U111/><E111/><V37/><F19/><W93/><G93/><T73/><D73/><U39/><E39/><V40/><F38/><W113/><G113/><T107/><D107/><U6/><E70/><V74/><REACH who="2" step="1"/><F134/><REACH who="2" ten="304,144,363,179" step="2"/><W95/><G17/><N who="0" m="10535" /><D13/><U50/><E18/><V32/><F32/><W120/><G35/><T105/><D105/><U126/><E126/><V21/><F21/><W100/><G20/><T25/><D25/><U16/><E6/><V45/><F45/><W124/><G46/><T30/><D30/><U130/><E130/><V69/><F69/><W56/><G71/><T1/><D1/><U104/><E104/><V33/><F33/><W52/><G124/><T61/><AGARI ba="0,1" hai="55,59,61,88,91,96,98,99" m="10535,48399" machi="61" ten="30,2000,0" yaku="8,1,54,1" doraHai="34" who="0" fromWho="0" sc="304,30,144,-5,363,-5,179,-10" /><INIT seed="4,0,0,0,3,94" ten="334,139,358,169" oya="0" hai0="108,13,115,78,3,74,73,19,128,23,111,90,135" hai1="43,123,118,105,132,117,114,7,37,95,51,71,77" hai2="46,121,33,122,27,30,55,65,110,83,82,100,104" hai3="86,28,103,68,93,57,48,63,109,20,69,5,50"/><T116/><D116/><U29/><E105/><V59/><F110/><W85/><G109/><N who="0" m="42059" /><D115/><U134/><E123/><V113/><F113/><W56/><G5/><T64/><D128/><U32/><E114/><V38/><F65/><W16/><G28/><T107/><D135/><N who="1" m="51755" /><E71/><V67/><F67/><W84/><G69/><T52/><D107/><U12/><E77/><V53/><F122/><W26/><G68/><T60/><D3/><U80/><E80/><V119/><F121/><W112/><G112/><T97/><D78/><U9/><E37/><V1/><F1/><W88/><G103/><T35/><D35/><U129/><E95/><V11/><F83/><W54/><G50/><T6/><D6/><U49/><E43/><V66/><F82/><W18/><G18/><T41/><D41/><U98/><E98/><V42/><F119/><N who="1" m="45577" /><E129/><V106/><F106/><W0/><G0/><T39/><D39/><U125/><E125/><V47/><F100/><W45/><G57/><N who="0" m="34855" /><D64/><AGARI ba="0,0" hai="16,20,26,45,48,54,56,63,64,84,85,86,88,93" machi="64" ten="30,7700,0" yaku="7,1,8,1,54,2" doraHai="94" who="3" fromWho="0" sc="334,-77,139,0,358,0,169,77" /><INIT seed="5,0,0,2,5,82" ten="257,139,358,246" oya="1" hai0="23,85,1,7,77,88,66,30,130,58,86,76,113" hai1="16,46,20,36,8,56,124,2,19,55,98,106,61" hai2="11,104,115,0,32,26,63,6,108,42,119,53,49" hai3="37,27,31,69,112,109,25,70,116,135,4,68,117"/><U89/><E124/><V39/><F108/><W3/><G109/><T128/><D113/><U13/><E36/><V92/><F104/><W44/><G112/><T83/><D1/><U123/><E123/><V33/><F63/><W40/><G135/><T134/><D7/><U72/><E72/><V91/><F42/><W102/><G102/><T95/><D134/><U52/><E2/><V38/><F33/><N who="3" m="20719" /><G27/><N who="0" m="16767" /><D130/><U133/><E133/><V125/><F119/><N who="3" m="45643" /><G4/><T54/><D128/><U47/><E55/><V132/><F125/><W93/><G93/><T84/><D66/><U97/><E106/><V10/><F132/><W107/><G3/><T126/><D126/><U15/><REACH who="1" step="1"/><E89/><REACH who="1" ten="257,129,358,246" step="2"/><V17/><F91/><W100/><G107/><T105/><D105/><U14/><E14/><V80/><F39/><W22/><G100/><T50/><D83/><U101/><E101/><V28/><F80/><W127/><G127/><T34/><D34/><U71/><E71/><V129/><F129/><W64/><G64/><T60/><D77/><U18/><E18/><V87/><F17/><W103/><G103/><T12/><D76/><U62/><E62/><V94/><F115/><W111/><G111/><T96/><D12/><U35/><E35/><V57/><F38/><W74/><G74/><T90/><D88/><U79/><E79/><V131/><F131/><W43/><G40/><T122/><D122/><U99/><AGARI ba="0,1" hai="8,13,15,16,19,20,46,47,52,56,61,97,98,99" machi="99" ten="30,12000,1" yaku="1,1,0,1,8,1,54,2,53,0" doraHai="82" doraHaiUra="29" who="1" fromWho="1" sc="257,-40,129,130,358,-40,246,-40" /><INIT seed="5,1,0,5,2,27" ten="217,259,318,206" oya="1" hai0="10,107,96,81,24,62,41,59,86,133,26,67,112" hai1="20,47,65,42,53,122,45,35,71,30,84,125,38" hai2="44,111,113,115,49,74,72,58,70,77,87,129,17" hai3="130,54,50,29,13,52,117,114,126,99,119,94,3"/><U43/><E122/><V110/><F70/><W79/><G3/><T108/><D108/><U95/><E35/><V28/><F58/><W39/><G39/><T18/><D112/><N who="2" m="43082" /><F17/><W80/><G114/><T105/><D133/><U121/><E121/><V132/><F132/><W85/><G130/><T103/><D105/><U63/><E125/><V15/><F15/><W1/><G1/><T98/><D98/><U60/><E53/><N who="2" m="29863" /><F129/><W32/><G13/><T131/><D131/><U134/><E63/><V51/><F51/><W123/><G123/><T19/><D41/><U116/><E134/><V76/><F28/><W4/><G4/><T22/><D10/><U7/><E7/><V89/><F111/><W61/><G61/><T12/><REACH who="0" step="1"/><D19/><REACH who="0" ten="207,259,318,206" step="2"/><U16/><E16/><V88/><F110/><W128/><G128/><T8/><D8/><U36/><E43/><V93/><F89/><AGARI ba="1,1" hai="12,18,22,24,26,59,62,67,81,86,89,96,103,107" machi="89" ten="30,2000,0" yaku="1,1,7,1,53,0" doraHai="27" doraHaiUra="2" who="0" fromWho="2" sc="207,33,259,0,318,-23,206,0" /><INIT seed="6,0,0,0,5,80" ten="240,259,295,206" oya="2" hai0="1,82,58,17,84,43,99,39,124,33,107,3,18" hai1="91,35,51,112,89,50,71,16,106,105,26,15,19" hai2="70,49,29,98,118,95,103,61,6,93,115,127,14" hai3="44,5,134,20,104,21,117,68,119,110,85,100,25"/><V83/><F118/><W37/><G110/><T79/><D33/><U65/><E112/><V130/><F115/><W128/><G68/><T60/><D124/><U102/><E71/><V56/><F127/><W47/><G5/><T67/><D39/><U75/><E65/><V86/><F70/><W23/><G25/><T116/><D116/><U59/><E75/><V48/><F29/><W31/><G31/><T129/><D129/><U109/><E35/><V114/><F95/><W2/><G2/><T77/><D77/><U92/><E91/><N who="2" m="51679" /><F130/><W57/><G37/><T12/><D43/><U81/><E81/><V42/><F42/><W78/><G128/><T123/><D18/><U9/><E102/><V135/><F135/><W64/><G134/><T120/><D99/><U36/><E36/><V0/><F0/><W32/><G32/><T94/><D94/><U41/><E109/><V10/><F114/><W72/><G72/><T108/><D107/><U133/><E133/><V131/><F131/><W113/><G113/><T69/><D108/><U52/><E41/><V4/><F4/><W11/><G104/><T24/><D69/><U30/><E30/><V55/><AGARI ba="0,0" hai="6,10,14,48,49,55,56,61,93,98,103" m="51679" machi="55" ten="30,3000,0" yaku="8,1,52,1" doraHai="80" who="2" fromWho="2" sc="240,-10,259,-10,295,30,206,-10" /><INIT seed="6,1,0,0,5,78" ten="230,249,325,196" oya="2" hai0="111,16,38,133,114,33,39,24,2,104,116,34,45" hai1="40,115,66,54,56,109,108,110,106,101,28,72,22" hai2="19,89,99,53,71,32,84,112,5,4,36,102,124" hai3="23,96,13,41,131,10,97,49,73,94,105,15,86"/><V29/><F124/><W27/><G73/><T76/><D111/><U103/><E72/><V17/><F36/><W50/><G131/><T75/><D104/><U1/><E1/><V119/><F71/><W92/><G105/><T130/><D130/><U44/><E106/><V68/><F68/><W120/><G120/><T83/><D114/><U3/><E3/><V60/><F119/><W11/><G23/><N who="0" m="13415" /><D38/><N who="1" m="21527" /><E22/><V57/><F29/><W0/><G0/><T81/><D81/><U62/><E28/><V20/><F32/><W31/><G31/><T52/><D52/><N who="1" m="34055" /><E103/><V48/><F112/><W135/><G135/><T126/><D126/><U100/><E101/><V127/><F127/><W93/><G93/><T113/><D113/><U69/><E100/><V6/><F102/><W30/><G30/><T46/><D46/><U64/><E115/><V134/><F99/><W91/><G41/><N who="0" m="22719" /><D116/><U59/><E69/><V132/><F20/><W82/><G27/><T26/><D26/><U65/><E110/><V37/><F19/><W55/><G92/><T47/><D2/><U51/><AGARI ba="1,0" hai="51,54,59,64,65,66,108,109" m="34055,21527" machi="51" ten="30,4000,0" yaku="34,2,54,1" doraHai="78" who="1" fromWho="1" sc="230,-11,249,43,325,-21,196,-11" /><INIT seed="7,0,0,3,4,23" ten="219,292,304,185" oya="3" hai0="100,79,53,41,92,59,42,105,128,43,91,104,115" hai1="52,101,60,16,30,64,121,10,102,110,58,122,75" hai2="69,94,73,21,119,77,85,88,2,1,97,5,6" hai3="80,26,29,22,39,63,34,112,32,127,93,111,18"/><W65/><G39/><T103/><D128/><U3/><E75/><V66/><F119/><W84/><G112/><T7/><D115/><U76/><E110/><V83/><F1/><W0/><G0/><T36/><D36/><U86/><E30/><V24/><F2/><W44/><G127/><T113/><D113/><U37/><E37/><V25/><F25/><W40/><G111/><T109/><D109/><U108/><E108/><V67/><F69/><W126/><G93/><T55/><D79/><U107/><E107/><V13/><F73/><W118/><G118/><T72/><D72/><U129/><E129/><V47/><F47/><W133/><G133/><T62/><D104/><U134/><E134/><V28/><F13/><W132/><G132/><T57/><D7/><AGARI ba="0,0" hai="5,6,7,21,24,28,66,67,77,83,85,88,94,97" machi="7" ten="40,5200,0" yaku="8,1,52,1,54,1" doraHai="23" who="2" fromWho="0" sc="219,-52,292,0,304,52,185,0" owari="167,-33.3,292,9.2,356,45.6,185,-21.5" /></mjloggm>