<mjloggm ver="2.3"><GO type="169" lobby="0"/><UN n0="%E3%82%86%E3%83%BC%E3%82%84%2E%74" n1="%E3%82%8A%E3%82%87%E3%81%91%E3%81%99" n2="%77%73%62%61" n3="%E3%83%8A%E3%83%8A%E3%82%A4%E3%83%AD%E3%83%A9%E3%82%A4%E3%83%88%E2%98%86" dan="17,17,17,16" rate="2186.95,2185.05,2225.23,2080.73" sx="M,M,M,F"/><TAIKYOKU oya="0"/><INIT seed="0,0,0,2,4,133" ten="250,250,250,250" oya="0" hai0="27,116,88,38,130,123,23,127,59,7,16,6,128" hai1="125,107,90,46,97,105,71,41,58,12,47,109,89" hai2="76,0,34,87,61,106,28,70,37,36,85,54,132" hai3="56,33,118,75,30,72,39,86,9,114,14,104,25"/><T19/><D116/><U55/><E71/><V57/><F0/><W15/><G118/><T1/><D123/><U29/><E109/><V131/><F131/><N who="0" m="50218" /><D38/><U44/><E41/><V100/><F132/><W31/><G114/><T117/><D117/><U79/><E79/><V120/><F70/><W52/><G104/><T124/><D59/><U74/><E74/><V122/><F37/><W129/><G129/><T84/><D19/><U13/><E29/><V5/><F36/><W50/><G39/><T66/><D66/><U83/><E83/><V110/><F110/><W96/><G96/><T11/><D7/><U78/><E78/><V20/><F34/><W4/><G30/><T42/><D42/><U67/><E67/><V60/><F5/><W108/><G108/><T64/><D64/><U10/><E97/><V63/><F120/><W99/><G99/><T73/><D73/><U35/><E44/><V45/><F45/><W17/><REACH who="3" step="1"/><G86/><REACH who="3" ten="250,250,250,240" step="2"/><T2/><D2/><U81/><E105/><V92/><F87/><W77/><G77/><T69/><D69/><U51/><E107/><V94/><F106/><W21/><AGARI ba="0,1" hai="4,9,14,15,17,21,25,31,33,50,52,56,72,75" machi="21" ten="20,8000,1" yaku="1,1,0,1,7,1,54,1,53,1" doraHai="133" doraHaiUra="26" who="3" fromWho="3" sc="250,-40,250,-20,250,-20,240,90" /><INIT seed="1,0,0,2,0,62" ten="210,230,230,330" oya="1" hai0="61,131,133,127,20,31,120,106,124,85,72,110,113" hai1="130,79,60,24,0,14,112,56,122,93,50,55,26" hai2="87,28,115,97,134,78,11,58,23,66,53,132,125" hai3="98,84,95,105,63,119,5,30,48,118,75,128,94"/><U111/><E112/><V76/><F125/><W70/><G75/><T29/><D85/><U49/><E0/><V40/><F115/><W18/><G5/><T101/><D61/><U27/><E122/><V121/><F40/><W38/><G38/><T104/><D20/><U135/><E135/><V37/><F37/><W42/><G30/><T86/><D86/><U35/><E35/><V80/><F121/><W123/><G123/><T3/><D101/><U71/><E130/><V108/><F108/><W77/><G128/><T83/><D83/><U15/><E111/><V107/><F11/><W82/><G18/><T7/><D72/><U116/><E116/><N who="3" m="44586" /><G105/><T117/><D120/><U99/><E79/><V44/><F44/><N who="3" m="25623" /><G98/><T22/><D104/><U129/><E129/><V1/><F1/><W96/><G96/><T73/><D106/><U45/><E71/><V34/><F34/><W10/><G10/><T57/><D73/><U8/><E49/><V52/><F97/><W25/><G25/><T64/><D3/><U89/><REACH who="1" step="1"/><E8/><REACH who="1" ten="210,220,230,330" step="2"/><V92/><F78/><W59/><G70/><T13/><D110/><U2/><E2/><V68/><F68/><W6/><G6/><T91/><D131/><U36/><E36/><V74/><F76/><W46/><G46/><T4/><D7/><U88/><E88/><V67/><F132/><W100/><G100/><T114/><D133/><U90/><E90/><V47/><F47/><W17/><G77/><T9/><D113/><U21/><E21/><V41/><F23/><W16/><G59/><T19/><D114/><U33/><E33/><RYUUKYOKU ba="0,1" sc="210,-10,220,30,230,-10,330,-10" hai1="14,15,24,26,27,45,50,55,56,60,89,93,99" /><INIT seed="1,1,1,5,3,96" ten="200,250,220,320" oya="1" hai0="107,69,78,27,49,90,98,23,116,25,6,8,117" hai1="113,115,66,59,70,28,30,119,52,48,14,101,31" hai2="134,43,127,80,51,56,87,92,7,94,133,95,1" hai3="85,99,121,39,57,102,84,22,103,109,111,71,3"/><U75/><E119/><V64/><F127/><W0/><G71/><T35/><D69/><U67/><E75/><V24/><F7/><W124/><G39/><T17/><D78/><U100/><E70/><V65/><F1/><N who="3" m="587" /><G57/><T45/><D35/><U82/><E82/><V4/><F4/><W61/><G61/><T53/><D27/><U12/><E115/><V29/><F43/><W11/><G11/><T44/><D44/><U88/><E113/><V68/><F68/><W13/><G99/><T125/><D125/><U19/><E88/><N who="2" m="51303" /><F51/><W81/><G124/><T128/><D128/><U72/><E72/><V40/><F40/><W55/><G55/><T9/><D9/><N who="1" m="6543" /><E14/><V126/><F56/><W104/><G104/><T123/><D123/><U97/><E97/><V15/><F15/><W63/><G63/><T132/><D107/><U33/><E33/><V2/><F2/><W118/><G121/><T60/><D60/><U86/><E86/><N who="3" m="33386" /><G81/><T135/><D98/><U20/><E20/><N who="2" m="15495" /><F126/><W129/><G129/><T34/><D34/><U105/><E105/><V38/><F38/><W77/><G77/><T91/><D116/><U120/><E120/><V110/><F92/><W37/><G37/><T89/><REACH who="0" step="1"/><D117/><REACH who="0" ten="190,250,220,320" step="2"/><U32/><E32/><V58/><F58/><W62/><G62/><T108/><D108/><N who="3" m="41545" /><G118/><T50/><D50/><U112/><E112/><V106/><F110/><W79/><G79/><T74/><D74/><U130/><E130/><V5/><F106/><W16/><AGARI ba="1,2" hai="13,16,22,102,103" m="41545,33386,587" machi="16" ten="40,8000,1" yaku="14,1,52,2,54,1" doraHai="96" who="3" fromWho="3" sc="190,-21,250,-41,220,-21,320,103" /><INIT seed="2,0,0,4,0,34" ten="169,209,199,423" oya="2" hai0="98,16,95,49,114,3,115,89,103,93,66,75,60" hai1="41,100,35,40,121,43,82,44,113,1,45,61,127" hai2="118,70,37,42,105,13,122,67,51,130,38,112,119" hai3="7,53,30,76,12,74,17,29,90,9,47,14,31"/><V50/><F105/><W77/><G74/><T72/><D3/><U120/><E35/><V0/><F122/><N who="1" m="47209" /><E100/><V97/><F97/><W69/><G69/><T107/><D115/><U2/><E113/><V104/><F104/><W125/><G125/><T25/><D114/><U26/><E26/><V117/><F112/><W80/><G47/><N who="1" m="17994" /><E127/><V86/><F13/><W62/><G53/><T39/><D39/><N who="2" m="14858" /><F0/><N who="1" m="105" /><E61/><N who="2" m="40303" /><F86/><N who="3" m="50503" /><G62/><T63/><D63/><U6/><E82/><V22/><F22/><AGARI ba="0,0" hai="7,9,12,14,17,22,29,30,31,76,77" m="50503" machi="22" ten="30,1000,0" yaku="8,1" doraHai="34" who="3" fromWho="2" sc="169,0,209,0,199,-10,423,10" /><INIT seed="3,0,0,4,5,100" ten="169,209,189,433" oya="3" hai0="28,108,80,113,130,98,71,1,27,3,42,53,8" hai1="85,23,29,45,55,11,7,132,105,124,72,32,65" hai2="131,38,68,89,44,133,135,118,54,128,134,93,43" hai3="51,40,14,122,86,91,16,5,126,57,106,121,60"/><W95/><G126/><T101/><D108/><U6/><E72/><V87/><F68/><W78/><G5/><T17/><D130/><N who="2" m="49706" /><F54/><W84/><G106/><T90/><D71/><U25/><E124/><V120/><F120/><W15/><G15/><T41/><D113/><U34/><E132/><V104/><F118/><W61/><G78/><T97/><D53/><U70/><E6/><V47/><F44/><N who="3" m="25991" /><G122/><T76/><D90/><U119/><E119/><V112/><F112/><W13/><G13/><T75/><D98/><U12/><E105/><AGARI ba="0,0" hai="38,43,47,87,89,93,104,105,133,134,135" m="49706" machi="105" ten="40,8000,1" yaku="20,1,19,1,52,2" doraHai="100" who="2" fromWho="1" sc="169,0,209,-80,189,80,433,0" /><INIT seed="4,0,0,3,0,89" ten="169,129,269,433" oya="0" hai0="82,57,116,42,48,112,109,19,135,127,17,130,12" hai1="68,43,93,13,50,39,64,88,5,15,36,37,96" hai2="106,24,83,110,44,35,6,120,114,9,122,90,123" hai3="47,31,124,60,113,121,67,73,107,51,27,105,98"/><T125/><D116/><U86/><E5/><V80/><F110/><W108/><G108/><T32/><D109/><U131/><E131/><V78/><F114/><W10/><G73/><T23/><D112/><U0/><E0/><V87/><F106/><W61/><G113/><T1/><D130/><U34/><E34/><V26/><F35/><W118/><G118/><T29/><D1/><U22/><E68/><V30/><F30/><W128/><G128/><T99/><D135/><U84/><E64/><V76/><F44/><W2/><G61/><T56/><D82/><U101/><E84/><V14/><REACH who="2" step="1"/><F90/><REACH who="2" ten="169,129,259,433" step="2"/><W91/><G105/><T97/><D29/><U49/><E43/><V33/><F33/><W133/><G107/><T53/><D32/><U72/><E72/><AGARI ba="0,1" hai="6,9,14,24,26,72,76,78,80,83,87,120,122,123" machi="72" ten="40,1300,0" yaku="1,1,53,0" doraHai="89" doraHaiUra="111" who="2" fromWho="1" sc="169,0,129,-13,259,23,433,0" /><INIT seed="5,0,0,3,5,102" ten="169,116,282,433" oya="1" hai0="94,73,39,133,117,72,26,82,109,21,110,20,59" hai1="85,56,50,65,86,61,19,33,58,22,123,0,62" hai2="135,121,116,79,77,25,87,5,132,49,68,69,7" hai3="113,2,23,126,47,37,91,41,125,122,111,48,63"/><U99/><E123/><V3/><F116/><W55/><G2/><T36/><D59/><U129/><E129/><V134/><F121/><W83/><G122/><T70/><D94/><U103/><E33/><V15/><F25/><W131/><G111/><T12/><D12/><U42/><E0/><V108/><F108/><W89/><G113/><T64/><D82/><U84/><E50/><V66/><F3/><W30/><G63/><T67/><D26/><U80/><E42/><V105/><F49/><W31/><G131/><T13/><D13/><U104/><E22/><V34/><F34/><W16/><G31/><T54/><D54/><U98/><E98/><V127/><F127/><N who="3" m="48651" /><G83/><T100/><D100/><U43/><E43/><V10/><F7/><W52/><G55/><T88/><D70/><U90/><REACH who="1" step="1"/><E19/><REACH who="1" ten="169,106,282,433" step="2"/><V8/><F132/><W40/><G40/><T57/><D133/><U97/><E97/><V115/><F134/><W9/><G41/><T130/><D130/><U71/><E71/><V35/><F35/><W101/><G16/><T128/><D128/><U76/><E76/><V95/><F69/><W75/><G23/><T6/><D21/><U92/><E92/><V24/><F77/><W96/><G48/><T18/><D18/><U44/><E44/><V53/><F79/><W118/><G96/><T38/><D20/><U46/><E46/><V45/><F45/><W106/><G47/><T29/><D109/><U14/><E14/><V27/><F68/><W81/><G118/><T124/><D117/><U112/><E112/><V51/><F115/><W1/><G1/><RYUUKYOKU ba="0,1" sc="169,-10,106,30,282,-10,433,-10" hai1="56,58,61,62,65,80,84,85,86,90,99,103,104" /><INIT seed="5,1,1,5,2,80" ten="159,136,272,423" oya="1" hai0="131,59,62,97,132,100,54,118,8,102,34,101,94" hai1="125,36,72,93,87,104,45,17,121,44,115,99,120" hai2="89,61,53,96,35,77,86,105,98,68,106,30,64" hai3="60,18,135,4,19,27,81,114,113,0,92,56,95"/><U73/><E115/><N who="3" m="44042" /><G135/><T7/><D118/><U32/><E125/><V9/><F77/><W90/><G81/><T12/><D132/><U123/><E32/><V124/><F124/><W31/><G4/><T79/><D131/><U1/><E1/><V48/><F9/><W91/><G0/><T46/><D34/><U116/><E116/><V58/><F106/><W133/><G92/><T67/><D79/><U75/><E36/><V85/><F96/><N who="3" m="57463" /><G91/><T117/><D117/><U82/><E104/><V84/><F89/><W76/><G76/><T38/><D38/><U3/><E3/><V127/><F127/><W22/><G133/><T29/><D29/><U40/><E40/><V10/><F10/><W74/><G74/><T111/><D111/><U14/><E82/><V63/><F30/><W47/><G47/><T16/><REACH who="0" step="1"/><D7/><REACH who="0" ten="149,136,272,423" step="2"/><U11/><REACH who="1" step="1"/><E87/><REACH who="1" ten="149,126,272,423" step="2"/><V109/><F35/><W129/><G129/><T2/><D2/><U51/><E51/><AGARI ba="1,3" hai="8,12,16,46,51,54,59,62,67,94,97,100,101,102" machi="51" ten="40,5200,0" yaku="1,1,8,1,54,1,53,0" doraHai="80" doraHaiUra="78" who="0" fromWho="1" sc="149,85,126,-55,272,0,423,0" /><INIT seed="6,0,0,2,3,110" ten="234,71,272,423" oya="2" hai0="81,104,129,0,111,65,33,88,130,39,27,18,31" hai1="42,40,97,87,68,3,9,1,105,7,116,20,73" hai2="108,127,6,46,43,41,60,78,72,34,79,82,11" hai3="115,2,132,44,114,61,75,131,99,38,125,126,15"/><V113/><F127/><N who="3" m="48651" /><G2/><T92/><D111/><U21/><E116/><V10/><F108/><W66/><G131/><T133/><D104/><U106/><E73/><V53/><F34/><W120/><G120/><T22/><D39/><U96/><E87/><V49/><F78/><W94/><G75/><T98/><D133/><U118/><E9/><V50/><F11/><W37/><G15/><T12/><D0/><U69/><REACH who="1" step="1"/><E118/><REACH who="1" ten="234,61,272,423" step="2"/><V128/><F10/><W91/><G132/><T51/><D129/><U57/><E57/><V13/><F72/><W102/><G38/><T67/><D130/><U58/><E58/><V134/><F128/><W71/><G102/><T124/><D124/><U4/><AGARI ba="0,1" hai="1,3,4,7,20,21,40,42,68,69,96,97,105,106" machi="4" ten="25,6400,0" yaku="1,1,0,1,22,2,53,0" doraHai="110" doraHaiUra="122" who="1" fromWho="1" sc="234,-16,61,74,272,-32,423,-16" /><INIT seed="7,0,0,0,5,109" ten="218,135,240,407" oya="3" hai0="104,57,127,125,115,103,101,4,135,85,41,0,47" hai1="18,129,77,64,39,128,69,23,56,126,1,49,65" hai2="84,53,82,36,81,20,37,3,119,94,45,5,48" hai3="123,80,110,35,55,19,59,74,67,68,134,118,88"/><W111/><G35/><T16/><D135/><U60/><E1/><V121/><F119/><W34/><G34/><T51/><D115/><U73/><E77/><V105/><F105/><W116/><G123/><T130/><D130/><U31/><E31/><V66/><F66/><W44/><G44/><T62/><D85/><U43/><E73/><V113/><F113/><W22/><G134/><T132/><D132/><U124/><E23/><V100/><F82/><W112/><G112/><T8/><D104/><U15/><E18/><V58/><F45/><W9/><G9/><T79/><D79/><U131/><E15/><V10/><F20/><W50/><G74/><T122/><D122/><U26/><E26/><V61/><F61/><W75/><G75/><T95/><D95/><U11/><E11/><V98/><F121/><W106/><G106/><T13/><D4/><U133/><E133/><V93/><F93/><W86/><G67/><N who="0" m="39375" /><D0/><U28/><E28/><V21/><F21/><W114/><G68/><T32/><D32/><U46/><E64/><V30/><F30/><W107/><G107/><T91/><D91/><AGARI ba="0,0" hai="3,5,10,36,37,48,53,58,81,84,91,94,98,100" machi="91" ten="30,1000,0" yaku="7,1" doraHai="109" who="2" fromWho="0" sc="218,-10,135,0,240,10,407,0" owari="208,-19.2,135,-36.5,250,5.0,407,50.7" /></mjloggm>