<mjloggm ver="2.3"><GO type="169" lobby="0"/><UN n0="%E4%B8%89%E5%B3%B6%E5%85%AB%E9%9B%B2" n1="%E3%80%90%E7%BD%AA%E6%AD%8C%E3%80%91" n2="%74%6F%72%69%30%36%31%32" n3="%E3%81%B3%E3%82%8A%E3%81%B3%E3%82%8A%E2%98%86%E3%83%93%E3%83%AA%E3%83%BC" dan="16,18,16,16" rate="2187.74,2284.78,2147.10,2152.22" sx="M,M,M,M"/><TAIKYOKU oya="0"/><INIT seed="0,0,0,5,0,34" ten="250,250,250,250" oya="0" hai0="52,35,30,48,16,94,85,70,1,62,72,17,33" hai1="60,41,5,25,93,69,53,129,39,133,9,132,66" hai2="73,114,42,98,64,106,3,15,108,65,50,115,19" hai3="68,79,92,84,6,40,120,28,11,29,135,76,113"/><T26/><D72/><U103/><E129/><V87/><F73/><W100/><G113/><T90/><D33/><U20/><E53/><V99/><F106/><W117/><G117/><T81/><D1/><U111/><E111/><V54/><F42/><W130/><G68/><T55/><D81/><U56/><E69/><V80/><F3/><W86/><G130/><T61/><D55/><U14/><E39/><V107/><F108/><W95/><G40/><T123/><D123/><U38/><E41/><V24/><F24/><W131/><G131/><T96/><D96/><N who="2" m="36906" /><F107/><W37/><G37/><T2/><D2/><U27/><E27/><V105/><F105/><W13/><G120/><T89/><D89/><U112/><E38/><V67/><F115/><W32/><G32/><T124/><D124/><U126/><E112/><V18/><F15/><W104/><G104/><T0/><D0/><U49/><E49/><V43/><F43/><W88/><G100/><T47/><REACH who="0" step="1"/><D61/><REACH who="0" ten="240,250,250,250" step="2"/><U82/><E82/><V116/><F114/><W83/><G83/><T45/><D45/><U7/><E126/><V4/><F116/><W31/><G135/><T12/><D12/><U44/><E44/><N who="2" m="27975" /><F4/><W128/><G128/><T59/><D59/><U119/><E7/><V10/><F80/><W110/><G110/><T58/><D58/><U109/><E109/><V91/><F91/><AGARI ba="0,1" hai="6,11,13,28,29,31,76,79,84,86,88,91,92,95" machi="91" ten="40,5200,0" yaku="9,1,8,1,54,1" doraHai="34" who="3" fromWho="2" sc="240,0,250,0,250,-52,250,62" /><INIT seed="1,0,0,1,1,74" ten="240,250,198,312" oya="1" hai0="131,80,62,97,44,3,36,95,89,114,54,0,119" hai1="23,91,15,105,130,68,129,16,99,50,4,85,14" hai2="90,52,38,1,75,94,19,71,48,82,33,128,63" hai3="121,67,10,125,51,5,84,111,24,77,101,112,87"/><U37/><E37/><V61/><F38/><W7/><G121/><T65/><D114/><U135/><E68/><V26/><F1/><W76/><G112/><T120/><D119/><U53/><E135/><V73/><F128/><W103/><G111/><T100/><D131/><N who="1" m="50187" /><E99/><V81/><F75/><W93/><G67/><T115/><D115/><U109/><E105/><V32/><F32/><W13/><G24/><T107/><D120/><U55/><E109/><V11/><F33/><W70/><G70/><T133/><D133/><U78/><E78/><N who="3" m="30314" /><G125/><T9/><D80/><N who="2" m="30826" /><F71/><W104/><G104/><T35/><D9/><N who="1" m="4391" /><E50/><V45/><F73/><W28/><G28/><T88/><D89/><U117/><E117/><V22/><F11/><W132/><G132/><T86/><D35/><U134/><E134/><V113/><F113/><W31/><G31/><T40/><REACH who="0" step="1"/><D54/><REACH who="0" ten="230,250,198,312" step="2"/><U27/><E55/><V124/><F124/><W64/><G64/><T66/><D66/><U79/><E53/><V98/><AGARI ba="0,1" hai="19,22,26,45,48,52,61,63,90,94,98" m="30826" machi="98" ten="30,2000,0" yaku="8,1,54,1" doraHai="74" who="2" fromWho="2" sc="230,-5,250,-10,198,30,312,-5" /><INIT seed="2,0,0,3,2,119" ten="225,240,228,307" oya="2" hai0="83,128,93,19,94,123,126,111,15,92,71,98,52" hai1="104,117,51,120,103,43,85,74,88,47,127,9,56" hai2="105,64,77,101,28,24,13,58,2,22,25,55,107" hai3="102,21,38,95,50,72,81,48,14,132,42,16,62"/><V1/><F64/><W65/><G132/><T20/><D71/><U106/><E74/><V11/><F77/><W100/><G38/><T53/><D111/><U130/><E117/><V0/><F25/><W70/><G42/><T86/><D128/><U113/><E113/><V87/><F87/><W108/><G108/><T61/><D126/><U59/><E127/><V96/><F107/><W121/><G121/><T118/><D118/><U114/><E114/><V8/><REACH who="2" step="1"/><F13/><REACH who="2" ten="225,240,218,307" step="2"/><W110/><G110/><T39/><D86/><U116/><E106/><V17/><F17/><W69/><G69/><T133/><D15/><U41/><E104/><V49/><AGARI ba="0,1" hai="0,1,2,8,11,22,24,28,49,55,58,96,101,105" machi="49" ten="30,3000,0" yaku="1,1,0,1,53,0" doraHai="119" doraHaiUra="63" who="2" fromWho="2" sc="225,-10,240,-10,218,40,307,-10" /><INIT seed="2,1,0,1,4,133" ten="215,230,258,297" oya="2" hai0="70,120,47,85,84,98,38,26,43,112,19,67,95" hai1="16,86,123,23,46,111,78,12,58,127,101,104,118" hai2="31,134,132,14,76,102,71,117,81,39,53,21,3" hai3="125,106,72,32,0,34,90,25,56,48,107,11,63"/><V8/><F3/><W9/><G72/><T60/><D120/><U6/><E118/><V64/><F39/><W82/><G0/><T2/><D2/><U128/><E111/><V13/><F117/><W62/><G48/><T27/><D112/><U130/><E123/><V116/><F102/><W93/><G82/><T68/><D68/><U57/><E6/><V87/><F116/><W94/><G25/><T61/><D61/><U24/><E104/><V18/><F53/><W135/><G56/><T114/><D114/><U79/><E101/><V119/><F119/><W110/><G90/><T69/><D69/><U22/><E46/><V96/><F96/><W83/><G83/><T41/><D41/><U121/><E121/><V92/><F92/><W17/><G17/><T5/><D5/><U115/><E115/><V129/><F129/><N who="1" m="49769" /><E127/><V52/><F64/><W42/><G42/><T30/><D19/><N who="1" m="12383" /><E86/><V59/><F71/><W75/><G75/><T66/><D26/><U45/><E45/><V97/><F97/><W113/><G113/><T103/><REACH who="0" step="1"/><D67/><REACH who="0" ten="205,230,258,297" step="2"/><U55/><E55/><V7/><REACH who="2" step="1"/><F31/><REACH who="2" ten="205,230,248,297" step="2"/><W54/><G54/><T1/><D1/><U100/><E100/><V80/><F80/><W99/><G99/><T65/><D65/><U44/><E44/><V131/><F131/><W109/><G135/><T74/><D74/><U122/><E122/><V10/><F10/><W51/><G51/><AGARI ba="1,2" hai="7,8,13,14,18,21,51,52,59,76,81,87,132,134" machi="51" ten="40,7700,0" yaku="1,1,54,1,53,1" doraHai="133" doraHaiUra="15" who="2" fromWho="3" sc="205,0,230,0,248,100,297,-80" /><INIT seed="2,2,0,3,3,18" ten="205,230,348,217" oya="2" hai0="99,133,38,42,113,19,86,66,39,88,69,8,65" hai1="56,120,134,103,125,31,119,123,80,90,115,21,24" hai2="75,89,109,111,94,27,73,50,52,7,77,59,12" hai3="76,81,93,102,43,98,79,23,135,57,106,124,48"/><V2/><F2/><W83/><G135/><T30/><D113/><U112/><E103/><V22/><F12/><W10/><G124/><T104/><D133/><U5/><E56/><V70/><F7/><W26/><G10/><T116/><D30/><U126/><E90/><V15/><F15/><W17/><G106/><T78/><D116/><U6/><E80/><N who="3" m="30794" /><G57/><T68/><D78/><U4/><E119/><V92/><F92/><W53/><G53/><T14/><D69/><U25/><E134/><V67/><F77/><W51/><G51/><T35/><D35/><U46/><E24/><V82/><F82/><W129/><G129/><T72/><D72/><U128/><E128/><V131/><F131/><W58/><G58/><T110/><D68/><U28/><E28/><V97/><F67/><W64/><G64/><T47/><D39/><U0/><E46/><AGARI ba="2,0" hai="17,23,26,43,46,48,76,79,93,98,102" m="30794" machi="46" ten="30,2000,0" yaku="8,1,52,1" doraHai="18" who="3" fromWho="1" sc="205,0,230,-26,348,0,217,26" /><INIT seed="3,0,0,4,1,2" ten="205,204,348,243" oya="3" hai0="96,99,62,54,5,65,80,52,50,51,11,33,83" hai1="121,79,123,135,86,81,7,35,59,100,57,78,22" hai2="68,89,39,87,3,122,126,103,119,60,105,131,56" hai3="71,30,6,84,82,25,76,13,8,45,77,95,134"/><W109/><G134/><T70/><D33/><U115/><E35/><V4/><F56/><W34/><G109/><T16/><D16/><U48/><E115/><V55/><F55/><W18/><G71/><T26/><D26/><U85/><E135/><V53/><F53/><W38/><G95/><T74/><D50/><U43/><E100/><V37/><F89/><W20/><G45/><T101/><D54/><U106/><E106/><V73/><F87/><W98/><G98/><T21/><D21/><U110/><E110/><V12/><F12/><W32/><G38/><T128/><D128/><U31/><E7/><V69/><F103/><W23/><REACH who="3" step="1"/><G77/><REACH who="3" ten="205,204,348,233" step="2"/><T107/><D96/><U28/><E123/><V29/><F69/><W90/><G90/><T88/><D88/><U41/><E121/><V116/><F68/><W125/><G125/><T132/><D132/><U9/><E79/><V102/><F126/><W133/><G133/><T36/><D36/><U93/><E93/><V27/><F39/><W24/><AGARI ba="0,1" hai="6,8,13,18,20,23,24,25,30,32,34,76,82,84" machi="24" ten="20,18000,2" yaku="1,1,0,1,7,1,52,1,53,2" doraHai="2" doraHaiUra="17" who="3" fromWho="3" sc="205,-60,204,-60,348,-60,233,190" /><INIT seed="3,1,0,5,5,108" ten="145,144,288,423" oya="3" hai0="119,113,41,90,37,62,72,12,20,10,81,73,106" hai1="97,18,29,7,3,75,123,98,112,36,130,68,56" hai2="42,35,17,114,111,26,0,128,4,95,70,99,30" hai3="67,86,31,32,51,96,65,134,100,8,129,15,46"/><W77/><G129/><T120/><D106/><U109/><E18/><V48/><F70/><W71/><G134/><T52/><D119/><U40/><E56/><V131/><F111/><W82/><G71/><T27/><D120/><U9/><E98/><V80/><F80/><W66/><G31/><T64/><D37/><U101/><E109/><V116/><F116/><W91/><G32/><T122/><D41/><U54/><E54/><V92/><F17/><W110/><G110/><T34/><D122/><U107/><E29/><V53/><F42/><W55/><G77/><T58/><D34/><U93/><E93/><V22/><F35/><W115/><G115/><T13/><D113/><U38/><E130/><N who="2" m="49707" /><F114/><W132/><G132/><T121/><D121/><U89/><E89/><V6/><F0/><W50/><G50/><T126/><D126/><U88/><E88/><N who="2" m="55687" /><F95/><N who="3" m="58399" /><G67/><T16/><D64/><U19/><E123/><V78/><F78/><W47/><G47/><AGARI ba="1,0" hai="4,6,22,26,30,47,48,53" m="55687,49707" machi="47" ten="30,2000,0" yaku="19,1,54,1" doraHai="108" who="2" fromWho="3" sc="145,0,144,0,288,23,423,-23" /><INIT seed="4,0,0,2,2,75" ten="145,144,311,400" oya="0" hai0="7,48,132,9,102,86,55,34,10,33,36,89,114" hai1="95,8,83,130,41,115,47,13,5,124,120,24,101" hai2="126,69,42,58,123,12,22,113,64,43,85,72,66" hai3="100,110,0,105,15,106,96,122,6,112,94,28,4"/><T62/><D36/><U81/><E120/><V26/><F72/><W82/><G110/><T99/><D114/><U35/><E130/><V108/><F69/><W1/><G112/><T133/><D62/><U14/><E124/><V59/><F108/><W67/><G67/><N who="2" m="25641" /><F126/><W60/><G60/><T37/><D37/><U44/><E115/><V131/><F123/><W30/><G122/><T111/><D111/><U29/><E14/><V68/><F68/><W93/><G15/><T63/><D63/><U73/><E47/><V128/><F113/><W129/><G82/><T51/><D86/><U78/><E83/><V134/><F12/><W20/><G20/><T39/><D39/><U71/><E71/><V77/><F134/><N who="0" m="51818" /><D89/><U70/><E70/><V107/><F107/><W79/><G96/><T52/><D48/><U19/><E101/><V40/><F131/><W56/><G100/><T91/><D91/><U3/><E95/><V119/><F119/><W25/><G129/><T92/><D55/><U104/><E104/><V17/><F128/><W103/><G103/><T117/><D117/><U11/><REACH who="1" step="1"/><E44/><REACH who="1" ten="145,134,311,400" step="2"/><V90/><F58/><W121/><G56/><N who="0" m="32799" /><D10/><U125/><E125/><V2/><F59/><W21/><G121/><T118/><D118/><U18/><E18/><V45/><F45/><W53/><G106/><T23/><D23/><U54/><E54/><V80/><F42/><AGARI ba="0,1" hai="3,5,8,11,13,19,24,29,35,41,42,73,78,81" machi="42" ten="40,5200,0" yaku="1,1,52,1,53,1" doraHai="75" doraHaiUra="76" who="1" fromWho="2" sc="145,0,134,62,311,-52,400,0" /><INIT seed="5,0,0,2,1,60" ten="145,196,259,400" oya="1" hai0="121,128,18,102,28,108,56,13,23,55,91,57,2" hai1="4,63,31,27,17,117,110,105,76,131,130,68,45" hai2="24,123,94,12,99,129,112,47,79,19,132,95,109" hai3="84,20,89,118,25,134,38,26,14,61,125,100,43"/><U48/><E105/><V70/><F109/><W71/><G134/><T77/><D108/><U58/><E110/><V33/><F70/><W66/><G125/><T62/><D128/><U34/><E117/><V114/><F123/><W90/><G118/><T122/><D2/><U119/><E119/><V74/><F129/><W30/><G100/><T5/><D5/><U92/><E68/><V69/><F69/><W36/><G90/><T11/><D77/><U32/><E32/><V22/><F132/><W81/><G43/><T59/><D102/><U96/><E4/><V103/><F47/><W82/><G14/><T6/><D28/><U42/><E17/><V64/><F95/><W0/><G0/><T104/><D104/><U44/><E44/><V29/><REACH who="2" step="1"/><F64/><REACH who="2" ten="145,196,249,400" step="2"/><W67/><G67/><T73/><D122/><U51/><E131/><V46/><F46/><W7/><G82/><AGARI ba="0,1" hai="12,19,22,24,29,33,74,79,82,94,99,103,112,114" machi="82" ten="40,1300,0" yaku="1,1,53,0" doraHai="60" doraHaiUra="40" who="2" fromWho="3" sc="145,0,196,0,249,23,400,-13" /><INIT seed="6,0,0,5,1,113" ten="145,196,272,387" oya="2" hai0="134,1,84,42,102,19,74,36,120,86,117,7,64" hai1="96,54,51,63,28,26,98,58,13,121,116,37,76" hai2="107,17,114,106,59,73,55,72,34,131,81,22,71" hai3="23,45,127,95,99,15,61,110,78,112,132,100,89"/><V43/><F114/><W0/><G112/><T6/><D120/><U57/><E37/><V35/><F43/><W93/><G110/><T103/><D74/><U39/><E39/><V130/><F71/><W5/><G127/><T69/><D134/><U124/><E124/><V32/><F81/><W125/><G125/><T25/><D64/><U41/><E76/><V75/><F22/><W119/><G119/><T83/><D69/><U21/><E121/><V27/><F27/><W88/><G78/><T8/><D36/><U62/><E116/><V48/><REACH who="2" step="1"/><F17/><REACH who="2" ten="145,196,262,387" step="2"/><W123/><G23/><T101/><D42/><U56/><E41/><V91/><F91/><W66/><G88/><T65/><D83/><U3/><E3/><V67/><F67/><W11/><G89/><T104/><D65/><N who="1" m="39111" /><E13/><V82/><F82/><W14/><G14/><T90/><D1/><U85/><E21/><V33/><N who="2" m="8192" /><DORA hai="94" /><V30/><F30/><W111/><G15/><T38/><D117/><U128/><E26/><V31/><F31/><W46/><G0/><T79/><D25/><U105/><E28/><V115/><F115/><W10/><G66/><T53/><D19/><U129/><E129/><AGARI ba="0,1" hai="48,55,59,72,73,75,106,107,129,130,131" m="8192" machi="129" ten="80,12000,1" yaku="1,1,19,1,53,1" doraHai="113,94" doraHaiUra="16,49" who="2" fromWho="1" sc="145,0,196,-120,262,130,387,0" /><INIT seed="6,1,0,0,0,120" ten="145,76,392,387" oya="2" hai0="101,100,58,106,89,25,13,27,121,60,74,72,52" hai1="102,93,115,46,122,107,37,59,133,34,14,104,135" hai2="97,92,63,41,9,0,8,129,49,134,48,113,103" hai3="67,99,7,53,15,19,10,112,47,1,114,38,75"/><V6/><F129/><W132/><G75/><T70/><D121/><U73/><E73/><V90/><F134/><W28/><G132/><T57/><D70/><U36/><E34/><V54/><F113/><N who="3" m="43627" /><G67/><T69/><D69/><U79/><E115/><V98/><F41/><N who="3" m="22967" /><G28/><T33/><D74/><U96/><E122/><V83/><F83/><W123/><G123/><T117/><D72/><U87/><E135/><V16/><F63/><W55/><G99/><T39/><D39/><U21/><E133/><V110/><F110/><W5/><G5/><T26/><D33/><U71/><E71/><V119/><F119/><W18/><G18/><T95/><D117/><U40/><E37/><V44/><F49/><W4/><G4/><T94/><D106/><U109/><E59/><V64/><F64/><W23/><AGARI ba="1,0" hai="1,7,10,15,19,23,53,55" m="22967,43627" machi="23" ten="30,2000,0" yaku="15,1,11,1" doraHai="120" who="3" fromWho="3" sc="145,-6,76,-6,392,-11,387,23" /><INIT seed="7,0,0,0,2,22" ten="139,70,381,410" oya="3" hai0="85,87,46,52,88,15,0,131,115,82,121,39,53" hai1="48,17,6,101,19,28,72,81,43,18,122,126,41" hai2="110,102,96,71,78,45,7,114,24,91,12,77,106" hai3="21,62,70,133,134,65,120,76,16,42,51,64,68"/><W3/><G120/><T127/><D0/><U89/><E122/><V14/><F71/><W25/><G3/><T59/><D131/><U69/><E126/><V105/><F110/><W94/><G76/><T13/><D115/><U99/><E69/><V95/><F114/><W47/><G94/><T9/><D39/><U111/><E111/><V132/><F132/><N who="3" m="50795" /><G65/><T73/><D73/><U49/><E6/><V31/><F45/><W58/><AGARI ba="0,0" hai="16,21,25,42,47,51,58,62,64,68,70" m="50795" machi="58" ten="30,6000,0" yaku="20,1,52,1,54,1" doraHai="22" who="3" fromWho="3" sc="139,-20,70,-20,381,-20,410,60" owari="119,-28.1,50,-45.0,361,16.1,470,57.0" /></mjloggm>