<mjloggm ver="2.3"><GO type="169" lobby="0"/><UN n0="%74%61%6B%65%2D%79%6F%75" n1="%E3%81%BD%E3%82%93%E3%81%A7%E3%82%89%E3%81%84%E3%81%8A%E3%82%93" n2="%E6%9C%AA%E6%9D%A5%E5%B0%91%E5%B9%B4" n3="%E3%83%9E%E3%83%BC%E3%83%9C%E3%82%A6" dan="16,16,16,16" rate="2132.76,2163.00,2143.96,2122.38" sx="M,M,F,M"/><TAIKYOKU oya="0"/><INIT seed="0,0,0,4,3,77" ten="250,250,250,250" oya="0" hai0="84,14,24,33,49,82,76,103,111,10,0,101,29" hai1="81,50,8,100,83,48,109,53,114,57,39,113,108" hai2="7,110,78,45,34,19,132,97,98,112,22,85,95" hai3="94,65,20,119,12,70,120,3,117,88,106,124,93"/><T61/><D111/><N who="1" m="42571" /><E39/><V16/><F112/><N who="1" m="43113" /><E100/><V96/><F34/><W135/><G3/><T91/><D0/><U58/><E8/><V131/><F110/><W43/><G106/><T122/><D122/><U25/><E25/><V38/><F131/><W71/><G120/><T68/><D49/><N who="1" m="19051" /><E57/><V62/><F38/><W40/><G119/><T74/><D68/><U32/><E32/><V23/><F7/><W128/><G117/><T66/><D61/><AGARI ba="0,0" hai="53,58,61,81,83" m="19051,43113,42571" machi="61" ten="30,7700,0" yaku="14,1,11,1,52,2" doraHai="77" who="1" fromWho="0" sc="250,-77,250,77,250,0,250,0" /><INIT seed="1,0,0,4,4,17" ten="173,327,250,250" oya="1" hai0="46,28,5,42,73,102,4,61,18,126,8,105,119" hai1="12,84,117,52,50,106,103,94,55,63,19,115,53" hai2="91,92,90,37,57,65,104,79,64,25,20,27,114" hai3="75,62,71,127,51,68,125,131,113,10,16,7,1"/><U81/><E115/><V118/><F118/><W129/><G113/><T13/><D119/><U78/><E117/><V97/><F104/><W83/><G51/><T35/><D73/><U82/><E106/><V43/><F114/><W130/><G75/><T67/><D126/><N who="3" m="48137" /><G83/><T72/><D72/><U111/><E111/><V11/><F79/><W24/><G62/><T93/><D105/><U88/><E63/><V31/><F37/><W77/><G77/><T100/><D46/><N who="1" m="27863" /><E103/><V21/><F43/><W110/><G110/><T95/><D42/><U0/><E0/><V98/><F11/><W41/><G41/><T60/><D60/><U120/><E120/><V135/><F57/><W23/><AGARI ba="0,0" hai="1,7,10,16,23,24,68,71,129,130,131" m="48137" machi="23" ten="40,8000,1" yaku="19,1,18,1,52,1,54,1" doraHai="17" who="3" fromWho="3" sc="173,-20,327,-40,250,-20,250,80" /><INIT seed="2,0,0,5,2,6" ten="153,287,230,330" oya="2" hai0="4,21,113,18,112,17,56,59,107,128,55,90,126" hai1="50,40,35,8,19,16,85,65,60,93,53,106,67" hai2="3,10,13,108,63,12,97,29,89,43,27,38,123" hai3="104,24,5,45,86,103,79,49,37,61,28,121,134"/><V32/><F123/><W133/><G121/><T76/><D107/><U125/><E106/><V84/><F108/><W54/><G37/><T117/><D128/><U71/><E35/><V31/><F31/><W25/><G61/><T135/><D135/><N who="3" m="51721" /><G28/><T132/><D132/><U111/><E111/><V42/><F3/><W22/><G22/><T33/><D33/><U100/><E40/><V9/><F97/><N who="3" m="61551" /><G5/><T75/><D4/><U78/><E65/><V83/><F63/><W64/><G64/><T52/><D21/><U36/><E36/><V70/><F70/><W66/><G66/><T2/><D2/><U77/><E19/><V94/><F38/><W68/><G68/><T120/><D120/><U15/><E125/><V0/><F0/><W95/><G95/><T20/><D126/><U105/><E105/><V122/><F122/><W14/><G14/><T26/><D20/><U34/><E34/><V62/><F62/><W116/><G116/><T44/><D117/><U80/><E93/><V98/><F13/><W30/><G30/><T118/><D118/><U69/><E100/><V114/><F12/><W11/><G11/><T57/><D18/><U46/><REACH who="1" step="1"/><E69/><REACH who="1" ten="153,277,230,330" step="2"/><V41/><REACH who="2" step="1"/><F114/><REACH who="2" ten="153,277,220,330" step="2"/><W109/><G109/><T58/><D112/><U51/><E51/><V110/><F110/><W82/><AGARI ba="0,2" hai="24,25,45,49,54,79,82,86" m="61551,51721" machi="82" ten="30,1100,0" yaku="20,1" doraHai="6" who="3" fromWho="3" sc="153,-3,277,-3,220,-5,330,31" /><INIT seed="3,0,0,3,0,121" ten="150,274,215,361" oya="3" hai0="23,40,104,93,4,19,111,65,98,84,79,113,120" hai1="29,26,61,89,27,6,124,69,118,54,0,70,73" hai2="123,43,115,87,102,1,76,34,20,22,62,11,130" hai3="74,12,94,14,28,25,50,47,88,133,16,119,67"/><W91/><G119/><T30/><D120/><U10/><E118/><V58/><F123/><W42/><G133/><T17/><D113/><U78/><E124/><V18/><F115/><W106/><G106/><T66/><D104/><U36/><E89/><V45/><F34/><W38/><G74/><T52/><D40/><U127/><E27/><V55/><F130/><W86/><G67/><T135/><D135/><U44/><E127/><V134/><F102/><W7/><G7/><T107/><D4/><U15/><E15/><N who="2" m="7551" /><F1/><W122/><G38/><T21/><D107/><U125/><E125/><V39/><F39/><W129/><G122/><T60/><D30/><U101/><E101/><V59/><F134/><W68/><G68/><T96/><D23/><U100/><E100/><V112/><F112/><W5/><G5/><T110/><D21/><U92/><E36/><V132/><F132/><W82/><G129/><T126/><D126/><U116/><E116/><V99/><F99/><W57/><G57/><N who="0" m="34855" /><D96/><U83/><E70/><V48/><F58/><W90/><G82/><AGARI ba="0,0" hai="20,22,43,45,48,55,59,62,76,82,87" m="7551" machi="82" ten="30,1000,0" yaku="8,1" doraHai="121" who="2" fromWho="3" sc="150,0,274,0,215,10,361,-10" /><INIT seed="4,0,0,5,4,40" ten="150,274,225,351" oya="0" hai0="124,97,21,53,61,71,34,116,36,27,69,35,0" hai1="16,14,33,132,72,52,42,122,80,15,96,44,107" hai2="6,120,46,67,49,62,57,68,75,1,3,45,88" hai3="85,54,117,9,101,26,113,98,63,37,78,106,77"/><T58/><D116/><U64/><E122/><V70/><F120/><W32/><G117/><T108/><D0/><U94/><E33/><V11/><F75/><W28/><G37/><T8/><D124/><U127/><E127/><V86/><F3/><W92/><G113/><T2/><D108/><U112/><E107/><V38/><F38/><W31/><G31/><T89/><D35/><U102/><E112/><V81/><REACH who="2" step="1"/><F46/><REACH who="2" ten="150,274,215,351" step="2"/><W4/><G106/><T25/><D36/><U50/><E132/><V55/><AGARI ba="0,1" hai="1,6,11,45,49,55,57,62,67,68,70,81,86,88" machi="55" ten="20,12000,2" yaku="1,1,2,1,0,1,7,1,52,1,54,1,53,0" doraHai="40" doraHaiUra="118" who="2" fromWho="2" sc="150,-60,274,-30,215,130,351,-30" /><INIT seed="5,0,0,1,0,70" ten="90,244,345,321" oya="1" hai0="10,38,68,35,69,11,15,135,71,98,20,23,45" hai1="96,46,82,78,106,108,53,0,111,26,33,13,95" hai2="124,122,101,107,51,109,73,60,54,36,4,22,16" hai3="57,37,90,103,112,114,62,117,50,123,43,105,126"/><U85/><E0/><V80/><F109/><W133/><G103/><T94/><D35/><U115/><E115/><N who="3" m="44074" /><G105/><T56/><D56/><U24/><E106/><V12/><F122/><W39/><G123/><T47/><D135/><U116/><E116/><V27/><F36/><N who="3" m="13899" /><G133/><T127/><D127/><U21/><E33/><V91/><F124/><W32/><G126/><T99/><D38/><U40/><E53/><V129/><F129/><W1/><G1/><T9/><D15/><U64/><E64/><V3/><F3/><W41/><G32/><T97/><REACH who="0" step="1"/><D94/><REACH who="0" ten="80,244,345,321" step="2"/><U58/><E58/><V55/><F107/><W120/><G120/><T8/><N who="0" m="2048" /><DORA hai="81" /><T59/><D59/><U5/><E111/><V84/><F12/><W48/><G117/><T18/><D18/><N who="1" m="10447" /><E108/><V30/><F16/><W88/><G57/><T104/><D104/><U130/><E5/><V6/><F6/><W2/><G2/><T67/><D67/><U79/><E95/><V7/><F4/><W17/><G62/><T87/><D87/><U52/><E85/><V132/><F84/><W110/><G110/><T28/><D28/><U31/><E31/><V61/><F30/><W66/><G66/><T92/><D92/><U118/><E118/><V121/><F7/><W63/><G63/><T75/><D75/><U86/><E86/><V128/><F61/><W113/><G113/><T125/><D125/><U42/><E24/><V89/><F27/><W74/><G74/><T44/><AGARI ba="0,1" hai="20,23,44,45,47,68,69,71,97,98,99" m="2048" machi="44" ten="60,32000,5" yakuman="40" doraHai="70,81" doraHaiUra="49,77" who="0" fromWho="0" sc="80,330,244,-160,345,-80,321,-80" /><INIT seed="6,0,0,5,2,56" ten="410,84,265,241" oya="2" hai0="30,78,102,46,9,99,88,109,1,58,7,81,91" hai1="28,45,54,47,126,61,80,79,5,111,113,66,69" hai2="93,60,43,65,10,87,35,15,16,67,108,97,83" hai3="122,14,17,77,115,116,18,121,75,27,86,39,4"/><V95/><F108/><W64/><G116/><T84/><D109/><U13/><E111/><V127/><F127/><W73/><G39/><T82/><D30/><U53/><E126/><V38/><F35/><W134/><G134/><T128/><D128/><U90/><E113/><V21/><F67/><W41/><G41/><T6/><D6/><U37/><E28/><V50/><F38/><W120/><G115/><T31/><D31/><U133/><E133/><V112/><F112/><W36/><G36/><T3/><D3/><U101/><E101/><V74/><F74/><W62/><G4/><T19/><D46/><U11/><E90/><V125/><F125/><W92/><G27/><T94/><D19/><U48/><E37/><V123/><F123/><W135/><G18/><T98/><D58/><U76/><REACH who="1" step="1"/><E80/><REACH who="1" ten="410,74,265,241" step="2"/><V119/><F83/><W26/><G135/><T52/><D81/><U118/><E118/><V49/><F119/><W2/><G121/><T105/><D91/><U33/><E33/><V42/><F93/><W0/><G92/><T106/><D106/><U130/><E130/><V124/><F95/><W59/><G120/><T85/><D105/><U25/><E25/><V22/><F124/><W24/><G24/><T40/><D102/><U23/><E23/><V96/><F21/><W70/><G26/><T51/><D82/><U100/><E100/><V34/><F22/><W20/><G20/><T114/><D114/><U63/><E63/><V103/><F60/><W12/><G62/><T132/><D132/><U44/><E44/><V8/><F103/><W32/><G122/><RYUUKYOKU ba="0,1" sc="410,-10,74,30,265,-10,241,-10" hai1="5,11,13,45,47,48,53,54,61,66,69,76,79" /><INIT seed="7,1,1,5,4,120" ten="400,104,255,231" oya="3" hai0="83,18,130,12,62,26,55,35,67,6,118,91,122" hai1="71,2,133,45,34,115,46,32,108,77,114,72,11" hai2="64,73,14,85,33,23,7,74,30,98,16,80,75" hai3="36,131,106,3,41,61,94,25,17,43,110,52,42"/><W38/><G106/><T15/><D118/><U22/><E71/><V126/><F126/><W56/><G3/><T125/><D122/><U54/><E77/><V117/><F117/><W93/><G131/><T87/><D125/><U79/><E79/><V123/><F123/><W50/><G25/><T58/><D130/><U37/><E72/><V119/><F119/><W53/><G17/><T0/><D0/><U5/><E54/><N who="3" m="21098" /><G93/><T20/><D35/><N who="1" m="13355" /><E37/><N who="3" m="14442" /><G94/><T129/><D129/><U90/><E90/><V44/><F7/><W70/><G110/><T48/><D6/><U49/><E49/><V69/><F98/><W101/><G101/><T107/><D107/><U102/><E102/><V39/><F85/><W1/><G1/><T60/><D48/><U24/><E45/><V59/><F80/><W100/><G100/><T89/><D89/><U8/><E46/><V97/><F97/><W9/><G9/><T113/><D20/><U66/><E66/><V28/><F33/><W92/><G92/><T10/><D67/><U21/><E11/><V78/><F78/><W88/><G88/><T27/><D91/><U4/><E4/><V65/><F74/><W19/><G19/><T96/><D18/><N who="1" m="12343" /><E22/><V116/><F23/><W104/><G104/><T128/><D128/><U47/><E47/><V51/><F73/><W29/><G70/><T31/><D83/><U103/><E103/><V121/><F69/><W95/><G95/><T76/><D76/><U68/><E68/><V112/><F75/><W132/><G50/><T127/><D96/><U81/><E133/><V99/><F116/><RYUUKYOKU ba="1,1" sc="400,0,104,0,255,0,231,0" owari="410,51.0,104,-39.6,255,5.5,231,-16.9" /></mjloggm>