<mjloggm ver="2.3"><GO type="169" lobby="0"/><UN n0="%48%45%52%4F%2D%50%4F%4E" n1="%E7%89%8C%E6%B5%81%E7%8A%B6%E6%85%8B%E9%BA%BB%E9%9B%80" n2="%E9%87%8E%E4%B8%AD%E6%99%B4" n3="%74%61%6B%65%2D%79%6F%75" dan="16,16,16,16" rate="2105.44,2144.62,2056.67,2140.84" sx="M,M,F,M"/><TAIKYOKU oya="0"/><INIT seed="0,0,0,4,1,127" ten="250,250,250,250" oya="0" hai0="4,58,8,52,72,133,61,113,60,79,70,96,57" hai1="107,59,51,102,37,131,15,64,106,25,22,5,3" hai2="35,73,91,23,32,80,34,101,132,53,78,50,108" hai3="110,20,19,74,87,42,69,135,95,120,71,126,97"/><T18/><D113/><U33/><E37/><V38/><F38/><W109/><G74/><T29/><D133/><U100/><E3/><V10/><F132/><W89/><G135/><T16/><D70/><U92/><E33/><V43/><F108/><N who="3" m="41579" /><G120/><T30/><D96/><N who="1" m="59399" /><E102/><V24/><F101/><N who="3" m="60607" /><G42/><T130/><D130/><U77/><E77/><V129/><F43/><W48/><G48/><T99/><D99/><U85/><E51/><V6/><F91/><W47/><G47/><T122/><D122/><U128/><E85/><V90/><F90/><W36/><G36/><T123/><D123/><U125/><E125/><V66/><F66/><W62/><G62/><T134/><D134/><U118/><E118/><V41/><F41/><W44/><G44/><T54/><D79/><U112/><E112/><V40/><F40/><W111/><G126/><T65/><D65/><U115/><E115/><V68/><F68/><W55/><G55/><T0/><D72/><U45/><E45/><V83/><F78/><W49/><G49/><T76/><D76/><U11/><E59/><V12/><F73/><W114/><G114/><T84/><D84/><U28/><E64/><V13/><F53/><W82/><G111/><T27/><D30/><U21/><E21/><AGARI ba="0,0" hai="0,4,8,16,18,21,27,29,52,54,57,58,60,61" machi="21" ten="30,11600,0" yaku="7,1,9,1,54,2" doraHai="127" who="0" fromWho="1" sc="250,116,250,-116,250,0,250,0" /><INIT seed="0,1,0,2,3,89" ten="366,134,250,250" oya="0" hai0="131,72,80,66,73,99,106,133,135,108,70,129,53" hai1="85,64,48,23,90,31,97,78,126,109,1,113,132" hai2="43,56,7,27,29,87,32,125,83,2,3,39,55" hai3="41,24,96,35,42,93,16,25,134,82,26,28,76"/><T105/><D66/><U119/><E119/><V36/><F125/><W86/><G134/><N who="0" m="51211" /><D53/><U103/><E1/><V98/><F43/><W68/><G68/><T62/><D62/><U116/><E116/><V17/><F17/><W58/><G58/><T65/><D65/><U74/><E132/><V114/><F114/><W107/><G107/><N who="0" m="40971" /><D70/><U121/><E126/><V59/><F59/><W52/><G52/><T123/><D123/><U15/><E121/><V6/><F3/><W10/><G26/><T40/><D40/><U115/><E64/><V0/><F2/><W45/><G45/><T12/><D12/><U20/><E48/><V38/><F0/><W54/><G54/><T101/><D108/><U37/><E37/><V79/><REACH who="2" step="1"/><F98/><REACH who="2" ten="366,134,240,250" step="2"/><W94/><G10/><T11/><D11/><U67/><E97/><V128/><F128/><N who="0" m="49226" /><D80/><U127/><E127/><V122/><F122/><W81/><G82/><T30/><D30/><U130/><E31/><V8/><F8/><W21/><REACH who="3" step="1"/><G93/><AGARI ba="1,1" hai="72,73,93,99,101" m="49226,40971,51211" machi="93" ten="40,12000,1" yaku="20,1,19,1,34,2,52,1" doraHai="89" who="0" fromWho="3" sc="366,133,134,0,240,0,250,-123" /><INIT seed="0,2,0,1,0,38" ten="499,134,240,127" oya="0" hai0="40,118,9,93,117,104,65,4,84,121,131,101,123" hai1="21,42,102,132,73,75,127,2,103,90,106,17,30" hai2="49,19,3,108,52,48,98,96,130,29,97,25,20" hai3="8,62,125,88,68,60,33,13,27,82,110,46,76"/><T100/><D65/><U59/><E2/><V45/><F108/><W70/><G125/><T113/><D9/><U92/><E127/><V1/><F130/><W115/><G115/><T14/><D14/><U119/><E119/><N who="0" m="45577" /><D4/><U64/><E132/><V69/><F69/><W34/><G110/><T114/><D40/><U5/><E30/><V91/><F91/><W39/><G70/><T32/><D32/><U44/><E5/><V77/><F77/><W23/><G33/><T81/><D104/><U67/><E106/><V86/><F86/><W105/><G34/><T54/><D54/><U26/><E73/><V79/><F79/><W129/><G105/><T128/><D113/><U11/><E75/><V66/><F66/><W71/><G71/><T107/><D107/><U116/><E11/><V41/><REACH who="2" step="1"/><F29/><REACH who="2" ten="499,134,230,127" step="2"/><W6/><G68/><T112/><D114/><U109/><E116/><V124/><F124/><W133/><G129/><N who="0" m="49739" /><D112/><U53/><E67/><V55/><F55/><W61/><G133/><T78/><D101/><U16/><E64/><V89/><F89/><W95/><G88/><N who="0" m="53383" /><D100/><U120/><E103/><V134/><F134/><W12/><G76/><T37/><D37/><U35/><E102/><V15/><F15/><W31/><G12/><T51/><D51/><U22/><E90/><V0/><F0/><W72/><G39/><T28/><D28/><U111/><E111/><V24/><F24/><W58/><G27/><T135/><D135/><U94/><E26/><V85/><F85/><AGARI ba="2,1" hai="78,81,85,121,123" m="53383,49739,45577" machi="85" ten="30,11600,0" yaku="19,1,34,2,54,1" doraHai="38" who="0" fromWho="2" sc="499,132,134,0,230,-122,127,0" /><INIT seed="0,3,0,3,4,22" ten="631,134,108,127" oya="0" hai0="112,133,81,41,122,100,16,28,57,56,135,15,80" hai1="12,98,106,96,86,73,71,78,3,79,44,120,61" hai2="113,36,33,128,58,82,114,65,40,124,35,129,46" hai3="103,45,13,43,7,25,76,123,24,5,31,130,49"/><T11/><D112/><N who="2" m="43114" /><F82/><W105/><G130/><N who="2" m="50281" /><F124/><W127/><G123/><T50/><D122/><U68/><E3/><V104/><F104/><W119/><G119/><T126/><D126/><U39/><E73/><V37/><F37/><W74/><G127/><T115/><D115/><U62/><E120/><V19/><F19/><W63/><G74/><T4/><D28/><U52/><E106/><V69/><F58/><N who="0" m="22634" /><D100/><U18/><E39/><V85/><F85/><W64/><G103/><T1/><D4/><U109/><E86/><V8/><F8/><W101/><G101/><T102/><D1/><U99/><E71/><V29/><F29/><W110/><G105/><T59/><D102/><U111/><E68/><V47/><F47/><W97/><G31/><T83/><D59/><N who="1" m="35047" /><E44/><V14/><F14/><W118/><G13/><T51/><D83/><U9/><E62/><AGARI ba="3,0" hai="33,35,36,40,46,62,65,69" m="50281,43114" machi="62" ten="30,2000,0" yaku="19,1,23,1" doraHai="22" who="2" fromWho="1" sc="631,0,134,-29,108,29,127,0" /><INIT seed="1,0,0,2,2,121" ten="631,105,137,127" oya="1" hai0="79,13,116,134,64,34,51,35,53,94,27,12,88" hai1="48,15,4,57,22,19,123,62,118,117,68,135,39" hai2="49,99,74,122,54,44,81,18,84,108,40,55,61" hai3="75,119,89,104,71,131,42,78,76,16,45,2,114"/><U124/><E39/><V20/><F122/><W41/><G114/><T111/><D116/><U103/><E123/><V112/><F112/><W110/><G71/><T5/><D134/><U98/><E135/><V106/><F74/><W70/><G70/><T25/><D79/><U29/><E124/><V26/><F108/><W67/><G104/><T113/><D64/><U109/><E68/><V59/><F106/><W14/><G131/><T0/><D0/><U129/><E129/><V107/><F107/><W85/><G2/><T63/><D63/><U92/><E48/><V132/><F132/><W21/><G119/><T77/><D77/><U86/><E109/><V10/><F10/><W31/><G110/><T120/><D113/><U93/><E4/><V73/><F73/><W23/><G67/><T100/><D100/><U8/><E86/><V60/><F99/><W32/><G32/><T1/><D1/><U38/><E38/><V6/><F6/><W90/><G90/><T125/><D120/><U96/><E29/><V56/><F81/><W3/><G3/><T66/><D66/><N who="1" m="39247" /><E118/><V9/><F9/><W105/><G105/><T7/><D125/><U83/><E83/><V36/><F36/><N who="3" m="21671" /><G75/><T17/><D111/><U11/><E117/><V65/><F84/><W43/><G76/><T82/><D82/><U52/><E52/><AGARI ba="0,0" hai="18,20,26,40,44,49,52,54,55,56,59,60,61,65" machi="52" ten="30,3900,0" yaku="7,1,8,1,54,1" doraHai="121" who="2" fromWho="1" sc="631,0,105,-39,137,39,127,0" /><INIT seed="2,0,0,2,3,87" ten="631,66,176,127" oya="2" hai0="17,43,26,113,24,52,13,47,84,27,29,55,119" hai1="70,14,41,75,28,57,98,36,81,129,105,22,112" hai2="69,91,58,2,25,127,117,30,15,68,67,73,10" hai3="6,0,135,79,62,53,12,131,125,107,77,76,37"/><V63/><F117/><W122/><G122/><T82/><D113/><U115/><E70/><V121/><F121/><W133/><G37/><T83/><D29/><U66/><E129/><V86/><F127/><W40/><G107/><T96/><D96/><U16/><E28/><V114/><F2/><W65/><G0/><T92/><D92/><U7/><E7/><V51/><F73/><W74/><G40/><T42/><D82/><U9/><E9/><V104/><F104/><W85/><G74/><T8/><D119/><U71/><E71/><V11/><F114/><W102/><G102/><T1/><D1/><U45/><E66/><V23/><F51/><W93/><G53/><N who="0" m="20555" /><D47/><U80/><E57/><V111/><F11/><W50/><G125/><T38/><D38/><U35/><E35/><V61/><F61/><W132/><G50/><T90/><AGARI ba="0,0" hai="8,13,17,24,26,27,42,43,83,84,90" m="20555" machi="90" ten="30,4000,0" yaku="8,1,52,1,54,1" doraHai="87" who="0" fromWho="0" sc="631,40,66,-10,176,-20,127,-10" /><INIT seed="3,0,0,4,4,132" ten="671,56,156,117" oya="3" hai0="35,124,74,27,133,11,102,73,38,99,123,75,70" hai1="122,88,65,47,51,32,57,110,93,12,42,114,97" hai2="61,9,107,33,62,77,66,37,0,22,4,127,116" hai3="58,128,103,7,89,10,68,120,54,118,129,34,63"/><W23/><G34/><T81/><D123/><U50/><E122/><V131/><F116/><W109/><G120/><T71/><D133/><U78/><E110/><V94/><F107/><W19/><G118/><T36/><D124/><U121/><E121/><V95/><F33/><W20/><G109/><T83/><D11/><U18/><E114/><V134/><F37/><N who="0" m="14442" /><D83/><U112/><E112/><V13/><F134/><W87/><G103/><T79/><D99/><U106/><E32/><V2/><F131/><N who="3" m="50251" /><G68/><N who="0" m="26155" /><D102/><U60/><E106/><V59/><F77/><W55/><G19/><T6/><D6/><U86/><E51/><V31/><F2/><N who="3" m="375" /><G54/><T40/><D40/><U115/><E115/><V43/><F43/><W104/><G104/><T49/><D49/><U130/><E130/><V16/><F31/><AGARI ba="0,0" hai="27,31,35,73,74,75,79,81" m="26155,14442" machi="31" ten="30,2000,0" yaku="33,2" doraHai="132" who="0" fromWho="2" sc="671,20,56,0,156,-20,117,0" /><INIT seed="4,0,0,0,4,106" ten="691,56,136,117" oya="0" hai0="111,24,27,105,100,84,7,61,15,30,90,113,94" hai1="130,73,121,28,81,3,114,25,2,126,122,10,80" hai2="103,59,115,34,42,98,40,62,69,33,132,37,16" hai3="38,108,0,96,101,117,68,64,95,32,13,124,67"/><T20/><D113/><U45/><E130/><V35/><F115/><W18/><G108/><T65/><D111/><U60/><E114/><V51/><F132/><W44/><G117/><T89/><D105/><U128/><E128/><V17/><F69/><W102/><G0/><T119/><D100/><U120/><E126/><V47/><F40/><W74/><G32/><T54/><D54/><U31/><E60/><V88/><F37/><W58/><G68/><T85/><D27/><U14/><E45/><V82/><F103/><W109/><G109/><T91/><D84/><U78/><E81/><V71/><F71/><W9/><G124/><T56/><D119/><U75/><E75/><V49/><F49/><W87/><G101/><T41/><D41/><U5/><REACH who="1" step="1"/><E31/><REACH who="1" ten="691,46,136,117" step="2"/><V93/><REACH who="2" step="1"/><F82/><REACH who="2" ten="691,46,126,117" step="2"/><W127/><G127/><T72/><D30/><U48/><E48/><V131/><F131/><W12/><G38/><T53/><D61/><U116/><E116/><V63/><F63/><W134/><G134/><T76/><D72/><U8/><E8/><V133/><F133/><W21/><G74/><T104/><D65/><AGARI ba="0,2" hai="16,17,33,34,35,42,47,51,59,62,65,88,93,98" machi="65" ten="40,5200,0" yaku="1,1,54,2,53,0" doraHai="106" doraHaiUra="1" who="2" fromWho="0" sc="691,-52,46,0,126,72,117,0" /><INIT seed="5,0,0,5,0,49" ten="639,46,198,117" oya="1" hai0="64,22,65,120,76,74,102,126,135,9,14,41,94" hai1="70,69,134,111,12,3,37,87,35,29,83,30,59" hai2="72,117,128,103,107,86,47,84,110,19,2,61,13" hai3="97,40,21,106,79,67,1,25,80,16,7,71,82"/><U81/><E3/><V95/><F2/><W48/><G71/><T73/><D22/><U27/><E37/><V39/><F72/><W98/><G67/><T0/><D0/><U28/><E134/><V31/><F110/><W11/><G106/><T66/><D135/><U85/><E111/><V54/><F31/><W24/><G24/><T116/><D116/><U55/><E12/><V109/><F107/><W15/><G1/><T129/><D126/><U127/><E127/><V18/><F19/><W63/><G63/><T93/><D129/><U131/><E131/><V91/><F117/><W20/><G20/><T58/><D41/><U23/><E70/><V5/><F5/><W78/><G80/><N who="1" m="30794" /><E69/><V122/><F122/><W75/><REACH who="3" step="1"/><G79/><REACH who="3" ten="639,46,198,107" step="2"/><T108/><D76/><U121/><E121/><V101/><F128/><W4/><G4/><T89/><D66/><U112/><E35/><V124/><F124/><W8/><G8/><T38/><D65/><U105/><E105/><V77/><F109/><W44/><AGARI ba="0,1" hai="7,11,15,16,21,25,40,44,48,75,78,82,97,98" machi="44" ten="30,7900,0" yaku="1,1,0,1,54,1,53,1" doraHai="49" doraHaiUra="10" who="3" fromWho="3" sc="639,-20,46,-39,198,-20,107,89" /><INIT seed="6,0,0,2,4,55" ten="619,7,178,196" oya="2" hai0="76,57,133,129,75,43,61,125,99,2,14,88,36" hai1="35,135,87,113,5,22,71,4,27,54,50,81,24" hai2="124,119,44,17,92,93,96,32,11,122,80,112,33" hai3="8,59,114,84,117,68,132,83,66,85,104,73,56"/><V41/><F119/><W116/><G104/><T45/><D2/><U77/><E113/><V16/><F122/><W23/><G132/><T98/><D133/><U39/><E135/><V115/><F124/><W13/><G114/><N who="2" m="43561" /><F80/><W105/><G105/><T25/><D125/><U0/><E39/><N who="2" m="21567" /><F93/><W74/><G23/><T3/><D75/><U123/><E123/><V47/><F47/><W130/><G130/><T86/><D76/><U38/><E38/><V118/><F118/><W82/><G8/><T6/><D129/><U58/><E0/><V53/><F53/><W107/><G107/><T89/><D3/><U95/><E71/><V51/><F51/><W42/><G42/><T12/><D45/><U60/><E95/><V62/><F62/><W29/><G68/><T70/><D61/><U108/><E108/><V102/><F11/><W67/><G13/><T49/><D14/><U19/><E35/><AGARI ba="0,0" hai="16,17,32,33,35,92,96,102" m="21567,43561" machi="35" ten="30,2900,0" yaku="15,1,54,1" doraHai="55" who="2" fromWho="1" sc="619,0,7,-29,178,29,196,0" owari="619,71.9,-22,-52.2,207,0.7,196,-20.4" /></mjloggm>