<mjloggm ver="2.3"><GO type="169" lobby="0"/><UN n0="%E3%83%AA%E3%83%84%E3%83%9F%E3%82%B5%E3%83%B3" n1="%6B%72%62" n2="%50%73%79%63%68%65" n3="%E3%81%97%E3%82%83%E3%82%8B%E3%81%BC%E3%82%93" dan="17,16,16,16" rate="2198.69,2173.13,2128.27,2129.57" sx="M,F,M,M"/><TAIKYOKU oya="0"/><INIT seed="0,0,0,5,3,3" ten="250,250,250,250" oya="0" hai0="116,135,46,24,41,93,35,74,81,122,15,120,128" hai1="64,86,33,14,127,32,58,119,29,28,133,132,111" hai2="83,108,51,117,125,4,104,1,110,84,95,11,16" hai3="89,62,129,37,80,68,96,72,20,87,25,39,69"/><T90/><D116/><U101/><E119/><V107/><F117/><W18/><G129/><T85/><D128/><U92/><E127/><V21/><F95/><W49/><G72/><T7/><D135/><U66/><E111/><N who="2" m="42539" /><F51/><W13/><G39/><T77/><D24/><U106/><E106/><V109/><N who="2" m="42547" /><V94/><DORA hai="76" /><F94/><W8/><G37/><T52/><D35/><U75/><E75/><V59/><F59/><W134/><G134/><T115/><D115/><U112/><E112/><V71/><F71/><W2/><G2/><T42/><D52/><U26/><E58/><V103/><F103/><W99/><G49/><T30/><D30/><U97/><E14/><N who="2" m="9367" /><F125/><W22/><G69/><T65/><D65/><U61/><E86/><V6/><F6/><W9/><G68/><T113/><D113/><U44/><E92/><V130/><F130/><W53/><G62/><T70/><D70/><U12/><E61/><V45/><F45/><W17/><G53/><T57/><D57/><U88/><E44/><V0/><F0/><W102/><REACH who="3" step="1"/><G96/><REACH who="3" ten="250,250,250,240" step="2"/><T47/><D42/><U100/><E97/><V121/><F121/><W55/><G55/><T67/><D120/><U91/><E133/><V73/><F73/><W31/><G31/><T105/><D122/><U43/><E132/><V34/><F34/><W78/><G78/><AGARI ba="0,1" hai="1,4,11,78,83,84,104,107" m="9367,42547" machi="78" ten="40,8000,1" yaku="14,1,52,2,54,1" doraHai="3,76" who="2" fromWho="3" sc="250,0,250,0,250,90,240,-80" /><INIT seed="1,0,0,2,1,27" ten="250,250,340,160" oya="1" hai0="53,74,123,12,52,39,81,61,86,73,67,77,20" hai1="30,43,76,118,92,70,84,85,18,75,57,16,41" hai2="2,36,99,71,104,23,100,4,115,72,133,65,1" hai3="48,64,63,37,22,47,38,21,121,40,106,3,108"/><U69/><E75/><V42/><F23/><W131/><G121/><T78/><D39/><U34/><E76/><V102/><F102/><W80/><G108/><T129/><D129/><U128/><E128/><V110/><F110/><W117/><G131/><T44/><D123/><U6/><E6/><V82/><F133/><W126/><G117/><T125/><D125/><U89/><E118/><V119/><F119/><W24/><G126/><T68/><D44/><U32/><E57/><V8/><F115/><W59/><G106/><T87/><D87/><U29/><E92/><V26/><F26/><W107/><G107/><T91/><D77/><U14/><E14/><V11/><F65/><W134/><G3/><T122/><D74/><U0/><E89/><V120/><F120/><W17/><G134/><T55/><D122/><U90/><E90/><V56/><F56/><W31/><REACH who="3" step="1"/><G80/><REACH who="3" ten="250,250,340,150" step="2"/><T35/><D81/><U113/><E0/><V135/><F135/><W124/><G124/><T112/><D112/><AGARI ba="0,1" hai="16,18,29,30,32,34,41,43,69,70,84,85,112,113" machi="112" ten="25,12000,1" yaku="22,2,52,2,54,1" doraHai="27" who="1" fromWho="0" sc="250,-120,250,130,340,0,150,0" /><INIT seed="1,1,0,4,0,92" ten="130,380,340,150" oya="1" hai0="95,34,111,56,94,88,25,39,5,90,0,4,110" hai1="104,115,28,125,75,37,106,40,82,44,114,24,132" hai2="67,87,96,17,61,42,66,71,102,85,83,81,45" hai3="48,122,108,130,97,58,38,11,77,50,15,53,91"/><U62/><E125/><V133/><F133/><W6/><G122/><T14/><D39/><U23/><E132/><V131/><F131/><W116/><G38/><T127/><D0/><U54/><E75/><V101/><F67/><W29/><G130/><T60/><D127/><U63/><E82/><V100/><F17/><W13/><G108/><N who="0" m="41515" /><D25/><U117/><E117/><V22/><F22/><W93/><G116/><T26/><D26/><U41/><E41/><V105/><F83/><W129/><G129/><T124/><D14/><U7/><E7/><V35/><F35/><W74/><G74/><T3/><D3/><U76/><E76/><V10/><F10/><W99/><G77/><T80/><D80/><U49/><E62/><V52/><F87/><W118/><G118/><T20/><D20/><U79/><E79/><V30/><F30/><W109/><G109/><T112/><D34/><U78/><E78/><V72/><F72/><W107/><G29/><T2/><D2/><U128/><E63/><V123/><F123/><W51/><G15/><T84/><D112/><U27/><E27/><V121/><F121/><W69/><G69/><T32/><D32/><U57/><REACH who="1" step="1"/><E128/><REACH who="1" ten="130,370,340,150" step="2"/><V65/><F42/><W134/><G134/><T55/><D124/><U33/><E33/><V119/><F119/><W8/><G6/><T68/><D68/><U31/><E31/><V86/><F81/><W103/><REACH who="3" step="1"/><G13/><REACH who="3" ten="130,370,340,140" step="2"/><T12/><D12/><U98/><E98/><AGARI ba="1,2" hai="4,5,55,56,60,84,88,90,94,95,98" m="41515" machi="98" ten="30,3900,0" yaku="14,1,52,1,54,1" doraHai="92" who="0" fromWho="1" sc="130,62,370,-42,340,0,140,0" /><INIT seed="2,0,0,2,5,50" ten="192,328,340,140" oya="2" hai0="131,29,122,83,15,107,92,32,115,101,38,121,77" hai1="48,24,58,102,54,110,79,16,90,68,61,10,45" hai2="88,135,80,86,49,28,7,69,51,66,96,132,41" hai3="23,17,126,78,114,42,14,125,36,72,46,128,62"/><V65/><F28/><W118/><G118/><T123/><D38/><U20/><E110/><V56/><F69/><W108/><G108/><T127/><D115/><U74/><E68/><V33/><F33/><W40/><G40/><T67/><D67/><U99/><E79/><V116/><F116/><W129/><G114/><T76/><D15/><U2/><E74/><V87/><F7/><W18/><G18/><T39/><D39/><U73/><E73/><V52/><F96/><W6/><G6/><T134/><D29/><U13/><E2/><V12/><F12/><W98/><G98/><T19/><D19/><U82/><E82/><V100/><F100/><W117/><G117/><T93/><D32/><U105/><E90/><V21/><F21/><W84/><G72/><T27/><D27/><U70/><E70/><V112/><F112/><W11/><G11/><T97/><D127/><N who="3" m="48649" /><G62/><T9/><D9/><U53/><REACH who="1" step="1"/><E10/><REACH who="1" ten="192,318,340,140" step="2"/><V26/><F135/><W106/><G106/><T35/><D134/><U85/><E85/><V94/><F132/><W5/><G5/><T4/><D4/><U60/><E60/><V104/><F104/><W34/><G34/><T89/><D35/><U75/><E75/><V30/><F87/><W59/><G84/><T119/><D107/><U31/><E31/><V8/><F8/><W120/><G78/><T111/><D76/><U71/><E71/><V25/><F80/><W64/><G120/><T47/><D121/><U63/><E63/><V22/><F26/><AGARI ba="0,1" hai="13,16,20,24,26,45,48,53,54,58,61,99,102,105" machi="26" ten="40,8000,1" yaku="1,1,52,2,54,1,53,1" doraHai="50" doraHaiUra="57" who="1" fromWho="2" sc="192,0,318,90,340,-80,140,0" /><INIT seed="3,0,0,5,4,135" ten="192,408,260,140" oya="3" hai0="125,24,12,65,84,57,28,127,92,39,11,23,114" hai1="51,13,4,2,81,115,80,38,42,76,67,16,122" hai2="78,45,43,134,30,44,74,52,72,120,26,21,95" hai3="55,79,91,129,131,37,17,32,126,54,31,25,83"/><W103/><G37/><T89/><D39/><U99/><E122/><V0/><F134/><W3/><G103/><T123/><D123/><U93/><E38/><V49/><F120/><W121/><G121/><T63/><REACH who="0" step="1"/><D114/><REACH who="0" ten="182,408,260,140" step="2"/><U71/><E115/><V36/><F0/><W75/><G3/><T119/><D119/><U133/><E2/><V27/><F78/><W113/><G113/><T102/><D102/><U20/><E76/><V41/><F41/><W5/><G91/><T85/><D85/><U111/><E133/><V18/><REACH who="2" step="1"/><F95/><REACH who="2" ten="182,408,250,140" step="2"/><W68/><G131/><T90/><D90/><U66/><E93/><V1/><F1/><W117/><G129/><T130/><D130/><U118/><E42/><V56/><F56/><W69/><G117/><T7/><AGARI ba="0,2" hai="7,11,12,23,24,28,57,63,65,84,89,92,125,127" machi="7" ten="30,8000,1" yaku="1,1,0,1,52,2,53,1" doraHai="135" doraHaiUra="22" who="0" fromWho="0" sc="182,100,408,-20,250,-20,140,-40" /><INIT seed="4,0,0,3,0,110" ten="282,388,230,100" oya="0" hai0="115,127,129,73,6,15,1,111,69,65,38,48,133" hai1="24,70,112,98,75,125,58,126,3,49,59,25,47" hai2="36,32,77,62,123,108,57,132,121,104,93,109,113" hai3="45,17,18,76,88,103,94,12,79,19,86,89,0"/><T122/><D48/><U101/><E112/><V23/><F32/><W80/><G0/><T2/><D15/><U9/><E75/><V40/><F104/><W27/><G103/><T105/><D6/><U55/><E70/><V128/><F77/><W63/><G27/><T50/><D50/><U107/><E9/><V85/><F85/><W99/><G12/><T72/><D65/><U34/><E3/><V91/><F91/><W46/><REACH who="3" step="1"/><G63/><REACH who="3" ten="282,388,230,90" step="2"/><T119/><D1/><U134/><E25/><V130/><F62/><W74/><G74/><T41/><D41/><U97/><E24/><V78/><F40/><W83/><G83/><T96/><D96/><U10/><E98/><V43/><F43/><W92/><G92/><T21/><D21/><U117/><E97/><V124/><F93/><W90/><G90/><T33/><AGARI ba="0,1" hai="2,33,38,69,72,73,105,111,115,119,122,127,129,133" machi="33" ten="0,48000,5" yakuman="47" doraHai="110" who="0" fromWho="0" sc="282,490,388,-160,230,-160,90,-160" owari="772,87.2,228,2.8,70,-33.0,-70,-57.0" /></mjloggm>