<mjloggm ver="2.3"><GO type="169" lobby="0"/><UN n0="%E3%81%82%E3%81%9F%E3%81%8B%E3%81%AA" n1="%E7%8A%AC%E5%B1%B1" n2="%E3%81%AE%E3%81%99%E3%81%AE%E3%81%99%E3%81%AE" n3="%E5%AD%A4%E7%8B%AC%E6%82%A3%E8%80%85" dan="17,16,16,16" rate="2173.95,2045.88,2101.31,2063.15" sx="M,M,M,F"/><TAIKYOKU oya="0"/><INIT seed="0,0,0,1,0,134" ten="250,250,250,250" oya="0" hai0="43,2,102,81,116,74,28,10,56,26,5,65,80" hai1="64,47,112,21,75,94,25,24,54,44,89,92,31" hai2="20,119,36,132,60,22,88,127,85,95,11,48,14" hai3="8,84,114,71,46,77,23,50,90,106,87,79,82"/><T86/><BYE who="3" /><D116/><U34/><E75/><V72/><F36/><W105/><G105/><T113/><D113/><U41/><E112/><V98/><F132/><W111/><G111/><T126/><D102/><UN n3="%E5%AD%A4%E7%8B%AC%E6%82%A3%E8%80%85" /><U109/><E64/><V120/><F120/><W125/><G106/><T122/><D122/><U63/><E109/><V30/><F72/><W67/><G114/><T62/><D74/><U107/><E107/><V27/><F127/><W129/><G129/><T110/><D110/><U100/><E100/><V19/><F119/><W66/><G71/><T15/><D126/><U97/><E94/><V99/><F60/><W91/><G8/><T33/><D43/><U115/><E41/><V6/><REACH who="2" step="1"/><F48/><REACH who="2" ten="250,250,240,250" step="2"/><W93/><G125/><T7/><D7/><U49/><E115/><V38/><F38/><W16/><G67/><T52/><D65/><U1/><E63/><V0/><AGARI ba="0,1" hai="0,6,11,14,19,20,22,27,30,85,88,95,98,99" machi="0" ten="20,5200,0" yaku="1,1,0,1,7,1,54,1,53,0" doraHai="134" doraHaiUra="128" who="2" fromWho="2" sc="250,-26,250,-13,240,62,250,-13" /><INIT seed="1,0,0,3,1,78" ten="224,237,302,237" oya="1" hai0="46,60,29,52,24,115,25,10,6,4,34,127,120" hai1="114,117,83,82,70,23,66,30,92,5,49,108,11" hai2="62,13,73,102,134,126,113,19,91,75,54,131,98" hai3="112,101,94,67,128,89,44,16,99,132,103,77,15"/><U116/><E70/><V31/><F134/><W20/><G112/><T97/><D115/><U88/><E114/><V110/><F110/><W40/><G132/><T87/><D127/><U93/><E108/><V81/><F113/><W56/><G128/><T123/><D97/><U59/><E117/><V33/><F131/><W68/><G68/><T64/><D25/><N who="1" m="16703" /><E93/><V118/><F118/><W18/><G77/><T53/><D87/><N who="1" m="52255" /><E116/><V17/><F126/><W22/><G56/><T124/><D124/><U9/><E5/><V32/><F19/><W8/><G67/><T51/><D4/><U104/><E104/><V107/><F31/><W57/><G57/><T42/><D120/><U74/><E74/><V79/><F75/><W7/><G18/><T65/><D123/><U37/><E37/><V135/><F135/><W71/><G22/><T86/><D86/><U48/><E48/><V58/><REACH who="2" step="1"/><F91/><REACH who="2" ten="224,237,292,237" step="2"/><W109/><G109/><T21/><D29/><U133/><E133/><V0/><F0/><W100/><G89/><T28/><D34/><U43/><E66/><V61/><F61/><W27/><REACH who="3" step="1"/><G71/><REACH who="3" ten="224,237,292,227" step="2"/><T106/><D64/><U130/><E130/><V105/><F105/><W45/><G45/><T55/><D106/><U39/><E59/><V80/><F80/><N who="1" m="30761" /><E39/><AGARI ba="0,2" hai="7,8,15,16,20,27,39,40,44,94,99,100,101,103" machi="39" ten="30,3900,0" yaku="1,1,7,1,54,1,53,0" doraHai="78" doraHaiUra="76" who="3" fromWho="1" sc="224,0,237,-39,292,0,227,59" /><INIT seed="2,0,0,0,5,118" ten="224,198,292,286" oya="2" hai0="48,100,75,108,47,22,42,107,131,28,132,121,27" hai1="43,124,73,94,129,35,113,112,25,101,40,11,0" hai2="134,44,110,10,128,26,30,52,41,50,96,45,49" hai3="106,68,80,85,33,2,13,76,66,86,16,93,6"/><V61/><F134/><W70/><G33/><T32/><D132/><U24/><E73/><V115/><F115/><W64/><G106/><T8/><D108/><U104/><E104/><V56/><F128/><W74/><G2/><T31/><D131/><U120/><E129/><V38/><F110/><W82/><G6/><T90/><D75/><U9/><E124/><V29/><F10/><W126/><G126/><T53/><D121/><U65/><E65/><V72/><F72/><W59/><G74/><T95/><D107/><U18/><E0/><V117/><F117/><W55/><G93/><T57/><D100/><U62/><E101/><V21/><F96/><W97/><G97/><N who="0" m="57591" /><D8/><U78/><E94/><V4/><F4/><W69/><G55/><T103/><D32/><U14/><E35/><V98/><F98/><W135/><G59/><T133/><D103/><U111/><E111/><V91/><F91/><W99/><G99/><T67/><D67/><U116/><E116/><V92/><F92/><W81/><G81/><T125/><D125/><U20/><E113/><V122/><F122/><W12/><G135/><T77/><D77/><U23/><E120/><V46/><F30/><W36/><G36/><T17/><D133/><U130/><E112/><V5/><F5/><W79/><G69/><T127/><D127/><U83/><E130/><V39/><F39/><W58/><G58/><T51/><AGARI ba="0,0" hai="17,22,27,28,31,42,47,48,51,53,57" m="57591" machi="51" ten="30,1100,0" yaku="8,1" doraHai="118" who="0" fromWho="0" sc="224,11,198,-3,292,-5,286,-3" /><INIT seed="3,0,0,4,1,84" ten="235,195,287,283" oya="3" hai0="23,64,56,76,131,46,129,17,0,119,14,115,54" hai1="7,69,132,125,34,70,126,85,89,59,29,12,77" hai2="41,40,42,82,1,65,96,113,57,111,105,27,98" hai3="103,62,33,67,58,104,120,24,130,80,117,53,47"/><W74/><G74/><T90/><BYE who="3" /><D119/><U4/><E132/><V75/><F113/><W5/><G5/><N who="1" m="2122" /><E77/><V44/><F1/><W134/><G134/><T108/><D108/><U15/><E59/><V51/><F111/><W93/><G93/><T109/><D109/><U43/><E43/><V19/><F75/><W20/><G20/><T78/><D0/><U94/><E29/><V124/><F124/><N who="1" m="47721" /><E34/><V91/><F42/><W79/><G79/><T133/><D133/><U83/><E83/><V127/><F40/><W66/><G66/><T9/><D115/><U18/><E15/><V3/><F3/><W25/><G25/><T30/><D78/><U45/><E45/><V39/><F127/><W22/><G22/><AGARI ba="0,0" hai="12,18,22,69,70,85,89,94" m="47721,2122" machi="22" ten="30,2000,0" yaku="18,1,52,1" doraHai="84" who="1" fromWho="3" sc="235,0,195,20,287,0,283,-20" /><INIT seed="4,0,0,3,5,121" ten="235,215,287,263" oya="0" hai0="19,94,6,61,88,83,23,1,20,51,0,82,91" hai1="114,71,7,133,33,36,79,77,129,84,4,135,134" hai2="125,64,37,103,42,115,128,86,132,39,67,54,14" hai3="35,68,106,30,80,57,110,53,59,24,117,118,131"/><T98/><D6/><N who="1" m="2091" /><E71/><V11/><F132/><W78/><G78/><N who="1" m="29706" /><E33/><V62/><F128/><W63/><G63/><T111/><D111/><U126/><E129/><V45/><F125/><W90/><G90/><T73/><D73/><U34/><E34/><V50/><F115/><W116/><G116/><T107/><D107/><U29/><E29/><V38/><F103/><W41/><G41/><T100/><D1/><U17/><E36/><V85/><F67/><W2/><G2/><T46/><D61/><UN n3="%E5%AD%A4%E7%8B%AC%E6%82%A3%E8%80%85" /><U13/><E84/><V109/><F86/><W43/><G43/><N who="0" m="25055" /><D0/><U122/><E122/><V108/><F85/><W96/><G68/><T123/><D123/><U12/><E114/><V5/><REACH who="2" step="1"/><F42/><REACH who="2" ten="235,215,277,263" step="2"/><W119/><G131/><T81/><D23/><U21/><E126/><V99/><F99/><W44/><G96/><T25/><AGARI ba="0,1" hai="19,20,25,81,82,83,88,91,94,98,100" m="25055" machi="25" ten="30,3000,0" yaku="8,1,54,1" doraHai="121" who="0" fromWho="0" sc="235,40,215,-10,277,-10,263,-10" /><INIT seed="4,1,0,3,5,111" ten="275,205,267,253" oya="0" hai0="107,134,33,28,120,87,99,90,95,17,110,7,118" hai1="93,105,125,102,62,16,115,77,98,69,49,131,64" hai2="84,0,119,103,21,109,24,61,19,48,63,86,135" hai3="129,38,108,68,92,41,66,112,70,45,81,9,43"/><T30/><D118/><U113/><E131/><V122/><F122/><W117/><G117/><T47/><D120/><U100/><E125/><V11/><F119/><W72/><G108/><T76/><D110/><U14/><E77/><V31/><F109/><W78/><G129/><T67/><D134/><U12/><E49/><V44/><F135/><W52/><G43/><T1/><D33/><U35/><E35/><V130/><F130/><W4/><G66/><T85/><D1/><U40/><E40/><V121/><F121/><W27/><G112/><N who="1" m="43082" /><E14/><V104/><F0/><N who="3" m="135" /><G92/><T26/><D76/><U128/><E128/><V91/><F104/><W2/><G2/><T126/><D95/><U50/><E50/><V127/><F48/><N who="3" m="28687" /><G27/><T58/><D126/><U79/><E79/><V74/><F24/><W34/><G34/><T18/><D26/><U23/><E105/><V53/><F127/><W96/><G96/><T123/><D99/><U22/><E22/><V56/><F21/><W8/><G8/><T55/><D107/><U54/><E54/><V13/><F53/><W133/><G133/><T36/><D55/><U114/><N who="1" m="43090" /><U39/><DORA hai="106" /><E39/><V116/><F11/><W46/><AGARI ba="1,0" hai="38,41,46,68,70,72,78,81" m="28687,135" machi="46" ten="30,4000,0" yaku="25,1,52,1,54,1" doraHai="111,106" who="3" fromWho="3" sc="275,-21,205,-11,267,-11,253,43" /><INIT seed="5,0,0,3,5,101" ten="254,194,256,296" oya="1" hai0="56,32,89,110,58,59,64,95,129,109,125,36,80" hai1="57,51,39,99,75,91,26,120,24,44,76,46,23" hai2="35,131,27,60,114,31,52,100,34,107,30,79,12" hai3="132,71,130,55,38,134,90,123,117,4,133,54,15"/><U11/><E120/><V127/><F131/><W13/><G123/><T94/><D129/><U70/><E70/><V118/><F118/><W68/><G38/><T6/><D36/><U106/><E11/><V33/><F127/><W93/><G130/><T17/><D125/><U102/><E26/><V119/><F119/><W111/><G111/><T18/><D32/><U10/><E10/><V1/><F1/><W42/><G42/><T61/><D6/><U29/><E39/><V63/><F114/><W45/><G117/><T77/><D109/><U108/><E108/><V67/><F79/><W7/><G45/><T82/><D95/><U87/><E57/><V128/><F12/><N who="3" m="4683" /><G7/><T22/><D110/><U16/><E29/><V2/><F2/><W41/><G41/><T9/><D9/><U103/><E103/><V5/><F5/><W72/><G72/><T0/><D0/><U25/><E25/><V20/><F128/><W3/><G4/><T122/><D122/><U121/><E121/><V43/><F43/><W115/><G115/><T116/><D116/><U74/><E51/><V105/><F31/><W135/><G3/><T97/><D77/><U21/><E21/><V92/><F20/><W124/><G124/><T37/><D37/><U53/><E53/><N who="3" m="19978" /><G135/><T85/><D22/><U65/><E65/><V66/><F35/><W50/><G50/><T19/><D82/><N who="1" m="45335" /><E75/><V73/><F73/><W40/><G40/><T98/><D80/><U49/><E49/><V112/><F34/><W104/><G104/><T69/><AGARI ba="0,0" hai="17,18,19,56,58,59,61,64,69,85,89,94,97,98" machi="69" ten="30,1100,0" yaku="0,1" doraHai="101" who="0" fromWho="0" sc="254,11,194,-5,256,-3,296,-3" /><INIT seed="6,0,0,5,4,76" ten="265,189,253,293" oya="2" hai0="40,114,38,89,119,65,122,19,0,55,5,120,98" hai1="8,28,87,123,66,81,10,45,113,79,74,33,14" hai2="6,107,94,110,13,51,109,4,46,121,26,70,80" hai3="71,48,58,75,127,37,99,52,18,85,43,82,1"/><V83/><F121/><W11/><G71/><T59/><D0/><U47/><E123/><V31/><F107/><W17/><G127/><T133/><D5/><U25/><E113/><V125/><F70/><W41/><G75/><T7/><D7/><U90/><E66/><V135/><F125/><W68/><G68/><T16/><D114/><U88/><E90/><V105/><F105/><W106/><G1/><T93/><D65/><U44/><REACH who="1" step="1"/><E14/><REACH who="1" ten="265,179,253,293" step="2"/><V100/><F13/><W112/><G112/><T57/><D120/><U108/><E108/><V78/><F110/><W12/><G12/><T97/><D122/><U92/><AGARI ba="0,1" hai="8,10,25,28,33,44,45,47,74,79,81,87,88,92" machi="92" ten="30,8000,1" yaku="1,1,0,1,52,1,54,1,53,1" doraHai="76" doraHaiUra="86" who="1" fromWho="1" sc="265,-20,179,90,253,-40,293,-20" /><INIT seed="7,0,0,5,3,107" ten="245,269,213,273" oya="3" hai0="96,128,17,134,106,48,15,34,47,126,72,36,27" hai1="12,121,82,87,50,54,5,91,98,38,44,2,103" hai2="116,129,29,112,20,100,31,120,117,68,22,135,42" hai3="28,132,110,123,80,39,62,64,4,79,102,97,111"/><W33/><G123/><T0/><D0/><U40/><E121/><V67/><F120/><W46/><G4/><T99/><D36/><U93/><E2/><V92/><F42/><N who="3" m="22879" /><G132/><T69/><D69/><U84/><E5/><V125/><F135/><W88/><G28/><T26/><D126/><U45/><E12/><V7/><F7/><W43/><G43/><T76/><D128/><U57/><E84/><V16/><F125/><W49/><G49/><T60/><D60/><U114/><E114/><V53/><F129/><W119/><G33/><T56/><D56/><U77/><REACH who="1" step="1"/><E45/><REACH who="1" ten="245,259,213,273" step="2"/><V59/><F112/><W1/><G1/><T89/><D15/><U6/><E6/><V118/><F118/><W104/><G119/><T115/><D47/><U75/><E75/><V61/><F117/><W8/><G111/><T18/><D72/><U23/><E23/><V85/><F116/><W19/><G110/><T41/><D115/><U14/><E14/><V73/><F73/><W32/><G32/><T11/><D34/><U78/><AGARI ba="0,1" hai="38,40,44,50,54,57,77,78,82,87,91,93,98,103" machi="78" ten="30,4000,0" yaku="1,1,0,1,53,1" doraHai="107" doraHaiUra="90" who="1" fromWho="1" sc="245,-10,259,50,213,-10,273,-20" owari="235,-16.5,309,40.9,203,-29.7,253,5.3" /></mjloggm>