<mjloggm ver="2.3"><GO type="169" lobby="0"/><UN n0="%E2%98%86%41%64%72%69%61%6E" n1="%E7%95%B3%E9%87%8E" n2="%E6%84%9B%E3%81%AF%E6%AD%A3%E7%BE%A9" n3="%43%72%37" dan="16,16,16,17" rate="2195.57,2181.87,2066.49,2195.33" sx="M,F,F,M"/><TAIKYOKU oya="0"/><INIT seed="0,0,0,2,2,48" ten="250,250,250,250" oya="0" hai0="41,135,81,35,65,88,121,42,49,43,10,0,25" hai1="128,46,89,67,1,45,112,87,38,62,61,39,54" hai2="58,63,15,21,116,20,91,85,16,71,12,9,56" hai3="99,57,78,68,83,47,77,92,23,8,70,53,133"/><T96/><D121/><U117/><E1/><V103/><F116/><W5/><G47/><T118/><D118/><U26/><E117/><V28/><F103/><W59/><G57/><T124/><D135/><U113/><E26/><V29/><F71/><W115/><G23/><T127/><D65/><U126/><E89/><V64/><F58/><W30/><G30/><N who="0" m="19919" /><D0/><U75/><E75/><V82/><REACH who="2" step="1"/><F21/><REACH who="2" ten="250,250,240,250" step="2"/><W2/><G133/><T7/><D127/><U76/><E126/><V94/><F94/><W72/><G115/><T55/><D124/><U79/><E112/><V90/><F90/><W100/><REACH who="3" step="1"/><G77/><REACH who="3" ten="250,250,240,240" step="2"/><T119/><D119/><U105/><E79/><V36/><F36/><W51/><AGARI ba="0,2" hai="2,5,8,51,53,59,68,70,72,78,83,92,99,100" machi="51" ten="20,8000,1" yaku="1,1,2,1,0,1,7,1,52,1,53,0" doraHai="48" doraHaiUra="134" who="3" fromWho="3" sc="250,-40,250,-20,240,-20,240,100" /><INIT seed="1,0,0,3,5,57" ten="210,230,220,340" oya="1" hai0="25,86,63,5,16,110,131,3,19,132,33,43,21" hai1="1,96,101,2,36,91,54,58,88,111,29,53,65" hai2="61,82,11,23,108,69,24,81,70,78,14,135,74" hai3="97,99,39,28,75,109,34,13,112,48,41,107,8"/><U133/><E36/><V125/><F135/><W31/><G112/><T77/><D132/><U122/><E122/><V117/><F117/><W26/><G75/><T44/><D131/><U76/><E133/><V4/><F125/><W79/><G39/><T118/><D110/><U20/><E76/><V121/><F121/><W60/><G107/><T128/><D128/><U73/><E73/><V105/><F105/><W52/><G79/><T114/><D114/><U32/><E32/><V59/><F82/><W27/><G41/><T92/><D33/><U18/><E29/><V119/><F119/><W62/><G97/><T17/><D118/><U84/><E111/><V71/><F108/><W49/><G99/><T6/><D63/><N who="3" m="24105" /><G34/><T100/><D3/><U120/><E120/><V56/><F56/><N who="3" m="32775" /><G49/><N who="0" m="26783" /><D100/><U103/><E1/><V93/><F71/><W68/><G68/><T116/><D116/><U64/><E2/><V94/><F70/><W89/><G89/><N who="0" m="53303" /><D77/><U126/><E96/><V50/><F69/><W98/><G98/><T30/><AGARI ba="0,0" hai="5,6,16,17,19,21,25,30" m="53303,26783" machi="30" ten="30,2000,0" yaku="8,1,54,1" doraHai="57" who="0" fromWho="0" sc="210,20,230,-10,220,-5,340,-5" /><INIT seed="2,0,0,5,0,73" ten="230,220,215,335" oya="2" hai0="77,117,80,25,75,10,67,87,51,121,101,91,76" hai1="34,57,115,74,123,126,135,89,43,120,93,134,11" hai2="129,99,70,48,127,109,105,38,98,106,1,12,49" hai3="97,39,8,42,45,102,69,0,114,59,113,94,100"/><V92/><F1/><W24/><G69/><T122/><D67/><U111/><E34/><V6/><F38/><W107/><G24/><T14/><D117/><U46/><E115/><N who="3" m="44042" /><G59/><T118/><D118/><U95/><E74/><V83/><F70/><W116/><G116/><T65/><D65/><U104/><E104/><V2/><F2/><W85/><G85/><T35/><D101/><U60/><E11/><V56/><F129/><W72/><G72/><T103/><D103/><U44/><E95/><V18/><F6/><N who="3" m="1095" /><G100/><T66/><D66/><U23/><E46/><V119/><F119/><W110/><G110/><T131/><D131/><U3/><E111/><V21/><F109/><W90/><G90/><T19/><D75/><U27/><E57/><V132/><F56/><W33/><G33/><T17/><D35/><U82/><E60/><V71/><F71/><W36/><G94/><T52/><D122/><N who="1" m="46635" /><E82/><V84/><F106/><W96/><G97/><T5/><D121/><U30/><E3/><V88/><F105/><W61/><G61/><T16/><D25/><U125/><E89/><N who="2" m="51359" /><F99/><W15/><G15/><T32/><D32/><U55/><E93/><V4/><F4/><W47/><G47/><AGARI ba="0,0" hai="5,10,14,16,17,19,47,51,52,76,77,80,87,91" machi="47" ten="40,8000,1" yaku="8,1,52,2,54,2" doraHai="73" who="0" fromWho="3" sc="230,80,220,0,215,0,335,-80" /><INIT seed="3,0,0,5,1,135" ten="310,220,215,255" oya="3" hai0="98,76,14,72,78,110,53,5,101,62,35,50,122" hai1="28,46,95,71,27,19,104,51,100,49,115,77,125" hai2="61,24,15,131,11,120,45,10,92,134,97,99,58" hai3="16,30,21,108,73,86,91,43,93,57,56,79,52"/><W85/><G108/><T54/><D35/><U64/><E115/><V40/><F134/><W66/><G43/><T105/><D122/><U22/><E104/><V112/><F112/><W67/><G30/><T88/><D110/><U126/><E77/><V41/><F120/><W121/><G57/><N who="0" m="35119" /><D101/><U32/><E64/><V74/><F74/><W39/><G39/><T133/><D105/><U6/><E6/><V69/><F69/><W128/><G73/><T107/><D107/><U31/><E71/><V4/><F131/><W109/><G128/><T60/><D60/><U34/><E31/><V8/><F99/><W26/><G109/><T42/><D42/><U33/><E28/><V36/><F24/><W7/><G7/><T94/><D72/><U63/><E63/><V83/><F41/><W3/><G3/><T80/><D80/><U119/><E119/><V9/><F83/><N who="3" m="47359" /><G121/><T0/><D0/><U18/><E18/><V82/><F82/><W87/><G86/><T96/><D96/><N who="1" m="59423" /><E46/><V55/><F8/><W117/><G117/><T25/><D133/><U29/><E29/><V116/><F116/><W127/><G127/><AGARI ba="0,0" hai="19,22,27,32,33,34,49,51,125,126,127" m="59423" machi="127" ten="40,8000,1" yaku="18,1,52,3" doraHai="135" who="1" fromWho="3" sc="310,0,220,80,215,0,255,-80" /><INIT seed="4,0,0,0,0,8" ten="310,300,215,175" oya="0" hai0="11,124,34,87,120,116,40,129,95,128,61,112,28" hai1="64,44,130,23,36,46,132,48,7,88,70,56,53" hai2="103,94,134,115,41,119,12,75,58,110,57,111,65" hai3="26,60,55,13,32,74,91,2,27,101,131,35,118"/><T104/><D104/><U67/><E7/><V125/><F75/><W122/><G74/><T89/><D120/><U133/><E23/><V43/><F94/><W47/><G118/><T54/><D116/><U30/><E30/><V109/><F103/><W81/><G2/><T69/><D40/><N who="2" m="15434" /><F119/><W76/><G122/><T126/><D11/><U63/><E88/><V114/><F12/><W135/><G101/><T1/><D1/><U5/><E5/><V92/><F92/><W50/><G91/><T96/><D96/><U123/><E123/><V80/><F80/><W51/><G60/><T121/><D121/><U90/><E90/><V24/><F24/><W83/><G47/><N who="1" m="17962" /><E36/><V45/><F134/><N who="1" m="51817" /><E67/><V105/><F105/><W108/><G135/><T84/><D28/><U0/><E0/><V49/><F65/><W127/><G76/><T77/><D34/><U98/><E98/><V20/><F20/><W52/><G13/><T59/><D77/><U31/><E31/><V85/><F125/><W29/><G29/><T37/><D124/><U10/><E10/><V107/><F107/><W79/><G79/><T4/><D126/><U19/><E19/><V17/><F17/><W71/><G127/><T15/><D89/><U38/><E38/><V100/><F100/><W18/><G18/><T117/><D37/><U42/><E42/><N who="2" m="24759" /><F85/><W14/><G14/><T9/><D87/><U106/><E106/><V78/><F78/><W21/><G21/><T97/><D84/><U6/><E6/><V99/><F99/><W39/><G32/><T3/><D97/><U16/><E16/><RYUUKYOKU ba="0,0" sc="310,-15,300,15,215,15,175,-15" hai1="48,53,56,63,64,70,130" hai2="57,58,109,110,111,114,115" /><INIT seed="5,1,0,3,1,135" ten="295,315,230,160" oya="1" hai0="58,131,114,130,12,9,13,29,101,17,23,103,97" hai1="35,87,84,57,68,120,102,73,92,105,36,67,109" hai2="18,66,10,1,82,133,95,11,21,128,61,3,51" hai3="42,124,8,34,77,53,69,76,63,15,93,60,45"/><U7/><E57/><V85/><F133/><W49/><G34/><T14/><D114/><U19/><E19/><V96/><F51/><W39/><G124/><T55/><D29/><U94/><E7/><V50/><F50/><W107/><G107/><T40/><D40/><U65/><E65/><V89/><F128/><N who="0" m="49194" /><D97/><N who="1" m="61647" /><E67/><V110/><F110/><W111/><G111/><T112/><D112/><U43/><E68/><V28/><F28/><W37/><G93/><N who="1" m="35946" /><E36/><N who="3" m="13898" /><G77/><T30/><D30/><U98/><E43/><V20/><F3/><W91/><G76/><T108/><D108/><U4/><E4/><V132/><F132/><W118/><G91/><T121/><D121/><U47/><E35/><V72/><F1/><W44/><G8/><T75/><D9/><U79/><E47/><V119/><F11/><W27/><G15/><T126/><D13/><U26/><E26/><V104/><F10/><W32/><G27/><T2/><D12/><U129/><E109/><V33/><F33/><W71/><G32/><T70/><D70/><N who="3" m="26633" /><G118/><T134/><D134/><U88/><E129/><V6/><F6/><W74/><G74/><T116/><D75/><U83/><E120/><V0/><F0/><W125/><G125/><T56/><D126/><U78/><E78/><N who="2" m="44359" /><F119/><W62/><G44/><T113/><D116/><U106/><E88/><V54/><F18/><W117/><G117/><T115/><D2/><U22/><E22/><V52/><F21/><W5/><G5/><T48/><D58/><AGARI ba="1,0" hai="42,45,49,53,58,60,62,63" m="26633,13898" machi="58" ten="30,8000,1" yaku="35,5" doraHai="135" who="3" fromWho="0" sc="295,-83,315,0,230,0,160,83" /><INIT seed="6,0,0,1,4,126" ten="212,315,230,243" oya="2" hai0="21,88,83,39,59,100,42,52,130,104,119,96,78" hai1="65,75,51,122,22,23,20,90,106,37,71,67,2" hai2="111,125,63,81,92,116,47,117,128,123,40,93,97" hai3="38,7,13,26,49,112,94,15,30,61,70,120,50"/><V95/><F123/><W16/><G120/><T3/><D3/><U33/><E33/><V113/><F125/><W8/><G38/><T110/><D110/><U43/><E37/><V4/><F111/><W9/><G112/><T79/><D119/><U73/><E106/><V74/><F113/><W132/><G132/><T19/><D130/><U76/><E2/><V69/><F128/><W28/><G28/><T105/><D105/><U48/><E71/><V11/><F97/><W34/><REACH who="3" step="1"/><G94/><REACH who="3" ten="212,315,230,233" step="2"/><T99/><D39/><U54/><E122/><V29/><F29/><W101/><G101/><T87/><D99/><U41/><E41/><V131/><F40/><W72/><G72/><T25/><REACH who="0" step="1"/><D42/><REACH who="0" ten="202,315,230,233" step="2"/><U85/><E43/><V24/><F116/><W31/><G31/><T121/><D121/><U89/><E73/><V127/><F74/><W114/><G114/><T118/><D118/><U129/><E75/><V66/><F117/><W6/><G6/><T60/><AGARI ba="0,2" hai="19,21,25,52,59,60,78,79,83,87,88,96,100,104" machi="60" ten="20,8000,1" yaku="1,1,0,1,7,1,54,2,53,0" doraHai="126" doraHaiUra="5" who="0" fromWho="0" sc="202,100,315,-20,230,-40,233,-20" /><INIT seed="7,0,0,4,2,104" ten="302,295,190,213" oya="3" hai0="125,18,46,127,91,47,130,51,124,80,88,123,54" hai1="118,1,19,2,20,23,66,41,55,121,72,77,61" hai2="58,57,74,30,26,105,110,38,94,39,75,68,37" hai3="7,78,15,71,25,83,134,111,36,128,62,59,8"/><W113/><G113/><T14/><D123/><U17/><E121/><V117/><F110/><W86/><G111/><T81/><D130/><U112/><E112/><V107/><F117/><W84/><G128/><T95/><D47/><U119/><E41/><V69/><F94/><W21/><G36/><T79/><D79/><U50/><E72/><N who="2" m="27691" /><F26/><W16/><G134/><T109/><D109/><U76/><E50/><V90/><F90/><N who="0" m="34346" /><D95/><U0/><E55/><V103/><F103/><W45/><G45/><T56/><D46/><U99/><E99/><V96/><F30/><W42/><G71/><N who="2" m="27209" /><F96/><W12/><G42/><T93/><D93/><U116/><E20/><AGARI ba="0,0" hai="14,18,20,51,54,56,80,81,124,125,127" m="34346" machi="20" ten="30,2000,0" yaku="18,1,54,1" doraHai="104" who="0" fromWho="1" sc="302,20,295,-20,190,0,213,0" owari="322,42.2,275,7.5,190,-31.0,213,-18.7" /></mjloggm>