<mjloggm ver="2.3"><GO type="169" lobby="0"/><UN n0="%E3%83%8E%E3%82%AA%E3%83%81%E3%83%A3%E3%83%99%E3%82%B9" n1="%E3%81%98%E3%82%93%31%33" n2="%65%76%61%63%61%6E%69%61" n3="%48%4F%4D%4F%E5%A5%B3" dan="16,17,16,16" rate="2153.77,2254.28,2184.84,2056.23" sx="M,M,M,M"/><TAIKYOKU oya="0"/><INIT seed="0,0,0,0,1,73" ten="250,250,250,250" oya="0" hai0="15,133,134,97,51,82,7,135,78,32,26,43,40" hai1="30,20,17,23,45,98,126,57,42,128,85,70,131" hai2="113,9,102,92,4,120,122,124,44,38,46,48,75" hai3="54,41,96,95,3,103,8,123,127,71,114,87,84"/><T65/><D65/><U67/><E70/><V50/><F113/><W111/><G114/><T108/><D108/><U55/><E67/><V132/><F124/><W36/><G111/><T10/><D97/><U13/><E126/><V53/><F132/><W106/><G123/><T88/><D51/><U12/><E98/><V109/><F38/><W24/><G127/><T107/><D107/><U11/><E85/><V117/><F109/><W116/><G116/><T0/><D0/><U118/><E118/><V77/><F117/><W22/><G71/><T68/><D68/><U86/><E86/><V89/><F102/><W74/><G74/><T100/><D100/><U31/><E31/><V93/><F75/><W121/><G121/><T25/><D88/><U2/><E2/><V101/><F77/><W37/><G54/><T29/><REACH who="0" step="1"/><D26/><REACH who="0" ten="240,250,250,250" step="2"/><U33/><E128/><V18/><F101/><W66/><G106/><T59/><D59/><U39/><E131/><V119/><F119/><W76/><G96/><T21/><D21/><U112/><E112/><V115/><F115/><W94/><G22/><T1/><D1/><U81/><E23/><V72/><F89/><W64/><G24/><T60/><D60/><U104/><E104/><V79/><F93/><W34/><G3/><T5/><D5/><U130/><E130/><V27/><F4/><W99/><G95/><T91/><D91/><U105/><E105/><V47/><F92/><W6/><G94/><T28/><D28/><U63/><E30/><V16/><F120/><W56/><G99/><T61/><D61/><U35/><E81/><RYUUKYOKU ba="0,1" sc="240,15,250,15,250,-15,250,-15" hai0="7,10,15,25,29,32,40,43,78,82,133,134,135" hai1="11,12,13,17,20,33,35,39,42,45,55,57,63" /><INIT seed="0,1,1,1,4,47" ten="255,265,235,235" oya="0" hai0="110,7,104,100,87,107,80,127,133,38,123,70,21" hai1="66,108,98,75,102,32,67,130,40,25,83,84,42" hai2="11,118,114,5,57,69,46,27,52,63,31,81,12" hai3="88,2,122,86,14,117,92,74,82,41,64,95,59"/><T23/><D123/><U135/><E75/><V68/><F114/><W121/><G2/><T16/><D38/><U90/><E108/><V116/><F81/><W30/><G117/><N who="2" m="45161" /><F46/><W55/><G41/><T112/><D70/><U13/><E130/><V49/><F63/><W89/><G30/><T44/><D112/><U6/><E135/><V111/><F111/><W48/><G74/><T8/><D133/><U76/><E76/><V58/><F58/><W105/><G105/><T50/><D110/><U43/><E32/><AGARI ba="1,1" hai="5,11,12,27,31,32,49,52,57,68,69" m="45161" machi="32" ten="30,3900,0" yaku="12,1,52,1,54,1" doraHai="47" who="2" fromWho="1" sc="255,0,265,-42,235,52,235,0" /><INIT seed="1,0,0,2,0,61" ten="255,223,287,235" oya="1" hai0="20,50,79,104,3,59,109,94,103,95,64,128,28" hai1="91,126,116,131,36,38,107,30,83,37,33,52,23" hai2="124,82,105,62,114,27,13,68,8,34,22,110,130" hai3="26,24,54,25,100,87,119,122,97,134,65,85,67"/><U29/><E116/><V75/><F105/><W93/><G122/><T121/><D3/><U113/><E33/><V44/><F110/><W11/><G134/><T17/><D109/><U48/><E107/><V4/><F124/><W118/><G11/><T14/><D121/><U19/><E113/><V78/><F130/><W41/><G41/><T77/><D104/><U70/><E70/><V132/><F132/><W49/><G118/><T9/><D128/><U46/><E126/><V35/><F114/><W133/><G133/><T16/><D28/><U69/><E69/><V102/><F102/><W42/><G42/><T108/><D108/><U55/><E55/><V63/><F44/><N who="3" m="27943" /><G119/><T31/><D31/><U7/><E7/><V127/><F127/><W111/><G111/><T53/><D64/><AGARI ba="0,0" hai="24,25,26,64,65,67,85,87,93,97,100" m="27943" machi="64" ten="30,7700,0" yaku="8,1,52,3" doraHai="61" who="3" fromWho="0" sc="255,-77,223,0,287,0,235,77" /><INIT seed="2,0,0,4,5,116" ten="178,223,287,312" oya="2" hai0="49,31,71,22,56,96,47,42,72,109,79,70,24" hai1="45,53,106,39,2,5,101,13,40,111,134,131,38" hai2="130,78,118,61,87,30,67,26,15,124,102,3,1" hai3="133,11,34,89,33,62,51,112,73,41,103,115,117"/><V107/><F118/><W29/><G117/><T63/><D109/><U110/><E2/><V123/><F123/><W126/><G133/><T100/><D72/><U91/><E101/><V4/><F124/><W17/><G126/><T0/><D0/><U59/><E106/><V46/><F130/><W122/><G122/><T135/><D79/><U75/><E75/><V32/><F46/><W57/><G73/><T77/><D77/><U125/><E125/><V21/><F78/><W7/><G103/><T64/><REACH who="0" step="1"/><D135/><REACH who="0" ten="168,223,287,312" step="2"/><U98/><E134/><V82/><F1/><W86/><G112/><T23/><D23/><U44/><E110/><V80/><F21/><W8/><G115/><T121/><D121/><U48/><E111/><V16/><F3/><W43/><G33/><T55/><D55/><U50/><E131/><V6/><F32/><W68/><G34/><T84/><D84/><U129/><E129/><V25/><F87/><W113/><G86/><T95/><AGARI ba="0,1" hai="22,24,31,42,47,49,56,63,64,70,71,95,96,100" machi="95" ten="20,8000,1" yaku="1,1,0,1,7,1,25,2,53,0" doraHai="116" doraHaiUra="132" who="0" fromWho="0" sc="168,90,223,-20,287,-40,312,-20" /><INIT seed="3,0,0,4,2,88" ten="258,203,247,292" oya="3" hai0="64,27,60,84,107,82,32,134,11,42,135,67,0" hai1="35,119,23,20,45,10,46,17,15,6,19,44,70" hai2="47,96,122,69,98,91,22,8,13,43,124,1,129" hai3="59,31,125,131,99,93,74,110,34,9,5,109,18"/><W101/><G125/><T66/><D107/><U105/><E105/><V65/><F1/><W127/><G127/><T77/><D42/><U100/><E100/><V73/><F73/><W3/><G131/><T71/><D71/><U72/><E70/><V7/><F124/><W80/><G59/><T90/><D60/><U38/><E72/><V118/><F118/><W39/><G18/><T89/><D0/><U108/><E108/><N who="3" m="41578" /><G39/><T33/><D11/><U53/><E35/><V81/><F129/><W51/><G51/><T62/><D62/><U12/><E119/><V50/><F122/><W97/><G97/><T94/><D90/><U16/><E38/><V126/><F126/><W40/><G40/><T114/><D114/><U85/><E85/><V106/><F69/><W25/><G80/><T26/><D33/><U58/><REACH who="1" step="1"/><E20/><REACH who="1" ten="258,193,247,292" step="2"/><V52/><F22/><N who="3" m="15799" /><G74/><T75/><D32/><AGARI ba="0,1" hai="3,5,9,32,34,93,99,101" m="15799,41578" machi="32" ten="30,5800,0" yaku="14,1,10,1,52,1" doraHai="88" who="3" fromWho="0" sc="258,-58,193,0,247,0,292,68" /><INIT seed="3,1,0,2,5,2" ten="200,193,247,360" oya="3" hai0="7,18,99,31,91,57,67,123,22,82,60,135,68" hai1="104,76,115,118,27,87,93,71,35,117,96,29,16" hai2="19,107,130,44,10,85,13,121,56,15,51,102,33" hai3="50,23,112,38,54,6,97,90,132,66,72,62,49"/><W74/><G112/><T79/><D135/><U133/><E115/><V101/><F130/><W113/><G113/><T108/><D123/><U119/><E133/><V73/><F73/><W75/><G38/><T20/><D108/><U45/><E71/><V126/><F33/><W11/><G132/><T41/><D41/><U40/><E104/><V8/><F126/><W42/><G42/><T80/><D68/><U83/><E16/><V70/><F70/><W125/><G125/><T65/><D65/><U106/><E106/><V120/><F56/><W9/><G23/><T55/><D67/><U1/><E1/><V46/><F85/><W124/><G124/><T100/><D31/><U61/><E61/><V84/><F84/><W131/><G131/><T30/><D30/><U28/><E28/><V77/><F77/><W92/><G11/><T95/><D22/><U58/><E58/><V111/><F111/><W12/><REACH who="3" step="1"/><G54/><REACH who="3" ten="200,193,247,350" step="2"/><T47/><D55/><U78/><E40/><V48/><F107/><W109/><G109/><T59/><D20/><U4/><E117/><V103/><F121/><W3/><G3/><T43/><D43/><U98/><E118/><V36/><F36/><W14/><G14/><T122/><D122/><U116/><E119/><V114/><F120/><W88/><G88/><T24/><D91/><N who="1" m="51711" /><E116/><V86/><F114/><W5/><G5/><T128/><D7/><U129/><E129/><V0/><F0/><W110/><G110/><T39/><D128/><U81/><E4/><V105/><F105/><W37/><G37/><T64/><D39/><U134/><E134/><RYUUKYOKU ba="1,1" sc="200,-10,193,-10,247,-10,350,30" hai3="6,9,12,49,50,62,66,72,74,75,90,92,97" /><INIT seed="3,2,1,4,3,95" ten="190,183,237,380" oya="3" hai0="13,116,49,87,47,121,114,37,52,6,44,39,130" hai1="30,57,41,91,3,128,85,36,40,18,35,108,34" hai2="119,31,97,132,42,46,96,9,110,12,92,55,98" hai3="86,38,17,32,25,56,123,82,84,2,122,62,99"/><W51/><G2/><T64/><D116/><U16/><E3/><V66/><F119/><W61/><G38/><T8/><D121/><U79/><E108/><V81/><F110/><W21/><G32/><T109/><D109/><U74/><E128/><V89/><F132/><W133/><G133/><T80/><D130/><U117/><E117/><V111/><F111/><W69/><G69/><T129/><D129/><U54/><E79/><V19/><F66/><W67/><G62/><T127/><D114/><U45/><E41/><V43/><F31/><W71/><G84/><T7/><D127/><U60/><E74/><V26/><F26/><W77/><G71/><T76/><D64/><U100/><E100/><V113/><F81/><W78/><G78/><T120/><D120/><U131/><E131/><V68/><F68/><W102/><REACH who="3" step="1"/><G51/><REACH who="3" ten="190,183,237,370" step="2"/><T118/><D118/><U58/><E35/><V124/><F113/><W125/><G125/><T15/><D39/><U59/><E34/><V24/><F124/><W53/><G53/><T126/><D126/><U5/><E54/><V20/><F55/><W135/><G135/><T63/><D63/><U88/><E60/><V23/><F43/><W29/><G29/><T73/><D73/><U93/><E30/><N who="2" m="17671" /><F23/><W106/><AGARI ba="2,2" hai="17,21,25,56,61,67,77,82,86,99,102,106,122,123" machi="106" ten="20,7800,0" yaku="1,1,0,1,7,1,52,1,53,0" doraHai="95" doraHaiUra="50" who="3" fromWho="3" sc="190,-28,183,-28,237,-28,370,104" /><INIT seed="3,3,0,3,1,26" ten="162,155,209,474" oya="3" hai0="116,51,65,79,28,47,74,4,39,101,78,57,52" hai1="126,32,82,97,2,62,3,117,104,114,7,72,6" hai2="24,49,27,13,20,118,56,60,103,66,11,9,132" hai3="31,107,112,5,10,25,81,21,68,106,64,76,95"/><W67/><G112/><T129/><D116/><U35/><E114/><V41/><F118/><W94/><G106/><T99/><D129/><U123/><E117/><V43/><F132/><W127/><G107/><T45/><D4/><U19/><E123/><V53/><F27/><W130/><G130/><T1/><D1/><U22/><E126/><V63/><F103/><W113/><G113/><T111/><D111/><U40/><E40/><V110/><F110/><W44/><G44/><T84/><D74/><U119/><E97/><V134/><F134/><W30/><G68/><T121/><D121/><U33/><E104/><V109/><F109/><W36/><G36/><T75/><D75/><U89/><E89/><V54/><F54/><W131/><G131/><T98/><D39/><U37/><E37/><V96/><F96/><N who="0" m="36906" /><D101/><U23/><E62/><N who="2" m="23595" /><F66/><N who="3" m="25131" /><G127/><T55/><D65/><U92/><E92/><N who="3" m="35370" /><G10/><N who="2" m="3593" /><F13/><W120/><G5/><T91/><D55/><U71/><E71/><V85/><F85/><N who="3" m="48295" /><G120/><T17/><D47/><U133/><E119/><V73/><F73/><W90/><G90/><T0/><D45/><U38/><E38/><V58/><F58/><W88/><G88/><T34/><D0/><U59/><E59/><V93/><F93/><W122/><G122/><T108/><D108/><U16/><E133/><V102/><F102/><W86/><G86/><T42/><D91/><U14/><E72/><V12/><F43/><W61/><G61/><T125/><D42/><U87/><E3/><V135/><F135/><W70/><G70/><T46/><D125/><U115/><E2/><V105/><F41/><RYUUKYOKU ba="3,0" sc="162,-10,155,-10,209,-10,474,30" hai3="21,25,30,31" /><INIT seed="3,4,0,0,5,109" ten="152,145,199,504" oya="3" hai0="114,91,59,133,95,55,107,18,92,32,28,14,17" hai1="5,123,44,97,100,24,54,76,128,39,67,117,113" hai2="20,48,52,11,82,75,73,23,3,10,99,30,26" hai3="90,85,83,36,132,61,62,38,47,64,79,40,0"/><W74/><G132/><T104/><D133/><U2/><E123/><V22/><F99/><W80/><G38/><T57/><D28/><U27/><E128/><V87/><F75/><W93/><G64/><T6/><D6/><U34/><E117/><V1/><F73/><W121/><G121/><T103/><D32/><U116/><E116/><V15/><F3/><W56/><G56/><T115/><D14/><U7/><E67/><V63/><F63/><W105/><G105/><T86/><D86/><U60/><E76/><V21/><F1/><W31/><G31/><T135/><D135/><U110/><E110/><V35/><N who="2" m="5120" /><DORA hai="69" /><V19/><F10/><W46/><G46/><T106/><D106/><U77/><E77/><V120/><F120/><W65/><G65/><T122/><D122/><U111/><E60/><V98/><F98/><W118/><G118/><T70/><D91/><U101/><E97/><V84/><REACH who="2" step="1"/><F82/><REACH who="2" ten="152,145,189,504" step="2"/><W41/><G0/><T9/><D9/><U49/><E2/><V129/><F129/><W13/><G83/><T81/><D81/><U8/><E8/><V43/><F43/><W51/><G41/><T72/><D72/><U112/><E111/><V131/><F131/><W25/><G40/><T58/><D55/><U102/><E34/><V16/><F16/><W126/><G80/><T134/><D134/><U68/><E54/><V4/><F4/><W96/><G74/><T130/><D130/><U108/><E7/><V66/><F66/><W45/><G96/><T125/><D18/><U71/><E5/><V124/><F124/><W42/><G126/><RYUUKYOKU ba="4,1" sc="152,-10,145,-10,189,30,504,-10" hai2="11,15,19,26,30,35,48,52,84,87" /><INIT seed="4,5,1,2,3,10" ten="142,135,219,494" oya="0" hai0="62,18,121,14,101,80,94,79,53,135,2,112,97" hai1="109,61,34,9,30,33,56,108,31,117,85,88,111" hai2="82,51,47,87,75,83,15,26,65,99,100,104,72" hai3="54,116,58,8,42,39,48,23,50,98,84,93,67"/><T52/><D2/><U125/><E117/><V70/><F83/><W11/><G116/><T128/><D121/><U29/><E125/><V78/><F26/><W24/><G67/><T21/><D112/><U107/><E107/><V44/><F44/><N who="3" m="25623" /><G84/><T40/><D135/><U55/><REACH who="1" step="1"/><E9/><REACH who="1" ten="142,125,219,494" step="2"/><V36/><F36/><W134/><G39/><T123/><D123/><U35/><E35/><V27/><F104/><W45/><G134/><T131/><D40/><U102/><E102/><V77/><F100/><N who="3" m="60495" /><G45/><T60/><D60/><U4/><E4/><V3/><F47/><W43/><G43/><T74/><REACH who="0" step="1"/><D62/><REACH who="0" ten="132,125,219,494" step="2"/><U32/><E32/><V1/><F3/><W96/><G50/><T91/><D91/><U113/><E113/><V69/><F1/><W71/><G54/><AGARI ba="5,3" hai="14,18,21,52,53,54,74,79,80,94,97,101,128,131" machi="54" ten="40,12000,1" yaku="1,1,52,1,54,1,53,1" doraHai="10" doraHaiUra="16" who="0" fromWho="3" sc="132,165,125,0,219,0,494,-135" /><INIT seed="4,6,0,2,2,45" ten="297,125,219,359" oya="0" hai0="76,121,69,78,28,22,3,61,130,8,39,27,105" hai1="57,2,55,117,49,52,23,109,18,20,30,132,68" hai2="92,12,4,24,111,5,51,112,99,43,67,87,65" hai3="107,97,16,120,84,90,133,21,34,35,122,71,6"/><T94/><D121/><N who="3" m="46697" /><G71/><T104/><D39/><U73/><E117/><V36/><F36/><W79/><G6/><T31/><D130/><U75/><E109/><V80/><F111/><W134/><G79/><T47/><D31/><U63/><E2/><V44/><F112/><W58/><G58/><T48/><D94/><U26/><E132/><N who="3" m="50794" /><G97/><T0/><D78/><U106/><E106/><V19/><F4/><W53/><G53/><T1/><D76/><U25/><REACH who="1" step="1"/><E68/><REACH who="1" ten="297,115,219,359" step="2"/><V113/><F113/><W60/><G107/><T93/><D105/><U131/><E131/><V41/><F67/><W128/><G128/><T98/><D104/><U64/><E64/><V56/><F65/><W86/><G60/><T125/><D61/><U59/><AGARI ba="6,1" hai="18,20,23,25,26,30,49,52,55,57,59,63,73,75" machi="59" ten="20,8000,1" yaku="1,1,0,1,7,1,52,1,54,1,53,0" doraHai="45" doraHaiUra="7" who="1" fromWho="1" sc="297,-46,115,108,219,-26,359,-26" /><INIT seed="5,0,0,0,4,120" ten="251,223,193,333" oya="1" hai0="3,65,13,80,127,31,135,1,70,115,124,134,72" hai1="46,129,33,56,90,40,60,9,130,64,28,7,81" hai2="62,79,12,119,113,69,78,125,133,22,103,132,123" hai3="48,95,37,8,35,84,51,55,17,106,29,94,93"/><U74/><E28/><V25/><F123/><W23/><G37/><T85/><D72/><U6/><E33/><V21/><F119/><W100/><G106/><T38/><D38/><U34/><E34/><V101/><F125/><N who="0" m="48202" /><D31/><U19/><E19/><V67/><F12/><W88/><G100/><N who="2" m="38473" /><F113/><W97/><G97/><T43/><D43/><U39/><E90/><V16/><F22/><W10/><G29/><T20/><D115/><U18/><E18/><V42/><F42/><W68/><G68/><T4/><D20/><U118/><E118/><V26/><F26/><W122/><G51/><T58/><D70/><U53/><E53/><V98/><F98/><W44/><G35/><T117/><D117/><U102/><E102/><V66/><F66/><W27/><REACH who="3" step="1"/><G122/><REACH who="3" ten="251,223,193,323" step="2"/><T104/><D104/><U131/><REACH who="1" step="1"/><E9/><AGARI ba="0,1" hai="8,9,10,17,23,27,44,48,55,84,88,93,94,95" machi="9" ten="40,12000,2" yaku="1,1,2,1,8,1,54,1,53,3" doraHai="120" doraHaiUra="89" who="3" fromWho="1" sc="251,0,223,-120,193,0,323,130" /><INIT seed="6,0,0,0,1,109" ten="251,103,193,453" oya="2" hai0="99,94,16,15,84,104,35,29,117,78,56,124,59" hai1="133,38,20,63,132,58,30,92,50,125,8,36,122" hai2="71,103,88,98,111,47,3,95,115,61,128,108,44" hai3="5,62,106,131,82,135,66,10,80,102,134,75,0"/><V118/><F118/><W60/><G131/><T22/><D117/><U40/><E122/><V41/><F3/><W28/><G28/><T23/><D35/><U64/><E125/><V33/><F33/><W107/><G62/><T27/><D124/><U43/><E8/><V72/><F72/><W121/><G121/><T86/><D104/><U49/><E92/><V6/><F6/><W105/><G102/><T81/><REACH who="0" step="1"/><D84/><REACH who="0" ten="241,103,193,453" step="2"/><U79/><E79/><V120/><F120/><W9/><G75/><T24/><D24/><U89/><E89/><AGARI ba="0,1" hai="15,16,22,23,27,29,56,59,78,81,86,89,94,99" machi="89" ten="30,7700,0" yaku="1,1,7,1,8,1,54,1,53,0" doraHai="109" doraHaiUra="42" who="0" fromWho="1" sc="241,87,103,-77,193,0,453,0" /><INIT seed="7,0,0,0,0,16" ten="328,26,193,453" oya="3" hai0="67,58,0,125,129,38,31,93,101,35,121,132,59" hai1="50,130,17,135,40,24,111,21,76,15,109,82,68" hai2="26,2,48,84,119,1,70,97,100,42,28,29,90" hai3="120,126,117,7,60,110,81,106,71,74,47,91,14"/><W27/><G91/><T49/><D38/><U55/><E130/><V80/><F70/><W128/><G81/><T30/><D0/><U95/><E135/><V105/><F119/><W77/><G60/><T89/><D132/><U107/><E107/><V116/><F116/><W133/><G47/><T62/><D129/><U6/><E68/><V94/><F29/><W78/><G27/><T51/><D125/><U88/><E40/><V8/><F8/><W79/><G14/><T63/><D101/><U56/><E6/><V13/><F13/><W36/><G7/><T96/><D121/><U134/><E134/><V73/><F48/><W45/><G78/><T86/><D86/><U114/><E114/><V32/><F42/><W118/><G79/><AGARI ba="0,0" hai="1,2,26,28,32,73,79,80,84,90,94,97,100,105" machi="79" ten="40,2600,0" yaku="24,2" doraHai="16" who="2" fromWho="3" sc="328,0,26,0,193,26,453,-26" owari="328,12.8,26,-47.4,219,-18.1,427,52.7" /></mjloggm>