<mjloggm ver="2.3"><GO type="169" lobby="0"/><UN n0="%E3%81%95%E3%81%8B%E3%81%8D" n1="%E3%83%A9%E3%83%B3%E3%82%B9%E3%83%AD%E3%83%83%E3%83%88" n2="%4C%65%74%6F%2E" n3="%E7%AE%B1%E4%B8%8B%E3%81%AE%E3%82%B1%E3%83%B3%E5%9D%8A" dan="17,16,16,16" rate="2228.67,2109.36,2089.82,2129.61" sx="M,M,M,M"/><TAIKYOKU oya="0"/><INIT seed="0,0,0,0,3,57" ten="250,250,250,250" oya="0" hai0="92,112,12,80,41,91,61,88,124,118,48,7,108" hai1="79,13,123,46,134,83,127,78,73,132,129,33,84" hai2="0,74,20,9,125,97,115,1,59,110,10,89,121" hai3="50,34,22,67,68,3,58,32,114,11,42,65,69"/><T25/><D112/><U105/><E33/><V66/><F115/><W87/><G114/><T77/><D118/><U93/><E123/><V36/><F36/><W28/><G3/><T37/><D37/><U16/><E105/><V15/><F74/><W39/><G11/><N who="0" m="4223" /><D124/><U85/><E127/><V47/><F110/><W21/><G39/><T4/><D4/><U104/><E104/><V103/><F47/><W106/><G106/><T23/><D92/><U111/><E111/><V86/><F121/><W130/><G58/><T49/><D61/><U117/><E117/><V5/><F125/><W29/><G50/><N who="0" m="19563" /><D41/><U2/><E2/><V113/><F113/><W45/><G42/><T96/><D96/><U56/><E46/><V120/><F120/><W128/><G45/><T31/><D108/><U63/><E129/><V122/><F122/><W76/><REACH who="3" step="1"/><G87/><AGARI ba="0,0" hai="23,25,31,77,80,87,88,91" m="19563,4223" machi="87" ten="30,2900,0" yaku="8,1,54,1" doraHai="57" who="0" fromWho="3" sc="250,29,250,0,250,0,250,-29" /><INIT seed="0,1,0,2,1,41" ten="279,250,250,221" oya="0" hai0="88,56,45,75,91,0,124,64,126,43,110,20,3" hai1="117,17,37,67,101,100,13,109,29,50,118,47,61" hai2="25,115,104,38,125,79,86,12,85,62,90,31,80" hai3="66,108,39,81,83,93,131,82,120,23,113,111,96"/><T63/><D75/><U18/><E109/><N who="3" m="42058" /><G66/><T58/><D110/><U135/><E37/><V71/><F115/><W68/><G68/><T94/><D20/><U48/><E29/><V65/><F125/><N who="0" m="48234" /><D58/><U42/><E135/><V89/><F38/><W16/><G39/><N who="0" m="21759" /><D91/><U34/><E34/><V116/><F116/><W7/><G113/><T24/><D24/><U73/><E73/><V8/><F86/><AGARI ba="1,0" hai="0,3,56,63,64,86,88,94" m="21759,48234" machi="86" ten="30,5800,0" yaku="18,1,52,1,54,1" doraHai="41" who="0" fromWho="2" sc="279,61,250,0,250,-61,221,0" /><INIT seed="0,2,0,2,1,85" ten="340,250,189,221" oya="0" hai0="49,33,51,66,28,35,16,113,103,38,102,121,44" hai1="78,30,67,132,61,25,46,47,125,2,69,48,55" hai2="117,108,26,41,50,62,135,4,94,101,23,1,76" hai3="88,115,98,133,77,40,97,5,123,14,65,112,56"/><T73/><D113/><U86/><E125/><V107/><F107/><W19/><G5/><T92/><D121/><U0/><E132/><V8/><F108/><W17/><G133/><T60/><D38/><U80/><REACH who="1" step="1"/><E46/><REACH who="1" ten="340,240,189,221" step="2"/><V87/><F135/><W3/><G115/><T120/><D44/><U106/><E106/><V9/><F117/><W45/><G112/><T75/><D120/><U111/><E111/><V53/><F9/><W11/><G123/><T122/><D122/><U36/><E36/><V68/><F8/><W58/><G3/><T32/><D32/><AGARI ba="2,1" hai="0,2,25,30,32,47,48,55,61,67,69,78,80,86" machi="32" ten="30,2000,0" yaku="1,1,7,1,53,0" doraHai="85" doraHaiUra="96" who="1" fromWho="0" sc="340,-26,240,36,189,0,221,0" /><INIT seed="1,0,0,1,5,134" ten="314,276,189,221" oya="1" hai0="37,70,72,96,27,66,33,100,102,81,15,55,126" hai1="16,6,59,50,17,76,130,60,64,101,120,8,94" hai2="68,21,47,111,112,99,93,52,13,22,65,41,98" hai3="0,12,34,121,129,92,4,78,39,1,89,106,116"/><U125/><E120/><V83/><F111/><W45/><G121/><T90/><D102/><U114/><E114/><V82/><F112/><W46/><G106/><T57/><D37/><U58/><E130/><V132/><F98/><W31/><G129/><T97/><D15/><U128/><E128/><V79/><F132/><W95/><G78/><T25/><D33/><U51/><E76/><V105/><F105/><W131/><G131/><T54/><D72/><U109/><E109/><V113/><F113/><W53/><G34/><T86/><D97/><U18/><E59/><V107/><F107/><W30/><G12/><T14/><D70/><U73/><E73/><V103/><F65/><W62/><G39/><T85/><D85/><U20/><E20/><V42/><F68/><W49/><G62/><T23/><D55/><U108/><E108/><V117/><F117/><W56/><G4/><T35/><D66/><U38/><E38/><V28/><F21/><W48/><G56/><T3/><D3/><U26/><E26/><N who="2" m="16471" /><F13/><W110/><G110/><T2/><D2/><U5/><E5/><V84/><F82/><W43/><G116/><T36/><D36/><U24/><E24/><N who="0" m="9289" /><D14/><N who="1" m="5399" /><E125/><V32/><F32/><W127/><G127/><T69/><D69/><U115/><E115/><V9/><F9/><W88/><REACH who="3" step="1"/><G53/><REACH who="3" ten="314,276,189,211" step="2"/><T135/><D126/><U74/><E74/><V71/><F71/><W104/><G104/><N who="0" m="63495" /><D35/><U91/><E58/><V61/><F61/><W7/><G7/><T122/><D135/><U87/><E60/><V29/><F29/><W11/><G11/><T44/><D122/><RYUUKYOKU ba="0,1" sc="314,-15,276,-15,189,15,211,15" hai2="41,42,47,52,79,83,84,93,99,103" hai3="0,1,30,31,43,45,46,48,49,88,89,92,95" /><INIT seed="2,1,1,4,3,107" ten="299,261,204,226" oya="2" hai0="121,28,35,75,9,54,80,66,115,116,103,84,46" hai1="40,0,47,60,30,134,38,119,91,81,76,77,63" hai2="108,33,55,67,58,88,56,126,133,73,105,42,135" hai3="52,50,78,94,65,125,130,89,62,114,127,122,132"/><V90/><F33/><W112/><G122/><T111/><D121/><U29/><E119/><V11/><F105/><W4/><G4/><T49/><D115/><N who="3" m="44073" /><G78/><T128/><D116/><U39/><E39/><V43/><F126/><N who="3" m="48139" /><G89/><N who="2" m="34409" /><F108/><W41/><G94/><T24/><D111/><U6/><E134/><N who="2" m="51211" /><F73/><W96/><G96/><T17/><D75/><N who="1" m="43167" /><E91/><V72/><F72/><W25/><G25/><T5/><D103/><U51/><E51/><N who="2" m="30847" /><F11/><W100/><G100/><T86/><D35/><U79/><E79/><V23/><F23/><W21/><G21/><T27/><D9/><N who="1" m="2247" /><E77/><V1/><F1/><W57/><G132/><T59/><D86/><U102/><E102/><V123/><F123/><W113/><G113/><T83/><D84/><U98/><E98/><V7/><F7/><W117/><G117/><T53/><D5/><U3/><E3/><V74/><F74/><W34/><G34/><T12/><D83/><U71/><E71/><V45/><F45/><N who="3" m="27727" /><G41/><T92/><D80/><U82/><E82/><V20/><F20/><W15/><G15/><T110/><D12/><U131/><E29/><V18/><F18/><W118/><G118/><T14/><D14/><U36/><E30/><V32/><F32/><W85/><G85/><T129/><D17/><U44/><E40/><V101/><F101/><W13/><G13/><T61/><D110/><U87/><E87/><V2/><F2/><W8/><G8/><T120/><D120/><U16/><E16/><V26/><F26/><W124/><N who="3" m="48147" /><W37/><DORA hai="95" /><G37/><T69/><D24/><U48/><E36/><V97/><F97/><RYUUKYOKU ba="1,1" sc="299,-15,261,-15,204,15,226,15" hai2="42,43,58,67" hai3="57,62,65,130" /><INIT seed="2,2,1,4,3,113" ten="284,246,219,241" oya="2" hai0="89,84,6,78,132,95,93,10,116,21,38,20,77" hai1="0,97,127,45,64,105,101,34,8,2,107,129,81" hai2="82,19,48,85,125,24,49,67,14,94,83,47,37" hai3="69,3,86,18,115,58,112,87,40,11,108,36,9"/><V13/><F125/><W52/><G69/><T106/><D38/><U98/><E127/><V96/><F37/><W30/><G30/><T102/><D132/><U23/><E129/><V1/><F1/><W120/><G120/><T60/><D106/><U50/><E34/><V88/><F67/><W59/><G3/><T128/><D128/><U118/><E64/><V66/><F66/><W68/><G68/><T57/><D116/><U91/><E118/><V131/><F82/><W65/><G65/><N who="0" m="39055" /><D10/><U51/><E8/><V99/><F99/><W75/><G75/><T126/><D6/><U63/><E63/><V44/><F131/><W53/><G36/><T5/><D5/><U110/><E23/><N who="0" m="8777" /><D126/><U111/><E81/><V4/><F4/><W73/><G73/><T92/><D102/><U12/><E101/><V130/><F24/><W76/><G18/><T54/><D54/><U133/><E133/><V103/><F130/><W117/><G40/><T35/><D35/><U74/><E74/><V119/><F119/><W121/><G117/><T70/><D70/><U134/><E134/><V124/><F124/><W114/><G114/><T27/><D27/><U31/><E12/><N who="2" m="4715" /><F19/><W62/><G121/><T29/><D29/><U32/><E31/><V25/><F25/><W104/><G104/><T33/><D33/><U100/><E32/><V42/><F42/><W135/><G135/><T43/><D43/><U56/><E107/><V28/><F28/><W90/><G112/><T16/><D16/><U22/><E105/><V72/><F72/><W39/><G115/><T80/><AGARI ba="2,1" hai="77,78,80,84,89,92,93,95" m="8777,39055" machi="80" ten="30,2000,0" yaku="5,1,8,1" doraHai="113" who="0" fromWho="0" sc="284,36,246,-7,219,-12,241,-7" /><INIT seed="3,0,0,2,5,43" ten="320,239,207,234" oya="3" hai0="17,33,50,55,30,23,19,118,51,103,94,119,101" hai1="73,41,37,52,88,46,42,65,61,32,80,131,34" hai2="122,97,124,49,1,81,40,53,90,72,96,95,36" hai3="85,133,6,114,109,4,112,104,83,14,67,70,116"/><W91/><G116/><T2/><D2/><U86/><E131/><V117/><F117/><W44/><G104/><T28/><D23/><U7/><E73/><V59/><F1/><W87/><G133/><T120/><D94/><U68/><E7/><V9/><F124/><W93/><G70/><T76/><D76/><U79/><E41/><V77/><F122/><W121/><G121/><T54/><REACH who="0" step="1"/><D120/><REACH who="0" ten="310,239,207,234" step="2"/><U57/><REACH who="1" step="1"/><E79/><REACH who="1" ten="310,229,207,234" step="2"/><V106/><F77/><W31/><G114/><T15/><D15/><U115/><E115/><V35/><F72/><W107/><G112/><T102/><D102/><U82/><E82/><V16/><F81/><W123/><G14/><T63/><D63/><AGARI ba="0,2" hai="32,34,37,42,46,52,57,61,63,65,68,80,86,88" machi="63" ten="30,8000,1" yaku="1,1,7,1,52,1,54,2,53,0" doraHai="43" doraHaiUra="99" who="1" fromWho="0" sc="310,-80,229,100,207,0,234,0" /><INIT seed="4,0,0,1,5,119" ten="230,329,207,234" oya="0" hai0="32,69,124,5,84,57,73,63,24,108,103,104,105" hai1="88,98,101,132,130,87,113,4,91,0,128,75,20" hai2="118,56,65,95,33,90,52,115,17,16,28,25,78" hai3="43,19,79,7,40,127,59,66,89,37,15,11,1"/><T76/><D124/><U121/><E0/><V53/><F118/><W86/><G127/><T61/><D73/><U12/><E4/><V96/><F115/><W54/><G66/><T23/><D32/><U2/><E2/><V81/><F65/><W55/><G79/><T3/><D69/><U110/><E110/><V100/><F100/><W109/><G55/><T58/><D108/><U134/><E12/><V41/><F41/><W26/><G37/><T83/><D103/><U131/><E20/><V99/><F99/><W14/><G26/><T123/><D123/><U114/><E75/><V126/><F53/><W112/><G112/><N who="1" m="43114" /><E121/><V92/><F92/><W106/><G106/><T6/><D3/><U27/><E27/><V29/><F29/><W13/><G19/><T22/><D24/><U44/><E44/><V51/><REACH who="2" step="1"/><F126/><REACH who="2" ten="230,329,197,234" step="2"/><W107/><G109/><T94/><D94/><N who="1" m="56647" /><E101/><V34/><F34/><W133/><G107/><T45/><D105/><U80/><AGARI ba="0,1" hai="80,87,91,128,130,131,132,134" m="56647,43114" machi="80" ten="40,12000,2" yaku="19,1,15,1,11,1,34,2,54,1" doraHai="119" who="1" fromWho="1" sc="230,-60,329,130,197,-30,234,-30" /><INIT seed="5,0,0,3,2,43" ten="170,459,167,204" oya="1" hai0="84,4,7,22,29,83,87,18,109,80,79,23,10" hai1="57,6,28,113,72,47,13,39,63,131,71,96,51" hai2="16,111,24,20,92,8,91,40,118,60,61,65,11" hai3="117,32,106,132,97,41,85,74,59,89,37,26,49"/><U108/><E113/><V46/><F118/><W107/><G74/><T48/><D109/><U68/><E131/><V53/><F111/><W5/><G37/><T124/><D124/><U77/><E28/><V93/><F53/><W121/><G121/><T78/><D10/><U56/><E56/><V103/><F103/><W58/><G5/><T122/><D122/><U112/><E39/><V64/><F92/><W35/><G41/><T82/><D82/><U55/><E112/><V99/><F61/><W66/><G26/><T70/><D70/><U3/><E3/><V69/><REACH who="2" step="1"/><F65/><REACH who="2" ten="170,459,157,204" step="2"/><W34/><G66/><T38/><D83/><U62/><E55/><V102/><F102/><W25/><G117/><T119/><D80/><U135/><E62/><V123/><F123/><W67/><G67/><T90/><D119/><U105/><E63/><V15/><F15/><W73/><G107/><T86/><D79/><U2/><E13/><V114/><F114/><W100/><G106/><T17/><D78/><U1/><E105/><V133/><F133/><W14/><G14/><T50/><D90/><U19/><E77/><V9/><F9/><W115/><G132/><T44/><D87/><U0/><E0/><V45/><F45/><W134/><G134/><T129/><D44/><U27/><E1/><V125/><F125/><W42/><G115/><T12/><D12/><U120/><E2/><V110/><F110/><W98/><G89/><T94/><D94/><U54/><E120/><V33/><F33/><W128/><G85/><T126/><D126/><U75/><E108/><V36/><AGARI ba="0,1" hai="8,11,16,20,24,36,40,46,60,64,69,91,93,99" machi="36" ten="20,12000,2" yaku="1,1,5,1,0,1,7,1,52,1,54,1,53,0" doraHai="43" doraHaiUra="130" who="2" fromWho="2" sc="170,-30,459,-60,157,130,204,-30" /><INIT seed="6,0,0,3,3,66" ten="140,399,287,174" oya="2" hai0="41,74,56,22,116,64,75,61,80,115,121,109,16" hai1="125,43,88,1,68,15,51,135,11,114,48,17,13" hai2="4,120,97,110,118,37,100,77,84,89,40,63,122" hai3="81,21,30,34,73,124,14,119,35,99,6,29,45"/><V23/><F118/><W102/><G119/><T78/><D116/><U113/><E68/><V112/><F112/><N who="1" m="43113" /><E135/><V72/><F110/><W133/><G133/><T58/><D115/><U50/><E125/><V44/><F23/><W134/><G134/><T85/><D109/><U92/><E1/><V96/><F4/><W54/><G124/><T38/><D121/><U90/><E43/><V2/><F2/><W27/><G73/><T128/><D128/><U25/><E25/><V32/><F32/><W20/><G81/><T111/><D111/><U10/><E92/><V36/><F36/><W46/><G54/><T132/><D132/><U53/><E53/><V65/><F97/><W123/><G123/><T83/><D83/><U94/><E94/><V91/><F91/><W127/><G127/><T131/><D131/><U98/><E98/><V129/><F77/><W31/><G99/><T60/><D41/><U57/><E57/><V52/><F72/><W8/><G102/><T106/><D38/><U95/><E95/><N who="2" m="54695" /><F52/><W107/><G107/><T71/><D106/><U86/><E86/><V12/><F12/><N who="3" m="5143" /><G46/><T0/><D0/><U55/><E55/><V130/><F130/><W7/><G45/><T117/><D117/><U19/><AGARI ba="0,0" hai="10,11,13,15,17,19,48,50,51,88,90" m="43113" machi="19" ten="30,2000,0" yaku="15,1,54,1" doraHai="66" who="1" fromWho="1" sc="140,-5,399,20,287,-10,174,-5" /><INIT seed="7,0,0,0,0,14" ten="135,419,277,169" oya="3" hai0="119,65,1,28,95,30,55,7,106,2,89,130,133" hai1="24,76,74,45,125,102,72,115,77,58,135,67,44" hai2="66,10,50,114,100,97,62,132,36,61,86,101,111" hai3="6,90,91,35,54,131,5,15,37,109,112,60,25"/><W68/><G131/><T120/><D119/><U79/><E102/><V26/><F111/><W80/><G112/><T19/><D120/><U88/><E115/><V32/><F36/><W51/><G37/><T0/><D106/><U22/><E88/><V39/><F39/><W52/><G109/><T11/><D130/><U82/><E125/><V64/><F132/><W4/><G35/><T38/><D38/><U23/><E23/><V12/><F114/><W41/><G25/><T9/><D65/><N who="2" m="25194" /><F26/><W129/><G68/><T57/><D133/><U105/><E105/><V99/><F86/><N who="3" m="50503" /><G129/><T122/><D122/><U123/><E123/><V47/><F101/><W81/><G60/><N who="2" m="23145" /><F100/><W53/><G41/><T33/><D33/><U69/><E69/><V126/><F126/><W48/><G15/><T96/><D2/><U124/><E124/><V46/><F32/><W8/><G8/><T127/><D127/><U71/><E71/><V70/><F70/><W20/><G20/><T13/><REACH who="0" step="1"/><D0/><REACH who="0" ten="125,419,277,169" step="2"/><U78/><E135/><V56/><F97/><W92/><G81/><T3/><D3/><U59/><E82/><V63/><F99/><AGARI ba="0,1" hai="4,5,6,48,51,52,53,54,91,92,99" m="50503" machi="99" ten="30,2900,0" yaku="8,1,54,1" doraHai="14" who="3" fromWho="2" sc="125,0,419,0,277,-29,169,39" /><INIT seed="7,1,0,4,0,103" ten="125,419,248,208" oya="3" hai0="22,120,130,61,51,110,84,78,71,9,99,50,2" hai1="47,127,124,106,132,90,58,45,14,40,79,81,131" hai2="60,57,82,77,111,133,0,83,43,105,70,52,31" hai3="68,135,38,11,21,67,18,13,66,76,30,116,114"/><W27/><G116/><T100/><D110/><U28/><E106/><V74/><F111/><W92/><G38/><T10/><D130/><U123/><E123/><V5/><F105/><W3/><G114/><T72/><D120/><U118/><E118/><V29/><F133/><W25/><G135/><T65/><D72/><U80/><E28/><V32/><F43/><W37/><G37/><T97/><D22/><U64/><E131/><V17/><F32/><W41/><G41/><T129/><D129/><U93/><E14/><V102/><F102/><W62/><G67/><T19/><D78/><U73/><E81/><V59/><F70/><W101/><G76/><T134/><D84/><U48/><E45/><V96/><F96/><W87/><G101/><T20/><D99/><U34/><E34/><V4/><F17/><W69/><G27/><T89/><D89/><U86/><E132/><V113/><F113/><W23/><G3/><T33/><D33/><U36/><E36/><V63/><F0/><W49/><G49/><T54/><D51/><U117/><E117/><V39/><F39/><W98/><G87/><T8/><D2/><U15/><E15/><V35/><F83/><W44/><G23/><T85/><D85/><U56/><E64/><N who="2" m="39039" /><F35/><W75/><G75/><T94/><D134/><U26/><E26/><V7/><F74/><W53/><G68/><T24/><D8/><U91/><E91/><V128/><F128/><W112/><G112/><T122/><D122/><U46/><E46/><V108/><F108/><W115/><G115/><T126/><D126/><AGARI ba="1,0" hai="40,47,48,56,58,73,79,80,86,90,93,124,126,127" machi="126" ten="40,1300,0" yaku="18,1" doraHai="103" who="1" fromWho="0" sc="125,-16,419,16,248,0,208,0" owari="109,-39.1,435,53.5,248,4.8,208,-19.2" /></mjloggm>