<mjloggm ver="2.3"><GO type="169" lobby="0"/><UN n0="%63%68%78%66%66" n1="%E6%A1%9C%E5%B0%8F%E8%B7%AF%E6%89%8D%E8%8F%AF" n2="%E3%81%9F%E3%81%8B%31%34%31" n3="%E9%9B%B2%E3%81%AE%E3%83%95%E3%83%89%E3%82%A6" dan="17,16,16,16" rate="2230.65,2182.02,2117.21,2103.33" sx="M,M,M,M"/><TAIKYOKU oya="0"/><INIT seed="0,0,0,4,4,36" ten="250,250,250,250" oya="0" hai0="42,50,10,123,122,87,53,130,7,1,44,77,126" hai1="31,111,60,51,6,128,100,35,26,133,21,30,25" hai2="55,65,106,109,110,92,63,125,27,69,49,12,9" hai3="16,117,85,46,121,8,90,84,34,61,102,89,66"/><T94/><D130/><U112/><E100/><V48/><F106/><W115/><G115/><T37/><D126/><U54/><E128/><V38/><F38/><W108/><G117/><T57/><D94/><U33/><E112/><V47/><F125/><W58/><G34/><T73/><D87/><U29/><E133/><V11/><F27/><W134/><G134/><T19/><D19/><U76/><E111/><V23/><F23/><W64/><G108/><T129/><REACH who="0" step="1"/><D129/><REACH who="0" ten="240,250,250,250" step="2"/><U71/><E6/><V91/><F110/><W72/><G85/><T78/><D78/><U81/><E76/><V56/><F109/><W28/><G84/><T132/><D132/><U14/><E81/><AGARI ba="0,1" hai="1,7,10,37,42,44,50,53,57,73,77,81,122,123" machi="81" ten="40,12000,1" yaku="1,1,25,2,52,1,53,0" doraHai="36" doraHaiUra="20" who="0" fromWho="1" sc="240,130,250,-120,250,0,250,0" /><INIT seed="0,1,0,5,0,58" ten="370,130,250,250" oya="0" hai0="84,44,82,77,39,8,125,86,89,32,22,42,69" hai1="33,70,117,38,19,62,78,17,91,123,59,74,47" hai2="132,20,29,14,79,126,90,52,83,9,130,4,115" hai3="25,98,31,41,116,10,53,1,108,27,80,57,102"/><T97/><D125/><U134/><E117/><V95/><F115/><W16/><G116/><T35/><D69/><U73/><E123/><V71/><F126/><W28/><G108/><T56/><D97/><U114/><E70/><V7/><F132/><W104/><G41/><T131/><D131/><U6/><E33/><V21/><F130/><W61/><G80/><T92/><D8/><U50/><E38/><V15/><F29/><W107/><G107/><T103/><D103/><U2/><E134/><V124/><F124/><W68/><G68/><T121/><D121/><U23/><E114/><V34/><F34/><W127/><G127/><T45/><D45/><U36/><E36/><V24/><F24/><W133/><G133/><T101/><D101/><U49/><E49/><V37/><F37/><W3/><G27/><T5/><D5/><U64/><E78/><V111/><F111/><W113/><G113/><T46/><D46/><U63/><E63/><V51/><F71/><W118/><G118/><T11/><D11/><U67/><E67/><V112/><F4/><W72/><G72/><T87/><D22/><U128/><E128/><V122/><F122/><W18/><G18/><T55/><REACH who="0" step="1"/><D87/><REACH who="0" ten="360,130,250,250" step="2"/><U75/><E23/><V96/><F112/><W119/><G119/><T99/><D99/><U100/><E100/><V43/><F21/><N who="3" m="13479" /><G10/><T105/><D105/><U54/><E6/><V26/><F20/><W88/><G31/><T65/><D65/><U30/><E2/><N who="3" m="522" /><G28/><T85/><D85/><U110/><E30/><V66/><F9/><W76/><G104/><T48/><AGARI ba="1,1" hai="32,35,39,42,44,48,55,56,77,82,84,86,89,92" machi="48" ten="20,7800,0" yaku="1,1,5,1,0,1,7,1,53,0" doraHai="58" doraHaiUra="109" who="0" fromWho="0" sc="360,91,130,-27,250,-27,250,-27" /><INIT seed="0,2,0,4,4,73" ten="451,103,223,223" oya="0" hai0="8,64,48,111,62,6,2,84,87,90,69,102,123" hai1="131,19,0,13,93,58,51,35,133,31,130,33,114" hai2="129,132,80,42,85,23,44,95,54,21,99,127,115" hai3="4,60,39,126,74,55,83,97,66,41,15,118,116"/><T88/><D123/><U103/><E0/><V17/><F115/><W108/><G108/><T52/><D102/><U49/><E114/><V30/><F129/><N who="1" m="49161" /><E133/><V77/><F127/><W18/><G126/><T56/><REACH who="0" step="1"/><D111/><REACH who="0" ten="441,103,223,223" step="2"/><U57/><E103/><V67/><F132/><W65/><G116/><T81/><D81/><U121/><E121/><V53/><F30/><W22/><G83/><T32/><D32/><N who="1" m="12363" /><E31/><V100/><F67/><W26/><G66/><T107/><D107/><U82/><E82/><V125/><F125/><W104/><G65/><T94/><D94/><U59/><E93/><V112/><F112/><W29/><G104/><T120/><D120/><U109/><E109/><V134/><F134/><W10/><G118/><T11/><D11/><AGARI ba="2,1" hai="11,13,19,49,51,57,58,59" m="12363,49161" machi="11" ten="40,1300,0" yaku="19,1" doraHai="73" who="1" fromWho="0" sc="441,-19,103,29,223,0,223,0" /><INIT seed="1,0,0,5,3,56" ten="422,132,223,223" oya="1" hai0="7,9,77,52,124,78,84,121,50,26,92,40,95" hai1="4,103,21,106,60,18,76,81,8,116,107,120,126" hai2="114,62,45,80,131,57,24,105,127,0,98,117,86" hai3="118,34,79,66,74,25,39,75,134,108,68,19,110"/><U54/><E116/><V49/><F117/><W11/><G118/><T67/><D124/><U12/><E120/><V97/><F127/><W83/><G19/><T100/><D67/><U85/><E126/><V90/><F0/><W51/><G51/><T32/><D40/><U88/><E103/><V82/><F131/><W28/><G11/><T17/><D121/><U41/><E41/><V89/><F114/><W42/><G134/><T53/><D53/><U48/><E76/><V63/><F24/><W102/><G102/><T2/><D100/><U59/><REACH who="1" step="1"/><E48/><REACH who="1" ten="422,122,223,223" step="2"/><V130/><F49/><W36/><G42/><T3/><D78/><U14/><AGARI ba="0,1" hai="4,8,12,14,18,21,54,59,60,81,85,88,106,107" machi="14" ten="20,18000,2" yaku="1,1,2,1,0,1,7,1,52,1,54,1,53,1" doraHai="56" doraHaiUra="15" who="1" fromWho="1" sc="422,-60,122,190,223,-60,223,-60" /><INIT seed="1,1,0,4,0,80" ten="362,312,163,163" oya="1" hai0="67,115,21,68,102,121,17,8,125,90,92,30,29" hai1="31,35,16,94,96,0,7,107,114,84,47,55,129" hai2="83,135,119,27,101,12,72,36,131,117,87,75,23" hai3="100,93,18,4,25,5,99,51,49,38,116,40,53"/><U22/><E114/><V43/><F131/><W132/><G132/><T70/><D115/><U76/><E129/><V78/><F135/><W50/><G116/><T105/><D125/><U106/><E35/><V71/><F71/><W19/><G38/><T104/><D121/><U1/><E31/><V57/><F101/><W33/><G40/><T56/><D8/><U85/><E107/><V69/><F69/><W26/><G53/><T20/><D102/><U95/><E106/><V81/><F12/><W79/><G33/><T66/><D56/><U32/><E32/><V74/><F57/><W98/><G79/><T113/><D17/><U130/><E130/><V91/><F43/><W133/><G133/><T54/><D54/><U6/><E76/><V124/><F36/><W123/><G123/><T42/><D42/><U15/><E1/><V39/><F39/><W9/><G9/><T89/><D92/><N who="1" m="35371" /><E96/><V13/><F13/><W46/><G46/><T110/><REACH who="0" step="1"/><D113/><REACH who="0" ten="352,312,163,163" step="2"/><U58/><E47/><V111/><F124/><W118/><G98/><T126/><D126/><U10/><E0/><V14/><F119/><W34/><G118/><T127/><D127/><U41/><E41/><V48/><F117/><W103/><G103/><T11/><D11/><U24/><E7/><N who="3" m="2634" /><G19/><T77/><D77/><U2/><E2/><V44/><F78/><W64/><G18/><T128/><D128/><U108/><E108/><AGARI ba="1,1" hai="20,21,29,30,66,67,68,70,89,90,104,105,108,110" machi="108" ten="25,3200,0" yaku="1,1,22,2,53,0" doraHai="80" doraHaiUra="52" who="0" fromWho="1" sc="352,45,312,-35,163,0,163,0" /><INIT seed="2,0,0,3,1,47" ten="397,277,163,163" oya="2" hai0="75,15,93,24,133,115,122,20,44,116,112,63,53" hai1="118,18,13,49,97,42,66,124,62,46,48,26,96" hai2="64,87,109,39,100,11,89,38,98,21,50,123,65" hai3="114,32,56,111,90,25,69,127,92,106,76,117,58"/><V35/><F35/><W10/><G117/><T60/><D122/><U4/><E118/><V6/><F123/><W9/><G106/><T1/><D1/><U84/><E124/><V67/><F109/><W125/><G69/><T73/><D116/><U102/><E84/><V43/><F21/><W74/><G111/><T7/><D133/><U3/><E3/><V81/><F43/><W31/><G114/><T99/><D75/><U103/><E4/><V30/><F30/><W113/><G113/><T70/><D73/><U131/><E26/><V54/><F11/><W107/><G107/><T108/><D108/><U57/><E131/><V79/><F6/><W88/><G90/><T34/><D34/><U126/><E126/><N who="3" m="48138" /><G76/><T135/><D70/><U128/><E128/><V121/><F79/><W23/><G74/><T85/><D135/><U29/><E29/><V55/><F55/><W37/><G37/><T120/><D120/><U72/><E72/><V41/><F41/><W91/><G91/><T110/><D110/><U101/><REACH who="1" step="1"/><E49/><REACH who="1" ten="397,267,163,163" step="2"/><V52/><F121/><W94/><G32/><T45/><D85/><U95/><E95/><V129/><F129/><W36/><G92/><T77/><D112/><U82/><E82/><V8/><F38/><W132/><G36/><T12/><D7/><U22/><AGARI ba="0,1" hai="13,18,22,42,46,48,57,62,66,96,97,101,102,103" machi="22" ten="30,7900,0" yaku="1,1,0,1,8,1,52,1,53,0" doraHai="47" doraHaiUra="33" who="1" fromWho="1" sc="397,-20,267,89,163,-39,163,-20" /><INIT seed="3,0,0,2,4,127" ten="377,356,124,143" oya="3" hai0="101,111,40,21,11,110,123,9,81,122,42,85,83" hai1="93,94,69,115,96,128,22,35,28,44,126,120,51" hai2="14,1,8,59,84,89,100,112,124,37,39,46,58" hai3="36,97,45,15,7,20,6,109,10,86,57,80,34"/><W53/><G34/><T104/><D101/><U105/><E120/><V27/><F112/><W79/><G109/><T91/><D21/><U73/><E115/><V118/><F118/><W64/><G20/><T116/><D116/><U90/><E35/><V41/><F37/><W13/><G97/><T125/><D125/><U32/><E32/><V106/><F1/><W92/><G92/><T23/><D23/><U107/><E126/><V25/><F124/><W38/><G64/><T63/><D63/><U108/><E73/><V129/><F100/><W17/><G45/><T3/><D3/><U132/><E69/><V55/><F106/><W82/><G82/><T62/><D62/><U133/><E108/><V19/><F59/><W5/><REACH who="3" step="1"/><G15/><REACH who="3" ten="377,356,124,133" step="2"/><T72/><D104/><U24/><E94/><V65/><F65/><W103/><G103/><T48/><D72/><U47/><E47/><V74/><F74/><W0/><G0/><T4/><D85/><U54/><E107/><V12/><F12/><W33/><G33/><T134/><D83/><U77/><E105/><V49/><F27/><W119/><G119/><T75/><D81/><U50/><E44/><V30/><F25/><W113/><G113/><T78/><D75/><U76/><E93/><N who="2" m="54439" /><F30/><W71/><G71/><T29/><D29/><U52/><E28/><V60/><F39/><W135/><G135/><T70/><D134/><U88/><E133/><V95/><F95/><W31/><G31/><T114/><D70/><U67/><E132/><V61/><F46/><W87/><G87/><T99/><D114/><U98/><E67/><RYUUKYOKU ba="0,1" sc="377,-10,356,-10,124,-10,133,30" hai3="5,6,7,10,13,17,36,38,53,57,79,80,86" /><INIT seed="3,1,1,0,1,20" ten="367,346,114,163" oya="3" hai0="42,0,83,57,16,27,33,114,65,103,59,78,19" hai1="101,68,69,106,56,18,71,70,64,34,17,104,93" hai2="100,46,24,67,72,97,61,26,25,80,14,2,94" hai3="41,30,134,62,29,128,82,55,49,9,45,118,47"/><W8/><G118/><T88/><D0/><U79/><E34/><V3/><F14/><W112/><G112/><T75/><D114/><U113/><E113/><V58/><REACH who="2" step="1"/><F46/><REACH who="2" ten="367,346,104,163" step="2"/><N who="3" m="25807" /><G134/><T21/><D33/><U35/><E35/><V43/><F43/><W123/><G123/><T32/><D32/><U135/><E135/><V77/><AGARI ba="1,2" hai="2,3,24,25,26,58,61,67,72,77,80,94,97,100" machi="77" ten="30,12000,2" yaku="1,1,0,1,52,3,53,1" doraHai="20" doraHaiUra="90" who="2" fromWho="2" sc="367,-31,346,-31,104,143,163,-61" /><INIT seed="4,0,0,2,3,44" ten="336,315,247,102" oya="0" hai0="4,68,85,35,31,135,7,38,12,90,107,59,119" hai1="127,49,55,51,52,62,26,16,15,2,65,58,89" hai2="82,37,109,27,130,98,95,46,121,14,63,47,39" hai3="131,110,108,72,133,91,122,8,93,45,86,101,81"/><T23/><D68/><U13/><E127/><V17/><F121/><W115/><G8/><T20/><D38/><U79/><E2/><V124/><F109/><W117/><G45/><T75/><D75/><U88/><E79/><V53/><F124/><W3/><G3/><T78/><D107/><U30/><E30/><V28/><F130/><W57/><G57/><T105/><D105/><U50/><E26/><V11/><F82/><W99/><G117/><T87/><D135/><U102/><E102/><V106/><F106/><W94/><G122/><T100/><D100/><U80/><E15/><V42/><F63/><W67/><G67/><T9/><D7/><U83/><E83/><V29/><F27/><W116/><G116/><T21/><D35/><U24/><E24/><V33/><F33/><W48/><G48/><N who="1" m="18538" /><E80/><V10/><F10/><W120/><G120/><T25/><D119/><U113/><E113/><V103/><F53/><N who="1" m="20553" /><E51/><V43/><AGARI ba="0,0" hai="11,14,17,28,29,37,39,42,43,46,47,95,98,103" machi="43" ten="30,2000,0" yaku="0,1,9,1" doraHai="44" who="2" fromWho="2" sc="336,-10,315,-5,247,20,102,-5" /><INIT seed="5,0,0,5,1,81" ten="326,310,267,97" oya="1" hai0="77,73,42,40,62,29,38,60,114,107,132,117,125" hai1="78,84,33,10,121,104,91,75,99,79,106,120,92" hai2="129,122,108,56,88,110,109,5,83,15,26,54,112" hai3="85,119,64,97,50,58,67,18,4,9,11,130,82"/><U7/><E33/><V96/><F122/><N who="1" m="47209" /><E10/><V80/><F129/><W128/><G119/><T27/><D27/><U53/><E7/><V39/><F39/><W133/><G133/><T86/><D29/><U3/><E3/><V22/><F112/><W89/><G97/><T37/><D132/><U100/><E53/><V118/><F118/><W13/><G128/><T72/><D117/><U93/><E75/><V116/><F116/><W12/><G130/><T127/><D114/><U66/><E66/><V70/><F70/><W8/><G8/><T126/><D107/><AGARI ba="0,0" hai="78,79,84,91,92,93,99,100,104,106,107" m="47209" machi="107" ten="30,5800,0" yaku="34,2,52,1" doraHai="81" who="1" fromWho="0" sc="326,-58,310,58,267,0,97,0" /><INIT seed="5,1,0,3,5,78" ten="268,368,267,97" oya="1" hai0="42,59,36,53,46,86,61,28,77,81,107,40,90" hai1="124,71,70,29,41,105,117,121,114,80,103,1,35" hai2="62,11,5,98,83,64,72,75,55,51,37,34,49" hai3="111,48,2,130,44,38,85,16,82,79,129,99,113"/><U4/><E117/><V127/><F37/><W110/><G2/><T8/><D107/><U9/><E121/><V94/><F34/><W67/><G38/><T22/><D40/><U45/><E114/><V7/><F127/><W12/><G67/><T63/><D8/><U100/><E124/><V120/><F120/><W84/><G99/><T109/><D109/><U43/><E43/><V31/><F31/><W128/><G113/><T13/><D61/><U32/><E103/><V96/><F96/><W106/><G106/><T56/><D56/><U50/><E100/><V133/><F133/><W134/><G134/><T126/><D126/><U93/><E105/><V18/><F18/><W108/><G85/><T23/><D28/><U65/><E93/><V27/><F27/><W115/><G115/><T102/><D102/><U92/><E92/><V95/><F5/><W20/><REACH who="3" step="1"/><G108/><REACH who="3" ten="268,368,267,87" step="2"/><T73/><REACH who="0" step="1"/><D13/><REACH who="0" ten="258,368,267,87" step="2"/><U131/><E1/><V97/><F97/><W112/><G112/><T17/><D17/><U66/><E65/><V26/><F98/><W89/><G89/><T76/><D76/><U10/><E66/><V119/><F64/><W69/><G69/><T57/><D57/><U54/><E71/><V101/><F101/><W21/><G21/><T6/><D6/><U47/><E70/><V3/><F7/><W60/><G60/><T118/><D118/><U14/><E4/><V135/><F62/><W15/><G15/><T123/><D123/><U87/><E14/><V122/><F122/><W33/><G33/><T132/><D132/><U25/><E35/><V88/><F135/><RYUUKYOKU ba="1,2" sc="258,15,368,-15,267,-15,87,15" hai0="22,23,36,42,46,53,59,63,73,77,81,86,90" hai3="12,16,20,44,48,79,82,84,110,111,128,129,130" /><INIT seed="6,2,2,3,4,34" ten="273,353,252,102" oya="2" hai0="49,89,91,133,78,47,124,11,132,126,101,18,79" hai1="110,35,54,52,2,104,6,51,128,13,32,38,1" hai2="46,39,12,64,76,83,45,50,84,10,4,15,70" hai3="88,107,53,43,14,3,27,113,30,122,82,69,86"/><V120/><F120/><W72/><G122/><T62/><D62/><U7/><E38/><V0/><F70/><W24/><G69/><T67/><D67/><U36/><E36/><V87/><F64/><W75/><G107/><T109/><D109/><U125/><E104/><V98/><F98/><W8/><G43/><T21/><D11/><U26/><E110/><V74/><F46/><W9/><G53/><N who="0" m="29887" /><D101/><U127/><E128/><V121/><F121/><W103/><G103/><T81/><D89/><U111/><E111/><V135/><F135/><N who="0" m="51786" /><D91/><U66/><E66/><V108/><F108/><W28/><G113/><T118/><D118/><U5/><E13/><N who="2" m="5195" /><F50/><W129/><G129/><T134/><N who="0" m="51794" /><T90/><DORA hai="61" /><D90/><U56/><E54/><V97/><F97/><W102/><G102/><T117/><D117/><U92/><E52/><V33/><F33/><W22/><G9/><T48/><D48/><U65/><E51/><V41/><AGARI ba="2,2" hai="0,4,10,39,41,45,74,76,83,84,87" m="5195" machi="41" ten="30,3000,0" yaku="25,1,52,1" doraHai="34,61" who="2" fromWho="2" sc="273,-12,353,-12,252,56,102,-12" /><INIT seed="6,3,0,2,4,35" ten="261,341,308,90" oya="2" hai0="120,125,85,89,111,43,70,117,10,8,33,56,53" hai1="36,128,110,30,123,44,6,67,107,12,51,79,23" hai2="133,41,14,94,118,4,101,65,87,126,124,109,32" hai3="131,13,99,74,116,31,15,93,77,104,50,59,106"/><V40/><F118/><W98/><G116/><T27/><D117/><U28/><E110/><V114/><F32/><W17/><G131/><T112/><D70/><U34/><E34/><V86/><F109/><W100/><G31/><T130/><D112/><U2/><E36/><V18/><F114/><W71/><G71/><T127/><D120/><U39/><E39/><V75/><F75/><W103/><G93/><T113/><D113/><U134/><E107/><V90/><F4/><W81/><G17/><T48/><D111/><U38/><E38/><V88/><F65/><W54/><AGARI ba="3,0" hai="13,15,50,54,59,74,77,81,98,99,100,103,104,106" machi="54" ten="30,2000,0" yaku="0,1,9,1" doraHai="35" who="3" fromWho="3" sc="261,-8,341,-8,308,-13,90,29" /><INIT seed="7,0,0,2,4,75" ten="253,333,295,119" oya="3" hai0="8,99,35,20,36,129,17,23,53,87,43,123,93" hai1="94,115,92,52,73,30,103,77,76,34,62,81,122" hai2="51,38,40,90,24,12,45,42,44,11,60,85,15" hai3="128,37,117,102,4,13,125,69,112,110,2,111,6"/><W80/><G117/><T124/><D35/><U54/><E122/><V22/><F60/><W104/><G37/><T95/><D123/><U109/><E109/><N who="3" m="41482" /><G112/><T18/><D36/><U118/><E115/><V68/><F68/><W56/><G128/><T41/><D124/><U28/><E118/><V59/><F59/><W66/><G125/><T50/><D8/><U132/><E132/><V88/><F11/><N who="3" m="2455" /><G69/><T105/><D105/><U98/><E76/><V47/><F47/><W27/><G27/><T67/><D67/><U63/><E94/><V31/><REACH who="2" step="1"/><F90/><REACH who="2" ten="253,333,285,119" step="2"/><W21/><G80/><AGARI ba="0,1" hai="12,15,22,24,31,38,40,42,44,45,51,80,85,88" machi="80" ten="30,7700,0" yaku="1,1,2,1,7,1,54,1,53,0" doraHai="75" doraHaiUra="121" who="2" fromWho="3" sc="253,0,333,0,285,87,119,-77" owari="253,-14.7,333,13.3,372,47.2,42,-45.8" /></mjloggm>