<mjloggm ver="2.3"><GO type="169" lobby="0"/><UN n0="%E9%B3%B3%E5%8D%97%E3%81%AE%E3%81%8A%E9%A6%AC%E3%81%95%E3%82%93" n1="%E3%81%93%E3%81%9A" n2="%E6%84%9B%E3%81%AF%E6%AD%A3%E7%BE%A9" n3="%E6%99%AE%E9%9C%B2%E9%9C%B2" dan="18,16,16,16" rate="2230.13,2043.40,2052.91,2132.48" sx="M,M,F,M"/><TAIKYOKU oya="0"/><INIT seed="0,0,0,1,3,25" ten="250,250,250,250" oya="0" hai0="47,79,133,56,2,69,1,27,115,52,80,8,128" hai1="9,112,17,42,89,66,21,81,99,60,59,72,76" hai2="106,129,101,116,41,88,111,78,74,49,121,15,39" hai3="123,45,86,113,34,50,90,105,43,96,98,16,91"/><T36/><D115/><U131/><E131/><V35/><F121/><W55/><G113/><T84/><D69/><U94/><E112/><V57/><F35/><W71/><G123/><T127/><D128/><U95/><E42/><V82/><F39/><W102/><G71/><T83/><D133/><U7/><E94/><V110/><F15/><W61/><G34/><T135/><D135/><U11/><REACH who="1" step="1"/><E7/><REACH who="1" ten="250,240,250,250" step="2"/><V65/><F129/><W103/><G43/><T73/><D36/><U18/><E18/><V109/><F41/><W23/><G61/><T87/><D80/><U64/><E64/><V20/><F65/><W19/><G19/><T38/><D38/><U0/><E0/><V29/><F106/><W48/><G48/><T10/><D2/><U125/><E125/><V6/><F6/><W100/><G105/><T134/><D127/><U107/><E107/><V3/><F3/><W97/><REACH who="3" step="1"/><G86/><REACH who="3" ten="250,240,250,240" step="2"/><T44/><D87/><U26/><AGARI ba="0,2" hai="9,11,17,21,26,59,60,66,72,76,81,89,95,99" machi="26" ten="20,5200,0" yaku="1,1,0,1,7,1,53,1" doraHai="25" doraHaiUra="53" who="1" fromWho="1" sc="250,-26,240,72,250,-13,240,-13" /><INIT seed="1,0,0,2,3,19" ten="224,312,237,227" oya="1" hai0="78,118,115,65,18,42,52,62,12,131,123,36,121" hai1="68,20,104,21,46,49,71,122,58,84,93,66,101" hai2="28,32,55,91,103,27,54,26,126,40,75,1,25" hai3="88,111,79,48,77,2,128,107,105,113,57,24,74"/><U129/><E122/><N who="0" m="46601" /><D115/><U76/><E104/><V98/><F1/><W87/><G113/><T119/><D78/><U50/><E129/><V44/><F75/><W135/><G128/><T3/><D3/><U0/><E0/><V13/><F126/><W35/><G2/><T31/><D131/><U86/><E68/><V8/><F91/><W43/><G111/><T85/><D85/><N who="1" m="32875" /><E71/><V67/><F67/><W73/><G135/><T14/><D65/><U72/><E72/><V89/><F89/><W16/><G74/><T56/><D31/><U81/><E81/><V82/><F82/><W41/><G107/><T53/><D53/><N who="1" m="32047" /><E76/><N who="3" m="29258" /><G105/><T70/><D70/><U45/><E66/><V5/><F55/><N who="3" m="31975" /><G35/><T60/><D60/><U95/><E46/><V116/><F54/><W33/><G33/><T133/><D133/><U90/><E101/><V10/><F116/><W7/><G7/><T94/><D42/><N who="1" m="24887" /><E93/><V102/><F102/><W51/><G73/><T30/><D94/><U17/><E17/><V92/><F44/><N who="3" m="25999" /><G43/><T63/><D63/><U124/><E124/><V108/><F40/><W127/><G127/><T80/><D80/><U69/><E69/><V100/><F100/><W134/><G134/><T110/><D36/><U96/><AGARI ba="0,0" hai="20,21,90,95,96" m="24887,32047,32875" machi="96" ten="30,6000,0" yaku="8,1,52,2" doraHai="19" who="1" fromWho="1" sc="224,-20,312,60,237,-20,227,-20" /><INIT seed="1,1,0,2,0,117" ten="204,372,217,207" oya="1" hai0="43,0,17,24,87,35,103,50,49,33,99,135,80" hai1="123,121,23,32,134,107,86,45,82,104,30,110,69" hai2="47,133,65,44,26,102,92,83,9,74,2,52,13" hai3="89,11,15,58,71,85,95,67,116,113,6,61,41"/><U72/><E23/><V21/><F133/><W34/><G116/><T127/><D0/><U48/><E72/><V38/><F2/><W25/><G113/><T31/><D135/><U112/><E112/><V54/><F65/><W124/><G124/><T56/><D127/><U53/><E134/><V1/><F1/><W14/><G41/><T16/><D33/><U73/><E73/><V76/><F102/><W109/><G109/><T128/><D128/><U39/><E39/><V42/><F47/><W70/><REACH who="3" step="1"/><G14/><REACH who="3" ten="204,372,217,197" step="2"/><T132/><D132/><U118/><E118/><V106/><F106/><W66/><G66/><T29/><D43/><U126/><E126/><V20/><F42/><W18/><G18/><T96/><D29/><AGARI ba="1,1" hai="6,11,15,25,29,34,58,61,67,70,71,85,89,95" machi="29" ten="40,1300,0" yaku="1,1,53,0" doraHai="117" doraHaiUra="125" who="3" fromWho="0" sc="204,-16,372,0,217,0,197,26" /><INIT seed="2,0,0,5,1,44" ten="188,372,217,223" oya="2" hai0="0,5,19,53,38,36,18,41,91,110,49,81,97" hai1="13,86,47,34,89,33,131,127,55,124,63,65,78" hai2="90,2,27,23,32,30,48,54,61,121,28,103,102" hai3="109,95,118,116,135,51,62,43,99,46,87,100,64"/><V25/><F121/><W8/><G109/><T122/><D122/><U24/><E131/><V125/><F125/><N who="1" m="48201" /><E78/><V85/><F61/><W133/><G8/><T66/><D110/><U82/><E24/><V6/><F6/><W70/><REACH who="3" step="1"/><G87/><REACH who="3" ten="188,372,217,213" step="2"/><T68/><D38/><U94/><E86/><V76/><F2/><W113/><G113/><T101/><D36/><U126/><E126/><V96/><F96/><W72/><G72/><T29/><D97/><U129/><E129/><V75/><F75/><W106/><G106/><T50/><D0/><U80/><E80/><V16/><F76/><W17/><G17/><T37/><D19/><U26/><E82/><V14/><F28/><W35/><G35/><T88/><D29/><U117/><E33/><V77/><F77/><W56/><G56/><T74/><D81/><U84/><E84/><V11/><F32/><W73/><G73/><T10/><D74/><U71/><E34/><V59/><F27/><W83/><G83/><AGARI ba="0,1" hai="11,14,16,23,25,30,48,54,59,83,85,90,102,103" machi="83" ten="30,11600,0" yaku="7,1,8,1,52,1,54,1" doraHai="44" who="2" fromWho="3" sc="188,0,372,0,217,126,213,-116" /><INIT seed="2,1,0,2,3,118" ten="188,372,343,97" oya="2" hai0="89,64,110,129,92,102,108,79,17,75,111,57,4" hai1="38,54,23,123,104,21,25,125,97,74,85,131,72" hai2="84,53,61,48,12,99,63,22,19,50,120,6,122" hai3="10,32,114,65,29,132,98,49,119,130,47,109,90"/><V105/><F6/><W62/><G119/><T30/><D4/><U96/><E38/><V2/><F2/><W115/><G109/><T15/><D30/><U95/><E125/><V71/><F50/><W127/><G127/><T40/><D129/><U8/><E131/><V20/><F20/><W28/><G130/><T103/><D40/><U135/><E135/><V66/><F61/><W83/><G132/><T121/><D79/><U77/><E8/><V31/><F31/><W113/><G10/><N who="0" m="6391" /><D75/><U35/><E35/><V41/><F41/><N who="3" m="24815" /><G32/><T60/><D121/><U18/><E123/><V88/><F99/><AGARI ba="1,0" hai="57,60,64,89,92,99,102,103,108,110,111" m="6391" machi="99" ten="30,1000,0" yaku="14,1" doraHai="118" who="0" fromWho="2" sc="188,13,372,0,343,-13,97,0" /><INIT seed="3,0,0,0,0,53" ten="201,372,330,97" oya="3" hai0="119,98,70,55,56,135,57,85,86,108,71,30,83" hai1="41,2,9,61,77,123,117,75,73,88,4,29,25" hai2="66,63,20,124,22,47,34,115,0,33,14,12,89" hai3="43,109,104,23,127,90,93,74,19,120,37,94,24"/><W95/><G120/><T5/><D108/><U1/><E117/><V42/><F115/><W13/><G104/><T3/><D119/><U79/><E123/><V21/><F0/><W87/><G74/><T118/><D118/><U68/><E41/><V92/><F33/><W46/><G127/><T18/><D135/><U122/><E88/><V50/><F34/><W59/><G109/><T36/><D36/><U105/><E122/><V80/><F80/><W11/><REACH who="3" step="1"/><G59/><REACH who="3" ten="201,372,330,87" step="2"/><T35/><D57/><U96/><E75/><V7/><F124/><W69/><G69/><T99/><D70/><U44/><E73/><V62/><F62/><W10/><G10/><T15/><D71/><U26/><E61/><V54/><F66/><W112/><G112/><T28/><D56/><U82/><E68/><V81/><F63/><W51/><G51/><T101/><D35/><U130/><E105/><V76/><F50/><W134/><G134/><T60/><D60/><U27/><E9/><V78/><F22/><W97/><G97/><T116/><D99/><U31/><E96/><V6/><F21/><W131/><G131/><T103/><D116/><U132/><E130/><V110/><F20/><W16/><AGARI ba="0,1" hai="11,13,16,19,23,24,37,43,46,87,90,93,94,95" machi="16" ten="20,7800,0" yaku="1,1,0,1,7,1,54,1,53,0" doraHai="53" doraHaiUra="32" who="3" fromWho="3" sc="201,-26,372,-26,330,-26,87,88" /><INIT seed="3,1,0,5,1,72" ten="175,346,304,175" oya="3" hai0="99,110,52,130,64,133,109,83,90,13,37,17,4" hai1="134,67,27,117,24,85,121,57,51,45,112,77,48" hai2="8,103,60,40,32,54,75,19,21,84,76,62,127" hai3="89,36,105,104,116,128,61,71,47,53,63,11,41"/><W131/><G116/><T97/><D37/><U30/><E112/><V46/><F32/><W124/><G124/><T44/><D64/><U111/><E111/><N who="0" m="42505" /><D4/><U114/><E121/><V120/><F120/><W70/><G11/><N who="0" m="6335" /><D133/><U74/><E134/><V42/><F75/><W5/><G5/><T33/><D33/><U80/><E114/><V81/><F103/><W126/><G126/><T108/><N who="0" m="42513" /><T59/><DORA hai="101" /><D130/><N who="3" m="49705" /><G89/><T106/><D44/><U102/><E67/><V82/><F8/><W25/><G25/><T1/><D1/><U0/><E45/><V58/><F127/><W49/><G70/><T129/><D129/><U39/><E27/><N who="2" m="14783" /><F46/><N who="3" m="27831" /><G71/><T125/><D125/><U3/><E24/><V34/><F34/><W119/><G119/><T123/><D123/><U69/><E69/><V94/><F62/><AGARI ba="1,0" hai="36,41,47,61,62,63,104,105" m="27831,49705" machi="62" ten="30,5800,0" yaku="19,1,52,2" doraHai="72,101" who="3" fromWho="2" sc="175,0,346,0,304,-61,175,61" /><INIT seed="3,2,0,1,4,46" ten="175,346,243,236" oya="3" hai0="123,30,19,17,51,75,96,79,15,93,7,132,82" hai1="110,10,32,9,45,120,105,38,64,106,98,135,11" hai2="16,47,52,116,104,42,108,86,99,92,65,66,33" hai3="23,130,62,68,81,124,74,29,87,8,129,34,50"/><W58/><G124/><T73/><D123/><U113/><E113/><V125/><F116/><W115/><G74/><T41/><D132/><U78/><E120/><V55/><F125/><W5/><G34/><T97/><D30/><U117/><E135/><V54/><F33/><W72/><G72/><T48/><D41/><U18/><E32/><V24/><F86/><W101/><G101/><T6/><D93/><U109/><E109/><V26/><F104/><W128/><G68/><T103/><D15/><U57/><E110/><V112/><F108/><W37/><G37/><T77/><REACH who="0" step="1"/><D103/><REACH who="0" ten="165,346,243,236" step="2"/><U56/><E105/><V121/><F121/><W111/><G111/><T36/><D36/><U133/><E106/><V12/><F26/><W25/><G115/><T14/><D14/><U118/><E38/><V95/><F24/><W89/><G128/><T31/><D31/><U27/><E133/><V80/><F112/><W114/><G114/><T59/><D59/><U102/><E117/><V49/><F95/><W13/><G130/><T107/><D107/><U67/><E57/><V119/><F119/><W90/><G129/><T131/><D131/><U100/><E56/><V70/><F70/><W71/><G71/><T21/><D21/><U63/><E100/><N who="2" m="60519" /><F80/><AGARI ba="2,1" hai="6,7,17,19,48,51,73,75,77,79,80,82,96,97" machi="80" ten="25,8000,1" yaku="1,1,22,2,52,2,53,0" doraHai="46" doraHaiUra="88" who="0" fromWho="2" sc="165,96,346,0,243,-86,236,0" /><INIT seed="4,0,0,0,4,26" ten="261,346,157,236" oya="0" hai0="82,23,45,63,42,55,107,25,102,46,132,21,88" hai1="84,17,114,1,40,85,4,123,10,68,2,121,129" hai2="57,19,116,98,119,6,61,113,66,135,74,87,77" hai3="83,67,110,51,5,28,49,76,35,15,94,89,32"/><T105/><D132/><U36/><E129/><V78/><F135/><W101/><G110/><T99/><D105/><U112/><E68/><V86/><F113/><N who="1" m="43625" /><E17/><V27/><F6/><W8/><G67/><T13/><D13/><U18/><E18/><V109/><F109/><W75/><G101/><T16/><D23/><U96/><E96/><V117/><F98/><W73/><G73/><T39/><D63/><U3/><E40/><V24/><F74/><W34/><REACH who="3" step="1"/><G28/><REACH who="3" ten="261,346,157,226" step="2"/><T90/><REACH who="0" step="1"/><D82/><REACH who="0" ten="251,346,157,226" step="2"/><U62/><E121/><V52/><F116/><W80/><G80/><T69/><D69/><U92/><E123/><V59/><F117/><W38/><G38/><T71/><D71/><U128/><E128/><V50/><F119/><W60/><G60/><T43/><D43/><U104/><E104/><V22/><F27/><W115/><G115/><T48/><AGARI ba="0,2" hai="16,21,25,39,42,45,46,48,55,88,90,99,102,107" machi="48" ten="30,11700,0" yaku="1,1,0,1,54,2,53,0" doraHai="26" doraHaiUra="106" who="0" fromWho="0" sc="251,137,346,-39,157,-39,226,-39" /><INIT seed="4,1,0,0,5,34" ten="388,307,118,187" oya="0" hai0="59,4,29,31,122,109,95,134,135,5,99,39,50" hai1="23,18,58,96,133,120,1,114,127,0,129,52,55" hai2="20,116,26,111,6,124,103,128,54,28,37,106,42" hai3="102,41,45,17,27,80,125,22,115,89,7,118,123"/><T78/><D39/><U74/><E120/><V66/><F111/><W83/><G123/><T132/><D122/><U13/><E74/><V53/><F116/><W32/><G115/><T81/><D109/><U48/><E114/><V2/><F124/><W84/><G118/><T47/><D59/><U105/><E129/><V126/><F66/><W43/><G125/><T65/><D65/><U98/><E133/><V51/><F126/><W130/><G130/><T44/><D29/><U94/><E127/><V70/><F70/><W108/><G108/><T60/><D60/><U64/><E64/><V8/><F37/><W85/><G102/><T117/><D31/><U25/><E105/><V24/><F128/><W63/><G32/><T131/><D117/><U67/><E67/><V61/><F61/><W21/><G63/><T36/><D36/><U101/><E96/><V56/><F26/><W88/><G45/><N who="0" m="17483" /><D50/><U113/><E113/><V77/><F42/><W75/><G75/><N who="0" m="43231" /><D131/><U121/><E121/><V69/><F69/><W97/><G97/><T76/><D76/><U90/><E101/><AGARI ba="1,0" hai="4,5,95,99,101,132,134,135" m="43231,17483" machi="101" ten="30,1500,0" yaku="20,1" doraHai="34" who="0" fromWho="1" sc="388,18,307,-18,118,0,187,0" /><INIT seed="4,2,0,3,5,37" ten="406,289,118,187" oya="0" hai0="34,18,105,77,80,1,20,10,25,48,91,114,7" hai1="49,9,78,128,32,41,130,76,109,112,75,0,107" hai2="117,23,24,121,113,90,22,6,133,102,86,88,2" hai3="59,93,51,132,40,3,38,100,27,96,116,70,134"/><T39/><D114/><U73/><E109/><V98/><F121/><W135/><G3/><T60/><D105/><U67/><E107/><V118/><F113/><W87/><G70/><T85/><D39/><U13/><E0/><V92/><F133/><W94/><G38/><T44/><D60/><U110/><E110/><V54/><F90/><W21/><G116/><N who="2" m="44649" /><F24/><W15/><G15/><T29/><D91/><U31/><E67/><V11/><F54/><W122/><G122/><T19/><REACH who="0" step="1"/><D34/><REACH who="0" ten="396,289,118,187" step="2"/><U56/><E32/><V127/><F127/><W45/><G132/><T58/><D58/><U101/><E56/><V62/><F62/><W115/><G59/><T81/><D81/><AGARI ba="2,1" hai="2,6,11,22,23,81,86,88,92,98,102" m="44649" machi="81" ten="30,2000,0" yaku="12,1,54,1" doraHai="37" who="2" fromWho="0" sc="396,-26,289,0,118,36,187,0" /><INIT seed="5,0,0,4,2,22" ten="370,289,154,187" oya="1" hai0="3,7,101,59,51,133,46,25,54,89,100,124,24" hai1="4,5,67,113,30,130,127,49,114,90,85,84,135" hai2="76,99,74,39,9,118,93,68,18,32,15,95,122" hai3="44,52,1,65,2,48,17,58,104,34,57,33,35"/><U98/><E130/><V107/><F122/><W42/><G104/><T119/><D119/><U128/><E128/><V116/><F32/><W79/><G79/><T108/><D108/><U126/><E67/><V105/><F68/><W8/><G65/><T19/><D124/><N who="1" m="47659" /><E30/><V27/><F39/><W106/><G106/><T94/><D133/><U56/><E135/><V41/><F41/><W40/><G40/><N who="0" m="25031" /><D3/><U47/><E56/><V102/><F107/><W109/><G109/><T20/><D7/><N who="1" m="2635" /><E98/><V29/><F116/><W61/><REACH who="3" step="1"/><G58/><REACH who="3" ten="370,289,154,177" step="2"/><T132/><D132/><U36/><E36/><V71/><F118/><W45/><G45/><T125/><D125/><U10/><E47/><V53/><F71/><W13/><AGARI ba="0,1" hai="1,2,8,13,17,33,34,35,42,44,48,52,57,61" machi="13" ten="40,5200,0" yaku="1,1,0,1,54,1,53,0" doraHai="22" doraHaiUra="23" who="3" fromWho="3" sc="370,-13,289,-26,154,-13,177,62" /><INIT seed="6,0,0,2,2,90" ten="357,263,141,239" oya="2" hai0="43,16,118,42,47,88,23,34,67,131,40,119,45" hai1="114,92,12,109,72,121,63,36,75,7,132,124,104" hai2="20,82,0,10,61,55,2,113,99,100,77,1,98" hai3="56,80,11,134,26,19,66,17,52,37,73,70,60"/><V97/><F113/><W68/><G37/><T130/><D34/><U74/><E104/><V62/><F10/><W22/><G134/><T57/><D88/><U117/><E63/><V84/><F100/><W111/><G111/><T21/><D57/><U93/><E117/><N who="0" m="44553" /><D67/><U6/><E109/><V71/><F71/><W18/><G68/><T51/><D21/><U86/><E36/><V125/><F125/><W107/><G107/><T116/><D116/><U49/><E124/><V69/><F69/><W9/><G73/><T14/><D45/><U122/><E86/><V78/><F55/><AGARI ba="0,0" hai="14,16,23,40,42,43,47,51,55,130,131" m="44553" machi="55" ten="30,2000,0" yaku="12,1,54,1" doraHai="90" who="0" fromWho="2" sc="357,20,263,0,141,-20,239,0" /><INIT seed="7,0,0,0,5,118" ten="377,263,121,239" oya="3" hai0="92,1,40,69,75,58,127,45,125,80,94,65,25" hai1="39,17,50,82,98,117,59,41,43,130,27,67,102" hai2="87,96,121,48,29,35,12,86,19,60,62,134,114" hai3="15,3,21,24,13,8,49,64,112,115,97,120,95"/><W106/><G106/><T36/><D69/><U32/><E39/><V119/><F114/><N who="3" m="43563" /><G64/><T7/><D25/><U54/><E117/><V103/><F119/><W91/><G49/><T100/><D58/><U129/><E67/><V124/><F124/><N who="0" m="47690" /><D65/><U99/><E82/><V104/><F134/><W55/><G55/><T9/><D100/><U22/><E32/><V6/><F6/><N who="3" m="1119" /><G120/><T123/><D123/><U46/><E43/><V0/><F0/><W16/><AGARI ba="0,0" hai="13,15,16,21,24,91,95,97" m="1119,43563" machi="16" ten="30,3000,0" yaku="15,1,54,1" doraHai="118" who="3" fromWho="3" sc="377,-10,263,-10,121,-10,239,30" /><INIT seed="7,1,0,4,4,124" ten="367,253,111,269" oya="3" hai0="71,108,3,118,46,48,72,47,84,126,106,105,25" hai1="14,19,13,73,113,53,11,74,12,65,87,129,114" hai2="69,68,103,135,17,30,116,134,127,20,96,50,10" hai3="93,115,58,38,16,98,52,95,54,0,21,23,4"/><W128/><G38/><T24/><D108/><U59/><E65/><V125/><F30/><W75/><G128/><T61/><D72/><U34/><E34/><V85/><F10/><W15/><G75/><N who="1" m="28682" /><E129/><V35/><F35/><W90/><G115/><N who="1" m="44042" /><E87/><V80/><F50/><W79/><G79/><T117/><D48/><U1/><E1/><V63/><F116/><W99/><G0/><T8/><D46/><U40/><E40/><V86/><F63/><AGARI ba="1,0" hai="11,12,13,14,19,53,59,63" m="44042,28682" machi="63" ten="30,1000,0" yaku="15,1" doraHai="124" who="1" fromWho="2" sc="367,0,253,13,111,-13,269,0" owari="367,46.7,266,-13.4,98,-40.2,269,6.9" /></mjloggm>