<mjloggm ver="2.3"><GO type="169" lobby="0"/><UN n0="%E3%81%94%E3%82%8B%E3%81%A3" n1="%53%63%61%6E%64%61%6C" n2="%6D%61%74%6F%30%36%30%33" n3="%41%4F%54" dan="17,16,17,18" rate="2173.42,2141.79,2212.91,2212.49" sx="M,M,M,F"/><TAIKYOKU oya="0"/><INIT seed="0,0,0,3,1,102" ten="250,250,250,250" oya="0" hai0="62,29,100,119,114,97,124,68,20,134,41,2,101" hai1="11,6,132,1,66,99,88,52,16,45,96,59,74" hai2="133,34,19,120,31,118,30,46,87,122,115,0,67" hai3="92,125,17,23,91,131,39,73,80,127,107,63,105"/><T57/><D114/><U71/><E132/><V70/><F115/><W47/><G63/><T21/><D119/><U40/><E74/><V94/><F0/><W82/><G39/><T64/><D134/><U55/><E71/><V123/><F133/><W69/><G69/><T44/><D124/><N who="3" m="47689" /><G47/><T43/><D2/><U128/><E128/><V8/><F46/><W22/><G22/><T56/><D101/><U18/><E66/><V85/><F118/><W95/><G95/><T4/><D4/><U103/><E88/><V130/><F130/><W121/><G131/><T33/><D21/><U113/><E113/><V93/><F93/><W50/><G50/><T5/><D5/><U79/><E79/><V13/><F94/><W75/><G17/><T117/><D20/><U14/><E1/><V65/><F31/><W112/><G23/><T83/><D117/><U111/><E111/><V77/><F70/><W26/><G26/><N who="0" m="18615" /><D83/><N who="3" m="31785" /><G121/><T58/><D44/><U9/><E9/><V109/><F109/><W135/><G135/><T24/><D24/><U27/><E27/><V89/><F34/><W49/><G49/><T108/><D108/><U129/><E129/><V98/><F30/><W126/><G112/><T7/><D7/><U76/><E18/><V116/><F123/><W60/><G60/><T36/><D36/><N who="1" m="21639" /><E6/><V25/><F122/><W54/><G54/><T72/><D72/><N who="3" m="27721" /><G126/><T3/><D3/><U48/><E55/><V35/><F120/><W86/><AGARI ba="0,0" hai="86,91,92,105,107" m="27721,31785,47689" machi="86" ten="40,8000,1" yaku="18,1,34,2,52,2" doraHai="102" who="3" fromWho="3" sc="250,-40,250,-20,250,-20,250,80" /><INIT seed="1,0,0,2,3,78" ten="210,230,230,330" oya="1" hai0="56,87,77,15,63,84,4,28,8,82,71,2,44" hai1="76,66,131,41,92,121,107,61,49,48,117,101,126" hai2="135,62,64,30,100,119,91,125,51,57,11,72,55" hai3="13,34,111,0,9,120,58,67,128,47,5,94,18"/><U86/><E121/><V80/><F119/><W39/><G120/><T36/><D71/><U98/><E117/><V133/><F125/><W65/><G111/><T29/><D2/><U40/><E126/><V12/><F100/><W114/><G114/><T85/><D36/><U46/><E131/><V17/><F30/><W132/><G132/><T52/><REACH who="0" step="1"/><D44/><REACH who="0" ten="200,230,230,330" step="2"/><U26/><E46/><N who="2" m="28151" /><F72/><AGARI ba="0,1" hai="4,8,15,28,29,52,56,63,72,77,82,84,85,87" machi="72" ten="40,5200,0" yaku="1,1,52,1,54,1,53,0" doraHai="78" doraHaiUra="103" who="0" fromWho="2" sc="200,62,230,0,230,-52,330,0" /><INIT seed="2,0,0,3,2,72" ten="262,230,178,330" oya="2" hai0="56,88,40,106,46,71,25,74,41,75,91,104,122" hai1="58,78,20,67,23,87,5,110,18,15,57,19,0" hai2="130,80,30,97,36,2,90,34,52,10,21,118,93" hai3="32,31,33,73,27,48,63,96,69,39,94,125,102"/><V107/><F118/><W17/><G39/><T16/><D122/><U103/><E110/><V59/><F130/><W4/><G125/><T114/><D71/><U38/><E38/><V54/><F36/><W128/><G128/><T83/><D114/><U42/><E42/><V100/><F34/><W77/><G4/><T68/><D68/><U121/><E103/><V14/><F80/><W133/><G133/><T115/><D56/><U35/><E35/><V29/><F2/><W51/><G33/><T13/><D25/><U124/><E121/><V127/><F127/><W49/><G17/><T44/><D83/><N who="1" m="47607" /><E0/><V89/><F54/><W108/><G108/><T134/><D13/><N who="1" m="9295" /><E124/><V12/><F12/><W43/><G43/><T62/><D16/><U65/><E5/><V131/><F131/><W37/><G37/><T101/><D101/><U22/><E22/><V113/><F113/><W50/><G73/><T99/><D115/><U24/><E24/><N who="2" m="16527" /><F107/><W86/><G69/><T60/><REACH who="0" step="1"/><D99/><REACH who="0" ten="252,230,178,330" step="2"/><U117/><E117/><V9/><F30/><W84/><G31/><T1/><D1/><U55/><E58/><V105/><F105/><W82/><G27/><T7/><D7/><U109/><E109/><V45/><F45/><W11/><G96/><T132/><AGARI ba="0,1" hai="40,41,44,46,60,62,74,75,88,91,104,106,132,134" machi="132" ten="25,8000,1" yaku="1,1,0,1,22,2,54,1,53,0" doraHai="72" doraHaiUra="111" who="0" fromWho="0" sc="252,90,230,-20,178,-40,330,-20" /><INIT seed="3,0,0,2,1,41" ten="342,210,138,310" oya="3" hai0="63,44,123,21,87,103,35,128,92,101,110,15,3" hai1="104,37,75,85,40,36,88,32,126,61,68,22,119" hai2="93,134,27,7,23,65,1,45,94,109,33,71,89" hai3="25,95,60,2,6,52,82,12,108,76,58,30,38"/><W5/><G38/><T20/><D123/><U111/><E32/><V26/><F109/><W124/><G124/><T130/><D35/><U129/><E75/><V34/><F134/><W46/><G108/><T97/><D3/><U69/><E104/><V47/><F1/><W53/><G2/><T11/><D101/><U122/><E69/><V77/><F77/><W90/><G12/><T100/><D100/><U98/><E119/><V135/><F7/><W86/><G53/><T96/><D96/><U78/><E68/><V39/><F135/><W55/><G55/><T50/><D63/><U107/><E107/><V66/><F71/><W70/><G46/><T31/><D87/><U24/><E37/><V99/><F39/><W73/><REACH who="3" step="1"/><G70/><REACH who="3" ten="342,210,138,300" step="2"/><T114/><D110/><U105/><E36/><V8/><F8/><W106/><G106/><T131/><D114/><U83/><E105/><V125/><F125/><W102/><G102/><T121/><D121/><U132/><E122/><V43/><F43/><W28/><G28/><T18/><D31/><U91/><E126/><V59/><F59/><W42/><G42/><AGARI ba="0,1" hai="11,15,18,20,21,42,44,50,92,97,103,128,130,131" machi="42" ten="40,2600,0" yaku="19,1,52,1" doraHai="41" who="0" fromWho="3" sc="342,36,210,0,138,0,300,-26" /><INIT seed="4,0,0,1,0,70" ten="378,210,138,274" oya="0" hai0="37,98,83,43,112,15,116,2,109,64,77,80,9" hai1="123,114,107,103,126,115,13,99,79,78,125,96,63" hai2="61,21,74,86,121,36,102,133,67,11,69,20,49" hai3="104,135,33,22,12,47,111,59,3,71,87,88,24"/><T93/><D116/><U62/><E13/><V65/><F121/><W23/><G71/><T120/><D112/><N who="1" m="43051" /><E123/><V31/><F133/><W7/><G111/><T73/><D109/><U10/><E10/><V25/><F74/><W128/><G104/><T51/><D64/><U6/><E6/><V110/><F110/><W72/><G72/><T118/><D118/><U0/><E0/><V35/><F65/><W132/><G128/><T134/><D134/><N who="3" m="51241" /><G3/><T75/><D120/><U84/><E62/><V129/><F129/><W30/><G59/><T53/><D2/><U39/><E63/><V41/><F49/><W19/><G7/><T52/><D51/><U50/><E50/><V29/><F29/><W45/><G23/><T34/><D34/><U42/><E42/><V57/><F69/><W1/><G1/><T68/><D68/><U28/><E28/><V108/><F108/><W18/><G18/><T60/><D60/><U89/><E39/><V27/><F27/><W106/><G106/><T54/><D37/><U56/><E56/><V76/><F102/><W91/><G91/><T85/><D43/><U58/><E58/><V8/><F35/><W127/><G127/><N who="1" m="48650" /><E96/><V16/><F31/><W38/><G38/><T119/><D98/><U4/><E4/><V82/><REACH who="2" step="1"/><F21/><REACH who="2" ten="378,210,128,274" step="2"/><W66/><G66/><T40/><D119/><U46/><E46/><AGARI ba="0,1" hai="8,11,16,20,25,36,41,46,57,61,67,76,82,86" machi="46" ten="40,8000,1" yaku="1,1,2,1,52,1,54,1,53,1" doraHai="70" doraHaiUra="17" who="2" fromWho="1" sc="378,0,210,-80,128,90,274,0" /><INIT seed="5,0,0,3,5,123" ten="378,130,218,274" oya="1" hai0="89,105,15,92,77,114,46,85,12,118,83,75,49" hai1="80,48,111,51,82,104,1,60,40,23,59,57,84" hai2="127,109,116,90,66,4,68,52,22,26,45,16,86" hai3="44,73,117,91,61,79,29,31,113,50,135,99,38"/><U8/><E104/><V128/><F116/><W62/><G38/><T10/><D118/><U35/><E35/><V103/><F127/><W71/><G117/><T20/><D114/><U124/><E124/><V112/><F112/><W130/><G113/><T33/><D33/><U98/><E98/><V121/><F121/><W93/><G130/><T54/><D10/><U11/><E23/><V78/><F128/><W122/><G135/><T107/><D20/><U120/><E120/><V37/><F109/><W106/><G122/><T0/><D0/><U28/><E28/><V101/><F78/><W100/><G71/><T14/><AGARI ba="0,0" hai="12,14,15,46,49,54,75,77,83,85,89,92,105,107" machi="14" ten="30,1100,0" yaku="0,1" doraHai="123" who="0" fromWho="0" sc="378,11,130,-5,218,-3,274,-3" /><INIT seed="6,0,0,3,5,126" ten="389,125,215,271" oya="2" hai0="123,42,122,21,99,90,125,70,65,44,106,57,28" hai1="19,40,61,63,62,131,37,34,128,5,80,20,69" hai2="26,113,83,52,24,98,75,84,121,118,130,132,134" hai3="92,93,22,116,115,23,64,29,15,59,133,89,82"/><V45/><F118/><W111/><G111/><T7/><D125/><U135/><E135/><N who="2" m="51755" /><F121/><W3/><G3/><T46/><D46/><N who="1" m="23823" /><E34/><V25/><F113/><W77/><G133/><T114/><D7/><U39/><E39/><V81/><F75/><W9/><G115/><T79/><D79/><U129/><E5/><V124/><F124/><W117/><G93/><T48/><D114/><U1/><E80/><N who="2" m="30795" /><F84/><N who="3" m="48207" /><G29/><T4/><D4/><U36/><E36/><V76/><F76/><W58/><G117/><T6/><D6/><U72/><E72/><V30/><F98/><N who="3" m="57615" /><G116/><T86/><D122/><U38/><E38/><V54/><F30/><W11/><G64/><T67/><D67/><N who="1" m="41199" /><E1/><V8/><F8/><N who="3" m="3147" /><G23/><T27/><D21/><U103/><E103/><V110/><F110/><W102/><G102/><T12/><D123/><U55/><E55/><N who="2" m="21035" /><F45/><W94/><G94/><T87/><D44/><U10/><E10/><V43/><F43/><W41/><G41/><T50/><D42/><U0/><E0/><V96/><F96/><W49/><G49/><T107/><D99/><U53/><E53/><V56/><F56/><W119/><G119/><T31/><D48/><U88/><E88/><V104/><F104/><W97/><G97/><T95/><D50/><U105/><E105/><V85/><F85/><W51/><G51/><T32/><D86/><U33/><E33/><V109/><F109/><W60/><G60/><N who="0" m="38031" /><D106/><U2/><E2/><V66/><F66/><W100/><G100/><T13/><D107/><U68/><E68/><V78/><F78/><W120/><G120/><T74/><D70/><RYUUKYOKU ba="0,0" sc="389,-30,125,10,215,10,271,10" hai1="19,20,62,63,128,129,131" hai2="24,25,26,130" hai3="15,22,58,59" /><INIT seed="6,1,0,3,2,120" ten="359,135,225,281" oya="2" hai0="49,118,20,94,99,31,26,63,126,19,15,42,57" hai1="107,116,91,123,13,128,74,125,121,95,83,70,103" hai2="59,7,77,133,44,51,3,23,86,46,115,48,92" hai3="54,110,134,117,98,124,34,76,62,122,8,100,104"/><V28/><F115/><W21/><G122/><N who="1" m="46602" /><E13/><V56/><F133/><W37/><G37/><T75/><D75/><U64/><E64/><V30/><F3/><W85/><G124/><T22/><D126/><U87/><E70/><V9/><F7/><W113/><G34/><T135/><D135/><U78/><E125/><V36/><F9/><W127/><G113/><T0/><D0/><U14/><E14/><V129/><F129/><W32/><G32/><T17/><D118/><U109/><E128/><V27/><F30/><W71/><G117/><T80/><D80/><U72/><E116/><V108/><F108/><W84/><G110/><T41/><D49/><N who="2" m="19018" /><F36/><W52/><G8/><T88/><D31/><U105/><E109/><V10/><F10/><W53/><G127/><T93/><D93/><U81/><E72/><V65/><F92/><W11/><G11/><T45/><D45/><N who="2" m="17514" /><F65/><AGARI ba="1,0" hai="15,17,19,20,22,26,41,42,57,63,65,88,94,99" machi="65" ten="30,3900,0" yaku="7,1,8,1,54,1" doraHai="120" who="0" fromWho="2" sc="359,42,135,0,225,-42,281,0" /><INIT seed="7,0,0,0,4,116" ten="401,135,183,281" oya="3" hai0="29,132,103,101,38,95,44,128,121,64,75,25,84" hai1="19,124,79,40,114,23,3,49,53,125,11,42,66" hai2="57,130,129,107,32,41,72,69,17,43,87,48,50" hai3="100,46,54,92,133,118,4,81,106,56,51,117,94"/><W85/><G133/><T31/><D121/><U122/><E114/><V68/><F72/><W21/><G106/><T18/><D75/><U27/><E66/><V108/><F107/><W34/><G34/><T55/><D64/><U60/><E60/><V52/><F108/><W80/><G80/><T109/><D109/><U35/><E35/><V90/><F32/><W126/><G126/><N who="1" m="48746" /><E79/><V67/><F17/><W71/><G71/><N who="2" m="27209" /><F67/><W0/><G0/><T28/><D84/><U8/><E42/><N who="2" m="15883" /><F87/><W1/><G85/><T86/><D18/><U63/><E40/><V62/><F90/><W14/><G118/><T113/><D95/><U61/><E63/><V70/><F70/><W77/><G94/><T7/><D86/><U112/><E61/><V74/><F74/><W110/><G92/><T115/><D115/><U9/><E112/><V13/><F13/><W59/><G14/><T36/><D113/><U135/><E135/><V22/><F22/><W111/><G21/><T6/><D132/><U102/><E102/><V5/><F5/><W105/><G100/><T127/><D6/><U123/><E3/><V104/><F104/><W96/><G105/><T24/><D7/><U82/><E82/><V78/><F78/><W134/><G4/><T99/><D101/><U33/><E33/><V83/><F83/><W119/><G81/><T15/><D103/><U30/><E19/><V98/><F98/><W10/><G96/><T2/><D99/><U26/><E26/><V16/><F16/><W65/><G111/><T12/><D127/><U120/><E8/><V91/><F62/><RYUUKYOKU ba="0,0" sc="401,-10,135,30,183,-10,281,-10" hai1="9,11,23,27,30,49,53,120,122,123" owari="391,49.1,165,-33.5,173,-22.7,271,7.1" /></mjloggm>