<mjloggm ver="2.3"><GO type="169" lobby="0"/><UN n0="%E9%87%A3%E3%82%8A%E6%97%A5%E5%92%8C" n1="%6B%69%72%61%72%69%79%75" n2="%E7%88%86%E7%89%8C%E3%82%A6%E3%82%B7%E3%82%B8%E3%83%9E%E3%81%8F%E3%82%93" n3="%E3%82%B9%E3%83%9E%E3%83%9B%E3%81%82%E3%81%96%E3%82%89%E3%81%97" dan="18,16,19,17" rate="2239.11,2112.90,2241.79,2148.25" sx="M,M,M,M"/><TAIKYOKU oya="0"/><INIT seed="0,0,0,0,5,124" ten="250,250,250,250" oya="0" hai0="65,57,127,47,1,119,4,59,108,131,113,96,64" hai1="12,125,91,112,41,7,129,19,16,117,29,31,120" hai2="97,53,63,27,86,81,101,58,80,118,82,42,73" hai3="79,10,0,110,69,46,75,109,107,66,15,72,21"/><T48/><D113/><U122/><E41/><V43/><F118/><W55/><G107/><T115/><D115/><U111/><E112/><V98/><F73/><W49/><G0/><T87/><D119/><U33/><E117/><V134/><F134/><W88/><G21/><T28/><D28/><U70/><E70/><V90/><F27/><W106/><G106/><T99/><D4/><U34/><E91/><V8/><F8/><W24/><G24/><T2/><D87/><U17/><E125/><V133/><F133/><W132/><G132/><T116/><D116/><U67/><E67/><V104/><REACH who="2" step="1"/><F98/><REACH who="2" ten="250,250,240,250" step="2"/><W40/><G72/><T105/><D96/><U89/><E122/><V30/><F30/><W26/><G10/><T44/><D99/><U9/><E120/><V130/><F130/><W102/><G26/><T74/><D131/><U51/><E129/><V35/><F35/><W6/><G75/><T45/><D74/><U93/><E31/><V85/><F85/><W3/><G109/><T14/><D108/><U5/><E111/><V135/><F135/><W38/><G110/><T60/><D127/><U37/><E29/><V22/><F22/><W20/><G20/><T32/><D32/><U56/><E34/><V62/><F62/><W126/><G126/><T128/><D60/><U18/><E37/><V54/><F54/><W84/><G55/><T11/><D11/><U92/><E33/><V114/><F114/><W94/><G38/><T95/><D128/><U68/><E9/><V103/><F103/><W13/><G102/><T76/><D1/><U50/><E5/><RYUUKYOKU ba="0,1" sc="250,-10,250,-10,240,30,250,-10" hai2="42,43,53,58,63,80,81,82,86,90,97,101,104" /><INIT seed="1,1,1,0,2,58" ten="240,240,270,240" oya="1" hai0="68,62,124,56,97,77,81,101,110,78,27,25,4" hai1="43,24,113,86,29,95,54,66,82,16,37,41,21" hai2="5,63,79,129,34,32,96,94,74,65,105,45,88" hai3="23,38,2,75,50,46,99,12,35,87,131,48,36"/><U122/><E113/><V115/><F115/><W132/><G75/><T90/><D68/><U28/><E122/><V18/><F129/><W69/><G2/><T100/><D110/><U20/><E37/><V9/><F105/><W125/><G35/><T6/><D124/><U31/><E66/><V106/><F106/><W19/><G125/><T85/><D77/><N who="1" m="46415" /><E95/><V57/><F18/><W128/><G69/><T60/><D56/><U8/><E8/><V40/><F79/><W30/><G30/><N who="1" m="11882" /><E54/><V64/><F74/><W119/><G119/><T39/><D39/><U92/><E92/><V121/><F65/><W116/><G116/><T84/><D78/><U126/><E126/><V107/><F107/><W51/><G132/><T33/><D33/><U70/><E70/><V76/><F76/><W11/><G99/><T26/><D97/><U91/><E91/><V114/><F114/><W117/><G117/><T133/><D133/><U53/><E53/><V15/><REACH who="2" step="1"/><F121/><REACH who="2" ten="240,240,260,240" step="2"/><W80/><G128/><T134/><D134/><U3/><E16/><V109/><F109/><W1/><G131/><T72/><D72/><U49/><E31/><V59/><F59/><W127/><G127/><T123/><D123/><U120/><E120/><V13/><F13/><W55/><G12/><T42/><D26/><U71/><E71/><V10/><F10/><W22/><G11/><T89/><D81/><U98/><E24/><V17/><F17/><W112/><G19/><T104/><D104/><U93/><E3/><V130/><F130/><W111/><G112/><T61/><D27/><U135/><E135/><RYUUKYOKU ba="1,2" sc="240,-10,240,-10,260,30,240,-10" hai2="5,9,15,32,34,40,45,57,63,64,88,94,96" /><INIT seed="2,2,2,1,5,131" ten="230,230,290,230" oya="2" hai0="115,110,97,113,98,4,38,6,74,14,43,117,36" hai1="8,124,105,77,19,100,48,122,83,103,20,119,111" hai2="87,88,118,1,26,47,12,45,11,61,72,50,39" hai3="24,3,17,16,108,70,78,86,18,33,120,106,85"/><V46/><F72/><W102/><G120/><T32/><D74/><U2/><E122/><V44/><F118/><W112/><G3/><T134/><D32/><U75/><E119/><V81/><F1/><W123/><G123/><T60/><D117/><U135/><E111/><V114/><F114/><W69/><G112/><T5/><D14/><U73/><E73/><V53/><F61/><W68/><G108/><T23/><D23/><U101/><E124/><V91/><F26/><W92/><G106/><T22/><D22/><U37/><E37/><V96/><F39/><W76/><G102/><T94/><D5/><U107/><E48/><V71/><F71/><W42/><G42/><T15/><D15/><U133/><E8/><V66/><F66/><W127/><G127/><T93/><D110/><U104/><REACH who="1" step="1"/><E2/><REACH who="1" ten="230,220,290,230" step="2"/><V7/><F96/><W82/><G33/><T132/><D60/><U40/><E40/><AGARI ba="2,3" hai="4,6,36,38,40,43,93,94,97,98,113,115,132,134" machi="40" ten="25,6400,0" yaku="22,2,52,2" doraHai="131" who="0" fromWho="1" sc="230,100,220,-70,290,0,230,0" /><INIT seed="3,0,0,3,1,56" ten="330,150,290,230" oya="3" hai0="25,89,13,109,0,39,65,113,9,107,52,100,133" hai1="68,125,76,84,38,27,130,111,61,28,70,104,32" hai2="48,72,53,12,99,110,15,112,37,128,119,92,45" hai3="24,66,49,44,102,3,134,60,129,46,14,35,8"/><W85/><G3/><T101/><D39/><U108/><E104/><V69/><F112/><W87/><G129/><T71/><D0/><U36/><E130/><V103/><F128/><W126/><G126/><T78/><D78/><U58/><E125/><V122/><F119/><W51/><G134/><T30/><D107/><U7/><E7/><V127/><F127/><W116/><G116/><T22/><D133/><U5/><E5/><V34/><F34/><W75/><G75/><T50/><D89/><U132/><E132/><V54/><F69/><W59/><G102/><T96/><D109/><N who="1" m="42059" /><E38/><V115/><F115/><W1/><G1/><T40/><D40/><U94/><E36/><V21/><F110/><W18/><G35/><T63/><D96/><U57/><E57/><V86/><F72/><W64/><G64/><T93/><D93/><U82/><E94/><V55/><F37/><W29/><G24/><T124/><D124/><U106/><E106/><V90/><F122/><W83/><G29/><T105/><D105/><U23/><E32/><V62/><F21/><W131/><G131/><T117/><D117/><U88/><E76/><V42/><REACH who="2" step="1"/><F62/><REACH who="2" ten="330,150,280,230" step="2"/><W135/><G135/><T43/><D113/><U2/><E2/><V80/><AGARI ba="0,1" hai="12,15,42,45,48,53,54,55,80,86,90,92,99,103" machi="80" ten="30,8000,1" yaku="1,1,2,1,0,1,8,1,53,1" doraHai="56" doraHaiUra="77" who="2" fromWho="2" sc="330,-20,150,-20,280,90,230,-40" /><INIT seed="4,0,0,5,3,88" ten="310,130,370,190" oya="0" hai0="5,116,94,36,13,134,82,122,26,45,69,48,21" hai1="40,51,132,20,16,49,28,46,85,54,2,91,7" hai2="64,27,81,59,78,56,105,23,87,1,115,111,55" hai3="92,135,15,24,84,70,4,103,80,33,8,98,32"/><T90/><D116/><U63/><E132/><V130/><F111/><W100/><G70/><T71/><D36/><U25/><E63/><V129/><F105/><W57/><G135/><T104/><D104/><U68/><E68/><V38/><F38/><W44/><G100/><T95/><D122/><U62/><E62/><V53/><F1/><W110/><G110/><T101/><D134/><U72/><E72/><V47/><F115/><W125/><G125/><T86/><D101/><U30/><E7/><V66/><F47/><W14/><G57/><N who="2" m="22089" /><F130/><W127/><G127/><T120/><D120/><U3/><E3/><V73/><F73/><W18/><G44/><T93/><D13/><U96/><E96/><V52/><F129/><W108/><G24/><T77/><D5/><U39/><E39/><V9/><F9/><W12/><G108/><T133/><D133/><U67/><E67/><V89/><F78/><W11/><REACH who="3" step="1"/><G14/><REACH who="3" ten="310,130,370,180" step="2"/><T79/><D69/><U119/><E2/><V19/><AGARI ba="0,1" hai="19,23,27,52,53,55,64,66,81,87,89" m="22089" machi="19" ten="30,2000,0" yaku="8,1,54,1" doraHai="88" who="2" fromWho="2" sc="310,-10,130,-5,370,30,180,-5" /><INIT seed="5,0,0,3,0,34" ten="300,125,400,175" oya="1" hai0="56,116,19,61,119,115,28,80,122,91,59,37,105" hai1="25,95,104,10,60,106,134,50,132,85,54,35,49" hai2="130,118,108,63,0,94,27,123,107,33,58,16,66" hai3="71,41,99,79,76,29,3,84,57,72,87,7,117"/><U44/><E60/><V109/><F118/><W96/><G71/><T128/><D37/><U93/><E10/><V112/><F123/><W52/><G117/><T9/><D122/><U101/><E49/><V24/><F107/><W39/><G29/><T67/><D28/><N who="1" m="19855" /><E101/><V74/><F33/><W2/><G57/><T18/><D18/><U135/><E95/><V114/><F74/><W133/><G72/><T53/><D91/><AGARI ba="0,0" hai="44,50,54,85,91,93,104,106,132,134,135" m="19855" machi="91" ten="30,1500,0" yaku="20,1" doraHai="34" who="1" fromWho="0" sc="300,-15,125,15,400,0,175,0" /><INIT seed="5,1,0,3,0,79" ten="285,140,400,175" oya="1" hai0="61,115,58,40,14,106,104,76,34,96,16,63,2" hai1="70,22,60,103,119,43,62,97,102,78,44,94,35" hai2="25,93,100,85,89,95,73,55,39,128,9,48,117" hai3="54,27,135,4,92,124,126,75,108,99,107,6,90"/><U81/><E35/><V12/><F39/><W29/><G108/><T13/><D2/><U47/><E119/><V101/><F73/><W87/><G75/><T28/><D115/><U38/><E47/><V66/><F128/><W114/><G114/><T45/><D76/><U11/><E22/><V121/><F121/><W50/><G135/><T83/><D13/><U32/><E32/><V74/><F74/><W15/><G107/><T71/><D71/><U122/><E122/><V88/><F25/><W120/><G120/><T42/><D28/><U69/><E103/><V7/><F66/><W41/><G41/><T57/><D34/><U123/><E123/><V5/><F5/><W51/><G99/><T49/><D40/><U127/><E127/><N who="3" m="48682" /><G15/><T31/><D96/><U46/><E46/><N who="2" m="28055" /><F117/><W129/><G129/><T68/><D106/><U131/><E131/><V113/><F113/><W37/><G37/><T130/><D104/><U36/><E36/><V86/><AGARI ba="1,0" hai="7,9,12,85,86,88,89,93,95,100,101" m="28055" machi="86" ten="30,2000,0" yaku="8,1,54,1" doraHai="79" who="2" fromWho="2" sc="285,-6,140,-11,400,23,175,-6" /><INIT seed="6,0,0,2,3,23" ten="279,129,423,169" oya="2" hai0="134,85,115,46,112,42,86,11,9,20,3,2,83" hai1="82,98,131,44,110,91,92,72,75,39,102,19,122" hai2="32,94,40,30,109,130,13,80,93,108,127,1,126" hai3="81,49,48,18,74,10,58,55,45,101,22,14,87"/><V103/><F1/><W43/><G74/><T25/><D134/><U96/><E39/><V97/><F40/><W41/><G101/><T4/><D9/><U65/><E65/><V24/><F130/><W12/><G41/><T89/><D85/><N who="1" m="50615" /><E44/><V52/><F80/><W120/><G120/><T33/><D33/><U28/><E19/><V54/><F13/><W62/><G12/><T135/><D135/><U27/><E28/><V73/><F94/><W31/><G31/><T111/><D111/><N who="2" m="42570" /><F73/><N who="1" m="28233" /><E27/><V61/><F61/><W124/><G124/><AGARI ba="0,0" hai="24,30,32,52,54,93,97,103,124,126,127" m="42570" machi="124" ten="30,11600,0" yaku="18,1,10,1,52,1,54,1" doraHai="23" who="2" fromWho="3" sc="279,0,129,0,423,116,169,-116" /><INIT seed="6,1,0,0,0,79" ten="279,129,539,53" oya="2" hai0="33,115,45,77,50,28,117,116,126,25,94,0,62" hai1="20,64,127,69,96,23,111,24,54,22,48,21,132" hai2="122,88,52,40,119,106,44,91,35,105,80,86,14" hai3="19,85,68,84,46,70,97,2,9,1,57,92,4"/><V59/><F119/><N who="0" m="45642" /><D0/><U13/><E111/><V16/><F122/><W93/><G57/><T76/><D115/><U43/><E43/><V31/><F35/><W112/><G112/><T36/><D36/><U128/><E128/><V66/><F31/><W5/><G46/><T26/><D126/><U129/><E129/><V103/><F66/><W114/><G114/><T63/><D26/><U89/><E132/><V109/><F91/><W99/><REACH who="3" step="1"/><G9/><REACH who="3" ten="279,129,539,43" step="2"/><T29/><D45/><N who="1" m="27919" /><E69/><V107/><F59/><W72/><G72/><T124/><D124/><U11/><E11/><V55/><F44/><W123/><G123/><T78/><D63/><U74/><E74/><V7/><F109/><W49/><G49/><T108/><D50/><U53/><E24/><V100/><F55/><W95/><G95/><T10/><D94/><U90/><E53/><V75/><F52/><W27/><G27/><T130/><D62/><U125/><E125/><V39/><F40/><W67/><G67/><T133/><D108/><U135/><E64/><V41/><F41/><W65/><G65/><T3/><D130/><U101/><E127/><V61/><F61/><W56/><G56/><T102/><D25/><U81/><E135/><V37/><F37/><W73/><G73/><T51/><D51/><U17/><E23/><V32/><F39/><W113/><G113/><T30/><D133/><U15/><E22/><V47/><F75/><W121/><G121/><T131/><D131/><U98/><E21/><V110/><F47/><W134/><G134/><T60/><D60/><U71/><E20/><V87/><F110/><RYUUKYOKU ba="1,1" sc="279,-10,129,-10,539,-10,43,30" hai3="1,2,4,5,19,68,70,84,85,92,93,97,99" /><INIT seed="7,2,1,4,2,77" ten="269,119,529,73" oya="3" hai0="56,109,121,131,99,86,80,115,118,87,28,125,106" hai1="52,36,119,42,61,29,97,73,13,71,123,27,89" hai2="50,101,6,132,53,59,11,44,98,9,88,32,120" hai3="48,57,91,133,112,124,7,74,94,72,82,65,5"/><W108/><G112/><T128/><D109/><U34/><E123/><V22/><F120/><W127/><G108/><T114/><D121/><U15/><E73/><V41/><F32/><W110/><G110/><T37/><D118/><U17/><E119/><V116/><F116/><W95/><G133/><T111/><D111/><U81/><E42/><V104/><F132/><W90/><G65/><T130/><D37/><U107/><E36/><V49/><F6/><N who="3" m="2059" /><G57/><T23/><D87/><U102/><E52/><V25/><F88/><N who="3" m="33835" /><G48/><T135/><D135/><U26/><E26/><V126/><F126/><N who="3" m="48171" /><G82/><T84/><D80/><U79/><E89/><V20/><F20/><W12/><G12/><T8/><D56/><U38/><E38/><V92/><F92/><AGARI ba="2,1" hai="72,74,92,94,95" m="48171,33835,2059" machi="92" ten="30,11600,0" yaku="28,2,18,1,54,1" doraHai="77" who="3" fromWho="2" sc="269,0,119,0,529,-122,73,132" /><INIT seed="7,3,0,2,5,115" ten="269,119,407,205" oya="3" hai0="29,91,119,4,132,68,133,65,20,135,42,131,0" hai1="99,44,22,89,50,64,52,55,61,19,70,56,11" hai2="73,95,111,80,82,5,38,31,59,116,62,134,128" hai3="127,35,75,103,28,1,76,72,107,37,105,54,126"/><W122/><G122/><T53/><D131/><U32/><E32/><V90/><F116/><W30/><G54/><T49/><D119/><U16/><E11/><V85/><F128/><W47/><G1/><T123/><D123/><U48/><REACH who="1" step="1"/><E22/><REACH who="1" ten="269,109,407,205" step="2"/><V108/><F134/><W118/><G35/><T92/><D20/><U60/><E60/><V74/><F5/><W40/><G118/><T46/><D4/><U114/><E114/><V9/><F9/><W71/><G126/><T102/><D133/><U12/><E12/><V45/><F62/><W79/><G127/><T18/><D0/><U58/><E58/><V121/><F59/><W98/><G71/><T110/><D68/><U93/><AGARI ba="3,1" hai="16,19,44,48,50,52,55,56,61,64,70,89,93,99" machi="93" ten="30,7900,0" yaku="1,1,0,1,54,2,53,0" doraHai="115" doraHaiUra="113" who="1" fromWho="1" sc="269,-23,109,98,407,-23,205,-42" owari="246,4.6,207,-19.3,384,48.4,163,-33.7" /></mjloggm>