<mjloggm ver="2.3"><GO type="169" lobby="0"/><UN n0="%E5%9C%A8%E5%8E%9F%E4%B8%83%E6%B5%B7%E5%A4%A7%E5%A5%BD%E3%81%8D" n1="%E3%81%8F%E3%81%8E%E3%82%85%E3%81%86%E3%81%86%E3%81%86%E3%81%86" n2="%E7%AD%89%E3%80%85%E5%8A%9B%E5%8A%87%E5%A0%B4" n3="%E7%89%8C%E6%B5%81%E7%8A%B6%E6%85%8B%E9%BA%BB%E9%9B%80" dan="17,18,16,16" rate="2224.14,2241.78,2155.95,2136.62" sx="M,M,M,M"/><TAIKYOKU oya="0"/><INIT seed="0,0,0,1,0,45" ten="250,250,250,250" oya="0" hai0="51,64,83,0,55,52,9,92,13,74,30,123,132" hai1="56,126,110,82,101,33,103,114,53,2,91,7,3" hai2="111,31,125,4,87,85,48,35,116,37,29,73,65" hai3="122,27,20,38,41,96,99,107,98,67,100,22,10"/><T54/><D123/><U84/><E110/><V133/><F37/><W88/><G122/><T86/><D0/><U128/><E128/><V72/><F65/><W77/><G77/><T81/><D64/><U121/><E121/><V93/><F4/><W23/><G67/><T131/><D30/><U75/><E126/><V14/><F14/><W12/><G38/><T102/><D74/><U18/><E33/><V108/><F93/><W119/><G41/><T16/><D132/><U40/><E114/><V68/><F35/><W78/><G78/><N who="0" m="46391" /><D83/><U58/><E75/><V70/><F133/><W50/><G119/><T134/><D131/><U42/><E2/><V62/><F62/><W5/><G27/><T39/><D39/><U32/><E32/><V76/><F76/><W6/><G6/><T90/><D102/><U117/><E103/><V105/><F105/><W49/><REACH who="3" step="1"/><G99/><REACH who="3" ten="250,250,250,240" step="2"/><N who="0" m="57751" /><D134/><U11/><E117/><V59/><F116/><W104/><G104/><T69/><D69/><U43/><E7/><V71/><F71/><W25/><G25/><T57/><AGARI ba="0,1" hai="9,13,16,51,52,54,55,57" m="57751,46391" machi="57" ten="30,11700,0" yaku="8,1,52,1,54,2" doraHai="45" who="0" fromWho="0" sc="250,127,250,-39,250,-39,240,-39" /><INIT seed="0,1,0,3,3,68" ten="377,211,211,201" oya="0" hai0="37,40,54,67,33,36,8,49,61,124,7,9,1" hai1="69,93,18,21,24,55,52,48,95,77,71,46,109" hai2="11,105,86,133,103,12,92,15,56,19,66,10,97" hai3="64,127,118,132,51,42,94,123,44,29,79,84,126"/><T129/><D33/><U83/><E109/><V58/><F133/><W113/><G113/><T81/><D9/><U57/><E71/><V45/><F66/><W30/><G118/><T16/><D40/><U5/><E5/><V106/><F45/><W85/><G132/><T98/><D98/><U104/><E69/><V2/><F2/><W27/><G123/><T112/><D112/><U110/><E104/><V70/><F70/><W119/><G119/><T87/><D124/><U50/><REACH who="1" step="1"/><E110/><REACH who="1" ten="377,201,211,201" step="2"/><V34/><F106/><W72/><G127/><T90/><D129/><U101/><E101/><V80/><F105/><W78/><G126/><T88/><D90/><U128/><E128/><V28/><F103/><W60/><G79/><T31/><D31/><U13/><E13/><V14/><F15/><W65/><G30/><T32/><D32/><U41/><E41/><V120/><F14/><W4/><G4/><T102/><D102/><U25/><E25/><V35/><F12/><W53/><G27/><T99/><D16/><U122/><E122/><V130/><F19/><W26/><G26/><T3/><D3/><U43/><E43/><V96/><F120/><W116/><G29/><T59/><D99/><U131/><E131/><V62/><F97/><W100/><G100/><T22/><D22/><U91/><E91/><V17/><F17/><W117/><G117/><T107/><D107/><U20/><E20/><V47/><F130/><W6/><G116/><T23/><D23/><U125/><E125/><V73/><F35/><W121/><G121/><T111/><D111/><U63/><E63/><RYUUKYOKU ba="1,1" sc="377,15,201,15,211,-15,201,-15" hai0="1,7,8,36,37,49,54,59,61,67,81,87,88" hai1="18,21,24,46,48,50,52,55,57,77,83,93,95" /><INIT seed="0,2,1,2,3,18" ten="392,216,196,186" oya="0" hai0="49,120,124,86,10,64,52,13,8,63,123,119,99" hai1="114,117,15,105,66,118,93,28,9,110,131,11,51" hai2="36,128,35,24,37,85,87,126,55,45,31,127,109" hai3="2,90,97,38,6,103,21,104,107,17,14,44,81"/><T68/><D119/><U25/><E105/><V122/><F122/><W82/><G107/><T116/><D116/><U100/><E110/><V23/><F109/><W111/><G111/><T125/><D8/><U115/><E66/><V33/><F128/><W19/><G2/><T1/><D1/><U75/><E75/><V48/><F87/><W70/><G6/><T59/><D99/><N who="1" m="59503" /><E51/><V50/><F48/><W113/><G70/><T106/><D86/><U94/><E94/><V22/><F35/><W47/><G113/><N who="1" m="43018" /><E9/><V42/><F85/><W77/><G38/><T41/><D106/><U12/><E12/><V80/><F80/><W78/><G90/><T108/><D108/><U61/><E61/><V98/><F98/><W88/><G88/><T89/><D89/><U46/><E46/><V67/><F67/><W132/><G47/><N who="0" m="25839" /><D13/><U54/><E54/><V0/><F0/><W129/><G104/><T102/><D10/><U16/><E131/><V5/><F37/><W7/><G14/><T27/><D27/><U133/><E133/><V74/><F74/><W134/><G129/><T40/><D40/><U39/><E39/><V71/><F71/><W4/><G134/><T101/><D101/><U56/><E56/><V95/><F95/><W34/><G103/><T76/><D102/><U3/><E3/><V32/><F36/><W29/><G132/><T30/><D68/><U83/><E83/><V96/><F42/><W72/><G82/><T73/><D64/><U69/><E69/><V121/><F55/><W57/><G81/><N who="0" m="45199" /><D52/><U62/><E62/><V58/><F50/><RYUUKYOKU ba="2,1" sc="392,-10,216,30,196,-10,186,-10" hai1="11,15,16,25,28,117,118" /><INIT seed="1,3,1,5,3,81" ten="382,246,186,176" oya="1" hai0="75,55,114,14,46,95,29,109,106,120,134,104,127" hai1="16,60,4,82,63,28,25,17,87,15,102,73,115" hai2="67,13,118,20,90,123,92,54,32,3,97,19,24" hai3="84,93,125,45,74,42,18,2,70,85,31,116,124"/><U103/><E73/><V64/><F118/><W130/><G74/><T58/><D75/><U47/><E115/><V51/><F123/><W50/><G70/><T66/><D29/><U9/><E47/><V72/><F3/><W88/><G116/><T135/><D66/><U83/><E83/><V80/><F32/><W131/><G2/><T39/><D14/><U133/><E133/><V22/><F72/><W48/><G31/><T41/><D95/><U111/><E111/><V35/><F35/><W49/><G18/><N who="1" m="7274" /><E25/><V10/><F80/><W40/><G85/><T117/><D106/><U69/><E69/><V68/><F68/><W57/><G57/><T65/><D104/><U77/><E28/><N who="2" m="17415" /><F10/><W100/><G100/><AGARI ba="3,1" hai="4,9,15,60,63,77,82,87,100,102,103" m="7274" machi="100" ten="30,5800,0" yaku="8,1,52,1,54,1" doraHai="81" who="1" fromWho="3" sc="382,0,246,77,186,0,176,-67" /><INIT seed="1,4,0,0,5,132" ten="382,323,186,109" oya="1" hai0="34,66,121,98,29,46,58,103,94,108,123,65,0" hai1="81,75,95,77,64,82,125,40,27,45,72,135,48" hai2="129,37,106,79,59,43,54,97,3,38,110,11,20" hai3="100,74,2,31,67,88,119,62,26,10,133,116,15"/><U60/><E135/><V86/><F110/><W127/><G133/><T24/><D108/><U17/><E125/><V84/><F129/><W56/><G74/><T4/><D4/><U101/><E17/><V90/><F79/><W7/><G100/><T16/><D0/><U124/><E124/><V70/><F70/><W1/><G127/><T49/><D16/><U6/><E27/><V30/><F43/><W39/><G39/><T8/><D8/><U69/><E101/><V85/><F106/><W32/><REACH who="3" step="1"/><G88/><REACH who="3" ten="382,323,186,99" step="2"/><T78/><D78/><U42/><E75/><V57/><F90/><W36/><G36/><T18/><D103/><U41/><E81/><V33/><F38/><W35/><G35/><T102/><D34/><U120/><E120/><V87/><F37/><W134/><G134/><T19/><D123/><U13/><E95/><V112/><F33/><W105/><G105/><T47/><D94/><U25/><E25/><V71/><F86/><W22/><G22/><T12/><D24/><U118/><E118/><AGARI ba="4,1" hai="1,2,7,10,15,26,31,32,56,62,67,116,118,119" machi="118" ten="40,5200,0" yaku="1,1,12,1,53,1" doraHai="132" doraHaiUra="61" who="3" fromWho="1" sc="382,0,323,-64,186,0,99,74" /><INIT seed="2,0,0,0,1,67" ten="382,259,186,173" oya="2" hai0="23,26,79,47,7,65,48,101,33,82,71,12,96" hai1="68,50,30,36,69,64,35,98,55,130,14,0,85" hai2="120,128,119,99,56,9,114,126,81,51,11,94,125" hai3="27,39,122,107,72,106,91,15,115,131,105,31,134"/><V90/><F114/><W123/><G39/><T112/><D65/><U49/><E0/><V70/><F119/><W57/><G115/><T32/><D71/><U37/><E64/><V46/><F120/><W87/><G72/><T108/><D12/><U8/><E98/><V93/><F56/><W53/><G15/><T18/><D7/><U88/><E50/><V19/><F128/><W52/><G134/><T92/><D108/><U22/><E36/><V40/><F70/><W118/><G131/><T3/><D3/><U43/><E43/><V76/><F94/><W129/><G53/><T38/><D38/><U54/><E54/><V86/><REACH who="2" step="1"/><F19/><REACH who="2" ten="382,259,176,173" step="2"/><W109/><G118/><T58/><D58/><N who="1" m="33135" /><E69/><V80/><F80/><W62/><G129/><T77/><D82/><U6/><E68/><V1/><F1/><W116/><G116/><T84/><D112/><U74/><E130/><V100/><F100/><W60/><G109/><T113/><D92/><U132/><E132/><V41/><F41/><W20/><REACH who="3" step="1"/><G62/><REACH who="3" ten="382,259,176,163" step="2"/><T24/><D113/><U63/><E63/><V4/><F4/><W29/><G29/><T13/><D18/><U102/><E30/><V104/><F104/><W59/><G59/><T97/><D47/><U66/><E6/><V75/><F75/><W2/><G2/><T42/><D42/><U61/><E74/><V44/><F44/><W110/><G110/><T25/><D48/><U78/><E37/><V5/><F5/><W111/><G111/><T45/><D45/><U89/><E61/><V21/><F21/><W124/><G124/><AGARI ba="0,2" hai="9,11,40,46,51,76,81,86,90,93,99,124,125,126" machi="124" ten="40,12000,1" yaku="1,1,18,1,53,3" doraHai="67" doraHaiUra="133" who="2" fromWho="3" sc="382,0,259,0,176,140,163,-120" /><INIT seed="2,1,0,2,2,92" ten="382,259,316,43" oya="2" hai0="16,78,66,134,59,76,131,81,113,91,118,90,3" hai1="54,79,97,61,83,57,75,68,33,103,18,77,62" hai2="116,108,8,41,15,5,123,110,70,104,82,56,84" hai3="58,30,119,42,88,19,25,93,132,37,115,26,50"/><V128/><F70/><W29/><G119/><T47/><D3/><U32/><E77/><V52/><F123/><W55/><G132/><T125/><D113/><U51/><E18/><V73/><F116/><W63/><G115/><T129/><D47/><U12/><E12/><V94/><F104/><W121/><G37/><T102/><D59/><U130/><E130/><V13/><F73/><W126/><G126/><T48/><D66/><U43/><E62/><V23/><F41/><W6/><G6/><T20/><D48/><U105/><REACH who="1" step="1"/><E43/><REACH who="1" ten="382,249,316,43" step="2"/><V0/><F128/><W114/><G114/><T106/><D16/><U124/><E124/><V96/><F13/><W34/><G121/><T22/><D125/><U120/><E120/><V67/><F15/><W87/><G19/><T80/><D118/><U100/><E100/><V31/><F0/><W112/><G112/><T135/><D102/><U4/><E4/><V28/><F5/><W109/><G109/><T89/><D91/><U45/><E45/><V111/><F110/><W53/><G42/><T36/><D90/><U27/><E27/><V99/><F111/><W1/><G1/><T38/><D89/><U72/><E72/><V101/><F101/><W65/><REACH who="3" step="1"/><G50/><REACH who="3" ten="382,249,316,33" step="2"/><T86/><D131/><U133/><E133/><V7/><F108/><W64/><G64/><AGARI ba="1,2" hai="32,33,51,54,57,61,64,68,75,79,83,97,103,105" machi="64" ten="40,2600,0" yaku="1,1,52,1,53,0" doraHai="92" doraHaiUra="21" who="1" fromWho="3" sc="382,0,249,49,316,0,33,-29" /><INIT seed="3,0,0,0,3,19" ten="382,298,316,4" oya="3" hai0="58,4,127,133,130,50,94,42,32,38,86,83,88" hai1="123,84,6,122,72,80,87,120,135,116,103,101,85" hai2="73,29,47,48,20,57,105,60,91,132,126,63,108" hai3="23,79,52,78,7,16,129,89,81,11,37,124,134"/><W10/><G37/><T110/><D32/><U44/><E6/><V77/><F105/><W15/><G129/><T102/><D110/><U30/><E44/><V71/><F132/><W2/><G134/><T131/><D38/><U25/><E135/><V9/><F126/><W61/><G124/><T74/><D127/><U99/><E116/><V55/><F108/><W59/><G89/><T118/><D4/><U31/><E99/><V104/><F104/><W3/><G3/><T113/><D113/><U96/><E96/><V76/><F71/><W117/><G117/><T64/><D118/><U114/><E114/><V35/><F35/><W98/><G98/><N who="0" m="59735" /><D74/><U8/><E8/><V1/><F73/><W43/><G43/><T28/><D28/><U53/><E53/><V0/><F1/><W45/><G45/><N who="0" m="25911" /><D58/><U22/><REACH who="1" step="1"/><E31/><REACH who="1" ten="382,288,316,4" step="2"/><V106/><F29/><W62/><G11/><T109/><D133/><U27/><E27/><V69/><F9/><W121/><G121/><T49/><D109/><U66/><E66/><V21/><F0/><W41/><G41/><T54/><D64/><U119/><E119/><V17/><F106/><W24/><G2/><T12/><D12/><U39/><E39/><V125/><F125/><W68/><G81/><T95/><D83/><U82/><E82/><V90/><F47/><W56/><G68/><T112/><D112/><U36/><E36/><V70/><F69/><W40/><G40/><T33/><D131/><U5/><E5/><V34/><F70/><W107/><G107/><T67/><D67/><AGARI ba="0,1" hai="7,10,15,16,23,24,52,56,59,61,62,67,78,79" machi="67" ten="30,12000,1" yaku="7,1,8,1,52,1,54,2" doraHai="19" who="3" fromWho="0" sc="382,-120,288,0,316,0,4,130" /><INIT seed="3,1,0,5,5,120" ten="262,288,316,134" oya="3" hai0="123,0,79,109,91,65,45,7,5,33,72,101,21" hai1="23,71,47,53,85,105,62,26,4,34,19,126,116" hai2="121,104,98,102,134,113,93,77,32,54,15,69,51" hai3="73,110,94,106,24,16,97,43,52,130,112,119,50"/><W36/><G112/><T125/><D123/><U58/><E126/><V99/><F121/><W12/><G119/><T78/><D33/><U1/><E105/><V10/><F69/><W39/><G73/><T87/><D101/><U88/><E116/><V80/><F32/><W122/><G122/><T135/><D72/><U20/><E71/><V2/><F134/><W13/><G106/><T35/><D35/><U40/><E34/><V114/><F2/><W49/><G130/><T132/><D65/><U18/><E1/><V29/><F29/><W61/><G36/><T56/><D56/><U59/><E59/><V48/><F48/><N who="3" m="18539" /><G39/><T30/><D0/><U76/><E4/><V111/><F111/><W63/><G43/><T70/><D5/><U64/><E76/><V129/><F129/><W37/><G37/><T44/><D7/><U11/><E11/><V27/><F27/><W46/><G46/><T117/><D45/><U92/><E47/><V100/><F51/><W82/><G82/><T67/><D44/><U57/><E40/><V83/><F54/><W107/><G107/><T31/><D70/><U25/><E58/><V95/><F104/><W84/><G84/><T22/><D87/><U14/><E14/><N who="3" m="5738" /><G52/><AGARI ba="1,0" hai="18,19,20,23,25,26,52,53,57,62,64,85,88,92" machi="52" ten="40,8000,1" yaku="9,1,8,1,54,2" doraHai="120" who="1" fromWho="3" sc="262,0,288,83,316,0,134,-83" /><INIT seed="4,0,0,0,3,119" ten="262,371,316,51" oya="0" hai0="101,71,107,76,73,104,113,77,57,121,132,117,79" hai1="28,5,111,80,74,50,41,10,128,75,48,94,49" hai2="82,115,12,39,38,103,88,29,64,114,123,45,81" hai3="63,6,93,37,16,62,69,27,129,112,4,135,7"/><T106/><D57/><U72/><E111/><V92/><F103/><W58/><G112/><N who="2" m="43049" /><F64/><W89/><G129/><T14/><D71/><U35/><E128/><V40/><F38/><W21/><G135/><T59/><D59/><U9/><E41/><V51/><F29/><W83/><G37/><T46/><D46/><U96/><E80/><V70/><F70/><W0/><G69/><T124/><D14/><U120/><E28/><V108/><F108/><W13/><G0/><T91/><D113/><U43/><E35/><V33/><F33/><W131/><G83/><N who="2" m="31753" /><F12/><W122/><G122/><T98/><D117/><U68/><E120/><V44/><F123/><W78/><G78/><T34/><D34/><U118/><E118/><V26/><F26/><W3/><G3/><T15/><D15/><U66/><E43/><V126/><F126/><W53/><G131/><T47/><D124/><U18/><E18/><V84/><F39/><W133/><G133/><T25/><D132/><U8/><E5/><V23/><F45/><W56/><G13/><T11/><D25/><U95/><E96/><V87/><F23/><W55/><REACH who="3" step="1"/><G6/><REACH who="3" ten="262,371,316,41" step="2"/><T20/><D77/><U24/><E24/><V97/><AGARI ba="0,1" hai="40,44,51,84,87,88,92,97" m="31753,43049" machi="97" ten="30,2000,0" yaku="15,1,54,1" doraHai="119" who="2" fromWho="2" sc="262,-10,371,-5,316,30,41,-5" /><INIT seed="5,0,0,0,4,78" ten="252,366,346,36" oya="1" hai0="32,86,40,33,42,36,57,73,2,110,8,6,19" hai1="119,105,106,91,54,115,4,122,103,24,44,92,83" hai2="126,39,63,99,96,64,132,82,88,13,80,129,50" hai3="120,35,21,72,31,79,20,30,93,109,46,7,118"/><U23/><E119/><V108/><F39/><W100/><G109/><T128/><D110/><U111/><E111/><V56/><F108/><W53/><G120/><T65/><D42/><U95/><E122/><V52/><F129/><W60/><G118/><T130/><D86/><N who="1" m="50655" /><E106/><V77/><F132/><W69/><G35/><T121/><D57/><U25/><E105/><V101/><F126/><W127/><G127/><T48/><D48/><N who="1" m="28935" /><E115/><V112/><F112/><W107/><G107/><T47/><D65/><U81/><E4/><V133/><F133/><W85/><G72/><T90/><D19/><U71/><E71/><V116/><F116/><W135/><G135/><T12/><D73/><U89/><E103/><V131/><F131/><W55/><G69/><T15/><D121/><U58/><E58/><V1/><F1/><W117/><G7/><T22/><D33/><U37/><E37/><V59/><F77/><W3/><G3/><T70/><D32/><U67/><E67/><V38/><F38/><W14/><G117/><T66/><D66/><U43/><E43/><V0/><F0/><W75/><G100/><T61/><D70/><U51/><E51/><V125/><F125/><W18/><G75/><T87/><D61/><U94/><E23/><V134/><F134/><W113/><G21/><T17/><REACH who="0" step="1"/><D2/><REACH who="0" ten="242,366,346,36" step="2"/><U114/><E114/><V74/><F74/><W84/><G113/><T34/><D34/><U98/><E98/><V41/><F41/><W68/><G68/><T76/><D76/><U16/><E16/><V49/><F99/><W102/><G18/><T123/><D123/><RYUUKYOKU ba="0,1" sc="242,15,366,15,346,-15,36,-15" hai0="6,8,12,15,17,22,36,40,47,87,90,128,130" hai1="24,25,81,89,92,94,95" /><INIT seed="5,1,1,3,5,41" ten="257,381,331,21" oya="1" hai0="32,61,94,31,18,114,92,35,2,108,115,110,22" hai1="7,51,8,36,95,123,117,38,44,15,102,116,75" hai2="105,19,6,101,84,129,73,20,60,76,88,25,48" hai3="24,16,109,11,96,127,113,37,46,120,54,52,5"/><U80/><E123/><V9/><F129/><W79/><G120/><T45/><D61/><U81/><E38/><V26/><F73/><W28/><G109/><T55/><D55/><U68/><E68/><V119/><F119/><W130/><G130/><T103/><D103/><U106/><E106/><V33/><F76/><W56/><G113/><T49/><D49/><U3/><E36/><V131/><F131/><W58/><G127/><T77/><D77/><U122/><E122/><V104/><F101/><W126/><G126/><T40/><D40/><U93/><E3/><V83/><F60/><W125/><G125/><T17/><D22/><U65/><E75/><V13/><F33/><W64/><G79/><T97/><D31/><U99/><E65/><V100/><F26/><W124/><G124/><T71/><D97/><N who="1" m="59695" /><E117/><V121/><F121/><W30/><G96/><T90/><D90/><N who="1" m="55799" /><E116/><V112/><F112/><W10/><G64/><T50/><D2/><U82/><E82/><V21/><F100/><W34/><G30/><T53/><D71/><U133/><E133/><V69/><F69/><W134/><G134/><T135/><D135/><U59/><E59/><V128/><F128/><W87/><G58/><T78/><D115/><U14/><E14/><V74/><F74/><W47/><G56/><T67/><D114/><U39/><E39/><V66/><F66/><W12/><G37/><T0/><D67/><U27/><E27/><V91/><F105/><W1/><REACH who="3" step="1"/><G87/><REACH who="3" ten="257,381,331,11" step="2"/><T86/><D86/><U132/><E132/><V29/><F84/><W111/><G111/><T89/><D110/><RYUUKYOKU ba="1,2" sc="257,-15,381,15,331,-15,11,15" hai1="7,8,15,44,51,80,81" hai3="1,5,10,11,12,16,24,28,34,46,47,52,54" /><INIT seed="5,2,2,3,0,11" ten="242,396,316,26" oya="1" hai0="77,61,72,117,118,104,0,3,98,94,34,52,102" hai1="62,68,55,26,99,56,128,64,69,122,70,63,18" hai2="17,109,41,39,127,91,25,32,115,107,67,14,33" hai3="54,24,114,66,106,4,92,60,40,120,13,112,45"/><U83/><E122/><V85/><F109/><W111/><G106/><T7/><D94/><U135/><E128/><V21/><F107/><W108/><G24/><T9/><D0/><U81/><E135/><V44/><F127/><W8/><G92/><T82/><REACH who="0" step="1"/><D34/><REACH who="0" ten="232,396,316,26" step="2"/><U51/><E99/><V101/><F33/><W130/><G130/><T121/><D121/><U87/><E83/><V1/><F1/><W23/><G120/><T28/><D28/><U105/><E105/><V5/><F32/><W89/><G111/><T133/><D133/><U73/><E73/><V76/><F115/><W123/><G108/><T93/><D93/><U48/><E81/><V6/><F101/><W95/><G123/><T29/><D29/><U58/><E87/><V100/><F100/><W113/><G113/><T88/><D88/><U126/><E126/><V12/><F91/><W36/><G95/><T78/><D78/><U110/><E110/><V38/><F76/><W119/><G89/><T15/><D15/><U90/><E90/><V103/><F85/><W96/><G96/><T35/><D35/><U27/><E27/><V37/><F103/><W97/><G97/><T43/><D43/><U86/><E86/><V131/><F131/><W31/><G114/><T80/><D80/><U79/><E79/><V129/><F129/><W134/><G112/><T84/><D84/><U75/><E75/><V49/><F25/><W10/><G40/><T124/><D124/><U20/><AGARI ba="2,3" hai="18,20,26,48,51,55,56,58,62,63,64,68,69,70" machi="20" ten="40,2100,0" yaku="0,1" doraHai="11" who="1" fromWho="1" sc="232,-9,396,57,316,-9,26,-9" /><INIT seed="5,3,0,0,5,21" ten="223,453,307,17" oya="1" hai0="2,41,22,89,119,109,127,68,129,104,75,73,85" hai1="15,7,135,117,24,120,13,40,61,99,65,97,43" hai2="86,134,94,5,118,50,83,123,87,111,92,42,10" hai3="1,20,58,18,35,52,90,88,103,107,63,133,82"/><U54/><E117/><V55/><F123/><W9/><G133/><T16/><D109/><U110/><E120/><V115/><F118/><W91/><G35/><T70/><D104/><U57/><E110/><V72/><F111/><W100/><G107/><T108/><D2/><U116/><E116/><V44/><F134/><W130/><G130/><T84/><D41/><U78/><E78/><V48/><F72/><W17/><G82/><T27/><D129/><U125/><E125/><V19/><F115/><W80/><G80/><T98/><D127/><U67/><E24/><V36/><F36/><W37/><G37/><T76/><D76/><U31/><E31/><V32/><F32/><W122/><G122/><T46/><D46/><U114/><E114/><V102/><F19/><W64/><G64/><T26/><D108/><U69/><E67/><V96/><F94/><W23/><G1/><T14/><D70/><U0/><E65/><V113/><F113/><W11/><G103/><T39/><D68/><U8/><E69/><V132/><F83/><W71/><G100/><T3/><D3/><U34/><E34/><V62/><F62/><W59/><G71/><T51/><D51/><U79/><E79/><V112/><F132/><W4/><G4/><T77/><D77/><U128/><E128/><V74/><F74/><N who="0" m="28170" /><D39/><U47/><E135/><V38/><F112/><W126/><G126/><T12/><D119/><U6/><E6/><V105/><F5/><W95/><G95/><N who="0" m="56687" /><D12/><N who="1" m="4683" /><E43/><V29/><F42/><W45/><G9/><N who="0" m="6223" /><D27/><U93/><E93/><V30/><F92/><W121/><G121/><RYUUKYOKU ba="3,0" sc="223,15,453,15,307,-15,17,-15" hai0="22,26,84,85" hai1="0,7,8,40,47,54,57,61,97,99" /><INIT seed="5,4,0,5,0,98" ten="238,468,292,2" oya="1" hai0="45,90,54,108,93,57,60,67,128,109,82,120,96" hai1="132,105,24,99,7,91,92,116,53,134,125,70,110" hai2="126,38,51,81,18,58,56,127,35,26,52,122,117" hai3="13,113,63,21,36,4,87,14,71,131,80,74,31"/><U43/><E116/><V33/><F122/><W124/><G36/><T9/><D128/><U84/><E70/><V12/><F117/><W27/><G74/><T2/><D120/><U111/><E43/><V5/><F38/><W133/><G131/><T106/><D106/><U50/><E7/><V62/><F5/><W86/><G113/><T39/><D9/><U55/><E55/><V61/><F81/><W103/><G124/><N who="2" m="47657" /><F26/><W68/><G133/><N who="1" m="51306" /><E125/><V8/><F62/><W47/><G71/><T94/><D2/><U28/><E105/><V118/><F118/><W42/><G68/><T83/><D109/><U129/><E84/><N who="3" m="32298" /><G80/><T107/><D108/><U17/><E17/><V37/><F37/><W102/><G63/><T34/><D107/><U114/><E114/><V32/><F61/><W11/><G13/><T95/><D39/><U135/><E129/><V66/><F66/><W88/><G88/><T46/><D90/><U30/><E135/><V59/><AGARI ba="4,0" hai="8,12,18,32,33,35,51,52,56,58,59" m="47657" machi="59" ten="40,2700,0" yaku="18,1,54,1" doraHai="98" who="2" fromWho="2" sc="238,-11,468,-17,292,39,2,-11" owari="227,-17.3,451,55.1,331,13.1,-9,-50.9" /></mjloggm>