<mjloggm ver="2.3"><GO type="169" lobby="0"/><UN n0="%E3%82%B0%E3%83%B3%E3%83%80%E3%83%AA%E3%83%BC" n1="%E5%B9%BB%E9%9C%8A" n2="%E3%83%90%E3%83%AA%E3%83%88%E3%83%B3" n3="%E3%83%AB%E3%83%89%E3%82%A6%E3%82%A3%E3%83%83%E3%82%B0" dan="19,18,17,16" rate="2288.41,2240.94,2235.39,2099.93" sx="M,F,M,M"/><TAIKYOKU oya="0"/><INIT seed="0,0,0,1,0,48" ten="250,250,250,250" oya="0" hai0="65,104,131,95,45,9,83,106,111,121,127,17,130" hai1="24,57,97,41,60,84,32,11,102,66,47,52,112" hai2="135,5,88,125,54,105,79,74,85,110,35,93,64" hai3="107,75,1,71,33,89,67,73,68,38,22,100,92"/><T46/><D121/><U76/><E112/><V59/><F35/><W16/><G33/><T96/><D65/><U4/><E24/><V12/><F110/><W15/><G1/><T21/><D9/><U120/><E32/><V117/><F135/><W62/><G38/><T6/><D6/><U109/><E109/><V13/><F125/><W51/><G71/><T49/><D83/><U18/><E120/><V98/><F64/><W81/><G81/><T10/><D10/><U7/><E84/><V43/><F43/><W40/><G100/><T14/><D46/><U80/><E80/><N who="2" m="45175" /><F5/><W91/><G107/><T70/><D70/><U99/><E76/><V37/><F37/><W77/><G77/><T72/><D72/><U86/><E86/><V113/><F117/><W61/><G61/><T39/><D39/><U124/><E124/><V56/><F56/><W128/><G128/><N who="0" m="49195" /><D127/><U123/><E123/><V8/><F8/><W23/><G23/><T119/><D119/><U69/><E18/><V36/><F36/><W3/><G3/><T30/><D30/><U0/><E4/><V122/><F113/><W34/><G34/><T28/><D28/><U29/><E29/><V50/><F122/><W116/><G116/><T94/><D94/><U108/><E108/><V78/><F78/><W114/><G114/><T63/><D63/><U31/><E31/><V82/><F82/><W20/><G20/><T27/><D27/><U103/><E69/><V53/><F53/><W2/><G2/><T42/><D111/><U101/><E66/><V58/><F58/><W19/><G68/><RYUUKYOKU ba="0,0" sc="250,10,250,10,250,10,250,-30" hai0="14,17,21,42,45,49,95,96,104,106" hai1="0,7,11,41,47,52,57,60,97,99,101,102,103" hai2="12,13,50,54,59,85,88,93,98,105" /><INIT seed="0,1,0,1,3,12" ten="260,260,260,220" oya="0" hai0="45,52,11,72,10,34,33,106,71,135,9,127,112" hai1="80,2,108,31,86,61,87,117,107,57,29,98,89" hai2="132,17,118,91,24,46,26,102,19,85,73,37,65" hai3="4,96,130,54,128,27,44,25,68,1,74,43,0"/><T36/><D112/><U39/><E117/><V124/><F73/><W13/><G74/><T35/><D127/><U115/><E39/><V123/><F123/><W101/><G68/><T76/><D135/><U5/><E115/><V40/><F132/><W67/><G67/><T126/><D126/><U131/><E108/><V30/><F124/><W3/><G54/><T100/><D71/><U122/><E122/><V32/><F118/><W38/><G13/><T51/><D36/><U60/><E131/><N who="3" m="50218" /><G4/><T92/><D106/><AGARI ba="1,0" hai="0,1,3,25,27,38,43,44,96,101,106" m="50218" machi="106" ten="40,1300,0" yaku="19,1" doraHai="12" who="3" fromWho="0" sc="260,-16,260,0,260,0,220,16" /><INIT seed="1,0,0,3,4,114" ten="244,260,260,236" oya="1" hai0="34,46,110,73,19,50,49,33,44,42,22,61,59" hai1="74,40,104,92,68,58,21,35,126,14,15,6,27" hai2="86,116,9,32,80,90,111,23,81,54,55,101,131" hai3="77,43,82,65,98,76,45,79,17,119,125,108,115"/><U30/><E104/><V13/><F32/><W57/><G115/><T16/><D110/><U135/><E68/><V134/><F111/><W97/><G108/><T100/><D100/><U53/><E74/><V29/><F134/><W87/><G125/><T39/><D39/><U89/><E135/><V99/><F131/><W118/><G17/><T84/><D84/><U85/><E126/><V113/><F113/><W132/><G57/><T63/><D73/><U20/><E40/><V133/><F81/><W72/><G65/><T123/><D123/><U128/><E128/><V5/><F116/><N who="3" m="44587" /><G132/><T38/><D38/><U0/><E0/><V3/><F133/><W91/><G72/><T124/><D124/><U69/><E69/><V127/><F127/><W52/><G52/><T18/><D61/><U60/><E6/><V62/><F62/><W11/><G11/><T26/><D59/><U71/><E71/><V130/><F130/><W112/><G112/><T109/><D63/><U12/><AGARI ba="0,0" hai="12,14,15,20,21,27,30,35,53,58,60,85,89,92" machi="12" ten="30,1500,0" yaku="0,1" doraHai="114" who="1" fromWho="1" sc="244,-5,260,15,260,-5,236,-5" /><INIT seed="1,1,0,2,1,83" ten="239,275,255,231" oya="1" hai0="3,62,125,99,82,107,113,93,116,32,59,15,94" hai1="95,112,108,16,35,63,21,66,47,49,0,38,65" hai2="10,20,11,43,5,22,80,78,33,76,100,101,26" hai3="48,88,84,55,92,73,23,102,45,135,51,129,6"/><U50/><E112/><V18/><F33/><W9/><G129/><T77/><D3/><U41/><E0/><V8/><F5/><W34/><G135/><T24/><D116/><U36/><E35/><V69/><F69/><W122/><G122/><T124/><D113/><U57/><E108/><V79/><F43/><W118/><G73/><T28/><D107/><U13/><E66/><V117/><F117/><W109/><G109/><T56/><D15/><U128/><E128/><V30/><REACH who="2" step="1"/><F80/><REACH who="2" ten="239,275,245,231" step="2"/><W71/><G71/><T61/><D82/><U72/><E72/><V89/><F89/><W123/><G34/><T46/><D32/><U96/><REACH who="1" step="1"/><E36/><REACH who="1" ten="239,265,245,231" step="2"/><V42/><F42/><W40/><G118/><T130/><D130/><U19/><E19/><V132/><F132/><W7/><G123/><T119/><D119/><U114/><E114/><V17/><F17/><W91/><G7/><T27/><D28/><U103/><AGARI ba="1,2" hai="13,16,21,38,41,47,49,50,57,63,65,95,96,103" machi="103" ten="20,7800,0" yaku="1,1,0,1,7,1,54,1,53,0" doraHai="83" doraHaiUra="1" who="1" fromWho="1" sc="239,-27,265,101,245,-27,231,-27" /><INIT seed="1,2,0,5,1,60" ten="212,366,218,204" oya="1" hai0="9,119,24,39,80,125,74,54,102,120,65,40,45" hai1="83,56,86,132,31,21,112,77,129,35,122,97,64" hai2="85,51,55,135,53,57,107,44,67,19,128,12,92" hai3="76,33,49,16,127,98,52,8,121,27,62,91,20"/><U11/><E122/><V34/><F107/><W124/><G121/><T72/><D120/><U6/><E112/><V25/><F135/><W70/><G76/><T88/><D119/><U46/><E132/><V75/><F75/><W13/><G33/><T58/><D125/><N who="3" m="48201" /><G98/><T68/><D102/><U38/><E129/><V82/><F92/><W42/><G91/><T104/><D104/><U17/><E97/><V0/><F0/><W3/><G3/><T114/><D9/><U108/><E108/><V14/><F128/><W23/><G42/><T105/><D24/><U110/><E110/><V69/><F69/><W99/><G99/><T87/><D105/><U32/><E31/><V94/><F94/><W123/><G123/><T66/><D114/><U1/><E38/><V59/><F34/><W78/><G78/><T103/><D103/><U117/><E117/><V73/><F73/><W115/><G27/><T5/><D5/><U36/><E36/><V79/><F25/><W22/><G115/><T100/><D100/><U71/><E35/><V43/><F14/><W47/><G8/><T84/><D87/><U37/><E32/><V61/><REACH who="2" step="1"/><F59/><REACH who="2" ten="212,366,208,204" step="2"/><N who="3" m="35175" /><G70/><T10/><D68/><U4/><E71/><V48/><F48/><W26/><G26/><T41/><D74/><U63/><E1/><V81/><F81/><W130/><G130/><T30/><D72/><U133/><E133/><V18/><F18/><W15/><G13/><T111/><D39/><U2/><E37/><V28/><F28/><W113/><G113/><T131/><D30/><U7/><E2/><V134/><F134/><RYUUKYOKU ba="2,1" sc="212,-15,366,-15,208,15,204,15" hai2="12,19,43,44,51,53,55,57,61,67,79,82,85" hai3="15,16,20,22,23,47,49" /><INIT seed="2,3,1,4,4,44" ten="197,351,223,219" oya="2" hai0="74,33,78,94,12,86,120,47,134,32,50,81,5" hai1="133,22,67,125,9,40,13,26,88,113,63,34,46" hai2="82,64,35,17,112,107,95,8,2,41,127,123,58" hai3="102,10,53,15,128,18,29,96,130,21,108,70,1"/><V122/><F107/><W42/><G70/><T105/><D120/><U45/><E113/><V16/><F35/><W49/><G108/><T69/><D69/><U89/><E34/><V80/><F112/><W83/><G42/><N who="0" m="24951" /><D74/><U19/><E125/><V48/><F127/><W99/><G83/><T117/><D105/><U119/><E133/><V106/><F106/><W0/><G29/><T85/><D134/><U135/><E119/><V111/><F111/><W14/><G1/><T55/><D55/><U43/><E46/><N who="2" m="25679" /><F2/><W114/><G114/><T87/><D87/><U71/><E135/><V91/><F123/><W73/><G73/><T110/><D110/><U27/><E43/><V77/><F77/><W57/><G0/><T66/><D66/><U52/><E27/><V51/><F122/><W93/><REACH who="3" step="1"/><G96/><REACH who="3" ten="197,351,223,209" step="2"/><T54/><D117/><U124/><E124/><V126/><F126/><W37/><G37/><T11/><D54/><U104/><E52/><N who="2" m="32031" /><F64/><W76/><G76/><T79/><D79/><U4/><E104/><V61/><F61/><W38/><G38/><AGARI ba="3,2" hai="4,9,13,19,22,26,38,40,45,63,67,71,88,89" machi="38" ten="30,2000,0" yaku="7,1,54,1" doraHai="44" who="1" fromWho="3" sc="197,0,351,49,223,0,209,-29" /><INIT seed="3,0,0,2,5,37" ten="197,400,223,180" oya="3" hai0="71,128,53,93,65,17,105,14,130,48,109,122,34" hai1="56,70,119,68,21,7,1,22,123,10,89,129,45" hai2="27,82,30,84,125,25,0,4,116,104,133,101,76" hai3="41,73,15,44,11,50,16,95,126,52,35,29,55"/><W94/><G73/><T24/><D122/><U66/><E123/><V74/><F116/><W8/><G126/><T20/><D105/><U91/><E129/><N who="0" m="49769" /><D109/><U9/><E119/><V98/><F125/><W47/><G35/><T36/><D36/><U42/><E56/><V54/><F133/><W72/><G72/><T69/><D65/><U96/><E9/><V57/><F0/><W39/><G29/><N who="0" m="19751" /><D93/><U121/><E121/><V131/><F4/><W134/><G134/><T86/><D86/><U135/><E135/><V40/><F131/><W31/><G31/><T12/><D14/><U117/><E117/><V110/><F110/><W115/><G115/><T87/><D87/><U100/><E68/><V2/><F2/><W85/><G85/><T32/><D32/><U114/><E114/><V26/><F74/><W3/><REACH who="3" step="1"/><G55/><REACH who="3" ten="197,400,223,170" step="2"/><T127/><D127/><U90/><E66/><V18/><F30/><W60/><G60/><T49/><D49/><U118/><E118/><V120/><F120/><W79/><G79/><T102/><D102/><U61/><E61/><V28/><F28/><W75/><G75/><T67/><D67/><U80/><E100/><V124/><F124/><W112/><G112/><T23/><D53/><U99/><E91/><V13/><F54/><W33/><G33/><T132/><D48/><U78/><E90/><V103/><F103/><W97/><G97/><T43/><D132/><U64/><E99/><V107/><F107/><W111/><G111/><T113/><D113/><U77/><E77/><V51/><F104/><W63/><G63/><T59/><D71/><RYUUKYOKU ba="0,1" sc="197,-10,400,-10,223,-10,170,30" hai3="3,8,11,15,16,39,41,44,47,50,52,94,95" /><INIT seed="3,1,1,3,3,101" ten="187,390,213,200" oya="3" hai0="124,66,73,20,25,36,8,62,105,60,16,129,86" hai1="33,49,54,70,28,100,121,126,65,99,81,71,42" hai2="91,21,31,30,131,122,113,114,135,24,19,5,89" hai3="34,84,112,97,108,48,17,69,15,115,87,13,57"/><W38/><G38/><T55/><D73/><U76/><E121/><V77/><F77/><W14/><G69/><T43/><D124/><U128/><E126/><V39/><F39/><W119/><G119/><T80/><D129/><U0/><E128/><V133/><F131/><W67/><G34/><T82/><D105/><U103/><E0/><V90/><F5/><W116/><G116/><T125/><D125/><U53/><E42/><V3/><F3/><W18/><G108/><T26/><D43/><U58/><E54/><V40/><F40/><W118/><G118/><T59/><D36/><U35/><E103/><V64/><F64/><W79/><G115/><N who="2" m="44041" /><F122/><W47/><G97/><T109/><D109/><U50/><E50/><V110/><F110/><W6/><G6/><T10/><D26/><U93/><E65/><V74/><F74/><W88/><G84/><T83/><REACH who="0" step="1"/><D86/><REACH who="0" ten="177,390,213,200" step="2"/><U41/><E41/><V72/><F72/><W96/><G112/><T75/><D75/><U123/><E123/><V111/><F111/><W51/><G96/><T7/><D7/><U107/><E99/><V78/><F78/><W94/><G79/><T37/><D37/><U63/><E76/><V29/><F24/><W46/><G51/><T132/><D132/><U9/><E49/><V45/><F135/><W44/><G48/><T92/><D92/><U134/><E134/><V98/><F133/><W12/><N who="3" m="3072" /><DORA hai="32" /><W127/><REACH who="3" step="1"/><G127/><REACH who="3" ten="177,390,213,190" step="2"/><T11/><D11/><U130/><E9/><V2/><F98/><W85/><G85/><T4/><D4/><U52/><E130/><V56/><F91/><RYUUKYOKU ba="1,3" sc="177,15,390,-15,213,-15,190,15" hai0="8,10,16,20,25,55,59,60,62,66,80,82,83" hai3="17,18,44,46,47,57,67,87,88,94" /><INIT seed="3,2,3,0,3,68" ten="192,375,198,205" oya="3" hai0="81,108,51,103,58,109,24,49,114,44,79,104,94" hai1="60,113,125,96,30,29,131,119,9,75,53,92,72" hai2="133,28,31,14,129,45,50,8,54,19,64,34,11" hai3="80,132,10,89,121,23,93,107,124,59,83,48,66"/><W120/><G107/><T69/><D69/><U130/><E113/><V37/><F133/><W2/><G132/><T43/><D104/><U21/><E119/><V46/><F129/><W42/><G124/><T101/><D114/><U15/><E125/><V61/><F34/><W102/><G102/><T5/><D5/><U32/><E32/><V78/><F78/><W126/><G126/><T127/><D24/><U110/><E110/><N who="0" m="42601" /><D94/><U116/><E116/><V122/><F11/><W57/><G66/><T105/><D105/><U62/><E75/><V74/><F74/><W38/><G83/><T128/><D128/><N who="1" m="49195" /><E72/><V135/><F122/><W115/><G80/><T82/><D82/><U16/><E53/><V100/><F100/><N who="0" m="38474" /><D127/><U87/><E96/><V70/><REACH who="2" step="1"/><F135/><REACH who="2" ten="192,375,188,205" step="2"/><W67/><G120/><T52/><D81/><U1/><E92/><V18/><F18/><W35/><G121/><T63/><D79/><U88/><E30/><V117/><F117/><W95/><G115/><T98/><D98/><U41/><E29/><V134/><F134/><W112/><G112/><T73/><D73/><U39/><E87/><V86/><F86/><W97/><G10/><T7/><D7/><N who="1" m="1263" /><E88/><V27/><F27/><W84/><G84/><T40/><D40/><AGARI ba="2,4" hai="8,14,19,28,31,37,40,45,46,50,54,61,64,70" machi="40" ten="40,8000,1" yaku="1,1,52,1,53,2" doraHai="68" doraHaiUra="26" who="2" fromWho="0" sc="192,-86,375,0,188,126,205,0" /><INIT seed="4,0,0,2,2,3" ten="106,375,314,205" oya="0" hai0="50,52,121,49,39,42,4,33,88,26,10,64,85" hai1="65,76,108,117,51,114,45,1,134,116,83,130,95" hai2="59,58,48,23,24,62,105,80,30,79,21,31,63" hai3="36,38,120,129,27,135,71,40,20,133,122,61,75"/><T78/><D121/><N who="3" m="46697" /><G75/><T123/><D123/><U56/><E108/><V44/><F105/><W8/><G8/><T73/><D73/><U29/><E1/><V112/><F112/><W47/><G129/><T91/><D39/><U72/><E130/><V66/><F23/><W115/><G115/><T94/><D33/><U16/><E114/><V102/><F102/><W99/><G99/><T124/><D124/><U93/><E29/><V37/><F37/><N who="3" m="21903" /><G20/><T74/><D64/><U34/><E34/><V125/><F30/><W43/><G27/><T84/><D26/><U97/><E95/><V0/><F0/><W92/><G92/><N who="0" m="54279" /><D74/><U9/><E93/><V13/><F13/><W100/><G100/><T14/><D42/><U119/><E97/><V104/><F125/><W25/><G25/><T90/><D78/><U98/><E98/><V60/><F104/><W109/><G109/><T110/><D110/><U101/><E101/><V107/><F107/><W111/><G111/><T126/><D126/><U82/><E72/><V70/><F80/><W54/><G43/><T7/><D91/><U41/><E76/><V55/><F79/><W12/><G12/><N who="0" m="5191" /><D52/><U57/><E119/><V46/><F70/><W118/><G118/><T22/><D22/><U128/><E116/><V113/><F113/><W11/><G11/><AGARI ba="0,0" hai="7,11,14,49,50,85,90,94" m="5191,54279" machi="11" ten="30,11600,0" yaku="8,1,52,2,54,1" doraHai="3" who="0" fromWho="3" sc="106,116,375,0,314,0,205,-116" /><INIT seed="4,1,0,1,3,84" ten="222,375,314,89" oya="0" hai0="106,46,104,120,14,65,27,72,48,22,86,102,63" hai1="24,118,6,109,57,110,44,133,33,23,58,95,41" hai2="121,4,125,66,71,49,123,99,45,92,87,82,108" hai3="132,36,111,107,64,60,9,131,0,34,117,7,75"/><T2/><D2/><U98/><E118/><V134/><F108/><W129/><G111/><T51/><D72/><U96/><E33/><V68/><F4/><W115/><G117/><T40/><D120/><U83/><E98/><V93/><F134/><W69/><G132/><T88/><D14/><U81/><E133/><V8/><F8/><W47/><G115/><T103/><D51/><U38/><E6/><V119/><F125/><W56/><G75/><T32/><D32/><U128/><E128/><V124/><F124/><W1/><G1/><T112/><D106/><U29/><E109/><V19/><F19/><W43/><G34/><T76/><D76/><U105/><E105/><V116/><F93/><W101/><REACH who="3" step="1"/><G56/><REACH who="3" ten="222,375,314,79" step="2"/><N who="0" m="37095" /><D112/><U11/><E110/><V37/><F119/><W18/><G18/><N who="0" m="12759" /><D104/><U3/><E58/><V21/><F116/><W127/><G127/><T74/><D74/><U113/><E57/><V79/><F68/><W30/><G30/><T42/><D42/><U35/><E113/><V114/><F114/><W77/><G77/><T67/><D67/><U55/><E35/><V25/><F66/><W15/><G15/><T59/><D59/><U13/><E3/><V91/><F71/><W61/><G61/><T94/><AGARI ba="1,1" hai="40,46,48,86,88,94,102,103" m="12759,37095" machi="94" ten="30,6000,0" yaku="8,1,52,1,54,1" doraHai="84" who="0" fromWho="0" sc="222,73,375,-21,314,-21,79,-21" /><INIT seed="4,2,0,0,0,5" ten="295,354,293,58" oya="0" hai0="113,35,44,76,133,60,135,102,116,108,51,65,32" hai1="125,97,67,82,61,38,110,132,83,16,69,114,47" hai2="111,118,106,49,94,77,88,8,22,79,43,101,71" hai3="64,92,28,103,19,6,105,30,86,75,123,18,45"/><T48/><D116/><U1/><E110/><V55/><F111/><W89/><G75/><T72/><D108/><U59/><E1/><V31/><F71/><W80/><G123/><T126/><D102/><U98/><E125/><V81/><F43/><W3/><G64/><T121/><D121/><U78/><E132/><N who="0" m="50761" /><D126/><U87/><E114/><V37/><F37/><W128/><G128/><T10/><D76/><U73/><E69/><V33/><F33/><W29/><G45/><T104/><D104/><U124/><E124/><V119/><F106/><W13/><G3/><T56/><D72/><U41/><E16/><V9/><F101/><W34/><G34/><T58/><D51/><U0/><E0/><V74/><F79/><AGARI ba="2,0" hai="38,41,47,59,61,67,73,78,79,82,83,87,97,98" machi="79" ten="30,1000,0" yaku="7,1" doraHai="5" who="1" fromWho="2" sc="295,0,354,16,293,-16,58,0" /><INIT seed="5,0,0,3,1,1" ten="295,370,277,58" oya="1" hai0="61,58,45,92,50,3,5,56,73,81,126,88,108" hai1="131,48,24,41,91,53,67,127,38,37,19,55,46" hai2="52,23,35,18,47,25,109,120,0,80,134,129,128" hai3="33,133,113,96,7,75,77,2,135,39,4,30,105"/><U125/><E91/><V6/><F109/><W98/><G2/><T82/><D126/><N who="1" m="48139" /><E24/><V8/><F120/><W79/><G39/><N who="1" m="14858" /><E19/><V22/><F134/><N who="3" m="51211" /><G75/><T102/><D58/><U20/><E20/><V44/><F35/><W21/><G33/><T16/><D108/><U34/><E34/><V76/><F22/><W65/><G65/><T111/><D102/><U43/><E131/><N who="2" m="50251" /><F52/><N who="1" m="20041" /><E67/><V17/><F17/><W69/><G113/><T112/><D112/><U14/><E14/><V130/><N who="2" m="50259" /><V13/><DORA hai="97" /><F0/><W71/><G21/><T93/><D3/><U32/><E32/><V54/><F54/><AGARI ba="0,0" hai="41,43,46,48,54" m="20041,14858,48139" machi="54" ten="30,11600,0" yaku="18,1,34,2,54,1" doraHai="1,97" who="1" fromWho="2" sc="295,0,370,116,277,-116,58,0" /><INIT seed="5,1,0,0,4,101" ten="295,486,161,58" oya="1" hai0="119,123,81,99,130,42,49,23,118,27,59,11,68" hai1="86,18,46,131,24,55,121,63,50,67,13,14,34" hai2="89,58,122,1,53,83,100,97,2,85,91,29,90" hai3="30,22,7,10,108,9,88,19,64,111,96,112,82"/><U8/><E121/><V26/><F122/><W78/><G112/><T76/><D68/><U71/><E131/><V93/><F2/><W74/><G30/><T70/><D70/><U126/><E126/><V32/><REACH who="2" step="1"/><F1/><REACH who="2" ten="295,486,151,58" step="2"/><W54/><G111/><T57/><D123/><U25/><E34/><V60/><AGARI ba="1,1" hai="26,29,32,53,58,60,83,85,89,90,91,93,97,100" machi="60" ten="20,5200,0" yaku="1,1,2,1,0,1,7,1,53,0" doraHai="101" doraHaiUra="47" who="2" fromWho="2" sc="295,-14,486,-27,151,65,58,-14" /><INIT seed="6,0,0,1,0,135" ten="281,459,216,44" oya="2" hai0="110,46,122,53,105,130,47,91,82,134,6,75,115" hai1="49,19,8,109,10,133,63,103,15,70,66,65,96" hai2="95,36,127,16,14,35,28,108,118,100,32,84,101" hai3="124,126,132,40,5,30,128,12,71,90,76,52,9"/><V44/><F118/><W50/><G71/><T57/><D110/><U129/><E109/><V33/><F108/><W18/><G76/><T37/><D105/><U62/><E133/><V116/><F116/><W112/><G132/><T11/><D122/><U93/><E129/><V131/><F28/><W39/><G128/><T20/><D20/><U119/><E119/><V97/><F131/><W77/><G77/><T114/><D91/><U13/><E49/><V25/><F84/><W120/><G120/><T125/><D125/><N who="3" m="48233" /><G112/><T51/><D75/><U60/><E70/><V4/><F4/><AGARI ba="0,0" hai="4,8,10,13,15,19,60,62,63,65,66,93,96,103" machi="4" ten="40,1300,0" yaku="8,1" doraHai="135" who="1" fromWho="2" sc="281,0,459,13,216,-13,44,0" /><INIT seed="7,0,0,4,0,26" ten="281,472,203,44" oya="3" hai0="82,50,89,99,129,94,15,63,46,88,49,8,80" hai1="87,79,28,108,104,61,72,119,134,53,59,76,30" hai2="9,69,27,40,16,78,98,74,25,84,21,1,3" hai3="102,12,116,33,83,20,44,91,51,124,57,48,2"/><W22/><G116/><T132/><D129/><U118/><E108/><V37/><F69/><W6/><G33/><T29/><D29/><N who="1" m="11371" /><E72/><V135/><F135/><W103/><G2/><T85/><D132/><U19/><E104/><V52/><F74/><W70/><G70/><T122/><D63/><U45/><E134/><V34/><F27/><W23/><G124/><T131/><D131/><U110/><E110/><V97/><F34/><W0/><G0/><T95/><D122/><U115/><E115/><V107/><F40/><W92/><G83/><N who="0" m="31787" /><D46/><U56/><E87/><V42/><F42/><N who="3" m="24599" /><G6/><AGARI ba="0,0" hai="6,8,15,49,50,85,88,89,94,95,99" m="31787" machi="6" ten="30,2000,0" yaku="8,1,54,1" doraHai="26" who="0" fromWho="3" sc="281,20,472,0,203,0,44,-20" owari="301,10.1,472,57.2,203,-19.7,24,-47.6" /></mjloggm>