<mjloggm ver="2.3"><GO type="169" lobby="0"/><UN n0="%E3%81%A7%E3%82%93%E3%81%A4%E3%81%86" n1="%E3%81%8D%E3%82%83%E3%83%BC%E3%82%8D%E3%82%93" n2="%56%45%54%54%45%4C" n3="%43%E3%82%A8%E3%83%BC%E3%82%B8%E3%82%A7%E3%83%B3%E3%83%88" dan="18,16,17,17" rate="2228.69,2124.35,2177.19,2210.51" sx="M,M,M,M"/><TAIKYOKU oya="0"/><INIT seed="0,0,0,3,3,70" ten="250,250,250,250" oya="0" hai0="62,121,108,97,43,22,101,9,128,111,83,116,13" hai1="131,98,68,15,5,1,113,76,6,84,49,16,38" hai2="77,21,61,123,14,8,86,56,75,71,64,46,100" hai3="92,89,42,25,105,118,67,74,17,85,127,58,24"/><T36/><D116/><U88/><E68/><V129/><F123/><W44/><G118/><T107/><D121/><U117/><E117/><V135/><F135/><W41/><G105/><T47/><D128/><U110/><E110/><N who="0" m="42025" /><D22/><U27/><E131/><V99/><F75/><W50/><G74/><T54/><D83/><U90/><E1/><V20/><F129/><W133/><G133/><T29/><D29/><U53/><E38/><V28/><F71/><W32/><G127/><T78/><D78/><U66/><E66/><V82/><F46/><W126/><G126/><T87/><D87/><U65/><E65/><V109/><F28/><W39/><G32/><T37/><D54/><U94/><E27/><V103/><F103/><W122/><G122/><T132/><D62/><U7/><E76/><V10/><F10/><W63/><REACH who="3" step="1"/><G17/><REACH who="3" ten="250,250,250,240" step="2"/><N who="0" m="8367" /><D132/><U124/><E124/><V114/><F109/><W80/><G80/><T104/><D104/><U96/><E113/><V112/><F114/><W26/><G26/><T115/><D115/><U0/><E0/><V57/><F112/><W31/><G31/><T18/><D18/><U55/><E7/><V23/><F82/><W102/><G102/><T59/><D59/><N who="1" m="33199" /><E6/><N who="2" m="3351" /><F57/><W3/><G3/><T120/><D120/><U91/><E5/><V19/><F100/><W134/><G134/><T81/><D81/><U35/><E35/><V30/><F30/><W106/><G106/><T33/><D33/><U95/><E95/><V51/><F56/><W72/><G72/><T48/><AGARI ba="0,1" hai="36,37,43,47,48,97,101,107" m="8367,42025" machi="48" ten="30,11700,0" yaku="14,1,10,1,52,2" doraHai="70" who="0" fromWho="0" sc="250,127,250,-39,250,-39,240,-39" /><INIT seed="0,1,0,5,5,107" ten="377,211,211,201" oya="0" hai0="1,119,104,38,130,102,6,41,126,2,75,129,100" hai1="69,27,5,133,16,8,111,68,88,48,51,131,105" hai2="74,118,62,43,39,58,115,33,46,47,113,42,101" hai3="95,14,64,82,79,26,21,132,117,44,31,76,112"/><T45/><D119/><U77/><E105/><V92/><F33/><W50/><G112/><N who="2" m="43081" /><F92/><W134/><G117/><T49/><D126/><U63/><E111/><V22/><F22/><W89/><G64/><T90/><D90/><U127/><E127/><V121/><F74/><W10/><G134/><T0/><D49/><U34/><E133/><V9/><F9/><W83/><G79/><T91/><D91/><U7/><E131/><N who="0" m="50185" /><D6/><U18/><E77/><V24/><F101/><N who="0" m="39018" /><D104/><U99/><E34/><V13/><F118/><W110/><G110/><T53/><D53/><U109/><E109/><V66/><F13/><W108/><G76/><T23/><D23/><U59/><E69/><V29/><F24/><W52/><G132/><T125/><D125/><U87/><E68/><V25/><F25/><W114/><G114/><T78/><D78/><U93/><E27/><V97/><F29/><W11/><G108/><T135/><D135/><U28/><E28/><V80/><F121/><W3/><G3/><T60/><D60/><U54/><E7/><V94/><F62/><W73/><G73/><AGARI ba="1,0" hai="0,1,2,38,41,45,73,75" m="39018,50185" machi="73" ten="40,7700,0" yaku="19,1,52,2" doraHai="107" who="0" fromWho="3" sc="377,80,211,0,211,0,201,-80" /><INIT seed="0,2,0,1,5,24" ten="457,211,211,121" oya="0" hai0="37,0,78,14,17,26,100,39,53,107,112,70,77" hai1="104,57,88,110,126,79,73,43,61,5,119,48,21" hai2="84,134,18,117,75,114,56,32,28,92,115,105,7" hai3="55,64,38,113,13,23,50,59,4,51,82,36,122"/><T91/><D112/><U102/><E119/><V80/><F105/><W103/><G113/><T111/><D0/><U85/><E5/><V97/><F75/><W118/><G118/><T68/><D111/><U19/><E126/><V33/><F117/><W127/><G127/><T58/><D39/><U63/><E110/><V45/><F134/><W41/><G122/><T81/><D37/><U87/><E87/><V46/><F7/><W93/><G64/><T25/><D68/><U116/><E116/><V101/><F56/><W94/><G103/><T98/><D70/><U95/><E73/><V27/><F33/><W8/><G36/><T65/><D65/><U22/><E79/><V90/><F114/><W40/><G38/><T62/><D91/><U2/><E2/><V123/><F115/><W3/><G82/><T42/><D42/><U131/><E131/><V89/><F123/><W124/><G124/><T47/><D47/><N who="1" m="25727" /><E104/><V130/><F130/><W128/><G128/><T30/><D26/><N who="1" m="14655" /><E102/><V125/><F125/><W52/><G40/><T74/><D81/><U35/><E35/><V54/><F54/><W11/><G41/><T76/><D74/><U133/><E133/><V20/><REACH who="2" step="1"/><F101/><REACH who="2" ten="457,211,201,121" step="2"/><W132/><G132/><T16/><REACH who="0" step="1"/><D14/><AGARI ba="2,1" hai="14,18,20,27,28,32,45,46,80,84,89,90,92,97" machi="14" ten="30,7700,0" yaku="1,1,2,1,7,1,52,1,53,0" doraHai="24" doraHaiUra="108" who="2" fromWho="0" sc="457,-83,211,0,201,93,121,0" /><INIT seed="1,0,0,4,1,109" ten="374,211,294,121" oya="1" hai0="82,103,42,36,120,9,66,41,60,88,114,67,15" hai1="91,31,76,52,44,17,32,7,34,85,79,25,127" hai2="54,117,100,0,129,121,111,122,90,123,105,108,94" hai3="133,56,134,113,110,93,62,64,16,58,69,5,46"/><U80/><E127/><V124/><F0/><W19/><G110/><N who="2" m="42025" /><F54/><W55/><G113/><T83/><D120/><U86/><E34/><V50/><F50/><W22/><G5/><T6/><D114/><U99/><E7/><V51/><F51/><W10/><G93/><T95/><D103/><U33/><E33/><V35/><F35/><W118/><G118/><T131/><D131/><U130/><E130/><V84/><F129/><W73/><G73/><T70/><D67/><U29/><E99/><N who="2" m="61599" /><F124/><W14/><G46/><T75/><D75/><U48/><E31/><V20/><F20/><W68/><G68/><T96/><REACH who="0" step="1"/><D41/><REACH who="0" ten="364,211,294,121" step="2"/><U13/><REACH who="1" step="1"/><E86/><REACH who="1" ten="364,201,294,121" step="2"/><V112/><F112/><W78/><G134/><T65/><D65/><U132/><E132/><V43/><F117/><W97/><G133/><T24/><D24/><U74/><E74/><V8/><F84/><W26/><G97/><T107/><D107/><U3/><E3/><V72/><F72/><W23/><G55/><T39/><D39/><U40/><E40/><V119/><F43/><W81/><G64/><T11/><D11/><AGARI ba="0,2" hai="11,13,17,25,29,32,44,48,52,76,79,80,85,91" machi="11" ten="30,18000,2" yaku="1,1,7,1,25,2,54,1,53,1" doraHai="109" doraHaiUra="4" who="1" fromWho="0" sc="364,-180,201,200,294,0,121,0" /><INIT seed="1,1,0,0,4,56" ten="184,401,294,121" oya="1" hai0="23,14,91,0,127,42,78,27,8,109,43,108,111" hai1="63,125,36,101,76,11,70,131,35,115,65,128,60" hai2="87,71,119,39,58,98,74,26,41,30,15,54,117" hai3="103,79,40,47,55,21,31,83,20,68,45,32,133"/><U82/><E35/><V97/><F74/><W90/><G133/><T99/><D127/><U69/><E115/><V61/><F71/><W107/><G68/><T122/><D0/><U37/><E101/><V51/><F39/><N who="1" m="14921" /><E11/><V135/><F135/><W93/><G55/><T22/><D122/><U92/><E92/><V9/><F87/><W80/><G32/><T3/><D3/><U100/><E100/><V73/><F73/><W106/><G31/><T7/><D78/><U126/><E82/><V29/><F117/><W19/><G103/><T89/><D22/><U6/><E6/><V129/><F129/><N who="1" m="49737" /><E76/><V25/><F119/><W85/><G80/><T50/><D50/><U113/><E113/><V16/><F30/><W33/><G33/><T53/><D53/><U34/><E34/><V81/><F81/><W105/><G40/><N who="0" m="15403" /><D99/><N who="2" m="37898" /><F29/><AGARI ba="1,0" hai="7,8,14,23,27,29,89,91,108,109,111" m="15403" machi="29" ten="30,1000,0" yaku="14,1" doraHai="56" who="0" fromWho="2" sc="184,13,401,0,294,-13,121,0" /><INIT seed="2,0,0,1,2,4" ten="197,401,281,121" oya="2" hai0="33,94,135,105,12,121,113,31,15,106,54,59,2" hai1="48,111,8,77,21,86,65,23,90,19,125,112,46" hai2="109,133,6,85,110,72,78,30,134,41,1,36,56" hai3="100,70,88,63,104,79,3,38,44,126,49,17,95"/><V131/><F85/><W66/><G126/><T32/><D2/><U75/><E111/><N who="2" m="42507" /><F131/><W5/><G38/><T93/><D113/><U55/><E112/><V11/><F30/><W127/><G127/><T51/><D121/><U76/><E125/><V13/><F56/><W14/><G79/><N who="1" m="30282" /><E75/><V10/><F41/><W117/><G117/><T58/><D31/><U116/><E116/><V98/><F36/><W22/><G100/><T82/><D82/><N who="1" m="49495" /><E65/><V124/><F124/><W27/><G104/><T40/><D40/><U129/><E129/><V26/><F98/><W89/><G3/><T47/><D54/><U92/><E92/><V103/><F103/><W71/><G70/><T81/><D81/><U61/><E61/><V99/><F99/><W107/><G107/><T20/><D51/><U118/><E118/><V119/><F119/><W35/><G95/><T37/><D37/><U73/><E73/><V34/><F34/><W130/><G130/><T102/><D102/><U62/><E62/><V91/><F91/><W24/><G35/><T52/><D52/><U101/><E101/><V74/><F26/><W28/><G27/><T120/><D120/><U84/><E84/><V25/><F25/><W7/><G89/><T122/><D122/><U114/><E114/><V96/><F96/><W39/><G88/><T42/><D42/><U29/><E29/><V64/><F64/><W9/><REACH who="3" step="1"/><G39/><REACH who="3" ten="197,401,281,111" step="2"/><T115/><D115/><U69/><E69/><V0/><F0/><W67/><G67/><T50/><D93/><U45/><E45/><V57/><F78/><W80/><G80/><RYUUKYOKU ba="0,1" sc="197,-15,401,15,281,-15,111,15" hai1="8,19,21,23,46,48,55" hai3="5,7,9,14,17,22,24,28,44,49,63,66,71" /><INIT seed="3,1,1,5,5,76" ten="182,416,266,126" oya="3" hai0="78,29,52,80,3,66,21,123,132,10,125,120,58" hai1="112,85,98,91,44,109,19,133,20,55,72,73,13" hai2="110,25,33,27,12,106,127,48,89,51,111,11,119" hai3="1,71,83,115,74,16,18,49,94,42,46,50,107"/><W121/><G107/><T128/><D125/><U117/><E109/><N who="2" m="41483" /><F106/><W131/><G115/><T62/><D128/><U65/><E112/><V126/><F89/><W31/><G121/><T84/><D132/><U6/><E117/><V69/><F69/><W82/><G1/><T5/><D29/><U24/><E65/><V61/><F61/><W54/><G74/><T129/><D129/><U87/><E72/><V130/><F130/><W39/><G71/><T45/><D21/><N who="1" m="11503" /><E6/><N who="2" m="3191" /><F119/><W135/><G39/><T60/><REACH who="0" step="1"/><D45/><REACH who="0" ten="172,416,266,126" step="2"/><U134/><E134/><V64/><F126/><W116/><G135/><T95/><D95/><U124/><E124/><V92/><F127/><W38/><G116/><T90/><D90/><U15/><E44/><V68/><F92/><W104/><G104/><T32/><D32/><U17/><E91/><V23/><F33/><W114/><G114/><T2/><D2/><U105/><E105/><V30/><F30/><W70/><G131/><T102/><D102/><U86/><E133/><V53/><F23/><W97/><G31/><T59/><AGARI ba="1,2" hai="3,5,10,52,58,59,60,62,66,78,80,84,120,123" machi="59" ten="20,12000,2" yaku="1,1,0,1,7,1,52,1,54,1,53,1" doraHai="76" doraHaiUra="4" who="0" fromWho="0" sc="172,143,416,-31,266,-31,126,-61" /><INIT seed="4,0,0,5,0,53" ten="315,385,235,65" oya="0" hai0="96,5,31,36,15,9,101,67,107,74,73,44,87" hai1="55,130,65,117,10,0,100,131,72,22,23,98,80" hai2="84,112,85,19,61,126,41,132,17,114,99,51,91" hai3="24,4,42,79,54,95,47,83,37,43,93,106,40"/><T3/><D15/><U62/><E117/><V78/><F132/><W30/><G106/><T33/><D87/><U125/><E55/><V35/><F35/><W69/><G69/><T58/><D58/><N who="1" m="37079" /><E72/><V121/><F121/><W135/><G135/><T50/><D50/><U75/><E75/><V76/><F51/><W38/><G4/><T77/><D67/><U118/><E80/><V8/><F61/><W20/><G54/><T28/><D28/><U1/><E118/><V12/><F41/><W90/><G38/><T57/><D57/><U2/><E10/><V89/><F8/><W104/><G104/><T60/><D60/><U68/><E68/><V123/><F12/><W122/><G122/><T16/><D16/><U45/><E45/><V113/><F123/><W6/><G6/><T103/><D103/><U49/><E49/><V52/><F52/><W81/><G95/><T82/><D74/><U25/><E25/><V64/><F114/><W124/><G124/><T7/><D7/><U56/><E56/><V18/><F18/><W59/><G59/><T14/><D14/><U46/><E46/><V105/><F64/><W109/><G83/><T94/><D94/><N who="1" m="58455" /><E125/><V115/><F115/><W34/><G34/><T26/><D44/><U71/><E71/><V88/><F126/><W116/><G116/><T70/><D70/><U66/><E66/><V39/><F113/><W129/><G42/><T13/><D13/><U63/><E63/><V48/><F112/><W108/><G40/><T102/><D36/><U128/><AGARI ba="0,0" hai="0,1,2,22,23,128,130,131" m="58455,37079" machi="128" ten="40,2700,0" yaku="19,1,52,1" doraHai="53" who="1" fromWho="1" sc="315,-13,385,27,235,-7,65,-7" /><INIT seed="5,0,0,4,3,101" ten="302,412,228,58" oya="1" hai0="50,74,23,13,57,132,112,91,41,125,46,15,16" hai1="30,60,118,66,120,106,33,88,127,14,94,131,109" hai2="47,119,35,105,100,126,8,107,86,68,11,24,22" hai3="71,98,40,49,29,37,36,39,82,10,21,4,115"/><U95/><E120/><V78/><F119/><W20/><G115/><T28/><D74/><U111/><E118/><V104/><F100/><W51/><G71/><T92/><D112/><U18/><E127/><V83/><F126/><W64/><G64/><T19/><D132/><U79/><E79/><V63/><F35/><W76/><G98/><T85/><D125/><U108/><E131/><V26/><F47/><W128/><G128/><T61/><D28/><U55/><E55/><V17/><REACH who="2" step="1"/><F26/><REACH who="2" ten="302,412,218,58" step="2"/><W130/><G130/><T58/><REACH who="0" step="1"/><D61/><REACH who="0" ten="292,412,218,58" step="2"/><U12/><E60/><V102/><F102/><W43/><G29/><T70/><D70/><U52/><E30/><V31/><F31/><W113/><G113/><T5/><D5/><U90/><E109/><V34/><F34/><W27/><G27/><T87/><D87/><U81/><E111/><V97/><F97/><W3/><G43/><T67/><D67/><AGARI ba="0,2" hai="8,11,17,22,24,63,67,68,78,83,86,104,105,107" machi="67" ten="40,8000,1" yaku="1,1,52,3,53,0" doraHai="101" doraHaiUra="116" who="2" fromWho="0" sc="292,-80,412,0,218,100,58,0" /><INIT seed="6,0,0,3,5,81" ten="212,412,318,58" oya="2" hai0="45,51,104,50,3,24,121,10,100,127,114,83,73" hai1="129,4,94,62,72,8,79,92,17,110,36,64,42" hai2="132,46,66,6,89,116,69,1,125,53,14,7,134" hai3="39,70,91,56,55,40,2,27,109,16,101,61,19"/><V96/><F116/><W111/><G2/><T82/><D121/><U76/><E110/><V41/><F125/><W113/><G101/><T13/><D3/><N who="1" m="31" /><E17/><V20/><F1/><W122/><G122/><T38/><D114/><U32/><E79/><V33/><F33/><W29/><G113/><T43/><D127/><U58/><E129/><V102/><F53/><W106/><G106/><T124/><D124/><U11/><E11/><V85/><F66/><W77/><G77/><T15/><D15/><U105/><E105/><V78/><F78/><W115/><G70/><T131/><D131/><U108/><E108/><V25/><F69/><W34/><G115/><T47/><D73/><U57/><E57/><V120/><F120/><W97/><G111/><T133/><D38/><U28/><E28/><N who="2" m="17447" /><F14/><W5/><G5/><T26/><D133/><N who="2" m="51306" /><F96/><W63/><G63/><T84/><D100/><U130/><E32/><V75/><F102/><W21/><G109/><T9/><D104/><U90/><E90/><V86/><F75/><W30/><G30/><T119/><D119/><U60/><E130/><V135/><N who="2" m="51314" /><V99/><DORA hai="35" /><F99/><W93/><REACH who="3" step="1"/><G34/><REACH who="3" ten="212,412,318,48" step="2"/><T71/><D71/><U67/><E76/><V23/><F6/><W80/><G80/><T65/><D83/><U95/><E72/><V88/><F7/><W112/><G112/><T48/><D82/><U123/><E123/><V44/><F89/><W87/><G87/><N who="2" m="33289" /><F88/><W126/><G126/><T74/><D74/><U37/><E67/><V118/><F118/><W49/><G49/><T22/><D65/><U98/><E64/><RYUUKYOKU ba="0,1" sc="212,-10,412,-10,318,-10,48,30" hai3="16,19,21,27,29,39,40,55,56,61,91,93,97" /><INIT seed="7,1,1,5,2,70" ten="202,402,308,78" oya="3" hai0="33,31,107,99,133,86,1,12,40,14,21,81,60" hai1="64,26,130,43,125,88,129,24,124,57,115,73,42" hai2="29,71,9,67,18,96,121,108,28,105,35,6,15" hai3="84,16,114,92,117,10,59,56,113,110,78,79,103"/><W38/><G117/><T94/><D1/><U19/><E73/><V118/><F118/><W119/><G119/><T80/><D107/><U2/><E2/><N who="2" m="215" /><F67/><W39/><G110/><T111/><D33/><U36/><E115/><N who="3" m="44042" /><G103/><N who="0" m="60919" /><D133/><U41/><E36/><N who="3" m="13866" /><G92/><T106/><D40/><U55/><E64/><V48/><F108/><W89/><G89/><T72/><D72/><U93/><E43/><V98/><F105/><W74/><G74/><T27/><D106/><U0/><E0/><V127/><F121/><W116/><G116/><T62/><D81/><U4/><E42/><V109/><F109/><W91/><G91/><N who="0" m="51655" /><D111/><U82/><E41/><V22/><F98/><W76/><G84/><T45/><D45/><U8/><E82/><V68/><F96/><W120/><G120/><T132/><D132/><U11/><E88/><V49/><F35/><W95/><G95/><T51/><D51/><N who="1" m="30975" /><E93/><V32/><F49/><W87/><G87/><T75/><D75/><U7/><E125/><V5/><F48/><W53/><G53/><T77/><D77/><N who="3" m="19713" /><W47/><DORA hai="63" /><G47/><T52/><D52/><U128/><E124/><V97/><F127/><W83/><G83/><T104/><D104/><U13/><E130/><V50/><F97/><W61/><G61/><AGARI ba="1,1" hai="12,14,21,27,31,60,61,62" m="51655,60919" machi="61" ten="30,1000,0" yaku="8,1" doraHai="70,63" who="0" fromWho="3" sc="202,23,402,0,308,0,78,-13" owari="225,-17.5,402,50.2,308,10.8,65,-43.5" /></mjloggm>