<mjloggm ver="2.3"><GO type="169" lobby="0"/><UN n0="%E3%82%B8%E3%83%A7%E3%83%8B%E3%83%B2" n1="%56%45%54%54%45%4C" n2="%43%72%37" n3="%E9%9B%B2%E3%81%AE%E3%83%95%E3%83%89%E3%82%A6" dan="16,17,17,16" rate="2135.21,2174.44,2212.17,2079.64" sx="M,M,M,M"/><TAIKYOKU oya="0"/><INIT seed="0,0,0,3,4,7" ten="250,250,250,250" oya="0" hai0="114,57,43,126,85,33,105,132,49,52,14,46,97" hai1="32,40,116,115,124,23,119,125,3,128,74,122,25" hai2="107,82,64,106,30,86,109,38,47,24,31,111,42" hai3="112,73,44,110,91,102,69,22,78,68,70,12,18"/><T21/><D114/><U26/><E74/><V76/><F64/><W15/><G112/><T10/><D33/><U8/><E115/><V27/><F27/><W120/><G110/><N who="2" m="41993" /><F31/><W5/><G120/><T108/><D108/><U61/><E122/><V99/><F99/><W41/><G102/><T63/><D21/><AGARI ba="0,0" hai="21,24,30,38,42,47,76,82,86,106,107" m="41993" machi="21" ten="30,1000,0" yaku="14,1" doraHai="7" who="2" fromWho="0" sc="250,-10,250,0,250,10,250,0" /><INIT seed="1,0,0,1,3,73" ten="240,250,260,250" oya="1" hai0="74,119,124,14,32,20,53,86,61,17,59,76,93" hai1="49,81,102,16,25,34,30,88,82,9,18,19,46" hai2="129,101,109,24,55,28,37,60,13,71,0,114,12" hai3="63,1,98,65,106,64,58,35,31,126,100,77,2"/><U3/><E102/><V72/><F0/><W85/><G126/><T95/><D119/><U94/><E3/><V128/><F37/><W40/><G40/><T75/><D32/><U69/><E9/><V52/><F109/><W5/><G5/><T79/><D124/><U39/><E39/><V26/><F72/><W29/><G65/><T6/><D75/><U21/><E69/><V92/><F114/><W117/><G117/><T104/><D104/><U10/><E10/><V36/><F36/><W120/><G120/><T110/><D74/><U57/><E57/><V38/><F38/><W23/><G35/><T121/><D110/><U118/><E34/><V131/><F92/><N who="3" m="58439" /><G31/><T51/><D121/><U4/><E4/><V134/><F134/><W11/><G11/><T123/><D123/><U8/><E8/><V33/><F26/><N who="3" m="16607" /><G106/><T105/><D105/><U96/><REACH who="1" step="1"/><E118/><REACH who="1" ten="240,240,260,250" step="2"/><V43/><F101/><W135/><G135/><T27/><D6/><U107/><E107/><V66/><REACH who="2" step="1"/><F43/><AGARI ba="0,1" hai="16,18,19,21,25,30,43,46,49,81,82,88,94,96" machi="43" ten="40,12000,1" yaku="1,1,8,1,54,2,53,0" doraHai="73" doraHaiUra="115" who="1" fromWho="2" sc="240,0,240,130,260,-120,250,0" /><INIT seed="1,1,0,3,1,64" ten="240,370,140,250" oya="1" hai0="66,9,133,96,127,18,97,113,85,73,119,49,33" hai1="69,72,30,123,29,61,51,75,32,116,131,26,54" hai2="15,120,126,5,53,22,111,36,83,24,67,46,4" hai3="87,109,70,37,17,112,68,47,79,19,88,52,57"/><U76/><E116/><V60/><F120/><W118/><G112/><T7/><D73/><U129/><E123/><V74/><F111/><W56/><G79/><T125/><D113/><U132/><E132/><V42/><F126/><W107/><G107/><T82/><D119/><U130/><E30/><V50/><F83/><W40/><G118/><T16/><D33/><U0/><E0/><V84/><F84/><W59/><G109/><T80/><D49/><U62/><E76/><V58/><F15/><W117/><G117/><T128/><D66/><N who="1" m="41167" /><E62/><V101/><F101/><W63/><G57/><AGARI ba="1,0" hai="26,29,32,51,54,57,72,75,129,130,131" m="41167" machi="57" ten="30,2900,0" yaku="19,1,52,1" doraHai="64" who="1" fromWho="3" sc="240,0,370,32,140,0,250,-32" /><INIT seed="1,2,0,3,1,72" ten="240,402,140,218" oya="1" hai0="90,120,123,111,6,107,45,53,76,59,70,74,46" hai1="44,132,95,80,36,51,10,49,115,23,88,89,61" hai2="106,127,26,77,86,110,33,98,24,68,28,92,105" hai3="32,52,87,7,134,122,71,39,3,11,102,103,63"/><U48/><E115/><V121/><F121/><N who="0" m="46666" /><D111/><U109/><E132/><V130/><F110/><W78/><G122/><T60/><D107/><U114/><E114/><V14/><F130/><W73/><G134/><T69/><D6/><U128/><E128/><V20/><F68/><N who="0" m="26218" /><D90/><U8/><E109/><V133/><F14/><W1/><G1/><T65/><D65/><U31/><E61/><V21/><F127/><W108/><G108/><T85/><D85/><N who="1" m="50215" /><E36/><V100/><F133/><W0/><G0/><T135/><D135/><U17/><E44/><N who="0" m="17001" /><D74/><U34/><E31/><V35/><F106/><W56/><G73/><T84/><D84/><N who="1" m="52647" /><E34/><V126/><F126/><W30/><G39/><T50/><D76/><U18/><E18/><V4/><F4/><W97/><G97/><T125/><D125/><U113/><E113/><V101/><F101/><W16/><G16/><T129/><D129/><U58/><E8/><V27/><F105/><W91/><G71/><T112/><D112/><U22/><E10/><V62/><F28/><W54/><G54/><T43/><D43/><U64/><E17/><V42/><F42/><W38/><G38/><T94/><D94/><U41/><E41/><V5/><F5/><W37/><G37/><T25/><D25/><U19/><E19/><V99/><F35/><W55/><G55/><T47/><N who="0" m="17009" /><T118/><DORA hai="66" /><D118/><U15/><E15/><V9/><F33/><W93/><REACH who="3" step="1"/><G78/><REACH who="3" ten="240,402,140,208" step="2"/><T124/><D124/><U2/><E2/><V81/><F9/><W40/><G40/><T29/><D29/><U104/><E64/><V57/><F99/><RYUUKYOKU ba="2,1" sc="240,10,402,-30,140,10,208,10" hai0="50,53,59,60" hai2="20,21,24,26,27,57,62,77,81,86,92,98,100" hai3="3,7,11,30,32,52,56,63,87,91,93,102,103" /><INIT seed="2,3,1,5,2,61" ten="250,372,150,218" oya="2" hai0="12,134,35,112,30,57,135,94,73,38,8,3,91" hai1="83,113,64,125,34,86,52,79,7,105,119,24,115" hai2="10,15,81,129,102,37,72,111,85,98,106,21,50" hai3="130,6,17,19,80,31,70,67,48,110,68,128,20"/><V54/><F129/><N who="3" m="49771" /><G110/><T14/><D38/><U27/><E119/><V4/><F37/><W103/><G6/><N who="0" m="1119" /><D73/><U116/><E116/><V123/><F111/><W66/><G103/><T122/><D122/><U22/><E105/><V29/><F72/><W101/><G101/><T121/><D121/><U109/><E109/><V107/><F123/><W11/><G80/><T127/><D112/><U132/><E7/><V56/><F107/><W2/><G48/><T13/><D30/><U41/><E132/><N who="0" m="50729" /><D35/><U0/><E0/><V114/><F114/><W43/><G43/><T76/><D76/><U133/><E133/><V25/><F81/><W9/><G2/><T26/><D26/><U59/><E83/><V63/><REACH who="2" step="1"/><F85/><REACH who="2" ten="250,372,140,218" step="2"/><W126/><G126/><T58/><D127/><U71/><E86/><AGARI ba="3,2" hai="12,13,14,57,58,86,91,94" m="50729,1119" machi="86" ten="30,1000,0" yaku="20,1" doraHai="61" who="0" fromWho="1" sc="250,39,372,-19,140,0,218,0" /><INIT seed="3,0,0,5,0,91" ten="289,353,140,218" oya="3" hai0="89,111,124,41,0,118,60,52,3,85,99,55,49" hai1="75,69,84,26,116,115,72,98,27,114,71,119,96" hai2="8,132,97,45,54,100,4,58,11,57,17,127,34" hai3="14,87,24,36,120,102,109,117,90,62,133,32,93"/><W53/><G117/><T66/><D118/><U67/><REACH who="1" step="1"/><E84/><REACH who="1" ten="289,343,140,218" step="2"/><V126/><F127/><W15/><G87/><T122/><D124/><U79/><E79/><V63/><F126/><W29/><G120/><T130/><D122/><U64/><AGARI ba="0,1" hai="26,27,64,67,69,71,72,75,96,98,114,115,116,119" machi="64" ten="25,12000,2" yaku="21,2,0,1,22,2,53,2" doraHai="91" doraHaiUra="110" who="1" fromWho="1" sc="289,-30,343,130,140,-30,218,-60" /><INIT seed="4,0,0,5,4,19" ten="259,473,110,158" oya="0" hai0="105,83,40,26,103,50,98,33,113,28,21,129,57" hai1="74,30,10,118,84,32,15,60,66,94,97,58,133" hai2="125,87,63,80,128,75,77,55,44,92,25,8,95" hai3="107,69,23,6,88,11,37,104,73,2,39,4,34"/><T5/><D113/><U3/><E118/><V132/><F128/><W76/><G34/><T115/><D115/><U109/><E74/><V12/><F132/><W35/><G35/><T85/><D129/><U90/><E109/><V122/><F125/><W124/><G124/><T96/><D5/><U117/><E3/><V29/><F75/><W61/><G6/><T110/><D98/><U52/><E117/><V13/><F13/><W102/><G23/><T134/><D110/><U120/><E120/><V89/><F77/><W0/><G88/><T56/><D33/><U91/><E30/><V46/><F46/><W114/><G114/><T123/><D134/><U27/><E27/><V14/><F14/><W16/><G16/><T108/><D108/><U135/><E32/><V47/><F47/><W38/><G102/><T106/><D106/><U64/><E133/><V101/><F101/><W68/><G2/><T7/><D7/><N who="1" m="3551" /><E135/><V62/><F122/><W86/><G86/><T99/><D99/><U121/><E121/><V82/><F25/><W49/><G49/><T20/><D123/><U79/><E79/><V93/><F29/><W72/><G72/><T67/><D50/><U45/><E45/><V59/><F44/><W9/><G9/><T71/><D40/><U127/><E127/><V22/><F8/><W41/><G41/><T78/><REACH who="0" step="1"/><D21/><REACH who="0" ten="249,473,110,158" step="2"/><U130/><E130/><V36/><F22/><W31/><G104/><T116/><D116/><U42/><E42/><V17/><F36/><W43/><G107/><T48/><D48/><U70/><E97/><V54/><F63/><AGARI ba="0,1" hai="20,26,28,56,57,63,67,71,78,83,85,96,103,105" machi="63" ten="40,7700,0" yaku="1,1,6,1,52,1,53,0" doraHai="19" doraHaiUra="126" who="0" fromWho="2" sc="249,87,473,0,110,-77,158,0" /><INIT seed="4,1,0,2,2,125" ten="336,473,33,158" oya="0" hai0="122,126,109,28,0,59,52,134,68,54,130,20,116" hai1="127,132,19,10,108,48,121,83,101,95,2,90,77" hai2="9,119,79,73,66,42,26,12,50,25,11,113,67" hai3="45,120,1,129,115,21,91,70,63,34,31,29,8"/><T38/><RYUUKYOKU type="yao9" ba="1,0" sc="336,0,473,0,33,0,158,0" hai0="0,20,28,38,52,54,59,68,109,116,122,126,130,134" /><INIT seed="4,2,0,2,5,40" ten="336,473,33,158" oya="0" hai0="54,68,24,82,3,28,131,38,23,115,78,1,12" hai1="25,95,53,41,112,102,59,19,129,39,104,62,8" hai2="101,67,26,42,80,77,6,90,20,87,58,117,70" hai3="94,18,79,37,75,17,5,124,98,105,65,92,93"/><T114/><D68/><U69/><E104/><V9/><F117/><W99/><G124/><T29/><D38/><U120/><E120/><V52/><F101/><W48/><G37/><T97/><D131/><U74/><E74/><V71/><F67/><W7/><G65/><T49/><D12/><U30/><E69/><V16/><F42/><W72/><G105/><T122/><D97/><U81/><E41/><V33/><F33/><W113/><G48/><T45/><D29/><U84/><E39/><V132/><F132/><W13/><G13/><T130/><D130/><U106/><E106/><V66/><F66/><W4/><G79/><T133/><D133/><U110/><E110/><V56/><F56/><W21/><G21/><T126/><D126/><U83/><E30/><V43/><F43/><W116/><G116/><T96/><D96/><N who="3" m="36905" /><G113/><N who="0" m="43019" /><D122/><U35/><E112/><V123/><F77/><W14/><G14/><T88/><D88/><N who="1" m="53639" /><E129/><V47/><F123/><W100/><G100/><T50/><D49/><U73/><E102/><V11/><F11/><W32/><G32/><T118/><D118/><U109/><E35/><V0/><REACH who="2" step="1"/><F47/><REACH who="2" ten="336,473,23,158" step="2"/><W36/><G36/><T2/><D2/><U60/><E109/><V128/><F128/><W125/><G125/><T55/><D54/><U61/><E53/><V63/><AGARI ba="2,1" hai="0,6,9,16,20,26,52,58,63,70,71,80,87,90" machi="63" ten="20,12000,2" yaku="1,1,0,1,7,1,54,2,53,1" doraHai="40" doraHaiUra="51" who="2" fromWho="2" sc="336,-62,473,-32,23,136,158,-32" /><INIT seed="5,0,0,1,1,91" ten="274,441,159,126" oya="1" hai0="94,10,4,103,2,112,9,36,77,125,69,131,47" hai1="14,82,13,16,54,85,42,102,84,50,92,21,135" hai2="33,67,107,121,127,23,60,81,28,104,37,83,86" hai3="111,20,73,74,22,133,101,58,96,93,78,59,118"/><U41/><E135/><V115/><F121/><W130/><G111/><T124/><D69/><U95/><E14/><V132/><F37/><W24/><G133/><T19/><D77/><U5/><E5/><V61/><F33/><W35/><G130/><T7/><D19/><U8/><E102/><V46/><F46/><W52/><G118/><T79/><D79/><U48/><E21/><V51/><F51/><N who="1" m="19497" /><E54/><V108/><F23/><W80/><G73/><T53/><D131/><U66/><E66/><V123/><F67/><W98/><G59/><T57/><D57/><U26/><E26/><V30/><F123/><W126/><G126/><T17/><D17/><U116/><E116/><V119/><F127/><W109/><G109/><T117/><D53/><U6/><E6/><V1/><F1/><W62/><REACH who="3" step="1"/><G96/><REACH who="3" ten="274,441,159,116" step="2"/><N who="0" m="59799" /><D117/><U87/><E82/><V39/><F119/><W105/><G105/><T55/><D125/><U0/><E0/><V99/><F132/><W68/><G68/><T12/><D124/><U120/><E120/><V40/><F108/><W90/><G90/><T15/><D2/><U75/><E75/><V27/><F81/><W113/><G113/><T64/><D112/><U18/><E84/><V49/><F115/><W34/><G34/><T70/><D70/><U128/><E128/><V110/><F110/><W63/><G63/><T11/><D64/><U65/><E65/><V72/><F72/><W25/><G25/><T32/><D32/><U56/><E56/><V44/><F27/><W122/><G122/><T71/><D71/><U43/><E85/><V45/><F86/><RYUUKYOKU ba="0,1" sc="274,-10,441,-10,159,-10,116,30" hai3="20,22,24,35,52,58,62,74,78,80,93,98,101" /><INIT seed="6,1,1,4,5,134" ten="264,431,149,146" oya="2" hai0="79,14,135,43,113,71,88,33,51,17,111,121,18" hai1="133,99,91,20,109,9,76,19,27,100,63,59,61" hai2="86,130,23,77,75,47,64,62,116,73,15,122,107" hai3="68,54,56,78,95,13,2,52,8,57,108,26,34"/><V112/><F116/><W94/><G108/><T5/><D71/><U119/><E109/><V125/><F122/><W42/><G68/><T58/><D33/><U123/><E119/><V4/><F107/><W7/><G42/><T101/><D101/><U96/><E76/><V69/><F112/><W16/><G78/><T127/><D79/><U132/><E123/><V117/><F117/><W131/><G131/><T74/><D74/><U37/><E37/><V36/><F130/><W124/><G124/><T49/><D111/><U55/><E9/><V48/><F36/><W46/><G46/><T80/><D113/><U87/><E63/><V128/><F125/><W72/><G72/><T106/><D106/><U3/><E3/><V0/><F0/><W44/><G44/><N who="0" m="25759" /><D135/><N who="1" m="51787" /><E100/><V83/><F23/><N who="3" m="13671" /><G34/><T67/><D121/><U1/><E1/><V11/><REACH who="2" step="1"/><F128/><REACH who="2" ten="264,431,139,146" step="2"/><W126/><G126/><T29/><D127/><U129/><E129/><V24/><F24/><W118/><G118/><T102/><D14/><U22/><E20/><V35/><F35/><W70/><G2/><T120/><D120/><U31/><E27/><V89/><F89/><W53/><G70/><T105/><D88/><U28/><E91/><V98/><F98/><W97/><G97/><T93/><D105/><U60/><E96/><V39/><F39/><W84/><G84/><T114/><D114/><U25/><E87/><V81/><F81/><W45/><G45/><T40/><D80/><U38/><E38/><V32/><F32/><W104/><G104/><T92/><D102/><U50/><E99/><V115/><F115/><RYUUKYOKU ba="1,2" sc="264,-30,431,10,139,10,146,10" hai1="19,22,25,28,31,50,55,59,60,61" hai2="4,11,15,47,48,62,64,69,73,75,77,83,86" hai3="7,8,13,52,53,54,56,57,94,95" /><INIT seed="6,2,2,0,0,100" ten="234,441,149,156" oya="2" hai0="107,67,77,127,11,120,44,21,61,78,9,19,50" hai1="38,20,66,129,2,1,102,86,88,53,24,81,103" hai2="96,73,7,101,62,14,65,64,125,87,76,84,72" hai3="31,34,134,112,30,116,82,45,54,48,13,71,36"/><V6/><F125/><W80/><G116/><T40/><D120/><U114/><E38/><V28/><F28/><W39/><G71/><T113/><D107/><U25/><E66/><N who="2" m="25707" /><F62/><W91/><G13/><T16/><D127/><U15/><E114/><V32/><F32/><W22/><G34/><T121/><D121/><U105/><E1/><V42/><F42/><W115/><G134/><T55/><D113/><N who="3" m="43593" /><G30/><T89/><D89/><U41/><E2/><V110/><F110/><W0/><G0/><T108/><D108/><U132/><E41/><V63/><F63/><W70/><G70/><T133/><D133/><U74/><E132/><V122/><F122/><W69/><G69/><T93/><D93/><U135/><E74/><N who="2" m="28779" /><F14/><W90/><G39/><T29/><D40/><U12/><E15/><V10/><F10/><N who="0" m="3594" /><D61/><U18/><E135/><V35/><F35/><W130/><G36/><T111/><D67/><U46/><E12/><V37/><F37/><W94/><G90/><T4/><D111/><U75/><E88/><V52/><F52/><W83/><G31/><T128/><D4/><N who="2" m="1578" /><F76/><W126/><G126/><T47/><D78/><U3/><E53/><V97/><F101/><W27/><G80/><T95/><D77/><U109/><E103/><V124/><F124/><W33/><G83/><T92/><D29/><U60/><E60/><V123/><F123/><W106/><G82/><T79/><D79/><U118/><E75/><V131/><F131/><W85/><G130/><T51/><D128/><U57/><E129/><V23/><F23/><W104/><G22/><T56/><D21/><RYUUKYOKU ba="2,2" sc="234,-15,441,-15,149,15,156,15" hai2="84,87,96,97" hai3="27,33,45,48,54,85,91,94,104,106" /><INIT seed="6,3,2,4,5,43" ten="219,426,164,171" oya="2" hai0="91,121,110,70,29,51,64,67,105,124,37,10,119" hai1="55,131,123,15,128,44,33,3,129,50,117,57,125" hai2="106,59,90,88,79,73,62,135,104,96,22,53,24" hai3="14,77,47,65,76,98,120,81,78,103,113,95,58"/><V75/><F135/><W17/><G120/><T92/><D37/><U66/><E117/><V69/><F69/><W132/><G132/><T107/><D110/><U42/><E3/><V21/><F21/><W8/><G113/><T52/><D119/><U100/><E33/><V35/><F35/><W9/><G47/><T4/><D29/><U99/><E123/><V116/><F116/><W71/><G71/><T2/><D121/><U122/><E122/><V48/><F79/><W84/><G9/><T31/><D31/><U97/><E66/><V38/><F38/><W5/><G17/><T89/><D89/><U109/><E125/><V56/><F75/><W72/><G72/><T19/><D19/><U82/><E109/><V108/><F73/><W32/><G32/><T87/><D124/><U13/><E82/><V94/><F90/><W12/><G12/><N who="1" m="4682" /><E100/><V25/><F25/><W80/><G80/><T45/><REACH who="0" step="1"/><D70/><REACH who="0" ten="209,426,164,171" step="2"/><U63/><AGARI ba="3,3" hai="42,44,50,55,57,63,97,99,128,129,131" m="4682" machi="63" ten="40,2700,0" yaku="19,1,52,1" doraHai="43" who="1" fromWho="1" sc="209,-10,426,66,164,-16,171,-10" /><INIT seed="7,0,0,2,2,63" ten="199,492,148,161" oya="3" hai0="31,83,95,38,36,48,28,100,60,17,53,119,92" hai1="25,129,64,45,103,9,35,113,73,130,128,132,69" hai2="54,57,39,93,77,126,21,76,22,75,32,108,43" hai3="20,24,96,11,118,44,98,16,123,79,99,12,0"/><W122/><G118/><T51/><D119/><U33/><E113/><V6/><F108/><W67/><G79/><T135/><D135/><U102/><E73/><V87/><F32/><W80/><G80/><T85/><D60/><N who="1" m="40071" /><E132/><V8/><F126/><W58/><G0/><T107/><D107/><U30/><E35/><V97/><F75/><W34/><G34/><T27/><D17/><U62/><E62/><N who="2" m="36151" /><F39/><W4/><G44/><T1/><D1/><U74/><E74/><V78/><F43/><W2/><G58/><T110/><D51/><U19/><E45/><V104/><F104/><W134/><G134/><T89/><D31/><U101/><E19/><V13/><F87/><W111/><G111/><T10/><D10/><AGARI ba="0,0" hai="9,10,25,30,33,101,102,103,128,129,130" m="40071" machi="10" ten="40,2600,0" yaku="19,1,52,1" doraHai="63" who="1" fromWho="0" sc="199,-26,492,26,148,0,161,0" owari="173,-2.7,518,61.8,148,-35.2,161,-23.9" /></mjloggm>