<mjloggm ver="2.3"><GO type="169" lobby="0"/><UN n0="%E3%81%97%E3%82%89%E3%81%84%E3%81%97%E3%81%BE%E3%81%84" n1="%E3%81%8B%E3%82%8F%E3%81%97%E3%81%83" n2="%E3%81%93%E3%81%9A" n3="%E3%81%86%E3%81%A1%E3%83%BC" dan="18,16,16,16" rate="2267.56,2131.00,2044.43,2135.14" sx="M,M,M,M"/><TAIKYOKU oya="0"/><INIT seed="0,0,0,1,4,44" ten="250,250,250,250" oya="0" hai0="65,51,134,131,33,72,86,115,47,59,90,79,128" hai1="1,5,60,114,83,102,106,13,117,38,62,9,37" hai2="118,18,39,92,0,63,97,68,105,2,46,8,57" hai3="42,82,7,20,61,19,35,25,6,91,81,93,21"/><T121/><D115/><U113/><E117/><V124/><F124/><W96/><G35/><T16/><D121/><U15/><E83/><V122/><F122/><W43/><G82/><T111/><D33/><U50/><E102/><V110/><F110/><W104/><G104/><T126/><D126/><U49/><E106/><V40/><F105/><W28/><G61/><T53/><D134/><U75/><E9/><V11/><F68/><W135/><G135/><T89/><D111/><U58/><E58/><V52/><F118/><W17/><G28/><T55/><D65/><U116/><E116/><V69/><F69/><W84/><G6/><T112/><D72/><U103/><E103/><V10/><REACH who="2" step="1"/><F18/><REACH who="2" ten="250,250,240,250" step="2"/><W48/><G7/><T14/><D112/><U31/><E5/><V99/><F99/><W67/><G67/><T12/><D128/><U26/><E31/><V123/><F123/><W30/><G30/><T54/><D131/><U94/><E1/><V109/><F109/><W32/><G32/><T119/><D119/><U87/><E113/><V4/><F4/><W127/><G127/><T85/><D12/><U129/><E114/><V95/><F95/><W120/><G120/><T88/><D79/><U36/><E94/><V77/><F77/><W132/><G132/><T130/><D130/><U27/><E129/><V70/><F70/><W22/><G93/><T64/><D16/><N who="3" m="6217" /><G96/><T100/><D14/><U45/><E13/><V71/><F71/><W74/><G74/><T29/><D29/><U125/><E15/><V108/><F108/><W80/><G22/><T3/><D3/><RYUUKYOKU ba="0,1" sc="250,-10,250,-10,240,30,250,-10" hai2="0,2,8,10,11,39,40,46,52,57,63,92,97" /><INIT seed="1,1,1,4,5,58" ten="240,240,270,240" oya="1" hai0="75,21,11,4,36,109,131,45,101,133,71,68,118" hai1="22,70,0,110,78,86,108,115,95,88,56,13,12" hai2="105,65,30,50,69,106,64,73,128,90,31,47,79" hai3="42,82,1,2,74,37,3,125,112,32,94,34,48"/><U7/><E70/><V40/><F128/><W122/><G48/><T99/><D118/><U91/><E115/><V39/><F39/><W55/><G55/><T63/><D109/><N who="1" m="42091" /><E78/><V135/><F135/><W60/><G94/><T124/><D75/><U93/><E0/><V57/><F69/><W92/><G92/><T114/><D124/><U77/><E77/><V100/><F90/><W15/><G15/><N who="1" m="5706" /><E56/><V19/><F79/><W107/><G125/><T52/><D131/><U6/><E22/><V14/><F73/><W96/><G74/><T83/><D133/><U33/><E33/><V72/><F72/><W46/><G112/><T43/><D21/><U104/><E104/><V38/><F105/><W119/><G107/><T103/><D114/><U123/><E123/><V41/><F106/><W130/><G122/><T9/><D71/><U59/><E59/><V29/><F100/><W18/><G130/><T17/><D101/><U102/><E102/><V5/><F5/><W80/><G34/><T25/><D4/><U54/><E54/><V67/><F57/><W129/><G32/><T66/><D52/><U53/><E53/><N who="2" m="29919" /><F38/><W44/><G129/><T20/><D83/><U81/><E81/><V89/><F89/><W132/><G80/><T62/><D62/><U61/><E61/><V49/><F49/><N who="3" m="26839" /><G60/><T27/><D27/><U16/><E16/><V76/><F76/><W126/><G82/><T120/><D120/><U84/><AGARI ba="1,1" hai="6,7,84,86,88,91,93,95" m="5706,42091" machi="84" ten="30,6000,0" yaku="14,1,10,1,54,1" doraHai="58" who="1" fromWho="1" sc="240,-21,240,73,270,-21,240,-21" /><INIT seed="1,2,0,1,3,125" ten="219,313,249,219" oya="1" hai0="73,9,62,118,49,56,106,115,64,116,29,110,113" hai1="108,96,87,98,60,76,50,69,13,89,27,48,135" hai2="79,86,120,35,51,32,1,59,92,55,52,80,126" hai3="114,11,30,58,74,91,119,109,33,26,3,82,90"/><U15/><E135/><V75/><F120/><W53/><G114/><T77/><D106/><U63/><E76/><V83/><F126/><W85/><G74/><T4/><D29/><U5/><E27/><V25/><F1/><W84/><G109/><T97/><D110/><U24/><E24/><V112/><F112/><W41/><G41/><T121/><D121/><U31/><E31/><V47/><F92/><W100/><G119/><T66/><D66/><U124/><E124/><V34/><F25/><W122/><G122/><T16/><D115/><U61/><E108/><V70/><F70/><W12/><G3/><T111/><D113/><U104/><E69/><V36/><F36/><W128/><G100/><T103/><D111/><U127/><E127/><V17/><F17/><W44/><G44/><T107/><D16/><U20/><E20/><V19/><F19/><W101/><G101/><T123/><D123/><U133/><E133/><V88/><REACH who="2" step="1"/><F32/><REACH who="2" ten="219,313,239,219" step="2"/><W54/><G33/><T40/><D116/><U2/><E2/><V102/><F102/><W7/><G26/><T57/><D118/><U68/><E68/><V43/><F43/><W21/><G30/><T14/><D40/><U28/><E28/><V81/><F81/><W38/><G38/><T46/><D107/><U72/><E104/><V22/><F22/><W6/><G21/><T71/><D103/><U37/><E37/><V134/><F134/><W67/><G6/><T99/><D71/><U131/><E5/><V105/><F105/><W78/><G7/><T8/><D4/><U117/><E117/><V18/><F18/><RYUUKYOKU ba="2,1" sc="219,-10,313,-10,239,30,219,-10" hai2="34,35,47,51,52,55,59,75,79,80,83,86,88" /><INIT seed="2,3,1,1,4,24" ten="209,303,269,209" oya="2" hai0="43,33,99,17,29,87,37,27,64,92,45,130,46" hai1="56,25,63,71,96,124,135,54,35,82,77,110,8" hai2="42,51,126,120,125,3,7,22,74,101,105,15,31" hai3="118,91,109,107,66,61,117,88,32,112,59,48,121"/><V85/><F74/><W70/><G121/><T44/><D130/><U106/><E110/><V111/><F120/><W115/><G109/><T79/><D64/><U36/><E36/><V26/><F111/><W78/><G107/><T76/><D17/><U114/><E114/><N who="3" m="43562" /><G32/><T108/><D108/><U53/><E135/><V89/><F3/><W38/><G38/><T2/><D2/><U50/><E124/><N who="2" m="47723" /><F101/><W14/><G78/><T40/><D87/><U100/><E8/><N who="2" m="4511" /><F105/><W18/><G48/><T127/><D127/><U20/><E35/><V55/><F42/><W34/><G34/><T129/><D129/><U95/><E106/><V122/><F122/><W116/><G70/><T69/><D69/><U83/><E71/><V104/><F104/><W131/><G131/><T113/><D113/><U133/><E133/><V119/><F119/><W94/><G94/><T93/><D93/><U103/><E103/><V19/><F85/><W68/><G68/><T52/><D43/><U28/><E77/><V30/><F89/><W13/><G13/><T41/><D40/><U47/><AGARI ba="3,1" hai="20,25,28,47,50,53,54,56,63,82,83,95,96,100" machi="47" ten="20,5200,0" yaku="0,1,7,1,8,1,52,1" doraHai="24" who="1" fromWho="1" sc="209,-16,303,71,269,-29,209,-16" /><INIT seed="3,0,0,5,2,120" ten="193,374,240,193" oya="3" hai0="18,56,46,3,25,102,60,123,76,0,97,127,47" hai1="130,48,113,20,64,71,133,115,83,23,90,88,78" hai2="114,131,117,43,5,87,132,89,74,124,96,15,40" hai3="92,35,29,107,135,24,91,8,10,36,111,94,106"/><W49/><G36/><T28/><D123/><U58/><E71/><V119/><F114/><W39/><G39/><T100/><D127/><U93/><E130/><V104/><F74/><W27/><G135/><T95/><D76/><U55/><E133/><V14/><F124/><W126/><G126/><T7/><D100/><U69/><E69/><V41/><F132/><W1/><G1/><T34/><D18/><U9/><E9/><V17/><F131/><W67/><G67/><T63/><D63/><U121/><E64/><V54/><F5/><W65/><G65/><T11/><REACH who="0" step="1"/><D0/><REACH who="0" ten="183,374,240,193" step="2"/><U80/><E121/><V59/><F117/><W116/><G116/><T122/><D122/><U109/><E78/><V45/><F119/><W82/><G91/><T129/><D129/><U37/><E90/><V99/><F89/><W134/><G134/><T2/><D2/><U53/><E88/><V12/><F96/><W57/><G82/><T13/><D13/><U62/><E80/><V4/><F99/><W118/><G118/><T61/><D61/><U81/><E62/><V22/><F14/><W6/><G94/><T103/><D103/><U101/><E93/><V30/><F12/><W98/><G92/><T21/><D21/><U19/><E20/><V50/><F15/><W73/><G106/><T84/><D84/><U77/><E23/><V31/><F87/><W105/><G107/><T85/><D85/><U79/><E113/><V38/><F22/><W33/><G105/><T75/><D75/><U44/><E115/><V26/><F104/><W32/><G73/><T128/><D128/><RYUUKYOKU ba="0,1" sc="183,30,374,-10,240,-10,193,-10" hai0="3,7,11,25,28,34,46,47,56,60,95,97,102" /><INIT seed="4,1,1,0,0,35" ten="213,364,230,183" oya="0" hai0="54,78,61,75,33,124,94,64,11,127,26,25,87" hai1="66,95,31,113,62,30,133,39,57,88,20,53,99" hai2="49,56,76,34,102,126,29,115,110,118,58,32,109" hai3="16,82,63,83,108,13,90,59,131,89,21,100,98"/><T129/><D129/><U125/><E39/><V0/><F126/><N who="0" m="48170" /><D33/><U106/><E125/><V68/><F68/><W121/><G131/><T3/><D54/><U52/><E133/><V96/><F115/><W79/><G121/><T51/><D51/><U111/><E111/><V116/><F76/><W134/><G108/><T69/><D75/><U50/><E106/><V42/><F42/><W8/><G134/><T70/><D70/><U107/><E107/><V71/><F49/><W55/><G83/><N who="0" m="47607" /><D94/><U28/><E113/><V123/><F71/><W91/><G21/><T72/><D72/><U103/><E103/><V12/><F123/><W37/><G37/><T73/><D73/><U19/><E50/><V48/><F48/><W81/><REACH who="3" step="1"/><G79/><REACH who="3" ten="213,364,230,173" step="2"/><T9/><D9/><U10/><E10/><V67/><F110/><W27/><G27/><AGARI ba="1,2" hai="19,20,27,28,30,31,52,53,57,62,66,88,95,99" machi="27" ten="40,5200,0" yaku="8,1,54,2" doraHai="35" who="1" fromWho="3" sc="213,0,364,75,230,0,173,-55" /><INIT seed="5,0,0,1,2,85" ten="213,439,230,118" oya="1" hai0="61,114,115,39,122,72,79,76,81,40,73,116,48" hai1="60,113,119,97,124,109,82,7,86,13,46,74,84" hai2="93,26,106,75,96,131,110,25,58,31,133,22,55" hai3="117,56,2,59,18,42,33,101,70,63,121,10,62"/><U64/><E119/><V29/><F110/><W134/><G121/><T132/><D116/><U15/><E113/><N who="0" m="43017" /><D132/><U6/><E124/><V8/><F131/><W99/><G134/><T104/><D104/><U23/><E74/><V83/><F106/><W21/><G33/><T78/><D122/><U44/><E23/><V118/><F118/><W135/><G135/><T16/><D39/><U91/><E97/><V66/><F133/><W95/><G117/><T129/><D129/><U27/><E27/><V12/><F66/><W35/><G35/><T1/><D1/><U49/><E86/><V108/><F108/><W123/><G42/><T107/><D107/><U67/><E64/><V41/><F41/><W28/><G70/><T128/><D128/><U3/><E3/><V127/><F127/><W9/><G2/><T4/><D4/><U92/><E6/><V47/><F75/><W32/><G32/><T14/><D61/><U87/><E60/><V54/><F26/><N who="3" m="16463" /><G123/><T17/><D17/><U125/><E7/><V77/><F25/><W24/><G24/><T37/><D37/><U126/><E126/><V51/><F29/><W98/><G18/><T65/><D65/><U89/><E125/><V36/><F31/><W53/><G98/><T20/><D73/><U71/><E109/><V30/><F96/><W88/><G101/><T34/><D34/><U11/><E67/><AGARI ba="0,0" hai="9,10,53,56,59,62,63,67,88,95,99" m="16463" machi="67" ten="30,3900,0" yaku="8,1,52,1,54,1" doraHai="85" who="3" fromWho="1" sc="213,0,439,-39,230,0,118,39" /><INIT seed="6,0,0,5,0,127" ten="213,400,230,157" oya="2" hai0="135,73,97,81,105,63,15,77,30,86,16,68,100" hai1="8,121,26,17,129,78,6,90,89,23,83,42,84" hai2="47,134,70,21,45,102,66,103,53,128,130,27,133" hai3="12,93,54,57,7,94,124,119,24,29,44,25,2"/><V46/><F53/><W48/><G124/><T79/><D135/><N who="2" m="51722" /><F66/><W99/><G2/><T38/><D38/><U106/><E129/><N who="2" m="49771" /><F70/><W111/><G111/><T71/><D30/><AGARI ba="0,0" hai="21,27,30,45,46,47,102,103" m="49771,51722" machi="30" ten="40,12000,1" yaku="20,1,19,1,52,3" doraHai="127" who="2" fromWho="0" sc="213,-120,400,0,230,120,157,0" /><INIT seed="6,1,0,0,5,21" ten="93,400,350,157" oya="2" hai0="37,81,10,109,69,74,75,123,98,32,61,134,100" hai1="39,96,112,93,135,120,46,65,82,133,89,19,92" hai2="35,20,5,2,7,113,77,31,0,88,129,44,22" hai3="49,115,51,126,101,106,121,43,13,76,47,52,63"/><V85/><F77/><W124/><G121/><T3/><D109/><U56/><E112/><V6/><F113/><W54/><G115/><T48/><D123/><U95/><E120/><V107/><F107/><W33/><G33/><T117/><D134/><N who="1" m="51211" /><E19/><V11/><F129/><W73/><G101/><T87/><D37/><U45/><E39/><V111/><F111/><W90/><G106/><T57/><D32/><U91/><E82/><V58/><F44/><N who="1" m="17001" /><E96/><V23/><F58/><N who="3" m="35271" /><G13/><T128/><D128/><U104/><E104/><V131/><F131/><W105/><G105/><T38/><D38/><U17/><E17/><V30/><F35/><W29/><G29/><N who="2" m="10761" /><F88/><N who="1" m="33865" /><E56/><V9/><F85/><W119/><G90/><T127/><D57/><U18/><E18/><V110/><F110/><W71/><G76/><T40/><D98/><U103/><E103/><V8/><AGARI ba="1,0" hai="0,2,5,6,7,8,9,11,20,22,23" m="10761" machi="8" ten="40,24000,3" yaku="29,2,28,2,35,5" doraHai="21" who="2" fromWho="2" sc="93,-81,400,-81,350,243,157,-81" /><INIT seed="6,2,0,5,1,1" ten="12,319,593,76" oya="2" hai0="9,34,69,41,76,61,2,71,63,72,54,135,32" hai1="28,123,67,55,12,52,102,7,26,74,17,128,91" hai2="95,47,65,48,108,29,3,53,84,119,97,13,64" hai3="70,132,130,14,0,100,68,78,124,106,6,80,43"/><V66/><F108/><W104/><G124/><T107/><D135/><U79/><E102/><V88/><F119/><W81/><G132/><T23/><D107/><U57/><E128/><V16/><F3/><W49/><G0/><T98/><D41/><U46/><E79/><V101/><F29/><W60/><G81/><T62/><D98/><U33/><E74/><V75/><F75/><W40/><G40/><T117/><D117/><U30/><E30/><V126/><F126/><W77/><G77/><T83/><D23/><U96/><E7/><V45/><F45/><W56/><G100/><T90/><D90/><U125/><E125/><V27/><F27/><W89/><G89/><T116/><D54/><U94/><E123/><V133/><F133/><W20/><G20/><T92/><D92/><U36/><E36/><V25/><F25/><W42/><G42/><T15/><D2/><U129/><E129/><V118/><F118/><W37/><G37/><T8/><D116/><U86/><E96/><V120/><F120/><W50/><G70/><T85/><D72/><U31/><E31/><V10/><F64/><N who="3" m="38919" /><G68/><N who="0" m="26187" /><D8/><N who="1" m="6279" /><E46/><V11/><F11/><N who="3" m="4471" /><G130/><T22/><D22/><U4/><E4/><V5/><F5/><W134/><G134/><T38/><D38/><U112/><E112/><V59/><F59/><W73/><G43/><T105/><D105/><AGARI ba="2,0" hai="10,13,16,47,48,53,65,66,84,88,95,97,101,105" machi="105" ten="30,5800,0" yaku="7,1,54,2" doraHai="1" who="2" fromWho="0" sc="12,-64,319,0,593,64,76,0" owari="-52,-55.2,319,11.9,657,75.7,76,-32.4" /></mjloggm>