<mjloggm ver="2.3"><GO type="169" lobby="0"/><UN n0="%48%41%2D%52%55" n1="%52%65%63%61%6C%74%71" n2="%62%61%6B%75%72%61%30%38" n3="%E3%83%A2%E3%83%AD%E3%83%98%E3%82%A4%E3%83%A4" dan="17,16,18,16" rate="2120.10,2125.23,2183.46,2171.27" sx="M,M,M,M"/><TAIKYOKU oya="0"/><INIT seed="0,0,0,3,0,11" ten="250,250,250,250" oya="0" hai0="83,40,94,63,28,47,122,117,118,49,110,106,34" hai1="65,112,3,77,74,73,111,41,36,45,38,66,58" hai2="12,1,27,89,69,91,10,7,30,95,25,85,78" hai3="59,8,97,46,32,116,43,72,23,93,51,101,24"/><T75/><D106/><U127/><E112/><V37/><F69/><W82/><G32/><T42/><D122/><U2/><E111/><V13/><F37/><W100/><G116/><T55/><D110/><U19/><E127/><V132/><F132/><W102/><G72/><T129/><D129/><U67/><E19/><V134/><F134/><W126/><G82/><T33/><D94/><U54/><E77/><V53/><F78/><W57/><G8/><T121/><D121/><U50/><REACH who="1" step="1"/><E38/><REACH who="1" ten="250,240,250,250" step="2"/><V76/><F76/><W81/><G126/><T20/><D117/><U80/><E80/><V128/><F128/><W61/><G81/><T88/><D118/><U92/><E92/><V17/><F17/><N who="3" m="12399" /><G59/><T105/><D105/><U119/><E119/><V62/><F27/><W103/><G103/><T9/><D75/><AGARI ba="0,1" hai="2,3,36,41,45,50,54,58,65,66,67,73,74,75" machi="75" ten="40,1300,0" yaku="1,1,53,0" doraHai="11" doraHaiUra="90" who="1" fromWho="0" sc="250,-13,240,23,250,0,250,0" /><INIT seed="1,0,0,0,5,135" ten="237,263,250,250" oya="1" hai0="57,42,130,113,80,115,89,46,59,70,110,13,69" hai1="5,103,67,87,22,64,54,73,36,4,65,19,20" hai2="105,35,116,24,18,86,78,127,96,48,100,37,128" hai3="125,111,33,118,112,90,27,82,63,123,133,75,49"/><U94/><E36/><V3/><F37/><W120/><G49/><N who="0" m="26839" /><D80/><U53/><E73/><V43/><F3/><W14/><G63/><T99/><D99/><U41/><E41/><V23/><F116/><W58/><G58/><N who="0" m="22027" /><D89/><N who="1" m="53567" /><E103/><V114/><F35/><W121/><G14/><T101/><D13/><N who="1" m="9327" /><E22/><V12/><F114/><W129/><G27/><T74/><D101/><U11/><E11/><V28/><F128/><W97/><G33/><T68/><D74/><U122/><E122/><V29/><F29/><W50/><G50/><T93/><D93/><U62/><E62/><V88/><F78/><W0/><G0/><T107/><D107/><U85/><E85/><V124/><F48/><W40/><G40/><T79/><D79/><U83/><E83/><V30/><F43/><W108/><G97/><T60/><D60/><U76/><E76/><V47/><F47/><W51/><G51/><T1/><D1/><U10/><E10/><V25/><F28/><W126/><G75/><T117/><D117/><U131/><E131/><V56/><F56/><W119/><G129/><T16/><D130/><U34/><E34/><V91/><F91/><W66/><G133/><T2/><D2/><U95/><E95/><N who="2" m="54679" /><F30/><W55/><G112/><T39/><D39/><U7/><AGARI ba="0,0" hai="4,5,7,53,54,64,65,67" m="9327,53567" machi="7" ten="30,1500,0" yaku="8,1" doraHai="135" who="1" fromWho="1" sc="237,-5,263,15,250,-5,250,-5" /><INIT seed="1,1,0,5,0,75" ten="232,278,245,245" oya="1" hai0="9,56,39,20,127,21,112,17,1,103,7,77,94" hai1="51,44,87,55,76,30,12,54,118,98,70,73,125" hai2="48,132,22,36,83,78,99,80,108,57,13,14,130" hai3="93,42,64,52,101,106,0,131,53,90,114,10,92"/><U37/><E70/><V88/><F36/><W26/><G106/><T119/><D39/><U23/><E118/><V124/><F108/><W6/><G114/><T47/><D112/><U67/><E125/><V68/><F68/><W126/><G126/><T84/><D127/><U16/><E67/><V110/><F110/><W116/><G116/><T31/><D119/><U104/><E37/><V95/><F124/><W100/><G42/><T117/><D117/><U134/><E73/><V4/><F130/><W19/><G64/><T71/><D71/><U74/><E74/><V66/><F132/><W120/><G120/><T3/><D3/><U58/><E134/><V85/><F4/><W63/><G131/><T97/><D47/><U46/><E30/><V49/><F83/><W45/><G92/><T86/><D86/><U38/><E38/><V91/><F91/><W15/><G45/><T122/><D122/><U61/><E46/><V5/><F22/><N who="3" m="13663" /><G0/><T50/><D17/><U105/><REACH who="1" step="1"/><E98/><REACH who="1" ten="232,268,245,245" step="2"/><V135/><F135/><W121/><G121/><T81/><REACH who="0" step="1"/><D31/><REACH who="0" ten="222,268,245,245" step="2"/><U43/><E43/><V107/><F57/><N who="3" m="35239" /><G53/><AGARI ba="1,2" hai="1,7,9,20,21,50,53,56,77,81,84,94,97,103" machi="53" ten="40,5200,0" yaku="1,1,52,1,53,1" doraHai="75" doraHaiUra="35" who="0" fromWho="3" sc="222,75,268,0,245,0,245,-55" /><INIT seed="2,0,0,1,3,75" ten="297,268,245,190" oya="2" hai0="46,44,50,12,34,20,37,103,130,95,65,86,2" hai1="89,40,112,54,14,39,63,104,4,105,8,83,21" hai2="121,98,30,67,66,23,113,122,72,53,80,7,29" hai3="126,32,6,90,5,108,117,128,62,102,47,127,116"/><V27/><F113/><W97/><G32/><T19/><D130/><U81/><E112/><V28/><F7/><W101/><G128/><T87/><D2/><U109/><E109/><V94/><F121/><W60/><G97/><N who="0" m="59839" /><D37/><U33/><E33/><V91/><F122/><W11/><G47/><T57/><D34/><U55/><E40/><V71/><F71/><W59/><G59/><T110/><D110/><U24/><E39/><V133/><F133/><W10/><G90/><T106/><D106/><U76/><E83/><V52/><F72/><W1/><REACH who="3" step="1"/><G108/><REACH who="3" ten="297,268,245,180" step="2"/><T84/><D65/><N who="2" m="24586" /><F80/><W68/><G68/><T64/><D64/><U18/><E105/><V38/><F38/><W123/><G123/><T13/><D57/><U49/><E104/><V111/><F111/><W61/><G61/><T135/><D135/><U79/><E63/><V115/><F115/><W114/><G114/><T107/><D107/><U74/><E49/><V16/><AGARI ba="0,1" hai="16,23,27,28,29,30,52,53,91,94,98" m="24586" machi="16" ten="30,6000,0" yaku="8,1,54,2" doraHai="75" who="2" fromWho="2" sc="297,-20,268,-20,245,70,180,-20" /><INIT seed="2,1,0,0,2,125" ten="277,248,315,160" oya="2" hai0="86,124,67,5,97,35,7,73,133,92,93,85,1" hai1="111,27,87,77,21,114,39,60,11,4,15,49,44" hai2="79,32,94,135,107,116,119,99,89,58,130,127,45" hai3="54,109,121,30,62,46,24,3,104,22,69,12,33"/><V84/><F32/><W47/><G3/><T53/><D73/><U110/><E114/><V96/><F58/><W74/><G74/><T102/><D35/><U25/><E39/><V72/><F45/><W112/><G104/><T117/><D124/><U16/><E60/><V129/><F127/><W81/><G121/><T43/><D133/><U64/><E64/><V63/><F63/><W88/><G112/><T132/><D132/><U103/><E103/><N who="2" m="62951" /><F135/><W2/><G2/><T65/><D1/><U26/><E87/><N who="0" m="33289" /><D117/><N who="2" m="45130" /><F72/><W76/><G69/><T66/><D92/><U19/><E77/><V23/><F23/><W71/><G76/><T134/><D134/><U120/><E120/><V108/><F108/><N who="1" m="41513" /><E44/><V131/><F79/><W59/><G71/><T13/><D43/><U105/><E105/><V36/><F84/><W50/><G109/><T10/><D53/><U55/><E55/><V18/><F18/><AGARI ba="1,0" hai="5,7,10,13,18,65,66,67,93,97,102" m="33289" machi="18" ten="30,1000,0" yaku="8,1" doraHai="125" who="0" fromWho="2" sc="277,13,248,0,315,-13,160,0" /><INIT seed="3,0,0,4,5,56" ten="290,248,302,160" oya="3" hai0="114,108,98,79,29,52,67,25,94,37,116,27,82" hai1="12,117,104,55,123,119,75,49,99,1,2,84,23" hai2="92,83,81,100,62,22,24,45,33,86,74,133,134" hai3="106,61,107,120,109,9,88,42,90,85,21,80,71"/><W135/><G120/><T70/><D116/><U51/><E75/><V103/><F33/><W128/><G42/><T97/><D37/><U65/><E123/><V73/><F45/><W11/><G135/><N who="2" m="51721" /><F62/><W50/><G50/><T89/><D108/><U16/><E65/><V122/><F122/><W15/><G128/><T101/><D114/><U40/><E51/><V34/><F34/><W54/><G109/><T102/><D67/><U131/><E40/><V69/><F69/><W129/><G129/><T5/><D5/><U127/><E127/><V19/><F83/><W59/><G71/><T14/><D14/><U47/><E131/><V35/><F35/><W3/><G21/><T124/><D124/><U20/><E20/><V41/><F41/><W105/><G3/><T113/><D113/><U68/><E68/><V58/><F58/><W46/><G46/><T132/><D70/><U95/><E2/><V118/><F118/><W32/><G32/><T72/><D29/><U57/><E47/><V44/><F92/><W36/><G36/><T39/><D39/><U125/><E125/><V130/><F44/><W26/><G26/><T64/><D25/><U76/><E1/><V17/><F17/><W111/><G111/><T63/><D27/><U31/><E31/><V110/><F110/><W66/><G66/><T115/><D64/><U43/><E43/><V48/><F48/><W53/><G53/><T91/><D115/><U126/><E126/><V18/><F18/><N who="3" m="8559" /><G11/><T0/><D0/><U77/><E119/><V30/><F130/><W13/><G13/><T112/><D112/><RYUUKYOKU ba="0,0" sc="290,-10,248,-10,302,-10,160,30" hai3="54,59,61,80,85,88,90,105,106,107" /><INIT seed="3,1,0,5,3,6" ten="280,238,292,190" oya="3" hai0="11,135,8,2,129,59,84,14,124,132,26,43,64" hai1="28,27,75,97,32,112,34,98,126,121,55,10,103" hai2="44,73,31,87,86,22,71,48,4,110,117,119,123" hai3="12,38,68,69,9,7,104,101,108,92,80,67,50"/><W15/><G38/><T96/><D43/><U36/><E112/><V89/><F71/><W113/><G104/><T77/><D129/><U125/><E75/><V0/><F73/><W40/><G113/><T30/><D124/><U128/><E36/><V83/><F110/><W45/><G108/><T47/><D47/><U82/><E128/><V66/><F66/><W37/><G37/><T74/><D74/><U54/><E121/><V127/><F127/><W13/><G67/><T18/><D96/><U42/><E82/><V79/><F123/><W24/><G24/><T122/><D122/><U133/><E133/><N who="0" m="51273" /><D2/><U120/><E120/><V88/><F79/><W1/><REACH who="3" step="1"/><G80/><REACH who="3" ten="280,238,292,180" step="2"/><N who="0" m="47119" /><D64/><U130/><E130/><V118/><F118/><W58/><G58/><T16/><D59/><U134/><E134/><V76/><F119/><W56/><G56/><T25/><D30/><U105/><E28/><V29/><F117/><W51/><G51/><T78/><D78/><U131/><E131/><V95/><F76/><W49/><G49/><T116/><D116/><U99/><E126/><V61/><F31/><W106/><G106/><T102/><D102/><U63/><E103/><V21/><F29/><W46/><G46/><T90/><D90/><U100/><E100/><V17/><F44/><W85/><G85/><T111/><D111/><U107/><E105/><V23/><F48/><W35/><G35/><T53/><D53/><U93/><E34/><V33/><F33/><W65/><G65/><T81/><D81/><U94/><E107/><V72/><F72/><W19/><G19/><T57/><D57/><RYUUKYOKU ba="1,1" sc="280,15,238,-15,292,-15,180,15" hai0="8,11,14,16,18,25,26" hai3="1,7,9,12,13,15,40,45,50,68,69,92,101" /><INIT seed="3,2,1,5,4,5" ten="295,223,277,195" oya="3" hai0="37,92,70,95,78,93,60,124,11,1,50,107,96" hai1="61,128,80,57,120,66,36,30,25,63,101,73,125" hai2="65,32,45,99,104,62,97,16,112,109,47,2,28" hai3="46,129,123,115,135,102,58,38,127,54,67,13,39"/><W90/><G102/><T132/><D37/><U126/><E120/><V133/><F112/><W31/><G115/><T27/><D78/><U29/><E36/><V85/><F2/><W119/><G123/><T130/><D130/><U8/><E101/><V110/><F85/><W59/><G119/><T12/><D1/><U84/><E73/><V74/><F74/><W0/><G0/><T33/><D132/><U77/><E128/><V64/><F104/><W52/><G129/><T105/><D124/><U35/><E30/><V34/><F62/><W49/><G31/><T9/><D33/><U94/><E94/><V98/><F28/><W68/><G13/><T48/><D27/><U91/><E77/><V113/><F113/><W7/><G7/><T20/><D60/><U82/><E82/><V19/><REACH who="2" step="1"/><F97/><REACH who="2" ten="295,223,267,195" step="2"/><W121/><G121/><T87/><D87/><U53/><REACH who="1" step="1"/><E8/><REACH who="1" ten="295,213,267,195" step="2"/><V43/><F43/><W117/><G117/><T26/><D11/><U72/><E72/><V15/><F15/><W106/><G106/><T23/><D9/><U79/><E79/><V18/><F18/><W134/><G134/><AGARI ba="2,3" hai="16,19,32,34,45,47,64,65,98,99,109,110,133,134" machi="134" ten="25,12000,2" yaku="1,1,22,2,54,1,53,2" doraHai="5" doraHaiUra="41" who="2" fromWho="3" sc="295,0,213,0,267,156,195,-126" /><INIT seed="4,0,0,2,3,67" ten="295,213,423,69" oya="0" hai0="58,34,65,87,40,8,98,97,76,124,46,135,41" hai1="121,43,130,45,92,73,103,15,63,10,128,127,95" hai2="131,84,74,106,117,62,132,52,69,19,11,120,107" hai3="114,35,93,119,32,1,57,79,122,16,91,77,72"/><T133/><D34/><U27/><E121/><V22/><F74/><W48/><G1/><T21/><D124/><U102/><E73/><V101/><F120/><W7/><G7/><T23/><D8/><U37/><E27/><V108/><F108/><W42/><G122/><T33/><D33/><U71/><E127/><V81/><F131/><N who="1" m="50217" /><E63/><V68/><F11/><W39/><G39/><T26/><D65/><U13/><E13/><V64/><F101/><N who="1" m="38409" /><E71/><V109/><F109/><W61/><G119/><T47/><D26/><U82/><E82/><V54/><F69/><W85/><G114/><T83/><D58/><U75/><E75/><V12/><F117/><W129/><G129/><T96/><D23/><U115/><E115/><V50/><F132/><N who="0" m="50762" /><D21/><U110/><E110/><V125/><F125/><W17/><G35/><T116/><D116/><U28/><E28/><V53/><REACH who="2" step="1"/><F50/><REACH who="2" ten="295,213,413,69" step="2"/><W80/><G48/><T31/><D31/><U70/><E70/><V38/><F38/><W78/><G32/><T36/><D36/><U123/><E123/><V126/><F126/><W112/><G112/><T0/><D0/><U113/><E113/><V3/><F3/><W5/><G5/><AGARI ba="0,1" hai="5,10,15,37,43,45,92,95" m="38409,50217" machi="5" ten="30,1000,0" yaku="19,1" doraHai="67" who="1" fromWho="3" sc="295,0,213,20,413,0,69,-10" /><INIT seed="5,0,0,0,1,106" ten="295,233,413,59" oya="1" hai0="20,52,3,25,62,120,24,44,117,61,32,46,40" hai1="71,77,132,89,79,90,80,64,97,15,54,14,27" hai2="0,57,16,37,115,60,68,70,19,95,72,119,73" hai3="49,5,99,111,35,30,114,109,58,69,56,38,86"/><U21/><E132/><V110/><F110/><W116/><G38/><T122/><D117/><U36/><E36/><V83/><F37/><W9/><G69/><T53/><D3/><U107/><E64/><V135/><F0/><W94/><G116/><T66/><D32/><U55/><E71/><V113/><F119/><W101/><G114/><N who="2" m="43529" /><F70/><W84/><G30/><T103/><D103/><U48/><E55/><N who="0" m="21065" /><D20/><U59/><E107/><V126/><F68/><W17/><G17/><N who="2" m="6729" /><F126/><W100/><G35/><T43/><D25/><U87/><E77/><V13/><F83/><W93/><G49/><N who="0" m="26759" /><D24/><U11/><E97/><V34/><F13/><N who="1" m="4617" /><E11/><V88/><F34/><W123/><G9/><T41/><D66/><U8/><E8/><V4/><F135/><W124/><G99/><T10/><D10/><U6/><E6/><V65/><F4/><W118/><G5/><T131/><D131/><U96/><E96/><AGARI ba="0,0" hai="57,60,65,72,73,88,95,96" m="6729,43529" machi="96" ten="30,12000,2" yaku="15,1,11,1,52,2,54,2" doraHai="106" who="2" fromWho="1" sc="295,0,233,-120,413,120,59,0" /><INIT seed="6,0,0,0,5,22" ten="295,113,533,59" oya="2" hai0="73,69,96,58,127,126,10,77,49,75,8,7,112" hai1="111,1,79,66,38,130,55,135,45,65,119,122,92" hai2="15,43,5,120,48,124,56,118,84,62,54,86,64" hai3="34,25,50,83,132,61,2,57,12,115,102,116,106"/><V26/><F118/><W35/><G2/><T14/><D69/><U68/><E79/><V42/><F120/><W52/><G116/><T37/><D37/><U134/><E92/><V97/><F124/><W28/><G34/><T80/><D112/><U88/><E88/><V30/><F97/><W90/><G132/><T16/><D75/><U103/><E103/><V105/><F105/><W128/><G128/><T63/><D49/><U107/><E107/><V76/><F5/><W98/><G115/><T94/><D58/><U47/><E119/><V81/><F15/><W114/><G114/><T41/><D63/><U70/><E1/><V24/><F84/><W131/><G131/><T123/><D41/><N who="2" m="15370" /><F30/><W78/><G90/><T121/><D10/><U29/><E29/><V74/><F74/><W85/><G12/><T101/><D7/><U99/><E99/><V36/><F36/><W44/><REACH who="3" step="1"/><G61/><REACH who="3" ten="295,113,533,49" step="2"/><T3/><D3/><U82/><E130/><V59/><AGARI ba="0,1" hai="24,26,48,54,56,59,62,64,76,81,86" m="15370" machi="59" ten="30,6000,0" yaku="8,1,52,2" doraHai="22" who="2" fromWho="2" sc="295,-20,113,-20,533,70,49,-20" /><INIT seed="6,1,0,5,4,40" ten="275,93,603,29" oya="2" hai0="77,65,130,66,76,54,15,60,61,50,39,72,3" hai1="27,79,19,106,18,109,108,82,70,11,95,28,22" hai2="59,53,17,93,20,74,75,122,42,25,81,29,14" hai3="113,46,111,4,84,1,102,135,133,86,121,13,87"/><V105/><F122/><W2/><G111/><T69/><D3/><U107/><E95/><V38/><F105/><W112/><G121/><T6/><D39/><U49/><E70/><V35/><F81/><W117/><G102/><T10/><D72/><U119/><E119/><V41/><F41/><W52/><G13/><T5/><D5/><U51/><E27/><V89/><F38/><W90/><G90/><T127/><D127/><U64/><E22/><V31/><F31/><W21/><G21/><T101/><D101/><U78/><E64/><V120/><F42/><W71/><G71/><T9/><D9/><U103/><E103/><V114/><F114/><N who="3" m="44139" /><G117/><T80/><D80/><U68/><E68/><V91/><F91/><W37/><G4/><T33/><D33/><U97/><E82/><V36/><F36/><W83/><G83/><T12/><D15/><U132/><E97/><V7/><F7/><W23/><G23/><T62/><D69/><U26/><E26/><V124/><F124/><W92/><G92/><T47/><D130/><U34/><E34/><V48/><REACH who="2" step="1"/><F120/><REACH who="2" ten="275,93,593,29" step="2"/><W104/><G104/><T55/><D76/><U57/><E79/><V129/><F129/><W96/><G37/><T88/><D77/><U85/><E78/><V131/><F131/><W110/><G110/><T43/><D88/><U44/><E107/><V24/><F24/><W116/><G116/><T63/><N who="0" m="15360" /><DORA hai="58" /><T99/><REACH who="0" step="1"/><D99/><AGARI ba="1,1" hai="14,17,20,25,29,35,48,53,59,74,75,89,93,99" machi="99" ten="30,5800,0" yaku="1,1,7,1,53,1" doraHai="40,58" doraHaiUra="30,128" who="2" fromWho="0" sc="275,-61,93,0,593,71,29,0" /><INIT seed="6,2,0,3,4,76" ten="214,93,664,29" oya="2" hai0="117,96,100,21,122,43,114,46,4,51,85,112,92" hai1="34,89,29,129,32,128,82,86,97,10,94,39,58" hai2="103,63,42,18,99,64,131,2,53,125,83,19,31" hai3="132,60,104,91,35,66,77,55,0,56,1,69,120"/><V130/><F2/><W75/><G104/><T72/><D122/><U15/><E39/><V22/><F42/><W101/><G101/><T61/><D72/><U84/><E84/><V95/><F125/><W126/><G35/><T93/><D117/><U3/><E3/><V54/><F31/><W52/><G120/><T78/><D61/><U49/><E29/><V81/><F19/><W13/><G126/><T30/><D4/><U57/><E49/><V44/><F131/><N who="1" m="50249" /><E57/><N who="2" m="36975" /><F130/><W5/><G132/><T113/><D78/><N who="1" m="46423" /><E58/><V47/><F47/><W121/><G121/><T11/><D85/><U127/><E127/><V123/><F123/><W6/><G0/><T27/><REACH who="0" step="1"/><D11/><REACH who="0" ten="204,93,664,29" step="2"/><U40/><E40/><V105/><F105/><AGARI ba="2,1" hai="21,27,30,43,46,51,92,93,96,100,105,112,113,114" machi="105" ten="40,5200,0" yaku="1,1,2,1,15,1,53,0" doraHai="76" doraHaiUra="14" who="0" fromWho="2" sc="204,68,93,0,664,-58,29,0" /><INIT seed="7,0,0,3,1,36" ten="272,93,606,29" oya="3" hai0="85,1,51,81,66,16,109,26,53,121,83,116,134" hai1="67,3,21,68,82,40,114,50,7,75,94,28,38" hai2="71,41,30,88,102,79,13,72,12,6,135,42,10" hai3="73,2,122,123,27,70,20,48,46,106,115,112,11"/><W49/><G73/><T113/><D116/><U63/><E94/><V5/><F71/><W74/><G74/><T132/><D1/><U62/><E114/><N who="3" m="43562" /><G70/><T56/><D109/><U44/><E21/><V119/><F72/><W127/><G106/><T129/><D121/><N who="3" m="46089" /><G127/><T14/><D26/><U84/><E28/><V47/><F30/><N who="3" m="17767" /><G46/><T91/><D129/><U95/><E95/><V65/><F47/><W111/><G111/><T120/><D120/><U77/><E63/><V86/><F119/><W8/><G8/><T58/><D113/><U103/><E103/><V124/><F102/><W43/><G43/><T23/><D132/><U130/><E130/><V9/><F135/><W69/><G69/><T104/><D134/><U117/><E117/><V92/><F124/><W29/><G29/><T60/><D104/><U78/><E78/><V17/><F79/><W22/><G22/><T90/><D90/><U4/><E50/><V45/><F45/><W35/><G35/><T52/><D66/><U128/><E128/><V80/><F65/><W108/><G108/><T97/><D51/><U133/><E133/><V32/><F32/><W54/><G54/><T107/><D53/><U99/><E99/><V125/><F125/><W101/><G101/><N who="0" m="62895" /><D58/><U61/><E61/><V96/><F42/><W31/><G31/><T19/><D52/><U24/><E24/><V25/><F41/><W64/><G64/><T59/><D60/><U118/><E118/><V126/><F126/><W87/><G87/><N who="0" m="50671" /><D56/><U110/><E110/><V105/><F105/><W15/><G2/><T100/><D59/><RYUUKYOKU ba="0,0" sc="272,-10,93,-10,606,-10,29,30" hai3="11,15,48,49" /><INIT seed="7,1,0,3,3,71" ten="262,83,596,59" oya="3" hai0="51,97,11,99,39,88,58,38,0,74,126,45,66" hai1="1,7,9,115,84,15,8,102,110,80,17,63,85" hai2="95,54,119,89,26,124,72,60,27,32,94,24,123" hai3="48,33,114,79,122,87,56,77,109,20,12,4,55"/><W68/><G33/><T83/><D126/><U106/><E110/><V10/><F72/><W29/><G68/><T61/><D38/><U25/><E115/><V132/><F32/><W23/><G122/><T53/><D39/><U81/><E63/><V40/><F119/><W128/><G114/><T19/><D74/><U18/><E102/><V49/><F132/><W82/><G109/><T98/><D0/><U117/><E106/><V120/><F124/><W35/><G128/><T3/><D3/><U42/><E42/><V76/><F76/><W107/><G107/><T37/><D37/><U34/><E117/><V16/><F60/><W57/><G35/><T133/><D133/><U116/><E116/><V13/><F40/><W69/><G69/><T30/><D30/><U113/><E113/><V125/><F125/><W5/><G79/><T127/><D127/><U75/><E75/><V100/><F100/><W70/><G70/><T93/><D83/><U64/><E64/><V108/><F108/><W47/><G29/><T112/><D112/><U2/><E34/><V22/><F10/><N who="3" m="4167" /><G5/><T90/><D90/><U6/><E15/><AGARI ba="1,0" hai="11,15,19,45,51,53,58,61,66,88,93,97,98,99" machi="15" ten="40,2600,0" yaku="8,1,54,1" doraHai="71" who="0" fromWho="1" sc="262,29,83,-29,596,0,59,0" owari="291,9.1,54,-44.6,596,69.6,59,-34.1" /></mjloggm>