<mjloggm ver="2.3"><GO type="169" lobby="0"/><UN n0="%E3%83%8F%E3%82%AC%E3%82%BF%E3%82%AB%E3%81%AE%E3%81%88%E3%81%98%E3%81%8D" n1="%E3%81%A6%E3%81%BE%E3%81%A1" n2="%61%63%74%79" n3="%50%73%79%63%68%65" dan="17,16,16,17" rate="2173.51,2033.41,2039.10,2134.23" sx="M,M,M,M"/><TAIKYOKU oya="0"/><INIT seed="0,0,0,5,3,82" ten="250,250,250,250" oya="0" hai0="105,21,84,25,59,72,80,33,43,100,2,97,60" hai1="129,17,92,53,68,63,87,62,71,73,67,113,61" hai2="103,47,108,96,26,111,70,10,54,94,0,57,3" hai3="121,38,126,93,116,8,49,1,114,104,134,135,39"/><T110/><D2/><U51/><E73/><V35/><F70/><W102/><G116/><T28/><D110/><N who="2" m="42026" /><F47/><W119/><G119/><T19/><D72/><U31/><E129/><V18/><F10/><W9/><G114/><T37/><D37/><U122/><E122/><V112/><F112/><W13/><G104/><T124/><D43/><U81/><E71/><V56/><F56/><W86/><G121/><T131/><D124/><U88/><E113/><V69/><F69/><W75/><G75/><T27/><D131/><U14/><E31/><N who="2" m="19959" /><F18/><W89/><G102/><T24/><D33/><U117/><E92/><V45/><F45/><W90/><G126/><T78/><REACH who="0" step="1"/><D19/><REACH who="0" ten="240,250,250,250" step="2"/><U130/><E130/><V5/><F5/><W23/><G39/><T11/><D11/><U4/><E117/><V22/><F22/><W125/><G38/><T83/><D83/><U76/><E4/><V32/><F32/><W127/><G127/><T29/><D29/><U77/><E68/><V12/><F0/><W65/><G125/><T79/><D79/><U50/><E67/><AGARI ba="0,1" hai="21,24,25,27,28,59,60,67,78,80,84,97,100,105" machi="67" ten="30,5800,0" yaku="1,1,7,1,52,1,53,0" doraHai="82" doraHaiUra="44" who="0" fromWho="1" sc="240,68,250,-58,250,0,250,0" /><INIT seed="0,1,0,2,0,116" ten="308,192,250,250" oya="0" hai0="3,120,22,75,109,30,50,38,9,76,128,6,60" hai1="4,121,73,18,123,48,105,61,124,25,92,8,96" hai2="126,54,24,115,31,77,44,78,17,10,90,86,100" hai3="94,55,53,13,118,110,69,111,80,107,82,65,133"/><T47/><D128/><U26/><E105/><V129/><F100/><W43/><G107/><T72/><D109/><N who="3" m="41481" /><G118/><T45/><D120/><U119/><E119/><V64/><F64/><W106/><G106/><T85/><D38/><U91/><E73/><V62/><F126/><W39/><G133/><T125/><D125/><U101/><E124/><V0/><F115/><W89/><G13/><T127/><D60/><U1/><E48/><V84/><F84/><N who="3" m="52519" /><G65/><T37/><D37/><U102/><E61/><V67/><F0/><W79/><G69/><T42/><D127/><U59/><E59/><V88/><F67/><W130/><G130/><T27/><REACH who="0" step="1"/><D47/><REACH who="0" ten="298,192,250,250" step="2"/><U20/><REACH who="1" step="1"/><E26/><REACH who="1" ten="298,182,250,250" step="2"/><V2/><F62/><W112/><G39/><T41/><D41/><U131/><E131/><V58/><F129/><W108/><G43/><T114/><D114/><U98/><E98/><V16/><F44/><W87/><G112/><T11/><D11/><U70/><E70/><V135/><F10/><W68/><G68/><T29/><D29/><U132/><E132/><V51/><F31/><W52/><G108/><T34/><D34/><U134/><E134/><V28/><F28/><W32/><G32/><T97/><D97/><U7/><E7/><V40/><F40/><W99/><G99/><T19/><D19/><U113/><E113/><V74/><F16/><W56/><G56/><T33/><D33/><U5/><E5/><V35/><F58/><W14/><G55/><T66/><D66/><U122/><AGARI ba="1,2" hai="1,4,8,18,20,25,91,92,96,101,102,121,122,123" machi="122" ten="30,8000,1" yaku="1,1,0,1,52,3,53,0" doraHai="116" doraHaiUra="57" who="1" fromWho="1" sc="298,-41,182,103,250,-21,250,-21" /><INIT seed="1,0,0,4,2,121" ten="257,285,229,229" oya="1" hai0="7,58,76,131,2,3,37,47,72,46,8,63,65" hai1="96,48,36,86,9,122,106,10,135,115,101,59,25" hai2="52,93,17,128,50,23,94,1,105,75,83,64,89" hai3="102,77,118,28,19,11,82,91,90,120,87,108,114"/><U125/><E115/><V35/><F105/><W97/><G120/><T132/><D132/><U54/><E36/><V66/><F35/><W12/><G114/><T56/><D131/><U92/><E135/><V70/><F1/><W113/><G113/><T107/><D107/><U34/><E125/><V104/><F104/><W88/><G118/><T84/><D72/><U21/><E34/><V119/><F128/><W32/><G32/><T80/><D3/><U116/><E116/><V31/><F31/><W130/><G130/><T110/><D110/><U62/><E122/><V39/><F39/><W67/><G28/><T43/><REACH who="0" step="1"/><D47/><REACH who="0" ten="247,285,229,229" step="2"/><U117/><E117/><V99/><F119/><W74/><G108/><T51/><D51/><U68/><E106/><V4/><F75/><W79/><G74/><T53/><D53/><N who="1" m="34159" /><E68/><AGARI ba="0,1" hai="2,7,8,37,43,46,56,58,63,65,68,76,80,84" machi="68" ten="30,3900,0" yaku="1,1,7,1,53,1" doraHai="121" doraHaiUra="41" who="0" fromWho="1" sc="247,49,285,-39,229,0,229,0" /><INIT seed="2,0,0,5,1,51" ten="296,246,229,229" oya="2" hai0="86,108,121,45,30,50,71,24,23,49,98,39,59" hai1="113,112,130,40,91,55,69,28,100,11,92,89,43" hai2="85,2,64,90,87,21,115,46,74,33,127,20,76" hai3="118,53,6,32,7,61,0,66,81,38,119,82,52"/><V8/><F33/><W129/><G32/><T56/><D121/><U35/><E69/><V104/><F115/><W44/><G0/><T9/><D71/><U18/><E130/><V103/><F64/><W5/><G129/><T109/><D86/><U65/><E65/><V41/><F127/><W62/><G66/><T4/><D39/><U70/><E70/><V124/><F85/><W73/><G73/><T133/><D98/><U47/><E40/><V37/><F124/><W36/><G7/><T117/><D117/><U3/><E100/><V116/><F116/><W101/><G44/><T123/><D133/><U96/><E91/><V110/><F110/><N who="0" m="42602" /><D50/><U26/><E18/><V122/><F122/><W72/><G72/><T83/><D83/><U131/><E131/><V14/><F2/><W34/><G34/><T29/><D29/><U27/><E27/><V78/><F74/><W80/><G80/><T15/><D123/><U12/><E96/><V25/><F103/><AGARI ba="0,0" hai="5,6,36,38,52,53,61,62,81,82,101,103,118,119" machi="103" ten="25,8000,1" yaku="22,2,52,2,54,1" doraHai="51" who="3" fromWho="2" sc="296,0,246,0,229,-80,229,80" /><INIT seed="3,0,0,5,1,82" ten="296,246,149,309" oya="3" hai0="128,75,63,77,131,41,64,34,129,116,95,55,20" hai1="119,37,107,12,13,130,132,86,33,112,101,62,69" hai2="22,40,122,117,61,88,106,9,7,123,56,47,28" hai3="54,111,32,87,60,80,23,93,89,26,67,81,57"/><W113/><G113/><T45/><D34/><U27/><E37/><V103/><F117/><W52/><G32/><T31/><D116/><U118/><E130/><V0/><F103/><W84/><G111/><T127/><D127/><U90/><E132/><V108/><F106/><W135/><G135/><T53/><D95/><U8/><E112/><V71/><F71/><W133/><G133/><T96/><D96/><U126/><E126/><V65/><F108/><W58/><G58/><N who="0" m="36983" /><D77/><U14/><E69/><V18/><F28/><N who="3" m="17503" /><G93/><T79/><D20/><U42/><E62/><V134/><F134/><W85/><G85/><T3/><D31/><U5/><E33/><V92/><F47/><W102/><G102/><T120/><D120/><U125/><E42/><V15/><REACH who="2" step="1"/><F40/><REACH who="2" ten="296,246,139,309" step="2"/><W2/><G2/><T29/><D3/><U115/><E119/><V76/><F76/><AGARI ba="0,1" hai="52,54,57,60,67,76,80,81,84,87,89" m="17503" machi="76" ten="30,11600,0" yaku="8,1,52,2,54,1" doraHai="82" who="3" fromWho="2" sc="296,0,246,0,139,-116,309,126" /><INIT seed="3,1,0,2,2,117" ten="296,246,23,435" oya="3" hai0="23,64,53,88,126,95,47,100,65,114,37,5,81" hai1="111,97,134,94,16,108,118,106,121,124,107,9,19" hai2="115,11,38,26,43,73,113,96,3,17,29,82,90" hai3="63,33,69,12,78,40,74,13,77,128,36,67,133"/><W103/><G33/><T122/><D122/><U83/><E118/><V127/><F127/><W32/><G32/><T34/><D34/><U35/><E35/><V86/><F73/><W101/><G133/><T6/><D126/><U89/><E124/><V93/><F43/><W102/><G128/><T70/><D114/><U116/><E116/><V2/><F38/><W99/><G99/><T0/><D0/><U109/><E134/><V119/><F119/><W25/><G25/><T66/><D70/><U20/><E83/><V49/><F29/><W41/><G74/><T129/><D129/><U14/><REACH who="1" step="1"/><E121/><REACH who="1" ten="296,236,23,435" step="2"/><V76/><F113/><W30/><G36/><T60/><D37/><U24/><AGARI ba="1,1" hai="9,14,16,19,20,24,89,94,97,106,107,108,109,111" machi="24" ten="30,8000,1" yaku="1,1,2,1,0,1,14,1,54,1,53,0" doraHai="117" doraHaiUra="27" who="1" fromWho="1" sc="296,-21,236,93,23,-21,435,-41" /><INIT seed="4,0,0,0,1,126" ten="275,329,2,394" oya="0" hai0="44,0,27,124,25,81,91,18,48,128,31,33,32" hai1="86,50,53,93,100,98,9,17,67,65,104,115,64" hai2="47,15,26,118,2,76,41,30,3,5,111,34,28" hai3="82,122,74,61,121,63,101,21,78,95,70,120,37"/><T20/><D124/><U88/><E115/><V99/><F76/><W113/><G37/><T135/><D135/><U1/><E17/><V116/><F99/><N who="3" m="59647" /><G113/><T117/><D117/><N who="2" m="45162" /><F47/><W92/><G70/><T97/><D0/><N who="2" m="42" /><F41/><W14/><G92/><T49/><D33/><U35/><E35/><V112/><F112/><W22/><G14/><T127/><D127/><U110/><E110/><V40/><F40/><W94/><G94/><T73/><D97/><U68/><E1/><V132/><F132/><W83/><G83/><T39/><D39/><U24/><E9/><N who="2" m="4527" /><F30/><W52/><G63/><T60/><D60/><U4/><E68/><V106/><F106/><W75/><G75/><T13/><D73/><U46/><E104/><V69/><F69/><W36/><G36/><T72/><D72/><U87/><E100/><V89/><F89/><W62/><G62/><T57/><D57/><AGARI ba="0,0" hai="21,22,52,57,61,74,78,82,120,121,122" m="59647" machi="57" ten="30,2000,0" yaku="13,1,54,1" doraHai="126" who="3" fromWho="0" sc="275,-20,329,0,2,0,394,20" /><INIT seed="5,0,0,4,2,134" ten="255,329,2,414" oya="1" hai0="18,76,6,59,41,86,100,67,7,72,98,133,2" hai1="51,124,48,38,54,9,69,0,40,1,129,111,27" hai2="33,36,87,130,12,84,11,75,105,106,32,26,104" hai3="17,131,70,92,3,31,80,63,58,66,24,10,83"/><U14/><E69/><V52/><F36/><W42/><G131/><T121/><D133/><U28/><E111/><V127/><F75/><W50/><G92/><T22/><D121/><U117/><E117/><V115/><F130/><W78/><G78/><T96/><D72/><U91/><E38/><V79/><F115/><W62/><G42/><T81/><D2/><U19/><E129/><V94/><F26/><W5/><G50/><T126/><D41/><U101/><E101/><V39/><F39/><W88/><G17/><T8/><D8/><U93/><E124/><V20/><F20/><W110/><G88/><T107/><D98/><U4/><E4/><V97/><F127/><W132/><G110/><T123/><D123/><U85/><E40/><V71/><F52/><W102/><G102/><T99/><D99/><U23/><REACH who="1" step="1"/><E48/><REACH who="1" ten="255,319,2,414" step="2"/><V95/><F71/><W37/><G37/><T65/><D126/><U21/><E21/><V57/><F32/><W90/><G132/><T29/><D6/><U35/><E35/><V64/><F33/><W55/><G90/><T45/><D7/><U116/><E116/><V13/><F79/><W25/><G70/><T49/><D76/><U44/><AGARI ba="0,1" hai="0,1,9,14,19,23,27,28,44,51,54,85,91,93" machi="44" ten="20,12000,1" yaku="1,1,0,1,7,1,53,2" doraHai="134" doraHaiUra="34" who="1" fromWho="1" sc="255,-40,319,130,2,-40,414,-40" owari="215,-18.5,449,54.9,-38,-53.8,374,17.4" /></mjloggm>