<mjloggm ver="2.3"><GO type="169" lobby="0"/><UN n0="%43%68%65" n1="%E4%B8%80%E7%95%AA%E3%81%84%E3%81%A1%E3%81%B0%E3%82%93" n2="%E7%99%BD%E9%AB%AA%E9%AC%BC" n3="%48%69%62%69%6B%69" dan="16,16,16,16" rate="2083.44,2083.36,2126.39,2104.63" sx="M,F,M,F"/><TAIKYOKU oya="0"/><INIT seed="0,0,0,4,1,64" ten="250,250,250,250" oya="0" hai0="83,111,104,93,24,106,9,102,68,23,84,126,27" hai1="90,123,132,85,73,31,124,100,8,131,56,40,79" hai2="45,81,25,5,52,54,99,98,116,82,6,119,33" hai3="30,63,128,109,112,59,49,91,20,21,89,41,103"/><T50/><D126/><U97/><E123/><V37/><F25/><W18/><G112/><T44/><D27/><U43/><E124/><V94/><F33/><W133/><G109/><T108/><D9/><U53/><E132/><V11/><F37/><W115/><G115/><T101/><D68/><U60/><E131/><V134/><F134/><W29/><G133/><T42/><D93/><U38/><E31/><V0/><F45/><N who="3" m="25775" /><G103/><T10/><D10/><U107/><E8/><V105/><F105/><W96/><G128/><T28/><D102/><U67/><E38/><V120/><F120/><W88/><G96/><T2/><D2/><U48/><E79/><V4/><F11/><W61/><G21/><T86/><D86/><U71/><REACH who="1" step="1"/><E73/><REACH who="1" ten="250,240,250,250" step="2"/><V17/><F0/><W65/><G61/><T92/><D111/><U74/><E74/><V3/><F3/><W113/><G113/><T69/><D108/><U130/><E130/><V46/><F17/><W1/><G1/><T14/><D28/><U34/><E34/><V51/><F119/><W15/><AGARI ba="0,1" hai="15,18,20,29,30,59,63,65,88,89,91" m="25775" machi="15" ten="30,2000,0" yaku="8,1,54,1" doraHai="64" who="3" fromWho="3" sc="250,-10,240,-5,250,-5,250,30" /><INIT seed="1,0,0,5,2,55" ten="240,235,245,280" oya="1" hai0="24,9,29,2,117,47,96,32,21,93,107,44,6" hai1="131,91,48,33,18,37,135,108,97,53,43,90,85" hai2="15,114,70,72,100,65,35,104,49,66,25,118,124" hai3="41,59,60,76,112,88,10,125,122,11,74,119,51"/><U69/><E131/><V87/><F118/><W16/><G122/><T102/><D117/><U134/><E33/><V40/><F72/><W8/><G119/><T17/><REACH who="0" step="1"/><D107/><REACH who="0" ten="230,235,245,280" step="2"/><U121/><E121/><V36/><F104/><W128/><G128/><T95/><D95/><N who="1" m="56567" /><E135/><V106/><F106/><W98/><G112/><T62/><D62/><U101/><E134/><V86/><F114/><W5/><G125/><T39/><D39/><U58/><E37/><V42/><F36/><W13/><G5/><T38/><D38/><U79/><E108/><V34/><F124/><W22/><G74/><T7/><D7/><U105/><E105/><V111/><F111/><W89/><G98/><T64/><D64/><U113/><E113/><V56/><F66/><N who="3" m="39199" /><G76/><T54/><D54/><U120/><E53/><V80/><F65/><W57/><G41/><T133/><D133/><U27/><E43/><V127/><F42/><W92/><G92/><T110/><D110/><U23/><E79/><V109/><F109/><W82/><G82/><T71/><D71/><U63/><E69/><V30/><F70/><W115/><G115/><T0/><D0/><U130/><E120/><V52/><F127/><W67/><G51/><T83/><D83/><N who="1" m="49599" /><E48/><V81/><F40/><W116/><G116/><T78/><D78/><U75/><E75/><V103/><F49/><W84/><G84/><T99/><D99/><U14/><E130/><V94/><F87/><W132/><G132/><T28/><D28/><U123/><E123/><V3/><F86/><W61/><AGARI ba="0,1" hai="8,10,11,13,16,22,57,61,67,88,89" m="39199" machi="61" ten="30,8000,1" yaku="8,1,52,2,54,2" doraHai="55" who="3" fromWho="3" sc="230,-20,235,-40,245,-20,280,90" /><INIT seed="2,0,0,2,3,52" ten="210,195,225,370" oya="2" hai0="21,95,63,8,35,111,103,78,4,10,64,114,96" hai1="59,38,33,67,118,90,120,84,129,102,14,94,60" hai2="132,91,62,15,16,5,36,56,83,48,100,125,31" hai3="27,65,77,105,42,20,41,34,58,32,19,85,39"/><V28/><F36/><W110/><G110/><T54/><D111/><U43/><E120/><V18/><F125/><W104/><G104/><T119/><D35/><U86/><E118/><V106/><F132/><W121/><G105/><T76/><D114/><U26/><E129/><V61/><F100/><W25/><G121/><T108/><D119/><U45/><E102/><V47/><F106/><W75/><G75/><T126/><D126/><U97/><REACH who="1" step="1"/><E14/><REACH who="1" ten="210,185,225,370" step="2"/><V44/><F15/><N who="3" m="9343" /><G34/><T79/><D108/><U55/><E55/><N who="2" m="31847" /><F5/><W68/><G32/><T3/><D54/><U12/><E12/><V116/><F116/><W98/><G41/><T87/><D4/><U115/><E115/><V81/><F31/><AGARI ba="0,1" hai="26,31,33,38,43,45,59,60,67,84,86,90,94,97" machi="31" ten="40,5200,0" yaku="1,1,52,1,53,1" doraHai="52" doraHaiUra="92" who="1" fromWho="2" sc="210,0,185,62,225,-52,370,0" /><INIT seed="3,0,0,1,0,125" ten="210,247,173,370" oya="3" hai0="84,103,81,45,91,21,49,67,134,101,41,34,28" hai1="130,8,29,120,93,70,92,55,19,30,98,36,80" hai2="100,119,48,74,27,75,42,127,76,110,40,50,122" hai3="14,24,18,59,68,107,13,86,52,135,12,66,64"/><W85/><G135/><T116/><D116/><U89/><E120/><V87/><F122/><W133/><G133/><T47/><D134/><U132/><E70/><V72/><F119/><W82/><G107/><T10/><D34/><U2/><E36/><V83/><F127/><W90/><G68/><T39/><D67/><U56/><E132/><V35/><F110/><W115/><G115/><T78/><D28/><U20/><E80/><V31/><REACH who="2" step="1"/><F100/><REACH who="2" ten="210,247,163,370" step="2"/><W16/><G86/><T96/><D103/><U22/><E30/><V4/><F4/><W61/><G18/><T117/><D101/><U109/><E29/><V99/><F99/><W6/><G6/><T69/><D96/><U121/><E109/><V25/><F25/><W17/><G17/><T105/><D117/><U23/><E121/><V129/><F129/><W123/><G123/><T0/><D105/><U37/><E130/><V7/><F7/><W97/><G97/><T44/><D0/><U73/><E2/><V128/><F128/><W54/><G16/><T15/><D15/><U108/><E108/><V1/><F1/><W79/><G24/><T113/><D113/><U51/><E19/><V94/><F94/><W124/><G124/><T9/><D9/><U106/><E93/><V111/><F111/><W58/><REACH who="3" step="1"/><G79/><REACH who="3" ten="210,247,163,360" step="2"/><T32/><D78/><U95/><E106/><V43/><AGARI ba="0,2" hai="27,31,35,40,42,43,48,50,72,74,75,76,83,87" machi="43" ten="40,8000,1" yaku="1,1,0,1,53,3" doraHai="125" doraHaiUra="38" who="2" fromWho="2" sc="210,-20,247,-20,163,100,360,-40" /><INIT seed="4,0,0,1,2,46" ten="190,227,263,320" oya="0" hai0="17,54,119,134,57,12,84,25,129,5,27,123,135" hai1="61,37,43,19,14,55,49,40,103,122,82,110,80" hai2="121,127,35,45,114,66,38,3,77,132,8,32,101" hai3="67,76,74,126,1,117,133,51,65,99,58,120,105"/><T88/><D119/><U71/><E110/><V23/><F121/><W18/><G117/><T96/><D123/><U41/><E122/><V9/><F101/><W130/><G120/><T60/><D96/><U21/><E103/><V31/><F66/><W63/><G1/><T7/><D129/><U102/><E37/><V108/><F108/><W115/><G115/><T64/><D64/><U42/><N who="1" m="10240" /><DORA hai="85" /><U97/><E61/><V100/><F100/><W107/><G130/><T125/><D125/><U44/><REACH who="1" step="1"/><E71/><REACH who="1" ten="190,217,263,320" step="2"/><V72/><F38/><W95/><G63/><T34/><D135/><U98/><E98/><V89/><F132/><W124/><G99/><T128/><D128/><U112/><E112/><V116/><F114/><W113/><G133/><T81/><D134/><U6/><E6/><N who="0" m="2057" /><D34/><U118/><E118/><V52/><F32/><W70/><G113/><T30/><D30/><U109/><E109/><V22/><F35/><W11/><G70/><T20/><AGARI ba="0,1" hai="12,17,20,25,27,54,57,60,81,84,88" m="2057" machi="20" ten="30,6000,0" yaku="8,1,52,1,54,1" doraHai="46,85" who="0" fromWho="0" sc="190,70,217,-20,263,-20,320,-20" /><INIT seed="4,1,0,2,3,15" ten="260,197,243,300" oya="0" hai0="94,47,114,23,19,132,4,11,113,95,30,135,129" hai1="3,29,133,18,36,62,87,51,100,48,99,10,46" hai2="58,34,25,134,5,110,13,78,0,76,38,66,37" hai3="79,44,88,6,118,73,116,56,115,24,45,102,84"/><T123/><D47/><U120/><E120/><V121/><F110/><W126/><G115/><T106/><D106/><U26/><E133/><N who="0" m="51273" /><D30/><U42/><E87/><V124/><F134/><W97/><G126/><T35/><D35/><U50/><E62/><V74/><F76/><W119/><G56/><T122/><D94/><U12/><E3/><V81/><F124/><W105/><G24/><N who="0" m="14463" /><D95/><U92/><REACH who="1" step="1"/><E36/><REACH who="1" ten="260,187,243,300" step="2"/><V101/><F0/><W2/><G119/><T82/><D82/><U72/><E72/><V127/><F81/><N who="3" m="45295" /><G118/><T16/><D129/><U104/><E104/><V57/><F74/><W107/><G105/><T91/><D123/><U89/><E89/><V41/><F127/><W103/><G116/><T40/><D91/><U83/><E83/><V32/><F121/><W63/><G63/><T31/><D122/><U131/><E131/><V60/><F60/><W90/><G90/><T55/><D114/><U109/><E109/><V64/><F78/><W85/><G84/><T68/><D113/><U14/><E14/><V53/><F13/><W27/><G88/><T54/><D68/><U75/><E75/><V65/><F37/><W43/><G85/><T1/><D1/><U112/><E112/><V98/><F38/><W96/><G2/><T111/><D111/><U128/><E128/><V52/><F101/><W59/><G103/><T17/><D4/><U21/><AGARI ba="1,1" hai="10,12,18,21,26,29,42,46,48,50,51,92,99,100" machi="21" ten="20,8000,1" yaku="1,1,0,1,7,1,8,1,52,1,53,0" doraHai="15" doraHaiUra="70" who="1" fromWho="1" sc="260,-41,187,93,243,-21,300,-21" /><INIT seed="5,0,0,1,1,28" ten="219,280,222,279" oya="1" hai0="32,38,116,96,57,70,66,41,49,51,85,118,105" hai1="15,34,108,92,123,62,120,115,33,67,39,35,59" hai2="30,46,119,110,6,20,23,101,18,100,112,82,10" hai3="42,60,65,135,13,83,122,37,58,50,14,48,79"/><U74/><E115/><V55/><F119/><W68/><G122/><T86/><D105/><U109/><E74/><V90/><F112/><W4/><G135/><T7/><D7/><U12/><E39/><V121/><F30/><W8/><G68/><T25/><D96/><U113/><E113/><V24/><F23/><W132/><G132/><T77/><D77/><U40/><E40/><V130/><F130/><W44/><REACH who="3" step="1"/><G14/><REACH who="3" ten="219,280,222,269" step="2"/><N who="1" m="5162" /><E92/><V5/><F121/><W98/><G98/><T127/><D70/><U69/><E69/><V26/><F110/><AGARI ba="0,1" hai="33,34,35,59,62,67,108,109,110,120,123" m="5162" machi="110" ten="40,12000,1" yaku="10,1,52,3" doraHai="28" who="1" fromWho="2" sc="219,0,280,130,222,-120,269,0" /><INIT seed="5,1,0,5,3,88" ten="219,410,102,269" oya="1" hai0="36,45,57,123,72,71,16,48,24,85,103,132,73" hai1="42,34,50,32,78,127,91,12,3,83,109,134,15" hai2="30,31,26,22,125,82,5,41,11,79,38,70,110" hai3="86,23,95,18,67,54,29,87,112,56,121,84,66"/><U19/><E134/><V104/><F110/><W120/><G112/><T63/><D132/><U4/><E3/><V58/><F70/><W80/><G29/><T129/><D129/><U117/><E109/><V97/><F125/><W93/><G80/><T2/><D2/><U37/><E37/><V8/><F31/><W107/><G107/><T114/><D103/><U74/><E127/><V27/><F27/><N who="3" m="14839" /><G121/><T126/><D71/><U115/><E4/><V92/><F104/><W43/><G43/><T14/><D24/><U89/><E12/><V77/><F41/><W122/><G122/><T75/><D36/><U133/><E133/><V108/><F38/><W135/><G135/><T46/><D114/><U64/><E64/><N who="3" m="24618" /><G120/><T106/><D106/><U90/><E115/><V124/><F124/><W52/><G54/><T47/><D75/><U35/><E117/><V21/><F21/><W96/><G96/><T68/><D68/><U28/><E28/><V111/><F79/><W59/><G59/><T99/><D73/><U10/><E42/><V1/><F58/><W76/><G76/><T81/><D72/><U128/><E128/><V55/><F55/><W60/><AGARI ba="1,0" hai="52,56,60,84,86,87,93,95" m="24618,14839" machi="60" ten="30,7900,0" yaku="8,1,52,2,54,1" doraHai="88" who="3" fromWho="3" sc="219,-21,410,-40,102,-21,269,82" /><INIT seed="6,0,0,2,2,100" ten="198,370,81,351" oya="2" hai0="54,124,31,101,22,1,59,16,12,21,122,88,17" hai1="58,50,82,81,56,63,123,95,66,28,37,92,125" hai2="6,105,120,113,112,133,127,25,57,135,62,3,48" hai3="20,71,67,131,11,52,107,14,93,103,128,102,121"/><V51/><F25/><W40/><G121/><T96/><D124/><U134/><E37/><V4/><F120/><W55/><G40/><T32/><D122/><U33/><E125/><V90/><F127/><W44/><G20/><T77/><D1/><U69/><E123/><V19/><F19/><W45/><G67/><T118/><D118/><U18/><E95/><V99/><F90/><W108/><G71/><T53/><D77/><U94/><E94/><V13/><F3/><W116/><G93/><T35/><D88/><U49/><E134/><N who="2" m="51211" /><F48/><W80/><G80/><T39/><D39/><U26/><E18/><V84/><F51/><W47/><G116/><T74/><D74/><U5/><E5/><N who="2" m="2155" /><F13/><W75/><G75/><T8/><D8/><U2/><E2/><V29/><F84/><W89/><G89/><T117/><D117/><U119/><E119/><V78/><F78/><W106/><G14/><T68/><D31/><U85/><E49/><V42/><F29/><W76/><G76/><T46/><D12/><U38/><E38/><V110/><F42/><W97/><G11/><T129/><D17/><U61/><E50/><V36/><F110/><W23/><G108/><T86/><D16/><U65/><E69/><V34/><F34/><W70/><G70/><T87/><D68/><U126/><E126/><V72/><F72/><W41/><G41/><T7/><D35/><U115/><E115/><N who="2" m="44107" /><F36/><W64/><G103/><T60/><D101/><U79/><E79/><V9/><F9/><W73/><G102/><T10/><D32/><U104/><E33/><V130/><F130/><RYUUKYOKU ba="0,0" sc="198,0,370,0,81,0,351,0" /><INIT seed="7,1,0,5,2,25" ten="198,370,81,351" oya="3" hai0="56,41,106,132,127,32,63,33,45,2,38,123,67" hai1="66,34,40,11,84,70,28,101,7,10,1,88,107" hai2="73,55,79,78,74,130,42,121,129,120,90,26,122" hai3="116,6,49,47,36,119,98,71,29,59,131,23,57"/><W94/><G71/><T54/><D106/><U14/><E40/><V9/><F42/><W72/><G72/><N who="2" m="27753" /><F55/><W43/><G131/><N who="2" m="50185" /><F26/><N who="3" m="16607" /><G119/><T91/><D2/><U97/><E34/><V96/><F9/><W44/><G116/><T3/><D3/><U30/><E66/><V81/><F81/><W93/><G36/><T13/><D38/><U37/><E70/><V31/><F31/><W61/><G47/><T4/><D45/><U21/><E21/><V46/><F46/><W39/><G39/><T77/><D54/><U124/><E124/><V35/><F35/><W82/><G6/><T5/><D5/><U115/><E115/><V117/><F117/><W118/><G118/><T103/><D32/><U50/><E37/><V60/><F60/><W92/><G82/><T22/><D63/><U89/><E50/><V52/><F52/><N who="3" m="34023" /><G57/><T110/><D56/><U111/><E111/><V48/><F48/><W95/><G95/><T16/><D4/><N who="1" m="3399" /><E89/><AGARI ba="1,0" hai="43,44,49,89,92,93,94,98" m="34023,16607" machi="89" ten="30,5800,0" yaku="8,1,52,1,54,1" doraHai="25" who="3" fromWho="1" sc="198,0,370,-61,81,0,351,61" owari="198,-20.2,309,10.9,81,-41.9,412,51.2" /></mjloggm>