<mjloggm ver="2.3"><GO type="169" lobby="0"/><UN n0="%E5%8F%97%E3%81%91%E5%85%A5%E3%82%8C%E9%87%8D%E8%A6%96" n1="%E6%99%AE%E9%9C%B2%E9%9C%B2" n2="%6F%73%72%67" n3="%50%44%47%4F%4E" dan="17,16,16,16" rate="2176.33,2140.09,2143.56,2036.43" sx="M,M,M,M"/><TAIKYOKU oya="0"/><INIT seed="0,0,0,1,4,17" ten="250,250,250,250" oya="0" hai0="76,110,51,69,108,68,125,74,2,100,113,97,85" hai1="14,103,15,37,59,47,121,99,40,27,36,106,10" hai2="80,129,28,101,1,130,3,55,16,48,65,60,46" hai3="7,52,38,70,89,67,75,82,11,63,96,43,12"/><T84/><D113/><U120/><E37/><V133/><F101/><W29/><G29/><T24/><D2/><U71/><E71/><V44/><F44/><W32/><G32/><T62/><D74/><U21/><E59/><V4/><F28/><W39/><G43/><T50/><D125/><U132/><E132/><V56/><F133/><W86/><G75/><T90/><D76/><U20/><E14/><V64/><F64/><W124/><G124/><T34/><D34/><U22/><REACH who="1" step="1"/><E27/><REACH who="1" ten="250,240,250,250" step="2"/><V18/><F3/><W19/><G7/><AGARI ba="0,1" hai="7,10,15,20,21,22,36,40,47,99,103,106,120,121" machi="7" ten="40,12000,2" yaku="1,1,2,1,52,3,53,1" doraHai="17" doraHaiUra="8" who="1" fromWho="3" sc="250,0,240,130,250,0,250,-120" /><INIT seed="1,0,0,2,4,2" ten="250,370,250,130" oya="1" hai0="6,103,75,127,24,65,97,59,0,48,5,94,99" hai1="51,7,112,9,126,78,125,67,76,98,128,16,22" hai2="77,85,4,132,41,49,107,83,28,129,105,30,45" hai3="15,88,117,114,13,1,133,37,113,44,40,91,122"/><U23/><E112/><V120/><F120/><W50/><G122/><T108/><D75/><U109/><E128/><V84/><F129/><W10/><G133/><T115/><D115/><U121/><E121/><V58/><F132/><W100/><G117/><T14/><D0/><N who="1" m="231" /><E23/><V119/><F119/><W81/><G114/><T118/><D118/><U34/><E34/><V12/><F85/><W52/><G113/><T69/><D69/><U87/><E67/><V74/><F74/><W53/><G100/><T71/><D71/><U96/><E51/><V42/><F42/><W25/><G25/><T47/><D127/><N who="1" m="48651" /><E109/><V46/><F46/><W95/><G81/><T124/><D124/><U82/><E78/><V64/><F105/><W54/><G37/><T130/><D130/><U106/><E106/><V61/><F107/><W18/><G1/><T55/><D108/><U104/><E104/><V116/><F116/><W70/><G70/><T134/><D134/><U135/><E135/><V3/><F3/><W19/><REACH who="3" step="1"/><G95/><REACH who="3" ten="250,370,250,120" step="2"/><T62/><D24/><AGARI ba="0,1" hai="16,22,24,76,82,87,96,98" m="48651,231" machi="24" ten="30,5800,0" yaku="18,1,52,1,54,1" doraHai="2" who="1" fromWho="0" sc="250,-58,370,68,250,0,120,0" /><INIT seed="1,1,0,1,0,50" ten="192,438,250,120" oya="1" hai0="66,75,124,69,74,123,59,119,116,121,89,12,36" hai1="49,58,72,61,84,53,33,22,67,78,27,47,79" hai2="37,128,23,126,118,125,10,99,6,85,102,7,95" hai3="54,60,19,73,1,26,46,68,97,44,3,91,90"/><U21/><E72/><V98/><F37/><W39/><G73/><N who="0" m="27659" /><D69/><U103/><E103/><V80/><F118/><W101/><G19/><T70/><D70/><U29/><E84/><V132/><F128/><W113/><G113/><T111/><D36/><U65/><E65/><V51/><F132/><W77/><G77/><T14/><D111/><U129/><E129/><V16/><F98/><W93/><G26/><T105/><D105/><U42/><E33/><V55/><F10/><W64/><G46/><T114/><D114/><U32/><E32/><V43/><F43/><W34/><G34/><T35/><D35/><U131/><E131/><V9/><F9/><W31/><G31/><T18/><D89/><U56/><E21/><V17/><F17/><W96/><G91/><T71/><D71/><U86/><REACH who="1" step="1"/><E86/><REACH who="1" ten="192,428,250,120" step="2"/><V0/><F125/><W2/><G101/><T104/><D124/><U8/><E8/><V94/><F126/><W4/><G64/><T133/><D66/><U115/><E115/><V24/><F95/><W110/><G93/><T130/><D130/><U82/><E82/><V52/><F0/><W28/><G3/><T11/><D11/><U106/><E106/><V107/><F107/><W112/><G2/><T81/><D104/><U48/><AGARI ba="1,1" hai="22,27,29,42,47,48,49,53,56,58,61,67,78,79" machi="48" ten="20,12000,1" yaku="1,1,0,1,7,1,8,1,52,1,53,0" doraHai="50" doraHaiUra="13" who="1" fromWho="1" sc="192,-41,428,133,250,-41,120,-41" /><INIT seed="1,2,0,5,3,31" ten="151,561,209,79" oya="1" hai0="43,60,73,40,110,101,122,93,21,52,90,120,74" hai1="129,34,9,132,99,105,112,26,91,98,113,56,121" hai2="44,77,92,20,50,16,64,39,103,12,62,109,11" hai3="8,17,95,80,124,5,55,67,7,84,32,0,57"/><U1/><E121/><N who="0" m="46697" /><D101/><U22/><E129/><V127/><F109/><W117/><G124/><T86/><D110/><U111/><E111/><V107/><F127/><W59/><G117/><T4/><D4/><U41/><E41/><N who="0" m="15945" /><D21/><U126/><E22/><V83/><F39/><W128/><G128/><T58/><AGARI ba="2,0" hai="52,58,60,73,74,86,90,93" m="15945,46697" machi="58" ten="30,2000,0" yaku="13,1,54,1" doraHai="31" who="0" fromWho="0" sc="151,26,561,-12,209,-7,79,-7" /><INIT seed="2,0,0,5,0,51" ten="177,549,202,72" oya="2" hai0="118,37,90,27,80,47,39,119,135,92,120,97,40" hai1="29,113,124,85,122,1,0,28,20,102,114,83,41" hai2="131,31,53,98,117,18,21,59,105,74,111,32,46" hai3="104,61,69,62,72,26,99,42,127,54,109,78,65"/><V2/><F117/><W125/><G109/><T88/><D120/><U24/><E122/><V89/><F74/><W14/><G42/><T75/><D135/><U126/><E102/><V129/><F2/><W86/><G72/><T36/><D27/><U121/><E41/><V15/><F46/><W45/><G26/><T38/><REACH who="0" step="1"/><D90/><REACH who="0" ten="167,549,202,72" step="2"/><U130/><E121/><V132/><F132/><W116/><G116/><T101/><D101/><U44/><E24/><N who="2" m="18535" /><F89/><W33/><G127/><T93/><D93/><U19/><E126/><V82/><F82/><W81/><G125/><T17/><D17/><U123/><E19/><V11/><F111/><W87/><G81/><T84/><D84/><U60/><E85/><V76/><F105/><W6/><G87/><T103/><D103/><U107/><E83/><V35/><F98/><W96/><G96/><T133/><D133/><U57/><E107/><V67/><F35/><W128/><G33/><T95/><D95/><U110/><E124/><V48/><F76/><AGARI ba="0,1" hai="36,37,38,39,40,47,75,76,80,88,92,97,118,119" machi="76" ten="50,8000,1" yaku="1,1,54,1,53,2" doraHai="51" doraHaiUra="112" who="0" fromWho="2" sc="167,90,549,0,202,-80,72,0" /><INIT seed="3,0,0,5,5,53" ten="257,549,122,72" oya="3" hai0="3,38,18,77,114,35,76,46,83,21,86,75,48" hai1="51,134,9,62,49,5,28,43,98,81,80,102,27" hai2="29,33,42,54,50,69,0,74,8,106,115,126,26" hai3="34,124,6,111,11,12,16,96,117,14,65,55,68"/><W123/><G117/><T23/><D35/><U10/><E134/><V132/><F115/><W103/><G123/><T31/><D38/><U97/><E43/><V79/><F132/><W57/><G124/><T113/><D3/><U91/><E62/><V2/><F126/><W87/><G34/><T37/><D37/><U85/><E81/><V13/><F69/><W135/><G135/><T41/><D31/><U70/><E70/><V125/><F106/><W112/><G112/><N who="0" m="43115" /><D18/><U105/><E98/><V133/><F133/><W82/><G68/><T89/><D76/><U39/><E39/><V60/><F125/><W127/><G65/><T72/><D75/><U25/><E9/><V122/><F122/><W67/><G67/><T45/><D46/><U119/><E27/><V1/><F60/><N who="3" m="35903" /><G111/><T130/><D130/><U44/><E44/><V15/><F42/><W104/><G104/><T107/><D107/><U4/><E4/><V100/><F100/><W66/><G66/><T116/><D116/><U90/><E90/><V32/><F32/><W19/><G127/><T120/><D120/><U64/><E64/><V20/><F33/><W121/><G121/><T101/><D101/><U94/><E105/><V63/><F63/><W71/><G71/><T118/><D118/><U47/><E47/><V99/><F74/><W7/><G103/><T110/><D110/><U131/><E131/><V17/><F2/><W95/><G7/><T129/><D129/><U40/><E40/><V30/><F1/><W56/><G6/><T128/><D128/><U84/><E119/><V36/><F36/><RYUUKYOKU ba="0,0" sc="257,30,549,-10,122,-10,72,-10" hai0="21,23,41,45,48,72,77,83,86,89" /><INIT seed="4,1,0,1,5,35" ten="287,539,112,62" oya="0" hai0="80,38,100,53,59,72,61,69,23,10,134,90,62" hai1="76,129,55,88,5,43,89,32,44,60,22,11,92" hai2="50,6,45,25,8,125,40,48,24,84,51,95,116" hai3="71,31,121,85,74,26,113,99,93,4,56,135,3"/><T42/><D100/><U122/><E32/><V124/><F116/><W16/><G71/><T109/><D134/><U67/><E122/><V82/><F95/><W41/><G74/><T15/><D23/><U14/><E129/><V87/><F25/><W21/><G113/><T54/><D109/><U83/><E55/><V77/><F24/><W13/><G121/><T91/><D38/><U30/><E30/><V64/><F64/><W98/><G41/><T63/><D42/><U119/><E22/><V52/><F87/><W114/><G114/><T19/><D69/><U0/><E14/><V1/><REACH who="2" step="1"/><F51/><REACH who="2" ten="287,539,102,62" step="2"/><W81/><G93/><T73/><D73/><U94/><E94/><V9/><F9/><N who="3" m="2207" /><G135/><T58/><D62/><U104/><E92/><V132/><F132/><W47/><G47/><AGARI ba="1,1" hai="1,6,8,40,45,47,48,50,52,77,82,84,124,125" machi="47" ten="40,5200,0" yaku="1,1,52,1,54,1,53,0" doraHai="35" doraHaiUra="128" who="2" fromWho="3" sc="287,0,539,0,102,65,62,-55" /><INIT seed="5,0,0,2,2,3" ten="287,539,167,7" oya="1" hai0="31,109,64,1,124,99,81,20,23,106,84,47,70" hai1="5,60,73,12,123,35,59,129,77,95,54,57,62" hai2="132,69,86,121,128,92,94,61,9,65,28,100,66" hai3="24,72,111,133,78,127,105,16,53,113,44,119,32"/><U29/><E123/><V89/><F121/><W120/><RYUUKYOKU type="yao9" ba="0,0" sc="287,0,539,0,167,0,7,0" hai3="16,24,32,44,53,72,78,105,111,113,119,120,127,133" /><INIT seed="5,1,0,1,0,65" ten="287,539,167,7" oya="1" hai0="14,30,125,17,25,62,135,66,33,111,70,120,93" hai1="27,82,11,121,44,77,31,29,131,89,57,42,132" hai2="0,37,86,112,45,68,7,127,109,53,10,81,95" hai3="40,129,59,97,21,87,51,116,94,107,24,117,32"/><U55/><E121/><V78/><F109/><W96/><G32/><T22/><D111/><U98/><E131/><V114/><F127/><W90/><G129/><T92/><D125/><U75/><E132/><V63/><F95/><W118/><G107/><T38/><D135/><U60/><E11/><V71/><F63/><W49/><G40/><T69/><D120/><U1/><E1/><V35/><F35/><W23/><G23/><T103/><D38/><U8/><E8/><V91/><F91/><W84/><G84/><T126/><D126/><U47/><E31/><V83/><F83/><W54/><G49/><T124/><D124/><U74/><E74/><N who="2" m="43223" /><F53/><W115/><G115/><N who="2" m="44073" /><F86/><W122/><G122/><T36/><D92/><U113/><E89/><V58/><F58/><W123/><G123/><T12/><D93/><U73/><E73/><V6/><F6/><W20/><G20/><T100/><D100/><U108/><E108/><V9/><F9/><W15/><G24/><T101/><D101/><U119/><E27/><V50/><F50/><W128/><G128/><T43/><D103/><U67/><E60/><V130/><F130/><W48/><G48/><T34/><D34/><U85/><E85/><V26/><F26/><W56/><G56/><T46/><D12/><U5/><E57/><AGARI ba="1,0" hai="14,17,22,25,30,33,36,43,46,57,62,66,69,70" machi="57" ten="30,3900,0" yaku="7,1,52,2" doraHai="65" who="0" fromWho="1" sc="287,42,539,-42,167,0,7,0" /><INIT seed="6,0,0,1,2,44" ten="329,497,167,7" oya="2" hai0="83,16,73,36,126,33,105,40,19,5,113,70,102" hai1="24,49,111,95,132,107,46,27,51,14,100,98,90" hai2="116,80,124,117,104,60,109,2,86,89,75,110,21" hai3="38,72,82,59,68,32,119,103,85,134,92,84,7"/><V66/><F2/><W96/><G68/><T4/><D33/><U43/><E111/><V64/><F64/><W127/><G32/><T42/><D70/><U128/><E128/><V114/><F21/><W65/><G38/><T45/><D113/><U88/><E132/><V133/><F60/><W121/><G7/><T74/><D126/><U17/><E51/><V93/><F66/><W106/><G59/><T13/><D19/><U101/><E90/><V122/><F104/><W55/><G55/><T37/><D40/><U52/><E43/><V81/><F133/><W8/><G8/><T76/><D73/><U91/><E91/><V39/><F39/><W12/><G12/><T22/><D36/><U130/><E130/><V41/><F41/><W67/><G134/><T20/><D20/><N who="1" m="11319" /><E107/><V115/><F124/><W61/><G127/><T78/><D76/><U99/><E99/><V125/><F125/><W0/><G119/><N who="2" m="45641" /><F75/><W87/><G0/><T57/><D57/><U9/><E9/><V131/><F131/><W118/><G118/><T54/><D54/><U129/><E129/><V1/><F1/><W11/><G11/><T71/><D71/><U25/><AGARI ba="0,0" hai="24,25,27,46,49,52,88,95,98,100,101" m="11319" machi="25" ten="30,7900,0" yaku="8,1,52,1,54,2" doraHai="44" who="1" fromWho="1" sc="329,-20,497,79,167,-39,7,-20" owari="309,10.9,576,67.6,128,-27.2,-13,-51.3" /></mjloggm>