<mjloggm ver="2.3"><GO type="169" lobby="0"/><UN n0="%50%6F%6F%48%65%3F" n1="%52%4F%59%5F%54" n2="%E6%AD%A6" n3="%4D%75%64%46%6C%6F%77" dan="16,16,16,17" rate="2145.27,2057.27,2126.92,2200.45" sx="F,M,M,M"/><TAIKYOKU oya="0"/><INIT seed="0,0,0,0,4,76" ten="250,250,250,250" oya="0" hai0="31,30,98,69,105,5,3,126,8,79,41,56,27" hai1="125,82,47,24,13,10,26,49,97,116,55,35,107" hai2="101,28,53,63,71,48,15,25,102,11,72,118,95" hai3="70,61,99,87,108,78,114,23,124,52,92,45,111"/><T85/><D69/><U21/><E116/><V132/><F118/><W122/><G114/><T1/><D126/><U75/><E125/><V33/><F72/><W84/><G124/><T50/><D1/><U131/><E131/><V67/><F132/><W86/><G122/><T96/><D105/><U130/><E130/><V123/><F95/><W112/><G112/><T38/><D38/><U4/><E35/><V2/><F2/><W103/><G23/><T93/><D27/><U20/><E107/><V91/><F91/><W32/><G32/><T128/><D128/><U46/><E97/><V127/><F123/><W68/><G78/><T39/><D39/><U94/><E94/><V16/><REACH who="2" step="1"/><F127/><REACH who="2" ten="250,250,240,250" step="2"/><W0/><G0/><T65/><D93/><U59/><E75/><V120/><F120/><W115/><G115/><T14/><D3/><U73/><E73/><V129/><F129/><W109/><G61/><N who="0" m="38055" /><D98/><U58/><E82/><V34/><F34/><W77/><G77/><T9/><D96/><U40/><E47/><AGARI ba="0,1" hai="11,15,16,25,28,33,47,48,53,63,67,71,101,102" machi="47" ten="30,7700,0" yaku="1,1,7,1,54,1,53,1" doraHai="76" doraHaiUra="43" who="2" fromWho="1" sc="250,0,250,-77,240,87,250,0" /><INIT seed="1,0,0,5,5,92" ten="250,173,327,250" oya="1" hai0="86,107,82,93,10,106,124,23,111,34,58,98,80" hai1="46,26,52,54,119,79,134,51,32,45,118,64,31" hai2="66,44,62,101,97,8,110,22,130,112,109,50,9" hai3="28,16,100,29,35,6,30,76,84,132,4,33,56"/><U90/><E134/><V114/><F130/><W20/><G100/><T121/><D34/><N who="3" m="12809" /><G56/><T74/><D10/><U125/><E125/><V133/><F133/><W14/><G84/><T19/><D121/><U13/><E79/><V117/><F117/><W75/><G76/><T25/><D124/><U108/><E108/><N who="2" m="41579" /><F22/><N who="3" m="11543" /><G75/><T43/><D111/><U104/><E64/><V73/><F73/><W48/><G48/><T127/><D127/><U59/><E45/><V123/><F123/><W1/><G132/><T87/><D74/><U81/><E104/><N who="2" m="63535" /><F114/><W89/><G89/><T116/><D116/><U37/><E13/><V36/><F36/><W7/><G20/><T67/><D43/><U42/><REACH who="1" step="1"/><E54/><REACH who="1" ten="250,163,327,250" step="2"/><N who="2" m="30023" /><F112/><W3/><AGARI ba="0,1" hai="1,3,4,6,7,28,29,30" m="11543,12809" machi="3" ten="40,12000,2" yaku="35,5,54,1" doraHai="92" who="3" fromWho="3" sc="250,-30,163,-60,327,-30,250,130" /><INIT seed="2,0,0,4,3,93" ten="220,103,297,380" oya="2" hai0="58,27,116,52,49,53,30,85,110,66,97,62,79" hai1="15,120,68,127,34,75,12,19,29,2,92,131,17" hai2="102,40,132,72,7,84,76,130,78,23,44,95,28" hai3="124,51,31,69,36,13,99,5,107,25,41,111,55"/><V65/><F130/><W24/><G111/><T57/><D110/><U108/><E108/><V134/><F65/><W20/><G69/><T67/><D116/><U56/><E68/><V39/><F7/><W83/><G124/><T82/><REACH who="0" step="1"/><D97/><REACH who="0" ten="210,103,297,380" step="2"/><U90/><E127/><V100/><F132/><W18/><G99/><T8/><D8/><U70/><E131/><V117/><F134/><W77/><G107/><T80/><D80/><U9/><E120/><V81/><F117/><W60/><G83/><T63/><D63/><U6/><E9/><V106/><F78/><W121/><G60/><T94/><D94/><U135/><E92/><V14/><F106/><W71/><G77/><T113/><D113/><U26/><E135/><V11/><F11/><W61/><G61/><T47/><D47/><U74/><E70/><V125/><F125/><W50/><G71/><T115/><D115/><U122/><E122/><V32/><F95/><W4/><G121/><T35/><AGARI ba="0,1" hai="27,30,35,49,52,53,57,58,62,66,67,79,82,85" machi="35" ten="20,5200,0" yaku="1,1,0,1,7,1,54,1,53,0" doraHai="93" doraHaiUra="112" who="0" fromWho="0" sc="210,62,103,-13,297,-26,380,-13" /><INIT seed="3,0,0,3,0,97" ten="272,90,271,367" oya="3" hai0="110,101,126,105,128,30,9,11,93,89,109,42,4" hai1="81,87,16,65,6,24,74,39,122,47,38,62,19" hai2="46,133,84,92,51,130,88,57,54,111,96,64,52" hai3="35,115,61,33,69,104,124,71,53,125,112,99,40"/><W8/><G40/><T83/><D128/><U41/><E122/><V94/><F130/><W59/><G8/><T85/><D126/><N who="3" m="48745" /><G99/><N who="0" m="59631" /><D105/><U63/><E74/><V82/><F111/><N who="0" m="42506" /><D30/><U3/><E38/><V0/><F0/><W73/><G104/><T116/><D42/><U127/><E127/><V102/><F133/><W58/><G73/><T48/><D48/><U7/><E62/><V75/><F64/><N who="3" m="38967" /><G33/><T67/><D67/><U55/><E55/><V135/><F135/><W117/><G35/><T1/><D11/><U21/><E3/><V131/><F131/><W107/><G107/><T27/><D27/><U44/><E44/><V119/><F119/><AGARI ba="0,0" hai="1,4,9,83,85,89,116,119" m="42506,59631" machi="119" ten="30,2000,0" yaku="14,1,52,1" doraHai="97" who="0" fromWho="2" sc="272,20,90,0,271,-20,367,0" /><INIT seed="4,0,0,4,3,131" ten="292,90,251,367" oya="0" hai0="90,78,102,86,117,36,41,91,47,24,32,14,56" hai1="59,34,46,55,81,50,13,9,18,6,68,65,94" hai2="99,87,128,52,26,112,77,135,1,118,4,30,21" hai3="20,83,23,98,54,121,108,49,84,107,42,130,67"/><T44/><D117/><U88/><E34/><V31/><F128/><W109/><G130/><T97/><D47/><U63/><E68/><V62/><F118/><W129/><G129/><T125/><D125/><U75/><E75/><V111/><F111/><W82/><G42/><T22/><D56/><U120/><E120/><V33/><F112/><W103/><G82/><T38/><D38/><U16/><REACH who="1" step="1"/><E81/><REACH who="1" ten="292,80,251,367" step="2"/><V100/><F33/><W80/><G83/><T123/><D123/><U133/><E133/><V7/><F135/><W119/><G121/><T113/><D113/><U132/><E132/><V71/><F71/><W19/><G119/><T12/><D32/><U10/><E10/><V29/><F21/><W104/><G23/><T124/><D124/><U110/><E110/><V79/><F1/><W96/><G108/><T3/><D3/><U95/><E95/><V17/><F77/><W127/><G127/><T53/><D78/><U93/><E93/><V92/><F79/><W28/><G80/><T114/><D114/><U27/><E27/><V66/><F26/><W25/><G25/><T115/><D115/><U48/><E48/><V43/><F92/><W101/><G49/><T11/><D11/><U64/><E64/><V126/><F66/><W2/><G67/><T122/><D122/><U35/><E35/><V70/><F70/><W40/><G2/><T69/><D69/><U134/><E134/><V106/><F126/><W89/><G20/><T72/><D72/><U105/><E105/><V39/><F106/><W116/><G109/><T58/><D24/><U74/><E74/><RYUUKYOKU ba="0,1" sc="292,-10,80,30,251,-10,367,-10" hai1="6,9,13,16,18,46,50,55,59,63,65,88,94" /><INIT seed="5,1,1,3,5,7" ten="282,110,241,357" oya="1" hai0="65,99,10,98,22,17,1,53,105,85,47,48,82" hai1="104,34,30,130,124,108,76,75,21,33,129,94,125" hai2="37,114,70,100,71,87,91,24,116,83,59,84,23" hai3="61,96,43,52,132,93,62,60,5,122,3,14,57"/><U18/><E104/><V38/><F116/><W46/><G122/><T6/><D65/><U78/><E94/><V12/><F100/><W77/><G3/><T56/><D105/><U121/><E75/><V111/><F111/><W63/><G77/><T95/><D47/><U115/><E121/><V123/><F123/><W25/><G132/><T9/><D1/><U49/><E108/><V113/><F59/><W126/><G126/><N who="1" m="48746" /><E49/><V29/><F12/><W44/><G25/><N who="0" m="14543" /><D6/><U69/><E69/><N who="2" m="26123" /><F87/><W112/><G112/><AGARI ba="1,1" hai="23,24,29,37,38,83,84,91,112,113,114" m="26123" machi="112" ten="30,2000,0" yaku="15,1,11,1" doraHai="7" who="2" fromWho="3" sc="282,0,110,0,241,33,357,-23" /><INIT seed="6,0,0,0,2,47" ten="282,110,274,334" oya="2" hai0="72,118,24,30,63,95,109,86,103,115,17,52,76" hai1="107,101,39,128,130,20,19,4,133,43,124,46,34" hai2="6,134,8,108,97,79,127,106,44,81,58,57,25" hai3="65,13,78,28,113,123,41,100,84,64,121,23,51"/><V36/><F127/><W87/><G113/><T82/><D109/><U22/><E124/><V102/><F108/><W60/><G100/><T92/><D115/><U56/><E34/><V59/><F134/><W110/><G110/><T37/><D37/><U2/><E133/><V83/><F25/><W42/><G121/><T26/><D118/><U29/><E2/><V104/><F104/><W62/><G123/><T122/><D122/><U67/><E4/><V53/><F79/><W1/><G1/><T15/><D72/><U75/><E75/><V66/><F66/><W111/><G78/><T12/><D12/><U74/><E74/><V132/><F132/><W80/><G28/><T98/><D30/><U54/><E67/><V32/><F32/><W89/><G111/><T9/><REACH who="0" step="1"/><D95/><REACH who="0" ten="272,110,274,334" step="2"/><U31/><E31/><V85/><F36/><W7/><G13/><T21/><D21/><U5/><E29/><V105/><F105/><W131/><G23/><T94/><D94/><U18/><E22/><V55/><F83/><W119/><G80/><T120/><D120/><U88/><E20/><V96/><F81/><W16/><G119/><T70/><D70/><U50/><E5/><V33/><F106/><W93/><G93/><T0/><D0/><U10/><E10/><V38/><F8/><W45/><G7/><T68/><D68/><U14/><E14/><V40/><F6/><W135/><G135/><T117/><D117/><U77/><E107/><V90/><F33/><W49/><G16/><T114/><D114/><U129/><E39/><V3/><F3/><W73/><G73/><RYUUKYOKU ba="0,1" sc="272,30,110,-10,274,-10,334,-10" hai0="9,15,17,24,26,52,63,76,82,86,92,98,103" /><INIT seed="7,1,1,0,2,34" ten="302,100,264,324" oya="3" hai0="24,79,123,17,16,86,99,38,109,91,65,42,26" hai1="88,68,45,110,66,69,113,133,94,36,25,14,41" hai2="56,80,60,3,81,78,116,108,52,10,97,82,111" hai3="21,35,98,89,100,105,22,92,118,46,55,47,39"/><W61/><G35/><T48/><D38/><U103/><E103/><V120/><F116/><W63/><G118/><T96/><D123/><U32/><E14/><V72/><F120/><W104/><G104/><T76/><D109/><U130/><E25/><N who="0" m="9833" /><D65/><U23/><E23/><N who="3" m="8714" /><G105/><T77/><D42/><U75/><E32/><V107/><F81/><W71/><G71/><T83/><D48/><U102/><E75/><V122/><F122/><W127/><G127/><T5/><D5/><U121/><E102/><V125/><F125/><W84/><G39/><T74/><D74/><U2/><E88/><V95/><F107/><W19/><G19/><AGARI ba="1,1" hai="16,17,19,76,77,79,83,86,91,96,99" m="9833" machi="19" ten="30,2000,0" yaku="8,1,54,1" doraHai="34" who="0" fromWho="3" sc="302,33,100,0,264,0,324,-23" owari="335,43.5,100,-40.0,264,-13.6,301,10.1" /></mjloggm>