<mjloggm ver="2.3"><GO type="169" lobby="0"/><UN n0="%E3%83%9E%E3%83%9E%E3%83%AC%E3%83%BC%E3%83%89%E7%94%B7" n1="%E8%87%AA%E6%92%AE%E3%82%8A%E3%83%9E%E3%82%B9%E3%82%BF%E3%83%BC" n2="%EF%BC%A0%E6%AC%A1%E7%94%B7" n3="%61%63%74%79" dan="16,16,17,16" rate="2074.63,2045.64,2119.21,2032.38" sx="M,M,M,M"/><TAIKYOKU oya="0"/><INIT seed="0,0,0,5,4,57" ten="250,250,250,250" oya="0" hai0="79,86,4,31,51,34,24,101,78,70,106,108,111" hai1="118,0,8,19,25,15,120,7,75,130,18,82,72" hai2="52,76,96,12,46,99,115,44,16,14,133,59,21" hai3="40,114,113,56,105,97,23,27,17,20,48,77,129"/><T90/><D70/><U83/><E118/><V125/><F115/><W60/><G129/><T116/><D116/><U85/><E130/><V32/><F32/><W135/><G135/><T109/><D4/><U3/><E120/><V5/><F133/><W30/><G77/><T42/><D42/><U67/><E67/><V9/><F125/><W87/><G87/><T89/><D51/><U53/><E25/><V6/><F76/><W64/><G40/><T104/><D90/><U43/><E43/><V73/><F73/><W49/><G113/><T110/><N who="0" m="27648" /><DORA hai="36" /><T68/><D68/><U119/><E119/><V95/><F99/><W124/><G124/><T62/><D62/><U63/><E85/><V122/><F122/><W126/><G114/><T103/><D79/><U54/><E7/><V45/><F6/><W65/><G65/><T1/><D1/><U50/><E50/><V92/><F96/><W66/><G66/><T69/><D69/><U88/><E88/><V33/><F33/><W100/><REACH who="3" step="1"/><G126/><REACH who="3" ten="250,250,250,240" step="2"/><T39/><D78/><U71/><E75/><V47/><N who="2" m="11264" /><DORA hai="127" /><V58/><F58/><W94/><G94/><N who="0" m="54583" /><D39/><U91/><E71/><V112/><F112/><W41/><G41/><T13/><D13/><AGARI ba="0,1" hai="13,17,20,23,27,30,48,49,56,60,64,97,100,105" machi="13" ten="30,7700,0" yaku="1,1,7,1,52,1,53,1" doraHai="57,36,127" doraHaiUra="93,37,84" who="3" fromWho="0" sc="250,-77,250,0,250,0,240,87" /><INIT seed="1,0,0,5,3,116" ten="173,250,250,327" oya="1" hai0="26,42,128,0,131,121,1,69,81,85,80,107,134" hai1="68,57,24,123,74,39,106,65,62,133,10,40,122" hai2="20,50,91,52,92,25,14,59,35,58,33,22,2" hai3="77,28,44,54,38,135,51,5,115,84,60,48,124"/><U87/><E74/><V30/><F2/><W120/><G115/><T16/><D107/><U83/><E133/><V49/><F49/><W47/><G38/><T118/><D118/><U103/><E10/><V21/><F59/><W114/><G114/><T110/><D69/><U31/><E57/><V46/><F46/><W53/><G124/><T64/><D64/><U125/><E125/><V112/><F35/><W66/><G28/><T19/><D110/><U94/><E40/><V61/><F61/><W102/><G102/><T109/><D109/><U93/><E39/><V17/><REACH who="2" step="1"/><F112/><REACH who="2" ten="173,250,240,327" step="2"/><W55/><G53/><T79/><D42/><U127/><E127/><V89/><F89/><W130/><G135/><T67/><D134/><U129/><E62/><V96/><AGARI ba="0,1" hai="14,17,20,21,22,25,30,33,50,52,58,91,92,96" machi="96" ten="20,8000,1" yaku="1,1,0,1,7,1,54,1,53,1" doraHai="116" doraHaiUra="88" who="2" fromWho="2" sc="173,-20,250,-40,240,90,327,-20" /><INIT seed="2,0,0,1,2,1" ten="153,210,330,307" oya="2" hai0="55,133,91,82,94,127,95,125,131,40,47,120,24" hai1="65,111,50,36,84,121,49,63,92,22,10,6,93" hai2="20,123,62,83,67,79,135,85,41,128,109,97,30" hai3="0,104,53,99,28,5,13,134,70,124,34,75,73"/><V27/><F123/><W114/><G0/><T45/><D120/><U57/><E121/><V52/><F135/><W39/><G134/><T78/><D133/><U8/><E36/><V19/><F128/><W51/><G39/><T66/><D131/><U61/><E111/><V86/><F109/><W42/><G42/><T31/><D66/><U117/><E117/><V89/><F97/><W26/><G70/><T87/><D55/><U115/><E115/><V88/><F41/><W29/><G29/><T81/><D95/><U71/><E10/><V122/><F122/><W103/><G124/><N who="0" m="47691" /><D40/><U21/><E50/><V130/><F130/><W108/><G114/><T101/><D101/><U113/><E49/><V76/><F30/><W25/><G25/><T4/><D4/><U105/><E113/><V44/><F44/><N who="0" m="16970" /><D78/><U77/><E93/><N who="2" m="54415" /><F67/><W46/><REACH who="3" step="1"/><G108/><REACH who="3" ten="153,210,330,297" step="2"/><T106/><D106/><U100/><E105/><V116/><F116/><W69/><G69/><T12/><D12/><U54/><E71/><V43/><F43/><W38/><G38/><T60/><D60/><U33/><E63/><V23/><F62/><W37/><G37/><T96/><D96/><N who="1" m="59399" /><E65/><V126/><F126/><W2/><G2/><T64/><D64/><U11/><E61/><V72/><F52/><W59/><G59/><T18/><D18/><U32/><E57/><V132/><F132/><W112/><G112/><T14/><D14/><U90/><E54/><V118/><F118/><W3/><G3/><T110/><D110/><U58/><E58/><V16/><F72/><W119/><G119/><T98/><D98/><RYUUKYOKU ba="0,1" sc="153,10,210,-30,330,10,297,10" hai0="24,31,81,82,87,91,94" hai2="16,19,20,23,27,76,79,83,86,89" hai3="5,13,26,28,34,46,51,53,73,75,99,103,104" /><INIT seed="2,1,1,1,1,0" ten="163,180,340,307" oya="2" hai0="87,21,33,61,27,22,75,78,13,30,2,7,26" hai1="36,62,127,106,92,131,123,42,23,43,18,31,120" hai2="119,57,70,95,49,113,125,126,108,133,134,14,88" hai3="40,122,20,32,12,82,93,24,135,112,39,79,15"/><V96/><F70/><W63/><G122/><N who="1" m="46634" /><E106/><V115/><F57/><W69/><G32/><T117/><D75/><U104/><E104/><V109/><F49/><W53/><G135/><N who="2" m="51721" /><F14/><W121/><G112/><N who="2" m="43081" /><F119/><W52/><G121/><T116/><D87/><U71/><E31/><V99/><F99/><W5/><G40/><T6/><D78/><U59/><E71/><V3/><F3/><W128/><G39/><T68/><D68/><U25/><E36/><V45/><F45/><W118/><G63/><T54/><D2/><U47/><E47/><V9/><F9/><W11/><G11/><T110/><D13/><U81/><E43/><V76/><F76/><W101/><G15/><T91/><D33/><U34/><E42/><V80/><F80/><W38/><G12/><T44/><D116/><U67/><E81/><V107/><F107/><W66/><G118/><T77/><D77/><U90/><E34/><V114/><N who="2" m="43089" /><V73/><DORA hai="102" /><F73/><W124/><G82/><T60/><D27/><U50/><E50/><V4/><F4/><W58/><G24/><T132/><D117/><U37/><E37/><V64/><F64/><W46/><G66/><T19/><D132/><U10/><E10/><V94/><F94/><W84/><G93/><T41/><D41/><U83/><E83/><V105/><F105/><W100/><G38/><T103/><D44/><U72/><E72/><V98/><F98/><W111/><G46/><T51/><D51/><U97/><E97/><V89/><F89/><W56/><G69/><T86/><D91/><U48/><E90/><V85/><F96/><RYUUKYOKU ba="1,1" sc="163,-10,180,-10,340,30,307,-10" hai2="85,88,95,108,109,125,126" /><INIT seed="2,2,1,4,3,7" ten="153,170,370,297" oya="2" hai0="125,104,30,132,51,85,84,89,63,123,113,56,126" hai1="43,103,1,25,129,58,46,114,61,99,50,66,12" hai2="62,73,131,102,38,78,124,81,4,94,40,27,0" hai3="22,90,53,36,60,116,10,98,77,39,118,67,130"/><V79/><F131/><W55/><G77/><T21/><D123/><U59/><E1/><V115/><F115/><W74/><G74/><T96/><D113/><U34/><E114/><V49/><F124/><N who="0" m="47722" /><D51/><U121/><E129/><V41/><F49/><W111/><G130/><T31/><D132/><U109/><E109/><V13/><F13/><W54/><G111/><T76/><D76/><U5/><E121/><V133/><F27/><W80/><G22/><T69/><D69/><U120/><E120/><V11/><F79/><W72/><G72/><T117/><D117/><U37/><E37/><V3/><F3/><W28/><G28/><N who="0" m="10795" /><D21/><U105/><E34/><V35/><F35/><W107/><G36/><T16/><D16/><U18/><E25/><V97/><F133/><W48/><G48/><T95/><D104/><U134/><E5/><V75/><F75/><W29/><G39/><T127/><N who="0" m="47730" /><T119/><DORA hai="93" /><D119/><U47/><E47/><N who="2" m="23959" /><F62/><W23/><G60/><T82/><D82/><U68/><REACH who="1" step="1"/><E134/><REACH who="1" ten="153,160,370,297" step="2"/><V52/><F41/><W64/><G116/><T9/><D9/><AGARI ba="2,2" hai="9,12,18,43,46,50,58,59,61,66,68,99,103,105" machi="9" ten="30,8000,1" yaku="1,1,2,1,7,1,52,2,53,0" doraHai="7,93" doraHaiUra="88,110" who="1" fromWho="0" sc="153,-86,160,106,370,0,297,0" /><INIT seed="3,0,0,5,3,41" ten="67,266,370,297" oya="3" hai0="108,132,2,30,37,102,38,52,15,33,40,103,88" hai1="90,1,23,44,13,124,59,21,49,54,9,79,12" hai2="93,26,84,112,133,69,81,62,10,135,46,131,22" hai3="18,82,28,58,64,114,53,105,55,122,19,6,130"/><W92/><G105/><T121/><D2/><U32/><E124/><V78/><F112/><W128/><G114/><T11/><D121/><U111/><E111/><V66/><F131/><N who="3" m="50219" /><G122/><T3/><D3/><U107/><E32/><V71/><F71/><W63/><G28/><T129/><D108/><U36/><E107/><V45/><F10/><W119/><G119/><T31/><D129/><U7/><E79/><V125/><F93/><W47/><G6/><T20/><D33/><U110/><E110/><V56/><F69/><W42/><G92/><T43/><D132/><N who="2" m="50762" /><F125/><W68/><G82/><T85/><D38/><U127/><E127/><V123/><F123/><W113/><G113/><T16/><D52/><N who="3" m="20041" /><G68/><T51/><D37/><AGARI ba="0,0" hai="18,19,37,42,47,58,63,64" m="20041,50219" machi="37" ten="30,5800,0" yaku="19,1,52,1,54,1" doraHai="41" who="3" fromWho="0" sc="67,-58,266,0,370,0,297,58" /><INIT seed="3,1,0,3,5,15" ten="9,266,370,355" oya="3" hai0="43,72,107,5,98,62,13,4,22,105,127,23,89" hai1="33,24,36,87,129,101,47,53,60,73,119,84,94" hai2="20,54,103,58,44,104,111,38,1,75,45,126,30" hai3="131,63,114,76,113,49,120,102,88,130,97,35,59"/><W50/><G35/><T96/><D72/><U31/><E129/><N who="3" m="49162" /><G76/><T99/><D127/><U14/><E119/><V8/><F75/><W67/><G120/><T93/><D43/><U56/><E73/><V2/><F126/><W61/><G63/><T108/><D108/><U71/><E71/><V128/><F111/><W133/><G133/><T112/><D112/><N who="3" m="43113" /><G88/><T117/><D117/><U6/><E101/><V134/><F134/><W40/><G40/><T85/><D107/><AGARI ba="1,0" hai="49,50,59,61,67,97,102,107" m="43113,49162" machi="107" ten="30,1500,0" yaku="19,1" doraHai="15" who="3" fromWho="0" sc="9,-18,266,0,370,0,355,18" owari="-9,-50.9,266,-13.4,370,17.0,373,47.3" /></mjloggm>