<mjloggm ver="2.3"><GO type="169" lobby="0"/><UN n0="%E3%81%9F%E3%81%91%E3%81%B4%E3%83%BC%40%55%4E%50" n1="%50%73%79%63%68%65" n2="%E3%82%A8%E3%82%B9%E3%82%B1%E3%83%BC%2E" n3="%E3%81%9F%E3%81%8F%E3%81%98%E3%82%8D%E3%81%86" dan="16,16,17,19" rate="2098.64,2154.20,2201.12,2362.87" sx="M,M,M,M"/><TAIKYOKU oya="0"/><INIT seed="0,0,0,4,0,89" ten="250,250,250,250" oya="0" hai0="69,100,53,41,48,99,107,4,17,122,46,27,58" hai1="93,56,42,1,12,101,110,18,127,104,119,83,36" hai2="86,131,15,62,116,61,3,103,2,112,90,16,77" hai3="124,92,21,126,117,121,72,19,37,76,84,20,87"/><T81/><D122/><U44/><E119/><V82/><F112/><W96/><G117/><T78/><D69/><U6/><E110/><V106/><F116/><W13/><G37/><T74/><D4/><U0/><E104/><V22/><F131/><W132/><G132/><T31/><D17/><U75/><E6/><V14/><F106/><W109/><G109/><T65/><D65/><U34/><E34/><V60/><F103/><W43/><G43/><T32/><REACH who="0" step="1"/><D41/><REACH who="0" ten="240,250,250,250" step="2"/><U9/><E42/><V67/><F67/><W5/><G5/><T49/><D49/><U91/><E18/><V134/><F134/><W102/><G121/><T118/><D118/><U55/><E36/><V135/><F135/><W129/><G129/><T123/><D123/><U111/><E111/><V28/><F28/><W98/><G19/><T47/><AGARI ba="0,1" hai="27,31,32,46,47,48,53,58,74,78,81,99,100,107" machi="47" ten="30,6000,0" yaku="1,1,0,1,53,1" doraHai="89" doraHaiUra="23" who="0" fromWho="0" sc="240,70,250,-20,250,-20,250,-20" /><INIT seed="0,1,0,1,4,70" ten="310,230,230,230" oya="0" hai0="13,12,108,116,89,4,71,96,45,26,58,80,119" hai1="121,23,43,65,85,133,91,124,79,33,126,101,32" hai2="73,129,67,105,48,8,22,117,53,88,54,16,14" hai3="41,49,93,51,112,27,21,99,77,118,62,46,30"/><T10/><D71/><U24/><E121/><V113/><F113/><W109/><G109/><T15/><D108/><U95/><E133/><V47/><F73/><W74/><G112/><T18/><D58/><U60/><E79/><V135/><F105/><W128/><G128/><T102/><D26/><U61/><E101/><V5/><F135/><W111/><G118/><T17/><D45/><U9/><E9/><V106/><F106/><W132/><G132/><T81/><D116/><U123/><E43/><V59/><F129/><W39/><G111/><T29/><D29/><U68/><E61/><N who="2" m="38335" /><F117/><W76/><G62/><T36/><D36/><U122/><E122/><V50/><F50/><W6/><G6/><T11/><D89/><U44/><E44/><V75/><F75/><W28/><G28/><T114/><D114/><U100/><E100/><V130/><F130/><W104/><G104/><T2/><D119/><U120/><E120/><V19/><F53/><W127/><G127/><N who="1" m="48682" /><E123/><V64/><F64/><W115/><G115/><T35/><D35/><U56/><E68/><V72/><F72/><W92/><G74/><T52/><D52/><U34/><E34/><V83/><F22/><W66/><G66/><T125/><D125/><U78/><E78/><V107/><F107/><W63/><G77/><T131/><D131/><U40/><E40/><V103/><F103/><W38/><G76/><T55/><D55/><U57/><E57/><V42/><F42/><W82/><G41/><T134/><D134/><U31/><AGARI ba="1,0" hai="23,24,31,32,33,56,60,65,85,91,95" m="48682" machi="31" ten="30,1100,0" yaku="18,1" doraHai="70" who="1" fromWho="1" sc="310,-6,230,14,230,-4,230,-4" /><INIT seed="1,0,0,4,2,111" ten="304,244,226,226" oya="1" hai0="50,5,119,51,66,22,123,130,120,126,47,100,81" hai1="80,135,12,42,131,96,74,98,18,31,26,52,122" hai2="83,20,76,15,125,116,2,90,129,87,55,1,77" hai3="33,69,94,39,112,35,79,62,53,54,43,3,71"/><U103/><E122/><N who="0" m="46633" /><D100/><U101/><E42/><V99/><F116/><W105/><G105/><T11/><D119/><U14/><E135/><V92/><F125/><W73/><G3/><T41/><D126/><U21/><E131/><V57/><F129/><W75/><G94/><T49/><D130/><U72/><E14/><V97/><F1/><W128/><G128/><T13/><D66/><U89/><E103/><V86/><F2/><W133/><G62/><T108/><D108/><U27/><E27/><V58/><F58/><W45/><G79/><T36/><D22/><U59/><E89/><V115/><F115/><W68/><G133/><T134/><D134/><U91/><E91/><V7/><F76/><W29/><G29/><T44/><D81/><U121/><E80/><V102/><F102/><W132/><G132/><T16/><D5/><U24/><E24/><V56/><F56/><W61/><G61/><T70/><D70/><U9/><E121/><V110/><F110/><W60/><G60/><T37/><D37/><U114/><E114/><V78/><F78/><W82/><G82/><T67/><D67/><U25/><E25/><V124/><F124/><W0/><G0/><T8/><D8/><U6/><E6/><V95/><F95/><W113/><G113/><T93/><D93/><N who="1" m="58575" /><E96/><V48/><F7/><W17/><G112/><T40/><AGARI ba="0,0" hai="11,13,16,36,40,41,44,47,49,50,51" m="46633" machi="40" ten="30,2000,0" yaku="13,1,54,1" doraHai="111" who="0" fromWho="0" sc="304,20,244,-10,226,-5,226,-5" /><INIT seed="2,0,0,0,4,73" ten="324,234,221,221" oya="2" hai0="61,41,54,20,15,127,0,9,29,57,34,134,40" hai1="99,85,26,76,3,113,125,74,101,72,114,6,18" hai2="128,105,120,17,121,91,19,107,33,11,100,71,39" hai3="92,129,83,82,87,98,52,43,23,70,110,53,93"/><V81/><F39/><W59/><G70/><T42/><D134/><U112/><E3/><V50/><F71/><W124/><G110/><T95/><D127/><U80/><E6/><V32/><F128/><W48/><G124/><T31/><D34/><U69/><E69/><V5/><F100/><W94/><G43/><T25/><D0/><U10/><E125/><V75/><F50/><W38/><G38/><T35/><D35/><U63/><E63/><V102/><F102/><W44/><G129/><T37/><D95/><U68/><E68/><V36/><F36/><W56/><G98/><T108/><D108/><U126/><E126/><V104/><F32/><W132/><G132/><T116/><D116/><U55/><E55/><V78/><F33/><W131/><G131/><T106/><D106/><U117/><E117/><V84/><F120/><W60/><G87/><T2/><D2/><U22/><REACH who="1" step="1"/><E10/><REACH who="1" ten="324,224,221,221" step="2"/><V89/><F121/><W122/><G122/><T46/><REACH who="0" step="1"/><D29/><REACH who="0" ten="314,224,221,221" step="2"/><U77/><E77/><V14/><REACH who="2" step="1"/><F89/><REACH who="2" ten="314,224,211,221" step="2"/><W49/><REACH who="3" step="1"/><G23/><REACH who="3" ten="314,224,211,211" step="2"/><RYUUKYOKU type="reach4" ba="0,4" sc="314,0,224,0,211,0,211,0" hai0="9,15,20,25,31,37,40,41,42,46,54,57,61" hai1="18,22,26,72,74,76,80,85,99,101,112,113,114" hai2="5,11,14,17,19,75,78,81,84,91,104,105,107" hai3="44,48,49,52,53,56,59,60,82,83,92,93,94" /><INIT seed="2,1,4,5,4,99" ten="314,224,211,211" oya="2" hai0="78,26,104,24,55,92,87,76,90,12,7,46,107" hai1="67,133,19,111,121,13,130,1,102,28,25,42,57" hai2="61,10,23,128,79,81,83,71,96,117,37,103,119" hai3="91,113,27,101,34,110,93,72,97,39,108,49,127"/><V65/><F37/><W17/><G39/><T11/><D104/><U123/><E1/><V82/><F128/><W43/><G72/><T126/><D107/><U22/><E130/><V120/><F120/><N who="1" m="46153" /><E111/><N who="3" m="42538" /><G127/><T45/><D126/><U44/><E133/><V2/><F79/><N who="0" m="30250" /><D55/><U98/><E57/><V31/><F31/><N who="3" m="19839" /><G17/><T100/><D100/><U73/><E67/><V4/><REACH who="2" step="1"/><F23/><REACH who="2" ten="314,224,201,211" step="2"/><W60/><G113/><T109/><D109/><U54/><E28/><V56/><F56/><W50/><G43/><T16/><D26/><U75/><E25/><V77/><F77/><W74/><G74/><T116/><D116/><U131/><E131/><V69/><F69/><W15/><G15/><N who="0" m="5631" /><D24/><U62/><E42/><V29/><F29/><W58/><G91/><T63/><D63/><U106/><E62/><V30/><F30/><W33/><G33/><T0/><D0/><U114/><E114/><V35/><F35/><W118/><G118/><T89/><D90/><U20/><E20/><AGARI ba="1,5" hai="12,16,20,45,46,87,89,92" m="5631,30250" machi="20" ten="30,2000,0" yaku="8,1,54,1" doraHai="99" who="0" fromWho="1" sc="314,73,224,-23,201,0,211,0" /><INIT seed="3,0,0,5,1,48" ten="387,201,201,211" oya="3" hai0="78,132,95,15,89,28,86,68,26,5,31,108,104" hai1="121,32,44,3,98,106,45,77,70,59,94,116,128" hai2="37,8,111,10,19,93,134,24,129,76,51,17,73" hai3="46,22,66,12,71,72,83,130,135,49,96,69,42"/><W97/><G135/><T2/><D68/><U113/><E70/><V40/><F37/><W126/><G126/><T102/><D2/><U55/><E106/><V125/><F134/><W58/><G130/><T92/><D132/><U43/><E32/><V74/><F129/><W41/><G41/><T4/><D104/><U81/><E3/><V90/><F111/><W16/><G71/><T11/><D108/><U54/><E121/><V47/><F125/><W114/><G114/><T50/><D78/><U122/><E122/><V110/><F110/><W20/><G69/><T1/><D1/><U27/><E116/><V18/><F24/><W117/><G117/><T30/><D5/><U14/><E27/><V87/><REACH who="2" step="1"/><F76/><REACH who="2" ten="387,201,191,211" step="2"/><W124/><G124/><T67/><D26/><U63/><E128/><V131/><F131/><W75/><G75/><AGARI ba="0,1" hai="8,10,17,18,19,40,47,51,73,74,75,87,90,93" machi="75" ten="40,1300,0" yaku="1,1,53,0" doraHai="48" doraHaiUra="133" who="2" fromWho="3" sc="387,0,201,0,191,23,211,-13" /><INIT seed="4,0,0,4,2,126" ten="387,201,214,198" oya="0" hai0="108,13,52,96,50,109,76,34,58,47,73,48,27" hai1="103,90,60,29,54,78,77,87,38,1,118,88,30" hai2="45,3,4,127,115,79,39,72,116,43,67,21,49" hai3="114,59,8,117,53,37,93,125,119,41,24,129,7"/><T42/><D13/><U81/><E118/><V55/><F116/><W80/><G125/><T22/><D34/><U28/><E38/><V15/><F127/><W19/><G114/><T17/><REACH who="0" step="1"/><D96/><REACH who="0" ten="377,201,214,198" step="2"/><U74/><E1/><V91/><F15/><W51/><G119/><T107/><D107/><U92/><E103/><V121/><F115/><W66/><G117/><T95/><D95/><U62/><E74/><V111/><F72/><W120/><G93/><T83/><AGARI ba="0,1" hai="17,22,27,42,47,48,50,52,58,73,76,83,108,109" machi="83" ten="30,6000,0" yaku="1,1,0,1,54,1,53,0" doraHai="126" doraHaiUra="86" who="0" fromWho="0" sc="377,70,201,-20,214,-20,198,-20" /><INIT seed="4,1,0,4,0,42" ten="447,181,194,178" oya="0" hai0="35,100,82,31,55,1,121,15,79,47,48,110,120" hai1="28,52,135,91,54,81,24,78,80,114,2,22,9" hai2="70,90,25,64,77,99,40,63,53,8,21,85,11" hai3="93,124,19,76,62,97,41,131,34,130,119,7,107"/><T58/><D1/><U14/><E135/><V66/><F66/><W87/><G119/><T33/><D110/><U95/><E2/><V39/><F77/><W44/><G34/><T50/><D100/><U88/><E114/><V133/><F133/><W127/><G7/><T123/><D15/><U96/><E91/><V86/><F99/><W106/><G62/><T126/><D126/><N who="3" m="48169" /><G19/><T56/><D31/><U20/><E20/><V103/><F103/><N who="3" m="60847" /><G44/><T132/><D132/><U26/><E26/><V23/><F23/><W115/><G41/><T36/><D36/><U94/><E94/><V6/><F53/><N who="1" m="20585" /><E78/><V29/><F11/><W72/><G72/><T5/><D5/><AGARI ba="1,0" hai="5,9,14,22,24,28,80,81,88,95,96" m="20585" machi="5" ten="30,3900,0" yaku="8,1,54,2" doraHai="42" who="1" fromWho="0" sc="447,-42,181,42,194,0,178,0" /><INIT seed="5,0,0,4,1,94" ten="405,223,194,178" oya="1" hai0="126,41,114,134,103,127,20,83,125,84,82,108,72" hai1="95,52,48,17,30,61,71,32,88,131,27,92,77" hai2="79,74,36,46,76,0,97,69,26,85,7,3,11" hai3="18,117,35,86,100,28,81,34,14,64,120,1,101"/><U132/><E132/><V89/><F69/><W31/><G120/><T9/><D108/><U91/><E131/><V56/><F0/><W116/><G64/><T62/><D134/><U122/><E122/><V2/><F2/><W90/><G1/><T45/><D114/><U105/><E105/><V98/><F56/><W23/><G31/><T57/><D9/><U123/><E77/><V24/><F24/><N who="3" m="18695" /><G35/><T135/><D135/><U38/><E38/><V70/><F76/><W42/><G42/><T49/><D72/><U5/><E5/><V37/><F37/><W43/><G43/><T33/><D33/><U53/><E17/><V58/><F58/><W80/><G81/><T47/><D103/><U63/><E123/><V129/><F70/><W112/><G112/><T75/><D75/><U15/><E15/><V133/><F26/><W99/><G99/><T51/><D20/><U113/><E113/><V106/><F129/><W128/><G128/><T66/><D84/><U55/><E48/><V65/><F65/><W73/><G73/><T119/><D119/><AGARI ba="0,0" hai="14,18,23,80,86,90,100,101,116,117,119" m="18695" machi="119" ten="30,1000,0" yaku="12,1" doraHai="94" who="3" fromWho="0" sc="405,-10,223,0,194,0,178,10" /><INIT seed="6,0,0,3,1,81" ten="395,223,194,188" oya="2" hai0="130,121,68,101,85,15,103,11,3,16,49,75,54" hai1="55,23,84,69,20,72,46,71,110,79,109,113,19" hai2="0,67,1,37,50,36,98,123,132,33,62,52,122" hai3="86,126,93,53,119,9,124,66,14,57,74,22,127"/><V111/><F33/><W30/><G119/><T82/><D68/><U31/><E72/><V42/><F132/><W12/><G74/><T59/><D75/><U99/><E71/><V83/><F111/><W135/><G66/><T34/><D121/><U63/><E69/><V112/><F112/><W40/><G40/><T102/><D34/><U120/><E113/><V38/><F42/><W106/><G106/><T87/><D130/><U7/><E7/><V128/><F128/><W21/><G135/><T43/><D3/><U2/><E2/><V94/><F83/><W25/><G22/><T61/><D82/><U88/><E79/><V4/><F0/><W26/><G25/><T28/><D28/><U56/><E99/><V27/><F27/><W5/><G14/><T105/><D105/><U129/><E120/><V133/><F133/><W10/><G10/><T35/><D35/><U131/><E131/><V17/><F17/><W6/><G6/><T96/><D96/><U76/><E76/><V13/><F13/><W108/><G108/><T58/><D43/><U32/><E32/><V117/><F117/><W104/><G104/><T78/><D78/><U70/><E129/><V39/><N who="2" m="9216" /><DORA hai="125" /><V29/><F29/><W73/><G73/><T114/><D114/><U80/><E31/><V97/><F4/><W134/><G134/><T90/><D90/><U91/><E91/><N who="2" m="55519" /><F1/><W60/><G93/><T65/><AGARI ba="0,0" hai="11,15,16,49,54,58,59,61,65,85,87,101,102,103" machi="65" ten="30,8000,1" yaku="0,1,8,1,52,2,54,1" doraHai="81,125" who="0" fromWho="0" sc="395,80,223,-20,194,-40,188,-20" /><INIT seed="7,0,0,2,2,90" ten="475,203,154,168" oya="3" hai0="15,17,30,21,101,108,120,85,79,129,98,26,37" hai1="41,35,62,77,126,44,118,56,4,50,113,132,46" hai2="39,61,48,134,43,60,49,105,67,107,16,119,3" hai3="32,0,114,99,93,53,38,63,78,72,9,2,87"/><W66/><G38/><T117/><D108/><U54/><E35/><V106/><F119/><W59/><G32/><T80/><D120/><U6/><E118/><V12/><F3/><W36/><G36/><T70/><D70/><U81/><E113/><V5/><F5/><W102/><G114/><T83/><D129/><U24/><E132/><V74/><F74/><W27/><G9/><T86/><D117/><U131/><E131/><V18/><F134/><W45/><G72/><T96/><D101/><U52/><E24/><V71/><F60/><W1/><G27/><T110/><D110/><U111/><E126/><V82/><F82/><W14/><G14/><T10/><D37/><U55/><E111/><V100/><F100/><W91/><G78/><AGARI ba="0,0" hai="10,15,17,21,26,30,78,79,80,83,85,86,96,98" machi="78" ten="30,3900,0" yaku="7,1,9,1,8,1" doraHai="90" who="0" fromWho="3" sc="475,39,203,0,154,0,168,-39" owari="514,61.4,203,0.3,154,-24.6,129,-37.1" /></mjloggm>