<mjloggm ver="2.3"><GO type="169" lobby="0"/><UN n0="%63%68%69%73%73" n1="%E3%81%9F%E3%81%BE%E5%AD%90" n2="%4F%77%4B" n3="%70%65%6E%74%6F%6C%61" dan="17,17,17,18" rate="2191.45,2257.82,2186.20,2221.67" sx="M,M,M,M"/><TAIKYOKU oya="0"/><INIT seed="0,0,0,1,1,115" ten="250,250,250,250" oya="0" hai0="134,5,72,106,96,44,88,47,101,76,132,124,41" hai1="81,48,99,111,51,11,123,53,112,16,23,127,13" hai2="18,114,26,54,52,66,19,3,1,90,43,85,91" hai3="28,40,83,97,39,117,128,46,133,50,108,49,45"/><T84/><D5/><U8/><E111/><V121/><F114/><W59/><G108/><T10/><D10/><U95/><E127/><V6/><F121/><W67/><G28/><T15/><D15/><U25/><E123/><V12/><F66/><W68/><G83/><N who="0" m="45447" /><D41/><U122/><E122/><V77/><F43/><W119/><G97/><T79/><D47/><U71/><E71/><V31/><F77/><W131/><G133/><N who="0" m="51307" /><D44/><U37/><E37/><V34/><F91/><W116/><G68/><T62/><D62/><U93/><E112/><V56/><F6/><W35/><G35/><T103/><D124/><U109/><E81/><V118/><F54/><N who="3" m="32207" /><G67/><T61/><D61/><U126/><E126/><V55/><F55/><AGARI ba="0,0" hai="39,40,45,46,50,55,116,117,119,128,131" m="32207" machi="55" ten="30,8000,1" yaku="34,2,52,3" doraHai="115" who="3" fromWho="2" sc="250,0,250,0,250,-80,250,80" /><INIT seed="1,0,0,3,4,10" ten="250,250,170,330" oya="1" hai0="44,69,22,29,106,53,49,115,121,23,7,61,67" hai1="77,24,134,15,3,79,87,96,111,14,64,102,81" hai2="60,62,45,119,80,123,97,31,108,39,16,34,83" hai3="27,124,30,91,100,1,20,130,25,127,72,48,109"/><U99/><E3/><V94/><F119/><W128/><G72/><T118/><D115/><U84/><E134/><V58/><F123/><W52/><G1/><T86/><D121/><U51/><E111/><V65/><F108/><W120/><G100/><T98/><D118/><U113/><E113/><V73/><F73/><W107/><G107/><T4/><D86/><U37/><E37/><V21/><F31/><W103/><G103/><T9/><D106/><U129/><E129/><N who="3" m="49770" /><G109/><T0/><D98/><N who="1" m="37419" /><E102/><V101/><F34/><W55/><G120/><T132/><D132/><U12/><E64/><V35/><F35/><N who="3" m="20943" /><G91/><T95/><D29/><U28/><E51/><V74/><F74/><W40/><G40/><T131/><D131/><U90/><E87/><V13/><REACH who="2" step="1"/><F60/><REACH who="2" ten="250,250,160,330" step="2"/><W63/><G63/><T93/><D61/><U68/><E68/><V57/><F57/><W116/><G116/><T82/><D69/><U105/><E105/><V71/><F71/><W42/><G127/><T41/><D44/><U46/><E46/><V32/><F32/><W66/><G124/><T11/><D0/><U54/><E54/><V6/><F6/><W47/><G66/><T38/><D67/><U19/><E28/><AGARI ba="0,1" hai="20,27,28,42,47,48,52,55" m="20943,49770" machi="28" ten="30,2000,0" yaku="19,1,54,1" doraHai="10" who="3" fromWho="1" sc="250,0,250,-20,160,0,330,30" /><INIT seed="2,0,0,5,1,63" ten="250,230,160,360" oya="2" hai0="79,125,26,77,64,58,51,106,62,2,60,57,4" hai1="18,53,85,49,56,61,70,1,93,44,128,7,134" hai2="89,11,19,123,21,36,3,9,71,55,107,12,74" hai3="104,92,15,34,46,67,6,39,91,20,14,117,52"/><V40/><F123/><W105/><G34/><T126/><D106/><U111/><E111/><V120/><F120/><W109/><G117/><T122/><D122/><U17/><E128/><V131/><F107/><W124/><G124/><T98/><D98/><U113/><E113/><V84/><F131/><W97/><G109/><T27/><D51/><U95/><E134/><V132/><F132/><W28/><G39/><T41/><D41/><U65/><E7/><V82/><F71/><W35/><G35/><T5/><REACH who="0" step="1"/><D2/><REACH who="0" ten="240,230,160,360" step="2"/><U133/><E1/><V13/><F3/><W130/><G105/><T114/><D114/><U42/><E133/><V110/><F40/><W119/><G104/><T103/><D103/><U23/><E85/><V45/><F110/><W0/><G0/><T88/><D88/><U90/><E90/><V101/><F101/><W68/><G130/><T118/><D118/><U78/><E78/><V83/><F89/><W59/><G119/><T48/><D48/><U22/><E95/><V121/><F84/><W76/><G91/><T115/><D115/><U75/><E93/><V8/><F121/><W24/><G92/><T66/><AGARI ba="0,1" hai="4,5,26,27,57,58,60,62,64,66,77,79,125,126" machi="66" ten="25,12000,2" yaku="1,1,0,1,22,2,52,2,53,0" doraHai="63" doraHaiUra="81" who="0" fromWho="0" sc="240,130,230,-30,160,-60,360,-30" /><INIT seed="3,0,0,1,3,18" ten="370,200,100,330" oya="3" hai0="90,45,78,87,42,67,98,107,47,6,122,118,10" hai1="132,133,129,83,2,8,126,37,92,131,97,119,117" hai2="109,77,66,16,49,23,54,46,89,51,115,93,74" hai3="61,82,76,29,28,68,7,86,3,40,52,120,48"/><W39/><G120/><T125/><D118/><N who="1" m="45067" /><E2/><V94/><F109/><W32/><G39/><T63/><D122/><U53/><E8/><V4/><F115/><W73/><G73/><T112/><D125/><U44/><E53/><V121/><F121/><W60/><G40/><T24/><D112/><U130/><E44/><V108/><F108/><W106/><G106/><T9/><D9/><U56/><E56/><V65/><F4/><W38/><G38/><T116/><D45/><U102/><E37/><V57/><F77/><W91/><G76/><T64/><D116/><U71/><E71/><V105/><F105/><W127/><G127/><T31/><D42/><U11/><E11/><V35/><F74/><W135/><G7/><T58/><D47/><U113/><E113/><V79/><F79/><W95/><G3/><T124/><D67/><N who="2" m="25610" /><F89/><W84/><G68/><T88/><D124/><U36/><E36/><V123/><F35/><W22/><G32/><T69/><D58/><U1/><E1/><V41/><F123/><W21/><G61/><T25/><D6/><U70/><E70/><V128/><F128/><W15/><G60/><T50/><D63/><U43/><E126/><V5/><F5/><W13/><G48/><T100/><D50/><U55/><E43/><V103/><F103/><W110/><G52/><T85/><D100/><U26/><E55/><V111/><F111/><W101/><G110/><T59/><D64/><U33/><E83/><V72/><F72/><W75/><G75/><T27/><D69/><U104/><E104/><V96/><F96/><W12/><G82/><RYUUKYOKU ba="0,0" sc="370,-15,200,15,100,15,330,-15" hai1="26,33,92,97,102,129,130,131,132,133" hai2="16,23,41,46,49,51,54,57,93,94" /><INIT seed="4,1,0,4,1,100" ten="355,215,115,315" oya="0" hai0="69,60,6,115,102,44,21,66,74,33,129,52,23" hai1="62,42,118,14,87,1,107,77,89,34,71,48,135" hai2="82,110,9,26,95,40,12,111,103,91,18,75,128" hai3="25,126,51,132,53,104,0,134,56,59,29,24,83"/><T49/><D115/><U90/><E1/><V43/><F128/><W67/><G0/><T86/><D74/><U99/><E118/><V101/><F111/><W17/><G126/><T58/><D129/><U96/><E34/><V125/><F125/><W54/><G67/><T2/><D33/><U116/><E116/><V88/><F110/><W27/><G83/><T92/><D2/><U65/><E77/><V68/><F68/><W5/><G5/><T122/><D6/><U108/><E108/><V45/><F26/><W22/><G104/><T98/><D122/><U31/><E31/><V37/><F43/><W117/><G117/><T76/><D76/><U20/><E135/><N who="3" m="51754" /><G29/><T97/><D86/><U19/><E90/><V15/><F15/><W123/><G123/><T105/><REACH who="0" step="1"/><D69/><REACH who="0" ten="345,215,115,315" step="2"/><U61/><E87/><V28/><F75/><W35/><G35/><T79/><D79/><U120/><E120/><V63/><F82/><W46/><G59/><T112/><D112/><U50/><E71/><V30/><F45/><W93/><G56/><T13/><D13/><U36/><E14/><V39/><F12/><W85/><G27/><T32/><D32/><U55/><E19/><V94/><F18/><W130/><G25/><T124/><D124/><U11/><E20/><V80/><F30/><W8/><G130/><T41/><D41/><U78/><E42/><V106/><F28/><W70/><G70/><T10/><D10/><U127/><E11/><V4/><F40/><N who="3" m="25031" /><G8/><T84/><D84/><U113/><E127/><V133/><F9/><W16/><G17/><T81/><D81/><RYUUKYOKU ba="1,1" sc="345,15,215,-15,115,-15,315,15" hai0="21,23,44,49,52,58,60,66,92,97,98,102,105" hai3="16,22,24,53,54,85,93" /><INIT seed="4,2,1,4,5,32" ten="360,200,100,330" oya="0" hai0="38,75,67,105,58,51,85,88,95,24,96,57,18" hai1="1,56,46,49,55,27,43,90,120,44,116,11,64" hai2="13,126,42,33,98,121,78,118,68,50,124,86,28" hai3="109,135,23,40,107,3,0,72,91,119,104,45,76"/><T130/><D130/><U81/><E116/><V80/><F121/><W53/><G53/><T82/><D38/><U83/><E120/><V15/><F68/><W41/><G23/><T131/><D131/><U65/><E27/><N who="2" m="18591" /><F118/><W63/><G91/><T66/><D75/><U17/><E46/><N who="2" m="25943" /><F98/><W123/><G123/><T12/><D105/><N who="3" m="40521" /><G63/><T39/><D39/><U117/><E117/><V97/><F97/><W77/><G119/><T30/><D51/><U128/><E128/><V69/><F69/><W108/><G135/><T16/><D30/><U92/><E1/><N who="3" m="586" /><G45/><T133/><D133/><U71/><E71/><V106/><F106/><W4/><G4/><T87/><D24/><U132/><E132/><V52/><F52/><W99/><G99/><T14/><D96/><N who="1" m="57367" /><E65/><N who="0" m="24585" /><D57/><U74/><E64/><V26/><F26/><W2/><G2/><T8/><D58/><U94/><E56/><V125/><AGARI ba="2,1" hai="13,15,78,80,86,124,125,126" m="25943,18591" machi="125" ten="30,1100,0" yaku="18,1" doraHai="32" who="2" fromWho="2" sc="360,-7,200,-5,100,27,330,-5" /><INIT seed="5,0,0,2,2,133" ten="353,195,127,325" oya="1" hai0="18,60,89,15,65,11,38,30,75,51,43,59,5" hai1="6,33,134,7,1,104,19,58,22,66,102,124,29" hai2="77,118,2,116,0,129,52,91,109,56,41,36,10" hai3="125,87,121,82,92,98,27,73,50,31,47,126,127"/><U97/><E134/><V35/><F109/><W132/><G132/><T17/><D38/><U40/><E40/><V110/><F110/><W101/><G121/><T72/><D30/><U21/><E1/><V32/><F77/><W55/><G73/><T78/><D72/><U39/><E39/><V16/><F36/><W128/><G128/><T71/><D75/><U84/><E33/><V69/><F41/><W94/><G94/><T90/><D78/><U99/><E99/><V130/><F69/><W79/><REACH who="3" step="1"/><G125/><REACH who="3" ten="353,195,127,315" step="2"/><T83/><D71/><U28/><E124/><V113/><F129/><W95/><G95/><T114/><D114/><U86/><E104/><V70/><F113/><W63/><G63/><T34/><D83/><U80/><E80/><V42/><F130/><W85/><G85/><T20/><D34/><AGARI ba="0,1" hai="27,31,34,47,50,55,79,82,87,92,98,101,126,127" machi="34" ten="40,5200,0" yaku="1,1,52,2,53,0" doraHai="133" doraHaiUra="108" who="3" fromWho="0" sc="353,-52,195,0,127,0,315,62" /><INIT seed="6,0,0,4,3,122" ten="301,195,127,377" oya="2" hai0="15,120,50,113,58,84,129,35,3,56,78,115,21" hai1="30,11,106,4,31,47,74,46,20,52,26,23,37" hai2="1,13,57,39,25,51,69,112,76,72,10,22,2" hai3="29,19,16,85,33,38,18,101,131,93,87,8,73"/><V89/><F39/><W92/><G38/><T108/><D3/><U5/><E106/><V100/><F69/><W130/><G73/><T62/><D35/><U97/><E74/><V53/><F112/><N who="0" m="43082" /><D120/><U61/><E37/><V68/><F68/><W96/><G29/><T135/><D135/><U118/><E97/><V104/><F89/><W82/><G33/><T32/><D32/><U126/><E126/><V17/><F100/><W109/><G109/><T107/><D107/><U7/><E11/><V105/><F105/><W64/><G64/><T60/><D129/><N who="3" m="49161" /><G8/><T110/><D50/><U123/><E118/><V116/><F104/><N who="3" m="63527" /><G87/><T83/><D21/><U66/><E66/><V59/><F116/><W88/><AGARI ba="0,0" hai="16,18,19,82,85,88,92,93" m="63527,49161" machi="88" ten="30,4000,0" yaku="19,1,54,2" doraHai="122" who="3" fromWho="3" sc="301,-10,195,-10,127,-20,377,40" /><INIT seed="7,0,0,3,0,26" ten="291,185,107,417" oya="3" hai0="89,76,127,33,74,125,69,54,6,99,2,45,112" hai1="132,34,22,107,126,55,44,108,1,3,133,113,12" hai2="36,60,130,29,13,77,93,15,32,86,116,37,46" hai3="66,56,25,30,18,98,120,135,91,58,53,59,21"/><W4/><G120/><T82/><D33/><U123/><E55/><V65/><F130/><W96/><G4/><T28/><D69/><U48/><E48/><V47/><F116/><W122/><G122/><T16/><D54/><U7/><E44/><V83/><F46/><W10/><G135/><T97/><D45/><U24/><E107/><V71/><F93/><W20/><G10/><T51/><D51/><U105/><E105/><V115/><F115/><W119/><G119/><T78/><D6/><U102/><E102/><V42/><REACH who="2" step="1"/><F37/><REACH who="2" ten="291,185,97,417" step="2"/><W104/><G104/><T19/><D112/><U50/><E113/><V14/><F14/><W129/><G66/><T111/><D2/><U40/><E12/><V128/><F128/><W64/><G64/><T72/><D82/><U114/><E1/><V35/><F35/><W23/><G129/><T90/><D111/><U124/><E108/><V43/><F43/><W84/><G53/><T62/><REACH who="0" step="1"/><D62/><REACH who="0" ten="281,185,97,417" step="2"/><U52/><E3/><V88/><F88/><W38/><G91/><T0/><D0/><U100/><E114/><V94/><F94/><W106/><G106/><T57/><D57/><U118/><E118/><V8/><F8/><W85/><G59/><T92/><D92/><U39/><E39/><V49/><F49/><W121/><G38/><T5/><D5/><U61/><E7/><V87/><F87/><W101/><G58/><T27/><D27/><AGARI ba="0,2" hai="13,15,27,29,32,36,42,47,60,65,71,77,83,86" machi="27" ten="40,5200,0" yaku="1,1,52,1,53,1" doraHai="26" doraHaiUra="41" who="2" fromWho="0" sc="281,-52,185,0,97,72,417,0" owari="229,2.9,185,-21.5,169,-33.1,417,51.7" /></mjloggm>