<mjloggm ver="2.3"><GO type="169" lobby="0"/><UN n0="%61%79%61%70%69%6E" n1="%E3%81%AA%E3%81%AA%E3%81%BF%EF%BC%A0%E5%8F%B2%E7%9A%AE%E8%BB%8D%E5%9B%A3" n2="%E4%B8%80%E7%95%AA%E3%81%84%E3%81%A1%E3%81%B0%E3%82%93" n3="%E3%81%97%E3%82%93%E3%81%A1%E3%82%83%E3%82%93%E3%80%82" dan="16,17,16,16" rate="2156.51,2166.18,2087.81,2019.86" sx="M,M,F,F"/><TAIKYOKU oya="0"/><INIT seed="0,0,0,3,3,111" ten="250,250,250,250" oya="0" hai0="24,127,96,5,41,75,4,30,131,101,99,49,119" hai1="9,19,132,27,102,57,85,106,90,113,43,104,87" hai2="103,2,58,81,123,53,121,45,32,12,17,114,97" hai3="133,118,68,47,21,82,25,112,28,11,54,48,83"/><T77/><D119/><U98/><E132/><V65/><F2/><W14/><G118/><T61/><D131/><U69/><E69/><V34/><F114/><W64/><G133/><T89/><D127/><U70/><E70/><V93/><F65/><W16/><REACH who="3" step="1"/><G112/><REACH who="3" ten="250,250,250,240" step="2"/><T116/><D116/><U94/><E113/><V100/><F123/><W56/><G56/><T122/><D122/><U76/><E57/><V3/><F121/><W42/><G42/><T105/><D41/><U37/><E43/><V18/><F58/><W7/><G7/><T26/><D4/><U22/><E37/><V108/><F108/><W6/><G6/><T60/><D5/><U50/><E104/><V71/><F71/><W39/><G39/><T78/><D105/><U110/><E106/><V38/><F38/><W72/><G72/><T1/><D75/><U80/><E110/><V117/><F117/><W124/><G124/><T109/><D1/><U55/><E55/><V135/><F53/><W95/><G95/><T125/><D109/><U63/><E63/><AGARI ba="0,1" hai="11,14,16,21,25,28,47,48,54,63,64,68,82,83" machi="63" ten="40,2600,0" yaku="1,1,54,1,53,0" doraHai="111" doraHaiUra="129" who="3" fromWho="1" sc="250,0,250,-26,250,0,240,36" /><INIT seed="1,0,0,3,1,61" ten="250,224,250,276" oya="1" hai0="35,82,100,135,56,40,2,111,85,7,134,51,58" hai1="55,45,97,28,72,62,37,73,128,47,36,93,88" hai2="50,25,48,70,59,90,52,32,19,8,95,46,131" hai3="96,15,102,68,112,91,34,98,103,80,122,105,5"/><U42/><E128/><V71/><F131/><W106/><G34/><T115/><D35/><U109/><E109/><V132/><F132/><N who="0" m="50730" /><D111/><U67/><E28/><V29/><F8/><W65/><G112/><T75/><D75/><U116/><E116/><V6/><F6/><W23/><G122/><T57/><D100/><U99/><E99/><V77/><F77/><W53/><G53/><T41/><D51/><U16/><E16/><V125/><F125/><W130/><G130/><T17/><D17/><U108/><E108/><V43/><REACH who="2" step="1"/><F19/><REACH who="2" ten="250,224,240,276" step="2"/><W69/><G5/><T54/><D115/><U114/><E114/><V63/><F63/><W84/><G23/><T1/><D54/><U76/><E76/><V0/><F0/><N who="0" m="106" /><D7/><U10/><E10/><V120/><F120/><W83/><G15/><T86/><D82/><U101/><E55/><V18/><F18/><W27/><G27/><T92/><D92/><U78/><E78/><V31/><F31/><W110/><G110/><T14/><D14/><U124/><E124/><V107/><F107/><W26/><G26/><T104/><D104/><U44/><E101/><V74/><F74/><W3/><G3/><T87/><AGARI ba="0,1" hai="40,41,56,57,58,85,86,87" m="106,50730" machi="87" ten="40,5200,0" yaku="28,2,20,1" doraHai="61" who="0" fromWho="0" sc="250,62,224,-26,240,-13,276,-13" /><INIT seed="2,0,0,5,2,62" ten="312,198,227,263" oya="2" hai0="13,7,119,126,77,44,0,17,124,12,63,11,118" hai1="53,39,95,83,32,132,14,67,23,42,91,98,54" hai2="96,94,84,114,19,33,71,74,8,129,92,72,50" hai3="27,101,81,69,103,31,107,79,122,78,40,28,90"/><V22/><F114/><W41/><G69/><T123/><D77/><U99/><E32/><V35/><F71/><W105/><G81/><T46/><D123/><U3/><E3/><V121/><F121/><W51/><G122/><T21/><D63/><U93/><E132/><V116/><F116/><N who="0" m="44586" /><D46/><U102/><E39/><V112/><F112/><W82/><G82/><T16/><D44/><U127/><E42/><V128/><F8/><AGARI ba="0,0" hai="0,7,8,11,12,13,16,17,21,124,126" m="44586" machi="8" ten="30,7700,0" yaku="12,1,34,2,54,1" doraHai="62" who="0" fromWho="2" sc="312,77,198,0,227,-77,263,0" /><INIT seed="3,0,0,2,0,134" ten="389,198,150,263" oya="3" hai0="106,79,66,19,42,133,105,108,3,50,103,38,16" hai1="60,96,101,76,107,57,102,86,43,37,27,12,87" hai2="17,84,124,89,131,129,127,5,114,82,110,69,73" hai3="67,24,9,8,121,109,18,85,130,31,95,36,88"/><W80/><G36/><T11/><D108/><U34/><E101/><V21/><F69/><W28/><G121/><T32/><D32/><U72/><E72/><V22/><F110/><W30/><G109/><T25/><D133/><U74/><E74/><V49/><F114/><W35/><G130/><N who="2" m="49673" /><F73/><W125/><G67/><T111/><D38/><U122/><E122/><V97/><F5/><W90/><G125/><N who="2" m="48201" /><F49/><W100/><G100/><T62/><D106/><U39/><E39/><V83/><F83/><W68/><G68/><T123/><D103/><U15/><E107/><V1/><F1/><W48/><G48/><T55/><D50/><U115/><E115/><V45/><F45/><W119/><G119/><T10/><D105/><U56/><E102/><V77/><F17/><W6/><G18/><T112/><D16/><U33/><E37/><V120/><F120/><W98/><G9/><T126/><D11/><U65/><E60/><V94/><AGARI ba="0,0" hai="21,22,77,82,84,89,94,97" m="48201,49673" machi="94" ten="40,8000,1" yaku="19,1,18,1,52,3" doraHai="134" who="2" fromWho="2" sc="389,-20,198,-20,150,80,263,-40" /><INIT seed="4,0,0,0,1,96" ten="369,178,230,223" oya="0" hai0="61,17,100,67,56,43,106,103,47,84,58,51,133" hai1="92,44,2,76,120,74,41,128,34,22,117,25,116" hai2="54,90,33,64,68,102,3,45,32,42,62,60,39" hai3="31,83,72,20,15,97,7,129,57,26,77,30,89"/><T107/><D133/><U82/><E120/><V99/><F3/><W135/><G135/><T98/><D84/><U109/><E109/><V65/><F90/><W115/><G115/><T93/><D17/><U16/><E128/><V101/><F54/><W23/><G129/><T75/><D75/><U46/><E2/><V118/><F118/><W110/><G110/><T131/><D131/><U104/><E104/><N who="2" m="63551" /><F102/><N who="0" m="38954" /><D106/><U55/><E92/><V70/><AGARI ba="0,0" hai="32,33,39,42,45,60,62,64,65,68,70" m="63551" machi="70" ten="30,4000,0" yaku="33,2,52,1" doraHai="96" who="2" fromWho="2" sc="369,-20,178,-10,230,40,223,-10" /><INIT seed="5,0,0,0,4,36" ten="349,168,270,213" oya="1" hai0="81,40,77,2,66,38,76,132,71,91,17,16,102" hai1="119,9,14,84,87,26,94,123,56,100,61,80,0" hai2="8,112,21,6,122,18,37,39,117,59,11,22,32" hai3="12,45,7,115,90,19,31,116,135,105,110,78,95"/><U127/><E119/><V30/><F117/><W27/><G110/><T53/><D2/><U108/><E123/><V55/><F122/><W103/><G116/><T49/><D132/><U92/><E108/><V131/><F131/><W99/><G135/><T43/><D102/><U4/><E127/><V48/><F112/><W124/><G124/><T34/><D38/><U44/><E26/><V5/><F32/><W126/><G115/><T50/><D66/><U134/><E134/><V118/><F30/><W13/><G126/><T113/><D71/><U96/><E44/><V72/><F72/><W60/><G78/><N who="0" m="30315" /><D34/><U98/><E80/><V89/><F118/><W62/><G7/><T42/><D50/><U1/><E0/><V129/><F129/><W74/><G45/><N who="0" m="27823" /><D113/><U10/><E1/><V88/><F48/><W3/><G74/><T24/><D24/><U52/><REACH who="1" step="1"/><E9/><REACH who="1" ten="349,158,270,213" step="2"/><V35/><F8/><W83/><G83/><T15/><D15/><U23/><E23/><V128/><F22/><W109/><G12/><T58/><D58/><U79/><E79/><V111/><F21/><N who="3" m="15855" /><G3/><T47/><D47/><U67/><E67/><V41/><F111/><W125/><G109/><T75/><D75/><U54/><E54/><V64/><F55/><W82/><G82/><T114/><D114/><U25/><E25/><V73/><F128/><W106/><G125/><T85/><AGARI ba="0,1" hai="16,17,40,42,43,81,85,91" m="27823,30315" machi="85" ten="30,8000,1" yaku="8,1,52,3,54,1" doraHai="36" who="0" fromWho="0" sc="349,90,158,-40,270,-20,213,-20" /><INIT seed="6,0,0,3,4,31" ten="439,118,250,193" oya="2" hai0="11,88,112,128,5,44,124,24,134,118,101,123,32" hai1="27,114,71,99,72,23,37,0,58,52,47,74,66" hai2="127,41,22,109,39,76,116,50,125,21,113,61,107" hai3="13,131,126,84,2,35,85,86,90,10,91,73,130"/><V78/><F113/><W8/><G73/><T36/><D101/><U108/><E108/><V49/><F116/><W53/><G126/><N who="2" m="48137" /><F107/><W18/><G53/><T102/><D88/><N who="3" m="33833" /><G2/><T70/><D102/><U17/><E114/><V103/><F103/><W135/><G135/><T120/><D44/><U100/><E0/><V63/><F39/><W16/><G35/><T45/><D45/><U115/><E115/><V77/><F41/><W26/><G26/><T98/><D24/><U69/><E72/><V68/><F68/><W81/><G81/><T97/><D11/><N who="3" m="4137" /><G13/><T57/><D5/><U28/><E74/><V60/><F109/><W33/><G33/><T89/><D57/><U82/><E82/><V111/><F111/><W25/><G25/><T20/><D89/><U121/><E17/><AGARI ba="0,0" hai="16,17,18,84,85,86,130,131" m="4137,33833" machi="17" ten="40,8000,1" yaku="28,2,54,2" doraHai="31" who="3" fromWho="1" sc="439,0,118,-80,250,0,193,80" /><INIT seed="7,0,0,2,3,100" ten="439,38,250,273" oya="3" hai0="131,75,37,10,8,3,52,135,66,108,70,41,22" hai1="93,53,4,112,110,44,81,109,58,27,132,115,35" hai2="117,76,16,31,30,45,21,26,130,72,24,89,46" hai3="60,11,103,57,97,40,47,124,1,74,113,122,55"/><W73/><G122/><T14/><D75/><U83/><E4/><V23/><F117/><W107/><G113/><T71/><D108/><U65/><E27/><V13/><F130/><W20/><G124/><T88/><D135/><U80/><E35/><V59/><F89/><W32/><G32/><T12/><D131/><U129/><E93/><V34/><F76/><W99/><G99/><T120/><D22/><U15/><E129/><V133/><F72/><W18/><G11/><T106/><D3/><U39/><E132/><V105/><F105/><W116/><G1/><T7/><D106/><U68/><E15/><V79/><F79/><W43/><G116/><T101/><D101/><U84/><E84/><V64/><F133/><W119/><G119/><T95/><D66/><U25/><E25/><V102/><F102/><W128/><G40/><T96/><D52/><U134/><E134/><V86/><F86/><W114/><G114/><T92/><D92/><U28/><E28/><V91/><F91/><W48/><REACH who="3" step="1"/><G128/><REACH who="3" ten="439,38,250,263" step="2"/><T104/><D120/><U56/><E112/><V78/><F78/><W36/><G36/><T111/><D41/><N who="1" m="22591" /><E115/><V42/><F42/><W63/><G63/><T2/><D37/><U62/><E68/><V82/><F82/><W126/><G126/><T29/><D70/><U9/><E9/><V33/><F23/><W98/><G98/><T127/><D71/><U85/><E85/><V77/><F77/><W87/><G87/><T19/><D127/><U51/><E109/><V90/><F90/><W125/><G125/><T0/><D88/><U54/><E110/><RYUUKYOKU ba="0,1" sc="439,-30,38,10,250,10,263,10" hai1="51,53,54,56,58,62,65,80,81,83" hai2="13,16,21,24,26,30,31,33,34,45,46,59,64" hai3="18,20,43,47,48,55,57,60,73,74,97,103,107" /><INIT seed="7,1,1,0,4,108" ten="409,48,260,273" oya="3" hai0="54,11,132,88,105,101,97,113,20,14,118,125,48" hai1="73,57,34,3,81,39,9,124,94,18,25,80,106" hai2="46,33,77,6,85,68,49,103,64,65,58,43,5" hai3="135,21,119,110,4,29,131,51,121,69,53,83,8"/><W27/><G119/><T133/><D113/><U31/><E124/><V23/><F33/><W91/><G121/><T47/><D125/><U61/><E106/><V2/><F68/><W123/><G123/><T90/><D20/><U92/><E39/><V30/><F103/><W22/><G110/><T71/><D71/><U115/><E73/><V72/><F72/><W79/><G69/><T17/><D118/><U104/><E104/><V117/><F117/><W28/><G131/><T96/><D96/><U74/><E74/><V84/><F84/><N who="3" m="50591" /><G135/><AGARI ba="1,1" hai="11,14,17,47,48,54,88,90,97,101,105,132,133,135" machi="135" ten="40,2600,0" yaku="20,1,54,1" doraHai="108" who="0" fromWho="3" sc="409,39,48,0,260,0,273,-29" owari="448,54.8,48,-45.2,260,6.0,244,-15.6" /></mjloggm>