<mjloggm ver="2.3"><GO type="169" lobby="0"/><UN n0="%E3%81%B5%E3%81%8B%E3%81%8C%E3%82%8F" n1="%E3%82%A8%E3%82%B9%E3%82%B1%E3%83%BC%2E" n2="%E3%81%8F%E3%81%8E%E3%82%85%E3%81%86%E3%81%86%E3%81%86%E3%81%86" n3="%48%69%62%69%6B%69" dan="16,17,18,16" rate="2055.40,2180.13,2253.64,2102.28" sx="M,M,M,F"/><TAIKYOKU oya="0"/><INIT seed="0,0,0,0,2,118" ten="250,250,250,250" oya="0" hai0="127,47,27,91,43,60,85,112,28,80,77,113,98" hai1="32,110,70,10,97,69,106,1,94,126,129,63,121" hai2="68,99,120,7,102,48,57,123,26,11,72,18,49" hai3="19,64,30,96,132,84,29,87,133,61,130,90,73"/><T17/><D127/><U51/><E51/><V6/><F68/><W55/><G73/><T2/><D2/><U44/><E94/><V135/><F72/><W125/><G125/><T58/><D17/><U50/><E50/><V34/><F135/><N who="3" m="51787" /><G130/><T53/><D98/><U81/><E81/><V107/><F6/><W42/><G55/><T100/><D100/><U16/><E44/><V36/><F36/><W124/><G42/><T71/><D77/><U22/><E32/><V116/><F116/><W119/><G124/><T104/><D104/><U3/><E97/><V101/><F101/><W33/><G33/><T5/><D5/><U75/><E75/><V76/><F76/><W115/><G115/><T86/><D86/><U31/><E106/><V65/><F48/><W56/><G119/><T23/><REACH who="0" step="1"/><D71/><REACH who="0" ten="240,250,250,250" step="2"/><U67/><E69/><V108/><F18/><W35/><G87/><T103/><D103/><U128/><E16/><V92/><F107/><W117/><G96/><T8/><D8/><U45/><E10/><V131/><F11/><W89/><G84/><T62/><D62/><U52/><E63/><V114/><F7/><W15/><G117/><T95/><D95/><U4/><E70/><V41/><F92/><W40/><G19/><T39/><AGARI ba="0,1" hai="23,27,28,39,43,47,53,58,60,80,85,91,112,113" machi="39" ten="20,12000,1" yaku="1,1,0,1,7,1,53,2" doraHai="118" doraHaiUra="111" who="0" fromWho="0" sc="240,130,250,-40,250,-40,250,-40" /><INIT seed="0,1,0,1,3,4" ten="370,210,210,210" oya="0" hai0="47,111,43,100,113,93,129,61,134,120,82,96,102" hai1="11,128,67,65,117,9,125,99,76,60,81,130,122" hai2="40,51,77,16,57,12,68,92,101,36,13,22,94" hai3="2,0,108,64,135,115,6,123,124,98,55,53,70"/><T86/><D113/><U66/><E122/><V85/><F68/><W54/><G115/><T25/><D120/><U104/><E117/><V97/><F36/><W41/><G123/><T80/><D129/><N who="1" m="49771" /><E125/><V79/><F12/><W37/><G124/><T50/><D134/><U10/><E99/><V69/><F69/><W78/><G135/><T103/><D111/><U75/><E104/><V109/><F109/><W21/><G108/><T35/><D82/><U56/><AGARI ba="1,0" hai="9,10,11,56,60,65,66,67,75,76,81" m="49771" machi="56" ten="30,7900,0" yaku="19,1,52,3" doraHai="4" who="1" fromWho="1" sc="370,-40,210,82,210,-21,210,-21" /><INIT seed="1,0,0,0,0,35" ten="330,292,189,189" oya="1" hai0="100,97,76,25,123,120,46,125,74,55,19,51,77" hai1="70,37,122,5,41,96,0,58,4,38,12,83,126" hai2="60,24,72,101,108,80,34,31,135,75,28,78,62" hai3="90,48,87,67,27,63,117,130,22,47,110,133,26"/><U59/><E70/><V17/><F108/><W113/><G113/><T66/><D74/><U50/><E122/><N who="0" m="46633" /><D66/><U10/><E126/><V115/><F115/><W3/><G110/><T89/><D89/><U61/><E83/><V107/><F135/><W92/><G133/><T20/><D125/><U49/><E96/><V105/><F17/><W81/><G130/><T116/><D116/><U33/><E33/><V79/><F34/><W68/><G117/><T44/><D46/><U65/><E41/><V7/><F7/><W85/><G3/><T104/><AGARI ba="0,0" hai="19,20,25,44,51,55,76,77,97,100,104" m="46633" machi="104" ten="30,1100,0" yaku="13,1" doraHai="35" who="0" fromWho="0" sc="330,11,292,-5,189,-3,189,-3" /><INIT seed="2,0,0,0,4,134" ten="341,287,186,186" oya="2" hai0="65,68,49,88,16,111,37,44,72,43,6,133,36" hai1="92,41,116,108,8,57,85,75,4,32,104,1,21" hai2="5,27,60,135,22,2,113,9,96,71,81,76,24" hai3="130,74,30,45,124,117,62,93,17,110,87,99,19"/><V70/><F113/><W7/><G74/><T114/><D114/><U69/><E104/><V84/><F135/><W33/><G117/><T39/><D133/><U61/><E32/><V121/><F121/><W47/><G110/><T115/><D72/><U63/><E75/><V90/><F24/><W89/><G130/><T29/><D6/><U48/><E108/><V53/><F53/><W28/><G7/><T101/><D101/><U3/><E3/><V10/><F9/><W0/><G0/><T132/><D29/><N who="3" m="11369" /><G33/><T91/><D132/><U26/><E116/><V55/><F55/><W118/><G118/><T82/><D82/><U52/><E69/><V95/><REACH who="2" step="1"/><F60/><REACH who="2" ten="341,287,176,186" step="2"/><W25/><G62/><T15/><D115/><U86/><E61/><V125/><F125/><W51/><G124/><T112/><D112/><U80/><E63/><V35/><F35/><W67/><G25/><T13/><D111/><U18/><E41/><V126/><F126/><W66/><G66/><T46/><D65/><U14/><E1/><V131/><F131/><W120/><G67/><T50/><D13/><U77/><E26/><V94/><F94/><W31/><G120/><T129/><D129/><U58/><E92/><V59/><F59/><W73/><G45/><T79/><D44/><U97/><E58/><V34/><F34/><W105/><G47/><T20/><D46/><U11/><E11/><V123/><F123/><W64/><G64/><T100/><D43/><U42/><E42/><V98/><F98/><N who="3" m="57647" /><G105/><T119/><D119/><U54/><E57/><V23/><F23/><W109/><G109/><RYUUKYOKU ba="0,1" sc="341,-10,287,-10,176,30,186,-10" hai2="2,5,10,22,27,70,71,76,81,84,90,95,96" /><INIT seed="2,1,1,1,0,67" ten="331,277,206,176" oya="2" hai0="72,113,66,68,65,22,74,56,44,75,108,84,57" hai1="121,69,36,64,82,27,40,53,93,89,16,125,94" hai2="21,102,70,55,109,105,59,49,0,39,41,34,83" hai3="88,134,103,123,78,32,91,6,73,81,118,45,130"/><V132/><F34/><W99/><G123/><T10/><D113/><U127/><E121/><V2/><F132/><W107/><G134/><T135/><D108/><U50/><E40/><V96/><F109/><W8/><G118/><T80/><D135/><U28/><E36/><V14/><F83/><W11/><G32/><T48/><D22/><N who="1" m="13767" /><E28/><V17/><REACH who="2" step="1"/><F70/><REACH who="2" ten="331,277,196,176" step="2"/><W129/><G45/><AGARI ba="1,2" hai="0,2,14,17,21,39,41,45,49,55,59,96,102,105" machi="45" ten="40,3900,0" yaku="1,1,2,1,53,0" doraHai="67" doraHaiUra="63" who="2" fromWho="3" sc="331,0,277,0,196,62,176,-42" /><INIT seed="2,2,0,4,4,33" ten="331,277,258,134" oya="2" hai0="88,107,22,128,43,38,132,83,133,129,113,93,41" hai1="80,45,7,85,77,115,44,42,2,3,105,119,40" hai2="98,48,116,91,118,47,16,8,96,99,104,46,84" hai3="69,19,58,87,102,68,114,11,127,121,56,134,135"/><V106/><F106/><W62/><G102/><T122/><D107/><U90/><E119/><V60/><F104/><W74/><G74/><T9/><D113/><U4/><E115/><V36/><F36/><W17/><G114/><T61/><D122/><U31/><E105/><V52/><F60/><W30/><G30/><T27/><D83/><U14/><E31/><V75/><F75/><W28/><G28/><T108/><D108/><U92/><E14/><N who="2" m="7239" /><F46/><W6/><G87/><T51/><D51/><U94/><E94/><V103/><F103/><W81/><G81/><AGARI ba="2,0" hai="47,48,52,81,84,91,96,98,99,116,118" m="7239" machi="81" ten="30,5800,0" yaku="25,1,54,2" doraHai="33" who="2" fromWho="3" sc="331,0,277,0,258,64,134,-64" /><INIT seed="2,3,0,0,0,17" ten="331,277,322,70" oya="2" hai0="31,71,112,105,59,104,134,33,22,88,3,42,76" hai1="25,129,81,62,11,21,28,51,79,69,132,32,93" hai2="125,77,60,117,83,47,20,56,121,91,13,46,38" hai3="30,72,68,36,4,85,39,100,133,49,43,27,1"/><V84/><F117/><W109/><G72/><T106/><D71/><U45/><E129/><V5/><F121/><W75/><G75/><T86/><D112/><U119/><E119/><V41/><F125/><W107/><G68/><T65/><D134/><U131/><E131/><V108/><F108/><W99/><G109/><T50/><D33/><U35/><E132/><V34/><F34/><W2/><G133/><T66/><D3/><U15/><E93/><V130/><F130/><W55/><G85/><T128/><D76/><U111/><E62/><V19/><F5/><W90/><G90/><T73/><D73/><U70/><E111/><V114/><F46/><W52/><G55/><T113/><D113/><U61/><E61/><V87/><F114/><W9/><G43/><T95/><D128/><U102/><E102/><V94/><F60/><W82/><G82/><T98/><D86/><N who="1" m="48447" /><E32/><V127/><F56/><W40/><G40/><T67/><D42/><N who="1" m="25015" /><E35/><V12/><REACH who="2" step="1"/><F127/><REACH who="2" ten="331,277,312,70" step="2"/><W10/><G1/><T44/><D44/><U18/><E69/><V116/><F116/><W110/><G110/><T123/><D123/><U74/><E70/><V115/><F115/><W58/><REACH who="3" step="1"/><G9/><REACH who="3" ten="331,277,312,60" step="2"/><T7/><D67/><U14/><E74/><V29/><F29/><W8/><G8/><T101/><D31/><U126/><E126/><V54/><F54/><W0/><G0/><T120/><D65/><U78/><E11/><V53/><F53/><W26/><G26/><AGARI ba="3,2" hai="12,13,19,20,26,38,41,47,77,83,84,87,91,94" machi="26" ten="30,11600,0" yaku="1,1,7,1,52,1,53,1" doraHai="17" doraHaiUra="16" who="2" fromWho="3" sc="331,0,277,0,312,145,60,-125" owari="331,13.1,277,-12.3,457,55.7,-65,-56.5" /></mjloggm>