<mjloggm ver="2.3"><GO type="169" lobby="0"/><UN n0="%4E%49%4B%55%59%41" n1="%E3%81%BB%E3%82%80%E3%82%89" n2="%E9%AB%98%E6%A9%8B%E8%89%AF%E5%A4%AA" n3="%4E%4F%54%41" dan="17,16,16,16" rate="2205.18,2084.64,2137.82,2118.72" sx="M,F,M,M"/><TAIKYOKU oya="0"/><INIT seed="0,0,0,2,3,129" ten="250,250,250,250" oya="0" hai0="82,83,16,54,93,35,77,13,104,41,2,31,1" hai1="125,124,51,95,97,11,99,68,76,118,66,19,17" hai2="42,78,50,43,15,32,90,111,27,28,48,6,88" hai3="126,57,12,4,58,23,107,116,70,53,127,108,67"/><T102/><D104/><U119/><E76/><V46/><F78/><W49/><G107/><T103/><D41/><U7/><E51/><V135/><F111/><W71/><G116/><T133/><D35/><U121/><E66/><V9/><REACH who="2" step="1"/><F135/><REACH who="2" ten="250,250,240,250" step="2"/><W14/><G108/><T63/><D133/><U72/><E118/><V73/><F73/><W122/><G122/><T87/><D1/><U100/><E72/><V62/><F62/><W86/><G127/><T0/><D2/><U81/><E119/><V20/><F20/><W109/><G109/><T45/><D0/><U56/><E121/><V114/><F114/><W134/><G126/><T3/><D3/><U110/><E110/><V131/><F131/><W40/><G23/><T64/><D63/><U113/><E113/><V22/><F22/><W60/><G134/><T61/><D61/><U80/><E125/><V52/><F52/><W26/><G60/><T84/><D64/><U96/><E124/><V38/><F38/><W120/><G67/><T123/><D123/><U55/><E55/><V130/><F130/><W94/><G53/><T106/><D77/><U117/><E117/><V37/><F37/><W105/><G120/><T128/><D128/><U39/><E39/><V75/><F75/><W34/><G71/><T69/><D69/><U74/><E74/><V98/><F98/><W115/><G70/><T30/><D54/><U24/><E97/><V5/><F5/><W36/><G36/><T85/><D45/><AGARI ba="0,1" hai="6,9,15,27,28,32,42,43,45,46,48,50,88,90" machi="45" ten="40,5200,0" yaku="1,1,9,1,54,1,53,0" doraHai="129" doraHaiUra="112" who="2" fromWho="0" sc="250,-52,250,0,240,62,250,0" /><INIT seed="1,0,0,3,0,54" ten="198,250,302,250" oya="1" hai0="81,107,17,100,86,33,27,60,88,134,124,116,97" hai1="43,102,63,2,67,112,28,108,132,75,25,38,21" hai2="42,128,73,52,80,117,129,40,13,95,29,47,126" hai3="8,135,127,122,87,114,4,56,119,118,70,16,9"/><U131/><E112/><V46/><F29/><W23/><G70/><T78/><D116/><N who="3" m="44585" /><G114/><T11/><D124/><U24/><E132/><V39/><F117/><W69/><G69/><T77/><D134/><U103/><E131/><V22/><F95/><W12/><G135/><T7/><D60/><U106/><E75/><V110/><F126/><W36/><G36/><T32/><D17/><U96/><E103/><V41/><F41/><W37/><G37/><T65/><D65/><U35/><E2/><V26/><F13/><W85/><G127/><T51/><D51/><U49/><E38/><V115/><F115/><W105/><G105/><T94/><D27/><U14/><E14/><V93/><F26/><N who="3" m="14695" /><G122/><T121/><D121/><U89/><E108/><V64/><F110/><W20/><G20/><T104/><D104/><U72/><E72/><V71/><F22/><W125/><G125/><T53/><D53/><U15/><E15/><V6/><F52/><W92/><G9/><T44/><D44/><U31/><E43/><V99/><F42/><W76/><G76/><T34/><REACH who="0" step="1"/><D107/><REACH who="0" ten="188,250,302,250" step="2"/><U59/><E49/><N who="2" m="26823" /><F64/><W123/><G123/><T101/><D101/><U45/><E45/><V62/><F47/><W90/><G56/><T68/><D68/><U133/><E133/><V91/><F71/><W30/><G30/><T57/><D57/><U84/><E67/><V79/><F39/><W0/><G12/><AGARI ba="0,1" hai="7,11,12,32,33,34,77,78,81,86,88,94,97,100" machi="12" ten="40,2600,0" yaku="1,1,54,1,53,0" doraHai="54" doraHaiUra="18" who="0" fromWho="3" sc="188,36,250,0,302,0,250,-26" /><INIT seed="2,0,0,2,3,132" ten="224,250,302,224" oya="2" hai0="83,104,117,48,77,39,19,101,37,29,108,9,89" hai1="102,128,109,52,16,11,81,62,65,26,70,20,40" hai2="100,76,118,51,112,72,123,50,1,61,73,27,56" hai3="17,106,58,86,33,21,0,115,10,12,92,94,79"/><V63/><F1/><W42/><G106/><T7/><D108/><U131/><E109/><V30/><F118/><W45/><G115/><T122/><D122/><U87/><E102/><V57/><F123/><W124/><G33/><T44/><D117/><U36/><E36/><V38/><F100/><W133/><G133/><T32/><D19/><U34/><E40/><V66/><F38/><W2/><G58/><T6/><D89/><U46/><E34/><V54/><F112/><W18/><G92/><T119/><D6/><U4/><E46/><V135/><F135/><W111/><G111/><T98/><D29/><U88/><REACH who="1" step="1"/><E52/><REACH who="1" ten="224,240,302,224" step="2"/><V53/><F53/><W78/><G45/><T74/><D32/><U22/><E22/><V96/><F54/><W35/><G42/><T126/><D119/><U99/><E99/><V23/><F96/><W129/><G35/><T105/><D105/><U68/><E68/><V60/><F56/><W28/><G21/><T25/><D39/><U125/><E125/><V80/><F51/><W64/><G124/><T15/><D37/><U114/><E114/><V59/><F50/><W127/><G127/><T116/><D116/><U110/><E110/><V3/><F59/><W31/><G10/><T49/><D126/><U13/><AGARI ba="0,1" hai="4,11,13,16,20,26,62,65,70,81,87,88,128,131" machi="13" ten="30,8000,1" yaku="1,1,0,1,54,2,53,1" doraHai="132" doraHaiUra="14" who="1" fromWho="1" sc="224,-20,240,90,302,-40,224,-20" /><INIT seed="3,0,0,1,4,43" ten="204,330,262,204" oya="3" hai0="107,10,30,121,46,71,130,67,6,106,97,38,25" hai1="27,72,133,91,81,33,17,80,82,35,110,45,89" hai2="131,20,92,127,60,37,9,114,108,52,88,11,39" hai3="16,55,70,132,22,23,59,73,36,57,1,2,87"/><W102/><G73/><T56/><D130/><U117/><E110/><V64/><F114/><W65/><G70/><T0/><D56/><U113/><E113/><V28/><F131/><W5/><G36/><T19/><D19/><U126/><E126/><V85/><F127/><W14/><G132/><T125/><D121/><U103/><E72/><V44/><F108/><W115/><G115/><T119/><D119/><U123/><E123/><V15/><F39/><W47/><G102/><T104/><D125/><U49/><E103/><V8/><F37/><W24/><G65/><T94/><D94/><U58/><E133/><V51/><F20/><W12/><G87/><T86/><D86/><U77/><E77/><V116/><F28/><N who="3" m="17431" /><G1/><T62/><D97/><U112/><E117/><V66/><F116/><W101/><G2/><T78/><D78/><U134/><E134/><V31/><F31/><W13/><G101/><T54/><D54/><U7/><E7/><V79/><F79/><W42/><G42/><N who="0" m="22871" /><D104/><U135/><E135/><V99/><F99/><W41/><G41/><T118/><D118/><U95/><E112/><V32/><F32/><AGARI ba="0,0" hai="0,6,10,25,30,32,62,67,71,106,107" m="22871" machi="32" ten="30,3900,0" yaku="33,2,52,1" doraHai="43" who="0" fromWho="2" sc="204,39,330,0,262,-39,204,0" /><INIT seed="4,0,0,3,1,56" ten="243,330,223,204" oya="0" hai0="34,94,53,76,19,104,62,16,90,119,32,106,42" hai1="74,20,55,72,109,38,120,123,107,101,135,27,63" hai2="111,41,17,118,49,89,133,60,47,77,81,114,68" hai3="9,105,21,79,2,85,126,48,96,113,29,18,92"/><T44/><D76/><U36/><E109/><V4/><F111/><W3/><G113/><T84/><D119/><U23/><E101/><V5/><F114/><W35/><G126/><T128/><D128/><U45/><E45/><V70/><F118/><W43/><G105/><T28/><D53/><U125/><E55/><V12/><F89/><W51/><G29/><T108/><D108/><U50/><E50/><V11/><F70/><W15/><G35/><T122/><D122/><U115/><E115/><V83/><F133/><W7/><G2/><T25/><D32/><U54/><E54/><V6/><REACH who="2" step="1"/><F77/><REACH who="2" ten="243,330,213,204" step="2"/><W88/><REACH who="3" step="1"/><G43/><REACH who="3" ten="243,330,213,194" step="2"/><T103/><D42/><U97/><E123/><V66/><AGARI ba="0,2" hai="4,5,6,11,12,17,41,47,49,60,66,68,81,83" machi="66" ten="30,8000,1" yaku="1,1,2,1,0,1,52,1,53,1" doraHai="56" doraHaiUra="59" who="2" fromWho="2" sc="243,-40,330,-20,213,100,194,-20" /><INIT seed="5,0,0,4,2,70" ten="203,310,313,174" oya="1" hai0="46,91,135,4,106,34,23,112,98,63,94,101,93" hai1="116,56,78,104,40,52,44,66,61,22,114,33,111" hai2="110,100,36,118,6,59,108,19,17,81,62,132,60" hai3="107,82,27,10,21,0,103,113,97,68,1,29,35"/><U83/><E104/><V25/><F118/><W92/><G113/><T65/><D112/><U72/><E116/><V41/><F6/><W42/><G42/><T28/><D135/><U47/><E114/><V89/><F100/><W57/><G68/><T99/><D4/><U64/><E33/><V96/><F81/><W43/><G107/><T77/><D77/><U45/><E111/><V54/><F17/><W121/><G121/><T24/><D46/><U39/><E64/><V5/><F62/><W76/><G35/><T71/><D94/><U58/><REACH who="1" step="1"/><E22/><AGARI ba="0,0" hai="22,23,24,28,34,63,65,71,91,93,98,99,101,106" machi="22" ten="40,2600,0" yaku="25,2" doraHai="70" who="0" fromWho="1" sc="203,26,310,-26,313,0,174,0" /><INIT seed="6,0,0,3,0,120" ten="229,284,313,174" oya="2" hai0="83,60,80,31,105,59,14,67,121,35,114,29,69" hai1="48,74,113,42,90,15,0,79,112,101,98,122,1" hai2="126,128,12,65,81,3,68,55,82,6,71,45,21" hai3="43,40,115,97,53,135,87,100,49,103,39,75,108"/><V51/><F3/><W38/><G75/><T7/><D121/><U85/><E122/><V99/><F126/><W93/><G135/><T27/><D114/><N who="1" m="44139" /><E15/><V18/><F6/><W72/><G115/><T44/><D31/><U124/><E124/><V132/><F132/><W30/><G72/><T5/><D59/><U73/><E73/><V16/><F128/><W127/><G127/><T104/><D44/><N who="1" m="25623" /><E79/><V117/><F117/><W24/><G100/><T107/><REACH who="0" step="1"/><D5/><REACH who="0" ten="219,284,313,174" step="2"/><U2/><E74/><V130/><F130/><W118/><G118/><T34/><D34/><U125/><E125/><V92/><F71/><W9/><G38/><T110/><D110/><U20/><E1/><V63/><F18/><W77/><G39/><T134/><D134/><U70/><E70/><V19/><F19/><W46/><G108/><T28/><D28/><U52/><E0/><V119/><F119/><W8/><G40/><T58/><D58/><U88/><E2/><V32/><F32/><W25/><G43/><T133/><D133/><U13/><E101/><AGARI ba="0,1" hai="12,16,21,45,51,55,63,65,68,81,82,92,99,101" machi="101" ten="30,2900,0" yaku="7,1,54,1" doraHai="120" who="2" fromWho="1" sc="219,0,284,-29,313,39,174,0" /><INIT seed="6,1,0,4,1,31" ten="219,255,352,174" oya="2" hai0="103,71,0,3,82,25,121,91,53,18,78,93,49" hai1="51,66,14,77,125,41,50,112,84,19,24,64,10" hai2="92,48,9,60,135,32,45,85,21,72,67,117,35" hai3="22,120,6,27,47,124,13,118,98,130,7,88,52"/><V65/><F72/><W104/><G118/><T29/><D71/><U5/><E112/><V76/><F117/><W128/><G120/><T26/><D103/><U59/><E125/><V122/><F122/><W90/><G124/><T39/><D39/><U111/><E111/><V28/><F67/><W74/><G74/><T115/><D115/><U1/><E1/><V55/><F135/><W8/><G6/><T69/><D69/><U99/><E99/><V131/><F131/><N who="3" m="50219" /><G104/><T106/><D106/><U86/><E86/><V57/><F9/><W102/><G102/><T37/><D37/><U119/><E119/><V70/><F70/><W132/><G98/><T38/><D38/><U42/><E42/><V62/><F62/><W97/><G97/><T95/><D91/><U33/><E33/><V63/><F63/><W16/><G132/><T12/><D0/><U11/><E11/><V44/><F45/><W108/><G108/><T46/><D3/><U36/><E36/><V30/><F30/><W54/><G54/><T109/><D29/><U56/><E64/><V126/><F126/><W107/><G107/><T110/><D121/><U20/><E66/><V23/><F92/><N who="0" m="35402" /><D110/><U43/><E43/><V80/><REACH who="2" step="1"/><F28/><REACH who="2" ten="219,255,342,174" step="2"/><W100/><G100/><T58/><D46/><N who="1" m="25935" /><E51/><AGARI ba="1,1" hai="7,8,13,16,22,27,47,51,52,88,90" m="50219" machi="51" ten="30,7700,0" yaku="19,1,54,3" doraHai="31" who="3" fromWho="1" sc="219,0,255,-80,342,0,174,90" /><INIT seed="7,0,0,5,4,120" ten="219,175,342,264" oya="3" hai0="122,86,10,90,95,61,131,104,84,26,0,34,83" hai1="69,96,109,119,37,75,58,17,44,78,82,38,16" hai2="85,15,125,8,111,23,48,1,128,134,50,22,39" hai3="49,60,102,113,21,52,92,110,62,81,107,97,35"/><W133/><G35/><T112/><D104/><U28/><E69/><V3/><F39/><W132/><G113/><T103/><D122/><U5/><E119/><V59/><F8/><W126/><G126/><T64/><D131/><U117/><E117/><V43/><F43/><W55/><G107/><T89/><D112/><U45/><E5/><V105/><F15/><W33/><G33/><T115/><D115/><U108/><E28/><V114/><F22/><W40/><G81/><T77/><D103/><U11/><E96/><V76/><F23/><W80/><G80/><T70/><D0/><U130/><E130/><V13/><F3/><W121/><G121/><T57/><D10/><U9/><E58/><V79/><F1/><W71/><G40/><T27/><D34/><U7/><E7/><V106/><F79/><W87/><G87/><N who="0" m="48623" /><D70/><U100/><E100/><V67/><F85/><W63/><G21/><T2/><D2/><U41/><E9/><V101/><F76/><W68/><G55/><T24/><D27/><U46/><E11/><V73/><F105/><W47/><G68/><T74/><D74/><U56/><E56/><V31/><F73/><W118/><G71/><T91/><D91/><U30/><E30/><V6/><F106/><W66/><G118/><T12/><D12/><U42/><E45/><V14/><F114/><W36/><G47/><T94/><AGARI ba="0,0" hai="24,26,57,61,64,84,86,89,90,94,95" m="48623" machi="94" ten="30,1100,0" yaku="8,1" doraHai="120" who="0" fromWho="0" sc="219,11,175,-3,342,-3,264,-5" owari="230,-17.0,172,-32.8,339,43.9,259,5.9" /></mjloggm>