<mjloggm ver="2.3"><GO type="169" lobby="0"/><UN n0="%73%73%73%31%39%33%33" n1="%E3%82%8A%E3%82%87%E3%81%91%E3%81%99" n2="%E7%9B%9B%E5%B2%A1%E3%81%AE%E3%83%AA%E3%83%BC%E3%83%81%E8%B6%85%E4%BA%BA" n3="%E3%81%A7%E3%82%93%E3%81%A4%E3%81%86" dan="16,17,17,18" rate="2140.93,2167.28,2183.47,2226.05" sx="F,M,M,M"/><TAIKYOKU oya="0"/><INIT seed="0,0,0,4,0,26" ten="250,250,250,250" oya="0" hai0="29,114,111,119,97,54,63,127,128,106,25,80,66" hai1="13,43,107,2,117,5,96,7,85,69,6,35,132" hai2="27,47,55,90,74,32,82,44,88,24,108,102,123" hai3="51,125,79,14,73,116,34,98,8,49,16,115,67"/><T17/><D114/><U12/><E69/><V81/><F123/><W126/><G116/><T109/><D119/><U129/><E117/><V134/><F102/><W103/><G115/><T110/><D127/><N who="3" m="48649" /><G34/><N who="0" m="20783" /><D128/><U15/><E43/><V23/><F32/><W121/><G121/><T75/><D54/><U46/><E46/><V52/><F23/><W113/><G113/><T38/><D17/><U70/><E70/><V48/><F74/><W135/><G135/><T50/><D38/><U64/><E64/><V68/><F68/><W60/><G79/><N who="0" m="44159" /><D50/><U62/><E132/><V122/><F122/><W3/><G3/><T133/><D133/><U40/><E2/><V59/><F134/><W45/><G73/><T61/><D66/><U11/><E129/><V1/><F1/><W4/><G4/><T84/><D84/><U19/><E85/><V57/><REACH who="2" step="1"/><F48/><REACH who="2" ten="250,250,240,250" step="2"/><W31/><G49/><T130/><D130/><U112/><E112/><V89/><F89/><W72/><G72/><T30/><D30/><U100/><E7/><V28/><F28/><W53/><G31/><T105/><D105/><U33/><E5/><V76/><F76/><W65/><G60/><T36/><D36/><U58/><E6/><V39/><F39/><W99/><G99/><T95/><D106/><AGARI ba="0,1" hai="8,14,16,45,51,53,65,67,98,103,106" m="48649" machi="106" ten="30,2000,0" yaku="18,1,54,1" doraHai="26" who="3" fromWho="0" sc="250,-20,250,0,240,0,250,30" /><INIT seed="1,0,0,3,5,52" ten="230,250,240,280" oya="1" hai0="104,93,114,7,26,54,113,84,10,96,14,63,17" hai1="0,91,49,11,116,2,110,56,32,1,106,18,134" hai2="99,9,125,34,120,4,23,27,61,101,105,58,51" hai3="77,102,118,28,126,24,76,132,88,31,3,62,12"/><U74/><E106/><V48/><F125/><W73/><G3/><T107/><D84/><U57/><E116/><V39/><F39/><W6/><G73/><T86/><D86/><U55/><E74/><V131/><F34/><W121/><G121/><T94/><D94/><U122/><E122/><V44/><F131/><W87/><G126/><T80/><D80/><U37/><E37/><V42/><F120/><W135/><G102/><T5/><D114/><U81/><E32/><V15/><F44/><W72/><G72/><T97/><D97/><U20/><E134/><N who="3" m="51242" /><G118/><T65/><D54/><U127/><E127/><V19/><REACH who="2" step="1"/><F42/><REACH who="2" ten="230,250,230,280" step="2"/><W109/><G109/><T78/><D113/><U108/><E110/><V119/><F119/><W21/><G28/><T115/><D115/><U64/><E108/><V75/><F75/><W100/><G31/><T117/><D117/><U47/><E64/><AGARI ba="0,1" hai="4,9,15,19,23,27,48,51,58,61,64,99,101,105" machi="64" ten="30,3900,0" yaku="1,1,7,1,52,1,53,0" doraHai="52" doraHaiUra="35" who="2" fromWho="1" sc="230,0,250,-39,230,49,280,0" /><INIT seed="2,0,0,1,4,80" ten="230,211,279,280" oya="2" hai0="90,77,42,79,61,24,100,45,99,1,121,50,72" hai1="106,16,6,33,20,9,123,34,30,14,107,124,130" hai2="17,96,118,12,39,63,52,32,95,128,44,126,78" hai3="35,71,27,67,111,109,13,58,15,133,97,23,116"/><V19/><F118/><W134/><G71/><T127/><D121/><U73/><E73/><V5/><F32/><N who="1" m="12393" /><E107/><V10/><F128/><W84/><G116/><T132/><D127/><U53/><E53/><V2/><F126/><W49/><G35/><T31/><D132/><N who="3" m="50793" /><G97/><T104/><D1/><N who="1" m="207" /><E106/><V120/><F120/><W48/><G67/><T57/><D72/><U40/><E40/><V131/><F131/><W54/><G49/><T43/><D43/><U60/><E60/><V86/><F39/><W65/><G65/><T26/><D90/><U18/><E130/><V8/><F19/><N who="3" m="12799" /><G84/><T115/><D115/><U56/><E56/><V122/><F122/><W51/><G51/><T103/><D103/><U41/><E41/><V64/><F44/><W46/><G46/><T129/><D129/><U112/><E123/><V68/><F52/><W36/><G36/><T113/><D113/><U135/><E135/><V7/><F96/><W101/><G101/><T92/><D100/><U94/><E112/><V98/><F98/><W114/><G114/><T110/><D99/><U89/><E124/><V38/><F38/><W21/><G21/><T102/><D45/><U117/><E117/><V37/><F37/><W75/><G75/><T66/><D102/><U0/><E30/><V47/><F47/><W55/><G55/><T81/><D66/><U59/><E59/><V22/><F86/><W62/><G62/><T88/><D61/><U69/><E69/><V83/><F63/><W25/><G58/><T85/><D57/><U105/><E105/><V93/><F64/><W108/><G54/><RYUUKYOKU ba="0,0" sc="230,0,211,0,279,0,280,0" /><INIT seed="3,1,0,0,4,51" ten="230,211,279,280" oya="3" hai0="98,119,128,97,56,54,120,134,12,46,21,84,131" hai1="94,103,16,121,82,63,39,85,10,26,29,93,5" hai2="15,76,19,88,48,1,87,30,64,4,38,33,105" hai3="109,127,111,115,58,73,37,130,60,118,75,8,95"/><W44/><G115/><T11/><D119/><U77/><E39/><V92/><F38/><W45/><G118/><T49/><D120/><U83/><E121/><V41/><F105/><W22/><G127/><T18/><D134/><U101/><E83/><V3/><F64/><W62/><G130/><N who="0" m="49707" /><D84/><U32/><E16/><V27/><F4/><W13/><G22/><T59/><D11/><U124/><E124/><V80/><F48/><W20/><G20/><T113/><D113/><U31/><E31/><V40/><F3/><W90/><G75/><T117/><D117/><U129/><E129/><V57/><F57/><AGARI ba="1,0" hai="12,18,21,46,49,54,56,57,59,97,98" m="49707" machi="57" ten="30,2000,0" yaku="19,1,52,1" doraHai="51" who="0" fromWho="2" sc="230,23,211,0,279,-23,280,0" /><INIT seed="4,0,0,5,5,71" ten="253,211,256,280" oya="0" hai0="1,48,131,50,52,16,46,109,47,2,84,64,103" hai1="3,5,28,78,0,116,35,106,72,7,34,6,134" hai2="82,96,8,24,57,117,45,51,95,11,105,17,88" hai3="56,113,90,120,73,77,121,49,89,31,53,128,79"/><T54/><D131/><U118/><E106/><V108/><F108/><W44/><G113/><T97/><D109/><U33/><E78/><N who="3" m="29706" /><G73/><T39/><D39/><U26/><E72/><V125/><F125/><W41/><G31/><T66/><D84/><U14/><E134/><V15/><F105/><W76/><N who="3" m="29714" /><W92/><DORA hai="20" /><G92/><T119/><D119/><U83/><E83/><V91/><F57/><W37/><G128/><T111/><D111/><U107/><E107/><V61/><F61/><W12/><G12/><T110/><D110/><U98/><E98/><V29/><F117/><N who="1" m="45161" /><E14/><V22/><F82/><W68/><G68/><T18/><D97/><U65/><E65/><V19/><F91/><W102/><G102/><AGARI ba="0,0" hai="1,2,16,18,46,47,48,50,52,54,64,66,102,103" machi="102" ten="25,9600,0" yaku="22,2,54,2" doraHai="71,20" who="0" fromWho="3" sc="253,96,211,0,256,0,280,-96" /><INIT seed="4,1,0,1,5,135" ten="349,211,256,184" oya="0" hai0="11,38,29,16,69,46,122,43,53,113,102,27,131" hai1="125,73,7,21,87,12,55,61,18,6,72,40,98" hai2="10,105,74,66,81,114,9,89,111,130,95,67,133" hai3="2,33,39,96,24,64,121,45,117,52,4,49,128"/><T124/><D122/><U47/><E73/><V116/><F111/><W3/><G117/><T101/><D69/><U71/><E72/><V94/><F105/><W25/><G128/><T70/><D70/><U63/><E98/><V88/><F74/><W62/><G121/><T41/><D113/><U23/><E63/><V115/><F81/><W30/><G39/><T28/><D131/><U42/><E42/><V91/><F130/><W44/><G4/><T56/><D43/><U112/><E112/><N who="2" m="43051" /><F133/><W119/><G119/><T57/><D57/><U82/><E21/><V134/><F116/><W108/><G108/><T19/><D29/><U126/><E55/><V90/><F134/><W75/><G75/><T51/><D124/><N who="1" m="47723" /><E61/><V100/><F100/><W17/><G45/><T97/><D102/><U99/><E99/><N who="2" m="57799" /><F95/><W85/><G85/><T20/><D11/><AGARI ba="1,0" hai="9,10,11,66,67,89,90,91" m="57799,43051" machi="11" ten="30,2000,0" yaku="15,1,54,1" doraHai="135" who="2" fromWho="0" sc="349,-23,211,0,256,23,184,0" /><INIT seed="5,0,0,1,4,102" ten="326,211,279,184" oya="1" hai0="128,13,15,68,25,46,94,123,103,115,8,127,114" hai1="48,38,91,35,100,4,44,54,47,88,75,131,7" hai2="111,87,84,24,28,26,82,19,71,76,107,57,11" hai3="3,122,92,29,133,63,30,56,120,95,90,12,118"/><U43/><E131/><V64/><F111/><W31/><G3/><T51/><D68/><U5/><E35/><V40/><F71/><W93/><G133/><T110/><D110/><U33/><E33/><V86/><F40/><W66/><G118/><T65/><D128/><U96/><REACH who="1" step="1"/><E75/><REACH who="1" ten="326,201,279,184" step="2"/><V69/><F28/><W113/><G113/><T9/><D115/><U126/><E126/><V61/><F84/><W77/><G77/><T83/><D127/><U98/><E98/><V105/><F86/><W70/><G70/><T125/><D125/><U67/><E67/><V108/><F69/><W129/><G129/><T132/><D65/><U79/><E79/><V106/><REACH who="2" step="1"/><F108/><REACH who="2" ten="326,201,269,184" step="2"/><W60/><G30/><T21/><D114/><U109/><E109/><V119/><F119/><W73/><G31/><T97/><D97/><U41/><E41/><V78/><F78/><W104/><G29/><T0/><D132/><U34/><E34/><V59/><F59/><W17/><G73/><T124/><D124/><U112/><E112/><V6/><F6/><W72/><G72/><T85/><D85/><U22/><E22/><V121/><F121/><W37/><G122/><T42/><D21/><U58/><E58/><V81/><F81/><W39/><G120/><T36/><D83/><U74/><E74/><V135/><F135/><W89/><G56/><T52/><D123/><U18/><E18/><V50/><F50/><W32/><G17/><T116/><D51/><U16/><E16/><V45/><F45/><W14/><G37/><N who="0" m="21839" /><D116/><U1/><E1/><V20/><F20/><W2/><G39/><RYUUKYOKU ba="0,2" sc="326,-15,201,15,269,15,184,-15" hai1="4,5,7,38,43,44,47,48,54,88,91,96,100" hai2="11,19,24,26,57,61,64,76,82,87,105,106,107" /><INIT seed="5,1,2,1,0,90" ten="311,216,284,169" oya="1" hai0="31,72,77,99,10,26,39,42,100,61,63,85,116" hai1="127,84,33,59,62,124,58,118,128,56,86,48,93" hai2="87,27,47,102,135,13,49,17,23,36,106,75,129" hai3="57,108,37,11,103,18,79,51,114,131,0,113,115"/><U55/><E118/><V8/><F75/><W71/><G71/><T69/><D72/><U5/><E33/><V78/><F36/><W123/><G37/><T133/><D133/><U122/><E122/><V32/><F135/><W15/><G108/><T53/><D10/><U97/><E5/><V29/><F129/><W96/><G123/><T94/><D69/><U52/><E128/><V120/><F120/><W104/><G131/><T92/><D42/><U46/><E56/><V66/><F66/><W54/><G79/><T24/><D39/><U111/><E111/><V41/><F106/><W50/><REACH who="3" step="1"/><G0/><REACH who="3" ten="311,216,284,159" step="2"/><T82/><D116/><U67/><E127/><V44/><F78/><W12/><G12/><T14/><D14/><U112/><E124/><V76/><F76/><W91/><G91/><N who="0" m="55711" /><D26/><U65/><E112/><V25/><F25/><W88/><G88/><T7/><D24/><U1/><E1/><V81/><F32/><W119/><G119/><T38/><D38/><U3/><E3/><V16/><F27/><W95/><G95/><T45/><D94/><U6/><E6/><V134/><F13/><W107/><G107/><T121/><D7/><U60/><E67/><V101/><F134/><W130/><G130/><T98/><D121/><U117/><E117/><V30/><F29/><W21/><G21/><T40/><D31/><U9/><E9/><V22/><F8/><W83/><G83/><T89/><D77/><U2/><E2/><V125/><F30/><W4/><G4/><T126/><D126/><U110/><E110/><V35/><F125/><W105/><G105/><RYUUKYOKU ba="1,3" sc="311,-15,216,15,284,-15,159,15" hai1="46,48,52,55,58,59,60,62,65,84,86,93,97" hai3="11,15,18,50,51,54,57,96,103,104,113,114,115" /><INIT seed="5,2,3,1,5,101" ten="296,231,269,174" oya="1" hai0="48,66,78,125,59,94,86,49,82,115,98,102,23" hai1="131,119,124,19,129,37,30,41,134,12,103,107,87" hai2="3,81,93,25,116,50,106,35,104,27,114,58,5" hai3="6,55,9,67,18,40,17,135,65,20,26,56,123"/><U11/><E119/><V61/><F116/><W15/><G123/><T0/><D0/><U63/><E134/><V75/><F50/><W112/><G112/><T74/><D115/><U24/><E124/><V122/><F122/><W62/><G135/><T130/><D125/><U47/><E87/><V54/><F114/><W92/><G40/><T121/><D130/><N who="1" m="49675" /><E63/><V97/><F5/><W38/><G38/><T113/><D121/><U57/><E57/><V42/><F42/><W109/><G109/><T111/><D111/><U79/><E79/><V10/><F10/><W1/><REACH who="3" step="1"/><G92/><REACH who="3" ten="296,231,269,164" step="2"/><T13/><D113/><U95/><E95/><V22/><F93/><W28/><G28/><T91/><D94/><U70/><E70/><V132/><F132/><W2/><G2/><T80/><D98/><U84/><E84/><V69/><F3/><W110/><G110/><T34/><D86/><U88/><E88/><V89/><F89/><W45/><G45/><T73/><D91/><U99/><E47/><V14/><F69/><W76/><G76/><T46/><D78/><U44/><E44/><V39/><F97/><W72/><G72/><T85/><D46/><U4/><E41/><V29/><F39/><W127/><G127/><T105/><D85/><U36/><E30/><V77/><F14/><W118/><G118/><T16/><D13/><U33/><E36/><V32/><F27/><W96/><G96/><T7/><D74/><U71/><E71/><V68/><F68/><W83/><G83/><T117/><D80/><U133/><E37/><V64/><F75/><W60/><G60/><RYUUKYOKU ba="2,4" sc="296,-10,231,-10,269,-10,164,30" hai3="1,6,9,15,17,18,20,26,55,56,62,65,67" /><INIT seed="6,3,4,3,2,60" ten="286,221,259,194" oya="2" hai0="100,40,72,97,129,4,1,89,85,73,39,77,102" hai1="112,74,123,125,111,63,122,99,24,126,49,124,20" hai2="28,103,9,120,101,104,0,15,64,45,121,61,81" hai3="86,36,57,37,106,52,21,94,107,116,2,69,44"/><V109/><F0/><W88/><G116/><T59/><D129/><U25/><E112/><V117/><F117/><W92/><G69/><T50/><D39/><U8/><E111/><V95/><F104/><W133/><G2/><T17/><D102/><U46/><E74/><V78/><F28/><W82/><G133/><T62/><D77/><U23/><E8/><V87/><F109/><W83/><G106/><T105/><D17/><N who="1" m="12303" /><E63/><V118/><F118/><W71/><G71/><T53/><D4/><U31/><E99/><V114/><F114/><W13/><G107/><T68/><D1/><U33/><E33/><V108/><F108/><W90/><G44/><T119/><D119/><U131/><E131/><V29/><F29/><W96/><G37/><T134/><D134/><U42/><AGARI ba="3,4" hai="23,25,31,42,46,49,122,123,124,125,126" m="12303" machi="42" ten="40,1500,0" yaku="18,1" doraHai="60" who="1" fromWho="1" sc="286,-7,221,64,259,-10,194,-7" /><INIT seed="7,0,0,2,1,61" ten="279,285,249,187" oya="3" hai0="1,62,7,88,37,113,44,80,76,78,131,98,93" hai1="97,68,53,2,21,46,51,5,103,15,82,126,18" hai2="11,116,110,73,43,106,115,12,135,101,108,107,54" hai3="33,94,3,84,14,48,85,89,81,47,125,28,36"/><W72/><G3/><T22/><D131/><U117/><E68/><V91/><F116/><W65/><G125/><T132/><D132/><U122/><E122/><V9/><F73/><W119/><G119/><T123/><D123/><U29/><E126/><V128/><F43/><W104/><G104/><T45/><D113/><U0/><E29/><V87/><F115/><W59/><G36/><T42/><D45/><U16/><E5/><V32/><F32/><W100/><G72/><N who="0" m="43015" /><D62/><U134/><E134/><V50/><F135/><W77/><G100/><T109/><D78/><U96/><E96/><V57/><F128/><W95/><G33/><T129/><D22/><U92/><E117/><V75/><F75/><W121/><G121/><T86/><D129/><U90/><E82/><V27/><F27/><W41/><G28/><T52/><D98/><U70/><E70/><V83/><F11/><W105/><G105/><T63/><D63/><U114/><E103/><V99/><REACH who="2" step="1"/><F106/><REACH who="2" ten="279,285,239,187" step="2"/><W40/><G40/><T71/><D42/><U56/><E114/><V111/><F111/><W49/><G14/><T74/><D109/><U23/><E46/><V31/><F31/><W19/><G19/><AGARI ba="0,1" hai="9,12,19,50,54,57,83,87,91,99,101,107,108,110" machi="19" ten="30,3900,0" yaku="1,1,7,1,53,1" doraHai="61" doraHaiUra="6" who="2" fromWho="3" sc="279,0,285,0,239,49,187,-39" /><INIT seed="8,0,0,1,0,115" ten="279,285,288,148" oya="0" hai0="69,90,51,134,49,126,107,56,130,40,52,65,66" hai1="4,103,54,73,25,78,131,36,23,6,122,116,84" hai2="2,50,18,100,46,127,94,12,31,22,30,101,58" hai3="109,44,9,95,8,26,38,118,70,15,81,75,110"/><T124/><D107/><U72/><E116/><V93/><F2/><W24/><G70/><T67/><D134/><U91/><E36/><V114/><F127/><N who="0" m="48682" /><D130/><U55/><E122/><V43/><F114/><W3/><G118/><T74/><D74/><U61/><E103/><N who="2" m="39499" /><F58/><W129/><G129/><T99/><D99/><U112/><E112/><V7/><F7/><N who="1" m="2601" /><E72/><V108/><F108/><W1/><G95/><AGARI ba="0,0" hai="12,18,22,30,31,43,46,50,93,94,95" m="39499" machi="95" ten="30,1000,0" yaku="8,1" doraHai="115" who="2" fromWho="3" sc="279,0,285,0,288,10,148,-10" /><INIT seed="9,0,0,4,0,133" ten="279,285,298,138" oya="1" hai0="39,84,10,124,11,62,51,126,93,0,29,23,41" hai1="104,22,80,101,111,25,13,105,63,35,87,106,40" hai2="42,7,83,103,112,48,90,97,18,64,120,8,121" hai3="3,88,129,37,78,1,19,17,55,34,47,59,123"/><U2/><E2/><V24/><F64/><W135/><G123/><T108/><D108/><U110/><E40/><V79/><F90/><W38/><G34/><T14/><D39/><U73/><E73/><V45/><F112/><W128/><G78/><T131/><D0/><U65/><E13/><N who="2" m="5279" /><F18/><W56/><G55/><T114/><D114/><U15/><E15/><V32/><F24/><W100/><G100/><T27/><D62/><U96/><E35/><V70/><F70/><W92/><G92/><T54/><D41/><U122/><E122/><V58/><F58/><W76/><G76/><T52/><D131/><U6/><E6/><V33/><F33/><W67/><G67/><T132/><D132/><U72/><E72/><V113/><F113/><W91/><REACH who="3" step="1"/><G47/><REACH who="3" ten="279,285,298,128" step="2"/><N who="0" m="27775" /><D54/><U44/><E44/><V85/><F32/><W68/><G68/><T31/><D93/><AGARI ba="0,1" hai="42,45,48,79,83,85,93,97,103,120,121" m="5279" machi="93" ten="30,1000,0" yaku="25,1" doraHai="133" who="2" fromWho="0" sc="279,-10,285,0,298,20,128,0" owari="269,-13.1,285,8.5,318,41.8,128,-37.2" /></mjloggm>