<mjloggm ver="2.3"><GO type="169" lobby="0"/><UN n0="%E3%80%93%E6%96%B0%E5%AD%90%E6%86%A7%E3%80%93" n1="%E7%99%BD%E9%AB%AA%E9%AC%BC" n2="%73%79%6C%76%65%6F%6E" n3="%E8%B2%B4%E6%97%8F%E7%B3%BB%E9%9B%80%E5%A3%AB" dan="16,16,16,17" rate="2112.99,2126.86,2148.74,2188.90" sx="F,M,M,M"/><TAIKYOKU oya="0"/><INIT seed="0,0,0,0,0,116" ten="250,250,250,250" oya="0" hai0="24,48,83,65,84,112,108,134,58,47,119,111,18" hai1="38,130,87,14,54,30,3,13,32,97,50,70,133" hai2="0,93,49,55,115,53,39,76,61,7,81,110,94" hai3="72,1,68,95,56,25,35,106,64,6,46,57,19"/><T10/><D119/><U96/><E38/><V16/><F115/><W77/><G106/><T122/><D112/><U132/><E3/><V104/><F104/><W102/><G68/><T74/><D74/><U126/><E70/><V28/><F39/><W12/><G64/><T78/><D134/><U69/><E69/><V92/><F110/><N who="0" m="42026" /><D65/><U27/><E87/><V88/><F28/><W129/><G129/><T118/><D118/><U34/><E130/><V5/><F0/><W66/><G66/><T23/><D58/><U20/><E32/><V40/><F40/><W51/><G6/><T127/><D127/><U80/><E80/><V117/><F117/><W9/><G1/><T121/><D10/><U103/><E97/><V36/><F36/><W128/><G128/><T44/><D44/><U120/><E126/><V99/><F61/><W73/><G73/><T26/><D26/><U105/><E34/><V90/><F5/><W109/><G109/><T42/><AGARI ba="0,0" hai="18,23,24,42,47,48,78,83,84,121,122" m="42026" machi="42" ten="30,11700,0" yaku="14,1,10,1,52,2" doraHai="116" who="0" fromWho="0" sc="250,117,250,-39,250,-39,250,-39" /><INIT seed="0,1,0,4,3,45" ten="367,211,211,211" oya="0" hai0="70,52,80,32,53,2,130,118,27,9,1,68,109" hai1="104,86,81,127,6,19,99,78,4,98,7,116,42" hai2="63,15,47,12,8,3,18,24,92,88,77,28,33" hai3="111,66,35,103,73,93,72,16,125,59,124,43,71"/><T34/><D118/><U65/><E116/><V62/><F77/><W131/><G111/><T112/><D112/><U107/><E127/><N who="3" m="48714" /><G71/><T84/><D130/><U21/><E65/><V25/><F25/><W58/><G35/><T121/><D121/><U133/><E133/><V123/><F123/><W89/><G103/><T40/><D40/><U114/><E114/><V30/><F30/><W14/><G43/><T54/><D109/><U11/><E42/><V57/><F3/><N who="0" m="1034" /><D9/><U41/><E11/><V67/><F47/><W128/><G73/><T23/><D23/><U29/><E29/><V94/><F88/><W132/><G72/><T39/><D84/><U102/><E41/><V20/><REACH who="2" step="1"/><F63/><REACH who="2" ten="367,211,201,211" step="2"/><N who="3" m="38263" /><G132/><T106/><D80/><U85/><E85/><V100/><F100/><W0/><G131/><T110/><D110/><U75/><E75/><V117/><F117/><W119/><G0/><T48/><D39/><U5/><E99/><V134/><F134/><W17/><G119/><T31/><D31/><U101/><E101/><V37/><F37/><W51/><G14/><T56/><D34/><U115/><E115/><V55/><F55/><N who="3" m="32255" /><G128/><T87/><D54/><U76/><E76/><V79/><F79/><W36/><G36/><T129/><D129/><U126/><E126/><V96/><F96/><AGARI ba="1,1" hai="16,17,89,93,96" m="32255,38263,48714" machi="96" ten="30,3900,0" yaku="18,1,52,1,54,1" doraHai="45" who="3" fromWho="2" sc="367,0,211,0,201,-42,211,52" /><INIT seed="1,0,0,5,4,71" ten="367,211,159,263" oya="1" hai0="65,39,60,15,35,75,123,82,55,112,11,86,45" hai1="119,16,21,105,63,8,38,102,92,88,7,120,53" hai2="5,34,47,57,69,19,97,51,54,89,110,118,31" hai3="61,23,135,10,26,80,41,36,43,107,50,0,27"/><U68/><E119/><V113/><F118/><W70/><G107/><T52/><D112/><U6/><E120/><V37/><F69/><W121/><G135/><T17/><D123/><U29/><E29/><V12/><F113/><W18/><G121/><T108/><D35/><U48/><E105/><V79/><F110/><W115/><G115/><T33/><D33/><U85/><E102/><V101/><F79/><W73/><G50/><T128/><D75/><U104/><E104/><V46/><F5/><W59/><G70/><T116/><D116/><U2/><E6/><V49/><F89/><W94/><G0/><T14/><D108/><U100/><E100/><V106/><F37/><W40/><G10/><T58/><D128/><U1/><E1/><V103/><F103/><W87/><G94/><T74/><D74/><U9/><E9/><V78/><F78/><W64/><G73/><T93/><D93/><U25/><E38/><V124/><F124/><W22/><G36/><T131/><D131/><U134/><E134/><V126/><F126/><W130/><G130/><T81/><D15/><U77/><E77/><V67/><F67/><W3/><G3/><T117/><D117/><U99/><E68/><V13/><F49/><W125/><G125/><T127/><D127/><U20/><E20/><N who="2" m="11367" /><F13/><W4/><G4/><T44/><D39/><U28/><E63/><V98/><F98/><W83/><G87/><T132/><D132/><U66/><E66/><V84/><F84/><W111/><G111/><T76/><D82/><U56/><E85/><V32/><F32/><W42/><G42/><RYUUKYOKU ba="0,0" sc="367,0,211,0,159,0,263,0" hai0="11,14,17,44,45,52,55,58,60,65,76,81,86" hai1="2,7,8,16,21,25,28,48,53,56,88,92,99" hai2="31,34,46,47,51,54,57,97,101,106" hai3="18,22,23,26,27,40,41,43,59,61,64,80,83" /><INIT seed="1,1,0,1,0,2" ten="367,211,159,263" oya="1" hai0="49,41,124,131,32,128,122,94,73,90,109,13,69" hai1="19,11,76,57,42,132,7,111,95,98,16,36,46" hai2="47,113,83,40,61,106,27,86,48,70,55,114,30" hai3="39,80,93,26,5,71,9,117,78,135,126,25,105"/><U68/><E68/><V4/><F106/><W10/><G105/><T100/><D109/><U120/><E120/><V33/><F4/><W121/><G121/><T15/><D122/><U96/><E111/><V84/><F70/><W81/><G71/><T133/><D133/><U63/><E76/><V62/><F84/><W110/><G39/><T38/><D124/><U87/><E87/><V108/><F108/><W125/><G117/><T116/><D116/><U58/><BYE who="3" /><E132/><V17/><F17/><W37/><G37/><T1/><D1/><UN n3="%E8%B2%B4%E6%97%8F%E7%B3%BB%E9%9B%80%E5%A3%AB" /><U129/><E129/><N who="0" m="49737" /><D73/><U85/><E85/><V31/><F31/><W77/><G93/><T82/><D38/><U107/><E107/><V104/><F104/><W74/><G110/><T134/><D134/><U24/><E98/><V18/><F18/><W99/><G99/><N who="0" m="59511" /><D69/><U12/><E24/><V43/><F62/><W67/><G135/><T92/><D82/><U50/><E36/><V123/><F123/><W6/><G67/><T44/><D32/><U22/><E22/><V72/><F72/><AGARI ba="1,0" hai="5,6,9,10,25,26,72,74,77,78,80,81,125,126" machi="72" ten="25,6400,0" yaku="22,2,52,2" doraHai="2" who="3" fromWho="2" sc="367,0,211,0,159,-67,263,67" /><INIT seed="2,0,0,1,3,55" ten="367,211,92,330" oya="2" hai0="84,6,23,73,18,87,105,91,36,77,117,107,32" hai1="60,134,54,30,99,103,16,10,62,127,130,20,41" hai2="95,51,90,96,21,12,93,101,26,88,70,15,71" hai3="59,3,109,66,5,7,110,97,112,37,47,64,78"/><V63/><F101/><W120/><G120/><T65/><D117/><U28/><E130/><V92/><F92/><W104/><G112/><T14/><D36/><U81/><E127/><V24/><F51/><W69/><G69/><T25/><D73/><U113/><E41/><V67/><F71/><W132/><G132/><T58/><D32/><U126/><E113/><V122/><F122/><W94/><G104/><T102/><D102/><U72/><E126/><V2/><F2/><W13/><G3/><T125/><D125/><U19/><E134/><V40/><F40/><W33/><G33/><T34/><D77/><U44/><E81/><V121/><F121/><W131/><G47/><T114/><D114/><U27/><E72/><V1/><F1/><W49/><G37/><T22/><D34/><U8/><E8/><V17/><REACH who="2" step="1"/><F26/><REACH who="2" ten="367,211,82,330" step="2"/><W29/><G94/><T111/><D25/><U61/><E27/><V83/><F83/><W79/><G49/><T100/><D100/><U133/><E133/><V115/><F115/><W118/><G118/><T35/><D107/><U43/><E43/><V11/><F11/><W108/><G109/><T116/><D105/><U0/><E0/><V38/><F38/><W76/><G108/><T48/><D111/><U85/><E10/><V119/><F119/><W74/><G110/><T80/><D116/><U106/><E106/><V50/><F50/><W89/><G131/><T86/><D48/><U75/><E103/><V31/><F31/><W57/><G29/><T56/><D80/><U9/><E28/><V98/><AGARI ba="0,1" hai="12,15,17,21,24,63,67,70,88,90,93,95,96,98" machi="98" ten="20,12000,1" yaku="1,1,0,1,7,1,9,1,54,1,53,0" doraHai="55" doraHaiUra="52" who="2" fromWho="2" sc="367,-40,211,-40,82,130,330,-40" /><INIT seed="2,1,0,1,3,40" ten="327,171,212,290" oya="2" hai0="119,73,18,25,80,84,123,43,79,125,122,57,77" hai1="35,47,132,38,39,69,65,17,64,10,15,59,50" hai2="55,107,99,29,51,91,94,110,14,92,108,96,130" hai3="117,1,115,16,33,126,76,42,95,46,62,68,7"/><V103/><F130/><W72/><G117/><T9/><D119/><U129/><E129/><V36/><F36/><N who="3" m="21831" /><G33/><T88/><D125/><U74/><E35/><V116/><F116/><W4/><G4/><T78/><D73/><U89/><E132/><V86/><F29/><W71/><G95/><T97/><D97/><U134/><E74/><V8/><F8/><N who="3" m="2159" /><G115/><T52/><D43/><U93/><E134/><V127/><F14/><W87/><G87/><T66/><D66/><U23/><E69/><V114/><F127/><W13/><G62/><T67/><D67/><N who="1" m="25675" /><E39/><V24/><F24/><W48/><G48/><T5/><D18/><U20/><E59/><V112/><F112/><W12/><G12/><T11/><D25/><U58/><E58/><V49/><F114/><W82/><G126/><T53/><D53/><N who="1" m="29919" /><E38/><V22/><F22/><AGARI ba="1,0" hai="13,16,22,68,71,72,76,82" m="2159,21831" machi="22" ten="30,3900,0" yaku="25,1,52,1,54,1" doraHai="40" who="3" fromWho="2" sc="327,0,171,0,212,-42,290,42" /><INIT seed="3,0,0,3,2,69" ten="327,171,170,332" oya="3" hai0="135,55,73,33,15,13,120,11,83,107,75,78,4" hai1="96,48,123,6,56,88,131,30,36,51,7,84,74" hai2="77,111,25,118,19,117,67,10,95,5,129,87,32" hai3="106,127,119,18,39,126,21,124,58,17,109,34,29"/><W23/><G106/><T113/><D120/><U112/><E123/><V46/><F111/><W26/><G58/><T65/><D107/><U86/><E74/><V134/><F134/><W92/><G39/><T130/><D130/><U0/><E112/><V76/><F129/><W38/><G38/><T72/><D135/><U44/><E131/><V66/><F95/><W41/><G41/><T133/><D133/><U57/><E30/><V79/><F87/><W49/><G49/><T110/><D110/><U12/><E0/><V80/><F80/><W45/><G45/><T71/><D33/><U90/><E96/><V94/><F94/><W28/><G92/><T22/><D113/><U121/><E121/><V2/><F46/><W104/><G104/><T64/><D55/><U24/><E24/><V102/><F102/><W122/><G122/><T40/><D40/><U89/><E36/><V85/><F85/><N who="1" m="32873" /><E12/><V43/><F43/><W8/><G109/><T1/><D1/><U52/><E48/><V35/><F35/><W108/><G108/><T100/><D100/><U101/><E101/><V81/><F81/><W93/><G93/><T31/><D71/><U60/><E56/><V50/><F50/><W3/><G119/><N who="2" m="45577" /><F32/><W99/><G99/><T20/><D75/><U9/><E9/><V97/><F97/><W14/><G34/><T68/><D73/><U105/><E105/><V128/><F128/><W132/><G132/><T103/><D103/><U114/><E114/><V27/><F27/><W70/><G70/><T115/><D68/><U62/><E62/><V98/><F98/><RYUUKYOKU ba="0,0" sc="327,-30,171,10,170,10,332,10" hai1="6,7,44,51,52,57,60,88,89,90" hai2="2,5,10,19,25,66,67,76,77,79" hai3="3,8,14,17,18,21,23,26,28,29,124,126,127" /><INIT seed="3,1,0,3,5,125" ten="297,181,180,342" oya="3" hai0="19,65,119,38,14,82,24,59,13,128,67,96,116" hai1="63,118,44,57,70,91,68,107,92,72,56,2,32" hai2="110,1,40,29,51,132,7,54,121,86,69,84,89" hai3="122,28,39,103,77,80,49,50,102,60,129,31,90"/><W99/><G39/><T53/><D38/><U34/><E118/><V9/><F69/><W36/><G36/><T6/><D6/><U78/><E107/><V30/><F110/><W131/><G122/><T42/><D42/><U22/><E2/><V130/><F40/><W74/><G60/><T100/><D24/><U127/><E127/><V0/><F0/><W71/><G71/><T105/><D13/><U87/><E68/><V8/><F121/><W18/><G103/><T106/><D106/><U113/><E70/><V33/><F9/><W123/><G90/><T120/><D120/><U88/><E91/><V5/><F5/><W25/><G18/><T48/><D82/><U98/><E72/><V94/><F132/><W26/><G26/><T37/><D37/><U45/><E57/><V115/><F115/><W15/><G15/><T4/><D4/><U135/><E135/><V109/><F109/><W111/><G111/><T52/><D53/><N who="1" m="34191" /><E32/><V126/><F126/><W17/><G17/><T12/><D12/><U95/><E34/><V93/><F33/><N who="3" m="20623" /><G31/><T55/><D119/><U64/><E64/><V23/><F89/><W104/><G123/><T27/><D116/><U35/><E35/><V134/><F134/><W79/><G79/><T73/><D73/><U83/><E113/><V41/><F1/><W117/><G117/><T20/><D67/><U3/><E3/><V16/><F7/><W81/><G81/><T66/><D66/><U11/><E11/><V108/><F8/><W101/><G101/><T43/><D65/><U62/><E88/><N who="2" m="53383" /><F108/><W10/><G10/><RYUUKYOKU ba="1,0" sc="297,-10,181,-10,180,-10,342,30" hai3="49,50,74,77,80,99,102,104,129,131" /><INIT seed="3,2,0,5,0,94" ten="287,171,170,372" oya="3" hai0="109,122,6,126,61,105,130,115,41,77,51,73,40" hai1="116,54,3,72,121,91,84,58,44,79,101,131,80" hai2="86,70,129,7,117,15,99,102,63,52,111,65,103" hai3="74,107,9,78,85,43,0,50,35,75,71,93,34"/><W69/><G50/><T37/><D77/><U32/><E121/><V23/><F117/><W100/><G93/><T47/><D51/><U59/><E116/><V60/><F111/><W26/><G85/><T16/><D16/><U66/><E131/><V38/><F38/><W81/><G74/><T119/><D47/><U95/><E32/><N who="3" m="12330" /><G26/><T125/><D61/><U33/><E33/><V22/><F129/><W21/><G21/><T53/><D53/><U25/><E3/><V114/><F114/><W13/><G13/><T11/><D11/><U98/><E66/><V110/><F110/><W57/><G57/><T39/><D73/><U82/><E25/><V45/><F103/><W68/><G43/><T113/><D41/><U92/><E44/><V64/><F86/><W104/><G100/><T89/><D6/><AGARI ba="2,0" hai="0,6,9,68,69,71,75,78,81,104,107" m="12330" machi="6" ten="40,3900,0" yaku="33,2" doraHai="94" who="3" fromWho="0" sc="287,-45,171,0,170,0,372,45" /><INIT seed="3,3,0,3,5,125" ten="242,171,170,417" oya="3" hai0="91,126,11,108,110,103,50,113,49,40,62,23,17" hai1="44,102,36,68,43,120,20,9,38,81,86,112,12" hai2="109,15,96,94,21,31,75,26,5,97,54,118,63" hai3="55,1,80,83,98,39,115,29,114,89,124,71,70"/><W88/><G39/><T87/><D126/><U33/><E120/><V32/><F118/><W45/><G124/><T106/><D113/><U51/><E112/><V79/><F109/><W67/><G29/><T28/><D106/><U47/><E33/><V127/><F127/><W116/><G116/><T134/><D103/><U6/><E68/><V24/><F75/><W78/><G1/><T76/><D76/><U22/><E102/><V2/><F79/><W37/><G37/><T123/><D123/><U8/><E8/><V84/><F2/><W104/><G45/><T27/><D134/><U0/><E0/><V25/><F84/><W82/><G78/><T129/><D62/><U19/><E44/><V73/><F97/><W41/><G55/><T59/><D40/><U105/><E105/><V74/><F74/><W56/><G41/><T53/><D49/><U13/><REACH who="1" step="1"/><E20/><REACH who="1" ten="242,161,170,417" step="2"/><V34/><F34/><W117/><G70/><T121/><D121/><U131/><E131/><V69/><F32/><W93/><G71/><T92/><D110/><U35/><E35/><V4/><F69/><W132/><G117/><T64/><D108/><U72/><E72/><V107/><F73/><W48/><G104/><T42/><D23/><U60/><E60/><V99/><F107/><W16/><G115/><T122/><D122/><U14/><E14/><V57/><F15/><W52/><G114/><T30/><D11/><U46/><E46/><V101/><F99/><W18/><G98/><T65/><D27/><AGARI ba="3,1" hai="4,5,21,24,25,26,27,31,54,57,63,94,96,101" machi="27" ten="40,1300,0" yaku="8,1" doraHai="125" who="2" fromWho="0" sc="242,-22,161,0,170,32,417,0" /><INIT seed="4,0,0,3,4,25" ten="220,161,202,417" oya="0" hai0="68,135,4,5,52,119,102,67,133,112,72,105,15" hai1="77,21,117,127,30,123,53,99,62,12,2,124,48" hai2="26,35,113,92,17,76,32,27,107,20,28,36,89" hai3="128,95,86,14,37,80,114,13,9,122,38,50,109"/><T79/><D119/><U81/><E117/><V71/><F107/><W43/><G109/><T63/><D112/><U6/><E123/><V85/><F113/><W115/><G37/><T33/><D33/><U54/><E2/><V59/><F71/><W34/><G38/><T49/><D79/><U7/><E99/><V0/><F0/><W70/><G14/><T16/><D72/><U42/><E62/><V83/><F36/><W66/><G128/><T46/><D102/><U97/><E97/><V40/><F40/><W64/><G95/><T78/><D78/><U90/><E90/><V94/><F35/><W47/><G34/><T88/><D105/><U24/><E6/><V41/><F41/><W118/><G118/><T108/><D88/><U91/><E91/><V73/><REACH who="2" step="1"/><F59/><REACH who="2" ten="220,161,192,417" step="2"/><W8/><G70/><T10/><REACH who="0" step="1"/><D108/><REACH who="0" ten="210,161,192,417" step="2"/><U104/><E104/><V100/><F100/><W130/><G114/><T19/><D19/><U44/><E127/><V31/><F31/><W129/><G115/><T111/><D111/><U101/><E101/><V82/><AGARI ba="0,2" hai="17,20,26,27,28,32,73,76,82,83,85,89,92,94" machi="82" ten="20,5200,0" yaku="1,1,0,1,7,1,52,1,53,0" doraHai="25" doraHaiUra="65" who="2" fromWho="2" sc="210,-26,161,-13,192,72,417,-13" /><INIT seed="5,0,0,4,3,31" ten="184,148,264,404" oya="1" hai0="112,70,132,15,98,86,29,51,129,80,88,131,104" hai1="110,9,5,123,26,67,10,53,43,128,116,34,30" hai2="71,16,90,69,20,12,77,111,19,13,117,7,37" hai3="28,0,55,39,40,134,95,60,93,66,72,122,108"/><U96/><E116/><V45/><F117/><W102/><G72/><T127/><D112/><U2/><E123/><V64/><F111/><W8/><G40/><T6/><D70/><U57/><E110/><V68/><F7/><W78/><G39/><T75/><D127/><U76/><E128/><N who="0" m="49225" /><D132/><U74/><E67/><V82/><F90/><W105/><G105/><T44/><BYE who="3" /><D75/><U4/><E43/><V113/><F113/><W119/><G119/><T121/><D121/><U106/><E76/><UN n3="%E8%B2%B4%E6%97%8F%E7%B3%BB%E9%9B%80%E5%A3%AB" /><V21/><F45/><W36/><G28/><T14/><D29/><U1/><E74/><V22/><F37/><W87/><G8/><T42/><D6/><U120/><E120/><V24/><F64/><W46/><G55/><T56/><D56/><U92/><E106/><V114/><F114/><W33/><G93/><N who="0" m="56615" /><D104/><U115/><E115/><V27/><REACH who="2" step="1"/><F22/><REACH who="2" ten="184,148,254,404" step="2"/><W11/><G36/><T54/><D42/><U32/><E32/><V109/><F109/><W73/><G33/><T130/><D130/><U65/><E65/><V49/><F49/><W62/><G66/><T58/><D44/><U63/><E96/><V52/><F52/><W84/><G46/><T135/><D135/><U25/><E92/><V101/><F101/><W50/><G95/><T94/><D94/><U3/><E3/><V81/><F81/><W91/><G0/><T35/><D35/><U85/><E85/><AGARI ba="0,1" hai="12,13,16,19,20,21,24,27,68,69,71,77,82,85" machi="85" ten="40,5200,0" yaku="1,1,9,1,54,1,53,0" doraHai="31" doraHaiUra="124" who="2" fromWho="1" sc="184,0,148,-52,254,62,404,0" /><INIT seed="6,0,0,2,5,97" ten="184,96,316,404" oya="2" hai0="101,83,36,109,77,104,38,24,30,29,131,111,27" hai1="76,63,40,123,95,133,113,2,32,4,124,11,35" hai2="126,82,65,73,94,21,67,85,132,42,115,3,106" hai3="43,79,33,105,52,47,107,99,58,127,13,112,128"/><V92/><F3/><W53/><G33/><T103/><D131/><U16/><E123/><V70/><F73/><W121/><G121/><T59/><D59/><U31/><E113/><V18/><F115/><W25/><G112/><T108/><D104/><U9/><E76/><V37/><F126/><W130/><G79/><T135/><D77/><U75/><E75/><V5/><F5/><W22/><G13/><T14/><D14/><U122/><E122/><V87/><F132/><W68/><G68/><T116/><D83/><U71/><E40/><V1/><F1/><W61/><G53/><T41/><D41/><U10/><E71/><V120/><F120/><W51/><G127/><T26/><D135/><U60/><E124/><V45/><F106/><W62/><G61/><T15/><D15/><N who="1" m="7295" /><E133/><V19/><F19/><N who="3" m="12511" /><G99/><T91/><D91/><U39/><E39/><N who="0" m="14889" /><D116/><U110/><E110/><V20/><F70/><W88/><G88/><T56/><D56/><U66/><E9/><V28/><F28/><AGARI ba="0,0" hai="24,26,27,28,29,30,101,103,108,109,111" m="14889" machi="28" ten="40,8000,1" yaku="28,2,52,2" doraHai="97" who="0" fromWho="2" sc="184,80,96,0,316,-80,404,0" /><INIT seed="7,0,0,0,4,59" ten="264,96,236,404" oya="3" hai0="24,69,27,120,6,115,42,63,0,18,103,132,130" hai1="123,93,119,91,8,35,23,112,78,16,90,79,109" hai2="47,10,126,64,45,83,53,40,102,106,73,98,128" hai3="37,129,104,30,44,3,94,95,46,122,55,75,19"/><W84/><G75/><T17/><D120/><U107/><E123/><V70/><F126/><W62/><G104/><T57/><D69/><U65/><E109/><V71/><F128/><W131/><G3/><T88/><D130/><U26/><E119/><V1/><F53/><W29/><G19/><N who="0" m="7179" /><D0/><U114/><E107/><V9/><F47/><W89/><G37/><T31/><D132/><U111/><E111/><V99/><F99/><W49/><G44/><T117/><D117/><U33/><E65/><V2/><F10/><W80/><G122/><T41/><D115/><U68/><E68/><V34/><F34/><W97/><G94/><T72/><D72/><U110/><E110/><V101/><F101/><W77/><G131/><T36/><D36/><U85/><E8/><V92/><F92/><W100/><G100/><T28/><D103/><U58/><E35/><V116/><F116/><W5/><G5/><T32/><D32/><U133/><E33/><V86/><F86/><W12/><G12/><T21/><D6/><U43/><E133/><V22/><F22/><W13/><G13/><T118/><D118/><U11/><E11/><V87/><F73/><W7/><G7/><T60/><D88/><U121/><E121/><V48/><F9/><W38/><G38/><T108/><D108/><U134/><E134/><V127/><F127/><W124/><G124/><T96/><D96/><U113/><E43/><N who="0" m="16393" /><D57/><U15/><E26/><N who="0" m="9769" /><D21/><U52/><REACH who="1" step="1"/><E90/><REACH who="1" ten="264,86,236,404" step="2"/><N who="2" m="51583" /><F71/><W74/><G89/><T50/><D50/><AGARI ba="0,1" hai="15,16,23,50,52,58,78,79,85,91,93,112,113,114" machi="50" ten="40,12000,2" yaku="1,1,25,2,15,1,54,2,53,0" doraHai="59" doraHaiUra="25" who="1" fromWho="0" sc="264,-120,86,130,236,0,404,0" owari="144,-35.6,216,-18.4,236,3.6,404,50.4" /></mjloggm>