<mjloggm ver="2.3"><GO type="169" lobby="0"/><UN n0="%E7%8B%82%E6%B0%97%E3%81%AE%E7%9E%B3" n1="%41%4F%54" n2="%76%E3%81%B5%E3%83%BC%E3%81%A1%E3%82%83%E3%82%93%76" n3="%E5%9D%8A%E3%82%84%E3%81%A1%E3%81%A4" dan="16,18,17,16" rate="2065.53,2221.58,2179.59,2052.82" sx="M,F,M,M"/><TAIKYOKU oya="0"/><INIT seed="0,0,0,2,5,72" ten="250,250,250,250" oya="0" hai0="48,103,117,19,22,29,7,90,69,133,56,38,111" hai1="34,33,2,52,88,87,68,6,114,18,5,13,119" hai2="8,128,73,83,105,64,94,131,71,109,86,92,102" hai3="57,25,99,55,89,0,41,9,17,49,80,134,95"/><T70/><D117/><U115/><E119/><V47/><F47/><W85/><G134/><T62/><D38/><U91/><E68/><V81/><F64/><W66/><G0/><T31/><D133/><U53/><E2/><V126/><F71/><W63/><G41/><T96/><D7/><N who="1" m="2571" /><E18/><V127/><F8/><W110/><G110/><T37/><D37/><U24/><E13/><V10/><F10/><W1/><G1/><T106/><D111/><U46/><E46/><V74/><F109/><W78/><G9/><T32/><D48/><U20/><E20/><V26/><F26/><W4/><G4/><T67/><D90/><N who="1" m="34347" /><E87/><V65/><F65/><W124/><G124/><T12/><REACH who="0" step="1"/><D31/><REACH who="0" ten="240,250,250,250" step="2"/><N who="1" m="19687" /><E34/><V104/><F102/><W39/><G39/><T93/><D93/><U125/><E125/><V35/><F35/><W60/><G66/><T16/><D16/><U123/><E123/><V42/><F42/><W108/><G108/><T113/><D113/><AGARI ba="0,1" hai="52,53,113,114,115" m="19687,34347,2571" machi="113" ten="30,3900,0" yaku="11,1,54,2" doraHai="72" who="1" fromWho="0" sc="240,-39,250,49,250,0,250,0" /><INIT seed="1,0,0,4,2,25" ten="201,299,250,250" oya="1" hai0="122,94,4,126,125,109,8,65,120,58,48,31,103" hai1="38,104,68,117,112,29,3,14,116,98,90,91,57" hai2="39,50,42,119,132,18,97,130,69,80,32,21,1" hai3="53,16,101,72,79,52,37,59,12,82,107,6,118"/><U102/><E112/><V124/><F119/><W89/><G118/><T43/><D109/><U75/><E3/><V78/><F32/><W100/><G37/><T22/><D43/><U70/><E38/><V46/><F124/><N who="0" m="47722" /><D48/><U108/><E75/><V86/><F130/><W15/><G107/><T135/><D135/><U44/><E108/><V106/><F69/><W115/><G115/><T66/><D58/><U5/><E44/><V61/><F1/><W41/><G41/><T23/><D23/><U87/><E91/><V33/><F33/><W88/><G6/><T84/><D84/><U34/><E70/><V73/><F132/><W11/><G12/><N who="0" m="5127" /><D94/><U26/><E68/><V134/><F134/><W2/><G2/><T99/><D99/><U96/><E96/><V13/><F61/><W49/><REACH who="3" step="1"/><G53/><REACH who="3" ten="201,299,250,240" step="2"/><T63/><D66/><U54/><E14/><V10/><F39/><W85/><G85/><T81/><D120/><U133/><E5/><V131/><F131/><W93/><G93/><T113/><D122/><U114/><E133/><V74/><F106/><W64/><G64/><T76/><D113/><U24/><E114/><V19/><F97/><W47/><G47/><T30/><D65/><U105/><E105/><V77/><F77/><W36/><G36/><T28/><D103/><AGARI ba="0,1" hai="11,15,16,49,52,59,72,79,82,88,89,100,101,103" machi="103" ten="40,8000,1" yaku="1,1,54,3,53,0" doraHai="25" doraHaiUra="110" who="3" fromWho="0" sc="201,-80,299,0,250,0,240,90" /><INIT seed="2,0,0,4,0,12" ten="121,299,250,330" oya="2" hai0="35,115,24,119,14,85,128,93,116,126,4,72,23" hai1="112,39,45,15,32,81,87,65,107,86,79,104,40" hai2="57,30,90,110,21,80,63,102,43,117,62,58,61" hai3="118,53,133,91,135,18,76,82,113,49,70,50,42"/><V103/><F117/><N who="0" m="45130" /><D72/><U47/><E112/><V22/><F110/><W106/><G106/><T36/><D36/><U84/><E32/><V17/><F43/><W33/><G33/><T6/><D115/><U26/><E65/><V92/><F80/><W121/><G70/><T130/><D85/><U97/><E26/><N who="2" m="14639" /><F30/><W16/><G118/><T29/><D93/><U94/><E47/><V67/><F22/><W100/><G100/><N who="2" m="38441" /><F57/><N who="3" m="32943" /><G121/><T38/><D38/><U28/><E28/><V0/><F0/><W48/><G113/><T111/><D111/><U59/><E59/><V34/><F34/><W8/><G8/><N who="0" m="4375" /><D4/><U68/><E68/><V96/><AGARI ba="0,0" hai="58,61,62,63,67,90,92,96" m="38441,14639" machi="96" ten="30,3000,0" yaku="8,1,52,1" doraHai="12" who="2" fromWho="2" sc="121,-10,299,-10,250,30,330,-10" /><INIT seed="2,1,0,0,3,76" ten="111,289,280,320" oya="2" hai0="120,109,53,74,24,39,73,116,17,82,41,126,58" hai1="46,38,14,15,110,83,69,96,31,113,111,119,28" hai2="100,108,91,88,44,40,85,43,89,2,49,33,72" hai3="95,86,115,64,25,127,27,60,71,16,8,54,59"/><V67/><F72/><W62/><G115/><T125/><D120/><U114/><E69/><V79/><F33/><W51/><G127/><T99/><D109/><N who="1" m="41483" /><E119/><V101/><F108/><W35/><G35/><T97/><D116/><U34/><E96/><V124/><F2/><W4/><G62/><T1/><D1/><U65/><E65/><V122/><F122/><W70/><G70/><T84/><D41/><N who="1" m="22839" /><E34/><V42/><F67/><W12/><G4/><T23/><D39/><U10/><E83/><N who="2" m="47359" /><F124/><N who="0" m="47722" /><D73/><U123/><E123/><V22/><F22/><W121/><G121/><T135/><D74/><U102/><E102/><AGARI ba="1,0" hai="40,42,43,44,49,88,89,91,100,101,102" m="47359" machi="102" ten="30,5800,0" yaku="8,1,52,1,54,1" doraHai="76" who="2" fromWho="1" sc="111,0,289,-61,280,61,320,0" /><INIT seed="2,2,0,1,1,16" ten="111,228,341,320" oya="2" hai0="106,20,96,70,105,91,93,43,134,15,121,10,46" hai1="132,59,73,92,52,83,76,130,82,18,42,2,127" hai2="120,60,116,22,62,126,63,41,5,107,122,114,115" hai3="124,57,40,131,77,33,27,1,58,94,53,47,17"/><V123/><F107/><W44/><G124/><T112/><D121/><U99/><E2/><V133/><F5/><W6/><G131/><T11/><D112/><N who="2" m="43050" /><F22/><W19/><G77/><T26/><D134/><U117/><E117/><V90/><F90/><W30/><G58/><T119/><D70/><U67/><E127/><V111/><F126/><W109/><G109/><T48/><D119/><U36/><E130/><V72/><F72/><W34/><G34/><T78/><D11/><U98/><E132/><V84/><F84/><W71/><G71/><T97/><D78/><U9/><E83/><V66/><F116/><W38/><G44/><T75/><D75/><U68/><E18/><V125/><F125/><W65/><G65/><T74/><D74/><U118/><E9/><V39/><F133/><W51/><G6/><T86/><D105/><U29/><E29/><V0/><F0/><W13/><G1/><T87/><D106/><U81/><E81/><V37/><F111/><W45/><G47/><T104/><D104/><U8/><E8/><V4/><F4/><W95/><G19/><N who="0" m="8695" /><D96/><U32/><E32/><V28/><F28/><AGARI ba="2,0" hai="20,26,28,43,46,48,86,87,91,93,97" m="8695" machi="28" ten="30,2000,0" yaku="8,1,52,1" doraHai="16" who="0" fromWho="2" sc="111,26,228,0,341,-26,320,0" /><INIT seed="3,0,0,0,4,111" ten="137,228,315,320" oya="3" hai0="107,133,6,78,45,19,9,44,76,128,100,135,12" hai1="80,63,108,132,3,15,22,127,36,92,87,60,67" hai2="81,33,93,18,37,56,48,66,70,99,113,94,64" hai3="43,85,13,41,68,104,30,82,2,39,5,59,116"/><W58/><G116/><T79/><D128/><U126/><E3/><V120/><F37/><W26/><G68/><T84/><D84/><U98/><E36/><V61/><F33/><W103/><G2/><T47/><REACH who="0" step="1"/><D19/><REACH who="0" ten="127,228,315,320" step="2"/><N who="1" m="10623" /><E108/><V65/><F18/><W125/><G85/><T134/><D134/><U77/><E132/><V72/><F72/><W131/><G131/><T25/><D25/><U95/><E127/><V62/><F66/><W28/><G125/><T24/><D24/><U29/><E126/><V1/><F65/><W49/><G28/><T83/><D83/><U90/><E29/><V97/><F64/><W71/><G82/><T121/><D121/><U124/><E67/><V32/><F81/><W54/><G30/><T75/><D75/><U102/><E124/><V69/><F120/><W42/><G26/><T20/><D20/><U86/><AGARI ba="0,1" hai="60,63,77,80,86,87,90,92,95,98,102" m="10623" machi="86" ten="30,1100,0" yaku="8,1" doraHai="111" who="1" fromWho="1" sc="127,-3,228,21,315,-3,320,-5" /><INIT seed="4,0,0,5,3,42" ten="124,249,312,315" oya="0" hai0="57,59,87,89,86,56,27,55,53,43,119,2,44" hai1="96,61,97,48,107,3,102,122,31,118,117,124,33" hai2="40,35,5,133,30,64,32,68,108,46,120,78,75" hai3="105,73,130,135,41,77,104,6,16,4,22,71,9"/><T37/><D2/><U112/><E122/><V51/><F108/><W65/><G135/><T103/><D119/><U121/><E121/><V13/><F120/><W110/><G110/><T82/><D103/><U10/><E124/><V79/><F75/><W39/><G130/><T20/><REACH who="0" step="1"/><D87/><REACH who="0" ten="114,249,312,315" step="2"/><U85/><E85/><V100/><F100/><W134/><G73/><T1/><D1/><U116/><E102/><V21/><F133/><W92/><G134/><T0/><D0/><U52/><E3/><V125/><F125/><W49/><G105/><T126/><D126/><U28/><E107/><V45/><F79/><W19/><G104/><T132/><D132/><U62/><E118/><V123/><F78/><W90/><G77/><T106/><D106/><U47/><E117/><V91/><F91/><W69/><G69/><T114/><D114/><U23/><E112/><V98/><F123/><W128/><G71/><T66/><D66/><U67/><E67/><V111/><F64/><W54/><G65/><T99/><D99/><U58/><E97/><V101/><F68/><W25/><G128/><T24/><D24/><U115/><E96/><V7/><F98/><W60/><G25/><T93/><D93/><U129/><E115/><V76/><F101/><W84/><G92/><T72/><D72/><U50/><E116/><V70/><F76/><W38/><G84/><T34/><D34/><U11/><E129/><V74/><F70/><W29/><G90/><T113/><D113/><U18/><E33/><V8/><F74/><W109/><G109/><T63/><D63/><U14/><E62/><RYUUKYOKU ba="0,1" sc="114,30,249,-10,312,-10,315,-10" hai0="20,27,37,43,44,53,55,56,57,59,82,86,89" /><INIT seed="4,1,1,1,5,55" ten="144,239,302,305" oya="0" hai0="120,102,72,80,69,51,3,4,135,129,75,89,67" hai1="27,61,50,54,122,44,94,63,70,12,40,28,127" hai2="22,8,118,5,66,84,88,85,107,33,87,101,59" hai3="42,91,117,23,37,99,134,97,57,108,130,114,48"/><T35/><D120/><U11/><E122/><V96/><F33/><W6/><G117/><T100/><D35/><U34/><E127/><V36/><F36/><W78/><G108/><T25/><D135/><U128/><E128/><V83/><F118/><W41/><G37/><T53/><D129/><U92/><E70/><V15/><REACH who="2" step="1"/><F22/><REACH who="2" ten="144,239,292,305" step="2"/><W29/><G23/><T1/><D25/><U58/><REACH who="1" step="1"/><E63/><AGARI ba="1,2" hai="5,8,15,59,63,66,83,84,85,87,88,96,101,107" machi="63" ten="40,8000,1" yaku="1,1,2,1,52,1,54,1,53,1" doraHai="55" doraHaiUra="76" who="2" fromWho="1" sc="144,0,239,-83,292,103,305,0" /><INIT seed="5,0,0,0,3,72" ten="144,156,395,305" oya="1" hai0="64,109,16,96,77,66,4,81,99,8,125,33,124" hai1="41,45,34,21,50,127,74,75,105,13,119,58,94" hai2="133,12,92,29,89,65,10,62,18,11,60,107,79" hai3="56,100,32,42,19,28,110,85,20,112,111,103,39"/><U6/><E105/><V120/><F107/><W52/><G112/><T5/><D33/><U129/><E119/><V93/><F120/><W59/><G32/><T15/><D109/><U113/><E34/><V46/><F29/><W80/><G28/><T116/><D116/><U36/><E113/><V90/><F133/><W57/><G42/><T55/><D55/><U30/><E127/><N who="0" m="48713" /><D66/><U82/><E129/><V134/><F79/><N who="3" m="46239" /><G39/><T1/><D64/><U132/><E132/><V87/><F134/><W14/><G111/><T53/><D53/><U78/><E75/><V0/><F46/><W73/><G73/><N who="0" m="43183" /><D5/><U17/><E6/><V27/><F27/><W3/><G3/><T68/><D68/><U40/><E30/><V7/><F65/><W123/><G123/><T104/><D104/><U126/><E126/><V101/><F101/><N who="3" m="38987" /><G110/><T24/><D24/><U83/><E41/><V97/><AGARI ba="0,0" hai="0,7,10,11,12,18,60,62,87,89,90,92,93,97" machi="97" ten="20,1500,0" yaku="0,1,7,1" doraHai="72" who="2" fromWho="2" sc="144,-4,156,-7,395,15,305,-4" /><INIT seed="6,0,0,0,0,17" ten="140,149,410,301" oya="2" hai0="5,91,115,9,28,116,124,85,65,24,131,39,104" hai1="130,56,7,63,43,123,111,110,98,107,33,50,109" hai2="36,4,22,72,74,64,125,92,62,3,95,51,126" hai3="16,18,113,14,93,120,119,27,77,100,73,82,69"/><V8/><F36/><W71/><G119/><T117/><D104/><U31/><E7/><V79/><F51/><W11/><G120/><T52/><D39/><U83/><E123/><V81/><F74/><W132/><G132/><T128/><D115/><U86/><E130/><N who="0" m="49705" /><D65/><U97/><E31/><V103/><F22/><W37/><G37/><T15/><D124/><N who="2" m="47722" /><F103/><W47/><G113/><T102/><D102/><U108/><E33/><V58/><AGARI ba="0,0" hai="3,4,8,58,62,64,72,79,81,92,95" m="47722" machi="58" ten="30,1500,0" yaku="18,1" doraHai="17" who="2" fromWho="2" sc="140,-5,149,-5,410,15,301,-5" /><INIT seed="6,1,0,0,3,13" ten="135,144,425,296" oya="2" hai0="122,32,38,48,109,78,16,43,135,31,56,19,130" hai1="37,131,101,114,69,10,51,5,55,84,115,36,41" hai2="132,80,128,77,112,15,87,92,35,107,113,57,25" hai3="123,7,65,1,81,108,133,98,70,71,124,23,117"/><V74/><F107/><W76/><G117/><T127/><D122/><U50/><E101/><V46/><F128/><W121/><G108/><T79/><D109/><U2/><E69/><V53/><F46/><W27/><G124/><T91/><D38/><U129/><E84/><V66/><F66/><W103/><G133/><T126/><D135/><U59/><E51/><V14/><F132/><W75/><G7/><T20/><D32/><U6/><E6/><V28/><F92/><W60/><G1/><T44/><D130/><N who="1" m="49675" /><E41/><V29/><F29/><W30/><G71/><T68/><D68/><U134/><E134/><V9/><F87/><W42/><G42/><T119/><D119/><U0/><E0/><V17/><REACH who="2" step="1"/><F14/><REACH who="2" ten="135,144,415,296" step="2"/><W93/><AGARI ba="1,1" hai="23,27,30,60,65,70,75,76,81,93,98,103,121,123" machi="93" ten="20,1500,0" yaku="0,1,7,1" doraHai="13" who="3" fromWho="3" sc="135,-5,144,-5,415,-8,296,28" /><INIT seed="7,0,0,2,0,18" ten="130,139,407,324" oya="3" hai0="15,40,0,96,24,107,118,105,3,64,131,85,44" hai1="82,125,23,102,113,119,53,14,12,65,74,129,41" hai2="101,20,32,69,103,127,90,83,112,56,59,128,92" hai3="79,6,52,33,5,63,75,34,135,88,116,30,42"/><W68/><G116/><T81/><D118/><U36/><E119/><V91/><F32/><W29/><G42/><T133/><D64/><U78/><E102/><N who="2" m="38923" /><F69/><W93/><G135/><T25/><D133/><U46/><E113/><V31/><F127/><W99/><G34/><T98/><D107/><U109/><E129/><V10/><F10/><W17/><G33/><T121/><D121/><U16/><E125/><V94/><F83/><W27/><G79/><N who="0" m="46271" /><D105/><U108/><E65/><V13/><F112/><W72/><G75/><T66/><D0/><U95/><E95/><N who="2" m="36395" /><F128/><W126/><G72/><T123/><D3/><U73/><E73/><V9/><F20/><N who="3" m="13711" /><G68/><T43/><D123/><U57/><E14/><V58/><F31/><N who="3" m="11787" /><G126/><T35/><D35/><U22/><E22/><V89/><F89/><W51/><G63/><AGARI ba="0,0" hai="12,16,23,36,41,46,53,57,63,74,78,82,108,109" machi="63" ten="30,3900,0" yaku="7,1,52,1,54,1" doraHai="18" who="1" fromWho="3" sc="130,0,139,39,407,0,324,-39" owari="130,-37.0,178,-22.2,407,50.7,285,8.5" /></mjloggm>