<mjloggm ver="2.3"><GO type="169" lobby="0"/><UN n0="%41%4C%50%45%52%49%4E" n1="%E7%99%BD%E3%81%AE%E7%A9%BA" n2="%EF%BC%AE%EF%BC%A1%EF%BC%AF%33%33%39" n3="%6D%73%64%31%31%32%30" dan="16,17,16,17" rate="2129.43,2151.33,2124.85,2206.69" sx="M,M,M,M"/><TAIKYOKU oya="0"/><INIT seed="0,0,0,3,4,41" ten="250,250,250,250" oya="0" hai0="15,126,14,107,115,120,2,65,125,98,1,128,123" hai1="59,114,52,121,113,18,7,90,117,103,104,54,86" hai2="56,51,50,101,78,19,118,68,3,8,93,64,127" hai3="26,91,11,35,29,48,92,42,69,74,31,61,57"/><T88/><D115/><N who="1" m="44043" /><E121/><V135/><F68/><W112/><G74/><T81/><D128/><U58/><E117/><V5/><F78/><W109/><G109/><T124/><D65/><U36/><E7/><V119/><F19/><W132/><G132/><T105/><D81/><U10/><E36/><V83/><F83/><W116/><G116/><N who="2" m="44585" /><F135/><W37/><G37/><T102/><D107/><U0/><E103/><V67/><F127/><W49/><G31/><T53/><D53/><N who="1" m="20587" /><E104/><V130/><F130/><W47/><G69/><T106/><D106/><U110/><E110/><V34/><F34/><W75/><G75/><T6/><D6/><N who="1" m="1351" /><E18/><V76/><F76/><W73/><G73/><T55/><D55/><U32/><E32/><V77/><F77/><W44/><G112/><T87/><D2/><U62/><E62/><N who="2" m="37959" /><F67/><W38/><G35/><T95/><REACH who="0" step="1"/><D1/><REACH who="0" ten="240,250,250,250" step="2"/><U21/><E21/><V30/><F3/><W122/><G122/><AGARI ba="0,1" hai="14,15,87,88,95,98,102,105,120,122,123,124,125,126" machi="122" ten="50,12000,1" yaku="1,1,2,1,18,1,54,1,53,0" doraHai="41" doraHaiUra="72" who="0" fromWho="3" sc="240,130,250,0,250,0,250,-120" /><INIT seed="0,1,0,5,2,54" ten="370,250,250,130" oya="0" hai0="68,45,76,38,59,96,126,95,114,90,0,111,132" hai1="109,52,78,29,74,87,86,42,72,44,110,88,123" hai2="27,116,2,56,22,133,6,89,125,43,3,49,73" hai3="135,15,94,84,31,55,77,53,36,12,35,115,10"/><T92/><D114/><U67/><E123/><V127/><F73/><W66/><G135/><T97/><D68/><U131/><E131/><V81/><F6/><W113/><G36/><T16/><D132/><U50/><E67/><V119/><F133/><W28/><G66/><T70/><D70/><U5/><E29/><V41/><F81/><W26/><G31/><T83/><D0/><N who="2" m="42" /><F89/><W91/><G77/><T64/><D126/><N who="2" m="48138" /><F22/><W37/><G37/><T13/><D111/><N who="1" m="42507" /><E5/><V104/><F27/><W14/><REACH who="3" step="1"/><G10/><REACH who="3" ten="370,250,250,120" step="2"/><T60/><D38/><N who="1" m="21591" /><E78/><V61/><F119/><W108/><G108/><T62/><D76/><U7/><E7/><V101/><F116/><W85/><G85/><T122/><D122/><U17/><E87/><V57/><F104/><W117/><G117/><T75/><D75/><U99/><E17/><V25/><F25/><W39/><G39/><T103/><D83/><N who="1" m="49247" /><E99/><V93/><F93/><W124/><G124/><T107/><D95/><U121/><E121/><V82/><F82/><W51/><G51/><T120/><D120/><U128/><E128/><V40/><F49/><W129/><G129/><T80/><D80/><U134/><E134/><V34/><F34/><W23/><G23/><T21/><D62/><U48/><E48/><V11/><F11/><W32/><G32/><T100/><D107/><U9/><E9/><V19/><F61/><W63/><G63/><T71/><D97/><U130/><E130/><V118/><F118/><W69/><G69/><T24/><D71/><U8/><E8/><V1/><F1/><W112/><AGARI ba="1,1" hai="12,14,15,26,28,35,53,55,84,91,94,112,113,115" machi="112" ten="40,2700,0" yaku="1,1,0,1,53,0" doraHai="54" doraHaiUra="65" who="3" fromWho="3" sc="370,-14,250,-8,250,-8,120,40" /><INIT seed="1,0,0,0,5,1" ten="356,242,242,160" oya="1" hai0="7,72,116,110,87,90,134,65,8,76,39,10,75" hai1="19,24,59,36,23,54,105,125,133,119,103,66,128" hai2="58,132,85,18,123,100,129,6,52,28,20,101,80" hai3="27,61,79,109,38,32,3,0,51,104,14,49,114"/><U29/><E119/><V50/><F123/><W102/><G109/><T122/><D116/><U44/><E133/><V83/><F132/><W117/><G38/><T113/><D113/><U108/><E108/><V2/><F28/><W107/><G79/><T111/><D39/><U95/><E128/><V77/><F129/><W96/><G114/><T53/><D134/><U89/><E125/><V41/><F41/><W120/><G120/><T25/><D122/><U98/><E66/><V16/><F18/><W4/><G107/><T47/><D65/><U48/><E29/><V82/><F6/><W31/><G117/><T88/><D25/><U30/><E30/><V13/><F2/><W9/><G0/><T43/><D53/><U92/><REACH who="1" step="1"/><E89/><REACH who="1" ten="356,232,242,160" step="2"/><V67/><F67/><W60/><G3/><T12/><D90/><U5/><E5/><V84/><F82/><W130/><G130/><T33/><D111/><U86/><E86/><V131/><F131/><W42/><REACH who="3" step="1"/><G42/><AGARI ba="0,1" hai="19,23,24,36,42,44,48,54,59,92,95,98,103,105" machi="42" ten="40,2000,0" yaku="1,1,53,0" doraHai="1" doraHaiUra="74" who="1" fromWho="3" sc="356,0,232,30,242,0,160,-20" /><INIT seed="1,1,0,1,3,128" ten="356,262,242,140" oya="1" hai0="23,73,15,135,132,92,37,118,110,32,98,46,84" hai1="89,85,102,67,124,105,60,77,38,14,69,88,19" hai2="71,16,43,64,121,75,93,13,27,26,44,114,3" hai3="122,125,42,0,20,31,66,18,95,40,45,28,49"/><U106/><E124/><V17/><F75/><W61/><G0/><T50/><D32/><U115/><E115/><V7/><F121/><W112/><G125/><T8/><D73/><U117/><E117/><V96/><F3/><W83/><G122/><T24/><D118/><U41/><E77/><V63/><F7/><W76/><G42/><T55/><D110/><U33/><E33/><V48/><F114/><W59/><G112/><T108/><D84/><U11/><E102/><V82/><F82/><W65/><G65/><T52/><D37/><U58/><E58/><V91/><REACH who="2" step="1"/><F17/><REACH who="2" ten="356,262,232,140" step="2"/><W74/><REACH who="3" step="1"/><G95/><REACH who="3" ten="356,262,232,130" step="2"/><T116/><D92/><U126/><E126/><V107/><F107/><W36/><G36/><T54/><D116/><U94/><E38/><V29/><F29/><W131/><G131/><T62/><D108/><U113/><E113/><V86/><F86/><W79/><G79/><T12/><D98/><U51/><E105/><V134/><F134/><W4/><G4/><T30/><D135/><U127/><E106/><V101/><F101/><W130/><G130/><T57/><D132/><U97/><E127/><V120/><F120/><W34/><G34/><T109/><D109/><U70/><E85/><V129/><F129/><W2/><G2/><T35/><D35/><U6/><E6/><V78/><F78/><W133/><G133/><T56/><D30/><U72/><E72/><V5/><F5/><W39/><G39/><T68/><D68/><N who="1" m="42087" /><E89/><V10/><AGARI ba="1,2" hai="10,13,16,26,27,43,44,48,63,64,71,91,93,96" machi="10" ten="20,5200,0" yaku="1,1,0,1,7,1,54,1,53,0" doraHai="128" doraHaiUra="123" who="2" fromWho="2" sc="356,-14,262,-27,232,75,130,-14" /><INIT seed="2,0,0,3,2,62" ten="342,235,307,116" oya="2" hai0="103,12,86,20,109,39,57,8,129,26,67,56,81" hai1="4,13,55,52,63,112,116,72,80,131,101,35,82" hai2="118,37,44,94,48,15,76,126,70,93,54,47,33" hai3="1,89,110,40,7,3,9,42,125,102,19,95,14"/><V88/><F118/><W113/><G110/><T74/><D39/><U78/><E116/><V111/><F33/><W92/><G125/><T98/><D74/><U66/><E112/><V46/><F70/><W73/><G73/><T104/><D109/><U64/><E35/><V65/><F111/><W22/><G113/><T10/><D129/><U32/><E32/><V49/><F37/><W6/><G102/><T53/><D67/><N who="1" m="25643" /><E131/><V114/><F114/><W122/><G95/><T50/><D57/><N who="1" m="35239" /><E72/><V68/><F76/><W51/><G51/><T124/><D12/><U59/><E78/><V38/><F38/><W60/><G60/><T29/><D124/><U99/><E99/><V96/><F126/><W25/><G122/><T58/><D58/><U21/><E101/><V120/><F120/><W105/><G105/><T69/><D69/><U108/><E108/><V135/><F65/><W107/><G107/><T134/><D134/><U16/><E4/><V41/><F135/><W34/><G7/><T36/><D36/><U100/><E100/><V84/><F68/><W97/><REACH who="3" step="1"/><G1/><REACH who="3" ten="342,235,307,106" step="2"/><T128/><D128/><U127/><E127/><V2/><F2/><W11/><G11/><T91/><AGARI ba="0,1" hai="8,10,20,26,29,50,53,56,81,86,91,98,103,104" machi="91" ten="20,1500,0" yaku="0,1,7,1" doraHai="62" who="0" fromWho="0" sc="342,25,235,-4,307,-7,106,-4" /><INIT seed="3,0,0,1,5,34" ten="367,231,300,102" oya="3" hai0="57,68,131,124,70,39,75,133,11,15,40,17,3" hai1="14,56,123,85,78,97,73,135,12,111,125,90,109" hai2="106,76,130,8,19,117,105,13,30,2,67,115,35" hai3="21,53,63,23,47,9,113,32,64,51,84,126,86"/><W87/><G126/><T89/><D75/><U95/><E123/><V100/><F115/><W44/><G113/><T42/><D131/><U66/><E125/><V59/><F117/><W38/><G32/><T28/><D124/><U31/><E135/><V120/><F76/><W24/><G9/><T26/><D133/><U74/><E31/><V83/><F83/><W116/><G116/><T48/><D3/><U93/><E66/><V102/><F130/><W108/><G108/><N who="1" m="41546" /><E56/><V119/><F119/><W69/><G24/><T134/><D134/><U94/><E12/><V112/><F112/><W91/><REACH who="3" step="1"/><G91/><REACH who="3" ten="367,231,300,92" step="2"/><T33/><D26/><U55/><E78/><V18/><F35/><W43/><AGARI ba="0,1" hai="21,23,38,43,44,47,51,53,63,64,69,84,86,87" machi="43" ten="30,6000,0" yaku="1,1,2,1,0,1,53,0" doraHai="34" doraHaiUra="107" who="3" fromWho="3" sc="367,-20,231,-20,300,-20,92,70" /><INIT seed="3,1,0,3,4,4" ten="347,211,280,162" oya="3" hai0="14,126,8,52,94,19,57,93,130,112,63,89,84" hai1="5,2,31,62,36,24,68,78,115,65,131,27,87" hai2="33,55,105,85,116,34,70,106,72,66,124,32,3" hai3="96,15,91,83,134,81,107,6,53,92,77,79,71"/><W121/><G71/><T64/><D126/><U41/><E115/><V7/><F85/><W110/><G121/><T118/><D130/><U9/><E131/><V21/><F21/><W23/><G134/><T18/><D112/><U132/><E132/><V17/><F17/><N who="3" m="10687" /><G107/><T76/><D118/><U50/><E36/><V61/><F55/><W102/><G6/><T43/><D43/><U90/><E78/><N who="3" m="29706" /><G110/><T88/><D76/><U82/><E31/><V75/><F116/><W20/><G20/><T16/><D64/><U49/><REACH who="1" step="1"/><E41/><REACH who="1" ten="347,201,280,162" step="2"/><V73/><F124/><W37/><G37/><T54/><D54/><U97/><E97/><AGARI ba="1,1" hai="8,14,16,18,19,52,57,63,84,88,89,93,94,97" machi="97" ten="30,12000,2" yaku="7,1,8,1,52,1,54,3" doraHai="4" who="0" fromWho="1" sc="347,133,201,-123,280,0,162,0" /><INIT seed="4,0,0,1,2,45" ten="480,78,280,162" oya="0" hai0="132,69,15,49,0,89,82,29,38,77,135,61,44" hai1="107,30,100,60,72,134,54,22,21,73,71,127,76" hai2="6,50,90,14,63,129,83,34,9,126,64,106,95" hai3="120,62,24,91,110,87,94,7,103,3,43,108,39"/><T112/><D0/><U79/><E134/><N who="0" m="51241" /><D112/><U48/><E127/><V16/><F106/><W17/><G120/><T80/><D29/><U26/><E100/><V118/><F34/><W4/><G103/><T78/><D38/><U65/><E107/><V74/><F126/><W70/><G39/><T68/><D89/><U114/><E114/><V23/><F129/><W105/><G43/><N who="0" m="24735" /><D15/><U46/><REACH who="1" step="1"/><E22/><REACH who="1" ten="480,68,280,162" step="2"/><V10/><F23/><W58/><G110/><T19/><D19/><U36/><E36/><V85/><F118/><W116/><G116/><T128/><D128/><U47/><E47/><V124/><F124/><W104/><G105/><T99/><D99/><U20/><E20/><V123/><F123/><W101/><G101/><T102/><D102/><U13/><E13/><V86/><F16/><W2/><G104/><T111/><D111/><U33/><E33/><V96/><F96/><W28/><G2/><T115/><D115/><U81/><E81/><V35/><F35/><W1/><G1/><T27/><D82/><U131/><E131/><V32/><F32/><W125/><G3/><T41/><D80/><U55/><E55/><V92/><F83/><W75/><G125/><T66/><D78/><AGARI ba="0,1" hai="21,26,30,46,48,54,60,65,71,72,73,76,78,79" machi="78" ten="40,2600,0" yaku="1,1,52,1,53,0" doraHai="45" doraHaiUra="31" who="1" fromWho="0" sc="480,-26,68,36,280,0,162,0" /><INIT seed="5,0,0,0,5,124" ten="454,104,280,162" oya="1" hai0="37,59,88,78,111,1,68,116,23,41,52,22,47" hai1="121,46,76,133,5,3,91,28,53,57,0,43,50" hai2="126,26,16,56,71,130,80,66,29,99,107,109,127" hai3="4,9,25,82,131,27,83,21,101,30,92,42,15"/><U86/><E121/><V70/><F109/><W93/><G42/><T75/><D111/><U13/><E133/><V38/><F38/><W40/><G40/><T33/><D116/><U34/><E34/><V48/><F80/><W87/><G131/><T118/><D118/><U89/><E28/><V45/><F107/><W94/><G101/><T105/><D33/><U85/><E85/><V98/><F29/><W100/><G100/><T132/><D105/><U64/><E64/><V115/><F56/><W44/><G44/><T67/><D1/><U103/><E103/><V122/><F122/><W14/><G27/><T17/><D78/><U31/><E31/><V8/><F115/><W24/><G24/><T74/><D88/><U72/><E72/><N who="0" m="27689" /><D17/><U6/><E6/><V102/><F102/><W19/><REACH who="3" step="1"/><G87/><REACH who="3" ten="454,104,280,152" step="2"/><T97/><D132/><U35/><E35/><AGARI ba="0,1" hai="4,9,14,15,19,21,25,30,35,82,83,92,93,94" machi="35" ten="40,2600,0" yaku="1,1,2,1,53,0" doraHai="124" doraHaiUra="128" who="3" fromWho="1" sc="454,0,104,-26,280,0,152,36" /><INIT seed="6,0,0,5,0,122" ten="454,78,280,188" oya="2" hai0="37,113,46,135,43,58,21,86,50,73,89,53,94" hai1="103,87,34,77,57,125,71,130,85,24,98,104,106" hai2="35,84,107,120,10,32,15,36,14,90,127,31,18" hai3="121,110,93,101,28,102,81,65,61,44,75,25,6"/><V2/><F36/><W51/><G6/><T59/><D73/><U40/><E71/><V52/><F107/><W5/><G5/><T80/><D113/><U12/><E40/><V119/><F120/><W26/><G110/><T72/><D135/><U100/><E57/><V116/><F2/><W7/><G7/><T39/><D59/><U19/><E34/><V23/><F127/><W133/><G133/><T109/><D109/><U69/><E69/><V83/><F32/><W63/><G63/><T33/><D33/><U9/><E125/><V49/><F35/><W91/><G25/><T17/><D72/><U45/><E45/><V56/><REACH who="2" step="1"/><F31/><REACH who="2" ten="454,78,270,188" step="2"/><W123/><G123/><T4/><D39/><U55/><E106/><V47/><F47/><W13/><G121/><T132/><D132/><U95/><E104/><V22/><F22/><W128/><G44/><T96/><D4/><AGARI ba="0,1" hai="4,10,14,15,18,23,49,52,56,83,84,90,116,119" machi="4" ten="30,5800,0" yaku="1,1,7,1,54,1,53,0" doraHai="122" doraHaiUra="74" who="2" fromWho="0" sc="454,-58,78,0,270,68,188,0" /><INIT seed="6,1,0,4,4,35" ten="396,78,338,188" oya="2" hai0="49,22,34,55,48,40,87,91,121,37,101,85,60" hai1="88,97,83,72,16,36,78,109,13,56,67,46,62" hai2="39,12,102,94,125,32,8,127,86,123,57,20,119" hai3="5,68,75,15,132,38,117,73,95,26,53,115,108"/><V89/><F119/><W44/><G108/><T70/><D34/><U33/><E33/><V6/><F32/><W66/><G117/><T107/><D121/><U120/><E120/><V27/><F123/><W17/><G132/><T96/><D37/><U111/><E36/><V135/><F39/><W80/><G68/><T24/><D40/><U79/><E46/><V122/><F122/><W93/><G66/><T28/><D85/><U105/><E105/><V130/><F135/><W21/><G75/><T42/><D42/><U10/><REACH who="1" step="1"/><E79/><REACH who="1" ten="396,68,338,188" step="2"/><V43/><F43/><W14/><G38/><T45/><D107/><U4/><E4/><V100/><F130/><W113/><G5/><T29/><D45/><U65/><E65/><V124/><REACH who="2" step="1"/><F57/><REACH who="2" ten="396,68,328,188" step="2"/><W19/><G44/><T11/><D70/><U82/><E82/><V59/><F59/><W131/><G80/><T134/><D134/><U98/><E98/><V23/><F23/><W18/><G21/><T41/><D96/><U61/><E61/><V110/><F110/><W54/><G131/><T129/><D22/><U90/><E90/><V64/><F64/><W77/><G77/><T0/><D91/><U103/><E103/><V58/><F58/><W114/><G114/><T106/><D60/><U51/><E51/><V7/><F7/><W118/><G115/><T112/><D49/><U81/><E81/><V84/><F84/><W71/><G113/><T9/><D87/><U47/><E47/><V92/><F92/><AGARI ba="1,2" hai="10,13,16,56,62,67,72,78,83,88,92,97,109,111" machi="92" ten="40,5200,0" yaku="1,1,54,2,53,0" doraHai="35" doraHaiUra="1" who="1" fromWho="2" sc="396,0,68,75,328,-55,188,0" /><INIT seed="7,0,0,1,2,125" ten="396,143,273,188" oya="3" hai0="72,17,111,119,83,121,5,78,57,96,14,115,101" hai1="118,116,19,86,52,66,135,112,27,124,76,15,122" hai2="47,9,59,53,7,133,62,81,113,99,39,32,129" hai3="79,3,13,120,69,60,67,97,43,105,91,114,12"/><W58/><G114/><T36/><D111/><U84/><E122/><V70/><F32/><W20/><G3/><T24/><D121/><U0/><E0/><V94/><F113/><W16/><G79/><T74/><D36/><U61/><E112/><V106/><F106/><W134/><G134/><T77/><D119/><U75/><E135/><V34/><F34/><W73/><G73/><T30/><D5/><U28/><E124/><V31/><F31/><W68/><G43/><T63/><D78/><U109/><E109/><V88/><F133/><W98/><G120/><T2/><D2/><U54/><E75/><V23/><F23/><W35/><G35/><T87/><D24/><U41/><E41/><V93/><F70/><W89/><G12/><T50/><D50/><U126/><E126/><V92/><F39/><W6/><G6/><T82/><D82/><U49/><E76/><V95/><F47/><W64/><G69/><T100/><D30/><U26/><E28/><V108/><F81/><W10/><G68/><T51/><D51/><U107/><E107/><V48/><F48/><W21/><G67/><T127/><D127/><U44/><E54/><V65/><F65/><W29/><G29/><T46/><D74/><U132/><E132/><V104/><F104/><W55/><G64/><T45/><D72/><U56/><E26/><V85/><F108/><W123/><G105/><T103/><D115/><U71/><E27/><V37/><F37/><W90/><G123/><T18/><D77/><U131/><E71/><V33/><F33/><W130/><G55/><T80/><D80/><RYUUKYOKU ba="0,0" sc="396,0,143,0,273,0,188,0" owari="396,49.6,143,-35.7,273,7.3,188,-21.2" /></mjloggm>