<mjloggm ver="2.3"><GO type="169" lobby="0"/><UN n0="%E5%90%89%E7%A5%A5%E5%AF%BA%4B%47" n1="%E3%83%A9%E3%82%B9%E3%82%8B%E3%81%8B%E3%81%AA" n2="%E3%83%90%E3%82%AD" n3="%E9%81%8A%E8%B5%B0" dan="16,17,16,16" rate="2125.35,2210.77,2127.76,2196.82" sx="F,M,M,M"/><TAIKYOKU oya="0"/><INIT seed="0,0,0,1,2,32" ten="250,250,250,250" oya="0" hai0="44,87,76,91,34,79,57,31,131,119,77,62,40" hai1="106,116,86,2,99,88,126,118,12,96,89,49,63" hai2="56,69,6,125,71,28,43,0,113,109,26,75,16" hai3="42,24,127,52,15,117,47,112,100,21,121,98,30"/><T50/><D131/><U36/><E36/><V110/><F113/><W53/><G112/><T55/><D119/><N who="1" m="45611" /><E12/><V73/><F43/><W134/><G117/><T102/><D102/><N who="1" m="62791" /><E49/><V60/><F125/><W20/><G121/><T105/><D105/><U107/><E63/><V78/><F78/><W27/><G134/><T108/><D108/><N who="2" m="41578" /><F16/><W68/><G68/><N who="2" m="26185" /><F6/><W95/><G15/><T104/><D104/><U1/><E1/><V81/><F81/><W23/><G127/><T5/><D5/><U8/><E2/><V130/><F130/><W7/><G7/><T54/><D31/><U135/><E8/><V19/><F19/><W70/><G70/><T114/><D114/><U45/><E126/><V3/><F73/><W17/><REACH who="3" step="1"/><G21/><REACH who="3" ten="250,250,250,240" step="2"/><T120/><D120/><U29/><E135/><V10/><F10/><W85/><G85/><T82/><REACH who="0" step="1"/><D34/><REACH who="0" ten="240,250,250,240" step="2"/><U25/><E107/><V80/><F0/><W72/><G72/><T124/><D124/><U111/><E111/><V123/><F3/><W97/><G97/><T67/><AGARI ba="0,2" hai="40,44,50,54,55,57,62,67,76,77,79,82,87,91" machi="67" ten="30,6000,0" yaku="1,1,0,1,8,1,53,0" doraHai="32" doraHaiUra="22" who="0" fromWho="0" sc="240,80,250,-20,250,-20,240,-20" /><INIT seed="0,1,0,2,2,77" ten="320,230,230,220" oya="0" hai0="87,95,26,103,21,63,109,47,121,130,20,22,57" hai1="72,83,34,10,42,0,102,53,97,31,84,67,9" hai2="116,62,51,25,127,101,56,98,65,124,61,122,104" hai3="70,123,49,92,106,46,17,94,24,76,13,58,90"/><T114/><D114/><U110/><E72/><V115/><F122/><W37/><G106/><T74/><D74/><U39/><E110/><V75/><F115/><W113/><G70/><T23/><D121/><U35/><E67/><V11/><F75/><W133/><G113/><T18/><D130/><U68/><E68/><V66/><F116/><W120/><G133/><T41/><D109/><U7/><E31/><V100/><F51/><W5/><G37/><T15/><D103/><U96/><E96/><V43/><F43/><W71/><G71/><T117/><D117/><U3/><E53/><V108/><F108/><W32/><G92/><T69/><D69/><U105/><E42/><V12/><F25/><W93/><G93/><T50/><D95/><U40/><E40/><V79/><F79/><W135/><G58/><T86/><REACH who="0" step="1"/><D26/><REACH who="0" ten="310,230,230,220" step="2"/><U125/><E102/><V119/><F119/><W111/><G111/><T73/><D73/><U91/><E105/><V27/><F27/><W89/><G94/><T112/><D112/><U29/><E97/><V134/><F98/><W44/><G120/><T1/><D1/><U126/><E3/><V80/><F104/><W48/><G123/><T14/><D14/><U52/><E0/><V128/><F128/><W6/><G24/><T19/><D19/><U88/><E84/><V99/><F99/><W4/><G17/><T45/><D45/><U78/><E125/><V16/><F127/><W131/><G44/><T38/><D38/><U33/><E39/><V54/><F124/><W82/><G46/><T85/><D85/><U118/><E126/><RYUUKYOKU ba="1,1" sc="310,30,230,-10,230,-10,220,-10" hai0="15,18,20,21,22,23,41,47,50,57,63,86,87" /><INIT seed="0,2,1,5,3,41" ten="340,220,220,210" oya="0" hai0="84,110,120,36,101,17,42,96,66,108,135,34,30" hai1="116,133,130,81,118,12,90,58,134,98,2,94,69" hai2="88,103,78,48,65,71,107,91,53,51,1,25,49" hai3="82,75,21,43,3,115,14,24,117,55,11,111,77"/><T70/><D120/><U126/><E69/><V74/><F1/><W37/><G117/><N who="1" m="45162" /><E2/><V122/><F122/><W19/><G115/><T22/><D135/><N who="1" m="51723" /><E12/><V109/><F109/><N who="0" m="42090" /><D34/><U40/><E58/><V47/><F78/><W44/><G111/><T54/><D30/><U95/><E40/><V97/><F74/><W18/><G55/><T39/><D54/><U67/><E67/><V10/><F10/><W85/><REACH who="3" step="1"/><G3/><REACH who="3" ten="340,220,220,200" step="2"/><T45/><D66/><U4/><E126/><V121/><F121/><W15/><G15/><N who="0" m="9535" /><D70/><U76/><E130/><V114/><F65/><W131/><G131/><T104/><D84/><AGARI ba="2,2" hai="11,14,18,19,21,24,37,43,44,75,77,82,84,85" machi="84" ten="40,5200,0" yaku="1,1,52,1,53,1" doraHai="41" doraHaiUra="8" who="3" fromWho="0" sc="340,-58,220,0,220,0,200,78" /><INIT seed="1,0,0,5,3,95" ten="282,220,220,278" oya="1" hai0="91,89,36,85,93,72,87,127,83,60,70,132,66" hai1="47,108,29,123,48,78,42,52,44,130,7,13,10" hai2="39,30,28,102,50,34,67,92,33,5,53,46,103" hai3="124,76,122,58,79,118,56,100,69,126,23,101,81"/><U129/><E123/><V3/><F39/><W12/><G69/><T64/><D127/><N who="3" m="48681" /><G122/><T98/><D132/><U88/><E108/><V26/><F67/><W54/><G118/><T99/><D36/><U62/><E78/><N who="3" m="29738" /><G81/><T32/><D72/><U45/><E29/><V51/><F92/><W117/><G117/><T109/><D109/><U106/><E106/><V8/><REACH who="2" step="1"/><F50/><REACH who="2" ten="282,220,210,278" step="2"/><W112/><G112/><T110/><D110/><U131/><E62/><V75/><F75/><W24/><G101/><T80/><D64/><U2/><E2/><V134/><F134/><W21/><G100/><T59/><D70/><U49/><E88/><V128/><F128/><W96/><G58/><AGARI ba="0,1" hai="7,10,13,42,44,45,47,48,49,52,58,129,130,131" machi="58" ten="40,3900,0" yaku="19,1,54,1" doraHai="95" who="1" fromWho="3" sc="282,0,220,49,210,0,278,-39" /><INIT seed="1,1,0,2,1,42" ten="282,269,210,239" oya="1" hai0="8,21,48,105,70,47,73,40,35,56,88,68,84" hai1="101,26,124,85,100,74,15,92,58,20,24,116,122" hai2="46,120,133,37,43,13,54,41,108,130,38,117,69" hai3="18,30,128,81,19,1,32,112,50,3,31,121,14"/><U83/><E74/><V34/><F117/><W87/><G121/><T36/><D35/><U27/><E116/><V63/><F120/><W79/><G112/><T51/><D73/><U119/><E119/><V17/><F34/><W5/><G128/><T49/><D105/><U4/><E122/><V110/><F130/><W113/><G113/><T44/><D56/><U134/><E134/><V60/><F17/><W91/><G1/><T53/><D21/><U94/><E124/><V82/><F82/><W71/><G71/><T111/><D111/><N who="2" m="42538" /><F13/><W16/><G3/><T132/><D132/><U129/><E129/><V135/><F54/><W10/><G32/><T127/><D127/><U107/><E107/><V52/><F52/><W61/><G61/><N who="2" m="23625" /><F69/><W89/><G50/><T102/><D102/><N who="1" m="39531" /><E58/><V104/><F104/><W7/><G7/><T11/><D70/><U95/><E4/><V39/><F43/><W65/><REACH who="3" step="1"/><G65/><REACH who="3" ten="282,269,210,229" step="2"/><T9/><REACH who="0" step="1"/><D68/><REACH who="0" ten="272,269,210,229" step="2"/><U97/><E97/><V93/><F93/><AGARI ba="1,2" hai="8,9,11,36,40,44,47,48,49,51,53,84,88,93" machi="93" ten="40,8000,1" yaku="1,1,2,1,52,2,54,1,53,0" doraHai="42" doraHaiUra="76" who="0" fromWho="2" sc="272,103,269,0,210,-83,229,0" /><INIT seed="2,0,0,5,2,114" ten="375,269,127,229" oya="2" hai0="110,67,130,119,33,7,69,77,58,43,109,24,21" hai1="84,132,98,61,23,17,118,74,81,86,125,31,29" hai2="53,135,34,12,107,52,92,48,18,75,101,108,9" hai3="116,26,103,123,115,25,91,56,62,8,44,122,68"/><V54/><F107/><W111/><G115/><T40/><D33/><U66/><E132/><V13/><F34/><W80/><G68/><T15/><D69/><U104/><E74/><V6/><F75/><W16/><G111/><T20/><D77/><U113/><E113/><V96/><F135/><W128/><G128/><T39/><D130/><U32/><E125/><V73/><F73/><W90/><G103/><T30/><D39/><U106/><E118/><V36/><F36/><W22/><G116/><T45/><D119/><U10/><E10/><V88/><F108/><W47/><G8/><T85/><D85/><U11/><E11/><N who="2" m="6431" /><F101/><W14/><G122/><T134/><D7/><U0/><E0/><V60/><F60/><W5/><G123/><T83/><D83/><U117/><E117/><V19/><F19/><W102/><G102/><T41/><D45/><AGARI ba="0,0" hai="6,9,13,45,48,52,53,54,88,92,96" m="6431" machi="45" ten="30,5800,0" yaku="8,1,54,2" doraHai="114" who="2" fromWho="0" sc="375,-58,269,0,127,58,229,0" /><INIT seed="2,1,0,5,0,6" ten="317,269,185,229" oya="2" hai0="134,1,74,126,132,0,88,72,102,104,90,92,16" hai1="133,40,55,114,44,23,24,11,46,97,71,31,110" hai2="7,61,121,36,79,96,77,127,98,21,128,66,57" hai3="56,95,100,48,2,17,85,68,8,131,35,93,43"/><V15/><F121/><W118/><G118/><T54/><D126/><U27/><E71/><V106/><F36/><W60/><G68/><T83/><D54/><U123/><E114/><V81/><F127/><W41/><G35/><T32/><D32/><U120/><E110/><V4/><F128/><W80/><G131/><T65/><D65/><U108/><E108/><V20/><F106/><W52/><G100/><T64/><D64/><U111/><E111/><V58/><F81/><W59/><G2/><T119/><D119/><U101/><E133/><N who="0" m="51305" /><D104/><U129/><E129/><V103/><F66/><N who="3" m="39175" /><G43/><T12/><D102/><U49/><E27/><V122/><F122/><W125/><G41/><T62/><D62/><U18/><E97/><V28/><F61/><W135/><G135/><T130/><D130/><U50/><REACH who="1" step="1"/><E101/><REACH who="1" ten="317,259,185,229" step="2"/><V67/><F103/><W33/><G125/><T117/><D117/><U116/><E116/><V53/><F67/><W25/><G33/><T69/><D69/><U22/><E22/><V87/><F20/><N who="3" m="13455" /><G8/><N who="0" m="6151" /><D74/><U89/><E89/><AGARI ba="1,1" hai="48,52,59,80,85,89,93,95" m="13455,39175" machi="89" ten="30,2000,0" yaku="8,1,54,1" doraHai="6" who="3" fromWho="1" sc="317,0,259,-23,185,0,229,33" /><INIT seed="3,0,0,4,3,83" ten="317,236,185,262" oya="3" hai0="123,48,26,84,124,45,112,92,54,88,30,40,79" hai1="104,2,99,21,7,62,10,60,78,117,113,73,39" hai2="1,115,22,101,3,68,69,66,132,13,59,27,110" hai3="51,35,17,12,133,100,29,77,34,106,41,28,118"/><W56/><G118/><T126/><D123/><U37/><E113/><V52/><F115/><W102/><G77/><T23/><D112/><U86/><E117/><V4/><F110/><W107/><G41/><T109/><D109/><U74/><E21/><V32/><F32/><W24/><G56/><T64/><D64/><U85/><E99/><V16/><F132/><W122/><G51/><T90/><D79/><U61/><E104/><V42/><F42/><W57/><G57/><T71/><D71/><U43/><E39/><V89/><F101/><W120/><G12/><T129/><D129/><U49/><E49/><V53/><F89/><W111/><G17/><T127/><D90/><U18/><E18/><V9/><F53/><AGARI ba="0,0" hai="23,26,30,40,45,48,53,54,84,88,92,124,126,127" machi="53" ten="40,5200,0" yaku="18,1,52,1,54,1" doraHai="83" who="0" fromWho="2" sc="317,52,236,0,185,-52,262,0" /><INIT seed="4,0,0,3,1,19" ten="369,236,133,262" oya="0" hai0="110,29,31,133,94,70,105,97,72,119,68,114,93" hai1="16,124,84,86,41,116,11,30,95,57,90,27,66" hai2="10,20,44,117,121,32,74,82,100,35,3,67,122" hai3="40,25,52,4,120,48,14,0,81,132,107,46,53"/><T69/><D119/><U64/><E124/><V24/><F117/><W61/><G0/><T134/><D72/><U43/><E116/><V83/><F100/><W111/><G111/><T79/><D79/><U59/><E86/><V18/><F67/><N who="1" m="25641" /><E30/><N who="0" m="11273" /><D110/><U101/><E101/><V80/><F74/><W54/><G120/><T56/><D114/><U102/><E102/><V112/><F112/><W131/><G107/><T13/><D97/><U60/><E11/><V23/><F44/><W128/><G132/><N who="0" m="50795" /><D105/><U125/><E125/><V103/><F103/><W58/><G25/><T109/><D109/><U106/><E106/><V9/><F9/><W76/><G14/><T87/><D87/><U17/><E17/><V129/><F129/><N who="3" m="49739" /><G4/><T39/><D13/><U42/><E60/><V75/><F75/><AGARI ba="0,0" hai="40,46,48,52,53,54,58,61,75,76,81" m="49739" machi="75" ten="30,2000,0" yaku="19,1,54,1" doraHai="19" who="3" fromWho="2" sc="369,0,236,0,133,-20,262,20" /><INIT seed="5,0,0,0,5,17" ten="369,236,113,282" oya="1" hai0="6,61,127,123,56,131,42,13,19,110,104,87,99" hai1="68,20,79,18,115,14,116,62,77,25,7,120,128" hai2="8,109,78,58,65,43,130,119,23,29,122,134,94" hai3="75,121,89,80,101,73,48,100,81,85,117,4,102"/><U49/><E116/><V2/><F119/><W64/><G4/><T72/><D72/><U26/><E120/><V51/><F122/><W60/><G121/><T37/><D123/><U47/><E115/><V91/><F109/><W54/><G117/><T22/><D110/><U59/><E68/><V105/><F105/><W118/><G118/><T92/><D127/><U82/><E128/><V35/><F35/><W55/><G80/><T5/><D131/><U114/><E114/><V124/><F130/><W129/><G129/><T95/><D104/><U112/><E112/><V97/><F124/><W125/><G125/><T44/><D87/><U27/><E7/><V10/><F134/><W52/><REACH who="3" step="1"/><G48/><REACH who="3" ten="369,236,113,272" step="2"/><N who="0" m="26647" /><D95/><U15/><E82/><V106/><F106/><W107/><G107/><T126/><D37/><U9/><E77/><V86/><F78/><W39/><G39/><T76/><D126/><U113/><E79/><V30/><F51/><W83/><G83/><T132/><D76/><U90/><E113/><V28/><F2/><W11/><G11/><T53/><D132/><U12/><E9/><V38/><F8/><W71/><AGARI ba="0,1" hai="52,54,55,60,64,71,73,75,81,85,89,100,101,102" machi="71" ten="30,4000,0" yaku="1,1,0,1,54,1,53,0" doraHai="17" doraHaiUra="135" who="3" fromWho="3" sc="369,-10,236,-20,113,-10,272,50" /><INIT seed="6,0,0,0,0,110" ten="359,216,103,322" oya="2" hai0="75,112,4,59,18,124,81,100,37,105,42,29,13" hai1="111,2,26,125,97,132,74,86,133,93,66,87,32" hai2="46,131,40,19,30,10,114,33,47,28,27,68,121" hai3="21,50,67,126,48,25,108,62,99,77,90,58,122"/><V14/><F121/><W16/><G122/><T91/><D29/><N who="1" m="19511" /><E2/><V116/><F131/><W23/><G108/><T127/><D4/><U1/><E1/><V55/><F116/><W5/><G126/><T38/><D100/><N who="1" m="60463" /><E74/><V53/><F68/><W57/><G77/><T128/><D105/><U115/><E111/><V22/><F114/><W6/><G21/><T103/><D103/><U82/><E82/><V51/><F30/><W64/><G64/><T36/><D128/><U117/><E117/><V20/><F33/><W52/><G48/><T109/><D59/><U45/><E66/><V104/><F104/><W78/><G78/><T69/><D69/><U107/><E107/><V106/><F106/><W24/><G24/><T135/><D135/><N who="1" m="51787" /><E125/><V8/><REACH who="2" step="1"/><F55/><REACH who="2" ten="359,216,93,322" step="2"/><N who="3" m="31991" /><G67/><T72/><D124/><U76/><E115/><V17/><F17/><W96/><G5/><T113/><D127/><U56/><E76/><V120/><F120/><W63/><G6/><T31/><D112/><U79/><E79/><V3/><F3/><W118/><G118/><T89/><D113/><U101/><E101/><V102/><F102/><W39/><G16/><T60/><D109/><U134/><E134/><V43/><F43/><W98/><G52/><T41/><D41/><U15/><E87/><V92/><F92/><W54/><G54/><T123/><D31/><U9/><E86/><V12/><F12/><W11/><G25/><T80/><D123/><U34/><E34/><V70/><F70/><W85/><G85/><T84/><D42/><U95/><E95/><V129/><F129/><W73/><G98/><RYUUKYOKU ba="0,1" sc="359,-10,216,-10,93,30,322,-10" hai2="8,10,14,19,20,22,27,28,40,46,47,51,53" /><INIT seed="6,1,1,2,0,64" ten="349,206,123,312" oya="2" hai0="43,75,93,51,34,92,126,47,18,14,114,110,83" hai1="45,24,122,130,74,19,48,30,36,98,10,124,116" hai2="90,56,6,8,99,134,115,118,82,2,55,41,107" hai3="50,94,97,54,132,103,127,100,111,52,78,22,108"/><V61/><F118/><W26/><G132/><T66/><D110/><U85/><E74/><V84/><F134/><W58/><G127/><T79/><D34/><U17/><E36/><V65/><F115/><W62/><G78/><T38/><D114/><U125/><E116/><V104/><F41/><W113/><G113/><T72/><D72/><U5/><E130/><V49/><REACH who="2" step="1"/><F99/><REACH who="2" ten="349,206,113,312" step="2"/><W0/><G111/><T86/><D43/><N who="1" m="24639" /><E98/><V12/><F12/><W95/><G108/><T23/><D14/><N who="1" m="5455" /><E122/><V32/><F32/><W46/><G0/><T13/><D13/><U40/><E40/><V53/><F53/><W31/><REACH who="3" step="1"/><G100/><REACH who="3" ten="349,206,113,302" step="2"/><T71/><D126/><N who="1" m="48747" /><E85/><V11/><F11/><W117/><G117/><T120/><D86/><U81/><E81/><V131/><F131/><W133/><G133/><T69/><D83/><U28/><E24/><V57/><AGARI ba="1,3" hai="2,6,8,49,55,56,57,61,65,82,84,90,104,107" machi="57" ten="20,3900,0" yaku="1,1,0,1,7,1,53,0" doraHai="64" doraHaiUra="112" who="2" fromWho="2" sc="349,-14,206,-14,113,72,302,-14" /><INIT seed="6,2,0,5,0,31" ten="335,192,185,288" oya="2" hai0="47,92,3,61,76,127,73,80,114,38,98,4,5" hai1="109,125,22,58,119,108,12,104,1,13,46,16,129" hai2="7,49,23,124,70,36,132,75,101,8,87,15,99" hai3="77,116,59,113,69,66,2,100,9,93,110,25,60"/><V43/><F75/><W107/><G116/><T115/><D127/><U28/><E119/><V56/><F124/><W91/><G110/><T51/><D38/><U54/><E104/><V94/><F70/><W71/><G77/><T29/><D29/><U112/><E125/><V11/><F132/><W32/><G113/><N who="0" m="43019" /><D61/><U57/><E1/><V121/><F121/><W88/><G69/><T10/><D10/><U20/><E112/><V90/><F36/><W26/><G25/><T74/><D3/><U14/><E129/><V85/><F85/><W52/><G9/><T72/><D4/><U111/><E46/><V131/><F131/><W21/><G2/><T35/><D35/><U117/><E117/><V134/><F134/><W17/><G32/><T18/><D18/><U40/><E57/><V105/><F8/><W95/><G107/><T103/><D5/><U39/><E39/><V68/><F68/><W64/><G100/><T19/><D19/><U78/><E28/><V33/><F33/><W34/><G34/><T79/><D79/><U55/><E20/><V83/><F23/><W24/><G24/><T126/><D126/><U37/><E78/><V6/><F6/><W53/><G53/><AGARI ba="2,0" hai="47,51,53,72,73,74,76,80,92,98,103" m="43019" machi="53" ten="30,1000,0" yaku="15,1" doraHai="31" who="0" fromWho="3" sc="335,16,192,0,185,0,288,-16" /><INIT seed="7,0,0,5,1,17" ten="351,192,185,272" oya="3" hai0="28,135,111,36,132,70,30,21,75,67,35,20,69" hai1="1,130,27,56,113,116,73,11,4,98,54,59,71" hai2="52,104,66,122,79,14,112,77,41,23,64,125,107" hai3="2,65,123,81,58,57,101,40,6,129,5,45,83"/><W22/><G123/><T128/><D111/><U76/><E71/><V127/><F112/><W42/><G129/><T31/><D35/><U102/><E113/><V74/><F41/><W126/><G126/><N who="2" m="48137" /><F122/><W99/><G2/><T51/><D36/><U84/><E130/><V7/><F52/><W8/><G8/><T72/><D51/><U26/><E116/><V105/><F74/><N who="0" m="28202" /><D128/><U29/><E73/><V95/><F95/><W119/><G119/><T44/><D44/><U80/><E54/><V78/><F23/><N who="0" m="8778" /><D67/><U94/><E27/><V97/><F97/><W49/><G40/><T10/><D10/><AGARI ba="0,0" hai="7,10,14,64,66,77,78,79,104,105,107" m="48137" machi="10" ten="40,1300,0" yaku="18,1" doraHai="17" who="2" fromWho="0" sc="351,-13,192,0,185,13,272,0" owari="338,43.8,192,-30.8,198,-20.2,272,7.2" /></mjloggm>