<mjloggm ver="2.3"><GO type="169" lobby="0"/><UN n0="%E8%82%89%E5%9B%A3%E5%AD%90%E5%85%88%E7%94%9F" n1="%65%76%61%63%61%6E%69%61" n2="%E3%81%B3%E3%82%8D%E3%81%B4%E3%82%8D" n3="%68%7A%63" dan="16,16,16,18" rate="2085.79,2165.13,2162.91,2235.85" sx="M,M,M,F"/><TAIKYOKU oya="0"/><INIT seed="0,0,0,2,4,21" ten="250,250,250,250" oya="0" hai0="63,45,119,20,29,0,83,46,5,33,10,128,87" hai1="70,89,101,27,105,30,1,12,114,91,106,69,97" hai2="56,31,124,17,7,57,95,115,41,108,11,4,67" hai3="51,36,42,53,116,13,58,88,76,75,65,66,9"/><T111/><D119/><U15/><E1/><V100/><F115/><W120/><G116/><T109/><D128/><U126/><E126/><V74/><F74/><W93/><G120/><T55/><D33/><U99/><E30/><V135/><F41/><W28/><G28/><T19/><D29/><U49/><E49/><V3/><F108/><N who="0" m="41546" /><D63/><U48/><E48/><V43/><F43/><W18/><G75/><T131/><D55/><U54/><E54/><V59/><F7/><W118/><G76/><N who="0" m="46567" /><D131/><U125/><E125/><V23/><F31/><W38/><G118/><T60/><D60/><U78/><E78/><V72/><F124/><W34/><G34/><T94/><D94/><U80/><E80/><V102/><F67/><W129/><G129/><T123/><D123/><U127/><E127/><V122/><F95/><W103/><G103/><T40/><D40/><U112/><REACH who="1" step="1"/><E101/><REACH who="1" ten="250,240,250,250" step="2"/><V82/><F100/><W16/><G42/><T133/><D133/><U2/><E2/><V110/><F102/><W61/><G51/><T117/><D117/><U39/><E39/><V104/><F135/><W107/><G36/><T84/><D84/><U64/><E64/><N who="3" m="24682" /><G38/><T32/><D32/><U50/><E50/><V62/><F110/><W134/><G134/><T96/><D96/><U79/><E79/><V25/><F122/><W71/><G53/><T132/><D132/><U14/><E14/><AGARI ba="0,1" hai="0,5,10,14,19,20,45,46" m="46567,41546" machi="14" ten="30,2900,0" yaku="14,1,10,1" doraHai="21" who="0" fromWho="1" sc="250,39,240,-29,250,0,250,0" /><INIT seed="0,1,0,4,5,48" ten="289,211,250,250" oya="0" hai0="17,60,27,28,20,88,115,121,34,16,29,11,120" hai1="41,124,84,56,35,91,14,128,7,79,1,15,93" hai2="61,53,2,47,45,40,55,117,99,33,73,80,90" hai3="19,87,96,110,42,66,109,95,36,44,23,101,69"/><T46/><D115/><U106/><E124/><V122/><F122/><W126/><G126/><T10/><D46/><U63/><E128/><V81/><F2/><W18/><G18/><T108/><D60/><U12/><E35/><V39/><F33/><W30/><G30/><N who="0" m="19807" /><D88/><U78/><E106/><V70/><F73/><W85/><G66/><T127/><D127/><U32/><E32/><V119/><F47/><W57/><G57/><T107/><D107/><U37/><E37/><V75/><F70/><W76/><G69/><T133/><D133/><U9/><REACH who="1" step="1"/><E41/><REACH who="1" ten="289,201,250,250" step="2"/><V112/><F40/><W100/><G42/><T114/><D120/><U51/><E51/><V113/><F39/><W82/><G36/><T22/><D121/><U38/><E38/><V49/><F113/><W64/><G110/><T132/><D108/><U4/><E4/><V50/><F112/><W72/><G109/><T77/><D114/><U26/><E26/><V74/><F50/><W0/><G0/><T68/><D132/><U86/><E86/><V59/><F75/><W58/><G87/><T131/><D131/><U67/><AGARI ba="1,1" hai="1,7,9,12,14,15,56,63,67,78,79,84,91,93" machi="67" ten="30,2000,0" yaku="1,1,0,1,53,0" doraHai="48" doraHaiUra="13" who="1" fromWho="1" sc="289,-11,201,33,250,-6,250,-6" /><INIT seed="1,0,0,2,2,110" ten="278,234,244,244" oya="1" hai0="61,35,131,6,51,37,4,103,87,79,90,132,122" hai1="121,11,126,14,34,39,49,12,2,111,101,8,134" hai2="9,7,52,107,57,97,69,64,84,45,3,17,115" hai3="38,109,65,46,40,86,60,59,104,78,31,26,130"/><U105/><E39/><V21/><F115/><W1/><G104/><T120/><D131/><U47/><E121/><V135/><F135/><W33/><G1/><T25/><D37/><U30/><E134/><V36/><F64/><W93/><G109/><T83/><D103/><U88/><E111/><V95/><F69/><W118/><G118/><T27/><D132/><U28/><E126/><V94/><F107/><W85/><G130/><T62/><D51/><U20/><E2/><V76/><F97/><W106/><G106/><T125/><D125/><U32/><E101/><V5/><F5/><N who="0" m="2154" /><D90/><U133/><E105/><V80/><F45/><W58/><G78/><T71/><D71/><U112/><E133/><V41/><F41/><W92/><G92/><T124/><D124/><U18/><E112/><V72/><F72/><W116/><G116/><T19/><D19/><N who="1" m="8583" /><E88/><V23/><F36/><W16/><G93/><T22/><D35/><N who="1" m="13355" /><E49/><V74/><F74/><W89/><G89/><T66/><D66/><U70/><E47/><V54/><F94/><W102/><G102/><T55/><D79/><U128/><E70/><V91/><F54/><W43/><G43/><T81/><D55/><U113/><E113/><V114/><F114/><W67/><G16/><T73/><D81/><U127/><E127/><V129/><F17/><W56/><G56/><T77/><D83/><U68/><E68/><V100/><F100/><W53/><G67/><T29/><D122/><U0/><E128/><V50/><REACH who="2" step="1"/><F129/><REACH who="2" ten="278,234,234,244" step="2"/><W44/><G46/><T117/><D120/><U42/><E42/><V82/><F82/><RYUUKYOKU ba="0,1" sc="278,-30,234,10,234,10,244,10" hai1="0,11,14,18,20,28,30" hai2="3,7,9,21,23,50,52,57,76,80,84,91,95" hai3="26,31,33,38,40,44,53,58,59,60,65,85,86" /><INIT seed="1,1,1,0,4,4" ten="248,244,244,254" oya="1" hai0="111,34,66,41,51,40,5,93,27,92,68,30,95" hai1="16,81,21,2,86,100,123,31,9,24,112,47,61" hai2="97,20,52,91,80,113,45,6,32,78,121,99,127" hai3="54,117,69,108,17,0,7,63,134,115,29,124,77"/><U18/><E112/><V76/><F121/><W119/><G77/><T105/><D105/><U128/><E123/><V12/><F32/><W43/><G115/><T28/><D28/><U11/><E128/><V59/><F113/><W106/><G106/><T50/><D111/><U103/><E61/><V48/><F127/><W131/><G43/><T35/><D35/><U65/><E65/><V60/><F91/><W132/><G54/><T98/><D98/><U42/><E103/><V46/><F46/><W122/><G63/><T64/><D68/><U55/><E55/><V130/><F130/><W107/><G107/><T8/><D50/><N who="1" m="26999" /><E100/><V88/><F78/><W70/><G70/><T94/><N who="0" m="23552" /><DORA hai="22" /><T71/><D71/><U72/><E2/><V73/><F88/><W38/><G38/><T126/><D126/><U110/><E72/><V15/><F15/><W49/><G49/><T10/><D10/><N who="1" m="3595" /><E110/><V135/><F73/><W1/><G69/><T57/><D40/><U62/><E62/><V67/><F67/><W89/><G108/><T101/><D101/><U58/><E58/><V23/><F59/><W39/><G39/><T85/><D57/><U37/><E37/><V84/><F60/><W44/><G44/><T13/><D64/><U75/><E75/><V53/><F53/><W26/><G122/><T33/><D66/><U56/><E56/><V104/><F52/><W3/><G124/><T96/><D41/><U82/><E82/><V114/><F45/><W125/><G125/><T116/><D34/><U133/><E133/><V87/><F80/><W83/><G131/><RYUUKYOKU ba="1,1" sc="248,-10,244,30,244,-10,254,-10" hai1="16,18,21,24,31,81,86" /><INIT seed="1,2,1,2,0,5" ten="238,274,234,244" oya="1" hai0="42,33,2,15,40,56,92,98,135,82,44,86,43" hai1="61,53,68,116,70,48,37,65,84,35,7,126,122" hai2="45,99,27,79,41,74,117,77,73,109,89,29,123" hai3="129,76,94,91,95,103,20,3,127,9,47,132,125"/><U57/><E116/><V58/><F123/><W121/><G121/><T62/><D2/><U93/><E122/><V112/><F117/><W63/><G76/><T110/><D110/><U118/><E118/><V80/><F109/><W87/><G129/><T60/><D33/><U17/><E126/><N who="3" m="48138" /><G132/><T34/><D34/><U23/><E35/><V102/><F112/><W81/><G103/><T49/><D135/><U21/><E37/><V100/><F89/><W85/><G85/><T120/><D15/><U54/><E7/><V66/><F77/><W16/><G63/><T12/><D12/><U114/><E114/><V1/><F1/><W64/><G64/><T14/><D14/><U6/><E6/><V90/><F90/><W10/><G47/><T108/><D108/><U69/><E54/><V4/><F73/><W75/><G75/><T97/><D120/><U113/><E113/><V25/><F4/><N who="3" m="1183" /><G10/><T111/><D111/><U131/><E131/><V133/><F133/><W71/><G71/><T105/><D105/><U55/><E70/><V104/><F100/><W31/><G31/><T115/><D115/><U24/><E69/><V124/><F29/><W67/><G67/><N who="0" m="39303" /><D62/><U11/><E68/><V26/><F124/><W88/><G91/><N who="0" m="55455" /><D98/><U134/><E134/><V0/><F66/><W46/><G46/><T52/><D43/><U36/><E65/><V51/><F58/><W38/><G38/><T101/><D101/><U119/><E36/><V78/><F78/><AGARI ba="2,1" hai="40,42,44,49,52,78,82,86" m="55455,39303" machi="78" ten="30,2000,0" yaku="8,1,54,1" doraHai="5" who="0" fromWho="2" sc="238,36,274,0,234,-26,244,0" /><INIT seed="2,0,0,1,4,58" ten="274,274,208,244" oya="2" hai0="38,86,20,89,135,121,125,123,64,93,39,19,119" hai1="44,128,79,29,12,75,66,70,3,7,21,53,127" hai2="85,47,22,132,83,96,11,106,41,56,14,31,8" hai3="126,124,122,74,55,0,113,105,35,13,32,65,115"/><V46/><F132/><W117/><G55/><T77/><D135/><U103/><E127/><N who="3" m="48682" /><G13/><T62/><D125/><U112/><E112/><N who="3" m="43082" /><G65/><T67/><D77/><U59/><E66/><V134/><F134/><W15/><G15/><T26/><D119/><U129/><E12/><V37/><F47/><W42/><G42/><T100/><D100/><U63/><E103/><V99/><F106/><W92/><G92/><T116/><D116/><U80/><E44/><V71/><F71/><W25/><G117/><T133/><D133/><U102/><E102/><V114/><F114/><W2/><G105/><T40/><D67/><U1/><E70/><V33/><F33/><N who="3" m="12875" /><G74/><T91/><D89/><U110/><E7/><V34/><F34/><W118/><G118/><T24/><D40/><U69/><E69/><V48/><F31/><W104/><G104/><T82/><D38/><U120/><E29/><V30/><F30/><W61/><G61/><T27/><D39/><U73/><E73/><V6/><F22/><W28/><G122/><T5/><D93/><U130/><E120/><V23/><F23/><AGARI ba="0,0" hai="0,2,23,25,28" m="12875,43082,48682" machi="23" ten="40,8000,1" yaku="18,1,11,1,34,2" doraHai="58" who="3" fromWho="2" sc="274,0,274,0,208,-80,244,80" /><INIT seed="3,0,0,2,0,17" ten="274,274,128,324" oya="3" hai0="81,70,5,9,61,67,46,126,132,35,73,20,118" hai1="121,115,48,112,25,24,16,68,76,55,80,97,134" hai2="13,40,114,107,65,111,62,12,15,66,85,93,99" hai3="72,98,124,47,32,122,79,117,27,119,82,44,94"/><W86/><G122/><T2/><D118/><U50/><E121/><V87/><F114/><W31/><G72/><T22/><D132/><U71/><E134/><V60/><F111/><W130/><G124/><T57/><D35/><U26/><E97/><V108/><F108/><W120/><G130/><T84/><D126/><U88/><E16/><V34/><F34/><W7/><G7/><T116/><D116/><U39/><E39/><V125/><F125/><W42/><G47/><T69/><D73/><U19/><E19/><V109/><F109/><W18/><G18/><T49/><D70/><U36/><E36/><V104/><F40/><W56/><G56/><T63/><D63/><U128/><E128/><V92/><F99/><W103/><REACH who="3" step="1"/><G120/><REACH who="3" ten="274,274,128,314" step="2"/><T64/><D69/><U83/><E71/><V43/><F43/><W33/><G33/><T21/><D57/><U14/><E68/><V30/><F12/><W135/><G135/><T129/><D129/><U8/><E14/><V127/><F127/><W96/><G96/><T0/><D0/><U100/><E8/><V53/><F53/><W54/><G54/><T58/><D67/><U29/><E55/><V59/><F59/><W106/><G106/><T23/><N who="0" m="5120" /><DORA hai="105" /><T91/><REACH who="0" step="1"/><D49/><AGARI ba="0,1" hai="27,31,32,42,44,49,79,82,86,94,98,103,117,119" machi="49" ten="30,5800,0" yaku="1,1,7,1,53,1" doraHai="17,105" doraHaiUra="1,38" who="3" fromWho="0" sc="274,-58,274,0,128,0,314,68" /><INIT seed="3,1,0,0,3,64" ten="216,274,128,382" oya="3" hai0="67,72,33,48,116,73,84,10,103,120,71,34,50" hai1="68,14,100,113,27,74,5,40,55,66,8,121,0" hai2="18,44,43,49,105,23,28,3,29,51,115,125,79" hai3="26,85,31,24,101,126,20,81,35,41,47,4,15"/><W98/><G126/><T93/><D116/><U129/><E121/><V36/><F115/><W65/><G65/><T77/><D120/><U92/><E113/><V107/><F125/><W46/><G4/><T61/><D103/><U111/><E74/><V57/><F3/><W86/><G15/><T99/><D10/><U1/><E111/><V11/><F79/><W17/><G81/><T87/><D67/><U128/><E40/><V6/><F105/><W19/><G19/><T88/><D61/><N who="1" m="40015" /><E55/><V30/><F107/><W89/><G89/><T83/><D99/><N who="1" m="59495" /><E27/><V39/><F39/><W91/><G91/><T118/><D118/><U45/><E45/><V16/><F18/><W12/><G26/><T76/><D88/><U110/><E110/><V63/><F11/><W37/><REACH who="3" step="1"/><G47/><REACH who="3" ten="216,274,128,372" step="2"/><T123/><D123/><U80/><E80/><V117/><F6/><W106/><AGARI ba="1,1" hai="12,17,20,24,31,35,37,41,46,85,86,98,101,106" machi="106" ten="20,7800,0" yaku="1,1,2,1,0,1,7,1,53,0" doraHai="64" doraHaiUra="56" who="3" fromWho="3" sc="216,-27,274,-27,128,-27,372,91" /><INIT seed="3,2,0,1,3,110" ten="189,247,101,463" oya="3" hai0="123,15,38,93,35,96,128,85,13,47,57,10,7" hai1="86,71,87,54,55,39,126,14,27,120,127,56,52" hai2="59,92,58,117,42,8,32,79,134,122,0,48,81" hai3="130,62,100,41,26,51,91,74,98,44,106,115,64"/><W30/><G74/><T53/><D123/><U84/><E71/><V125/><F117/><W34/><G91/><T65/><D128/><U66/><E120/><V49/><F122/><W2/><G2/><T83/><D35/><U19/><E39/><V129/><F32/><W1/><G1/><T45/><D65/><U40/><E40/><V12/><F0/><W18/><G18/><T112/><D15/><U75/><E27/><V25/><F129/><W97/><G97/><T73/><D73/><U46/><E46/><V116/><F116/><W104/><G130/><T76/><D38/><U121/><E75/><V23/><F92/><W111/><G111/><T89/><REACH who="0" step="1"/><D112/><REACH who="0" ten="179,247,101,463" step="2"/><U4/><E121/><V3/><F3/><W99/><G115/><T135/><D135/><U29/><E66/><V6/><F134/><W61/><G64/><T9/><D9/><U72/><E72/><V22/><F22/><W78/><G78/><T37/><D37/><U124/><E4/><V109/><F109/><W114/><G114/><T16/><D16/><U50/><REACH who="1" step="1"/><E29/><REACH who="1" ten="179,237,101,463" step="2"/><V68/><F6/><W77/><G30/><T17/><D17/><U118/><E118/><V70/><F70/><W88/><G26/><T80/><D80/><U33/><E33/><V82/><F81/><W119/><G34/><T24/><D24/><U101/><E101/><V108/><F68/><W95/><G119/><T21/><D21/><AGARI ba="2,2" hai="14,19,21,50,52,54,55,56,84,86,87,124,126,127" machi="21" ten="50,6400,0" yaku="1,1,18,1,54,1,53,0" doraHai="110" doraHaiUra="131" who="1" fromWho="0" sc="179,-70,237,90,101,0,463,0" /><INIT seed="4,0,0,4,0,9" ten="109,327,101,463" oya="0" hai0="123,19,76,91,57,98,86,72,105,88,120,25,64" hai1="74,26,33,93,51,2,22,5,100,3,13,17,92" hai2="118,90,28,101,79,38,125,111,95,119,14,24,132" hai3="59,134,102,82,75,58,29,49,44,21,20,77,55"/><T104/><D64/><U53/><E74/><V54/><F38/><W114/><G114/><T4/><D57/><U65/><E65/><V87/><F111/><W10/><G134/><T8/><D25/><U109/><E109/><V32/><F132/><W61/><G102/><N who="0" m="62551" /><D19/><U15/><E100/><V96/><F79/><W112/><G112/><T71/><D8/><N who="1" m="2103" /><E13/><V63/><F125/><W43/><G29/><T99/><D4/><U46/><E3/><V34/><F34/><W81/><G81/><N who="0" m="45191" /><D71/><U11/><E11/><V129/><F129/><W27/><G27/><T39/><D39/><U80/><E80/><V45/><F14/><W30/><G30/><AGARI ba="0,0" hai="15,17,22,26,30,33,46,51,53,92,93" m="2103" machi="30" ten="30,2000,0" yaku="24,1,52,1" doraHai="9" who="1" fromWho="3" sc="109,0,327,20,101,0,463,-20" /><INIT seed="5,0,0,5,2,94" ten="109,347,101,443" oya="1" hai0="88,127,23,102,119,0,104,95,122,124,101,130,4" hai1="63,70,6,80,135,7,38,73,123,68,85,49,8" hai2="81,116,77,100,75,93,117,41,103,27,126,58,78" hai3="61,114,131,120,9,90,134,20,36,39,34,40,25"/><U84/><E123/><V109/><F41/><W89/><G120/><T43/><D122/><U12/><E38/><V51/><F109/><W64/><G34/><T18/><D43/><U111/><E111/><V48/><F27/><W129/><G9/><T60/><D119/><U11/><E135/><V118/><F126/><N who="0" m="48170" /><D104/><U21/><E21/><V132/><F132/><W121/><G114/><T2/><D60/><U16/><E49/><V110/><F110/><W92/><G134/><T35/><D35/><U5/><E11/><V42/><F42/><W72/><G72/><T28/><D28/><U1/><E1/><N who="0" m="617" /><D4/><U91/><E73/><V54/><F78/><W47/><G39/><T10/><D10/><U62/><REACH who="1" step="1"/><E85/><REACH who="1" ten="109,337,101,443" step="2"/><V96/><REACH who="2" step="1"/><F48/><REACH who="2" ten="109,337,91,443" step="2"/><N who="3" m="26727" /><G121/><T67/><D130/><U57/><E57/><V115/><F115/><W108/><G108/><T76/><D23/><U98/><E98/><V128/><F128/><W106/><G131/><T44/><D44/><U113/><E113/><V66/><F66/><W125/><G129/><T52/><D67/><U79/><E79/><V99/><F99/><W87/><G125/><T82/><D76/><U26/><E26/><V17/><F17/><W14/><G25/><T46/><D18/><U105/><E105/><V19/><F19/><W56/><G106/><T65/><D65/><U15/><E15/><V69/><F69/><AGARI ba="0,2" hai="5,6,7,8,12,16,62,63,68,69,70,80,84,91" machi="69" ten="40,3900,0" yaku="1,1,54,1,53,0" doraHai="94" doraHaiUra="55" who="1" fromWho="2" sc="109,0,337,59,91,-39,443,0" /><INIT seed="5,1,0,0,5,12" ten="109,396,52,443" oya="1" hai0="55,49,79,21,85,77,106,60,75,20,23,133,86" hai1="61,101,33,97,76,25,96,26,70,2,74,95,67" hai2="108,53,19,47,5,63,62,66,35,48,110,57,83" hai3="112,104,126,56,117,78,107,119,38,134,37,84,58"/><U111/><E2/><V4/><F35/><W99/><G112/><T1/><D1/><U94/><E111/><V54/><F108/><W28/><G28/><T69/><D106/><N who="3" m="40489" /><G99/><T98/><D98/><U72/><E76/><V18/><F110/><W120/><G120/><T13/><D13/><U46/><E46/><V68/><REACH who="2" step="1"/><F83/><REACH who="2" ten="109,396,42,443" step="2"/><W115/><G119/><T52/><D133/><U103/><REACH who="1" step="1"/><E33/><REACH who="1" ten="109,386,42,443" step="2"/><V88/><F88/><W59/><G117/><T22/><D77/><U113/><E113/><V45/><F45/><W109/><G115/><T17/><D79/><U50/><E50/><V80/><F80/><W7/><G109/><T24/><D49/><U43/><E43/><V82/><F82/><W73/><G78/><T39/><D75/><AGARI ba="1,2" hai="25,26,61,67,70,72,74,75,94,95,96,97,101,103" machi="75" ten="40,3900,0" yaku="1,1,9,1,53,0" doraHai="12" doraHaiUra="15" who="1" fromWho="0" sc="109,-42,386,62,42,0,443,0" /><INIT seed="5,2,0,2,4,44" ten="67,448,42,443" oya="1" hai0="131,39,37,105,56,124,113,89,11,65,63,99,6" hai1="76,91,22,97,45,96,15,125,135,29,90,52,130" hai2="50,82,9,20,49,134,118,129,126,132,114,38,60" hai3="33,1,122,43,81,120,5,25,41,47,110,0,8"/><U23/><E125/><V19/><F118/><W66/><G110/><T4/><D124/><U93/><E130/><V69/><F126/><W92/><G0/><T51/><D113/><U54/><E135/><N who="2" m="51755" /><F38/><N who="3" m="21943" /><G92/><T127/><D127/><U36/><E76/><V61/><F129/><W7/><G43/><T68/><D131/><U101/><E36/><V72/><F9/><W24/><G24/><T94/><D4/><U103/><E45/><V100/><F100/><W116/><G7/><T28/><D28/><U53/><E29/><V75/><F114/><W73/><G66/><T34/><D34/><U107/><REACH who="1" step="1"/><E15/><REACH who="1" ten="67,438,42,443" step="2"/><N who="2" m="9343" /><F69/><W46/><G116/><T42/><D68/><U86/><E86/><V84/><F72/><W58/><G46/><T109/><D37/><U77/><E77/><N who="2" m="46159" /><F75/><W106/><G58/><T55/><D56/><U85/><E85/><V88/><F88/><AGARI ba="2,1" hai="22,23,52,53,54,88,90,91,93,96,97,101,103,107" machi="88" ten="40,18000,2" yaku="1,1,54,2,53,3" doraHai="44" doraHaiUra="48" who="1" fromWho="2" sc="67,0,438,196,42,-186,443,0" owari="67,-33.3,634,73.4,-144,-64.4,443,24.3" /></mjloggm>