<mjloggm ver="2.3"><GO type="169" lobby="0"/><UN n0="%4C%C3%97%57%C3%97%4C" n1="%E9%A7%92%E5%B8%AB%E6%97%A5%E5%90%91" n2="%E3%81%97%E3%82%89%E3%81%99%EF%BC%A1" n3="%53%69%65%72%72%61" dan="17,16,16,16" rate="2140.42,2098.69,2096.03,2101.51" sx="M,M,M,M"/><TAIKYOKU oya="0"/><INIT seed="0,0,0,3,3,71" ten="250,250,250,250" oya="0" hai0="108,37,103,87,82,31,67,120,95,9,102,11,100" hai1="79,110,4,75,85,52,106,50,78,80,118,69,101" hai2="56,14,127,24,133,48,112,66,92,3,7,72,104" hai3="44,33,0,13,128,30,20,84,2,121,15,132,119"/><T111/><D120/><U60/><E118/><V129/><F92/><W25/><G84/><T123/><D123/><U21/><E110/><N who="0" m="42025" /><D95/><U27/><E4/><V22/><F48/><W34/><G44/><T134/><D134/><U17/><E69/><V99/><F99/><W122/><G132/><T59/><D31/><U63/><E75/><V113/><F56/><W61/><G61/><N who="0" m="38335" /><D37/><U53/><E78/><AGARI ba="0,0" hai="9,11,78,82,87,100,102,103" m="38335,42025" machi="78" ten="30,2900,0" yaku="14,1,10,1" doraHai="71" who="0" fromWho="1" sc="250,29,250,-29,250,0,250,0" /><INIT seed="0,1,0,2,1,46" ten="279,221,250,250" oya="0" hai0="86,74,121,7,105,120,99,52,66,49,43,91,36" hai1="10,135,3,53,2,84,100,45,68,58,37,47,4" hai2="108,109,1,83,71,21,78,85,35,17,97,28,48" hai3="11,41,125,19,130,62,44,87,57,72,89,70,65"/><T77/><D66/><U60/><E135/><V88/><F1/><W67/><G72/><T103/><D7/><U94/><E2/><V73/><F71/><W25/><G125/><T106/><D106/><U8/><E37/><V133/><F133/><W76/><G130/><T13/><D13/><U110/><E110/><N who="2" m="42603" /><F35/><W111/><G111/><T38/><D43/><U26/><E68/><V27/><F97/><W32/><G76/><T24/><D24/><U14/><E26/><V116/><F116/><W127/><G127/><T55/><D55/><U96/><REACH who="1" step="1"/><E84/><REACH who="1" ten="279,211,250,250" step="2"/><V31/><F73/><W30/><G70/><T64/><D36/><U129/><E129/><V18/><F31/><W124/><G124/><T115/><D38/><U54/><E54/><V131/><F131/><W126/><G126/><T16/><D64/><U5/><AGARI ba="1,1" hai="3,4,5,8,10,14,45,47,53,58,60,94,96,100" machi="5" ten="20,2700,0" yaku="1,1,0,1,7,1,53,0" doraHai="46" doraHaiUra="118" who="1" fromWho="1" sc="279,-14,211,40,250,-8,250,-8" /><INIT seed="1,0,0,1,4,87" ten="265,251,242,242" oya="1" hai0="124,66,23,128,45,103,113,61,112,28,79,127,21" hai1="29,94,35,60,74,101,95,54,3,8,68,81,106" hai2="39,2,102,41,33,16,27,115,75,85,96,64,20" hai3="118,44,65,52,12,92,107,130,38,42,18,0,93"/><U53/><E53/><V78/><F75/><W34/><G0/><T69/><D128/><U84/><E54/><V17/><F2/><W7/><G130/><T76/><D45/><U100/><E100/><V104/><F33/><W59/><G107/><T88/><D103/><U122/><E74/><V99/><F115/><N who="0" m="44106" /><D28/><U40/><E40/><V51/><F39/><W13/><G34/><T98/><D21/><U50/><E50/><V30/><F64/><W117/><G65/><T73/><D23/><U83/><E83/><V89/><F96/><W4/><G4/><T123/><D73/><U67/><E8/><V43/><F78/><W111/><G111/><T63/><D63/><U48/><E48/><V131/><F131/><W57/><G57/><T71/><D71/><U82/><E82/><V120/><F120/><W91/><G93/><N who="0" m="56615" /><D123/><U6/><E3/><V26/><F51/><N who="3" m="31135" /><G7/><T49/><D49/><U90/><E6/><V10/><F30/><W56/><G56/><T9/><D9/><U36/><E36/><V133/><F41/><W125/><G117/><T14/><D14/><U15/><E15/><V31/><F43/><W114/><G13/><T70/><D70/><U134/><E122/><V11/><F11/><W109/><G114/><T32/><D32/><U132/><E95/><N who="2" m="54703" /><F10/><W86/><G118/><T1/><D1/><U80/><E94/><V37/><F37/><W46/><G38/><T119/><D119/><U110/><E80/><V58/><F58/><W5/><G5/><T77/><D69/><U22/><E68/><V97/><F104/><W19/><G42/><RYUUKYOKU ba="0,0" sc="265,30,251,-10,242,-10,242,-10" hai0="61,66,76,77,79,124,127" /><INIT seed="2,1,0,2,1,122" ten="295,241,232,232" oya="2" hai0="62,43,78,89,10,57,30,19,92,29,120,127,3" hai1="53,100,40,4,8,110,37,47,106,51,27,22,34" hai2="42,7,105,135,134,6,63,129,124,12,76,119,85" hai3="1,126,116,95,73,86,35,67,113,72,121,75,20"/><V112/><F112/><W69/><G35/><T18/><D120/><U61/><E110/><V107/><F119/><W114/><G116/><T77/><D43/><U11/><E34/><V104/><F129/><W93/><G121/><T103/><D103/><U65/><E100/><V66/><F124/><W130/><G1/><T52/><D3/><U123/><E106/><V133/><F42/><W60/><G130/><T31/><D127/><U16/><E4/><V44/><F44/><W64/><G126/><T132/><D132/><U45/><REACH who="1" step="1"/><E123/><REACH who="1" ten="295,231,232,232" step="2"/><V9/><F6/><W81/><G113/><T68/><D68/><AGARI ba="1,1" hai="8,11,16,22,27,37,40,45,47,51,53,61,65,68" machi="68" ten="30,7700,0" yaku="1,1,2,1,7,1,54,1,53,0" doraHai="122" doraHaiUra="33" who="1" fromWho="0" sc="295,-80,231,90,232,0,232,0" /><INIT seed="3,0,0,2,3,106" ten="215,321,232,232" oya="3" hai0="3,83,15,63,77,70,123,54,92,1,103,8,32" hai1="36,59,110,132,79,28,37,134,93,128,104,133,6" hai2="99,66,7,60,24,23,72,127,33,38,56,89,34" hai3="73,26,40,102,113,22,48,31,87,68,13,49,135"/><W100/><G113/><T130/><D123/><U74/><E110/><V85/><F38/><W69/><G135/><T71/><D32/><U14/><E104/><V88/><F127/><W111/><G111/><T58/><D130/><U97/><E128/><V65/><F72/><W16/><G73/><T25/><D25/><U67/><E28/><V29/><F7/><W84/><G68/><T82/><D82/><N who="1" m="45431" /><E59/><V45/><F45/><N who="3" m="25639" /><G69/><T121/><D121/><U43/><E67/><V11/><F11/><N who="3" m="6207" /><G49/><T64/><D71/><U95/><E95/><N who="2" m="56807" /><F33/><W94/><G94/><T47/><D92/><U81/><E43/><V118/><F118/><W12/><G12/><T117/><D117/><U107/><E81/><N who="2" m="49327" /><F34/><W75/><G75/><T27/><D70/><U129/><E107/><V57/><F57/><W86/><AGARI ba="0,0" hai="22,26,31,84,86,87,100,102" m="6207,25639" machi="86" ten="30,3000,0" yaku="8,1,54,1" doraHai="106" who="3" fromWho="3" sc="215,-10,321,-10,232,-10,232,30" /><INIT seed="3,1,0,2,3,25" ten="205,311,222,262" oya="3" hai0="79,38,100,21,26,40,0,114,57,118,99,113,18" hai1="11,105,82,2,93,95,29,71,47,133,65,119,83" hai2="46,63,9,122,104,98,90,52,84,102,43,17,75" hai3="130,86,129,60,42,68,120,109,123,111,56,91,16"/><W108/><G68/><T35/><D118/><U55/><E105/><V36/><F122/><W80/><G42/><T124/><D0/><U54/><E11/><V116/><F116/><W64/><REACH who="3" step="1"/><G16/><REACH who="3" ten="205,311,222,252" step="2"/><T94/><D40/><U28/><E119/><V20/><F9/><W39/><G39/><T70/><D70/><U106/><E71/><V131/><F131/><AGARI ba="1,1" hai="56,60,64,80,86,91,108,109,111,120,123,129,130,131" machi="131" ten="50,12000,1" yaku="1,1,14,1,10,1,19,1,53,0" doraHai="25" doraHaiUra="134" who="3" fromWho="2" sc="205,0,311,0,222,-123,252,133" /><INIT seed="3,2,0,1,1,18" ten="205,311,99,385" oya="3" hai0="81,53,9,36,120,108,65,39,26,102,25,64,60" hai1="29,23,75,78,50,126,6,3,118,115,95,79,66" hai2="94,14,74,21,32,111,16,122,113,98,20,22,10" hai3="91,45,35,82,56,86,61,38,31,24,80,131,119"/><W106/><G119/><T57/><D120/><U99/><E115/><V44/><F113/><W48/><G131/><T62/><D102/><U127/><E118/><V69/><F122/><W124/><G124/><N who="1" m="47658" /><E75/><V13/><F111/><W17/><G106/><T0/><D108/><U40/><E66/><V96/><F69/><W68/><G68/><T4/><D81/><U114/><E114/><V84/><F32/><W123/><G123/><T101/><D101/><U37/><E37/><V97/><F74/><W93/><G17/><T104/><D53/><U130/><E3/><V133/><F44/><W55/><REACH who="3" step="1"/><G38/><REACH who="3" ten="205,311,99,375" step="2"/><T71/><D104/><U1/><E130/><V59/><F133/><W72/><G72/><T77/><D39/><U43/><E6/><N who="2" m="3287" /><F59/><W88/><G88/><AGARI ba="2,1" hai="14,16,20,21,22,84,88,94,96,97,98" m="3287" machi="88" ten="30,12000,2" yaku="8,1,52,3,54,2" doraHai="18" who="2" fromWho="3" sc="205,0,311,0,99,136,375,-126" /><INIT seed="4,0,0,1,5,107" ten="205,311,235,249" oya="0" hai0="73,118,109,3,2,89,125,80,106,84,64,82,133" hai1="66,55,123,119,27,54,102,8,44,56,41,99,113" hai2="86,7,132,88,71,19,65,74,35,124,58,75,18" hai3="129,131,120,121,0,95,45,100,92,21,43,77,15"/><T127/><D118/><U91/><E123/><N who="3" m="47178" /><G0/><T103/><D64/><U115/><E119/><V34/><F71/><W62/><G77/><N who="0" m="44079" /><D3/><U117/><E117/><V39/><F39/><N who="3" m="21759" /><G62/><T32/><D32/><U104/><E91/><V101/><F7/><W130/><G100/><T63/><D63/><N who="1" m="38247" /><E8/><V50/><F101/><W53/><G53/><T33/><D2/><U94/><E27/><V57/><F124/><N who="0" m="47690" /><D33/><U6/><E6/><V26/><F65/><W128/><N who="3" m="32768" /><DORA hai="12" /><W46/><G46/><T36/><D36/><U87/><E44/><V5/><F5/><W16/><AGARI ba="0,0" hai="15,16,21,92,95" m="32768,21759,47178" machi="16" ten="60,8000,1" yaku="13,1,19,1,52,1,54,1" doraHai="107,12" who="3" fromWho="3" sc="205,-40,311,-20,235,-20,249,80" /><INIT seed="5,0,0,1,2,41" ten="165,291,215,329" oya="1" hai0="59,135,31,50,62,100,97,120,66,17,103,18,128" hai1="54,42,73,114,46,110,106,22,130,11,132,30,72" hai2="77,76,25,56,102,101,36,96,90,84,40,8,123" hai3="133,105,55,88,35,45,134,32,48,63,126,4,85"/><U39/><E106/><V122/><F8/><W29/><G105/><T34/><D135/><N who="3" m="51721" /><G126/><T121/><D128/><U116/><E116/><V58/><F25/><W99/><G99/><T92/><D103/><N who="2" m="39434" /><F40/><W115/><G115/><T53/><D31/><U79/><E132/><V95/><F36/><W33/><G4/><T125/><D34/><U51/><E130/><V91/><F56/><W16/><G63/><T49/><D49/><U52/><E114/><V108/><F58/><W1/><G1/><T61/><D61/><U15/><E110/><V2/><F2/><W80/><G16/><T38/><D38/><U109/><E109/><V43/><F43/><W60/><G60/><T82/><D125/><U70/><E70/><V67/><F67/><W64/><G64/><T74/><D121/><N who="2" m="46090" /><F108/><W118/><G118/><T112/><D120/><U71/><E71/><V87/><F96/><W107/><G107/><T13/><D112/><U119/><E119/><V68/><F68/><W24/><AGARI ba="0,0" hai="24,29,32,33,35,45,48,55,80,85,88" m="51721" machi="24" ten="30,4000,0" yaku="20,1,52,1,54,1" doraHai="41" who="3" fromWho="3" sc="165,-10,291,-20,215,-10,329,40" /><INIT seed="6,0,0,2,2,49" ten="155,271,205,369" oya="2" hai0="106,87,43,31,37,18,60,20,34,89,96,99,85" hai1="39,71,1,103,114,118,79,14,17,53,6,58,66" hai2="42,36,35,59,67,108,115,101,112,47,128,124,63" hai3="131,9,32,55,33,80,28,90,117,125,69,27,41"/><V127/><F35/><W3/><G69/><T77/><D37/><U72/><E118/><V97/><F128/><W64/><G33/><T46/><D106/><U75/><E114/><N who="2" m="43563" /><F97/><W30/><G30/><T61/><D31/><U19/><E39/><V12/><F12/><W132/><G64/><T81/><D34/><U23/><E103/><V102/><F102/><W13/><G41/><T98/><D46/><U52/><E71/><V40/><F101/><W76/><G117/><T0/><D43/><U83/><E75/><V100/><F100/><W86/><G125/><N who="2" m="48201" /><F42/><W44/><G13/><T25/><REACH who="0" step="1"/><D0/><REACH who="0" ten="145,271,205,369" step="2"/><U134/><E1/><V109/><AGARI ba="0,1" hai="36,40,47,59,63,67,108,109" m="48201,43563" machi="109" ten="40,12000,1" yaku="15,1,18,1,34,2" doraHai="49" who="2" fromWho="2" sc="145,-40,271,-40,205,130,369,-40" /><INIT seed="6,1,0,5,0,30" ten="105,231,335,329" oya="2" hai0="55,40,48,126,69,129,119,53,94,112,100,92,109" hai1="20,16,98,111,121,108,114,87,113,59,66,124,67" hai2="37,7,130,8,128,21,90,122,116,23,105,29,89" hai3="57,1,131,63,117,56,33,22,34,127,49,50,6"/><V120/><F105/><W5/><G117/><T80/><D109/><U14/><E124/><V41/><F37/><W11/><G127/><T10/><D126/><U15/><E121/><V97/><F41/><W83/><G131/><N who="2" m="50217" /><F97/><W74/><G6/><T52/><D129/><U17/><E87/><V60/><F60/><W123/><G123/><N who="2" m="47145" /><F29/><W27/><G74/><T75/><D119/><U38/><E98/><V99/><F99/><W79/><G50/><T9/><D100/><U95/><E95/><V4/><F116/><W42/><G56/><T115/><D69/><U125/><E125/><V134/><F134/><W24/><G42/><T72/><D48/><U104/><E59/><V13/><F7/><W70/><G49/><T39/><D40/><U103/><E38/><V32/><F32/><W64/><G57/><T26/><D39/><U44/><E103/><V93/><F93/><N who="0" m="35946" /><D80/><U118/><E118/><V18/><F23/><W51/><G51/><T82/><D82/><U96/><E96/><V107/><F107/><W2/><G83/><T28/><D9/><U43/><E104/><V62/><F62/><W31/><G79/><T78/><D10/><U91/><E43/><V61/><F61/><W68/><G68/><T73/><D78/><U77/><E77/><V85/><F85/><W135/><G135/><T36/><D36/><U25/><E108/><V19/><F89/><W132/><G132/><T0/><D0/><U47/><E111/><V76/><F76/><W58/><G2/><T46/><D46/><U45/><E45/><V133/><F133/><W71/><G33/><AGARI ba="1,0" hai="26,28,33,52,53,55,72,73,75,112,115" m="35946" machi="33" ten="40,5200,0" yaku="6,1,52,1,54,1" doraHai="30" who="0" fromWho="3" sc="105,55,231,0,335,0,329,-55" /><INIT seed="7,0,0,5,3,58" ten="160,231,335,274" oya="3" hai0="22,126,29,48,61,68,132,131,88,117,2,37,64" hai1="42,83,115,69,53,101,79,90,122,54,109,18,38" hai2="15,94,59,23,103,3,100,129,33,96,47,1,72" hai3="135,93,134,125,113,13,32,21,41,85,130,91,67"/><W16/><G113/><T119/><D132/><N who="3" m="50729" /><G32/><T28/><D131/><U65/><E109/><V97/><F72/><W6/><G130/><T127/><D2/><U46/><E122/><V81/><F33/><W121/><G121/><T87/><D37/><U128/><E115/><V30/><F81/><W40/><G125/><T99/><D99/><U106/><E128/><V27/><F129/><W118/><G118/><T49/><D22/><U44/><E90/><V110/><F110/><W55/><G67/><T39/><D39/><U86/><E46/><V66/><F47/><W17/><G6/><T26/><D119/><U70/><E70/><V95/><F15/><N who="3" m="9407" /><G55/><T12/><D117/><U56/><E54/><V105/><F105/><W114/><G114/><T78/><D12/><U75/><E106/><V0/><F1/><W111/><G111/><T57/><D127/><U34/><E34/><V120/><F120/><W9/><AGARI ba="0,0" hai="9,13,16,40,41,85,91,93" m="9407,50729" machi="9" ten="30,3000,0" yaku="20,1,54,1" doraHai="58" who="3" fromWho="3" sc="160,-10,231,-10,335,-10,274,30" /><INIT seed="7,1,0,3,2,10" ten="150,221,325,304" oya="3" hai0="53,100,92,85,129,62,52,26,20,69,43,76,107" hai1="67,119,36,6,11,111,25,46,106,88,77,15,128" hai2="32,96,65,55,86,75,66,113,112,115,93,126,135" hai3="8,42,103,29,73,58,59,95,124,82,21,87,9"/><W4/><G124/><T71/><D129/><U117/><E128/><V23/><F75/><W17/><G73/><T120/><D120/><U108/><E106/><V60/><F32/><W91/><G42/><T13/><D43/><U94/><E77/><V40/><F135/><W16/><G29/><T24/><D107/><U22/><E67/><V133/><F133/><W123/><G123/><T70/><D62/><U109/><E46/><V80/><F40/><W118/><G118/><T2/><D2/><U122/><E36/><V89/><F23/><W14/><G17/><T0/><D0/><U19/><REACH who="1" step="1"/><E122/><REACH who="1" ten="150,211,325,304" step="2"/><V41/><F126/><W110/><G110/><T130/><D130/><U114/><E114/><V97/><F41/><W125/><G125/><T44/><D44/><U28/><E28/><V45/><F45/><W127/><G127/><T34/><D34/><U102/><E102/><V79/><F55/><W99/><G8/><T51/><D100/><U33/><E33/><V68/><F65/><W98/><G98/><AGARI ba="1,1" hai="6,11,15,19,22,25,88,94,98,108,109,111,117,119" machi="98" ten="40,5200,0" yaku="1,1,52,1,54,1,53,0" doraHai="10" doraHaiUra="81" who="1" fromWho="3" sc="150,0,211,65,325,0,304,-55" owari="150,-35.0,276,7.6,325,42.5,249,-15.1" /></mjloggm>