<mjloggm ver="2.3"><GO type="169" lobby="0"/><UN n0="%E3%82%82%E3%82%8A%E3%82%82%E3%82%8A%E3%81%8A%E3%81%AB%E3%81%8E%E3%82%8A" n1="%E3%81%BF%E3%82%84%E3%81%AF%E3%82%89" n2="%E3%83%9C%E3%82%AF%E3%81%A1%E3%82%83%E3%82%93" n3="%46%75%4B%61" dan="16,16,16,16" rate="2136.27,2070.55,2066.25,2093.53" sx="M,M,M,M"/><TAIKYOKU oya="0"/><INIT seed="0,0,0,5,1,90" ten="250,250,250,250" oya="0" hai0="60,126,12,18,92,98,24,63,74,69,36,38,6" hai1="22,131,125,14,110,53,66,43,32,135,99,97,3" hai2="113,64,104,121,88,35,81,57,42,115,86,62,19" hai3="73,10,109,75,15,119,40,37,80,132,1,49,20"/><T13/><D74/><U61/><E110/><V107/><F121/><W9/><G119/><T106/><D106/><U105/><E125/><V23/><F35/><W8/><G109/><T41/><D126/><U95/><E131/><V76/><F42/><W54/><G132/><T123/><D123/><U58/><E3/><V70/><F107/><W68/><G68/><T85/><D85/><U100/><E32/><V120/><F120/><W65/><G65/><T128/><D128/><U30/><E43/><V52/><F104/><W51/><G1/><T96/><D24/><U127/><E135/><V83/><F83/><W59/><G37/><T0/><D0/><U34/><E34/><V25/><REACH who="2" step="1"/><F76/><REACH who="2" ten="250,250,240,250" step="2"/><W11/><G40/><T72/><D41/><U78/><E127/><V103/><F103/><W89/><G75/><T114/><D72/><U16/><E78/><V77/><F77/><W117/><G73/><T124/><D124/><U33/><E33/><V44/><F44/><W84/><G117/><T47/><D47/><U67/><E30/><V55/><F55/><W7/><G20/><T118/><D118/><U87/><E87/><V50/><AGARI ba="0,1" hai="19,23,25,50,52,57,62,64,70,81,86,88,113,115" machi="50" ten="20,8000,1" yaku="1,1,0,1,7,1,54,2,53,0" doraHai="90" doraHaiUra="27" who="2" fromWho="2" sc="250,-40,250,-20,240,90,250,-20" /><INIT seed="1,0,0,3,3,112" ten="210,230,330,230" oya="1" hai0="79,48,60,97,122,16,59,73,18,64,94,108,56" hai1="89,117,19,1,53,91,116,105,131,80,0,63,49" hai2="57,99,110,26,23,72,107,28,40,4,43,37,24" hai3="41,115,58,98,121,103,39,128,83,47,113,129,135"/><U51/><E105/><V67/><F72/><W2/><G121/><T34/><D122/><U21/><E131/><N who="3" m="50250" /><G2/><T50/><D34/><U69/><E0/><V25/><F110/><W42/><G83/><T84/><D73/><U10/><E49/><V35/><F4/><W134/><G42/><T86/><D108/><U132/><E132/><N who="3" m="50730" /><G58/><T106/><D106/><AGARI ba="0,0" hai="39,41,47,98,103,106,113,115" m="50730,50250" machi="106" ten="30,3900,0" yaku="19,1,20,1,23,1" doraHai="112" who="3" fromWho="0" sc="210,-39,230,0,330,0,230,39" /><INIT seed="2,0,0,4,3,122" ten="171,230,330,269" oya="2" hai0="33,74,88,91,70,120,116,98,22,25,29,4,83" hai1="45,34,69,20,94,58,37,79,53,10,113,14,110" hai2="3,42,19,63,96,56,31,30,95,15,51,131,72" hai3="62,67,118,17,54,35,103,65,27,125,75,11,106"/><V104/><F3/><W81/><G125/><T109/><D120/><U32/><E113/><V123/><F104/><W5/><G118/><T93/><D116/><U121/><E69/><V50/><F72/><W64/><G54/><T13/><D70/><U43/><E121/><V52/><F123/><W26/><G62/><T112/><D112/><U46/><E46/><V135/><F131/><W85/><G75/><T107/><D107/><U41/><E41/><V49/><F42/><W76/><G35/><T84/><D74/><U44/><E44/><V115/><F135/><W114/><G103/><T129/><D129/><U111/><E20/><V127/><F127/><W132/><G106/><T1/><D1/><U16/><E94/><V134/><F134/><W55/><G55/><T18/><REACH who="0" step="1"/><D4/><REACH who="0" ten="161,230,330,269" step="2"/><U6/><E6/><V36/><F115/><W99/><G114/><T128/><D128/><U47/><E47/><V117/><F117/><W57/><G5/><T60/><D60/><N who="1" m="35919" /><E79/><V102/><REACH who="2" step="1"/><F36/><REACH who="2" ten="161,230,320,269" step="2"/><W130/><G132/><T105/><D105/><U97/><E37/><V119/><F119/><W38/><G38/><T101/><D101/><U66/><E43/><V90/><F90/><W126/><G130/><T133/><D133/><U9/><E66/><V87/><F87/><W86/><G67/><T39/><D39/><U59/><E97/><V12/><F12/><N who="3" m="7327" /><G65/><T0/><D0/><U24/><E14/><V124/><F124/><W7/><G126/><T21/><D21/><AGARI ba="0,2" hai="15,19,21,30,31,49,50,51,52,56,63,95,96,102" machi="21" ten="40,7700,0" yaku="1,1,8,1,54,1,53,0" doraHai="122" doraHaiUra="61" who="2" fromWho="0" sc="161,-77,230,0,320,97,269,0" /><INIT seed="2,1,0,4,5,122" ten="84,230,417,269" oya="2" hai0="76,92,77,75,57,131,72,126,8,103,69,18,43" hai1="89,74,119,38,46,22,0,15,96,113,51,91,81" hai2="3,129,133,68,66,41,65,110,39,12,26,28,53" hai3="30,105,47,71,97,121,10,35,6,112,58,67,111"/><V84/><F3/><W99/><G121/><T45/><D69/><U7/><E113/><V115/><F115/><W61/><G112/><T16/><D126/><U14/><E119/><V56/><F129/><W79/><G79/><T2/><D131/><U4/><E0/><V29/><F29/><W80/><G80/><T88/><D103/><U130/><E38/><V54/><F54/><W25/><G47/><T5/><D57/><U36/><E36/><V117/><F68/><W13/><G99/><T87/><D76/><U124/><E124/><V101/><F101/><N who="3" m="62639" /><G58/><T37/><D75/><U59/><E59/><V135/><F84/><W32/><G35/><T70/><D70/><U73/><E81/><AGARI ba="1,0" hai="2,5,8,16,18,37,43,45,72,77,81,87,88,92" machi="81" ten="40,8000,1" yaku="25,2,54,2" doraHai="122" who="0" fromWho="1" sc="84,83,230,-83,417,0,269,0" /><INIT seed="3,0,0,2,1,92" ten="167,147,417,269" oya="3" hai0="97,0,20,81,28,75,78,119,47,105,44,18,88" hai1="111,106,53,73,31,104,57,115,94,8,130,89,60" hai2="68,126,91,77,14,45,13,1,123,49,7,16,51" hai3="125,46,135,93,2,27,48,127,82,117,26,29,33"/><W83/><G117/><T72/><D119/><U96/><E115/><V74/><F68/><W120/><G120/><T6/><D72/><U121/><E121/><V36/><F126/><W79/><G2/><T69/><D69/><U24/><E111/><V63/><F63/><W103/><G135/><T118/><D118/><U98/><E130/><V116/><F14/><W12/><G27/><T25/><D6/><U66/><E73/><V42/><F91/><W19/><G79/><T50/><D0/><U10/><E53/><V22/><F123/><W86/><G127/><T61/><D61/><U129/><E129/><V133/><F133/><W40/><G125/><T52/><D47/><U62/><E62/><V56/><F56/><W54/><G40/><T71/><D71/><U99/><E106/><V37/><F37/><W85/><G86/><T107/><REACH who="0" step="1"/><D28/><REACH who="0" ten="157,147,417,269" step="2"/><U110/><E110/><V11/><F116/><W101/><G93/><AGARI ba="0,1" hai="18,20,25,44,50,52,75,78,81,88,93,97,105,107" machi="93" ten="40,8000,1" yaku="1,1,2,1,52,1,54,2,53,0" doraHai="92" doraHaiUra="132" who="0" fromWho="3" sc="157,90,147,0,417,0,269,-80" /><INIT seed="4,0,0,5,2,134" ten="247,147,417,189" oya="0" hai0="103,120,0,53,49,78,60,72,128,85,5,70,91" hai1="94,117,19,36,81,47,27,107,135,12,121,111,100" hai2="9,44,129,46,21,109,124,2,15,52,54,79,93" hai3="16,48,61,130,17,116,86,71,26,77,28,51,118"/><T63/><D120/><U84/><E111/><V62/><F109/><W13/><G130/><T75/><D128/><U38/><E117/><V89/><F129/><W6/><G116/><T67/><D103/><U133/><E121/><V82/><F124/><W98/><G118/><T112/><D112/><U20/><E107/><V102/><F2/><W110/><G110/><T42/><D42/><U113/><E113/><V11/><F21/><W119/><G119/><T58/><D78/><U29/><E94/><V68/><F11/><W69/><G98/><T88/><D91/><U90/><E100/><V73/><F54/><W74/><G74/><T65/><D5/><U114/><E114/><V1/><F1/><W3/><G3/><T108/><D0/><U80/><E80/><V131/><F102/><W33/><G6/><T76/><D76/><U123/><E123/><V104/><F104/><W95/><G17/><T105/><D105/><U57/><E57/><V39/><F39/><W24/><G24/><T97/><D97/><U64/><E64/><V14/><F14/><W122/><G122/><T106/><D106/><U99/><E99/><V22/><F68/><W8/><G71/><T87/><D87/><U45/><E36/><V43/><F79/><W32/><G32/><T101/><D101/><U25/><E38/><V66/><F89/><N who="3" m="53687" /><G77/><T125/><D108/><U127/><E127/><V55/><F73/><W7/><G7/><T41/><D125/><U50/><E29/><V31/><F31/><W40/><G40/><T92/><D41/><N who="1" m="24879" /><E47/><AGARI ba="0,0" hai="47,49,53,58,60,63,65,67,70,72,75,85,88,92" machi="47" ten="30,2900,0" yaku="7,1,54,1" doraHai="134" who="0" fromWho="1" sc="247,29,147,-29,417,0,189,0" /><INIT seed="4,1,0,1,0,132" ten="276,118,417,189" oya="0" hai0="67,10,15,62,11,57,2,45,99,107,113,63,32" hai1="111,6,131,94,127,38,52,123,37,81,106,92,122" hai2="105,108,91,79,129,114,80,41,130,69,65,128,51" hai3="36,102,134,124,61,133,110,97,17,90,50,126,88"/><T39/><D32/><U7/><E81/><V76/><F108/><W8/><G36/><T71/><D113/><U23/><E23/><V29/><F105/><N who="3" m="63695" /><G61/><T44/><D2/><U95/><E111/><V14/><F114/><W42/><G110/><T66/><D39/><N who="1" m="14859" /><E106/><V83/><F29/><W75/><G50/><T119/><D119/><U104/><E104/><V25/><F25/><W121/><G42/><T85/><D85/><U58/><E58/><V96/><F65/><W120/><G75/><T19/><D11/><U77/><E77/><N who="2" m="29771" /><F69/><W86/><G17/><T53/><D67/><U27/><E27/><V18/><F91/><N who="3" m="34859" /><G8/><T101/><AGARI ba="1,0" hai="10,15,19,44,45,53,57,62,63,66,71,99,101,107" machi="101" ten="30,1500,0" yaku="0,1" doraHai="132" who="0" fromWho="0" sc="276,18,118,-6,417,-6,189,-6" /><INIT seed="4,2,0,5,2,9" ten="294,112,411,183" oya="0" hai0="102,87,67,96,30,108,71,8,132,95,122,38,33" hai1="116,93,10,6,76,43,66,72,91,86,31,111,101" hai2="65,55,5,64,18,80,44,114,25,2,135,51,118" hai3="130,73,103,1,90,54,32,7,123,0,120,131,100"/><T77/><D122/><N who="3" m="46633" /><G54/><T40/><D132/><U35/><E116/><V84/><F135/><W106/><G32/><T34/><D108/><U24/><E111/><V105/><F105/><W81/><G7/><T112/><D112/><U115/><E115/><V46/><F114/><W128/><G106/><T133/><D133/><U78/><E66/><V56/><F5/><W98/><G1/><T37/><D71/><U113/><E113/><V27/><F2/><W50/><G50/><T109/><D67/><N who="2" m="25674" /><F118/><W23/><G23/><T124/><D33/><U39/><E72/><V89/><F18/><W126/><G0/><T17/><D40/><U14/><REACH who="1" step="1"/><E101/><REACH who="1" ten="294,102,411,183" step="2"/><V3/><F3/><W11/><G126/><T52/><D124/><U99/><E99/><V121/><F121/><W110/><G110/><T21/><D96/><U59/><E59/><V22/><F56/><W45/><G45/><AGARI ba="2,1" hai="6,10,14,24,31,35,39,43,45,76,78,86,91,93" machi="45" ten="40,2600,0" yaku="1,1,52,1,53,0" doraHai="9" doraHaiUra="107" who="1" fromWho="3" sc="294,0,102,42,411,0,183,-32" /><INIT seed="5,0,0,5,4,89" ten="294,144,411,151" oya="1" hai0="107,1,122,18,81,37,19,29,121,36,87,5,85" hai1="31,9,106,40,123,22,17,98,117,67,50,28,88" hai2="47,41,53,27,128,66,46,60,80,115,83,49,103" hai3="126,110,30,97,71,131,35,16,44,127,86,114,130"/><U14/><E117/><V10/><F128/><N who="3" m="49195" /><G71/><T125/><D107/><U112/><E123/><V7/><F103/><W59/><G110/><T75/><D75/><U55/><E112/><V113/><F27/><N who="3" m="18911" /><G114/><N who="2" m="43529" /><F66/><W76/><G44/><T100/><D29/><U96/><E67/><V2/><F60/><W25/><G59/><T54/><D100/><U92/><E40/><V62/><F62/><W42/><G42/><T135/><D37/><AGARI ba="0,0" hai="2,7,10,37,41,46,47,49,53,80,83" m="43529" machi="37" ten="30,2000,0" yaku="15,1,11,1" doraHai="89" who="2" fromWho="0" sc="294,-20,144,0,411,20,151,0" /><INIT seed="6,0,0,1,1,87" ten="274,144,431,151" oya="2" hai0="60,29,28,78,16,86,48,97,77,3,55,113,116" hai1="5,127,18,125,15,14,112,35,118,117,81,67,114" hai2="63,132,32,129,33,79,134,110,6,43,30,101,59" hai3="61,103,25,36,52,19,100,22,57,38,102,37,50"/><V34/><F129/><W21/><REACH who="3" step="1"/><G21/><REACH who="3" ten="274,144,431,141" step="2"/><T70/><D116/><N who="1" m="44651" /><E67/><V131/><F131/><W58/><G58/><T69/><D69/><U31/><E81/><V95/><F59/><W94/><G94/><T41/><D70/><U9/><E35/><V11/><F95/><W98/><G98/><T27/><D97/><U53/><E31/><V85/><F30/><W91/><G91/><T120/><D29/><U26/><E26/><V20/><F20/><W65/><G65/><T54/><D27/><U51/><E14/><V39/><F33/><W45/><G45/><T107/><D28/><U106/><E106/><V130/><F34/><W17/><G17/><T40/><D16/><U2/><E18/><V76/><F32/><W122/><G122/><T72/><D120/><U96/><E15/><V89/><F89/><W10/><G10/><T93/><D93/><U105/><E96/><V75/><F11/><W74/><G74/><T82/><D72/><U66/><E66/><V108/><F75/><W115/><G115/><N who="1" m="44074" /><E105/><V128/><F128/><W12/><G12/><T92/><D107/><U44/><AGARI ba="0,1" hai="2,5,9,44,51,53,125,127" m="44074,44651" machi="44" ten="40,1500,0" yaku="15,1" doraHai="87" who="1" fromWho="1" sc="274,-4,144,25,431,-7,141,-4" /><INIT seed="7,0,0,0,4,116" ten="270,169,424,137" oya="3" hai0="30,33,29,115,1,22,73,110,52,117,26,61,60" hai1="62,127,74,120,27,19,2,6,113,132,91,75,84" hai2="88,46,111,93,12,63,37,3,125,47,42,112,9" hai3="131,87,96,56,58,97,108,79,109,15,8,106,126"/><W107/><G131/><T119/><D73/><U41/><E113/><V103/><F111/><N who="3" m="42571" /><G126/><T14/><D1/><U121/><E127/><V38/><F103/><W124/><G124/><T36/><D36/><U48/><E132/><V76/><F76/><W68/><G68/><T101/><D115/><U11/><E62/><V21/><F3/><W25/><G25/><T7/><D101/><U72/><E41/><V57/><F21/><W92/><G58/><T133/><D26/><U69/><E69/><V83/><F47/><W89/><G56/><T71/><D22/><U51/><E27/><V10/><F38/><W95/><G79/><T50/><D71/><U82/><REACH who="1" step="1"/><E19/><REACH who="1" ten="270,159,424,137" step="2"/><V43/><F43/><W128/><G128/><T54/><D110/><U5/><E5/><V98/><F112/><W90/><G97/><T20/><D133/><U64/><E64/><V59/><F63/><W70/><G70/><T134/><D61/><U104/><E104/><V66/><F66/><W122/><G122/><AGARI ba="0,1" hai="2,6,11,48,51,72,74,75,82,84,91,120,121,122" machi="122" ten="50,8000,1" yaku="1,1,52,3,53,1" doraHai="116" doraHaiUra="80" who="1" fromWho="3" sc="270,0,159,90,424,0,137,-80" owari="270,7.0,249,-15.1,424,52.4,57,-44.3" /></mjloggm>