<mjloggm ver="2.3"><GO type="169" lobby="0"/><UN n0="%E7%88%86%E7%89%8C%E3%82%A6%E3%82%B7%E3%82%B8%E3%83%9E%E3%81%8F%E3%82%93" n1="%43%E3%82%A8%E3%83%BC%E3%82%B8%E3%82%A7%E3%83%B3%E3%83%88" n2="%E6%B2%96%E3%83%92%E3%82%AB%E3%83%AB%EF%BC%88%E6%9C%AC%E7%89%A9%EF%BC%89" n3="%4C%C3%97%57%C3%97%4C" dan="19,17,18,17" rate="2267.12,2200.97,2203.54,2138.09" sx="M,M,F,M"/><TAIKYOKU oya="0"/><INIT seed="0,0,0,0,1,23" ten="250,250,250,250" oya="0" hai0="61,83,59,80,13,114,93,2,123,135,54,108,26" hai1="107,134,63,1,29,40,43,128,36,57,45,18,126" hai2="94,56,46,44,101,90,127,21,77,28,76,96,4" hai3="38,73,35,71,125,111,68,74,41,58,27,24,31"/><T16/><D114/><U5/><E107/><V30/><F127/><W133/><G58/><T115/><D115/><U20/><E126/><V15/><F30/><N who="3" m="19911" /><G125/><T88/><D108/><U22/><E128/><V120/><F120/><W25/><G25/><T52/><D123/><U84/><E134/><V55/><F4/><W130/><G130/><T109/><D2/><U17/><E43/><V118/><F118/><W106/><G111/><T3/><D3/><U116/><E116/><V67/><F67/><W75/><G106/><T69/><D69/><N who="3" m="26697" /><G133/><T81/><D109/><U89/><E1/><V51/><F90/><W98/><G98/><N who="0" m="57639" /><D135/><U95/><E5/><V117/><F117/><W124/><G124/><T104/><D104/><U103/><E103/><V0/><F0/><W12/><G12/><T129/><D129/><U113/><E113/><V42/><F15/><W33/><G41/><T105/><D105/><U86/><E86/><V7/><F7/><W8/><G8/><N who="0" m="6183" /><D26/><U32/><E32/><V6/><F6/><W99/><G99/><T66/><AGARI ba="0,0" hai="52,54,59,61,66,80,81,83" m="6183,57639" machi="66" ten="30,11700,0" yaku="8,1,54,3" doraHai="23" who="0" fromWho="0" sc="250,117,250,-39,250,-39,250,-39" /><INIT seed="0,1,0,1,3,64" ten="367,211,211,211" oya="0" hai0="125,70,20,79,0,118,107,2,133,17,101,24,111" hai1="110,55,83,38,8,77,96,122,129,65,72,94,90" hai2="1,100,114,39,22,80,104,32,60,49,11,71,112" hai3="73,48,113,103,7,45,62,5,106,50,18,119,97"/><T42/><D118/><U35/><E38/><V87/><F22/><W105/><G113/><T121/><D121/><U98/><E35/><V13/><F1/><W31/><G119/><T28/><D42/><U131/><E8/><V44/><F32/><W108/><G73/><T36/><D36/><U120/><E55/><V61/><F39/><W41/><G31/><T78/><D125/><U128/><E65/><V68/><F61/><W123/><G108/><T6/><D111/><U84/><REACH who="1" step="1"/><E110/><REACH who="1" ten="367,201,211,211" step="2"/><V12/><F112/><W127/><G123/><AGARI ba="1,1" hai="72,77,83,84,90,94,96,98,120,122,123,128,129,131" machi="123" ten="50,16000,3" yaku="1,1,2,1,19,1,34,3,53,3" doraHai="64" doraHaiUra="117" who="1" fromWho="3" sc="367,0,201,173,211,0,211,-163" /><INIT seed="1,0,0,1,1,93" ten="367,374,211,48" oya="1" hai0="18,88,87,40,116,121,94,17,102,55,108,72,75" hai1="133,42,44,107,114,1,92,82,127,126,113,124,28" hai2="118,37,66,24,54,58,2,96,99,83,64,14,106" hai3="52,73,79,117,5,23,50,120,81,31,74,109,128"/><U26/><E1/><V20/><F106/><W16/><G120/><T22/><D121/><U85/><E107/><V105/><F105/><W9/><G109/><T41/><D108/><U68/><E68/><V135/><F37/><W32/><G128/><T90/><D116/><U51/><E92/><V69/><F69/><W110/><G110/><T112/><D112/><U86/><E133/><V38/><F38/><W100/><G100/><T132/><D132/><U34/><REACH who="1" step="1"/><E86/><REACH who="1" ten="367,364,211,48" step="2"/><V67/><F2/><W45/><G117/><T19/><D75/><U12/><E12/><V21/><F135/><W7/><G73/><T43/><D72/><U123/><E123/><V130/><F14/><W91/><G9/><T111/><D111/><U101/><E101/><V89/><F118/><W59/><G74/><T6/><D102/><U3/><E3/><V95/><F95/><W104/><G104/><T129/><D94/><U115/><E115/><V62/><F130/><W70/><G70/><T36/><D87/><U122/><E122/><V33/><F83/><W11/><G11/><T46/><D129/><U78/><AGARI ba="0,1" hai="26,28,34,42,44,51,78,82,85,113,114,124,126,127" machi="78" ten="30,6000,0" yaku="1,1,0,1,18,1,53,0" doraHai="93" doraHaiUra="103" who="1" fromWho="1" sc="367,-20,364,70,211,-20,48,-20" /><INIT seed="1,1,0,3,2,127" ten="347,434,191,28" oya="1" hai0="110,31,92,105,17,50,13,77,46,100,34,90,118" hai1="42,11,121,10,78,43,91,131,48,21,37,24,1" hai2="122,99,112,85,49,65,35,93,19,115,128,9,44" hai3="114,76,64,72,30,109,87,113,71,124,41,130,74"/><U29/><E121/><V120/><F35/><W79/><G124/><T25/><D118/><U26/><E37/><V88/><F65/><W101/><G30/><T4/><D110/><U73/><E1/><V40/><F9/><W47/><G109/><T82/><D4/><U123/><E123/><V32/><F19/><W38/><G101/><T3/><D3/><U60/><E60/><V111/><F32/><W56/><G87/><T103/><D105/><U0/><E0/><V53/><F111/><W117/><G117/><T16/><D17/><U106/><E106/><V36/><F85/><W5/><G56/><T116/><D116/><U28/><E91/><V95/><F95/><W81/><G5/><T102/><D77/><U104/><E104/><V134/><F134/><W61/><REACH who="3" step="1"/><G130/><REACH who="3" ten="347,434,191,18" step="2"/><T67/><D102/><U22/><E131/><V54/><F128/><W39/><G39/><T59/><D103/><U108/><E108/><V15/><F36/><W2/><G2/><T63/><D100/><U96/><E96/><V23/><F122/><W107/><G107/><T119/><D119/><U66/><E73/><V83/><F120/><W14/><G14/><T6/><D6/><U125/><E125/><V69/><F15/><W45/><G45/><T133/><D46/><U89/><E78/><V62/><F44/><W7/><G7/><T84/><D13/><U8/><E89/><V70/><F88/><W20/><G20/><T57/><D90/><U18/><E18/><V75/><F23/><W51/><G51/><T27/><D16/><U126/><E29/><V135/><F49/><RYUUKYOKU ba="1,1" sc="347,-10,434,-10,191,-10,18,30" hai3="38,41,47,61,64,71,72,74,76,79,81,113,114" /><INIT seed="2,2,1,2,0,48" ten="337,424,181,48" oya="2" hai0="131,64,82,70,5,125,88,94,85,67,15,96,41" hai1="80,24,19,49,6,32,42,30,79,33,12,132,102" hai2="126,101,56,100,121,20,54,107,14,59,3,23,52" hai3="95,31,90,93,87,72,16,53,75,77,45,135,17"/><V63/><F3/><W22/><G135/><T73/><D125/><U50/><E132/><V122/><F126/><W120/><G120/><T123/><D123/><U60/><E102/><V111/><F111/><W61/><G31/><T83/><D131/><U21/><E6/><V81/><F107/><W47/><G17/><T92/><D41/><U108/><E108/><V25/><F14/><W10/><G77/><T134/><D134/><U76/><E76/><V57/><F57/><N who="3" m="34991" /><G72/><T97/><D73/><U117/><E117/><V2/><F2/><W4/><G75/><T46/><D46/><N who="3" m="17417" /><G10/><N who="0" m="4559" /><D70/><U74/><E42/><V0/><F0/><W91/><G4/><T124/><D124/><U119/><E119/><V114/><F114/><W27/><G91/><N who="0" m="51647" /><D82/><AGARI ba="2,1" hai="16,22,27,82,87,90,93,95" m="17417,34991" machi="82" ten="30,3900,0" yaku="8,1,52,1,54,1" doraHai="48" who="3" fromWho="0" sc="337,-45,424,0,181,0,48,55" /><INIT seed="3,0,0,2,2,95" ten="292,424,181,103" oya="3" hai0="41,52,125,77,71,109,25,45,112,50,10,91,84" hai1="114,113,39,98,24,123,38,83,70,65,111,72,43" hai2="29,4,85,14,56,120,134,32,117,101,16,130,5" hai3="57,28,82,87,0,121,96,40,12,8,115,7,42"/><W59/><G115/><T75/><D112/><U66/><E111/><V1/><F117/><W90/><G121/><T49/><D109/><U76/><E24/><V31/><F120/><W89/><G28/><T54/><D71/><U2/><E2/><V23/><F85/><W78/><G0/><T131/><D125/><U26/><E26/><N who="2" m="18487" /><F56/><N who="3" m="21579" /><G89/><T36/><D131/><U135/><E135/><V126/><F101/><W102/><G102/><T62/><D62/><U63/><E123/><V105/><F105/><W73/><G73/><T64/><D64/><U88/><E65/><V92/><F92/><AGARI ba="0,0" hai="7,8,12,40,42,78,82,87,90,92,96" m="21579" machi="92" ten="30,2900,0" yaku="8,1,52,1" doraHai="95" who="3" fromWho="2" sc="292,0,424,0,181,-29,103,29" /><INIT seed="3,1,0,3,3,87" ten="292,424,152,132" oya="3" hai0="106,113,61,116,47,29,49,32,55,103,130,13,117" hai1="84,59,93,102,76,98,43,57,128,81,105,123,94" hai2="24,78,90,4,115,33,54,3,28,85,75,70,132" hai3="46,41,58,62,74,45,69,60,51,35,135,120,134"/><W109/><G74/><T23/><D130/><U1/><E1/><V0/><F70/><W9/><G35/><T99/><D113/><U71/><E71/><V17/><F115/><W104/><G104/><T42/><D32/><U44/><E123/><V96/><F132/><N who="3" m="50731" /><G9/><T107/><D107/><U121/><E121/><V114/><F75/><W38/><G120/><T108/><D108/><U52/><E57/><V124/><F114/><W82/><G82/><T77/><D77/><U2/><E2/><V68/><F3/><W40/><G109/><T8/><D29/><U63/><REACH who="1" step="1"/><E128/><REACH who="1" ten="292,414,152,132" step="2"/><V18/><F0/><W91/><G69/><T48/><D116/><U27/><E27/><V127/><F24/><W11/><G11/><T14/><D8/><U21/><E21/><V20/><F68/><W36/><G91/><T22/><D23/><U125/><E125/><V66/><F20/><W88/><G88/><T118/><D22/><U56/><E56/><V53/><F90/><W30/><G30/><T89/><D89/><U19/><E19/><V15/><F18/><W67/><G62/><T131/><D61/><U34/><E34/><V73/><F33/><W37/><AGARI ba="1,1" hai="36,37,38,40,41,45,46,51,58,60,67" m="50731" machi="37" ten="30,6000,0" yaku="20,1,34,2" doraHai="87" who="3" fromWho="3" sc="292,-21,414,-21,152,-21,132,73" /><INIT seed="3,2,0,1,4,80" ten="271,393,131,205" oya="3" hai0="8,65,120,129,73,98,85,117,45,2,102,95,97" hai1="50,126,122,70,39,28,24,75,25,118,81,88,91" hai2="86,52,83,77,74,13,51,37,128,104,40,131,107" hai3="96,64,78,71,32,47,22,68,84,38,12,60,41"/><W113/><G113/><T10/><D117/><U87/><E39/><V100/><F37/><W79/><G32/><T114/><D73/><U90/><E70/><V15/><F40/><W56/><G96/><T112/><D120/><U1/><E1/><V103/><F74/><W67/><G67/><T133/><D133/><U132/><E75/><V69/><F69/><W49/><G71/><T11/><D129/><N who="2" m="49738" /><F13/><W108/><G108/><T124/><D124/><U130/><E130/><V16/><F104/><W127/><G127/><T30/><D30/><U119/><E122/><V35/><F107/><W82/><G22/><T31/><D31/><U42/><E24/><V89/><F77/><N who="3" m="46159" /><G12/><T20/><D65/><U63/><E132/><V135/><F35/><W19/><G19/><T17/><D2/><U125/><E126/><V53/><F135/><W3/><G3/><T48/><D98/><U43/><E125/><V5/><F5/><W123/><G123/><T106/><D106/><U72/><E72/><V54/><F51/><W59/><G59/><T29/><D112/><U23/><E50/><V92/><F92/><W61/><G61/><T44/><D114/><U6/><E63/><V0/><F0/><W4/><G4/><T9/><D48/><U62/><E6/><V21/><AGARI ba="2,0" hai="15,16,21,52,53,54,83,86,89,100,103" m="49738" machi="21" ten="30,7900,0" yaku="19,1,52,1,54,2" doraHai="80" who="2" fromWho="2" sc="271,-22,393,-22,131,85,205,-41" /><INIT seed="4,0,0,2,4,36" ten="249,371,216,164" oya="0" hai0="15,108,52,26,37,82,57,18,102,124,121,112,10" hai1="3,1,41,64,55,46,81,0,65,130,22,59,63" hai2="66,62,104,117,77,13,99,87,42,122,132,47,45" hai3="111,106,43,53,56,78,27,60,4,21,16,34,39"/><T94/><D121/><U80/><E130/><V33/><F47/><W5/><G111/><T127/><D108/><U115/><E115/><V79/><F132/><W40/><G106/><T85/><D37/><U120/><E120/><V89/><F33/><W44/><G34/><T54/><D112/><U105/><E105/><V11/><F99/><W97/><G97/><N who="0" m="59703" /><D26/><U116/><E22/><V103/><F103/><W28/><G78/><N who="0" m="46295" /><D57/><U101/><E101/><V84/><F84/><W126/><G126/><AGARI ba="0,0" hai="10,15,18,52,54,124,126,127" m="46295,59703" machi="126" ten="30,2900,0" yaku="18,1,54,1" doraHai="36" who="0" fromWho="3" sc="249,29,371,0,216,0,164,-29" /><INIT seed="4,1,0,3,4,11" ten="278,371,216,135" oya="0" hai0="115,116,88,14,20,36,109,97,52,60,79,19,48" hai1="40,77,72,65,7,125,105,98,108,25,12,44,93" hai2="38,61,5,8,23,33,73,26,78,62,28,31,68" hai3="39,110,132,101,69,53,17,64,134,123,126,34,119"/><T113/><D36/><U76/><E105/><V122/><F122/><W87/><G101/><T22/><D116/><U85/><E72/><V0/><F38/><W45/><G34/><T32/><D32/><U133/><E133/><N who="3" m="51306" /><G87/><T84/><D109/><U90/><E125/><V10/><F78/><W49/><G17/><T1/><D1/><U121/><E121/><V13/><F73/><W50/><G123/><T106/><D60/><U92/><E65/><V94/><F94/><W131/><G119/><T21/><D79/><U66/><E66/><V81/><F81/><W130/><G110/><T135/><D135/><U70/><E70/><V2/><F68/><W54/><G39/><T91/><D97/><U6/><E25/><N who="2" m="18575" /><F62/><N who="3" m="40087" /><G126/><T47/><D106/><U51/><E108/><V80/><F61/><W16/><G16/><T56/><D91/><U111/><E111/><V42/><F80/><W30/><G30/><T117/><D117/><U18/><E77/><V112/><F2/><W102/><G102/><T55/><D113/><U41/><E76/><V43/><F112/><W4/><G4/><T67/><D115/><U120/><E120/><V46/><F10/><W75/><G75/><T9/><D67/><U104/><E104/><V24/><F24/><W124/><G124/><T57/><D55/><N who="3" m="21001" /><G45/><T29/><D29/><U82/><E98/><V127/><F127/><W59/><G59/><T35/><D35/><U3/><E3/><V114/><F114/><W58/><G58/><T89/><D89/><U118/><E118/><V86/><F0/><W129/><AGARI ba="1,0" hai="49,50,129,130,131" m="21001,40087,51306" machi="129" ten="40,8000,1" yaku="19,1,20,1,34,2" doraHai="11" who="3" fromWho="3" sc="278,-41,371,-21,216,-21,135,83" /><INIT seed="5,0,0,1,1,63" ten="237,350,195,218" oya="1" hai0="102,20,94,121,62,29,11,106,60,15,33,38,59" hai1="111,21,89,129,7,13,0,45,19,82,26,88,22" hai2="130,61,25,51,122,127,54,4,67,69,14,80,107" hai3="28,103,30,99,2,76,3,34,125,96,50,24,120"/><U112/><E112/><V86/><F107/><W42/><G120/><T92/><D38/><U56/><E129/><V16/><F130/><W115/><G115/><T134/><D121/><U1/><E111/><V10/><F127/><W128/><G125/><T65/><D33/><U49/><E56/><V108/><F122/><W58/><G128/><T57/><D134/><U101/><E101/><V74/><F74/><W6/><G76/><T37/><D37/><U81/><E0/><V68/><F68/><W78/><G78/><T114/><D114/><U75/><E1/><V18/><F25/><W133/><G6/><T131/><D131/><U90/><E75/><V35/><F35/><W12/><G30/><T119/><D102/><U47/><E47/><V117/><F117/><W8/><G99/><T46/><D46/><U105/><E105/><V124/><F124/><W36/><G36/><T31/><D106/><U32/><E32/><V85/><F85/><W64/><G133/><T72/><D72/><U9/><REACH who="1" step="1"/><E21/><REACH who="1" ten="237,340,195,218" step="2"/><V116/><F108/><W84/><G2/><T87/><D20/><U55/><AGARI ba="0,1" hai="7,9,13,19,22,26,45,49,55,81,82,88,89,90" machi="55" ten="30,18000,2" yaku="1,1,2,1,0,1,8,1,54,1,53,1" doraHai="63" doraHaiUra="48" who="1" fromWho="1" sc="237,-60,340,190,195,-60,218,-60" /><INIT seed="5,1,0,4,4,42" ten="177,530,135,158" oya="1" hai0="114,113,88,64,38,73,7,90,125,27,101,74,75" hai1="18,24,47,100,31,9,50,83,68,104,117,8,77" hai2="111,11,19,26,102,121,119,62,127,25,39,103,40" hai3="126,65,69,97,116,15,0,41,123,43,6,5,66"/><U12/><E68/><V37/><F111/><W51/><G123/><T94/><D7/><N who="3" m="2569" /><G69/><T132/><D64/><N who="3" m="24681" /><G0/><T107/><D27/><U1/><E117/><V44/><F119/><W122/><G122/><T21/><D21/><U128/><E128/><V2/><F121/><W109/><G109/><T30/><D30/><U57/><E57/><V133/><F39/><W118/><G126/><T110/><D38/><U115/><E115/><N who="0" m="44041" /><D132/><U95/><E104/><V84/><F133/><W60/><G118/><T78/><D110/><U89/><E100/><V29/><F127/><W63/><G116/><T59/><D59/><U35/><E1/><V46/><F2/><W105/><G15/><T129/><D125/><U17/><E17/><V53/><F84/><W13/><G97/><N who="0" m="61871" /><D129/><U52/><E18/><V112/><F112/><W82/><G13/><T28/><D28/><U16/><E16/><V22/><F11/><W49/><G105/><T54/><D54/><U61/><E12/><V76/><F53/><W56/><G56/><T36/><D36/><U55/><E55/><V72/><F26/><W87/><G41/><T67/><D67/><U92/><E61/><N who="3" m="23626" /><G43/><T33/><D33/><U130/><E130/><V99/><F40/><W58/><G58/><T34/><D34/><U80/><E8/><V131/><F37/><W32/><G32/><T23/><D23/><U81/><E9/><V124/><F131/><W86/><G49/><T79/><D90/><U108/><E89/><V98/><F124/><W14/><G14/><T48/><D48/><U135/><E108/><V96/><F25/><RYUUKYOKU ba="1,0" sc="177,30,530,-10,135,-10,158,-10" hai0="73,74,75,78,79,88,94" /><INIT seed="6,2,0,4,1,135" ten="207,520,125,148" oya="2" hai0="51,67,87,17,81,132,56,32,3,33,8,59,55" hai1="96,85,36,4,80,47,58,112,12,54,93,52,75" hai2="66,50,126,74,86,45,76,64,104,100,68,129,63" hai3="123,40,128,82,1,23,5,26,13,16,14,90,117"/><V83/><F129/><W92/><G117/><T31/><D132/><U22/><E112/><V102/><F66/><W120/><G82/><T122/><D122/><N who="3" m="46633" /><G90/><T25/><D3/><U27/><E75/><V39/><F39/><W111/><G92/><T95/><D95/><U103/><E12/><N who="3" m="4714" /><G40/><T7/><D87/><U114/><E4/><V2/><F2/><W29/><G111/><T107/><D81/><U105/><E114/><V46/><F74/><W78/><G78/><T11/><D107/><U10/><E10/><V18/><F104/><W43/><G43/><T127/><D11/><U49/><E36/><V91/><F46/><W115/><G115/><T119/><D8/><U79/><E105/><V125/><F18/><W42/><G42/><T37/><D17/><U70/><E70/><V69/><F69/><W133/><G133/><T101/><D37/><U89/><E103/><V61/><F61/><W106/><G106/><T134/><D101/><N who="2" m="39018" /><F76/><W73/><G73/><T97/><D134/><U34/><E34/><V110/><F110/><W0/><G128/><T113/><D113/><U62/><E62/><V28/><F28/><W41/><G41/><T99/><D31/><U38/><E38/><V94/><F94/><W6/><G29/><T19/><D119/><U98/><E93/><V48/><F45/><W21/><G21/><T88/><D97/><U116/><E116/><V108/><F108/><W44/><G44/><T131/><D99/><U24/><E79/><V124/><AGARI ba="2,0" hai="48,50,63,64,68,83,86,91,124,125,126" m="39018" machi="124" ten="40,12000,1" yaku="18,1,52,3" doraHai="135" who="2" fromWho="2" sc="207,-42,520,-42,125,126,148,-42" /><INIT seed="6,3,0,1,0,119" ten="165,478,251,106" oya="2" hai0="103,57,110,81,13,15,29,19,99,68,92,118,65" hai1="77,3,114,33,107,1,130,93,40,62,2,23,71" hai2="72,76,37,117,9,43,56,10,4,38,95,60,49" hai3="102,25,52,82,27,63,120,20,79,113,39,85,69"/><V67/><F117/><W30/><G39/><T84/><D118/><U129/><E33/><V105/><F105/><W24/><G113/><T74/><D68/><U17/><E107/><V101/><F10/><W116/><G116/><T115/><D110/><U51/><E77/><V46/><F101/><W16/><G102/><T44/><D115/><U104/><E104/><V124/><F95/><W58/><G69/><T59/><D74/><U66/><E93/><V112/><F124/><W127/><G127/><T21/><D29/><U28/><E28/><V50/><F38/><W94/><G120/><T108/><D108/><U0/><E0/><V91/><F91/><W106/><G106/><T125/><D125/><U14/><E114/><V134/><F134/><W88/><REACH who="3" step="1"/><G30/><REACH who="3" ten="165,478,251,96" step="2"/><T18/><D103/><U121/><E121/><V36/><F36/><W75/><AGARI ba="3,1" hai="16,20,24,25,27,52,58,63,75,79,82,85,88,94" machi="75" ten="20,12000,2" yaku="1,1,2,1,0,1,7,1,54,3,53,0" doraHai="119" doraHaiUra="96" who="3" fromWho="3" sc="165,-33,478,-33,251,-63,96,139" /><INIT seed="7,0,0,1,4,87" ten="132,445,188,235" oya="3" hai0="92,96,105,88,114,91,128,108,110,78,71,77,115" hai1="45,2,81,93,27,34,51,99,0,14,129,122,3" hai2="84,64,98,112,89,59,15,30,103,109,121,39,101" hai3="53,9,68,125,35,90,50,131,97,74,49,26,55"/><W60/><G74/><T33/><D33/><U54/><E122/><V79/><F39/><W48/><G131/><T38/><D71/><U47/><E14/><V116/><F112/><N who="0" m="43050" /><D38/><U23/><E34/><V135/><F30/><W102/><G9/><T82/><D128/><U86/><E47/><V70/><F98/><W21/><G125/><T126/><D126/><U130/><E130/><V52/><F79/><N who="0" m="30218" /><D105/><U72/><E72/><V85/><F70/><W63/><G35/><T4/><D4/><U67/><E67/><V41/><F64/><W32/><G32/><T69/><D69/><U80/><E80/><V107/><F107/><W123/><G68/><T62/><D62/><U17/><E0/><V113/><F113/><W46/><G50/><T13/><D13/><U42/><E42/><V16/><F41/><W100/><G63/><T19/><D19/><U75/><E75/><V22/><F16/><N who="3" m="12583" /><G123/><T6/><D6/><U28/><E28/><V119/><F15/><W7/><G7/><T120/><D120/><U36/><E36/><V40/><F121/><W44/><G60/><T66/><D66/><U29/><E29/><V61/><F61/><W43/><G43/><T18/><D18/><U94/><E129/><V134/><F40/><W111/><G49/><T104/><D104/><U1/><E99/><V106/><F106/><W20/><G48/><T12/><D12/><U73/><E73/><V83/><F22/><W24/><G20/><T31/><D31/><U95/><E1/><V132/><F132/><W117/><G24/><T10/><D10/><U133/><E133/><RYUUKYOKU ba="0,0" sc="132,15,445,15,188,-15,235,-15" hai0="82,88,91,92,96,108,110" hai1="2,3,17,23,27,45,51,54,81,86,93,94,95" owari="147,-35.3,460,56.0,173,-22.7,220,2.0" /></mjloggm>