<mjloggm ver="2.3"><GO type="169" lobby="0"/><UN n0="%73%79%6C%76%65%6F%6E" n1="%E7%95%B3%E9%87%8E" n2="%52%59%4F%40%53%53" n3="%E5%AE%8C%E5%85%A8%E5%AE%89%E7%89%8C" dan="16,16,17,17" rate="2136.54,2182.74,2230.49,2168.12" sx="M,F,M,M"/><TAIKYOKU oya="0"/><INIT seed="0,0,0,3,2,22" ten="250,250,250,250" oya="0" hai0="44,53,112,39,113,42,89,119,81,100,94,101,4" hai1="14,91,55,87,9,58,125,18,111,131,11,12,1" hai2="63,38,25,99,10,13,15,104,31,50,60,128,16" hai3="34,33,21,54,7,126,88,66,36,135,26,124,72"/><T57/><D119/><U64/><E111/><V68/><F38/><W107/><G107/><T40/><D40/><U109/><E109/><V5/><F68/><W106/><G106/><T76/><D4/><U117/><E117/><V73/><F73/><W105/><G105/><T132/><D132/><U27/><E131/><V127/><F127/><W59/><G72/><T30/><D30/><U108/><E1/><V110/><F110/><W17/><G36/><T6/><D6/><U49/><E125/><N who="3" m="48234" /><G66/><T2/><D2/><U8/><E108/><V69/><F69/><W92/><G7/><T19/><D113/><U83/><E64/><V70/><F70/><W102/><G102/><T93/><D93/><U56/><E56/><V37/><F37/><W43/><G43/><T45/><D45/><U129/><E129/><V80/><F80/><W48/><G135/><T121/><D19/><U120/><E120/><V79/><F79/><W96/><AGARI ba="0,0" hai="17,21,26,33,34,48,54,59,88,92,96" m="48234" machi="96" ten="30,4000,0" yaku="18,1,52,1,54,1" doraHai="22" who="3" fromWho="3" sc="250,-20,250,-10,250,-10,250,40" /><INIT seed="1,0,0,5,0,104" ten="230,240,240,290" oya="1" hai0="2,55,59,69,68,90,36,31,0,6,8,125,118" hai1="70,48,105,14,38,19,83,33,115,94,1,85,95" hai2="23,110,72,126,114,87,121,35,135,41,102,9,71" hai3="5,66,107,25,11,117,43,10,44,26,123,122,106"/><U92/><E38/><V128/><RYUUKYOKU type="yao9" ba="0,0" sc="230,0,240,0,240,0,290,0" hai2="9,23,35,41,71,72,87,102,110,114,121,126,128,135" /><INIT seed="1,1,0,1,1,131" ten="230,240,240,290" oya="1" hai0="81,75,93,101,0,50,41,103,11,82,17,108,97" hai1="63,133,47,66,77,94,1,3,6,26,119,117,78" hai2="43,128,4,53,69,40,59,22,125,124,90,95,96" hai3="116,37,56,111,107,31,36,44,126,8,27,19,42"/><U55/><E94/><V34/><F34/><W33/><G111/><T118/><D118/><U79/><E26/><V18/><F69/><W12/><G126/><N who="2" m="48745" /><F4/><W72/><G116/><T87/><D108/><U54/><E6/><V23/><F128/><W7/><G72/><T20/><D75/><U130/><E130/><V30/><F30/><W99/><G56/><T114/><D114/><U51/><E54/><V84/><F22/><W45/><G107/><T9/><D0/><U102/><E102/><V100/><F53/><W46/><G99/><T92/><D41/><U25/><E25/><N who="2" m="14583" /><F59/><W98/><G42/><T67/><D67/><U60/><E117/><V24/><F24/><W115/><G115/><T105/><D50/><U58/><E119/><V121/><F121/><W49/><G49/><T32/><D32/><U80/><E63/><V52/><F52/><W112/><G112/><T120/><D120/><U15/><E15/><V122/><F122/><W38/><G7/><T83/><D103/><U132/><E80/><AGARI ba="1,0" hai="40,43,80,84,90,95,96,100" m="14583,48745" machi="80" ten="30,1000,0" yaku="18,1" doraHai="131" who="2" fromWho="1" sc="230,0,240,-13,240,13,290,0" /><INIT seed="2,0,0,3,3,71" ten="230,227,253,290" oya="2" hai0="69,118,76,112,14,2,67,16,0,59,99,109,24" hai1="95,40,77,130,3,58,6,5,31,111,4,54,96" hai2="106,64,15,56,50,94,61,116,13,44,49,36,63" hai3="73,62,97,84,1,68,82,110,29,75,22,10,45"/><V8/><F106/><W30/><G110/><T102/><D112/><U42/><E111/><V32/><F32/><W128/><G128/><T38/><D109/><U114/><E114/><V133/><F116/><W134/><G134/><T87/><D69/><U132/><E130/><V43/><F133/><W80/><G97/><T127/><D118/><U91/><E3/><V93/><F13/><W18/><G45/><T125/><D24/><U27/><E77/><V126/><F126/><N who="0" m="48138" /><D38/><U101/><E101/><V74/><F74/><W86/><G62/><N who="0" m="38367" /><D87/><U78/><E78/><V85/><F63/><W115/><G68/><T28/><D28/><U108/><E108/><V33/><F33/><W117/><G84/><T100/><D76/><U53/><E132/><V9/><F9/><W135/><G86/><T92/><D102/><U51/><REACH who="1" step="1"/><E53/><REACH who="1" ten="230,217,253,290" step="2"/><V88/><REACH who="2" step="1"/><F94/><REACH who="2" ten="230,217,243,290" step="2"/><W19/><G135/><T47/><D92/><U23/><AGARI ba="0,2" hai="4,5,6,23,27,31,40,42,51,54,58,91,95,96" machi="23" ten="30,12000,2" yaku="1,1,2,1,0,1,8,1,53,2" doraHai="71" doraHaiUra="39" who="1" fromWho="1" sc="230,-30,217,140,243,-60,290,-30" /><INIT seed="3,0,0,1,4,17" ten="200,357,183,260" oya="3" hai0="104,33,30,73,100,74,26,120,84,115,64,38,67" hai1="83,60,39,45,23,14,117,65,36,91,88,10,71" hai2="27,133,57,50,22,8,63,21,44,103,31,76,11" hai3="58,41,35,29,92,24,13,102,25,62,72,85,7"/><W95/><G72/><T132/><D120/><U125/><E125/><V12/><F133/><W119/><G119/><T1/><D1/><U46/><E117/><V49/><F76/><W101/><G41/><T18/><D38/><U108/><E108/><V110/><F110/><W89/><G92/><T122/><D122/><U130/><E130/><V16/><F103/><N who="3" m="39435" /><G35/><T40/><D40/><U68/><E68/><V113/><F113/><W90/><G90/><T69/><D115/><U94/><E39/><V128/><F128/><W66/><G29/><T127/><D67/><U3/><E36/><V61/><F61/><W0/><G0/><T20/><D127/><U105/><E105/><V98/><F98/><W54/><G66/><T70/><D84/><U43/><E43/><N who="2" m="24735" /><F50/><W48/><G62/><N who="0" m="40087" /><D70/><U56/><E71/><V109/><F109/><W116/><G116/><T75/><D132/><U96/><E3/><V111/><F111/><W114/><G114/><T9/><D75/><U135/><E135/><V5/><F5/><W129/><G129/><T52/><D74/><U121/><E121/><V4/><F4/><W118/><G118/><T112/><D73/><U42/><E42/><V55/><AGARI ba="0,0" hai="8,11,12,16,21,22,27,31,55,57,63" m="24735" machi="55" ten="30,7900,0" yaku="8,1,52,2,54,1" doraHai="17" who="2" fromWho="2" sc="200,-20,357,-20,183,79,260,-39" /><INIT seed="4,0,0,1,1,9" ten="180,337,262,221" oya="0" hai0="73,46,132,19,10,60,17,105,89,119,31,5,92" hai1="52,1,38,134,35,100,90,7,82,16,72,54,104" hai2="128,111,124,12,28,117,57,56,120,53,103,75,43" hai3="51,81,86,94,133,2,59,8,99,126,130,15,77"/><T125/><D119/><U0/><E35/><V42/><F75/><W29/><G133/><T115/><D105/><U67/><E38/><V37/><F120/><W112/><G112/><T21/><D73/><U83/><E67/><V123/><F123/><W78/><G130/><T24/><D115/><U127/><E100/><V4/><F111/><W97/><G126/><T95/><D125/><U122/><E104/><V49/><F28/><W25/><G2/><T64/><D46/><U30/><E30/><V61/><F37/><W11/><G11/><T41/><D41/><U129/><E72/><V80/><F103/><W106/><G78/><T118/><D132/><U110/><E110/><V3/><F3/><W26/><G106/><T39/><D95/><U102/><E102/><V70/><F70/><W85/><G85/><T18/><D39/><U79/><E129/><V109/><F117/><W55/><G29/><T91/><D92/><U20/><E122/><V45/><F57/><W66/><G66/><T68/><REACH who="0" step="1"/><D118/><REACH who="0" ten="170,337,262,221" step="2"/><U98/><E134/><V76/><F124/><W32/><G94/><T48/><D48/><U50/><E50/><V22/><F109/><W71/><G51/><T107/><D107/><U114/><E114/><V116/><F116/><W36/><G36/><T13/><AGARI ba="0,1" hai="5,10,13,17,18,19,21,24,31,60,64,68,89,91" machi="13" ten="30,11700,0" yaku="1,1,0,1,52,1,53,1" doraHai="9" doraHaiUra="23" who="0" fromWho="0" sc="170,127,337,-39,262,-39,221,-39" /><INIT seed="4,1,0,0,5,25" ten="297,298,223,182" oya="0" hai0="108,135,91,130,127,87,94,57,68,115,8,52,64" hai1="128,71,42,55,74,4,109,118,96,134,26,121,129" hai2="40,18,36,123,61,93,117,58,75,69,120,106,85" hai3="12,20,110,125,19,39,104,11,63,16,15,132,119"/><T107/><D107/><U78/><E121/><V65/><F75/><W99/><G110/><T37/><D37/><U46/><E109/><V90/><F106/><W28/><G39/><T66/><D108/><U79/><E118/><V88/><F117/><W81/><G119/><T7/><D115/><U102/><E71/><V133/><F133/><W47/><G125/><T105/><D105/><U34/><E4/><V73/><F73/><W13/><G132/><T6/><D135/><U0/><E0/><V103/><F103/><W10/><G47/><T60/><D127/><U45/><E55/><V59/><F40/><W21/><G81/><T14/><D130/><U27/><E46/><V83/><F36/><W9/><G63/><T114/><D114/><U101/><E101/><V80/><F80/><W33/><G99/><T92/><D68/><U67/><E134/><V31/><F18/><N who="3" m="6699" /><G104/><T84/><D6/><U116/><E116/><V30/><F59/><W49/><G49/><T41/><D41/><U95/><E45/><V82/><F82/><W122/><G122/><T50/><D60/><U111/><E111/><V89/><F69/><W70/><G70/><T76/><D76/><U98/><E42/><V54/><F123/><W48/><G48/><T126/><D126/><U43/><E43/><V29/><F120/><W86/><G86/><T131/><D131/><U1/><E74/><V5/><F5/><W51/><G51/><T97/><D87/><U32/><E128/><V53/><F93/><W23/><G33/><T112/><D112/><U22/><E129/><V100/><F100/><AGARI ba="1,0" hai="7,8,14,50,52,57,64,66,84,91,92,94,97,100" machi="100" ten="30,11600,0" yaku="6,1,7,1,8,1,54,1" doraHai="25" who="0" fromWho="2" sc="297,119,298,0,223,-119,182,0" /><INIT seed="4,2,0,0,0,106" ten="416,298,104,182" oya="0" hai0="121,10,135,25,76,22,72,35,21,87,19,7,66" hai1="51,111,79,84,89,64,113,61,100,43,120,107,109" hai2="59,34,62,0,39,77,134,44,58,98,26,123,38" hai3="115,48,54,117,1,40,65,16,83,32,2,15,71"/><T85/><D121/><U102/><E120/><V70/><F0/><W8/><G117/><T60/><D135/><U45/><E79/><V103/><F123/><W101/><G115/><T92/><D35/><U23/><E113/><V20/><F134/><W28/><G40/><T104/><D104/><U80/><E107/><V88/><F77/><W29/><G101/><T110/><D110/><U5/><E5/><V133/><F34/><W112/><G112/><T67/><D67/><U50/><E109/><V36/><F133/><W99/><G99/><T90/><D72/><U42/><E23/><V17/><F103/><W78/><G71/><T47/><D47/><N who="1" m="25975" /><E111/><V24/><F24/><W4/><G65/><T93/><D22/><U63/><E63/><V81/><F70/><W3/><G4/><T9/><D7/><U12/><E12/><V41/><F59/><AGARI ba="2,0" hai="43,45,51,59,61,64,80,84,89,100,102" m="25975" machi="59" ten="30,1000,0" yaku="8,1" doraHai="106" who="1" fromWho="2" sc="416,0,298,16,104,-16,182,0" /><INIT seed="5,0,0,0,3,103" ten="416,314,88,182" oya="1" hai0="24,56,6,109,82,26,112,120,46,130,127,37,96" hai1="18,97,85,72,64,73,53,12,86,27,66,114,5" hai2="59,1,132,134,70,117,60,80,4,38,20,50,116" hai3="51,49,123,105,31,78,63,68,44,28,79,81,133"/><U122/><E122/><V118/><F1/><W15/><G123/><T10/><D109/><U91/><E114/><V90/><F4/><W84/><G133/><N who="2" m="51305" /><F20/><W23/><G105/><T69/><D69/><U65/><E5/><V55/><F90/><W7/><G68/><T58/><D120/><U8/><E72/><V34/><F80/><W87/><G63/><T100/><D127/><U76/><E73/><V106/><F34/><W62/><G62/><T11/><D130/><U75/><E75/><V77/><F77/><W52/><G49/><T110/><D110/><U124/><E124/><V42/><F106/><W95/><G79/><T88/><D11/><U129/><E129/><V92/><F92/><W107/><G107/><T128/><D112/><U45/><E76/><V94/><F94/><W35/><G35/><T119/><D119/><U48/><E27/><V83/><F83/><W43/><G43/><N who="0" m="22895" /><D88/><U54/><E54/><V61/><F70/><W3/><G3/><T36/><D82/><U16/><E18/><V14/><F14/><W0/><G0/><T2/><D96/><U131/><E131/><V111/><F111/><W98/><G84/><T121/><D100/><U47/><E97/><V22/><F22/><W108/><G108/><T104/><D104/><U135/><E135/><V9/><F9/><N who="3" m="4543" /><G23/><T13/><D128/><U40/><E91/><AGARI ba="0,0" hai="28,31,44,51,52,78,81,87,91,95,98" m="4543" machi="91" ten="30,2000,0" yaku="8,1,54,1" doraHai="103" who="3" fromWho="1" sc="416,0,314,-20,88,0,182,20" /><INIT seed="6,0,0,2,0,24" ten="416,294,88,202" oya="2" hai0="97,111,116,85,73,28,45,119,21,123,6,117,83" hai1="112,78,100,65,61,15,84,129,79,58,98,67,62" hai2="90,23,113,0,36,80,29,33,54,51,124,74,9" hai3="114,42,38,39,71,69,8,16,89,35,104,31,10"/><V87/><F113/><W34/><G89/><T118/><D111/><U76/><E112/><V49/><F36/><W107/><G114/><T50/><D123/><U88/><E129/><V126/><F33/><W102/><G102/><T60/><D119/><U96/><E15/><V53/><F74/><W135/><G42/><T56/><D6/><U14/><E14/><V121/><F121/><W72/><G72/><T120/><D120/><U132/><E100/><V109/><F109/><W46/><G46/><T25/><D73/><U27/><E27/><N who="2" m="16639" /><F0/><W64/><G64/><T5/><D5/><U37/><E37/><V48/><F9/><W86/><G86/><T47/><D50/><N who="2" m="12802" /><V115/><DORA hai="32" /><F115/><W63/><G63/><T81/><D97/><U122/><E132/><V134/><F134/><W130/><G135/><T41/><D41/><U55/><E122/><V127/><AGARI ba="0,0" hai="53,54,80,87,90,124,126,127" m="12802,16639" machi="127" ten="40,3900,0" yaku="18,1,52,1" doraHai="24,32" who="2" fromWho="2" sc="416,-13,294,-13,88,39,202,-13" /><INIT seed="6,1,0,4,4,126" ten="403,281,127,189" oya="2" hai0="56,108,14,68,72,43,49,17,132,67,3,31,119" hai1="58,50,38,59,47,116,103,54,117,84,107,104,88" hai2="80,18,78,134,100,19,1,82,85,89,10,30,28" hai3="46,112,13,24,92,60,118,23,62,42,97,36,64"/><V91/><F134/><W121/><G121/><T2/><D108/><U129/><E58/><V16/><F100/><W9/><G118/><T96/><D72/><U48/><E38/><V27/><F30/><W61/><G112/><T32/><D132/><U22/><E22/><V128/><F128/><W35/><G35/><T65/><D68/><U8/><E8/><V20/><REACH who="2" step="1"/><F82/><REACH who="2" ten="403,281,117,189" step="2"/><W102/><G9/><T55/><D31/><U51/><E129/><V120/><F120/><W94/><G94/><T4/><D119/><U113/><E103/><V93/><F93/><W26/><REACH who="3" step="1"/><G64/><REACH who="3" ten="403,281,117,179" step="2"/><T12/><D67/><U76/><E116/><V101/><F101/><W52/><G52/><T69/><D65/><U57/><E117/><V40/><F40/><W73/><G73/><T111/><D43/><U99/><E54/><V98/><F98/><W133/><G133/><T127/><D96/><U0/><E99/><V90/><F90/><W130/><G130/><T63/><D55/><U34/><E88/><V124/><F124/><W125/><G125/><T39/><D127/><U74/><E74/><V11/><F11/><W5/><G5/><AGARI ba="1,2" hai="1,5,10,16,18,19,20,27,28,78,80,85,89,91" machi="5" ten="40,3900,0" yaku="1,1,54,1,53,0" doraHai="126" doraHaiUra="41" who="2" fromWho="3" sc="403,0,281,0,117,62,179,-42" /><INIT seed="6,2,0,0,0,131" ten="403,281,179,137" oya="2" hai0="104,20,127,21,68,60,61,111,107,40,31,77,80" hai1="76,73,115,128,67,123,110,46,18,135,87,23,57" hai2="62,82,120,121,47,66,28,4,89,132,63,108,112" hai3="92,100,105,69,130,15,10,78,19,124,103,55,7"/><V84/><F112/><W64/><G124/><T13/><D111/><U98/><E110/><V33/><F108/><W86/><G130/><T24/><D40/><U74/><E128/><V36/><F4/><W122/><G122/><T42/><D42/><U85/><E115/><V12/><F47/><W51/><G105/><T1/><D1/><U9/><E9/><V38/><F12/><W59/><G69/><T118/><D127/><U16/><E18/><V32/><F28/><W114/><G114/><T83/><D83/><U39/><E98/><V126/><F126/><W109/><G109/><T34/><D13/><U93/><E85/><V56/><F63/><W11/><G64/><T41/><D41/><U96/><E46/><V6/><F6/><W52/><G55/><T54/><D61/><U3/><E39/><V22/><F22/><W117/><G117/><T5/><D5/><U133/><E3/><V29/><F38/><W97/><G100/><T14/><D14/><U25/><E57/><V0/><F0/><W81/><REACH who="3" step="1"/><G7/><REACH who="3" ten="403,281,179,127" step="2"/><T72/><D118/><U45/><E67/><N who="2" m="39367" /><F121/><W58/><G58/><N who="0" m="34903" /><D68/><U44/><E123/><V43/><F66/><W26/><G26/><T129/><D129/><U48/><E45/><V35/><F120/><W70/><G70/><T90/><D107/><U99/><E44/><V101/><F101/><W50/><G50/><T134/><D104/><U30/><E48/><V88/><F43/><W2/><G2/><T91/><D24/><U116/><E25/><V106/><F106/><W71/><G71/><T113/><D113/><U37/><E116/><RYUUKYOKU ba="2,1" sc="403,-10,281,-10,179,-10,127,30" hai3="10,11,15,19,51,52,59,78,81,86,92,97,103" /><INIT seed="7,3,1,2,5,49" ten="393,271,169,157" oya="3" hai0="62,38,72,15,8,54,81,29,20,93,50,117,110" hai1="123,45,0,58,13,124,119,32,57,12,103,42,69" hai2="102,75,68,96,71,101,104,56,37,66,76,46,87" hai3="92,77,100,6,31,2,9,27,3,89,95,107,33"/><W134/><G134/><T7/><D110/><U41/><E0/><V48/><F75/><W112/><G112/><T111/><D111/><U118/><E69/><V114/><F37/><W65/><G77/><T106/><D106/><U39/><E123/><V121/><F102/><W63/><G2/><T24/><D38/><U5/><E32/><V84/><F114/><W135/><G135/><T127/><D127/><U125/><E103/><V115/><F115/><W88/><G107/><T59/><D72/><U64/><E41/><V79/><F87/><W14/><G3/><T22/><D81/><U83/><E83/><V120/><F56/><N who="1" m="21609" /><E64/><V16/><F16/><W60/><G100/><T108/><D29/><U43/><E43/><V1/><F66/><W99/><REACH who="3" step="1"/><G65/><REACH who="3" ten="393,271,169,147" step="2"/><T128/><D108/><U21/><E124/><V70/><F1/><W82/><G82/><T40/><D62/><U23/><E125/><V55/><REACH who="2" step="1"/><F84/><AGARI ba="3,2" hai="6,9,14,27,31,33,60,63,84,88,89,92,95,99" machi="84" ten="30,5800,0" yaku="1,1,7,1,54,1,53,0" doraHai="49" doraHaiUra="17" who="3" fromWho="2" sc="393,0,271,0,169,-67,147,87" /><INIT seed="7,4,0,5,0,23" ten="393,271,102,234" oya="3" hai0="104,9,20,94,125,113,42,4,122,5,58,36,95" hai1="133,71,129,69,120,26,117,55,77,75,34,41,106" hai2="105,79,10,45,76,22,57,29,92,73,101,99,74" hai3="44,16,3,48,131,118,91,66,121,54,50,49,2"/><W83/><G121/><T90/><D122/><U25/><E120/><V68/><F10/><W11/><G118/><T32/><D104/><U127/><E106/><V28/><F22/><W14/><G131/><T102/><D32/><U109/><E109/><V88/><F57/><W97/><G66/><T27/><D125/><U114/><E41/><V87/><F45/><W61/><G61/><T78/><D78/><N who="2" m="29738" /><F29/><W0/><G97/><N who="0" m="59703" /><D113/><U82/><E133/><V21/><F21/><W7/><G7/><T18/><D36/><U116/><E114/><V17/><F17/><W128/><G128/><T123/><D42/><U6/><E127/><V103/><F28/><W70/><G70/><T115/><D115/><U81/><E81/><N who="2" m="49263" /><F68/><W89/><G89/><T98/><D123/><U60/><E69/><V15/><F15/><W46/><G44/><T56/><D9/><U43/><E60/><V126/><F126/><W19/><G19/><T40/><D40/><U33/><E6/><AGARI ba="4,0" hai="4,5,6,18,20,27,56,58,90,95,98" m="59703" machi="6" ten="30,2000,0" yaku="8,1,52,1" doraHai="23" who="0" fromWho="1" sc="393,32,271,-32,102,0,234,0" owari="425,52.5,239,3.9,102,-39.8,234,-16.6" /></mjloggm>