<mjloggm ver="2.3"><GO type="169" lobby="0"/><UN n0="%E3%81%9F%E3%81%8B%E3%81%AF%E3%81%97%E3%81%83%E3%81%83%E3%81%83" n1="%74%61%6B%65%33" n2="%64%72%61%65%74%63" n3="%6B%E3%81%AE" dan="16,17,16,17" rate="2106.54,2209.51,2131.52,2215.23" sx="M,M,M,M"/><TAIKYOKU oya="0"/><INIT seed="0,0,0,0,1,41" ten="250,250,250,250" oya="0" hai0="72,34,40,99,106,17,50,95,60,36,86,18,108" hai1="31,53,134,23,30,11,96,67,35,116,77,32,46" hai2="85,133,24,73,52,118,0,45,56,101,79,110,9" hai3="15,97,65,87,109,128,122,19,6,113,117,81,12"/><T21/><D34/><U88/><E116/><V27/><F110/><W51/><G109/><T4/><D72/><U132/><E77/><V59/><F133/><N who="1" m="51305" /><E67/><V111/><F111/><W105/><G117/><T14/><D108/><U123/><E11/><V1/><F73/><W47/><G113/><T124/><D36/><U127/><E123/><V5/><F0/><W94/><G128/><T93/><D124/><U61/><E61/><V10/><F10/><N who="3" m="4183" /><G105/><T82/><D4/><U13/><E127/><V80/><F101/><N who="3" m="60599" /><G65/><T74/><D74/><U62/><E62/><V90/><F118/><W130/><G130/><T26/><D60/><U37/><E13/><V70/><F70/><W114/><G114/><T16/><D106/><U129/><E129/><V22/><F79/><W104/><G104/><T64/><D64/><U83/><E30/><V54/><F27/><W121/><G121/><T20/><D18/><U68/><E68/><V3/><F3/><W92/><G92/><T25/><D14/><U102/><E102/><V48/><REACH who="2" step="1"/><F54/><REACH who="2" ten="250,250,240,250" step="2"/><N who="3" m="30079" /><G122/><T112/><D112/><U103/><E103/><V43/><F43/><W58/><G15/><T84/><D99/><U91/><E96/><V125/><F125/><W98/><G98/><T29/><D40/><N who="1" m="22799" /><E53/><V57/><F57/><W119/><G119/><T42/><D42/><U28/><E91/><V135/><F135/><W66/><G58/><T78/><D78/><U63/><E88/><V120/><F120/><W107/><G66/><T38/><D38/><U44/><E35/><V75/><F75/><W76/><G107/><T115/><D115/><RYUUKYOKU ba="0,1" sc="250,-15,250,-15,240,15,250,15" hai2="1,5,9,22,24,45,48,52,56,59,80,85,90" hai3="19,76,81,87" /><INIT seed="1,1,1,2,0,86" ten="235,235,255,265" oya="1" hai0="28,62,60,8,50,100,19,134,29,67,94,59,115" hai1="112,106,64,69,114,63,53,71,23,43,57,101,93" hai2="41,22,25,90,123,102,44,24,72,38,87,103,70" hai3="122,58,5,121,129,10,15,36,30,77,18,127,133"/><U39/><E106/><V76/><F123/><W81/><G36/><T13/><D115/><U17/><E71/><V49/><F70/><W33/><G129/><T113/><D113/><U45/><E101/><V65/><F65/><W83/><G127/><T4/><D134/><U128/><E128/><V6/><F6/><W119/><G133/><T74/><D74/><U66/><E66/><V132/><F132/><W92/><G119/><T73/><D73/><U27/><REACH who="1" step="1"/><E93/><REACH who="1" ten="235,225,255,265" step="2"/><V42/><F103/><W80/><G92/><T55/><D100/><U88/><E88/><V35/><F102/><W104/><G104/><T120/><D120/><U78/><E78/><V107/><F76/><W46/><G77/><T126/><D126/><U7/><E7/><V91/><F90/><W110/><G122/><T117/><D117/><U135/><E135/><V0/><F91/><W111/><G121/><T85/><D4/><U3/><E3/><V56/><F0/><W16/><G5/><T34/><D67/><U2/><E2/><V12/><F107/><W75/><G111/><T11/><D94/><U125/><E125/><V48/><F72/><W26/><G110/><T32/><D32/><U116/><E116/><V51/><F35/><W68/><G75/><T99/><D34/><U124/><E124/><V61/><F87/><W37/><G68/><T118/><D85/><U89/><E89/><V98/><F98/><W97/><G97/><T31/><D99/><U47/><E47/><V14/><F44/><W96/><G96/><T79/><D118/><U9/><E9/><N who="0" m="3657" /><D79/><U20/><E20/><AGARI ba="1,2" hai="13,19,20,28,29,31,50,55,59,60,62" m="3657" machi="20" ten="30,2000,0" yaku="6,1,8,1" doraHai="86" who="0" fromWho="1" sc="235,43,225,-23,255,0,265,0" /><INIT seed="2,0,0,0,4,10" ten="278,202,255,265" oya="2" hai0="88,62,114,94,108,104,65,113,8,64,111,68,51" hai1="105,26,49,80,86,77,74,18,126,119,134,3,81" hai2="48,45,78,109,71,6,46,17,32,95,123,102,85" hai3="118,27,56,52,57,14,40,135,124,1,131,11,20"/><V36/><F71/><W43/><G118/><T130/><D104/><U101/><E119/><V89/><F123/><W59/><G1/><T79/><D130/><U133/><E3/><V120/><F120/><W42/><G124/><T47/><D79/><U107/><E49/><V19/><F32/><W69/><G69/><T112/><D65/><U132/><E26/><V24/><F36/><W39/><G135/><T23/><D23/><U72/><E18/><V87/><F102/><W13/><G39/><T67/><D67/><U37/><E37/><V9/><F24/><W30/><G131/><T116/><D8/><U115/><E115/><V90/><F78/><W121/><G121/><T103/><D103/><U117/><E117/><V54/><F46/><W34/><G34/><T31/><D31/><U98/><E126/><V91/><F109/><W128/><G128/><T76/><D76/><N who="1" m="44039" /><E107/><V99/><F99/><W61/><REACH who="3" step="1"/><G14/><REACH who="3" ten="278,202,255,255" step="2"/><T125/><D125/><U41/><E41/><V82/><REACH who="2" step="1"/><F91/><REACH who="2" ten="278,202,245,255" step="2"/><W75/><G75/><AGARI ba="0,2" hai="74,75,77,81,86,98,101,105,132,133,134" m="44039" machi="75" ten="30,3900,0" yaku="20,1,34,2" doraHai="10" who="1" fromWho="3" sc="278,0,202,59,245,0,255,-39" /><INIT seed="3,0,0,3,4,20" ten="278,261,245,216" oya="3" hai0="47,53,25,31,106,49,91,32,95,71,15,66,38" hai1="111,16,9,87,56,80,34,40,121,61,79,108,21" hai2="117,50,17,65,55,36,33,83,37,8,43,119,58" hai3="120,135,131,0,84,93,54,109,10,85,22,6,112"/><W27/><G120/><T107/><D38/><U74/><E121/><V60/><F33/><W82/><G112/><T94/><D94/><U59/><E34/><V96/><F96/><W100/><G131/><T5/><D71/><U45/><E9/><V64/><F83/><W97/><G135/><T90/><D66/><U57/><E74/><V67/><F17/><W105/><G109/><T46/><D46/><U63/><E111/><V77/><F8/><W2/><G54/><T101/><D101/><U89/><E79/><V128/><F77/><W1/><G105/><T3/><D3/><U134/><E134/><V92/><F92/><W110/><G110/><T30/><D90/><U113/><E113/><V104/><F104/><W76/><REACH who="3" step="1"/><G85/><REACH who="3" ten="278,261,245,206" step="2"/><T52/><D53/><U35/><E108/><V86/><F86/><W81/><G81/><T133/><D133/><U126/><E126/><V98/><F128/><W23/><G23/><T42/><D52/><U75/><E35/><V39/><F98/><W118/><G118/><T28/><D106/><U68/><E75/><V114/><F114/><W103/><G103/><T44/><D107/><U88/><E89/><V132/><F132/><W19/><AGARI ba="0,1" hai="0,1,2,6,10,19,22,27,76,82,84,93,97,100" machi="19" ten="20,12000,1" yaku="1,1,0,1,7,1,52,1,53,1" doraHai="20" doraHaiUra="13" who="3" fromWho="3" sc="278,-40,261,-40,245,-40,206,130" /><INIT seed="3,1,0,5,5,0" ten="238,221,205,336" oya="3" hai0="61,1,129,36,86,23,37,128,75,114,3,25,67" hai1="121,105,115,19,109,62,47,80,106,94,113,56,59" hai2="41,124,108,58,31,68,127,65,95,69,55,16,4" hai3="29,82,49,116,54,107,120,83,22,70,97,118,60"/><W32/><G120/><T2/><D86/><U34/><E34/><V93/><F31/><W7/><G83/><T63/><D75/><U91/><E121/><V88/><F95/><W46/><G22/><T18/><D114/><U135/><E109/><V13/><F4/><W92/><G82/><T102/><D102/><U45/><E80/><V44/><F65/><W79/><G79/><T71/><REACH who="0" step="1"/><D61/><REACH who="0" ten="228,221,205,336" step="2"/><U11/><E62/><N who="2" m="36191" /><F108/><W130/><G60/><T51/><D51/><U53/><E115/><V133/><F133/><W111/><G49/><T43/><D43/><U20/><E135/><V122/><F41/><W66/><G111/><T14/><D14/><U110/><E113/><V90/><F122/><W5/><G116/><T42/><D42/><U38/><E110/><V103/><F103/><W104/><G118/><T76/><D76/><U17/><E38/><AGARI ba="1,1" hai="1,2,3,18,23,25,36,37,38,63,67,71,128,129" machi="38" ten="50,1600,0" yaku="1,1,53,0" doraHai="0" doraHaiUra="27" who="0" fromWho="1" sc="228,29,221,-19,205,0,336,0" /><INIT seed="4,0,0,3,2,60" ten="257,202,205,336" oya="0" hai0="128,50,55,62,49,86,105,9,124,2,104,127,108" hai1="6,67,135,25,73,63,10,26,113,91,123,29,5" hai2="82,85,116,102,32,132,57,99,68,110,38,72,112" hai3="14,95,44,56,12,19,39,106,125,7,47,64,111"/><T52/><D128/><U130/><E123/><V48/><F68/><W45/><G106/><N who="0" m="41067" /><D86/><U120/><E120/><V42/><F38/><W101/><G111/><T92/><D92/><U88/><E73/><V129/><F32/><W65/><G125/><N who="0" m="48203" /><D108/><U53/><E130/><V51/><F72/><W21/><G39/><T15/><D2/><U3/><E135/><V0/><F0/><W18/><G7/><N who="0" m="3519" /><D55/><U66/><E6/><V11/><F110/><W16/><G95/><T96/><D96/><U43/><E43/><V117/><F42/><W83/><G83/><T31/><D31/><U61/><E113/><V75/><F112/><W90/><G101/><T76/><D76/><U115/><E115/><V41/><F85/><W98/><G98/><T28/><D28/><U58/><E53/><V79/><F99/><W46/><G90/><T122/><D122/><U87/><E29/><V70/><F102/><W40/><G40/><T89/><D89/><U74/><E74/><V80/><F75/><W78/><G78/><T23/><D23/><U100/><E100/><V35/><F79/><W36/><G36/><T37/><D37/><U17/><E17/><N who="3" m="6762" /><G12/><T84/><D84/><U71/><E91/><V119/><F41/><W77/><G77/><T4/><D4/><U30/><E30/><V54/><F129/><W93/><G93/><AGARI ba="0,0" hai="3,5,10,25,26,58,61,63,66,67,71,87,88,93" machi="93" ten="30,7700,0" yaku="7,1,52,2,54,1" doraHai="60" who="1" fromWho="3" sc="257,0,202,77,205,0,336,-77" /><INIT seed="5,0,0,3,3,60" ten="257,279,205,259" oya="1" hai0="43,46,83,105,13,61,15,52,42,31,59,5,128" hai1="72,80,37,114,113,118,12,102,96,28,115,122,0" hai2="44,119,74,22,116,86,14,111,34,53,62,24,117" hai3="58,19,88,25,97,98,55,8,2,29,40,1,36"/><U129/><E0/><V32/><F74/><W66/><G36/><T20/><D105/><U9/><E118/><V6/><F111/><W89/><G40/><T23/><D128/><U70/><E122/><V78/><F14/><N who="0" m="5130" /><D5/><U127/><E129/><V91/><F78/><W51/><G19/><T135/><D135/><U107/><E127/><V130/><F6/><W47/><G8/><T90/><D83/><U132/><E132/><V120/><F120/><W112/><G112/><T67/><D90/><N who="3" m="34921" /><G1/><T68/><D68/><U134/><E134/><V126/><F126/><W11/><G11/><T133/><D133/><U45/><E70/><V101/><F101/><W57/><G2/><T65/><D42/><U106/><E28/><V30/><F130/><W123/><G123/><T94/><D94/><U63/><E107/><V85/><F85/><W81/><G81/><T18/><D31/><U87/><E72/><V39/><F39/><W84/><G84/><T77/><D77/><U73/><E73/><V92/><F34/><W41/><G41/><T110/><D110/><U108/><E108/><V76/><F32/><W109/><G109/><T10/><D10/><U69/><E80/><V21/><F76/><W99/><G29/><T35/><D35/><U3/><E3/><V124/><F21/><N who="0" m="8266" /><D18/><N who="1" m="8463" /><E87/><V64/><F124/><W82/><G82/><T75/><D75/><U38/><E45/><V49/><REACH who="2" step="1"/><F119/><REACH who="2" ten="257,279,195,259" step="2"/><W131/><G131/><T48/><AGARI ba="0,1" hai="43,46,48,52,59,61,65,67" m="8266,5130" machi="48" ten="30,7900,0" yaku="8,1,52,2,54,1" doraHai="60" who="0" fromWho="0" sc="257,89,279,-39,195,-20,259,-20" /><INIT seed="6,0,0,2,0,126" ten="346,240,175,239" oya="2" hai0="134,0,8,112,38,52,114,94,87,44,93,18,6" hai1="51,117,42,50,130,104,29,78,65,111,40,39,13" hai2="57,1,16,77,122,20,9,66,81,14,91,121,72" hai3="127,69,97,47,46,113,125,82,124,31,28,123,120"/><V62/><REACH who="2" step="1"/><F91/><REACH who="2" ten="346,240,165,239" step="2"/><W79/><G113/><T110/><D112/><U4/><E117/><V33/><F33/><W101/><G120/><T107/><D114/><U90/><E111/><V132/><F132/><W103/><G123/><T96/><D134/><U2/><E90/><V5/><AGARI ba="0,1" hai="1,5,9,14,16,20,57,62,66,72,77,81,121,122" machi="5" ten="30,12000,1" yaku="21,2,0,1,54,1,53,1" doraHai="126" doraHaiUra="74" who="2" fromWho="2" sc="346,-40,240,-40,165,130,239,-40" /><INIT seed="6,1,0,5,4,19" ten="306,200,295,199" oya="2" hai0="115,43,83,132,90,69,47,44,36,106,41,96,130" hai1="64,30,5,101,65,18,94,21,25,95,93,32,29" hai2="20,37,53,8,23,81,119,1,75,79,68,102,131" hai3="39,63,128,11,51,103,15,3,6,113,112,62,123"/><V38/><F119/><W2/><G123/><T121/><D121/><U88/><E5/><V14/><F1/><N who="3" m="11" /><G39/><T71/><D115/><N who="3" m="44105" /><G128/><T50/><D132/><U55/><E55/><V60/><F131/><W97/><G51/><T16/><D130/><U105/><E105/><AGARI ba="1,0" hai="6,11,15,62,63,97,103,105" m="44105,11" machi="105" ten="30,2000,0" yaku="15,1,11,1" doraHai="19" who="3" fromWho="1" sc="306,0,200,-23,295,0,199,23" /><INIT seed="7,0,0,5,2,11" ten="306,177,295,222" oya="3" hai0="123,87,94,64,76,9,47,53,90,129,63,111,36" hai1="128,18,33,58,126,80,0,26,97,8,113,56,14" hai2="20,57,48,28,72,110,71,55,101,25,117,108,16" hai3="38,61,130,62,34,19,23,74,112,107,32,89,81"/><W29/><G38/><T84/><D111/><U82/><E113/><V73/><F117/><W5/><G107/><T98/><D123/><U119/><E119/><V50/><F71/><W121/><G112/><T44/><D129/><U3/><E128/><V105/><F73/><W12/><G130/><T4/><D36/><U103/><E126/><V21/><F72/><W10/><G121/><T60/><D53/><U99/><E0/><V86/><F86/><W109/><G109/><T13/><D87/><U92/><E3/><V75/><F75/><W118/><G118/><T134/><D134/><U114/><E114/><V59/><F101/><W15/><G89/><T133/><D133/><U91/><E33/><V65/><F105/><W52/><G29/><T96/><D96/><U70/><E70/><V95/><F95/><W106/><G106/><T31/><D31/><U43/><E43/><V1/><F1/><W46/><G62/><N who="0" m="23595" /><D64/><U45/><E45/><V93/><F93/><W30/><G30/><T120/><D120/><U66/><E66/><V78/><F78/><W49/><REACH who="3" step="1"/><G61/><REACH who="3" ten="306,177,295,212" step="2"/><T79/><D79/><AGARI ba="0,1" hai="5,10,12,15,19,23,32,34,46,49,52,74,79,81" machi="79" ten="40,18000,2" yaku="1,1,2,1,52,2,54,1,53,1" doraHai="11" doraHaiUra="77" who="3" fromWho="0" sc="306,-180,177,0,295,0,212,190" owari="126,-37.4,177,-22.3,295,9.5,402,50.2" /></mjloggm>