<mjloggm ver="2.3"><GO type="169" lobby="0"/><UN n0="%42%61%47%61%59%61%4C%6F" n1="%E3%81%82%E3%81%84%E3%81%93%E3%81%99" n2="%E3%81%8A%E3%81%98%E3%81%95%E3%82%93" n3="%E3%81%9F%E3%81%8B%E3%81%AA" dan="16,16,19,16" rate="2065.43,2061.53,2274.12,2139.75" sx="M,M,M,M"/><TAIKYOKU oya="0"/><INIT seed="0,0,0,3,1,37" ten="250,250,250,250" oya="0" hai0="105,2,5,96,71,59,76,85,46,109,110,34,90" hai1="27,35,125,97,102,41,127,67,20,122,99,135,101" hai2="49,23,21,80,84,9,62,118,129,0,6,94,120" hai3="114,66,31,7,119,124,12,51,39,130,69,65,44"/><T106/><D71/><U43/><E122/><V82/><F120/><W16/><G114/><T123/><D123/><U61/><E35/><V81/><F118/><W40/><G119/><T18/><D34/><U24/><E135/><V13/><F129/><W42/><G130/><T115/><D115/><U113/><E113/><V128/><F128/><W93/><G124/><T4/><D59/><U117/><E117/><V132/><F132/><W19/><G31/><T75/><D18/><N who="3" m="6697" /><G39/><T64/><D64/><N who="3" m="24681" /><G69/><T98/><D46/><U36/><E36/><V86/><F0/><W92/><G40/><N who="1" m="15434" /><E20/><V3/><F3/><W1/><G1/><T55/><D2/><U83/><E83/><V77/><F80/><W15/><G15/><T53/><D75/><U26/><E61/><V133/><F62/><W134/><G134/><T100/><D76/><U25/><E25/><V58/><F133/><W11/><AGARI ba="0,0" hai="7,11,12,42,44,51,92,93" m="24681,6697" machi="11" ten="30,4000,0" yaku="8,1,52,1,54,1" doraHai="37" who="3" fromWho="3" sc="250,-20,250,-10,250,-10,250,40" /><INIT seed="1,0,0,3,4,28" ten="230,240,240,290" oya="1" hai0="98,7,92,108,127,129,26,12,97,124,71,114,94" hai1="15,89,14,80,45,128,18,72,112,29,122,67,85" hai2="96,60,41,25,130,13,133,132,19,68,95,55,123" hai3="40,88,9,6,57,0,90,79,49,91,22,125,11"/><U77/><E122/><V58/><F123/><W119/><G125/><T115/><D71/><U100/><E112/><V118/><F118/><W131/><G119/><T69/><D69/><U4/><E128/><V51/><F130/><W37/><G131/><T107/><D129/><U8/><E67/><V56/><F68/><W38/><G79/><T66/><D66/><U34/><E100/><V117/><F117/><W87/><G87/><T52/><D26/><U135/><E45/><V53/><F41/><W46/><G22/><T54/><D12/><U102/><E102/><V32/><F32/><W47/><G47/><T81/><D81/><U74/><E135/><V30/><F30/><W78/><G78/><T70/><D70/><U109/><E109/><V75/><F75/><W64/><REACH who="3" step="1"/><G11/><REACH who="3" ten="230,240,240,280" step="2"/><T104/><D108/><U44/><E44/><V16/><F25/><W35/><G35/><T82/><REACH who="0" step="1"/><D82/><REACH who="0" ten="220,240,240,280" step="2"/><U83/><E72/><V5/><F133/><W61/><AGARI ba="0,2" hai="0,6,9,37,38,40,46,49,57,61,64,88,90,91" machi="61" ten="30,4000,0" yaku="1,1,0,1,54,1,53,0" doraHai="28" doraHaiUra="23" who="3" fromWho="3" sc="220,-10,240,-20,240,-10,280,60" /><INIT seed="2,0,0,3,2,117" ten="210,220,230,340" oya="2" hai0="12,11,125,120,103,96,73,104,87,43,22,128,14" hai1="21,79,126,83,99,7,51,64,81,58,94,67,86" hai2="31,75,101,134,29,113,16,4,1,88,69,114,6" hai3="110,47,48,55,72,77,78,61,34,24,42,135,84"/><V56/><F75/><W68/><G110/><T2/><D73/><U9/><E126/><V26/><F69/><W80/><G135/><T62/><D125/><U107/><E107/><V85/><F101/><W130/><G130/><T93/><D2/><U38/><E38/><V124/><F124/><W82/><G68/><T108/><D108/><U105/><E105/><V57/><F134/><W115/><G115/><T89/><D43/><U20/><E83/><N who="2" m="49215" /><F1/><W17/><G61/><T44/><D44/><U37/><E37/><V3/><F3/><W76/><G76/><T123/><D128/><U102/><E67/><V95/><F95/><W46/><G17/><T112/><D112/><U41/><E64/><V32/><F32/><W15/><G15/><T36/><D36/><U111/><E111/><V59/><F113/><W106/><G106/><T10/><D62/><U52/><REACH who="1" step="1"/><E41/><REACH who="1" ten="210,210,230,340" step="2"/><V70/><F114/><W18/><G80/><T109/><D109/><U53/><E53/><V54/><F54/><W65/><G65/><T8/><REACH who="0" step="1"/><D22/><REACH who="0" ten="200,210,230,340" step="2"/><U92/><E92/><V118/><F118/><W50/><G42/><T133/><D133/><U116/><E116/><V74/><F70/><W100/><G82/><T23/><D23/><U63/><E63/><V71/><F71/><W131/><G131/><T49/><D49/><U28/><E28/><N who="2" m="10827" /><F74/><W0/><G72/><T98/><D98/><U19/><E19/><V39/><F39/><W13/><G18/><T91/><D91/><U122/><E122/><AGARI ba="0,2" hai="8,10,11,12,14,87,89,93,96,103,104,120,122,123" machi="122" ten="40,12000,2" yaku="1,1,52,3,53,3" doraHai="117" doraHaiUra="5" who="0" fromWho="1" sc="200,140,210,-120,230,0,340,0" /><INIT seed="3,0,0,1,5,13" ten="340,90,230,340" oya="3" hai0="78,24,20,64,43,11,88,130,47,3,76,59,57" hai1="81,14,66,51,8,98,22,109,104,99,89,86,118" hai2="82,18,55,60,0,73,123,92,102,19,110,53,61" hai3="4,38,103,10,77,68,1,9,134,84,133,6,16"/><W39/><G68/><T111/><D111/><U2/><E109/><V54/><F110/><W23/><G103/><T121/><D121/><U17/><E118/><V48/><F0/><N who="3" m="135" /><G84/><T80/><D130/><U31/><E104/><V69/><F123/><W127/><G77/><T125/><D125/><U117/><E117/><V50/><F73/><W75/><G75/><T100/><D100/><U34/><E66/><V113/><F113/><W93/><G93/><T71/><D71/><U107/><E107/><V116/><F116/><W26/><G127/><T129/><D129/><U56/><E34/><V101/><F82/><W5/><G5/><T87/><D11/><U124/><E124/><V40/><F69/><W30/><G38/><T67/><D3/><U83/><E83/><V27/><F27/><N who="3" m="14823" /><G39/><T94/><D78/><U25/><E2/><V36/><F36/><W63/><G63/><N who="2" m="24137" /><F40/><W74/><G74/><T21/><D43/><U114/><E114/><V58/><F102/><W126/><G126/><T106/><D47/><U45/><REACH who="1" step="1"/><E56/><REACH who="1" ten="340,80,230,340" step="2"/><N who="2" m="32807" /><F55/><AGARI ba="0,1" hai="8,14,17,22,25,31,45,51,55,81,86,89,98,99" machi="55" ten="30,12000,2" yaku="1,1,7,1,25,2,8,1,52,1,53,0" doraHai="13" doraHaiUra="70" who="1" fromWho="2" sc="340,0,80,130,230,-120,340,0" /><INIT seed="4,0,0,2,2,49" ten="340,210,110,340" oya="0" hai0="47,22,72,117,99,23,21,38,110,53,46,90,48" hai1="126,60,39,118,97,102,78,119,51,68,89,101,63" hai2="106,18,5,81,0,64,15,104,7,43,41,128,66" hai3="134,45,84,56,82,50,79,120,115,132,75,61,107"/><T86/><D117/><U135/><E135/><N who="3" m="51754" /><G115/><T114/><D114/><U25/><E39/><V121/><F121/><W123/><G107/><T80/><D110/><U94/><E126/><V77/><F128/><W67/><G75/><T113/><D113/><U58/><E78/><V30/><F30/><W27/><G27/><T83/><D99/><U122/><E122/><V1/><F77/><W124/><G124/><T34/><D34/><U131/><E131/><V52/><F15/><W11/><G11/><T133/><D133/><U36/><E36/><V31/><F31/><W29/><G29/><T96/><D96/><U2/><E2/><V16/><REACH who="2" step="1"/><F81/><REACH who="2" ten="340,210,100,340" step="2"/><W14/><G14/><T73/><D80/><U103/><E119/><V129/><F129/><W19/><G19/><T35/><D35/><U62/><E118/><V33/><F33/><W9/><G9/><T3/><D3/><U88/><E25/><V93/><F93/><W130/><G130/><T74/><D73/><U111/><E111/><V105/><F105/><W108/><G108/><T17/><D17/><U100/><E68/><V65/><F65/><W24/><G24/><T54/><D38/><U4/><E4/><V92/><F92/><W26/><G26/><T91/><D74/><U57/><E94/><V85/><F85/><W40/><AGARI ba="0,1" hai="40,45,50,56,61,67,79,82,84,120,123" m="51754" machi="40" ten="30,1100,0" yaku="20,1" doraHai="49" who="3" fromWho="3" sc="340,-5,210,-3,100,-3,340,21" /><INIT seed="5,0,0,4,5,79" ten="335,207,97,361" oya="1" hai0="70,123,57,26,73,94,24,127,95,38,63,7,113" hai1="124,114,59,27,82,41,23,80,64,109,33,34,76" hai2="125,116,40,99,100,90,68,3,65,101,96,97,121" hai3="35,39,6,8,104,92,88,119,10,85,115,50,130"/><U17/><E114/><V16/><F3/><W22/><G35/><T131/><D70/><U58/><E124/><V30/><F30/><W4/><G39/><T0/><D123/><U62/><E109/><V56/><F121/><W42/><G104/><T110/><D110/><U75/><E41/><V66/><F68/><W129/><G115/><T61/><D113/><U60/><REACH who="1" step="1"/><E82/><REACH who="1" ten="335,197,97,361" step="2"/><V103/><F125/><W53/><G42/><T14/><D127/><U98/><E98/><V112/><F112/><W28/><G129/><T128/><D131/><U13/><E13/><V2/><F40/><W15/><G130/><T49/><D14/><U72/><E72/><V77/><F2/><W111/><G111/><T44/><D73/><U36/><E36/><V78/><F116/><W11/><G119/><T122/><D38/><U51/><E51/><V45/><F96/><W74/><G74/><T87/><D128/><U132/><E132/><V19/><F97/><W120/><G120/><T118/><D118/><U126/><E126/><V47/><F99/><W135/><G135/><T1/><D1/><U21/><E21/><V5/><F103/><W46/><G15/><T117/><D117/><U54/><AGARI ba="0,1" hai="17,23,27,33,34,54,58,59,60,62,64,75,76,80" machi="54" ten="20,7800,0" yaku="1,1,0,1,7,1,52,1,53,0" doraHai="79" doraHaiUra="32" who="1" fromWho="1" sc="335,-26,197,88,97,-26,361,-26" /><INIT seed="5,1,0,0,5,11" ten="309,285,71,335" oya="1" hai0="120,118,94,33,109,75,98,100,80,21,97,23,55" hai1="18,121,76,29,39,20,65,44,106,107,17,42,66" hai2="63,92,7,88,9,125,10,113,40,48,50,8,95" hai3="64,124,101,79,99,108,43,134,111,37,16,81,130"/><U85/><E121/><V132/><F132/><W57/><G37/><T102/><D109/><U22/><E29/><V15/><F125/><W103/><G43/><T61/><D118/><U12/><E66/><V87/><F113/><W67/><G134/><T32/><D120/><U133/><E133/><V19/><F63/><W116/><G124/><T129/><D129/><U90/><E65/><V96/><F40/><W62/><G67/><T51/><D61/><U128/><E76/><V41/><F41/><W5/><G5/><T68/><D68/><U36/><E36/><V30/><F30/><W93/><G103/><T25/><D23/><U105/><E128/><V115/><F115/><W86/><G130/><T31/><D80/><U24/><REACH who="1" step="1"/><E107/><REACH who="1" ten="309,275,71,335" step="2"/><V54/><F7/><W69/><G69/><T52/><D31/><U112/><E112/><V53/><F50/><W28/><G28/><T60/><D51/><U126/><E126/><V77/><F77/><W89/><G79/><T59/><D33/><U14/><E14/><V71/><F71/><W13/><REACH who="3" step="1"/><G116/><REACH who="3" ten="309,275,71,325" step="2"/><T82/><D32/><U38/><E38/><V78/><F78/><W46/><G46/><T58/><D75/><U4/><E4/><V3/><F3/><W56/><G56/><T26/><D59/><U135/><E135/><V47/><REACH who="2" step="1"/><F54/><REACH who="2" ten="309,275,61,325" step="2"/><W104/><G104/><T2/><D55/><U119/><E119/><V114/><F114/><W49/><G49/><T74/><D52/><U122/><E122/><V83/><F83/><AGARI ba="1,3" hai="12,17,18,20,22,24,39,42,44,83,85,90,105,106" machi="83" ten="30,5800,0" yaku="1,1,7,1,52,1,53,0" doraHai="11" doraHaiUra="110" who="1" fromWho="2" sc="309,0,275,91,61,-61,325,0" /><INIT seed="5,2,0,0,5,15" ten="309,366,0,325" oya="1" hai0="88,124,97,16,94,105,133,95,1,112,89,120,24" hai1="83,14,17,131,118,20,116,41,75,107,130,56,93" hai2="109,80,25,51,33,114,110,96,5,63,121,58,123" hai3="76,108,92,43,72,54,18,125,53,99,28,30,35"/><U32/><E107/><V64/><F5/><W84/><G108/><N who="2" m="41577" /><F96/><W0/><G72/><T47/><D112/><U98/><E32/><V3/><F80/><N who="3" m="47111" /><G0/><T104/><D124/><U31/><E31/><N who="3" m="11818" /><G35/><T132/><D120/><N who="2" m="46154" /><F25/><W21/><G43/><T79/><D47/><U38/><E41/><V10/><F10/><W45/><G45/><T69/><D69/><U59/><E38/><V117/><F3/><W27/><G125/><T134/><D79/><U74/><E83/><V86/><F86/><W39/><G39/><T68/><D68/><U87/><E87/><V115/><F33/><W101/><AGARI ba="2,0" hai="18,21,27,53,54,92,99,101" m="11818,47111" machi="101" ten="30,2000,0" yaku="8,1,52,1" doraHai="15" who="3" fromWho="3" sc="309,-7,366,-12,0,-7,325,26" owari="302,-9.8,354,45.4,-7,-50.7,351,15.1" /></mjloggm>