<mjloggm ver="2.3"><GO type="169" lobby="0"/><UN n0="%E3%83%8A%E3%83%8A%E3%82%A4%E3%83%AD%E3%83%A9%E3%82%A4%E3%83%88%E2%98%86" n1="%70%6F%6B%6B%6F" n2="%E6%A1%9C%E5%B0%8F%E8%B7%AF%E6%89%8D%E8%8F%AF" n3="%E3%82%80%E3%83%BC%E3%82%93%E3%81%82%E3%81%84%E3%81%9A" dan="16,16,16,16" rate="2099.97,2042.07,2176.28,2115.18" sx="F,M,M,M"/><TAIKYOKU oya="0"/><INIT seed="0,0,0,4,3,95" ten="250,250,250,250" oya="0" hai0="29,40,57,108,10,66,9,15,26,91,52,98,109" hai1="135,68,2,120,107,79,125,99,7,6,111,131,113" hai2="51,116,65,132,61,36,70,78,13,8,128,31,63" hai3="112,69,43,134,89,21,122,5,41,100,18,82,16"/><T81/><D66/><U84/><RYUUKYOKU type="yao9" ba="0,0" sc="250,0,250,0,250,0,250,0" hai1="2,6,7,68,79,84,99,107,111,113,120,125,131,135" /><INIT seed="0,1,0,5,2,98" ten="250,250,250,250" oya="0" hai0="128,67,12,24,56,97,134,49,122,120,27,99,77" hai1="89,17,34,44,121,60,61,100,38,45,135,96,129" hai2="29,51,112,110,1,43,26,65,4,73,93,72,91" hai3="117,18,42,63,111,130,92,20,119,47,10,40,88"/><T0/><D0/><U16/><E121/><V109/><F112/><W35/><G111/><N who="2" m="42505" /><F65/><W83/><G130/><T11/><D128/><U62/><E129/><V48/><F4/><W105/><G35/><T114/><D134/><U79/><E34/><N who="2" m="20791" /><F1/><W28/><G92/><T101/><D114/><U39/><E135/><V107/><F107/><W37/><G83/><T68/><D68/><U21/><E79/><V113/><F113/><W36/><G88/><T64/><D77/><U33/><E33/><V6/><F6/><W5/><G42/><T54/><D99/><U116/><E89/><V106/><F106/><W69/><G40/><T131/><D131/><U55/><E116/><V94/><F94/><W90/><G105/><T19/><D120/><U81/><E81/><V103/><F103/><W25/><G5/><T59/><D122/><U124/><E124/><V13/><F13/><W7/><G36/><T22/><D59/><U115/><E115/><V132/><F132/><W57/><G37/><T30/><REACH who="0" step="1"/><D24/><REACH who="0" ten="240,250,250,250" step="2"/><U118/><E118/><V53/><F73/><W75/><G69/><T32/><D32/><U84/><E45/><V78/><F78/><W46/><G47/><T66/><D66/><U23/><E44/><V126/><F72/><W14/><G46/><T82/><D82/><U108/><E108/><V87/><F43/><W15/><G119/><T50/><D50/><N who="2" m="18986" /><F126/><W86/><G117/><T52/><D52/><AGARI ba="1,1" hai="52,53,87,91,93" m="18986,20791,42505" machi="52" ten="30,2000,0" yaku="14,1,54,1" doraHai="98" who="2" fromWho="0" sc="240,-23,250,0,250,33,250,0" /><INIT seed="1,0,0,3,2,131" ten="217,250,283,250" oya="1" hai0="106,81,14,77,90,69,82,130,108,45,51,27,117" hai1="118,89,115,100,135,72,16,42,86,66,68,10,99" hai2="133,101,59,58,41,98,111,73,122,52,93,123,30" hai3="109,65,92,88,8,19,124,126,55,121,134,87,79"/><U5/><E118/><V119/><F119/><W36/><G121/><T20/><D117/><U48/><E115/><V33/><F73/><W38/><G109/><T75/><D108/><U116/><E72/><V53/><F111/><W46/><G65/><T50/><D69/><U128/><E116/><V29/><F41/><W12/><G79/><T64/><D64/><U105/><E128/><V95/><F33/><W94/><G94/><T47/><D106/><U102/><E100/><V39/><F39/><W110/><G110/><T132/><D130/><U34/><E34/><V2/><F2/><W107/><G107/><T17/><D82/><U112/><E112/><V25/><F25/><W76/><G76/><T37/><D90/><U3/><E68/><V21/><F21/><W15/><G15/><T6/><D132/><U114/><E66/><V9/><F9/><W28/><G28/><T96/><D96/><U7/><E114/><V54/><F133/><W23/><G8/><T84/><D75/><U67/><E67/><V74/><F74/><W61/><G134/><T18/><D6/><U83/><E135/><V0/><F0/><W56/><REACH who="3" step="1"/><G46/><REACH who="3" ten="217,250,283,240" step="2"/><N who="0" m="17419" /><D37/><AGARI ba="0,1" hai="12,19,23,36,37,38,55,56,61,87,88,92,124,126" machi="37" ten="40,2600,0" yaku="1,1,54,1,53,0" doraHai="131" doraHaiUra="129" who="3" fromWho="0" sc="217,-26,250,0,283,0,240,36" /><INIT seed="2,0,0,4,5,110" ten="191,250,283,276" oya="2" hai0="34,10,96,53,72,3,12,116,5,46,134,109,37" hai1="55,122,29,94,123,58,101,9,74,118,17,1,24" hai2="45,32,30,87,14,18,43,66,128,64,68,69,40" hai3="47,106,78,61,23,8,2,99,107,92,120,114,131"/><V129/><F87/><W126/><G120/><N who="1" m="46122" /><E74/><V62/><F30/><W21/><G78/><T79/><D116/><U71/><E71/><V63/><F32/><W28/><G61/><N who="2" m="23049" /><F18/><W111/><G47/><T84/><D109/><U83/><E83/><V93/><F14/><W7/><G111/><T22/><D134/><U80/><E80/><V13/><F13/><W67/><G114/><T16/><D84/><U117/><E101/><V132/><F93/><W41/><G126/><T27/><D96/><U133/><E58/><V104/><F104/><W50/><G131/><N who="2" m="50249" /><F132/><W81/><G67/><N who="2" m="25641" /><F45/><W88/><G81/><T85/><D72/><U82/><E94/><V49/><F49/><W130/><G130/><T35/><D79/><U31/><E82/><V15/><F15/><W95/><G95/><T51/><D85/><U4/><E133/><V97/><F97/><W38/><G38/><T36/><REACH who="0" step="1"/><D35/><REACH who="0" ten="181,250,283,276" step="2"/><U113/><E117/><V91/><F91/><W48/><G107/><T100/><D100/><U75/><E118/><V121/><F121/><W115/><G106/><T119/><D119/><U42/><E75/><V103/><F103/><W108/><G115/><T135/><D135/><U73/><E73/><V112/><F112/><W56/><G108/><T86/><D86/><U44/><E113/><V65/><F65/><W54/><REACH who="3" step="1"/><G28/><AGARI ba="0,1" hai="3,5,10,12,16,22,27,28,34,36,37,46,51,53" machi="28" ten="40,8000,1" yaku="1,1,24,2,54,1,53,0" doraHai="110" doraHaiUra="127" who="0" fromWho="3" sc="181,90,250,0,283,0,276,-80" /><INIT seed="3,0,0,5,5,0" ten="271,250,283,196" oya="3" hai0="25,130,65,55,64,71,83,95,97,36,11,73,5" hai1="122,129,56,133,39,61,70,62,79,110,48,42,67" hai2="37,59,77,103,18,109,107,47,28,34,12,10,4" hai3="1,68,116,76,90,92,96,128,66,20,89,58,13"/><W118/><G1/><T106/><D106/><U100/><E122/><V22/><F109/><W134/><G134/><T27/><D36/><U91/><E79/><V113/><F113/><W7/><G128/><T132/><D130/><U6/><E100/><V85/><F107/><W35/><G35/><T117/><D117/><U111/><E91/><V50/><F103/><W43/><G76/><T30/><D132/><U126/><E133/><V14/><F37/><W82/><G68/><T46/><D83/><U60/><E6/><V16/><F59/><W74/><G74/><T53/><D73/><U78/><E78/><V38/><F38/><W104/><G104/><T21/><D27/><U26/><E26/><N who="2" m="16471" /><F34/><W98/><G82/><T88/><D71/><U108/><E129/><V84/><F77/><W41/><G66/><T69/><D69/><U127/><E39/><V29/><F29/><W75/><G58/><T54/><REACH who="0" step="1"/><D46/><REACH who="0" ten="261,250,283,196" step="2"/><N who="1" m="25687" /><E70/><V49/><F47/><W15/><G118/><T125/><D125/><AGARI ba="0,1" hai="56,60,61,62,67,108,110,111,125,126,127" m="25687" machi="125" ten="40,8000,1" yaku="14,1,18,1,34,2" doraHai="0" who="1" fromWho="0" sc="261,-80,250,90,283,0,196,0" /><INIT seed="4,0,0,0,5,112" ten="181,340,283,196" oya="0" hai0="2,3,89,111,120,29,43,99,0,117,75,62,122" hai1="4,50,61,105,53,97,80,104,15,81,57,33,91" hai2="82,42,93,110,39,63,73,24,90,119,92,88,46" hai3="133,20,47,128,126,68,101,116,28,18,95,70,84"/><T109/><D43/><U76/><E33/><V132/><F110/><N who="0" m="41994" /><D75/><U12/><E105/><V54/><F132/><W51/><G116/><T22/><D62/><U129/><E129/><V107/><F107/><W71/><G126/><T10/><D89/><U100/><E4/><V41/><F119/><W59/><G133/><T16/><D99/><U38/><E38/><V23/><F42/><W56/><G128/><T55/><D55/><U103/><E103/><V27/><F73/><W7/><G7/><T118/><D29/><U13/><E76/><V34/><F82/><W44/><G28/><T9/><D9/><U72/><E72/><V1/><F54/><W87/><G47/><T67/><D67/><U79/><E79/><V40/><F63/><W6/><G6/><T64/><D10/><U49/><E91/><V125/><F41/><W69/><N who="3" m="17408" /><DORA hai="31" /><W131/><G131/><T77/><D64/><U35/><E35/><V30/><F46/><W25/><G101/><T130/><D77/><U78/><E78/><V36/><F40/><W5/><G5/><T134/><D134/><U48/><AGARI ba="0,0" hai="12,13,15,48,49,50,53,57,61,80,81,97,100,104" machi="48" ten="30,1100,0" yaku="0,1" doraHai="112,31" who="1" fromWho="1" sc="181,-5,340,11,283,-3,196,-3" /><INIT seed="5,0,0,0,0,99" ten="176,351,280,193" oya="1" hai0="110,103,53,3,88,64,122,39,23,48,89,1,131" hai1="42,133,115,12,58,20,108,49,26,100,31,105,75" hai2="96,79,101,59,65,18,74,80,35,24,51,33,17" hai3="106,107,123,135,66,91,6,86,73,34,30,25,82"/><U129/><E115/><V44/><F59/><W104/><G123/><T43/><D110/><U2/><E2/><V47/><F65/><W77/><G66/><T67/><D122/><U111/><E133/><V130/><F130/><W102/><G6/><T92/><D131/><U0/><E0/><V10/><F47/><W16/><G135/><T119/><D119/><U114/><E114/><V125/><F125/><W19/><REACH who="3" step="1"/><G102/><REACH who="3" ten="176,351,280,183" step="2"/><T85/><D103/><U21/><E100/><V68/><F68/><W126/><G126/><T94/><D1/><U127/><E127/><V93/><F18/><W29/><G29/><T121/><D3/><U56/><E31/><V112/><F112/><W72/><G72/><T50/><D121/><U120/><E75/><V22/><REACH who="2" step="1"/><F10/><REACH who="2" ten="176,351,270,183" step="2"/><W15/><G15/><T14/><D14/><U37/><E12/><V90/><F90/><W63/><G63/><T36/><D67/><U60/><E60/><V132/><F132/><W124/><G124/><T76/><D64/><U55/><E129/><V83/><F83/><AGARI ba="0,2" hai="16,19,25,30,34,73,77,82,83,86,91,104,106,107" machi="83" ten="40,2600,0" yaku="1,1,54,1,53,0" doraHai="99" doraHaiUra="8" who="3" fromWho="2" sc="176,0,351,0,270,-26,183,46" /><INIT seed="6,0,0,5,3,104" ten="176,351,244,229" oya="2" hai0="32,14,84,1,96,78,101,47,108,95,128,75,8" hai1="44,118,111,70,15,39,94,116,115,23,135,41,79" hai2="126,124,48,61,12,36,63,117,100,65,97,71,82" hai3="60,40,103,132,57,121,68,5,19,31,2,120,49"/><V109/><F117/><W74/><G31/><T130/><D108/><U112/><E111/><V114/><F109/><W53/><G132/><T52/><D32/><U18/><E135/><V34/><F36/><W72/><G103/><T62/><D1/><U83/><E70/><V46/><F34/><W16/><G2/><T35/><D35/><U9/><E94/><V125/><F114/><N who="1" m="43561" /><E23/><V45/><F12/><W119/><G5/><T127/><D84/><AGARI ba="0,0" hai="9,15,18,39,41,44,79,83,84,116,118" m="43561" machi="84" ten="30,1000,0" yaku="15,1" doraHai="104" who="1" fromWho="0" sc="176,-10,351,10,244,0,229,0" /><INIT seed="7,0,0,1,3,75" ten="166,361,244,229" oya="3" hai0="81,44,104,12,60,27,18,17,116,53,10,84,128" hai1="129,94,65,46,36,25,98,114,80,71,49,134,28" hai2="85,56,109,61,87,16,108,105,124,6,9,112,11" hai3="122,47,130,22,43,31,89,54,86,24,66,132,2"/><W29/><G2/><T73/><D116/><U131/><E36/><V57/><F105/><W103/><G122/><T15/><D128/><N who="1" m="49227" /><E114/><V35/><F35/><W121/><G121/><T111/><D111/><U64/><E80/><V20/><F112/><W82/><G130/><T102/><D73/><U4/><E4/><V77/><F124/><W37/><G132/><T21/><D104/><U0/><E71/><V90/><F77/><W113/><G113/><T107/><D107/><U48/><E48/><V14/><F9/><W79/><G103/><T26/><D102/><N who="1" m="60759" /><E0/><V55/><F57/><W123/><G123/><T52/><D53/><N who="1" m="29879" /><E134/><V74/><F74/><W118/><G118/><T51/><D60/><U117/><E117/><V30/><F87/><W69/><G54/><T93/><D93/><U106/><E106/><V67/><F55/><W1/><G1/><T76/><AGARI ba="0,0" hai="10,12,15,17,18,21,26,27,44,51,52,76,81,84" machi="76" ten="20,8000,1" yaku="0,1,7,1,8,1,52,1,54,1" doraHai="75" who="0" fromWho="0" sc="166,80,361,-20,244,-20,229,-40" owari="246,4.6,341,44.1,224,-17.6,189,-31.1" /></mjloggm>