<mjloggm ver="2.3"><GO type="169" lobby="0"/><UN n0="%41%4C%50%45%52%49%4E" n1="%E9%87%8E%E5%B4%8E%E7%B6%AD%E7%B9%94%E2%98%85" n2="%6B%E3%81%AE" n3="%E7%99%BD%E3%81%AE%E7%A9%BA" dan="16,16,17,17" rate="2132.36,2132.76,2198.09,2151.65" sx="M,F,M,M"/><TAIKYOKU oya="0"/><BYE who="2" /><INIT seed="0,0,0,0,0,75" ten="250,250,250,250" oya="0" hai0="60,18,1,63,86,114,94,51,72,30,110,47,4" hai1="46,40,43,22,69,89,28,124,26,112,73,57,0" hai2="100,135,53,13,8,67,126,102,131,35,37,83,104" hai3="87,14,103,68,133,93,45,33,44,5,62,109,101"/><T24/><D114/><UN n2="%6B%E3%81%AE" /><U23/><E124/><V15/><F126/><W10/><G109/><T17/><D72/><U58/><E69/><V77/><F35/><W12/><G33/><T82/><D110/><U3/><E112/><V129/><F37/><W42/><G133/><T48/><D1/><U61/><E73/><V11/><F67/><W105/><G105/><T95/><D4/><U125/><E125/><V117/><F135/><W84/><G68/><T25/><D86/><U80/><E80/><V31/><F31/><W52/><G14/><T91/><D30/><U85/><E22/><V106/><F83/><W118/><G118/><T115/><D82/><U29/><E29/><V78/><REACH who="2" step="1"/><F53/><REACH who="2" ten="250,250,240,250" step="2"/><W90/><G84/><T38/><D115/><U71/><E85/><V34/><F34/><W36/><REACH who="3" step="1"/><G44/><REACH who="3" ten="250,250,240,240" step="2"/><T116/><D47/><U76/><E46/><V127/><F127/><W108/><G108/><T122/><D116/><AGARI ba="0,2" hai="8,11,13,15,77,78,100,102,104,106,116,117,129,131" machi="116" ten="25,8000,1" yaku="1,1,22,2,52,2,53,0" doraHai="75" doraHaiUra="2" who="2" fromWho="0" sc="250,-80,250,0,240,100,240,0" /><INIT seed="1,0,0,2,5,100" ten="170,250,340,240" oya="1" hai0="116,19,131,64,89,102,15,60,9,56,30,111,86" hai1="121,6,26,57,47,40,75,98,101,37,79,52,8" hai2="50,20,25,34,5,95,32,107,63,62,68,65,71" hai3="4,3,39,125,54,74,96,84,11,48,103,73,10"/><U66/><E121/><V109/><F109/><W38/><G125/><T72/><D111/><U130/><E130/><V118/><F118/><W69/><G69/><T14/><D131/><U58/><E66/><V1/><F107/><W46/><G84/><T78/><D116/><U122/><E122/><V129/><F129/><W124/><G124/><T35/><D35/><U81/><E26/><V77/><F77/><W28/><G28/><T31/><D72/><U135/><E135/><V108/><F108/><W41/><G10/><T90/><D78/><U132/><E132/><V123/><F123/><W94/><REACH who="3" step="1"/><G38/><REACH who="3" ten="170,250,340,230" step="2"/><T55/><D102/><U105/><REACH who="1" step="1"/><E52/><REACH who="1" ten="170,240,340,230" step="2"/><V43/><F65/><W53/><G53/><T83/><D55/><U93/><E93/><V45/><F95/><W44/><AGARI ba="0,2" hai="3,4,11,39,41,44,46,48,54,73,74,94,96,103" machi="44" ten="20,5200,0" yaku="1,1,0,1,7,1,53,1" doraHai="100" doraHaiUra="92" who="3" fromWho="3" sc="170,-13,240,-26,340,-13,230,72" /><INIT seed="2,0,0,5,2,33" ten="157,214,327,302" oya="2" hai0="27,82,94,41,14,46,8,23,120,78,61,124,30" hai1="52,35,72,96,108,100,122,51,40,69,22,11,109" hai2="77,57,92,129,9,111,125,63,34,32,43,20,71" hai3="4,84,79,55,36,18,6,101,123,99,102,91,21"/><V5/><F71/><W19/><G123/><T48/><D124/><U12/><E35/><V90/><F125/><W97/><G36/><T3/><D120/><U126/><E126/><V95/><F129/><W68/><G68/><T86/><D3/><U105/><E69/><V116/><F116/><W80/><G55/><T2/><D2/><U74/><E22/><V25/><F43/><W45/><G45/><T59/><D94/><U66/><E40/><V134/><F77/><W47/><G47/><T104/><D104/><U29/><E29/><V13/><F134/><W88/><G79/><T39/><D39/><U83/><E66/><V119/><F119/><W76/><G76/><T58/><REACH who="0" step="1"/><D61/><REACH who="0" ten="147,214,327,302" step="2"/><U118/><E122/><V37/><F95/><W56/><G80/><T1/><D1/><U10/><E118/><V70/><F37/><W42/><G42/><T26/><D26/><U106/><E83/><V128/><F128/><W73/><G73/><N who="1" m="28266" /><E105/><V89/><F92/><W31/><G31/><T53/><D53/><U75/><E75/><V131/><F63/><W64/><G64/><T113/><D113/><U133/><E133/><V87/><F25/><W98/><G84/><T28/><D28/><U15/><E15/><V67/><F13/><W49/><G98/><T81/><D81/><U114/><E114/><V112/><F67/><W121/><G121/><T60/><D60/><U127/><E127/><V38/><F38/><W54/><G99/><T93/><D93/><U117/><E117/><V17/><F131/><W103/><G97/><T16/><AGARI ba="0,1" hai="8,14,16,23,27,30,41,46,48,58,59,78,82,86" machi="16" ten="20,8000,1" yaku="1,1,0,1,7,1,8,1,54,1,53,0" doraHai="33" doraHaiUra="107" who="0" fromWho="0" sc="147,90,214,-20,327,-40,302,-20" /><INIT seed="3,0,0,3,1,38" ten="237,194,287,282" oya="3" hai0="47,52,10,101,16,34,90,92,26,12,68,93,17" hai1="57,135,25,48,104,22,125,96,58,111,119,64,62" hai2="46,103,53,109,126,27,123,56,67,13,40,70,8" hai3="117,77,35,65,120,41,14,23,37,29,99,3,129"/><W132/><G120/><T5/><D68/><U78/><E111/><V124/><F109/><W133/><G117/><T79/><D79/><U71/><E125/><N who="2" m="48235" /><F103/><W28/><G3/><T84/><D34/><U80/><E135/><N who="3" m="51786" /><G129/><T55/><D26/><U82/><E119/><V108/><F108/><W130/><G130/><T121/><D121/><U1/><E1/><V113/><F27/><W94/><G65/><T76/><D76/><U91/><E104/><V24/><F24/><W50/><G37/><T39/><D39/><U20/><E20/><V127/><F127/><W30/><G77/><T31/><D31/><U2/><E2/><V21/><F21/><W107/><G107/><T88/><D101/><U102/><E91/><V105/><F105/><W114/><G114/><T32/><D32/><U85/><E80/><V116/><F116/><W110/><G110/><T97/><REACH who="0" step="1"/><D52/><REACH who="0" ten="227,194,287,282" step="2"/><U106/><REACH who="1" step="1"/><E48/><AGARI ba="0,1" hai="5,10,12,16,17,47,48,55,84,88,90,92,93,97" machi="48" ten="40,8000,1" yaku="1,1,2,1,8,1,54,2,53,0" doraHai="38" doraHaiUra="73" who="0" fromWho="1" sc="227,90,194,-80,287,0,282,0" /><INIT seed="4,0,0,1,1,33" ten="317,114,287,282" oya="0" hai0="101,56,126,12,40,120,42,135,113,59,78,103,71" hai1="100,109,68,52,115,86,119,10,117,3,18,99,108" hai2="85,66,38,130,112,121,75,24,93,26,76,27,7" hai3="9,46,25,74,43,124,32,107,96,91,122,84,67"/><T62/><D120/><U73/><E68/><V45/><F121/><W98/><G122/><T39/><D113/><U21/><E73/><V133/><F112/><W132/><G74/><T14/><D135/><U0/><E115/><V50/><F38/><W72/><G72/><T47/><D126/><U23/><E86/><V41/><F130/><W128/><G128/><T49/><D78/><U129/><E129/><V55/><F66/><W83/><G124/><T92/><D71/><U65/><E65/><V80/><F133/><W81/><G132/><T94/><D49/><U48/><E10/><V60/><F7/><W123/><G123/><T16/><D47/><U134/><E134/><V87/><F93/><W11/><G67/><T131/><D131/><U8/><E8/><V90/><F90/><W118/><G118/><T5/><D5/><U28/><E28/><V2/><F2/><W64/><G64/><T20/><D20/><U29/><E29/><V17/><F17/><W69/><G69/><T116/><D116/><U15/><E23/><V88/><F88/><W102/><G96/><T53/><D39/><U70/><E70/><V125/><F125/><W36/><G81/><T97/><D97/><U58/><E117/><V82/><F82/><W54/><G91/><T35/><D35/><U19/><E19/><V95/><F95/><W114/><G83/><T13/><D16/><U106/><REACH who="1" step="1"/><E119/><REACH who="1" ten="317,104,287,282" step="2"/><V105/><F75/><W51/><G114/><T63/><D101/><U44/><E44/><V89/><F85/><W77/><G84/><T57/><D103/><U30/><E30/><RYUUKYOKU ba="0,1" sc="317,-10,104,30,287,-10,282,-10" hai1="0,3,15,18,21,48,52,58,99,100,106,108,109" /><INIT seed="5,1,1,5,0,66" ten="307,134,277,272" oya="1" hai0="85,81,55,109,107,104,10,38,123,84,101,62,94" hai1="36,6,67,39,16,12,86,1,75,49,59,124,8" hai2="65,27,77,44,129,43,40,20,102,92,100,68,37" hai3="99,76,34,79,93,89,21,32,41,46,0,125,70"/><U51/><E124/><V9/><F129/><W117/><G125/><T52/><D38/><U115/><E115/><V120/><F120/><W13/><G0/><T119/><D119/><U19/><E75/><V116/><F116/><W105/><G117/><T30/><D109/><U5/><E5/><V11/><F77/><W122/><G122/><T110/><D110/><U35/><E35/><V3/><F43/><W78/><G105/><T47/><D30/><U133/><E133/><V54/><F54/><W131/><G131/><T48/><D123/><U33/><E33/><V128/><F128/><W24/><G13/><T31/><D31/><U87/><E19/><V61/><F92/><W74/><G74/><T64/><D55/><U23/><E39/><V96/><F96/><W4/><G4/><T103/><D10/><U57/><E36/><V50/><F37/><W60/><G41/><T112/><D112/><U53/><REACH who="1" step="1"/><E51/><REACH who="1" ten="307,124,277,272" step="2"/><V113/><F113/><W29/><G34/><T98/><D48/><U127/><E127/><V91/><F3/><W2/><G2/><T15/><D107/><U135/><E135/><V111/><F111/><W71/><G32/><T97/><D104/><U95/><E95/><V106/><F106/><W132/><G132/><T18/><D94/><U28/><E28/><V88/><F50/><W25/><G93/><T7/><D18/><U69/><E69/><V22/><F68/><W58/><G71/><T17/><D7/><U82/><E82/><V80/><F80/><W114/><G70/><T134/><D17/><U118/><E118/><V63/><F102/><RYUUKYOKU ba="1,2" sc="307,-10,124,30,277,-10,272,-10" hai1="1,6,8,12,16,23,49,53,57,59,67,86,87" /><INIT seed="5,2,2,4,5,57" ten="297,154,267,262" oya="1" hai0="86,76,25,110,119,67,114,93,42,87,32,4,1" hai1="123,78,131,47,70,24,34,122,51,81,96,15,85" hai2="77,126,104,62,59,68,88,111,0,100,18,13,84" hai3="58,73,97,28,72,21,3,39,103,60,113,48,135"/><U129/><E96/><V101/><F111/><W90/><G39/><T118/><D110/><U75/><E75/><V43/><F68/><W63/><G113/><T16/><D114/><U31/><E70/><V124/><F0/><W41/><G135/><T46/><D67/><U53/><REACH who="1" step="1"/><E15/><REACH who="1" ten="297,144,267,262" step="2"/><V8/><F104/><W27/><G73/><T12/><D12/><U94/><E94/><N who="2" m="54535" /><F126/><W133/><G72/><T83/><D119/><U50/><E50/><V64/><F124/><W71/><G71/><T52/><D118/><U45/><E45/><V49/><F77/><W80/><G3/><T92/><D93/><U33/><E33/><V65/><F65/><W2/><G2/><T127/><D92/><U74/><E74/><V17/><F101/><W6/><G103/><T55/><D127/><U112/><E112/><V26/><F100/><W44/><G97/><T107/><D32/><U121/><AGARI ba="2,3" hai="24,31,34,47,51,53,78,81,85,121,122,123,129,131" machi="121" ten="40,3900,0" yaku="1,1,0,1,53,0" doraHai="57" doraHaiUra="14" who="1" fromWho="1" sc="297,-15,144,75,267,-15,262,-15" /><INIT seed="5,3,0,1,4,123" ten="282,219,252,247" oya="1" hai0="50,8,19,61,22,89,116,111,1,13,28,126,96" hai1="95,79,55,0,97,112,93,103,68,88,118,64,84" hai2="73,114,7,48,110,15,128,17,30,31,130,78,12" hai3="20,9,57,134,47,62,117,99,44,121,58,21,91"/><U25/><E118/><V125/><F73/><W46/><G121/><T129/><D111/><U4/><E112/><V5/><F78/><W72/><G117/><T52/><D116/><U41/><E41/><V39/><F39/><W105/><G72/><T49/><D129/><N who="2" m="49770" /><F48/><W94/><G134/><T24/><D126/><U23/><E79/><V127/><F110/><W132/><G132/><T11/><D1/><U32/><E32/><V98/><F98/><W109/><G109/><T35/><D61/><U76/><E76/><V10/><F114/><W83/><G105/><T115/><D50/><U3/><E4/><N who="2" m="1611" /><F12/><W80/><G9/><T34/><D34/><U70/><E55/><V113/><F113/><W51/><G51/><T135/><D135/><U92/><E64/><V71/><F71/><W37/><G37/><T131/><D131/><U122/><E122/><V107/><F107/><W6/><G6/><T18/><D115/><U104/><E68/><V60/><F60/><W40/><G40/><T2/><D2/><U77/><E70/><V36/><F36/><W56/><G62/><T38/><D38/><U45/><E77/><V53/><F53/><W26/><REACH who="3" step="1"/><G20/><REACH who="3" ten="282,219,252,237" step="2"/><T86/><D22/><U85/><E104/><V106/><F106/><W108/><G108/><T102/><D8/><U33/><E33/><V67/><F67/><W120/><G120/><T133/><D133/><U90/><REACH who="1" step="1"/><E45/><REACH who="1" ten="282,209,252,237" step="2"/><V59/><F59/><W82/><G82/><T119/><D35/><U27/><E27/><V54/><F54/><W81/><G81/><N who="0" m="49359" /><D24/><U66/><E66/><V100/><F127/><RYUUKYOKU ba="3,2" sc="282,-15,209,15,252,-15,237,15" hai1="0,3,23,25,84,85,88,90,92,93,95,97,103" hai3="21,26,44,46,47,56,57,58,80,83,91,94,99" /><INIT seed="5,4,2,4,3,97" ten="267,224,237,252" oya="1" hai0="107,91,82,52,108,113,43,1,29,60,123,59,11" hai1="100,118,20,68,92,7,32,96,9,49,122,89,6" hai2="102,72,51,87,78,21,125,48,54,67,30,4,19" hai3="61,47,117,111,106,77,56,45,83,50,114,101,64"/><U104/><E118/><V81/><F125/><W99/><G111/><T65/><D108/><U42/><E122/><V93/><F67/><W86/><G114/><T71/><D107/><U128/><E32/><V79/><F4/><W33/><G33/><T26/><D113/><U135/><E68/><V74/><F30/><W28/><G28/><T98/><D123/><U12/><E128/><V132/><F132/><W0/><G0/><T130/><D130/><U131/><E131/><V35/><F35/><W38/><G38/><T129/><D129/><U95/><E135/><V16/><F51/><W70/><G117/><T46/><D11/><U62/><E20/><V14/><F19/><W126/><G126/><T119/><D1/><U127/><E62/><V53/><F53/><W134/><G134/><T24/><D119/><U75/><E75/><V36/><F36/><W57/><G47/><T13/><D13/><U18/><E104/><V94/><F78/><W39/><G39/><N who="0" m="21887" /><D29/><U73/><E73/><V88/><F94/><W116/><G116/><T103/><D82/><U58/><E127/><V115/><F115/><W121/><G121/><T55/><D55/><AGARI ba="4,2" hai="45,50,55,56,57,61,64,70,77,83,86,99,101,106" machi="55" ten="30,2000,0" yaku="7,1,52,1" doraHai="97" who="3" fromWho="0" sc="267,-32,224,0,237,0,252,52" /><INIT seed="6,0,0,2,2,4" ten="235,224,237,304" oya="2" hai0="75,20,33,74,126,64,87,108,105,97,63,96,56" hai1="67,54,15,80,95,100,77,76,11,70,41,50,34" hai2="109,25,118,78,58,65,62,116,106,93,69,104,127" hai3="131,129,24,120,130,45,44,117,1,94,84,119,83"/><V121/><F121/><W42/><G1/><T98/><D33/><U73/><E34/><V28/><F127/><W128/><G120/><T135/><D108/><U113/><E113/><V52/><F109/><W36/><G128/><T111/><D111/><U39/><E76/><V21/><F78/><W29/><G94/><T26/><D105/><U19/><E39/><V85/><F85/><W12/><G12/><T115/><D115/><U7/><E41/><V37/><F93/><W38/><G38/><T46/><D135/><U110/><E110/><V102/><F37/><W9/><G9/><T66/><D126/><U123/><E123/><V22/><F22/><N who="3" m="15511" /><G45/><T61/><D87/><U101/><E95/><V79/><F79/><AGARI ba="0,0" hai="36,42,44,79,83,84,117,119,129,130,131" m="15511" machi="79" ten="30,1000,0" yaku="19,1" doraHai="4" who="3" fromWho="2" sc="235,0,224,0,237,-10,304,10" /><INIT seed="7,0,0,1,2,119" ten="235,224,227,314" oya="3" hai0="20,56,113,85,40,15,79,25,53,117,102,1,93" hai1="30,120,13,48,45,89,16,107,133,130,14,6,129" hai2="32,124,135,60,109,91,61,5,78,7,63,9,115" hai3="127,51,105,54,86,8,42,98,106,52,71,44,58"/><W24/><G71/><T59/><D117/><U27/><E107/><V34/><F109/><W19/><G127/><T36/><D1/><U81/><E6/><V33/><F124/><W118/><G118/><T17/><D113/><U46/><E120/><V22/><F115/><W132/><G132/><T37/><D37/><U74/><E133/><V94/><F135/><W96/><G86/><T82/><D36/><U31/><E13/><V110/><F110/><W116/><G116/><T35/><D40/><U39/><E39/><V43/><F43/><W95/><G96/><N who="0" m="59663" /><D35/><U99/><E99/><V101/><F101/><W2/><G54/><T12/><D59/><U122/><E122/><V62/><N who="2" m="15360" /><DORA hai="49" /><V41/><F41/><W10/><G2/><T68/><D68/><U64/><E64/><V80/><F22/><N who="3" m="13407" /><G105/><T128/><D128/><N who="1" m="49259" /><E27/><V47/><F47/><N who="1" m="17929" /><E48/><AGARI ba="0,0" hai="12,15,17,20,25,48,53,56,79,82,85" m="59663" machi="48" ten="30,2000,0" yaku="8,1,52,1" doraHai="119,49" who="0" fromWho="1" sc="235,20,224,-20,227,0,314,0" owari="255,5.5,204,-29.6,227,-17.3,314,41.4" /></mjloggm>