<mjloggm ver="2.3"><GO type="169" lobby="0"/><UN n0="%E3%81%B3%E3%82%8D%E3%81%B4%E3%82%8D" n1="%E6%9C%AA%E6%9D%A5%E5%B0%91%E5%B9%B4" n2="%E3%83%8E%E3%82%AA%E3%83%81%E3%83%A3%E3%83%99%E3%82%B9" n3="%E6%96%90%E6%B5%85" dan="16,16,16,16" rate="2199.96,2164.94,2167.58,2070.49" sx="M,F,M,M"/><TAIKYOKU oya="0"/><INIT seed="0,0,0,5,1,5" ten="250,250,250,250" oya="0" hai0="20,131,127,120,40,4,112,124,8,134,77,0,129" hai1="44,94,51,81,46,23,83,104,89,100,17,50,119" hai2="56,48,135,61,96,32,85,109,80,107,125,79,57" hai3="114,54,73,106,70,78,7,62,82,91,105,59,3"/><T29/><D77/><U45/><E119/><V42/><F32/><W66/><G114/><T47/><D47/><U111/><E111/><V88/><F109/><W102/><G91/><T49/><D49/><N who="1" m="18443" /><E104/><V121/><F121/><W11/><REACH who="3" step="1"/><G102/><REACH who="3" ten="250,250,250,240" step="2"/><T84/><D112/><U93/><E100/><V38/><F88/><W6/><G6/><T99/><D120/><U74/><E74/><V10/><F79/><W39/><G39/><T31/><D40/><U116/><E116/><V63/><F38/><W60/><AGARI ba="0,1" hai="3,7,11,54,59,60,62,66,70,73,78,82,105,106" machi="60" ten="20,5200,0" yaku="1,1,0,1,7,1,52,1,53,0" doraHai="5" doraHaiUra="13" who="3" fromWho="3" sc="250,-26,250,-13,250,-13,240,62" /><INIT seed="1,0,0,3,3,78" ten="224,237,237,302" oya="1" hai0="19,118,105,65,40,82,72,17,71,99,27,130,45" hai1="93,87,13,108,33,67,51,121,30,86,91,110,119" hai2="37,126,68,90,38,96,113,134,106,41,81,112,74" hai3="9,3,84,63,39,53,22,42,116,23,95,8,73"/><U135/><E119/><V133/><F68/><W109/><G109/><N who="1" m="42090" /><E121/><V127/><F41/><W10/><G73/><T6/><D118/><U76/><E135/><N who="2" m="51723" /><F38/><W103/><G3/><T32/><D6/><U7/><E67/><V5/><F5/><W52/><G116/><T92/><D130/><U47/><E30/><V11/><F11/><W60/><G42/><T80/><D72/><U26/><E26/><V54/><F54/><W2/><G39/><T114/><D105/><U56/><E56/><V89/><F37/><W35/><G35/><T111/><D111/><U46/><E33/><V36/><F36/><W131/><G2/><T125/><D125/><N who="2" m="47626" /><F90/><W14/><G10/><T120/><D71/><U85/><E47/><V64/><F64/><W117/><G9/><T24/><D65/><U66/><E66/><V70/><F70/><W48/><G8/><T55/><D32/><U18/><E7/><V115/><F89/><W62/><G117/><T1/><D1/><U20/><E76/><N who="2" m="44183" /><F115/><W59/><G53/><AGARI ba="0,0" hai="13,18,20,46,51,53,85,86,87,91,93" m="42090" machi="53" ten="30,2900,0" yaku="14,1,10,1" doraHai="78" who="1" fromWho="3" sc="224,0,237,29,237,0,302,-29" /><INIT seed="1,1,0,1,3,129" ten="224,266,237,273" oya="1" hai0="61,79,70,81,110,54,56,113,114,55,64,47,77" hai1="32,91,88,40,131,18,52,21,130,41,4,39,68" hai2="107,98,45,10,133,58,89,8,101,90,29,73,66" hai3="20,97,44,78,123,74,120,83,75,109,3,116,34"/><U105/><E32/><V37/><F73/><W30/><G34/><T122/><D79/><U119/><E119/><V49/><F29/><W63/><G116/><T22/><D110/><U84/><E105/><V67/><F37/><W96/><G75/><T25/><D122/><U51/><E68/><V99/><F133/><W6/><G109/><T14/><D14/><U11/><E39/><V23/><F23/><W48/><G63/><T86/><D47/><U38/><E38/><V100/><F10/><W112/><G112/><T115/><REACH who="0" step="1"/><D70/><REACH who="0" ten="214,266,237,273" step="2"/><U108/><E108/><V121/><F121/><W0/><G123/><T76/><D76/><U92/><E131/><V125/><F8/><W82/><G78/><T13/><D13/><N who="1" m="5351" /><E130/><V118/><F118/><W132/><G120/><T31/><AGARI ba="1,1" hai="22,25,31,54,55,56,61,64,77,81,86,113,114,115" machi="31" ten="30,4000,0" yaku="1,1,0,1,53,1" doraHai="129" doraHaiUra="24" who="0" fromWho="0" sc="214,53,266,-21,237,-11,273,-11" /><INIT seed="2,0,0,3,5,97" ten="267,245,226,262" oya="2" hai0="15,29,10,100,36,77,89,115,108,26,66,38,91" hai1="127,116,54,87,129,104,37,119,27,51,88,94,92" hai2="114,84,81,8,111,75,58,47,7,74,14,53,109" hai3="42,105,131,11,39,133,24,132,2,102,52,19,31"/><V69/><F69/><W3/><G131/><T0/><D115/><U122/><E37/><V86/><F47/><N who="3" m="24031" /><G19/><T123/><D123/><U73/><E104/><V93/><F114/><W32/><G52/><T83/><D108/><N who="2" m="41546" /><F93/><W96/><G11/><T110/><D0/><AGARI ba="0,0" hai="0,2,3,24,31,32,96,102,105,132,133" m="24031" machi="0" ten="30,2000,0" yaku="23,1,52,1" doraHai="97" who="3" fromWho="0" sc="267,-20,245,0,226,0,262,20" /><INIT seed="3,0,0,3,4,96" ten="247,245,226,282" oya="3" hai0="48,9,66,107,92,132,29,50,55,24,52,23,75" hai1="111,104,86,97,105,58,64,103,123,94,72,32,95" hai2="134,101,39,122,53,116,16,20,81,135,21,128,114" hai3="93,17,119,120,79,35,118,76,13,41,115,10,89"/><W26/><G120/><T59/><D132/><U14/><E32/><V7/><F114/><W124/><G115/><T131/><D131/><U1/><E1/><V31/><F116/><W102/><G124/><T70/><D107/><N who="1" m="41035" /><E14/><V90/><F39/><W36/><G119/><T61/><D75/><U133/><E58/><V67/><F67/><W51/><G36/><T12/><D92/><N who="1" m="58791" /><E64/><V73/><F128/><W117/><G117/><T34/><D34/><U15/><E15/><V60/><F122/><W8/><G8/><T40/><D40/><U71/><E71/><V3/><F31/><W30/><G118/><T5/><D55/><U28/><E28/><V11/><F21/><W85/><G51/><AGARI ba="0,0" hai="5,9,12,23,24,29,48,50,51,52,59,61,66,70" machi="51" ten="30,2000,0" yaku="7,1,54,1" doraHai="96" who="0" fromWho="3" sc="247,20,245,0,226,0,282,-20" /><INIT seed="4,0,0,2,2,26" ten="267,245,226,262" oya="0" hai0="56,132,119,21,58,72,124,100,67,116,120,49,25" hai1="96,18,94,107,84,126,34,64,20,52,44,98,93" hai2="97,92,22,1,91,23,15,134,16,112,55,14,2" hai3="117,24,57,60,11,38,41,86,29,35,54,42,114"/><T63/><D120/><U40/><E34/><V113/><F134/><W127/><G117/><T123/><D123/><U135/><E135/><V70/><F70/><W82/><G114/><T66/><D132/><U45/><E126/><V5/><F55/><W78/><G127/><T48/><D124/><U102/><E64/><V31/><F5/><W36/><REACH who="3" step="1"/><G11/><REACH who="3" ten="267,245,226,252" step="2"/><T75/><D116/><U39/><E96/><V6/><F113/><W105/><G105/><T50/><D119/><U10/><E10/><V65/><F112/><W95/><G95/><T69/><D69/><U3/><E93/><V103/><F92/><W28/><G28/><T111/><D111/><U122/><E122/><V115/><F31/><W0/><G0/><T62/><REACH who="0" step="1"/><D100/><REACH who="0" ten="257,245,226,252" step="2"/><U83/><E102/><V8/><F103/><W4/><G4/><T9/><D9/><U53/><E3/><V77/><F115/><W73/><G73/><T32/><D32/><U59/><E107/><V7/><F2/><W51/><G51/><T61/><D61/><U90/><E39/><AGARI ba="0,2" hai="24,29,35,36,38,39,41,42,54,57,60,78,82,86" machi="39" ten="40,2600,0" yaku="1,1,52,1,53,0" doraHai="26" doraHaiUra="89" who="3" fromWho="1" sc="257,0,245,-26,226,0,252,46" /><INIT seed="5,0,0,2,1,85" ten="257,219,226,298" oya="1" hai0="118,34,23,127,98,42,6,133,71,115,45,55,74" hai1="113,50,25,105,21,88,96,122,16,17,15,120,131" hai2="63,119,8,37,22,92,59,53,49,107,39,47,70" hai3="123,87,72,14,79,130,86,83,68,18,57,89,91"/><U100/><E113/><V99/><F119/><W80/><G68/><T67/><D118/><U117/><E117/><V46/><F107/><W56/><G130/><T104/><D23/><U48/><E131/><V106/><F106/><W41/><G123/><T29/><D6/><U134/><E134/><V111/><F111/><W76/><G41/><T97/><D97/><U102/><E102/><V35/><F35/><W5/><G5/><T65/><D65/><U90/><E120/><V40/><F8/><W129/><G129/><T52/><D74/><U10/><REACH who="1" step="1"/><E122/><REACH who="1" ten="257,209,226,298" step="2"/><V73/><F73/><W95/><G79/><T101/><D115/><U121/><E121/><V27/><F70/><W33/><G33/><T4/><D133/><U114/><E114/><V75/><F75/><W7/><G72/><T9/><D71/><U2/><E2/><V78/><F78/><W125/><G76/><T110/><D110/><U94/><E94/><V3/><F3/><W26/><G95/><T54/><D101/><U124/><E124/><V81/><F81/><W109/><G125/><T44/><D127/><U28/><E28/><V112/><F112/><W11/><G109/><T61/><D29/><U93/><E93/><V135/><F135/><W84/><G83/><T43/><D104/><U126/><E126/><V82/><F82/><W66/><G80/><T51/><D34/><U20/><E20/><V62/><F92/><W19/><G84/><T32/><D32/><U108/><E108/><V116/><F116/><W12/><G87/><T31/><D31/><U30/><E30/><V77/><F77/><RYUUKYOKU ba="0,1" sc="257,-10,209,30,226,-10,298,-10" hai1="10,15,16,17,21,25,48,50,88,90,96,100,105" /><INIT seed="5,1,1,2,4,135" ten="247,239,216,288" oya="1" hai0="63,91,4,132,70,120,7,87,35,20,113,11,117" hai1="79,89,26,78,118,83,61,2,100,82,95,123,69" hai2="94,56,105,115,96,65,47,86,133,17,88,9,25" hai3="44,114,104,125,39,73,107,121,33,24,109,3,108"/><U74/><E2/><V110/><F110/><W19/><RYUUKYOKU type="yao9" ba="1,1" sc="247,0,239,0,216,0,288,0" hai3="3,19,24,33,39,44,73,104,107,108,109,114,121,125" /><INIT seed="5,2,1,0,3,55" ten="247,239,216,288" oya="1" hai0="11,117,112,17,13,90,109,101,82,130,95,27,99" hai1="1,97,52,20,88,48,65,6,64,98,53,68,33" hai2="83,40,10,29,87,12,45,89,75,59,92,125,57" hai3="91,18,127,118,50,0,63,67,25,115,7,74,5"/><U15/><E33/><V9/><F125/><W135/><G127/><T8/><D112/><U19/><E68/><V107/><F107/><W108/><G108/><T93/><D130/><U106/><E106/><V35/><F10/><W44/><G74/><T84/><D109/><U72/><E72/><V2/><F2/><W28/><G135/><T104/><D117/><U47/><E1/><V116/><F116/><W36/><G36/><T37/><D37/><U110/><E110/><V120/><F120/><W81/><G18/><T122/><D122/><U100/><E100/><V131/><F131/><W86/><G0/><T77/><D77/><U31/><E31/><V32/><F32/><W71/><G115/><T128/><D128/><U133/><E6/><V66/><F66/><N who="1" m="25705" /><E133/><V73/><F73/><W79/><G79/><T62/><D62/><U34/><E34/><V103/><F35/><W21/><G118/><T38/><D38/><U16/><E53/><AGARI ba="2,1" hai="5,7,21,25,28,44,50,53,63,67,71,81,86,91" machi="53" ten="30,1000,0" yaku="7,1" doraHai="55" who="3" fromWho="1" sc="247,0,239,-16,216,0,288,26" /><INIT seed="6,0,0,5,0,107" ten="247,223,216,314" oya="2" hai0="23,37,52,20,76,70,123,100,9,12,17,61,68" hai1="35,67,99,95,104,63,38,127,24,121,41,98,59" hai2="96,133,50,62,60,106,73,34,129,131,135,111,117" hai3="108,45,43,1,74,42,56,46,119,48,115,29,18"/><V5/><F34/><W8/><G108/><T75/><D123/><U40/><E121/><V22/><F117/><W97/><G119/><T57/><D37/><U102/><E127/><V83/><F5/><W124/><G124/><T58/><D58/><U132/><E132/><N who="2" m="50763" /><F50/><W81/><G29/><T91/><D100/><U118/><E118/><V110/><F22/><W49/><G115/><T85/><D76/><U94/><E38/><V130/><F62/><W93/><G56/><T33/><D75/><U10/><E104/><V26/><F26/><W36/><G36/><T77/><D77/><U25/><E10/><V28/><F60/><W11/><G1/><T109/><D109/><N who="2" m="41482" /><F28/><W71/><G11/><T44/><D44/><U134/><E134/><V122/><F122/><W89/><G8/><T92/><REACH who="0" step="1"/><D33/><REACH who="0" ten="237,223,216,314" step="2"/><U27/><E35/><V32/><F32/><W7/><G46/><T88/><D88/><AGARI ba="0,1" hai="24,25,27,40,41,59,63,67,88,94,95,98,99,102" machi="88" ten="40,2600,0" yaku="8,1,54,1" doraHai="107" who="1" fromWho="0" sc="237,-26,223,36,216,0,314,0" /><INIT seed="7,0,0,4,4,41" ten="211,259,216,314" oya="3" hai0="5,76,22,21,89,45,128,120,80,13,20,15,34" hai1="113,122,50,133,23,2,132,38,14,72,123,82,19" hai2="88,73,27,91,79,3,70,4,110,62,90,37,11" hai3="36,97,114,48,16,117,58,74,67,35,98,78,53"/><W40/><G117/><T9/><D120/><U115/><E38/><V134/><F110/><W118/><G118/><T86/><D34/><U65/><E65/><V71/><F134/><N who="1" m="51817" /><E50/><V51/><F37/><W84/><G35/><T106/><D106/><U83/><E72/><V69/><F27/><W61/><G74/><T93/><D128/><U95/><E95/><V130/><F130/><W81/><G114/><N who="1" m="43530" /><E82/><V18/><F18/><W75/><G75/><T121/><D121/><N who="1" m="46091" /><E83/><V43/><F79/><W10/><G40/><T68/><D68/><U52/><E52/><V100/><F100/><W12/><G36/><T135/><D135/><U96/><E96/><V119/><F73/><W30/><G30/><T26/><D45/><AGARI ba="0,0" hai="10,12,16,45,48,53,58,61,67,78,81,84,97,98" machi="45" ten="30,11600,0" yaku="7,1,8,1,52,1,54,1" doraHai="41" who="3" fromWho="0" sc="211,-116,259,0,216,0,314,116" owari="95,-40.5,259,5.9,216,-18.4,430,53.0" /></mjloggm>