<mjloggm ver="2.3"><GO type="169" lobby="0"/><UN n0="%E3%83%88%E3%83%B3%E3%83%8D%E3%83%AB%E5%A4%A9%E5%9B%BD" n1="%6C%75%6E%61%32%33%34%35" n2="%E3%81%8B%E3%81%A3%E3%81%95%E3%83%BC" n3="%43%72%37" dan="17,16,17,17" rate="2228.64,2070.77,2147.27,2222.89" sx="M,F,M,M"/><TAIKYOKU oya="0"/><INIT seed="0,0,0,2,2,128" ten="250,250,250,250" oya="0" hai0="106,4,72,90,92,25,31,94,24,53,84,32,79" hai1="27,77,68,8,112,74,97,3,6,135,36,11,47" hai2="93,40,108,7,113,125,59,91,61,119,19,30,83" hai3="89,78,18,16,99,33,2,51,55,103,57,44,101"/><T111/><D106/><U0/><E112/><V102/><F108/><W115/><G115/><T63/><D111/><U13/><E68/><V50/><F125/><W20/><G33/><T46/><D4/><U100/><E27/><V34/><F119/><W17/><G2/><T116/><D116/><U109/><E109/><V38/><F38/><W95/><G78/><T21/><D72/><U5/><E13/><V117/><F7/><W64/><REACH who="3" step="1"/><G20/><REACH who="3" ten="250,250,250,240" step="2"/><T127/><D79/><U118/><E118/><V52/><F34/><W28/><G28/><T58/><D127/><U130/><E77/><V75/><F30/><W60/><AGARI ba="0,1" hai="16,17,18,44,51,55,57,60,64,89,95,99,101,103" machi="60" ten="30,7900,0" yaku="1,1,0,1,8,1,54,1,53,0" doraHai="128" doraHaiUra="39" who="3" fromWho="3" sc="250,-39,250,-20,250,-20,240,89" /><INIT seed="1,0,0,3,3,5" ten="211,230,230,329" oya="1" hai0="0,60,54,56,131,112,94,23,20,99,125,41,68" hai1="26,69,132,8,51,55,11,122,15,58,52,47,43" hai2="84,21,59,1,83,105,44,76,124,135,128,63,45" hai3="96,46,14,12,24,16,9,107,33,75,2,71,93"/><U109/><E122/><V34/><F34/><W73/><G71/><T129/><D112/><U42/><E69/><V80/><F128/><N who="0" m="49226" /><D0/><U118/><E118/><V121/><F121/><W13/><G107/><T95/><D125/><U40/><E132/><V4/><F135/><W7/><G46/><T17/><D41/><U79/><E109/><V119/><F105/><W90/><REACH who="3" step="1"/><G33/><REACH who="3" ten="211,230,230,319" step="2"/><T31/><D68/><U19/><E79/><V22/><F45/><W49/><G49/><T92/><D31/><U117/><E117/><V81/><F44/><W62/><G62/><T88/><D20/><AGARI ba="0,1" hai="2,7,9,12,13,14,16,20,24,73,75,90,93,96" machi="20" ten="40,8000,1" yaku="1,1,52,1,54,1,53,2" doraHai="5" doraHaiUra="104" who="3" fromWho="0" sc="211,-80,230,0,230,0,319,90" /><INIT seed="2,0,0,0,2,14" ten="131,230,230,409" oya="2" hai0="18,32,2,72,82,60,22,59,31,10,55,12,90" hai1="23,5,134,40,42,30,121,61,113,93,16,129,19" hai2="120,101,110,133,97,116,51,33,118,75,135,80,50" hai3="25,7,39,86,67,99,28,53,24,1,74,100,62"/><V91/><F33/><W79/><G39/><T124/><D124/><U89/><E113/><V92/><F51/><W76/><G74/><T26/><D72/><U117/><E117/><N who="2" m="45163" /><F50/><W64/><G86/><T83/><REACH who="0" step="1"/><D90/><REACH who="0" ten="121,230,230,409" step="2"/><U73/><E73/><V66/><F120/><W36/><G76/><T112/><D112/><U78/><E121/><V65/><F75/><W95/><G79/><T96/><D96/><U63/><E78/><V49/><F91/><W38/><G99/><T122/><D122/><U0/><E134/><V104/><F97/><W37/><G100/><T71/><D71/><U127/><E127/><V70/><F101/><W106/><G36/><T47/><D47/><U29/><E89/><V44/><F44/><W108/><G37/><T35/><D35/><U128/><E129/><V68/><F70/><W107/><G38/><T17/><D17/><U56/><E128/><V58/><F68/><W41/><G106/><T43/><D43/><U85/><E40/><V15/><F104/><W77/><G107/><T115/><D115/><U11/><E42/><V94/><F133/><W102/><G41/><T98/><D98/><U34/><E34/><V131/><F135/><W4/><G102/><T123/><D123/><U45/><E45/><V130/><F131/><W88/><G88/><T46/><D46/><U111/><E19/><V57/><F130/><W3/><G77/><T84/><D84/><U6/><E85/><V27/><F94/><W20/><G95/><T126/><D126/><U125/><E125/><V54/><F92/><W114/><G114/><T105/><D105/><RYUUKYOKU ba="0,1" sc="121,30,230,-10,230,-10,409,-10" hai0="2,10,12,18,22,26,31,32,55,59,60,82,83" /><INIT seed="3,1,1,2,3,104" ten="151,220,220,399" oya="3" hai0="49,50,56,54,98,85,95,14,57,4,52,35,87" hai1="47,28,38,131,19,10,102,125,24,23,109,110,116" hai2="118,2,121,122,90,73,22,126,119,134,111,83,48" hai3="15,123,13,7,11,37,60,112,76,132,89,62,133"/><W53/><G112/><T120/><D35/><U8/><E38/><V58/><F58/><W30/><G123/><N who="2" m="47113" /><F48/><W41/><G76/><T63/><D120/><U78/><E47/><V93/><F22/><W74/><G30/><T81/><D63/><U114/><E114/><V108/><F2/><W94/><G41/><T75/><D75/><U39/><E39/><V86/><F134/><W69/><G74/><T129/><D129/><U72/><E131/><V103/><F126/><W124/><G37/><T26/><D26/><U99/><E125/><V0/><F0/><W130/><G124/><T42/><D81/><N who="1" m="45255" /><E28/><V101/><F73/><W29/><G29/><T70/><D70/><U9/><E9/><V44/><F44/><W100/><G69/><T128/><D128/><U127/><E127/><V51/><F51/><W66/><G11/><T1/><D1/><U115/><E115/><V65/><F65/><W40/><G66/><T91/><REACH who="0" step="1"/><D42/><REACH who="0" ten="141,220,220,399" step="2"/><U113/><E113/><V5/><F83/><W71/><G40/><T80/><D80/><U43/><E43/><V59/><F118/><W18/><G71/><T6/><D6/><U20/><E116/><V3/><F5/><W12/><G7/><T32/><D32/><U16/><E109/><V61/><F3/><W135/><G130/><T21/><D21/><U27/><E110/><V105/><F119/><W17/><G62/><T77/><D77/><U34/><E34/><V97/><F111/><W88/><G60/><T46/><D46/><U68/><E68/><V55/><F108/><W92/><G132/><T33/><D33/><RYUUKYOKU ba="1,2" sc="141,10,220,10,220,10,399,-30" hai0="4,14,49,50,52,54,56,57,85,87,91,95,98" hai1="8,10,16,19,20,23,24,27,99,102" hai2="55,59,61,86,90,93,97,101,103,105" /><INIT seed="4,2,2,2,5,0" ten="151,230,230,369" oya="0" hai0="71,15,89,36,119,74,124,111,61,125,46,2,75" hai1="44,5,96,135,11,48,113,132,68,34,76,31,52" hai2="66,115,102,127,131,54,39,95,50,14,38,93,24" hai3="134,21,42,106,55,45,58,103,109,79,49,107,123"/><T29/><D119/><U121/><E121/><V81/><F115/><W13/><G109/><T1/><D29/><U32/><E113/><V128/><F127/><N who="0" m="48714" /><D111/><U37/><E68/><V70/><F81/><W126/><G126/><T83/><D15/><N who="1" m="5615" /><E37/><V105/><F105/><W41/><G134/><N who="1" m="51242" /><E76/><V90/><F24/><W26/><G41/><N who="0" m="22823" /><D89/><U25/><E96/><N who="2" m="59663" /><F70/><W65/><G123/><T97/><D97/><U91/><E91/><V87/><F66/><W112/><G65/><N who="0" m="41391" /><D83/><U43/><E43/><V3/><F14/><W129/><G13/><T118/><D118/><U77/><E77/><V84/><F84/><W92/><G79/><T18/><D18/><U17/><E17/><V64/><F3/><AGARI ba="2,2" hai="1,2,3,74,75" m="41391,22823,48714" machi="3" ten="30,2900,0" yaku="18,1,23,1" doraHai="0" who="0" fromWho="2" sc="151,55,230,0,230,-35,369,0" /><INIT seed="4,3,0,2,0,97" ten="206,230,195,369" oya="0" hai0="84,76,70,52,15,48,41,124,26,102,113,18,110" hai1="94,107,109,105,45,116,127,87,69,4,19,54,58" hai2="60,27,74,83,0,21,53,108,115,81,135,57,77" hai3="92,28,64,91,43,66,68,20,133,120,63,13,8"/><T101/><D70/><U119/><E109/><V96/><F108/><W49/><G133/><T9/><D110/><U24/><E127/><V22/><F135/><W103/><G120/><T111/><D111/><U55/><E69/><V73/><F115/><W117/><G117/><T90/><D124/><U10/><E116/><V36/><F36/><W44/><G66/><T121/><D121/><U40/><E119/><V3/><F22/><W11/><G103/><T126/><D126/><U12/><E105/><V86/><F96/><W122/><G122/><T123/><D123/><U56/><E107/><V134/><F134/><W130/><G130/><T31/><D76/><U7/><E56/><V104/><F104/><W62/><G63/><T118/><D41/><U65/><E65/><V32/><F32/><W37/><G37/><T114/><D118/><U39/><E24/><V82/><F82/><W72/><G72/><T42/><D42/><U89/><E54/><V128/><F74/><W34/><G34/><T85/><D85/><U30/><E30/><V125/><F128/><W80/><G80/><N who="0" m="49415" /><D26/><U100/><E100/><N who="0" m="38505" /><D31/><U5/><E5/><V2/><F125/><W6/><G28/><T67/><D67/><U61/><AGARI ba="3,0" hai="4,7,10,12,19,39,40,45,55,58,61,87,89,94" machi="61" ten="20,1500,0" yaku="0,1,7,1" doraHai="97" who="1" fromWho="1" sc="206,-10,230,24,195,-7,369,-7" /><INIT seed="5,0,0,0,4,127" ten="196,254,188,362" oya="1" hai0="102,23,26,33,38,122,50,56,115,55,120,29,9" hai1="84,12,81,63,109,44,124,53,130,133,37,51,6" hai2="58,54,105,95,76,80,57,92,118,27,4,87,116" hai3="60,17,73,41,31,20,110,128,75,111,68,94,134"/><U22/><E124/><V121/><F121/><N who="0" m="46698" /><D38/><U36/><E133/><V34/><F105/><W2/><G2/><T101/><D115/><U99/><E109/><V117/><F4/><W98/><G31/><T85/><D9/><U43/><E99/><V100/><F100/><N who="0" m="38506" /><D85/><U67/><E130/><V3/><F3/><W13/><G128/><T39/><D39/><U114/><E114/><V82/><F58/><W16/><G41/><T104/><D104/><U106/><E106/><V97/><F97/><W7/><G7/><T74/><D74/><U135/><E135/><V86/><F27/><W91/><G134/><T49/><D49/><U42/><E36/><V88/><REACH who="2" step="1"/><F34/><AGARI ba="0,0" hai="23,26,29,33,34,50,55,56" m="38506,46698" machi="34" ten="30,1000,0" yaku="13,1" doraHai="127" who="0" fromWho="2" sc="196,10,254,0,188,-10,362,0" /><INIT seed="6,0,0,5,5,23" ten="206,254,178,362" oya="2" hai0="28,55,17,106,34,45,47,51,76,62,39,130,52" hai1="121,108,72,44,129,40,7,41,114,11,25,66,70" hai2="29,110,92,116,19,8,91,98,89,84,117,63,53" hai3="42,77,80,131,97,103,49,65,26,21,1,93,90"/><V124/><F124/><W13/><G1/><T115/><D106/><U32/><E108/><V68/><F110/><W12/><G65/><T113/><D130/><U126/><E129/><V2/><F29/><W128/><G128/><T24/><D76/><U36/><E40/><V125/><F125/><W127/><G127/><T123/><D123/><U82/><E126/><V119/><F68/><W0/><G0/><T37/><D17/><U50/><E114/><N who="0" m="43529" /><D47/><U30/><E50/><V102/><F19/><N who="3" m="12607" /><G77/><T112/><D112/><U104/><E66/><V14/><F14/><W133/><G133/><T105/><D105/><U22/><E104/><V9/><F2/><W58/><G131/><T79/><D79/><N who="1" m="44391" /><E70/><V10/><REACH who="2" step="1"/><F84/><REACH who="2" ten="206,254,168,362" step="2"/><W120/><G120/><T35/><D35/><U31/><E121/><V33/><F33/><W15/><G13/><T67/><D55/><U46/><E32/><V88/><F88/><W74/><G90/><T107/><D107/><U95/><E30/><V48/><F48/><W78/><G15/><T101/><D101/><U3/><E31/><V4/><F4/><W85/><G12/><T69/><AGARI ba="0,1" hai="24,28,34,37,39,45,51,52,62,67,69" m="43529" machi="69" ten="30,4000,0" yaku="15,1,52,1,54,1" doraHai="23" who="0" fromWho="0" sc="206,50,254,-10,168,-20,362,-10" /><INIT seed="7,0,0,1,5,84" ten="256,244,148,352" oya="3" hai0="79,63,21,74,48,13,3,134,95,20,59,71,50" hai1="133,98,96,60,132,65,19,120,121,44,78,101,83" hai2="127,62,32,1,110,30,100,94,0,67,61,12,66" hai3="68,4,7,109,54,31,117,72,86,102,37,88,18"/><W34/><G117/><T69/><D3/><U36/><E36/><V116/><F116/><W35/><G68/><T64/><D74/><N who="1" m="43479" /><E44/><V15/><F100/><W11/><G72/><T82/><D134/><N who="1" m="51819" /><E19/><V16/><F110/><W129/><G102/><T80/><D95/><N who="1" m="58527" /><E98/><V90/><F127/><W122/><G18/><T97/><D97/><U89/><E89/><V17/><F94/><W55/><G88/><T123/><D123/><U51/><E51/><V39/><F90/><W5/><G11/><T112/><D112/><U47/><E47/><V14/><F39/><W113/><G35/><T22/><D79/><U76/><E76/><V107/><F107/><W111/><G55/><T124/><D124/><U99/><E99/><V2/><F32/><W10/><G54/><T106/><D106/><U33/><E33/><V103/><F103/><W29/><G31/><T73/><D73/><U38/><E38/><V104/><F104/><W40/><G40/><T75/><D75/><U58/><AGARI ba="0,0" hai="58,60,65,120,121" m="58527,51819,43479" machi="58" ten="30,1100,0" yaku="20,1" doraHai="84" who="1" fromWho="1" sc="256,-3,244,11,148,-3,352,-5" owari="253,-14.7,255,5.5,145,-35.5,347,44.7" /></mjloggm>