<mjloggm ver="2.3"><GO type="169" lobby="0"/><UN n0="%73%73%73%31%39%33%33" n1="%E6%99%AE%E9%9C%B2%E9%9C%B2" n2="%E3%82%82%E3%81%93%E2%97%AF" n3="%E3%82%AB%E3%82%B6%E3%83%A9%E3%82%AD" dan="16,16,16,17" rate="2123.88,2128.11,2108.14,2158.27" sx="F,M,M,M"/><TAIKYOKU oya="0"/><INIT seed="0,0,0,5,4,125" ten="250,250,250,250" oya="0" hai0="92,43,94,86,22,82,16,23,30,111,15,99,131" hai1="0,52,123,46,8,109,4,51,119,12,129,47,70" hai2="63,106,87,134,54,110,45,34,35,108,13,18,118" hai3="102,69,80,48,135,78,68,36,66,24,114,76,85"/><T127/><D127/><U57/><E119/><V77/><F106/><W74/><G36/><T1/><D1/><U79/><E123/><V101/><F101/><W130/><G114/><T81/><D43/><U97/><E109/><N who="2" m="42091" /><F134/><W133/><G66/><T28/><D111/><U50/><E70/><V73/><F73/><W59/><G24/><T55/><D55/><U49/><E129/><V89/><F77/><W113/><G113/><T116/><D116/><U32/><E32/><V105/><F105/><W121/><G121/><T56/><D56/><U39/><E39/><V88/><F89/><W122/><G122/><T37/><D37/><U93/><E79/><V104/><F104/><W6/><G6/><T96/><D131/><U120/><E0/><V128/><F118/><W42/><G102/><T115/><D115/><U3/><E3/><V20/><F128/><W132/><G130/><T33/><D33/><U60/><REACH who="1" step="1"/><E120/><REACH who="1" ten="250,240,250,250" step="2"/><V17/><F35/><W40/><G69/><T98/><D82/><U112/><E112/><V64/><F34/><W2/><G68/><T9/><D30/><U14/><E14/><V31/><F13/><W61/><G2/><T38/><D38/><U21/><E21/><N who="0" m="7689" /><D28/><U103/><AGARI ba="0,1" hai="4,8,12,46,47,49,50,51,52,57,60,93,97,103" machi="103" ten="30,7900,0" yaku="1,1,0,1,8,1,54,1,53,0" doraHai="125" doraHaiUra="65" who="1" fromWho="1" sc="250,-39,240,89,250,-20,250,-20" /><INIT seed="1,0,0,0,0,87" ten="211,329,230,230" oya="1" hai0="69,132,66,52,110,26,80,81,68,85,63,101,84" hai1="39,121,71,108,117,45,77,92,88,5,9,19,79" hai2="86,23,78,47,49,18,7,72,28,27,40,30,76" hai3="123,15,3,130,57,6,46,131,90,135,96,120,20"/><U112/><E117/><V82/><REACH who="2" step="1"/><F7/><REACH who="2" ten="211,329,220,230" step="2"/><W56/><G6/><T37/><D110/><U93/><E121/><V13/><F13/><W97/><G15/><T113/><D132/><U50/><E108/><V116/><F116/><W61/><G135/><T102/><D113/><U100/><E112/><V14/><F14/><W22/><G3/><T105/><D26/><U21/><E39/><V42/><F42/><W104/><G123/><T94/><D37/><U41/><E71/><V83/><AGARI ba="0,1" hai="18,23,27,28,30,40,47,49,72,76,78,82,83,86" machi="83" ten="30,4000,0" yaku="21,2,0,1,53,0" doraHai="87" doraHaiUra="0" who="2" fromWho="2" sc="211,-10,329,-20,220,50,230,-10" /><INIT seed="2,0,0,3,0,102" ten="201,309,270,220" oya="2" hai0="0,127,93,22,89,35,58,131,24,19,105,101,18" hai1="31,119,92,73,122,132,108,37,12,48,51,69,99" hai2="85,25,28,100,63,110,45,4,118,61,129,72,107" hai3="17,98,2,66,32,128,82,115,123,96,6,21,41"/><V64/><F118/><W46/><G123/><T97/><D0/><U112/><E122/><V121/><F121/><W74/><G32/><T84/><D127/><U27/><E37/><V33/><F72/><W68/><G128/><T114/><D131/><U133/><E73/><V77/><F129/><W26/><G68/><T29/><D114/><U106/><E69/><V9/><F110/><W14/><G66/><T5/><D5/><U71/><E71/><V20/><F45/><W90/><G115/><T39/><D39/><U53/><E108/><V86/><F20/><W40/><G40/><T15/><D58/><U10/><E119/><V49/><F49/><W8/><G90/><T23/><REACH who="0" step="1"/><D19/><REACH who="0" ten="191,309,270,220" step="2"/><U67/><E112/><V78/><F4/><W13/><G2/><T111/><D111/><U94/><E133/><V103/><F64/><W3/><G3/><T60/><D60/><U43/><E132/><V130/><F63/><W83/><G6/><T116/><D116/><U16/><E67/><V38/><F61/><W76/><G17/><T54/><D54/><U62/><E62/><V81/><F38/><W52/><G52/><T75/><D75/><U44/><E53/><V120/><F130/><W11/><G41/><T79/><D79/><U104/><E51/><V57/><F78/><W65/><G65/><T91/><D91/><U55/><E43/><V1/><F77/><W30/><G76/><T87/><D87/><U126/><E126/><V134/><F120/><W125/><G74/><T88/><D88/><U124/><E124/><V56/><F134/><W135/><G125/><RYUUKYOKU ba="0,1" sc="191,30,309,-10,270,-10,220,-10" hai0="15,18,22,23,24,29,35,84,89,93,97,101,105" /><INIT seed="3,1,1,1,0,34" ten="221,299,260,210" oya="3" hai0="27,52,19,28,21,123,99,43,50,75,71,17,1" hai1="76,118,110,47,126,24,135,129,114,95,87,23,35" hai2="29,18,72,70,7,41,117,79,46,69,61,59,115" hai3="12,40,112,36,77,8,101,125,105,97,11,44,107"/><W106/><G112/><T94/><D123/><U121/><E35/><V13/><F115/><W128/><G128/><T134/><D75/><U51/><E114/><V39/><F117/><W85/><G125/><T30/><D71/><U32/><E32/><V80/><F29/><W73/><G73/><T104/><D104/><U22/><E129/><V58/><F58/><W31/><G31/><T116/><D116/><U90/><E121/><V15/><F15/><W65/><G65/><T111/><D111/><U93/><E110/><V3/><F13/><W84/><G8/><T122/><D122/><U120/><E120/><V37/><F18/><W108/><G108/><T127/><D127/><U4/><E126/><V9/><REACH who="2" step="1"/><F39/><REACH who="2" ten="221,299,250,210" step="2"/><W10/><G11/><T54/><D19/><U119/><E119/><V83/><F83/><W98/><G77/><T33/><D30/><U81/><E76/><V66/><AGARI ba="1,2" hai="3,7,9,37,41,46,59,61,66,69,70,72,79,80" machi="66" ten="20,12000,2" yaku="1,1,0,1,7,1,25,2,52,1,53,0" doraHai="34" doraHaiUra="14" who="2" fromWho="2" sc="221,-31,299,-31,250,143,210,-61" /><INIT seed="4,0,0,5,4,44" ten="190,268,393,149" oya="0" hai0="34,82,68,77,90,23,61,54,60,75,21,64,110" hai1="89,115,97,69,3,98,135,48,76,84,27,11,33" hai2="95,15,35,59,105,66,57,109,85,63,45,49,73" hai3="99,96,26,38,80,30,37,53,20,122,130,19,55"/><T121/><D121/><U108/><E108/><V88/><F109/><W132/><G122/><T104/><D34/><U10/><E69/><V58/><F73/><W9/><G132/><T40/><D110/><U106/><E135/><V125/><F125/><W124/><G124/><T78/><D104/><U51/><E3/><V112/><F112/><W17/><G130/><T79/><D40/><U126/><E126/><V70/><F105/><W36/><G80/><T87/><REACH who="0" step="1"/><D75/><REACH who="0" ten="180,268,393,149" step="2"/><U24/><E33/><V102/><F35/><W134/><G134/><T65/><D65/><U12/><E106/><V16/><F70/><W83/><G55/><T52/><D52/><U114/><E114/><V13/><F66/><W32/><G32/><T127/><D127/><U119/><E115/><V22/><F63/><W2/><G53/><T111/><D111/><U39/><E119/><V6/><F59/><AGARI ba="0,1" hai="21,23,54,59,60,61,64,68,77,78,79,82,87,90" machi="59" ten="40,2000,0" yaku="1,1,53,0" doraHai="44" doraHaiUra="0" who="0" fromWho="2" sc="180,30,268,0,393,-20,149,0" /><INIT seed="4,1,0,2,2,117" ten="210,268,373,149" oya="0" hai0="108,22,53,7,83,19,104,65,127,42,94,58,115" hai1="20,35,129,45,90,59,29,120,69,130,86,11,31" hai2="15,48,40,76,5,34,1,70,105,100,25,57,74" hai3="126,6,10,84,116,14,61,43,71,12,113,79,123"/><T96/><D115/><U33/><E69/><V54/><F70/><W77/><G113/><T91/><D127/><U38/><E11/><V81/><F1/><W110/><G110/><T114/><D114/><U44/><E59/><V67/><F67/><W99/><G116/><T46/><D7/><U64/><E64/><V122/><F40/><W0/><G71/><T125/><D125/><U18/><E44/><V134/><F100/><W47/><G61/><T60/><D83/><U119/><E119/><V26/><F105/><W87/><G99/><T82/><D82/><U118/><E45/><V8/><F34/><W103/><G103/><T16/><D104/><U68/><E38/><V93/><F122/><W28/><G28/><T121/><D108/><U52/><E120/><V88/><REACH who="2" step="1"/><F134/><REACH who="2" ten="210,268,363,149" step="2"/><W30/><G123/><T21/><D121/><U89/><E68/><V75/><F75/><W39/><G126/><T101/><D101/><U24/><E33/><V98/><AGARI ba="1,1" hai="5,8,15,25,26,48,54,57,74,76,81,88,93,98" machi="98" ten="20,5200,0" yaku="1,1,0,1,7,1,54,1,53,0" doraHai="117" doraHaiUra="128" who="2" fromWho="2" sc="210,-27,268,-14,363,65,149,-14" /><INIT seed="5,0,0,3,3,85" ten="183,254,428,135" oya="1" hai0="98,1,104,131,65,76,122,45,60,123,90,30,8" hai1="78,55,127,10,46,40,18,108,119,3,7,61,125" hai2="81,13,103,71,29,14,95,51,38,80,58,16,68" hai3="126,52,44,89,87,124,19,34,111,20,75,128,110"/><U121/><E119/><V43/><F29/><W116/><G75/><T97/><D131/><U47/><E121/><N who="0" m="46089" /><D76/><U22/><E108/><V113/><F38/><W56/><G44/><T120/><N who="0" m="46097" /><T96/><DORA hai="91" /><D30/><U11/><E11/><V57/><F68/><W129/><G34/><T99/><D45/><U73/><E55/><V133/><F71/><W118/><G110/><T106/><D8/><U23/><E61/><V0/><F0/><W105/><G105/><N who="0" m="40555" /><D1/><U32/><E47/><V39/><F39/><W26/><G111/><T109/><D109/><U50/><E32/><V114/><F43/><W66/><G66/><T102/><D102/><U94/><E78/><V5/><F103/><W54/><G118/><T41/><D41/><U37/><E37/><V100/><F100/><W53/><G116/><T88/><N who="0" m="24576" /><DORA hai="31" /><T101/><D101/><U130/><E130/><N who="3" m="50282" /><G56/><AGARI ba="0,0" hai="56,60,65,88,90" m="24576,40555,46097" machi="56" ten="60,8000,1" yaku="13,1,52,2,54,1" doraHai="85,91,31" who="0" fromWho="3" sc="183,80,254,0,428,0,135,-80" /><INIT seed="6,0,0,5,3,119" ten="263,254,428,55" oya="2" hai0="7,128,83,86,79,112,94,21,30,133,51,90,44" hai1="113,82,69,53,107,124,72,111,102,97,25,123,132" hai2="20,3,129,74,55,87,39,76,135,80,22,29,103" hai3="131,106,0,116,34,58,33,28,85,48,17,42,96"/><V40/><F3/><W78/><G116/><T71/><D71/><U118/><RYUUKYOKU type="yao9" ba="0,0" sc="263,0,254,0,428,0,55,0" hai1="25,53,69,72,82,97,102,107,111,113,118,123,124,132" /><INIT seed="6,1,0,3,4,103" ten="263,254,428,55" oya="2" hai0="61,90,115,42,37,43,116,88,3,24,23,112,85" hai1="29,11,62,75,35,91,77,6,119,106,130,5,84" hai2="99,45,118,120,48,2,12,25,117,59,124,55,51" hai3="28,123,125,56,60,108,39,22,71,68,63,20,32"/><V18/><F2/><W15/><G108/><T19/><D116/><U47/><E119/><V107/><F120/><W95/><G123/><T26/><D3/><U134/><E134/><V81/><F25/><W109/><G109/><T102/><D102/><U64/><E130/><V132/><F107/><W101/><G39/><T58/><D26/><U9/><E106/><V100/><F81/><W111/><G32/><T41/><D37/><U16/><E35/><V78/><F78/><W30/><G111/><T73/><D73/><U97/><E97/><V54/><F124/><W4/><G4/><T133/><D133/><U70/><E29/><V33/><F33/><W17/><G125/><T89/><REACH who="0" step="1"/><D85/><REACH who="0" ten="253,254,428,55" step="2"/><U131/><E75/><V57/><F100/><W121/><G101/><T65/><AGARI ba="1,1" hai="19,23,24,41,42,43,58,61,65,88,89,90,112,115" machi="65" ten="40,8000,1" yaku="1,1,2,1,0,1,54,1,53,1" doraHai="103" doraHaiUra="52" who="0" fromWho="0" sc="253,93,254,-21,428,-41,55,-21" /><INIT seed="7,0,0,2,1,108" ten="346,233,387,34" oya="3" hai0="11,123,3,125,103,130,17,85,93,70,64,6,60" hai1="106,112,69,82,68,72,58,63,90,76,53,101,38" hai2="117,75,128,94,92,20,25,62,80,19,22,124,48" hai3="4,129,31,26,115,36,1,28,114,13,34,49,18"/><W50/><G36/><T0/><D123/><U51/><E112/><N who="3" m="43050" /><G31/><T78/><D125/><U132/><E132/><V87/><F117/><W97/><G129/><T71/><D17/><U96/><E38/><V21/><F124/><W66/><G66/><T107/><D107/><U23/><E23/><N who="2" m="13567" /><F75/><W47/><G97/><T27/><D27/><U113/><E113/><V88/><F128/><W134/><G134/><T39/><D39/><U37/><E37/><V84/><F62/><W111/><G111/><T33/><D33/><U105/><E105/><V44/><F84/><W122/><G122/><T116/><D116/><U127/><E127/><V57/><F57/><W52/><G49/><T119/><D64/><U98/><E51/><V120/><F120/><W41/><G1/><T9/><D3/><U61/><E61/><V54/><AGARI ba="0,0" hai="20,21,22,44,48,54,80,87,88,92,94" m="13567" machi="54" ten="30,2000,0" yaku="8,1,54,1" doraHai="108" who="2" fromWho="2" sc="346,-5,233,-5,387,20,34,-10" owari="341,14.1,228,-17.2,407,50.7,24,-47.6" /></mjloggm>