<mjloggm ver="2.3"><GO type="169" lobby="0"/><UN n0="%E3%82%A4%E3%82%AB%E3%81%AB%E3%82%82%E6%9D%B1%E5%8C%97" n1="%E9%9B%A8%E6%9C%88%E3%81%A4%E3%82%86" n2="%E5%90%89%E7%A5%A5%E5%AF%BA%4B%47" n3="%E8%82%89%E5%9B%A3%E5%AD%90%E5%85%88%E7%94%9F" dan="17,16,17,16" rate="2187.90,2114.47,2138.11,2075.37" sx="M,M,F,M"/><TAIKYOKU oya="0"/><INIT seed="0,0,0,4,1,87" ten="250,250,250,250" oya="0" hai0="46,50,71,121,57,10,40,18,30,109,81,0,131" hai1="62,58,64,52,5,7,117,33,44,102,1,127,108" hai2="19,90,41,110,37,43,98,2,114,21,79,67,12" hai3="49,69,36,83,77,60,20,66,13,51,27,8,31"/><T4/><D121/><U9/><E117/><V65/><F114/><W128/><G36/><T105/><D71/><U100/><E33/><V93/><F110/><W68/><G68/><T84/><D105/><U132/><E108/><V55/><F2/><W94/><G94/><T92/><D109/><U116/><E116/><V24/><F79/><W88/><G128/><T99/><D131/><U26/><E132/><V17/><F55/><W82/><G82/><T72/><D30/><U35/><E7/><V89/><F37/><W107/><G107/><T103/><D18/><U63/><E127/><V122/><F90/><W14/><G14/><T22/><D22/><U15/><E1/><V118/><F122/><W6/><REACH who="3" step="1"/><G88/><REACH who="3" ten="250,250,250,240" step="2"/><T120/><D120/><U133/><E133/><V3/><F3/><W135/><G135/><T95/><D95/><U53/><E100/><V126/><F118/><W123/><G123/><T16/><D81/><U28/><E102/><V47/><F126/><W73/><AGARI ba="0,1" hai="6,8,13,20,27,31,49,51,60,66,69,73,77,83" machi="73" ten="20,5200,0" yaku="1,1,0,1,7,1,53,1" doraHai="87" doraHaiUra="61" who="3" fromWho="3" sc="250,-26,250,-13,250,-13,240,62" /><INIT seed="1,0,0,4,0,104" ten="224,237,237,302" oya="1" hai0="71,133,45,10,0,35,70,31,38,92,118,33,98" hai1="132,53,96,122,47,113,51,40,29,69,131,27,82" hai2="124,91,106,79,49,67,134,120,125,103,72,80,26" hai3="2,5,57,46,105,119,41,127,112,11,30,3,65"/><U36/><E113/><V19/><F67/><W4/><G112/><T66/><D118/><U55/><E122/><V21/><F120/><W22/><G105/><T64/><D64/><U39/><E131/><V63/><F63/><W58/><G127/><T117/><D117/><U126/><E126/><V88/><F134/><W83/><G83/><T20/><D133/><U59/><E132/><V18/><F124/><W54/><G65/><T109/><D109/><U115/><E115/><V110/><F110/><W135/><G135/><T12/><D45/><U17/><E69/><V14/><F125/><W9/><G119/><T13/><D38/><U7/><E7/><V84/><F49/><W8/><G8/><T108/><D13/><U23/><E55/><V111/><F111/><W73/><G73/><T77/><D77/><U107/><E82/><V48/><F48/><W130/><G130/><T24/><D35/><U78/><E78/><V90/><F103/><W28/><G22/><T129/><D66/><U81/><E81/><V102/><F102/><W42/><G54/><T34/><D33/><U56/><E56/><V100/><F100/><W60/><G60/><T121/><D121/><U32/><E39/><V1/><F106/><W44/><AGARI ba="0,0" hai="2,3,4,5,9,11,28,30,41,42,44,46,57,58" machi="44" ten="25,3200,0" yaku="0,1,22,2" doraHai="104" who="3" fromWho="3" sc="224,-8,237,-16,237,-8,302,32" /><INIT seed="2,0,0,2,1,75" ten="216,221,229,334" oya="2" hai0="109,88,39,110,30,124,4,87,21,117,8,97,69" hai1="123,12,35,73,71,44,37,50,130,108,3,33,53" hai2="16,132,72,78,51,24,66,119,121,57,125,107,31" hai3="95,128,105,126,46,93,43,135,115,98,55,134,6"/><V85/><F119/><W83/><G115/><T129/><D69/><U28/><E12/><V58/><F121/><W101/><G128/><T25/><D39/><U10/><E10/><V113/><F113/><W103/><G55/><T90/><D129/><U38/><E53/><V91/><F107/><W96/><G6/><T0/><D117/><U92/><E92/><V60/><F132/><N who="3" m="50731" /><G43/><T104/><D124/><U17/><E17/><V54/><F125/><W100/><G46/><T114/><D114/><U79/><E50/><V13/><F72/><W26/><G26/><T19/><D30/><U48/><E48/><V15/><F78/><W59/><G59/><T122/><D122/><U77/><E44/><V18/><F13/><W20/><G20/><T41/><D41/><U11/><E11/><V9/><F9/><W2/><G2/><T32/><D32/><U62/><E62/><V82/><REACH who="2" step="1"/><F15/><REACH who="2" ten="216,221,219,334" step="2"/><W56/><G126/><T111/><REACH who="0" step="1"/><D87/><REACH who="0" ten="206,221,219,334" step="2"/><U112/><E73/><V131/><F131/><W120/><G120/><T94/><D94/><U68/><E130/><V7/><F7/><W116/><G93/><T29/><D29/><U36/><E28/><V127/><F127/><W64/><G116/><T1/><D1/><U34/><E3/><V74/><F74/><W86/><G86/><T80/><D80/><U81/><E81/><V133/><F133/><W89/><G83/><T65/><D65/><U45/><E112/><V22/><AGARI ba="0,2" hai="16,18,22,24,31,51,54,57,58,60,66,82,85,91" machi="22" ten="20,18000,2" yaku="1,1,0,1,7,1,8,1,54,1,53,1" doraHai="75" doraHaiUra="49" who="2" fromWho="2" sc="206,-60,221,-60,219,200,334,-60" /><INIT seed="2,1,0,5,3,90" ten="146,161,419,274" oya="2" hai0="43,94,118,98,35,30,29,60,112,61,23,34,68" hai1="46,81,115,88,14,62,72,83,122,128,20,108,0" hai2="126,37,31,18,120,65,73,93,2,107,95,22,121" hai3="4,96,58,66,47,116,38,17,87,124,89,8,21"/><V51/><F37/><W78/><G116/><T57/><D112/><U106/><E0/><V133/><F107/><W50/><G38/><T69/><D118/><U5/><E108/><V39/><F39/><W1/><G78/><T49/><D49/><U110/><E110/><V33/><F73/><W113/><G96/><T41/><D57/><U54/><E106/><V135/><F2/><W11/><G124/><T70/><D23/><U131/><E72/><V74/><F74/><W28/><G28/><N who="0" m="10859" /><D98/><U134/><E134/><N who="2" m="51211" /><F65/><W67/><G58/><T75/><D75/><U25/><E115/><V24/><F51/><W86/><G8/><T102/><D102/><U48/><E122/><N who="2" m="47211" /><F126/><W97/><G113/><T119/><D119/><U77/><E77/><V92/><F18/><W59/><G66/><T71/><N who="0" m="17408" /><DORA hai="13" /><T3/><D3/><U103/><E103/><V63/><F63/><N who="0" m="24138" /><D94/><U19/><E19/><V129/><F22/><W36/><G21/><T53/><D53/><U127/><E62/><V9/><F9/><W123/><G11/><T117/><D117/><U80/><E127/><V12/><F12/><W91/><G123/><T64/><D64/><U111/><E20/><V109/><F109/><W40/><G67/><T84/><D84/><N who="1" m="50207" /><E111/><V16/><F16/><W76/><G17/><T10/><D10/><N who="1" m="4431" /><E25/><V45/><F45/><W114/><G47/><T15/><D15/><U6/><E6/><V132/><F132/><W32/><G4/><T85/><D85/><U100/><E100/><V99/><F99/><W55/><G97/><T104/><D104/><U79/><E79/><RYUUKYOKU ba="1,0" sc="146,10,161,10,419,10,274,-30" hai0="34,35,41,43" hai1="46,48,54,80,81,128,131" hai2="24,31,33,92,93,95,129" /><INIT seed="2,2,0,0,3,135" ten="156,171,429,244" oya="2" hai0="62,128,56,61,15,16,53,67,13,22,127,123,118" hai1="39,92,114,133,94,95,85,38,55,10,81,108,36" hai2="27,28,20,90,17,121,68,0,117,115,71,89,29" hai3="5,24,43,98,119,75,122,12,91,134,77,120,21"/><V83/><F115/><W1/><G119/><T124/><D123/><U105/><E114/><V97/><F117/><W25/><G134/><T100/><D118/><U14/><E133/><V9/><F121/><W116/><G116/><T109/><D109/><U50/><E105/><V86/><F71/><W4/><G43/><T7/><D128/><U87/><E108/><V52/><F68/><W125/><G77/><T59/><REACH who="0" step="1"/><D100/><REACH who="0" ten="146,171,429,244" step="2"/><U103/><E103/><V30/><F0/><W130/><G1/><T46/><D46/><U26/><E81/><V80/><F80/><W41/><G130/><T93/><D93/><U40/><E40/><V34/><F34/><W113/><G41/><T101/><D101/><U76/><E76/><V84/><F90/><W65/><G91/><T35/><D35/><U107/><E107/><V72/><F83/><W79/><G79/><T37/><D37/><U2/><E2/><V96/><F89/><W74/><G113/><T131/><D131/><U51/><E39/><V106/><F106/><W63/><G120/><T69/><D69/><U44/><E44/><V70/><F70/><W31/><G122/><T32/><D32/><U132/><E132/><V126/><F72/><W47/><G74/><T23/><D23/><U112/><E92/><V3/><F20/><W33/><G21/><T82/><D82/><U6/><E112/><V19/><F3/><W18/><G33/><T64/><D64/><U99/><E94/><V102/><F102/><W73/><G65/><T111/><D111/><U129/><E95/><V88/><F88/><W78/><G73/><RYUUKYOKU ba="2,1" sc="146,30,171,-10,429,-10,244,-10" hai0="7,13,15,16,22,53,56,59,61,62,67,124,127" /><INIT seed="3,3,1,2,2,35" ten="176,161,419,234" oya="3" hai0="55,103,84,39,64,34,83,67,40,25,7,62,92" hai1="96,91,90,5,74,82,124,126,130,0,100,28,72" hai2="59,14,11,32,99,97,27,120,118,125,102,73,105" hai3="79,44,81,42,50,1,16,56,85,17,111,3,121"/><W46/><G121/><T48/><D7/><U86/><E28/><V37/><F120/><W30/><G30/><T114/><D114/><U119/><E130/><V22/><F118/><W9/><G56/><T108/><D108/><U26/><E26/><V131/><F32/><W70/><G70/><T134/><D134/><U76/><E5/><V80/><F37/><W106/><G106/><T21/><D34/><U94/><E119/><V98/><F125/><N who="1" m="48233" /><E0/><V33/><F33/><W89/><G111/><T77/><D39/><U60/><E60/><V41/><F41/><W122/><G122/><T10/><D10/><U78/><E91/><V23/><F23/><W117/><G117/><T24/><D40/><U116/><E116/><V63/><F131/><W12/><G17/><N who="0" m="12335" /><D25/><U61/><E61/><V58/><F22/><W87/><REACH who="3" step="1"/><G46/><REACH who="3" ten="176,161,419,224" step="2"/><N who="0" m="28055" /><D62/><U107/><E76/><V19/><F63/><W31/><G31/><T29/><D29/><U88/><E90/><V38/><F19/><W71/><G71/><T47/><D47/><U15/><E15/><V75/><F14/><W132/><G132/><T36/><D77/><U127/><E127/><V6/><F59/><W49/><G49/><T18/><D18/><U45/><E45/><V53/><F58/><W93/><AGARI ba="3,2" hai="1,3,9,12,16,42,44,50,79,81,85,87,89,93" machi="93" ten="20,18000,2" yaku="1,1,0,1,7,1,52,2,54,1,53,0" doraHai="35" doraHaiUra="69" who="3" fromWho="3" sc="176,-63,161,-63,419,-63,224,209" /><INIT seed="3,4,0,0,0,41" ten="113,98,356,433" oya="3" hai0="74,14,3,34,110,84,60,98,114,71,20,80,47" hai1="59,57,134,81,118,45,102,111,12,122,7,52,100" hai2="67,54,28,44,106,32,126,85,76,29,50,97,125" hai3="87,77,86,11,51,130,124,119,92,19,62,120,135"/><W101/><G120/><T53/><D34/><U117/><E122/><V16/><F67/><W108/><G119/><N who="1" m="45578" /><E111/><V66/><F66/><W5/><G108/><T131/><D110/><U132/><E81/><N who="2" m="47271" /><F32/><W113/><G19/><T133/><D3/><U21/><E100/><N who="2" m="62735" /><F16/><W4/><G62/><T75/><D131/><U25/><E102/><V70/><F70/><W10/><G130/><T121/><D133/><N who="1" m="51307" /><E12/><V96/><F96/><W78/><G10/><T8/><D98/><U94/><E94/><V65/><F65/><W89/><G92/><T48/><D121/><U43/><E7/><V49/><F49/><W61/><G51/><T39/><D48/><N who="1" m="28687" /><E43/><V55/><F28/><AGARI ba="4,0" hai="21,25,28,57,59" m="28687,51307,45578" machi="28" ten="30,7700,0" yaku="12,1,20,1,52,1,54,1" doraHai="41" who="1" fromWho="2" sc="113,0,98,89,356,-89,433,0" /><INIT seed="4,0,0,2,2,109" ten="113,187,267,433" oya="0" hai0="133,86,41,90,91,93,13,1,115,70,34,59,129" hai1="74,88,69,52,28,22,102,83,42,48,68,101,10" hai2="20,64,54,100,44,80,14,62,130,105,2,40,24" hai3="0,97,113,45,27,106,75,19,38,124,57,78,132"/><T76/><D1/><U72/><E42/><V47/><F2/><W39/><G132/><T112/><D70/><U89/><E68/><V117/><F130/><W8/><G38/><T30/><D129/><U6/><E69/><V67/><F117/><W79/><G57/><T135/><D41/><U46/><E74/><V43/><F80/><W123/><G79/><T12/><D76/><U50/><E72/><V35/><F35/><W51/><G39/><T31/><D59/><U119/><E50/><V5/><F100/><N who="1" m="38505" /><E83/><V71/><F67/><W33/><G106/><T66/><D66/><U55/><E55/><V118/><F118/><W121/><G75/><T81/><D34/><U77/><E77/><V92/><F92/><W23/><G78/><T18/><D31/><U128/><E128/><V63/><F105/><W3/><G0/><T61/><D30/><U29/><E119/><V122/><F122/><W125/><G3/><T127/><D127/><U21/><E28/><V17/><F63/><W11/><G123/><T110/><D61/><U94/><E29/><V16/><F47/><W99/><G45/><T108/><D18/><U36/><E36/><V9/><F17/><W116/><G33/><T4/><D4/><U84/><E89/><V85/><F54/><W120/><G121/><T65/><D65/><U111/><E111/><N who="0" m="42537" /><D90/><U134/><E134/><N who="0" m="51209" /><D81/><U126/><E126/><V103/><F103/><W32/><G120/><T49/><D49/><U87/><E87/><V104/><F104/><W58/><G125/><T96/><D86/><U98/><E84/><V26/><F85/><RYUUKYOKU ba="0,0" sc="113,15,187,15,267,-15,433,-15" hai0="12,13,91,93,96,112,115" hai1="6,10,21,22,46,48,52,88,94,98" /><INIT seed="4,1,0,4,1,115" ten="128,202,252,418" oya="0" hai0="51,24,129,34,104,48,116,4,88,11,42,20,41" hai1="46,69,1,105,103,30,99,62,74,5,119,131,39" hai2="44,75,38,89,87,57,82,28,3,114,84,12,76" hai3="53,7,132,52,22,123,33,27,83,17,118,108,124"/><T86/><D104/><U43/><E131/><V56/><F3/><W96/><G108/><T45/><D34/><U9/><E30/><V60/><F114/><W77/><G132/><T65/><D129/><U67/><REACH who="1" step="1"/><E74/><REACH who="1" ten="128,192,252,418" step="2"/><V21/><F75/><W70/><G123/><T64/><D116/><AGARI ba="1,1" hai="1,5,9,39,43,46,62,67,69,99,103,105,116,119" machi="116" ten="40,12000,2" yaku="1,1,2,1,23,2,52,2,53,1" doraHai="115" doraHaiUra="93" who="1" fromWho="0" sc="128,-123,192,133,252,0,418,0" /><INIT seed="5,0,0,5,2,49" ten="5,325,252,418" oya="1" hai0="130,132,75,3,107,15,56,76,19,20,126,115,72" hai1="71,91,30,123,68,9,18,127,4,105,93,48,40" hai2="5,31,26,78,24,21,74,63,28,124,65,131,37" hai3="88,135,44,118,84,38,23,25,70,1,98,82,121"/><U117/><E127/><V90/><F124/><W0/><G121/><T128/><D76/><U32/><E117/><V35/><F37/><W2/><G70/><T41/><D41/><U43/><E105/><V94/><F131/><W109/><G109/><T92/><D92/><U111/><E123/><V89/><F5/><W87/><G135/><T54/><D126/><U42/><E48/><V29/><F29/><W119/><G98/><T80/><D107/><U122/><E122/><V50/><F94/><W104/><G104/><T33/><D33/><U14/><E111/><V60/><F60/><W108/><G108/><T95/><D3/><U45/><E45/><V77/><F77/><W97/><G38/><T112/><D95/><U83/><E83/><V134/><F134/><W51/><G97/><T47/><D47/><U62/><E62/><V102/><F102/><W133/><G84/><T67/><D67/><U110/><E110/><V10/><F10/><W81/><G81/><T120/><D120/><U69/><E30/><V27/><F78/><W34/><G34/><T100/><D100/><U8/><E32/><V53/><F74/><N who="0" m="28202" /><D80/><U64/><E64/><V58/><REACH who="2" step="1"/><F27/><REACH who="2" ten="5,325,242,418" step="2"/><W17/><G133/><T16/><D132/><U113/><E113/><N who="0" m="43593" /><D19/><U55/><E93/><V116/><F116/><N who="3" m="44587" /><G0/><T114/><N who="0" m="43601" /><T101/><DORA hai="6" /><D101/><U61/><E91/><V11/><F11/><W57/><G1/><T13/><D13/><U59/><REACH who="1" step="1"/><E9/><REACH who="1" ten="5,315,242,418" step="2"/><V46/><AGARI ba="0,2" hai="21,24,26,28,31,35,46,50,53,58,63,65,89,90" machi="46" ten="20,5200,0" yaku="1,1,0,1,7,1,52,1,53,0" doraHai="49,6" doraHaiUra="73,36" who="2" fromWho="2" sc="5,-13,315,-26,242,72,418,-13" owari="-8,-50.8,289,-11.1,314,11.4,405,50.5" /></mjloggm>