<mjloggm ver="2.3"><GO type="169" lobby="0"/><UN n0="%E8%8A%B1%E9%81%93%E6%A1%9C%E6%9C%A8" n1="%73%61%6E%64%69%72%69%73" n2="%E5%A0%B4%E6%B3%81%E5%8E%A8" n3="%E6%9C%A8%E5%8E%9F%E8%B1%AA%E4%B8%80" dan="16,17,17,17" rate="2142.83,2170.20,2193.17,2133.67" sx="M,M,F,M"/><TAIKYOKU oya="0"/><INIT seed="0,0,0,3,2,17" ten="250,250,250,250" oya="0" hai0="0,90,119,43,60,121,64,132,113,133,126,120,107" hai1="62,87,49,19,57,89,32,31,46,105,63,6,52" hai2="116,80,25,5,125,109,111,59,135,40,16,20,30" hai3="4,15,48,117,128,79,65,99,97,39,85,53,54"/><T134/><D0/><U102/><E6/><V61/><F135/><W22/><G39/><T71/><D107/><U2/><E2/><V115/><F115/><W44/><G117/><T81/><D113/><U24/><E102/><V108/><F116/><W11/><G128/><T68/><D119/><U92/><E105/><V131/><F131/><W36/><G36/><T29/><D29/><U55/><REACH who="1" step="1"/><E19/><REACH who="1" ten="250,240,250,250" step="2"/><V41/><F5/><W14/><G65/><T45/><D126/><U98/><E98/><V1/><F1/><W72/><G99/><T13/><D71/><U69/><E69/><V23/><F125/><W12/><G97/><T3/><D3/><U124/><E124/><V21/><F80/><W35/><G4/><T84/><REACH who="0" step="1"/><D13/><REACH who="0" ten="240,240,250,250" step="2"/><U101/><E101/><V70/><F70/><W78/><G14/><T96/><D96/><U122/><E122/><V95/><F111/><W10/><G15/><T104/><D104/><U114/><E114/><V86/><F109/><W27/><G12/><T106/><D106/><U129/><E129/><V75/><F108/><W93/><G10/><T56/><D56/><U47/><E47/><V33/><F16/><W38/><G44/><T123/><D123/><U67/><E67/><V112/><F112/><W74/><G11/><T94/><D94/><U34/><E34/><V26/><F33/><W127/><G127/><T118/><D118/><U130/><E130/><V28/><F95/><W18/><G93/><T37/><AGARI ba="0,2" hai="37,43,45,60,64,68,81,84,90,120,121,132,133,134" machi="37" ten="30,6000,0" yaku="1,1,0,1,20,1,53,0" doraHai="17" doraHaiUra="8" who="0" fromWho="0" sc="240,80,240,-20,250,-20,250,-20" /><INIT seed="0,1,0,0,4,18" ten="320,220,230,230" oya="0" hai0="7,22,60,35,125,27,46,126,53,74,103,122,23" hai1="111,45,66,71,26,92,25,8,113,72,16,81,94" hai2="64,114,123,98,124,61,21,12,65,17,43,3,110" hai3="130,5,107,50,73,55,79,44,48,116,87,51,119"/><T67/><D122/><U95/><E111/><V52/><F123/><W2/><G107/><T57/><D74/><U41/><E113/><V96/><F3/><W106/><G106/><T131/><D103/><U75/><E66/><N who="2" m="25707" /><F114/><W40/><G87/><T10/><D131/><U4/><E71/><V1/><F1/><W49/><G130/><T77/><D77/><U0/><E81/><V104/><F104/><W135/><G135/><T11/><D35/><U89/><E89/><V117/><F110/><W76/><G76/><T112/><D112/><U134/><E134/><V29/><F124/><N who="0" m="47722" /><D27/><U28/><E26/><N who="2" m="16591" /><F43/><W20/><G79/><T6/><D46/><U33/><REACH who="1" step="1"/><E16/><REACH who="1" ten="320,210,230,230" step="2"/><V34/><F117/><W54/><G119/><T86/><D67/><U32/><E32/><V120/><F34/><W80/><G116/><T105/><D7/><U62/><E62/><V30/><F120/><W78/><G5/><T127/><D127/><U19/><E19/><V97/><F30/><W133/><G133/><T99/><D6/><U91/><E91/><V128/><F128/><W56/><G80/><T47/><D60/><U109/><E109/><V93/><F93/><W108/><G78/><T68/><D68/><U132/><E132/><V115/><F115/><W63/><G108/><T90/><D105/><U69/><E69/><V88/><F88/><W85/><G73/><T70/><D90/><U102/><E102/><V38/><F61/><W121/><G121/><T31/><D31/><U82/><E82/><V15/><F17/><W101/><G63/><N who="0" m="36271" /><D70/><U129/><E129/><V59/><F98/><RYUUKYOKU ba="1,1" sc="320,-10,210,30,230,-10,230,-10" hai1="0,4,8,25,28,33,41,45,72,75,92,94,95" /><INIT seed="1,2,1,0,3,128" ten="310,240,220,220" oya="1" hai0="68,120,108,4,22,69,124,11,2,30,28,45,89" hai1="95,114,48,65,118,67,135,96,117,56,27,31,60" hai2="13,98,104,78,77,5,10,100,50,131,15,16,91" hai3="127,122,46,82,105,49,66,107,86,94,84,53,47"/><U0/><E114/><V38/><F38/><W63/><G127/><T110/><D124/><U8/><E67/><V39/><F39/><W116/><G122/><T14/><D120/><U103/><E135/><V99/><F131/><W44/><G116/><T115/><D115/><U61/><E61/><V55/><F91/><W57/><G94/><T81/><D30/><U123/><E123/><V85/><F85/><W113/><G113/><T106/><D106/><U70/><E70/><V6/><F98/><W1/><G1/><T59/><D59/><U111/><E111/><N who="0" m="42537" /><D45/><U34/><REACH who="1" step="1"/><E48/><REACH who="1" ten="310,230,220,220" step="2"/><V64/><F64/><W29/><G66/><T101/><D69/><U35/><E35/><V58/><REACH who="2" step="1"/><F5/><AGARI ba="2,2" hai="0,5,8,27,31,34,56,60,65,95,96,103,117,118" machi="5" ten="40,2000,0" yaku="1,1,53,0" doraHai="128" doraHaiUra="79" who="1" fromWho="2" sc="310,0,230,46,220,-26,220,0" /><INIT seed="1,3,0,0,4,111" ten="310,276,194,220" oya="1" hai0="55,113,123,102,12,26,37,36,128,126,16,32,86" hai1="71,60,0,96,107,122,72,109,40,84,78,97,90" hai2="52,83,100,39,69,73,66,134,88,50,33,15,2" hai3="48,29,93,51,23,127,82,49,30,89,63,81,46"/><U135/><E0/><V74/><F2/><W6/><G127/><T59/><D126/><U70/><E122/><V85/><F33/><W117/><G117/><T58/><D123/><U75/><E40/><V53/><F39/><W106/><G106/><T133/><D133/><U65/><E135/><V3/><F3/><W4/><G46/><T130/><D102/><U91/><E109/><V24/><F134/><W79/><G63/><T21/><D113/><U9/><E71/><V41/><F41/><W87/><G82/><T114/><D114/><U76/><E9/><V17/><F24/><W56/><G56/><T8/><D32/><U31/><E31/><N who="3" m="11786" /><G23/><T108/><D86/><AGARI ba="3,0" hai="4,6,48,49,51,79,81,86,87,89,93" m="11786" machi="86" ten="30,1000,0" yaku="8,1" doraHai="111" who="3" fromWho="0" sc="310,-19,276,0,194,0,220,19" /><INIT seed="2,0,0,4,2,56" ten="291,276,194,239" oya="2" hai0="119,121,113,15,120,74,57,41,58,54,37,135,30" hai1="10,31,62,78,129,106,124,66,67,46,12,72,32" hai2="111,130,134,8,49,81,17,5,65,94,39,34,84" hai3="82,128,64,43,100,44,3,96,104,50,14,51,76"/><V133/><F39/><W101/><G128/><T52/><D74/><U105/><E129/><V117/><F130/><W47/><G3/><T69/><D30/><U48/><E124/><V53/><F117/><W26/><G101/><T91/><D113/><U45/><E67/><V73/><F34/><W109/><G109/><T89/><D69/><U7/><E46/><V0/><F111/><W1/><G1/><T20/><D37/><U85/><E72/><V35/><F35/><W107/><G26/><T87/><D41/><N who="1" m="24623" /><E31/><V95/><F65/><W40/><G14/><T29/><D135/><N who="2" m="51722" /><F17/><W88/><G64/><T99/><D119/><U110/><E32/><V4/><F4/><W79/><REACH who="3" step="1"/><G104/><REACH who="3" ten="291,276,194,229" step="2"/><T68/><D15/><U116/><E110/><V24/><F24/><W59/><G59/><T114/><D58/><N who="1" m="37207" /><E116/><V131/><F131/><W13/><G13/><T122/><D57/><U55/><E55/><V83/><F53/><W97/><G97/><T77/><D99/><U11/><E11/><V126/><F126/><W28/><G28/><T16/><D29/><U80/><AGARI ba="0,1" hai="7,10,12,78,80,85,105,106" m="37207,24623" machi="80" ten="30,2000,0" yaku="25,1,52,1" doraHai="56" who="1" fromWho="1" sc="291,-5,276,30,194,-10,229,-5" /><INIT seed="3,0,0,3,5,126" ten="286,306,184,224" oya="3" hai0="130,104,119,96,0,7,85,10,12,31,116,107,50" hai1="121,19,47,112,27,18,78,128,63,108,103,35,111" hai2="133,86,8,132,64,54,120,131,56,3,118,98,113" hai3="99,29,5,125,80,67,70,95,90,16,51,73,68"/><W93/><G125/><T84/><D31/><N who="1" m="19967" /><E47/><V22/><F118/><W89/><G5/><T106/><D96/><U117/><E63/><V36/><F36/><W75/><G29/><T81/><D85/><U14/><E78/><V115/><F120/><W34/><G34/><T74/><D74/><U38/><E103/><V59/><F22/><W17/><G51/><T30/><D30/><U77/><E77/><V39/><F39/><W15/><G15/><T71/><D71/><U58/><E58/><V28/><F28/><W82/><G99/><T32/><D32/><U45/><E45/><V102/><F86/><W2/><G2/><T55/><D0/><U23/><E38/><V92/><F8/><W134/><G134/><N who="2" m="51817" /><F3/><W9/><G9/><T87/><D87/><U76/><E76/><V6/><F6/><W11/><G11/><T13/><D13/><N who="1" m="9679" /><E112/><N who="2" m="43083" /><F64/><AGARI ba="0,0" hai="16,17,64,67,68,70,73,75,80,82,89,90,93,95" machi="64" ten="25,4800,0" yaku="22,2,54,1" doraHai="126" who="3" fromWho="2" sc="286,0,306,0,184,-48,224,48" /><INIT seed="3,1,0,1,5,71" ten="286,306,136,272" oya="3" hai0="18,1,42,9,95,87,40,89,133,0,110,81,124" hai1="114,2,51,61,52,109,130,11,57,60,100,43,117" hai2="131,50,20,53,80,108,72,21,127,54,15,59,91" hai3="85,90,37,3,64,93,30,39,68,134,45,26,92"/><W22/><G3/><T27/><D110/><U36/><E114/><V99/><F108/><W66/><G134/><T83/><D133/><U74/><E109/><V98/><F131/><W96/><G45/><T34/><D124/><U132/><E100/><V104/><F127/><W12/><G12/><T86/><D34/><U17/><E132/><V29/><F104/><W5/><G5/><T32/><D32/><U6/><E130/><V63/><F72/><W77/><G77/><T4/><D1/><U102/><E117/><V115/><F115/><W103/><REACH who="3" step="1"/><G66/><REACH who="3" ten="286,306,136,262" step="2"/><T31/><D0/><U97/><E6/><V73/><F15/><W129/><G129/><T113/><D4/><U10/><E2/><V8/><F8/><W13/><G13/><T107/><D9/><U120/><E10/><V24/><F73/><W122/><G122/><T14/><D14/><U126/><E74/><V78/><F78/><W76/><G76/><T55/><D113/><U111/><E120/><V56/><F20/><W79/><G79/><T84/><D27/><U70/><E11/><V116/><F116/><W58/><G58/><T33/><D33/><U118/><E57/><V94/><REACH who="2" step="1"/><F80/><REACH who="2" ten="286,306,126,262" step="2"/><W38/><G38/><T47/><D83/><U44/><E36/><V88/><F88/><W46/><G46/><T25/><D81/><U35/><E118/><V67/><F67/><W106/><G106/><T49/><D107/><U135/><E135/><V41/><F41/><W101/><G101/><T121/><D42/><U82/><E43/><V7/><F7/><W75/><G75/><T16/><D40/><RYUUKYOKU ba="1,2" sc="286,-15,306,-15,126,15,262,15" hai2="21,24,29,50,53,54,56,59,63,91,94,98,99" hai3="22,26,30,37,39,64,68,85,90,92,93,96,103" /><INIT seed="3,2,2,4,0,70" ten="271,291,141,277" oya="3" hai0="128,75,21,103,63,61,66,111,124,99,131,72,134" hai1="19,32,94,57,8,30,60,117,82,119,100,135,26" hai2="79,96,55,122,89,123,84,2,41,86,129,106,10" hai3="69,35,126,1,5,28,22,91,93,37,50,3,73"/><W59/><G69/><T87/><D111/><U107/><E135/><V114/><F55/><W27/><G73/><T18/><D134/><U71/><E82/><N who="2" m="47199" /><F41/><W7/><G37/><T15/><D124/><U31/><E31/><V112/><F10/><W90/><G126/><T43/><D43/><U130/><E130/><N who="0" m="49705" /><D87/><U65/><E94/><N who="2" m="54583" /><F2/><W83/><G35/><T34/><D34/><U36/><E57/><V39/><F39/><W81/><G91/><T95/><D63/><U133/><E133/><V109/><F109/><W115/><G115/><N who="2" m="44073" /><F129/><W116/><G3/><T9/><D21/><U44/><E19/><V6/><F6/><N who="3" m="2059" /><G1/><T102/><D102/><AGARI ba="2,2" hai="96,102,106,122,123" m="44073,54583,47199" machi="102" ten="30,2000,0" yaku="34,2" doraHai="70" who="2" fromWho="0" sc="271,-26,291,0,141,46,277,0" /><INIT seed="4,0,0,0,2,126" ten="245,291,187,277" oya="0" hai0="77,113,111,120,67,130,68,115,99,76,98,46,117" hai1="32,33,87,94,34,27,116,35,20,57,2,7,73" hai2="36,85,42,59,6,21,133,64,89,107,103,121,53" hai3="12,29,71,72,0,38,15,112,88,110,106,135,131"/><T17/><D117/><U47/><E73/><V39/><F121/><W43/><RYUUKYOKU type="yao9" ba="0,0" sc="245,0,291,0,187,0,277,0" hai3="0,12,15,29,38,43,71,72,88,106,110,112,131,135" /><INIT seed="4,1,0,2,5,63" ten="245,291,187,277" oya="0" hai0="11,30,114,67,17,101,73,95,102,64,54,33,60" hai1="15,13,99,84,32,45,58,76,42,43,117,123,68" hai2="96,18,74,5,132,72,57,23,6,125,2,47,21" hai3="122,98,127,46,107,113,110,27,120,100,0,36,82"/><T106/><D73/><U48/><E123/><V112/><F112/><W65/><G110/><T14/><D106/><U119/><E32/><V44/><F132/><W9/><G27/><T80/><D114/><U70/><E99/><V134/><F134/><W85/><G113/><T20/><D33/><U75/><E75/><V16/><F57/><W35/><G35/><T126/><D126/><U81/><E43/><V103/><F96/><W34/><G34/><T135/><D135/><U108/><E108/><V3/><REACH who="2" step="1"/><F103/><REACH who="2" ten="245,291,177,277" step="2"/><W124/><G98/><N who="0" m="59615" /><D102/><U92/><E58/><V131/><F131/><W97/><G97/><T4/><D30/><U12/><REACH who="1" step="1"/><E92/><REACH who="1" ten="245,281,177,277" step="2"/><V129/><F129/><W22/><G100/><T41/><D80/><U8/><E8/><V50/><F50/><W118/><G82/><T91/><D11/><U87/><E87/><V77/><F77/><W28/><G9/><T1/><D91/><U109/><E109/><V7/><F7/><W83/><G83/><T39/><D4/><U130/><E130/><V93/><F93/><W111/><G111/><T62/><D39/><U61/><E61/><V24/><F24/><W29/><G36/><T25/><D25/><U66/><E66/><V31/><F31/><W49/><G29/><T79/><D79/><U115/><E115/><V56/><F56/><W89/><G65/><T52/><D64/><U104/><E104/><V121/><F121/><W10/><G107/><T19/><D67/><U105/><E105/><V88/><F88/><W40/><G122/><T59/><D59/><U94/><E94/><V90/><F90/><RYUUKYOKU ba="1,2" sc="245,-15,281,15,177,15,277,-15" hai1="12,13,15,42,45,48,68,70,76,81,84,117,119" hai2="2,3,5,6,16,18,21,23,44,47,72,74,125" /><INIT seed="5,2,2,5,5,135" ten="230,296,192,262" oya="1" hai0="98,23,4,70,130,14,85,27,84,77,95,44,64" hai1="123,48,19,110,66,120,80,54,15,79,5,61,131" hai2="78,122,111,51,96,128,114,16,87,26,90,37,8" hai3="36,83,11,117,129,108,68,88,42,89,10,18,28"/><U41/><E131/><V75/><F122/><W40/><G108/><T39/><D130/><U118/><E118/><V69/><F128/><W107/><G107/><T35/><D35/><U103/><E103/><V125/><F37/><W29/><G68/><T119/><D119/><U32/><E32/><V99/><F69/><W63/><G36/><T2/><D2/><U47/><E110/><V113/><F111/><W43/><G129/><T116/><D64/><U134/><E134/><V109/><F109/><W91/><G117/><T3/><D3/><U132/><E54/><V62/><F62/><W73/><G73/><T9/><D77/><U97/><E97/><V102/><F78/><W112/><G112/><N who="2" m="43113" /><F75/><W121/><G83/><T21/><D70/><U115/><E115/><V105/><F96/><W126/><G126/><T67/><D67/><U38/><E5/><V100/><F102/><W34/><G34/><T1/><D39/><U57/><E38/><V6/><F51/><W7/><G63/><T17/><D98/><U24/><E24/><V65/><F65/><W45/><G121/><T13/><D85/><U92/><E92/><N who="2" m="54367" /><F125/><W127/><G127/><T56/><D27/><U60/><E60/><V55/><F55/><W76/><G43/><T94/><D84/><N who="1" m="48159" /><E132/><V72/><F72/><W33/><G42/><T0/><D116/><U25/><E25/><V93/><F105/><W53/><G40/><T31/><D95/><U82/><E82/><V46/><F46/><W49/><G76/><T101/><D94/><U58/><E58/><V20/><F6/><W12/><G33/><RYUUKYOKU ba="2,2" sc="230,-30,296,10,192,10,262,10" hai1="15,19,41,47,48,57,61,66,120,123" hai2="8,16,20,26,93,99,100" hai3="7,10,11,12,18,28,29,45,49,53,88,89,91" /><INIT seed="5,3,2,5,2,27" ten="200,306,202,272" oya="1" hai0="53,108,132,67,25,110,113,101,89,92,39,57,63" hai1="13,83,94,121,93,62,2,109,115,0,129,38,103" hai2="95,81,80,23,44,22,114,43,127,111,118,98,41" hai3="14,45,87,64,72,91,130,119,51,135,46,48,84"/><U117/><E38/><V97/><F118/><W31/><G72/><T61/><D113/><U55/><E121/><V40/><F111/><W90/><G130/><T88/><D132/><U26/><E117/><V128/><F128/><W18/><G119/><T100/><D39/><U134/><E115/><V82/><F114/><W124/><G124/><T105/><D89/><U65/><E13/><V1/><F1/><W35/><G135/><T6/><D6/><U66/><E109/><V120/><F120/><W125/><G64/><T112/><D112/><U104/><E104/><V77/><F127/><W12/><G35/><T11/><D11/><U32/><E83/><V76/><F44/><W73/><G73/><T30/><D105/><U74/><E74/><V71/><F71/><W5/><G18/><T122/><D122/><U16/><E32/><V102/><REACH who="2" step="1"/><F98/><REACH who="2" ten="200,306,192,272" step="2"/><W107/><G125/><T9/><D110/><U28/><E0/><V33/><F33/><W54/><G46/><T8/><D108/><U133/><E2/><V21/><AGARI ba="3,3" hai="21,22,23,40,41,43,76,77,80,81,82,95,97,102" machi="21" ten="40,8000,1" yaku="1,1,0,1,29,2,8,1,53,0" doraHai="27" doraHaiUra="68" who="2" fromWho="2" sc="200,-23,306,-43,192,119,272,-23" /><INIT seed="6,0,0,5,5,7" ten="177,263,311,249" oya="2" hai0="45,115,51,71,33,125,119,101,75,19,0,20,90" hai1="37,34,111,43,10,38,124,35,42,128,29,121,44" hai2="116,85,112,97,8,13,117,23,110,24,32,49,102" hai3="67,126,120,68,16,113,39,83,3,72,109,63,47"/><V88/><F32/><W48/><G109/><T77/><D33/><U28/><E111/><V41/><F112/><W22/><G120/><T127/><D71/><U64/><E64/><V118/><F110/><W26/><G3/><T40/><D115/><U17/><E124/><V27/><F49/><W70/><G113/><T74/><D119/><U62/><E62/><V59/><F59/><W132/><G132/><T2/><D101/><U99/><E99/><V61/><F41/><W76/><G126/><T84/><D125/><U87/><E87/><V6/><F61/><W14/><G39/><T50/><D127/><U96/><E96/><V12/><F12/><W69/><REACH who="3" step="1"/><G26/><REACH who="3" ten="177,263,311,239" step="2"/><T15/><D2/><U46/><E121/><V9/><F27/><W135/><G135/><T98/><D0/><U123/><E123/><V91/><F117/><W89/><G89/><T30/><D30/><U11/><E17/><V131/><F91/><W1/><G1/><T31/><D31/><U122/><E122/><V82/><F116/><W60/><G60/><T5/><D5/><U55/><E55/><AGARI ba="0,1" hai="14,16,22,47,48,55,63,67,68,69,70,72,76,83" machi="55" ten="30,7700,0" yaku="1,1,7,1,54,1,53,1" doraHai="7" doraHaiUra="18" who="3" fromWho="1" sc="177,0,263,-77,311,0,239,87" /><INIT seed="7,0,0,3,5,35" ten="177,186,311,326" oya="3" hai0="90,71,11,9,113,111,97,77,93,109,52,51,28" hai1="108,3,59,69,7,24,75,89,91,63,80,57,23" hai2="62,67,125,107,98,114,19,104,36,5,119,48,81" hai3="85,99,92,32,17,64,41,34,49,40,10,106,82"/><W86/><G106/><T50/><D71/><U33/><E108/><V121/><F36/><W123/><G123/><T88/><D77/><U87/><E33/><V110/><F110/><W22/><G64/><T101/><D113/><U102/><E75/><V27/><F119/><W61/><G61/><T53/><D28/><N who="1" m="17439" /><E3/><V130/><F130/><W47/><G10/><N who="0" m="3595" /><D111/><U135/><E69/><V68/><F5/><W105/><G41/><T60/><D109/><U55/><E135/><V58/><F114/><W115/><G86/><T133/><D60/><N who="1" m="35903" /><E102/><V18/><F121/><W13/><G105/><T21/><D133/><U31/><E31/><V38/><F38/><W54/><G115/><T128/><D128/><U117/><E117/><V0/><F0/><W100/><G54/><N who="0" m="21099" /><D21/><U14/><E59/><V26/><F68/><W103/><G103/><T78/><D78/><AGARI ba="0,0" hai="13,17,22,32,34,40,47,49,78,82,85,92,99,100" machi="78" ten="30,1500,0" yaku="7,1" doraHai="35" who="3" fromWho="0" sc="177,-15,186,0,311,0,326,15" owari="162,-33.8,186,-21.4,311,11.1,341,44.1" /></mjloggm>