<mjloggm ver="2.3"><GO type="169" lobby="0"/><UN n0="%E3%83%8E%E3%82%AA%E3%83%81%E3%83%A3%E3%83%99%E3%82%B9" n1="%E3%81%93%E3%82%8C%E3%81%8C%E3%81%B5%E3%81%95%E3%81%B5%E3%81%95" n2="%E5%A5%94%E4%BB%94" n3="%E3%82%B0%E3%83%B3%E3%83%80%E3%83%AA%E3%83%BC" dan="16,16,17,19" rate="2161.26,2148.78,2228.00,2282.79" sx="M,M,M,M"/><TAIKYOKU oya="0"/><INIT seed="0,0,0,5,4,125" ten="250,250,250,250" oya="0" hai0="61,133,16,121,104,106,56,6,66,63,41,130,10" hai1="58,87,91,40,44,18,57,122,23,83,110,17,84" hai2="94,67,129,27,30,11,45,98,120,3,97,32,70" hai3="78,127,116,135,72,90,34,9,55,119,39,14,65"/><T24/><D121/><U53/><E110/><V95/><F120/><W1/><G135/><T19/><D41/><U62/><E122/><V134/><F134/><W73/><G65/><T115/><D133/><U111/><E111/><V43/><F3/><W46/><G73/><T89/><D115/><U22/><E58/><V20/><F11/><W82/><G127/><T5/><D89/><U68/><E68/><V35/><F67/><W54/><G34/><T75/><D75/><U96/><E96/><V0/><F0/><W12/><G90/><T124/><D124/><U74/><E74/><V81/><F81/><W13/><G55/><T47/><D47/><U26/><E87/><V114/><F70/><W131/><G54/><T59/><D66/><U112/><E112/><V31/><F114/><W107/><G107/><T79/><D10/><U113/><E113/><V36/><F30/><W48/><G48/><T33/><D24/><U100/><E100/><N who="2" m="60471" /><F32/><W60/><G60/><T29/><D33/><U101/><E101/><N who="2" m="60639" /><F35/><W4/><REACH who="3" step="1"/><G131/><REACH who="3" ten="250,250,250,240" step="2"/><T64/><D64/><U38/><REACH who="1" step="1"/><E23/><REACH who="1" ten="250,240,250,240" step="2"/><V8/><F20/><W15/><N who="3" m="3072" /><DORA hai="50" /><W92/><G92/><T86/><D86/><U118/><E118/><V108/><F108/><W51/><G51/><T7/><D7/><U37/><E37/><V69/><F36/><W99/><G99/><T126/><D126/><U77/><E77/><V76/><F76/><W21/><G21/><T103/><D79/><U128/><E128/><V123/><F129/><W2/><G2/><T52/><D130/><U93/><E93/><V117/><F123/><RYUUKYOKU ba="0,2" sc="250,-15,240,15,250,-15,240,15" hai1="17,18,22,26,38,40,44,53,57,62,83,84,91" hai3="1,4,9,39,46,72,78,82,116,119" /><INIT seed="1,1,2,4,4,27" ten="235,255,235,255" oya="1" hai0="109,110,42,129,8,62,90,108,117,61,75,73,40" hai1="79,38,135,132,97,98,115,134,33,130,103,96,113" hai2="53,74,82,6,87,13,24,71,54,77,63,46,50" hai3="64,104,65,95,116,2,101,36,114,128,44,106,125"/><U88/><E38/><V47/><F74/><N who="0" m="28170" /><D8/><U112/><E33/><V121/><F121/><W23/><G23/><T76/><D76/><U31/><E31/><V59/><F71/><W70/><G95/><T11/><D11/><U15/><E15/><V1/><F1/><W89/><G125/><T21/><D21/><U66/><E66/><V5/><F13/><W12/><G128/><T81/><D117/><U16/><E16/><V80/><F80/><W120/><G65/><T22/><D22/><U94/><E79/><V52/><F24/><W39/><G64/><T4/><D4/><U20/><E20/><V26/><F26/><W34/><G120/><T86/><D129/><U99/><REACH who="1" step="1"/><E130/><REACH who="1" ten="235,245,235,255" step="2"/><V32/><F32/><W119/><G39/><T17/><D17/><U55/><E55/><V10/><F10/><W122/><G36/><T56/><D62/><U45/><E45/><V14/><F14/><W72/><G44/><T41/><D42/><U9/><E9/><V93/><REACH who="2" step="1"/><F93/><AGARI ba="1,3" hai="88,93,94,96,97,98,99,103,112,113,115,132,134,135" machi="93" ten="50,18000,2" yaku="1,1,20,1,34,3,54,1,53,0" doraHai="27" doraHaiUra="30" who="1" fromWho="2" sc="235,0,245,213,235,-183,255,0" /><INIT seed="1,2,0,5,5,114" ten="235,458,52,255" oya="1" hai0="56,132,94,82,97,113,124,65,54,36,73,68,6" hai1="105,19,13,69,75,33,74,55,115,98,4,9,93" hai2="63,52,107,14,66,121,108,92,127,110,16,30,109" hai3="86,64,40,106,89,102,91,24,0,1,12,99,96"/><U42/><E115/><V128/><F121/><W22/><G40/><T62/><D113/><U88/><E33/><V72/><F107/><W49/><G64/><T112/><D112/><U67/><E42/><V122/><F122/><W3/><G12/><T50/><D132/><U131/><E131/><V5/><F72/><W46/><G99/><T34/><D34/><U126/><E126/><V90/><F128/><W123/><G123/><T51/><D124/><U35/><E35/><V119/><F30/><W76/><G76/><T20/><D36/><U80/><E105/><V31/><F31/><W103/><G103/><T8/><D20/><U130/><E130/><V39/><F39/><W29/><G86/><T60/><D82/><U77/><E55/><V129/><F129/><W81/><G81/><T87/><D87/><U48/><E48/><V32/><F32/><W135/><G135/><T43/><D73/><U37/><E37/><V27/><F127/><W118/><G118/><T18/><D18/><U71/><E75/><V100/><F100/><W117/><G117/><T45/><D68/><U116/><E116/><V111/><F119/><W7/><G7/><T125/><D65/><U38/><E38/><V59/><F5/><W41/><AGARI ba="2,0" hai="0,1,3,22,24,29,41,46,49,89,91,96,102,106" machi="41" ten="30,1100,0" yaku="0,1" doraHai="114" who="3" fromWho="3" sc="235,-5,458,-7,52,-5,255,17" /><INIT seed="2,0,0,5,2,63" ten="230,451,47,272" oya="2" hai0="80,20,42,130,49,82,75,38,1,22,83,88,81" hai1="102,64,93,96,54,30,45,43,34,13,61,110,2" hai2="59,28,10,56,99,121,21,94,65,70,25,37,116" hai3="50,51,8,4,124,23,57,113,107,91,72,32,90"/><V35/><F121/><W104/><G32/><T31/><D1/><U73/><E110/><V95/><F116/><W126/><G72/><T15/><D38/><U29/><E73/><V71/><F37/><W133/><G23/><T101/><D101/><U7/><E2/><V0/><F94/><W39/><G39/><T132/><D130/><U134/><E54/><V112/><F112/><W129/><G133/><T103/><D103/><U69/><E34/><V44/><F44/><W62/><G129/><T108/><D108/><U5/><E134/><V120/><F120/><W48/><G91/><T127/><D127/><N who="3" m="48681" /><G90/><T105/><D105/><U40/><E40/><V46/><F46/><W100/><G100/><T79/><D132/><U53/><E53/><V58/><F35/><W114/><G107/><T118/><D118/><U55/><E55/><V78/><F78/><W19/><G19/><T33/><D33/><U135/><E135/><V27/><F25/><W131/><G104/><T16/><D42/><U68/><E29/><V18/><F28/><W12/><G131/><T60/><D49/><U85/><E30/><V41/><F41/><W77/><G77/><T128/><D128/><U36/><E43/><V11/><F0/><W92/><G92/><T117/><D117/><U115/><E36/><V109/><F109/><W111/><G111/><T122/><D122/><U9/><E93/><V3/><F3/><W52/><AGARI ba="0,0" hai="4,8,12,48,50,51,52,57,62,113,114" m="48681" machi="52" ten="40,2700,0" yaku="18,1,54,1" doraHai="63" who="3" fromWho="3" sc="230,-7,451,-7,47,-13,272,27" /><INIT seed="3,0,0,2,5,16" ten="223,444,34,299" oya="3" hai0="62,7,111,0,5,50,15,64,10,48,133,29,4" hai1="57,98,61,118,35,72,89,32,30,81,41,83,19" hai2="112,37,39,86,117,24,52,55,99,107,101,33,96" hai3="12,88,8,20,79,23,58,121,127,84,34,104,13"/><W134/><G121/><T82/><D111/><U45/><E118/><V93/><F112/><W49/><G104/><T100/><D133/><U131/><E131/><V76/><F117/><W97/><G34/><T26/><D82/><U126/><E126/><V31/><F86/><W77/><G127/><T17/><D100/><U43/><E19/><V14/><F76/><N who="3" m="29259" /><G97/><T128/><D128/><U38/><E43/><V80/><F80/><N who="3" m="49159" /><G134/><T90/><D90/><U2/><E2/><V56/><F14/><N who="3" m="5739" /><G8/><T129/><D0/><U3/><E3/><V74/><F74/><W70/><G70/><T18/><D129/><U94/><E72/><V9/><F9/><W11/><G11/><T113/><D113/><U66/><E35/><V130/><F130/><W68/><G68/><T28/><D18/><U119/><E119/><V124/><F124/><W91/><G91/><T46/><D28/><U108/><E108/><V42/><F37/><W106/><G106/><T105/><D105/><U92/><E92/><V1/><F1/><W59/><G59/><T115/><D115/><U120/><E120/><V125/><F56/><W102/><G102/><T69/><REACH who="0" step="1"/><D46/><REACH who="0" ten="213,444,34,299" step="2"/><U25/><AGARI ba="0,1" hai="25,30,32,38,41,45,57,61,66,81,83,89,94,98" machi="25" ten="30,1100,0" yaku="0,1" doraHai="16" who="1" fromWho="1" sc="213,-3,444,21,34,-3,299,-5" /><INIT seed="4,0,0,4,3,21" ten="210,465,31,294" oya="0" hai0="101,9,69,18,102,11,25,27,1,135,96,39,117" hai1="15,93,118,114,70,55,8,87,108,82,38,104,92" hai2="37,134,12,7,88,105,62,71,50,56,99,74,44" hai3="85,83,47,106,52,109,76,43,36,90,120,84,61"/><T5/><D117/><U97/><E108/><V133/><F74/><W41/><G109/><T89/><D69/><U22/><E70/><V54/><F105/><W127/><G106/><T126/><D39/><U65/><E65/><V100/><F7/><W94/><G127/><T13/><D126/><U24/><E38/><V132/><F12/><W116/><G116/><T130/><D130/><U2/><E2/><V59/><F100/><W68/><G120/><T73/><D73/><U46/><E104/><V0/><F0/><W60/><G68/><T86/><D135/><U81/><E114/><V121/><F121/><W129/><G129/><T91/><D91/><N who="1" m="53375" /><E55/><V124/><F124/><W110/><G110/><T30/><D30/><N who="1" m="17687" /><E46/><V23/><F37/><W77/><G43/><T64/><D64/><U6/><E118/><V79/><F79/><W33/><G33/><T32/><D32/><U14/><E14/><V51/><F71/><W122/><G122/><T35/><D35/><U48/><E48/><V78/><F78/><W3/><G3/><T66/><D66/><U19/><E6/><V34/><F34/><W40/><G40/><T80/><D102/><AGARI ba="0,0" hai="8,15,19,81,82,93,97,102" m="17687,53375" machi="102" ten="30,2000,0" yaku="8,1,52,1" doraHai="21" who="1" fromWho="0" sc="210,-20,465,20,31,0,294,0" /><INIT seed="5,0,0,1,5,118" ten="190,485,31,294" oya="1" hai0="4,117,122,96,120,86,3,38,105,80,126,128,89" hai1="106,111,107,112,36,83,11,130,109,23,135,35,8" hai2="110,20,62,76,88,103,134,32,70,41,12,115,60" hai3="31,56,64,77,10,65,13,133,79,74,104,101,67"/><U72/><E112/><V75/><F115/><W90/><G74/><T127/><D38/><U45/><E35/><V30/><F110/><N who="1" m="41993" /><E135/><V16/><F134/><W71/><G71/><T98/><D117/><U94/><E94/><V24/><F103/><W100/><G31/><T85/><D4/><U91/><E23/><V68/><F41/><W17/><G101/><T81/><D3/><U113/><E113/><V108/><F108/><W84/><G100/><T9/><D9/><N who="1" m="3659" /><E91/><V2/><F2/><W34/><G90/><T97/><D128/><U40/><E130/><V50/><F50/><W132/><G10/><T123/><D105/><U61/><E61/><V52/><F62/><W121/><G104/><T125/><D89/><U78/><AGARI ba="0,0" hai="36,40,45,72,78,83,106,107" m="3659,41993" machi="78" ten="30,1500,0" yaku="10,1" doraHai="118" who="1" fromWho="1" sc="190,-5,485,15,31,-5,294,-5" /><INIT seed="5,1,0,1,0,75" ten="185,500,26,289" oya="1" hai0="79,48,88,106,117,73,40,17,65,91,28,131,10" hai1="66,50,61,127,19,67,55,33,27,99,118,123,129" hai2="23,68,2,69,7,125,63,56,34,14,130,128,108" hai3="112,62,114,107,20,45,37,119,86,98,103,58,32"/><U41/><E118/><V0/><F34/><W59/><G119/><T96/><D117/><U109/><E123/><V54/><F108/><W133/><G32/><T82/><D131/><N who="2" m="50218" /><F125/><W81/><G20/><T31/><D65/><U93/><E127/><V120/><F120/><W30/><G30/><T134/><D134/><U100/><E129/><V122/><F122/><W124/><G124/><T102/><D40/><U12/><E109/><V39/><F39/><W77/><G133/><T24/><D48/><U87/><E87/><V64/><F7/><W21/><G21/><T110/><D110/><U35/><E41/><V18/><F68/><W29/><G29/><T36/><D36/><U84/><E84/><V43/><F43/><N who="3" m="22767" /><G62/><AGARI ba="1,0" hai="0,2,14,18,23,54,56,62,63,64,69" m="50218" machi="62" ten="30,1000,0" yaku="19,1" doraHai="75" who="2" fromWho="3" sc="185,0,500,0,26,13,289,-13" /><INIT seed="6,0,0,2,4,54" ten="185,500,39,276" oya="2" hai0="124,55,93,24,115,38,35,74,100,26,45,50,7" hai1="95,52,134,112,58,66,102,4,32,44,3,41,94" hai2="17,40,59,114,85,64,96,5,81,22,88,70,118" hai3="110,133,60,113,129,46,101,34,84,8,9,104,78"/><V0/><F118/><W28/><G110/><T79/><D35/><U19/><E112/><V62/><F114/><W72/><G84/><T18/><D7/><U65/><E32/><V20/><F40/><W130/><G46/><T68/><D68/><U42/><E42/><V33/><F33/><W2/><G2/><T14/><D115/><U53/><E53/><V89/><F70/><W21/><G21/><T122/><D38/><U117/><E117/><V57/><F5/><W121/><G60/><T39/><D39/><U120/><E19/><V25/><F0/><W127/><G8/><T109/><D122/><U37/><E134/><V16/><F59/><W86/><G9/><T12/><D12/><U91/><E102/><V61/><F61/><W135/><G101/><T71/><D71/><U75/><E95/><N who="2" m="56431" /><F22/><W13/><G34/><T56/><D45/><U97/><E120/><V125/><F125/><W103/><G127/><T106/><D124/><U11/><E75/><V49/><F49/><AGARI ba="0,0" hai="3,4,11,37,41,44,49,52,58,65,66,91,94,97" machi="49" ten="30,3900,0" yaku="7,1,52,1,54,1" doraHai="54" who="1" fromWho="2" sc="185,0,500,39,39,-39,276,0" /><INIT seed="7,0,0,1,4,99" ten="185,539,0,276" oya="3" hai0="47,126,71,65,125,98,120,22,44,91,49,18,12" hai1="106,14,57,72,113,131,88,62,82,122,9,46,69" hai2="95,118,80,93,89,41,5,87,107,100,109,77,15" hai3="59,83,7,55,63,133,76,104,123,2,73,115,130"/><W6/><G123/><T78/><D120/><U111/><E111/><V8/><F109/><W10/><G104/><T108/><D108/><U23/><E69/><V43/><F118/><W92/><G115/><T128/><D78/><U94/><E106/><V103/><F41/><W97/><G133/><T52/><D128/><U102/><E102/><N who="2" m="38955" /><F15/><W40/><G130/><T21/><D71/><U45/><E94/><N who="2" m="35851" /><F8/><W84/><G7/><T112/><D98/><U116/><E88/><V124/><F43/><W110/><G110/><T28/><D91/><U119/><E82/><N who="2" m="49399" /><F5/><W70/><G40/><T79/><D65/><U1/><E9/><V3/><F3/><W134/><G134/><T20/><D47/><U36/><E1/><V54/><F54/><W32/><G32/><T4/><D4/><U90/><E14/><V121/><F121/><W34/><G34/><T30/><D79/><U24/><E23/><V51/><F51/><W58/><G70/><T42/><D42/><U105/><E36/><V17/><F17/><W67/><G76/><T48/><D48/><U38/><E38/><V86/><F124/><W101/><G6/><T56/><D44/><U132/><E46/><V85/><F107/><W81/><G67/><T135/><D126/><U11/><E45/><V29/><F29/><W0/><G59/><T33/><D125/><U68/><E105/><V16/><F16/><W96/><G58/><T114/><D30/><U35/><E57/><V75/><AGARI ba="0,0" hai="75,77,80,85,86" m="49399,35851,38955" machi="75" ten="30,16000,3" yaku="35,5,52,3" doraHai="99" who="2" fromWho="2" sc="185,-40,539,-40,0,160,276,-80" owari="145,-35.5,499,59.9,160,-24.0,196,-0.4" /></mjloggm>