<mjloggm ver="2.3"><GO type="169" lobby="0"/><UN n0="%6E%6F%73%75%6B%65" n1="%70%61%77%61" n2="%64%72%61%65%74%63" n3="%E3%81%B3%E3%82%8A%E3%81%B3%E3%82%8A%E2%98%86%E3%83%93%E3%83%AA%E3%83%BC" dan="17,18,16,16" rate="2128.53,2297.24,2137.39,2166.17" sx="M,M,M,M"/><TAIKYOKU oya="0"/><INIT seed="0,0,0,0,5,104" ten="250,250,250,250" oya="0" hai0="125,106,87,103,72,64,31,66,128,67,121,77,99" hai1="91,85,26,120,0,50,107,41,95,25,98,126,16" hai2="115,94,63,100,127,49,27,22,52,71,56,46,48" hai3="13,110,73,83,1,93,57,19,65,33,55,45,132"/><T34/><D121/><U124/><E0/><V58/><F127/><N who="1" m="48681" /><E120/><V74/><F115/><W20/><G1/><T18/><D125/><U122/><E122/><V109/><F109/><W76/><G110/><T130/><D87/><U17/><E41/><V116/><F116/><W102/><G33/><T40/><D40/><U7/><E7/><V135/><F135/><W35/><G35/><T32/><D18/><N who="1" m="7275" /><E50/><V92/><F71/><W60/><G132/><T118/><D118/><U90/><E107/><V78/><F100/><W112/><G112/><T113/><D113/><U28/><E28/><V11/><F11/><W15/><G45/><T133/><D133/><U10/><E10/><V23/><F23/><W62/><G93/><AGARI ba="0,0" hai="25,26,85,90,91,93,95,98" m="7275,48681" machi="93" ten="30,2000,0" yaku="18,1,54,1" doraHai="104" who="1" fromWho="3" sc="250,0,250,20,250,0,250,-20" /><INIT seed="1,0,0,5,3,56" ten="250,270,250,230" oya="1" hai0="79,108,59,63,23,66,70,17,127,41,100,72,0" hai1="91,97,62,96,113,60,95,27,101,134,55,38,116" hai2="103,76,7,82,53,29,135,6,107,128,125,83,16" hai3="49,112,50,58,44,118,65,69,121,74,88,39,5"/><U10/><E113/><V42/><F125/><W133/><G74/><T1/><D127/><U89/><E116/><V132/><F29/><W129/><G5/><T40/><D108/><U120/><E120/><V34/><F34/><W24/><G24/><T36/><D100/><U80/><E38/><V131/><F42/><N who="3" m="22623" /><G88/><N who="1" m="33866" /><E134/><N who="2" m="51243" /><F53/><N who="3" m="32047" /><G121/><T122/><D122/><U109/><E109/><V3/><F3/><W68/><G112/><T32/><D32/><U117/><E117/><V19/><F103/><W46/><G133/><T4/><D70/><N who="3" m="27241" /><G118/><T47/><D40/><U90/><E27/><V85/><F83/><W21/><G21/><T94/><D94/><N who="1" m="58551" /><E55/><V124/><F107/><W18/><G18/><N who="2" m="6697" /><F124/><W54/><G129/><AGARI ba="0,0" hai="6,7,76,82,85,128,129,131" m="6697,51243" machi="129" ten="30,3900,0" yaku="19,1,20,1,54,1" doraHai="56" who="2" fromWho="3" sc="250,0,270,0,250,39,230,-39" /><INIT seed="2,0,0,0,2,65" ten="250,270,289,191" oya="2" hai0="81,71,64,17,108,51,111,62,11,18,40,73,82" hai1="54,37,0,48,61,134,133,135,27,33,43,115,3" hai2="121,100,129,36,69,56,103,110,8,32,104,130,34" hai3="123,114,10,75,47,89,52,38,66,60,79,22,21"/><V15/><F36/><W28/><G123/><T7/><D40/><U42/><E115/><V86/><F121/><W128/><G114/><T95/><D51/><U57/><E37/><V101/><F104/><W50/><G128/><N who="2" m="49257" /><F110/><N who="0" m="42026" /><D95/><U31/><REACH who="1" step="1"/><E61/><REACH who="1" ten="250,260,289,191" step="2"/><V23/><F69/><W20/><G38/><T113/><D113/><U132/><N who="1" m="33792" /><DORA hai="105" /><U87/><E87/><V55/><F86/><W102/><G60/><T25/><D62/><U39/><E39/><V74/><F74/><W109/><G75/><T92/><D71/><U127/><E127/><V99/><F99/><W45/><G109/><T1/><D73/><U120/><E120/><V67/><F67/><W72/><G66/><T19/><D64/><U13/><E13/><V90/><F34/><W118/><G72/><T44/><D25/><U96/><E96/><V88/><F32/><W59/><G50/><T16/><D1/><AGARI ba="0,1" hai="0,1,3,27,31,33,42,43,48,54,57" m="33792" machi="1" ten="70,8000,1" yaku="1,1,20,1,53,3" doraHai="65,105" doraHaiUra="119,35" who="1" fromWho="0" sc="250,-80,260,90,289,0,191,0" /><INIT seed="3,0,0,5,2,81" ten="170,350,289,191" oya="3" hai0="35,130,3,123,44,51,92,13,60,9,65,70,91" hai1="96,119,55,16,61,104,67,56,114,22,8,110,122" hai2="111,23,105,69,98,124,108,7,4,87,77,43,72" hai3="115,5,86,94,42,37,99,30,132,20,112,32,80"/><W14/><G132/><T63/><D130/><U6/><E122/><V121/><F69/><W62/><G32/><T33/><D123/><U75/><E75/><V79/><F23/><W118/><G118/><T27/><D3/><U84/><E114/><V10/><F121/><W102/><G62/><T109/><D63/><U29/><E110/><V133/><F133/><W31/><G115/><T85/><D27/><U0/><E119/><V78/><F72/><W39/><G112/><T88/><D91/><U45/><E29/><V50/><F124/><W68/><G68/><T47/><D109/><U76/><E104/><V48/><F4/><W125/><G125/><T127/><D127/><U12/><E96/><V38/><F38/><W103/><G103/><T57/><D70/><U64/><REACH who="1" step="1"/><E45/><REACH who="1" ten="170,340,289,191" step="2"/><N who="2" m="25663" /><F98/><W28/><G42/><T52/><REACH who="0" step="1"/><D47/><REACH who="0" ten="160,340,289,191" step="2"/><U95/><E95/><V134/><F111/><W49/><G94/><T93/><D93/><U41/><E41/><V59/><F108/><W120/><G120/><T135/><D135/><U90/><E90/><V24/><F134/><W21/><G102/><T26/><D26/><U18/><E18/><AGARI ba="0,2" hai="9,13,18,33,35,44,51,52,57,60,65,85,88,92" machi="18" ten="30,8000,1" yaku="1,1,7,1,52,1,54,2,53,0" doraHai="81" doraHaiUra="1" who="0" fromWho="1" sc="160,100,340,-80,289,0,191,0" /><INIT seed="4,0,0,1,4,116" ten="260,260,289,191" oya="0" hai0="28,31,84,21,26,120,123,80,59,32,77,70,92" hai1="133,117,11,68,49,130,48,9,111,109,63,94,61" hai2="110,100,29,67,38,18,75,73,95,122,112,6,64" hai3="135,81,101,4,17,129,50,115,83,113,22,132,103"/><T40/><D70/><U5/><E117/><V124/><F38/><W102/><G4/><T1/><D40/><U12/><E130/><V55/><F110/><W20/><G50/><T72/><D1/><U86/><E133/><N who="3" m="51274" /><G129/><T121/><D59/><U82/><E94/><V24/><F75/><W43/><G43/><T44/><D44/><U93/><E93/><V41/><F73/><W7/><G7/><T54/><D54/><U39/><E39/><V15/><F41/><W91/><G17/><T60/><D60/><U88/><E11/><V125/><F6/><W3/><G3/><T126/><D126/><U42/><E49/><V106/><F106/><W118/><G118/><T36/><D36/><U96/><E96/><V87/><F55/><W97/><G97/><T66/><D66/><U104/><E104/><V37/><F37/><W62/><G62/><T53/><D53/><U90/><E90/><V47/><F67/><W114/><G91/><T25/><REACH who="0" step="1"/><D92/><REACH who="0" ten="250,260,289,191" step="2"/><U8/><E63/><V56/><F95/><W13/><G13/><T127/><D127/><U108/><E61/><V46/><F64/><W30/><G30/><T65/><D65/><U51/><E68/><V78/><F29/><W79/><G79/><T119/><D119/><U76/><E42/><V134/><F15/><W57/><G57/><T107/><D107/><U99/><E111/><V74/><F56/><W0/><G0/><T89/><D89/><U105/><E109/><V10/><F78/><W85/><G85/><AGARI ba="0,1" hai="21,25,26,28,31,32,72,77,80,84,85,120,121,123" machi="85" ten="40,12000,1" yaku="1,1,52,3,53,0" doraHai="116" doraHaiUra="58" who="0" fromWho="3" sc="250,130,260,0,289,0,191,-120" /><INIT seed="4,1,0,2,2,40" ten="380,260,289,71" oya="0" hai0="54,1,69,130,103,37,25,39,63,109,100,3,104" hai1="98,27,90,84,77,43,12,55,66,30,110,24,106" hai2="132,65,135,7,96,44,129,123,29,89,111,33,91" hai3="74,21,20,115,15,2,45,121,13,11,79,83,134"/><T120/><D120/><U41/><E110/><V73/><F73/><W4/><G121/><T59/><D109/><U128/><E128/><V64/><F111/><W71/><G71/><T101/><D130/><U80/><E66/><V108/><F108/><W28/><G115/><T26/><D104/><U61/><E12/><V131/><F123/><W82/><G134/><T35/><D69/><U18/><E18/><V0/><F96/><W76/><G45/><T127/><D127/><U92/><E106/><V93/><F93/><W16/><G28/><T34/><D26/><U38/><E38/><V60/><F60/><W112/><G112/><T126/><D126/><U50/><E61/><V17/><F17/><W94/><G94/><T51/><D63/><U53/><E53/><V22/><F22/><W107/><G107/><T87/><D87/><U85/><E85/><V36/><F36/><W88/><G88/><T8/><D39/><U95/><E95/><V105/><F105/><W113/><G113/><T119/><D37/><U14/><E14/><V57/><F0/><N who="0" m="74" /><D119/><U10/><E10/><V114/><F114/><W99/><G99/><T122/><D122/><U118/><E118/><V5/><F57/><W86/><REACH who="3" step="1"/><G15/><REACH who="3" ten="380,260,289,61" step="2"/><T75/><D103/><U125/><E125/><V32/><F29/><W68/><G68/><T46/><D101/><U72/><E98/><V58/><F58/><W19/><G19/><T67/><D59/><N who="1" m="33271" /><E30/><V6/><F6/><W47/><G47/><AGARI ba="1,1" hai="5,7,32,33,44,47,64,65,89,91,129,131,132,135" machi="47" ten="25,6400,0" yaku="22,2,52,2" doraHai="40" who="2" fromWho="3" sc="380,0,260,0,289,77,61,-67" owari="380,48.0,260,-14.0,366,16.6,-6,-50.6" /></mjloggm>