<mjloggm ver="2.3"><GO type="169" lobby="0"/><UN n0="%E3%82%8A%E3%82%93%E3%81%94%32%32%36" n1="%E5%A5%94%E4%BB%94" n2="%E3%83%AA%E3%83%BC%E3%83%81%E3%83%89%E3%83%A9%33" n3="%E5%B8%B0%E3%82%8A%E3%81%9F%E3%81%84%E3%80%82" dan="16,17,16,17" rate="2155.69,2235.59,2173.14,2183.31" sx="M,M,M,M"/><TAIKYOKU oya="0"/><INIT seed="0,0,0,0,4,44" ten="250,250,250,250" oya="0" hai0="12,101,57,58,35,41,17,91,13,46,69,121,27" hai1="89,93,130,109,99,10,0,74,6,113,29,54,122" hai2="28,56,100,108,19,117,3,1,80,85,135,45,50" hai3="26,22,126,14,105,59,31,119,127,48,133,40,90"/><T64/><D121/><U103/><E109/><V16/><F108/><W32/><G119/><T118/><D118/><U86/><E130/><V73/><F117/><W104/><G133/><T98/><D69/><U21/><E113/><V23/><F73/><W52/><G40/><T37/><D91/><U79/><E122/><V70/><F70/><W81/><G14/><T47/><D47/><U30/><E21/><V60/><F100/><W116/><G116/><T128/><D128/><U18/><E18/><V36/><F36/><W7/><G7/><T65/><D12/><U68/><E68/><V8/><F135/><W43/><G43/><T11/><D65/><U4/><E4/><V25/><F1/><W2/><G32/><T63/><D58/><U39/><E39/><V107/><F107/><W88/><G90/><T112/><D112/><U15/><E0/><V34/><F8/><W67/><G67/><T20/><D35/><U110/><E110/><V75/><F75/><W84/><REACH who="3" step="1"/><G2/><REACH who="3" ten="250,250,250,240" step="2"/><T78/><D78/><U95/><E79/><N who="2" m="46239" /><F3/><W83/><G83/><T76/><D76/><U82/><E82/><V129/><F34/><W97/><G97/><T123/><D123/><U96/><E99/><V102/><F129/><W9/><G9/><T53/><D64/><U55/><E74/><V124/><F102/><W33/><G33/><T5/><D98/><U77/><E77/><V131/><F131/><W134/><G134/><T51/><REACH who="0" step="1"/><D101/><REACH who="0" ten="240,250,250,240" step="2"/><U87/><E87/><V132/><F132/><W106/><AGARI ba="0,2" hai="22,26,31,48,52,59,81,84,88,104,105,106,126,127" machi="106" ten="40,8000,1" yaku="1,1,0,1,52,1,54,2,53,0" doraHai="44" doraHaiUra="114" who="3" fromWho="3" sc="240,-40,250,-20,250,-20,240,100" /><INIT seed="1,0,0,5,2,83" ten="200,230,230,340" oya="1" hai0="43,23,63,124,86,97,25,50,29,94,8,96,134" hai1="61,90,101,92,108,112,72,109,133,36,58,39,100" hai2="115,33,98,14,126,127,49,81,52,65,71,118,54" hai3="44,59,131,67,107,31,22,30,21,129,57,35,68"/><U19/><E133/><V102/><F33/><W89/><G107/><T110/><D110/><N who="1" m="42603" /><E72/><V123/><F123/><W28/><G35/><T106/><D124/><N who="2" m="47658" /><F118/><W56/><G44/><N who="0" m="25887" /><D106/><U73/><E73/><V76/><F115/><W103/><G103/><N who="1" m="39498" /><E19/><V27/><F27/><W117/><G89/><N who="0" m="53559" /><D134/><U135/><E112/><V91/><F91/><W5/><G5/><T74/><D74/><U69/><E69/><V47/><F14/><W85/><G85/><T119/><D119/><U99/><E135/><V7/><F7/><W55/><G117/><T132/><D132/><U82/><E82/><V88/><F88/><W75/><G75/><T41/><D41/><U111/><N who="1" m="42611" /><U2/><DORA hai="40" /><E2/><V24/><F24/><W77/><G77/><T42/><D42/><U45/><E45/><V20/><F71/><W34/><G68/><T125/><D125/><U1/><E1/><V13/><F81/><W60/><G57/><T64/><D8/><U104/><E104/><V122/><F47/><W17/><G59/><AGARI ba="0,0" hai="23,25,29,59,63,64,96,97" m="53559,25887" machi="59" ten="30,3900,0" yaku="8,1,52,2" doraHai="83,40" who="0" fromWho="3" sc="200,39,230,0,230,0,340,-39" /><INIT seed="2,0,0,1,2,119" ten="239,230,230,301" oya="2" hai0="113,73,33,36,25,87,49,22,89,35,62,14,74" hai1="20,117,120,126,11,131,24,97,18,105,122,59,46" hai2="134,45,111,84,44,66,69,4,91,77,100,129,7" hai3="30,114,31,90,60,47,121,112,130,104,85,71,28"/><V68/><F129/><W41/><G104/><T80/><D36/><U88/><E117/><V17/><F134/><W43/><G130/><T98/><D113/><N who="3" m="43625" /><G121/><N who="1" m="46698" /><E131/><V135/><F135/><W101/><G101/><T75/><D14/><N who="1" m="7519" /><E126/><V63/><F69/><W42/><G60/><T116/><D116/><U58/><E46/><V115/><F115/><W10/><G10/><T96/><D35/><U54/><E54/><V50/><F77/><W125/><G71/><T19/><D33/><U15/><E15/><V13/><F100/><W55/><G55/><T107/><D107/><U103/><E88/><V132/><F132/><W29/><N who="3" m="7168" /><DORA hai="57" /><W127/><G47/><T108/><D49/><U109/><E109/><V38/><F38/><W48/><G48/><T99/><D108/><U86/><E86/><V78/><F78/><W92/><AGARI ba="0,0" hai="41,42,43,85,90,92,125,127" m="7168,43625" machi="92" ten="50,1600,0" yaku="11,1" doraHai="119,57" who="3" fromWho="3" sc="239,-4,230,-4,230,-8,301,16" /><INIT seed="3,0,0,5,0,98" ten="235,226,222,317" oya="3" hai0="86,91,123,117,125,95,20,29,82,107,81,71,21" hai1="19,32,12,51,121,134,26,9,65,52,25,129,80" hai2="72,90,35,33,42,37,50,135,112,41,88,78,7" hai3="110,103,69,122,77,3,127,2,45,83,36,62,119"/><W59/><G119/><T22/><D123/><U64/><E134/><V76/><F37/><W58/><G122/><T14/><D71/><U55/><E129/><V47/><F135/><W16/><G127/><T61/><D125/><U66/><E121/><V130/><F130/><W116/><G116/><T92/><D107/><U108/><E108/><V43/><F112/><W11/><G59/><T6/><D117/><U89/><E32/><V120/><F120/><W46/><G69/><T53/><D29/><U105/><E105/><V113/><F113/><W97/><G2/><T34/><D34/><U115/><E115/><V48/><F43/><W8/><G3/><T56/><D95/><U73/><E73/><V131/><F131/><W104/><G36/><T17/><D6/><U54/><E51/><V4/><F47/><W5/><G5/><T1/><D1/><U132/><E132/><V68/><F68/><W87/><G110/><T79/><REACH who="0" step="1"/><D82/><REACH who="0" ten="225,226,222,317" step="2"/><U0/><E0/><V44/><F44/><W75/><G46/><T111/><D111/><U109/><E109/><V124/><F124/><W67/><G45/><T49/><D49/><U24/><E80/><V84/><F72/><AGARI ba="0,1" hai="14,17,20,21,22,53,56,61,72,79,81,86,91,92" machi="72" ten="30,2000,0" yaku="1,1,7,1,53,0" doraHai="98" doraHaiUra="96" who="0" fromWho="2" sc="225,30,226,0,222,-20,317,0" /><INIT seed="4,0,0,5,1,63" ten="255,226,202,317" oya="0" hai0="98,7,119,126,46,85,99,87,40,117,38,50,131" hai1="129,48,83,111,90,110,72,86,37,125,1,35,107" hai2="91,115,116,14,31,102,61,49,120,4,94,123,65" hai3="45,12,93,108,9,10,84,22,128,127,26,130,92"/><T118/><D126/><U132/><RYUUKYOKU type="yao9" ba="0,0" sc="255,0,226,0,202,0,317,0" hai1="1,35,37,48,72,83,86,90,107,110,111,125,129,132" /><INIT seed="4,1,0,1,5,3" ten="255,226,202,317" oya="0" hai0="10,36,1,94,82,132,21,65,39,42,121,84,53" hai1="37,89,57,103,113,15,32,48,92,128,11,118,126" hai2="93,50,40,51,56,18,90,26,46,91,60,78,112" hai3="116,74,114,117,131,28,25,43,47,111,72,44,129"/><T14/><D121/><U23/><E32/><V130/><F112/><W12/><G111/><T54/><D132/><U45/><E118/><N who="3" m="45674" /><G12/><T127/><D127/><U75/><E75/><N who="3" m="28714" /><G43/><T125/><D125/><U115/><E128/><N who="3" m="49226" /><G114/><T24/><D94/><U88/><E126/><V98/><F130/><W33/><AGARI ba="1,0" hai="25,28,33,44,47" m="49226,28714,45674" machi="33" ten="40,1500,0" yaku="19,1" doraHai="3" who="3" fromWho="3" sc="255,-8,226,-5,202,-5,317,18" /><INIT seed="5,0,0,3,1,130" ten="247,221,197,335" oya="1" hai0="114,105,102,95,28,87,13,47,110,30,6,135,0" hai1="16,106,112,129,132,26,44,134,66,21,15,17,56" hai2="50,107,35,84,54,97,116,4,51,7,126,121,23" hai3="69,100,58,85,22,74,78,76,12,90,72,32,55"/><U8/><E106/><V83/><F35/><W92/><G69/><T27/><D110/><U82/><E129/><V115/><F116/><W48/><G32/><T108/><D0/><U60/><E112/><V61/><F121/><W80/><G100/><T1/><D1/><U2/><E2/><V65/><F126/><W43/><G43/><T36/><D105/><U37/><REACH who="1" step="1"/><E82/><REACH who="1" ten="247,211,197,335" step="2"/><V86/><F107/><W133/><G80/><T81/><D81/><U29/><E29/><V34/><F115/><W88/><G78/><T118/><D30/><U20/><E20/><V131/><F23/><W52/><G76/><T77/><D28/><U41/><AGARI ba="0,1" hai="8,15,16,17,21,26,37,41,44,56,60,66,132,134" machi="41" ten="30,12000,1" yaku="1,1,0,1,52,2,54,1,53,0" doraHai="130" doraHaiUra="46" who="1" fromWho="1" sc="247,-40,211,130,197,-40,335,-40" /><INIT seed="5,1,0,2,2,117" ten="207,341,157,295" oya="1" hai0="47,9,3,100,83,53,43,88,27,11,58,44,127" hai1="116,26,63,20,115,21,105,93,114,57,80,29,64" hai2="13,96,1,122,30,103,28,49,108,101,46,2,54" hai3="104,19,38,99,16,109,65,15,14,92,86,33,133"/><U94/><E105/><V91/><F108/><W22/><G109/><T6/><D127/><U107/><E107/><V40/><F1/><W72/><G72/><T35/><D100/><U87/><E116/><V89/><F2/><W121/><G33/><T56/><D56/><U84/><E84/><V74/><F74/><W112/><G38/><T62/><D11/><U97/><E20/><V55/><F122/><W131/><G112/><T123/><D123/><U85/><E85/><V75/><F75/><W119/><G131/><T129/><D129/><U90/><REACH who="1" step="1"/><E93/><REACH who="1" ten="207,331,157,295" step="2"/><V60/><F96/><W71/><G86/><T39/><D83/><U118/><E118/><V77/><F77/><AGARI ba="1,1" hai="21,26,29,57,63,64,77,80,87,90,94,97,114,115" machi="77" ten="40,2000,0" yaku="1,1,53,0" doraHai="117" doraHaiUra="12" who="1" fromWho="2" sc="207,0,331,33,157,-23,295,0" /><INIT seed="5,2,0,1,5,78" ten="207,364,134,295" oya="1" hai0="91,32,120,102,28,81,62,105,36,129,16,119,0" hai1="133,12,103,40,7,54,93,74,11,124,15,130,42" hai2="21,132,34,88,83,10,99,108,48,24,46,38,69" hai3="68,61,22,29,19,123,67,90,104,80,111,30,39"/><U97/><E133/><V70/><F108/><W113/><G123/><T60/><D0/><U79/><E130/><V87/><F38/><W2/><G111/><T33/><D36/><U4/><E124/><V100/><F34/><W73/><G104/><T5/><D5/><U59/><E79/><V37/><F37/><W71/><G71/><T92/><D119/><U52/><E74/><V13/><F132/><W17/><G39/><T86/><D129/><U57/><E12/><V131/><F21/><W128/><G2/><T18/><D105/><U55/><E4/><V51/><F24/><W98/><G113/><T135/><D120/><U44/><E44/><V127/><F51/><W89/><G73/><T134/><D134/><U72/><E72/><V1/><F1/><W82/><G17/><T66/><D60/><U64/><E64/><V101/><F127/><W112/><G112/><T35/><D28/><U94/><E93/><V76/><F131/><W27/><G128/><T85/><D135/><U63/><E54/><N who="2" m="29975" /><F70/><W58/><G68/><T9/><D9/><U106/><E106/><V116/><F69/><W25/><G25/><T75/><D75/><U118/><E118/><V109/><F109/><W20/><G20/><T95/><D62/><AGARI ba="2,0" hai="7,11,15,40,42,52,55,57,59,62,63,94,97,103" machi="62" ten="30,11600,0" yaku="7,1,9,1,8,1,54,1" doraHai="78" who="1" fromWho="0" sc="207,-122,364,122,134,0,295,0" /><INIT seed="5,3,0,4,2,24" ten="85,486,134,295" oya="1" hai0="109,59,67,46,37,61,69,39,11,123,13,41,101" hai1="102,17,71,43,127,15,64,65,90,19,103,53,85" hai2="121,62,92,78,79,124,23,55,45,20,108,96,21" hai3="32,49,93,120,113,119,73,14,27,30,68,35,95"/><U128/><E43/><V98/><F121/><W100/><G120/><T87/><D123/><U77/><E71/><V86/><F108/><W29/><G73/><T36/><D101/><U130/><E15/><V105/><F124/><W33/><G68/><T89/><D109/><U16/><E77/><V97/><F105/><W70/><G70/><T5/><REACH who="0" step="1"/><D69/><REACH who="0" ten="75,486,134,295" step="2"/><U58/><E102/><V117/><F117/><W48/><G100/><T10/><D10/><U134/><E103/><V94/><F45/><W129/><G119/><T52/><D52/><U6/><E53/><V118/><F118/><W25/><G129/><T122/><D122/><U83/><E128/><V116/><F116/><W22/><G113/><T81/><AGARI ba="3,1" hai="5,11,13,36,37,39,41,46,59,61,67,81,87,89" machi="81" ten="20,2700,0" yaku="1,1,0,1,7,1,53,0" doraHai="24" doraHaiUra="107" who="0" fromWho="0" sc="75,46,486,-16,134,-10,295,-10" /><INIT seed="6,0,0,2,0,60" ten="121,470,124,285" oya="2" hai0="87,129,68,14,71,45,69,119,74,17,27,110,13" hai1="53,70,50,102,12,91,38,96,36,49,67,76,3" hai2="44,89,75,33,118,94,83,85,120,2,81,90,39" hai3="24,56,116,61,109,112,47,48,8,62,16,114,30"/><V84/><F2/><W105/><G105/><T21/><D110/><U23/><E50/><V128/><F33/><W101/><G116/><T65/><D74/><U95/><E76/><V4/><F118/><W108/><G101/><T35/><D119/><U29/><E3/><V26/><F4/><W111/><G8/><T72/><D72/><U18/><E29/><V64/><F26/><W104/><G104/><T134/><D129/><U92/><E70/><V6/><F6/><W19/><G48/><T99/><D134/><U40/><E40/><V66/><F120/><W130/><G47/><T125/><D125/><U123/><E67/><V80/><F128/><W5/><G5/><T43/><D87/><N who="1" m="52351" /><E123/><V121/><F121/><W98/><G98/><T0/><D99/><U124/><E124/><V63/><F75/><W100/><G100/><T78/><D78/><U132/><E132/><V59/><REACH who="2" step="1"/><F66/><REACH who="2" ten="121,470,114,285" step="2"/><N who="3" m="39207" /><G130/><T52/><D0/><U22/><E22/><V11/><F11/><W25/><G25/><T106/><D35/><U34/><E34/><V37/><F37/><W122/><G122/><T88/><D27/><U42/><E38/><V32/><F32/><W55/><G24/><T31/><D31/><U126/><E36/><V28/><F28/><W46/><G30/><T41/><D65/><U77/><E23/><V93/><F93/><W131/><G131/><T79/><D106/><U86/><E95/><V9/><F9/><W97/><G19/><T115/><D17/><U1/><E1/><V133/><F133/><W15/><G109/><T127/><D21/><U135/><E18/><RYUUKYOKU ba="0,1" sc="121,-10,470,-10,114,30,285,-10" hai2="39,44,59,63,64,80,81,83,84,85,89,90,94" /><INIT seed="6,1,1,0,2,110" ten="111,460,144,275" oya="2" hai0="25,61,92,93,129,115,125,30,18,99,94,13,122" hai1="26,112,127,47,57,42,113,38,70,75,90,88,103" hai2="124,69,23,49,54,53,119,58,74,128,86,7,22" hai3="35,83,11,85,51,55,68,46,104,9,101,0,56"/><V106/><F119/><W37/><G35/><T19/><D122/><U63/><E75/><V130/><F74/><W34/><G34/><T4/><D129/><U123/><E123/><V78/><F69/><W28/><G28/><T60/><D125/><U8/><E127/><V121/><F106/><W80/><G80/><T66/><D4/><U126/><E126/><V6/><F121/><W48/><G37/><T36/><D36/><U5/><E103/><V114/><F124/><W98/><G0/><T79/><D79/><U73/><E26/><V17/><F114/><N who="1" m="44137" /><E70/><V50/><F86/><W131/><G68/><T64/><D99/><U97/><E97/><V59/><F78/><W116/><G116/><T135/><D135/><U102/><E102/><V111/><F17/><W132/><G131/><T45/><D30/><U27/><E27/><V32/><F32/><W82/><G132/><T133/><D133/><U71/><E71/><V77/><F77/><W62/><G85/><T21/><D115/><U105/><E105/><V67/><F111/><W89/><G89/><T24/><D24/><U39/><E39/><V107/><F107/><W95/><G104/><T109/><D109/><U41/><E41/><V52/><F54/><W12/><G101/><T29/><D29/><U87/><E87/><V31/><F31/><W1/><G55/><T40/><D19/><U96/><E96/><V44/><F67/><N who="0" m="25642" /><D25/><U117/><E73/><V3/><F3/><W16/><G1/><T76/><D76/><U118/><E118/><V65/><F65/><N who="3" m="39111" /><G98/><T43/><D43/><U91/><E117/><RYUUKYOKU ba="1,1" sc="111,15,460,-15,144,15,275,-15" hai0="13,18,21,40,45,60,61,92,93,94" hai2="6,7,22,23,44,49,50,52,53,58,59,128,130" /><INIT seed="6,2,1,4,1,111" ten="126,445,159,260" oya="2" hai0="70,53,5,84,78,93,79,57,64,11,100,46,129" hai1="28,127,125,114,128,91,135,60,88,14,103,71,52" hai2="118,36,83,115,86,106,89,108,94,17,133,22,3" hai3="96,99,102,23,109,12,85,73,62,76,69,113,34"/><V116/><F3/><W16/><G109/><T77/><D129/><U58/><E114/><V33/><F108/><W6/><G113/><T104/><D104/><U87/><E71/><V112/><F33/><W98/><G34/><T126/><D126/><N who="1" m="48139" /><E135/><V130/><F36/><W56/><G73/><T44/><D70/><U29/><E103/><V4/><F4/><W21/><G69/><T39/><D64/><U72/><E72/><V32/><F32/><W35/><G6/><T59/><D59/><U65/><E128/><V41/><F41/><W120/><G35/><T80/><D39/><U27/><E27/><V121/><F121/><W49/><G49/><T20/><D20/><U101/><E101/><V54/><F130/><W19/><G85/><T66/><D66/><U132/><E65/><V92/><F106/><W134/><G76/><T37/><D37/><U31/><E132/><V7/><F7/><W63/><G63/><T1/><D100/><U48/><E14/><N who="2" m="9527" /><F133/><W40/><G40/><T95/><D77/><U51/><E91/><N who="2" m="51679" /><F94/><AGARI ba="2,1" hai="28,29,31,48,51,52,58,60,87,88,94" m="48139" machi="94" ten="30,3900,0" yaku="18,1,54,2" doraHai="111" who="1" fromWho="2" sc="126,0,445,55,159,-45,260,0" /><INIT seed="7,0,0,4,4,18" ten="126,500,114,260" oya="3" hai0="8,70,68,90,44,57,42,73,94,10,104,82,79" hai1="92,66,41,15,97,109,50,69,33,77,99,121,126" hai2="38,129,122,3,114,56,64,84,46,19,63,88,45" hai3="62,87,128,51,6,127,110,71,72,27,5,40,37"/><W4/><G72/><T107/><D57/><U118/><E33/><V131/><F3/><W52/><G127/><T20/><D70/><U103/><E77/><V83/><F114/><W30/><G37/><T76/><D76/><U7/><E121/><V74/><F122/><W95/><G128/><N who="2" m="49225" /><F38/><W108/><G87/><T34/><D34/><U2/><E15/><V93/><F19/><W117/><G95/><T113/><D68/><U36/><E50/><V48/><F48/><W98/><G98/><T53/><D53/><U25/><E66/><V0/><F0/><W105/><G105/><T101/><D20/><U80/><E25/><V61/><F61/><W28/><G40/><T14/><D8/><U49/><E80/><V102/><F102/><W65/><G117/><T47/><D47/><U116/><E97/><N who="2" m="57511" /><F74/><W96/><G96/><T67/><D67/><U134/><E69/><V39/><F39/><W123/><G123/><T86/><D101/><U43/><E7/><V29/><F29/><W119/><G119/><T125/><D125/><U120/><E92/><V23/><F23/><W13/><G13/><T115/><D113/><U75/><E134/><V60/><F60/><W32/><REACH who="3" step="1"/><G30/><REACH who="3" ten="126,500,114,250" step="2"/><T22/><D115/><U106/><E99/><V100/><F100/><W26/><G26/><T12/><D12/><U135/><E43/><V91/><AGARI ba="0,1" hai="45,46,56,63,64,83,84,91" m="57511,49225" machi="91" ten="30,2000,0" yaku="19,1,54,1" doraHai="18" who="2" fromWho="2" sc="126,-5,500,-5,114,30,250,-10" owari="121,-37.9,495,59.5,144,-25.6,240,4.0" /></mjloggm>