<mjloggm ver="2.3"><GO type="169" lobby="0"/><UN n0="%E3%83%88%E3%83%B3%E3%83%8D%E3%83%AB%E5%A4%A9%E5%9B%BD" n1="%E3%81%97%E3%82%89%E3%81%99%EF%BC%A1" n2="%E3%83%8A%E3%82%B4%E3%83%A0" n3="%74%77%69%74%63%68" dan="18,16,18,16" rate="2232.37,2114.95,2231.99,2128.89" sx="M,M,M,F"/><TAIKYOKU oya="0"/><INIT seed="0,0,0,1,1,13" ten="250,250,250,250" oya="0" hai0="15,22,94,29,63,23,82,73,34,97,129,132,86" hai1="120,43,126,49,44,27,78,32,0,110,99,14,116" hai2="42,133,4,31,55,96,109,19,135,16,26,81,134" hai3="5,117,17,118,88,108,101,36,9,100,2,24,75"/><T71/><D132/><U62/><E116/><V124/><F109/><W115/><G115/><T39/><D39/><U10/><E120/><V56/><F124/><W35/><G108/><T46/><D129/><U89/><E110/><V92/><F42/><W51/><G36/><T53/><D73/><U102/><E0/><V3/><F81/><W103/><G75/><T41/><D34/><U104/><E126/><V65/><F65/><W45/><G35/><T60/><D71/><U67/><E78/><V79/><F79/><W123/><G123/><T113/><D113/><U119/><E89/><N who="2" m="55311" /><F4/><W93/><G24/><N who="0" m="16535" /><D41/><U40/><E40/><V25/><F3/><W59/><G59/><T77/><D46/><U90/><E90/><V112/><F112/><W37/><G37/><T121/><D53/><U107/><E107/><V131/><F131/><W127/><G127/><T98/><D98/><U50/><E50/><N who="2" m="30839" /><F26/><W61/><G61/><T28/><D121/><U47/><E119/><V52/><F52/><W20/><G51/><T68/><D68/><U130/><E130/><V105/><F105/><W74/><G45/><T128/><D128/><U1/><E1/><V11/><F11/><W111/><G74/><T64/><D64/><U8/><E47/><V125/><F125/><W85/><REACH who="3" step="1"/><G111/><REACH who="3" ten="250,250,250,240" step="2"/><T66/><D63/><U6/><E62/><V57/><F57/><W21/><G21/><AGARI ba="0,1" hai="16,19,21,25,31,133,134,135" m="30839,55311" machi="21" ten="30,7700,0" yaku="20,1,52,2,54,1" doraHai="13" who="2" fromWho="3" sc="250,0,250,0,250,87,240,-77" /><INIT seed="1,0,0,1,5,97" ten="250,250,337,163" oya="1" hai0="12,10,20,2,125,117,15,75,127,66,98,31,80" hai1="131,0,35,61,38,96,16,50,53,74,43,120,25" hai2="79,18,28,115,128,36,106,9,77,105,39,13,94" hai3="104,55,119,83,132,111,23,87,56,91,108,33,134"/><U32/><E120/><V99/><F128/><W54/><G33/><T67/><D117/><U71/><E0/><V114/><F28/><W22/><G119/><T37/><D37/><N who="2" m="14410" /><F79/><W121/><G121/><T42/><D42/><U72/><E131/><V34/><F77/><W27/><G104/><T76/><D2/><U26/><E38/><V118/><F34/><W69/><G69/><T93/><D20/><N who="3" m="7721" /><G27/><T64/><D31/><U46/><E32/><V3/><F3/><W133/><G56/><T7/><REACH who="0" step="1"/><D15/><REACH who="0" ten="240,250,337,163" step="2"/><U48/><E35/><V1/><F1/><W113/><G113/><N who="2" m="43017" /><F118/><W14/><G14/><T40/><D40/><U51/><E26/><V57/><F57/><W116/><G116/><T41/><D41/><U62/><E43/><V92/><F92/><W107/><G107/><T52/><D52/><AGARI ba="0,1" hai="52,54,55,83,87,91,108,111,132,133,134" m="7721" machi="52" ten="40,2600,0" yaku="20,1,54,1" doraHai="97" who="3" fromWho="0" sc="240,-26,250,0,337,0,163,36" /><INIT seed="2,0,0,3,4,112" ten="214,250,337,199" oya="2" hai0="100,82,122,97,29,108,37,10,20,130,48,66,127" hai1="106,44,50,81,70,89,35,23,107,53,132,14,114" hai2="72,94,93,91,46,88,8,119,34,15,78,59,104" hai3="96,32,111,17,126,83,11,113,47,102,1,87,58"/><V54/><F104/><W77/><G111/><T69/><D122/><U9/><E114/><V26/><F119/><W41/><G126/><T45/><D37/><U0/><E35/><V13/><F72/><W117/><G113/><T19/><D108/><U71/><E0/><V27/><F78/><W36/><G32/><T22/><D130/><U2/><E2/><V38/><F38/><W101/><G117/><T121/><D121/><U80/><E80/><V115/><F46/><W105/><G102/><T61/><D82/><U52/><E23/><V125/><F115/><W55/><G17/><T4/><D29/><U43/><E132/><V7/><F15/><W30/><G30/><T110/><D19/><U123/><E123/><V64/><F64/><W90/><G11/><T62/><D62/><U95/><E81/><V99/><F34/><W33/><G33/><T12/><D127/><U85/><E107/><V124/><F124/><W98/><G1/><T31/><D31/><U92/><E92/><V16/><F7/><W68/><G68/><T51/><D110/><U49/><E43/><V118/><F118/><W84/><G101/><T3/><D3/><U57/><E106/><V6/><F6/><AGARI ba="0,0" hai="6,9,14,44,49,50,52,53,57,70,71,85,89,95" machi="6" ten="30,2000,0" yaku="7,1,54,1" doraHai="112" who="1" fromWho="2" sc="214,0,250,20,337,-20,199,0" /><INIT seed="3,0,0,1,1,88" ten="214,270,317,199" oya="3" hai0="24,128,52,9,37,29,56,86,17,71,42,73,40" hai1="130,3,90,111,33,121,12,100,93,87,46,50,0" hai2="4,96,101,114,16,53,11,70,119,38,5,117,91" hai3="67,95,23,48,116,74,105,43,39,80,1,28,60"/><W85/><G105/><T26/><D73/><U54/><E121/><V25/><F114/><W132/><G116/><T127/><D71/><U47/><E111/><V112/><F112/><W108/><G108/><T14/><D128/><U120/><E120/><V49/><F38/><W57/><G39/><T36/><D127/><U51/><E33/><V59/><F70/><W106/><G106/><T76/><D37/><U21/><E100/><V69/><F69/><W27/><G1/><T34/><D36/><U81/><E130/><V113/><F113/><W30/><G74/><T82/><REACH who="0" step="1"/><D24/><REACH who="0" ten="204,270,317,199" step="2"/><U110/><E110/><V19/><F119/><W77/><G132/><T68/><D68/><U41/><E0/><V104/><F117/><W97/><G30/><T63/><AGARI ba="0,1" hai="9,14,17,26,29,34,40,42,52,56,63,76,82,86" machi="63" ten="20,5200,0" yaku="1,1,0,1,7,1,54,1,53,0" doraHai="88" doraHaiUra="35" who="0" fromWho="0" sc="204,62,270,-13,317,-13,199,-26" /><INIT seed="4,0,0,5,1,69" ten="266,257,304,173" oya="0" hai0="74,67,29,64,45,80,70,133,116,114,135,39,95" hai1="68,55,42,52,109,111,128,123,104,56,122,4,59" hai2="88,14,106,27,26,101,127,32,25,84,93,53,113" hai3="121,92,73,112,61,62,8,50,129,108,47,81,96"/><T3/><D3/><U38/><E104/><V17/><F113/><W46/><G121/><N who="1" m="46090" /><E68/><V65/><F127/><W49/><G112/><T54/><D116/><U79/><E79/><V103/><F32/><W57/><G108/><N who="1" m="41546" /><E128/><V0/><F0/><W99/><G129/><T130/><D114/><U78/><E78/><V83/><F65/><W18/><G73/><T43/><D29/><U60/><E4/><V119/><F119/><W107/><G107/><T125/><D125/><U100/><E100/><V15/><F15/><W63/><G81/><T5/><D5/><U124/><E124/><V87/><F53/><N who="1" m="20553" /><E60/><V97/><F106/><W91/><G96/><T21/><D70/><U102/><E102/><V66/><F66/><W72/><G72/><T120/><D120/><U117/><E117/><V134/><F87/><W132/><G132/><T44/><D74/><U41/><E41/><V13/><F134/><N who="0" m="51210" /><D64/><U76/><E76/><N who="2" m="46183" /><F14/><N who="3" m="7495" /><G57/><T31/><D67/><U30/><E30/><V9/><AGARI ba="0,0" hai="9,13,17,25,26,27,88,93,97,101,103" m="46183" machi="9" ten="30,2000,0" yaku="8,1,54,1" doraHai="69" who="2" fromWho="2" sc="266,-10,257,-5,304,20,173,-5" /><INIT seed="5,0,0,5,5,26" ten="256,252,324,168" oya="1" hai0="31,35,129,45,50,5,42,104,101,127,87,112,74" hai1="58,17,98,66,81,126,65,34,9,103,1,93,46" hai2="123,52,86,16,25,10,47,29,39,107,85,67,53" hai3="125,68,62,24,132,72,49,133,71,61,116,115,21"/><U80/><E126/><V73/><F73/><W128/><G72/><T108/><D108/><U32/><E32/><V134/><F107/><W33/><G33/><T99/><D74/><U119/><E34/><V36/><F123/><W51/><G116/><T109/><D109/><U6/><E119/><V124/><F67/><W7/><G7/><T60/><D129/><U96/><E46/><V89/><F124/><W48/><G115/><T2/><D112/><U63/><E65/><V14/><F86/><W120/><G120/><T122/><D122/><U12/><REACH who="1" step="1"/><E96/><REACH who="1" ten="256,242,324,168" step="2"/><V102/><F47/><W82/><G125/><T75/><D99/><U22/><AGARI ba="0,1" hai="1,6,9,12,17,22,58,63,66,80,81,93,98,103" machi="22" ten="20,12000,1" yaku="1,1,2,1,0,1,7,1,53,1" doraHai="26" doraHaiUra="97" who="1" fromWho="1" sc="256,-40,242,130,324,-40,168,-40" /><INIT seed="5,1,0,4,4,19" ten="216,372,284,128" oya="1" hai0="108,52,89,24,33,46,109,58,44,93,34,49,103" hai1="88,76,14,111,6,38,54,56,3,43,55,57,18" hai2="114,107,8,86,20,21,29,4,104,101,59,7,25" hai3="48,42,98,112,118,68,37,35,127,105,61,40,28"/><U115/><E115/><V134/><F134/><W2/><G118/><T47/><D103/><U39/><E76/><V75/><F75/><W5/><G127/><T72/><D72/><U79/><E79/><V116/><F116/><W117/><G117/><T90/><D24/><U16/><E3/><V92/><F114/><W66/><G112/><T17/><D17/><U15/><E43/><V96/><F7/><W120/><G120/><T1/><D1/><U82/><E6/><V53/><F21/><W85/><G85/><T60/><D60/><U122/><E122/><V94/><F86/><W128/><G128/><T36/><D36/><U135/><E135/><V64/><F107/><W125/><G125/><T81/><D81/><U70/><E70/><V78/><F64/><W26/><G48/><T121/><D121/><U133/><E133/><V106/><F106/><W50/><G50/><T27/><D27/><U51/><E111/><V45/><F45/><W80/><G80/><T12/><D12/><N who="1" m="4651" /><E39/><V110/><F78/><W73/><G73/><T65/><D65/><U95/><E82/><V67/><F67/><W83/><G83/><T77/><D77/><U62/><E38/><V129/><F129/><W123/><G123/><T126/><D126/><U131/><E131/><V0/><REACH who="2" step="1"/><F110/><REACH who="2" ten="216,372,274,128" step="2"/><W31/><G37/><T32/><REACH who="0" step="1"/><D89/><REACH who="0" ten="206,372,274,128" step="2"/><U69/><E88/><V74/><F74/><W132/><G132/><T99/><AGARI ba="1,2" hai="32,33,34,44,46,47,49,52,58,90,93,99,108,109" machi="99" ten="40,8000,1" yaku="1,1,2,1,0,1,54,1,53,1" doraHai="19" doraHaiUra="87" who="0" fromWho="0" sc="206,103,372,-41,274,-21,128,-21" /><INIT seed="6,0,0,3,4,3" ten="309,331,253,107" oya="2" hai0="53,111,74,127,71,135,61,28,86,98,9,132,95" hai1="102,105,17,78,15,11,92,62,121,57,50,115,64" hai2="45,84,23,126,65,52,114,87,18,5,19,122,77" hai3="79,130,101,63,12,83,109,75,44,90,59,107,33"/><V73/><F122/><W51/><G109/><T43/><D111/><U94/><E115/><V13/><F114/><W35/><G130/><T68/><D74/><U100/><E121/><V120/><F120/><W80/><G107/><T6/><D43/><U56/><E78/><V49/><F126/><W123/><G123/><T38/><D38/><U30/><E30/><V72/><F65/><W47/><G101/><N who="1" m="39018" /><E105/><V113/><F113/><W14/><G35/><T124/><D86/><U60/><E50/><V85/><F77/><W129/><G129/><T10/><D53/><AGARI ba="0,0" hai="11,15,17,53,56,57,60,62,64,92,94" m="39018" machi="53" ten="30,1000,0" yaku="8,1" doraHai="3" who="1" fromWho="0" sc="309,-10,331,10,253,0,107,0" /><INIT seed="7,0,0,4,0,94" ten="299,341,253,107" oya="3" hai0="16,28,39,110,69,89,55,19,126,130,29,67,107" hai1="4,88,92,12,93,62,90,109,68,43,24,117,134" hai2="127,61,112,111,56,60,51,17,25,10,21,57,124" hai3="125,6,122,15,97,82,44,70,20,50,75,80,30"/><W13/><G122/><T49/><D39/><U131/><E109/><V48/><F111/><W72/><G70/><T53/><D110/><U128/><E134/><V1/><F112/><W100/><G125/><T105/><D69/><U84/><E43/><V121/><F121/><W18/><G30/><T77/><D77/><U118/><E24/><V9/><F1/><W129/><G129/><N who="1" m="49738" /><E12/><V79/><F79/><W31/><G31/><T33/><D89/><U41/><E41/><V76/><F76/><W95/><G72/><T46/><D67/><N who="1" m="41079" /><E4/><V86/><F86/><AGARI ba="0,0" hai="84,86,88,90,92,93,117,118" m="41079,49738" machi="86" ten="30,2000,0" yaku="19,1,54,1" doraHai="94" who="1" fromWho="2" sc="299,0,341,20,253,-20,107,0" owari="299,9.9,361,46.1,233,-16.7,107,-39.3" /></mjloggm>