<mjloggm ver="2.3"><GO type="169" lobby="0"/><UN n0="%E7%9B%AE%E5%8A%9B%36%30" n1="%E3%81%A8%E3%81%B3%E3%81%BE%E3%81%93" n2="%6D%75%72%61%30%2B" n3="%E3%83%AA%E3%83%BC%E3%83%81%E3%83%89%E3%83%A9" dan="16,18,16,17" rate="2157.56,2215.41,2133.23,2167.29" sx="M,M,M,M"/><TAIKYOKU oya="0"/><INIT seed="0,0,0,0,3,126" ten="250,250,250,250" oya="0" hai0="128,62,46,123,89,9,92,87,10,75,107,50,95" hai1="35,32,113,106,93,112,124,22,68,91,61,42,132" hai2="31,26,45,102,99,56,80,54,66,55,30,28,125" hai3="85,81,49,25,43,59,64,38,67,79,51,17,121"/><T57/><D123/><U76/><E106/><V71/><F71/><W100/><G121/><T82/><D107/><U18/><E42/><V15/><F125/><W130/><G100/><T96/><D128/><U3/><E3/><V109/><F109/><W8/><G130/><T40/><D75/><U63/><E76/><V111/><F111/><W47/><G38/><T133/><D133/><U88/><E124/><V19/><F80/><W69/><G69/><T78/><REACH who="0" step="1"/><D95/><REACH who="0" ten="240,250,250,250" step="2"/><U12/><E132/><V131/><F131/><W37/><G37/><T53/><AGARI ba="0,1" hai="9,10,40,46,50,53,57,62,78,82,87,89,92,96" machi="53" ten="20,12000,1" yaku="1,1,2,1,0,1,7,1,8,1,53,0" doraHai="126" doraHaiUra="122" who="0" fromWho="0" sc="240,130,250,-40,250,-40,250,-40" /><INIT seed="0,1,0,2,4,8" ten="370,210,210,210" oya="0" hai0="93,40,87,53,121,0,114,117,52,33,32,45,106" hai1="135,101,63,70,37,21,77,29,47,126,13,56,91" hai2="9,20,99,111,3,18,130,84,133,74,24,15,81" hai3="96,14,34,104,55,35,103,43,79,10,2,16,88"/><T61/><D114/><U11/><E70/><V123/><F123/><W134/><G134/><T118/><D106/><U122/><E122/><V90/><F111/><W25/><G79/><T58/><D121/><U50/><E37/><V94/><F130/><W6/><G43/><T30/><D0/><U31/><E135/><V5/><F133/><W127/><G127/><T23/><D53/><N who="1" m="29919" /><E126/><V131/><F131/><W41/><G41/><T75/><D75/><U54/><E77/><V128/><F128/><W51/><G25/><T105/><D105/><U4/><E101/><V82/><F74/><W107/><G104/><T125/><D125/><U46/><E21/><V65/><F65/><W120/><G120/><T97/><D87/><U7/><E7/><V112/><F112/><W102/><G103/><T62/><D62/><U12/><E12/><V132/><F132/><W60/><G88/><T85/><D85/><U129/><E129/><V119/><F119/><W17/><G60/><T113/><D113/><U42/><E42/><V36/><F36/><W83/><G83/><T72/><D72/><U49/><E91/><V48/><F48/><W67/><G67/><T44/><D118/><U100/><E100/><V124/><F124/><W22/><G17/><T98/><D117/><U38/><E38/><V19/><REACH who="2" step="1"/><F84/><REACH who="2" ten="370,210,200,210" step="2"/><W69/><G69/><T1/><D98/><U95/><E49/><V109/><F109/><W86/><G86/><T26/><D97/><U66/><E95/><V78/><F78/><W64/><G64/><T73/><D73/><U68/><E68/><V92/><F92/><RYUUKYOKU ba="1,1" sc="370,-30,210,10,200,10,210,10" hai1="4,11,13,29,31,46,54,56,63,66" hai2="3,5,9,15,18,19,20,24,81,82,90,94,99" hai3="2,6,10,14,16,22,34,35,51,55,96,102,107" /><INIT seed="1,2,1,4,1,88" ten="340,220,210,220" oya="1" hai0="47,26,24,30,70,41,77,127,102,63,7,32,119" hai1="74,130,116,80,60,85,104,21,122,114,121,44,4" hai2="134,62,105,90,83,135,107,3,27,123,29,59,25" hai3="109,124,75,43,71,36,0,16,52,1,73,28,5"/><U89/><E114/><V78/><F3/><W108/><G71/><T17/><D119/><U14/><E116/><V99/><F123/><W67/><G67/><T34/><D127/><U131/><E104/><V101/><F107/><W51/><G124/><T91/><D7/><U49/><E60/><V103/><F103/><W20/><G28/><T23/><D77/><U56/><E56/><V112/><F90/><W76/><G43/><T11/><D11/><N who="1" m="4455" /><E74/><N who="3" m="28170" /><G76/><T93/><D102/><U84/><E84/><V58/><F58/><N who="3" m="33055" /><G36/><T54/><D34/><U94/><E21/><V31/><F112/><W95/><G95/><T100/><D100/><U106/><E80/><V115/><F115/><W8/><G5/><T96/><D70/><U86/><E86/><V45/><F83/><W39/><G39/><T61/><D54/><N who="1" m="29991" /><E106/><V64/><F105/><W10/><G1/><T42/><REACH who="0" step="1"/><D41/><REACH who="0" ten="330,220,210,220" step="2"/><U6/><E6/><V22/><F101/><W18/><G0/><T38/><AGARI ba="2,2" hai="17,23,24,26,30,32,38,42,47,61,63,91,93,96" machi="38" ten="20,8000,1" yaku="1,1,2,1,0,1,7,1,52,1,53,0" doraHai="88" doraHaiUra="35" who="0" fromWho="0" sc="330,106,220,-42,210,-22,220,-22" /><INIT seed="2,0,0,0,4,125" ten="436,178,188,198" oya="2" hai0="111,63,100,75,122,34,32,66,80,57,37,8,58" hai1="49,33,9,115,119,45,89,62,124,126,51,68,65" hai2="35,82,70,47,87,79,46,7,107,116,105,10,29" hai3="83,43,52,64,118,0,104,36,78,40,110,84,6"/><V103/><F116/><W3/><G118/><T134/><D111/><U96/><E33/><V41/><F70/><W129/><G104/><T2/><D122/><U133/><E119/><V53/><F53/><W48/><G110/><T117/><D117/><U50/><E9/><V22/><F35/><W135/><G135/><T91/><D100/><U123/><E89/><V108/><F103/><W13/><G64/><T85/><D37/><U95/><E95/><V106/><F108/><W113/><G113/><T55/><D134/><U86/><E86/><V1/><REACH who="2" step="1"/><F41/><REACH who="2" ten="436,178,178,198" step="2"/><W44/><G40/><T73/><D34/><U90/><E133/><V19/><F19/><W28/><G28/><T99/><D32/><U112/><E123/><V72/><F72/><W26/><G52/><T18/><D75/><U17/><E17/><V77/><F77/><W132/><G78/><T30/><D73/><U20/><E115/><V16/><F16/><W92/><G43/><T120/><D120/><U94/><E112/><V39/><F39/><W97/><G36/><T4/><D18/><U101/><E101/><V67/><F67/><W88/><G132/><T15/><D30/><U109/><E109/><V25/><AGARI ba="0,1" hai="1,7,10,22,25,29,46,47,79,82,87,105,106,107" machi="25" ten="40,3900,0" yaku="1,1,0,1,53,0" doraHai="125" doraHaiUra="38" who="2" fromWho="2" sc="436,-13,178,-13,178,49,198,-13" /><INIT seed="2,1,0,4,0,1" ten="423,165,227,185" oya="2" hai0="37,74,27,78,55,10,71,50,66,95,86,98,4" hai1="103,114,94,18,112,124,21,122,119,3,31,104,131" hai2="44,81,2,12,118,93,110,23,76,36,113,117,126" hai3="7,47,8,43,13,54,62,65,91,48,96,17,127"/><V107/><F107/><W19/><G127/><T15/><D74/><U84/><E119/><V30/><F113/><W25/><G43/><T106/><D37/><U102/><E124/><V90/><F126/><W121/><G121/><T56/><D106/><U11/><E122/><V87/><F2/><W89/><G96/><T88/><D71/><U116/><E116/><V77/><F77/><W72/><G72/><T24/><D66/><U16/><E131/><V29/><F29/><W38/><G38/><T79/><D79/><U133/><E133/><V20/><F20/><W60/><G60/><T40/><D40/><U39/><E39/><V57/><F57/><N who="3" m="37071" /><G25/><T14/><D14/><U129/><E129/><V99/><F110/><W32/><G32/><T0/><D0/><U6/><E104/><V33/><F33/><W34/><G34/><T69/><D69/><U75/><E75/><V41/><REACH who="2" step="1"/><F12/><REACH who="2" ten="423,165,217,185" step="2"/><W68/><G68/><T52/><D78/><U82/><E114/><V83/><F83/><W123/><G123/><T59/><D98/><U134/><E112/><V132/><F132/><W135/><G135/><T67/><D67/><U51/><E134/><V105/><F105/><W97/><G97/><T100/><D100/><U73/><E103/><V26/><AGARI ba="1,1" hai="23,26,30,36,41,44,76,81,87,90,93,99,117,118" machi="26" ten="30,3000,0" yaku="1,1,0,1,53,0" doraHai="1" doraHaiUra="9" who="2" fromWho="2" sc="423,-11,165,-11,217,43,185,-11" /><INIT seed="2,2,0,4,0,9" ten="412,154,260,174" oya="2" hai0="76,7,84,83,61,78,120,73,56,4,63,14,59" hai1="100,29,118,70,12,91,97,49,2,111,15,34,88" hai2="16,24,110,96,102,119,45,47,129,13,53,26,107" hai3="124,108,133,10,106,104,52,130,40,48,74,82,95"/><V1/><F119/><W38/><G108/><T42/><D120/><U75/><E2/><V6/><F129/><W39/><G133/><T41/><D73/><U86/><E118/><V89/><F110/><W60/><G130/><T77/><D84/><U134/><E111/><V114/><F114/><W3/><G124/><T20/><D83/><U122/><E75/><V57/><F1/><W85/><G60/><N who="0" m="23115" /><D20/><U117/><E117/><V36/><F89/><W66/><G95/><T132/><D132/><U81/><E91/><V72/><F6/><N who="0" m="2090" /><D14/><U27/><E134/><V123/><F72/><W67/><G74/><T116/><D116/><U43/><E70/><V128/><F123/><W69/><G69/><T25/><D25/><U131/><E122/><V18/><F18/><W80/><G82/><T94/><D94/><U11/><E11/><V22/><F128/><W71/><G71/><T62/><D62/><U64/><E64/><V65/><F65/><W28/><G28/><T113/><D113/><U46/><E131/><V87/><F87/><W115/><G115/><T30/><D30/><U8/><E8/><V0/><F0/><W93/><G67/><T103/><D103/><U23/><E34/><V54/><F26/><W17/><G66/><T68/><D68/><U126/><E126/><V51/><F24/><W31/><G31/><T121/><D121/><U125/><E125/><V92/><F107/><AGARI ba="2,0" hai="12,15,23,27,29,43,46,49,81,86,88,97,100,107" machi="107" ten="30,7700,0" yaku="7,1,52,2,54,1" doraHai="9" who="1" fromWho="2" sc="412,0,154,83,260,-83,174,0" /><INIT seed="3,0,0,3,3,52" ten="412,237,177,174" oya="3" hai0="42,131,86,96,7,46,22,76,93,33,50,124,49" hai1="117,59,38,57,8,98,80,11,60,73,18,84,55" hai2="35,104,6,121,31,16,106,94,23,123,64,78,56" hai3="82,88,66,103,15,116,91,102,29,24,70,20,17"/><W114/><G114/><T71/><D33/><U40/><E73/><V112/><F112/><W100/><G116/><T132/><D71/><U134/><E117/><V9/><F78/><W97/><G70/><T69/><D69/><U72/><E72/><V85/><F31/><W4/><G66/><T5/><D132/><U75/><E75/><V1/><F35/><W43/><G43/><T92/><D131/><U127/><E134/><V118/><F118/><W119/><G119/><T120/><D124/><U135/><E127/><V54/><F64/><W79/><G4/><T26/><D50/><U99/><E40/><V74/><F74/><W44/><G44/><T101/><D120/><N who="2" m="46154" /><F94/><W13/><G97/><N who="1" m="36874" /><E38/><V113/><F85/><N who="3" m="48351" /><G13/><T21/><D21/><AGARI ba="0,0" hai="15,17,20,21,24,29,88,91,100,102,103" m="48351" machi="21" ten="30,2900,0" yaku="8,1,54,1" doraHai="52" who="3" fromWho="0" sc="412,-29,237,0,177,0,174,29" /><INIT seed="3,1,0,5,2,132" ten="383,237,177,203" oya="3" hai0="86,126,134,48,68,88,7,112,127,116,135,21,83" hai1="63,128,39,69,14,72,2,98,30,29,94,113,50" hai2="105,107,26,62,70,27,33,9,8,114,4,18,101" hai3="74,111,58,16,32,56,43,115,119,110,65,35,20"/><W15/><G115/><T5/><D68/><U45/><E2/><V34/><F114/><W133/><G119/><T84/><D116/><U24/><E72/><V76/><F76/><W42/><G74/><T46/><D112/><U122/><E122/><V108/><F107/><W41/><G133/><N who="0" m="50699" /><D21/><U53/><E39/><V36/><F36/><W103/><G103/><T6/><D86/><U66/><E128/><V22/><F108/><N who="3" m="41515" /><G65/><T99/><D99/><U80/><E80/><V54/><F101/><W130/><G130/><T120/><D120/><U0/><E0/><V40/><F105/><W61/><G61/><T17/><D17/><U31/><E14/><V87/><F18/><W97/><G97/><T131/><D131/><U93/><E93/><V28/><F62/><W91/><G91/><T125/><D5/><U121/><E121/><V82/><F4/><W59/><AGARI ba="1,0" hai="15,16,20,32,35,41,42,43,56,58,59" m="41515" machi="59" ten="40,7800,0" yaku="14,1,10,1,54,1" doraHai="132" who="3" fromWho="3" sc="383,-27,237,-27,177,-27,203,81" /><INIT seed="3,2,0,2,0,132" ten="356,210,150,284" oya="3" hai0="102,83,103,111,130,70,47,88,97,2,134,115,35" hai1="54,122,60,105,81,120,13,92,127,131,24,86,37" hai2="118,42,64,48,53,82,133,7,87,3,28,36,46" hai3="67,66,49,29,34,45,65,117,108,22,69,74,107"/><W114/><G114/><T12/><D2/><U30/><E105/><V44/><F118/><W19/><G117/><T123/><D123/><U100/><E37/><V38/><F133/><W58/><G74/><T91/><D70/><U41/><E41/><V27/><F64/><W93/><G107/><T119/><D35/><U94/><E13/><V104/><F104/><W101/><G69/><T84/><D134/><U78/><E131/><V80/><F38/><W95/><G108/><T106/><D119/><U33/><E127/><V0/><F82/><W89/><G34/><T21/><D130/><U16/><E16/><V63/><F63/><N who="3" m="38135" /><G29/><T50/><D103/><U61/><E100/><V90/><REACH who="2" step="1"/><F7/><REACH who="2" ten="356,210,140,284" step="2"/><W8/><G95/><T25/><D115/><U76/><E94/><V32/><AGARI ba="2,1" hai="0,3,27,28,32,36,42,44,46,48,53,80,87,90" machi="32" ten="20,8000,1" yaku="1,1,2,1,0,1,7,1,53,1" doraHai="132" doraHaiUra="39" who="2" fromWho="2" sc="356,-22,210,-22,140,96,284,-42" /><INIT seed="4,0,0,1,1,80" ten="334,188,236,242" oya="0" hai0="70,105,133,128,41,86,44,14,126,6,90,129,113" hai1="83,77,8,61,23,18,24,79,71,85,121,104,4" hai2="37,40,106,25,73,55,103,7,16,3,109,91,114" hai3="131,17,10,119,76,43,15,120,69,98,135,112,81"/><T108/><D105/><U82/><E104/><V118/><F109/><W75/><G119/><T12/><D70/><U42/><E121/><V9/><F73/><W2/><G120/><T123/><D123/><U87/><E42/><V99/><F114/><W101/><G69/><T22/><D113/><U20/><E20/><V122/><F122/><W94/><G112/><T72/><D72/><U38/><E38/><V127/><F127/><W59/><G135/><T30/><D133/><U67/><E8/><V26/><F37/><W63/><G43/><T62/><D62/><U66/><E66/><V52/><F40/><W60/><G131/><N who="0" m="50251" /><D6/><AGARI ba="0,0" hai="4,6,18,23,24,61,67,71,77,79,82,83,85,87" machi="6" ten="40,5200,0" yaku="9,1,52,2" doraHai="80" who="1" fromWho="0" sc="334,-52,188,52,236,0,242,0" /><INIT seed="5,0,0,3,5,69" ten="282,240,236,242" oya="1" hai0="65,101,107,133,85,27,22,41,50,48,42,3,44" hai1="46,128,19,24,32,70,64,111,53,26,5,110,86" hai2="21,6,104,54,43,49,118,96,99,102,127,98,40" hai3="76,60,20,9,113,4,109,90,112,47,131,12,66"/><U17/><E128/><V2/><F127/><W72/><G131/><T94/><D3/><U67/><E5/><V122/><F122/><W56/><G109/><N who="1" m="41482" /><E86/><V55/><F55/><W106/><G106/><T13/><D107/><U36/><E53/><V45/><F118/><W123/><G123/><T130/><D130/><U23/><E70/><V0/><F99/><W83/><G90/><T108/><D108/><U71/><E71/><V132/><F132/><W75/><G75/><T78/><D133/><U92/><E92/><V16/><F98/><W38/><REACH who="3" step="1"/><G20/><REACH who="3" ten="282,240,236,232" step="2"/><T15/><D22/><N who="1" m="13391" /><E32/><V58/><F104/><W37/><G37/><T11/><D78/><U126/><E126/><V80/><F21/><W25/><G25/><T97/><D27/><U115/><E115/><V63/><F96/><W68/><G68/><T91/><D97/><U79/><E79/><V33/><F33/><W1/><G1/><T29/><D91/><U18/><E18/><V31/><F16/><W88/><G88/><T57/><D101/><U7/><E7/><V82/><F102/><W105/><G105/><T10/><D85/><U59/><E59/><V51/><F0/><W93/><G93/><T134/><D94/><U61/><E36/><V52/><F2/><W74/><G74/><T73/><D73/><U120/><E120/><V100/><F6/><W121/><G121/><T14/><D134/><U119/><E19/><V84/><F84/><W34/><G34/><T30/><D57/><U114/><E23/><V77/><F58/><W28/><G28/><T89/><D30/><U103/><E103/><RYUUKYOKU ba="0,1" sc="282,-10,240,-10,236,-10,232,30" hai3="4,9,12,38,47,56,60,66,72,76,83,112,113" /><INIT seed="6,1,1,0,4,133" ten="272,230,226,262" oya="2" hai0="53,87,16,56,68,51,101,81,72,41,24,64,112" hai1="110,97,25,70,126,20,79,122,61,0,76,109,45" hai2="40,93,1,130,52,42,63,86,32,54,19,107,108" hai3="50,74,28,124,6,134,105,88,127,94,89,106,39"/><V75/><F130/><W46/><G39/><T116/><D112/><U23/><E0/><V66/><F107/><N who="3" m="40971" /><G6/><T62/><D72/><U131/><E131/><V33/><F75/><W2/><G2/><T120/><D120/><U123/><E126/><N who="3" m="48170" /><G134/><T128/><D101/><U69/><E61/><V92/><F1/><W67/><G74/><T21/><D128/><U18/><E45/><V78/><F108/><W71/><G28/><T60/><D116/><U58/><E18/><V30/><F19/><W14/><G14/><T104/><D104/><U8/><E25/><V34/><F30/><W57/><G57/><T31/><D31/><U129/><E58/><V10/><F10/><W43/><G94/><T15/><D15/><U119/><E129/><V36/><F93/><W47/><G46/><T9/><D9/><U100/><E8/><V44/><F92/><W135/><G135/><T73/><D73/><U121/><E121/><V125/><F125/><W90/><G67/><T114/><D114/><U35/><E123/><V26/><F26/><W3/><G3/><T95/><D95/><U59/><E122/><V49/><F36/><W96/><G96/><T27/><D27/><U91/><E97/><V77/><F66/><W85/><G85/><T11/><D11/><U5/><E5/><V29/><F29/><W113/><G113/><T118/><D87/><U84/><E84/><V38/><F86/><W98/><G98/><T7/><D7/><U4/><E4/><V103/><F38/><W37/><G37/><T82/><D118/><U12/><E119/><V132/><F132/><RYUUKYOKU ba="1,1" sc="272,15,230,-15,226,-15,262,15" hai0="16,21,24,41,51,53,56,60,62,64,68,81,82" hai3="43,47,50,71,88,89,90" /><INIT seed="7,2,1,3,1,6" ten="287,215,211,277" oya="3" hai0="22,121,24,49,54,94,112,82,116,110,38,39,5" hai1="108,33,119,11,122,58,46,8,36,73,53,16,130" hai2="77,85,76,96,44,13,103,114,113,72,86,2,80" hai3="66,78,67,91,124,0,55,97,27,125,84,41,63"/><W71/><G0/><T127/><D110/><U115/><E122/><V118/><F2/><W95/><G41/><T93/><D116/><U15/><E33/><V4/><F118/><W105/><G55/><T21/><D121/><U104/><E104/><V31/><F31/><W120/><G120/><T50/><D127/><N who="3" m="48713" /><G27/><T17/><D112/><N who="2" m="43114" /><F44/><W51/><G51/><T56/><D82/><U126/><E115/><V3/><F3/><W98/><G67/><T70/><D70/><U102/><E119/><V64/><F64/><W35/><G35/><T135/><D135/><U111/><E126/><V134/><F134/><W20/><G20/><T18/><D5/><U123/><E123/><V69/><F69/><W19/><G19/><T14/><REACH who="0" step="1"/><D50/><REACH who="0" ten="277,215,211,277" step="2"/><U32/><E108/><V7/><F77/><W100/><G78/><T99/><D99/><AGARI ba="2,2" hai="63,66,71,84,91,95,97,98,99,100,105" m="48713" machi="99" ten="30,1500,0" yaku="18,1" doraHai="6" who="3" fromWho="0" sc="277,-21,215,0,211,0,277,41" owari="256,5.6,215,-18.5,211,-28.9,318,41.8" /></mjloggm>