<mjloggm ver="2.3"><GO type="169" lobby="0"/><UN n0="%E9%87%A3%E3%82%8A%E6%97%A5%E5%92%8C" n1="%4D%75%64%46%6C%6F%77" n2="%E3%83%90%E3%82%AD" n3="%E3%82%A8%E3%82%B0%E3%83%81%E3%80%81" dan="18,17,16,17" rate="2227.24,2172.55,2125.95,2208.98" sx="M,M,M,M"/><TAIKYOKU oya="0"/><INIT seed="0,0,0,3,0,41" ten="250,250,250,250" oya="0" hai0="4,12,109,125,78,51,37,17,118,107,20,48,29" hai1="122,84,88,28,21,26,55,10,97,38,134,1,87" hai2="90,68,13,14,36,95,32,62,100,126,81,66,111" hai3="18,76,35,113,121,85,58,54,11,24,39,34,67"/><T98/><D118/><U15/><E122/><V123/><F123/><W30/><G113/><T40/><D125/><U45/><E134/><V3/><F3/><W72/><G72/><T103/><D109/><U71/><E71/><V116/><F111/><W60/><G39/><T101/><D101/><U105/><E1/><V130/><F126/><W57/><G121/><T0/><D29/><U77/><E77/><V6/><F32/><W8/><G35/><T112/><D112/><U135/><E135/><V56/><F36/><W50/><G18/><T120/><D120/><U75/><E75/><V70/><F130/><W64/><G64/><T110/><D78/><U132/><E132/><V91/><F100/><W133/><G133/><T65/><D65/><U19/><E105/><V117/><F81/><W73/><G73/><T44/><REACH who="0" step="1"/><D110/><REACH who="0" ten="240,250,250,250" step="2"/><U129/><E129/><V7/><F117/><W25/><G30/><T31/><D31/><U9/><E28/><V80/><F66/><W99/><G34/><T79/><D79/><U89/><E89/><V69/><F90/><W104/><G104/><T59/><D59/><U102/><E88/><V92/><F56/><W2/><G76/><T5/><D5/><U42/><E102/><V43/><F6/><N who="3" m="1111" /><G58/><T16/><D16/><U119/><E19/><V47/><F7/><W106/><G67/><T82/><D82/><U27/><E119/><V86/><F116/><W115/><G115/><T124/><D124/><U22/><E97/><V83/><F80/><W53/><G99/><T128/><D128/><U52/><E84/><V74/><F86/><RYUUKYOKU ba="0,1" sc="240,30,250,-10,250,-10,250,-10" hai0="0,4,12,17,20,37,40,44,48,51,98,103,107" /><INIT seed="0,1,1,3,3,29" ten="270,240,240,240" oya="0" hai0="63,132,28,46,74,102,42,49,71,117,51,77,68" hai1="66,25,65,105,125,14,73,114,97,104,61,53,10" hai2="80,93,67,133,45,107,58,70,127,124,118,43,89" hai3="23,30,81,110,116,40,1,4,31,32,90,57,16"/><T36/><D117/><U92/><E125/><N who="2" m="48203" /><F107/><W19/><G116/><T47/><D102/><U76/><E114/><V17/><F118/><W69/><G69/><N who="0" m="26699" /><D28/><U13/><E13/><V112/><F133/><W121/><G40/><N who="0" m="24807" /><D77/><U128/><E76/><V120/><F70/><W94/><G110/><T59/><D74/><U62/><E73/><V85/><F120/><W27/><G121/><T6/><D6/><U22/><E105/><V20/><F112/><W55/><G81/><T135/><D36/><U83/><E83/><V106/><F80/><W91/><G31/><T34/><D34/><U56/><E104/><V33/><F106/><W24/><G19/><T88/><D88/><U98/><E92/><V26/><F33/><W41/><G94/><T35/><D35/><U48/><E97/><V82/><F82/><W37/><G4/><T131/><D131/><U95/><E128/><V111/><F111/><W129/><G129/><T12/><D12/><U18/><E98/><V101/><F101/><W54/><G1/><T50/><D50/><U75/><E75/><V39/><F93/><W86/><G86/><T96/><D96/><U21/><E95/><V38/><F89/><W8/><G8/><T9/><D9/><U7/><E22/><V15/><F85/><W72/><G72/><T0/><D0/><U52/><E48/><N who="2" m="26687" /><F15/><W122/><G91/><T60/><D60/><AGARI ba="1,1" hai="17,20,26,38,39,58,60,67" m="26687,48203" machi="60" ten="30,1000,0" yaku="18,1" doraHai="29" who="2" fromWho="0" sc="270,-13,240,0,240,23,240,0" /><INIT seed="1,0,0,1,1,55" ten="257,240,263,240" oya="1" hai0="69,92,111,119,104,40,1,16,81,21,52,120,10" hai1="82,83,76,27,36,39,97,102,14,9,107,86,58" hai2="94,42,15,78,5,32,64,0,63,46,95,73,99" hai3="49,130,91,89,2,127,35,84,30,72,117,67,48"/><U17/><E27/><V19/><F32/><W6/><G72/><T116/><D104/><U121/><E121/><V113/><F113/><W33/><G127/><T34/><D34/><U53/><REACH who="1" step="1"/><E83/><REACH who="1" ten="257,230,263,240" step="2"/><V20/><F73/><W75/><G75/><T37/><D81/><U131/><E131/><V38/><F78/><W105/><G130/><T101/><D120/><U129/><E129/><V23/><F23/><W4/><G35/><T103/><D116/><U114/><E114/><V44/><F20/><W24/><G117/><T57/><D21/><U106/><E106/><V123/><F123/><W80/><G105/><T45/><D119/><U7/><E7/><V41/><F5/><W132/><G6/><T77/><D16/><U124/><E124/><V65/><F19/><W51/><G4/><T18/><D18/><U62/><AGARI ba="0,1" hai="9,14,17,36,39,53,58,62,76,82,86,97,102,107" machi="62" ten="20,7800,0" yaku="1,1,0,1,7,1,52,1,53,0" doraHai="55" doraHaiUra="108" who="1" fromWho="1" sc="257,-26,230,88,263,-26,240,-26" /><INIT seed="1,1,0,0,0,15" ten="231,318,237,214" oya="1" hai0="30,110,24,79,97,48,103,99,22,60,118,21,62" hai1="39,9,90,66,45,64,114,1,81,120,61,128,83" hai2="65,117,54,111,58,4,82,5,123,127,104,37,87" hai3="43,34,49,20,105,125,73,100,130,108,56,2,121"/><U129/><E120/><V70/><F117/><W7/><G56/><T132/><D118/><U69/><E114/><V35/><F123/><W47/><G121/><T74/><D110/><U67/><E90/><V102/><F111/><W80/><G125/><T77/><D132/><U131/><E83/><V119/><F119/><W86/><G73/><T98/><D103/><U71/><E81/><V32/><F37/><W101/><G34/><T85/><D85/><U75/><E75/><V12/><F127/><W3/><G130/><T96/><N who="0" m="24576" /><DORA hai="57" /><T93/><D93/><U11/><E1/><V0/><F104/><W10/><G2/><T92/><D92/><U133/><E133/><V72/><F0/><W25/><G105/><T23/><D74/><U44/><E39/><V26/><F102/><W42/><G42/><T112/><D112/><U63/><E67/><V68/><F65/><W40/><G40/><T41/><D30/><U122/><E122/><V18/><F72/><W95/><G95/><T27/><D48/><U13/><E11/><V124/><F124/><W55/><G55/><T91/><D91/><U14/><E14/><V89/><F54/><W33/><G33/><T116/><D41/><U113/><E113/><V115/><F115/><W76/><REACH who="3" step="1"/><G108/><REACH who="3" ten="231,318,237,204" step="2"/><T16/><D116/><U78/><REACH who="1" step="1"/><E78/><REACH who="1" ten="231,308,237,204" step="2"/><N who="0" m="29705" /><D27/><U51/><E51/><V6/><F26/><W84/><G84/><T94/><D94/><U59/><E59/><V126/><F58/><W106/><G106/><T8/><D24/><U38/><E38/><V19/><F126/><W31/><AGARI ba="1,2" hai="3,7,10,20,25,31,43,47,49,76,80,86,100,101" machi="31" ten="20,5200,0" yaku="1,1,0,1,7,1,53,1" doraHai="15,57" doraHaiUra="17,88" who="3" fromWho="3" sc="231,-14,308,-27,237,-14,204,75" /><INIT seed="2,0,0,5,0,22" ten="217,281,223,279" oya="2" hai0="72,94,97,99,78,45,62,108,107,14,81,114,21" hai1="50,32,19,92,25,109,118,125,130,3,35,66,120" hai2="79,113,54,135,4,134,55,8,127,100,31,116,18" hai3="122,61,83,75,90,23,29,27,30,0,73,9,64"/><V86/><F113/><W56/><G122/><T84/><D114/><U82/><E3/><V101/><F116/><W106/><G106/><T117/><D117/><U46/><E109/><V26/><F18/><W128/><G128/><T88/><D108/><U39/><E39/><V85/><F127/><W17/><G90/><T124/><D124/><U65/><E130/><V74/><F74/><W70/><G70/><T87/><D45/><U115/><E115/><V121/><F121/><W49/><G49/><T69/><D69/><U71/><E125/><V52/><F101/><W91/><G91/><N who="0" m="53631" /><D14/><U2/><E2/><V67/><F67/><W59/><G59/><T93/><D21/><U20/><E71/><V111/><F100/><W44/><G44/><T5/><D62/><U80/><E35/><N who="2" m="20983" /><F79/><W131/><G131/><T104/><D5/><U58/><E32/><V89/><F89/><W63/><G63/><T77/><D77/><U132/><E118/><V105/><F105/><AGARI ba="0,0" hai="72,78,81,84,88,93,97,99,104,105,107" m="53631" machi="105" ten="30,12000,2" yaku="35,5,54,1" doraHai="22" who="0" fromWho="2" sc="217,120,281,0,223,-120,279,0" /><INIT seed="3,0,0,5,1,91" ten="337,281,103,279" oya="3" hai0="59,89,122,78,36,42,44,46,115,55,129,67,118" hai1="32,10,33,112,6,26,123,69,71,86,54,14,58" hai2="74,87,64,49,11,128,126,102,70,110,83,103,95" hai3="113,98,84,124,15,135,35,105,39,50,90,65,97"/><W75/><G39/><T99/><D78/><U34/><E112/><V81/><F110/><W0/><G0/><T27/><D118/><U92/><E123/><V104/><F126/><W116/><G35/><T1/><D1/><U53/><E26/><V88/><F128/><W96/><G65/><T41/><D27/><U111/><E111/><V125/><F125/><W22/><G124/><T25/><D25/><U68/><E58/><V76/><F49/><W5/><G135/><T8/><D8/><U20/><E20/><V77/><F11/><W93/><G75/><T21/><D21/><U29/><E29/><V30/><F30/><W23/><G116/><T24/><D24/><U43/><E43/><V108/><F108/><W37/><G37/><N who="0" m="21551" /><D89/><U133/><E133/><V16/><F16/><N who="3" m="10527" /><G105/><T17/><D67/><U57/><E57/><V109/><F109/><W61/><G113/><T72/><D72/><U12/><E12/><V66/><F104/><W132/><G132/><T120/><D115/><U106/><E106/><V80/><F66/><W73/><G73/><T79/><D36/><U7/><E7/><V52/><F74/><W4/><G23/><T45/><D120/><U28/><E28/><V48/><F64/><W114/><G114/><T119/><D119/><U60/><E33/><V94/><F70/><W38/><G38/><T127/><D127/><U19/><E34/><V107/><F107/><W47/><G61/><T101/><D122/><U18/><E32/><V31/><F31/><W9/><G9/><T62/><D62/><U117/><E60/><V100/><F95/><RYUUKYOKU ba="0,0" sc="337,-15,281,-15,103,15,279,15" hai2="48,52,76,77,80,81,83,87,88,94,100,102,103" hai3="4,5,47,50,84,90,93,96,97,98" /><INIT seed="3,1,0,1,2,84" ten="322,266,118,294" oya="3" hai0="68,25,126,80,38,130,120,90,35,101,92,10,104" hai1="110,2,16,127,37,131,128,18,85,116,24,12,9" hai2="22,119,81,70,113,75,65,83,23,73,118,52,47" hai3="27,135,64,51,3,21,5,8,63,41,132,122,102"/><W19/><G122/><T95/><D120/><U82/><E37/><V115/><F65/><W43/><G102/><T76/><D38/><U53/><E110/><V54/><REACH who="2" step="1"/><F47/><REACH who="2" ten="322,266,108,294" step="2"/><W124/><G124/><T106/><D126/><U99/><E127/><V45/><F45/><W17/><G135/><T112/><D112/><U36/><E131/><V107/><F107/><W42/><G132/><T57/><D104/><U114/><E128/><V34/><F34/><W48/><REACH who="3" step="1"/><G19/><REACH who="3" ten="322,266,108,284" step="2"/><T40/><D130/><U121/><E16/><V94/><F94/><W6/><G6/><T1/><D95/><U105/><E18/><V58/><F58/><AGARI ba="1,2" hai="3,5,8,17,21,27,41,42,43,48,51,58,63,64" machi="58" ten="40,7700,0" yaku="1,1,53,2" doraHai="84" doraHaiUra="46" who="3" fromWho="2" sc="322,0,266,0,108,-80,284,100" /><INIT seed="3,2,0,0,0,19" ten="322,266,28,384" oya="3" hai0="65,119,92,45,84,26,61,127,90,22,54,12,129" hai1="6,128,23,121,93,17,59,21,77,108,46,124,130" hai2="96,8,85,117,126,62,51,38,37,66,115,110,112" hai3="57,27,133,9,78,35,5,41,82,116,120,75,68"/><W55/><G133/><T80/><D119/><U89/><E121/><V47/><F117/><W0/><G116/><T113/><D129/><N who="1" m="49771" /><E6/><V40/><F110/><W107/><G120/><T87/><D127/><U97/><E108/><V102/><F126/><W70/><G107/><T81/><D113/><U94/><E124/><V114/><F85/><W118/><G118/><T18/><D45/><U30/><E77/><V122/><F8/><W125/><G125/><T39/><D39/><U4/><E4/><V14/><F14/><W16/><G41/><T71/><D54/><U111/><E111/><V67/><F122/><W20/><REACH who="3" step="1"/><G35/><REACH who="3" ten="322,266,28,374" step="2"/><T29/><REACH who="0" step="1"/><D87/><REACH who="0" ten="312,266,28,374" step="2"/><N who="1" m="52415" /><E46/><V69/><REACH who="2" step="1"/><F67/><REACH who="2" ten="312,266,18,374" step="2"/><W11/><G11/><AGARI ba="2,3" hai="11,12,18,22,26,29,61,65,71,80,81,84,90,92" machi="11" ten="30,3900,0" yaku="1,1,7,1,52,1,53,0" doraHai="19" doraHaiUra="74" who="0" fromWho="3" sc="312,75,266,0,18,0,374,-45" /><INIT seed="4,0,0,1,3,1" ten="387,266,18,329" oya="0" hai0="72,21,117,132,107,48,35,55,16,99,120,86,124" hai1="104,119,52,39,89,38,133,112,73,101,4,93,69" hai2="130,81,79,49,60,32,18,13,118,5,29,85,17" hai3="57,19,110,126,125,82,59,34,61,12,116,25,135"/><T131/><D117/><U123/><E119/><V50/><F118/><W33/><G116/><RYUUKYOKU type="kaze4" ba="0,0" sc="387,0,266,0,18,0,329,0" /><INIT seed="4,1,0,4,3,19" ten="387,266,18,329" oya="0" hai0="101,26,77,75,68,108,130,35,47,1,64,24,78" hai1="109,62,7,60,56,97,36,32,106,31,44,107,30" hai2="34,135,15,20,6,102,13,110,129,59,27,126,42" hai3="74,40,33,118,103,9,55,25,76,88,81,79,99"/><T2/><D101/><U45/><E109/><V22/><F110/><W23/><G118/><T41/><D108/><U29/><E32/><V28/><F102/><W70/><G70/><T94/><D64/><U5/><E56/><V57/><F42/><W131/><G131/><T18/><D68/><U48/><E48/><V73/><F73/><W50/><G40/><T58/><D58/><U53/><E53/><V54/><F129/><W96/><G9/><T52/><D94/><U3/><E97/><V125/><F59/><W116/><G33/><T121/><D121/><U123/><E123/><V117/><F135/><W84/><G116/><T66/><D66/><U93/><E93/><V17/><F117/><W51/><G79/><T111/><D52/><U100/><E100/><V112/><F112/><W85/><G74/><T95/><D95/><U39/><E31/><V14/><F6/><W4/><G4/><T80/><D77/><U113/><E3/><V92/><F92/><N who="3" m="54279" /><G50/><T87/><D75/><U65/><E65/><V63/><REACH who="2" step="1"/><F34/><REACH who="2" ten="387,266,8,329" step="2"/><W61/><G103/><T71/><D71/><U122/><E122/><V21/><F21/><W119/><G119/><T98/><D130/><U83/><E113/><V127/><AGARI ba="1,1" hai="13,14,15,17,20,22,27,28,54,57,63,125,126,127" machi="127" ten="30,8000,1" yaku="1,1,0,1,18,1,52,2,53,0" doraHai="19" doraHaiUra="46" who="2" fromWho="2" sc="387,-41,266,-21,8,93,329,-21" /><INIT seed="5,0,0,3,3,9" ten="346,245,101,308" oya="1" hai0="67,76,92,68,128,75,83,129,22,90,23,52,34" hai1="57,29,35,12,72,61,38,42,118,74,94,134,97" hai2="73,112,77,123,117,109,113,14,10,45,95,39,108" hai3="106,132,102,26,130,49,19,69,96,53,116,54,103"/><U62/><E118/><V25/><F95/><W20/><G130/><N who="0" m="50283" /><D34/><U41/><E134/><V99/><F99/><W8/><G132/><T65/><D68/><U36/><E29/><V104/><F104/><W27/><G69/><T101/><D101/><U3/><E3/><V114/><F25/><W88/><G116/><T0/><D0/><U81/><E35/><V91/><F91/><W18/><G103/><T55/><D67/><U33/><E33/><V131/><F131/><W43/><G43/><T100/><D65/><U115/><E115/><N who="2" m="29443" /><V121/><DORA hai="135" /><F77/><W24/><G54/><N who="0" m="20523" /><D100/><U59/><E94/><V107/><F73/><W56/><REACH who="3" step="1"/><G88/><REACH who="3" ten="346,245,101,298" step="2"/><T133/><D133/><U63/><E97/><AGARI ba="0,1" hai="22,23,75,76,83,90,92,97" m="20523,50283" machi="97" ten="30,2000,0" yaku="19,1,54,1" doraHai="9,135" who="0" fromWho="1" sc="346,30,245,-20,101,0,298,0" /><INIT seed="6,0,0,4,0,97" ten="376,225,101,298" oya="2" hai0="119,134,0,31,41,46,58,10,135,66,54,19,68" hai1="35,98,82,118,125,28,126,24,112,123,23,5,13" hai2="84,75,12,53,62,67,48,80,65,15,77,37,113" hai3="33,1,122,114,128,45,70,129,106,26,103,50,71"/><V20/><F113/><W61/><G122/><T63/><D119/><U17/><E82/><V44/><F37/><W133/><G133/><N who="0" m="50699" /><D31/><U22/><E98/><V90/><F20/><W21/><G33/><T55/><D19/><N who="1" m="10607" /><E118/><V92/><REACH who="2" step="1"/><F67/><REACH who="2" ten="376,225,91,298" step="2"/><W88/><G114/><T42/><D66/><U30/><E112/><V6/><F6/><W4/><G21/><T40/><D10/><U38/><E38/><V87/><F87/><W25/><G4/><T51/><D0/><U79/><E123/><V27/><F27/><W83/><G25/><T14/><D14/><U34/><E5/><V115/><F115/><W120/><G26/><T99/><D99/><U74/><E35/><V105/><F105/><W59/><G106/><T131/><D131/><U102/><E34/><V89/><F89/><W111/><G1/><T110/><D110/><U85/><E85/><V121/><F121/><W49/><G88/><T18/><D18/><U108/><E108/><V104/><F104/><W95/><G120/><T9/><D9/><U39/><E39/><V7/><F7/><W52/><G111/><T78/><D78/><U60/><E17/><V91/><F91/><W100/><G129/><T127/><D127/><U47/><E23/><V32/><F32/><W132/><G128/><T117/><D117/><U72/><E24/><V109/><F109/><W107/><G107/><T3/><D3/><U69/><E126/><V8/><F8/><W93/><G132/><T64/><D64/><U116/><E125/><V36/><F36/><W73/><G73/><T96/><D96/><U56/><E74/><RYUUKYOKU ba="0,1" sc="376,15,225,-15,91,15,298,-15" hai0="40,41,42,46,51,54,55,58,63,68" hai2="12,15,44,48,53,62,65,75,77,80,84,90,92" /><INIT seed="6,1,1,2,5,65" ten="391,210,106,283" oya="2" hai0="124,46,74,52,48,33,122,6,115,86,66,97,31" hai1="9,61,15,22,83,11,80,132,106,84,108,8,76" hai2="53,125,59,130,131,70,45,2,105,104,47,119,107" hai3="68,101,112,41,128,118,109,114,102,96,92,43,71"/><V91/><F119/><W27/><G118/><T64/><D74/><U30/><E108/><V21/><F2/><W34/><G109/><T12/><D122/><U111/><E111/><V95/><F21/><W39/><G128/><N who="2" m="49193" /><F125/><W89/><G89/><T50/><D124/><U32/><E106/><N who="2" m="27139" /><V51/><DORA hai="49" /><F70/><N who="3" m="26667" /><G102/><T17/><D6/><U35/><E22/><V72/><F72/><W129/><G39/><T110/><D97/><AGARI ba="1,1" hai="45,47,51,53,59,91,95,97" m="27139,49193" machi="97" ten="40,3900,0" yaku="19,1,52,1" doraHai="65,49" who="2" fromWho="0" sc="391,-42,210,0,106,52,283,0" /><INIT seed="6,2,0,0,0,63" ten="349,210,158,283" oya="2" hai0="120,20,55,123,12,80,1,130,35,29,131,9,129" hai1="104,135,118,90,21,128,26,76,77,44,23,122,64" hai2="24,59,74,124,16,121,31,19,36,43,7,45,48" hai3="32,3,75,22,33,66,8,54,60,126,134,86,70"/><V97/><F121/><W127/><G75/><T15/><D80/><U38/><E104/><V79/><F124/><N who="3" m="47659" /><G134/><T62/><D35/><U49/><E118/><V113/><F113/><W47/><G22/><T102/><D102/><U40/><E128/><V107/><F7/><N who="3" m="1151" /><G86/><T10/><D1/><U50/><E135/><V92/><F107/><W96/><G96/><T58/><D29/><U56/><E21/><V114/><F114/><W91/><G91/><T0/><D0/><U106/><E106/><V51/><F74/><W2/><G2/><T103/><D20/><U72/><E122/><V108/><F79/><W87/><G87/><T112/><D103/><U69/><E90/><V117/><F117/><W95/><G95/><T105/><D105/><U57/><E77/><V83/><F83/><W61/><G47/><T88/><D88/><U132/><E76/><V42/><F108/><W27/><G27/><T84/><D84/><U53/><E72/><V133/><F133/><W41/><G41/><T101/><D101/><U94/><E94/><V52/><F24/><W71/><G54/><T65/><D55/><N who="1" m="31855" /><E132/><V28/><F42/><W119/><G119/><T13/><D112/><U37/><E26/><V115/><F115/><W4/><G4/><N who="0" m="3111" /><D15/><U109/><E109/><V25/><F25/><W100/><G100/><T73/><D73/><U99/><E23/><V89/><REACH who="2" step="1"/><F36/><REACH who="2" ten="349,210,148,283" step="2"/><W67/><AGARI ba="2,1" hai="32,33,60,61,66,67,70,71" m="1151,47659" machi="67" ten="30,7900,0" yaku="18,1,23,1,52,2" doraHai="63" who="3" fromWho="3" sc="349,-22,210,-22,148,-41,283,95" /><INIT seed="7,0,0,0,3,104" ten="327,188,107,378" oya="3" hai0="22,98,25,111,124,70,90,91,21,37,8,45,18" hai1="51,88,126,13,3,4,73,52,85,119,42,16,116" hai2="122,66,94,102,83,65,61,72,10,110,100,6,129" hai3="105,44,74,84,82,50,127,57,39,107,46,80,54"/><W96/><G74/><T133/><D111/><U0/><E42/><V108/><F66/><W47/><G127/><T115/><D70/><U55/><E73/><V99/><F102/><W30/><G30/><T78/><D124/><U58/><E126/><V71/><F129/><W60/><G82/><T112/><D133/><U5/><E55/><V76/><REACH who="2" step="1"/><F122/><REACH who="2" ten="327,188,97,378" step="2"/><W48/><G107/><T62/><D78/><U28/><E116/><V64/><F64/><W40/><G105/><T68/><D8/><N who="1" m="6183" /><E119/><V121/><F121/><W130/><G96/><T43/><D98/><U109/><E109/><V123/><F123/><W128/><G84/><T69/><D62/><U53/><E0/><AGARI ba="0,1" hai="0,6,10,61,65,71,72,76,83,94,99,100,108,110" machi="0" ten="30,3900,0" yaku="1,1,7,1,52,1,53,0" doraHai="104" doraHaiUra="101" who="2" fromWho="1" sc="327,0,188,-39,97,49,378,0" owari="327,12.7,149,-25.1,146,-35.4,378,47.8" /></mjloggm>