<mjloggm ver="2.3"><GO type="169" lobby="0"/><UN n0="%E3%81%AF%E3%83%BC%E3%81%B4%E3%82%87%E3%82%93" n1="%63%68%78%66%66" n2="%4D%41%4B%30%31%30%34" n3="%E3%83%AB%E3%83%89%E3%82%A6%E3%82%A3%E3%83%83%E3%82%B0" dan="17,17,17,16" rate="2195.98,2229.88,2185.06,2091.32" sx="F,M,M,M"/><TAIKYOKU oya="0"/><INIT seed="0,0,0,0,1,39" ten="250,250,250,250" oya="0" hai0="58,47,21,31,84,75,86,92,132,30,60,121,119" hai1="52,103,125,107,3,12,6,29,57,44,61,124,109" hai2="34,32,90,17,126,55,49,129,26,2,127,56,120" hai3="35,87,110,53,72,89,83,37,78,134,9,7,77"/><T50/><D75/><U22/><E109/><V122/><F2/><W115/><G35/><T65/><D119/><U76/><E76/><V82/><F129/><W40/><G115/><T70/><D121/><U25/><E3/><V45/><F56/><W113/><G113/><T85/><D132/><U24/><E24/><V135/><F135/><W80/><G110/><T100/><D70/><U68/><E68/><V108/><F108/><W105/><G105/><T104/><D104/><U5/><E107/><V23/><F90/><W18/><G53/><T97/><REACH who="0" step="1"/><D21/><REACH who="0" ten="240,250,250,250" step="2"/><U48/><E103/><V41/><F122/><W36/><G134/><T73/><D73/><U112/><E112/><V11/><F120/><W88/><G72/><T63/><D63/><U93/><E124/><V123/><F123/><W94/><G78/><T118/><D118/><U114/><E125/><V111/><F111/><W16/><G77/><T69/><D69/><U133/><E133/><V116/><F116/><W19/><G94/><T71/><D71/><U130/><E114/><V10/><F127/><W8/><G83/><T42/><AGARI ba="0,1" hai="30,31,42,47,50,58,60,65,84,85,86,92,97,100" machi="42" ten="30,11700,0" yaku="1,1,0,1,8,1,52,1,53,0" doraHai="39" doraHaiUra="20" who="0" fromWho="0" sc="240,127,250,-39,250,-39,250,-39" /><INIT seed="0,1,0,4,5,54" ten="367,211,211,211" oya="0" hai0="50,83,60,13,33,74,103,44,59,52,1,68,14" hai1="94,70,63,62,118,41,129,36,66,80,29,65,130" hai2="38,110,99,53,37,12,84,89,64,42,119,55,77" hai3="117,49,58,112,126,100,101,5,15,6,127,25,8"/><T109/><D1/><U71/><E94/><V113/><F113/><W114/><G117/><T128/><D128/><U34/><E80/><V125/><F119/><W73/><G73/><T39/><D33/><U45/><E118/><V104/><F64/><W98/><G6/><T85/><D74/><U82/><E82/><V28/><F28/><W19/><G25/><AGARI ba="1,0" hai="25,29,34,36,41,45,62,63,65,66,70,71,129,130" machi="25" ten="40,5200,0" yaku="9,1,23,2" doraHai="54" who="1" fromWho="3" sc="367,0,211,55,211,0,211,-55" /><INIT seed="1,0,0,3,3,60" ten="367,266,211,156" oya="1" hai0="27,67,52,100,119,105,10,58,135,89,107,7,63" hai1="85,14,12,97,87,73,1,33,125,110,43,54,49" hai2="109,45,117,17,57,75,38,131,90,98,55,50,104" hai3="81,113,13,91,34,25,0,103,4,133,78,21,118"/><U70/><E73/><V112/><F117/><W2/><G103/><T84/><D119/><U132/><E1/><V120/><F120/><W122/><G91/><T26/><D135/><U80/><E33/><V42/><F109/><W101/><G101/><T123/><D123/><U53/><E70/><V115/><F131/><W68/><G118/><T77/><D77/><U30/><E30/><V18/><F75/><W128/><G122/><T6/><D6/><U88/><E125/><V96/><F104/><W94/><G94/><T24/><D100/><U126/><E126/><V16/><REACH who="2" step="1"/><F90/><REACH who="2" ten="367,266,201,156" step="2"/><W31/><G128/><T114/><D107/><U56/><E110/><V5/><F5/><W111/><G111/><T44/><D105/><U79/><E132/><V41/><F41/><W92/><G4/><T32/><D114/><AGARI ba="0,1" hai="16,17,18,38,42,45,50,55,57,96,98,112,114,115" machi="114" ten="40,5200,0" yaku="1,1,11,1,54,1,53,0" doraHai="60" doraHaiUra="76" who="2" fromWho="0" sc="367,-52,266,0,201,62,156,0" /><INIT seed="2,0,0,5,4,49" ten="315,266,263,156" oya="2" hai0="130,89,83,22,18,69,72,8,125,23,19,42,36" hai1="21,57,113,28,116,60,14,117,133,41,56,61,87" hai2="76,39,24,0,30,9,80,54,62,34,134,12,119" hai3="103,48,86,108,114,112,5,40,77,68,58,7,66"/><V92/><F119/><W105/><G105/><T115/><D115/><U91/><E41/><V1/><F39/><W63/><G103/><T96/><D69/><U47/><E47/><V81/><F134/><W20/><G108/><T84/><D125/><U65/><E113/><N who="3" m="43626" /><G20/><T27/><D130/><U111/><E111/><V106/><F106/><W29/><G29/><T109/><D109/><U121/><E121/><V118/><F92/><W52/><G40/><T25/><D72/><U31/><E133/><V16/><F118/><W120/><G120/><T129/><D129/><U78/><E78/><V73/><REACH who="2" step="1"/><F81/><AGARI ba="0,0" hai="5,7,48,52,58,63,66,68,77,81,86" m="43626" machi="81" ten="30,3900,0" yaku="11,1,52,1,54,1" doraHai="49" who="3" fromWho="2" sc="315,0,266,0,263,-39,156,39" /><INIT seed="3,0,0,1,4,69" ten="315,266,224,195" oya="3" hai0="133,97,67,49,32,28,30,16,55,4,73,90,135" hai1="101,35,131,36,54,42,128,85,98,19,52,12,64" hai2="47,132,77,58,14,75,114,17,40,83,88,22,18" hai3="125,116,130,61,31,81,66,118,95,23,46,20,1"/><W15/><G1/><T37/><D73/><U25/><E64/><V45/><F114/><W107/><G107/><T113/><D4/><U115/><E115/><V87/><F132/><N who="0" m="50762" /><D67/><U84/><E35/><V127/><F127/><W91/><G125/><T123/><D123/><U7/><E7/><V120/><F120/><W6/><G81/><T71/><D71/><U2/><E25/><V39/><F47/><W96/><G130/><N who="1" m="49706" /><E2/><V129/><F129/><W65/><G65/><T53/><D113/><U68/><E68/><V126/><F126/><W56/><G46/><N who="0" m="27831" /><D55/><N who="1" m="21035" /><E42/><V106/><F106/><W102/><G102/><T29/><D32/><U27/><E27/><V122/><F122/><W110/><G110/><T63/><D63/><U10/><E36/><V103/><F103/><W124/><G124/><T24/><D37/><U99/><E99/><V109/><F109/><W121/><G121/><T3/><D3/><U43/><E43/><V62/><F62/><W108/><G108/><T94/><D29/><U33/><E33/><V92/><REACH who="2" step="1"/><F18/><REACH who="2" ten="315,266,214,195" step="2"/><N who="3" m="10335" /><G116/><T50/><D16/><U0/><E0/><V119/><F119/><W78/><G118/><T26/><D28/><U44/><E44/><V48/><F48/><W8/><G31/><T5/><D30/><U112/><E112/><V13/><F13/><N who="3" m="5271" /><G78/><T57/><D5/><U59/><E59/><AGARI ba="0,1" hai="14,17,22,39,40,45,58,59,75,77,83,87,88,92" machi="59" ten="40,8000,1" yaku="1,1,52,1,54,1,53,1" doraHai="69" doraHaiUra="9" who="2" fromWho="1" sc="315,0,266,-80,214,90,195,0" /><INIT seed="4,0,0,5,0,74" ten="315,186,304,195" oya="0" hai0="23,20,6,86,53,47,68,98,84,119,73,28,130" hai1="16,35,56,104,71,19,36,46,15,1,13,129,49" hai2="133,67,22,51,43,2,18,17,61,58,37,85,3" hai3="66,76,123,101,112,83,38,52,30,87,103,94,118"/><T32/><D73/><U34/><E71/><V10/><F133/><W7/><G38/><T72/><D72/><U45/><E104/><V132/><F132/><W69/><G118/><T90/><D119/><U63/><E1/><V109/><F109/><W89/><G7/><T50/><D68/><U42/><E129/><V134/><F134/><W102/><G30/><T115/><D115/><U11/><E45/><V31/><F37/><W78/><G69/><T27/><D130/><U121/><E121/><V26/><F85/><W110/><G66/><T105/><D6/><U12/><E36/><V120/><F120/><W39/><G39/><T9/><D9/><U21/><REACH who="1" step="1"/><E12/><REACH who="1" ten="315,176,304,195" step="2"/><V81/><F2/><W79/><G123/><T14/><D14/><U8/><E8/><V108/><F3/><W82/><G110/><T100/><REACH who="0" step="1"/><D84/><REACH who="0" ten="305,176,304,195" step="2"/><U65/><AGARI ba="0,2" hai="11,13,15,16,19,21,34,35,42,46,49,56,63,65" machi="65" ten="20,5200,0" yaku="1,1,0,1,7,1,54,1,53,0" doraHai="74" doraHaiUra="111" who="1" fromWho="1" sc="305,-26,176,72,304,-13,195,-13" /><INIT seed="5,0,0,3,0,50" ten="279,248,291,182" oya="1" hai0="78,119,17,33,86,58,7,19,11,124,87,131,12" hai1="8,41,100,24,133,105,42,20,61,36,10,70,98" hai2="92,84,54,31,9,26,48,2,22,43,107,47,90" hai3="69,28,111,21,62,112,29,80,15,1,52,6,79"/><U30/><E133/><V116/><F116/><W85/><G111/><T118/><D33/><U56/><E70/><V59/><F107/><W120/><G120/><T13/><D131/><U46/><REACH who="1" step="1"/><E42/><REACH who="1" ten="279,238,291,182" step="2"/><V125/><F125/><W102/><G69/><T3/><D124/><U34/><E34/><V95/><F2/><W40/><G40/><T115/><D119/><U94/><E94/><N who="2" m="54599" /><F9/><N who="3" m="4535" /><G112/><T126/><D115/><U45/><E45/><V5/><F5/><W27/><G1/><T0/><D126/><U128/><E128/><V117/><F117/><W63/><G102/><T99/><D118/><U91/><E91/><V121/><F121/><W37/><G37/><T93/><D0/><U114/><E114/><V44/><F44/><W55/><G29/><T134/><D134/><U109/><E109/><V122/><F122/><W35/><G35/><T65/><D3/><U25/><E25/><V104/><F104/><W106/><G106/><T23/><D7/><U49/><E49/><AGARI ba="0,1" hai="22,26,31,43,47,48,49,54,59,92,95" m="54599" machi="49" ten="30,2000,0" yaku="8,1,52,1" doraHai="50" who="2" fromWho="1" sc="279,0,238,-20,291,30,182,0" /><INIT seed="6,0,0,2,0,116" ten="279,218,321,182" oya="2" hai0="83,71,26,0,122,66,104,5,119,111,49,48,62" hai1="20,117,65,75,6,27,13,77,44,73,35,105,81" hai2="103,46,23,97,64,98,78,43,1,108,129,37,132" hai3="88,114,110,33,55,57,53,115,126,118,50,3,123"/><V10/><F132/><W63/><G118/><T52/><D119/><U92/><E105/><V130/><F108/><W127/><G3/><T133/><D111/><U107/><E107/><V17/><F64/><W95/><G33/><T34/><D133/><U74/><E117/><V2/><F78/><W72/><G72/><T47/><D104/><U16/><E65/><V70/><F70/><W41/><G41/><T61/><D61/><U120/><E120/><V69/><F69/><W113/><G123/><T45/><D122/><U87/><E44/><V4/><F1/><W86/><G110/><T11/><D83/><U79/><E92/><V29/><F29/><W42/><G42/><T128/><D128/><N who="2" m="49258" /><F103/><W134/><G134/><T124/><D124/><N who="3" m="47657" /><G55/><T93/><D93/><U96/><E96/><V102/><F102/><W80/><G95/><T99/><D99/><U90/><REACH who="1" step="1"/><E35/><REACH who="1" ten="279,208,321,182" step="2"/><V12/><AGARI ba="0,1" hai="2,4,10,12,17,23,37,43,46,97,98" m="49258" machi="12" ten="30,1500,0" yaku="19,1" doraHai="116" who="2" fromWho="2" sc="279,-5,208,-5,321,25,182,-5" /><INIT seed="6,1,0,1,4,36" ten="274,203,346,177" oya="2" hai0="89,9,37,67,5,117,98,14,25,0,78,115,113" hai1="22,77,57,40,114,38,39,84,58,105,35,112,41" hai2="131,10,111,33,59,29,134,69,72,74,110,91,44" hai3="6,16,125,121,23,63,12,28,15,47,46,4,32"/><V50/><F69/><W8/><G121/><T97/><D117/><U70/><E35/><V7/><F59/><N who="1" m="22537" /><E105/><V86/><F29/><W56/><G125/><T54/><D67/><U64/><E22/><V106/><F106/><W100/><G100/><T52/><D78/><U31/><E31/><V75/><F33/><W93/><G93/><N who="0" m="56495" /><D37/><N who="1" m="13835" /><E84/><V127/><F75/><W26/><REACH who="3" step="1"/><G6/><REACH who="3" ten="274,203,346,167" step="2"/><T60/><D5/><U85/><E77/><V76/><F76/><W122/><G122/><T133/><D113/><N who="1" m="43627" /><E85/><V108/><F86/><W53/><AGARI ba="1,1" hai="4,8,12,15,16,23,26,28,32,46,47,53,56,63" machi="53" ten="20,5200,0" yaku="1,1,0,1,7,1,54,1,53,0" doraHai="36" doraHaiUra="99" who="3" fromWho="3" sc="274,-14,203,-14,346,-27,167,65" /><INIT seed="7,0,0,3,5,48" ten="260,189,319,232" oya="3" hai0="89,16,13,12,19,21,134,78,27,94,31,128,36" hai1="107,1,95,101,6,85,79,122,3,32,18,84,68" hai2="82,8,2,83,57,52,118,65,0,110,115,24,14" hai3="92,91,25,97,41,44,11,99,63,88,105,4,71"/><W124/><G124/><T72/><D128/><U59/><E68/><V42/><F110/><W96/><G25/><T87/><D134/><U67/><E32/><V61/><F118/><W125/><G125/><T126/><D126/><U130/><E107/><V112/><F42/><W53/><G91/><T108/><D36/><U38/><E38/><V55/><F24/><W135/><G135/><T10/><D108/><U34/><E34/><V74/><F55/><W43/><G105/><T75/><REACH who="0" step="1"/><D78/><REACH who="0" ten="250,189,319,232" step="2"/><U111/><E111/><V51/><F0/><W58/><G71/><T123/><D123/><U23/><E122/><V28/><F2/><W9/><G4/><T109/><D109/><U113/><E130/><V106/><F106/><W90/><G90/><T133/><D133/><U40/><E1/><V73/><F115/><W26/><G26/><T39/><D39/><U120/><E113/><V119/><F112/><W64/><G43/><T77/><D77/><U98/><E120/><V20/><F119/><W116/><G41/><T15/><D15/><U30/><E40/><V50/><F14/><W114/><G116/><T76/><D76/><U81/><E3/><V60/><F74/><W132/><G132/><T70/><D70/><U37/><E37/><V121/><F73/><W49/><G114/><T56/><D56/><U100/><E6/><V127/><F127/><W29/><G29/><T35/><AGARI ba="0,1" hai="10,12,13,16,19,21,27,31,35,72,75,87,89,94" machi="35" ten="20,5200,0" yaku="1,1,0,1,7,1,54,1,53,0" doraHai="48" doraHaiUra="102" who="0" fromWho="0" sc="250,62,189,-13,319,-13,232,-26" owari="312,41.2,176,-32.4,306,10.6,206,-19.4" /></mjloggm>