<mjloggm ver="2.3"><GO type="169" lobby="0"/><UN n0="%4D%72%52%41%4D%4F" n1="%E3%81%97%E3%82%89%E3%81%99%EF%BC%A1" n2="%74%34%63%34%32%32" n3="%E3%81%BD%E3%81%A3%E3%81%91%E3%81%95%E3%82%93" dan="16,16,16,16" rate="2119.39,2100.58,2125.24,2111.83" sx="M,M,M,M"/><TAIKYOKU oya="0"/><INIT seed="0,0,0,4,4,97" ten="250,250,250,250" oya="0" hai0="53,125,95,63,15,1,85,118,114,99,130,90,111" hai1="44,54,120,66,84,134,5,59,48,126,17,7,10" hai2="41,25,129,123,56,78,131,22,124,77,33,107,46" hai3="135,72,96,6,58,122,94,108,105,55,28,64,103"/><T39/><D1/><U133/><E120/><V75/><F123/><W14/><G122/><T74/><D74/><U76/><E126/><V60/><F124/><W13/><G72/><T37/><D114/><U93/><E17/><V87/><F33/><W52/><G108/><T71/><D118/><U27/><E27/><V89/><F107/><W86/><G28/><T24/><D130/><N who="2" m="49674" /><F75/><W79/><G135/><N who="1" m="51722" /><E10/><V68/><F68/><W43/><G43/><T121/><D121/><U128/><E128/><V23/><F89/><W100/><G64/><T50/><D24/><U47/><E93/><V4/><F4/><N who="1" m="1609" /><E66/><N who="2" m="39175" /><F87/><W92/><G6/><T98/><D125/><U0/><E0/><V88/><F88/><W117/><G105/><T82/><D111/><U3/><E3/><V40/><F40/><W127/><G127/><T42/><D42/><U11/><E11/><V51/><F22/><W2/><G2/><T26/><D85/><U30/><E30/><AGARI ba="0,0" hai="23,25,30,41,46,51,77,78" m="39175,49674" machi="30" ten="30,1000,0" yaku="19,1" doraHai="97" who="2" fromWho="1" sc="250,0,250,-10,250,10,250,0" /><INIT seed="1,0,0,3,1,132" ten="250,240,260,250" oya="1" hai0="130,101,25,77,85,89,18,131,87,115,42,121,109" hai1="16,94,126,112,57,56,125,72,31,106,37,41,17" hai2="104,54,133,99,23,40,13,95,52,90,26,81,55" hai3="64,80,21,29,8,98,36,60,46,123,102,20,116"/><U24/><E106/><V14/><F133/><W51/><G36/><T127/><D115/><U70/><E70/><V3/><F3/><W9/><G123/><T30/><D42/><U35/><E72/><V78/><F104/><W110/><G80/><N who="0" m="47247" /><D18/><U128/><E112/><V105/><F40/><W96/><G110/><T117/><D117/><U5/><E5/><V59/><F59/><N who="1" m="22601" /><E94/><V67/><F67/><W12/><G51/><T39/><D39/><U63/><E63/><V28/><REACH who="2" step="1"/><F105/><REACH who="2" ten="250,240,250,250" step="2"/><W65/><G64/><T75/><D121/><U10/><E128/><V38/><F38/><W73/><G65/><T34/><D130/><U86/><E41/><V135/><F135/><W45/><G116/><T119/><D131/><U22/><E37/><V76/><F76/><W32/><G46/><T113/><D119/><U27/><E10/><V84/><AGARI ba="0,1" hai="13,14,23,26,28,52,54,55,78,81,84,90,95,99" machi="84" ten="30,7900,0" yaku="1,1,0,1,8,1,54,1,53,0" doraHai="132" doraHaiUra="97" who="2" fromWho="2" sc="250,-20,240,-39,250,89,250,-20" /><INIT seed="2,0,0,0,2,18" ten="230,201,339,230" oya="2" hai0="99,57,77,87,20,91,82,97,70,96,6,90,11" hai1="130,12,2,65,115,103,46,32,27,62,108,9,60" hai2="40,134,74,36,25,80,1,28,50,94,4,63,84" hai3="129,54,45,44,41,30,71,69,112,127,51,64,13"/><V117/><F117/><W126/><G30/><T95/><D70/><N who="3" m="26633" /><G13/><T101/><D20/><U0/><E108/><V5/><F74/><W15/><G15/><T116/><D116/><U42/><E115/><V125/><F36/><N who="3" m="21543" /><G112/><T29/><D29/><U7/><E130/><V17/><F1/><W122/><G122/><T104/><D57/><U92/><E62/><V67/><F94/><W16/><G16/><T85/><D11/><U26/><E26/><V107/><F107/><W83/><G83/><N who="0" m="47343" /><D6/><U120/><E120/><V66/><F17/><W73/><G73/><T33/><D33/><U59/><E32/><V114/><F114/><W121/><G121/><T48/><D48/><U98/><E27/><V86/><F25/><W111/><G64/><T75/><D75/><U119/><E119/><V106/><F28/><W22/><G22/><T34/><D34/><U39/><AGARI ba="0,0" hai="0,2,7,9,12,39,42,46,59,60,65,92,98,103" machi="39" ten="20,1500,0" yaku="0,1,7,1" doraHai="18" who="1" fromWho="1" sc="230,-4,201,15,339,-7,230,-4" /><INIT seed="3,0,0,4,3,32" ten="226,216,332,226" oya="3" hai0="6,16,52,115,58,76,55,24,130,17,4,56,43" hai1="51,31,99,109,108,70,38,33,15,47,53,106,48" hai2="18,64,123,11,105,73,135,90,60,10,12,81,114" hai3="118,5,23,7,74,111,9,44,21,66,80,61,128"/><W41/><G118/><T54/><D130/><U125/><E15/><V107/><F114/><W25/><G128/><T42/><D76/><U22/><E22/><V19/><F135/><W46/><G111/><N who="1" m="42570" /><E70/><V104/><F123/><W102/><G102/><T20/><D115/><U97/><E38/><V124/><F124/><W65/><G74/><T39/><D39/><U28/><E125/><V83/><F90/><W117/><G80/><T69/><D69/><U68/><E68/><V112/><F73/><W79/><G79/><T37/><D17/><U3/><E3/><V134/><F134/><W87/><G87/><T40/><REACH who="0" step="1"/><D37/><REACH who="0" ten="216,216,332,226" step="2"/><U72/><E72/><V92/><F112/><W127/><G127/><T126/><D126/><U59/><E106/><V98/><F18/><W36/><G36/><T95/><D95/><U94/><E94/><V101/><F105/><W89/><G117/><T13/><D13/><U50/><E28/><V96/><F107/><W77/><G77/><T91/><D91/><U110/><E110/><V116/><F116/><W84/><G89/><T85/><D85/><U121/><E121/><V45/><F92/><W129/><G84/><T35/><D35/><U75/><E75/><V93/><F93/><W27/><G129/><T100/><D100/><U119/><E119/><V1/><F98/><N who="1" m="37385" /><E31/><V132/><F132/><W62/><G9/><T30/><D30/><U103/><E103/><V63/><F101/><W26/><G27/><T131/><D131/><U57/><E33/><V34/><F34/><W67/><G65/><T78/><D78/><U0/><E0/><RYUUKYOKU ba="0,1" sc="216,10,216,10,332,-30,226,10" hai0="4,6,16,20,24,40,42,43,52,54,55,56,58" hai1="47,48,50,51,53,57,59" hai3="5,7,21,23,25,26,41,44,46,61,62,66,67" /><INIT seed="3,1,1,2,5,39" ten="226,226,302,236" oya="3" hai0="86,127,50,36,21,53,102,82,48,119,63,70,55" hai1="115,40,62,25,130,79,44,118,117,66,78,8,57" hai2="64,90,105,97,77,1,14,88,93,85,54,87,43" hai3="16,56,83,121,133,58,6,124,20,91,107,12,9"/><W116/><G116/><N who="1" m="44650" /><E115/><V98/><F1/><W26/><G121/><T2/><D119/><U101/><E101/><V84/><F64/><W129/><G107/><T72/><D2/><U19/><E130/><V74/><F54/><W46/><G129/><T32/><D32/><U80/><E80/><N who="2" m="45111" /><F43/><W120/><G120/><T35/><D35/><U103/><E103/><N who="2" m="62703" /><F14/><W112/><G112/><T13/><D72/><U126/><E126/><V28/><F28/><W60/><G124/><T125/><D36/><N who="1" m="21511" /><E8/><V106/><F106/><W75/><G46/><T135/><D125/><U45/><E45/><V67/><F67/><W65/><G133/><T18/><D135/><U111/><E111/><V131/><F131/><W38/><G38/><T128/><D128/><U33/><E19/><V95/><AGARI ba="1,1" hai="84,85,87,88,90,93,95,98" m="62703,45111" machi="95" ten="30,12000,2" yaku="24,1,35,5,54,1" doraHai="39" who="2" fromWho="2" sc="226,-31,226,-31,302,133,236,-61" /><INIT seed="4,0,0,1,5,129" ten="195,195,435,175" oya="0" hai0="2,20,116,50,71,111,19,130,26,14,92,81,44" hai1="99,117,107,77,96,83,12,25,23,7,31,10,42" hai2="104,46,109,9,39,110,128,1,66,122,4,73,86" hai3="36,124,64,105,108,5,113,75,85,70,51,135,100"/><T65/><D116/><U114/><E107/><V112/><F86/><W28/><G36/><T40/><D2/><U53/><E117/><V56/><F128/><W58/><G75/><T37/><D130/><U59/><E42/><N who="2" m="22879" /><F56/><W89/><G108/><T68/><D111/><N who="2" m="42506" /><F66/><W125/><G70/><T134/><D134/><U11/><E11/><V76/><F112/><W78/><G85/><T90/><D81/><U16/><E31/><V121/><F104/><W22/><G58/><T79/><D79/><U0/><E0/><V91/><F91/><W55/><G64/><T30/><D65/><U97/><E114/><V88/><F88/><W24/><G89/><T118/><D118/><U103/><E103/><V61/><F61/><W74/><G105/><T21/><REACH who="0" step="1"/><D37/><REACH who="0" ten="185,195,435,175" step="2"/><U32/><E83/><AGARI ba="0,1" hai="1,4,9,73,76,83,121,122" m="42506,22879" machi="83" ten="30,2000,0" yaku="25,1,23,1" doraHai="129" who="2" fromWho="1" sc="185,0,195,-20,435,30,175,0" /><INIT seed="5,0,0,2,1,14" ten="185,175,465,175" oya="1" hai0="51,83,134,39,135,101,17,7,93,1,122,54,88" hai1="84,115,127,92,112,24,99,80,82,27,74,60,9" hai2="35,130,41,124,12,133,129,109,53,21,33,20,125" hai3="6,0,19,58,55,77,89,71,48,43,25,46,34"/><U59/><E74/><V56/><F41/><W29/><G71/><T8/><D39/><U64/><E127/><N who="2" m="48715" /><F109/><W86/><G77/><T73/><D122/><U85/><E9/><V110/><F110/><W87/><G6/><T119/><D119/><U79/><E112/><V38/><F38/><W31/><G0/><T28/><D28/><U45/><E45/><V36/><F36/><W42/><G42/><T13/><D101/><U68/><E68/><V62/><F133/><N who="0" m="50698" /><D83/><U117/><E115/><V132/><F132/><W5/><G5/><T107/><D107/><U16/><E117/><V102/><F102/><W37/><G31/><T61/><D61/><U11/><E92/><V128/><F12/><W126/><G126/><T120/><D73/><U114/><E99/><V106/><F106/><W3/><G3/><T50/><D54/><U96/><E96/><V95/><F95/><W23/><G89/><T97/><D120/><U67/><E64/><V116/><F116/><W30/><G30/><T105/><D105/><U123/><E123/><V121/><F121/><W2/><REACH who="3" step="1"/><G2/><REACH who="3" ten="185,175,465,165" step="2"/><T103/><D103/><U111/><E114/><V81/><F129/><W49/><G49/><T52/><D50/><U72/><E111/><V131/><F81/><W113/><G113/><T10/><D51/><U63/><E72/><V70/><F70/><W94/><G94/><T104/><D104/><U91/><E60/><V57/><F62/><W66/><G66/><T47/><D1/><U4/><E4/><V108/><F131/><W98/><G98/><T15/><D47/><U65/><E67/><RYUUKYOKU ba="0,1" sc="185,10,175,10,465,-30,165,10" hai0="7,8,10,13,15,17,52,88,93,97" hai1="11,16,24,27,59,63,65,79,80,82,84,85,91" hai3="19,23,25,29,34,37,43,46,48,55,58,86,87" /><INIT seed="5,1,1,3,2,21" ten="195,185,435,175" oya="1" hai0="6,15,112,117,36,40,67,108,132,30,47,5,20" hai1="123,128,134,37,78,57,125,66,88,94,41,45,44" hai2="81,28,99,43,10,52,38,32,116,79,65,129,90" hai3="107,29,92,68,130,53,83,91,76,39,1,17,2"/><U61/><E123/><V0/><F65/><W97/><G39/><T8/><D108/><U113/><E113/><V89/><F116/><W93/><G107/><T86/><D117/><U105/><E134/><V102/><F43/><W85/><G68/><T119/><D119/><U133/><E133/><V55/><F38/><W49/><G130/><T27/><D112/><U33/><E105/><V63/><F0/><W54/><G54/><T71/><D132/><U14/><E128/><V72/><F10/><W84/><G17/><T60/><REACH who="0" step="1"/><D86/><REACH who="0" ten="185,185,435,175" step="2"/><U110/><E110/><V46/><F129/><W126/><G126/><T114/><D114/><U59/><E125/><V121/><F121/><W122/><G122/><T106/><D106/><U19/><E78/><V109/><F79/><W95/><G29/><T101/><D101/><U56/><E33/><V16/><F28/><W9/><G85/><T127/><D127/><U104/><E104/><V24/><F32/><W4/><REACH who="3" step="1"/><G1/><REACH who="3" ten="185,185,435,165" step="2"/><T3/><D3/><U18/><E37/><V25/><F109/><W118/><G118/><T23/><D23/><U50/><E19/><AGARI ba="1,3" hai="5,6,8,15,19,20,27,30,36,40,47,60,67,71" machi="19" ten="30,7700,0" yaku="1,1,7,1,52,1,53,1" doraHai="21" doraHaiUra="62" who="0" fromWho="1" sc="185,110,185,-80,435,0,165,0" /><INIT seed="6,0,0,4,0,44" ten="295,105,435,165" oya="2" hai0="66,36,97,91,94,125,105,72,119,50,86,10,23" hai1="115,110,111,62,124,120,31,70,78,41,109,55,1" hai2="16,49,123,53,102,63,15,117,88,65,126,57,84" hai3="27,90,73,61,43,34,107,24,127,114,134,113,45"/><V74/><F117/><W76/><G107/><T13/><D36/><U21/><E1/><V25/><F74/><W11/><G127/><T81/><D125/><U82/><E115/><N who="3" m="44042" /><G34/><T98/><D119/><U71/><E124/><V47/><F123/><W51/><G134/><T58/><D72/><U129/><E129/><V130/><F130/><W80/><G90/><T9/><D105/><U42/><E31/><V104/><F126/><W46/><G61/><T48/><D23/><U22/><E82/><N who="2" m="49175" /><F104/><W108/><G108/><T39/><D39/><U20/><E78/><V5/><F102/><W112/><G112/><T135/><D135/><U4/><E4/><V99/><F99/><W54/><G11/><N who="0" m="4107" /><D13/><U131/><E131/><V64/><F25/><W85/><G73/><T79/><D98/><U40/><REACH who="1" step="1"/><E120/><REACH who="1" ten="295,95,435,165" step="2"/><V28/><F5/><W101/><G101/><T14/><D14/><U68/><E68/><V132/><F132/><W52/><G54/><T133/><D133/><U0/><E0/><V103/><F28/><W18/><G18/><T59/><D66/><U122/><E122/><V116/><F116/><W37/><AGARI ba="0,1" hai="24,27,37,43,45,46,51,52,76,80,85" m="44042" machi="37" ten="30,7900,0" yaku="15,1,11,1,52,1,54,1" doraHai="44" who="3" fromWho="3" sc="295,-20,95,-20,435,-39,165,89" /><INIT seed="7,0,0,2,4,114" ten="275,75,396,254" oya="3" hai0="118,33,82,135,44,12,22,108,49,19,18,5,32" hai1="124,120,121,103,88,81,72,35,117,91,64,94,4" hai2="99,55,125,89,36,79,8,53,16,87,46,105,101" hai3="38,84,109,119,30,7,71,56,130,93,63,112,48"/><W126/><G112/><T47/><D108/><U43/><E35/><V54/><F79/><W11/><G109/><T28/><D118/><U62/><E43/><V39/><F125/><W115/><G115/><T27/><D135/><U80/><E4/><V107/><F107/><W113/><G113/><T1/><D44/><U6/><E6/><V92/><F46/><W68/><G38/><T50/><D49/><U26/><E26/><V51/><F51/><W132/><G126/><T98/><D98/><U3/><E3/><V134/><F134/><W10/><G132/><T100/><D100/><U70/><E124/><V31/><F31/><W95/><G30/><T90/><D5/><U21/><E21/><V76/><F76/><W45/><G119/><T133/><D1/><U78/><E117/><V13/><AGARI ba="0,0" hai="8,13,16,36,39,53,54,55,87,89,92,99,101,105" machi="13" ten="30,2000,0" yaku="0,1,54,1" doraHai="114" who="2" fromWho="2" sc="275,-5,75,-5,396,20,254,-10" owari="270,7.0,70,-43.0,416,51.6,244,-15.6" /></mjloggm>