<mjloggm ver="2.3"><GO type="169" lobby="0"/><UN n0="%E3%82%B0%E3%83%B3%E3%83%80%E3%83%AA%E3%83%BC" n1="%E5%AF%BF%E4%BA%BA%E6%B5%81%E7%89%8C%E6%89%8B" n2="%E6%88%91%E5%8F%AF%E4%BB%A5" n3="%E9%88%8D%E7%97%9B" dan="19,16,16,16" rate="2273.84,2141.09,2098.06,2106.34" sx="M,M,M,F"/><TAIKYOKU oya="0"/><INIT seed="0,0,0,2,5,48" ten="250,250,250,250" oya="0" hai0="125,18,57,30,107,65,11,38,46,97,96,116,27" hai1="3,1,132,12,113,76,62,68,112,127,105,122,41" hai2="37,133,118,104,124,93,0,88,98,8,22,10,61" hai3="109,80,81,17,71,72,36,34,43,121,82,60,64"/><T52/><D116/><U50/><E122/><V21/><F37/><W33/><G109/><T84/><D107/><U42/><E105/><V20/><F118/><W51/><G121/><T129/><D38/><U94/><E132/><V19/><F133/><W134/><G72/><T23/><D125/><U25/><E127/><V130/><F124/><W110/><G110/><T49/><D129/><U54/><E76/><V79/><F130/><W66/><G134/><T59/><D84/><U90/><E25/><V106/><F79/><W89/><G64/><T91/><D91/><U67/><E12/><V102/><F61/><W87/><G17/><T114/><D114/><N who="1" m="44139" /><E1/><V29/><F29/><W31/><G36/><T55/><D65/><U86/><E3/><V24/><F104/><W2/><G2/><T73/><D73/><U115/><N who="1" m="44147" /><U45/><AGARI ba="0,0" hai="41,42,45,50,54,62,67,68,86,90,94" m="44147" machi="45" ten="40,5200,0" yaku="4,1,11,1,52,1" doraHai="48" who="1" fromWho="1" sc="250,-26,250,52,250,-13,250,-13" /><INIT seed="1,0,0,0,0,88" ten="224,302,237,237" oya="1" hai0="95,72,113,93,101,62,60,3,82,59,23,32,8" hai1="90,13,27,108,37,114,50,131,51,33,43,11,80" hai2="17,71,14,115,49,96,84,64,133,31,125,44,45" hai3="129,53,48,47,20,94,61,55,86,116,127,105,46"/><U128/><E114/><V69/><F115/><W91/><G127/><T77/><D32/><U65/><E65/><V87/><F133/><W41/><G129/><N who="1" m="49738" /><E37/><V34/><F44/><W117/><G105/><T89/><D113/><U1/><E1/><V135/><F135/><W40/><G20/><T30/><D3/><U70/><E70/><V39/><F39/><W56/><REACH who="3" step="1"/><G47/><REACH who="3" ten="224,302,237,227" step="2"/><T36/><D23/><U126/><E126/><V109/><F125/><W38/><G38/><T68/><D36/><U104/><E104/><V18/><F45/><W81/><G81/><T24/><D82/><U12/><E80/><V121/><F34/><W63/><G63/><T79/><D62/><U42/><E33/><V10/><F121/><W66/><G66/><T54/><D60/><U118/><E108/><V0/><F64/><W102/><G102/><T16/><D101/><U26/><E118/><AGARI ba="0,1" hai="40,41,46,48,53,55,56,61,86,91,94,116,117,118" machi="118" ten="40,5200,0" yaku="1,1,12,1,52,1,53,0" doraHai="88" doraHaiUra="76" who="3" fromWho="1" sc="224,0,302,-52,237,0,227,62" /><INIT seed="2,0,0,5,3,5" ten="224,250,237,289" oya="2" hai0="120,34,48,50,8,11,41,89,100,66,71,125,72" hai1="93,80,127,47,33,60,110,20,45,22,116,82,55" hai2="30,4,18,119,123,49,133,42,3,108,107,19,77" hai3="75,76,63,39,16,85,70,105,106,6,57,52,126"/><V25/><F107/><W69/><G75/><T27/><D72/><U83/><E116/><V130/><F77/><W124/><G39/><T56/><D120/><U135/><E33/><V87/><F119/><W28/><G28/><T59/><D71/><U36/><E110/><V90/><F123/><W88/><G76/><T118/><D118/><U53/><E135/><V131/><F133/><W58/><G69/><T15/><D125/><N who="3" m="48233" /><G70/><T78/><D78/><U109/><E109/><V14/><F108/><W32/><G32/><T91/><D34/><U2/><E2/><V35/><F130/><W64/><G6/><T61/><D100/><U68/><E68/><V98/><F131/><W99/><G99/><T43/><D15/><U67/><E36/><V129/><F98/><W112/><G112/><T10/><D27/><U46/><E127/><V0/><F129/><W104/><G16/><T1/><D1/><U54/><E93/><V24/><F18/><W73/><G73/><T95/><D89/><U84/><E67/><V94/><F4/><W31/><G31/><T62/><D43/><U128/><E128/><V81/><F25/><W101/><G101/><T23/><D23/><N who="1" m="8747" /><E84/><V17/><F3/><W26/><G26/><T79/><D41/><U29/><E29/><V21/><F0/><W7/><G7/><T65/><D79/><U114/><E114/><V97/><F35/><W121/><G121/><T113/><D113/><U103/><E103/><N who="2" m="60855" /><F14/><W12/><G12/><T134/><D134/><U44/><N who="1" m="11264" /><DORA hai="115" /><U40/><E40/><V38/><F38/><W92/><G105/><RYUUKYOKU ba="0,0" sc="224,0,250,0,237,0,289,0" hai0="8,10,11,48,50,56,59,61,62,65,66,91,95" hai1="53,54,55,60,80,82,83" hai2="17,19,21,24,30,42,49,81,87,90" hai3="52,57,58,63,64,85,88,92,104,106" /><INIT seed="2,1,0,1,4,90" ten="224,250,237,289" oya="2" hai0="102,100,135,87,83,5,57,105,68,98,95,6,46" hai1="23,107,129,73,91,72,89,118,47,54,9,56,29" hai2="78,65,55,133,53,77,76,119,80,94,121,37,126" hai3="82,1,125,52,92,128,50,127,108,27,99,12,86"/><V51/><F119/><W60/><G1/><T39/><D68/><U67/><E118/><V110/><F121/><W41/><G41/><T31/><D135/><U134/><E107/><V43/><F126/><N who="3" m="48139" /><G60/><T74/><D31/><U61/><E129/><V120/><F133/><W117/><G117/><T59/><D39/><U93/><E134/><V8/><F120/><W106/><G106/><T116/><D116/><U71/><E91/><V115/><F115/><W28/><G12/><T0/><D74/><U85/><E47/><V45/><F65/><W66/><G66/><T130/><D0/><U111/><E111/><V132/><F110/><W21/><G108/><T88/><D130/><U122/><E122/><V48/><F132/><W109/><G109/><T7/><REACH who="0" step="1"/><D46/><REACH who="0" ten="214,250,237,289" step="2"/><U112/><E112/><V33/><F37/><W101/><G128/><T62/><D62/><U32/><E32/><V2/><F33/><W123/><G123/><T22/><D22/><U25/><REACH who="1" step="1"/><E9/><REACH who="1" ten="214,240,237,289" step="2"/><V34/><F34/><W131/><G131/><T44/><D44/><U96/><E96/><AGARI ba="1,2" hai="5,6,7,57,59,83,87,88,95,96,98,100,102,105" machi="96" ten="40,5200,0" yaku="1,1,52,1,54,1,53,0" doraHai="90" doraHaiUra="16" who="0" fromWho="1" sc="214,75,240,-55,237,0,289,0" /><INIT seed="3,0,0,4,4,105" ten="289,185,237,289" oya="3" hai0="44,115,14,8,38,123,36,91,58,62,56,18,89" hai1="74,59,119,27,23,81,104,13,7,133,35,135,24" hai2="39,19,134,124,55,84,30,63,25,83,128,46,26" hai3="98,1,75,96,87,126,33,21,92,108,37,99,34"/><W127/><G37/><T132/><D123/><U86/><E104/><V31/><F124/><N who="3" m="47659" /><G1/><T53/><D132/><N who="1" m="50763" /><E35/><N who="3" m="13322" /><G21/><T79/><D115/><U118/><E59/><V103/><F128/><W114/><G114/><T5/><D79/><N who="1" m="44279" /><E86/><V94/><F39/><W113/><G113/><T0/><D38/><U67/><E67/><V12/><F134/><W76/><G108/><T107/><D107/><U64/><E64/><V15/><F30/><W17/><G17/><T16/><D18/><N who="1" m="10703" /><E7/><V78/><F31/><W57/><G57/><T3/><D3/><U2/><E2/><V60/><F12/><W6/><G6/><T77/><D77/><U68/><E68/><V29/><F29/><W50/><G50/><T32/><D32/><U10/><E10/><V111/><F111/><W49/><G49/><T4/><D4/><U97/><E97/><N who="2" m="59831" /><F15/><W131/><G131/><T54/><D36/><U40/><E40/><V11/><F11/><W48/><G48/><T101/><D0/><U71/><E71/><V47/><F19/><W109/><G109/><T102/><D5/><U110/><E110/><V80/><F26/><AGARI ba="0,0" hai="24,26,27,118,119" m="10703,44279,50763" machi="26" ten="30,2000,0" yaku="20,1,52,1" doraHai="105" who="1" fromWho="2" sc="289,0,185,20,237,-20,289,0" /><INIT seed="4,0,0,1,1,55" ten="289,205,217,289" oya="0" hai0="82,29,87,30,66,100,34,73,72,48,18,21,97" hai1="42,10,126,20,86,109,124,64,3,114,36,4,102" hai2="23,35,95,81,17,41,93,13,67,1,7,88,128" hai3="47,11,33,61,134,58,46,43,108,51,119,118,133"/><T71/><D71/><U125/><E109/><V59/><F128/><W91/><G33/><T5/><D5/><U6/><E6/><V8/><F41/><N who="3" m="25039" /><G11/><T131/><D131/><U0/><E102/><V83/><F35/><W96/><G91/><T28/><D34/><U62/><E114/><V63/><REACH who="2" step="1"/><F93/><REACH who="2" ten="289,205,207,289" step="2"/><W122/><G108/><T112/><D112/><U115/><E115/><V77/><F77/><W44/><G122/><T127/><D127/><U116/><E42/><V56/><F56/><W9/><G47/><T113/><D113/><U120/><E120/><V92/><F92/><W110/><G110/><T53/><D72/><U84/><E36/><V24/><F24/><W14/><G44/><T106/><D73/><U105/><E105/><V89/><F89/><W40/><G43/><T69/><D69/><U60/><E116/><V54/><F54/><W123/><G40/><T27/><D66/><U98/><E64/><V101/><F101/><W12/><G123/><T22/><D53/><U129/><E126/><V130/><F130/><W31/><G119/><T79/><REACH who="0" step="1"/><D48/><REACH who="0" ten="279,205,207,289" step="2"/><U68/><E68/><V74/><F74/><W25/><G118/><T38/><D38/><U57/><E129/><V75/><F75/><W135/><G134/><T45/><D45/><U16/><E125/><V99/><AGARI ba="0,2" hai="1,7,8,13,17,23,59,63,67,81,83,88,95,99" machi="99" ten="20,8000,1" yaku="1,1,0,1,7,1,52,1,54,1,53,0" doraHai="55" doraHaiUra="70" who="2" fromWho="2" sc="279,-40,205,-20,207,100,289,-20" /><INIT seed="5,0,0,0,2,47" ten="239,185,307,269" oya="1" hai0="79,94,71,123,106,66,42,118,81,54,17,53,85" hai1="120,21,116,107,45,115,7,63,87,62,129,25,86" hai2="34,3,40,20,110,72,134,78,65,74,96,83,84" hai3="28,75,67,132,68,19,8,70,15,130,49,43,35"/><U131/><E116/><V50/><F34/><W76/><G130/><N who="1" m="49674" /><E120/><V58/><F3/><W55/><G43/><T97/><D118/><U29/><E107/><V108/><F134/><W14/><G132/><T128/><D106/><U32/><E115/><V98/><F20/><W89/><G67/><T99/><D123/><U113/><E113/><V121/><F121/><W92/><G76/><T5/><D5/><U10/><E32/><V4/><F4/><W133/><G75/><T39/><D99/><U24/><E24/><V48/><F40/><W57/><G133/><T101/><D128/><U73/><E73/><V127/><F127/><W122/><G28/><T88/><D101/><U126/><E45/><V12/><F74/><W0/><G35/><T90/><D39/><U23/><E23/><V125/><F72/><W13/><G122/><T60/><D42/><U26/><E26/><V38/><F38/><W37/><G37/><T51/><D17/><U18/><E18/><V114/><F125/><W41/><G41/><T111/><D111/><U59/><E126/><V82/><F114/><W27/><G27/><T69/><D69/><N who="3" m="26729" /><G19/><T1/><D1/><N who="1" m="367" /><E63/><N who="2" m="38135" /><F12/><W46/><G0/><T64/><D79/><U33/><E33/><V61/><F61/><W102/><G8/><T100/><D100/><U103/><E103/><V56/><F108/><W119/><G102/><T93/><D71/><U124/><E124/><V16/><F110/><W91/><G119/><T31/><D31/><U52/><AGARI ba="0,0" hai="21,25,29,52,59,62,86,87" m="367,49674" machi="52" ten="30,3000,0" yaku="19,1,54,1" doraHai="47" who="1" fromWho="1" sc="239,-10,185,30,307,-10,269,-10" /><INIT seed="5,1,0,3,0,120" ten="229,215,297,259" oya="1" hai0="54,102,121,83,45,67,43,91,123,101,110,124,78" hai1="72,27,126,7,106,79,59,114,86,23,32,2,34" hai2="77,98,61,30,19,47,128,52,51,39,13,119,93" hai3="63,125,134,118,64,22,55,17,132,131,41,1,38"/><U31/><E106/><V25/><F119/><W85/><G1/><T6/><D67/><U26/><E72/><V116/><F128/><W20/><G118/><T57/><D91/><U127/><E79/><V103/><F39/><W62/><G131/><T56/><D6/><U111/><E86/><V11/><F116/><W81/><G125/><N who="1" m="47626" /><E59/><V4/><F61/><W107/><G107/><T12/><D124/><U75/><E75/><V28/><F77/><W92/><G63/><T33/><D57/><U5/><E114/><V16/><REACH who="2" step="1"/><F30/><REACH who="2" ten="229,215,287,259" step="2"/><W122/><G38/><T112/><D78/><U129/><E129/><V70/><F70/><W105/><G62/><T113/><D121/><U18/><E111/><V74/><F74/><W95/><G122/><T80/><D123/><U130/><E130/><V42/><F42/><W10/><G41/><T71/><D71/><U73/><E73/><V82/><F82/><W84/><G81/><T48/><D110/><U29/><E2/><V66/><F66/><W97/><G64/><T115/><D83/><U35/><E31/><V15/><F15/><W109/><G109/><T0/><D0/><U117/><E117/><V44/><F44/><W99/><G55/><T90/><D113/><U69/><E69/><V87/><F87/><W135/><G85/><T104/><D112/><U60/><E60/><V68/><F68/><W24/><G84/><T53/><D115/><U46/><E46/><V133/><F133/><W49/><G134/><T88/><D45/><U50/><E50/><V3/><F3/><W65/><G132/><T100/><D48/><RYUUKYOKU ba="1,1" sc="229,-15,215,15,287,15,259,-15" hai1="5,7,18,23,26,27,29,32,34,35" hai2="4,11,13,16,19,25,28,47,51,52,93,98,103" /><INIT seed="5,2,1,0,5,132" ten="214,230,302,244" oya="1" hai0="124,71,135,36,92,115,20,0,114,22,47,116,95" hai1="43,121,27,82,39,28,58,119,85,5,88,109,57" hai2="86,90,7,4,81,65,122,33,6,60,97,3,12" hai3="78,118,11,66,14,52,54,69,128,77,103,19,40"/><U53/><E121/><V49/><F122/><W17/><G128/><T46/><D116/><U64/><E119/><V24/><F3/><W127/><G127/><T104/><D0/><U41/><E109/><V72/><F72/><W93/><G40/><T106/><D71/><U117/><E117/><V96/><F49/><W75/><G66/><T26/><D26/><U32/><E39/><V73/><F73/><W44/><G69/><T56/><D56/><U50/><REACH who="1" step="1"/><E5/><REACH who="1" ten="214,220,302,244" step="2"/><V100/><F7/><W37/><G37/><T102/><D36/><U120/><E120/><V16/><F6/><W51/><G118/><T87/><D135/><U91/><E91/><V112/><F4/><W61/><G77/><T99/><D102/><U108/><E108/><V23/><F100/><W107/><G78/><T111/><D111/><U67/><E67/><V134/><F134/><W125/><G103/><T1/><D1/><U30/><E30/><V113/><F113/><W76/><G76/><T34/><D114/><U42/><E42/><V63/><F112/><W80/><G54/><T70/><D115/><U130/><E130/><V8/><F65/><W62/><G52/><T83/><D106/><U48/><E48/><V2/><F2/><W38/><G51/><T18/><D104/><U9/><E9/><V89/><F90/><W110/><G38/><T68/><D68/><U31/><E31/><N who="2" m="19687" /><F8/><N who="3" m="6343" /><G107/><T10/><D70/><U74/><E74/><V123/><F123/><W79/><G75/><T126/><D10/><U25/><E25/><V13/><F13/><W84/><G110/><T129/><D129/><RYUUKYOKU ba="2,2" sc="214,-15,220,15,302,15,244,-15" hai1="27,28,32,41,43,50,53,57,58,64,82,85,88" hai2="12,16,23,60,63,81,86,89,96,97" /><INIT seed="5,3,2,2,3,101" ten="199,235,317,229" oya="1" hai0="87,84,47,97,78,26,54,94,81,29,114,76,53" hai1="12,34,20,58,106,30,86,100,104,90,67,66,43" hai2="27,99,92,105,48,85,36,130,122,120,56,125,79" hai3="35,61,18,41,93,60,3,4,21,8,110,64,109"/><U129/><E100/><N who="2" m="62623" /><F27/><W17/><G61/><T88/><D114/><U83/><E129/><V69/><F48/><W132/><G35/><T117/><D117/><U5/><E34/><V70/><F56/><W55/><G41/><T71/><D71/><U46/><E30/><V116/><F36/><W124/><G132/><T103/><D47/><U15/><E15/><V95/><F69/><W65/><G65/><T62/><D62/><U73/><E73/><V133/><F70/><W33/><G55/><T91/><D91/><U11/><E20/><V23/><F23/><W118/><G18/><T0/><D0/><U75/><E75/><V19/><F19/><W119/><G33/><T98/><D98/><U134/><E134/><V102/><F116/><N who="3" m="44587" /><G93/><N who="0" m="58799" /><D78/><U77/><E90/><V24/><F95/><W128/><G60/><T126/><D126/><U108/><E108/><V107/><F125/><W82/><G124/><T51/><D51/><N who="1" m="27103" /><E58/><V9/><F130/><W2/><G128/><T68/><D68/><U49/><E49/><V121/><F133/><W37/><G2/><T38/><D38/><U40/><E40/><V80/><F121/><W14/><G37/><T96/><D96/><U50/><E50/><V113/><F120/><W72/><G64/><AGARI ba="3,2" hai="5,11,12,64,66,67,77,83,86,104,106" m="27103" machi="64" ten="30,5800,0" yaku="25,1,52,2" doraHai="101" who="1" fromWho="3" sc="199,0,235,87,317,0,229,-67" /><INIT seed="5,4,0,4,0,98" ten="199,322,317,162" oya="1" hai0="59,54,119,124,121,88,23,68,81,123,77,17,40" hai1="56,38,29,8,13,129,30,20,31,0,125,106,72" hai2="73,118,63,7,90,78,134,104,100,21,85,55,67" hai3="84,14,76,44,28,6,9,4,16,135,1,24,60"/><U93/><E106/><V113/><F118/><W130/><G135/><T53/><D119/><U26/><E38/><V27/><F55/><W127/><G130/><T45/><D68/><U102/><E72/><V10/><F134/><W103/><G127/><T132/><D132/><U75/><E75/><V114/><F78/><W42/><G1/><T25/><D124/><U57/><E0/><V94/><F73/><W95/><G60/><T18/><D18/><U128/><E125/><V66/><F104/><W43/><G43/><T19/><D19/><U41/><E41/><V117/><F100/><W47/><G47/><T110/><D77/><U46/><E46/><V120/><F120/><N who="0" m="46154" /><D59/><N who="1" m="22603" /><E129/><V61/><F61/><W32/><G76/><T64/><D110/><U35/><E35/><V48/><F117/><W15/><G15/><T11/><D11/><U50/><E50/><V116/><F48/><W112/><G112/><N who="2" m="43113" /><F63/><W83/><G44/><T5/><D64/><U69/><E69/><V37/><F37/><W89/><REACH who="3" step="1"/><G42/><REACH who="3" ten="199,322,317,152" step="2"/><T109/><D40/><U36/><E128/><V115/><F115/><W52/><G52/><T131/><D45/><U79/><E79/><V92/><F116/><W108/><G108/><T12/><D109/><U2/><E36/><V87/><F66/><W99/><AGARI ba="4,1" hai="4,6,9,14,16,24,28,32,83,84,89,95,99,103" machi="99" ten="30,7900,0" yaku="1,1,0,1,52,1,54,1,53,0" doraHai="98" doraHaiUra="70" who="3" fromWho="3" sc="199,-24,322,-43,317,-24,152,101" /><INIT seed="6,0,0,0,3,70" ten="175,279,293,253" oya="2" hai0="97,49,13,100,73,77,94,28,133,5,60,69,84" hai1="128,99,40,106,114,107,36,113,134,19,0,120,91" hai2="122,86,88,135,11,96,14,64,71,54,115,30,35" hai3="80,33,31,79,75,37,27,23,55,85,39,7,38"/><V4/><F122/><W111/><G111/><T87/><D133/><U15/><E0/><V9/><F115/><N who="1" m="44041" /><E134/><V123/><F123/><W51/><G7/><T98/><D28/><U10/><E128/><V61/><F135/><W130/><G130/><T83/><D49/><U112/><E120/><V119/><F96/><W131/><G131/><T16/><D5/><U63/><E63/><V118/><F54/><W2/><G2/><T6/><D6/><U124/><E124/><V24/><REACH who="2" step="1"/><F11/><REACH who="2" ten="175,279,283,253" step="2"/><W82/><G33/><T43/><D43/><U116/><E112/><V3/><F3/><W12/><G12/><T125/><D125/><U110/><E110/><V81/><AGARI ba="0,1" hai="4,9,14,24,30,35,61,64,71,81,86,88,118,119" machi="81" ten="20,12000,1" yaku="1,1,0,1,7,1,54,1,53,1" doraHai="70" doraHaiUra="29" who="2" fromWho="2" sc="175,-40,279,-40,283,130,253,-40" /><INIT seed="6,1,0,3,5,50" ten="135,239,413,213" oya="2" hai0="37,105,114,24,63,70,65,48,86,113,81,46,131" hai1="80,11,119,132,20,5,2,57,87,31,116,111,82" hai2="32,62,13,14,29,71,69,30,26,95,7,23,38" hai3="92,49,21,8,61,118,85,101,53,78,45,109,127"/><V34/><F38/><W90/><G109/><T100/><D100/><U72/><E111/><V67/><F69/><W77/><G127/><T33/><D105/><U9/><E132/><V125/><F125/><W135/><G135/><T97/><D97/><U52/><E72/><V79/><F29/><W73/><G73/><T60/><D33/><U91/><E82/><V64/><F64/><W59/><G118/><T96/><D96/><U122/><E122/><V25/><F25/><W103/><G8/><T19/><D37/><U6/><E20/><V17/><F79/><W99/><G21/><T55/><D131/><U89/><E89/><V134/><F95/><W39/><G39/><T129/><D129/><U41/><E41/><V115/><F115/><N who="0" m="44042" /><D19/><U68/><E68/><V98/><F98/><W104/><REACH who="3" step="1"/><G101/><REACH who="3" ten="135,239,413,203" step="2"/><T43/><D24/><U128/><E128/><V126/><F126/><W66/><AGARI ba="1,1" hai="45,49,53,59,61,66,77,78,85,90,92,99,103,104" machi="66" ten="20,8000,1" yaku="1,1,2,1,0,1,7,1,52,1,53,0" doraHai="50" doraHaiUra="12" who="3" fromWho="3" sc="135,-21,239,-21,413,-41,203,93" /><INIT seed="7,0,0,5,0,71" ten="114,218,372,296" oya="3" hai0="10,121,87,28,96,119,97,52,22,0,23,79,117" hai1="132,75,109,133,55,30,32,18,77,66,134,11,16" hai2="106,12,41,105,58,81,60,5,38,35,19,29,61" hai3="44,88,68,62,128,46,37,51,114,21,57,107,1"/><W123/><G107/><T50/><D121/><U26/><E66/><V103/><F5/><W39/><G1/><T95/><D119/><U113/><E55/><V3/><F3/><W4/><G4/><T93/><D117/><U127/><E77/><V43/><F60/><W45/><G21/><T7/><D28/><U34/><E75/><V108/><F81/><W129/><G123/><T20/><D87/><U13/><E109/><V2/><F2/><W25/><G25/><T74/><D79/><U78/><E78/><V47/><F41/><W69/><G88/><T116/><D74/><U125/><E113/><V80/><F103/><W101/><G101/><T131/><D131/><N who="3" m="50249" /><G51/><T64/><D116/><U6/><E34/><V42/><F80/><W48/><G48/><T63/><D95/><U8/><E18/><V98/><F98/><W118/><G114/><T102/><D96/><U135/><E135/><V33/><F33/><W115/><G115/><T130/><D130/><U49/><E49/><V9/><F105/><W56/><G56/><T36/><D36/><N who="3" m="13897" /><G118/><T76/><D76/><U14/><AGARI ba="0,0" hai="6,8,11,13,14,16,26,30,32,125,127,132,133,134" machi="14" ten="40,12000,2" yaku="0,1,20,1,34,3,54,1" doraHai="71" who="1" fromWho="1" sc="114,-30,218,120,372,-30,296,-60" owari="84,-41.6,338,13.8,342,44.2,236,-16.4" /></mjloggm>