<mjloggm ver="2.3"><GO type="169" lobby="0"/><UN n0="%E3%81%A8%E3%81%B3%E3%81%BE%E3%81%93" n1="%6D%79%6D%65%6C%6F%58%58" n2="%E3%83%8F%E5%B4%8E%E7%9C%9F%E6%82%9F" n3="%6E%61%6B%61%74%65%6E%6E" dan="18,16,17,16" rate="2216.84,2109.93,2233.31,2041.53" sx="M,F,M,M"/><TAIKYOKU oya="0"/><INIT seed="0,0,0,5,0,77" ten="250,250,250,250" oya="0" hai0="59,89,110,76,48,100,68,47,75,113,3,53,46" hai1="114,81,80,134,28,51,125,9,63,62,32,108,127" hai2="65,26,2,73,91,24,50,115,88,13,112,94,35" hai3="11,131,78,14,25,119,90,34,6,41,83,67,12"/><T15/><D113/><U4/><E114/><V98/><F2/><W45/><G131/><T16/><D3/><U124/><E108/><V84/><F73/><W10/><G119/><T105/><D68/><U8/><E134/><V87/><F65/><W36/><G67/><T55/><D110/><U102/><E102/><V128/><F128/><W72/><G90/><T121/><D121/><U135/><E135/><V120/><F120/><W30/><REACH who="3" step="1"/><G11/><REACH who="3" ten="250,250,250,240" step="2"/><T44/><D89/><U37/><E9/><V79/><F112/><W104/><G104/><T69/><D69/><U93/><E125/><V5/><F115/><W17/><G17/><T42/><D105/><U103/><E8/><V133/><F133/><W31/><G31/><T19/><D100/><U38/><E28/><V117/><F117/><W20/><G20/><T43/><D19/><U18/><E18/><V58/><F35/><W95/><G95/><T57/><D76/><U52/><E32/><V109/><F109/><W122/><G122/><T61/><D75/><U85/><E103/><V129/><F129/><W116/><G116/><T0/><D0/><AGARI ba="0,1" hai="0,6,10,12,14,25,30,34,36,41,45,72,78,83" machi="0" ten="30,12000,2" yaku="1,1,7,1,25,2,52,1,53,1" doraHai="77" doraHaiUra="40" who="3" fromWho="0" sc="250,-120,250,0,250,0,240,130" /><INIT seed="1,0,0,1,2,78" ten="130,250,250,370" oya="1" hai0="37,84,41,52,63,125,5,101,133,91,124,0,105" hai1="135,102,26,20,56,76,67,120,7,22,89,104,117" hai2="82,11,66,24,8,15,10,49,98,119,33,44,80" hai3="27,64,97,86,14,71,70,83,13,95,4,96,74"/><U19/><E117/><V68/><F119/><W48/><G74/><T118/><D118/><U62/><E120/><V129/><F129/><W53/><G27/><T45/><D133/><U106/><E135/><V42/><F15/><W123/><G123/><T30/><D30/><U23/><E7/><V115/><F115/><W81/><G70/><T87/><D87/><U103/><E76/><V79/><F79/><W31/><G31/><T72/><D72/><U114/><E114/><V128/><F128/><W116/><G116/><T127/><D5/><U60/><E106/><V110/><F110/><W21/><G71/><T100/><D0/><U88/><E62/><V75/><F75/><W73/><G64/><T112/><D105/><U108/><E108/><V16/><F33/><W59/><G73/><T12/><D12/><U92/><E89/><V28/><F28/><W50/><G48/><T17/><D17/><U122/><E122/><V46/><F66/><W36/><G36/><T132/><D112/><U54/><E67/><V39/><F98/><N who="3" m="37995" /><G21/><N who="1" m="8298" /><E104/><V134/><F68/><W51/><G50/><T1/><D1/><U18/><E18/><V77/><F134/><W32/><G32/><T65/><D132/><U25/><E25/><V6/><F6/><W43/><G43/><T34/><D34/><U58/><E58/><V94/><F24/><W121/><G121/><T47/><D47/><U57/><E57/><V109/><F44/><W130/><G130/><T126/><N who="0" m="31744" /><DORA hai="93" /><T85/><D65/><U40/><E40/><V69/><F42/><W38/><G38/><T3/><D3/><RYUUKYOKU ba="0,0" sc="130,-10,250,30,250,-10,370,-10" hai1="19,23,26,54,56,60,88,92,102,103" /><INIT seed="1,1,0,2,4,41" ten="120,280,240,360" oya="1" hai0="32,16,19,103,117,128,53,110,9,27,46,34,127" hai1="121,108,49,115,65,24,109,70,83,124,15,79,98" hai2="123,48,2,133,84,38,104,88,107,78,86,55,52" hai3="28,105,4,31,47,94,75,25,73,93,90,13,14"/><U37/><E37/><V5/><F123/><W120/><G120/><T12/><D117/><U30/><E121/><V67/><F38/><W51/><G105/><T1/><D103/><U42/><E115/><V74/><F74/><W77/><G93/><T66/><D66/><U56/><E124/><V45/><F67/><W125/><G125/><T81/><D127/><U60/><E15/><V35/><F35/><W122/><G122/><T57/><D1/><U22/><E98/><V80/><F133/><W43/><G77/><T39/><D110/><N who="1" m="42603" /><E42/><V113/><F55/><W23/><G31/><T99/><D99/><U64/><E49/><V130/><F130/><W6/><G14/><T36/><D128/><U85/><E65/><V129/><F113/><W91/><G91/><T114/><D114/><U102/><E102/><V11/><F129/><W135/><G135/><T63/><D81/><AGARI ba="1,0" hai="2,5,11,45,48,52,78,80,81,84,86,88,104,107" machi="81" ten="30,7700,0" yaku="7,1,52,1,54,2" doraHai="41" who="2" fromWho="0" sc="120,-80,280,0,240,80,360,0" /><INIT seed="2,0,0,1,2,60" ten="40,280,320,360" oya="2" hai0="0,58,86,67,9,2,105,42,101,11,28,39,29" hai1="134,125,47,74,33,35,4,110,132,53,83,123,112" hai2="14,20,16,19,12,72,49,68,40,107,115,117,91" hai3="77,92,54,45,64,122,30,121,128,82,65,89,71"/><V109/><F115/><W37/><G128/><T100/><D86/><U111/><E112/><V1/><F1/><W27/><G71/><T102/><D105/><U76/><E4/><V3/><F3/><W99/><G121/><T78/><D102/><U108/><E123/><V22/><F117/><W114/><G122/><T97/><D39/><U119/><E119/><V84/><F68/><W18/><G18/><T57/><D42/><U126/><E53/><V25/><F107/><W59/><G45/><T24/><D24/><U15/><E15/><V5/><F72/><W116/><G37/><T104/><D104/><U50/><E50/><V98/><F98/><W52/><G114/><T75/><D75/><U69/><E47/><N who="2" m="25831" /><F109/><W94/><G92/><T81/><D81/><U79/><E79/><V95/><F5/><W127/><G127/><N who="1" m="48650" /><E69/><V113/><F113/><W6/><G6/><T48/><D48/><U131/><E131/><V93/><F14/><W32/><G116/><T55/><D55/><U26/><E26/><V87/><F87/><W7/><G7/><T63/><D63/><U135/><AGARI ba="0,0" hai="33,35,74,76,83,108,110,111,132,134,135" m="48650" machi="135" ten="50,8000,1" yaku="14,1,20,1,18,1,23,1" doraHai="60" who="1" fromWho="1" sc="40,-20,280,80,320,-40,360,-20" /><INIT seed="3,0,0,2,3,7" ten="20,360,280,340" oya="3" hai0="96,84,69,87,28,68,57,46,61,22,113,3,80" hai1="83,58,77,2,94,44,89,37,17,112,125,118,121" hai2="48,91,54,24,56,45,27,25,64,95,100,103,78" hai3="49,79,51,81,70,99,13,33,98,39,101,34,76"/><W38/><G70/><T117/><D117/><U42/><E121/><V12/><F78/><W35/><G13/><T88/><D113/><U109/><E2/><V90/><F90/><W127/><G127/><T9/><D46/><U30/><E109/><V52/><F64/><W11/><G11/><T26/><D96/><U72/><E125/><V85/><REACH who="2" step="1"/><F12/><REACH who="2" ten="20,360,270,340" step="2"/><W4/><G79/><T107/><D107/><U74/><E89/><V92/><F92/><W110/><G76/><T21/><D84/><U115/><E94/><V111/><F111/><W53/><G110/><T16/><D3/><U93/><E93/><V102/><F102/><W116/><G101/><T40/><D40/><U66/><E42/><V10/><F10/><W50/><G116/><T130/><D130/><U41/><E77/><V123/><F123/><W106/><G106/><T23/><D68/><U71/><E66/><V104/><F104/><W14/><G14/><N who="0" m="7247" /><D69/><U19/><E41/><V131/><F131/><W47/><G53/><AGARI ba="0,1" hai="21,22,23,26,28,53,57,61,80,87,88" m="7247" machi="53" ten="30,7700,0" yaku="8,1,52,1,54,2" doraHai="7" who="0" fromWho="3" sc="20,87,360,0,270,0,340,-77" /><INIT seed="4,0,0,1,3,90" ten="107,360,270,263" oya="0" hai0="95,82,66,92,33,77,98,129,49,2,64,116,0" hai1="119,68,9,133,103,122,11,4,78,35,65,37,62" hai2="40,72,104,47,130,61,6,20,57,39,101,13,34" hai3="43,19,54,120,114,14,59,135,42,127,44,88,5"/><T110/><D116/><U52/><E119/><V97/><F34/><W26/><G114/><T105/><D33/><U55/><E122/><V29/><F72/><W91/><G120/><T16/><D105/><U126/><E37/><V131/><F6/><W71/><G71/><T85/><D129/><N who="2" m="49162" /><F13/><W125/><G135/><T134/><D134/><U38/><E38/><V106/><F106/><W53/><G26/><T63/><D110/><U50/><E35/><V81/><F81/><W23/><G5/><T18/><D49/><U31/><E31/><V115/><F115/><W107/><G107/><T48/><D48/><U73/><E103/><V32/><F20/><W22/><G22/><T83/><D98/><U24/><E11/><V100/><F100/><W96/><G96/><T17/><D82/><U124/><E24/><N who="2" m="18471" /><F57/><W15/><G59/><T36/><D36/><U25/><E25/><V76/><F76/><W117/><G23/><T93/><REACH who="0" step="1"/><D66/><REACH who="0" ten="97,360,270,263" step="2"/><U56/><E133/><V3/><F97/><W86/><G117/><T74/><D74/><U41/><E73/><V8/><F104/><W123/><G123/><T58/><AGARI ba="0,1" hai="0,2,16,17,18,58,63,64,77,83,85,92,93,95" machi="58" ten="30,18000,2" yaku="1,1,0,1,52,3,54,1,53,0" doraHai="90" doraHaiUra="28" who="0" fromWho="0" sc="97,190,360,-60,270,-60,263,-60" /><INIT seed="4,1,0,0,3,41" ten="287,300,210,203" oya="0" hai0="80,51,65,124,27,61,75,71,72,2,58,47,100" hai1="19,117,32,102,30,63,93,82,89,98,1,73,13" hai2="92,106,34,83,14,50,24,109,85,135,115,103,69" hai3="128,26,12,79,101,33,132,44,49,123,119,43,0"/><T108/><D2/><U78/><E117/><V134/><F109/><W3/><G119/><T84/><D108/><U53/><E1/><V29/><F115/><W87/><G132/><N who="2" m="50729" /><F69/><W31/><G128/><T25/><D100/><U125/><E125/><V57/><F106/><W23/><G123/><T95/><D124/><U129/><E129/><V127/><F14/><W36/><G101/><T77/><D71/><U15/><E15/><V116/><F116/><W60/><G60/><T18/><D95/><U46/><E30/><V20/><F34/><W42/><G42/><T22/><REACH who="0" step="1"/><D27/><REACH who="0" ten="277,300,210,203" step="2"/><U91/><E32/><V48/><F127/><W45/><G3/><T7/><D7/><U94/><E93/><V130/><F130/><W133/><G0/><T66/><D66/><U126/><E126/><V96/><F92/><W56/><G133/><T39/><D39/><U64/><E64/><V21/><F103/><W120/><G36/><T113/><D113/><U74/><E74/><V52/><F96/><W28/><G26/><T54/><AGARI ba="1,1" hai="18,22,25,47,51,54,58,61,65,72,75,77,80,84" machi="54" ten="20,7800,0" yaku="1,1,0,1,7,1,52,1,53,0" doraHai="41" doraHaiUra="86" who="0" fromWho="0" sc="277,91,300,-27,210,-27,203,-27" /><INIT seed="4,2,0,4,2,88" ten="368,273,183,176" oya="0" hai0="23,37,72,95,123,106,36,44,82,24,68,52,42" hai1="133,89,19,56,31,134,87,100,27,49,2,93,111" hai2="78,76,107,73,126,85,15,32,120,57,9,28,128" hai3="75,71,130,69,60,74,65,48,16,47,114,99,30"/><T5/><D106/><U132/><E111/><V62/><F107/><W7/><G114/><T131/><D123/><U135/><N who="1" m="33792" /><DORA hai="81" /><U110/><E110/><V96/><F73/><W29/><G130/><T55/><D68/><U10/><E100/><V67/><F120/><W112/><G112/><T86/><D37/><U4/><E19/><V12/><F128/><W105/><G71/><T101/><D5/><U17/><E17/><V40/><F40/><W121/><G121/><T104/><D104/><U34/><E56/><V70/><F15/><W90/><G7/><T127/><D127/><U22/><E49/><V58/><F96/><W13/><G74/><T118/><D118/><U66/><E66/><V0/><F0/><W102/><G90/><N who="0" m="51543" /><D72/><U122/><E122/><V20/><F126/><W77/><G77/><T125/><D36/><U117/><E117/><V92/><F76/><W64/><G65/><T108/><D125/><U61/><E61/><V26/><F32/><AGARI ba="2,0" hai="2,4,10,22,27,31,32,34,87,89,93" m="33792" machi="32" ten="70,8000,1" yaku="20,1,52,2" doraHai="88,81" who="1" fromWho="2" sc="368,0,273,86,183,-86,176,0" /><INIT seed="5,0,0,0,4,124" ten="368,359,97,176" oya="1" hai0="2,32,85,54,34,78,114,106,107,131,27,77,86" hai1="53,109,5,103,18,11,12,80,39,50,100,9,58" hai2="41,21,3,59,120,102,68,17,129,121,13,70,62" hai3="126,91,130,125,26,64,30,132,135,48,56,133,88"/><U4/><E39/><V134/><F3/><W87/><G64/><T43/><D2/><U15/><E109/><V128/><F102/><W95/><G56/><T119/><D54/><U92/><E92/><V38/><F134/><W51/><G91/><T69/><D27/><U10/><E80/><V14/><F14/><AGARI ba="0,0" hai="4,5,9,10,11,12,14,15,18,50,53,58,100,103" machi="14" ten="30,5800,0" yaku="7,1,9,1,8,1" doraHai="124" who="1" fromWho="2" sc="368,0,359,58,97,-58,176,0" /><INIT seed="5,1,0,5,1,54" ten="368,417,39,176" oya="1" hai0="133,86,124,58,17,52,15,91,74,41,48,68,18" hai1="126,45,24,128,123,30,61,99,80,77,82,67,111" hai2="119,131,112,100,125,63,50,121,76,57,135,73,132" hai3="101,115,37,102,42,71,89,64,16,66,28,5,43"/><U20/><E123/><V75/><F100/><W60/><G115/><T38/><D74/><U2/><E128/><V25/><F119/><W23/><G66/><T87/><D68/><U97/><E126/><V1/><F1/><W47/><G5/><T19/><D124/><U84/><E2/><V51/><F125/><W44/><G28/><T104/><D104/><U122/><E122/><V93/><F121/><W27/><REACH who="3" step="1"/><G89/><REACH who="3" ten="368,417,39,166" step="2"/><T33/><D33/><U81/><E111/><V8/><F112/><W109/><G109/><T92/><D133/><U11/><E11/><V113/><F131/><W26/><G26/><T95/><D38/><AGARI ba="1,1" hai="16,23,27,37,38,42,43,44,47,60,64,71,101,102" machi="38" ten="30,12000,2" yaku="1,1,7,1,9,1,54,1,53,2" doraHai="54" doraHaiUra="96" who="3" fromWho="0" sc="368,-123,417,0,39,0,166,133" /><INIT seed="6,0,0,2,5,109" ten="245,417,39,299" oya="2" hai0="112,11,68,34,133,131,69,98,93,27,21,81,22" hai1="122,64,105,97,25,39,83,17,26,128,1,24,12" hai2="86,79,96,30,71,56,72,87,115,60,61,125,55" hai3="15,65,2,113,13,54,6,63,43,75,127,135,37"/><V4/><F125/><W77/><G127/><T90/><D34/><U45/><E1/><V117/><F117/><W40/><G135/><T85/><D133/><U123/><E128/><V119/><F119/><W100/><G100/><T95/><D131/><U73/><E64/><V53/><F4/><W126/><G126/><T44/><D11/><U84/><E73/><V91/><F30/><W134/><G134/><T66/><D93/><U48/><E39/><V114/><F72/><W20/><G113/><N who="2" m="43017" /><F79/><W103/><G103/><T29/><D112/><U33/><E97/><V42/><F42/><W0/><G54/><N who="2" m="20489" /><F71/><W106/><G43/><T36/><D66/><U101/><E33/><V41/><F41/><W132/><G65/><T74/><D74/><U35/><E35/><V130/><F130/><W99/><G132/><T32/><D68/><U104/><E104/><V51/><F51/><W88/><G40/><T38/><D69/><U52/><E105/><V14/><F14/><W116/><G15/><T120/><D38/><U108/><E48/><V31/><F31/><W47/><G13/><T110/><D36/><U23/><E12/><V102/><F56/><W18/><G116/><T28/><D28/><U16/><E17/><V62/><F91/><W19/><G88/><T78/><D29/><U9/><E16/><V111/><F111/><W118/><G118/><T70/><D110/><U50/><E108/><V58/><F58/><W121/><G77/><T129/><D70/><U94/><E50/><V92/><AGARI ba="0,0" hai="60,61,62,86,87,92,96,102" m="20489,43017" machi="92" ten="40,12000,1" yaku="15,1,52,3" doraHai="109" who="2" fromWho="2" sc="245,-40,417,-40,39,120,299,-40" /><INIT seed="6,1,0,0,0,67" ten="205,377,159,259" oya="2" hai0="12,106,68,26,125,134,29,0,70,25,114,10,109" hai1="5,2,44,55,90,122,124,80,111,7,49,91,65" hai2="66,22,117,35,133,36,34,99,30,18,98,135,48" hai3="17,19,126,112,4,3,82,32,102,132,85,1,83"/><V101/><F36/><W52/><G32/><T97/><D109/><U92/><E111/><V93/><F117/><W131/><G131/><T31/><D0/><U120/><E124/><V105/><F66/><W104/><G126/><T56/><D125/><U110/><E110/><V57/><F57/><W13/><G132/><N who="2" m="50761" /><F48/><W107/><G112/><T86/><D56/><U96/><E2/><V118/><F30/><W46/><G4/><T6/><D86/><N who="1" m="50503" /><E65/><V87/><F87/><W21/><G83/><T14/><D134/><U76/><E76/><V115/><F115/><W40/><G52/><T128/><D114/><U9/><E9/><V81/><F81/><W129/><G129/><T108/><D128/><U20/><E20/><V42/><F42/><W72/><G72/><T69/><D108/><U16/><E16/><V88/><F118/><W59/><G59/><T94/><D106/><U78/><E78/><V37/><F37/><W54/><G54/><T24/><REACH who="0" step="1"/><D14/><AGARI ba="1,0" hai="14,18,22,34,35,88,93,98,99,101,105" m="50761" machi="14" ten="30,2900,0" yaku="20,1,54,1" doraHai="67" who="2" fromWho="0" sc="205,-32,377,0,159,32,259,0" /><INIT seed="6,2,0,0,1,7" ten="173,377,191,259" oya="2" hai0="94,130,121,87,74,10,18,15,77,67,65,11,12" hai1="30,100,5,13,104,123,20,91,33,66,36,25,85" hai2="107,72,109,115,6,32,92,108,93,126,48,58,24" hai3="59,101,47,98,84,95,57,88,45,68,39,113,83"/><V23/><F107/><W131/><G131/><T124/><D121/><U81/><E36/><V133/><F72/><W51/><G68/><T64/><D130/><U29/><E66/><V99/><F32/><W96/><G113/><T125/><D74/><U114/><E114/><V60/><F115/><W82/><G39/><T46/><D46/><N who="3" m="17417" /><G51/><T135/><D135/><U28/><E123/><V43/><F48/><W75/><G75/><T103/><D103/><U50/><E50/><V63/><F43/><W41/><G41/><T56/><D56/><N who="3" m="21577" /><G96/><T78/><D94/><AGARI ba="2,0" hai="82,83,84,88,94,95,98,101" m="21577,17417" machi="94" ten="30,2000,0" yaku="8,1,54,1" doraHai="7" who="3" fromWho="0" sc="173,-26,377,0,191,0,259,26" /><INIT seed="7,0,0,0,3,1" ten="147,377,191,285" oya="3" hai0="133,47,31,127,100,123,99,21,32,76,52,16,55" hai1="57,13,43,54,105,3,124,91,84,36,0,26,95" hai2="116,102,42,69,88,118,45,51,126,15,61,49,112" hai3="30,114,12,17,50,135,67,4,29,66,94,82,58"/><W80/><G114/><T23/><D123/><U72/><E105/><V117/><F102/><W25/><G135/><T86/><D32/><U39/><E72/><V60/><F15/><W11/><G94/><N who="0" m="58487" /><D133/><U68/><E68/><V41/><F88/><W89/><G17/><T19/><D127/><U131/><E131/><V79/><F79/><W8/><G8/><T113/><D113/><U10/><E3/><V63/><F112/><W62/><G66/><T24/><D47/><U125/><E0/><V7/><F126/><N who="1" m="48745" /><E26/><V5/><F69/><W106/><G106/><T28/><D28/><U71/><E43/><N who="2" m="16395" /><F45/><W109/><G109/><T59/><D59/><U101/><E101/><V103/><F103/><W74/><G74/><T128/><D128/><U65/><E65/><V121/><F121/><W134/><G134/><T46/><D46/><U38/><E71/><V78/><F78/><W119/><G30/><T98/><D98/><U77/><E77/><V110/><F110/><W44/><G119/><T70/><D70/><U90/><E90/><V35/><F35/><W6/><G89/><T81/><D31/><U18/><E39/><V2/><F2/><W73/><G73/><T40/><D40/><U75/><E75/><V92/><F92/><W37/><G37/><T97/><D97/><U115/><E115/><V53/><F118/><W56/><G58/><T22/><D22/><U111/><E111/><V132/><F132/><W85/><G56/><T96/><D96/><U27/><E38/><V107/><F117/><W104/><G104/><T33/><D33/><U83/><E36/><RYUUKYOKU ba="0,0" sc="147,30,377,-10,191,-10,285,-10" hai0="16,19,21,23,24,52,55,76,81,86" owari="177,-32.3,367,46.7,181,-21.9,275,7.5" /></mjloggm>