<mjloggm ver="2.3"><GO type="169" lobby="0"/><UN n0="%E3%81%9F%E3%81%8F%E3%81%98%E3%82%8D%E3%81%86" n1="%37%36%35%2D%37%32" n2="%73%6F%61%6F" n3="%E8%82%89%E5%9B%A3%E5%AD%90%E5%85%88%E7%94%9F" dan="19,16,16,16" rate="2331.42,2061.77,2136.95,2087.98" sx="M,M,M,M"/><TAIKYOKU oya="0"/><INIT seed="0,0,0,5,0,5" ten="250,250,250,250" oya="0" hai0="67,70,69,35,48,87,2,113,56,22,28,102,107" hai1="41,110,74,99,15,108,85,120,73,49,123,25,43" hai2="114,64,3,106,51,47,53,44,127,83,65,117,60" hai3="20,17,34,24,130,9,31,121,95,126,86,68,33"/><T115/><D2/><U97/><E15/><V88/><F106/><W104/><G104/><T19/><D35/><U79/><E85/><V66/><F114/><W36/><G36/><T98/><D28/><U7/><E7/><V52/><F127/><W10/><G68/><T11/><D87/><U14/><E14/><V71/><F3/><W21/><G95/><T77/><D77/><U81/><E81/><V112/><F112/><W131/><G86/><T90/><D90/><U91/><E91/><V40/><F88/><W62/><G62/><T100/><D100/><U27/><REACH who="1" step="1"/><E49/><REACH who="1" ten="250,240,250,250" step="2"/><N who="2" m="26759" /><F83/><W55/><G24/><T82/><D82/><U12/><E12/><V29/><F117/><W16/><G126/><T133/><D48/><U135/><E135/><V96/><F96/><W50/><G50/><T39/><D133/><U0/><E0/><V57/><F29/><W59/><G31/><T1/><D1/><U111/><E111/><V116/><F116/><W103/><G103/><T63/><D98/><U80/><E80/><V132/><F132/><W84/><G84/><T23/><D102/><U101/><E101/><V92/><F92/><W89/><G89/><T109/><D109/><U122/><E122/><V30/><F30/><W94/><G121/><T38/><D107/><U18/><E18/><V46/><F46/><W125/><G17/><T45/><D45/><U6/><E6/><V32/><F32/><W42/><G34/><T93/><D93/><U72/><E72/><V58/><F47/><W37/><G94/><T54/><D19/><U129/><E129/><V75/><F75/><RYUUKYOKU ba="0,1" sc="250,-15,240,15,250,15,250,-15" hai1="25,27,41,43,73,74,79,97,99,108,110,120,123" hai2="51,52,53,57,58,60,64,65,66,71" /><INIT seed="1,1,1,2,5,67" ten="235,255,265,235" oya="1" hai0="50,109,85,35,86,100,13,123,56,47,3,134,0" hai1="39,43,6,118,38,52,30,101,53,24,7,120,84" hai2="46,113,119,8,125,28,21,33,114,66,87,75,70" hai3="69,89,82,55,106,4,49,62,126,90,115,135,29"/><U60/><E118/><V73/><F119/><W81/><G115/><N who="2" m="44041" /><F33/><W19/><G106/><T110/><D35/><U95/><E120/><V88/><F46/><W105/><G105/><T133/><D56/><U71/><E39/><V124/><F8/><W102/><G102/><T122/><D100/><U51/><E38/><V40/><F40/><W78/><G29/><T121/><D13/><U79/><E43/><V92/><F21/><W11/><G135/><N who="0" m="51723" /><D50/><U96/><E53/><V59/><F59/><W132/><G19/><T99/><D99/><U10/><E10/><V130/><F28/><W76/><G132/><T129/><D47/><U16/><E71/><V61/><F130/><W80/><G69/><T65/><D65/><U41/><E60/><V91/><F91/><W17/><G62/><T1/><D129/><U15/><E41/><V117/><F117/><W2/><G90/><T23/><D23/><N who="1" m="11679" /><E24/><V37/><F37/><W20/><G89/><T58/><D58/><N who="1" m="33055" /><E30/><V14/><F14/><W127/><G2/><T103/><D103/><U83/><AGARI ba="1,1" hai="6,7,79,83,84,95,96,101" m="33055,11679" machi="83" ten="30,6000,0" yaku="8,1,54,2" doraHai="67" who="1" fromWho="1" sc="235,-21,255,73,265,-21,235,-21" /><INIT seed="1,2,0,2,3,119" ten="214,328,244,214" oya="1" hai0="14,66,30,38,48,19,87,133,117,1,46,132,60" hai1="67,99,127,72,89,25,17,122,64,123,5,105,69" hai2="126,35,86,7,100,103,75,57,28,121,12,59,11" hai3="91,90,31,118,92,113,124,39,79,128,56,63,9"/><U18/><E72/><V106/><F75/><W116/><G113/><T50/><D1/><U125/><E5/><V104/><F126/><N who="1" m="48137" /><E25/><V110/><F110/><W81/><G39/><T129/><D30/><U65/><E69/><V108/><F108/><W51/><G124/><T114/><D117/><N who="3" m="45161" /><G31/><T102/><D114/><U80/><E80/><V84/><F28/><W47/><G9/><T62/><D38/><U74/><E74/><V135/><F35/><W76/><G81/><T26/><D26/><U71/><E71/><V111/><F111/><W68/><G128/><T10/><D129/><U61/><E61/><V58/><F135/><W55/><G68/><T8/><D62/><U94/><E105/><V95/><F106/><W24/><G24/><T44/><D60/><U53/><E53/><V120/><F104/><W73/><G73/><T54/><D66/><U3/><E3/><V22/><F22/><W45/><G45/><T88/><D102/><U115/><E115/><V37/><F37/><W2/><G2/><T34/><D34/><U43/><E43/><V83/><F95/><W0/><G0/><T134/><D8/><U78/><E78/><N who="3" m="29738" /><G92/><T4/><D4/><U96/><E96/><V32/><F32/><W131/><G131/><T52/><D134/><U42/><E42/><AGARI ba="2,0" hai="42,47,51,55,56,63,90,91" m="29738,45161" machi="42" ten="30,1000,0" yaku="12,1" doraHai="119" who="3" fromWho="1" sc="214,0,328,-16,244,0,214,16" /><INIT seed="2,0,0,1,2,85" ten="214,312,244,230" oya="2" hai0="55,113,135,103,32,40,127,60,119,65,43,68,105" hai1="20,90,14,8,0,129,72,41,114,79,63,133,45" hai2="64,99,69,134,50,49,42,118,30,3,21,92,112" hai3="123,108,121,95,94,25,106,33,107,37,126,44,132"/><V2/><F112/><W31/><G108/><T56/><D113/><U4/><E114/><V104/><F104/><W101/><G132/><T81/><D135/><U128/><E133/><V34/><F34/><W18/><G126/><T57/><D127/><U86/><E63/><V110/><F118/><W36/><G95/><T130/><D130/><N who="1" m="50283" /><E20/><V1/><F134/><W100/><G100/><T46/><D32/><U70/><E70/><V48/><F64/><W77/><G77/><T17/><D103/><U76/><E72/><V26/><F69/><W71/><G71/><T75/><D105/><U11/><E11/><V83/><F83/><W53/><G36/><T131/><D119/><U24/><E24/><V73/><F73/><W120/><G37/><T5/><D5/><U6/><E6/><V125/><F125/><W10/><G10/><T27/><D27/><U78/><E0/><V9/><F110/><W84/><G18/><T109/><D17/><U115/><E115/><V67/><F67/><W122/><G122/><T117/><D117/><U80/><E76/><V102/><REACH who="2" step="1"/><F9/><REACH who="2" ten="214,312,234,230" step="2"/><W93/><G123/><T62/><D109/><U51/><AGARI ba="0,1" hai="4,8,14,41,45,51,78,79,80,86,90" m="50283" machi="51" ten="30,2000,0" yaku="19,1,52,1" doraHai="85" who="1" fromWho="1" sc="214,-5,312,30,234,-10,230,-5" /><INIT seed="3,0,0,5,0,88" ten="209,342,224,225" oya="3" hai0="13,46,98,54,67,105,82,78,27,79,125,57,21" hai1="42,75,103,90,40,114,126,19,32,124,26,110,2" hai2="72,73,15,39,85,56,24,129,80,48,100,122,11" hai3="14,44,99,29,45,17,134,0,6,86,91,123,107"/><W31/><G123/><T93/><D125/><U18/><E114/><V92/><F39/><W69/><G69/><T65/><D105/><U115/><E115/><V89/><F129/><W5/><G134/><T52/><D13/><U16/><E103/><V23/><F122/><W108/><G108/><T47/><D67/><U33/><E110/><V62/><F48/><W34/><G107/><T81/><D65/><U118/><E118/><V112/><F112/><W76/><G76/><N who="0" m="29227" /><D47/><U111/><E111/><V49/><F49/><W84/><G34/><T97/><D97/><U53/><E2/><V132/><F132/><W133/><G133/><T59/><D46/><N who="3" m="18025" /><G99/><T117/><D117/><U55/><E75/><V96/><F56/><N who="0" m="21578" /><D82/><U9/><E9/><V41/><F62/><W121/><G121/><T71/><D81/><U131/><E131/><V7/><REACH who="2" step="1"/><F41/><REACH who="2" ten="209,342,214,225" step="2"/><W101/><G0/><T95/><D71/><U35/><E42/><V20/><F20/><W66/><G66/><T1/><D1/><U63/><E40/><V25/><F25/><W77/><G77/><T28/><D95/><U120/><E120/><V102/><F102/><AGARI ba="0,1" hai="21,27,28,52,54,93,98,102" m="21578,29227" machi="102" ten="30,3900,0" yaku="8,1,52,1,54,1" doraHai="88" who="0" fromWho="2" sc="209,49,342,0,214,-39,225,0" /><INIT seed="4,0,0,1,1,35" ten="258,342,175,225" oya="0" hai0="128,79,5,127,47,95,24,46,118,17,6,88,122" hai1="102,12,103,27,13,117,60,123,89,86,64,76,99" hai2="1,57,133,87,58,42,22,109,14,9,59,15,65" hai3="2,0,130,40,82,62,78,19,70,129,56,134,52"/><T75/><D118/><U49/><E117/><V7/><F109/><W33/><G70/><T69/><D122/><U23/><E123/><V44/><F133/><W38/><G134/><T41/><D69/><U45/><E76/><V32/><F32/><W114/><G33/><T92/><D127/><U72/><E72/><V8/><F22/><W113/><G19/><T90/><D128/><N who="3" m="49257" /><G40/><T25/><D75/><U126/><E103/><V31/><F31/><W10/><G10/><T4/><D79/><U101/><E101/><V73/><F73/><N who="3" m="43343" /><G38/><T30/><D17/><U36/><E36/><V66/><F87/><W50/><G50/><T51/><D47/><U11/><E11/><V20/><F20/><W112/><AGARI ba="0,0" hai="0,2,52,56,62,112,113,114" m="43343,49257" machi="112" ten="40,8000,1" yaku="15,1,19,1,52,2,54,1" doraHai="35" who="3" fromWho="3" sc="258,-40,342,-20,175,-20,225,80" /><INIT seed="5,0,0,2,3,133" ten="218,322,155,305" oya="1" hai0="53,92,31,69,129,55,62,7,5,113,18,99,121" hai1="19,122,8,80,63,15,30,107,40,82,84,47,23" hai2="87,29,66,77,103,135,112,73,13,57,60,98,14" hai3="88,3,61,134,44,51,114,46,10,91,11,58,93"/><U4/><E122/><V74/><F135/><W17/><G134/><T48/><D121/><U67/><E107/><V52/><F29/><W95/><G114/><T117/><D117/><U116/><E116/><V76/><F112/><W33/><G33/><T109/><D109/><U28/><E80/><V24/><F24/><W27/><G3/><T86/><D86/><U1/><E63/><V131/><F131/><W36/><G36/><T102/><D113/><U115/><E115/><V106/><F74/><W12/><G27/><T72/><D72/><U132/><E67/><V125/><F73/><W89/><G10/><T65/><D31/><U119/><E119/><V118/><F118/><W83/><G83/><T127/><D55/><U130/><E130/><V100/><F100/><W81/><G81/><T34/><D34/><U108/><E108/><V94/><F76/><W41/><REACH who="3" step="1"/><G46/><REACH who="3" ten="218,322,155,295" step="2"/><T128/><D128/><U111/><E132/><V45/><F77/><W68/><G68/><T70/><D69/><U6/><E111/><V105/><F45/><W56/><G56/><T35/><D35/><U78/><E6/><V120/><F57/><W42/><G42/><T54/><D5/><U104/><REACH who="1" step="1"/><E104/><REACH who="1" ten="218,312,155,295" step="2"/><V0/><F106/><W2/><G2/><T59/><D7/><U124/><E124/><V32/><F105/><W75/><G75/><T90/><D127/><U110/><E110/><V64/><F125/><W101/><G101/><T50/><D129/><U97/><E97/><V43/><F98/><W49/><G49/><AGARI ba="0,2" hai="1,4,8,15,19,23,28,30,40,47,49,78,82,84" machi="49" ten="30,5800,0" yaku="1,1,7,1,53,1" doraHai="133" doraHaiUra="79" who="1" fromWho="3" sc="218,0,312,78,155,0,295,-58" /><INIT seed="5,1,0,5,2,119" ten="218,390,155,237" oya="1" hai0="54,2,102,55,132,25,16,103,121,1,112,50,66" hai1="85,96,77,98,123,73,131,18,4,32,53,58,135" hai2="31,116,115,134,89,91,57,59,30,12,117,71,107" hai3="69,22,129,111,5,127,48,15,95,8,49,44,126"/><U7/><E131/><V11/><F71/><W0/><G111/><T27/><D66/><U72/><E135/><V81/><F107/><W38/><G69/><T60/><D60/><U105/><E32/><V45/><F134/><W36/><G129/><T68/><D68/><U41/><E41/><V62/><F45/><W52/><G95/><T74/><D74/><U39/><E39/><V83/><F12/><W114/><G114/><T34/><D112/><U99/><E105/><V14/><F14/><W133/><G133/><T94/><D94/><U88/><E18/><V92/><F92/><W28/><G49/><T51/><D34/><U130/><E130/><V17/><F115/><W6/><G6/><T10/><D10/><U65/><E65/><V125/><F62/><W75/><G75/><T106/><D106/><U43/><E43/><V101/><F17/><N who="3" m="10559" /><G28/><T124/><D16/><U26/><E26/><V23/><F23/><W9/><G9/><T118/><D132/><U100/><E100/><V33/><F33/><W47/><G47/><T79/><D118/><U13/><E4/><V128/><F128/><W21/><G21/><T42/><D42/><U122/><E72/><V108/><F11/><W110/><G110/><T84/><D1/><U113/><E113/><V82/><F101/><W120/><G38/><T67/><D102/><U35/><E35/><V56/><F108/><W80/><G36/><T104/><D103/><U63/><E7/><V70/><F70/><W46/><G5/><T86/><D104/><U93/><E13/><V3/><F116/><W97/><G0/><RYUUKYOKU ba="1,0" sc="218,-10,390,30,155,-10,237,-10" hai1="53,58,63,73,77,85,88,93,96,98,99,122,123" /><INIT seed="5,2,0,0,4,25" ten="208,420,145,227" oya="1" hai0="104,70,129,34,76,58,105,101,32,28,50,135,102" hai1="123,116,98,15,114,49,93,45,44,54,27,4,20" hai2="86,66,56,64,112,53,24,59,3,62,99,19,38" hai3="97,117,23,125,95,91,13,17,74,122,29,85,33"/><U48/><E114/><V79/><F3/><W83/><G122/><T22/><D70/><U12/><E116/><V118/><F118/><W130/><G117/><T133/><D76/><U103/><E4/><V96/><F38/><W39/><G39/><T94/><D22/><U77/><E77/><V51/><F112/><W8/><G130/><T84/><D129/><U57/><E123/><V78/><F66/><W69/><G69/><T35/><D28/><U1/><E1/><V40/><F40/><W42/><G42/><T115/><D115/><U80/><E80/><V109/><F109/><W110/><G125/><T120/><D120/><U72/><E72/><V131/><F131/><W119/><G110/><T134/><D84/><U113/><E113/><V127/><F127/><W9/><G74/><T30/><D30/><U18/><REACH who="1" step="1"/><E57/><REACH who="1" ten="208,410,145,227" step="2"/><V47/><F59/><W10/><G119/><T90/><D58/><U81/><E81/><N who="2" m="47415" /><F79/><W92/><G83/><T36/><D135/><U128/><E128/><V61/><F61/><W124/><G124/><T43/><D134/><U46/><E46/><V121/><F121/><W67/><G67/><T5/><D133/><U106/><E106/><V89/><F56/><W55/><G95/><T14/><D105/><U16/><E16/><V68/><F47/><W21/><G92/><T71/><D104/><U107/><E107/><V2/><F19/><W37/><G17/><T75/><D75/><U26/><E26/><V100/><F62/><W111/><G111/><T7/><D7/><U88/><E88/><V52/><F64/><W31/><G91/><RYUUKYOKU ba="2,1" sc="208,-10,410,30,145,-10,227,-10" hai1="12,15,18,20,27,44,45,48,49,54,93,98,103" /><INIT seed="5,3,1,0,1,40" ten="198,440,135,217" oya="1" hai0="14,92,1,112,77,30,114,61,44,107,23,84,70" hai1="18,79,48,45,0,21,91,85,106,124,4,33,36" hai2="121,64,98,69,17,71,25,122,135,54,88,56,46" hai3="74,105,76,97,130,116,110,10,103,117,66,15,127"/><U120/><E124/><V27/><F135/><W9/><G110/><T119/><D1/><U82/><E120/><V99/><F64/><W6/><G130/><T38/><D107/><U86/><E33/><V28/><F28/><W73/><G127/><T42/><D119/><N who="3" m="45641" /><G76/><T126/><D126/><U132/><E132/><V68/><F99/><W43/><G43/><T57/><D70/><U26/><E36/><V134/><F134/><W5/><G66/><T131/><D131/><U55/><E106/><V52/><F122/><W7/><G7/><T2/><D2/><AGARI ba="3,1" hai="2,5,6,9,10,15,73,74,97,103,105" m="45641" machi="2" ten="30,1000,0" yaku="12,1" doraHai="40" who="3" fromWho="0" sc="198,-19,440,0,135,0,217,29" /><INIT seed="6,0,0,3,1,108" ten="179,440,135,246" oya="2" hai0="34,133,19,18,96,42,85,30,61,43,59,62,66" hai1="0,48,124,45,72,76,114,104,13,65,7,5,129" hai2="118,63,16,83,127,92,89,47,14,87,50,64,11" hai3="60,101,130,46,74,93,27,44,75,100,36,121,84"/><V51/><F127/><W55/><G121/><T116/><D133/><U26/><E104/><V128/><F128/><W77/><G101/><T25/><D116/><U68/><E0/><V88/><F118/><W2/><G2/><T35/><D35/><U52/><E129/><V110/><F110/><W17/><G100/><T21/><D18/><U37/><E13/><V71/><REACH who="2" step="1"/><F47/><REACH who="2" ten="179,440,125,246" step="2"/><W132/><G44/><T3/><D3/><U69/><E45/><V28/><F28/><W73/><G46/><T41/><D30/><U90/><E124/><V107/><F107/><W78/><G130/><T113/><D113/><U103/><E114/><V134/><F134/><W22/><G132/><T126/><D126/><U12/><E37/><V33/><F33/><W20/><G36/><T97/><D34/><U94/><E69/><V24/><F24/><W40/><G27/><T8/><D8/><U4/><E68/><V119/><F119/><W29/><G29/><T23/><D23/><U95/><E26/><V67/><F67/><W91/><G22/><T102/><D25/><U117/><E65/><V49/><F49/><W131/><G20/><T98/><D21/><U9/><E48/><V109/><F109/><W58/><G131/><T80/><D66/><U81/><E117/><V86/><AGARI ba="0,1" hai="11,14,16,50,51,63,64,71,83,86,87,88,89,92" machi="86" ten="20,12000,1" yaku="1,1,0,1,7,1,54,2,53,0" doraHai="108" doraHaiUra="115" who="2" fromWho="2" sc="179,-40,440,-40,125,130,246,-40" /><INIT seed="6,1,0,2,2,113" ten="139,400,255,206" oya="2" hai0="73,8,28,75,90,74,55,76,133,17,91,43,42" hai1="96,123,40,98,4,120,62,121,25,1,130,124,95" hai2="57,84,94,29,31,83,66,39,85,63,128,56,69" hai3="3,77,129,99,93,127,58,82,47,78,38,5,86"/><V48/><F39/><W41/><G129/><T16/><D28/><U32/><E130/><V126/><F126/><W33/><G33/><T9/><D76/><U87/><E124/><V71/><F128/><W46/><G127/><T67/><D67/><U15/><E1/><V23/><F71/><W10/><G47/><T105/><D105/><U104/><E104/><V44/><F57/><W103/><REACH who="3" step="1"/><G58/><REACH who="3" ten="139,400,255,196" step="2"/><T80/><D55/><U88/><E32/><V26/><F69/><W53/><G53/><T34/><D34/><U135/><E135/><V116/><F116/><W72/><G72/><T81/><REACH who="0" step="1"/><D74/><REACH who="0" ten="129,400,255,196" step="2"/><U131/><E131/><V21/><F31/><W54/><G54/><T122/><D122/><U134/><E134/><AGARI ba="1,2" hai="8,9,16,17,42,43,73,75,80,81,90,91,133,134" machi="134" ten="25,6400,0" yaku="1,1,22,2,54,1,53,0" doraHai="113" doraHaiUra="102" who="0" fromWho="1" sc="129,87,400,-67,255,0,196,0" /><INIT seed="7,0,0,1,3,128" ten="216,333,255,196" oya="3" hai0="71,75,70,4,103,107,11,118,95,56,31,23,62" hai1="8,72,20,25,94,105,73,5,38,90,36,96,93" hai2="14,74,134,129,57,92,54,117,132,42,41,50,115" hai3="35,27,40,28,106,0,110,135,55,15,124,109,34"/><W83/><G106/><T133/><D118/><U120/><E120/><V46/><F117/><W121/><G40/><T10/><D107/><U22/><E105/><V39/><F129/><W58/><G121/><T17/><D75/><U80/><E22/><V64/><F74/><W101/><G101/><T7/><D31/><U123/><E123/><V112/><F14/><W26/><G124/><T78/><D78/><U131/><E131/><V89/><F64/><W113/><G113/><N who="2" m="43593" /><F42/><W32/><G0/><T122/><D122/><U104/><E104/><V87/><AGARI ba="0,0" hai="39,41,46,50,54,57,87,89,92,132,134" m="43593" machi="87" ten="30,4000,0" yaku="15,1,52,2" doraHai="128" who="2" fromWho="2" sc="216,-10,333,-10,255,40,196,-20" owari="206,-19.4,323,42.3,295,9.5,176,-32.4" /></mjloggm>