<mjloggm ver="2.3"><GO type="169" lobby="0"/><UN n0="%E3%82%A8%E3%82%B9%E3%82%B1%E3%83%BC%2E" n1="%E4%B8%8D%E5%9C%A8%E3%81%AE%E9%A8%8E%E5%A3%AB" n2="%E3%82%A2%E3%83%AC%E3%82%88%E3%80%81%E3%82%A2%E3%83%AC%E3%82%A2%E3%83%AC" n3="%E3%81%8B%E3%81%A3%E9%A3%9B%E3%81%B0%E3%81%9B%E5%85%A8%E9%83%A8" dan="17,16,16,17" rate="2167.77,2017.02,2117.13,2186.43" sx="M,F,M,M"/><TAIKYOKU oya="0"/><INIT seed="0,0,0,0,2,105" ten="250,250,250,250" oya="0" hai0="111,30,41,121,46,63,113,128,17,3,107,18,1" hai1="118,120,82,54,91,84,108,35,112,95,104,126,50" hai2="134,114,51,45,22,70,73,68,34,133,100,79,72" hai3="60,66,39,78,56,2,28,11,119,86,80,132,48"/><T47/><D107/><U33/><E108/><V102/><F34/><W44/><G119/><T92/><D113/><U117/><E120/><V5/><F114/><W77/><G132/><N who="2" m="50793" /><F79/><W81/><G39/><T7/><D30/><U74/><E126/><V96/><F5/><W127/><G127/><T10/><D121/><U98/><E112/><V75/><F22/><W29/><G11/><T37/><D111/><U103/><E117/><V40/><F102/><W94/><G94/><AGARI ba="0,0" hai="40,45,51,68,70,72,73,75,94,96,100" m="50793" machi="94" ten="40,8000,1" yaku="20,1,52,3" doraHai="105" who="2" fromWho="3" sc="250,0,250,0,250,80,250,-80" /><INIT seed="1,0,0,1,3,102" ten="250,250,330,170" oya="1" hai0="114,2,9,1,91,109,66,40,121,17,13,33,31" hai1="126,85,51,110,7,127,75,37,106,29,89,99,94" hai2="52,26,90,8,81,35,105,65,57,82,95,60,80" hai3="62,18,71,63,73,10,122,135,19,49,107,125,132"/><U16/><E37/><V44/><F105/><W4/><G122/><T58/><D114/><U134/><E134/><N who="3" m="51242" /><G73/><T22/><D121/><U46/><E75/><V30/><F8/><W45/><G125/><N who="1" m="47626" /><E29/><V39/><F39/><W28/><G28/><T111/><D40/><U70/><E70/><V113/><F113/><W42/><G107/><T92/><D66/><U36/><E36/><V83/><F83/><W3/><G71/><T115/><D58/><U98/><E7/><V67/><REACH who="2" step="1"/><F44/><REACH who="2" ten="250,250,320,170" step="2"/><W34/><G10/><T119/><D115/><U131/><E106/><V59/><F59/><W93/><G45/><T48/><D9/><U87/><E131/><V27/><F27/><W120/><G120/><T15/><D111/><U78/><E110/><V72/><F72/><W53/><G3/><T23/><D1/><U117/><E117/><V56/><F56/><W55/><G4/><T116/><D2/><U0/><E0/><V20/><F20/><W103/><G34/><T74/><D33/><U124/><E124/><V84/><AGARI ba="0,1" hai="26,30,35,52,57,60,65,67,80,81,82,84,90,95" machi="84" ten="30,4000,0" yaku="1,1,0,1,54,1,53,0" doraHai="102" doraHaiUra="12" who="2" fromWho="2" sc="250,-10,250,-20,320,50,170,-10" /><INIT seed="2,0,0,4,3,84" ten="240,230,370,160" oya="2" hai0="42,111,40,76,87,51,14,62,96,20,123,26,55" hai1="11,126,116,46,91,130,99,36,7,120,34,70,61" hai2="33,132,81,119,41,129,108,127,37,69,103,115,72" hai3="77,107,131,13,100,94,65,135,50,9,0,83,48"/><V30/><RYUUKYOKU type="yao9" ba="0,0" sc="240,0,230,0,370,0,160,0" hai2="30,33,37,41,69,72,81,103,108,115,119,127,129,132" /><INIT seed="2,1,0,1,1,126" ten="240,230,370,160" oya="2" hai0="32,73,60,98,105,113,51,37,24,17,52,44,99" hai1="79,112,85,25,89,92,14,66,41,26,72,63,95" hai2="115,91,114,129,49,64,133,29,100,9,96,123,11" hai3="80,130,83,82,102,50,45,30,65,21,101,88,28"/><V67/><F123/><W76/><G130/><T132/><D73/><U57/><E112/><V56/><F29/><W53/><G65/><T4/><D113/><U71/><E71/><V35/><F35/><W122/><G122/><T34/><D132/><U116/><E116/><V125/><F133/><W6/><G6/><T39/><D4/><U81/><E41/><V15/><F125/><W119/><G119/><T118/><D118/><U54/><E14/><V128/><F114/><W75/><G76/><T111/><D111/><U12/><E66/><V109/><F91/><W13/><G75/><T5/><D5/><U74/><E74/><V1/><F1/><W43/><G43/><T55/><D105/><U3/><E3/><V2/><F2/><W124/><G124/><T70/><D70/><U77/><E72/><V58/><F115/><W38/><G38/><T19/><D24/><N who="1" m="9323" /><E12/><V16/><F11/><W84/><G13/><T59/><D59/><N who="2" m="22570" /><F49/><W0/><G0/><T36/><D36/><U97/><E95/><N who="2" m="58399" /><F109/><W10/><G10/><T46/><D51/><U31/><E31/><N who="3" m="11818" /><G21/><T107/><D107/><U108/><E108/><V8/><F8/><W23/><G23/><T69/><REACH who="0" step="1"/><D69/><REACH who="0" ten="230,230,370,160" step="2"/><U86/><E63/><AGARI ba="1,1" hai="17,19,32,34,37,39,44,46,52,55,60,63,98,99" machi="63" ten="25,8000,1" yaku="1,1,2,1,22,2,54,1,53,0" doraHai="126" doraHaiUra="103" who="0" fromWho="1" sc="230,93,230,-83,370,0,160,0" /><INIT seed="3,0,0,1,3,52" ten="323,147,370,160" oya="3" hai0="104,64,88,105,26,34,108,46,76,124,114,122,61" hai1="91,66,53,50,31,95,51,35,98,102,113,84,58" hai2="96,24,62,30,135,11,85,101,16,68,109,79,12" hai3="48,39,1,63,44,82,107,128,32,90,20,7,43"/><W45/><G32/><T23/><D34/><U22/><E113/><V38/><F38/><W3/><G128/><T8/><D122/><U130/><E130/><V115/><F115/><W97/><G107/><T99/><D108/><U13/><E35/><V134/><F109/><W70/><G7/><T42/><D124/><U6/><E66/><N who="2" m="41047" /><F85/><W56/><G70/><T112/><D76/><U55/><E6/><V120/><F79/><W40/><G20/><T0/><D104/><U27/><E13/><V106/><F120/><W118/><G118/><T57/><D8/><U59/><REACH who="1" step="1"/><E84/><REACH who="1" ten="323,137,370,160" step="2"/><V132/><F24/><W14/><G14/><T110/><D110/><U60/><E60/><V100/><F135/><W21/><G1/><T33/><D33/><U73/><E73/><V17/><F134/><W2/><G3/><T77/><D0/><U67/><E67/><V89/><F12/><W87/><G2/><T29/><D112/><U41/><E41/><V111/><F111/><W86/><G86/><T81/><D114/><U4/><E4/><V117/><F132/><W37/><G21/><T72/><D42/><U28/><E28/><V71/><F30/><W10/><G10/><T47/><REACH who="0" step="1"/><D105/><REACH who="0" ten="313,137,370,160" step="2"/><U83/><E83/><V36/><F106/><W116/><G82/><T121/><D121/><U133/><E133/><V126/><F11/><W19/><G40/><T49/><D49/><U80/><E80/><V75/><F75/><W9/><G9/><T25/><D25/><U74/><E74/><V93/><F117/><W5/><G116/><T69/><D69/><U123/><E123/><RYUUKYOKU ba="0,2" sc="313,15,137,15,370,-15,160,-15" hai0="23,26,29,46,47,57,61,64,72,77,81,88,99" hai1="22,27,31,50,51,53,55,58,59,91,95,98,102" /><INIT seed="4,1,2,5,2,28" ten="328,152,355,145" oya="0" hai0="57,108,101,26,63,15,32,9,24,95,129,106,121" hai1="16,109,50,39,119,80,111,37,45,114,87,99,112" hai2="113,2,18,59,31,49,88,73,94,75,29,131,17" hai3="82,64,5,20,105,133,66,102,107,53,58,56,41"/><T51/><D121/><U10/><E119/><V120/><F120/><W42/><G5/><T30/><D106/><U13/><E99/><V70/><F70/><W124/><G20/><T84/><D129/><U35/><E35/><V104/><F104/><W135/><G82/><T33/><D108/><U40/><E109/><V36/><F36/><W3/><G3/><T38/><D38/><U11/><E11/><V60/><F2/><W132/><G132/><T4/><D51/><U134/><E134/><V19/><F113/><N who="1" m="43625" /><E111/><V23/><F49/><W89/><G89/><AGARI ba="1,2" hai="10,13,16,37,39,40,45,50,80,87,89" m="43625" machi="89" ten="30,3900,0" yaku="15,1,11,1,54,1" doraHai="28" who="1" fromWho="3" sc="328,0,152,62,355,0,145,-42" /><INIT seed="5,0,0,0,0,91" ten="328,214,355,103" oya="1" hai0="5,99,125,15,6,92,66,16,10,118,63,33,84" hai1="101,34,48,93,12,87,117,36,121,128,79,60,113" hai2="20,49,73,43,104,124,39,108,86,14,133,19,4" hai3="120,57,114,94,123,102,97,70,72,83,44,37,127"/><U122/><E117/><V129/><F73/><W74/><G70/><T134/><D118/><U23/><E36/><V85/><F108/><W11/><G114/><T55/><D33/><U40/><E34/><V52/><F104/><W131/><G127/><T119/><D119/><U0/><E0/><V9/><F124/><W61/><G131/><T130/><D130/><U100/><E60/><V22/><F129/><W78/><G72/><T17/><D134/><U2/><E2/><V77/><F133/><W89/><G11/><T3/><D3/><U98/><E113/><V32/><F32/><W26/><G26/><T107/><D107/><U35/><E35/><V58/><F77/><W62/><G62/><T29/><D29/><U75/><E75/><V53/><F53/><W65/><REACH who="3" step="1"/><G102/><REACH who="3" ten="328,214,355,93" step="2"/><N who="0" m="60775" /><D125/><U110/><E101/><V45/><F22/><W24/><G24/><AGARI ba="0,1" hai="4,9,14,19,20,24,39,43,45,49,52,58,85,86" machi="24" ten="30,2000,0" yaku="7,1,54,1" doraHai="91" who="2" fromWho="3" sc="328,0,214,0,355,30,93,-20" /><INIT seed="6,0,0,0,4,122" ten="328,214,385,73" oya="2" hai0="63,127,59,25,96,124,52,42,57,72,7,94,5" hai1="56,11,103,133,55,135,33,54,27,80,129,123,41" hai2="120,9,21,20,69,109,70,132,90,101,134,116,84" hai3="2,32,30,130,121,64,118,106,115,102,14,66,40"/><V13/><F120/><W71/><G64/><T34/><D72/><U97/><E123/><V114/><F116/><W36/><G14/><T91/><D42/><U128/><E80/><V76/><F76/><W44/><G44/><T15/><D15/><U4/><BYE who="0" /><E41/><UN n0="%E3%82%A8%E3%82%B9%E3%82%B1%E3%83%BC%2E" /><V125/><F125/><N who="0" m="48202" /><D59/><U53/><E56/><V100/><F114/><W79/><G30/><AGARI ba="0,0" hai="5,7,25,30,34,52,57,63,91,94,96" m="48202" machi="30" ten="30,2000,0" yaku="18,1,54,1" doraHai="122" who="0" fromWho="3" sc="328,20,214,0,385,0,73,-20" /><INIT seed="7,0,0,3,1,130" ten="348,214,385,53" oya="3" hai0="124,121,53,126,95,17,103,34,127,131,106,33,122" hai1="67,115,134,86,107,102,50,110,99,24,90,101,38" hai2="77,135,88,89,22,8,80,117,52,65,73,3,55" hai3="64,70,31,112,29,42,75,35,6,74,62,9,84"/><W23/><G112/><T43/><D106/><U0/><E38/><V56/><F117/><W59/><G42/><T54/><D43/><U129/><E102/><V57/><F65/><W51/><G35/><N who="0" m="13323" /><D103/><U105/><E115/><V11/><F135/><W7/><G7/><T40/><D40/><U133/><E129/><V25/><F3/><W85/><G75/><T68/><D131/><U116/><E0/><V47/><F47/><W20/><G74/><T71/><D95/><U21/><E110/><V92/><F56/><W108/><G108/><T48/><D48/><U26/><E107/><V87/><F89/><W93/><G70/><N who="0" m="26667" /><D17/><U61/><E26/><V39/><F39/><W78/><G51/><T45/><D45/><U125/><E50/><V66/><F66/><W97/><G29/><T120/><AGARI ba="0,0" hai="53,54,120,121,122,124,126,127" m="26667,13323" machi="120" ten="50,6400,0" yaku="28,2,18,1" doraHai="130" who="0" fromWho="0" sc="348,64,214,-16,385,-16,53,-32" owari="412,51.2,198,-20.2,369,16.9,21,-47.9" /></mjloggm>