<mjloggm ver="2.3"><GO type="169" lobby="0"/><UN n0="%E8%BC%9D%E5%A4%9C%E6%9C%88" n1="%E3%81%86%E3%81%98%E3%81%93" n2="%E3%81%A4%E3%82%8B%E3%82%8B" n3="%E3%82%A4%E3%82%B1%33" dan="18,16,16,17" rate="2202.60,2090.92,2168.82,2127.81" sx="F,M,M,M"/><TAIKYOKU oya="0"/><INIT seed="0,0,0,4,1,48" ten="250,250,250,250" oya="0" hai0="125,135,7,83,76,47,109,34,11,22,121,107,4" hai1="101,45,26,117,122,130,29,24,81,88,63,108,40" hai2="58,31,52,93,79,10,68,98,5,20,59,28,87" hai3="3,127,41,73,16,114,12,17,100,43,9,21,132"/><T99/><D121/><U64/><E117/><V104/><F68/><W134/><G114/><T97/><D34/><U25/><E130/><V128/><F128/><W95/><G73/><T75/><D135/><N who="3" m="51753" /><G127/><T113/><D113/><U2/><E2/><V126/><F126/><W66/><G66/><T116/><D116/><U38/><E101/><V61/><F104/><W42/><G3/><T106/><D125/><U86/><E108/><V69/><F69/><W27/><G95/><T82/><D109/><U67/><E122/><V89/><F20/><N who="3" m="13703" /><G100/><T80/><D22/><AGARI ba="0,0" hai="9,12,17,21,22,41,42,43" m="13703,51753" machi="22" ten="30,2000,0" yaku="20,1,54,1" doraHai="48" who="3" fromWho="0" sc="250,-20,250,0,250,0,250,20" /><INIT seed="1,0,0,2,2,83" ten="230,250,250,270" oya="1" hai0="1,39,40,121,8,117,77,86,42,14,130,17,114" hai1="27,122,79,93,30,89,87,32,18,66,134,116,70" hai2="6,67,53,0,133,126,7,11,119,46,84,91,92" hai3="34,98,41,76,105,62,63,73,9,61,132,74,44"/><U124/><E116/><V15/><F119/><W118/><G34/><T90/><D117/><U21/><E122/><V100/><F133/><W58/><G132/><T43/><D114/><U106/><E124/><V52/><F126/><W131/><G131/><T85/><D130/><U107/><E79/><V75/><F75/><W64/><G74/><T120/><D1/><U108/><E108/><V101/><F67/><W50/><G73/><T2/><D39/><U81/><E134/><V35/><F35/><W72/><G72/><T123/><D77/><U20/><E93/><V80/><F0/><W95/><G105/><T24/><D2/><U22/><REACH who="1" step="1"/><E18/><REACH who="1" ten="230,240,250,270" step="2"/><V31/><F31/><W55/><G76/><T78/><D78/><U96/><E96/><N who="2" m="57375" /><F6/><W36/><G118/><T103/><D103/><N who="2" m="39498" /><F46/><W113/><G95/><T4/><D90/><AGARI ba="0,1" hai="7,11,15,52,53,80,84,90" m="39498,57375" machi="90" ten="30,3900,0" yaku="8,1,52,1,54,1" doraHai="83" who="2" fromWho="0" sc="230,-39,240,0,250,49,270,0" /><INIT seed="2,0,0,5,5,39" ten="191,240,299,270" oya="2" hai0="56,20,101,19,7,115,42,94,34,92,104,129,88" hai1="83,72,118,87,69,99,93,25,66,35,117,81,107" hai2="43,52,10,111,127,50,74,59,46,128,27,16,91" hai3="68,65,31,71,112,47,78,26,103,17,70,22,79"/><V105/><F127/><W130/><G130/><T55/><D129/><U62/><E83/><V45/><F128/><W86/><G112/><T77/><D115/><U37/><E37/><V0/><F105/><W32/><G103/><T38/><D34/><U36/><E36/><V28/><F74/><W29/><G65/><T100/><D7/><U3/><E3/><V120/><F120/><W11/><G47/><T76/><D104/><U23/><E35/><V106/><F106/><W21/><G86/><N who="0" m="52247" /><D42/><U96/><E72/><V113/><F113/><W51/><G32/><T58/><D58/><U63/><E63/><N who="2" m="36327" /><F111/><W24/><G51/><N who="0" m="30847" /><D38/><U134/><E117/><V30/><F0/><W124/><G124/><T57/><D57/><U80/><E107/><V13/><F45/><W73/><G73/><T135/><D135/><U84/><E134/><V6/><F91/><W97/><G71/><T90/><D101/><U64/><E69/><V54/><F54/><W75/><G68/><T102/><D100/><U125/><E66/><V48/><F48/><W132/><G70/><T61/><D61/><U95/><E64/><V108/><F108/><W18/><G75/><T109/><D102/><U114/><E118/><V15/><F27/><W44/><G44/><T12/><D109/><U123/><E125/><V110/><F110/><W53/><G53/><T121/><D121/><U4/><E123/><V2/><F2/><W9/><G132/><T49/><D49/><U126/><E126/><V60/><F60/><W133/><G133/><T119/><D119/><U67/><E114/><V40/><F40/><RYUUKYOKU ba="0,0" sc="191,10,240,-30,299,10,270,10" hai0="12,19,20,76,77,90,94" hai2="6,10,13,15,16,28,30,43,46,50" hai3="9,11,17,18,21,22,24,26,29,31,78,79,97" /><INIT seed="2,1,0,2,5,5" ten="201,210,309,280" oya="2" hai0="58,14,109,70,84,133,33,8,57,48,77,120,23" hai1="65,47,36,119,67,55,7,90,100,122,87,121,91" hai2="115,17,106,28,116,88,130,79,0,125,35,31,1" hai3="123,59,104,96,52,54,15,135,16,92,44,108,11"/><V83/><F115/><W127/><G108/><T9/><D120/><N who="1" m="46187" /><E119/><V76/><F116/><W12/><G123/><T81/><D70/><U124/><E124/><V72/><F125/><W51/><G135/><T113/><D33/><U101/><E91/><V118/><F118/><W25/><G104/><T18/><D113/><U26/><E26/><V128/><F106/><W111/><G111/><T49/><D133/><U68/><E7/><V53/><F53/><W6/><G25/><T66/><D109/><U22/><E22/><V10/><F76/><W102/><G127/><T117/><D117/><U45/><E45/><V105/><F105/><W97/><G97/><T110/><D110/><U80/><E55/><V3/><F88/><W74/><G74/><T95/><D95/><U82/><E82/><V30/><REACH who="2" step="1"/><F35/><REACH who="2" ten="201,210,299,280" step="2"/><W60/><G54/><T39/><D66/><N who="1" m="25099" /><E68/><V103/><F103/><W4/><G60/><T19/><D77/><U2/><E2/><V24/><F24/><W126/><G126/><T134/><D134/><U129/><E129/><V114/><F114/><W69/><G69/><T46/><D81/><U98/><E98/><V94/><F94/><W13/><G59/><T107/><D107/><U27/><E27/><V62/><F62/><W37/><G92/><T93/><D93/><U71/><E71/><V75/><F75/><W112/><G96/><T61/><D58/><U29/><E101/><V99/><F99/><W43/><G102/><T21/><D57/><U50/><E100/><V89/><F89/><W86/><G112/><T42/><D61/><U41/><E90/><RYUUKYOKU ba="1,1" sc="201,-10,210,-10,299,30,280,-10" hai2="0,1,3,10,17,28,30,31,72,79,83,128,130" /><INIT seed="2,2,1,2,5,131" ten="191,200,329,270" oya="2" hai0="4,36,25,45,30,126,88,29,31,122,65,44,96" hai1="91,132,82,22,119,129,71,28,26,78,125,64,34" hai2="37,53,115,101,85,47,123,62,50,23,12,5,46" hai3="92,49,6,40,104,133,80,9,42,84,98,121,39"/><V63/><F115/><W105/><G121/><T66/><D122/><U94/><E119/><V7/><F123/><W55/><G133/><T32/><D126/><U33/><E129/><V15/><F101/><W93/><G39/><T95/><D4/><N who="2" m="1610" /><F37/><W135/><G135/><T17/><D32/><U35/><E125/><V124/><F124/><W134/><G134/><T120/><D120/><U109/><E109/><V76/><F47/><N who="0" m="17994" /><D36/><U111/><E111/><V112/><F112/><W13/><G105/><T8/><D25/><U11/><E11/><V130/><F130/><W38/><G104/><T68/><D68/><U52/><E52/><N who="2" m="29783" /><F23/><W56/><G38/><T57/><D57/><U43/><E43/><N who="3" m="16426" /><G98/><T127/><D127/><U108/><E108/><V113/><F113/><W81/><G84/><T83/><D83/><AGARI ba="2,1" hai="6,9,13,49,55,56,80,81,83,92,93" m="16426" machi="83" ten="30,1000,0" yaku="8,1" doraHai="131" who="3" fromWho="0" sc="191,-16,200,0,329,0,270,26" /><INIT seed="3,0,0,3,3,85" ten="175,200,329,296" oya="3" hai0="46,27,11,19,25,99,0,107,96,124,55,5,33" hai1="62,56,113,89,37,13,52,38,34,118,100,93,86" hai2="49,70,102,108,121,43,64,59,4,125,51,72,103" hai3="35,81,123,41,16,45,28,20,32,22,48,94,115"/><W134/><G115/><T6/><D124/><U12/><E113/><V61/><F72/><W130/><G123/><T42/><D55/><U24/><E118/><V57/><F4/><W84/><G130/><T23/><D107/><U14/><REACH who="1" step="1"/><E100/><REACH who="1" ten="175,190,329,296" step="2"/><V132/><F103/><W9/><G134/><T88/><D6/><U18/><E18/><V26/><F102/><W66/><G28/><AGARI ba="0,1" hai="12,13,14,24,28,34,37,38,52,56,62,86,89,93" machi="28" ten="40,5200,0" yaku="1,1,52,1,54,1,53,0" doraHai="85" doraHaiUra="98" who="1" fromWho="3" sc="175,0,190,62,329,0,296,-52" /><INIT seed="4,0,0,1,3,34" ten="175,252,329,244" oya="0" hai0="77,17,90,124,61,99,103,95,112,130,37,7,110" hai1="80,30,123,72,36,89,27,119,8,9,3,62,125" hai2="116,46,65,11,81,98,88,134,22,49,52,104,54" hai3="114,82,78,14,53,121,93,87,92,0,29,43,10"/><T28/><D37/><U39/><E123/><V13/><F134/><W45/><G114/><T41/><D112/><U122/><E122/><V33/><F33/><W129/><G129/><T131/><D41/><U19/><E119/><V79/><F116/><W100/><G121/><T126/><D28/><U47/><E9/><V40/><F65/><W75/><G53/><T91/><D7/><N who="1" m="1151" /><E62/><V66/><F66/><W84/><G29/><T97/><D17/><U4/><E4/><N who="2" m="3303" /><F104/><W55/><G55/><T115/><D61/><U15/><E89/><N who="0" m="33801" /><D115/><U102/><E102/><V83/><F22/><W63/><G63/><T85/><D99/><U20/><E47/><V73/><F73/><W50/><G0/><T86/><D110/><U31/><E31/><V2/><F2/><W42/><G75/><T1/><D1/><U106/><E106/><V71/><F71/><W32/><G32/><T44/><D44/><U12/><E12/><V74/><F74/><W111/><G111/><T35/><D35/><N who="1" m="20959" /><E125/><N who="0" m="48233" /><D77/><AGARI ba="0,0" hai="15,19,20,36,39,72,77,80" m="20959,1151" machi="77" ten="30,2000,0" yaku="24,1,52,1" doraHai="34" who="1" fromWho="0" sc="175,-20,252,20,329,0,244,0" /><INIT seed="5,0,0,0,5,37" ten="155,272,329,244" oya="1" hai0="93,120,53,106,74,134,35,54,31,32,84,48,104" hai1="7,121,60,15,69,10,112,124,95,72,18,4,76" hai2="17,88,42,51,82,91,130,65,97,125,50,73,105" hai3="36,30,24,67,127,126,117,58,40,47,98,64,122"/><U49/><E121/><V87/><F73/><W20/><G122/><T27/><D74/><U119/><E119/><V103/><F125/><N who="3" m="47627" /><G117/><T135/><D120/><U89/><E112/><V115/><F130/><W100/><G58/><T14/><D35/><U90/><E90/><V52/><F115/><W85/><G85/><T9/><D106/><AGARI ba="0,0" hai="20,24,30,36,40,47,64,67,98,100,106" m="47627" machi="106" ten="30,2000,0" yaku="18,1,52,1" doraHai="37" who="3" fromWho="0" sc="155,-20,272,0,329,0,244,20" /><INIT seed="6,0,0,3,2,81" ten="135,272,329,264" oya="2" hai0="1,38,105,67,18,112,84,45,46,98,117,125,41" hai1="22,21,5,101,35,0,100,33,109,126,57,68,99" hai2="56,129,122,60,134,7,106,39,31,6,40,58,26" hai3="94,74,110,123,119,55,42,73,118,36,95,70,54"/><V92/><F106/><W14/><G70/><T51/><D112/><U13/><E68/><V115/><F115/><W2/><G2/><T47/><D125/><U34/><E101/><V103/><F122/><W85/><G123/><T61/><D117/><U124/><E57/><V3/><F134/><W111/><G14/><T104/><D1/><U132/><E99/><V23/><F58/><W133/><G42/><T87/><D18/><N who="1" m="10447" /><E100/><V53/><F3/><W64/><G64/><T9/><D9/><N who="1" m="2215" /><E109/><V108/><F129/><W24/><G24/><T11/><D11/><U19/><E132/><V97/><F108/><W15/><G15/><AGARI ba="0,0" hai="15,19,22,33,34,35,124,126" m="2215,10447" machi="15" ten="30,2000,0" yaku="34,2" doraHai="81" who="1" fromWho="3" sc="135,0,272,20,329,0,264,-20" /><INIT seed="7,0,0,2,0,28" ten="135,292,329,244" oya="3" hai0="102,129,127,111,1,55,52,9,22,126,25,88,46" hai1="43,89,0,120,53,100,76,91,36,110,135,13,106" hai2="15,77,50,84,19,24,132,74,86,11,114,2,26" hai3="103,18,87,123,42,133,93,75,31,122,124,90,73"/><W121/><G31/><T27/><D111/><U104/><E0/><V44/><F114/><W62/><G18/><T48/><D102/><U130/><E43/><V12/><F2/><W131/><G42/><T20/><D129/><U5/><E36/><V7/><F74/><W68/><G131/><T96/><D1/><U63/><E130/><V4/><F132/><W78/><G133/><T116/><D116/><U109/><E135/><V85/><F77/><W17/><G17/><T92/><D9/><U37/><E37/><V59/><F59/><W51/><G51/><T94/><D94/><U34/><E76/><V60/><F60/><W66/><G124/><T113/><D113/><U29/><E63/><V107/><F107/><W38/><G38/><T82/><D82/><U128/><E128/><V57/><F57/><W134/><G134/><T35/><D35/><U65/><E65/><V6/><F15/><W108/><G108/><T32/><D32/><U58/><E34/><V21/><F11/><W118/><G118/><T10/><D10/><N who="1" m="4303" /><E29/><V3/><F3/><W8/><G8/><T79/><D79/><U119/><E119/><V98/><F98/><W101/><REACH who="3" step="1"/><G78/><REACH who="3" ten="135,292,329,234" step="2"/><T16/><REACH who="0" step="1"/><D55/><AGARI ba="0,1" hai="4,6,7,12,19,21,24,26,44,50,55,84,85,86" machi="55" ten="40,1300,0" yaku="8,1" doraHai="28" who="2" fromWho="0" sc="135,-13,292,0,329,23,234,0" owari="122,-37.8,292,9.2,352,45.2,234,-16.6" /></mjloggm>