<mjloggm ver="2.3"><GO type="169" lobby="0"/><UN n0="%E7%9B%AE%E5%8A%9B%36%30" n1="%E8%A6%9A%E9%86%92%E3%81%97%E3%81%9F%E3%81%A8%E3%81%BE%E3%81%A8" n2="%70%65%6E%74%6F%6C%61" n3="%E3%83%A9%E3%83%96%E3%83%AC%E3%83%BC" dan="17,17,18,18" rate="2158.61,2239.23,2229.91,2227.40" sx="M,M,M,M"/><TAIKYOKU oya="0"/><INIT seed="0,0,0,4,3,121" ten="250,250,250,250" oya="0" hai0="31,33,102,27,19,132,106,84,113,16,112,9,83" hai1="55,46,117,39,62,44,58,96,53,70,0,103,99" hai2="48,126,22,79,73,129,131,47,7,15,38,101,119" hai3="69,54,10,77,87,24,40,108,82,120,50,45,25"/><T21/><D132/><U85/><E117/><V65/><F119/><W13/><G69/><T90/><D106/><U124/><E124/><V95/><F38/><W123/><G54/><T32/><D102/><U92/><E0/><V14/><F65/><W23/><G108/><T80/><D33/><U34/><E34/><V49/><F73/><W20/><G20/><T125/><D125/><U36/><E70/><V66/><F79/><W88/><G25/><T127/><D127/><U135/><E135/><V72/><F72/><W109/><G109/><T128/><D128/><U52/><E85/><V98/><F66/><W37/><G37/><T17/><D32/><U75/><E75/><V3/><F49/><W114/><G114/><T30/><D30/><U100/><E39/><V94/><F95/><W28/><REACH who="3" step="1"/><G77/><REACH who="3" ten="250,250,250,240" step="2"/><T4/><REACH who="0" step="1"/><D83/><REACH who="0" ten="240,250,250,240" step="2"/><U122/><E122/><V6/><F126/><W60/><G60/><T11/><D11/><U56/><E62/><V59/><F131/><W133/><G133/><T42/><D42/><U107/><REACH who="1" step="1"/><E36/><REACH who="1" ten="240,240,250,240" step="2"/><V2/><F129/><W81/><G81/><T5/><D5/><AGARI ba="0,3" hai="5,10,13,23,24,28,40,45,50,82,87,88,120,123" machi="5" ten="40,2600,0" yaku="1,1,54,1,53,0" doraHai="121" doraHaiUra="105" who="3" fromWho="0" sc="240,-26,240,0,250,0,240,56" /><INIT seed="1,0,0,2,3,103" ten="214,240,250,296" oya="1" hai0="20,55,38,56,80,43,101,7,37,89,123,24,99" hai1="32,71,104,81,48,64,3,27,95,45,30,47,128" hai2="106,52,121,108,6,77,111,116,119,97,76,107,88" hai3="39,63,78,54,51,90,44,79,74,16,93,11,105"/><U5/><E128/><V83/><F6/><W110/><G110/><N who="2" m="42025" /><F121/><W92/><G105/><N who="2" m="39945" /><F77/><W65/><G39/><T134/><D134/><U117/><E104/><V41/><F41/><W8/><G93/><T109/><D109/><U133/><E95/><N who="2" m="56551" /><F52/><W10/><G74/><AGARI ba="0,0" hai="74,76,83,116,119" m="56551,39945,42025" machi="74" ten="30,12000,2" yaku="14,1,34,2,52,3,54,1" doraHai="103" who="2" fromWho="3" sc="214,0,240,0,250,120,296,-120" /><INIT seed="2,0,0,1,2,92" ten="214,240,370,176" oya="2" hai0="80,76,69,73,53,6,16,81,59,0,27,61,109" hai1="84,51,103,24,68,116,101,91,10,79,75,119,115" hai2="113,47,45,74,37,108,60,36,121,33,100,83,57" hai3="97,62,64,12,43,11,55,5,131,28,120,99,46"/><V134/><F33/><W105/><G120/><T128/><D109/><U29/><E68/><V25/><F113/><W114/><G114/><T133/><D128/><U90/><E115/><V65/><F121/><W110/><G131/><T44/><D133/><U48/><E75/><V125/><F134/><W98/><G110/><T87/><D69/><U118/><E10/><V107/><F108/><W123/><G123/><T19/><D6/><U26/><E79/><V63/><F25/><N who="1" m="9833" /><E29/><V106/><F125/><W23/><G55/><T34/><D0/><U71/><E84/><V31/><F31/><W18/><G28/><T2/><D2/><U41/><E41/><V38/><F74/><W67/><G62/><T7/><D7/><U89/><E71/><V40/><F83/><W9/><G105/><T135/><D135/><U130/><E130/><V72/><F72/><W77/><G77/><T94/><D27/><U30/><E30/><V78/><F78/><W52/><G43/><T86/><D34/><U14/><E14/><V124/><F107/><W126/><G126/><T17/><D73/><U117/><N who="1" m="29696" /><DORA hai="66" /><U82/><E82/><V112/><F112/><W104/><G104/><T35/><D35/><U42/><E42/><V96/><F124/><W39/><G39/><T1/><D1/><U102/><AGARI ba="0,0" hai="48,51,89,90,91,101,102,103" m="29696,9833" machi="102" ten="70,8000,1" yaku="29,2,28,2" doraHai="92,66" who="1" fromWho="1" sc="214,-20,240,80,370,-40,176,-20" /><INIT seed="3,0,0,5,2,104" ten="194,320,330,156" oya="3" hai0="80,39,85,76,117,6,81,89,26,61,11,99,18" hai1="5,63,120,132,34,97,124,9,2,4,121,32,42" hai2="44,45,127,55,41,129,119,64,92,74,8,131,66" hai3="47,27,7,17,110,96,108,13,71,122,112,68,36"/><W126/><G112/><T1/><D117/><U95/><E132/><V118/><F8/><W62/><G122/><T37/><D61/><U86/><E124/><V123/><F92/><W70/><G126/><T78/><D78/><U10/><E42/><V90/><F90/><W21/><G62/><T84/><D99/><U77/><E63/><V88/><F88/><W49/><G36/><T73/><REACH who="0" step="1"/><D84/><REACH who="0" ten="184,320,330,156" step="2"/><U54/><E86/><V65/><F127/><W60/><G60/><T69/><D69/><U15/><E77/><V46/><F123/><W113/><G113/><T105/><D105/><U100/><E121/><V19/><F119/><W116/><G116/><T29/><D29/><U56/><E120/><V50/><F118/><W33/><G96/><T35/><D35/><U20/><E34/><V28/><F28/><W130/><G33/><T53/><D53/><U75/><E32/><V72/><F55/><W67/><G67/><T3/><D3/><U59/><E54/><V125/><F125/><W22/><G130/><T30/><D30/><U93/><E97/><V51/><F41/><N who="3" m="24815" /><G71/><T94/><D94/><U25/><E93/><V128/><F19/><N who="3" m="12735" /><G7/><T107/><D107/><U40/><E4/><V38/><F38/><W134/><G134/><T14/><D14/><U43/><E5/><V133/><F133/><W103/><G103/><T98/><D98/><U0/><E100/><V83/><F83/><W111/><AGARI ba="0,1" hai="13,17,22,68,70,108,110,111" m="12735,24815" machi="111" ten="30,3000,0" yaku="14,1,10,1" doraHai="104" who="3" fromWho="3" sc="184,-10,320,-10,330,-10,156,40" /><INIT seed="3,1,0,3,1,40" ten="174,310,320,196" oya="3" hai0="108,64,77,51,8,22,71,81,7,105,19,72,34" hai1="57,75,103,47,74,129,49,67,87,126,15,69,100" hai2="12,73,44,135,6,123,50,26,94,120,0,124,62" hai3="29,32,20,16,104,127,98,5,86,60,33,37,31"/><W54/><G37/><T89/><D105/><U106/><E69/><V13/><F73/><W45/><G5/><T96/><D108/><U110/><E110/><V102/><F124/><W112/><G112/><T30/><D34/><U92/><E126/><V84/><F135/><W53/><G127/><T56/><D30/><U18/><E129/><V27/><F0/><W130/><G130/><T68/><D89/><N who="1" m="53311" /><E74/><V42/><F62/><W3/><G3/><T25/><D96/><U23/><E75/><V4/><F13/><W36/><G86/><T128/><D128/><U17/><E106/><V78/><F102/><W2/><G2/><T70/><D64/><U83/><E83/><N who="2" m="47223" /><F94/><W93/><G104/><T43/><D56/><U11/><E57/><V88/><F88/><N who="3" m="55591" /><G33/><T131/><D131/><U111/><E67/><V101/><F101/><W122/><G36/><T28/><D71/><U91/><E91/><V95/><F95/><W59/><G32/><T115/><D70/><U90/><E90/><V39/><F39/><W117/><G117/><T132/><D68/><U118/><E118/><V41/><F41/><W82/><G82/><T65/><D65/><U52/><E111/><V134/><F134/><W80/><G80/><T109/><D132/><U63/><E63/><V21/><F21/><W1/><G1/><T55/><D109/><U113/><E113/><V61/><F61/><W46/><G122/><N who="2" m="46633" /><F6/><W76/><G76/><T133/><D115/><U14/><AGARI ba="1,0" hai="11,14,15,17,18,23,47,49,52,100,103" m="53311" machi="14" ten="30,4000,0" yaku="8,1,52,1,54,1" doraHai="40" who="1" fromWho="1" sc="174,-11,310,43,320,-11,196,-21" /><INIT seed="4,0,0,4,3,11" ten="163,353,309,175" oya="0" hai0="131,9,14,122,49,116,70,15,101,103,0,66,108" hai1="1,124,76,126,121,119,123,84,40,102,3,58,120" hai2="97,27,60,98,107,31,51,19,92,52,91,43,118" hai3="26,96,79,117,73,48,29,46,113,127,21,67,129"/><T85/><D116/><U59/><E119/><V34/><F118/><W105/><G117/><RYUUKYOKU type="kaze4" ba="0,0" sc="163,0,353,0,309,0,175,0" /><INIT seed="4,1,0,3,1,74" ten="163,353,309,175" oya="0" hai0="51,60,89,0,70,102,8,45,33,133,9,1,34" hai1="86,91,11,95,71,10,115,17,66,72,36,16,100" hai2="103,59,18,41,26,64,49,2,53,14,101,131,83" hai3="118,55,69,65,13,75,79,25,38,130,80,28,50"/><T44/><D133/><U68/><E115/><V127/><F2/><W24/><G118/><T82/><D102/><U56/><E36/><V121/><F121/><W21/><G38/><T32/><D45/><U125/><E125/><V114/><F131/><W124/><G124/><T123/><D123/><U99/><E72/><V3/><F3/><W132/><G132/><T76/><D89/><U104/><E56/><V108/><F108/><W15/><G130/><T67/><D0/><U58/><E58/><V107/><F114/><W23/><G69/><T93/><D93/><U57/><E57/><V87/><F107/><W37/><G37/><T61/><D61/><U12/><E66/><V96/><F96/><W120/><G65/><T42/><REACH who="0" step="1"/><D1/><REACH who="0" ten="153,353,309,175" step="2"/><U77/><E100/><V47/><F127/><W43/><G120/><T116/><D116/><U134/><E134/><V39/><F64/><W19/><G43/><T113/><D113/><U30/><E91/><V52/><F103/><W40/><G40/><T135/><D135/><U126/><E95/><V22/><F101/><W31/><G55/><T54/><D54/><U109/><E126/><V97/><F53/><W81/><G50/><T27/><D27/><U48/><E48/><V119/><F119/><W106/><G106/><T88/><D88/><U128/><E104/><V5/><F39/><W111/><G111/><T90/><D90/><U20/><E109/><V122/><F122/><W6/><G25/><T46/><D46/><U84/><E128/><V63/><F47/><W35/><G24/><T29/><D29/><U85/><E30/><RYUUKYOKU ba="1,1" sc="153,30,353,-10,309,-10,175,-10" hai0="8,9,32,33,34,42,44,51,60,67,70,76,82" /><INIT seed="4,2,1,3,0,83" ten="183,343,299,165" oya="0" hai0="92,113,41,6,64,25,28,24,116,57,53,11,46" hai1="55,67,111,123,30,122,79,14,110,15,29,77,34" hai2="95,72,118,62,2,33,43,127,17,91,115,75,45" hai3="71,97,134,74,107,81,22,124,88,35,85,40,114"/><T61/><D116/><U31/><E34/><V100/><F33/><W42/><G71/><T101/><D113/><U96/><E96/><V48/><F2/><W27/><G35/><T58/><D101/><U131/><E55/><V8/><F100/><W36/><G114/><T73/><D73/><U130/><REACH who="1" step="1"/><E30/><REACH who="1" ten="183,333,299,165" step="2"/><V82/><F115/><W133/><G97/><T99/><D28/><U63/><E63/><V52/><F62/><W94/><G134/><T18/><D99/><U5/><E5/><V56/><F118/><W44/><G133/><T0/><D18/><U80/><E80/><V119/><F82/><W108/><G81/><T37/><REACH who="0" step="1"/><D92/><REACH who="0" ten="173,333,299,165" step="2"/><U112/><E112/><V132/><F119/><W128/><G94/><T13/><D13/><U117/><E117/><V47/><F132/><W104/><G74/><T19/><D19/><U93/><E93/><V23/><F75/><W78/><G78/><T105/><D105/><U49/><E49/><AGARI ba="2,3" hai="0,6,11,24,25,37,41,46,49,53,57,58,61,64" machi="49" ten="30,2900,0" yaku="1,1,7,1,53,0" doraHai="83" doraHaiUra="120" who="0" fromWho="1" sc="173,65,333,-35,299,0,165,0" /><INIT seed="4,3,0,3,1,50" ten="238,298,299,165" oya="0" hai0="22,84,109,130,7,48,123,36,85,77,40,82,128" hai1="83,102,54,44,38,98,46,32,79,68,97,89,52" hai2="14,94,86,100,104,8,41,35,15,64,62,61,131" hai3="99,113,45,108,11,42,81,126,17,87,124,74,133"/><T24/><D123/><U18/><E68/><V92/><F35/><W111/><G74/><T56/><D36/><U26/><E38/><V57/><F131/><N who="0" m="50218" /><D7/><U103/><E32/><V10/><F104/><W116/><G116/><T101/><D101/><N who="1" m="38411" /><E79/><V53/><F41/><W127/><G99/><N who="1" m="37898" /><E83/><V51/><F100/><W43/><G133/><T20/><D109/><U65/><E65/><V76/><F64/><W1/><G1/><T4/><D4/><U25/><E89/><V119/><F119/><W122/><G122/><T114/><D114/><U63/><E63/><V90/><F76/><W0/><G0/><T120/><D120/><U132/><E132/><V112/><F112/><W59/><G113/><T60/><D85/><U28/><E28/><V5/><F62/><W67/><G111/><T27/><D20/><N who="1" m="13463" /><E26/><V75/><F61/><N who="3" m="38335" /><G108/><T3/><D3/><U2/><E2/><V55/><F75/><W37/><G37/><T66/><D22/><U69/><E69/><V16/><F86/><W71/><G71/><T91/><D77/><U70/><E70/><V29/><F90/><W80/><G87/><T88/><D91/><U13/><E13/><V30/><F29/><W110/><G110/><T121/><D121/><U78/><E78/><V34/><F30/><W105/><G105/><T6/><D6/><U39/><E39/><V23/><F34/><W31/><G31/><T73/><D73/><U12/><E12/><V72/><F72/><W96/><G127/><T134/><D134/><U19/><E19/><V125/><F125/><W21/><G126/><T117/><D117/><RYUUKYOKU ba="3,0" sc="238,15,298,15,299,-15,165,-15" hai0="24,27,40,48,56,60,66,82,84,88" hai1="44,46,52,54" /><INIT seed="4,4,0,2,0,36" ten="253,313,284,150" oya="0" hai0="73,57,41,10,67,112,46,22,83,9,98,134,63" hai1="100,127,28,125,14,4,1,129,108,34,75,116,126" hai2="37,70,45,122,42,25,101,113,21,133,97,86,90" hai3="80,128,92,55,38,103,19,66,105,43,40,96,15"/><T102/><D112/><U82/><E100/><V16/><F122/><W27/><G38/><T60/><D134/><U93/><E93/><V47/><F70/><W94/><G66/><T135/><D135/><U114/><E82/><V109/><F133/><W130/><G80/><T84/><D63/><U95/><E75/><V65/><F47/><W117/><G117/><T6/><D22/><U39/><E95/><N who="3" m="36394" /><G27/><T107/><D6/><U120/><E39/><V74/><F74/><W132/><G55/><T78/><REACH who="0" step="1"/><D73/><REACH who="0" ten="243,313,284,150" step="2"/><U56/><E4/><V79/><F113/><W23/><G132/><T2/><D2/><U18/><E1/><V52/><F21/><W30/><G30/><T53/><D53/><U131/><E28/><V91/><F52/><W77/><G77/><T7/><D7/><U69/><E114/><V58/><F79/><W111/><G111/><T50/><AGARI ba="4,1" hai="9,10,41,46,50,57,60,67,78,83,84,98,102,107" machi="50" ten="20,18000,2" yaku="1,1,0,1,7,1,52,1,53,2" doraHai="36" doraHaiUra="5" who="0" fromWho="0" sc="243,202,313,-64,284,-64,150,-64" /><INIT seed="4,5,0,0,2,11" ten="445,249,220,86" oya="0" hai0="18,79,135,118,2,7,82,80,119,41,67,6,43" hai1="107,71,19,96,110,13,58,111,128,134,87,61,30" hai2="75,105,66,50,132,42,25,15,45,91,53,130,101" hai3="1,63,4,22,97,127,99,117,109,131,46,112,27"/><T3/><D135/><U37/><E134/><V70/><F75/><W55/><G109/><T69/><D18/><U77/><E128/><V0/><F0/><W47/><G131/><T104/><D104/><U133/><E133/><V73/><F73/><W83/><G117/><T16/><D16/><U32/><E37/><V115/><F132/><W116/><G116/><T120/><D67/><U125/><E125/><V103/><F105/><W122/><G127/><T95/><D95/><U94/><E107/><V33/><F91/><W113/><G122/><T38/><D38/><U5/><E5/><V59/><F115/><W93/><G83/><T9/><D9/><U44/><E44/><V102/><F33/><W129/><G129/><T23/><D23/><U21/><E71/><V64/><F25/><W56/><G4/><T84/><D84/><U52/><E30/><V123/><F123/><W90/><G99/><T48/><D48/><U114/><E32/><V88/><F130/><W68/><G1/><T20/><D20/><U85/><E114/><N who="3" m="44138" /><G68/><T8/><D69/><U60/><E60/><V100/><F100/><W12/><G12/><T62/><D62/><U65/><E65/><V124/><F124/><W92/><G92/><T121/><D8/><U49/><E61/><N who="2" m="36079" /><F70/><W89/><G89/><T86/><D86/><U57/><E87/><V35/><F88/><W74/><G74/><T14/><D14/><U51/><E85/><V29/><F15/><W36/><G36/><T28/><D28/><AGARI ba="5,0" hai="22,27,28,46,47,55,56,63,90,93,97" m="44138" machi="28" ten="30,1000,0" yaku="15,1" doraHai="11" who="3" fromWho="0" sc="445,-25,249,0,220,0,86,25" /><INIT seed="5,0,0,5,2,87" ten="420,249,220,111" oya="1" hai0="126,116,101,42,100,15,76,75,20,128,110,111,117" hai1="113,89,129,55,46,34,131,79,48,98,124,18,19" hai2="50,1,130,123,0,41,16,40,81,108,37,57,52" hai3="118,78,10,47,22,58,90,36,49,2,65,28,3"/><U31/><E113/><V112/><F108/><W86/><G118/><T29/><D128/><N who="1" m="49227" /><E79/><V135/><F123/><W94/><G36/><T71/><D71/><U21/><E34/><V33/><F130/><W60/><G78/><T7/><D126/><U103/><E124/><V92/><F33/><W39/><G39/><T96/><D76/><U8/><E8/><V4/><F81/><W45/><G45/><T127/><D75/><U17/><E31/><V12/><F135/><W104/><G104/><T88/><D29/><U62/><E62/><V24/><F24/><W67/><G67/><T70/><D127/><U13/><E89/><V59/><F4/><W32/><G32/><T115/><D115/><U109/><E109/><V14/><F1/><W77/><G77/><T91/><D117/><U35/><E35/><V6/><F0/><W69/><G69/><T99/><D7/><U114/><E114/><V61/><F112/><W73/><G73/><T51/><D70/><U122/><E122/><V95/><F37/><W5/><G28/><T119/><D20/><U30/><E30/><V11/><F40/><W125/><G125/><T107/><D119/><U26/><E26/><V38/><F41/><N who="3" m="24815" /><G22/><T93/><D116/><U132/><E132/><V82/><F38/><W64/><G2/><T72/><D15/><U54/><E54/><N who="2" m="31959" /><F14/><N who="3" m="5455" /><G65/><T56/><D72/><U106/><AGARI ba="0,0" hai="13,17,18,19,21,46,48,55,98,103,106" m="49227" machi="106" ten="30,1500,0" yaku="19,1" doraHai="87" who="1" fromWho="1" sc="420,-5,249,15,220,-5,111,-5" /><INIT seed="5,1,0,1,0,131" ten="415,264,215,106" oya="1" hai0="28,91,29,2,37,8,132,98,4,103,66,20,59" hai1="17,13,83,43,127,78,9,6,95,50,77,34,109" hai2="14,111,51,5,22,42,119,94,63,0,61,70,115" hai3="75,96,74,36,21,86,47,24,81,71,38,125,135"/><U39/><E127/><V49/><F119/><W72/><G71/><T129/><D37/><U113/><E113/><V79/><F0/><W92/><G125/><T120/><D120/><U101/><E109/><V82/><F111/><W44/><G38/><T60/><D129/><U25/><E39/><V19/><F5/><W12/><G12/><T18/><D91/><U112/><E112/><V69/><F69/><W123/><G123/><T56/><D56/><U100/><E95/><V133/><F70/><W134/><G36/><T10/><D8/><U3/><E25/><V68/><F68/><W30/><G47/><T107/><D132/><N who="3" m="50729" /><G44/><T48/><D48/><U121/><E50/><V58/><F115/><W85/><G81/><T52/><D66/><U105/><E83/><V122/><F122/><W124/><G124/><T33/><D33/><U126/><E13/><AGARI ba="1,0" hai="2,4,10,13,18,20,28,29,52,59,60,98,103,107" machi="13" ten="30,2000,0" yaku="7,1,54,1" doraHai="131" who="0" fromWho="1" sc="415,23,264,-23,215,0,106,0" /><INIT seed="6,0,0,1,4,115" ten="438,241,215,106" oya="2" hai0="38,32,113,8,6,86,123,25,129,69,50,74,77" hai1="98,132,133,5,83,31,16,28,101,45,24,44,95" hai2="120,106,91,47,87,56,62,53,116,3,51,78,14" hai3="110,99,89,72,131,54,9,59,2,114,60,33,108"/><V103/><F3/><W52/><G72/><T80/><D38/><U65/><E5/><V121/><F78/><W90/><G33/><T81/><D123/><U111/><E111/><V4/><F116/><W1/><G99/><T7/><D113/><U61/><E83/><V17/><F4/><W21/><G114/><T42/><D69/><U135/><E16/><V76/><F76/><W12/><G21/><T46/><D129/><U29/><E24/><V34/><F34/><W57/><G12/><T67/><D67/><U93/><E93/><V70/><F70/><AGARI ba="0,0" hai="28,29,31,44,45,61,65,70,95,98,101,132,133,135" machi="70" ten="50,1600,0" yaku="20,1" doraHai="115" who="1" fromWho="2" sc="438,0,241,16,215,-16,106,0" /><INIT seed="7,0,0,0,0,128" ten="438,257,199,106" oya="3" hai0="57,90,124,28,13,115,18,55,126,89,97,5,24" hai1="4,42,83,132,39,60,3,27,50,112,44,122,76" hai2="102,66,135,8,84,95,30,33,12,131,96,10,98" hai3="9,49,35,78,14,19,26,17,37,123,45,15,67"/><W53/><G123/><T58/><D115/><U25/><E112/><V104/><F131/><W73/><G37/><T32/><D5/><U77/><E132/><V91/><F135/><W0/><G0/><T59/><D55/><U31/><E122/><V34/><F10/><W99/><G67/><T117/><D97/><U130/><E130/><V56/><F30/><W62/><G62/><T51/><D51/><U82/><E60/><V52/><F66/><W1/><G1/><T109/><D117/><U121/><E121/><V11/><F11/><W88/><G73/><T7/><D7/><U47/><E4/><V48/><REACH who="2" step="1"/><F96/><REACH who="2" ten="438,257,189,106" step="2"/><W23/><G35/><T107/><D109/><U94/><E3/><V85/><F85/><W103/><G78/><T69/><D107/><U80/><E94/><V129/><F129/><W120/><G120/><T79/><D28/><U81/><E31/><V72/><F72/><W93/><REACH who="3" step="1"/><G15/><REACH who="3" ten="438,257,189,96" step="2"/><T86/><D13/><U100/><E76/><V36/><F36/><W22/><G22/><T74/><D79/><U40/><E77/><V65/><F65/><W119/><G119/><T20/><D32/><U134/><E39/><V118/><F118/><W6/><G6/><AGARI ba="0,2" hai="6,8,12,33,34,48,52,56,84,91,95,98,102,104" machi="6" ten="30,3900,0" yaku="1,1,7,1,54,1,53,0" doraHai="128" doraHaiUra="41" who="2" fromWho="3" sc="438,0,257,0,189,59,96,-39" owari="438,53.8,257,5.7,248,-15.2,57,-44.3" /></mjloggm>