<mjloggm ver="2.3"><GO type="169" lobby="0"/><UN n0="%6D%61%74%6F%30%36%30%33" n1="%E9%A2%A8%E8%A6%8B%E7%A7%8B%E6%BE%A4" n2="%52%65%64%62%75%6C%6C" n3="%E4%BA%AC%E9%83%BD%34%30" dan="17,17,17,16" rate="2228.23,2134.55,2205.75,2112.81" sx="M,M,F,M"/><TAIKYOKU oya="0"/><INIT seed="0,0,0,2,2,117" ten="250,250,250,250" oya="0" hai0="93,102,9,105,32,71,78,47,67,16,125,3,4" hai1="63,28,57,109,75,15,11,0,120,112,80,95,5" hai2="97,33,81,110,88,119,66,56,129,123,90,127,85" hai3="37,107,70,86,12,113,124,114,73,60,35,72,6"/><T64/><D125/><U25/><E109/><V134/><F33/><W135/><G12/><T1/><D1/><U108/><E108/><V23/><F110/><W20/><G20/><T34/><D105/><U98/><E112/><V30/><F127/><W74/><G6/><T92/><D78/><U52/><E75/><V131/><F119/><W111/><G60/><T69/><D47/><U132/><E80/><V44/><F44/><W53/><G53/><T126/><D126/><U29/><E132/><V49/><F134/><W87/><G87/><T121/><D121/><U61/><E120/><V36/><F36/><W46/><G86/><T51/><D51/><U76/><E76/><V27/><F123/><W13/><G13/><T54/><D54/><U104/><E104/><V133/><F133/><W77/><G72/><T43/><D43/><U55/><E0/><V118/><F118/><W41/><G41/><T31/><D16/><U96/><E25/><V26/><F26/><W79/><G114/><T19/><D19/><U128/><E128/><V17/><F17/><W42/><G42/><T40/><D40/><U38/><E38/><V10/><F10/><W48/><G48/><T91/><D102/><U84/><E55/><N who="2" m="31855" /><F66/><N who="0" m="25130" /><D93/><U83/><E63/><V115/><F115/><W59/><G73/><T50/><D50/><U130/><E130/><N who="2" m="49675" /><F90/><W68/><G113/><T39/><D39/><U21/><E21/><V103/><F103/><W2/><G37/><T116/><D116/><U14/><E14/><V89/><F89/><W45/><G111/><T8/><D8/><U24/><E11/><RYUUKYOKU ba="0,0" sc="250,-10,250,-10,250,30,250,-10" hai2="23,27,30,81,85,88,97" /><INIT seed="1,1,0,4,3,86" ten="240,240,280,240" oya="1" hai0="62,47,67,120,71,83,27,48,91,64,39,132,118" hai1="8,131,52,50,89,43,129,75,130,87,16,97,49" hai2="109,10,99,36,76,88,84,22,79,114,133,61,40" hai3="81,21,112,54,103,15,95,58,93,116,128,29,100"/><U68/><E75/><V14/><F36/><W19/><G112/><T73/><D118/><U122/><E68/><V51/><F114/><W26/><G128/><T72/><D132/><U126/><E122/><V124/><F109/><W59/><G116/><T42/><D120/><U53/><E126/><V115/><F115/><W6/><G59/><T11/><D67/><U123/><E97/><V13/><F133/><W82/><G6/><T90/><D39/><U135/><E135/><V1/><F1/><W34/><G95/><T80/><D11/><U65/><E65/><V94/><F61/><W18/><G18/><T101/><D101/><U56/><E43/><V0/><F0/><W38/><G38/><T85/><D27/><U98/><E98/><V127/><F22/><W37/><G37/><T69/><D69/><U4/><E123/><V121/><F14/><W2/><G2/><T102/><D102/><U41/><E41/><V105/><F121/><W66/><G66/><T63/><D63/><N who="1" m="36231" /><E53/><V20/><F105/><W111/><G111/><T7/><D7/><U30/><E30/><V113/><F113/><W60/><G103/><T24/><D24/><U35/><E35/><V74/><F74/><W96/><AGARI ba="1,0" hai="15,19,21,26,29,34,54,58,60,81,82,93,96,100" machi="96" ten="30,1100,0" yaku="0,1" doraHai="86" who="3" fromWho="3" sc="240,-4,240,-6,280,-4,240,14" /><INIT seed="2,0,0,1,0,130" ten="236,234,276,254" oya="2" hai0="36,35,87,98,64,85,125,61,37,30,124,54,47" hai1="1,20,74,52,131,111,60,58,128,76,116,120,43" hai2="86,134,25,72,7,66,22,56,41,10,77,53,62" hai3="78,29,90,39,18,129,63,75,14,107,4,68,92"/><V11/><F72/><W57/><G107/><T126/><D98/><U100/><E111/><V13/><F134/><W50/><G39/><N who="0" m="14923" /><D30/><U51/><E116/><V8/><F41/><W123/><G129/><N who="1" m="49738" /><E1/><V103/><F103/><W81/><G123/><T108/><D35/><U16/><E120/><V117/><F117/><W17/><G29/><T33/><D33/><U88/><E100/><V118/><F118/><W71/><G50/><N who="0" m="29023" /><D87/><U83/><E43/><V44/><F44/><W21/><G17/><T119/><D85/><N who="1" m="50239" /><E51/><V114/><F53/><W106/><G4/><T5/><D5/><U27/><E76/><V70/><F70/><W48/><G48/><T55/><D119/><U93/><E93/><V109/><F109/><W3/><G3/><T122/><D122/><U89/><E89/><V113/><F113/><W2/><G2/><T32/><D32/><U38/><E38/><V45/><F45/><W95/><G106/><T80/><D80/><U105/><E105/><V121/><F114/><W0/><G0/><T97/><D97/><U40/><E40/><V59/><F59/><W104/><G104/><T110/><D55/><U19/><E19/><N who="2" m="12511" /><F121/><W133/><G75/><AGARI ba="0,0" hai="16,20,27,52,58,60,74,75" m="50239,49738" machi="75" ten="30,7700,0" yaku="19,1,54,3" doraHai="130" who="1" fromWho="3" sc="236,0,234,77,276,0,254,-77" /><INIT seed="3,0,0,3,0,37" ten="236,311,276,177" oya="3" hai0="30,36,20,106,40,93,35,134,75,133,127,16,77" hai1="112,59,13,99,76,18,14,4,44,31,15,6,111" hai2="121,49,124,107,97,48,82,117,46,96,5,64,125" hai3="33,129,66,122,120,71,58,17,70,78,132,69,25"/><W61/><G129/><T19/><D127/><N who="2" m="48714" /><F117/><W57/><G132/><N who="0" m="50795" /><D106/><U114/><E111/><V87/><F121/><N who="3" m="46699" /><G17/><N who="0" m="6731" /><D93/><U98/><E18/><V116/><F107/><W123/><N who="3" m="46707" /><W102/><DORA hai="45" /><G25/><N who="0" m="16679" /><D35/><U42/><E76/><V7/><F64/><N who="3" m="41103" /><G33/><T10/><D10/><U135/><E135/><V51/><F46/><W88/><G88/><T86/><D75/><U26/><E98/><N who="2" m="37995" /><F116/><W105/><G102/><T24/><D24/><U9/><E99/><V109/><F109/><W63/><G78/><AGARI ba="0,0" hai="5,7,48,49,51,78,82,87" m="37995,48714" machi="78" ten="30,7700,0" yaku="18,1,52,3" doraHai="37,45" who="2" fromWho="3" sc="236,0,311,0,276,77,177,-77" /><INIT seed="4,0,0,3,4,48" ten="236,311,353,100" oya="0" hai0="36,57,81,1,43,102,32,66,19,18,126,55,17" hai1="116,65,88,39,77,78,108,8,111,37,79,96,91" hai2="67,100,124,127,71,125,103,131,76,44,47,33,107" hai3="29,6,104,123,15,60,31,106,94,92,119,70,74"/><T90/><D126/><U122/><E122/><V105/><F76/><W25/><G119/><T9/><D32/><U121/><E121/><V20/><F33/><W72/><G123/><T51/><D102/><N who="2" m="38954" /><F20/><W7/><G15/><T42/><D66/><U69/><E116/><V46/><F131/><W14/><G14/><T95/><D81/><U2/><E65/><V13/><F13/><W24/><G60/><AGARI ba="0,0" hai="44,46,47,60,67,71,105,107,124,125,127" m="38954" machi="60" ten="40,1300,0" yaku="18,1" doraHai="48" who="2" fromWho="3" sc="236,0,311,0,353,13,100,-13" /><INIT seed="5,0,0,4,5,40" ten="236,311,366,87" oya="1" hai0="121,66,73,95,102,104,131,100,87,94,82,71,47" hai1="6,14,109,51,52,21,49,68,45,81,126,8,13" hai2="53,78,79,98,88,77,36,69,15,134,117,122,89" hai3="97,85,92,111,20,62,2,11,19,33,120,101,114"/><U110/><E68/><V18/><F36/><W42/><G111/><N who="1" m="42506" /><E126/><V105/><F122/><W0/><G120/><T128/><D121/><U17/><E51/><V23/><F117/><W60/><G114/><T39/><D73/><U93/><E93/><N who="0" m="35337" /><D71/><U135/><E81/><V5/><F134/><AGARI ba="0,0" hai="6,8,13,14,17,21,45,49,52,134,135" m="42506" machi="134" ten="30,5800,0" yaku="10,1,52,1,54,1" doraHai="40" who="1" fromWho="2" sc="236,0,311,58,366,-58,87,0" /><INIT seed="5,1,0,3,3,10" ten="236,369,308,87" oya="1" hai0="35,126,48,120,28,116,83,16,88,90,112,66,130" hai1="81,20,54,82,124,103,0,108,65,100,128,107,67" hai2="89,55,63,11,53,52,19,113,80,71,34,99,105" hai3="115,51,87,45,84,43,32,29,104,111,59,44,129"/><U77/><E128/><V125/><F34/><W73/><G111/><T13/><D116/><U9/><E124/><V72/><F125/><W96/><G129/><T121/><D130/><U62/><E82/><V133/><F133/><W24/><G73/><T102/><D126/><U14/><E0/><V85/><F113/><W117/><G117/><T8/><D112/><U17/><E54/><V64/><F72/><W27/><G115/><T118/><D118/><U122/><E122/><N who="0" m="47209" /><D102/><U79/><E79/><V4/><F19/><W46/><G24/><N who="0" m="18823" /><D66/><U42/><E67/><V6/><F6/><W36/><G59/><T12/><D83/><U74/><E107/><V23/><F23/><W58/><G58/><T132/><D132/><U123/><E123/><V40/><F40/><W31/><G31/><T5/><D48/><U33/><E33/><V68/><F68/><W98/><G46/><T25/><D25/><U101/><E42/><V60/><F60/><W38/><G38/><T127/><D127/><U26/><E108/><V21/><F21/><AGARI ba="1,0" hai="5,8,12,13,16,21,88,90" m="18823,47209" machi="21" ten="30,8000,1" yaku="13,1,52,2,54,2" doraHai="10" who="0" fromWho="2" sc="236,83,369,0,308,-83,87,0" /><INIT seed="6,0,0,4,3,45" ten="319,369,225,87" oya="2" hai0="41,9,27,117,55,50,130,64,87,26,61,111,47" hai1="78,73,131,31,51,88,33,135,86,57,22,108,17" hai2="134,118,35,112,20,81,29,6,122,104,71,66,62" hai3="15,82,89,1,48,38,113,77,54,28,49,106,42"/><V121/><F118/><W14/><G1/><T11/><D111/><U74/><E108/><V109/><F112/><W24/><G106/><T63/><D117/><U83/><E131/><V96/><F134/><W59/><G38/><T97/><D130/><U92/><E135/><V101/><F109/><W125/><G125/><T56/><D87/><U115/><E33/><V32/><F20/><N who="3" m="15367" /><G77/><T0/><D97/><U90/><E31/><V99/><F32/><W25/><G25/><T13/><D0/><U72/><E90/><V103/><F6/><W23/><G113/><T123/><D11/><U116/><E116/><V5/><F5/><W119/><G119/><T91/><D91/><U16/><E115/><V128/><F128/><W34/><G34/><T80/><D80/><U37/><E37/><V98/><F98/><W85/><G23/><T65/><D123/><U133/><E17/><V43/><F43/><W124/><G124/><T107/><D107/><U7/><E7/><V79/><F99/><W36/><G36/><T69/><REACH who="0" step="1"/><D41/><REACH who="0" ten="309,369,225,87" step="2"/><U67/><E133/><V84/><REACH who="2" step="1"/><F103/><REACH who="2" ten="309,369,215,87" step="2"/><W40/><G40/><T19/><AGARI ba="0,2" hai="9,13,19,26,27,47,50,55,56,61,63,64,65,69" machi="19" ten="20,8000,1" yaku="1,1,2,1,0,1,7,1,52,1,53,0" doraHai="45" doraHaiUra="30" who="0" fromWho="0" sc="309,100,369,-20,215,-40,87,-20" /><INIT seed="7,0,0,2,0,94" ten="409,349,175,67" oya="3" hai0="110,73,102,119,98,27,40,133,6,129,21,11,128" hai1="59,33,31,70,72,122,108,10,62,71,60,92,20" hai2="115,113,81,42,14,91,32,104,131,2,25,69,118" hai3="123,107,76,95,5,8,1,67,49,106,100,51,120"/><W13/><G67/><T23/><D110/><U75/><E108/><V114/><F118/><W53/><G49/><T43/><D119/><U0/><E33/><V34/><F2/><W78/><G95/><N who="0" m="58719" /><D73/><U84/><E122/><V85/><F131/><N who="0" m="50250" /><D133/><U97/><E84/><V101/><F69/><W66/><G66/><T132/><D132/><U93/><E0/><V116/><F116/><W83/><G78/><T50/><D50/><U22/><E10/><V82/><F42/><N who="0" m="15914" /><D27/><U68/><E68/><V130/><F82/><W77/><G77/><T111/><D111/><U44/><E44/><V3/><F3/><AGARI ba="0,0" hai="3,6,11,21,23" m="15914,50250,58719" machi="3" ten="30,2000,0" yaku="19,1,52,1" doraHai="94" who="0" fromWho="2" sc="409,20,349,0,175,-20,67,0" owari="429,52.9,349,14.9,155,-24.5,67,-43.3" /></mjloggm>