<mjloggm ver="2.3"><GO type="169" lobby="0"/><UN n0="%E6%A4%8D%E9%87%8E" n1="%E3%82%8C%E3%81%8A%E3%81%A8%E3%81%BE%E3%81%8A" n2="%E6%9C%A8%E5%8E%9F%E8%B1%AA%E4%B8%80" n3="%E4%BF%BA%E3%81%A7%E3%81%99" dan="16,16,17,16" rate="2133.20,2124.94,2140.32,2096.84" sx="M,M,M,M"/><TAIKYOKU oya="0"/><INIT seed="0,0,0,3,0,34" ten="250,250,250,250" oya="0" hai0="108,86,98,109,54,40,3,56,5,128,126,21,103" hai1="50,0,72,130,99,104,30,91,32,24,69,22,39" hai2="124,118,58,67,106,113,13,85,101,105,89,117,37" hai3="35,133,41,80,68,74,132,61,44,31,110,135,71"/><T16/><D128/><U52/><E39/><V94/><F37/><N who="3" m="21551" /><G110/><N who="0" m="42603" /><D40/><U64/><E130/><V82/><F113/><W59/><G31/><T46/><D46/><U116/><E116/><V75/><F13/><W92/><G35/><T134/><D134/><U78/><E0/><V114/><F58/><W36/><G92/><N who="0" m="58823" /><D126/><U4/><E4/><V2/><F2/><W107/><G107/><T25/><D86/><U10/><E10/><V81/><F114/><W97/><G97/><T112/><D112/><U84/><E99/><N who="2" m="59639" /><F67/><N who="3" m="39359" /><G36/><T26/><D5/><U66/><E104/><N who="2" m="40043" /><F124/><W19/><G19/><T88/><D88/><U60/><E91/><V15/><F15/><W87/><G74/><T77/><D77/><AGARI ba="0,0" hai="75,77,81,82,85,89,117,118" m="40043,59639" machi="77" ten="30,2000,0" yaku="34,2" doraHai="34" who="2" fromWho="0" sc="250,-20,250,0,250,20,250,0" /><AGARI ba="0,0" hai="68,71,77,80,87,132,133,135" m="39359,21551" machi="77" ten="30,1000,0" yaku="20,1" doraHai="34" who="3" fromWho="0" sc="230,-10,250,0,270,0,250,10" /><INIT seed="1,0,0,2,2,117" ten="220,250,270,260" oya="1" hai0="23,31,92,43,84,88,7,70,12,93,114,96,62" hai1="123,71,81,44,128,79,94,29,46,45,126,47,95" hai2="11,16,50,58,6,66,72,90,74,4,5,107,48" hai3="57,22,104,111,103,52,56,82,97,75,100,0,59"/><U37/><E71/><V64/><F107/><W61/><G111/><T2/><D114/><U38/><E123/><V27/><F74/><W131/><G131/><T77/><D43/><U34/><E128/><V35/><F72/><W55/><G0/><T1/><D7/><U54/><E126/><V20/><F35/><W78/><G103/><T112/><D112/><U125/><E125/><V98/><F11/><W135/><G135/><T24/><D12/><U113/><E113/><V49/><REACH who="2" step="1"/><F58/><REACH who="2" ten="220,250,260,260" step="2"/><W60/><G22/><T33/><D33/><U127/><E127/><V30/><F30/><W115/><G115/><T119/><D119/><U65/><E29/><V99/><F99/><W133/><G133/><T15/><D96/><U14/><E34/><V26/><F26/><W116/><G116/><T134/><D134/><U80/><E46/><V28/><F28/><W132/><G132/><T118/><D118/><U53/><E45/><V83/><F83/><W8/><REACH who="3" step="1"/><G8/><REACH who="3" ten="220,250,260,250" step="2"/><T124/><D124/><U109/><E109/><V21/><F21/><W40/><G40/><T13/><D23/><U129/><E129/><V32/><F32/><W91/><G91/><T42/><D88/><U69/><E38/><V87/><F87/><W121/><G121/><T39/><D84/><U19/><E37/><V25/><F25/><W3/><G3/><T76/><D24/><U130/><E130/><V10/><F10/><W36/><G36/><T108/><D39/><U18/><E79/><V105/><F105/><W68/><G68/><T86/><D108/><U102/><E69/><V73/><F73/><RYUUKYOKU ba="0,2" sc="220,-15,250,-15,260,15,250,15" hai2="4,5,6,16,20,27,48,49,50,64,66,90,98" hai3="52,55,56,57,59,60,61,75,78,82,97,100,104" /><INIT seed="2,1,2,0,1,69" ten="205,235,275,265" oya="2" hai0="49,96,15,93,122,54,113,24,13,91,30,126,19" hai1="127,110,121,52,77,78,133,7,64,18,114,82,46" hai2="27,74,68,83,67,48,71,88,57,41,128,37,38" hai3="53,55,100,0,81,87,73,130,129,35,132,95,99"/><V86/><F128/><N who="3" m="49259" /><G73/><T33/><D126/><U20/><E110/><V6/><F6/><W16/><G35/><T43/><D113/><U89/><E114/><V116/><F116/><W1/><G132/><T134/><D122/><U26/><E133/><V123/><F123/><W106/><G106/><T115/><D115/><U103/><E127/><V90/><F74/><W101/><G101/><T56/><D134/><U28/><E103/><V22/><F90/><N who="3" m="51567" /><G16/><T60/><D19/><U94/><E82/><V112/><F112/><W72/><G72/><T118/><D118/><U47/><E7/><V11/><F11/><W12/><G12/><T80/><D80/><U36/><E64/><V66/><F66/><W39/><G39/><T9/><D9/><U59/><E36/><V42/><F42/><W21/><G21/><T107/><D107/><U135/><E121/><V76/><F76/><N who="1" m="29289" /><E18/><V111/><F111/><W65/><G65/><T44/><AGARI ba="1,2" hai="13,15,24,30,33,43,44,49,54,56,60,91,93,96" machi="44" ten="30,1100,0" yaku="0,1" doraHai="69" who="0" fromWho="0" sc="205,34,235,-4,275,-6,265,-4" /><INIT seed="3,0,0,0,5,117" ten="239,231,269,261" oya="3" hai0="10,116,36,55,25,4,75,110,68,79,7,118,80" hai1="6,84,81,46,121,85,74,120,32,128,26,8,33" hai2="89,87,113,21,22,112,34,52,126,71,38,14,49" hai3="135,82,92,90,127,17,114,30,40,65,125,64,123"/><W20/><G114/><T97/><D110/><U101/><E74/><V50/><F38/><W111/><G30/><T11/><D68/><U29/><E33/><V98/><F34/><W91/><G135/><T48/><D36/><U76/><E101/><V102/><F71/><W72/><G40/><T122/><D122/><U67/><E128/><V88/><F126/><N who="3" m="48139" /><G111/><T19/><D97/><U99/><E99/><V57/><F49/><W23/><G23/><T66/><D66/><N who="3" m="25705" /><G92/><T1/><D25/><U93/><E46/><V31/><F31/><W100/><G100/><T9/><D19/><U83/><E93/><V73/><F73/><W24/><G123/><T53/><D11/><U94/><E94/><V28/><F28/><W133/><G133/><T134/><D134/><U12/><E67/><V16/><F22/><W130/><G130/><T54/><REACH who="0" step="1"/><D48/><REACH who="0" ten="229,231,269,261" step="2"/><U124/><REACH who="1" step="1"/><E124/><REACH who="1" ten="229,221,269,261" step="2"/><V58/><F112/><W5/><G5/><T15/><AGARI ba="0,2" hai="1,4,7,9,10,15,53,54,55,75,79,80,116,118" machi="15" ten="30,4000,0" yaku="1,1,2,1,0,1,53,0" doraHai="117" doraHaiUra="27" who="0" fromWho="0" sc="229,60,221,-10,269,-10,261,-20" /><INIT seed="4,0,0,1,1,74" ten="289,211,259,241" oya="0" hai0="122,129,19,84,28,94,38,76,13,6,44,7,54" hai1="117,11,82,39,14,43,95,78,115,100,130,77,16" hai2="60,105,97,52,125,118,127,113,15,124,59,56,50" hai3="20,92,90,73,135,25,75,88,96,3,81,111,89"/><T57/><D122/><U46/><E117/><V79/><F118/><W67/><G111/><T32/><D129/><U18/><E130/><V42/><F113/><W41/><G3/><T120/><D120/><U30/><E115/><V1/><F1/><W62/><G135/><T104/><D104/><U65/><E30/><V45/><F79/><W70/><G41/><T55/><D32/><U123/><E123/><V35/><F35/><W102/><REACH who="3" step="1"/><G81/><REACH who="3" ten="289,211,259,231" step="2"/><N who="0" m="47143" /><D38/><U101/><E82/><V26/><F124/><W83/><G83/><T22/><D94/><U5/><E65/><V68/><F127/><W99/><G99/><T63/><D28/><AGARI ba="0,1" hai="20,25,28,62,67,70,73,75,88,89,90,92,96,102" machi="28" ten="40,5200,0" yaku="1,1,54,1,53,1" doraHai="74" doraHaiUra="23" who="3" fromWho="0" sc="289,-52,211,0,259,0,231,62" /><INIT seed="5,0,0,2,4,110" ten="237,211,259,293" oya="1" hai0="92,103,127,87,82,135,48,35,94,52,21,64,15" hai1="133,77,60,107,24,45,98,80,49,42,75,12,74" hai2="29,100,73,118,69,41,122,85,32,43,84,124,31" hai3="30,0,7,99,109,123,8,46,26,134,90,128,120"/><U105/><E74/><V20/><F122/><W62/><G109/><T53/><D35/><U97/><E133/><V132/><F32/><W88/><G134/><T104/><D135/><U39/><E39/><V11/><F132/><W106/><G128/><T126/><D64/><U102/><E24/><V121/><F69/><W51/><G62/><T36/><D36/><U22/><E60/><V89/><F100/><W17/><G17/><N who="0" m="10431" /><D104/><U1/><E1/><V38/><F11/><W78/><G78/><T54/><D103/><U55/><E98/><V115/><F73/><W16/><G16/><T108/><D48/><U65/><E65/><V113/><F121/><W2/><G2/><T130/><D108/><U47/><E107/><V4/><F4/><W33/><G106/><T19/><D19/><U114/><E22/><V56/><F20/><W81/><G120/><T72/><D72/><U10/><E12/><V116/><F38/><W70/><G70/><T67/><D67/><U14/><E14/><V93/><F56/><W129/><G123/><T40/><D40/><U76/><E10/><V66/><F66/><W57/><G57/><T125/><D130/><U83/><E45/><V58/><F58/><W34/><G129/><T50/><D50/><U131/><E42/><V101/><F101/><W13/><G34/><T37/><D37/><U5/><E131/><V119/><F119/><W27/><G0/><T23/><D23/><U6/><E5/><V91/><F93/><N who="3" m="56743" /><G33/><T44/><D44/><U25/><E6/><V96/><F96/><W68/><G68/><T112/><D112/><RYUUKYOKU ba="0,0" sc="237,15,211,-15,259,15,293,-15" hai0="52,53,54,82,87,92,94,125,126,127" hai2="29,31,41,43,84,85,89,91,113,115,116,118,124" /><INIT seed="6,1,0,2,4,73" ten="252,196,274,278" oya="2" hai0="0,31,60,130,33,116,118,76,6,47,52,34,95" hai1="86,40,105,124,99,100,79,49,19,135,55,134,84" hai2="37,24,126,14,25,17,20,28,74,89,81,15,94" hai3="8,119,71,2,106,132,102,32,16,113,87,42,101"/><V88/><F126/><W107/><G119/><N who="0" m="45611" /><D130/><U78/><E40/><V13/><F37/><W58/><G71/><T36/><D31/><U21/><E86/><N who="2" m="50255" /><F74/><W75/><G75/><T120/><D120/><U7/><E84/><N who="2" m="52519" /><F25/><W11/><G32/><T98/><D36/><U1/><E7/><V128/><F128/><W12/><G132/><N who="1" m="50730" /><E1/><V77/><F77/><N who="1" m="29193" /><E124/><V93/><F93/><W82/><G107/><T27/><D6/><U122/><E122/><V10/><AGARI ba="1,0" hai="10,13,14,15,17,20,24,28" m="52519,50255" machi="10" ten="30,3000,0" yaku="8,1,54,1" doraHai="73" who="2" fromWho="2" sc="252,-11,196,-11,274,33,278,-11" /><INIT seed="6,2,0,4,3,133" ten="241,185,307,267" oya="2" hai0="42,107,135,19,0,104,26,93,98,123,90,28,24" hai1="80,29,56,67,16,84,110,83,116,15,54,7,21" hai2="12,128,74,76,38,53,99,89,88,10,17,34,62" hai3="109,50,79,95,115,46,23,70,87,78,97,1,124"/><V31/><F38/><W112/><G109/><T131/><D123/><U117/><E110/><V55/><F128/><W120/><G120/><T68/><D0/><U58/><E29/><V72/><F34/><W69/><G1/><T73/><D73/><U47/><E7/><V6/><F31/><W49/><G23/><T102/><D135/><U130/><E130/><V134/><F134/><W125/><G69/><T81/><D131/><U122/><E122/><V45/><F76/><N who="3" m="29227" /><G87/><T118/><D118/><U111/><E111/><V132/><F132/><W59/><G59/><T66/><D42/><U86/><E47/><V121/><F121/><W30/><G30/><T91/><D19/><U13/><E21/><V119/><F119/><W4/><G4/><T108/><D108/><U32/><E54/><V52/><F45/><W37/><G37/><T11/><D104/><U113/><E67/><V20/><F62/><W43/><G50/><T92/><D107/><U40/><E40/><V103/><F74/><W22/><G22/><T77/><D68/><U96/><E16/><V126/><F126/><N who="3" m="48747" /><G70/><T114/><D28/><U9/><E84/><V39/><F39/><W35/><G35/><T127/><D127/><U64/><E86/><V44/><F72/><W51/><G51/><T105/><D77/><U2/><E32/><V129/><F129/><W27/><G27/><T3/><D26/><U65/><E2/><V85/><F85/><W100/><AGARI ba="2,0" hai="43,46,49,95,97,100,112,115" m="48747,29227" machi="100" ten="40,8000,1" yaku="18,1,52,3" doraHai="133" who="3" fromWho="3" sc="241,-22,185,-22,307,-42,267,86" /><INIT seed="7,0,0,5,1,53" ten="219,163,265,353" oya="3" hai0="50,46,13,56,19,99,71,111,2,8,97,24,84" hai1="23,51,131,101,10,22,120,64,87,39,109,15,33" hai2="17,102,63,38,40,7,110,6,132,96,125,59,49" hai3="93,133,91,4,55,115,28,118,75,65,57,80,34"/><W66/><G118/><T42/><D111/><U37/><E109/><V29/><F38/><W0/><G115/><T12/><D71/><U31/><E33/><V60/><F29/><W116/><G116/><T77/><D2/><U45/><E131/><V85/><F63/><W117/><G117/><T129/><D129/><U95/><E120/><V41/><F41/><W44/><G44/><T113/><D113/><U81/><E39/><V112/><F132/><W1/><G4/><T25/><D13/><U114/><E37/><V119/><F125/><W32/><G1/><T124/><D124/><U52/><E31/><V82/><F17/><W122/><G0/><T73/><D73/><U89/><E64/><V5/><F110/><W18/><G18/><T126/><D126/><U135/><E135/><V14/><F49/><W47/><G47/><T61/><D77/><U83/><E83/><V130/><F40/><W94/><G34/><T36/><D84/><U90/><E101/><V88/><F112/><W70/><G70/><T26/><D36/><U35/><E35/><V43/><F43/><W98/><G65/><AGARI ba="0,0" hai="8,12,19,24,25,26,42,46,50,56,61,65,97,99" machi="65" ten="40,2600,0" yaku="8,1,52,1" doraHai="53" who="0" fromWho="3" sc="219,26,163,0,265,0,353,-26" owari="245,-15.5,163,-33.7,265,6.5,327,42.7" /></mjloggm>