<mjloggm ver="2.3"><GO type="169" lobby="0"/><UN n0="%5A%E6%B0%91" n1="%E5%BE%A1%E5%BD%B1%E3%82%86%E3%81%9A%E3%81%8D" n2="%6A%61%63%6B%74" n3="%E3%82%AD%E3%83%AA%E3%83%B3%E3%83%AA%E3%82%AD%E5%BF%AB" dan="18,16,16,17" rate="2260.77,2162.22,2133.80,2204.23" sx="M,M,M,M"/><TAIKYOKU oya="0"/><INIT seed="0,0,0,0,4,116" ten="250,250,250,250" oya="0" hai0="128,1,41,32,66,52,25,64,24,27,29,63,125" hai1="0,51,114,19,78,127,89,9,60,106,105,85,102" hai2="46,90,50,131,26,76,92,55,33,103,15,132,95" hai3="11,129,69,86,110,23,123,74,119,134,37,43,84"/><T42/><D1/><U67/><E114/><V20/><F131/><W77/><G23/><T133/><D128/><U54/><E78/><V72/><F132/><W91/><G11/><T120/><D133/><U35/><E35/><V122/><F33/><W21/><G21/><T3/><D3/><U112/><E127/><V96/><F72/><W70/><G43/><T113/><D113/><U82/><E102/><V59/><F76/><W36/><G77/><T28/><D125/><U8/><E8/><V56/><F15/><W111/><G134/><T13/><D13/><U79/><E79/><V97/><REACH who="2" step="1"/><F122/><REACH who="2" ten="250,250,240,250" step="2"/><W47/><G74/><T39/><D120/><U75/><E75/><V48/><F48/><W88/><G129/><T109/><D32/><U101/><E0/><V80/><F80/><W10/><G123/><T38/><D27/><U17/><E82/><V62/><F62/><W44/><REACH who="3" step="1"/><G10/><REACH who="3" ten="250,250,240,240" step="2"/><T34/><D34/><U4/><E9/><V22/><F22/><W121/><G121/><T93/><D25/><U135/><E135/><V14/><F14/><W107/><G107/><T117/><D24/><U130/><E105/><V5/><F5/><W30/><G30/><AGARI ba="0,2" hai="20,26,30,46,50,55,56,59,90,92,95,96,97,103" machi="30" ten="30,7700,0" yaku="1,1,7,1,8,1,53,1" doraHai="116" doraHaiUra="98" who="2" fromWho="3" sc="250,0,250,0,240,97,240,-77" /><INIT seed="1,0,0,3,1,16" ten="250,250,337,163" oya="1" hai0="120,30,34,100,39,81,127,55,89,111,101,19,90" hai1="31,109,98,87,42,22,14,25,40,99,88,28,76" hai2="114,79,52,11,103,15,82,38,54,60,117,32,132" hai3="50,119,116,20,125,68,91,41,123,70,9,26,118"/><U80/><E109/><V58/><F117/><W37/><G123/><T71/><D71/><U113/><E113/><V1/><F132/><W84/><G37/><T67/><D39/><U93/><E31/><V51/><F38/><W133/><G133/><T62/><D111/><U45/><E14/><V102/><F32/><W106/><G106/><T6/><D6/><U63/><E63/><V69/><F1/><W112/><G112/><T57/><D127/><U83/><E45/><V0/><F0/><W124/><G9/><T126/><D126/><N who="3" m="48745" /><G50/><T53/><D30/><U128/><E128/><V75/><F114/><W96/><G96/><T121/><D34/><U21/><E21/><V13/><F13/><W129/><G41/><T131/><D131/><U97/><REACH who="1" step="1"/><E83/><REACH who="1" ten="250,240,337,163" step="2"/><V23/><F23/><W2/><G129/><T92/><D81/><U85/><AGARI ba="0,1" hai="22,25,28,40,42,76,80,85,87,88,93,97,98,99" machi="85" ten="30,18000,2" yaku="1,1,2,1,0,1,8,1,52,1,54,1,53,0" doraHai="16" doraHaiUra="135" who="1" fromWho="1" sc="250,-60,240,190,337,-60,163,-60" /><INIT seed="1,1,0,5,1,60" ten="190,430,277,103" oya="1" hai0="65,115,101,49,111,23,91,19,37,38,125,129,66" hai1="42,135,61,120,73,59,85,97,77,0,8,82,110" hai2="56,134,121,109,130,118,24,119,1,18,100,92,124" hai3="116,33,58,93,22,62,102,4,25,52,79,35,16"/><U70/><E120/><V76/><F121/><W127/><G127/><T81/><D115/><U64/><E135/><V21/><F1/><W105/><G116/><T30/><D125/><U29/><E29/><V13/><F124/><W122/><G122/><T78/><D111/><U55/><E110/><V75/><F109/><W3/><G105/><T26/><D129/><U99/><E42/><V123/><F123/><W53/><G79/><T88/><D101/><U34/><E34/><V2/><F2/><W17/><G17/><T94/><D38/><U40/><E40/><V14/><F134/><W54/><G3/><T57/><D37/><U107/><E107/><V80/><F130/><W67/><REACH who="3" step="1"/><G4/><REACH who="3" ten="190,430,277,93" step="2"/><T45/><D19/><U48/><E0/><V72/><F119/><W10/><G10/><T113/><D113/><U39/><E8/><V36/><F76/><W6/><G6/><T86/><D57/><U96/><REACH who="1" step="1"/><E39/><REACH who="1" ten="190,420,277,93" step="2"/><V126/><F36/><W128/><G128/><T114/><D114/><U71/><E71/><V132/><F126/><W43/><G43/><N who="0" m="24767" /><D78/><U133/><E133/><V32/><F132/><W11/><G11/><T51/><D51/><U27/><E27/><V63/><F24/><W41/><G41/><T112/><D112/><U50/><E50/><V89/><F118/><W84/><G84/><AGARI ba="1,2" hai="23,26,30,65,66,81,84,86,88,91,94" m="24767" machi="84" ten="30,7700,0" yaku="8,1,52,2,54,1" doraHai="60" who="0" fromWho="3" sc="190,100,420,0,277,0,93,-80" /><AGARI ba="1,0" hai="48,55,59,61,64,70,73,77,82,84,85,96,97,99" machi="84" ten="40,3900,0" yaku="1,1,52,1,53,0" doraHai="60" doraHaiUra="20" who="1" fromWho="3" sc="290,0,420,39,277,0,13,-39" owari="290,9.0,459,55.9,277,-12.3,-26,-52.6" /></mjloggm>