<mjloggm ver="2.3"><GO type="169" lobby="0"/><UN n0="%E3%83%8A%E3%83%8A%E3%82%A4%E3%83%AD%E3%83%A9%E3%82%A4%E3%83%88%E2%98%86" n1="%6E%61%6B%61%74%65%6E%6E" n2="%E3%81%BA%E3%83%BC%E3%81%8C%E3%82%8F" n3="%6D%61%74%6F%30%36%30%33" dan="16,16,16,17" rate="2098.38,2047.14,2070.85,2208.88" sx="F,M,M,M"/><TAIKYOKU oya="0"/><INIT seed="0,0,0,5,0,81" ten="250,250,250,250" oya="0" hai0="105,3,73,29,48,56,15,17,58,32,40,52,63" hai1="104,38,61,76,49,134,84,71,109,2,123,10,80" hai2="14,11,28,53,7,114,57,85,62,89,46,129,23" hai3="54,13,4,79,0,98,110,91,65,45,22,18,16"/><T33/><D73/><U124/><E123/><V64/><F129/><W99/><G110/><T131/><D131/><U74/><E38/><V116/><F116/><W118/><G118/><T130/><D130/><U66/><E104/><V8/><F114/><W127/><G127/><T25/><D105/><U55/><E109/><V135/><F135/><W19/><G79/><T133/><D133/><U120/><E120/><V112/><F112/><W34/><G34/><T9/><D3/><U50/><E134/><V41/><F11/><W100/><G65/><T108/><D108/><U27/><E124/><V44/><F64/><W1/><G91/><T111/><D111/><U21/><E74/><V128/><F128/><W119/><G119/><T103/><D103/><U82/><E80/><V42/><F42/><W95/><G98/><T113/><D113/><U78/><E78/><V36/><F46/><W93/><G93/><T59/><REACH who="0" step="1"/><D33/><REACH who="0" ten="240,250,250,250" step="2"/><U39/><E2/><V122/><F122/><W20/><G1/><T37/><D37/><U86/><E39/><V94/><F28/><W87/><G0/><T92/><D92/><U70/><E82/><V101/><REACH who="2" step="1"/><F23/><REACH who="2" ten="240,250,240,250" step="2"/><W117/><G117/><T126/><D126/><U102/><E21/><V51/><F51/><N who="3" m="29039" /><G22/><T121/><D121/><U43/><E50/><V90/><F90/><W68/><G20/><T69/><D69/><U67/><E70/><V106/><F106/><W75/><G68/><T12/><D12/><U107/><E107/><V125/><F125/><W132/><G132/><T88/><D88/><U47/><E71/><V5/><F5/><RYUUKYOKU ba="0,2" sc="240,15,250,-15,240,15,250,-15" hai0="9,15,17,25,29,32,40,48,52,56,58,59,63" hai2="7,8,14,36,41,44,53,57,62,85,89,94,101" /><INIT seed="0,1,2,4,4,105" ten="255,235,255,235" oya="0" hai0="134,129,102,37,81,74,69,95,125,32,83,113,106" hai1="119,52,79,110,26,63,60,42,122,116,47,84,57" hai2="13,56,61,126,64,10,85,14,96,112,103,40,44" hai3="49,101,23,19,11,46,123,20,133,82,130,8,4"/><T120/><D83/><U73/><E84/><V121/><F126/><W90/><G130/><T135/><D95/><U67/><E26/><V31/><F112/><W48/><G133/><T107/><D102/><U18/><E18/><V88/><F121/><W43/><G123/><T91/><D91/><U36/><E79/><V78/><F78/><W41/><G101/><T128/><D81/><U115/><E122/><V35/><F35/><W28/><G28/><T6/><D6/><U75/><E115/><V92/><F31/><W24/><G23/><T9/><D9/><U80/><E80/><V98/><F10/><W54/><G4/><T50/><D50/><U65/><E110/><V70/><F70/><W104/><G104/><T117/><D106/><U86/><E86/><V17/><F17/><W2/><G2/><T124/><D129/><U76/><E76/><V99/><REACH who="2" step="1"/><F103/><REACH who="2" ten="255,235,245,235" step="2"/><W55/><G11/><T5/><D5/><U16/><E16/><V0/><F0/><W66/><G8/><T100/><D100/><U7/><E7/><V97/><N who="2" m="24576" /><DORA hai="108" /><V58/><F58/><W27/><G19/><T132/><D125/><U77/><E77/><V21/><F21/><W3/><G3/><T30/><D30/><U45/><E45/><V12/><F12/><W25/><G20/><T72/><D134/><U22/><E22/><V62/><F62/><W111/><G46/><T53/><D132/><U94/><E63/><V68/><F68/><W15/><G15/><T38/><D135/><U39/><E47/><V34/><F34/><W87/><G27/><T127/><D127/><RYUUKYOKU ba="1,3" sc="255,-10,235,-10,245,30,235,-10" hai2="13,14,40,44,56,61,64,85,88,92" /><INIT seed="1,2,3,2,2,74" ten="245,225,275,225" oya="1" hai0="61,111,14,2,128,8,93,33,134,44,36,109,16" hai1="50,39,110,46,75,27,25,86,78,22,82,97,131" hai2="80,48,42,49,100,121,40,6,63,21,115,77,54" hai3="89,70,24,47,52,34,15,12,11,119,35,87,122"/><U23/><E39/><V28/><F121/><W104/><G122/><T118/><D118/><U65/><E75/><V84/><F115/><W19/><G119/><T94/><D128/><U71/><E71/><V51/><F6/><W37/><G70/><T26/><D134/><U108/><E131/><V127/><F127/><W56/><G104/><T85/><D2/><U106/><E65/><V60/><F100/><W103/><G103/><T95/><D61/><N who="2" m="23626" /><F54/><W105/><G105/><T130/><D130/><U129/><E129/><V10/><F10/><W13/><G37/><T123/><D123/><U67/><E67/><V126/><F126/><W17/><G47/><T32/><D85/><U135/><E135/><V69/><F69/><W91/><G13/><T7/><D7/><U124/><E106/><V99/><F99/><W114/><G114/><T102/><D102/><U20/><E97/><V64/><F64/><W18/><G18/><T45/><D45/><U81/><E82/><V101/><F101/><W53/><G11/><T55/><D26/><AGARI ba="2,3" hai="21,26,28,40,42,48,49,51,77,80,84" m="23626" machi="26" ten="30,2000,0" yaku="8,1,52,1" doraHai="74" who="2" fromWho="0" sc="245,-26,225,0,275,56,225,0" /><INIT seed="2,0,0,2,5,121" ten="219,225,331,225" oya="2" hai0="21,7,62,37,86,65,125,61,105,118,101,29,8" hai1="9,13,5,43,49,79,72,115,73,67,107,44,40" hai2="82,12,131,1,66,47,128,45,97,71,63,0,100" hai3="129,59,60,19,126,28,20,88,111,85,94,134,98"/><V124/><F124/><W95/><G126/><T24/><D125/><U54/><E115/><V26/><F12/><W77/><G134/><T109/><D37/><U80/><E107/><V99/><F82/><W35/><G129/><N who="2" m="49737" /><F26/><W108/><G35/><T91/><D118/><U32/><E32/><V36/><F99/><W4/><G4/><T117/><D117/><U106/><E106/><N who="2" m="63759" /><F47/><W23/><G28/><T27/><D27/><U110/><E72/><V78/><F78/><W69/><G69/><T135/><D135/><U51/><E110/><N who="3" m="42026" /><G19/><T42/><D7/><U87/><E67/><V103/><F103/><N who="3" m="60887" /><G77/><T58/><D29/><U68/><E68/><V113/><F113/><W55/><AGARI ba="0,0" hai="20,23,55,59,60,85,88,95" m="60887,42026" machi="55" ten="30,8000,1" yaku="14,1,52,3,54,1" doraHai="121" who="3" fromWho="3" sc="219,-20,225,-20,331,-40,225,80" /><INIT seed="3,0,0,1,5,72" ten="199,205,291,305" oya="3" hai0="76,40,107,51,114,73,55,6,1,20,47,26,48" hai1="65,50,4,38,42,118,120,31,104,62,54,71,12" hai2="9,128,110,99,129,85,17,101,22,61,60,18,59" hai3="24,88,66,102,95,123,11,90,19,134,63,75,3"/><W92/><G123/><T52/><D114/><U93/><E104/><V79/><F110/><W0/><G134/><T96/><D1/><U115/><E120/><V57/><F9/><W30/><G75/><T28/><D6/><U105/><E105/><V89/><F61/><W39/><G39/><T2/><D2/><U36/><E115/><V87/><F87/><W35/><G102/><T80/><REACH who="0" step="1"/><D51/><REACH who="0" ten="189,205,291,305" step="2"/><U44/><E4/><V53/><F129/><W78/><G3/><T131/><D131/><U68/><E38/><V43/><F128/><W112/><G112/><T49/><D49/><U113/><E113/><V64/><F64/><W124/><G0/><T83/><D83/><U91/><E36/><V29/><F60/><W108/><G66/><T41/><D41/><U14/><E42/><V7/><F43/><W126/><G63/><T21/><D21/><U94/><E71/><V82/><F7/><W58/><G11/><T119/><D119/><U127/><E118/><V132/><F22/><W111/><G111/><T46/><D46/><U34/><E62/><V32/><F59/><W86/><G108/><T81/><D81/><U98/><E65/><V121/><F82/><W5/><G5/><T97/><D97/><N who="1" m="57535" /><E68/><V25/><F57/><W130/><G130/><T16/><D16/><U15/><E44/><V100/><F18/><W10/><G58/><T70/><D70/><U77/><E50/><V69/><F17/><W27/><G10/><T33/><D33/><U56/><E34/><N who="2" m="20783" /><F69/><W135/><G35/><T8/><D8/><U37/><E37/><V74/><F32/><RYUUKYOKU ba="0,1" sc="189,30,205,-10,291,-10,305,-10" hai0="20,26,28,40,47,48,52,55,73,76,80,96,107" /><INIT seed="4,1,1,3,1,77" ten="219,195,281,295" oya="0" hai0="7,134,75,97,129,101,32,88,19,55,1,11,72" hai1="14,86,96,128,131,100,60,59,89,56,22,12,26" hai2="74,111,119,46,91,31,113,107,52,18,81,92,58" hai3="25,62,47,20,105,135,67,66,21,108,42,121,4"/><T13/><D129/><N who="1" m="49739" /><E96/><V71/><F111/><W0/><G108/><T85/><D32/><U61/><E100/><V38/><F71/><W6/><G105/><T78/><D78/><U118/><E118/><V35/><F107/><W87/><G135/><T127/><D127/><U103/><E103/><V116/><F113/><W15/><G0/><T64/><D64/><N who="1" m="38919" /><E26/><N who="2" m="18935" /><F18/><W10/><G121/><T39/><D39/><U104/><E22/><V122/><F122/><W102/><G102/><T2/><D2/><U76/><E76/><N who="2" m="44183" /><F46/><W99/><G99/><T126/><D126/><U83/><E104/><V125/><F38/><W79/><G6/><T44/><D134/><U5/><E5/><V114/><F125/><W130/><G130/><T120/><D120/><U48/><E48/><N who="2" m="30983" /><F114/><W53/><G21/><T24/><D24/><U80/><E83/><V133/><F133/><W37/><G62/><T95/><D44/><U112/><E112/><V41/><F41/><W132/><G132/><T16/><D55/><AGARI ba="1,1" hai="12,14,55,59,61,80,86,89" m="38919,49739" machi="55" ten="30,2000,0" yaku="19,1,52,1" doraHai="77" who="1" fromWho="0" sc="219,-23,195,33,281,0,295,0" /><INIT seed="5,0,0,3,0,112" ten="196,228,281,295" oya="1" hai0="75,121,102,59,17,72,34,21,123,110,79,125,124" hai1="7,86,91,10,63,6,122,57,2,1,69,132,100" hai2="107,117,133,129,20,25,0,131,88,78,42,101,8" hai3="36,37,67,41,13,23,49,119,9,27,73,32,33"/><U104/><E132/><V54/><F78/><W28/><G73/><N who="0" m="28235" /><D34/><U80/><E122/><N who="0" m="46601" /><D59/><U84/><E69/><V16/><F42/><W66/><G49/><T60/><D60/><U77/><E104/><V52/><F133/><W38/><G41/><T127/><D17/><U95/><E100/><V3/><F117/><W74/><G74/><T40/><D21/><U47/><E47/><V105/><F88/><W22/><G22/><T19/><D19/><U109/><E109/><V64/><F64/><W103/><G119/><T31/><D31/><U5/><REACH who="1" step="1"/><E2/><REACH who="1" ten="196,218,281,295" step="2"/><V87/><F101/><W94/><G103/><T50/><D110/><U24/><E24/><V98/><F107/><W108/><G108/><T135/><D102/><U62/><E62/><V56/><F105/><W39/><G27/><T12/><D135/><U82/><E82/><V128/><F3/><W111/><G111/><T58/><D12/><U70/><E70/><V83/><F0/><W55/><G13/><T89/><D40/><U44/><E44/><V97/><F25/><W106/><G106/><T29/><D125/><U18/><E18/><V46/><F16/><W68/><G68/><T14/><D14/><U26/><E26/><V45/><F45/><W76/><G28/><T51/><D29/><U93/><E93/><V99/><F46/><W43/><G43/><T114/><D127/><U92/><E92/><V65/><F131/><W120/><G33/><T71/><D71/><U61/><E61/><V53/><F129/><W126/><G126/><T11/><D124/><U30/><E30/><V81/><F128/><RYUUKYOKU ba="0,1" sc="196,-10,218,30,281,-10,295,-10" hai1="1,5,6,7,10,57,63,77,80,84,86,91,95" /><INIT seed="5,1,1,1,3,91" ten="186,248,271,285" oya="1" hai0="98,101,90,84,51,50,2,130,62,11,112,29,83" hai1="46,77,70,108,5,123,63,42,32,16,59,103,73" hai2="110,133,55,88,52,127,30,68,34,107,72,97,115" hai3="23,135,0,76,49,57,71,26,20,36,79,120,45"/><U21/><E123/><V15/><F110/><W37/><G120/><T102/><D112/><U114/><E114/><V61/><F115/><W19/><G71/><T33/><D130/><U35/><E70/><V56/><F72/><W31/><G0/><T47/><D101/><U65/><E5/><V39/><F39/><W126/><G126/><T25/><D62/><U124/><E124/><V48/><F127/><W95/><G135/><T66/><D66/><U9/><E108/><V53/><F133/><W40/><G37/><T38/><D2/><U104/><E9/><V17/><F30/><W118/><G118/><T132/><D132/><U12/><E77/><V92/><F34/><W13/><G36/><T99/><D11/><U113/><E73/><V41/><F107/><W109/><G109/><T60/><D60/><U106/><E113/><V14/><F14/><W67/><G67/><T4/><D4/><U86/><E86/><V131/><F131/><W28/><G57/><T18/><D18/><U105/><REACH who="1" step="1"/><E103/><REACH who="1" ten="186,238,271,285" step="2"/><V93/><F68/><W128/><G128/><T122/><D122/><U8/><E8/><N who="2" m="6375" /><F92/><W116/><G95/><T119/><D119/><U100/><E100/><V82/><F82/><W10/><G116/><T3/><D83/><U96/><E96/><V78/><F78/><W7/><G7/><T6/><D6/><U129/><E129/><V89/><F89/><W80/><G80/><T27/><D90/><U134/><E134/><V117/><F117/><W1/><G1/><T54/><D102/><U44/><E44/><AGARI ba="1,2" hai="41,44,48,52,53,55,56,61,88,93,97" m="6375" machi="44" ten="30,7700,0" yaku="8,1,52,1,54,2" doraHai="91" who="2" fromWho="1" sc="186,0,238,-80,271,100,285,0" /><INIT seed="6,0,0,3,1,109" ten="186,158,371,285" oya="2" hai0="117,115,70,50,22,89,100,134,77,97,42,60,84" hai1="21,81,107,103,69,6,76,108,68,39,52,31,30" hai2="26,132,12,18,105,78,48,17,16,64,41,4,67" hai3="46,131,85,129,125,62,119,61,8,2,111,135,73"/><V20/><F132/><W126/><G73/><T133/><D117/><U11/><E108/><V90/><F105/><W47/><G111/><T24/><D77/><U23/><E39/><V35/><F78/><W10/><G119/><T63/><D42/><U113/><E103/><V98/><F35/><W128/><G85/><T1/><D1/><U102/><E102/><V40/><F4/><W123/><G2/><T49/><D49/><U0/><E107/><V122/><F122/><W127/><G135/><N who="0" m="51723" /><D50/><U66/><E113/><V34/><F34/><W104/><G104/><N who="0" m="63503" /><D70/><U75/><E31/><V112/><F112/><W114/><G114/><T19/><D115/><U5/><E5/><V110/><F110/><W86/><G86/><T120/><D120/><U13/><E23/><N who="2" m="11655" /><F17/><W74/><G74/><T99/><D99/><U7/><E7/><V36/><F36/><W88/><G88/><T121/><D121/><U96/><E96/><V54/><F98/><W94/><G94/><AGARI ba="0,0" hai="19,22,24,60,63,84,89,94" m="63503,51723" machi="94" ten="30,1000,0" yaku="20,1" doraHai="109" who="0" fromWho="3" sc="186,10,158,0,371,0,285,-10" /><INIT seed="7,0,0,0,3,114" ten="196,158,371,275" oya="3" hai0="110,122,56,109,35,2,64,16,96,118,81,47,26" hai1="84,23,102,17,135,99,24,25,37,15,39,129,127" hai2="79,70,59,14,6,31,116,119,123,28,130,88,19" hai3="21,65,10,112,83,69,95,60,133,4,57,77,80"/><W32/><G32/><T134/><D122/><U128/><E39/><V91/><F70/><W53/><G112/><T38/><D2/><U78/><E37/><V11/><F123/><W85/><G133/><T34/><D134/><U45/><E45/><V5/><F79/><W51/><G21/><T58/><D38/><U43/><E43/><V106/><F106/><W101/><G101/><T117/><D47/><U46/><E46/><V44/><F44/><W76/><G95/><T13/><D26/><N who="1" m="10347" /><E84/><V132/><F59/><W125/><G125/><T3/><D64/><U104/><E99/><V52/><F52/><W36/><G36/><T89/><D96/><U67/><E78/><V20/><F132/><W7/><REACH who="3" step="1"/><G10/><REACH who="3" ten="196,158,371,265" step="2"/><T82/><D35/><U1/><E102/><V71/><F20/><W68/><G68/><T63/><D34/><U48/><E135/><V74/><F71/><W50/><G50/><T29/><D82/><U33/><E127/><V73/><F11/><W54/><G54/><T111/><D81/><U72/><E33/><V18/><F130/><N who="1" m="50281" /><E104/><V27/><F27/><W115/><G115/><T49/><D49/><U42/><E67/><V87/><F28/><W8/><G8/><T40/><D29/><U113/><E113/><V0/><F31/><W90/><G90/><T100/><D89/><U41/><E48/><V98/><F91/><W66/><G66/><T94/><D100/><U22/><E23/><V55/><F88/><W62/><G62/><T61/><D63/><U93/><E93/><V97/><F55/><W30/><G30/><T107/><D94/><RYUUKYOKU ba="0,1" sc="196,-10,158,-10,371,-10,265,30" hai3="4,7,51,53,57,60,65,69,76,77,80,83,85" /><INIT seed="7,1,1,0,2,97" ten="186,148,361,295" oya="3" hai0="1,9,46,69,45,85,17,106,40,132,109,21,101" hai1="110,20,2,41,96,73,130,59,42,53,116,33,122" hai2="79,120,16,133,48,131,39,76,18,60,114,107,75" hai3="6,64,51,70,91,98,100,62,105,43,15,81,50"/><W22/><G43/><T3/><D109/><U113/><E33/><V12/><F39/><W65/><G65/><T8/><D69/><U49/><E73/><V104/><F114/><W26/><G6/><T88/><D132/><U56/><E2/><V35/><F35/><W129/><G129/><T25/><D45/><U44/><E20/><V23/><F133/><W111/><G15/><T37/><D3/><U19/><E19/><V4/><F4/><W125/><G111/><T0/><D0/><U38/><E110/><V36/><F36/><W95/><G81/><T84/><D84/><U27/><E27/><V63/><F48/><W115/><G115/><T66/><D66/><U127/><E96/><V67/><F120/><W74/><G74/><T108/><D108/><U28/><E28/><V29/><F29/><W77/><G77/><T10/><D1/><U128/><E113/><V11/><F131/><N who="1" m="50217" /><E122/><V61/><F67/><W118/><G118/><T126/><D126/><U99/><E99/><V103/><F75/><W32/><G125/><T83/><D106/><U102/><E102/><V52/><F103/><W93/><G32/><T47/><D101/><U135/><E127/><V92/><F79/><W90/><G105/><T80/><D80/><U89/><E89/><V112/><F112/><W78/><G78/><T57/><D10/><U34/><E34/><V7/><F11/><W31/><G91/><T119/><D8/><U121/><E135/><V5/><F107/><W24/><G24/><T55/><D9/><U134/><E134/><V30/><F104/><W71/><G71/><RYUUKYOKU ba="1,1" sc="186,-10,148,-10,361,-10,295,30" hai3="22,26,31,50,51,62,64,70,90,93,95,98,100" /><INIT seed="7,2,1,4,5,74" ten="176,138,351,325" oya="3" hai0="62,57,107,18,42,125,132,9,8,84,122,102,32" hai1="20,98,83,86,69,100,101,103,124,81,116,79,53" hai2="134,75,128,11,17,123,72,66,92,47,10,50,85" hai3="5,21,28,95,88,64,71,135,0,45,29,106,12"/><W54/><G106/><T13/><D122/><U113/><E69/><V109/><F109/><W89/><G0/><T7/><D132/><U48/><E113/><V77/><F134/><W46/><G135/><T130/><D32/><U55/><E124/><V115/><F115/><W56/><G71/><T118/><D118/><U110/><E110/><V65/><F128/><W127/><G127/><T38/><D130/><U60/><E116/><V97/><F75/><W90/><G95/><T37/><D125/><U78/><E20/><V27/><F72/><W114/><G114/><T35/><D35/><U22/><E22/><N who="2" m="13775" /><F85/><W82/><G82/><T133/><D133/><U61/><E98/><V6/><F77/><N who="1" m="29193" /><E55/><V76/><F76/><W68/><G68/><T31/><D38/><U15/><E15/><N who="2" m="5591" /><F11/><N who="3" m="4207" /><G64/><T41/><D37/><U112/><E112/><V23/><F23/><W99/><G99/><T131/><D131/><U43/><E43/><N who="2" m="24959" /><F123/><W16/><G16/><T63/><D42/><U96/><E96/><V3/><F3/><W25/><G28/><T108/><D41/><U34/><E34/><V30/><F30/><W33/><G33/><T87/><D108/><U51/><E86/><V58/><F58/><W44/><G44/><T40/><D40/><U4/><E4/><V36/><F36/><W80/><G80/><N who="1" m="30794" /><E48/><AGARI ba="2,1" hai="21,25,29,45,46,48,54,56,88,89,90" m="4207" machi="48" ten="30,2900,0" yaku="8,1,54,1" doraHai="74" who="3" fromWho="1" sc="176,0,138,-35,351,0,325,45" owari="176,-22.4,103,-39.7,351,15.1,370,47.0" /></mjloggm>