<mjloggm ver="2.3"><GO type="169" lobby="0"/><UN n0="%E3%81%8B%E3%81%A5%E3%81%8D%EF%BC%B8%EF%BC%A9" n1="%61%79%61%70%69%6E" n2="%67%61%79%75%6E%79" n3="%E3%81%BF%E3%81%8B%E3%81%82" dan="18,16,17,16" rate="2186.08,2193.48,2201.84,2000.99" sx="M,M,M,M"/><TAIKYOKU oya="0"/><INIT seed="0,0,0,2,5,16" ten="250,250,250,250" oya="0" hai0="73,65,120,80,67,133,130,60,71,121,69,4,59" hai1="90,1,114,24,119,116,15,93,85,131,28,38,89" hai2="40,25,98,31,39,103,91,97,104,123,6,47,36" hai3="51,55,81,46,56,101,45,107,113,94,72,29,44"/><T126/><D4/><U23/><E1/><V12/><F123/><W37/><G113/><T14/><D73/><U20/><E114/><V70/><F70/><W50/><G107/><T100/><D80/><U22/><E38/><V83/><F36/><W112/><G112/><T61/><D100/><U99/><E131/><V32/><F83/><W27/><G81/><T3/><D3/><U76/><E76/><V134/><F134/><W109/><G72/><T13/><D59/><U74/><E74/><V57/><F57/><W35/><G37/><T110/><D130/><U122/><E122/><V5/><REACH who="2" step="1"/><F12/><REACH who="2" ten="250,250,240,250" step="2"/><W127/><G127/><T34/><D133/><U49/><E116/><V77/><F77/><W52/><REACH who="3" step="1"/><G109/><REACH who="3" ten="250,250,240,240" step="2"/><T41/><D126/><U117/><E119/><V64/><F64/><W17/><G17/><T105/><D110/><U48/><E117/><V58/><F58/><W7/><G7/><T95/><D121/><U11/><E28/><V30/><F30/><W54/><G54/><T18/><D120/><U132/><E132/><V84/><F84/><W115/><G115/><T106/><D71/><U0/><E0/><V62/><F62/><W79/><G79/><T118/><D69/><U33/><E24/><V124/><F124/><W8/><G8/><T2/><D2/><U96/><E11/><V92/><AGARI ba="0,2" hai="5,6,25,31,32,39,40,47,91,92,97,98,103,104" machi="92" ten="30,4000,0" yaku="1,1,0,1,53,1" doraHai="16" doraHaiUra="102" who="2" fromWho="2" sc="250,-20,250,-10,240,60,240,-10" /><INIT seed="1,0,0,1,0,23" ten="230,240,300,230" oya="1" hai0="16,79,19,114,95,20,76,28,6,77,47,52,34" hai1="85,4,121,63,51,135,106,71,59,98,131,5,118" hai2="87,109,108,132,80,91,96,110,129,42,38,94,83" hai3="68,24,27,89,122,11,64,2,112,86,88,54,130"/><U53/><E118/><V99/><F38/><W84/><G112/><T35/><D114/><U44/><E121/><V90/><F42/><W17/><G122/><T3/><D3/><U49/><E135/><V78/><F132/><W46/><G68/><T57/><D6/><U73/><E131/><V18/><F18/><N who="0" m="6698" /><D35/><U26/><E73/><N who="2" m="43087" /><F129/><W107/><G64/><T69/><D34/><U117/><E71/><V74/><F74/><W13/><G107/><T41/><D69/><U61/><E117/><V119/><F119/><W60/><G2/><T0/><D0/><U9/><E106/><V58/><F58/><N who="3" m="34903" /><G46/><T92/><D47/><U50/><E98/><AGARI ba="0,0" hai="83,87,90,91,94,96,98,99,108,109,110" m="43087" machi="98" ten="30,3900,0" yaku="14,1,34,2" doraHai="23" who="2" fromWho="1" sc="230,0,240,-39,300,39,230,0" /><INIT seed="2,0,0,2,5,56" ten="230,201,339,230" oya="2" hai0="122,20,47,67,111,130,38,68,83,27,59,70,129" hai1="3,121,135,92,34,104,73,8,1,10,15,105,128" hai2="58,2,31,13,37,99,16,120,23,65,42,82,109" hai3="71,44,74,101,77,45,0,117,17,19,98,49,26"/><V69/><F120/><W48/><G0/><T89/><D122/><U80/><E121/><V12/><F2/><W106/><G117/><T35/><D35/><U81/><E34/><V133/><F133/><W39/><G39/><T75/><D75/><U51/><E73/><V46/><F109/><W52/><G71/><T123/><D123/><U125/><E135/><V84/><F31/><W53/><REACH who="3" step="1"/><G26/><REACH who="3" ten="230,201,339,220" step="2"/><T64/><D70/><U22/><E1/><V114/><F114/><W97/><G97/><T40/><D68/><U113/><E3/><V134/><F134/><W14/><G14/><T110/><D110/><U72/><E113/><V30/><F99/><W33/><G33/><T88/><D111/><U127/><E125/><V90/><F69/><W103/><G103/><T118/><D118/><U61/><E127/><V4/><F13/><W76/><G76/><T18/><D129/><U57/><E128/><V116/><F116/><W7/><G7/><T112/><D130/><U115/><E15/><V94/><F4/><W78/><G78/><T131/><D131/><U91/><E115/><V62/><REACH who="2" step="1"/><F30/><REACH who="2" ten="230,201,329,220" step="2"/><W55/><G55/><T108/><D108/><U54/><E54/><V126/><F126/><W50/><G50/><T29/><D112/><U85/><E51/><V11/><F11/><W25/><G25/><T132/><D132/><U41/><E8/><V21/><F21/><W60/><G60/><T63/><D38/><U5/><E10/><V102/><F102/><W93/><G93/><AGARI ba="0,2" hai="12,16,23,37,42,46,58,62,65,82,84,90,93,94" machi="93" ten="40,7700,0" yaku="1,1,52,1,54,1,53,0" doraHai="56" doraHaiUra="24" who="2" fromWho="3" sc="230,0,201,0,329,97,220,-77" /><INIT seed="2,1,0,5,5,52" ten="230,201,426,143" oya="2" hai0="36,47,86,43,106,56,122,24,126,92,123,14,18" hai1="30,73,1,27,91,8,70,120,55,34,129,90,121" hai2="26,103,15,72,60,116,19,13,109,118,69,53,113" hai3="51,108,46,97,20,5,82,130,134,12,41,107,102"/><V119/><F72/><W33/><G33/><T40/><D106/><U2/><E73/><V115/><F103/><W11/><G108/><T4/><D4/><U48/><E70/><V39/><F39/><W29/><G134/><T54/><D40/><U93/><E129/><V78/><F78/><W66/><G130/><T6/><D126/><U49/><E90/><V9/><F69/><W79/><G66/><T38/><D6/><U50/><E55/><V57/><F109/><W112/><G29/><T59/><D24/><U128/><E128/><V77/><F77/><W114/><REACH who="3" step="1"/><G20/><REACH who="3" ten="230,201,426,133" step="2"/><T98/><D123/><N who="1" m="47179" /><E8/><V135/><F135/><W74/><AGARI ba="1,1" hai="5,11,12,41,46,51,74,79,82,97,102,107,112,114" machi="74" ten="30,2000,0" yaku="1,1,0,1,53,0" doraHai="52" doraHaiUra="124" who="3" fromWho="3" sc="230,-6,201,-6,426,-11,133,33" /><INIT seed="3,0,0,1,1,86" ten="224,195,415,166" oya="3" hai0="83,131,29,115,26,110,57,63,79,114,11,96,49" hai1="135,45,69,126,87,132,4,20,121,134,108,88,97" hai2="52,123,66,64,28,51,46,24,102,61,129,60,105" hai3="15,76,130,62,40,111,128,93,125,91,22,8,100"/><W120/><G120/><T21/><D110/><U118/><E121/><V25/><F129/><N who="3" m="49771" /><G111/><T116/><D116/><U48/><E108/><V32/><F24/><W6/><G125/><T65/><D131/><U43/><E126/><V19/><F123/><W3/><G76/><T103/><D11/><U78/><E118/><V58/><F19/><N who="3" m="10623" /><G100/><T77/><D49/><U82/><E69/><V90/><F102/><W1/><G40/><T101/><D101/><U50/><E4/><V75/><F75/><W113/><G62/><T104/><REACH who="0" step="1"/><D77/><REACH who="0" ten="214,195,415,166" step="2"/><U27/><E50/><V95/><F105/><W12/><G113/><T7/><D7/><U72/><E97/><AGARI ba="0,1" hai="1,3,6,8,12,91,93,97" m="10623,49771" machi="97" ten="30,2900,0" yaku="19,1,52,1" doraHai="86" who="3" fromWho="1" sc="214,0,195,-29,415,0,166,39" /><INIT seed="3,1,0,2,5,96" ten="214,166,415,205" oya="3" hai0="61,48,7,104,26,132,11,8,23,41,0,22,3" hai1="97,107,35,128,62,1,6,120,60,74,122,121,112" hai2="66,99,131,105,130,78,67,50,85,109,14,135,123" hai3="33,77,90,116,38,10,89,46,39,83,92,19,52"/><W55/><G33/><T82/><D132/><U108/><E74/><V110/><F135/><W34/><G34/><T37/><D104/><U88/><E35/><V54/><F123/><W95/><G116/><T13/><D61/><U21/><E108/><N who="2" m="41579" /><F14/><W25/><G39/><T58/><D37/><U24/><E112/><V79/><F85/><W59/><G38/><T102/><D82/><U101/><E128/><N who="2" m="49195" /><F99/><W91/><G46/><T20/><D58/><U117/><E117/><V42/><F105/><W31/><G55/><T75/><D75/><U45/><E45/><V87/><F42/><W49/><G19/><T127/><D41/><U111/><E111/><V98/><F98/><W63/><G10/><T86/><D11/><U70/><E70/><V5/><F5/><W94/><G25/><T100/><D3/><U126/><E88/><V73/><F87/><N who="3" m="52287" /><G31/><T17/><D0/><U93/><E107/><V81/><F79/><W124/><G124/><T51/><D127/><U4/><E126/><V69/><F69/><W125/><G125/><T103/><D86/><U114/><E114/><V57/><AGARI ba="1,0" hai="50,54,57,66,67,73,78,81" m="49195,41579" machi="57" ten="30,2000,0" yaku="14,1,19,1" doraHai="96" who="2" fromWho="2" sc="214,-6,166,-6,415,23,205,-11" /><INIT seed="4,0,0,5,5,127" ten="208,160,438,194" oya="0" hai0="101,52,18,132,34,130,37,100,11,135,4,115,86" hai1="31,112,44,33,129,16,70,5,91,82,98,90,14" hai2="71,134,85,125,74,99,45,9,76,103,67,95,23" hai3="10,92,68,121,50,124,24,17,12,118,88,69,78"/><T73/><D73/><U2/><E70/><V42/><F125/><W64/><G118/><T53/><D37/><U55/><E112/><V62/><F134/><N who="0" m="51242" /><D34/><U113/><E113/><V61/><F74/><W120/><G64/><T87/><D18/><U35/><E2/><V126/><F126/><W21/><G124/><T6/><D115/><U39/><E5/><N who="0" m="2153" /><D130/><U22/><E129/><V40/><F62/><W19/><G78/><T131/><D11/><U80/><E31/><V43/><F9/><W13/><G24/><T60/><D131/><U25/><E33/><V0/><F0/><W122/><REACH who="3" step="1"/><G50/><REACH who="3" ten="208,160,438,184" step="2"/><T36/><D36/><U57/><E25/><V41/><F76/><W27/><G27/><T128/><D128/><U97/><E35/><V59/><F67/><W96/><AGARI ba="0,1" hai="10,12,13,17,19,21,68,69,88,92,96,120,121,122" machi="96" ten="30,7900,0" yaku="1,1,0,1,13,1,54,1,53,0" doraHai="127" doraHaiUra="83" who="3" fromWho="3" sc="208,-39,160,-20,438,-20,184,89" /><INIT seed="5,0,0,0,2,52" ten="169,140,418,273" oya="1" hai0="107,43,39,37,12,16,123,61,60,66,80,4,111" hai1="17,104,48,27,94,119,127,54,97,133,63,59,18" hai2="130,86,90,75,34,118,93,45,78,124,68,24,64" hai3="69,49,100,56,135,28,70,53,36,126,120,20,128"/><U42/><E119/><V113/><F118/><W129/><G100/><T134/><D107/><U33/><E133/><V88/><F124/><W79/><G120/><T55/><D111/><U122/><E127/><V103/><F103/><W29/><G126/><T132/><D4/><U71/><E104/><V25/><F130/><N who="3" m="50283" /><G36/><T89/><D123/><U5/><E5/><V11/><F113/><W72/><G20/><T40/><D80/><U106/><E106/><V47/><F11/><W87/><G72/><T10/><D89/><U7/><E7/><V38/><F90/><W50/><G49/><T32/><D32/><U115/><E122/><V31/><F24/><W84/><G84/><T114/><D114/><U23/><E33/><V44/><F64/><W98/><G98/><T9/><D66/><U76/><E76/><V30/><F30/><N who="3" m="11883" /><G135/><T85/><D85/><U81/><E115/><V95/><F95/><W65/><G65/><T96/><D96/><U67/><E81/><AGARI ba="0,0" hai="50,53,56,69,70,79,81,87" m="11883,50283" machi="81" ten="30,2000,0" yaku="19,1,52,1" doraHai="52" who="3" fromWho="1" sc="169,0,140,-20,418,0,273,20" /><INIT seed="6,0,0,2,4,50" ten="169,120,418,293" oya="2" hai0="104,5,67,72,58,56,131,86,52,40,66,25,7" hai1="60,65,128,30,112,22,8,116,35,82,78,110,34" hai2="37,64,95,132,20,53,94,14,76,33,89,99,100" hai3="9,26,38,92,109,134,23,42,43,11,62,13,1"/><V127/><F33/><W12/><G109/><T115/><D72/><U61/><E110/><V36/><F127/><W75/><G75/><T103/><D115/><U107/><E107/><V49/><F64/><N who="0" m="24618" /><D104/><U41/><E116/><V88/><F76/><W18/><G1/><T28/><D131/><U91/><E112/><V119/><F132/><W125/><G38/><T55/><D40/><U96/><E41/><V111/><F119/><W2/><G2/><T84/><D103/><U45/><E45/><V120/><F120/><W101/><G134/><T113/><D25/><U19/><E128/><V47/><F100/><W106/><G106/><T81/><D28/><U10/><E30/><V69/><F69/><W32/><G62/><N who="1" m="24170" /><E34/><V59/><F47/><W85/><G32/><T46/><D46/><U121/><E35/><V54/><F111/><W83/><G125/><T16/><D16/><U108/><E65/><V117/><F117/><W3/><G3/><T24/><D24/><N who="1" m="14431" /><E108/><V90/><F36/><W39/><G43/><T114/><D114/><U51/><E51/><N who="2" m="31167" /><F37/><W130/><G42/><T0/><D0/><U48/><E48/><V123/><F123/><W129/><G39/><T27/><D113/><U71/><E71/><V70/><F70/><W79/><G130/><T93/><D27/><U57/><E57/><N who="2" m="32975" /><F95/><W122/><G129/><T29/><D58/><U77/><E121/><V74/><F74/><W68/><G68/><T21/><D56/><U124/><E124/><V102/><F102/><W6/><G122/><T133/><D133/><U15/><E82/><V17/><AGARI ba="0,0" hai="14,17,20,88,89,90,94,99" m="32975,31167" machi="17" ten="30,12000,1" yaku="5,1,8,1,52,2,54,1" doraHai="50" who="2" fromWho="2" sc="169,-40,120,-40,418,120,293,-40" /><INIT seed="6,1,0,3,3,56" ten="129,80,538,253" oya="2" hai0="1,46,115,22,93,31,59,96,38,94,104,116,5" hai1="90,133,33,126,28,0,91,39,100,20,73,43,41" hai2="97,19,102,51,124,112,14,132,134,25,92,7,72" hai3="103,65,69,99,32,111,78,2,15,23,120,63,121"/><V125/><F72/><W130/><G2/><T95/><D115/><U34/><E73/><V77/><F77/><W24/><G111/><T105/><D116/><U113/><E0/><V122/><F112/><W62/><G130/><T117/><D117/><U21/><E113/><V81/><F81/><W61/><G78/><T98/><D5/><U17/><E100/><V64/><F122/><N who="3" m="47211" /><G23/><T131/><D1/><U11/><E11/><V52/><F64/><W30/><G15/><T44/><D131/><U6/><E6/><V85/><F85/><W58/><G58/><T13/><D38/><U74/><E74/><V48/><F7/><W129/><G129/><T40/><D40/><U84/><E39/><V42/><F25/><W118/><G118/><T3/><D3/><U12/><E126/><N who="2" m="48747" /><F42/><N who="1" m="15881" /><E133/><N who="2" m="51307" /><F52/><W53/><G53/><T71/><D98/><U75/><E75/><V109/><F109/><W37/><G37/><T10/><D96/><U50/><E84/><V82/><F82/><W110/><G110/><T67/><D67/><U114/><E114/><V60/><F60/><W128/><G128/><T9/><D104/><AGARI ba="1,0" hai="24,30,32,61,62,63,65,69,99,103,104" m="47211" machi="104" ten="30,7700,0" yaku="25,1,52,3" doraHai="56" who="3" fromWho="0" sc="129,-80,80,0,538,0,253,80" /><INIT seed="7,0,0,5,1,37" ten="49,80,538,333" oya="3" hai0="25,38,6,119,110,78,70,43,105,95,17,34,11" hai1="53,15,75,117,91,123,67,86,48,57,19,23,129" hai2="107,89,116,82,106,55,12,10,47,126,130,79,93" hai3="69,50,36,108,20,60,109,44,134,66,68,56,135"/><W27/><G20/><T24/><D110/><N who="3" m="42601" /><G36/><T8/><D119/><U77/><E129/><V121/><F130/><W100/><G27/><T32/><D70/><U33/><E33/><V84/><F121/><W2/><G2/><T51/><D38/><U102/><E102/><V26/><F116/><W80/><G100/><T28/><D105/><U111/><E111/><V13/><F26/><W90/><G90/><T3/><D78/><U21/><E123/><V14/><F10/><W35/><G35/><T131/><D95/><N who="1" m="54775" /><E75/><V98/><F126/><W54/><G80/><T88/><D88/><U40/><E77/><V81/><F81/><W120/><G120/><T46/><D131/><U115/><E115/><V42/><REACH who="2" step="1"/><F55/><REACH who="2" ten="49,80,528,333" step="2"/><W96/><G96/><T112/><D112/><U45/><E117/><V7/><F7/><W18/><G18/><T113/><D113/><U73/><E67/><V85/><F85/><W29/><G29/><T16/><D11/><N who="1" m="6655" /><E73/><V62/><F62/><AGARI ba="0,1" hai="21,23,40,45,48,53,57,62" m="6655,54775" machi="62" ten="30,2000,0" yaku="8,1,52,1" doraHai="37" who="1" fromWho="2" sc="49,0,80,30,528,-20,333,0" owari="49,-45.1,110,-29.0,508,60.8,333,13.3" /></mjloggm>