<mjloggm ver="2.3"><GO type="169" lobby="0"/><UN n0="%64%72%61%65%74%63" n1="%48%65%69%7A%6F" n2="%E5%A4%A9%E5%AE%89%E9%96%80%E5%BF%98%E5%8D%B4" n3="%E3%81%82%E3%81%84%E3%81%93%E3%81%99" dan="16,16,16,16" rate="2141.34,2060.61,2059.85,2087.21" sx="M,M,M,M"/><TAIKYOKU oya="0"/><INIT seed="0,0,0,3,1,105" ten="250,250,250,250" oya="0" hai0="98,12,134,59,101,135,99,83,24,132,68,8,72" hai1="44,3,25,73,111,124,78,125,11,131,85,109,6" hai2="120,108,107,38,5,113,34,100,114,49,17,39,80" hai3="47,56,23,70,2,112,61,77,13,97,55,7,69"/><T14/><D68/><U32/><E85/><V16/><F120/><W65/><G112/><T15/><D8/><U66/><E66/><V54/><F34/><W1/><G70/><T10/><D10/><U57/><E57/><V48/><F108/><N who="1" m="41545" /><E44/><V89/><F5/><W96/><G77/><N who="0" m="44455" /><D24/><U91/><E91/><V115/><F107/><W30/><G1/><T133/><N who="0" m="33792" /><DORA hai="43" /><T121/><D121/><U36/><E36/><V62/><F39/><W117/><G2/><T126/><D126/><U42/><E42/><V110/><F38/><W51/><G7/><T82/><D82/><N who="1" m="45391" /><E131/><V92/><F114/><W9/><G9/><T63/><D101/><U31/><AGARI ba="0,0" hai="3,6,11,25,31,32,124,125" m="45391,41545" machi="31" ten="30,4000,0" yaku="14,1,23,1,52,1" doraHai="105,43" who="1" fromWho="1" sc="250,-20,250,40,250,-10,250,-10" /><INIT seed="1,0,0,1,3,95" ten="230,290,240,240" oya="1" hai0="63,119,58,78,110,62,82,23,80,3,135,92,74" hai1="86,125,72,24,116,16,66,71,27,32,133,103,44" hai2="47,13,51,1,87,67,2,107,84,83,7,43,50" hai3="54,34,109,61,31,124,19,49,98,64,6,79,94"/><U96/><E72/><V22/><F107/><W69/><G109/><T20/><D3/><U134/><E125/><V15/><F67/><W46/><G124/><T76/><D110/><U25/><E44/><V123/><F123/><W97/><G6/><T0/><D0/><U52/><E32/><V57/><F22/><W100/><G79/><T126/><D126/><U55/><E86/><V122/><F122/><W90/><G19/><T68/><D135/><N who="1" m="51723" /><E116/><V33/><F33/><W129/><G129/><T42/><D42/><U113/><E113/><V17/><F84/><W10/><G10/><T88/><D68/><U5/><E5/><V121/><F7/><W89/><G34/><T101/><D101/><U128/><E128/><V39/><F39/><W70/><G31/><T91/><D119/><U104/><E71/><V112/><F121/><W102/><REACH who="3" step="1"/><G70/><REACH who="3" ten="230,290,240,230" step="2"/><T60/><D58/><U53/><E66/><V73/><F17/><AGARI ba="0,1" hai="16,17,24,25,27,52,53,55,96,103,104" m="51723" machi="17" ten="40,12000,1" yaku="20,1,52,1,54,2" doraHai="95" who="1" fromWho="2" sc="230,0,290,130,240,-120,230,0" /><INIT seed="1,1,0,4,1,103" ten="230,420,120,230" oya="1" hai0="39,51,135,89,66,119,131,42,101,24,124,8,108" hai1="43,67,57,21,72,10,19,86,52,125,54,4,120" hai2="20,71,5,34,62,116,105,26,47,123,99,82,35" hai3="53,134,77,95,76,127,29,81,91,25,69,122,23"/><U6/><E72/><V132/><F116/><W50/><G122/><T63/><D108/><U121/><E43/><V75/><F123/><W2/><G134/><T83/><D119/><U79/><E125/><V110/><F110/><W22/><G127/><T88/><D39/><U37/><E37/><V85/><F75/><W114/><G114/><T14/><D131/><U130/><E130/><V33/><F5/><N who="1" m="2153" /><E10/><V70/><F47/><W17/><G2/><T16/><D135/><U46/><E46/><V49/><F49/><W93/><G81/><T109/><D109/><U0/><E0/><V44/><F44/><W40/><G40/><T96/><D124/><U102/><E102/><V98/><F132/><W61/><G61/><T58/><D83/><N who="1" m="47487" /><E121/><V68/><F62/><W78/><G69/><T45/><REACH who="0" step="1"/><D24/><REACH who="0" ten="220,420,120,230" step="2"/><N who="1" m="14399" /><E120/><V117/><F117/><W80/><G80/><T31/><D31/><U38/><E38/><V11/><F26/><N who="3" m="14671" /><G91/><T48/><D48/><U1/><E1/><V73/><F82/><W36/><G36/><T133/><D133/><U56/><E56/><AGARI ba="1,1" hai="23,25,29,50,53,56,76,77,78,93,95" m="14671" machi="56" ten="30,1000,0" yaku="8,1" doraHai="103" who="3" fromWho="1" sc="220,0,420,-13,120,0,230,23" /><INIT seed="2,0,0,1,5,81" ten="220,407,120,253" oya="2" hai0="11,62,128,117,84,126,96,94,132,38,86,107,26" hai1="92,77,1,105,87,7,65,4,16,32,99,22,30" hai2="101,24,46,14,82,79,83,42,58,122,110,129,116" hai3="90,41,125,35,8,28,134,54,50,52,31,133,23"/><V74/><F116/><W120/><G120/><T118/><D38/><U45/><E105/><V40/><F122/><W102/><G102/><T48/><D107/><U75/><E75/><V121/><F121/><W20/><G35/><T12/><D126/><U135/><E135/><V57/><F129/><W17/><G8/><T19/><D132/><N who="3" m="50793" /><G41/><T29/><D128/><U93/><E32/><V56/><F101/><W113/><G125/><T13/><D13/><U78/><E30/><N who="3" m="11306" /><G23/><T9/><D9/><U111/><E111/><V44/><F110/><W72/><G72/><T104/><D104/><U61/><E45/><V2/><F2/><W55/><G90/><T115/><D115/><U33/><E33/><V95/><F40/><W15/><G113/><T51/><D62/><U98/><E78/><V108/><F108/><W36/><G36/><T112/><D112/><U59/><E77/><V10/><F24/><W63/><G63/><T97/><D97/><U109/><E98/><V53/><F42/><W5/><G5/><T6/><D6/><U106/><E106/><V103/><F74/><W100/><G100/><N who="0" m="60439" /><D51/><AGARI ba="0,0" hai="15,17,20,50,51,52,54,55" m="11306,50793" machi="51" ten="40,2600,0" yaku="20,1,54,1" doraHai="81" who="3" fromWho="0" sc="220,-26,407,0,120,0,253,26" /><INIT seed="3,0,0,3,4,135" ten="194,407,120,279" oya="3" hai0="97,58,2,60,66,52,92,17,69,121,91,112,46" hai1="33,59,116,83,120,7,24,8,67,54,47,41,79" hai2="25,100,119,127,117,78,30,102,72,75,113,26,104" hai3="106,61,71,77,103,98,28,50,63,40,29,128,95"/><W111/><G128/><T55/><D121/><U56/><E67/><V34/><F113/><W84/><G111/><T134/><D134/><U86/><E33/><V76/><F34/><W131/><G131/><T125/><D2/><U122/><E24/><V85/><F85/><W70/><G70/><T0/><D0/><U129/><E116/><V65/><F65/><W42/><G71/><T99/><D112/><U133/><E133/><V14/><F14/><W109/><G109/><T53/><D125/><U43/><E43/><N who="3" m="16426" /><G50/><T89/><D17/><U19/><E19/><V36/><F30/><N who="3" m="11883" /><G106/><T32/><D32/><U123/><E129/><V62/><F62/><W64/><G64/><T12/><D12/><N who="1" m="5151" /><E54/><V11/><F104/><W126/><G126/><T68/><D46/><U114/><E114/><V1/><F1/><W9/><G9/><T124/><D124/><U88/><E122/><V93/><F127/><W107/><G107/><T90/><D99/><U23/><E23/><V6/><F11/><W44/><G44/><T31/><D31/><U105/><E105/><V57/><F117/><W16/><G16/><T74/><REACH who="0" step="1"/><D74/><REACH who="0" ten="184,407,120,279" step="2"/><U10/><E123/><V130/><F75/><W39/><G39/><T13/><D13/><U87/><E120/><V48/><F36/><W80/><AGARI ba="0,1" hai="61,63,77,80,84,95,98,103" m="11883,16426" machi="80" ten="30,1500,0" yaku="8,1" doraHai="135" who="3" fromWho="3" sc="184,-5,407,-5,120,-5,279,25" /><INIT seed="3,1,0,4,4,33" ten="179,402,115,304" oya="3" hai0="52,37,132,123,102,113,125,18,35,117,14,61,78" hai1="69,3,133,127,92,57,0,105,82,124,118,11,100" hai2="99,49,103,95,27,31,107,32,36,55,64,5,9" hai3="134,13,111,41,44,75,126,70,79,6,23,83,62"/><W114/><G114/><T77/><D37/><U119/><E69/><V12/><F36/><W130/><G126/><N who="1" m="48170" /><E105/><V91/><F64/><W51/><G134/><T26/><D125/><U89/><E100/><V16/><F5/><W71/><G130/><T42/><D42/><U65/><E82/><V40/><F40/><W63/><G111/><T93/><D117/><N who="1" m="44555" /><E11/><V72/><F72/><W54/><G63/><T22/><D123/><U88/><E133/><V28/><F28/><W48/><G62/><T38/><D38/><U109/><E109/><V66/><F66/><W7/><G71/><T24/><D113/><U47/><E47/><V8/><F8/><W4/><G70/><T2/><D132/><U39/><E39/><V128/><F128/><W131/><G131/><T68/><D68/><U116/><E89/><V104/><REACH who="2" step="1"/><F103/><REACH who="2" ten="179,402,105,304" step="2"/><W56/><G23/><T87/><D102/><U25/><E116/><V30/><F30/><W50/><G41/><T43/><D43/><U34/><E65/><V15/><F15/><W101/><G101/><T122/><D122/><U110/><E110/><V73/><F73/><W96/><G13/><T10/><D35/><U115/><E115/><V59/><AGARI ba="1,1" hai="9,12,16,27,31,32,49,55,59,91,95,99,104,107" machi="59" ten="20,5200,0" yaku="1,1,0,1,7,1,54,1,53,0" doraHai="33" doraHaiUra="58" who="2" fromWho="2" sc="179,-14,402,-14,105,65,304,-27" /><INIT seed="4,0,0,4,4,8" ten="165,388,170,277" oya="0" hai0="49,122,82,60,73,132,11,133,29,53,72,65,105" hai1="71,43,89,56,44,27,47,57,66,111,19,99,36" hai2="58,39,104,115,55,1,70,68,42,16,6,32,4" hai3="75,41,14,35,5,81,87,0,26,31,126,23,84"/><T95/><D105/><U80/><E47/><V78/><F104/><W120/><G126/><T74/><D122/><U118/><E118/><V134/><F32/><W135/><G135/><N who="0" m="51787" /><D29/><U79/><E71/><V125/><F134/><W112/><G112/><T15/><D95/><U37/><E66/><V127/><F115/><W24/><G120/><T109/><D82/><U128/><E37/><V50/><F78/><W107/><G107/><T3/><D3/><U10/><E111/><V101/><F101/><W124/><G124/><N who="2" m="47689" /><F16/><N who="3" m="10647" /><G26/><T103/><D103/><U28/><E89/><V30/><F30/><W85/><G75/><T34/><D34/><U91/><E99/><V90/><F90/><N who="3" m="51471" /><G41/><T33/><D33/><U59/><E91/><V123/><F123/><W13/><G13/><T45/><D109/><U9/><E27/><V116/><F116/><W83/><G83/><T20/><D20/><U61/><E28/><V114/><F114/><W92/><G92/><T96/><D96/><U62/><E80/><V48/><F1/><W86/><G87/><T52/><D65/><U93/><E93/><V67/><F67/><W18/><G18/><N who="0" m="8575" /><D60/><U106/><E19/><V40/><F4/><W12/><G12/><T69/><D69/><U130/><E62/><V51/><F6/><W46/><G86/><T98/><D98/><U121/><E61/><N who="2" m="36063" /><F39/><W94/><G0/><T25/><D25/><U64/><E121/><V108/><F108/><W97/><G5/><T119/><D119/><U102/><E102/><V21/><F21/><W88/><G97/><T131/><D131/><N who="1" m="50219" /><E106/><V7/><F7/><RYUUKYOKU ba="0,0" sc="165,10,388,-30,170,10,277,10" hai0="45,49,52,53,72,73,74" hai2="40,42,48,50,51,68,70" hai3="24,31,35,46,85,88,94" /><INIT seed="4,1,0,5,3,123" ten="175,358,180,287" oya="0" hai0="78,119,52,103,61,49,47,64,39,84,43,112,109" hai1="75,33,54,132,21,27,63,30,25,24,73,98,85" hai2="88,76,92,120,7,116,96,31,135,3,107,13,42" hai3="4,114,97,6,22,9,94,53,130,83,20,129,86"/><T124/><D112/><U111/><E111/><V56/><F120/><W134/><G114/><T91/><D119/><U117/><E117/><V62/><F3/><W51/><G134/><T77/><D124/><U133/><E25/><V28/><F135/><N who="1" m="51785" /><E85/><V108/><F108/><W1/><G4/><T127/><D103/><U14/><E14/><V87/><F42/><W99/><G22/><T17/><D17/><N who="1" m="12335" /><E98/><V90/><F76/><W41/><G20/><T60/><D127/><U10/><E10/><N who="2" m="4319" /><F107/><W131/><G41/><T69/><D61/><U23/><E33/><V2/><F2/><W80/><G86/><T74/><D74/><U122/><E122/><V70/><F70/><W36/><G36/><T104/><D104/><U35/><E35/><V126/><F126/><W101/><G99/><T11/><D11/><U82/><E82/><N who="2" m="49271" /><F116/><W40/><REACH who="3" step="1"/><G40/><REACH who="3" ten="175,358,180,277" step="2"/><T81/><REACH who="0" step="1"/><D109/><REACH who="0" ten="165,358,180,277" step="2"/><U93/><E75/><V26/><F26/><W72/><G72/><T29/><D29/><U65/><E73/><V66/><AGARI ba="1,2" hai="28,31,56,62,66,90,92,96" m="49271,4319" machi="66" ten="30,2000,0" yaku="8,1,54,1" doraHai="123" who="2" fromWho="2" sc="165,-11,358,-6,180,43,277,-6" /><INIT seed="5,0,0,1,5,106" ten="154,352,223,271" oya="1" hai0="81,27,130,60,3,118,85,7,72,63,25,47,100" hai1="88,89,92,42,120,15,108,135,74,48,133,93,131" hai2="97,9,119,32,128,61,59,28,18,117,0,75,14" hai3="86,71,122,24,104,17,31,91,12,125,129,82,58"/><U44/><E120/><V52/><F128/><W76/><G122/><T11/><D118/><U49/><E15/><V2/><F75/><W123/><G129/><T80/><D130/><U4/><E4/><V101/><F32/><W37/><G71/><T55/><D100/><U19/><E19/><V114/><F28/><W69/><G69/><T39/><D81/><U67/><E67/><V21/><F114/><W90/><G104/><T35/><D85/><U70/><E70/><V126/><F126/><W96/><G37/><T121/><D121/><U29/><E29/><V78/><F78/><W102/><G125/><T103/><D103/><U26/><E26/><V23/><F23/><W115/><G115/><T73/><D55/><U134/><E74/><V107/><REACH who="2" step="1"/><F21/><REACH who="2" ten="154,352,213,271" step="2"/><W56/><G31/><T46/><D73/><U110/><E131/><V30/><F30/><W111/><G76/><T54/><D35/><U22/><E22/><V20/><F20/><W68/><G24/><T45/><D27/><U5/><E108/><V38/><F38/><W95/><G111/><T113/><D25/><U13/><E110/><V64/><F64/><W50/><G123/><T66/><D66/><U83/><E133/><V65/><F65/><W57/><G68/><T6/><D113/><U124/><E124/><V127/><F127/><W53/><G102/><T51/><D39/><U40/><E134/><V77/><F77/><W112/><G112/><T98/><D72/><U116/><E135/><V36/><F36/><W43/><G43/><T41/><D41/><U33/><E40/><V16/><F16/><RYUUKYOKU ba="0,1" sc="154,-15,352,-15,213,15,271,15" hai2="0,2,9,14,18,52,59,61,97,101,107,117,119" hai3="12,17,50,53,56,57,58,82,86,90,91,95,96" /><INIT seed="6,1,1,1,1,117" ten="139,337,228,286" oya="2" hai0="1,53,71,36,51,18,69,100,50,29,70,13,125" hai1="131,14,8,80,98,121,5,130,30,16,91,56,102" hai2="45,120,23,43,132,99,127,31,104,25,64,89,34" hai3="28,114,74,49,3,39,81,47,41,27,2,52,119"/><V67/><F127/><W57/><G119/><T116/><D1/><U115/><E30/><V133/><F34/><W26/><G26/><T97/><D36/><U4/><E115/><V46/><F46/><W112/><G81/><T118/><D125/><U42/><E42/><V19/><F19/><W96/><G74/><T6/><D6/><U20/><E56/><V55/><F55/><W22/><REACH who="3" step="1"/><G96/><REACH who="3" ten="139,337,228,276" step="2"/><T21/><D29/><U58/><E80/><V87/><F99/><W93/><G93/><T66/><D66/><U37/><E98/><V11/><F25/><W111/><G111/><T85/><D85/><U35/><E130/><V59/><F67/><W72/><G72/><T83/><D83/><U17/><E131/><V48/><F64/><W94/><G94/><T75/><D75/><U95/><E95/><V124/><F87/><W63/><G63/><T106/><REACH who="0" step="1"/><D50/><REACH who="0" ten="129,337,228,276" step="2"/><U86/><E86/><V101/><F48/><W62/><G62/><T92/><D92/><U105/><E37/><V126/><F126/><W7/><G7/><T128/><D128/><U113/><E5/><V0/><F124/><W68/><G68/><T10/><D10/><U135/><E8/><V32/><F11/><W134/><G134/><T84/><D84/><U109/><E135/><V122/><F133/><W15/><G15/><T110/><D110/><U78/><E14/><V12/><F12/><W60/><G60/><T40/><D40/><U129/><E4/><V73/><F132/><W88/><G88/><T108/><D108/><U44/><E91/><V9/><F43/><W33/><G33/><RYUUKYOKU ba="1,3" sc="129,15,337,-15,228,-15,276,15" hai0="13,18,21,51,53,69,70,71,97,100,106,116,118" hai3="2,3,22,27,28,39,41,47,49,52,57,112,114" /><INIT seed="7,2,3,3,4,59" ten="144,322,213,291" oya="3" hai0="90,61,0,60,121,62,1,25,85,17,110,22,104" hai1="80,91,132,129,117,114,135,69,130,95,134,125,21" hai2="29,67,3,68,112,86,37,53,58,88,56,108,83" hai3="81,73,23,133,98,45,75,49,7,66,50,94,51"/><W20/><G133/><T13/><D104/><U41/><E114/><V105/><F108/><W39/><G7/><T12/><D110/><U70/><E80/><V111/><F111/><W9/><G9/><T118/><D118/><U33/><E33/><V19/><F3/><W93/><G66/><T2/><REACH who="0" step="1"/><D121/><REACH who="0" ten="134,322,213,291" step="2"/><U127/><E117/><V38/><F105/><W122/><G122/><T99/><D99/><N who="1" m="57855" /><E41/><V126/><F112/><W44/><G98/><T128/><D128/><N who="1" m="49259" /><E21/><V10/><F126/><AGARI ba="2,4" hai="69,70,125,126,127,132,134,135" m="49259,57855" machi="126" ten="40,32000,5" yakuman="39" doraHai="59" who="1" fromWho="2" sc="134,0,322,366,213,-326,291,0" owari="134,-26.6,688,78.8,-113,-61.3,291,9.1" /></mjloggm>