<mjloggm ver="2.3"><GO type="169" lobby="0"/><UN n0="%E3%81%8B%E3%81%A3%E9%A3%9B%E3%81%B0%E3%81%9B%E5%85%A8%E9%83%A8" n1="%6A%61%63%6F%62%69%33%35" n2="%E6%9E%95%E9%AD%9A" n3="%E3%81%84%E3%81%AC%E3%81%A6%E3%82%93" dan="17,17,16,16" rate="2180.11,2128.17,2108.62,2063.39" sx="M,M,F,M"/><TAIKYOKU oya="0"/><INIT seed="0,0,0,2,2,105" ten="250,250,250,250" oya="0" hai0="31,6,117,19,87,120,50,42,71,54,68,28,70" hai1="61,76,58,20,48,57,116,103,123,121,78,75,16" hai2="3,129,69,79,86,64,18,80,66,35,82,101,130" hai3="5,99,10,106,112,55,95,30,22,51,114,133,131"/><T102/><D117/><U89/><E116/><V111/><F35/><W127/><G106/><T17/><D120/><U84/><E103/><V56/><F3/><W85/><G131/><N who="2" m="50185" /><F69/><W13/><G133/><T65/><D65/><U108/><E108/><V126/><F56/><W52/><G127/><T67/><D67/><U25/><E58/><V96/><F18/><W119/><G119/><T118/><D118/><U53/><E61/><V94/><F64/><W7/><G7/><T24/><D102/><U49/><E49/><V8/><F8/><W73/><G73/><T41/><D6/><U83/><REACH who="1" step="1"/><E78/><REACH who="1" ten="250,240,250,250" step="2"/><N who="2" m="46359" /><F66/><W100/><G55/><T107/><D71/><U36/><E36/><V47/><F47/><W132/><G132/><T39/><D70/><U37/><E37/><V122/><F122/><W45/><REACH who="3" step="1"/><G85/><REACH who="3" ten="250,240,250,240" step="2"/><T46/><D87/><U33/><E33/><V62/><F126/><W115/><G115/><T23/><D54/><U26/><E26/><AGARI ba="0,2" hai="5,10,13,22,26,30,45,51,52,95,99,100,112,114" machi="26" ten="40,2600,0" yaku="1,1,54,1,53,0" doraHai="105" doraHaiUra="60" who="3" fromWho="1" sc="250,0,240,-26,250,0,240,46" /><INIT seed="1,0,0,1,1,4" ten="250,214,250,286" oya="1" hai0="111,2,6,122,49,99,14,85,3,113,83,95,68" hai1="5,115,1,41,60,96,38,93,11,100,29,47,21" hai2="89,80,131,70,123,81,101,44,135,15,24,132,12" hai3="48,40,57,112,62,109,133,74,32,20,54,129,36"/><U82/><E115/><V35/><F123/><W58/><G32/><T86/><D113/><U69/><E69/><V66/><F131/><W19/><G74/><T75/><D68/><U10/><E60/><N who="2" m="40263" /><F101/><W17/><G129/><T116/><D116/><U53/><E53/><V130/><F44/><W22/><G133/><N who="2" m="51273" /><F130/><W105/><G109/><T118/><D111/><U59/><E59/><V26/><F26/><W127/><G112/><T117/><D122/><U92/><E92/><V64/><F64/><W46/><G105/><T61/><D95/><U134/><E134/><V0/><F0/><W13/><G127/><T72/><D2/><U45/><E45/><V65/><F65/><W73/><G73/><T119/><D3/><U42/><E42/><V91/><F89/><W8/><G17/><T84/><D119/><U98/><E98/><V51/><F51/><W90/><G90/><T102/><D49/><U67/><E67/><AGARI ba="0,0" hai="8,13,19,20,22,36,40,46,48,54,57,58,62,67" machi="67" ten="30,2000,0" yaku="7,1,52,1" doraHai="4" who="3" fromWho="1" sc="250,0,214,-20,250,0,286,20" /><INIT seed="2,0,0,2,5,117" ten="250,194,250,306" oya="2" hai0="79,100,87,120,98,29,71,39,11,13,82,9,109" hai1="108,50,132,5,8,130,86,48,134,83,61,6,44" hai2="33,115,78,0,23,7,99,110,73,28,24,135,104" hai3="85,22,35,92,43,68,59,121,119,93,37,65,62"/><V114/><F78/><W49/><G35/><T16/><D109/><U34/><E108/><V107/><F110/><W18/><G119/><T76/><D71/><U128/><E34/><V17/><F73/><W42/><G42/><T55/><D39/><U70/><E70/><V97/><F97/><W47/><G85/><T3/><D29/><U67/><E61/><V129/><F99/><W1/><G1/><T41/><D41/><U32/><E32/><V57/><F57/><W14/><G121/><T69/><D69/><U103/><E67/><V122/><F129/><W80/><G80/><T63/><D120/><U26/><E26/><N who="2" m="18583" /><F122/><W96/><REACH who="3" step="1"/><G96/><REACH who="3" ten="250,194,250,296" step="2"/><T2/><D76/><U4/><E130/><V36/><F36/><W95/><G95/><T116/><D116/><U66/><E128/><V72/><F72/><W54/><AGARI ba="0,1" hai="14,18,22,37,43,47,49,54,59,62,65,68,92,93" machi="54" ten="30,8000,1" yaku="1,1,0,1,24,2,53,1" doraHai="117" doraHaiUra="64" who="3" fromWho="3" sc="250,-20,194,-20,250,-40,296,90" /><INIT seed="3,0,0,3,5,71" ten="230,174,210,386" oya="3" hai0="121,92,124,17,82,11,55,133,99,78,8,20,69" hai1="95,110,68,29,114,34,24,1,130,89,36,98,76" hai2="109,101,14,48,85,103,50,22,25,132,58,45,134" hai3="2,70,93,18,10,80,32,100,126,16,107,77,111"/><W4/><G32/><T119/><D119/><U47/><E110/><V97/><F109/><W118/><G70/><T83/><D121/><U53/><E68/><V63/><F14/><W62/><G118/><T41/><D69/><U42/><E130/><V81/><F132/><W87/><G111/><T72/><D133/><U26/><E1/><V0/><F0/><W131/><G62/><T67/><D67/><U129/><E129/><V37/><F37/><W30/><G30/><T125/><D83/><U51/><E76/><V46/><F46/><W135/><G126/><N who="0" m="48747" /><D55/><U113/><REACH who="1" step="1"/><E26/><REACH who="1" ten="230,164,210,386" step="2"/><V91/><F134/><W105/><G131/><T66/><D66/><U54/><E54/><V21/><F25/><W88/><G135/><T60/><D41/><U33/><E33/><V3/><F3/><W128/><G128/><T64/><D64/><U52/><E52/><V74/><F101/><W79/><G77/><T13/><D60/><U102/><E102/><AGARI ba="0,1" hai="8,11,13,17,20,72,78,82,92,99,102" m="48747" machi="102" ten="30,1000,0" yaku="18,1" doraHai="71" who="0" fromWho="1" sc="230,20,164,-10,210,0,386,0" /><INIT seed="4,0,0,5,4,94" ten="250,154,210,386" oya="0" hai0="97,79,123,117,71,110,67,18,42,82,86,106,93" hai1="125,92,25,118,132,29,63,32,100,90,134,52,73" hai2="101,109,1,66,65,7,83,84,102,119,127,126,0" hai3="9,27,128,48,40,33,72,87,111,2,89,75,55"/><T78/><D117/><U36/><E36/><V76/><F119/><W103/><G128/><T62/><D123/><U69/><E73/><V34/><F34/><W74/><G40/><T85/><D110/><U15/><E118/><V131/><F109/><W68/><G68/><T70/><D106/><U108/><E108/><V135/><F131/><W56/><G103/><N who="2" m="39433" /><F7/><W91/><G87/><T23/><D42/><U80/><E125/><N who="2" m="47627" /><F135/><W50/><G33/><T122/><D122/><U53/><E80/><V116/><F116/><W98/><G27/><T58/><D78/><U19/><E100/><V4/><F4/><W5/><G111/><T99/><D70/><U38/><E38/><V3/><AGARI ba="0,0" hai="0,1,3,65,66,76,83,84" m="47627,39433" machi="3" ten="40,1500,0" yaku="18,1" doraHai="94" who="2" fromWho="2" sc="250,-7,154,-4,210,15,386,-4" /><INIT seed="5,0,0,3,5,90" ten="243,150,225,382" oya="1" hai0="20,104,46,42,85,34,120,38,11,88,60,122,8" hai1="108,91,95,18,3,52,128,44,41,116,17,50,89" hai2="67,14,39,103,114,59,118,25,113,53,31,45,66" hai3="65,64,13,22,6,125,73,51,92,2,80,49,74"/><U99/><E3/><V119/><F103/><W28/><G125/><T12/><D34/><U130/><E116/><N who="2" m="44587" /><F14/><W56/><G2/><T105/><D20/><U4/><E4/><V10/><F25/><W96/><G73/><T132/><D132/><U86/><E108/><V71/><F10/><N who="0" m="3626" /><D60/><U9/><E41/><N who="2" m="22719" /><F31/><W94/><G28/><T58/><D58/><U27/><E9/><V131/><F131/><N who="1" m="50217" /><E27/><V107/><F107/><W62/><G6/><T23/><D23/><U37/><E37/><V15/><F15/><W63/><G22/><T70/><D70/><U36/><E36/><V117/><F117/><W47/><G13/><T123/><D12/><U79/><E79/><V78/><F78/><W111/><G111/><T40/><D40/><U134/><E134/><V81/><F81/><AGARI ba="0,0" hai="38,42,46,81,85,88,104,105,120,122,123" m="3626" machi="81" ten="30,2000,0" yaku="13,1,54,1" doraHai="90" who="0" fromWho="2" sc="243,20,150,0,225,-20,382,0" /><AGARI ba="0,0" hai="17,18,44,50,52,81,86,89,91,95,99" m="50217" machi="81" ten="30,5800,0" yaku="19,1,52,1,54,1" doraHai="90" who="1" fromWho="2" sc="263,0,150,58,205,-58,382,0" /><INIT seed="5,1,0,1,2,7" ten="263,208,147,382" oya="1" hai0="72,118,71,1,103,42,116,53,109,16,135,70,8" hai1="5,10,124,90,87,68,93,97,99,102,89,11,0" hai2="110,114,56,95,121,111,84,52,128,85,129,134,48" hai3="20,62,107,61,36,78,64,81,112,15,100,30,101"/><U58/><E124/><V88/><F121/><W25/><G36/><T14/><D109/><U125/><E125/><V65/><F134/><W82/><G112/><T92/><D135/><U22/><E68/><V28/><F28/><W94/><G107/><T131/><D131/><N who="2" m="50250" /><F114/><W17/><G94/><T76/><D42/><U80/><E22/><V6/><F65/><W46/><G46/><T86/><D1/><U66/><E0/><V105/><F105/><W39/><G39/><T60/><D70/><U12/><E11/><V96/><F6/><W21/><G62/><T59/><D71/><U57/><E66/><V31/><F31/><W51/><G81/><T73/><D76/><U9/><E9/><V3/><F3/><W37/><G51/><T29/><D29/><U106/><AGARI ba="1,0" hai="5,10,12,57,58,80,87,89,90,93,97,99,102,106" machi="106" ten="20,3900,0" yaku="0,1,7,1,52,1" doraHai="7" who="1" fromWho="1" sc="263,-14,208,42,147,-14,382,-14" /><INIT seed="5,2,0,0,1,58" ten="249,250,133,368" oya="1" hai0="8,119,97,17,81,109,95,111,116,102,32,44,117" hai1="43,35,101,15,99,11,104,62,105,48,79,98,53" hai2="37,135,78,30,34,41,75,52,47,60,67,124,108" hai3="73,25,49,46,113,3,128,29,90,110,112,74,10"/><U40/><E35/><V121/><F108/><W36/><G110/><T107/><D32/><U82/><E104/><V77/><F121/><W68/><G90/><T28/><D28/><U92/><E99/><V122/><F122/><W20/><G68/><T120/><D120/><U65/><E105/><V126/><F135/><W115/><G36/><T131/><D131/><U86/><E53/><V76/><F75/><W103/><G103/><T72/><D95/><U12/><E12/><V132/><F132/><W16/><G128/><T63/><D44/><U21/><E21/><V45/><F30/><W66/><G66/><T14/><D72/><U106/><E106/><V4/><F4/><N who="3" m="1311" /><G29/><T134/><D134/><U84/><E84/><V96/><F96/><W33/><G33/><T69/><REACH who="0" step="1"/><D81/><REACH who="0" ten="239,250,133,368" step="2"/><U7/><REACH who="1" step="1"/><E48/><REACH who="1" ten="239,240,133,368" step="2"/><V50/><REACH who="2" step="1"/><F34/><REACH who="2" ten="239,240,123,368" step="2"/><W39/><G39/><T114/><D114/><U61/><E61/><V2/><F2/><W88/><G115/><T5/><D5/><U22/><E22/><V24/><F24/><W1/><G113/><T80/><D80/><U13/><E13/><V127/><F127/><W91/><G112/><T125/><D125/><U51/><E51/><V87/><F87/><W19/><G25/><T83/><D83/><U123/><E123/><V64/><F64/><AGARI ba="2,3" hai="8,14,17,63,64,69,97,102,107,109,111,116,117,119" machi="64" ten="40,5200,0" yaku="1,1,52,1,53,1" doraHai="58" doraHaiUra="57" who="0" fromWho="2" sc="239,88,240,0,123,-58,368,0" /><INIT seed="6,0,0,4,2,58" ten="327,240,65,368" oya="2" hai0="7,110,14,62,32,55,28,99,91,72,13,17,114" hai1="19,134,15,6,82,23,39,10,113,63,53,83,73" hai2="103,37,69,9,33,59,34,116,129,71,18,105,98" hai3="95,2,35,16,117,65,107,54,131,57,123,126,56"/><V93/><F116/><W79/><G2/><T29/><D110/><U51/><E39/><V64/><F129/><W43/><G35/><T80/><D114/><U26/><E134/><V108/><F37/><W115/><G107/><T84/><D72/><U1/><E113/><V0/><F108/><W81/><G43/><T22/><D32/><U132/><E132/><V60/><F93/><W100/><G126/><T67/><D55/><U87/><E73/><V122/><F122/><W135/><G135/><T11/><REACH who="0" step="1"/><D99/><REACH who="0" ten="317,240,65,368" step="2"/><U120/><E53/><V75/><F75/><W121/><G115/><T47/><D47/><U61/><E120/><V30/><F33/><W36/><G123/><T124/><D124/><U111/><E111/><V74/><F74/><W118/><G54/><T12/><D12/><U27/><E15/><V42/><F42/><W44/><G121/><T130/><D130/><U50/><E1/><V92/><F105/><W119/><G44/><T112/><D112/><U8/><E27/><V85/><F85/><W104/><G131/><T5/><D5/><U90/><E6/><V109/><F109/><W125/><G125/><T77/><D77/><U40/><E40/><V78/><F78/><W94/><G79/><T48/><D48/><U66/><E51/><V46/><F46/><W76/><G76/><T25/><D25/><U133/><E50/><V96/><F98/><W41/><G119/><T24/><D24/><U20/><E133/><V45/><F45/><W49/><G118/><T31/><D31/><U106/><E106/><V127/><F127/><W3/><G117/><RYUUKYOKU ba="0,1" sc="317,30,240,-10,65,-10,368,-10" hai0="7,11,13,14,17,22,28,29,62,67,80,84,91" /><INIT seed="7,1,1,4,5,99" ten="347,230,55,358" oya="3" hai0="29,81,82,36,45,84,117,74,85,16,58,112,7" hai1="33,18,109,120,95,5,4,88,49,54,53,105,41" hai2="93,97,14,44,61,52,10,22,9,38,114,6,28" hai3="130,78,118,83,69,106,48,20,100,43,30,111,131"/><W2/><G69/><T57/><D117/><U27/><E105/><V90/><F114/><W71/><G71/><T59/><D74/><U25/><E41/><V129/><F129/><N who="3" m="49163" /><G2/><T128/><D128/><U35/><E95/><V65/><F38/><W68/><G68/><T23/><D36/><U26/><E49/><V73/><F73/><N who="3" m="43471" /><G100/><T60/><D112/><U66/><E18/><V32/><F32/><W96/><G96/><T1/><D1/><U40/><E40/><V0/><F0/><W127/><G106/><T55/><D7/><U107/><E107/><V133/><F133/><W63/><G63/><T64/><D29/><U115/><E66/><V70/><F70/><W108/><G118/><T34/><D34/><U79/><E5/><V119/><F119/><W46/><G127/><T17/><D45/><U11/><E4/><V42/><F65/><W67/><G67/><T94/><D94/><U124/><E54/><V101/><F90/><W39/><G39/><T92/><D92/><U102/><E88/><V50/><F9/><W15/><G30/><T110/><D110/><U113/><E109/><V103/><F28/><W87/><G87/><N who="0" m="33355" /><D17/><AGARI ba="1,1" hai="15,17,20,43,46,48,108,111" m="43471,49163" machi="17" ten="30,1500,0" yaku="19,1" doraHai="99" who="3" fromWho="0" sc="347,-18,230,0,55,0,358,28" owari="329,12.9,230,-17.0,55,-44.5,386,48.6" /></mjloggm>