<mjloggm ver="2.3"><GO type="169" lobby="0"/><UN n0="%6B%69%6D%38" n1="%74%61%6B%75%61%6B%61" n2="%E6%9C%AC%E7%94%B0%E9%80%8F" n3="%E3%81%88%E3%82%89%E3%81%A6%E3%82%93" dan="19,16,17,17" rate="2284.64,2151.73,2150.48,2217.18" sx="M,M,F,M"/><TAIKYOKU oya="0"/><INIT seed="0,0,0,4,0,123" ten="250,250,250,250" oya="0" hai0="76,45,42,47,57,38,94,107,31,84,100,54,8" hai1="92,88,78,13,129,91,73,19,36,14,10,82,35" hai2="97,7,74,46,18,102,63,48,6,128,55,32,62" hai3="103,56,3,105,101,131,0,121,41,4,130,70,25"/><T99/><D31/><U114/><E129/><N who="3" m="49162" /><G70/><T2/><D47/><U44/><E114/><V5/><F128/><W98/><G121/><T80/><D2/><N who="3" m="553" /><G4/><T67/><D8/><U71/><E71/><V77/><F32/><W65/><G41/><T12/><D12/><U29/><E14/><V37/><F37/><W118/><G118/><T1/><D1/><U119/><E119/><V50/><F50/><W72/><G72/><T34/><D34/><U135/><E135/><V26/><F74/><W66/><G101/><T106/><REACH who="0" step="1"/><D67/><REACH who="0" ten="240,250,250,250" step="2"/><U33/><E29/><V40/><F46/><W126/><G126/><T17/><D17/><U22/><E10/><V132/><F18/><W96/><G25/><T93/><D93/><U127/><E127/><V87/><F26/><W120/><G120/><T21/><D21/><U59/><E92/><V68/><F6/><W115/><G115/><T11/><D11/><U122/><E35/><V133/><F7/><W60/><G66/><T90/><D90/><U124/><E33/><V113/><F5/><W58/><G65/><T43/><D43/><N who="1" m="22631" /><E122/><V27/><F40/><W16/><G16/><T69/><D69/><U116/><E124/><V15/><F68/><W64/><G64/><T95/><D95/><U108/><E91/><V134/><F15/><W125/><G125/><T85/><D85/><U109/><E88/><V75/><F113/><W53/><G96/><T86/><D86/><U61/><E116/><V110/><F132/><W89/><G89/><T111/><D111/><U24/><E13/><V83/><F133/><W49/><G58/><RYUUKYOKU ba="0,1" sc="240,10,250,10,250,-30,250,10" hai0="38,42,45,54,57,76,80,84,94,99,100,106,107" hai1="19,22,24,59,61,73,78,82,108,109" hai3="49,53,56,60,98,103,105" /><INIT seed="0,1,1,0,5,82" ten="250,260,220,260" oya="0" hai0="11,12,13,57,52,129,45,26,33,85,78,63,110" hai1="65,72,115,59,6,104,29,106,62,100,97,92,58" hai2="74,116,108,107,67,39,83,7,119,90,96,44,91" hai3="103,46,56,133,27,48,8,105,81,127,68,101,102"/><T71/><D129/><U25/><E115/><V22/><F67/><W18/><G68/><T113/><D113/><U73/><E6/><V0/><F108/><W9/><G133/><T79/><D110/><U5/><E5/><V125/><F125/><W43/><G127/><T47/><D71/><U75/><REACH who="1" step="1"/><E58/><REACH who="1" ten="250,250,220,260" step="2"/><V126/><F7/><W23/><G105/><T3/><D57/><U118/><E118/><V89/><F126/><W121/><G121/><T70/><D70/><U95/><E95/><V34/><F107/><W15/><G56/><T77/><D3/><U14/><E14/><V21/><F0/><W40/><G81/><T123/><D13/><U10/><E10/><N who="3" m="4202" /><G40/><T94/><D12/><AGARI ba="1,2" hai="12,15,18,23,27,43,46,48,101,102,103" m="4202" machi="12" ten="30,1000,0" yaku="8,1" doraHai="82" who="3" fromWho="0" sc="250,-13,250,0,220,0,260,33" /><INIT seed="1,0,0,4,4,61" ten="237,250,220,293" oya="1" hai0="76,110,134,68,51,105,106,85,58,96,116,17,88" hai1="39,10,84,12,79,28,45,59,54,75,6,65,1" hai2="8,21,127,109,74,29,5,121,130,49,22,67,123" hai3="70,27,18,108,48,2,38,37,125,135,114,129,94"/><U32/><E28/><V55/><F109/><W77/><G77/><T36/><D116/><U43/><E32/><V35/><F74/><W102/><G102/><T80/><D110/><U26/><E26/><V99/><F99/><W63/><G94/><T41/><D68/><U95/><E12/><V91/><F91/><W119/><G18/><T117/><D117/><U120/><E120/><V46/><F130/><W101/><G27/><T14/><D36/><U4/><E4/><V44/><F127/><W0/><G101/><T15/><D134/><U115/><E115/><V93/><F93/><W78/><G78/><T40/><D106/><U92/><E84/><V50/><F35/><W11/><G11/><T113/><D14/><U122/><E122/><V133/><F133/><W103/><G103/><T19/><D19/><U23/><E23/><V7/><F55/><W42/><G2/><T126/><D126/><U24/><E24/><V82/><F82/><W25/><G25/><T34/><D34/><U111/><E65/><V89/><F89/><W128/><G128/><T57/><D105/><U73/><E73/><V66/><F8/><W47/><G129/><T104/><D104/><U81/><REACH who="1" step="1"/><E111/><REACH who="1" ten="237,240,220,293" step="2"/><V131/><F131/><W97/><G108/><T90/><D85/><U64/><E64/><V52/><F52/><W124/><G114/><T60/><D113/><U98/><E98/><V112/><F29/><W56/><G124/><T69/><D96/><U13/><E13/><V86/><F112/><W72/><G125/><T20/><D15/><U132/><E132/><V30/><F30/><RYUUKYOKU ba="0,1" sc="237,-15,240,15,220,15,293,-15" hai1="1,6,10,39,43,45,54,59,75,79,81,92,95" hai2="5,7,21,22,44,46,49,50,66,67,86,121,123" /><INIT seed="1,1,1,5,3,58" ten="222,255,235,278" oya="1" hai0="115,2,68,105,113,133,41,65,46,134,92,79,91" hai1="39,19,110,63,66,86,30,132,29,56,34,72,114" hai2="54,36,31,119,7,126,102,97,64,107,81,42,9" hai3="71,101,94,99,74,57,32,75,53,83,70,121,14"/><U10/><E72/><V109/><F119/><W8/><G121/><T111/><D105/><U93/><E114/><V55/><F109/><W1/><G1/><T23/><D2/><U0/><E39/><V48/><F126/><W12/><G32/><T51/><D111/><U104/><E104/><V50/><F31/><W90/><G14/><T125/><D125/><U108/><E132/><N who="0" m="50793" /><D79/><U95/><E108/><V15/><F81/><W40/><G40/><T35/><D35/><U60/><E110/><V43/><F64/><W22/><G22/><T26/><D68/><U120/><E120/><V44/><REACH who="2" step="1"/><F36/><REACH who="2" ten="222,255,225,278" step="2"/><W61/><G74/><T24/><D65/><U59/><E34/><V6/><F6/><W128/><G75/><T123/><D123/><U89/><E30/><V52/><F52/><W82/><G70/><T103/><D115/><U11/><E29/><V87/><F87/><W47/><G71/><T73/><D113/><U122/><E122/><V80/><F80/><W76/><G82/><T106/><D73/><U3/><E19/><V38/><F38/><W62/><G83/><T20/><D26/><U135/><E135/><V33/><F33/><W21/><G128/><T88/><D24/><U130/><E130/><V37/><F37/><W28/><G76/><T98/><D91/><U96/><E66/><V100/><F100/><W69/><G101/><T17/><D17/><U67/><E67/><V27/><F27/><W131/><G131/><T78/><D78/><U77/><E77/><V49/><F49/><W116/><G116/><T4/><D4/><U112/><E112/><RYUUKYOKU ba="1,2" sc="222,15,255,-15,225,15,278,-15" hai0="20,23,41,46,51,88,92,98,103,106" hai2="7,9,15,42,43,44,48,50,54,55,97,102,107" /><INIT seed="2,2,2,1,1,23" ten="237,240,240,263" oya="2" hai0="22,24,67,131,134,93,116,83,41,56,66,58,109" hai1="18,84,101,112,32,1,117,48,90,111,63,135,54" hai2="34,28,129,125,95,105,37,132,102,12,11,126,49" hai3="88,85,50,113,123,20,7,9,74,57,127,6,79"/><V72/><F37/><W110/><G123/><T5/><D109/><U62/><E117/><V73/><F105/><W39/><G39/><T10/><D116/><U16/><E1/><V96/><F129/><W13/><G110/><T80/><D134/><U2/><E2/><V133/><F49/><W43/><G127/><N who="2" m="48649" /><F28/><W33/><G33/><T91/><D41/><U35/><E112/><V92/><F34/><W42/><G113/><T77/><D131/><U118/><E118/><V31/><F31/><W40/><G74/><N who="2" m="28777" /><F92/><N who="3" m="54287" /><G79/><T65/><D77/><U44/><E32/><V78/><F78/><W97/><G97/><N who="0" m="57535" /><D83/><U26/><E111/><V27/><F27/><W61/><G20/><T0/><D0/><U82/><E135/><V71/><F71/><W21/><G21/><T51/><D80/><U8/><E35/><V25/><F25/><W64/><G50/><T100/><D51/><U76/><E76/><V59/><F59/><W99/><G99/><T81/><D81/><U108/><E108/><V128/><F128/><W29/><G29/><N who="0" m="17559" /><D58/><U104/><E104/><V36/><F36/><W14/><G14/><N who="0" m="5455" /><D56/><U53/><E48/><V55/><F55/><W60/><G61/><T122/><D122/><U70/><E62/><V115/><F115/><W124/><G124/><T19/><D65/><U130/><E130/><V4/><AGARI ba="2,2" hai="4,11,12,95,96,102,132,133" m="28777,48649" machi="4" ten="40,2100,0" yaku="18,1" doraHai="23" who="2" fromWho="2" sc="237,-9,240,-9,240,47,263,-9" /><INIT seed="2,3,0,5,0,93" ten="228,231,287,254" oya="2" hai0="122,0,8,77,102,68,91,11,114,38,95,63,130" hai1="134,104,4,118,51,90,65,80,24,44,127,119,37" hai2="116,67,92,113,50,60,107,16,83,79,117,29,57" hai3="52,7,55,33,47,73,64,115,112,18,6,125,10"/><V86/><F107/><W88/><G125/><T28/><D114/><N who="3" m="43561" /><G33/><T25/><D122/><U5/><E37/><V46/><F113/><W81/><G64/><T123/><D123/><U101/><E127/><V121/><F121/><W54/><G47/><T103/><D38/><U14/><E134/><V78/><F29/><W89/><G18/><T56/><D77/><U34/><E65/><V72/><F72/><W53/><N who="3" m="13312" /><DORA hai="17" /><W96/><G96/><T9/><D68/><U85/><E34/><V108/><F78/><N who="3" m="44239" /><G7/><T74/><D74/><U111/><E4/><V71/><F71/><W58/><G58/><T12/><D56/><U15/><E5/><V40/><F108/><W35/><G35/><T135/><D63/><U100/><E111/><V21/><REACH who="2" step="1"/><F92/><REACH who="2" ten="228,231,277,254" step="2"/><W13/><AGARI ba="3,1" hai="6,10,13,88,89" m="44239,13312,43561" machi="13" ten="50,6400,0" yaku="11,1,54,2" doraHai="93,17" who="3" fromWho="3" sc="228,-19,231,-19,277,-35,254,83" /><INIT seed="3,0,0,4,3,81" ten="209,212,242,337" oya="3" hai0="85,96,110,99,63,78,70,64,29,31,11,89,69" hai1="93,123,21,24,88,131,116,130,18,39,4,33,129" hai2="126,8,98,54,43,30,17,56,41,49,82,34,97" hai3="135,37,61,19,94,50,108,52,15,100,119,66,28"/><W121/><G119/><T40/><D110/><U10/><E123/><V122/><F122/><W44/><G121/><T27/><D70/><U20/><E116/><V80/><F126/><W113/><G113/><T117/><D117/><U133/><E133/><V67/><F34/><W22/><G135/><T6/><D40/><N who="2" m="15434" /><F30/><W68/><G108/><T59/><D78/><U57/><E39/><V101/><F67/><W71/><G37/><T47/><D47/><U95/><E33/><V124/><F124/><W13/><G28/><T9/><D69/><U111/><E111/><V91/><F101/><W58/><REACH who="3" step="1"/><G15/><REACH who="3" ten="209,212,242,327" step="2"/><T7/><D31/><U26/><E131/><V92/><F98/><AGARI ba="0,1" hai="13,19,22,44,50,52,58,61,66,68,71,94,98,100" machi="98" ten="40,7700,0" yaku="1,1,2,1,54,1,53,0" doraHai="81" doraHaiUra="0" who="3" fromWho="2" sc="209,0,212,0,242,-77,327,87" /><INIT seed="3,1,0,1,2,80" ten="209,212,165,414" oya="3" hai0="113,82,77,10,57,36,72,71,112,65,24,43,3" hai1="119,106,6,16,30,79,27,51,117,67,134,131,59" hai2="55,84,23,127,64,28,7,125,38,68,90,94,44" hai3="61,132,85,111,107,39,105,2,35,32,102,89,70"/><W116/><G61/><N who="0" m="40367" /><D24/><U29/><E106/><V42/><F7/><W130/><G35/><T13/><D13/><U8/><E79/><V110/><F110/><W14/><G14/><T62/><D62/><U9/><E67/><V63/><F28/><N who="1" m="10857" /><E59/><V133/><F133/><W12/><G85/><T47/><D57/><U115/><E51/><V5/><F23/><W22/><G12/><T73/><D73/><U76/><E76/><V126/><REACH who="2" step="1"/><F5/><AGARI ba="1,0" hai="3,5,10,36,43,47,72,77,82,112,113" m="40367" machi="5" ten="30,2000,0" yaku="25,1,23,1" doraHai="80" who="0" fromWho="2" sc="209,23,212,0,165,-23,414,0" /><INIT seed="4,0,0,2,1,134" ten="232,212,142,414" oya="0" hai0="38,83,68,14,9,126,18,127,116,113,115,66,65" hai1="41,44,55,0,3,42,69,95,16,91,50,52,20" hai2="62,114,59,92,25,112,88,130,108,5,122,80,51" hai3="35,73,29,23,13,120,79,43,17,34,11,101,84"/><T22/><D38/><U131/><E131/><V54/><F130/><W26/><G73/><T72/><D116/><U129/><E129/><V81/><F108/><W98/><G120/><T85/><D72/><U2/><E69/><V78/><F122/><W40/><G79/><T102/><D102/><U107/><E107/><V117/><F117/><W96/><G84/><T133/><D9/><U48/><E95/><V58/><F5/><W90/><G90/><T30/><D30/><U37/><E91/><V45/><F59/><W77/><G77/><N who="0" m="46319" /><D133/><U7/><E7/><V67/><F25/><W46/><G34/><T111/><D111/><U47/><E37/><V86/><REACH who="2" step="1"/><F80/><REACH who="2" ten="232,212,132,414" step="2"/><W74/><G46/><T119/><D119/><U6/><E6/><V109/><F109/><W61/><G26/><AGARI ba="0,1" hai="0,2,3,16,20,26,41,42,44,47,48,50,52,55" machi="26" ten="40,5200,0" yaku="9,1,54,2" doraHai="134" who="1" fromWho="3" sc="232,0,212,62,132,0,414,-52" /><INIT seed="5,0,0,1,1,29" ten="232,274,132,362" oya="1" hai0="78,97,8,39,49,70,61,65,117,123,38,6,128" hai1="41,132,56,69,9,63,87,43,2,124,85,108,93" hai2="105,80,68,18,4,27,107,62,95,36,125,23,103" hai3="102,91,10,22,66,90,76,74,55,30,1,92,35"/><U115/><E69/><V82/><F125/><W45/><G102/><T73/><D117/><U98/><E124/><V118/><F118/><W133/><G133/><T120/><D128/><U112/><E132/><V58/><F36/><W113/><G113/><N who="1" m="43594" /><E108/><V59/><F68/><W13/><G66/><T131/><D131/><U71/><E71/><V121/><F121/><N who="0" m="46666" /><D49/><U127/><E127/><V32/><F105/><W31/><G74/><T44/><D44/><U100/><E9/><V37/><F37/><W75/><G75/><T48/><D48/><U24/><E2/><V116/><F107/><W7/><G76/><T33/><D33/><U51/><E24/><V77/><F116/><W21/><G91/><T15/><D97/><U5/><E5/><V106/><F4/><W72/><G72/><T47/><D47/><N who="1" m="26095" /><E43/><V89/><F106/><W135/><G135/><T26/><D26/><U109/><E109/><V11/><F11/><W83/><G83/><AGARI ba="0,0" hai="6,8,15,38,39,61,65,70,73,78,83" m="46666" machi="83" ten="30,1000,0" yaku="13,1" doraHai="29" who="0" fromWho="3" sc="232,10,274,0,132,0,362,-10" /><INIT seed="6,0,0,4,0,53" ten="242,274,132,352" oya="2" hai0="12,92,112,61,132,88,40,2,6,121,81,65,31" hai1="89,54,87,14,68,43,106,96,9,85,94,25,100" hai2="18,46,17,56,28,35,101,127,115,19,70,120,33" hai3="114,26,86,0,39,38,93,84,67,11,118,123,109"/><V113/><F120/><W1/><G109/><T66/><D121/><U29/><E68/><V42/><F70/><W69/><G123/><T79/><D112/><N who="2" m="43082" /><F101/><W73/><G73/><T50/><D2/><U52/><E43/><V133/><F133/><W82/><G118/><T128/><D128/><U104/><E85/><V108/><F108/><W111/><G111/><T119/><D119/><U23/><REACH who="1" step="1"/><E106/><REACH who="1" ten="242,264,132,352" step="2"/><V60/><F127/><W74/><G84/><N who="0" m="48191" /><D132/><U58/><E58/><V32/><F42/><W24/><G86/><N who="0" m="52247" /><D31/><U102/><E102/><V71/><F71/><W117/><G69/><T64/><D40/><U4/><AGARI ba="0,1" hai="4,9,14,23,25,29,52,54,87,89,94,96,100,104" machi="4" ten="20,5200,0" yaku="1,1,0,1,7,1,54,1,53,0" doraHai="53" doraHaiUra="134" who="1" fromWho="1" sc="242,-13,264,62,132,-26,352,-13" /><INIT seed="7,0,0,1,2,32" ten="229,326,106,339" oya="3" hai0="110,61,106,28,29,36,11,79,109,39,27,82,131" hai1="73,134,66,108,88,57,71,128,46,42,62,1,15" hai2="81,0,37,65,107,97,3,122,22,9,68,76,51" hai3="59,120,74,19,127,100,113,86,33,98,126,20,118"/><W55/><G118/><T116/><D116/><U119/><E1/><N who="2" m="587" /><F9/><W5/><G120/><T50/><D61/><U104/><E108/><V135/><F51/><W89/><G74/><T111/><D29/><U56/><E119/><V26/><F22/><W7/><G33/><T2/><D50/><U12/><E128/><V125/><F26/><N who="3" m="14623" /><G113/><T4/><D131/><U13/><E134/><V103/><F135/><W23/><G23/><T21/><D106/><U132/><E132/><V52/><F52/><W117/><G117/><T130/><D130/><U69/><E73/><N who="2" m="43151" /><F125/><N who="3" m="47627" /><G86/><T45/><D110/><U14/><E104/><V92/><F92/><N who="3" m="56591" /><G100/><T77/><D111/><U44/><E69/><V53/><F53/><W10/><G10/><T43/><D109/><U6/><E6/><V49/><F49/><AGARI ba="0,0" hai="5,7,49,55,59" m="56591,47627,14623" machi="49" ten="30,1500,0" yaku="18,1" doraHai="32" who="3" fromWho="2" sc="229,0,326,0,106,-15,339,15" owari="229,-17.1,326,12.6,91,-40.9,354,45.4" /></mjloggm>