<mjloggm ver="2.3"><GO type="169" lobby="0"/><UN n0="%E3%81%B6%E3%83%BC%E3%81%95%E3%82%93%E3%81%AE%E4%BC%91%E6%81%AF%E2%99%AA" n1="%E5%85%AD%E9%83%A8%E5%9C%AD" n2="%E5%AE%8C%E5%85%A8%E5%AE%89%E7%89%8C" n3="%E3%81%88%E3%81%84%E3%81%8D%E3%81%A1%40%35%6D%66" dan="16,16,17,17" rate="2131.83,2056.87,2138.17,2246.39" sx="M,M,M,M"/><TAIKYOKU oya="0"/><INIT seed="0,0,0,4,2,102" ten="250,250,250,250" oya="0" hai0="32,69,133,59,60,121,58,34,20,73,48,124,8" hai1="113,37,28,52,55,98,70,86,78,33,97,11,4" hai2="7,92,129,46,87,41,126,81,6,84,45,40,35" hai3="109,62,15,10,65,24,111,74,118,5,43,19,76"/><T16/><D121/><U90/><E37/><V112/><F129/><W117/><G43/><T50/><D69/><U94/><E70/><V107/><F126/><W104/><G76/><T131/><D131/><U95/><E113/><V96/><F35/><W101/><G74/><T53/><D73/><U105/><E105/><V36/><F112/><W51/><G51/><T108/><D124/><U39/><E39/><V85/><F81/><W106/><G24/><T23/><D8/><U17/><E17/><V3/><F3/><W99/><G19/><T2/><D2/><U49/><E28/><V122/><F107/><N who="3" m="41003" /><G99/><T1/><D1/><U27/><E27/><V68/><F122/><W56/><G101/><T71/><D71/><U119/><E33/><V18/><F18/><W22/><G22/><T31/><D31/><U57/><E119/><V9/><F68/><W130/><G130/><T120/><D120/><U0/><E78/><V75/><F75/><W100/><G100/><T83/><D83/><U25/><E25/><V29/><F9/><W67/><G67/><T135/><D48/><U115/><E115/><V82/><F82/><W80/><G80/><T42/><D42/><U116/><E116/><V61/><F29/><W79/><G79/><T26/><D23/><U110/><E95/><V47/><F61/><W63/><G63/><T38/><D38/><U44/><E97/><V103/><F36/><W134/><G134/><N who="0" m="51211" /><D108/><AGARI ba="0,0" hai="5,10,15,56,62,65,108,109,111,117,118" m="41003" machi="108" ten="30,7700,0" yaku="14,1,52,3" doraHai="102" who="3" fromWho="0" sc="250,-77,250,0,250,0,250,77" /><INIT seed="1,0,0,1,1,14" ten="173,250,250,327" oya="1" hai0="78,102,17,50,103,99,35,135,94,95,133,26,75" hai1="32,113,46,70,19,38,117,73,106,98,90,6,51" hai2="11,126,37,81,119,31,29,121,130,56,57,28,116" hai3="15,22,110,62,131,82,89,91,80,122,5,18,7"/><U58/><E70/><V27/><F121/><W43/><G122/><T53/><D78/><U111/><E113/><V68/><F68/><W54/><G110/><T3/><D75/><U118/><E73/><V92/><F37/><W105/><G105/><T63/><D3/><U120/><E120/><V36/><F36/><W97/><G131/><T84/><D63/><U55/><E32/><V13/><F126/><W85/><G43/><T1/><D1/><U74/><E74/><V86/><F130/><W124/><G124/><T104/><D104/><U39/><E6/><V79/><F27/><W33/><G33/><T41/><D41/><U16/><E39/><V132/><F132/><W87/><G97/><T101/><D35/><U44/><E111/><V34/><F34/><W45/><G62/><T134/><D84/><U23/><E38/><V25/><F25/><W60/><G60/><T65/><D65/><U48/><E58/><V128/><F92/><W12/><G12/><T24/><D24/><U129/><E129/><V125/><F125/><W67/><G67/><T49/><D49/><AGARI ba="0,0" hai="5,7,15,18,22,45,49,54,80,82,85,87,89,91" machi="49" ten="40,5200,0" yaku="9,1,8,1,52,1" doraHai="14" who="3" fromWho="0" sc="173,-52,250,0,250,0,327,52" /><INIT seed="2,0,0,5,3,17" ten="121,250,250,379" oya="2" hai0="132,77,19,52,116,43,71,102,55,20,16,21,97" hai1="130,12,82,87,24,86,49,74,81,84,39,119,42" hai2="65,129,88,92,124,61,40,26,110,79,127,36,120" hai3="126,131,48,73,25,37,6,75,64,108,27,91,90"/><V105/><F120/><W106/><G37/><T115/><D115/><U103/><E119/><V5/><F105/><W2/><G106/><T123/><D123/><U50/><E39/><V118/><F118/><W34/><G64/><T33/><D33/><U38/><E38/><V112/><F112/><W32/><G48/><T134/><D116/><U46/><E130/><V114/><F114/><W30/><G6/><T96/><D71/><U80/><E103/><V4/><F79/><W94/><G2/><T113/><D113/><U122/><E122/><V22/><F129/><W72/><G108/><T121/><D121/><U11/><E49/><V89/><F110/><W93/><G131/><T66/><D66/><U68/><E68/><V57/><F40/><W69/><G69/><T8/><D8/><U100/><E100/><V117/><F36/><W101/><G101/><T56/><D77/><U28/><E74/><V53/><F65/><W9/><G9/><T58/><D102/><U111/><E111/><V47/><F47/><W54/><G54/><T1/><D1/><U62/><E62/><V76/><F76/><W78/><G78/><T133/><D132/><U18/><REACH who="1" step="1"/><E81/><REACH who="1" ten="121,240,250,379" step="2"/><V3/><F117/><W70/><G70/><T107/><D107/><U29/><E29/><N who="2" m="17623" /><F92/><W45/><G73/><T60/><D60/><U59/><E59/><V98/><F57/><W83/><G83/><T44/><D44/><U41/><E41/><AGARI ba="0,1" hai="16,19,20,21,41,43,52,55,56,58,96,97,133,134" machi="41" ten="25,12000,2" yaku="22,2,52,2,54,2" doraHai="17" who="0" fromWho="1" sc="121,130,240,-120,250,0,379,0" /><INIT seed="3,0,0,4,4,23" ten="251,120,250,379" oya="3" hai0="113,70,97,51,31,50,1,106,16,94,56,86,75" hai1="110,87,118,21,22,66,5,88,29,15,135,58,92" hai2="102,132,64,69,33,10,68,36,108,57,26,39,112" hai3="61,44,20,37,43,63,49,24,47,78,85,82,104"/><W89/><G104/><T67/><D75/><U111/><E135/><V42/><F102/><W95/><G37/><T126/><D1/><U41/><E118/><V34/><F10/><W93/><G47/><T116/><D70/><U55/><E66/><V9/><F9/><W90/><G95/><T125/><D31/><U6/><E41/><V127/><F64/><W105/><G105/><T14/><D106/><U74/><E74/><V98/><F42/><W0/><G0/><T131/><D113/><U48/><E22/><V60/><F57/><W45/><G45/><T52/><D116/><U79/><E79/><V2/><F2/><W13/><G13/><T133/><D133/><U8/><REACH who="1" step="1"/><E5/><REACH who="1" ten="251,110,250,379" step="2"/><V59/><F132/><W38/><G38/><T121/><D67/><U114/><E114/><V32/><F39/><W62/><REACH who="3" step="1"/><G93/><REACH who="3" ten="251,110,250,369" step="2"/><T76/><D94/><U107/><E107/><V101/><F36/><W40/><G40/><T72/><D126/><U100/><E100/><V81/><F127/><W19/><AGARI ba="0,2" hai="19,20,24,43,44,49,61,62,63,78,82,85,89,90" machi="19" ten="30,12000,1" yaku="1,1,0,1,8,1,52,1,53,1" doraHai="23" doraHaiUra="12" who="3" fromWho="3" sc="251,-40,110,-40,250,-40,369,140" /><INIT seed="3,1,0,3,1,91" ten="211,70,210,509" oya="3" hai0="0,133,128,23,109,129,90,112,94,105,5,62,106" hai1="135,18,32,69,63,13,98,121,27,120,40,50,24" hai2="25,35,60,41,59,15,89,87,118,66,12,81,51" hai3="123,44,114,103,76,52,11,57,42,71,102,14,74"/><W107/><G114/><T64/><D109/><U117/><E135/><V46/><REACH who="2" step="1"/><F118/><REACH who="2" ten="211,70,200,509" step="2"/><W75/><G74/><T45/><D133/><U130/><E117/><V122/><F122/><W78/><G75/><T55/><D112/><U28/><E120/><V1/><F1/><W134/><G123/><T68/><D0/><U39/><E121/><V19/><F19/><W34/><G134/><T77/><D5/><U124/><E18/><V99/><F99/><W53/><G76/><T110/><D77/><U22/><E98/><V93/><F93/><W17/><G78/><T61/><D110/><U67/><E130/><V108/><F108/><W100/><G17/><T125/><D129/><U6/><E6/><V37/><F37/><W9/><G107/><T131/><D106/><U115/><E39/><V33/><F33/><W95/><G95/><T84/><D105/><U80/><E32/><V70/><F70/><W127/><G71/><T56/><D125/><U101/><E69/><V119/><F119/><W20/><G34/><T8/><D131/><U4/><E4/><V113/><F113/><W38/><G127/><T65/><D128/><U92/><E92/><V36/><F36/><W73/><G38/><T86/><D68/><U2/><E2/><V49/><F49/><W48/><G48/><T116/><D116/><U79/><E50/><V111/><F111/><W16/><G16/><T82/><D94/><U72/><E79/><V104/><F104/><W88/><G100/><T30/><D62/><U3/><E63/><V26/><F26/><W10/><G102/><T97/><D61/><RYUUKYOKU ba="1,1" sc="211,-10,70,-10,200,30,509,-10" hai2="12,15,25,35,41,46,51,59,60,66,81,87,89" /><INIT seed="4,2,1,2,5,41" ten="201,60,230,499" oya="0" hai0="24,61,122,79,115,73,17,134,32,113,80,93,130" hai1="107,86,43,12,40,106,9,90,14,20,123,75,105" hai2="31,25,92,42,37,84,67,97,28,63,56,29,55" hai3="23,88,119,39,109,11,95,112,108,53,133,117,110"/><T33/><D122/><U111/><E123/><V64/><F84/><W54/><G39/><T132/><D130/><U52/><E111/><V15/><F37/><W26/><G112/><N who="0" m="43083" /><D61/><U48/><E75/><V21/><F15/><W19/><G133/><N who="0" m="51307" /><D93/><U87/><E87/><V38/><F42/><W104/><G104/><T30/><D17/><U85/><E85/><V116/><F38/><W36/><G36/><T27/><D27/><U16/><E14/><V34/><F116/><W65/><G119/><T99/><D99/><U69/><E69/><V78/><F78/><W2/><G117/><T89/><D89/><U44/><REACH who="1" step="1"/><E20/><AGARI ba="2,1" hai="20,24,30,32,33,73,79,80" m="51307,43083" machi="20" ten="30,2900,0" yaku="15,1,20,1" doraHai="41" who="0" fromWho="1" sc="201,45,60,-35,230,0,499,0" /><INIT seed="4,3,0,4,1,19" ten="246,25,230,499" oya="0" hai0="51,81,45,68,104,71,72,13,88,52,124,20,36" hai1="42,17,0,15,23,16,135,122,107,106,134,115,126" hai2="111,67,100,74,6,119,1,22,60,28,2,118,69" hai3="117,75,83,103,108,29,86,112,59,8,54,14,128"/><T101/><D124/><U34/><E122/><V80/><F111/><W85/><G108/><T89/><D36/><U127/><E0/><V21/><F100/><W48/><G117/><N who="2" m="44553" /><F28/><W50/><G112/><T120/><D120/><U130/><E34/><V110/><F110/><W123/><G123/><T87/><D72/><U3/><E3/><N who="2" m="1035" /><F6/><W55/><G128/><T58/><D89/><U96/><E130/><V24/><F24/><W4/><G103/><T41/><D101/><N who="1" m="62759" /><E107/><V49/><F49/><W38/><G38/><T116/><D104/><U93/><E115/><V94/><F94/><W70/><G29/><T99/><D99/><U10/><E93/><V82/><F82/><W114/><G114/><T97/><D97/><U129/><E42/><V121/><F121/><W25/><G25/><T47/><D116/><U90/><E90/><V73/><F73/><W92/><G92/><T91/><D91/><U64/><E64/><V31/><F31/><W113/><G113/><T30/><D47/><U37/><E129/><V62/><F60/><W132/><G75/><T35/><D35/><U7/><E37/><V12/><F12/><W53/><G14/><T44/><D44/><U11/><E7/><V66/><F66/><W105/><G4/><T57/><D57/><U9/><E17/><V56/><F56/><W32/><G59/><T18/><D30/><U5/><E5/><V78/><AGARI ba="3,0" hai="21,22,62,67,69,74,78,80" m="1035,44553" machi="78" ten="40,5200,0" yaku="12,1,52,2" doraHai="19" who="2" fromWho="2" sc="246,-29,25,-16,230,61,499,-16" /><INIT seed="5,0,0,5,1,79" ten="217,9,291,483" oya="1" hai0="100,50,64,39,51,110,133,62,49,48,71,13,101" hai1="7,36,88,119,1,16,127,122,22,15,18,129,109" hai2="9,70,20,104,94,66,31,69,24,96,11,106,68" hai3="3,33,42,77,59,128,37,83,132,65,67,57,97"/><U124/><E119/><V23/><F66/><W17/><G33/><T123/><D110/><U72/><E122/><V45/><F23/><W44/><G128/><T73/><D133/><U90/><E36/><V87/><F87/><W113/><G132/><T98/><D123/><U55/><E129/><V117/><F117/><W29/><G29/><T82/><D39/><U32/><E32/><V2/><F45/><W46/><G113/><T80/><D73/><U27/><E109/><V120/><F120/><W26/><G3/><T60/><D101/><U115/><E115/><V8/><REACH who="2" step="1"/><F2/><REACH who="2" ten="217,9,281,483" step="2"/><W52/><G67/><T134/><D134/><U125/><E72/><V58/><F58/><W74/><G65/><T14/><D60/><U75/><E75/><V86/><F86/><W40/><G59/><T84/><N who="0" m="12288" /><DORA hai="116" /><T99/><D99/><U76/><E55/><V107/><F107/><W47/><G97/><T28/><D28/><U126/><N who="1" m="31744" /><DORA hai="111" /><U63/><E76/><V89/><AGARI ba="0,1" hai="8,9,11,20,24,31,68,69,70,89,94,96,104,106" machi="89" ten="40,2700,0" yaku="1,1,0,1,53,0" doraHai="79,116,111" doraHaiUra="131,118,108" who="2" fromWho="2" sc="217,-7,9,-13,281,37,483,-7" owari="210,-19.0,-4,-50.4,318,11.8,476,57.6" /></mjloggm>