<mjloggm ver="2.3"><GO type="169" lobby="0"/><UN n0="%E3%82%B4%E3%83%BC%E3%83%AB%E3%83%89%E3%82%B7%E3%83%83%E3%83%97" n1="%E3%82%88%E3%81%86%E3%81%B8%E3%83%BC%58" n2="%47%75%72%65%6E%6E" n3="%6E%70%63%30%30%39" dan="16,16,16,16" rate="2103.07,2127.85,2081.99,2135.53" sx="M,M,M,M"/><TAIKYOKU oya="0"/><INIT seed="0,0,0,0,4,130" ten="250,250,250,250" oya="0" hai0="8,135,126,22,85,49,45,66,127,99,0,1,13" hai1="70,47,63,101,125,3,118,43,21,113,68,42,95" hai2="4,131,116,123,33,61,35,37,39,38,28,111,78" hai3="40,98,100,58,97,124,93,86,2,16,20,91,89"/><T112/><D112/><U23/><E3/><V77/><F123/><W31/><G124/><T134/><D99/><U53/><E101/><V79/><F111/><W128/><G128/><T25/><D66/><U55/><E95/><V76/><F131/><W32/><G2/><N who="0" m="1131" /><D85/><U129/><E129/><V121/><F121/><W19/><G40/><T5/><D45/><U84/><E84/><V26/><F116/><W41/><G41/><T11/><D8/><U83/><E47/><V60/><N who="2" m="19456" /><DORA hai="52" /><V7/><REACH who="2" step="1"/><F35/><REACH who="2" ten="250,250,240,250" step="2"/><W69/><G32/><T94/><D94/><U72/><E118/><V120/><F120/><W132/><G89/><T105/><D105/><U62/><E113/><V50/><F50/><W74/><G91/><T108/><D49/><U104/><E104/><V82/><F82/><W117/><G117/><T75/><D108/><U9/><E83/><V46/><F46/><W64/><G74/><T109/><D75/><U36/><E72/><V119/><F119/><W10/><G100/><T81/><D81/><U30/><E36/><V34/><F34/><W80/><G80/><T122/><D122/><U107/><E107/><V12/><F12/><W48/><G48/><T6/><D109/><U17/><E63/><AGARI ba="0,1" hai="4,7,26,28,33,37,38,39,60,61,63" m="19456" machi="63" ten="60,2000,0" yaku="1,1,53,0" doraHai="130,52" doraHaiUra="92,110" who="2" fromWho="1" sc="250,0,250,-20,240,30,250,0" /><INIT seed="1,0,0,0,1,100" ten="250,230,270,250" oya="1" hai0="14,135,11,52,49,19,117,62,84,134,10,120,104" hai1="23,70,4,127,28,36,42,78,101,12,5,102,81" hai2="133,39,54,61,43,121,73,58,115,122,16,128,38" hai3="59,99,77,96,30,3,112,22,74,82,37,68,21"/><U125/><E70/><V63/><F73/><W48/><G112/><T9/><D117/><U40/><E28/><V108/><F115/><W6/><G37/><T93/><D120/><U24/><E24/><V60/><F16/><W76/><G68/><T97/><D62/><U56/><E23/><V123/><F108/><W18/><G77/><T33/><D84/><U79/><E56/><V29/><F29/><W31/><G31/><T119/><D33/><U107/><E36/><V91/><F91/><W110/><G110/><T46/><D119/><U89/><E89/><V15/><F15/><W8/><G48/><T44/><D46/><U65/><E12/><V50/><F128/><W94/><G59/><T20/><REACH who="0" step="1"/><D104/><REACH who="0" ten="240,230,270,250" step="2"/><U124/><E124/><V116/><F116/><W1/><G74/><T111/><D111/><U103/><E107/><V72/><F72/><W126/><G126/><N who="1" m="48138" /><E65/><V45/><REACH who="2" step="1"/><F133/><REACH who="2" ten="240,230,260,250" step="2"/><W7/><G1/><T34/><D34/><U17/><E17/><V105/><F105/><W130/><G3/><T88/><AGARI ba="0,2" hai="9,10,11,14,19,20,44,49,52,88,93,97,134,135" machi="88" ten="30,7900,0" yaku="1,1,0,1,54,2,53,0" doraHai="100" doraHaiUra="27" who="0" fromWho="0" sc="240,99,230,-39,260,-20,250,-20" /><INIT seed="2,0,0,3,0,39" ten="339,191,240,230" oya="2" hai0="13,112,15,127,61,75,67,16,86,35,125,33,118" hai1="30,77,1,103,40,32,78,26,116,73,97,121,6" hai2="37,104,100,31,83,120,93,126,91,3,24,92,38" hai3="18,114,99,95,106,76,72,44,17,46,52,109,2"/><V85/><F120/><W8/><G109/><T69/><D75/><U58/><E116/><V29/><F126/><N who="0" m="48138" /><D118/><U115/><E115/><V25/><F3/><W36/><G106/><T80/><D112/><U42/><E121/><V131/><F131/><W134/><G114/><T9/><D13/><U87/><E73/><V130/><F130/><W135/><G46/><T74/><D74/><U113/><E113/><V48/><F104/><W23/><G76/><AGARI ba="0,0" hai="9,15,16,33,35,61,67,69,76,80,86" m="48138" machi="76" ten="30,2000,0" yaku="18,1,54,1" doraHai="39" who="0" fromWho="3" sc="339,20,191,0,240,0,230,-20" /><INIT seed="3,0,0,5,2,32" ten="359,191,240,210" oya="3" hai0="71,69,44,112,21,50,29,82,126,47,6,98,99" hai1="54,96,26,33,124,16,79,58,66,37,34,30,23" hai2="125,27,17,73,77,13,67,88,65,119,48,18,103" hai3="45,131,46,59,121,4,94,55,56,70,101,42,24"/><W84/><G121/><T127/><D6/><U2/><E124/><N who="0" m="47657" /><D82/><U105/><E37/><V109/><F125/><W104/><G104/><T80/><D80/><U86/><E66/><V85/><F119/><W74/><G74/><T102/><D112/><U11/><E86/><V8/><F109/><W10/><G70/><N who="0" m="26635" /><D50/><U39/><E39/><V22/><F73/><W132/><G132/><T122/><D122/><U63/><E79/><V38/><F38/><W3/><G131/><T7/><D7/><U100/><REACH who="1" step="1"/><E30/><REACH who="1" ten="359,181,240,210" step="2"/><V35/><F77/><W49/><G84/><T115/><D115/><U1/><E1/><V93/><F35/><W118/><G118/><T64/><D64/><U97/><E97/><V57/><F103/><W83/><G101/><T89/><D89/><U111/><E111/><V110/><F110/><W72/><G72/><T20/><D29/><U108/><E108/><V40/><F40/><W114/><G114/><T41/><D41/><U15/><E15/><V61/><REACH who="2" step="1"/><F48/><REACH who="2" ten="359,181,230,210" step="2"/><W75/><G49/><T31/><D102/><U134/><E134/><V52/><AGARI ba="0,2" hai="8,13,17,18,22,27,52,57,61,65,67,85,88,93" machi="52" ten="20,16000,3" yaku="1,1,2,1,0,1,7,1,8,1,54,2,53,1" doraHai="32" doraHaiUra="91" who="2" fromWho="2" sc="359,-40,181,-40,230,180,210,-80" /><INIT seed="4,0,0,4,0,52" ten="319,141,410,130" oya="0" hai0="33,71,38,94,113,109,112,21,47,57,122,95,76" hai1="10,86,99,72,42,103,13,27,0,20,1,105,28" hai2="134,93,30,102,15,127,69,25,118,81,116,12,34" hai3="51,16,45,29,132,23,117,85,17,98,125,92,84"/><T67/><D71/><U18/><E72/><V133/><F69/><W75/><G132/><N who="2" m="50793" /><F127/><W120/><G125/><T96/><D33/><U11/><E42/><V79/><F93/><W129/><G75/><T46/><D122/><U114/><E114/><N who="0" m="44137" /><D76/><U65/><E65/><V121/><F102/><W128/><G120/><T32/><D32/><U19/><E86/><N who="2" m="48447" /><F121/><W88/><G117/><AGARI ba="0,0" hai="12,15,25,30,34,116,117,118" m="48447,50793" machi="117" ten="30,2000,0" yaku="12,1,20,1" doraHai="52" who="2" fromWho="3" sc="319,0,141,0,410,20,130,-20" /><INIT seed="5,0,0,2,0,26" ten="319,141,430,110" oya="1" hai0="24,18,71,6,19,42,115,10,32,103,14,56,130" hai1="69,94,64,104,72,83,34,47,67,58,99,21,118" hai2="41,85,116,57,82,33,96,16,80,133,121,44,106" hai3="12,114,122,84,108,2,117,3,61,40,105,20,91"/><U102/><E118/><V101/><F121/><W51/><G108/><T119/><D71/><U110/><E69/><V100/><F116/><W17/><G122/><T8/><D42/><U29/><E110/><V38/><F133/><W75/><G75/><T39/><D39/><U35/><E47/><V9/><F33/><W11/><G117/><T129/><D103/><U90/><E67/><V15/><F100/><W113/><G105/><T31/><D56/><U76/><E64/><V68/><F68/><W25/><G61/><T74/><D74/><U0/><E0/><V87/><F57/><W60/><G60/><T124/><D119/><U78/><E78/><V36/><F36/><W62/><G62/><T49/><D49/><U59/><E59/><V30/><F30/><W54/><G40/><T66/><D66/><U7/><E7/><V131/><F131/><N who="0" m="50186" /><D124/><U135/><E58/><V107/><REACH who="2" step="1"/><F106/><REACH who="2" ten="319,141,420,110" step="2"/><W128/><G128/><T89/><D115/><U93/><E135/><V48/><F48/><W1/><G51/><T88/><D19/><U98/><E104/><V77/><F77/><W97/><G114/><T127/><D127/><U126/><E126/><V123/><F123/><W111/><G113/><T50/><D50/><U55/><E55/><V53/><F53/><W81/><G54/><T109/><D109/><U112/><E112/><V70/><F70/><W28/><G111/><T46/><D46/><U27/><AGARI ba="0,1" hai="21,27,29,34,35,72,76,83,90,93,94,98,99,102" machi="27" ten="30,3000,0" yaku="0,1,52,1" doraHai="26" who="1" fromWho="1" sc="319,-10,141,40,420,-10,110,-10" /><INIT seed="5,1,0,2,5,12" ten="309,181,410,100" oya="1" hai0="21,3,44,59,6,89,91,103,46,39,100,118,96" hai1="58,75,52,131,26,134,114,53,78,50,48,111,17" hai2="5,97,126,37,40,90,80,84,57,18,77,94,85" hai3="0,62,130,51,107,73,70,29,87,121,105,124,23"/><U36/><E36/><V61/><F126/><W95/><G73/><T127/><D127/><U117/><E117/><V13/><F5/><W64/><G0/><T72/><D72/><U122/><E122/><V15/><F37/><W55/><G121/><T125/><D125/><U14/><E114/><V10/><F40/><W112/><G112/><T93/><D118/><U42/><E42/><V9/><F80/><W81/><G130/><T33/><D33/><U54/><E131/><V60/><F77/><W20/><G124/><T47/><D6/><U99/><E26/><V38/><F38/><W25/><G95/><T102/><D3/><U24/><E24/><V56/><F84/><W128/><G23/><T132/><D132/><U67/><E134/><V41/><F41/><W120/><G120/><T63/><D21/><U88/><E111/><V119/><F85/><W71/><G71/><T110/><D110/><U68/><E68/><V43/><F43/><W31/><G31/><T101/><D39/><U116/><E78/><V98/><F119/><W1/><G1/><T133/><REACH who="0" step="1"/><D133/><REACH who="0" ten="299,181,410,100" step="2"/><U109/><E109/><V65/><F9/><W79/><REACH who="3" step="1"/><G128/><REACH who="3" ten="299,181,410,90" step="2"/><T8/><D8/><N who="1" m="6343" /><E116/><V11/><F10/><W28/><G28/><T27/><D27/><U83/><E75/><V32/><F32/><W49/><G49/><T66/><AGARI ba="1,2" hai="44,46,47,59,63,66,89,91,93,96,100,101,102,103" machi="66" ten="30,4000,0" yaku="1,1,0,1,8,1,53,0" doraHai="12" doraHaiUra="19" who="0" fromWho="0" sc="299,63,181,-21,410,-11,90,-11" /><INIT seed="6,0,0,4,3,132" ten="362,160,399,79" oya="2" hai0="23,63,64,78,128,8,91,74,92,31,111,106,97" hai1="58,41,98,39,13,1,18,33,42,71,79,131,69" hai2="96,135,17,129,38,133,27,56,59,95,66,77,127" hai3="62,2,53,32,102,86,22,117,50,25,134,49,10"/><V5/><F127/><W51/><G134/><N who="2" m="51209" /><F129/><W103/><G117/><T114/><D128/><U55/><E1/><V110/><F110/><W85/><G32/><T115/><D8/><U43/><E39/><V101/><F38/><W125/><G10/><T19/><D31/><U116/><E116/><V44/><F5/><W123/><G2/><T100/><D111/><U65/><E33/><V94/><F77/><W54/><G123/><T46/><D46/><U67/><E79/><V28/><F44/><W35/><G35/><T122/><D122/><U105/><E105/><N who="2" m="63655" /><F17/><W20/><G62/><T118/><D118/><U93/><E71/><V14/><F14/><W45/><G50/><T121/><D78/><U89/><E69/><V104/><F104/><W11/><G45/><T0/><D74/><U40/><E131/><V36/><F36/><W9/><REACH who="3" step="1"/><G25/><REACH who="3" ten="362,160,399,69" step="2"/><T108/><D0/><U88/><E41/><V120/><F120/><W76/><G76/><T126/><D121/><U34/><E34/><N who="2" m="20767" /><F59/><W29/><G29/><T81/><D108/><U84/><E58/><V21/><F21/><W15/><G15/><T90/><D23/><U113/><E40/><V24/><F24/><W30/><G30/><T68/><D68/><U80/><E42/><V109/><F109/><W82/><G82/><T61/><D81/><U124/><E43/><V12/><F12/><W26/><G26/><T119/><D119/><U73/><E18/><V107/><F107/><W7/><G7/><T72/><D106/><U87/><E13/><V83/><F83/><W6/><G6/><T99/><D19/><RYUUKYOKU ba="0,1" sc="362,-15,160,-15,399,15,69,15" hai2="56,66,94,95" hai3="9,11,20,22,49,51,53,54,85,86,102,103,125" /><INIT seed="6,1,1,3,4,127" ten="347,145,414,84" oya="2" hai0="26,49,71,126,21,68,23,94,19,5,81,12,105" hai1="43,112,109,44,113,74,37,80,9,104,16,42,35" hai2="135,48,87,122,72,119,95,92,41,86,124,102,129" hai3="34,78,15,70,76,3,22,32,97,8,69,18,118"/><V120/><F119/><W115/><G118/><T52/><D105/><U30/><E43/><V91/><F41/><W79/><G115/><N who="1" m="44106" /><E104/><V84/><F48/><W56/><G97/><T133/><D126/><U123/><E109/><V96/><F124/><W64/><G56/><T40/><D40/><U103/><E103/><V1/><F1/><W108/><G108/><T100/><D81/><U46/><E46/><V98/><F135/><W29/><G64/><T125/><D133/><U75/><E80/><V51/><F51/><W31/><G31/><T0/><D0/><U77/><E77/><V24/><F24/><W45/><G45/><T36/><D36/><U63/><E63/><V2/><F2/><W85/><G85/><T4/><D71/><U53/><E53/><V101/><F129/><W25/><REACH who="3" step="1"/><G34/><REACH who="3" ten="347,145,414,74" step="2"/><T93/><D125/><U27/><E123/><N who="2" m="47147" /><F72/><W57/><G57/><N who="0" m="32911" /><D68/><U20/><E35/><V28/><F28/><W132/><G132/><T130/><D100/><AGARI ba="1,2" hai="84,86,87,91,92,95,96,98,100,101,102" m="47147" machi="100" ten="30,2900,0" yaku="34,2" doraHai="127" who="2" fromWho="0" sc="347,-32,145,0,414,52,74,0" /><INIT seed="6,2,0,0,5,13" ten="315,145,466,74" oya="2" hai0="131,68,123,130,82,62,67,22,39,12,86,17,76" hai1="97,41,25,92,120,107,11,27,61,133,80,8,53" hai2="40,129,50,19,83,5,79,84,94,43,66,4,119" hai3="102,45,70,32,91,85,71,124,65,111,36,29,110"/><V104/><F104/><W87/><G124/><T64/><D123/><U125/><E107/><V14/><F119/><W134/><G134/><T100/><D39/><U88/><E125/><V6/><F129/><W33/><G36/><T126/><D126/><U30/><E133/><V2/><F2/><W7/><G7/><T75/><D100/><U99/><E41/><V63/><F94/><W46/><G65/><T28/><D67/><U96/><E80/><V128/><F50/><W89/><REACH who="3" step="1"/><G29/><REACH who="3" ten="315,145,466,64" step="2"/><T74/><REACH who="0" step="1"/><D28/><REACH who="0" ten="305,145,466,64" step="2"/><U37/><E37/><V112/><F112/><W21/><G21/><T34/><D34/><U42/><E120/><V95/><F128/><AGARI ba="2,2" hai="12,17,22,62,64,68,74,75,76,82,86,128,130,131" machi="128" ten="40,8000,1" yaku="1,1,19,1,52,1,53,2" doraHai="13" doraHaiUra="105" who="0" fromWho="2" sc="305,106,145,0,466,-86,64,0" /><INIT seed="7,0,0,5,2,68" ten="411,145,380,64" oya="3" hai0="18,23,121,116,83,67,82,78,93,48,108,1,122" hai1="57,54,16,31,8,79,125,81,26,107,37,66,132" hai2="64,102,59,34,71,115,72,35,104,109,51,77,45" hai3="128,11,33,69,75,91,40,98,130,135,84,43,19"/><W111/><G33/><T99/><D108/><U3/><E107/><V124/><F109/><W2/><G111/><T133/><D1/><U73/><E37/><V100/><F124/><W20/><G75/><T117/><D67/><U94/><E125/><V22/><F115/><W13/><G69/><T32/><D32/><U70/><E132/><V7/><F71/><W53/><G98/><T114/><D114/><U87/><E66/><V60/><F7/><N who="3" m="1527" /><G53/><T28/><D28/><U38/><E38/><V49/><F22/><W10/><G10/><T30/><D30/><U110/><E110/><V39/><F72/><W36/><G36/><T44/><D133/><U25/><E70/><V127/><F77/><W41/><G135/><T15/><D83/><U101/><E31/><V97/><F127/><W123/><G123/><T85/><D117/><U103/><E3/><V4/><F4/><W106/><G106/><T52/><D116/><U14/><E73/><V112/><F112/><W56/><G56/><T61/><D61/><N who="1" m="36023" /><E103/><AGARI ba="0,0" hai="15,18,23,44,48,52,78,82,85,93,99,103,121,122" machi="103" ten="30,2000,0" yaku="7,1,54,1" doraHai="68" who="0" fromWho="1" sc="411,20,145,-20,380,0,64,0" owari="431,53.1,125,-27.5,380,18.0,64,-43.6" /></mjloggm>