<mjloggm ver="2.3"><GO type="169" lobby="0"/><UN n0="%E9%87%A3%E3%82%8A%E6%97%A5%E5%92%8C" n1="%E5%9D%8A%E3%82%84%E3%81%A1%E3%81%A4" n2="%E3%81%8A%E3%81%9F%E3%81%BE%E3%82%8B" n3="%6B%69%72%61%72%69%79%75" dan="18,16,16,16" rate="2254.66,2063.23,2080.43,2124.27" sx="M,M,M,M"/><TAIKYOKU oya="0"/><INIT seed="0,0,0,4,1,91" ten="250,250,250,250" oya="0" hai0="34,6,18,28,112,105,102,0,75,83,96,14,98" hai1="118,122,117,128,108,52,94,26,54,76,25,62,99" hai2="87,68,35,10,124,8,64,88,74,40,97,7,27" hai3="56,59,71,111,101,80,21,30,43,53,115,65,72"/><T119/><D112/><U135/><E122/><V2/><F74/><W39/><G115/><T32/><D119/><U100/><E108/><V13/><F124/><W133/><G111/><T130/><D130/><U67/><E135/><V123/><F123/><W78/><G133/><T104/><D6/><U51/><E128/><V120/><F120/><W37/><G101/><T134/><D0/><U114/><E114/><V22/><F40/><W46/><G37/><T4/><D4/><U69/><E54/><V29/><F97/><W33/><G33/><T17/><D28/><U9/><E9/><V92/><F35/><W50/><G59/><T125/><D134/><U42/><E42/><V49/><F49/><W58/><G58/><T12/><D83/><U3/><E3/><V60/><REACH who="2" step="1"/><F10/><REACH who="2" ten="250,250,240,250" step="2"/><W41/><G41/><T48/><D48/><U85/><E118/><V109/><F109/><W110/><G110/><T45/><D75/><U79/><E117/><V82/><F82/><W38/><G38/><T132/><D132/><U36/><E36/><V131/><F131/><W70/><G21/><T126/><D102/><U106/><E106/><V90/><F90/><W73/><G73/><T1/><D1/><AGARI ba="0,1" hai="1,2,7,8,13,22,27,29,60,64,68,87,88,92" machi="1" ten="40,5200,0" yaku="1,1,52,1,54,1,53,0" doraHai="91" doraHaiUra="121" who="2" fromWho="0" sc="250,-52,250,0,240,62,250,0" /><INIT seed="1,0,0,5,3,93" ten="198,250,302,250" oya="1" hai0="117,129,101,111,11,10,43,29,102,32,18,78,61" hai1="107,56,57,58,14,126,63,13,48,87,21,35,91" hai2="71,4,38,77,47,115,54,96,128,123,74,97,51" hai3="88,12,75,98,37,83,120,76,103,33,49,64,105"/><U95/><E126/><V20/><F123/><W23/><G33/><T134/><D117/><U67/><E107/><V66/><F128/><W3/><G3/><T81/><D129/><U5/><E35/><V122/><F122/><W1/><G1/><T113/><D113/><U132/><E132/><V28/><F115/><W116/><G37/><T16/><D134/><U36/><E36/><V25/><F38/><W30/><G120/><T8/><D43/><U94/><E5/><V55/><F4/><W15/><G64/><T89/><D89/><U39/><E39/><V80/><REACH who="2" step="1"/><F55/><REACH who="2" ten="198,250,292,250" step="2"/><W17/><G116/><T41/><D111/><U65/><E65/><V59/><F59/><W118/><G118/><T90/><D41/><U42/><E58/><V24/><F24/><W127/><G127/><T135/><D135/><U85/><E57/><V73/><F73/><W69/><G69/><T112/><D112/><U119/><E119/><V22/><F22/><W45/><G75/><T34/><D32/><U124/><E124/><V7/><F7/><W2/><G23/><T6/><D6/><U53/><E21/><V114/><F114/><W131/><G131/><T44/><D34/><U62/><E42/><V19/><F19/><W26/><G17/><T46/><D16/><U50/><E67/><V68/><F68/><W0/><G26/><T125/><D18/><U72/><E72/><V86/><F86/><N who="3" m="50271" /><G30/><T108/><D108/><U110/><E110/><V52/><F52/><N who="3" m="29743" /><G0/><T40/><D8/><U27/><E27/><V79/><F79/><W99/><G76/><T60/><D125/><RYUUKYOKU ba="0,1" sc="198,-10,250,-10,292,30,250,-10" hai2="20,25,28,47,51,54,66,71,74,77,80,96,97" /><INIT seed="2,1,1,0,0,68" ten="188,240,322,240" oya="2" hai0="97,31,32,115,111,37,28,127,83,100,125,91,92" hai1="11,105,45,67,128,56,78,0,86,43,103,1,74" hai2="8,109,82,64,75,81,63,33,71,47,4,30,46" hai3="65,84,95,132,38,108,99,17,70,135,101,29,60"/><V5/><F5/><W6/><G108/><T113/><D32/><U133/><E133/><N who="3" m="51274" /><G6/><T41/><D111/><U124/><E124/><N who="0" m="47689" /><D31/><U94/><E128/><V93/><F109/><W21/><G29/><T22/><D22/><U118/><E118/><V14/><F93/><W49/><G49/><T52/><D28/><U18/><E105/><V72/><F81/><W98/><G84/><N who="0" m="50591" /><D52/><U134/><E134/><V19/><F82/><W61/><G61/><T51/><D51/><U42/><E74/><V130/><F130/><W87/><G87/><T24/><D24/><U73/><E86/><V122/><F122/><W15/><G99/><T62/><D62/><U85/><E85/><V36/><F4/><W123/><G123/><T54/><D54/><U58/><E1/><V102/><F75/><W53/><G53/><T9/><D9/><U59/><E73/><V77/><F72/><W26/><G26/><T119/><D119/><U25/><E25/><V35/><F63/><W89/><G38/><T121/><D121/><U112/><E0/><V129/><F36/><W131/><G131/><T126/><N who="0" m="47697" /><T34/><DORA hai="90" /><D34/><U39/><E39/><V12/><F35/><W44/><G44/><AGARI ba="1,1" hai="37,41,44,92,97,100,113,115" m="50591,47697" machi="44" ten="40,5200,0" yaku="18,1,52,2" doraHai="68,90" who="0" fromWho="3" sc="188,65,240,0,322,0,240,-55" /><INIT seed="3,0,0,2,0,99" ten="253,240,322,185" oya="3" hai0="1,68,37,38,14,6,94,16,44,96,46,131,9" hai1="102,84,15,52,7,71,28,78,114,103,124,126,127" hai2="45,79,86,129,108,85,97,0,57,55,22,21,19" hai3="91,88,95,82,122,81,76,109,133,2,49,121,13"/><W5/><G2/><T119/><D68/><U128/><E114/><V32/><F32/><W59/><G133/><T125/><D119/><U23/><E128/><V62/><F129/><W106/><G106/><T101/><D125/><U89/><E78/><V64/><F108/><W53/><G109/><T75/><D75/><U92/><E71/><V60/><F0/><W36/><G36/><T105/><D105/><U40/><E40/><V41/><F97/><W56/><G56/><T132/><D131/><U98/><E98/><V111/><F111/><W107/><G107/><T117/><D117/><U130/><E130/><V20/><F19/><W31/><G31/><T116/><D116/><U112/><E112/><V17/><F17/><W34/><G34/><T93/><D93/><U33/><E33/><V63/><F79/><W90/><G95/><T77/><D77/><U123/><E123/><V65/><F55/><W4/><G82/><T25/><D25/><N who="1" m="16447" /><E52/><V10/><F10/><AGARI ba="0,0" hai="7,10,15,84,89,92,102,103,124,126,127" m="16447" machi="10" ten="30,3900,0" yaku="18,1,52,2" doraHai="99" who="1" fromWho="2" sc="253,0,240,39,322,-39,185,0" /><INIT seed="4,0,0,1,3,23" ten="253,279,283,185" oya="0" hai0="58,35,92,6,88,102,127,83,11,63,33,135,10" hai1="115,39,111,134,86,9,133,77,109,121,71,80,17" hai2="30,84,25,131,29,117,73,91,24,122,120,43,123" hai3="81,36,87,85,47,75,32,101,106,18,65,64,2"/><T61/><D135/><N who="1" m="51723" /><E71/><V1/><F73/><W76/><G2/><T116/><D116/><U95/><E39/><V50/><F117/><W7/><G7/><T49/><D127/><U110/><E17/><V51/><F1/><W118/><G118/><T19/><D35/><U125/><E9/><V69/><F69/><W108/><G108/><T124/><D33/><U56/><E56/><V52/><F131/><W15/><G32/><T22/><D124/><U34/><E34/><V128/><F128/><W104/><G87/><N who="0" m="50303" /><D49/><U113/><E125/><V57/><F43/><W89/><G36/><T130/><D63/><U0/><E0/><V54/><F84/><W66/><G47/><T78/><D78/><U100/><E121/><V93/><F93/><W112/><G112/><N who="1" m="43082" /><E95/><V31/><REACH who="2" step="1"/><F91/><REACH who="2" ten="253,279,273,185" step="2"/><W90/><G90/><T21/><D130/><U26/><E100/><V45/><AGARI ba="0,1" hai="24,25,29,30,31,45,50,51,52,54,57,120,122,123" machi="45" ten="40,12000,2" yaku="1,1,2,1,0,1,52,2,54,1,53,0" doraHai="23" doraHaiUra="68" who="2" fromWho="2" sc="253,-60,279,-30,273,130,185,-30" /><INIT seed="5,0,0,2,5,96" ten="193,249,403,155" oya="1" hai0="26,95,7,59,113,109,127,17,87,24,69,44,80" hai1="25,91,124,92,31,93,46,23,116,2,55,27,58" hai2="131,77,102,115,22,83,98,54,130,12,0,65,11" hai3="61,70,36,106,21,6,122,85,32,119,86,63,110"/><U33/><E116/><V97/><F115/><W101/><G119/><T112/><D109/><U45/><E2/><V9/><F65/><W47/><G110/><T67/><D69/><U89/><E124/><V3/><F54/><W71/><G122/><T10/><D127/><U134/><E134/><V41/><F41/><W111/><G32/><T73/><D44/><U51/><E92/><V105/><F22/><W76/><G111/><T68/><D68/><U52/><E93/><V108/><F108/><W117/><G117/><T125/><D73/><U79/><E79/><V72/><F98/><W81/><G6/><T118/><D17/><U121/><E121/><V107/><F107/><W129/><G129/><N who="2" m="49161" /><F9/><W8/><G8/><T15/><D67/><U57/><E45/><V64/><F64/><W35/><G35/><T104/><D59/><U94/><E94/><V4/><AGARI ba="0,0" hai="0,3,4,11,12,72,77,83,97,102,105" m="49161" machi="4" ten="30,2000,0" yaku="19,1,52,1" doraHai="96" who="2" fromWho="2" sc="193,-5,249,-10,403,20,155,-5" /><INIT seed="6,0,0,0,2,67" ten="188,239,423,150" oya="2" hai0="119,89,10,96,17,81,53,64,5,40,135,117,63" hai1="92,25,82,118,102,15,22,13,37,68,11,1,100" hai2="62,19,69,130,87,30,42,79,8,52,24,105,45" hai3="73,97,93,98,122,76,128,133,106,112,43,127,132"/><V47/><F105/><W44/><G122/><T9/><D135/><U125/><E118/><V61/><F130/><W12/><G128/><T34/><D34/><U99/><E37/><V70/><F79/><W41/><G127/><T124/><D124/><U131/><E131/><V35/><F87/><W115/><G12/><T116/><D40/><U123/><E1/><V91/><F91/><N who="3" m="55487" /><G44/><T14/><D53/><U72/><E72/><V120/><F120/><W110/><G41/><T77/><D89/><U29/><E102/><V0/><F0/><W126/><G43/><T114/><D96/><U103/><E103/><V88/><F88/><W113/><G110/><T134/><D134/><N who="3" m="51817" /><G126/><T65/><D114/><U104/><E104/><V101/><F101/><N who="3" m="62775" /><G76/><T28/><D28/><U26/><E29/><V85/><F30/><W7/><G7/><T32/><D32/><U121/><E125/><V46/><F35/><W74/><AGARI ba="0,0" hai="73,74,112,113,115" m="62775,51817,55487" machi="74" ten="40,8000,1" yaku="15,1,11,1,20,1,34,2" doraHai="67" who="3" fromWho="3" sc="188,-20,239,-20,423,-40,150,80" /><INIT seed="7,0,0,2,2,110" ten="168,219,383,230" oya="3" hai0="68,99,135,87,79,95,123,131,116,56,20,90,97" hai1="23,61,35,128,98,39,122,41,102,60,100,71,134" hai2="47,78,5,80,25,114,88,92,84,76,12,70,0" hai3="44,72,57,55,53,37,6,38,133,2,17,112,111"/><W121/><G121/><T119/><D68/><U103/><E35/><V11/><F114/><W125/><G111/><T49/><D123/><U89/><E122/><V1/><F70/><W28/><G72/><T105/><D135/><U18/><E134/><V101/><F101/><W40/><G112/><T63/><D131/><U91/><E128/><V16/><F47/><W83/><G83/><T3/><D3/><U21/><E39/><V74/><F76/><W82/><G82/><T75/><D49/><U15/><E41/><V29/><F5/><W54/><G125/><T58/><D58/><U124/><E124/><V14/><F14/><W30/><G133/><T34/><D34/><AGARI ba="0,0" hai="0,1,11,12,16,25,29,34,74,78,80,84,88,92" machi="34" ten="30,3900,0" yaku="7,1,54,2" doraHai="110" who="2" fromWho="0" sc="168,-39,219,0,383,39,230,0" owari="129,-37.1,219,-18.1,422,52.2,230,3.0" /></mjloggm>