<mjloggm ver="2.3"><GO type="169" lobby="0"/><UN n0="%4E%4F%54%41" n1="%E8%87%AA%E6%92%AE%E3%82%8A%E3%83%9E%E3%82%B9%E3%82%BF%E3%83%BC" n2="%E7%89%8C%E6%B5%81%E7%8A%B6%E6%85%8B%E9%BA%BB%E9%9B%80" n3="%E3%81%BB%E3%81%86%EF%BC%81" dan="16,16,16,16" rate="2122.29,2036.63,2144.86,2116.18" sx="M,M,M,M"/><TAIKYOKU oya="0"/><INIT seed="0,0,0,1,1,80" ten="250,250,250,250" oya="0" hai0="77,131,62,87,126,6,90,117,120,83,106,46,49" hai1="31,60,28,25,133,58,17,101,128,72,73,29,12" hai2="14,67,57,24,16,125,15,86,96,74,64,114,127" hai3="7,37,32,47,134,100,36,115,88,50,109,5,11"/><T81/><D117/><U105/><E128/><V43/><F74/><W10/><G115/><T118/><D118/><U94/><E133/><V21/><F114/><W121/><G32/><T51/><D131/><U35/><E105/><V30/><F43/><W66/><G109/><T123/><D106/><U84/><E73/><V9/><F96/><W135/><G66/><T130/><D130/><U1/><E1/><V129/><F129/><W124/><G100/><T4/><D126/><N who="2" m="48138" /><F57/><W85/><G121/><T54/><D120/><U119/><E72/><V91/><F15/><N who="3" m="5583" /><G124/><T111/><D111/><U65/><E119/><V56/><F56/><W34/><G34/><T48/><D123/><U19/><E101/><V53/><F53/><N who="3" m="29919" /><G11/><T95/><D83/><AGARI ba="0,0" hai="9,14,16,21,24,30,64,67,83,86,91" m="48138" machi="83" ten="30,3900,0" yaku="18,1,52,1,54,1" doraHai="80" who="2" fromWho="0" sc="250,-39,250,0,250,39,250,0" /><INIT seed="1,0,0,3,4,41" ten="211,250,289,250" oya="1" hai0="46,107,12,47,133,78,82,6,61,17,69,99,110" hai1="126,87,37,9,38,33,7,113,122,51,53,108,58" hai2="84,88,32,125,39,5,55,67,75,114,134,10,23" hai3="21,70,119,135,50,48,127,100,111,118,117,129,52"/><U120/><E113/><V35/><F75/><W43/><G100/><T66/><D6/><U24/><E126/><V90/><F125/><W102/><G127/><T97/><D133/><U16/><E108/><V74/><F74/><W31/><G135/><T86/><D110/><U105/><E105/><V11/><F134/><W20/><G111/><T65/><D65/><U103/><E103/><V18/><F114/><W13/><G70/><T132/><D132/><U59/><E37/><V8/><F5/><W91/><G102/><T93/><D107/><U27/><E38/><V124/><F124/><W64/><G64/><T106/><D106/><U3/><BYE who="0" /><E33/><V28/><F39/><UN n0="%4E%4F%54%41" /><W68/><G68/><T54/><D54/><U81/><E59/><V30/><F67/><W45/><G129/><T128/><D128/><U101/><E101/><V29/><F55/><W83/><G31/><T26/><D26/><U121/><REACH who="1" step="1"/><E16/><REACH who="1" ten="211,240,289,250" step="2"/><V80/><F35/><W2/><G117/><T0/><D69/><U89/><AGARI ba="0,1" hai="3,7,9,24,27,51,53,58,81,87,89,120,121,122" machi="89" ten="30,11700,0" yaku="1,1,2,1,0,1,53,1" doraHai="41" doraHaiUra="34" who="1" fromWho="1" sc="211,-39,240,127,289,-39,250,-39" /><INIT seed="1,1,0,5,4,109" ten="172,367,250,211" oya="1" hai0="77,19,124,54,125,2,106,37,51,121,38,129,68" hai1="5,128,52,119,46,76,74,114,63,64,75,42,126" hai2="41,81,40,133,99,61,67,65,14,131,135,43,70" hai3="100,115,15,72,91,102,127,44,66,123,82,107,84"/><U103/><E119/><V113/><F81/><W0/><G0/><T62/><D2/><U80/><E128/><V87/><F87/><W49/><G123/><T30/><D106/><U132/><E132/><N who="2" m="50763" /><F99/><W20/><G127/><N who="0" m="48715" /><D30/><U111/><E114/><V50/><F14/><W117/><G115/><T31/><D31/><U24/><E111/><V130/><F113/><W34/><G34/><T78/><D19/><U83/><E5/><V101/><F101/><W18/><G117/><T32/><D32/><U17/><E103/><V26/><F26/><W35/><G35/><T33/><D33/><U90/><E126/><V13/><F13/><W94/><G66/><N who="0" m="41047" /><D129/><N who="2" m="49162" /><F67/><W6/><G6/><T58/><D121/><U25/><E24/><V108/><F108/><W9/><G107/><T21/><D21/><U112/><E25/><V29/><F29/><W57/><G20/><T110/><D110/><U10/><E17/><V89/><F89/><W4/><G18/><T116/><D116/><U92/><E112/><V104/><F104/><W69/><G102/><T86/><D86/><U47/><E90/><V22/><F22/><W16/><G100/><T120/><D120/><U53/><E75/><V3/><F3/><W79/><G4/><T73/><D73/><U36/><E74/><V48/><AGARI ba="1,0" hai="40,41,43,48,50,61,65,70" m="49162,50763" machi="48" ten="40,8000,1" yaku="20,1,19,1,34,2" doraHai="109" who="2" fromWho="2" sc="172,-21,367,-41,250,83,211,-21" /><INIT seed="2,0,0,3,4,132" ten="151,326,333,190" oya="2" hai0="53,104,59,55,76,24,78,71,9,114,123,56,51" hai1="95,8,118,73,19,46,22,135,48,16,60,69,83" hai2="133,124,122,49,99,18,3,97,130,14,84,33,4" hai3="42,85,112,12,131,44,31,67,32,107,34,63,23"/><V43/><F122/><W26/><G131/><T80/><D123/><U115/><E115/><V1/><F133/><W54/><G112/><T126/><D114/><U70/><E135/><V41/><F33/><W25/><G107/><T15/><D71/><U37/><E118/><V2/><F130/><W119/><G119/><T0/><D104/><U29/><E37/><V17/><F4/><W62/><G12/><T38/><D38/><U127/><E127/><V68/><F68/><W111/><G54/><T81/><D0/><U117/><E95/><V50/><F1/><W72/><G72/><T39/><D39/><U10/><E46/><V109/><F14/><W28/><G111/><T92/><D24/><U121/><E48/><V27/><F84/><W47/><G23/><T128/><D128/><U108/><E108/><V101/><F27/><W57/><G42/><T30/><D30/><U79/><E121/><V105/><F105/><W110/><G110/><T129/><D129/><U120/><E120/><V88/><F109/><W106/><G106/><T20/><D20/><U116/><E116/><V96/><F96/><W52/><G85/><T87/><D92/><U113/><E113/><V90/><F101/><W93/><G93/><T91/><D126/><AGARI ba="0,0" hai="2,3,17,18,41,43,49,50,88,90,97,99,124,126" machi="126" ten="25,12000,1" yaku="22,2,52,2,54,1" doraHai="132" who="2" fromWho="0" sc="151,-120,326,0,333,120,190,0" /><INIT seed="2,1,0,0,2,108" ten="31,326,453,190" oya="2" hai0="74,133,82,101,10,41,103,18,110,13,115,68,36" hai1="23,11,94,35,3,67,56,47,111,1,42,66,90" hai2="33,134,53,93,55,83,107,27,122,85,104,120,72" hai3="98,32,64,112,71,5,0,17,22,37,7,50,106"/><V30/><F134/><W62/><G37/><T91/><D133/><U24/><E111/><V86/><F72/><W87/><G32/><T19/><D110/><U121/><E35/><V63/><F93/><W84/><G0/><T34/><D68/><U123/><E11/><V14/><F14/><W127/><G127/><T89/><D34/><U92/><E56/><V43/><F43/><W4/><G112/><T49/><D36/><U114/><E23/><V12/><F12/><W81/><G50/><T129/><D129/><U73/><E73/><V29/><F33/><W79/><G87/><T88/><D115/><U77/><E24/><V105/><F105/><W54/><G54/><T69/><D69/><U109/><E109/><V131/><F63/><W99/><REACH who="3" step="1"/><G106/><REACH who="3" ten="31,326,453,180" step="2"/><T44/><REACH who="0" step="1"/><D19/><REACH who="0" ten="21,326,453,180" step="2"/><U45/><E114/><V96/><F131/><W78/><G78/><AGARI ba="1,2" hai="10,13,18,41,44,49,74,78,82,88,89,91,101,103" machi="78" ten="40,5200,0" yaku="1,1,2,1,54,1,53,0" doraHai="108" doraHaiUra="48" who="0" fromWho="3" sc="21,75,326,0,453,0,180,-55" /><INIT seed="3,0,0,4,3,62" ten="96,326,453,125" oya="3" hai0="134,12,54,105,71,65,15,59,30,6,26,69,63" hai1="2,44,48,97,68,74,94,103,18,98,81,32,35" hai2="46,75,66,76,119,78,40,112,121,122,19,58,31" hai3="117,43,50,38,33,22,85,73,104,111,96,36,132"/><W0/><G85/><T130/><D130/><U3/><E68/><V126/><F112/><W125/><G96/><T135/><D105/><U116/><E116/><V67/><F119/><W20/><G22/><T127/><D127/><U107/><E2/><V11/><F31/><W92/><G92/><T84/><D69/><U42/><E3/><V87/><F75/><W23/><G20/><T114/><D114/><U108/><E108/><V60/><F126/><W99/><G23/><T83/><D6/><U52/><E18/><V118/><F118/><W113/><G99/><T133/><D26/><U82/><E42/><V86/><F86/><W106/><G50/><N who="0" m="31191" /><D30/><U8/><E8/><V91/><F67/><W29/><G104/><T89/><AGARI ba="0,0" hai="12,15,63,65,71,83,84,89,133,134,135" m="31191" machi="89" ten="30,2000,0" yaku="20,1,52,1" doraHai="62" who="0" fromWho="0" sc="96,20,326,-5,453,-5,125,-10" /><INIT seed="4,0,0,3,5,67" ten="116,321,448,115" oya="0" hai0="128,14,34,81,53,2,129,23,58,49,107,109,11" hai1="4,70,91,111,98,56,72,114,57,71,84,100,131" hai2="38,13,9,132,62,123,45,108,18,90,52,43,127" hai3="15,93,117,135,77,97,120,41,0,50,36,124,82"/><T83/><D107/><U121/><E111/><V12/><F108/><W74/><G0/><T68/><D34/><U5/><E121/><V116/><F123/><W61/><G120/><T60/><D109/><U22/><E72/><V24/><F132/><W39/><G117/><T80/><D2/><U112/><E131/><N who="0" m="50249" /><D23/><U75/><E75/><V6/><F127/><W119/><G119/><T102/><D102/><U134/><E134/><V40/><F116/><W1/><G1/><T63/><D68/><N who="1" m="26155" /><E22/><V76/><F76/><W99/><G124/><T55/><D55/><U92/><E57/><V31/><F43/><W78/><G41/><T118/><D118/><U79/><E56/><V106/><F106/><W65/><G65/><T59/><D58/><U94/><E79/><V96/><F52/><W69/><G69/><T48/><D60/><U26/><E26/><V101/><F62/><W42/><G61/><T21/><D21/><U126/><E126/><V30/><F24/><W130/><G130/><T89/><D89/><U27/><E27/><V16/><F90/><W88/><G135/><T110/><D110/><U51/><E51/><V37/><F37/><N who="3" m="14411" /><G77/><T103/><D103/><U33/><E33/><V17/><F13/><W25/><G25/><T95/><D95/><U19/><E94/><N who="2" m="58519" /><F31/><W29/><G29/><T104/><D104/><U64/><E64/><V7/><F30/><W66/><G66/><T44/><D44/><U54/><E54/><V32/><F32/><W105/><G15/><T3/><D3/><U85/><E91/><V73/><F73/><W125/><G125/><RYUUKYOKU ba="0,0" sc="116,15,321,-15,448,15,115,-15" hai0="11,14,48,49,53,59,63,80,81,83" hai2="6,7,9,12,16,17,18,38,40,45" /><INIT seed="4,1,0,2,4,7" ten="131,306,463,100" oya="0" hai0="59,0,29,121,26,116,70,12,13,105,75,38,109" hai1="134,34,45,60,96,43,24,8,21,98,14,112,93" hai2="18,111,1,117,82,99,64,87,85,53,62,58,133" hai3="39,88,127,5,4,30,135,126,23,27,91,113,102"/><T56/><D116/><U15/><E134/><V80/><F111/><W94/><G39/><T107/><D121/><U2/><E34/><V9/><F133/><W92/><G135/><T63/><D0/><U77/><E112/><V78/><F117/><W66/><G113/><T89/><D38/><U57/><E77/><V19/><F99/><N who="3" m="57759" /><G66/><T10/><D75/><U28/><E2/><V97/><F97/><N who="3" m="57543" /><G102/><T120/><D120/><U71/><E71/><V103/><F103/><W48/><G48/><T118/><D118/><U11/><E98/><V51/><F51/><W106/><G106/><T128/><D89/><N who="1" m="55343" /><E45/><V129/><F64/><W74/><G74/><T79/><D79/><U101/><E101/><V119/><F119/><W123/><G123/><T86/><D86/><U100/><E100/><V33/><F33/><W31/><G30/><T110/><D70/><U65/><E43/><V95/><F95/><W83/><G83/><T40/><D40/><U114/><E114/><V37/><F37/><W81/><G81/><T52/><D105/><U131/><E131/><V42/><F129/><W35/><G35/><T76/><D107/><U115/><E115/><V16/><F42/><W46/><G46/><T67/><D76/><U90/><E90/><N who="2" m="51495" /><F1/><W32/><G32/><T132/><D132/><U49/><E49/><V22/><F22/><W69/><G69/><T68/><D68/><U104/><E104/><V41/><F41/><W20/><G20/><N who="0" m="15559" /><D128/><U130/><E130/><V6/><F78/><W50/><G50/><N who="0" m="30743" /><D10/><AGARI ba="1,0" hai="8,10,11,14,15,21,24,28,57,60,65" m="55343" machi="10" ten="30,7700,0" yaku="8,1,52,3" doraHai="7" who="1" fromWho="0" sc="131,-80,306,80,463,0,100,0" /><INIT seed="5,0,0,5,2,64" ten="51,386,463,100" oya="1" hai0="20,21,105,79,19,18,88,117,135,3,32,131,36" hai1="87,57,16,2,90,43,65,45,119,121,50,94,125" hai2="95,66,60,134,100,62,12,55,122,109,9,72,38" hai3="107,68,11,52,118,34,7,28,31,13,124,39,129"/><U128/><E119/><V22/><F109/><W130/><G107/><T37/><D117/><U120/><E128/><N who="3" m="49258" /><G118/><T17/><D131/><U73/><E73/><V61/><F22/><W75/><G75/><T78/><D32/><U99/><E125/><V67/><F61/><W110/><G39/><N who="0" m="14923" /><D105/><U5/><E2/><V63/><F55/><W102/><G124/><T92/><D3/><U27/><E5/><V29/><F9/><W4/><G102/><T71/><D71/><U108/><E108/><V112/><F12/><W46/><G110/><T132/><D21/><U15/><E27/><V97/><F134/><N who="0" m="51242" /><D20/><U76/><E65/><V127/><F100/><W58/><G68/><T42/><D42/><U23/><REACH who="1" step="1"/><E57/><REACH who="1" ten="51,376,463,100" step="2"/><V113/><F67/><W25/><G58/><T47/><D47/><U114/><E114/><V93/><F66/><W98/><G46/><T96/><AGARI ba="0,1" hai="17,18,19,78,79,88,92,96" m="51242,14923" machi="96" ten="40,2700,0" yaku="20,1,54,1" doraHai="64" who="0" fromWho="0" sc="51,37,376,-13,463,-7,100,-7" /><INIT seed="6,0,0,1,4,40" ten="88,363,456,93" oya="2" hai0="103,5,31,49,37,72,0,130,108,109,48,70,102" hai1="21,115,81,66,18,122,68,41,90,36,74,76,67" hai2="23,32,86,15,57,97,105,24,98,78,89,64,42" hai3="107,19,123,94,110,116,8,17,113,38,9,65,87"/><V62/><F78/><W59/><G107/><T20/><D37/><U134/><E115/><V96/><F32/><W132/><G110/><T106/><D70/><U82/><E134/><V124/><F124/><W51/><G116/><T16/><D72/><U95/><E122/><V131/><F131/><W63/><G38/><T92/><D106/><U29/><E82/><V34/><F34/><W44/><G123/><T39/><D39/><U133/><E133/><V121/><F121/><W50/><G50/><T77/><D77/><U13/><E68/><V7/><F42/><N who="3" m="24983" /><G113/><T14/><D31/><U126/><E126/><V58/><F105/><W120/><G120/><T119/><D119/><U12/><E29/><V79/><F79/><W99/><G87/><T101/><D130/><U53/><E53/><V73/><F73/><W61/><G61/><T10/><D48/><U1/><E1/><V43/><F43/><W4/><G4/><T69/><D69/><U117/><E117/><V2/><F2/><W85/><G85/><T26/><D0/><U47/><REACH who="1" step="1"/><E12/><REACH who="1" ten="88,353,456,93" step="2"/><V71/><F15/><W52/><G65/><T11/><D109/><U125/><E125/><V127/><F127/><W30/><G30/><T84/><D108/><U80/><E80/><V93/><F71/><W35/><G132/><T114/><D114/><U135/><E135/><V104/><F64/><W129/><G129/><T91/><D10/><N who="3" m="4201" /><G35/><T54/><D54/><U83/><E83/><V6/><F24/><W25/><G25/><T128/><D128/><U88/><E88/><AGARI ba="0,1" hai="17,19,52,59,63,88,94,99" m="4201,24983" machi="88" ten="30,7700,0" yaku="8,1,52,1,54,2" doraHai="40" who="3" fromWho="1" sc="88,0,353,-77,456,0,93,87" /><INIT seed="7,0,0,1,3,65" ten="88,276,456,180" oya="3" hai0="81,68,134,21,25,30,106,115,32,0,87,129,49" hai1="107,84,40,11,135,109,118,127,78,33,20,94,41" hai2="38,119,88,71,5,116,70,9,99,52,6,15,86" hai3="123,59,85,7,27,96,126,104,73,14,72,47,122"/><W95/><G126/><T111/><D111/><U45/><E107/><V130/><F38/><W58/><G47/><T90/><D134/><U89/><E33/><V53/><F99/><W16/><G72/><T19/><D129/><U57/><E109/><V121/><F121/><W46/><G73/><T8/><D106/><U113/><E113/><V75/><F75/><W48/><G122/><T10/><D115/><U60/><E135/><V102/><F102/><W29/><G7/><T39/><D39/><U120/><E120/><V26/><F26/><W128/><G85/><T43/><D0/><U23/><E78/><V54/><F130/><W34/><G123/><T117/><D117/><U22/><E118/><V18/><F119/><W80/><G80/><T131/><D131/><U63/><E63/><V66/><F116/><W64/><G64/><T108/><D108/><U35/><E35/><V92/><F66/><W103/><G104/><T133/><D133/><U74/><E74/><V82/><F82/><W100/><G103/><T3/><D3/><U110/><E127/><V37/><F37/><W50/><G50/><T13/><D68/><U125/><E125/><V17/><F5/><W105/><G105/><T62/><D62/><U132/><E132/><V2/><F2/><W42/><G128/><T76/><D76/><U24/><E45/><V12/><F6/><W77/><G77/><T61/><D61/><U36/><E60/><V97/><F86/><W31/><G31/><T114/><REACH who="0" step="1"/><D114/><REACH who="0" ten="78,276,456,180" step="2"/><U79/><E36/><V93/><F93/><N who="3" m="58383" /><G46/><AGARI ba="0,1" hai="8,10,13,19,21,25,30,32,43,46,49,81,87,90" machi="46" ten="40,1300,0" yaku="1,1,53,0" doraHai="65" doraHaiUra="55" who="0" fromWho="3" sc="78,23,276,0,456,0,180,-13" owari="101,-39.9,276,7.6,456,55.6,167,-23.3" /></mjloggm>