<mjloggm ver="2.3"><GO type="169" lobby="0"/><UN n0="%6D%61%6A%75%6E%69%61" n1="%E9%9B%A8%E6%9C%88%E3%81%A4%E3%82%86" n2="%E3%83%95%E3%82%AF%E3%83%80%E3%83%B3%E3%83%81%E3%83%A7" n3="%E3%81%A7%E3%82%93%E3%81%A4%E3%81%86" dan="17,16,16,18" rate="2152.20,2116.13,2134.39,2214.44" sx="M,M,M,M"/><TAIKYOKU oya="0"/><INIT seed="0,0,0,5,4,72" ten="250,250,250,250" oya="0" hai0="30,79,61,38,103,57,78,31,70,99,75,34,28" hai1="92,115,83,135,59,119,17,27,77,45,62,96,132" hai2="87,81,16,51,112,33,21,85,49,5,102,2,101" hai3="25,82,58,47,74,23,97,69,123,22,110,19,111"/><T1/><D38/><U117/><E115/><V105/><F33/><W50/><G69/><T44/><D1/><U67/><E45/><V15/><F112/><W39/><G123/><T130/><D130/><U48/><E48/><N who="2" m="18507" /><F2/><W121/><G121/><T129/><D129/><U3/><E3/><V26/><F105/><W134/><G134/><N who="1" m="51242" /><E27/><V64/><F64/><W93/><G58/><T8/><D44/><U84/><E17/><N who="2" m="12591" /><F87/><W54/><G39/><T133/><D133/><U14/><E14/><V76/><F5/><W131/><G131/><T91/><D34/><U94/><E94/><V109/><F109/><W52/><G54/><N who="0" m="33975" /><D75/><U37/><E37/><V118/><F118/><W53/><G53/><T86/><D70/><U122/><E122/><V63/><F63/><W106/><G106/><T80/><D8/><AGARI ba="0,0" hai="8,15,16,76,81,85,101,102" m="12591,18507" machi="8" ten="30,3900,0" yaku="8,1,52,1,54,1" doraHai="72" who="2" fromWho="0" sc="250,-39,250,0,250,39,250,0" /><INIT seed="1,0,0,0,3,81" ten="211,250,289,250" oya="1" hai0="97,63,71,38,15,127,96,56,134,2,74,93,108" hai1="39,103,116,102,77,90,104,106,100,88,92,5,130" hai2="18,114,50,113,87,30,112,14,37,28,43,118,54" hai3="58,33,52,7,9,75,84,34,31,101,20,132,60"/><U32/><E32/><V19/><F118/><W80/><G75/><T133/><D38/><U8/><E39/><V110/><F110/><W35/><G101/><T22/><D2/><U3/><E116/><V26/><F37/><W94/><G94/><T67/><D108/><U66/><E66/><V23/><F43/><W47/><G132/><T69/><D74/><U62/><E62/><V79/><F79/><W11/><G47/><T29/><D127/><U41/><E41/><V70/><F70/><W4/><G4/><T89/><D96/><U57/><E57/><V99/><F99/><W119/><G119/><T12/><D12/><U10/><E130/><V85/><F19/><W48/><G60/><T53/><D53/><U78/><E3/><V83/><F83/><W76/><REACH who="3" step="1"/><G7/><REACH who="3" ten="211,250,289,240" step="2"/><T6/><D6/><U21/><E5/><V17/><F17/><W55/><G55/><T129/><D129/><U46/><E46/><N who="2" m="27991" /><F30/><W0/><G0/><T44/><D44/><U51/><E92/><V124/><F124/><W16/><G16/><N who="0" m="10527" /><D29/><U122/><E103/><V125/><F125/><W115/><G115/><T107/><D107/><U40/><E104/><V126/><F126/><W68/><G68/><T49/><D49/><U135/><E106/><V59/><F59/><W25/><AGARI ba="0,1" hai="9,11,20,25,31,33,34,35,48,52,58,76,80,84" machi="25" ten="40,8000,1" yaku="1,1,0,1,52,1,54,1,53,0" doraHai="81" doraHaiUra="42" who="3" fromWho="3" sc="211,-20,250,-40,289,-20,240,90" /><INIT seed="2,0,0,2,4,103" ten="191,210,269,330" oya="2" hai0="25,121,129,104,31,49,21,27,36,132,100,111,125" hai1="74,70,40,93,18,60,113,46,91,98,126,53,79" hai2="13,22,15,35,6,81,115,44,28,68,69,73,48" hai3="118,117,51,16,41,38,33,34,23,96,80,95,67"/><V54/><F115/><W83/><G38/><T42/><D121/><U107/><E113/><V62/><F35/><W1/><G1/><T37/><D129/><U94/><E126/><V89/><F28/><W108/><G108/><T134/><D125/><U76/><E94/><V2/><F2/><W90/><G67/><T124/><D124/><U59/><E74/><V72/><F72/><W71/><G71/><T57/><D111/><U135/><E135/><N who="0" m="51753" /><D27/><U92/><E70/><V77/><F6/><W65/><G65/><T9/><D9/><U109/><E109/><V43/><F89/><W106/><G106/><T82/><D82/><U128/><E128/><V52/><F13/><W102/><G33/><T8/><D8/><U55/><E107/><V110/><F110/><W20/><G20/><T30/><D30/><U87/><E18/><V78/><F78/><W24/><G34/><T0/><D0/><U75/><E75/><V14/><F14/><W116/><G90/><T85/><D85/><U127/><E127/><V64/><REACH who="2" step="1"/><F69/><REACH who="2" ten="191,210,259,330" step="2"/><W101/><G117/><T114/><D114/><U119/><E119/><V17/><AGARI ba="0,1" hai="15,17,22,43,44,48,52,54,62,64,68,73,77,81" machi="17" ten="30,12000,1" yaku="1,1,2,1,0,1,54,1,53,1" doraHai="103" doraHaiUra="45" who="2" fromWho="2" sc="191,-40,210,-40,259,130,330,-40" /><INIT seed="2,1,0,5,5,21" ten="151,170,389,290" oya="2" hai0="97,36,82,43,6,24,107,20,4,68,54,39,119" hai1="83,95,49,70,88,61,69,59,32,135,62,120,64" hai2="117,50,96,27,104,63,84,89,74,66,1,105,112" hai3="106,109,113,17,108,98,2,75,45,42,12,101,122"/><V16/><F1/><W73/><G2/><T103/><D119/><U134/><E32/><V79/><F112/><W128/><G122/><T130/><D130/><U71/><E120/><V127/><F127/><W22/><G128/><T114/><D114/><U31/><E31/><V40/><F74/><W37/><REACH who="3" step="1"/><G113/><REACH who="3" ten="151,170,389,280" step="2"/><T123/><D123/><U118/><E118/><V47/><F117/><W92/><G92/><T44/><D82/><U25/><E83/><N who="2" m="47231" /><F105/><W111/><AGARI ba="1,1" hai="12,17,22,37,42,45,73,75,98,101,106,108,109,111" machi="111" ten="30,4000,0" yaku="1,1,0,1,14,1,53,0" doraHai="21" doraHaiUra="56" who="3" fromWho="3" sc="151,-11,170,-11,389,-21,280,53" /><INIT seed="3,0,0,2,5,79" ten="140,159,368,333" oya="3" hai0="37,91,43,27,76,85,61,19,103,88,47,119,67" hai1="96,80,18,44,114,3,112,115,22,128,11,32,77" hai2="7,64,117,58,118,113,15,107,131,98,124,59,12" hai3="36,42,126,17,46,75,2,48,105,39,134,34,0"/><W10/><G105/><T63/><D119/><U86/><E32/><V29/><F113/><W65/><G126/><T120/><D120/><U129/><E96/><V90/><F124/><W133/><G34/><T57/><D103/><U116/><E116/><V89/><F29/><W55/><G65/><T99/><D99/><U95/><E95/><V92/><F64/><W50/><G75/><T56/><D27/><U20/><E44/><V1/><F1/><W52/><G17/><T97/><D97/><U106/><E106/><V24/><F24/><W81/><G81/><T94/><D19/><U51/><E51/><V127/><F98/><W121/><G121/><T16/><D16/><U78/><E78/><V60/><F60/><W74/><G74/><T23/><D23/><U30/><E30/><V73/><F73/><W13/><G13/><T132/><D132/><N who="3" m="50793" /><G42/><T108/><D108/><U125/><E125/><V70/><F127/><W71/><G71/><T31/><D31/><U101/><E101/><V66/><F70/><W84/><G84/><T100/><D100/><U14/><REACH who="1" step="1"/><E3/><REACH who="1" ten="140,149,368,333" step="2"/><V68/><F107/><W33/><G33/><T130/><D130/><AGARI ba="0,1" hai="11,14,18,20,22,77,80,86,112,114,115,128,129,130" machi="130" ten="50,8000,1" yaku="1,1,2,1,19,1,52,1,53,1" doraHai="79" doraHaiUra="5" who="1" fromWho="0" sc="140,-80,149,90,368,0,333,0" /><INIT seed="4,0,0,2,4,47" ten="60,239,368,333" oya="0" hai0="122,97,9,46,68,89,92,28,50,48,41,15,105" hai1="74,135,23,93,113,125,75,117,22,114,60,58,96" hai2="7,115,78,118,112,90,109,81,100,128,134,55,45" hai3="132,116,39,95,30,1,2,127,131,57,77,133,0"/><T121/><D68/><U101/><E117/><V35/><F109/><W38/><G116/><T53/><D105/><U110/><E110/><V24/><F118/><W36/><G77/><T120/><D28/><U87/><E125/><V107/><F90/><W33/><G127/><T3/><D3/><U10/><E135/><N who="3" m="51786" /><G131/><T51/><REACH who="0" step="1"/><D41/><REACH who="0" ten="50,239,368,333" step="2"/><U111/><E111/><V13/><F107/><W21/><G30/><T108/><D108/><U42/><E42/><V83/><F134/><W37/><G2/><T67/><D67/><U65/><E65/><V104/><F104/><W44/><G1/><T63/><D63/><U84/><E60/><V52/><F128/><W85/><G0/><T71/><D71/><U49/><E114/><V91/><F115/><W103/><G33/><T69/><D69/><U61/><E61/><V11/><F112/><W43/><G43/><T40/><D40/><U82/><E113/><V123/><F123/><W76/><G37/><T32/><D32/><U17/><E74/><V56/><F35/><W129/><G39/><T25/><D25/><U88/><E75/><V8/><F24/><W18/><G129/><T29/><D29/><U86/><E82/><V34/><F83/><W19/><G38/><T99/><D99/><U106/><E106/><V102/><F81/><W72/><G72/><T5/><AGARI ba="0,1" hai="5,9,15,46,48,50,51,53,89,92,97,120,121,122" machi="5" ten="30,24000,3" yaku="1,1,0,1,52,3,53,3" doraHai="47" doraHaiUra="119" who="0" fromWho="0" sc="50,250,239,-80,368,-80,333,-80" /><INIT seed="4,1,0,0,4,3" ten="300,159,288,253" oya="0" hai0="0,26,113,53,103,73,87,42,21,130,63,45,82" hai1="52,114,116,68,27,125,16,60,32,13,110,77,40" hai2="71,109,59,11,107,15,9,1,29,123,112,98,74" hai3="48,131,30,50,129,94,28,19,25,115,6,44,31"/><T14/><D130/><N who="3" m="49673" /><G115/><T37/><D113/><U101/><E114/><V91/><F109/><W56/><G94/><T80/><D103/><U75/><E110/><V117/><F71/><W58/><G6/><T24/><D0/><U108/><E108/><V104/><F74/><W88/><G88/><T18/><D73/><U17/><E116/><V106/><F29/><N who="3" m="11371" /><G19/><T23/><D23/><U49/><E75/><V22/><F22/><N who="3" m="15799" /><G48/><T121/><D121/><U89/><E89/><V85/><F117/><W4/><G4/><T72/><D72/><U33/><E101/><V54/><F1/><W65/><G65/><T119/><D119/><U135/><E77/><V83/><F123/><W36/><G36/><T126/><D126/><U92/><E125/><V76/><F15/><W70/><G70/><T95/><D95/><U35/><E92/><V2/><F2/><W127/><G127/><T93/><D93/><U10/><E68/><V78/><F98/><W90/><G90/><T43/><D43/><AGARI ba="1,0" hai="43,44,50,56,58" m="15799,11371,49673" machi="43" ten="30,1000,0" yaku="19,1" doraHai="3" who="3" fromWho="0" sc="300,-13,159,0,288,0,253,13" /><INIT seed="5,0,0,3,0,105" ten="287,159,288,266" oya="1" hai0="68,33,130,14,127,123,32,78,21,80,55,69,120" hai1="81,16,40,24,133,93,8,38,56,101,104,65,28" hai2="39,1,41,107,49,47,111,4,95,17,48,2,124" hai3="83,114,76,45,53,126,90,89,98,26,134,119,50"/><U30/><E133/><V88/><F107/><W108/><G108/><T109/><D109/><U128/><E128/><V66/><F111/><W67/><G114/><T75/><D127/><U117/><E117/><V116/><F116/><W91/><G119/><T20/><D55/><U31/><E104/><V13/><F124/><W46/><G126/><T54/><D54/><U121/><E121/><N who="0" m="46665" /><D130/><U63/><E81/><V42/><F66/><W10/><G134/><T99/><D99/><N who="1" m="59631" /><E38/><V19/><F19/><W73/><G67/><T70/><D14/><N who="1" m="7239" /><E40/><V72/><F72/><W5/><G26/><AGARI ba="0,0" hai="24,26,28,30,31,56,63,65" m="7239,59631" machi="26" ten="30,2900,0" yaku="8,1,54,1" doraHai="105" who="1" fromWho="3" sc="287,0,159,29,288,0,266,-29" /><INIT seed="5,1,0,0,0,83" ten="287,188,288,237" oya="1" hai0="91,132,10,85,112,130,41,71,75,116,3,35,134" hai1="102,77,113,31,104,5,12,23,84,123,111,86,29" hai2="57,70,103,101,19,98,94,125,44,28,120,2,128" hai3="24,79,36,61,106,46,58,109,30,121,76,48,33"/><U114/><E77/><V92/><F70/><W17/><G109/><T90/><D116/><U127/><E123/><V93/><F2/><W18/><G121/><T88/><D71/><U20/><E127/><V42/><F120/><W118/><G106/><T1/><D75/><U122/><E122/><V119/><F128/><W64/><G118/><T62/><D35/><U131/><E131/><V56/><F28/><N who="1" m="10825" /><E111/><V135/><F135/><N who="0" m="51754" /><D130/><U126/><E126/><V133/><F119/><W39/><G76/><T80/><D41/><U65/><E65/><V11/><F125/><W25/><G79/><N who="0" m="46239" /><D112/><N who="1" m="43115" /><E5/><V59/><F133/><W40/><G39/><T63/><D3/><U52/><E52/><V7/><F7/><AGARI ba="1,0" hai="1,7,10,62,63,88,90,91" m="46239,51754" machi="7" ten="30,3900,0" yaku="20,1,52,1,54,1" doraHai="83" who="0" fromWho="2" sc="287,42,188,0,288,-42,237,0" /><INIT seed="6,0,0,5,4,75" ten="329,188,246,237" oya="2" hai0="54,134,82,20,108,31,58,60,93,63,12,98,50" hai1="19,121,51,109,9,114,124,2,133,13,126,122,38" hai2="6,62,99,0,41,52,24,3,43,29,8,4,37" hai3="7,131,110,44,86,130,16,111,115,105,123,107,76"/><V49/><F37/><W73/><G123/><N who="1" m="47114" /><E38/><V57/><F99/><W112/><G73/><T21/><D108/><N who="3" m="41513" /><G7/><T89/><D134/><U103/><E109/><V132/><F132/><W81/><G44/><T1/><D1/><U125/><E103/><V127/><F127/><W67/><G67/><T30/><D82/><U85/><E85/><V34/><REACH who="2" step="1"/><F49/><REACH who="2" ten="329,188,236,237" step="2"/><W74/><G74/><T129/><D129/><N who="3" m="49161" /><G16/><N who="0" m="10247" /><D30/><U92/><E51/><V113/><F113/><AGARI ba="0,1" hai="76,81,86,105,107,112,113,115" m="49161,41513" machi="113" ten="40,12000,2" yaku="15,1,11,1,19,1,34,2,52,1" doraHai="75" who="3" fromWho="2" sc="329,0,188,0,236,-120,237,130" /><INIT seed="7,0,0,2,1,88" ten="329,188,116,367" oya="3" hai0="92,132,23,79,70,46,130,57,80,107,121,89,81" hai1="12,72,87,64,43,30,65,7,49,131,24,48,55" hai2="2,85,123,17,26,91,1,105,39,35,103,50,63" hai3="114,29,6,16,120,127,62,54,10,11,40,13,66"/><W98/><G120/><T133/><D70/><U20/><E72/><V93/><F39/><W15/><G114/><T95/><D121/><U60/><E131/><V83/><F123/><W33/><G127/><T77/><D130/><U75/><E75/><V44/><F63/><W118/><G118/><T56/><D107/><U90/><E43/><V53/><F105/><W99/><G40/><T101/><D101/><U31/><E31/><V32/><F32/><W122/><G122/><T109/><D109/><U51/><E7/><V110/><F110/><W106/><G106/><T113/><D113/><U19/><E55/><V45/><F45/><W14/><G14/><T67/><D46/><U116/><E60/><V100/><F35/><W115/><G115/><T125/><D23/><N who="1" m="11751" /><E116/><V25/><F1/><W47/><G29/><T68/><D89/><U102/><E102/><V78/><F2/><W112/><G33/><T5/><D5/><U61/><E61/><V21/><REACH who="2" step="1"/><F26/><REACH who="2" ten="329,188,106,367" step="2"/><W38/><G112/><T4/><D125/><U34/><E34/><V104/><F104/><W58/><G38/><T71/><REACH who="0" step="1"/><D4/><REACH who="0" ten="319,188,106,367" step="2"/><U42/><E42/><V41/><F41/><W117/><G117/><T0/><D0/><U69/><E24/><V9/><F9/><W8/><G8/><T124/><D124/><U108/><E108/><V134/><F134/><W76/><G47/><T37/><D37/><U111/><E111/><V128/><F128/><W59/><G11/><T135/><D135/><U18/><E69/><V82/><F82/><W74/><G6/><T129/><D129/><U84/><E20/><RYUUKYOKU ba="0,2" sc="319,15,188,-15,106,15,367,-15" hai0="56,57,67,68,71,77,79,80,81,92,95,132,133" hai2="17,21,25,44,50,53,78,83,85,91,93,100,103" owari="334,13.4,173,-22.7,121,-37.9,372,47.2" /></mjloggm>