<mjloggm ver="2.3"><GO type="169" lobby="0"/><UN n0="%E7%9C%9F%E3%81%AE%E9%9B%80%E5%A3%AB%E3%81%86%E3%81%BE%E3%81%9F%E3%82%93" n1="%6C%75%6E%61%32%33%34%35" n2="%E3%81%84%E3%81%AA%E3%81%A1%E3%81%83" n3="%50%73%79%63%68%65" dan="17,16,16,17" rate="2132.97,2078.54,2055.69,2132.17" sx="M,F,F,M"/><TAIKYOKU oya="0"/><INIT seed="0,0,0,4,4,103" ten="250,250,250,250" oya="0" hai0="6,15,32,7,52,60,1,64,106,102,116,79,45" hai1="56,109,53,35,5,34,131,18,37,107,50,0,70" hai2="8,44,10,48,98,62,2,81,3,19,88,27,13" hai3="39,83,38,108,87,66,111,54,105,96,77,40,95"/><T129/><D116/><U11/><E109/><N who="3" m="42058" /><G66/><T21/><D79/><U68/><E131/><V75/><F10/><W90/><G40/><T115/><D115/><U121/><E121/><V46/><F46/><W92/><G54/><T42/><D32/><U20/><E37/><N who="3" m="13834" /><G95/><T86/><D52/><U69/><E107/><AGARI ba="0,0" hai="77,83,87,90,92,96,105,107" m="13834,42058" machi="107" ten="30,3900,0" yaku="14,1,52,2" doraHai="103" who="3" fromWho="1" sc="250,0,250,-39,250,0,250,39" /><INIT seed="1,0,0,0,3,70" ten="250,211,250,289" oya="1" hai0="32,79,28,17,89,5,101,54,74,80,60,118,0" hai1="14,8,111,124,30,122,132,15,106,58,39,95,44" hai2="4,43,81,102,55,78,20,73,88,97,40,46,99" hai3="56,83,127,115,11,27,93,84,10,19,130,38,45"/><U76/><E122/><V36/><F43/><W135/><G115/><T57/><D118/><U75/><E106/><V110/><F110/><W26/><G135/><T67/><D101/><U24/><E132/><V51/><F4/><W100/><G130/><T25/><D17/><U34/><E124/><V2/><F2/><W62/><G127/><T12/><D0/><U71/><E71/><V116/><F116/><W63/><G63/><T72/><D89/><U22/><E111/><V21/><F99/><W105/><G105/><T64/><REACH who="0" step="1"/><D72/><REACH who="0" ten="240,211,250,289" step="2"/><U49/><E75/><V65/><F88/><W47/><G19/><T23/><D23/><U31/><E22/><V9/><F9/><AGARI ba="0,1" hai="5,9,12,25,28,32,54,57,60,64,67,74,79,80" machi="9" ten="40,1300,0" yaku="1,1,53,0" doraHai="70" doraHaiUra="120" who="0" fromWho="2" sc="240,23,211,0,250,-13,289,0" /><INIT seed="2,0,0,3,4,98" ten="263,211,237,289" oya="2" hai0="118,71,121,63,108,82,45,4,65,126,93,5,28" hai1="8,111,81,100,54,78,56,72,32,97,90,127,105" hai2="29,88,55,123,86,73,36,66,69,18,22,44,91" hai3="85,92,61,48,23,83,135,68,113,41,124,46,24"/><V106/><F123/><W116/><G116/><T110/><D121/><U27/><E111/><N who="0" m="42537" /><D126/><U79/><E127/><V10/><F73/><W115/><G124/><T84/><D118/><U96/><E8/><V35/><F106/><W53/><G135/><T7/><D93/><U15/><E15/><V131/><F131/><W6/><G6/><T67/><D67/><U40/><E40/><V128/><F128/><W17/><G92/><T31/><D45/><U99/><E90/><AGARI ba="0,0" hai="4,5,7,28,31,63,65,71,82,84,90" m="42537" machi="90" ten="30,1000,0" yaku="14,1" doraHai="98" who="0" fromWho="1" sc="263,10,211,-10,237,0,289,0" /><INIT seed="3,0,0,4,1,53" ten="273,201,237,289" oya="3" hai0="43,114,50,116,108,66,63,1,29,118,86,112,52" hai1="130,122,21,115,106,123,74,4,35,41,98,133,81" hai2="7,126,121,109,132,48,36,76,37,135,49,10,127" hai3="39,107,69,33,78,93,79,124,17,80,90,70,101"/><W2/><G39/><N who="2" m="14921" /><F76/><W38/><G38/><T120/><D86/><U71/><E21/><V68/><F121/><W99/><G33/><T16/><D16/><U31/><E41/><V45/><F109/><W96/><G2/><T113/><D29/><U105/><E115/><V28/><F28/><W61/><G124/><N who="2" m="47657" /><F68/><W9/><G79/><T59/><D1/><U111/><E71/><V57/><F57/><W55/><G9/><T15/><D15/><U75/><E111/><V88/><F88/><W54/><G17/><T92/><D92/><U94/><E31/><V77/><F77/><W97/><G97/><T125/><D125/><U87/><E35/><V102/><F102/><W84/><REACH who="3" step="1"/><G70/><REACH who="3" ten="273,201,237,279" step="2"/><N who="0" m="42335" /><D108/><U26/><E98/><V134/><F45/><W32/><G32/><T65/><D120/><U73/><E122/><V23/><F23/><W110/><G110/><T20/><D20/><U131/><E123/><V12/><AGARI ba="0,1" hai="7,10,12,48,49,132,134,135" m="47657,14921" machi="12" ten="40,2700,0" yaku="20,1,18,1" doraHai="53" who="2" fromWho="2" sc="273,-7,201,-7,237,37,279,-13" /><INIT seed="4,0,0,1,1,97" ten="266,194,274,266" oya="0" hai0="117,107,14,120,58,27,79,128,130,8,83,88,122" hai1="4,98,72,91,102,118,133,111,9,116,39,6,76" hai2="93,65,16,38,80,59,121,33,53,110,135,34,12" hai3="77,22,51,37,47,124,61,68,82,134,57,11,85"/><T25/><D117/><U36/><E111/><V112/><F110/><W87/><G134/><T50/><D107/><U21/><E133/><V105/><F105/><W95/><G124/><T101/><D50/><U32/><E32/><V125/><F121/><W86/><G68/><T127/><D58/><U64/><E64/><V1/><F1/><W103/><G37/><T15/><D88/><U114/><E91/><V81/><F38/><W56/><G11/><T108/><D108/><U45/><E9/><V3/><F3/><W54/><G22/><T42/><D42/><U24/><E72/><V74/><F125/><W20/><G20/><T7/><D127/><U23/><E76/><V73/><F65/><N who="3" m="39087" /><G56/><T92/><D122/><U89/><E36/><V67/><F67/><W126/><G126/><T66/><D66/><U69/><E69/><V17/><F135/><W96/><AGARI ba="0,0" hai="47,51,54,77,82,85,86,87,95,96,103" m="39087" machi="96" ten="30,2000,0" yaku="8,1,52,1" doraHai="97" who="3" fromWho="3" sc="266,-10,194,-5,274,-5,266,20" /><INIT seed="5,0,0,3,2,114" ten="256,189,269,286" oya="1" hai0="100,4,58,45,48,67,70,108,66,88,118,117,2" hai1="10,14,130,0,57,46,115,79,89,104,31,96,21" hai2="127,84,52,7,111,3,71,124,103,73,119,1,123" hai3="75,112,82,99,120,34,102,76,30,12,26,19,94"/><U62/><E115/><V9/><F111/><W29/><G112/><T53/><D88/><U39/><E130/><V121/><F73/><W93/><G30/><T38/><D100/><U49/><E79/><V92/><F71/><W122/><REACH who="3" step="1"/><G94/><REACH who="3" ten="256,189,269,276" step="2"/><T64/><D108/><U33/><E31/><V87/><F121/><W65/><G65/><T83/><D83/><U24/><E33/><V50/><F123/><W11/><AGARI ba="0,1" hai="11,12,19,26,29,34,75,76,82,93,99,102,120,122" machi="11" ten="20,2700,0" yaku="1,1,0,1,7,1,53,0" doraHai="114" doraHaiUra="126" who="3" fromWho="3" sc="256,-7,189,-13,269,-7,276,37" /><INIT seed="6,0,0,2,1,124" ten="249,176,262,313" oya="2" hai0="100,25,76,62,81,12,70,21,98,6,60,107,74" hai1="101,71,86,11,37,51,4,73,39,121,135,120,102" hai2="104,111,42,63,80,7,99,131,20,116,95,91,122" hai3="22,109,119,68,43,30,92,24,97,123,133,18,72"/><V23/><F116/><W82/><G119/><T27/><D70/><U53/><E73/><V38/><F122/><W127/><G109/><T29/><REACH who="0" step="1"/><D27/><REACH who="0" ten="239,176,262,313" step="2"/><U41/><E71/><V14/><F111/><W134/><G68/><T88/><D88/><U50/><E120/><V66/><F131/><W103/><G123/><T93/><D93/><U94/><E94/><V36/><F104/><W31/><G92/><T108/><D108/><U28/><E121/><V56/><F80/><W40/><G82/><T90/><D90/><U5/><E101/><V47/><REACH who="2" step="1"/><F38/><REACH who="2" ten="239,176,252,313" step="2"/><W2/><G134/><T67/><D67/><U105/><E37/><V54/><F54/><W89/><G133/><T125/><D125/><U79/><E39/><V3/><F3/><W64/><G2/><T45/><D45/><U15/><E105/><V44/><F44/><W34/><G127/><T110/><D110/><U106/><E106/><V96/><F96/><W118/><G97/><T84/><D84/><U57/><E86/><V83/><F83/><W33/><G118/><T128/><D128/><U77/><E135/><V129/><F129/><W65/><G65/><T35/><D35/><U59/><E53/><V114/><F114/><W9/><G64/><T85/><D85/><U13/><E77/><V69/><F69/><W10/><G34/><T55/><D55/><U132/><E79/><V113/><F113/><W49/><G33/><T115/><D115/><U52/><E52/><V8/><AGARI ba="0,2" hai="7,8,14,20,23,36,42,47,56,63,66,91,95,99" machi="8" ten="30,3000,0" yaku="1,1,0,1,53,0" doraHai="124" doraHaiUra="48" who="2" fromWho="2" sc="239,-10,176,-10,252,50,313,-10" /><INIT seed="6,1,0,5,2,63" ten="229,166,302,303" oya="2" hai0="3,113,124,0,13,7,51,74,59,104,62,49,80" hai1="33,129,64,100,41,54,87,17,103,5,21,50,29" hai2="68,38,132,99,118,19,128,67,92,117,57,102,44" hai3="61,12,18,111,75,134,28,23,85,78,79,31,43"/><V2/><F2/><W52/><G111/><T53/><D104/><U133/><E133/><V24/><F132/><W110/><G110/><T25/><D113/><U72/><E72/><V16/><F128/><W89/><G75/><T119/><D124/><U98/><E129/><V125/><F68/><W126/><G43/><T83/><D25/><U96/><E5/><V11/><F125/><W1/><G1/><T82/><D74/><U135/><E135/><V48/><F38/><W8/><G126/><T69/><D51/><U9/><E87/><V71/><F71/><W4/><G134/><T42/><D119/><U40/><E9/><V26/><F117/><W70/><G70/><T37/><D13/><U30/><E33/><V22/><F118/><W73/><G73/><T112/><D7/><U39/><E39/><V10/><F24/><N who="3" m="14455" /><G31/><T97/><D97/><U123/><E123/><V105/><F19/><W84/><G28/><N who="1" m="10858" /><E96/><V90/><F102/><N who="1" m="38953" /><E98/><V91/><F91/><W76/><G89/><T34/><D34/><U88/><E88/><V109/><F105/><W77/><G77/><T66/><D112/><U106/><E106/><V120/><F120/><W55/><G85/><T114/><D114/><U81/><E81/><V94/><F94/><W107/><G84/><T122/><D122/><U36/><E36/><V15/><F109/><W27/><G107/><T93/><D93/><U47/><E64/><V130/><F130/><W56/><G27/><T20/><D20/><U14/><AGARI ba="1,0" hai="14,17,21,40,41,47,50,54" m="38953,10858" machi="14" ten="30,1100,0" yaku="8,1" doraHai="63" who="1" fromWho="1" sc="229,-4,166,14,302,-6,303,-4" /><INIT seed="7,0,0,0,3,78" ten="225,180,296,299" oya="3" hai0="63,36,88,19,39,65,6,7,112,86,55,9,34" hai1="96,25,104,113,3,106,44,108,71,124,118,28,80" hai2="98,73,43,54,85,72,117,14,52,119,69,16,133" hai3="77,121,84,17,116,59,33,134,99,20,41,4,60"/><W48/><G116/><T82/><D34/><U22/><E108/><V24/><F69/><W114/><G121/><T29/><D29/><U110/><E110/><V8/><F119/><W27/><G33/><T97/><D55/><N who="2" m="21034" /><F117/><W70/><G70/><T74/><D19/><U42/><E118/><V83/><F73/><W49/><G114/><T92/><D74/><U53/><E113/><V135/><F72/><W103/><G134/><N who="2" m="51209" /><F98/><W129/><G129/><T21/><D21/><U30/><E124/><V62/><F62/><W57/><G4/><T81/><D6/><U122/><E122/><V126/><F126/><W56/><G60/><T47/><D97/><U75/><E71/><V127/><F127/><W128/><G128/><T120/><D120/><U79/><E53/><V61/><F61/><W95/><G41/><T38/><D47/><U58/><E58/><V131/><F131/><W93/><G77/><T102/><D102/><U94/><E3/><V15/><F43/><W87/><G87/><T11/><D112/><U31/><E104/><V123/><F123/><W89/><AGARI ba="0,0" hai="17,20,27,48,49,56,57,59,84,89,93,95,99,103" machi="89" ten="30,3000,0" yaku="0,1,8,1" doraHai="78" who="3" fromWho="3" sc="225,-10,180,-10,296,-10,299,30" owari="215,-18.5,170,-33.0,286,8.6,329,42.9" /></mjloggm>