<mjloggm ver="2.3"><GO type="169" lobby="0"/><UN n0="%E3%82%A2%E3%82%AB%E3%82%AE%E3%82%B7%E3%82%B2%E3%83%A9%E3%83%8A%E3%82%A4" n1="%E3%81%AF%E3%81%99%E3%81%9F" n2="%74%61%6B%61%74%6F%72%69" n3="%E9%87%A3%E3%82%8A%E6%97%A5%E5%92%8C" dan="16,16,16,18" rate="2047.23,2083.27,2055.20,2244.09" sx="M,M,M,M"/><TAIKYOKU oya="0"/><INIT seed="0,0,0,3,0,15" ten="250,250,250,250" oya="0" hai0="85,129,82,115,121,117,20,0,52,98,12,10,27" hai1="95,17,50,24,65,122,73,70,88,89,9,3,79" hai2="102,120,77,60,69,90,8,108,99,32,131,119,96" hai3="110,55,49,111,75,53,92,67,51,42,2,112,68"/><T7/><D115/><U22/><E122/><V18/><F120/><W44/><G75/><T132/><D117/><U19/><E70/><V114/><F114/><W74/><G74/><T64/><D129/><U81/><E65/><V84/><F108/><N who="3" m="41515" /><G2/><T38/><D38/><U30/><E89/><V26/><F77/><W59/><G92/><T134/><D64/><U62/><E62/><V25/><F131/><W72/><G72/><T71/><D71/><U135/><E135/><N who="0" m="51753" /><D98/><U57/><E3/><V6/><F32/><W97/><G97/><T87/><D82/><U11/><E57/><V33/><F33/><W105/><G105/><T29/><D121/><U56/><E56/><V104/><F99/><W100/><G100/><T125/><D125/><U91/><E91/><V21/><F119/><W86/><G86/><T5/><D5/><U101/><E101/><V130/><F130/><W126/><G112/><T43/><D43/><U94/><E94/><V47/><F47/><W35/><G35/><T127/><D127/><U118/><E118/><V31/><F69/><W58/><G126/><T63/><D0/><U83/><E83/><V14/><F96/><W80/><G80/><T103/><D103/><U48/><E9/><V34/><F102/><W46/><G42/><T123/><D123/><U107/><E107/><V66/><F104/><W54/><G54/><T36/><D36/><U40/><E11/><V4/><F66/><W37/><G37/><T13/><D12/><U45/><E48/><V133/><F14/><W76/><G76/><T23/><D23/><U28/><E28/><RYUUKYOKU ba="0,0" sc="250,10,250,10,250,-30,250,10" hai0="7,10,13,20,27,29,52,63,85,87" hai1="17,19,22,24,30,40,45,50,73,79,81,88,95" hai3="44,46,49,51,53,55,58,59,67,68" /><INIT seed="0,1,0,1,0,48" ten="260,260,220,260" oya="0" hai0="101,19,11,125,41,124,67,50,126,89,127,71,118" hai1="64,134,4,45,111,92,46,72,112,104,119,63,5" hai2="29,80,59,115,65,33,95,17,114,57,24,100,51" hai3="135,79,86,10,74,78,44,99,39,132,32,49,113"/><T87/><D118/><U58/><E119/><V129/><F129/><W109/><G113/><T31/><D101/><U120/><E120/><V60/><F80/><W34/><G39/><T43/><D31/><U73/><E112/><V61/><F51/><W1/><G74/><T13/><N who="0" m="31744" /><DORA hai="77" /><T28/><D28/><U12/><E104/><V116/><F116/><W97/><G10/><T42/><D67/><U105/><E105/><V21/><F95/><W27/><G1/><T75/><D75/><U3/><E111/><V37/><F37/><W91/><G27/><T47/><REACH who="0" step="1"/><D71/><REACH who="0" ten="250,260,220,260" step="2"/><U62/><E73/><V9/><F100/><W133/><G109/><T70/><D70/><U107/><E72/><V128/><F115/><W0/><G34/><T56/><D56/><U123/><E58/><V18/><F114/><W98/><G32/><T26/><D26/><U25/><E25/><V102/><F102/><W94/><REACH who="3" step="1"/><G0/><REACH who="3" ten="250,260,220,250" step="2"/><T8/><D8/><U88/><E3/><V81/><F9/><W23/><G23/><T36/><D36/><U103/><E103/><V66/><F33/><W110/><G110/><T2/><D2/><U130/><E107/><V131/><F131/><W68/><G68/><T55/><D55/><AGARI ba="1,2" hai="44,49,55,78,79,86,91,94,97,98,99,132,133,135" machi="55" ten="50,6400,0" yaku="1,1,20,1,52,1,53,0" doraHai="48,77" doraHaiUra="121,106" who="3" fromWho="0" sc="250,-67,260,0,220,0,250,87" /><INIT seed="1,0,0,1,0,71" ten="183,260,220,337" oya="1" hai0="125,121,72,93,135,101,124,34,113,122,79,51,103" hai1="85,56,82,76,86,5,19,96,132,1,58,120,94" hai2="43,77,9,92,91,130,131,0,21,45,40,14,12" hai3="75,133,2,57,117,112,50,109,69,15,29,87,54"/><U62/><E120/><N who="0" m="46185" /><D93/><U61/><E132/><V55/><F77/><W20/><G75/><T68/><D68/><U110/><E110/><V7/><F55/><W64/><G2/><T48/><D48/><U70/><E70/><V36/><F43/><W111/><G112/><T41/><D51/><U114/><E114/><V18/><REACH who="2" step="1"/><F0/><REACH who="2" ten="183,260,210,337" step="2"/><W25/><G54/><T10/><D41/><U24/><E1/><V53/><F53/><W11/><G109/><T42/><D42/><U127/><E76/><V35/><F35/><W102/><G111/><T52/><D34/><U6/><E62/><V37/><F37/><W3/><G3/><T23/><D113/><U27/><E61/><V38/><F38/><W107/><G50/><T4/><D52/><U116/><E116/><V47/><F47/><W74/><G117/><T134/><D79/><U89/><E127/><N who="0" m="48713" /><D72/><U97/><E58/><V60/><F60/><W32/><G74/><T49/><D49/><U16/><E56/><V39/><F39/><W84/><G57/><T126/><D126/><U63/><E63/><V128/><F128/><W31/><G32/><T28/><D135/><U65/><E65/><V22/><F22/><W33/><G64/><T73/><D134/><U108/><E108/><V8/><F8/><W98/><G133/><T67/><D67/><U115/><E115/><V44/><F44/><W81/><G69/><T118/><D118/><U66/><E66/><V46/><F46/><W105/><G33/><T30/><D23/><U17/><E27/><V80/><F80/><W83/><G25/><T104/><D73/><RYUUKYOKU ba="0,1" sc="183,-10,260,-10,210,30,337,-10" hai2="7,9,12,14,18,21,36,40,45,91,92,130,131" /><INIT seed="2,1,1,2,5,82" ten="173,250,240,327" oya="2" hai0="105,128,132,70,66,55,14,131,20,122,103,32,95" hai1="23,129,30,110,90,56,135,45,98,89,49,42,21" hai2="4,115,91,29,112,28,48,121,39,35,74,67,123" hai3="77,88,75,19,59,120,85,71,13,33,18,46,61"/><V43/><F39/><W38/><G120/><T79/><D122/><U97/><E110/><V41/><F67/><W58/><G33/><T111/><D32/><U44/><E129/><N who="0" m="49737" /><D111/><U31/><E135/><V86/><F74/><W76/><G71/><T0/><D0/><U22/><E56/><V64/><F64/><W8/><G75/><T102/><D105/><U53/><E97/><V26/><F4/><W114/><G114/><T10/><D20/><U54/><E98/><V68/><F68/><W60/><G46/><T99/><D55/><U118/><E118/><V3/><F3/><W37/><G37/><T93/><D79/><U124/><E124/><V117/><F117/><W92/><G38/><T51/><D51/><N who="1" m="28911" /><E42/><V47/><F43/><W1/><G1/><T65/><D132/><U101/><E101/><N who="0" m="38409" /><D99/><U63/><E63/><V40/><F40/><W72/><G72/><T78/><D78/><U9/><E9/><V36/><F123/><W57/><G76/><T107/><D107/><U87/><E90/><V80/><F121/><W50/><G77/><T17/><D66/><U25/><E25/><V24/><REACH who="2" step="1"/><F36/><REACH who="2" ten="173,250,230,327" step="2"/><W11/><G50/><T109/><D109/><U62/><E62/><AGARI ba="1,2" hai="10,14,17,62,65,70,93,95" m="38409,49737" machi="62" ten="30,1000,0" yaku="19,1" doraHai="82" who="0" fromWho="1" sc="173,33,250,-13,230,0,327,0" /><INIT seed="3,0,0,2,4,31" ten="206,237,230,327" oya="3" hai0="10,133,90,70,85,30,51,12,18,76,36,109,125" hai1="113,107,62,95,8,5,35,99,135,9,27,49,91" hai2="116,37,29,40,123,118,108,120,1,128,67,126,89" hai3="45,71,77,114,2,130,101,48,6,15,65,129,105"/><W13/><G114/><T98/><D36/><U83/><E113/><V69/><F1/><W7/><G77/><T64/><D109/><U88/><E135/><V73/><F73/><W61/><G101/><T28/><D125/><U41/><E107/><V66/><F29/><W55/><G105/><T111/><D111/><U131/><E131/><N who="3" m="50186" /><G2/><T50/><D98/><U24/><E62/><N who="2" m="40151" /><F108/><W33/><G33/><T59/><D70/><U78/><E91/><V4/><F4/><AGARI ba="0,0" hai="4,6,7,13,15,45,48,55,61,65,71" m="50186" machi="4" ten="30,1500,0" yaku="19,1" doraHai="31" who="3" fromWho="2" sc="206,0,237,0,230,-15,327,15" /><INIT seed="3,1,0,2,1,35" ten="206,237,215,342" oya="3" hai0="20,120,18,122,87,16,104,58,38,24,14,31,26" hai1="107,95,102,112,43,119,96,84,126,89,124,47,113" hai2="85,8,129,116,54,130,90,69,15,67,6,117,133" hai3="123,63,72,9,105,91,75,78,70,115,41,39,83"/><W125/><G115/><T57/><D38/><U13/><E13/><V21/><F69/><W22/><G123/><T12/><D104/><U92/><E47/><V103/><F67/><W19/><G105/><T66/><D87/><U2/><E43/><V3/><F103/><W23/><G125/><N who="1" m="48234" /><E2/><V62/><F133/><W93/><G72/><T34/><D66/><U1/><E1/><V28/><F62/><W80/><G80/><T46/><D46/><U55/><E55/><V25/><F54/><W0/><G41/><T10/><D58/><U77/><E119/><N who="2" m="45643" /><F90/><W52/><G39/><T94/><D57/><U68/><E68/><V4/><F85/><W101/><G101/><T61/><D61/><U114/><E77/><V59/><F59/><W128/><G52/><T106/><D106/><AGARI ba="1,0" hai="84,89,92,95,96,102,106,107,112,113,114" m="48234" machi="106" ten="40,5200,0" yaku="18,1,34,2" doraHai="35" who="1" fromWho="0" sc="206,-55,237,55,215,0,342,0" /><INIT seed="4,0,0,1,0,49" ten="151,292,215,342" oya="0" hai0="32,44,121,122,0,86,50,47,92,56,96,64,63" hai1="135,19,58,8,14,4,100,34,83,68,21,12,57" hai2="36,31,77,71,106,116,39,89,7,110,53,123,20" hai3="94,85,120,65,41,40,46,51,133,79,74,112,134"/><T10/><D32/><U16/><E34/><V27/><F110/><W66/><G112/><T111/><D111/><U124/><E68/><V130/><F123/><W101/><G74/><T105/><D47/><U84/><E135/><N who="3" m="51722" /><G41/><T69/><D69/><U102/><E124/><V99/><F77/><W6/><G6/><T38/><D38/><U78/><E57/><V109/><F71/><W54/><G120/><T24/><D105/><U117/><E117/><V107/><F130/><W30/><G30/><T128/><D128/><U119/><E119/><V93/><F109/><W80/><G40/><T82/><D24/><N who="1" m="14375" /><E58/><V13/><F116/><W45/><G45/><T43/><D0/><U42/><E42/><V1/><F1/><W90/><G101/><T33/><D33/><U35/><E35/><V131/><F131/><W125/><G125/><T25/><D25/><U62/><E62/><V29/><F29/><W23/><G23/><AGARI ba="0,0" hai="4,8,12,14,19,23,78,83,84,100,102" m="14375" machi="23" ten="30,2000,0" yaku="8,1,54,1" doraHai="49" who="1" fromWho="3" sc="151,0,292,20,215,0,342,-20" /><INIT seed="5,0,0,3,4,5" ten="151,312,215,322" oya="1" hai0="4,82,15,66,16,38,97,95,110,113,47,18,62" hai1="99,9,92,46,121,108,7,0,76,55,12,65,60" hai2="109,33,61,24,28,119,90,104,19,112,77,131,80" hai3="40,132,11,134,122,39,57,42,21,107,111,88,84"/><U115/><E121/><V50/><F109/><W34/><G111/><T114/><D110/><U36/><E108/><V73/><F119/><W64/><G34/><T125/><D82/><U27/><E115/><N who="0" m="44041" /><D125/><U128/><E128/><V23/><F112/><W70/><G70/><N who="0" m="42327" /><D47/><U30/><E76/><V98/><F131/><W31/><G107/><T133/><D38/><U56/><E0/><V126/><F126/><W120/><G39/><T25/><D25/><U26/><E30/><V63/><F50/><W75/><G75/><T59/><D59/><U101/><E36/><V43/><F43/><W96/><G57/><T69/><D69/><U94/><E94/><V35/><F90/><W68/><G68/><T79/><D79/><U87/><E87/><V72/><F72/><W91/><G96/><T53/><D53/><U106/><E106/><V2/><F2/><W74/><G64/><T78/><D133/><N who="3" m="51305" /><G74/><T51/><D51/><AGARI ba="0,0" hai="7,9,12,26,27,46,51,55,56,60,65,92,99,101" machi="51" ten="40,3900,0" yaku="8,1,52,1" doraHai="5" who="1" fromWho="0" sc="151,-39,312,39,215,0,322,0" /><INIT seed="5,1,0,0,4,0" ten="112,351,215,322" oya="1" hai0="60,120,71,61,116,46,30,124,98,34,45,114,90" hai1="125,104,121,89,99,88,107,17,127,73,132,106,86" hai2="93,47,128,112,77,52,22,59,109,26,36,58,49" hai3="101,80,62,72,96,130,42,10,65,24,91,44,117"/><U131/><E17/><V85/><F109/><W38/><G130/><T53/><D116/><U37/><E37/><V135/><F128/><W122/><G122/><T78/><D120/><U82/><E121/><V25/><F135/><W69/><G117/><T56/><D114/><U57/><E57/><V5/><F26/><W9/><G24/><T63/><D30/><U33/><E33/><V70/><F70/><W79/><REACH who="3" step="1"/><G91/><REACH who="3" ten="112,351,215,312" step="2"/><T95/><D34/><U105/><E131/><V110/><F110/><W68/><G68/><T126/><D78/><N who="1" m="44367" /><E132/><V134/><F134/><W15/><G15/><T108/><D108/><U67/><E67/><V43/><F112/><W2/><G2/><T50/><REACH who="0" step="1"/><D71/><REACH who="0" ten="102,351,215,312" step="2"/><U29/><E29/><V13/><F77/><W87/><G87/><T129/><D129/><U118/><E118/><V64/><F85/><W48/><G48/><T1/><D1/><U12/><E86/><V19/><F49/><W16/><G16/><T6/><D6/><U31/><E31/><V74/><F5/><W11/><G11/><T92/><D92/><AGARI ba="1,2" hai="9,10,38,42,44,62,65,69,72,79,80,92,96,101" machi="92" ten="30,3900,0" yaku="1,1,7,1,53,1" doraHai="0" doraHaiUra="39" who="3" fromWho="0" sc="102,-42,351,0,215,0,312,62" /><INIT seed="6,0,0,1,4,79" ten="60,351,215,374" oya="2" hai0="25,114,18,134,130,91,64,41,6,21,77,94,38" hai1="86,68,43,63,92,113,10,109,116,12,13,93,44" hai2="97,7,52,17,73,45,26,95,111,70,107,125,62" hai3="5,110,119,96,100,72,104,9,122,56,76,31,4"/><V78/><F107/><W83/><G110/><T75/><D114/><U67/><E109/><V42/><F111/><W47/><G122/><T128/><D64/><U33/><E116/><V34/><F7/><W89/><G119/><T3/><D134/><U102/><E113/><V129/><F129/><W90/><G31/><T16/><D18/><U32/><E92/><V117/><F117/><W65/><G4/><T133/><D133/><U121/><E121/><V81/><F125/><W87/><G47/><T1/><D1/><U126/><E126/><V48/><F17/><W27/><G27/><T11/><D94/><U15/><E10/><V74/><F74/><W98/><G98/><T120/><D91/><U50/><REACH who="1" step="1"/><E86/><REACH who="1" ten="60,341,215,374" step="2"/><V71/><F95/><W112/><G112/><T118/><D120/><U131/><E131/><V53/><F97/><AGARI ba="0,1" hai="12,13,15,32,33,43,44,50,63,67,68,93,97,102" machi="97" ten="40,1300,0" yaku="1,1,53,0" doraHai="79" doraHaiUra="123" who="1" fromWho="2" sc="60,0,341,23,215,-13,374,0" /><INIT seed="7,0,0,2,4,35" ten="60,364,202,374" oya="3" hai0="86,118,70,117,36,1,116,98,91,55,87,59,107" hai1="83,133,63,126,113,104,40,5,93,60,24,103,123" hai2="45,42,38,79,122,127,16,41,68,23,111,108,75" hai3="37,49,64,124,114,29,89,121,69,12,134,13,6"/><W102/><G37/><T62/><D36/><U109/><E123/><V54/><F68/><W43/><G121/><T14/><D70/><U74/><E109/><V84/><F42/><W11/><G114/><T88/><D14/><U128/><E104/><V32/><F32/><W7/><G134/><T27/><D27/><U76/><E113/><V48/><F75/><W119/><G119/><T4/><D107/><U101/><E133/><V90/><F79/><W56/><G124/><T22/><D22/><U3/><E126/><V30/><F30/><W10/><G69/><T71/><D71/><U61/><E128/><V129/><F129/><W9/><G102/><T125/><D125/><U80/><E40/><V39/><F127/><W50/><G89/><T77/><D98/><U58/><E83/><V99/><F99/><W82/><G29/><T67/><D67/><U94/><E58/><V81/><F122/><W18/><G82/><T106/><D106/><U25/><E101/><V65/><F65/><W72/><G72/><T132/><D132/><U66/><E66/><V131/><F131/><W130/><G130/><T78/><D78/><U34/><E103/><V31/><F31/><W135/><G135/><T47/><D47/><U115/><E115/><V33/><F33/><W26/><G43/><T44/><D44/><U92/><REACH who="1" step="1"/><E34/><REACH who="1" ten="60,354,202,374" step="2"/><V8/><F39/><W17/><G64/><T15/><D15/><U110/><E110/><V96/><F96/><W21/><REACH who="3" step="1"/><G56/><REACH who="3" ten="60,354,202,364" step="2"/><T85/><REACH who="0" step="1"/><D77/><REACH who="0" ten="50,354,202,364" step="2"/><U73/><E73/><V20/><F111/><W2/><AGARI ba="0,3" hai="2,6,7,9,10,11,12,13,17,18,21,26,49,50" machi="2" ten="20,18000,2" yaku="1,1,2,1,0,1,7,1,52,1,53,1" doraHai="35" doraHaiUra="19" who="3" fromWho="3" sc="50,-60,354,-60,202,-60,364,210" owari="-10,-51.0,294,9.4,142,-25.8,574,67.4" /></mjloggm>