<mjloggm ver="2.3"><GO type="169" lobby="0"/><UN n0="%E5%B3%B6%E7%94%B0%E7%9C%9F%E5%A4%A2" n1="%E7%88%86%E7%89%8C%E3%82%A6%E3%82%B7%E3%82%B8%E3%83%9E%E3%81%8F%E3%82%93" n2="%E4%B9%9D%E5%B0%BE%E3%81%AE%E3%83%8D%E3%82%B3" n3="%4E%55%44%41" dan="16,19,16,17" rate="2156.72,2241.81,2041.05,2197.33" sx="F,M,M,M"/><TAIKYOKU oya="0"/><INIT seed="0,0,0,1,4,77" ten="250,250,250,250" oya="0" hai0="47,36,106,33,65,80,93,90,82,37,75,118,110" hai1="22,99,0,100,19,135,74,119,52,11,57,64,89" hai2="103,78,72,49,88,7,54,35,44,60,38,102,42" hai3="97,40,3,107,133,122,8,67,104,81,94,24,123"/><T126/><D118/><U61/><E119/><V131/><F35/><W59/><G133/><T92/><D106/><U5/><E135/><V116/><F116/><W132/><G132/><T10/><D33/><U73/><E64/><V125/><F125/><W66/><G40/><T27/><D126/><U17/><E17/><V83/><F131/><W20/><G104/><T111/><D65/><U84/><E100/><V114/><F114/><W15/><G3/><T16/><D75/><U113/><E113/><V51/><F60/><W9/><G107/><T1/><D93/><U45/><E45/><V101/><F51/><W117/><G81/><N who="0" m="31339" /><D47/><U43/><E99/><V29/><F29/><W13/><G94/><T12/><D27/><U71/><E43/><V105/><F105/><W130/><G24/><T4/><D4/><U26/><REACH who="1" step="1"/><E71/><REACH who="1" ten="250,240,250,250" step="2"/><V91/><REACH who="2" step="1"/><F7/><REACH who="2" ten="250,240,240,250" step="2"/><W96/><G117/><T23/><D36/><U127/><E127/><V32/><F32/><W46/><G123/><T109/><D37/><U85/><E85/><V2/><F2/><W95/><G122/><T120/><D1/><U63/><E63/><V18/><F18/><W14/><G130/><T124/><D120/><U69/><E69/><V76/><F76/><W134/><G134/><T58/><D124/><U28/><E28/><V121/><F121/><W30/><G30/><T56/><D10/><U31/><E31/><V68/><F68/><W25/><G9/><T115/><D115/><U112/><E112/><V128/><F128/><W34/><G8/><T98/><AGARI ba="0,2" hai="12,16,23,56,58,90,92,98,109,110,111" m="31339" machi="98" ten="40,18000,2" yaku="14,1,10,1,52,3,54,1" doraHai="77" who="0" fromWho="0" sc="250,200,240,-60,240,-60,250,-60" /><INIT seed="0,1,0,1,3,16" ten="450,180,180,190" oya="0" hai0="28,9,5,43,104,134,62,132,101,112,8,120,81" hai1="56,114,27,49,70,18,110,67,40,54,59,129,39" hai2="75,83,93,86,50,85,80,103,15,21,106,64,100" hai3="94,74,36,131,55,78,33,68,12,63,6,135,57"/><T46/><D120/><U38/><E27/><V102/><F106/><W32/><G36/><N who="1" m="13866" /><E18/><V47/><F75/><W60/><G131/><T77/><D28/><U44/><E129/><V89/><F64/><W30/><G135/><T24/><D24/><U11/><E11/><V58/><F58/><W105/><G105/><T123/><D123/><U66/><E110/><V31/><F86/><W23/><G68/><T35/><D35/><U111/><E111/><V2/><F2/><W98/><G63/><T1/><D9/><U124/><E114/><V17/><REACH who="2" step="1"/><F31/><REACH who="2" ten="450,180,170,190" step="2"/><W82/><G30/><T53/><D1/><U0/><E0/><V90/><F90/><W95/><G74/><T26/><D104/><U22/><E67/><V25/><F25/><W41/><G78/><T119/><D26/><U52/><E66/><V73/><F73/><W13/><G57/><T130/><D77/><U127/><E70/><V118/><F118/><W126/><G98/><T107/><D107/><U76/><E76/><V71/><F71/><W88/><G88/><T115/><D112/><U69/><E69/><V29/><F29/><W14/><G14/><T113/><D115/><U4/><E59/><V19/><F19/><W97/><G13/><T108/><D113/><U65/><E65/><V3/><F3/><W116/><G116/><T117/><D119/><U133/><E56/><V125/><F125/><W92/><G126/><T91/><D117/><U7/><E124/><V72/><F72/><W51/><G12/><T109/><D91/><U96/><E127/><V45/><F45/><W10/><G97/><RYUUKYOKU ba="1,1" sc="450,-10,180,-10,170,30,190,-10" hai2="15,17,21,47,50,80,83,85,89,93,100,102,103" /><INIT seed="1,2,1,0,3,132" ten="440,170,200,180" oya="1" hai0="99,91,6,30,48,81,83,14,39,74,115,112,77" hai1="32,92,62,53,130,119,24,38,17,90,133,71,114" hai2="86,125,63,73,103,121,89,98,47,5,41,13,95" hai3="52,43,33,60,117,93,0,16,15,49,123,96,127"/><U36/><E114/><V102/><F121/><W66/><G123/><T100/><D39/><U65/><E119/><V68/><F73/><W64/><G127/><T20/><D48/><U54/><E133/><V70/><F125/><W9/><G33/><T4/><D4/><U55/><E130/><V116/><F116/><W2/><G43/><T67/><D67/><U79/><E79/><V21/><F63/><W29/><G29/><T28/><D28/><U118/><E118/><V35/><F35/><W27/><G27/><T78/><D91/><U75/><E75/><V69/><F98/><W44/><G117/><T34/><D34/><U134/><E134/><V122/><F122/><W104/><G104/><T40/><D40/><U59/><E71/><V101/><F5/><W105/><G105/><T10/><D20/><U26/><E26/><V128/><F128/><W22/><G22/><T57/><D57/><U7/><E7/><V12/><REACH who="2" step="1"/><F21/><REACH who="2" ten="440,170,190,180" step="2"/><W37/><G66/><T129/><D129/><U124/><E124/><V56/><F56/><W46/><G46/><T88/><D99/><N who="1" m="57751" /><E32/><V82/><F82/><W25/><G64/><T1/><D74/><U19/><E65/><V109/><F109/><W131/><G131/><T18/><D83/><U97/><E97/><V11/><F11/><W58/><G9/><N who="0" m="6479" /><D112/><U50/><E62/><V108/><F108/><W80/><G80/><T42/><D115/><U8/><E8/><V51/><AGARI ba="2,2" hai="12,13,41,47,51,68,69,70,86,89,95,101,102,103" machi="51" ten="40,2700,0" yaku="1,1,0,1,53,0" doraHai="132" doraHaiUra="111" who="2" fromWho="2" sc="440,-9,170,-15,190,53,180,-9" /><INIT seed="2,0,0,2,0,88" ten="431,155,243,171" oya="2" hai0="96,43,53,27,113,83,65,39,17,114,84,99,74" hai1="50,38,115,4,101,30,102,42,76,31,120,118,12" hai2="86,71,110,82,58,28,67,36,109,70,85,59,62" hai3="77,95,47,2,25,44,20,69,63,103,78,91,106"/><V51/><F28/><W127/><G2/><T130/><D130/><U45/><E115/><V35/><F35/><W3/><G3/><T41/><D74/><U15/><E118/><V79/><F36/><W128/><G128/><T18/><D65/><U5/><E120/><V37/><F37/><W13/><G127/><T14/><D27/><U94/><E38/><V111/><F86/><W61/><G106/><T60/><D17/><U133/><E76/><N who="3" m="29290" /><G13/><T93/><D39/><U52/><E133/><V66/><F51/><W64/><G103/><T121/><D121/><U10/><E42/><V23/><F23/><W75/><G69/><T32/><D32/><U7/><E102/><V92/><F92/><W8/><G8/><T131/><D131/><U122/><E122/><V87/><F85/><N who="3" m="52719" /><G64/><T90/><D113/><U9/><E7/><V68/><F71/><W104/><G104/><T134/><D134/><U55/><E55/><V97/><F97/><AGARI ba="0,0" hai="4,5,9,10,12,15,30,31,45,50,52,94,97,101" machi="97" ten="40,8000,1" yaku="9,1,8,1,52,1,54,1" doraHai="88" who="1" fromWho="2" sc="431,0,155,80,243,-80,171,0" /><INIT seed="3,0,0,4,3,95" ten="431,235,163,171" oya="3" hai0="83,64,37,4,99,36,106,22,131,39,115,97,63" hai1="57,73,111,31,24,13,34,104,87,50,98,46,33" hai2="90,65,100,42,74,88,43,5,15,7,58,75,55" hai3="52,35,32,29,79,40,102,91,26,30,45,18,82"/><W25/><G102/><T121/><D121/><U16/><E73/><V85/><F100/><W14/><G91/><T130/><D106/><U23/><E111/><V77/><F65/><W116/><G116/><T28/><D4/><U8/><E57/><V60/><F75/><W123/><G123/><T44/><D44/><U120/><E120/><V27/><F74/><W125/><G125/><T118/><D118/><U86/><E104/><V0/><F0/><W49/><G82/><T134/><D83/><U93/><E34/><V54/><F54/><W127/><G127/><T92/><D134/><U41/><E33/><V122/><F122/><W68/><G68/><T132/><D132/><U96/><E96/><N who="0" m="36937" /><D92/><U10/><REACH who="1" step="1"/><E8/><REACH who="1" ten="431,225,163,171" step="2"/><V112/><F112/><W81/><G79/><T17/><D115/><U119/><E119/><V71/><F71/><W94/><G81/><T48/><D22/><U113/><E113/><V67/><F77/><W105/><G105/><T3/><D130/><U135/><E135/><V107/><F107/><W47/><G94/><T38/><D131/><U9/><E9/><V59/><F59/><W110/><G110/><T56/><D56/><U72/><E72/><V78/><F78/><W76/><G76/><T84/><D84/><U117/><E117/><V80/><F67/><W70/><G70/><T101/><D64/><U114/><E114/><V62/><F62/><W133/><G133/><T66/><D63/><U12/><E12/><V124/><F124/><W103/><G14/><T109/><D66/><U6/><E6/><V11/><F7/><W128/><G128/><RYUUKYOKU ba="0,1" sc="431,-10,225,30,163,-10,171,-10" hai1="10,13,16,23,24,31,41,46,50,86,87,93,98" /><INIT seed="4,1,1,1,0,36" ten="421,255,153,161" oya="0" hai0="56,5,108,14,116,15,59,49,12,68,55,70,66" hai1="123,43,32,117,28,85,16,23,54,2,97,7,126" hai2="131,22,37,13,94,20,82,127,107,41,3,6,64" hai3="27,69,89,47,130,88,51,124,9,79,99,101,125"/><T48/><D116/><U86/><E117/><V80/><F107/><W73/><G69/><T19/><D108/><U134/><E123/><V0/><F0/><W53/><G130/><T33/><D33/><U72/><E72/><V122/><F122/><W110/><G110/><T11/><D66/><U113/><E126/><N who="3" m="48746" /><G27/><T62/><D62/><U109/><E134/><V133/><F127/><W90/><G9/><T129/><D129/><U120/><E109/><V135/><F131/><W39/><G39/><T29/><D29/><U61/><E120/><V78/><F64/><W17/><G17/><T21/><D15/><U1/><E28/><V45/><F3/><W34/><G34/><T105/><D105/><U65/><E32/><V75/><F94/><N who="3" m="58615" /><G79/><T35/><D35/><U118/><E2/><V119/><F119/><W104/><G73/><T76/><D76/><U83/><E1/><V100/><F100/><W30/><G30/><T50/><D68/><U74/><E74/><V31/><F82/><W111/><G111/><T57/><D70/><U81/><E83/><V67/><F31/><W93/><G104/><T52/><AGARI ba="1,1" hai="5,11,12,14,19,21,48,49,50,52,55,56,57,59" machi="52" ten="40,7800,0" yaku="0,1,8,1,54,1" doraHai="36" who="0" fromWho="0" sc="421,91,255,-27,153,-27,161,-27" /><INIT seed="4,2,0,5,2,22" ten="512,228,126,134" oya="0" hai0="89,95,98,55,5,25,19,42,115,24,129,78,17" hai1="134,0,119,67,53,105,110,86,33,116,51,124,82" hai2="21,32,123,75,15,26,128,23,117,69,90,39,37" hai3="54,103,122,108,107,84,131,9,102,127,43,96,11"/><T63/><D115/><U135/><E0/><V47/><F123/><W64/><G108/><T58/><D129/><U118/><E33/><V2/><F2/><W36/><G131/><T8/><D78/><U38/><E38/><V49/><F75/><W106/><G64/><T88/><D42/><U76/><E67/><V81/><F69/><W50/><G122/><T133/><D133/><N who="1" m="50699" /><E105/><V48/><F128/><W61/><G61/><T92/><D5/><U57/><E124/><V72/><F32/><W41/><G36/><T20/><D8/><U65/><E65/><V97/><F72/><W85/><G54/><T113/><D113/><U52/><E53/><V40/><F39/><W66/><G66/><T62/><D62/><U130/><E130/><V35/><F35/><W70/><G70/><T120/><D120/><U1/><E1/><V27/><F117/><W77/><G50/><T74/><D74/><U114/><E114/><V18/><F15/><W125/><G77/><T16/><D24/><U30/><E30/><V111/><F111/><AGARI ba="2,0" hai="51,52,57,76,82,86,110,111,116,118,119" m="50699" machi="111" ten="40,2600,0" yaku="20,1,54,1" doraHai="22" who="1" fromWho="2" sc="512,0,228,32,126,-32,134,0" /><INIT seed="5,0,0,3,1,34" ten="512,260,94,134" oya="1" hai0="113,89,70,66,84,125,18,61,64,42,106,126,69" hai1="38,88,114,48,83,26,129,6,115,41,96,77,80" hai2="111,91,109,19,108,123,43,135,100,78,35,128,21" hai3="30,97,127,79,75,110,94,28,12,99,23,102,40"/><U57/><E38/><V36/><F123/><W5/><G110/><T54/><D106/><U31/><E129/><V116/><F116/><W55/><G127/><N who="0" m="48651" /><D113/><N who="1" m="43019" /><E6/><V44/><F128/><W2/><G2/><T63/><D42/><U60/><E41/><V22/><F35/><W25/><G40/><T52/><D18/><U20/><E48/><V120/><F120/><W134/><G134/><T86/><D86/><N who="1" m="50271" /><E96/><V4/><F4/><W29/><G75/><T87/><D87/><N who="1" m="48527" /><E57/><V17/><F135/><W92/><G79/><T72/><D72/><U132/><E60/><V56/><F56/><W15/><G5/><T82/><AGARI ba="0,0" hai="52,54,61,63,64,66,69,70,82,84,89" m="48651" machi="82" ten="30,2000,0" yaku="18,1,54,1" doraHai="34" who="0" fromWho="0" sc="512,20,260,-10,94,-5,134,-5" /><INIT seed="6,0,0,0,4,45" ten="532,250,89,129" oya="2" hai0="114,80,41,92,117,29,112,56,2,115,50,111,81" hai1="69,71,109,126,59,12,82,100,0,131,128,75,95" hai2="72,119,99,28,36,76,10,94,60,67,121,3,37" hai3="101,124,132,21,1,79,134,127,48,19,129,47,4"/><V62/><F119/><W55/><G101/><T64/><D2/><U30/><E109/><V11/><F121/><W13/><G79/><T44/><D111/><U52/><E0/><V27/><F72/><W97/><G97/><T133/><D133/><N who="3" m="51305" /><G129/><N who="1" m="49738" /><E30/><V77/><F3/><W7/><G1/><T54/><D29/><U91/><E126/><AGARI ba="0,0" hai="4,7,13,19,21,47,48,55,124,126,127" m="51305" machi="126" ten="30,3900,0" yaku="18,1,20,1,52,1" doraHai="45" who="3" fromWho="1" sc="532,0,250,-39,89,0,129,39" /><INIT seed="7,0,0,4,0,98" ten="532,211,89,168" oya="3" hai0="61,7,57,74,87,115,134,72,101,2,28,53,32" hai1="81,47,6,23,117,68,38,65,78,35,91,42,127" hai2="130,33,11,99,63,70,25,80,84,102,83,112,126" hai3="125,105,129,107,131,103,58,76,27,37,52,64,88"/><W55/><G37/><T41/><D134/><U89/><E35/><V120/><F120/><W1/><G1/><T135/><D135/><U67/><E127/><V50/><F126/><W118/><G125/><T106/><D41/><U13/><E117/><V116/><F116/><W3/><G118/><T31/><D87/><U40/><E40/><V0/><F112/><W51/><G3/><T133/><D133/><U86/><E68/><V128/><F50/><W15/><G76/><T22/><D32/><U4/><E4/><V9/><F9/><W69/><G15/><T96/><D115/><U12/><E12/><V93/><F11/><W100/><G27/><T17/><D7/><U114/><E114/><V66/><F0/><W20/><G20/><T56/><D2/><U73/><E91/><V97/><F97/><W94/><G69/><T24/><D57/><U10/><E23/><V5/><F5/><W43/><G64/><T8/><D8/><U109/><E109/><V111/><F111/><W30/><G30/><T75/><AGARI ba="0,0" hai="17,22,24,28,31,53,56,61,72,74,75,96,101,106" machi="75" ten="30,2000,0" yaku="0,1,52,1" doraHai="98" who="0" fromWho="0" sc="532,20,211,-5,89,-5,168,-10" owari="552,65.2,206,0.6,84,-41.6,158,-24.2" /></mjloggm>