<mjloggm ver="2.3"><GO type="169" lobby="0"/><UN n0="%68%69%73%61%74%6F%E6%A3%92" n1="%E3%81%8B%E3%81%B6%E8%8C%B6" n2="%E3%81%B3%E3%82%8D%E3%81%B4%E3%82%8D" n3="%41%4F%54" dan="16,17,16,18" rate="2092.73,2134.50,2170.68,2219.15" sx="M,M,M,F"/><TAIKYOKU oya="0"/><INIT seed="0,0,0,4,0,49" ten="250,250,250,250" oya="0" hai0="86,57,126,41,17,115,130,128,40,36,71,62,45" hai1="46,55,39,116,103,63,30,38,35,83,118,25,60" hai2="102,132,19,52,92,51,59,50,98,113,56,53,65" hai3="15,93,88,125,108,89,80,90,2,117,119,3,44"/><T73/><D73/><U54/><E103/><V104/><F113/><W24/><G108/><T7/><D7/><U64/><E83/><V43/><F132/><W70/><G70/><T72/><D72/><U48/><E25/><V94/><F65/><W68/><G68/><T106/><D106/><U33/><E30/><V120/><F120/><W27/><G125/><T58/><D17/><U74/><E74/><V10/><F43/><W85/><G15/><AGARI ba="0,0" hai="10,15,19,50,51,52,53,56,59,92,94,98,102,104" machi="15" ten="40,8000,1" yaku="9,1,52,2,54,1" doraHai="49" who="2" fromWho="3" sc="250,0,250,0,250,80,250,-80" /><INIT seed="1,0,0,0,1,7" ten="250,250,330,170" oya="1" hai0="93,66,73,86,88,95,20,123,122,125,31,98,46" hai1="68,33,97,25,124,114,120,82,90,135,61,130,65" hai2="87,103,5,60,110,127,131,81,83,118,21,85,133" hai3="14,132,111,121,11,53,41,105,57,79,104,106,89"/><U32/><E114/><V18/><F118/><W55/><G121/><T134/><D73/><U34/><E120/><N who="0" m="46121" /><D66/><U23/><E130/><V126/><F110/><W40/><G111/><T39/><D31/><U75/><E135/><V6/><F131/><W58/><G132/><T26/><D134/><U54/><E124/><N who="2" m="47659" /><F103/><W30/><G79/><T112/><D112/><U109/><E109/><V44/><F60/><W12/><G30/><N who="0" m="17735" /><D46/><U38/><E38/><V13/><F44/><W17/><G89/><N who="0" m="55663" /><D125/><U51/><E75/><V91/><F133/><W9/><G106/><T27/><D27/><U24/><E23/><V69/><F69/><W78/><G78/><AGARI ba="0,0" hai="5,6,13,18,21,78,81,83,85,87,91" m="47659" machi="78" ten="30,1000,0" yaku="18,1" doraHai="7" who="2" fromWho="3" sc="250,0,250,0,330,10,170,-10" /><INIT seed="2,0,0,1,5,45" ten="250,250,340,160" oya="2" hai0="20,78,59,57,51,2,110,1,52,41,116,88,44" hai1="118,108,113,55,123,90,76,114,101,0,99,130,14" hai2="85,77,18,81,17,135,22,69,73,89,132,54,128" hai3="43,105,29,134,64,129,75,3,125,26,124,27,80"/><V6/><F69/><W25/><G105/><T19/><D78/><U12/><E0/><V35/><F35/><W23/><G64/><T39/><D59/><U111/><E118/><V92/><F128/><W15/><G75/><T42/><D42/><U5/><E130/><V100/><F6/><W119/><G80/><T4/><D110/><N who="1" m="42027" /><E76/><V70/><F70/><W104/><G104/><T16/><D19/><U65/><E65/><V60/><F100/><W84/><G84/><T112/><D4/><U21/><E90/><V66/><F66/><W63/><G63/><T87/><D112/><U97/><E97/><V68/><F68/><W98/><G98/><T120/><D120/><U109/><E109/><V79/><F79/><W95/><G129/><T96/><D96/><U61/><E21/><V62/><F17/><W9/><G43/><T24/><D116/><U46/><E5/><V38/><F38/><W50/><G119/><T10/><D10/><U40/><E123/><V47/><F132/><W31/><G3/><T37/><D39/><U102/><E102/><V48/><REACH who="2" step="1"/><F135/><REACH who="2" ten="250,250,330,160" step="2"/><W131/><G134/><T74/><D74/><U8/><E113/><V30/><F30/><W106/><G31/><T107/><D107/><U72/><E72/><V91/><F91/><W115/><G29/><T93/><AGARI ba="0,1" hai="1,2,16,20,24,37,41,44,51,52,57,87,88,93" machi="93" ten="20,12000,2" yaku="0,1,7,1,52,1,54,3" doraHai="45" who="0" fromWho="0" sc="250,130,250,-30,330,-60,160,-30" /><INIT seed="3,0,0,0,0,27" ten="380,220,270,130" oya="3" hai0="56,11,76,1,63,83,66,75,35,51,103,97,109" hai1="39,30,88,126,34,111,110,6,92,115,96,15,77" hai2="69,122,55,123,2,82,20,120,78,10,45,127,44" hai3="90,28,22,93,118,113,8,72,29,58,65,89,7"/><W38/><G113/><T21/><D35/><U100/><E115/><V94/><F127/><W108/><G118/><T47/><D11/><N who="1" m="4599" /><E39/><V48/><F69/><W25/><G38/><T64/><D1/><U119/><E126/><V114/><F114/><W61/><G72/><T85/><D66/><U18/><E77/><V54/><F94/><W134/><G134/><T42/><D109/><N who="1" m="41483" /><E119/><V50/><F20/><W106/><G106/><T16/><D75/><U105/><E18/><V23/><F23/><W135/><G135/><T32/><D32/><U129/><E129/><V5/><F82/><W19/><G108/><T4/><D4/><U59/><E59/><V124/><F124/><W104/><G104/><T117/><D117/><U62/><E62/><V24/><F24/><W80/><G80/><T84/><D84/><N who="1" m="52231" /><E34/><V132/><F78/><W86/><REACH who="3" step="1"/><G90/><REACH who="3" ten="380,220,270,120" step="2"/><T121/><D83/><U46/><E105/><V99/><F132/><W133/><G133/><T67/><D76/><U57/><E100/><V95/><F123/><W74/><G74/><T112/><D121/><U40/><E30/><V102/><AGARI ba="0,1" hai="2,5,10,44,45,48,50,54,55,95,99,102,120,122" machi="102" ten="30,2000,0" yaku="0,1,9,1" doraHai="27" who="2" fromWho="2" sc="380,-5,220,-5,270,30,120,-10" /><INIT seed="4,0,0,3,2,116" ten="375,215,300,110" oya="0" hai0="105,75,45,28,96,23,81,12,77,32,115,68,73" hai1="88,8,106,67,85,65,97,22,46,125,37,109,26" hai2="123,66,58,110,100,61,49,127,19,34,13,108,83" hai3="41,5,118,130,119,17,121,43,14,20,48,44,25"/><T24/><D68/><U38/><E109/><N who="2" m="42091" /><F34/><W91/><G130/><T27/><D12/><U39/><E125/><V2/><F2/><W70/><G70/><T107/><D73/><U82/><E46/><V95/><F19/><W79/><G43/><T57/><D45/><U35/><E35/><V126/><F13/><W7/><G7/><T92/><D57/><U132/><E132/><V120/><F83/><W50/><G50/><T21/><D115/><U16/><REACH who="1" step="1"/><E8/><REACH who="1" ten="375,205,300,110" step="2"/><V131/><F131/><W128/><G128/><T113/><D32/><U124/><E124/><N who="2" m="47659" /><F49/><W133/><G133/><T0/><D113/><U3/><E3/><V36/><F36/><W29/><G48/><T40/><D0/><U55/><E55/><V9/><F9/><W52/><G52/><T53/><D53/><U104/><E104/><V51/><F51/><W111/><G111/><T93/><D40/><U71/><E71/><V11/><F11/><W18/><G41/><T114/><D114/><U64/><E64/><V63/><F63/><W122/><G20/><T101/><D105/><U134/><E134/><V112/><F112/><W76/><G118/><T129/><D129/><U47/><E47/><V78/><F78/><W15/><G76/><T33/><D33/><U117/><E117/><V80/><F66/><W4/><G79/><T56/><D56/><U103/><AGARI ba="0,1" hai="16,22,26,37,38,39,65,67,82,85,88,97,103,106" machi="103" ten="40,8000,1" yaku="1,1,0,1,54,2,53,1" doraHai="116" doraHaiUra="94" who="1" fromWho="1" sc="375,-40,205,90,300,-20,110,-20" /><INIT seed="5,0,0,2,5,18" ten="335,295,280,90" oya="1" hai0="84,59,21,16,82,128,102,46,130,25,67,98,120" hai1="26,12,76,80,81,96,43,122,91,69,35,77,9" hai2="56,126,109,68,73,106,7,124,48,6,5,111,34" hai3="104,71,33,42,29,89,118,113,11,60,40,24,4"/><U50/><E122/><V58/><F48/><W51/><G113/><T15/><D46/><U10/><E69/><V13/><F68/><W123/><G123/><T101/><D120/><U17/><E35/><V92/><F92/><W39/><G118/><T97/><D15/><U131/><E131/><N who="0" m="50217" /><D102/><U70/><E70/><V37/><F13/><W45/><G104/><T107/><D97/><U105/><E26/><V83/><F34/><W23/><G33/><T100/><D100/><U115/><E115/><V8/><F8/><W125/><G125/><N who="2" m="48233" /><F106/><W14/><G39/><T134/><D134/><U63/><E105/><V22/><F37/><W99/><G71/><T38/><D38/><U32/><E32/><V87/><F22/><W57/><G42/><T3/><D3/><U94/><E9/><V27/><F27/><W93/><REACH who="3" step="1"/><G57/><REACH who="3" ten="335,295,280,80" step="2"/><N who="2" m="22121" /><F73/><W49/><G49/><T65/><D59/><U127/><E127/><V79/><AGARI ba="0,1" hai="5,6,7,79,83,87,109,111" m="22121,48233" machi="79" ten="40,1500,0" yaku="18,1" doraHai="18" who="2" fromWho="2" sc="335,-4,295,-7,280,25,80,-4" /><INIT seed="6,0,0,5,3,84" ten="331,288,305,76" oya="2" hai0="133,85,80,103,15,106,61,67,25,129,9,20,90" hai1="60,10,95,29,132,116,4,16,59,81,17,31,32" hai2="102,52,43,65,110,37,78,135,114,2,21,112,19" hai3="96,72,5,130,126,34,6,8,125,113,99,24,73"/><V119/><F119/><W79/><G79/><T69/><D133/><U33/><E132/><V100/><F135/><W13/><G34/><N who="1" m="13418" /><E95/><V94/><F2/><W68/><G68/><T53/><D53/><U27/><E81/><V35/><F35/><W36/><G36/><T7/><D129/><U1/><E59/><V70/><F110/><W47/><G24/><T22/><D25/><U44/><E44/><N who="2" m="23663" /><F78/><W109/><G47/><T75/><D75/><U89/><E89/><V92/><F92/><W98/><G109/><T88/><REACH who="0" step="1"/><D90/><REACH who="0" ten="321,288,305,76" step="2"/><U131/><E131/><V121/><F52/><W97/><G130/><T39/><D39/><U41/><E41/><V0/><F102/><W115/><N who="3" m="24576" /><DORA hai="30" /><W46/><G46/><T57/><D57/><U123/><E60/><V124/><F100/><W23/><G72/><T66/><D66/><U87/><E116/><V3/><F65/><W83/><G73/><T18/><D18/><N who="1" m="7275" /><E87/><V54/><F54/><W71/><G71/><T48/><D48/><U128/><E128/><V91/><F70/><W38/><G38/><T104/><D104/><U64/><E64/><V120/><F91/><W51/><G51/><T45/><D45/><U82/><E27/><V108/><F108/><W40/><G40/><T74/><D74/><U127/><E31/><V86/><F86/><W118/><G118/><T49/><D49/><U26/><E26/><V63/><F63/><W28/><G28/><T55/><D55/><U76/><E29/><V50/><F50/><W122/><G6/><T134/><D134/><U77/><E77/><V11/><F19/><RYUUKYOKU ba="0,1" sc="321,30,288,-10,305,-10,76,-10" hai0="7,9,15,20,22,61,67,69,80,85,88,103,106" /><INIT seed="7,1,1,0,3,76" ten="351,278,295,66" oya="3" hai0="1,108,6,18,38,100,58,94,15,2,46,55,129" hai1="8,32,30,80,77,126,97,52,66,34,64,67,90" hai2="27,40,29,122,4,127,98,109,35,31,92,60,73" hai3="23,36,22,54,105,28,91,117,74,103,83,21,135"/><W3/><G117/><T7/><D129/><U48/><E126/><V78/><F109/><W37/><G3/><T10/><D2/><U125/><E125/><V93/><F127/><W12/><G135/><T106/><D106/><U107/><E8/><V25/><F122/><W89/><G28/><T9/><D7/><U104/><E104/><V111/><F111/><W123/><G123/><T47/><D38/><U39/><E39/><V81/><F40/><W49/><G37/><T95/><D95/><U131/><E90/><V59/><F4/><W53/><G36/><T50/><D108/><U118/><E30/><V65/><REACH who="2" step="1"/><F98/><REACH who="2" ten="351,278,285,66" step="2"/><W99/><G12/><T14/><D1/><U0/><E0/><V114/><F114/><W69/><G69/><T13/><D15/><U63/><E63/><V112/><F112/><W41/><G41/><T19/><D6/><U51/><E51/><V130/><F130/><W115/><G115/><T113/><D113/><U68/><E68/><V33/><AGARI ba="1,2" hai="25,27,29,31,33,35,59,60,65,73,78,81,92,93" machi="33" ten="20,8000,1" yaku="1,1,0,1,7,1,9,1,52,1,53,0" doraHai="76" doraHaiUra="86" who="2" fromWho="2" sc="351,-21,278,-21,285,103,66,-41" owari="330,13.0,257,-14.3,388,48.8,25,-47.5" /></mjloggm>