<mjloggm ver="2.3"><GO type="169" lobby="0"/><UN n0="%E3%83%8E%E3%82%AA%E3%83%81%E3%83%A3%E3%83%99%E3%82%B9" n1="%E3%81%8B%E3%82%88%E3%81%A1%E3%82%83%E3%82%93%E3%81%AE%E6%97%A6%E9%82%A3" n2="%E5%B3%B6%E7%94%B0%E7%9C%9F%E5%A4%A2" n3="%66%61%74%65%34%32%39%38" dan="16,16,16,16" rate="2161.79,2104.28,2163.06,2045.15" sx="M,M,F,M"/><TAIKYOKU oya="0"/><INIT seed="0,0,0,5,0,126" ten="250,250,250,250" oya="0" hai0="108,86,117,97,121,22,82,56,94,127,78,93,88" hai1="129,12,133,39,38,44,135,27,16,130,7,28,79" hai2="57,89,32,114,0,120,10,122,71,111,6,5,54" hai3="73,33,66,11,125,81,107,36,37,1,83,30,19"/><T26/><D127/><U62/><E79/><V119/><F71/><W116/><G116/><T43/><D117/><U84/><E84/><V20/><F119/><W132/><G125/><T49/><D121/><U131/><E7/><V118/><F118/><W87/><G107/><T113/><D113/><U47/><E62/><V65/><F32/><W112/><G112/><T2/><D2/><U40/><E47/><V42/><F114/><W25/><G132/><T51/><D108/><U59/><E59/><V91/><F111/><W69/><G73/><T80/><D43/><U13/><E13/><V102/><F102/><W76/><G83/><T106/><D106/><U124/><E124/><V90/><F42/><W18/><G18/><T9/><D9/><N who="1" m="6159" /><E39/><V100/><F65/><W99/><G99/><T31/><D56/><U123/><E123/><V128/><F6/><W103/><G36/><T110/><D110/><U24/><E24/><V115/><F115/><W53/><G37/><T41/><D41/><U75/><E75/><V14/><F100/><W64/><G103/><T29/><D29/><U45/><E44/><V70/><F70/><W104/><G104/><T101/><REACH who="0" step="1"/><D82/><REACH who="0" ten="240,250,250,250" step="2"/><U15/><E15/><V68/><F68/><W109/><G109/><T60/><D60/><U55/><E55/><V58/><F58/><W85/><G69/><T17/><D17/><U52/><E52/><V96/><F120/><W77/><G53/><T134/><D134/><U98/><E98/><AGARI ba="0,1" hai="22,26,31,49,51,78,80,86,88,93,94,97,98,101" machi="98" ten="30,11600,0" yaku="1,1,7,1,8,1,54,1,53,0" doraHai="126" doraHaiUra="35" who="0" fromWho="1" sc="240,126,250,-116,250,0,250,0" /><INIT seed="0,1,0,2,5,10" ten="366,134,250,250" oya="0" hai0="12,73,75,39,97,60,43,7,29,102,120,32,123" hai1="20,59,24,8,133,72,85,61,13,116,56,40,18" hai2="11,129,135,44,113,103,31,115,0,125,130,1,22" hai3="28,111,71,98,100,35,55,25,52,69,118,114,95"/><T2/><D60/><U64/><E116/><V107/><F107/><W128/><G114/><N who="2" m="43529" /><F103/><W87/><G118/><T54/><D54/><U5/><E72/><V110/><F44/><W45/><G111/><T67/><D67/><U74/><E74/><V14/><F110/><W121/><G128/><N who="2" m="49257" /><F125/><W30/><G30/><T48/><D48/><U105/><E105/><V127/><F127/><W68/><G121/><T62/><D62/><U51/><E133/><V78/><F78/><W91/><REACH who="3" step="1"/><G45/><REACH who="3" ten="366,134,250,240" step="2"/><T38/><D123/><U109/><E109/><V83/><F135/><W88/><G88/><T65/><D120/><U131/><E131/><V3/><F83/><AGARI ba="1,1" hai="25,28,35,52,55,68,69,71,83,87,91,95,98,100" machi="83" ten="40,5200,0" yaku="1,1,54,1,53,1" doraHai="10" doraHaiUra="76" who="3" fromWho="2" sc="366,0,134,0,250,-55,240,65" /><INIT seed="1,0,0,1,2,61" ten="366,134,195,305" oya="1" hai0="96,79,52,105,118,122,121,104,89,38,47,83,128" hai1="67,53,5,28,32,86,95,29,109,71,41,88,59" hai2="131,65,43,62,93,0,117,94,36,81,11,68,91" hai3="56,98,102,31,25,133,87,125,90,112,78,23,49"/><U74/><E74/><V127/><F117/><W126/><G133/><T80/><D118/><U72/><E72/><V13/><F131/><W114/><G78/><T48/><D38/><U115/><E115/><V113/><F113/><W39/><G39/><T22/><D128/><U24/><E109/><V1/><F127/><N who="3" m="48651" /><G49/><T57/><D22/><U27/><E41/><V103/><F81/><N who="3" m="49519" /><G56/><T46/><D83/><U55/><E5/><V26/><F26/><W64/><G64/><T110/><D110/><U37/><E37/><V10/><F103/><W63/><G63/><T116/><D116/><U60/><REACH who="1" step="1"/><E71/><REACH who="1" ten="366,124,195,305" step="2"/><V42/><F36/><W12/><G12/><T130/><D130/><U34/><AGARI ba="0,1" hai="24,27,28,29,32,34,53,55,59,60,67,86,88,95" machi="34" ten="20,18000,2" yaku="1,1,2,1,0,1,7,1,9,1,52,1,54,1,53,0" doraHai="61" doraHaiUra="129" who="1" fromWho="1" sc="366,-60,124,190,195,-60,305,-60" /><INIT seed="1,1,0,0,3,47" ten="306,314,135,245" oya="1" hai0="56,121,109,9,84,83,130,97,112,53,33,65,18" hai1="74,12,99,72,82,71,31,7,29,55,20,10,108" hai2="30,124,125,70,77,54,14,52,27,6,98,39,22" hai3="57,41,118,87,100,76,85,79,117,3,25,116,11"/><U104/><E71/><V102/><F70/><W2/><G100/><T113/><D33/><U50/><E108/><V44/><F77/><N who="3" m="29771" /><G41/><T81/><D65/><U133/><E133/><V23/><F39/><W49/><G25/><T106/><D109/><U93/><E104/><V59/><F44/><W46/><G57/><T107/><D121/><U78/><E20/><V68/><F68/><W43/><G11/><T120/><D120/><U48/><E74/><V67/><F67/><W8/><G8/><T24/><D130/><U114/><E114/><V90/><F90/><W122/><G122/><T95/><D107/><U115/><E115/><V66/><F66/><W13/><G13/><T96/><D106/><U42/><E42/><V64/><F64/><W35/><G35/><T5/><D97/><U61/><E61/><V110/><F110/><W132/><G132/><T4/><D112/><U92/><E92/><V37/><F37/><W63/><G63/><T17/><D113/><U105/><E50/><V89/><F89/><W28/><G28/><T16/><D24/><U80/><E80/><N who="0" m="30793" /><D84/><AGARI ba="1,0" hai="2,3,43,46,49,84,85,87,116,117,118" m="29771" machi="84" ten="40,2600,0" yaku="12,1,52,1" doraHai="47" who="3" fromWho="0" sc="306,-29,314,0,135,0,245,29" /><INIT seed="2,0,0,0,0,58" ten="277,314,135,274" oya="2" hai0="50,81,123,31,10,13,132,75,110,35,124,26,4" hai1="42,56,29,2,102,53,3,115,80,64,19,86,79" hai2="87,51,106,131,65,119,15,55,43,96,5,32,121" hai3="60,41,17,95,71,91,73,25,36,113,40,122,63"/><V112/><F121/><W1/><G122/><T93/><D123/><U126/><E115/><V107/><F112/><W100/><G113/><T39/><D39/><U134/><E64/><V62/><F32/><W105/><G73/><T108/><D93/><U9/><E29/><V45/><F119/><W97/><G1/><T69/><D69/><U70/><E70/><V22/><F131/><W11/><G36/><T44/><D124/><U61/><E42/><V24/><F43/><W23/><G71/><T66/><D66/><U104/><E126/><V83/><F96/><W37/><G11/><T88/><D132/><U125/><E125/><V28/><F15/><W34/><G40/><T84/><REACH who="0" step="1"/><D75/><REACH who="0" ten="267,314,135,274" step="2"/><U7/><E134/><V103/><F103/><W76/><G37/><T20/><D20/><U128/><E128/><V27/><F27/><W30/><G41/><AGARI ba="0,1" hai="4,10,13,26,31,35,41,44,50,81,84,88,108,110" machi="41" ten="40,2600,0" yaku="1,1,54,1,53,0" doraHai="58" doraHaiUra="130" who="0" fromWho="3" sc="267,36,314,0,135,0,274,-26" /><INIT seed="3,0,0,5,2,50" ten="303,314,135,248" oya="3" hai0="30,76,94,92,10,14,124,64,42,66,83,33,4" hai1="21,63,73,75,82,103,78,61,28,15,129,56,2" hai2="118,105,79,133,88,109,126,57,74,22,6,51,48" hai3="26,27,3,36,77,100,107,38,131,41,71,40,101"/><W17/><G71/><T69/><D124/><U60/><E2/><V44/><F118/><W102/><G107/><T87/><D33/><U127/><E129/><V122/><F105/><W11/><G131/><T121/><D121/><U32/><E32/><V81/><F122/><W59/><G77/><T12/><D30/><U111/><E127/><V53/><F126/><W55/><G36/><T39/><D39/><U1/><E1/><V97/><F109/><W16/><G3/><T80/><D42/><N who="3" m="16489" /><G38/><T54/><D83/><U37/><E111/><V128/><F128/><W135/><G135/><T47/><D14/><U5/><E73/><V9/><F133/><W68/><G68/><T125/><D125/><U13/><E103/><V20/><F97/><W35/><G35/><T98/><D69/><U23/><E37/><V117/><F117/><W106/><G106/><T65/><D98/><U8/><E15/><V46/><F88/><W104/><G104/><T95/><D47/><U89/><E89/><V85/><F74/><W132/><G132/><T24/><D24/><N who="3" m="9257" /><G11/><T91/><D76/><U115/><E115/><V45/><REACH who="2" step="1"/><F48/><AGARI ba="0,0" hai="16,17,48,55,59,100,101,102" m="9257,16489" machi="48" ten="30,5800,0" yaku="8,1,52,1,54,1" doraHai="50" who="3" fromWho="2" sc="303,0,314,0,135,-58,248,58" /><INIT seed="3,1,0,1,3,18" ten="303,314,77,306" oya="3" hai0="21,102,36,48,71,77,43,15,104,93,17,40,91" hai1="125,111,78,61,37,13,46,2,57,109,114,50,6" hai2="126,120,74,41,60,29,99,90,4,97,45,116,96" hai3="94,83,16,22,0,12,106,118,119,82,84,133,69"/><W24/><G106/><T20/><D71/><U47/><E2/><V67/><F116/><W26/><G0/><T63/><D36/><U59/><E114/><V68/><F74/><W110/><G69/><T100/><D104/><U42/><E78/><V129/><F126/><W92/><G133/><T38/><D38/><U3/><E3/><V89/><F129/><W80/><G110/><N who="1" m="41994" /><E13/><V54/><F120/><W108/><G108/><T107/><D107/><U56/><E6/><V65/><F4/><W123/><G123/><T87/><D63/><U28/><E28/><V70/><F29/><W112/><G112/><T128/><D128/><U53/><E125/><V64/><F54/><AGARI ba="1,0" hai="37,42,46,47,50,53,54,56,57,59,61" m="41994" machi="54" ten="30,3900,0" yaku="14,1,34,2" doraHai="18" who="1" fromWho="2" sc="303,0,314,42,77,-42,306,0" /><INIT seed="4,0,0,1,0,47" ten="303,356,35,306" oya="0" hai0="84,115,0,70,60,103,113,99,128,122,96,16,111" hai1="88,55,21,17,22,64,8,89,116,132,131,49,120" hai2="135,56,73,69,63,51,129,65,31,79,5,97,127" hai3="35,54,41,78,117,81,95,3,18,26,10,105,94"/><T58/><D0/><U112/><E120/><V80/><F135/><W106/><G117/><T38/><D122/><U134/><E116/><V109/><F127/><W59/><G41/><T124/><D38/><U91/><E131/><V114/><F129/><W28/><G106/><T133/><D128/><U7/><E112/><N who="0" m="43081" /><D70/><U93/><E64/><V42/><F114/><W25/><G105/><T24/><D133/><N who="1" m="51307" /><E93/><V4/><F109/><W121/><G121/><T123/><D123/><U12/><E7/><V9/><F31/><W102/><G102/><T107/><D124/><U130/><E130/><V86/><F73/><W33/><G3/><T39/><D39/><U74/><E74/><V76/><F97/><W40/><G40/><T57/><D111/><U15/><E15/><V119/><F79/><W32/><G32/><T125/><D125/><U61/><E61/><V27/><F119/><W23/><G10/><T19/><D99/><U44/><AGARI ba="0,0" hai="8,12,17,21,22,44,49,55,88,89,91" m="51307" machi="44" ten="30,4000,0" yaku="20,1,52,1,54,1" doraHai="47" who="1" fromWho="1" sc="303,-20,356,40,35,-10,306,-10" /><INIT seed="5,0,0,5,1,107" ten="283,396,25,296" oya="1" hai0="56,50,116,77,114,5,130,36,22,49,54,51,15" hai1="7,124,74,27,104,106,125,52,112,61,41,73,79" hai2="26,117,90,37,32,46,64,86,63,19,40,2,105" hai3="91,95,126,96,34,42,76,33,59,67,60,82,84"/><U118/><E118/><V127/><F105/><N who="1" m="40553" /><E41/><V38/><F117/><W30/><G126/><N who="1" m="48746" /><E79/><V85/><F127/><W1/><G1/><T65/><D116/><U78/><E78/><V75/><F2/><W13/><G30/><T3/><D36/><U58/><E112/><V88/><F38/><W47/><REACH who="3" step="1"/><G13/><REACH who="3" ten="283,396,25,286" step="2"/><T53/><D3/><U89/><E27/><V57/><F32/><W101/><G101/><T12/><D114/><U44/><E7/><V87/><REACH who="2" step="1"/><F75/><REACH who="2" ten="283,396,15,286" step="2"/><W111/><G111/><T98/><D5/><U133/><E133/><V23/><AGARI ba="0,2" hai="19,23,26,37,40,46,57,63,64,85,86,87,88,90" machi="23" ten="30,7900,0" yaku="1,1,2,1,0,1,54,1,53,0" doraHai="107" doraHaiUra="11" who="2" fromWho="2" sc="283,-20,396,-39,15,99,286,-20" /><INIT seed="6,0,0,2,5,23" ten="263,357,114,266" oya="2" hai0="84,61,82,16,18,27,74,12,33,15,43,13,117" hai1="101,96,28,116,88,17,104,130,53,73,132,29,109" hai2="94,81,48,123,133,113,118,42,126,62,1,30,68" hai3="46,119,20,31,92,71,49,66,91,4,127,67,0"/><V107/><F123/><W69/><G119/><T124/><D74/><U122/><E116/><V70/><F118/><W52/><G127/><T35/><D117/><U36/><E109/><V102/><F126/><W50/><G71/><T55/><D124/><U120/><E73/><V47/><F1/><W80/><G80/><T100/><D43/><U44/><E130/><V110/><F110/><W14/><G0/><T41/><D41/><U89/><E132/><V26/><F133/><W59/><G4/><T72/><D72/><U134/><E134/><V87/><F107/><W135/><G69/><T25/><D100/><U39/><E17/><N who="0" m="6761" /><D35/><U65/><E65/><V3/><F3/><W45/><G14/><T106/><D33/><U63/><E39/><V97/><F62/><W103/><G103/><T8/><D106/><U112/><E112/><V83/><F113/><W19/><G19/><T51/><D61/><U85/><E36/><V22/><REACH who="2" step="1"/><F81/><REACH who="2" ten="263,357,104,266" step="2"/><W90/><G135/><T54/><D8/><U77/><E104/><V38/><F38/><W24/><G92/><T125/><D125/><U131/><E63/><V105/><F105/><W2/><G2/><T64/><D64/><N who="3" m="24617" /><G49/><T79/><D55/><U7/><E53/><V115/><F115/><W98/><G52/><T114/><D114/><U78/><E120/><V75/><F75/><W21/><G50/><T34/><D34/><U121/><E121/><V111/><F111/><W76/><G24/><T40/><D40/><U57/><E122/><V56/><F56/><AGARI ba="0,1" hai="12,13,15,25,27,51,54,56,79,82,84" m="6761" machi="56" ten="30,7700,0" yaku="8,1,52,2,54,1" doraHai="23" who="0" fromWho="2" sc="263,87,357,0,104,-77,266,0" /><INIT seed="7,0,0,1,3,29" ten="350,357,27,266" oya="3" hai0="16,90,117,75,13,52,125,45,7,104,60,12,99" hai1="91,59,114,128,111,6,109,17,67,89,10,57,101" hai2="27,46,51,69,122,81,96,97,133,56,24,66,120" hai3="119,95,100,85,26,127,82,43,74,86,76,34,35"/><W98/><G119/><T49/><D117/><U102/><E17/><V47/><F69/><W28/><G127/><T50/><D125/><U62/><E128/><V32/><F81/><W72/><G43/><T19/><D75/><U41/><E41/><V15/><F15/><W115/><G115/><T107/><D60/><U14/><E114/><V48/><F66/><W40/><G40/><N who="0" m="24743" /><D107/><U106/><E106/><V118/><F56/><W92/><G34/><T5/><D104/><U22/><E22/><V1/><F1/><W131/><G131/><T87/><D99/><U9/><E14/><N who="0" m="5737" /><D7/><U124/><E124/><V83/><F83/><W38/><G38/><T121/><D121/><U58/><E58/><V18/><F18/><W77/><REACH who="3" step="1"/><G76/><REACH who="3" ten="350,357,27,256" step="2"/><T70/><D5/><U3/><E6/><V42/><F118/><W80/><G80/><N who="0" m="49511" /><D70/><U73/><E111/><V71/><F71/><W134/><G134/><T20/><D20/><U94/><E109/><V2/><F42/><W110/><G110/><T4/><D4/><U39/><E39/><V79/><F79/><W36/><G36/><T126/><D126/><U129/><E129/><V130/><F130/><W123/><G123/><T55/><D55/><U53/><E53/><V44/><F44/><AGARI ba="0,1" hai="16,19,44,50,52" m="49511,5737,24743" machi="44" ten="30,3900,0" yaku="8,1,54,2" doraHai="29" who="0" fromWho="2" sc="350,49,357,0,27,-39,256,0" owari="399,49.9,357,15.7,-12,-51.2,256,-14.4" /></mjloggm>