<mjloggm ver="2.3"><GO type="169" lobby="0"/><UN n0="%E3%81%BB%E3%83%BC%E3%82%8A%E3%83%BC" n1="%E9%B3%A9%E3%82%8A%E3%82%85%E3%81%86%E3%81%95%E3%82%93" n2="%E3%81%AA%E3%81%AA%E3%81%BF%EF%BC%A0%E5%8F%B2%E7%9A%AE%E8%BB%8D%E5%9B%A3" n3="%74%34%63%34%32%32" dan="17,17,17,16" rate="2244.92,2150.46,2145.51,2115.46" sx="M,M,M,M"/><TAIKYOKU oya="0"/><INIT seed="0,0,0,4,5,135" ten="250,250,250,250" oya="0" hai0="122,116,81,25,115,84,103,62,32,15,21,134,0" hai1="27,57,8,42,123,38,71,6,124,49,18,20,13" hai2="101,97,118,127,94,68,11,77,120,100,91,17,64" hai3="37,107,121,93,99,75,29,12,113,45,106,24,52"/><T28/><D115/><U131/><E123/><V72/><F120/><W114/><G75/><T53/><D116/><U47/><E71/><V112/><F112/><W31/><G121/><T26/><D0/><U43/><E131/><V80/><F64/><W51/><G37/><T102/><D15/><U63/><E38/><V105/><F68/><W19/><G114/><T61/><D134/><U44/><E44/><V79/><F11/><W117/><G117/><T54/><D54/><U82/><E82/><N who="2" m="45351" /><F17/><W130/><G130/><T90/><D122/><U86/><E86/><N who="2" m="48415" /><F118/><W1/><G1/><T16/><REACH who="0" step="1"/><D53/><REACH who="0" ten="240,250,250,250" step="2"/><U129/><E129/><V88/><F127/><W55/><G55/><T46/><D46/><U83/><E124/><V133/><F133/><W78/><G113/><T132/><D132/><U76/><E47/><V128/><F128/><W65/><G12/><T73/><D73/><U4/><E13/><V58/><F58/><W7/><G45/><T110/><D110/><U98/><E57/><V56/><F56/><W2/><G2/><T125/><D125/><U41/><E42/><V109/><F109/><W9/><G52/><T22/><D22/><U67/><E41/><V108/><F108/><W5/><G9/><T48/><D48/><U104/><E8/><V60/><F60/><AGARI ba="0,1" hai="16,21,25,26,28,32,60,61,62,81,84,90,102,103" machi="60" ten="40,3900,0" yaku="1,1,54,1,53,0" doraHai="135" doraHaiUra="70" who="0" fromWho="2" sc="240,49,250,0,250,-39,250,0" /><INIT seed="0,1,0,4,2,38" ten="289,250,211,250" oya="0" hai0="125,114,89,115,124,36,92,62,99,88,134,33,63" hai1="37,32,3,96,20,113,121,73,13,83,5,42,55" hai2="30,26,79,44,34,106,104,70,77,118,87,94,1" hai3="17,18,101,39,84,97,6,93,7,14,60,80,128"/><T50/><D36/><U28/><E121/><V9/><F118/><W103/><G39/><T102/><D33/><U120/><E120/><V40/><F70/><W2/><G2/><T15/><D15/><U16/><E113/><V132/><F132/><W98/><G128/><T131/><D62/><U35/><E96/><V22/><F34/><W76/><G60/><T78/><D63/><U133/><E55/><V119/><F119/><W107/><REACH who="3" step="1"/><G18/><REACH who="3" ten="289,250,211,240" step="2"/><T58/><D131/><U108/><E16/><V82/><F1/><W65/><G65/><T95/><D114/><U61/><E3/><V43/><F104/><W8/><AGARI ba="1,1" hai="6,7,8,14,17,76,80,84,93,97,98,101,103,107" machi="8" ten="20,2700,0" yaku="1,1,0,1,7,1,53,0" doraHai="38" doraHaiUra="130" who="3" fromWho="3" sc="289,-14,250,-8,211,-8,240,40" /><INIT seed="1,0,0,1,2,26" ten="275,242,203,280" oya="1" hai0="81,7,8,31,34,17,77,74,29,104,46,28,51" hai1="3,101,96,89,80,125,44,58,129,70,71,41,11" hai2="75,14,116,85,76,25,53,22,13,62,23,50,134" hai3="135,117,64,52,92,127,112,133,128,95,107,97,115"/><U109/><E129/><V30/><F116/><W42/><G42/><T119/><D119/><U84/><E125/><V60/><F134/><N who="3" m="51211" /><G64/><T33/><D17/><U120/><E120/><V126/><F75/><W19/><G117/><T40/><REACH who="0" step="1"/><D104/><REACH who="0" ten="265,242,203,280" step="2"/><U122/><E122/><V38/><F126/><W113/><G127/><T103/><D103/><U124/><E124/><V32/><F38/><W18/><G107/><T10/><D10/><U78/><E101/><V93/><F32/><W65/><G113/><T9/><D9/><U87/><E11/><V67/><F22/><W99/><G115/><T36/><D36/><U114/><E114/><V68/><F62/><W55/><G112/><T66/><D66/><U4/><E4/><V39/><F39/><W12/><G65/><T43/><D43/><U2/><E41/><V63/><F60/><W6/><G6/><T37/><D37/><U86/><E70/><V79/><F63/><W130/><G18/><T100/><D100/><U73/><E71/><V49/><F67/><W57/><G130/><T48/><D48/><U47/><E44/><N who="2" m="27847" /><F68/><W131/><G131/><T45/><D45/><U82/><E47/><V56/><F49/><N who="3" m="30863" /><G128/><T69/><D69/><U106/><E106/><V5/><F5/><W90/><G55/><T105/><D105/><U21/><E58/><V0/><F56/><W94/><G19/><T91/><D91/><U54/><E89/><N who="2" m="53423" /><F0/><AGARI ba="0,1" hai="0,7,8,28,29,31,33,34,40,46,51,74,77,81" machi="0" ten="40,8000,1" yaku="1,1,52,3,53,0" doraHai="26" doraHaiUra="59" who="0" fromWho="2" sc="265,90,242,0,203,-80,280,0" /><INIT seed="2,0,0,2,3,40" ten="355,242,123,280" oya="2" hai0="30,63,9,76,47,16,49,64,92,65,11,121,4" hai1="88,54,24,123,89,15,6,118,35,127,20,58,74" hai2="125,104,77,108,119,131,96,5,19,2,105,23,69" hai3="56,17,18,124,84,50,14,48,102,75,91,110,81"/><V67/><F119/><W42/><G124/><T130/><D121/><U10/><E118/><V8/><F125/><W7/><G75/><T122/><D122/><U61/><E127/><V120/><F120/><W99/><G110/><T27/><D130/><U12/><E123/><V21/><F131/><W45/><G7/><T29/><D76/><U52/><E74/><V86/><F108/><W70/><G70/><T1/><D92/><U44/><E35/><V13/><F96/><W71/><G71/><T109/><D109/><U25/><E15/><V51/><F69/><W68/><G68/><T38/><D38/><U114/><E114/><V34/><F67/><W106/><REACH who="3" step="1"/><G14/><REACH who="3" ten="355,242,123,270" step="2"/><T0/><D4/><U66/><E25/><V62/><F5/><W28/><G28/><T101/><D29/><N who="1" m="17543" /><E66/><V93/><F2/><W72/><G72/><T103/><D27/><U115/><E115/><V55/><F34/><W111/><G111/><T116/><D116/><U79/><E79/><V59/><F77/><W112/><G112/><T33/><D64/><U39/><E39/><V37/><F37/><W85/><G85/><T60/><D65/><U95/><E95/><V107/><REACH who="2" step="1"/><F62/><REACH who="2" ten="355,242,113,270" step="2"/><W57/><G57/><T41/><D60/><U90/><E6/><V100/><F100/><W46/><G46/><T97/><D101/><U32/><E32/><V22/><F22/><W43/><G43/><T128/><D0/><U78/><E78/><V87/><F87/><W133/><G133/><T117/><D1/><U129/><E129/><V94/><F94/><W113/><G113/><T135/><D128/><RYUUKYOKU ba="0,2" sc="355,-15,242,-15,113,15,270,15" hai2="8,13,19,21,23,51,55,59,86,93,104,105,107" hai3="17,18,42,45,48,50,56,81,84,91,99,102,106" /><INIT seed="2,1,2,0,3,28" ten="340,227,128,285" oya="2" hai0="103,33,34,83,7,3,101,123,111,108,121,71,39" hai1="11,9,20,15,53,119,47,50,1,51,22,102,104" hai2="25,58,98,84,37,135,4,10,82,133,35,73,89" hai3="44,24,116,74,125,46,54,49,27,48,114,64,117"/><V38/><F73/><W2/><G2/><T65/><D39/><U0/><E119/><V29/><F58/><W14/><G74/><T129/><D83/><U18/><E104/><V95/><F133/><W90/><G125/><T67/><D129/><U57/><E102/><V131/><F131/><W13/><G64/><T97/><D3/><U30/><E1/><V19/><F135/><W23/><G114/><T36/><D36/><U60/><E51/><V40/><F19/><W96/><G117/><T81/><D81/><U134/><E134/><V75/><F40/><W6/><G6/><T120/><D7/><U87/><E0/><V122/><F122/><W93/><G116/><T52/><D52/><U77/><E77/><V26/><F75/><W86/><G96/><T99/><D121/><U91/><E30/><V130/><F26/><N who="3" m="9771" /><G23/><T31/><D31/><U100/><E100/><V72/><F72/><W8/><G8/><T112/><REACH who="0" step="1"/><D71/><REACH who="0" ten="330,227,128,285" step="2"/><U109/><E53/><AGARI ba="1,3" hai="13,14,44,46,48,49,53,54,86,90,93" m="9771" machi="53" ten="30,1000,0" yaku="8,1" doraHai="28" who="3" fromWho="1" sc="330,0,227,-13,128,0,285,43" /><INIT seed="3,0,0,5,3,50" ten="330,214,128,328" oya="3" hai0="73,39,66,97,5,83,15,37,135,70,109,75,1" hai1="124,30,101,33,133,131,77,76,89,48,82,132,118" hai2="7,119,27,91,53,59,64,72,62,134,6,121,93" hai3="61,92,116,117,10,57,88,108,22,26,55,19,58"/><W129/><G129/><T69/><D15/><U49/><E131/><V13/><F119/><W95/><G108/><T32/><D97/><U31/><E101/><V9/><F134/><N who="1" m="51817" /><E33/><V102/><F121/><W100/><G10/><N who="0" m="2351" /><D135/><U98/><E118/><V18/><F72/><N who="0" m="27722" /><D83/><U38/><E38/><N who="0" m="14345" /><D66/><U47/><E124/><V81/><F27/><W11/><G11/><T130/><D130/><U120/><E120/><V56/><F81/><W24/><G116/><T80/><D80/><U0/><E0/><V112/><F102/><W79/><G79/><T68/><D109/><U34/><E34/><AGARI ba="0,0" hai="32,34,68,69,70" m="14345,27722,2351" machi="34" ten="40,2600,0" yaku="33,2" doraHai="50" who="0" fromWho="1" sc="330,26,214,-26,128,0,328,0" /><INIT seed="4,0,0,1,4,35" ten="356,188,128,328" oya="0" hai0="128,78,112,100,82,27,95,29,104,6,48,123,34" hai1="4,94,70,33,66,121,52,101,106,2,80,53,124" hai2="11,84,16,96,14,28,9,32,134,59,132,73,26" hai3="45,49,102,97,40,77,3,67,7,21,68,44,0"/><T43/><D112/><U92/><E121/><V13/><F73/><W79/><G7/><T37/><D128/><U23/><E33/><V5/><F96/><W105/><G21/><T122/><D95/><U51/><E106/><V20/><F84/><W31/><G31/><T83/><D83/><U15/><E70/><V63/><F59/><W39/><G67/><T86/><D37/><U50/><E66/><V69/><F69/><W62/><G62/><T71/><D71/><U47/><E80/><V46/><F46/><W109/><G68/><T57/><D6/><U1/><E124/><V103/><F103/><W65/><G109/><T30/><D30/><U74/><E74/><V113/><F63/><W64/><G64/><T120/><D100/><U130/><E130/><V114/><F11/><W56/><G56/><T127/><D104/><U24/><E94/><V72/><F72/><W99/><G99/><T42/><D127/><U8/><E92/><V54/><F54/><W87/><G65/><T89/><D43/><U116/><E101/><V25/><F25/><W88/><G79/><T18/><D18/><U133/><E133/><AGARI ba="0,0" hai="5,9,13,14,16,20,26,28,32,113,114,132,133,134" machi="133" ten="40,8000,1" yaku="20,1,34,3,54,1" doraHai="35" who="2" fromWho="1" sc="356,0,188,-80,128,80,328,0" /><INIT seed="5,0,0,1,1,0" ten="356,108,208,328" oya="1" hai0="98,55,38,122,6,113,45,114,88,70,130,126,30" hai1="3,15,111,41,17,10,40,57,82,26,60,86,50" hai2="116,22,63,7,91,108,72,83,39,124,18,120,89" hai3="25,118,44,5,54,75,94,29,33,27,96,43,87"/><U52/><E111/><V76/><F120/><W85/><G75/><T106/><D70/><U127/><E127/><V100/><F116/><W90/><G54/><T115/><D30/><U32/><E32/><V4/><F39/><W135/><G135/><T134/><D134/><U28/><E28/><V84/><F108/><W35/><G118/><T64/><D64/><U79/><E26/><V119/><F119/><W104/><G104/><T53/><D126/><U48/><E3/><V125/><F125/><W129/><G129/><T92/><D130/><U110/><E110/><V80/><F100/><W97/><G85/><T14/><D106/><U61/><E61/><V109/><F109/><W42/><G42/><N who="0" m="22743" /><D122/><U47/><REACH who="1" step="1"/><E50/><REACH who="1" ten="356,98,208,328" step="2"/><V20/><F63/><W102/><G27/><T56/><D114/><U74/><E74/><V11/><F124/><W81/><G35/><T13/><D115/><U9/><E9/><V37/><F37/><W93/><G33/><T8/><D113/><U12/><E12/><V21/><F72/><W24/><G29/><T59/><D14/><U71/><E71/><V36/><F36/><W66/><G25/><T107/><D13/><U95/><E95/><V68/><F68/><W65/><G24/><T73/><D73/><U2/><E2/><V128/><F11/><W69/><G69/><T105/><D105/><U132/><E132/><V103/><F21/><W123/><G94/><T16/><D107/><U77/><E77/><V67/><F22/><W46/><G93/><T62/><D92/><U131/><E131/><V31/><F31/><W1/><G1/><RYUUKYOKU ba="0,1" sc="356,-10,98,30,208,-10,328,-10" hai1="10,15,17,40,41,47,48,52,57,60,79,82,86" /><INIT seed="5,1,1,1,3,77" ten="346,128,198,318" oya="1" hai0="58,52,44,24,114,102,134,41,64,103,33,112,99" hai1="59,118,127,56,128,81,125,69,131,53,91,109,29" hai2="119,39,72,107,49,86,95,34,116,11,15,21,113" hai3="65,7,16,40,18,82,93,31,105,43,0,108,6"/><U20/><E118/><V66/><F39/><W111/><G105/><T3/><D3/><U92/><E69/><V70/><F34/><W14/><G0/><T120/><D64/><U126/><E109/><V121/><F121/><W71/><G31/><N who="0" m="19687" /><D134/><U12/><E53/><V2/><F113/><N who="0" m="43626" /><D120/><U98/><E81/><V133/><F2/><W117/><G117/><T37/><D99/><U47/><E47/><V76/><F133/><W32/><G32/><T88/><D88/><U124/><N who="1" m="31744" /><DORA hai="19" /><U78/><E78/><V83/><F66/><W115/><G115/><T50/><AGARI ba="1,1" hai="37,41,44,50,52,58,102,103" m="43626,19687" machi="50" ten="30,2000,0" yaku="15,1,54,1" doraHai="77,19" who="0" fromWho="0" sc="346,33,128,-11,198,-6,318,-6" /><INIT seed="6,0,0,2,2,34" ten="379,117,192,312" oya="2" hai0="130,30,100,63,54,105,74,121,71,50,124,78,57" hai1="103,134,55,77,5,66,59,1,12,110,38,101,111" hai2="82,31,72,132,2,18,125,56,113,112,73,45,107" hai3="99,131,83,13,4,68,51,69,26,129,48,9,91"/><V43/><F107/><W0/><G26/><T47/><D121/><U22/><E38/><V67/><F125/><W109/><G109/><T23/><D71/><U81/><E66/><V19/><F132/><W35/><G35/><T122/><D122/><U120/><E120/><V108/><F31/><W126/><G126/><T52/><D74/><U117/><E117/><V32/><F32/><W36/><G36/><T114/><D78/><U65/><E65/><V15/><F108/><W3/><G68/><T6/><D6/><U20/><E134/><V29/><F29/><W123/><G69/><T28/><D130/><N who="3" m="49673" /><G123/><T11/><D11/><U41/><E41/><V98/><F98/><W118/><G118/><T95/><D105/><U24/><E111/><V62/><F18/><W75/><G99/><N who="0" m="59519" /><D124/><U70/><E70/><V46/><F46/><W87/><G75/><T42/><D114/><N who="2" m="44138" /><F82/><W53/><G48/><N who="0" m="26743" /><D23/><U14/><E22/><N who="2" m="11647" /><F72/><W92/><G83/><T10/><D10/><U61/><E81/><V49/><F73/><W37/><G37/><T79/><D79/><U16/><E77/><V84/><F84/><W40/><G40/><T64/><D64/><U89/><E110/><V85/><F85/><W44/><AGARI ba="0,0" hai="0,3,4,9,13,44,51,53,87,91,92" m="49673" machi="44" ten="30,4000,0" yaku="19,1,52,2" doraHai="34" who="3" fromWho="3" sc="379,-10,117,-10,192,-20,312,40" /><INIT seed="7,0,0,1,5,71" ten="369,107,172,352" oya="3" hai0="42,74,4,32,110,41,133,87,1,99,45,91,82" hai1="43,53,134,119,13,14,66,108,44,95,69,39,34" hai2="92,47,60,115,77,33,10,76,31,96,118,131,106" hai3="104,68,7,132,6,130,23,62,27,26,107,113,116"/><W120/><G116/><T90/><D110/><U88/><E108/><V98/><F115/><W117/><G120/><T73/><D32/><U56/><E119/><V38/><F131/><W126/><G117/><T123/><D123/><U79/><E34/><V78/><F118/><W8/><G113/><T111/><D111/><U125/><E125/><V103/><F10/><W67/><G130/><T40/><D133/><U29/><E29/><V97/><F60/><W25/><G132/><T15/><D1/><U54/><E54/><V46/><F38/><W17/><G126/><T89/><D45/><U51/><E134/><V0/><F0/><W94/><G94/><N who="0" m="56783" /><D73/><U109/><E109/><V64/><F64/><W21/><G6/><T3/><D74/><U80/><E80/><V114/><F114/><W52/><G52/><T50/><D50/><U129/><E79/><V11/><F11/><W124/><G124/><T121/><D3/><U122/><E129/><V102/><F97/><W128/><G128/><T84/><D121/><U36/><E36/><V19/><F19/><N who="3" m="12479" /><G27/><T100/><D100/><U93/><E122/><V37/><F37/><W112/><G112/><T49/><D49/><U105/><E105/><V85/><F85/><N who="0" m="32842" /><D82/><U20/><E20/><V5/><F5/><W55/><G55/><T35/><D35/><U18/><E18/><V86/><F86/><W75/><G75/><T57/><D57/><U24/><E24/><V83/><F83/><W81/><G81/><T58/><D58/><U9/><E95/><V61/><F61/><W22/><G22/><T59/><D59/><RYUUKYOKU ba="0,0" sc="369,10,107,-30,172,10,352,10" hai0="4,15,40,41,42,90,91" hai2="31,33,46,47,76,77,78,92,96,98,102,103,106" hai3="7,8,17,23,26,62,67,68,104,107" /><INIT seed="7,1,0,0,0,44" ten="379,77,182,362" oya="3" hai0="124,6,85,105,57,107,56,123,71,133,29,109,61" hai1="113,38,83,34,51,5,80,110,69,97,64,111,10" hai2="108,25,90,120,19,106,31,32,39,7,58,35,40" hai3="45,84,117,121,48,42,28,24,52,47,77,93,125"/><W129/><G121/><T116/><D109/><U91/><E38/><V68/><F108/><W119/><G125/><T53/><D116/><U126/><E34/><V104/><F19/><W96/><G129/><T59/><D123/><U21/><E126/><V36/><F58/><N who="0" m="22634" /><D71/><U87/><E113/><V89/><F120/><W102/><G77/><T94/><D124/><U122/><E122/><V78/><F78/><W50/><G84/><T131/><D105/><N who="2" m="40554" /><F90/><W20/><AGARI ba="1,0" hai="20,24,28,42,45,47,48,50,52,93,96,102,117,119" machi="20" ten="20,12000,1" yaku="0,1,7,1,52,2,54,1" doraHai="44" who="3" fromWho="3" sc="379,-41,77,-41,182,-41,362,123" owari="338,13.8,36,-46.4,141,-25.9,485,58.5" /></mjloggm>