<mjloggm ver="2.3"><GO type="169" lobby="0"/><UN n0="%E4%B8%8B%E9%AB%98%E5%A4%AA%E9%83%8E" n1="%74%61%6B%75%61%6B%61" n2="%E7%AD%89%E3%80%85%E5%8A%9B%E5%8A%87%E5%A0%B4" n3="%E3%80%90%E7%BD%AA%E6%AD%8C%E3%80%91" dan="16,16,16,18" rate="2119.08,2151.74,2170.55,2285.06" sx="M,M,M,M"/><TAIKYOKU oya="0"/><INIT seed="0,0,0,0,1,133" ten="250,250,250,250" oya="0" hai0="129,30,32,132,110,68,31,98,50,13,55,43,41" hai1="96,109,119,120,58,135,49,1,20,99,131,44,3" hai2="59,35,37,106,90,8,48,70,81,15,6,116,12" hai3="65,114,126,61,127,100,121,86,108,7,24,125,64"/><T71/><D132/><U4/><E135/><V76/><F70/><W57/><G114/><T51/><D129/><U73/><E73/><V88/><F37/><W93/><G108/><T17/><D110/><U16/><E109/><V54/><F106/><W123/><G65/><T40/><D51/><U18/><E120/><V80/><F35/><W36/><G36/><T2/><D2/><U56/><E4/><V107/><F107/><W77/><G7/><T66/><D98/><U87/><E87/><V101/><F101/><W19/><G100/><T21/><D32/><U33/><E33/><V92/><F116/><W26/><G19/><T27/><D66/><U94/><E119/><V118/><F118/><W105/><G105/><T38/><D38/><U122/><E122/><N who="3" m="46602" /><G93/><T82/><D82/><AGARI ba="0,0" hai="24,26,57,61,64,77,82,86,125,126,127" m="46602" machi="82" ten="40,8000,1" yaku="18,1,13,1,52,3" doraHai="133" who="3" fromWho="0" sc="250,-80,250,0,250,0,250,80" /><INIT seed="1,0,0,3,5,38" ten="170,250,250,330" oya="1" hai0="36,135,8,30,49,24,129,78,26,83,61,95,50" hai1="52,39,85,131,133,80,89,76,124,60,111,114,25" hai2="41,32,40,13,109,1,45,35,54,19,47,110,70" hai3="22,68,18,102,5,46,128,74,44,43,33,63,112"/><U48/><E114/><V31/><F1/><W27/><G112/><T72/><D36/><U3/><E124/><V125/><F70/><W127/><G127/><T67/><D135/><U4/><E39/><V57/><F125/><W21/><G74/><T69/><D129/><U122/><E122/><V94/><F94/><W134/><G33/><T106/><D106/><U86/><E133/><V65/><F65/><W64/><G5/><T119/><D119/><U104/><E104/><V62/><F35/><W56/><G128/><T12/><D95/><U11/><E131/><V90/><F90/><W28/><G134/><T100/><D100/><U79/><E111/><N who="2" m="42507" /><F31/><W0/><G0/><T51/><REACH who="0" step="1"/><D30/><REACH who="0" ten="160,250,250,330" step="2"/><U118/><E118/><V2/><F32/><W66/><G102/><T37/><D37/><U59/><E25/><V105/><F105/><W107/><G107/><T15/><D15/><U96/><E96/><V9/><F2/><W113/><G113/><T10/><D10/><U98/><E98/><V14/><F13/><W117/><G117/><T116/><D116/><U132/><E132/><V103/><F103/><W20/><G28/><T130/><D130/><U82/><REACH who="1" step="1"/><E89/><REACH who="1" ten="160,240,250,330" step="2"/><V91/><F91/><W16/><G27/><T42/><D42/><AGARI ba="0,2" hai="9,14,19,40,41,42,45,47,54,57,62" m="42507" machi="42" ten="30,7700,0" yaku="14,1,52,3" doraHai="38" who="2" fromWho="0" sc="160,-77,240,0,250,97,330,0" /><INIT seed="2,0,0,2,5,65" ten="83,240,347,330" oya="2" hai0="74,13,94,97,135,83,107,85,16,132,108,37,38" hai1="125,111,33,64,53,17,27,55,82,61,49,54,81" hai2="1,31,19,30,100,15,60,67,87,114,20,129,130" hai3="92,46,8,21,58,10,80,41,48,71,5,68,86"/><V99/><F114/><W57/><G92/><T119/><D108/><U7/><E111/><V123/><F123/><W128/><G128/><N who="2" m="49257" /><F1/><W25/><G58/><T134/><D107/><U43/><E7/><V75/><F75/><W24/><G57/><T40/><D74/><U95/><E125/><V105/><F87/><W118/><G118/><T110/><D110/><U63/><E95/><V103/><F103/><W45/><G45/><T90/><D40/><U51/><E43/><V36/><F36/><W115/><G10/><T102/><REACH who="0" step="1"/><D119/><REACH who="0" ten="73,240,347,330" step="2"/><U14/><E53/><V77/><F77/><W23/><G115/><T93/><D93/><U116/><E54/><V133/><F133/><W34/><G41/><T89/><D89/><U39/><E55/><V112/><F112/><W122/><G80/><T126/><D126/><U2/><E81/><V59/><AGARI ba="0,1" hai="15,19,20,30,31,59,60,67,99,100,105" m="49257" machi="59" ten="30,1500,0" yaku="19,1" doraHai="65" who="2" fromWho="2" sc="73,-5,240,-5,347,25,330,-5" /><INIT seed="2,1,0,4,0,12" ten="68,235,372,325" oya="2" hai0="133,61,69,86,102,118,120,89,18,17,65,42,14" hai1="34,128,46,13,98,123,9,74,76,75,135,96,30" hai2="109,87,7,23,134,24,68,59,52,55,28,77,97" hai3="49,54,71,4,106,51,70,29,20,117,126,40,38"/><V92/><F68/><W111/><G106/><T110/><D120/><U93/><E128/><V41/><F134/><W107/><G107/><T53/><D133/><U83/><E135/><V129/><F129/><W81/><G117/><T90/><D118/><U66/><E123/><V44/><F109/><W21/><G4/><T95/><D110/><U27/><E66/><V64/><F7/><W100/><G100/><T122/><D122/><U103/><E46/><V33/><F33/><W94/><G94/><T25/><D102/><U105/><E74/><V22/><F22/><W11/><G11/><T79/><D79/><U91/><E96/><V67/><F87/><W56/><G38/><T114/><D114/><U58/><E58/><V37/><F77/><W16/><G111/><T132/><D132/><U31/><E31/><V57/><F59/><W19/><G29/><T84/><D42/><U112/><E112/><V80/><F80/><W43/><G126/><T62/><D25/><U26/><E26/><V45/><F45/><W6/><G6/><T113/><D14/><U39/><E39/><V63/><REACH who="2" step="1"/><F67/><REACH who="2" ten="68,235,362,325" step="2"/><W104/><G81/><T119/><D113/><U0/><E83/><V73/><F73/><W35/><G35/><T88/><D119/><U121/><E76/><V85/><F85/><W32/><G32/><T2/><D2/><U108/><E108/><V127/><F127/><W99/><G56/><N who="0" m="34959" /><D86/><N who="1" m="52471" /><E75/><V10/><F10/><W82/><G82/><T8/><D8/><U15/><E121/><V72/><F72/><W124/><G124/><T3/><D3/><U60/><E0/><RYUUKYOKU ba="1,1" sc="68,15,235,-15,362,15,325,-15" hai0="17,18,62,65,69,84,88,89,90,95" hai2="23,24,28,37,41,44,52,55,57,63,64,92,97" /><INIT seed="2,2,1,5,4,96" ten="83,220,377,310" oya="2" hai0="121,15,48,73,105,0,3,21,70,81,66,65,20" hai1="42,50,83,134,71,123,9,93,16,67,51,55,36" hai2="104,34,2,24,25,91,62,44,52,61,12,5,63" hai3="106,49,98,132,102,116,33,18,46,78,87,129,120"/><V30/><F2/><W82/><G33/><T79/><D121/><U126/><E123/><V133/><F133/><W11/><G120/><T94/><D105/><U88/><E134/><V28/><F104/><W27/><G132/><T86/><D3/><U35/><E35/><V43/><F91/><W68/><G68/><T31/><D0/><U54/><E83/><V112/><F112/><W57/><G129/><T47/><D31/><U40/><E36/><V122/><F122/><W99/><G116/><T100/><D73/><U10/><E126/><V74/><F74/><W77/><G57/><T113/><D113/><U53/><E67/><V130/><F130/><W128/><G99/><N who="0" m="59511" /><D70/><U97/><E71/><V119/><F119/><W45/><G128/><T41/><D21/><U103/><E103/><V115/><F115/><W64/><G64/><T69/><D69/><U58/><E54/><V56/><F30/><W85/><G27/><T8/><D20/><U101/><E101/><V14/><F25/><W90/><G85/><T118/><D118/><U26/><E26/><V95/><F24/><W135/><G46/><T22/><D22/><U107/><E107/><V124/><F44/><W108/><G108/><T23/><D23/><U117/><E117/><V37/><F34/><W17/><G135/><T4/><AGARI ba="2,1" hai="4,8,15,41,47,48,65,66,79,81,86" m="59511" machi="4" ten="30,4000,0" yaku="25,1,8,1,52,1" doraHai="96" who="0" fromWho="0" sc="83,56,220,-12,377,-22,310,-12" /><INIT seed="3,0,0,3,1,86" ten="139,208,355,298" oya="3" hai0="89,110,72,132,117,62,36,123,19,103,12,64,18" hai1="97,42,95,41,78,128,28,90,119,77,73,65,68" hai2="57,114,22,24,2,59,82,69,11,53,58,133,47" hai3="113,46,106,71,131,51,79,7,14,0,98,121,111"/><W63/><G121/><T23/><D123/><U56/><E128/><V99/><F114/><W93/><G113/><T44/><D117/><U40/><E119/><V74/><F69/><W45/><G0/><T76/><D132/><U17/><E68/><V118/><F118/><W100/><G131/><T38/><D103/><U112/><E112/><V50/><F133/><W6/><G46/><T85/><D110/><U43/><E73/><V116/><F116/><W13/><G13/><T129/><D129/><U84/><E28/><V80/><F74/><W31/><G31/><T109/><D109/><U120/><E120/><V88/><F11/><W67/><G79/><T127/><D127/><U96/><N who="1" m="10240" /><DORA hai="125" /><U83/><E17/><N who="2" m="12367" /><F2/><W105/><G111/><T35/><D44/><U134/><E134/><V60/><F60/><W48/><G6/><T21/><D35/><U94/><E77/><V32/><F32/><W10/><REACH who="3" step="1"/><G45/><REACH who="3" ten="139,208,355,288" step="2"/><T9/><D76/><U30/><E30/><V52/><F47/><W104/><AGARI ba="0,1" hai="7,10,14,48,51,63,67,71,93,98,100,104,105,106" machi="104" ten="30,11700,0" yaku="1,1,2,1,0,1,53,1" doraHai="86,125" doraHaiUra="39,66" who="3" fromWho="3" sc="139,-39,208,-39,355,-39,288,127" /><INIT seed="3,1,0,1,1,52" ten="100,169,316,415" oya="3" hai0="36,15,6,106,130,48,96,37,29,127,81,118,92" hai1="70,7,73,83,19,61,134,16,124,26,2,12,65" hai2="8,62,104,129,84,107,109,112,42,94,75,53,131" hai3="18,126,123,69,93,56,11,60,103,1,111,78,13"/><W68/><G123/><T114/><D118/><U33/><E124/><V110/><F75/><W51/><G126/><T88/><D127/><U91/><E134/><V49/><F42/><W25/><G1/><T39/><D130/><N who="2" m="49674" /><F62/><W76/><G111/><N who="2" m="42505" /><F8/><W95/><G68/><T101/><D114/><U117/><E2/><V5/><F5/><W113/><G69/><T120/><D120/><U105/><E105/><V98/><F84/><W38/><G38/><T128/><D128/><U108/><E108/><V27/><F27/><W121/><G121/><T43/><D29/><U30/><E117/><V72/><F72/><W46/><G25/><T135/><D135/><U31/><E31/><V4/><F4/><W125/><G113/><T9/><D81/><U45/><E45/><V89/><F112/><W21/><G11/><T35/><D35/><U115/><E115/><V79/><F79/><N who="3" m="30251" /><G125/><T100/><D106/><U87/><REACH who="1" step="1"/><E73/><REACH who="1" ten="100,159,316,415" step="2"/><V58/><AGARI ba="1,1" hai="49,53,58,89,94,98,104,107" m="42505,49674" machi="58" ten="30,4000,0" yaku="19,1,14,1,52,1" doraHai="52" who="2" fromWho="2" sc="100,-11,159,-11,316,53,415,-21" /><INIT seed="4,0,0,4,1,0" ten="89,148,369,394" oya="0" hai0="46,21,15,51,35,93,90,103,5,59,34,31,110" hai1="130,122,57,74,73,6,99,8,32,44,113,16,80" hai2="115,70,55,66,19,91,82,43,24,128,9,125,58" hai3="36,87,133,11,76,37,10,48,79,69,53,106,77"/><T65/><D110/><U56/><E122/><V63/><F115/><W134/><G69/><T49/><D35/><U131/><E32/><V95/><F128/><N who="1" m="49193" /><E113/><V28/><F125/><W123/><G87/><T7/><D34/><U114/><E114/><V86/><F43/><W104/><G48/><T126/><D126/><U75/><E44/><V135/><F135/><N who="3" m="51723" /><G53/><N who="0" m="32191" /><D65/><U120/><E120/><V40/><F40/><W29/><G29/><T3/><D3/><N who="1" m="95" /><E80/><V60/><F28/><W89/><G89/><T30/><D103/><U14/><E99/><V85/><F82/><W42/><G42/><N who="0" m="24791" /><D31/><U101/><E101/><V84/><F70/><W109/><G109/><T1/><D1/><U13/><E13/><V22/><F24/><W47/><G47/><T38/><D38/><N who="3" m="14953" /><G123/><T124/><D124/><U127/><E127/><V26/><F26/><W117/><G117/><T118/><D118/><U68/><E68/><V62/><F91/><W100/><G100/><T94/><D30/><U78/><E78/><V98/><F86/><W12/><G12/><T67/><D67/><U88/><E88/><V111/><F66/><W116/><G116/><T64/><D64/><U61/><E61/><V23/><F62/><W52/><G52/><T50/><D50/><U112/><E112/><V2/><F63/><W92/><G106/><T71/><D71/><U54/><E54/><V39/><F2/><W81/><G104/><T17/><D94/><U129/><N who="1" m="49201" /><U107/><DORA hai="105" /><E107/><V132/><F132/><W18/><G92/><T119/><D119/><U25/><E14/><V45/><F39/><RYUUKYOKU ba="0,0" sc="89,15,148,15,369,-15,394,-15" hai0="5,7,15,17,21,90,93" hai1="16,25,56,57,73,74,75" /><INIT seed="4,1,0,1,2,78" ten="104,163,354,379" oya="0" hai0="112,56,0,37,74,123,133,67,5,27,25,134,12" hai1="58,32,122,59,126,94,60,92,48,102,26,86,7" hai2="61,57,130,95,119,100,35,9,89,90,115,87,52" hai3="99,65,132,103,13,96,30,77,106,79,1,118,45"/><T75/><D123/><U73/><E73/><V38/><F38/><W125/><G118/><T107/><D112/><U128/><E122/><V18/><F35/><W91/><G1/><T64/><D37/><U120/><E120/><V40/><F115/><W124/><G65/><T101/><D0/><U82/><E126/><N who="3" m="48746" /><G30/><T10/><D75/><U93/><E7/><V109/><F109/><W46/><G13/><T63/><D74/><U21/><E32/><V76/><F130/><W42/><G46/><T135/><REACH who="0" step="1"/><D64/><REACH who="0" ten="94,163,354,379" step="2"/><U97/><E128/><V127/><F127/><W16/><G132/><T110/><D110/><U19/><E48/><V131/><F131/><W33/><G33/><T55/><D55/><N who="1" m="33887" /><E59/><V114/><F57/><W83/><G45/><T6/><D6/><U34/><E34/><V54/><F114/><W15/><G42/><T71/><D71/><U70/><E70/><V117/><F40/><W17/><G17/><T62/><D62/><U36/><E36/><V80/><F61/><W20/><G16/><T116/><D116/><U43/><E43/><V3/><F18/><W81/><G15/><T111/><D111/><U66/><E66/><V98/><F3/><W85/><G20/><T24/><D24/><U121/><E121/><V2/><F119/><W28/><G28/><T31/><D31/><U50/><E50/><V44/><F117/><W68/><G68/><T29/><D29/><U23/><E23/><V4/><F44/><W53/><G53/><T129/><D129/><U69/><E69/><V105/><F54/><W41/><G41/><T8/><D8/><RYUUKYOKU ba="1,1" sc="94,15,163,15,354,-15,379,-15" hai0="5,10,12,25,27,56,63,67,101,107,133,134,135" hai1="19,21,26,82,86,92,93,94,97,102" /><INIT seed="4,2,1,1,5,27" ten="109,178,339,364" oya="0" hai0="77,105,55,25,35,121,5,88,58,23,7,100,32" hai1="107,49,123,19,8,13,104,69,39,61,16,63,127" hai2="118,102,106,132,115,34,76,85,43,9,46,91,28" hai3="68,50,71,129,113,82,94,124,51,109,83,134,38"/><T110/><D121/><U47/><E39/><V131/><F115/><W40/><G94/><T116/><D116/><U29/><E123/><V122/><F122/><W135/><G83/><T75/><D110/><U108/><E108/><V10/><F131/><W42/><G82/><T52/><D75/><U126/><E19/><V12/><F132/><N who="3" m="50731" /><G109/><T33/><D77/><U65/><E61/><V1/><F118/><W78/><G78/><T22/><D105/><U87/><E87/><V130/><F130/><W3/><G3/><T95/><D100/><U64/><E64/><V128/><F128/><W44/><G129/><T93/><D93/><U26/><E104/><V119/><F119/><W90/><G90/><T73/><D73/><U67/><E67/><V112/><F112/><W45/><G113/><T74/><D74/><U11/><E11/><V6/><F76/><W111/><G111/><T53/><D58/><U4/><E4/><V86/><F91/><W80/><G80/><T98/><REACH who="0" step="1"/><D23/><REACH who="0" ten="99,178,339,364" step="2"/><U54/><REACH who="1" step="1"/><E107/><REACH who="1" ten="99,168,339,364" step="2"/><V81/><F106/><W66/><G71/><T70/><D70/><U133/><E133/><V15/><F81/><W21/><G68/><T31/><AGARI ba="2,3" hai="5,7,22,25,31,32,33,35,52,53,55,88,95,98" machi="31" ten="40,12000,1" yaku="1,1,0,1,52,1,54,2,53,0" doraHai="27" doraHaiUra="117" who="0" fromWho="0" sc="99,156,168,-42,339,-42,364,-42" /><INIT seed="4,3,0,3,2,86" ten="255,126,297,322" oya="0" hai0="92,128,56,90,94,61,108,114,75,115,28,98,97" hai1="58,67,9,49,21,62,2,51,29,134,26,99,17" hai2="78,20,106,16,77,54,60,110,133,107,100,47,127" hai3="13,12,69,120,25,96,42,76,91,93,131,118,125"/><T43/><D75/><U83/><E134/><V129/><F110/><W88/><G118/><T32/><D108/><U1/><E1/><V68/><F127/><W3/><G3/><T8/><D128/><U19/><E2/><V45/><F133/><W41/><G69/><T53/><D8/><U52/><E9/><V24/><F129/><W14/><G131/><T22/><D32/><U48/><E67/><V74/><F107/><W117/><G117/><T103/><D43/><N who="3" m="16393" /><G125/><T4/><D4/><U70/><E70/><V111/><F111/><W80/><G120/><T10/><D10/><U23/><E83/><V46/><F74/><W33/><G33/><T95/><D95/><U5/><E5/><V36/><F36/><W71/><G71/><T7/><D7/><U57/><E57/><V123/><F123/><W121/><G121/><T84/><D84/><U72/><E72/><V11/><F11/><W38/><G38/><T119/><D119/><U124/><E124/><V6/><F6/><W101/><G25/><T64/><D53/><U82/><E82/><V116/><F116/><W37/><G37/><T31/><REACH who="0" step="1"/><D22/><REACH who="0" ten="245,126,297,322" step="2"/><U105/><REACH who="1" step="1"/><E21/><REACH who="1" ten="245,116,297,322" step="2"/><V79/><F20/><W87/><AGARI ba="3,2" hai="12,13,14,76,80,87,88,91,93,96,101" m="16393" machi="87" ten="30,7900,0" yaku="8,1,52,2,54,1" doraHai="86" who="3" fromWho="3" sc="245,-42,116,-23,297,-23,322,108" /><INIT seed="5,0,0,0,5,125" ten="203,93,274,430" oya="1" hai0="26,54,27,98,120,15,107,49,101,122,134,84,33" hai1="61,78,119,94,24,40,118,86,66,50,85,97,7" hai2="111,34,77,28,14,65,9,89,131,2,37,88,75" hai3="36,106,68,41,116,81,93,71,100,108,32,135,72"/><U82/><E86/><V130/><F111/><W69/><G93/><T110/><D110/><U21/><E7/><V132/><F37/><W53/><G53/><T129/><D134/><U124/><E124/><V3/><F132/><W63/><G108/><T12/><D84/><U102/><E40/><V117/><F117/><W19/><G19/><T62/><D62/><U123/><E50/><V18/><F65/><W58/><G58/><T128/><D15/><U92/><E92/><V51/><F51/><W112/><G112/><T8/><D33/><U133/><E123/><N who="0" m="47145" /><D27/><U23/><E23/><V109/><F109/><W121/><G121/><T44/><D26/><U76/><E76/><V46/><F46/><N who="3" m="23847" /><G135/><T1/><D1/><U25/><E25/><N who="2" m="18703" /><F77/><N who="3" m="44199" /><G116/><T113/><D113/><U11/><E133/><V105/><F75/><W56/><G63/><T80/><D80/><U64/><E64/><V0/><F105/><W38/><G38/><T103/><D103/><U55/><E55/><V42/><F42/><W5/><G5/><AGARI ba="0,0" hai="5,8,12,44,49,54,98,101,107,128,129" m="47145" machi="5" ten="30,3900,0" yaku="13,1,52,2" doraHai="125" who="0" fromWho="3" sc="203,39,93,0,274,0,430,-39" /><INIT seed="6,0,0,1,4,16" ten="242,93,274,391" oya="2" hai0="21,85,101,67,54,30,33,52,89,104,74,103,13" hai1="131,17,47,45,25,41,10,118,22,86,88,1,78" hai2="133,90,3,110,124,82,34,94,70,38,73,115,69" hai3="98,81,113,6,135,48,83,93,23,9,91,12,129"/><V87/><RYUUKYOKU type="yao9" ba="0,0" sc="242,0,93,0,274,0,391,0" hai2="3,34,38,69,70,73,82,87,90,94,110,115,124,133" /><INIT seed="6,1,0,2,0,9" ten="242,93,274,391" oya="2" hai0="127,113,80,56,67,19,4,100,10,55,7,83,11" hai1="71,96,22,39,128,73,103,78,34,95,65,51,45" hai2="50,119,3,31,38,101,132,27,75,112,14,59,107" hai3="117,125,89,97,87,62,118,37,131,116,36,28,1"/><V82/><F3/><W74/><G74/><T32/><D32/><U61/><E128/><V68/><F38/><W99/><G1/><T48/><D113/><U64/><E39/><V84/><F68/><W33/><G62/><T35/><D35/><U110/><E110/><V20/><F119/><W85/><G85/><T47/><D100/><U53/><E34/><V130/><F112/><W0/><G0/><T29/><D29/><U21/><E73/><V8/><F132/><W24/><G131/><T111/><D111/><U44/><E78/><V105/><F75/><W120/><G120/><T77/><D127/><U115/><E115/><V17/><F130/><W41/><G37/><T129/><D129/><U2/><E2/><V23/><F101/><W40/><G125/><T63/><D83/><U122/><E122/><V102/><F102/><W106/><G106/><T79/><D79/><U90/><E64/><V58/><F8/><W133/><G133/><T114/><D114/><U123/><E123/><V98/><F98/><W109/><G109/><T13/><REACH who="0" step="1"/><D10/><REACH who="0" ten="232,93,274,391" step="2"/><U86/><REACH who="1" step="1"/><E44/><REACH who="1" ten="232,83,274,391" step="2"/><V42/><F107/><AGARI ba="1,2" hai="21,22,45,51,53,61,65,71,86,90,95,96,103,107" machi="107" ten="30,3900,0" yaku="1,1,2,1,7,1,53,0" doraHai="9" doraHaiUra="76" who="1" fromWho="2" sc="232,0,83,62,274,-42,391,0" /><INIT seed="7,0,0,0,0,127" ten="232,145,232,391" oya="3" hai0="41,44,32,129,70,94,76,83,110,17,89,122,10" hai1="73,134,67,104,58,42,26,101,55,103,0,12,37" hai2="53,113,118,5,108,33,71,87,36,128,29,116,13" hai3="82,27,30,15,43,91,39,120,97,69,18,21,68"/><W78/><G39/><T31/><D110/><U133/><E0/><V98/><F108/><W112/><G43/><T95/><D122/><U59/><E73/><V123/><F71/><W66/><G66/><T93/><D70/><U38/><E26/><V52/><F36/><W1/><G1/><T88/><D31/><U35/><E35/><V2/><F2/><W124/><G112/><T11/><D32/><U114/><E67/><V45/><F113/><W60/><G60/><T72/><D17/><U3/><E3/><V105/><F123/><W85/><G124/><T125/><D125/><U56/><E114/><V46/><F87/><W49/><G49/><T90/><D129/><U80/><E58/><V20/><F33/><W63/><G63/><T111/><D111/><U81/><E42/><V16/><F5/><W100/><G91/><T19/><D19/><U115/><E115/><V54/><F29/><W107/><G120/><T8/><D41/><U25/><E25/><V48/><F128/><W7/><G7/><T57/><D57/><U84/><E84/><V121/><F121/><W6/><G6/><T106/><D106/><U47/><E104/><V61/><F53/><W65/><G65/><T4/><D4/><U131/><E55/><V23/><F20/><AGARI ba="0,0" hai="15,18,20,21,27,30,68,69,78,82,85,97,100,107" machi="20" ten="30,1500,0" yaku="7,1" doraHai="127" who="3" fromWho="2" sc="232,0,145,0,232,-15,391,15" owari="232,3.2,145,-35.5,217,-18.3,406,50.6" /></mjloggm>