<mjloggm ver="2.3"><GO type="169" lobby="0"/><UN n0="%74%61%6B%65%33" n1="%6B%6F%6D%6F%73%73" n2="%E3%82%B7%E3%83%B3%E3%83%97%E3%83%AB%E3%81%AA%E3%83%AF%E3%82%AD%E3%82%AC" n3="%E3%81%9F%E3%81%91%E3%81%B4%E3%83%BC%40%55%4E%50" dan="17,16,17,16" rate="2204.58,2141.20,2194.79,2120.12" sx="M,F,M,M"/><TAIKYOKU oya="0"/><INIT seed="0,0,0,1,2,125" ten="250,250,250,250" oya="0" hai0="0,21,16,30,39,95,5,13,86,78,87,31,6" hai1="24,38,110,130,119,77,100,68,44,22,58,108,4" hai2="74,57,97,120,90,23,66,49,10,126,50,104,92" hai3="1,93,27,134,85,82,118,123,35,107,47,75,8"/><T131/><D39/><U32/><E68/><V88/><F120/><W25/><G118/><T67/><D67/><U101/><E32/><V36/><F126/><W9/><G134/><T124/><D124/><U51/><E119/><V72/><F36/><W89/><G123/><T113/><D113/><U53/><E4/><V91/><F104/><W15/><G107/><T64/><D64/><U14/><E14/><V71/><F10/><W33/><G1/><T17/><D131/><U81/><E130/><V135/><F135/><W7/><G9/><T116/><D116/><U40/><E108/><V76/><F71/><W98/><G75/><T63/><D63/><U106/><E106/><V111/><F111/><W69/><G69/><T52/><D0/><U65/><E65/><V19/><F76/><W99/><G99/><T45/><D17/><U132/><E110/><V62/><F74/><W55/><G33/><T117/><D117/><U54/><E54/><V59/><F72/><W12/><G12/><T83/><D5/><U109/><E132/><V96/><F57/><W94/><G94/><T29/><D6/><U84/><REACH who="1" step="1"/><E109/><REACH who="1" ten="250,240,250,250" step="2"/><V115/><F115/><W20/><G35/><T56/><D52/><U48/><E48/><N who="2" m="18539" /><F92/><W122/><G122/><T28/><D95/><U127/><E127/><V129/><F129/><W37/><G55/><T105/><D105/><U121/><E121/><V79/><F79/><W46/><G37/><T103/><D78/><U60/><E60/><V42/><F42/><W26/><G20/><T73/><D21/><U61/><E61/><V43/><F43/><RYUUKYOKU ba="0,1" sc="250,-30,240,10,250,10,250,10" hai1="22,24,38,40,44,51,53,58,77,81,84,100,101" hai2="19,23,59,62,66,88,90,91,96,97" hai3="7,8,15,25,26,27,46,47,82,85,89,93,98" /><INIT seed="1,1,1,0,4,37" ten="220,250,260,260" oya="1" hai0="38,123,69,62,105,109,111,130,22,101,120,35,2" hai1="53,50,13,99,18,103,60,84,95,79,32,135,0" hai2="28,26,115,117,46,77,89,88,98,7,74,106,31" hai3="119,131,72,118,133,17,33,93,14,100,16,3,15"/><U4/><E135/><V83/><F117/><N who="3" m="44555" /><G72/><T61/><D2/><U71/><E32/><V59/><F115/><W52/><G3/><T27/><D130/><U104/><E0/><V40/><F7/><W70/><G70/><T94/><D105/><U121/><E4/><V85/><F59/><W114/><G114/><T128/><D35/><U19/><E121/><N who="0" m="46665" /><D38/><U63/><E71/><V57/><F57/><W80/><G33/><T134/><D128/><U5/><E5/><V122/><F122/><W43/><G131/><T58/><D134/><U97/><E79/><V112/><F112/><W25/><G80/><T45/><D45/><U54/><E84/><V23/><F31/><W125/><G133/><T116/><D116/><U108/><E19/><N who="3" m="7242" /><G25/><T56/><D69/><U65/><E13/><V10/><F10/><W24/><G24/><T96/><D58/><U81/><E18/><V12/><F12/><N who="3" m="4651" /><G125/><T21/><D62/><U55/><E63/><V126/><F126/><W110/><G52/><N who="0" m="33927" /><D27/><U64/><E54/><V86/><F74/><W132/><G132/><T91/><D101/><U1/><E1/><V75/><F106/><W9/><G9/><T127/><D127/><U68/><E68/><V124/><F124/><W48/><G110/><AGARI ba="1,1" hai="21,22,91,94,96,109,110,111" m="33927,46665" machi="110" ten="30,3900,0" yaku="14,1,13,1,54,1" doraHai="37" who="0" fromWho="3" sc="220,52,250,0,260,0,260,-42" /><INIT seed="2,0,0,1,5,29" ten="272,250,260,218" oya="2" hai0="21,1,78,126,63,4,132,81,93,16,20,131,9" hai1="24,122,52,79,51,19,32,55,82,80,71,45,112" hai2="5,100,64,70,26,65,10,117,73,18,6,23,101" hai3="3,69,54,125,97,120,102,113,134,89,106,25,56"/><V22/><F117/><W129/><G120/><T8/><D126/><U88/><E112/><V105/><F73/><W114/><G69/><T107/><D107/><U36/><E36/><V0/><F5/><W87/><G3/><T2/><D131/><U57/><E71/><V31/><F105/><W115/><G129/><T98/><D132/><U91/><E122/><V127/><F127/><W34/><G125/><T40/><D40/><U15/><E24/><V128/><F128/><W37/><G37/><T85/><D63/><U7/><E7/><V30/><F30/><W46/><G46/><T96/><D96/><U66/><E66/><V28/><F28/><N who="3" m="19727" /><G134/><T43/><D43/><U74/><E32/><V48/><F48/><N who="3" m="30791" /><G87/><T123/><D123/><U38/><E82/><V58/><F70/><W53/><G89/><T77/><D77/><U49/><REACH who="1" step="1"/><E38/><REACH who="1" ten="272,240,260,218" step="2"/><V35/><F65/><W95/><G53/><T104/><D4/><U108/><E108/><V116/><F116/><W90/><G90/><T27/><D27/><U110/><E110/><V86/><F64/><W14/><G14/><T94/><D81/><U119/><E119/><V47/><F31/><W42/><G42/><T33/><D1/><U118/><E118/><V92/><F0/><W17/><G17/><T39/><D16/><U121/><E121/><V72/><F18/><W12/><G12/><T68/><D2/><U11/><AGARI ba="0,1" hai="11,15,19,45,49,51,52,55,57,74,79,80,88,91" machi="11" ten="20,8000,1" yaku="1,1,0,1,7,1,54,2,53,0" doraHai="29" doraHaiUra="83" who="1" fromWho="1" sc="272,-20,240,90,260,-40,218,-20" /><INIT seed="3,0,0,3,1,31" ten="252,330,220,198" oya="3" hai0="112,124,130,87,128,107,77,34,18,54,24,10,65" hai1="19,118,121,109,16,104,134,28,119,102,13,43,68" hai2="98,53,11,133,81,36,12,23,20,101,129,105,8" hai3="111,116,91,66,80,73,63,62,79,15,74,47,5"/><W125/><G116/><T45/><D107/><U92/><E104/><V90/><F36/><W6/><G125/><T115/><D65/><U30/><E68/><V51/><F133/><W49/><G74/><T95/><D124/><U26/><E43/><V57/><F129/><W72/><G73/><T56/><D45/><U88/><E102/><V99/><F8/><W17/><G111/><T41/><D41/><U70/><E70/><V21/><F105/><W1/><G91/><T82/><D95/><U108/><E121/><V29/><F101/><W78/><G78/><T100/><D100/><U22/><E134/><V113/><F113/><W60/><G1/><T132/><D132/><U59/><E59/><V126/><F126/><W38/><G66/><T76/><D76/><U83/><E83/><V40/><F29/><W67/><G67/><T94/><D94/><U122/><E19/><V39/><F40/><W69/><G69/><T37/><D37/><U131/><E28/><V117/><F117/><N who="1" m="44553" /><E131/><N who="0" m="50217" /><D10/><N who="1" m="6199" /><E122/><V50/><F39/><W14/><G38/><T44/><D44/><U96/><AGARI ba="0,0" hai="22,26,30,88,92,96,108,109" m="6199,44553" machi="96" ten="30,4000,0" yaku="12,1,54,2" doraHai="31" who="1" fromWho="1" sc="252,-10,330,40,220,-10,198,-20" /><INIT seed="4,0,0,1,2,75" ten="242,370,210,178" oya="0" hai0="84,10,1,67,3,95,93,127,27,24,70,5,135" hai1="115,80,6,122,56,117,9,33,118,65,23,133,69" hai2="2,129,22,79,76,13,87,71,111,107,38,88,37" hai3="100,73,53,123,113,57,64,42,121,50,55,59,66"/><T106/><D106/><U12/><E69/><V101/><F111/><W26/><G100/><T43/><D127/><U119/><E122/><N who="3" m="46602" /><G73/><T128/><D128/><U28/><E80/><V126/><F2/><W60/><G26/><T108/><D108/><U116/><E65/><N who="3" m="25194" /><G42/><T91/><D135/><U29/><E56/><V16/><F71/><W81/><G81/><T20/><D1/><N who="1" m="207" /><E119/><V99/><F126/><W104/><G104/><T74/><D74/><U36/><E36/><V4/><F129/><W92/><G92/><T68/><D43/><U89/><E89/><V130/><F130/><W31/><G31/><N who="1" m="11850" /><E133/><V25/><F37/><W85/><G85/><T63/><D70/><U54/><E54/><V14/><F38/><W7/><G7/><T47/><D47/><U0/><E0/><V94/><REACH who="2" step="1"/><F4/><REACH who="2" ten="242,370,200,178" step="2"/><W8/><G8/><T125/><D125/><U97/><E116/><V112/><F112/><AGARI ba="0,1" hai="50,53,55,57,59,60,112,113" m="25194,46602" machi="112" ten="30,3900,0" yaku="13,1,34,2" doraHai="75" who="3" fromWho="2" sc="242,0,370,0,200,-39,178,49" /><INIT seed="5,0,0,4,0,103" ten="242,370,161,227" oya="1" hai0="112,67,96,29,51,84,71,100,110,108,18,48,17" hai1="114,46,97,87,0,134,38,113,30,89,35,33,77" hai2="3,91,13,5,43,92,62,82,119,41,6,56,27" hai3="93,98,59,4,120,104,44,53,16,57,80,37,107"/><U2/><E134/><V72/><F119/><W85/><G120/><T11/><D112/><U69/><E69/><V7/><F3/><W73/><G73/><T79/><D29/><U75/><E97/><V122/><F122/><W54/><G4/><T88/><D79/><U90/><E75/><V111/><F111/><W118/><G118/><T99/><D71/><U52/><E77/><V32/><F72/><W9/><G37/><T121/><D67/><U101/><E101/><V40/><F32/><W81/><G44/><T133/><D121/><U20/><E20/><V23/><F82/><W39/><G39/><T105/><D99/><U14/><E14/><V128/><F128/><W123/><G123/><T63/><D63/><U19/><E19/><V74/><F74/><W28/><G28/><T10/><D10/><U115/><E90/><V1/><F1/><N who="1" m="617" /><E30/><V12/><F27/><W86/><G98/><T78/><D78/><U127/><E38/><V109/><F23/><W95/><REACH who="3" step="1"/><G16/><REACH who="3" ten="242,370,161,217" step="2"/><T131/><D18/><U15/><E46/><V94/><F109/><W132/><G132/><T125/><D133/><U45/><E45/><V21/><F21/><W26/><G26/><T31/><D31/><U55/><E15/><N who="2" m="5707" /><F91/><W58/><G58/><T68/><D110/><U25/><E25/><V24/><F24/><W49/><G49/><T126/><D108/><U106/><E115/><V8/><F8/><AGARI ba="0,1" hai="8,9,53,54,57,59,80,81,85,86,93,95,104,107" machi="8" ten="25,8000,1" yaku="1,1,22,2,52,2,53,0" doraHai="103" doraHaiUra="42" who="3" fromWho="2" sc="242,0,370,0,161,-80,217,90" /><INIT seed="6,0,0,2,1,38" ten="242,370,81,307" oya="2" hai0="64,65,83,80,22,117,76,81,61,135,49,106,6" hai1="53,115,9,11,34,44,24,23,111,123,8,120,127" hai2="5,102,62,133,57,113,124,99,55,104,74,60,2" hai3="91,47,13,4,31,28,73,66,12,92,101,10,89"/><V97/><F113/><W16/><G73/><T14/><D106/><U68/><E115/><V103/><F124/><W109/><G109/><T43/><D135/><U69/><E111/><V50/><F74/><W39/><G66/><T114/><D117/><U77/><E77/><V15/><F2/><W1/><G1/><T52/><D76/><U90/><E34/><V116/><F116/><W84/><G101/><T93/><D93/><U0/><E90/><V59/><F133/><W108/><G108/><T7/><D7/><U87/><E87/><V56/><F15/><W27/><G27/><T86/><D86/><U129/><E129/><V107/><REACH who="2" step="1"/><F5/><REACH who="2" ten="242,370,71,307" step="2"/><W79/><G13/><T78/><D114/><U85/><E0/><V30/><F30/><W19/><G28/><T21/><D6/><U46/><E127/><V33/><F33/><W25/><G31/><T131/><D14/><U35/><E35/><V3/><F3/><W118/><G118/><T20/><D131/><U41/><E24/><V82/><F82/><W72/><G25/><T125/><D125/><U36/><E123/><V45/><AGARI ba="0,1" hai="45,50,55,56,57,59,60,62,97,99,102,103,104,107" machi="45" ten="30,6000,0" yaku="1,1,0,1,9,1,53,0" doraHai="38" doraHaiUra="112" who="2" fromWho="2" sc="242,-20,370,-20,71,70,307,-20" /><INIT seed="6,1,0,2,5,64" ten="222,350,141,287" oya="2" hai0="14,112,17,44,10,128,106,94,104,122,11,132,85" hai1="38,110,130,90,134,2,66,47,19,121,87,119,7" hai2="15,3,81,32,25,78,20,9,30,109,123,0,69" hai3="68,99,61,91,111,41,77,42,98,102,55,88,84"/><V129/><F123/><W67/><G111/><T8/><D122/><U45/><E110/><V92/><F109/><W97/><G102/><T76/><D112/><U49/><E119/><V127/><F127/><W135/><G135/><T13/><D132/><U74/><E74/><V35/><F92/><W26/><G77/><T31/><D128/><U120/><E66/><V105/><F105/><W52/><G26/><T48/><D31/><U53/><E134/><V27/><F69/><W116/><G91/><T125/><D8/><U96/><E96/><V101/><F101/><W79/><G79/><T107/><D125/><U22/><E130/><V63/><F63/><W58/><G116/><T83/><D94/><U57/><E7/><N who="2" m="3519" /><F129/><W100/><G100/><T5/><REACH who="0" step="1"/><D106/><REACH who="0" ten="212,350,141,287" step="2"/><U37/><E121/><V29/><F81/><N who="3" m="49167" /><G68/><T43/><AGARI ba="1,1" hai="5,10,11,13,14,17,43,44,48,76,83,85,104,107" machi="43" ten="20,12000,2" yaku="1,1,0,1,7,1,25,2,53,1" doraHai="64" doraHaiUra="12" who="0" fromWho="0" sc="212,133,350,-31,141,-61,287,-31" /><INIT seed="7,0,0,0,2,0" ten="345,319,80,256" oya="3" hai0="80,36,35,56,89,26,76,58,18,49,128,53,107" hai1="71,90,21,1,91,64,84,40,22,4,54,29,27" hai2="2,46,38,131,45,112,57,31,37,115,96,118,42" hai3="81,100,15,33,69,66,103,113,48,14,55,67,30"/><W41/><G41/><T99/><D36/><U50/><E40/><V130/><F96/><W121/><G121/><T68/><D68/><U114/><E114/><V82/><F31/><W77/><G113/><T47/><D128/><U7/><E1/><V116/><F82/><W70/><G33/><T59/><D35/><U11/><E11/><V134/><F2/><W62/><G30/><T79/><D107/><U85/><E64/><V9/><F9/><W101/><G67/><T24/><D99/><U34/><E34/><V8/><F8/><W88/><G69/><T20/><D26/><U117/><E22/><V28/><F28/><W125/><G125/><T61/><D61/><U32/><E32/><V106/><F106/><W98/><G77/><T12/><D24/><U124/><E117/><V10/><F10/><W86/><REACH who="3" step="1"/><G98/><REACH who="3" ten="345,319,80,246" step="2"/><T74/><D74/><U13/><E71/><V97/><F97/><W129/><G129/><T109/><D79/><U5/><E124/><V72/><F72/><W17/><G17/><T23/><D76/><U120/><E120/><V126/><F42/><W75/><G75/><T122/><D122/><U92/><E13/><V60/><F126/><W6/><G6/><T93/><D18/><U87/><E90/><V83/><F83/><W127/><G127/><T63/><D80/><U111/><E111/><V19/><F19/><W16/><G16/><N who="0" m="10247" /><D109/><U95/><E91/><V94/><F94/><W44/><AGARI ba="0,1" hai="14,15,44,48,55,62,66,70,81,86,88,100,101,103" machi="44" ten="30,6000,0" yaku="1,1,0,1,54,1,53,0" doraHai="0" doraHaiUra="108" who="3" fromWho="3" sc="345,-20,319,-20,80,-20,246,70" /><INIT seed="7,1,0,1,3,62" ten="325,299,60,316" oya="3" hai0="96,114,52,31,81,17,118,78,74,70,111,131,19" hai1="98,113,59,116,63,123,8,53,18,95,125,94,36" hai2="41,20,12,42,61,50,54,0,91,102,23,68,135" hai3="90,1,83,99,44,33,130,76,73,25,89,84,77"/><W16/><G1/><T82/><D111/><U58/><E123/><V122/><F0/><W6/><G6/><T4/><D118/><U87/><E116/><V88/><F135/><W5/><G5/><T60/><D131/><U71/><E113/><V13/><F122/><W104/><G130/><T101/><D4/><U48/><E125/><V38/><F38/><W119/><G119/><T27/><D82/><U80/><E36/><V100/><F68/><W108/><G108/><T47/><D114/><U106/><E71/><V86/><F61/><W15/><G33/><T105/><D47/><U21/><E8/><V22/><F54/><W32/><G32/><N who="0" m="20607" /><D52/><N who="1" m="32007" /><E98/><V28/><F22/><N who="3" m="13511" /><G104/><T10/><D10/><U24/><E106/><V35/><F35/><W129/><G129/><T120/><D120/><U55/><E55/><V134/><F134/><W3/><G73/><T37/><D37/><U2/><E2/><V66/><F50/><W7/><G3/><T57/><D57/><U51/><E51/><V117/><F117/><W85/><G99/><T29/><D29/><U67/><E53/><V103/><F103/><W75/><G75/><T14/><D14/><U115/><E115/><V124/><F124/><W69/><G69/><T65/><AGARI ba="1,0" hai="17,19,60,65,70,74,78,81,96,101,105" m="20607" machi="65" ten="30,2000,0" yaku="25,1,52,1" doraHai="62" who="0" fromWho="0" sc="325,23,299,-6,60,-6,316,-11" owari="348,44.8,293,-10.7,54,-44.6,305,10.5" /></mjloggm>