<mjloggm ver="2.3"><GO type="169" lobby="0"/><UN n0="%E5%8C%97%E5%A4%A9%E7%A5%9E%E3%81%AE%E7%94%9F%E8%8F%9C" n1="%73%6F%61%6F" n2="%53%74%65%69%6E%73" n3="%E8%BE%9B%E5%8F%A3%E3%82%AB%E3%83%AC%E3%83%BC%E3%83%A9%E3%82%A4%E3%82%B9" dan="16,16,17,16" rate="2107.33,2125.52,2208.37,2126.34" sx="F,M,M,M"/><TAIKYOKU oya="0"/><INIT seed="0,0,0,3,5,133" ten="250,250,250,250" oya="0" hai0="96,95,83,61,98,94,100,17,3,110,41,109,108" hai1="113,117,79,44,132,74,116,70,121,40,39,46,130" hai2="122,33,90,55,105,1,20,93,69,76,50,86,126" hai3="30,81,64,57,8,114,123,101,19,127,49,134,67"/><T16/><D3/><U21/><E121/><V38/><F122/><W125/><G114/><T129/><D129/><U80/><E132/><V7/><F33/><W51/><G123/><T119/><D119/><U102/><E130/><V31/><F38/><W28/><G134/><T107/><D41/><U29/><E70/><V128/><F128/><W6/><G101/><T9/><D83/><U73/><E113/><V32/><F69/><W66/><G19/><N who="0" m="7243" /><D9/><U115/><E115/><V26/><F105/><W63/><G81/><T2/><D2/><U112/><E112/><V58/><F32/><W18/><G18/><T11/><D11/><U78/><E102/><V104/><F104/><W89/><G89/><N who="0" m="55375" /><D61/><U36/><E21/><V118/><F118/><W65/><G30/><T99/><D99/><U25/><E29/><V10/><REACH who="2" step="1"/><F76/><REACH who="2" ten="250,250,240,250" step="2"/><W22/><G28/><T88/><D107/><U0/><E78/><V103/><F103/><AGARI ba="0,1" hai="88,95,98,100,103,108,109,110" m="55375,7243" machi="103" ten="40,12000,1" yaku="14,1,10,1,54,2" doraHai="133" who="0" fromWho="2" sc="250,130,250,0,240,-120,250,0" /><INIT seed="0,1,0,1,4,51" ten="380,250,120,250" oya="0" hai0="40,105,117,11,68,99,49,61,100,84,126,97,122" hai1="107,47,52,0,119,18,31,133,53,130,103,37,21" hai2="27,104,54,19,63,129,30,74,73,36,101,45,113" hai3="112,90,3,9,43,7,102,39,120,127,35,106,81"/><T91/><D122/><U4/><E119/><V58/><F113/><W95/><G112/><T57/><D117/><U1/><E31/><V34/><F129/><W55/><G120/><T86/><D126/><U29/><E29/><V92/><F104/><W24/><G127/><T15/><D68/><U8/><E0/><V10/><F101/><W98/><G81/><T16/><D97/><U41/><E130/><V93/><F36/><W75/><G75/><T44/><REACH who="0" step="1"/><D91/><REACH who="0" ten="370,250,120,250" step="2"/><U94/><E133/><V108/><F108/><W71/><G71/><T131/><D131/><U82/><E107/><V80/><F73/><W132/><G132/><T20/><D20/><U22/><E21/><V72/><F72/><W110/><G90/><T66/><AGARI ba="1,1" hai="11,15,16,40,44,49,57,61,66,84,86,99,100,105" machi="66" ten="20,12000,1" yaku="1,1,0,1,7,1,54,1,53,1" doraHai="51" doraHaiUra="6" who="0" fromWho="0" sc="370,133,250,-41,120,-41,250,-41" /><INIT seed="0,2,0,1,2,103" ten="503,209,79,209" oya="0" hai0="123,120,20,8,94,10,127,47,66,68,132,11,16" hai1="133,92,4,76,70,125,106,77,38,75,21,62,7" hai2="90,121,91,81,41,135,56,93,12,3,34,54,46" hai3="65,59,95,53,72,42,25,84,51,32,126,109,115"/><T78/><D78/><U60/><E38/><V63/><F121/><W0/><G115/><T28/><D68/><U128/><E125/><V117/><F3/><W61/><G126/><T79/><D79/><U111/><E111/><V6/><F135/><W86/><G72/><T36/><D66/><U13/><E128/><V1/><F1/><W80/><G0/><T119/><D119/><U30/><E133/><V64/><F34/><W31/><G109/><T48/><D36/><U14/><E106/><V96/><F117/><W124/><G124/><T69/><D69/><U88/><E70/><V118/><F118/><W67/><G95/><T37/><D37/><U134/><E134/><V2/><F2/><W57/><G42/><T74/><D74/><U50/><E50/><V89/><F64/><W15/><G15/><T45/><D127/><U43/><E43/><V40/><F81/><W85/><REACH who="3" step="1"/><G65/><REACH who="3" ten="503,209,79,199" step="2"/><T108/><D132/><U99/><E75/><V5/><F40/><W82/><AGARI ba="2,1" hai="25,31,32,51,53,57,59,61,67,80,82,84,85,86" machi="82" ten="30,4000,0" yaku="1,1,2,1,0,1,53,0" doraHai="103" doraHaiUra="18" who="3" fromWho="3" sc="503,-22,209,-12,79,-12,199,56" /><INIT seed="1,0,0,4,5,51" ten="481,197,67,255" oya="1" hai0="12,26,5,102,61,107,106,97,45,44,18,72,84" hai1="120,119,118,24,112,60,36,4,32,23,46,91,110" hai2="104,6,88,89,21,122,134,75,130,73,56,70,99" hai3="65,123,124,93,40,135,11,34,117,85,83,17,92"/><U113/><E36/><V90/><F122/><W20/><G123/><T69/><D72/><U41/><E120/><V35/><F35/><W53/><G34/><T55/><D107/><U87/><E32/><V9/><F70/><W77/><G135/><T8/><D69/><U126/><E126/><V115/><F134/><W39/><G124/><T28/><D5/><U1/><E113/><V0/><F115/><W59/><G117/><T100/><D100/><U98/><E98/><V132/><F132/><W49/><G65/><T3/><D3/><U81/><E112/><V62/><F130/><W30/><G30/><T52/><D84/><U67/><E110/><V109/><F109/><W116/><G116/><T10/><D10/><U86/><E86/><V125/><F125/><W29/><G29/><T63/><D26/><U96/><E96/><V66/><REACH who="2" step="1"/><F21/><REACH who="2" ten="481,197,57,255" step="2"/><W129/><G129/><T64/><D106/><U37/><E23/><V114/><F114/><W131/><G131/><T54/><D28/><U25/><E118/><V105/><F105/><W71/><G71/><T128/><D128/><U78/><E119/><V127/><F127/><W7/><G20/><T33/><D33/><U133/><E133/><V68/><F68/><W42/><G11/><T103/><D8/><U79/><E1/><V38/><F38/><W76/><G39/><T80/><D103/><AGARI ba="0,1" hai="0,6,9,56,62,66,73,75,88,89,90,99,103,104" machi="103" ten="40,2600,0" yaku="1,1,54,1,53,0" doraHai="51" doraHaiUra="111" who="2" fromWho="0" sc="481,-26,197,0,57,36,255,0" /><INIT seed="2,0,0,0,1,6" ten="455,197,93,255" oya="2" hai0="68,96,36,69,49,113,77,120,41,25,131,55,115" hai1="78,112,44,80,71,58,73,127,48,37,86,95,93" hai2="12,134,13,20,74,135,94,35,83,123,76,57,85" hai3="15,98,81,10,47,27,103,72,62,110,119,40,54"/><V39/><F35/><W100/><G119/><T29/><D120/><U90/><E112/><V2/><F2/><W53/><G110/><T121/><D121/><U89/><E71/><V32/><F32/><W65/><G27/><T30/><D77/><U24/><E127/><V50/><F39/><W82/><G72/><T5/><D131/><U84/><E37/><V117/><F123/><W97/><G81/><T101/><D5/><U122/><E122/><V116/><F116/><W114/><G114/><T45/><D29/><U11/><E24/><V106/><F106/><W128/><G128/><T33/><D113/><U51/><E44/><V87/><F117/><W17/><G82/><T42/><D42/><U61/><REACH who="1" step="1"/><E11/><REACH who="1" ten="455,187,93,255" step="2"/><V64/><F134/><W67/><G47/><T129/><D115/><U66/><AGARI ba="0,1" hai="48,51,58,61,66,73,78,80,84,86,89,90,93,95" machi="66" ten="20,8000,1" yaku="1,1,2,1,0,1,7,1,9,1,53,0" doraHai="6" doraHaiUra="1" who="1" fromWho="1" sc="455,-20,187,90,93,-40,255,-20" /><INIT seed="3,0,0,0,2,56" ten="435,277,53,235" oya="3" hai0="59,55,46,13,63,45,33,84,41,64,44,36,95" hai1="75,5,27,20,18,26,110,11,111,126,23,125,98" hai2="83,122,47,127,31,94,101,4,92,21,106,67,40" hai3="30,81,69,51,87,19,15,62,93,70,128,86,72"/><W1/><G1/><T82/><D33/><U52/><E75/><V39/><F127/><N who="1" m="48649" /><E98/><V71/><F122/><W117/><G117/><T29/><D29/><N who="1" m="17607" /><E52/><V6/><F106/><W115/><G128/><T22/><D22/><U102/><E102/><V91/><F83/><W124/><G124/><T43/><D13/><AGARI ba="0,0" hai="5,11,13,18,23,27,110,111" m="17607,48649" machi="13" ten="30,3900,0" yaku="18,1,34,2" doraHai="56" who="1" fromWho="0" sc="435,-39,277,39,53,0,235,0" /><INIT seed="4,0,0,2,0,128" ten="396,316,53,235" oya="0" hai0="6,104,13,73,108,110,82,112,55,45,83,130,80" hai1="24,46,27,64,3,8,25,30,114,5,123,37,129" hai2="89,18,90,35,40,116,101,41,117,87,120,107,102" hai3="70,121,60,9,99,78,86,84,23,15,74,115,133"/><T127/><D104/><U17/><E123/><V96/><F35/><W51/><G121/><T19/><D127/><U79/><E129/><V42/><F120/><W52/><G115/><T53/><D130/><U122/><E64/><V135/><F18/><W43/><G23/><T0/><D112/><U81/><E122/><V20/><F20/><W28/><G28/><T85/><D73/><U10/><E114/><V103/><F107/><W67/><G43/><T106/><D106/><U98/><E98/><V11/><F11/><W71/><G71/><T97/><D97/><U59/><E59/><V22/><F22/><W93/><G74/><T124/><D124/><U56/><E56/><V69/><F69/><W7/><G78/><T131/><D131/><U29/><E37/><V63/><F63/><W92/><G133/><T62/><D6/><U12/><E46/><V16/><F16/><W94/><REACH who="3" step="1"/><G99/><REACH who="3" ten="396,316,53,225" step="2"/><T33/><D33/><U125/><E125/><V76/><F135/><W44/><AGARI ba="0,1" hai="7,9,15,44,51,52,60,67,70,84,86,92,93,94" machi="44" ten="30,8000,1" yaku="1,1,2,1,0,1,54,1,53,1" doraHai="128" doraHaiUra="61" who="3" fromWho="3" sc="396,-40,316,-20,53,-20,225,90" /><INIT seed="5,0,0,5,1,107" ten="356,296,33,315" oya="1" hai0="29,22,132,73,20,11,117,18,130,21,56,77,87" hai1="4,135,76,113,71,72,30,122,33,109,6,123,8" hai2="120,35,66,96,111,75,80,81,90,85,62,0,116" hai3="55,2,23,98,7,5,3,13,69,25,92,51,129"/><U19/><E71/><V114/><F116/><W97/><G69/><T101/><D117/><U15/><E135/><V89/><F120/><W99/><G129/><T54/><D101/><U12/><E113/><V61/><F111/><W53/><G92/><T84/><D132/><U74/><E76/><V45/><F35/><W63/><G63/><T103/><D103/><U39/><E39/><V115/><F0/><W65/><G65/><T31/><D130/><U126/><E126/><V9/><F9/><W127/><G127/><T52/><D73/><U14/><E109/><V133/><F133/><W125/><G125/><T119/><D119/><U10/><E19/><V105/><F45/><W128/><G128/><T118/><D118/><U102/><E102/><N who="2" m="62663" /><F66/><W1/><G13/><N who="0" m="7487" /><D77/><U38/><E38/><V58/><F58/><W82/><G82/><N who="2" m="31849" /><F61/><W46/><REACH who="3" step="1"/><G53/><REACH who="3" ten="356,296,33,305" step="2"/><T93/><D54/><U26/><E15/><V47/><F62/><W104/><G104/><T78/><D52/><U121/><AGARI ba="0,1" hai="4,6,8,10,12,14,26,30,33,72,74,121,122,123" machi="121" ten="30,11700,0" yaku="0,1,9,1,52,2" doraHai="107" who="1" fromWho="1" sc="356,-39,296,127,33,-39,305,-39" owari="317,11.7,423,52.3,-6,-50.6,266,-13.4" /></mjloggm>