<mjloggm ver="2.3"><GO type="169" lobby="0"/><UN n0="%E7%8C%9B%E5%8F%8D%E7%99%BA%E3%81%BE%E3%81%8F%E3%82%89" n1="%73%73%73%31%39%33%33" n2="%E8%82%89%E5%9B%A3%E5%AD%90%E5%85%88%E7%94%9F" n3="%E7%A0%B2%E5%A7%90%E5%A7%90" dan="16,16,16,16" rate="2125.70,2147.11,2049.19,2118.17" sx="M,F,M,F"/><TAIKYOKU oya="0"/><INIT seed="0,0,0,1,4,96" ten="250,250,250,250" oya="0" hai0="91,79,47,29,16,65,22,81,18,15,57,115,86" hai1="113,94,126,100,72,9,51,30,13,87,27,78,110" hai2="25,2,120,131,36,102,43,10,0,35,60,4,111" hai3="74,49,6,117,34,1,101,33,95,107,75,84,3"/><T85/><D115/><U70/><E70/><V59/><F120/><W92/><G117/><T122/><D122/><U63/><E110/><V37/><F111/><W52/><G107/><T23/><D29/><U69/><E113/><V103/><F0/><W55/><G84/><T98/><D47/><U129/><E126/><V80/><F131/><W123/><G123/><T121/><D121/><U76/><E72/><V21/><F80/><W67/><G49/><T119/><D119/><U32/><E51/><V12/><F35/><W56/><G56/><T133/><D133/><U104/><E87/><V19/><F2/><W82/><G82/><T44/><D44/><U62/><E94/><V97/><F43/><W40/><G40/><T134/><D98/><N who="1" m="61463" /><E63/><V124/><F124/><W54/><G54/><T83/><D134/><U73/><E73/><V109/><F109/><W64/><G6/><T42/><D42/><U61/><E61/><V31/><F31/><W11/><G11/><T114/><D114/><U108/><E129/><V46/><F46/><W7/><G7/><T106/><D106/><U116/><E116/><V53/><REACH who="2" step="1"/><F103/><AGARI ba="0,0" hai="1,3,33,34,52,55,64,67,74,75,92,95,101,103" machi="103" ten="25,8000,1" yaku="22,2,52,2,54,1" doraHai="96" who="3" fromWho="2" sc="250,0,250,0,250,-80,250,80" /><INIT seed="1,0,0,2,2,53" ten="250,250,170,330" oya="1" hai0="77,30,125,134,12,34,133,112,135,32,9,62,39" hai1="126,65,83,25,21,36,10,54,73,49,89,78,47" hai2="124,28,81,101,1,61,50,116,5,60,75,104,72" hai3="41,76,95,17,68,56,63,0,128,91,58,29,6"/><U22/><E126/><V15/><F116/><W103/><G128/><T105/><D39/><U11/><E36/><V18/><F124/><W84/><G29/><T71/><D125/><U8/><E65/><V3/><F104/><W118/><G118/><T45/><D112/><U132/><E132/><V120/><F101/><W123/><G123/><T70/><D105/><U108/><E108/><V64/><F120/><W44/><G103/><T31/><D77/><U37/><E37/><V43/><F28/><N who="0" m="10794" /><D45/><U80/><E25/><V26/><F26/><W129/><G129/><T115/><D115/><U96/><REACH who="1" step="1"/><E83/><REACH who="1" ten="250,240,170,330" step="2"/><V131/><F81/><W107/><G68/><T119/><D119/><U23/><E23/><V117/><F64/><W2/><G107/><T59/><D71/><U97/><E97/><V42/><F131/><W109/><G109/><T130/><D70/><U33/><E33/><V111/><F111/><W48/><G95/><AGARI ba="0,1" hai="8,10,11,21,22,47,49,54,73,78,80,89,95,96" machi="95" ten="40,3900,0" yaku="1,1,53,1" doraHai="53" doraHaiUra="79" who="1" fromWho="3" sc="250,0,240,49,170,0,330,-39" /><INIT seed="1,1,0,4,1,88" ten="250,289,170,291" oya="1" hai0="66,110,26,118,71,10,9,60,104,120,30,124,67" hai1="100,70,122,22,65,50,96,131,73,39,111,12,34" hai2="85,53,56,19,44,27,92,35,64,18,40,23,41" hai3="29,5,20,28,38,133,116,16,99,128,24,113,107"/><U117/><E39/><V49/><F35/><W108/><G113/><T135/><D118/><U32/><E122/><V15/><F64/><W103/><G116/><T54/><D120/><U8/><E117/><V0/><F0/><W1/><G108/><T130/><D110/><U21/><E73/><V25/><F25/><W37/><G128/><T109/><D109/><U83/><E131/><V42/><F42/><W94/><G133/><T61/><D135/><U62/><E111/><V134/><F134/><W3/><G1/><T72/><D72/><U132/><E83/><V68/><F68/><W43/><G38/><T46/><D124/><U115/><E115/><V106/><F106/><W127/><G127/><T59/><D130/><U80/><E80/><V58/><F58/><W79/><G79/><T97/><D46/><U89/><E89/><N who="2" m="53295" /><F44/><W63/><G63/><T102/><REACH who="0" step="1"/><D67/><REACH who="0" ten="240,289,170,291" step="2"/><U45/><E132/><V4/><F4/><W7/><G37/><T75/><D75/><U55/><E34/><AGARI ba="1,1" hai="9,10,26,30,34,54,59,60,61,66,71,97,102,104" machi="34" ten="30,8000,1" yaku="1,1,7,1,25,2,53,1" doraHai="88" doraHaiUra="31" who="0" fromWho="1" sc="240,93,289,-83,170,0,291,0" /><INIT seed="2,0,0,5,2,40" ten="333,206,170,291" oya="2" hai0="116,120,89,20,55,100,39,73,106,22,83,33,84" hai1="44,10,123,14,118,52,67,107,86,113,43,30,76" hai2="1,57,94,69,93,72,31,127,8,12,80,109,104" hai3="78,125,112,98,95,37,28,88,135,59,66,111,101"/><V70/><F127/><W9/><G125/><T56/><D120/><U35/><E113/><V87/><F104/><W79/><G112/><T102/><D33/><U130/><E118/><V38/><F38/><W122/><G122/><T128/><D128/><U42/><E107/><V61/><F72/><W75/><G111/><T16/><D116/><U25/><E130/><V48/><F1/><W26/><G135/><T23/><D39/><U129/><E129/><V91/><F31/><W74/><G37/><T133/><D133/><U85/><E67/><V3/><F3/><W77/><G9/><T54/><D73/><U34/><E34/><V58/><F109/><W71/><G71/><T63/><D55/><U81/><E86/><V13/><F13/><W90/><G75/><T4/><D4/><U17/><REACH who="1" step="1"/><E123/><REACH who="1" ten="333,196,170,291" step="2"/><V51/><F70/><W49/><G74/><T5/><D106/><U99/><E99/><V97/><F69/><W105/><G105/><T119/><D119/><U2/><E2/><V46/><F97/><W117/><G117/><T132/><D132/><U29/><E29/><V131/><F131/><W134/><G134/><T18/><D5/><U68/><E68/><V36/><F87/><W41/><G66/><T108/><D108/><U27/><E27/><V92/><F12/><W96/><G26/><T6/><D6/><U32/><E32/><V114/><F114/><W11/><G28/><T62/><D18/><U0/><E0/><V64/><F64/><W124/><G124/><T45/><D16/><U53/><E53/><V50/><F8/><W24/><G11/><RYUUKYOKU ba="0,1" sc="333,-10,196,30,170,-10,291,-10" hai1="10,14,17,25,30,35,42,43,44,52,76,81,85" /><INIT seed="3,1,1,0,1,120" ten="323,226,160,281" oya="3" hai0="127,84,117,104,123,54,58,91,88,18,36,44,5" hai1="90,73,64,45,24,48,107,86,12,135,105,131,15" hai2="6,97,30,67,89,63,74,26,62,101,130,65,99" hai3="87,71,25,125,85,33,27,124,118,47,21,108,61"/><W68/><G118/><T46/><D117/><U78/><E135/><V66/><F74/><W93/><G47/><T3/><D123/><U111/><E131/><V112/><F6/><W49/><G49/><T22/><D104/><U16/><E64/><V14/><F112/><W102/><G33/><T42/><D127/><N who="3" m="48713" /><G27/><T92/><D46/><U76/><E24/><V82/><F14/><W59/><G108/><T8/><D92/><U113/><E15/><V116/><F116/><W103/><G71/><T134/><D84/><N who="3" m="32329" /><G93/><T133/><D133/><U41/><E113/><V35/><F130/><W98/><G98/><T95/><D95/><U69/><E69/><V126/><F126/><W79/><G79/><T38/><D134/><U39/><E111/><V53/><F99/><W28/><G68/><T4/><D38/><U51/><E39/><V94/><F82/><W80/><G80/><T19/><D5/><U29/><E51/><V81/><F81/><W13/><G13/><T128/><D19/><U114/><E114/><V129/><F129/><W9/><G9/><T132/><D128/><U60/><E76/><V37/><F37/><W32/><G32/><T2/><D2/><U17/><E12/><V115/><F115/><W7/><G7/><T52/><D132/><U20/><E78/><V57/><REACH who="2" step="1"/><F89/><REACH who="2" ten="323,226,150,281" step="2"/><W83/><G83/><T43/><D91/><U56/><E73/><V100/><F100/><W70/><G103/><T55/><D4/><U1/><E90/><V40/><F40/><W34/><G102/><T109/><D43/><U50/><E41/><V11/><F11/><RYUUKYOKU ba="1,2" sc="323,-10,226,-10,150,30,281,-10" hai2="26,30,35,53,57,62,63,65,66,67,94,97,101" /><INIT seed="4,2,2,3,2,4" ten="313,216,180,271" oya="0" hai0="5,121,69,74,86,87,38,19,63,59,60,123,15" hai1="54,130,97,68,30,58,127,118,85,80,119,45,28" hai2="88,14,132,106,99,37,9,13,120,10,24,81,124" hai3="94,75,26,71,103,115,128,108,122,48,50,46,111"/><T31/><D74/><U17/><E68/><V62/><F120/><W21/><G122/><T82/><D38/><U116/><E127/><V29/><F124/><W40/><G71/><T43/><D43/><U89/><E130/><V11/><F37/><W83/><G128/><T98/><D31/><U2/><E2/><V105/><F132/><W117/><G117/><T64/><D5/><U0/><E0/><V79/><F62/><W72/><G115/><T126/><D98/><U73/><E73/><V131/><F131/><W25/><G25/><T7/><D7/><U100/><E45/><V67/><F67/><W101/><G50/><T70/><D126/><U84/><E84/><V23/><F106/><W34/><G34/><T114/><D114/><U3/><E17/><V66/><F66/><W33/><G33/><T78/><D87/><U112/><E3/><V56/><F56/><W135/><G135/><T125/><D125/><U36/><E112/><V109/><F109/><W16/><G75/><T35/><D35/><U18/><E18/><V1/><F1/><W96/><G103/><T90/><D78/><U93/><REACH who="1" step="1"/><E36/><REACH who="1" ten="313,206,180,271" step="2"/><V77/><F105/><W104/><G104/><T42/><D70/><U57/><E57/><V51/><F51/><AGARI ba="2,3" hai="28,30,51,54,58,80,85,89,93,97,100,116,118,119" machi="51" ten="40,1300,0" yaku="1,1,53,0" doraHai="4" doraHaiUra="22" who="1" fromWho="2" sc="313,0,206,49,180,-19,271,0" /><INIT seed="5,0,0,1,3,131" ten="313,255,161,271" oya="1" hai0="124,43,111,113,51,46,47,53,97,125,24,8,81" hai1="128,118,92,0,101,134,52,78,21,99,59,64,2" hai2="42,123,132,69,89,85,110,108,79,105,100,6,7" hai3="103,107,15,29,71,73,48,60,5,119,135,1,16"/><U95/><E118/><V121/><F69/><W109/><G109/><T58/><D111/><N who="2" m="42538" /><F42/><W26/><G73/><T84/><D113/><U68/><E128/><V63/><F7/><W114/><G114/><T45/><D97/><U127/><E78/><V12/><F12/><W44/><G119/><T88/><D24/><U93/><E127/><N who="0" m="48713" /><D8/><U13/><E64/><V130/><F63/><AGARI ba="0,0" hai="43,45,46,47,51,53,58,63,81,84,88" m="48713" machi="63" ten="30,2000,0" yaku="18,1,54,1" doraHai="131" who="0" fromWho="2" sc="313,20,255,0,161,-20,271,0" /><INIT seed="6,0,0,1,3,53" ten="333,255,141,271" oya="2" hai0="13,29,98,111,45,120,104,4,11,35,25,14,34" hai1="74,22,80,18,32,102,42,49,43,40,105,6,12" hai2="46,126,125,48,109,94,79,100,61,93,121,39,26" hai3="33,72,135,84,99,67,47,101,70,2,124,71,10"/><V9/><F121/><W3/><G124/><N who="2" m="47721" /><F79/><W134/><G33/><T30/><D111/><U51/><E32/><N who="0" m="12329" /><D45/><U132/><E132/><N who="3" m="50730" /><G72/><T23/><D98/><U17/><E6/><V81/><F26/><W127/><G127/><T108/><D104/><U106/><E106/><V88/><F39/><W55/><G84/><T117/><D108/><U27/><E105/><V115/><F115/><W91/><G91/><T52/><D52/><U118/><E102/><V37/><F37/><W20/><G20/><N who="0" m="15527" /><D120/><U66/><E66/><V36/><F9/><W15/><G47/><T56/><D56/><U107/><E107/><V63/><F109/><W131/><G55/><T112/><D112/><U73/><E73/><V122/><F122/><W28/><G28/><T86/><D86/><U82/><E118/><V96/><F36/><W31/><G31/><T7/><D117/><U19/><E74/><V5/><F5/><N who="0" m="2122" /><D11/><U58/><E58/><V0/><F0/><N who="3" m="43" /><G67/><T38/><D38/><U123/><E123/><V83/><F83/><W54/><G54/><T16/><D30/><N who="1" m="17783" /><E82/><V128/><F81/><W75/><G75/><T110/><D110/><U65/><E65/><V76/><F76/><W130/><G99/><T116/><D116/><U85/><E80/><V97/><F128/><N who="3" m="49195" /><G101/><T44/><D44/><U113/><E113/><V57/><F57/><W89/><G89/><T59/><D59/><U41/><E85/><V77/><F77/><W1/><N who="3" m="51" /><W114/><DORA hai="24" /><G114/><T64/><D64/><U8/><E43/><AGARI ba="0,0" hai="43,46,48,61,63,88,93,94,96,97,100" m="47721" machi="43" ten="30,2900,0" yaku="18,1,54,1" doraHai="53,24" who="2" fromWho="1" sc="333,0,255,-29,141,29,271,0" /><INIT seed="6,1,0,5,1,112" ten="333,226,170,271" oya="2" hai0="38,19,57,66,71,20,54,42,43,30,31,88,128" hai1="22,103,99,18,106,86,33,101,29,2,126,56,1" hai2="116,83,17,77,16,14,87,135,133,134,11,37,13" hai3="98,36,100,5,107,130,69,0,46,53,108,120,63"/><V104/><F37/><W92/><G108/><T95/><D128/><U44/><E126/><V58/><F104/><W110/><G110/><T55/><D71/><U15/><E103/><V72/><F58/><W79/><G120/><T74/><D66/><U9/><E44/><V109/><F109/><W125/><G125/><T40/><D74/><U73/><E73/><V75/><REACH who="2" step="1"/><F116/><REACH who="2" ten="333,226,160,271" step="2"/><W123/><G107/><T41/><D38/><U49/><E56/><V6/><F6/><W64/><G5/><T80/><D57/><U82/><E49/><V89/><F89/><W3/><G36/><T94/><D88/><U51/><E51/><V122/><F122/><W25/><G123/><T26/><D43/><U117/><E117/><V70/><F70/><W28/><G79/><T97/><D42/><U59/><E59/><V61/><F61/><W62/><G63/><T52/><D41/><U48/><E48/><V34/><F34/><W67/><G69/><T96/><D40/><U132/><E33/><V131/><F131/><W35/><G130/><T114/><D114/><U111/><E111/><V85/><F85/><W45/><G62/><T76/><D76/><U105/><E105/><V39/><F39/><W12/><G35/><T84/><D84/><U118/><E118/><V90/><F90/><W50/><G50/><T10/><D55/><U129/><E129/><V68/><F68/><W119/><G53/><T65/><D52/><U78/><E132/><V23/><AGARI ba="1,1" hai="11,13,14,16,17,23,72,75,77,83,87,133,134,135" machi="23" ten="30,12000,1" yaku="1,1,0,1,20,1,54,1,53,1" doraHai="112" doraHaiUra="7" who="2" fromWho="2" sc="333,-41,226,-41,160,133,271,-41" /><INIT seed="6,2,0,5,1,35" ten="292,185,293,230" oya="2" hai0="113,16,134,11,125,52,122,103,95,44,119,58,82" hai1="50,107,57,97,77,13,73,34,81,85,106,56,46" hai2="100,111,74,48,1,98,67,80,130,104,25,70,22" hai3="127,32,3,123,75,38,109,24,59,69,45,10,66"/><V84/><F1/><W20/><G109/><T116/><D122/><U72/><E34/><V64/><F111/><W124/><G123/><T6/><D113/><U126/><E126/><N who="3" m="48170" /><G75/><T2/><D125/><U99/><E73/><V79/><F130/><W129/><G129/><T63/><D134/><U19/><E72/><V118/><F118/><N who="0" m="45098" /><D82/><U131/><E131/><V31/><F70/><W9/><G32/><T86/><D44/><U54/><E107/><V132/><F132/><W115/><G69/><T87/><D16/><U92/><E106/><V121/><F121/><W71/><G71/><T21/><D21/><U102/><REACH who="1" step="1"/><E99/><AGARI ba="2,0" hai="2,6,11,52,58,63,86,87,95,99,103" m="45098" machi="99" ten="30,3900,0" yaku="12,1,52,1,54,1" doraHai="35" who="0" fromWho="1" sc="292,45,185,-45,293,0,230,0" /><INIT seed="7,0,0,2,1,92" ten="337,140,293,230" oya="3" hai0="112,58,36,59,67,22,104,84,98,10,18,50,39" hai1="27,116,46,5,28,111,106,82,94,0,95,16,83" hai2="119,17,63,103,69,25,11,47,51,115,110,60,89" hai3="85,64,126,80,77,71,38,23,81,41,87,96,62"/><W114/><G114/><T37/><D112/><U76/><E111/><V43/><F110/><W135/><G135/><T9/><D84/><U124/><E106/><V6/><F119/><W55/><G126/><T57/><D50/><U68/><E68/><V125/><F125/><W33/><G33/><T56/><D104/><U35/><E124/><V53/><F69/><W75/><G23/><T70/><D98/><U109/><E109/><V24/><F103/><W42/><G38/><T72/><D72/><U61/><E116/><V97/><F115/><W100/><G55/><T74/><D74/><U19/><E61/><V128/><F128/><W134/><G75/><T12/><D70/><U105/><E105/><V7/><F25/><W49/><G49/><T13/><D13/><U86/><E82/><V129/><F129/><W122/><G122/><T91/><D91/><U52/><E5/><V34/><F34/><W8/><G8/><T79/><D79/><U123/><E0/><V40/><F11/><W127/><G127/><T121/><D121/><U3/><E3/><V65/><F6/><W131/><G131/><T107/><D107/><U101/><E123/><V120/><F7/><W54/><G62/><T1/><D1/><U32/><E32/><V108/><F63/><W113/><G71/><T133/><D133/><U66/><E66/><V2/><F2/><W78/><G64/><T21/><D21/><U118/><E118/><V48/><F65/><W45/><G113/><T99/><D67/><U14/><E19/><V29/><F120/><W88/><G134/><T130/><D130/><RYUUKYOKU ba="0,0" sc="337,0,140,0,293,0,230,0" owari="337,43.7,140,-36.0,293,9.3,230,-17.0" /></mjloggm>