<mjloggm ver="2.3"><GO type="169" lobby="0"/><UN n0="%E7%8A%AC%E5%B1%B1" n1="%E9%95%B7%E5%B2%A1" n2="%E3%81%8B%E3%81%A5%E3%81%8D%EF%BC%B8%EF%BC%A9" n3="%E6%9D%BE%E5%8E%9F%E4%B8%8D%E7%8B%97" dan="16,16,18,16" rate="2077.51,2085.06,2181.83,2082.94" sx="M,M,M,M"/><TAIKYOKU oya="0"/><INIT seed="0,0,0,0,2,124" ten="250,250,250,250" oya="0" hai0="14,107,121,57,23,102,22,111,126,28,54,39,58" hai1="112,74,30,63,104,33,43,93,25,17,12,119,133" hai2="99,45,76,4,65,11,109,15,123,116,27,79,38" hai3="84,3,7,135,81,85,36,100,50,105,128,34,82"/><T80/><D121/><U46/><E104/><V53/><F109/><W51/><G36/><T24/><D126/><U114/><E74/><V125/><F123/><W19/><G34/><T59/><D39/><U120/><E120/><V21/><F125/><W134/><G3/><T88/><D102/><U117/><E63/><V108/><F108/><W91/><G7/><T35/><D107/><U106/><E106/><V130/><F65/><W101/><G105/><T64/><D111/><U10/><E93/><V70/><F70/><W72/><G19/><N who="0" m="10615" /><D35/><U55/><E55/><V1/><F1/><W131/><G91/><T97/><D64/><U40/><E40/><V90/><F116/><W83/><G83/><T47/><D47/><U94/><E94/><V68/><F68/><W67/><G67/><T62/><D97/><U113/><REACH who="1" step="1"/><E133/><REACH who="1" ten="250,240,250,250" step="2"/><V96/><F96/><W87/><G87/><AGARI ba="0,1" hai="23,24,28,54,57,58,59,62,80,87,88" m="10615" machi="87" ten="30,2900,0" yaku="8,1,54,1" doraHai="124" who="0" fromWho="3" sc="250,39,240,0,250,0,250,-29" /><INIT seed="0,1,0,5,3,45" ten="289,240,250,221" oya="0" hai0="113,128,93,88,68,131,67,7,117,76,72,80,110" hai1="98,85,125,127,115,36,17,33,54,10,55,126,82" hai2="13,56,27,53,65,5,0,4,59,79,75,64,29" hai3="14,23,81,133,120,102,135,22,57,31,134,51,95"/><T86/><D7/><U96/><E36/><V100/><F0/><W3/><G3/><T92/><D67/><U46/><E33/><V105/><F59/><W20/><G120/><T9/><D9/><U83/><E115/><V60/><F75/><W62/><G81/><N who="1" m="30730" /><E85/><V19/><F79/><W15/><G31/><T104/><D68/><U71/><E71/><V132/><F132/><W12/><G62/><T106/><D113/><U2/><E17/><V69/><F65/><W121/><G121/><T94/><D117/><U35/><E35/><V1/><F1/><W47/><G57/><T77/><D110/><U28/><E28/><V42/><F42/><W74/><G74/><T49/><D49/><N who="1" m="28983" /><E55/><V114/><F114/><W41/><G95/><N who="0" m="54679" /><D76/><U119/><E119/><V109/><F109/><W50/><REACH who="3" step="1"/><G102/><REACH who="3" ten="289,240,250,211" step="2"/><T84/><D72/><U129/><E129/><AGARI ba="1,1" hai="77,80,84,92,93,94,104,106,128,129,131" m="54679" machi="129" ten="30,11600,0" yaku="19,1,34,2,54,1" doraHai="45" who="0" fromWho="1" sc="289,129,240,-119,250,0,211,0" /><INIT seed="0,2,0,2,3,72" ten="418,121,250,211" oya="0" hai0="132,42,75,101,33,41,90,86,44,123,102,88,98" hai1="91,104,84,111,83,62,120,3,24,133,48,73,107" hai2="118,124,8,127,64,38,60,95,18,119,85,6,81" hai3="67,117,114,65,130,68,125,16,4,14,93,43,96"/><T23/><D123/><U71/><E120/><V20/><F38/><W36/><G114/><T30/><D75/><U28/><E111/><V89/><F95/><W17/><G117/><N who="2" m="44553" /><F18/><W46/><G130/><T32/><D132/><U45/><E3/><N who="2" m="95" /><F20/><W134/><G125/><T77/><D33/><U55/><E133/><V70/><AGARI ba="2,0" hai="60,64,70,81,85,89,124,127" m="95,44553" machi="70" ten="30,1100,0" yaku="12,1" doraHai="72" who="2" fromWho="2" sc="418,-7,121,-5,250,17,211,-5" /><INIT seed="1,0,0,2,2,123" ten="411,116,267,206" oya="1" hai0="106,53,29,56,88,81,101,3,122,25,109,4,61" hai1="36,134,42,22,41,95,107,17,43,44,62,13,39" hai2="12,1,110,15,82,50,129,135,80,85,18,119,20" hai3="58,34,16,105,54,70,131,104,102,69,46,92,63"/><U76/><E134/><V83/><F119/><W99/><G34/><T72/><D122/><U45/><E107/><V113/><F129/><W40/><G131/><T19/><D4/><U112/><E112/><V79/><F1/><W21/><G104/><T66/><D3/><U116/><E116/><V57/><F135/><W37/><REACH who="3" step="1"/><G105/><REACH who="3" ten="411,116,267,196" step="2"/><T74/><D106/><U28/><E76/><V68/><F113/><W125/><G125/><T59/><D74/><U33/><E95/><V30/><F83/><W121/><G121/><T89/><D72/><U51/><E62/><V77/><F82/><W124/><G124/><T27/><D81/><U24/><REACH who="1" step="1"/><E51/><REACH who="1" ten="411,106,267,196" step="2"/><V132/><F50/><W94/><G94/><T111/><D61/><U65/><E65/><V78/><F79/><W32/><G32/><T87/><D66/><U71/><E71/><V9/><F68/><W2/><G2/><T75/><D75/><U133/><E133/><V103/><F132/><W96/><G96/><T64/><D64/><U100/><E100/><V98/><F78/><W130/><G130/><T5/><D101/><U60/><E60/><V108/><F98/><W118/><G118/><T38/><D89/><U86/><E86/><V11/><F103/><W67/><G67/><T128/><D88/><U8/><E8/><V97/><F97/><W73/><G73/><T91/><D87/><U6/><E6/><N who="2" m="3127" /><F11/><W126/><G126/><T49/><D91/><U84/><E84/><V35/><F85/><W0/><G0/><T26/><D5/><U47/><AGARI ba="0,2" hai="13,17,22,24,28,33,36,39,41,42,43,44,45,47" machi="47" ten="30,3000,0" yaku="1,1,0,1,53,0" doraHai="123" doraHaiUra="117" who="1" fromWho="1" sc="411,-10,106,50,267,-10,196,-10" /><INIT seed="1,1,0,0,3,73" ten="401,156,257,186" oya="1" hai0="67,72,37,20,85,83,47,24,19,1,76,114,126" hai1="56,60,34,79,88,65,62,50,0,22,124,71,122" hai2="106,44,131,93,68,108,2,101,43,17,112,23,121" hai3="8,74,99,35,95,51,54,29,90,11,86,96,116"/><U53/><E34/><V27/><F108/><W70/><G74/><T133/><D114/><U91/><E122/><V105/><F2/><W119/><G70/><T64/><D1/><U9/><E124/><V61/><F121/><W107/><G29/><T3/><D3/><U132/><E132/><V120/><F131/><W123/><G35/><T41/><D126/><U110/><E110/><V48/><F112/><W55/><G123/><T104/><D133/><U14/><E0/><V13/><F120/><W113/><G113/><T59/><D104/><U115/><E115/><V75/><F75/><W10/><G55/><T77/><D72/><U4/><E79/><V81/><F81/><W128/><G128/><T30/><D76/><U129/><E129/><V25/><F105/><W45/><REACH who="3" step="1"/><G107/><REACH who="3" ten="401,156,257,176" step="2"/><T80/><D67/><U12/><REACH who="1" step="1"/><E60/><REACH who="1" ten="401,146,257,176" step="2"/><V102/><F61/><W69/><G69/><T103/><D64/><U21/><E21/><V28/><F68/><W18/><G18/><AGARI ba="1,2" hai="4,9,12,14,18,22,50,53,56,62,65,71,88,91" machi="18" ten="40,3900,0" yaku="1,1,54,1,53,0" doraHai="73" doraHaiUra="33" who="1" fromWho="3" sc="401,0,146,62,257,0,176,-42" /><INIT seed="1,2,0,0,0,25" ten="401,208,257,134" oya="1" hai0="102,74,128,36,41,109,23,28,15,91,2,93,61" hai1="26,129,126,44,114,0,66,67,115,110,120,86,124" hai2="22,33,1,135,47,4,5,99,111,82,70,96,42" hai3="80,94,108,122,8,49,3,95,104,121,34,75,72"/><U132/><E0/><V43/><F111/><W71/><G71/><T38/><D2/><U10/><E10/><V60/><F135/><W65/><G65/><N who="1" m="24586" /><E86/><V112/><F33/><W12/><G3/><T27/><D74/><U117/><E26/><V127/><F70/><W78/><G75/><T92/><D109/><U89/><E89/><V79/><F60/><W76/><G76/><T56/><D128/><U14/><E14/><V118/><F82/><W106/><G34/><T19/><D41/><U116/><E110/><V90/><F79/><W100/><G108/><T13/><D102/><U101/><E101/><V24/><F90/><W6/><G95/><T62/><D93/><U16/><E16/><V58/><F5/><W17/><G17/><T35/><D15/><U55/><E132/><V87/><F4/><W98/><G104/><T11/><D35/><U40/><E55/><V69/><F1/><W133/><G133/><T31/><D91/><U83/><E83/><V45/><F24/><W73/><G73/><T85/><D85/><U54/><E54/><V7/><F87/><W9/><G9/><T30/><D92/><U103/><E103/><V18/><F18/><W119/><G106/><T46/><D11/><U21/><E21/><V48/><F22/><W81/><G81/><T52/><D13/><U64/><N who="1" m="24594" /><U134/><DORA hai="57" /><E134/><V107/><F7/><W51/><G6/><T37/><D62/><U125/><E129/><V39/><F107/><W53/><G12/><T123/><D19/><U131/><E131/><V84/><F84/><W63/><G72/><RYUUKYOKU ba="2,0" sc="401,0,208,0,257,0,134,0" /><INIT seed="2,3,0,5,3,41" ten="401,208,257,134" oya="2" hai0="59,42,92,48,57,16,20,115,47,72,109,0,131" hai1="32,31,110,130,2,88,117,79,14,100,21,122,133" hai2="113,61,103,101,9,70,33,69,24,39,135,123,118" hai3="11,112,84,25,74,99,3,53,77,55,23,129,76"/><V86/><F113/><W12/><G74/><T120/><D72/><U13/><E79/><V56/><F123/><W45/><G112/><T66/><D120/><U127/><E100/><V63/><F135/><W89/><G3/><T29/><D115/><U18/><E88/><V60/><F118/><W51/><G99/><T85/><D0/><U5/><E122/><V132/><F132/><W97/><G97/><T108/><D131/><U96/><E96/><V49/><F39/><W106/><G106/><T91/><D29/><U8/><E133/><V67/><F9/><W50/><G129/><T121/><D121/><U104/><E104/><V83/><F33/><W28/><G84/><T38/><D38/><U126/><E130/><V19/><F69/><W46/><G89/><T82/><D82/><U125/><E110/><N who="0" m="42601" /><D66/><U93/><E93/><V98/><F67/><W58/><G58/><T10/><D10/><U111/><E111/><V52/><F70/><W105/><G105/><T37/><D37/><U7/><E7/><AGARI ba="3,0" hai="7,11,12,23,25,28,45,46,50,51,53,55,76,77" machi="7" ten="30,8000,1" yaku="7,1,9,1,8,1,52,2" doraHai="41" who="3" fromWho="1" sc="401,0,208,-89,257,0,134,89" /><INIT seed="3,0,0,1,1,105" ten="401,119,257,223" oya="3" hai0="54,106,42,120,29,93,135,92,121,63,89,7,69" hai1="15,80,26,57,6,14,49,34,79,40,5,51,78" hai2="39,99,86,95,82,55,131,115,52,19,32,23,124" hai3="46,85,8,109,45,66,102,84,70,117,73,20,41"/><W1/><G117/><T132/><D106/><U125/><E125/><V97/><F115/><W67/><G102/><T35/><D42/><U71/><E71/><V126/><F32/><W83/><G45/><T112/><D112/><U130/><E130/><V118/><F39/><W61/><G66/><T31/><D7/><U10/><E57/><V122/><F122/><W77/><G20/><T12/><D12/><U65/><E65/><V133/><F133/><N who="0" m="51274" /><D93/><U96/><E96/><V101/><F99/><W21/><G21/><T72/><D72/><U37/><E37/><V107/><F107/><W91/><G91/><T110/><D110/><U11/><E40/><V98/><F97/><W88/><G109/><T128/><D128/><U60/><E60/><V17/><F131/><W116/><G116/><T4/><D4/><U58/><E58/><V119/><F119/><W104/><G104/><T30/><D35/><U44/><E80/><V64/><F118/><W47/><G41/><T16/><D69/><U13/><E15/><V38/><F124/><W94/><REACH who="3" step="1"/><G84/><REACH who="3" ten="401,119,257,213" step="2"/><T75/><D121/><U90/><E90/><V9/><F126/><W0/><G0/><T81/><D89/><U56/><E44/><V22/><F86/><W48/><G48/><T108/><D108/><U87/><E87/><V76/><F101/><W59/><G59/><T27/><D120/><U129/><E129/><V68/><F68/><W100/><G100/><T123/><D123/><U3/><E3/><V24/><F38/><W43/><G43/><T50/><D50/><N who="1" m="18955" /><E56/><V134/><F134/><W33/><G33/><RYUUKYOKU ba="0,1" sc="401,-15,119,15,257,-15,213,15" hai1="5,6,10,11,13,14,26,34,78,79" hai3="1,8,46,47,61,67,70,73,77,83,85,88,94" /><INIT seed="3,1,1,3,5,128" ten="386,134,242,228" oya="3" hai0="117,54,124,89,121,65,62,127,77,84,68,107,39" hai1="116,112,51,71,130,61,118,134,6,9,56,122,44" hai2="104,63,60,8,31,12,13,135,18,16,96,106,87" hai3="86,73,38,55,59,28,109,37,34,22,92,52,42"/><W101/><G73/><T129/><D107/><U74/><E122/><V133/><F87/><W119/><G34/><T88/><D129/><U83/><E130/><V58/><F31/><W45/><G119/><T113/><D117/><N who="1" m="45163" /><E71/><V43/><F43/><W15/><G38/><T1/><D39/><U70/><E70/><V19/><F96/><W95/><G109/><T126/><D121/><U120/><E120/><V75/><F75/><W57/><G101/><T67/><D1/><N who="1" m="207" /><E112/><V64/><F63/><W72/><G72/><T11/><D11/><U108/><E108/><V33/><F33/><W21/><G28/><T23/><D113/><U50/><E44/><V20/><REACH who="2" step="1"/><F19/><REACH who="2" ten="386,134,232,228" step="2"/><W0/><G86/><T41/><D41/><U36/><E74/><V69/><F69/><W125/><G42/><T32/><D32/><U114/><E114/><V93/><F93/><W100/><G92/><T3/><D68/><U40/><E83/><V66/><F66/><W102/><G95/><T110/><D67/><U14/><E40/><V132/><AGARI ba="1,2" hai="8,12,13,16,18,20,58,60,64,104,106,132,133,135" machi="132" ten="30,12000,2" yaku="1,1,0,1,20,1,52,3,54,1,53,0" doraHai="128" doraHaiUra="2" who="2" fromWho="2" sc="386,-31,134,-31,232,143,228,-61" /><INIT seed="4,0,0,0,5,55" ten="355,103,375,167" oya="0" hai0="74,58,129,24,113,49,124,5,57,94,2,86,62" hai1="77,10,33,128,9,43,60,95,114,50,34,103,92" hai2="102,84,76,0,1,30,15,79,11,14,12,91,42" hai3="20,13,23,110,90,71,28,115,35,68,88,39,16"/><T119/><D74/><U56/><E128/><V127/><F127/><W106/><G110/><T81/><D119/><U46/><E114/><V52/><F42/><W48/><G39/><T111/><D129/><U19/><E77/><V21/><F102/><W40/><G106/><T82/><D124/><U26/><E34/><V97/><F97/><W105/><G105/><T112/><D111/><U101/><E33/><V45/><F1/><W108/><G35/><T27/><D5/><U4/><E4/><V133/><F133/><W61/><G108/><T51/><D2/><U87/><E103/><V63/><F0/><W75/><G75/><T117/><D62/><U131/><E131/><V25/><F11/><N who="1" m="4105" /><E101/><V38/><F38/><W7/><G7/><T73/><D73/><U65/><E87/><V135/><F135/><W22/><G68/><T93/><D117/><U29/><E29/><V67/><F67/><W6/><G6/><T89/><D86/><U18/><E26/><V8/><F8/><W130/><G130/><T69/><D69/><U37/><E37/><V80/><F45/><N who="3" m="25639" /><G28/><T120/><REACH who="0" step="1"/><D89/><REACH who="0" ten="345,103,375,167" step="2"/><U121/><E121/><AGARI ba="0,1" hai="24,27,49,51,57,58,81,82,93,94,112,113,120,121" machi="121" ten="25,24000,3" yaku="1,1,2,1,22,2,52,2,53,2" doraHai="55" doraHaiUra="44" who="0" fromWho="1" sc="345,250,103,-240,375,0,167,0" owari="595,69.5,-137,-63.7,375,17.5,167,-23.3" /></mjloggm>