<mjloggm ver="2.3"><GO type="169" lobby="0"/><UN n0="%6D%75%72%61%30%2B" n1="%E8%BE%9B%E5%8F%A3%E3%82%AB%E3%83%AC%E3%83%BC%E3%83%A9%E3%82%A4%E3%82%B9" n2="%E4%BF%BA%E3%81%A7%E3%81%99" n3="%E3%81%86%E3%81%A1%E3%83%BC" dan="16,16,16,16" rate="2124.31,2128.37,2096.34,2133.27" sx="M,M,M,M"/><TAIKYOKU oya="0"/><INIT seed="0,0,0,4,2,126" ten="250,250,250,250" oya="0" hai0="132,50,3,71,77,72,60,19,62,49,57,52,51" hai1="25,47,6,128,59,12,15,90,102,13,129,8,74" hai2="118,33,24,94,89,1,83,85,76,97,124,121,45" hai3="117,41,10,88,131,73,68,105,65,116,78,56,5"/><T43/><D3/><U36/><E74/><V119/><F1/><W58/><G68/><T91/><D132/><U69/><E69/><V70/><F70/><W106/><G41/><T31/><D31/><U134/><E102/><V38/><F121/><W104/><G131/><N who="1" m="50250" /><E134/><V37/><F45/><W26/><G26/><T127/><D127/><U135/><E135/><V9/><F9/><W133/><G78/><T55/><D77/><U111/><E111/><V44/><F44/><W103/><G58/><T75/><D43/><N who="1" m="23015" /><E90/><V2/><F124/><W20/><G103/><T120/><D120/><U79/><E79/><V42/><F42/><W61/><G73/><T4/><D91/><U82/><E82/><V115/><F76/><W23/><G133/><T99/><D75/><U110/><E110/><V46/><F38/><W81/><G116/><T54/><D72/><U53/><E25/><V67/><F83/><W18/><G117/><T34/><D71/><U63/><AGARI ba="0,0" hai="6,8,12,13,15,53,59,63" m="23015,50250" machi="63" ten="30,7900,0" yaku="19,1,52,3" doraHai="126" who="1" fromWho="1" sc="250,-39,250,79,250,-20,250,-20" /><INIT seed="1,0,0,1,1,87" ten="211,329,230,230" oya="1" hai0="58,110,93,107,53,0,128,127,64,96,80,123,61" hai1="105,57,21,40,112,106,15,56,62,10,59,91,35" hai2="68,16,41,1,52,18,109,92,43,135,89,8,63" hai3="130,71,51,67,117,74,82,114,34,78,95,99,134"/><U126/><E112/><V37/><F109/><W36/><G36/><T101/><D127/><U23/><E35/><V29/><F135/><W79/><G114/><T9/><D128/><U116/><E116/><V4/><F29/><W125/><G34/><T2/><D110/><U45/><E126/><V115/><F115/><W111/><G67/><T47/><D123/><U97/><E62/><V73/><F73/><W12/><G71/><T13/><D80/><U129/><E129/><V94/><F94/><W75/><G125/><T20/><D20/><U84/><E97/><V24/><F24/><W6/><G111/><T3/><D107/><U7/><E105/><V27/><F27/><W81/><G134/><T54/><REACH who="0" step="1"/><D47/><REACH who="0" ten="201,329,230,230" step="2"/><U60/><E106/><V33/><F33/><W5/><G130/><T46/><D46/><U100/><E60/><V76/><F76/><W17/><G117/><T121/><D121/><U133/><E133/><V31/><F63/><W77/><G79/><T11/><D11/><U69/><E23/><V83/><F8/><W104/><G104/><T85/><D85/><U66/><E21/><V48/><F83/><W19/><G75/><T14/><D14/><U124/><E15/><V98/><F92/><W55/><G12/><T38/><D38/><U108/><E10/><V90/><F37/><W132/><G132/><T32/><D32/><U103/><E45/><V72/><F72/><W102/><G81/><T131/><D131/><U88/><E124/><V119/><F119/><W65/><G77/><T39/><D39/><U120/><E108/><V25/><F1/><RYUUKYOKU ba="0,1" sc="201,30,329,-10,230,-10,230,-10" hai0="0,2,3,9,13,53,54,58,61,64,93,96,101" /><INIT seed="2,1,1,5,1,63" ten="231,319,220,220" oya="2" hai0="28,57,109,48,46,41,101,62,105,35,70,131,99" hai1="79,32,45,19,44,88,54,82,76,94,120,9,90" hai2="96,72,3,89,129,29,12,34,126,4,116,71,119" hai3="20,38,5,110,1,68,93,26,130,102,135,65,47"/><V121/><F121/><W37/><G110/><T83/><D131/><U100/><E120/><V31/><F72/><W52/><G130/><T22/><D109/><U18/><E32/><V87/><F129/><W17/><G135/><T55/><D83/><U13/><E100/><V40/><F3/><W8/><G102/><T117/><D117/><U11/><E82/><V91/><F40/><W84/><G68/><T6/><D6/><U50/><E45/><V0/><F0/><W25/><G25/><T23/><D35/><U95/><E9/><N who="2" m="4135" /><F71/><W115/><G115/><T107/><D28/><U59/><E19/><V14/><F34/><W64/><G38/><N who="0" m="21815" /><D107/><U69/><E69/><V27/><F119/><W77/><G77/><T132/><D132/><U39/><E39/><V85/><F116/><W123/><G123/><T2/><D2/><U122/><E122/><V21/><F31/><W124/><G124/><T127/><D127/><U53/><E94/><N who="2" m="56399" /><F126/><W49/><REACH who="3" step="1"/><G37/><REACH who="3" ten="231,319,220,210" step="2"/><T108/><D108/><U125/><E125/><V111/><F111/><W15/><G15/><T118/><D118/><U78/><REACH who="1" step="1"/><E95/><REACH who="1" ten="231,309,220,210" step="2"/><V80/><F91/><AGARI ba="1,3" hai="1,5,8,17,20,26,47,49,52,64,65,84,91,93" machi="91" ten="40,8000,1" yaku="1,1,52,2,54,1,53,1" doraHai="63" doraHaiUra="86" who="3" fromWho="2" sc="231,0,309,0,220,-83,210,113" /><INIT seed="3,0,0,2,2,39" ten="231,309,137,323" oya="3" hai0="84,83,45,128,6,120,22,65,13,72,55,127,123" hai1="87,0,21,132,122,47,99,70,75,110,31,7,126" hai2="5,98,129,63,111,17,121,79,97,59,73,108,8" hai3="117,12,78,60,101,29,49,46,133,94,86,130,40"/><W109/><G117/><T81/><D127/><U27/><E87/><V91/><F121/><W2/><G2/><T118/><D118/><U93/><E122/><V67/><F129/><W105/><G105/><T50/><D128/><U103/><E75/><V37/><F37/><W116/><G130/><T66/><D72/><U71/><E126/><V36/><F36/><W10/><G116/><T51/><D123/><U38/><E110/><N who="2" m="42027" /><F17/><W64/><G109/><T90/><D120/><U23/><E23/><V104/><F91/><W125/><G133/><T96/><D96/><U92/><E92/><V74/><F79/><W107/><G107/><T32/><D32/><U20/><E20/><V3/><F97/><N who="3" m="59575" /><G29/><T1/><D1/><U14/><E0/><V57/><F59/><N who="3" m="36895" /><G125/><T43/><D83/><U35/><E132/><V114/><F114/><W88/><G78/><T4/><D4/><U135/><E135/><V95/><F104/><W41/><G10/><N who="0" m="4311" /><D22/><U62/><E62/><V11/><F8/><W54/><G12/><T18/><D18/><U48/><E38/><V106/><F106/><W102/><G102/><T82/><D82/><AGARI ba="0,0" hai="40,41,46,49,54,82,86,88" m="36895,59575" machi="82" ten="30,11600,0" yaku="8,1,52,2,54,1" doraHai="39" who="3" fromWho="0" sc="231,-116,309,0,137,0,323,116" /><INIT seed="3,1,0,2,3,5" ten="115,309,137,439" oya="3" hai0="119,127,21,3,50,46,15,109,97,77,90,74,69" hai1="102,108,23,2,76,9,83,101,48,85,110,17,45" hai2="52,68,38,121,70,115,1,104,43,44,63,72,37" hai3="61,54,134,27,22,33,13,26,29,41,75,39,16"/><W135/><G75/><T88/><D119/><U129/><E129/><V11/><F104/><W120/><G120/><T8/><D127/><U124/><E124/><V125/><F125/><W131/><G131/><T112/><D109/><N who="1" m="42091" /><E2/><V99/><F115/><W132/><G41/><T24/><D3/><U67/><E67/><V100/><F121/><W107/><G107/><T25/><D69/><U12/><E23/><V64/><F72/><W18/><G39/><T89/><D97/><U36/><E36/><V4/><F70/><W123/><G123/><T53/><D112/><U59/><E59/><V105/><REACH who="2" step="1"/><F38/><REACH who="2" ten="115,309,127,439" step="2"/><W57/><REACH who="3" step="1"/><G134/><REACH who="3" ten="115,309,127,429" step="2"/><T28/><D74/><U47/><E47/><V31/><F31/><W82/><G82/><T116/><D116/><U73/><E73/><V19/><F19/><W71/><G71/><T106/><D106/><U80/><E83/><V91/><F91/><W133/><G133/><T118/><D118/><U86/><E80/><V94/><F94/><W103/><G103/><T56/><D77/><U51/><E101/><V98/><F98/><W58/><G58/><T7/><D90/><U55/><E76/><V32/><F32/><W93/><G93/><T20/><D56/><N who="1" m="32871" /><E102/><V0/><F0/><W30/><G30/><AGARI ba="1,2" hai="7,8,15,20,21,24,25,28,30,46,50,53,88,89" machi="30" ten="30,8000,1" yaku="7,1,9,1,8,1,52,1,54,1" doraHai="5" who="0" fromWho="3" sc="115,103,309,0,127,0,429,-83" /><INIT seed="4,0,0,0,1,84" ten="218,309,127,346" oya="0" hai0="44,2,113,52,134,114,30,97,49,48,118,11,36" hai1="38,5,55,65,13,77,19,16,28,95,121,130,9" hai2="115,72,41,59,29,62,0,7,103,87,116,42,126" hai3="83,47,133,67,93,21,120,76,104,89,20,85,37"/><T98/><D118/><U90/><E121/><V128/><F72/><W32/><G32/><T53/><D36/><U88/><E38/><V33/><F115/><N who="0" m="44042" /><D30/><U56/><E130/><V50/><F103/><W54/><G133/><T25/><D25/><U39/><E39/><V108/><F108/><W124/><G124/><T18/><D134/><U51/><E77/><V122/><F122/><W15/><G104/><T82/><D82/><U46/><E28/><V70/><F29/><W109/><G109/><T102/><D102/><U125/><E125/><V129/><F33/><W106/><G106/><T80/><D80/><U10/><E95/><V71/><F126/><W101/><G101/><T94/><D94/><U73/><E73/><V26/><F26/><W86/><G67/><T63/><D63/><N who="1" m="38119" /><E10/><V75/><F75/><W24/><G37/><T105/><D105/><U135/><E135/><V12/><F116/><W110/><G110/><T79/><D79/><U123/><E123/><V6/><F128/><W1/><G120/><T69/><D69/><U127/><E127/><V4/><F129/><W3/><G24/><T34/><D34/><U58/><E58/><V35/><F35/><W92/><G92/><T100/><D100/><U112/><E112/><V27/><F71/><W23/><G93/><T64/><D64/><U43/><E55/><V81/><F70/><W132/><G132/><T45/><D2/><U61/><E61/><V40/><F0/><W91/><G1/><T68/><D68/><U74/><E74/><V99/><F62/><W111/><G3/><T107/><D107/><RYUUKYOKU ba="0,0" sc="218,15,309,15,127,-15,346,-15" hai0="11,18,44,45,48,49,52,53,97,98" hai1="5,9,13,16,19,43,46,51,88,90" /><INIT seed="4,1,0,0,5,86" ten="233,324,112,331" oya="0" hai0="47,63,98,14,16,79,59,32,21,104,97,33,30" hai1="61,91,38,26,94,100,127,13,58,118,9,123,62" hai2="102,106,56,74,34,12,40,10,113,25,29,73,17" hai3="22,69,24,93,7,36,135,114,126,37,57,112,65"/><T6/><D6/><U119/><E123/><V130/><F113/><N who="3" m="43627" /><G69/><T128/><D128/><U72/><E38/><V89/><F130/><W3/><G126/><T44/><D79/><U117/><E127/><V11/><F40/><W66/><G135/><T84/><D33/><U41/><E41/><V45/><F45/><W131/><G131/><T43/><D47/><U96/><E72/><V110/><F110/><W46/><G66/><T120/><D120/><U134/><E134/><V31/><F31/><W122/><G46/><T103/><D84/><U55/><E26/><V50/><F10/><N who="3" m="2431" /><G93/><T67/><D98/><U68/><E68/><V108/><F108/><W116/><G116/><T5/><D5/><U121/><E121/><V48/><F56/><W1/><G1/><T83/><D83/><U81/><E81/><V0/><F0/><W2/><G2/><T28/><REACH who="0" step="1"/><D32/><REACH who="0" ten="223,324,112,331" step="2"/><U76/><E76/><V107/><F34/><W49/><G122/><T52/><D52/><U87/><E117/><V90/><F74/><W132/><G132/><T51/><AGARI ba="1,1" hai="14,16,21,28,30,43,44,51,59,63,67,97,103,104" machi="51" ten="20,7800,0" yaku="1,1,0,1,7,1,54,1,53,0" doraHai="86" doraHaiUra="77" who="0" fromWho="0" sc="223,91,324,-27,112,-27,331,-27" /><INIT seed="4,2,0,0,0,45" ten="314,297,85,304" oya="0" hai0="74,79,96,73,101,0,102,58,64,70,71,116,55" hai1="43,65,122,14,11,36,48,92,37,66,113,30,87" hai2="2,115,29,21,26,129,98,24,120,106,128,32,117" hai3="107,125,18,56,5,90,31,77,105,118,13,126,108"/><T123/><D116/><U110/><E110/><V89/><F120/><W72/><G108/><T88/><D0/><U19/><E122/><V53/><F117/><W52/><G118/><T46/><D46/><U17/><E30/><V3/><F115/><W82/><G31/><T47/><D47/><N who="1" m="25727" /><E37/><V121/><F121/><W93/><G5/><T95/><D123/><U25/><E36/><V130/><F106/><W69/><G69/><T9/><D9/><U84/><E113/><V28/><F98/><W8/><G125/><T35/><D35/><U94/><E94/><V78/><F78/><W40/><G40/><T75/><D79/><U103/><E103/><V127/><F127/><W34/><G34/><T85/><D64/><N who="1" m="24683" /><E92/><V50/><REACH who="2" step="1"/><F89/><REACH who="2" ten="314,297,75,304" step="2"/><W76/><G76/><T80/><REACH who="0" step="1"/><D102/><REACH who="0" ten="304,297,75,304" step="2"/><U44/><E44/><AGARI ba="2,2" hai="2,3,21,24,26,28,29,32,44,50,53,128,129,130" machi="44" ten="40,12000,2" yaku="1,1,2,1,19,1,52,1,53,3" doraHai="45" doraHaiUra="124" who="2" fromWho="1" sc="304,0,297,-126,75,146,304,0" /><INIT seed="5,0,0,5,1,82" ten="304,171,221,304" oya="1" hai0="79,87,75,25,43,0,72,123,10,83,105,54,69" hai1="3,70,22,55,126,67,1,47,93,74,28,132,64" hai2="127,33,98,7,53,46,63,44,5,135,65,37,15" hai3="19,91,66,107,27,71,119,4,60,59,8,30,29"/><U58/><E74/><V39/><F33/><W118/><G107/><T77/><D123/><U50/><E132/><V34/><F34/><W111/><G111/><T84/><D69/><U128/><E128/><V104/><F135/><W68/><G91/><T18/><D105/><U26/><E126/><V109/><F109/><W113/><G19/><T35/><D43/><U23/><E70/><N who="3" m="26666" /><G27/><T76/><D75/><U122/><E122/><V51/><F15/><N who="3" m="5511" /><G113/><T112/><D112/><U42/><E23/><V96/><F127/><W114/><G114/><T16/><D54/><U95/><E3/><V117/><F117/><AGARI ba="0,0" hai="29,30,59,60,66,117,118,119" m="5511,26666" machi="117" ten="30,1000,0" yaku="12,1" doraHai="82" who="3" fromWho="2" sc="304,0,171,0,221,-10,304,10" /><INIT seed="6,0,0,0,3,20" ten="304,171,211,314" oya="2" hai0="116,23,58,12,121,63,94,88,3,34,112,104,36" hai1="118,125,107,8,101,65,103,119,93,1,102,2,129" hai2="82,15,48,66,11,27,25,9,122,100,46,114,21" hai3="13,113,33,98,50,40,10,19,78,16,126,130,52"/><V132/><F122/><W60/><G33/><T91/><D104/><U0/><E107/><V111/><F114/><W37/><G37/><T31/><D3/><U79/><E129/><V68/><F132/><W56/><G130/><T24/><D121/><U28/><E125/><V54/><F111/><W44/><G126/><T59/><D36/><U30/><E79/><V90/><F100/><W89/><G113/><T92/><D112/><U35/><E8/><V29/><F68/><W14/><G78/><T26/><D12/><N who="3" m="4713" /><G10/><T106/><D106/><U128/><E128/><V84/><F66/><W42/><G42/><T67/><D116/><U120/><E120/><V124/><F124/><W53/><G53/><T115/><D115/><U73/><E73/><V131/><F131/><W127/><G127/><T117/><D117/><U22/><E35/><V87/><F15/><W75/><G75/><T70/><D92/><AGARI ba="0,0" hai="16,19,40,44,50,52,56,60,89,92,98" m="4713" machi="92" ten="30,3900,0" yaku="8,1,54,2" doraHai="20" who="3" fromWho="0" sc="304,-39,171,0,211,0,314,39" /><INIT seed="7,0,0,5,4,133" ten="265,171,211,353" oya="3" hai0="115,114,5,134,50,24,117,113,54,118,70,119,14" hai1="33,45,109,123,102,129,68,65,19,51,6,79,11" hai2="56,25,9,84,72,83,23,69,91,120,47,26,88" hai3="122,90,39,38,40,94,21,67,112,78,8,75,101"/><W49/><G67/><T61/><D24/><U85/><E123/><V126/><F69/><W73/><G78/><T100/><D100/><U130/><E109/><V59/><F120/><W86/><G112/><T92/><D92/><U105/><E33/><V16/><F72/><W27/><G39/><T106/><D14/><U104/><E19/><V97/><F126/><W41/><G38/><T58/><D5/><U87/><E65/><V52/><F26/><W0/><G75/><T64/><D106/><U4/><E68/><V37/><F37/><W31/><G73/><T30/><D30/><U35/><E35/><V63/><F47/><W98/><G49/><T43/><D43/><U48/><E102/><V128/><F59/><W127/><G127/><T12/><D12/><U116/><E45/><V135/><F135/><AGARI ba="0,0" hai="50,54,58,61,64,70,113,114,115,117,118,119,134,135" machi="135" ten="50,8000,1" yaku="15,1,11,1,34,3" doraHai="133" who="0" fromWho="2" sc="265,80,171,0,211,-80,353,0" owari="345,14.5,171,-22.9,131,-36.9,353,45.3" /></mjloggm>