<mjloggm ver="2.3"><GO type="169" lobby="0"/><UN n0="%E3%81%82%E3%81%84%E3%81%93%E3%81%99" n1="%6B%61%74%65%72%69%6E%61" n2="%E7%99%BD%E8%8F%9C%E6%9D%A5%E6%89%93%E9%BA%BB%E5%B0%86%E4%BA%86" n3="%E7%AB%B9%E4%BA%95%E4%B9%85%EF%BC%A0%E9%83%A8%E9%95%B7" dan="16,17,16,17" rate="2102.53,2167.23,2083.30,2137.07" sx="M,M,F,F"/><TAIKYOKU oya="0"/><INIT seed="0,0,0,5,3,29" ten="250,250,250,250" oya="0" hai0="82,102,18,39,77,114,106,105,9,111,46,130,65" hai1="35,103,49,59,131,71,3,22,19,1,48,97,113" hai2="66,126,92,15,76,115,8,87,7,86,10,12,129" hai3="96,133,88,37,51,135,73,132,63,84,13,93,58"/><T62/><D114/><U90/><E71/><V5/><F115/><W75/><G37/><T91/><D130/><U74/><E131/><V54/><F126/><W26/><G51/><T108/><D91/><U104/><E74/><V80/><F129/><W6/><G26/><T36/><D18/><U28/><E113/><V100/><F66/><W120/><G120/><T16/><D102/><U122/><E122/><V112/><F112/><W52/><REACH who="3" step="1"/><G96/><REACH who="3" ten="250,250,250,240" step="2"/><T24/><D39/><U72/><E49/><V117/><F117/><W127/><G127/><T94/><D36/><U33/><E48/><V57/><F100/><W123/><G123/><T118/><D118/><U11/><E97/><V83/><F92/><W79/><G79/><T110/><D94/><U43/><E103/><V78/><F57/><W68/><G68/><N who="0" m="42039" /><D46/><U60/><E59/><V67/><F67/><W41/><G41/><T50/><D50/><U121/><E43/><V107/><F107/><W85/><G85/><N who="0" m="48335" /><D24/><U109/><E104/><V69/><F69/><W34/><G34/><T20/><D20/><U44/><E35/><V40/><F40/><W42/><G42/><T64/><D64/><U99/><E33/><V101/><F101/><W56/><G56/><T134/><D134/><U53/><E121/><V4/><REACH who="2" step="1"/><F54/><REACH who="2" ten="250,250,240,240" step="2"/><W125/><G125/><T116/><D116/><U95/><E53/><V27/><F27/><W124/><G124/><T61/><D61/><U14/><E60/><V55/><F55/><W38/><G38/><T25/><D25/><U21/><E99/><V31/><F31/><W119/><G119/><RYUUKYOKU ba="0,2" sc="250,10,250,-30,240,10,240,10" hai0="9,16,105,106,108,110,111" hai2="4,5,7,8,10,12,15,76,78,80,83,86,87" hai3="6,13,52,58,63,73,75,84,88,93,132,133,135" /><INIT seed="0,1,2,1,1,10" ten="260,220,250,250" oya="0" hai0="110,6,84,97,49,95,132,98,72,14,85,23,47" hai1="7,99,59,28,83,9,8,104,127,100,22,76,50" hai2="32,105,80,130,135,57,82,112,42,123,125,64,4" hai3="26,2,70,92,131,55,78,65,79,129,88,116,115"/><T21/><D72/><U133/><E127/><V108/><F4/><W18/><G2/><T5/><D132/><U106/><E133/><V37/><F57/><W1/><G1/><T3/><D3/><U121/><E121/><V62/><F82/><W29/><G115/><T96/><D110/><U45/><E106/><V101/><F80/><W51/><G116/><T31/><D31/><U58/><E22/><V41/><F41/><W68/><G18/><N who="0" m="10455" /><D23/><U61/><E59/><V124/><F62/><W69/><G65/><T12/><D95/><U114/><E114/><V36/><F64/><W119/><G119/><T87/><D12/><U44/><E44/><V38/><F38/><W75/><G26/><T118/><D118/><U122/><E122/><V15/><F15/><W54/><G29/><T19/><D19/><U91/><E91/><V117/><F125/><W39/><G39/><T93/><D93/><U24/><E7/><V43/><F43/><AGARI ba="1,2" hai="5,6,43,47,49,84,85,87,96,97,98" m="10455" machi="43" ten="30,2900,0" yaku="8,1,52,1" doraHai="10" who="0" fromWho="2" sc="260,52,220,0,250,-32,250,0" /><INIT seed="0,2,0,1,1,90" ten="312,220,218,250" oya="0" hai0="110,133,14,68,100,117,107,12,53,30,8,40,96" hai1="85,19,46,94,17,82,56,61,72,33,69,9,122" hai2="93,54,11,64,115,18,29,131,124,91,28,0,101" hai3="44,34,7,121,123,77,59,99,42,10,76,134,127"/><T120/><D120/><U86/><E69/><V4/><F115/><W58/><G34/><T41/><D117/><U84/><E33/><V6/><F124/><W25/><G25/><T47/><D133/><U109/><E122/><N who="3" m="46602" /><G127/><T60/><D30/><U112/><E112/><V67/><F131/><W35/><G35/><T104/><D104/><U16/><E109/><V80/><F80/><W21/><G21/><T38/><D41/><U97/><E46/><V39/><F101/><W49/><G134/><T66/><D110/><U2/><E2/><V98/><F39/><W89/><G89/><T113/><D113/><U119/><E119/><V55/><F18/><W20/><G20/><T71/><D71/><U24/><E72/><V74/><F74/><W108/><G99/><T3/><D3/><U48/><E48/><V32/><F6/><W27/><G27/><T43/><D43/><U79/><E24/><V62/><F32/><W126/><G126/><T5/><D53/><N who="1" m="33935" /><E9/><V118/><F67/><W130/><G130/><T116/><D116/><U1/><E1/><V83/><F118/><W65/><G108/><T87/><D14/><U51/><E51/><V23/><F54/><W15/><G65/><T103/><D103/><AGARI ba="2,0" hai="16,17,19,79,82,84,85,86,94,97,103" m="33935" machi="103" ten="30,3900,0" yaku="8,1,52,1,54,1" doraHai="90" who="1" fromWho="0" sc="312,-45,220,45,218,0,250,0" /><INIT seed="1,0,0,1,2,42" ten="267,265,218,250" oya="1" hai0="33,8,101,98,95,57,60,111,87,38,13,79,41" hai1="127,93,109,19,4,110,88,56,116,35,43,129,115" hai2="90,71,26,128,117,58,78,108,40,44,10,107,114" hai3="5,133,85,21,0,51,134,112,84,131,92,46,29"/><U118/><E115/><V64/><F71/><W100/><G112/><T20/><D33/><U125/><E35/><V54/><F107/><W104/><G104/><T2/><D111/><N who="1" m="42507" /><E4/><V96/><F78/><W15/><G0/><T48/><D38/><U25/><E43/><V86/><F40/><W27/><G131/><T76/><D2/><U81/><E81/><V52/><F128/><W75/><G75/><T24/><D87/><N who="1" m="52383" /><E56/><V6/><F58/><W113/><G113/><T94/><D94/><U53/><E53/><V62/><F52/><N who="3" m="29815" /><G134/><T22/><D79/><U122/><E122/><V119/><F54/><W130/><G133/><T126/><D76/><U121/><E121/><V50/><F6/><W7/><G7/><T97/><D41/><U83/><E83/><V123/><F123/><W132/><G132/><T105/><D48/><U9/><E129/><V31/><F50/><W70/><G70/><T80/><D80/><U47/><E47/><V72/><F44/><W17/><G5/><T18/><D57/><U37/><E37/><V55/><F114/><W99/><G130/><T3/><D60/><U102/><E102/><V89/><F62/><W106/><G106/><T120/><D105/><U63/><E63/><V74/><F108/><W65/><G65/><T82/><D101/><U12/><E25/><V14/><F26/><W23/><AGARI ba="0,0" hai="15,17,21,23,27,29,84,85,92,99,100" m="29815" machi="23" ten="30,4000,0" yaku="8,1,52,1,54,1" doraHai="42" who="3" fromWho="3" sc="267,-10,265,-20,218,-10,250,40" /><INIT seed="2,0,0,3,0,111" ten="257,245,208,290" oya="2" hai0="74,65,113,40,19,99,135,70,78,61,129,38,81" hai1="20,132,91,100,76,6,52,104,39,66,122,24,58" hai2="30,93,36,90,15,79,77,59,45,18,82,55,63" hai3="56,128,88,94,14,50,62,34,102,22,43,71,134"/><V35/><F35/><W0/><G34/><T96/><D135/><U25/><E122/><V83/><F30/><W2/><G71/><T54/><D129/><U114/><E132/><V5/><F5/><W16/><G134/><T3/><D19/><U95/><E39/><V9/><F36/><W97/><G128/><T106/><D54/><U49/><E114/><V80/><REACH who="2" step="1"/><F45/><REACH who="2" ten="257,245,198,290" step="2"/><N who="3" m="25919" /><G2/><T86/><D3/><U46/><E6/><V8/><F8/><W109/><G0/><T4/><D4/><U51/><E20/><V130/><F130/><W72/><G109/><T120/><D120/><U10/><E10/><V125/><F125/><W68/><G68/><T126/><D126/><U1/><E1/><V42/><F42/><W116/><G116/><T119/><D40/><U41/><E41/><V7/><F7/><W89/><G72/><T105/><D38/><U26/><E46/><V48/><F48/><W11/><G11/><T85/><D119/><U73/><E51/><V64/><F64/><AGARI ba="0,1" hai="14,16,22,56,62,64,88,89,94,97,102" m="25919" machi="64" ten="30,3900,0" yaku="8,1,54,2" doraHai="111" who="3" fromWho="2" sc="257,0,245,0,198,-39,290,49" /><INIT seed="3,0,0,1,4,114" ten="257,245,159,339" oya="3" hai0="53,98,109,35,93,129,50,74,55,65,30,125,22" hai1="12,119,28,8,5,38,91,111,13,36,130,123,9" hai2="126,39,122,41,23,99,107,21,15,104,19,67,54" hai3="14,87,27,75,58,83,34,6,97,116,29,82,37"/><W108/><G37/><T52/><D74/><U77/><E123/><V48/><F126/><W96/><G108/><T106/><D106/><U20/><E119/><V113/><F113/><W31/><G116/><T92/><D125/><U71/><E71/><V76/><F67/><W33/><G75/><T115/><D115/><U127/><E127/><V72/><F122/><W128/><G128/><T43/><D35/><U17/><E130/><V56/><F99/><W49/><G6/><T25/><D109/><U60/><E77/><V94/><F94/><W86/><G14/><T102/><D65/><U1/><E111/><V131/><F131/><W84/><G49/><T16/><D93/><U118/><E118/><V105/><F23/><W46/><G58/><T85/><D85/><U26/><E60/><V80/><F41/><W121/><G46/><N who="0" m="25951" /><D129/><U4/><REACH who="1" step="1"/><E91/><REACH who="1" ten="257,235,159,339" step="2"/><V64/><REACH who="2" step="1"/><F64/><REACH who="2" ten="257,235,149,339" step="2"/><W69/><G121/><T44/><D44/><U117/><E117/><V32/><F32/><AGARI ba="0,2" hai="1,4,5,8,9,12,13,17,20,26,28,32,36,38" machi="32" ten="30,7700,0" yaku="1,1,7,1,24,2,53,0" doraHai="114" doraHaiUra="57" who="1" fromWho="2" sc="257,0,235,97,149,-77,339,0" /><INIT seed="4,0,0,2,4,7" ten="257,332,72,339" oya="0" hai0="54,35,105,73,42,19,39,40,78,77,53,108,56" hai1="50,64,65,25,17,74,121,91,110,5,103,57,126" hai2="3,80,1,51,6,81,82,94,41,49,114,23,127" hai3="15,83,102,62,107,132,55,101,100,115,12,13,52"/><T18/><D105/><U59/><E121/><V86/><F114/><W106/><G115/><T104/><D104/><N who="3" m="39977" /><G83/><T27/><D108/><U34/><E110/><V85/><F127/><W36/><G62/><T120/><D120/><U95/><E126/><V2/><F41/><N who="0" m="15978" /><D39/><U119/><E103/><V16/><F6/><W76/><G76/><N who="0" m="29291" /><D73/><U98/><E74/><V58/><F58/><N who="1" m="22025" /><E119/><V69/><F69/><W67/><G36/><T33/><D56/><U135/><E135/><V60/><F60/><W123/><G123/><T8/><D27/><U87/><E34/><N who="0" m="12809" /><D8/><U75/><E75/><V22/><F94/><W48/><G132/><T90/><D90/><U79/><E79/><V45/><F45/><W89/><G89/><T133/><D133/><U24/><E91/><V20/><REACH who="2" step="1"/><F16/><AGARI ba="0,0" hai="16,18,19,53,54" m="12809,29291,15978" machi="16" ten="30,5800,0" yaku="28,2,54,1" doraHai="7" who="0" fromWho="2" sc="257,58,332,0,72,-58,339,0" /><INIT seed="4,1,0,5,1,59" ten="315,332,14,339" oya="0" hai0="53,63,3,23,7,129,36,25,112,58,85,94,121" hai1="102,72,100,32,40,133,74,77,19,104,26,56,128" hai2="131,107,118,42,75,93,114,6,89,84,49,123,101" hai3="2,80,127,70,61,92,81,5,119,9,30,16,48"/><T108/><D121/><U69/><E69/><V28/><F123/><W110/><G110/><T22/><D108/><U50/><E128/><V109/><F109/><W91/><G119/><T82/><D129/><U51/><E133/><V99/><F131/><W55/><G30/><T97/><D36/><U57/><E104/><V15/><F118/><W39/><G39/><T120/><D120/><U122/><E122/><V0/><F114/><W12/><G127/><T117/><D112/><U73/><E77/><V43/><F0/><W76/><G70/><T27/><D117/><U64/><E57/><V35/><F75/><W10/><G61/><T17/><D7/><U96/><E40/><V67/><F49/><W106/><G106/><T44/><D44/><U95/><E102/><V60/><F15/><W18/><G18/><T111/><D3/><U105/><E105/><V83/><F6/><W132/><G76/><N who="0" m="46279" /><D111/><U87/><E87/><V45/><F45/><W66/><G66/><T13/><D23/><N who="1" m="13695" /><E32/><V115/><F115/><W90/><G132/><T46/><D46/><U54/><E64/><V31/><F31/><W4/><G4/><T47/><D47/><U34/><E34/><V29/><F29/><W8/><G8/><T88/><AGARI ba="1,0" hai="13,17,22,25,27,53,58,63,88,94,97" m="46279" machi="88" ten="30,6000,0" yaku="8,1,52,1,54,1" doraHai="59" who="0" fromWho="0" sc="315,63,332,-21,14,-21,339,-21" owari="378,47.8,311,-8.9,-7,-50.7,318,11.8" /></mjloggm>