<mjloggm ver="2.3"><GO type="169" lobby="0"/><UN n0="%75%74%63%68%69%65" n1="%6B%6F%61%6C%61" n2="%E3%82%86%E3%81%86%E3%82%86%E3%81%8D" n3="%52%59%4F%40%53%53" dan="16,16,16,17" rate="2068.69,2054.35,2145.93,2183.57" sx="M,M,M,M"/><TAIKYOKU oya="0"/><INIT seed="0,0,0,4,4,103" ten="250,250,250,250" oya="0" hai0="125,45,57,27,47,119,0,98,40,127,134,53,25" hai1="33,85,82,68,116,69,83,79,72,118,38,132,64" hai2="6,117,4,91,65,58,62,59,50,130,107,99,123" hai3="39,46,129,122,1,13,88,104,49,8,48,77,106"/><T54/><D0/><U112/><E38/><V93/><F123/><W86/><G122/><T21/><D119/><U126/><E33/><V15/><F130/><W42/><G1/><T90/><D134/><U51/><E132/><V75/><F75/><W5/><G129/><T105/><D25/><U7/><E7/><V87/><F117/><W70/><G70/><T95/><D54/><U3/><E3/><V67/><F15/><W71/><G71/><T111/><D111/><U109/><E109/><V100/><REACH who="2" step="1"/><F50/><REACH who="2" ten="250,250,240,250" step="2"/><W24/><G24/><T61/><D105/><U78/><E51/><V96/><F96/><W17/><G49/><T34/><D34/><U97/><E97/><V63/><AGARI ba="0,1" hai="4,6,58,59,62,63,65,67,87,91,93,99,100,107" machi="63" ten="30,7900,0" yaku="1,1,0,1,9,1,52,1,53,0" doraHai="103" doraHaiUra="9" who="2" fromWho="2" sc="250,-39,250,-20,240,89,250,-20" /><INIT seed="1,0,0,3,5,119" ten="211,230,329,230" oya="1" hai0="48,30,117,36,105,123,100,118,61,96,93,11,32" hai1="98,49,59,68,60,15,42,47,124,54,101,79,90" hai2="133,125,87,7,35,110,71,40,9,108,127,75,17" hai3="0,3,91,97,12,56,84,74,22,85,45,58,70"/><U72/><E124/><N who="2" m="47691" /><F71/><W51/><G70/><T33/><D48/><U6/><E72/><V107/><F107/><W83/><G74/><T14/><D32/><U18/><E79/><V128/><F40/><W78/><G97/><T52/><D36/><U104/><E68/><V46/><F46/><W21/><G0/><T112/><D112/><U62/><E6/><V67/><F67/><W50/><G3/><T99/><D30/><U16/><E90/><V19/><F87/><W2/><G2/><T53/><D33/><U122/><E122/><V1/><F75/><W26/><G12/><T4/><D123/><U37/><REACH who="1" step="1"/><E18/><REACH who="1" ten="211,220,329,230" step="2"/><V115/><F19/><W102/><G78/><T94/><D117/><U25/><E25/><V80/><F17/><W113/><G26/><T39/><D118/><U41/><E41/><V64/><F7/><W89/><G113/><T109/><D4/><U73/><E73/><V63/><F115/><W126/><G126/><T13/><D100/><U130/><E130/><V120/><F128/><W69/><G69/><T34/><D99/><U82/><E82/><V77/><F80/><W44/><G83/><T103/><D96/><U132/><E132/><V55/><F133/><W65/><G65/><T86/><D103/><AGARI ba="0,1" hai="21,22,44,45,50,51,56,58,84,85,89,91,102,103" machi="103" ten="25,3200,0" yaku="22,2,8,1" doraHai="119" who="3" fromWho="0" sc="211,-32,220,0,329,0,230,42" /><INIT seed="2,0,0,3,2,14" ten="179,220,329,272" oya="2" hai0="22,34,107,41,20,120,1,104,108,126,61,99,4" hai1="51,57,40,128,125,102,15,110,66,95,25,35,111" hai2="23,117,39,21,92,6,100,103,8,43,88,85,97" hai3="116,13,122,49,131,132,84,32,42,76,0,56,54"/><V79/><F117/><W70/><G0/><T68/><D120/><U124/><E102/><V127/><F127/><W47/><G32/><T94/><D126/><N who="1" m="48747" /><E95/><V52/><F39/><W69/><G122/><T26/><D108/><N who="1" m="41515" /><E15/><N who="2" m="5527" /><F43/><W16/><G131/><T33/><D41/><U64/><E25/><V112/><F112/><W115/><G132/><T96/><D4/><U19/><E35/><V7/><F7/><W17/><G115/><T109/><D1/><U89/><E89/><V65/><F65/><N who="1" m="25193" /><E19/><V78/><F103/><W48/><G17/><T9/><D94/><U28/><E28/><V121/><F121/><W59/><G116/><T133/><D26/><U55/><E40/><V63/><F100/><W80/><REACH who="3" step="1"/><G59/><REACH who="3" ten="179,220,329,262" step="2"/><T29/><D33/><U91/><E91/><V53/><F97/><W106/><G106/><T135/><D34/><U67/><E67/><V74/><F92/><W83/><G83/><T60/><D109/><U73/><E73/><V101/><F88/><W114/><G114/><T12/><D99/><U5/><E5/><V37/><F101/><W71/><G71/><T75/><D96/><U11/><E11/><AGARI ba="0,1" hai="11,13,16,42,47,48,49,54,56,69,70,76,80,84" machi="11" ten="30,8000,1" yaku="1,1,7,1,52,1,54,1,53,1" doraHai="14" doraHaiUra="10" who="3" fromWho="1" sc="179,0,220,-80,329,0,262,90" /><INIT seed="3,0,0,5,5,92" ten="179,140,329,352" oya="3" hai0="9,126,94,76,88,96,20,17,3,117,69,122,135" hai1="48,102,132,111,5,65,56,4,114,127,90,29,125" hai2="74,63,91,83,130,44,98,133,100,19,110,43,99" hai3="73,113,27,101,97,36,118,109,103,47,40,34,71"/><W10/><G113/><T24/><D117/><U115/><E102/><V70/><F110/><W46/><G118/><T77/><D122/><U121/><E90/><V55/><F130/><W12/><G73/><T82/><D69/><U51/><E29/><V86/><F133/><W39/><G71/><T89/><D126/><U49/><E121/><V18/><F74/><W15/><G103/><T131/><D131/><U67/><E132/><V53/><F70/><W81/><G81/><T85/><REACH who="0" step="1"/><D135/><REACH who="0" ten="169,140,329,352" step="2"/><U60/><E111/><V42/><F100/><W120/><G120/><T30/><D30/><U50/><E114/><V11/><F43/><W31/><G109/><T104/><D104/><U116/><E116/><V41/><F41/><W13/><G39/><T112/><D112/><U134/><E115/><V25/><F42/><W123/><G123/><T72/><D72/><U64/><E134/><V45/><F45/><W79/><G47/><T129/><D129/><U68/><E68/><V54/><F44/><W87/><G46/><T2/><D2/><U58/><N who="1" m="12288" /><DORA hai="128" /><U78/><E78/><V8/><F63/><W57/><G40/><T38/><D38/><U62/><REACH who="1" step="1"/><E67/><REACH who="1" ten="169,130,329,352" step="2"/><V59/><F91/><W28/><G28/><T6/><AGARI ba="0,2" hai="3,6,9,17,20,24,76,77,82,85,88,89,94,96" machi="6" ten="30,8000,1" yaku="1,1,0,1,52,1,54,1,53,1" doraHai="92,128" doraHaiUra="33,105" who="0" fromWho="0" sc="169,100,130,-20,329,-20,352,-40" /><INIT seed="4,0,0,4,5,9" ten="269,110,309,312" oya="0" hai0="96,23,101,24,118,135,82,52,38,8,39,104,69" hai1="108,64,61,131,34,93,76,27,12,121,62,56,14" hai2="89,125,87,16,42,132,78,15,129,33,80,10,65" hai3="55,66,71,97,105,67,0,106,103,133,11,44,74"/><T128/><D118/><U124/><E121/><V111/><F111/><W36/><G74/><T26/><D69/><U32/><E108/><V86/><F125/><W122/><G122/><T17/><D128/><U51/><E131/><V126/><F129/><W114/><G114/><T22/><D135/><U47/><E124/><V81/><F132/><W3/><G55/><T13/><D82/><U123/><E76/><V2/><F126/><W46/><G11/><T50/><D23/><U113/><E123/><V91/><F33/><W5/><G5/><T18/><REACH who="0" step="1"/><D26/><REACH who="0" ten="259,110,309,312" step="2"/><U79/><E27/><V119/><F119/><W63/><G133/><T94/><D94/><U19/><E93/><V107/><F81/><W20/><G20/><T72/><D72/><U6/><E32/><V112/><F80/><W115/><G71/><T127/><D127/><U1/><E34/><V35/><F35/><W117/><G117/><T134/><D134/><U130/><E130/><V29/><F112/><W75/><G75/><T40/><D40/><U25/><E113/><V30/><F42/><W60/><G115/><T53/><D53/><U99/><E25/><V43/><F43/><W45/><G106/><T41/><D41/><U37/><E64/><V109/><F65/><W48/><G67/><T110/><D110/><U4/><E79/><V92/><F107/><W57/><G66/><T100/><D100/><U116/><E116/><V84/><F109/><W85/><G105/><T95/><D95/><U73/><E73/><V31/><F78/><W120/><G103/><T83/><D83/><U54/><E54/><RYUUKYOKU ba="0,1" sc="259,30,110,-10,309,-10,312,-10" hai0="8,13,17,18,22,24,38,39,50,52,96,101,104" /><INIT seed="4,1,1,4,0,130" ten="289,100,299,302" oya="0" hai0="67,93,31,0,126,73,87,101,7,58,63,35,48" hai1="76,13,75,24,50,81,45,89,108,69,112,88,99" hai2="121,119,27,59,92,118,61,52,51,129,106,95,22" hai3="83,30,26,3,19,42,133,9,28,66,71,62,74"/><T57/><D73/><U68/><E108/><V134/><F129/><W16/><G42/><T43/><D126/><U1/><E1/><V15/><F106/><W100/><G30/><T125/><D125/><U40/><E112/><V111/><F121/><W55/><G133/><T10/><D35/><U104/><E24/><V70/><F111/><W34/><G55/><T97/><D31/><U36/><E36/><V44/><F70/><W127/><G127/><T98/><D87/><U64/><E13/><V49/><F15/><W113/><G113/><T46/><REACH who="0" step="1"/><D97/><REACH who="0" ten="279,100,299,302" step="2"/><U107/><E99/><V6/><F119/><W39/><G74/><T103/><D103/><U123/><E75/><V96/><F118/><W91/><G100/><T38/><D38/><U128/><E123/><V23/><F96/><W117/><G39/><T79/><D79/><U33/><E76/><V41/><F134/><W80/><G117/><T90/><D90/><U14/><E88/><V37/><F37/><W56/><G91/><T109/><D109/><U25/><E89/><V12/><F95/><W18/><G83/><T84/><D84/><U82/><E81/><V8/><F92/><W110/><G80/><T135/><D135/><U2/><E82/><V132/><F132/><W122/><G110/><T53/><D53/><U11/><E33/><V78/><F78/><W94/><G94/><T124/><D124/><U17/><E104/><V105/><F105/><W85/><G85/><T86/><D86/><U54/><E107/><V60/><F52/><W29/><G122/><T131/><D131/><U72/><E128/><RYUUKYOKU ba="1,2" sc="279,30,100,-10,299,-10,302,-10" hai0="0,7,10,43,46,48,57,58,63,67,93,98,101" /><INIT seed="4,2,2,5,2,122" ten="309,90,289,292" oya="0" hai0="119,108,3,50,55,37,15,57,69,10,86,78,41" hai1="82,54,98,68,24,101,127,110,103,36,56,134,85" hai2="25,129,33,8,133,95,53,31,45,100,2,60,11" hai3="99,113,67,131,80,20,87,70,29,115,47,123,105"/><T16/><D119/><U6/><E68/><V124/><F2/><W102/><G123/><T38/><D69/><U44/><E127/><V17/><F133/><W65/><G131/><T19/><D3/><U7/><E134/><V63/><F124/><W114/><G70/><T39/><D108/><U128/><E128/><V74/><F74/><W89/><G47/><T135/><D135/><U14/><E24/><AGARI ba="2,2" hai="20,24,29,65,67,80,87,89,99,102,105,113,114,115" machi="24" ten="40,1300,0" yaku="15,1" doraHai="122" who="3" fromWho="1" sc="309,0,90,-19,289,0,292,39" /><INIT seed="5,0,0,3,2,36" ten="309,71,289,331" oya="1" hai0="3,13,112,117,11,39,61,34,115,22,66,122,14" hai1="58,73,49,10,4,20,45,17,67,95,60,55,52" hai2="104,50,41,46,108,43,2,98,19,15,9,105,47" hai3="23,103,28,44,133,90,74,110,88,109,128,64,123"/><U127/><E73/><V131/><F108/><W51/><G123/><T93/><D39/><U132/><E127/><V81/><F131/><W94/><G74/><T85/><D117/><U1/><E132/><V8/><F81/><W54/><G133/><T42/><D34/><U0/><E95/><V18/><F98/><W83/><G128/><T59/><D122/><U87/><E87/><V130/><F130/><W69/><G103/><T53/><D42/><U75/><E75/><V63/><F63/><W31/><G31/><T107/><D107/><U82/><E82/><V7/><F19/><W70/><G70/><T89/><D22/><U121/><E121/><V86/><F86/><W119/><G119/><T65/><D13/><U77/><E77/><V120/><F120/><W79/><G90/><T25/><D25/><U26/><REACH who="1" step="1"/><E0/><REACH who="1" ten="309,61,289,331" step="2"/><V134/><F134/><W100/><G79/><T37/><D3/><U92/><E92/><V62/><F105/><W57/><G83/><T84/><D84/><U129/><E129/><V80/><F80/><W99/><G94/><T48/><D93/><U125/><E125/><V32/><F104/><W72/><G72/><T106/><D85/><U29/><E29/><V101/><F2/><W16/><G28/><T124/><D106/><U56/><E56/><V91/><F91/><W5/><G88/><T12/><D89/><U96/><E96/><V135/><F135/><W116/><G99/><T35/><D59/><U102/><E102/><V38/><F101/><W113/><G100/><T27/><D124/><U68/><E68/><V24/><F32/><RYUUKYOKU ba="0,1" sc="309,-10,61,30,289,-10,331,-10" hai1="1,4,10,17,20,26,45,49,52,55,58,60,67" /><INIT seed="5,1,1,4,4,90" ten="299,91,279,321" oya="1" hai0="63,46,119,88,91,115,77,70,17,54,110,44,58" hai1="97,51,73,100,96,75,53,21,30,41,103,76,59" hai2="40,2,117,24,26,67,23,18,47,98,37,66,29" hai3="13,85,123,93,71,35,82,106,74,84,64,22,52"/><U87/><E41/><V10/><F117/><W60/><G106/><T104/><D110/><U11/><E11/><V126/><F126/><W7/><G35/><T65/><D119/><U118/><E118/><V4/><F98/><N who="1" m="37993" /><E73/><V125/><F125/><W127/><G123/><T83/><D104/><U12/><E75/><V121/><F121/><W20/><G127/><T81/><D115/><U28/><E28/><V72/><F72/><W55/><G74/><T15/><D70/><U61/><E61/><V5/><F5/><W131/><G131/><T120/><D120/><U36/><E36/><V102/><F102/><W62/><G7/><T105/><D105/><U122/><E122/><V9/><F9/><W39/><G39/><T33/><D33/><AGARI ba="1,1" hai="2,4,10,18,23,24,26,29,33,37,40,47,66,67" machi="33" ten="30,1000,0" yaku="7,1" doraHai="90" who="2" fromWho="0" sc="299,-13,91,0,279,23,321,0" /><INIT seed="6,0,0,2,4,119" ten="286,91,302,321" oya="2" hai0="78,62,30,53,9,54,22,59,130,120,71,116,124" hai1="25,100,73,99,86,89,111,121,117,94,83,107,39" hai2="43,85,114,115,61,2,29,122,113,134,135,41,69" hai3="84,68,35,57,32,16,133,40,34,75,64,31,127"/><V123/><F2/><W60/><G75/><T93/><D130/><U102/><E39/><V97/><F97/><W0/><G0/><T11/><D124/><U72/><E25/><V63/><F85/><W66/><G127/><T101/><D116/><U70/><E70/><V7/><F7/><W81/><G133/><N who="2" m="50697" /><F29/><W88/><G40/><N who="2" m="15433" /><F69/><W8/><G31/><T20/><D78/><U109/><E117/><V74/><F74/><W104/><G104/><T33/><D71/><U67/><E72/><V65/><F65/><W58/><REACH who="3" step="1"/><G64/><REACH who="3" ten="286,91,302,311" step="2"/><T129/><D30/><U3/><E67/><V92/><F92/><W24/><G24/><T23/><D33/><U15/><E3/><V17/><F17/><W106/><G106/><T4/><D4/><U112/><E15/><AGARI ba="0,1" hai="8,15,16,32,34,35,57,58,60,66,68,81,84,88" machi="15" ten="40,8000,1" yaku="1,1,54,2,53,1" doraHai="119" doraHaiUra="82" who="3" fromWho="1" sc="286,0,91,-80,302,0,311,90" /><INIT seed="7,0,0,5,4,58" ten="286,11,302,401" oya="3" hai0="74,81,126,80,86,121,131,3,116,107,120,14,61" hai1="104,64,134,91,84,113,19,1,12,15,99,110,39" hai2="90,9,0,50,111,10,5,37,103,85,133,20,38" hai3="33,63,79,11,124,128,127,29,98,94,66,16,95"/><W2/><G79/><T77/><D3/><U102/><E39/><V30/><F111/><W106/><G106/><T83/><D116/><U119/><E1/><V32/><F103/><W114/><G114/><T108/><D108/><U23/><E110/><V53/><F32/><W130/><G29/><T57/><D131/><N who="3" m="50217" /><G33/><T7/><D126/><N who="3" m="48169" /><G98/><T122/><D107/><U40/><E134/><V22/><F133/><W56/><G16/><T41/><D41/><U17/><E40/><V43/><F43/><W28/><G28/><T49/><D49/><U42/><E42/><V101/><F101/><W54/><G54/><T34/><D34/><U13/><E113/><V36/><F30/><W67/><G66/><T18/><D7/><AGARI ba="0,0" hai="2,7,11,56,63,67,94,95" m="48169,50217" machi="7" ten="30,5800,0" yaku="19,1,18,1,52,1" doraHai="58" who="3" fromWho="0" sc="286,-58,11,0,302,0,401,58" owari="228,-17.2,11,-48.9,302,10.2,459,55.9" /></mjloggm>