<mjloggm ver="2.3"><GO type="169" lobby="0"/><UN n0="%E3%83%88%E3%82%B7%E3%83%95%E3%83%BC%E3%83%8B" n1="%E5%8D%88%E5%BE%8C%E3%82%B4%E3%83%AA%E3%83%A9" n2="%4D%4C%5A%4E%55%2D%53%4B" n3="%E3%83%8A%E3%82%B4%E3%83%A0" dan="16,16,17,18" rate="2137.54,2129.45,2152.94,2231.35" sx="M,M,M,M"/><TAIKYOKU oya="0"/><INIT seed="0,0,0,0,4,111" ten="250,250,250,250" oya="0" hai0="70,45,36,100,11,10,47,12,46,18,16,98,9" hai1="92,125,23,93,122,102,4,8,71,76,72,37,75" hai2="101,33,87,79,134,48,56,113,84,7,55,94,13" hai3="106,60,25,99,89,20,61,109,131,59,40,51,135"/><T31/><D70/><U90/><E122/><V53/><F33/><W121/><G109/><T57/><D36/><U105/><E71/><V68/><F68/><W129/><G135/><T39/><D39/><U28/><E37/><V30/><F30/><W49/><G61/><T21/><D31/><U2/><E125/><V1/><F1/><W77/><G77/><T104/><REACH who="0" step="1"/><D57/><REACH who="0" ten="240,250,250,250" step="2"/><U38/><E38/><V126/><F56/><W73/><G121/><T130/><D130/><U124/><E28/><V123/><F123/><W74/><G59/><T27/><AGARI ba="0,1" hai="9,10,11,12,16,18,21,27,45,46,47,98,100,104" machi="27" ten="30,6000,0" yaku="1,1,0,1,54,1,53,0" doraHai="111" doraHaiUra="108" who="0" fromWho="0" sc="240,70,250,-20,250,-20,250,-20" /><INIT seed="0,1,0,0,4,1" ten="310,230,230,230" oya="0" hai0="10,36,45,99,19,6,41,130,38,15,30,131,42" hai1="65,135,29,25,60,89,115,107,8,116,31,100,78" hai2="111,63,57,58,88,69,62,74,9,3,122,46,90" hai3="125,76,109,94,51,32,34,18,14,72,110,66,7"/><T64/><D30/><U16/><E116/><V80/><F122/><W133/><G66/><T48/><D64/><U40/><E135/><V86/><F74/><W67/><G67/><T83/><D99/><U61/><E115/><V114/><F114/><W126/><G51/><T81/><D19/><U75/><E40/><V21/><F111/><N who="3" m="42507" /><G94/><T27/><D27/><U106/><E61/><V17/><F46/><W102/><G76/><T87/><D81/><U97/><E89/><V0/><F69/><W96/><G72/><T85/><D85/><U37/><E37/><V93/><F9/><N who="3" m="4415" /><G96/><T77/><D42/><U35/><E31/><V53/><F58/><W70/><G102/><T49/><D49/><U68/><E75/><V59/><F59/><W117/><G70/><T101/><D101/><U12/><REACH who="1" step="1"/><E78/><REACH who="1" ten="310,220,230,230" step="2"/><V13/><REACH who="2" step="1"/><F63/><REACH who="2" ten="310,220,220,230" step="2"/><W127/><G117/><T23/><REACH who="0" step="1"/><D23/><REACH who="0" ten="300,220,220,230" step="2"/><U43/><E43/><V95/><F95/><AGARI ba="1,3" hai="8,12,16,25,29,35,60,65,68,95,97,100,106,107" machi="95" ten="30,3900,0" yaku="1,1,7,1,54,1,53,0" doraHai="1" doraHaiUra="128" who="1" fromWho="2" sc="300,0,220,72,220,-42,230,0" /><INIT seed="1,0,0,4,2,61" ten="300,292,178,230" oya="1" hai0="98,130,63,84,76,15,54,105,47,69,128,88,7" hai1="111,59,49,30,113,127,93,5,4,79,2,8,9" hai2="104,6,99,13,39,134,23,38,16,78,18,102,71" hai3="3,14,72,90,66,135,40,58,86,34,95,29,56"/><U123/><E123/><V125/><F125/><W117/><G3/><T81/><D47/><U42/><E113/><V36/><F134/><W115/><G135/><T37/><D37/><U46/><E127/><V97/><F78/><W100/><G115/><T77/><D7/><U62/><E111/><V55/><F6/><W45/><G117/><T87/><D15/><U21/><E79/><V96/><F71/><W19/><G72/><T114/><D114/><U27/><E93/><V107/><F55/><W48/><G34/><T110/><D110/><U60/><REACH who="1" step="1"/><E59/><REACH who="1" ten="300,282,178,230" step="2"/><V101/><REACH who="2" step="1"/><F18/><REACH who="2" ten="300,282,168,230" step="2"/><W131/><G19/><T109/><D76/><U112/><E112/><V116/><F116/><W106/><G58/><N who="0" m="35287" /><D69/><U129/><E129/><V44/><F44/><W10/><G56/><T75/><D109/><U108/><E108/><V31/><F31/><W73/><G29/><T83/><D130/><U35/><E35/><V17/><F17/><W94/><G131/><T32/><D32/><U64/><E64/><V119/><F119/><W65/><G65/><T132/><D128/><U91/><E91/><V85/><F85/><W50/><G66/><T68/><D68/><U89/><E89/><V133/><F133/><W122/><G90/><T12/><D132/><U57/><E57/><V1/><F1/><AGARI ba="0,2" hai="1,2,4,5,8,9,21,27,30,42,46,49,60,62" machi="1" ten="30,5800,0" yaku="1,1,7,1,9,1,53,0" doraHai="61" doraHaiUra="74" who="1" fromWho="2" sc="300,0,282,78,168,-58,230,0" /><INIT seed="1,1,0,4,1,49" ten="300,360,110,230" oya="1" hai0="114,128,126,46,41,33,29,42,17,96,39,74,6" hai1="112,54,105,72,2,5,64,123,75,82,94,88,58" hai2="36,100,26,60,20,13,43,68,35,27,84,52,24" hai3="98,111,134,83,92,23,130,37,4,70,71,119,131"/><U76/><E123/><V110/><F110/><W28/><G37/><T48/><D114/><U38/><E38/><V108/><F108/><W45/><G111/><T18/><D74/><U107/><E72/><V8/><F35/><W47/><G4/><T97/><D6/><U85/><E112/><V9/><F68/><W34/><G34/><T21/><D33/><U22/><E64/><V12/><F100/><W124/><G83/><T101/><D126/><U67/><E67/><V87/><F43/><W116/><G23/><T59/><D128/><N who="3" m="49193" /><G28/><T120/><D120/><U3/><E22/><V50/><F60/><W135/><G92/><T122/><D122/><U10/><REACH who="1" step="1"/><E2/><REACH who="1" ten="300,350,110,230" step="2"/><V51/><F36/><W32/><G32/><T65/><D39/><U19/><E19/><V103/><F20/><W79/><G124/><T69/><D17/><U89/><E89/><V63/><F24/><W30/><G30/><T7/><D29/><U133/><E133/><N who="3" m="50698" /><G79/><T104/><D18/><U66/><E66/><V56/><F26/><W109/><G109/><T1/><D21/><U15/><E15/><V78/><F27/><W117/><G98/><T132/><D97/><U16/><E16/><N who="2" m="8199" /><F78/><W113/><G113/><T55/><D132/><U86/><E86/><N who="2" m="32811" /><F103/><W125/><G125/><T93/><D69/><AGARI ba="1,1" hai="45,47,69,70,71,116,117,119" m="50698,49193" machi="69" ten="40,12000,2" yaku="28,2,12,1,19,1,20,1,34,2" doraHai="49" who="3" fromWho="0" sc="300,-123,350,0,110,0,230,133" /><INIT seed="2,0,0,4,1,79" ten="177,350,110,363" oya="2" hai0="113,117,86,12,120,24,42,89,57,87,82,107,126" hai1="4,95,45,56,90,104,125,39,8,49,112,55,101" hai2="129,46,7,72,75,102,65,85,81,30,99,130,9" hai3="97,5,116,96,108,26,61,32,36,58,23,50,111"/><V54/><F30/><W118/><G36/><T123/><D42/><U27/><E112/><V64/><F54/><W1/><G50/><T6/><D113/><U3/><E125/><V98/><F46/><W62/><G5/><T76/><D126/><U67/><E27/><V40/><F40/><W13/><G13/><T115/><D115/><U110/><E110/><N who="3" m="42026" /><G1/><T131/><D107/><U43/><E104/><V53/><F53/><N who="3" m="33999" /><G62/><T38/><D38/><U37/><E67/><V29/><F64/><W103/><G32/><T19/><D117/><N who="3" m="45161" /><G103/><T28/><D6/><U10/><E10/><V78/><F65/><W93/><G93/><T88/><D57/><U132/><E101/><V84/><F9/><W133/><G133/><T128/><D12/><U105/><E105/><V59/><F59/><W91/><G91/><T21/><D28/><AGARI ba="0,0" hai="23,26,28,96,97" m="45161,33999,42026" machi="28" ten="30,1000,0" yaku="14,1" doraHai="79" who="3" fromWho="0" sc="177,-10,350,0,110,0,363,10" /><INIT seed="3,0,0,4,1,55" ten="167,350,110,373" oya="3" hai0="48,81,22,63,1,115,120,33,34,15,102,37,72" hai1="8,19,79,107,9,84,45,82,98,64,13,133,93" hai2="78,53,80,134,10,110,83,23,122,6,41,74,77" hai3="11,18,57,31,69,117,126,119,118,127,4,87,3"/><W21/><G69/><T62/><D37/><U103/><E133/><V38/><F110/><W46/><G46/><T121/><D1/><U0/><E45/><V49/><F134/><W86/><G57/><T76/><D115/><U125/><E125/><N who="3" m="47626" /><G86/><T135/><D135/><U101/><E64/><V56/><F23/><W39/><G87/><T73/><D102/><U20/><E0/><V24/><F24/><N who="3" m="14391" /><G39/><T14/><D22/><U128/><E128/><V95/><F95/><W88/><G88/><T108/><D48/><U116/><E116/><V29/><F38/><W124/><G124/><T66/><D66/><U97/><AGARI ba="0,0" hai="8,9,13,19,20,79,82,84,93,97,98,101,103,107" machi="97" ten="30,1100,0" yaku="0,1" doraHai="55" who="1" fromWho="1" sc="167,-3,350,11,110,-3,373,-5" /><INIT seed="4,0,0,4,1,71" ten="164,361,107,368" oya="0" hai0="25,121,115,33,12,108,58,47,102,62,131,61,32" hai1="24,56,118,133,124,14,67,117,123,48,50,125,40" hai2="75,45,18,35,69,99,107,38,30,126,114,15,122" hai3="116,130,109,2,28,95,5,89,10,88,46,49,105"/><T113/><D121/><U16/><E123/><V104/><F122/><W103/><G109/><T72/><D108/><U26/><E133/><V53/><F69/><W4/><G116/><T34/><D72/><U43/><E56/><V85/><F75/><W129/><G28/><T23/><D131/><N who="3" m="50185" /><G5/><T90/><D102/><U54/><E54/><V64/><F64/><W42/><G105/><T96/><D47/><U120/><E120/><V22/><F126/><W119/><G119/><T82/><D12/><U52/><E14/><V11/><F114/><W57/><G57/><T21/><D21/><U17/><REACH who="1" step="1"/><E52/><REACH who="1" ten="164,351,107,368" step="2"/><V111/><F53/><W27/><G27/><T97/><D58/><U29/><E29/><V128/><F30/><W77/><G77/><T65/><D61/><U98/><E98/><AGARI ba="0,1" hai="2,4,10,42,46,49,88,89,95,98,103" m="50185" machi="98" ten="30,2000,0" yaku="19,1,54,1" doraHai="71" who="3" fromWho="1" sc="164,0,351,-20,107,0,368,30" /><INIT seed="5,0,0,5,4,54" ten="164,331,107,398" oya="1" hai0="125,115,41,75,118,120,96,45,30,52,82,13,113" hai1="117,63,34,55,36,47,124,16,98,109,107,78,64" hai2="53,104,132,119,84,58,91,68,61,111,86,43,116" hai3="74,21,4,17,23,7,14,131,40,67,100,69,129"/><U28/><E117/><V87/><F111/><W134/><G74/><T19/><D118/><U22/><E109/><V3/><F132/><W2/><G134/><T5/><D120/><U38/><E78/><V29/><F3/><W85/><G40/><T32/><D125/><U70/><E124/><V0/><F0/><W81/><G2/><T99/><D5/><U128/><E128/><N who="3" m="49226" /><G100/><T76/><D30/><U77/><E77/><V11/><F11/><W62/><G23/><T73/><D32/><U48/><E28/><V102/><F91/><AGARI ba="0,0" hai="4,7,14,17,21,62,67,69,81,85,91" m="49226" machi="91" ten="30,1000,0" yaku="19,1" doraHai="54" who="3" fromWho="2" sc="164,0,331,0,107,-10,398,10" /><INIT seed="6,0,0,0,5,89" ten="164,331,97,408" oya="2" hai0="16,75,131,8,105,94,55,72,36,101,33,116,121" hai1="26,58,2,73,19,90,46,48,124,39,69,47,57" hai2="61,88,98,11,133,99,128,106,135,111,6,44,108" hai3="9,59,95,63,78,74,134,42,27,71,0,85,22"/><V5/><F128/><W30/><G134/><N who="2" m="51209" /><F61/><W64/><G42/><T122/><D36/><U10/><E73/><N who="0" m="28233" /><D33/><U93/><E69/><V18/><F44/><W32/><G74/><T81/><D55/><U132/><E132/><V24/><F106/><W114/><G78/><T29/><D29/><U127/><E39/><V66/><F66/><W43/><G85/><T1/><D1/><U13/><E2/><N who="2" m="439" /><F6/><W52/><G43/><T84/><D16/><N who="1" m="8247" /><E46/><V50/><F50/><W70/><G64/><T96/><D8/><U82/><E82/><V7/><F7/><W97/><G0/><T68/><D68/><U31/><E31/><V62/><F62/><W79/><G9/><T15/><D15/><U104/><E104/><V41/><F41/><W118/><G71/><T113/><D131/><U87/><E127/><V100/><F100/><W110/><G63/><T129/><D129/><U92/><E124/><V76/><F76/><W51/><G79/><N who="0" m="46143" /><D116/><U60/><E60/><V115/><F115/><W3/><G114/><T12/><D12/><U67/><E67/><V112/><F112/><W103/><G118/><T25/><D113/><U40/><E19/><V38/><F38/><W17/><G70/><T83/><D25/><U4/><E26/><V49/><F49/><W107/><G3/><T65/><D65/><U109/><E4/><V53/><F53/><W123/><G52/><T117/><D117/><U126/><E126/><V54/><F54/><W77/><G51/><T14/><D105/><U37/><E37/><V119/><F119/><W20/><G107/><T56/><D101/><RYUUKYOKU ba="0,0" sc="164,0,331,0,97,0,408,0" /><INIT seed="7,1,0,3,3,66" ten="164,331,97,408" oya="3" hai0="76,92,44,13,0,7,42,68,51,98,49,24,34" hai1="91,47,45,127,43,96,58,87,22,64,28,1,120" hai2="38,26,61,9,10,122,75,11,83,52,103,124,135" hai3="74,133,97,129,73,121,101,99,86,48,32,31,65"/><W85/><G121/><T111/><D68/><U114/><E1/><V35/><F38/><W89/><G65/><T119/><D111/><U95/><E120/><V94/><F122/><W17/><G32/><T100/><D119/><U14/><E114/><V84/><F124/><W93/><G31/><T12/><D76/><U5/><E127/><V3/><F135/><W20/><G129/><T40/><D0/><U130/><E130/><V19/><F75/><W110/><G133/><T107/><D107/><U53/><E64/><V59/><F3/><W46/><G86/><T2/><D2/><U118/><E118/><V54/><F35/><W108/><G99/><T116/><D116/><U23/><E28/><V8/><N who="2" m="2048" /><DORA hai="70" /><V55/><F103/><W6/><G6/><T131/><D131/><U15/><E5/><V4/><F94/><N who="3" m="54575" /><G48/><T117/><D117/><U80/><E23/><V41/><F4/><W102/><G46/><N who="0" m="25799" /><D7/><U37/><E22/><V30/><F30/><W109/><G102/><T72/><D72/><U90/><REACH who="1" step="1"/><E47/><REACH who="1" ten="164,321,97,408" step="2"/><V29/><F29/><W104/><G104/><T16/><D44/><U113/><E113/><V79/><REACH who="2" step="1"/><F41/><REACH who="2" ten="164,321,87,408" step="2"/><W18/><G18/><T112/><D16/><U82/><E82/><V125/><F125/><W115/><G115/><T132/><D112/><U88/><E88/><V63/><F63/><AGARI ba="1,2" hai="14,15,37,43,45,53,58,63,80,87,90,91,95,96" machi="63" ten="30,3900,0" yaku="1,1,7,1,52,1,53,0" doraHai="66,70" doraHaiUra="128,62" who="1" fromWho="2" sc="164,0,321,62,87,-42,408,0" owari="164,-23.6,383,18.3,45,-45.5,408,50.8" /></mjloggm>