<mjloggm ver="2.3"><GO type="169" lobby="0"/><UN n0="%E7%8B%82%E6%B0%97%E3%81%AE%E7%9E%B3" n1="%E5%A4%A9%E6%89%8D%E9%BA%BB%E5%B0%86%E6%9D%8F%E6%9D%8F" n2="%E3%81%82%E3%81%9F%E3%81%8B%E3%81%AA" n3="%E8%A6%9A%E9%86%92%E3%81%97%E3%81%9F%E3%81%A8%E3%81%BE%E3%81%A8" dan="16,16,17,17" rate="2052.41,2148.94,2174.72,2240.14" sx="M,F,M,M"/><TAIKYOKU oya="0"/><INIT seed="0,0,0,1,5,108" ten="250,250,250,250" oya="0" hai0="102,62,72,11,56,121,63,76,14,59,90,65,50" hai1="48,94,7,36,42,115,97,69,70,5,82,131,89" hai2="126,29,2,49,55,127,84,74,128,71,93,86,104" hai3="45,37,13,27,3,75,135,112,23,124,119,38,41"/><T10/><D121/><U19/><E36/><V67/><F104/><W79/><G119/><T64/><D102/><U24/><E131/><V73/><F2/><W28/><G124/><N who="2" m="47657" /><F29/><W33/><G135/><T43/><D90/><U99/><E70/><V88/><F128/><W47/><G3/><T39/><D39/><U32/><E69/><V101/><F101/><W83/><G13/><T78/><D72/><N who="2" m="27754" /><F67/><W118/><G118/><T66/><D65/><U34/><E34/><V0/><F0/><W109/><G109/><T1/><D1/><U87/><E97/><N who="2" m="57511" /><F71/><W80/><G80/><T8/><D14/><U113/><E32/><V31/><F31/><W6/><G23/><T35/><D35/><U98/><E98/><V130/><F130/><W110/><G110/><T12/><D12/><U116/><E116/><V122/><F122/><W77/><G79/><T17/><D17/><U125/><E125/><V92/><F92/><W120/><G120/><T54/><REACH who="0" step="1"/><D43/><REACH who="0" ten="240,250,250,250" step="2"/><U58/><E42/><V30/><F30/><W4/><G38/><T22/><D22/><N who="1" m="13407" /><E99/><V107/><F107/><W18/><G18/><T134/><D134/><U105/><E105/><V16/><F16/><W129/><G41/><T91/><D91/><U20/><E20/><V9/><F9/><W15/><G37/><T68/><AGARI ba="0,1" hai="8,10,11,50,54,56,59,62,63,64,66,68,76,78" machi="68" ten="30,3000,0" yaku="1,1,0,1,53,0" doraHai="108" doraHaiUra="132" who="0" fromWho="0" sc="240,40,250,-10,250,-10,250,-10" /><INIT seed="0,1,0,2,4,130" ten="280,240,240,240" oya="0" hai0="79,52,34,18,92,74,2,124,127,81,93,17,24" hai1="36,70,6,47,117,87,78,110,46,68,48,35,97" hai2="102,37,95,8,96,69,7,58,131,9,29,3,62" hai3="126,119,28,77,106,27,40,60,19,15,123,33,133"/><T12/><D2/><U112/><E117/><V125/><F131/><W13/><G119/><T114/><D114/><U31/><E110/><V111/><F111/><W91/><G126/><N who="0" m="48171" /><D34/><U105/><E47/><V11/><F125/><W73/><G123/><T94/><D24/><U4/><E36/><V67/><F37/><W55/><G106/><T42/><D42/><U32/><E70/><V56/><F69/><W44/><G91/><T66/><D66/><U88/><E68/><V86/><F86/><W65/><G55/><T135/><D52/><U0/><E78/><V120/><F120/><W103/><G103/><T64/><D64/><U85/><E85/><V1/><F1/><W82/><G19/><N who="0" m="7179" /><D12/><U128/><E112/><V115/><F115/><W21/><G33/><T83/><D83/><U10/><E128/><V90/><F58/><W100/><G15/><T16/><N who="0" m="7187" /><T53/><DORA hai="129" /><D53/><U75/><E0/><V107/><F29/><W101/><G13/><T84/><D74/><U20/><E75/><V43/><F43/><W41/><G40/><T59/><D59/><U121/><E32/><V14/><F3/><W51/><G101/><T104/><D104/><U118/><E105/><V23/><F23/><W57/><REACH who="3" step="1"/><G100/><REACH who="3" ten="280,240,240,230" step="2"/><T132/><AGARI ba="1,1" hai="79,81,84,92,93,94,132,135" m="7187,48171" machi="132" ten="50,18000,2" yaku="18,1,52,4,54,1" doraHai="130,129" who="0" fromWho="0" sc="280,193,240,-61,240,-61,230,-61" /><INIT seed="0,2,0,0,5,1" ten="473,179,179,169" oya="0" hai0="61,99,63,11,78,113,91,56,2,26,4,121,102" hai1="117,109,81,83,3,15,123,133,25,68,110,31,19" hai2="21,42,14,43,104,77,8,49,44,92,79,9,122" hai3="51,62,69,105,118,119,0,128,36,70,94,6,57"/><T90/><D121/><U72/><E123/><V115/><F104/><W116/><G105/><T20/><D78/><U33/><E117/><V17/><F122/><W97/><G36/><T75/><D75/><U41/><E68/><V98/><F115/><W87/><G128/><T100/><D100/><U34/><E133/><V82/><F42/><W101/><G51/><T124/><D63/><U74/><E41/><V114/><F114/><W39/><G39/><T50/><D50/><U125/><E3/><V127/><F127/><W10/><REACH who="3" step="1"/><G87/><REACH who="3" ten="473,179,179,159" step="2"/><T59/><D113/><U126/><E74/><V58/><F79/><W55/><AGARI ba="2,1" hai="0,6,10,55,57,62,69,70,94,97,101,116,118,119" machi="55" ten="30,8000,1" yaku="1,1,2,1,0,1,52,1,53,1" doraHai="1" doraHaiUra="93" who="3" fromWho="3" sc="473,-42,179,-22,179,-22,159,96" /><INIT seed="1,0,0,2,1,103" ten="431,157,157,255" oya="1" hai0="75,72,124,108,118,2,21,116,51,26,92,52,101" hai1="33,53,117,135,104,12,8,84,20,99,40,28,89" hai2="54,25,30,10,95,107,9,111,36,47,59,80,43" hai3="96,106,38,65,55,7,50,48,122,121,94,76,45"/><U4/><E117/><V93/><F111/><W60/><G38/><T13/><D108/><U83/><E135/><V67/><F67/><W11/><G76/><T130/><D2/><U37/><E33/><V41/><F41/><W110/><G110/><T113/><D113/><U24/><E53/><V68/><F68/><W105/><G50/><T112/><D112/><U17/><E40/><V3/><F80/><W85/><G85/><T131/><D13/><U78/><E37/><V133/><F133/><W44/><G44/><N who="0" m="27751" /><D124/><U39/><E39/><V16/><F107/><W14/><G122/><T109/><D109/><U6/><REACH who="1" step="1"/><E104/><REACH who="1" ten="431,147,157,255" step="2"/><V64/><F64/><W56/><REACH who="3" step="1"/><G121/><REACH who="3" ten="431,147,157,245" step="2"/><T34/><D118/><U126/><E126/><V0/><F36/><W49/><G49/><T63/><D116/><U70/><E70/><V19/><F43/><W127/><G127/><T79/><D34/><U1/><E1/><V73/><F3/><W120/><G120/><T115/><D115/><U74/><E74/><V87/><F73/><W29/><G29/><T102/><D72/><U128/><E128/><V132/><F0/><W114/><G114/><T129/><D75/><U90/><E90/><AGARI ba="0,2" hai="7,11,14,45,48,55,56,60,65,90,94,96,105,106" machi="90" ten="30,7700,0" yaku="1,1,7,1,52,2,53,0" doraHai="103" doraHaiUra="69" who="3" fromWho="1" sc="431,0,147,-77,157,0,245,97" /><INIT seed="2,0,0,5,5,73" ten="431,70,157,342" oya="2" hai0="27,106,90,44,124,111,99,47,42,13,79,46,41" hai1="63,77,121,15,103,25,5,7,43,61,114,32,110" hai2="72,67,21,104,86,37,68,65,87,85,29,93,69" hai3="125,49,16,18,112,48,128,53,131,54,76,39,1"/><V51/><F104/><W120/><G39/><T70/><D70/><U14/><E114/><V107/><F107/><W132/><G112/><T8/><D111/><U4/><E110/><V56/><F37/><W74/><G74/><T88/><D124/><U109/><E109/><V50/><F72/><W36/><G36/><T89/><D27/><U100/><E121/><V58/><F21/><W10/><G125/><T97/><D106/><U133/><E133/><V98/><F29/><W6/><G132/><T126/><D79/><U35/><E4/><V119/><F119/><W19/><G76/><T20/><D20/><U117/><E25/><V22/><F22/><W95/><G95/><T115/><D115/><U0/><E77/><V17/><F17/><W24/><G24/><T45/><N who="0" m="11264" /><DORA hai="57" /><T34/><D34/><U30/><E30/><V12/><F12/><W9/><G120/><T96/><D126/><U113/><E0/><V135/><F135/><W118/><G118/><T134/><D134/><U101/><E101/><V82/><F82/><W78/><G78/><T129/><D129/><N who="3" m="49737" /><G9/><T23/><D23/><U3/><E113/><V130/><F130/><W75/><G75/><T40/><D13/><U59/><E3/><V26/><F26/><W28/><G28/><T2/><D2/><U92/><E92/><V83/><F83/><W31/><G31/><T33/><D33/><U94/><E94/><V71/><F93/><W11/><G11/><AGARI ba="0,0" hai="8,11,40,41,42,88,89,90,96,97,99" m="11264" machi="11" ten="60,32000,5" yakuman="41" doraHai="73,57" who="0" fromWho="3" sc="431,320,70,0,157,0,342,-320" /><INIT seed="3,0,0,3,1,53" ten="751,70,157,22" oya="3" hai0="92,4,135,54,44,13,88,58,101,5,89,14,105" hai1="66,26,49,98,27,15,21,96,38,87,37,127,109" hai2="29,77,108,23,71,79,16,33,25,62,116,46,28" hai3="111,112,52,90,69,72,20,73,99,133,56,60,34"/><W31/><G34/><T67/><D105/><U106/><E109/><V102/><F108/><W75/><G112/><T45/><D135/><U83/><E127/><V8/><F116/><W93/><G111/><T22/><D67/><U100/><E66/><V121/><F71/><W36/><G133/><T64/><D64/><U57/><E98/><V41/><F62/><W95/><G36/><T18/><D101/><U126/><E126/><V1/><F102/><W118/><G118/><T117/><D89/><U63/><E49/><V7/><F121/><W76/><G69/><T120/><D120/><U43/><E15/><V12/><F29/><W42/><G42/><T94/><D94/><U40/><E38/><AGARI ba="0,0" hai="1,7,8,12,16,23,25,28,33,38,41,46,77,79" machi="38" ten="30,7700,0" yaku="7,1,24,2,54,1" doraHai="53" who="2" fromWho="1" sc="751,0,70,-77,157,77,22,0" owari="751,85.1,-7,-50.7,234,3.4,22,-37.8" /></mjloggm>