<mjloggm ver="2.3"><GO type="169" lobby="0"/><UN n0="%E3%81%9F%E3%81%BE%E5%AD%90" n1="%E3%81%9F%E3%81%8B%E3%81%AF%E3%81%97%E3%81%83%E3%81%83%E3%81%83" n2="%52%45%58" n3="%E5%8F%97%E3%81%91%E5%85%A5%E3%82%8C%E9%87%8D%E8%A6%96" dan="17,16,17,17" rate="2262.03,2134.66,2160.50,2185.90" sx="M,M,M,M"/><TAIKYOKU oya="0"/><INIT seed="0,0,0,4,5,33" ten="250,250,250,250" oya="0" hai0="47,93,54,18,124,82,37,114,63,108,26,130,48" hai1="97,125,96,16,66,3,81,131,6,15,127,118,101" hai2="117,40,51,107,25,43,103,64,121,72,79,2,14" hai3="55,120,34,116,22,10,20,11,77,44,42,68,92"/><T60/><D114/><U73/><E118/><V122/><F117/><W31/><G116/><T133/><D130/><U89/><E131/><V23/><F64/><W29/><G68/><T24/><D133/><U7/><E66/><V0/><F107/><W17/><G34/><T128/><D128/><U102/><E73/><V87/><F72/><W129/><G129/><T8/><D124/><N who="1" m="47691" /><E101/><V99/><F14/><W53/><G77/><T13/><D37/><U62/><E62/><N who="0" m="23593" /><D108/><U134/><E134/><V39/><F39/><W91/><G120/><T57/><D82/><U59/><E59/><V75/><F75/><W38/><G10/><T4/><D4/><N who="1" m="1579" /><E102/><V69/><F69/><W41/><G11/><T98/><D57/><U126/><E126/><V28/><F121/><W61/><G61/><T49/><D48/><U115/><E115/><V135/><F122/><W19/><G38/><T100/><AGARI ba="0,0" hai="8,13,18,24,26,47,49,54,93,98,100" m="23593" machi="100" ten="30,1500,0" yaku="8,1" doraHai="33" who="0" fromWho="0" sc="250,15,250,-5,250,-5,250,-5" /><INIT seed="0,1,0,1,3,18" ten="265,245,245,245" oya="0" hai0="25,119,44,56,30,91,130,19,15,72,21,101,47" hai1="85,60,129,84,83,3,71,27,46,22,53,17,5" hai2="114,96,103,93,68,48,8,42,115,0,98,89,31" hai3="28,99,43,20,79,90,55,77,121,113,110,12,81"/><T107/><D119/><U59/><E129/><V66/><F0/><W135/><G113/><T9/><D130/><U102/><E71/><V13/><F31/><W70/><G70/><T134/><D72/><U45/><E102/><V97/><F48/><W109/><G43/><T131/><D131/><U24/><E3/><V34/><F34/><W62/><G135/><T111/><D134/><U124/><E124/><V105/><F96/><W106/><G121/><T50/><D111/><N who="3" m="42505" /><G106/><T126/><D126/><U100/><E5/><V32/><F32/><W112/><G112/><T57/><D107/><U58/><E100/><V10/><F10/><W35/><G35/><T54/><D101/><U76/><E24/><V65/><F42/><W87/><G99/><T69/><D69/><U92/><E58/><V67/><REACH who="2" step="1"/><F68/><REACH who="2" ten="265,245,235,245" step="2"/><W120/><G28/><T2/><D2/><U33/><E33/><V75/><F75/><W23/><G120/><T94/><REACH who="0" step="1"/><D44/><REACH who="0" ten="255,245,235,245" step="2"/><U128/><E128/><V29/><F29/><W82/><G12/><T74/><D74/><U40/><E45/><V132/><F132/><W104/><G104/><T6/><D6/><AGARI ba="1,2" hai="6,8,13,65,66,67,89,93,97,98,103,105,114,115" machi="6" ten="40,1300,0" yaku="1,1,53,0" doraHai="18" doraHaiUra="52" who="2" fromWho="0" sc="255,-16,245,0,235,36,245,0" /><INIT seed="1,0,0,2,5,111" ten="239,245,271,245" oya="1" hai0="52,59,73,8,46,74,71,89,29,38,67,0,81" hai1="129,77,24,28,13,22,117,53,15,130,19,35,72" hai2="48,84,50,121,113,114,30,14,127,132,37,93,86" hai3="3,26,80,62,76,116,82,33,21,112,5,55,125"/><U131/><E117/><V133/><F121/><W96/><G33/><T58/><D29/><U44/><E72/><V100/><F37/><W97/><G112/><N who="2" m="43113" /><F30/><W94/><G116/><T61/><D59/><U32/><E77/><V41/><F127/><W85/><G125/><T36/><D89/><U108/><E108/><V106/><F106/><W102/><G80/><T103/><D103/><U66/><E66/><V79/><F14/><N who="1" m="5129" /><E28/><V54/><F79/><W6/><G3/><T27/><D27/><U7/><E7/><V49/><F41/><W47/><G97/><T91/><D36/><U110/><E110/><V101/><F54/><W87/><G87/><N who="2" m="33321" /><F93/><W99/><G99/><T1/><D81/><U70/><E70/><V17/><F17/><W78/><G78/><T120/><D120/><U98/><E98/><V43/><F43/><W109/><G109/><T118/><D118/><U69/><E69/><V18/><F18/><W45/><G5/><T135/><D73/><U63/><E53/><V51/><N who="2" m="12288" /><DORA hai="128" /><V9/><F9/><W122/><G6/><T92/><D74/><U42/><E42/><V23/><F23/><W10/><G10/><T12/><D8/><U25/><E25/><V88/><F88/><W134/><G122/><T105/><D12/><U90/><E90/><V65/><F65/><W39/><G26/><T64/><D64/><U95/><E95/><V75/><F75/><W20/><G94/><T123/><D67/><U60/><E44/><V31/><F31/><W115/><G115/><T4/><D46/><U40/><E40/><V107/><F107/><RYUUKYOKU ba="0,0" sc="239,-15,245,15,271,15,245,-15" hai1="19,22,24,32,35,60,63,129,130,131" hai2="100,101,132,133" /><INIT seed="1,1,0,0,1,70" ten="224,260,286,230" oya="1" hai0="39,12,60,98,78,3,16,74,101,53,71,75,41" hai1="135,26,88,76,86,27,9,57,84,38,58,126,131" hai2="100,61,123,22,6,87,120,108,134,44,114,103,127" hai3="49,29,47,28,117,11,89,0,99,54,82,124,110"/><U7/><E126/><V118/><F118/><W119/><G124/><T115/><D115/><U83/><E131/><V13/><F127/><W36/><G110/><T128/><D128/><U51/><E38/><V19/><F108/><W32/><G32/><T56/><D3/><U15/><E135/><V33/><F134/><W79/><G36/><T37/><D71/><U122/><E122/><V80/><F33/><W17/><G89/><T129/><D129/><U91/><E76/><V45/><F114/><W132/><G99/><T92/><D41/><U34/><E34/><V68/><F123/><W40/><G54/><T97/><D75/><U2/><E2/><V43/><F120/><W112/><G112/><T42/><D42/><U66/><E57/><V116/><F116/><N who="3" m="44619" /><G132/><T25/><D25/><U46/><E58/><V59/><F6/><N who="3" m="1479" /><G17/><T4/><D4/><U30/><E66/><V21/><F68/><W107/><G107/><T90/><D74/><AGARI ba="1,0" hai="28,29,40,47,49,74,79,82" m="1479,44619" machi="74" ten="30,1000,0" yaku="12,1" doraHai="70" who="3" fromWho="0" sc="224,-13,260,0,286,0,230,13" /><INIT seed="2,0,0,0,1,114" ten="211,260,286,243" oya="2" hai0="122,101,68,80,48,76,92,98,63,51,60,125,66" hai1="57,0,12,95,54,33,130,108,17,96,4,104,1" hai2="27,61,34,116,121,8,64,109,30,89,135,42,7" hai3="47,79,117,55,100,90,36,20,103,124,72,35,40"/><V69/><F121/><W107/><G35/><T85/><D122/><U97/><E108/><V21/><F135/><W131/><G117/><T25/><D125/><U105/><E33/><V10/><F109/><W83/><G124/><T14/><D14/><U94/><E130/><V126/><F126/><W32/><G32/><T134/><D134/><U111/><E111/><V113/><F113/><W46/><G131/><T39/><D39/><U127/><E127/><V56/><F8/><W15/><G107/><T5/><D5/><U31/><E31/><V28/><F28/><W106/><G106/><T123/><D123/><U132/><E104/><V102/><F89/><W110/><G110/><T67/><REACH who="0" step="1"/><D25/><REACH who="0" ten="201,260,286,243" step="2"/><U84/><E4/><V93/><F27/><W91/><G15/><T38/><D38/><U24/><E12/><V86/><F7/><W78/><G36/><T22/><D22/><U23/><E23/><V58/><F21/><W37/><G20/><T6/><D6/><U70/><E24/><V115/><F115/><W74/><G37/><T77/><D77/><U49/><E132/><V3/><F10/><W52/><G83/><T41/><D41/><AGARI ba="0,1" hai="40,41,46,47,52,55,72,74,78,79,90,91,100,103" machi="41" ten="25,3200,0" yaku="22,2,54,1" doraHai="114" who="3" fromWho="0" sc="201,-32,260,0,286,0,243,42" /><INIT seed="3,0,0,4,0,8" ten="169,260,286,285" oya="3" hai0="44,71,83,87,54,64,56,66,68,105,25,104,34" hai1="74,99,122,90,55,28,131,103,9,116,45,11,124" hai2="91,43,29,42,58,0,76,75,18,23,32,70,62" hai3="106,120,94,24,113,118,117,2,82,129,40,93,63"/><W53/><G106/><T13/><D104/><U126/><E122/><V37/><F0/><W51/><G120/><T121/><D105/><U19/><E131/><V35/><F70/><W22/><G113/><T73/><D73/><U79/><E116/><V48/><F37/><W84/><G2/><T59/><D121/><U130/><E130/><V128/><F128/><W98/><G129/><T69/><D44/><U50/><E28/><V72/><F29/><W41/><G63/><T109/><D109/><U112/><E112/><V10/><F10/><W7/><G7/><T85/><D25/><U133/><E90/><V36/><F36/><W92/><G98/><T101/><D101/><U26/><E133/><V33/><F91/><N who="3" m="51607" /><G118/><T80/><D34/><U30/><E79/><V15/><F48/><W89/><G89/><T95/><D95/><N who="1" m="58879" /><E74/><V127/><F75/><W97/><G97/><T77/><D71/><U4/><E19/><V39/><F39/><W88/><G88/><T65/><D77/><U134/><E134/><V52/><REACH who="2" step="1"/><F127/><REACH who="2" ten="169,260,276,285" step="2"/><N who="1" m="48681" /><E4/><V17/><F17/><N who="3" m="12367" /><G117/><T1/><D1/><U57/><E9/><V86/><F86/><W61/><G61/><T6/><D87/><U46/><E11/><V135/><F135/><W20/><G20/><AGARI ba="0,1" hai="20,26,30,45,46,50,55,57" m="48681,58879" machi="20" ten="30,1000,0" yaku="18,1" doraHai="8" who="1" fromWho="3" sc="169,0,260,20,276,0,285,-10" /><INIT seed="4,0,0,2,4,53" ten="169,280,276,275" oya="0" hai0="79,15,66,42,26,119,0,110,95,48,39,59,14" hai1="127,11,112,111,133,55,129,83,47,94,128,46,78" hai2="81,89,22,27,90,56,40,32,43,19,134,68,76" hai3="5,87,75,41,72,49,67,7,8,77,98,102,113"/><T69/><D119/><U64/><E111/><V21/><F134/><W57/><G5/><T50/><D0/><U12/><E133/><V121/><F121/><W4/><G7/><T17/><D110/><U105/><E105/><V29/><F68/><W74/><G113/><T73/><D73/><U23/><E127/><V99/><F32/><W96/><G41/><T62/><D79/><U24/><E112/><V30/><F29/><W25/><G25/><T84/><D39/><U97/><E64/><V34/><F34/><W86/><G77/><T116/><D116/><U61/><E83/><V120/><F120/><W101/><G98/><T28/><D42/><U70/><E78/><V93/><F90/><W13/><G102/><T118/><D69/><U6/><E70/><V18/><F30/><W131/><G131/><T103/><D118/><U115/><E115/><V135/><F135/><W80/><G80/><T107/><D107/><U37/><E37/><V10/><F10/><W35/><G35/><T122/><D14/><U52/><E55/><V91/><F91/><W71/><G71/><T114/><D114/><U60/><E52/><V1/><F1/><W31/><G31/><T82/><D122/><U16/><E128/><V2/><F2/><W124/><G124/><T106/><D106/><U45/><E129/><V108/><F108/><W65/><G65/><T63/><D82/><U85/><E85/><N who="2" m="48295" /><F56/><W36/><G36/><T44/><D59/><U130/><E130/><V92/><F92/><N who="3" m="58503" /><G67/><T3/><D66/><U123/><E123/><V109/><F109/><W51/><G57/><RYUUKYOKU ba="0,0" sc="169,-30,280,10,276,10,275,10" hai1="6,11,12,16,23,24,45,46,47,60,61,94,97" hai2="18,19,21,22,27,40,43,89,93,99" hai3="4,8,13,49,51,72,74,75,86,87" /><INIT seed="5,1,0,5,2,117" ten="139,290,286,285" oya="1" hai0="38,11,94,0,85,56,49,104,113,121,73,20,51" hai1="4,107,131,110,43,115,103,18,45,24,22,62,39" hai2="25,116,21,90,95,55,10,77,123,5,78,3,128" hai3="26,9,129,46,86,41,67,44,114,108,91,119,47"/><U87/><E115/><V2/><F116/><W76/><G119/><T93/><D104/><U133/><E131/><V88/><F128/><W120/><G129/><T48/><D73/><U75/><E75/><V32/><F2/><W27/><G108/><T42/><D113/><U16/><E133/><V130/><F130/><W30/><G114/><T134/><D134/><U126/><E126/><V127/><F123/><W92/><G120/><T23/><D121/><U57/><E4/><V53/><F32/><W96/><G67/><T99/><D38/><U65/><E110/><V118/><F90/><W122/><G122/><T97/><D85/><U1/><E1/><V135/><F127/><W83/><G9/><T54/><D11/><U80/><E103/><V71/><F71/><W89/><G26/><T19/><D0/><U111/><E107/><V14/><F3/><W66/><G66/><T6/><D6/><U17/><REACH who="1" step="1"/><E111/><REACH who="1" ten="139,280,286,285" step="2"/><V68/><F135/><W70/><G70/><T15/><D42/><U58/><E58/><V101/><F68/><W102/><REACH who="3" step="1"/><G41/><REACH who="3" ten="139,280,286,275" step="2"/><T81/><D56/><U84/><E84/><N who="2" m="52615" /><F118/><W64/><G64/><T28/><D99/><U59/><E59/><V63/><F101/><W79/><G79/><AGARI ba="1,2" hai="16,17,18,22,24,39,43,45,57,62,65,79,80,87" machi="79" ten="30,11600,0" yaku="1,1,7,1,54,1,53,1" doraHai="117" doraHaiUra="82" who="1" fromWho="3" sc="139,0,280,139,286,0,275,-119" /><INIT seed="5,2,0,4,5,38" ten="139,419,286,156" oya="1" hai0="60,115,1,62,97,16,93,103,66,72,91,75,109" hai1="105,35,116,120,50,79,40,130,122,107,37,10,110" hai2="57,71,46,13,8,94,92,12,111,125,114,77,89" hai3="131,82,23,36,45,5,26,21,61,15,113,47,4"/><U118/><E35/><V87/><F111/><W84/><G113/><T83/><D109/><U29/><E29/><V132/><F71/><W64/><G131/><T28/><D1/><U121/><E110/><V99/><F125/><W27/><G21/><T104/><D115/><U14/><E130/><V49/><F132/><W58/><G26/><T96/><D28/><U119/><E37/><V31/><F31/><N who="3" m="17919" /><G36/><T108/><D108/><U52/><E79/><V76/><F57/><W98/><G98/><T22/><D83/><U128/><E40/><N who="2" m="24775" /><F114/><W102/><G102/><T43/><D43/><U124/><E124/><V129/><F13/><W112/><G112/><T33/><D33/><U11/><E128/><V78/><F129/><W133/><G133/><T18/><D18/><U25/><E25/><V106/><F106/><W6/><G15/><T101/><D101/><U135/><E135/><V0/><F0/><W48/><G48/><T67/><D16/><U51/><E51/><V42/><F42/><W134/><G134/><T80/><D22/><U24/><E24/><V73/><F73/><W56/><G56/><T9/><D72/><U55/><E50/><V88/><F76/><AGARI ba="2,0" hai="4,5,6,45,47,58,61,64,76,82,84" m="17919" machi="76" ten="30,1000,0" yaku="8,1" doraHai="38" who="3" fromWho="2" sc="139,0,419,0,286,-16,156,16" /><INIT seed="6,0,0,4,3,15" ten="139,419,270,172" oya="2" hai0="27,88,12,55,24,96,107,6,119,72,22,39,20" hai1="83,60,128,2,66,41,91,115,53,113,21,5,11" hai2="8,63,25,133,35,34,67,114,95,23,19,106,64" hai3="109,116,30,42,10,99,56,33,32,58,61,18,73"/><V1/><F106/><W13/><G109/><T0/><D72/><U112/><E128/><V29/><F114/><W97/><G116/><T123/><D123/><U75/><E41/><V62/><F133/><W98/><G73/><T121/><D121/><U68/><E21/><V49/><F49/><W4/><G42/><T82/><D39/><U105/><E105/><V36/><F36/><W124/><G124/><T26/><D0/><U92/><E53/><V103/><F63/><W7/><G56/><T108/><D108/><U57/><E83/><V14/><F1/><W117/><G117/><T70/><D70/><U135/><E75/><V78/><F67/><W127/><G127/><T104/><D119/><U79/><E79/><V94/><F78/><W102/><G102/><T132/><D132/><U69/><E135/><V47/><F47/><W37/><G37/><T28/><D104/><U84/><AGARI ba="0,0" hai="2,5,11,57,60,66,68,69,84,91,92,112,113,115" machi="84" ten="30,2000,0" yaku="0,1,15,1" doraHai="15" who="1" fromWho="1" sc="139,-5,419,20,270,-10,172,-5" /><INIT seed="7,0,0,2,1,42" ten="134,439,260,167" oya="3" hai0="14,20,116,39,11,100,82,16,15,0,105,132,31" hai1="63,114,26,97,9,61,66,80,84,122,33,59,112" hai2="6,68,113,45,98,117,70,56,81,72,96,128,1" hai3="19,99,74,67,76,83,54,120,107,130,17,8,32"/><W123/><G32/><T87/><D132/><U109/><E109/><V55/><F117/><W77/><G67/><T79/><D116/><U108/><E108/><V52/><F113/><W85/><G130/><T111/><D111/><U38/><E38/><V133/><F1/><W89/><G54/><T119/><D119/><U121/><E97/><V124/><F6/><W78/><G74/><T2/><D39/><U65/><E9/><V95/><F98/><W47/><G47/><T10/><D105/><U118/><E26/><V29/><F29/><W69/><G69/><T4/><D100/><U64/><E33/><V53/><F53/><W94/><G107/><T75/><D31/><U48/><E48/><N who="2" m="28687" /><F81/><W22/><G8/><T58/><D58/><N who="1" m="36919" /><E66/><V110/><F72/><W30/><G30/><T28/><REACH who="0" step="1"/><D75/><REACH who="0" ten="124,439,260,167" step="2"/><U51/><E51/><N who="2" m="30847" /><F110/><W73/><G73/><T93/><D93/><U90/><E118/><V104/><F104/><W126/><G126/><T7/><D7/><U91/><E91/><V131/><F124/><W23/><G123/><T37/><D37/><U27/><E27/><AGARI ba="0,1" hai="0,2,4,10,11,14,15,16,20,27,28,79,82,87" machi="27" ten="40,2600,0" yaku="1,1,54,1,53,0" doraHai="42" doraHaiUra="49" who="0" fromWho="1" sc="124,36,439,-26,260,0,167,0" owari="160,-34.0,413,51.3,260,6.0,167,-23.3" /></mjloggm>