<mjloggm ver="2.3"><GO type="169" lobby="0"/><UN n0="%42%61%47%61%59%61%4C%6F" n1="%53%E6%9C%A8" n2="%E3%81%A8%E3%81%B3%E3%81%BE%E3%81%93" n3="%E2%98%86%E5%AD%AB%E7%87%95%E5%A7%BF%E2%98%86" dan="16,17,18,17" rate="2070.88,2190.39,2224.26,2234.47" sx="M,M,M,M"/><TAIKYOKU oya="0"/><INIT seed="0,0,0,0,0,95" ten="250,250,250,250" oya="0" hai0="103,121,17,45,7,132,83,130,64,71,47,37,114" hai1="63,120,70,46,31,15,125,11,19,25,3,0,16" hai2="89,123,119,53,40,85,8,109,91,13,4,116,118" hai3="68,14,59,96,74,131,88,50,87,58,6,79,51"/><T133/><D7/><N who="1" m="3583" /><E46/><N who="0" m="17417" /><D83/><U12/><E63/><V97/><F123/><W23/><G131/><T78/><D78/><U38/><E70/><V43/><F109/><W1/><G68/><T105/><D121/><U34/><E38/><V18/><F53/><W28/><G1/><N who="1" m="586" /><E120/><V29/><F29/><W110/><G110/><T48/><D114/><U99/><E99/><V129/><F129/><W2/><G2/><T113/><D113/><U127/><E19/><V20/><F91/><W33/><G74/><T92/><D130/><U9/><AGARI ba="0,0" hai="9,12,16,25,31,34,125,127" m="586,3583" machi="9" ten="30,4000,0" yaku="34,2,54,1" doraHai="95" who="1" fromWho="1" sc="250,-20,250,40,250,-10,250,-10" /><INIT seed="1,0,0,0,4,41" ten="230,290,240,240" oya="1" hai0="32,34,77,25,0,9,118,58,66,5,122,35,89" hai1="31,42,50,105,6,67,43,133,93,21,48,96,104" hai2="112,1,85,7,46,13,114,36,4,95,8,131,17" hai3="26,16,28,110,64,73,98,27,37,127,83,10,135"/><U23/><E133/><V111/><F111/><W65/><G110/><T97/><D118/><U40/><E6/><V81/><F95/><W123/><G123/><T121/><D77/><U109/><E67/><V59/><F59/><W120/><G120/><T19/><D58/><U72/><E72/><V101/><F101/><W56/><G37/><T53/><D53/><U132/><E132/><V38/><F131/><W86/><G73/><T49/><D49/><U128/><E109/><V33/><F33/><W55/><G127/><T91/><D66/><U29/><E93/><V134/><F134/><W126/><G98/><T75/><D75/><U15/><E43/><N who="2" m="22887" /><F38/><W78/><G126/><T61/><D61/><U116/><E15/><V106/><F106/><W102/><G102/><T24/><D97/><U80/><E80/><V63/><F63/><W52/><G55/><T39/><D39/><U69/><E96/><V71/><F1/><W20/><G135/><T2/><D91/><U11/><E128/><V79/><F71/><W3/><G3/><N who="0" m="1067" /><D89/><U88/><E88/><V47/><F47/><W100/><G100/><T90/><D90/><U94/><E94/><V30/><F30/><W14/><G27/><N who="0" m="10315" /><D5/><U124/><E124/><V22/><F7/><W12/><G14/><AGARI ba="0,0" hai="9,14,19,32,34,35,121,122" m="10315,1067" machi="14" ten="40,2600,0" yaku="34,2" doraHai="41" who="0" fromWho="3" sc="230,26,290,0,240,0,240,-26" /><INIT seed="2,0,0,5,2,3" ten="256,290,240,214" oya="2" hai0="15,63,93,36,29,61,26,46,84,16,85,77,19" hai1="114,31,20,103,112,35,30,113,5,82,59,106,42" hai2="11,135,123,0,86,25,12,57,39,62,116,122,24" hai3="111,83,37,100,76,130,108,22,73,131,124,109,28"/><V43/><F116/><W49/><G37/><T125/><D125/><U94/><E35/><V58/><F135/><W14/><G49/><T65/><D36/><U78/><E106/><V2/><F86/><W115/><G28/><T80/><D46/><U10/><E42/><V8/><F39/><W99/><G22/><T38/><D38/><U17/><E59/><V97/><F97/><W44/><G14/><T126/><D126/><U89/><E103/><V72/><F12/><W70/><G44/><T55/><D55/><U101/><E101/><V105/><F105/><N who="3" m="63647" /><G70/><T129/><D129/><N who="3" m="49161" /><G124/><T34/><D19/><U119/><E119/><V118/><F118/><W92/><G92/><T7/><D65/><U45/><E45/><V74/><REACH who="2" step="1"/><F62/><REACH who="2" ten="256,290,230,214" step="2"/><W27/><G27/><T64/><D63/><U56/><E113/><AGARI ba="0,1" hai="73,76,83,108,109,111,113,115" m="49161,63647" machi="113" ten="40,8000,1" yaku="14,1,19,1,23,1,34,2" doraHai="3" who="3" fromWho="1" sc="256,0,290,-80,230,0,214,90" /><INIT seed="3,0,0,5,1,2" ten="256,210,230,304" oya="3" hai0="19,50,119,27,57,9,63,37,29,95,49,69,97" hai1="133,43,101,94,14,124,26,61,44,82,54,83,0" hai2="33,48,134,12,79,123,125,5,117,114,109,128,132" hai3="31,47,16,45,22,70,84,93,1,15,58,106,122"/><W24/><G106/><T80/><D119/><U67/><E124/><V99/><F79/><W56/><G70/><T90/><D37/><U111/><E111/><V87/><F87/><W20/><G1/><T100/><D69/><U129/><E0/><V68/><F99/><W28/><G122/><T121/><D121/><U112/><E112/><V4/><F68/><W34/><G31/><T89/><D9/><U21/><E67/><V42/><F123/><W39/><G34/><T77/><D19/><U131/><E14/><V71/><F71/><W52/><G58/><T55/><D89/><U104/><E104/><V98/><F114/><W130/><G39/><T105/><D90/><U107/><E107/><V40/><F98/><W13/><G13/><T65/><D55/><U17/><E94/><V62/><F62/><W86/><G130/><N who="1" m="49674" /><E133/><V96/><F96/><W110/><G110/><T85/><REACH who="0" step="1"/><D105/><REACH who="0" ten="246,210,230,304" step="2"/><U126/><E126/><V30/><F128/><W66/><G66/><T127/><D127/><U108/><E108/><V88/><F125/><W91/><G86/><T3/><D3/><U74/><E74/><V115/><F109/><W135/><G135/><T118/><D118/><U76/><E101/><V113/><F117/><W8/><G8/><T72/><D72/><U11/><E11/><V38/><F38/><W103/><G103/><T59/><D59/><N who="1" m="35063" /><E76/><V51/><F88/><W6/><G6/><T92/><D92/><U36/><AGARI ba="0,1" hai="17,21,26,36,43,44,82,83" m="35063,49674" machi="36" ten="30,1100,0" yaku="19,1" doraHai="2" who="1" fromWho="1" sc="246,-3,210,21,230,-3,304,-5" /><INIT seed="4,0,0,5,1,16" ten="243,231,227,299" oya="0" hai0="48,44,82,71,98,123,12,28,131,92,65,95,49" hai1="128,116,30,85,124,18,0,41,114,109,94,84,6" hai2="39,2,52,89,29,23,32,1,40,79,55,93,54" hai3="10,129,78,100,70,134,22,133,76,11,118,77,64"/><T113/><D123/><U50/><E116/><V108/><F108/><W68/><G118/><T19/><D113/><U111/><E114/><V9/><F32/><W97/><G64/><T7/><D131/><U86/><E128/><V126/><F126/><W3/><G129/><T21/><D82/><U127/><E30/><V81/><F40/><W33/><G33/><T110/><D110/><U105/><E105/><V106/><F106/><W61/><G61/><T4/><D92/><U99/><E0/><V119/><F39/><W25/><G3/><T17/><D28/><U125/><E6/><V26/><F9/><N who="3" m="3083" /><G97/><T59/><D71/><U132/><E132/><N who="3" m="50794" /><G100/><N who="0" m="60511" /><D19/><AGARI ba="0,0" hai="19,22,25,68,70,76,77,78" m="50794,3083" machi="19" ten="30,2000,0" yaku="20,1,52,1" doraHai="16" who="3" fromWho="0" sc="243,-20,231,0,227,0,299,20" /><INIT seed="5,0,0,2,0,65" ten="223,231,227,319" oya="1" hai0="54,64,105,20,92,49,9,110,79,129,4,131,10" hai1="77,78,114,97,55,120,83,112,25,67,72,96,91" hai2="29,106,44,1,5,50,124,135,24,11,6,87,118" hai3="17,75,45,99,43,27,34,133,89,59,46,23,33"/><U38/><E38/><V88/><F118/><W80/><G133/><T90/><D105/><U31/><E120/><V30/><F106/><W100/><G59/><T122/><D110/><U32/><E78/><V117/><F117/><W13/><G46/><T7/><D79/><U53/><E67/><V37/><F37/><W71/><G71/><T70/><D20/><U121/><E121/><V68/><F135/><W76/><G89/><T60/><D9/><U26/><E25/><V134/><F134/><W18/><G18/><T115/><D115/><N who="1" m="44075" /><E91/><V15/><F68/><W85/><G75/><T125/><D125/><U111/><E111/><V62/><F62/><W19/><G19/><T104/><D104/><U40/><E40/><N who="2" m="24839" /><F124/><W58/><G58/><N who="0" m="33103" /><D10/><U16/><E16/><N who="2" m="8319" /><F1/><W126/><G126/><T82/><D122/><U14/><E14/><V21/><F30/><W56/><G56/><T74/><D74/><U101/><E97/><V63/><F63/><W2/><G2/><T36/><D36/><U61/><E61/><V127/><F127/><W22/><G22/><T109/><D109/><U130/><E130/><N who="0" m="49673" /><D82/><AGARI ba="0,0" hai="5,6,21,24,29,82,87,88" m="8319,24839" machi="82" ten="30,3900,0" yaku="8,1,54,2" doraHai="65" who="2" fromWho="0" sc="223,-39,231,0,227,39,319,0" /><INIT seed="6,0,0,2,5,82" ten="184,231,266,319" oya="2" hai0="100,124,48,66,68,103,89,102,90,74,126,119,112" hai1="110,85,35,79,134,101,93,42,122,33,58,109,7" hai2="69,29,6,46,23,135,77,83,10,73,131,12,32" hai3="40,99,55,92,39,63,2,44,17,16,57,88,84"/><V70/><F131/><W62/><G2/><T94/><D68/><U76/><E134/><V98/><F135/><W20/><G63/><T0/><D0/><U9/><E42/><V106/><F23/><W54/><G54/><T25/><D66/><U21/><E21/><V71/><F46/><W51/><G39/><T67/><D67/><U64/><E122/><V78/><F78/><W30/><G99/><T125/><D48/><U108/><E101/><N who="0" m="39017" /><D25/><AGARI ba="0,0" hai="16,17,20,25,30,40,44,51,55,57,62,84,88,92" machi="25" ten="40,8000,1" yaku="8,1,52,1,54,2" doraHai="82" who="3" fromWho="0" sc="184,-80,231,0,266,0,319,80" /><INIT seed="7,0,0,5,4,48" ten="104,231,266,399" oya="3" hai0="123,116,17,122,133,135,120,5,103,77,7,20,42" hai1="76,10,22,32,16,75,124,4,66,85,40,35,117" hai2="121,56,53,87,125,84,113,9,29,86,92,104,33" hai3="38,106,119,67,26,68,102,19,12,131,70,81,91"/><W49/><G38/><T13/><D103/><U58/><E75/><V100/><F104/><W0/><G0/><T73/><D42/><U97/><E124/><V54/><F125/><W3/><G3/><T105/><D105/><U50/><E117/><V72/><F72/><W60/><G26/><T111/><D73/><U99/><E32/><V79/><F33/><W44/><G131/><T27/><D77/><U59/><E35/><V46/><F29/><W83/><G70/><T134/><D111/><U18/><E18/><V41/><F113/><W28/><G28/><T34/><REACH who="0" step="1"/><D116/><REACH who="0" ten="94,231,266,399" step="2"/><U62/><E76/><V82/><F41/><W78/><G119/><T11/><D11/><U93/><E10/><V126/><F9/><W88/><G102/><T110/><D110/><U45/><E40/><V107/><F79/><W2/><G106/><T57/><D57/><U108/><E58/><V30/><F56/><W115/><G78/><T51/><D51/><U129/><E108/><V63/><F100/><W21/><G49/><T14/><D14/><U37/><E59/><V109/><F107/><W112/><G12/><T24/><D24/><U98/><E50/><V118/><F109/><W25/><G25/><T8/><D8/><U95/><E37/><V6/><F118/><W61/><G2/><T101/><D101/><U90/><E4/><V1/><F6/><W94/><G91/><T132/><N who="0" m="33792" /><DORA hai="80" /><T64/><D64/><U36/><E66/><V127/><F126/><W130/><G67/><T74/><D74/><U89/><E90/><V43/><F127/><W47/><G88/><RYUUKYOKU ba="0,1" sc="94,30,231,-10,266,-10,399,-10" hai0="5,7,13,17,20,27,34,120,122,123" owari="124,-37.6,221,-17.9,256,5.6,399,49.9" /></mjloggm>