<mjloggm ver="2.3"><GO type="169" lobby="0"/><UN n0="%6B%6F%61%6C%61" n1="%42%65%6E%63%68%69%6E%67" n2="%7A%6F%6F%31%39%36%34" n3="%E3%83%A2%E3%83%AD%E3%83%98%E3%82%A4%E3%83%A4" dan="16,16,18,16" rate="2057.21,2215.55,2280.63,2180.89" sx="M,M,M,M"/><TAIKYOKU oya="0"/><INIT seed="0,0,0,0,4,25" ten="250,250,250,250" oya="0" hai0="24,91,95,115,103,101,116,36,59,72,37,17,117" hai1="30,77,39,21,84,42,75,129,53,45,65,92,29" hai2="114,62,12,119,0,20,87,93,102,32,51,67,47" hai3="118,10,69,109,19,111,97,3,88,107,89,57,26"/><T44/><D72/><U70/><E129/><V105/><F114/><W90/><G69/><T14/><D115/><U123/><E123/><V135/><F0/><W46/><G118/><T22/><D117/><U106/><E106/><V110/><F119/><W128/><G128/><T104/><D116/><U23/><E75/><V132/><F32/><W134/><G134/><T131/><D131/><U121/><E121/><V78/><F105/><W125/><G125/><T112/><D112/><U49/><E23/><V81/><F110/><W126/><G126/><T4/><D104/><U8/><E21/><V98/><F12/><W7/><G57/><T133/><D133/><U60/><E8/><V74/><F20/><W82/><G46/><T96/><D59/><N who="1" m="33199" /><E92/><V1/><F1/><W63/><G63/><T83/><D83/><AGARI ba="0,0" hai="29,30,39,42,45,60,65,70,77,83,84" m="33199" machi="83" ten="30,3900,0" yaku="24,1,52,2" doraHai="25" who="1" fromWho="0" sc="250,-39,250,39,250,0,250,0" /><INIT seed="1,0,0,5,4,106" ten="211,289,250,250" oya="1" hai0="76,101,92,120,33,119,122,52,53,64,7,49,127" hai1="98,42,97,74,4,116,57,118,115,12,0,68,61" hai2="32,2,109,83,93,86,1,16,103,6,60,87,70" hai3="66,126,10,114,36,58,81,21,94,28,40,3,71"/><U131/><E115/><V50/><F32/><W125/><G71/><T39/><D33/><U48/><E0/><V14/><F109/><W45/><G114/><T107/><D107/><U63/><E131/><V75/><F6/><W18/><G28/><T121/><D7/><U5/><E68/><V22/><F50/><W110/><G110/><T31/><D31/><U105/><E74/><V133/><F133/><W56/><G94/><T134/><D134/><U35/><E35/><V25/><F75/><W102/><G102/><T112/><D119/><U41/><E105/><V123/><F123/><W34/><G34/><T44/><D76/><U82/><E48/><V84/><F83/><W24/><G66/><T59/><D112/><U30/><E30/><V15/><F103/><W89/><G10/><T96/><D64/><U27/><E12/><V79/><F93/><W13/><G13/><N who="2" m="4617" /><F79/><W20/><G20/><T88/><D127/><N who="3" m="48649" /><G3/><T117/><D117/><U19/><E82/><V43/><F43/><W47/><G45/><T69/><D69/><U111/><E111/><V128/><F128/><W51/><G36/><T78/><D78/><U8/><E8/><V62/><F70/><W26/><G24/><T104/><D39/><U132/><E27/><V90/><F90/><W9/><G9/><T17/><D104/><U95/><E95/><V130/><F130/><W37/><G37/><T23/><D101/><U67/><E132/><V80/><F80/><W77/><G89/><T38/><D38/><U135/><E135/><V91/><F91/><W73/><AGARI ba="0,0" hai="18,21,26,40,47,51,56,58,73,77,81" m="48649" machi="73" ten="30,2000,0" yaku="18,1,52,1" doraHai="106" who="3" fromWho="3" sc="211,-5,289,-10,250,-5,250,20" /><INIT seed="2,0,0,4,5,54" ten="206,279,245,270" oya="2" hai0="120,105,49,48,66,33,76,32,22,113,125,62,26" hai1="85,37,100,129,72,87,99,122,30,114,128,13,73" hai2="130,16,46,127,116,133,45,55,21,10,17,27,70" hai3="19,115,25,71,92,3,53,106,47,126,15,24,2"/><V38/><F116/><W86/><G106/><T96/><D113/><U97/><E30/><V28/><F70/><W20/><G71/><T103/><D120/><U43/><E43/><V89/><F133/><W58/><G115/><T1/><D1/><U109/><E13/><V41/><F130/><N who="1" m="50281" /><E37/><V14/><F127/><W23/><G47/><T121/><D125/><U31/><E31/><V108/><F108/><W12/><G2/><T35/><D121/><U18/><E18/><V78/><F78/><W68/><G68/><T75/><D75/><N who="1" m="28747" /><E114/><V29/><F89/><N who="3" m="53303" /><G3/><T118/><D118/><U79/><E109/><V90/><F90/><W63/><G126/><T11/><D11/><U77/><E122/><V51/><AGARI ba="0,0" hai="10,14,16,17,21,27,28,29,38,41,45,46,51,55" machi="51" ten="30,3000,0" yaku="0,1,54,1" doraHai="54" who="2" fromWho="2" sc="206,-10,279,-10,245,30,270,-10" /><INIT seed="2,1,0,5,1,5" ten="196,269,275,260" oya="2" hai0="3,54,39,125,19,64,58,77,102,1,27,87,110" hai1="48,76,32,82,49,34,11,22,7,47,65,45,96" hai2="127,16,13,92,30,70,126,109,79,43,69,0,135" hai3="52,33,28,38,23,46,10,115,57,95,129,68,73"/><V8/><F135/><W83/><G68/><T80/><D39/><U131/><E131/><V50/><F109/><W118/><G33/><T20/><D110/><U59/><E22/><V25/><F79/><W14/><G118/><T37/><D37/><U93/><E32/><N who="2" m="20559" /><F92/><W113/><G129/><T119/><D119/><U26/><E26/><V61/><F61/><W6/><G28/><T17/><D125/><N who="2" m="47626" /><F0/><W67/><G23/><T63/><D102/><U94/><E34/><V62/><F62/><W84/><G73/><T72/><D72/><U31/><E31/><V103/><F103/><W12/><G95/><T134/><D134/><U53/><E65/><V97/><F97/><W88/><G67/><T123/><D1/><U117/><E117/><V111/><F111/><W74/><G74/><T9/><D64/><U114/><E114/><V105/><F105/><W108/><G108/><T101/><D101/><U75/><E96/><V86/><F86/><W55/><G12/><T130/><D130/><U133/><E133/><V15/><F13/><W116/><G116/><T85/><D85/><U124/><E124/><V104/><F104/><W107/><G107/><T89/><D77/><U81/><E81/><V51/><F43/><N who="3" m="22903" /><G57/><T98/><D98/><U40/><REACH who="1" step="1"/><E59/><REACH who="1" ten="196,259,275,260" step="2"/><V91/><F91/><W71/><G71/><AGARI ba="1,1" hai="8,15,16,50,51,69,70,71" m="47626,20559" machi="71" ten="30,5800,0" yaku="18,1,52,1,54,1" doraHai="5" who="2" fromWho="3" sc="196,0,259,0,275,71,260,-61" /><INIT seed="2,2,0,4,3,51" ten="196,259,346,199" oya="2" hai0="44,46,91,25,135,111,40,27,114,31,28,118,127" hai1="36,117,77,105,18,38,96,19,112,81,85,24,66" hai2="2,65,100,122,110,79,64,89,48,108,71,55,130" hai3="41,35,12,33,101,15,106,32,62,121,58,115,14"/><V3/><F100/><W6/><G121/><T124/><D114/><U99/><E117/><V133/><F122/><W47/><G115/><T16/><D118/><U109/><E109/><N who="2" m="42091" /><F133/><W123/><G123/><T57/><D135/><U128/><E128/><V67/><F71/><W4/><G101/><T61/><D111/><U70/><E112/><V7/><F130/><W56/><G106/><T132/><D91/><U29/><E36/><V39/><F39/><W17/><G17/><T103/><D103/><U5/><E5/><V80/><F89/><W37/><REACH who="3" step="1"/><G56/><REACH who="3" ten="196,259,346,189" step="2"/><T84/><D132/><U50/><E19/><V53/><F48/><W88/><G88/><T20/><D16/><U60/><E50/><V86/><F7/><W68/><G68/><T74/><D57/><U13/><E38/><V63/><F63/><W34/><N who="3" m="8192" /><DORA hai="113" /><W22/><G22/><T23/><D61/><U49/><E49/><V92/><F92/><W116/><G116/><T83/><D20/><N who="1" m="15495" /><E105/><V95/><F95/><W93/><G93/><T59/><D23/><N who="1" m="11727" /><E70/><V30/><F30/><W90/><G90/><T129/><D28/><U1/><E60/><V97/><F97/><W43/><G43/><T87/><D40/><U134/><E134/><V9/><F9/><W42/><G42/><T54/><D31/><U76/><E99/><V94/><F94/><W45/><G45/><T119/><D44/><U73/><E96/><V26/><F26/><W75/><G75/><T72/><D25/><U120/><E120/><V8/><F8/><W125/><G125/><T104/><D27/><U0/><E73/><RYUUKYOKU ba="2,1" sc="196,-15,259,-15,346,15,189,15" hai2="2,3,53,55,64,65,67,79,80,86" hai3="4,6,12,14,15,37,41,47,58,62" /><INIT seed="2,3,1,2,3,22" ten="181,244,361,204" oya="2" hai0="104,42,78,53,65,108,18,75,74,97,40,55,63" hai1="102,44,2,31,43,58,128,29,60,4,119,90,96" hai2="82,71,85,117,114,54,56,5,52,11,26,118,115" hai3="32,57,124,113,94,27,28,39,66,121,37,125,132"/><V112/><F71/><W88/><G121/><T15/><D108/><U103/><E128/><V61/><F54/><W9/><G132/><T67/><D104/><U35/><E119/><V6/><F6/><W123/><G123/><T48/><D97/><U98/><E2/><V110/><F110/><W99/><G113/><T69/><D67/><U111/><E4/><V130/><F130/><W135/><G135/><T24/><D55/><U13/><E13/><V50/><F61/><W30/><G30/><T51/><D51/><U70/><E70/><V93/><F93/><W19/><G19/><T3/><D3/><U106/><E90/><V107/><F107/><W72/><G72/><T91/><D91/><U45/><E111/><V77/><REACH who="2" step="1"/><F26/><REACH who="2" ten="181,244,351,204" step="2"/><W62/><REACH who="3" step="1"/><G9/><REACH who="3" ten="181,244,351,194" step="2"/><T116/><D116/><U68/><E106/><V36/><F36/><AGARI ba="3,3" hai="27,28,32,36,37,39,57,62,66,88,94,99,124,125" machi="36" ten="40,8000,1" yaku="1,1,2,1,52,1,54,1,53,0" doraHai="22" doraHaiUra="79" who="3" fromWho="2" sc="181,0,244,0,351,-89,194,119" /><INIT seed="3,0,0,4,2,65" ten="181,244,262,313" oya="3" hai0="83,82,119,95,135,124,115,67,97,88,118,87,3" hai1="11,96,78,60,22,35,13,16,28,81,50,79,24" hai2="57,107,131,63,112,123,42,39,89,105,59,26,4" hai3="62,125,132,106,27,51,116,55,29,44,71,21,94"/><W61/><G106/><T70/><D3/><U109/><E109/><V108/><F112/><W102/><G116/><T92/><D115/><U49/><E60/><V90/><F108/><W56/><G132/><T98/><D135/><U114/><E114/><V93/><F131/><W45/><G125/><T37/><D37/><U32/><E96/><V15/><F123/><W74/><G74/><T66/><D124/><U69/><E69/><V73/><F73/><W127/><G127/><T111/><D111/><U36/><E36/><V1/><F1/><W46/><REACH who="3" step="1"/><G71/><REACH who="3" ten="181,244,262,303" step="2"/><T129/><D70/><U20/><E32/><V122/><F107/><W76/><G76/><T2/><D129/><U38/><E79/><V120/><F105/><W17/><G17/><T25/><D119/><U91/><E78/><V18/><F18/><W121/><G121/><T126/><D126/><U117/><E117/><V77/><F77/><W5/><G5/><T7/><D118/><U10/><E35/><V68/><F4/><W9/><G9/><T75/><D7/><U31/><E10/><V52/><F68/><W12/><G12/><T54/><D75/><U19/><E19/><V85/><BYE who="1" /><F15/><W130/><G130/><T33/><D2/><U43/><E43/><V40/><F122/><UN n1="%42%65%6E%63%68%69%6E%67" /><W64/><G64/><T110/><D66/><U53/><E11/><V134/><F120/><W86/><G86/><T30/><D67/><U8/><E8/><V48/><F134/><W104/><G104/><T0/><D0/><U133/><E133/><V23/><F40/><W34/><G34/><T113/><D33/><RYUUKYOKU ba="0,1" sc="181,-10,244,-10,262,-10,303,30" hai3="21,27,29,44,45,46,51,55,56,61,62,94,102" /><INIT seed="3,1,1,0,0,42" ten="171,234,252,333" oya="3" hai0="98,66,51,97,9,43,17,11,117,103,132,61,2" hai1="63,88,71,85,113,27,73,101,125,96,70,7,23" hai2="107,93,30,16,32,130,119,108,58,110,74,31,99" hai3="89,48,126,46,104,49,21,82,36,133,100,65,116"/><W25/><G116/><T3/><D117/><U105/><E125/><V127/><F119/><W90/><G126/><T112/><D132/><U114/><E7/><V60/><F127/><W45/><G36/><T57/><D112/><U84/><E84/><V94/><F74/><W64/><G100/><T55/><D43/><U19/><E73/><V54/><F107/><W118/><G104/><T18/><D2/><U39/><E39/><V78/><F78/><W50/><G133/><T10/><D3/><U83/><REACH who="1" step="1"/><E63/><REACH who="1" ten="171,224,252,333" step="2"/><V28/><F110/><W109/><G109/><T22/><D103/><U44/><E44/><N who="3" m="17002" /><G118/><T121/><D121/><U115/><AGARI ba="1,2" hai="19,23,27,70,71,83,85,88,96,101,105,113,114,115" machi="115" ten="30,4000,0" yaku="1,1,0,1,54,1,53,0" doraHai="42" doraHaiUra="38" who="1" fromWho="1" sc="171,-11,224,63,252,-11,333,-21" /><INIT seed="4,0,0,5,3,44" ten="160,287,241,312" oya="0" hai0="126,128,17,54,105,69,65,129,26,125,135,47,3" hai1="132,131,39,77,32,80,100,79,109,13,56,120,38" hai2="127,24,123,48,0,55,121,85,106,73,50,4,71" hai3="103,58,99,75,33,76,27,5,52,61,104,7,72"/><T34/><D105/><U40/><E120/><V68/><F73/><W51/><G75/><T82/><D3/><U6/><E109/><V36/><F36/><W53/><G76/><T81/><D17/><U93/><E32/><V30/><F106/><W119/><G72/><T8/><D8/><U90/><E132/><V19/><F19/><W96/><G96/><T62/><D26/><U86/><E131/><N who="0" m="50249" /><D34/><U23/><E40/><V83/><F127/><N who="0" m="48650" /><D135/><U12/><E38/><V84/><F4/><W114/><G114/><T22/><D22/><U112/><E39/><V133/><F0/><W28/><G119/><T16/><D16/><N who="1" m="10631" /><E112/><V21/><F133/><W95/><G104/><T74/><D74/><U111/><E111/><V115/><F115/><W130/><G130/><T88/><D88/><N who="1" m="51271" /><E56/><AGARI ba="0,0" hai="5,7,27,28,33,51,52,53,56,58,61,95,99,103" machi="56" ten="30,3900,0" yaku="7,1,52,1,54,1" doraHai="44" who="3" fromWho="1" sc="160,0,287,-39,241,0,312,39" /><INIT seed="5,0,0,0,0,93" ten="160,248,241,351" oya="1" hai0="116,19,48,16,45,105,95,13,114,60,62,107,36" hai1="8,78,11,24,100,127,21,25,61,70,29,85,76" hai2="102,52,88,51,33,59,90,53,101,55,56,126,80" hai3="83,113,47,5,109,81,84,30,130,118,104,82,22"/><U44/><E127/><V10/><F33/><W17/><G104/><T108/><D116/><U96/><E44/><V112/><F126/><W64/><G109/><T75/><D108/><U18/><E70/><V7/><F112/><W66/><G113/><T135/><D114/><U12/><E61/><V134/><F134/><W14/><G118/><T77/><D36/><U106/><E11/><V123/><F123/><W37/><G130/><T42/><D135/><U74/><E74/><V32/><F32/><W54/><G5/><T3/><D3/><U41/><E41/><V68/><F68/><W73/><G73/><T103/><D107/><U79/><REACH who="1" step="1"/><E25/><REACH who="1" ten="160,238,241,351" step="2"/><V117/><F117/><W28/><G47/><T86/><D75/><U26/><E26/><V20/><F10/><W39/><G39/><T98/><D62/><U128/><E128/><V99/><F59/><W132/><G37/><T15/><D60/><U2/><E2/><V4/><F56/><W49/><G132/><T115/><D115/><U50/><E50/><V125/><F51/><W120/><G49/><T65/><D65/><U91/><E91/><V43/><F43/><W72/><G72/><T131/><D131/><U110/><E110/><V34/><F90/><W87/><G66/><T0/><D0/><U27/><E27/><V40/><F40/><W119/><G64/><T122/><D122/><U124/><E124/><V121/><F121/><W1/><G119/><T38/><D38/><U46/><E46/><V97/><F88/><W63/><G120/><T71/><D71/><U94/><E94/><N who="2" m="58551" /><F125/><W58/><G63/><RYUUKYOKU ba="0,1" sc="160,-10,238,30,241,-10,351,-10" hai1="8,12,18,21,24,29,76,78,79,85,96,100,106" /><INIT seed="5,1,1,1,4,17" ten="150,268,231,341" oya="1" hai0="124,76,87,127,88,135,33,106,4,75,27,92,70" hai1="83,78,112,95,40,73,118,34,96,9,51,3,52" hai2="123,6,64,13,113,66,32,133,25,86,111,61,54" hai3="16,80,85,36,46,134,119,14,126,109,49,43,55"/><U117/><E34/><V37/><F111/><W57/><G134/><T47/><D70/><U42/><E112/><V24/><F123/><W30/><G126/><T62/><D4/><U100/><E3/><V44/><F133/><W23/><G119/><T81/><D62/><U102/><E9/><V122/><F122/><W48/><G109/><T10/><D10/><U82/><E100/><V114/><F6/><W58/><G30/><T65/><D65/><U105/><E82/><V132/><F13/><W116/><G116/><T125/><D135/><U94/><E40/><V7/><F7/><W69/><G69/><T63/><D63/><U79/><E42/><V20/><F25/><W74/><G74/><T8/><D8/><U2/><E79/><V5/><F32/><W28/><G28/><T68/><D68/><U93/><REACH who="1" step="1"/><E2/><REACH who="1" ten="150,258,231,341" step="2"/><V29/><F132/><W39/><G58/><AGARI ba="1,2" hai="51,52,58,73,78,83,93,94,95,96,102,105,117,118" machi="58" ten="40,7700,0" yaku="1,1,2,1,54,1,53,0" doraHai="17" doraHaiUra="60" who="1" fromWho="3" sc="150,0,258,100,231,0,341,-80" /><INIT seed="5,2,0,2,1,5" ten="150,358,231,261" oya="1" hai0="43,91,57,135,114,72,56,62,31,76,82,110,33" hai1="120,84,41,67,104,108,122,128,46,12,32,111,25" hai2="22,88,129,131,130,77,19,113,49,112,80,64,20" hai3="2,123,126,121,9,81,97,26,3,8,125,0,93"/><U61/><E104/><V50/><F64/><W23/><G81/><T79/><D110/><N who="1" m="42027" /><E84/><N who="2" m="50183" /><F77/><W100/><G121/><N who="1" m="46698" /><E25/><N who="2" m="14495" /><F22/><W38/><G38/><T124/><D33/><U109/><N who="1" m="42035" /><U95/><DORA hai="4" /><E95/><V119/><F119/><W102/><G102/><T55/><D72/><U99/><E99/><V71/><F71/><W18/><REACH who="3" step="1"/><G123/><REACH who="3" ten="150,358,231,251" step="2"/><T65/><D82/><U51/><E128/><V39/><F39/><W132/><G132/><T116/><D135/><U45/><E32/><V36/><F36/><W59/><G59/><T13/><D57/><N who="1" m="37295" /><E45/><V73/><F73/><W37/><G37/><T15/><D56/><U54/><E12/><V17/><F131/><W96/><G96/><T87/><D13/><U6/><E6/><V52/><F130/><W103/><G103/><T24/><D15/><U66/><E66/><V10/><F129/><W40/><G40/><AGARI ba="2,1" hai="40,41,46,51,54" m="37295,46698,42035" machi="40" ten="50,9600,0" yaku="10,1,34,2" doraHai="5,4" who="1" fromWho="3" sc="150,0,358,112,231,0,251,-102" /><INIT seed="5,3,0,3,3,33" ten="150,470,231,149" oya="1" hai0="11,104,54,69,76,102,23,128,60,24,134,133,56" hai1="110,22,18,95,103,49,127,21,65,46,67,55,113" hai2="36,30,20,118,6,53,116,135,123,41,39,26,77" hai3="70,2,130,63,62,97,45,25,92,40,120,57,75"/><U47/><E113/><V81/><F123/><W9/><G75/><T126/><D128/><U125/><E110/><V87/><F135/><N who="0" m="51722" /><D126/><N who="1" m="48139" /><E46/><V74/><F53/><W86/><G120/><T131/><D131/><U3/><E3/><V51/><F51/><W99/><G130/><T1/><D76/><U124/><E22/><V89/><F6/><W78/><G70/><T80/><D80/><U12/><E124/><V121/><F121/><W93/><G25/><T52/><D69/><U100/><E95/><V132/><F132/><W42/><G9/><T31/><D104/><U0/><E0/><V35/><F20/><W96/><G2/><T84/><D102/><AGARI ba="3,0" hai="12,18,21,47,49,55,65,67,100,102,103" m="48139" machi="102" ten="30,1500,0" yaku="18,1" doraHai="33" who="1" fromWho="0" sc="150,-24,470,24,231,0,149,0" /><INIT seed="5,4,0,1,5,34" ten="126,494,231,149" oya="1" hai0="41,48,51,24,27,71,105,62,39,135,9,74,98" hai1="18,125,0,122,107,84,21,4,15,38,64,131,52" hai2="115,110,96,132,79,61,13,2,19,114,73,33,99" hai3="30,16,87,10,31,46,77,63,56,82,92,102,94"/><U116/><E122/><V14/><F110/><W28/><G46/><T119/><D74/><U80/><E116/><V104/><F33/><W100/><G100/><T69/><D119/><U68/><E38/><V5/><F132/><W42/><G42/><T93/><D135/><U59/><E125/><V22/><F14/><N who="3" m="7255" /><G102/><T35/><D105/><U108/><E131/><V103/><F99/><W11/><G11/><T29/><D9/><U109/><E107/><V117/><F117/><W95/><G94/><T40/><D39/><U120/><E68/><V75/><F75/><W106/><G106/><T44/><D27/><U37/><E64/><AGARI ba="4,0" hai="28,30,31,56,63,64,77,82,87,92,95" m="7255" machi="64" ten="30,2000,0" yaku="8,1,54,1" doraHai="34" who="3" fromWho="1" sc="126,0,494,-32,231,0,149,32" /><INIT seed="6,0,0,5,1,10" ten="126,462,231,181" oya="2" hai0="88,41,17,125,128,60,40,42,102,45,63,69,80" hai1="116,47,94,79,103,7,97,72,57,109,134,11,96" hai2="12,117,70,8,127,56,15,65,64,44,53,1,76" hai3="59,62,31,91,49,95,81,111,29,104,5,133,36"/><V121/><F117/><W18/><G36/><T20/><D128/><U25/><E109/><V86/><F121/><W26/><G104/><T132/><D125/><U23/><E134/><V38/><F127/><W52/><G111/><T68/><D132/><U78/><E72/><V4/><F70/><W115/><G5/><T16/><D102/><U30/><E47/><V106/><F106/><W131/><G131/><T32/><D32/><U98/><E116/><V46/><F46/><W50/><G133/><T110/><D110/><U89/><E57/><V51/><F76/><W101/><G101/><T3/><D3/><U13/><E98/><V28/><F28/><W67/><G81/><T77/><D45/><U48/><E48/><V105/><F86/><W55/><G50/><T6/><D6/><U54/><E54/><N who="3" m="20522" /><G49/><T39/><D39/><U113/><E113/><V118/><F105/><AGARI ba="0,0" hai="7,11,13,23,25,30,78,79,89,94,96,97,103,105" machi="105" ten="30,2000,0" yaku="7,1,52,1" doraHai="10" who="1" fromWho="2" sc="126,0,462,20,231,-20,181,0" /><INIT seed="7,0,0,2,4,69" ten="126,482,211,181" oya="3" hai0="29,18,122,105,128,77,52,116,78,68,62,91,132" hai1="92,75,56,74,37,82,59,48,70,123,50,2,5" hai2="40,114,120,99,109,85,20,46,66,44,86,54,127" hai3="27,53,119,12,129,22,24,32,87,1,104,65,34"/><W60/><G104/><T124/><D122/><U41/><E92/><V31/><F109/><W90/><G1/><T108/><D116/><U6/><E82/><V93/><F120/><W38/><G38/><T28/><D108/><U63/><E37/><V0/><F0/><W73/><G73/><T125/><D105/><U43/><E63/><V100/><F114/><W121/><G121/><T26/><D128/><U88/><E88/><V71/><F127/><W33/><G53/><T131/><D131/><U13/><E13/><V42/><F71/><W61/><G119/><T111/><D111/><U23/><E23/><V47/><F66/><W7/><G60/><T84/><D132/><U25/><E25/><N who="2" m="16807" /><F54/><W110/><G110/><T117/><D117/><U55/><E55/><V103/><F103/><W133/><G133/><T35/><D125/><U30/><E30/><V8/><F8/><W64/><G64/><T67/><D124/><U97/><E70/><V36/><F36/><W106/><G106/><T96/><D29/><U101/><E101/><V126/><F126/><W83/><G129/><T80/><D96/><U4/><E4/><V45/><F45/><W39/><G39/><T15/><REACH who="0" step="1"/><D52/><REACH who="0" ten="116,482,211,181" step="2"/><U72/><E6/><V17/><F99/><W14/><G61/><T76/><D76/><U94/><E50/><V107/><F107/><W130/><G130/><T118/><D118/><U57/><E94/><V113/><F47/><W102/><G65/><T89/><D89/><U10/><E10/><V19/><F46/><W95/><G90/><T115/><D115/><U135/><E123/><RYUUKYOKU ba="0,1" sc="116,30,482,-10,211,-10,181,-10" hai0="15,18,26,28,35,62,67,68,77,78,80,84,91" owari="146,-35.4,482,58.2,201,0.1,171,-22.9" /></mjloggm>