<mjloggm ver="2.3"><GO type="169" lobby="0"/><UN n0="%E3%81%8A%E3%81%9F%E3%81%BE%E3%82%8B" n1="%E3%81%8D%E3%82%83%E3%83%BC%E3%82%8D%E3%82%93" n2="%61%6D%61%69%6B%61" n3="%E3%81%8A%E3%81%98%E3%81%95%E3%82%93" dan="16,16,17,19" rate="2065.07,2124.00,2196.91,2281.49" sx="M,M,M,M"/><TAIKYOKU oya="0"/><INIT seed="0,0,0,1,1,46" ten="250,250,250,250" oya="0" hai0="29,107,111,48,15,14,21,25,32,87,85,123,0" hai1="99,92,31,11,36,69,81,1,50,104,114,116,9" hai2="106,135,129,52,6,66,38,61,103,94,12,130,78" hai3="3,117,49,112,96,115,63,26,90,108,4,80,10"/><T57/><D123/><U128/><E116/><V16/><F38/><W43/><G117/><T34/><D107/><U58/><E69/><V105/><F6/><W55/><G108/><T22/><D0/><U101/><E128/><N who="2" m="49259" /><F78/><W84/><G43/><T125/><D111/><U47/><E36/><V65/><F135/><W19/><G63/><T89/><D125/><U53/><E114/><V76/><F76/><W124/><G124/><T27/><D34/><U13/><E1/><V79/><F79/><W30/><G19/><T131/><D131/><U75/><E31/><V62/><F94/><W122/><G96/><T82/><D87/><U102/><E75/><V74/><F74/><W23/><REACH who="3" step="1"/><G122/><REACH who="3" ten="250,250,250,240" step="2"/><T39/><D39/><U24/><E99/><N who="2" m="61695" /><F62/><W133/><G133/><T68/><D68/><U28/><E104/><V37/><F106/><W51/><G51/><T42/><D42/><U40/><E50/><V83/><F37/><W71/><G71/><T98/><D98/><U134/><E40/><V41/><F41/><W56/><AGARI ba="0,1" hai="3,4,10,23,26,30,49,55,56,80,84,90,112,115" machi="56" ten="20,5200,0" yaku="1,1,0,1,7,1,52,1,53,0" doraHai="46" doraHaiUra="72" who="3" fromWho="3" sc="250,-26,250,-13,250,-13,240,62" /><INIT seed="1,0,0,4,1,116" ten="224,237,237,302" oya="1" hai0="105,17,62,70,56,78,98,89,67,126,26,120,50" hai1="82,42,60,14,0,90,51,43,30,2,68,59,74" hai2="9,96,57,92,106,28,53,46,27,87,93,102,20" hai3="72,71,81,117,80,88,1,13,15,40,52,31,119"/><U115/><E115/><V45/><F9/><W10/><G71/><T44/><D126/><U63/><E68/><V48/><REACH who="2" step="1"/><F106/><REACH who="2" ten="224,237,227,302" step="2"/><W55/><G10/><T66/><D105/><U110/><E2/><V114/><F114/><W5/><G1/><T61/><D70/><U19/><E0/><V76/><F76/><W111/><G117/><T49/><D78/><U64/><E110/><V16/><F16/><W118/><G111/><T83/><D17/><U128/><E30/><V113/><F113/><W107/><G107/><T112/><D112/><U36/><E19/><V104/><F104/><W58/><G31/><T123/><D26/><U75/><E75/><V4/><F4/><W12/><G5/><T91/><D44/><U6/><E74/><V3/><F3/><W124/><G72/><T85/><D56/><U100/><E59/><V69/><F69/><W97/><G58/><T86/><REACH who="0" step="1"/><D98/><REACH who="0" ten="214,237,227,302" step="2"/><U7/><E7/><V125/><F125/><W35/><G124/><T127/><D127/><U129/><E6/><V133/><F133/><W22/><G118/><T8/><D8/><U37/><E14/><V122/><F122/><W41/><G119/><T79/><D79/><U84/><E129/><V130/><F130/><W21/><G12/><T131/><D131/><U134/><E128/><V11/><F11/><W25/><G97/><T132/><D132/><U135/><E135/><V39/><F39/><W29/><G29/><T23/><D23/><U103/><E134/><V109/><F109/><W34/><G25/><T65/><D65/><U94/><E64/><V54/><F54/><RYUUKYOKU ba="0,2" sc="214,10,237,-30,227,10,302,10" hai0="49,50,61,62,66,67,83,85,86,89,91,120,123" hai2="20,27,28,45,46,48,53,57,87,92,93,96,102" hai3="13,15,21,22,34,35,40,41,52,55,80,81,88" /><INIT seed="2,1,2,5,1,130" ten="224,207,237,312" oya="2" hai0="123,106,59,4,97,74,48,42,98,53,35,121,134" hai1="43,127,22,56,23,18,50,46,70,93,83,55,61" hai2="16,96,29,77,27,124,122,10,118,73,126,114,113" hai3="66,87,117,131,45,7,25,21,101,102,120,1,92"/><V47/><F118/><W111/><G117/><T40/><D74/><U49/><E127/><N who="2" m="48683" /><F96/><W78/><G120/><T34/><D4/><U95/><E70/><V37/><F122/><W58/><G111/><T69/><D69/><U19/><E61/><V6/><F77/><W76/><G131/><T75/><D75/><U44/><E56/><V3/><F73/><W2/><G45/><T51/><D59/><U80/><REACH who="1" step="1"/><E55/><REACH who="1" ten="224,197,237,312" step="2"/><V30/><F47/><W68/><G68/><T100/><D53/><U86/><E86/><V84/><F84/><W99/><G87/><T62/><D62/><U52/><E52/><V64/><F64/><W104/><G66/><T116/><D116/><U79/><E79/><V24/><F37/><W8/><G58/><T67/><D67/><U15/><E15/><V31/><F27/><W20/><G25/><T105/><REACH who="0" step="1"/><D100/><REACH who="0" ten="214,197,237,312" step="2"/><U112/><E112/><V129/><F129/><W36/><G101/><T13/><D13/><U63/><E63/><V26/><F26/><W60/><G102/><T135/><AGARI ba="1,4" hai="34,35,40,42,48,51,97,98,105,106,121,123,134,135" machi="135" ten="25,12000,2" yaku="1,1,0,1,22,2,52,2,53,0" doraHai="130" doraHaiUra="32" who="0" fromWho="0" sc="214,163,197,-31,237,-61,312,-31" /><INIT seed="3,0,0,4,4,27" ten="377,166,176,281" oya="3" hai0="134,60,97,129,34,93,33,50,69,47,61,63,19" hai1="46,59,123,58,74,96,18,94,66,72,52,56,39" hai2="25,67,6,12,4,114,92,40,17,42,70,29,86" hai3="88,130,82,102,111,0,83,7,100,68,121,117,20"/><W49/><G117/><T113/><D69/><U85/><E123/><V10/><F114/><W3/><G121/><T54/><D113/><U14/><E85/><V108/><F108/><W135/><G68/><T21/><D129/><U35/><E35/><V71/><F71/><W104/><G130/><T103/><REACH who="0" step="1"/><D134/><REACH who="0" ten="367,166,176,281" step="2"/><U53/><E74/><V126/><F70/><W45/><G135/><T48/><D48/><N who="1" m="28695" /><E72/><V125/><F125/><W64/><G49/><T44/><D44/><U115/><E39/><V127/><F126/><W101/><G45/><T37/><D37/><U81/><E115/><V91/><F127/><W57/><G111/><T98/><D98/><U109/><E109/><V38/><F38/><W62/><G57/><T110/><D110/><U22/><E66/><V65/><F65/><W28/><G64/><T55/><D55/><U23/><E53/><V90/><F67/><W112/><G112/><T30/><D30/><U95/><E59/><V87/><F42/><W79/><G28/><T15/><AGARI ba="0,1" hai="15,19,21,33,34,47,50,54,60,61,63,93,97,103" machi="15" ten="30,4000,0" yaku="1,1,0,1,53,1" doraHai="27" doraHaiUra="16" who="0" fromWho="0" sc="367,50,166,-10,176,-10,281,-20" /><INIT seed="4,0,0,3,4,124" ten="417,156,166,261" oya="0" hai0="89,19,46,116,9,98,44,115,71,64,65,129,45" hai1="134,55,108,97,78,51,21,91,18,2,1,11,103" hai2="131,113,76,30,53,22,111,6,105,120,73,32,125" hai3="93,43,135,132,104,121,99,20,79,16,13,52,3"/><T48/><D116/><U117/><E117/><V112/><F105/><W81/><G3/><T15/><D115/><N who="2" m="44106" /><F111/><W77/><G43/><T7/><D71/><U5/><E134/><N who="3" m="51242" /><G104/><T96/><D48/><U114/><E114/><V49/><F120/><W62/><G121/><T82/><D7/><U94/><E108/><V25/><F6/><W41/><G41/><T126/><D126/><U80/><E2/><V14/><F125/><W58/><G81/><T123/><D123/><U56/><E80/><N who="2" m="45071" /><F14/><W85/><G85/><T109/><D109/><U57/><E78/><V27/><F131/><W72/><G72/><T119/><D129/><U10/><E10/><V133/><F133/><W12/><G12/><T83/><D119/><U74/><E74/><V106/><F106/><W128/><G128/><T110/><D110/><U69/><E69/><V35/><F27/><W26/><G13/><T102/><D82/><U4/><E4/><V70/><F70/><W17/><G17/><T8/><D8/><U34/><E18/><V88/><F88/><AGARI ba="0,0" hai="16,20,26,52,58,62,77,79,88,93,99" m="51242" machi="88" ten="30,8000,1" yaku="25,1,20,1,54,3" doraHai="124" who="3" fromWho="2" sc="417,0,156,0,166,-80,261,80" /><INIT seed="5,0,0,4,2,85" ten="417,156,86,341" oya="1" hai0="133,101,46,8,129,100,54,20,86,120,23,49,110" hai1="104,59,12,60,44,58,91,61,55,25,29,111,68" hai2="78,84,39,90,72,83,122,74,123,81,15,7,22" hai3="79,34,130,92,43,13,27,80,134,127,42,24,52"/><U38/><E104/><V16/><F39/><W97/><G134/><T99/><D110/><U98/><E111/><V63/><F72/><W70/><G70/><T1/><D133/><U19/><E68/><V71/><REACH who="2" step="1"/><F7/><REACH who="2" ten="417,156,76,341" step="2"/><W64/><G127/><T5/><D5/><U65/><E38/><V96/><F96/><W33/><G97/><T56/><D99/><U40/><E40/><V32/><F32/><W26/><G34/><T37/><D37/><U4/><E4/><V103/><F103/><W115/><G33/><T47/><D100/><U93/><E44/><V45/><F45/><W82/><G43/><T11/><D101/><U106/><E106/><V89/><F89/><W114/><G42/><T28/><D47/><U112/><E98/><V118/><F118/><W53/><G114/><T75/><D46/><U113/><E91/><V76/><F76/><W124/><G79/><T50/><D75/><U132/><E132/><V2/><F2/><W94/><G115/><T73/><D73/><U116/><E116/><V107/><F107/><W77/><G77/><T36/><D1/><U6/><E6/><V17/><F17/><W108/><G108/><T31/><D36/><U95/><E113/><V21/><F21/><W18/><G18/><T117/><D117/><U126/><E112/><V48/><F48/><W41/><G41/><T0/><D0/><U30/><E126/><V88/><F88/><W9/><G124/><T105/><D105/><U51/><E51/><V67/><AGARI ba="0,1" hai="15,16,22,63,67,71,74,78,81,83,84,90,122,123" machi="67" ten="30,7900,0" yaku="1,1,0,1,52,1,54,1,53,0" doraHai="85" doraHaiUra="109" who="2" fromWho="2" sc="417,-20,156,-39,76,89,341,-20" /><INIT seed="6,0,0,4,5,39" ten="397,117,165,321" oya="2" hai0="80,28,3,18,135,91,110,128,8,7,0,60,71" hai1="13,69,34,32,2,5,56,117,35,63,15,52,1" hai2="26,83,75,119,94,22,100,103,4,124,92,122,57" hai3="76,85,51,84,38,43,62,48,17,9,24,64,6"/><V66/><F119/><W113/><G38/><T96/><D110/><U130/><E117/><V19/><F122/><W21/><G113/><T134/><D128/><U23/><E130/><V120/><F124/><W14/><G76/><T123/><D123/><U90/><E69/><V27/><F120/><W72/><G72/><T37/><D37/><U16/><E5/><V42/><F4/><W33/><G33/><T87/><D28/><U116/><E116/><V93/><F42/><W54/><G51/><T74/><D74/><U79/><E79/><V10/><F10/><W77/><G77/><T82/><D18/><U68/><E15/><V108/><F108/><W50/><G50/><T73/><D96/><U47/><E68/><V99/><F103/><W36/><G36/><T129/><D129/><U44/><REACH who="1" step="1"/><E90/><REACH who="1" ten="397,107,165,321" step="2"/><V11/><F27/><W125/><G24/><T12/><D12/><U81/><E81/><V53/><F83/><W112/><G6/><T49/><D82/><U121/><E121/><V45/><F26/><W41/><G14/><T58/><D71/><U30/><E30/><V102/><F102/><W31/><G31/><T104/><D80/><U86/><E86/><V109/><F100/><W67/><G84/><T55/><D87/><U46/><AGARI ba="0,1" hai="1,2,13,16,23,32,34,35,44,46,47,52,56,63" machi="46" ten="40,8000,1" yaku="1,1,0,1,54,2,53,0" doraHai="39" doraHaiUra="98" who="1" fromWho="1" sc="397,-20,107,90,165,-40,321,-20" /><INIT seed="7,0,0,5,2,52" ten="377,197,125,301" oya="3" hai0="119,27,1,45,108,116,84,5,47,32,90,106,4" hai1="134,79,82,38,112,29,128,6,97,73,94,17,77" hai2="66,3,9,132,61,37,129,71,25,13,88,83,99" hai3="135,104,26,11,35,57,98,127,114,86,85,43,110"/><W46/><G114/><T63/><D108/><U118/><E38/><V19/><F129/><W117/><G117/><T50/><D106/><U28/><E134/><V101/><F132/><W21/><G135/><T14/><D1/><U67/><E67/><V22/><F37/><W72/><G72/><T16/><D63/><U64/><E64/><V113/><F113/><W30/><G110/><T33/><D27/><U40/><E40/><V92/><F3/><W55/><G127/><T24/><D24/><U2/><E118/><V68/><F83/><W69/><G69/><T95/><D32/><U18/><E82/><V76/><F76/><W54/><G54/><T126/><D33/><U0/><E94/><V56/><REACH who="2" step="1"/><F101/><REACH who="2" ten="377,197,115,301" step="2"/><W12/><G35/><T103/><D103/><U107/><E112/><V91/><F91/><W48/><G98/><T133/><D133/><U131/><E97/><V100/><F100/><W109/><G109/><T62/><D116/><U121/><E131/><V96/><F96/><W44/><G104/><T89/><D119/><U36/><E107/><V15/><F15/><W80/><G80/><T93/><D14/><U123/><E128/><V87/><F87/><N who="3" m="33291" /><G43/><T125/><D84/><U130/><E130/><V51/><F51/><W81/><G81/><T70/><D50/><U105/><E105/><V78/><F78/><W31/><G31/><AGARI ba="0,1" hai="9,13,19,22,25,31,56,61,66,68,71,88,92,99" machi="31" ten="30,7700,0" yaku="1,1,7,1,52,1,54,1,53,0" doraHai="52" doraHaiUra="41" who="2" fromWho="3" sc="377,0,197,0,115,87,301,-77" owari="377,47.7,197,-30.3,202,-19.8,224,2.4" /></mjloggm>