<mjloggm ver="2.3"><GO type="169" lobby="0"/><UN n0="%56%69%76%79" n1="%E3%81%A1%E3%82%87%E3%82%8A%E3%81%8A" n2="%75%74%63%68%69%65" n3="%E3%81%97%E3%81%BE%E3%81%A0%E3%81%BE%32" dan="16,16,16,16" rate="2102.20,2118.35,2075.75,2127.70" sx="F,M,M,M"/><TAIKYOKU oya="0"/><INIT seed="0,0,0,2,0,80" ten="250,250,250,250" oya="0" hai0="63,74,88,29,71,116,127,7,129,69,13,33,128" hai1="68,133,130,21,11,39,112,107,40,17,66,23,91" hai2="84,119,73,79,122,49,77,118,24,94,42,61,43" hai3="62,19,113,28,16,99,31,1,110,2,15,20,0"/><T22/><D116/><N who="2" m="44586" /><F73/><W134/><G110/><T126/><D74/><U44/><E107/><V5/><F122/><W75/><G99/><T89/><D33/><U57/><E112/><V103/><F24/><W102/><G102/><T6/><D29/><N who="3" m="11337" /><G62/><T83/><D22/><U124/><E68/><V95/><F61/><W41/><G41/><N who="2" m="15369" /><F49/><W97/><G97/><T100/><D100/><U123/><E123/><V55/><F55/><W4/><G75/><T131/><D89/><U81/><E91/><N who="2" m="53607" /><F5/><W67/><G67/><N who="0" m="41215" /><D71/><U54/><E66/><V38/><F38/><W92/><G113/><T47/><D47/><U132/><E44/><V78/><F95/><W8/><G92/><T9/><D7/><U51/><E39/><V120/><F120/><W18/><G134/><T59/><D59/><U87/><E57/><V60/><F60/><W46/><G46/><T85/><AGARI ba="0,0" hai="6,9,13,83,85,88,126,127,128,129,131" m="41215" machi="85" ten="40,7800,0" yaku="19,1,52,1,54,1" doraHai="80" who="0" fromWho="0" sc="250,78,250,-26,250,-26,250,-26" /><INIT seed="0,1,0,2,2,120" ten="328,224,224,224" oya="0" hai0="61,14,54,66,56,70,110,104,16,20,62,21,77" hai1="116,12,8,34,69,119,103,32,0,76,96,36,125" hai2="45,101,31,59,58,3,80,79,49,102,48,81,55" hai3="15,71,87,92,113,13,28,131,134,30,127,100,60"/><T22/><D104/><U19/><E36/><V135/><F135/><W91/><G113/><T1/><D1/><U99/><E69/><V64/><F3/><W75/><G134/><T63/><D77/><U84/><E0/><V74/><F31/><W105/><G127/><T33/><D33/><U23/><E125/><V6/><F6/><W43/><G131/><T123/><D123/><U53/><E96/><V126/><F126/><W94/><G43/><T4/><D4/><U98/><E98/><V26/><F26/><W109/><G60/><T88/><D63/><U121/><E121/><V72/><F64/><W44/><G44/><T86/><REACH who="0" step="1"/><D110/><REACH who="0" ten="318,224,224,224" step="2"/><U82/><E34/><V107/><F107/><W40/><G105/><T115/><D115/><U65/><E32/><V67/><F79/><W17/><G109/><T39/><D39/><U129/><E116/><V68/><F74/><W122/><G75/><T114/><D114/><U47/><E119/><V111/><F72/><W112/><G122/><T128/><D128/><U35/><E35/><V51/><F111/><W97/><G112/><T38/><D38/><U106/><E129/><V29/><F49/><W118/><G118/><T95/><AGARI ba="1,1" hai="14,16,20,21,22,54,56,61,62,66,70,86,88,95" machi="95" ten="20,12000,1" yaku="1,1,0,1,7,1,54,2,53,0" doraHai="120" doraHaiUra="24" who="0" fromWho="0" sc="318,133,224,-41,224,-41,224,-41" /><INIT seed="0,2,0,5,0,125" ten="451,183,183,183" oya="0" hai0="48,62,112,14,116,50,111,86,37,122,5,127,84" hai1="55,68,1,33,42,82,26,74,69,31,39,103,25" hai2="60,73,132,85,87,123,29,18,129,94,47,44,30" hai3="77,133,78,124,93,121,6,113,97,79,128,45,58"/><T53/><D116/><U92/><E1/><V88/><F123/><W76/><G121/><T15/><D37/><U4/><E4/><V105/><F105/><W83/><G124/><T35/><D35/><U57/><E26/><V90/><F73/><W120/><G120/><T115/><D127/><U96/><E39/><V8/><F132/><W27/><G6/><T118/><D118/><U7/><E7/><V52/><F129/><W95/><G113/><T117/><D5/><U102/><E42/><V106/><F106/><W81/><G58/><T119/><D62/><U56/><E56/><V13/><F47/><W91/><G27/><T16/><D122/><U99/><E82/><V59/><F44/><W61/><G61/><T134/><D134/><U0/><E74/><V36/><F36/><W2/><G45/><T72/><D72/><U70/><E0/><V98/><F98/><N who="3" m="57663" /><G2/><T135/><D135/><U46/><E46/><V89/><F89/><N who="3" m="55535" /><G133/><T20/><D117/><U131/><E131/><V43/><F43/><W24/><G24/><T75/><D119/><U49/><E70/><V19/><F18/><W11/><G11/><T51/><D16/><U71/><E68/><V67/><F67/><W23/><G23/><T22/><D22/><U54/><E55/><V10/><F8/><W100/><G128/><T108/><D53/><U130/><E130/><V9/><F10/><W17/><G17/><T28/><D20/><U126/><E126/><V66/><F66/><W41/><N who="3" m="19456" /><DORA hai="3" /><W64/><G64/><T40/><D40/><U104/><AGARI ba="2,0" hai="25,31,33,49,54,57,69,71,92,96,99,102,103,104" machi="104" ten="20,1500,0" yaku="0,1,7,1" doraHai="125,3" who="1" fromWho="1" sc="451,-9,183,21,183,-6,183,-6" /><INIT seed="1,0,0,0,0,10" ten="442,204,177,177" oya="1" hai0="25,104,126,3,84,11,85,80,122,26,65,38,43" hai1="118,45,111,79,21,22,77,78,24,46,114,47,133" hai2="63,74,115,4,50,102,18,31,9,41,30,27,88" hai3="64,108,71,32,61,39,28,54,72,19,73,62,35"/><U69/><E118/><V56/><F74/><W20/><G39/><T42/><D104/><U92/><E114/><V134/><F134/><W57/><G108/><T99/><D99/><U91/><E69/><V1/><F102/><W125/><G125/><T75/><D65/><U52/><E133/><V135/><F115/><W98/><G35/><T48/><D48/><N who="1" m="28687" /><E111/><V68/><F68/><W109/><G109/><T101/><D38/><U127/><E127/><V107/><F107/><W131/><G131/><T70/><D70/><U100/><E100/><V44/><F135/><W59/><G71/><T8/><D101/><U2/><E2/><V132/><F132/><W37/><G37/><T96/><D75/><U105/><E22/><V0/><F0/><W81/><G81/><T51/><D3/><U36/><E36/><V60/><F60/><W128/><G128/><T120/><D80/><U97/><E105/><V12/><F88/><W119/><G119/><T121/><D121/><U116/><E116/><V103/><F103/><W33/><G33/><T13/><D126/><U129/><E129/><V112/><F112/><W34/><G34/><T5/><D120/><U67/><E67/><V83/><F83/><W94/><G32/><T76/><D122/><U55/><E55/><V40/><F40/><W66/><G66/><T124/><D43/><U82/><E82/><V113/><F113/><W93/><G72/><T89/><D124/><U15/><E24/><V95/><F1/><W110/><G73/><T87/><D26/><U53/><E53/><N who="2" m="34191" /><F95/><W7/><G93/><N who="0" m="56367" /><D25/><U90/><E90/><RYUUKYOKU ba="0,0" sc="442,-15,204,15,177,15,177,-15" hai1="15,21,46,47,77,78,79,91,92,97" hai2="4,9,12,18,27,30,31,41,44,50" /><INIT seed="1,1,0,3,2,30" ten="427,219,192,162" oya="1" hai0="22,70,98,91,113,69,6,119,117,84,34,67,8" hai1="59,72,29,39,99,65,80,121,21,118,71,86,0" hai2="1,7,63,37,75,19,27,11,78,111,17,115,4" hai3="101,45,123,102,9,48,54,107,87,105,90,20,73"/><U92/><E121/><V49/><F37/><W52/><G73/><T5/><D113/><U46/><E118/><V51/><F111/><W83/><G123/><T114/><D114/><U125/><E0/><V134/><F115/><W33/><G33/><T81/><D34/><U56/><E72/><V74/><F134/><W68/><G68/><T122/><D122/><U128/><E128/><V106/><F106/><W35/><G35/><T62/><D70/><U2/><E2/><V76/><F63/><W127/><G101/><T108/><D108/><U16/><E29/><V10/><REACH who="2" step="1"/><F1/><REACH who="2" ten="427,219,182,162" step="2"/><W112/><G112/><T43/><D62/><U25/><E39/><V130/><F130/><W26/><G105/><T13/><D117/><U109/><E109/><V23/><F23/><W96/><G127/><T94/><D22/><U28/><E28/><V129/><F129/><W41/><G9/><T12/><D8/><U95/><E125/><V82/><F82/><W85/><REACH who="3" step="1"/><G87/><REACH who="3" ten="427,219,182,152" step="2"/><T3/><D84/><U53/><E86/><V88/><F88/><W104/><G104/><T47/><D91/><U120/><E120/><V110/><F110/><W135/><G135/><T64/><D119/><U31/><E31/><AGARI ba="1,2" hai="20,26,31,41,45,48,52,54,83,85,90,96,102,107" machi="31" ten="30,8000,1" yaku="1,1,7,1,54,1,53,2" doraHai="30" doraHaiUra="50" who="3" fromWho="1" sc="427,0,219,-83,182,0,152,103" /><INIT seed="2,0,0,3,3,13" ten="427,136,182,255" oya="2" hai0="75,62,132,123,12,78,49,19,17,122,82,3,93" hai1="112,119,88,56,94,107,65,124,24,104,108,109,110" hai2="1,76,60,91,96,133,115,53,120,8,43,52,100" hai3="46,85,50,113,55,44,33,39,67,95,117,14,87"/><V26/><F115/><W89/><G117/><T9/><D132/><U98/><E112/><V61/><F120/><W72/><G72/><T114/><D114/><U134/><E119/><V125/><F133/><W130/><G130/><T16/><D3/><U6/><E134/><V103/><F125/><W31/><G67/><T66/><D93/><U68/><E68/><V90/><F43/><W79/><G33/><T27/><D49/><U42/><E124/><V35/><F76/><W126/><G31/><T81/><D81/><U25/><E6/><V121/><F121/><W64/><G64/><T18/><REACH who="0" step="1"/><D27/><REACH who="0" ten="417,136,182,255" step="2"/><N who="1" m="10315" /><E42/><V30/><F1/><W83/><G113/><T99/><D99/><U116/><E116/><V102/><F96/><W10/><G126/><T36/><D36/><U57/><E65/><V41/><F26/><W135/><G135/><T47/><D47/><U84/><E98/><V131/><F35/><W118/><G118/><T2/><D2/><U129/><E129/><V45/><F131/><W69/><G39/><T97/><D97/><U28/><E104/><V73/><F102/><W22/><G44/><T77/><D77/><U51/><E107/><V38/><F45/><W111/><G79/><T74/><D74/><U92/><E92/><V128/><F38/><W21/><G95/><T58/><AGARI ba="0,1" hai="9,12,16,17,18,19,58,62,66,75,78,82,122,123" machi="58" ten="30,24000,4" yaku="1,1,0,1,52,4,54,1,53,4" doraHai="13" doraHaiUra="15" who="0" fromWho="0" sc="417,250,136,-60,182,-120,255,-60" /><INIT seed="3,0,0,0,3,14" ten="667,76,62,195" oya="3" hai0="63,123,72,12,83,96,115,44,26,8,79,106,89" hai1="38,34,118,33,42,107,23,21,16,117,51,129,29" hai2="60,58,47,81,50,54,28,90,27,135,76,7,20" hai3="30,112,104,46,130,93,64,133,87,122,77,15,91"/><W53/><G122/><T86/><D123/><U114/><E114/><V128/><F128/><W120/><G120/><T73/><D73/><U100/><E38/><V126/><F135/><W52/><G112/><T116/><D26/><N who="1" m="14631" /><E107/><V101/><F126/><W6/><G64/><T80/><D44/><N who="1" m="26007" /><E100/><V24/><F101/><W88/><G77/><T71/><D71/><U94/><E94/><V109/><F109/><W95/><G104/><T98/><D106/><U17/><E29/><V74/><F7/><W31/><G130/><T105/><D105/><U57/><E57/><V49/><F90/><W67/><G133/><T131/><D89/><U4/><E4/><V3/><F3/><W134/><G134/><T92/><D92/><U11/><E11/><V102/><F102/><W132/><G132/><T78/><D8/><U2/><E2/><V68/><F68/><W110/><G88/><T61/><D72/><U43/><E43/><V45/><F27/><W124/><G91/><T113/><D131/><U36/><E36/><V56/><REACH who="2" step="1"/><F60/><REACH who="2" ten="667,76,52,195" step="2"/><W9/><G6/><T66/><D63/><U70/><E70/><V85/><F85/><W65/><G87/><T40/><D86/><U19/><E129/><V18/><F18/><N who="1" m="6665" /><E23/><V99/><F99/><W41/><G93/><T75/><D98/><U82/><E82/><V84/><F84/><W37/><G95/><T5/><D83/><U39/><E39/><V10/><F10/><W103/><G9/><T59/><D113/><U69/><E69/><V0/><F0/><W119/><G103/><T108/><D115/><U125/><E125/><RYUUKYOKU ba="0,1" sc="667,-15,76,15,52,15,195,-15" hai1="33,34,117,118" hai2="20,24,28,45,47,49,50,54,56,58,74,76,81" /><INIT seed="4,1,1,1,5,109" ten="652,91,67,180" oya="0" hai0="67,77,79,132,62,48,37,130,101,111,86,78,58" hai1="81,65,96,52,23,110,108,129,18,103,94,6,28" hai2="74,114,80,15,118,10,82,135,27,122,38,87,76" hai3="84,19,60,95,53,1,54,99,113,112,69,20,128"/><T39/><D130/><U98/><E6/><V13/><F122/><W117/><G1/><T64/><D132/><U125/><E129/><V33/><F135/><W119/><G84/><T44/><D67/><U104/><E125/><V71/><F71/><W55/><G128/><T63/><D63/><U123/><E123/><V22/><F118/><W41/><G41/><T105/><D86/><U50/><E28/><V90/><F38/><W16/><G60/><T134/><D111/><U45/><E81/><V88/><F33/><W72/><G72/><T7/><D7/><U17/><E18/><N who="3" m="6698" /><G20/><T9/><D9/><U29/><E65/><V106/><F106/><W51/><G51/><T121/><D121/><U126/><E29/><V32/><F32/><W40/><G40/><T24/><D24/><U30/><E30/><V36/><F36/><W12/><G12/><T3/><D3/><U120/><E126/><V11/><F11/><W68/><G95/><T21/><D21/><U46/><E46/><V57/><F10/><W4/><G99/><T35/><D35/><U75/><E75/><V97/><F15/><W107/><G107/><T49/><D134/><U14/><E120/><V25/><F13/><W83/><G83/><T92/><D105/><U127/><E127/><V43/><F80/><W115/><G4/><T34/><D34/><U5/><E5/><V70/><F82/><W102/><G102/><AGARI ba="1,1" hai="14,17,23,45,50,52,94,96,98,102,103,104,108,110" machi="102" ten="30,2000,0" yaku="7,1,54,1" doraHai="109" who="1" fromWho="3" sc="652,0,91,33,67,0,180,-23" /><INIT seed="5,0,0,3,5,1" ten="652,124,67,157" oya="1" hai0="121,115,84,128,108,49,7,79,53,42,114,106,109" hai1="34,76,82,118,29,91,71,70,61,78,110,16,104" hai2="25,13,89,103,129,85,33,23,72,54,51,38,6" hai3="63,18,100,55,4,80,81,97,105,39,133,14,68"/><U66/><E118/><V19/><F129/><W88/><G39/><T40/><D106/><U62/><E104/><V122/><F122/><W17/><G133/><T87/><D7/><U134/><E134/><V48/><F72/><W30/><G30/><T119/><D128/><U83/><E34/><V102/><F38/><W12/><G4/><T92/><D92/><U60/><E29/><V120/><F120/><W41/><G41/><T11/><D11/><U74/><E91/><V0/><F51/><W5/><G5/><T46/><D119/><U26/><E110/><V8/><F0/><W31/><G31/><T130/><D130/><U9/><E71/><V10/><F10/><W50/><G63/><T135/><D135/><U28/><E28/><V112/><F112/><N who="0" m="43050" /><D121/><U126/><E126/><V44/><REACH who="2" step="1"/><F33/><REACH who="2" ten="652,124,57,157" step="2"/><W52/><G50/><T45/><D42/><U58/><E70/><V101/><F101/><W86/><G68/><T123/><D123/><U22/><E9/><V65/><F65/><W32/><G32/><T93/><D79/><U99/><E99/><V75/><F75/><AGARI ba="0,1" hai="16,22,26,58,60,61,62,66,74,75,76,78,82,83" machi="75" ten="30,5800,0" yaku="7,1,9,1,54,1" doraHai="1" who="1" fromWho="2" sc="652,0,124,68,57,-58,157,0" owari="652,75.2,192,-0.8,-1,-50.1,157,-24.3" /></mjloggm>