<mjloggm ver="2.3"><GO type="169" lobby="0"/><UN n0="%E3%81%95%E3%82%93%E3%81%84%E3%81%A1%E3%82%8D%E3%81%8F%E3%81%94" n1="%4B%4F%52%41%49%40%40%40" n2="%E6%A9%98%E3%83%AF%E3%83%AB%E3%83%84" n3="%E6%84%9B%E5%AA%9B%E7%9C%8C%E7%94%A3%E3%81%BF%E3%81%8B%E3%82%93" dan="17,17,16,16" rate="2102.15,2176.19,2145.68,2149.05" sx="M,M,M,F"/><TAIKYOKU oya="0"/><INIT seed="0,0,0,1,4,36" ten="250,250,250,250" oya="0" hai0="42,55,129,90,6,131,113,1,39,96,50,125,65" hai1="102,47,119,63,111,87,14,134,21,109,66,35,81" hai2="118,15,133,18,17,58,107,56,98,12,43,10,9" hai3="59,80,100,95,106,38,28,99,61,34,121,22,120"/><T101/><D113/><U62/><E119/><V94/><F107/><W27/><G106/><T128/><D125/><U23/><E35/><V8/><F118/><W79/><G38/><T88/><D65/><U5/><E102/><V124/><F124/><W30/><G34/><T2/><D39/><U91/><E63/><V130/><F133/><W44/><G44/><N who="0" m="25879" /><D55/><U0/><E0/><N who="0" m="105" /><D6/><U33/><E33/><V16/><F130/><N who="0" m="33282" /><T135/><DORA hai="57" /><D135/><U105/><E134/><V72/><F72/><W93/><G30/><T74/><D74/><U68/><E47/><V67/><F43/><W77/><G95/><AGARI ba="0,0" hai="88,90,95,96,101" m="33282,105,25879" machi="95" ten="40,7700,0" yaku="19,1,52,1,54,1" doraHai="36,57" who="0" fromWho="3" sc="250,77,250,0,250,0,250,-77" /><INIT seed="0,1,0,1,4,10" ten="327,250,250,173" oya="0" hai0="38,133,58,53,74,99,6,50,81,71,51,68,129" hai1="80,64,100,117,60,85,42,8,67,118,78,125,55" hai2="59,49,112,20,75,124,107,28,35,16,11,33,7" hai3="36,13,18,73,48,19,9,92,2,127,111,115,65"/><T102/><D38/><U41/><E125/><V14/><F75/><W123/><G115/><T126/><D126/><U61/><E100/><V96/><F124/><W98/><G127/><T114/><D114/><U109/><E109/><V21/><F112/><W103/><G111/><T69/><D129/><U32/><E32/><V66/><F107/><W12/><G36/><T30/><D133/><U132/><E132/><V27/><F96/><W39/><G73/><T3/><D30/><U17/><E55/><V89/><F89/><W29/><G39/><T95/><D50/><U128/><E128/><V76/><F76/><W57/><G2/><T56/><D56/><U122/><E122/><V135/><F135/><W87/><G29/><T113/><D113/><U54/><E54/><V24/><F49/><W40/><G123/><T130/><D130/><U77/><E8/><V120/><F120/><W90/><G65/><T15/><D3/><U82/><E17/><N who="2" m="12303" /><F59/><W119/><G119/><T1/><D1/><U108/><E108/><V31/><F66/><W106/><G57/><T79/><REACH who="0" step="1"/><D6/><REACH who="0" ten="317,250,250,173" step="2"/><U88/><E117/><V52/><F52/><W94/><G48/><T44/><D44/><U70/><E118/><V34/><AGARI ba="1,1" hai="7,11,14,16,21,27,28,31,33,34,35" m="12303" machi="34" ten="30,12000,2" yaku="35,5,52,1,54,1" doraHai="10" who="2" fromWho="2" sc="317,-61,250,-31,250,133,173,-31" /><INIT seed="1,0,0,2,3,72" ten="256,219,383,142" oya="1" hai0="45,90,69,12,66,35,42,47,25,32,28,10,115" hai1="110,3,113,33,75,96,73,86,51,120,17,26,87" hai2="117,127,5,128,20,71,92,13,98,70,112,48,67" hai3="37,106,63,30,50,58,80,27,91,23,2,77,31"/><U54/><E3/><V97/><F117/><W88/><G37/><T119/><D115/><U78/><E113/><V61/><F112/><W131/><G131/><T38/><D119/><U123/><E110/><V79/><F128/><W18/><G106/><T68/><D35/><U101/><E73/><V134/><F134/><W94/><G50/><T34/><D34/><U52/><E75/><V44/><F127/><W108/><G2/><T95/><D47/><U107/><E54/><V93/><F71/><W64/><G108/><T104/><D104/><U39/><E39/><V81/><F93/><W56/><G56/><T41/><D66/><U114/><E114/><V9/><F20/><W60/><G60/><T8/><D8/><U57/><E87/><V133/><F92/><W116/><G116/><T43/><D42/><U125/><E125/><V46/><F46/><W24/><G24/><T129/><D43/><U55/><E55/><V83/><F83/><W40/><G40/><T53/><D53/><U49/><E49/><V130/><F133/><W7/><G7/><T122/><D122/><U21/><REACH who="1" step="1"/><E33/><REACH who="1" ten="256,209,383,142" step="2"/><V124/><F124/><W89/><G94/><T36/><D38/><U135/><E135/><V102/><F130/><W22/><G22/><T74/><D74/><U65/><E65/><V0/><F0/><W126/><G126/><T29/><D129/><U16/><E16/><V99/><F48/><W82/><G82/><AGARI ba="0,1" hai="17,21,26,51,52,57,78,82,86,96,101,107,120,123" machi="82" ten="40,7700,0" yaku="1,1,52,1,54,1,53,0" doraHai="72" doraHaiUra="84" who="1" fromWho="3" sc="256,0,209,87,383,0,142,-77" /><INIT seed="1,1,0,3,5,92" ten="256,296,383,65" oya="1" hai0="19,132,89,83,109,106,5,13,37,45,20,112,58" hai1="34,90,38,118,73,113,30,127,42,3,124,87,123" hai2="135,126,105,12,101,76,59,108,21,79,61,60,35" hai3="27,128,6,23,85,133,51,18,16,67,50,111,95"/><U28/><E3/><V52/><F35/><W26/><G111/><T22/><D109/><U81/><E34/><V32/><F108/><W44/><G128/><T77/><D112/><U49/><E38/><V1/><F1/><W24/><G133/><T98/><D5/><U46/><E113/><V84/><F135/><W25/><G6/><T100/><D132/><U63/><E118/><V114/><F32/><W14/><G67/><T40/><D58/><U0/><E0/><V99/><F126/><N who="1" m="48169" /><E123/><V53/><F84/><W54/><G51/><T88/><REACH who="0" step="1"/><D22/><REACH who="0" ten="246,296,383,65" step="2"/><U86/><E73/><AGARI ba="1,1" hai="13,19,20,37,40,45,73,77,83,88,89,98,100,106" machi="73" ten="30,8000,1" yaku="1,1,2,1,7,1,52,1,54,1,53,0" doraHai="92" doraHaiUra="47" who="0" fromWho="1" sc="246,93,296,-83,383,0,65,0" /><INIT seed="2,0,0,5,5,37" ten="339,213,383,65" oya="2" hai0="49,25,60,115,109,68,38,88,95,67,105,82,35" hai1="66,17,71,46,56,108,36,55,103,131,59,31,6" hai2="76,133,75,19,30,47,54,119,65,127,78,3,16" hai3="85,130,27,96,7,77,11,5,22,50,128,43,80"/><V104/><F119/><W102/><G128/><T121/><D115/><U64/><E103/><V1/><F104/><W92/><G130/><T84/><D121/><U124/><E31/><V62/><F30/><W123/><G123/><T14/><D38/><U69/><E6/><V116/><F116/><W18/><REACH who="3" step="1"/><G11/><REACH who="3" ten="339,213,383,55" step="2"/><T34/><D109/><U44/><E131/><V24/><F133/><W90/><G90/><T32/><D88/><U61/><E108/><V134/><F134/><W45/><AGARI ba="0,1" hai="5,7,18,22,27,43,45,50,77,80,85,92,96,102" machi="45" ten="30,7900,0" yaku="1,1,0,1,8,1,52,1,53,0" doraHai="37" doraHaiUra="101" who="3" fromWho="3" sc="339,-20,213,-20,383,-39,55,89" /><INIT seed="3,0,0,4,5,93" ten="319,193,344,144" oya="3" hai0="15,127,134,88,131,110,17,130,37,1,79,38,104" hai1="96,61,26,33,119,46,24,65,72,83,124,42,25" hai2="67,81,121,73,39,52,102,19,90,11,54,27,112" hai3="128,77,20,62,89,84,111,92,51,98,66,22,91"/><W6/><G128/><N who="0" m="49195" /><D104/><U55/><E124/><V106/><F39/><W133/><G133/><T3/><D110/><U113/><E113/><V58/><F112/><W70/><G111/><T4/><D127/><U74/><E33/><V49/><F67/><W125/><G125/><T68/><D68/><U44/><E55/><V80/><F121/><W60/><G6/><T117/><D117/><U78/><E74/><V29/><F73/><W14/><G77/><T99/><D79/><U40/><E40/><V103/><F106/><W135/><G135/><T16/><D17/><U116/><E44/><V47/><F81/><W34/><G34/><T76/><D76/><U43/><E42/><V50/><F29/><W95/><G14/><T10/><D134/><U71/><REACH who="1" step="1"/><E96/><REACH who="1" ten="319,183,344,144" step="2"/><V85/><F27/><W123/><G123/><T7/><D38/><AGARI ba="0,1" hai="24,25,26,38,43,46,61,65,71,72,78,83,116,119" machi="38" ten="40,2600,0" yaku="1,1,2,1,53,0" doraHai="93" doraHaiUra="87" who="1" fromWho="0" sc="319,-26,183,36,344,0,144,0" /><INIT seed="4,0,0,0,0,70" ten="293,219,344,144" oya="0" hai0="50,75,40,122,60,110,2,17,108,8,93,46,95" hai1="68,37,77,102,84,114,115,118,61,74,57,3,83" hai2="32,10,52,48,87,54,14,29,129,22,11,91,76" hai3="132,12,126,31,25,59,117,63,120,89,131,18,107"/><T36/><D122/><U1/><E68/><V69/><F69/><W112/><G117/><T111/><D75/><U130/><E118/><V81/><F129/><W23/><G112/><N who="1" m="43050" /><E102/><V16/><F32/><W58/><G131/><T35/><D35/><U103/><E103/><V125/><F125/><W56/><G126/><T20/><D60/><U38/><E74/><V88/><F54/><W66/><G132/><T44/><D8/><N who="2" m="3114" /><F29/><W13/><G107/><T26/><REACH who="0" step="1"/><D2/><REACH who="0" ten="283,219,344,144" step="2"/><N who="1" m="523" /><E130/><V92/><F92/><W6/><G120/><T45/><D45/><AGARI ba="0,1" hai="14,16,22,45,48,52,76,81,87,88,91" m="3114" machi="45" ten="30,7700,0" yaku="8,1,54,3" doraHai="70" who="2" fromWho="0" sc="283,-77,219,0,344,87,144,0" /><INIT seed="5,0,0,1,4,46" ten="206,219,431,144" oya="1" hai0="122,17,40,109,34,61,39,50,123,131,63,78,2" hai1="89,26,115,11,134,66,5,86,106,59,22,57,121" hai2="101,10,16,72,116,27,117,129,111,82,104,37,42" hai3="98,110,52,95,100,48,53,107,118,18,15,124,87"/><U80/><E121/><N who="0" m="46089" /><D109/><U108/><E106/><V127/><F111/><W44/><G110/><T69/><D39/><U81/><E115/><V68/><F68/><W114/><G114/><T99/><D34/><U23/><E134/><V13/><F129/><W96/><G124/><T77/><D2/><U103/><E103/><V55/><F127/><W9/><G118/><T62/><D69/><U51/><E22/><V102/><F104/><W0/><G0/><T132/><D132/><U133/><E66/><V130/><F42/><W119/><G119/><T73/><D73/><U36/><E36/><V90/><F37/><W113/><G113/><T25/><D99/><U7/><E133/><V91/><F72/><W19/><G87/><T94/><D94/><U105/><E105/><V58/><F91/><W33/><G33/><T32/><D131/><U43/><E81/><V112/><F130/><W20/><G53/><T41/><D40/><U3/><E7/><V6/><F112/><W92/><REACH who="3" step="1"/><G98/><REACH who="3" ten="206,219,431,134" step="2"/><T14/><D32/><U74/><E108/><V97/><F117/><W65/><G65/><T125/><D125/><U126/><E126/><V76/><F116/><W31/><G31/><T71/><D41/><U38/><E74/><V83/><F97/><W64/><G64/><T88/><D71/><U135/><E135/><V12/><F55/><W85/><G85/><T1/><D1/><U8/><E3/><V4/><F76/><W49/><G49/><T28/><D50/><U21/><E51/><V128/><F128/><W29/><G29/><T60/><D28/><U35/><E35/><RYUUKYOKU ba="0,1" sc="206,-10,219,-10,431,-10,134,30" hai3="9,15,18,19,20,44,48,52,92,95,96,100,107" /><INIT seed="6,1,1,0,0,42" ten="196,209,421,164" oya="2" hai0="51,100,116,91,74,72,82,102,48,64,129,53,61" hai1="132,55,69,118,29,122,38,77,66,85,71,119,98" hai2="39,59,80,31,127,105,130,133,25,94,20,28,114" hai3="103,4,13,95,109,68,63,11,37,73,3,41,1"/><V5/><F105/><W49/><G109/><T89/><D129/><U8/><E38/><V33/><F39/><W87/><G73/><T79/><D116/><U113/><E98/><V124/><F80/><W97/><G37/><T128/><D74/><U46/><E8/><V88/><F5/><W19/><G87/><T81/><D48/><U12/><E29/><V45/><F114/><W112/><G112/><T107/><D107/><U104/><E12/><V44/><F130/><W35/><G35/><T0/><D0/><U115/><E66/><V106/><F106/><W121/><G121/><T15/><D15/><U78/><E104/><V10/><F10/><W93/><G93/><T50/><D50/><U32/><E32/><V57/><F133/><W6/><G1/><T134/><D134/><U52/><E85/><N who="2" m="52495" /><F33/><W90/><G90/><T43/><D82/><U67/><E67/><V101/><F101/><W86/><G86/><T96/><D91/><U24/><E132/><V2/><F2/><W47/><REACH who="3" step="1"/><G3/><REACH who="3" ten="196,209,421,154" step="2"/><T17/><D72/><U125/><E122/><V120/><F120/><W83/><G83/><T111/><D81/><U18/><E115/><V123/><F123/><W54/><G54/><T16/><D53/><U23/><E52/><V58/><F31/><W40/><G40/><T7/><D43/><U21/><E113/><V110/><F110/><W22/><G22/><T65/><D111/><U30/><E23/><V108/><F108/><W62/><G62/><T117/><D61/><U84/><E21/><V75/><F28/><W9/><G9/><T26/><D89/><RYUUKYOKU ba="1,2" sc="196,-10,209,-10,421,-10,154,30" hai3="4,6,11,13,19,41,47,49,63,68,95,97,103" /><INIT seed="7,2,2,0,2,46" ten="186,199,411,184" oya="3" hai0="93,107,45,101,16,32,34,77,57,110,123,94,66" hai1="106,17,35,64,43,83,105,72,109,102,89,58,54" hai2="75,85,90,12,126,128,4,133,23,78,92,118,22" hai3="18,47,130,121,111,52,67,74,113,129,95,30,73"/><W112/><G121/><T68/><D123/><U19/><E64/><V26/><F118/><W40/><G111/><T119/><D119/><U135/><E35/><V44/><F128/><N who="3" m="49259" /><G67/><T134/><D45/><U120/><E43/><V61/><F133/><W24/><G18/><T33/><D68/><U53/><E19/><N who="2" m="10599" /><F75/><N who="3" m="28683" /><G95/><T79/><D107/><U76/><E135/><V91/><F126/><W36/><G52/><T56/><D110/><U3/><E53/><V15/><F44/><W0/><G0/><T14/><D134/><U69/><E3/><V100/><F61/><W114/><G113/><T20/><D66/><U127/><E69/><V49/><F15/><W63/><G63/><T125/><D125/><U25/><E109/><V86/><F4/><W87/><G87/><T8/><D94/><U60/><E120/><V70/><F70/><W37/><G37/><T28/><D57/><U59/><E58/><V124/><F124/><W71/><G71/><T5/><D56/><U10/><E105/><V99/><F86/><W51/><G36/><T42/><D28/><U29/><E106/><V39/><F39/><W62/><G62/><T96/><D42/><U38/><E59/><V6/><F6/><W50/><G50/><T84/><D84/><U80/><E60/><V132/><F49/><W82/><G82/><T117/><D117/><U21/><E83/><N who="2" m="47351" /><F132/><W13/><G13/><T11/><D11/><U2/><E10/><V88/><F26/><W7/><G7/><T131/><D131/><U27/><E25/><V97/><F97/><W41/><G41/><T122/><D122/><RYUUKYOKU ba="2,2" sc="186,10,199,-30,411,10,184,10" hai0="5,8,14,16,20,32,33,34,77,79,93,96,101" hai2="23,88,90,91,92,99,100" hai3="24,30,40,47,51,112,114" /><INIT seed="7,3,2,0,5,110" ten="196,169,421,194" oya="3" hai0="59,125,46,72,45,87,80,131,112,115,6,42,121" hai1="64,5,41,127,32,63,25,7,116,57,100,84,117" hai2="38,21,48,120,66,105,3,8,56,134,96,132,99" hai3="133,15,86,114,76,91,82,11,36,118,13,23,93"/><W35/><G118/><N who="1" m="45674" /><E127/><V54/><F38/><W78/><G35/><T27/><D121/><U53/><E41/><V19/><F120/><W28/><G36/><T104/><D72/><U124/><E124/><V130/><F105/><W103/><G114/><N who="0" m="43563" /><D104/><U29/><E100/><V33/><F33/><W101/><G133/><N who="2" m="51305" /><F96/><N who="3" m="59535" /><G103/><T40/><D125/><U30/><E30/><V68/><F99/><W12/><G11/><T39/><D131/><U79/><E79/><N who="3" m="30250" /><G28/><T69/><D69/><N who="1" m="42143" /><E84/><V65/><F8/><W58/><G58/><T18/><D59/><U1/><E1/><V128/><F3/><W17/><AGARI ba="3,2" hai="12,13,15,17,23,82,86,91" m="30250,59535" machi="17" ten="30,1500,0" yaku="8,1" doraHai="110" who="3" fromWho="3" sc="196,-8,169,-8,421,-8,194,44" /><INIT seed="7,4,0,4,3,118" ten="188,161,413,238" oya="3" hai0="12,3,66,39,18,130,120,98,63,33,72,14,101" hai1="34,93,113,17,24,69,67,81,42,135,55,40,109" hai2="71,75,127,49,64,30,124,90,65,108,44,62,114" hai3="68,15,38,47,31,5,126,134,74,84,26,2,119"/><W13/><G84/><T1/><D72/><U104/><E104/><V27/><F75/><W58/><G58/><T87/><D39/><U32/><E109/><V73/><F73/><W59/><G59/><T82/><D33/><U22/><E135/><V16/><F108/><W110/><G47/><T20/><D12/><U28/><E113/><V91/><F65/><W25/><G68/><T79/><D120/><U29/><E32/><N who="2" m="20575" /><F114/><W41/><G126/><N who="2" m="48169" /><F16/><W53/><G74/><T133/><D130/><U56/><E29/><V128/><F128/><W106/><G26/><T4/><D4/><U89/><E67/><V46/><F46/><W125/><G25/><T121/><D133/><U48/><E69/><V6/><F6/><W80/><G5/><T86/><D1/><U117/><E117/><V122/><F122/><W77/><G2/><T131/><D121/><U78/><E28/><V60/><F60/><W52/><G31/><T23/><D3/><U111/><E34/><V9/><F9/><W57/><G13/><T129/><D87/><N who="1" m="48567" /><E111/><V99/><F99/><W8/><G119/><T51/><D129/><U7/><E7/><V123/><F123/><W43/><G110/><T107/><D131/><U10/><E10/><V50/><F50/><W100/><G8/><N who="0" m="6471" /><D51/><U45/><E45/><V97/><F97/><W92/><G125/><T83/><D23/><U94/><E94/><V95/><F95/><W103/><G92/><T102/><D20/><U11/><E11/><V37/><F37/><W19/><G134/><T21/><D21/><U70/><E70/><V105/><F71/><RYUUKYOKU ba="4,0" sc="188,-10,161,30,413,-10,238,-10" hai1="17,22,24,40,42,48,55,56,89,93" owari="178,-32.2,191,-20.9,403,50.3,228,2.8" /></mjloggm>