<mjloggm ver="2.3"><GO type="169" lobby="0"/><UN n0="%E6%9C%AA%E6%9D%A5%E5%B0%91%E5%B9%B4" n1="%50%73%79%63%68%65" n2="%74%6F%72%69%30%36%31%32" n3="%41%6D%61%79%62%65" dan="16,17,16,16" rate="2164.81,2173.42,2157.27,2149.36" sx="F,M,M,M"/><TAIKYOKU oya="0"/><INIT seed="0,0,0,5,0,78" ten="250,250,250,250" oya="0" hai0="28,26,8,43,63,128,21,115,68,126,130,109,27" hai1="99,1,76,29,46,38,54,35,121,18,5,85,104" hai2="110,95,120,93,125,106,123,86,39,101,22,114,16" hai3="66,72,90,75,73,100,94,52,87,14,60,15,58"/><T103/><D115/><U17/><E121/><V51/><F39/><W9/><G100/><T49/><D126/><U56/><E35/><V132/><F114/><W108/><G108/><T42/><D109/><U3/><E29/><V84/><F106/><W97/><G97/><T77/><D103/><U23/><E104/><V47/><F110/><W69/><REACH who="3" step="1"/><G9/><REACH who="3" ten="250,250,250,240" step="2"/><T119/><D8/><U48/><E99/><N who="2" m="59631" /><F125/><W2/><G2/><T40/><D128/><U4/><E3/><V13/><F123/><W98/><G98/><T62/><D130/><U32/><E1/><V61/><F120/><W34/><G34/><T50/><D119/><U57/><E32/><V36/><F132/><W127/><G127/><T88/><D21/><U59/><E23/><V83/><F22/><W70/><G70/><T64/><D68/><U37/><E37/><V124/><F36/><W74/><N who="3" m="18432" /><DORA hai="89" /><W24/><G24/><T129/><D26/><U20/><E38/><V53/><F124/><W102/><G102/><T6/><D27/><U105/><E20/><V25/><F25/><W41/><G41/><T71/><D40/><U112/><E112/><V107/><F107/><W65/><G65/><T96/><D42/><U113/><E105/><V80/><F13/><W134/><G134/><T12/><D43/><U55/><E113/><V82/><F86/><W79/><G79/><T0/><D77/><U118/><E118/><V122/><F84/><W111/><G111/><T67/><D129/><U133/><E133/><V81/><F122/><W116/><G116/><T92/><D71/><U117/><E117/><RYUUKYOKU ba="0,1" sc="250,-10,250,-10,250,-10,240,30" hai3="14,15,52,58,60,66,69,87,90,94" /><INIT seed="1,1,1,0,0,54" ten="240,240,240,270" oya="1" hai0="133,44,50,1,58,61,32,25,74,56,26,2,121" hai1="39,52,6,29,108,21,55,119,129,78,0,20,94" hai2="95,17,18,93,71,42,36,122,66,45,76,98,30" hai3="31,124,40,70,65,83,91,38,41,67,109,97,105"/><U10/><E119/><V3/><F122/><W16/><G109/><T117/><D117/><U92/><E39/><V23/><F3/><W103/><G124/><T131/><D74/><U112/><E112/><V22/><F30/><W85/><G31/><T28/><D121/><U5/><E108/><V27/><F76/><W64/><G70/><T116/><D116/><U125/><E125/><V62/><REACH who="2" step="1"/><F98/><REACH who="2" ten="240,240,230,270" step="2"/><W102/><G38/><T60/><D28/><U4/><E29/><V63/><F63/><W24/><REACH who="3" step="1"/><G103/><REACH who="3" ten="240,240,230,260" step="2"/><T13/><D32/><U113/><E113/><V115/><F115/><W46/><G46/><T34/><D34/><U12/><E0/><V7/><F7/><W96/><G96/><T87/><D44/><U49/><E6/><V43/><F43/><W126/><G126/><T80/><D2/><U8/><E5/><V81/><F81/><W47/><G47/><T86/><D1/><U101/><E4/><V57/><F57/><W82/><G82/><T114/><D80/><U15/><E101/><V33/><F33/><W100/><G100/><T120/><D114/><U89/><E78/><V75/><F75/><W106/><G106/><T127/><D120/><U99/><E99/><V19/><F19/><W118/><G118/><T84/><D127/><U69/><E69/><V107/><F107/><W72/><G72/><T130/><D84/><U11/><E94/><V90/><F90/><W35/><G35/><T132/><D50/><U9/><E49/><V111/><F111/><W123/><G123/><T128/><D131/><U88/><N who="1" m="2048" /><DORA hai="68" /><U48/><E129/><RYUUKYOKU ba="1,3" sc="240,10,240,-30,230,10,260,10" hai0="13,25,26,56,58,60,61,86,87,128,130,132,133" hai2="17,18,22,23,27,36,42,45,62,66,71,93,95" hai3="16,24,40,41,64,65,67,83,85,91,97,102,105" /><INIT seed="2,2,3,0,0,19" ten="250,210,240,270" oya="2" hai0="23,11,122,59,116,39,95,100,104,52,114,22,10" hai1="132,89,91,55,107,56,102,57,3,12,118,75,36" hai2="42,135,78,67,32,63,15,34,31,117,82,66,87" hai3="115,49,46,134,92,98,65,73,13,48,16,50,83"/><V43/><F117/><W133/><G115/><T111/><D122/><U69/><E118/><V45/><F135/><N who="3" m="51723" /><G65/><T90/><D114/><U37/><E132/><V1/><F1/><W86/><G73/><T17/><D116/><U62/><E3/><V40/><F67/><W124/><G124/><T80/><D39/><U68/><E75/><V2/><F2/><W60/><G60/><T38/><D38/><U21/><E37/><V58/><F45/><W105/><G105/><T4/><D111/><U74/><E36/><V94/><F31/><W85/><G83/><T108/><D108/><U99/><E74/><V25/><F25/><W81/><G81/><T131/><D131/><U26/><E12/><V53/><F66/><W30/><G30/><T88/><D104/><U103/><E103/><V109/><F109/><W121/><G46/><T44/><D44/><U7/><E7/><V72/><F15/><W29/><G29/><T84/><D4/><U106/><E106/><V112/><F112/><W9/><G121/><T51/><D100/><AGARI ba="2,3" hai="9,13,16,48,49,50,85,86,92,98,100" m="51723" machi="100" ten="30,2000,0" yaku="20,1,54,1" doraHai="19" who="3" fromWho="0" sc="250,-26,210,0,240,0,270,56" /><INIT seed="3,0,0,4,5,110" ten="224,210,240,326" oya="3" hai0="5,91,4,52,112,73,23,114,32,40,101,126,107" hai1="105,74,127,122,82,87,56,27,61,60,83,92,22" hai2="102,117,35,121,81,33,77,28,70,55,98,11,58" hai3="13,95,75,76,42,10,69,88,12,25,50,86,65"/><W119/><G119/><T72/><D32/><U46/><E105/><V44/><F70/><W43/><G75/><T124/><D40/><U64/><E122/><V47/><F117/><W0/><G76/><T134/><D134/><U48/><E127/><N who="0" m="48681" /><D91/><N who="1" m="53375" /><E61/><V7/><F28/><W130/><G130/><T36/><D36/><U104/><E104/><V26/><F26/><W62/><G25/><T31/><D101/><U20/><E74/><N who="0" m="28777" /><D107/><U39/><E39/><V29/><F29/><W135/><G135/><T106/><D106/><U59/><E59/><V63/><F33/><W113/><G43/><T68/><D68/><U1/><E1/><V79/><F35/><W53/><G42/><T3/><D3/><U2/><E2/><V6/><F121/><W132/><G132/><T123/><D123/><U19/><E22/><V71/><F71/><W41/><G41/><AGARI ba="0,0" hai="19,20,27,41,46,48,56,60,64,82,83" m="53375" machi="41" ten="30,1000,0" yaku="8,1" doraHai="110" who="1" fromWho="3" sc="224,0,210,10,240,0,326,-10" /><INIT seed="4,0,0,0,2,96" ten="224,220,240,316" oya="0" hai0="69,65,90,71,81,123,116,131,47,12,103,61,46" hai1="78,59,134,70,111,127,117,33,128,124,31,52,25" hai2="112,118,21,18,29,50,3,91,37,110,2,34,10" hai3="80,114,14,132,42,106,6,133,83,64,39,48,4"/><T32/><D116/><U89/><E117/><V88/><F37/><W97/><G39/><T135/><D123/><U120/><E120/><V122/><F110/><W126/><G114/><T125/><D69/><U7/><E111/><V79/><F112/><W22/><G64/><T58/><D32/><U68/><E134/><N who="3" m="51818" /><G126/><N who="1" m="48170" /><E128/><V38/><F38/><W66/><G66/><T13/><D135/><U0/><E78/><V119/><F122/><W60/><G60/><T84/><D125/><U75/><E75/><V43/><F79/><W87/><G42/><T93/><D131/><U36/><E36/><V5/><F2/><W104/><G48/><T40/><D71/><U100/><E89/><V45/><F119/><W54/><G54/><T86/><D40/><U28/><E28/><V35/><F118/><W98/><G22/><T73/><D73/><U92/><E7/><N who="3" m="2602" /><G14/><N who="0" m="5739" /><D103/><U11/><E11/><V63/><F34/><W115/><G115/><T72/><D72/><U16/><E0/><V74/><F74/><W15/><G15/><T107/><D107/><N who="3" m="41001" /><G87/><T99/><D86/><U62/><E16/><V82/><F18/><W41/><G41/><T85/><D85/><U9/><E9/><V105/><F35/><W67/><G67/><T94/><D81/><AGARI ba="0,0" hai="80,81,83,97,98" m="41001,2602,51818" machi="81" ten="40,5200,0" yaku="28,2,20,1" doraHai="96" who="3" fromWho="0" sc="224,-52,220,0,240,0,316,52" /><INIT seed="5,0,0,5,2,81" ten="172,220,240,368" oya="1" hai0="50,104,40,97,56,72,28,132,43,34,135,27,114" hai1="6,64,69,11,122,19,38,115,60,45,103,116,24" hai2="47,42,67,75,49,89,46,71,26,53,4,74,23" hai3="13,61,85,129,15,9,68,134,83,82,17,88,120"/><U93/><E116/><V20/><F23/><W18/><G120/><T79/><D114/><U96/><E122/><V113/><F113/><W77/><G129/><T127/><D127/><U128/><E115/><V12/><F67/><W59/><G134/><T0/><D0/><U80/><E128/><V36/><F71/><W110/><G110/><T117/><D117/><U14/><E80/><V123/><F123/><W90/><G68/><T91/><D72/><U125/><E125/><V58/><F47/><W33/><G33/><T101/><D79/><U21/><REACH who="1" step="1"/><E45/><REACH who="1" ten="172,210,240,368" step="2"/><V108/><F108/><W94/><G83/><T78/><D78/><U55/><E55/><V121/><F121/><W99/><G77/><T25/><D132/><U7/><E7/><V92/><F75/><W84/><G82/><T112/><D135/><U119/><E119/><V111/><F74/><W102/><G90/><T30/><D112/><U32/><E32/><V39/><F111/><W3/><G102/><T48/><D91/><U98/><E98/><V51/><F4/><W86/><G99/><T118/><D118/><U41/><E41/><V35/><F42/><W5/><G5/><T37/><D40/><U8/><E8/><V2/><F46/><W1/><G3/><T29/><D43/><U44/><E44/><V73/><F2/><W66/><G1/><T63/><D34/><U65/><E65/><V124/><F73/><W22/><AGARI ba="0,1" hai="9,13,15,17,18,22,59,61,66,84,85,86,88,94" machi="22" ten="20,12000,2" yaku="0,1,7,1,8,1,52,3,54,1" doraHai="81" who="3" fromWho="3" sc="172,-30,210,-60,240,-30,368,130" /><INIT seed="6,0,0,2,2,70" ten="142,150,210,498" oya="2" hai0="21,114,42,116,124,39,82,2,97,123,78,16,17" hai1="63,98,85,71,12,45,33,51,106,100,9,131,111" hai2="61,7,13,23,94,36,99,37,87,133,64,8,4" hai3="108,120,29,28,53,130,135,80,104,54,96,129,75"/><V132/><F7/><W47/><G108/><T41/><D123/><U62/><E111/><V35/><F35/><W26/><G135/><N who="2" m="51785" /><F87/><W93/><G104/><T3/><D114/><U77/><E33/><V48/><F48/><W90/><G120/><T95/><D124/><U32/><E32/><V69/><F23/><W18/><G18/><T101/><D116/><U25/><E25/><V88/><AGARI ba="0,0" hai="4,8,13,36,37,61,64,69,88,94,99" m="51785" machi="88" ten="30,11700,0" yaku="20,1,52,2,54,1" doraHai="70" who="2" fromWho="2" sc="142,-39,150,-39,210,117,498,-39" /><INIT seed="6,1,0,2,2,26" ten="103,111,327,459" oya="2" hai0="126,43,103,55,90,48,95,125,46,0,45,72,114" hai1="102,68,19,81,120,88,2,115,49,87,57,113,73" hai2="27,71,94,10,131,133,96,97,118,21,3,56,116" hai3="69,89,1,105,84,91,53,117,100,35,82,36,79"/><V40/><F71/><W30/><G1/><T130/><D72/><U47/><E68/><V24/><F131/><W129/><G36/><T101/><D0/><U128/><E128/><V70/><F70/><W6/><G6/><T23/><D114/><N who="1" m="43531" /><E2/><V22/><F40/><W41/><G41/><T64/><D64/><U60/><E102/><N who="2" m="60695" /><F133/><W67/><G53/><T134/><D134/><U33/><E33/><V4/><F3/><W92/><G92/><T34/><D34/><U20/><E73/><V9/><F97/><N who="3" m="61583" /><G117/><T124/><D23/><N who="2" m="8714" /><F116/><W108/><G129/><T25/><D25/><N who="2" m="9802" /><F4/><W5/><G5/><T135/><D135/><U109/><E120/><V62/><F118/><W76/><G69/><T38/><D130/><U44/><E109/><V83/><F83/><W12/><G82/><T7/><REACH who="0" step="1"/><D7/><REACH who="0" ten="93,111,327,459" step="2"/><U29/><E20/><V122/><F122/><W98/><G35/><T31/><D31/><U80/><E29/><V78/><F78/><W32/><G30/><T65/><D65/><AGARI ba="1,1" hai="9,10,56,62,65" m="9802,8714,60695" machi="65" ten="30,1500,0" yaku="8,1" doraHai="26" who="2" fromWho="0" sc="93,-18,111,0,327,28,459,0" /><INIT seed="6,2,0,0,4,105" ten="75,111,355,459" oya="2" hai0="106,13,100,8,93,125,74,99,46,82,85,114,33" hai1="40,50,68,37,35,73,95,127,71,122,57,58,101" hai2="63,4,51,32,29,132,128,23,53,25,49,48,76" hai3="28,120,70,110,107,45,112,131,36,62,123,52,39"/><V97/><F128/><W133/><G107/><T12/><D114/><U9/><E35/><V26/><F132/><W5/><G5/><T91/><D125/><U84/><E37/><N who="3" m="14410" /><G28/><T67/><D33/><U87/><E40/><V47/><F4/><W17/><G17/><T135/><D135/><U42/><E42/><V83/><F97/><W20/><G20/><T21/><D67/><U126/><E50/><V24/><F63/><W44/><G110/><T94/><D21/><U129/><E95/><V65/><F65/><N who="3" m="41271" /><G112/><T55/><D93/><U86/><E101/><V60/><F60/><W109/><G109/><T38/><D8/><U31/><E31/><V130/><F130/><W30/><G30/><T56/><D46/><U41/><E9/><V16/><REACH who="2" step="1"/><F26/><REACH who="2" ten="75,111,345,459" step="2"/><W75/><G131/><T7/><D7/><U134/><E129/><V19/><F19/><W98/><G98/><T119/><D119/><U102/><E134/><V104/><F104/><W124/><G133/><T11/><D106/><U79/><E127/><V92/><F92/><W80/><G124/><T54/><D94/><U10/><E126/><V22/><F22/><W103/><G123/><T1/><D1/><U15/><E122/><V78/><F78/><W121/><G120/><T43/><D99/><U0/><E79/><V66/><F66/><W69/><G121/><T115/><D115/><U27/><E27/><V6/><F6/><W18/><G18/><T116/><D116/><U64/><E64/><V118/><F118/><W59/><G69/><T2/><D2/><U61/><E71/><V113/><F113/><RYUUKYOKU ba="2,1" sc="75,-10,111,-10,345,30,459,-10" hai2="16,23,24,25,29,32,47,48,49,51,53,76,83" /><INIT seed="6,3,1,1,5,22" ten="65,101,375,449" oya="2" hai0="20,30,75,39,45,70,78,91,131,10,98,73,51" hai1="26,50,72,38,40,97,44,108,115,95,99,32,71" hai2="102,64,113,105,43,60,77,84,116,4,21,24,18" hai3="96,17,110,126,6,119,5,66,133,120,68,57,46"/><V11/><F116/><W8/><G68/><T33/><D33/><U25/><E108/><V118/><F118/><W103/><G110/><T81/><D39/><U121/><E72/><V88/><F77/><W54/><G120/><T12/><D70/><U3/><E3/><V49/><F113/><W16/><G133/><T19/><D131/><U52/><E32/><V69/><F102/><W28/><G28/><T107/><D73/><U65/><E115/><V48/><F105/><W114/><G126/><T135/><D135/><U123/><E99/><V80/><REACH who="2" step="1"/><F43/><REACH who="2" ten="65,101,365,449" step="2"/><W7/><G114/><T109/><D109/><U14/><E123/><V35/><F35/><W58/><G119/><T13/><D107/><U61/><E121/><V101/><F101/><W41/><G41/><T132/><D132/><U0/><E40/><V106/><F106/><W47/><G103/><T56/><D78/><U55/><E38/><V37/><F37/><W42/><G42/><T122/><D122/><U31/><E55/><V15/><AGARI ba="3,2" hai="4,11,15,18,21,24,48,49,60,64,69,80,84,88" machi="15" ten="20,18000,2" yaku="1,1,0,1,7,1,52,1,54,1,53,1" doraHai="22" doraHaiUra="85" who="2" fromWho="2" sc="65,-63,101,-63,365,209,449,-63" /><INIT seed="6,4,0,1,4,130" ten="2,38,574,386" oya="2" hai0="38,2,97,94,82,14,58,102,8,133,16,28,113" hai1="56,88,131,110,116,76,67,19,118,90,99,46,89" hai2="123,83,129,41,36,4,52,7,0,100,85,3,126" hai3="115,125,61,13,108,34,37,5,124,121,64,109,79"/><V11/><F123/><W17/><G37/><T42/><D113/><U92/><E110/><V119/><F119/><W117/><G117/><T32/><D133/><U106/><E106/><V103/><F129/><W91/><G121/><T60/><D2/><U80/><E131/><V12/><F126/><N who="3" m="48747" /><G34/><T53/><D32/><U72/><E46/><V22/><F41/><W54/><G115/><T112/><D112/><U78/><E19/><V127/><F36/><W74/><G5/><T68/><D68/><U6/><E6/><V48/><F127/><W35/><G35/><T84/><D38/><U96/><E56/><V62/><F62/><W86/><G54/><T45/><D28/><U55/><E55/><V27/><F7/><W24/><G24/><T43/><D45/><U98/><E67/><V15/><F15/><W47/><G79/><AGARI ba="4,0" hai="8,14,16,42,43,53,58,60,79,82,84,94,97,102" machi="79" ten="30,3900,0" yaku="7,1,8,1,54,1" doraHai="130" who="0" fromWho="3" sc="2,51,38,0,574,0,386,-51" /><INIT seed="7,0,0,0,4,80" ten="53,38,574,335" oya="3" hai0="33,6,5,74,47,51,82,50,97,42,120,57,12" hai1="119,59,39,58,92,15,117,75,60,16,90,121,1" hai2="41,103,125,64,30,87,134,55,43,124,104,123,22" hai3="126,78,35,3,31,132,53,72,8,111,17,26,18"/><W65/><G132/><T86/><D120/><U19/><E121/><V129/><F129/><W73/><G126/><T61/><D33/><U66/><E75/><V7/><F64/><W68/><G111/><T127/><D127/><U48/><E39/><V77/><F7/><N who="0" m="2570" /><D74/><U89/><E1/><V108/><F108/><W88/><G3/><T85/><D50/><U112/><E112/><V40/><F104/><W4/><G53/><N who="0" m="33967" /><D82/><U44/><E59/><V52/><F123/><W96/><G65/><T101/><D12/><U130/><E130/><V14/><F103/><W49/><G49/><T36/><D36/><U114/><E114/><V9/><F9/><W128/><G68/><T81/><D81/><U131/><E131/><V2/><F30/><W94/><G128/><T83/><D83/><U46/><E46/><V27/><F27/><W11/><G78/><T37/><D37/><U113/><E113/><V100/><F100/><W67/><G67/><T107/><D107/><U76/><E76/><V63/><F2/><W98/><G98/><T70/><D70/><U23/><E19/><N who="2" m="10615" /><F134/><W28/><G28/><T0/><D0/><U21/><E21/><V91/><F77/><W105/><G105/><T84/><D101/><U54/><REACH who="1" step="1"/><E90/><REACH who="1" ten="53,28,574,335" step="2"/><V62/><F125/><W135/><G135/><T13/><D13/><U38/><E38/><V110/><F124/><W116/><G116/><T56/><D56/><U93/><E93/><N who="2" m="54527" /><F110/><W29/><G73/><T45/><D45/><U118/><E118/><V109/><F109/><W10/><G72/><T24/><D24/><U71/><E71/><RYUUKYOKU ba="0,1" sc="53,10,28,10,574,10,335,-30" hai0="42,47,51,84,85,86,97" hai1="15,16,23,44,48,54,58,60,66,89,92,117,119" hai2="40,41,43,52,55,62,63" owari="63,-33.7,38,-46.2,594,69.4,305,10.5" /></mjloggm>