<mjloggm ver="2.3"><GO type="169" lobby="0"/><UN n0="%53%75%7A%61%6B%75" n1="%E5%AE%8C%E5%85%A8%E5%AE%89%E7%89%8C" n2="%E3%81%97%E3%82%87%E3%81%BC%E3%82%93%EF%BD%8E" n3="%E3%82%A8%E3%82%B0%E3%83%81%E3%80%81" dan="16,17,17,16" rate="2083.02,2176.08,2206.45,2153.86" sx="M,M,M,M"/><TAIKYOKU oya="0"/><INIT seed="0,0,0,5,5,3" ten="250,250,250,250" oya="0" hai0="119,44,127,77,82,96,15,42,89,1,78,91,123" hai1="6,105,122,41,38,32,100,19,72,23,88,65,12" hai2="34,33,120,124,66,43,129,132,133,97,80,7,99" hai3="104,11,59,31,40,74,47,26,8,117,95,62,84"/><T14/><D119/><U10/><E122/><V37/><F120/><W16/><G104/><T53/><D123/><U116/><E116/><V69/><F129/><W114/><G74/><T115/><D115/><U106/><E32/><V45/><F124/><W29/><G114/><T5/><D127/><U76/><E65/><V63/><F80/><W87/><G117/><T70/><D70/><U81/><E100/><V21/><F21/><W102/><G87/><T79/><D53/><U98/><E41/><V9/><F97/><W24/><G24/><T30/><D30/><U56/><E38/><V103/><F132/><W18/><G8/><T0/><D96/><U2/><REACH who="1" step="1"/><E56/><REACH who="1" ten="250,240,250,250" step="2"/><V39/><F39/><W125/><G125/><T75/><D75/><U35/><E35/><V27/><F133/><W90/><G102/><T118/><D118/><U17/><E17/><V128/><F128/><W55/><G18/><T113/><D113/><U58/><E58/><V61/><F34/><W131/><G131/><T25/><D42/><U107/><E107/><V13/><F66/><W109/><G109/><T126/><D126/><U28/><E28/><V64/><F64/><W101/><G101/><T121/><D121/><U110/><E110/><V50/><F37/><W46/><G40/><T54/><D54/><U86/><E86/><V57/><F57/><W20/><REACH who="3" step="1"/><G31/><REACH who="3" ten="250,240,250,240" step="2"/><T85/><D85/><U67/><E67/><V94/><F69/><W93/><G93/><AGARI ba="0,2" hai="2,6,10,12,19,23,72,76,81,88,93,98,105,106" machi="93" ten="40,5200,0" yaku="1,1,52,1,54,1,53,0" doraHai="3" doraHaiUra="135" who="1" fromWho="3" sc="250,0,240,72,250,0,240,-52" /><INIT seed="1,0,0,2,4,32" ten="250,312,250,188" oya="1" hai0="6,89,55,85,57,13,68,63,103,36,111,53,127" hai1="90,75,10,95,52,113,39,37,82,117,98,74,56" hai2="50,23,34,25,70,35,72,123,106,69,47,49,17" hai3="109,66,91,133,88,86,94,71,27,80,41,15,14"/><U20/><E113/><V93/><F106/><W120/><G109/><T135/><D111/><U26/><E117/><V11/><F72/><W128/><G128/><T45/><D135/><U130/><E10/><V125/><F123/><W29/><G133/><T134/><D134/><U54/><E130/><V4/><F125/><W28/><G120/><T59/><D127/><U64/><E64/><V104/><F104/><W132/><G132/><T76/><D103/><U97/><E97/><V65/><F93/><W115/><G41/><T124/><D124/><U61/><E54/><V126/><F126/><W96/><G115/><T3/><D76/><U122/><E122/><V0/><F50/><W116/><G116/><T78/><D78/><U119/><E119/><V77/><F77/><W1/><G29/><T81/><D68/><U60/><E60/><V2/><F2/><W110/><G110/><T22/><D3/><U112/><E82/><V16/><F17/><W58/><G71/><T108/><D108/><U44/><E112/><V8/><F8/><W48/><G1/><T33/><D33/><U19/><E44/><V46/><F46/><W101/><G91/><T67/><D59/><U12/><E12/><V51/><F51/><W30/><G30/><T131/><D131/><U107/><E107/><V7/><F7/><W5/><G5/><T31/><D31/><U105/><E105/><V62/><F70/><W92/><G80/><T83/><D81/><U102/><E102/><V118/><F118/><W99/><G28/><T114/><D114/><U18/><E18/><V79/><F79/><RYUUKYOKU ba="0,0" sc="250,-15,312,15,250,15,188,-15" hai1="19,20,26,37,39,52,56,61,74,75,90,95,98" hai2="0,4,11,16,23,25,34,35,47,49,62,65,69" /><INIT seed="1,1,0,5,2,96" ten="235,327,265,173" oya="1" hai0="117,75,115,74,89,20,38,29,14,94,86,65,70" hai1="116,18,73,76,97,15,42,99,37,106,124,45,71" hai2="6,114,132,100,31,46,82,27,33,62,23,80,98" hai3="120,109,88,81,22,127,125,92,35,16,5,60,121"/><U69/><E116/><V95/><F132/><W48/><G35/><T52/><D117/><U134/><E134/><V129/><F129/><W66/><G109/><T61/><D115/><U11/><E124/><N who="3" m="47690" /><G48/><T78/><D38/><U111/><E111/><V8/><F114/><W72/><G5/><T57/><D78/><U103/><REACH who="1" step="1"/><E99/><REACH who="1" ten="235,317,265,173" step="2"/><V122/><F122/><W7/><G121/><T102/><D75/><U53/><E53/><V34/><F34/><W58/><G120/><T56/><D74/><U84/><E84/><V68/><F33/><W43/><G72/><T91/><D86/><U40/><E40/><V135/><F135/><W126/><G43/><T4/><D52/><U25/><E25/><V17/><F27/><N who="3" m="14791" /><G126/><T1/><D65/><U105/><E105/><V131/><F131/><W133/><G133/><T26/><D26/><U85/><E85/><V63/><F98/><N who="3" m="57607" /><G7/><T28/><D4/><U59/><E59/><V93/><F6/><W21/><G81/><AGARI ba="1,1" hai="11,15,18,37,42,45,69,71,73,76,81,97,103,106" machi="81" ten="40,3900,0" yaku="1,1,52,1,53,0" doraHai="96" doraHaiUra="30" who="1" fromWho="3" sc="235,0,317,52,265,0,173,-42" /><INIT seed="1,2,0,5,2,18" ten="235,369,265,131" oya="1" hai0="10,106,25,87,57,28,45,116,72,71,34,64,111" hai1="1,69,24,8,85,53,125,40,119,19,6,90,37" hai2="15,94,128,60,56,76,3,44,100,118,46,38,98" hai3="121,30,5,102,124,35,101,74,52,70,79,107,23"/><U17/><E119/><V81/><F118/><W26/><G121/><T115/><D72/><U29/><E125/><V43/><F128/><W91/><G124/><T68/><D116/><U135/><E135/><V84/><F3/><W134/><G134/><T22/><D115/><U130/><E69/><V58/><F46/><W50/><G70/><T129/><D129/><U39/><E53/><V78/><F15/><W103/><G5/><T63/><D111/><U48/><E48/><V47/><F78/><W122/><G122/><T133/><D133/><U114/><E114/><V113/><F113/><W73/><G107/><T112/><D112/><U132/><E130/><V14/><F60/><W65/><G65/><T32/><D106/><U41/><E40/><V16/><REACH who="2" step="1"/><F47/><REACH who="2" ten="235,369,255,131" step="2"/><W51/><G79/><T7/><D45/><U77/><E77/><V4/><F4/><W131/><G131/><T80/><D68/><U95/><E132/><V117/><F117/><W82/><G50/><T2/><REACH who="0" step="1"/><D71/><REACH who="0" ten="225,369,255,131" step="2"/><U89/><E41/><V127/><F127/><W109/><G109/><T55/><D55/><U92/><E37/><V33/><F33/><W83/><G35/><T96/><D96/><U12/><E39/><V36/><F36/><W27/><G74/><T93/><D93/><U108/><E108/><V59/><F59/><N who="3" m="33183" /><G73/><T61/><D61/><U20/><REACH who="1" step="1"/><E1/><REACH who="1" ten="225,359,255,131" step="2"/><V21/><AGARI ba="2,3" hai="14,16,21,38,43,44,56,58,76,81,84,94,98,100" machi="21" ten="20,8000,1" yaku="1,1,0,1,7,1,52,1,54,1,53,0" doraHai="18" doraHaiUra="104" who="2" fromWho="2" sc="225,-22,359,-42,255,116,131,-22" /><INIT seed="2,0,0,3,3,111" ten="203,317,371,109" oya="2" hai0="6,30,13,128,56,15,43,96,50,122,104,98,69" hai1="89,117,135,59,37,110,90,94,62,28,81,49,41" hai2="109,61,0,126,74,57,58,64,88,25,102,75,71" hai3="95,125,32,9,40,103,112,72,5,127,53,131,67"/><V33/><F0/><W21/><G32/><T79/><D69/><U134/><E117/><V119/><F119/><W17/><G72/><T78/><D122/><U129/><E37/><V73/><F126/><W22/><G131/><T124/><D128/><U12/><E110/><V118/><F118/><W51/><G67/><T123/><D123/><U20/><E81/><V60/><F109/><W4/><G40/><T130/><D130/><U23/><E28/><V18/><F102/><W27/><G22/><T80/><D124/><U35/><E35/><V1/><F1/><W132/><G132/><T2/><D2/><U93/><E12/><V63/><F71/><W31/><G127/><T7/><D30/><U121/><E121/><V19/><F88/><N who="1" m="33897" /><E49/><V106/><F106/><W116/><G116/><T108/><D108/><U92/><E41/><V36/><F36/><W29/><G29/><T11/><D104/><U77/><E77/><N who="0" m="29193" /><D80/><U42/><E42/><V24/><F33/><W84/><G84/><T45/><D56/><N who="2" m="21610" /><F64/><W68/><G68/><T26/><D26/><AGARI ba="0,0" hai="18,19,24,25,26,60,61,63,73,74,75" m="21610" machi="26" ten="40,3900,0" yaku="28,2" doraHai="111" who="2" fromWho="0" sc="203,-39,317,0,371,39,109,0" /><INIT seed="2,1,0,2,3,49" ten="164,317,410,109" oya="2" hai0="79,127,17,110,25,86,30,75,113,61,115,31,122" hai1="93,64,38,92,72,106,80,0,71,107,32,130,74" hai2="105,109,19,33,22,83,18,36,63,43,21,23,88" hai3="47,108,125,2,77,78,34,135,11,48,114,91,6"/><V132/><F33/><W46/><G108/><T41/><D122/><U76/><E38/><V103/><F109/><W99/><G125/><T134/><D75/><N who="1" m="28715" /><E64/><V45/><F132/><W131/><G135/><T82/><D110/><U53/><E53/><V10/><F105/><N who="1" m="39945" /><E0/><V97/><F103/><W81/><G131/><T128/><D134/><U24/><E24/><V1/><F63/><W67/><G114/><T4/><D128/><U12/><E12/><V59/><F59/><W124/><G124/><T42/><D127/><U117/><E71/><V7/><REACH who="2" step="1"/><F83/><REACH who="2" ten="164,317,400,109" step="2"/><W123/><G81/><T87/><D82/><U55/><E32/><V39/><F39/><W66/><G123/><T102/><D102/><U50/><E80/><V62/><F62/><W101/><G34/><T70/><D61/><U111/><E111/><V40/><F40/><W96/><G101/><T51/><D42/><U95/><E76/><V73/><F73/><W133/><G133/><T68/><D79/><U14/><E130/><V52/><F52/><W98/><G78/><T27/><D41/><U121/><E121/><V37/><F37/><W104/><G77/><T85/><D113/><U126/><E126/><V20/><N who="2" m="5120" /><DORA hai="119" /><V65/><F65/><N who="3" m="24587" /><G104/><T54/><D115/><U89/><E55/><V90/><F90/><W100/><G100/><T9/><D54/><U112/><E112/><V28/><F28/><N who="0" m="10794" /><D51/><U13/><E50/><V26/><F26/><W44/><G91/><T94/><D27/><U5/><E89/><V16/><F16/><W118/><G48/><T129/><D129/><U56/><E56/><RYUUKYOKU ba="1,1" sc="164,-15,317,-15,400,15,109,15" hai2="1,7,10,18,19,36,43,45,88,97" hai3="2,6,11,44,46,47,96,98,99,118" /><INIT seed="2,2,1,0,2,14" ten="149,302,415,124" oya="2" hai0="51,0,8,10,23,41,40,82,115,70,46,30,7" hai1="118,114,131,52,105,43,74,19,95,38,12,56,1" hai2="127,15,17,85,36,59,103,26,18,101,75,89,21" hai3="27,116,5,117,96,121,67,94,35,4,3,6,64"/><V25/><F75/><W100/><G121/><T63/><D115/><U93/><E118/><V66/><F36/><W113/><G113/><T132/><D132/><U77/><E105/><V37/><F37/><W99/><G3/><T107/><D107/><U130/><E1/><V110/><F127/><W69/><G99/><T73/><D10/><N who="1" m="6551" /><E114/><V109/><F59/><W44/><G44/><T129/><D129/><N who="1" m="49163" /><E43/><V98/><F66/><W48/><G48/><T58/><D70/><U79/><E38/><V32/><F32/><W47/><G47/><T106/><D106/><U135/><E135/><V68/><F68/><W92/><G69/><T80/><D41/><U53/><E53/><V39/><F39/><W33/><G96/><T104/><D104/><U13/><E13/><V87/><F98/><W90/><G27/><T86/><D73/><U123/><E123/><V111/><F87/><W20/><G100/><T55/><D86/><U119/><E119/><V71/><F71/><W126/><G4/><T62/><D62/><N who="1" m="36103" /><E79/><V125/><F26/><W65/><G65/><T78/><D78/><U11/><E11/><N who="2" m="6399" /><F125/><W122/><G126/><T42/><D42/><U61/><E61/><V2/><F2/><W72/><G122/><T50/><D63/><U9/><E9/><V134/><F134/><W128/><G72/><T57/><D57/><U16/><E16/><V84/><F84/><W102/><G117/><T28/><D28/><U45/><E45/><V120/><F120/><W112/><G116/><T29/><D29/><U22/><E22/><V88/><F85/><W60/><G112/><RYUUKYOKU ba="2,1" sc="149,10,302,10,415,10,124,-30" hai0="0,7,8,23,30,40,46,50,51,55,58,80,82" hai1="74,77,93,95" hai2="18,21,25,88,89,101,103,109,110,111" /><INIT seed="2,3,1,1,0,27" ten="159,312,425,94" oya="2" hai0="86,40,119,63,103,39,90,30,18,12,111,100,97" hai1="52,78,28,72,29,129,134,123,130,36,115,80,106" hai2="110,8,71,0,15,6,112,7,88,127,96,56,61" hai3="11,25,121,19,10,38,101,13,84,87,105,48,128"/><V117/><F112/><W24/><G128/><N who="1" m="49258" /><E115/><V57/><F117/><W33/><G121/><T73/><D73/><U109/><E109/><V22/><F127/><W104/><G38/><T69/><D111/><U77/><E134/><V120/><F120/><W3/><G48/><T20/><D119/><U58/><E123/><V131/><F131/><W114/><G114/><T59/><D69/><U43/><E106/><V55/><F110/><W98/><G105/><T32/><D40/><U133/><E77/><V124/><F124/><W64/><G64/><T47/><D47/><N who="1" m="24039" /><E133/><V102/><F71/><W85/><REACH who="3" step="1"/><G33/><REACH who="3" ten="159,312,425,84" step="2"/><T107/><D39/><U17/><E17/><V89/><F7/><AGARI ba="3,2" hai="3,7,10,11,13,19,24,25,84,85,87,98,101,104" machi="7" ten="40,5200,0" yaku="1,1,2,1,53,1" doraHai="27" doraHaiUra="9" who="3" fromWho="2" sc="159,0,312,0,425,-61,84,81" /><INIT seed="3,0,0,3,5,83" ten="159,312,364,165" oya="3" hai0="128,25,68,39,134,26,14,5,77,33,8,41,90" hai1="16,43,10,73,20,132,22,117,59,115,35,70,2" hai2="102,129,81,101,49,4,120,79,69,91,40,111,107" hai3="119,57,92,133,127,84,123,30,82,94,98,131,11"/><W38/><G38/><T126/><D68/><U64/><E73/><V66/><F4/><W109/><G119/><T50/><D128/><U53/><E35/><V76/><F49/><W7/><G123/><T23/><D134/><U32/><E32/><V104/><F40/><W67/><G131/><T124/><D39/><U29/><E115/><V18/><F18/><W21/><G127/><N who="0" m="48683" /><D77/><U88/><E43/><V121/><F66/><W80/><G80/><T54/><D41/><U87/><E132/><V13/><F13/><W51/><G109/><T6/><D90/><U122/><E122/><V55/><F55/><W135/><G133/><T96/><D96/><U71/><E64/><V46/><F69/><W78/><G135/><T36/><D36/><U58/><E58/><V93/><F46/><W9/><G7/><N who="0" m="3359" /><D54/><U17/><E29/><V89/><F129/><W0/><G0/><T86/><D50/><N who="1" m="31159" /><E10/><V44/><F44/><W85/><G51/><T65/><D65/><U48/><E2/><V60/><F60/><N who="3" m="38287" /><G85/><T100/><D86/><U24/><E117/><V15/><F81/><W3/><G3/><T31/><D100/><U28/><E48/><V105/><F105/><W42/><G42/><T47/><D47/><U72/><E72/><V99/><F111/><W110/><G110/><T95/><D95/><N who="3" m="36393" /><G98/><T97/><D97/><U114/><E70/><V113/><F93/><W37/><G37/><T12/><D12/><N who="1" m="9223" /><E71/><V118/><F99/><W34/><G34/><T74/><D74/><U27/><E87/><V63/><F113/><W61/><G61/><T52/><D52/><RYUUKYOKU ba="0,0" sc="159,15,312,-15,364,-15,165,15" hai0="5,6,23,25,26,31,33" hai3="9,11,21,30,78,82,84" /><INIT seed="3,1,0,1,0,131" ten="174,297,349,180" oya="3" hai0="95,67,44,77,3,108,61,28,15,87,17,18,116" hai1="9,45,64,115,91,21,73,78,24,22,79,7,130" hai2="16,50,135,133,13,97,81,104,46,60,90,105,113" hai3="72,66,38,85,52,4,74,32,26,123,59,65,127"/><W76/><G123/><T43/><D116/><U111/><E115/><V83/><F113/><W94/><G38/><T55/><D3/><U96/><E111/><V11/><F60/><W107/><G107/><T40/><D108/><U6/><E130/><V53/><F83/><W88/><G127/><T39/><D28/><U20/><E64/><V89/><F90/><W68/><G4/><T126/><D126/><U117/><E73/><V101/><F105/><W31/><G68/><T132/><D43/><U23/><E45/><V121/><F121/><W80/><REACH who="3" step="1"/><G74/><REACH who="3" ten="174,297,349,170" step="2"/><T103/><D39/><U27/><E7/><V134/><F134/><W106/><G106/><T1/><D1/><U54/><E6/><V70/><F70/><W100/><G100/><T120/><D103/><U41/><E27/><V19/><F19/><W58/><G58/><T36/><D18/><U122/><E24/><V47/><F47/><W124/><G124/><T51/><D120/><U125/><E122/><V49/><F49/><AGARI ba="1,1" hai="26,31,32,49,52,59,65,66,72,76,80,85,88,94" machi="49" ten="30,11600,0" yaku="1,1,7,1,54,2,53,0" doraHai="131" doraHaiUra="56" who="3" fromWho="2" sc="174,0,297,0,349,-119,170,129" /><INIT seed="3,2,0,5,1,96" ten="174,297,230,299" oya="3" hai0="71,114,12,100,26,42,70,101,67,32,115,97,22" hai1="89,55,118,59,58,86,65,38,19,28,48,40,127" hai2="7,129,76,68,133,123,126,6,5,4,15,45,69" hai3="77,1,121,18,84,11,41,2,93,52,37,36,56"/><W47/><G121/><T0/><D0/><U14/><E127/><V23/><F126/><W87/><G36/><T95/><D42/><U73/><E73/><V103/><F123/><W74/><G74/><T78/><D78/><U43/><E118/><V80/><F129/><W99/><G18/><T113/><D67/><U128/><E28/><V64/><F133/><W92/><G92/><T33/><D12/><U61/><E38/><V62/><F69/><W25/><G25/><T44/><D44/><U125/><E128/><V13/><F45/><W98/><G98/><N who="0" m="59487" /><D70/><U72/><E72/><V83/><N who="2" m="1024" /><DORA hai="20" /><V49/><F76/><W122/><G11/><T51/><D51/><U57/><E57/><V116/><F116/><W124/><G122/><T85/><D85/><U21/><REACH who="1" step="1"/><E125/><REACH who="1" ten="174,287,230,299" step="2"/><V66/><F68/><W24/><G124/><T106/><D71/><U10/><E10/><V16/><F66/><W134/><G1/><T119/><D119/><U75/><E75/><V132/><F64/><W81/><G2/><T60/><D60/><U102/><E102/><V120/><F62/><W112/><G37/><T27/><D22/><U54/><E54/><V104/><F120/><W29/><G52/><T109/><D109/><U30/><E30/><V46/><F103/><W31/><G56/><T88/><D88/><U90/><E90/><V34/><F46/><W131/><G31/><T79/><D79/><U8/><E8/><V39/><F39/><W63/><G63/><T130/><D130/><U9/><E9/><V111/><F111/><W53/><G131/><T94/><D106/><RYUUKYOKU ba="2,1" sc="174,15,287,15,230,-15,299,-15" hai0="26,27,32,33,94,97,101,113,114,115" hai1="14,19,21,40,43,48,55,58,59,61,65,86,89" /><INIT seed="4,3,1,4,2,31" ten="189,302,215,284" oya="0" hai0="114,82,0,22,1,50,78,87,92,85,91,8,105" hai1="7,69,59,38,16,132,17,15,103,64,75,120,133" hai2="27,102,42,74,44,73,63,88,53,124,128,86,49" hai3="34,122,18,23,32,30,41,76,72,43,58,20,61"/><T135/><D105/><U123/><E38/><V108/><F108/><W68/><G68/><T97/><D114/><U134/><E75/><V14/><F128/><W9/><G76/><T121/><D121/><N who="1" m="46667" /><E103/><V48/><F124/><W79/><G79/><T29/><D135/><U24/><E59/><V130/><F130/><W116/><G72/><T54/><D8/><N who="1" m="4511" /><E64/><V71/><F27/><W67/><G122/><T19/><D29/><U52/><E52/><V55/><F102/><W93/><G116/><T70/><D70/><U5/><E69/><V10/><F42/><W36/><G93/><T56/><REACH who="0" step="1"/><D97/><REACH who="0" ten="179,302,215,284" step="2"/><U37/><E132/><V21/><F71/><W94/><G9/><T6/><D6/><U104/><E5/><V117/><F117/><W40/><G36/><T126/><D126/><U118/><E104/><V57/><F10/><W39/><G39/><T83/><D83/><U99/><E37/><V100/><F63/><W46/><G94/><T89/><D89/><U66/><E99/><V4/><F4/><W109/><G30/><T96/><D96/><U127/><E127/><V119/><F119/><W26/><G109/><T115/><D115/><U110/><E110/><V113/><F113/><W107/><G107/><T60/><D60/><U2/><E118/><V35/><F100/><W111/><G111/><T95/><D95/><U45/><E133/><V28/><F28/><W33/><G18/><T51/><D51/><U112/><E134/><V125/><F125/><W65/><G61/><T129/><D129/><U84/><E112/><V25/><F49/><W98/><G98/><RYUUKYOKU ba="3,2" sc="179,30,302,-10,215,-10,284,-10" hai0="0,1,19,22,50,54,56,78,82,85,87,91,92" /><INIT seed="4,4,2,3,5,82" ten="209,292,205,274" oya="0" hai0="119,2,101,5,74,129,95,21,106,38,104,22,51" hai1="105,40,73,108,87,3,84,1,92,14,71,63,35" hai2="4,8,118,69,132,54,55,131,65,16,88,49,122" hai3="91,61,115,134,85,39,68,18,59,76,47,128,7"/><T97/><D119/><U46/><E108/><V116/><F122/><W23/><G115/><T120/><D120/><U52/><E105/><V107/><F107/><W32/><G32/><T48/><D38/><U121/><E73/><V78/><F78/><W124/><G134/><T44/><D74/><U33/><E121/><V36/><F36/><W10/><G68/><T53/><D129/><U11/><E35/><V112/><F112/><W98/><G124/><T0/><D22/><U133/><E33/><V110/><F110/><W90/><G76/><T19/><D2/><U56/><E71/><V27/><F132/><W25/><G98/><T58/><D5/><U114/><E114/><V89/><F55/><W113/><G128/><T70/><D0/><U77/><E133/><V66/><F131/><W96/><G96/><T93/><D70/><U67/><E67/><N who="2" m="25611" /><F69/><W75/><G75/><T17/><D104/><U123/><E123/><V127/><F127/><W29/><G29/><T83/><D83/><N who="1" m="47215" /><E3/><V13/><F118/><W50/><G39/><T111/><D111/><U28/><E28/><V100/><F100/><W135/><G135/><T125/><D125/><U26/><E26/><V42/><F42/><N who="3" m="24951" /><G113/><T60/><D17/><N who="1" m="8415" /><E1/><V102/><F116/><W81/><G10/><T9/><D9/><U15/><E40/><V86/><F102/><W99/><G7/><T94/><REACH who="0" step="1"/><D44/><REACH who="0" ten="199,292,205,274" step="2"/><U72/><E46/><N who="2" m="27959" /><F86/><W57/><G61/><T45/><D45/><U12/><E72/><V37/><F37/><W117/><G117/><T43/><D43/><U6/><E6/><V80/><F4/><RYUUKYOKU ba="4,3" sc="199,10,292,10,205,-30,274,10" hai0="19,21,48,51,53,58,60,93,94,95,97,101,106" hai1="12,15,52,56,63,87,92" hai3="18,23,25,57,59,81,85,90,91,99" /><INIT seed="4,5,3,0,0,6" ten="209,302,175,284" oya="0" hai0="70,22,13,113,91,40,23,93,44,50,106,30,71" hai1="129,55,38,19,48,95,76,127,111,109,130,75,79" hai2="103,69,102,87,57,81,116,56,96,125,100,80,51" hai3="35,46,119,105,52,49,101,9,84,3,132,131,68"/><T121/><D121/><U16/><E38/><V17/><F69/><W62/><G119/><T27/><D106/><U135/><E135/><V88/><F116/><W82/><G132/><T18/><REACH who="0" step="1"/><D113/><REACH who="0" ten="199,302,175,284" step="2"/><U53/><E129/><V42/><F125/><W34/><G131/><T126/><D126/><U108/><E130/><V14/><F96/><AGARI ba="5,4" hai="13,18,22,23,27,30,40,44,50,70,71,91,93,96" machi="96" ten="30,2900,0" yaku="1,1,7,1,53,0" doraHai="6" doraHaiUra="110" who="0" fromWho="2" sc="199,84,302,0,175,-44,284,0" /><INIT seed="4,6,0,0,0,104" ten="283,302,131,284" oya="0" hai0="7,16,43,68,76,4,128,51,116,118,85,46,97" hai1="108,60,74,24,114,41,124,26,50,48,122,121,87" hai2="38,110,135,99,53,32,1,86,52,56,62,5,19" hai3="131,80,101,6,49,98,57,92,17,34,127,3,0"/><T133/><D68/><U39/><E108/><V61/><F110/><W111/><G111/><T77/><D128/><U71/><E87/><V11/><F135/><W119/><G119/><T107/><D133/><U134/><E134/><V106/><F32/><W20/><G131/><T89/><D116/><U30/><E30/><V73/><F38/><W78/><G34/><T72/><D118/><U102/><E102/><V21/><F86/><W69/><G69/><T105/><D105/><U15/><E15/><V44/><F99/><W91/><G127/><T2/><D2/><U10/><E10/><V27/><F106/><W33/><G33/><T88/><D89/><U36/><E41/><V125/><F125/><W12/><G6/><T82/><D77/><U90/><E60/><V23/><F23/><W93/><G93/><N who="0" m="54415" /><D16/><U109/><E71/><V100/><F100/><AGARI ba="6,0" hai="4,7,43,46,51,72,76,82,97,100,107" m="54415" machi="100" ten="30,5800,0" yaku="24,1,52,1,54,1" doraHai="104" who="0" fromWho="2" sc="283,76,302,0,131,-76,284,0" /><INIT seed="4,7,0,0,5,120" ten="359,302,55,284" oya="0" hai0="114,24,44,46,13,62,66,121,102,43,36,110,122" hai1="134,65,91,2,119,116,95,16,88,81,124,77,74" hai2="17,8,99,78,105,20,21,61,67,55,87,129,59" hai3="103,94,29,41,86,98,96,11,38,132,40,112,64"/><T34/><D114/><U111/><E2/><V117/><F129/><W53/><G132/><T27/><D13/><U49/><E134/><V25/><F117/><W19/><G112/><T54/><D102/><U84/><E111/><V12/><F105/><W18/><G64/><T10/><D10/><U60/><E124/><V1/><F1/><W92/><G29/><T80/><D80/><U45/><E91/><V63/><F99/><W73/><G73/><T6/><D6/><U76/><E76/><V126/><F126/><W72/><G72/><T115/><D24/><U39/><E39/><V107/><F107/><W135/><G135/><T85/><D85/><U127/><E16/><V133/><F133/><W31/><G31/><T130/><D27/><U5/><E5/><V83/><REACH who="2" step="1"/><F25/><REACH who="2" ten="359,302,45,284" step="2"/><W82/><G98/><T79/><D130/><U52/><REACH who="1" step="1"/><E127/><REACH who="1" ten="359,292,45,284" step="2"/><V33/><F33/><W90/><G96/><T0/><D34/><U50/><E50/><V15/><F15/><W128/><G128/><T97/><D0/><U68/><AGARI ba="7,2" hai="45,49,52,60,65,68,74,77,81,84,88,95,116,119" machi="68" ten="20,8000,1" yaku="1,1,0,1,7,1,54,2,53,0" doraHai="120" doraHaiUra="22" who="1" fromWho="1" sc="359,-47,292,121,45,-27,284,-27" /><INIT seed="5,0,0,4,5,133" ten="312,413,18,257" oya="1" hai0="134,50,122,52,102,59,82,32,39,116,45,73,74" hai1="9,115,113,37,15,93,80,23,46,92,114,84,117" hai2="26,79,81,42,57,3,124,94,22,127,16,95,51" hai3="27,67,70,89,0,17,68,11,71,128,104,111,38"/><U48/><E37/><V131/><F131/><W8/><G111/><T30/><D116/><U98/><E23/><V100/><F3/><W85/><G128/><T2/><D2/><U5/><E98/><V6/><F6/><W58/><G104/><T20/><D134/><U110/><E117/><V118/><F118/><W31/><G38/><T21/><D122/><U43/><REACH who="1" step="1"/><E110/><REACH who="1" ten="312,403,18,257" step="2"/><V54/><F42/><W123/><G123/><T126/><D20/><U121/><E121/><V19/><F19/><W55/><G11/><T29/><D21/><U119/><E119/><V25/><F25/><W97/><G97/><T72/><D29/><U56/><E56/><V130/><F130/><W13/><G71/><T24/><D59/><U87/><E87/><V120/><F120/><W107/><G70/><T62/><D39/><U44/><E44/><V64/><F64/><W109/><G67/><T14/><D45/><U33/><E33/><V76/><F76/><AGARI ba="0,1" hai="5,9,15,43,46,48,76,80,84,92,93,113,114,115" machi="76" ten="40,18000,2" yaku="1,1,25,2,15,1,53,3" doraHai="133" doraHaiUra="108" who="1" fromWho="2" sc="312,0,403,190,18,-180,257,0" owari="312,11.2,593,69.3,-162,-66.2,257,-14.3" /></mjloggm>