<mjloggm ver="2.3"><GO type="169" lobby="0"/><UN n0="%E3%81%82%E3%81%84%E3%81%93%E3%81%99" n1="%E3%81%88%E3%81%84%E3%81%8D%E3%81%A1%40%35%6D%66" n2="%63%68%69%73%73" n3="%E3%83%8E%E3%82%AA%E3%83%81%E3%83%A3%E3%83%99%E3%82%B9" dan="16,17,16,16" rate="2136.57,2241.77,2193.92,2151.43" sx="M,M,M,M"/><TAIKYOKU oya="0"/><INIT seed="0,0,0,4,4,52" ten="250,250,250,250" oya="0" hai0="121,28,10,67,65,111,17,77,1,60,36,104,95" hai1="128,61,93,122,25,11,51,81,126,75,53,98,66" hai2="123,87,2,102,58,21,31,43,23,12,112,49,22" hai3="5,56,0,42,71,116,107,103,79,82,20,39,72"/><T74/><D121/><U84/><E122/><V64/><F112/><W105/><G116/><T37/><D67/><U124/><E75/><V130/><F123/><W110/><G20/><T15/><D104/><U109/><E109/><V91/><F2/><W132/><G110/><T113/><D113/><U135/><E128/><V27/><F130/><W40/><G40/><T80/><D111/><U94/><E135/><V19/><F102/><W108/><G132/><T16/><D28/><U131/><E25/><V34/><F43/><W3/><G108/><T18/><D1/><U78/><E11/><V129/><F129/><W88/><G71/><T32/><D32/><U101/><E94/><V133/><F133/><W100/><G3/><T14/><D95/><U117/><E117/><V85/><F85/><W62/><G107/><T97/><D97/><U55/><E131/><V92/><REACH who="2" step="1"/><F64/><REACH who="2" ten="250,250,240,250" step="2"/><W114/><G114/><T118/><D118/><U86/><E86/><V73/><F73/><W46/><G105/><T96/><D96/><U38/><E38/><V30/><F30/><W4/><G103/><T134/><D134/><U70/><REACH who="1" step="1"/><E55/><AGARI ba="0,1" hai="12,19,21,22,23,27,31,34,49,55,58,87,91,92" machi="55" ten="40,8000,1" yaku="1,1,25,2,52,1,53,1" doraHai="52" doraHaiUra="50" who="2" fromWho="1" sc="250,0,250,-80,240,90,250,0" /><INIT seed="1,0,0,4,1,86" ten="250,170,330,250" oya="1" hai0="48,71,53,67,70,50,128,75,45,101,27,116,90" hai1="124,60,7,74,63,118,121,112,49,11,83,13,57" hai2="84,87,94,44,20,127,16,39,18,129,72,77,23" hai3="26,102,85,5,100,109,115,107,130,105,131,38,76"/><U3/><E112/><V68/><F68/><W134/><G26/><T19/><D116/><U78/><E118/><V59/><F127/><W6/><G38/><T56/><D128/><N who="3" m="49193" /><G115/><T98/><D75/><U88/><E121/><V2/><F2/><W61/><G61/><T113/><D113/><U65/><E124/><V104/><F104/><N who="3" m="40011" /><G109/><T21/><D101/><N who="3" m="39017" /><G134/><T34/><D34/><U42/><E63/><V22/><F129/><W43/><G43/><T120/><D120/><U28/><E28/><V15/><F39/><W8/><G8/><T14/><D67/><U110/><E110/><V37/><F37/><W55/><G55/><T17/><D71/><U96/><E3/><V25/><F44/><W91/><G76/><T111/><D70/><U47/><REACH who="1" step="1"/><E96/><REACH who="1" ten="250,160,330,250" step="2"/><V125/><F125/><W126/><G126/><T95/><D111/><U89/><AGARI ba="0,1" hai="7,11,13,42,47,49,57,60,65,74,78,83,88,89" machi="89" ten="30,18000,2" yaku="1,1,2,1,0,1,52,2,54,1,53,0" doraHai="86" doraHaiUra="82" who="1" fromWho="1" sc="250,-60,160,190,330,-60,250,-60" /><INIT seed="1,1,0,2,0,120" ten="190,350,270,190" oya="1" hai0="23,113,13,8,28,46,73,117,5,92,56,10,32" hai1="11,33,71,44,101,34,77,48,27,121,96,67,85" hai2="55,94,78,75,102,133,54,66,105,62,43,100,9" hai3="31,58,72,128,103,127,99,50,80,123,111,82,40"/><U39/><E121/><V59/><F133/><W93/><G123/><T83/><D113/><U26/><E39/><V25/><F105/><W126/><G31/><T132/><D117/><U90/><E77/><V45/><F75/><W104/><G58/><T86/><D73/><U109/><E11/><V87/><F9/><W124/><G50/><T130/><D130/><U6/><E6/><V68/><F25/><W65/><G65/><T37/><D32/><U115/><E115/><V112/><F55/><W52/><G52/><T53/><D92/><U135/><E135/><V1/><F1/><W4/><G40/><T97/><D97/><U131/><E131/><V22/><F22/><W69/><G69/><T116/><D116/><U18/><E67/><V110/><F78/><W0/><G4/><T21/><D10/><U81/><E71/><V14/><F14/><W106/><G0/><T35/><D132/><U7/><E7/><V118/><F118/><W134/><G134/><T15/><D15/><U3/><E3/><V20/><F20/><W24/><G24/><T84/><D35/><U30/><E18/><V70/><F70/><W57/><G57/><T12/><D28/><U49/><E44/><V29/><F29/><W119/><G128/><T19/><D23/><U42/><E26/><V125/><F112/><W129/><G129/><T61/><D83/><N who="3" m="31785" /><G119/><T36/><D36/><U88/><E34/><V47/><F68/><W122/><G72/><T51/><D37/><U89/><E33/><V98/><F59/><W41/><G122/><T76/><D76/><N who="1" m="46247" /><E30/><V64/><F47/><RYUUKYOKU ba="1,0" sc="190,30,350,-10,270,-10,190,-10" hai0="5,8,12,13,19,21,46,51,53,56,61,84,86" /><INIT seed="2,2,0,0,4,2" ten="220,340,260,180" oya="2" hai0="33,69,9,24,29,49,90,54,5,89,66,8,16" hai1="17,47,50,31,21,116,39,52,82,135,95,87,107" hai2="1,133,92,56,36,19,100,79,30,127,26,60,3" hai3="34,58,64,74,113,78,67,45,51,53,120,44,38"/><V20/><F127/><W81/><G34/><T83/><D69/><U0/><E116/><V88/><F133/><W14/><G120/><T129/><D66/><U37/><E107/><V77/><F36/><W28/><G28/><T10/><D129/><U7/><E31/><V112/><F112/><W32/><G32/><T106/><D106/><U61/><E95/><V121/><F121/><W123/><G123/><T57/><D83/><U23/><E135/><V59/><F59/><W25/><G25/><T70/><D70/><U93/><E93/><V62/><F60/><W41/><G113/><T117/><D117/><U63/><E21/><V68/><F68/><W4/><REACH who="3" step="1"/><G44/><REACH who="3" ten="220,340,260,170" step="2"/><T15/><REACH who="0" step="1"/><D10/><AGARI ba="2,1" hai="4,10,14,38,41,45,51,53,58,64,67,74,78,81" machi="10" ten="40,5200,0" yaku="1,1,2,1,52,1,53,0" doraHai="2" doraHaiUra="18" who="3" fromWho="0" sc="220,-58,340,0,260,0,170,68" /><INIT seed="3,0,0,4,5,106" ten="162,340,260,238" oya="3" hai0="75,118,84,105,93,112,51,55,70,16,101,89,50" hai1="80,110,95,129,82,5,64,104,107,3,65,53,57" hai2="63,24,33,56,59,43,25,128,119,127,40,102,85" hai3="4,39,15,81,132,19,97,114,54,49,13,115,38"/><W58/><G132/><T21/><D118/><U60/><E110/><V134/><F119/><W103/><G39/><T0/><D0/><U130/><E95/><V1/><F1/><W133/><G38/><T31/><D31/><U79/><E3/><V88/><F134/><W12/><G133/><T99/><D112/><U47/><E5/><V74/><F127/><W17/><G4/><T117/><D70/><U30/><E30/><V6/><F6/><W113/><REACH who="3" step="1"/><G81/><REACH who="3" ten="162,340,260,228" step="2"/><T7/><D7/><U11/><E82/><V135/><F135/><W69/><G69/><T111/><D117/><U44/><E80/><V94/><F128/><W48/><G48/><T10/><D51/><U2/><E129/><V116/><F116/><W73/><G73/><T121/><D121/><U77/><E130/><V32/><F74/><W9/><G9/><T8/><D75/><U68/><E11/><V61/><F61/><W100/><G100/><T131/><D131/><U28/><E2/><V27/><F102/><W66/><G66/><T36/><D36/><U109/><E64/><V45/><F63/><W46/><G46/><T72/><D72/><U126/><E44/><V122/><F122/><W29/><G29/><T86/><D111/><U90/><E28/><V35/><F45/><W26/><G26/><T20/><D8/><U41/><E109/><V18/><F18/><W71/><G71/><T123/><D10/><U22/><E68/><V37/><F37/><W91/><G91/><N who="0" m="53479" /><D16/><U76/><E60/><V14/><F14/><W98/><G98/><T92/><D123/><U42/><E65/><RYUUKYOKU ba="0,1" sc="162,10,340,-30,260,10,228,10" hai0="20,21,50,55,86,89,92,99,101,105" hai2="24,25,27,32,33,35,40,43,56,59,85,88,94" hai3="12,13,15,17,19,49,54,58,97,103,113,114,115" /><INIT seed="3,1,1,5,5,96" ten="172,310,270,238" oya="3" hai0="23,7,90,124,64,62,0,56,79,103,91,50,52" hai1="17,131,77,38,22,82,100,21,68,18,59,92,16" hai2="99,123,112,69,3,1,32,80,115,107,13,104,51" hai3="36,73,28,35,58,39,44,19,4,60,126,76,67"/><W128/><G126/><T46/><D124/><U114/><E68/><V65/><F13/><W74/><G128/><T40/><D79/><U5/><E114/><V54/><F123/><W9/><G19/><T88/><D0/><U101/><E38/><V83/><F99/><W119/><G119/><T130/><D130/><U63/><E5/><V81/><F32/><W111/><G111/><T48/><D7/><U95/><E131/><V118/><F118/><W102/><G28/><T132/><D132/><U12/><E92/><V120/><F120/><W57/><G35/><T121/><D121/><U97/><E101/><V66/><F83/><W127/><G127/><T30/><D103/><U26/><E26/><V93/><F93/><W6/><G6/><T31/><REACH who="0" step="1"/><D23/><REACH who="0" ten="162,310,270,238" step="2"/><U109/><E22/><V106/><F3/><W110/><G102/><T117/><D117/><U24/><E109/><V116/><F1/><W133/><G110/><T15/><D15/><U105/><E12/><V8/><F116/><W41/><G133/><T113/><D113/><U14/><E14/><V25/><F112/><W61/><G76/><T33/><D33/><U72/><REACH who="1" step="1"/><E105/><REACH who="1" ten="162,300,270,238" step="2"/><V108/><F107/><W10/><G4/><T122/><D122/><U89/><E89/><V20/><F106/><W129/><G129/><T43/><D43/><U98/><E98/><V53/><F104/><W86/><G41/><T84/><D84/><U29/><E29/><V78/><F115/><W27/><G86/><T42/><D42/><U47/><E47/><AGARI ba="1,3" hai="30,31,40,46,47,48,50,52,56,62,64,88,90,91" machi="47" ten="40,8000,1" yaku="1,1,8,1,54,2,53,0" doraHai="96" doraHaiUra="71" who="0" fromWho="1" sc="162,113,300,-83,270,0,238,0" /><INIT seed="4,0,0,1,4,4" ten="275,217,270,238" oya="0" hai0="99,8,92,86,2,106,110,52,70,0,123,37,39" hai1="57,36,107,96,40,75,100,125,62,48,111,51,53" hai2="65,133,122,17,29,66,47,109,15,38,94,130,6" hai3="61,134,113,73,101,41,97,60,98,87,127,81,95"/><T67/><D123/><U46/><E111/><V32/><F109/><W28/><G73/><T112/><D110/><U13/><E75/><V9/><F122/><W33/><G113/><T14/><D112/><U77/><E77/><V16/><F130/><W56/><G134/><T25/><D106/><U105/><E125/><V116/><F133/><W69/><G127/><T55/><D86/><U11/><REACH who="1" step="1"/><E107/><REACH who="1" ten="275,207,270,238" step="2"/><V115/><F115/><W64/><G41/><T54/><D39/><U118/><E118/><V83/><F116/><W132/><G132/><T7/><D37/><U89/><E89/><V103/><F38/><W114/><G114/><T135/><D135/><U131/><E131/><V23/><F103/><W42/><G42/><T128/><D128/><U45/><E45/><V84/><F47/><W93/><G33/><T68/><D25/><U108/><E108/><V117/><F117/><W34/><G34/><T19/><D70/><U21/><E21/><V12/><F32/><W30/><G69/><T72/><D72/><U120/><E120/><V78/><F29/><W10/><G30/><T102/><REACH who="0" step="1"/><D19/><AGARI ba="0,1" hai="11,13,19,36,40,46,48,51,53,57,62,96,100,105" machi="19" ten="30,3900,0" yaku="1,1,7,1,52,1,53,0" doraHai="4" doraHaiUra="104" who="1" fromWho="0" sc="275,-39,207,49,270,0,238,0" /><INIT seed="5,0,0,5,5,54" ten="236,256,270,238" oya="1" hai0="121,127,16,47,116,6,19,103,96,39,9,89,60" hai1="36,95,48,97,57,41,30,94,46,51,106,85,87" hai2="83,58,38,71,90,100,107,134,84,125,114,128,12" hai3="35,76,110,122,61,45,92,109,52,8,62,49,88"/><U75/><E75/><V0/><F0/><W32/><G122/><T73/><D116/><U27/><E106/><V79/><F71/><W3/><G76/><T66/><D121/><U37/><E37/><V126/><F38/><W115/><G115/><T68/><D127/><N who="2" m="48650" /><F12/><W69/><G35/><T72/><D89/><U119/><E119/><V70/><F70/><W81/><G81/><T17/><D47/><U1/><E1/><V98/><F58/><W21/><G32/><T129/><D129/><U23/><E95/><N who="2" m="54727" /><F114/><W117/><G117/><T80/><D39/><U65/><E36/><V25/><F25/><W22/><G110/><T120/><D80/><U93/><E93/><V29/><F29/><W53/><G109/><T135/><D135/><U13/><E13/><V7/><F7/><W102/><G102/><T105/><REACH who="0" step="1"/><D120/><REACH who="0" ten="226,256,270,238" step="2"/><U63/><E51/><V20/><F134/><W64/><G49/><T133/><D133/><U132/><E132/><V11/><F128/><W67/><G45/><T24/><D24/><U91/><AGARI ba="0,1" hai="23,27,30,41,46,48,57,63,65,85,87,91,94,97" machi="91" ten="20,7800,0" yaku="0,1,7,1,8,1,52,1" doraHai="54" who="1" fromWho="1" sc="226,-26,256,88,270,-26,238,-26" /><INIT seed="5,1,0,2,0,28" ten="200,344,244,212" oya="1" hai0="120,123,97,45,66,79,2,24,37,98,44,31,19" hai1="96,48,124,40,101,75,53,33,4,11,128,64,35" hai2="99,5,103,133,54,119,82,47,9,113,135,15,7" hai3="131,129,88,29,126,83,32,109,108,94,112,121,116"/><U106/><E75/><V62/><F119/><W63/><G121/><N who="0" m="46667" /><D2/><U1/><E128/><N who="3" m="49226" /><G116/><T14/><D79/><U89/><E124/><V20/><F82/><W76/><G63/><T22/><D66/><U104/><E104/><V107/><F113/><W67/><G67/><T114/><D114/><U65/><E40/><V56/><F20/><W71/><G71/><T30/><D30/><U16/><E65/><V49/><REACH who="2" step="1"/><F5/><REACH who="2" ten="200,344,234,212" step="2"/><W81/><G112/><T105/><D37/><U110/><E4/><V23/><F23/><W46/><G126/><T25/><D25/><U6/><E6/><V102/><F102/><W10/><G83/><T86/><D105/><U59/><E106/><V117/><F117/><W115/><G115/><T69/><D69/><U78/><E101/><V70/><F70/><W130/><G130/><T68/><D68/><U74/><E78/><V41/><AGARI ba="1,1" hai="7,9,15,41,47,49,54,56,62,99,103,107,133,135" machi="41" ten="30,2000,0" yaku="1,1,0,1,53,0" doraHai="28" doraHaiUra="91" who="2" fromWho="2" sc="200,-6,344,-11,234,33,212,-6" /><INIT seed="6,0,0,0,2,96" ten="194,333,267,206" oya="2" hai0="2,23,51,98,14,131,135,92,99,128,75,129,7" hai1="8,77,27,46,3,30,115,79,80,123,83,55,0" hai2="114,56,93,34,11,88,60,49,69,58,132,120,32" hai3="19,9,66,82,18,127,12,57,29,53,42,121,43"/><V100/><F120/><W54/><G121/><T116/><D75/><U126/><E123/><V36/><F36/><W106/><G106/><T20/><D135/><U63/><E115/><V5/><F114/><W4/><G29/><T62/><D116/><U73/><E126/><V85/><F132/><W25/><G127/><T68/><D51/><U107/><E107/><V17/><F69/><W52/><G82/><T59/><D68/><U45/><E63/><V91/><F100/><W122/><G122/><T67/><D99/><U112/><E55/><V105/><F105/><W95/><G95/><T130/><N who="0" m="32768" /><DORA hai="37" /><T16/><D7/><U133/><E8/><V117/><F117/><W111/><G111/><T41/><D2/><U13/><E13/><V89/><F32/><W103/><G103/><N who="0" m="60871" /><D41/><N who="3" m="15369" /><G25/><T48/><D48/><U6/><E27/><V87/><F34/><W47/><G47/><T70/><D70/><U50/><E46/><V134/><F134/><W125/><G125/><T71/><D71/><U86/><E45/><V24/><F24/><W118/><G118/><T39/><D39/><U90/><E3/><V113/><F113/><W108/><G108/><T76/><D76/><U1/><E79/><V78/><F78/><W28/><G28/><T15/><D15/><U84/><E30/><V94/><F94/><W22/><G22/><AGARI ba="0,0" hai="14,16,20,22,23,59,62,67" m="60871,32768" machi="22" ten="60,7700,0" yaku="19,1,52,1,54,1" doraHai="96,37" who="0" fromWho="3" sc="194,77,333,0,267,0,206,-77" /><INIT seed="7,0,0,0,3,112" ten="271,333,267,129" oya="3" hai0="12,126,108,128,0,68,35,49,63,105,109,28,8" hai1="19,85,9,60,65,99,124,36,102,33,61,5,2" hai2="71,131,57,118,3,106,7,80,32,18,46,40,1" hai3="135,53,4,17,47,6,110,37,66,58,43,11,76"/><W48/><G135/><T100/><D128/><U70/><E36/><V86/><F71/><W134/><G134/><T97/><D49/><U89/><E124/><V93/><F106/><W101/><G110/><T15/><D15/><U123/><E123/><V23/><F32/><W121/><G121/><T122/><D126/><U77/><E77/><V30/><F131/><W120/><G120/><T44/><D44/><U24/><E61/><V133/><F30/><W87/><G101/><T39/><D39/><U67/><E67/><V82/><F57/><W55/><G55/><T107/><D107/><U64/><E64/><V117/><F93/><W34/><G34/><T129/><D129/><U13/><E24/><V92/><F92/><W114/><G114/><T41/><D41/><U26/><E26/><V29/><F29/><W25/><G66/><N who="0" m="41055" /><D0/><U52/><E52/><V98/><F98/><W127/><G127/><T132/><D132/><U51/><E33/><V103/><F103/><W38/><G38/><T59/><D59/><U116/><E99/><V62/><F62/><W78/><G87/><T75/><D75/><U16/><E60/><V90/><F82/><W84/><G84/><T125/><D125/><U72/><E72/><V14/><F133/><W113/><G113/><T115/><D115/><U56/><E85/><V69/><F69/><W96/><G96/><T31/><D122/><U21/><E102/><V42/><F42/><W10/><G25/><N who="0" m="18831" /><D31/><U73/><E73/><V45/><F40/><W50/><G37/><T20/><D109/><U119/><E70/><V79/><F3/><RYUUKYOKU ba="0,0" sc="271,0,333,0,267,0,129,0" owari="271,7.1,333,43.3,267,-13.3,129,-37.1" /></mjloggm>