<mjloggm ver="2.3"><GO type="169" lobby="0"/><UN n0="%E8%BC%9D%E5%A4%9C%E6%9C%88" n1="%E3%83%A9%E3%83%B3%E3%82%B9%E3%83%AD%E3%83%83%E3%83%88" n2="%6B%75%73%6F%E6%AD%A3%E5%AE%97" n3="%E3%81%A1%E3%82%87%E3%82%8A%E3%81%8A" dan="18,16,16,16" rate="2205.34,2099.24,2083.75,2120.02" sx="F,M,M,M"/><TAIKYOKU oya="0"/><INIT seed="0,0,0,2,4,82" ten="250,250,250,250" oya="0" hai0="71,55,52,114,125,124,20,122,103,29,115,14,75" hai1="33,123,3,105,0,44,135,59,132,94,16,101,17" hai2="121,22,2,48,6,43,24,9,39,116,76,119,70" hai3="11,57,4,67,118,37,10,96,62,27,117,19,30"/><T36/><D122/><U97/><E123/><V109/><F70/><W66/><G37/><T7/><D36/><U56/><E33/><V99/><F39/><W15/><G67/><T68/><D75/><U40/><E105/><V77/><F109/><W25/><G25/><T120/><D120/><U79/><E79/><V104/><F121/><W92/><G11/><T35/><D35/><U91/><E101/><V26/><F26/><W74/><G74/><T61/><D103/><U126/><E126/><N who="0" m="48745" /><D29/><U49/><E59/><V85/><F99/><W64/><G64/><N who="0" m="40975" /><D71/><U28/><E56/><V21/><F104/><W131/><G131/><T72/><D72/><U93/><E93/><V54/><F43/><W58/><G58/><T134/><D134/><N who="1" m="51243" /><E28/><V88/><F76/><W23/><G4/><T129/><D129/><U50/><E50/><V87/><F77/><W65/><REACH who="3" step="1"/><G65/><REACH who="3" ten="250,250,250,240" step="2"/><T90/><D7/><U51/><E51/><V1/><F48/><W32/><G32/><T107/><D115/><U47/><E47/><V53/><F6/><W102/><AGARI ba="0,1" hai="10,15,19,23,27,30,57,62,66,92,96,102,117,118" machi="102" ten="20,8000,1" yaku="1,1,0,1,7,1,25,2,53,0" doraHai="82" doraHaiUra="69" who="3" fromWho="3" sc="250,-40,250,-20,250,-20,240,90" /><INIT seed="1,0,0,4,1,3" ten="210,230,230,330" oya="1" hai0="31,46,64,69,96,97,108,11,62,80,70,61,44" hai1="17,104,12,23,90,19,21,99,109,83,71,68,66" hai2="20,34,102,22,7,38,112,121,47,5,10,116,53" hai3="49,28,48,85,43,84,113,2,95,1,25,98,125"/><U29/><E29/><V110/><F116/><W9/><G113/><T118/><D118/><U119/><E119/><V56/><F121/><W107/><G107/><T63/><D108/><U81/><E109/><V87/><F34/><W135/><G135/><T8/><D31/><U59/><E59/><V27/><F110/><W132/><G132/><T72/><D80/><U24/><E66/><V100/><F38/><W88/><G1/><T105/><D72/><U129/><E129/><V126/><F47/><W33/><G125/><T60/><D105/><U37/><E37/><V30/><F10/><W78/><G43/><T41/><D70/><U111/><E111/><V15/><F126/><W51/><G78/><T42/><D8/><U77/><E90/><V6/><F87/><W35/><G33/><T79/><D11/><U75/><REACH who="1" step="1"/><E81/><REACH who="1" ten="210,220,230,330" step="2"/><V127/><F127/><W124/><G124/><T50/><REACH who="0" step="1"/><D79/><REACH who="0" ten="200,220,230,330" step="2"/><U18/><E18/><N who="2" m="10335" /><F112/><W92/><G2/><T76/><D76/><U91/><E91/><V45/><F45/><W4/><G88/><T131/><D131/><U36/><E36/><AGARI ba="0,2" hai="36,41,42,44,46,50,60,61,62,63,64,69,96,97" machi="36" ten="40,1300,0" yaku="1,1,53,0" doraHai="3" doraHaiUra="103" who="0" fromWho="1" sc="200,33,220,-13,230,0,330,0" /><INIT seed="2,0,0,0,4,87" ten="233,207,230,330" oya="2" hai0="128,111,60,28,3,57,120,84,76,13,105,62,23" hai1="41,124,112,9,121,15,2,131,102,43,133,71,100" hai2="42,134,77,89,95,63,26,107,45,17,0,50,90" hai3="92,52,115,82,88,44,55,24,101,99,132,51,104"/><V74/><F107/><W16/><G132/><T85/><D3/><U113/><E2/><V22/><F0/><W38/><G38/><T29/><D105/><U11/><E15/><V79/><F134/><W119/><G119/><T14/><D120/><U117/><E133/><V91/><F74/><W58/><G115/><T48/><D128/><U59/><E59/><V125/><F125/><W68/><G68/><T39/><D39/><U97/><E71/><V18/><F63/><W70/><G70/><T53/><D111/><U35/><E35/><V10/><F95/><W19/><G24/><T127/><D85/><U81/><E81/><V75/><F75/><W20/><G20/><T122/><D122/><U33/><E33/><V67/><F67/><W32/><G32/><T126/><D126/><U103/><E103/><V6/><F6/><W27/><G27/><T135/><D135/><U69/><E69/><V36/><F36/><W56/><G44/><T106/><D106/><U80/><E80/><V65/><F65/><W7/><G7/><T86/><D76/><N who="2" m="29258" /><F10/><W34/><G34/><T8/><D8/><U123/><E124/><V46/><F45/><W98/><G82/><T47/><D127/><U110/><E110/><V5/><F5/><W83/><G83/><T130/><D47/><U31/><E31/><AGARI ba="0,0" hai="17,18,22,26,31,42,46,50,89,90,91" m="29258" machi="31" ten="30,11600,0" yaku="8,1,52,3" doraHai="87" who="2" fromWho="1" sc="233,0,207,-116,230,116,330,0" /><INIT seed="2,1,0,5,5,58" ten="233,91,346,330" oya="2" hai0="38,50,69,53,62,134,86,0,67,12,125,127,5" hai1="98,52,108,6,71,74,65,91,63,116,11,101,1" hai2="120,76,9,112,133,34,15,93,56,40,42,46,35" hai3="106,27,128,8,75,83,132,28,84,23,122,115,7"/><V100/><F120/><W90/><G122/><T121/><D121/><U131/><E108/><V73/><F112/><W107/><G75/><T45/><D0/><U64/><E116/><V114/><F114/><W89/><G115/><T49/><D5/><U59/><E131/><V79/><F133/><W36/><G36/><T26/><D26/><U130/><E130/><V32/><F73/><W96/><G128/><T47/><D12/><U29/><E29/><V24/><F24/><W10/><G10/><T25/><D86/><U72/><E91/><V70/><F70/><W18/><G28/><T68/><D25/><U54/><E54/><V19/><F56/><W126/><G126/><N who="0" m="48139" /><D134/><U82/><E82/><V105/><F105/><W57/><G132/><T81/><D81/><U55/><E55/><V21/><F9/><W43/><G43/><N who="0" m="24767" /><D38/><U17/><E17/><V77/><F46/><W16/><G18/><T41/><D41/><U60/><REACH who="1" step="1"/><E65/><REACH who="1" ten="233,81,346,330" step="2"/><V110/><F110/><W39/><G90/><T135/><D135/><U104/><AGARI ba="1,1" hai="1,6,11,52,59,60,63,64,71,72,74,98,101,104" machi="104" ten="20,16000,3" yaku="1,1,2,1,0,1,7,1,52,2,54,1,53,1" doraHai="58" doraHaiUra="99" who="1" fromWho="1" sc="233,-41,81,173,346,-81,330,-41" /><INIT seed="3,0,0,0,4,132" ten="192,254,265,289" oya="3" hai0="27,97,84,50,125,119,52,62,53,3,112,18,78" hai1="110,38,39,129,134,26,5,92,81,7,49,90,45" hai2="47,19,12,23,133,51,70,16,115,131,113,25,77" hai3="64,34,102,71,43,89,108,61,117,128,20,48,46"/><W9/><G34/><T2/><D119/><U105/><E105/><V66/><F133/><W79/><G117/><T33/><D112/><U59/><E134/><V63/><F77/><W54/><G79/><T122/><D122/><U31/><E110/><V99/><F99/><W22/><G108/><T14/><D97/><U28/><E28/><V91/><F91/><W36/><G102/><T106/><D106/><U121/><E129/><V60/><F60/><W67/><G67/><T4/><D62/><U75/><E59/><V21/><REACH who="2" step="1"/><F131/><REACH who="2" ten="192,254,255,289" step="2"/><W87/><G128/><T88/><D78/><U24/><E90/><V116/><F116/><W40/><G40/><AGARI ba="0,1" hai="12,16,19,21,23,25,40,47,51,63,66,70,113,115" machi="40" ten="30,7700,0" yaku="1,1,7,1,54,1,53,1" doraHai="132" doraHaiUra="44" who="2" fromWho="3" sc="192,0,254,0,255,87,289,-77" /><INIT seed="4,0,0,4,4,52" ten="192,254,342,212" oya="0" hai0="69,84,125,113,108,122,38,79,96,32,78,59,27" hai1="97,109,54,94,116,33,46,121,44,95,64,5,34" hai2="100,80,6,107,21,68,2,93,88,23,74,86,15" hai3="120,43,58,63,119,49,57,47,127,104,103,99,67"/><T8/><D122/><U102/><E109/><V70/><F2/><W7/><G119/><T56/><D69/><U53/><E116/><V10/><F68/><W45/><G127/><T30/><D125/><U92/><E121/><V89/><F70/><W55/><G120/><T73/><D108/><U17/><E17/><V130/><F130/><W72/><G72/><T71/><D113/><U24/><E5/><V124/><F124/><W4/><REACH who="3" step="1"/><G47/><REACH who="3" ten="192,254,342,202" step="2"/><T115/><D73/><U42/><E44/><V31/><F74/><W36/><AGARI ba="0,1" hai="4,7,36,43,45,49,55,57,58,63,67,99,103,104" machi="36" ten="20,12000,2" yaku="1,1,2,1,0,1,7,1,52,2,53,0" doraHai="52" doraHaiUra="20" who="3" fromWho="3" sc="192,-60,254,-30,342,-30,202,130" /><INIT seed="5,0,0,5,5,104" ten="132,224,312,332" oya="1" hai0="132,108,27,58,115,131,133,110,93,112,128,20,109" hai1="94,92,11,96,8,18,6,15,45,36,116,95,61" hai2="4,130,124,41,60,29,7,134,47,9,78,121,76" hai3="32,84,56,98,54,126,65,17,14,119,25,88,97"/><U117/><E96/><V71/><F121/><W102/><G126/><T77/><D58/><U5/><E61/><V21/><F124/><W118/><G65/><T125/><D93/><U51/><E36/><V86/><F130/><N who="0" m="49706" /><D77/><U23/><E23/><V55/><F134/><N who="0" m="51818" /><D20/><U39/><E39/><V30/><F21/><W43/><G43/><T80/><D80/><U40/><REACH who="1" step="1"/><E18/><REACH who="1" ten="132,214,312,332" step="2"/><V44/><F60/><N who="3" m="35863" /><G32/><T106/><D106/><U12/><AGARI ba="0,1" hai="5,6,8,11,12,15,40,45,51,92,94,95,116,117" machi="12" ten="30,6000,0" yaku="1,1,0,1,9,1,53,0" doraHai="104" doraHaiUra="81" who="1" fromWho="1" sc="132,-20,214,70,312,-20,332,-20" /><INIT seed="5,1,0,4,1,91" ten="112,284,292,312" oya="1" hai0="88,74,121,30,67,111,131,105,41,65,104,114,59" hai1="94,106,82,127,5,90,39,100,18,86,56,63,29" hai2="68,61,93,71,129,102,66,69,75,83,4,19,97" hai3="72,99,0,107,116,133,130,124,98,58,3,76,126"/><U77/><E39/><V34/><F129/><W38/><G38/><T113/><D111/><U117/><E117/><V27/><F4/><W132/><G116/><T32/><D74/><U37/><E37/><V53/><F53/><W9/><G58/><T125/><D41/><U44/><E44/><V23/><REACH who="2" step="1"/><F34/><REACH who="2" ten="112,284,282,312" step="2"/><W6/><G3/><T122/><D131/><U123/><E5/><V8/><F8/><W110/><G130/><T40/><D40/><U11/><E11/><V89/><F89/><W120/><G110/><T22/><D32/><U33/><E33/><V87/><F87/><W119/><G119/><T52/><D125/><N who="3" m="48233" /><G120/><N who="0" m="46187" /><D67/><U81/><E123/><V135/><F135/><N who="3" m="51787" /><G107/><N who="0" m="41035" /><D65/><U16/><E127/><V36/><F36/><W96/><G76/><AGARI ba="1,1" hai="19,23,27,61,66,68,69,71,75,76,83,93,97,102" machi="76" ten="40,5200,0" yaku="1,1,52,1,53,1" doraHai="91" doraHaiUra="79" who="2" fromWho="3" sc="112,0,284,0,282,65,312,-55" /><INIT seed="6,0,0,4,0,86" ten="112,284,347,257" oya="2" hai0="15,134,60,92,103,80,12,135,29,90,114,59,104" hai1="53,31,46,16,95,100,26,68,81,43,10,25,37" hai2="120,7,13,124,111,54,131,3,35,105,106,70,83" hai3="130,33,18,44,74,82,40,91,38,125,84,117,65"/><V50/><F120/><W5/><G117/><T28/><D114/><U99/><E68/><V119/><F119/><W24/><G5/><T64/><D104/><U72/><E53/><V56/><F70/><W78/><G130/><T30/><D135/><U129/><E129/><V2/><F35/><W116/><G116/><T36/><D36/><U61/><E61/><V52/><F124/><W66/><G125/><T21/><D134/><U133/><E133/><V73/><F111/><W123/><G123/><T58/><D80/><U17/><E10/><V63/><F13/><W71/><G71/><T109/><D103/><U67/><E67/><V96/><F96/><W112/><G112/><T19/><D109/><U41/><E41/><V115/><F115/><W85/><G74/><T89/><D92/><U47/><E47/><V118/><F131/><W49/><G38/><T113/><D113/><U126/><E25/><V75/><F75/><W42/><G40/><T93/><D93/><U32/><REACH who="1" step="1"/><E126/><REACH who="1" ten="112,274,347,257" step="2"/><V1/><F118/><W62/><G62/><T45/><D45/><U14/><E14/><V87/><F1/><W23/><G33/><T127/><D127/><U22/><E22/><V69/><F2/><W121/><G121/><T11/><REACH who="0" step="1"/><D58/><REACH who="0" ten="102,274,347,257" step="2"/><U76/><AGARI ba="0,2" hai="16,17,26,31,32,37,43,46,72,76,81,95,99,100" machi="76" ten="30,4000,0" yaku="1,1,0,1,54,1,53,0" doraHai="86" doraHaiUra="0" who="1" fromWho="1" sc="102,-10,274,60,347,-20,257,-10" /><INIT seed="7,0,0,4,4,134" ten="92,334,327,247" oya="3" hai0="65,77,68,66,107,112,71,106,46,50,73,92,51" hai1="105,34,0,94,75,103,8,72,133,74,87,52,5" hai2="90,60,118,100,39,84,45,24,70,135,30,93,15" hai3="53,111,132,95,85,40,16,35,32,12,110,19,10"/><W130/><G132/><T37/><D112/><U88/><E133/><V21/><F118/><W62/><G40/><T89/><D77/><U104/><E34/><V121/><F135/><W59/><G130/><T123/><D123/><U28/><E28/><V86/><F121/><W131/><G131/><T36/><D92/><U108/><E108/><N who="3" m="41514" /><G19/><T18/><D46/><U29/><E29/><V17/><F100/><W119/><G119/><T44/><D44/><U114/><E114/><V47/><F39/><W64/><G64/><T81/><D81/><U31/><E31/><V69/><F69/><W41/><G41/><T83/><D83/><U48/><REACH who="1" step="1"/><E103/><REACH who="1" ten="92,324,327,247" step="2"/><V42/><F42/><W7/><G7/><T26/><D18/><U23/><E23/><N who="2" m="11711" /><F70/><W49/><G62/><T3/><D89/><AGARI ba="0,1" hai="10,12,16,32,35,49,53,59,85,89,95" m="41514" machi="89" ten="30,2900,0" yaku="10,1,54,1" doraHai="134" who="3" fromWho="0" sc="92,-29,324,0,327,0,247,39" /><INIT seed="7,1,0,5,4,85" ten="63,324,327,286" oya="3" hai0="25,97,93,62,6,99,78,111,105,113,8,127,101" hai1="63,125,18,74,50,83,43,56,44,116,20,37,10" hai2="79,28,19,60,122,53,86,68,17,76,55,67,120" hai3="52,89,73,124,39,104,80,36,5,130,90,42,22"/><W30/><G104/><T31/><D127/><U71/><E125/><V47/><F28/><W27/><G124/><T7/><D111/><U98/><E116/><V82/><F76/><W14/><G130/><T84/><D8/><U26/><E10/><V94/><F94/><W96/><G42/><T118/><D118/><U49/><E71/><V23/><F17/><W32/><G96/><T95/><D113/><U24/><E24/><N who="2" m="14463" /><F47/><W12/><G39/><T110/><D84/><U48/><E98/><V106/><F106/><W33/><G36/><T128/><D78/><U21/><E21/><V132/><F132/><W40/><G40/><T87/><D87/><U35/><E35/><V119/><F119/><W112/><G112/><T45/><D45/><U134/><E134/><V54/><F54/><W91/><G52/><T81/><D81/><U65/><REACH who="1" step="1"/><E83/><REACH who="1" ten="63,314,327,286" step="2"/><V58/><F68/><W114/><G114/><T69/><D110/><U72/><AGARI ba="1,1" hai="18,20,26,37,43,44,48,49,50,56,63,65,72,74" machi="72" ten="30,4000,0" yaku="1,1,2,1,0,1,53,0" doraHai="85" doraHaiUra="135" who="1" fromWho="1" sc="63,-11,314,53,327,-11,286,-21" owari="52,-44.8,367,46.7,316,11.6,265,-13.5" /></mjloggm>