<mjloggm ver="2.3"><GO type="169" lobby="0"/><UN n0="%31%E3%83%BB%32%E3%83%BB%33" n1="%E3%81%88%E3%81%84%E3%81%8D%E3%81%A1%40%35%6D%66" n2="%32%E9%99%90" n3="%E3%81%9F%E3%81%8B%E3%81%AF%E3%81%97%E3%81%83%E3%81%83%E3%81%83" dan="17,17,16,16" rate="2128.58,2249.75,2140.28,2087.15" sx="M,M,M,M"/><TAIKYOKU oya="0"/><INIT seed="0,0,0,1,4,5" ten="250,250,250,250" oya="0" hai0="47,129,61,25,103,22,134,108,26,19,67,90,49" hai1="63,119,88,11,69,99,116,50,130,132,105,115,111" hai2="79,78,106,95,27,13,62,60,24,65,7,135,91" hai3="48,96,31,51,117,107,23,100,36,97,41,74,30"/><T98/><D129/><U118/><E130/><V127/><F106/><W83/><G117/><T123/><D123/><U112/><E111/><V56/><F127/><W35/><G35/><T46/><D108/><U131/><E131/><V102/><F102/><W93/><G36/><T8/><D134/><U20/><E132/><V42/><F42/><W40/><G40/><T3/><D90/><U43/><E20/><V77/><F62/><W17/><G83/><T58/><D26/><U21/><E21/><V57/><F56/><W120/><G74/><T44/><D3/><U12/><E50/><V121/><F121/><W109/><G109/><T87/><D87/><U76/><E76/><V94/><F94/><W85/><G85/><T33/><D33/><U59/><E69/><V66/><F65/><W80/><G80/><T81/><D81/><U73/><E43/><V29/><F29/><W122/><G51/><T32/><D32/><U114/><E73/><V18/><F7/><W110/><G110/><T28/><D49/><U92/><E105/><V52/><F66/><W53/><G41/><T64/><D64/><N who="1" m="39039" /><E118/><V6/><F6/><AGARI ba="0,0" hai="6,11,12,88,92,99,112,114,115,116,119" m="39039" machi="6" ten="30,3900,0" yaku="11,1,52,1,54,1" doraHai="5" who="1" fromWho="2" sc="250,0,250,39,250,-39,250,0" /><INIT seed="1,0,0,3,4,31" ten="250,289,211,250" oya="1" hai0="19,23,88,102,99,109,71,66,20,92,128,30,8" hai1="83,101,95,79,64,38,27,60,10,55,114,39,65" hai2="35,113,94,9,132,22,130,28,78,100,0,50,24" hai3="86,63,16,33,3,127,37,49,106,11,93,115,105"/><U54/><E114/><V133/><F130/><W108/><G37/><T4/><D128/><U84/><E10/><V12/><F113/><W21/><G115/><T123/><D109/><U42/><E65/><V77/><F50/><W131/><G108/><T2/><D123/><U118/><E118/><V107/><F107/><W135/><G131/><T87/><D71/><U116/><E116/><V90/><F22/><W25/><G127/><T76/><D66/><U85/><E27/><V18/><F100/><W110/><G110/><T17/><D76/><U117/><E117/><V75/><F0/><W73/><G73/><T47/><D47/><U41/><E38/><V68/><F68/><W129/><G129/><T45/><D45/><U98/><E84/><V51/><F51/><W134/><G63/><T69/><D69/><U62/><E39/><V40/><F40/><N who="1" m="15465" /><E62/><V81/><REACH who="2" step="1"/><F77/><REACH who="2" ten="250,289,201,250" step="2"/><W74/><G49/><T48/><D48/><U112/><E112/><V67/><F67/><W58/><G105/><T7/><D23/><U32/><E32/><V91/><F91/><N who="3" m="53495" /><G106/><T26/><REACH who="0" step="1"/><D7/><REACH who="0" ten="240,289,201,250" step="2"/><U82/><E64/><V1/><F1/><W6/><G21/><T29/><D29/><U97/><E60/><V89/><F89/><W36/><G6/><T34/><D34/><U122/><E79/><V126/><F126/><W96/><G33/><T15/><D15/><U46/><E46/><V61/><F61/><W70/><G70/><T44/><D44/><U103/><E54/><V52/><F52/><W111/><G3/><T57/><D57/><U5/><E55/><V43/><F43/><RYUUKYOKU ba="0,2" sc="240,15,289,-15,201,15,250,-15" hai0="2,4,8,17,19,20,26,30,87,88,92,99,102" hai2="9,12,18,24,28,35,75,78,81,90,94,132,133" /><INIT seed="2,1,2,3,4,58" ten="255,274,216,235" oya="2" hai0="109,80,113,116,24,111,60,118,53,38,21,104,3" hai1="46,42,85,73,79,40,93,4,125,33,17,120,84" hai2="96,83,10,8,127,26,133,19,100,18,27,134,72" hai3="48,114,6,126,0,67,103,7,30,87,82,23,107"/><V74/><F127/><W49/><G126/><T66/><D104/><U55/><E125/><V57/><F83/><W15/><G114/><T88/><D113/><U81/><E33/><V78/><F57/><W95/><G107/><T130/><D3/><U13/><E120/><V31/><F78/><W65/><G0/><T59/><D38/><U9/><E55/><V122/><F96/><N who="3" m="59807" /><G30/><T20/><D130/><U11/><E93/><V51/><F51/><N who="3" m="19531" /><G23/><N who="0" m="8779" /><D24/><U99/><E99/><V117/><F100/><W92/><G92/><T56/><D80/><U44/><E44/><V61/><F31/><W129/><G129/><T64/><D88/><U45/><E45/><V75/><F117/><N who="0" m="45162" /><D59/><U101/><E101/><V90/><F75/><W41/><G41/><T124/><D124/><U68/><E42/><V54/><F90/><N who="3" m="51575" /><G15/><T70/><D70/><U86/><E68/><V22/><F122/><W25/><G25/><T71/><D64/><AGARI ba="1,2" hai="6,7,64,65,67" m="51575,19531,59807" machi="64" ten="30,1000,0" yaku="8,1" doraHai="58" who="3" fromWho="0" sc="255,-13,274,0,216,0,235,33" /><INIT seed="3,0,0,4,4,78" ten="242,274,216,268" oya="3" hai0="41,103,23,9,56,73,47,113,3,2,74,92,71" hai1="4,95,29,48,44,133,61,12,124,27,98,67,70" hai2="97,75,50,81,55,90,125,84,1,77,82,7,87" hai3="104,15,111,109,5,110,33,129,25,8,99,46,6"/><W45/><G129/><T119/><D71/><U65/><E124/><V88/><F125/><W52/><G5/><T117/><D113/><U38/><E133/><V135/><F135/><W85/><G85/><T96/><D56/><U130/><E130/><V26/><F97/><W114/><G114/><T69/><D23/><U59/><E38/><V66/><F66/><W21/><G33/><T0/><D69/><U123/><E123/><V116/><F116/><W131/><G131/><T16/><D117/><U39/><E39/><V51/><F26/><W24/><G24/><T76/><D119/><U30/><E67/><V101/><F101/><N who="3" m="62527" /><G52/><T120/><D120/><U68/><E12/><V108/><F108/><N who="3" m="27651" /><W57/><DORA hai="91" /><G57/><T35/><D35/><U58/><E4/><V72/><F77/><W28/><AGARI ba="0,0" hai="6,8,15,21,25,28,45,46" m="27651,62527" machi="28" ten="40,3900,0" yaku="14,1,10,1" doraHai="78,91" who="3" fromWho="3" sc="242,-13,274,-13,216,-13,268,39" /><INIT seed="3,1,0,3,2,8" ten="229,261,203,307" oya="3" hai0="35,56,13,63,125,51,77,43,98,101,34,119,68" hai1="91,74,84,117,36,108,82,17,62,76,122,79,73" hai2="97,110,41,96,61,10,66,55,89,126,21,23,48" hai3="25,49,88,3,111,33,71,59,105,11,85,16,90"/><W118/><G118/><T30/><D119/><U87/><E36/><V99/><F126/><W124/><G71/><T53/><D125/><U78/><E117/><V32/><F110/><W115/><G124/><T52/><D77/><N who="1" m="29803" /><E17/><V9/><F32/><W44/><G115/><T50/><D43/><U107/><E62/><V15/><F41/><W0/><G105/><T5/><D30/><U94/><E122/><V70/><F89/><W80/><G111/><T26/><D26/><U121/><E121/><V135/><F9/><W46/><G90/><T131/><D131/><U112/><E112/><V104/><F135/><W42/><G59/><T95/><D68/><U24/><E24/><V12/><F104/><W93/><G93/><T14/><D63/><U106/><E108/><V40/><F40/><W60/><G60/><T37/><D37/><U2/><E2/><V114/><F114/><W134/><G134/><T133/><D133/><U4/><E4/><V19/><REACH who="2" step="1"/><F12/><REACH who="2" ten="229,261,193,307" step="2"/><N who="3" m="7199" /><G33/><T116/><D116/><U39/><E39/><V86/><F86/><W1/><G1/><T65/><D14/><U130/><E130/><V132/><F132/><W75/><G75/><AGARI ba="1,1" hai="73,74,75,79,82,84,87,91,94,106,107" m="29803" machi="75" ten="30,8000,1" yaku="35,5" doraHai="8" who="1" fromWho="3" sc="229,0,261,93,193,0,307,-83" /><INIT seed="4,0,0,1,2,51" ten="229,354,193,224" oya="0" hai0="95,21,80,129,131,128,18,118,47,55,17,46,99" hai1="20,84,2,53,23,24,22,114,81,28,34,77,92" hai2="85,35,59,112,68,58,83,32,106,82,124,111,108" hai3="126,31,122,64,71,76,25,14,97,15,61,33,104"/><T30/><D118/><U27/><E2/><V43/><F112/><W70/><G126/><T96/><D80/><U38/><E38/><V116/><F68/><W119/><G119/><T69/><D69/><U117/><E117/><V8/><F116/><W78/><G71/><T3/><D3/><U29/><E114/><V105/><F43/><W103/><REACH who="3" step="1"/><G122/><REACH who="3" ten="229,354,193,214" step="2"/><T50/><D46/><U66/><E66/><V74/><F124/><W87/><G87/><T48/><D48/><U107/><E107/><V36/><F85/><W42/><G42/><T7/><D7/><U0/><E0/><V6/><F74/><W52/><G52/><T98/><REACH who="0" step="1"/><D95/><REACH who="0" ten="219,354,193,214" step="2"/><U12/><E92/><V133/><F36/><W72/><G72/><T40/><D40/><U110/><E81/><V19/><F83/><W44/><G44/><T1/><D1/><U10/><E110/><V16/><F82/><W102/><G102/><T37/><D37/><U63/><E77/><AGARI ba="0,2" hai="14,15,25,31,33,61,64,70,76,77,78,97,103,104" machi="77" ten="40,5200,0" yaku="1,1,25,2,53,0" doraHai="51" doraHaiUra="135" who="3" fromWho="1" sc="219,0,354,-52,193,0,214,72" /><INIT seed="5,0,0,2,4,126" ten="219,302,193,286" oya="1" hai0="57,8,107,67,62,46,60,108,26,13,48,79,12" hai1="113,132,23,14,86,56,114,82,5,43,2,93,84" hai2="66,24,90,18,117,130,109,44,98,75,78,29,0" hai3="9,110,25,83,119,34,94,81,100,105,102,39,118"/><U40/><E2/><V27/><F117/><W1/><G39/><T52/><D108/><U3/><E3/><V89/><F109/><W65/><G110/><T32/><D107/><U55/><E132/><V104/><F0/><W134/><G134/><T63/><D79/><U22/><E93/><V7/><F7/><W72/><G105/><T31/><REACH who="0" step="1"/><D13/><REACH who="0" ten="209,302,193,286" step="2"/><U6/><E14/><V125/><F104/><W45/><G1/><T112/><D112/><U19/><E114/><V59/><F78/><W91/><G118/><T49/><D49/><U97/><E113/><V106/><F106/><W99/><G119/><T129/><D129/><U37/><E37/><V111/><F130/><W15/><G15/><T135/><D135/><U120/><E5/><AGARI ba="0,1" hai="5,8,12,26,31,32,46,48,52,57,60,62,63,67" machi="5" ten="30,3900,0" yaku="1,1,7,1,54,1,53,0" doraHai="126" doraHaiUra="35" who="0" fromWho="1" sc="209,49,302,-39,193,0,286,0" /><INIT seed="6,0,0,2,1,39" ten="258,263,193,286" oya="2" hai0="111,40,115,63,71,83,75,59,82,29,3,76,5" hai1="61,124,6,119,51,95,132,99,93,12,0,103,114" hai2="1,15,69,65,97,85,107,34,36,72,126,101,100" hai3="67,30,4,129,45,131,68,133,86,28,128,44,62"/><V127/><F1/><W24/><G133/><T54/><D111/><U134/><E119/><V56/><F72/><W105/><G105/><T118/><D118/><U106/><E0/><V13/><F34/><W21/><G4/><T84/><D115/><U53/><E114/><V18/><F69/><W20/><G86/><T110/><D110/><U55/><E124/><N who="2" m="47659" /><F36/><W49/><G49/><T70/><D29/><U120/><E120/><V57/><F101/><W7/><G7/><T91/><D5/><U89/><E134/><V60/><F85/><W135/><G135/><T77/><D3/><U17/><E132/><V22/><F56/><W90/><G90/><T41/><D71/><U88/><E106/><V35/><F35/><W73/><G73/><T11/><D11/><U102/><E102/><V112/><F15/><W2/><G2/><T109/><D109/><U122/><E103/><V66/><F112/><W25/><AGARI ba="0,0" hai="20,21,24,25,28,30,44,45,62,67,68,128,129,131" machi="25" ten="40,5200,0" yaku="0,1,9,1,19,1" doraHai="39" who="3" fromWho="3" sc="258,-13,263,-13,193,-26,286,52" /><INIT seed="7,0,0,5,3,60" ten="245,250,167,338" oya="3" hai0="36,46,111,28,103,27,58,116,66,100,96,35,62" hai1="50,75,104,15,95,45,126,119,0,73,134,82,61" hai2="23,125,37,124,108,91,112,107,42,48,59,8,69" hai3="40,44,19,16,63,83,127,84,88,98,65,11,113"/><W132/><G113/><T131/><D111/><U13/><E104/><V38/><F107/><W109/><G127/><N who="2" m="48713" /><F23/><W1/><G132/><T22/><D131/><U78/><E0/><V128/><F8/><W39/><G109/><T72/><D72/><U29/><E75/><V90/><F108/><W56/><G98/><T49/><D116/><U76/><E134/><V18/><F18/><W70/><G70/><T92/><D36/><N who="2" m="13930" /><F128/><W74/><G74/><T41/><REACH who="0" step="1"/><D35/><REACH who="0" ten="235,250,167,338" step="2"/><U79/><E73/><V135/><F135/><W114/><G114/><T121/><D121/><U34/><E34/><V106/><F112/><W94/><G83/><T123/><D123/><U12/><E126/><V97/><F106/><W122/><G122/><T2/><D2/><U32/><E32/><V25/><F97/><W102/><G1/><T68/><D68/><U110/><E110/><V55/><F25/><W57/><G19/><T99/><D99/><U115/><E115/><V67/><F91/><AGARI ba="0,1" hai="22,27,28,41,46,49,58,62,66,91,92,96,100,103" machi="91" ten="30,7700,0" yaku="1,1,7,1,8,1,52,1,53,0" doraHai="60" doraHaiUra="77" who="0" fromWho="2" sc="235,87,250,0,167,-77,338,0" owari="322,12.2,250,-15.0,90,-41.0,338,43.8" /></mjloggm>