<mjloggm ver="2.3"><GO type="169" lobby="0"/><UN n0="%E8%8A%B1%E9%81%93%E6%A1%9C%E6%9C%A8" n1="%E3%82%89%E3%81%BE%E3%81%98%E3%82%83%E3%82%93%E3%81%93%E3%81%86" n2="%61%6B%69%62%61%62%61%6E" n3="%E7%94%9F%E5%BE%92%E4%BC%9A%E3%80%90%E5%BA%8F%E3%80%91" dan="16,16,17,16" rate="2140.98,2083.69,2199.68,2120.77" sx="M,M,M,M"/><TAIKYOKU oya="0"/><BYE who="0" /><UN n0="%E8%8A%B1%E9%81%93%E6%A1%9C%E6%9C%A8" /><INIT seed="0,0,0,4,5,84" ten="250,250,250,250" oya="0" hai0="120,38,52,91,123,115,32,126,109,100,75,50,11" hai1="40,26,78,21,74,37,8,42,68,12,4,56,61" hai2="104,97,25,1,45,98,95,10,13,105,55,44,134" hai3="90,17,82,83,118,35,5,33,125,121,85,108,133"/><T106/><D115/><U93/><E68/><V63/><F1/><W117/><G5/><T76/><D38/><U53/><E37/><V14/><F134/><W27/><G133/><T73/><D32/><U124/><E124/><V59/><F25/><W80/><G125/><T99/><D126/><U116/><E116/><V57/><F14/><W128/><G128/><T107/><D107/><U71/><E71/><V15/><F13/><W96/><G96/><T112/><D112/><U101/><E78/><V7/><F104/><W49/><G108/><T41/><D41/><U70/><E74/><V88/><REACH who="2" step="1"/><F57/><REACH who="2" ten="250,250,240,250" step="2"/><W102/><G27/><T86/><D109/><U36/><E70/><V119/><F119/><W66/><G118/><T58/><D11/><U2/><E2/><V19/><F19/><W6/><G17/><T39/><D123/><U18/><E36/><V72/><F72/><W60/><G121/><T65/><D39/><U110/><E110/><V29/><F29/><W28/><G28/><T122/><D75/><U111/><E111/><V62/><F62/><W31/><G31/><T22/><D122/><U77/><E12/><V67/><F67/><W114/><G114/><T94/><D120/><U51/><E61/><V130/><F130/><W30/><G30/><T64/><D22/><U81/><E4/><V127/><F127/><W48/><G35/><T132/><D132/><U131/><E131/><V103/><AGARI ba="0,1" hai="7,10,15,44,45,55,59,63,88,95,97,98,103,105" machi="103" ten="30,8000,1" yaku="1,1,0,1,52,1,54,1,53,1" doraHai="84" doraHaiUra="3" who="2" fromWho="2" sc="250,-40,250,-20,240,90,250,-20" /><INIT seed="1,0,0,3,4,62" ten="210,230,330,230" oya="1" hai0="65,23,134,13,74,40,114,34,48,108,30,95,131" hai1="20,82,105,112,35,120,126,11,71,47,87,2,41" hai2="109,91,21,49,92,29,17,135,86,85,44,83,110" hai3="45,53,119,104,28,57,89,93,25,32,54,115,96"/><U122/><E35/><V97/><F135/><W117/><G115/><T50/><D114/><U80/><E112/><V37/><F37/><W27/><G27/><T128/><D74/><U72/><E71/><V33/><F33/><W129/><G129/><T100/><D34/><U107/><E20/><V133/><F133/><W78/><G78/><T98/><D134/><U81/><E72/><V61/><F29/><W94/><G104/><T102/><D108/><N who="2" m="41578" /><F61/><W51/><G94/><T90/><D102/><U10/><E87/><V58/><F58/><W84/><G84/><T19/><D30/><U123/><E126/><V59/><F59/><W73/><G73/><T42/><D100/><U9/><REACH who="1" step="1"/><E2/><REACH who="1" ten="210,220,330,230" step="2"/><V121/><F85/><W12/><G12/><T66/><D131/><U127/><E127/><V125/><F125/><W56/><G119/><T68/><D68/><U46/><E46/><V14/><F86/><W103/><G117/><T24/><D128/><U64/><E64/><N who="0" m="24681" /><D13/><U4/><E4/><V101/><F14/><W31/><G32/><T3/><D3/><U99/><E99/><V55/><F97/><W70/><G96/><T7/><D7/><U67/><E67/><V111/><F111/><W15/><G15/><T63/><D63/><U0/><E0/><V106/><F21/><W18/><G70/><T5/><D5/><U75/><E75/><V124/><F124/><W52/><G25/><T69/><D69/><U39/><AGARI ba="0,1" hai="9,10,11,39,41,47,80,81,82,105,107,120,122,123" machi="39" ten="40,12000,1" yaku="1,1,0,1,29,2,53,0" doraHai="62" doraHaiUra="16" who="1" fromWho="1" sc="210,-40,220,130,330,-40,230,-40" /><INIT seed="1,1,0,2,5,93" ten="170,350,290,190" oya="1" hai0="84,62,61,118,41,57,92,39,100,87,70,55,130" hai1="103,24,67,29,3,76,125,69,95,90,26,117,54" hai2="13,16,53,113,5,71,17,68,63,31,49,60,25" hai3="110,12,101,1,131,38,14,115,28,104,47,6,116"/><U75/><E117/><V65/><F113/><W128/><G115/><T32/><D32/><U78/><E3/><V127/><F127/><W34/><G110/><T22/><D118/><U107/><E125/><V83/><F83/><W111/><G111/><T120/><D130/><N who="3" m="49705" /><G116/><T134/><D134/><U58/><E69/><V106/><F106/><W36/><G1/><T46/><D120/><U15/><E67/><V105/><F105/><W112/><G112/><T20/><D70/><U122/><E122/><V85/><F85/><W97/><G47/><T11/><D62/><U108/><E108/><V132/><F132/><W56/><G56/><T77/><D11/><U43/><E43/><V133/><F133/><W21/><G34/><T135/><D135/><U59/><E59/><V121/><F121/><W33/><G33/><T19/><D77/><U124/><E124/><V119/><F119/><W35/><G35/><T8/><D8/><U64/><E64/><V73/><F63/><W51/><G51/><T80/><D22/><U23/><E26/><V66/><F66/><W40/><G40/><T126/><D126/><U42/><E42/><V2/><F2/><W74/><G74/><T109/><D109/><U72/><E75/><V114/><F73/><W9/><G28/><T82/><D82/><U98/><E72/><V129/><F129/><W18/><AGARI ba="1,0" hai="6,9,12,14,18,21,36,38,97,101,104" m="49705" machi="18" ten="30,2000,0" yaku="19,1,52,1" doraHai="93" who="3" fromWho="3" sc="170,-6,350,-11,290,-6,190,23" /><INIT seed="2,0,0,1,0,61" ten="164,339,284,213" oya="2" hai0="67,80,113,25,23,114,66,122,102,58,129,31,95" hai1="106,126,3,15,5,107,82,48,92,46,20,42,75" hai2="52,55,93,123,21,109,103,98,105,63,11,44,0" hai3="27,1,127,28,19,81,50,99,86,88,135,29,77"/><V134/><F123/><W41/><G1/><T34/><D122/><U35/><E35/><V8/><F134/><W118/><G127/><T18/><D129/><U85/><E126/><V60/><F105/><W124/><G124/><T90/><D102/><U130/><E130/><V104/><F104/><W89/><G118/><T54/><D80/><U6/><E3/><V131/><F131/><W56/><G135/><T111/><D111/><U17/><E75/><V120/><F120/><W37/><G37/><T40/><D40/><U125/><E125/><V78/><F78/><W62/><G19/><T83/><D83/><U117/><E117/><V91/><F103/><W94/><G77/><T70/><D70/><U76/><E107/><V110/><F21/><W101/><G89/><T26/><D114/><U97/><REACH who="1" step="1"/><E106/><REACH who="1" ten="164,329,284,213" step="2"/><V128/><F128/><W112/><G112/><T72/><D72/><U43/><E43/><V16/><F0/><W4/><G41/><T13/><D113/><U64/><E64/><V100/><F109/><W38/><G38/><T53/><D53/><U9/><E9/><V132/><F11/><W65/><G50/><T79/><D67/><U57/><E57/><N who="2" m="34855" /><F132/><W33/><G33/><T73/><D73/><U108/><E108/><V87/><F110/><W7/><G27/><T47/><D26/><U59/><E59/><N who="2" m="35327" /><F44/><W119/><G119/><T96/><D47/><U51/><E51/><V68/><F68/><W39/><G39/><T49/><D66/><U10/><E10/><V24/><F8/><W32/><G32/><T36/><D36/><U116/><E116/><RYUUKYOKU ba="0,1" sc="164,10,329,10,284,-30,213,10" hai0="13,18,23,25,31,34,49,54,58,79,90,95,96" hai1="5,6,15,17,20,42,46,48,76,82,85,92,97" hai3="4,7,28,29,56,62,65,81,86,88,94,99,101" /><INIT seed="3,1,1,0,5,87" ten="174,339,254,223" oya="3" hai0="14,118,52,58,84,53,81,93,135,33,114,56,45" hai1="59,71,35,22,77,88,104,125,123,0,21,65,80" hai2="26,110,25,5,30,122,54,116,111,106,115,105,2" hai3="27,91,97,68,12,15,37,117,63,83,20,13,29"/><W49/><G117/><T64/><D118/><U60/><E104/><N who="2" m="40043" /><F116/><W119/><G37/><T108/><D33/><U16/><E35/><V79/><F115/><W31/><G119/><T7/><D114/><U24/><E0/><V128/><F128/><W69/><G31/><T34/><D34/><U11/><E125/><V126/><F126/><W129/><G129/><T101/><D108/><N who="2" m="41514" /><F79/><W102/><G63/><T19/><D135/><U89/><E123/><V78/><F78/><W62/><G62/><T6/><D64/><U86/><E71/><V92/><F30/><W4/><G4/><T55/><D45/><U131/><E131/><V9/><F122/><W51/><G69/><T99/><D7/><U23/><E11/><V85/><F54/><W94/><REACH who="3" step="1"/><G68/><REACH who="3" ten="174,339,254,213" step="2"/><T72/><D6/><U32/><E32/><V82/><F92/><W28/><G28/><T95/><D93/><U43/><E43/><V130/><F130/><W42/><G42/><T98/><D95/><U50/><E50/><V48/><F48/><W127/><G127/><T57/><D57/><U18/><REACH who="1" step="1"/><E23/><REACH who="1" ten="174,329,254,213" step="2"/><V76/><AGARI ba="1,3" hai="2,5,9,25,26,76,82,85" m="41514,40043" machi="76" ten="30,1100,0" yaku="14,1" doraHai="87" who="2" fromWho="2" sc="174,-4,329,-4,254,44,213,-6" /><INIT seed="4,0,0,3,1,73" ten="170,325,298,207" oya="0" hai0="98,85,92,64,72,74,78,58,16,14,33,46,109" hai1="49,5,55,21,51,121,76,104,43,89,120,6,8" hai2="25,65,112,130,54,118,129,111,4,38,40,1,124" hai3="28,131,122,90,30,32,70,50,36,11,103,26,88"/><T134/><D33/><U117/><E104/><V37/><F111/><W107/><G36/><T133/><D109/><U68/><E68/><V116/><F4/><W10/><G30/><T7/><D7/><U41/><E117/><N who="2" m="45163" /><F25/><W2/><G131/><N who="2" m="50185" /><F1/><W102/><G102/><T123/><D123/><U91/><E21/><V47/><F112/><W79/><G122/><T12/><D46/><U52/><REACH who="1" step="1"/><E76/><REACH who="1" ten="170,315,298,207" step="2"/><V96/><F124/><W110/><G79/><T115/><D78/><U20/><E20/><V84/><F37/><W45/><G70/><T59/><D115/><U108/><E108/><V24/><F38/><W87/><G110/><T106/><D106/><U126/><E126/><V83/><F24/><W80/><G107/><T53/><D134/><U97/><E97/><V125/><F96/><W57/><G32/><T31/><D133/><U39/><E39/><V127/><F127/><W18/><G26/><T93/><D98/><U34/><E34/><V101/><F125/><W61/><G28/><T81/><D31/><U128/><E128/><V99/><F99/><W17/><G103/><T66/><D85/><U22/><E22/><V62/><F84/><W132/><G132/><T69/><D69/><U75/><E75/><V3/><F101/><W82/><G87/><T27/><D27/><U119/><E119/><V71/><F71/><W95/><G90/><T63/><D74/><U0/><E0/><V15/><F3/><W56/><G2/><T13/><D72/><U29/><E29/><V35/><F35/><W42/><G88/><T67/><D12/><U94/><E94/><RYUUKYOKU ba="0,1" sc="170,-10,315,30,298,-10,207,-10" hai1="5,6,8,41,43,49,51,52,55,89,91,120,121" /><INIT seed="5,1,1,4,3,108" ten="160,345,288,197" oya="1" hai0="47,85,44,93,94,126,131,119,28,11,42,4,7" hai1="56,120,31,27,69,83,35,50,54,45,130,109,66" hai2="96,124,49,41,117,74,30,38,118,102,48,8,19" hai3="77,78,95,129,99,1,92,12,105,65,14,36,86"/><U116/><E120/><V21/><F74/><W72/><G1/><T18/><D119/><U114/><E116/><V53/><F38/><W132/><G36/><T82/><D131/><U46/><E109/><V115/><F30/><W43/><G129/><T100/><D126/><U81/><E130/><V111/><F111/><W61/><G43/><T75/><D75/><U127/><E127/><V58/><F124/><W91/><G132/><T101/><D28/><U80/><REACH who="1" step="1"/><E114/><REACH who="1" ten="160,335,288,197" step="2"/><V16/><F115/><W87/><G72/><T32/><D101/><U112/><E112/><V13/><F102/><W70/><G91/><T15/><D100/><U63/><AGARI ba="1,2" hai="27,31,35,45,46,50,54,56,63,66,69,80,81,83" machi="63" ten="30,6000,0" yaku="1,1,0,1,53,1" doraHai="108" doraHaiUra="55" who="1" fromWho="1" sc="160,-21,335,83,288,-21,197,-21" /><INIT seed="5,2,0,2,1,103" ten="139,418,267,176" oya="1" hai0="94,34,82,30,57,10,106,51,85,122,127,108,89" hai1="60,61,5,50,69,49,16,113,90,42,88,21,84" hai2="54,105,24,87,117,43,91,12,110,28,135,73,80" hai3="59,98,15,111,79,17,133,100,62,99,48,126,102"/><U9/><E113/><V13/><F117/><W97/><G133/><T26/><D108/><U95/><E69/><V131/><F110/><W128/><G126/><T41/><D127/><U38/><E38/><V4/><F135/><W11/><G128/><T1/><D122/><U52/><E90/><V121/><F121/><W22/><G111/><T123/><D123/><U109/><E109/><V27/><F73/><W125/><G125/><T104/><D82/><U68/><E68/><V37/><F27/><W31/><G79/><T0/><D0/><U2/><E42/><V120/><F105/><W134/><G48/><T7/><REACH who="0" step="1"/><D57/><REACH who="0" ten="129,418,267,176" step="2"/><N who="1" m="32911" /><E50/><V39/><F39/><W93/><G134/><T46/><AGARI ba="2,1" hai="1,7,10,26,30,34,41,46,51,85,89,94,104,106" machi="46" ten="30,8000,1" yaku="1,1,0,1,52,2,53,1" doraHai="103" doraHaiUra="86" who="0" fromWho="0" sc="129,96,418,-42,267,-22,176,-22" /><INIT seed="6,0,0,0,5,44" ten="225,376,245,154" oya="2" hai0="97,22,127,38,126,11,8,2,93,71,129,96,101" hai1="43,111,85,3,42,48,45,65,107,100,115,84,130" hai2="117,104,10,35,90,103,6,30,17,135,36,46,23" hai3="27,66,75,124,62,113,32,69,109,21,70,110,41"/><V128/><F117/><W54/><G75/><T39/><D71/><U82/><E111/><V49/><F128/><W24/><G70/><T0/><D22/><U68/><E3/><V18/><F36/><W5/><G5/><T56/><D56/><U9/><E130/><V80/><F104/><W106/><G124/><N who="0" m="47659" /><D97/><U74/><E68/><V67/><F103/><W15/><G106/><T53/><D53/><U114/><E107/><V99/><F67/><W7/><G41/><T1/><D129/><U91/><E100/><V14/><F35/><W131/><G131/><T134/><D134/><U29/><E65/><V133/><F133/><W59/><G113/><T73/><D73/><U25/><E43/><N who="2" m="24799" /><F135/><W78/><G78/><T122/><D122/><U37/><E74/><V87/><F99/><W95/><G32/><T13/><D11/><U102/><E102/><V116/><F116/><W19/><G110/><T57/><D57/><U119/><E119/><V50/><F30/><W58/><G69/><T20/><D20/><U112/><E9/><V28/><F28/><W121/><G121/><T123/><D123/><U108/><E108/><V52/><F23/><W63/><G109/><T72/><D72/><U16/><E29/><V88/><F90/><W120/><G120/><T33/><D33/><U94/><E115/><V81/><F81/><W125/><G125/><T79/><D79/><N who="1" m="46175" /><E114/><V12/><F12/><N who="3" m="9447" /><G95/><T77/><D77/><U98/><E112/><V26/><F26/><W60/><G60/><T76/><D76/><U89/><E25/><N who="3" m="9802" /><G15/><T31/><D31/><U4/><E91/><RYUUKYOKU ba="0,0" sc="225,10,376,-30,245,10,154,10" hai0="0,1,2,8,13,38,39,93,96,101" hai2="6,10,14,17,18,50,52,80,87,88" hai3="7,54,58,59,62,63,66" /><INIT seed="6,1,0,2,3,21" ten="235,346,255,164" oya="2" hai0="33,69,13,57,110,34,8,3,27,67,74,75,77" hai1="87,28,97,61,125,18,53,65,42,105,70,35,133" hai2="64,112,47,78,118,123,120,23,134,41,108,56,131" hai3="50,95,83,12,102,96,94,117,32,48,62,2,98"/><V59/><F78/><W29/><G2/><T101/><D69/><U135/><E125/><V7/><F118/><W17/><G117/><T88/><D3/><U66/><E66/><V103/><F112/><W31/><G83/><T129/><D110/><U24/><E42/><V52/><F108/><W11/><G62/><T92/><D101/><N who="1" m="62639" /><E18/><V132/><F103/><W4/><G4/><T73/><D129/><U16/><E53/><V36/><F23/><W111/><G111/><T51/><D77/><U43/><E43/><V89/><F89/><W22/><G32/><T38/><D38/><U82/><E16/><V30/><F30/><W100/><G31/><T85/><D27/><AGARI ba="1,0" hai="11,12,17,22,27,29,48,50,94,95,96,98,100,102" machi="27" ten="40,5200,0" yaku="9,1,8,1,52,1" doraHai="21" who="3" fromWho="0" sc="235,-55,346,0,255,0,164,55" /><INIT seed="7,0,0,0,3,1" ten="180,346,255,219" oya="3" hai0="4,15,13,113,94,76,10,86,56,66,12,93,46" hai1="120,17,6,31,33,134,100,57,85,60,48,95,49" hai2="91,34,96,129,28,2,74,114,65,41,29,5,36" hai3="27,121,106,118,52,78,14,98,59,119,109,50,79"/><W18/><G121/><T61/><D113/><U126/><E120/><V84/><F65/><W107/><G119/><T68/><D68/><U11/><E17/><V7/><F74/><W71/><G71/><T32/><D32/><U87/><E31/><V53/><F2/><W21/><G118/><T80/><REACH who="0" step="1"/><D46/><REACH who="0" ten="170,346,255,219" step="2"/><U54/><E33/><V51/><F34/><W73/><G109/><T123/><D123/><U62/><E126/><V90/><F114/><W44/><G73/><T102/><D102/><U104/><E100/><V25/><F129/><W70/><G70/><T117/><D117/><U19/><E134/><V131/><F131/><W130/><G130/><T115/><D115/><U105/><E105/><V97/><F29/><W110/><G110/><T92/><AGARI ba="0,1" hai="4,10,12,13,15,56,61,66,76,80,86,92,93,94" machi="92" ten="30,7900,0" yaku="1,1,0,1,8,1,52,1,53,0" doraHai="1" doraHaiUra="67" who="0" fromWho="0" sc="170,89,346,-20,255,-20,219,-39" owari="259,5.9,326,42.6,235,-16.5,180,-32.0" /></mjloggm>