<mjloggm ver="2.3"><GO type="169" lobby="0"/><UN n0="%E3%81%8A%E3%81%9F%E3%81%BE%E3%82%8B" n1="%E5%AE%8C%E5%85%A8%E5%AE%89%E7%89%8C" n2="%46%72%6F%6E" n3="%E5%B0%8F%E6%9E%97%E6%B5%81%E7%89%8C%E6%89%8B" dan="16,17,16,17" rate="2070.76,2177.20,2138.12,2139.00" sx="M,M,M,M"/><TAIKYOKU oya="0"/><INIT seed="0,0,0,2,5,97" ten="250,250,250,250" oya="0" hai0="1,26,98,80,85,104,0,31,11,34,76,15,124" hai1="54,118,42,62,88,58,17,2,55,117,84,25,105" hai2="94,18,29,70,120,131,20,27,35,83,60,19,52" hai3="40,107,77,82,74,78,22,133,51,106,86,126,4"/><T112/><D112/><U81/><E105/><V128/><F120/><W46/><G126/><T44/><D124/><U24/><E2/><V119/><F119/><W23/><G133/><T122/><D122/><U28/><E42/><V121/><F121/><W102/><G106/><T53/><D53/><U32/><E17/><V93/><F83/><W135/><G135/><T64/><D64/><U87/><E25/><V125/><F125/><W12/><G77/><T90/><D44/><U49/><REACH who="1" step="1"/><E87/><REACH who="1" ten="250,240,250,250" step="2"/><V115/><F19/><W21/><G74/><T63/><D104/><U8/><E8/><V48/><F115/><W114/><G114/><T59/><D1/><U61/><E61/><V130/><F60/><W45/><G107/><T108/><D0/><U16/><E16/><V100/><F70/><W67/><G4/><T111/><D63/><U89/><E89/><V101/><F94/><W36/><G12/><T7/><D90/><U47/><AGARI ba="0,1" hai="24,28,32,47,49,54,55,58,62,81,84,88,117,118" machi="47" ten="20,5200,0" yaku="1,1,0,1,7,1,54,1,53,0" doraHai="97" doraHaiUra="109" who="1" fromWho="1" sc="250,-26,240,62,250,-13,250,-13" /><INIT seed="1,0,0,4,0,32" ten="224,302,237,237" oya="1" hai0="103,39,105,13,12,121,24,131,118,29,37,122,81" hai1="95,91,65,132,96,124,38,62,120,6,51,53,66" hai2="73,86,30,47,130,18,114,101,98,25,102,75,100" hai3="68,84,27,20,10,90,77,116,31,36,76,45,1"/><U119/><E119/><V78/><F130/><W7/><G68/><T67/><D118/><U117/><E120/><V43/><F114/><W127/><G127/><T134/><D131/><U5/><E38/><V2/><F98/><W113/><G113/><T123/><D134/><U87/><E124/><V110/><F110/><W23/><G116/><T92/><D105/><U8/><E132/><V0/><F86/><W79/><G23/><T56/><D81/><U28/><E28/><V89/><F89/><W33/><G33/><T125/><D125/><U61/><E117/><V71/><F18/><W112/><G112/><T64/><D92/><U97/><E62/><V135/><F71/><W9/><G9/><T54/><D103/><U115/><E115/><V129/><F129/><W126/><G126/><T11/><D37/><U42/><E42/><V50/><F135/><W55/><G55/><T4/><D12/><N who="1" m="5135" /><E6/><V72/><REACH who="2" step="1"/><F78/><REACH who="2" ten="224,302,227,237" step="2"/><W70/><G70/><T52/><D121/><U93/><E96/><V63/><F63/><W59/><G90/><T128/><D122/><U14/><E61/><V111/><F111/><W58/><REACH who="3" step="1"/><G84/><REACH who="3" ten="224,302,227,227" step="2"/><T57/><D123/><U17/><E87/><V88/><F88/><W48/><G48/><T99/><D128/><U107/><E91/><V74/><N who="2" m="18432" /><DORA hai="94" /><V15/><F15/><W83/><G83/><T104/><D13/><U85/><E85/><V80/><F80/><W60/><G60/><T16/><D39/><U106/><E14/><V46/><F46/><W49/><G49/><T22/><D99/><U3/><E97/><V40/><F40/><AGARI ba="0,2" hai="1,7,10,20,27,31,36,40,45,58,59,76,77,79" machi="40" ten="40,8000,1" yaku="1,1,6,1,52,1,53,2" doraHai="32,94" doraHaiUra="21,34" who="3" fromWho="2" sc="224,0,302,0,227,-80,227,100" /><INIT seed="2,0,0,5,0,1" ten="224,302,147,327" oya="2" hai0="41,2,129,64,45,127,4,39,29,91,82,34,131" hai1="94,79,68,97,112,19,38,5,23,119,13,61,126" hai2="20,104,77,8,25,120,36,12,84,59,9,128,26" hai3="114,133,78,30,0,111,93,107,48,67,102,103,99"/><V89/><F120/><W115/><G30/><T86/><D127/><U96/><E112/><N who="3" m="43050" /><G0/><T109/><D109/><U105/><E119/><V125/><F104/><W76/><G67/><T11/><REACH who="0" step="1"/><D64/><REACH who="0" ten="214,302,147,327" step="2"/><U123/><E126/><V122/><F125/><W100/><G111/><T135/><D135/><U16/><E123/><V106/><F122/><W37/><G133/><T73/><D73/><U40/><E68/><V7/><F128/><W22/><G107/><T83/><D83/><U72/><E72/><V6/><F106/><W24/><G37/><T90/><D90/><U56/><E38/><V132/><F132/><W17/><G48/><T44/><D44/><U101/><E79/><AGARI ba="0,1" hai="17,22,24,76,78,79,93,99,100,102,103" m="43050" machi="79" ten="30,1000,0" yaku="11,1" doraHai="1" who="3" fromWho="1" sc="214,0,302,-10,147,0,327,20" /><INIT seed="3,0,0,2,5,134" ten="214,292,147,347" oya="3" hai0="105,103,37,104,39,1,92,47,118,65,113,24,35" hai1="38,84,95,13,89,59,46,63,97,60,16,40,19" hai2="131,119,90,130,11,51,3,77,114,74,26,110,82" hai3="52,127,10,43,45,111,126,2,55,99,32,57,4"/><W68/><G68/><T50/><D118/><U49/><E38/><V120/><F119/><W106/><G32/><T7/><D113/><U112/><E112/><V30/><F114/><W91/><G111/><T54/><D65/><U25/><E25/><V66/><F110/><W27/><G27/><T64/><D64/><U12/><E97/><V117/><F117/><W67/><G67/><T101/><D7/><U75/><E75/><V124/><F120/><W72/><G72/><T122/><D1/><U86/><E86/><V107/><F107/><W80/><G80/><T115/><D122/><U108/><E108/><V71/><F51/><W125/><G57/><T53/><D115/><U133/><E133/><V132/><F90/><W96/><G96/><T36/><D53/><U0/><E0/><V87/><F87/><W6/><G6/><T98/><REACH who="0" step="1"/><D103/><REACH who="0" ten="204,292,147,347" step="2"/><U20/><REACH who="1" step="1"/><E59/><REACH who="1" ten="204,282,147,347" step="2"/><V79/><F132/><W8/><G2/><T9/><D9/><AGARI ba="0,2" hai="9,12,13,16,19,20,40,46,49,60,63,84,89,95" machi="9" ten="30,8000,1" yaku="1,1,2,1,7,1,8,1,54,1,53,0" doraHai="134" doraHaiUra="116" who="1" fromWho="0" sc="204,-80,282,100,147,0,347,0" /><INIT seed="4,0,0,2,2,131" ten="124,382,147,347" oya="0" hai0="96,53,24,107,102,26,55,129,122,49,35,63,23" hai1="80,44,127,71,11,18,52,72,9,51,54,32,106" hai2="61,120,42,116,119,132,20,45,113,12,85,126,82" hai3="57,103,50,70,134,60,93,8,10,121,74,124,62"/><T0/><D122/><U118/><E118/><N who="2" m="45099" /><F120/><W19/><G74/><T79/><D129/><U48/><E127/><V2/><F126/><W46/><G70/><T64/><D0/><U4/><E106/><V58/><F2/><W38/><G38/><T99/><D79/><U81/><E71/><V59/><F113/><W27/><G60/><T135/><D35/><U110/><E110/><V21/><F132/><W112/><G134/><T111/><D111/><U39/><E39/><N who="2" m="21727" /><F12/><W88/><G103/><T68/><D135/><U56/><E32/><V67/><F59/><W28/><G112/><T6/><D6/><U98/><E72/><V105/><F105/><W34/><G19/><T91/><D49/><U47/><E56/><V89/><AGARI ba="0,0" hai="20,21,58,61,67,82,85,89" m="21727,45099" machi="89" ten="30,1100,0" yaku="12,1" doraHai="131" who="2" fromWho="2" sc="124,-5,382,-3,147,11,347,-3" /><INIT seed="5,0,0,0,0,64" ten="119,379,158,344" oya="1" hai0="84,15,102,133,121,95,100,37,124,20,47,26,32" hai1="35,122,126,63,60,70,24,81,87,118,111,28,106" hai2="76,125,78,75,6,57,2,79,66,117,3,104,30" hai3="91,128,21,113,56,9,42,73,22,54,132,96,38"/><U82/><E118/><V59/><F117/><W69/><G73/><T114/><D114/><U58/><E122/><V135/><F75/><W17/><G69/><T10/><D121/><U110/><E106/><V14/><F104/><W93/><G113/><T83/><D32/><U67/><E126/><V119/><F119/><W43/><G132/><T46/><D124/><U29/><E29/><V99/><F99/><W19/><G9/><T0/><D0/><U18/><E18/><N who="3" m="6666" /><G38/><T11/><D133/><U8/><E8/><N who="2" m="4375" /><F30/><W85/><G85/><T68/><D68/><U13/><E13/><V109/><F109/><N who="1" m="41481" /><E87/><V120/><F120/><W116/><G128/><T131/><D131/><U48/><E48/><V127/><F135/><W74/><G74/><T16/><D37/><U115/><E115/><V65/><F2/><W53/><G116/><T33/><D33/><U94/><E94/><V108/><F3/><W86/><G86/><T52/><D11/><U112/><E112/><V41/><F108/><W49/><G21/><T77/><D95/><U90/><E90/><V44/><F125/><W39/><G39/><T40/><D10/><U92/><E92/><V103/><F127/><W36/><G36/><T51/><D15/><U50/><E50/><N who="2" m="26895" /><F103/><W25/><G22/><T34/><D34/><U80/><E80/><V61/><F61/><N who="3" m="35983" /><G25/><T107/><D107/><U12/><E12/><V23/><F23/><W62/><G62/><T123/><D123/><U1/><E1/><V134/><F134/><W129/><G129/><T98/><D98/><U45/><E45/><AGARI ba="0,0" hai="42,43,45,49,54,91,93,96" m="35983,6666" machi="45" ten="30,1000,0" yaku="8,1" doraHai="64" who="3" fromWho="1" sc="119,0,379,-10,158,0,344,10" /><INIT seed="6,0,0,3,0,102" ten="119,369,158,354" oya="2" hai0="93,16,73,2,96,135,57,103,99,70,9,68,17" hai1="120,36,115,8,1,48,60,78,50,27,122,101,4" hai2="111,0,10,112,92,97,7,6,118,87,33,77,32" hai3="82,43,5,129,71,86,51,13,52,62,54,41,107"/><V44/><F118/><W119/><G107/><T106/><D73/><U90/><E115/><V39/><F112/><W47/><G119/><T95/><D135/><U132/><E132/><V35/><F111/><W84/><G129/><T69/><D57/><U63/><E36/><V83/><F7/><W105/><G105/><T104/><D2/><U74/><E101/><V91/><REACH who="2" step="1"/><F35/><REACH who="2" ten="119,369,148,354" step="2"/><W123/><G5/><T94/><D9/><U81/><E8/><V89/><F89/><W58/><G123/><T126/><D126/><U109/><E90/><V11/><F11/><W130/><G130/><T80/><D80/><U76/><E4/><V56/><F56/><W134/><G134/><T131/><D131/><U113/><E109/><V34/><F34/><W128/><G128/><T22/><D22/><U116/><E113/><V124/><F124/><W114/><G114/><T38/><D68/><U108/><E108/><V98/><F98/><W110/><G110/><T26/><D70/><U30/><E116/><V121/><F121/><W100/><G71/><T85/><D69/><U31/><E81/><V23/><F23/><W40/><G82/><T72/><D96/><U133/><E133/><V42/><AGARI ba="0,1" hai="0,6,10,32,33,39,42,44,77,83,87,91,92,97" machi="42" ten="30,3000,0" yaku="1,1,0,1,53,0" doraHai="102" doraHaiUra="117" who="2" fromWho="2" sc="119,-10,369,-10,148,40,354,-10" /><INIT seed="6,1,0,5,4,97" ten="109,359,188,344" oya="2" hai0="115,8,105,74,120,94,46,81,61,111,52,56,66" hai1="26,28,39,110,72,37,59,85,1,99,14,0,4" hai2="62,131,45,63,92,20,67,48,9,93,84,38,69" hai3="30,90,58,47,109,95,16,121,108,5,89,33,44"/><V68/><F131/><W118/><G118/><T27/><D111/><U112/><E72/><V87/><F38/><W132/><G121/><T29/><D120/><U116/><E110/><V41/><F9/><W107/><G107/><T126/><D105/><U57/><E14/><V42/><F20/><W17/><G58/><T32/><D115/><U71/><E71/><V6/><F6/><W22/><G22/><T25/><D126/><U55/><E59/><V100/><F100/><W15/><G95/><T60/><D8/><U23/><E116/><V91/><F42/><W31/><G15/><T135/><D135/><U114/><E85/><V54/><F54/><W130/><G33/><T13/><D13/><U76/><E76/><V127/><F127/><W51/><G51/><T134/><D134/><U3/><E99/><V119/><F119/><W35/><G35/><T43/><D27/><U125/><E4/><V117/><F117/><W124/><G5/><T10/><D10/><U113/><REACH who="1" step="1"/><E125/><REACH who="1" ten="109,349,188,344" step="2"/><V102/><F87/><W53/><G124/><T36/><D74/><U106/><E106/><V75/><F75/><W101/><G132/><T2/><D2/><U86/><E86/><V49/><F69/><W65/><G109/><T12/><D12/><U103/><E103/><V34/><F102/><W122/><G101/><T82/><REACH who="0" step="1"/><D94/><REACH who="0" ten="99,349,188,344" step="2"/><U77/><E77/><V64/><F92/><W133/><G133/><T79/><D79/><U24/><E24/><V83/><F93/><W96/><G108/><T78/><D78/><U11/><E11/><V40/><F83/><W128/><G96/><RYUUKYOKU ba="1,2" sc="99,15,349,15,188,-15,344,-15" hai0="25,29,32,36,43,46,52,56,60,61,66,81,82" hai1="0,1,3,23,26,28,37,39,55,57,112,113,114" /><INIT seed="7,2,2,5,5,20" ten="114,364,173,329" oya="3" hai0="34,46,24,57,62,48,76,29,122,90,81,135,86" hai1="128,58,84,125,132,52,102,65,39,114,127,13,36" hai2="123,26,117,61,2,27,64,95,12,63,99,91,28" hai3="133,83,106,85,60,54,113,107,73,47,11,94,37"/><W8/><G73/><T3/><D122/><U112/><E128/><V87/><F117/><W15/><G113/><N who="1" m="43626" /><E132/><V98/><F123/><W93/><G107/><T33/><D135/><U130/><E130/><V23/><F2/><W118/><G106/><T50/><D3/><U31/><E65/><V44/><F12/><W16/><G118/><T75/><D34/><U56/><E102/><V119/><F119/><W74/><G74/><T22/><D33/><U7/><E31/><V49/><F27/><W110/><G133/><T0/><D0/><U97/><E97/><N who="2" m="36875" /><F64/><W53/><G110/><T9/><D9/><N who="1" m="4287" /><E84/><V121/><F121/><W4/><G37/><N who="1" m="14410" /><E58/><V109/><F109/><W55/><G60/><AGARI ba="2,2" hai="52,56,60,125,127" m="14410,4287,43626" machi="60" ten="30,2000,0" yaku="15,1,54,1" doraHai="20" who="1" fromWho="3" sc="114,0,364,46,173,0,329,-26" owari="114,-38.6,410,51.0,173,-22.7,303,10.3" /></mjloggm>