<mjloggm ver="2.3"><GO type="169" lobby="0"/><UN n0="%73%79%6C%76%65%6F%6E" n1="%36%39%33" n2="%E6%B2%B3%E7%AB%A5%E3%81%AE%E3%83%AF%E3%82%AB%E3%83%9E%E3%83%84" n3="%E7%99%BD%E9%AB%AA%E9%AC%BC" dan="16,16,19,16" rate="2181.42,2033.58,2296.82,2121.33" sx="M,M,M,M"/><TAIKYOKU oya="0"/><INIT seed="0,0,0,5,2,56" ten="250,250,250,250" oya="0" hai0="2,47,37,67,72,54,36,116,85,24,125,98,92" hai1="49,63,106,30,51,113,20,86,82,4,22,80,41" hai2="1,3,94,128,103,45,69,100,40,27,84,123,79" hai3="91,73,90,112,122,21,83,104,130,71,108,78,129"/><T75/><D116/><U52/><E106/><V31/><F123/><W53/><G71/><T0/><D125/><U57/><E113/><V26/><F69/><W61/><G112/><T13/><D85/><U16/><E4/><V77/><F128/><N who="3" m="49259" /><G122/><T89/><D67/><U62/><E22/><V38/><F27/><W74/><G108/><T126/><D126/><U32/><E30/><V11/><F79/><W23/><G104/><T43/><D37/><U25/><E32/><V33/><F11/><W64/><G73/><T68/><D68/><U131/><E131/><V76/><F77/><W115/><G115/><T10/><D54/><U55/><E41/><V34/><F34/><W6/><G6/><T81/><D24/><U59/><E80/><V134/><F134/><W105/><G105/><T12/><D12/><U14/><E25/><V96/><REACH who="2" step="1"/><F100/><REACH who="2" ten="250,250,240,250" step="2"/><W8/><G21/><T50/><D75/><U119/><E119/><V118/><F118/><W124/><G23/><T19/><D72/><U127/><E127/><V29/><F29/><W114/><G124/><T46/><D0/><U60/><E51/><V95/><F95/><W117/><G117/><T110/><D2/><U48/><E49/><V39/><F39/><W44/><G8/><T99/><D81/><AGARI ba="0,1" hai="1,3,26,31,33,38,40,45,76,81,84,94,96,103" machi="81" ten="40,1300,0" yaku="1,1,53,0" doraHai="56" doraHaiUra="133" who="2" fromWho="0" sc="250,-13,250,0,240,23,250,0" /><INIT seed="1,0,0,4,1,84" ten="237,250,263,250" oya="1" hai0="134,19,71,88,124,120,56,91,61,129,55,47,11" hai1="17,35,25,22,59,112,46,101,5,86,116,34,100" hai2="68,97,63,4,54,103,24,107,94,130,92,127,123" hai3="117,58,99,135,1,114,98,30,85,48,109,75,133"/><U21/><E112/><V33/><F123/><W73/><G1/><T28/><D120/><U126/><E116/><V105/><F130/><W53/><G114/><T51/><D129/><U32/><E5/><V6/><F127/><W76/><G117/><T131/><D131/><U106/><E106/><V93/><F107/><W108/><G30/><T87/><D124/><U57/><E126/><V27/><F54/><W104/><G104/><T60/><D71/><U111/><E46/><V90/><F27/><W82/><G98/><T29/><D134/><N who="3" m="51209" /><G99/><T37/><D37/><U89/><E111/><AGARI ba="0,0" hai="48,53,58,73,75,76,82,85,108,109,111" m="51209" machi="111" ten="30,2000,0" yaku="14,1,20,1" doraHai="84" who="3" fromWho="1" sc="237,0,250,-20,263,0,250,20" /><INIT seed="2,0,0,5,4,101" ten="237,230,263,270" oya="2" hai0="130,64,43,65,9,120,106,103,119,123,110,83,13" hai1="72,36,92,3,58,95,45,33,82,57,98,126,100" hai2="96,14,81,124,88,46,2,68,87,86,28,122,15" hai3="39,93,60,52,85,102,90,105,74,5,50,26,94"/><V41/><F122/><W24/><G39/><T55/><D43/><U69/><E69/><V70/><F124/><W40/><G5/><T111/><D130/><U99/><E33/><V108/><F2/><W27/><G74/><T42/><D42/><U44/><E126/><V134/><F134/><W129/><G40/><T1/><D1/><U133/><E133/><V66/><F108/><N who="0" m="41514" /><D119/><U131/><E131/><V132/><F132/><W29/><G129/><T127/><D127/><U128/><E128/><V25/><F96/><W121/><G121/><N who="0" m="46667" /><D55/><U53/><E3/><V6/><F87/><W109/><G60/><T62/><D83/><U32/><E32/><V10/><F15/><W84/><G109/><T54/><D54/><U114/><E114/><V47/><F66/><W125/><G125/><T11/><D13/><U135/><E135/><V19/><F6/><W16/><G29/><T61/><D103/><U91/><E36/><V75/><F75/><W48/><G52/><T59/><D106/><U112/><E112/><V115/><F46/><W22/><G105/><T23/><D23/><U80/><E53/><V38/><REACH who="2" step="1"/><F115/><REACH who="2" ten="237,230,253,270" step="2"/><W71/><G84/><T51/><D65/><U117/><E72/><V20/><AGARI ba="0,1" hai="10,14,19,20,25,28,38,41,47,68,70,81,86,88" machi="20" ten="20,18000,2" yaku="1,1,2,1,0,1,7,1,54,1,53,1" doraHai="101" doraHaiUra="77" who="2" fromWho="2" sc="237,-60,230,-60,253,190,270,-60" /><INIT seed="2,1,0,1,0,133" ten="177,170,443,210" oya="2" hai0="104,98,22,116,89,74,132,79,46,135,57,54,117" hai1="96,72,90,76,14,100,64,112,59,88,124,37,38" hai2="25,18,27,70,107,28,86,9,6,43,49,101,129" hai3="4,94,58,5,93,35,10,105,78,80,21,134,85"/><V120/><F120/><W91/><G134/><N who="0" m="51243" /><D46/><U73/><E112/><V17/><F70/><W29/><G105/><T48/><D22/><U114/><E114/><V115/><F115/><W31/><G35/><T110/><D110/><U62/><E37/><V63/><F63/><W119/><G119/><N who="0" m="45643" /><D89/><U2/><E2/><V106/><F25/><W87/><G21/><T3/><D3/><U26/><E38/><V56/><F27/><W126/><G91/><T55/><D55/><U130/><E26/><V84/><F43/><W24/><G24/><T16/><D16/><U127/><E14/><V82/><F17/><W44/><G44/><T69/><D69/><U123/><E123/><V65/><F18/><W83/><G58/><T13/><D13/><U1/><E1/><V103/><F56/><W97/><G10/><T47/><D47/><U75/><E76/><V71/><F9/><W111/><G78/><T50/><D79/><U109/><E109/><V92/><F71/><W20/><G20/><T45/><D74/><U68/><E68/><V108/><F108/><W113/><G111/><T23/><D23/><U32/><E32/><V52/><F52/><W66/><G113/><T42/><D104/><N who="1" m="63495" /><E130/><V51/><F129/><W15/><G15/><T61/><D98/><U60/><E90/><V81/><F106/><W39/><G39/><AGARI ba="1,0" hai="39,42,45,48,50,54,57,61" m="45643,51243" machi="39" ten="30,7700,0" yaku="20,1,12,1,34,2" doraHai="133" who="0" fromWho="3" sc="177,80,170,0,443,0,210,-80" /><INIT seed="3,0,0,3,0,23" ten="257,170,443,130" oya="3" hai0="72,53,88,119,98,60,69,7,17,94,92,79,90" hai1="27,47,8,122,14,37,71,3,1,133,129,54,33" hai2="86,0,83,110,44,74,124,18,77,62,113,108,41" hai3="48,4,116,134,51,125,100,65,93,5,131,19,103"/><W85/><G116/><T63/><D119/><U40/><E122/><V96/><F113/><W66/><G131/><T91/><D7/><N who="3" m="2633" /><G125/><T68/><D72/><U117/><E71/><V30/><F0/><W36/><G36/><T46/><D79/><U67/><E67/><N who="3" m="25610" /><G134/><T123/><D123/><U128/><E133/><V81/><F124/><W97/><G100/><T13/><D69/><U55/><E117/><V11/><F62/><W135/><G135/><T114/><D68/><U24/><E33/><V52/><F96/><W43/><G43/><T80/><D80/><U58/><E1/><V2/><F2/><W12/><G85/><T20/><D114/><U75/><E3/><V76/><F30/><W59/><G59/><T39/><D39/><U132/><E75/><V106/><F106/><W118/><G118/><T121/><D121/><U57/><E57/><V126/><F126/><W21/><AGARI ba="0,0" hai="12,19,21,48,51,93,97,103" m="25610,2633" machi="21" ten="30,1500,0" yaku="8,1" doraHai="23" who="3" fromWho="3" sc="257,-5,170,-5,443,-5,130,15" /><INIT seed="3,1,0,2,1,126" ten="252,165,438,145" oya="3" hai0="92,84,5,122,30,14,7,125,63,36,17,31,42" hai1="60,48,55,95,66,77,20,23,119,93,88,56,51" hai2="16,112,13,106,28,120,47,113,78,96,89,11,69" hai3="87,72,4,68,27,132,117,39,6,65,91,75,101"/><W46/><G117/><T45/><D122/><U115/><E115/><V103/><F120/><W64/><G132/><T0/><D125/><U123/><E123/><V135/><F135/><W19/><G101/><T73/><D73/><U38/><E38/><V116/><F116/><W134/><G134/><T37/><D37/><U74/><E95/><V81/><F69/><W10/><G6/><T71/><D71/><U15/><E119/><V90/><F28/><W129/><G72/><T133/><D63/><U1/><E1/><V35/><F35/><W86/><G75/><T80/><D92/><U61/><E77/><V21/><F47/><W98/><G68/><T118/><D118/><U24/><E15/><V76/><F76/><W33/><G98/><T9/><D7/><U40/><E74/><V58/><F58/><W8/><G87/><T50/><D36/><U52/><E40/><V85/><REACH who="2" step="1"/><F21/><REACH who="2" ten="252,165,428,145" step="2"/><N who="3" m="13759" /><G33/><T128/><D133/><U105/><E23/><V53/><F53/><W104/><G46/><T121/><D121/><U22/><E20/><V70/><F70/><W114/><G64/><T127/><D127/><U41/><E66/><V57/><F57/><W110/><G65/><T97/><D31/><U62/><E56/><V102/><F102/><W2/><G114/><AGARI ba="1,1" hai="11,13,16,78,81,85,89,90,96,103,106,112,113,114" machi="114" ten="40,2600,0" yaku="1,1,54,1,53,0" doraHai="126" doraHaiUra="130" who="2" fromWho="3" sc="252,0,165,0,428,39,145,-29" /><INIT seed="4,0,0,4,4,108" ten="252,165,467,116" oya="0" hai0="75,36,11,31,61,60,63,1,35,25,48,18,43" hai1="78,131,27,95,29,134,89,84,10,86,96,6,28" hai2="99,135,44,42,70,69,129,100,110,66,112,26,7" hai3="58,124,19,121,130,20,33,97,105,93,111,59,81"/><T113/><D75/><U50/><E131/><V30/><F110/><W68/><G68/><T55/><D36/><U127/><E127/><V106/><F129/><W51/><G111/><T82/><D82/><U118/><E118/><V0/><F135/><W37/><G33/><T52/><D113/><U45/><E134/><V39/><F66/><W77/><G37/><T115/><D115/><U119/><E119/><V120/><F120/><W125/><G105/><T109/><D109/><U72/><E72/><V92/><F92/><W88/><G130/><T71/><D71/><U65/><E65/><V4/><F4/><W40/><G121/><T90/><D90/><U98/><E98/><V107/><F107/><W114/><G114/><T53/><D43/><U38/><E38/><V2/><F2/><W24/><G40/><T85/><D85/><U34/><E29/><V117/><F112/><W3/><G3/><T101/><D101/><U83/><E86/><V133/><F133/><W46/><G46/><T80/><D80/><U64/><E64/><V79/><F79/><W91/><G91/><T22/><D11/><U104/><E104/><V32/><F117/><W62/><G51/><T49/><REACH who="0" step="1"/><D1/><REACH who="0" ten="242,165,467,116" step="2"/><U87/><E83/><V15/><F15/><AGARI ba="0,1" hai="15,18,22,25,31,35,48,49,52,53,55,60,61,63" machi="15" ten="40,7700,0" yaku="1,1,2,1,54,1,53,0" doraHai="108" doraHaiUra="73" who="0" fromWho="2" sc="242,87,165,0,467,-77,116,0" /><INIT seed="4,1,0,5,2,106" ten="329,165,390,116" oya="0" hai0="46,68,132,10,73,61,133,48,118,4,65,75,24" hai1="40,87,56,58,66,11,134,69,103,83,26,74,52" hai2="107,59,39,14,15,0,22,38,49,131,55,89,86" hai3="109,60,27,42,71,125,62,129,85,82,41,119,120"/><T9/><D118/><U31/><E103/><V114/><F0/><W64/><G119/><T54/><D24/><U116/><E116/><V98/><F114/><W53/><G109/><T93/><D93/><U34/><E40/><V97/><F131/><W124/><G120/><T44/><D44/><U96/><E96/><V37/><F107/><W63/><G27/><T43/><D43/><N who="3" m="16393" /><G85/><T17/><D17/><U35/><E35/><V127/><F127/><N who="3" m="48715" /><G82/><T29/><D29/><U88/><E134/><N who="0" m="51817" /><D10/><U122/><E122/><V67/><F67/><W117/><G117/><T104/><D104/><U113/><E113/><V32/><F32/><W128/><G53/><T90/><D90/><U50/><E11/><V77/><F77/><W123/><G123/><T2/><AGARI ba="1,0" hai="2,4,9,46,48,54,61,65,68,73,75" m="51817" machi="2" ten="30,6000,0" yaku="20,1,52,2" doraHai="106" who="0" fromWho="0" sc="329,63,165,-21,390,-21,116,-21" /><INIT seed="4,2,0,1,0,52" ten="392,144,369,95" oya="0" hai0="107,64,132,48,30,126,15,116,10,31,19,78,65" hai1="24,34,84,53,68,73,8,51,69,117,121,125,38" hai2="134,113,75,14,45,46,13,56,124,35,60,22,55" hai3="118,3,5,86,18,102,101,129,50,98,123,114,33"/><T25/><D116/><U80/><E117/><V120/><F120/><W135/><G118/><T1/><D107/><U47/><E121/><V95/><F35/><W12/><G123/><T44/><D126/><U87/><E125/><V100/><F124/><W58/><G33/><T72/><D132/><U6/><E38/><V62/><F134/><W66/><G135/><T21/><D31/><U96/><E73/><V37/><F113/><W32/><G32/><T106/><D106/><U36/><E36/><V23/><F75/><W76/><G3/><T4/><D78/><U119/><E96/><N who="2" m="59423" /><F37/><W2/><G2/><T99/><D99/><U74/><E74/><V27/><F62/><N who="3" m="38231" /><G129/><T70/><D70/><U17/><E119/><V115/><F115/><W130/><G114/><T57/><D57/><U20/><E34/><V88/><F88/><W26/><G5/><T54/><REACH who="0" step="1"/><D72/><REACH who="0" ten="382,144,369,95" step="2"/><U61/><E69/><V63/><F23/><AGARI ba="2,1" hai="1,4,10,15,19,21,23,25,30,44,48,54,64,65" machi="23" ten="30,11600,0" yaku="1,1,2,1,7,1,53,1" doraHai="52" doraHaiUra="41" who="0" fromWho="2" sc="382,132,144,0,369,-122,95,0" /><INIT seed="4,3,0,3,0,9" ten="514,144,247,95" oya="0" hai0="67,122,101,115,17,32,114,58,41,117,85,134,91" hai1="126,104,119,100,130,10,59,31,131,86,110,36,6" hai2="14,105,24,72,78,15,112,35,135,50,53,124,47" hai3="113,128,82,70,98,118,26,96,95,11,123,73,29"/><T80/><D117/><U57/><E119/><V89/><F105/><W109/><G118/><T48/><D122/><U20/><E110/><V21/><F35/><W75/><G109/><T1/><D1/><U7/><E36/><V74/><F112/><W0/><G113/><T12/><D32/><U8/><E126/><V107/><F107/><W83/><G70/><T60/><D134/><U66/><E86/><V16/><F135/><W42/><G42/><T125/><D125/><U120/><E120/><V68/><F124/><W127/><G123/><T44/><REACH who="0" step="1"/><D101/><REACH who="0" ten="504,144,247,95" step="2"/><U2/><E2/><V51/><F68/><W65/><G0/><T25/><D25/><U45/><E100/><V5/><F24/><W88/><G127/><T64/><D64/><U18/><E66/><V121/><F121/><W102/><G65/><T38/><D38/><U87/><E130/><V27/><F27/><W69/><G128/><T94/><D94/><U56/><E131/><V108/><F108/><W52/><G26/><T90/><D90/><U13/><E104/><V4/><F89/><W37/><G37/><T19/><D19/><U132/><E132/><V77/><F16/><W34/><G34/><T99/><D99/><U71/><E18/><V103/><F103/><W76/><G29/><T23/><AGARI ba="3,1" hai="12,17,23,41,44,48,58,60,67,80,85,91,114,115" machi="23" ten="30,6000,0" yaku="1,1,0,1,52,1,53,0" doraHai="9" doraHaiUra="133" who="0" fromWho="0" sc="504,79,144,-23,247,-23,95,-23" /><INIT seed="4,4,0,2,2,28" ten="583,121,224,72" oya="0" hai0="79,39,69,31,19,67,1,32,78,0,36,30,97" hai1="71,89,68,5,126,11,15,129,53,100,121,113,12" hai2="70,23,75,27,61,88,117,91,35,82,41,17,20" hai3="29,13,130,33,112,104,57,42,94,7,101,26,59"/><T55/><D55/><U123/><E126/><V119/><F35/><W102/><G112/><T72/><D19/><U16/><E129/><V106/><F106/><W34/><G130/><T84/><D84/><U56/><E100/><V86/><F75/><W64/><G42/><T14/><D14/><U60/><E113/><V77/><F41/><W133/><G104/><T6/><D67/><U48/><E89/><V18/><F70/><W21/><G133/><T8/><D8/><U40/><E68/><V46/><F46/><W73/><G73/><T2/><D69/><U51/><E51/><V103/><F103/><W45/><G45/><T62/><D0/><U124/><E124/><V135/><F61/><N who="3" m="37935" /><G59/><T80/><D72/><U54/><E40/><V85/><F135/><W131/><G102/><T49/><D79/><U105/><E105/><V22/><F77/><W83/><G83/><T128/><D97/><U90/><E90/><V25/><REACH who="2" step="1"/><F22/><REACH who="2" ten="583,121,214,72" step="2"/><W114/><G131/><T125/><D128/><U43/><E43/><V96/><F96/><N who="3" m="59543" /><G114/><T122/><D125/><U95/><E71/><V44/><F44/><W127/><G127/><T76/><D76/><U58/><REACH who="1" step="1"/><E95/><AGARI ba="4,1" hai="17,18,20,23,25,27,82,85,86,88,91,95,117,119" machi="95" ten="40,5200,0" yaku="1,1,9,1,54,1,53,0" doraHai="28" doraHaiUra="4" who="2" fromWho="1" sc="583,0,121,-64,214,74,72,0" /><INIT seed="5,0,0,4,3,25" ten="583,57,288,72" oya="1" hai0="48,54,90,78,134,114,29,13,85,92,40,15,53" hai1="50,21,108,26,120,75,104,69,9,88,61,116,72" hai2="62,112,97,6,77,126,0,133,8,64,42,16,76" hai3="111,66,109,34,98,43,2,123,52,115,35,11,3"/><U47/><E116/><V135/><F126/><W131/><G66/><T89/><D78/><U93/><E120/><V105/><F42/><W59/><G43/><T87/><D114/><U19/><E104/><V20/><F112/><W4/><G115/><T121/><D134/><N who="2" m="51210" /><F97/><W60/><G123/><T44/><D29/><U110/><E9/><V27/><F105/><W84/><G2/><T12/><D121/><U124/><E124/><V99/><F99/><W55/><G131/><T82/><AGARI ba="0,0" hai="12,13,15,40,44,48,53,54,82,85,87,89,90,92" machi="82" ten="30,2000,0" yaku="0,1,8,1" doraHai="25" who="0" fromWho="0" sc="583,20,57,-10,288,-5,72,-5" /><INIT seed="6,0,0,4,5,27" ten="603,47,283,67" oya="2" hai0="90,94,85,20,51,72,16,60,123,74,119,75,87" hai1="86,118,29,38,63,19,81,49,124,102,111,8,122" hai2="30,28,117,70,73,107,131,77,120,44,62,108,93" hai3="25,127,57,121,113,92,15,83,67,54,53,82,132"/><V31/><F120/><W133/><G121/><T12/><D119/><U95/><E122/><V100/><F117/><W99/><G127/><T105/><D105/><U24/><E118/><V129/><F107/><W103/><G15/><N who="0" m="9247" /><D51/><U3/><E38/><V104/><F104/><W14/><G14/><T109/><D87/><U106/><E111/><V50/><F108/><W26/><G67/><T43/><D43/><U71/><E124/><V88/><F100/><W47/><G47/><T6/><D85/><U116/><E116/><V34/><F34/><W80/><G113/><T128/><D90/><U1/><E49/><V10/><F10/><W134/><REACH who="3" step="1"/><G57/><REACH who="3" ten="603,47,283,57" step="2"/><T91/><D12/><U9/><E1/><V17/><F70/><W58/><G58/><T22/><D109/><U46/><E46/><V37/><F44/><W126/><G126/><T89/><D6/><U33/><E3/><V48/><F129/><W42/><G42/><T36/><D128/><U112/><E112/><V66/><F131/><W68/><G68/><T13/><D13/><U11/><E11/><V35/><F66/><W40/><G40/><T78/><D36/><U115/><E115/><V61/><F37/><W135/><N who="3" m="33792" /><DORA hai="65" /><W98/><G98/><T56/><D56/><U114/><E114/><V76/><F48/><W101/><G101/><T84/><D123/><U39/><E39/><V55/><F50/><W5/><G5/><T69/><D69/><U41/><E41/><V2/><F2/><W23/><G23/><T21/><D22/><U7/><E7/><V0/><F0/><W45/><G45/><RYUUKYOKU ba="0,1" sc="603,-10,47,-10,283,-10,57,30" hai3="25,26,53,54,80,82,83,92,99,103" /><INIT seed="7,1,1,4,1,38" ten="593,37,273,87" oya="3" hai0="105,29,97,21,26,25,112,131,134,16,27,2,130" hai1="59,83,120,65,41,45,14,113,109,135,0,93,94" hai2="53,46,128,85,79,60,73,10,24,102,11,124,20" hai3="90,99,50,42,13,106,118,132,22,12,8,48,80"/><W9/><G118/><T122/><D97/><U72/><E120/><V100/><F73/><W54/><G132/><T101/><D101/><N who="2" m="39018" /><F128/><W28/><G106/><T1/><D105/><U40/><E109/><V52/><F124/><W116/><G116/><T78/><D78/><U34/><E0/><V75/><F75/><W84/><G99/><T115/><D122/><U91/><E34/><V32/><F32/><W81/><G28/><T103/><D103/><U43/><E135/><V49/><F79/><W121/><G121/><T77/><D77/><U125/><E125/><V88/><F53/><W3/><G3/><T74/><D74/><U82/><E72/><V71/><F60/><W6/><G22/><T62/><D62/><N who="1" m="38111" /><E113/><V69/><F71/><W108/><G108/><T70/><D21/><U30/><E30/><N who="2" m="17671" /><F69/><W33/><G33/><T117/><D27/><U129/><E129/><V98/><F98/><W96/><G96/><T111/><D16/><U110/><E110/><V7/><F7/><W5/><G54/><T92/><D92/><AGARI ba="1,1" hai="10,11,46,49,52,85,88,92" m="17671,39018" machi="92" ten="30,3900,0" yaku="8,1,54,2" doraHai="38" who="2" fromWho="0" sc="593,-42,37,0,273,52,87,0" owari="551,65.1,37,-46.3,325,12.5,87,-31.3" /></mjloggm>