<mjloggm ver="2.3"><GO type="169" lobby="0"/><UN n0="%44%75%64%65" n1="%4A%4F%4A%4F%31%39%38%35" n2="%41%4C%50%45%52%49%4E" n3="%E3%81%8B%E3%81%A5%E3%81%8D%EF%BC%B8%EF%BC%A9" dan="16,16,16,18" rate="2081.81,2090.41,2114.86,2183.21" sx="M,M,M,M"/><TAIKYOKU oya="0"/><INIT seed="0,0,0,3,3,39" ten="250,250,250,250" oya="0" hai0="102,45,89,13,109,115,129,42,133,31,24,85,5" hai1="43,99,50,94,0,53,124,88,123,62,111,118,74" hai2="113,44,15,40,68,6,17,126,38,108,27,52,105" hai3="117,2,57,64,69,106,41,54,71,135,61,65,100"/><T59/><D115/><U60/><E118/><V103/><F113/><W78/><G2/><T81/><D129/><U63/><E123/><V28/><F68/><W121/><G100/><T87/><D133/><U29/><E0/><V83/><F108/><W76/><G106/><T120/><D120/><U16/><E111/><V55/><F126/><W10/><G121/><T25/><D109/><U34/><E124/><V110/><F6/><W3/><G117/><T9/><D102/><U4/><E74/><V77/><F110/><W56/><G135/><T90/><D59/><U73/><E73/><V122/><F122/><W80/><G78/><T32/><D32/><U86/><E4/><V70/><F70/><W107/><G107/><T47/><D31/><U49/><E34/><V134/><F134/><W36/><G64/><T48/><REACH who="0" step="1"/><D47/><REACH who="0" ten="240,250,250,250" step="2"/><N who="1" m="25855" /><E29/><V26/><F103/><W35/><G35/><T104/><D104/><U119/><E119/><V96/><F105/><W1/><G57/><T19/><D19/><U98/><E16/><V116/><F28/><W125/><G125/><T84/><D84/><U20/><E20/><V30/><F116/><W46/><G71/><T22/><D22/><U82/><E94/><AGARI ba="0,1" hai="5,9,13,24,25,42,45,48,81,85,87,89,90,94" machi="94" ten="30,11600,0" yaku="1,1,7,1,8,1,52,1,53,0" doraHai="39" doraHaiUra="33" who="0" fromWho="1" sc="240,126,250,-116,250,0,250,0" /><INIT seed="0,1,0,5,4,95" ten="366,134,250,250" oya="0" hai0="11,63,99,103,113,88,19,85,17,112,69,46,3" hai1="48,15,94,57,93,45,110,39,127,14,20,102,0" hai2="40,133,22,42,123,60,134,61,31,41,125,117,62" hai3="118,122,56,13,114,8,50,29,49,28,71,52,47"/><T21/><D46/><U131/><E0/><V23/><F123/><W10/><G71/><T74/><D74/><U84/><E110/><V68/><F68/><W116/><G114/><T98/><D69/><U51/><E127/><V64/><F64/><W81/><G122/><T83/><D63/><U129/><E39/><V111/><F31/><W34/><G10/><T37/><D37/><U16/><E84/><V24/><F24/><W43/><G34/><T101/><D113/><U73/><E73/><V77/><F77/><W70/><G70/><T53/><D53/><N who="1" m="31911" /><E102/><N who="0" m="38921" /><D3/><U55/><E14/><V132/><F111/><W44/><G44/><T72/><D72/><U36/><E36/><V115/><F115/><W109/><G109/><T5/><D5/><U106/><E106/><V78/><F78/><W86/><G118/><T59/><D59/><U90/><E90/><V58/><F58/><W4/><REACH who="3" step="1"/><G116/><REACH who="3" ten="366,134,250,240" step="2"/><T80/><D112/><U67/><E67/><V108/><F108/><W30/><G30/><T18/><D11/><U120/><E120/><V104/><F117/><W1/><G1/><T97/><D80/><U107/><E107/><V121/><F104/><W38/><G38/><T66/><D66/><U27/><E129/><V2/><F2/><W32/><G32/><T91/><D91/><AGARI ba="1,1" hai="4,8,13,28,29,43,47,49,50,52,56,81,86,91" machi="91" ten="30,7700,0" yaku="1,1,7,1,8,1,54,1,53,0" doraHai="95" doraHaiUra="92" who="3" fromWho="0" sc="366,-80,134,0,250,0,240,90" /><INIT seed="1,0,0,3,2,107" ten="286,134,250,330" oya="1" hai0="78,118,6,65,5,131,71,34,127,56,72,87,89" hai1="100,134,57,62,63,14,18,106,3,81,36,75,92" hai2="82,113,74,70,77,120,4,84,123,9,66,101,22" hai3="27,128,15,43,115,50,117,23,68,88,90,38,85"/><U94/><E134/><V59/><F113/><W111/><G68/><T30/><D118/><U110/><E36/><V91/><F70/><W73/><G38/><T122/><D71/><U13/><E3/><V51/><F101/><W11/><G111/><T96/><D131/><U76/><E110/><V98/><F98/><W132/><G132/><T93/><D127/><U26/><E106/><V41/><F22/><W109/><G109/><T116/><D116/><U103/><E26/><V97/><F97/><W25/><G73/><T29/><D72/><U10/><E63/><V67/><F67/><W53/><G43/><T1/><D122/><U24/><E24/><V104/><F104/><W28/><G25/><T80/><D34/><U40/><E40/><V19/><F19/><W46/><G115/><T32/><D32/><U112/><E112/><V130/><F130/><W135/><G135/><T31/><REACH who="0" step="1"/><D1/><REACH who="0" ten="276,134,250,330" step="2"/><U64/><REACH who="1" step="1"/><E13/><REACH who="1" ten="276,124,250,330" step="2"/><V83/><F123/><W95/><G128/><T108/><D108/><U121/><E121/><V16/><F120/><W60/><G117/><T99/><D99/><U69/><E69/><V119/><F119/><W39/><G39/><T55/><D55/><U54/><E54/><V105/><F41/><W102/><G53/><T48/><D48/><U20/><E20/><V44/><F51/><W7/><G50/><T42/><D42/><U21/><E21/><V125/><F66/><W2/><G23/><T114/><D114/><U126/><E126/><V47/><F125/><W17/><G2/><T124/><D124/><U8/><E8/><V49/><F9/><RYUUKYOKU ba="0,2" sc="276,15,124,15,250,-15,330,-15" hai0="5,6,29,30,31,56,65,78,80,87,89,93,96" hai1="10,14,18,57,62,64,75,76,81,92,94,100,103" /><INIT seed="1,1,2,4,0,63" ten="291,139,235,315" oya="1" hai0="40,94,65,53,113,55,96,129,5,36,69,105,93" hai1="127,106,25,67,45,116,124,60,90,70,82,133,81" hai2="108,84,78,100,17,110,131,66,121,118,77,0,54" hai3="41,28,12,98,50,49,92,130,62,29,64,109,3"/><U88/><E116/><V43/><F118/><W104/><G3/><T134/><D113/><U61/><E106/><V47/><F0/><W31/><G104/><T89/><D129/><U26/><E45/><V48/><F121/><W95/><G109/><N who="2" m="42089" /><F131/><W87/><G130/><T35/><D35/><U23/><E133/><V125/><F125/><N who="1" m="48201" /><E26/><V33/><F33/><W74/><G74/><T91/><D105/><U107/><E107/><V24/><F100/><W103/><G41/><T7/><D134/><U10/><E10/><V51/><F84/><W112/><G12/><T85/><D40/><U102/><E102/><V99/><F99/><W120/><G112/><T76/><D36/><U80/><E60/><V135/><F135/><W126/><G120/><T46/><D46/><U73/><E73/><V119/><F119/><W11/><G11/><T37/><D37/><U44/><E44/><N who="2" m="28007" /><F24/><W27/><G126/><T18/><D96/><U38/><E38/><V14/><F66/><W59/><G27/><T30/><D85/><U115/><E115/><V8/><AGARI ba="1,2" hai="8,14,17,43,47,48,77,78" m="28007,42089" machi="8" ten="30,1100,0" yaku="14,1" doraHai="63" who="2" fromWho="2" sc="291,-4,139,-6,235,34,315,-4" /><INIT seed="2,0,0,4,4,93" ten="287,133,269,311" oya="2" hai0="92,105,36,39,40,2,0,1,134,88,5,44,67" hai1="11,78,71,107,113,62,30,81,99,117,119,72,128" hai2="61,126,103,85,111,34,74,60,58,96,6,55,98" hai3="33,42,23,79,47,4,19,80,16,104,7,57,108"/><V131/><F74/><W48/><G104/><T54/><D105/><U17/><E113/><V127/><F34/><W95/><G108/><T110/><D110/><U69/><E128/><V31/><F111/><W18/><G33/><T70/><D134/><U121/><E121/><V75/><F75/><W91/><G57/><T15/><D54/><U129/><E129/><V124/><F31/><W51/><G51/><T24/><D24/><U53/><E30/><V109/><F131/><W77/><G77/><T22/><D39/><U76/><E76/><V73/><F109/><W118/><G118/><T100/><D100/><U50/><E17/><V68/><F73/><W114/><G114/><T27/><D15/><U63/><E11/><V94/><F6/><W38/><G38/><T56/><D70/><U9/><E9/><V65/><F103/><W123/><G123/><T112/><D112/><U10/><E10/><V46/><F46/><W90/><G90/><AGARI ba="0,0" hai="55,58,60,61,65,68,85,90,94,96,98,124,126,127" machi="90" ten="40,7700,0" yaku="18,1,52,2" doraHai="93" who="2" fromWho="3" sc="287,0,133,0,269,77,311,-77" /><INIT seed="2,1,0,3,0,18" ten="287,133,346,234" oya="2" hai0="38,114,51,63,108,23,36,52,43,82,109,20,28" hai1="77,2,39,134,124,48,83,123,13,84,59,105,100" hai2="53,49,25,69,107,103,125,116,73,22,118,101,33" hai3="15,26,60,71,72,54,135,117,46,89,45,96,76"/><V55/><F73/><W64/><G117/><T85/><D114/><U37/><E2/><V133/><F69/><W4/><G135/><T129/><D129/><U74/><E134/><V79/><F133/><W92/><G76/><T120/><D120/><U32/><E32/><V110/><F79/><W62/><G72/><T90/><D63/><U17/><E124/><V10/><F33/><W19/><G4/><T122/><D122/><U8/><E123/><V95/><F107/><W3/><G3/><T68/><D68/><U93/><E59/><V104/><F104/><W50/><G15/><T1/><D1/><U121/><E48/><V34/><F34/><W12/><G26/><T94/><D28/><U119/><E119/><V41/><F125/><W97/><G62/><T58/><D82/><U131/><E131/><V128/><F128/><W126/><G126/><T29/><D29/><U0/><E0/><V91/><F10/><W87/><REACH who="3" step="1"/><G46/><REACH who="3" ten="287,133,346,224" step="2"/><T47/><REACH who="0" step="1"/><D38/><REACH who="0" ten="277,133,346,224" step="2"/><U35/><E121/><V130/><F116/><W81/><G81/><T98/><D98/><N who="1" m="61591" /><E35/><V11/><F118/><W111/><G111/><AGARI ba="1,2" hai="20,23,36,43,47,51,52,58,85,90,94,108,109,111" machi="111" ten="40,8000,1" yaku="1,1,14,1,52,2,54,1,53,0" doraHai="18" doraHaiUra="30" who="0" fromWho="3" sc="277,103,133,0,346,0,224,-83" /><INIT seed="3,0,0,1,4,7" ten="380,133,346,141" oya="3" hai0="9,38,102,10,1,52,106,46,128,19,31,41,15" hai1="66,108,123,26,95,109,83,121,30,107,103,113,117" hai2="37,90,53,24,77,70,28,79,40,33,2,125,48" hai3="44,73,134,50,89,57,116,23,49,32,114,63,97"/><W65/><G32/><T39/><D128/><U98/><E66/><V60/><F125/><W29/><G73/><T127/><D127/><U72/><E30/><V130/><F130/><W68/><G114/><T86/><D31/><U35/><E35/><V22/><F2/><W135/><G116/><T56/><D39/><U67/><E67/><V20/><F37/><W76/><G76/><T84/><D102/><U4/><E26/><V34/><F40/><W45/><G68/><T110/><D106/><U21/><E21/><V124/><F124/><W131/><G131/><T87/><D110/><N who="1" m="42603" /><E4/><V12/><F60/><W43/><G23/><T82/><D1/><U129/><E129/><V47/><F70/><W58/><G29/><T133/><D133/><N who="3" m="50697" /><G97/><T59/><D59/><U75/><E113/><V25/><F34/><W111/><G89/><T88/><D9/><U71/><E71/><V100/><F90/><W13/><G13/><T14/><D14/><U80/><E117/><V94/><F12/><W78/><G78/><T85/><D84/><U17/><E17/><N who="2" m="12303" /><F33/><W27/><G27/><T42/><D42/><U91/><E72/><V54/><F54/><N who="3" m="29999" /><G111/><T81/><D82/><N who="1" m="31275" /><E75/><V11/><F28/><W74/><G74/><T0/><D0/><U120/><E91/><V61/><F25/><W104/><G58/><T8/><D8/><U62/><E62/><AGARI ba="0,0" hai="10,15,19,38,41,46,52,56,62,81,85,86,87,88" machi="62" ten="30,7700,0" yaku="7,1,52,1,54,2" doraHai="7" who="0" fromWho="1" sc="380,77,133,-77,346,0,141,0" /><INIT seed="4,0,0,4,0,103" ten="457,56,346,141" oya="0" hai0="17,48,65,87,76,16,14,62,92,120,91,46,131" hai1="30,36,50,2,67,8,57,38,54,29,74,95,90" hai2="94,119,113,47,19,123,77,15,118,42,59,9,58" hai3="21,22,25,102,101,88,75,89,24,1,66,49,112"/><T100/><D131/><U53/><E74/><V132/><F123/><W39/><G1/><T44/><D120/><U10/><E67/><V63/><F113/><W64/><G75/><T69/><D76/><U107/><E107/><V61/><F132/><W115/><REACH who="3" step="1"/><G49/><REACH who="3" ten="457,56,346,131" step="2"/><T11/><D100/><U23/><E36/><AGARI ba="0,1" hai="21,22,24,25,36,39,64,66,88,89,101,102,112,115" machi="36" ten="25,8000,1" yaku="1,1,2,1,22,2,54,1,53,0" doraHai="103" doraHaiUra="127" who="3" fromWho="1" sc="457,0,56,-80,346,0,131,90" owari="457,55.7,-24,-52.4,346,14.6,221,-17.9" /></mjloggm>