<mjloggm ver="2.3"><GO type="169" lobby="0"/><UN n0="%74%61%6B%65%33" n1="%74%6F%72%69%30%36%31%32" n2="%74%61%6B%65%2D%79%6F%75" n3="%E8%82%89%E5%9B%A3%E5%AD%90%E5%85%88%E7%94%9F" dan="17,16,16,16" rate="2213.04,2164.83,2138.70,2081.64" sx="M,M,M,M"/><TAIKYOKU oya="0"/><INIT seed="0,0,0,0,4,18" ten="250,250,250,250" oya="0" hai0="28,112,7,12,13,25,54,110,52,45,90,15,61" hai1="114,98,41,48,74,73,75,102,118,113,43,29,40" hai2="70,0,56,32,101,131,126,106,17,59,47,91,31" hai3="92,97,23,87,130,127,68,50,104,115,27,100,14"/><T44/><D112/><N who="1" m="43115" /><E29/><V103/><F0/><W128/><G127/><T93/><D7/><U58/><E118/><V72/><F72/><W76/><G115/><T46/><D61/><U99/><E102/><V132/><F131/><W135/><G68/><T22/><REACH who="0" step="1"/><D110/><REACH who="0" ten="240,250,250,250" step="2"/><U81/><E81/><V2/><F126/><W10/><G130/><T57/><D57/><U66/><E48/><V39/><F56/><W120/><G50/><T121/><D121/><U1/><E1/><V133/><F59/><W55/><G120/><T108/><D108/><U16/><E58/><V30/><F2/><W11/><G128/><T49/><D49/><U80/><E80/><V117/><F133/><W36/><G135/><T124/><D124/><U51/><E51/><V64/><F132/><W53/><G36/><T84/><AGARI ba="0,1" hai="12,13,15,22,25,28,44,45,46,52,54,84,90,93" machi="84" ten="30,12000,1" yaku="1,1,0,1,8,1,52,1,54,1,53,0" doraHai="18" doraHaiUra="129" who="0" fromWho="0" sc="240,130,250,-40,250,-40,250,-40" /><INIT seed="0,1,0,4,3,125" ten="370,210,210,210" oya="0" hai0="59,118,53,134,102,3,135,2,133,51,121,111,57" hai1="37,38,8,19,103,131,39,7,22,1,65,93,16" hai2="97,35,66,15,115,23,78,27,119,0,74,63,54" hai3="56,6,117,40,99,90,44,24,49,52,85,14,72"/><T83/><D118/><U84/><E65/><V21/><F115/><W9/><G72/><T18/><D121/><U69/><E69/><V95/><F0/><W70/><G70/><T32/><D32/><U130/><E84/><V77/><F119/><W47/><G117/><T48/><D102/><U116/><E116/><V43/><F43/><W46/><G99/><T75/><D111/><U41/><E41/><V104/><F104/><W105/><G24/><T36/><D36/><U31/><E31/><V92/><F35/><W60/><REACH who="3" step="1"/><G105/><REACH who="3" ten="370,210,210,200" step="2"/><T25/><D75/><U89/><E103/><V82/><F97/><W112/><G112/><T10/><D25/><U114/><E114/><V67/><F27/><W106/><G106/><T107/><D107/><U108/><E108/><V55/><F74/><W127/><G127/><T86/><D86/><N who="1" m="52407" /><E22/><V58/><F21/><W17/><G17/><T13/><D83/><AGARI ba="1,1" hai="6,9,14,40,44,46,47,49,52,56,60,83,85,90" machi="83" ten="30,7700,0" yaku="1,1,7,1,8,1,54,1,53,0" doraHai="125" doraHaiUra="110" who="3" fromWho="0" sc="370,-80,210,0,210,0,200,90" /><INIT seed="1,0,0,2,1,3" ten="290,210,210,290" oya="1" hai0="36,16,7,46,13,76,15,6,70,92,96,115,113" hai1="67,44,41,132,34,29,104,35,57,4,60,68,43" hai2="14,128,131,33,114,50,110,122,72,24,124,91,130" hai3="107,85,21,103,111,108,27,26,78,5,23,30,127"/><U38/><E132/><V118/><F118/><W129/><G107/><T66/><D76/><U101/><E43/><V25/><F122/><W134/><G103/><T19/><D36/><U120/><E120/><V17/><F72/><W106/><G106/><T12/><D70/><U28/><E28/><N who="2" m="19591" /><F50/><W31/><G134/><T69/><D69/><U42/><E42/><V116/><F91/><W98/><G98/><T117/><D117/><U40/><E40/><V82/><F82/><W39/><G39/><T83/><D66/><U61/><E29/><V121/><F116/><W123/><G123/><T71/><D71/><U53/><E101/><V10/><F121/><W105/><G105/><T63/><D46/><U65/><E104/><V97/><F97/><W37/><G37/><T54/><D83/><U56/><E4/><N who="0" m="1577" /><D115/><U79/><E79/><V9/><F114/><W59/><G78/><T18/><D113/><U119/><REACH who="1" step="1"/><E119/><REACH who="1" ten="290,200,210,290" step="2"/><V90/><F130/><W55/><G129/><T47/><D19/><U75/><E75/><V94/><F131/><W125/><G31/><T8/><D18/><U112/><E112/><V20/><F128/><W64/><G30/><T133/><D133/><U45/><E45/><V22/><F17/><W58/><G27/><T81/><D47/><U48/><AGARI ba="0,1" hai="34,35,38,41,44,48,53,56,57,60,61,65,67,68" machi="48" ten="20,12000,1" yaku="1,1,0,1,7,1,24,2,53,0" doraHai="3" doraHaiUra="135" who="1" fromWho="1" sc="290,-40,200,130,210,-40,290,-40" /><INIT seed="1,1,0,5,0,64" ten="250,330,170,250" oya="1" hai0="29,46,56,103,83,2,52,97,107,134,22,131,40" hai1="99,38,104,111,81,109,116,119,10,34,86,118,127" hai2="101,44,126,19,43,23,15,12,1,21,7,110,75" hai3="100,49,14,17,51,91,124,123,113,125,25,69,24"/><U129/><E34/><V8/><F110/><N who="1" m="41993" /><E38/><V128/><F128/><W76/><G123/><T133/><D131/><U59/><E129/><V28/><F126/><W94/><G76/><T13/><D2/><U18/><E59/><V33/><F101/><W6/><G100/><T3/><D3/><U61/><E61/><V87/><F75/><W74/><G74/><T84/><D29/><U130/><E130/><V72/><F72/><W70/><G6/><T90/><D22/><U31/><E31/><V26/><F87/><W11/><G113/><T53/><D13/><N who="1" m="7479" /><E127/><N who="3" m="48714" /><G49/><T35/><D35/><U122/><E122/><V58/><F58/><W0/><G51/><T106/><D106/><U115/><E115/><V135/><F135/><N who="0" m="51722" /><D56/><U95/><E104/><V45/><F43/><W92/><G0/><T48/><AGARI ba="1,0" hai="40,46,48,52,53,83,84,90,97,103,107" m="51722" machi="48" ten="30,2000,0" yaku="20,1,54,1" doraHai="64" who="0" fromWho="0" sc="250,23,330,-11,170,-6,250,-6" /><INIT seed="2,0,0,2,1,10" ten="273,319,164,244" oya="2" hai0="8,9,19,28,40,62,120,85,17,90,39,106,74" hai1="100,25,1,38,3,82,11,134,129,98,95,126,112" hai2="124,22,99,101,42,43,45,49,113,73,50,83,109" hai3="66,56,88,86,77,135,70,5,0,13,92,116,31"/><V127/><F113/><W59/><G116/><T69/><D74/><U105/><E38/><V104/><F109/><W119/><G0/><T72/><D72/><U46/><E46/><V41/><F22/><W29/><G119/><T53/><D106/><U2/><E126/><N who="2" m="48171" /><F50/><W57/><G77/><AGARI ba="0,0" hai="41,42,43,45,49,73,77,83,99,101,104" m="48171" machi="77" ten="30,1500,0" yaku="18,1" doraHai="10" who="2" fromWho="3" sc="273,0,319,0,164,15,244,-15" /><INIT seed="2,1,0,0,0,70" ten="273,319,179,229" oya="2" hai0="57,131,121,87,120,9,17,53,2,124,8,47,110" hai1="36,128,19,89,107,99,90,46,82,112,10,41,94" hai2="97,106,16,119,31,56,43,62,55,12,32,73,78" hai3="72,100,101,28,24,86,22,103,40,63,33,68,109"/><V66/><F119/><W134/><G109/><T77/><D110/><U80/><E112/><V35/><F73/><W93/><G72/><T71/><D71/><U14/><E128/><V76/><F43/><W130/><G134/><T38/><D131/><U81/><REACH who="1" step="1"/><E107/><REACH who="1" ten="273,309,179,229" step="2"/><V122/><F122/><W27/><G130/><T0/><D121/><U75/><E75/><V74/><F74/><W132/><G132/><T64/><D120/><U5/><E5/><V37/><F106/><W91/><G103/><AGARI ba="1,1" hai="10,14,19,36,41,46,80,81,82,89,90,94,99,103" machi="103" ten="40,2600,0" yaku="1,1,52,1,53,0" doraHai="70" doraHaiUra="61" who="1" fromWho="3" sc="273,0,309,39,179,0,229,-29" /><INIT seed="3,0,0,3,0,115" ten="273,348,179,200" oya="3" hai0="7,90,23,98,68,122,38,69,80,95,87,125,73" hai1="74,21,117,12,72,111,81,31,103,119,1,107,42" hai2="70,24,133,83,53,135,8,114,93,129,88,99,118" hai3="112,40,0,27,91,123,32,2,84,9,104,78,44"/><W22/><G112/><T51/><D38/><U134/><E111/><V101/><F114/><W86/><G123/><T106/><D125/><U132/><E1/><V71/><F129/><W92/><G104/><T17/><D7/><U46/><E103/><V97/><F53/><W85/><G32/><T108/><D108/><U127/><E107/><V13/><F24/><W75/><G75/><N who="1" m="28714" /><E81/><V128/><F128/><W47/><G47/><T28/><D28/><U10/><E21/><V67/><F83/><W62/><G62/><T59/><D122/><U82/><E82/><V5/><F118/><N who="1" m="45065" /><E31/><V63/><REACH who="2" step="1"/><F71/><REACH who="2" ten="273,348,169,200" step="2"/><W94/><G78/><T54/><D73/><U41/><E127/><V20/><F20/><W33/><G22/><T113/><D113/><U35/><E35/><V55/><F55/><W16/><G33/><T49/><D69/><U65/><E65/><V37/><F37/><W29/><G29/><T61/><D68/><U89/><E42/><V66/><F66/><W124/><G40/><T26/><REACH who="0" step="1"/><D106/><AGARI ba="0,1" hai="5,8,13,63,67,70,88,93,97,99,101,106,133,135" machi="106" ten="40,2600,0" yaku="1,1,54,1,53,0" doraHai="115" doraHaiUra="116" who="2" fromWho="0" sc="273,-26,348,0,169,36,200,0" /><INIT seed="4,0,0,5,0,127" ten="247,348,205,200" oya="0" hai0="3,54,12,71,81,88,23,19,92,86,2,49,73" hai1="134,68,128,65,45,118,53,74,124,18,66,1,96" hai2="93,48,117,7,132,34,89,47,116,15,126,135,60" hai3="103,70,46,125,113,4,5,115,17,38,123,44,64"/><T98/><D71/><U33/><E18/><V101/><F34/><W95/><G125/><T61/><D73/><U110/><E96/><V55/><F101/><W41/><G46/><T114/><D114/><N who="3" m="43529" /><G17/><T27/><D61/><U57/><E33/><V37/><F37/><W51/><G51/><T36/><D36/><U20/><E1/><V28/><F28/><W107/><G107/><T30/><D49/><N who="1" m="30895" /><E20/><V97/><F60/><N who="3" m="40199" /><G123/><T109/><D109/><U62/><E66/><V67/><F67/><W106/><G106/><T80/><D54/><U26/><E45/><V9/><REACH who="2" step="1"/><F126/><REACH who="2" ten="247,348,195,200" step="2"/><W102/><G102/><T87/><D80/><U90/><E62/><V82/><F82/><W84/><G103/><T108/><D108/><U77/><E65/><V78/><F78/><W6/><G95/><T11/><REACH who="0" step="1"/><D87/><AGARI ba="0,1" hai="4,5,6,38,41,44,84,87" m="40199,43529" machi="87" ten="30,1000,0" yaku="15,1" doraHai="127" who="3" fromWho="0" sc="247,-10,348,0,195,0,200,20" /><INIT seed="5,0,0,2,2,14" ten="237,348,195,220" oya="1" hai0="100,41,85,61,67,50,4,102,13,49,17,20,64" hai1="92,89,121,94,55,97,95,114,88,123,122,23,128" hai2="47,75,66,22,82,65,130,34,129,84,104,38,91" hai3="73,6,44,11,45,37,116,74,0,40,98,9,131"/><U72/><E114/><V127/><F34/><W76/><G131/><N who="2" m="50185" /><F104/><W77/><G116/><T63/><D4/><U15/><E72/><V118/><F118/><W81/><G98/><T56/><D85/><U16/><E128/><V124/><F75/><W27/><G45/><T51/><REACH who="0" step="1"/><D41/><REACH who="0" ten="227,348,195,220" step="2"/><U99/><E55/><V69/><F127/><W79/><G74/><T35/><D35/><U83/><E83/><V132/><F124/><W18/><G9/><T53/><D53/><U134/><E134/><V12/><F132/><W21/><AGARI ba="0,1" hai="0,6,11,18,21,27,37,40,44,73,76,77,79,81" machi="21" ten="30,7900,0" yaku="0,1,25,2,52,1" doraHai="14" who="3" fromWho="3" sc="227,-20,348,-39,195,-20,220,89" /><INIT seed="6,0,0,3,1,125" ten="207,309,175,309" oya="2" hai0="92,52,42,55,70,51,128,68,15,4,2,130,80" hai1="65,82,72,69,49,63,36,13,11,126,99,45,56" hai2="16,26,110,96,33,117,12,58,111,113,94,91,129" hai3="105,54,77,25,83,73,8,81,88,115,120,38,122"/><V78/><F117/><W41/><G105/><T100/><D2/><U89/><E126/><V6/><F113/><W103/><G103/><T74/><D42/><U97/><E36/><V20/><F78/><W59/><G115/><T108/><D108/><N who="2" m="41514" /><F58/><W30/><G41/><T109/><D109/><U57/><E57/><V112/><F112/><W21/><G38/><T17/><D4/><N who="1" m="3303" /><E69/><V93/><F93/><W19/><G8/><T22/><D74/><U50/><E50/><V28/><F6/><W133/><G30/><T1/><D1/><U24/><E72/><V101/><F101/><W90/><G133/><T107/><D107/><U116/><E116/><V87/><F87/><W37/><G37/><T84/><D92/><U123/><E123/><V64/><F64/><W127/><G127/><T104/><D104/><U47/><E47/><V71/><F71/><W9/><G81/><T60/><D100/><U23/><E89/><V0/><F0/><W61/><G90/><N who="0" m="51463" /><D60/><U46/><E46/><V85/><F85/><W119/><G119/><T18/><D18/><N who="1" m="12407" /><E82/><V34/><F33/><W86/><G73/><T98/><D98/><U44/><E44/><V48/><F48/><W118/><G118/><T131/><D55/><AGARI ba="0,0" hai="45,49,55,56,63,65,97,99" m="12407,3303" machi="55" ten="30,1000,0" yaku="8,1" doraHai="125" who="1" fromWho="0" sc="207,-10,309,10,175,0,309,0" /><INIT seed="7,0,0,0,4,129" ten="197,319,175,309" oya="3" hai0="51,91,49,92,3,12,6,130,10,97,60,55,107" hai1="15,57,5,74,20,34,46,23,42,65,28,48,31" hai2="59,76,37,50,82,124,39,68,105,83,2,22,17" hai3="125,73,58,94,0,132,62,118,110,135,126,111,61"/><W102/><G73/><T71/><D130/><U4/><E74/><V89/><F68/><W114/><G114/><T54/><D107/><U16/><E34/><V52/><F2/><W25/><G118/><T104/><D104/><U8/><E23/><V99/><F124/><N who="3" m="47723" /><G0/><T127/><D127/><U69/><E69/><V121/><F121/><W90/><G102/><T79/><D79/><U47/><E47/><V41/><F105/><W117/><G25/><T75/><D75/><U93/><E93/><V96/><F76/><W24/><G24/><T64/><D3/><U119/><E119/><V38/><F41/><W13/><G13/><T63/><D63/><N who="3" m="24073" /><G58/><T66/><D66/><U80/><E57/><V36/><N who="2" m="9216" /><DORA hai="45" /><V98/><REACH who="2" step="1"/><F89/><REACH who="2" ten="197,319,165,309" step="2"/><W32/><G117/><T29/><REACH who="0" step="1"/><D29/><REACH who="0" ten="187,319,165,309" step="2"/><U123/><E31/><V113/><F113/><W106/><G106/><T77/><D77/><U87/><E123/><V56/><F56/><W26/><G110/><T18/><D18/><U9/><E28/><V72/><F72/><W85/><G111/><T134/><D134/><U7/><E65/><V44/><F44/><W131/><G131/><T109/><D109/><U27/><E16/><V100/><F100/><W133/><G133/><T101/><D101/><U108/><E108/><V11/><F11/><W21/><G32/><T103/><D103/><U86/><E9/><V116/><F116/><W84/><G135/><T43/><D43/><U1/><E1/><V30/><F30/><N who="3" m="17743" /><G132/><T33/><D33/><U14/><E8/><V78/><F78/><W122/><G122/><T112/><D112/><RYUUKYOKU ba="0,2" sc="187,10,319,-30,165,10,309,10" hai0="6,10,12,49,51,54,55,60,64,71,91,92,97" hai2="17,22,50,52,59,82,83,96,98,99" hai3="84,85,90,94" owari="197,-20.3,289,8.9,175,-32.5,339,43.9" /></mjloggm>