<mjloggm ver="2.3"><GO type="169" lobby="0"/><UN n0="%E3%81%9F%E3%81%8B%E3%81%AF%E3%81%97%E3%81%83%E3%81%83%E3%81%83" n1="%56%69%76%79" n2="%E6%88%91%E5%8F%AF%E4%BB%A5" n3="%E6%9C%A8%E5%8E%9F%E8%B1%AA%E4%B8%80" dan="16,16,16,17" rate="2124.08,2111.38,2104.35,2142.42" sx="M,F,M,M"/><TAIKYOKU oya="0"/><INIT seed="0,0,0,2,0,106" ten="250,250,250,250" oya="0" hai0="62,115,14,125,48,52,58,54,6,93,110,53,55" hai1="131,12,3,85,8,37,49,100,82,18,27,1,103" hai2="76,84,9,96,117,124,47,83,107,43,109,46,129" hai3="10,92,32,135,33,94,38,16,36,64,15,72,29"/><T121/><D115/><U127/><E37/><V90/><F109/><W73/><G64/><T22/><D121/><U41/><E127/><V44/><F124/><W66/><G66/><T86/><D125/><U112/><E131/><V101/><F129/><W89/><G29/><T133/><D133/><U19/><E112/><V17/><F117/><W68/><G68/><T45/><D110/><U67/><E67/><V98/><F98/><W63/><G63/><T23/><D6/><U13/><E27/><V119/><F119/><W34/><G135/><T2/><D2/><U102/><E49/><V87/><F9/><W74/><REACH who="3" step="1"/><G92/><REACH who="3" ten="250,250,250,240" step="2"/><T11/><D62/><U108/><E108/><V30/><F30/><W118/><G118/><T57/><D57/><U79/><REACH who="1" step="1"/><E41/><REACH who="1" ten="250,240,250,240" step="2"/><V39/><REACH who="2" step="1"/><F17/><REACH who="2" ten="250,240,240,240" step="2"/><W120/><G120/><T114/><D114/><U81/><E81/><AGARI ba="0,3" hai="39,43,44,46,47,76,81,83,84,87,90,96,101,107" machi="81" ten="30,3900,0" yaku="1,1,2,1,7,1,53,0" doraHai="106" doraHaiUra="122" who="2" fromWho="1" sc="250,0,240,-39,240,69,240,0" /><INIT seed="1,0,0,2,2,11" ten="250,201,309,240" oya="1" hai0="18,38,101,126,108,87,112,134,91,46,64,125,132" hai1="4,74,68,66,26,53,57,7,33,2,59,120,122" hai2="29,70,47,97,109,117,28,75,12,124,17,119,103" hai3="35,49,34,32,107,130,133,116,43,56,115,67,24"/><U81/><E68/><V37/><F75/><W44/><G115/><T98/><D64/><U104/><E104/><V100/><F70/><W121/><G121/><T114/><D18/><U84/><E74/><V79/><F79/><W129/><G107/><N who="0" m="63927" /><D46/><U50/><E33/><V73/><F73/><W15/><G133/><N who="0" m="51307" /><D38/><U10/><E26/><V131/><F100/><W1/><G1/><T9/><D9/><U16/><E7/><V83/><F83/><W54/><G67/><T21/><D21/><U113/><E113/><N who="0" m="43625" /><D108/><U6/><E6/><V13/><F109/><W82/><G15/><T8/><D8/><U94/><E16/><V90/><F47/><W118/><G24/><T71/><D71/><U3/><E3/><V86/><F37/><W30/><G30/><T62/><D62/><U0/><E0/><V58/><F12/><W25/><G25/><T69/><D69/><U40/><E66/><V123/><F13/><W85/><G44/><T89/><D87/><U77/><E59/><V61/><F17/><W92/><G43/><T93/><D93/><U63/><E94/><V110/><F110/><W72/><G92/><T99/><D99/><U41/><E41/><V27/><F27/><W14/><G14/><T65/><D65/><U135/><E135/><V36/><F58/><W39/><G39/><T76/><D76/><U45/><AGARI ba="0,0" hai="2,4,10,40,45,50,53,57,63,77,81,84,120,122" machi="45" ten="30,1500,0" yaku="0,1" doraHai="11" who="1" fromWho="1" sc="250,-5,201,15,309,-5,240,-5" /><INIT seed="1,1,0,0,5,2" ten="245,216,304,235" oya="1" hai0="16,22,35,112,42,121,117,106,40,58,41,36,33" hai1="24,98,107,135,4,110,31,67,76,81,79,99,66" hai2="54,96,30,49,61,63,90,64,3,14,132,34,47" hai3="119,71,45,95,32,37,133,83,104,29,11,60,48"/><U74/><E135/><V9/><F3/><W65/><G104/><T128/><D112/><U113/><E113/><V27/><F132/><W21/><G133/><T84/><D117/><U38/><E38/><V5/><REACH who="2" step="1"/><F64/><REACH who="2" ten="245,216,294,235" step="2"/><W124/><G65/><T105/><D121/><U100/><E67/><V57/><F57/><W111/><G119/><T115/><D58/><U88/><E66/><V126/><F126/><W82/><G124/><T50/><D115/><U85/><E110/><V17/><F17/><W125/><G111/><T70/><D16/><U62/><E4/><V6/><F6/><W87/><G125/><T75/><D70/><U19/><E19/><V103/><F103/><W10/><G71/><T94/><D105/><U51/><E107/><V120/><F120/><W13/><G29/><T127/><D106/><U108/><E108/><V59/><F59/><W89/><G32/><T68/><D35/><U23/><E100/><V72/><F72/><W55/><G95/><AGARI ba="1,1" hai="5,9,14,27,30,34,47,49,54,61,63,90,95,96" machi="95" ten="40,2600,0" yaku="1,1,52,1,53,0" doraHai="2" doraHaiUra="69" who="2" fromWho="3" sc="245,0,216,0,294,39,235,-29" /><INIT seed="2,0,0,2,3,18" ten="245,216,333,206" oya="2" hai0="16,96,107,75,29,53,84,135,77,21,128,40,50" hai1="130,60,44,127,34,59,4,61,11,124,71,68,80" hai2="3,22,106,81,52,110,118,24,47,63,0,103,35" hai3="91,57,112,122,132,123,32,86,19,99,45,121,38"/><V87/><F118/><W73/><G32/><T131/><D75/><U97/><E34/><V120/><F35/><W13/><G73/><T133/><D29/><U62/><E59/><V30/><F120/><W23/><G132/><N who="0" m="50763" /><D40/><U7/><E80/><V5/><F5/><W48/><G112/><T12/><D84/><U76/><E76/><V70/><F110/><W55/><G99/><T102/><D77/><U28/><E28/><V41/><F103/><W83/><REACH who="3" step="1"/><G38/><REACH who="3" ten="245,216,333,196" step="2"/><T51/><D51/><U37/><E97/><V72/><F72/><W15/><G15/><T114/><D114/><U64/><E37/><V9/><F3/><W119/><G119/><T46/><AGARI ba="0,1" hai="12,16,21,46,50,53,96,102,107,128,131" m="50763" machi="46" ten="30,4000,0" yaku="20,1,52,1,54,1" doraHai="18" who="0" fromWho="0" sc="245,50,216,-10,333,-20,196,-10" /><INIT seed="3,0,0,4,5,25" ten="295,206,313,186" oya="3" hai0="41,34,126,30,45,0,49,47,36,64,70,85,66" hai1="116,6,10,19,60,101,86,130,125,42,46,109,61" hai2="38,52,75,71,123,95,21,106,4,92,84,110,108" hai3="98,32,9,81,82,7,133,56,1,2,18,5,50"/><W88/><G133/><T89/><D0/><U44/><E109/><V83/><F123/><W74/><G32/><T12/><D126/><U69/><E125/><V16/><F75/><W124/><G124/><T13/><D13/><U68/><E130/><V113/><F106/><W11/><G74/><T135/><D135/><U23/><E101/><V77/><F113/><W93/><REACH who="3" step="1"/><G18/><REACH who="3" ten="295,206,313,176" step="2"/><T128/><D34/><U26/><E19/><V24/><F16/><W53/><AGARI ba="0,1" hai="1,2,5,7,9,11,50,53,56,81,82,88,93,98" machi="53" ten="30,12000,1" yaku="1,1,2,1,0,1,9,1,54,1,53,0" doraHai="25" doraHaiUra="131" who="3" fromWho="3" sc="295,-40,206,-40,313,-40,176,130" /><INIT seed="3,1,0,5,3,49" ten="255,166,273,306" oya="3" hai0="11,2,23,0,17,38,5,97,10,80,113,118,4" hai1="85,79,95,47,92,117,44,27,33,115,133,20,71" hai2="74,66,106,110,46,100,65,108,26,14,61,42,98" hai3="75,130,57,121,32,104,12,127,126,82,54,111,55"/><W15/><G121/><T72/><D118/><U96/><E115/><V6/><F74/><W73/><G104/><T125/><D113/><U91/><E133/><V86/><F26/><W135/><G135/><T68/><D68/><U84/><E71/><V39/><F86/><W81/><G32/><T112/><D112/><U87/><E33/><V119/><F119/><W93/><G93/><T16/><D38/><U53/><E117/><V77/><F77/><W90/><G90/><T132/><D132/><U37/><E37/><V8/><REACH who="2" step="1"/><F61/><REACH who="2" ten="255,166,263,306" step="2"/><W102/><G73/><T101/><D125/><U41/><E79/><V76/><F76/><W19/><G75/><T94/><D72/><U122/><E122/><V109/><AGARI ba="1,1" hai="6,8,14,39,42,46,65,66,98,100,106,108,109,110" machi="109" ten="30,4000,0" yaku="1,1,0,1,14,1,53,0" doraHai="49" doraHaiUra="58" who="2" fromWho="2" sc="255,-11,166,-11,263,53,306,-21" /><INIT seed="4,0,0,0,4,117" ten="244,155,316,285" oya="0" hai0="8,114,126,89,56,42,93,6,36,75,133,30,118" hai1="7,28,111,83,123,33,38,35,0,15,99,125,69" hai2="124,88,135,26,24,77,47,78,116,80,40,21,91" hai3="59,121,3,128,73,68,62,37,65,9,103,66,86"/><T63/><D118/><U96/><E111/><V20/><F124/><W64/><G73/><T79/><D126/><U104/><E125/><V102/><F102/><W34/><G34/><T48/><D114/><U60/><E38/><V71/><F71/><W49/><G103/><T25/><D133/><U115/><E99/><V131/><F131/><W19/><G3/><T5/><D36/><U27/><E115/><V45/><F116/><W51/><G9/><T130/><D130/><U67/><E83/><V14/><F14/><W46/><G19/><T1/><D6/><U57/><E15/><V90/><F135/><W22/><G22/><N who="2" m="8809" /><F80/><W11/><G11/><T50/><D79/><N who="2" m="30218" /><F40/><W98/><G98/><T53/><D42/><U10/><E57/><V95/><F95/><W12/><G12/><T70/><D70/><U23/><E23/><V55/><F55/><W120/><G86/><T74/><D75/><U18/><E18/><V58/><F58/><W17/><G17/><T54/><D54/><U105/><E35/><V85/><F85/><W84/><G84/><T41/><D41/><U132/><E132/><V100/><F100/><W112/><G128/><T43/><D43/><U113/><E113/><V97/><F97/><W29/><G112/><T119/><D119/><U129/><E129/><V44/><AGARI ba="0,0" hai="24,26,44,45,47,88,90,91" m="30218,8809" machi="44" ten="40,8000,1" yaku="28,2,8,1,54,1" doraHai="117" who="2" fromWho="2" sc="244,-40,155,-20,316,80,285,-20" /><INIT seed="5,0,0,3,1,103" ten="204,135,396,265" oya="1" hai0="45,19,50,64,31,2,107,56,76,0,70,3,114" hai1="5,1,7,80,112,100,121,116,39,15,133,123,41" hai2="98,124,4,10,71,44,128,30,27,35,17,6,91" hai3="11,120,94,14,84,23,85,29,129,79,65,68,77"/><U89/><E116/><V111/><F71/><W54/><G68/><T66/><D70/><U122/><E100/><V20/><F44/><W13/><G120/><T21/><D114/><U92/><E80/><V73/><F73/><W131/><G65/><T26/><D107/><U106/><E106/><V63/><F63/><W105/><G105/><T16/><D76/><U24/><E133/><V97/><F91/><W110/><G110/><T36/><D36/><U62/><E112/><V115/><F97/><W95/><G54/><T69/><D69/><U113/><E113/><V102/><F124/><W117/><G23/><T52/><D64/><U118/><E118/><V51/><F51/><W9/><REACH who="3" step="1"/><G29/><REACH who="3" ten="204,135,396,255" step="2"/><T127/><D127/><U49/><E121/><V46/><F20/><W90/><G90/><T33/><D21/><U12/><E89/><V101/><F30/><W74/><G74/><T81/><D81/><U22/><E122/><V55/><F101/><W109/><G109/><T126/><D126/><U87/><E123/><V28/><F28/><W135/><G135/><T78/><D78/><U104/><E104/><V59/><F102/><W99/><G99/><T48/><REACH who="0" step="1"/><D66/><REACH who="0" ten="194,135,396,255" step="2"/><U60/><E22/><V134/><F115/><W58/><G58/><T37/><D37/><U96/><E39/><V8/><F59/><W25/><G25/><T53/><AGARI ba="0,2" hai="0,2,3,16,19,26,31,33,45,48,50,52,53,56" machi="53" ten="40,8000,1" yaku="1,1,0,1,54,2,53,1" doraHai="103" doraHaiUra="43" who="0" fromWho="0" sc="194,100,135,-40,396,-20,255,-20" /><INIT seed="6,0,0,2,4,93" ten="294,95,376,235" oya="2" hai0="76,25,26,114,38,101,104,21,62,46,124,2,106" hai1="87,127,121,34,88,99,92,57,49,66,44,113,45" hai2="118,12,98,86,84,120,135,9,60,64,81,14,91" hai3="61,111,109,130,105,75,28,31,68,102,58,116,73"/><V18/><F118/><W112/><G116/><T41/><D2/><U40/><E113/><V71/><F135/><W74/><G68/><T3/><D3/><U70/><E127/><V126/><F126/><W85/><G85/><T51/><D114/><U24/><E121/><V107/><F120/><W16/><G112/><T80/><D124/><U110/><E110/><V95/><F107/><W131/><G102/><T20/><D62/><U67/><E70/><V29/><F29/><N who="3" m="11339" /><G16/><T96/><D104/><U119/><E119/><V122/><F122/><W129/><G105/><T125/><D125/><U23/><E34/><V17/><REACH who="2" step="1"/><F81/><REACH who="2" ten="294,95,366,235" step="2"/><W50/><G111/><T94/><D106/><U30/><E45/><V42/><F42/><W63/><G109/><T27/><REACH who="0" step="1"/><D38/><REACH who="0" ten="284,95,366,235" step="2"/><U54/><REACH who="1" step="1"/><E87/><AGARI ba="0,2" hai="20,21,25,26,27,41,46,51,76,80,87,94,96,101" machi="87" ten="40,8000,1" yaku="1,1,2,1,8,1,52,1,53,0" doraHai="93" doraHaiUra="10" who="0" fromWho="1" sc="284,100,95,-80,366,0,235,0" /><INIT seed="7,0,0,3,2,24" ten="384,15,366,235" oya="3" hai0="73,63,57,3,103,59,108,122,114,7,14,129,34" hai1="8,97,92,44,88,39,83,65,70,124,91,69,1" hai2="21,55,130,99,64,106,74,84,27,41,86,23,132" hai3="98,113,96,102,105,50,66,93,134,109,16,61,85"/><W5/><G113/><T0/><D122/><U120/><E120/><V12/><F74/><W11/><G134/><T110/><D73/><U25/><E124/><V117/><F117/><W48/><G109/><T62/><D34/><U49/><E65/><V17/><F132/><W56/><G85/><T72/><D72/><U37/><E37/><V51/><F41/><W36/><G36/><T78/><D78/><U133/><E133/><V15/><F130/><W107/><G107/><T33/><D33/><U128/><E39/><V116/><F64/><W104/><G104/><T121/><D121/><U80/><E128/><V112/><F116/><W42/><G42/><T4/><D14/><U94/><E70/><V35/><F35/><W47/><G47/><T46/><D129/><U43/><E69/><V19/><F112/><W31/><G31/><T101/><D46/><U10/><E1/><V75/><F75/><W127/><G127/><T95/><D95/><U118/><E118/><V89/><F27/><W111/><G111/><T67/><D67/><U131/><E131/><V20/><F20/><W77/><G77/><T9/><D9/><U30/><E83/><V82/><F84/><W125/><G125/><T68/><D68/><U115/><E80/><V54/><REACH who="2" step="1"/><F51/><REACH who="2" ten="384,15,356,235" step="2"/><W60/><G60/><T81/><D114/><U22/><REACH who="1" step="1"/><E115/><REACH who="1" ten="384,5,356,235" step="2"/><V90/><F90/><W40/><G66/><T135/><D135/><U52/><E52/><V18/><F18/><W53/><G16/><T38/><D38/><U13/><E13/><V2/><F2/><N who="3" m="439" /><G40/><T29/><D29/><U79/><E79/><RYUUKYOKU ba="0,2" sc="384,0,5,0,356,0,235,0" hai0="0,3,4,7,57,59,62,63,81,101,103,108,110" hai1="8,10,22,25,30,43,44,49,88,91,92,94,97" hai2="12,15,17,19,21,23,54,55,82,86,89,99,106" hai3="48,50,53,56,61,93,96,98,102,105" /><INIT seed="7,1,2,0,5,47" ten="384,5,356,235" oya="3" hai0="55,31,82,9,19,92,87,33,67,0,37,56,84" hai1="89,73,32,74,24,2,90,57,16,101,42,58,36" hai2="63,121,71,133,106,65,41,12,13,30,100,3,115" hai3="104,109,114,64,127,99,94,26,118,129,130,124,70"/><W22/><G70/><T88/><D37/><U38/><E2/><V45/><F3/><W131/><G64/><T110/><D110/><U103/><E42/><V91/><F115/><W8/><G104/><T98/><D67/><U69/><E69/><V96/><F133/><W72/><G72/><T119/><D119/><U123/><E24/><V120/><F91/><W23/><G118/><T125/><D125/><N who="3" m="48201" /><G94/><T17/><D31/><U35/><E123/><N who="2" m="47179" /><F30/><N who="3" m="17751" /><G99/><T46/><D33/><U85/><E85/><V25/><F25/><W107/><G107/><T128/><D128/><U54/><E74/><V49/><AGARI ba="1,2" hai="12,13,41,45,49,63,65,71,96,100,106" m="47179" machi="49" ten="30,2000,0" yaku="13,1,52,1" doraHai="47" who="2" fromWho="2" sc="384,-6,5,-6,356,43,235,-11" owari="378,17.8,-1,-50.1,399,49.9,224,-17.6" /></mjloggm>