<mjloggm ver="2.3"><GO type="169" lobby="0"/><UN n0="%68%69%73%61%74%6F%E6%A3%92" n1="%E3%81%BD%E3%81%A3%E3%81%91%E3%81%95%E3%82%93" n2="%E3%81%8B%E3%81%A5%E3%81%8D%EF%BC%B8%EF%BC%A9" n3="%E6%84%9B%E5%AA%9B%E7%9C%8C%E7%94%A3%E3%81%BF%E3%81%8B%E3%82%93" dan="16,16,18,16" rate="2076.62,2108.63,2166.65,2149.07" sx="M,M,M,F"/><TAIKYOKU oya="0"/><INIT seed="0,0,0,0,2,63" ten="250,250,250,250" oya="0" hai0="133,83,131,71,13,34,59,27,122,62,75,76,86" hai1="56,47,115,74,2,85,67,52,84,93,107,30,91" hai2="123,110,81,116,97,121,6,64,134,42,73,127,25" hai3="114,37,109,129,89,51,106,65,118,99,48,4,1"/><T104/><D122/><U12/><E2/><V82/><F6/><W92/><G114/><T10/><D104/><U20/><E74/><V33/><F42/><W90/><G118/><T35/><D133/><U14/><E107/><V3/><F3/><W70/><G109/><T21/><D75/><U58/><E115/><V50/><F50/><W39/><G129/><T18/><D71/><U16/><E30/><V88/><F110/><W36/><G106/><T57/><D57/><U11/><E84/><V28/><F134/><W44/><G90/><T15/><D15/><U19/><E67/><V120/><F116/><W87/><G87/><T72/><D131/><U49/><AGARI ba="0,0" hai="11,12,14,16,19,20,47,49,52,56,58,85,91,93" machi="49" ten="30,7900,0" yaku="0,1,8,1,54,2" doraHai="63" who="1" fromWho="1" sc="250,-39,250,79,250,-20,250,-20" /><INIT seed="1,0,0,3,2,70" ten="211,329,230,230" oya="1" hai0="67,39,135,57,75,74,76,37,127,134,88,62,93" hai1="106,128,8,69,58,3,45,20,31,11,18,30,107" hai2="92,61,47,56,68,87,105,54,100,98,86,33,83" hai3="10,78,41,114,119,38,131,29,110,130,2,79,103"/><U72/><E69/><V102/><F33/><W40/><G114/><T7/><D7/><U66/><E72/><V113/><F113/><W21/><G110/><T116/><D116/><U64/><E45/><V65/><F102/><W42/><G119/><T60/><D127/><U104/><E128/><N who="3" m="49194" /><G103/><T28/><D28/><U46/><E46/><V15/><F105/><W48/><G48/><T81/><D62/><U34/><E34/><V52/><F87/><W118/><G118/><T16/><D16/><U22/><E107/><V96/><F96/><W111/><G111/><T32/><D32/><U49/><E49/><V23/><F68/><W12/><G2/><T25/><D25/><U6/><E58/><V43/><F15/><W122/><G122/><T121/><D75/><U55/><E18/><V71/><F23/><W125/><G125/><T97/><REACH who="0" step="1"/><D121/><REACH who="0" ten="201,329,230,230" step="2"/><U90/><E6/><V123/><F123/><W13/><G29/><T59/><D59/><U84/><E30/><V91/><REACH who="2" step="1"/><F71/><REACH who="2" ten="201,329,220,230" step="2"/><W95/><G13/><T53/><D53/><U133/><E55/><V82/><F82/><W36/><G21/><T51/><D51/><AGARI ba="0,2" hai="43,47,51,52,54,56,61,65,83,86,91,92,98,100" machi="51" ten="30,7700,0" yaku="1,1,7,1,8,1,54,1,53,0" doraHai="70" doraHaiUra="35" who="2" fromWho="0" sc="201,-77,329,0,220,97,230,0" /><INIT seed="2,0,0,3,0,9" ten="124,329,317,230" oya="2" hai0="87,89,71,61,36,98,52,81,28,128,63,59,34" hai1="127,96,80,12,107,6,29,54,24,57,118,106,1" hai2="114,62,14,51,88,112,76,2,60,48,100,124,16" hai3="75,77,42,94,49,30,72,68,40,117,32,126,91"/><V104/><F2/><W73/><G117/><T97/><D36/><U13/><E118/><V55/><F124/><W23/><G68/><T69/><D128/><U135/><E127/><V82/><F51/><W108/><G126/><T101/><D69/><U111/><E111/><V99/><F114/><W121/><G121/><T113/><D113/><U65/><E65/><V103/><F100/><W64/><G32/><T109/><D109/><U70/><E70/><V31/><F31/><W4/><G77/><T122/><D122/><U18/><E18/><V3/><F3/><W85/><G64/><T33/><D71/><U93/><E80/><V17/><F17/><W102/><G102/><T67/><D67/><U134/><E6/><V26/><F26/><W79/><G79/><T21/><D63/><U116/><E1/><V20/><F112/><W130/><G130/><T86/><D97/><U105/><E116/><V35/><F35/><W39/><G39/><T115/><D86/><U66/><E66/><V120/><F120/><W125/><G125/><T50/><D61/><N who="1" m="36023" /><E24/><V0/><F0/><W131/><G131/><T90/><D115/><U46/><E46/><V47/><REACH who="2" step="1"/><F88/><REACH who="2" ten="124,329,307,230" step="2"/><W53/><G4/><T83/><D89/><N who="1" m="55343" /><E29/><V8/><F8/><W25/><REACH who="3" step="1"/><G108/><REACH who="3" ten="124,329,307,220" step="2"/><T84/><D33/><U41/><E41/><V19/><F19/><W38/><G38/><T78/><D34/><U15/><E135/><V133/><F133/><W129/><G129/><T119/><D119/><U43/><E134/><V45/><F45/><AGARI ba="0,2" hai="23,25,30,40,42,45,49,53,72,73,75,85,91,94" machi="45" ten="40,1300,0" yaku="1,1,53,0" doraHai="9" doraHaiUra="123" who="3" fromWho="2" sc="124,0,329,0,307,-13,220,33" /><INIT seed="3,0,0,2,5,127" ten="124,329,294,253" oya="3" hai0="62,93,32,119,11,112,0,53,85,36,38,75,3" hai1="9,12,84,79,87,114,24,65,61,92,123,28,20" hai2="63,60,103,71,67,120,133,54,132,39,64,49,47" hai3="33,94,25,126,18,44,6,70,14,89,69,48,101"/><W74/><G126/><T10/><D32/><U83/><E114/><V21/><F21/><W134/><G134/><N who="2" m="51817" /><F103/><W59/><G74/><T98/><D75/><U118/><E118/><V128/><F39/><W90/><G101/><T80/><D112/><U27/><E27/><V46/><F120/><W108/><G108/><T113/><D38/><U56/><E123/><V77/><F77/><W51/><G6/><T2/><D36/><U130/><E130/><V96/><F96/><W97/><G90/><T68/><D113/><U99/><E83/><V115/><F115/><W1/><G1/><T117/><D93/><U29/><E29/><V57/><F46/><W129/><G129/><AGARI ba="0,0" hai="47,49,54,57,60,63,64,67,71,128,129" m="51817" machi="129" ten="30,8000,1" yaku="20,1,34,2,52,2" doraHai="127" who="2" fromWho="3" sc="124,0,329,0,294,80,253,-80" /><INIT seed="4,0,0,3,3,114" ten="124,329,374,173" oya="0" hai0="38,21,43,109,62,73,80,12,79,105,125,74,32" hai1="27,94,70,124,102,46,67,78,85,3,92,61,0" hai2="37,86,60,20,65,120,39,123,66,26,134,99,98" hai3="131,14,48,68,81,51,9,36,127,23,128,11,45"/><T54/><D32/><U31/><E124/><V63/><F86/><W49/><G68/><T107/><D125/><U76/><E76/><V25/><REACH who="2" step="1"/><F20/><REACH who="2" ten="124,329,364,173" step="2"/><W83/><G23/><T64/><D74/><U118/><E85/><V50/><F50/><W91/><G49/><T8/><D21/><U7/><E78/><V2/><F2/><W90/><G127/><T75/><D75/><U17/><E3/><V18/><F18/><W117/><G36/><T53/><D109/><U119/><E17/><V19/><F19/><W6/><G45/><T87/><D73/><U57/><E46/><V82/><F82/><W103/><G51/><T44/><D105/><U110/><E110/><V77/><F77/><W71/><G48/><T111/><D107/><U97/><E94/><V40/><F40/><W28/><G83/><T104/><D104/><U106/><E106/><V33/><F33/><W52/><G81/><T15/><D111/><U58/><E0/><V35/><F35/><W22/><G22/><T84/><D87/><U72/><E72/><V1/><F1/><W34/><G34/><T101/><D15/><U129/><E92/><V41/><F41/><W88/><G14/><T24/><D24/><U29/><E27/><V30/><F30/><W121/><G28/><T69/><D101/><U16/><E102/><V56/><F56/><W95/><G103/><T130/><REACH who="0" step="1"/><D130/><REACH who="0" ten="114,329,364,173" step="2"/><U5/><E129/><V59/><F59/><W89/><G128/><T100/><D100/><U96/><E58/><V135/><AGARI ba="0,2" hai="25,26,37,39,60,63,65,66,98,99,120,123,134,135" machi="135" ten="25,6400,0" yaku="1,1,0,1,22,2,53,0" doraHai="114" doraHaiUra="132" who="2" fromWho="2" sc="114,-32,329,-16,364,84,173,-16" /><INIT seed="5,0,0,2,5,50" ten="82,313,448,157" oya="1" hai0="48,119,5,98,99,77,91,56,127,100,86,63,82" hai1="73,45,34,12,57,24,116,132,94,44,118,134,10" hai2="1,109,126,13,104,72,115,46,122,131,3,103,33" hai3="83,97,11,110,41,0,78,101,51,39,6,124,123"/><U20/><E73/><V14/><RYUUKYOKU type="yao9" ba="0,0" sc="82,0,313,0,448,0,157,0" hai2="1,3,13,14,33,46,72,103,104,109,115,122,126,131" /><INIT seed="5,1,0,4,5,68" ten="82,313,448,157" oya="1" hai0="111,15,80,126,92,131,59,85,40,53,88,95,89" hai1="9,33,116,87,18,102,39,72,31,123,75,122,69" hai2="120,112,32,130,115,73,79,58,35,78,104,82,2" hai3="20,52,113,64,55,124,63,7,0,91,45,97,106"/><U29/><E69/><V19/><F2/><W41/><G113/><N who="2" m="43593" /><F104/><W5/><G124/><T28/><D111/><U98/><E116/><V30/><F130/><W34/><G34/><T66/><D66/><U23/><E87/><V133/><F133/><W81/><G20/><T17/><D131/><U21/><E9/><V90/><F120/><W103/><G91/><T65/><D65/><U70/><E70/><V125/><F125/><W83/><G81/><T100/><D28/><U24/><E33/><N who="2" m="12875" /><F30/><W27/><G27/><T8/><D40/><U117/><E117/><V127/><F127/><W67/><G83/><T86/><D126/><U132/><E132/><V96/><F19/><W44/><G67/><T101/><REACH who="0" step="1"/><D80/><REACH who="0" ten="72,313,448,157" step="2"/><U109/><E109/><V77/><F82/><W42/><G42/><T4/><D4/><U47/><E31/><V105/><F73/><W94/><G7/><T38/><D38/><U36/><E75/><V12/><F79/><W1/><G5/><T107/><D107/><U62/><E72/><V129/><F129/><W51/><G106/><T114/><D114/><U26/><E123/><V22/><F105/><W76/><G76/><T119/><D119/><U93/><E122/><V110/><F78/><W71/><REACH who="3" step="1"/><G55/><REACH who="3" ten="72,313,448,147" step="2"/><T43/><D43/><U135/><E135/><V61/><F77/><W25/><G25/><T14/><D14/><U16/><E29/><V11/><F12/><W118/><G118/><T54/><D54/><U56/><E26/><V13/><F13/><W60/><G60/><AGARI ba="1,2" hai="8,15,17,53,59,60,85,86,88,89,92,95,100,101" machi="60" ten="30,12000,2" yaku="1,1,7,1,9,1,8,1,54,1,53,2" doraHai="68" doraHaiUra="84" who="0" fromWho="3" sc="72,143,313,0,448,0,147,-123" /><INIT seed="6,0,0,0,5,78" ten="215,313,448,24" oya="2" hai0="116,10,47,55,26,88,51,22,74,28,59,25,23" hai1="4,113,50,132,37,122,93,83,19,39,75,58,111" hai2="92,133,124,44,110,56,79,33,89,118,107,71,64" hai3="68,115,105,100,24,112,41,65,53,45,81,69,99"/><V36/><F33/><W77/><G53/><T109/><D74/><U3/><E93/><V103/><F118/><W121/><G121/><T2/><D109/><U82/><E111/><V131/><F110/><W91/><G91/><T12/><D2/><U106/><E75/><V127/><F71/><W1/><G24/><T32/><D32/><U49/><E58/><V17/><F131/><W86/><G1/><T6/><D116/><U128/><E3/><V63/><F133/><W38/><REACH who="3" step="1"/><G65/><REACH who="3" ten="215,313,448,14" step="2"/><T117/><D117/><U129/><E122/><V21/><F64/><W40/><G40/><T67/><D88/><U70/><E128/><V120/><F89/><W94/><G94/><T72/><D67/><U35/><E129/><V54/><F92/><W46/><G46/><T119/><D47/><U43/><E106/><V97/><F44/><W29/><G29/><T130/><D119/><U76/><E43/><V95/><F120/><W102/><G102/><T85/><D130/><U123/><E123/><V104/><F95/><W5/><G5/><T84/><REACH who="0" step="1"/><D72/><REACH who="0" ten="205,313,448,14" step="2"/><U34/><E34/><V134/><F103/><W101/><G101/><T27/><D27/><U7/><E35/><V62/><F107/><W9/><G9/><T114/><D114/><AGARI ba="0,2" hai="38,41,45,68,69,77,81,86,99,100,105,112,114,115" machi="114" ten="40,8000,1" yaku="1,1,15,1,11,1,52,1,53,0" doraHai="78" doraHaiUra="135" who="3" fromWho="0" sc="205,-80,313,0,448,0,14,100" /><INIT seed="7,0,0,4,0,36" ten="125,313,448,114" oya="3" hai0="53,32,34,67,66,30,93,104,129,97,68,79,64" hai1="39,48,103,21,25,51,20,19,124,108,54,118,62" hai2="61,26,133,130,135,123,59,16,23,58,125,45,17" hai3="100,11,95,73,115,71,86,127,80,8,35,46,113"/><W47/><G71/><T89/><D104/><U101/><E108/><V31/><F125/><W85/><G35/><T88/><D79/><U38/><E62/><V13/><F130/><W29/><G29/><T78/><D78/><U4/><E4/><V33/><F123/><W106/><G106/><T0/><D0/><U83/><E83/><V134/><F17/><W114/><G127/><T42/><D68/><U77/><E77/><V40/><F61/><W131/><G73/><T44/><D53/><U94/><E94/><V65/><F65/><W121/><G121/><T112/><D30/><U7/><E7/><V98/><F98/><N who="3" m="59487" /><G131/><T99/><D129/><U120/><E19/><V117/><F117/><W105/><G105/><T9/><D9/><N who="3" m="3657" /><G86/><T132/><D132/><U27/><E124/><V22/><F33/><W41/><G41/><T76/><D112/><N who="3" m="28673" /><W87/><DORA hai="43" /><G87/><T116/><D116/><U96/><E120/><V70/><F70/><W37/><G37/><AGARI ba="0,0" hai="13,16,22,23,26,31,37,40,45,58,59,133,134,135" machi="37" ten="40,8000,1" yaku="20,1,52,2,54,1" doraHai="36,43" who="2" fromWho="3" sc="125,0,313,0,448,80,114,-80" owari="125,-27.5,313,11.3,528,62.8,34,-46.6" /></mjloggm>