<mjloggm ver="2.3"><GO type="169" lobby="0"/><UN n0="%E7%AE%B1%E4%B8%8B%E3%81%AE%E3%82%B1%E3%83%B3%E5%9D%8A" n1="%E3%81%BD%E3%82%93%E3%81%A7%E3%82%89%E3%81%84%E3%81%8A%E3%82%93" n2="%53%4F%49%43%48%49" n3="%37%36%35%2D%37%32" dan="16,16,16,16" rate="2143.19,2165.61,2079.66,2062.37" sx="M,M,M,M"/><TAIKYOKU oya="0"/><INIT seed="0,0,0,4,2,59" ten="250,250,250,250" oya="0" hai0="35,90,58,23,81,99,21,66,79,111,75,95,89" hai1="3,83,65,29,20,24,28,71,91,63,1,33,117" hai2="13,124,114,50,61,54,0,25,102,27,44,14,9" hai3="119,42,120,69,6,101,12,26,34,106,98,57,108"/><T103/><D35/><U15/><E117/><V51/><F114/><W132/><G119/><T74/><D74/><U46/><E46/><V52/><F124/><W85/><G108/><T84/><D111/><U127/><E127/><V10/><F0/><W32/><G132/><T70/><D70/><U11/><E29/><V126/><F126/><W133/><G133/><T100/><D90/><U62/><E33/><V31/><F102/><W76/><G69/><T123/><D123/><U82/><E62/><V48/><F31/><W107/><G107/><T129/><D129/><U39/><E39/><V88/><F88/><W30/><G32/><T94/><REACH who="0" step="1"/><D103/><REACH who="0" ten="240,250,250,250" step="2"/><U43/><E91/><V49/><F44/><W7/><G120/><T87/><D87/><U109/><E109/><V104/><F104/><W86/><G86/><T92/><D92/><U80/><REACH who="1" step="1"/><E43/><REACH who="1" ten="240,240,250,250" step="2"/><V125/><F125/><W110/><G42/><T8/><D8/><U37/><E37/><V116/><F9/><W40/><G40/><T19/><D19/><AGARI ba="0,2" hai="1,3,11,15,19,20,24,28,63,65,71,80,82,83" machi="19" ten="40,2600,0" yaku="1,1,52,1,53,0" doraHai="59" doraHaiUra="105" who="1" fromWho="0" sc="240,-26,240,46,250,0,250,0" /><INIT seed="1,0,0,4,2,98" ten="214,286,250,250" oya="1" hai0="68,44,8,10,62,77,36,134,126,123,95,133,89" hai1="26,100,63,120,108,88,21,124,40,6,111,58,109" hai2="35,24,38,84,2,117,48,45,71,3,32,67,114" hai3="90,129,99,81,50,43,107,70,52,104,102,91,7"/><U15/><E120/><V49/><F117/><W0/><G129/><T34/><D34/><U27/><E124/><V19/><F114/><W72/><G70/><T17/><D77/><U46/><E6/><V92/><F38/><W41/><G107/><T18/><D126/><U54/><E15/><V39/><F39/><W115/><G115/><T96/><D123/><U116/><E116/><V135/><F19/><W55/><G55/><T110/><D110/><U101/><E88/><V103/><F135/><N who="0" m="51722" /><D18/><N who="1" m="12599" /><E27/><V78/><F78/><W118/><G118/><T113/><D113/><U37/><AGARI ba="0,0" hai="37,40,46,54,58,63,100,101,108,109,111" m="12599" machi="37" ten="30,11700,0" yaku="14,1,10,1,52,2" doraHai="98" who="1" fromWho="1" sc="214,-39,286,117,250,-39,250,-39" /><INIT seed="1,1,0,4,2,122" ten="175,403,211,211" oya="1" hai0="128,124,47,67,53,26,49,97,51,91,41,11,59" hai1="69,120,8,56,79,5,45,80,27,89,35,60,0" hai2="42,123,84,132,87,77,71,78,31,102,55,18,6" hai3="1,16,63,64,105,104,68,46,21,101,70,112,9"/><U32/><E120/><V10/><F123/><W38/><G112/><T12/><D128/><U93/><E69/><V82/><F71/><W22/><G70/><T96/><D124/><U103/><E103/><V75/><F132/><W111/><G22/><T3/><D3/><U117/><E117/><V39/><F102/><W23/><G23/><T110/><D67/><U61/><E45/><V90/><F31/><W129/><G129/><T15/><D110/><U40/><E40/><V72/><F55/><W13/><G101/><T109/><D109/><U17/><E60/><V99/><F18/><W65/><G65/><T118/><D118/><U86/><E17/><V130/><F130/><W52/><G111/><T94/><D26/><U113/><E113/><V92/><F77/><W125/><G125/><T25/><D25/><U43/><E43/><V34/><F75/><W19/><G38/><T58/><D58/><U127/><E27/><V121/><F34/><W36/><G36/><T37/><D37/><U62/><E62/><V134/><F134/><W85/><G85/><N who="0" m="52591" /><D15/><U7/><E127/><V74/><F74/><W108/><G108/><T50/><D51/><U54/><REACH who="1" step="1"/><E7/><AGARI ba="1,0" hai="7,11,12,41,47,49,50,53,59,96,97" m="52591" machi="7" ten="30,1000,0" yaku="8,1" doraHai="122" who="0" fromWho="1" sc="175,13,403,-13,211,0,211,0" /><INIT seed="2,0,0,0,2,131" ten="188,390,211,211" oya="2" hai0="11,0,39,102,61,120,58,91,3,25,42,1,16" hai1="103,94,97,44,89,114,98,92,90,119,116,18,62" hai2="35,80,27,134,63,53,95,17,6,20,71,76,8" hai3="86,50,81,113,73,112,110,104,67,31,96,125,46"/><V82/><F35/><W23/><G110/><T55/><D120/><U45/><E114/><V52/><F134/><W117/><G117/><T15/><D102/><U126/><E103/><V77/><F95/><W34/><G125/><T72/><D72/><U99/><E126/><V21/><F21/><W4/><G73/><T49/><D39/><U68/><E99/><V101/><F101/><W133/><G34/><T128/><D128/><U118/><E18/><V108/><F108/><W13/><G67/><AGARI ba="0,0" hai="44,45,62,67,68,89,90,92,94,97,98,116,118,119" machi="67" ten="40,1300,0" yaku="9,1" doraHai="131" who="1" fromWho="3" sc="188,0,390,13,211,0,211,-13" /><INIT seed="3,0,0,3,1,105" ten="188,403,211,198" oya="3" hai0="111,33,43,27,67,8,87,107,122,76,83,106,104" hai1="12,96,48,77,58,95,34,82,42,61,28,117,129" hai2="75,52,4,45,41,112,55,11,51,90,13,37,2" hai3="78,97,88,86,80,98,25,125,65,70,32,49,50"/><W31/><G125/><T6/><D111/><U100/><E129/><V114/><F75/><W85/><G70/><T73/><D67/><U69/><E69/><V16/><F90/><W15/><G65/><T59/><D59/><U18/><E117/><V38/><F38/><W115/><G115/><T135/><D135/><U84/><E28/><V53/><REACH who="2" step="1"/><F37/><REACH who="2" ten="188,403,201,198" step="2"/><W134/><G134/><T103/><D122/><U64/><E77/><V102/><F102/><W124/><G124/><T62/><D103/><U9/><E100/><V116/><F116/><W89/><G78/><T5/><D73/><U56/><E82/><V126/><F126/><W93/><REACH who="3" step="1"/><G15/><REACH who="3" ten="188,403,201,188" step="2"/><T21/><D76/><U72/><E12/><V127/><F127/><W128/><G128/><T29/><D106/><U110/><E110/><V10/><AGARI ba="0,2" hai="2,4,10,11,13,16,41,45,51,52,53,55,112,114" machi="10" ten="30,8000,1" yaku="1,1,0,1,54,2,53,1" doraHai="105" doraHaiUra="3" who="2" fromWho="2" sc="188,-20,403,-20,201,100,188,-40" /><INIT seed="4,0,0,1,2,51" ten="168,383,301,148" oya="0" hai0="64,39,95,118,66,126,28,7,90,13,88,23,32" hai1="103,22,80,134,71,82,73,86,121,89,114,62,17" hai2="124,107,59,96,85,119,68,40,55,52,132,56,12" hai3="29,106,50,135,4,67,116,19,53,127,99,91,15"/><T58/><D118/><U101/><E121/><V125/><F119/><W35/><G116/><T8/><D126/><N who="2" m="48746" /><F68/><W97/><G127/><T77/><D39/><U105/><E134/><V2/><F2/><W16/><G135/><T72/><D32/><U76/><E114/><V98/><F132/><W131/><G131/><T11/><D11/><U57/><E105/><V120/><F120/><W47/><G67/><T36/><D36/><U30/><E30/><V75/><F75/><W45/><G106/><T92/><D77/><U65/><REACH who="1" step="1"/><E71/><REACH who="1" ten="168,373,301,148" step="2"/><V122/><F122/><W10/><G29/><T41/><D28/><U69/><E69/><V70/><F70/><W109/><G35/><T123/><D123/><U94/><E94/><V48/><F107/><W43/><G109/><T104/><D104/><U102/><E102/><V38/><F12/><AGARI ba="0,1" hai="12,17,22,57,62,65,73,76,80,82,86,89,101,103" machi="12" ten="30,2000,0" yaku="1,1,7,1,53,0" doraHai="51" doraHaiUra="3" who="1" fromWho="2" sc="168,0,373,30,301,-20,148,0" /><INIT seed="5,0,0,2,5,94" ten="168,403,281,148" oya="1" hai0="96,40,57,66,108,88,34,60,3,45,71,106,14" hai1="129,105,5,104,29,125,112,107,24,131,85,86,27" hai2="90,80,78,42,72,75,111,52,123,117,22,64,4" hai3="20,69,12,6,63,97,17,119,122,55,77,16,32"/><U100/><E112/><V133/><F111/><W84/><G122/><T99/><D108/><U83/><E125/><V124/><F117/><W39/><G119/><T70/><D3/><U59/><E5/><V76/><F123/><W115/><G115/><T37/><D34/><U1/><E1/><V9/><F124/><W48/><G39/><T15/><D70/><U109/><E109/><V56/><F42/><W114/><G32/><T95/><REACH who="0" step="1"/><D71/><REACH who="0" ten="158,403,281,148" step="2"/><U130/><E131/><V53/><F133/><W21/><G114/><T35/><D35/><U51/><E130/><V25/><F75/><W26/><G69/><T38/><D38/><U103/><E129/><V47/><F72/><W58/><G6/><T116/><D116/><U120/><E120/><V44/><F4/><W82/><REACH who="3" step="1"/><G97/><REACH who="3" ten="158,403,281,138" step="2"/><T41/><D41/><U43/><E43/><V87/><F53/><W36/><G36/><T62/><D62/><AGARI ba="0,2" hai="12,16,17,20,21,26,48,55,58,62,63,77,82,84" machi="62" ten="40,5200,0" yaku="1,1,8,1,54,1,53,0" doraHai="94" doraHaiUra="128" who="3" fromWho="0" sc="158,-52,403,0,281,0,138,72" /><INIT seed="6,0,0,4,4,53" ten="106,403,281,210" oya="2" hai0="68,106,101,32,51,110,73,54,65,105,116,100,11" hai1="71,50,55,96,9,97,58,56,46,18,108,64,67" hai2="78,6,36,25,135,87,117,127,57,111,128,91,52" hai3="14,23,66,107,4,29,89,113,5,95,16,15,70"/><V24/><F117/><W92/><G107/><T69/><D54/><U83/><E108/><V61/><F128/><W130/><G130/><T60/><D51/><U59/><E71/><V62/><F127/><W75/><G75/><T21/><D21/><U20/><E9/><V33/><F135/><W31/><G95/><T49/><D49/><U48/><E83/><V124/><F124/><W26/><G113/><T134/><D11/><U63/><E50/><N who="2" m="30871" /><F36/><W120/><G120/><T126/><D60/><N who="2" m="23146" /><F33/><W35/><G66/><N who="1" m="25130" /><E63/><V37/><F37/><W76/><G70/><T27/><D65/><U3/><E3/><V79/><F6/><W98/><G76/><N who="2" m="29225" /><F111/><W28/><G35/><T39/><D32/><U122/><E122/><V93/><AGARI ba="0,0" hai="24,25,87,91,93" m="29225,23146,30871" machi="93" ten="30,6000,0" yaku="8,1,52,1,54,1" doraHai="53" who="2" fromWho="2" sc="106,-20,403,-20,281,60,210,-20" /><INIT seed="6,1,0,4,2,117" ten="86,383,341,190" oya="2" hai0="42,23,53,31,90,49,60,18,51,62,8,77,96" hai1="67,123,66,38,122,102,44,99,55,100,56,50,78" hai2="15,92,36,48,93,115,24,25,21,135,103,65,126" hai3="39,64,72,12,79,124,47,52,83,104,3,112,59"/><V5/><F36/><W70/><G124/><T118/><D118/><U95/><E78/><V16/><F126/><W125/><G125/><T134/><D134/><U98/><E38/><V2/><F135/><W119/><G119/><T68/><D77/><U41/><E41/><V27/><F115/><W45/><G3/><T57/><D68/><U73/><E73/><V4/><F65/><W94/><G104/><T121/><D121/><N who="1" m="46091" /><E44/><V7/><F2/><W1/><G1/><T110/><D110/><U128/><E128/><V33/><F33/><W29/><G112/><T35/><D35/><U109/><E109/><V19/><F103/><W20/><G39/><T88/><D31/><U28/><E28/><V14/><REACH who="2" step="1"/><F48/><REACH who="2" ten="86,383,331,190" step="2"/><W71/><G64/><T81/><D49/><U58/><E58/><V37/><F37/><W129/><G59/><T11/><D57/><U113/><E113/><V76/><F76/><W114/><G79/><T10/><D51/><U43/><E43/><V105/><F105/><AGARI ba="1,1" hai="50,55,56,66,67,95,98,99,100,102,105" m="46091" machi="105" ten="30,7700,0" yaku="13,1,52,3" doraHai="117" who="1" fromWho="2" sc="86,0,383,90,331,-80,190,0" /><INIT seed="7,0,0,5,0,96" ten="86,473,251,190" oya="3" hai0="77,66,50,1,70,65,71,4,51,57,46,21,89" hai1="93,64,87,104,102,62,33,52,75,60,72,134,98" hai2="78,69,13,84,48,23,118,40,85,95,106,43,107" hai3="7,105,25,34,125,124,11,101,126,74,35,94,38"/><W129/><G129/><T37/><D77/><U113/><E33/><V135/><F69/><N who="0" m="26122" /><D4/><U14/><E14/><V44/><F118/><W73/><G94/><T90/><D21/><U109/><E109/><V121/><F135/><W115/><G115/><T128/><D90/><U61/><E64/><N who="0" m="24681" /><D89/><U0/><E0/><V131/><F131/><W79/><G38/><T123/><D1/><U92/><E87/><V26/><F43/><W29/><G34/><T114/><D128/><U18/><E18/><V56/><F13/><W22/><G79/><T15/><D15/><U45/><E113/><V6/><F6/><W47/><G47/><T127/><D123/><U55/><E134/><V5/><F5/><W80/><G80/><T97/><D97/><U2/><E2/><V100/><F121/><W49/><G49/><N who="0" m="18443" /><D127/><U9/><E9/><V63/><F78/><W20/><G20/><T41/><D114/><U119/><E119/><V86/><F107/><W17/><G17/><T36/><D36/><U132/><E132/><V99/><F106/><W27/><G27/><T111/><D111/><U16/><E16/><N who="2" m="12647" /><F84/><W120/><G22/><T88/><D88/><U28/><E93/><V3/><F3/><N who="3" m="511" /><G120/><T133/><D133/><U68/><E92/><V39/><F39/><W59/><G74/><N who="1" m="28202" /><E68/><V8/><F8/><W10/><G10/><T24/><D24/><U91/><E91/><V82/><F82/><W67/><G73/><T110/><D110/><U116/><E116/><V42/><F95/><W54/><G105/><T108/><D108/><U32/><E45/><V103/><F44/><RYUUKYOKU ba="0,0" sc="86,15,473,15,251,-15,190,-15" hai0="37,41,46,57" hai1="28,32,52,55,60,61,62,98,102,104" owari="101,-39.9,488,58.8,236,3.6,175,-22.5" /></mjloggm>