<mjloggm ver="2.3"><GO type="169" lobby="0"/><UN n0="%E3%82%82%E3%81%A3%E3%81%95" n1="%E3%82%B5%E3%83%96%E3%82%A2%E3%83%A9%E3%83%89" n2="%E3%81%97%E3%81%BE%E3%81%A0%E3%81%BE%32" n3="%E6%A4%9B%E5%8D%97" dan="16,16,16,16" rate="2036.08,2044.45,2123.77,2130.40" sx="M,M,M,F"/><TAIKYOKU oya="0"/><INIT seed="0,0,0,5,4,71" ten="250,250,250,250" oya="0" hai0="12,76,68,14,27,129,11,52,58,100,56,82,121" hai1="87,66,4,72,41,55,19,86,133,17,91,62,0" hai2="132,105,88,24,77,32,50,63,35,103,116,31,102" hai3="53,38,28,2,123,18,46,7,23,49,93,48,109"/><T118/><D118/><U42/><E133/><V29/><F132/><W47/><G109/><T94/><D68/><U112/><E72/><V122/><F122/><W10/><G123/><T127/><D121/><U111/><E111/><V81/><F116/><W25/><G93/><T114/><D114/><U22/><E112/><V104/><F50/><W83/><G83/><T131/><D27/><U26/><E4/><V59/><F31/><W60/><G60/><T16/><D127/><U134/><E0/><V85/><F35/><W119/><G119/><T61/><D100/><U69/><E134/><V115/><F115/><W74/><G74/><T21/><D94/><U67/><E67/><V106/><REACH who="2" step="1"/><F77/><REACH who="2" ten="250,250,240,250" step="2"/><W44/><G48/><T45/><D45/><U70/><E70/><V39/><F39/><W117/><G38/><T54/><D76/><U37/><E37/><V73/><F73/><W3/><G117/><T1/><D1/><U90/><E42/><V120/><F120/><W6/><G28/><T8/><D82/><U125/><E41/><V79/><F79/><W43/><G43/><T51/><REACH who="0" step="1"/><D21/><REACH who="0" ten="240,250,240,250" step="2"/><U30/><E125/><V99/><F99/><W135/><G135/><T84/><D84/><U113/><E113/><V36/><F36/><W80/><G80/><T95/><D95/><U20/><E87/><V75/><F75/><W101/><G47/><T126/><D126/><U40/><E86/><V34/><F34/><W9/><G46/><T13/><D13/><U107/><E22/><V92/><F92/><W98/><G101/><T64/><D64/><AGARI ba="0,2" hai="24,29,32,59,63,64,81,85,88,102,103,104,105,106" machi="64" ten="40,5200,0" yaku="1,1,54,1,53,1" doraHai="71" doraHaiUra="57" who="2" fromWho="0" sc="240,-52,250,0,240,72,250,0" /><INIT seed="1,0,0,4,2,102" ten="188,250,312,250" oya="1" hai0="19,135,75,127,46,55,57,111,60,133,8,107,16" hai1="24,105,83,123,9,69,95,29,32,124,53,5,31" hai2="40,77,110,122,43,51,63,70,104,113,30,42,72" hai3="115,23,121,49,76,68,85,35,116,58,86,114,125"/><U74/><E123/><V128/><F122/><W33/><G121/><T80/><D111/><U126/><E69/><V50/><F30/><W101/><G68/><T71/><D71/><U108/><E31/><V61/><F77/><W26/><G116/><T109/><D109/><U96/><E53/><V3/><F72/><W64/><G125/><N who="1" m="48234" /><E108/><V36/><F3/><W84/><G76/><T98/><D75/><U66/><E66/><V118/><F110/><W27/><G35/><T34/><D34/><U119/><E119/><V94/><F94/><W52/><G64/><T92/><D80/><U103/><E95/><V13/><F13/><W1/><G33/><T41/><D127/><U89/><E89/><V37/><F70/><W134/><G1/><T39/><D8/><U65/><E65/><V62/><F118/><W120/><G27/><T129/><D129/><U11/><E5/><V81/><F81/><W14/><G120/><T0/><D0/><U10/><E83/><V38/><F128/><W4/><G115/><T87/><D87/><U47/><E47/><V78/><F78/><W7/><G86/><T28/><D28/><U93/><E93/><V67/><F67/><W6/><G85/><T100/><D92/><U132/><E74/><V56/><F56/><W73/><G84/><T131/><D131/><U130/><E130/><V91/><F91/><W44/><G73/><T21/><REACH who="0" step="1"/><D19/><REACH who="0" ten="178,250,312,250" step="2"/><U45/><E45/><V82/><F82/><W18/><G44/><T17/><D17/><U88/><E88/><V20/><F113/><W112/><G112/><T106/><D106/><RYUUKYOKU ba="0,1" sc="178,15,250,15,312,-15,250,-15" hai0="16,21,39,41,46,55,57,60,98,100,107,133,135" hai1="9,10,11,24,29,32,96,103,105,132" /><INIT seed="1,1,1,1,2,108" ten="193,265,297,235" oya="1" hai0="52,90,20,84,67,114,46,97,15,110,54,79,49" hai1="55,93,122,116,9,77,61,111,51,1,71,72,104" hai2="28,109,24,35,48,59,124,92,63,132,87,11,66" hai3="106,135,127,44,36,82,96,65,13,33,4,18,38"/><U12/><E122/><V62/><F109/><W130/><G33/><T80/><D110/><U30/><E116/><V126/><F132/><W5/><G135/><T101/><D67/><U22/><E104/><V120/><F120/><W3/><G3/><T42/><D114/><U25/><E1/><V8/><F48/><W123/><G130/><T45/><D79/><U85/><E111/><V41/><F41/><W32/><G32/><T83/><D83/><U57/><E72/><V60/><F87/><W121/><G38/><T100/><D97/><U37/><E37/><V115/><F92/><W117/><G117/><T14/><D14/><U91/><E71/><V53/><F115/><W95/><G106/><T19/><REACH who="0" step="1"/><D54/><REACH who="0" ten="183,265,297,235" step="2"/><U50/><REACH who="1" step="1"/><E77/><REACH who="1" ten="183,255,297,235" step="2"/><V70/><F70/><W119/><G123/><T26/><D26/><U125/><E125/><V76/><F76/><W81/><G127/><T43/><D43/><U40/><E40/><V102/><F124/><W74/><G121/><T21/><D21/><U68/><E68/><V131/><F126/><W34/><G34/><T58/><D58/><U64/><E64/><V107/><F66/><W88/><G119/><T86/><D86/><U47/><E47/><V133/><F133/><W89/><G74/><T129/><D129/><U29/><E29/><V2/><F131/><W94/><G65/><T56/><D56/><U99/><E99/><N who="2" m="61919" /><F2/><W105/><G96/><T27/><D27/><U69/><E69/><V113/><F113/><W75/><G75/><T6/><D6/><AGARI ba="1,3" hai="6,9,12,22,25,30,50,51,55,57,61,85,91,93" machi="6" ten="30,5800,0" yaku="1,1,7,1,8,1,53,0" doraHai="108" doraHaiUra="103" who="1" fromWho="0" sc="183,-61,255,91,297,0,235,0" /><INIT seed="1,2,0,1,1,97" ten="122,346,297,235" oya="1" hai0="29,103,30,84,12,109,36,38,43,2,73,24,90" hai1="117,111,17,39,71,99,13,131,127,21,8,98,40" hai2="16,46,11,133,77,56,114,1,104,89,69,86,53" hai3="51,110,93,18,82,27,101,62,34,106,59,37,68"/><U49/><E117/><V10/><F69/><W28/><G37/><T83/><D2/><U85/><E39/><V20/><F133/><W58/><G110/><T66/><D66/><U9/><E71/><V19/><F114/><W7/><G7/><T120/><D109/><U112/><E112/><V130/><F130/><W41/><G93/><T79/><D29/><U88/><E131/><V81/><F104/><W32/><G32/><T22/><D120/><U126/><E111/><V48/><F1/><W50/><G82/><T92/><D43/><U42/><E42/><V52/><F77/><W102/><G68/><T87/><D87/><U75/><E75/><V115/><F19/><W6/><G6/><T132/><D132/><U124/><E49/><V25/><REACH who="2" step="1"/><F115/><REACH who="2" ten="122,346,287,235" step="2"/><W95/><G106/><T45/><D45/><U122/><E122/><V125/><F125/><W70/><G70/><T107/><D12/><U57/><E127/><V94/><F94/><W96/><G28/><T108/><D108/><U105/><E126/><V80/><F80/><W91/><G95/><T23/><D107/><U33/><E105/><V135/><F135/><W118/><G96/><T55/><D92/><U3/><E99/><V64/><F64/><W14/><G14/><T61/><D83/><U60/><E98/><V47/><F47/><W116/><G116/><T76/><D76/><U15/><E15/><V100/><F100/><W0/><G102/><T128/><D103/><U44/><E13/><V31/><F31/><W78/><G101/><T123/><D128/><U119/><E124/><V113/><F113/><RYUUKYOKU ba="2,1" sc="122,-10,346,-10,287,30,235,-10" hai2="10,11,16,20,25,46,48,52,53,56,81,86,89" /><INIT seed="2,3,1,0,2,8" ten="112,336,317,225" oya="2" hai0="31,4,75,106,135,101,55,105,97,58,117,93,25" hai1="62,109,42,26,72,3,89,128,35,18,41,36,86" hai2="129,68,59,91,94,98,29,27,84,79,123,34,133" hai3="22,112,47,78,19,74,44,7,99,122,103,115,28"/><V40/><F68/><W126/><G122/><T57/><D135/><U2/><E109/><V9/><F123/><W6/><G28/><T90/><D75/><U32/><E72/><V87/><F133/><W107/><G126/><T108/><D108/><U73/><E73/><V37/><F129/><W71/><G71/><T69/><D69/><U52/><E36/><V83/><F59/><W81/><G6/><T21/><D117/><U127/><E127/><V119/><F119/><W30/><G7/><T65/><D65/><U43/><E35/><V61/><F61/><W60/><G30/><T77/><D77/><U56/><E32/><V5/><F40/><W70/><G60/><T23/><D4/><U85/><E85/><V48/><F48/><W46/><REACH who="3" step="1"/><G70/><REACH who="3" ten="112,336,317,215" step="2"/><T130/><D130/><U100/><E128/><V120/><F120/><W114/><G114/><T95/><D31/><U63/><E63/><V118/><F118/><W16/><G16/><T92/><D101/><U96/><E100/><V82/><F37/><W113/><G113/><T15/><D106/><U110/><E110/><V10/><F5/><W24/><AGARI ba="3,2" hai="19,22,24,44,46,47,74,78,81,99,103,107,112,115" machi="24" ten="30,2000,0" yaku="1,1,0,1,53,0" doraHai="8" doraHaiUra="131" who="3" fromWho="3" sc="112,-8,336,-8,317,-13,215,49" /><INIT seed="3,0,0,5,0,15" ten="104,328,304,264" oya="3" hai0="29,86,107,129,49,121,123,6,120,55,110,71,95" hai1="132,44,42,32,109,4,37,92,101,75,17,66,7" hai2="105,91,65,61,3,20,81,115,72,27,36,51,118" hai3="23,103,18,74,25,135,26,28,82,13,47,98,133"/><W100/><G26/><T68/><D107/><U8/><E109/><V70/><F36/><W62/><G103/><T83/><D6/><U58/><E75/><V77/><F105/><W80/><G47/><T104/><D104/><U63/><E32/><V85/><F3/><W112/><G112/><T43/><D43/><U127/><E127/><V130/><F130/><W50/><G50/><T128/><D29/><U124/><E124/><V34/><F34/><W84/><G74/><T134/><D95/><U2/><E132/><N who="3" m="50762" /><G84/><T0/><D0/><U41/><E41/><V14/><F51/><W16/><G62/><T93/><D93/><U1/><E92/><V102/><F102/><W35/><G18/><T53/><D134/><U19/><E101/><V48/><F48/><W125/><G125/><T24/><D24/><U31/><E31/><V11/><F115/><W56/><G56/><T90/><D110/><U22/><E22/><V39/><F20/><W5/><G5/><T99/><D99/><U78/><E78/><V67/><F27/><W54/><G54/><T122/><N who="0" m="30720" /><DORA hai="60" /><T38/><D38/><U45/><E45/><V21/><F21/><W40/><G40/><T79/><D79/><U57/><E57/><V117/><F39/><W111/><G111/><T69/><REACH who="0" step="1"/><D55/><REACH who="0" ten="94,328,304,264" step="2"/><U97/><E97/><V106/><F106/><AGARI ba="0,1" hai="13,16,23,25,28,35,80,82,98,100,106" m="50762" machi="106" ten="30,5800,0" yaku="20,1,52,1,54,1" doraHai="15,60" who="3" fromWho="2" sc="94,0,328,0,304,-58,264,68" /><INIT seed="3,1,0,5,3,84" ten="94,328,246,332" oya="3" hai0="66,27,58,117,124,88,56,122,108,22,110,135,31" hai1="38,92,21,78,129,83,77,113,42,94,61,53,85" hai2="18,69,131,30,39,57,5,1,125,91,115,50,19" hai3="47,35,52,126,103,123,75,44,97,62,71,109,24"/><W11/><G123/><T130/><D117/><U36/><E113/><V40/><F69/><W105/><G126/><T127/><D122/><U118/><E118/><V119/><F115/><W46/><G75/><T121/><D121/><U54/><E129/><V70/><F30/><W17/><G109/><N who="0" m="42091" /><D130/><U64/><E77/><V59/><F70/><W9/><G17/><T45/><D45/><U73/><E73/><V0/><F50/><W111/><G111/><T23/><D23/><U68/><E38/><V43/><F5/><W104/><G104/><T132/><D66/><U13/><E42/><V133/><F39/><W100/><G52/><T34/><D34/><U26/><E36/><V4/><F4/><W72/><G72/><T7/><D7/><U89/><E94/><V99/><F119/><W93/><G103/><T95/><D58/><U102/><E102/><V81/><F131/><W96/><G96/><N who="0" m="57447" /><D56/><U29/><E13/><V107/><F59/><W114/><G114/><T120/><D120/><U15/><E15/><V48/><F57/><W90/><G105/><T33/><D33/><U76/><E68/><V28/><F107/><W134/><G100/><T79/><D79/><U67/><E78/><V2/><F40/><W87/><G47/><T74/><D74/><U10/><E67/><V6/><F43/><W32/><G32/><T65/><D65/><U80/><E64/><V3/><F2/><W49/><G46/><T16/><D31/><U55/><E29/><V8/><F0/><W106/><G71/><T51/><D51/><U60/><E21/><V37/><F3/><RYUUKYOKU ba="1,0" sc="94,30,328,-10,246,-10,332,-10" hai0="16,22,27,124,127,132,135" /><INIT seed="4,2,0,1,5,67" ten="124,318,236,322" oya="0" hai0="98,93,11,12,10,134,20,30,96,132,51,109,37" hai1="129,89,36,42,54,49,18,40,23,90,61,99,131" hai2="34,113,135,53,9,108,100,26,133,2,128,122,104" hai3="25,77,102,17,46,8,22,44,121,1,55,75,38"/><T50/><D37/><U86/><E99/><V116/><RYUUKYOKU type="yao9" ba="2,0" sc="124,0,318,0,236,0,322,0" hai2="2,9,26,34,53,100,104,108,113,116,122,128,133,135" /><INIT seed="4,3,0,2,0,96" ten="124,318,236,322" oya="0" hai0="7,5,107,80,35,65,94,126,40,20,58,49,33" hai1="131,29,103,118,67,98,134,61,11,3,1,55,81" hai2="60,79,51,101,76,90,39,12,119,17,42,135,99" hai3="25,62,95,66,45,52,88,31,56,23,63,28,78"/><T106/><D80/><U71/><E118/><V127/><F39/><W18/><G78/><T26/><D40/><U100/><E131/><V92/><F119/><W36/><G36/><T16/><D35/><U19/><E134/><V73/><F135/><W86/><REACH who="3" step="1"/><G45/><REACH who="3" ten="124,318,236,312" step="2"/><T0/><D126/><U8/><E1/><V70/><F127/><W68/><AGARI ba="3,1" hai="18,23,25,28,31,52,56,62,63,66,68,86,88,95" machi="68" ten="20,12000,2" yaku="1,1,2,1,0,1,7,1,54,2,53,1" doraHai="96" doraHaiUra="54" who="3" fromWho="3" sc="124,-63,318,-33,236,-33,312,139" /><INIT seed="5,0,0,5,3,69" ten="61,285,203,451" oya="1" hai0="93,108,110,124,12,0,125,45,40,61,4,109,32" hai1="21,100,50,9,5,80,44,36,66,117,64,130,59" hai2="95,19,27,52,1,35,67,98,83,3,77,92,133" hai3="10,54,60,41,49,7,25,122,55,38,96,15,24"/><U17/><E117/><V73/><F133/><W72/><G122/><T104/><D104/><U101/><E130/><V106/><F92/><W99/><G72/><T123/><D32/><U89/><E59/><V121/><F121/><W53/><G38/><T68/><D123/><U13/><E36/><V39/><F67/><W51/><G60/><T82/><D93/><U114/><E114/><V119/><F39/><W48/><G41/><T132/><D132/><U134/><E134/><V26/><F106/><W75/><G75/><T23/><D23/><U116/><E116/><V118/><F118/><W28/><G28/><T58/><D68/><U87/><E66/><V81/><F81/><W126/><G126/><T63/><D0/><U37/><E37/><V8/><F27/><AGARI ba="0,0" hai="7,10,15,24,25,27,48,49,51,53,54,55,96,99" machi="27" ten="40,1300,0" yaku="8,1" doraHai="69" who="3" fromWho="2" sc="61,0,285,0,203,-13,451,13" /><INIT seed="6,0,0,5,3,33" ten="61,285,190,464" oya="2" hai0="54,86,60,109,13,118,64,89,1,43,68,16,2" hai1="27,113,72,10,58,77,78,75,87,26,44,20,91" hai2="92,53,57,95,61,85,132,98,106,131,130,41,119" hai3="45,110,112,7,62,111,88,29,49,14,11,17,94"/><V6/><F119/><W9/><G29/><T82/><D109/><U126/><E126/><V4/><F132/><W35/><G35/><T100/><D43/><U104/><E104/><V105/><F41/><W69/><G112/><T129/><D129/><N who="2" m="49162" /><F92/><W24/><G62/><T5/><D5/><N who="2" m="2154" /><F85/><W40/><G24/><T8/><D118/><U21/><E21/><V135/><F135/><W71/><G111/><T15/><D100/><AGARI ba="0,0" hai="53,57,61,95,98,100,105,106" m="2154,49162" machi="100" ten="30,1500,0" yaku="19,1" doraHai="33" who="2" fromWho="0" sc="61,-15,285,0,190,15,464,0" /><INIT seed="6,1,0,0,0,2" ten="46,285,205,464" oya="2" hai0="105,93,109,135,18,25,126,58,42,23,96,63,102" hai1="129,29,99,13,80,44,118,30,31,27,107,134,19" hai2="117,130,79,86,52,36,82,1,77,65,14,94,75" hai3="35,98,24,8,0,66,56,73,28,59,46,22,6"/><V103/><F1/><W49/><G73/><T11/><D109/><U70/><E70/><V110/><F117/><W34/><G98/><T72/><D135/><U15/><E15/><V9/><F36/><W100/><G100/><T101/><D126/><U113/><E113/><V10/><F130/><W12/><G66/><T37/><D72/><U115/><E115/><V20/><F65/><W68/><G68/><T112/><D112/><U71/><E71/><V116/><F79/><W83/><G83/><T125/><D125/><U69/><E69/><V38/><F38/><W90/><G90/><T84/><D84/><U45/><E45/><V133/><F116/><W89/><G89/><T108/><D108/><U40/><E40/><V50/><F75/><W51/><G51/><T55/><D37/><U7/><E7/><V41/><F41/><W67/><G67/><T76/><D76/><U88/><E88/><V114/><F133/><W60/><G60/><T124/><D124/><U16/><E16/><N who="2" m="10263" /><F110/><W54/><G35/><T121/><D121/><U97/><E97/><N who="2" m="59831" /><F114/><W106/><G106/><T64/><D42/><U43/><E43/><V53/><F53/><W47/><G47/><AGARI ba="1,0" hai="9,10,47,50,52,77,82,86" m="59831,10263" machi="47" ten="30,5800,0" yaku="8,1,54,2" doraHai="2" who="2" fromWho="3" sc="46,0,285,0,205,61,464,-61" /><INIT seed="6,2,0,5,0,119" ten="46,285,266,403" oya="2" hai0="135,44,122,99,98,88,123,35,79,77,65,120,38" hai1="109,75,101,34,112,46,6,69,61,71,21,78,107" hai2="73,80,118,37,85,8,82,131,94,47,108,25,97" hai3="13,96,114,17,18,41,84,100,62,3,111,33,110"/><V90/><F118/><W52/><G3/><T22/><D35/><U0/><E0/><V86/><F131/><W103/><G33/><T4/><D65/><U106/><E106/><V39/><F108/><W126/><G41/><T11/><D38/><U60/><E60/><V51/><F73/><W50/><G114/><T63/><D63/><U127/><E109/><V102/><F25/><W83/><G62/><T57/><D57/><U64/><E112/><V40/><F8/><W124/><G100/><T9/><D135/><U66/><E127/><N who="3" m="48682" /><G13/><T56/><D56/><U19/><E34/><V32/><F32/><W29/><G29/><T53/><D22/><U132/><E132/><V104/><F104/><N who="3" m="63591" /><G111/><T15/><D9/><U23/><E66/><V72/><F72/><W133/><G133/><T74/><D74/><U87/><E75/><V115/><F115/><W67/><G67/><T14/><D14/><U20/><E71/><V28/><F28/><W16/><G110/><T125/><D125/><U30/><E30/><V5/><F5/><W89/><G18/><T76/><REACH who="0" step="1"/><D88/><AGARI ba="2,0" hai="37,39,40,47,51,80,82,85,86,88,90,94,97,102" machi="88" ten="30,5800,0" yaku="7,1,9,1,54,1" doraHai="119" who="2" fromWho="0" sc="46,-64,285,0,266,64,403,0" owari="-18,-51.8,285,-11.5,330,13.0,403,50.3" /></mjloggm>