<mjloggm ver="2.3"><GO type="169" lobby="0"/><UN n0="%E3%81%95%E3%82%93%E3%81%84%E3%81%A1%E3%82%8D%E3%81%8F%E3%81%94" n1="%E7%90%86%E5%B7%A5%E3%83%95%E3%83%AA%E3%83%86%E3%83%B3%E5%A4%A7%E5%B8%AB" n2="%E3%81%A4%E3%81%B0%E3%83%A1" n3="%67%78%7A" dan="17,16,16,18" rate="2111.99,2106.44,2076.75,2292.29" sx="M,F,M,F"/><TAIKYOKU oya="0"/><INIT seed="0,0,0,2,0,126" ten="250,250,250,250" oya="0" hai0="50,96,106,112,117,19,105,109,13,29,39,62,27" hai1="47,110,4,60,56,44,37,64,38,30,102,104,70" hai2="22,123,8,48,87,40,94,85,121,80,24,95,45" hai3="114,86,91,14,90,25,15,26,134,11,89,55,129"/><T68/><D117/><U43/><E110/><V23/><F8/><W74/><G74/><T93/><D112/><U58/><E4/><V113/><F113/><W33/><G114/><T32/><D39/><U63/><E30/><V84/><F80/><W17/><G134/><T57/><D109/><U101/><E104/><V76/><F76/><W120/><G120/><T111/><D111/><U41/><E101/><V72/><F72/><W99/><G33/><T52/><D62/><U77/><E77/><V135/><F135/><W125/><G125/><T81/><D81/><U103/><E103/><V107/><F107/><W127/><G127/><T3/><D68/><U78/><E78/><V116/><F22/><W100/><G129/><T82/><D82/><U36/><E102/><V119/><F123/><W46/><G86/><T67/><D67/><N who="1" m="39303" /><E70/><V73/><F73/><W28/><G28/><T131/><D131/><U130/><E130/><V42/><F42/><AGARI ba="0,0" hai="36,37,38,41,42,43,44,47,58,63,64" m="39303" machi="42" ten="30,8000,1" yaku="35,5" doraHai="126" who="1" fromWho="2" sc="250,0,250,80,250,-80,250,0" /><INIT seed="1,0,0,1,5,9" ten="250,330,170,250" oya="1" hai0="108,109,43,133,38,114,110,41,115,111,18,104,46" hai1="71,27,19,102,131,64,48,72,11,126,50,12,116" hai2="103,44,66,117,82,14,1,124,59,34,123,94,65" hai3="51,28,30,32,26,22,125,33,122,7,83,23,107"/><U49/><E116/><V100/><F1/><W24/><G122/><T90/><N who="0" m="27648" /><DORA hai="13" /><T105/><D133/><U74/><E131/><V47/><F34/><W31/><G107/><N who="0" m="41035" /><D90/><U77/><E126/><V135/><F117/><W80/><G125/><T55/><D55/><U98/><E77/><V17/><F124/><W62/><G51/><T53/><D53/><U39/><E39/><V3/><F3/><W15/><G62/><T68/><D68/><U92/><REACH who="1" step="1"/><E27/><REACH who="1" ten="250,320,170,250" step="2"/><V106/><F123/><W101/><G26/><T128/><D128/><U21/><E21/><V67/><F135/><W118/><G118/><T99/><D38/><U113/><E113/><V73/><F106/><W97/><G23/><T129/><D129/><U54/><E54/><V91/><F73/><W36/><G36/><T45/><D114/><U79/><E79/><V25/><F25/><W119/><G119/><T61/><D115/><U78/><E78/><V81/><F67/><W6/><G32/><T121/><D121/><U56/><E56/><V58/><F66/><W29/><G33/><T37/><D37/><U95/><E95/><V69/><F69/><W40/><G40/><T96/><D43/><U84/><E84/><N who="2" m="52583" /><F65/><W76/><G76/><T10/><D41/><U52/><E52/><V5/><F59/><W89/><G24/><T0/><D61/><AGARI ba="0,1" hai="11,12,19,48,49,50,61,64,71,72,74,92,98,102" machi="61" ten="40,7700,0" yaku="1,1,52,2,53,0" doraHai="9,13" doraHaiUra="2,85" who="1" fromWho="0" sc="250,-77,320,87,170,0,250,0" /><INIT seed="1,1,0,4,2,110" ten="173,407,170,250" oya="1" hai0="0,85,87,107,46,108,94,96,44,60,132,67,84" hai1="73,80,131,54,50,119,56,2,77,75,65,78,34" hai2="113,9,3,122,121,15,62,8,45,33,106,24,66" hai3="13,104,86,37,27,83,79,135,117,111,43,28,129"/><U64/><E131/><V130/><F106/><W20/><G104/><T14/><D0/><U92/><E119/><V133/><F130/><W63/><G129/><T126/><D108/><U16/><E2/><V7/><F133/><W115/><G111/><T97/><D132/><U124/><E124/><V36/><F113/><W21/><G135/><T11/><D126/><U76/><E34/><V134/><F134/><W100/><G100/><T52/><D107/><U31/><E31/><V93/><F93/><W82/><G117/><T68/><D97/><U35/><E35/><V112/><F112/><W25/><G115/><T116/><D116/><U18/><E92/><V89/><F89/><W118/><G118/><T30/><D30/><U114/><E114/><V88/><F88/><W103/><G103/><T48/><D94/><U74/><REACH who="1" step="1"/><E80/><REACH who="1" ten="173,397,170,250" step="2"/><V59/><F33/><W91/><G82/><T58/><REACH who="0" step="1"/><D96/><REACH who="0" ten="163,397,170,250" step="2"/><U69/><E69/><V49/><F3/><W102/><G83/><T70/><D70/><U125/><E125/><V42/><F122/><W41/><G102/><T95/><D95/><U22/><E22/><V123/><F123/><W71/><G21/><T61/><D61/><U32/><E32/><V90/><F121/><W19/><G63/><T53/><D53/><U120/><E120/><V38/><F62/><W12/><G71/><T128/><D128/><U98/><E98/><V57/><F9/><W99/><G99/><T51/><D51/><U101/><E101/><V109/><F49/><W72/><G20/><T1/><D1/><U55/><E55/><V47/><F8/><RYUUKYOKU ba="1,2" sc="163,15,397,15,170,-15,250,-15" hai0="11,14,44,46,48,52,58,60,67,68,84,85,87" hai1="16,18,50,54,56,64,65,73,74,75,76,77,78" /><INIT seed="1,2,2,2,3,95" ten="178,412,155,235" oya="1" hai0="21,50,72,58,78,13,73,122,15,131,76,75,0" hai1="5,3,23,40,69,33,102,81,59,92,53,83,56" hai2="135,18,55,82,32,68,103,99,86,12,6,98,39" hai3="35,96,128,19,9,84,80,62,112,65,11,45,91"/><U26/><E69/><V61/><F32/><W74/><G112/><T27/><D0/><U25/><E40/><V63/><F39/><W125/><G74/><T31/><D131/><U66/><E33/><V36/><F36/><W8/><G35/><T129/><D129/><U17/><E3/><V44/><F135/><W57/><G128/><T119/><D119/><U37/><E37/><V116/><F116/><W104/><G125/><T85/><D122/><U54/><E5/><V16/><F68/><W124/><G124/><T10/><D85/><U88/><E66/><V123/><F6/><W42/><G19/><N who="2" m="7209" /><F12/><W134/><G134/><T2/><D2/><U41/><E41/><V126/><F103/><W111/><G111/><T14/><REACH who="0" step="1"/><D10/><REACH who="0" ten="168,412,155,235" step="2"/><U29/><E83/><V97/><F123/><W71/><G8/><T77/><D77/><U28/><E81/><V67/><F126/><W118/><G118/><T24/><D24/><U89/><E26/><V22/><F22/><W4/><G4/><T43/><D43/><U1/><E1/><V115/><F115/><W133/><G133/><T108/><D108/><U117/><E117/><V46/><F67/><W30/><G9/><T7/><D7/><U113/><E113/><V70/><F70/><W20/><G11/><T49/><D49/><U120/><E120/><V107/><F107/><W90/><G71/><T94/><D94/><U114/><E114/><V105/><F105/><W106/><G20/><T109/><D109/><U121/><E121/><V79/><F55/><AGARI ba="2,3" hai="13,14,15,21,27,31,50,55,58,72,73,75,76,78" machi="55" ten="50,1600,0" yaku="1,1,53,0" doraHai="95" doraHaiUra="34" who="0" fromWho="2" sc="168,52,412,0,155,-22,235,0" /><INIT seed="2,0,0,1,2,39" ten="220,412,133,235" oya="2" hai0="99,72,33,24,19,36,86,50,113,40,66,59,98" hai1="119,38,30,16,81,62,68,107,109,22,65,89,103" hai2="84,104,77,129,126,18,13,15,121,114,28,54,108" hai3="25,80,122,112,73,106,110,37,105,26,132,135,78"/><V118/><F114/><W130/><G122/><T1/><D72/><U91/><E119/><V21/><F118/><W71/><G112/><T123/><D123/><U75/><E109/><V47/><F121/><W32/><G71/><T76/><D1/><U31/><E38/><V2/><F104/><N who="3" m="40043" /><G110/><T127/><D127/><U64/><E64/><V88/><F2/><W116/><G116/><T10/><D36/><U43/><E31/><V134/><F108/><W74/><G32/><T83/><D113/><U92/><E30/><V96/><F126/><W58/><G130/><T117/><D117/><U46/><E107/><V8/><F129/><W95/><G73/><T82/><D33/><U52/><E75/><V67/><F134/><N who="3" m="51243" /><G37/><T14/><D83/><U120/><E120/><V41/><F67/><W44/><G44/><N who="0" m="25863" /><D24/><U100/><E81/><N who="2" m="49167" /><F77/><W124/><G124/><T115/><D115/><U49/><E43/><V48/><F96/><W93/><G58/><T60/><AGARI ba="0,0" hai="10,14,19,59,60,66,76,82,86,98,99" m="25863" machi="60" ten="30,2000,0" yaku="8,1,52,1" doraHai="39" who="0" fromWho="0" sc="220,20,412,-5,133,-10,235,-5" /><INIT seed="3,0,0,4,5,124" ten="240,407,123,230" oya="3" hai0="104,49,126,59,20,113,40,17,52,28,71,31,123" hai1="72,46,23,64,128,26,125,62,96,68,70,63,14" hai2="88,84,98,55,87,3,131,7,36,19,35,114,47" hai3="53,110,8,95,2,73,22,135,16,101,24,78,127"/><W67/><G127/><T109/><D123/><U121/><E121/><V61/><F114/><W51/><G135/><T56/><D126/><U103/><E72/><V42/><F35/><W83/><G110/><T34/><D109/><U30/><E125/><V54/><F3/><W77/><G77/><T41/><D71/><U93/><E46/><V80/><F7/><W116/><G116/><T66/><D104/><U91/><E14/><V27/><F131/><W12/><G2/><T118/><D118/><U90/><E128/><V85/><F61/><W100/><G67/><AGARI ba="0,0" hai="23,26,30,62,63,64,67,68,70,90,91,93,96,103" machi="67" ten="40,1300,0" yaku="9,1" doraHai="124" who="1" fromWho="3" sc="240,0,407,13,123,0,230,-13" /><INIT seed="4,0,0,4,5,87" ten="240,420,123,217" oya="0" hai0="75,99,40,61,55,94,77,112,116,124,45,7,57" hai1="106,66,43,132,121,24,54,102,111,6,88,29,32" hai2="70,89,48,90,4,105,96,31,117,123,2,47,130" hai3="36,110,35,119,122,82,33,27,126,34,83,64,125"/><T78/><D116/><U30/><E111/><V51/><F123/><W46/><G110/><T18/><D124/><N who="3" m="47721" /><G119/><T14/><D7/><U23/><E132/><V41/><F70/><W108/><G108/><T104/><D104/><U26/><E43/><V84/><F117/><W42/><G122/><T69/><D69/><U37/><E37/><V133/><F133/><W74/><G64/><T127/><D112/><U3/><E66/><V131/><F31/><N who="3" m="19711" /><G83/><T1/><D1/><U56/><E3/><V86/><F2/><W97/><G97/><T21/><D75/><U49/><E6/><V44/><F4/><W79/><AGARI ba="0,0" hai="34,35,36,42,46,74,79,82" m="19711,47721" machi="79" ten="30,2000,0" yaku="18,1,23,1" doraHai="87" who="3" fromWho="3" sc="240,-10,420,-5,123,-5,217,20" /><INIT seed="5,0,0,0,5,40" ten="230,415,118,237" oya="1" hai0="126,115,51,128,37,83,6,74,45,104,78,100,19" hai1="20,124,65,110,98,127,135,28,1,4,60,116,58" hai2="117,73,7,111,10,64,94,36,53,121,21,57,95" hai3="84,72,55,107,97,52,22,17,133,14,112,131,96"/><U9/><E116/><V56/><F111/><W3/><G72/><T38/><D115/><U67/><E135/><V15/><F117/><W26/><G3/><T8/><D19/><U48/><E67/><V11/><F121/><W44/><G133/><T134/><D134/><U81/><E81/><V23/><F73/><W34/><G112/><T50/><D126/><U89/><E48/><V85/><F36/><W102/><G131/><T16/><D128/><U125/><E110/><V132/><F132/><W59/><G84/><T87/><D87/><U119/><E119/><V68/><F68/><W106/><G34/><T32/><D32/><U123/><E20/><V105/><F105/><W35/><G35/><T108/><D51/><U12/><E28/><V76/><F64/><W31/><G59/><T92/><D104/><U114/><E114/><V79/><F85/><W47/><G55/><T13/><D6/><U5/><E123/><V69/><F69/><W41/><G52/><T2/><D2/><U66/><E66/><V122/><F53/><W39/><G41/><T33/><D33/><U18/><E1/><V0/><F0/><W77/><G77/><T71/><D71/><U86/><E86/><V24/><F122/><W54/><G54/><N who="0" m="30031" /><D108/><U49/><E49/><V103/><F7/><W46/><G39/><T61/><D61/><U93/><AGARI ba="0,0" hai="4,5,9,12,18,58,60,65,89,93,98,124,125,127" machi="93" ten="40,3900,0" yaku="0,1,18,1" doraHai="40" who="1" fromWho="1" sc="230,-13,415,39,118,-13,237,-13" /><INIT seed="5,1,0,0,2,131" ten="217,454,105,224" oya="1" hai0="3,102,8,64,112,46,91,65,92,48,51,19,83" hai1="43,130,78,7,109,59,38,94,16,77,39,88,82" hai2="135,22,96,62,87,12,40,98,100,76,90,95,56" hai3="105,86,34,36,84,119,99,123,63,37,107,49,120"/><U30/><E130/><V45/><F135/><W28/><G49/><T20/><D102/><U116/><E116/><V104/><F22/><W89/><G119/><T97/><D112/><U74/><E30/><V132/><F132/><W125/><G125/><T42/><D83/><U17/><E77/><V25/><F25/><W72/><G72/><T54/><D8/><U23/><E7/><V126/><F12/><W47/><G47/><T93/><D92/><U35/><E17/><V21/><F21/><W133/><G133/><T85/><D97/><U26/><E35/><V58/><F126/><W121/><G63/><T31/><D31/><U52/><E43/><V129/><F129/><W18/><G18/><T71/><D71/><U111/><E109/><V15/><F15/><W57/><G57/><N who="0" m="32967" /><D3/><U29/><E29/><V79/><F98/><W122/><G122/><T9/><D9/><U27/><E27/><AGARI ba="1,0" hai="19,20,27,42,46,51,64,65,85,91,93" m="32967" machi="27" ten="30,1000,0" yaku="8,1" doraHai="131" who="0" fromWho="1" sc="217,13,454,-13,105,0,224,0" /><INIT seed="6,0,0,5,4,57" ten="230,441,105,224" oya="2" hai0="81,61,123,74,24,133,34,55,59,124,49,87,117" hai1="100,29,65,16,15,69,26,6,58,14,46,44,45" hai2="19,11,3,7,30,125,32,41,107,25,54,71,89" hai3="99,109,63,72,127,90,28,68,5,40,48,35,75"/><V8/><F107/><W84/><G109/><T132/><D123/><U94/><E69/><V64/><F125/><W92/><G127/><T21/><D124/><U12/><E6/><V13/><F41/><W114/><G5/><T47/><D74/><U131/><E131/><V93/><F54/><W98/><G114/><T85/><D34/><U128/><E128/><V43/><F43/><W1/><G1/><T120/><D117/><U78/><E78/><V70/><REACH who="2" step="1"/><F64/><REACH who="2" ten="230,441,95,224" step="2"/><W126/><G126/><T76/><D55/><U17/><E65/><V77/><F77/><W96/><G40/><T115/><D76/><U129/><E129/><V86/><AGARI ba="0,1" hai="3,7,8,11,13,19,25,30,32,70,71,86,89,93" machi="86" ten="20,7800,0" yaku="1,1,0,1,7,1,53,1" doraHai="57" doraHaiUra="80" who="2" fromWho="2" sc="230,-26,441,-26,95,88,224,-26" /><INIT seed="6,1,0,4,2,66" ten="204,415,183,198" oya="2" hai0="88,25,121,21,23,44,24,110,74,14,37,71,65" hai1="134,55,60,19,48,114,64,126,101,128,70,130,35" hai2="38,82,52,96,26,7,18,99,72,78,1,97,117" hai3="29,98,58,102,9,104,0,15,10,109,12,62,42"/><V4/><F117/><W45/><G109/><T95/><D110/><U61/><E114/><V105/><F105/><W53/><G29/><T133/><D121/><U119/><E126/><V43/><F1/><W125/><G125/><T76/><D14/><U81/><E119/><V115/><F115/><W57/><G57/><T122/><D133/><U107/><E35/><V85/><F72/><W47/><G0/><T41/><D76/><U3/><E3/><V127/><F127/><W17/><REACH who="3" step="1"/><G42/><REACH who="3" ten="204,415,183,188" step="2"/><T68/><D41/><U83/><E134/><V2/><F2/><W80/><G80/><T135/><D135/><U91/><E81/><V86/><F43/><W116/><G116/><T123/><D122/><U73/><E83/><N who="2" m="47351" /><F38/><W50/><G50/><T33/><D37/><U36/><E36/><V63/><F63/><W11/><G11/><T132/><D132/><U118/><E118/><V89/><F52/><W79/><G79/><T20/><D123/><U106/><E55/><V124/><F124/><W30/><G30/><T87/><D65/><U77/><E61/><V90/><F90/><W120/><G120/><T46/><D88/><U92/><E91/><V113/><F113/><W31/><G31/><T75/><D33/><U84/><E60/><V27/><F18/><AGARI ba="1,1" hai="9,10,12,15,17,18,45,47,53,58,62,98,102,104" machi="18" ten="30,3900,0" yaku="1,1,7,1,9,1,53,0" doraHai="66" doraHaiUra="111" who="3" fromWho="2" sc="204,0,415,0,183,-42,188,52" /><INIT seed="7,0,0,5,5,85" ten="204,415,141,240" oya="3" hai0="83,82,72,17,118,113,96,122,57,0,3,2,99" hai1="7,12,131,42,120,25,28,43,45,13,23,97,41" hai2="108,61,132,29,38,86,89,63,111,49,119,81,48" hai3="56,47,80,18,10,103,90,37,24,75,36,127,20"/><W121/><G121/><T123/><D118/><U5/><E131/><V125/><F119/><W6/><G127/><T4/><D4/><N who="1" m="1611" /><E120/><N who="0" m="46121" /><D57/><U91/><E45/><V27/><F38/><W73/><G103/><T66/><D66/><U115/><E115/><V102/><F125/><W101/><G101/><T21/><D21/><U128/><E128/><V88/><F132/><W116/><G116/><T87/><D87/><U30/><E30/><V1/><F1/><W16/><G56/><T114/><D17/><U76/><E76/><V71/><F102/><W117/><G18/><T19/><D19/><U104/><E104/><V44/><F71/><W65/><G65/><T124/><D124/><U53/><E53/><N who="2" m="29831" /><F111/><W39/><G117/><T68/><D68/><U52/><E52/><V133/><F133/><W110/><G110/><T69/><D69/><U134/><E134/><V126/><F126/><W26/><G47/><T92/><D72/><U98/><E98/><N who="0" m="37417" /><D92/><AGARI ba="0,0" hai="12,13,23,25,28,41,42,43,91,92,97" m="1611" machi="92" ten="30,2000,0" yaku="8,1,52,1" doraHai="85" who="1" fromWho="0" sc="204,-20,415,20,141,0,240,0" owari="184,-21.6,435,53.5,141,-35.9,240,4.0" /></mjloggm>