<mjloggm ver="2.3"><GO type="169" lobby="0"/><UN n0="%54%68%65%72%65%73%61%5F" n1="%E3%81%97%E3%82%89%E3%81%84%E3%81%97%E3%81%BE%E3%81%84" n2="%E9%95%B7%E5%B2%A1" n3="%E7%9C%BC%E9%8F%A1%E3%81%AE%E7%94%B7%E3%81%AE%E5%AD%90" dan="16,18,16,16" rate="2087.71,2264.10,2056.49,2096.44" sx="M,M,M,M"/><TAIKYOKU oya="0"/><INIT seed="0,0,0,2,5,73" ten="250,250,250,250" oya="0" hai0="34,72,60,6,88,3,12,11,102,14,46,81,0" hai1="91,82,68,113,17,10,4,33,67,62,107,94,27" hai2="48,126,21,32,41,39,92,109,25,20,112,97,15" hai3="108,125,28,43,114,132,5,65,1,128,19,45,71"/><T31/><D102/><U50/><E107/><V38/><F112/><W53/><G19/><T35/><D60/><U70/><E113/><V86/><F109/><W36/><G28/><T129/><D129/><U127/><E127/><V55/><F126/><W93/><G93/><T49/><D31/><U80/><E68/><V119/><F119/><W84/><G84/><T76/><D12/><U95/><E95/><V7/><F32/><W64/><G5/><T118/><D118/><U105/><E105/><V40/><F86/><W22/><G22/><N who="2" m="8809" /><F38/><W61/><G65/><T89/><D34/><U83/><E50/><V124/><F39/><W9/><G9/><T54/><REACH who="0" step="1"/><D35/><REACH who="0" ten="240,250,250,250" step="2"/><U96/><E33/><V131/><F131/><W23/><G128/><T18/><D18/><U66/><E17/><V59/><F124/><W106/><G125/><T16/><D16/><U74/><E27/><V115/><F115/><W134/><G114/><T30/><D30/><U29/><E29/><V69/><F25/><W56/><G106/><T13/><D13/><U51/><E62/><V8/><F69/><W2/><G108/><T42/><D42/><U58/><E70/><V123/><F123/><W47/><G1/><AGARI ba="0,1" hai="0,1,3,6,11,14,46,49,54,72,76,81,88,89" machi="1" ten="40,7700,0" yaku="1,1,52,1,54,1,53,0" doraHai="73" doraHaiUra="135" who="0" fromWho="3" sc="240,87,250,0,250,0,250,-77" /><INIT seed="0,1,0,4,4,45" ten="327,250,250,173" oya="0" hai0="65,3,28,35,84,66,73,32,10,56,52,134,24" hai1="44,123,79,70,78,42,93,106,112,8,1,25,127" hai2="69,6,27,82,104,48,80,16,116,114,40,75,63" hai3="64,121,13,59,92,99,50,103,33,119,81,49,46"/><T110/><D73/><U72/><E106/><V107/><F114/><W101/><G119/><T22/><D134/><U19/><E123/><V11/><F116/><W128/><G128/><T94/><D32/><U100/><E70/><V98/><F69/><W38/><G33/><T96/><D35/><U9/><E127/><V124/><F124/><W91/><G121/><T30/><D30/><U23/><E112/><V31/><F63/><N who="3" m="38015" /><G38/><T61/><D110/><U12/><E72/><V129/><F129/><W71/><G71/><T86/><D10/><U113/><E113/><V95/><F31/><W118/><G46/><T43/><D43/><U97/><E1/><V18/><F104/><W57/><G57/><T90/><D3/><U122/><E8/><V14/><F107/><W133/><G133/><T109/><D109/><U15/><E15/><V21/><F75/><W53/><G53/><T88/><D96/><U26/><E26/><V0/><F0/><W85/><G103/><T62/><D62/><U5/><REACH who="1" step="1"/><E122/><REACH who="1" ten="327,240,250,173" step="2"/><V108/><F108/><W83/><G118/><T131/><REACH who="0" step="1"/><D131/><REACH who="0" ten="317,240,250,173" step="2"/><U36/><AGARI ba="1,2" hai="5,9,12,19,23,25,36,42,44,78,79,93,97,100" machi="36" ten="20,5200,0" yaku="1,1,2,1,0,1,7,1,53,0" doraHai="45" doraHaiUra="76" who="1" fromWho="1" sc="317,-27,240,75,250,-14,173,-14" /><INIT seed="1,0,0,5,3,120" ten="290,315,236,159" oya="1" hai0="48,14,110,30,114,71,15,25,56,96,106,101,3" hai1="127,37,39,24,99,46,53,59,83,62,131,13,67" hai2="97,79,10,33,112,58,64,87,55,82,50,115,102" hai3="1,34,29,51,126,11,52,107,119,63,36,21,9"/><U47/><E127/><V32/><F64/><W20/><G107/><T6/><D114/><U8/><E131/><V2/><F2/><W17/><G36/><T98/><D71/><U68/><E83/><V43/><F43/><W75/><G75/><T130/><D130/><U134/><E134/><V72/><F10/><W84/><G126/><T40/><D3/><U76/><E76/><V94/><REACH who="2" step="1"/><F72/><REACH who="2" ten="290,315,226,159" step="2"/><W61/><G1/><T121/><D40/><U78/><E8/><V19/><F19/><W91/><G9/><T23/><D121/><U133/><E67/><V18/><F18/><W104/><G11/><T89/><D6/><U49/><E68/><V123/><F123/><W86/><G119/><T41/><D41/><U0/><E0/><V81/><F81/><W88/><G29/><T129/><D129/><U135/><E135/><V73/><F73/><W38/><G38/><T12/><D30/><U70/><E70/><V116/><F116/><W16/><G34/><AGARI ba="0,1" hai="32,33,34,50,55,58,79,82,87,94,97,102,112,115" machi="34" ten="40,2600,0" yaku="1,1,53,1" doraHai="120" doraHaiUra="44" who="2" fromWho="3" sc="290,0,315,0,226,36,159,-26" /><INIT seed="2,0,0,0,0,69" ten="290,315,262,133" oya="2" hai0="78,119,96,47,77,46,129,97,102,55,120,116,8" hai1="135,0,71,60,95,90,43,6,93,1,100,76,39" hai2="123,4,104,54,30,115,23,85,38,66,84,130,131" hai3="45,63,41,124,25,12,105,82,34,29,91,32,57"/><V10/><F115/><W27/><G105/><T113/><D113/><U128/><E76/><N who="0" m="29289" /><D120/><U99/><E128/><N who="2" m="49195" /><F104/><W18/><G124/><T36/><D129/><U126/><E126/><V59/><F66/><W21/><G82/><T101/><D8/><U24/><E135/><V111/><F123/><W40/><G91/><T9/><D9/><U42/><E24/><N who="2" m="16671" /><F111/><W44/><G41/><T83/><D83/><U53/><E71/><V62/><F38/><W33/><G27/><T79/><D55/><U112/><E112/><V127/><F127/><W103/><G103/><N who="0" m="39435" /><D79/><U89/><E100/><V132/><F132/><W20/><REACH who="3" step="1"/><G40/><REACH who="3" ten="290,315,262,123" step="2"/><T17/><D116/><U70/><E43/><V75/><F75/><W94/><G94/><T50/><D119/><U2/><E93/><V3/><AGARI ba="0,1" hai="3,4,10,54,59,62,84,85" m="16671,49195" machi="3" ten="30,1500,0" yaku="19,1" doraHai="69" who="2" fromWho="2" sc="290,-5,315,-5,262,25,123,-5" /><INIT seed="2,1,0,1,2,3" ten="285,310,287,118" oya="2" hai0="70,99,49,128,113,133,119,92,98,53,105,54,13" hai1="36,104,94,106,17,83,135,87,95,32,126,27,116" hai2="124,30,11,85,117,59,8,63,134,103,91,76,29" hai3="90,35,81,48,100,110,44,80,89,74,38,114,127"/><V102/><F76/><W1/><G38/><T66/><D113/><U82/><E116/><V51/><F117/><W131/><G35/><T15/><D119/><U22/><E36/><V12/><F51/><W45/><G1/><T101/><D128/><U20/><E32/><V16/><F124/><W41/><G100/><N who="2" m="38441" /><F11/><W86/><G131/><T26/><D133/><U6/><E135/><V50/><F50/><W47/><G127/><T68/><D53/><U40/><E40/><V58/><F134/><W115/><G110/><T93/><D26/><U0/><E126/><V42/><F42/><W109/><G109/><T60/><D68/><U46/><E46/><V14/><F14/><W122/><G122/><T130/><D130/><U4/><E0/><V129/><F129/><W21/><G74/><T108/><D108/><U96/><E106/><V25/><F25/><W107/><G107/><T9/><D13/><N who="1" m="9263" /><E104/><V111/><F111/><W57/><G57/><N who="2" m="21513" /><F63/><W24/><G115/><T34/><D34/><U78/><E83/><AGARI ba="1,0" hai="8,12,16,29,30,83,85,91" m="21513,38441" machi="83" ten="30,2900,0" yaku="8,1,54,1" doraHai="3" who="2" fromWho="1" sc="285,0,310,-32,287,32,118,0" /><INIT seed="2,2,0,1,5,106" ten="285,278,319,118" oya="2" hai0="43,95,20,103,82,111,128,84,76,135,31,71,63" hai1="61,53,108,3,105,112,75,12,37,104,57,79,44" hai2="85,109,97,122,51,123,129,90,70,80,10,81,11" hai3="13,0,91,118,89,23,54,49,86,34,40,4,107"/><V9/><F129/><W93/><G34/><T134/><D128/><U48/><E108/><V45/><F70/><W94/><G107/><T96/><D111/><U1/><E112/><V69/><F69/><W56/><G118/><T62/><D43/><U99/><E37/><V39/><F39/><W55/><G0/><T29/><D20/><U65/><E104/><V113/><F113/><W21/><G40/><T35/><D35/><U42/><E12/><V47/><F109/><W132/><G132/><N who="0" m="50731" /><D71/><U16/><E16/><V115/><F115/><W117/><G117/><T59/><D62/><U120/><E120/><V15/><F97/><W73/><G73/><T119/><D119/><U66/><E66/><AGARI ba="2,0" hai="29,31,59,63,66,76,82,84,95,96,103" m="50731" machi="66" ten="30,1000,0" yaku="20,1" doraHai="106" who="0" fromWho="1" sc="285,16,278,-16,319,0,118,0" /><INIT seed="3,0,0,0,0,121" ten="301,262,319,118" oya="3" hai0="54,5,35,133,12,42,69,73,118,91,105,50,28" hai1="55,40,119,21,1,52,13,18,27,31,67,30,64" hai2="87,76,58,84,38,132,78,17,19,14,59,49,109" hai3="116,127,123,3,129,10,11,97,98,45,43,89,71"/><W93/><G123/><T101/><D118/><U110/><E1/><V134/><F38/><W33/><G116/><T70/><D73/><U100/><E119/><V72/><F49/><W25/><G71/><T57/><D133/><U102/><E40/><V126/><F14/><W120/><G120/><T79/><D79/><U39/><E110/><V95/><F95/><W16/><G127/><T65/><D101/><N who="1" m="39019" /><E39/><V117/><F117/><W8/><G129/><T77/><D77/><U94/><E94/><V47/><F47/><W32/><G3/><T23/><D35/><U44/><E44/><V86/><F84/><W115/><G115/><T125/><D125/><U83/><E83/><V131/><F126/><W68/><G68/><T82/><D105/><U53/><E31/><V81/><F81/><W56/><G56/><T15/><D42/><U61/><E61/><V108/><REACH who="2" step="1"/><F131/><REACH who="2" ten="301,262,309,118" step="2"/><W74/><G74/><AGARI ba="0,1" hai="17,19,58,59,72,74,76,78,86,87,108,109,132,134" machi="74" ten="25,12000,2" yaku="1,1,2,1,22,2,52,2,53,0" doraHai="121" doraHaiUra="60" who="2" fromWho="3" sc="301,0,262,0,309,130,118,-120" owari="301,10.1,262,-13.8,439,53.9,-2,-50.2" /></mjloggm>