<mjloggm ver="2.3"><GO type="169" lobby="0"/><UN n0="%53%74%65%69%6E%73" n1="%68%61%72%75%6B%61%73" n2="%76%E3%81%B5%E3%83%BC%E3%81%A1%E3%82%83%E3%82%93%76" n3="%73%79%6C%76%65%6F%6E" dan="17,18,17,16" rate="2208.52,2216.41,2176.26,2194.91" sx="M,M,M,M"/><TAIKYOKU oya="0"/><INIT seed="0,0,0,3,2,22" ten="250,250,250,250" oya="0" hai0="81,104,64,12,40,67,116,110,112,127,35,15,2" hai1="41,16,105,125,94,61,3,14,34,37,31,51,53" hai2="130,102,128,106,74,33,122,4,60,89,25,49,79" hai3="68,73,99,123,39,0,82,24,46,52,8,113,91"/><T10/><D112/><U87/><E105/><V20/><F122/><W59/><G113/><T93/><D116/><U19/><E3/><V29/><F4/><W26/><G68/><T62/><D104/><U6/><E125/><V86/><F49/><W92/><G123/><T69/><D127/><U109/><E109/><V121/><F121/><W28/><G39/><T131/><D131/><U124/><E61/><V97/><F20/><W85/><G73/><T107/><D107/><U129/><E129/><V103/><F103/><W72/><G72/><T115/><D115/><U126/><E19/><V5/><F5/><W111/><G111/><T36/><D110/><U56/><E6/><V44/><F44/><W47/><G8/><T58/><D35/><U132/><E41/><V23/><F23/><N who="3" m="15391" /><G26/><T50/><D2/><U78/><E37/><V108/><F108/><W70/><G70/><T7/><D36/><U80/><E94/><N who="2" m="54583" /><F60/><N who="3" m="35943" /><G0/><T76/><D69/><U38/><E38/><V77/><F130/><W75/><G75/><T30/><D10/><U101/><E126/><V11/><F128/><W120/><G120/><T13/><D13/><U90/><E124/><V100/><F11/><W65/><G65/><T71/><D15/><U42/><E14/><V45/><F74/><W32/><G32/><T83/><D12/><U63/><E34/><V48/><F48/><W135/><G135/><T117/><D50/><U98/><E132/><V95/><F45/><W66/><G66/><T9/><D67/><U43/><E51/><V55/><F55/><W18/><G18/><T84/><D71/><RYUUKYOKU ba="0,0" sc="250,-15,250,-15,250,15,250,15" hai2="25,29,33,77,79,95,97,100,102,106" hai3="46,47,82,85,91,92,99" /><INIT seed="1,1,0,4,4,40" ten="235,235,265,265" oya="1" hai0="62,91,128,51,63,134,72,60,133,3,22,47,131" hai1="32,41,102,103,114,97,122,115,36,1,71,61,85" hai2="45,94,129,113,96,101,86,106,56,75,15,27,25" hai3="93,73,53,90,29,52,12,31,11,43,38,14,111"/><U35/><E122/><V44/><F75/><W0/><G73/><T50/><D3/><U84/><E1/><V28/><F129/><N who="0" m="49738" /><D72/><U87/><E103/><V18/><F113/><W116/><G0/><T67/><D91/><U66/><E35/><V34/><F27/><W8/><G111/><T132/><D22/><U55/><E55/><N who="3" m="21066" /><G43/><N who="0" m="24959" /><D51/><U99/><E32/><V58/><F106/><W130/><G38/><T20/><D20/><U19/><E19/><V64/><F86/><W117/><G130/><T70/><AGARI ba="1,0" hai="60,62,63,67,70,132,133,134" m="24959,49738" machi="70" ten="40,8000,1" yaku="20,1,19,1,34,2,52,1" doraHai="40" who="0" fromWho="0" sc="235,83,235,-41,265,-21,265,-21" /><INIT seed="2,0,0,5,2,93" ten="318,194,244,244" oya="2" hai0="66,111,88,16,10,18,20,132,82,73,70,77,124" hai1="32,115,106,63,7,108,120,74,110,83,17,127,51" hai2="90,49,41,9,33,97,38,68,55,19,61,3,65" hai3="13,119,104,22,125,96,64,123,133,78,121,12,44"/><V30/><F33/><W116/><G64/><T29/><D111/><U101/><E115/><V42/><F30/><W15/><G44/><T131/><D131/><U27/><E127/><V98/><F90/><W36/><G36/><T46/><D124/><U75/><E51/><V89/><F89/><W31/><G78/><T57/><D132/><U58/><E7/><N who="2" m="1279" /><F41/><W91/><G125/><T26/><D70/><U40/><E40/><V134/><F19/><W117/><G104/><T8/><D46/><U112/><E112/><V130/><F130/><W60/><G60/><T99/><D8/><U86/><E120/><N who="3" m="46154" /><G96/><T43/><D10/><U5/><E5/><V37/><F37/><W14/><G91/><T103/><D43/><U35/><E101/><V107/><F107/><W69/><G69/><T84/><D57/><U11/><E106/><V76/><F76/><W128/><G128/><T109/><D66/><U53/><E86/><V85/><F85/><W81/><G81/><T79/><D109/><U59/><E83/><V80/><F80/><W25/><G15/><T135/><D79/><U71/><E71/><V2/><F2/><W52/><G52/><T114/><D114/><U126/><E126/><V100/><F100/><W92/><G92/><N who="0" m="54279" /><D135/><AGARI ba="0,0" hai="12,13,14,22,25,31,116,117,119,133,135" m="46154" machi="135" ten="40,2600,0" yaku="34,2" doraHai="93" who="3" fromWho="0" sc="318,-26,194,0,244,0,244,26" /><INIT seed="3,0,0,4,5,113" ten="292,194,244,270" oya="3" hai0="98,54,114,104,68,122,116,50,123,70,90,51,5" hai1="1,108,47,96,46,21,3,134,73,86,29,126,77" hai2="53,95,33,118,18,131,124,39,28,10,36,27,101" hai3="11,103,117,23,89,125,9,80,97,135,75,129,72"/><W4/><G125/><T17/><D5/><U109/><E73/><V22/><F124/><W94/><G129/><T64/><D17/><U91/><E77/><V49/><F131/><W133/><G23/><T63/><D90/><U19/><E29/><V7/><F118/><W0/><G11/><T76/><D76/><U20/><E96/><V56/><F95/><W130/><G130/><T115/><D98/><U55/><E126/><V71/><F71/><W85/><REACH who="3" step="1"/><G117/><REACH who="3" ten="292,194,244,260" step="2"/><T67/><D116/><U119/><E119/><V111/><F111/><W92/><G92/><T8/><D8/><U112/><E109/><V93/><F93/><W105/><G105/><T120/><D104/><U62/><E108/><V6/><F101/><W84/><G84/><T25/><D25/><U35/><E86/><V15/><F6/><W82/><G82/><T65/><D50/><U110/><E110/><V69/><REACH who="2" step="1"/><F69/><REACH who="2" ten="292,194,234,260" step="2"/><W83/><G83/><T34/><D70/><U48/><E112/><N who="0" m="43049" /><D34/><U61/><E35/><V32/><F32/><W106/><G106/><T38/><D38/><U87/><E87/><V102/><F102/><W132/><AGARI ba="0,2" hai="0,4,9,72,75,80,85,89,94,97,103,132,133,135" machi="132" ten="30,6000,0" yaku="1,1,0,1,20,1,53,0" doraHai="113" doraHaiUra="31" who="3" fromWho="3" sc="292,-20,194,-20,234,-20,260,80" /><INIT seed="3,1,0,3,0,96" ten="272,174,214,340" oya="3" hai0="114,58,107,129,89,134,20,75,22,105,41,119,34" hai1="60,91,125,56,14,108,7,131,82,50,117,120,93" hai2="38,49,63,45,43,100,102,121,97,127,73,78,2" hai3="57,33,23,16,28,130,36,6,70,101,98,42,15"/><W32/><G70/><T46/><D119/><U52/><E120/><V124/><F121/><W110/><G130/><T77/><D34/><U39/><E39/><V61/><F2/><W12/><G28/><T24/><D129/><U25/><E117/><V71/><F97/><W62/><G110/><T92/><D134/><U30/><E108/><V37/><F78/><W104/><G42/><T54/><D114/><U44/><E125/><N who="2" m="48203" /><F73/><W1/><G1/><T35/><D35/><U68/><E68/><V48/><F48/><W133/><G36/><N who="2" m="13929" /><F71/><W51/><G51/><T90/><D41/><U67/><E131/><V10/><F10/><W55/><REACH who="3" step="1"/><G133/><REACH who="3" ten="272,174,214,330" step="2"/><T112/><D112/><U81/><E50/><V40/><F40/><W94/><G94/><T65/><D92/><U66/><E93/><V109/><F109/><W135/><G135/><T26/><D107/><U118/><E118/><V103/><AGARI ba="1,1" hai="43,45,49,61,63,100,102,103" m="13929,48203" machi="103" ten="40,8000,1" yaku="18,1,52,3" doraHai="96" who="2" fromWho="2" sc="272,-21,174,-21,214,93,330,-41" /><INIT seed="4,0,0,4,0,48" ten="251,153,307,289" oya="0" hai0="45,61,31,100,88,16,62,11,41,76,114,130,74" hai1="22,119,25,91,58,129,126,4,78,38,71,127,27" hai2="28,33,93,30,46,101,1,56,112,85,89,14,2" hai3="53,84,87,10,32,67,109,80,18,17,132,113,52"/><T47/><D114/><U94/><E119/><V135/><F112/><W107/><G109/><T131/><D100/><U43/><E71/><V49/><F135/><W79/><G107/><T81/><D31/><U96/><E129/><N who="0" m="49161" /><D47/><U125/><E78/><V8/><F33/><W13/><G32/><T70/><D70/><U110/><E110/><V64/><F1/><W105/><G105/><T108/><D108/><U54/><E4/><V66/><F2/><W0/><G0/><T26/><D88/><U104/><E104/><V116/><F101/><W44/><G113/><T6/><D6/><U12/><E43/><V40/><F116/><W90/><G132/><T55/><D41/><U122/><E38/><V128/><F128/><W75/><G75/><T83/><D83/><U57/><E57/><V35/><F35/><W39/><G39/><T102/><D102/><U68/><E68/><V124/><F56/><W50/><G67/><N who="2" m="25641" /><F124/><W72/><G72/><T34/><D34/><U106/><E106/><V59/><F59/><W117/><G117/><T36/><D36/><U133/><E133/><V60/><F89/><W21/><G53/><T19/><D11/><U103/><E103/><V95/><F8/><W29/><G29/><T121/><D121/><U20/><E122/><V120/><F28/><W99/><G99/><T92/><D92/><U111/><E111/><V63/><F30/><W82/><G21/><N who="0" m="13607" /><D19/><AGARI ba="0,0" hai="10,13,17,18,19,44,50,52,79,80,82,84,87,90" machi="19" ten="30,12000,2" yaku="7,1,25,2,8,1,52,1,54,1" doraHai="48" who="3" fromWho="0" sc="251,-120,153,0,307,0,289,120" /><INIT seed="5,0,0,1,3,83" ten="131,153,307,409" oya="1" hai0="58,114,75,36,28,27,110,71,95,113,80,8,134" hai1="44,79,25,108,11,107,94,109,18,54,48,81,124" hai2="76,24,103,14,96,53,65,105,99,77,85,102,49" hai3="68,12,117,97,100,131,63,130,21,74,7,133,93"/><U112/><E107/><V126/><F126/><W51/><G74/><T78/><D110/><U120/><E120/><V20/><F65/><W121/><G121/><T0/><D71/><U37/><E124/><V52/><F14/><W34/><G34/><T122/><D122/><U98/><E37/><V57/><F53/><W33/><G33/><T39/><D134/><U91/><E112/><N who="0" m="43113" /><D58/><U73/><REACH who="1" step="1"/><E11/><REACH who="1" ten="131,143,307,409" step="2"/><V88/><F103/><W89/><G100/><T66/><D66/><U50/><E50/><V115/><F115/><W111/><G51/><T47/><D47/><U118/><E118/><V127/><F127/><W45/><G117/><T32/><D95/><U101/><E101/><V10/><F10/><W123/><G93/><T56/><D56/><U72/><E72/><V92/><F99/><W55/><G97/><T19/><D19/><AGARI ba="0,1" hai="19,20,24,49,52,57,76,77,85,88,92,96,102,105" machi="19" ten="30,7700,0" yaku="7,1,52,1,54,2" doraHai="83" who="2" fromWho="0" sc="131,-77,143,0,307,87,409,0" /><INIT seed="6,0,0,3,2,98" ten="54,143,394,409" oya="2" hai0="44,101,125,87,66,20,82,15,50,119,56,108,133" hai1="131,86,78,70,51,31,19,32,81,63,83,107,62" hai2="67,121,134,0,105,18,52,8,16,57,127,53,106" hai3="72,65,120,85,128,60,64,124,110,11,94,26,17"/><V118/><F121/><W6/><G110/><T104/><D108/><U97/><E131/><V116/><F67/><W61/><G120/><T84/><D133/><U123/><E123/><V58/><F8/><W12/><G72/><T93/><D125/><U130/><E70/><V111/><F111/><W42/><G42/><T55/><D119/><U36/><E36/><V45/><F45/><W73/><G73/><T77/><D104/><U1/><E1/><V89/><F89/><N who="3" m="53551" /><G124/><T129/><D129/><U14/><E51/><V100/><F127/><W90/><G128/><T117/><D117/><U54/><E54/><V23/><F0/><W37/><G37/><T132/><D132/><U115/><E115/><V79/><F134/><W74/><G74/><T28/><D87/><U30/><E32/><V69/><F79/><W95/><G64/><T109/><D109/><U25/><E81/><V41/><F41/><W3/><G65/><T13/><D28/><U113/><E30/><V126/><F126/><W9/><G3/><T40/><D20/><U33/><E113/><V114/><F23/><N who="3" m="13679" /><G11/><T88/><D66/><U22/><E130/><V49/><F114/><W99/><AGARI ba="0,0" hai="6,9,12,60,61,90,95,99" m="13679,53551" machi="99" ten="30,1100,0" yaku="8,1" doraHai="98" who="3" fromWho="3" sc="54,-3,143,-3,394,-5,409,11" /><INIT seed="7,0,0,4,2,57" ten="51,140,389,420" oya="3" hai0="48,29,49,5,11,134,56,95,41,24,44,104,118" hai1="58,97,132,28,81,124,53,27,17,23,2,102,99" hai2="120,69,75,130,21,59,37,18,86,94,38,62,72" hai3="20,70,13,46,108,127,33,125,77,71,110,43,54"/><W79/><G33/><T76/><D134/><U111/><E124/><N who="3" m="47690" /><G54/><T15/><D118/><U42/><E111/><N who="3" m="42538" /><G20/><T40/><D104/><U19/><E2/><V119/><F130/><W68/><G13/><T63/><D76/><U117/><E117/><V106/><F106/><W66/><G66/><T25/><D95/><N who="1" m="58687" /><E42/><V84/><F120/><W31/><G31/><T50/><D40/><U51/><E132/><V92/><F119/><W10/><G10/><T8/><D8/><U35/><E35/><V103/><F69/><W88/><G88/><T1/><D1/><U60/><E99/><V101/><F59/><W112/><G112/><T80/><D80/><U9/><E81/><V121/><F121/><W12/><G12/><T61/><D24/><U64/><E9/><V114/><F21/><W65/><G65/><T4/><D4/><U135/><E135/><V123/><F18/><W47/><G47/><AGARI ba="0,0" hai="17,19,23,27,28,47,51,53,58,60,64" m="58687" machi="47" ten="30,3900,0" yaku="25,1,8,1,52,1" doraHai="57" who="1" fromWho="3" sc="51,0,140,39,389,0,420,-39" owari="51,-44.9,179,-22.1,389,48.9,381,18.1" /></mjloggm>