<mjloggm ver="2.3"><GO type="169" lobby="0"/><UN n0="%E7%90%B4%E5%AF%84%E6%96%87%E4%B9%83" n1="%6D%61%6A%75%6E%69%61" n2="%E3%81%9D%E3%82%93%E3%81%97%E6%A7%98" n3="%E7%8E%84%E5%8C%96" dan="16,17,18,16" rate="2183.74,2200.00,2230.05,2137.98" sx="M,M,M,M"/><TAIKYOKU oya="0"/><INIT seed="0,0,0,1,1,102" ten="250,250,250,250" oya="0" hai0="101,126,38,97,54,71,8,64,9,121,31,24,80" hai1="109,98,90,127,0,58,46,40,4,86,114,85,56" hai2="53,131,82,91,123,124,87,73,63,25,44,107,122" hai3="34,110,59,29,119,83,128,21,16,79,39,108,104"/><T75/><D121/><U130/><E114/><V26/><F124/><W18/><G39/><T113/><D38/><U84/><E127/><V78/><F131/><W6/><G119/><T20/><D126/><U1/><E130/><V133/><F133/><W13/><G128/><T67/><D113/><U66/><E109/><N who="3" m="42090" /><G6/><T61/><D67/><U43/><E43/><V125/><F125/><W76/><G104/><T30/><D30/><U106/><E4/><V22/><F107/><W111/><N who="3" m="42098" /><W37/><DORA hai="70" /><G37/><T19/><D54/><U42/><E42/><V36/><F26/><N who="3" m="18743" /><G83/><T60/><D60/><U92/><E106/><V35/><F36/><W28/><G28/><T94/><REACH who="0" step="1"/><D31/><REACH who="0" ten="240,250,250,250" step="2"/><U55/><E66/><V41/><F63/><W33/><G33/><T3/><D3/><U117/><E117/><V23/><F35/><W11/><G59/><T96/><D96/><U120/><E98/><V57/><F57/><W129/><G129/><T115/><D115/><U12/><E58/><V52/><F123/><W74/><G74/><T50/><D50/><U48/><E120/><V89/><F73/><W2/><G2/><T7/><D7/><U5/><E1/><V135/><F122/><W15/><AGARI ba="0,1" hai="11,13,15,16,18,21,76,79" m="18743,42098" machi="15" ten="40,2700,0" yaku="14,1,54,1" doraHai="102,70" who="3" fromWho="3" sc="240,-13,250,-7,250,-7,250,37" /><INIT seed="1,0,0,3,0,5" ten="227,243,243,287" oya="1" hai0="43,111,126,132,94,24,58,116,106,12,46,102,133" hai1="47,14,63,34,95,60,38,67,122,68,110,129,17" hai2="130,82,20,15,92,25,49,22,93,45,103,9,23" hai3="97,42,8,35,72,1,21,29,30,85,123,112,57"/><U120/><E34/><V53/><F130/><W87/><G72/><T134/><D116/><U119/><E119/><V2/><F2/><W78/><G123/><T41/><D106/><U33/><E33/><V84/><F25/><W74/><G112/><T86/><D111/><U114/><E114/><V44/><F44/><W28/><G97/><N who="0" m="59703" /><D126/><U107/><E107/><V37/><F37/><W81/><G21/><T61/><D24/><U90/><E129/><V40/><F103/><W10/><G35/><T27/><D27/><U127/><E127/><V62/><F62/><W115/><G115/><T36/><D86/><U125/><E125/><V39/><F39/><W32/><G32/><T108/><D108/><U26/><E26/><V52/><F93/><W80/><G1/><T54/><D41/><U105/><E105/><V117/><F92/><W76/><G42/><T100/><D100/><U51/><E38/><V71/><F71/><W18/><G18/><T70/><D70/><U66/><E110/><V109/><F117/><W0/><G0/><T89/><D89/><U113/><E113/><V56/><F56/><W77/><G57/><T128/><D12/><U6/><E6/><N who="2" m="3511" /><F109/><W131/><G131/><AGARI ba="0,0" hai="36,43,46,54,58,61,128,131,132,133,134" m="59703" machi="131" ten="40,1300,0" yaku="20,1" doraHai="5" who="0" fromWho="3" sc="227,13,243,0,243,0,287,-13" /><INIT seed="2,0,0,3,3,90" ten="240,243,243,274" oya="2" hai0="132,44,29,131,58,62,0,111,17,91,35,51,16" hai1="108,95,8,59,10,38,50,103,113,134,126,3,33" hai2="37,98,123,130,30,106,26,76,75,96,42,80,69" hai3="122,114,52,99,31,7,97,94,93,109,57,41,125"/><V81/><F123/><W48/><G122/><T14/><D0/><U19/><E113/><V45/><F130/><W102/><G114/><T135/><D131/><U68/><E68/><V120/><F120/><W2/><G125/><T86/><D111/><U15/><E38/><V74/><F69/><W73/><G73/><T115/><D115/><U6/><E126/><V66/><F66/><W84/><G109/><T9/><D29/><U20/><E134/><N who="0" m="51241" /><D35/><U36/><E36/><V100/><F98/><W119/><G119/><T92/><D62/><U24/><E108/><V129/><F129/><W47/><G31/><T54/><D58/><U40/><E59/><V87/><REACH who="2" step="1"/><F81/><REACH who="2" ten="240,243,233,274" step="2"/><W133/><G133/><T1/><D1/><U77/><E3/><V12/><F12/><W85/><G2/><T128/><D128/><U127/><E15/><V118/><F118/><W55/><G7/><AGARI ba="0,1" hai="7,9,14,16,17,44,51,54,86,91,92" m="51241" machi="7" ten="30,3900,0" yaku="20,1,52,1,54,1" doraHai="90" who="0" fromWho="3" sc="240,49,243,0,233,0,274,-39" /><INIT seed="3,0,0,4,2,63" ten="289,243,233,235" oya="3" hai0="108,17,26,101,122,31,106,67,34,58,73,88,49" hai1="91,129,74,120,127,116,15,80,44,25,98,82,48" hai2="8,75,27,1,24,56,28,65,45,76,66,41,42" hai3="128,60,13,131,64,114,10,0,2,130,89,134,50"/><W54/><G114/><T105/><D122/><U133/><E120/><V104/><F104/><W22/><G22/><T99/><D73/><U20/><E129/><V135/><F135/><W85/><G134/><T69/><D108/><U12/><E133/><V23/><F75/><W4/><G50/><T55/><D17/><U33/><E33/><V112/><F76/><W71/><REACH who="3" step="1"/><G54/><REACH who="3" ten="289,243,233,225" step="2"/><T84/><D106/><U51/><E127/><V83/><F23/><W29/><G29/><T124/><D124/><U87/><E116/><V37/><F28/><W21/><G21/><T30/><D30/><U59/><E48/><V6/><F112/><W100/><G100/><T78/><D49/><U126/><E126/><V18/><F42/><W96/><G96/><T9/><D55/><U70/><E98/><V57/><F41/><W47/><G47/><T86/><D99/><U123/><E123/><V125/><F45/><W16/><G16/><T3/><D101/><U68/><E44/><V62/><F18/><W46/><G46/><T14/><D105/><U103/><E51/><V5/><F125/><W118/><G118/><T52/><D52/><U113/><E103/><V81/><F6/><W102/><G102/><T32/><D31/><U38/><E20/><V94/><F5/><W53/><G53/><T36/><D34/><U35/><E35/><V7/><F7/><W93/><AGARI ba="0,1" hai="0,2,4,10,13,60,64,71,85,89,93,128,130,131" machi="93" ten="30,11700,0" yaku="1,1,0,1,19,1,52,1,53,0" doraHai="63" doraHaiUra="97" who="3" fromWho="3" sc="289,-39,243,-39,233,-39,225,127" /><INIT seed="3,1,0,3,0,124" ten="250,204,194,352" oya="3" hai0="61,0,100,32,34,38,27,133,11,96,111,102,10" hai1="127,45,120,93,23,123,101,86,47,62,107,115,122" hai2="48,81,65,52,59,91,19,119,40,69,51,35,64" hai3="7,121,83,30,3,24,132,37,82,131,53,13,110"/><W68/><G121/><T128/><D38/><U33/><E115/><V71/><F35/><W78/><G68/><N who="2" m="26185" /><F19/><W28/><G28/><T50/><D111/><U63/><E127/><V104/><F91/><W14/><G110/><T109/><D109/><U130/><E33/><V98/><F98/><W126/><G126/><T135/><D100/><U76/><E107/><V74/><F81/><W16/><G37/><T112/><D112/><U117/><E117/><V25/><F25/><W118/><G118/><T84/><D84/><U8/><E8/><V90/><F90/><W113/><G113/><T2/><D32/><U94/><E23/><V56/><F74/><W21/><G14/><T79/><D79/><U9/><E9/><V31/><F31/><W72/><G83/><T88/><D34/><U70/><E70/><V49/><F104/><W103/><G103/><T125/><D102/><U67/><E101/><V43/><F119/><W80/><G80/><T87/><D125/><U1/><E86/><V39/><F39/><W29/><G29/><T60/><D87/><U12/><E12/><V116/><F116/><W89/><G89/><T85/><D88/><U77/><E122/><V6/><F6/><W57/><G7/><T95/><D85/><U18/><E18/><V42/><F59/><W106/><G106/><T5/><D5/><U54/><E1/><V105/><F105/><W73/><G3/><T22/><D2/><U36/><E36/><V97/><F97/><W99/><G99/><T4/><D96/><U75/><E120/><V108/><F108/><W92/><G72/><RYUUKYOKU ba="1,0" sc="250,-10,204,-10,194,30,352,-10" hai2="40,42,43,48,49,51,52,56,64,65" /><INIT seed="4,2,0,4,3,27" ten="240,194,224,342" oya="0" hai0="128,110,114,70,127,35,68,78,80,1,3,49,75" hai1="63,95,65,102,126,6,42,124,117,56,107,105,73" hai2="21,125,28,19,132,0,122,8,94,83,92,5,88" hai3="111,24,67,109,135,108,60,11,130,77,133,20,43"/><T13/><D114/><U38/><E117/><V23/><F122/><W69/><G77/><T72/><D72/><U76/><E6/><V84/><F125/><N who="1" m="48233" /><E73/><V61/><F132/><N who="3" m="50763" /><G43/><T131/><D127/><U89/><E76/><V62/><F23/><W41/><G41/><T46/><D110/><U58/><E102/><V12/><F28/><N who="3" m="17415" /><G11/><T81/><D81/><U96/><E56/><V29/><F29/><W50/><G50/><T17/><D35/><U18/><E18/><V16/><REACH who="2" step="1"/><F19/><REACH who="2" ten="240,194,214,342" step="2"/><W22/><G22/><T120/><D120/><U54/><E65/><V79/><F79/><W9/><G9/><T99/><D78/><U93/><E93/><AGARI ba="2,1" hai="0,5,8,12,16,21,61,62,83,84,88,92,93,94" machi="93" ten="40,5200,0" yaku="1,1,54,2,53,0" doraHai="27" doraHaiUra="129" who="2" fromWho="1" sc="240,0,194,-58,214,68,342,0" /><INIT seed="5,0,0,3,2,128" ten="240,136,282,342" oya="1" hai0="3,73,65,126,53,125,101,16,63,111,51,61,77" hai1="35,32,21,23,98,103,81,127,46,24,8,130,18" hai2="96,5,47,50,120,133,122,107,60,112,116,115,38" hai3="7,87,10,37,43,113,78,62,54,93,132,31,104"/><U88/><E130/><V14/><F116/><W100/><G113/><N who="2" m="43593" /><F38/><W39/><G31/><T59/><D111/><U108/><E108/><V49/><F60/><W102/><G132/><T119/><D119/><U106/><E127/><N who="0" m="48649" /><D3/><U1/><E46/><V134/><F107/><W56/><G104/><T4/><D4/><U36/><E36/><V114/><F96/><W2/><G39/><T57/><D101/><U30/><E1/><V68/><F68/><W124/><G124/><T40/><D16/><U72/><E8/><N who="2" m="4367" /><F114/><W12/><G2/><T75/><D77/><U91/><E72/><N who="0" m="27721" /><D40/><U58/><E58/><V90/><F90/><N who="3" m="53471" /><G37/><T17/><D17/><U123/><E123/><N who="2" m="47147" /><F50/><AGARI ba="0,0" hai="50,51,53,57,59,61,63,65" m="27721,48649" machi="50" ten="30,1000,0" yaku="18,1" doraHai="128" who="0" fromWho="2" sc="240,10,136,0,282,-10,342,0" /><INIT seed="6,0,0,4,4,73" ten="250,136,272,342" oya="2" hai0="85,63,25,2,131,98,79,67,128,125,11,117,29" hai1="36,94,92,12,91,37,130,87,80,108,18,76,50" hai2="43,23,39,105,20,15,90,41,96,6,78,123,83" hai3="22,107,72,103,9,111,122,35,132,0,16,69,26"/><V89/><F123/><W30/><G111/><T51/><D125/><U4/><E108/><V32/><F32/><W97/><G122/><T17/><D117/><U71/><E130/><N who="0" m="49705" /><D51/><U56/><E71/><V121/><F121/><W61/><G132/><T99/><D85/><U102/><E4/><V109/><F109/><W77/><G72/><T19/><D79/><U82/><E94/><V13/><F105/><W60/><G77/><T53/><D53/><U75/><E82/><V84/><F39/><W127/><G127/><T55/><D55/><U113/><E113/><V110/><F110/><W28/><G28/><T134/><D17/><U1/><E1/><V112/><F112/><W45/><G45/><T48/><D48/><U27/><E27/><V46/><F96/><W93/><G93/><T40/><D40/><N who="2" m="15434" /><F46/><W33/><G33/><N who="0" m="20655" /><D134/><U65/><E102/><V129/><F129/><W3/><G61/><T119/><D119/><U126/><E126/><V74/><F74/><W57/><G9/><T62/><D62/><U135/><E135/><V52/><F90/><W66/><G57/><N who="0" m="37359" /><D2/><U31/><E31/><V44/><F89/><W115/><G115/><T81/><D81/><U64/><E37/><V49/><F13/><AGARI ba="0,0" hai="0,3,13,16,22,26,30,35,60,66,69,97,103,107" machi="13" ten="30,7700,0" yaku="7,1,25,2,54,1" doraHai="73" who="3" fromWho="2" sc="250,0,136,0,272,-77,342,77" /><AGARI ba="0,0" hai="11,13,19,98,99" m="37359,20655,49705" machi="13" ten="30,1000,0" yaku="19,1" doraHai="73" who="0" fromWho="2" sc="250,10,136,0,195,-10,419,0" /><INIT seed="7,0,0,2,1,40" ten="260,136,185,419" oya="3" hai0="26,122,77,32,55,124,10,19,60,56,78,34,132" hai1="80,75,99,41,45,38,14,31,69,117,106,105,53" hai2="108,101,35,39,121,37,13,91,93,42,129,119,133" hai3="54,52,25,127,1,29,44,89,76,82,15,43,100"/><W128/><G1/><T126/><D122/><U68/><E117/><V36/><F119/><W97/><G128/><T2/><D132/><U66/><E53/><V27/><F108/><W104/><G127/><N who="0" m="48683" /><D19/><U86/><E14/><V59/><F133/><W110/><G15/><T116/><D116/><U3/><E86/><V4/><F129/><W87/><G76/><N who="0" m="29291" /><D26/><U61/><E69/><V135/><F121/><W79/><G79/><T24/><D24/><U96/><E31/><V130/><F130/><W123/><G123/><T16/><D16/><U64/><E64/><V5/><F135/><W92/><G110/><T20/><D20/><U94/><E94/><V50/><F101/><W0/><G0/><T103/><D103/><U131/><E131/><V83/><F93/><W46/><G92/><T118/><D118/><U8/><E80/><V11/><F5/><AGARI ba="0,0" hai="2,5,10,32,34,55,56,60" m="29291,48683" machi="5" ten="30,1000,0" yaku="18,1" doraHai="40" who="0" fromWho="2" sc="260,10,136,0,185,-10,419,0" owari="270,7.0,136,-36.4,175,-22.5,419,51.9" /></mjloggm>