<mjloggm ver="2.3"><GO type="169" lobby="0"/><UN n0="%E8%B1%86%E3%83%80%E3%83%9E%E8%AD%A6%E5%AF%9F" n1="%67%61%79%75%6E%79" n2="%E5%AD%A4%E7%8B%AC%E6%82%A3%E8%80%85" n3="%E3%82%B0%E3%83%B3%E3%83%80%E3%83%AA%E3%83%BC" dan="16,17,16,19" rate="2138.49,2198.82,2060.41,2248.51" sx="M,M,M,M"/><TAIKYOKU oya="0"/><INIT seed="0,0,0,0,0,21" ten="250,250,250,250" oya="0" hai0="90,26,125,51,87,67,73,134,74,61,25,66,108" hai1="85,97,110,133,118,101,52,122,56,93,23,84,7" hai2="92,27,59,91,54,44,119,112,113,46,94,31,22" hai3="64,76,5,14,10,37,24,3,95,75,34,117,6"/><T78/><D134/><U65/><E122/><V98/><F119/><W63/><G117/><T58/><D125/><U47/><E118/><V82/><F82/><W105/><G95/><T62/><D78/><U35/><E35/><V104/><F104/><W132/><G132/><T45/><D108/><U36/><E110/><V33/><F33/><W53/><G53/><T114/><D114/><U100/><E133/><V42/><F94/><W15/><G6/><T107/><D74/><U115/><E65/><V16/><F31/><N who="3" m="19815" /><G15/><T29/><D73/><U135/><E101/><V0/><F0/><W109/><G14/><T102/><D102/><U128/><E128/><V2/><F2/><W11/><G11/><T1/><D1/><U124/><E124/><V111/><F111/><W71/><G109/><T86/><D107/><U70/><E70/><V38/><REACH who="2" step="1"/><F46/><REACH who="2" ten="250,250,240,250" step="2"/><W69/><G105/><T30/><D30/><U129/><E47/><V49/><AGARI ba="0,1" hai="16,22,27,38,42,44,49,54,59,91,92,98,112,113" machi="49" ten="20,12000,2" yaku="1,1,2,1,0,1,7,1,52,1,54,1,53,0" doraHai="21" doraHaiUra="120" who="2" fromWho="2" sc="250,-60,250,-30,240,130,250,-30" /><INIT seed="1,0,0,2,4,27" ten="190,220,370,220" oya="1" hai0="19,42,103,35,33,89,4,62,14,125,51,63,55" hai1="114,31,40,81,0,18,70,36,23,133,80,134,77" hai2="6,21,47,60,46,102,58,82,112,20,57,17,123" hai3="135,113,25,28,76,92,126,121,65,50,5,75,85"/><U95/><E0/><V66/><F123/><W9/><G121/><T22/><D125/><U119/><E70/><V93/><F112/><W128/><G135/><N who="1" m="51722" /><E119/><V107/><F107/><W32/><G128/><T68/><D103/><U90/><E114/><V130/><F130/><W13/><G126/><T99/><D42/><U72/><E81/><V105/><F6/><W74/><G113/><T97/><D4/><U120/><E120/><V41/><F105/><W111/><G111/><T48/><D48/><U8/><E8/><V38/><F47/><W1/><G65/><T108/><D108/><U15/><E40/><V67/><F82/><W34/><G34/><T53/><D53/><U106/><E106/><V12/><F21/><W44/><G1/><T49/><D49/><U56/><E56/><V16/><F17/><W94/><G76/><T37/><D37/><U87/><E36/><V79/><F79/><W129/><G129/><T2/><D2/><U10/><E10/><V88/><F102/><W101/><G101/><T61/><D68/><U71/><E71/><V86/><F58/><W73/><REACH who="3" step="1"/><G85/><REACH who="3" ten="190,220,370,210" step="2"/><T118/><D118/><U116/><E116/><V3/><F3/><W30/><G30/><AGARI ba="0,1" hai="15,18,23,30,31,72,77,80,87,90,95" m="51722" machi="30" ten="30,5800,0" yaku="20,1,52,2" doraHai="27" who="1" fromWho="3" sc="190,0,220,68,370,0,210,-58" /><INIT seed="1,1,0,4,3,129" ten="190,288,370,152" oya="1" hai0="95,9,118,106,121,8,2,109,49,120,86,108,123" hai1="99,66,65,25,58,33,71,131,53,12,5,122,11" hai2="87,56,14,98,85,31,34,57,38,116,80,35,28" hai3="126,77,127,17,45,132,0,88,39,40,59,94,93"/><U63/><E122/><V110/><F38/><W79/><G0/><T83/><D106/><U19/><E131/><V82/><F14/><W55/><G94/><T101/><D118/><U29/><E71/><V6/><F6/><W115/><G115/><T113/><D113/><U1/><REACH who="1" step="1"/><E99/><REACH who="1" ten="190,278,370,152" step="2"/><V96/><F116/><W27/><G127/><T124/><D124/><U41/><E41/><V90/><F110/><W72/><G126/><T69/><D69/><U112/><E112/><V70/><F70/><W133/><G72/><T50/><D109/><U92/><E92/><V21/><F98/><N who="3" m="57639" /><G79/><N who="0" m="46463" /><D108/><U36/><E36/><V114/><F96/><W4/><G77/><T91/><D101/><U76/><E76/><V16/><F114/><W78/><G78/><T24/><D120/><U111/><E111/><V7/><F90/><W81/><G81/><T102/><D102/><U23/><AGARI ba="1,1" hai="1,5,11,12,19,23,25,29,33,53,58,63,65,66" machi="23" ten="20,12000,1" yaku="1,1,0,1,7,1,24,2,53,0" doraHai="129" doraHaiUra="105" who="1" fromWho="1" sc="190,-41,278,133,370,-41,152,-41" /><INIT seed="1,2,0,1,0,49" ten="149,411,329,111" oya="1" hai0="129,33,68,41,55,3,91,69,25,121,1,53,83" hai1="42,35,128,62,36,86,98,29,60,40,135,65,47" hai2="109,123,48,103,27,10,57,15,97,11,19,127,31" hai3="18,52,7,132,84,81,75,6,117,102,77,85,28"/><U73/><E73/><V92/><F123/><W101/><G132/><T108/><D121/><U118/><E118/><V37/><F37/><W9/><G117/><T130/><D41/><U12/><E135/><V20/><F109/><W14/><G75/><T34/><D91/><U51/><E128/><V43/><F127/><W5/><G28/><T87/><D87/><U131/><E131/><V56/><REACH who="2" step="1"/><F11/><REACH who="2" ten="149,411,319,111" step="2"/><W122/><G122/><T50/><D108/><U58/><E36/><V64/><F64/><W13/><G14/><T38/><D38/><U72/><E65/><V82/><F82/><W0/><G0/><T90/><D83/><U93/><E12/><V89/><F89/><W26/><G26/><T4/><D90/><U44/><E35/><V106/><F106/><W17/><G85/><T94/><D25/><U119/><E86/><V46/><AGARI ba="2,1" hai="10,15,19,20,27,31,43,46,48,56,57,92,97,103" machi="46" ten="30,4000,0" yaku="1,1,0,1,8,1,53,0" doraHai="49" doraHaiUra="79" who="2" fromWho="2" sc="149,-12,411,-22,319,56,111,-12" /><INIT seed="2,0,0,3,3,15" ten="137,389,375,99" oya="2" hai0="53,107,9,127,81,26,23,5,54,63,130,103,92" hai1="87,49,99,57,7,55,64,31,0,85,40,56,39" hai2="116,32,18,90,80,66,135,133,28,96,4,112,37" hai3="43,126,109,13,129,1,100,30,120,67,69,10,38"/><V102/><F112/><W59/><G120/><T114/><D114/><U42/><E39/><V74/><F116/><W45/><G109/><T44/><D127/><U60/><E0/><V52/><F37/><W104/><G126/><T86/><D130/><U41/><E7/><V34/><F66/><W27/><G129/><T125/><D125/><U106/><E31/><V131/><F4/><W65/><G1/><T77/><D107/><U12/><E106/><V68/><F68/><W128/><G69/><T123/><D63/><U83/><E99/><V33/><F131/><W8/><G8/><T22/><D22/><U14/><REACH who="1" step="1"/><E87/><REACH who="1" ten="137,379,375,99" step="2"/><N who="2" m="50535" /><F28/><W111/><G104/><T3/><D123/><U72/><E72/><V36/><F36/><W21/><G128/><T75/><D75/><U110/><E110/><V88/><F74/><W117/><G111/><T95/><D86/><U76/><AGARI ba="0,1" hai="12,14,40,41,42,49,55,56,57,60,64,76,83,85" machi="76" ten="30,4000,0" yaku="1,1,0,1,8,1,53,0" doraHai="15" doraHaiUra="122" who="1" fromWho="1" sc="137,-10,379,50,375,-20,99,-10" /><INIT seed="3,0,0,3,2,123" ten="127,429,355,89" oya="3" hai0="80,104,24,56,113,126,64,135,38,12,0,83,99" hai1="134,67,92,26,5,96,82,9,94,125,55,72,8" hai2="108,69,50,109,79,6,90,91,110,7,130,46,97" hai3="124,93,86,116,31,129,85,89,120,43,98,15,84"/><W81/><G120/><T54/><D0/><U66/><E92/><V47/><F69/><W62/><G116/><T52/><D38/><U121/><E121/><V73/><F130/><W40/><G124/><T74/><D126/><U117/><E125/><V53/><F47/><W76/><G129/><T122/><D122/><U102/><E134/><V23/><F23/><W88/><G31/><T95/><D135/><U42/><E117/><V48/><F48/><W127/><G127/><T1/><D1/><U57/><E42/><V30/><F30/><W131/><G131/><T65/><D104/><U133/><E133/><V106/><F106/><W21/><G62/><T119/><D113/><U11/><E5/><N who="2" m="1547" /><F97/><W107/><G107/><T36/><D36/><U17/><E82/><AGARI ba="0,0" hai="46,50,53,73,79,82,90,91,108,109,110" m="1547" machi="82" ten="40,8000,1" yaku="14,1,52,3" doraHai="123" who="2" fromWho="1" sc="127,0,429,-80,355,80,89,0" /><INIT seed="4,0,0,3,0,89" ten="127,349,435,89" oya="0" hai0="12,6,39,97,82,67,104,81,94,8,106,127,21" hai1="75,18,54,70,80,126,115,134,101,45,47,72,76" hai2="85,86,68,121,109,117,30,125,114,100,51,77,4" hai3="60,107,14,9,95,64,128,2,71,110,118,29,5"/><T13/><D39/><U46/><E126/><V124/><F68/><W96/><G110/><T57/><D127/><U52/><E134/><V10/><F109/><W130/><G118/><T32/><D32/><U1/><E1/><V28/><F121/><W69/><G69/><T31/><D104/><U24/><E70/><V61/><F114/><W83/><G107/><T50/><D106/><U103/><E115/><V88/><F117/><W133/><G133/><T108/><D108/><U98/><E103/><V91/><F100/><W92/><G29/><T132/><D132/><U53/><E72/><V34/><F61/><W17/><G83/><T55/><D67/><U35/><E35/><V65/><F65/><W59/><G71/><T66/><D66/><U120/><E120/><V74/><F77/><W63/><G63/><T93/><D31/><U102/><REACH who="1" step="1"/><E98/><REACH who="1" ten="127,339,435,89" step="2"/><V48/><F74/><W19/><G96/><T44/><D97/><U3/><E3/><V15/><F34/><W38/><G38/><T42/><D82/><U23/><AGARI ba="0,1" hai="18,23,24,45,46,47,52,53,54,75,76,80,101,102" machi="23" ten="40,5200,0" yaku="1,1,0,1,54,1,53,0" doraHai="89" doraHaiUra="119" who="1" fromWho="1" sc="127,-26,339,62,435,-13,89,-13" /><INIT seed="5,0,0,2,4,56" ten="101,401,422,76" oya="1" hai0="109,91,113,10,92,13,111,49,98,48,67,104,1" hai1="69,63,38,0,97,26,105,45,135,51,83,78,36" hai2="77,16,95,102,108,59,74,6,107,14,129,33,131" hai3="101,122,34,57,99,60,93,29,3,44,132,103,119"/><U76/><E135/><V123/><F108/><W84/><G122/><T75/><D113/><U64/><E0/><V70/><F70/><W110/><G110/><T114/><D114/><U71/><E71/><V9/><F123/><W89/><G132/><T20/><D75/><U43/><E78/><V40/><F33/><W126/><G126/><T73/><D73/><U115/><E115/><V39/><F107/><W28/><G3/><T96/><D1/><U27/><E36/><V37/><F6/><W11/><G34/><T12/><D67/><U24/><E38/><V134/><F134/><W130/><G130/><N who="2" m="49673" /><F40/><W87/><G11/><T127/><D127/><U125/><E125/><V23/><F23/><W42/><G87/><T124/><D124/><U81/><REACH who="1" step="1"/><E76/><REACH who="1" ten="101,391,422,76" step="2"/><V30/><F77/><W62/><G119/><T25/><D109/><U117/><E117/><V52/><F74/><W53/><G103/><AGARI ba="0,1" hai="24,26,27,43,45,51,63,64,69,81,83,97,103,105" machi="103" ten="40,7700,0" yaku="1,1,52,1,53,1" doraHai="56" doraHaiUra="94" who="1" fromWho="3" sc="101,0,391,87,422,0,76,-77" owari="101,-29.9,478,57.8,422,22.2,-1,-50.1" /></mjloggm>