<mjloggm ver="2.3"><GO type="169" lobby="0"/><UN n0="%E3%83%9D%E3%83%B3%E3%83%9D%E3%82%B3%E5%95%86%E4%BA%8B" n1="%E6%84%9B%E5%A5%BD%E4%BC%9A%E3%82%92%E6%84%9B%E3%81%99%E3%82%8B%E8%80%85" n2="%63%68%69%73%73" n3="%5A%E6%B0%91" dan="16,18,17,18" rate="2073.20,2277.84,2201.76,2259.82" sx="M,F,M,M"/><TAIKYOKU oya="0"/><INIT seed="0,0,0,2,2,41" ten="250,250,250,250" oya="0" hai0="82,10,94,14,17,16,76,129,111,122,60,112,84" hai1="120,83,45,34,20,43,87,54,32,53,2,74,124" hai2="97,107,13,33,49,65,48,44,38,69,125,1,86" hai3="5,106,21,55,85,78,115,100,50,39,67,91,57"/><T23/><D112/><U30/><E120/><V104/><F1/><W132/><G115/><T0/><D122/><U51/><E124/><V117/><F117/><W27/><G39/><T42/><D129/><U66/><E2/><V109/><F109/><W40/><G132/><T92/><D111/><U75/><E66/><V127/><F33/><W70/><G78/><T123/><D123/><U121/><E121/><V96/><F86/><W95/><G40/><T11/><D11/><U31/><E34/><V133/><F65/><W61/><G5/><T59/><D42/><U116/><E32/><V71/><F13/><W63/><G106/><T81/><D81/><U7/><E7/><V25/><F25/><W126/><G100/><T24/><REACH who="0" step="1"/><D0/><REACH who="0" ten="240,250,250,250" step="2"/><U98/><E43/><V130/><F130/><W8/><G8/><T102/><D102/><U15/><E83/><V113/><F113/><W22/><G126/><T52/><AGARI ba="0,1" hai="10,14,16,17,23,24,52,59,60,76,82,84,92,94" machi="52" ten="20,18000,2" yaku="1,1,0,1,7,1,8,1,54,2,53,0" doraHai="41" doraHaiUra="93" who="0" fromWho="0" sc="240,190,250,-60,250,-60,250,-60" /><INIT seed="0,1,0,2,5,6" ten="430,190,190,190" oya="0" hai0="43,112,25,87,88,40,86,18,101,65,4,13,55" hai1="107,28,126,119,1,56,92,108,41,122,3,73,84" hai2="34,15,134,24,66,27,104,131,68,69,103,52,128" hai3="71,49,67,7,59,117,118,129,96,60,46,33,54"/><T2/><D112/><U44/><E119/><V31/><F134/><W98/><G33/><T47/><D87/><U102/><E122/><V50/><F24/><W94/><G129/><N who="2" m="49737" /><F66/><W70/><G98/><T77/><D77/><U115/><E115/><V51/><F51/><W12/><G71/><T89/><D101/><U99/><E108/><V21/><F103/><W78/><G78/><T72/><D72/><U10/><E126/><V97/><F104/><W36/><G7/><T95/><D65/><U63/><E28/><V111/><F111/><W53/><G12/><T82/><D25/><U26/><E26/><N who="2" m="18807" /><F15/><W106/><G106/><T48/><D4/><U20/><E107/><V123/><F97/><W23/><G23/><T19/><D2/><U0/><E20/><V64/><F64/><W105/><G105/><T109/><D109/><U75/><E75/><V16/><F123/><W93/><G93/><T100/><D100/><U5/><E73/><V22/><F22/><W130/><G130/><T37/><D37/><U79/><E84/><V110/><F110/><W124/><G124/><T85/><D18/><U116/><E116/><V35/><F35/><W58/><G94/><T29/><D29/><U9/><E79/><V135/><F135/><W113/><G96/><T76/><D76/><U83/><E83/><V62/><F62/><N who="3" m="40311" /><G113/><T45/><D47/><AGARI ba="1,0" hai="16,21,27,47,50,52,68,69" m="18807,49737" machi="47" ten="30,3900,0" yaku="19,1,54,2" doraHai="6" who="2" fromWho="0" sc="430,-42,190,0,190,42,190,0" /><INIT seed="1,0,0,5,5,18" ten="388,190,232,190" oya="1" hai0="79,22,123,9,92,62,101,112,66,80,76,107,10" hai1="125,84,132,60,14,98,55,73,31,30,104,103,116" hai2="57,40,13,82,24,12,81,105,3,69,75,49,88" hai3="133,95,44,65,67,15,90,61,87,113,134,122,85"/><U21/><E116/><V37/><F69/><W77/><G122/><T131/><D112/><U93/><E132/><N who="3" m="50794" /><G113/><T17/><D107/><U127/><E73/><V43/><F3/><W96/><G77/><T52/><D123/><U2/><E2/><V1/><F1/><W47/><G15/><T86/><D131/><U23/><E104/><V83/><F105/><W46/><G67/><T102/><D79/><U28/><E84/><V120/><F120/><W117/><G117/><T26/><D66/><U74/><E14/><V114/><F37/><W45/><N who="3" m="11264" /><DORA hai="6" /><W63/><G63/><T100/><D92/><U64/><E55/><N who="2" m="31983" /><F75/><W91/><G90/><T29/><D29/><U32/><E74/><V53/><F114/><W106/><G106/><T20/><D20/><U16/><E32/><V34/><F13/><W97/><G87/><T35/><D35/><U119/><E119/><V70/><F12/><W54/><G54/><T5/><D5/><U0/><E0/><V58/><F88/><W94/><G94/><T130/><D130/><U135/><E135/><V33/><F33/><W4/><G4/><T7/><D7/><U121/><E121/><V11/><F34/><W38/><G38/><T110/><D110/><U115/><E115/><V128/><F128/><W27/><G27/><T89/><D76/><U71/><REACH who="1" step="1"/><E16/><REACH who="1" ten="388,180,232,190" step="2"/><V51/><F24/><W109/><G109/><T19/><D17/><U56/><E56/><AGARI ba="0,1" hai="56,61,65,85,91,95,96,97" m="11264,50794" machi="56" ten="40,1300,0" yaku="20,1" doraHai="18,6" who="3" fromWho="1" sc="388,0,180,-13,232,0,190,23" /><AGARI ba="0,0" hai="9,10,19,22,26,52,56,62,80,86,89,100,101,102" machi="56" ten="40,8000,1" yaku="8,1,52,3,54,1" doraHai="18,6" who="0" fromWho="1" sc="388,80,167,-80,232,0,213,0" /><INIT seed="2,0,0,4,5,43" ten="468,87,232,213" oya="2" hai0="127,133,78,64,125,0,26,107,28,77,121,34,38" hai1="13,17,21,53,102,95,91,65,35,57,52,23,70" hai2="106,47,88,61,99,122,115,105,10,134,36,100,129" hai3="73,63,92,111,67,74,113,131,7,31,76,132,93"/><V54/><F122/><W80/><G73/><T89/><D121/><U97/><E35/><V69/><F115/><W14/><G111/><T44/><D107/><U87/><E70/><V50/><F129/><W135/><G31/><T120/><D0/><U108/><E108/><V72/><F134/><N who="3" m="51243" /><G131/><T33/><D33/><U84/><E84/><V19/><F72/><W130/><G130/><T71/><D120/><U41/><E41/><V39/><F106/><W79/><G79/><T59/><D71/><U3/><E3/><V96/><F69/><N who="3" m="42239" /><G113/><T98/><D133/><U101/><E101/><V62/><F36/><W30/><G30/><T104/><D78/><U86/><E86/><V16/><F39/><W5/><G14/><T68/><D77/><U42/><E42/><V118/><F118/><W11/><G11/><T90/><D68/><U8/><E53/><V4/><F61/><W110/><G110/><T2/><D2/><U40/><E40/><V82/><F62/><W18/><G18/><T20/><D34/><U123/><E65/><V9/><F9/><W24/><G24/><T81/><D26/><U49/><REACH who="1" step="1"/><E123/><REACH who="1" ten="468,77,232,213" step="2"/><V128/><F128/><W112/><G112/><T94/><D64/><U56/><E56/><V66/><F66/><W12/><G74/><T48/><D59/><U75/><E75/><V22/><F100/><W27/><G76/><T6/><D38/><U1/><E1/><V85/><F99/><W103/><G103/><T51/><D98/><U55/><E55/><N who="2" m="30175" /><F96/><W126/><G80/><AGARI ba="0,1" hai="8,13,17,21,23,49,52,57,80,87,91,95,97,102" machi="80" ten="30,7700,0" yaku="1,1,7,1,8,1,54,1,53,0" doraHai="43" doraHaiUra="124" who="1" fromWho="3" sc="468,0,77,87,232,0,213,-77" /><INIT seed="3,0,0,4,4,72" ten="468,164,232,136" oya="3" hai0="30,123,76,8,61,2,77,83,6,58,100,63,129" hai1="57,28,118,0,33,53,97,114,41,69,20,95,122" hai2="73,43,17,109,38,18,84,26,45,87,113,111,64" hai3="67,102,27,105,12,81,60,36,94,56,82,106,10"/><W124/><G36/><T134/><D123/><U32/><E122/><V50/><F113/><W5/><G124/><T40/><D134/><U31/><E69/><V25/><F73/><W62/><G106/><T98/><D129/><U35/><E114/><V133/><F133/><W125/><G105/><T110/><D110/><N who="2" m="41994" /><F64/><W135/><G125/><T117/><D83/><U52/><E0/><V86/><F38/><W34/><G135/><T3/><D3/><U107/><E107/><V79/><F79/><W24/><G62/><T108/><D108/><U116/><E41/><V11/><F11/><W131/><G131/><T75/><D75/><U48/><E53/><V51/><F51/><W1/><G1/><T93/><D117/><U16/><E118/><V127/><F127/><W21/><G34/><T74/><D74/><U130/><E130/><V80/><F80/><N who="3" m="30827" /><G21/><T68/><D40/><U46/><E116/><V88/><F88/><W103/><G103/><T14/><D2/><U115/><E115/><V92/><F92/><W29/><G29/><T22/><D68/><U37/><E37/><V4/><F4/><W71/><G71/><T54/><D63/><U44/><E31/><V23/><F23/><W101/><G101/><T85/><D85/><U126/><E28/><V9/><F9/><W104/><G104/><T119/><D119/><U65/><E126/><V99/><F99/><AGARI ba="0,0" hai="5,10,12,24,27,56,60,67,94,99,102" m="30827" machi="99" ten="30,1500,0" yaku="8,1" doraHai="72" who="3" fromWho="2" sc="468,0,164,0,232,-15,136,15" /><INIT seed="3,1,0,1,5,41" ten="468,164,217,151" oya="3" hai0="43,12,60,118,78,126,67,125,62,40,44,110,59" hai1="35,122,104,117,93,133,64,14,112,6,54,65,100" hai2="79,88,91,130,108,33,105,47,113,114,26,3,83" hai3="109,101,134,50,70,103,39,95,71,135,66,25,90"/><W86/><G39/><T98/><D118/><U80/><E35/><V63/><F3/><W131/><G131/><T4/><D110/><U121/><E104/><V16/><F108/><W29/><G109/><T99/><D78/><U11/><E117/><V85/><F105/><W73/><G73/><T34/><D34/><U27/><E112/><V82/><F130/><W53/><G103/><T37/><D43/><U107/><E107/><V8/><F33/><W120/><G101/><T36/><D36/><U127/><E127/><N who="0" m="48649" /><D62/><U69/><E133/><N who="3" m="50698" /><G66/><T52/><D67/><U115/><E115/><V23/><F63/><W21/><G120/><T19/><D4/><U128/><E128/><V24/><F113/><W74/><G74/><T92/><D92/><U97/><E122/><V48/><F114/><W0/><G0/><T28/><D28/><U116/><E116/><V7/><F26/><W17/><G29/><T30/><D30/><U76/><E121/><V5/><F8/><AGARI ba="1,0" hai="8,12,19,37,40,44,52,59,60,98,99" m="48649" machi="8" ten="30,3900,0" yaku="18,1,52,1,54,1" doraHai="41" who="0" fromWho="2" sc="468,42,164,0,217,-42,151,0" /><INIT seed="4,0,0,2,2,56" ten="510,164,175,151" oya="0" hai0="132,67,103,51,2,81,62,59,113,110,20,134,112" hai1="44,127,125,65,95,58,111,121,28,13,45,37,131" hai2="133,120,99,105,43,135,71,124,60,27,87,25,3" hai3="94,29,34,53,100,6,89,86,10,14,126,49,116"/><T36/><D2/><U35/><E35/><V77/><F120/><W17/><G116/><T83/><D36/><U18/><E121/><V68/><F3/><W73/><G73/><T39/><D39/><U0/><E0/><V108/><F43/><W11/><G126/><T63/><D103/><U55/><E111/><V48/><F48/><W72/><G72/><T57/><D20/><U74/><E74/><V122/><F108/><W38/><G38/><T106/><D106/><U46/><E131/><V92/><F124/><W31/><G100/><T30/><D30/><U24/><E65/><V96/><F105/><W21/><G34/><T32/><D32/><U78/><E78/><V42/><F42/><W129/><G129/><T54/><D110/><U130/><E95/><V79/><F92/><W85/><G85/><T16/><D16/><U12/><E12/><V93/><F93/><W91/><G91/><T47/><D83/><U64/><E64/><V118/><F122/><W50/><G50/><T5/><D5/><U123/><E37/><V90/><F118/><W101/><G101/><T9/><D9/><N who="3" m="3081" /><G6/><T114/><D81/><U52/><E130/><V41/><F41/><AGARI ba="0,0" hai="41,47,51,54,57,59,62,63,67,112,113,114,132,134" machi="41" ten="40,18000,2" yaku="15,1,34,3,52,2" doraHai="56" who="0" fromWho="2" sc="510,180,164,0,175,-180,151,0" owari="690,79.0,164,-3.6,-5,-50.5,151,-24.9" /></mjloggm>