<mjloggm ver="2.3"><GO type="169" lobby="0"/><UN n0="%E3%81%8B%E3%81%A5%E3%81%8D%EF%BC%B8%EF%BC%A9" n1="%52%59%4F%40%53%53" n2="%74%61%6B%65%33" n3="%E3%81%97%E3%82%83%E3%82%93%E3%81%8A%E3%81%98" dan="18,17,17,17" rate="2177.99,2221.62,2201.74,2211.74" sx="M,M,M,F"/><TAIKYOKU oya="0"/><INIT seed="0,0,0,3,4,90" ten="250,250,250,250" oya="0" hai0="33,126,106,71,111,49,63,0,78,97,131,127,22" hai1="41,65,122,128,14,19,15,104,113,48,9,20,99" hai2="116,73,34,83,26,85,133,18,134,120,96,79,81" hai3="54,25,58,108,37,112,109,124,88,3,2,62,82"/><T80/><D33/><U87/><E122/><V89/><F34/><W45/><G112/><T105/><D0/><U74/><E74/><V75/><F26/><W69/><G124/><N who="0" m="47659" /><D131/><U129/><E113/><V66/><F18/><W11/><G25/><T117/><D117/><U44/><E65/><V132/><F66/><W110/><G69/><T121/><D121/><U119/><E119/><V107/><F120/><W118/><G118/><T115/><D115/><U13/><E99/><V101/><F116/><W123/><G11/><T77/><D77/><U70/><E70/><V59/><F59/><W64/><G123/><T72/><D111/><U92/><E104/><N who="0" m="40041" /><D22/><U12/><E129/><V95/><F81/><W55/><G2/><T135/><D49/><U6/><REACH who="1" step="1"/><E128/><REACH who="1" ten="250,240,250,250" step="2"/><V5/><F5/><W98/><G110/><T56/><D71/><U60/><E60/><V38/><F38/><W68/><G109/><T84/><D135/><U39/><E39/><V24/><REACH who="2" step="1"/><F24/><REACH who="2" ten="250,240,240,250" step="2"/><W10/><G37/><T53/><D72/><AGARI ba="0,2" hai="72,73,75,79,83,85,89,95,96,101,107,132,133,134" machi="72" ten="40,16000,3" yaku="1,1,2,1,24,2,20,1,34,3,52,1,53,0" doraHai="90" doraHaiUra="8" who="2" fromWho="0" sc="250,-160,240,0,240,180,250,0" /><INIT seed="1,0,0,3,4,52" ten="90,240,420,250" oya="1" hai0="48,12,82,88,13,80,111,121,43,69,0,23,115" hai1="18,60,4,85,105,58,47,64,14,89,107,11,75" hai2="61,134,99,131,49,33,8,93,34,87,102,124,10" hai3="55,101,122,103,3,41,97,70,45,135,100,83,20"/><U106/><E75/><V92/><F124/><W54/><G122/><T24/><D69/><U112/><E112/><V119/><F119/><W25/><G3/><T113/><D0/><U31/><E31/><V94/><F131/><W132/><G70/><T63/><D111/><U29/><E29/><V9/><F134/><N who="3" m="51243" /><G83/><T30/><D121/><U90/><E47/><V125/><F125/><W84/><G84/><T39/><D39/><U109/><E109/><V79/><F49/><N who="3" m="26799" /><G97/><T2/><D2/><U130/><E130/><V127/><F127/><W21/><G21/><T123/><D123/><U16/><REACH who="1" step="1"/><E90/><REACH who="1" ten="90,230,420,250" step="2"/><V128/><F128/><W71/><G71/><T72/><D72/><U44/><E44/><V15/><F79/><W19/><AGARI ba="0,1" hai="19,20,25,54,55,100,101,103" m="26799,51243" machi="19" ten="30,1100,0" yaku="20,1" doraHai="52" who="3" fromWho="3" sc="90,-3,230,-5,420,-3,250,21" /><INIT seed="2,0,0,2,3,5" ten="87,225,417,271" oya="2" hai0="51,53,101,6,0,10,36,104,72,31,132,114,7" hai1="94,77,115,50,122,38,85,2,81,100,3,80,54" hai2="18,76,25,130,62,30,17,111,15,32,93,55,46" hai3="28,14,57,73,20,12,96,126,120,66,106,24,121"/><V59/><F130/><W82/><G126/><T39/><D114/><U95/><E38/><V34/><F34/><W48/><G73/><T43/><D72/><U67/><E115/><V90/><F111/><W21/><G82/><T44/><D132/><U61/><E122/><V16/><F76/><W87/><G87/><T63/><D31/><U40/><E40/><V70/><F70/><W37/><G37/><T117/><D117/><U103/><E81/><V26/><F46/><W9/><G20/><T89/><D89/><U88/><E95/><V60/><F26/><W4/><G14/><T107/><D7/><U129/><E2/><V11/><REACH who="2" step="1"/><F62/><REACH who="2" ten="87,225,407,271" step="2"/><W8/><G121/><T45/><D39/><U29/><E129/><V64/><F64/><W52/><G66/><T33/><D33/><U83/><E61/><V112/><F112/><W41/><G120/><T1/><D63/><U116/><E67/><V102/><F102/><W49/><G49/><T108/><D108/><U97/><E103/><V68/><F68/><W35/><G35/><T13/><REACH who="0" step="1"/><D101/><REACH who="0" ten="77,225,407,271" step="2"/><U78/><E100/><V79/><F79/><W109/><G109/><T75/><D75/><U125/><E78/><V105/><F105/><AGARI ba="0,2" hai="0,1,6,10,13,36,43,44,45,51,53,104,105,107" machi="105" ten="40,2600,0" yaku="1,1,52,1,53,0" doraHai="5" doraHaiUra="74" who="0" fromWho="2" sc="77,46,225,0,407,-26,271,0" /><INIT seed="3,0,0,2,1,75" ten="123,225,381,271" oya="3" hai0="60,49,97,36,87,18,83,88,117,47,99,106,39" hai1="76,26,84,81,132,130,5,62,103,65,24,124,25" hai2="122,67,8,74,4,129,95,77,79,128,59,23,96" hai3="125,20,58,111,29,121,43,68,38,12,40,56,115"/><W51/><G115/><T126/><D117/><U127/><E130/><N who="2" m="50283" /><F74/><W100/><G121/><T27/><D126/><U42/><E132/><V9/><F122/><W17/><G38/><T89/><D106/><U108/><E108/><V86/><F86/><W11/><G68/><T50/><D60/><U55/><E55/><V30/><F67/><W41/><G125/><N who="1" m="48202" /><E5/><V7/><F59/><N who="3" m="22571" /><G100/><T35/><D35/><U19/><E42/><V54/><F54/><W118/><G111/><T119/><D119/><U13/><E103/><N who="2" m="60831" /><F30/><W113/><G113/><T114/><D114/><U112/><E112/><V53/><F53/><W70/><G70/><T116/><D116/><U15/><E19/><V94/><F94/><W64/><G64/><T34/><D39/><U134/><E134/><V63/><F23/><W21/><G118/><T92/><D34/><U0/><E0/><N who="2" m="7" /><F63/><W102/><G102/><T109/><D109/><U3/><E3/><AGARI ba="0,0" hai="3,7,9,77,79" m="7,60831,50283" machi="3" ten="30,3900,0" yaku="19,1,52,2" doraHai="75" who="2" fromWho="1" sc="123,0,225,-39,381,39,271,0" /><INIT seed="4,0,0,4,2,125" ten="123,186,420,271" oya="0" hai0="95,3,33,54,37,71,31,56,116,67,17,14,11" hai1="27,19,99,18,48,73,35,12,64,15,20,16,23" hai2="39,40,42,119,62,6,132,135,36,60,122,124,57" hai3="106,43,110,53,38,45,105,84,129,126,85,98,28"/><T75/><D75/><U63/><E73/><V130/><F6/><W9/><G110/><T113/><D113/><U69/><E19/><V88/><F88/><W24/><G126/><T4/><D37/><U120/><E120/><V68/><F124/><W7/><G53/><T70/><D67/><U34/><E27/><V72/><F72/><W13/><G129/><T21/><D116/><U61/><E48/><V8/><F8/><W2/><G13/><T134/><D134/><U103/><REACH who="1" step="1"/><E63/><REACH who="1" ten="123,176,420,271" step="2"/><V41/><F122/><W114/><G24/><N who="0" m="18663" /><D95/><AGARI ba="0,1" hai="12,15,16,18,20,23,34,35,61,64,69,95,99,103" machi="95" ten="30,7700,0" yaku="1,1,7,1,9,1,54,1,53,0" doraHai="125" doraHaiUra="32" who="1" fromWho="0" sc="123,-77,176,87,420,0,271,0" /><INIT seed="5,0,0,2,4,29" ten="46,263,420,271" oya="1" hai0="94,71,65,16,125,111,48,117,120,0,108,12,134" hai1="80,110,22,60,14,6,1,101,116,127,81,100,77" hai2="36,13,69,102,93,23,41,20,79,123,70,42,30" hai3="47,91,105,107,34,63,109,135,86,18,58,130,10"/><U99/><E116/><V97/><F123/><W31/><G109/><T33/><D0/><U56/><E110/><V40/><F36/><W24/><G135/><T2/><D2/><U43/><E127/><V7/><F70/><W4/><G130/><T64/><D117/><U75/><E1/><V17/><F69/><W51/><G18/><T52/><D71/><U96/><E43/><V121/><F121/><W61/><G10/><T35/><D120/><U90/><E6/><V67/><F67/><W39/><G4/><T95/><D125/><U3/><E3/><V73/><F7/><W83/><G39/><T114/><D114/><U128/><E128/><V131/><F131/><W53/><REACH who="3" step="1"/><G63/><REACH who="3" ten="46,263,420,261" step="2"/><T103/><D134/><U119/><E119/><V98/><F17/><W115/><G115/><T88/><D108/><U5/><E5/><V55/><F30/><W113/><G113/><T82/><D111/><U66/><E14/><V54/><F13/><W76/><G76/><T49/><D103/><U112/><E112/><V118/><F79/><W78/><G78/><T44/><D49/><U50/><E50/><V27/><F118/><W87/><G87/><N who="0" m="50295" /><D65/><AGARI ba="0,1" hai="24,31,34,47,51,53,58,61,65,83,86,91,105,107" machi="65" ten="30,7700,0" yaku="1,1,7,1,52,1,53,1" doraHai="29" doraHaiUra="25" who="3" fromWho="0" sc="46,-77,263,0,420,0,261,87" owari="-31,-53.1,263,-13.7,420,52.0,348,14.8" /></mjloggm>