<mjloggm ver="2.3"><GO type="169" lobby="0"/><UN n0="%41%52%44%45%4E" n1="%43%68%69%39%77%61" n2="%E4%BF%BA%E3%81%A7%E3%81%99" n3="%64%61%6E%6E%63%68%69" dan="16,17,16,17" rate="2141.08,2123.97,2145.62,2185.04" sx="F,M,M,M"/><TAIKYOKU oya="0"/><INIT seed="0,0,0,5,2,3" ten="250,250,250,250" oya="0" hai0="52,65,68,84,100,17,22,33,18,121,58,111,16" hai1="34,113,0,80,94,134,67,90,47,104,78,97,86" hai2="107,76,125,79,38,50,44,106,116,123,5,118,30" hai3="54,109,56,6,46,103,36,114,110,7,93,13,62"/><T77/><D121/><U124/><E34/><V99/><F123/><W89/><G114/><T72/><D33/><U12/><E0/><V27/><F5/><N who="3" m="1547" /><G103/><T63/><D111/><N who="3" m="42505" /><G13/><T115/><D115/><U51/><E124/><V49/><F125/><W112/><G112/><T24/><D72/><U75/><E134/><V96/><F107/><W85/><G46/><T35/><D35/><U4/><E113/><V135/><F44/><W83/><G36/><T131/><D131/><U73/><E104/><V31/><F38/><W127/><G127/><T39/><D100/><U9/><REACH who="1" step="1"/><E67/><REACH who="1" ten="250,240,250,250" step="2"/><V11/><F106/><W101/><G101/><T105/><D105/><U15/><E15/><V48/><F135/><W92/><AGARI ba="0,1" hai="54,56,62,83,85,89,92,93" m="42505,1547" machi="92" ten="30,7900,0" yaku="14,1,52,3" doraHai="3" who="3" fromWho="3" sc="250,-39,240,-20,250,-20,250,89" /><INIT seed="1,0,0,5,0,11" ten="211,220,230,339" oya="1" hai0="112,85,52,77,111,86,38,19,87,122,36,7,49" hai1="4,114,124,96,72,69,108,8,44,45,102,57,29" hai2="68,6,33,46,47,66,34,30,14,84,103,56,120" hai3="55,107,88,76,65,83,23,60,15,26,81,71,21"/><U35/><E114/><V74/><F74/><W12/><G107/><T93/><D112/><U41/><E69/><V116/><F116/><W89/><G55/><T134/><D111/><U10/><E72/><V110/><F110/><W5/><G5/><T61/><D134/><U109/><E124/><V27/><F120/><W22/><G26/><T0/><D122/><U32/><E57/><V101/><F34/><W67/><G67/><T135/><D135/><U79/><E79/><V119/><F56/><W98/><G98/><T64/><D77/><U16/><E4/><V2/><F2/><W95/><G95/><T59/><D93/><U104/><E45/><V31/><F31/><W128/><G128/><T54/><D19/><U127/><E10/><V106/><F84/><W92/><G92/><T53/><D7/><U48/><E35/><V58/><F58/><W82/><REACH who="3" step="1"/><G76/><REACH who="3" ten="211,220,230,329" step="2"/><T50/><REACH who="0" step="1"/><D0/><REACH who="0" ten="201,220,230,329" step="2"/><U18/><E109/><V1/><F1/><W37/><G37/><AGARI ba="0,2" hai="36,37,38,49,50,52,53,54,59,61,64,85,86,87" machi="37" ten="50,6400,0" yaku="1,1,2,1,54,1,53,0" doraHai="11" doraHaiUra="94" who="0" fromWho="3" sc="201,84,220,0,230,0,329,-64" /><INIT seed="2,0,0,5,4,56" ten="285,220,230,265" oya="2" hai0="31,125,128,102,122,94,54,124,89,49,76,100,60" hai1="106,13,82,8,35,84,111,23,83,86,59,43,119" hai2="42,115,85,32,1,90,51,117,130,129,96,88,72" hai3="26,98,93,4,64,118,92,48,112,16,15,110,7"/><V14/><F115/><W5/><G118/><T50/><D122/><U27/><E119/><V66/><F1/><W34/><G110/><T17/><D31/><U95/><E106/><V107/><F117/><W69/><G112/><T126/><D76/><U78/><E111/><V87/><F72/><W10/><G92/><T101/><D128/><N who="2" m="49258" /><F32/><W79/><G79/><T33/><D33/><U108/><E108/><V36/><F36/><W0/><G48/><T11/><D11/><U3/><E3/><V135/><F66/><W104/><G104/><T123/><D123/><U9/><E35/><V109/><F109/><W63/><G26/><T113/><D113/><U103/><E43/><V116/><F116/><W28/><G28/><T77/><D77/><N who="1" m="46159" /><E13/><V52/><F42/><W75/><G34/><T81/><D81/><U21/><E59/><N who="2" m="33183" /><F14/><W70/><G70/><T99/><D17/><N who="1" m="12719" /><E23/><V53/><F53/><W55/><G55/><T65/><D54/><U22/><E22/><V58/><F58/><AGARI ba="0,0" hai="49,50,58,60,65,89,94,99,100,101,102,124,125,126" machi="58" ten="50,3200,0" yaku="18,1,52,1" doraHai="56" who="0" fromWho="2" sc="285,32,220,0,230,-32,265,0" /><INIT seed="3,0,0,2,3,68" ten="317,220,198,265" oya="3" hai0="48,23,20,54,118,121,101,31,134,131,69,35,130" hai1="49,99,57,41,90,128,93,91,80,127,59,108,27" hai2="98,106,21,33,39,104,133,132,29,115,83,116,58" hai3="103,114,37,96,25,79,9,3,17,10,13,56,71"/><W102/><G71/><T129/><D69/><U97/><E108/><V30/><F33/><W43/><G114/><T82/><D118/><U40/><E127/><V50/><F115/><W5/><G79/><T28/><D121/><U63/><E128/><V19/><F116/><W60/><G25/><T107/><D134/><N who="2" m="51818" /><F83/><W73/><G73/><T55/><D82/><U16/><E49/><V15/><F98/><W123/><G123/><T65/><D65/><U112/><E59/><V94/><F94/><W84/><G84/><T100/><D35/><U1/><E1/><V77/><F77/><W120/><G120/><T64/><D64/><U81/><E112/><V24/><F39/><W87/><G87/><T74/><D74/><U124/><E124/><V38/><F38/><W32/><G32/><T14/><D14/><U88/><E97/><V34/><F30/><N who="0" m="11306" /><D107/><U111/><E111/><V61/><F50/><W122/><G122/><T46/><D54/><AGARI ba="0,0" hai="15,19,21,24,29,34,54,58,61,104,106" m="51818" machi="54" ten="30,1000,0" yaku="20,1" doraHai="68" who="2" fromWho="0" sc="317,-10,220,0,198,10,265,0" /><INIT seed="4,0,0,3,0,94" ten="307,220,208,265" oya="0" hai0="135,124,4,51,123,102,97,3,117,113,126,37,78" hai1="127,14,84,99,100,73,106,52,31,72,11,22,15" hai2="103,85,2,91,44,9,50,61,41,134,48,55,104" hai3="79,64,90,129,93,121,109,68,98,122,29,86,10"/><T16/><D117/><U19/><E127/><V112/><F112/><W30/><G109/><T110/><D110/><U8/><E84/><V125/><F125/><N who="0" m="48234" /><D123/><N who="3" m="47113" /><G129/><T63/><D37/><U115/><E115/><V56/><F134/><W133/><G133/><T6/><D78/><U26/><REACH who="1" step="1"/><E52/><REACH who="1" ten="307,210,208,265" step="2"/><V111/><F111/><W18/><G86/><T34/><D113/><U35/><E35/><V17/><F85/><W32/><G32/><T57/><D34/><U116/><E116/><V20/><F55/><W59/><G79/><T80/><D135/><U40/><E40/><V65/><F41/><W87/><G87/><T131/><D131/><U92/><E92/><V74/><F74/><W107/><G107/><T108/><D108/><U12/><E12/><V66/><F104/><W76/><G76/><T38/><D3/><U13/><E13/><V47/><F2/><W118/><G118/><T132/><D132/><U120/><E120/><V43/><F43/><W7/><G93/><T77/><D77/><U105/><E105/><V42/><F42/><W27/><G27/><T119/><D119/><U69/><E69/><V95/><F95/><N who="3" m="56695" /><G68/><T128/><D128/><U1/><E1/><V81/><F81/><W54/><G54/><T46/><D80/><U60/><E60/><V45/><F61/><W71/><G71/><T21/><D63/><U24/><E24/><V82/><F82/><W0/><G59/><T25/><D57/><U101/><E101/><V53/><F103/><W5/><G0/><T62/><D62/><U89/><E89/><V39/><F91/><W75/><G75/><RYUUKYOKU ba="0,1" sc="307,-10,210,30,208,-10,265,-10" hai1="8,11,14,15,19,22,26,31,72,73,99,100,106" /><INIT seed="5,1,1,5,4,10" ten="297,240,198,255" oya="1" hai0="74,82,93,134,11,119,75,5,94,24,72,85,33" hai1="97,61,73,23,29,135,44,88,124,15,95,116,70" hai2="17,89,104,6,26,126,120,96,108,115,87,22,27" hai3="40,125,3,31,131,58,14,121,36,123,98,50,56"/><U7/><E116/><V4/><F108/><W66/><G3/><T109/><D109/><U69/><E73/><V20/><F120/><W49/><G31/><T76/><D119/><U41/><E124/><V113/><F104/><W19/><G125/><T63/><D134/><U78/><E78/><V81/><F96/><W35/><G35/><T52/><D33/><U132/><E29/><V1/><F126/><W67/><G131/><T128/><D24/><U55/><E55/><V9/><REACH who="2" step="1"/><F6/><REACH who="2" ten="297,240,188,255" step="2"/><W12/><G121/><T25/><D128/><U62/><E7/><V92/><F92/><W42/><G123/><T83/><D93/><U118/><E118/><V57/><F57/><W21/><G98/><T130/><D94/><U106/><E106/><V80/><F80/><W46/><G58/><N who="0" m="35271" /><D130/><U100/><E100/><V34/><F34/><W86/><G56/><T51/><D83/><U122/><E122/><V47/><F47/><W68/><G46/><T59/><D59/><U114/><E70/><V91/><F91/><W37/><G68/><T13/><D82/><U2/><E69/><V53/><F53/><W18/><G86/><T90/><D85/><U54/><E54/><V107/><F107/><W30/><G30/><AGARI ba="1,2" hai="1,4,9,17,20,22,26,27,30,81,87,89,113,115" machi="30" ten="40,1300,0" yaku="1,1,53,0" doraHai="10" doraHaiUra="39" who="2" fromWho="3" sc="297,0,240,0,188,36,255,-16" /><INIT seed="6,0,0,4,1,128" ten="297,240,224,239" oya="2" hai0="100,40,123,23,39,26,32,70,61,76,85,117,55" hai1="36,88,105,44,43,126,28,46,22,51,10,34,130" hai2="132,86,59,129,15,60,94,102,113,114,119,78,83" hai3="37,38,72,63,14,73,13,30,25,2,103,104,101"/><V68/><F68/><W56/><G2/><T52/><D123/><U21/><E105/><V3/><F3/><W118/><G118/><T95/><D32/><U4/><E130/><V82/><F129/><W65/><G72/><T122/><D122/><U20/><E126/><V97/><F119/><W77/><G77/><T47/><D117/><U80/><E34/><V71/><F71/><W131/><G73/><T133/><D133/><U66/><E66/><V1/><F1/><W69/><G131/><T106/><D106/><U49/><E28/><V110/><F110/><W58/><G58/><T31/><D100/><U84/><REACH who="1" step="1"/><E44/><REACH who="1" ten="297,230,224,239" step="2"/><V57/><F132/><W8/><G104/><T27/><D31/><U124/><E124/><V17/><F114/><W92/><G69/><T35/><D35/><U107/><E107/><V7/><F113/><W125/><G125/><T16/><D70/><U99/><E99/><V11/><F60/><W48/><G63/><T75/><D61/><U18/><E18/><V87/><REACH who="2" step="1"/><F17/><REACH who="2" ten="297,230,214,239" step="2"/><W135/><G135/><T54/><D16/><U42/><E42/><V120/><F120/><W89/><G30/><T108/><D108/><U93/><E93/><V53/><F53/><W112/><G92/><T62/><D95/><U0/><AGARI ba="0,2" hai="0,4,10,20,21,22,36,43,46,49,51,80,84,88" machi="0" ten="30,4000,0" yaku="1,1,0,1,54,1,53,0" doraHai="128" doraHaiUra="98" who="1" fromWho="1" sc="297,-10,230,60,214,-20,239,-10" /><INIT seed="7,0,0,0,3,125" ten="287,290,194,229" oya="3" hai0="104,28,66,49,67,109,18,58,0,129,101,50,99" hai1="48,54,121,59,20,88,114,126,118,9,72,110,65" hai2="37,100,87,26,107,113,16,23,68,119,77,8,128" hai3="2,32,13,21,38,130,7,15,94,57,69,116,39"/><W70/><G32/><T42/><D109/><U5/><E110/><V33/><F119/><W117/><G2/><T56/><D129/><U78/><E121/><V93/><F68/><W29/><G57/><T43/><D0/><U79/><E126/><V46/><F113/><W103/><G7/><T4/><D4/><U105/><E105/><V135/><F107/><W123/><G123/><T85/><D28/><U132/><E72/><V14/><F135/><W3/><G3/><T111/><D111/><U45/><E114/><V86/><F77/><W127/><G127/><T51/><D85/><U83/><E118/><V64/><F64/><W84/><G84/><T10/><D66/><U98/><E20/><V61/><F61/><W95/><G29/><T11/><D18/><U63/><E132/><V80/><F80/><W19/><G103/><T34/><D34/><U106/><E106/><V82/><F82/><W53/><G53/><T81/><D81/><U47/><E47/><V122/><F122/><W134/><G134/><T40/><REACH who="0" step="1"/><D67/><REACH who="0" ten="277,290,194,229" step="2"/><U24/><E83/><V36/><F33/><W52/><G130/><T124/><D124/><U71/><E71/><V90/><F128/><W75/><G75/><T60/><D60/><U120/><E120/><V108/><F108/><W131/><G131/><T55/><D55/><U97/><E97/><N who="2" m="59439" /><F86/><W115/><G52/><T30/><D30/><U35/><E35/><V133/><F133/><W25/><G115/><T112/><D112/><U6/><E6/><N who="2" m="3351" /><F46/><W92/><G117/><T91/><D91/><U76/><E88/><V73/><F73/><RYUUKYOKU ba="0,1" sc="277,15,290,-15,194,15,229,-15" hai0="10,11,40,42,43,49,50,51,56,58,99,101,104" hai2="16,23,26,36,37,87,90" /><INIT seed="8,1,1,1,5,8" ten="292,275,209,214" oya="0" hai0="89,59,101,133,125,24,29,45,12,61,66,62,56" hai1="5,57,22,47,40,39,65,82,97,109,88,31,26" hai2="104,105,92,110,34,135,6,95,10,46,72,132,0" hai3="118,111,37,52,30,130,38,78,43,32,16,98,71"/><T21/><D133/><N who="2" m="51274" /><F72/><W58/><G111/><T19/><D125/><U28/><E109/><V63/><F110/><W106/><G71/><T48/><D101/><U20/><E5/><V86/><F34/><W100/><G78/><T7/><D7/><U119/><E119/><V120/><F120/><W14/><G130/><T64/><D89/><U15/><E31/><V128/><F128/><W122/><G118/><T51/><D45/><U70/><E70/><V60/><F46/><W113/><G113/><T129/><D129/><U81/><E65/><V4/><F4/><W27/><G43/><T112/><D112/><U121/><E57/><V11/><F11/><AGARI ba="1,1" hai="11,12,19,21,24,29,48,51,56,59,61,62,64,66" machi="11" ten="30,11600,0" yaku="7,1,9,1,8,1,52,1" doraHai="8" who="0" fromWho="2" sc="292,129,275,0,209,-119,214,0" owari="421,52.1,275,7.5,90,-41.0,214,-18.6" /></mjloggm>