<mjloggm ver="2.3"><GO type="169" lobby="0"/><UN n0="%61%6D%61%69%6B%61" n1="%43%6F%66%66%65%65" n2="%E3%81%A1%E3%82%80%E3%81%8A" n3="%E5%A5%88%E8%89%AF%E3%82%B7%E3%82%AB%E3%83%9E%E3%83%AB%EF%BC%81" dan="17,16,16,16" rate="2170.72,2082.57,2050.50,2160.00" sx="M,F,M,M"/><TAIKYOKU oya="0"/><INIT seed="0,0,0,2,2,118" ten="250,250,250,250" oya="0" hai0="72,109,120,37,7,31,93,94,128,79,76,84,73" hai1="44,133,50,121,45,87,11,32,54,80,0,108,14" hai2="91,15,29,75,130,125,78,48,20,58,53,18,17" hai3="43,68,34,26,5,119,4,92,104,83,81,52,107"/><T100/><D37/><U6/><E108/><V1/><F125/><W25/><G68/><T70/><D70/><U55/><E133/><V23/><F130/><W61/><G61/><T122/><D31/><U117/><E117/><V49/><F1/><W33/><G119/><T8/><D8/><U27/><E0/><V59/><F29/><W132/><G92/><N who="0" m="35435" /><D7/><U12/><E12/><V21/><F91/><W103/><G43/><T134/><D134/><U46/><E121/><N who="0" m="46697" /><D128/><U95/><E95/><V64/><F15/><W24/><G24/><T101/><D109/><U99/><E32/><V129/><F129/><W114/><G132/><T3/><D3/><U88/><E27/><V56/><F64/><W69/><G69/><T47/><D47/><N who="1" m="27999" /><E99/><V115/><F115/><W66/><G66/><T22/><D22/><U126/><E126/><V39/><F39/><W110/><G110/><T28/><D28/><U38/><E38/><V96/><F96/><W57/><G57/><T102/><D84/><U90/><E55/><V97/><F97/><W112/><G52/><T98/><D98/><U82/><E45/><V42/><F53/><W124/><G124/><T36/><D36/><U89/><E46/><N who="2" m="25687" /><F49/><W74/><G26/><T135/><D135/><U77/><E44/><V60/><F60/><W127/><G25/><T13/><D13/><U9/><E11/><V63/><F63/><W113/><G127/><T111/><D111/><U30/><E30/><V51/><F51/><W62/><G114/><T10/><D10/><U86/><AGARI ba="0,0" hai="6,9,14,77,80,82,86,87,88,89,90" m="27999" machi="86" ten="30,2000,0" yaku="8,1,54,1" doraHai="118" who="1" fromWho="1" sc="250,-10,250,20,250,-5,250,-5" /><INIT seed="1,0,0,4,3,109" ten="240,270,245,245" oya="1" hai0="18,53,106,134,57,8,51,82,103,108,41,10,95" hai1="105,79,29,70,126,115,42,60,96,135,127,131,76" hai2="94,67,25,81,124,23,129,93,118,107,97,33,121" hai3="66,128,11,17,38,62,56,4,3,14,9,65,40"/><U114/><E131/><V16/><F118/><W26/><G128/><T34/><D34/><U85/><E42/><V48/><F129/><W24/><G40/><T84/><D108/><U72/><E72/><V43/><F121/><W47/><G47/><T73/><D134/><U92/><E135/><V119/><F119/><W133/><G38/><T78/><D41/><U55/><E29/><V80/><F124/><N who="1" m="47657" /><E105/><V77/><F33/><W50/><G50/><T49/><D49/><U75/><E75/><V58/><F107/><W12/><G133/><T5/><D5/><U90/><E55/><V68/><F68/><W21/><REACH who="3" step="1"/><G65/><REACH who="3" ten="240,270,245,235" step="2"/><T37/><D37/><U71/><E60/><V52/><F43/><W28/><G28/><T112/><D51/><U19/><E19/><AGARI ba="0,1" hai="3,4,9,11,12,14,17,19,21,24,26,56,62,66" machi="19" ten="30,2000,0" yaku="1,1,7,1,53,0" doraHai="109" doraHaiUra="64" who="3" fromWho="1" sc="240,0,270,-20,245,0,235,30" /><INIT seed="2,0,0,5,2,8" ten="240,250,245,265" oya="2" hai0="57,125,42,81,0,106,76,7,118,27,40,78,128" hai1="23,11,4,9,73,64,84,108,74,13,62,80,95" hai2="120,28,18,77,110,126,105,56,35,83,122,33,41" hai3="39,61,112,53,96,102,124,79,103,48,82,31,47"/><V114/><F114/><W98/><G124/><T132/><D106/><U2/><E108/><V133/><F126/><W25/><G39/><T45/><D125/><U43/><E43/><V85/><F105/><W51/><G112/><T68/><D68/><U93/><E23/><V99/><F110/><W10/><G61/><T134/><D128/><U44/><E44/><V58/><F133/><W89/><G10/><T129/><D129/><U50/><E50/><V59/><F41/><W36/><G36/><T17/><D0/><U117/><E117/><V71/><F71/><W12/><G12/><T21/><D7/><U72/><E2/><V113/><F99/><W6/><G6/><T15/><D118/><U26/><E26/><V20/><F113/><W109/><G89/><T63/><D27/><U104/><E11/><V100/><F100/><W54/><G102/><T22/><D22/><U94/><E104/><V91/><F28/><W97/><G103/><T34/><D34/><U66/><REACH who="1" step="1"/><E62/><REACH who="1" ten="240,240,245,265" step="2"/><V130/><F130/><W92/><G25/><T121/><D42/><U60/><E60/><V14/><REACH who="2" step="1"/><F77/><AGARI ba="0,1" hai="4,9,13,64,66,72,73,74,77,80,84,93,94,95" machi="77" ten="50,3200,0" yaku="1,1,52,1,53,0" doraHai="8" doraHaiUra="101" who="1" fromWho="2" sc="240,0,240,42,245,-32,265,0" /><INIT seed="3,0,0,3,2,99" ten="240,282,213,265" oya="3" hai0="15,121,114,12,127,8,46,11,33,56,134,57,82" hai1="4,105,9,26,96,20,42,34,110,29,38,49,10" hai2="13,2,36,17,70,87,129,73,115,132,131,85,58" hai3="28,77,94,52,44,67,30,125,53,51,130,40,62"/><W83/><G125/><T88/><D121/><U41/><E110/><V97/><F70/><W126/><G126/><T54/><D33/><U102/><E38/><V76/><F115/><W48/><G130/><N who="2" m="49673" /><F2/><W74/><G94/><T43/><D134/><U117/><E117/><V19/><F36/><W89/><G89/><T22/><D127/><U103/><E34/><V86/><F132/><W59/><REACH who="3" step="1"/><G40/><REACH who="3" ten="240,282,213,255" step="2"/><T107/><D43/><U63/><E42/><V61/><F97/><W84/><G84/><T119/><D88/><U47/><E96/><V91/><F91/><W25/><G25/><T55/><D119/><U5/><E105/><V124/><F124/><W106/><G106/><T101/><D107/><U24/><E26/><V123/><F123/><W72/><G72/><T81/><D114/><U111/><E111/><V95/><F95/><W80/><G80/><T113/><D113/><U69/><E41/><V32/><F73/><W92/><G92/><T112/><D112/><U78/><E24/><V104/><F104/><W27/><G27/><T66/><D81/><U93/><E93/><V65/><F32/><W133/><G133/><T79/><D82/><U100/><E29/><V6/><F76/><W14/><G14/><T120/><D15/><U90/><E90/><V116/><F116/><W18/><G18/><T118/><D12/><N who="1" m="5159" /><E78/><V64/><F13/><W35/><G35/><T60/><D79/><U45/><E20/><V21/><F21/><W23/><G23/><T135/><D22/><U128/><E128/><V3/><F19/><W37/><G37/><T50/><D135/><RYUUKYOKU ba="0,1" sc="240,-10,282,-10,213,-10,255,30" hai3="28,30,44,48,51,52,53,59,62,67,74,77,83" /><INIT seed="3,1,1,5,3,76" ten="230,272,203,285" oya="3" hai0="36,60,22,89,55,100,41,134,56,70,87,21,23" hai1="6,84,24,58,110,17,104,20,90,132,68,18,83" hai2="47,103,29,95,116,59,127,50,54,72,81,121,82" hai3="66,33,5,71,37,93,73,74,131,65,77,52,118"/><W119/><G37/><T126/><D126/><U51/><E68/><V44/><F116/><W3/><G33/><T80/><D134/><U4/><E104/><V124/><F121/><W28/><G28/><T88/><D70/><U32/><E132/><V13/><F72/><W94/><G71/><T30/><D100/><U108/><E32/><V128/><F128/><W120/><G77/><T105/><D105/><U49/><E18/><V69/><F69/><W2/><G5/><T102/><D102/><U48/><REACH who="1" step="1"/><E58/><REACH who="1" ten="230,262,203,285" step="2"/><V92/><F124/><W9/><G120/><T53/><D30/><U38/><E38/><V12/><F29/><W10/><REACH who="3" step="1"/><G131/><REACH who="3" ten="230,262,203,275" step="2"/><T106/><D36/><U61/><E61/><V15/><F127/><W25/><G25/><T31/><D31/><U40/><E40/><V79/><F79/><W99/><G99/><T109/><D41/><U27/><E27/><V101/><F47/><W130/><G130/><T96/><D96/><U63/><E63/><V14/><F44/><W34/><G34/><T46/><D46/><U107/><E107/><V39/><F39/><W1/><G1/><T35/><D106/><U7/><AGARI ba="1,3" hai="4,6,7,17,20,24,48,49,51,83,84,90,108,110" machi="7" ten="40,5200,0" yaku="1,1,0,1,52,1,53,0" doraHai="76" doraHaiUra="115" who="1" fromWho="1" sc="230,-14,262,85,203,-14,275,-27" /><INIT seed="4,0,0,4,1,101" ten="216,347,189,248" oya="0" hai0="49,67,133,19,129,126,33,117,130,72,7,5,87" hai1="68,112,97,69,92,45,71,2,3,34,53,84,54" hai2="11,63,94,30,26,4,104,82,70,75,96,13,107" hai3="8,85,10,127,60,111,61,58,134,119,120,125,66"/><T89/><D72/><U1/><E34/><V135/><F135/><W95/><G111/><T116/><D67/><U50/><E112/><V29/><F70/><W51/><G119/><T42/><D33/><U121/><E121/><V24/><F63/><W91/><G134/><T56/><D133/><U57/><E84/><V52/><F75/><W25/><G120/><T41/><D19/><U74/><E74/><V99/><F82/><W44/><G61/><T40/><D5/><U59/><REACH who="1" step="1"/><E53/><REACH who="1" ten="216,337,189,248" step="2"/><V106/><F52/><N who="3" m="29799" /><G25/><T39/><D117/><U16/><E16/><V55/><F55/><W81/><G127/><T78/><D126/><U132/><E132/><V110/><F110/><W17/><G125/><T64/><D87/><U14/><E14/><V88/><REACH who="2" step="1"/><F99/><REACH who="2" ten="216,337,179,248" step="2"/><N who="3" m="57855" /><G17/><T21/><D116/><U86/><E86/><V36/><F36/><W28/><G28/><AGARI ba="0,2" hai="4,11,13,24,26,28,29,30,88,94,96,104,106,107" machi="28" ten="40,8000,1" yaku="1,1,52,3,54,1,53,0" doraHai="101" doraHaiUra="109" who="2" fromWho="3" sc="216,0,337,0,179,100,248,-80" /><INIT seed="5,0,0,3,4,123" ten="216,337,279,168" oya="1" hai0="71,134,52,12,124,118,117,35,13,32,100,42,80" hai1="96,94,72,105,9,63,99,34,53,83,101,97,43" hai2="129,92,20,37,76,133,89,106,3,93,1,57,111" hai3="60,122,110,135,5,130,116,81,88,2,86,120,78"/><U132/><E34/><V31/><F106/><W73/><G5/><T44/><D71/><U84/><E43/><V23/><F37/><W24/><G2/><T22/><D100/><N who="1" m="62599" /><E9/><V125/><F125/><W61/><G24/><T29/><D80/><U16/><E16/><V131/><F57/><W70/><G70/><T19/><D42/><U49/><E63/><V126/><F126/><W36/><G36/><T75/><D75/><U67/><E53/><V87/><F76/><W119/><G60/><T108/><D52/><U107/><E67/><V56/><F56/><W77/><G61/><T95/><D44/><U128/><E49/><V30/><F87/><W115/><G130/><T27/><D95/><U26/><E26/><V7/><F89/><W103/><G103/><T102/><D102/><N who="1" m="60727" /><E128/><V47/><F47/><W48/><G48/><T25/><D124/><U40/><E40/><V45/><F45/><W74/><G135/><T33/><D134/><U55/><E55/><V82/><F133/><W127/><G127/><T64/><D64/><U0/><E0/><V4/><F82/><N who="3" m="45359" /><G115/><T39/><D39/><U17/><E17/><V10/><F10/><W65/><G65/><T41/><D41/><U6/><E6/><V69/><F69/><W68/><G68/><T54/><D54/><U121/><E132/><V51/><F51/><W28/><G28/><T90/><D29/><U14/><E72/><V79/><F131/><W114/><G114/><T50/><D32/><U11/><E121/><N who="3" m="46698" /><G110/><T38/><D108/><U112/><E112/><V62/><F129/><W104/><G104/><RYUUKYOKU ba="0,0" sc="216,-10,337,-10,279,-10,168,30" hai3="74,78,81,86,88,116,119" /><INIT seed="6,1,0,5,1,44" ten="206,327,269,198" oya="2" hai0="50,36,21,83,26,55,0,107,85,16,64,45,27" hai1="131,89,100,42,93,91,47,52,123,7,117,1,38" hai2="40,111,97,56,32,41,4,113,70,109,63,126,74" hai3="19,133,71,25,81,76,3,30,95,17,119,11,125"/><V66/><F74/><W2/><G119/><T135/><D0/><U13/><E117/><V72/><F72/><W130/><G71/><T37/><D107/><U34/><E34/><V121/><F32/><W127/><G95/><T49/><D135/><U82/><E1/><N who="3" m="10" /><G81/><T69/><D69/><U65/><E65/><V77/><F4/><W14/><G76/><T90/><D64/><U104/><E131/><V80/><F80/><W84/><G84/><T24/><REACH who="0" step="1"/><D50/><REACH who="0" ten="196,327,269,198" step="2"/><U31/><E104/><V67/><F70/><W114/><G133/><T79/><D79/><U6/><E38/><AGARI ba="1,1" hai="16,21,24,26,27,36,37,38,45,49,55,83,85,90" machi="38" ten="40,5200,0" yaku="1,1,52,1,54,1,53,0" doraHai="44" doraHaiUra="54" who="0" fromWho="1" sc="196,65,327,-55,269,0,198,0" /><INIT seed="7,0,0,0,4,110" ten="261,272,269,198" oya="3" hai0="46,115,107,15,127,100,76,98,123,29,105,3,16" hai1="120,11,104,31,48,94,72,1,54,43,116,78,71" hai2="17,83,114,44,77,73,111,53,33,18,5,57,45" hai3="99,126,109,47,117,9,26,36,0,70,97,89,61"/><W56/><G117/><T91/><D3/><U14/><E104/><V90/><F111/><W30/><G70/><T101/><D123/><U55/><E120/><V82/><F33/><W50/><G36/><T62/><D127/><U112/><E71/><V60/><F5/><W10/><G126/><T67/><D29/><U86/><E1/><V27/><F114/><W58/><G58/><T131/><D115/><U81/><E112/><V64/><F27/><W41/><G109/><T79/><D131/><U106/><E106/><V35/><F35/><W8/><G89/><T80/><D46/><N who="1" m="25695" /><E72/><V2/><F2/><W119/><G119/><T125/><D91/><U63/><E31/><V103/><F103/><W129/><G129/><T118/><D118/><U52/><E94/><V75/><F44/><W87/><G87/><T96/><D80/><U25/><E25/><V65/><F90/><W4/><G4/><T22/><D125/><U121/><E121/><V6/><F6/><W95/><G95/><T38/><D38/><U40/><E40/><V23/><F45/><W108/><G0/><T19/><D19/><N who="1" m="8671" /><E116/><V128/><F128/><W113/><G108/><T59/><AGARI ba="0,0" hai="15,16,22,59,62,67,76,79,96,98,100,101,105,107" machi="59" ten="20,5200,0" yaku="0,1,7,1,9,1,54,1" doraHai="110" who="0" fromWho="0" sc="261,52,272,-13,269,-13,198,-26" owari="313,41.3,259,5.9,256,-14.4,172,-32.8" /></mjloggm>