<mjloggm ver="2.3"><GO type="169" lobby="0"/><UN n0="%E5%A5%94%E4%BB%94" n1="%4D%75%64%46%6C%6F%77" n2="%74%61%6B%65%2D%79%6F%75" n3="%E3%82%8A%E3%82%87%E3%81%A1" dan="17,17,16,16" rate="2235.03,2183.11,2167.83,2152.77" sx="M,M,M,M"/><TAIKYOKU oya="0"/><INIT seed="0,0,0,1,1,135" ten="250,250,250,250" oya="0" hai0="0,51,134,41,25,125,34,23,63,14,124,87,59" hai1="91,9,86,36,27,6,123,31,99,44,82,103,62" hai2="108,106,17,52,20,18,110,74,60,57,128,104,7" hai3="28,70,89,132,97,115,83,77,11,40,76,69,47"/><T38/><D38/><U37/><E123/><V32/><F32/><W102/><G115/><T53/><D134/><U56/><E44/><V1/><F74/><W45/><G132/><T109/><D0/><U61/><E61/><V42/><F42/><W43/><G89/><T8/><D34/><U35/><E9/><N who="2" m="2287" /><F128/><W68/><G11/><T75/><D75/><U98/><E6/><V26/><F17/><W39/><G28/><T85/><D109/><AGARI ba="0,0" hai="18,20,26,52,57,60,104,106,108,109,110" m="2287" machi="109" ten="30,2000,0" yaku="14,1,54,1" doraHai="135" who="2" fromWho="0" sc="250,-20,250,0,250,20,250,0" /><INIT seed="1,0,0,5,2,31" ten="230,250,270,250" oya="1" hai0="126,117,80,72,38,58,112,89,106,12,132,18,0" hai1="99,28,86,19,11,37,107,53,125,29,42,39,104" hai2="82,130,95,92,133,32,48,35,83,115,121,20,17" hai3="64,73,135,96,63,33,8,70,110,9,90,123,105"/><U24/><E125/><V128/><F121/><W61/><G123/><T111/><RYUUKYOKU type="yao9" ba="0,0" sc="230,0,250,0,270,0,250,0" hai0="0,12,18,38,58,72,80,89,106,111,112,117,126,132" /><INIT seed="1,1,0,3,2,79" ten="230,250,270,250" oya="1" hai0="105,88,92,43,49,44,77,3,104,11,52,126,125" hai1="1,120,0,59,74,68,122,5,15,14,128,53,22" hai2="97,121,60,94,89,7,39,87,101,118,58,129,24" hai3="117,102,115,132,69,91,98,23,29,42,71,61,113"/><U70/><E74/><V62/><F118/><W119/><G42/><T110/><D110/><U76/><E76/><V19/><F121/><W80/><G29/><T55/><D3/><U16/><E128/><V20/><F39/><W12/><G23/><T127/><D11/><U13/><E120/><V130/><F7/><W90/><G12/><T27/><D27/><U48/><E122/><V107/><REACH who="2" step="1"/><F58/><REACH who="2" ten="230,250,260,250" step="2"/><W17/><G117/><T131/><D131/><AGARI ba="1,1" hai="19,20,24,60,62,87,89,94,97,101,107,129,130,131" machi="131" ten="40,5200,0" yaku="1,1,2,1,19,1,53,0" doraHai="79" doraHaiUra="26" who="2" fromWho="0" sc="230,-55,250,0,260,65,250,0" /><INIT seed="2,0,0,1,2,110" ten="175,250,325,250" oya="2" hai0="118,54,91,103,121,68,120,37,63,15,26,56,99" hai1="48,39,122,115,50,55,108,98,67,38,77,134,7" hai2="65,128,64,30,62,105,109,104,5,27,100,52,129" hai3="131,4,73,51,47,93,81,66,133,8,17,90,28"/><V72/><F72/><W60/><G131/><N who="2" m="50249" /><F5/><W59/><G133/><T29/><D37/><U89/><E77/><V57/><F109/><W41/><G28/><T42/><D118/><U113/><E7/><V78/><F78/><W16/><G81/><T76/><D76/><U40/><E89/><V34/><F100/><W6/><G73/><T106/><D42/><U3/><E98/><V135/><F135/><W36/><G36/><N who="1" m="13866" /><E3/><V11/><F11/><W22/><G22/><T94/><D15/><U19/><E19/><V70/><F65/><W21/><G21/><T44/><D44/><N who="1" m="25607" /><E108/><V95/><F95/><W1/><REACH who="3" step="1"/><G4/><REACH who="3" ten="175,250,325,240" step="2"/><T84/><REACH who="0" step="1"/><D68/><REACH who="0" ten="165,250,325,240" step="2"/><U24/><E134/><V127/><F127/><W23/><G23/><AGARI ba="0,2" hai="23,26,29,54,56,63,84,91,94,99,103,106,120,121" machi="23" ten="30,3900,0" yaku="1,1,2,1,7,1,53,0" doraHai="110" doraHaiUra="125" who="0" fromWho="3" sc="165,59,250,0,325,0,240,-39" /><INIT seed="3,0,0,3,2,23" ten="224,250,325,201" oya="3" hai0="15,86,94,108,14,62,83,76,87,7,130,39,134" hai1="105,25,119,31,111,135,22,45,107,49,50,5,27" hai2="30,84,56,96,13,128,24,44,4,95,47,17,6" hai3="40,52,60,74,122,55,58,103,99,1,53,97,80"/><W26/><G122/><T106/><D108/><U9/><E111/><V102/><F128/><W131/><G1/><T19/><D39/><U63/><E135/><V16/><F56/><W33/><G131/><T42/><D106/><U113/><E113/><V18/><F84/><W65/><G40/><T125/><D125/><U71/><E119/><V112/><F112/><W92/><G99/><T67/><D134/><U70/><E50/><V46/><REACH who="2" step="1"/><F13/><REACH who="2" ten="224,250,315,201" step="2"/><W127/><G127/><T73/><D15/><U88/><E70/><V32/><AGARI ba="0,1" hai="4,6,16,17,18,24,30,32,44,46,47,95,96,102" machi="32" ten="30,8000,1" yaku="1,1,2,1,0,1,52,1,54,1,53,0" doraHai="23" doraHaiUra="75" who="2" fromWho="2" sc="224,-20,250,-20,315,90,201,-40" /><INIT seed="4,0,0,1,4,55" ten="204,230,405,161" oya="0" hai0="100,87,86,126,103,38,25,121,82,130,17,106,113" hai1="8,134,23,124,12,83,118,78,61,9,71,75,11" hai2="69,89,1,26,53,18,39,122,66,24,117,36,5" hai3="96,20,70,27,65,19,91,101,129,111,109,74,72"/><T104/><D38/><U3/><E118/><V37/><F122/><W62/><G129/><T40/><D40/><U42/><E124/><V94/><F117/><W49/><G74/><T99/><D25/><U28/><E134/><V52/><F69/><W59/><G72/><T115/><D17/><U14/><E42/><V133/><F66/><W67/><G91/><T63/><D63/><U30/><E3/><V57/><F133/><W41/><G67/><T35/><D35/><U128/><E128/><V51/><F18/><W108/><G41/><T16/><D16/><U79/><E79/><V105/><F105/><W68/><REACH who="3" step="1"/><G49/><REACH who="3" ten="204,230,405,151" step="2"/><T21/><D130/><U98/><E75/><V110/><F37/><W97/><G97/><N who="0" m="61455" /><D126/><U119/><E98/><V47/><F39/><W90/><G90/><N who="0" m="51543" /><D121/><U44/><E119/><V6/><F36/><W0/><G0/><T95/><D21/><U33/><E23/><V50/><F1/><W81/><G81/><T31/><D31/><U132/><E83/><V123/><F123/><W120/><G120/><T112/><D87/><U102/><E30/><V73/><F73/><W85/><G85/><T58/><D106/><AGARI ba="0,1" hai="19,20,27,59,62,65,68,70,96,101,106,108,109,111" machi="106" ten="40,5200,0" yaku="1,1,52,1,53,1" doraHai="55" doraHaiUra="60" who="3" fromWho="0" sc="204,-52,230,0,405,0,151,62" /><INIT seed="5,0,0,2,0,30" ten="152,230,405,213" oya="1" hai0="122,25,69,64,79,112,55,100,11,10,35,17,18" hai1="59,29,34,31,134,115,6,36,133,70,52,21,42" hai2="37,50,135,7,119,4,82,12,51,98,116,57,71" hai3="76,58,77,93,20,26,101,45,24,38,132,28,127"/><U15/><E70/><V85/><F71/><W0/><G0/><T80/><D112/><U60/><E115/><V72/><F37/><W41/><G127/><T118/><D118/><U56/><E42/><V120/><F120/><W95/><G132/><N who="1" m="50794" /><E36/><V67/><F135/><W89/><G101/><T68/><D122/><U124/><E124/><V1/><F72/><W94/><G58/><T129/><D100/><U111/><E111/><V22/><F119/><W110/><G110/><T84/><D129/><U61/><E34/><V13/><F116/><W19/><REACH who="3" step="1"/><G89/><REACH who="3" ten="152,230,405,203" step="2"/><T78/><D69/><U53/><E6/><V73/><F4/><W44/><G44/><T14/><D68/><U96/><E96/><V105/><F7/><W9/><G9/><T63/><D10/><U109/><E109/><V32/><F98/><W65/><G65/><T23/><D64/><U114/><E114/><V106/><F67/><W99/><G99/><T47/><D78/><U49/><E61/><V46/><F1/><W90/><G90/><T128/><D128/><U54/><E60/><V66/><F66/><W8/><G8/><T48/><REACH who="0" step="1"/><D63/><REACH who="0" ten="142,230,405,203" step="2"/><U121/><E121/><V108/><F108/><W117/><G117/><T2/><D2/><U27/><E59/><V102/><F57/><W39/><G39/><T43/><D43/><U62/><E62/><V40/><F40/><W3/><G3/><T107/><D107/><U92/><E56/><V5/><F105/><W103/><G103/><T97/><D97/><U74/><E49/><V130/><F51/><W88/><G88/><T16/><D16/><RYUUKYOKU ba="0,2" sc="142,15,230,-15,405,-15,203,15" hai0="11,14,17,18,23,25,35,47,48,55,79,80,84" hai3="19,20,24,26,28,38,41,45,76,77,93,94,95" /><INIT seed="6,1,2,0,2,28" ten="157,215,390,218" oya="2" hai0="69,17,96,100,129,70,120,9,127,40,37,80,125" hai1="3,38,19,101,115,116,31,135,77,34,7,133,67" hai2="88,73,66,72,29,23,0,83,10,47,56,48,95" hai3="35,102,61,87,74,89,84,60,71,98,27,49,4"/><V52/><F0/><W76/><G4/><T93/><D120/><U78/><E38/><V42/><F66/><W50/><G84/><T62/><D129/><U75/><E116/><V117/><F117/><W90/><G90/><T109/><D109/><U54/><E115/><V8/><F73/><W57/><G71/><T11/><D80/><U68/><E19/><V123/><F83/><W94/><G76/><T92/><D92/><U86/><E54/><V132/><F72/><W2/><G2/><T113/><D113/><U41/><E41/><V22/><F132/><N who="1" m="50761" /><E101/><V13/><F123/><W53/><G74/><T30/><D30/><U119/><E86/><N who="2" m="52631" /><F29/><W36/><G36/><T63/><D69/><U59/><E68/><V44/><F10/><N who="0" m="3594" /><D17/><U15/><E3/><V110/><F110/><W121/><G121/><T105/><D105/><U45/><E75/><V134/><F134/><W128/><G94/><T114/><D114/><U21/><E7/><N who="2" m="3231" /><F44/><W55/><G87/><T58/><D70/><U18/><E45/><V79/><F79/><W124/><G57/><T112/><D58/><U104/><E104/><V107/><F107/><W97/><G98/><T14/><D112/><U103/><E119/><V99/><F99/><W106/><G97/><T130/><D130/><U118/><E118/><V32/><F56/><W20/><G106/><T24/><D96/><U82/><E103/><V25/><F42/><W126/><G102/><T26/><D40/><U64/><E82/><V6/><F6/><W91/><G128/><T81/><D100/><U111/><E111/><V16/><F16/><RYUUKYOKU ba="1,2" sc="157,-10,215,-10,390,30,218,-10" hai2="22,23,25,32,47,48,52" /><INIT seed="6,2,2,0,5,124" ten="147,205,420,208" oya="2" hai0="114,44,34,60,79,90,125,135,0,21,112,3,94" hai1="126,102,48,107,25,54,61,88,133,119,98,131,53" hai2="59,6,118,111,41,66,43,32,16,76,65,52,77" hai3="83,78,129,2,45,20,57,58,70,120,26,82,63"/><V38/><F118/><W108/><G120/><T80/><D34/><U100/><E119/><V35/><F6/><W67/><G108/><T10/><D125/><U134/><E126/><V69/><F111/><W50/><G2/><T92/><D135/><N who="1" m="51723" /><E25/><V15/><F69/><W117/><G117/><T93/><D90/><U24/><E24/><V37/><F59/><W109/><G109/><T122/><D122/><U28/><E28/><V55/><F15/><W106/><G106/><T19/><D44/><U36/><E36/><V42/><F42/><W1/><G1/><T103/><D103/><N who="1" m="62967" /><E61/><V14/><F14/><W75/><G83/><T85/><D60/><U127/><E54/><V84/><F37/><W8/><G8/><T87/><D87/><U95/><E127/><V40/><F40/><W11/><G11/><T47/><D47/><N who="1" m="27807" /><E131/><V130/><F130/><W29/><REACH who="3" step="1"/><G129/><REACH who="3" ten="147,205,420,198" step="2"/><T74/><D10/><U22/><E22/><V30/><F35/><W62/><G62/><T71/><D71/><U31/><E31/><V18/><F30/><W46/><G46/><T51/><D51/><U128/><E128/><V116/><F32/><W121/><G121/><T5/><D5/><U73/><E73/><V39/><F116/><W96/><G96/><AGARI ba="2,3" hai="88,95,96,100,102" m="27807,62967,51723" machi="96" ten="30,2000,0" yaku="20,1,54,1" doraHai="124" who="1" fromWho="3" sc="147,0,205,56,420,0,198,-26" /><INIT seed="7,0,0,3,0,100" ten="147,261,420,172" oya="3" hai0="5,57,43,98,44,68,32,87,62,89,35,36,126" hai1="27,33,40,14,2,123,82,13,30,76,0,11,54" hai2="29,130,64,90,9,80,17,92,135,48,75,56,73" hai3="101,7,46,55,49,42,45,67,15,20,23,34,69"/><W128/><G34/><T104/><D126/><U106/><E123/><V127/><F130/><W60/><G128/><T99/><D68/><U61/><E106/><V51/><F135/><W28/><G101/><T39/><D39/><U96/><E96/><V103/><F127/><W58/><G28/><T26/><D5/><U113/><E113/><V85/><F29/><W22/><G45/><T133/><D133/><U52/><E40/><V105/><F75/><W31/><G31/><T109/><D109/><U16/><E14/><N who="2" m="7375" /><F105/><W94/><G94/><T110/><D110/><U112/><E112/><V3/><F73/><W66/><G69/><T84/><D84/><U8/><E61/><N who="2" m="37927" /><F3/><W116/><G116/><T18/><D98/><AGARI ba="0,0" hai="48,51,80,85,90,92,98,103" m="37927,7375" machi="98" ten="30,1000,0" yaku="8,1" doraHai="100" who="2" fromWho="0" sc="147,-10,261,0,420,10,172,0" owari="137,-36.3,261,6.1,430,53.0,172,-22.8" /></mjloggm>