<mjloggm ver="2.3"><GO type="169" lobby="0"/><UN n0="%59%54%39%38%39%39" n1="%E3%81%AA%E3%81%88%E3%81%A8%E3%82%8B" n2="%6F%6B%62%6F%6B%62" n3="%68%61%72%6F%6F%6B%69%65" dan="17,16,16,17" rate="2161.79,2116.14,2071.38,2211.54" sx="M,M,M,M"/><TAIKYOKU oya="0"/><INIT seed="0,0,0,2,5,87" ten="250,250,250,250" oya="0" hai0="103,26,117,67,25,50,27,39,106,132,82,130,32" hai1="12,11,120,111,48,52,88,135,46,29,98,45,128" hai2="71,18,69,94,101,108,43,126,70,19,38,13,3" hai3="41,44,56,110,2,0,93,28,17,113,97,116,62"/><T75/><D75/><U112/><BYE who="0" /><E120/><V14/><F108/><W36/><G110/><T55/><D55/><U74/><E111/><UN n0="%59%54%39%38%39%39" /><V37/><F126/><W4/><G113/><T80/><D117/><U6/><E112/><V133/><F133/><W95/><G116/><T53/><D39/><U35/><E135/><V105/><F105/><W34/><G4/><T1/><D32/><U129/><E74/><V65/><F65/><W114/><G114/><T9/><D130/><N who="1" m="50283" /><E29/><V131/><F131/><W127/><G127/><T85/><D80/><U31/><E31/><V58/><F3/><W79/><G93/><T10/><D1/><U22/><E35/><V16/><F58/><W66/><G79/><T7/><D7/><U5/><E22/><V30/><F30/><W118/><G118/><T81/><D81/><U51/><E6/><V102/><F94/><W119/><G119/><T60/><D132/><U64/><E64/><V91/><F91/><W15/><G28/><T104/><D106/><U49/><E46/><V89/><F89/><W57/><G57/><N who="0" m="37263" /><D104/><U115/><E115/><V47/><REACH who="2" step="1"/><F37/><REACH who="2" ten="250,250,240,250" step="2"/><W83/><G83/><T40/><D103/><AGARI ba="0,1" hai="13,14,16,18,19,38,43,47,69,70,71,101,102,103" machi="103" ten="50,6400,0" yaku="1,1,2,1,54,1,53,0" doraHai="87" doraHaiUra="24" who="2" fromWho="0" sc="250,-64,250,0,240,74,250,0" /><INIT seed="1,0,0,5,0,19" ten="186,250,314,250" oya="1" hai0="134,107,91,53,94,63,11,131,68,122,17,6,67" hai1="2,125,88,47,40,58,14,1,34,43,81,23,59" hai2="130,49,100,84,29,50,66,31,85,129,112,18,119" hai3="86,113,89,109,30,128,61,33,127,39,57,132,38"/><U77/><E34/><V62/><F119/><W108/><G113/><T106/><D122/><U22/><E125/><V0/><F0/><W36/><G128/><T12/><D131/><N who="2" m="50186" /><F100/><W26/><G132/><T20/><D134/><U65/><E2/><V48/><F18/><W133/><G133/><T103/><D103/><U60/><E1/><V75/><F75/><W71/><G71/><T87/><REACH who="0" step="1"/><D53/><REACH who="0" ten="176,250,314,250" step="2"/><U135/><E135/><V102/><F102/><W51/><G127/><T78/><D78/><U121/><E77/><V42/><F112/><W126/><G126/><T56/><D56/><U4/><E121/><V44/><F42/><W104/><G57/><T25/><AGARI ba="0,1" hai="6,11,12,17,20,25,63,67,68,87,91,94,106,107" machi="25" ten="20,8000,1" yaku="1,1,0,1,7,1,52,1,53,1" doraHai="19" doraHaiUra="9" who="0" fromWho="0" sc="176,90,250,-40,314,-20,250,-20" /><INIT seed="2,0,0,1,2,99" ten="266,210,294,230" oya="2" hai0="92,94,77,42,122,33,125,101,117,131,54,108,76" hai1="39,9,23,15,113,104,28,91,111,130,97,46,17" hai2="78,107,8,67,52,86,22,75,129,35,100,85,82" hai3="69,45,49,59,41,110,34,88,1,103,51,126,30"/><V120/><F120/><W16/><G110/><T114/><D42/><U10/><E113/><V25/><F35/><W83/><G69/><T47/><D54/><U37/><E111/><V19/><F129/><W24/><G1/><T102/><D33/><U116/><E116/><V98/><F67/><W70/><G70/><T31/><D108/><U105/><E130/><V84/><F8/><W134/><G134/><T40/><D122/><U27/><E104/><V60/><F60/><W89/><G126/><T118/><D114/><U4/><E46/><V81/><REACH who="2" step="1"/><F52/><REACH who="2" ten="266,210,284,230" step="2"/><W0/><G34/><T96/><D131/><U13/><E9/><V135/><F135/><W21/><G59/><T106/><D125/><U132/><E132/><V128/><F128/><W14/><G45/><T63/><D63/><U48/><E10/><V55/><F55/><W12/><G41/><T29/><D47/><U7/><E4/><V2/><F2/><W36/><G21/><T80/><D40/><U90/><E7/><V66/><F66/><W64/><G0/><T61/><D61/><U5/><E5/><V127/><F127/><W20/><G64/><T72/><D118/><U123/><E123/><V57/><F57/><W133/><G133/><T56/><D56/><U53/><E23/><V93/><F93/><W58/><G58/><T119/><D117/><U121/><E121/><V6/><F6/><W71/><G71/><T115/><D94/><U109/><E53/><V43/><F43/><W74/><G20/><T62/><D119/><U87/><E109/><V73/><F73/><W50/><G74/><RYUUKYOKU ba="0,1" sc="266,-10,210,-10,284,30,230,-10" hai2="19,22,25,75,78,81,82,84,85,86,98,100,107" /><INIT seed="2,1,1,0,5,17" ten="256,200,314,220" oya="2" hai0="86,22,38,16,70,92,42,18,40,61,0,104,26" hai1="72,94,102,7,93,123,90,108,60,83,37,98,114" hai2="66,74,101,2,127,47,125,103,116,8,69,44,11" hai3="81,43,48,13,59,4,130,135,78,20,39,1,50"/><V84/><F74/><W113/><G130/><T126/><D104/><U63/><E114/><V56/><F69/><W58/><G135/><T29/><D126/><N who="2" m="48138" /><F84/><W62/><G113/><T112/><D0/><U10/><E108/><V49/><F116/><W34/><G34/><T115/><D112/><U9/><E37/><V19/><F2/><W36/><G1/><T55/><D115/><U129/><E129/><V99/><F66/><W3/><G3/><T124/><D124/><U77/><E123/><V33/><F33/><W54/><G4/><T79/><D70/><U82/><E82/><V91/><F91/><W75/><G43/><N who="0" m="16427" /><D38/><U5/><E5/><V31/><F31/><W27/><G13/><T45/><D79/><U105/><E94/><N who="2" m="58615" /><F103/><W132/><G132/><T111/><D111/><U52/><E7/><V32/><F32/><W122/><G122/><T131/><D131/><U110/><E110/><V64/><F64/><W133/><G133/><T96/><D86/><U95/><E95/><V73/><F73/><W57/><G36/><T76/><D76/><U46/><E102/><V118/><F118/><W120/><G39/><T12/><D29/><U100/><E105/><V15/><F11/><N who="1" m="4105" /><E100/><V117/><F117/><W67/><G120/><T107/><D107/><U6/><E6/><V14/><F14/><W80/><G75/><T51/><D92/><U85/><E72/><V87/><F87/><W89/><G78/><T97/><D96/><U134/><E134/><V88/><F88/><W25/><G89/><T119/><D97/><U35/><E35/><V21/><F8/><RYUUKYOKU ba="1,1" sc="256,-15,200,15,314,15,220,-15" hai1="46,52,60,63,77,83,85,90,93,98" hai2="15,19,21,44,47,49,56" /><INIT seed="2,2,1,2,3,99" ten="241,215,329,205" oya="2" hai0="9,119,29,49,45,66,59,117,118,3,96,6,60" hai1="0,14,67,8,68,52,90,4,32,102,30,123,130" hai2="72,34,1,10,43,122,12,87,27,65,41,133,39" hai3="112,125,48,93,86,107,134,36,84,92,98,100,113"/><V54/><F72/><W5/><G36/><T20/><D29/><U116/><E116/><V76/><F122/><W75/><G48/><T95/><D20/><U7/><E123/><V78/><F133/><W128/><G5/><T46/><REACH who="0" step="1"/><D49/><REACH who="0" ten="231,215,329,205" step="2"/><U70/><E30/><V132/><F132/><W22/><G134/><T62/><D62/><U40/><E32/><V71/><F39/><W11/><G22/><T120/><D120/><U121/><E121/><V33/><F33/><W83/><G11/><T63/><D63/><U44/><E8/><V94/><F34/><W16/><G128/><T26/><D26/><U42/><E130/><V80/><F27/><W56/><G125/><T88/><AGARI ba="2,2" hai="3,6,9,45,46,59,60,66,88,95,96,117,118,119" machi="88" ten="30,8000,1" yaku="1,1,0,1,12,1,54,1,53,1" doraHai="99" doraHaiUra="89" who="0" fromWho="0" sc="231,106,215,-22,329,-42,205,-22" /><INIT seed="3,0,0,1,4,33" ten="337,193,287,183" oya="3" hai0="19,39,26,32,85,9,27,17,23,96,83,116,82" hai1="125,13,89,90,46,71,25,101,87,108,84,3,102" hai2="79,81,94,21,74,31,10,107,80,130,53,5,86" hai3="65,20,52,117,100,133,34,59,99,40,38,105,4"/><W18/><G117/><T12/><D39/><U16/><E108/><V57/><F107/><W11/><G34/><T64/><D116/><U30/><E71/><V7/><F94/><W50/><G133/><T60/><D96/><U106/><E125/><V95/><F95/><W1/><G65/><T54/><D54/><U28/><E3/><V75/><F130/><W0/><G40/><T72/><D72/><U93/><E46/><V129/><F129/><W56/><G38/><T131/><D131/><U121/><E121/><V91/><F74/><W8/><G59/><N who="0" m="36895" /><D32/><U15/><E106/><V104/><F104/><W109/><G109/><T92/><D27/><U77/><E77/><V63/><F10/><W135/><G135/><T47/><D47/><U35/><E30/><V43/><F43/><W67/><G67/><T118/><D118/><U41/><E13/><V68/><F68/><W49/><G49/><T73/><D73/><U42/><E41/><V36/><F36/><W61/><G50/><T69/><D69/><U127/><E127/><V48/><F48/><W62/><G62/><T78/><D92/><U51/><E51/><V134/><F134/><W22/><REACH who="3" step="1"/><G18/><REACH who="3" ten="337,193,287,173" step="2"/><T24/><D19/><U132/><E42/><V123/><F123/><W70/><G70/><T124/><D124/><U112/><E132/><V6/><F31/><W66/><G66/><T110/><D110/><U44/><E44/><V119/><F119/><W55/><G55/><T88/><D17/><U120/><E120/><V103/><F103/><W29/><G29/><T45/><D45/><U14/><E101/><RYUUKYOKU ba="0,1" sc="337,-15,193,-15,287,15,173,15" hai2="5,6,7,21,53,57,63,75,79,80,81,86,91" hai3="0,1,4,8,11,20,22,52,56,61,99,100,105" /><INIT seed="3,1,1,0,5,56" ten="322,178,302,188" oya="3" hai0="114,106,30,76,103,5,121,19,113,123,95,49,102" hai1="4,74,50,97,131,88,134,124,109,115,62,104,125" hai2="86,90,126,72,55,43,25,60,59,71,40,89,108" hai3="92,130,118,8,83,24,0,20,73,93,98,27,7"/><W42/><G118/><T34/><D5/><U66/><E115/><V37/><F108/><W112/><G112/><T10/><D34/><U70/><E109/><V13/><F72/><W91/><G130/><T61/><D30/><U48/><E131/><V107/><F126/><N who="1" m="48745" /><E134/><V82/><F107/><W54/><G42/><T87/><D19/><U78/><E4/><V120/><F120/><W28/><G54/><T21/><D10/><U11/><E11/><V33/><F13/><W18/><G73/><T100/><D21/><U80/><E104/><V35/><F71/><W127/><G127/><T65/><D106/><U105/><E105/><V32/><F25/><W116/><G116/><T9/><D9/><U52/><E52/><V12/><F12/><W15/><G83/><T17/><D114/><U58/><E70/><V14/><F14/><W53/><G53/><T36/><D113/><U85/><E97/><V117/><F117/><W75/><G75/><T133/><D133/><U68/><E68/><V31/><F31/><W110/><G110/><T67/><D123/><U101/><E101/><V46/><REACH who="2" step="1"/><F40/><REACH who="2" ten="322,178,292,188" step="2"/><W44/><G28/><T64/><D121/><U94/><AGARI ba="1,2" hai="48,50,58,62,66,74,78,80,85,88,94" m="48745" machi="94" ten="30,4000,0" yaku="18,1,52,1,54,1" doraHai="56" who="1" fromWho="1" sc="322,-11,178,63,292,-11,188,-21" /><INIT seed="4,0,0,3,0,104" ten="311,241,281,167" oya="0" hai0="92,23,119,118,41,126,39,69,36,109,78,58,103" hai1="115,66,88,56,12,102,40,108,101,33,61,46,20" hai2="28,9,3,130,134,65,121,17,49,14,16,21,15" hai3="59,1,37,25,10,43,113,93,2,100,57,91,99"/><T45/><D69/><U77/><E108/><V24/><F65/><W8/><G113/><T11/><D109/><U135/><E33/><V97/><F97/><W22/><G37/><T30/><D126/><U123/><E123/><V50/><F121/><W105/><G43/><T129/><D39/><U73/><E135/><V67/><F67/><W128/><G128/><T35/><D35/><U117/><E117/><V55/><F130/><W110/><G110/><T114/><D129/><U94/><E115/><V116/><F116/><W32/><G32/><T0/><D114/><U81/><E12/><V112/><F112/><W111/><G111/><T4/><D58/><U127/><E20/><V62/><F134/><W122/><G122/><T131/><D131/><U68/><E68/><V85/><F85/><W51/><G2/><T54/><D54/><U52/><E66/><V29/><F3/><W132/><G132/><T86/><D103/><U63/><E63/><V38/><F38/><W18/><G1/><T74/><D86/><U76/><E77/><V87/><F87/><W72/><G72/><T89/><D89/><U19/><E19/><V42/><F42/><W120/><G120/><T7/><D7/><U107/><E107/><V125/><F125/><W90/><G105/><T75/><D92/><U83/><E83/><V5/><F5/><W26/><G26/><N who="0" m="16735" /><D74/><U71/><E71/><V64/><F64/><W95/><G100/><T48/><D48/><N who="2" m="18538" /><F24/><W70/><G70/><T80/><AGARI ba="0,0" hai="0,4,11,36,41,45,75,78,80,118,119" m="16735" machi="80" ten="30,3000,0" yaku="25,1,52,1" doraHai="104" who="0" fromWho="0" sc="311,30,241,-10,281,-10,167,-10" /><INIT seed="4,1,0,1,3,39" ten="341,231,271,157" oya="0" hai0="16,69,32,76,126,90,131,9,23,80,101,121,56" hai1="99,109,0,60,86,33,81,133,115,98,2,50,1" hai2="19,24,31,124,22,130,44,51,114,36,125,100,12" hai3="61,37,40,95,28,92,74,75,77,103,25,111,17"/><T66/><D69/><U89/><E109/><V14/><F36/><W106/><G111/><T72/><D32/><U71/><E133/><V104/><F114/><W70/><G17/><T6/><D121/><U135/><E135/><V91/><F130/><W65/><G77/><T63/><D101/><U96/><E115/><V18/><F91/><W122/><G92/><T15/><D131/><U8/><E33/><V48/><F100/><W42/><G95/><T57/><D90/><U20/><E20/><V62/><F62/><W3/><G3/><T116/><D126/><N who="2" m="48746" /><F104/><W45/><G42/><T85/><D116/><U7/><E50/><V13/><F48/><W54/><G54/><AGARI ba="1,0" hai="12,13,14,18,19,22,24,31,44,51,54" m="48746" machi="54" ten="30,1000,0" yaku="18,1" doraHai="39" who="2" fromWho="3" sc="341,0,231,0,271,13,157,-13" /><INIT seed="5,0,0,4,1,43" ten="341,231,284,144" oya="1" hai0="111,26,97,44,59,118,121,109,105,9,74,68,16" hai1="125,30,60,12,27,1,94,132,10,91,33,35,98" hai2="77,32,73,55,124,17,5,0,39,41,24,11,115" hai3="6,103,66,38,52,18,56,96,100,130,83,4,15"/><U49/><E125/><V70/><F55/><W134/><G130/><T42/><D68/><U48/><E132/><V85/><F85/><W84/><G134/><T95/><D118/><U82/><E35/><V79/><F124/><W61/><G38/><T86/><D105/><U108/><E108/><V36/><F79/><W117/><G117/><T113/><D74/><U72/><E1/><V116/><F116/><W131/><G131/><T13/><D86/><U102/><E60/><V7/><F7/><W133/><G66/><T40/><D40/><U63/><E63/><V54/><F54/><W3/><G3/><T87/><D87/><U120/><E120/><V23/><F115/><W110/><G133/><T21/><D59/><U122/><E122/><V93/><F70/><W53/><G53/><T89/><D113/><U2/><E2/><V106/><F106/><W19/><G110/><T58/><D58/><U76/><REACH who="1" step="1"/><E102/><REACH who="1" ten="341,221,284,144" step="2"/><V99/><F32/><W119/><G103/><T14/><D121/><U129/><E129/><V104/><F0/><W107/><G119/><T51/><D14/><U46/><E46/><V47/><F47/><W75/><G75/><T50/><D50/><U80/><E80/><V78/><F39/><W128/><G128/><T31/><AGARI ba="0,1" hai="9,13,16,21,26,31,42,44,51,89,95,97,109,111" machi="31" ten="20,5200,0" yaku="0,1,7,1,52,1,54,1" doraHai="43" who="0" fromWho="0" sc="341,62,221,-26,284,-13,144,-13" /><INIT seed="6,0,0,0,2,10" ten="403,195,271,131" oya="2" hai0="79,126,47,108,38,12,39,30,26,43,101,17,94" hai1="35,27,81,95,53,14,24,87,75,125,25,78,97" hai2="32,63,114,121,2,70,31,18,132,49,16,77,73" hai3="84,102,51,41,129,34,21,122,106,6,115,111,62"/><V133/><F121/><W85/><G41/><T22/><D79/><U59/><E125/><V11/><F114/><W134/><G51/><T68/><D68/><U58/><E35/><V100/><F100/><W80/><G62/><T103/><D126/><U9/><E75/><V116/><F116/><W44/><G44/><T67/><D67/><U93/><E97/><V20/><F70/><W82/><G6/><T88/><D108/><U69/><E69/><V37/><F37/><W50/><G21/><T117/><D38/><U0/><E0/><V91/><F63/><W3/><G50/><T19/><D19/><U120/><E120/><V96/><F49/><W60/><G60/><T45/><D45/><U127/><E127/><V52/><F52/><W15/><G15/><T54/><D54/><U48/><REACH who="1" step="1"/><E59/><REACH who="1" ten="403,185,271,131" step="2"/><V119/><F119/><W61/><G3/><T123/><D123/><U89/><E89/><V74/><F91/><W90/><G34/><T1/><D1/><U46/><E46/><V128/><F96/><N who="3" m="61767" /><G122/><T33/><D117/><U8/><E8/><V109/><F2/><W13/><G111/><T28/><D47/><U112/><E112/><V64/><F109/><W5/><G115/><T7/><D33/><U118/><E118/><V36/><F11/><N who="3" m="4335" /><G129/><T131/><D88/><U65/><E65/><V113/><F64/><W57/><G134/><T135/><D135/><U40/><E40/><V76/><F133/><W29/><G90/><T104/><D43/><U72/><E72/><V98/><F132/><W42/><G42/><T86/><D131/><U83/><E83/><RYUUKYOKU ba="0,1" sc="403,-10,185,30,271,-10,131,-10" hai1="9,14,24,25,27,48,53,58,78,81,87,93,95" /><INIT seed="7,1,1,2,3,107" ten="393,215,261,121" oya="3" hai0="25,23,36,78,17,81,26,19,8,2,93,85,44" hai1="73,126,59,131,49,60,84,31,47,35,120,45,118" hai2="77,63,72,28,96,80,33,43,124,109,71,21,103" hai3="95,74,66,0,134,22,102,30,3,51,1,89,68"/><W9/><G102/><T108/><D108/><U119/><E120/><V62/><F109/><W29/><G74/><T76/><D2/><U106/><E106/><V58/><F124/><W91/><G134/><T128/><D128/><U115/><E126/><V117/><F117/><N who="1" m="44553" /><E131/><V61/><F43/><W88/><G95/><T99/><D36/><U7/><E115/><V15/><F33/><W113/><G113/><T42/><D42/><U54/><E73/><V5/><F71/><W110/><G110/><T32/><D32/><U56/><E7/><V125/><F125/><W98/><G98/><T69/><D69/><U112/><E112/><V83/><F83/><W48/><G9/><T116/><D44/><U55/><E84/><V27/><F5/><W57/><G68/><T12/><D116/><U127/><E127/><V122/><F122/><W133/><G133/><T38/><D38/><U75/><E75/><V97/><F97/><W10/><G10/><T82/><D82/><U14/><E14/><V20/><F15/><W11/><G11/><T50/><D78/><U39/><E39/><V70/><F70/><W79/><G79/><T65/><D26/><AGARI ba="1,1" hai="26,31,35,45,47,49,54,55,56,59,60" m="44553" machi="26" ten="30,1000,0" yaku="12,1" doraHai="107" who="1" fromWho="0" sc="393,-13,215,23,261,0,121,0" owari="380,48.0,238,-16.2,261,6.1,121,-37.9" /></mjloggm>