<mjloggm ver="2.3"><GO type="169" lobby="0"/><UN n0="%59%75%49%74%6F" n1="%68%61%6B%75%30%37" n2="%E3%81%8B%E3%81%A4%E3%81%BF%E3%82%93%E3%81%94%EF%BC%81" n3="%E3%82%B8%E3%83%A3%E3%82%B9%E3%83%88%E3%81%B3%E3%81%83" dan="16,18,16,16" rate="2036.98,2201.19,2166.81,2178.71" sx="M,M,M,M"/><TAIKYOKU oya="0"/><INIT seed="0,0,0,4,1,54" ten="250,250,250,250" oya="0" hai0="12,70,8,9,29,37,16,92,102,79,57,113,64" hai1="17,115,77,47,108,135,65,42,25,103,78,24,71" hai2="34,104,23,50,81,91,58,120,131,38,84,133,1" hai3="95,118,122,93,90,41,127,68,96,45,48,4,44"/><T99/><D113/><U39/><E115/><V106/><F120/><W121/><G118/><T110/><D37/><U56/><E108/><V18/><F34/><W129/><G68/><T5/><D110/><U51/><E135/><V117/><F38/><W32/><G32/><T86/><D70/><U61/><E103/><V128/><F1/><W27/><G129/><N who="2" m="49737" /><F133/><W40/><G127/><T134/><D29/><U7/><E7/><V125/><F125/><W19/><G4/><T73/><D73/><U35/><E17/><V55/><F117/><W74/><G74/><T100/><D134/><U10/><E10/><V3/><F3/><W80/><G80/><N who="0" m="47391" /><D102/><U31/><REACH who="1" step="1"/><E24/><AGARI ba="0,0" hai="18,23,24,50,55,58,81,84,91,104,106" m="49737" machi="24" ten="30,2000,0" yaku="19,1,52,1" doraHai="54" who="2" fromWho="1" sc="250,0,250,-20,250,20,250,0" /><INIT seed="1,0,0,4,3,109" ten="250,230,270,250" oya="1" hai0="58,124,64,41,72,118,51,133,19,122,25,117,3" hai1="89,22,24,82,114,94,6,98,8,37,50,13,47" hai2="66,119,95,54,83,127,123,55,15,129,79,45,125" hai3="28,57,12,108,4,131,60,81,10,96,121,134,71"/><U61/><E37/><V11/><F119/><W26/><G108/><T90/><D72/><U48/><E114/><V112/><F123/><W107/><G131/><T113/><D3/><U33/><E33/><V116/><F116/><W7/><G134/><T70/><D122/><U42/><E61/><V75/><F129/><W34/><G121/><T2/><D2/><U29/><REACH who="1" step="1"/><E82/><REACH who="1" ten="250,220,270,250" step="2"/><V63/><F112/><W105/><G81/><T115/><D115/><U18/><E18/><V93/><F127/><W110/><G110/><T0/><D19/><U106/><E106/><V99/><F125/><W68/><G105/><T38/><D124/><U16/><E16/><V87/><F63/><W49/><G49/><T27/><D51/><U84/><E84/><V36/><F36/><W43/><G4/><T1/><D38/><U77/><E77/><V5/><F87/><W31/><G31/><T30/><D30/><U62/><E62/><V101/><F95/><W126/><G126/><T130/><D113/><U103/><E103/><V23/><F101/><W40/><G107/><T74/><D118/><U53/><E53/><V35/><F35/><W80/><G80/><T20/><D117/><U32/><E32/><V39/><F55/><W111/><G111/><T9/><D130/><U88/><E88/><N who="2" m="55719" /><F66/><N who="3" m="39183" /><G96/><T44/><D64/><U69/><E69/><V21/><F54/><W65/><G65/><T92/><D70/><N who="3" m="26665" /><G34/><T59/><D92/><U97/><E97/><V86/><F86/><W78/><G78/><T120/><D120/><U76/><E76/><V14/><F79/><W52/><G52/><RYUUKYOKU ba="0,1" sc="250,-15,220,15,270,-15,250,15" hai1="6,8,13,22,24,29,42,47,48,50,89,94,98" hai3="7,10,12,26,28,40,43" /><INIT seed="1,1,1,4,3,75" ten="235,235,255,265" oya="1" hai0="97,57,88,64,41,48,62,56,33,14,66,85,45" hai1="12,133,46,59,115,119,67,74,4,43,127,124,61" hai2="71,87,122,93,78,8,118,84,107,100,114,131,105" hai3="63,15,1,99,112,34,2,5,53,3,18,135,108"/><U91/><E91/><N who="2" m="53479" /><F8/><W126/><G112/><T72/><D33/><U70/><E4/><V40/><F40/><W37/><G37/><T22/><D72/><U50/><E12/><V30/><F71/><W96/><G34/><T49/><D97/><U120/><E74/><V17/><F17/><W130/><G5/><T47/><D57/><U20/><E20/><V55/><F55/><W32/><G32/><T69/><D14/><U134/><E115/><V11/><F11/><W121/><G121/><T73/><D73/><U101/><E101/><V65/><F65/><W128/><G108/><T86/><D69/><U116/><E70/><V103/><F30/><W123/><G123/><T98/><D22/><U39/><E39/><V111/><F122/><W110/><G110/><T25/><D25/><U13/><E13/><V27/><F27/><W104/><G18/><T117/><D66/><U92/><E92/><V10/><F10/><W60/><G15/><T7/><D7/><U113/><E113/><V24/><F24/><W109/><G109/><T89/><D117/><N who="1" m="45131" /><E120/><V82/><F111/><W102/><G102/><N who="2" m="38953" /><F118/><W77/><G3/><T79/><D64/><U125/><AGARI ba="1,1" hai="43,46,50,59,61,67,124,125,127,133,134" m="45131" machi="125" ten="40,7800,0" yaku="18,1,34,2" doraHai="75" who="1" fromWho="1" sc="235,-27,235,91,255,-27,265,-27" /><INIT seed="1,2,0,4,2,50" ten="208,326,228,238" oya="1" hai0="9,53,17,102,77,52,67,107,132,93,58,65,55" hai1="51,46,47,113,39,20,41,105,84,92,88,104,117" hai2="81,127,61,108,8,40,27,95,44,6,118,48,126" hai3="134,80,26,89,114,106,15,24,0,33,82,78,79"/><U123/><E113/><V98/><F108/><W19/><G114/><T3/><D3/><U31/><BYE who="0" /><E117/><V34/><F118/><W85/><G0/><UN n0="%59%75%49%74%6F" /><T18/><D107/><U74/><E74/><V70/><F81/><W115/><G115/><T11/><D77/><U83/><E123/><V100/><F70/><W13/><G106/><T131/><D132/><U99/><E20/><V73/><F73/><W121/><G134/><T122/><D131/><U91/><REACH who="1" step="1"/><E31/><REACH who="1" ten="208,316,228,238" step="2"/><V72/><F72/><W28/><G121/><T124/><D122/><U63/><E63/><V14/><F61/><W66/><G78/><T12/><D124/><U62/><E62/><V130/><F130/><W116/><G116/><T23/><D58/><U75/><E75/><V119/><F119/><W42/><G79/><T5/><D23/><U21/><E21/><V76/><F76/><W7/><G28/><T125/><D125/><U36/><E36/><V86/><F126/><W101/><G33/><T22/><D22/><U38/><E38/><V87/><F127/><W128/><G128/><T109/><D109/><U133/><E133/><V4/><F34/><W71/><G71/><T68/><D68/><U25/><E25/><V90/><F27/><W54/><G24/><T112/><D112/><U94/><E94/><V56/><F56/><W43/><G26/><T129/><D129/><U110/><E110/><V37/><F37/><W49/><G80/><T97/><D9/><U1/><E1/><V10/><F100/><W135/><G82/><T111/><D111/><U103/><E103/><V45/><F45/><RYUUKYOKU ba="2,1" sc="208,10,316,10,228,10,238,-30" hai0="5,11,12,17,18,52,53,55,65,67,93,97,102" hai1="39,41,46,47,51,83,84,88,91,92,99,104,105" hai2="4,6,8,10,14,40,44,48,86,87,90,95,98" /><INIT seed="1,3,1,0,1,115" ten="218,326,238,208" oya="1" hai0="25,124,95,10,8,29,2,120,37,79,21,45,47" hai1="114,46,62,81,88,110,72,7,30,97,74,49,93" hai2="34,99,59,36,56,127,13,129,103,20,33,86,69" hai3="76,50,117,106,121,52,108,43,126,24,16,39,31"/><U60/><E114/><V53/><F69/><W4/><G121/><T12/><D120/><U78/><E110/><V28/><F36/><W87/><G106/><T17/><D124/><U135/><E135/><V89/><F129/><W94/><G108/><T42/><D79/><U70/><E74/><V51/><F127/><W48/><G126/><T105/><D105/><U119/><E119/><V41/><F41/><W14/><G4/><T102/><D47/><U128/><E128/><V133/><F133/><W55/><G39/><T22/><REACH who="0" step="1"/><D2/><REACH who="0" ten="208,326,238,208" step="2"/><U100/><E46/><V44/><F44/><N who="3" m="27655" /><G76/><T98/><AGARI ba="3,2" hai="8,10,12,17,21,22,25,29,37,42,45,95,98,102" machi="98" ten="30,2000,0" yaku="1,1,0,1,53,0" doraHai="115" doraHaiUra="116" who="0" fromWho="0" sc="208,49,326,-13,238,-8,208,-8" /><INIT seed="2,0,0,1,3,74" ten="257,313,230,200" oya="2" hai0="44,110,57,2,125,119,51,19,96,109,5,73,9" hai1="115,94,41,40,54,45,135,43,52,26,91,46,127" hai2="32,79,1,61,64,37,6,101,114,27,129,38,10" hai3="33,39,128,8,69,78,89,131,24,133,21,35,17"/><V88/><F129/><N who="3" m="49739" /><G39/><T28/><D125/><U75/><E115/><V66/><F114/><W86/><G69/><T48/><D119/><U122/><E127/><V65/><F101/><W120/><G120/><T102/><D28/><U113/><E113/><V71/><F65/><W93/><G133/><T34/><D34/><U100/><E135/><V50/><F66/><W105/><G105/><T77/><D19/><U87/><E75/><V84/><F79/><W4/><G78/><T80/><D57/><U108/><E108/><N who="0" m="41577" /><D44/><N who="1" m="17003" /><E122/><V47/><F27/><W70/><G70/><T0/><D0/><AGARI ba="0,0" hai="0,4,8,17,21,24,33,35,86,89,93" m="49739" machi="0" ten="30,1000,0" yaku="19,1" doraHai="74" who="3" fromWho="0" sc="257,-10,313,0,230,0,200,10" /><INIT seed="3,0,0,0,3,5" ten="247,313,230,210" oya="3" hai0="41,36,72,13,50,71,26,111,129,56,100,57,61" hai1="90,110,68,21,32,132,23,79,28,62,10,131,134" hai2="87,38,58,0,92,128,42,104,82,113,114,39,33" hai3="102,48,74,120,45,20,25,130,93,43,66,94,8"/><W83/><G120/><T109/><D72/><U99/><E79/><V122/><F0/><W127/><G130/><T37/><D100/><U117/><E68/><V107/><F33/><W27/><G127/><T60/><D26/><N who="1" m="18455" /><E62/><V2/><F2/><W47/><G66/><N who="0" m="41415" /><D13/><U59/><E59/><N who="0" m="22601" /><D61/><U54/><E99/><V55/><F87/><W97/><G27/><T6/><D6/><U133/><E90/><V106/><F92/><W40/><G93/><T96/><D96/><U116/><E21/><V88/><F82/><W52/><G47/><N who="0" m="25967" /><D129/><U46/><E23/><V73/><F128/><W31/><REACH who="3" step="1"/><G8/><REACH who="3" ten="247,313,230,200" step="2"/><T63/><D63/><U135/><E135/><V49/><F106/><W18/><G18/><T112/><D112/><U64/><E131/><V15/><F104/><W124/><G124/><T7/><D7/><U108/><E10/><V17/><F107/><W103/><G103/><T29/><D29/><U70/><E64/><V11/><F114/><W19/><G19/><T121/><D121/><U16/><E16/><V85/><F113/><W123/><G123/><T12/><D12/><U51/><E70/><V4/><F122/><W14/><G14/><T1/><D1/><U69/><E69/><V98/><F17/><W81/><G81/><T67/><D67/><U95/><E95/><V126/><F126/><W78/><AGARI ba="0,1" hai="20,25,31,40,43,45,48,52,74,78,83,94,97,102" machi="78" ten="30,6000,0" yaku="1,1,0,1,54,1,53,0" doraHai="5" doraHaiUra="119" who="3" fromWho="3" sc="247,-20,313,-20,230,-20,200,70" /><INIT seed="3,1,0,5,5,129" ten="227,293,210,270" oya="3" hai0="131,105,106,112,126,23,62,122,102,30,68,36,10" hai1="47,19,133,84,31,109,35,128,38,34,74,94,5" hai2="101,43,95,86,96,85,118,29,93,48,11,92,119" hai3="0,83,44,121,59,26,90,4,66,97,8,114,104"/><W67/><G114/><T6/><D122/><U3/><E74/><V81/><F29/><W69/><G121/><T52/><D131/><U25/><E128/><V14/><F43/><W111/><G69/><T108/><D36/><U80/><E109/><V135/><F48/><W63/><G111/><T124/><D108/><U100/><E34/><V72/><F14/><W24/><G67/><T123/><D123/><U107/><E107/><V40/><F11/><W41/><G83/><T58/><D68/><U120/><E19/><V73/><F40/><W132/><G132/><T39/><D39/><U42/><E120/><V18/><F18/><W9/><G8/><T60/><D60/><U33/><E33/><V130/><F130/><W17/><G17/><T53/><D53/><U117/><E117/><N who="2" m="44555" /><F135/><W82/><G82/><T49/><D62/><U28/><E28/><V22/><F22/><W98/><G98/><T110/><D110/><U87/><E80/><V46/><F46/><W75/><G75/><N who="2" m="28745" /><F85/><W54/><G66/><T56/><D112/><U55/><E55/><V113/><F113/><W78/><G44/><T51/><D58/><U13/><E3/><V16/><F16/><W27/><G41/><T7/><D51/><U12/><E133/><V88/><AGARI ba="1,0" hai="81,86,88,92,93,95,96,101" m="28745,44555" machi="88" ten="30,4000,0" yaku="34,2,54,1" doraHai="129" who="2" fromWho="2" sc="227,-11,293,-11,210,43,270,-21" /><INIT seed="4,0,0,4,2,48" ten="216,282,253,249" oya="0" hai0="101,22,98,92,50,28,123,58,114,108,89,129,116" hai1="17,128,52,2,14,117,54,25,86,5,46,131,107" hai2="97,18,57,83,40,121,61,51,49,8,60,94,68" hai3="70,102,112,0,39,30,115,87,29,132,33,135,63"/><T66/><D123/><U56/><E117/><V67/><F121/><W103/><G39/><T90/><D116/><U96/><E25/><V62/><F83/><W7/><G87/><T74/><D74/><U69/><E69/><V75/><F75/><W41/><G41/><T44/><D129/><N who="1" m="49739" /><E86/><V127/><F127/><W32/><G7/><T73/><D73/><U93/><E107/><V77/><F77/><W134/><G63/><N who="2" m="24137" /><F18/><W65/><G65/><T27/><D114/><N who="3" m="43561" /><G0/><T15/><D108/><U78/><E78/><V85/><F94/><W79/><G79/><T34/><D34/><N who="3" m="13417" /><G70/><T36/><D36/><U104/><E104/><V106/><F8/><W119/><G119/><T38/><D15/><U11/><E56/><V1/><F106/><W110/><G110/><T12/><D12/><U120/><E46/><N who="2" m="25799" /><F97/><W55/><G55/><N who="0" m="30151" /><D38/><U82/><E120/><V91/><F85/><W13/><G13/><T64/><D58/><U72/><E72/><V122/><F91/><AGARI ba="0,0" hai="22,27,28,64,66,89,90,91,92,98,101" m="30151" machi="91" ten="30,2900,0" yaku="8,1,52,1" doraHai="48" who="0" fromWho="2" sc="216,29,282,0,253,-29,249,0" /><INIT seed="4,1,0,0,4,102" ten="245,282,224,249" oya="0" hai0="130,73,127,135,126,41,123,2,47,16,28,55,38" hai1="78,109,4,3,67,48,89,83,29,30,94,125,100" hai2="8,98,7,35,25,23,59,92,91,80,97,112,84" hai3="86,104,44,113,107,52,74,42,118,34,51,33,63"/><T64/><D123/><U56/><E109/><V21/><F112/><W13/><G118/><T18/><D2/><U32/><E100/><V88/><F35/><W132/><G74/><T61/><D73/><U133/><E133/><V66/><F97/><W10/><G113/><T72/><D72/><U17/><E32/><V124/><F124/><N who="0" m="47658" /><D135/><U1/><E4/><V62/><REACH who="2" step="1"/><F25/><REACH who="2" ten="245,282,214,249" step="2"/><W134/><G132/><T50/><D130/><U76/><E125/><V37/><F37/><W19/><G134/><T36/><D28/><U20/><E29/><V131/><F131/><W79/><G34/><T101/><D101/><U121/><E30/><V45/><F45/><W53/><G33/><T54/><D38/><U110/><E110/><V95/><F95/><W111/><G111/><T27/><D27/><U129/><E94/><V46/><F46/><W75/><G75/><T114/><D114/><U90/><E129/><V103/><F103/><W65/><G86/><T11/><D36/><U43/><E121/><V116/><F116/><W85/><G85/><T70/><D11/><U93/><E93/><V15/><AGARI ba="1,1" hai="7,8,15,21,23,59,62,66,80,84,88,91,92,98" machi="15" ten="20,8000,1" yaku="1,1,0,1,7,1,8,1,54,1,53,0" doraHai="102" doraHaiUra="31" who="2" fromWho="2" sc="245,-41,282,-21,214,93,249,-21" /><INIT seed="5,0,0,1,0,100" ten="204,261,307,228" oya="1" hai0="108,85,41,22,122,75,89,19,94,3,0,126,55" hai1="36,2,76,45,5,27,123,47,15,62,121,128,44" hai2="9,107,96,52,92,132,32,30,29,83,40,63,86" hai3="110,82,17,131,112,130,106,87,98,59,111,33,42"/><U46/><E128/><N who="3" m="49194" /><G33/><T79/><D108/><N who="3" m="41513" /><G17/><T8/><D126/><U28/><E15/><V67/><F107/><W93/><G42/><T117/><D117/><U14/><E14/><V134/><F40/><W49/><G49/><T91/><D122/><U99/><E76/><N who="2" m="46439" /><F9/><W88/><G59/><T70/><D70/><U57/><N who="1" m="11264" /><DORA hai="58" /><U66/><E36/><V84/><F84/><W116/><G116/><T34/><D34/><U120/><E99/><V64/><F52/><W11/><G11/><T39/><D41/><U135/><E135/><N who="2" m="51755" /><F64/><W95/><G112/><T13/><D89/><U129/><E129/><V48/><F48/><W77/><G77/><T97/><D75/><U43/><E43/><V25/><F25/><W78/><G78/><T73/><D73/><U81/><E5/><V115/><F32/><W50/><G50/><T105/><D39/><U65/><E65/><V10/><F10/><W119/><G119/><T51/><D8/><U60/><E121/><V109/><F109/><W4/><G4/><T72/><D72/><U133/><E133/><V125/><F125/><W68/><G68/><T7/><BYE who="3" /><D7/><UN n3="%E3%82%B8%E3%83%A3%E3%82%B9%E3%83%88%E3%81%B3%E3%81%83" /><U20/><E123/><V118/><F115/><W56/><G56/><N who="0" m="32895" /><D79/><U53/><E120/><V38/><F38/><W103/><AGARI ba="0,0" hai="82,87,88,93,95,98,103,106" m="41513,49194" machi="103" ten="40,8000,1" yaku="19,1,34,2,52,1,54,1" doraHai="100,58" who="3" fromWho="3" sc="204,-20,261,-40,307,-20,228,80" /><INIT seed="6,0,0,4,2,72" ten="184,221,287,308" oya="2" hai0="135,55,37,110,60,119,84,109,58,111,46,0,40" hai1="20,113,4,16,79,23,127,54,80,34,25,68,102" hai2="22,36,124,6,3,134,81,112,57,63,19,92,41" hai3="67,8,103,42,62,100,32,69,105,51,75,93,15"/><V48/><F112/><W125/><G75/><T61/><D0/><U106/><E68/><V30/><F134/><W91/><G125/><T21/><D135/><U117/><E117/><V50/><F124/><W88/><G32/><T2/><D2/><U89/><E127/><V83/><F30/><W122/><G105/><T90/><D119/><U101/><E113/><V132/><F132/><W118/><G122/><T35/><D35/><U98/><E4/><V74/><F92/><W82/><G82/><T116/><D116/><U27/><E54/><V95/><F95/><W126/><G91/><T28/><D61/><U7/><E7/><V43/><F43/><W130/><G130/><T70/><D70/><U76/><E102/><V56/><F56/><W97/><G126/><T39/><D39/><U114/><E34/><V94/><F94/><W120/><G120/><T121/><D121/><U11/><E11/><V45/><F83/><W128/><G128/><T87/><D90/><U115/><E115/><V12/><F6/><W73/><G73/><T131/><D131/><U66/><E66/><V26/><F3/><W129/><G129/><T10/><D10/><U44/><E44/><V38/><F38/><W99/><G99/><T31/><D21/><U13/><E114/><V49/><F26/><N who="1" m="9737" /><E20/><V64/><F36/><W17/><G118/><T78/><REACH who="0" step="1"/><D78/><REACH who="0" ten="174,221,287,308" step="2"/><N who="1" m="29739" /><E89/><V14/><F22/><W9/><G9/><T104/><D104/><U18/><E106/><V133/><F133/><W29/><G69/><T53/><D53/><U77/><E23/><N who="2" m="11751" /><F14/><W96/><G15/><T108/><D108/><RYUUKYOKU ba="0,1" sc="174,15,221,-15,287,15,308,-15" hai0="28,31,37,40,46,55,58,60,84,87,109,110,111" hai2="41,45,48,49,50,57,63,64,74,81" /><INIT seed="6,1,1,3,4,86" ten="189,206,302,293" oya="2" hai0="14,102,19,35,101,42,22,81,97,113,98,103,87" hai1="65,88,52,0,56,107,96,7,55,105,85,117,1" hai2="62,133,91,76,114,83,95,93,45,74,6,80,37" hai3="125,11,122,127,5,75,92,24,135,99,90,50,2"/><V59/><F114/><W29/><G75/><T26/><D113/><U115/><E115/><V118/><F133/><W84/><G135/><T72/><D72/><U21/><E117/><V110/><F118/><W104/><G122/><T69/><D69/><U18/><E0/><V57/><F110/><W13/><G50/><T28/><REACH who="0" step="1"/><D42/><REACH who="0" ten="179,206,302,293" step="2"/><U36/><E36/><V58/><F74/><W111/><G111/><T33/><D33/><U16/><E1/><V60/><F37/><W67/><G2/><T31/><D31/><U66/><E7/><V20/><F62/><W49/><G29/><T64/><D64/><U68/><E68/><V123/><F60/><W4/><G67/><T77/><AGARI ba="1,2" hai="14,19,22,26,28,35,77,81,87,97,98,101,102,103" machi="77" ten="30,4000,0" yaku="1,1,0,1,53,1" doraHai="86" doraHaiUra="25" who="0" fromWho="0" sc="179,63,206,-11,302,-21,293,-11" /><INIT seed="7,0,0,5,1,90" ten="242,195,281,282" oya="3" hai0="67,33,134,71,23,101,58,105,112,50,91,70,35" hai1="29,76,21,89,9,41,31,43,110,65,104,3,52" hai2="117,34,120,79,113,62,49,74,128,20,15,53,97" hai3="5,27,130,51,12,2,85,95,69,92,11,7,72"/><W94/><G72/><T47/><D134/><U88/><E110/><V46/><F117/><W111/><G69/><T32/><D112/><U81/><E104/><V25/><F34/><W133/><G133/><T42/><D23/><U44/><E65/><V121/><F113/><W124/><G130/><T4/><D4/><U107/><E107/><V57/><F79/><W86/><G124/><T14/><D14/><U75/><E41/><V122/><F74/><W82/><G111/><T54/><D67/><U61/><E9/><V99/><F15/><W55/><G2/><T6/><D6/><U83/><E3/><V108/><F128/><W126/><G126/><T135/><D135/><U37/><E81/><V123/><N who="2" m="30720" /><DORA hai="13" /><V56/><F108/><W1/><G1/><T48/><REACH who="0" step="1"/><D91/><REACH who="0" ten="232,195,281,282" step="2"/><U127/><E127/><V80/><F80/><W102/><G82/><T125/><D125/><U93/><E21/><V103/><F20/><W63/><G27/><T106/><D106/><U16/><E16/><V68/><F25/><W118/><G5/><T26/><D26/><U24/><E24/><V38/><F103/><W0/><G0/><T132/><D132/><U77/><E77/><V87/><F68/><W45/><G102/><T64/><D64/><U30/><REACH who="1" step="1"/><E93/><REACH who="1" ten="232,185,281,282" step="2"/><V28/><F28/><W119/><G119/><T19/><D19/><U73/><E73/><V18/><F18/><W109/><G118/><T129/><D129/><U100/><E100/><V115/><F115/><W8/><G109/><T96/><AGARI ba="0,2" hai="32,33,35,42,47,48,50,54,58,70,71,96,101,105" machi="96" ten="40,5200,0" yaku="1,1,0,1,53,1" doraHai="90,13" doraHaiUra="10,36" who="0" fromWho="0" sc="232,72,185,-13,281,-13,282,-26" owari="304,40.4,172,-32.8,268,6.8,256,-14.4" /></mjloggm>