<mjloggm ver="2.3"><GO type="169" lobby="0"/><UN n0="%41%4F%54" n1="%E3%83%A9%E3%83%96%E3%83%AC%E3%83%BC" n2="%69%77%61%69%77%61" n3="%E3%81%95%E3%81%8B%E3%81%8D" dan="18,18,17,17" rate="2208.85,2229.35,2152.76,2208.15" sx="F,M,M,M"/><TAIKYOKU oya="0"/><INIT seed="0,0,0,4,3,123" ten="250,250,250,250" oya="0" hai0="104,7,16,0,76,86,80,35,26,92,85,10,91" hai1="24,109,12,36,67,3,17,51,73,13,25,114,89" hai2="102,39,27,65,75,40,100,5,94,110,54,6,32" hai3="99,71,72,79,84,43,9,116,134,47,19,127,49"/><T115/><D115/><U113/><E67/><V46/><F75/><W31/><G116/><T111/><D104/><U93/><E73/><V64/><F54/><W112/><G112/><T103/><D103/><U128/><E51/><V78/><F78/><W74/><G71/><T122/><D122/><U105/><E105/><V56/><F32/><W23/><G134/><T60/><D60/><U135/><E17/><V119/><F27/><W38/><G31/><T11/><D35/><U96/><E93/><V30/><F30/><W45/><G9/><T130/><D130/><U118/><E96/><V55/><F100/><W108/><G99/><T15/><REACH who="0" step="1"/><D26/><REACH who="0" ten="240,250,250,250" step="2"/><U90/><E128/><V81/><F102/><W77/><G127/><T129/><D129/><U1/><E135/><V52/><F119/><W33/><G33/><T28/><D28/><U50/><E118/><V88/><F65/><W4/><G74/><T70/><D70/><U131/><E131/><V42/><F64/><W126/><G126/><T44/><D44/><U61/><E61/><V18/><F46/><W97/><G72/><T125/><D125/><U41/><E114/><V107/><F107/><W101/><G45/><T57/><D57/><U22/><E25/><V95/><F56/><W53/><G47/><T63/><D63/><U98/><E24/><V83/><F39/><W34/><G38/><T62/><D62/><U132/><E132/><V2/><F40/><W121/><G43/><T8/><D8/><U133/><E133/><V82/><F42/><W117/><G101/><T21/><D21/><U48/><E113/><RYUUKYOKU ba="0,1" sc="240,30,250,-10,250,-10,250,-10" hai0="0,7,10,11,15,16,76,80,85,86,91,92,111" /><INIT seed="0,1,1,1,4,2" ten="270,240,240,240" oya="0" hai0="88,37,132,12,25,19,14,36,87,72,69,66,55" hai1="59,80,60,39,44,7,91,28,102,76,120,93,3" hai2="4,100,35,40,133,23,16,85,121,65,31,112,11" hai3="13,110,52,123,89,103,22,29,124,113,79,105,53"/><T49/><D72/><U70/><E120/><V9/><F121/><W27/><G123/><T131/><D131/><U62/><E102/><V130/><F112/><W107/><G113/><T108/><D132/><U117/><E117/><V26/><F133/><W63/><G110/><T82/><D108/><U45/><E28/><V18/><F130/><W67/><G124/><T24/><D66/><U56/><E39/><V97/><F40/><W33/><G79/><T38/><D69/><U119/><E70/><V61/><F85/><W81/><G89/><T126/><D12/><U64/><E119/><V10/><F4/><W78/><G22/><T129/><D126/><U83/><E7/><V127/><F35/><W99/><G13/><T116/><D129/><U115/><E3/><V77/><F77/><W8/><G8/><T122/><D122/><U84/><E115/><V95/><REACH who="2" step="1"/><F127/><REACH who="2" ten="270,240,230,240" step="2"/><W47/><G107/><T74/><D74/><U15/><E76/><V90/><F90/><W98/><G98/><T34/><D34/><U17/><E83/><V106/><F106/><W114/><G114/><T6/><D6/><U46/><E80/><V104/><F104/><W57/><REACH who="3" step="1"/><G47/><REACH who="3" ten="270,240,230,230" step="2"/><N who="0" m="28095" /><D116/><U86/><E46/><V32/><F32/><W128/><G128/><T43/><D43/><U75/><E75/><AGARI ba="1,3" hai="27,29,33,52,53,57,63,67,75,78,81,99,103,105" machi="75" ten="30,3900,0" yaku="1,1,7,1,54,1,53,0" doraHai="2" doraHaiUra="134" who="3" fromWho="1" sc="270,0,240,-42,230,0,230,72" /><INIT seed="1,0,0,0,0,118" ten="270,198,230,302" oya="1" hai0="47,101,87,94,70,100,81,6,98,55,88,69,119" hai1="19,91,116,12,56,1,51,123,36,23,29,79,17" hai2="76,57,82,120,9,45,77,28,122,65,39,68,124" hai3="5,42,62,60,7,38,0,67,30,35,110,97,26"/><U106/><E36/><V89/><F68/><W99/><G110/><T27/><D119/><U117/><E106/><V132/><F132/><W16/><G38/><T21/><D6/><U54/><E1/><V93/><F124/><W8/><G42/><T131/><D131/><U96/><E79/><V71/><F71/><W4/><G62/><T72/><D101/><U84/><E96/><V135/><F28/><W125/><G125/><T127/><D127/><U15/><E29/><V24/><F24/><W2/><G2/><T18/><REACH who="0" step="1"/><D72/><REACH who="0" ten="260,198,230,302" step="2"/><U61/><E123/><V22/><F120/><W103/><G103/><T34/><D34/><U14/><E117/><V85/><F122/><W104/><G104/><T130/><D130/><U66/><E116/><V49/><F135/><W64/><G0/><T114/><D114/><U41/><E41/><V129/><F129/><W25/><G4/><T126/><D126/><U109/><E109/><V92/><F9/><W102/><G5/><T46/><D46/><N who="1" m="28023" /><E23/><V74/><F22/><W111/><G111/><T53/><D53/><U83/><AGARI ba="0,1" hai="12,14,15,17,19,56,61,66,83,84,91" m="28023" machi="83" ten="30,1500,0" yaku="8,1" doraHai="118" who="1" fromWho="1" sc="260,-5,198,25,230,-5,302,-5" /><INIT seed="1,1,0,2,1,22" ten="255,223,225,297" oya="1" hai0="37,35,112,60,134,84,100,95,90,125,36,68,31" hai1="101,71,48,52,55,99,29,64,24,76,51,119,50" hai2="61,59,72,49,53,66,62,47,12,32,67,2,98" hai3="83,115,9,45,11,25,46,118,105,111,126,96,63"/><U97/><E119/><V27/><F72/><W124/><G115/><T41/><D112/><U106/><E76/><V57/><F2/><W44/><G118/><T6/><D125/><N who="3" m="48233" /><G111/><T3/><D134/><U87/><E87/><V28/><F12/><W103/><G83/><T10/><D100/><U107/><E99/><AGARI ba="1,0" hai="27,28,32,47,49,53,57,59,61,62,66,67,98,99" machi="99" ten="40,2600,0" yaku="9,1,52,1" doraHai="22" who="2" fromWho="1" sc="255,0,223,-29,225,29,297,0" /><INIT seed="2,0,0,3,0,77" ten="255,194,254,297" oya="2" hai0="135,49,61,32,106,113,68,35,24,38,50,74,40" hai1="53,103,15,1,123,80,37,7,117,10,124,86,97" hai2="69,91,127,19,83,3,125,11,110,114,18,30,43" hai3="134,22,115,62,34,107,119,47,118,45,26,116,130"/><V99/><F114/><W75/><G107/><T126/><D113/><U55/><E117/><V66/><F43/><W98/><G115/><T94/><D106/><U14/><E37/><V101/><F30/><W120/><G75/><T13/><D74/><U5/><E123/><V72/><F66/><W67/><G120/><T17/><D126/><N who="2" m="48138" /><F69/><W60/><G34/><T27/><D135/><U129/><E129/><V73/><F3/><W104/><G134/><T82/><D94/><U95/><E124/><V4/><F18/><W100/><G62/><T46/><D61/><U23/><E1/><V28/><F19/><W112/><G130/><T111/><D68/><U59/><E59/><V105/><F28/><W6/><G6/><T93/><D40/><U20/><E20/><V48/><F48/><W0/><G0/><T25/><D50/><U84/><E84/><N who="2" m="50591" /><F4/><W71/><REACH who="3" step="1"/><G112/><REACH who="3" ten="255,194,254,287" step="2"/><T90/><D35/><U57/><E5/><V54/><F110/><W39/><G39/><T92/><D38/><U79/><E57/><V76/><F72/><W56/><G56/><T132/><D111/><U128/><E128/><V16/><F73/><W89/><G89/><T78/><D90/><U87/><E86/><V70/><F70/><W44/><G44/><T85/><D32/><U131/><E131/><V51/><F76/><W12/><G12/><T88/><D78/><U121/><E121/><V29/><F105/><W2/><G2/><T102/><D132/><U52/><E15/><V8/><F101/><W108/><G108/><T33/><D102/><U96/><E97/><V36/><F36/><RYUUKYOKU ba="0,1" sc="255,-15,194,15,254,-15,287,15" hai1="7,10,14,23,52,53,55,79,80,87,95,96,103" hai3="22,26,45,47,60,67,71,98,100,104,116,118,119" /><INIT seed="3,1,1,3,2,95" ten="240,209,239,302" oya="3" hai0="133,34,120,72,55,43,67,122,18,6,124,33,27" hai1="94,83,75,15,108,84,123,70,90,93,3,58,91" hai2="39,77,79,111,81,117,10,121,41,88,36,5,11" hai3="114,30,49,65,119,78,50,9,118,97,125,107,96"/><W64/><G114/><T24/><D72/><U17/><E70/><V85/><F117/><W57/><G125/><T130/><D43/><U86/><E3/><V7/><F111/><W80/><G107/><T71/><D71/><U19/><E108/><V101/><F121/><W0/><G30/><T109/><D67/><U13/><E123/><V35/><F35/><W66/><G119/><T76/><D76/><U102/><E75/><V82/><F101/><W128/><G118/><T60/><D60/><U113/><E113/><V14/><F41/><W12/><G0/><T54/><D109/><U2/><E2/><V26/><F26/><W4/><G128/><T46/><D46/><U63/><E102/><V115/><F115/><W112/><G112/><T98/><D18/><N who="1" m="6667" /><E83/><V131/><F131/><W127/><G127/><T38/><D130/><U45/><E45/><V69/><F69/><W53/><REACH who="3" step="1"/><G49/><REACH who="3" ten="240,209,239,292" step="2"/><T47/><D124/><U21/><E21/><V22/><F22/><W25/><G25/><T116/><D27/><U28/><E28/><V16/><F39/><W99/><G99/><T56/><D98/><U134/><E134/><V73/><F36/><W105/><G105/><T8/><D133/><U68/><E68/><V42/><F10/><W48/><G48/><T59/><D8/><U44/><E44/><V29/><F29/><W23/><G23/><T104/><D47/><U20/><E20/><V87/><F42/><W135/><G135/><T92/><D38/><U51/><E51/><V52/><F11/><W129/><G129/><T74/><D122/><U126/><E126/><RYUUKYOKU ba="1,2" sc="240,-15,209,15,239,-15,292,15" hai1="13,15,58,63,84,86,90,91,93,94" hai3="4,9,12,50,53,57,64,65,66,78,80,96,97" /><INIT seed="3,2,2,3,1,127" ten="225,224,224,307" oya="3" hai0="27,67,25,87,38,29,46,61,92,74,10,4,105" hai1="110,47,19,124,34,2,40,131,130,133,26,72,84" hai2="120,116,42,35,66,70,93,83,37,129,68,30,7" hai3="86,95,56,12,39,63,134,6,23,69,36,73,97"/><W121/><G121/><T108/><D108/><U78/><E2/><V107/><F107/><W128/><G73/><T113/><D105/><U90/><E110/><V44/><F116/><W115/><G115/><T101/><D74/><U79/><E124/><V102/><F7/><W111/><G69/><T65/><D113/><U20/><E34/><V59/><F30/><W16/><G111/><T5/><D5/><U104/><E104/><V50/><F35/><W55/><G134/><T31/><D31/><U60/><E60/><N who="2" m="38175" /><F93/><W8/><G86/><T117/><D27/><U14/><E133/><V41/><F83/><W96/><G128/><N who="1" m="49194" /><E72/><V75/><F102/><W1/><REACH who="3" step="1"/><G97/><REACH who="3" ten="225,224,224,297" step="2"/><T81/><D117/><U103/><E103/><AGARI ba="2,3" hai="1,6,8,12,16,23,36,39,55,56,63,95,96,103" machi="103" ten="30,12000,1" yaku="1,1,2,1,7,1,54,1,53,1" doraHai="127" doraHaiUra="57" who="3" fromWho="1" sc="225,0,224,-126,224,0,297,156" /><INIT seed="3,3,0,3,0,65" ten="225,98,224,453" oya="3" hai0="1,115,87,93,33,130,45,57,69,72,60,10,96" hai1="99,28,49,26,97,95,81,55,12,74,110,131,124" hai2="0,117,5,102,42,85,11,2,134,109,108,129,27" hai3="101,86,52,82,59,20,114,89,32,13,94,125,70"/><W15/><G114/><T40/><D72/><U77/><E124/><V24/><F117/><W73/><G125/><T100/><D33/><U64/><E110/><V76/><F102/><W98/><G32/><T41/><D115/><U118/><E118/><V112/><F42/><W120/><G120/><T18/><D130/><U7/><E131/><V34/><F76/><W91/><G70/><T58/><D41/><U9/><E64/><V30/><F85/><W36/><G36/><T116/><D116/><U44/><REACH who="1" step="1"/><E95/><REACH who="1" ten="225,88,224,453" step="2"/><V66/><F66/><W119/><G119/><T21/><D93/><U4/><E4/><V83/><F129/><W23/><G94/><T31/><D31/><U135/><E135/><V6/><F134/><W54/><G101/><T35/><D100/><U123/><E123/><V53/><F112/><W29/><G29/><T48/><D18/><U92/><E92/><V90/><F108/><W105/><G105/><T111/><D111/><U19/><E19/><V132/><F132/><W51/><G98/><T67/><D67/><U107/><E107/><V38/><F109/><W71/><G71/><T8/><D69/><U14/><E14/><V37/><F30/><W79/><G13/><T126/><D96/><U75/><E75/><V50/><F0/><W80/><G15/><T121/><D1/><U113/><E113/><V63/><F2/><W17/><G17/><T39/><D126/><U43/><E43/><V25/><F5/><W133/><G133/><T106/><D40/><U68/><E68/><V78/><F6/><W122/><G122/><T84/><D121/><RYUUKYOKU ba="3,1" sc="225,-10,88,30,224,-10,453,-10" hai1="7,9,12,26,28,44,49,55,74,77,81,97,99" /><INIT seed="4,4,1,4,2,16" ten="215,118,214,443" oya="0" hai0="27,79,107,114,7,112,103,20,122,8,0,33,108" hai1="126,77,46,17,74,37,121,55,60,91,26,98,64" hai2="76,21,12,29,133,92,100,49,72,93,22,81,43" hai3="73,109,85,111,9,125,32,4,5,135,36,1,71"/><T102/><D122/><U86/><E121/><V50/><F133/><W105/><RYUUKYOKU type="yao9" ba="4,1" sc="215,0,118,0,214,0,443,0" hai3="1,4,5,9,32,36,71,73,85,105,109,111,125,135" /><INIT seed="4,5,1,3,4,14" ten="215,118,214,443" oya="0" hai0="41,82,58,95,13,125,134,40,60,51,114,76,30" hai1="101,122,117,36,69,132,62,135,3,54,44,81,55" hai2="98,94,91,34,18,71,110,111,104,65,6,90,126" hai3="75,53,87,113,35,68,10,5,127,48,42,86,29"/><T123/><D123/><U43/><E101/><V21/><F34/><W109/><G109/><N who="2" m="41481" /><F104/><W64/><G75/><T0/><D0/><U61/><E3/><V92/><F126/><W108/><G108/><T27/><D125/><U9/><E122/><V124/><F124/><W112/><G42/><T2/><D2/><U4/><E4/><V119/><F6/><W133/><G133/><N who="1" m="51274" /><E81/><V39/><F39/><W63/><G29/><T120/><D114/><N who="3" m="44137" /><G35/><T115/><D115/><U1/><E117/><V45/><F65/><W121/><G121/><T72/><D120/><U85/><E85/><V8/><F94/><W49/><G49/><T103/><D134/><U129/><E9/><V78/><F8/><W128/><G128/><T105/><D95/><U38/><E1/><V46/><F92/><W12/><G127/><T15/><D105/><U77/><E129/><V96/><F96/><W22/><G22/><T84/><D72/><U93/><E93/><V73/><F21/><W106/><G106/><T130/><D130/><U56/><E77/><V79/><F78/><W59/><AGARI ba="5,1" hai="5,10,12,48,53,59,63,64,68,86,87" m="44137" machi="59" ten="30,1100,0" yaku="15,1" doraHai="14" who="3" fromWho="3" sc="215,-10,118,-8,214,-8,443,36" /><INIT seed="5,0,0,1,2,76" ten="205,110,206,479" oya="1" hai0="120,45,68,75,43,10,73,60,118,26,21,20,97" hai1="116,100,9,110,90,125,18,134,132,55,40,29,87" hai2="88,0,36,61,72,128,24,57,105,83,71,84,37" hai3="3,92,133,38,130,114,82,101,66,41,42,79,15"/><U113/><E116/><V62/><F105/><W52/><G3/><T28/><D118/><U6/><E40/><V78/><F0/><W135/><G66/><T77/><D120/><U69/><E69/><V65/><F128/><W33/><G33/><T23/><D97/><U96/><E29/><V51/><F51/><W13/><G114/><T12/><D60/><U22/><E113/><V74/><F24/><W117/><G130/><T58/><D58/><U44/><E110/><V81/><REACH who="2" step="1"/><F74/><REACH who="2" ten="205,110,196,479" step="2"/><W64/><G117/><T49/><D75/><U127/><E44/><V54/><AGARI ba="0,1" hai="36,37,54,57,61,62,65,71,72,78,81,83,84,88" machi="54" ten="20,12000,2" yaku="1,1,2,1,0,1,7,1,52,2,54,1,53,0" doraHai="76" doraHaiUra="35" who="2" fromWho="2" sc="205,-30,110,-60,196,130,479,-30" /><INIT seed="6,0,0,3,3,64" ten="175,50,326,449" oya="2" hai0="99,39,91,132,95,0,20,17,107,51,108,78,102" hai1="124,50,46,121,101,112,54,48,31,38,70,113,116" hai2="42,130,123,44,12,15,30,59,85,118,49,133,45" hai3="104,5,56,97,3,58,33,96,94,129,68,89,120"/><V111/><F118/><W117/><G117/><T114/><D39/><U98/><E116/><V18/><F123/><W106/><G120/><T67/><D108/><U66/><E121/><V35/><F130/><W128/><G33/><T36/><D36/><U86/><E86/><V23/><F133/><W122/><G122/><T81/><D0/><U47/><E31/><V1/><F1/><W90/><G3/><T79/><D114/><U28/><E28/><V125/><F125/><W60/><G5/><T88/><D132/><U119/><E119/><V83/><F12/><W9/><G9/><T24/><D67/><U21/><E21/><V57/><F111/><W80/><G80/><T40/><D107/><U93/><E38/><V2/><F2/><W11/><G11/><T61/><D61/><U34/><E34/><V115/><F45/><W7/><G7/><T131/><D131/><U75/><E75/><V76/><F115/><W53/><G53/><T134/><D134/><U14/><E14/><V87/><F87/><W71/><G94/><T41/><D51/><U126/><E113/><V32/><F32/><W109/><G60/><T100/><D100/><U77/><E77/><N who="0" m="29193" /><D81/><U37/><E37/><V105/><F105/><W135/><G135/><T55/><D55/><N who="1" m="30103" /><E112/><V62/><F62/><W13/><G13/><T22/><D22/><U110/><E110/><AGARI ba="0,0" hai="56,58,68,71,89,90,96,97,104,106,109,110,128,129" machi="110" ten="25,6400,0" yaku="22,2,52,2" doraHai="64" who="3" fromWho="1" sc="175,0,50,-64,326,0,449,64" owari="175,-22.5,-14,-51.4,326,12.6,513,61.3" /></mjloggm>