<mjloggm ver="2.3"><GO type="169" lobby="0"/><UN n0="%E3%83%A9%E3%82%B9%E3%82%8B%E3%81%8B%E3%81%AA" n1="%E3%81%95%E3%82%93%E3%81%84%E3%81%A1%E3%82%8D%E3%81%8F%E3%81%94" n2="%E6%BC%82%E3%81%86" n3="%E3%82%B6%E2%98%85%E3%82%B5%E3%83%B3%E3%83%9E%E9%81%93%E6%A5%BD" dan="17,17,16,17" rate="2207.23,2104.89,2101.75,2161.93" sx="M,M,M,M"/><TAIKYOKU oya="0"/><INIT seed="0,0,0,0,0,24" ten="250,250,250,250" oya="0" hai0="62,93,25,117,81,58,120,41,84,47,27,107,57" hai1="134,43,50,30,66,52,55,61,49,122,124,45,75" hai2="87,33,22,8,2,102,115,16,90,96,7,69,34" hai3="73,88,77,44,74,56,65,40,21,132,112,80,53"/><T64/><D107/><U26/><E122/><V100/><F69/><W5/><G112/><T78/><D117/><U99/><E75/><V114/><F114/><W129/><G129/><T32/><D120/><U133/><E124/><V17/><F17/><W113/><G113/><T98/><D58/><U91/><E50/><V126/><F115/><W95/><G74/><T108/><D108/><U116/><E116/><V121/><F121/><W35/><G35/><T0/><D0/><U14/><E14/><V111/><F111/><W118/><G132/><N who="1" m="50794" /><E91/><V37/><F37/><W125/><G125/><T103/><REACH who="0" step="1"/><D32/><REACH who="0" ten="240,250,250,250" step="2"/><N who="1" m="20567" /><E99/><V59/><F126/><W68/><G118/><T39/><AGARI ba="0,1" hai="25,27,39,41,47,57,62,64,78,81,84,93,98,103" machi="39" ten="20,3900,0" yaku="1,1,0,1,7,1,53,0" doraHai="24" doraHaiUra="109" who="0" fromWho="0" sc="240,49,250,-13,250,-13,250,-13" /><INIT seed="0,1,0,4,5,101" ten="289,237,237,237" oya="0" hai0="48,87,66,78,13,134,93,57,22,127,30,111,113" hai1="90,60,42,9,123,132,55,73,69,130,114,7,47" hai2="84,56,70,25,0,63,107,52,98,104,86,120,29" hai3="116,19,67,18,68,23,14,46,62,125,34,50,112"/><T133/><D113/><U3/><E114/><V82/><F120/><W89/><G112/><T27/><D127/><U65/><E123/><V81/><F0/><W37/><G116/><T61/><D111/><U44/><E130/><V12/><F98/><W41/><G34/><T6/><D48/><U64/><E132/><V115/><F115/><W45/><G125/><T40/><D40/><U105/><E65/><V74/><F70/><W51/><G46/><T91/><REACH who="0" step="1"/><D78/><REACH who="0" ten="279,237,237,237" step="2"/><U33/><E42/><V28/><F63/><W16/><G51/><T20/><D20/><U71/><E60/><V94/><F94/><W4/><G37/><T88/><D88/><U83/><E90/><V53/><F82/><W31/><G31/><T110/><D110/><U109/><E83/><V8/><F81/><W36/><G36/><T76/><D76/><U135/><E109/><V102/><F28/><W129/><G129/><T11/><AGARI ba="1,1" hai="6,11,13,22,27,30,57,61,66,87,91,93,133,134" machi="11" ten="30,3000,0" yaku="1,1,0,1,53,0" doraHai="101" doraHaiUra="118" who="0" fromWho="0" sc="279,43,237,-11,237,-11,237,-11" /><INIT seed="0,2,0,1,2,96" ten="322,226,226,226" oya="0" hai0="112,119,118,8,76,127,29,6,24,7,22,88,74" hai1="90,62,93,57,49,60,79,100,4,110,80,47,41" hai2="106,101,129,121,36,94,5,70,123,97,95,91,1" hai3="30,15,43,114,92,109,113,55,69,28,63,78,12"/><T44/><D76/><U3/><E110/><V98/><F70/><W72/><G109/><T33/><D74/><U50/><E3/><V71/><F71/><W37/><G113/><T99/><D112/><U39/><E4/><V21/><F36/><W19/><G114/><T42/><D127/><U81/><E62/><V38/><F38/><W89/><G15/><T34/><D6/><U53/><E100/><N who="2" m="62735" /><F21/><W102/><G78/><T124/><D124/><U10/><E10/><V26/><F26/><W35/><G72/><T105/><D34/><U117/><E117/><V27/><F27/><W131/><G131/><T130/><D22/><U16/><E16/><V67/><F67/><W116/><G116/><T128/><D8/><U23/><E23/><V25/><F25/><W9/><G35/><T108/><D7/><U11/><E11/><V82/><F5/><W45/><G102/><N who="0" m="62687" /><D88/><U75/><REACH who="1" step="1"/><E81/><REACH who="1" ten="322,216,226,226" step="2"/><V87/><F1/><W104/><G104/><T134/><D108/><U17/><E17/><V18/><F18/><W135/><G30/><T86/><D118/><U14/><E14/><V122/><F129/><W85/><G28/><T31/><D119/><U77/><E77/><V133/><F133/><W125/><G125/><T111/><D134/><U13/><E13/><V68/><F68/><W132/><REACH who="3" step="1"/><G55/><REACH who="3" ten="322,216,226,216" step="2"/><T32/><D111/><U61/><E61/><V2/><F2/><W51/><G51/><N who="0" m="27031" /><D31/><U107/><E107/><AGARI ba="2,2" hai="82,87,91,94,95,98,101,107,121,122,123" m="62735" machi="107" ten="30,7700,0" yaku="34,2,52,2" doraHai="96" who="2" fromWho="1" sc="322,0,216,-83,226,103,216,0" /><INIT seed="1,0,0,3,4,44" ten="322,133,329,216" oya="1" hai0="16,109,68,72,38,122,58,89,70,26,69,101,62" hai1="35,93,49,15,100,21,8,14,120,115,105,95,102" hai2="67,97,9,40,94,63,30,123,28,39,34,133,99" hai3="87,22,0,76,88,57,92,56,106,51,55,47,61"/><U25/><E115/><V131/><F123/><W52/><G0/><T79/><D38/><U60/><E120/><V46/><F133/><W91/><G106/><T75/><D122/><U111/><E35/><V107/><F131/><W36/><G76/><T24/><D101/><N who="1" m="39019" /><E105/><V66/><F107/><W124/><G124/><T43/><D43/><U12/><E8/><V84/><F66/><W10/><G10/><T129/><D129/><U108/><E60/><V50/><F39/><W3/><G3/><T82/><D109/><N who="1" m="42059" /><E49/><V1/><F34/><W96/><G36/><T83/><D16/><AGARI ba="0,0" hai="12,14,15,16,21,25,93,95" m="42059,39019" machi="16" ten="30,5800,0" yaku="14,1,10,1,54,1" doraHai="44" who="1" fromWho="0" sc="322,-58,133,58,329,0,216,0" /><INIT seed="1,1,0,0,4,123" ten="264,191,329,216" oya="1" hai0="11,35,69,87,51,65,96,36,74,10,34,83,93" hai1="111,78,129,39,119,94,41,24,50,17,32,135,67" hai2="46,80,61,30,73,0,120,92,105,2,131,66,70" hai3="124,84,6,31,42,15,86,68,48,52,97,53,71"/><U28/><E119/><V112/><F92/><W38/><G124/><T56/><D36/><U21/><E129/><V125/><F120/><W128/><G128/><T55/><D74/><U102/><E135/><V108/><F131/><W76/><G31/><T37/><D37/><U133/><E133/><V7/><F125/><W101/><G38/><T62/><D35/><U82/><E39/><V81/><F46/><W72/><G42/><T118/><D34/><U85/><E67/><V47/><F47/><W122/><G122/><T110/><D118/><U14/><E50/><V58/><F58/><W99/><G72/><T104/><D104/><U109/><REACH who="1" step="1"/><E41/><REACH who="1" ten="264,181,329,216" step="2"/><V26/><F66/><W13/><G48/><T121/><D121/><U12/><E12/><V5/><F61/><W1/><G1/><T40/><D40/><U16/><E16/><V27/><F30/><W8/><G6/><T19/><D19/><U25/><E25/><V44/><F0/><W103/><G8/><T22/><D65/><U88/><E88/><V98/><F2/><W115/><G115/><T95/><D51/><U107/><E107/><V91/><F105/><W90/><G90/><T106/><D62/><U75/><E75/><V3/><F73/><W18/><G18/><T126/><D106/><U59/><E59/><V60/><F3/><W100/><G103/><T114/><D56/><U113/><E113/><V45/><F112/><W54/><G53/><T77/><D55/><U4/><E4/><V130/><F130/><W9/><G9/><T23/><D10/><U79/><E79/><AGARI ba="1,1" hai="13,15,52,54,68,71,76,79,84,86,97,99,100,101" machi="79" ten="25,3200,0" yaku="22,2,54,1" doraHai="123" who="3" fromWho="1" sc="264,0,181,-35,329,0,216,45" /><INIT seed="2,0,0,1,5,89" ten="264,146,329,261" oya="2" hai0="85,22,44,100,24,64,2,43,54,125,99,102,39" hai1="34,109,37,27,63,133,32,116,98,7,40,122,5" hai2="23,101,82,36,66,91,11,114,8,45,17,53,94" hai3="70,30,107,124,79,25,3,74,51,15,75,120,106"/><V90/><F114/><W78/><G120/><T26/><D2/><U12/><E116/><V121/><F121/><W86/><G3/><T20/><D125/><U52/><E122/><V60/><F36/><W62/><G124/><T38/><D64/><U104/><E109/><V83/><F101/><W87/><G15/><T0/><D0/><U56/><E133/><V128/><F91/><W29/><G51/><T127/><D127/><U68/><E68/><V18/><F128/><W9/><G62/><T76/><D39/><U49/><E37/><V33/><F33/><W81/><G81/><N who="2" m="30729" /><F18/><W110/><G70/><T72/><D72/><U35/><E27/><N who="2" m="14831" /><F66/><W4/><G25/><T14/><D100/><U118/><E118/><V46/><F60/><W130/><G9/><N who="2" m="3657" /><F53/><W119/><G119/><T84/><D102/><U135/><E104/><V21/><F21/><W132/><G4/><T108/><D108/><U95/><E5/><V88/><F90/><W6/><G6/><T77/><D20/><U48/><E7/><V16/><F16/><W59/><G110/><T67/><D38/><U112/><E112/><V93/><F93/><W92/><G92/><T126/><D126/><U73/><E95/><V131/><F131/><W1/><G1/><T28/><D85/><AGARI ba="0,0" hai="45,46,85,88,94" m="3657,14831,30729" machi="85" ten="30,5800,0" yaku="8,1,52,1,54,1" doraHai="89" who="2" fromWho="0" sc="264,-58,146,0,329,58,261,0" /><INIT seed="2,1,0,5,5,41" ten="206,146,387,261" oya="2" hai0="104,42,3,101,116,96,20,134,85,58,122,39,40" hai1="70,118,80,10,82,106,67,127,54,13,133,61,108" hai2="4,43,63,77,37,34,65,114,129,29,14,73,94" hai3="1,35,48,103,102,60,86,130,68,8,72,121,91"/><V36/><F114/><W78/><G121/><T120/><D3/><U69/><E118/><V105/><F94/><W107/><G35/><T125/><D134/><U83/><E133/><V49/><F49/><W7/><G130/><T98/><D125/><U132/><E132/><V31/><F14/><W87/><G72/><T76/><D116/><U97/><E108/><V21/><F21/><W93/><G107/><T11/><D11/><U9/><E70/><N who="2" m="42303" /><F31/><W30/><G30/><T32/><D32/><U126/><E13/><V24/><F129/><W66/><G78/><T128/><D128/><U56/><E97/><V17/><F17/><W33/><G33/><T123/><D96/><U115/><E106/><V44/><F4/><W119/><G119/><T28/><D39/><U2/><E2/><V99/><F37/><W124/><G124/><N who="1" m="47658" /><E115/><V22/><F22/><W75/><G75/><T57/><D20/><U55/><E69/><V46/><F43/><W92/><G48/><T53/><D28/><U26/><E26/><V100/><F36/><W111/><G111/><T45/><D40/><U88/><E88/><AGARI ba="1,0" hai="1,7,8,60,66,68,86,87,88,91,92,93,102,103" machi="88" ten="40,2600,0" yaku="9,1,54,1" doraHai="41" who="3" fromWho="1" sc="206,0,146,-29,387,0,261,29" /><INIT seed="3,0,0,5,2,64" ten="206,117,387,290" oya="3" hai0="13,81,87,55,17,37,21,121,98,35,114,134,107" hai1="34,85,9,79,40,56,6,122,135,41,33,51,94" hai2="119,82,77,59,111,25,66,128,42,61,109,0,10" hai3="30,112,106,63,74,116,131,46,130,91,97,32,1"/><W76/><G116/><T118/><D118/><U8/><E122/><V125/><F119/><W36/><G112/><T101/><D121/><U73/><E135/><V70/><F128/><W49/><G1/><T89/><D134/><U4/><E73/><V95/><F125/><W99/><G99/><T15/><D114/><U78/><E85/><V104/><F104/><W22/><G32/><T92/><D35/><U7/><E94/><V129/><F129/><W100/><G36/><T102/><D37/><U127/><E4/><N who="2" m="1287" /><F95/><W47/><G47/><T86/><D55/><U53/><E53/><V52/><F25/><W26/><G91/><T103/><REACH who="0" step="1"/><D15/><REACH who="0" ten="196,117,387,290" step="2"/><U14/><E14/><V68/><F52/><W44/><G130/><T23/><D23/><U11/><E33/><V108/><F42/><W67/><G131/><T16/><D16/><U31/><E34/><V38/><F38/><W84/><G49/><T115/><D115/><U57/><E51/><V19/><F19/><W113/><G113/><T12/><D12/><U3/><E3/><V132/><F132/><W110/><G46/><T28/><D28/><U39/><E39/><V120/><F120/><W123/><G44/><T105/><D105/><U96/><E31/><V29/><F29/><W24/><G123/><T65/><D65/><U27/><E9/><V5/><F5/><W69/><G26/><T45/><D45/><U71/><E27/><V43/><F43/><W58/><G24/><T133/><D133/><U54/><E54/><V18/><F18/><W88/><G30/><T117/><D117/><U83/><E41/><RYUUKYOKU ba="0,1" sc="196,15,117,-15,387,15,290,-15" hai0="13,17,21,81,86,87,89,92,98,101,102,103,107" hai2="59,61,66,68,70,77,82,108,109,111" /><INIT seed="4,1,1,1,2,79" ten="211,102,402,275" oya="0" hai0="72,115,67,27,61,24,120,3,44,106,7,101,13" hai1="91,124,12,45,21,100,93,113,83,135,98,18,55" hai2="89,122,73,43,39,114,34,20,62,117,22,84,25" hai3="38,96,41,17,40,15,94,33,14,92,82,58,119"/><T16/><D120/><U4/><E124/><V2/><F122/><W75/><G33/><T48/><D72/><U30/><E135/><V116/><F73/><W105/><G105/><T130/><D115/><U66/><E66/><V11/><F114/><W68/><G68/><T50/><D130/><U63/><E113/><V129/><F129/><W49/><G38/><T90/><D7/><U134/><E134/><V29/><F62/><W52/><G119/><N who="2" m="45641" /><F43/><W53/><G53/><T81/><D3/><U47/><E30/><V19/><F39/><W46/><G92/><T125/><D125/><U128/><E4/><N who="2" m="1431" /><F19/><W56/><G41/><T1/><D1/><U87/><REACH who="1" step="1"/><E128/><REACH who="1" ten="211,92,402,275" step="2"/><V123/><F123/><W26/><G40/><T76/><D67/><U23/><E23/><V70/><F70/><W51/><G46/><T77/><D44/><U35/><E35/><V57/><F57/><AGARI ba="1,2" hai="12,18,21,45,47,55,57,63,83,87,91,93,98,100" machi="57" ten="40,5200,0" yaku="1,1,8,1,52,1,53,0" doraHai="79" doraHaiUra="132" who="1" fromWho="2" sc="211,0,92,75,402,-55,275,0" /><INIT seed="5,0,0,3,2,13" ten="211,167,347,275" oya="1" hai0="1,37,132,130,62,134,68,60,131,108,89,64,79" hai1="39,105,135,15,98,10,43,50,101,51,0,92,42" hai2="106,81,69,49,95,116,41,36,12,46,129,6,73" hai3="117,7,94,11,9,58,48,125,97,19,133,54,56"/><U114/><E114/><V52/><F116/><W8/><G117/><T63/><D1/><U27/><E135/><N who="0" m="51753" /><D79/><U2/><E105/><V5/><F106/><W126/><G133/><T111/><D89/><U53/><E50/><N who="2" m="26959" /><F69/><W96/><G56/><T67/><D37/><U65/><E27/><V38/><F73/><W83/><G83/><T85/><D85/><U14/><E65/><N who="0" m="25161" /><D68/><U119/><E119/><V45/><F129/><AGARI ba="0,0" hai="60,62,63,108,111,129,130,131" m="25161,51753" machi="129" ten="40,12000,2" yaku="28,2,19,1,20,1,34,2" doraHai="13" who="0" fromWho="2" sc="211,120,167,0,347,-120,275,0" /><INIT seed="6,0,0,3,5,133" ten="331,167,227,275" oya="2" hai0="134,69,64,36,110,116,38,34,96,53,37,28,12" hai1="19,8,55,127,11,0,132,112,45,67,4,83,60" hai2="1,119,128,102,103,111,100,129,79,122,56,106,3" hai3="91,97,52,17,66,124,86,70,105,22,80,2,98"/><V58/><F119/><W107/><G2/><N who="2" m="521" /><F122/><W82/><G82/><T48/><D110/><U41/><E132/><V57/><F111/><W73/><G73/><T74/><D74/><U68/><E112/><V121/><F121/><W131/><G131/><N who="2" m="50249" /><F106/><W126/><G70/><T88/><D134/><U21/><E11/><V71/><F71/><W40/><G66/><T72/><D72/><U43/><E83/><V125/><F125/><N who="3" m="48235" /><G40/><T42/><D116/><U63/><E127/><V76/><AGARI ba="0,0" hai="56,57,58,76,79,100,102,103" m="50249,521" machi="76" ten="40,7800,0" yaku="28,2,19,1" doraHai="133" who="2" fromWho="2" sc="331,-26,167,-26,227,78,275,-26" /><INIT seed="6,1,0,1,5,130" ten="305,141,305,249" oya="2" hai0="132,116,32,49,24,53,17,15,8,3,48,0,119" hai1="127,95,23,1,35,74,4,115,93,31,70,42,89" hai2="114,126,50,2,75,14,107,52,121,58,30,28,5" hai3="123,67,76,19,54,125,118,101,98,86,84,60,112"/><V36/><F121/><W81/><G123/><T63/><D63/><U122/><E74/><V102/><F75/><W120/><G120/><T113/><D132/><U27/><E122/><V91/><F36/><W82/><G118/><N who="0" m="45099" /><D113/><U78/><E115/><V69/><F69/><W40/><G40/><T72/><D72/><U21/><E70/><V83/><F2/><N who="0" m="554" /><D53/><U47/><E127/><V97/><F126/><W109/><G125/><T43/><D43/><U131/><E131/><V110/><F110/><W18/><G54/><T104/><D104/><U124/><E124/><V117/><F114/><W6/><G6/><T64/><D64/><U29/><E78/><V103/><F117/><W100/><G109/><T55/><D55/><U66/><E66/><V33/><F107/><W38/><G38/><T25/><D25/><U22/><E31/><AGARI ba="1,0" hai="8,15,17,24,31,32,48,49" m="554,45099" machi="31" ten="30,1000,0" yaku="12,1" doraHai="130" who="0" fromWho="1" sc="305,13,141,-13,305,0,249,0" /><INIT seed="7,0,0,1,2,62" ten="318,128,305,249" oya="3" hai0="78,129,63,37,96,120,9,0,112,94,124,57,134" hai1="132,122,90,77,25,44,85,20,68,49,92,55,79" hai2="10,118,76,86,133,3,29,58,51,17,30,91,66" hai3="135,53,115,116,26,70,65,36,123,45,98,131,75"/><W35/><RYUUKYOKU type="yao9" ba="0,0" sc="318,0,128,0,305,0,249,0" hai3="26,35,36,45,53,65,70,75,98,115,116,123,131,135" /><INIT seed="7,1,0,4,4,46" ten="318,128,305,249" oya="3" hai0="19,33,53,14,28,17,56,120,4,128,43,115,40" hai1="81,129,3,113,118,123,90,105,1,51,35,34,122" hai2="21,121,50,54,94,76,24,22,103,80,31,109,104" hai3="132,97,91,29,41,74,42,0,59,48,111,57,114"/><W73/><G0/><T27/><D120/><U38/><E38/><V23/><F109/><W82/><G111/><T110/><D110/><U78/><E105/><V70/><F70/><W39/><G39/><T125/><D125/><U11/><E78/><V92/><F104/><W2/><G2/><T37/><D128/><U79/><E79/><V131/><F131/><W13/><G114/><T86/><D115/><U64/><E129/><V45/><F121/><W10/><G132/><T108/><D108/><U26/><E113/><V83/><F103/><W88/><G74/><T93/><D4/><U84/><E118/><V127/><F127/><W65/><G73/><T9/><D37/><U67/><E11/><V77/><F77/><W134/><G29/><T6/><D19/><U116/><E116/><V126/><F126/><W68/><G68/><T89/><D17/><U112/><E112/><V5/><F5/><N who="3" m="3279" /><G134/><T100/><D100/><U133/><E133/><V101/><F101/><W135/><G135/><T20/><D33/><U62/><E35/><V96/><F76/><W124/><G124/><T63/><AGARI ba="1,0" hai="6,9,14,20,27,28,40,43,53,56,63,86,89,93" machi="63" ten="20,2700,0" yaku="0,1,7,1,8,1" doraHai="46" who="0" fromWho="0" sc="318,30,128,-8,305,-8,249,-14" owari="348,44.8,120,-38.0,297,9.7,235,-16.5" /></mjloggm>