<mjloggm ver="2.3"><GO type="169" lobby="0"/><UN n0="%E9%87%A3%E3%82%8A%E6%97%A5%E5%92%8C" n1="%E8%B1%86%E3%83%80%E3%83%9E%E8%AD%A6%E5%AF%9F" n2="%E5%8F%A4%E6%96%AF%E5%A1%94%E5%A4%AB%E4%BA%8C%E4%B8%96" n3="%E7%99%BD%E3%81%AE%E7%A9%BA" dan="18,16,16,17" rate="2245.37,2138.80,2126.66,2149.25" sx="M,M,M,M"/><TAIKYOKU oya="0"/><INIT seed="0,0,0,1,3,79" ten="250,250,250,250" oya="0" hai0="100,70,24,85,115,43,42,74,40,82,59,113,44" hai1="131,107,4,135,117,7,18,108,3,52,97,95,11" hai2="88,104,14,13,114,10,65,41,99,67,2,51,29" hai3="15,120,20,69,34,5,127,124,23,92,81,87,76"/><T116/><D70/><U55/><E117/><V73/><F114/><W121/><G34/><T93/><D74/><U27/><E108/><V98/><F73/><W71/><G92/><T130/><D116/><U77/><E135/><V22/><F2/><W48/><G48/><T37/><D130/><U86/><E131/><V63/><F104/><W112/><G112/><T62/><D24/><U25/><E107/><V128/><F128/><W56/><G56/><T118/><D118/><U32/><E7/><V53/><F41/><W39/><G39/><T38/><D38/><U123/><E123/><N who="3" m="47178" /><G5/><T126/><D126/><N who="3" m="48169" /><G15/><T129/><D129/><U36/><E36/><V33/><F14/><W47/><G47/><T68/><D68/><AGARI ba="0,0" hai="20,23,68,69,71,76,81,87" m="48169,47178" machi="68" ten="40,5200,0" yaku="13,1,18,1,52,1" doraHai="79" who="3" fromWho="0" sc="250,-52,250,0,250,0,250,52" /><INIT seed="1,0,0,1,1,79" ten="198,250,250,302" oya="1" hai0="85,134,74,32,42,36,34,22,71,135,50,80,57" hai1="17,131,29,3,11,24,54,69,8,27,59,13,114" hai2="48,4,112,31,105,16,81,19,30,53,83,72,132" hai3="51,55,126,86,102,47,104,38,25,45,101,68,111"/><U90/><E69/><V98/><F72/><W96/><G111/><T87/><D71/><U2/><E114/><V15/><F112/><W100/><G126/><T117/><D117/><U123/><E123/><V108/><F108/><W41/><G68/><T44/><D22/><U95/><E131/><V92/><F132/><N who="0" m="50730" /><D87/><U113/><E113/><V65/><F105/><W1/><G1/><T121/><D74/><U37/><E37/><V107/><F65/><W125/><G125/><T10/><D10/><U103/><E103/><V60/><F60/><W73/><G73/><T66/><D121/><U46/><E46/><V40/><F40/><W82/><REACH who="3" step="1"/><G25/><REACH who="3" ten="198,250,250,292" step="2"/><T129/><D129/><U128/><E128/><V0/><F0/><W97/><G97/><T91/><D66/><U124/><E124/><V120/><F120/><W23/><G23/><T115/><D115/><U63/><E27/><V89/><F107/><W33/><G33/><T39/><D39/><U12/><E24/><V14/><F4/><W49/><G49/><T52/><AGARI ba="0,1" hai="32,34,36,42,44,50,52,57,80,85,91" m="50730" machi="52" ten="30,4000,0" yaku="20,1,52,1,54,1" doraHai="79" who="0" fromWho="0" sc="198,50,250,-20,250,-10,292,-10" /><INIT seed="2,0,0,4,4,62" ten="248,230,240,282" oya="2" hai0="16,84,72,3,34,93,130,124,14,61,117,40,129" hai1="68,25,38,17,133,54,55,37,23,121,74,104,64" hai2="100,88,83,5,57,22,46,8,31,106,101,134,65" hai3="122,69,51,98,27,112,52,103,26,128,1,86,42"/><V60/><F134/><W29/><G122/><T71/><D72/><U50/><E104/><V114/><F114/><W91/><G112/><T28/><D3/><U81/><E133/><V2/><F106/><W127/><G127/><T77/><D124/><U10/><E121/><V7/><F7/><W12/><G1/><T92/><D40/><U78/><E68/><V45/><F45/><W108/><G108/><T15/><D15/><U105/><E105/><V111/><F111/><W13/><G128/><N who="0" m="49259" /><D117/><U39/><E64/><V107/><F107/><W6/><G69/><T11/><D77/><U47/><E10/><V4/><F46/><W113/><G42/><T48/><D48/><U67/><E67/><V102/><F4/><W82/><G113/><T63/><D84/><U96/><E96/><V95/><F83/><W131/><G131/><T36/><D36/><U59/><REACH who="1" step="1"/><E38/><REACH who="1" ten="248,220,240,282" step="2"/><V49/><F8/><W109/><G109/><T53/><D71/><U115/><E115/><V135/><F135/><W21/><G98/><T125/><D125/><U41/><E41/><V94/><F65/><W132/><G132/><T66/><D53/><U20/><E20/><V87/><F22/><W0/><G21/><T79/><D66/><U73/><E73/><V56/><F2/><W35/><G0/><T76/><D34/><U32/><E32/><V80/><F31/><W24/><G29/><T123/><D28/><U70/><E70/><V18/><F5/><W33/><G6/><T110/><D123/><U90/><E90/><V116/><F88/><W99/><G35/><T118/><D110/><RYUUKYOKU ba="0,1" sc="248,-10,220,30,240,-10,282,-10" hai1="17,23,25,37,39,47,50,54,55,59,74,78,81" /><INIT seed="3,1,1,5,3,15" ten="238,250,230,272" oya="3" hai0="35,63,121,45,13,89,127,126,54,38,32,122,68" hai1="133,36,109,111,72,91,64,28,8,57,86,96,10" hai2="81,34,74,102,105,94,26,95,65,61,119,7,67" hai3="75,52,77,88,98,5,132,18,71,107,125,106,4"/><W51/><G125/><N who="0" m="47627" /><D89/><U80/><E36/><V56/><F119/><W1/><G132/><T3/><D3/><U11/><E133/><V112/><F112/><W123/><G123/><N who="0" m="47115" /><D13/><U134/><E134/><V76/><F7/><W44/><G71/><T82/><D82/><U12/><E28/><V33/><F67/><W30/><G30/><T90/><D90/><U118/><E118/><V22/><F105/><W113/><G113/><T66/><D54/><U41/><E96/><V131/><F131/><W31/><G31/><T62/><D62/><U73/><E12/><V50/><F50/><W84/><G4/><T6/><D6/><U55/><E64/><V85/><F74/><W37/><G5/><T70/><D68/><U9/><E41/><AGARI ba="1,1" hai="32,35,38,41,45,63,66,70" m="47115,47627" machi="41" ten="30,2000,0" yaku="18,1,23,1" doraHai="15" who="0" fromWho="1" sc="238,33,250,-23,230,0,272,0" /><INIT seed="4,0,0,3,1,91" ten="271,227,230,272" oya="0" hai0="23,84,27,72,79,132,99,101,127,76,37,107,21" hai1="102,30,50,82,47,123,38,59,6,90,87,113,51" hai2="11,100,80,116,40,35,48,53,81,70,44,5,74" hai3="104,29,129,134,86,93,112,15,65,57,1,33,18"/><T49/><D37/><U16/><E123/><V115/><F115/><W20/><G104/><T36/><D36/><U88/><E113/><V98/><F70/><W46/><G112/><T60/><D132/><U105/><E30/><V0/><F35/><W12/><G134/><T25/><D127/><U92/><E6/><V64/><F116/><W63/><G1/><T24/><D72/><U122/><E122/><V85/><F64/><W119/><G119/><T55/><D60/><U22/><E105/><V69/><F69/><W45/><G129/><T61/><D61/><U96/><E38/><V78/><F40/><W2/><G2/><T14/><D14/><N who="1" m="9495" /><E59/><V75/><REACH who="2" step="1"/><F80/><REACH who="2" ten="271,227,220,272" step="2"/><W8/><G33/><T118/><D118/><U56/><E56/><V73/><F73/><W130/><G130/><T120/><D120/><U121/><E121/><V94/><AGARI ba="0,1" hai="0,5,11,44,48,53,74,75,78,81,85,94,98,100" machi="94" ten="20,8000,1" yaku="1,1,0,1,7,1,52,1,53,1" doraHai="91" doraHaiUra="77" who="2" fromWho="2" sc="271,-40,227,-20,220,90,272,-20" /><INIT seed="5,0,0,0,5,16" ten="231,207,310,252" oya="1" hai0="40,35,95,97,69,116,25,131,55,96,107,50,28" hai1="93,38,47,78,10,46,2,122,44,49,6,77,100" hai2="135,4,24,41,67,42,98,56,48,9,57,85,15" hai3="60,89,103,66,5,81,11,114,124,90,109,37,20"/><U76/><E122/><V7/><F135/><W8/><G109/><T72/><D116/><U43/><E100/><V91/><F4/><W71/><G114/><T54/><D72/><U18/><E93/><V83/><F98/><W123/><G123/><T0/><D0/><U87/><E38/><V74/><F74/><W14/><G124/><T126/><D69/><U68/><E68/><V132/><F132/><W121/><G37/><T33/><D33/><U51/><E87/><V21/><F67/><W70/><G121/><T13/><D126/><U63/><E63/><V65/><F65/><W73/><G70/><T39/><D39/><U61/><E61/><V32/><F32/><W22/><G103/><T101/><D131/><U133/><E133/><V12/><F12/><W79/><REACH who="3" step="1"/><G11/><REACH who="3" ten="231,207,310,242" step="2"/><T34/><D101/><U111/><E111/><V118/><F118/><W125/><G125/><T52/><D107/><U94/><E94/><V134/><F134/><W75/><G75/><T17/><D95/><U45/><N who="1" m="11264" /><DORA hai="108" /><U120/><E120/><V31/><F48/><W3/><G3/><T92/><D50/><U113/><E113/><V84/><F41/><W115/><G115/><T36/><D40/><U29/><E43/><V26/><F42/><W128/><G128/><T23/><D36/><U27/><REACH who="1" step="1"/><E18/><REACH who="1" ten="231,197,310,242" step="2"/><V82/><F83/><W30/><G30/><N who="0" m="19791" /><D92/><U112/><E112/><V106/><F106/><W119/><G119/><T117/><D117/><U80/><E80/><V105/><F105/><W86/><G86/><T59/><D59/><N who="2" m="22602" /><F85/><W102/><G102/><T104/><D104/><RYUUKYOKU ba="0,2" sc="231,0,197,0,310,0,242,0" hai0="13,17,23,28,35,52,54,55,96,97" hai1="2,6,10,27,29,49,51,76,77,78" hai2="7,9,15,21,24,26,31,82,84,91" hai3="5,8,14,20,22,60,66,71,73,79,81,89,90" /><INIT seed="5,1,2,4,0,101" ten="231,197,310,242" oya="1" hai0="24,29,94,50,91,122,113,38,132,73,16,2,52" hai1="27,37,89,85,65,51,34,0,92,103,58,21,59" hai2="80,17,109,32,107,114,127,77,121,88,104,108,9" hai3="81,131,41,61,45,33,93,125,128,36,129,43,7"/><U72/><E37/><V86/><F32/><W124/><G33/><T90/><D38/><U134/><E134/><V78/><F9/><W98/><G7/><T22/><D73/><U95/><E72/><V54/><F54/><W12/><G12/><T76/><D2/><U18/><E0/><V67/><F67/><W4/><G4/><T5/><D5/><U25/><E65/><V105/><F17/><W46/><G81/><T42/><D42/><U100/><E95/><V10/><F10/><W84/><G84/><T112/><D76/><N who="2" m="29290" /><F121/><W31/><G31/><T60/><D60/><U126/><E126/><N who="3" m="48746" /><G61/><T79/><D79/><U56/><REACH who="1" step="1"/><E51/><REACH who="1" ten="231,187,310,242" step="2"/><V19/><F127/><W48/><G93/><T11/><D132/><U62/><E62/><V99/><F109/><W123/><G98/><T28/><D94/><U97/><E97/><V68/><F108/><W23/><G23/><T1/><D1/><U15/><E15/><V53/><F99/><W13/><G13/><N who="0" m="7231" /><D122/><AGARI ba="1,3" hai="36,41,43,45,46,48,122,123,128,129,131" m="48746" machi="122" ten="40,8000,1" yaku="19,1,18,1,34,2" doraHai="101" who="3" fromWho="0" sc="231,-83,187,0,310,0,242,113" /><INIT seed="6,0,0,1,4,128" ten="148,187,310,355" oya="2" hai0="106,2,69,94,73,54,120,130,21,125,66,26,132" hai1="112,49,59,10,5,8,61,16,25,134,42,41,7" hai2="127,12,32,4,65,51,56,17,98,9,117,50,131" hai3="78,88,39,0,121,126,46,122,37,60,89,48,36"/><V53/><F117/><W70/><G0/><T96/><D120/><U38/><E112/><V45/><F32/><W77/><G126/><T76/><D2/><U34/><E38/><V47/><F127/><W19/><G19/><T40/><D125/><U86/><E34/><V115/><F131/><W63/><G70/><T23/><D130/><U28/><E28/><V133/><F115/><W58/><G58/><T85/><D73/><U43/><E49/><V93/><F133/><W101/><G101/><T83/><D106/><U44/><E44/><V52/><F65/><W97/><G97/><T82/><D82/><U22/><E134/><V95/><F56/><W57/><G57/><T116/><D116/><U103/><E103/><V31/><F31/><W90/><G48/><T91/><D132/><U20/><E20/><V84/><F84/><W124/><G46/><T62/><D40/><U99/><E99/><V92/><F4/><W123/><G124/><T114/><D114/><U1/><E86/><V113/><F113/><W6/><G6/><T102/><D54/><U29/><E10/><V55/><F53/><W18/><G18/><T11/><D11/><U67/><E7/><V75/><F75/><W110/><G110/><T71/><D71/><U80/><E29/><V68/><F68/><W30/><G30/><N who="0" m="17743" /><D23/><U13/><REACH who="1" step="1"/><E80/><REACH who="1" ten="148,177,310,355" step="2"/><V74/><F74/><W33/><G33/><T27/><D27/><AGARI ba="0,1" hai="1,5,8,13,16,22,25,27,41,42,43,59,61,67" machi="27" ten="40,8000,1" yaku="1,1,2,1,54,1,53,1" doraHai="128" doraHaiUra="14" who="1" fromWho="0" sc="148,-80,177,90,310,0,355,0" /><INIT seed="7,0,0,4,4,36" ten="68,267,310,355" oya="3" hai0="47,68,15,60,20,48,6,77,88,51,90,38,80" hai1="24,58,19,84,22,32,17,116,5,89,61,57,28" hai2="81,30,69,53,128,54,83,72,23,104,91,99,1" hai3="45,115,70,92,34,93,111,74,40,130,78,18,50"/><W114/><G130/><T63/><D68/><U119/><E119/><V55/><F1/><W41/><G70/><T129/><D38/><U126/><E126/><V110/><F110/><W122/><G122/><T125/><D51/><U100/><E116/><V75/><F69/><W64/><G64/><T26/><D129/><U42/><E100/><V82/><F128/><W9/><G34/><T85/><D125/><U4/><E58/><V49/><F49/><W66/><G66/><T124/><D124/><U109/><E109/><V106/><F91/><W56/><G56/><T14/><D14/><U62/><E62/><V94/><F94/><W46/><G111/><T33/><D33/><U95/><E42/><V127/><F127/><W31/><G31/><T73/><D73/><U134/><E134/><V43/><F43/><W105/><G105/><T67/><D67/><U97/><E84/><V52/><N who="2" m="13312" /><DORA hai="107" /><V133/><F133/><W79/><G50/><T117/><D117/><U7/><E61/><V112/><F112/><W113/><G113/><T135/><D135/><U101/><E57/><V39/><F39/><W0/><G0/><T103/><D103/><U132/><E132/><V27/><REACH who="2" step="1"/><F106/><REACH who="2" ten="68,267,300,355" step="2"/><W59/><G114/><T98/><D98/><U123/><E123/><V71/><F71/><W13/><G115/><T21/><D63/><U12/><E19/><V102/><AGARI ba="0,1" hai="23,27,30,72,75,81,82,83,99,102,104" m="13312" machi="102" ten="50,8000,1" yaku="1,1,0,1,52,2,54,1,53,0" doraHai="36,107" doraHaiUra="118,121" who="2" fromWho="2" sc="68,-20,267,-20,300,90,355,-40" owari="48,-45.2,247,-15.3,390,49.0,315,11.5" /></mjloggm>