<mjloggm ver="2.3"><GO type="169" lobby="0"/><UN n0="%E7%90%86%E5%B7%A5%E3%83%95%E3%83%AA%E3%83%86%E3%83%B3%E5%A4%A7%E5%B8%AB" n1="%E7%AD%89%E3%80%85%E5%8A%9B%E5%8A%87%E5%A0%B4" n2="%E3%82%B8%E3%83%A7%E3%83%8B%E3%83%B2" n3="%46%72%6F%6E" dan="16,16,16,16" rate="2125.68,2112.18,2137.29,2124.85" sx="M,M,M,M"/><TAIKYOKU oya="0"/><INIT seed="0,0,0,5,4,6" ten="250,250,250,250" oya="0" hai0="20,116,104,36,133,12,126,64,37,112,61,4,14" hai1="88,41,39,125,57,89,50,28,42,85,78,18,72" hai2="24,86,15,107,21,58,100,93,26,123,22,30,2" hai3="92,110,83,63,71,19,135,124,29,32,49,8,87"/><T66/><D116/><U115/><E125/><V13/><F123/><W99/><G124/><T43/><D112/><U84/><E72/><V101/><F2/><W76/><G110/><T5/><D61/><U11/><E39/><V47/><F47/><W96/><G135/><T62/><D126/><U70/><E70/><V106/><F58/><W120/><G120/><T121/><D121/><U23/><E28/><V128/><F86/><W16/><G32/><T53/><D53/><N who="1" m="31927" /><E78/><V129/><F93/><W113/><G29/><AGARI ba="0,0" hai="13,15,21,22,24,26,29,30,100,101,106,107,128,129" machi="29" ten="25,1600,0" yaku="22,2" doraHai="6" who="2" fromWho="3" sc="250,0,250,0,250,16,250,-16" /><INIT seed="1,0,0,5,3,53" ten="250,250,266,234" oya="1" hai0="36,58,99,18,25,74,31,21,92,3,42,115,68" hai1="108,60,94,76,57,79,107,75,133,134,101,33,117" hai2="71,122,40,6,11,86,49,93,17,65,128,64,113" hai3="10,20,61,22,7,125,89,103,90,119,69,95,111"/><U110/><E33/><V19/><F122/><W129/><G111/><N who="1" m="42538" /><E107/><V38/><F38/><W135/><G129/><T37/><D68/><U50/><E50/><V112/><F128/><W67/><G135/><N who="1" m="51722" /><E75/><V87/><F49/><W26/><G125/><T15/><D74/><U2/><E2/><V45/><F71/><W63/><G119/><T52/><D42/><U9/><E9/><V13/><F45/><W4/><G63/><T126/><D126/><U91/><E101/><V104/><F104/><W8/><G8/><T46/><D46/><U85/><E117/><V28/><F40/><W132/><G132/><T12/><D3/><U120/><E120/><V81/><F6/><W97/><G7/><T96/><D115/><U88/><E91/><N who="2" m="53495" /><F113/><W56/><G69/><T51/><D36/><U62/><E62/><V35/><F35/><W59/><G59/><T73/><D37/><U131/><E131/><V34/><F34/><W78/><G78/><T114/><D114/><U54/><AGARI ba="0,0" hai="54,57,60,76,79,85,88,94" m="51722,42538" machi="54" ten="30,12000,1" yaku="14,1,10,1,20,1,52,1,54,1" doraHai="53" who="1" fromWho="1" sc="250,-40,250,120,266,-40,234,-40" /><INIT seed="1,1,0,4,5,80" ten="210,370,226,194" oya="1" hai0="122,133,101,40,116,59,50,43,127,117,88,72,17" hai1="86,58,77,78,12,0,71,63,108,84,42,62,66" hai2="90,57,105,47,85,125,6,87,44,18,135,128,55" hai3="124,61,83,34,32,109,25,52,10,95,119,5,9"/><U29/><E0/><V130/><F105/><W132/><G109/><T35/><D72/><U14/><E108/><V112/><F112/><W49/><G132/><T64/><D133/><U16/><E29/><V1/><F135/><W7/><G124/><T103/><D127/><U39/><E39/><V113/><F113/><W89/><G119/><T46/><D35/><U126/><E126/><V45/><F125/><W118/><G61/><T106/><D43/><U99/><E42/><V79/><F79/><W96/><G25/><T30/><D30/><U2/><E2/><V13/><F6/><W15/><G83/><T26/><D122/><U21/><E99/><V94/><F87/><W100/><G100/><T65/><D103/><U97/><E97/><V41/><F1/><W31/><G31/><T33/><D33/><U115/><E115/><V129/><F41/><W38/><G38/><T91/><D101/><U120/><E120/><V98/><F98/><W111/><G118/><T37/><D106/><U22/><E77/><V102/><F102/><W4/><G111/><T75/><D116/><U54/><E78/><V51/><REACH who="2" step="1"/><F45/><REACH who="2" ten="210,370,216,194" step="2"/><W56/><G5/><T131/><D117/><U114/><E114/><V81/><F81/><W67/><REACH who="3" step="1"/><G67/><REACH who="3" ten="210,370,216,184" step="2"/><T134/><D65/><U107/><E107/><V110/><F110/><W19/><G19/><AGARI ba="1,2" hai="12,14,16,19,21,22,54,58,62,63,66,71,84,86" machi="19" ten="40,12000,1" yaku="9,1,52,2,54,1" doraHai="80" who="1" fromWho="3" sc="210,0,370,143,216,0,184,-123" /><INIT seed="1,2,0,0,5,37" ten="210,513,216,61" oya="1" hai0="77,74,76,109,114,73,135,113,75,64,57,8,112" hai1="110,35,40,72,69,132,104,47,7,38,88,124,111" hai2="82,68,71,6,129,22,117,20,97,123,17,94,26" hai3="134,1,44,49,125,122,84,133,127,107,12,0,4"/><U120/><RYUUKYOKU type="yao9" ba="2,0" sc="210,0,513,0,216,0,61,0" hai1="7,35,38,40,47,69,72,88,104,110,111,120,124,132" /><INIT seed="1,3,0,0,5,109" ten="210,513,216,61" oya="1" hai0="88,132,69,4,15,63,65,1,70,10,87,133,51" hai1="114,5,90,67,52,102,12,81,100,121,31,107,122" hai2="47,48,14,8,101,2,40,39,83,25,89,9,125" hai3="111,54,3,7,82,13,76,64,28,115,108,130,19"/><U68/><E31/><V120/><F120/><W78/><G64/><T110/><D110/><N who="3" m="42025" /><G54/><T92/><D69/><U24/><E24/><V49/><F125/><W66/><G66/><T11/><REACH who="0" step="1"/><D51/><REACH who="0" ten="200,513,216,61" step="2"/><U71/><E71/><V6/><F49/><W118/><G118/><T119/><D119/><U129/><E68/><V41/><F48/><W18/><G130/><T79/><D79/><U35/><E129/><V37/><F39/><W95/><G76/><T58/><D58/><U117/><E117/><V123/><F37/><W30/><G78/><T103/><D103/><U77/><E102/><V22/><F101/><W33/><G82/><T43/><D43/><U32/><E81/><V55/><F123/><W26/><G95/><T84/><D84/><U106/><E77/><V61/><F83/><W104/><G104/><T21/><D21/><U73/><E100/><V36/><F36/><W42/><G42/><T105/><D105/><U99/><E107/><V0/><F41/><W72/><G72/><T97/><D97/><U23/><E73/><V91/><F40/><W50/><G50/><T60/><D60/><U59/><E99/><V75/><F75/><W113/><G30/><T62/><D62/><U57/><E106/><V34/><F61/><W134/><G134/><T80/><D80/><U96/><E96/><V128/><F128/><W16/><G3/><T27/><D27/><U38/><E38/><V131/><F0/><W135/><G135/><T94/><D94/><U124/><E122/><V86/><F131/><W74/><G74/><T112/><D112/><N who="3" m="43081" /><G7/><AGARI ba="3,1" hai="1,4,7,10,11,15,63,65,70,87,88,92,132,133" machi="7" ten="40,2600,0" yaku="1,1,54,1,53,0" doraHai="109" doraHaiUra="98" who="0" fromWho="3" sc="200,45,513,0,216,0,61,-35" /><INIT seed="2,0,0,3,4,89" ten="245,513,216,26" oya="2" hai0="54,5,69,6,9,40,17,114,124,131,68,10,0" hai1="38,132,45,12,65,14,53,103,126,4,47,27,16" hai2="101,109,88,57,22,87,52,72,60,18,98,104,20" hai3="111,30,51,23,107,97,31,3,59,46,113,49,83"/><V62/><F72/><W84/><G111/><T70/><D114/><U1/><E132/><V134/><F134/><W115/><G3/><T77/><D131/><U48/><E126/><V135/><F135/><W64/><G107/><T76/><D124/><U55/><E65/><V36/><F36/><W11/><G11/><T91/><D40/><U24/><E1/><V44/><F109/><W75/><G75/><T78/><D17/><U50/><E38/><V67/><F18/><W85/><G97/><T37/><D37/><U15/><E4/><V129/><F129/><W86/><G83/><T106/><D106/><U26/><REACH who="1" step="1"/><E103/><REACH who="1" ten="245,503,216,26" step="2"/><V93/><REACH who="2" step="1"/><F44/><REACH who="2" ten="245,503,206,26" step="2"/><W119/><G113/><T80/><D0/><U95/><E95/><V8/><F8/><AGARI ba="0,2" hai="8,12,14,15,16,24,26,27,45,47,48,50,53,55" machi="8" ten="40,8000,1" yaku="1,1,9,1,8,1,54,1,53,0" doraHai="89" doraHaiUra="34" who="1" fromWho="2" sc="245,0,503,100,206,-80,26,0" /><INIT seed="3,0,0,0,2,11" ten="245,603,126,26" oya="3" hai0="53,49,54,47,98,30,87,66,74,99,9,134,96" hai1="38,85,103,104,41,75,56,62,116,51,2,131,59" hai2="120,111,24,60,106,94,48,132,97,61,80,109,58" hai3="35,133,31,73,64,18,107,92,129,26,135,105,112"/><W82/><G112/><T14/><D74/><U84/><E2/><V17/><F106/><W93/><G129/><T25/><D134/><N who="3" m="51209" /><G64/><T28/><D66/><U34/><E34/><V33/><F132/><W63/><G63/><T86/><D53/><U16/><E75/><V127/><F120/><W32/><G32/><T36/><D36/><U79/><E38/><V57/><F127/><W110/><G110/><N who="2" m="41993" /><F80/><W19/><G105/><T44/><D44/><U121/><E121/><V114/><F114/><W72/><G107/><T125/><D125/><U52/><E131/><V6/><F6/><W27/><G73/><T45/><D45/><U50/><E116/><V128/><F128/><W113/><G113/><T100/><D100/><U71/><E103/><N who="2" m="60855" /><F58/><W117/><G117/><T77/><D77/><U37/><E79/><V123/><F123/><W115/><G115/><T29/><REACH who="0" step="1"/><D25/><REACH who="0" ten="235,603,126,26" step="2"/><U12/><E71/><V15/><F24/><W13/><G27/><T43/><D43/><U8/><E41/><V88/><F60/><W89/><G72/><T91/><D91/><U3/><E62/><V76/><F61/><W5/><G5/><AGARI ba="0,1" hai="5,9,14,28,29,30,47,49,54,86,87,96,98,99" machi="5" ten="40,5200,0" yaku="1,1,8,1,52,1,53,0" doraHai="11" doraHaiUra="39" who="0" fromWho="3" sc="235,62,603,0,126,0,26,-52" owari="297,9.7,603,70.3,126,-27.4,-26,-52.6" /></mjloggm>