<mjloggm ver="2.3"><GO type="169" lobby="0"/><UN n0="%E3%81%B1%E3%83%BC%E3%81%9B%E3%82%93%E3%81%A8%E4%BE%8D" n1="%E7%88%86%E7%89%8C%E3%82%A6%E3%82%B7%E3%82%B8%E3%83%9E%E3%81%8F%E3%82%93" n2="%E3%81%8B%E3%82%81%E3%81%98%E3%82%8D%E3%81%86" n3="%4A%49%4D" dan="18,19,16,17" rate="2217.58,2236.64,2083.44,2224.45" sx="M,M,M,F"/><TAIKYOKU oya="0"/><INIT seed="0,0,0,1,2,31" ten="250,250,250,250" oya="0" hai0="133,65,32,17,19,0,119,108,13,38,114,41,90" hai1="81,89,9,15,103,97,100,42,116,51,131,39,84" hai2="44,59,29,10,129,105,30,79,74,106,7,111,58" hai3="126,92,28,121,64,113,35,47,21,27,87,50,127"/><T36/><D119/><U25/><E116/><V66/><F111/><W132/><G113/><T76/><D0/><U5/><E131/><V68/><F129/><W53/><G132/><T130/><D114/><U75/><E39/><V80/><F68/><W117/><G117/><T49/><D76/><U70/><E70/><V26/><F30/><W37/><G37/><T104/><D104/><U122/><E122/><V115/><F115/><W43/><G64/><T124/><D65/><U8/><E75/><V88/><F59/><W56/><G121/><T2/><D2/><U77/><E25/><V23/><F88/><N who="3" m="53279" /><G56/><T120/><D90/><U93/><E9/><V48/><F58/><W99/><G99/><T33/><D130/><U109/><E109/><V134/><F66/><W110/><G43/><T34/><D120/><U1/><E1/><V54/><REACH who="2" step="1"/><F134/><REACH who="2" ten="250,250,240,250" step="2"/><W91/><G91/><T62/><D133/><U6/><E6/><V82/><F82/><W20/><G110/><T94/><D108/><U46/><AGARI ba="0,1" hai="5,8,15,42,46,51,77,81,84,89,93,97,100,103" machi="46" ten="30,7900,0" yaku="0,1,25,2,8,1" doraHai="31" who="1" fromWho="1" sc="250,-39,250,89,240,-20,250,-20" /><INIT seed="1,0,0,5,3,58" ten="211,339,220,230" oya="1" hai0="26,48,102,116,109,23,81,45,115,95,5,54,89" hai1="130,47,40,24,61,86,90,33,68,114,21,78,63" hai2="17,132,64,59,9,62,1,110,35,126,11,34,7" hai3="28,53,99,66,67,104,6,76,51,42,0,131,135"/><U49/><E114/><V31/><F110/><W94/><G104/><T13/><D109/><U128/><E68/><V46/><F126/><W18/><G42/><T43/><D116/><U19/><E78/><V74/><F74/><W36/><G36/><T87/><D115/><U25/><E33/><V69/><F132/><W124/><G131/><N who="1" m="50218" /><E24/><V98/><F46/><W12/><G28/><T22/><D5/><U82/><AGARI ba="0,0" hai="19,21,25,40,47,49,61,63,82,86,90" m="50218" machi="82" ten="30,6000,0" yaku="19,1,52,2" doraHai="58" who="1" fromWho="1" sc="211,-20,339,60,220,-20,230,-20" /><INIT seed="1,1,0,4,4,101" ten="191,399,200,210" oya="1" hai0="125,111,20,21,42,115,43,106,54,127,13,96,34" hai1="108,72,59,50,29,26,76,8,110,3,99,64,45" hai2="36,94,85,5,107,22,55,65,122,52,89,77,119" hai3="10,116,118,73,9,109,98,47,130,33,40,75,87"/><U78/><E99/><V2/><F122/><W135/><G109/><N who="1" m="42090" /><E72/><V16/><F119/><W7/><G33/><T60/><D34/><N who="1" m="20791" /><E59/><V104/><F36/><W120/><G120/><T91/><D115/><U69/><E69/><V44/><F65/><W23/><G130/><T93/><D106/><U124/><E64/><V70/><F70/><W1/><G135/><T88/><D111/><U79/><E124/><N who="0" m="47689" /><D13/><U105/><E105/><V6/><F77/><W14/><G98/><T113/><D91/><U133/><E133/><V102/><F2/><W4/><G87/><T86/><D113/><U81/><E8/><V100/><F107/><W53/><G75/><T49/><D60/><U24/><E24/><N who="2" m="14407" /><F104/><W28/><G73/><T17/><D96/><U68/><E68/><V117/><F117/><W131/><G118/><T48/><D48/><U30/><E3/><V46/><F102/><W80/><G116/><T18/><D21/><U56/><E79/><V67/><F100/><W11/><G11/><T82/><D20/><U12/><E12/><V51/><F67/><W58/><G23/><T134/><D134/><U63/><E78/><V132/><F132/><W32/><G1/><T83/><D83/><U114/><E81/><V123/><F123/><W95/><G80/><T41/><D82/><U57/><E76/><V15/><F15/><W97/><G10/><T38/><D38/><U31/><E31/><V103/><F103/><W66/><G9/><T71/><D71/><U129/><E30/><V25/><F25/><W112/><G14/><T92/><D92/><U27/><E114/><RYUUKYOKU ba="1,0" sc="191,15,399,-15,200,15,210,-15" hai0="17,18,41,42,43,49,54,86,88,93" hai2="5,6,44,46,51,52,55,85,89,94" /><INIT seed="2,2,0,5,4,8" ten="206,384,215,195" oya="2" hai0="62,44,135,13,95,36,112,71,61,122,33,20,107" hai1="119,65,1,92,120,130,91,29,53,52,94,35,32" hai2="64,124,46,5,116,19,72,88,6,111,89,14,86" hai3="30,10,0,54,128,3,26,38,133,113,108,21,75"/><V79/><F116/><W82/><G38/><T73/><D107/><U78/><E1/><V127/><F64/><W16/><G108/><T76/><D33/><U93/><E119/><V121/><F121/><W58/><G128/><T37/><D112/><U42/><E78/><V67/><F67/><W48/><G133/><T129/><D135/><U23/><E130/><V84/><F72/><W40/><G40/><T51/><D122/><U24/><E65/><V100/><F100/><W55/><G113/><T15/><D71/><U12/><E42/><V132/><F132/><W4/><G55/><T115/><D115/><U117/><E117/><V87/><F79/><W18/><G75/><T39/><D129/><U45/><E120/><V60/><F60/><W34/><G82/><T47/><D20/><U118/><E35/><V131/><F46/><N who="0" m="17450" /><D73/><U74/><E74/><V59/><F59/><W85/><G3/><T69/><D76/><U66/><E66/><V80/><F131/><W17/><REACH who="3" step="1"/><G85/><REACH who="3" ten="206,384,215,185" step="2"/><T123/><D69/><U77/><E53/><V110/><F86/><W103/><G103/><T102/><D123/><U101/><E52/><V7/><F111/><W9/><G9/><T68/><D68/><U83/><E101/><V114/><F114/><W22/><AGARI ba="2,1" hai="0,4,10,16,17,18,21,22,26,30,34,48,54,58" machi="22" ten="30,7900,0" yaku="1,1,0,1,54,1,53,1" doraHai="8" doraHaiUra="31" who="3" fromWho="3" sc="206,-22,384,-22,215,-41,185,95" /><INIT seed="3,0,0,0,4,22" ten="184,362,174,280" oya="3" hai0="97,79,37,8,94,64,53,16,93,95,5,128,134" hai1="4,44,78,92,85,25,27,14,7,45,41,105,13" hai2="47,126,28,2,52,56,10,69,55,76,98,88,0" hai3="111,106,77,123,73,21,17,24,32,125,102,71,20"/><W65/><G123/><T35/><D37/><U110/><E105/><V49/><F69/><W75/><G125/><T54/><D134/><U113/><E113/><V31/><F76/><W115/><G115/><T6/><D35/><U120/><E120/><V62/><F126/><W86/><G32/><T104/><D128/><U118/><E110/><V84/><F98/><W30/><G111/><T40/><D40/><U87/><E92/><V12/><F2/><W74/><G102/><T26/><D64/><U36/><E41/><V101/><F0/><W9/><G9/><T43/><D43/><U96/><E96/><V57/><F101/><W99/><G99/><T117/><D117/><U91/><E91/><V108/><F56/><W18/><G106/><T100/><D79/><U90/><E90/><V127/><F108/><W11/><G11/><T23/><REACH who="0" step="1"/><D6/><REACH who="0" ten="174,362,174,280" step="2"/><U72/><E78/><V34/><F34/><W121/><G121/><T48/><D48/><U51/><E51/><V114/><F127/><W50/><G50/><T66/><D66/><U60/><E36/><V46/><F46/><W133/><G133/><T39/><D39/><U61/><E118/><V103/><F114/><W70/><G65/><T63/><D63/><U68/><E68/><V38/><F38/><W80/><REACH who="3" step="1"/><G30/><REACH who="3" ten="174,362,174,270" step="2"/><T131/><D131/><U124/><E124/><V1/><F31/><W83/><G83/><T59/><D59/><U89/><E60/><V3/><F28/><W109/><G109/><T130/><D130/><U122/><E61/><V129/><F129/><W15/><AGARI ba="0,2" hai="15,17,18,20,21,24,70,71,73,74,75,77,80,86" machi="15" ten="30,6000,0" yaku="1,1,0,1,52,1,53,0" doraHai="22" doraHaiUra="119" who="3" fromWho="3" sc="174,-20,362,-20,174,-20,270,80" /><INIT seed="3,1,0,0,0,60" ten="154,342,154,350" oya="3" hai0="102,30,17,9,56,57,103,61,64,93,53,66,105" hai1="96,132,52,119,55,10,5,124,54,23,67,121,94" hai2="37,84,88,50,73,109,85,112,128,79,106,74,110" hai3="48,116,35,25,40,130,75,58,71,90,122,83,8"/><W80/><G116/><T111/><D111/><N who="2" m="42506" /><F37/><W20/><G122/><T26/><D105/><U2/><E121/><V113/><F50/><W14/><G71/><T123/><D123/><U11/><E119/><V97/><F128/><W100/><G35/><T7/><D17/><U62/><E132/><V134/><F134/><W47/><G75/><N who="2" m="28681" /><F79/><W65/><G100/><T59/><D93/><U16/><E124/><V3/><F3/><W108/><G90/><T82/><D82/><U29/><E29/><V4/><F4/><N who="3" m="3335" /><G130/><T34/><D64/><U32/><E32/><V72/><N who="2" m="28689" /><V99/><DORA hai="126" /><F85/><W135/><G135/><T86/><D86/><U98/><E5/><V87/><F84/><W104/><G104/><T118/><D118/><U68/><E2/><V46/><F46/><W89/><G89/><T107/><D107/><U44/><E44/><V114/><F106/><W115/><G115/><N who="2" m="29441" /><V133/><DORA hai="19" /><F133/><W49/><G49/><T95/><D95/><AGARI ba="1,0" hai="87,88,95,97,99" m="29441,28689,42506" machi="95" ten="60,8000,1" yaku="14,1,34,2,54,1" doraHai="60,126,19" who="2" fromWho="0" sc="154,-83,342,0,154,83,350,0" /><INIT seed="4,0,0,3,5,60" ten="71,342,237,350" oya="0" hai0="70,18,94,33,52,103,86,75,68,19,41,73,11" hai1="85,130,104,53,93,10,23,21,133,80,2,20,76" hai2="27,56,37,115,45,34,129,99,31,47,102,124,81" hai3="39,58,110,54,122,92,87,44,57,119,61,118,117"/><T89/><D33/><U131/><E104/><V6/><F115/><W13/><G13/><T63/><D41/><U77/><E133/><V35/><F124/><W127/><G127/><T123/><D123/><U135/><E135/><V95/><F129/><N who="1" m="49161" /><E53/><V125/><F125/><W48/><G122/><T111/><D111/><U42/><E42/><V43/><F6/><W79/><G79/><T90/><D103/><U50/><E93/><V14/><F14/><W62/><G87/><T116/><D116/><U59/><E59/><V4/><F4/><W114/><G92/><T112/><D112/><U65/><E50/><V97/><F47/><W98/><G98/><T28/><D28/><U134/><E134/><V12/><F12/><W3/><G3/><T25/><D70/><U49/><E49/><V128/><F128/><W109/><G114/><T51/><D89/><N who="1" m="51367" /><E65/><V101/><F81/><W64/><G39/><T46/><D11/><U121/><E121/><V107/><F56/><W69/><G69/><T29/><D29/><U72/><E72/><V7/><F7/><AGARI ba="0,0" hai="2,7,10,20,21,23,76,77" m="51367,49161" machi="7" ten="30,1000,0" yaku="19,1" doraHai="60" who="1" fromWho="2" sc="71,0,342,10,237,-10,350,0" /><INIT seed="5,0,0,0,4,69" ten="71,352,227,350" oya="1" hai0="53,108,135,130,0,85,114,86,67,115,106,13,79" hai1="39,27,95,44,55,133,125,42,34,84,134,75,51" hai2="82,47,2,28,104,56,96,81,132,4,7,92,38" hai3="88,98,93,60,61,117,25,35,113,17,33,99,1"/><U37/><E75/><V54/><F104/><W9/><G113/><N who="0" m="43019" /><D0/><U23/><E34/><V57/><F132/><N who="1" m="50793" /><E125/><V48/><F28/><W8/><G117/><T119/><D67/><U58/><E84/><N who="0" m="32361" /><D13/><U50/><E95/><V32/><F32/><W41/><G99/><T24/><D135/><U65/><E65/><V62/><F57/><W83/><G83/><T101/><D24/><U40/><E40/><V100/><F38/><W107/><G107/><T109/><D53/><U89/><E89/><V74/><F2/><W52/><G41/><T46/><D46/><U126/><E126/><V122/><F122/><W15/><G25/><T129/><D79/><U18/><AGARI ba="0,0" hai="18,23,27,37,39,42,44,50,51,55,58" m="50793" machi="18" ten="30,6000,0" yaku="20,1,52,2" doraHai="69" who="1" fromWho="1" sc="71,-20,352,60,227,-20,350,-20" /><INIT seed="5,1,0,1,2,130" ten="51,412,207,330" oya="1" hai0="103,102,10,46,113,128,97,70,50,27,35,4,121" hai1="40,42,106,2,18,109,98,41,38,59,116,13,83" hai2="72,22,76,17,105,92,30,127,71,118,36,54,108" hai3="134,63,62,60,80,117,28,8,122,48,16,67,15"/><U9/><E116/><V129/><F108/><W37/><G122/><T25/><D113/><U3/><E109/><V124/><F105/><W120/><G120/><T26/><D128/><U19/><E38/><V133/><F118/><W112/><G37/><T104/><D121/><U23/><E59/><V93/><F129/><W52/><G112/><T87/><D70/><U31/><E31/><V111/><F30/><W11/><G117/><T135/><D35/><U69/><E69/><V100/><F71/><W77/><G28/><T95/><D104/><U125/><E125/><V110/><F36/><W66/><G11/><T74/><D74/><U45/><E45/><V73/><F54/><W114/><G134/><T34/><D34/><U75/><E83/><V68/><F68/><W5/><G5/><T61/><D61/><U91/><E75/><V39/><F39/><W58/><REACH who="3" step="1"/><G114/><REACH who="3" ten="51,412,207,320" step="2"/><T12/><D135/><U49/><E9/><V56/><F133/><W29/><G29/><T79/><D103/><U1/><E19/><V21/><F100/><W65/><G65/><T57/><D27/><U64/><E64/><V126/><F17/><W24/><G24/><T131/><D131/><U55/><E18/><V123/><F123/><W6/><G6/><T51/><D26/><U0/><E23/><V14/><F124/><W88/><G88/><T115/><D25/><U101/><E91/><V53/><F126/><W90/><G90/><T85/><D115/><U84/><E101/><V81/><F127/><W99/><G99/><T47/><D97/><U89/><E98/><V82/><F21/><RYUUKYOKU ba="1,1" sc="51,-10,412,-10,207,-10,320,30" hai3="8,15,16,48,52,58,60,62,63,66,67,77,80" /><INIT seed="6,2,1,3,5,11" ten="41,402,197,350" oya="2" hai0="45,90,35,50,40,100,24,27,75,128,64,109,117" hai1="91,73,92,76,82,49,37,54,113,108,126,62,71" hai2="77,18,69,122,9,123,52,65,67,97,60,59,13" hai3="12,63,8,34,79,3,17,81,32,112,116,51,20"/><V42/><F77/><W135/><G116/><T103/><D109/><U83/><E108/><V127/><F127/><W22/><G63/><T55/><D75/><U6/><E37/><V58/><F42/><W43/><G135/><T120/><D128/><U99/><E126/><V101/><F59/><W7/><G112/><T131/><D131/><U89/><E113/><V111/><F111/><W47/><REACH who="3" step="1"/><G22/><REACH who="3" ten="41,402,197,340" step="2"/><T121/><D117/><U61/><E71/><V133/><F133/><W2/><G2/><T130/><D130/><U15/><E62/><V132/><F132/><W0/><G0/><T88/><D64/><U44/><E61/><V16/><F69/><W119/><G119/><T4/><D121/><U80/><REACH who="1" step="1"/><E91/><REACH who="1" ten="41,392,197,340" step="2"/><N who="0" m="34857" /><D120/><U124/><E124/><V87/><F123/><W98/><G98/><T39/><D103/><U57/><E57/><V68/><F122/><W31/><G31/><T1/><D100/><U134/><E134/><V53/><F68/><W30/><G30/><T70/><D70/><U23/><E23/><N who="2" m="11663" /><F67/><W102/><G102/><T114/><D114/><U56/><E56/><V33/><F97/><W93/><G93/><T72/><D35/><U94/><E94/><V21/><F33/><W118/><G118/><T10/><D72/><AGARI ba="2,3" hai="3,7,8,12,17,20,32,34,43,47,51,72,79,81" machi="72" ten="30,7700,0" yaku="1,1,7,1,52,1,53,1" doraHai="11" doraHaiUra="106" who="3" fromWho="0" sc="41,-83,392,0,197,0,340,113" owari="-42,-54.2,392,19.2,197,-20.3,453,55.3" /></mjloggm>