<mjloggm ver="2.3"><GO type="169" lobby="0"/><UN n0="%E3%81%8D%E3%82%83%E3%83%BC%E3%82%8D%E3%82%93" n1="%E7%B4%AB%E3%81%AE%E9%8F%A1" n2="%E4%BE%8D" n3="%66%53" dan="16,18,18,16" rate="2121.15,2192.97,2232.34,2092.23" sx="M,M,M,M"/><TAIKYOKU oya="0"/><INIT seed="0,0,0,1,3,87" ten="250,250,250,250" oya="0" hai0="3,107,13,113,73,126,98,120,103,135,36,81,69" hai1="54,84,78,48,51,9,66,30,121,83,22,34,31" hai2="61,23,56,10,42,118,75,127,58,33,4,25,102" hai3="17,129,45,68,112,131,44,52,122,117,101,95,80"/><T41/><RYUUKYOKU type="yao9" ba="0,0" sc="250,0,250,0,250,0,250,0" hai0="3,13,36,41,69,73,81,98,103,107,113,120,126,135" /><INIT seed="0,1,0,4,4,99" ten="250,250,250,250" oya="0" hai0="14,68,1,119,19,70,51,131,7,55,120,91,27" hai1="13,31,84,116,74,23,90,8,125,58,43,127,47" hai2="49,93,103,92,39,110,60,98,87,112,71,122,40" hai3="96,64,102,16,38,54,124,126,56,130,133,15,115"/><T66/><D120/><U114/><E74/><V12/><F112/><W129/><G115/><T18/><D119/><U135/><E116/><V17/><F122/><W32/><G38/><T95/><D131/><N who="3" m="50185" /><G32/><T33/><D66/><U69/><E69/><V100/><F39/><W11/><G64/><T45/><D1/><U86/><E135/><V83/><F71/><W30/><G30/><T29/><D7/><U63/><E23/><V105/><F60/><N who="3" m="35863" /><G133/><T65/><D65/><N who="1" m="39159" /><E90/><V80/><F105/><AGARI ba="1,0" hai="11,15,16,96,102,105,124,126" m="35863,50185" machi="105" ten="30,3900,0" yaku="19,1,52,1,54,1" doraHai="99" who="3" fromWho="2" sc="250,0,250,0,250,-42,250,42" /><INIT seed="1,0,0,3,0,100" ten="250,250,208,292" oya="1" hai0="110,35,105,33,54,83,131,11,117,15,108,45,51" hai1="46,48,111,21,13,30,41,129,26,28,3,89,90" hai2="106,101,88,49,125,8,86,20,36,5,50,56,128" hai3="14,114,119,63,112,133,55,58,81,9,2,74,122"/><U43/><E3/><V71/><F36/><W109/><G2/><T115/><D115/><U91/><E129/><V18/><F71/><W12/><G122/><T29/><D117/><U123/><E123/><V40/><F125/><W73/><G119/><T96/><D131/><U75/><E75/><V113/><F113/><W16/><G109/><N who="0" m="42091" /><D83/><U87/><E111/><V84/><F128/><W60/><G73/><T27/><D35/><U124/><E124/><V126/><F84/><W80/><G133/><T99/><D105/><U0/><E0/><V37/><F37/><W121/><G121/><T67/><D67/><U107/><E107/><V95/><F40/><W62/><G112/><T104/><D104/><U98/><E98/><V103/><F126/><W53/><G74/><T59/><D45/><U61/><E41/><V79/><F79/><W127/><G127/><T44/><D44/><U82/><E28/><V7/><F106/><W132/><G132/><T25/><D25/><U42/><E42/><V52/><F50/><N who="3" m="31031" /><G55/><T120/><D120/><U85/><E61/><V19/><F19/><AGARI ba="0,0" hai="11,15,19,27,29,33,51,54,59,96,99" m="42091" machi="19" ten="30,1000,0" yaku="14,1" doraHai="100" who="0" fromWho="2" sc="250,10,250,0,208,-10,292,0" /><INIT seed="2,0,0,3,5,26" ten="260,250,198,292" oya="2" hai0="78,87,51,127,62,8,108,28,132,75,77,117,72" hai1="25,20,56,86,133,128,13,17,54,42,23,112,60" hai2="110,39,97,63,1,58,19,10,104,67,24,91,116" hai3="115,122,15,98,126,114,47,59,57,14,68,12,18"/><V100/><F116/><W92/><G122/><T40/><D108/><U83/><E112/><N who="3" m="43050" /><G68/><T21/><D127/><U4/><E128/><V64/><F39/><W130/><G130/><T45/><D132/><U37/><E133/><V71/><F110/><W43/><G18/><T34/><D34/><U74/><E74/><V81/><F1/><W84/><G84/><T69/><D75/><U119/><E119/><V46/><F46/><W79/><G79/><T55/><D72/><U121/><E121/><V44/><F44/><W118/><G126/><T70/><D70/><U89/><E4/><V22/><F10/><W90/><G118/><T33/><D33/><U106/><E106/><V27/><F27/><W3/><G3/><T107/><D107/><U94/><E37/><AGARI ba="0,0" hai="12,14,15,37,43,47,57,59,90,92,98" m="43050" machi="37" ten="30,1000,0" yaku="11,1" doraHai="26" who="3" fromWho="1" sc="260,0,250,-10,198,0,292,10" /><INIT seed="3,0,0,5,0,25" ten="260,240,198,302" oya="3" hai0="113,73,62,135,97,50,106,12,48,26,44,130,75" hai1="76,128,129,19,34,17,36,127,104,74,82,92,38" hai2="132,61,49,125,60,85,21,122,109,35,79,53,80" hai3="55,56,99,41,91,3,114,32,13,64,33,40,4"/><W18/><G114/><T57/><D130/><N who="1" m="50283" /><E104/><V72/><F35/><W39/><G64/><T24/><D135/><U37/><E34/><V87/><F109/><W6/><G33/><T78/><D113/><U52/><E127/><V83/><F132/><W88/><G32/><T98/><D78/><U42/><E42/><N who="3" m="16490" /><G3/><T124/><D106/><U68/><E68/><V28/><F122/><W120/><G39/><N who="1" m="9986" /><U54/><DORA hai="45" /><E92/><V2/><F2/><W94/><G91/><T43/><D43/><U90/><E90/><N who="2" m="51495" /><F72/><W116/><G116/><T67/><D75/><U112/><E112/><V7/><F7/><W27/><G27/><N who="0" m="10283" /><D73/><U133/><E133/><V84/><F125/><W96/><G96/><N who="0" m="36971" /><D124/><U15/><E17/><V77/><F77/><W46/><G120/><T65/><D65/><U8/><AGARI ba="0,0" hai="8,15,19,52,54,74,76,82" m="9986,50283" machi="8" ten="50,3200,0" yaku="19,1,54,1" doraHai="25,45" who="1" fromWho="1" sc="260,-8,240,32,198,-8,302,-16" /><INIT seed="4,0,0,3,4,43" ten="252,272,190,286" oya="0" hai0="56,55,53,94,119,65,71,2,124,14,24,58,61" hai1="48,1,49,104,78,82,85,59,122,30,131,64,57" hai2="13,103,9,84,126,115,89,36,45,112,134,5,132" hai3="15,29,107,31,116,129,87,106,39,81,21,23,93"/><T66/><D2/><U34/><E122/><V75/><F75/><W8/><G39/><T95/><D119/><U97/><E1/><V77/><F103/><W19/><G116/><T63/><D124/><U91/><E131/><V25/><F77/><W33/><G129/><T113/><D113/><N who="2" m="43594" /><F25/><W60/><G33/><T80/><D80/><U62/><E34/><V46/><F36/><W100/><G106/><T42/><D24/><U70/><E30/><N who="3" m="11274" /><G60/><T0/><D0/><U92/><E70/><V4/><F4/><W86/><G107/><T20/><D71/><U11/><E11/><V37/><F37/><W127/><G127/><T102/><D42/><U32/><E32/><V98/><F98/><N who="3" m="59471" /><G87/><T16/><REACH who="0" step="1"/><D102/><REACH who="0" ten="242,272,190,286" step="2"/><U17/><E82/><N who="2" m="49303" /><F126/><W69/><G69/><T105/><D105/><U130/><E104/><V26/><F26/><W83/><G81/><T88/><D88/><AGARI ba="0,1" hai="8,15,19,21,23,83,86,88" m="59471,11274" machi="88" ten="30,2000,0" yaku="8,1,54,1" doraHai="43" who="3" fromWho="0" sc="242,-20,272,0,190,0,286,30" /><INIT seed="5,0,0,2,4,85" ten="222,272,190,316" oya="1" hai0="76,17,133,103,9,104,35,32,96,86,7,116,74" hai1="120,24,42,135,99,54,90,1,73,87,45,111,43" hai2="30,6,63,126,10,81,75,108,94,113,68,107,5" hai3="58,114,14,38,105,26,44,109,25,122,40,59,27"/><U82/><E120/><V102/><F108/><W131/><G109/><T77/><D116/><U39/><E111/><V88/><F126/><W23/><G122/><T19/><D133/><U36/><E135/><V28/><F113/><W66/><G105/><T70/><D70/><U129/><E1/><V48/><F48/><W91/><G114/><T71/><D71/><U127/><E127/><V67/><F107/><W56/><G131/><T0/><D74/><U62/><E129/><V121/><F121/><W83/><G66/><T51/><D77/><U117/><E117/><V125/><F125/><W78/><G14/><T52/><D19/><U80/><E99/><V50/><F102/><W16/><REACH who="3" step="1"/><G91/><REACH who="3" ten="222,272,190,306" step="2"/><T57/><D76/><U8/><E90/><V55/><F94/><W84/><AGARI ba="0,1" hai="16,23,25,26,27,38,40,44,56,58,59,78,83,84" machi="84" ten="30,7900,0" yaku="1,1,2,1,0,1,54,1,53,0" doraHai="85" doraHaiUra="112" who="3" fromWho="3" sc="222,-20,272,-39,190,-20,306,89" /><INIT seed="6,0,0,4,1,49" ten="202,233,170,395" oya="2" hai0="87,22,5,101,84,53,17,48,124,97,29,11,33" hai1="123,75,34,42,47,133,57,66,83,26,45,51,50" hai2="89,92,126,91,72,127,106,114,38,76,31,98,118" hai3="16,81,25,18,117,58,86,19,125,39,1,65,15"/><V44/><F31/><W111/><G111/><T129/><D129/><U103/><E133/><V82/><F38/><W74/><G74/><T68/><D68/><U9/><E123/><V132/><F44/><W131/><G117/><T85/><D124/><N who="2" m="47658" /><F118/><W107/><G1/><T96/><D33/><U116/><E116/><V27/><F27/><W32/><G39/><T69/><D69/><U8/><E103/><N who="2" m="62839" /><F114/><W54/><G131/><T3/><D29/><U115/><E115/><V2/><F2/><W70/><G25/><T80/><D80/><U21/><E34/><V41/><F41/><W23/><G32/><T4/><D4/><U60/><E75/><V63/><F63/><W93/><G65/><T6/><D6/><U90/><E90/><N who="2" m="34315" /><F92/><W35/><G93/><T77/><D77/><U121/><E26/><V13/><F13/><W109/><G70/><T24/><REACH who="0" step="1"/><D101/><REACH who="0" ten="192,233,170,395" step="2"/><U105/><E83/><V119/><F119/><W59/><G35/><T79/><D79/><U71/><E71/><V108/><F108/><W40/><G109/><T0/><D0/><U43/><E121/><V104/><F104/><W36/><G107/><T37/><D37/><U7/><E105/><V88/><N who="2" m="34323" /><V64/><DORA hai="130" /><F64/><W46/><G125/><T78/><D78/><U128/><E128/><V99/><F99/><W30/><G30/><T102/><D102/><U100/><E100/><V20/><F132/><W62/><G81/><T134/><D134/><U10/><E7/><V135/><F135/><W113/><G19/><T56/><AGARI ba="0,1" hai="3,5,11,17,22,24,48,53,56,84,85,87,96,97" machi="56" ten="30,4000,0" yaku="1,1,0,1,52,1,53,0" doraHai="49,130" doraHaiUra="28,122" who="0" fromWho="0" sc="192,50,233,-10,170,-20,395,-10" /><INIT seed="7,0,0,3,1,103" ten="242,223,150,385" oya="3" hai0="65,124,75,90,70,112,120,56,67,60,133,94,82" hai1="123,20,71,93,68,69,37,117,30,34,44,66,99" hai2="16,55,132,109,29,89,129,45,105,57,96,31,135" hai3="38,59,72,22,98,33,122,53,81,131,17,11,107"/><W92/><G107/><T28/><D120/><U113/><E123/><V8/><F109/><W49/><G33/><T126/><D133/><U79/><E34/><V84/><F129/><W76/><G38/><T0/><D0/><U39/><E66/><V95/><F45/><W110/><G110/><T102/><D102/><U101/><E113/><V54/><F31/><W51/><G131/><T1/><D1/><U106/><E117/><V14/><F29/><W6/><G51/><T114/><D28/><U63/><E63/><V19/><F19/><W43/><G43/><T7/><D7/><U32/><E93/><V100/><REACH who="2" step="1"/><F55/><REACH who="2" ten="242,223,140,385" step="2"/><N who="3" m="32239" /><G17/><T36/><D67/><U25/><E44/><V111/><F111/><W3/><G53/><T35/><D65/><U85/><REACH who="1" step="1"/><E32/><REACH who="1" ten="242,213,140,385" step="2"/><V83/><F83/><AGARI ba="0,2" hai="20,25,30,37,39,68,69,71,79,83,85,99,101,106" machi="83" ten="40,12000,2" yaku="1,1,2,1,52,1,53,3" doraHai="103" doraHaiUra="64" who="1" fromWho="2" sc="242,0,213,140,140,-120,385,0" owari="242,-15.8,353,15.3,20,-48.0,385,48.5" /></mjloggm>