<mjloggm ver="2.3"><GO type="169" lobby="0"/><UN n0="%E5%AD%A4%E7%8B%AC%E6%82%A3%E8%80%85" n1="%E6%99%AE%E9%9C%B2%E9%9C%B2" n2="%E3%82%B3%E3%81%98%E3%81%95%E3%82%93%EF%BC%9F" n3="%53%6F%6C%69%74%6F%6E" dan="16,16,17,17" rate="2065.32,2122.09,2141.24,2150.95" sx="M,M,M,M"/><TAIKYOKU oya="0"/><INIT seed="0,0,0,5,5,2" ten="250,250,250,250" oya="0" hai0="10,82,95,30,78,62,9,44,89,20,131,119,85" hai1="121,63,80,57,105,33,38,68,41,45,66,64,24" hai2="7,19,15,76,8,34,96,18,70,112,60,83,93" hai3="69,114,86,90,94,25,130,125,129,55,72,32,75"/><T67/><D119/><U6/><E121/><V26/><F112/><W122/><G114/><T46/><D131/><N who="3" m="50185" /><G69/><T39/><D30/><U52/><E105/><V16/><F70/><W11/><G122/><T49/><D39/><U74/><E33/><V47/><F60/><W98/><G125/><T43/><D20/><U108/><E24/><V87/><F47/><W31/><G55/><T127/><D46/><U3/><E108/><V88/><F34/><W81/><G11/><T111/><D111/><U84/><E74/><V100/><REACH who="2" step="1"/><F26/><REACH who="2" ten="250,250,240,250" step="2"/><W109/><G109/><T17/><D127/><U28/><E68/><V53/><F53/><W22/><G32/><T103/><D103/><AGARI ba="0,1" hai="7,8,15,16,18,19,76,83,87,88,93,96,100,103" machi="103" ten="40,12000,2" yaku="1,1,8,1,52,1,54,2,53,1" doraHai="2" doraHaiUra="92" who="2" fromWho="0" sc="250,-120,250,0,240,130,250,0" /><AGARI ba="0,0" hai="22,25,31,72,75,81,86,90,94,98,103" m="50185" machi="103" ten="30,1000,0" yaku="19,1" doraHai="2" who="3" fromWho="0" sc="130,-10,250,0,370,0,250,10" /><INIT seed="1,0,0,5,1,79" ten="120,250,370,260" oya="1" hai0="0,44,102,128,98,104,54,71,52,117,118,120,58" hai1="126,103,47,49,73,50,87,31,9,11,18,135,130" hai2="8,10,132,7,33,13,105,81,35,25,124,26,66" hai3="94,36,3,60,113,92,64,122,55,110,97,27,51"/><U91/><E126/><V123/><F105/><W78/><G36/><T76/><D71/><U45/><E73/><V96/><F123/><W86/><G3/><T4/><D120/><U23/><E130/><V17/><F124/><W24/><G122/><T1/><D128/><U30/><E103/><V95/><F66/><W90/><G113/><T82/><D44/><U131/><E131/><V83/><F132/><W15/><G110/><T107/><D107/><U62/><E62/><V20/><F10/><N who="1" m="3593" /><E47/><V112/><F112/><W133/><G15/><T75/><D54/><N who="1" m="29999" /><E50/><V100/><REACH who="2" step="1"/><F26/><REACH who="2" ten="120,250,360,260" step="2"/><W69/><G133/><T119/><REACH who="0" step="1"/><D4/><REACH who="0" ten="110,250,360,260" step="2"/><U88/><E135/><V109/><F109/><W111/><G111/><T38/><D38/><U37/><E37/><V74/><F74/><W77/><G27/><T67/><D67/><U65/><E65/><V16/><F16/><W115/><G24/><T42/><D42/><U6/><E6/><V89/><F89/><W5/><G5/><T34/><D34/><AGARI ba="0,2" hai="7,8,13,17,20,25,33,34,35,81,83,95,96,100" machi="34" ten="40,8000,1" yaku="1,1,52,2,53,1" doraHai="79" doraHaiUra="19" who="2" fromWho="0" sc="110,-80,250,0,360,100,260,0" /><INIT seed="2,0,0,3,5,27" ten="30,250,460,260" oya="2" hai0="74,24,23,60,37,59,14,104,113,116,78,5,81" hai1="38,89,19,21,52,55,41,64,47,11,8,112,123" hai2="49,51,82,3,128,16,88,103,117,56,62,120,127" hai3="10,83,67,111,115,107,4,68,92,66,48,7,72"/><V101/><F117/><W18/><G107/><T108/><D108/><U36/><E112/><V93/><F120/><W43/><G68/><T96/><D116/><U63/><E38/><V87/><F3/><W110/><G92/><T106/><D113/><U42/><E42/><V85/><F127/><W131/><G115/><T100/><D37/><U17/><E123/><V26/><F128/><W13/><G131/><T45/><D45/><U20/><E89/><V80/><F51/><W121/><G121/><T133/><D133/><U2/><E2/><V75/><F49/><W84/><G72/><T50/><D50/><U105/><E105/><V119/><F75/><W95/><G95/><T40/><D40/><U46/><E41/><V57/><F57/><W130/><G130/><T69/><D69/><U1/><E1/><V135/><F135/><W0/><G7/><T25/><D106/><U30/><E36/><V53/><F119/><W70/><G70/><T33/><D33/><U90/><E90/><N who="2" m="51495" /><F93/><W99/><G48/><T31/><D25/><U12/><E12/><V35/><F35/><W97/><G43/><T22/><D22/><AGARI ba="0,0" hai="16,22,26,53,56,62,82,87,88,101,103" m="51495" machi="22" ten="30,5800,0" yaku="8,1,54,2" doraHai="27" who="2" fromWho="0" sc="30,-58,250,0,460,58,260,0" owari="-28,-52.8,250,-15.0,518,61.8,260,6.0" /></mjloggm>