<mjloggm ver="2.3"><GO type="169" lobby="0"/><UN n0="%E2%80%A0%E7%99%BD%E5%85%8E%E2%80%A0" n1="%E7%88%86%E7%89%8C%E3%82%A6%E3%82%B7%E3%82%B8%E3%83%9E%E3%81%8F%E3%82%93" n2="%53%6F%6C%69%74%6F%6E" n3="%E3%81%8B%E3%82%8F%E3%81%97%E3%81%83" dan="18,19,17,16" rate="2194.65,2258.80,2145.67,2130.52" sx="M,M,M,M"/><TAIKYOKU oya="0"/><INIT seed="0,0,0,4,2,13" ten="250,250,250,250" oya="0" hai0="128,65,23,127,49,9,3,125,63,33,78,116,47" hai1="96,70,67,83,92,66,30,99,100,121,80,122,88" hai2="32,130,101,89,19,82,41,85,104,1,105,120,25" hai3="64,118,38,60,40,102,10,123,21,87,48,51,5"/><T24/><D116/><U20/><E121/><V12/><F120/><W135/><G118/><T110/><D33/><U2/><E2/><V112/><F130/><W134/><G123/><T22/><D78/><U75/><E122/><V69/><F69/><W132/><G102/><T58/><D128/><U18/><E30/><V77/><F1/><W107/><G107/><T29/><D110/><U45/><E45/><V55/><F112/><W86/><G38/><T43/><REACH who="0" step="1"/><D22/><REACH who="0" ten="240,250,250,250" step="2"/><U73/><E73/><V90/><F77/><W0/><G21/><T15/><D15/><U54/><E75/><V84/><F32/><W11/><G11/><T39/><D39/><U91/><E20/><V95/><F25/><W61/><G61/><T71/><D71/><U76/><E76/><V44/><F101/><W46/><G48/><T36/><D36/><U7/><E70/><AGARI ba="0,1" hai="0,5,10,40,46,51,60,64,70,86,87,132,134,135" machi="70" ten="40,1300,0" yaku="20,1" doraHai="13" who="3" fromWho="1" sc="240,0,250,-13,250,0,250,23" /><INIT seed="1,0,0,0,3,57" ten="240,237,250,273" oya="1" hai0="132,58,45,53,62,78,112,33,81,38,35,76,82" hai1="48,49,51,107,135,31,101,65,8,59,4,0,23" hai2="133,21,1,126,20,73,99,26,109,104,66,54,111" hai3="22,119,94,70,75,83,89,116,6,85,40,71,63"/><U19/><E135/><V92/><F73/><W7/><G40/><T118/><D112/><U25/><E107/><V29/><F1/><W9/><G22/><T15/><D118/><N who="3" m="45097" /><G75/><T110/><D110/><N who="2" m="41994" /><F133/><W91/><G63/><T87/><D132/><U130/><E101/><V43/><F126/><W90/><G7/><T95/><D95/><U37/><E37/><V68/><F104/><W44/><G44/><T3/><D3/><U13/><E130/><V64/><F43/><W67/><G67/><T17/><D45/><U100/><E100/><N who="2" m="60519" /><F68/><N who="3" m="26155" /><G94/><T2/><D38/><U16/><E0/><AGARI ba="0,0" hai="0,6,9,83,85,89,90,91" m="26155,45097" machi="0" ten="30,1000,0" yaku="12,1" doraHai="57" who="3" fromWho="1" sc="240,0,237,-10,250,0,273,10" /><INIT seed="2,0,0,1,3,129" ten="240,227,250,283" oya="2" hai0="32,119,68,94,83,135,124,84,79,6,100,52,39" hai1="60,76,33,36,107,48,20,134,66,62,117,3,125" hai2="7,46,128,113,92,29,130,14,9,45,22,78,12" hai3="87,59,23,71,101,90,28,74,19,102,82,95,120"/><V42/><F113/><W37/><G37/><T50/><D124/><U2/><E36/><V53/><F78/><W8/><G71/><T69/><D39/><U27/><E117/><V116/><F116/><W110/><G120/><T89/><D119/><U56/><E107/><V24/><F92/><W123/><G123/><T109/><D32/><U111/><E125/><V38/><REACH who="2" step="1"/><F14/><REACH who="2" ten="240,227,240,283" step="2"/><W11/><G74/><T64/><D79/><U132/><E76/><V77/><F77/><W13/><G110/><T47/><D109/><U122/><E111/><V93/><F93/><W57/><G82/><T133/><D6/><U34/><E122/><V104/><F104/><W63/><G28/><T5/><D5/><U73/><E73/><V108/><F108/><W81/><G81/><T4/><D4/><U61/><E3/><V112/><F112/><W16/><G101/><T54/><D100/><U58/><E2/><V115/><F115/><W1/><G102/><T67/><D94/><U118/><E118/><V126/><F126/><W131/><G131/><T72/><D72/><U91/><E91/><V65/><F65/><N who="3" m="39151" /><G1/><T88/><D89/><U15/><E15/><V30/><F30/><W0/><G0/><T103/><D103/><U49/><E66/><N who="0" m="25129" /><D68/><U43/><E33/><V40/><F40/><W70/><G70/><T26/><D69/><U85/><E34/><V35/><F35/><W41/><G41/><N who="0" m="24943" /><D26/><U121/><E27/><V86/><F86/><W51/><G19/><T55/><D83/><U17/><E121/><V98/><F98/><W106/><G106/><T97/><D97/><RYUUKYOKU ba="0,1" sc="240,10,227,-30,240,10,283,10" hai0="52,54,55,84,88,133,135" hai2="7,9,12,22,24,29,38,42,45,46,53,128,130" hai3="8,11,13,16,23,51,59,87,90,95" /><INIT seed="2,1,1,1,5,5" ten="250,197,250,293" oya="2" hai0="36,76,75,44,80,135,108,77,121,105,102,127,72" hai1="49,46,126,10,104,68,65,1,93,85,51,58,38" hai2="52,112,33,7,131,113,15,92,95,116,19,26,134" hai3="67,41,111,132,106,57,39,16,86,87,17,101,133"/><V18/><F116/><W74/><G74/><T9/><D121/><U43/><E104/><V99/><F131/><W88/><G111/><T119/><D108/><U24/><E126/><V73/><F73/><W32/><G32/><T34/><D34/><U89/><E68/><V107/><F107/><W28/><G28/><T59/><D135/><N who="3" m="51785" /><G86/><T63/><D127/><U90/><E24/><V11/><F134/><W83/><G39/><T55/><D119/><U54/><E65/><V50/><F95/><W91/><G91/><T21/><D21/><U120/><E120/><V110/><F110/><W12/><G41/><T6/><D102/><U3/><E38/><V125/><F125/><W14/><G14/><T8/><D105/><U81/><REACH who="1" step="1"/><E10/><REACH who="1" ten="250,187,250,293" step="2"/><V94/><F113/><W37/><G37/><T64/><D36/><U31/><E31/><V4/><F112/><W128/><G128/><T60/><D9/><U35/><E35/><V71/><F71/><W122/><G122/><T84/><D8/><U45/><E45/><N who="2" m="27727" /><F33/><W100/><G106/><T70/><D44/><U0/><E0/><V53/><F26/><W29/><G29/><T66/><D70/><U62/><E62/><V40/><F11/><N who="3" m="6175" /><G17/><T109/><D109/><U103/><E103/><V118/><F18/><W30/><G30/><T123/><D123/><U82/><E82/><V27/><F19/><W124/><G124/><T42/><D80/><U48/><E48/><V117/><F27/><W61/><AGARI ba="1,2" hai="57,61,67,83,87,88,100,101" m="6175,51785" machi="61" ten="30,7900,0" yaku="20,1,52,1,54,2" doraHai="5" who="3" fromWho="3" sc="250,-21,187,-21,250,-40,293,102" /><INIT seed="3,0,0,5,0,121" ten="229,166,210,395" oya="3" hai0="21,79,54,82,112,60,71,97,55,9,6,106,99" hai1="50,33,108,85,102,65,110,131,78,11,114,62,67" hai2="30,107,38,19,126,26,86,2,92,111,76,119,39" hai3="98,127,133,81,72,104,47,58,24,37,5,73,56"/><W22/><G127/><T94/><D112/><U36/><E114/><V100/><F119/><W16/><G133/><T59/><D71/><U128/><E36/><V52/><F2/><W134/><G134/><T74/><D106/><U27/><E102/><V48/><F126/><W12/><G104/><T1/><D21/><U130/><E50/><V69/><F69/><W51/><G37/><T0/><D0/><U87/><E11/><V96/><F19/><W35/><G98/><T125/><D125/><U135/><E135/><V18/><F18/><W61/><G81/><T42/><D42/><U115/><E115/><V88/><F76/><W53/><G56/><T83/><D83/><N who="1" m="47351" /><E87/><V46/><REACH who="2" step="1"/><F111/><REACH who="2" ten="229,166,200,395" step="2"/><N who="1" m="42537" /><E62/><V23/><AGARI ba="0,1" hai="23,26,30,38,39,46,48,52,86,88,92,96,100,107" machi="23" ten="20,12000,2" yaku="1,1,0,1,7,1,54,2,53,1" doraHai="121" doraHaiUra="25" who="2" fromWho="2" sc="229,-30,166,-30,200,130,395,-60" /><INIT seed="4,0,0,3,1,93" ten="199,136,330,335" oya="0" hai0="63,107,133,45,37,25,35,79,54,129,12,7,121" hai1="120,31,84,111,23,16,114,28,15,51,113,78,33" hai2="1,88,57,91,130,100,92,0,125,70,44,109,97" hai3="19,98,108,36,126,105,6,58,122,62,20,34,56"/><T18/><D121/><U112/><E111/><V43/><F70/><W29/><G108/><T68/><D129/><U83/><E120/><V8/><F109/><W119/><G119/><T99/><D133/><U64/><E33/><V52/><F130/><W128/><G36/><T116/><D79/><U80/><E64/><V124/><F44/><W106/><G126/><N who="2" m="48745" /><F43/><W85/><G128/><T87/><D87/><U118/><E118/><V13/><F13/><W101/><G106/><T53/><D7/><U11/><E51/><N who="2" m="30879" /><F8/><W4/><G122/><T49/><D37/><U132/><E132/><V73/><F73/><W21/><G58/><T75/><D75/><U38/><E38/><V14/><F14/><W104/><G104/><T77/><D116/><U32/><E32/><V110/><F110/><W47/><G47/><T81/><D49/><U50/><E50/><V27/><F27/><N who="3" m="16615" /><G85/><T5/><D45/><U17/><REACH who="1" step="1"/><E83/><REACH who="1" ten="199,126,330,335" step="2"/><V131/><F131/><W76/><G34/><T69/><D81/><U2/><E2/><AGARI ba="0,1" hai="0,1,2,88,91,92,97,100" m="30879,48745" machi="2" ten="30,7700,0" yaku="18,1,52,1,54,2" doraHai="93" who="2" fromWho="1" sc="199,0,126,-77,330,87,335,0" /><INIT seed="5,0,0,4,5,126" ten="199,49,417,335" oya="1" hai0="37,8,123,54,18,105,43,33,114,96,120,116,88" hai1="133,15,27,60,130,29,2,32,0,55,98,124,28" hai2="127,71,48,20,69,89,101,3,94,42,117,34,115" hai3="99,30,77,93,13,66,52,61,106,83,67,72,24"/><U109/><E124/><V80/><F115/><W1/><G1/><T39/><D116/><U56/><E133/><V51/><F117/><W59/><G106/><T49/><D33/><U86/><E109/><V62/><F34/><W107/><G107/><T92/><D105/><U121/><E121/><N who="0" m="46665" /><D43/><U31/><E98/><V119/><F3/><W122/><G13/><N who="0" m="7463" /><D114/><U16/><E2/><V90/><F119/><W102/><REACH who="3" step="1"/><G122/><REACH who="3" ten="199,49,417,325" step="2"/><T47/><AGARI ba="0,1" hai="37,39,47,49,54,88,92,96" m="7463,46665" machi="47" ten="30,2000,0" yaku="13,1,54,1" doraHai="126" who="0" fromWho="0" sc="199,30,49,-10,417,-5,325,-5" /><INIT seed="6,0,0,3,3,79" ten="229,39,412,320" oya="2" hai0="23,15,46,134,90,99,114,45,8,38,68,95,32" hai1="97,71,131,72,122,105,43,87,85,11,128,19,93" hai2="50,124,33,91,6,61,89,55,103,5,62,18,83" hai3="3,39,4,34,60,1,28,49,59,94,123,58,37"/><V69/><F33/><W31/><G123/><T47/><D32/><U118/><E71/><V129/><F69/><W14/><G34/><T102/><D68/><U112/><E43/><V30/><F124/><W44/><G94/><T81/><D114/><U65/><E65/><V22/><F30/><W127/><G127/><T117/><D117/><U116/><E11/><V64/><F103/><W100/><G100/><T56/><D134/><U2/><E2/><V70/><F129/><N who="1" m="49737" /><E19/><V82/><F70/><W135/><G135/><T24/><D56/><U96/><E72/><V86/><F64/><W73/><G73/><T21/><D38/><U126/><E126/><V17/><F61/><W0/><G37/><T111/><D24/><U10/><E10/><V67/><F62/><W120/><G120/><T110/><D110/><U35/><E35/><V41/><F41/><W113/><G113/><T52/><D52/><U107/><E122/><V13/><F18/><W92/><G39/><T88/><D111/><U80/><E112/><V77/><F67/><N who="3" m="39319" /><G92/><T66/><D66/><U106/><E87/><N who="2" m="50431" /><F77/><W27/><G59/><AGARI ba="0,0" hai="5,6,13,17,22,50,55,59,82,86,91" m="50431" machi="59" ten="30,5800,0" yaku="8,1,52,2" doraHai="79" who="2" fromWho="3" sc="229,0,39,0,412,58,320,-58" /><INIT seed="6,1,0,5,4,71" ten="229,39,470,262" oya="2" hai0="39,38,68,132,25,101,99,27,126,109,47,125,60" hai1="121,24,66,127,110,108,26,115,134,23,34,5,98" hai2="51,106,96,73,10,81,114,76,41,28,67,12,29" hai3="116,4,88,93,124,58,13,45,18,82,44,80,120"/><V7/><F114/><W74/><G120/><T59/><D109/><U118/><E66/><V54/><F67/><W91/><G116/><T40/><D68/><U55/><E55/><V62/><F62/><W33/><G33/><T19/><D132/><U36/><E36/><N who="0" m="13865" /><D19/><U75/><E75/><V50/><F41/><W57/><G124/><N who="0" m="47723" /><D47/><N who="3" m="17993" /><G4/><T102/><D40/><U133/><E127/><V31/><F54/><W83/><G74/><T77/><D77/><U35/><E98/><V53/><F53/><W97/><G91/><T104/><D101/><U70/><E70/><V78/><F78/><W65/><G65/><AGARI ba="1,0" hai="25,27,59,60,65,99,102,104" m="47723,13865" machi="65" ten="30,7700,0" yaku="18,1,52,3" doraHai="71" who="0" fromWho="3" sc="229,80,39,0,470,0,262,-80" /><INIT seed="7,0,0,0,0,57" ten="309,39,470,182" oya="3" hai0="103,60,22,125,113,119,37,20,5,63,46,53,92" hai1="102,9,110,48,116,133,115,59,76,111,41,34,68" hai2="38,132,131,77,124,64,87,14,134,127,72,90,39" hai3="107,112,71,117,121,45,49,47,74,123,2,100,30"/><W86/><G74/><T26/><D119/><U99/><E34/><V96/><F131/><W129/><G117/><T27/><D5/><U12/><E116/><V15/><F64/><W81/><G2/><T89/><D103/><U126/><E68/><V25/><F25/><W118/><G118/><T65/><D125/><N who="2" m="48202" /><F96/><W114/><G71/><T95/><D65/><U83/><E126/><V54/><F54/><W94/><G107/><T3/><D3/><U82/><E115/><N who="3" m="44074" /><G30/><T58/><D113/><U8/><E133/><N who="2" m="51307" /><F77/><N who="3" m="46383" /><G129/><T85/><D26/><U52/><E41/><V91/><F72/><W17/><G17/><T109/><D27/><U130/><E130/><V40/><F91/><W55/><G45/><T35/><D95/><U79/><E79/><V106/><F106/><W13/><G13/><N who="2" m="4617" /><F40/><W6/><G6/><T51/><D92/><AGARI ba="0,0" hai="38,39,87,90,92" m="4617,51307,48202" machi="92" ten="30,2000,0" yaku="18,1,20,1" doraHai="57" who="2" fromWho="0" sc="309,-20,39,0,470,20,182,0" owari="289,8.9,39,-46.1,490,59.0,182,-21.8" /></mjloggm>