<mjloggm ver="2.3"><GO type="169" lobby="0"/><UN n0="%E3%81%AA%E3%81%AA%E3%81%BF%EF%BC%A0%E5%8F%B2%E7%9A%AE%E8%BB%8D%E5%9B%A3" n1="%61%6B%69%62%61%62%61%6E" n2="%61%6D%61%69%6B%61" n3="%67%61%79%75%6E%79" dan="17,17,17,17" rate="2143.61,2194.90,2185.61,2209.29" sx="M,M,M,M"/><TAIKYOKU oya="0"/><INIT seed="0,0,0,0,1,55" ten="250,250,250,250" oya="0" hai0="10,72,115,80,28,21,98,64,31,87,14,124,43" hai1="18,67,83,39,93,82,92,38,73,94,59,29,108" hai2="131,40,32,56,1,41,2,126,58,127,4,77,49" hai3="79,44,135,118,8,63,71,15,19,11,96,123,65"/><T33/><D115/><U68/><E68/><V109/><F32/><W22/><G118/><T57/><D33/><U30/><E108/><V116/><F109/><W113/><G113/><T91/><D124/><N who="2" m="47658" /><F116/><W27/><G135/><T100/><D43/><N who="2" m="16458" /><F49/><W103/><G79/><T76/><D21/><U26/><E73/><V50/><F50/><W7/><G123/><T125/><D125/><U114/><E114/><V78/><F131/><W12/><G44/><T70/><D70/><U85/><E82/><V37/><F37/><W107/><REACH who="3" step="1"/><G11/><REACH who="3" ten="250,250,250,240" step="2"/><T84/><D72/><U88/><E38/><V69/><F69/><W6/><G6/><T86/><D76/><N who="2" m="29290" /><F4/><W47/><G47/><T117/><D117/><U66/><E39/><V46/><F46/><W35/><G35/><T75/><D75/><U129/><E129/><V52/><F52/><W34/><G34/><T16/><D16/><U24/><E18/><V132/><F132/><W5/><G5/><T106/><D10/><U62/><E67/><V9/><F9/><W99/><G99/><T61/><D28/><AGARI ba="0,1" hai="24,26,28,29,30,59,62,66,83,85,88,92,93,94" machi="28" ten="40,5200,0" yaku="8,1,52,1,54,1" doraHai="55" who="1" fromWho="0" sc="250,-52,250,62,250,0,240,0" /><INIT seed="1,0,0,2,3,81" ten="198,312,250,240" oya="1" hai0="117,39,36,74,22,66,32,116,3,122,126,61,69" hai1="13,78,132,135,6,75,95,52,120,19,9,45,133" hai2="85,125,105,103,127,99,55,123,80,89,8,59,110" hai3="108,0,41,131,104,73,24,17,2,119,29,79,57"/><U64/><E120/><V1/><F123/><W76/><G104/><T26/><D122/><U118/><E118/><V63/><REACH who="2" step="1"/><F110/><REACH who="2" ten="198,312,240,240" step="2"/><W128/><G108/><T111/><D111/><U102/><E135/><V4/><AGARI ba="0,1" hai="1,4,8,55,59,63,80,85,89,99,103,105,125,127" machi="4" ten="30,8000,1" yaku="1,1,2,1,0,1,52,1,53,1" doraHai="81" doraHaiUra="54" who="2" fromWho="2" sc="198,-20,312,-40,240,90,240,-20" /><INIT seed="2,0,0,4,5,41" ten="178,272,330,220" oya="2" hai0="129,93,105,77,70,91,74,121,75,123,24,90,72" hai1="132,29,43,56,36,81,71,32,89,44,54,99,88" hai2="62,22,109,115,53,13,113,131,57,0,17,38,107" hai3="102,58,7,26,92,122,31,82,51,49,114,34,116"/><V9/><F107/><W87/><G122/><T98/><D70/><U63/><E132/><V97/><F131/><W119/><G114/><T48/><D24/><U55/><E32/><V37/><F97/><W117/><G7/><T125/><D129/><U11/><E29/><V76/><F76/><W79/><G58/><T128/><D128/><U6/><E71/><V100/><F100/><W10/><G10/><T15/><D125/><U39/><E39/><V23/><F109/><W45/><G51/><T3/><D3/><U8/><E8/><V47/><F37/><W127/><G127/><T96/><D15/><U73/><E99/><V25/><F0/><W133/><G133/><T35/><D48/><U103/><E103/><V135/><F135/><W40/><G92/><N who="0" m="56351" /><D35/><U130/><E55/><V12/><F12/><W61/><G61/><T33/><D33/><U21/><E21/><V69/><F23/><W95/><G95/><T30/><D30/><U80/><E130/><V67/><F69/><W28/><G28/><T106/><D121/><U60/><E60/><V52/><F115/><W16/><REACH who="3" step="1"/><G102/><REACH who="3" ten="178,272,330,210" step="2"/><T50/><D50/><U78/><REACH who="1" step="1"/><E80/><REACH who="1" ten="178,262,330,210" step="2"/><V64/><F113/><W134/><G134/><T104/><D123/><U86/><E86/><V19/><F38/><W20/><G20/><T111/><D111/><U108/><E108/><V27/><F27/><W94/><G94/><T14/><D14/><AGARI ba="0,2" hai="6,11,14,36,43,44,54,56,63,73,78,81,88,89" machi="14" ten="30,7700,0" yaku="1,1,7,1,52,1,54,1,53,0" doraHai="41" doraHaiUra="124" who="1" fromWho="0" sc="178,-77,262,97,330,0,210,0" /><INIT seed="3,0,0,0,5,1" ten="101,359,330,210" oya="3" hai0="78,55,118,48,86,11,84,57,117,80,114,4,105" hai1="74,45,17,128,13,9,135,2,92,20,69,19,59" hai2="132,75,3,107,44,129,53,8,61,29,58,15,6" hai3="5,46,73,34,103,70,77,120,115,100,87,101,104"/><W111/><G70/><T71/><D114/><U94/><E69/><V47/><F129/><W65/><G65/><T106/><D71/><U64/><E128/><V131/><F131/><W35/><G104/><T81/><D117/><U133/><E74/><V50/><F132/><N who="1" m="50761" /><E45/><V56/><F75/><W93/><G73/><T51/><D118/><U30/><E30/><V102/><F29/><W43/><G120/><T21/><D21/><U62/><E2/><V122/><F122/><W22/><G115/><T134/><D134/><U119/><E119/><V63/><F3/><W79/><G79/><T99/><D99/><U112/><E112/><V98/><REACH who="2" step="1"/><F50/><REACH who="2" ten="101,359,320,210" step="2"/><W33/><G111/><T83/><D51/><U26/><AGARI ba="0,1" hai="9,13,17,19,20,26,59,62,64,92,94" m="50761" machi="26" ten="30,1100,0" yaku="20,1" doraHai="1" who="1" fromWho="1" sc="101,-3,359,21,320,-3,210,-5" /><INIT seed="4,0,0,2,0,92" ten="98,380,317,205" oya="0" hai0="51,103,12,67,106,102,45,125,65,130,7,109,11" hai1="81,132,3,119,52,68,2,60,124,20,14,55,18" hai2="79,95,27,82,66,33,76,127,59,89,104,78,116" hai3="13,77,100,16,38,10,115,126,30,42,123,26,23"/><T21/><D130/><U114/><E119/><V84/><F127/><W108/><G126/><T50/><D125/><U133/><E124/><V99/><F116/><W121/><G108/><T4/><D109/><U72/><E114/><V75/><F66/><W118/><G118/><T49/><D45/><U39/><E39/><V58/><F58/><W80/><G115/><T70/><D70/><U6/><E68/><V93/><F59/><W101/><G42/><T111/><D111/><U74/><E60/><V71/><F71/><W94/><G38/><T8/><D21/><U88/><E72/><V90/><F27/><W47/><G47/><T91/><D91/><U73/><E74/><V105/><F33/><W35/><G35/><T112/><D112/><U61/><E61/><V86/><F75/><N who="3" m="43071" /><G94/><T0/><REACH who="0" step="1"/><D106/><AGARI ba="0,0" hai="76,78,79,82,84,86,89,90,93,95,99,104,105,106" machi="106" ten="40,12000,2" yaku="35,6,52,1" doraHai="92" who="2" fromWho="0" sc="98,-120,380,0,317,120,205,0" owari="-22,-52.2,380,18.0,437,53.7,205,-19.5" /></mjloggm>