<mjloggm ver="2.3"><GO type="169" lobby="0"/><UN n0="%E3%81%8B%E3%82%88%E3%81%A1%E3%82%83%E3%82%93%E3%81%AE%E6%97%A6%E9%82%A3" n1="%E3%81%B3%E3%82%8D%E3%81%B4%E3%82%8D" n2="%E6%9C%8B%E4%B9%9F%40" n3="%61%6D%61%69%6B%61" dan="16,16,16,17" rate="2113.77,2173.31,2184.15,2164.95" sx="M,M,F,M"/><TAIKYOKU oya="0"/><INIT seed="0,0,0,2,0,126" ten="250,250,250,250" oya="0" hai0="73,104,95,42,111,118,2,131,31,128,60,11,6" hai1="74,8,47,67,99,4,112,96,110,23,124,125,37" hai2="123,3,134,122,58,21,115,66,36,33,57,9,40" hai3="62,121,84,103,45,22,79,97,34,43,127,78,90"/><T88/><D118/><U29/><E74/><V106/><F106/><W38/><G127/><N who="1" m="48714" /><E67/><V87/><F33/><W59/><G34/><T114/><D114/><U12/><E110/><V98/><F98/><W108/><G108/><T101/><D111/><U132/><E132/><V52/><F134/><W93/><G22/><T91/><D73/><U102/><E112/><V120/><F115/><W63/><G121/><T13/><D42/><N who="1" m="22991" /><E102/><V81/><F40/><W28/><G28/><T83/><D31/><U10/><E10/><V135/><F36/><W5/><G5/><T85/><D60/><U130/><E130/><N who="0" m="49705" /><D104/><U69/><E69/><V80/><F135/><W54/><REACH who="3" step="1"/><G63/><REACH who="3" ten="250,250,250,240" step="2"/><T72/><D72/><U1/><E1/><V71/><F3/><W56/><G56/><T107/><D2/><U15/><E29/><V49/><F120/><W86/><G86/><N who="0" m="52727" /><D107/><AGARI ba="0,1" hai="38,43,45,54,59,62,78,79,84,90,93,97,103,107" machi="107" ten="30,2000,0" yaku="1,1,7,1,53,0" doraHai="126" doraHaiUra="44" who="3" fromWho="0" sc="250,-20,250,0,250,0,240,30" /><INIT seed="1,0,0,0,1,133" ten="230,250,250,270" oya="1" hai0="72,102,129,66,21,58,14,29,50,31,24,17,2" hai1="127,38,108,23,12,111,79,113,97,34,54,121,106" hai2="57,5,6,86,119,69,3,85,83,11,1,36,76" hai3="59,118,37,87,40,80,71,99,25,20,107,98,77"/><U95/><E113/><V82/><F69/><W70/><G118/><T109/><D72/><U110/><E121/><V81/><F36/><W128/><G128/><T52/><D2/><U100/><E34/><V68/><F68/><W115/><G115/><T10/><D129/><U44/><E79/><V122/><F122/><W90/><G107/><T89/><D109/><U28/><E106/><V91/><F119/><W120/><G120/><T65/><D102/><U93/><E93/><V134/><F134/><W112/><G112/><T125/><D125/><U126/><E38/><V8/><REACH who="2" step="1"/><F57/><REACH who="2" ten="230,250,240,270" step="2"/><W16/><G59/><T43/><D43/><U101/><E101/><V9/><F9/><W62/><G71/><T124/><D124/><U78/><E78/><V116/><F116/><W94/><G70/><T39/><D39/><U75/><E75/><V51/><F51/><W96/><REACH who="3" step="1"/><G62/><REACH who="3" ten="230,250,240,260" step="2"/><T114/><D114/><U0/><E126/><V4/><F4/><W105/><G105/><T132/><D132/><U49/><E127/><V13/><F13/><W74/><G74/><T67/><REACH who="0" step="1"/><D89/><REACH who="0" ten="220,250,240,260" step="2"/><U104/><E0/><V45/><F45/><AGARI ba="0,3" hai="16,20,25,37,40,45,77,80,87,90,94,96,98,99" machi="45" ten="40,2600,0" yaku="1,1,54,1,53,0" doraHai="133" doraHaiUra="7" who="3" fromWho="2" sc="220,0,250,0,240,-26,260,56" /><INIT seed="2,0,0,0,2,125" ten="220,250,214,316" oya="2" hai0="60,15,81,9,33,30,44,133,123,20,73,7,83" hai1="100,32,127,71,38,78,85,27,130,11,16,19,117" hai2="39,77,46,37,91,76,102,97,23,106,5,4,69" hai3="109,21,47,129,84,135,98,54,18,6,0,118,116"/><V119/><F69/><W34/><G34/><T111/><D123/><U89/><E117/><V22/><F119/><W68/><G68/><T104/><D104/><U96/><E38/><V99/><F91/><W115/><G109/><T103/><D111/><U122/><E71/><V74/><F46/><W55/><G115/><T131/><D131/><U107/><E78/><V17/><F106/><W51/><G135/><T31/><D133/><U12/><E127/><V36/><F36/><W1/><G98/><T82/><D33/><U88/><E122/><V2/><F17/><W63/><G84/><T3/><D103/><U40/><E40/><V113/><F102/><W43/><G43/><T8/><D60/><U93/><E130/><V49/><F49/><W132/><G129/><T126/><D126/><U48/><E48/><V65/><F65/><W114/><G114/><T75/><D44/><U50/><E50/><V62/><F62/><W45/><G132/><T24/><REACH who="0" step="1"/><D31/><REACH who="0" ten="210,250,214,316" step="2"/><U42/><E32/><V112/><REACH who="2" step="1"/><F2/><REACH who="2" ten="210,250,204,316" step="2"/><W87/><G45/><T66/><D66/><U56/><E107/><V13/><F13/><N who="3" m="9423" /><G118/><T14/><D14/><U29/><E100/><V134/><F134/><W110/><G116/><T128/><D128/><U105/><E105/><V67/><F67/><W92/><G110/><T101/><D101/><U108/><E108/><V59/><F59/><N who="3" m="35319" /><G0/><T28/><D28/><U35/><E56/><V25/><F25/><W10/><G1/><T72/><D72/><AGARI ba="0,2" hai="4,5,22,23,37,39,72,74,76,77,97,99,112,113" machi="72" ten="25,4800,0" yaku="1,1,22,2,53,0" doraHai="125" doraHaiUra="52" who="2" fromWho="0" sc="210,-48,250,0,204,68,316,0" /><INIT seed="2,1,0,3,1,76" ten="162,250,272,316" oya="2" hai0="9,4,99,126,91,32,100,64,13,41,48,36,98" hai1="86,130,95,54,22,104,127,49,16,62,71,131,93" hai2="25,105,31,27,44,134,79,85,67,118,119,88,39" hai3="68,133,123,11,81,55,12,73,24,60,8,132,19"/><V63/><F134/><N who="3" m="51819" /><G123/><T82/><D36/><U20/><E104/><V111/><F105/><W75/><G24/><T2/><D2/><U56/><E22/><V124/><F79/><N who="3" m="44271" /><G75/><T23/><D32/><U14/><E127/><V29/><F124/><W84/><G84/><N who="0" m="50583" /><D126/><U113/><E113/><V18/><F111/><W66/><G55/><T74/><D74/><U10/><E10/><AGARI ba="1,0" hai="8,10,11,12,19,60,66,68" m="44271,51819" machi="10" ten="30,2000,0" yaku="20,1,52,1" doraHai="76" who="3" fromWho="1" sc="162,0,250,-23,272,0,316,23" /><INIT seed="3,0,0,4,4,103" ten="162,227,272,339" oya="3" hai0="99,97,126,30,29,125,58,68,67,71,120,4,121" hai1="91,64,48,85,31,105,0,19,124,26,57,5,81" hai2="46,18,3,89,128,92,133,1,33,39,131,12,100" hai3="113,50,52,107,119,63,53,41,106,25,36,44,16"/><W111/><G113/><T2/><D58/><U28/><E124/><V61/><F33/><W23/><G119/><T118/><D67/><U66/><E0/><V116/><F116/><W129/><G129/><N who="2" m="49737" /><F133/><W78/><G111/><T130/><D118/><U42/><E5/><V108/><F108/><W21/><G78/><T60/><D130/><U35/><E31/><V82/><F82/><W51/><G63/><T96/><D60/><U123/><E123/><N who="0" m="47177" /><D4/><U75/><E75/><V122/><F100/><W95/><G95/><T13/><D13/><U54/><E105/><V134/><F134/><W8/><G8/><T93/><D93/><U83/><E42/><N who="2" m="22879" /><F61/><W98/><G98/><N who="0" m="25091" /><T72/><DORA hai="117" /><D72/><U15/><REACH who="1" step="1"/><E83/><REACH who="1" ten="162,217,272,339" step="2"/><V101/><F122/><W79/><G41/><T94/><D2/><U73/><E73/><V80/><F1/><W132/><G132/><T74/><D74/><U11/><AGARI ba="0,1" hai="11,15,19,26,28,35,48,54,57,64,66,81,85,91" machi="11" ten="20,5200,0" yaku="1,1,0,1,7,1,53,1" doraHai="103,117" doraHaiUra="9,109" who="1" fromWho="1" sc="162,-13,217,62,272,-13,339,-26" /><INIT seed="4,0,0,5,4,7" ten="149,279,259,313" oya="0" hai0="110,57,106,78,97,101,66,63,100,92,77,126,124" hai1="27,12,48,104,91,90,28,95,20,86,58,135,47" hai2="31,116,73,10,4,49,29,134,115,122,112,81,72" hai3="32,96,53,111,45,13,131,62,37,40,120,2,60"/><T79/><REACH who="0" step="1"/><D110/><REACH who="0" ten="139,279,259,313" step="2"/><U85/><E135/><V43/><F134/><W30/><G111/><T130/><D130/><U70/><E104/><V17/><F115/><W42/><G131/><T76/><D76/><U11/><E70/><V117/><F112/><W68/><G68/><T99/><AGARI ba="0,1" hai="57,63,66,77,78,79,92,97,99,100,101,106,124,126" machi="99" ten="30,6000,0" yaku="21,2,0,1,53,0" doraHai="7" doraHaiUra="108" who="0" fromWho="0" sc="139,70,279,-20,259,-20,313,-20" /><INIT seed="4,1,0,5,4,56" ten="209,259,239,293" oya="0" hai0="112,36,23,49,35,15,66,91,109,101,27,71,115" hai1="123,19,46,7,22,87,132,58,4,82,64,130,102" hai2="26,99,20,129,37,63,120,83,40,94,88,48,12" hai3="73,6,106,79,29,62,44,55,8,30,59,97,25"/><T78/><D109/><U103/><E123/><V72/><F120/><W118/><G118/><T0/><D0/><U39/><E39/><V93/><F37/><W86/><G73/><T114/><D36/><U128/><E46/><N who="2" m="25671" /><F129/><N who="1" m="49769" /><E58/><V10/><F72/><W98/><G106/><T135/><D135/><U107/><E64/><V127/><F127/><W14/><G44/><T80/><D101/><N who="1" m="38411" /><E107/><V108/><F108/><W9/><G9/><T54/><D35/><U32/><E32/><V133/><F133/><W60/><G30/><N who="0" m="17791" /><D15/><N who="1" m="9599" /><E132/><V85/><F99/><W5/><G5/><T113/><N who="0" m="28672" /><DORA hai="61" /><T51/><D91/><AGARI ba="1,0" hai="4,7,82,87,91" m="9599,38411,49769" machi="91" ten="30,1000,0" yaku="19,1" doraHai="56,61" who="1" fromWho="0" sc="209,-13,259,13,239,0,293,0" /><INIT seed="5,0,0,0,1,129" ten="196,272,239,293" oya="1" hai0="84,122,83,113,133,92,18,93,117,61,74,123,103" hai1="90,35,14,29,12,134,31,56,95,5,75,125,85" hai2="48,101,135,58,36,67,7,88,78,19,121,8,86" hai3="131,32,6,26,46,127,40,69,111,24,43,49,82"/><U63/><E75/><V102/><F121/><N who="0" m="46090" /><D117/><U11/><E125/><V20/><F135/><W60/><G111/><T79/><D61/><U97/><E134/><V73/><F36/><W71/><G131/><T45/><D45/><U54/><E35/><V62/><F78/><W80/><G6/><T10/><D113/><U42/><E42/><V81/><F73/><W37/><G127/><T13/><D74/><U100/><REACH who="1" step="1"/><E12/><REACH who="1" ten="196,262,239,293" step="2"/><V105/><F105/><AGARI ba="0,1" hai="5,11,14,29,31,54,56,63,85,90,95,97,100,105" machi="105" ten="30,5800,0" yaku="1,1,2,1,7,1,53,0" doraHai="129" doraHaiUra="34" who="1" fromWho="2" sc="196,0,262,68,239,-58,293,0" /><INIT seed="5,1,0,1,1,8" ten="196,330,181,293" oya="1" hai0="3,64,51,42,130,50,13,55,89,123,9,17,127" hai1="30,16,35,135,70,111,57,15,134,81,105,2,28" hai2="38,110,122,72,71,108,120,104,60,68,114,129,75" hai3="24,0,103,102,76,46,113,52,39,87,63,61,18"/><U23/><E105/><V7/><F7/><W78/><G113/><T132/><D123/><N who="2" m="47146" /><F60/><W22/><G0/><T14/><D132/><N who="1" m="50731" /><E70/><N who="2" m="26667" /><F129/><W93/><G39/><T48/><D127/><U54/><E2/><V80/><F80/><N who="3" m="47495" /><G78/><T31/><D31/><U19/><E111/><N who="2" m="42539" /><F114/><W41/><G41/><T36/><D130/><U4/><E4/><V67/><F67/><W44/><G63/><T1/><D64/><U65/><E65/><V26/><F26/><W79/><G79/><T128/><D128/><U29/><E81/><V53/><F53/><W33/><G52/><T21/><D3/><U126/><E126/><V116/><F116/><W25/><G25/><T98/><D1/><U91/><E91/><V94/><F94/><W109/><G93/><N who="0" m="56623" /><D42/><U121/><E121/><V58/><F58/><W47/><G61/><T107/><D107/><U6/><E6/><V101/><F38/><W62/><G62/><T10/><D36/><U20/><E35/><V86/><F86/><W5/><G33/><T49/><D55/><U106/><E106/><V82/><F82/><W100/><G109/><T84/><D84/><U45/><E45/><V88/><F88/><W12/><G47/><T125/><D125/><U74/><E54/><V131/><F131/><W85/><G85/><T124/><D124/><U92/><E57/><V73/><F104/><W34/><G34/><T90/><D90/><U96/><E92/><V118/><F118/><W40/><G40/><T119/><D119/><U115/><E115/><V56/><F56/><W32/><G32/><T69/><D69/><U83/><E83/><RYUUKYOKU ba="1,0" sc="196,-15,330,-15,181,15,293,15" hai2="72,73,75,101" hai3="5,12,18,22,24,44,46,100,102,103" /><INIT seed="6,2,0,4,4,135" ten="181,315,196,308" oya="2" hai0="81,82,72,67,96,11,75,102,22,62,77,100,53" hai1="63,123,14,79,126,85,103,99,40,94,115,55,86" hai2="107,32,108,31,78,87,26,20,52,64,44,134,109" hai3="50,84,15,16,19,101,129,38,116,28,5,45,8"/><V91/><F107/><W73/><G73/><T23/><D11/><U112/><E40/><V74/><F134/><W13/><G38/><T133/><D133/><U113/><E126/><V6/><F64/><W25/><G116/><T106/><D100/><U3/><E3/><V34/><F74/><W65/><G129/><T111/><D111/><N who="2" m="42570" /><F78/><W104/><G65/><T9/><D9/><U80/><E123/><V120/><F120/><W35/><G15/><T59/><D53/><U127/><E127/><V71/><F71/><W48/><G84/><T7/><D7/><U97/><E97/><V88/><F6/><W68/><G68/><T130/><D130/><U61/><E14/><V118/><F118/><W60/><G60/><N who="1" m="23114" /><E55/><V66/><F66/><W37/><G37/><T1/><D1/><U18/><E18/><V76/><F76/><AGARI ba="2,0" hai="22,23,59,62,67,72,75,76,77,81,82,96,102,106" machi="76" ten="40,1300,0" yaku="9,1" doraHai="135" who="0" fromWho="2" sc="181,19,315,0,196,-19,308,0" /><INIT seed="7,0,0,2,4,7" ten="200,315,177,308" oya="3" hai0="63,123,27,33,77,5,38,54,29,4,69,133,61" hai1="108,43,42,100,94,129,134,60,84,23,105,103,17" hai2="72,91,125,22,34,111,117,0,68,65,44,135,107" hai3="127,98,79,8,58,82,14,62,26,53,119,81,19"/><W93/><G119/><T71/><D123/><U24/><E108/><V9/><RYUUKYOKU type="yao9" ba="0,0" sc="200,0,315,0,177,0,308,0" hai2="0,9,22,34,44,65,68,72,91,107,111,117,125,135" /><INIT seed="7,1,0,4,3,86" ten="200,315,177,308" oya="3" hai0="37,22,57,66,87,96,79,75,77,123,82,5,44" hai1="47,100,60,68,107,98,90,103,89,109,18,88,130" hai2="131,135,16,63,19,67,132,95,0,111,46,121,93" hai3="62,23,36,133,7,21,13,49,120,4,51,99,74"/><W8/><G36/><T53/><D123/><U125/><E109/><V14/><F0/><W64/><G74/><T42/><D66/><U72/><E72/><V32/><F111/><W45/><G120/><T94/><D5/><U10/><E68/><V85/><F32/><W76/><G76/><T73/><D22/><N who="3" m="8201" /><G133/><N who="2" m="51273" /><F121/><W59/><G99/><T39/><D39/><U31/><E31/><V65/><F131/><W61/><G61/><T105/><D105/><U6/><E103/><V29/><F29/><W117/><G117/><T30/><D30/><U41/><E60/><V97/><F46/><W27/><G27/><T122/><D122/><U58/><E58/><N who="2" m="37111" /><F67/><W124/><G124/><T48/><D79/><U84/><E125/><V115/><F115/><W134/><G134/><T69/><D69/><U114/><E114/><V106/><F106/><W56/><G56/><T35/><D35/><U110/><E110/><V129/><F129/><W119/><G119/><T28/><D28/><U9/><E130/><V80/><F97/><W118/><G118/><T52/><D53/><U92/><E18/><N who="2" m="6699" /><F14/><N who="3" m="5383" /><G45/><T38/><D37/><U2/><E10/><AGARI ba="1,0" hai="7,10,13,49,51,59,62,64" m="5383,8201" machi="10" ten="30,1500,0" yaku="8,1" doraHai="86" who="3" fromWho="1" sc="200,0,315,-18,177,0,308,18" owari="200,-20.0,297,9.7,177,-32.3,326,42.6" /></mjloggm>