<mjloggm ver="2.3"><GO type="169" lobby="0"/><UN n0="%41%4C%50%45%52%49%4E" n1="%43%68%61%72%6F%2E" n2="%53%E6%9C%A8" n3="%59%75%49%74%6F" dan="16,16,17,16" rate="2125.16,2148.98,2165.72,2035.33" sx="M,M,M,M"/><TAIKYOKU oya="0"/><INIT seed="0,0,0,0,2,91" ten="250,250,250,250" oya="0" hai0="36,98,118,133,32,54,33,95,104,84,127,88,13" hai1="25,87,8,12,51,99,59,15,112,5,23,103,82" hai2="60,93,94,89,35,129,105,79,83,58,55,61,63" hai3="31,29,37,28,80,42,106,116,67,71,0,62,134"/><T69/><D118/><U14/><E112/><V114/><F114/><W119/><G134/><T3/><D3/><U41/><E59/><V92/><F105/><W30/><N who="3" m="7168" /><DORA hai="75" /><W64/><G106/><T135/><D36/><U43/><E25/><V68/><F35/><W111/><G111/><T7/><D69/><U2/><E23/><V1/><F1/><W72/><G0/><T38/><D38/><U73/><E73/><V49/><F68/><W34/><G64/><T100/><D127/><U19/><E19/><V97/><REACH who="2" step="1"/><F129/><REACH who="2" ten="250,250,240,250" step="2"/><W85/><G34/><T124/><D33/><U109/><E109/><V44/><F44/><W24/><G119/><T18/><D32/><U40/><E51/><V48/><F48/><W120/><G116/><T70/><D70/><U117/><E117/><V115/><F115/><W22/><G37/><T78/><D135/><U110/><E110/><V45/><F45/><W121/><G121/><T126/><D133/><U90/><REACH who="1" step="1"/><E2/><REACH who="1" ten="250,240,240,250" step="2"/><V27/><F27/><W113/><G113/><T123/><D124/><U52/><E52/><V96/><F96/><W17/><G120/><T102/><D126/><U10/><E10/><V86/><AGARI ba="0,2" hai="49,55,58,60,61,63,79,83,86,89,92,93,94,97" machi="86" ten="30,16000,3" yaku="1,1,0,1,8,1,52,4,53,1" doraHai="91,75" doraHaiUra="74,122" who="2" fromWho="2" sc="250,-80,240,-40,240,180,250,-40" /><INIT seed="1,0,0,1,1,41" ten="170,200,420,210" oya="1" hai0="19,67,99,131,54,112,81,44,52,120,134,73,38" hai1="87,114,76,7,98,94,59,119,56,77,3,82,66" hai2="101,1,113,110,83,28,42,60,126,39,30,36,4" hai3="102,121,33,105,45,95,103,117,29,74,85,6,115"/><U10/><E114/><V20/><F113/><W116/><G115/><T106/><D131/><U14/><E119/><N who="3" m="45642" /><G6/><T23/><D112/><U70/><E70/><V43/><F110/><W89/><G121/><T71/><D134/><U65/><E3/><V88/><F101/><W80/><G29/><T132/><D132/><U92/><E77/><V72/><F72/><W127/><G33/><T111/><D111/><U48/><E92/><V125/><F60/><W24/><G24/><T79/><D120/><U86/><E86/><V57/><F57/><W9/><G9/><T104/><D67/><U13/><E13/><V75/><F75/><W96/><G45/><T12/><D71/><U109/><E109/><V58/><F58/><W50/><G50/><T128/><D128/><U17/><E7/><V135/><F135/><W40/><G40/><T62/><D99/><U51/><E59/><V100/><F100/><N who="3" m="62599" /><G127/><T133/><D133/><U78/><E78/><AGARI ba="0,0" hai="74,78,80,85,89,95,102,103" m="62599,45642" machi="78" ten="30,7700,0" yaku="24,1,12,1,34,2" doraHai="41" who="3" fromWho="1" sc="170,0,200,-77,420,0,210,77" /><INIT seed="2,0,0,1,3,71" ten="170,123,420,287" oya="2" hai0="34,42,98,39,9,56,129,91,13,126,107,88,101" hai1="18,79,105,109,54,3,8,108,73,83,47,131,22" hai2="15,95,100,90,69,65,74,37,40,133,41,66,86" hai3="29,132,17,62,111,97,99,1,53,110,58,119,6"/><V116/><F116/><W5/><G119/><T4/><D34/><U49/><E105/><V63/><F74/><W48/><G29/><T130/><D56/><U7/><REACH who="1" step="1"/><E131/><REACH who="1" ten="170,113,420,287" step="2"/><N who="0" m="50185" /><D126/><U0/><E0/><V12/><F133/><W82/><G1/><T104/><D104/><U27/><AGARI ba="0,1" hai="3,7,8,18,22,27,47,49,54,73,79,83,108,109" machi="27" ten="30,2000,0" yaku="1,1,0,1,53,0" doraHai="71" doraHaiUra="26" who="1" fromWho="1" sc="170,-5,113,30,420,-10,287,-5" /><INIT seed="3,0,0,1,1,41" ten="165,143,410,282" oya="3" hai0="21,121,81,118,0,6,65,114,86,111,75,2,71" hai1="48,43,117,126,55,76,61,120,124,70,108,130,53" hai2="107,59,51,96,131,32,49,115,102,84,64,103,10" hai3="3,28,24,4,135,47,63,92,104,33,85,116,40"/><W73/><G116/><T133/><D118/><U50/><E76/><V62/><F115/><W54/><G104/><T91/><D121/><U19/><E19/><V39/><F131/><W113/><G73/><T36/><D111/><U88/><E117/><V26/><F39/><W22/><G113/><T1/><D133/><U77/><E77/><V95/><F10/><W109/><G135/><T56/><D71/><U9/><E9/><V29/><REACH who="2" step="1"/><F84/><REACH who="2" ten="165,143,400,282" step="2"/><W16/><G109/><T80/><D36/><U98/><E130/><V37/><F37/><W110/><G110/><T106/><D86/><U14/><E108/><V125/><F125/><W68/><G85/><T99/><D114/><U15/><E126/><V46/><F46/><W132/><G132/><T20/><D75/><U18/><E124/><V30/><F30/><W74/><G74/><T94/><D0/><U7/><E120/><V83/><F83/><W45/><G3/><T90/><D81/><U78/><E78/><V129/><F129/><W38/><G40/><T97/><D80/><U60/><E43/><V134/><F134/><W57/><G38/><T100/><D1/><U72/><E72/><V87/><F87/><W119/><G119/><T123/><D2/><U112/><E112/><V82/><F82/><W5/><G4/><T8/><D123/><U66/><E7/><V31/><F31/><W127/><G5/><T13/><D6/><U44/><E18/><V35/><F35/><W27/><G127/><T69/><D8/><U11/><E11/><V12/><F12/><W128/><G128/><T101/><D13/><RYUUKYOKU ba="0,1" sc="165,-10,143,-10,400,30,282,-10" hai2="26,29,32,49,51,59,62,64,95,96,102,103,107" /><INIT seed="4,1,1,2,0,32" ten="155,133,430,272" oya="0" hai0="0,103,43,104,9,11,70,113,50,45,110,26,69" hai1="14,98,101,20,12,16,38,66,40,25,88,4,123" hai2="102,15,1,115,126,95,96,119,39,129,89,51,62" hai3="80,108,99,57,6,78,122,29,19,65,33,85,3"/><T125/><D113/><U17/><E123/><V128/><F115/><W105/><G108/><T132/><D110/><U47/><E66/><V133/><F39/><W5/><G19/><T97/><D125/><U8/><E88/><V58/><F126/><W84/><G84/><T53/><D132/><U121/><E121/><V63/><F133/><W13/><G13/><T52/><D26/><U42/><E42/><V82/><F119/><W127/><G127/><T64/><D11/><U2/><REACH who="1" step="1"/><E17/><REACH who="1" ten="155,123,430,272" step="2"/><V44/><F89/><W28/><G65/><T10/><D64/><U22/><E22/><V56/><F128/><W60/><G33/><T94/><D10/><U59/><E59/><V77/><F58/><W41/><G41/><T93/><D70/><U35/><E35/><V23/><F56/><W76/><G57/><T30/><D69/><U86/><E86/><V79/><F129/><W118/><G85/><T116/><D116/><U36/><E36/><V106/><F63/><W130/><G60/><T131/><D131/><U124/><E124/><V134/><F62/><W46/><G118/><T61/><D61/><U73/><E73/><V71/><F71/><W81/><G122/><T67/><D67/><U92/><AGARI ba="1,2" hai="2,4,8,12,14,16,20,25,38,40,47,92,98,101" machi="92" ten="20,12000,2" yaku="1,1,0,1,7,1,52,1,54,1,53,1" doraHai="32" doraHaiUra="68" who="1" fromWho="1" sc="155,-61,123,143,430,-31,272,-31" /><INIT seed="5,0,0,5,3,70" ten="94,266,399,241" oya="1" hai0="112,30,18,129,2,43,73,123,60,74,19,98,91" hai1="130,31,22,39,81,44,27,88,32,75,57,119,100" hai2="54,132,84,64,109,8,20,55,72,76,71,10,58" hai3="4,6,40,3,122,90,47,80,101,11,5,103,85"/><U126/><E119/><V33/><F109/><W67/><G122/><T37/><D112/><U48/><E126/><V66/><F33/><W95/><G67/><T116/><D116/><U15/><E130/><V46/><F72/><W17/><G17/><T0/><D30/><U104/><E15/><V45/><F71/><W131/><G131/><T92/><D129/><U28/><E57/><V107/><F107/><W79/><G5/><T124/><D124/><U97/><E39/><V16/><F132/><W59/><G59/><T24/><D123/><U56/><E56/><V120/><F120/><W125/><G4/><T23/><D60/><U12/><E75/><V117/><F117/><W113/><G113/><T96/><D96/><U52/><E12/><V115/><F115/><W42/><G42/><T38/><D18/><U118/><E118/><V26/><F46/><W102/><G125/><T111/><D111/><U63/><E63/><V53/><F45/><W77/><REACH who="3" step="1"/><G80/><REACH who="3" ten="94,266,399,231" step="2"/><T105/><D43/><U127/><E127/><V83/><F58/><W134/><G134/><T108/><D108/><U21/><REACH who="1" step="1"/><E28/><REACH who="1" ten="94,256,399,231" step="2"/><V121/><F121/><W89/><G89/><T133/><D91/><U61/><E61/><V128/><F128/><W69/><G69/><T25/><D133/><U82/><E82/><V87/><F66/><W50/><AGARI ba="0,2" hai="3,6,11,40,47,50,77,79,85,90,95,101,102,103" machi="50" ten="30,2000,0" yaku="1,1,0,1,53,0" doraHai="70" doraHaiUra="78" who="3" fromWho="3" sc="94,-5,256,-10,399,-5,231,40" /><INIT seed="6,0,0,2,2,22" ten="89,246,394,271" oya="2" hai0="5,94,98,62,19,9,78,111,95,71,33,100,36" hai1="72,53,132,60,47,99,82,106,88,61,52,3,80" hai2="14,65,86,91,26,50,15,121,20,93,115,28,25" hai3="4,101,79,90,66,6,18,124,105,77,135,51,30"/><V96/><F115/><W131/><G51/><T63/><D111/><U10/><E132/><V2/><F2/><W75/><G18/><T13/><D36/><U134/><E134/><V17/><F121/><W21/><G21/><T37/><D37/><U74/><E3/><V67/><F50/><W112/><G66/><T119/><D119/><U58/><E10/><V113/><F113/><W43/><G30/><T35/><D78/><U84/><E106/><V24/><F28/><W73/><G4/><T54/><D71/><U107/><E80/><N who="2" m="49607" /><F15/><W109/><G6/><T83/><D83/><U76/><E47/><V23/><F23/><W89/><G43/><T57/><D95/><N who="1" m="56807" /><E107/><V123/><F123/><W56/><G105/><T130/><D130/><U7/><E74/><V59/><F59/><W125/><G56/><T1/><D63/><N who="1" m="24139" /><E72/><V102/><AGARI ba="0,0" hai="14,17,20,24,25,26,65,67,93,96,102" m="49607" machi="102" ten="30,11700,0" yaku="8,1,52,3" doraHai="22" who="2" fromWho="2" sc="89,-39,246,-39,394,117,271,-39" /><INIT seed="6,1,0,5,5,89" ten="50,207,511,232" oya="2" hai0="86,52,132,80,47,121,45,53,125,71,128,113,43" hai1="31,59,92,32,118,14,49,20,100,78,108,67,6" hai2="105,44,73,116,42,23,111,76,84,106,124,7,107" hai3="30,58,35,62,60,17,77,36,25,130,26,9,98"/><V0/><F116/><W34/><G36/><T117/><D121/><U21/><E108/><V65/><F65/><W28/><G77/><T72/><D72/><U16/><E118/><V79/><F124/><W88/><G130/><T85/><D117/><U82/><E6/><V48/><F73/><W129/><G129/><T39/><D128/><U69/><E69/><V126/><F126/><W81/><G58/><T70/><D125/><U24/><E32/><V87/><F0/><W61/><G9/><T123/><D123/><U96/><E49/><V19/><F7/><W64/><G17/><T38/><D80/><U93/><E93/><V131/><F111/><W95/><REACH who="3" step="1"/><G81/><REACH who="3" ten="50,207,511,222" step="2"/><T57/><D57/><U4/><E4/><V133/><F76/><W1/><G1/><T56/><D56/><U18/><E18/><V90/><F79/><W94/><G94/><T127/><D127/><U101/><E82/><V10/><F19/><W46/><G46/><T119/><D119/><U15/><E78/><V41/><F44/><W50/><G50/><T120/><D120/><U40/><E14/><V102/><F48/><W104/><G104/><T135/><REACH who="0" step="1"/><D43/><REACH who="0" ten="40,207,511,222" step="2"/><U37/><E59/><V29/><F42/><W54/><G54/><T134/><D134/><U68/><E68/><V33/><F41/><W114/><G114/><AGARI ba="1,2" hai="38,39,45,47,52,53,70,71,85,86,113,114,132,135" machi="114" ten="25,6400,0" yaku="1,1,22,2,54,1,53,0" doraHai="89" doraHaiUra="103" who="0" fromWho="3" sc="40,87,207,0,511,0,222,-67" /><INIT seed="7,0,0,0,4,2" ten="127,207,511,155" oya="3" hai0="63,49,35,116,70,38,117,56,121,39,43,111,57" hai1="72,28,55,11,120,4,81,93,29,37,67,60,108" hai2="78,126,76,91,109,96,20,94,27,30,14,52,106" hai3="44,10,89,23,24,90,42,1,73,6,102,32,105"/><W9/><G73/><T65/><D35/><U135/><E37/><N who="0" m="13833" /><D111/><U115/><E115/><V25/><F109/><W13/><G32/><T134/><D121/><U26/><E135/><V125/><F106/><W95/><G105/><T99/><D99/><U100/><E55/><V80/><F14/><W132/><G132/><T48/><D134/><U18/><E18/><V69/><F69/><W58/><G58/><N who="0" m="22635" /><D43/><U46/><E108/><V5/><F5/><W114/><G114/><T31/><D31/><U22/><E4/><V118/><F118/><W128/><G128/><T85/><D85/><U12/><E29/><V16/><F52/><W19/><G102/><T82/><D82/><U3/><E28/><V0/><F0/><W41/><G95/><T61/><D61/><U110/><E60/><V47/><F47/><W36/><G42/><T54/><D54/><U131/><E3/><V15/><F27/><W51/><G36/><T129/><D129/><U68/><E131/><V64/><F64/><W79/><G79/><T84/><D84/><U103/><E93/><V66/><F66/><W101/><G101/><T40/><D40/><U112/><E110/><V133/><F133/><W53/><G41/><T7/><D7/><AGARI ba="0,0" hai="1,6,7,9,10,13,19,23,24,44,51,53,89,90" machi="7" ten="30,5800,0" yaku="7,1,52,2" doraHai="2" who="3" fromWho="0" sc="127,-58,207,0,511,0,155,58" /><INIT seed="7,1,0,5,1,15" ten="69,207,511,213" oya="3" hai0="113,51,84,39,49,5,79,52,122,76,106,46,127" hai1="38,54,81,43,95,53,130,65,134,25,83,115,60" hai2="133,28,3,0,74,100,44,99,77,13,66,71,22" hai3="31,80,104,98,92,101,86,73,109,131,33,67,57"/><W17/><G131/><T58/><D122/><U125/><E130/><V18/><F133/><W42/><G109/><T118/><D118/><U59/><E134/><V7/><F74/><W107/><G42/><T27/><D39/><U40/><E115/><V47/><F77/><W32/><G73/><T4/><D113/><U41/><E38/><V117/><F117/><W124/><G124/><T128/><D106/><U85/><E125/><V55/><F71/><W111/><G111/><T88/><D127/><U78/><E25/><V35/><F66/><W68/><G32/><T116/><D116/><U120/><E120/><V9/><F55/><N who="1" m="21001" /><E78/><V129/><F0/><W110/><G68/><T89/><D128/><U108/><E108/><V48/><F48/><W123/><G123/><T93/><D79/><U121/><E121/><V21/><F21/><W8/><G110/><T132/><D76/><U10/><E10/><V2/><F2/><W37/><G37/><T102/><D132/><U1/><E1/><V36/><F36/><W103/><G103/><T50/><D102/><U135/><E135/><V23/><F23/><W11/><G31/><T61/><D46/><U19/><E19/><V72/><F72/><W94/><G33/><T16/><D89/><AGARI ba="1,0" hai="40,41,43,59,60,65,81,83,85,89,95" m="21001" machi="89" ten="30,1000,0" yaku="8,1" doraHai="15" who="1" fromWho="0" sc="69,-13,207,13,511,0,213,0" owari="56,-44.4,220,2.0,511,61.1,213,-18.7" /></mjloggm>