<mjloggm ver="2.3"><GO type="169" lobby="0"/><UN n0="%E6%A1%83%E3%81%A3%E3%81%BA" n1="%E3%81%BB%E3%81%86%EF%BC%81" n2="%E3%82%AB%E3%82%B6%E3%83%A9%E3%82%AD" n3="%E5%AE%8C%E5%85%A8%E5%AE%89%E7%89%8C" dan="16,16,17,17" rate="2072.34,2105.44,2136.15,2187.84" sx="M,M,M,M"/><TAIKYOKU oya="0"/><INIT seed="0,0,0,2,1,56" ten="250,250,250,250" oya="0" hai0="71,19,6,54,15,7,96,104,100,112,98,92,95" hai1="116,18,134,127,24,91,118,109,121,86,70,32,93" hai2="53,129,55,74,69,43,13,1,114,27,23,39,107" hai3="30,2,50,59,117,111,62,60,20,16,83,49,35"/><T33/><D112/><U45/><E121/><V31/><F114/><W125/><G117/><T75/><D33/><U17/><E109/><V99/><F1/><W61/><G2/><T128/><D75/><U87/><E134/><V42/><F74/><W46/><G111/><T85/><D128/><U123/><E123/><V64/><F129/><W110/><G110/><T66/><D85/><U81/><E127/><V58/><F55/><N who="3" m="32247" /><G35/><T4/><D71/><U44/><E70/><V115/><F115/><W26/><G125/><T21/><D66/><U79/><E118/><V90/><F39/><W130/><G130/><T40/><D40/><U29/><E116/><V68/><F68/><W133/><G133/><T105/><REACH who="0" step="1"/><D54/><REACH who="0" ten="240,250,250,250" step="2"/><U84/><E86/><V51/><F64/><W89/><G83/><T9/><D9/><U5/><E81/><V80/><F69/><W103/><G89/><AGARI ba="0,1" hai="4,6,7,15,19,21,89,92,95,96,98,100,104,105" machi="89" ten="40,2000,0" yaku="1,1,53,0" doraHai="56" doraHaiUra="57" who="0" fromWho="3" sc="240,30,250,0,250,0,250,-20" /><INIT seed="0,1,0,3,2,67" ten="270,250,250,230" oya="0" hai0="29,95,94,132,0,55,92,50,34,43,84,64,134" hai1="24,14,133,17,10,88,58,57,23,37,46,75,6" hai2="89,40,130,13,65,39,30,125,8,80,5,126,107" hai3="36,71,15,98,86,127,108,27,12,105,61,97,74"/><T129/><D0/><U66/><E133/><N who="0" m="51305" /><D43/><U53/><E75/><V123/><F123/><W122/><G74/><T114/><D114/><U19/><E66/><V33/><F107/><W44/><G36/><T48/><D129/><U38/><E37/><V42/><F130/><W31/><G44/><T131/><D131/><U102/><E102/><V111/><F111/><W77/><G108/><T22/><D34/><U99/><E6/><V60/><F30/><W135/><G127/><T128/><D128/><U59/><E38/><V110/><F33/><W49/><G49/><T113/><D113/><U69/><E69/><V9/><F9/><W87/><G97/><T52/><D64/><U82/><E46/><V83/><F110/><W103/><G122/><T4/><D4/><U119/><E119/><V51/><F51/><N who="0" m="19498" /><D84/><N who="1" m="50199" /><E99/><V124/><F39/><W118/><G86/><T16/><D29/><U115/><E115/><V72/><F72/><W96/><G96/><T109/><D109/><U47/><E47/><V106/><F106/><W116/><G135/><T7/><D7/><U68/><E68/><V101/><F42/><W73/><G73/><T112/><D112/><U54/><AGARI ba="1,0" hai="10,14,17,19,23,24,53,54,57,58,59" m="50199" machi="54" ten="30,2000,0" yaku="8,1,54,1" doraHai="67" who="1" fromWho="1" sc="270,-11,250,23,250,-6,230,-6" /><INIT seed="1,0,0,0,0,68" ten="259,273,244,224" oya="1" hai0="9,57,95,120,66,15,89,54,4,129,72,104,134" hai1="124,43,86,111,41,85,27,30,53,90,93,84,37" hai2="79,32,16,130,12,56,92,71,5,65,133,82,18" hai3="118,116,3,34,45,31,46,59,80,70,67,52,97"/><U10/><E124/><V51/><F32/><W13/><G3/><T106/><D72/><U127/><E127/><V6/><F133/><W114/><G34/><T128/><D66/><U23/><E111/><V42/><F130/><N who="0" m="50282" /><D120/><U88/><E37/><V110/><F71/><W87/><G31/><T40/><D40/><U131/><E131/><V21/><F110/><W101/><G114/><T8/><D8/><U24/><E10/><V105/><F105/><W98/><G13/><T96/><D134/><U19/><E53/><V83/><F83/><W62/><G46/><T26/><D26/><U112/><E112/><V48/><F48/><AGARI ba="0,0" hai="4,9,15,48,54,57,89,95,96,104,106" m="50282" machi="48" ten="30,1000,0" yaku="19,1" doraHai="68" who="0" fromWho="2" sc="259,10,273,0,244,-10,224,0" /><INIT seed="2,0,0,2,5,33" ten="269,273,234,224" oya="2" hai0="97,124,16,23,131,103,60,40,119,65,56,3,117" hai1="37,28,82,11,84,41,101,51,107,31,50,30,24" hai2="100,90,75,5,85,45,27,10,115,129,114,73,53" hai3="7,120,91,132,35,98,71,66,80,57,54,36,125"/><V113/><F129/><W110/><G120/><T42/><D131/><U26/><E37/><V126/><F126/><W29/><G35/><T92/><D124/><U21/><E107/><V59/><F100/><W14/><G29/><T77/><D77/><U61/><E101/><V4/><F45/><W70/><G66/><T52/><D65/><U25/><E41/><V38/><F27/><W2/><G36/><T106/><D106/><U32/><E32/><V13/><F4/><W55/><G55/><T88/><D103/><U1/><E61/><V39/><F39/><W96/><G110/><T20/><D20/><U17/><E21/><V46/><F46/><W102/><G14/><T76/><D76/><N who="1" m="46151" /><E1/><V94/><REACH who="2" step="1"/><F38/><REACH who="2" ten="269,273,224,224" step="2"/><W127/><G127/><T74/><D3/><U108/><E108/><V122/><F122/><W69/><G125/><T19/><D74/><U8/><E17/><V86/><F86/><W130/><G130/><T89/><D19/><U0/><E0/><V134/><F134/><W118/><G132/><T93/><D119/><U48/><AGARI ba="0,1" hai="8,11,24,25,26,28,30,31,48,50,51" m="46151" machi="48" ten="40,5200,0" yaku="29,2,8,1" doraHai="33" who="1" fromWho="1" sc="269,-13,273,62,224,-26,224,-13" /><INIT seed="3,0,0,4,4,75" ten="256,335,198,211" oya="3" hai0="3,99,54,33,56,35,29,19,26,44,16,46,10" hai1="77,106,22,131,123,32,31,83,72,82,7,79,0" hai2="55,8,1,13,12,134,98,126,111,102,80,93,96" hai3="115,2,97,76,118,108,121,78,92,27,103,125,87"/><W37/><G115/><T58/><D35/><U61/><E123/><V9/><F1/><W62/><G118/><T94/><D58/><U53/><E106/><V114/><F114/><W39/><G121/><T50/><D3/><U101/><E101/><V133/><F111/><W117/><G117/><T30/><D30/><U66/><E32/><V34/><F34/><W4/><G125/><T36/><D10/><U95/><E95/><V74/><F126/><W23/><G108/><T43/><REACH who="0" step="1"/><D46/><REACH who="0" ten="246,335,198,211" step="2"/><U28/><E31/><V69/><F8/><W132/><G2/><T119/><D119/><U127/><E28/><V20/><F9/><W49/><G4/><T57/><D57/><U84/><E7/><V40/><F20/><W24/><G23/><T25/><D25/><U135/><E0/><V17/><F12/><W14/><G14/><T107/><D107/><U11/><E11/><V60/><F13/><W129/><G24/><T15/><D15/><U124/><E22/><V45/><F17/><W48/><G27/><T64/><D64/><U88/><E66/><V120/><F45/><W5/><G5/><T38/><D38/><U112/><E127/><V71/><F120/><W65/><G37/><T52/><D52/><U105/><E53/><V90/><F55/><W110/><G39/><T63/><D63/><U70/><E61/><V47/><F60/><W113/><G65/><T81/><D81/><U18/><E105/><N who="2" m="63687" /><F47/><W109/><G62/><T104/><D104/><U86/><E18/><V42/><F42/><W6/><G109/><T122/><D122/><U128/><E124/><RYUUKYOKU ba="0,1" sc="246,30,335,-10,198,-10,211,-10" hai0="16,19,26,29,33,36,43,44,50,54,56,94,99" /><INIT seed="4,1,1,5,3,61" ten="276,325,188,201" oya="0" hai0="123,86,91,127,2,98,120,12,17,128,65,97,80" hai1="113,109,130,39,44,28,25,75,55,27,51,112,90" hai2="42,134,50,24,124,64,63,92,3,18,84,99,0" hai3="110,119,72,23,71,15,114,133,49,59,105,82,69"/><T83/><D2/><U29/><E109/><V34/><F124/><W93/><G119/><T8/><D127/><U79/><E130/><V68/><F134/><W107/><G110/><T77/><D128/><U101/><E101/><V121/><F121/><W76/><G114/><N who="1" m="44138" /><E39/><V16/><F84/><W132/><G93/><T103/><D98/><U88/><E75/><V54/><F42/><W52/><G23/><T19/><D17/><U116/><E79/><V122/><F122/><W30/><G15/><T6/><D6/><U62/><E62/><V45/><F18/><W115/><G30/><N who="1" m="11882" /><E116/><V129/><F129/><W104/><REACH who="3" step="1"/><G115/><REACH who="3" ten="276,325,188,191" step="2"/><T70/><D123/><U56/><E25/><V74/><F34/><W89/><G89/><T108/><D120/><U33/><E33/><V9/><F74/><W53/><G53/><T4/><D108/><U21/><E88/><V7/><F0/><W46/><G46/><T102/><D91/><U100/><E90/><V31/><F31/><W20/><G20/><T14/><D97/><U5/><E44/><V87/><F99/><W117/><G117/><T32/><D32/><U118/><E118/><V22/><F92/><W36/><G36/><T60/><D83/><U26/><E26/><V81/><REACH who="2" step="1"/><F87/><REACH who="2" ten="276,325,178,191" step="2"/><W111/><G111/><T94/><REACH who="0" step="1"/><D94/><REACH who="0" ten="266,325,178,191" step="2"/><U126/><E126/><V43/><F43/><W131/><G131/><T1/><D1/><U35/><E35/><V38/><F38/><W41/><G41/><T10/><AGARI ba="1,4" hai="4,8,10,12,14,19,60,65,70,77,80,86,102,103" machi="10" ten="20,12000,1" yaku="1,1,0,1,7,1,52,1,53,1" doraHai="61" doraHaiUra="57" who="0" fromWho="0" sc="266,163,325,-41,178,-41,191,-41" /><INIT seed="4,2,0,0,5,43" ten="429,284,137,150" oya="0" hai0="92,103,91,73,11,68,74,100,98,52,10,76,40" hai1="24,53,8,104,87,123,20,69,17,13,72,4,101" hai2="94,133,1,81,70,121,125,116,25,46,61,59,88" hai3="64,90,33,18,36,80,82,97,45,124,31,50,77"/><T105/><D68/><U48/><E72/><V27/><F121/><W108/><G108/><T99/><D103/><U55/><E69/><V117/><F70/><W51/><G124/><T130/><D130/><U39/><E39/><V57/><F1/><W71/><G36/><T86/><D40/><U41/><E123/><V65/><F125/><W79/><G51/><T38/><D38/><U132/><E132/><V114/><F114/><W37/><G37/><T129/><D129/><U12/><E101/><V23/><F133/><W47/><G33/><T111/><D99/><U128/><E104/><V21/><F81/><N who="3" m="31339" /><G50/><T95/><D95/><U28/><E87/><V2/><F2/><W120/><G31/><T107/><D107/><U93/><E93/><V113/><F113/><W131/><G64/><T44/><D111/><U89/><E89/><V78/><F78/><N who="3" m="29707" /><G131/><T26/><D74/><U110/><E110/><V83/><F83/><W119/><G119/><T19/><D73/><U118/><E118/><N who="2" m="45675" /><F59/><W109/><G109/><T30/><D76/><U14/><E128/><V66/><F66/><W135/><G135/><T22/><D30/><U127/><E127/><V5/><F5/><W35/><G120/><T60/><D60/><U56/><E53/><V115/><F115/><W96/><G71/><T9/><D52/><U85/><E56/><V102/><F57/><W32/><G18/><T3/><D3/><U49/><E4/><V7/><F7/><W0/><G0/><T106/><D106/><U29/><E17/><V58/><F58/><W63/><G63/><T84/><D84/><RYUUKYOKU ba="2,0" sc="429,30,284,-10,137,-10,150,-10" hai0="9,10,11,19,22,26,44,86,91,92,98,100,105" /><INIT seed="4,3,0,0,2,99" ten="459,274,127,140" oya="0" hai0="27,69,7,20,70,14,126,66,125,78,28,17,53" hai1="103,45,84,108,77,83,9,34,116,72,35,51,110" hai2="71,119,47,124,96,102,133,81,24,40,30,107,114" hai3="13,135,8,59,25,33,104,85,113,111,73,132,117"/><T37/><D37/><U55/><E116/><V88/><F119/><W128/><G73/><T16/><D78/><U123/><E123/><V60/><F114/><W56/><G117/><T48/><D66/><U68/><E68/><V87/><F124/><N who="0" m="47722" /><D7/><U26/><E9/><V90/><F133/><N who="3" m="51275" /><G111/><T54/><D17/><U63/><E63/><V101/><F101/><W67/><G128/><T46/><D54/><U120/><E120/><V41/><F90/><W3/><G3/><T98/><D98/><U52/><E55/><V82/><F82/><W130/><G130/><T21/><AGARI ba="3,0" hai="14,16,20,21,27,28,46,48,53,69,70" m="47722" machi="21" ten="30,3000,0" yaku="18,1,54,1" doraHai="99" who="0" fromWho="0" sc="459,39,274,-13,127,-13,140,-13" /><INIT seed="4,4,0,4,4,26" ten="498,261,114,127" oya="0" hai0="108,18,27,17,49,90,48,83,62,127,111,14,45" hai1="113,101,86,10,68,124,88,130,91,29,57,71,61" hai2="126,79,81,85,128,67,105,103,117,63,100,13,52" hai3="107,80,110,77,28,0,59,125,104,73,106,7,47"/><T31/><D127/><U131/><E124/><V66/><F126/><W36/><G125/><T8/><D62/><U114/><E101/><V16/><F128/><N who="1" m="49193" /><E10/><V6/><F6/><W42/><G59/><T70/><D70/><N who="1" m="26667" /><E29/><V15/><F15/><W4/><G110/><N who="0" m="42027" /><D18/><U1/><E1/><V118/><F67/><W123/><G123/><T35/><D45/><U44/><E44/><V98/><F66/><W93/><G93/><T34/><D35/><U84/><E84/><AGARI ba="4,0" hai="8,14,17,27,31,34,48,49,83,84,90" m="42027" machi="84" ten="30,2900,0" yaku="10,1,52,1" doraHai="26" who="0" fromWho="1" sc="498,41,261,-41,114,0,127,0" /><INIT seed="4,5,0,2,5,93" ten="539,220,114,127" oya="0" hai0="87,35,8,84,64,49,39,102,88,127,57,17,45" hai1="27,92,2,63,80,112,94,37,43,109,33,85,10" hai2="47,30,89,65,124,3,98,34,72,26,103,68,4" hai3="42,122,1,36,97,46,51,60,114,61,12,29,53"/><T77/><D35/><U96/><E109/><V83/><F89/><W78/><G114/><T44/><D127/><U119/><E119/><V113/><F113/><W9/><G122/><T130/><D130/><U90/><E112/><V28/><F28/><W118/><G118/><T69/><D69/><U111/><E111/><V81/><F47/><W40/><G1/><T100/><D39/><U104/><E43/><V126/><F83/><W18/><G78/><T23/><D8/><U128/><E37/><V132/><F132/><W50/><G36/><T105/><D45/><U20/><E33/><V133/><F133/><W91/><G29/><T117/><D105/><U75/><E63/><N who="3" m="24138" /><G50/><T41/><D57/><U48/><E48/><V6/><F6/><W121/><G121/><T131/><D64/><U74/><E94/><AGARI ba="5,0" hai="9,12,18,40,42,46,51,53,91,94,97" m="24138" machi="94" ten="30,2000,0" yaku="8,1,52,1" doraHai="93" who="3" fromWho="1" sc="539,0,220,-35,114,0,127,35" /><INIT seed="5,0,0,3,3,92" ten="539,185,114,162" oya="1" hai0="54,84,38,21,94,73,134,79,53,96,103,34,43" hai1="1,32,120,19,67,99,29,105,58,123,101,90,133" hai2="110,119,14,69,30,42,71,8,66,59,127,98,27" hai3="88,97,2,86,56,23,121,102,113,13,64,12,17"/><U28/><E133/><V25/><F110/><W126/><G121/><T9/><D34/><U112/><E112/><V40/><F119/><W106/><G113/><T81/><D134/><U74/><E74/><V77/><F77/><W130/><G2/><T5/><D21/><U47/><E1/><V48/><F127/><W11/><G130/><T20/><D20/><U118/><E118/><V52/><F27/><W107/><G107/><T6/><D6/><U55/><E19/><V117/><F117/><W78/><G78/><T33/><D33/><U26/><E28/><V76/><F76/><W51/><G126/><T39/><D39/><U129/><E129/><V57/><F57/><W16/><G51/><T109/><D109/><U124/><E124/><V68/><F66/><W4/><G4/><T7/><D7/><U31/><E90/><V22/><REACH who="2" step="1"/><F98/><REACH who="2" ten="539,185,104,162" step="2"/><W3/><G56/><T75/><D84/><U83/><E123/><V115/><F115/><W82/><G64/><T135/><D73/><U85/><E120/><V128/><F128/><W100/><G3/><N who="0" m="191" /><D135/><U0/><E0/><V104/><F104/><W122/><G122/><T24/><D24/><U37/><E67/><V114/><F114/><W61/><REACH who="3" step="1"/><G102/><REACH who="3" ten="539,185,104,152" step="2"/><T36/><D36/><U41/><E37/><V80/><F80/><W46/><G46/><AGARI ba="0,2" hai="38,43,46,53,54,75,79,81,94,96,103" m="191" machi="46" ten="30,2000,0" yaku="25,1,52,1" doraHai="92" who="0" fromWho="3" sc="539,40,185,0,104,0,152,-20" /><INIT seed="6,0,0,4,4,97" ten="579,185,104,132" oya="2" hai0="80,41,65,31,76,124,47,55,50,69,84,28,111" hai1="116,123,12,36,77,120,90,25,52,33,106,3,59" hai2="105,34,88,81,61,29,132,57,20,85,38,60,21" hai3="0,96,125,14,49,112,98,130,8,56,66,9,99"/><V133/><F38/><W15/><G130/><T48/><D111/><U122/><E3/><V86/><F34/><W126/><G112/><T13/><D124/><N who="3" m="47721" /><G0/><T16/><D65/><U107/><E36/><V101/><F85/><W44/><G56/><N who="0" m="32871" /><D69/><U58/><E58/><V110/><F110/><W74/><G66/><T37/><D37/><U22/><E77/><V32/><F32/><W5/><G74/><T104/><D104/><U17/><E90/><V109/><F109/><W53/><G96/><T91/><D91/><U68/><E68/><V92/><F105/><W82/><G82/><T67/><D67/><U63/><E116/><V11/><F11/><AGARI ba="0,0" hai="11,13,16,28,31,41,47,50,76,80,84" m="32871" machi="11" ten="30,2000,0" yaku="8,1,54,1" doraHai="97" who="0" fromWho="2" sc="579,20,185,0,104,-20,132,0" /><INIT seed="7,0,0,3,4,84" ten="599,185,84,132" oya="3" hai0="107,76,118,25,28,23,38,55,18,87,43,44,17" hai1="86,45,91,119,19,79,133,14,10,117,69,89,40" hai2="21,50,70,95,34,39,78,129,47,88,83,30,54" hai3="64,101,103,102,94,115,37,93,67,60,74,131,90"/><W41/><G115/><T134/><D118/><N who="1" m="45067" /><E69/><V29/><F70/><W92/><G131/><T15/><D107/><U110/><E133/><V63/><F34/><W111/><G74/><T49/><D134/><U73/><E110/><V123/><F129/><W57/><G111/><T1/><D1/><U2/><E2/><V51/><F39/><W20/><G67/><T33/><D18/><U98/><E98/><V127/><F63/><W96/><G37/><T72/><D72/><U99/><E99/><V53/><F127/><W80/><G41/><T42/><D38/><N who="1" m="21655" /><E86/><N who="2" m="48503" /><F21/><W77/><G20/><T36/><D36/><U66/><E66/><V59/><F123/><W135/><G135/><T68/><D68/><U61/><E61/><V7/><F7/><W4/><G4/><T109/><D109/><U3/><E3/><V22/><F22/><W9/><G9/><T11/><D33/><U52/><E52/><V120/><F120/><W13/><G77/><T113/><D113/><U128/><E128/><V75/><F75/><W5/><G5/><T105/><D105/><U104/><E104/><V122/><F122/><W12/><G96/><AGARI ba="0,0" hai="29,30,47,50,51,53,54,59,88,95,96" m="48503" machi="96" ten="30,3900,0" yaku="8,1,52,1,54,1" doraHai="84" who="2" fromWho="3" sc="599,0,185,0,84,39,132,-39" owari="599,69.9,185,-1.5,123,-27.7,93,-40.7" /></mjloggm>