<mjloggm ver="2.3"><GO type="169" lobby="0"/><UN n0="%61%6E%5F" n1="%E3%83%97%E3%83%AC%E3%82%AF%E3%83%A9%E3%82%B9%E3%83%8B%E3%83%BC" n2="%6E%69%73%69%35%30%32%38" n3="%E8%82%89%E5%9B%A3%E5%AD%90%E5%85%88%E7%94%9F" dan="17,16,16,16" rate="2115.13,2178.61,2115.67,2068.05" sx="M,M,M,M"/><TAIKYOKU oya="0"/><INIT seed="0,0,0,2,3,89" ten="250,250,250,250" oya="0" hai0="7,49,48,83,115,64,109,35,94,132,85,127,120" hai1="6,102,5,110,21,47,67,53,92,104,74,37,112" hai2="106,13,33,52,87,45,129,27,69,66,63,121,25" hai3="98,117,57,80,65,123,4,32,100,107,26,113,103"/><T60/><D115/><U86/><E74/><V18/><F121/><W75/><G113/><T91/><D120/><U11/><E110/><V97/><F87/><W130/><G130/><T119/><D119/><U44/><E112/><V81/><F81/><W16/><G4/><T38/><D38/><U51/><E104/><V108/><F108/><W30/><G103/><T118/><D118/><U12/><E67/><V8/><F129/><W116/><G123/><T42/><D35/><U99/><E6/><V73/><F73/><W126/><G126/><T22/><D132/><U125/><E125/><V76/><F76/><W111/><G111/><T134/><D134/><U70/><E70/><V31/><F27/><W68/><G57/><T62/><D127/><U77/><E21/><V14/><F14/><W56/><G56/><T88/><D109/><U114/><E114/><V9/><F9/><W79/><G16/><T124/><D124/><U43/><E86/><V28/><F28/><W101/><G101/><T96/><D7/><U82/><E82/><V93/><F45/><W71/><G71/><T55/><D22/><U105/><REACH who="1" step="1"/><E105/><REACH who="1" ten="250,240,250,250" step="2"/><V78/><F106/><W17/><G17/><T40/><D64/><U95/><E95/><V72/><F72/><W2/><G2/><T19/><D19/><U128/><E128/><V1/><F18/><W50/><G50/><N who="0" m="19563" /><D55/><U15/><E15/><V46/><F13/><W41/><G41/><AGARI ba="0,1" hai="40,41,42,60,62,83,85,88,91,94,96" m="19563" machi="41" ten="30,5800,0" yaku="8,1,52,1,54,1" doraHai="89" who="0" fromWho="3" sc="250,68,240,0,250,0,250,-58" /><INIT seed="0,1,0,2,4,80" ten="318,240,250,192" oya="0" hai0="74,57,65,46,61,81,29,133,55,15,121,12,118" hai1="40,117,77,114,110,108,112,106,109,104,86,62,70" hai2="124,5,26,100,84,34,132,127,7,10,119,0,4" hai3="107,56,134,16,33,90,9,30,63,103,6,102,19"/><T32/><D118/><U28/><E28/><N who="2" m="19735" /><F100/><W37/><G37/><T92/><D121/><U69/><E40/><V128/><F84/><W67/><G134/><T85/><D133/><U120/><E62/><V101/><F101/><W131/><G30/><T113/><D113/><N who="1" m="43627" /><E77/><V59/><F59/><W130/><G33/><T97/><D32/><U1/><E86/><V129/><F132/><W39/><G39/><T58/><D29/><U123/><E1/><V68/><F68/><N who="1" m="26217" /><E117/><V79/><F79/><W51/><G51/><N who="0" m="29175" /><D74/><U52/><E52/><V60/><F60/><W87/><G107/><AGARI ba="1,0" hai="104,106,107,108,109,110,120,123" m="26217,43627" machi="107" ten="40,12000,2" yaku="28,2,14,1,11,1,31,2" doraHai="80" who="1" fromWho="3" sc="318,0,240,123,250,0,192,-123" /><INIT seed="1,0,0,5,5,113" ten="318,363,250,69" oya="1" hai0="35,76,108,132,94,78,71,120,53,65,121,36,70" hai1="82,24,43,11,86,57,10,27,3,28,125,90,128" hai2="0,2,30,112,95,58,16,5,18,33,62,74,98" hai3="51,25,115,109,8,42,104,83,1,114,87,91,110"/><U101/><E128/><V79/><F112/><N who="3" m="43051" /><G25/><T39/><D108/><N who="3" m="41577" /><G8/><T47/><D132/><U4/><E125/><V97/><F33/><W60/><G1/><T12/><D35/><U61/><E43/><V135/><F30/><W89/><G60/><T38/><D94/><U80/><E11/><V117/><F0/><W64/><G64/><T131/><D131/><U41/><E41/><V63/><F62/><W44/><G104/><T73/><D12/><U52/><E101/><V129/><F63/><W21/><G21/><T29/><D29/><U119/><E27/><V66/><F66/><W49/><G91/><T19/><D65/><U102/><E102/><V56/><F2/><W67/><G67/><T46/><D36/><AGARI ba="0,0" hai="36,42,44,49,51,83,87,89" m="41577,43051" machi="36" ten="30,1000,0" yaku="14,1" doraHai="113" who="3" fromWho="0" sc="318,-10,363,0,250,0,69,10" /><INIT seed="2,0,0,3,1,69" ten="308,363,250,79" oya="2" hai0="133,92,47,31,29,121,32,102,23,4,22,132,118" hai1="134,33,82,5,10,65,117,129,54,74,12,43,78" hai2="26,44,90,50,86,135,106,110,101,85,20,111,3" hai3="79,2,77,97,34,21,104,14,94,125,42,84,6"/><V130/><F3/><W58/><G34/><T115/><D102/><U68/><E117/><V62/><F135/><N who="0" m="51786" /><D92/><U66/><E134/><V119/><F119/><W52/><G125/><T35/><D47/><U63/><E33/><N who="0" m="12873" /><D118/><U89/><E43/><V87/><F130/><W116/><G2/><T59/><D59/><U70/><E129/><V112/><F112/><W7/><G42/><T53/><D53/><U25/><E25/><V45/><F62/><W9/><G116/><T24/><D115/><U88/><E54/><V57/><F101/><W30/><G104/><T60/><D60/><AGARI ba="0,0" hai="5,10,12,60,63,65,66,68,70,74,78,82,88,89" machi="60" ten="40,2600,0" yaku="9,1,54,1" doraHai="69" who="1" fromWho="0" sc="308,-26,363,26,250,0,79,0" /><INIT seed="3,0,0,0,4,134" ten="282,389,250,79" oya="3" hai0="94,116,2,17,53,20,31,42,111,59,96,19,101" hai1="63,127,125,71,3,66,28,68,52,69,18,84,117" hai2="93,22,86,64,91,79,76,130,65,124,118,33,106" hai3="102,51,58,108,98,60,9,80,89,113,54,15,109"/><W4/><G113/><T11/><D116/><U99/><E3/><V114/><F33/><W126/><G126/><N who="1" m="48138" /><E28/><V77/><F118/><W82/><G60/><T56/><D111/><N who="3" m="42569" /><G89/><T30/><D59/><N who="1" m="37247" /><E117/><V49/><F124/><W48/><G48/><T115/><D42/><U120/><E18/><V7/><F114/><W12/><G12/><N who="0" m="7327" /><D2/><U107/><E120/><V72/><F7/><W8/><G8/><T27/><D115/><U35/><E35/><V92/><F49/><AGARI ba="0,0" hai="19,20,27,30,31,49,53,56,94,96,101" m="7327" machi="49" ten="30,1000,0" yaku="8,1" doraHai="134" who="0" fromWho="2" sc="282,10,389,0,250,-10,79,0" /><INIT seed="4,0,0,1,0,70" ten="292,389,240,79" oya="0" hai0="102,41,101,67,10,84,71,56,109,124,125,89,92" hai1="113,115,90,2,80,38,36,112,20,9,22,39,46" hai2="122,118,76,7,23,62,52,21,98,81,57,87,127" hai3="0,45,33,105,60,12,129,120,91,96,133,103,5"/><T74/><D71/><U24/><E46/><V107/><F122/><W51/><G129/><T37/><D74/><U128/><E128/><V108/><F108/><W31/><G133/><T30/><D30/><U25/><E80/><V18/><F127/><N who="0" m="48714" /><D10/><U97/><E97/><V66/><F7/><W32/><G0/><T132/><D132/><U111/><E90/><V75/><F75/><W126/><G126/><T63/><D109/><U49/><E49/><V55/><F118/><W121/><G91/><T34/><D34/><U117/><E117/><V26/><F107/><W114/><G114/><T54/><D54/><U86/><E86/><V135/><F98/><W99/><G96/><T94/><D92/><U95/><E95/><V78/><F135/><W14/><G60/><T93/><D93/><U61/><E61/><V64/><F55/><W73/><G73/><T11/><D11/><U8/><E111/><V68/><F68/><W72/><G72/><T104/><D104/><U6/><E9/><V40/><F40/><N who="3" m="24999" /><G5/><T4/><D4/><U28/><E25/><V3/><F3/><W88/><G88/><T42/><D42/><U100/><E100/><N who="0" m="38505" /><D41/><U119/><E119/><V53/><F53/><W110/><G110/><T69/><D69/><U19/><E22/><V29/><REACH who="2" step="1"/><F76/><REACH who="2" ten="292,389,230,79" step="2"/><W77/><G77/><T15/><D15/><AGARI ba="0,1" hai="15,18,21,23,26,29,52,57,62,64,66,78,81,87" machi="15" ten="30,12000,2" yaku="1,1,2,1,7,1,8,1,54,1,53,1" doraHai="70" doraHaiUra="27" who="2" fromWho="0" sc="292,-120,389,0,230,130,79,0" /><INIT seed="5,0,0,4,4,79" ten="172,389,360,79" oya="1" hai0="14,19,81,52,89,72,50,16,44,116,65,134,92" hai1="132,80,6,11,2,104,27,95,64,114,135,129,43" hai2="68,75,12,48,121,42,124,17,109,18,130,73,36" hai3="41,110,87,123,40,82,96,83,8,10,111,63,0"/><U78/><E104/><V13/><F109/><W107/><G123/><T97/><D116/><U69/><E129/><V120/><F68/><W94/><G107/><T103/><D134/><U71/><E114/><V24/><F24/><W74/><G74/><T102/><D65/><U66/><E43/><V118/><F42/><N who="3" m="16491" /><G0/><T56/><D19/><U85/><E66/><V33/><F33/><W23/><G111/><T86/><D72/><U51/><E64/><V125/><F48/><W26/><G110/><T127/><D127/><U76/><E51/><V106/><F106/><W57/><G87/><T45/><D103/><U28/><E78/><V29/><F36/><W37/><G37/><T61/><D50/><U49/><E49/><V22/><F29/><N who="3" m="17631" /><G8/><AGARI ba="0,0" hai="8,14,16,44,45,52,56,61,81,86,89,92,97,102" machi="8" ten="30,8000,1" yaku="7,1,8,1,52,1,54,2" doraHai="79" who="0" fromWho="3" sc="172,80,389,0,360,0,79,-80" owari="252,-14.8,389,48.9,360,16.0,-1,-50.1" /></mjloggm>