<mjloggm ver="2.3"><GO type="169" lobby="0"/><UN n0="%41%E7%9F%B3%E6%A9%8B" n1="%E3%81%97%E3%82%87%E3%81%BC%E3%82%93%EF%BD%8E" n2="%E8%8B%B1%E5%9B%BD%E5%A3%B2%E5%8D%B4" n3="%E3%82%B1%E3%82%A4%E3%83%AD%E3%83%B3" dan="16,17,18,16" rate="2140.27,2210.99,2253.53,2105.76" sx="M,M,M,M"/><TAIKYOKU oya="0"/><INIT seed="0,0,0,1,4,5" ten="250,250,250,250" oya="0" hai0="92,18,88,65,45,131,86,52,128,70,31,36,12" hai1="100,13,96,126,71,115,104,130,0,127,119,56,103" hai2="6,89,67,38,109,64,62,97,99,85,125,42,59" hai3="76,28,21,77,16,112,51,49,132,30,15,58,27"/><T82/><D31/><U17/><E71/><V110/><F125/><W57/><G132/><T122/><D122/><U79/><E119/><V48/><F38/><W4/><G112/><T23/><D82/><U33/><E33/><V63/><F48/><N who="3" m="18507" /><G4/><T106/><D106/><U73/><E0/><V10/><F42/><W78/><G28/><T129/><D70/><U66/><E103/><V116/><F116/><W60/><G60/><T101/><D101/><U133/><E133/><V81/><F109/><W123/><G123/><T95/><D65/><U98/><E98/><V117/><F110/><W80/><G80/><N who="0" m="49223" /><D52/><U20/><E79/><N who="3" m="20226" /><W114/><DORA hai="55" /><G114/><T87/><D87/><U102/><E73/><V44/><F44/><W11/><AGARI ba="0,0" hai="11,15,16,21,27,30,57,58" m="20226,18507" machi="11" ten="40,8000,1" yaku="8,1,52,3,54,1" doraHai="5,55" who="3" fromWho="3" sc="250,-40,250,-20,250,-20,250,80" /><INIT seed="1,0,0,5,5,43" ten="210,230,230,330" oya="1" hai0="26,59,102,63,72,35,100,133,38,86,118,78,79" hai1="3,19,21,48,10,77,25,111,33,65,131,83,16" hai2="84,9,105,29,20,27,68,93,96,125,108,46,70" hai3="67,36,52,11,40,22,66,50,4,13,91,82,61"/><U101/><E131/><V134/><F108/><W116/><G116/><T1/><D118/><U135/><E135/><V74/><F74/><W62/><G36/><T56/><D133/><U37/><E37/><V49/><F134/><W75/><G40/><T41/><D72/><U39/><E39/><V127/><F84/><N who="3" m="50583" /><G75/><T122/><D122/><U28/><E111/><V85/><F85/><W129/><G129/><T32/><D1/><U55/><E65/><N who="3" m="24586" /><G22/><T128/><D128/><U47/><E101/><V98/><F9/><W54/><G54/><T64/><D59/><AGARI ba="0,0" hai="4,11,13,50,52,59,61,62" m="24586,50583" machi="59" ten="30,2000,0" yaku="8,1,54,1" doraHai="43" who="3" fromWho="0" sc="210,-20,230,0,230,0,330,20" /><INIT seed="2,0,0,4,5,73" ten="190,230,230,350" oya="2" hai0="67,65,25,91,36,98,63,54,13,60,51,81,74" hai1="92,56,135,104,89,16,82,48,32,29,96,106,66" hai2="2,50,119,131,94,34,68,134,18,4,33,40,19" hai3="126,100,76,88,26,107,95,57,31,133,30,108,61"/><V53/><F119/><W11/><G108/><T110/><D110/><U69/><E135/><V20/><F68/><W21/><G133/><T101/><D36/><U28/><E69/><V45/><F134/><W99/><G126/><T83/><D25/><U84/><E32/><V1/><F131/><W35/><G11/><T115/><D115/><U10/><E104/><V38/><F19/><W116/><G116/><T27/><D27/><U120/><E106/><V109/><F109/><W9/><G9/><T70/><D13/><N who="1" m="7223" /><E120/><V112/><F4/><W42/><G42/><T59/><D74/><U90/><E66/><V14/><F112/><W97/><G31/><T72/><D72/><U114/><E114/><V47/><REACH who="2" step="1"/><F94/><REACH who="2" ten="190,230,220,350" step="2"/><W46/><G107/><T85/><D83/><U130/><E130/><V64/><F64/><W78/><G35/><AGARI ba="0,1" hai="1,2,14,18,20,33,34,35,38,40,45,47,50,53" machi="35" ten="40,2000,0" yaku="1,1,53,0" doraHai="73" doraHaiUra="87" who="2" fromWho="3" sc="190,0,230,0,220,30,350,-20" /><INIT seed="2,1,0,2,0,5" ten="190,230,250,330" oya="2" hai0="81,9,106,39,125,1,61,85,29,25,56,129,37" hai1="66,111,31,118,11,130,107,12,123,32,19,24,64" hai2="38,119,65,87,45,115,116,14,102,112,135,90,53" hai3="79,10,72,91,94,18,128,93,134,36,74,52,120"/><V26/><F135/><W7/><G36/><T108/><D108/><U68/><E118/><V41/><F65/><W121/><G134/><T117/><D117/><U58/><E68/><V0/><F0/><W63/><G128/><T132/><D132/><U124/><E111/><V73/><F73/><W103/><G103/><T46/><D129/><U114/><E114/><V99/><F26/><W127/><G127/><T54/><D106/><U89/><E107/><V59/><F14/><W95/><G18/><T3/><D125/><U78/><E124/><V33/><F33/><W23/><G23/><T6/><D46/><U113/><E113/><V15/><F15/><W49/><G63/><T71/><D71/><U70/><E70/><V101/><F119/><W22/><G91/><T20/><REACH who="0" step="1"/><D3/><REACH who="0" ten="180,230,250,330" step="2"/><U76/><E130/><V42/><F116/><W92/><G121/><T2/><D2/><U8/><E123/><V60/><F115/><W104/><G104/><T16/><D16/><U75/><E19/><V35/><F112/><W21/><G120/><T43/><D43/><U86/><E58/><V133/><F42/><W57/><G74/><T100/><D100/><U83/><E75/><V69/><F69/><W47/><G47/><T110/><D110/><U51/><E31/><V13/><F133/><W80/><N who="3" m="23552" /><DORA hai="30" /><W17/><REACH who="3" step="1"/><G17/><REACH who="3" ten="180,230,250,320" step="2"/><T62/><D62/><U82/><E24/><V48/><F102/><W55/><G55/><T122/><D122/><U109/><E109/><V40/><F101/><W98/><G98/><T97/><D97/><U44/><E44/><V126/><F99/><RYUUKYOKU ba="1,2" sc="180,15,230,-15,250,-15,320,15" hai0="1,6,9,20,25,29,37,39,54,56,61,81,85" hai3="7,10,21,22,49,52,57,72,79,80" /><INIT seed="3,2,2,0,4,0" ten="195,215,235,335" oya="3" hai0="87,30,58,88,81,123,133,79,70,92,98,46,110" hai1="44,36,124,27,72,100,25,76,31,62,122,29,111" hai2="80,78,23,49,55,85,117,33,68,71,1,51,60" hai3="5,84,99,13,28,134,119,114,90,63,7,16,4"/><W131/><G119/><T40/><D70/><U69/><E122/><V50/><F33/><W77/><G114/><T45/><D123/><U127/><E111/><V11/><F117/><W32/><G131/><T126/><D110/><U67/><E100/><V95/><F23/><W14/><G134/><T9/><D133/><U65/><E65/><V24/><F24/><W86/><G32/><T130/><D130/><U59/><E69/><V101/><F101/><W128/><G28/><N who="1" m="10826" /><E76/><V135/><F135/><W64/><G128/><T2/><D126/><N who="1" m="48171" /><E72/><V52/><F95/><N who="3" m="56823" /><G13/><T113/><D113/><U118/><E118/><V66/><REACH who="2" step="1"/><F71/><REACH who="2" ten="195,215,225,335" step="2"/><W54/><G77/><T47/><D30/><U8/><E8/><V93/><F93/><W104/><G104/><T10/><D40/><AGARI ba="2,3" hai="25,27,36,40,44,59,62,67" m="48171,10826" machi="40" ten="30,1000,0" yaku="18,1" doraHai="0" who="1" fromWho="0" sc="195,-16,215,46,225,0,335,0" /><INIT seed="4,0,0,5,5,59" ten="179,261,225,335" oya="0" hai0="24,110,62,93,67,26,95,55,79,117,132,72,21" hai1="31,60,113,33,25,42,37,101,0,15,111,122,106" hai2="78,56,64,123,23,13,90,98,76,133,49,8,12" hai3="39,48,20,57,118,47,128,114,36,65,119,38,52"/><T2/><D117/><N who="3" m="44553" /><G20/><T86/><D2/><U14/><E122/><V22/><F123/><W4/><G4/><T54/><D110/><U29/><E111/><V34/><F34/><W6/><G6/><T9/><D132/><U71/><E29/><V99/><F133/><W75/><G75/><T115/><D115/><U18/><E0/><V19/><F23/><W100/><G100/><T27/><D9/><U134/><E113/><V92/><F99/><W112/><G128/><T116/><D116/><U51/><E37/><V53/><REACH who="2" step="1"/><F64/><REACH who="2" ten="179,261,215,335" step="2"/><W80/><G80/><N who="0" m="47391" /><D21/><U120/><E120/><V69/><F69/><W129/><G129/><T66/><D72/><U74/><E74/><V94/><F94/><N who="0" m="35850" /><D62/><AGARI ba="0,1" hai="36,38,39,47,48,52,57,62,65,112,114" m="44553" machi="62" ten="40,8000,1" yaku="34,2,52,1,54,1" doraHai="59" who="3" fromWho="0" sc="179,-80,261,0,215,0,335,90" /><INIT seed="5,0,0,1,4,39" ten="99,261,215,425" oya="1" hai0="1,53,21,88,23,29,76,51,94,59,87,12,131" hai1="54,80,67,52,95,119,58,101,36,10,63,35,82" hai2="26,128,66,126,72,108,98,19,125,113,83,6,8" hai3="132,9,70,114,55,2,78,134,97,68,85,84,118"/><U93/><E119/><V31/><F108/><W49/><G114/><T24/><D131/><U16/><E35/><V104/><F128/><W3/><G118/><T14/><D1/><N who="3" m="9" /><G97/><T47/><D76/><U106/><E36/><V65/><F113/><W81/><G84/><T20/><REACH who="0" step="1"/><D47/><REACH who="0" ten="89,261,215,425" step="2"/><U32/><E32/><AGARI ba="0,1" hai="12,14,20,21,23,24,29,32,51,53,59,87,88,94" machi="32" ten="40,5200,0" yaku="1,1,2,1,54,1,53,0" doraHai="39" doraHaiUra="38" who="0" fromWho="1" sc="89,62,261,-52,215,0,425,0" /><INIT seed="6,0,0,5,1,123" ten="151,209,215,425" oya="2" hai0="92,104,12,59,14,32,119,95,133,80,64,2,47" hai1="71,126,54,106,8,131,66,99,90,97,78,63,45" hai2="125,22,16,40,55,93,65,117,39,83,120,86,35" hai3="122,115,3,110,60,129,43,85,76,61,112,56,113"/><V82/><F117/><W108/><G122/><T10/><D104/><U21/><E131/><V58/><F120/><W28/><G3/><T19/><D119/><U130/><E130/><V134/><F35/><W4/><G4/><T94/><D133/><U75/><E126/><V7/><F134/><W100/><G100/><T77/><D32/><U29/><E75/><V103/><F125/><W50/><G129/><T34/><D34/><U27/><E78/><V84/><F7/><W37/><G28/><T6/><D47/><U114/><E114/><V70/><F70/><W124/><G76/><T31/><D31/><U15/><E106/><V0/><F0/><W11/><G11/><T69/><D69/><U25/><E25/><V72/><F65/><W38/><G85/><N who="2" m="32873" /><F72/><W51/><G124/><T91/><D2/><U42/><E54/><V105/><F105/><W81/><G81/><T128/><D128/><U20/><E90/><V102/><F40/><W41/><G113/><T132/><D132/><U49/><E21/><V88/><F39/><W101/><G101/><T107/><D107/><U109/><E109/><V135/><F135/><W48/><G48/><T13/><D91/><U44/><REACH who="1" step="1"/><E45/><REACH who="1" ten="151,199,215,425" step="2"/><V127/><F127/><W57/><AGARI ba="0,1" hai="37,38,41,43,50,51,56,57,60,61,108,110,112,115" machi="57" ten="25,16000,3" yaku="0,1,22,2,34,3,52,2" doraHai="123" who="3" fromWho="3" sc="151,-40,199,-40,215,-80,425,170" /><INIT seed="7,0,0,3,0,129" ten="111,159,135,595" oya="3" hai0="98,97,23,108,50,131,126,12,88,71,22,78,26" hai1="115,109,46,16,101,114,75,41,107,81,123,5,18" hai2="61,27,21,4,66,72,29,19,8,80,127,47,91" hai3="112,49,36,106,79,128,77,100,48,30,93,52,25"/><W113/><G36/><T121/><D108/><U87/><E123/><V40/><F127/><W62/><G128/><T59/><D121/><U134/><E134/><V111/><F111/><W99/><G106/><T69/><D131/><U119/><E109/><V67/><F29/><W55/><G62/><T63/><D126/><U64/><E75/><V58/><F67/><W84/><G84/><T86/><D78/><N who="3" m="29705" /><G49/><T1/><D1/><U83/><E64/><V125/><F125/><W10/><G10/><T132/><D132/><U65/><E65/><V43/><F72/><W9/><G9/><T42/><D12/><U82/><E87/><N who="2" m="50663" /><F47/><W28/><G25/><T32/><D32/><U122/><E119/><V39/><F39/><W6/><G6/><T53/><D71/><U68/><E5/><V102/><F102/><W54/><G48/><T56/><D69/><U73/><E73/><V13/><AGARI ba="0,0" hai="4,8,13,19,21,27,40,43,58,61,66" m="50663" machi="13" ten="30,1100,0" yaku="8,1" doraHai="129" who="2" fromWho="2" sc="111,-3,159,-3,135,11,595,-5" owari="108,-39.2,156,-4.4,146,-25.4,590,69.0" /></mjloggm>