<mjloggm ver="2.3"><GO type="169" lobby="0"/><UN n0="%4C%C3%97%57%C3%97%4C" n1="%6B%69%72%61%72%69%79%75" n2="%E3%83%AC%E3%82%AA%E3%83%B3%E3%83%8F%E3%83%AB%E3%83%88" n3="%E3%81%97%E3%82%93%E3%81%A1%E3%82%83%E3%82%93%E3%80%82" dan="16,16,17,16" rate="2132.79,2112.03,2150.85,2017.43" sx="M,M,M,F"/><TAIKYOKU oya="0"/><INIT seed="0,0,0,0,1,93" ten="250,250,250,250" oya="0" hai0="84,55,120,52,8,19,90,116,72,27,41,80,114" hai1="63,56,121,60,13,130,17,69,132,89,118,91,18" hai2="77,97,36,21,38,48,11,33,124,35,5,64,87" hai3="134,113,3,12,14,98,70,82,111,133,102,129,10"/><T79/><D114/><U86/><E118/><V31/><F124/><W6/><G113/><T81/><D116/><U46/><E121/><V50/><F64/><W20/><G70/><T30/><D120/><U34/><E34/><V24/><F38/><W105/><G111/><T83/><D41/><U7/><E132/><N who="3" m="50794" /><G129/><T2/><D83/><U68/><E46/><V85/><F36/><W125/><G125/><T95/><D81/><U110/><E86/><V44/><F77/><W40/><G40/><T104/><D104/><U135/><E56/><V75/><F75/><W29/><G82/><T99/><D72/><U108/><E13/><N who="3" m="5226" /><G20/><T103/><D79/><U62/><E62/><V78/><F35/><W53/><G29/><T37/><D37/><U106/><E106/><V88/><F33/><W9/><G9/><T22/><REACH who="0" step="1"/><D30/><REACH who="0" ten="240,250,250,250" step="2"/><U74/><E74/><V119/><F78/><W71/><G71/><T42/><D42/><U51/><E69/><V25/><F31/><W112/><G112/><T4/><AGARI ba="0,1" hai="2,4,8,19,22,27,52,55,80,84,90,95,99,103" machi="4" ten="30,11700,0" yaku="1,1,0,1,52,1,54,1,53,0" doraHai="93" doraHaiUra="131" who="0" fromWho="0" sc="240,127,250,-39,250,-39,250,-39" /><INIT seed="0,1,0,2,4,112" ten="367,211,211,211" oya="0" hai0="34,126,69,14,89,1,107,57,0,95,134,44,29" hai1="101,54,5,13,4,78,33,35,87,108,82,43,62" hai2="121,97,61,73,36,50,45,131,22,65,18,31,122" hai3="28,100,83,109,56,113,42,92,119,21,125,96,127"/><T58/><D69/><U60/><E108/><V79/><F131/><W38/><G113/><T49/><D107/><U77/><E101/><V17/><F36/><W71/><G71/><T11/><D134/><U2/><E43/><V8/><F79/><W24/><G109/><T81/><D126/><N who="3" m="48137" /><G83/><T86/><D0/><U98/><E98/><V39/><F39/><W94/><G94/><T93/><D1/><U46/><E2/><V30/><F73/><W9/><G9/><T102/><D29/><U40/><E77/><V47/><F97/><W76/><G76/><T90/><D34/><U91/><E78/><V133/><F133/><W129/><G129/><T120/><D120/><U66/><E54/><V6/><F122/><W111/><G111/><T7/><D102/><U20/><E20/><V10/><F45/><N who="3" m="23767" /><G56/><N who="0" m="21611" /><D90/><U124/><E124/><V99/><F10/><W104/><G92/><T75/><D75/><U123/><E91/><V70/><F8/><W130/><G130/><T51/><D44/><U3/><E3/><V67/><F47/><W80/><G80/><T41/><D41/><U115/><E82/><V84/><F70/><W26/><G26/><T64/><D95/><U132/><E40/><V52/><F121/><W110/><G110/><T74/><D74/><U116/><E123/><V37/><F37/><W118/><AGARI ba="1,0" hai="21,24,28,96,100,104,118,119" m="23767,48137" machi="118" ten="30,4000,0" yaku="18,1,52,2" doraHai="112" who="3" fromWho="3" sc="367,-21,211,-11,211,-11,211,43" /><INIT seed="1,0,0,5,2,21" ten="346,200,200,254" oya="1" hai0="64,53,103,19,113,12,68,83,27,2,71,74,66" hai1="82,81,43,89,106,108,96,78,114,8,102,135,6" hai2="39,7,97,85,29,125,131,100,55,44,77,11,87" hai3="63,54,105,31,10,130,91,41,86,133,33,40,57"/><U22/><E114/><V51/><F131/><W34/><G105/><T59/><D113/><U104/><E135/><V92/><F125/><W26/><G130/><T128/><D2/><U98/><E43/><V90/><F39/><W36/><G34/><T45/><D128/><U120/><E120/><V75/><F29/><W52/><G36/><T48/><D103/><N who="1" m="62567" /><E22/><V110/><F110/><W61/><G10/><T24/><D74/><N who="1" m="43223" /><E8/><V37/><F37/><W95/><G133/><T94/><D83/><U62/><E62/><V65/><F85/><W56/><AGARI ba="0,0" hai="26,31,33,40,41,52,54,56,57,61,63,86,91,95" machi="56" ten="30,7900,0" yaku="0,1,9,1,52,1,54,1" doraHai="21" who="3" fromWho="3" sc="346,-20,200,-39,200,-20,254,79" /><INIT seed="2,0,0,3,2,39" ten="326,161,180,333" oya="2" hai0="124,105,57,27,19,132,28,0,69,2,50,98,127" hai1="80,66,54,86,51,45,111,133,115,62,7,112,40" hai2="14,12,119,120,43,23,33,122,101,47,53,64,77" hai3="73,42,126,32,106,131,91,61,34,90,135,10,22"/><V74/><F33/><W103/><G73/><T121/><D121/><U15/><E111/><V35/><F35/><W3/><G135/><T96/><D69/><U125/><E125/><N who="0" m="48201" /><D132/><U1/><E1/><N who="0" m="617" /><D19/><U11/><E133/><V92/><F119/><W46/><G126/><T13/><D13/><U17/><E54/><V94/><F64/><W65/><G131/><T37/><D37/><U41/><E41/><V70/><F70/><N who="3" m="42287" /><G22/><N who="0" m="15479" /><D105/><U118/><E17/><V63/><F122/><W9/><G9/><T30/><D30/><U78/><REACH who="1" step="1"/><E118/><REACH who="1" ten="326,151,180,333" step="2"/><V56/><F120/><W24/><G3/><T38/><D38/><U110/><E110/><V4/><F4/><W95/><G10/><T58/><D50/><U52/><E52/><V116/><F53/><W68/><G34/><T76/><D76/><U88/><E88/><V79/><F77/><W55/><G91/><T60/><D60/><U85/><E85/><V97/><F79/><W87/><G55/><T82/><D98/><U114/><E114/><V104/><F97/><N who="3" m="61807" /><G32/><T93/><D82/><U48/><E48/><V107/><F116/><W109/><G109/><T134/><D134/><U89/><E89/><AGARI ba="0,1" hai="57,58,89,93,96" m="15479,617,48201" machi="89" ten="30,1000,0" yaku="18,1" doraHai="39" who="0" fromWho="1" sc="326,20,151,-10,180,0,333,0" /><INIT seed="3,0,0,3,5,130" ten="346,141,180,333" oya="3" hai0="14,19,21,103,5,53,101,108,123,102,10,95,60" hai1="20,114,107,66,31,65,127,54,99,91,75,88,36" hai2="80,2,34,79,52,111,97,69,7,71,26,125,51" hai3="135,39,112,45,70,109,23,8,87,17,18,122,22"/><W38/><G112/><T128/><D128/><U62/><E75/><V27/><F111/><W119/><G122/><T67/><D123/><U42/><E114/><V1/><F125/><W104/><G119/><T116/><D108/><U13/><E127/><V117/><F117/><W0/><G109/><T106/><D106/><U47/><E54/><V35/><F97/><W83/><G104/><T96/><D116/><U64/><E62/><V81/><F7/><W98/><G98/><T11/><D53/><U77/><E77/><V29/><F1/><W55/><G70/><T118/><D118/><U46/><E46/><V57/><F2/><W24/><G0/><T73/><D73/><U82/><E82/><V63/><F81/><W94/><G94/><T85/><D85/><U105/><E13/><V49/><F71/><W132/><G8/><T41/><D41/><U25/><REACH who="1" step="1"/><E107/><REACH who="1" ten="346,131,180,333" step="2"/><V56/><F69/><W78/><G55/><T15/><D10/><U30/><E30/><V58/><F63/><W131/><G45/><T44/><D44/><U12/><E12/><V86/><F52/><W33/><G131/><T115/><D115/><U76/><E76/><V124/><F124/><W90/><G78/><T113/><D113/><U134/><E134/><N who="3" m="51242" /><G33/><T110/><D110/><U129/><E129/><V6/><F35/><W100/><G100/><AGARI ba="0,1" hai="20,25,31,36,42,47,64,65,66,88,91,99,100,105" machi="100" ten="40,5200,0" yaku="1,1,54,1,53,1" doraHai="130" doraHaiUra="16" who="1" fromWho="3" sc="346,0,131,62,180,0,333,-52" /><INIT seed="4,0,0,4,5,64" ten="346,193,180,281" oya="0" hai0="56,96,13,133,104,127,100,115,103,69,118,3,26" hai1="79,62,108,16,67,112,77,41,76,48,134,60,15" hai2="43,68,120,71,99,78,124,93,10,38,52,74,116" hai3="25,75,89,72,34,47,32,51,88,17,14,119,37"/><T117/><D3/><U5/><E108/><V46/><F120/><W81/><G37/><T126/><D13/><U40/><E134/><V87/><F124/><N who="0" m="47658" /><D133/><U20/><E112/><V114/><F114/><W130/><G130/><T2/><D2/><U129/><E129/><V50/><F74/><W97/><G89/><T66/><D56/><U28/><E5/><V7/><F87/><W1/><G1/><T55/><D55/><U18/><E28/><V98/><F78/><W9/><G119/><N who="0" m="45579" /><D26/><U92/><E62/><V111/><F111/><W39/><G39/><T30/><D30/><U57/><E48/><V110/><F110/><W35/><G25/><T58/><D58/><U31/><E31/><V109/><F109/><W19/><G19/><T8/><D8/><U12/><REACH who="1" step="1"/><E92/><REACH who="1" ten="346,183,180,281" step="2"/><V80/><F116/><W131/><G131/><T36/><D36/><U91/><E91/><V73/><F93/><W29/><G29/><T45/><D115/><U101/><E101/><V24/><F38/><W65/><G34/><T54/><D103/><U53/><E53/><V122/><F52/><W86/><G35/><T6/><D6/><U83/><E83/><V82/><F80/><W135/><G32/><T106/><D54/><U27/><E27/><V125/><F24/><W107/><G135/><T105/><D45/><U42/><E42/><V44/><F125/><W90/><G81/><T94/><D94/><U84/><E84/><V95/><F43/><W11/><G86/><T0/><D0/><U4/><E4/><V21/><F7/><W22/><G51/><T132/><D132/><RYUUKYOKU ba="0,1" sc="346,15,183,15,180,-15,281,-15" hai0="66,69,96,100,104,105,106" hai1="12,15,16,18,20,40,41,57,60,67,76,77,79" /><INIT seed="4,1,1,3,5,39" ten="361,198,165,266" oya="0" hai0="133,102,24,109,25,16,71,74,60,22,61,37,103" hai1="6,5,63,93,82,23,83,90,15,68,101,7,55" hai2="18,36,0,59,127,78,49,76,32,89,132,38,95" hai3="97,121,87,91,111,134,114,62,56,48,77,84,96"/><T66/><D74/><U72/><E101/><V99/><F32/><W9/><G111/><T75/><D75/><U123/><E72/><V28/><F0/><W94/><G114/><T42/><D109/><U122/><E122/><V11/><F28/><W53/><G121/><T124/><D133/><U52/><E68/><V8/><F132/><W131/><G131/><T129/><D129/><U120/><E120/><V27/><F38/><W70/><G70/><T34/><D124/><U33/><E33/><V4/><F36/><W14/><G134/><T81/><D81/><N who="1" m="30731" /><E63/><V108/><F127/><W17/><G62/><T80/><D80/><AGARI ba="1,1" hai="9,14,17,48,53,56,77,80,84,87,91,94,96,97" machi="80" ten="40,1300,0" yaku="8,1" doraHai="39" who="3" fromWho="0" sc="361,-16,198,0,165,0,266,26" /><INIT seed="5,0,0,3,3,66" ten="345,198,165,292" oya="1" hai0="122,29,84,115,87,72,40,102,74,117,2,62,64" hai1="36,97,50,112,63,90,24,105,59,93,55,98,113" hai2="89,44,6,4,25,16,130,38,15,33,135,86,78" hai3="19,41,88,82,21,75,103,94,46,124,17,92,126"/><U14/><E36/><V43/><F135/><W99/><G75/><T61/><D117/><U65/><E14/><V121/><F130/><W53/><G53/><T127/><D2/><U125/><E125/><N who="3" m="48234" /><G82/><T110/><D110/><U31/><E98/><V39/><F78/><W28/><G28/><T27/><D40/><U107/><E107/><V20/><F38/><N who="3" m="21815" /><G21/><T70/><D74/><U81/><E81/><V71/><F121/><W57/><G57/><T106/><D72/><U134/><E134/><V7/><F71/><W111/><G111/><T32/><D122/><U9/><E9/><V80/><REACH who="2" step="1"/><F33/><REACH who="2" ten="345,198,155,292" step="2"/><W30/><G30/><T67/><D127/><U101/><E31/><V18/><F18/><W79/><G79/><T109/><D109/><U116/><E116/><V13/><AGARI ba="0,1" hai="4,6,7,13,15,16,20,25,39,43,44,80,86,89" machi="13" ten="30,8000,1" yaku="1,1,0,1,54,1,53,2" doraHai="66" doraHaiUra="8" who="2" fromWho="2" sc="345,-20,198,-40,155,90,292,-20" /><INIT seed="6,0,0,1,5,34" ten="325,158,245,272" oya="2" hai0="72,21,134,38,124,135,119,92,85,22,1,42,95" hai1="60,105,31,87,80,129,122,64,117,24,70,17,26" hai2="57,88,59,20,104,111,107,103,54,18,61,97,76" hai3="51,121,102,73,58,82,6,84,131,55,25,79,3"/><V69/><F111/><W109/><G109/><T52/><D72/><U115/><E117/><V0/><F69/><W47/><G121/><T53/><D119/><U99/><E129/><V49/><F107/><W110/><G110/><T8/><D124/><U4/><E122/><V91/><F76/><W62/><G131/><T114/><D114/><U74/><E74/><V30/><F30/><W28/><G102/><T27/><D42/><U101/><E115/><V39/><F0/><W43/><G73/><T83/><D38/><U50/><E4/><V77/><F77/><W125/><G6/><T44/><D44/><U10/><E50/><V118/><F39/><W106/><G106/><T46/><D46/><U40/><E40/><V113/><F113/><W56/><G56/><T90/><D21/><U11/><E17/><V33/><F33/><W96/><G96/><T94/><D8/><U132/><E26/><V71/><F71/><W127/><G3/><T19/><D1/><U108/><E132/><AGARI ba="0,0" hai="19,22,27,52,53,83,85,90,92,94,95,132,134,135" machi="132" ten="40,2600,0" yaku="20,1,54,1" doraHai="34" who="0" fromWho="1" sc="325,26,158,-26,245,0,272,0" /><INIT seed="7,0,0,1,2,73" ten="351,132,245,272" oya="3" hai0="52,34,68,79,18,116,38,1,91,20,49,28,11" hai1="97,121,87,111,109,124,57,112,105,135,62,2,66" hai2="96,80,29,7,85,39,108,36,35,13,5,88,122" hai3="74,131,129,117,77,99,40,60,3,76,32,119,8"/><W33/><G74/><T55/><D38/><U95/><E2/><V113/><F108/><W23/><G40/><T31/><D68/><U110/><E66/><V6/><F113/><W64/><G99/><T83/><D91/><U114/><E57/><V125/><F125/><W17/><G8/><T133/><D133/><U72/><E62/><V69/><F69/><W106/><G106/><T134/><D134/><U94/><E124/><V54/><F122/><W43/><G43/><T100/><D100/><U47/><E47/><V26/><F96/><W107/><G107/><T120/><D34/><U24/><E24/><V46/><F13/><W44/><G44/><T4/><D55/><U75/><E135/><V16/><F16/><W84/><G84/><T118/><D120/><U71/><E71/><V41/><REACH who="2" step="1"/><F54/><REACH who="2" ten="351,132,235,272" step="2"/><W45/><G17/><T104/><D18/><U128/><E121/><V126/><F126/><W123/><G123/><T50/><D52/><U65/><E65/><V89/><F89/><W14/><G14/><T102/><D102/><N who="1" m="62671" /><E128/><N who="3" m="49226" /><G45/><T90/><D90/><N who="1" m="53599" /><E95/><V21/><F21/><W19/><G23/><T67/><D20/><U58/><E58/><V10/><F10/><W86/><G19/><T53/><D11/><U63/><E63/><V93/><F93/><W48/><G60/><T127/><D127/><U82/><E82/><V61/><F61/><W27/><G64/><T132/><D67/><U30/><E30/><V103/><F103/><W115/><G3/><T9/><D1/><U0/><E0/><V70/><F70/><W78/><G27/><T59/><D132/><RYUUKYOKU ba="0,1" sc="351,-15,132,15,235,15,272,-15" hai1="72,75,109,110,111,112,114" hai2="5,6,7,26,29,35,36,39,41,46,80,85,88" owari="346,44.6,147,-35.3,250,-15.0,257,5.7" /></mjloggm>