<mjloggm ver="2.3"><GO type="169" lobby="0"/><UN n0="%E5%AE%8C%E5%85%A8%E5%AE%89%E7%89%8C" n1="%6B%6F%61%6C%61" n2="%E7%AB%B9%E4%BA%95%E4%B9%85%EF%BC%A0%E9%83%A8%E9%95%B7" n3="%E5%8F%B3%E8%84%B3%E8%A9%B0%E3%82%81" dan="17,16,17,17" rate="2176.67,2021.92,2133.48,2192.91" sx="M,M,F,M"/><TAIKYOKU oya="0"/><INIT seed="0,0,0,2,1,80" ten="250,250,250,250" oya="0" hai0="101,57,98,62,109,75,105,48,19,17,2,47,124" hai1="69,10,123,83,122,31,68,97,79,111,11,110,53" hai2="12,5,56,15,127,28,43,130,14,91,134,121,36" hai3="7,72,117,113,89,37,9,16,54,27,67,81,50"/><T100/><D124/><U125/><E97/><V131/><F121/><W26/><G113/><T6/><D75/><U0/><E125/><V13/><F127/><W128/><G37/><T39/><D39/><U78/><E31/><V90/><F134/><W112/><G112/><T4/><D109/><U132/><E83/><V129/><F28/><W58/><G117/><T34/><D34/><U82/><E82/><V71/><F71/><W88/><G128/><T40/><D100/><U18/><E18/><V87/><F56/><W66/><G72/><T51/><D51/><U93/><E93/><N who="2" m="54495" /><F91/><N who="3" m="34891" /><G81/><T55/><REACH who="0" step="1"/><D4/><REACH who="0" ten="240,250,250,250" step="2"/><U70/><E110/><V8/><F36/><W25/><G7/><T76/><D76/><U46/><E79/><V102/><F43/><W42/><G42/><T133/><D133/><U94/><E78/><V106/><F102/><W77/><G77/><T119/><D119/><U59/><E111/><V1/><N who="2" m="3072" /><DORA hai="35" /><V21/><F21/><N who="3" m="13479" /><G9/><AGARI ba="0,1" hai="2,6,9,17,19,40,47,48,55,57,62,98,101,105" machi="9" ten="40,3900,0" yaku="1,1,52,1,53,0" doraHai="80,35" doraHaiUra="114,29" who="0" fromWho="3" sc="240,49,250,0,250,0,250,-39" /><INIT seed="0,1,0,2,1,84" ten="289,250,250,211" oya="0" hai0="82,51,128,109,9,125,122,46,121,14,89,44,21" hai1="108,92,93,57,15,2,100,120,85,68,117,23,78" hai2="25,10,39,118,74,112,102,73,28,49,56,97,52" hai3="87,11,96,134,59,64,114,75,105,54,53,70,130"/><T36/><D128/><U101/><E68/><V20/><F112/><W65/><G75/><T0/><D0/><U62/><E2/><V45/><F118/><W67/><G114/><T80/><D125/><U17/><E117/><V60/><F39/><W126/><G126/><T42/><D21/><U41/><E108/><V30/><F28/><W19/><G70/><T106/><D106/><U24/><E41/><V3/><F10/><W5/><G19/><T133/><D133/><U55/><E120/><V18/><F18/><W66/><G134/><T95/><D109/><U33/><E33/><V90/><F90/><W104/><G96/><T69/><D69/><U132/><E132/><V32/><F32/><W13/><G130/><T34/><D34/><U40/><E40/><V1/><F1/><W83/><N who="3" m="16384" /><DORA hai="61" /><W119/><G54/><T4/><D121/><U115/><E15/><V79/><F79/><W22/><G22/><T12/><D12/><U129/><E129/><V107/><REACH who="2" step="1"/><F3/><REACH who="2" ten="289,250,240,211" step="2"/><W72/><G119/><T37/><D37/><U88/><E78/><V98/><F98/><W58/><G72/><T29/><D29/><U123/><E115/><V77/><F77/><W7/><G5/><T94/><D122/><U76/><E123/><V8/><F8/><W127/><G11/><T6/><D6/><U26/><E76/><V63/><F63/><W131/><G7/><T48/><D36/><U86/><E17/><V31/><F31/><W111/><G127/><T71/><D71/><U103/><E23/><V50/><F50/><W43/><G111/><T99/><D4/><RYUUKYOKU ba="1,1" sc="289,-15,250,15,240,15,211,-15" hai1="24,26,55,57,62,85,86,88,92,93,100,101,103" hai2="20,25,30,45,49,52,56,60,73,74,97,102,107" /><INIT seed="1,2,1,2,0,55" ten="274,265,255,196" oya="1" hai0="99,24,111,121,94,104,115,37,90,50,6,64,42" hai1="2,14,67,29,129,5,36,72,56,33,39,44,100" hai2="49,54,10,131,74,20,127,32,118,43,91,80,9" hai3="106,83,84,122,58,51,35,75,21,97,93,46,126"/><U19/><E72/><V47/><F118/><W113/><G35/><T73/><D115/><U13/><E100/><V30/><F32/><W28/><G122/><T134/><D37/><U40/><E129/><V98/><F127/><W27/><G126/><T132/><D6/><U34/><E36/><V103/><F131/><W87/><G113/><T15/><D15/><U18/><E2/><V59/><F30/><W16/><G106/><T114/><D114/><U8/><E29/><V25/><F20/><W130/><G130/><T77/><D64/><U12/><E5/><V125/><F25/><W26/><G75/><T38/><D50/><U4/><E4/><V96/><F125/><W57/><G84/><N who="0" m="52551" /><D24/><U95/><E13/><V41/><F41/><N who="3" m="25039" /><G28/><T71/><D71/><U110/><E110/><V102/><F98/><W68/><G68/><T135/><D42/><U133/><E133/><V52/><F43/><W81/><G27/><T65/><D65/><U7/><E7/><V119/><F119/><W0/><G0/><T92/><D38/><U22/><REACH who="1" step="1"/><E95/><REACH who="1" ten="274,255,255,196" step="2"/><N who="2" m="56447" /><F74/><W3/><G3/><T101/><D111/><U53/><E53/><V76/><F103/><N who="3" m="60847" /><G83/><N who="0" m="45487" /><D92/><U109/><E109/><V88/><F102/><W61/><G61/><AGARI ba="2,2" hai="8,12,14,18,19,22,33,34,39,40,44,56,61,67" machi="61" ten="40,3900,0" yaku="1,1,52,1,53,0" doraHai="55" doraHaiUra="108" who="1" fromWho="3" sc="274,0,255,65,255,0,196,-45" /><INIT seed="1,3,0,5,2,46" ten="274,320,255,151" oya="1" hai0="15,42,129,50,35,124,37,85,104,97,9,62,59" hai1="134,132,83,60,44,73,54,23,126,112,63,66,10" hai2="48,74,25,69,2,20,125,49,122,13,4,133,76" hai3="43,34,3,64,103,14,123,6,92,93,107,119,88"/><U87/><E73/><V32/><F122/><W89/><G123/><T106/><D129/><U8/><E112/><V70/><F2/><W17/><G34/><T86/><D37/><U130/><E130/><V95/><F32/><W135/><G135/><N who="1" m="51754" /><E23/><V72/><F125/><W75/><G75/><T111/><D111/><U65/><E126/><V102/><F133/><W40/><G64/><N who="1" m="24682" /><E63/><V117/><F20/><W108/><G108/><T27/><D62/><U90/><E44/><V98/><F74/><W78/><G78/><T26/><D124/><U81/><E81/><V80/><F117/><W30/><G30/><T127/><D35/><U11/><E60/><V120/><F120/><W41/><G119/><T99/><D59/><U16/><E54/><V31/><F70/><W118/><G118/><T128/><D128/><U28/><E28/><V110/><F69/><W57/><G57/><T47/><D127/><U84/><E87/><V7/><F110/><W96/><G43/><T131/><D85/><U55/><E55/><V21/><REACH who="2" step="1"/><F13/><AGARI ba="3,0" hai="8,10,11,13,16,83,84,90" m="24682,51754" machi="13" ten="30,2900,0" yaku="20,1,54,1" doraHai="46" who="1" fromWho="2" sc="274,0,320,38,255,-38,151,0" /><INIT seed="1,4,0,2,2,114" ten="274,358,217,151" oya="1" hai0="39,122,89,14,71,26,27,81,42,16,18,23,135" hai1="87,128,11,104,94,73,111,90,95,30,64,41,91" hai2="31,61,40,52,131,58,33,84,115,48,63,83,124" hai3="46,121,32,19,134,88,77,70,85,51,107,25,1"/><U20/><E41/><V126/><F115/><W98/><G134/><T3/><D3/><U66/><E104/><V116/><F131/><W123/><G70/><T78/><D135/><U47/><E73/><V62/><F40/><W10/><G77/><T65/><D122/><U117/><E117/><V67/><F116/><W132/><G132/><T13/><D89/><U29/><E128/><V54/><F67/><N who="1" m="25641" /><E47/><V112/><F112/><W8/><G8/><T55/><D55/><U59/><E59/><V99/><F99/><W79/><G79/><T60/><D39/><U5/><E20/><V96/><F96/><W37/><G37/><T21/><REACH who="0" step="1"/><D42/><REACH who="0" ten="264,358,217,151" step="2"/><U45/><E90/><V76/><F54/><W15/><G1/><T108/><D108/><U82/><E111/><V2/><F2/><W103/><G32/><T130/><D130/><U43/><E43/><V9/><F33/><W92/><G25/><T56/><D56/><U35/><E35/><V72/><F58/><W100/><G100/><T106/><D106/><U118/><E45/><V36/><F36/><W6/><G121/><T69/><D69/><U93/><E118/><V7/><F52/><N who="3" m="29815" /><G123/><T17/><D17/><U75/><E91/><V110/><F110/><W53/><G53/><T44/><D44/><U129/><E129/><V125/><F48/><W97/><G98/><T80/><D80/><U74/><E29/><V101/><F101/><W127/><G19/><T22/><D22/><U119/><E30/><V109/><F31/><W68/><G68/><T120/><D120/><U34/><E34/><V133/><F109/><RYUUKYOKU ba="4,1" sc="264,15,358,-15,217,-15,151,15" hai0="13,14,16,18,21,23,26,27,60,65,71,78,81" hai3="6,10,15,85,88,92,97,103,107,127" /><INIT seed="2,5,1,3,0,120" ten="279,343,202,166" oya="2" hai0="55,110,39,19,61,70,82,106,32,133,1,71,89" hai1="51,14,111,8,40,17,7,11,47,57,60,35,134" hai2="54,90,4,37,49,103,77,21,75,62,95,45,101" hai3="100,85,38,66,99,92,78,68,59,30,18,81,121"/><V107/><F107/><W46/><G121/><T48/><D39/><U132/><E35/><V130/><F130/><W123/><G123/><T86/><D133/><N who="1" m="51307" /><E111/><V131/><F131/><W72/><G68/><T53/><D1/><N who="1" m="111" /><E57/><V124/><F124/><W36/><G46/><T93/><D32/><U0/><E0/><V98/><F37/><W135/><G135/><T94/><D106/><U5/><E60/><V3/><F21/><W27/><G18/><AGARI ba="5,1" hai="5,11,14,17,18,40,47,51" m="111,51307" machi="18" ten="30,1000,0" yaku="20,1" doraHai="120" who="1" fromWho="3" sc="279,0,343,35,202,0,166,-25" /><INIT seed="3,0,0,5,1,54" ten="279,378,202,141" oya="3" hai0="93,103,48,92,52,85,39,4,122,78,43,128,1" hai1="96,111,10,61,56,15,105,63,124,125,131,106,74" hai2="132,127,42,62,109,87,65,24,123,100,88,69,46" hai3="133,11,58,81,8,73,6,135,82,126,117,47,107"/><W49/><G117/><T64/><D122/><U67/><E74/><V45/><F123/><W118/><G118/><T97/><D128/><U104/><E111/><V114/><F114/><W28/><G107/><T30/><D64/><U27/><E27/><V3/><F3/><W95/><G126/><N who="1" m="48746" /><E63/><V99/><F127/><W50/><G28/><T38/><D43/><U33/><E33/><V115/><F115/><W13/><G95/><T34/><D34/><U94/><E131/><V22/><F132/><N who="3" m="50763" /><G11/><T0/><D30/><U23/><E23/><V60/><F109/><W116/><G116/><T77/><D77/><U121/><E121/><V21/><F21/><W9/><G9/><T57/><D4/><N who="1" m="3527" /><E106/><V51/><F22/><W101/><G73/><T134/><D134/><U89/><AGARI ba="0,0" hai="56,61,67,89,94,96,104,105" m="3527,48746" machi="89" ten="30,2000,0" yaku="18,1,52,1" doraHai="54" who="1" fromWho="1" sc="279,-5,378,20,202,-5,141,-10" /><INIT seed="4,0,0,0,5,131" ten="274,398,197,131" oya="0" hai0="19,30,76,67,93,78,58,84,39,57,11,41,52" hai1="134,46,61,130,62,71,85,77,34,90,53,112,32" hai2="28,35,50,63,87,79,106,123,64,91,70,68,6" hai3="120,22,95,88,92,115,124,86,47,27,13,4,12"/><T17/><D39/><U49/><E130/><V126/><F123/><W21/><G120/><T74/><D41/><U83/><E134/><V75/><F126/><W80/><G115/><T129/><D129/><U98/><E62/><V25/><F106/><W59/><G124/><T14/><D30/><U104/><E112/><V116/><F116/><W102/><G22/><T113/><D74/><U51/><E61/><V31/><F70/><W97/><G59/><T96/><D113/><U107/><E71/><V44/><F6/><W118/><G118/><T117/><D117/><U132/><E107/><V45/><F31/><W40/><G95/><T101/><D58/><U48/><E32/><V37/><F37/><W60/><G60/><N who="0" m="35879" /><D67/><U125/><E34/><V9/><F9/><W36/><REACH who="3" step="1"/><G4/><REACH who="3" ten="274,398,197,121" step="2"/><N who="0" m="3431" /><D78/><U2/><E77/><V66/><F79/><W122/><G122/><T119/><D119/><U73/><E125/><V99/><F66/><W121/><G121/><T56/><D56/><U69/><E69/><V15/><F68/><W65/><G65/><T8/><D8/><U100/><E104/><V42/><F64/><W16/><AGARI ba="0,1" hai="12,13,16,21,27,36,40,47,80,86,88,92,97,102" machi="16" ten="20,12000,2" yaku="1,1,0,1,7,1,54,2,53,2" doraHai="131" doraHaiUra="10" who="3" fromWho="3" sc="274,-60,398,-30,197,-30,121,130" /><INIT seed="5,0,0,2,3,4" ten="214,368,167,251" oya="1" hai0="103,95,21,82,112,111,123,102,87,121,26,118,17" hai1="128,76,11,129,117,37,75,53,124,10,79,39,119" hai2="83,67,60,80,9,46,97,89,52,78,51,54,38" hai3="108,100,134,61,56,70,1,88,6,96,36,45,5"/><U49/><E49/><V116/><F116/><W50/><G108/><T25/><D118/><U14/><E14/><V8/><F38/><W29/><G134/><T2/><D111/><U58/><E58/><N who="2" m="37271" /><F54/><W55/><G29/><T12/><D2/><U107/><E53/><V71/><F71/><W34/><G34/><T7/><D112/><U93/><E124/><V19/><F19/><W13/><G1/><T16/><D7/><U131/><E131/><V120/><F120/><N who="0" m="46154" /><D95/><U74/><E93/><N who="2" m="56495" /><F78/><W35/><G35/><T77/><D26/><U114/><E114/><V68/><F68/><W135/><G135/><T69/><D69/><U90/><E90/><V84/><F84/><W32/><G32/><T0/><D0/><U94/><E94/><V3/><F3/><W127/><G88/><T18/><D18/><U27/><E27/><V109/><F109/><W64/><G127/><T57/><D57/><U125/><E125/><V24/><F24/><W106/><G13/><T66/><D66/><U132/><E132/><V31/><F31/><W42/><AGARI ba="0,0" hai="5,6,36,42,45,50,55,56,61,64,70,96,100,106" machi="42" ten="30,4000,0" yaku="0,1,24,2" doraHai="4" who="3" fromWho="3" sc="214,-10,368,-20,167,-10,251,40" /><INIT seed="6,0,0,1,0,76" ten="204,348,157,291" oya="2" hai0="107,125,17,132,30,36,96,50,69,105,100,124,64" hai1="63,35,126,24,4,14,54,45,74,117,83,87,73" hai2="65,27,26,39,90,56,37,23,44,106,22,21,46" hai3="9,80,61,134,40,101,94,119,16,18,67,93,57"/><V42/><F106/><W111/><G119/><T84/><D36/><U103/><E126/><N who="0" m="48745" /><D132/><U97/><E117/><V91/><F65/><W29/><G111/><T118/><D118/><U88/><E35/><V31/><F56/><N who="3" m="37287" /><G134/><T60/><D30/><U13/><E24/><V110/><F110/><W12/><G40/><T122/><D122/><U59/><E45/><V79/><F79/><W131/><G131/><T49/><D105/><U5/><E73/><V55/><F27/><W0/><G0/><T123/><D123/><U62/><E62/><V58/><F44/><W77/><G29/><T121/><D121/><U20/><E74/><V102/><F102/><W43/><G43/><T109/><D109/><U53/><E53/><V34/><REACH who="2" step="1"/><F39/><REACH who="2" ten="204,348,147,291" step="2"/><W41/><G57/><T85/><D17/><U72/><E103/><V127/><F127/><W38/><G101/><T70/><D70/><U95/><E59/><V92/><F92/><W32/><G38/><T48/><AGARI ba="0,1" hai="48,49,50,60,64,69,84,85,96,100,107" m="48745" machi="48" ten="30,1100,0" yaku="18,1" doraHai="76" who="0" fromWho="0" sc="204,21,348,-3,147,-5,291,-3" /><INIT seed="7,0,0,5,2,22" ten="225,345,142,288" oya="3" hai0="132,64,66,20,29,32,80,115,77,34,8,123,11" hai1="113,59,49,37,127,99,68,107,119,57,44,101,13" hai2="72,1,56,131,84,79,128,74,88,117,14,9,12" hai3="2,70,98,5,124,30,109,25,89,125,81,96,3"/><W129/><G70/><T116/><D123/><U76/><E68/><V16/><F117/><W40/><G40/><T92/><D116/><U118/><E118/><V65/><F1/><W134/><G134/><T114/><D132/><U94/><E113/><N who="0" m="43017" /><D92/><U18/><E37/><V69/><F69/><W45/><G45/><T43/><D20/><U112/><E112/><V19/><F79/><W46/><G46/><T21/><D21/><U28/><E28/><V26/><F26/><W104/><G129/><T4/><D43/><U0/><E0/><V27/><F27/><W60/><G60/><T85/><D8/><U67/><E94/><V54/><F65/><N who="0" m="25194" /><D29/><U102/><E119/><V50/><F128/><W42/><G42/><T48/><D48/><U108/><E49/><V83/><REACH who="2" step="1"/><F131/><REACH who="2" ten="225,345,132,288" step="2"/><W62/><G3/><AGARI ba="0,1" hai="3,4,11,32,34,77,80,85" m="25194,43017" machi="3" ten="30,2000,0" yaku="15,1,11,1" doraHai="22" who="0" fromWho="3" sc="225,30,345,0,132,0,288,-20" owari="255,-14.5,345,44.5,132,-36.8,268,6.8" /></mjloggm>