<mjloggm ver="2.3"><GO type="169" lobby="0"/><UN n0="%E3%81%8D%E3%82%83%E3%83%BC%E3%82%8D%E3%82%93" n1="%E8%8A%B1%E9%81%93%E6%A1%9C%E6%9C%A8" n2="%74%61%6B%75%61%6B%61" n3="%E6%96%B0%E6%9C%88%E9%97%87%E9%9F%B3" dan="16,16,16,17" rate="2119.83,2142.96,2139.98,2207.32" sx="M,M,M,M"/><TAIKYOKU oya="0"/><INIT seed="0,0,0,2,3,51" ten="250,250,250,250" oya="0" hai0="135,48,34,36,25,68,126,133,117,70,15,27,40" hai1="12,104,129,77,73,6,88,134,65,79,124,33,58" hai2="75,3,61,2,94,69,111,43,86,45,83,98,121" hai3="59,103,24,17,20,100,49,123,35,46,50,101,67"/><T30/><D36/><U119/><E119/><V10/><F75/><W87/><G123/><T112/><D112/><U97/><E33/><V99/><F121/><W95/><G35/><T22/><D117/><U96/><E134/><N who="0" m="51209" /><D15/><U106/><E129/><V23/><F111/><W47/><G67/><T107/><D107/><U63/><E124/><V38/><F23/><W80/><G95/><T53/><D40/><U11/><E73/><V26/><F26/><W125/><G125/><T72/><D72/><U14/><E106/><V82/><F99/><W13/><G24/><T78/><D78/><U0/><E0/><V108/><F108/><W16/><G17/><N who="0" m="12495" /><D126/><U64/><E64/><V37/><F43/><W52/><G50/><T114/><D114/><U92/><REACH who="1" step="1"/><E14/><REACH who="1" ten="250,240,250,250" step="2"/><V5/><F2/><W74/><REACH who="3" step="1"/><G74/><REACH who="3" ten="250,240,250,240" step="2"/><T113/><D113/><U19/><E19/><V89/><F3/><W120/><G120/><T105/><D105/><U66/><E66/><V122/><F122/><W131/><G131/><T28/><D28/><U7/><E7/><V32/><F5/><W55/><G55/><T1/><D1/><U60/><E60/><V84/><F61/><W109/><G109/><T18/><D18/><U93/><E93/><V42/><F94/><W21/><G21/><T127/><D127/><U44/><E44/><AGARI ba="0,2" hai="27,30,34,44,48,53,68,70" m="12495,51209" machi="44" ten="30,2900,0" yaku="20,1,52,1" doraHai="51" who="0" fromWho="1" sc="250,49,240,-29,250,0,240,0" /><INIT seed="0,1,0,2,3,11" ten="299,211,250,240" oya="0" hai0="38,60,98,125,73,3,119,93,132,99,30,107,75" hai1="14,4,58,18,70,116,56,82,102,7,5,130,65" hai2="50,21,133,64,2,37,15,61,80,68,86,121,17" hai3="53,6,104,57,108,83,1,26,42,84,34,63,79"/><T45/><D3/><U118/><E130/><V48/><F121/><W44/><G108/><T106/><D30/><U88/><E102/><V123/><F123/><W111/><G111/><T32/><D32/><U69/><E69/><V16/><F133/><W0/><G104/><N who="0" m="39979" /><D60/><U59/><E70/><V24/><F2/><W19/><G6/><T77/><D45/><U100/><E100/><V28/><F37/><W89/><G79/><T62/><D62/><U29/><E29/><V12/><F17/><W135/><G135/><T105/><D38/><U66/><E118/><V49/><REACH who="2" step="1"/><F28/><REACH who="2" ten="299,211,240,240" step="2"/><W8/><G0/><T91/><D132/><U81/><E116/><V112/><F112/><W54/><G1/><T51/><D119/><U85/><REACH who="1" step="1"/><E82/><REACH who="1" ten="299,201,240,240" step="2"/><V25/><F25/><W122/><G83/><N who="0" m="45487" /><D105/><U55/><E55/><V96/><F96/><W129/><G54/><T71/><D99/><U10/><AGARI ba="1,2" hai="4,5,7,10,14,18,56,58,59,65,66,81,85,88" machi="10" ten="30,8000,1" yaku="1,1,0,1,8,1,52,1,54,1,53,0" doraHai="11" doraHaiUra="31" who="1" fromWho="1" sc="299,-41,201,103,240,-21,240,-21" /><INIT seed="1,0,0,2,5,93" ten="258,304,219,219" oya="1" hai0="82,127,46,133,114,72,70,54,16,40,61,38,67" hai1="30,1,17,113,10,45,27,87,86,126,81,134,96" hai2="119,121,80,73,33,84,20,106,19,107,89,34,15" hai3="12,132,112,76,68,22,48,13,18,56,71,109,135"/><U102/><E113/><V14/><F121/><W92/><G112/><T69/><D114/><U65/><E134/><N who="3" m="51242" /><G109/><T31/><D31/><U23/><E126/><V75/><F119/><W101/><G76/><T44/><D133/><U50/><E65/><V110/><F110/><W37/><G37/><T49/><D16/><U2/><E10/><V64/><F64/><W104/><G104/><T99/><D99/><U24/><E2/><V90/><F19/><W11/><G101/><T26/><D26/><U97/><E1/><V78/><F78/><W128/><G128/><T103/><D82/><U88/><E87/><V125/><F84/><W124/><G124/><T118/><D103/><U58/><E58/><V59/><F80/><W108/><G92/><T115/><D72/><U130/><E102/><V83/><F83/><W77/><G77/><T3/><D3/><U21/><E130/><V43/><F59/><W52/><G108/><T32/><D127/><U74/><E74/><V41/><REACH who="2" step="1"/><F125/><REACH who="2" ten="258,304,209,219" step="2"/><W94/><G94/><T111/><D111/><U51/><REACH who="1" step="1"/><E51/><REACH who="1" ten="258,294,209,219" step="2"/><V95/><F95/><W28/><G48/><T129/><D129/><U35/><E35/><V25/><F25/><W98/><G56/><N who="0" m="37287" /><D32/><U47/><E47/><V7/><F7/><W131/><G131/><T85/><D85/><U91/><E91/><V116/><F116/><W5/><G5/><T0/><D115/><U117/><E117/><V66/><F66/><W8/><G8/><T63/><D118/><U122/><E122/><V55/><F55/><AGARI ba="0,2" hai="17,21,23,24,27,30,45,50,55,81,86,88,96,97" machi="55" ten="30,18000,2" yaku="1,1,7,1,8,1,52,2,54,1,53,0" doraHai="93" doraHaiUra="9" who="1" fromWho="2" sc="258,0,294,200,209,-180,219,0" /><INIT seed="1,1,0,1,4,5" ten="258,494,29,219" oya="1" hai0="110,54,32,130,25,99,83,128,39,44,60,84,57" hai1="86,101,23,67,46,3,13,53,61,68,34,92,106" hai2="91,105,14,90,62,30,123,20,9,117,131,18,21" hai3="124,112,118,74,41,79,89,98,66,125,72,58,2"/><U109/><E3/><V100/><F123/><W15/><G2/><T122/><D110/><U97/><E34/><V56/><F117/><W8/><G112/><T85/><D122/><U16/><E109/><V120/><F120/><W102/><G118/><T93/><D39/><U111/><E111/><V88/><F131/><N who="0" m="50218" /><D44/><U17/><E17/><V7/><F30/><W59/><G41/><T126/><D83/><U22/><E86/><V55/><F105/><W113/><G113/><T135/><D135/><U96/><E53/><V77/><F100/><W51/><G89/><N who="0" m="55727" /><D126/><N who="3" m="48745" /><G79/><T4/><D4/><U26/><E46/><V134/><F134/><W78/><G51/><T36/><D36/><U24/><REACH who="1" step="1"/><E23/><REACH who="1" ten="258,484,29,219" step="2"/><V0/><REACH who="2" step="1"/><F77/><REACH who="2" ten="258,484,19,219" step="2"/><W133/><G78/><T29/><AGARI ba="1,2" hai="25,29,32,54,57,60,84,85" m="55727,50218" machi="29" ten="30,1100,0" yaku="19,1" doraHai="5" who="0" fromWho="0" sc="258,34,484,-6,19,-4,219,-4" /><INIT seed="2,0,0,0,0,125" ten="292,478,15,215" oya="2" hai0="54,113,14,62,80,92,116,23,61,57,34,35,45" hai1="97,124,78,16,44,127,15,77,13,21,26,28,40" hai2="31,58,114,7,5,109,48,18,55,3,56,128,102" hai3="117,8,96,50,17,59,133,108,119,86,83,46,6"/><V30/><F114/><W104/><G108/><T38/><D113/><U70/><E70/><V98/><F109/><W27/><G133/><T67/><D116/><U29/><E127/><V91/><F91/><W41/><G59/><T11/><D23/><U74/><E74/><V71/><F71/><W129/><G17/><T12/><D12/><U94/><E13/><V68/><F68/><W64/><G64/><T100/><D80/><U76/><E26/><V87/><F87/><W101/><G27/><T131/><D61/><U89/><REACH who="1" step="1"/><E124/><REACH who="1" ten="292,468,15,215" step="2"/><V22/><F128/><W43/><G129/><T95/><D14/><U122/><E122/><V110/><F110/><W85/><G119/><T0/><D0/><U60/><E60/><V111/><F111/><W72/><G117/><T36/><D62/><U134/><E134/><V103/><F58/><W69/><G69/><T47/><D57/><U135/><E135/><V107/><F103/><W90/><G72/><T88/><D100/><U32/><E32/><V106/><F106/><W25/><G25/><T63/><D63/><U121/><E121/><V19/><F19/><W4/><G104/><T112/><D131/><U93/><E93/><V75/><F75/><W132/><G132/><T120/><D120/><U65/><E65/><V105/><F105/><W49/><G101/><T2/><D112/><U53/><E53/><V84/><F84/><W33/><G86/><T115/><D54/><U9/><E9/><N who="2" m="2239" /><F7/><W123/><G123/><T20/><D95/><U51/><AGARI ba="0,1" hai="15,16,21,28,29,40,44,51,76,77,78,89,94,97" machi="51" ten="30,8000,1" yaku="1,1,0,1,8,1,54,1,53,1" doraHai="125" doraHaiUra="39" who="1" fromWho="1" sc="292,-20,468,90,15,-40,215,-20" owari="272,7.2,558,65.8,-25,-52.5,195,-20.5" /></mjloggm>