<mjloggm ver="2.3"><GO type="169" lobby="0"/><UN n0="%E2%91%A3%E9%81%BF%E9%81%8A%E6%88%AF%E3%80%90%E6%9D%B1%E5%8D%97%E3%80%91" n1="%61%73%61%64%61%31%32" n2="%E7%AD%89%E3%80%85%E5%8A%9B%E5%8A%87%E5%A0%B4" n3="%73%79%6C%76%65%6F%6E" dan="16,17,16,16" rate="2131.86,2159.73,2164.60,2154.79" sx="M,M,M,M"/><TAIKYOKU oya="0"/><INIT seed="0,0,0,1,5,81" ten="250,250,250,250" oya="0" hai0="125,104,132,37,18,33,4,57,31,1,28,36,124" hai1="117,42,66,130,123,83,56,47,20,119,89,76,100" hai2="63,46,68,58,13,39,65,118,43,59,30,72,126" hai3="106,54,87,5,93,86,73,95,90,53,9,44,8"/><T103/><D57/><U50/><E100/><V23/><F72/><W51/><G73/><T34/><D103/><U105/><E105/><V11/><F126/><N who="0" m="48746" /><D104/><U22/><E123/><V52/><F118/><W14/><G106/><T128/><D37/><U113/><E130/><V40/><F40/><N who="3" m="24967" /><G9/><N who="0" m="2191" /><D36/><U107/><E107/><V129/><F129/><W115/><G115/><T131/><D132/><U2/><E113/><V71/><F30/><N who="0" m="11306" /><D18/><U96/><E117/><V62/><REACH who="2" step="1"/><F23/><REACH who="2" ten="250,250,240,250" step="2"/><W112/><G112/><T102/><D102/><U80/><E119/><V110/><F110/><W15/><G54/><T116/><D116/><U99/><E22/><V25/><F25/><W70/><G53/><T17/><D17/><AGARI ba="0,1" hai="11,13,17,39,43,46,52,58,59,62,63,65,68,71" machi="17" ten="30,3900,0" yaku="1,1,7,1,54,1,53,0" doraHai="81" doraHaiUra="24" who="2" fromWho="0" sc="250,-39,250,0,240,49,250,0" /><INIT seed="1,0,0,1,4,95" ten="211,250,289,250" oya="1" hai0="28,128,119,81,94,80,57,29,13,48,105,106,14" hai1="122,10,36,0,102,2,52,104,101,34,131,7,58" hai2="60,78,67,33,75,90,121,64,38,87,51,39,72" hai3="66,19,49,103,12,46,70,1,109,108,79,129,50"/><U20/><E34/><V124/><F121/><W41/><G1/><T134/><D94/><U100/><E122/><V97/><F33/><W37/><G79/><T82/><D119/><U54/><E131/><V5/><F124/><W42/><G103/><T17/><D128/><U116/><E116/><V40/><F5/><W117/><G129/><T127/><D127/><U89/><E36/><V69/><F67/><W74/><G74/><T112/><D112/><U98/><E0/><V77/><F77/><W44/><G117/><T18/><D57/><U107/><E54/><V55/><F78/><W35/><G35/><T86/><D48/><U132/><E132/><V6/><F6/><W85/><G85/><T92/><D92/><U115/><E115/><V93/><F87/><W59/><G70/><T88/><D134/><U31/><E89/><V47/><REACH who="2" step="1"/><F38/><REACH who="2" ten="211,250,279,250" step="2"/><W53/><REACH who="3" step="1"/><G66/><REACH who="3" ten="211,250,279,240" step="2"/><T113/><D86/><U99/><E104/><V4/><F4/><W130/><G130/><T25/><D113/><U120/><E120/><V123/><F123/><W23/><AGARI ba="0,2" hai="12,19,23,37,41,42,44,46,49,50,53,59,108,109" machi="23" ten="30,2000,0" yaku="1,1,0,1,53,0" doraHai="95" doraHaiUra="76" who="3" fromWho="3" sc="211,-5,250,-10,279,-5,240,40" /><INIT seed="2,0,0,2,1,52" ten="206,240,274,280" oya="2" hai0="40,25,88,3,91,92,47,36,0,85,96,31,94" hai1="18,48,124,77,38,7,73,11,79,117,107,14,95" hai2="114,131,46,78,34,83,60,16,19,32,50,84,86" hai3="82,66,101,41,99,120,10,89,56,132,1,65,119"/><V43/><F114/><W135/><G119/><T13/><REACH who="0" step="1"/><D13/><REACH who="0" ten="196,240,274,280" step="2"/><U105/><E14/><V130/><F131/><W115/><G132/><T125/><D125/><U80/><E124/><V24/><F130/><W51/><G135/><T42/><D42/><U22/><E117/><V76/><F43/><W69/><G41/><T61/><D61/><U102/><E38/><V55/><F60/><W118/><G118/><T9/><D9/><U128/><E11/><V68/><F68/><W5/><G10/><T12/><D12/><U122/><E128/><V58/><F46/><W8/><G8/><T20/><AGARI ba="0,1" hai="0,3,20,25,31,36,40,47,85,88,91,92,94,96" machi="20" ten="20,8000,1" yaku="21,2,0,1,7,1,54,1,53,0" doraHai="52" doraHaiUra="49" who="0" fromWho="0" sc="196,90,240,-20,274,-40,280,-20" /><INIT seed="3,0,0,2,3,59" ten="286,220,234,260" oya="3" hai0="95,87,19,84,100,66,11,2,14,114,89,90,24" hai1="94,133,97,33,135,71,132,17,118,82,20,7,92" hai2="116,120,41,4,25,48,106,125,10,8,99,129,112" hai3="73,18,29,54,76,105,85,98,74,31,60,49,37"/><W22/><G37/><T64/><D114/><U53/><E33/><V83/><F116/><W27/><G74/><T34/><D2/><U38/><E38/><V108/><F112/><W123/><G73/><T58/><D100/><U113/><E113/><V6/><F108/><W51/><G123/><T103/><D103/><U68/><E118/><V32/><F129/><W40/><G105/><T126/><D126/><U30/><E30/><N who="3" m="11274" /><G40/><T93/><D34/><U80/><E7/><V57/><F4/><W36/><G36/><T96/><D24/><U56/><E92/><V127/><F25/><W70/><G70/><T65/><D96/><U28/><E28/><V5/><F99/><W117/><G117/><T15/><D14/><U121/><E121/><V115/><F41/><W77/><G98/><T9/><D11/><U111/><E111/><V79/><F10/><W45/><G60/><AGARI ba="0,0" hai="9,15,19,58,60,64,65,66,84,87,89,90,93,95" machi="60" ten="40,5200,0" yaku="9,1,8,1,52,1" doraHai="59" who="0" fromWho="3" sc="286,52,220,0,234,0,260,-52" /><INIT seed="4,0,0,5,0,128" ten="338,220,234,208" oya="0" hai0="21,47,82,65,114,103,52,58,11,124,17,110,126" hai1="132,33,29,55,105,127,1,125,70,91,32,69,42" hai2="73,36,53,61,77,54,64,134,49,131,2,111,0" hai3="12,7,44,45,106,60,107,135,93,90,51,71,16"/><T97/><D114/><U109/><E91/><V119/><F111/><W108/><G108/><T28/><D110/><U96/><E109/><V95/><F36/><W81/><G7/><T116/><D116/><U74/><E55/><V14/><F131/><W22/><G81/><T6/><D82/><U30/><E42/><V76/><F119/><W101/><G101/><T121/><D121/><U85/><E85/><V43/><F43/><W9/><G9/><T38/><D28/><U56/><E56/><V122/><F122/><W39/><G39/><T63/><D38/><U10/><E74/><V13/><F95/><W41/><G135/><T80/><D80/><U50/><E50/><V40/><F40/><W83/><G45/><T67/><D47/><U79/><E79/><V27/><F27/><W112/><G83/><T62/><D62/><U68/><E10/><V86/><F49/><W59/><G71/><T84/><D84/><U89/><E1/><V37/><F37/><W115/><G115/><T113/><D113/><U75/><E75/><V57/><F86/><W24/><G12/><N who="0" m="5239" /><D126/><N who="1" m="48139" /><E89/><V4/><F73/><W19/><G112/><T48/><D48/><U94/><E94/><V118/><F118/><W66/><REACH who="3" step="1"/><G19/><REACH who="3" ten="338,220,234,198" step="2"/><T98/><D124/><U3/><E3/><V104/><F0/><W20/><G20/><T8/><D8/><U31/><E132/><V18/><F134/><W72/><G72/><T35/><D103/><AGARI ba="0,1" hai="29,30,31,32,33,68,69,70,96,103,105" m="48139" machi="103" ten="40,1300,0" yaku="18,1" doraHai="128" who="1" fromWho="0" sc="338,-13,220,23,234,0,198,0" /><INIT seed="5,0,0,4,3,58" ten="325,243,234,198" oya="1" hai0="100,109,11,117,96,49,70,92,10,124,112,31,18" hai1="33,25,94,7,0,119,85,19,82,87,97,108,114" hai2="21,44,65,123,23,28,16,71,116,83,120,66,103" hai3="63,81,110,53,30,75,76,98,129,9,78,55,38"/><U57/><E119/><V6/><F116/><W111/><G38/><T128/><D117/><U20/><E33/><V91/><F103/><W126/><G30/><T72/><D112/><U45/><E114/><V47/><F6/><W64/><G78/><T99/><D72/><U43/><E108/><V40/><F28/><W95/><G126/><T22/><D31/><U88/><E7/><V52/><F23/><W29/><G129/><T2/><D2/><U41/><E0/><V90/><F66/><W132/><G132/><T8/><D70/><U26/><E26/><V15/><F47/><W4/><G29/><T89/><D124/><U69/><E69/><V50/><F40/><W48/><G48/><T106/><D128/><U84/><E45/><V86/><REACH who="2" step="1"/><F91/><REACH who="2" ten="325,243,224,198" step="2"/><W125/><G125/><T17/><D22/><U79/><REACH who="1" step="1"/><E57/><REACH who="1" ten="325,233,224,198" step="2"/><V67/><F67/><W118/><G118/><T122/><D109/><U24/><E24/><V3/><F3/><W36/><G111/><T133/><D133/><U130/><E130/><V14/><F14/><W35/><G110/><T1/><D1/><U46/><E46/><V61/><AGARI ba="0,2" hai="15,16,21,44,50,52,61,65,71,83,86,90,120,123" machi="61" ten="30,12000,2" yaku="1,1,0,1,52,1,54,2,53,1" doraHai="58" doraHaiUra="60" who="2" fromWho="2" sc="325,-30,233,-60,224,140,198,-30" /><INIT seed="6,0,0,4,4,33" ten="295,173,364,168" oya="2" hai0="108,1,113,31,116,19,68,54,115,95,12,61,79" hai1="81,109,36,55,101,34,110,91,66,97,32,90,44" hai2="103,72,52,73,18,121,69,75,4,57,105,124,93" hai3="128,2,16,112,40,37,120,60,135,20,24,51,96"/><V26/><F121/><W99/><G120/><T15/><D116/><U45/><E66/><V134/><F69/><W3/><G37/><T6/><D79/><U84/><E36/><V25/><F105/><W35/><G35/><T83/><D83/><U64/><E64/><V85/><F134/><W49/><G135/><T50/><D31/><U8/><E34/><V92/><F124/><W122/><G122/><T104/><D104/><U38/><E32/><V29/><F29/><W86/><G128/><T131/><D131/><U78/><E38/><V27/><F18/><W125/><G125/><T48/><D15/><U98/><E109/><V13/><F103/><W7/><G60/><T111/><D95/><N who="1" m="58591" /><E110/><V77/><F77/><W100/><G112/><N who="0" m="43083" /><D68/><U119/><E119/><V59/><F59/><W127/><G127/><T132/><D132/><U28/><E28/><V56/><F56/><W17/><G7/><T82/><D82/><U70/><E70/><V123/><F123/><W126/><G126/><T42/><D42/><U76/><E8/><V87/><F92/><N who="3" m="58375" /><G40/><T39/><D39/><U67/><E67/><V89/><F4/><W129/><G129/><T80/><D80/><U88/><E78/><V14/><REACH who="2" step="1"/><F87/><REACH who="2" ten="295,173,354,168" step="2"/><W9/><G86/><T114/><D111/><U58/><E97/><V5/><F5/><W63/><G99/><T22/><D108/><U0/><E58/><V41/><F41/><W71/><G71/><T53/><D114/><U30/><E30/><V46/><F46/><N who="1" m="18025" /><E55/><N who="0" m="21001" /><D61/><AGARI ba="0,1" hai="13,14,25,26,27,52,57,61,72,73,75,85,89,93" machi="61" ten="50,4800,0" yaku="1,1,54,1,53,0" doraHai="33" doraHaiUra="62" who="2" fromWho="0" sc="295,-48,173,0,354,58,168,0" /><INIT seed="6,1,0,0,3,132" ten="247,173,412,168" oya="2" hai0="89,102,118,58,81,32,134,20,0,77,1,117,108" hai1="45,40,79,21,69,17,94,133,107,56,121,18,66" hai2="83,72,116,113,9,86,106,23,35,104,74,51,129" hai3="49,6,61,60,73,111,3,29,27,36,110,120,42"/><V30/><F116/><N who="0" m="44650" /><D32/><U16/><E107/><V26/><F113/><W53/><G120/><T47/><D47/><U97/><E69/><V95/><F129/><W103/><G73/><T41/><D41/><U31/><E133/><V87/><F106/><W112/><G103/><T130/><D102/><N who="1" m="60727" /><E79/><V10/><F104/><W62/><G112/><T80/><D58/><U44/><E40/><V12/><F35/><W82/><G82/><T14/><D89/><U70/><E70/><V128/><F128/><W37/><G42/><T50/><D50/><U28/><E121/><V33/><F74/><W68/><G68/><T59/><D59/><U135/><E135/><V24/><F72/><W84/><G37/><T91/><D91/><U100/><E100/><V2/><F51/><W15/><G36/><T39/><D39/><U123/><E123/><V99/><F33/><W34/><G84/><T88/><D108/><U78/><E78/><V63/><F87/><W76/><G76/><T109/><D109/><U127/><E127/><V11/><F86/><W71/><G71/><T13/><D80/><U19/><E45/><V119/><F83/><W93/><G93/><T124/><D77/><U125/><E44/><V43/><F95/><W115/><G115/><T52/><D81/><U92/><E92/><V5/><F43/><W25/><G25/><T22/><D130/><U4/><E66/><V54/><F119/><W8/><G3/><T46/><D1/><U7/><N who="1" m="4096" /><DORA hai="105" /><U38/><E38/><V122/><F122/><W57/><AGARI ba="1,0" hai="6,8,15,27,29,34,49,53,57,60,61,62,110,111" machi="57" ten="30,1100,0" yaku="0,1" doraHai="132,105" who="3" fromWho="3" sc="247,-4,173,-4,412,-6,168,14" /><INIT seed="7,0,0,1,2,51" ten="243,169,406,182" oya="3" hai0="59,63,80,52,73,81,116,35,101,2,24,135,78" hai1="18,7,27,70,50,49,8,106,85,95,17,29,9" hai2="86,128,11,60,114,74,3,124,64,94,41,61,102" hai3="72,6,31,33,62,121,119,127,76,117,40,99,26"/><W47/><G121/><T65/><D116/><U45/><E106/><V15/><F74/><W71/><G127/><T84/><D135/><U37/><E70/><V134/><F114/><W123/><G123/><T83/><D2/><U30/><E37/><V58/><F128/><W42/><G6/><T87/><D101/><U125/><E125/><V66/><F124/><W105/><G42/><T38/><D38/><U20/><E50/><V67/><F134/><W92/><G47/><T130/><D130/><U55/><E18/><V28/><F3/><W109/><G40/><T115/><D35/><U69/><E69/><V22/><F41/><W82/><G109/><T79/><D24/><U0/><E9/><V54/><F22/><W133/><G133/><T16/><D16/><U43/><E43/><V91/><F28/><W110/><G110/><T77/><D115/><U34/><E34/><V32/><F32/><W120/><G120/><T68/><D68/><U122/><REACH who="1" step="1"/><E122/><REACH who="1" ten="243,159,406,182" step="2"/><V46/><F11/><W23/><G23/><T1/><D1/><U93/><E93/><V53/><F94/><W131/><G131/><T14/><D14/><U5/><E5/><V118/><F15/><W25/><G25/><T36/><D36/><U113/><E113/><V111/><F111/><W96/><G92/><T97/><D97/><N who="3" m="37449" /><G105/><T100/><D100/><U90/><AGARI ba="0,1" hai="0,7,8,17,20,27,29,30,45,49,55,85,90,95" machi="90" ten="30,4000,0" yaku="1,1,0,1,52,1,53,0" doraHai="51" doraHaiUra="112" who="1" fromWho="1" sc="243,-10,159,50,406,-10,182,-20" owari="233,3.3,209,-19.1,396,49.6,162,-33.8" /></mjloggm>