<mjloggm ver="2.3"><GO type="169" lobby="0"/><UN n0="%E3%81%B3%E3%82%8A%E3%81%B3%E3%82%8A%E2%98%86%E3%83%93%E3%83%AA%E3%83%BC" n1="%E7%AE%B1%E4%B8%8B%E3%81%AE%E3%82%B1%E3%83%B3%E5%9D%8A" n2="%73%65%37%37%65%6E" n3="%E7%99%BD%E8%8F%9C%E6%9D%A5%E6%89%93%E9%BA%BB%E5%B0%86%E4%BA%86" dan="16,16,16,16" rate="2154.18,2141.41,2037.42,2079.84" sx="M,M,M,F"/><TAIKYOKU oya="0"/><INIT seed="0,0,0,2,5,58" ten="250,250,250,250" oya="0" hai0="109,73,29,23,134,121,113,49,89,125,57,115,2" hai1="17,30,104,131,92,11,111,82,86,88,120,5,93" hai2="39,74,33,103,124,110,119,135,32,76,67,69,95" hai3="35,64,60,56,48,27,96,106,47,129,98,22,72"/><T59/><D121/><U18/><E120/><V85/><F39/><W1/><G129/><T78/><D2/><U50/><E111/><V84/><F110/><W55/><G72/><T108/><D73/><U94/><E104/><V118/><F124/><W81/><G106/><T112/><D78/><U4/><E131/><V100/><F135/><W13/><G1/><T61/><D89/><U10/><E30/><V7/><F7/><N who="1" m="2633" /><E50/><V24/><F24/><W26/><G81/><T46/><D23/><U54/><E54/><V122/><F122/><W15/><G35/><T83/><D83/><U114/><E114/><V34/><F74/><W19/><G27/><T70/><D29/><U126/><E126/><V117/><F76/><W3/><G3/><T6/><D6/><U123/><E123/><V116/><F116/><W101/><REACH who="3" step="1"/><G101/><REACH who="3" ten="250,250,250,240" step="2"/><T91/><D125/><U51/><E82/><V44/><F103/><W87/><G87/><T31/><D134/><U25/><E25/><V38/><F85/><W20/><G20/><T53/><D31/><U133/><E133/><V132/><F132/><W9/><G9/><T75/><D75/><U66/><E10/><V127/><F127/><W63/><G63/><N who="0" m="36271" /><D91/><U45/><E11/><V107/><F107/><W36/><G36/><T128/><D128/><U130/><E130/><V37/><F37/><W8/><G8/><T41/><D70/><U43/><E88/><N who="2" m="53639" /><F100/><W102/><G102/><T16/><D16/><N who="1" m="6251" /><E86/><V21/><F118/><W71/><G71/><T65/><AGARI ba="0,1" hai="41,46,49,59,61,65,108,109,112,113,115" m="36271" machi="65" ten="40,12000,1" yaku="34,2,52,2" doraHai="58" who="0" fromWho="0" sc="250,130,250,-40,250,-40,240,-40" /><INIT seed="0,1,0,3,3,40" ten="380,210,210,200" oya="0" hai0="6,105,51,90,53,83,59,125,78,81,112,133,17" hai1="132,76,13,26,95,42,73,7,91,24,60,116,63" hai2="27,88,80,44,75,65,70,118,101,57,61,123,67" hai3="0,114,115,92,39,38,135,128,2,31,49,37,8"/><T130/><D112/><U69/><E116/><V106/><F123/><W22/><G128/><T86/><D105/><U52/><E132/><V64/><F118/><W47/><G135/><T66/><D133/><U33/><E42/><V117/><F117/><W29/><G92/><T97/><D130/><U11/><E69/><V134/><F134/><W34/><G34/><T28/><D125/><U3/><E3/><V41/><F70/><W14/><G0/><T62/><D28/><U85/><E33/><V50/><F27/><W124/><G2/><T9/><D17/><U18/><E73/><V126/><F126/><W84/><G84/><T56/><D97/><U120/><E76/><V119/><F119/><W68/><G68/><T131/><D131/><U74/><E74/><V58/><F101/><W89/><G89/><T1/><REACH who="0" step="1"/><D78/><REACH who="0" ten="370,210,210,200" step="2"/><U113/><E113/><V99/><F106/><W111/><G124/><T93/><AGARI ba="1,1" hai="1,6,9,51,53,56,59,62,66,81,83,86,90,93" machi="93" ten="20,7800,0" yaku="1,1,2,1,0,1,7,1,53,0" doraHai="40" doraHaiUra="23" who="0" fromWho="0" sc="370,91,210,-27,210,-27,200,-27" /><INIT seed="0,2,0,5,1,83" ten="461,183,183,173" oya="0" hai0="5,68,50,49,63,101,39,77,118,87,6,62,111" hai1="9,53,128,127,134,28,31,12,60,26,52,90,23" hai2="22,8,64,81,4,105,45,48,132,91,25,82,100" hai3="123,95,51,57,103,13,1,120,36,33,19,86,74"/><T72/><D118/><U67/><E128/><V104/><F64/><W38/><G1/><T46/><D72/><U114/><E127/><V94/><F100/><W47/><G33/><T0/><D39/><U85/><E134/><V131/><F132/><W110/><G74/><T24/><D101/><U43/><E43/><V99/><F131/><W70/><G70/><T32/><D111/><U3/><E3/><V80/><F25/><W59/><G110/><T71/><D0/><U125/><E28/><V11/><F22/><W97/><G38/><T102/><D102/><U27/><E27/><V112/><F112/><W129/><G36/><T93/><D24/><U109/><E109/><V121/><F121/><W21/><G129/><T29/><D29/><U34/><E34/><V106/><REACH who="2" step="1"/><F4/><REACH who="2" ten="461,183,173,173" step="2"/><W88/><G120/><T79/><D32/><U44/><E114/><V55/><AGARI ba="2,1" hai="8,11,45,48,55,80,81,82,91,94,99,104,105,106" machi="55" ten="40,5200,0" yaku="1,1,2,1,0,1,53,0" doraHai="83" doraHaiUra="65" who="2" fromWho="2" sc="461,-28,183,-15,173,68,173,-15" /><INIT seed="1,0,0,0,2,109" ten="433,168,241,158" oya="1" hai0="115,1,125,59,90,23,69,98,42,29,49,21,51" hai1="18,81,61,107,22,58,126,112,16,67,134,20,131" hai2="103,13,105,130,54,64,36,10,117,135,104,129,87" hai3="100,6,34,111,70,46,43,76,2,8,106,124,68"/><U110/><E107/><V85/><F36/><W7/><G111/><T128/><D69/><U4/><E110/><V101/><F117/><W5/><G124/><T84/><D1/><U53/><E126/><V80/><F64/><W56/><G34/><T11/><D125/><U71/><E131/><N who="2" m="50187" /><F54/><W133/><G133/><T31/><D128/><U37/><E134/><V95/><F87/><W63/><G76/><T33/><D33/><U94/><E37/><V74/><F135/><W27/><G27/><T41/><D98/><U132/><E132/><V96/><F10/><W102/><G68/><T89/><D84/><U116/><E116/><V91/><F13/><W35/><G35/><T93/><D11/><U77/><E4/><V57/><F57/><W119/><G70/><T52/><D59/><U15/><E94/><N who="2" m="54639" /><F101/><W0/><G119/><T73/><D52/><U44/><E44/><V50/><F50/><W65/><G8/><T121/><D73/><U24/><E112/><V3/><F3/><W113/><G100/><T26/><D26/><U97/><E97/><V9/><F9/><W86/><G86/><T45/><D45/><U72/><REACH who="1" step="1"/><E71/><REACH who="1" ten="433,158,241,158" step="2"/><V14/><F104/><W47/><G47/><T118/><D118/><U40/><E40/><V127/><F127/><W32/><G113/><T48/><D115/><U39/><E39/><V75/><F105/><W28/><G46/><T66/><D42/><U92/><E92/><V88/><F80/><W99/><G43/><T25/><D41/><U55/><AGARI ba="0,1" hai="15,16,18,20,22,24,53,55,58,61,67,72,77,81" machi="55" ten="30,11700,0" yaku="1,1,0,1,54,1,53,1" doraHai="109" doraHaiUra="79" who="1" fromWho="1" sc="433,-39,158,127,241,-39,158,-39" /><INIT seed="1,1,0,2,5,109" ten="394,285,202,119" oya="1" hai0="38,81,62,105,16,50,30,28,34,47,61,72,84" hai1="85,18,4,90,119,55,20,89,108,113,79,39,131" hai2="63,21,71,93,48,44,67,129,114,25,100,41,99" hai3="5,12,66,32,65,36,128,102,7,26,115,45,86"/><U51/><E119/><V122/><F122/><W121/><G121/><T31/><D105/><U14/><E39/><V95/><F129/><W22/><G128/><T9/><D34/><U27/><E131/><V69/><F93/><W49/><G36/><T120/><D72/><U96/><E108/><V17/><REACH who="2" step="1"/><F69/><REACH who="2" ten="394,285,192,119" step="2"/><W133/><G133/><T82/><D120/><U101/><E101/><V35/><F35/><W107/><G32/><T10/><D38/><U54/><E96/><V124/><F124/><W59/><G102/><T103/><D103/><U87/><E113/><AGARI ba="1,1" hai="17,21,25,41,44,48,63,67,71,95,99,100,113,114" machi="113" ten="40,5200,0" yaku="1,1,52,2,53,0" doraHai="109" doraHaiUra="52" who="2" fromWho="1" sc="394,0,285,-55,192,65,119,0" /><INIT seed="2,0,0,0,1,84" ten="394,230,257,119" oya="2" hai0="106,44,2,67,60,50,32,80,6,115,119,82,128" hai1="132,117,24,133,57,69,63,5,41,3,27,78,70" hai2="10,99,88,79,98,114,51,18,102,86,4,58,103" hai3="22,49,15,92,127,93,37,109,126,105,100,55,48"/><V123/><F123/><W28/><G37/><T17/><D106/><U122/><E117/><V0/><F114/><W19/><G109/><T71/><D115/><U31/><E41/><V34/><F79/><W16/><G28/><T81/><D32/><U94/><E122/><V107/><F34/><W75/><G75/><T76/><D119/><U33/><E27/><V61/><F51/><W85/><G105/><T21/><D128/><U53/><E78/><V130/><F18/><W62/><G62/><T101/><D101/><U54/><E54/><V116/><F130/><W73/><G73/><T125/><D6/><U25/><E25/><V45/><F45/><W134/><G134/><N who="1" m="51818" /><E94/><V120/><F116/><W38/><G38/><T12/><D2/><U29/><E29/><V111/><F111/><W46/><G48/><T89/><D125/><N who="3" m="47625" /><G100/><T66/><D66/><U9/><AGARI ba="0,0" hai="3,5,9,24,31,33,53,57,63,69,70" m="51818" machi="9" ten="30,1100,0" yaku="20,1" doraHai="84" who="1" fromWho="1" sc="394,-3,230,11,257,-5,119,-3" /><INIT seed="3,0,0,2,3,72" ten="391,241,252,116" oya="3" hai0="128,119,37,125,129,133,21,132,47,42,101,99,45" hai1="52,53,104,0,102,65,126,46,63,2,23,35,134" hai2="112,96,78,108,79,114,75,32,73,28,82,80,30" hai3="5,97,121,111,76,122,39,92,8,64,27,62,55"/><W105/><G39/><N who="0" m="21727" /><D119/><U95/><E35/><V4/><F4/><W71/><G55/><T100/><D21/><U3/><E104/><V48/><F48/><W33/><G111/><T103/><D99/><U49/><E126/><V44/><F44/><W83/><G27/><T127/><D47/><U51/><E134/><N who="0" m="51817" /><D37/><U22/><E102/><V116/><F108/><W69/><G69/><T7/><D7/><U81/><E95/><V57/><F96/><W13/><G33/><T90/><D90/><U124/><E124/><AGARI ba="0,0" hai="100,101,103,124,125,127,128,129" m="51817,21727" machi="124" ten="40,8000,1" yaku="30,2,18,1,20,1" doraHai="72" who="0" fromWho="1" sc="391,80,241,-80,252,0,116,0" /><INIT seed="4,0,0,1,4,14" ten="471,161,252,116" oya="0" hai0="117,94,67,53,120,28,32,15,90,16,93,77,125" hai1="70,126,25,101,38,9,108,29,54,17,69,12,82" hai2="30,89,43,48,134,123,1,87,3,128,60,58,84" hai3="107,44,130,50,103,115,20,41,74,52,76,46,121"/><T129/><D117/><U22/><E108/><V85/><F123/><W11/><G115/><T119/><D119/><U56/><E126/><V36/><F36/><W118/><G118/><T95/><D120/><U116/><E116/><V86/><F128/><W131/><G121/><T98/><D129/><N who="3" m="49161" /><G11/><T66/><D125/><U2/><E38/><V40/><F30/><W100/><G107/><T42/><D42/><U73/><E101/><V64/><F134/><W114/><G114/><T104/><D77/><U33/><E82/><V57/><F1/><W24/><G74/><T127/><D127/><U27/><E73/><V71/><F3/><W83/><G83/><T23/><D53/><U37/><E37/><V62/><F71/><W5/><G5/><T135/><D135/><U6/><REACH who="1" step="1"/><E27/><REACH who="1" ten="471,151,252,116" step="2"/><V61/><F89/><W99/><G76/><T106/><D90/><U124/><E124/><V111/><F111/><W31/><G99/><T105/><REACH who="0" step="1"/><D98/><REACH who="0" ten="461,151,252,116" step="2"/><U91/><E91/><V122/><F122/><W13/><G100/><T96/><D96/><U63/><AGARI ba="0,2" hai="2,6,9,12,17,22,25,29,33,54,56,63,69,70" machi="63" ten="20,12000,2" yaku="1,1,0,1,7,1,24,2,52,1,53,1" doraHai="14" doraHaiUra="59" who="1" fromWho="1" sc="461,-60,151,140,252,-30,116,-30" /><INIT seed="5,0,0,3,0,95" ten="401,291,222,86" oya="1" hai0="82,24,62,68,20,112,37,12,85,5,15,78,16" hai1="91,55,1,72,83,54,110,127,52,70,123,102,67" hai2="87,80,14,103,36,23,43,27,60,25,124,96,4" hai3="0,133,44,34,119,101,86,61,76,22,26,105,84"/><U41/><E123/><V45/><F124/><W17/><G133/><T128/><D37/><U106/><E127/><V88/><F60/><W39/><G119/><T8/><D112/><U129/><E1/><V92/><F23/><W75/><G34/><T113/><D113/><U58/><E41/><V122/><F122/><W81/><G0/><T46/><D128/><U118/><E118/><V93/><REACH who="2" step="1"/><F80/><REACH who="2" ten="401,291,212,86" step="2"/><W125/><G125/><T42/><D62/><U114/><E83/><V49/><F49/><W126/><G126/><T48/><D68/><U135/><E70/><V90/><F90/><W63/><G63/><T28/><D28/><U53/><E91/><V30/><F30/><W115/><G115/><T31/><D31/><U99/><E114/><V29/><F29/><W38/><G61/><T35/><D35/><U120/><E120/><V6/><F6/><W131/><G131/><T73/><D73/><U2/><E129/><V18/><F18/><W56/><G39/><T65/><D65/><U57/><E72/><V100/><F100/><W130/><G130/><T10/><D10/><AGARI ba="0,1" hai="4,10,14,25,27,36,43,45,87,88,92,93,96,103" machi="10" ten="40,5200,0" yaku="1,1,52,1,54,1,53,0" doraHai="95" doraHaiUra="132" who="2" fromWho="0" sc="401,-52,291,0,212,62,86,0" /><INIT seed="6,0,0,4,3,27" ten="349,291,274,86" oya="2" hai0="100,41,114,8,107,126,56,77,66,7,133,116,3" hai1="26,6,110,118,42,79,87,20,131,97,104,17,39" hai2="75,122,64,19,67,119,59,92,83,45,5,13,40" hai3="35,2,65,94,108,80,95,96,63,23,99,46,62"/><V51/><F119/><W112/><G35/><T61/><D116/><U58/><E110/><V102/><F122/><W16/><G108/><T113/><D133/><U0/><E118/><V129/><F129/><W38/><G2/><T12/><D126/><U60/><E131/><V69/><F69/><W30/><G112/><N who="0" m="43115" /><D77/><U22/><E42/><V34/><F34/><W18/><G80/><T47/><D100/><U43/><E43/><V85/><F5/><W25/><G38/><N who="0" m="21943" /><D107/><U111/><E39/><V109/><F59/><W14/><G46/><T53/><D66/><U90/><E79/><N who="2" m="46335" /><F75/><W36/><G36/><T125/><D125/><U15/><E104/><V124/><F109/><W55/><G55/><T120/><D120/><U130/><E111/><V82/><F82/><W132/><G132/><T70/><D70/><U134/><E130/><V128/><F128/><W73/><G73/><T57/><D57/><U115/><E58/><V37/><F37/><W127/><G127/><T135/><D135/><U105/><E115/><V44/><F44/><W88/><G65/><T1/><AGARI ba="0,0" hai="1,3,7,8,12,53,56,61" m="21943,43115" machi="1" ten="30,1100,0" yaku="15,1" doraHai="27" who="0" fromWho="0" sc="349,11,291,-3,274,-5,86,-3" /><INIT seed="7,0,0,4,0,48" ten="360,288,269,83" oya="3" hai0="13,21,47,5,90,92,95,38,132,51,119,124,131" hai1="101,133,107,116,39,79,78,87,43,45,115,108,60" hai2="97,25,24,93,123,17,41,113,84,103,44,122,71" hai3="73,67,77,0,53,66,128,61,114,98,82,1,63"/><W134/><G114/><T83/><D119/><U127/><E108/><V37/><F113/><W28/><G128/><T105/><D105/><U40/><E115/><V10/><F71/><W96/><G134/><T35/><D35/><U72/><E72/><V58/><F84/><W88/><G28/><T81/><D38/><U42/><E133/><V34/><F34/><W106/><G106/><T59/><D132/><U112/><E112/><V104/><F104/><W4/><G4/><T29/><D124/><U125/><E116/><V9/><F9/><W126/><G126/><N who="1" m="48138" /><E87/><V46/><F46/><W85/><G0/><T76/><D59/><U16/><E60/><V110/><F110/><W64/><G1/><T18/><D5/><U69/><E69/><V52/><F10/><W57/><REACH who="3" step="1"/><G63/><REACH who="3" ten="360,288,269,73" step="2"/><T56/><D29/><U6/><E6/><V49/><F17/><W68/><G68/><T99/><D131/><U86/><E16/><V89/><F122/><W8/><G8/><T50/><D18/><U75/><E107/><V120/><F123/><W100/><G100/><T94/><D13/><U31/><E101/><V15/><F15/><W2/><G2/><T30/><D30/><U130/><E31/><V14/><F14/><W111/><G111/><T121/><D121/><U20/><E130/><V27/><F120/><W22/><G22/><T12/><D12/><U7/><E20/><V117/><F117/><W65/><N who="3" m="16384" /><DORA hai="80" /><W32/><G32/><T54/><D21/><U19/><E7/><V74/><F103/><W36/><G36/><T26/><D26/><U33/><E39/><RYUUKYOKU ba="0,1" sc="360,-15,288,-15,269,15,73,15" hai2="24,25,27,37,41,44,49,52,58,74,89,93,97" hai3="53,57,61,73,77,82,85,88,96,98" /><INIT seed="7,1,1,0,5,78" ten="345,273,284,88" oya="3" hai0="49,59,93,39,26,88,104,9,19,14,120,0,118" hai1="5,112,71,86,69,74,47,21,121,114,100,126,119" hai2="84,61,124,52,76,12,103,20,113,107,81,32,115" hai3="60,97,82,27,128,94,13,17,25,10,87,65,15"/><W18/><G128/><T57/><D120/><U111/><E74/><V54/><F32/><W79/><G60/><T42/><D104/><U106/><E111/><V28/><F61/><W31/><G65/><T40/><D0/><U62/><E121/><V80/><F124/><W75/><G75/><T7/><D39/><U99/><E126/><V36/><F36/><W55/><G55/><N who="0" m="31983" /><D59/><U89/><E119/><V63/><F63/><W64/><G64/><T92/><D92/><U83/><E5/><V117/><F81/><W16/><G31/><T22/><D118/><U95/><E21/><V130/><F130/><W46/><G46/><T24/><D24/><U58/><E47/><V135/><F117/><W85/><G85/><AGARI ba="1,1" hai="7,9,14,19,22,26,40,42,85,88,93" m="31983" machi="85" ten="30,2000,0" yaku="8,1,54,1" doraHai="78" who="0" fromWho="3" sc="345,33,273,0,284,0,88,-23" owari="378,47.8,273,-12.7,284,8.4,65,-43.5" /></mjloggm>