<mjloggm ver="2.3"><GO type="169" lobby="0"/><UN n0="%E5%BE%A1%E5%BD%B1%E3%82%86%E3%81%9A%E3%81%8D" n1="%E3%81%8B%E3%81%A5%E3%81%8D%EF%BC%B8%EF%BC%A9" n2="%E3%81%B4%E3%81%8A%E3%81%B4%E3%81%8A%EF%BC%91%EF%BC%91" n3="%E8%8A%B1%E9%81%93%E6%A1%9C%E6%9C%A8" dan="16,18,17,16" rate="2128.24,2180.83,2185.30,2132.43" sx="M,M,M,M"/><TAIKYOKU oya="0"/><INIT seed="0,0,0,3,0,122" ten="250,250,250,250" oya="0" hai0="89,100,123,97,41,25,71,119,116,79,129,23,36" hai1="98,38,46,54,121,26,131,92,34,103,19,63,52" hai2="109,10,127,30,37,118,91,105,110,128,76,6,101" hai3="21,64,120,83,57,88,104,78,106,75,13,31,108"/><T45/><D123/><U93/><E121/><V117/><F128/><W86/><G120/><T70/><D129/><U59/><E34/><V28/><F37/><W4/><G108/><N who="2" m="41577" /><F127/><W5/><G31/><N who="2" m="11817" /><F76/><W68/><G68/><T27/><D79/><U133/><E133/><V35/><F35/><W16/><G64/><T33/><D33/><U99/><E131/><V74/><F74/><W0/><G57/><T65/><D71/><U24/><E19/><V72/><F72/><W80/><REACH who="3" step="1"/><G0/><REACH who="3" ten="250,250,250,240" step="2"/><T12/><D65/><U115/><E115/><V17/><F17/><W134/><G134/><T111/><D70/><U69/><E69/><V95/><F101/><W114/><G114/><T130/><D100/><N who="1" m="60487" /><E38/><V125/><F125/><W2/><G2/><T102/><D36/><U3/><E3/><N who="2" m="351" /><F105/><AGARI ba="0,1" hai="4,5,13,16,21,75,78,80,83,86,88,104,105,106" machi="105" ten="40,8000,1" yaku="1,1,54,2,53,1" doraHai="122" doraHaiUra="107" who="3" fromWho="2" sc="250,0,250,0,250,-80,240,90" /><INIT seed="1,0,0,4,5,0" ten="250,250,170,330" oya="1" hai0="20,7,92,47,35,87,14,120,16,88,69,9,5" hai1="28,122,40,106,76,123,15,57,81,46,94,77,38" hai2="86,133,130,66,71,37,63,99,8,49,105,119,62" hai3="129,104,39,89,34,84,2,108,17,13,43,23,73"/><U58/><E106/><V91/><F119/><W115/><G115/><T27/><D69/><U26/><E76/><V113/><F37/><W22/><G34/><T29/><D120/><U102/><E123/><V1/><F113/><W21/><G73/><T101/><D101/><U64/><E122/><V48/><F130/><W61/><G104/><T98/><D47/><U135/><E135/><V103/><F133/><W44/><G129/><T126/><D126/><U11/><E64/><V70/><F70/><W82/><G108/><T25/><D98/><U4/><E94/><V121/><F63/><W124/><G124/><T52/><D52/><U6/><E6/><AGARI ba="0,0" hai="5,6,7,9,14,16,20,25,27,29,35,87,88,92" machi="6" ten="30,12000,2" yaku="7,1,52,3,54,2" doraHai="0" who="0" fromWho="1" sc="250,120,250,-120,170,0,330,0" /><INIT seed="2,0,0,5,4,61" ten="370,130,170,330" oya="2" hai0="65,98,47,60,77,42,83,89,76,123,33,101,25" hai1="50,115,78,113,39,30,35,22,23,93,59,86,37" hai2="2,17,3,62,21,14,75,38,72,55,116,97,74" hai3="71,128,34,9,46,54,7,118,124,63,29,58,129"/><V49/><F116/><W114/><G118/><T100/><D123/><U57/><E78/><V5/><F38/><W96/><G124/><T73/><D77/><U66/><E35/><V36/><F36/><W20/><G34/><T0/><D0/><U108/><E108/><V48/><F97/><W119/><G119/><T105/><D89/><U109/><E109/><V84/><F84/><W18/><G114/><T135/><D135/><U88/><E30/><V64/><F5/><W51/><G29/><T27/><D100/><U130/><E130/><V31/><F31/><W1/><G71/><T19/><D19/><U12/><E37/><V132/><F132/><W103/><G20/><T134/><D33/><U45/><E39/><V26/><F26/><W94/><REACH who="3" step="1"/><G18/><REACH who="3" ten="370,130,170,320" step="2"/><T40/><D134/><U102/><E115/><V117/><F117/><W79/><G79/><T110/><D76/><U24/><E113/><V121/><F121/><W10/><G10/><T43/><D73/><U90/><E22/><V126/><F126/><W69/><G69/><T68/><D110/><U85/><E24/><V111/><F111/><W81/><G81/><T11/><D83/><U67/><E102/><V13/><F21/><W120/><G120/><T87/><D11/><U32/><E32/><V95/><F17/><W92/><G92/><T4/><D27/><U28/><E28/><V82/><F95/><W53/><AGARI ba="0,1" hai="1,7,9,46,51,53,54,58,63,94,96,103,128,129" machi="53" ten="30,2000,0" yaku="1,1,0,1,53,0" doraHai="61" doraHaiUra="106" who="3" fromWho="3" sc="370,-5,130,-5,170,-10,320,30" /><INIT seed="3,0,0,5,4,97" ten="365,125,160,350" oya="3" hai0="39,23,84,85,55,29,106,132,98,56,102,127,54" hai1="4,57,71,20,99,35,41,112,126,74,24,93,37" hai2="19,63,59,45,131,89,48,128,90,105,68,114,120" hai3="25,133,14,135,52,78,62,38,116,129,100,101,88"/><W61/><G116/><T22/><D39/><U134/><E112/><V30/><F114/><W119/><G119/><T47/><D132/><N who="3" m="50761" /><G129/><N who="2" m="49737" /><F120/><W7/><G38/><T70/><D70/><U66/><E74/><V130/><N who="2" m="49745" /><V58/><DORA hai="51" /><F105/><W40/><G40/><T77/><D127/><U13/><E35/><V33/><F19/><W79/><G25/><T27/><D77/><N who="3" m="29193" /><G88/><N who="2" m="33897" /><F33/><W44/><G62/><T110/><D110/><U83/><E134/><V17/><F30/><W125/><G125/><T75/><D75/><U2/><E126/><V117/><F17/><W34/><G34/><T91/><D91/><U86/><E24/><V18/><F18/><W124/><G124/><T16/><D22/><U28/><E20/><V1/><F1/><W121/><G121/><T103/><D29/><U94/><E2/><V32/><F32/><W21/><G21/><T64/><D23/><U82/><E28/><V81/><F117/><W49/><G61/><T46/><D16/><U10/><E10/><AGARI ba="0,0" hai="7,10,14,44,49,52,100,101" m="29193,50761" machi="10" ten="30,12000,1" yaku="20,1,52,3,54,1" doraHai="97,51" who="3" fromWho="1" sc="365,0,125,-120,160,0,350,120" /><INIT seed="3,1,0,1,1,72" ten="365,5,160,470" oya="3" hai0="17,62,124,55,88,120,11,60,100,131,130,46,113" hai1="119,3,41,83,85,127,126,29,91,67,110,84,53" hai2="31,48,63,73,25,24,0,23,102,107,58,89,47" hai3="71,125,19,51,57,2,80,18,117,6,42,65,10"/><W69/><G117/><T97/><D120/><U43/><E3/><V54/><F0/><W37/><G125/><N who="1" m="47626" /><E67/><V86/><F73/><W92/><G71/><T12/><D124/><U68/><E68/><V132/><F132/><W123/><G123/><T34/><D34/><U39/><E39/><V77/><F107/><W32/><G32/><T111/><D113/><U115/><E115/><V20/><F102/><W4/><G4/><T74/><D74/><U122/><E122/><V38/><F38/><W64/><G80/><T21/><D111/><U98/><E29/><V112/><F112/><W104/><G104/><T33/><D33/><U22/><E22/><V9/><F9/><W13/><G69/><T36/><D21/><U66/><E66/><V27/><F20/><W59/><G37/><T44/><D36/><U7/><E110/><V56/><F56/><W75/><G75/><T82/><D130/><U70/><E70/><V105/><F105/><W108/><G108/><T61/><D131/><U133/><E7/><V26/><F89/><W45/><G65/><T135/><D135/><U121/><E121/><V116/><F116/><W87/><G64/><T106/><REACH who="0" step="1"/><D55/><REACH who="0" ten="355,5,160,470" step="2"/><U50/><E133/><V78/><REACH who="2" step="1"/><F86/><AGARI ba="1,1" hai="11,12,17,44,46,60,61,62,82,86,88,97,100,106" machi="86" ten="40,5200,0" yaku="1,1,2,1,54,1,53,0" doraHai="72" doraHaiUra="52" who="0" fromWho="2" sc="355,65,5,0,160,-55,470,0" /><INIT seed="4,0,0,3,5,87" ten="420,5,105,470" oya="0" hai0="47,88,106,82,131,3,129,126,92,74,114,20,28" hai1="104,93,58,4,77,108,118,36,53,123,37,81,22" hai2="42,89,9,46,27,65,43,17,125,105,75,61,38" hai3="96,24,100,69,132,44,13,29,60,62,119,94,50"/><T8/><D106/><U64/><E108/><V84/><F75/><W1/><G1/><T109/><D109/><U95/><E104/><V91/><F105/><W78/><G119/><T31/><D47/><U26/><E118/><V85/><F125/><W10/><G132/><T33/><D33/><U41/><E64/><V67/><F43/><W48/><G78/><N who="0" m="44375" /><D126/><U72/><E123/><V30/><F17/><W86/><G86/><N who="0" m="52247" /><D20/><U68/><E68/><V73/><F73/><W18/><G69/><T134/><D134/><U5/><E37/><V32/><F9/><W19/><G19/><T15/><D3/><U128/><E128/><N who="0" m="49225" /><D114/><U52/><E36/><V59/><F32/><W83/><G83/><T120/><D120/><U116/><E116/><V110/><F110/><W111/><G111/><T112/><D112/><U14/><E41/><V45/><F42/><W103/><G103/><T121/><D121/><U23/><E23/><V16/><F38/><W57/><G44/><T56/><D56/><U113/><E113/><V117/><F117/><W70/><G70/><T63/><D63/><U76/><E76/><V7/><F46/><W54/><REACH who="3" step="1"/><G62/><REACH who="3" ten="420,5,105,460" step="2"/><T6/><AGARI ba="0,1" hai="6,8,15,28,31" m="49225,52247,44375" machi="6" ten="30,6000,0" yaku="19,1,52,1,54,1" doraHai="87" who="0" fromWho="0" sc="420,70,5,-20,105,-20,460,-20" owari="490,59.0,-15,-51.5,85,-31.5,440,24.0" /></mjloggm>