<mjloggm ver="2.3"><GO type="169" lobby="0"/><UN n0="%43%6F%66%66%65%65" n1="%E5%A4%A9%E5%AE%89%E9%96%80%E5%BF%98%E5%8D%B4" n2="%E3%81%82%E3%81%84%E3%81%A0%E3%81%A6" n3="%4B%6F%68%65%69" dan="16,16,17,16" rate="2048.86,2066.95,2158.17,2103.52" sx="M,M,M,M"/><TAIKYOKU oya="0"/><INIT seed="0,0,0,5,1,37" ten="250,250,250,250" oya="0" hai0="95,87,128,76,64,132,86,20,78,43,107,35,108" hai1="114,96,3,17,67,97,80,113,111,79,11,45,104" hai2="105,36,126,77,94,34,100,133,26,90,53,13,48" hai3="72,123,73,4,66,22,60,41,61,42,15,110,46"/><T2/><D35/><U70/><E111/><V74/><F36/><W32/><G32/><T101/><D2/><U115/><E104/><V118/><F126/><W29/><G110/><T57/><D108/><U116/><E116/><V91/><F133/><W40/><G46/><T129/><D107/><U98/><E70/><V28/><F91/><W131/><G66/><T51/><D132/><U119/><E67/><V21/><F100/><W122/><G131/><N who="0" m="50251" /><D20/><U65/><E65/><V81/><F105/><W31/><G4/><T106/><D106/><U58/><E58/><V88/><F118/><W54/><G54/><T25/><D25/><U50/><E119/><V102/><F13/><W127/><G127/><T16/><D64/><U19/><E11/><V130/><F34/><W134/><G15/><T52/><D16/><U47/><E3/><V109/><F109/><W55/><G55/><T30/><D30/><N who="3" m="11273" /><G22/><T124/><D124/><U125/><E125/><V33/><F33/><W62/><G134/><T89/><D101/><U99/><N who="1" m="24576" /><DORA hai="44" /><U59/><E17/><V117/><F102/><W6/><G6/><T27/><D27/><U71/><E19/><V7/><F130/><W120/><AGARI ba="0,0" hai="40,41,42,60,61,62,72,73,120,122,123" m="11273" machi="120" ten="40,16000,3" yaku="29,2,28,2,13,1,52,3" doraHai="37,44" who="3" fromWho="3" sc="250,-80,250,-40,250,-40,250,160" /><INIT seed="1,0,0,3,1,55" ten="170,210,210,410" oya="1" hai0="16,125,17,84,11,42,130,34,128,81,111,64,51" hai1="46,105,71,93,15,108,68,36,77,35,88,118,107" hai2="19,52,123,104,7,40,32,114,90,63,8,61,39" hai3="6,101,62,20,119,89,97,59,26,13,106,30,57"/><U43/><E118/><V100/><F123/><W5/><G119/><T31/><D111/><U50/><E108/><V135/><F32/><W70/><G13/><T86/><D125/><U65/><E35/><V131/><F131/><N who="0" m="50218" /><D64/><U83/><E15/><V116/><F135/><W102/><G102/><T122/><D122/><U95/><E95/><V38/><F40/><W0/><G89/><T133/><D133/><U33/><E33/><V18/><F39/><W28/><G28/><T37/><D37/><U54/><E105/><V29/><F29/><W48/><G70/><T126/><D126/><U56/><E107/><V112/><F38/><W98/><G98/><T99/><D99/><U117/><E117/><V4/><F116/><W44/><G62/><T14/><D17/><U76/><E65/><V66/><F100/><W134/><G134/><T69/><D69/><U96/><REACH who="1" step="1"/><E76/><REACH who="1" ten="170,200,210,410" step="2"/><V3/><F104/><W47/><G106/><T127/><D127/><U85/><AGARI ba="0,1" hai="36,43,46,50,54,56,68,71,77,83,85,88,93,96" machi="85" ten="20,18000,2" yaku="1,1,2,1,0,1,7,1,52,1,54,1,53,0" doraHai="55" doraHaiUra="103" who="1" fromWho="1" sc="170,-60,200,190,210,-60,410,-60" /><INIT seed="1,1,0,4,2,3" ten="110,390,150,350" oya="1" hai0="64,34,2,68,33,5,4,84,118,73,121,120,32" hai1="72,30,65,46,17,132,100,101,131,11,93,75,98" hai2="62,20,85,87,27,80,94,103,50,128,102,16,114" hai3="92,135,55,28,35,74,56,99,23,82,38,134,126"/><U133/><E30/><V18/><F128/><W9/><G38/><T37/><D73/><N who="1" m="28235" /><E65/><V123/><F123/><N who="0" m="47178" /><D118/><U79/><E46/><V49/><F114/><W36/><G36/><T97/><D2/><U105/><E17/><V67/><F18/><W77/><G126/><T88/><D37/><U13/><E13/><V125/><F125/><W115/><G115/><T53/><D53/><U109/><E11/><V43/><F87/><W110/><G110/><T60/><D97/><N who="1" m="61615" /><E79/><V41/><F49/><W104/><G104/><T86/><D86/><U63/><E63/><V130/><F130/><W8/><G35/><T1/><D1/><U51/><E51/><V31/><F31/><W15/><G28/><T48/><D48/><U76/><E76/><V25/><F25/><W40/><G40/><T39/><D39/><U26/><E26/><V54/><F62/><W122/><G122/><T119/><D119/><U81/><E131/><V0/><F0/><W113/><G113/><T116/><D116/><U6/><E109/><V129/><F67/><W90/><G55/><T124/><D124/><U95/><E98/><N who="2" m="59735" /><F129/><W21/><G56/><T66/><D64/><U59/><E59/><N who="2" m="33239" /><F41/><W24/><G24/><T127/><D127/><U96/><E96/><V52/><F52/><W14/><G14/><T61/><D60/><U106/><E106/><V71/><F71/><W69/><G69/><T91/><D84/><U57/><E57/><V107/><F43/><W89/><G15/><T29/><D29/><U22/><E100/><V117/><F117/><W78/><G78/><T112/><D112/><RYUUKYOKU ba="1,0" sc="110,30,390,-10,150,-10,350,-10" hai0="4,5,32,33,34,61,66,68,88,91" /><INIT seed="2,2,0,1,4,68" ten="140,380,140,340" oya="2" hai0="77,55,44,127,58,43,134,116,17,61,107,126,57" hai1="60,80,85,53,6,19,42,36,49,23,8,75,73" hai2="27,82,52,3,71,118,129,59,64,123,34,106,83" hai3="92,4,20,41,110,12,32,98,9,25,89,38,26"/><V101/><F3/><W99/><G110/><T95/><D107/><U47/><E60/><V39/><F39/><W86/><G32/><T88/><D134/><U11/><E23/><V124/><F118/><W29/><REACH who="3" step="1"/><G26/><REACH who="3" ten="140,380,140,330" step="2"/><T54/><D116/><U121/><E121/><V72/><F34/><W10/><G10/><T91/><D126/><U70/><E8/><V128/><F27/><W62/><G62/><T30/><D127/><U108/><E108/><V79/><F124/><W28/><G28/><T1/><D30/><U48/><E11/><V87/><F123/><W13/><G13/><T120/><D120/><U103/><E75/><V35/><F35/><W90/><G90/><T115/><D91/><U5/><E73/><V94/><F128/><W24/><G24/><T7/><D1/><U74/><E74/><V81/><F129/><W16/><G16/><T114/><D17/><U113/><E19/><V46/><F72/><W135/><G135/><T37/><D77/><U117/><E117/><V21/><F21/><W93/><G93/><T14/><D14/><U131/><E5/><V51/><F94/><W78/><G78/><T132/><D7/><U33/><E6/><V67/><F79/><W56/><G56/><T125/><D125/><U112/><E33/><V97/><F71/><W22/><G22/><T100/><D132/><U119/><E70/><V2/><F2/><W102/><G102/><T65/><D100/><U133/><E131/><V84/><REACH who="2" step="1"/><F59/><REACH who="2" ten="140,380,130,330" step="2"/><W105/><G105/><T40/><D58/><N who="1" m="33063" /><E133/><V66/><AGARI ba="2,2" hai="46,51,52,64,66,67,81,82,83,84,87,97,101,106" machi="66" ten="30,6000,0" yaku="1,1,0,1,54,1,53,0" doraHai="68" doraHaiUra="15" who="2" fromWho="2" sc="140,-22,380,-22,130,86,330,-22" /><INIT seed="2,3,0,3,4,46" ten="118,358,216,308" oya="2" hai0="127,12,124,40,36,74,59,51,102,34,18,125,23" hai1="57,108,133,101,22,104,111,81,56,53,89,110,63" hai2="65,20,44,120,42,7,38,14,122,66,93,130,33" hai3="119,28,85,10,16,121,69,77,71,115,52,47,97"/><V128/><F33/><W109/><G119/><T55/><D74/><U29/><E133/><V99/><F7/><W49/><G121/><N who="2" m="46697" /><F14/><W123/><G123/><T117/><D34/><U91/><E81/><V105/><F20/><W113/><G109/><T98/><D117/><U84/><E84/><V107/><F93/><W76/><G97/><T88/><D40/><U67/><E101/><V3/><F3/><W129/><G28/><T54/><D36/><U83/><E83/><V6/><F6/><W15/><G129/><N who="2" m="49769" /><F99/><W17/><G17/><T58/><D102/><U39/><E104/><AGARI ba="3,0" hai="38,42,44,65,66,104,105,107" m="49769,46697" machi="104" ten="40,2000,0" yaku="19,1" doraHai="46" who="2" fromWho="1" sc="118,0,358,-29,216,29,308,0" /><INIT seed="2,4,0,5,4,126" ten="118,329,245,308" oya="2" hai0="50,12,97,111,102,40,134,9,29,76,31,28,91" hai1="23,100,49,44,133,24,66,65,20,71,106,37,128" hai2="95,2,32,86,110,78,13,88,48,11,103,21,8" hai3="67,77,51,116,14,55,36,107,99,119,25,1,10"/><V87/><F32/><W43/><G67/><T125/><D125/><U53/><E133/><V15/><F2/><W45/><G1/><T35/><D35/><U82/><E20/><V22/><F110/><W131/><G25/><T115/><D115/><U59/><E82/><N who="2" m="47447" /><F103/><W39/><G77/><T75/><D111/><U61/><E66/><V117/><F117/><N who="3" m="45131" /><G99/><T92/><D134/><U57/><E100/><V89/><F89/><W84/><G84/><T127/><D127/><U129/><E106/><V118/><F118/><W98/><G98/><T114/><D114/><U120/><E120/><V121/><F121/><W90/><G90/><T62/><D76/><U122/><E122/><V30/><F30/><W105/><G105/><T83/><D75/><U16/><E37/><N who="3" m="14410" /><G10/><N who="2" m="3625" /><F48/><N who="3" m="26687" /><G107/><T123/><D123/><U47/><REACH who="1" step="1"/><E71/><REACH who="1" ten="118,319,245,308" step="2"/><V56/><F21/><W63/><G14/><T7/><D102/><U124/><E124/><V41/><F22/><W68/><G68/><T26/><D12/><U132/><E132/><V112/><F112/><W85/><G85/><T60/><D91/><U72/><E72/><V70/><F70/><W17/><G17/><T73/><D73/><U18/><E18/><V80/><F80/><W54/><G51/><T109/><D83/><U27/><E27/><V4/><F13/><W34/><G34/><T0/><D26/><U113/><E113/><V108/><F108/><W79/><G63/><T58/><D109/><U6/><E6/><V33/><F4/><W69/><G69/><T96/><D60/><U38/><E38/><V135/><F15/><W19/><G19/><RYUUKYOKU ba="4,1" sc="118,-10,319,30,245,-10,308,-10" hai1="16,23,24,44,47,49,53,57,59,61,65,128,129" /><INIT seed="3,5,1,2,1,18" ten="108,349,235,298" oya="3" hai0="122,129,134,55,89,104,11,112,36,15,87,125,39" hai1="72,99,90,46,43,68,63,130,79,109,30,37,103" hai2="116,114,113,117,100,54,13,51,3,48,66,75,47" hai3="110,77,25,86,65,41,133,97,42,107,84,23,124"/><W14/><G124/><T71/><D122/><U52/><E109/><V120/><F3/><W121/><G121/><T93/><D125/><U92/><E130/><V1/><F1/><W132/><G110/><T127/><D127/><U32/><E32/><V61/><F100/><W83/><G65/><T98/><D129/><U105/><E30/><V53/><F13/><W115/><G14/><T31/><D134/><N who="3" m="51817" /><G115/><N who="2" m="44041" /><F75/><W60/><G60/><T123/><D123/><U50/><E63/><V111/><F120/><W33/><G33/><T118/><D118/><N who="2" m="45674" /><F111/><W19/><G86/><T59/><D71/><U119/><E68/><N who="2" m="42063" /><F51/><W16/><G19/><T82/><D112/><U85/><E119/><V29/><F29/><W94/><G107/><T44/><D104/><U57/><E72/><V78/><F78/><W38/><G38/><T2/><D31/><U10/><E79/><V45/><F45/><W91/><AGARI ba="5,1" hai="16,23,25,41,42,77,83,84,91,94,97" m="51817" machi="91" ten="30,6000,0" yaku="20,1,52,1,54,1" doraHai="18" who="3" fromWho="3" sc="108,-25,349,-25,235,-25,298,85" /><INIT seed="3,6,0,4,5,115" ten="83,324,210,383" oya="3" hai0="40,110,52,16,82,65,14,2,0,33,101,72,32" hai1="121,69,67,48,44,134,61,111,81,39,127,119,25" hai2="77,86,18,116,29,4,57,109,117,37,46,41,75" hai3="123,87,47,42,103,53,93,80,125,95,17,84,100"/><W3/><G3/><T108/><D40/><U5/><E111/><N who="0" m="42537" /><D65/><U50/><E121/><V24/><F109/><W60/><G123/><T88/><D101/><U30/><E127/><V85/><F75/><W63/><G125/><T96/><D72/><U112/><E112/><V133/><F133/><W129/><G129/><T135/><D135/><U9/><E134/><V8/><F18/><W58/><G63/><T28/><D2/><U27/><E39/><V124/><F57/><W70/><G70/><T98/><D0/><U35/><E81/><V106/><F106/><W90/><G17/><T107/><D107/><U34/><E44/><V38/><F38/><W92/><REACH who="3" step="1"/><G87/><REACH who="3" ten="83,324,210,373" step="2"/><N who="0" m="50295" /><D28/><U21/><E69/><V22/><F124/><W31/><G31/><T120/><D120/><U23/><E30/><V114/><F114/><W74/><G74/><T62/><D33/><U73/><E35/><V132/><F132/><W91/><G91/><T118/><D32/><U1/><E34/><V51/><F85/><W49/><AGARI ba="6,1" hai="42,47,49,53,58,60,80,84,90,92,93,95,100,103" machi="49" ten="30,6000,0" yaku="1,1,0,1,8,1,53,0" doraHai="115" doraHaiUra="122" who="3" fromWho="3" sc="83,-26,324,-26,210,-26,373,88" /><INIT seed="3,7,0,0,0,135" ten="57,298,184,461" oya="3" hai0="28,126,24,114,63,95,30,109,61,52,62,41,78" hai1="100,14,90,107,59,106,6,23,1,117,86,104,47" hai2="2,80,134,76,103,131,12,7,94,21,67,125,105" hai3="77,18,85,36,54,98,8,82,48,19,69,119,58"/><W129/><G69/><T22/><D109/><U123/><E123/><V50/><F105/><W10/><G119/><T9/><D114/><U51/><E117/><V84/><F131/><W72/><G36/><T75/><D41/><U116/><E116/><V133/><F2/><W92/><G72/><T15/><D30/><U68/><E68/><V31/><F67/><W111/><G129/><T121/><D121/><U118/><E100/><V11/><F125/><W79/><G79/><T3/><D3/><U25/><E1/><V96/><F31/><W42/><G42/><T53/><D126/><U4/><E59/><V13/><F12/><W5/><G111/><T16/><REACH who="0" step="1"/><D95/><REACH who="0" ten="47,298,184,461" step="2"/><U20/><E107/><V71/><F133/><W110/><G110/><T40/><D40/><U0/><E104/><V112/><F134/><W97/><G92/><T64/><D64/><U132/><E106/><V38/><F112/><W113/><G113/><T128/><D128/><U93/><E0/><V88/><F38/><W65/><G65/><T27/><D27/><U32/><E132/><V89/><F71/><W33/><G33/><T81/><AGARI ba="7,1" hai="9,15,16,22,24,28,52,53,61,62,63,75,78,81" machi="81" ten="30,7900,0" yaku="1,1,0,1,54,2,53,0" doraHai="135" doraHaiUra="83" who="0" fromWho="0" sc="47,110,298,-27,184,-27,461,-46" /><INIT seed="4,0,0,5,5,63" ten="157,271,157,415" oya="0" hai0="55,40,30,28,128,44,109,108,23,76,37,47,95" hai1="83,78,80,116,11,89,129,12,53,97,94,42,6" hai2="86,21,88,82,117,99,84,119,124,45,103,13,66" hai3="112,35,3,29,50,41,62,2,74,60,115,49,121"/><T61/><D128/><U19/><E116/><N who="2" m="44619" /><F45/><W96/><G96/><T111/><D76/><U71/><E129/><V16/><F86/><W120/><G41/><T52/><D95/><U113/><E71/><V81/><F82/><W18/><G18/><T91/><D91/><U132/><E132/><V126/><F66/><W32/><REACH who="3" step="1"/><G74/><REACH who="3" ten="157,271,157,405" step="2"/><T24/><D30/><AGARI ba="0,1" hai="2,3,29,30,32,35,49,50,60,62,112,115,120,121" machi="30" ten="25,6400,0" yaku="1,1,2,1,22,2,53,0" doraHai="63" doraHaiUra="92" who="3" fromWho="0" sc="157,-64,271,0,157,0,405,74" /><INIT seed="5,0,0,1,3,24" ten="93,271,157,479" oya="1" hai0="115,98,9,44,96,21,70,92,65,55,84,116,68" hai1="83,132,18,111,109,23,76,93,71,41,29,54,63" hai2="77,72,39,31,49,45,131,0,61,107,10,15,43" hai3="8,117,14,37,34,108,87,22,130,85,40,73,19"/><U69/><E41/><V97/><F131/><W123/><G73/><T38/><D116/><U67/><E54/><V48/><F31/><W53/><G53/><T80/><D115/><U52/><E71/><V11/><F61/><W47/><G117/><T128/><D128/><U58/><E93/><V122/><F122/><W50/><G37/><T64/><D68/><U135/><E67/><V26/><F26/><W94/><G94/><T126/><D126/><U25/><E18/><V66/><F66/><W89/><G89/><T7/><D96/><U1/><E1/><V113/><F113/><W125/><G125/><T60/><D21/><U57/><E57/><V79/><F79/><W103/><G103/><T4/><D65/><U36/><E36/><V105/><F11/><W95/><G95/><T82/><D7/><U100/><E100/><V59/><F97/><W106/><G106/><T81/><D84/><N who="1" m="48231" /><E69/><V114/><F114/><W134/><G130/><T42/><D92/><U127/><E127/><V102/><F102/><W120/><G120/><T88/><D98/><U121/><E121/><V119/><F59/><W17/><G123/><T30/><D30/><U13/><E13/><V133/><F0/><W86/><G14/><N who="0" m="5415" /><D55/><U32/><E32/><V101/><F101/><W20/><G34/><T33/><D33/><U110/><AGARI ba="0,0" hai="23,25,29,52,58,63,109,110,111,132,135" m="48231" machi="110" ten="40,7800,0" yaku="10,1,52,1,54,1" doraHai="24" who="1" fromWho="1" sc="93,-26,271,78,157,-26,479,-26" /><INIT seed="5,1,0,1,2,58" ten="67,349,131,453" oya="1" hai0="35,20,86,47,4,34,50,105,133,82,110,129,6" hai1="18,108,132,5,83,92,75,106,45,131,103,46,22" hai2="128,96,113,111,134,2,49,61,15,31,97,23,119" hai3="72,51,17,109,36,114,125,1,101,115,29,54,67"/><U0/><E106/><V123/><F2/><W57/><G72/><T117/><D110/><U59/><E108/><V39/><F39/><W104/><G1/><T26/><D117/><U100/><E131/><V99/><F111/><W27/><G109/><T9/><D129/><U121/><E121/><V79/><F123/><W89/><G125/><T21/><D105/><U28/><E28/><V62/><F119/><W135/><G135/><T40/><D133/><U87/><E75/><V66/><F66/><W42/><G17/><T95/><D95/><U11/><E59/><V41/><F113/><N who="3" m="43019" /><G89/><T32/><D26/><U94/><E94/><V124/><F124/><W44/><G101/><T90/><REACH who="0" step="1"/><D6/><REACH who="0" ten="57,349,131,453" step="2"/><U116/><E132/><V107/><F128/><W78/><G104/><T112/><D112/><U24/><E116/><V8/><F107/><W56/><G27/><T53/><D53/><U63/><E92/><V3/><F134/><W16/><G54/><T84/><D84/><U73/><E87/><V60/><F97/><W30/><G42/><T120/><D120/><U7/><E5/><V81/><F99/><W52/><G52/><T127/><D127/><U48/><E7/><V13/><F96/><W76/><G30/><T126/><D126/><U80/><E24/><N who="2" m="16799" /><F3/><AGARI ba="1,1" hai="3,4,9,20,21,32,34,35,40,47,50,82,86,90" machi="3" ten="40,1300,0" yaku="1,1,53,0" doraHai="58" doraHaiUra="25" who="0" fromWho="2" sc="57,26,349,0,131,-16,453,0" /><INIT seed="6,0,0,3,1,72" ten="83,349,115,453" oya="2" hai0="59,108,61,99,104,111,117,114,7,34,40,50,112" hai1="35,20,120,17,18,68,91,95,130,98,12,3,87" hai2="1,106,76,8,37,102,134,125,79,51,113,93,90" hai3="25,74,70,28,36,64,78,29,21,6,9,127,42"/><V22/><F37/><W105/><G127/><T27/><D7/><U54/><E3/><V71/><F71/><W128/><G128/><T10/><D10/><U101/><E35/><V23/><F106/><W115/><G29/><T109/><D27/><U135/><E135/><V133/><F125/><W43/><G36/><T65/><D34/><U124/><E130/><V118/><F102/><W55/><G55/><T88/><D117/><U30/><E120/><V32/><F32/><W53/><G53/><T16/><D104/><U19/><E68/><V82/><F82/><W41/><G105/><T39/><D39/><U49/><E30/><V63/><F51/><W92/><G92/><T11/><D40/><U56/><E124/><V100/><F100/><W66/><G70/><T26/><D50/><U48/><E49/><V103/><F103/><W13/><G115/><N who="0" m="44075" /><D11/><U94/><AGARI ba="0,0" hai="12,17,18,19,20,48,54,56,87,91,94,95,98,101" machi="94" ten="20,8000,1" yaku="0,1,7,1,25,2,8,1" doraHai="72" who="1" fromWho="1" sc="83,-20,349,80,115,-40,453,-20" /><INIT seed="7,0,0,4,5,46" ten="63,429,75,433" oya="3" hai0="120,109,8,17,19,117,87,125,76,97,103,29,127" hai1="30,7,25,94,37,72,26,20,104,33,112,10,91" hai2="3,116,93,102,134,80,52,9,57,39,111,110,51" hai3="34,13,63,113,56,65,96,61,90,86,40,32,70"/><W62/><G113/><T129/><D109/><U79/><E104/><V47/><F116/><W68/><G96/><T73/><D117/><U1/><E112/><V21/><F134/><W48/><G34/><T85/><D120/><U95/><E37/><V67/><F80/><W108/><G32/><T119/><D119/><U98/><E94/><V99/><F21/><W77/><G77/><T58/><D29/><U16/><REACH who="1" step="1"/><E79/><REACH who="1" ten="63,419,75,433" step="2"/><V23/><F39/><W28/><G108/><T11/><D129/><U128/><E128/><V14/><F110/><W75/><G75/><AGARI ba="0,1" hai="1,7,10,16,20,25,26,30,33,72,75,91,95,98" machi="75" ten="40,2600,0" yaku="1,1,54,1,53,0" doraHai="46" doraHaiUra="38" who="1" fromWho="3" sc="63,0,419,36,75,0,433,-26" owari="63,-43.7,455,55.5,75,-32.5,407,20.7" /></mjloggm>