<mjloggm ver="2.3"><GO type="169" lobby="0"/><UN n0="%E9%9B%B2%E3%81%AE%E3%83%95%E3%83%89%E3%82%A6" n1="%E9%88%8D%E7%97%9B" n2="%E3%83%A2%E3%82%A4%E3%83%92%E3%83%A3%E3%83%B3" n3="%E6%B2%B3%E7%AB%A5%E3%81%AE%E3%83%AF%E3%82%AB%E3%83%9E%E3%83%84" dan="16,16,17,19" rate="2070.53,2109.98,2146.84,2329.19" sx="M,F,M,M"/><TAIKYOKU oya="0"/><INIT seed="0,0,0,0,1,77" ten="250,250,250,250" oya="0" hai0="115,121,75,36,52,125,30,0,97,2,83,87,67" hai1="3,13,40,135,114,89,79,133,24,119,85,25,131" hai2="15,51,44,84,22,53,74,57,45,7,109,62,17" hai3="50,21,127,16,54,65,20,35,5,82,94,122,1"/><T98/><D115/><U124/><E114/><V111/><F74/><W48/><G35/><T73/><D121/><U34/><E79/><V19/><F7/><W55/><G122/><T72/><D36/><U104/><E104/><V81/><F19/><W92/><G65/><T27/><D67/><U93/><E3/><V8/><F22/><W95/><G127/><T6/><D125/><U49/><E119/><V112/><F112/><W99/><G99/><T26/><D52/><U110/><E110/><V113/><F113/><W105/><G105/><T28/><D6/><U126/><E13/><V129/><F129/><W31/><G5/><T130/><D75/><U32/><E40/><V46/><REACH who="2" step="1"/><F62/><REACH who="2" ten="250,250,240,250" step="2"/><W80/><G31/><T106/><D130/><U37/><E131/><V23/><F23/><N who="3" m="8779" /><G16/><T33/><D33/><U38/><E32/><V123/><F123/><W39/><G1/><T47/><D28/><U78/><E34/><V66/><F66/><W76/><G39/><T43/><D30/><U120/><E120/><V11/><F11/><W101/><G48/><T86/><D2/><U103/><E124/><V9/><F9/><W108/><G50/><T14/><D0/><U71/><E126/><V61/><F61/><W60/><G60/><T90/><D27/><U68/><E49/><V128/><F128/><W4/><G4/><T58/><D26/><N who="1" m="10347" /><E37/><V64/><F64/><W29/><G29/><T96/><D14/><U134/><E38/><V107/><F107/><W91/><G108/><T69/><D106/><U102/><E78/><AGARI ba="0,1" hai="8,15,17,44,45,46,51,53,57,78,81,84,109,111" machi="78" ten="40,2600,0" yaku="1,1,52,1,53,0" doraHai="77" doraHaiUra="118" who="2" fromWho="1" sc="250,0,250,-26,240,36,250,0" /><INIT seed="1,0,0,2,3,23" ten="250,224,276,250" oya="1" hai0="134,16,104,80,123,48,8,29,51,98,2,107,90" hai1="22,113,131,115,42,85,124,7,83,65,14,62,81" hai2="84,35,56,129,49,19,59,36,122,69,119,12,109" hai3="91,73,38,88,106,120,116,127,100,94,43,6,44"/><U108/><E124/><V27/><F69/><W74/><G120/><T87/><D123/><U89/><E131/><V5/><F36/><W76/><G127/><T1/><D134/><U102/><E108/><V78/><F122/><W79/><G116/><T77/><D29/><U28/><E102/><V135/><F135/><W30/><G6/><T9/><D98/><U121/><E121/><V47/><F119/><W46/><G30/><T97/><D97/><U26/><E42/><V112/><F109/><W63/><G63/><T110/><D110/><U17/><E83/><N who="2" m="47223" /><F35/><W40/><G100/><T95/><D9/><U70/><REACH who="1" step="1"/><E7/><REACH who="1" ten="250,214,276,250" step="2"/><V132/><F129/><W39/><REACH who="3" step="1"/><G94/><REACH who="3" ten="250,214,276,240" step="2"/><T24/><D95/><U75/><E75/><V114/><F5/><W103/><G103/><T10/><D104/><AGARI ba="0,2" hai="38,39,40,43,44,46,73,74,76,79,88,91,104,106" machi="104" ten="25,6400,0" yaku="1,1,22,2,54,1,53,0" doraHai="23" doraHaiUra="96" who="3" fromWho="0" sc="250,-64,214,0,276,0,240,84" /><INIT seed="2,0,0,5,3,51" ten="186,214,276,324" oya="2" hai0="38,102,53,41,62,72,25,52,115,91,75,17,64" hai1="56,96,127,105,114,12,135,81,15,94,112,111,119" hai2="71,103,65,44,67,117,95,35,50,73,89,9,93" hai3="34,43,31,80,132,104,46,121,70,133,100,0,28"/><V97/><F117/><W26/><G121/><T92/><D115/><U78/><E119/><V107/><F73/><W11/><G70/><T33/><D102/><U120/><E120/><V79/><F35/><W19/><G31/><T47/><D72/><U123/><E123/><V128/><F128/><W10/><G19/><T83/><D83/><U113/><E111/><V18/><F79/><W14/><G14/><T6/><D6/><U84/><E127/><V22/><F9/><W8/><G0/><T16/><D75/><U20/><E135/><N who="3" m="51786" /><G80/><T63/><D63/><U99/><E20/><V129/><F129/><W77/><G77/><T27/><D17/><U1/><E1/><V30/><F30/><W122/><G122/><T101/><D101/><U60/><E105/><V37/><F37/><N who="3" m="21871" /><G100/><T7/><D7/><U118/><E118/><V39/><F39/><W130/><G104/><T134/><D134/><U76/><E76/><V109/><F71/><W86/><G86/><T59/><D27/><U74/><E96/><N who="2" m="59791" /><F107/><W55/><G130/><T36/><D36/><U90/><REACH who="1" step="1"/><E74/><REACH who="1" ten="186,204,276,324" step="2"/><V13/><F109/><W48/><G10/><T57/><D33/><U82/><E82/><V23/><F22/><W98/><G98/><T88/><D92/><U87/><E87/><V32/><F32/><W21/><G34/><T40/><D25/><U124/><E124/><V126/><F126/><W58/><AGARI ba="0,1" hai="8,11,21,26,28,48,55,58" m="21871,51786" machi="58" ten="30,2000,0" yaku="20,1,52,1" doraHai="51" who="3" fromWho="3" sc="186,-5,204,-5,276,-10,324,30" /><INIT seed="3,0,0,5,0,121" ten="181,199,266,354" oya="3" hai0="105,22,93,98,128,49,130,8,34,43,76,101,40" hai1="111,57,107,18,32,39,108,88,75,113,81,119,31" hai2="50,114,24,53,66,82,103,61,16,19,63,124,117" hai3="42,35,5,36,10,94,125,89,123,59,79,6,48"/><W127/><G123/><T45/><D34/><U85/><E113/><V120/><F114/><W56/><G35/><T122/><D122/><U74/><E39/><V38/><F120/><W29/><G29/><T27/><D76/><U41/><E41/><V118/><F38/><W33/><G33/><T37/><D8/><U67/><E107/><V115/><F115/><W102/><G79/><T4/><D4/><U0/><E0/><V55/><F103/><W96/><G36/><T28/><REACH who="0" step="1"/><D105/><REACH who="0" ten="171,199,266,354" step="2"/><U62/><E119/><V77/><F118/><W26/><G5/><T110/><D110/><N who="1" m="42027" /><E18/><V83/><F117/><W109/><G109/><T70/><D70/><U7/><E7/><V52/><F77/><W69/><G69/><T116/><D116/><U99/><E99/><V12/><F19/><W135/><G6/><T68/><D68/><U47/><E47/><AGARI ba="0,1" hai="22,27,28,37,40,43,45,47,49,93,98,101,128,130" machi="47" ten="40,2600,0" yaku="1,1,53,1" doraHai="121" doraHaiUra="17" who="0" fromWho="1" sc="171,36,199,-26,266,0,354,0" /><INIT seed="4,0,0,2,5,111" ten="207,173,266,354" oya="0" hai0="107,73,24,105,109,14,76,66,39,92,44,41,57" hai1="127,54,70,69,128,40,52,68,89,101,18,126,110" hai2="75,124,130,123,3,133,16,72,90,35,64,11,30" hai3="38,6,58,48,45,104,79,118,98,131,95,106,119"/><T91/><D109/><U122/><E110/><V94/><F123/><W84/><G38/><T31/><D14/><U27/><E89/><V93/><F64/><W80/><G58/><T43/><D43/><U103/><E40/><V21/><F133/><W121/><G6/><T33/><D66/><U83/><E83/><V15/><F130/><W20/><G20/><T67/><D76/><U23/><E122/><V25/><F124/><N who="1" m="47657" /><E128/><V5/><F94/><W78/><G131/><T97/><D73/><U9/><E9/><V29/><F29/><W88/><G121/><T50/><D67/><U116/><E116/><V114/><F114/><W65/><G65/><T12/><REACH who="0" step="1"/><D12/><REACH who="0" ten="197,173,266,354" step="2"/><U62/><E54/><AGARI ba="0,1" hai="24,31,33,39,41,44,50,54,57,91,92,97,105,107" machi="54" ten="40,3900,0" yaku="1,1,2,1,53,0" doraHai="111" doraHaiUra="81" who="0" fromWho="1" sc="197,49,173,-39,266,0,354,0" /><INIT seed="4,1,0,1,0,20" ten="246,134,266,354" oya="0" hai0="3,7,34,0,16,79,59,23,6,54,123,52,78" hai1="89,115,55,82,76,25,118,85,36,86,113,33,119" hai2="57,67,53,65,132,128,18,27,39,121,120,47,17" hai3="80,26,22,28,29,117,116,129,109,70,40,43,48"/><T69/><D34/><U125/><E36/><V102/><F132/><W11/><G109/><T105/><D123/><U46/><E46/><V108/><F108/><W14/><G70/><T130/><D69/><U91/><E55/><V107/><F128/><W45/><G129/><T90/><D130/><U100/><E33/><V87/><F107/><W15/><G43/><T103/><D54/><U21/><E100/><V42/><F102/><W32/><G80/><T88/><D3/><U64/><E64/><V111/><F111/><W35/><G32/><T134/><D134/><U2/><E2/><V72/><F72/><W77/><G77/><N who="0" m="29195" /><D0/><U94/><E125/><V19/><F65/><W133/><G133/><T51/><D103/><U50/><E50/><V24/><F67/><W81/><G81/><T31/><D31/><U10/><E10/><V74/><F74/><W13/><REACH who="3" step="1"/><G11/><REACH who="3" ten="246,134,266,344" step="2"/><T98/><D105/><U126/><E76/><V58/><F121/><W30/><G30/><T41/><D41/><U66/><E126/><V49/><F120/><W62/><G62/><T12/><D90/><U135/><E135/><V38/><F38/><W95/><G95/><AGARI ba="1,1" hai="6,7,12,16,23,51,52,59,88,95,98" m="29195" machi="95" ten="30,11600,0" yaku="8,1,54,3" doraHai="20" who="0" fromWho="3" sc="246,129,134,0,266,0,344,-119" /><INIT seed="4,2,0,0,0,50" ten="375,134,266,225" oya="0" hai0="108,19,35,8,16,44,83,54,119,70,7,5,61" hai1="68,52,63,14,133,76,64,48,51,91,67,85,47" hai2="26,15,1,123,120,20,73,115,101,135,117,57,79" hai3="72,88,121,10,81,110,74,126,40,82,43,106,28"/><T98/><D119/><U27/><E133/><V65/><F135/><W71/><G110/><T38/><D35/><U49/><E76/><V31/><F117/><W94/><G71/><T0/><D7/><U17/><E27/><V87/><F1/><W62/><G106/><T84/><D108/><U78/><E78/><V46/><F73/><W113/><G28/><T24/><D98/><U77/><E77/><V103/><F115/><W13/><G113/><T42/><D24/><U59/><E67/><V39/><F15/><W41/><G126/><T53/><D70/><U2/><E2/><V30/><F30/><W55/><G121/><T45/><D61/><U12/><E12/><V107/><F107/><W125/><G125/><T23/><D45/><U86/><E86/><V37/><F46/><W32/><G32/><T4/><D4/><U114/><E68/><V116/><F116/><W80/><G55/><T109/><D109/><U97/><E97/><V93/><F123/><W130/><G62/><T33/><D33/><U56/><E47/><V69/><F69/><W111/><G130/><T128/><D128/><U6/><E6/><V11/><F120/><W102/><G111/><T92/><D92/><N who="1" m="54383" /><E114/><V36/><F93/><W22/><G94/><T90/><REACH who="0" step="1"/><D23/><AGARI ba="2,0" hai="14,17,23,48,49,51,52,56,59,63,64" m="54383" machi="23" ten="30,7700,0" yaku="25,1,8,1,52,1,54,1" doraHai="50" who="1" fromWho="0" sc="375,-83,134,83,266,0,225,0" /><INIT seed="5,0,0,1,5,44" ten="292,217,266,225" oya="1" hai0="48,120,85,99,118,63,121,104,26,105,134,59,83" hai1="43,36,65,22,34,113,80,40,41,108,31,124,73" hai2="131,116,32,86,62,87,112,9,47,97,55,39,23" hai3="11,53,21,37,33,24,84,88,94,95,5,119,52"/><U129/><E34/><V30/><F116/><W92/><G37/><T130/><D118/><U70/><E113/><V109/><F109/><W19/><G33/><T125/><D26/><U50/><E36/><V71/><F32/><W66/><G66/><T76/><D134/><U64/><E108/><V28/><F112/><W132/><G132/><T98/><D130/><U7/><E7/><V69/><F131/><W12/><REACH who="3" step="1"/><G119/><REACH who="3" ten="292,217,266,215" step="2"/><T133/><D133/><U82/><E129/><V106/><F39/><W42/><G42/><T49/><D125/><U18/><E124/><V79/><F69/><W51/><G51/><N who="0" m="19531" /><D105/><U115/><E115/><V25/><F71/><W90/><G90/><T75/><D104/><U20/><E70/><V14/><F106/><W58/><G58/><T54/><D75/><U3/><E50/><V123/><F47/><W17/><G17/><T16/><D16/><U2/><E73/><V35/><F35/><W8/><G8/><T122/><AGARI ba="0,1" hai="54,59,63,76,83,85,98,99,120,121,122" m="19531" machi="122" ten="40,8000,1" yaku="13,1,52,3" doraHai="44" who="0" fromWho="0" sc="292,90,217,-40,266,-20,215,-20" /><INIT seed="6,0,0,0,0,18" ten="382,177,246,195" oya="2" hai0="45,3,37,49,77,38,69,134,34,17,63,122,72" hai1="116,66,123,80,50,26,88,86,106,84,130,121,47" hai2="22,125,103,60,44,29,0,15,19,31,129,41,21" hai3="2,57,20,91,48,59,28,16,14,131,58,96,126"/><V23/><F0/><W110/><G110/><T52/><D34/><U99/><E116/><V65/><F103/><W132/><G131/><T12/><D3/><U56/><E130/><V55/><F129/><W114/><G2/><T89/><D122/><N who="1" m="46603" /><E86/><V5/><F5/><W98/><G132/><T104/><D134/><U120/><N who="1" m="46611" /><U40/><DORA hai="27" /><E106/><V109/><F109/><W10/><G126/><T135/><D135/><U61/><E26/><V87/><F87/><W32/><G32/><T8/><D89/><U30/><E99/><N who="3" m="37930" /><G114/><T1/><D104/><U127/><E127/><V4/><F4/><N who="3" m="3399" /><G91/><T102/><D102/><U95/><E80/><V117/><F117/><W46/><G28/><AGARI ba="0,0" hai="28,30,40,47,50,56,61,66,84,88,95" m="46611" machi="28" ten="40,8000,1" yaku="13,1,52,2,54,1" doraHai="18,27" who="1" fromWho="3" sc="382,0,177,80,246,0,195,-80" /><INIT seed="7,0,0,5,0,68" ten="382,257,246,115" oya="3" hai0="115,11,119,104,18,109,5,134,80,82,106,15,54" hai1="69,73,52,9,37,91,50,49,107,47,62,21,108" hai2="23,121,114,76,96,103,58,123,131,40,4,25,90" hai3="39,89,102,128,95,113,61,74,32,87,19,13,63"/><W64/><G128/><T1/><D109/><U27/><E107/><V72/><F131/><W116/><G116/><T51/><D119/><U53/><E37/><V83/><F114/><W130/><G130/><T86/><D82/><U117/><E73/><V46/><F4/><W93/><G113/><T42/><D42/><U35/><E35/><V12/><F12/><W125/><G125/><T67/><D67/><U110/><E117/><V45/><F58/><W14/><G74/><T55/><D55/><U112/><E112/><V48/><F90/><W34/><G39/><T24/><D24/><U77/><E9/><V20/><F46/><W135/><G135/><T36/><D36/><U2/><E2/><V84/><F72/><W31/><G31/><T8/><D134/><U28/><E77/><V98/><F96/><W71/><G63/><T99/><D99/><U85/><E69/><V29/><REACH who="2" step="1"/><F20/><REACH who="2" ten="382,257,236,115" step="2"/><W126/><G126/><T78/><D115/><U122/><E122/><V6/><F6/><W30/><G13/><T124/><D124/><U17/><E62/><V38/><F38/><W79/><G79/><T10/><D10/><U0/><E0/><V41/><F41/><W56/><G71/><T97/><D97/><U133/><E133/><V75/><F75/><W57/><G56/><AGARI ba="0,1" hai="1,5,8,11,15,18,51,54,56,78,80,86,104,106" machi="56" ten="30,1000,0" yaku="7,1" doraHai="68" who="0" fromWho="3" sc="382,20,257,0,236,0,115,-10" owari="402,50.2,257,5.7,236,-16.4,105,-39.5" /></mjloggm>