<mjloggm ver="2.3"><GO type="169" lobby="0"/><UN n0="%E5%AD%A4%E7%8B%AC%E6%82%A3%E8%80%85" n1="%61%6E%79%61%64%72%61" n2="%50%44%47%4F%4E" n3="%63%68%78%66%66" dan="16,16,16,17" rate="2066.20,2096.33,2036.62,2230.02" sx="M,M,M,M"/><TAIKYOKU oya="0"/><INIT seed="0,0,0,4,5,88" ten="250,250,250,250" oya="0" hai0="20,109,83,45,26,12,132,115,63,98,131,105,47" hai1="11,46,65,112,94,124,32,125,61,119,72,0,77" hai2="80,50,118,82,15,68,121,91,39,1,101,66,28" hai3="3,43,103,59,126,95,6,25,33,14,133,75,100"/><T111/><D115/><U27/><E119/><V117/><F121/><W19/><G133/><T42/><D132/><U74/><E112/><V58/><F1/><W106/><G126/><N who="1" m="48746" /><E77/><V122/><F122/><W96/><G75/><T21/><D131/><U81/><E81/><V57/><F39/><W113/><G3/><T79/><D63/><U48/><E32/><V87/><F101/><W123/><G123/><T110/><D12/><U90/><E27/><V34/><F82/><W35/><G6/><T53/><D53/><N who="1" m="29847" /><E11/><V130/><F130/><W23/><G43/><T24/><D26/><U62/><E62/><N who="2" m="40023" /><F34/><W37/><G37/><N who="0" m="21711" /><D47/><U108/><E108/><V10/><F28/><W38/><G38/><T76/><D24/><U99/><E0/><V70/><F50/><W4/><G113/><T120/><D120/><U7/><E7/><N who="2" m="3551" /><F70/><AGARI ba="0,0" hai="61,65,70,72,74,90,94,99" m="29847,48746" machi="70" ten="30,2000,0" yaku="18,1,52,1" doraHai="88" who="1" fromWho="2" sc="250,0,250,20,250,-20,250,0" /><INIT seed="1,0,0,1,2,66" ten="250,270,230,250" oya="1" hai0="60,70,28,100,65,87,69,77,51,104,44,22,122" hai1="134,132,4,133,45,26,15,131,14,116,13,101,97" hai2="2,82,126,23,93,80,19,75,86,111,107,91,12" hai3="123,48,53,36,43,102,92,99,113,85,108,105,90"/><U114/><E114/><V31/><F111/><W78/><G108/><T117/><D117/><U17/><E116/><V103/><F126/><W79/><G123/><T72/><D122/><U3/><E45/><V106/><F2/><W7/><G113/><T40/><D72/><U71/><E131/><V37/><F37/><W124/><G124/><T32/><D22/><N who="1" m="13647" /><E71/><V54/><F103/><W61/><G36/><T127/><D127/><U56/><E56/><V35/><F75/><W129/><G129/><T9/><D9/><N who="1" m="2207" /><E97/><V96/><F96/><W118/><G7/><T81/><D100/><AGARI ba="0,0" hai="13,14,15,100,101,132,133,134" m="2207,13647" machi="100" ten="40,2000,0" yaku="20,1" doraHai="66" who="1" fromWho="0" sc="250,-20,270,20,230,0,250,0" /><INIT seed="1,1,0,1,5,22" ten="230,290,230,250" oya="1" hai0="115,87,94,120,60,66,39,15,131,61,106,54,102" hai1="57,2,63,23,27,1,62,79,43,42,99,71,76" hai2="85,30,109,58,69,11,73,125,80,64,26,126,8" hai3="38,78,40,44,48,18,129,96,132,72,28,70,112"/><U14/><E1/><V24/><F73/><W52/><G129/><T88/><D115/><U5/><E2/><V113/><F69/><W49/><G132/><T103/><D131/><U90/><E71/><V92/><F109/><W33/><G112/><T114/><D114/><U100/><E63/><N who="2" m="38007" /><F113/><W104/><G70/><T133/><D39/><U34/><E34/><V36/><F36/><W20/><G28/><T91/><D106/><U86/><E14/><V134/><F134/><W25/><G33/><T117/><D117/><U81/><E5/><V32/><F92/><W50/><G78/><T68/><D120/><U53/><E79/><N who="2" m="46239" /><F26/><W17/><G72/><T3/><D3/><U74/><E74/><V37/><F37/><W35/><G17/><T93/><D133/><U119/><E119/><V83/><F83/><W51/><G35/><T0/><D0/><U82/><E82/><V98/><F98/><W97/><REACH who="3" step="1"/><G104/><REACH who="3" ten="230,290,230,240" step="2"/><T101/><D68/><U75/><E75/><V130/><F130/><W127/><G127/><AGARI ba="1,1" hai="8,11,24,30,32,125,126,127" m="46239,38007" machi="127" ten="30,2000,0" yaku="18,1,52,1" doraHai="22" who="2" fromWho="3" sc="230,0,290,0,230,33,240,-23" /><INIT seed="2,0,0,0,4,48" ten="230,290,263,217" oya="2" hai0="126,81,84,128,11,115,98,49,70,59,134,30,32" hai1="72,104,133,8,119,109,5,22,131,135,111,52,68" hai2="62,28,63,65,34,71,36,69,96,42,23,88,97" hai3="89,9,99,125,53,54,17,77,118,102,132,90,107"/><V18/><F34/><W39/><G118/><T31/><D115/><U37/><E119/><V100/><F28/><W123/><G123/><T3/><D70/><U21/><E72/><V76/><F76/><W45/><G77/><T47/><D128/><U19/><E104/><V1/><F1/><W16/><G132/><N who="1" m="50762" /><E37/><V43/><F36/><W108/><G108/><N who="1" m="41546" /><E68/><V113/><F97/><W122/><G122/><T26/><D126/><U117/><E117/><V129/><F129/><W58/><G125/><T12/><D3/><N who="1" m="63" /><E131/><V79/><F113/><W60/><G39/><T127/><D127/><U2/><E2/><V106/><F71/><W64/><G17/><T13/><D134/><U86/><E86/><V103/><F69/><W55/><REACH who="3" step="1"/><G45/><REACH who="3" ten="230,290,263,207" step="2"/><T40/><D47/><U10/><E52/><V93/><F43/><W67/><G67/><T91/><D40/><U51/><E51/><V101/><F65/><W46/><G46/><T92/><D49/><U87/><E87/><V27/><F42/><W20/><G20/><T38/><D38/><U120/><E120/><V112/><F23/><W75/><G75/><T130/><D84/><U95/><E95/><V33/><F93/><W7/><G7/><T41/><D41/><U6/><E6/><V94/><F94/><W15/><AGARI ba="0,1" hai="9,15,16,53,54,55,58,60,64,89,90,99,102,107" machi="15" ten="30,12000,2" yaku="1,1,0,1,52,3,54,1,53,0" doraHai="48" doraHaiUra="35" who="3" fromWho="3" sc="230,-30,290,-30,263,-60,207,130" /><INIT seed="3,0,0,1,1,36" ten="200,260,203,337" oya="3" hai0="74,82,103,86,50,91,62,2,73,87,51,84,125" hai1="40,57,83,72,105,128,75,107,116,65,100,52,79" hai2="94,114,45,48,134,80,108,29,55,7,112,38,67" hai3="54,10,131,12,81,135,115,130,104,11,49,8,70"/><W27/><G115/><T106/><D2/><U99/><E128/><N who="3" m="49194" /><G70/><T63/><D125/><U117/><E65/><V1/><F134/><W37/><G37/><T18/><D106/><U111/><E111/><V44/><F108/><W88/><G104/><T110/><D110/><U20/><E107/><V26/><F67/><W113/><G27/><T42/><D103/><U3/><E3/><V39/><F94/><W89/><G113/><T46/><D73/><U133/><E133/><V98/><F98/><W132/><G89/><T17/><D74/><U30/><E72/><V25/><F38/><W78/><G78/><T122/><D122/><U60/><E30/><V23/><F26/><W43/><G12/><T77/><D51/><U9/><E9/><V6/><F1/><W85/><G43/><T14/><D86/><U0/><E0/><V76/><F114/><W101/><G101/><T4/><D4/><U13/><E40/><V31/><F31/><W56/><AGARI ba="0,0" hai="8,10,11,49,54,56,81,85,88,132,135" m="49194" machi="56" ten="40,3900,0" yaku="19,1,54,1" doraHai="36" who="3" fromWho="3" sc="200,-13,260,-13,203,-13,337,39" /><INIT seed="3,1,0,3,0,66" ten="187,247,190,376" oya="3" hai0="34,101,48,133,129,56,86,10,31,26,108,55,18" hai1="98,135,27,44,93,131,102,43,5,96,99,107,111" hai2="75,67,128,47,103,6,77,25,115,64,91,90,106" hai3="92,79,50,105,61,134,53,83,9,80,46,84,60"/><W117/><G134/><T71/><D108/><U88/><E111/><V82/><F115/><W58/><G105/><T76/><D133/><U118/><E131/><V124/><F128/><W57/><G117/><T40/><D129/><U114/><E114/><V42/><F124/><W51/><G92/><T62/><D101/><U68/><E135/><V19/><F6/><W125/><G125/><T81/><D40/><U69/><E118/><V45/><F45/><W35/><G35/><T72/><D72/><U22/><E5/><V1/><F1/><W123/><G123/><T109/><D109/><U11/><E11/><V127/><F25/><W113/><G113/><T17/><REACH who="0" step="1"/><D10/><REACH who="0" ten="177,247,190,376" step="2"/><U122/><E122/><V24/><F103/><W74/><G9/><T2/><D2/><U52/><E98/><V120/><F120/><W8/><G8/><T85/><D85/><U73/><E73/><V15/><F127/><W78/><REACH who="3" step="1"/><G58/><REACH who="3" ten="177,247,190,366" step="2"/><T126/><D126/><U29/><REACH who="1" step="1"/><E52/><AGARI ba="1,2" hai="46,50,51,52,53,57,60,61,74,78,79,80,83,84" machi="52" ten="30,11600,0" yaku="1,1,2,1,7,1,54,1,53,0" doraHai="66" doraHaiUra="13" who="3" fromWho="1" sc="177,0,247,-119,190,0,366,139" /><INIT seed="3,2,0,2,2,78" ten="177,128,190,505" oya="3" hai0="65,77,83,102,92,116,114,42,24,55,6,35,28" hai1="98,90,62,74,107,109,97,60,105,73,41,53,25" hai2="58,40,81,106,130,125,132,57,129,123,49,112,113" hai3="100,121,11,108,48,43,86,64,7,52,3,27,101"/><W131/><G121/><T94/><D116/><U54/><E25/><V134/><F106/><W89/><G131/><N who="2" m="50185" /><F81/><W22/><G64/><T21/><D114/><N who="2" m="44138" /><F123/><W82/><G43/><T51/><D65/><U117/><E41/><V76/><F76/><W93/><G108/><T63/><D6/><U85/><E85/><V23/><F23/><W99/><G101/><T115/><D115/><U2/><E2/><V120/><F120/><W96/><G96/><T95/><D35/><U39/><E90/><V20/><F20/><W1/><G1/><T119/><D119/><U36/><REACH who="1" step="1"/><E117/><REACH who="1" ten="177,118,190,505" step="2"/><V50/><F125/><W19/><G48/><N who="2" m="18537" /><F40/><W126/><G126/><T84/><D42/><U122/><E122/><V14/><F14/><W4/><G4/><T111/><D111/><AGARI ba="2,1" hai="36,39,53,54,60,62,73,74,97,98,105,107,109,111" machi="111" ten="25,3200,0" yaku="1,1,22,2,53,0" doraHai="78" doraHaiUra="87" who="1" fromWho="0" sc="177,-38,118,48,190,0,505,0" /><INIT seed="4,0,0,2,4,74" ten="139,166,190,505" oya="0" hai0="63,1,38,8,72,99,118,20,93,37,134,59,41" hai1="16,68,24,66,130,70,62,5,11,131,33,15,36" hai2="92,76,34,4,18,75,116,102,83,103,6,120,89" hai3="126,87,101,57,106,26,80,82,61,108,30,67,110"/><T23/><D118/><U35/><E36/><V19/><F120/><W39/><G39/><T96/><D134/><U114/><E70/><V55/><F116/><W78/><G126/><T113/><D113/><U7/><E114/><V45/><F34/><W51/><G101/><T42/><D72/><U97/><E97/><V27/><F45/><W40/><G106/><T88/><D38/><U21/><REACH who="1" step="1"/><E7/><REACH who="1" ten="139,156,190,505" step="2"/><V94/><F6/><W22/><G110/><T122/><D122/><U84/><E84/><V107/><F4/><W115/><G108/><T111/><D111/><U9/><E9/><V91/><F75/><W44/><G115/><T54/><D37/><U95/><E95/><V17/><F94/><W58/><G82/><T125/><D125/><U129/><AGARI ba="0,1" hai="5,11,15,16,21,24,33,35,62,66,68,129,130,131" machi="129" ten="30,12000,2" yaku="1,1,0,1,19,1,54,1,53,2" doraHai="74" doraHaiUra="29" who="1" fromWho="1" sc="139,-60,156,130,190,-30,505,-30" /><INIT seed="5,0,0,3,2,104" ten="79,286,160,475" oya="1" hai0="124,93,118,14,88,4,72,69,11,63,33,3,40" hai1="22,36,32,101,132,85,60,106,135,24,109,29,112" hai2="122,26,92,54,123,125,53,97,2,8,78,10,13" hai3="50,131,38,43,126,25,84,67,66,46,6,90,9"/><U1/><E112/><V103/><F125/><W108/><G108/><T120/><D118/><U15/><E36/><V99/><F26/><W18/><G131/><T0/><D124/><U58/><E1/><V100/><F2/><W56/><G126/><T83/><D33/><U70/><E109/><V75/><F78/><W57/><G38/><T107/><D107/><U87/><E15/><V86/><F86/><W44/><G44/><T114/><D114/><U116/><E116/><V94/><F13/><N who="3" m="5303" /><G66/><T45/><D120/><U82/><E22/><V129/><F129/><W91/><G67/><T127/><D127/><U98/><E70/><V95/><F95/><N who="3" m="54727" /><G91/><T37/><D63/><U19/><E19/><V74/><AGARI ba="0,0" hai="8,10,53,54,74,75,92,94,97,99,100,103,122,123" machi="74" ten="25,8000,1" yaku="0,1,22,2,52,2" doraHai="104" who="2" fromWho="2" sc="79,-20,286,-40,160,80,475,-20" /><INIT seed="6,0,0,3,4,111" ten="59,246,240,455" oya="2" hai0="35,15,83,48,66,3,37,102,79,57,62,76,45" hai1="31,74,82,99,10,130,110,119,60,69,129,56,9" hai2="123,4,28,84,106,105,41,95,49,27,7,89,98" hai3="128,87,77,0,43,134,103,70,116,16,12,91,39"/><V124/><F123/><W81/><G116/><T25/><D3/><U21/><E110/><V107/><F124/><W73/><G0/><T133/><D133/><U22/><E119/><V61/><F61/><W101/><G70/><T94/><D37/><U125/><E125/><V51/><F98/><W97/><G128/><N who="1" m="49258" /><E99/><V121/><F121/><W109/><G109/><T90/><D102/><U96/><E96/><V40/><F51/><W64/><G64/><T113/><D113/><U6/><E69/><V135/><F135/><W63/><G63/><T59/><D57/><U88/><E31/><V127/><F127/><W67/><G67/><T42/><D83/><U93/><E74/><V52/><F41/><W36/><G134/><T13/><D35/><U14/><E10/><V131/><F40/><W120/><G43/><T72/><D25/><U2/><E2/><V50/><F50/><W53/><G53/><T23/><D72/><U115/><E115/><V100/><F100/><W38/><G120/><T33/><D33/><U55/><E93/><V46/><REACH who="2" step="1"/><F131/><REACH who="2" ten="59,246,230,455" step="2"/><W117/><G117/><T19/><REACH who="0" step="1"/><D13/><REACH who="0" ten="49,246,230,455" step="2"/><U1/><E14/><V11/><F11/><N who="3" m="6175" /><G101/><T86/><AGARI ba="0,2" hai="15,19,23,42,45,48,59,62,66,76,79,86,90,94" machi="86" ten="20,5200,0" yaku="1,1,0,1,7,1,8,1,53,0" doraHai="111" doraHaiUra="68" who="0" fromWho="0" sc="49,72,246,-13,230,-26,455,-13" /><INIT seed="7,0,0,1,2,119" ten="121,233,204,442" oya="3" hai0="13,102,96,108,32,76,28,123,17,51,122,125,3" hai1="7,64,87,86,115,0,65,8,84,89,56,16,36" hai2="90,104,93,4,33,37,112,19,39,25,101,11,110" hai3="38,18,120,54,107,43,52,121,49,23,127,88,35"/><W21/><G35/><T100/><D108/><U95/><E36/><V85/><F112/><W79/><G107/><T70/><D125/><U40/><E40/><V5/><F110/><W131/><G79/><T15/><D3/><U67/><E115/><V24/><F5/><W129/><G38/><T116/><D116/><U113/><E113/><V66/><F66/><W105/><G105/><T2/><D2/><U12/><REACH who="1" step="1"/><E56/><REACH who="1" ten="121,223,204,442" step="2"/><V27/><F33/><W68/><G43/><T14/><D70/><U135/><E135/><V77/><F19/><W117/><G18/><T29/><D17/><U69/><E69/><V130/><F130/><W46/><G68/><T60/><D60/><U44/><E44/><V133/><F77/><W26/><G117/><T41/><D76/><U1/><E1/><V126/><F133/><W83/><G46/><T30/><D32/><U81/><E81/><V74/><F74/><W91/><G83/><T10/><D10/><AGARI ba="0,1" hai="0,7,8,10,12,16,64,65,67,84,86,87,89,95" machi="10" ten="40,8000,1" yaku="1,1,54,1,53,3" doraHai="119" doraHaiUra="61" who="1" fromWho="0" sc="121,-80,223,90,204,0,442,0" owari="41,-45.9,313,11.3,204,-19.6,442,54.2" /></mjloggm>