<mjloggm ver="2.3"><GO type="169" lobby="0"/><UN n0="%72%61%6B%33" n1="%4C%C3%97%57%C3%97%4C" n2="%49%57%41%50%49%4E" n3="%63%78%79%74%6D%6C" dan="16,17,17,16" rate="2121.46,2144.16,2170.77,2079.00" sx="M,M,M,M"/><TAIKYOKU oya="0"/><INIT seed="0,0,0,5,2,130" ten="250,250,250,250" oya="0" hai0="37,5,70,20,18,122,88,66,90,77,11,54,22" hai1="27,112,102,114,44,15,93,21,43,126,28,39,46" hai2="31,129,133,13,17,80,76,83,42,25,104,38,108" hai3="36,57,116,121,41,85,125,9,26,23,45,29,51"/><T56/><D122/><U84/><E126/><V6/><F108/><W47/><G116/><T113/><D113/><U95/><E15/><V81/><F129/><W16/><G125/><T33/><D33/><U35/><E35/><V131/><F104/><W71/><G71/><T111/><D37/><U75/><E75/><V118/><F6/><W119/><G121/><T12/><D111/><U67/><E46/><V40/><F118/><W105/><G105/><T69/><D77/><U100/><E67/><V107/><F107/><W61/><G119/><T128/><D128/><U89/><REACH who="1" step="1"/><E95/><REACH who="1" ten="250,240,250,250" step="2"/><V97/><F131/><W82/><G47/><T115/><D66/><U3/><E3/><V106/><F13/><W62/><G36/><T134/><D115/><AGARI ba="0,1" hai="21,27,28,39,43,44,84,89,93,100,102,112,114,115" machi="115" ten="40,2600,0" yaku="1,1,11,1,53,0" doraHai="130" doraHaiUra="79" who="1" fromWho="0" sc="250,-26,240,36,250,0,250,0" /><INIT seed="1,0,0,4,0,112" ten="224,276,250,250" oya="1" hai0="44,19,135,6,90,132,77,101,54,99,86,37,53" hai1="48,94,91,87,41,79,13,11,70,102,109,115,29" hai2="30,1,62,55,49,22,95,68,5,3,103,131,107" hai3="0,45,73,51,24,97,105,14,4,64,119,7,129"/><U98/><E115/><V84/><F131/><W117/><G73/><T2/><D77/><U35/><E109/><V23/><F107/><W125/><G129/><T28/><D28/><U42/><E70/><V85/><F103/><W121/><G121/><T32/><D32/><U25/><E79/><V65/><F85/><W110/><G0/><T118/><D118/><N who="3" m="45065" /><G110/><T39/><D19/><U113/><E48/><V16/><F30/><W124/><G64/><T31/><D31/><U61/><E61/><V123/><F123/><W78/><G78/><T58/><D6/><N who="3" m="2089" /><G14/><T122/><D2/><U116/><E116/><V76/><F5/><W12/><G12/><T88/><D122/><U108/><E108/><V111/><F111/><W114/><G24/><T17/><D132/><U47/><E113/><V104/><F76/><W71/><G71/><T127/><D135/><U57/><E13/><V80/><F1/><W50/><G114/><T133/><D133/><U15/><E15/><V59/><F3/><W21/><G21/><T96/><D127/><N who="3" m="48713" /><G45/><T33/><D44/><U74/><E74/><V43/><F23/><W130/><G130/><T40/><D33/><U27/><E27/><V66/><F22/><W100/><AGARI ba="0,0" hai="50,51,97,100,105" m="48713,2089,45065" machi="100" ten="40,8000,1" yaku="12,1,18,1,52,3" doraHai="112" who="3" fromWho="3" sc="224,-20,276,-40,250,-20,250,80" /><INIT seed="2,0,0,1,1,115" ten="204,236,230,330" oya="2" hai0="93,70,57,23,4,103,125,48,18,129,35,85,37" hai1="10,118,32,104,99,53,24,38,25,61,109,9,88" hai2="7,132,72,55,134,97,30,77,39,122,54,83,108" hai3="101,63,128,100,120,112,73,59,64,50,116,121,71"/><V41/><F122/><W135/><G73/><T15/><D37/><U44/><E109/><V114/><F114/><W79/><G79/><T51/><D125/><U14/><E118/><V113/><F113/><W6/><G112/><T21/><D70/><U20/><E104/><V130/><F130/><W123/><G128/><T68/><D35/><U127/><E127/><V16/><F30/><W34/><G34/><T42/><D68/><U131/><E131/><V105/><F7/><W96/><G135/><N who="2" m="51753" /><F108/><W43/><G6/><T8/><D129/><U46/><E32/><V28/><F28/><W11/><G11/><N who="1" m="4106" /><E38/><V33/><F33/><W74/><G74/><T0/><D42/><U82/><E14/><V75/><F75/><W62/><G96/><T69/><D69/><U117/><E117/><V27/><F41/><W67/><G116/><T40/><D40/><U90/><E25/><V58/><F39/><W29/><G29/><T106/><D106/><U133/><E133/><V81/><F81/><W5/><G5/><T45/><D4/><U1/><E1/><V126/><F58/><W92/><G43/><T95/><D57/><N who="1" m="34991" /><E82/><V52/><F126/><W65/><G71/><T124/><D0/><U84/><E84/><V26/><F16/><W110/><G110/><T78/><D124/><U31/><E99/><V89/><F105/><W56/><G67/><T94/><D45/><AGARI ba="0,0" hai="20,24,31,44,45,46,88,90" m="34991,4106" machi="45" ten="30,2000,0" yaku="8,1,54,1" doraHai="115" who="1" fromWho="0" sc="204,-20,236,20,230,0,330,0" /><INIT seed="3,0,0,0,5,28" ten="184,256,230,330" oya="3" hai0="114,29,121,122,68,50,69,40,34,63,7,111,87" hai1="133,129,104,3,127,117,102,91,39,88,11,76,8" hai2="56,30,85,48,57,74,86,131,31,98,99,72,123" hai3="84,83,116,14,12,46,119,54,9,24,105,94,5"/><W51/><G105/><T35/><D29/><U25/><E39/><V125/><F48/><W18/><G24/><T52/><D7/><U27/><E3/><V132/><F125/><W49/><G94/><T79/><D111/><U65/><E65/><V120/><REACH who="2" step="1"/><F131/><REACH who="2" ten="184,256,220,330" step="2"/><W109/><G51/><T60/><D50/><U80/><E127/><V47/><F47/><W2/><G109/><T97/><D40/><U67/><E129/><V134/><AGARI ba="0,1" hai="30,31,56,57,72,74,85,86,98,99,120,123,132,134" machi="134" ten="25,6400,0" yaku="1,1,0,1,22,2,53,0" doraHai="28" doraHaiUra="19" who="2" fromWho="2" sc="184,-16,256,-16,220,74,330,-32" /><INIT seed="4,0,0,5,0,134" ten="168,240,294,298" oya="0" hai0="46,116,133,42,75,88,81,119,28,62,86,101,36" hai1="47,84,32,92,41,48,110,128,33,73,94,129,0" hai2="14,63,131,15,13,76,20,114,35,112,61,29,9" hai3="19,3,51,74,102,12,71,44,120,100,53,27,132"/><T117/><D133/><U95/><E110/><V113/><F76/><W106/><G132/><T2/><D2/><U26/><E73/><V130/><F63/><W93/><G3/><T90/><D28/><U89/><E0/><V72/><F61/><W4/><G74/><T70/><D75/><U49/><E49/><V18/><F72/><W59/><G71/><T60/><D101/><U96/><E26/><N who="2" m="18871" /><F9/><W66/><G106/><T67/><REACH who="0" step="1"/><D62/><REACH who="0" ten="158,240,294,298" step="2"/><U111/><E111/><V50/><F50/><W56/><G102/><T39/><D39/><U97/><E32/><V5/><F5/><W85/><G100/><T121/><D121/><U124/><E33/><V115/><F115/><W54/><G4/><T58/><D58/><U69/><E69/><V105/><F105/><W43/><G59/><T91/><AGARI ba="0,1" hai="36,42,46,60,67,70,81,86,88,90,91,116,117,119" machi="91" ten="40,7800,0" yaku="1,1,0,1,54,1,53,0" doraHai="134" doraHaiUra="22" who="0" fromWho="0" sc="158,88,240,-26,294,-26,298,-26" /><INIT seed="4,1,0,0,0,78" ten="246,214,268,272" oya="0" hai0="72,52,4,21,118,10,28,43,12,13,80,124,88" hai1="26,15,123,24,96,68,115,84,117,119,131,120,135" hai2="33,107,130,125,114,62,31,108,56,1,63,53,100" hai3="8,67,7,61,116,42,49,97,18,11,132,46,99"/><T64/><D118/><N who="1" m="45067" /><E68/><V45/><F108/><W71/><G132/><T65/><D124/><U2/><E96/><V102/><F1/><W47/><G116/><T25/><D43/><U16/><E84/><V74/><F74/><W40/><G18/><T60/><D13/><U86/><E86/><V112/><F125/><W35/><G35/><T129/><D129/><U0/><E135/><V91/><F130/><W81/><G11/><T106/><D106/><U55/><E55/><V77/><F77/><W110/><G110/><T121/><D121/><N who="1" m="46667" /><E131/><V14/><F91/><W27/><G27/><N who="1" m="10282" /><E115/><V82/><F53/><W101/><G101/><T79/><REACH who="0" step="1"/><D88/><REACH who="0" ten="236,214,268,272" step="2"/><U58/><E58/><AGARI ba="1,1" hai="4,10,12,21,25,28,52,58,60,64,65,72,79,80" machi="58" ten="40,12000,1" yaku="1,1,2,1,52,1,54,1,53,0" doraHai="78" doraHaiUra="103" who="0" fromWho="1" sc="236,133,214,-123,268,0,272,0" /><INIT seed="4,2,0,0,5,131" ten="369,91,268,272" oya="0" hai0="135,115,60,66,6,133,92,87,95,27,69,89,11" hai1="82,76,121,28,43,71,30,123,63,52,39,94,0" hai2="8,29,7,93,55,84,10,79,59,26,20,41,18" hai3="25,127,96,9,2,16,134,83,117,46,42,3,104"/><T122/><D122/><U128/><E128/><V118/><F118/><W77/><G117/><T120/><D120/><U45/><E0/><V99/><F41/><W47/><G127/><T15/><D115/><U56/><E94/><V21/><F79/><W78/><G47/><T110/><D110/><U114/><E114/><V80/><F80/><W38/><G78/><T31/><REACH who="0" step="1"/><D92/><REACH who="0" ten="359,91,268,272" step="2"/><U5/><E123/><V130/><F130/><W22/><G104/><T74/><D74/><U1/><E121/><V19/><F93/><W85/><G96/><T91/><D91/><U64/><E1/><V44/><F99/><W62/><G3/><T103/><D103/><U70/><E70/><V126/><F126/><W34/><G2/><T13/><D13/><U57/><E71/><V112/><F112/><W51/><G77/><T109/><D109/><U119/><E119/><V36/><F84/><W81/><G85/><T105/><D105/><U33/><E33/><AGARI ba="2,1" hai="6,11,15,27,31,33,60,66,69,87,89,95,133,135" machi="33" ten="40,12000,1" yaku="1,1,52,2,53,1" doraHai="131" doraHaiUra="4" who="0" fromWho="1" sc="359,136,91,-126,268,0,272,0" owari="495,59.5,-35,-53.5,268,-13.2,272,7.2" /></mjloggm>