<mjloggm ver="2.3"><GO type="169" lobby="0"/><UN n0="%E3%82%B9%E3%82%AB%E3%83%9D%E3%83%B3" n1="%52%35" n2="%E3%81%A1%E3%82%87%E3%82%8A%E3%81%8A" n3="%E3%83%A9%E3%83%B3%E3%82%B9%E3%83%AD%E3%83%83%E3%83%88" dan="17,17,16,16" rate="2143.68,2235.13,2112.91,2117.62" sx="M,M,M,M"/><TAIKYOKU oya="0"/><INIT seed="0,0,0,2,2,20" ten="250,250,250,250" oya="0" hai0="130,86,56,94,105,128,107,34,89,108,129,21,70" hai1="29,91,24,118,80,38,73,43,84,131,114,25,122" hai2="92,63,41,110,37,8,9,95,57,4,116,16,69" hai3="64,67,120,113,44,33,109,36,0,7,27,49,18"/><T6/><D70/><U87/><E118/><V53/><F116/><W39/><G113/><T31/><D34/><U123/><E73/><V75/><F75/><W121/><G109/><T23/><D108/><U32/><E114/><V132/><F132/><W68/><G7/><T71/><D71/><U104/><E104/><N who="0" m="40009" /><D6/><U124/><E131/><V3/><F69/><W45/><G0/><T19/><D31/><U112/><E112/><V35/><F35/><W72/><G72/><T99/><D56/><U59/><E124/><V100/><F100/><W65/><G68/><T50/><D50/><U96/><E96/><V54/><F110/><W117/><G117/><T78/><D19/><U30/><E59/><V88/><F92/><W5/><G5/><T83/><AGARI ba="0,0" hai="21,23,78,83,86,89,94,99,128,129,130" m="40009" machi="83" ten="40,2100,0" yaku="19,1" doraHai="20" who="0" fromWho="0" sc="250,21,250,-7,250,-7,250,-7" /><INIT seed="0,1,0,4,3,17" ten="271,243,243,243" oya="0" hai0="30,63,52,80,133,33,82,19,106,100,66,117,64" hai1="78,76,135,114,123,45,96,62,32,61,128,60,125" hai2="36,86,94,10,9,12,111,39,29,49,31,20,89" hai3="3,68,93,109,55,81,7,13,69,92,116,99,130"/><T134/><D117/><U87/><E123/><V6/><F111/><W126/><G116/><T108/><D108/><U43/><E32/><V34/><F34/><W73/><G3/><T0/><D0/><U88/><E128/><V83/><F39/><W41/><G41/><T132/><D19/><U48/><E125/><V8/><F36/><W28/><G28/><T98/><D52/><U102/><E135/><V91/><F49/><W53/><G126/><T25/><REACH who="0" step="1"/><D66/><REACH who="0" ten="261,243,243,243" step="2"/><U90/><E114/><V26/><REACH who="2" step="1"/><F31/><REACH who="2" ten="261,243,233,243" step="2"/><W1/><G109/><T97/><D97/><AGARI ba="1,2" hai="6,8,9,10,12,20,26,29,83,86,89,91,94,97" machi="97" ten="30,12000,2" yaku="1,1,2,1,7,1,8,1,52,1,53,1" doraHai="17" doraHaiUra="27" who="2" fromWho="0" sc="261,-123,243,0,233,143,243,0" /><INIT seed="1,0,0,3,1,105" ten="138,243,376,243" oya="1" hai0="14,87,129,109,0,126,122,8,100,23,124,108,85" hai1="74,46,21,41,118,32,111,107,55,68,99,64,49" hai2="123,94,62,58,77,120,34,103,106,61,15,56,45" hai3="69,104,59,20,91,51,35,39,28,4,119,76,65"/><U3/><E118/><V113/><F106/><W13/><G39/><T130/><D100/><U101/><E32/><V72/><F34/><W115/><G115/><T22/><D0/><U125/><E125/><N who="0" m="48233" /><D87/><U67/><E3/><V5/><F45/><W52/><G104/><T33/><D85/><U83/><E111/><N who="0" m="42569" /><D33/><U47/><E68/><V7/><F113/><W57/><G69/><T18/><D122/><U89/><E21/><AGARI ba="0,0" hai="8,14,18,21,22,23,129,130" m="42569,48233" machi="21" ten="40,8000,1" yaku="18,1,14,1,34,2" doraHai="105" who="0" fromWho="1" sc="138,80,243,-80,376,0,243,0" /><INIT seed="2,0,0,1,5,50" ten="218,163,376,243" oya="2" hai0="38,63,66,112,15,16,135,18,23,43,33,7,91" hai1="19,46,118,98,128,13,88,37,99,55,24,1,52" hai2="70,73,21,44,76,110,5,81,71,20,6,9,8" hai3="77,53,67,86,25,121,11,103,30,40,10,45,51"/><V123/><F123/><W29/><G121/><T134/><D112/><U39/><E118/><V69/><F110/><W36/><G67/><T68/><D33/><U32/><E1/><V42/><F9/><W12/><G103/><T107/><D107/><U104/><E128/><V113/><F5/><W94/><G30/><T100/><D100/><U22/><E104/><V61/><F61/><W14/><G14/><T65/><D65/><U0/><E0/><V109/><F109/><W31/><G31/><T106/><D106/><U48/><E32/><V125/><F125/><W115/><G115/><T3/><D91/><U93/><E98/><V124/><F113/><W60/><G60/><T90/><D90/><U26/><REACH who="1" step="1"/><E55/><REACH who="1" ten="218,153,376,243" step="2"/><V27/><F124/><W4/><G53/><T95/><D3/><U58/><E58/><V119/><F119/><W54/><G54/><T62/><D68/><U101/><E101/><V35/><F70/><W79/><G45/><T132/><D66/><U122/><E122/><V75/><F69/><W133/><G133/><T120/><D120/><U117/><E117/><V74/><F71/><W49/><G4/><T87/><D7/><U34/><E34/><V82/><F35/><W84/><G10/><T57/><D57/><U126/><E126/><V96/><F8/><W116/><G11/><T2/><D2/><U105/><E105/><V131/><F6/><W59/><G116/><T129/><D135/><U108/><E108/><V92/><F131/><W102/><G59/><T111/><D134/><U41/><E41/><V28/><F42/><W114/><G40/><RYUUKYOKU ba="0,1" sc="218,-10,153,30,376,-10,243,-10" hai1="13,19,22,24,26,37,39,46,48,52,88,93,99" /><INIT seed="3,1,1,0,3,34" ten="208,183,366,233" oya="3" hai0="104,124,17,51,83,48,89,40,126,32,36,91,111" hai1="102,132,35,49,92,62,131,118,4,76,135,65,70" hai2="14,19,29,105,15,90,57,23,122,128,113,56,71" hai3="129,0,61,9,28,75,121,26,115,38,8,45,18"/><W94/><G115/><T127/><D111/><U46/><E35/><V123/><F71/><W86/><G121/><N who="2" m="46089" /><F128/><W106/><G106/><T108/><D108/><U134/><E131/><V110/><F110/><W107/><G107/><T3/><D104/><U97/><E118/><V59/><F105/><W13/><G75/><T81/><D32/><U63/><E76/><V16/><F113/><W42/><G129/><T125/><D17/><N who="2" m="6730" /><F90/><N who="0" m="34314" /><D3/><U116/><E116/><V55/><F55/><W12/><G0/><T77/><D127/><U109/><E109/><V7/><F7/><W74/><G12/><N who="2" m="4649" /><F29/><W87/><G13/><T88/><D36/><U60/><REACH who="1" step="1"/><E4/><REACH who="1" ten="208,173,366,233" step="2"/><V1/><F23/><W52/><G8/><T114/><D114/><U44/><E44/><V96/><F1/><W93/><G9/><T85/><D40/><AGARI ba="1,2" hai="40,46,49,60,62,63,65,70,92,97,102,132,134,135" machi="40" ten="40,2600,0" yaku="1,1,20,1,53,0" doraHai="34" doraHaiUra="53" who="1" fromWho="0" sc="208,-29,173,49,366,0,233,0" /><INIT seed="4,0,0,1,1,83" ten="179,222,366,233" oya="0" hai0="28,98,58,96,127,72,20,4,0,30,70,50,78" hai1="61,93,49,11,56,113,47,82,22,9,6,125,27" hai2="35,75,67,17,18,19,73,46,34,115,55,42,24" hai3="121,94,109,40,126,74,16,134,7,52,100,84,110"/><T106/><D127/><U129/><E129/><V54/><F67/><W77/><G126/><T31/><D70/><U13/><E113/><V10/><F10/><W15/><G7/><T87/><D72/><U48/><E125/><V132/><F115/><W33/><G33/><T116/><D116/><U92/><E11/><V135/><F24/><W120/><G134/><N who="2" m="51241" /><F42/><W108/><G74/><N who="2" m="28169" /><F46/><W133/><G133/><T57/><D106/><U25/><E25/><V43/><F43/><W44/><G40/><T66/><D0/><U12/><E12/><V114/><F114/><W41/><G41/><T103/><D4/><U101/><E47/><V81/><F81/><W32/><G32/><AGARI ba="0,0" hai="17,18,19,32,34,35,54,55" m="28169,51241" machi="32" ten="40,5200,0" yaku="28,2,20,1" doraHai="83" who="2" fromWho="3" sc="179,0,222,0,366,52,233,-52" /><INIT seed="5,0,0,0,2,91" ten="179,222,418,181" oya="1" hai0="122,29,82,40,120,21,77,5,7,111,125,4,60" hai1="54,97,42,34,83,76,73,81,68,49,95,65,134" hai2="41,109,38,55,52,12,115,67,129,2,16,72,31" hai3="90,93,15,124,74,18,70,63,108,14,107,71,112"/><U39/><E134/><V100/><F109/><W99/><G108/><T33/><D111/><U133/><E133/><V59/><F72/><W78/><G112/><T35/><D40/><U89/><E34/><N who="0" m="12809" /><D60/><U43/><E39/><V79/><F31/><W24/><G107/><T57/><D57/><U47/><REACH who="1" step="1"/><E81/><REACH who="1" ten="179,212,418,181" step="2"/><V3/><F38/><W10/><G124/><T37/><D37/><U51/><E51/><V80/><F115/><W103/><G63/><AGARI ba="0,1" hai="42,43,47,49,54,63,65,68,73,76,83,89,95,97" machi="63" ten="40,7700,0" yaku="1,1,52,1,53,1" doraHai="91" doraHaiUra="46" who="1" fromWho="3" sc="179,0,212,87,418,0,181,-77" /><INIT seed="5,1,0,5,0,22" ten="179,299,418,104" oya="1" hai0="99,57,2,6,95,45,59,83,8,117,12,126,133" hai1="66,43,14,52,70,102,98,53,104,51,32,38,90" hai2="61,108,84,16,93,34,130,49,39,119,13,132,76" hai3="31,72,106,10,96,3,91,47,69,63,82,64,67"/><U73/><E73/><V44/><F108/><W27/><G64/><T74/><D117/><U86/><E38/><V77/><F34/><N who="3" m="20863" /><G47/><T81/><D133/><U28/><E43/><V79/><F132/><W54/><G54/><T71/><D126/><U15/><E53/><V7/><F39/><W87/><G87/><T80/><D71/><U48/><E48/><V109/><F109/><W50/><G50/><T105/><D105/><U120/><E120/><V35/><F35/><W113/><G91/><T65/><D2/><U107/><E107/><V85/><F119/><W88/><G88/><N who="0" m="55783" /><D74/><U24/><E66/><V26/><F61/><W55/><G55/><T4/><D4/><U110/><E70/><V56/><F56/><N who="0" m="21578" /><D65/><U23/><E32/><V0/><F0/><W118/><G118/><T92/><D92/><U1/><E1/><V129/><F93/><W124/><G124/><T116/><D116/><U135/><E135/><V131/><F7/><N who="3" m="1407" /><G113/><T89/><D45/><U46/><REACH who="1" step="1"/><E110/><REACH who="1" ten="179,289,418,104" step="2"/><V20/><F13/><W134/><G134/><T58/><D58/><U19/><E19/><V29/><F29/><W5/><G5/><T123/><D123/><U21/><E21/><V111/><F111/><W60/><G60/><T121/><D121/><U101/><E101/><V17/><F17/><W40/><G40/><AGARI ba="1,1" hai="16,20,26,40,44,49,76,77,79,84,85,129,130,131" machi="40" ten="50,6400,0" yaku="19,1,52,1,54,1" doraHai="22" who="2" fromWho="3" sc="179,0,289,0,418,77,104,-67" /><INIT seed="6,0,0,2,5,54" ten="179,289,495,37" oya="2" hai0="67,12,77,25,98,128,64,68,93,33,15,18,3" hai1="24,41,76,118,106,89,2,56,103,112,5,59,4" hai2="102,114,124,97,29,53,75,116,63,47,83,126,105" hai3="65,35,115,28,110,107,120,38,82,62,86,9,1"/><V8/><F116/><W37/><G110/><T72/><D128/><U7/><E118/><V45/><F114/><W80/><G107/><T94/><D3/><U39/><E2/><V6/><F29/><W44/><G120/><T117/><D72/><U132/><E112/><V51/><F63/><W23/><G35/><T91/><D77/><U73/><E132/><V31/><F31/><W17/><G28/><T58/><D68/><U134/><E24/><V99/><F97/><W13/><G115/><T129/><D25/><U60/><E60/><V87/><F75/><W52/><G80/><T121/><D129/><U101/><E89/><V0/><F47/><W26/><G1/><T131/><D98/><U104/><E104/><V66/><F66/><W21/><G21/><T100/><D67/><U92/><E106/><V42/><F42/><W36/><G65/><T46/><D46/><U14/><E41/><V81/><F81/><W61/><G44/><T70/><D64/><U96/><E96/><V119/><F119/><W84/><G82/><T19/><D70/><U74/><E74/><V40/><F40/><W108/><G62/><T10/><D33/><U90/><E73/><V71/><F71/><W78/><G78/><T95/><D121/><U85/><E76/><V69/><F69/><W88/><G88/><T130/><D91/><U79/><E79/><V55/><F83/><W122/><G122/><T133/><D117/><U34/><E34/><V50/><F45/><W20/><G108/><T43/><D131/><U27/><E134/><V30/><F0/><W109/><G109/><RYUUKYOKU ba="0,0" sc="179,0,289,0,495,0,37,0" /><INIT seed="7,1,0,0,2,133" ten="179,289,495,37" oya="3" hai0="68,2,129,30,128,13,0,44,26,16,20,85,43" hai1="24,71,12,66,84,42,115,64,31,127,100,78,59" hai2="89,32,123,99,51,49,57,58,6,107,37,63,23" hai3="113,125,116,82,4,105,14,3,50,87,18,1,36"/><W119/><G36/><T60/><D85/><U130/><E71/><V73/><F32/><W47/><G105/><T109/><D109/><U111/><E42/><V83/><F37/><W39/><G39/><N who="0" m="21631" /><D60/><U124/><E130/><N who="0" m="50281" /><D68/><U122/><E122/><V112/><F6/><W62/><G62/><T77/><D77/><U27/><E12/><V15/><F15/><W9/><G113/><T120/><D120/><U67/><E115/><V103/><F112/><W28/><G28/><T79/><D79/><U11/><E11/><AGARI ba="1,0" hai="0,2,11,13,16,20,26,30" m="50281,21631" machi="11" ten="30,2000,0" yaku="19,1,54,1" doraHai="133" who="0" fromWho="1" sc="179,23,289,-23,495,0,37,0" owari="202,-19.8,266,6.6,495,59.5,37,-46.3" /></mjloggm>