<mjloggm ver="2.3"><GO type="169" lobby="0"/><UN n0="%E9%AB%98%E6%A9%8B%E8%89%AF%E5%A4%AA" n1="%E3%83%8A%E3%82%AB%E3%81%AB%E3%81%97" n2="%E5%8F%A4%E6%96%AF%E5%A1%94%E5%A4%AB%E4%BA%8C%E4%B8%96" n3="%E9%87%A3%E3%82%8A%E6%97%A5%E5%92%8C" dan="16,16,16,18" rate="2152.20,2119.85,2124.47,2246.39" sx="M,M,M,M"/><TAIKYOKU oya="0"/><INIT seed="0,0,0,2,2,99" ten="250,250,250,250" oya="0" hai0="90,23,83,107,37,25,95,2,34,55,10,11,32" hai1="128,39,104,100,127,22,126,134,71,62,12,3,88" hai2="26,119,76,16,122,44,80,41,19,87,15,113,33" hai3="103,36,68,40,101,60,109,110,47,13,38,124,121"/><T86/><D107/><U106/><E39/><V57/><F113/><W30/><G36/><T54/><D37/><U45/><E3/><V24/><F122/><W72/><G72/><T63/><D2/><U92/><E134/><V75/><F119/><W1/><G1/><T98/><D32/><U111/><E111/><N who="3" m="42506" /><G121/><T93/><D93/><U35/><E35/><V129/><F129/><W73/><G73/><T96/><D96/><N who="1" m="59399" /><E45/><V8/><F75/><W56/><G68/><T29/><D34/><U97/><E12/><V66/><F33/><W28/><G13/><T52/><REACH who="0" step="1"/><D63/><REACH who="0" ten="240,250,250,250" step="2"/><U130/><E62/><N who="2" m="38223" /><F19/><W7/><G7/><T82/><D82/><U64/><E104/><V21/><F8/><W132/><G132/><T81/><D81/><U116/><E106/><V133/><F133/><W70/><G124/><T65/><D65/><U89/><E64/><V125/><F125/><W61/><G61/><T49/><D49/><AGARI ba="0,1" hai="15,16,21,24,26,41,44,49,76,80,87" m="38223" machi="49" ten="30,2000,0" yaku="8,1,54,1" doraHai="99" who="2" fromWho="0" sc="240,-20,250,0,250,30,250,0" /><BYE who="1" /><INIT seed="1,0,0,1,2,123" ten="220,250,280,250" oya="1" hai0="110,22,44,126,93,23,31,20,17,91,3,117,28" hai1="2,97,37,61,84,24,130,42,134,133,115,66,103" hai2="125,0,89,102,11,105,50,19,60,88,51,68,75" hai3="34,71,107,27,53,100,12,38,10,41,8,72,59"/><U1/><E1/><V114/><F125/><UN n1="%E3%83%8A%E3%82%AB%E3%81%AB%E3%81%97" /><W86/><G72/><T70/><D70/><U55/><E2/><V5/><F75/><W43/><G71/><T6/><D117/><U48/><E115/><V80/><F114/><W118/><G118/><T13/><D126/><U108/><E84/><V36/><F36/><W73/><G73/><T49/><D6/><U78/><E78/><V95/><F105/><W7/><G107/><T81/><D81/><U87/><E87/><V119/><F119/><W69/><G100/><T104/><D3/><U76/><E76/><V30/><F30/><W96/><G96/><T14/><D104/><U135/><E24/><V122/><F122/><W83/><G69/><T63/><D63/><U111/><E130/><V57/><F68/><W99/><G99/><T74/><D74/><U52/><E66/><V90/><F80/><W116/><G38/><T64/><D64/><U40/><E37/><V35/><F35/><W85/><G85/><N who="0" m="52463" /><D14/><U131/><E131/><V25/><F102/><W16/><G34/><T120/><D120/><U33/><E33/><V124/><F124/><W128/><G128/><T18/><D17/><U132/><N who="1" m="33792" /><DORA hai="77" /><U109/><E61/><V98/><F50/><N who="3" m="31159" /><G116/><T26/><D26/><U9/><E9/><V62/><F51/><W79/><G8/><T65/><D65/><U112/><E112/><V39/><F39/><W32/><G32/><T46/><D49/><U54/><E48/><V45/><F62/><W67/><G67/><T129/><D129/><U47/><E47/><N who="0" m="17961" /><D110/><U4/><E4/><V82/><F5/><RYUUKYOKU ba="0,0" sc="220,10,250,10,280,-30,250,10" hai0="13,18,20,22,23,28,31" hai1="40,42,52,54,55,97,103,108,109,111" hai3="7,10,12,16,27,41,43,79,83,86" /><INIT seed="1,1,0,1,1,16" ten="230,260,250,260" oya="1" hai0="95,126,70,68,36,113,105,82,117,28,0,79,67" hai1="5,60,24,107,97,65,62,47,21,134,26,74,63" hai2="72,6,40,46,119,52,13,58,88,89,111,32,12" hai3="54,39,53,77,38,130,80,42,128,20,57,90,104"/><U30/><E74/><V91/><F119/><W8/><G104/><T34/><D105/><U3/><E134/><V120/><F120/><W23/><G90/><T75/><D95/><U110/><E110/><V114/><F111/><W49/><G8/><T18/><D117/><U116/><E116/><V50/><F32/><W1/><G1/><T2/><D113/><U11/><E47/><V25/><F72/><W64/><G64/><T55/><D55/><U131/><E131/><N who="3" m="50218" /><G42/><T125/><D18/><U41/><E41/><V135/><F135/><W45/><G38/><T133/><D36/><U59/><REACH who="1" step="1"/><E24/><REACH who="1" ten="230,250,250,260" step="2"/><V48/><F114/><W121/><G121/><T84/><D133/><U69/><E69/><V17/><F6/><W15/><G15/><T96/><D68/><U56/><E56/><V86/><F86/><N who="3" m="48399" /><G39/><T83/><D75/><U76/><E76/><V102/><F13/><W22/><G54/><T85/><D79/><U106/><E106/><V98/><F25/><W103/><G103/><AGARI ba="1,1" hai="3,5,11,21,26,30,59,60,62,63,65,97,103,107" machi="103" ten="40,3900,0" yaku="1,1,52,1,53,0" doraHai="16" doraHaiUra="108" who="1" fromWho="3" sc="230,0,250,52,250,0,260,-42" /><INIT seed="1,2,0,0,4,41" ten="230,302,250,218" oya="1" hai0="59,1,128,2,111,87,52,7,27,24,65,81,29" hai1="66,13,15,60,76,10,82,39,129,105,71,9,72" hai2="96,102,3,112,45,125,85,16,21,116,130,100,17" hai3="33,63,122,99,114,95,86,34,51,134,20,30,78"/><U75/><E105/><V22/><F116/><W132/><G122/><T135/><D111/><U42/><E129/><V80/><F3/><W120/><G120/><T28/><D65/><U64/><E64/><V73/><F130/><W38/><G38/><T56/><D128/><U115/><E115/><V83/><F112/><W94/><G63/><T68/><D68/><U54/><E75/><V53/><F125/><W70/><G70/><T103/><D103/><U91/><E91/><V44/><F73/><W124/><G124/><T58/><D52/><U133/><E133/><V121/><F53/><W98/><G114/><T57/><N who="0" m="14336" /><DORA hai="113" /><T69/><D69/><U79/><E79/><V36/><F36/><W123/><G123/><T55/><D55/><U88/><E54/><V23/><F121/><W49/><G20/><T32/><D7/><U14/><REACH who="1" step="1"/><E88/><REACH who="1" ten="230,292,250,218" step="2"/><N who="2" m="51239" /><F102/><W47/><G78/><T89/><REACH who="0" step="1"/><D135/><REACH who="0" ten="220,292,250,218" step="2"/><U126/><E126/><V26/><F100/><W93/><G132/><T6/><D6/><U48/><E48/><V19/><F26/><W127/><G127/><T37/><D37/><U108/><E108/><V25/><F25/><W46/><G134/><T110/><D110/><U35/><E35/><AGARI ba="2,2" hai="1,2,24,27,28,29,32,35,81,87,89" m="14336" machi="35" ten="50,3200,0" yaku="1,1,9,1,53,0" doraHai="41,113" doraHaiUra="0,5" who="0" fromWho="1" sc="220,58,292,-38,250,0,218,0" /><INIT seed="2,0,0,4,4,106" ten="278,254,250,218" oya="2" hai0="103,79,39,110,105,36,78,104,63,124,30,76,23" hai1="24,31,114,64,72,47,68,133,7,91,120,4,80" hai2="123,3,38,100,93,59,55,66,71,109,19,45,37" hai3="29,97,11,9,99,128,5,98,13,62,14,108,107"/><V21/><F123/><W42/><G108/><T6/><D6/><U2/><E114/><V113/><F3/><W115/><G128/><T85/><D110/><U84/><E133/><V50/><F113/><W61/><G107/><N who="0" m="41035" /><D23/><U92/><E120/><V53/><F109/><W75/><G115/><T135/><D85/><U86/><E2/><V46/><F71/><W127/><G127/><T58/><D58/><U33/><E72/><V73/><F73/><W83/><G29/><T32/><D30/><U81/><E92/><V82/><F82/><W12/><G42/><T15/><D15/><U94/><E94/><V101/><F66/><W20/><G20/><T69/><D69/><U35/><E47/><V74/><F74/><W112/><G112/><T25/><D25/><U70/><E35/><V27/><F38/><W16/><REACH who="3" step="1"/><G12/><REACH who="3" ten="278,254,250,208" step="2"/><T52/><D124/><U60/><REACH who="1" step="1"/><E68/><REACH who="1" ten="278,244,250,208" step="2"/><V87/><F37/><W54/><G54/><T1/><D52/><U44/><E44/><N who="2" m="17003" /><F55/><W17/><G17/><T51/><D39/><U49/><E49/><V88/><AGARI ba="0,2" hai="19,21,27,50,53,59,87,88,93,100,101" m="17003" machi="88" ten="30,3000,0" yaku="8,1,54,1" doraHai="106" who="2" fromWho="2" sc="278,-10,244,-10,250,50,208,-10" /><INIT seed="2,1,0,3,3,8" ten="268,234,300,198" oya="2" hai0="107,104,40,39,73,70,123,101,108,21,114,43,25" hai1="31,24,111,127,82,2,35,13,90,34,92,58,15" hai2="64,130,135,55,106,116,118,19,124,72,60,93,14" hai3="97,54,80,67,133,134,18,37,46,76,129,89,48"/><V10/><F106/><W59/><G129/><T12/><D123/><U88/><E2/><V79/><F124/><W99/><G37/><T84/><D73/><U53/><E34/><V87/><F130/><W117/><G117/><T7/><D70/><U109/><E127/><V96/><F135/><N who="3" m="51723" /><G89/><N who="1" m="34410" /><E92/><V0/><F72/><W66/><G18/><T51/><D39/><U122/><E82/><V47/><F0/><W126/><G126/><T6/><D6/><U74/><E74/><V57/><F87/><N who="3" m="48519" /><G46/><T30/><D84/><U1/><E1/><V91/><REACH who="2" step="1"/><F79/><REACH who="2" ten="268,234,290,198" step="2"/><W56/><G56/><T131/><D131/><U33/><E122/><V113/><F113/><W105/><G105/><T45/><D104/><U36/><E35/><V102/><F102/><W81/><G81/><T61/><D114/><U69/><E69/><V26/><F26/><W28/><G28/><T115/><D25/><U52/><E58/><V110/><F110/><N who="1" m="41993" /><E36/><V120/><F120/><W20/><G59/><T38/><D38/><U49/><E49/><AGARI ba="1,1" hai="10,14,19,47,49,55,57,60,64,91,93,96,116,118" machi="49" ten="40,3900,0" yaku="1,1,52,1,53,0" doraHai="8" doraHaiUra="78" who="2" fromWho="1" sc="268,0,234,-42,290,52,198,0" /><INIT seed="2,2,0,5,0,53" ten="268,192,342,198" oya="2" hai0="90,135,92,108,133,36,61,22,59,18,69,12,111" hai1="77,94,102,48,52,41,83,74,9,78,34,57,63" hai2="32,115,33,75,13,17,11,129,103,54,55,70,3" hai3="81,16,10,28,64,100,101,43,76,67,60,130,106"/><V131/><F75/><W93/><G106/><T110/><D69/><U88/><E34/><V121/><F115/><W120/><G120/><T8/><D36/><U87/><E9/><V86/><F70/><W14/><G130/><T82/><D82/><U134/><E134/><V0/><F121/><W45/><G28/><T79/><D79/><N who="1" m="30219" /><E74/><V62/><F103/><W7/><G7/><T1/><D8/><U95/><E102/><V114/><F86/><W126/><G126/><T5/><D1/><U104/><E104/><V89/><F89/><W132/><G132/><T31/><D31/><U35/><E35/><V124/><F114/><W51/><G67/><T123/><D5/><U26/><E26/><V105/><F105/><W113/><G93/><N who="1" m="35338" /><E41/><V96/><F124/><W71/><REACH who="3" step="1"/><G113/><REACH who="3" ten="268,192,342,188" step="2"/><T42/><D123/><U37/><E37/><V39/><F39/><W27/><G27/><T98/><REACH who="0" step="1"/><D42/><REACH who="0" ten="258,192,342,188" step="2"/><U23/><E23/><V15/><F32/><W73/><AGARI ba="2,2" hai="10,14,16,43,45,51,60,64,71,73,76,81,100,101" machi="73" ten="20,8000,1" yaku="1,1,0,1,7,1,54,1,53,1" doraHai="53" doraHaiUra="4" who="3" fromWho="3" sc="258,-22,192,-22,342,-42,188,106" /><INIT seed="3,0,0,5,0,94" ten="236,170,300,294" oya="3" hai0="48,126,45,121,85,35,15,90,59,33,51,6,76" hai1="10,29,134,108,125,64,27,131,102,93,115,13,116" hai2="60,92,38,36,96,63,1,67,69,4,114,30,104" hai3="78,101,34,98,120,50,66,11,105,54,47,19,87"/><W99/><G120/><T7/><D121/><U74/><E115/><V129/><F129/><W20/><G34/><T37/><D37/><U77/><E108/><V107/><F114/><W71/><G71/><T118/><D76/><U65/><E131/><V53/><F30/><W44/><G66/><T117/><D126/><U122/><E122/><V119/><F119/><W62/><G62/><T14/><D85/><U81/><E125/><V0/><F53/><W75/><G75/><T25/><D25/><U12/><E134/><V41/><F63/><W113/><G11/><T106/><D106/><U16/><E116/><V28/><F28/><W24/><G113/><T40/><D40/><U97/><REACH who="1" step="1"/><E12/><REACH who="1" ten="236,160,300,294" step="2"/><V80/><F0/><W26/><G24/><T22/><D15/><U112/><E112/><V68/><F1/><W5/><G5/><T88/><D14/><U17/><E17/><V52/><F4/><W83/><REACH who="3" step="1"/><G99/><REACH who="3" ten="236,160,300,284" step="2"/><T124/><D124/><U109/><E109/><V42/><F96/><W111/><G111/><T84/><D118/><U55/><E55/><V132/><F52/><W79/><G79/><T127/><D127/><U70/><E70/><V73/><F69/><W57/><AGARI ba="0,2" hai="19,20,26,44,47,50,54,57,78,83,87,98,101,105" machi="57" ten="20,12000,1" yaku="1,1,0,1,7,1,52,1,53,1" doraHai="94" doraHaiUra="82" who="3" fromWho="3" sc="236,-40,160,-40,300,-40,284,140" /><INIT seed="3,1,0,2,0,11" ten="196,120,260,424" oya="3" hai0="121,33,61,81,106,44,102,26,41,22,59,78,83" hai1="76,24,92,3,110,66,75,25,46,107,53,35,95" hai2="86,89,108,54,82,49,39,116,71,97,90,57,55" hai3="28,16,80,101,10,129,135,70,21,118,74,37,126"/><W5/><G70/><T52/><D33/><U105/><E3/><V124/><F116/><W63/><G37/><T50/><D121/><U104/><E110/><V127/><F71/><W40/><G40/><T42/><D106/><U117/><E66/><V84/><F39/><W132/><G101/><T0/><D0/><U99/><E35/><V96/><F108/><W47/><G47/><T43/><D102/><U98/><E46/><V130/><F130/><W56/><G28/><T36/><D36/><U12/><E53/><V113/><F113/><W4/><G4/><T23/><D23/><U85/><E25/><V64/><F64/><W120/><G118/><T7/><D7/><U125/><E24/><V20/><F20/><W51/><G51/><T109/><D109/><U122/><E12/><V18/><F18/><W111/><G120/><T45/><D44/><U31/><E31/><V123/><F123/><W103/><G103/><T1/><D1/><U27/><E27/><V32/><F32/><W8/><G80/><N who="0" m="30795" /><D78/><U133/><E122/><V6/><F82/><W69/><G74/><T65/><D43/><U13/><E117/><V68/><F6/><W48/><G69/><T100/><D100/><N who="1" m="62487" /><E75/><V93/><F68/><W88/><G21/><T60/><D61/><U72/><E72/><V94/><F57/><W30/><G56/><T14/><D14/><U77/><E13/><V134/><F49/><W34/><G48/><T79/><D79/><U87/><E77/><V9/><F9/><W15/><G111/><T17/><AGARI ba="1,0" hai="17,22,26,41,42,45,50,52,59,60,65" m="30795" machi="17" ten="30,2000,0" yaku="8,1,54,1" doraHai="11" who="0" fromWho="0" sc="196,23,120,-6,260,-6,424,-11" /><INIT seed="4,0,0,3,4,112" ten="219,114,254,413" oya="0" hai0="121,102,51,4,42,59,84,111,32,29,27,81,34" hai1="50,45,33,61,97,9,108,116,38,31,63,110,124" hai2="80,91,82,28,67,44,13,49,36,65,96,107,76" hai3="106,20,39,103,73,37,15,58,118,55,98,134,71"/><T131/><D121/><U25/><E124/><V109/><F36/><W100/><G71/><T21/><D131/><U62/><E38/><V7/><F109/><W85/><G73/><T40/><D111/><U90/><E9/><V10/><F28/><W88/><G118/><T41/><D102/><U87/><E97/><V64/><F107/><W101/><G134/><T54/><REACH who="0" step="1"/><D4/><REACH who="0" ten="209,114,254,413" step="2"/><U74/><E108/><V125/><F125/><W70/><G101/><T127/><D127/><U133/><E110/><V8/><F7/><W105/><G100/><T78/><AGARI ba="0,1" hai="21,27,29,32,34,40,41,42,51,54,59,78,81,84" machi="78" ten="30,6000,0" yaku="1,1,0,1,53,1" doraHai="112" doraHaiUra="18" who="0" fromWho="0" sc="209,70,114,-20,254,-20,413,-20" /><INIT seed="4,1,0,3,4,12" ten="279,94,234,393" oya="0" hai0="45,9,104,24,95,83,76,60,80,46,74,100,79" hai1="78,92,114,65,48,37,72,34,4,120,41,32,40" hai2="35,3,11,59,55,101,73,97,108,107,7,134,112" hai3="135,70,2,44,31,42,23,29,117,58,130,15,56"/><T86/><D60/><U128/><E120/><V71/><F108/><W90/><G2/><T52/><D104/><U21/><E128/><V85/><F73/><W113/><G70/><T126/><D126/><U133/><E37/><V64/><F134/><W14/><G117/><T62/><D100/><U98/><E133/><V10/><F112/><W27/><G135/><T50/><D62/><U87/><E72/><V53/><F35/><W22/><G113/><T122/><D122/><U26/><E65/><V106/><F106/><W110/><G130/><T111/><D111/><U30/><E4/><V17/><F85/><W25/><G90/><T6/><D24/><U115/><E115/><V103/><F103/><W54/><G110/><T19/><D95/><U93/><E114/><V116/><F116/><W5/><G5/><T127/><D127/><U89/><E78/><V75/><F75/><W121/><G121/><T38/><D38/><U36/><E36/><V33/><F33/><W67/><G67/><T125/><D125/><U39/><E39/><V109/><F109/><W132/><G132/><T105/><D105/><U18/><E32/><V49/><F71/><W84/><G84/><T68/><D68/><U131/><E131/><V77/><F77/><W81/><G81/><T69/><D69/><U1/><E1/><V118/><F118/><W124/><G124/><T123/><D123/><U28/><E34/><V88/><F64/><W16/><G31/><N who="1" m="11818" /><E48/><V82/><F49/><N who="3" m="28967" /><G42/><T96/><D6/><U63/><E63/><V129/><F129/><W0/><G0/><T43/><D79/><RYUUKYOKU ba="1,0" sc="279,-15,94,15,234,-15,393,15" hai1="18,21,26,40,41,87,89,92,93,98" hai3="14,15,16,22,23,25,27,29,56,58" /><INIT seed="5,2,0,2,1,107" ten="264,109,219,408" oya="1" hai0="131,90,70,50,22,117,129,25,27,69,16,77,102" hai1="2,19,6,54,58,85,120,104,98,1,112,45,75" hai2="63,5,15,96,13,110,46,135,53,82,9,111,37" hai3="18,30,68,55,14,42,34,49,78,74,116,72,31"/><U106/><E120/><V121/><F121/><W103/><G68/><T17/><D117/><U127/><E127/><V113/><F135/><W62/><G103/><T35/><D102/><U83/><E112/><V109/><F113/><W29/><G34/><T71/><D90/><U115/><E115/><V65/><F96/><W11/><G78/><T0/><D0/><U47/><E98/><V4/><F82/><W51/><G116/><T105/><D105/><U108/><E106/><V76/><F76/><W7/><G62/><T126/><D126/><U3/><E104/><V93/><F93/><W44/><REACH who="3" step="1"/><G7/><REACH who="3" ten="264,109,219,398" step="2"/><T91/><D91/><U73/><E6/><V60/><F4/><W132/><G132/><T133/><D133/><U86/><E108/><V92/><F5/><W64/><G64/><T59/><D77/><U80/><E19/><V67/><F67/><W40/><G40/><T89/><D89/><U12/><E2/><V97/><F110/><W119/><G119/><T84/><D35/><U57/><REACH who="1" step="1"/><E54/><REACH who="1" ten="264,99,219,398" step="2"/><V95/><F53/><W123/><G123/><T101/><D16/><U39/><E39/><V66/><F37/><W114/><G114/><T81/><D17/><U28/><E28/><V23/><F111/><W20/><G20/><T87/><D22/><U48/><E48/><V61/><F109/><W41/><G41/><T130/><D50/><U125/><E125/><V36/><F23/><W134/><G134/><T124/><D124/><U52/><E52/><V32/><F36/><W38/><G38/><T118/><D118/><U21/><E21/><V99/><F32/><RYUUKYOKU ba="2,2" sc="264,-15,99,15,219,-15,398,15" hai1="1,3,12,45,47,57,58,73,75,80,83,85,86" hai3="11,14,18,29,30,31,42,44,49,51,55,72,74" /><INIT seed="5,3,2,2,1,111" ten="249,114,204,413" oya="1" hai0="37,2,87,48,109,56,50,3,135,112,58,97,53" hai1="95,43,86,13,36,4,83,132,54,125,22,66,27" hai2="134,103,11,26,21,35,114,124,47,31,101,5,23" hai3="80,49,8,84,0,74,39,88,130,113,1,119,59"/><U45/><E132/><V20/><F134/><W122/><G39/><T133/><D37/><U78/><E125/><V42/><F124/><W55/><G122/><T120/><D87/><U71/><E95/><V32/><F32/><W73/><G130/><T70/><D70/><U40/><E71/><V85/><F85/><W7/><G0/><T77/><D77/><U34/><E66/><V14/><REACH who="2" step="1"/><F114/><REACH who="2" ten="249,114,194,413" step="2"/><W28/><G113/><T9/><D112/><U6/><E34/><V108/><F108/><W38/><G84/><T102/><D109/><U15/><E36/><AGARI ba="3,3" hai="5,11,14,20,21,23,26,31,35,36,42,47,101,103" machi="36" ten="40,1300,0" yaku="1,1,53,0" doraHai="111" doraHaiUra="126" who="2" fromWho="1" sc="249,0,114,-22,194,52,413,0" /><INIT seed="6,0,0,4,4,66" ten="249,92,246,413" oya="2" hai0="13,87,28,91,17,85,30,99,39,9,65,3,78" hai1="84,26,82,63,77,116,76,94,41,92,73,42,10" hai2="2,35,80,118,134,34,48,110,8,0,33,12,115" hai3="14,113,51,104,62,133,124,97,71,24,18,16,11"/><V122/><F118/><W58/><G133/><T44/><D3/><U117/><E10/><V36/><F122/><W130/><G130/><T88/><D78/><U7/><E7/><V114/><F36/><W93/><G104/><T103/><D39/><U112/><E26/><V4/><F80/><W74/><G74/><T100/><D44/><U56/><E112/><N who="2" m="43051" /><F48/><W40/><G71/><T101/><D99/><U55/><E73/><V75/><F75/><W49/><G113/><T121/><D65/><U90/><E116/><V47/><F47/><W96/><G96/><T67/><D67/><U6/><E117/><V50/><F50/><W69/><G69/><T131/><D131/><U98/><E6/><V123/><F123/><W60/><G124/><T43/><D43/><U72/><E77/><V128/><F128/><W129/><G60/><T45/><D45/><U86/><REACH who="1" step="1"/><E72/><REACH who="1" ten="249,82,246,413" step="2"/><V119/><F119/><W19/><G129/><T106/><D121/><U109/><E109/><V135/><F110/><W32/><G11/><T1/><D1/><AGARI ba="0,1" hai="0,1,2,4,8,12,33,34,35,134,135" m="43051" machi="1" ten="40,7700,0" yaku="15,1,34,2" doraHai="66" who="2" fromWho="0" sc="249,-77,82,0,246,87,413,0" /><INIT seed="6,1,0,1,1,77" ten="172,82,333,413" oya="2" hai0="126,24,51,79,132,81,76,53,28,104,93,111,13" hai1="65,71,78,2,82,45,15,38,33,40,4,87,31" hai2="84,12,97,128,125,118,11,1,90,47,124,68,34" hai3="9,50,110,102,10,88,135,96,5,18,85,57,109"/><V56/><F118/><W29/><G29/><T134/><D104/><U14/><E71/><V91/><F68/><W61/><G135/><T58/><D111/><U42/><E65/><V37/><F34/><W75/><G75/><T21/><D126/><N who="2" m="48746" /><F1/><W60/><G18/><T7/><D93/><U54/><E54/><V23/><F128/><W116/><G50/><T115/><D115/><U98/><E40/><N who="2" m="22927" /><F23/><W117/><G61/><T25/><D25/><U80/><E98/><V123/><F123/><W30/><G116/><T66/><D66/><U49/><E38/><V83/><F56/><W17/><G117/><T8/><REACH who="0" step="1"/><D79/><REACH who="0" ten="162,82,333,413" step="2"/><U22/><E33/><V52/><F97/><W36/><G96/><T127/><D127/><U55/><E2/><V43/><F91/><W72/><G88/><T69/><D69/><U112/><E112/><V122/><F122/><W94/><G109/><T129/><D129/><U67/><E67/><V64/><F64/><W92/><G110/><T26/><D26/><N who="1" m="16855" /><E4/><N who="2" m="3175" /><F43/><W27/><G5/><T113/><D113/><U19/><E42/><V100/><F100/><W32/><G102/><T108/><D108/><U99/><E99/><V70/><F70/><W105/><G32/><T95/><D95/><U59/><E78/><V41/><F41/><W131/><G92/><T62/><D62/><U63/><E63/><V107/><F107/><W35/><G94/><T120/><D120/><U44/><E15/><V106/><F106/><W121/><G60/><T6/><D6/><U89/><E82/><V3/><F3/><W133/><G121/><T119/><D119/><RYUUKYOKU ba="1,1" sc="162,10,82,10,333,10,413,-30" hai0="7,8,13,21,24,28,51,53,58,76,81,132,134" hai1="14,19,44,45,49,55,59,80,87,89" hai2="52,83,84,90" /><INIT seed="6,2,1,2,0,87" ten="172,92,343,383" oya="2" hai0="46,20,9,57,15,29,111,52,50,40,125,65,127" hai1="23,77,101,116,86,135,12,66,80,67,90,97,4" hai2="3,115,122,83,102,24,78,134,107,61,85,71,33" hai3="59,17,72,45,41,42,82,44,94,56,98,123,113"/><V108/><F122/><W0/><G0/><T55/><D111/><U81/><E116/><V19/><F3/><W119/><G119/><T128/><D128/><U64/><E135/><V51/><F115/><W35/><G35/><T7/><D65/><U14/><E4/><V22/><F108/><W38/><G123/><T88/><D55/><U53/><E23/><V60/><F134/><W11/><G113/><T74/><D74/><U31/><E31/><V21/><F33/><W58/><G82/><T70/><D70/><U43/><E43/><N who="3" m="16394" /><G72/><T36/><D29/><U8/><E53/><V27/><F71/><W5/><G5/><T2/><D20/><U73/><REACH who="1" step="1"/><E8/><REACH who="1" ten="172,82,343,383" step="2"/><V39/><F22/><W54/><G54/><T79/><D2/><U92/><AGARI ba="2,2" hai="12,14,64,66,67,73,77,80,81,86,90,92,97,101" machi="92" ten="30,8000,1" yaku="1,1,2,1,0,1,52,1,53,1" doraHai="87" doraHaiUra="106" who="1" fromWho="1" sc="172,-22,82,106,343,-42,383,-22" /><INIT seed="7,0,0,2,3,72" ten="150,188,301,361" oya="3" hai0="64,6,94,16,121,88,8,21,53,99,5,106,96" hai1="126,102,43,10,15,68,135,37,116,26,92,90,130" hai2="23,134,13,81,66,117,9,4,118,119,56,62,34" hai3="112,67,50,58,109,51,120,122,82,65,110,22,12"/><W104/><G104/><T2/><D121/><U42/><E68/><V30/><F134/><W41/><G112/><T95/><D106/><U29/><E135/><V61/><F34/><W70/><G70/><T17/><D64/><N who="3" m="24649" /><G82/><T33/><D33/><U108/><E108/><N who="3" m="41578" /><G51/><T128/><D128/><U3/><E37/><V123/><F123/><W27/><G12/><T71/><D71/><U59/><E15/><V38/><F38/><W129/><G129/><T36/><D36/><U7/><E116/><V85/><F61/><W31/><G58/><T83/><D83/><U91/><E59/><V114/><F114/><W11/><G11/><T74/><D74/><U63/><E63/><V107/><F107/><W77/><G77/><T101/><D21/><U78/><E78/><V111/><F111/><W76/><G76/><T49/><D6/><U57/><E57/><AGARI ba="0,0" hai="2,5,8,16,17,49,53,57,88,94,95,96,99,101" machi="57" ten="30,3900,0" yaku="7,1,54,2" doraHai="72" who="0" fromWho="1" sc="150,39,188,-39,301,0,361,0" owari="189,-21.1,149,-35.1,301,10.1,361,46.1" /></mjloggm>