<mjloggm ver="2.3"><GO type="169" lobby="0"/><UN n0="%E5%A0%B4%E6%B3%81%E5%8E%A8" n1="%70%65%6E%74%6F%6C%61" n2="%68%7A%63" n3="%E5%AF%BF%E4%BA%BA%E6%B5%81%E7%89%8C%E6%89%8B" dan="17,18,18,16" rate="2195.41,2227.83,2218.36,2122.70" sx="F,M,F,M"/><TAIKYOKU oya="0"/><INIT seed="0,0,0,1,4,2" ten="250,250,250,250" oya="0" hai0="92,94,37,77,105,82,27,73,78,124,88,103,70" hai1="64,46,11,8,108,86,36,98,42,18,93,110,101" hai2="34,111,57,14,66,32,49,9,15,58,24,33,81" hai3="39,85,122,74,133,112,119,12,95,118,7,131,126"/><T60/><D37/><U121/><E121/><V50/><F111/><W44/><G112/><T35/><D124/><U127/><E127/><V61/><F24/><W4/><G126/><T65/><D78/><U16/><E64/><V89/><F15/><W116/><G74/><T6/><D6/><U68/><E68/><V115/><F115/><W1/><G1/><T21/><D21/><U56/><E56/><V107/><F107/><W106/><G106/><T41/><D41/><U90/><E11/><V55/><F81/><W0/><G0/><T129/><D129/><U97/><E97/><V104/><F104/><W117/><G117/><T54/><D54/><U87/><E87/><V72/><F89/><W13/><G131/><T67/><D67/><U53/><E53/><V114/><F72/><W79/><G122/><T40/><D40/><U45/><E45/><V28/><F114/><W83/><G133/><T3/><D3/><U76/><E76/><V30/><REACH who="2" step="1"/><F50/><REACH who="2" ten="250,250,240,250" step="2"/><W71/><G95/><T96/><REACH who="0" step="1"/><D88/><REACH who="0" ten="240,250,240,250" step="2"/><U69/><E110/><V62/><F62/><W135/><G119/><T113/><D113/><U102/><E108/><V10/><F10/><W128/><G118/><T5/><D5/><AGARI ba="0,2" hai="5,9,14,28,30,32,33,34,49,55,57,58,61,66" machi="5" ten="40,2600,0" yaku="1,1,52,1,53,0" doraHai="2" doraHaiUra="130" who="2" fromWho="0" sc="240,-26,250,0,240,46,250,0" /><INIT seed="1,0,0,1,2,132" ten="214,250,286,250" oya="1" hai0="61,72,93,39,19,55,60,9,48,129,13,112,42" hai1="44,130,18,83,109,58,82,16,38,81,1,89,119" hai2="92,23,14,43,117,56,73,62,51,69,133,29,106" hai3="110,67,94,26,53,41,126,102,86,63,121,31,28"/><U0/><E119/><V8/><F106/><W88/><G121/><T66/><D112/><U77/><E130/><V68/><F73/><W114/><G114/><T33/><D72/><U80/><E109/><V34/><F34/><W22/><G110/><T115/><D115/><U36/><E58/><V79/><F79/><W122/><G122/><T103/><D33/><U96/><E77/><V15/><F133/><W25/><G41/><T50/><D129/><U134/><E134/><V97/><F117/><W20/><G126/><T87/><D87/><U59/><E59/><V35/><F35/><W75/><G75/><T40/><D48/><U7/><E7/><V108/><F108/><W46/><G102/><T113/><D113/><U32/><E32/><V76/><F76/><W98/><G98/><N who="0" m="59855" /><D66/><U37/><E44/><N who="2" m="26015" /><F8/><W104/><G104/><T70/><D70/><U100/><N who="1" m="20480" /><DORA hai="128" /><U6/><E89/><N who="2" m="55439" /><F69/><W65/><G63/><N who="0" m="24139" /><D39/><U64/><E64/><N who="2" m="38983" /><F68/><W101/><REACH who="3" step="1"/><G101/><REACH who="3" ten="214,250,286,240" step="2"/><T11/><D42/><U85/><E85/><V47/><F47/><W2/><G2/><T95/><D40/><U120/><E120/><V125/><F125/><W71/><G71/><T54/><D50/><AGARI ba="0,1" hai="20,22,25,26,28,31,46,50,53,65,67,86,88,94" machi="50" ten="40,12000,2" yaku="1,1,9,1,8,1,54,1,53,2" doraHai="132,128" doraHaiUra="131,27" who="3" fromWho="0" sc="214,-120,250,0,286,0,240,130" /><INIT seed="2,0,0,2,0,79" ten="94,250,286,370" oya="2" hai0="23,103,73,132,27,107,104,8,41,78,49,21,100" hai1="4,15,53,128,17,38,2,112,99,3,81,67,45" hai2="72,26,89,118,76,95,124,19,37,55,83,98,33" hai3="134,29,62,119,51,59,131,87,25,22,109,32,129"/><V48/><F37/><W75/><G119/><T47/><D132/><U90/><E112/><V133/><F133/><W64/><G75/><T12/><D107/><U40/><E128/><N who="3" m="49226" /><G109/><T13/><D13/><U125/><E67/><V5/><F124/><W44/><G134/><T65/><D65/><U122/><E122/><V120/><F5/><W30/><G87/><T135/><D135/><U36/><E36/><V35/><F118/><W68/><G59/><T121/><D121/><U52/><E125/><V39/><F39/><W94/><G94/><T123/><D123/><U71/><E71/><V0/><F0/><W126/><G126/><T58/><D58/><U54/><E4/><V96/><F120/><W24/><G51/><T77/><D23/><U20/><REACH who="1" step="1"/><E99/><REACH who="1" ten="94,240,286,370" step="2"/><V115/><F98/><W42/><G64/><T82/><D104/><U113/><E113/><V130/><F115/><W127/><G68/><T18/><REACH who="0" step="1"/><D78/><REACH who="0" ten="84,240,286,370" step="2"/><U28/><E28/><AGARI ba="0,2" hai="8,12,18,21,27,28,41,47,49,73,77,82,100,103" machi="28" ten="30,7700,0" yaku="1,1,2,1,7,1,52,1,53,0" doraHai="79" doraHaiUra="108" who="0" fromWho="1" sc="84,97,240,-77,286,0,370,0" /><INIT seed="3,0,0,5,0,41" ten="181,163,286,370" oya="3" hai0="135,71,18,126,79,93,45,48,108,14,116,80,28" hai1="5,39,64,105,73,84,90,131,128,51,16,100,17" hai2="134,21,34,44,13,133,20,63,62,3,89,65,35" hai3="88,46,50,54,110,22,118,109,106,85,69,121,8"/><W102/><G121/><T86/><D116/><U130/><E39/><V68/><F3/><W119/><G69/><T33/><D71/><U114/><E73/><V107/><F107/><W99/><G22/><T27/><D108/><N who="3" m="41577" /><G8/><T31/><D135/><N who="2" m="51722" /><F63/><W91/><G91/><T55/><D126/><U127/><E114/><V60/><F60/><W23/><G23/><N who="2" m="8777" /><F13/><W2/><G2/><T112/><D112/><U75/><E127/><V96/><F44/><W32/><G32/><T9/><D93/><AGARI ba="0,0" hai="34,35,62,65,68,89,93,96" m="8777,51722" machi="93" ten="30,1000,0" yaku="20,1" doraHai="41" who="2" fromWho="0" sc="181,-10,163,0,286,10,370,0" /><AGARI ba="0,0" hai="46,50,54,85,88,93,99,102,106,118,119" m="41577" machi="93" ten="30,11600,0" yaku="14,1,10,1,52,1,54,1" doraHai="41" who="3" fromWho="0" sc="171,-116,163,0,296,0,370,116" /><INIT seed="3,1,0,2,1,63" ten="55,163,296,486" oya="3" hai0="77,86,129,58,33,69,108,34,103,8,74,113,17" hai1="16,43,121,36,131,56,41,91,49,81,135,78,23" hai2="87,99,60,39,47,37,82,112,65,32,48,14,80" hai3="29,51,28,118,6,21,119,55,126,73,38,12,132"/><W4/><G38/><T122/><D69/><U102/><E121/><V117/><F32/><W45/><G73/><T20/><D74/><U107/><E131/><V57/><F112/><W90/><G132/><T128/><D122/><U89/><E135/><V79/><F117/><W109/><G126/><T104/><D104/><U83/><E36/><V92/><F14/><W96/><G109/><T101/><D108/><U0/><E0/><V3/><F82/><W54/><G119/><T42/><D42/><U9/><E9/><V22/><F22/><W31/><G118/><T72/><D72/><U75/><E102/><N who="0" m="38921" /><D8/><U76/><E107/><V53/><REACH who="2" step="1"/><F3/><REACH who="2" ten="55,163,286,486" step="2"/><W25/><G12/><N who="0" m="9255" /><D113/><U2/><E2/><V40/><F40/><W130/><G130/><N who="0" m="50283" /><D58/><U116/><E41/><V115/><F115/><W93/><REACH who="3" step="1"/><G55/><REACH who="3" ten="55,163,286,476" step="2"/><T68/><D68/><U105/><E116/><V100/><AGARI ba="1,2" hai="37,39,47,48,53,57,60,65,79,80,87,92,99,100" machi="100" ten="20,5200,0" yaku="1,1,0,1,7,1,52,1,53,0" doraHai="63" doraHaiUra="133" who="2" fromWho="2" sc="55,-14,163,-14,286,75,476,-27" /><INIT seed="4,0,0,4,3,74" ten="41,149,361,449" oya="0" hai0="129,99,122,35,10,106,22,20,114,84,60,110,97" hai1="39,86,44,83,103,51,48,30,89,31,40,105,42" hai2="27,23,9,43,71,94,130,29,62,125,111,128,116" hai3="104,32,3,61,90,82,18,72,7,100,53,101,113"/><T33/><D114/><U2/><E2/><V46/><F111/><W11/><G32/><N who="0" m="12363" /><D60/><U52/><E39/><V34/><F125/><W117/><G117/><T45/><D45/><U109/><E109/><V120/><F120/><W96/><G113/><T21/><D110/><U98/><REACH who="1" step="1"/><E42/><REACH who="1" ten="41,139,361,449" step="2"/><V57/><F43/><W80/><G3/><T14/><D122/><U123/><E123/><V91/><F116/><W76/><G101/><T25/><D129/><U24/><E24/><V127/><F27/><W73/><G100/><T49/><D106/><U70/><E70/><V36/><F71/><W69/><G104/><T38/><D38/><U134/><E134/><V102/><F36/><W28/><G69/><T133/><D133/><U93/><E93/><V13/><F94/><W118/><G118/><T85/><D25/><U16/><E16/><V55/><F128/><W95/><G18/><T63/><D63/><U115/><E115/><V107/><F62/><W65/><G95/><T108/><D108/><U17/><E17/><V112/><F107/><W79/><G61/><T12/><D49/><U121/><E121/><V119/><F130/><W6/><G7/><T64/><D64/><U59/><AGARI ba="0,1" hai="30,31,40,44,48,51,52,59,83,86,89,98,103,105" machi="59" ten="20,5200,0" yaku="1,1,0,1,7,1,54,1,53,0" doraHai="74" doraHaiUra="58" who="1" fromWho="1" sc="41,-26,139,62,361,-13,449,-13" /><INIT seed="5,0,0,5,0,124" ten="15,201,348,436" oya="1" hai0="28,81,92,89,109,4,95,61,100,1,127,86,56" hai1="3,57,38,101,80,106,29,119,121,18,2,130,25" hai2="6,9,65,51,31,60,93,53,12,43,39,96,8" hai3="99,72,34,76,82,112,36,114,115,123,19,47,23"/><U63/><E119/><V117/><F117/><W45/><G123/><T118/><D109/><U132/><E121/><V40/><F31/><W97/><G34/><T73/><D118/><U0/><E38/><V66/><F39/><W59/><G59/><T37/><D127/><U125/><E125/><V46/><F9/><W64/><G64/><T5/><D37/><U62/><E132/><V32/><F32/><W14/><REACH who="3" step="1"/><G47/><REACH who="3" ten="15,201,348,426" step="2"/><T88/><D28/><U11/><E57/><N who="2" m="37007" /><F66/><W10/><G10/><T103/><D1/><U108/><E108/><V20/><F20/><W7/><G7/><N who="0" m="2635" /><D73/><U111/><E111/><V116/><F116/><W133/><G133/><T70/><D70/><U129/><E11/><V134/><F134/><W55/><G55/><N who="0" m="33951" /><D81/><U78/><E18/><V33/><F33/><W128/><G128/><N who="1" m="49258" /><E63/><V90/><AGARI ba="0,1" hai="6,8,12,40,43,46,51,53,90,93,96" m="37007" machi="90" ten="30,1100,0" yaku="8,1" doraHai="124" who="2" fromWho="2" sc="15,-3,201,-5,348,21,426,-3" /><INIT seed="6,0,0,3,0,34" ten="12,196,369,423" oya="2" hai0="117,53,111,62,130,102,54,37,21,69,33,124,101" hai1="113,91,75,49,123,10,43,41,100,16,80,67,73" hai2="48,65,90,63,131,42,112,97,56,57,45,89,39" hai3="135,20,38,125,133,70,18,66,96,105,13,86,94"/><V116/><F116/><W0/><G38/><T1/><D33/><U99/><E113/><V109/><F109/><W44/><G105/><T15/><D37/><U52/><E67/><V47/><F112/><W84/><G125/><T78/><D78/><U60/><E60/><V76/><F131/><W64/><G44/><T24/><D15/><N who="1" m="7287" /><E75/><V3/><F76/><W8/><G84/><T81/><D81/><U23/><E23/><V40/><F3/><W55/><G55/><T104/><D104/><U9/><E9/><V85/><F97/><W129/><G86/><T36/><D36/><U68/><E68/><V132/><F132/><N who="3" m="50763" /><G70/><T122/><D69/><U121/><E73/><V134/><F134/><W110/><G129/><T71/><D71/><U98/><E100/><V29/><F29/><W7/><G110/><T12/><D130/><U93/><E99/><V107/><F107/><W2/><G2/><T115/><D115/><U25/><E25/><V77/><REACH who="2" step="1"/><F57/><REACH who="2" ten="12,196,359,423" step="2"/><W72/><G72/><T120/><D111/><U106/><E106/><V27/><F27/><W103/><AGARI ba="0,1" hai="0,7,8,13,18,20,64,66,94,96,103" m="50763" machi="103" ten="30,2000,0" yaku="20,1,52,1" doraHai="34" who="3" fromWho="3" sc="12,-5,196,-5,359,-10,423,30" /><INIT seed="7,0,0,2,3,112" ten="7,191,349,453" oya="3" hai0="52,40,103,114,11,117,113,67,20,63,0,19,6" hai1="79,119,7,56,131,104,130,92,51,134,75,101,44" hai2="39,125,80,53,110,3,30,100,98,89,26,14,25" hai3="27,4,31,105,22,57,21,49,95,68,46,72,1"/><W111/><G105/><T41/><D103/><U126/><E7/><V109/><F3/><W37/><G72/><T96/><D96/><U42/><E79/><V122/><F39/><W102/><G68/><T133/><D67/><U69/><E92/><V34/><F125/><W16/><G37/><T129/><D63/><U18/><E18/><V15/><F122/><W108/><G57/><T48/><D48/><U91/><E91/><V8/><F25/><N who="3" m="14503" /><G4/><T66/><D66/><U87/><E87/><V17/><F53/><W70/><G70/><T120/><D52/><U81/><E56/><V107/><F89/><W116/><G1/><T90/><D90/><U32/><E101/><V64/><F64/><W58/><G58/><T84/><D84/><U86/><E86/><V50/><F50/><W97/><G46/><T29/><D41/><U62/><E62/><V13/><F80/><W23/><G23/><T60/><D40/><U77/><E81/><V28/><F28/><W78/><G78/><T12/><D60/><U54/><E77/><V36/><F36/><W45/><G45/><T82/><D82/><U132/><E54/><V33/><F33/><W24/><G27/><N who="0" m="16615" /><D120/><U73/><E51/><V61/><F61/><W135/><G49/><T123/><D123/><U121/><E44/><V76/><F76/><W83/><G83/><T10/><D133/><U88/><E134/><V35/><F35/><W94/><G135/><T47/><D47/><U59/><E121/><V128/><F128/><W38/><G38/><T124/><D129/><U55/><E131/><V9/><F100/><RYUUKYOKU ba="0,0" sc="7,0,191,0,349,0,453,0" owari="7,-49.3,191,-20.9,349,14.9,453,55.3" /></mjloggm>