<mjloggm ver="2.3"><GO type="169" lobby="0"/><UN n0="%E8%BE%9B%E5%8F%A3%E3%82%AB%E3%83%AC%E3%83%BC%E3%83%A9%E3%82%A4%E3%82%B9" n1="%E7%94%9F%E4%BD%93%E3%81%AE%E6%A7%8B%E9%80%A0%31" n2="%6E%70%63%30%30%39" n3="%E6%A4%9B%E5%8D%97" dan="16,16,16,16" rate="2127.55,2068.05,2133.64,2110.33" sx="M,M,M,F"/><TAIKYOKU oya="0"/><INIT seed="0,0,0,1,5,25" ten="250,250,250,250" oya="0" hai0="133,104,63,50,69,48,66,58,0,120,54,129,16" hai1="20,55,88,94,114,24,74,64,125,49,19,119,102" hai2="87,85,84,35,21,126,57,33,60,121,62,77,130" hai3="23,135,61,107,81,97,82,98,1,75,30,95,132"/><T38/><D120/><U103/><E119/><V59/><F121/><W37/><G1/><T91/><D0/><U68/><E74/><V7/><F130/><W128/><G37/><T101/><D129/><U78/><E78/><V47/><F126/><W92/><G128/><T17/><D133/><U118/><E118/><V79/><F7/><W6/><G6/><T86/><D38/><U11/><E114/><V100/><F100/><W15/><G75/><T131/><D131/><U109/><E109/><V80/><F47/><W96/><G107/><T26/><D26/><U90/><E125/><V41/><F41/><W65/><G132/><T8/><D8/><U110/><E110/><V99/><F99/><W51/><G51/><T4/><D4/><U52/><E11/><V112/><F21/><W72/><G72/><T14/><D50/><U39/><E39/><V18/><F18/><W13/><G82/><T108/><D108/><U117/><E55/><V31/><F80/><W123/><G81/><T34/><D34/><U40/><E40/><V76/><F112/><W36/><G36/><T111/><D111/><U83/><E83/><V89/><F89/><N who="1" m="34409" /><E94/><N who="3" m="35882" /><G123/><T93/><REACH who="0" step="1"/><D14/><REACH who="0" ten="240,250,250,250" step="2"/><U22/><E117/><V45/><F33/><W71/><G135/><T2/><D2/><U32/><E32/><V53/><F35/><W28/><G15/><T105/><D105/><U29/><E22/><V113/><F77/><W44/><G13/><T116/><D116/><U67/><E20/><V127/><F79/><W124/><G23/><T70/><D70/><U27/><E24/><V106/><F76/><RYUUKYOKU ba="0,1" sc="240,30,250,-10,250,-10,250,-10" hai0="16,17,48,54,58,63,66,69,86,91,93,101,104" /><INIT seed="0,1,1,2,0,64" ten="270,240,240,240" oya="0" hai0="91,30,100,70,130,58,11,129,71,89,49,118,67" hai1="73,5,42,28,110,101,9,134,18,10,95,85,84" hai2="37,90,119,79,83,94,78,92,52,2,46,36,19" hai3="57,115,60,98,131,105,88,127,121,44,102,34,122"/><T55/><D118/><U20/><E73/><V61/><F2/><W31/><G115/><T128/><D67/><U133/><E28/><V40/><F119/><W109/><G109/><T15/><D30/><U29/><E110/><V123/><F123/><W87/><G131/><T113/><D113/><U74/><E74/><V111/><F111/><W13/><G127/><T17/><REACH who="0" step="1"/><D100/><REACH who="0" ten="260,240,240,240" step="2"/><U99/><E29/><V43/><F37/><W7/><G31/><T80/><D80/><U104/><E134/><V77/><F83/><W103/><G103/><T53/><D53/><U76/><E133/><V6/><F36/><W56/><G34/><T93/><D93/><U75/><E95/><V39/><F94/><W82/><G122/><T66/><D66/><U135/><E135/><V116/><F116/><W8/><G121/><T21/><D21/><U22/><E22/><V63/><F39/><W3/><G105/><T32/><D32/><U69/><E104/><V27/><F52/><W41/><G102/><T125/><D125/><U97/><E101/><V16/><F43/><W33/><G33/><T126/><D126/><U38/><E42/><V35/><F35/><W81/><G41/><T112/><D112/><U86/><E38/><V108/><F40/><W68/><G82/><T51/><D51/><U47/><E20/><V117/><F92/><W24/><G81/><T25/><D25/><U50/><E50/><V96/><F27/><W23/><G24/><T14/><D14/><U48/><E48/><V4/><F117/><W1/><G13/><T26/><D26/><U45/><E75/><RYUUKYOKU ba="1,2" sc="260,30,240,-10,240,-10,240,-10" hai0="11,15,17,49,55,58,70,71,89,91,128,129,130" /><INIT seed="0,2,2,5,1,2" ten="290,230,230,230" oya="0" hai0="48,62,108,97,50,26,112,4,107,120,82,38,55" hai1="63,100,6,81,80,114,65,92,94,28,31,102,39" hai2="86,59,119,74,51,18,49,34,124,135,17,36,52" hai3="40,13,88,35,87,73,57,29,71,21,111,43,32"/><T85/><D112/><U95/><E114/><V83/><F135/><W128/><G71/><T3/><D120/><U41/><E39/><V67/><F124/><W105/><G73/><T123/><D123/><U7/><E41/><V15/><F36/><W101/><G111/><T37/><D62/><U122/><E122/><V109/><F109/><W22/><G128/><T76/><D48/><U89/><E89/><V54/><F34/><W0/><G0/><T116/><D116/><U79/><E63/><V104/><F104/><W99/><G57/><T90/><D26/><U25/><E65/><V56/><F74/><W129/><G29/><N who="1" m="11338" /><E25/><V27/><F119/><W77/><G77/><T103/><D76/><U133/><E133/><V12/><F67/><W60/><G60/><T5/><D108/><U127/><E127/><V125/><F125/><W110/><G110/><T121/><D121/><U98/><E98/><V68/><F68/><W93/><G35/><T61/><D61/><U75/><E75/><V14/><REACH who="2" step="1"/><F27/><REACH who="2" ten="290,230,220,230" step="2"/><W118/><G32/><T113/><D113/><U16/><E79/><AGARI ba="2,3" hai="12,14,15,17,18,49,51,52,54,56,59,79,83,86" machi="79" ten="40,12000,2" yaku="1,1,2,1,9,1,8,1,54,1,53,1" doraHai="2" doraHaiUra="78" who="2" fromWho="1" sc="290,0,230,-126,220,156,230,0" /><INIT seed="1,0,0,5,0,9" ten="290,104,376,230" oya="1" hai0="62,74,66,54,15,35,86,13,28,40,68,4,27" hai1="59,70,80,110,109,121,26,107,99,65,118,119,69" hai2="18,63,22,61,41,32,45,79,44,108,120,24,105" hai3="91,56,58,83,94,0,71,114,1,78,102,33,19"/><U87/><E26/><V29/><F120/><W42/><G71/><N who="1" m="27146" /><E107/><V122/><F108/><N who="1" m="41577" /><E99/><V130/><F130/><W85/><G114/><T135/><D74/><U60/><E87/><V53/><F105/><W132/><G132/><T72/><D72/><U2/><E2/><V55/><F122/><W117/><G117/><N who="1" m="44554" /><E80/><V100/><F100/><W34/><G102/><T8/><D135/><U112/><E121/><V127/><F127/><W16/><G0/><T104/><D104/><U46/><E46/><V7/><F79/><W57/><G1/><T89/><D86/><U37/><E37/><V134/><F134/><W11/><G34/><T95/><D27/><U17/><E17/><V84/><F84/><W128/><G33/><T30/><D35/><U38/><E38/><V48/><F7/><W50/><G19/><T3/><D3/><U36/><E36/><V52/><F44/><W93/><G78/><T51/><D30/><U113/><AGARI ba="0,0" hai="59,60,65,112,113" m="44554,41577,27146" machi="113" ten="40,12000,1" yaku="14,1,10,1,34,2" doraHai="9" who="1" fromWho="1" sc="290,-40,104,120,376,-40,230,-40" /><INIT seed="1,1,0,1,4,0" ten="250,224,336,190" oya="1" hai0="111,94,44,60,61,122,20,70,48,100,6,29,62" hai1="69,128,23,95,110,11,5,9,66,38,22,4,8" hai2="43,81,33,82,25,50,30,58,12,65,21,42,57" hai3="107,125,87,104,132,98,96,106,135,127,93,54,59"/><U74/><E38/><V53/><F33/><W32/><G32/><T31/><D111/><U119/><E119/><V18/><F65/><W89/><G59/><T78/><D122/><U35/><E35/><V24/><F58/><W108/><G54/><T75/><D6/><N who="1" m="2667" /><E74/><V103/><F103/><W92/><G87/><T71/><D78/><U49/><E69/><V45/><F42/><W97/><G108/><T133/><D75/><U39/><E39/><V56/><F56/><W80/><G80/><N who="2" m="30825" /><F30/><W130/><G130/><T19/><D133/><N who="3" m="51273" /><G89/><T112/><D112/><U109/><E110/><V55/><F43/><W15/><G15/><T17/><D70/><U101/><E109/><V36/><F36/><W99/><G99/><T113/><D71/><U77/><E77/><V102/><F102/><W13/><G13/><T7/><D113/><U16/><E128/><V34/><F34/><W40/><G40/><T88/><D100/><U10/><E66/><V115/><F115/><W123/><G123/><T131/><D131/><U105/><E105/><V68/><F68/><W79/><G79/><T52/><D31/><U116/><E116/><V85/><F85/><W72/><G72/><T120/><D120/><U114/><E114/><V126/><F126/><AGARI ba="1,0" hai="92,93,96,97,98,104,106,107,125,126,127" m="51273" machi="126" ten="40,12000,2" yaku="28,2,18,1,20,1,34,2" doraHai="0" who="3" fromWho="2" sc="250,0,224,0,336,-123,190,123" /><INIT seed="2,0,0,2,2,19" ten="250,224,213,313" oya="2" hai0="65,53,94,55,119,101,32,50,40,91,106,18,3" hai1="109,72,37,105,0,51,31,30,68,100,21,123,7" hai2="56,43,10,73,2,87,80,115,35,113,15,62,135" hai3="20,71,108,6,89,74,97,13,29,128,44,79,26"/><V45/><F135/><W9/><G108/><T110/><D110/><U48/><E109/><V85/><F35/><W118/><G128/><T117/><D32/><U127/><E37/><V5/><F85/><W111/><G111/><T52/><D3/><U63/><E72/><V70/><F70/><W23/><G71/><T90/><D65/><U58/><E68/><V96/><F96/><W120/><G118/><N who="0" m="45067" /><D18/><U33/><E33/><V130/><F130/><W22/><G120/><T67/><D67/><U8/><E127/><V124/><F124/><W107/><G74/><T12/><D12/><U47/><E123/><V82/><F82/><W14/><G14/><T34/><D34/><U86/><E86/><V92/><F92/><N who="3" m="56463" /><G107/><T1/><D1/><U24/><E31/><V66/><F2/><W64/><G79/><T114/><D106/><U132/><E132/><V77/><REACH who="2" step="1"/><F73/><REACH who="2" ten="250,224,203,313" step="2"/><W57/><G44/><N who="0" m="25863" /><D114/><U126/><E126/><V95/><F95/><W17/><G29/><T133/><D133/><U122/><E122/><V25/><F25/><W38/><G38/><AGARI ba="0,1" hai="5,10,15,38,43,45,56,62,66,77,80,87,113,115" machi="38" ten="30,2900,0" yaku="1,1,7,1,53,0" doraHai="19" doraHaiUra="129" who="2" fromWho="3" sc="250,0,224,0,203,39,313,-29" /><INIT seed="2,1,0,0,3,4" ten="250,224,242,284" oya="2" hai0="104,12,82,122,121,16,13,132,93,50,10,57,135" hai1="90,65,100,51,80,48,22,72,79,6,85,3,26" hai2="35,17,25,9,61,125,67,131,120,33,115,107,46" hai3="32,70,91,54,76,134,126,69,60,123,24,94,42"/><V8/><F107/><W53/><G134/><N who="0" m="51243" /><D104/><U47/><E100/><V7/><F115/><W117/><G126/><T38/><D38/><U1/><E65/><V58/><F120/><W5/><G117/><T34/><D34/><U84/><E72/><V109/><F125/><W11/><G42/><T14/><D93/><U87/><E87/><V59/><F131/><W28/><G76/><T55/><D82/><U118/><E118/><V43/><F109/><W81/><G81/><T95/><D95/><U62/><E62/><V41/><F35/><W129/><G129/><T21/><D13/><U19/><E6/><AGARI ba="1,0" hai="6,10,12,14,16,21,50,55,57,121,122" m="51243" machi="6" ten="30,3900,0" yaku="20,1,52,1,54,1" doraHai="4" who="0" fromWho="1" sc="250,42,224,-42,242,0,284,0" /><INIT seed="3,0,0,1,1,82" ten="292,182,242,284" oya="3" hai0="83,41,39,86,124,95,66,40,97,78,35,109,47" hai1="100,105,125,36,104,52,129,58,12,51,7,115,57" hai2="65,111,38,134,32,116,110,74,26,122,80,3,118" hai3="128,62,67,106,112,119,93,114,18,28,90,27,25"/><W16/><G106/><T81/><D109/><N who="2" m="41482" /><F38/><W15/><G119/><T117/><D117/><U42/><E115/><V5/><F65/><W59/><G27/><T24/><D124/><U6/><E125/><V19/><F80/><W4/><G4/><T133/><D133/><U89/><E129/><V9/><F74/><W69/><G69/><T8/><D66/><U94/><E58/><V123/><F134/><W79/><G79/><T127/><D127/><U71/><E71/><V85/><F85/><W33/><G18/><T77/><D40/><U64/><E64/><V37/><F37/><W135/><G128/><T76/><D8/><U54/><E54/><V73/><F73/><W130/><G130/><T23/><D35/><U121/><E121/><N who="2" m="46091" /><F19/><W14/><G135/><T45/><D45/><U75/><E75/><V46/><F46/><W108/><G108/><T99/><D81/><U96/><E104/><V98/><F98/><W70/><G70/><T101/><REACH who="0" step="1"/><D97/><REACH who="0" ten="282,182,242,284" step="2"/><U43/><E42/><V10/><F10/><W0/><G114/><T102/><D102/><U17/><E43/><V84/><F84/><W11/><G112/><T120/><D120/><U1/><E36/><V103/><F103/><W107/><G11/><T20/><D20/><U113/><E113/><V60/><F118/><W13/><G33/><T68/><D68/><U132/><E132/><V2/><F116/><W29/><G67/><T72/><D72/><U44/><E44/><V34/><F2/><W53/><G0/><T92/><D92/><U50/><E1/><V61/><F34/><W63/><G93/><RYUUKYOKU ba="0,1" sc="282,15,182,-15,242,15,284,-15" hai0="23,24,39,41,47,76,77,78,83,86,95,99,101" hai2="3,5,9,26,32,60,61" /><INIT seed="4,1,1,2,0,22" ten="297,167,257,269" oya="0" hai0="49,102,107,82,103,45,9,114,50,60,35,13,89" hai1="80,15,0,124,30,58,39,62,64,125,123,19,77" hai2="14,105,40,42,38,56,55,66,122,1,47,10,11" hai3="20,54,76,110,88,17,91,108,126,29,100,130,120"/><T46/><D35/><U73/><E123/><V113/><F113/><W96/><G120/><T2/><D2/><U121/><E121/><V57/><F122/><W74/><G130/><T99/><D114/><U135/><E0/><V69/><F105/><W116/><G126/><N who="1" m="48746" /><E39/><V127/><F127/><W83/><G29/><T115/><D115/><U111/><E111/><V94/><F40/><W6/><G6/><T4/><D102/><U97/><E135/><V87/><F57/><W106/><G116/><T134/><D134/><U28/><E97/><V117/><F117/><W95/><G91/><T112/><D112/><U23/><AGARI ba="1,1" hai="15,19,23,28,30,58,62,64,73,77,80" m="48746" machi="23" ten="30,1100,0" yaku="18,1" doraHai="22" who="1" fromWho="1" sc="297,-6,167,24,257,-4,269,-4" /><INIT seed="5,0,0,0,1,112" ten="291,191,253,265" oya="1" hai0="33,65,35,59,103,106,118,73,87,9,18,48,122" hai1="61,132,30,80,81,2,113,97,27,108,23,131,50" hai2="72,85,42,10,4,5,109,69,36,100,77,86,88" hai3="83,41,126,116,128,8,60,84,14,91,98,101,67"/><U46/><E113/><V68/><F109/><W47/><G128/><T54/><D73/><U64/><E131/><V123/><F123/><W44/><G126/><T129/><D122/><U102/><E132/><V21/><F100/><W11/><G116/><T110/><D110/><U26/><E2/><V76/><F21/><W32/><G32/><T37/><D37/><U114/><E27/><V96/><F96/><W53/><G53/><T52/><D129/><U13/><E13/><V121/><F121/><W115/><G115/><T51/><D118/><U70/><E114/><V79/><F72/><W12/><G12/><T92/><D65/><U40/><REACH who="1" step="1"/><E108/><REACH who="1" ten="291,181,253,265" step="2"/><V22/><F4/><W105/><G8/><T31/><D9/><U75/><E75/><V34/><F5/><W28/><G28/><T57/><D31/><U0/><E0/><V107/><F10/><W15/><G15/><T20/><D35/><U119/><E119/><V49/><F34/><W74/><G74/><T43/><D33/><U25/><E25/><V117/><F22/><W1/><G1/><T63/><D20/><U58/><E58/><V55/><F68/><W24/><G24/><T134/><D57/><U111/><E111/><V94/><F69/><W90/><G14/><T66/><D59/><U124/><E124/><V16/><F117/><W82/><G11/><T120/><D134/><U95/><AGARI ba="0,1" hai="23,26,30,40,46,50,61,64,70,80,81,95,97,102" machi="95" ten="20,7800,0" yaku="1,1,0,1,7,1,53,1" doraHai="112" doraHaiUra="19" who="1" fromWho="1" sc="291,-26,181,88,253,-26,265,-26" /><INIT seed="5,1,0,4,2,135" ten="265,269,227,239" oya="1" hai0="23,99,35,51,29,62,43,110,95,79,27,121,54" hai1="59,44,130,45,87,129,70,57,96,34,117,97,125" hai2="48,93,123,28,16,102,81,32,47,66,89,65,31" hai3="42,63,85,36,61,58,12,116,126,39,53,49,8"/><U73/><E117/><V19/><F123/><W52/><G116/><T75/><D110/><U118/><E118/><V38/><F38/><W101/><G101/><T108/><D108/><U72/><E34/><V132/><F132/><W10/><G42/><T33/><D121/><U40/><E40/><V131/><F131/><W30/><G30/><N who="2" m="11305" /><F81/><W5/><G10/><T74/><D43/><U18/><E18/><N who="2" m="6699" /><F102/><W4/><G4/><T124/><D62/><U13/><E87/><N who="2" m="52415" /><F32/><W106/><G106/><T77/><D35/><U68/><E13/><V82/><F82/><W46/><G39/><T26/><D33/><U21/><E21/><V115/><F115/><W113/><G36/><T17/><D23/><U71/><E68/><V92/><F92/><W37/><G37/><T1/><D1/><U14/><E14/><V120/><F120/><W98/><G113/><T105/><D105/><U20/><E20/><V6/><F6/><W88/><G98/><T111/><D99/><U41/><E41/><AGARI ba="1,0" hai="41,47,48,65,66" m="52415,6699,11305" machi="41" ten="30,2000,0" yaku="8,1,54,1" doraHai="135" who="2" fromWho="1" sc="265,0,269,-23,227,23,239,0" /><INIT seed="6,0,0,3,1,23" ten="265,246,250,239" oya="2" hai0="68,126,78,66,28,93,90,81,97,46,17,87,27" hai1="125,84,8,104,18,118,55,101,7,30,0,99,92" hai2="64,61,115,37,59,71,119,54,116,39,83,20,43" hai3="114,103,106,22,5,69,96,80,79,4,91,73,50"/><V112/><F83/><W48/><G69/><T133/><D133/><U95/><E125/><V1/><F1/><W49/><G114/><N who="2" m="43561" /><F20/><W134/><G134/><T47/><D126/><U42/><E118/><N who="2" m="45099" /><F43/><W76/><G76/><T38/><D38/><N who="2" m="14346" /><F71/><W65/><G65/><AGARI ba="0,0" hai="54,59,61,64,65" m="14346,45099,43561" machi="65" ten="40,7700,0" yaku="15,1,34,2" doraHai="23" who="2" fromWho="3" sc="265,0,246,0,250,77,239,-77" /><INIT seed="6,1,0,0,0,110" ten="265,246,327,162" oya="2" hai0="81,108,34,109,45,71,88,68,63,93,75,95,14" hai1="36,114,123,65,46,2,6,113,59,56,76,16,74" hai2="98,12,4,127,83,92,9,24,134,117,131,91,32" hai3="78,129,8,17,126,60,35,42,94,10,25,100,116"/><V135/><F117/><W112/><G116/><T118/><D118/><U1/><E123/><V121/><F121/><W128/><G126/><T23/><D34/><U7/><E76/><V18/><F127/><W67/><G78/><T27/><D14/><U99/><E74/><V19/><F131/><W119/><G119/><T70/><D63/><U44/><E99/><V73/><F73/><W57/><G42/><T130/><D130/><N who="3" m="50281" /><G17/><T115/><D115/><U22/><E22/><V31/><F83/><W58/><G112/><T61/><D61/><U20/><E20/><V84/><REACH who="2" step="1"/><F98/><REACH who="2" ten="265,246,317,162" step="2"/><N who="3" m="59479" /><G58/><T87/><D75/><U43/><E59/><V3/><F3/><W54/><G67/><T104/><D108/><U85/><E56/><V101/><F101/><W132/><G132/><AGARI ba="1,1" hai="4,9,12,18,19,24,31,32,84,91,92,132,134,135" machi="132" ten="40,7700,0" yaku="1,1,20,1,53,1" doraHai="110" doraHaiUra="0" who="2" fromWho="3" sc="265,0,246,0,317,90,162,-80" /><INIT seed="6,2,0,1,2,11" ten="265,246,407,82" oya="2" hai0="19,54,95,53,37,135,122,79,22,55,2,18,116" hai1="68,115,25,121,99,124,101,75,66,59,48,43,86" hai2="83,24,88,51,117,63,33,62,104,92,109,87,32" hai3="6,82,96,72,114,26,35,57,119,118,64,7,131"/><V77/><F117/><W94/><G131/><T106/><D106/><U80/><E75/><V47/><F109/><W100/><G114/><T21/><D122/><U3/><E3/><V23/><F104/><W111/><G111/><T56/><D2/><U46/><E124/><V128/><F128/><W5/><G72/><T30/><D37/><U110/><E110/><V41/><F33/><W90/><G82/><T74/><D135/><U42/><E115/><V39/><F32/><W76/><G76/><T14/><D116/><U9/><E121/><V125/><F39/><W10/><G90/><T107/><D107/><U89/><E68/><V65/><F65/><W40/><G40/><T36/><D36/><U60/><E9/><V105/><F105/><W4/><G57/><T0/><D0/><U17/><E42/><V133/><F133/><W13/><REACH who="3" step="1"/><G64/><REACH who="3" ten="265,246,407,72" step="2"/><T1/><D79/><U34/><E66/><V12/><F125/><W28/><AGARI ba="2,1" hai="4,5,6,7,10,13,26,28,35,94,96,100,118,119" machi="28" ten="30,7900,0" yaku="1,1,2,1,0,1,52,1,53,0" doraHai="11" doraHaiUra="49" who="3" fromWho="3" sc="265,-22,246,-22,407,-41,72,95" /><INIT seed="7,0,0,5,2,33" ten="243,224,366,167" oya="3" hai0="28,76,65,21,2,0,16,1,44,36,35,113,73" hai1="110,98,75,97,95,63,67,126,32,120,74,17,85" hai2="124,77,43,93,42,45,40,9,47,41,4,49,30" hai3="19,66,109,64,92,89,13,103,106,90,80,79,25"/><W116/><G116/><T15/><D65/><U125/><E32/><V122/><F124/><N who="1" m="47721" /><E110/><V71/><F71/><W38/><G38/><T96/><D113/><U102/><E120/><V112/><F112/><W115/><G115/><T72/><D76/><U10/><E85/><V62/><F62/><W78/><G25/><T118/><D118/><U88/><E10/><V127/><F127/><W8/><G109/><T50/><D36/><U135/><E17/><V105/><F105/><W12/><G106/><T54/><REACH who="0" step="1"/><D96/><REACH who="0" ten="233,224,366,167" step="2"/><U7/><E98/><V132/><F77/><W69/><G79/><T83/><D83/><U48/><E67/><V27/><F122/><W11/><G69/><T22/><D22/><U128/><E97/><V100/><F100/><W61/><G103/><T84/><D84/><U5/><E102/><V59/><F93/><W52/><G92/><T82/><D82/><U133/><E95/><V24/><F132/><W18/><G66/><T86/><D86/><U56/><E135/><V117/><F117/><W129/><G64/><T20/><D20/><U87/><E133/><V3/><F30/><W94/><G94/><T131/><D131/><U31/><E128/><V123/><F123/><W57/><G129/><T51/><D51/><U53/><E48/><V99/><F99/><W111/><G111/><T26/><AGARI ba="0,1" hai="0,1,2,15,16,21,26,28,35,44,50,54,72,73" machi="26" ten="40,12000,2" yaku="1,1,0,1,52,3,54,1,53,1" doraHai="33" doraHaiUra="29" who="0" fromWho="0" sc="233,130,224,-30,366,-30,167,-60" owari="363,46.3,194,-20.6,336,13.6,107,-39.3" /></mjloggm>