<mjloggm ver="2.3"><GO type="169" lobby="0"/><UN n0="%E8%A6%9A%E9%86%92%E3%81%97%E3%81%9F%E3%81%A8%E3%81%BE%E3%81%A8" n1="%E3%81%A1%E3%81%AA%E9%B7%B2" n2="%53%4F%49%43%48%49" n3="%E5%A5%94%E4%BB%94" dan="17,16,16,17" rate="2248.82,2101.86,2109.67,2226.90" sx="M,M,M,M"/><TAIKYOKU oya="0"/><INIT seed="0,0,0,0,5,51" ten="250,250,250,250" oya="0" hai0="63,39,91,2,6,133,97,127,58,20,25,82,119" hai1="11,61,93,104,42,79,37,68,92,18,3,32,112" hai2="57,54,50,59,1,14,96,132,114,40,36,46,28" hai3="23,13,130,66,29,19,129,75,33,108,100,55,101"/><T102/><D119/><U86/><E104/><V43/><F1/><W72/><G66/><T77/><D133/><U41/><E32/><V5/><F114/><W38/><G38/><T128/><D127/><U105/><E105/><V44/><F28/><W60/><G108/><T103/><D128/><N who="3" m="49257" /><G29/><T73/><D39/><U117/><E86/><V88/><F132/><W30/><G30/><T76/><D77/><U45/><E42/><V81/><F43/><W62/><G62/><T87/><D6/><U111/><E41/><V115/><F115/><W56/><G33/><T121/><D2/><U98/><E3/><V22/><F22/><W4/><G4/><T34/><D34/><U17/><E11/><V107/><F107/><W80/><G80/><T35/><D35/><U118/><E61/><V85/><REACH who="2" step="1"/><F96/><REACH who="2" ten="250,250,240,250" step="2"/><W48/><G60/><T69/><D63/><U31/><E31/><V71/><F71/><W67/><G67/><T7/><D69/><U53/><E68/><V52/><F52/><W8/><G23/><T109/><D20/><U84/><E53/><V124/><F124/><W64/><G64/><T116/><D116/><U131/><E112/><V99/><F99/><W120/><G120/><T134/><D121/><U27/><E131/><V90/><F90/><W123/><G123/><T65/><D91/><U74/><E118/><V110/><F110/><W95/><G101/><T83/><D97/><AGARI ba="0,1" hai="8,13,19,48,55,56,72,75,95,97,100" m="49257" machi="97" ten="30,2000,0" yaku="19,1,52,1" doraHai="51" who="3" fromWho="0" sc="250,-20,250,0,240,0,250,30" /><INIT seed="1,0,0,1,1,91" ten="230,250,240,280" oya="1" hai0="37,105,88,11,17,93,113,111,116,97,28,58,25" hai1="41,126,90,38,99,31,84,4,134,79,33,34,78" hai2="135,117,62,54,118,101,55,40,53,106,63,67,24" hai3="109,47,131,74,16,103,14,107,15,108,6,114,73"/><U83/><E134/><V26/><F106/><W35/><G35/><T120/><D113/><U72/><E126/><V65/><F101/><W45/><G131/><T125/><D116/><U52/><E79/><V3/><F3/><W8/><G114/><T12/><D125/><U27/><E99/><V92/><F92/><W132/><G132/><T20/><D111/><N who="3" m="42569" /><G107/><T36/><D120/><U124/><E124/><V61/><F135/><W39/><G103/><T1/><D105/><U46/><E4/><V69/><F40/><N who="3" m="22687" /><G47/><T9/><REACH who="0" step="1"/><D58/><REACH who="0" ten="220,250,240,280" step="2"/><U100/><E100/><V10/><F69/><W50/><G50/><T22/><D22/><AGARI ba="0,1" hai="6,8,14,15,16,22,73,74" m="22687,42569" machi="22" ten="30,2000,0" yaku="14,1,54,1" doraHai="91" who="3" fromWho="0" sc="220,-20,250,0,240,0,280,30" /><INIT seed="2,0,0,0,5,3" ten="200,250,240,310" oya="2" hai0="104,34,76,8,49,27,10,62,31,98,115,39,118" hai1="57,86,65,94,40,4,25,18,81,88,66,89,128" hai2="96,64,135,95,67,131,15,85,122,33,78,125,117" hai3="14,113,42,130,97,54,134,43,120,13,92,5,23"/><V72/><F122/><W105/><G120/><T47/><D115/><U51/><E128/><V112/><F112/><W59/><G105/><T87/><D118/><U90/><E4/><V82/><F117/><W79/><G79/><T71/><D39/><U11/><E11/><V80/><F131/><W111/><G111/><T26/><D26/><U102/><E102/><V60/><F125/><W99/><G134/><T74/><D74/><U116/><E116/><V114/><F114/><W19/><G99/><T2/><D87/><U132/><E132/><V45/><F135/><W48/><G130/><T12/><D76/><U17/><E17/><V121/><F121/><W119/><G119/><T37/><D37/><U63/><E66/><V55/><F33/><W100/><G113/><T129/><D12/><U123/><E123/><V109/><F109/><W56/><G59/><T30/><D31/><U93/><E18/><V24/><F24/><W127/><G127/><T133/><D2/><U106/><E106/><V20/><F80/><W36/><G36/><T0/><D0/><U69/><E25/><V41/><F72/><W44/><G56/><T70/><D133/><U110/><E110/><V9/><F20/><W58/><G58/><T103/><D129/><U73/><E73/><V124/><F124/><W68/><G68/><T91/><D91/><N who="1" m="51663" /><E69/><V52/><F15/><W16/><G5/><T83/><D71/><U75/><E75/><V22/><F78/><W7/><G7/><T21/><D34/><U50/><E50/><V101/><F101/><W108/><G108/><T46/><D70/><RYUUKYOKU ba="0,0" sc="200,-15,250,15,240,-15,310,15" hai1="40,51,57,63,65,88,89,90,93,94" hai3="13,14,16,19,23,42,43,44,48,54,92,97,100" /><INIT seed="3,1,0,4,0,40" ten="185,265,225,325" oya="3" hai0="71,6,119,85,117,32,7,34,135,116,25,10,49" hai1="73,2,54,59,21,65,22,97,30,9,27,109,60" hai2="99,0,64,107,77,95,57,133,14,67,134,36,103" hai3="37,79,82,114,39,28,20,83,53,74,47,86,127"/><W98/><G114/><T112/><D71/><U113/><E113/><V129/><F0/><W122/><G122/><T1/><D85/><U124/><E73/><V72/><F36/><W51/><G127/><T23/><D112/><U76/><E76/><V104/><F14/><W90/><REACH who="3" step="1"/><G98/><REACH who="3" ten="185,265,225,315" step="2"/><T66/><D135/><U131/><E97/><V41/><F133/><W88/><G88/><T42/><D119/><U118/><E124/><V62/><F134/><W89/><G89/><T38/><D117/><U44/><E118/><V35/><F99/><W16/><G16/><T78/><D116/><U94/><E131/><V115/><F129/><W108/><G108/><T33/><D6/><U126/><E109/><V84/><F115/><W121/><G121/><T24/><D78/><U48/><E126/><V110/><F77/><W19/><G19/><T3/><D7/><U81/><E30/><V4/><F110/><W52/><G52/><T17/><D17/><U15/><E54/><V43/><F4/><W100/><G100/><T132/><D132/><U55/><E55/><V56/><F103/><W93/><G93/><T91/><D91/><U123/><E94/><V120/><F95/><W125/><G125/><T130/><D130/><U101/><E101/><V50/><F120/><W128/><G128/><T75/><D66/><U5/><E65/><V106/><F64/><W18/><G18/><T96/><D96/><U12/><E5/><V80/><F67/><W29/><G29/><T45/><D3/><U69/><E2/><V13/><F106/><W92/><G92/><T46/><D1/><RYUUKYOKU ba="1,1" sc="185,-10,265,-10,225,-10,315,30" hai3="20,28,37,39,47,51,53,74,79,82,83,86,90" /><INIT seed="3,2,1,2,2,132" ten="175,255,215,345" oya="3" hai0="80,102,69,29,42,45,35,104,101,90,122,87,28" hai1="123,65,66,56,5,36,133,19,58,12,10,11,100" hai2="23,76,103,61,39,70,113,109,24,99,32,16,4" hai3="68,57,51,13,77,64,124,20,72,46,78,75,97"/><W47/><G68/><T120/><D69/><U59/><E133/><V9/><F113/><W62/><G72/><T44/><D35/><U129/><E123/><V34/><F39/><W115/><G115/><T38/><D104/><U110/><E36/><V98/><F76/><W81/><G77/><T17/><D17/><U53/><E53/><V114/><F114/><W108/><G108/><T26/><D45/><U71/><E71/><V60/><F109/><W118/><G118/><T7/><D7/><U18/><E5/><V22/><F22/><W73/><G73/><T79/><D90/><U41/><E110/><V33/><F70/><W128/><G128/><T107/><D107/><U84/><E84/><V8/><F8/><W111/><G97/><T49/><D38/><U88/><E88/><V82/><F82/><W3/><G3/><T40/><D42/><U15/><E129/><V2/><REACH who="2" step="1"/><F99/><REACH who="2" ten="175,255,205,345" step="2"/><W52/><G111/><T25/><D122/><U55/><E11/><V112/><F112/><W27/><G81/><T119/><D120/><U1/><E10/><V31/><F31/><N who="0" m="11850" /><D119/><U37/><E37/><V63/><F63/><W30/><G62/><T54/><D40/><U131/><E41/><V85/><F85/><W93/><G78/><T117/><D117/><U134/><E134/><V0/><F0/><W67/><G30/><T50/><D49/><U86/><E1/><V130/><F130/><W125/><G51/><T94/><D94/><AGARI ba="2,2" hai="2,4,9,16,23,24,32,33,34,60,61,94,98,103" machi="94" ten="40,2600,0" yaku="1,1,54,1,53,0" doraHai="132" doraHaiUra="43" who="2" fromWho="0" sc="175,-32,255,0,205,52,345,0" /><INIT seed="4,0,0,0,1,11" ten="143,255,257,345" oya="0" hai0="15,82,27,69,43,128,51,92,86,107,118,70,119" hai1="49,57,110,114,79,108,42,22,113,101,80,9,126" hai2="35,26,105,85,53,67,124,123,52,30,63,98,127" hai3="34,83,24,8,25,3,18,87,100,94,134,75,47"/><T2/><D2/><U40/><E101/><N who="2" m="62647" /><F123/><W74/><G134/><T93/><D107/><U17/><E126/><N who="2" m="48171" /><F85/><W109/><G109/><T131/><D27/><U121/><E9/><V115/><F115/><N who="1" m="44041" /><E121/><V72/><F72/><W116/><G8/><T13/><D86/><U104/><E104/><V21/><F21/><W120/><G87/><T96/><D51/><U37/><E37/><V36/><F36/><W65/><G74/><T117/><D43/><U66/><E42/><V48/><F48/><W78/><G75/><T62/><D82/><U99/><E99/><V106/><F106/><W95/><G83/><T33/><D33/><U44/><E80/><V77/><F77/><W45/><G78/><T97/><REACH who="0" step="1"/><D119/><REACH who="0" ten="133,255,257,345" step="2"/><U5/><E79/><V58/><AGARI ba="0,1" hai="26,30,35,52,53,58,63,67" m="48171,62647" machi="58" ten="30,2000,0" yaku="18,1,54,1" doraHai="11" who="2" fromWho="2" sc="133,-10,255,-5,257,30,345,-5" /><INIT seed="5,0,0,2,5,41" ten="123,250,287,340" oya="1" hai0="93,26,68,36,44,128,94,106,113,29,25,105,27" hai1="7,92,65,130,66,87,4,90,22,34,72,115,102" hai2="35,96,43,28,16,70,81,62,6,54,53,129,74" hai3="85,98,61,123,20,47,76,12,132,78,79,131,95"/><U69/><E34/><V103/><F6/><W109/><G109/><T21/><D113/><U48/><E115/><V8/><F43/><W64/><G123/><T33/><D68/><U60/><E72/><V117/><F117/><W39/><G131/><T99/><D128/><U1/><E130/><V75/><F129/><W133/><G85/><T127/><D127/><U24/><E66/><V31/><F70/><W14/><G20/><T134/><D134/><N who="3" m="51817" /><G39/><T119/><D119/><U18/><E1/><V126/><F62/><W57/><G47/><T124/><D124/><U67/><E67/><V104/><F126/><W32/><G32/><T49/><D36/><U135/><E135/><V80/><F35/><W114/><G114/><T120/><D120/><U88/><E102/><AGARI ba="0,0" hai="12,14,57,61,64,76,78,79,95,98,102" m="51817" machi="102" ten="30,1000,0" yaku="20,1" doraHai="41" who="3" fromWho="1" sc="123,0,250,-10,287,0,340,10" /><INIT seed="6,0,0,3,0,26" ten="123,240,287,350" oya="2" hai0="32,98,62,51,18,55,74,124,64,25,37,6,122" hai1="61,103,104,38,56,42,73,97,19,58,112,110,40" hai2="10,130,113,63,3,59,13,0,68,5,65,120,118" hai3="29,107,87,121,91,105,85,93,77,111,102,45,114"/><V75/><F118/><W39/><G111/><T100/><D124/><U86/><E73/><V83/><F120/><W14/><G121/><T22/><D122/><U4/><E110/><V20/><F113/><W11/><G102/><T46/><D74/><U76/><E112/><V125/><F125/><W9/><G9/><T90/><D6/><U116/><E116/><V78/><F130/><W79/><G39/><T92/><D32/><U71/><E71/><V35/><F35/><W127/><G45/><T109/><D109/><U108/><E108/><V43/><F43/><W60/><G60/><T12/><D37/><U23/><E4/><V41/><F41/><W135/><G135/><T126/><D126/><U95/><E58/><V94/><F94/><W67/><G67/><T50/><D51/><U30/><E38/><V131/><F131/><W28/><G107/><T84/><D12/><U128/><E128/><V96/><F96/><W99/><G105/><T8/><D8/><U16/><E42/><V129/><F129/><W66/><G66/><T21/><D22/><U1/><E1/><V117/><F117/><W47/><G47/><T17/><D17/><U36/><E40/><V82/><F82/><N who="3" m="47327" /><G114/><T69/><D100/><U53/><E36/><V33/><F33/><W7/><G127/><T15/><D98/><U88/><REACH who="1" step="1"/><E76/><REACH who="1" ten="123,230,287,350" step="2"/><V81/><F68/><W54/><G77/><T106/><D106/><U31/><E31/><V80/><F3/><W44/><G28/><T123/><D123/><U70/><E70/><V48/><F48/><N who="3" m="28935" /><G29/><T27/><AGARI ba="0,1" hai="15,18,21,25,27,46,50,55,62,64,69,84,90,92" machi="27" ten="30,1100,0" yaku="0,1" doraHai="26" who="0" fromWho="0" sc="123,21,230,-3,287,-5,350,-3" /><INIT seed="7,0,0,0,4,0" ten="144,227,282,347" oya="3" hai0="9,68,133,96,28,90,25,134,66,75,101,59,3" hai1="46,58,104,97,16,116,99,15,6,76,86,123,112" hai2="114,4,122,49,43,115,71,77,62,91,54,124,41" hai3="1,5,38,27,103,98,36,118,14,131,23,92,31"/><W132/><G118/><T34/><D90/><U80/><E112/><N who="2" m="43051" /><F77/><W126/><G126/><T33/><D59/><U130/><E130/><V51/><F91/><W67/><G131/><T18/><D75/><U24/><E123/><V20/><F20/><W135/><G1/><T128/><D128/><U93/><E104/><V129/><F129/><W109/><G67/><T60/><D18/><U13/><E99/><V74/><F74/><W119/><G119/><T94/><D34/><U40/><E58/><V45/><F4/><W39/><G109/><T21/><D21/><U53/><E53/><N who="2" m="29871" /><F124/><W29/><G31/><T127/><D127/><U30/><E30/><V61/><F122/><W63/><G63/><N who="2" m="24073" /><F71/><W84/><G84/><T37/><REACH who="0" step="1"/><D37/><REACH who="0" ten="134,227,282,347" step="2"/><U113/><E116/><V81/><F81/><W88/><G88/><T102/><D102/><U10/><E113/><V89/><F89/><W12/><G23/><T22/><D22/><U56/><E56/><AGARI ba="0,1" hai="41,43,51,54,56" m="24073,29871,43051" machi="56" ten="30,3900,0" yaku="15,1,34,2" doraHai="0" who="2" fromWho="1" sc="134,0,227,-39,282,49,347,0" owari="134,-36.6,188,-21.2,331,13.1,347,44.7" /></mjloggm>