<mjloggm ver="2.3"><GO type="169" lobby="0"/><UN n0="%4D%4C%5A%4E%55%2D%53%4B" n1="%E5%B0%8F%E8%B1%86%E6%A2%93" n2="%41%6E%6B%6F%61%6E%6B%6F" n3="%E3%82%8A%E3%82%93%E3%81%94%32%32%36" dan="17,16,17,16" rate="2154.49,2139.74,2193.39,2141.40" sx="M,F,F,M"/><TAIKYOKU oya="0"/><INIT seed="0,0,0,3,1,10" ten="250,250,250,250" oya="0" hai0="41,25,96,14,60,85,31,130,15,37,93,13,21" hai1="95,48,131,52,128,77,101,32,125,43,6,120,69" hai2="68,11,133,59,103,112,3,115,0,81,47,126,58" hai3="100,108,74,1,113,123,71,107,30,84,94,39,40"/><T5/><D130/><N who="1" m="49707" /><E120/><V33/><F68/><W99/><G1/><T44/><D60/><U34/><E69/><V46/><F33/><W119/><G30/><T42/><D42/><U62/><E125/><V88/><F103/><W97/><G40/><T78/><D78/><U36/><E62/><V92/><F133/><W49/><G49/><T121/><D85/><U75/><E6/><V122/><F122/><W20/><G20/><T7/><REACH who="0" step="1"/><D121/><REACH who="0" ten="240,250,250,250" step="2"/><U117/><E77/><V72/><F72/><W38/><G84/><T16/><D16/><U29/><E75/><V86/><F86/><W102/><G74/><T2/><D2/><U66/><E29/><V79/><F79/><W65/><G123/><T127/><D127/><U109/><E117/><V76/><F76/><W53/><G119/><T4/><D4/><U129/><E129/><V106/><F0/><W50/><G39/><T27/><D27/><U98/><E66/><V134/><F3/><W54/><G38/><T63/><D63/><U105/><E43/><V22/><F126/><W89/><G65/><T82/><D82/><U124/><E36/><V9/><F81/><W91/><G71/><T90/><AGARI ba="0,1" hai="5,7,13,14,15,21,25,31,37,41,44,90,93,96" machi="90" ten="30,18000,2" yaku="1,1,0,1,52,3,53,1" doraHai="10" doraHaiUra="23" who="0" fromWho="0" sc="240,190,250,-60,250,-60,250,-60" /><INIT seed="0,1,0,2,0,41" ten="430,190,190,190" oya="0" hai0="129,116,107,57,114,32,123,93,1,83,35,90,33" hai1="12,3,0,87,122,42,94,56,86,7,46,118,21" hai2="26,133,88,131,19,60,89,55,49,37,10,67,102" hai3="40,78,14,75,23,34,100,113,134,101,16,48,9"/><T36/><D107/><U74/><E118/><V66/><F133/><W6/><G113/><T45/><D1/><U115/><E122/><V104/><F131/><W130/><G134/><T58/><D114/><U108/><E115/><V69/><F37/><W2/><G130/><T59/><D129/><U5/><E108/><V73/><F73/><W18/><G78/><T128/><D128/><U81/><E94/><V22/><F67/><W11/><G75/><T82/><D116/><U119/><E119/><V4/><F102/><W20/><G34/><T8/><D8/><U76/><E56/><V31/><F31/><W52/><G40/><T47/><D36/><U54/><E54/><V24/><F24/><W92/><G92/><T98/><REACH who="0" step="1"/><D123/><REACH who="0" ten="420,190,190,190" step="2"/><U126/><E3/><V15/><REACH who="2" step="1"/><F104/><REACH who="2" ten="420,190,180,190" step="2"/><W112/><G112/><T63/><D63/><U84/><E0/><V97/><F97/><W135/><G135/><T39/><D39/><U62/><E62/><V95/><F95/><W85/><G9/><T61/><D61/><U106/><E106/><V117/><F117/><W28/><G2/><T91/><D91/><U38/><E38/><V105/><F105/><W25/><G11/><T79/><D79/><U13/><E76/><V30/><F30/><W99/><G99/><T65/><D65/><U29/><E29/><V50/><F50/><W109/><G28/><T43/><D43/><U53/><E42/><V70/><F70/><W124/><G101/><T17/><D17/><U127/><E7/><V68/><F68/><W132/><G6/><T111/><D111/><U44/><E5/><RYUUKYOKU ba="1,2" sc="420,15,190,-15,180,15,190,-15" hai0="32,33,35,45,47,57,58,59,82,83,90,93,98" hai2="4,10,15,19,22,26,49,55,60,66,69,88,89" /><INIT seed="0,2,2,1,1,123" ten="435,175,195,175" oya="0" hai0="122,127,132,28,98,35,12,76,3,15,130,115,6" hai1="25,92,41,65,94,47,5,113,67,11,86,14,50" hai2="57,45,23,97,103,52,80,27,119,36,133,100,51" hai3="7,120,40,124,87,88,69,54,75,18,10,99,70"/><T106/><D76/><U55/><E113/><V135/><F119/><W68/><G75/><T53/><D53/><U81/><E25/><V126/><F126/><W128/><G120/><T31/><D98/><U64/><REACH who="1" step="1"/><E55/><REACH who="1" ten="435,165,195,175" step="2"/><V4/><F135/><W21/><G124/><T109/><D115/><U0/><E0/><V77/><F133/><W95/><G128/><T62/><D3/><U91/><AGARI ba="2,3" hai="5,11,14,41,47,50,64,65,67,81,86,91,92,94" machi="91" ten="30,4000,0" yaku="1,1,0,1,8,1,53,0" doraHai="123" doraHaiUra="29" who="1" fromWho="1" sc="435,-22,165,76,195,-12,175,-12" /><INIT seed="1,0,0,0,1,101" ten="413,241,183,163" oya="1" hai0="82,30,72,7,81,99,41,65,42,114,10,112,17" hai1="131,62,67,97,8,38,14,16,37,76,2,43,103" hai2="60,49,5,32,0,117,9,36,40,59,74,100,66" hai3="52,90,124,44,28,78,48,50,11,53,71,107,61"/><U106/><E131/><V63/><F117/><W86/><G124/><T89/><D30/><U128/><E128/><V1/><F32/><W26/><G78/><T129/><D65/><U77/><E2/><V19/><F19/><W31/><G11/><T91/><D17/><U3/><E3/><V96/><F0/><W18/><G71/><T133/><D99/><U111/><E111/><V118/><F118/><W33/><G61/><T56/><D56/><U122/><E122/><V95/><F74/><W83/><G107/><T70/><D70/><U20/><E43/><V87/><F87/><W134/><G134/><T57/><D57/><U94/><E94/><V15/><F1/><W51/><G51/><T125/><D72/><U98/><E98/><V116/><F116/><W64/><G64/><T126/><D10/><U68/><REACH who="1" step="1"/><E8/><REACH who="1" ten="413,231,183,163" step="2"/><V104/><F95/><W108/><G108/><T58/><D129/><U110/><E110/><V92/><F92/><W22/><REACH who="3" step="1"/><G33/><REACH who="3" ten="413,231,183,153" step="2"/><T123/><D125/><U79/><AGARI ba="0,2" hai="14,16,20,37,38,62,67,68,76,77,79,97,103,106" machi="79" ten="30,11700,0" yaku="1,1,0,1,52,1,54,1,53,0" doraHai="101" doraHaiUra="39" who="1" fromWho="1" sc="413,-39,231,137,183,-39,153,-39" /><INIT seed="1,1,0,2,5,65" ten="374,368,144,114" oya="1" hai0="13,101,121,10,16,41,117,127,19,23,6,83,28" hai1="12,109,27,17,37,89,78,124,5,134,15,40,82" hai2="99,122,49,130,59,88,25,86,95,61,66,31,39" hai3="35,103,79,106,113,69,51,44,98,63,97,3,21"/><U73/><E134/><V135/><F122/><W53/><G113/><T55/><D41/><U47/><E124/><V132/><F39/><W2/><G35/><T1/><D101/><U42/><E42/><V46/><F130/><W52/><G79/><T30/><D117/><U74/><E74/><V118/><F118/><W84/><G84/><T77/><D127/><U18/><E109/><V71/><F59/><W36/><G36/><T45/><D121/><U107/><E107/><V60/><F60/><W32/><G32/><T58/><D19/><U128/><E128/><V76/><F76/><W115/><G115/><T114/><D45/><U80/><E89/><V38/><F99/><W50/><G97/><T70/><D70/><U64/><E82/><V91/><F91/><W90/><G21/><T126/><D114/><U8/><E64/><V7/><F7/><W119/><G90/><T75/><REACH who="0" step="1"/><D126/><REACH who="0" ten="364,368,144,114" step="2"/><U123/><E123/><V110/><F38/><W4/><G119/><T96/><D96/><U120/><E120/><V0/><F135/><W48/><G4/><T100/><D100/><U108/><E108/><V125/><F132/><W20/><G44/><T9/><D9/><U24/><E17/><V112/><F112/><W26/><G69/><T62/><AGARI ba="1,1" hai="1,6,10,13,16,23,28,30,55,58,62,75,77,83" machi="62" ten="20,8000,1" yaku="1,1,0,1,7,1,54,1,53,1" doraHai="65" doraHaiUra="72" who="0" fromWho="0" sc="364,93,368,-41,144,-21,114,-21" /><INIT seed="2,0,0,2,3,88" ten="457,327,123,93" oya="2" hai0="84,68,11,37,54,79,20,26,59,122,82,135,17" hai1="3,123,114,120,16,103,45,22,66,71,12,95,49" hai2="91,93,121,117,86,72,77,29,61,98,69,109,126" hai3="102,133,115,41,40,130,64,32,87,0,46,83,108"/><V56/><F117/><W36/><G108/><T15/><D68/><U44/><E114/><V89/><F121/><N who="1" m="46665" /><E3/><V76/><F109/><W13/><G0/><T30/><D135/><U42/><E66/><V8/><F126/><W124/><G32/><T67/><D37/><U70/><E45/><V19/><F69/><W65/><G133/><T81/><D81/><U132/><E132/><V106/><F29/><W27/><G130/><T53/><D122/><U51/><E51/><V104/><F104/><W127/><G41/><T107/><D107/><U25/><E25/><V57/><F57/><W80/><G80/><T21/><D67/><U116/><E116/><V113/><F113/><W34/><G13/><T58/><D58/><U96/><AGARI ba="0,0" hai="12,16,22,42,44,49,70,71,95,96,103" m="46665" machi="96" ten="30,4000,0" yaku="13,1,52,1,54,1" doraHai="88" who="1" fromWho="1" sc="457,-10,327,40,123,-20,93,-10" /><INIT seed="3,0,0,1,3,108" ten="447,367,103,83" oya="3" hai0="82,8,125,34,75,43,25,127,27,66,93,63,40" hai1="70,90,1,83,110,105,0,135,77,56,7,64,132" hai2="88,48,128,24,44,122,126,32,97,57,73,107,114" hai3="18,14,2,6,13,15,3,111,50,42,116,130,92"/><W33/><G116/><T38/><D93/><U26/><E105/><V74/><F114/><W69/><G69/><T46/><D40/><U28/><E110/><V29/><F128/><W104/><G104/><T89/><D89/><U52/><E90/><V22/><F126/><W61/><G111/><T65/><D65/><U21/><E64/><V102/><F122/><W121/><G121/><T55/><D55/><U71/><E71/><V12/><F57/><W86/><G33/><T106/><D8/><U120/><E120/><V98/><F12/><W79/><G130/><T60/><D60/><U36/><E36/><V85/><F98/><W124/><G124/><T103/><D27/><U16/><E28/><V87/><F87/><W118/><G118/><T41/><D41/><U115/><E115/><V35/><F35/><W131/><G131/><T84/><D84/><N who="1" m="48239" /><E7/><V39/><F39/><W94/><G61/><T117/><D117/><U78/><E78/><V58/><F58/><W20/><G79/><N who="0" m="44415" /><D63/><N who="1" m="36231" /><E70/><V133/><F32/><W49/><G42/><T123/><D66/><U112/><E112/><V109/><F109/><W62/><G62/><T113/><D113/><U45/><E45/><V59/><F59/><W100/><G6/><T31/><D123/><U51/><E51/><N who="3" m="19466" /><G86/><T54/><D54/><U134/><AGARI ba="0,0" hai="0,1,16,21,26,132,134,135" m="36231,48239" machi="134" ten="30,4000,0" yaku="20,1,54,2" doraHai="108" who="1" fromWho="1" sc="447,-10,367,40,103,-10,83,-20" /><INIT seed="4,0,0,3,5,14" ten="437,407,93,63" oya="0" hai0="122,73,109,75,92,3,126,9,27,84,32,86,57" hai1="48,35,83,87,40,111,79,18,65,119,12,0,21" hai2="33,124,74,105,133,46,82,68,63,69,106,50,96" hai3="26,90,127,20,134,117,135,77,15,2,56,66,70"/><T97/><D122/><U39/><E111/><V130/><F133/><W95/><G117/><T4/><D126/><U118/><E39/><V110/><F110/><W61/><G2/><T128/><D109/><U10/><E65/><V132/><F132/><N who="3" m="50731" /><G77/><T71/><D71/><U123/><E123/><V78/><F124/><W60/><G15/><T93/><D93/><U112/><E35/><V36/><F130/><W54/><G127/><T28/><D128/><U125/><E125/><V114/><F114/><W98/><G20/><T91/><REACH who="0" step="1"/><D57/><REACH who="0" ten="427,407,93,63" step="2"/><U5/><E112/><V59/><F69/><W49/><G70/><T17/><D17/><U16/><REACH who="1" step="1"/><E18/><REACH who="1" ten="427,397,93,63" step="2"/><V76/><F68/><W22/><G66/><T120/><D120/><U42/><E42/><V8/><F59/><W52/><G54/><T58/><D58/><U45/><AGARI ba="0,2" hai="0,5,10,12,16,21,40,45,48,79,83,87,118,119" machi="45" ten="30,7900,0" yaku="1,1,0,1,52,1,54,1,53,0" doraHai="14" doraHaiUra="88" who="1" fromWho="1" sc="427,-39,397,99,93,-20,63,-20" /><INIT seed="5,0,0,3,3,91" ten="388,496,73,43" oya="1" hai0="7,117,93,63,114,39,126,20,49,75,115,116,27" hai1="44,98,18,86,6,127,77,76,42,55,51,68,34" hai2="96,135,97,71,15,56,67,48,87,16,57,118,123" hai3="45,23,101,88,32,94,0,36,24,12,9,21,113"/><U69/><E34/><V79/><F118/><W13/><G101/><T52/><D39/><U64/><E6/><V31/><F123/><W60/><G113/><N who="0" m="43019" /><D75/><U73/><E73/><V81/><F135/><W90/><G90/><T74/><D74/><U111/><E127/><V122/><F122/><W103/><G103/><T62/><D7/><U106/><E111/><V129/><F129/><W130/><G130/><T132/><D132/><U133/><E133/><V134/><F31/><W104/><G104/><T10/><D10/><U50/><E18/><V66/><F71/><W82/><G82/><T35/><D35/><U61/><E69/><V92/><F97/><W84/><G0/><T22/><D22/><U95/><E86/><V41/><F41/><W83/><G83/><T100/><D126/><U5/><E5/><V8/><F134/><W58/><G21/><T112/><D116/><U38/><E106/><V26/><F26/><W110/><G9/><T3/><D3/><U29/><E29/><V102/><F56/><W37/><G32/><T119/><D119/><U4/><E4/><V121/><F121/><W72/><G72/><T99/><D117/><U120/><E120/><V125/><F125/><W46/><G36/><T28/><N who="0" m="43027" /><T124/><DORA hai="43" /><D124/><U2/><E2/><V19/><F19/><N who="3" m="12415" /><G37/><T25/><D25/><U128/><E128/><V33/><F33/><W85/><G85/><T80/><D80/><U109/><E109/><V131/><F131/><W108/><G108/><T59/><AGARI ba="0,0" hai="20,27,28,49,52,59,62,63,93,99,100" m="43027" machi="59" ten="40,5200,0" yaku="15,1,52,1,54,1" doraHai="91,43" who="0" fromWho="0" sc="388,52,496,-26,73,-13,43,-13" /><INIT seed="6,0,0,4,0,17" ten="440,470,60,30" oya="2" hai0="46,127,72,115,132,109,27,10,50,67,71,38,118" hai1="82,44,99,80,31,75,90,104,25,16,125,32,18" hai2="59,29,107,48,102,23,79,45,122,66,124,58,0" hai3="68,135,130,35,28,121,39,98,110,100,63,51,108"/><V101/><F122/><W74/><G121/><T5/><D72/><U92/><E125/><V87/><F0/><W93/><G39/><T77/><D77/><U91/><E75/><V76/><F124/><W6/><G130/><T73/><D73/><U96/><E44/><V33/><F33/><W126/><G126/><T128/><D109/><U60/><E60/><N who="2" m="38167" /><F107/><W84/><G74/><T94/><D38/><U9/><E9/><V19/><F29/><W24/><G135/><T62/><D128/><U22/><E18/><V7/><F59/><W42/><G6/><T36/><D36/><U1/><E1/><V34/><F34/><W83/><G42/><T97/><D132/><U13/><E104/><V81/><F79/><W70/><G51/><T85/><D115/><U56/><E56/><V95/><F95/><AGARI ba="0,0" hai="13,16,22,25,31,32,80,82,90,91,92,95,96,99" machi="95" ten="40,5200,0" yaku="9,1,52,1,54,1" doraHai="17" who="1" fromWho="2" sc="440,0,470,52,60,-52,30,0" /><INIT seed="7,0,0,4,5,135" ten="440,522,8,30" oya="3" hai0="89,100,64,62,68,105,127,116,58,117,55,77,67" hai1="49,54,36,51,47,30,107,99,73,75,66,29,111" hai2="113,81,120,37,28,65,40,17,90,132,4,104,61" hai3="128,52,6,71,41,129,133,114,69,34,96,9,72"/><W82/><G34/><T20/><D77/><U18/><E111/><V8/><F132/><W109/><G109/><T131/><D100/><U59/><E36/><V5/><F113/><W7/><G133/><T103/><D103/><U123/><E123/><V19/><F120/><W44/><G96/><T42/><D105/><U93/><E107/><V25/><F104/><W21/><G21/><T11/><D11/><U115/><E115/><V130/><F130/><N who="3" m="50283" /><G114/><T79/><D79/><U70/><E70/><V46/><F81/><W15/><G6/><T53/><D89/><U39/><E39/><V56/><F90/><W86/><G72/><T32/><D20/><U22/><E75/><V57/><F57/><W38/><G52/><N who="0" m="20043" /><D32/><U119/><E73/><V83/><F83/><W23/><G23/><T91/><D91/><N who="1" m="55743" /><E119/><V80/><F80/><W33/><G33/><T63/><D42/><N who="1" m="24823" /><E66/><V48/><F37/><W110/><G110/><T87/><D87/><U134/><E134/><V10/><F28/><W97/><G97/><T0/><D131/><U78/><E78/><AGARI ba="0,0" hai="7,9,15,38,41,44,69,71,78,82,86" m="50283" machi="78" ten="30,1500,0" yaku="19,1" doraHai="135" who="3" fromWho="1" sc="440,0,522,-15,8,0,30,15" /><INIT seed="7,1,0,3,0,9" ten="440,507,8,45" oya="3" hai0="107,66,68,11,42,81,58,132,62,97,96,71,70" hai1="64,65,55,113,23,16,44,67,54,126,109,72,5" hai2="79,18,27,114,120,14,59,112,111,116,57,3,0" hai3="87,117,32,131,92,99,41,103,90,125,20,8,83"/><W84/><G32/><T135/><D107/><U102/><E109/><V121/><F79/><W93/><G117/><T129/><D81/><U56/><E72/><V48/><F116/><W100/><G41/><T53/><D96/><U124/><E5/><V101/><F101/><W47/><G47/><T104/><D97/><U110/><E110/><V46/><F111/><W12/><G131/><T88/><D104/><U127/><E102/><V25/><F46/><W85/><G125/><T33/><D33/><U106/><E106/><V15/><F18/><W38/><G38/><T28/><D28/><U29/><E29/><V130/><F48/><W51/><G51/><T94/><D42/><U115/><E44/><V74/><F74/><W63/><G20/><T30/><D30/><U21/><E21/><V75/><F75/><W122/><G63/><T17/><D66/><U45/><E45/><V105/><F105/><W7/><G122/><T39/><D39/><U77/><E77/><V52/><F52/><N who="1" m="20009" /><E56/><V6/><F6/><W10/><G10/><T73/><D73/><U4/><E4/><V43/><F43/><W78/><G87/><T19/><D129/><AGARI ba="1,0" hai="0,3,14,15,25,27,57,59,112,114,120,121,129,130" machi="129" ten="25,6400,0" yaku="22,2,52,2" doraHai="9" who="2" fromWho="0" sc="440,-67,507,0,8,67,45,0" owari="373,17.3,507,60.7,75,-32.5,45,-45.5" /></mjloggm>