<mjloggm ver="2.3"><GO type="169" lobby="0"/><UN n0="%E3%81%AA%E3%81%BE%E3%81%8B%E3%82%84%E3%81%95%E3%81%AA%E3%81%9F" n1="%E8%82%89%E5%9B%A3%E5%AD%90%E5%85%88%E7%94%9F" n2="%E3%81%9F%E3%81%BE%E5%AD%90" n3="%67%63%40%E6%BF%80%E8%BE%9B" dan="16,16,17,18" rate="2194.71,2068.55,2259.90,2200.78" sx="M,M,M,M"/><TAIKYOKU oya="0"/><INIT seed="0,0,0,3,5,73" ten="250,250,250,250" oya="0" hai0="67,129,96,41,61,93,29,127,134,118,97,116,80" hai1="117,6,20,18,11,30,55,56,69,135,45,62,15" hai2="122,77,19,81,10,48,106,54,8,120,49,22,4" hai3="75,44,111,59,110,105,66,88,43,119,113,34,79"/><T57/><D129/><U17/><E117/><V35/><F106/><W82/><G113/><T2/><D134/><U37/><E135/><V39/><F35/><W123/><G34/><T70/><D127/><U16/><E69/><V60/><F39/><W94/><G105/><T112/><D112/><U13/><E37/><V104/><F60/><W115/><G115/><T58/><D2/><U74/><E74/><V108/><F104/><W76/><G119/><T89/><D29/><U31/><E45/><V25/><F108/><N who="3" m="41515" /><G123/><T36/><D116/><U42/><E42/><V3/><F10/><W101/><G101/><T51/><D118/><U131/><E131/><V99/><F99/><N who="3" m="57799" /><G82/><T26/><D80/><U125/><E125/><V83/><F83/><W53/><G66/><T38/><D26/><U52/><E55/><V71/><F71/><W114/><G75/><T87/><D38/><U7/><E20/><V102/><F102/><W78/><G114/><T1/><D1/><U95/><E95/><V100/><F100/><W124/><G124/><T32/><D32/><U63/><E63/><V68/><F68/><W92/><G92/><T84/><D36/><U9/><AGARI ba="0,0" hai="6,7,9,11,13,15,16,17,18,30,31,52,56,62" machi="9" ten="30,8000,1" yaku="0,1,9,1,8,1,54,2" doraHai="73" who="1" fromWho="1" sc="250,-40,250,80,250,-20,250,-20" /><INIT seed="1,0,0,1,0,118" ten="210,330,230,230" oya="1" hai0="24,4,132,81,76,9,129,68,104,20,47,25,126" hai1="112,34,75,99,100,128,33,5,36,41,119,111,82" hai2="88,120,28,7,48,63,98,12,62,52,90,71,40" hai3="113,35,80,29,26,96,21,109,66,17,130,92,16"/><U74/><E112/><V31/><F40/><W6/><G109/><T55/><D129/><U86/><E119/><V78/><F78/><W59/><G130/><T133/><D126/><U107/><E128/><V61/><F71/><W65/><G113/><T46/><D104/><U89/><E5/><V42/><F42/><W58/><G6/><T77/><D68/><U53/><E111/><V11/><F120/><W51/><G80/><T64/><D64/><N who="3" m="24681" /><G35/><T38/><D55/><U135/><E135/><N who="0" m="51785" /><D38/><U108/><E108/><V49/><F49/><W116/><G116/><T14/><D25/><U102/><E102/><V1/><F1/><W13/><G51/><T72/><D77/><U114/><E114/><V43/><F43/><W56/><G13/><T45/><D45/><U91/><E53/><V2/><F2/><W95/><G95/><T87/><D72/><U10/><E36/><V134/><F134/><W106/><G106/><T30/><AGARI ba="0,0" hai="4,9,14,20,24,30,46,47,76,81,87" m="51785" machi="30" ten="30,1100,0" yaku="20,1" doraHai="118" who="0" fromWho="0" sc="210,11,330,-5,230,-3,230,-3" /><INIT seed="2,0,0,2,5,42" ten="221,325,227,227" oya="2" hai0="78,64,30,132,48,115,9,133,122,119,63,24,58" hai1="126,127,2,83,46,99,123,80,45,124,35,34,93" hai2="10,97,120,106,40,33,79,20,44,16,17,67,76" hai3="77,71,87,3,0,82,28,22,49,13,69,19,38"/><V70/><F120/><W54/><G38/><T1/><D122/><U8/><E123/><V36/><F33/><N who="1" m="12297" /><E8/><V95/><F106/><W41/><G41/><T85/><D115/><U100/><E2/><V68/><F10/><W6/><G28/><T130/><D130/><U14/><E14/><V108/><F108/><W31/><G31/><T84/><D119/><U62/><E62/><V43/><F43/><W52/><G54/><T73/><D73/><U131/><E131/><V116/><F116/><W56/><REACH who="3" step="1"/><G6/><REACH who="3" ten="221,325,227,217" step="2"/><T12/><D30/><U21/><E21/><V74/><F67/><W118/><G118/><T125/><D64/><U72/><E72/><V107/><F74/><W18/><G18/><T102/><D132/><U121/><E121/><V111/><F17/><W128/><G128/><T86/><D133/><U50/><E50/><V25/><F111/><W112/><G112/><T26/><D48/><U66/><E66/><V4/><F4/><W135/><G135/><T65/><D65/><U5/><E5/><V57/><F36/><W88/><G88/><T114/><D114/><U134/><E134/><V113/><F113/><W90/><G90/><T51/><D51/><U89/><E89/><V109/><F109/><W15/><G15/><T129/><D12/><U7/><E7/><V11/><F40/><W117/><G117/><T81/><D129/><U39/><E39/><V103/><F16/><W105/><G105/><T91/><D91/><U61/><E61/><V75/><F107/><W101/><G101/><T104/><D102/><U37/><E37/><V98/><F103/><RYUUKYOKU ba="0,1" sc="221,-15,325,15,227,-15,217,15" hai1="45,46,80,83,93,99,100,124,126,127" hai3="0,3,13,19,22,49,52,56,69,71,77,82,87" /><INIT seed="3,1,1,2,1,77" ten="206,340,212,232" oya="3" hai0="124,84,135,33,105,104,24,107,8,92,16,78,55" hai1="57,64,85,54,7,110,53,111,22,18,88,123,21" hai2="65,86,29,5,120,20,95,40,44,71,59,6,125" hai3="68,72,99,90,81,115,70,13,119,3,1,37,36"/><W42/><G115/><T83/><D135/><U79/><E79/><V52/><F125/><W109/><G13/><T130/><D124/><U34/><E34/><V76/><F120/><W132/><G90/><T66/><D130/><U63/><E7/><V80/><F71/><N who="3" m="27179" /><G99/><T102/><D66/><U15/><E123/><V46/><F65/><W47/><G119/><T10/><D55/><U25/><E22/><V43/><F95/><W28/><G132/><T121/><D121/><U96/><E96/><V0/><F0/><N who="3" m="75" /><G28/><T67/><D67/><U41/><E41/><N who="2" m="15947" /><F6/><W113/><G113/><T94/><D102/><U128/><E128/><V56/><F56/><W131/><G131/><T106/><N who="0" m="26624" /><DORA hai="62" /><T134/><D134/><U126/><E15/><V91/><F91/><W19/><G19/><T2/><D2/><U23/><E23/><V45/><F5/><W93/><G93/><T35/><D35/><U69/><E126/><V9/><F9/><W51/><G51/><T4/><D4/><U38/><E57/><V48/><F20/><W26/><G26/><T17/><D8/><U73/><E25/><V103/><F103/><W133/><G133/><T114/><D114/><U31/><E21/><V116/><F116/><W75/><G109/><T87/><D10/><U74/><E111/><V98/><F98/><W11/><G11/><T14/><D14/><U58/><E110/><V32/><F32/><W101/><G101/><T127/><D127/><U108/><E108/><V112/><F112/><W61/><G37/><T30/><D94/><U129/><E38/><V27/><F27/><RYUUKYOKU ba="1,1" sc="206,15,340,-15,212,15,232,-15" hai0="16,17,24,30,33,78,83,84,87,92" hai2="29,44,45,46,48,52,59,76,80,86" /><INIT seed="4,2,1,2,3,116" ten="221,325,227,217" oya="0" hai0="121,73,46,30,96,59,75,38,43,52,112,100,33" hai1="89,64,102,60,40,83,20,24,94,15,13,86,17" hai2="57,84,45,21,115,123,51,2,69,93,131,109,104" hai3="85,98,114,49,72,105,66,88,76,134,91,74,28"/><T32/><D112/><U10/><E40/><V81/><F109/><W37/><G37/><T11/><D121/><U6/><E102/><V3/><F69/><W9/><G28/><T70/><D70/><U130/><E130/><V39/><F104/><W110/><G66/><T67/><D67/><U0/><REACH who="1" step="1"/><E83/><REACH who="1" ten="221,315,227,217" step="2"/><V47/><F115/><W71/><G114/><T26/><D33/><U113/><E113/><V53/><F39/><W48/><G110/><T23/><D32/><U19/><E19/><V8/><F123/><W80/><G80/><T12/><D100/><U135/><E135/><V16/><F93/><W42/><G42/><T65/><D65/><U95/><E95/><V92/><F92/><W5/><G134/><T78/><D96/><U4/><E4/><V1/><F131/><W35/><G5/><T27/><D27/><U119/><E119/><V133/><F133/><W18/><G35/><T90/><D78/><U111/><E111/><V128/><F128/><W63/><G76/><T61/><REACH who="0" step="1"/><D90/><REACH who="0" ten="211,315,227,217" step="2"/><U132/><E132/><V55/><F81/><W50/><G91/><T108/><D108/><U103/><E103/><V125/><F84/><W124/><G98/><T77/><D77/><U129/><E129/><V87/><F87/><W118/><G118/><T56/><D56/><AGARI ba="2,3" hai="0,6,10,13,15,17,20,24,56,60,64,86,89,94" machi="56" ten="30,2000,0" yaku="1,1,7,1,53,0" doraHai="116" doraHaiUra="122" who="1" fromWho="0" sc="211,-26,315,56,227,0,217,0" /><INIT seed="5,0,0,1,2,84" ten="185,371,227,217" oya="1" hai0="23,81,9,89,80,77,15,115,30,56,67,35,107" hai1="1,125,95,63,74,104,88,113,110,31,42,33,13" hai2="25,76,134,135,58,47,39,46,116,37,4,7,21" hai3="119,65,59,82,16,24,124,52,94,71,123,53,5"/><U22/><E113/><V133/><F116/><W87/><G123/><T41/><D115/><U85/><E74/><V72/><F58/><W44/><G71/><T14/><D107/><U130/><E104/><V86/><F72/><W109/><G109/><T90/><D35/><U50/><E130/><V10/><F76/><W97/><G5/><N who="2" m="2121" /><F10/><W117/><G124/><T68/><D41/><U19/><E1/><V49/><F86/><W36/><G36/><N who="2" m="13897" /><F49/><W69/><G69/><T91/><D68/><U73/><E73/><V93/><F93/><W101/><G65/><T27/><D77/><U118/><E125/><V60/><F60/><W105/><G105/><T48/><D14/><U126/><E126/><V62/><F62/><W103/><G103/><T57/><D67/><U102/><E102/><V51/><F51/><W79/><G44/><T98/><D98/><U83/><E63/><V111/><F111/><W55/><REACH who="3" step="1"/><G59/><REACH who="3" ten="185,371,227,207" step="2"/><N who="0" m="22603" /><D48/><U11/><E50/><V108/><F108/><W18/><G18/><AGARI ba="0,1" hai="9,15,18,23,27,30,80,81,89,90,91" m="22603" machi="18" ten="30,7700,0" yaku="8,1,52,3" doraHai="84" who="0" fromWho="3" sc="185,87,371,0,227,0,207,-77" /><AGARI ba="0,0" hai="18,21,25,46,47,133,134,135" m="13897,2121" machi="18" ten="40,1300,0" yaku="20,1" doraHai="84" who="2" fromWho="3" sc="272,0,371,0,227,13,130,-13" /><INIT seed="6,0,0,4,0,100" ten="272,371,240,117" oya="2" hai0="60,133,45,18,13,46,27,82,99,36,101,56,76" hai1="42,93,55,17,88,78,66,23,108,118,4,61,92" hai2="37,115,19,104,127,113,33,12,65,107,29,123,109" hai3="74,30,59,64,8,28,9,86,72,63,5,1,6"/><V79/><F123/><W48/><G74/><T97/><D133/><U15/><E108/><V128/><F109/><W22/><G72/><T90/><D90/><U24/><E78/><V32/><F37/><W34/><G34/><N who="2" m="13417" /><F29/><W130/><G130/><T84/><D27/><U70/><E42/><V31/><F31/><W112/><G112/><N who="2" m="43081" /><F128/><W40/><G22/><T14/><D36/><U91/><E118/><V126/><F65/><W0/><REACH who="3" step="1"/><G86/><REACH who="3" ten="272,371,240,107" step="2"/><T2/><D84/><U75/><E75/><V87/><F87/><W132/><G132/><T89/><D99/><U105/><E23/><N who="2" m="11751" /><F79/><W124/><G124/><AGARI ba="0,1" hai="104,107,124,126,127" m="11751,43081,13417" machi="124" ten="40,12000,1" yaku="18,1,15,1,52,2" doraHai="100" who="2" fromWho="3" sc="272,0,371,0,240,130,107,-120" owari="272,-12.8,371,47.1,370,17.0,-13,-51.3" /></mjloggm>