<mjloggm ver="2.3"><GO type="169" lobby="0"/><UN n0="%50%73%79%63%68%65" n1="%E9%95%B7%E5%B2%A1" n2="%53%6F%6C%69%74%6F%6E" n3="%E3%83%90%E3%82%AD" dan="17,16,17,16" rate="2120.67,2057.52,2153.03,2119.15" sx="M,M,M,M"/><TAIKYOKU oya="0"/><INIT seed="0,0,0,3,3,102" ten="250,250,250,250" oya="0" hai0="133,113,29,13,85,84,87,67,114,89,33,9,91" hai1="34,106,57,16,7,8,37,111,90,60,104,44,41" hai2="2,1,74,59,126,128,43,127,52,11,98,99,131" hai3="55,24,135,32,5,31,97,103,28,109,68,46,63"/><T19/><D133/><U14/><E111/><V39/><F74/><W82/><G109/><T15/><D67/><U38/><E37/><V94/><F43/><W36/><G135/><T92/><D33/><U73/><E34/><V72/><F72/><W61/><G31/><T116/><D29/><U83/><E7/><V50/><F39/><W40/><G5/><T23/><D116/><U100/><E100/><V88/><F99/><W120/><G120/><T48/><D48/><U132/><E132/><V125/><REACH who="2" step="1"/><F11/><REACH who="2" ten="250,250,240,250" step="2"/><W66/><G55/><T101/><D114/><U17/><E17/><V95/><F95/><W54/><G54/><T96/><REACH who="0" step="1"/><D113/><REACH who="0" ten="240,250,240,250" step="2"/><U21/><E8/><V6/><F6/><AGARI ba="0,2" hai="6,9,13,15,19,23,84,85,87,89,91,92,96,101" machi="6" ten="40,12000,1" yaku="1,1,2,1,8,1,53,2" doraHai="102" doraHaiUra="10" who="0" fromWho="2" sc="240,140,250,0,240,-120,250,0" /><INIT seed="0,1,0,5,4,131" ten="380,250,120,250" oya="0" hai0="1,46,5,18,90,41,103,107,21,113,32,75,62" hai1="91,123,66,48,121,73,117,122,69,47,116,74,79" hai2="60,111,97,45,31,3,100,35,109,115,19,33,105" hai3="88,57,135,37,63,52,76,125,129,29,51,40,6"/><T85/><D113/><U133/><E69/><V82/><F115/><W59/><G129/><T92/><D32/><U55/><E66/><V102/><F3/><W9/><G125/><T38/><D75/><U132/><E91/><V128/><F128/><W110/><G110/><N who="2" m="41993" /><F31/><W56/><G135/><N who="1" m="51786" /><E79/><V112/><F112/><W34/><G76/><T64/><D103/><U44/><E47/><V80/><F100/><W89/><G37/><T77/><D77/><U14/><E14/><V98/><F98/><W16/><G40/><T119/><D119/><AGARI ba="1,0" hai="44,48,55,73,74,116,117,119,121,122,123" m="51786" machi="119" ten="40,8000,1" yaku="20,1,52,3" doraHai="131" who="1" fromWho="0" sc="380,-83,250,83,120,0,250,0" /><INIT seed="1,0,0,4,0,52" ten="297,333,120,250" oya="1" hai0="118,63,134,45,88,102,74,101,4,62,108,94,54" hai1="69,37,113,115,133,40,23,29,105,126,49,68,91" hai2="128,18,132,120,14,26,44,19,42,16,121,78,32" hai3="117,123,83,73,77,107,122,35,51,109,59,98,27"/><U12/><E105/><V67/><F128/><W75/><G109/><T0/><D118/><U53/><E91/><V50/><F132/><W81/><G35/><T6/><D74/><U36/><E12/><V3/><F3/><W127/><G27/><T131/><D108/><U24/><E23/><V13/><F78/><N who="3" m="44239" /><G59/><N who="0" m="35319" /><D0/><U129/><E29/><V22/><F32/><W60/><G51/><T20/><D134/><U135/><E24/><V114/><F114/><N who="1" m="43529" /><E126/><V79/><F79/><W90/><G60/><T21/><D131/><U125/><E125/><V96/><F96/><W99/><G127/><T106/><D106/><U111/><E129/><V1/><F1/><W56/><G56/><T17/><D21/><U72/><E72/><V2/><F2/><W25/><G117/><T33/><D33/><U48/><E111/><V124/><F67/><W116/><G116/><T41/><D6/><U10/><E135/><V31/><REACH who="2" step="1"/><F124/><REACH who="2" ten="297,333,110,250" step="2"/><W58/><G77/><T7/><D102/><U34/><E34/><V15/><AGARI ba="0,1" hai="13,14,15,16,18,19,22,26,31,42,44,50,120,121" machi="15" ten="30,7900,0" yaku="1,1,2,1,0,1,54,1,53,0" doraHai="52" doraHaiUra="65" who="2" fromWho="2" sc="297,-20,333,-39,110,89,250,-20" /><INIT seed="2,0,0,3,4,85" ten="277,294,199,230" oya="2" hai0="82,2,120,75,83,70,46,101,63,42,121,52,10" hai1="80,16,134,34,28,53,127,112,89,132,124,81,15" hai2="13,105,91,43,111,69,97,100,123,29,99,88,24" hai3="58,66,62,45,125,113,60,78,48,7,50,61,44"/><V68/><F123/><W128/><G78/><T27/><D101/><U104/><E104/><V32/><F43/><N who="3" m="24607" /><G7/><T67/><D27/><N who="1" m="18719" /><E112/><V117/><F117/><W55/><G113/><T47/><D83/><N who="1" m="31819" /><E53/><V93/><F111/><W5/><G5/><N who="0" m="1335" /><D52/><U73/><E89/><V57/><F57/><N who="3" m="37135" /><G128/><T133/><D47/><U30/><E30/><V37/><F37/><W115/><G125/><N who="1" m="48202" /><E73/><V9/><REACH who="2" step="1"/><F91/><REACH who="2" ten="277,294,189,230" step="2"/><W40/><G115/><T131/><D121/><U49/><E49/><AGARI ba="0,1" hai="40,45,49,50,55,58,61,62" m="37135,24607" machi="49" ten="30,12000,2" yaku="8,1,35,5" doraHai="85" who="3" fromWho="1" sc="277,0,294,-120,189,0,230,130" /><INIT seed="3,0,0,2,0,2" ten="277,174,189,360" oya="3" hai0="42,77,90,28,78,79,52,132,55,44,20,103,57" hai1="11,128,27,126,4,31,74,16,121,75,19,89,14" hai2="60,1,99,51,35,6,73,69,29,101,129,24,130" hai3="83,33,3,64,47,119,118,96,17,68,80,86,39"/><W5/><G33/><T105/><D132/><U102/><E121/><V15/><F15/><W98/><G68/><T111/><D111/><U134/><E134/><V0/><F73/><W7/><G64/><T21/><D103/><U82/><E128/><N who="2" m="49259" /><F51/><W66/><G66/><T91/><D105/><U106/><E126/><V107/><F6/><N who="3" m="2059" /><G3/><T53/><D57/><U56/><E56/><V10/><F10/><W63/><G39/><T81/><D28/><U85/><E74/><V87/><F87/><W133/><G133/><T41/><D81/><N who="3" m="31305" /><G86/><T115/><D115/><U100/><E75/><V95/><F95/><W40/><G63/><T109/><D109/><U18/><REACH who="1" step="1"/><E106/><REACH who="1" ten="277,164,189,360" step="2"/><V113/><F113/><W23/><G119/><T48/><REACH who="0" step="1"/><D42/><REACH who="0" ten="267,164,189,360" step="2"/><U71/><E71/><V93/><F107/><W58/><G58/><T84/><D84/><U50/><E50/><V114/><F114/><W92/><G118/><T112/><D112/><U88/><E88/><AGARI ba="0,2" hai="20,21,41,44,48,52,53,55,77,78,79,88,90,91" machi="88" ten="40,8000,1" yaku="1,1,8,1,54,2,53,1" doraHai="2" doraHaiUra="36" who="0" fromWho="1" sc="267,100,164,-80,189,0,360,0" /><INIT seed="4,0,0,4,0,16" ten="367,84,189,360" oya="0" hai0="5,74,131,107,133,63,59,112,90,12,126,100,13" hai1="105,104,119,46,85,45,128,97,61,117,89,134,19" hai2="91,69,41,57,125,110,25,24,17,51,84,53,81" hai3="127,21,7,23,70,28,106,83,40,60,116,54,77"/><T43/><D74/><U96/><E61/><V48/><F110/><W120/><G116/><N who="1" m="44618" /><E19/><V124/><F69/><W8/><G106/><N who="1" m="41066" /><E46/><N who="2" m="25679" /><F17/><W26/><G127/><AGARI ba="0,0" hai="24,25,51,53,57,81,84,91,124,125,127" m="25679" machi="127" ten="30,1000,0" yaku="18,1" doraHai="16" who="2" fromWho="3" sc="367,0,84,0,189,10,360,-10" /><INIT seed="5,0,0,3,1,29" ten="367,84,199,350" oya="1" hai0="76,123,37,112,121,51,111,101,130,128,96,42,115" hai1="66,54,97,34,125,63,0,119,122,40,17,70,59" hai2="47,49,105,99,132,90,44,57,74,117,124,22,100" hai3="131,26,20,35,79,46,32,13,50,114,62,19,113"/><U31/><E119/><V109/><F117/><W25/><G79/><T134/><D37/><U36/><E122/><N who="0" m="46601" /><D42/><U38/><E125/><V39/><F109/><W71/><G131/><N who="0" m="50219" /><D51/><U72/><E72/><V94/><F74/><W2/><G2/><T78/><D111/><U133/><E133/><V8/><F124/><W6/><G6/><T30/><D30/><U89/><E0/><V73/><F73/><W98/><G98/><T67/><D67/><U5/><E5/><V103/><F132/><W84/><G84/><T61/><D61/><U81/><E17/><V55/><F105/><W82/><G82/><T28/><D28/><U41/><E38/><V135/><F8/><W91/><G91/><T60/><D60/><U102/><E36/><V33/><F33/><N who="3" m="12875" /><G62/><T92/><D134/><U106/><E89/><V16/><F39/><W86/><G86/><T107/><D107/><U116/><E116/><V15/><F135/><W129/><G129/><T4/><D4/><U85/><E54/><V77/><F77/><AGARI ba="0,0" hai="76,77,78,92,96,101,112,115" m="50219,46601" machi="77" ten="40,8000,1" yaku="13,1,19,1,34,2" doraHai="29" who="0" fromWho="2" sc="367,80,84,0,199,-80,350,0" /><INIT seed="6,0,0,2,2,115" ten="447,84,119,350" oya="2" hai0="48,63,61,109,23,8,42,5,87,41,75,30,120" hai1="132,33,70,74,104,100,54,133,130,2,134,124,56" hai2="16,22,129,118,28,83,97,45,35,58,21,76,53" hai3="114,116,135,11,24,91,90,93,52,10,13,66,77"/><V119/><F35/><W105/><G105/><T89/><D75/><U50/><E33/><V27/><F45/><W94/><G135/><T86/><D109/><U32/><E32/><V1/><F1/><W43/><G116/><T111/><D111/><U17/><E74/><V80/><F97/><W81/><G114/><T15/><D120/><U112/><E112/><V7/><F7/><W71/><G43/><N who="0" m="16395" /><D48/><U98/><E124/><V20/><F129/><W49/><G66/><T6/><D6/><U39/><E130/><V9/><F9/><W4/><G71/><T113/><D113/><U101/><E39/><V55/><F21/><W103/><G24/><N who="0" m="16671" /><D87/><U40/><E70/><V106/><F106/><W34/><G34/><T82/><AGARI ba="0,0" hai="5,8,15,61,63,82,86,89" m="16671,16395" machi="82" ten="30,1100,0" yaku="8,1" doraHai="115" who="0" fromWho="0" sc="447,11,84,-3,119,-5,350,-3" /><INIT seed="7,0,0,1,2,102" ten="458,81,114,347" oya="3" hai0="70,63,66,25,46,14,131,68,117,125,15,127,21" hai1="22,120,42,103,38,100,35,31,92,86,106,78,47" hai2="12,56,101,89,129,27,105,118,99,2,126,107,44" hai3="28,76,24,48,84,82,4,29,64,51,111,20,134"/><W133/><G111/><T6/><D117/><U104/><E120/><V8/><F118/><W53/><G4/><T32/><D32/><U73/><E35/><V43/><F2/><W69/><G48/><T93/><D70/><U124/><E73/><V5/><F129/><W121/><G121/><T45/><D93/><U17/><E31/><V39/><F126/><N who="0" m="48138" /><D131/><U79/><E124/><V50/><F89/><W83/><G29/><N who="0" m="17583" /><D6/><U59/><E100/><V19/><F56/><W55/><G83/><T40/><D46/><U75/><E75/><V108/><F108/><W13/><G13/><T26/><D26/><U81/><E59/><V18/><F39/><AGARI ba="0,0" hai="14,15,39,40,45,63,66,68" m="17583,48138" machi="39" ten="30,1000,0" yaku="18,1" doraHai="102" who="0" fromWho="2" sc="458,10,81,0,114,-10,347,0" owari="468,56.8,81,-41.9,104,-29.6,347,14.7" /></mjloggm>