<mjloggm ver="2.3"><GO type="169" lobby="0"/><UN n0="%E7%B4%AB%E3%81%AE%E9%8F%A1" n1="%54%6F%72%75" n2="%E5%AE%8C%E5%85%A8%E5%AE%89%E7%89%8C" n3="%63%68%69%73%73" dan="17,18,17,16" rate="2143.97,2300.09,2173.97,2193.76" sx="M,M,M,M"/><TAIKYOKU oya="0"/><INIT seed="0,0,0,1,3,124" ten="250,250,250,250" oya="0" hai0="134,59,87,135,100,1,2,22,103,9,111,122,47" hai1="16,45,73,132,96,101,77,65,94,82,41,38,115" hai2="46,89,63,60,106,12,5,54,67,120,44,90,102" hai3="10,85,17,66,91,20,92,76,31,57,80,19,27"/><T36/><D122/><U13/><E132/><N who="0" m="50729" /><D111/><U35/><E35/><V18/><F120/><W110/><G110/><T24/><D59/><U64/><REACH who="1" step="1"/><E115/><REACH who="1" ten="250,240,250,250" step="2"/><V53/><F106/><W15/><G66/><T70/><D70/><U50/><E50/><V3/><F67/><W8/><G57/><T40/><D87/><U93/><E93/><V123/><F123/><W30/><REACH who="3" step="1"/><G8/><AGARI ba="0,1" hai="8,13,16,38,41,45,64,65,73,77,82,94,96,101" machi="8" ten="30,3900,0" yaku="1,1,7,1,54,1,53,0" doraHai="124" doraHaiUra="109" who="1" fromWho="3" sc="250,0,240,49,250,0,250,-39" /><INIT seed="1,0,0,1,2,124" ten="250,289,250,211" oya="1" hai0="117,58,18,103,46,113,87,68,122,112,75,60,82" hai1="106,41,73,120,129,98,97,90,52,61,37,1,72" hai2="85,10,19,16,11,53,12,133,111,62,51,86,101" hai3="71,81,59,114,89,131,63,30,42,36,38,56,91"/><U123/><E1/><V29/><F111/><W7/><G114/><T23/><D117/><U109/><E37/><V44/><F133/><W13/><G30/><T127/><D68/><U14/><E41/><V17/><F29/><W57/><G7/><T66/><D127/><U26/><E14/><V45/><F101/><W43/><G81/><T34/><D34/><U8/><E8/><V100/><F100/><W25/><G13/><T92/><D75/><U0/><E0/><V77/><F77/><W5/><G25/><T65/><D65/><U135/><E61/><V3/><F3/><W125/><G5/><T119/><D119/><U32/><E52/><N who="2" m="29799" /><F11/><W93/><G125/><T2/><D2/><U78/><E90/><V80/><F62/><W24/><G24/><T67/><D67/><U107/><E26/><V95/><F95/><W76/><G76/><T47/><D113/><U64/><E64/><V69/><F69/><W50/><G63/><T84/><D112/><U83/><E78/><N who="2" m="46231" /><F86/><W33/><G71/><T27/><D87/><U20/><E83/><V94/><F94/><W99/><G33/><T130/><D82/><U134/><E32/><V15/><F15/><W21/><G93/><T4/><D66/><U40/><E109/><V121/><F121/><W118/><G118/><T39/><D122/><U108/><E108/><V28/><F28/><W55/><G89/><T70/><D70/><U126/><E126/><V6/><F6/><W31/><G31/><T54/><D4/><U74/><E123/><V105/><F105/><W115/><G115/><T22/><D60/><RYUUKYOKU ba="0,0" sc="250,-10,289,-10,250,30,211,-10" hai2="10,12,16,17,19,45,53" /><INIT seed="2,1,0,1,1,50" ten="240,279,280,201" oya="2" hai0="115,107,29,33,109,45,41,116,96,74,89,40,92" hai1="106,5,81,25,52,121,113,94,55,118,80,71,68" hai2="34,73,42,72,6,91,53,122,32,125,111,8,130" hai3="110,61,28,0,56,87,75,78,27,86,114,108,39"/><V30/><F122/><W37/><G0/><T36/><D115/><U98/><E113/><V48/><F130/><W112/><G75/><T12/><D109/><U18/><E118/><V104/><F125/><W127/><G127/><T123/><D123/><U90/><E121/><V15/><F104/><W38/><G78/><T82/><D116/><U57/><E106/><V88/><F42/><W76/><G76/><T95/><D40/><U24/><E5/><V132/><F132/><W2/><G2/><T22/><D107/><U85/><E81/><V10/><F111/><N who="3" m="42539" /><G114/><T131/><D131/><U35/><E24/><V51/><F15/><W129/><G129/><T14/><D33/><U120/><E120/><V26/><F26/><W124/><G124/><T58/><D92/><U93/><E93/><V119/><F30/><W63/><G63/><T62/><D82/><U19/><E19/><V83/><F83/><W9/><G9/><T11/><D11/><U128/><E128/><V59/><F59/><W101/><G101/><T135/><D74/><U47/><E47/><V3/><F3/><W100/><G100/><T97/><D135/><U64/><E68/><V43/><F43/><W46/><G46/><T17/><D29/><N who="1" m="19887" /><E18/><V70/><F70/><W84/><G112/><T4/><D17/><U67/><E71/><V126/><F126/><W23/><G39/><T117/><D36/><U99/><E57/><V20/><F119/><W105/><G105/><T69/><D69/><U133/><E133/><V103/><F72/><W13/><G13/><T49/><D117/><U44/><E44/><RYUUKYOKU ba="1,0" sc="240,-10,279,-10,280,-10,201,30" hai3="23,27,28,37,38,56,61,84,86,87" /><INIT seed="3,2,0,4,3,98" ten="230,269,270,231" oya="3" hai0="133,79,127,60,80,26,27,110,30,14,8,90,89" hai1="108,22,25,10,57,23,32,126,11,2,52,86,118" hai2="112,36,122,102,33,62,53,115,124,111,120,123,91" hai3="119,18,0,50,134,13,54,84,61,78,20,64,96"/><W4/><G134/><T38/><D38/><U21/><E108/><V113/><F33/><W47/><G119/><T128/><D110/><U3/><E126/><V37/><F111/><W95/><G0/><T71/><D127/><U74/><E74/><V49/><F124/><W31/><G4/><T44/><D133/><U42/><E42/><V67/><F91/><W17/><G78/><T66/><D44/><U39/><E39/><V106/><F102/><W75/><G84/><T97/><D97/><U19/><E118/><V131/><F106/><W100/><G75/><T83/><D26/><U81/><E32/><V77/><F77/><W24/><REACH who="3" step="1"/><G13/><REACH who="3" ten="230,269,270,221" step="2"/><T58/><D79/><N who="1" m="46399" /><E3/><V43/><F131/><W116/><G116/><T68/><D14/><N who="1" m="7639" /><E2/><V1/><F1/><W5/><G5/><T103/><D128/><U82/><E82/><V132/><F132/><W15/><G15/><T59/><D80/><U56/><E25/><V121/><F121/><W117/><G117/><T34/><D27/><U28/><E28/><V101/><F122/><W104/><G104/><T94/><D30/><U125/><E125/><V135/><F135/><W45/><G45/><T130/><D83/><U107/><E107/><V41/><F120/><W73/><G73/><T70/><D130/><U76/><E76/><V16/><F123/><W69/><AGARI ba="2,1" hai="17,18,20,24,31,47,50,54,61,64,69,95,96,100" machi="69" ten="20,7800,0" yaku="1,1,0,1,7,1,52,1,53,0" doraHai="98" doraHaiUra="72" who="3" fromWho="3" sc="230,-28,269,-28,270,-28,221,94" /><INIT seed="3,3,0,1,5,124" ten="202,241,242,315" oya="3" hai0="50,104,101,131,48,112,66,2,46,39,78,56,28" hai1="30,111,35,105,96,88,90,118,53,9,59,67,8" hai2="51,18,14,94,58,61,102,77,86,120,126,44,72" hai3="13,26,84,43,123,110,31,115,81,12,82,107,40"/><W11/><G115/><T79/><D2/><U97/><E111/><V7/><F126/><W16/><G123/><T95/><D104/><U87/><E67/><V60/><F72/><W54/><G107/><T125/><D39/><U91/><E118/><V99/><F7/><W27/><G110/><T0/><D0/><U89/><E35/><V133/><F133/><W132/><G132/><T93/><D125/><U80/><E30/><V127/><F120/><W129/><G54/><T52/><D112/><U17/><E17/><V33/><F33/><W20/><G129/><T36/><D36/><U116/><E116/><V128/><F128/><W57/><G57/><T49/><D66/><U109/><E109/><V108/><F58/><W114/><G114/><T32/><D131/><U69/><E69/><V47/><F47/><W65/><G65/><T62/><D46/><U75/><E75/><V135/><F135/><W100/><G100/><T23/><D32/><U15/><E15/><V5/><F5/><W85/><G13/><T38/><D38/><U3/><E3/><V68/><F68/><W34/><G27/><N who="0" m="16511" /><D101/><U25/><E25/><V83/><F108/><W74/><G34/><T70/><D70/><U71/><E71/><V117/><F117/><W29/><G29/><T130/><D130/><U121/><E121/><V122/><F122/><W41/><REACH who="3" step="1"/><G74/><REACH who="3" ten="202,241,242,305" step="2"/><T19/><D19/><U1/><E1/><V119/><F127/><W98/><G98/><N who="1" m="37994" /><E105/><V42/><REACH who="2" step="1"/><F119/><REACH who="2" ten="202,241,232,305" step="2"/><W55/><G55/><T21/><D52/><U92/><E92/><V63/><F63/><AGARI ba="3,2" hai="8,9,53,59,63,80,87,88,89,90,91" m="37994" machi="63" ten="30,2000,0" yaku="8,1,54,1" doraHai="124" who="1" fromWho="2" sc="202,0,241,49,232,-29,305,0" /><INIT seed="4,0,0,5,3,107" ten="202,290,203,305" oya="0" hai0="33,100,133,80,6,52,69,29,90,109,25,95,116" hai1="118,58,28,12,83,35,24,121,66,61,129,114,18" hai2="46,110,128,108,97,30,82,103,47,93,115,78,21" hai3="1,91,59,5,56,43,16,8,98,11,101,70,42"/><T117/><D69/><U4/><E118/><V74/><F115/><W75/><G70/><T99/><D133/><U96/><E121/><V19/><F30/><W127/><G75/><T44/><D109/><U27/><E114/><V132/><F128/><W62/><G91/><T88/><D6/><U37/><E129/><V23/><F23/><W122/><G59/><T31/><D31/><U20/><E37/><V87/><F132/><W111/><G127/><T130/><D130/><U105/><E83/><V3/><F3/><W51/><G51/><T104/><D80/><U55/><E105/><V17/><F17/><W9/><G9/><T72/><D72/><U135/><E135/><V77/><F77/><W53/><G122/><T64/><D64/><U67/><E4/><V113/><F87/><W102/><G102/><T22/><D33/><U134/><E134/><V0/><F0/><W13/><G111/><T71/><D71/><U79/><E79/><V89/><F113/><W34/><REACH who="3" step="1"/><G34/><REACH who="3" ten="202,290,203,295" step="2"/><T14/><D90/><U7/><E35/><V131/><F131/><W60/><G60/><T124/><D124/><U10/><E58/><V63/><F63/><W48/><G48/><N who="0" m="28679" /><D117/><U32/><E32/><V112/><F112/><W15/><G15/><T126/><D126/><U120/><E12/><N who="2" m="9447" /><F89/><W26/><G26/><T106/><D116/><U73/><E73/><V94/><F108/><W57/><G57/><T50/><D14/><U123/><E27/><V40/><F110/><W65/><G65/><T54/><D88/><U92/><E67/><V84/><F40/><W125/><G125/><RYUUKYOKU ba="0,1" sc="202,10,290,-30,203,10,295,10" hai0="22,25,29,50,54,95,99,100,104,106" hai2="46,47,74,78,82,84,93,94,97,103" hai3="1,5,8,11,13,16,42,43,53,56,62,98,101" /><INIT seed="4,1,1,4,5,108" ten="212,260,213,305" oya="0" hai0="40,6,96,41,71,83,74,30,127,5,98,48,34" hai1="103,9,120,50,126,90,113,15,12,65,52,125,37" hai2="110,63,23,131,132,82,85,129,109,73,84,24,68" hai3="134,76,20,91,55,114,43,26,28,1,42,3,89"/><T35/><D71/><U95/><E37/><V77/><F68/><W116/><G116/><T99/><D127/><N who="1" m="48651" /><E120/><V112/><F63/><W115/><G76/><T87/><D74/><U105/><E65/><V51/><F51/><W54/><G134/><T106/><D106/><U0/><E103/><V61/><F61/><W135/><G135/><T45/><D40/><U32/><E32/><V59/><F59/><W21/><G26/><T31/><D34/><U17/><E105/><V27/><F27/><W60/><G60/><T124/><D124/><U16/><E0/><V88/><F132/><W56/><G56/><T86/><D35/><U29/><E29/><AGARI ba="1,1" hai="1,3,20,21,28,29,42,43,54,55,89,91,114,115" machi="29" ten="25,6400,0" yaku="22,2,52,2" doraHai="108" who="3" fromWho="1" sc="212,0,260,-67,213,0,305,77" /><INIT seed="5,0,0,2,1,125" ten="212,193,213,382" oya="1" hai0="45,4,117,110,64,38,29,116,108,94,81,18,41" hai1="68,85,123,1,10,99,49,51,77,89,107,0,91" hai2="67,69,134,48,135,60,132,101,118,129,115,127,16" hai3="131,25,120,35,9,53,128,11,71,96,30,8,39"/><U14/><E123/><V80/><F118/><N who="0" m="45674" /><D94/><U73/><E68/><V46/><F127/><W55/><G120/><T5/><D81/><U100/><E77/><V42/><F115/><W23/><G71/><T113/><D18/><U21/><E73/><V15/><F101/><W17/><G39/><T119/><D29/><U70/><E70/><V102/><F102/><W52/><G96/><T43/><D4/><U112/><E21/><N who="2" m="11423" /><F80/><W103/><REACH who="3" step="1"/><G103/><REACH who="3" ten="212,193,213,372" step="2"/><T72/><D38/><U76/><E112/><V84/><F84/><W122/><G122/><T63/><D119/><U104/><E104/><V20/><F20/><W27/><AGARI ba="0,1" hai="8,9,11,17,23,25,27,30,35,52,53,55,128,131" machi="27" ten="40,8000,1" yaku="1,1,0,1,52,2,54,1,53,0" doraHai="125" doraHaiUra="47" who="3" fromWho="3" sc="212,-20,193,-40,213,-20,372,90" /><INIT seed="6,0,0,3,3,105" ten="192,153,193,462" oya="2" hai0="119,50,59,9,132,131,92,25,42,16,66,91,37" hai1="3,73,18,55,47,23,117,98,100,63,122,27,56" hai2="94,93,22,114,53,46,58,81,116,97,121,34,1" hai3="112,99,106,82,104,14,107,103,20,33,60,128,15"/><V87/><F116/><W29/><G33/><T21/><D37/><U68/><E117/><V51/><F121/><W44/><G128/><T102/><D119/><U89/><E122/><V110/><F34/><W48/><G112/><T52/><D131/><U88/><E3/><V57/><F114/><W90/><G60/><N who="0" m="38175" /><D132/><U10/><E68/><V38/><F110/><W80/><G90/><T12/><D42/><U96/><E73/><V125/><F1/><W2/><G15/><T109/><D109/><U19/><E47/><V75/><F125/><W123/><G44/><N who="0" m="27719" /><D102/><U41/><E41/><V85/><F38/><W108/><G82/><T70/><D70/><U71/><E71/><V65/><F75/><W43/><G20/><T13/><D9/><U83/><E83/><V5/><F22/><W95/><G29/><T62/><D62/><U124/><E124/><V133/><F133/><W79/><G99/><AGARI ba="0,0" hai="12,13,16,21,25,91,92,99" m="27719,38175" machi="99" ten="30,3900,0" yaku="8,1,54,2" doraHai="105" who="0" fromWho="3" sc="192,39,153,0,193,0,462,-39" /><INIT seed="7,0,0,5,3,108" ten="231,153,193,423" oya="3" hai0="73,34,50,30,126,63,68,99,13,84,15,87,16" hai1="92,130,12,111,24,67,8,49,55,31,48,21,42" hai2="10,133,11,88,103,78,95,104,65,23,66,5,101" hai3="76,110,74,69,121,96,114,58,98,61,72,9,1"/><W64/><G98/><T62/><D73/><U116/><E130/><V115/><F115/><W60/><G96/><T4/><D4/><U25/><E111/><V20/><F133/><W122/><G114/><T91/><D50/><U86/><E116/><V93/><F104/><W71/><G9/><N who="2" m="3081" /><F78/><W38/><G76/><T124/><D99/><U18/><E67/><N who="2" m="25611" /><F5/><W97/><G97/><T94/><D84/><U47/><E25/><V127/><F127/><W53/><G58/><T22/><D13/><U102/><E102/><N who="2" m="38923" /><F88/><W29/><G53/><T3/><D3/><U90/><REACH who="1" step="1"/><E49/><REACH who="1" ten="231,143,193,423" step="2"/><V32/><F32/><W85/><G110/><T112/><D34/><U56/><E56/><V120/><F120/><W119/><G121/><T37/><D126/><U46/><E46/><V17/><F17/><W45/><G122/><T80/><D16/><U128/><E128/><V6/><F6/><W81/><G119/><T134/><D124/><U44/><E44/><V14/><F14/><W40/><G1/><T27/><D15/><U79/><E79/><V106/><F106/><W117/><G117/><T129/><D27/><U118/><E118/><V39/><F39/><W7/><G38/><T89/><D37/><U19/><E19/><V70/><F70/><W57/><G69/><T132/><D68/><U36/><E36/><V113/><F113/><W109/><G71/><T83/><D112/><U33/><E33/><V59/><F59/><W105/><G57/><T125/><D125/><U0/><E0/><V52/><F52/><AGARI ba="0,1" hai="8,12,18,21,24,31,42,47,48,52,55,86,90,92" machi="52" ten="40,5200,0" yaku="1,1,8,1,54,1,53,0" doraHai="108" doraHaiUra="75" who="1" fromWho="2" sc="231,0,143,62,193,-52,423,0" owari="231,3.1,205,-19.5,141,-35.9,423,52.3" /></mjloggm>