<mjloggm ver="2.3"><GO type="169" lobby="0"/><UN n0="%E3%81%A4%E3%81%8B%E3%82%93%E3%81%BD%E3%81%A3" n1="%E3%81%B6%E3%83%BC%E3%81%95%E3%82%93%E3%81%AE%E4%BC%91%E6%81%AF%E2%99%AA" n2="%6B%E3%81%AE" n3="%78%78%E3%81%9D%E3%81%B0" dan="17,16,17,16" rate="2181.07,2138.64,2228.33,2111.64" sx="F,M,M,M"/><TAIKYOKU oya="0"/><INIT seed="0,0,0,0,3,70" ten="250,250,250,250" oya="0" hai0="67,87,98,47,126,21,28,40,48,96,118,4,44" hai1="103,17,52,132,75,37,61,100,89,26,58,122,101" hai2="69,43,99,32,65,128,8,57,6,12,83,27,94" hai3="30,16,90,63,97,95,18,117,130,56,110,51,13"/><T105/><D118/><U134/><E122/><V45/><F128/><W68/><G68/><T7/><D126/><U107/><E75/><V85/><F69/><W15/><G110/><T74/><D74/><U111/><E111/><V60/><F32/><W33/><G130/><T41/><D67/><U120/><E120/><V24/><F99/><W46/><G117/><T112/><D112/><U88/><E107/><V124/><F94/><W77/><G77/><T91/><D4/><U80/><E37/><V73/><F73/><W10/><G30/><T72/><D7/><U53/><E53/><V115/><F124/><W29/><G29/><T129/><D72/><U5/><E5/><V14/><F14/><W84/><G33/><T59/><D59/><U109/><E109/><V116/><F115/><W42/><G84/><T1/><D1/><U66/><E66/><V31/><F31/><W119/><G119/><T64/><D64/><U79/><E79/><V108/><F108/><W86/><G86/><T114/><D114/><U2/><E2/><V20/><F20/><W81/><G81/><N who="0" m="49647" /><D105/><U125/><E125/><V127/><F116/><W92/><G92/><T3/><D3/><U123/><E123/><V35/><F35/><W78/><G78/><T102/><D102/><U11/><E80/><V54/><F65/><W49/><G56/><T133/><D129/><U50/><E61/><V121/><F121/><W76/><G76/><T113/><D113/><U38/><E58/><V22/><F127/><W82/><G63/><T55/><D28/><U23/><E103/><V131/><F57/><RYUUKYOKU ba="0,0" sc="250,0,250,0,250,0,250,0" /><INIT seed="1,1,0,4,2,43" ten="250,250,250,250" oya="1" hai0="118,3,18,120,96,13,126,63,93,135,119,82,58" hai1="68,44,132,102,12,26,2,62,54,117,100,15,115" hai2="122,94,78,20,111,50,41,4,64,113,55,38,29" hai3="65,16,39,89,125,31,17,30,5,105,49,97,110"/><U60/><E2/><V76/><F122/><W108/><G39/><T27/><D3/><U107/><E115/><V42/><F111/><N who="3" m="42539" /><G5/><T90/><D126/><U57/><E132/><V19/><F29/><N who="3" m="10763" /><G65/><T67/><D135/><U112/><E117/><V133/><F133/><W22/><G125/><T74/><D27/><U114/><E26/><V131/><F131/><W127/><G127/><T101/><D120/><U56/><E107/><V81/><F4/><W91/><G49/><T24/><D24/><U129/><E54/><V134/><F134/><W69/><G69/><T36/><D36/><U46/><REACH who="1" step="1"/><E68/><REACH who="1" ten="250,240,250,250" step="2"/><V130/><F113/><W25/><G17/><T123/><D123/><U45/><E45/><V86/><F55/><W85/><G85/><T77/><D119/><U87/><E87/><V95/><F86/><W61/><G105/><T51/><D118/><U128/><AGARI ba="1,1" hai="12,15,44,46,56,57,60,62,100,102,112,114,128,129" machi="128" ten="25,24000,3" yaku="1,1,0,1,22,2,52,2,53,2" doraHai="43" doraHaiUra="8" who="1" fromWho="1" sc="250,-81,240,253,250,-81,250,-81" /><INIT seed="1,2,0,2,0,92" ten="169,493,169,169" oya="1" hai0="6,57,17,0,132,70,58,21,13,48,7,2,37" hai1="106,116,42,101,124,94,103,130,38,64,123,91,5" hai2="90,8,107,54,50,59,39,15,112,43,113,56,104" hai3="110,121,41,120,95,131,76,93,114,61,14,3,52"/><U36/><E64/><V133/><F133/><W51/><G3/><T134/><D37/><U27/><E5/><N who="0" m="1545" /><D70/><U88/><E27/><V49/><F39/><W129/><G76/><T10/><D48/><U78/><E42/><V89/><F15/><W98/><G41/><T125/><D57/><U77/><E94/><V102/><F8/><W40/><G40/><T62/><D58/><U45/><E124/><V55/><F43/><W23/><G61/><T122/><D62/><U20/><E20/><V117/><REACH who="2" step="1"/><F102/><REACH who="2" ten="169,493,159,169" step="2"/><N who="3" m="60751" /><G121/><T109/><D122/><U128/><E123/><V99/><F99/><W108/><G120/><T24/><D125/><U75/><E116/><AGARI ba="2,1" hai="49,50,54,55,56,59,89,90,104,107,112,113,116,117" machi="116" ten="25,3200,0" yaku="1,1,22,2,53,0" doraHai="92" doraHaiUra="1" who="2" fromWho="1" sc="169,0,493,-38,159,48,169,0" /><INIT seed="2,0,0,5,1,47" ten="169,455,207,169" oya="2" hai0="90,76,98,79,97,89,26,29,46,52,0,86,51" hai1="128,57,105,1,78,111,14,112,17,102,25,5,34" hai2="96,58,24,2,28,13,77,68,12,27,125,60,131" hai3="50,40,70,110,43,8,67,4,45,69,23,122,37"/><V39/><F2/><W83/><G122/><T59/><D0/><U66/><E78/><V62/><F39/><W133/><G133/><T134/><D134/><U82/><E82/><V91/><F131/><W130/><G110/><T15/><D15/><U84/><E111/><V3/><F3/><W92/><G23/><N who="0" m="15583" /><D90/><U109/><E84/><V64/><F77/><N who="0" m="29770" /><D59/><U35/><E105/><V19/><F125/><W126/><G37/><T118/><D118/><U18/><E57/><V99/><F12/><W16/><G69/><T100/><D100/><U21/><E102/><V38/><F38/><W132/><G70/><T123/><D123/><U41/><E14/><V32/><F24/><W101/><G4/><T31/><D31/><U71/><E5/><V108/><F91/><W36/><G101/><T7/><D7/><U75/><E25/><V9/><REACH who="2" step="1"/><F108/><REACH who="2" ten="169,455,197,169" step="2"/><W129/><G36/><T124/><D124/><U6/><E1/><V44/><F44/><W55/><G45/><T106/><D106/><U104/><E104/><V107/><F107/><W116/><G126/><T114/><D114/><U117/><E112/><V65/><AGARI ba="0,1" hai="9,13,19,27,28,32,58,60,62,64,65,68,96,99" machi="65" ten="20,7800,0" yaku="1,1,0,1,7,1,53,1" doraHai="47" doraHaiUra="20" who="2" fromWho="2" sc="169,-26,455,-26,197,88,169,-26" /><INIT seed="2,1,0,0,4,49" ten="143,429,285,143" oya="2" hai0="132,38,92,20,124,29,19,8,80,102,127,1,17" hai1="18,99,59,69,122,77,100,28,113,107,57,21,48" hai2="35,71,135,81,72,5,51,75,89,12,120,45,36" hai3="4,23,26,123,9,110,104,82,47,128,79,121,14"/><V86/><F120/><W15/><G110/><T65/><D38/><U30/><E69/><V103/><F71/><W68/><G104/><T109/><D65/><U63/><E113/><V32/><F36/><W50/><G68/><T83/><D109/><U25/><E77/><V66/><F66/><W108/><G15/><N who="0" m="7399" /><D29/><U53/><REACH who="1" step="1"/><E122/><REACH who="1" ten="143,419,285,143" step="2"/><V76/><F135/><W34/><G108/><T7/><D132/><U96/><E96/><V43/><F103/><W58/><G128/><T105/><D102/><U84/><E84/><V55/><F75/><W42/><G34/><T60/><D127/><U94/><E94/><V39/><F72/><W11/><G123/><T27/><D92/><U0/><E0/><V67/><F76/><W70/><G70/><T101/><D124/><U78/><E78/><V87/><F87/><N who="3" m="48607" /><G121/><T40/><D105/><U64/><AGARI ba="1,1" hai="18,21,25,28,30,48,53,57,59,63,64,99,100,107" machi="64" ten="20,5200,0" yaku="1,1,0,1,7,1,52,1,53,0" doraHai="49" doraHaiUra="6" who="1" fromWho="1" sc="143,-14,419,65,285,-27,143,-14" /><INIT seed="3,0,0,4,5,117" ten="129,484,258,129" oya="3" hai0="2,59,97,11,1,119,122,126,60,79,134,68,27" hai1="44,48,17,15,8,116,89,132,72,37,23,16,61" hai2="10,85,47,7,69,96,25,40,18,5,45,32,38" hai3="82,128,106,125,86,14,107,50,6,103,76,109,22"/><W101/><G125/><T71/><D119/><U49/><E72/><V135/><F69/><W58/><G128/><T63/><D79/><U33/><E33/><V36/><F135/><W31/><G109/><T83/><D83/><U124/><E124/><V30/><F85/><W34/><G34/><T130/><D126/><U78/><E78/><V127/><F127/><W93/><G6/><T120/><D97/><U43/><E132/><V133/><F133/><W26/><G14/><T39/><D134/><U35/><E35/><V70/><F70/><W0/><G0/><T77/><D77/><U67/><E89/><V90/><F18/><W56/><G56/><T123/><D39/><U131/><E131/><V108/><F108/><W84/><G107/><T42/><D42/><U41/><E43/><V4/><F90/><N who="3" m="53463" /><G106/><T24/><D122/><U95/><E95/><V102/><F45/><W91/><G91/><T3/><D3/><U118/><E118/><V19/><F38/><W21/><G21/><T62/><D62/><U98/><E98/><V53/><F96/><W115/><G115/><T92/><D59/><U100/><E100/><V51/><F102/><W66/><G50/><T111/><D92/><U112/><E112/><V99/><F99/><W74/><G74/><T129/><D11/><U64/><E116/><V110/><F110/><AGARI ba="0,0" hai="1,2,24,27,60,63,68,71,110,111,120,123,129,130" machi="110" ten="25,6400,0" yaku="22,2,52,2" doraHai="117" who="0" fromWho="2" sc="129,64,484,0,258,-64,129,0" /><INIT seed="4,0,0,5,4,109" ten="193,484,194,129" oya="0" hai0="13,58,84,98,115,57,17,73,35,70,97,69,64" hai1="78,37,52,9,32,101,26,18,129,53,103,50,93" hai2="38,29,40,87,105,94,63,133,66,51,43,80,86" hai3="33,104,60,2,56,16,108,74,116,46,1,120,48"/><T106/><D73/><U49/><E37/><V31/><F105/><W62/><G116/><T41/><D35/><U8/><E78/><V81/><F38/><W24/><G104/><T30/><D30/><U117/><E129/><V132/><F94/><W12/><G74/><T112/><D41/><U119/><E18/><V88/><F51/><W23/><G120/><T36/><D36/><U34/><E93/><V95/><F95/><W55/><G62/><T96/><D106/><U113/><REACH who="1" step="1"/><E26/><REACH who="1" ten="193,474,194,129" step="2"/><V126/><F126/><W111/><G111/><T91/><D69/><U71/><E71/><V11/><F11/><W45/><G108/><T102/><D70/><U21/><E21/><V135/><F29/><W72/><G33/><T134/><D102/><U76/><E76/><N who="2" m="46343" /><F31/><W25/><G25/><T54/><D17/><U28/><E28/><V83/><F83/><W47/><G24/><T79/><D79/><U39/><E39/><V20/><F20/><W127/><G127/><T10/><D10/><U90/><E90/><V125/><F125/><W85/><G72/><T75/><D91/><U77/><E77/><V59/><AGARI ba="0,1" hai="40,43,59,63,66,81,87,88,132,133,135" m="46343" machi="59" ten="30,2000,0" yaku="20,1,54,1" doraHai="109" who="2" fromWho="2" sc="193,-10,474,-5,194,30,129,-5" /><INIT seed="5,0,0,3,3,132" ten="183,469,224,124" oya="1" hai0="87,35,80,81,32,71,27,106,112,89,42,97,41" hai1="18,121,55,117,24,46,45,37,2,108,123,134,120" hai2="53,20,13,133,66,56,12,102,103,126,104,44,19" hai3="61,75,107,50,82,65,1,16,10,110,122,33,43"/><U88/><E2/><V85/><F133/><W3/><G33/><T111/><D111/><U91/><E134/><V21/><F104/><W17/><G107/><T58/><D112/><U70/><E70/><V124/><F85/><W9/><G122/><T60/><D81/><U49/><E117/><V99/><F66/><W84/><G75/><T54/><D71/><U73/><E73/><V109/><F44/><N who="3" m="25887" /><G110/><T98/><D35/><U92/><E108/><V68/><F68/><W28/><G28/><T115/><D115/><U79/><E79/><V90/><F109/><W36/><G36/><T76/><D106/><U11/><E37/><V67/><F67/><W0/><G0/><T105/><D105/><U114/><E114/><V130/><F130/><W101/><G101/><T5/><D5/><U6/><E45/><V128/><F128/><W59/><G3/><T15/><D15/><U34/><E6/><V100/><F90/><N who="3" m="51479" /><G1/><T62/><D76/><U119/><E34/><V131/><F131/><W127/><G127/><N who="2" m="48681" /><F99/><W135/><G135/><T8/><D98/><U30/><E91/><V83/><F83/><W125/><G125/><T129/><D80/><U23/><E88/><V47/><F47/><W94/><G94/><T95/><D97/><U14/><E92/><V26/><F20/><W96/><G96/><T74/><D74/><U72/><E72/><V48/><AGARI ba="0,0" hai="12,13,19,21,26,48,53,56,100,102,103" m="48681" machi="48" ten="30,7900,0" yaku="18,1,52,3" doraHai="132" who="2" fromWho="2" sc="183,-20,469,-39,224,79,124,-20" /><INIT seed="6,0,0,4,0,34" ten="163,430,303,104" oya="2" hai0="62,112,95,133,58,35,30,99,73,88,68,74,76" hai1="6,15,117,135,5,82,3,28,123,89,131,119,7" hai2="55,25,18,11,115,8,9,52,92,90,79,49,130" hai3="67,21,41,103,2,134,48,86,81,57,109,85,91"/><V69/><F69/><W127/><G109/><T60/><D112/><U102/><E102/><V39/><F39/><W10/><G127/><T97/><D133/><U47/><E47/><V24/><F115/><W13/><G134/><T71/><D35/><U129/><E135/><V94/><F79/><W70/><G103/><T83/><D74/><U78/><E123/><V120/><F130/><N who="1" m="49673" /><E28/><V98/><F120/><W42/><G70/><T22/><D62/><U75/><E3/><V77/><F77/><W72/><G72/><T61/><D61/><U108/><E108/><V96/><F18/><W84/><G2/><T128/><D128/><U50/><E50/><V14/><F14/><W20/><G42/><T114/><D114/><U100/><E100/><V29/><F29/><W106/><G106/><T12/><D99/><U125/><E125/><V54/><F49/><W43/><G43/><T37/><D37/><U1/><E1/><V16/><REACH who="2" step="1"/><F16/><REACH who="2" ten="163,430,293,104" step="2"/><N who="3" m="8247" /><G21/><T38/><D38/><U104/><E15/><V113/><F113/><W17/><G17/><T56/><D71/><U63/><E78/><V66/><F66/><W107/><G20/><T32/><D32/><U23/><E23/><V65/><F65/><W33/><G33/><T121/><D121/><U36/><E36/><V87/><F87/><W93/><G67/><N who="0" m="41063" /><D30/><U124/><E75/><V132/><F132/><W105/><G85/><T0/><D0/><U19/><E19/><V26/><F26/><W53/><G41/><T116/><D22/><U44/><E124/><V122/><F122/><W101/><G84/><T4/><D116/><RYUUKYOKU ba="0,1" sc="163,10,430,-30,293,10,104,10" hai0="4,12,56,58,73,76,83,88,95,97" hai2="8,9,11,24,25,52,54,55,90,92,94,96,98" hai3="48,53,57,81,86,91,93,101,105,107" /><INIT seed="6,1,1,3,3,74" ten="173,400,303,114" oya="2" hai0="89,54,64,62,132,21,79,83,73,16,53,25,70" hai1="33,116,41,18,27,46,115,28,7,105,13,1,111" hai2="55,84,69,0,93,37,6,120,38,72,123,58,119" hai3="8,104,52,11,15,109,98,113,9,103,128,81,97"/><V57/><F72/><W78/><G109/><T85/><REACH who="0" step="1"/><D132/><REACH who="0" ten="163,400,303,114" step="2"/><U40/><E111/><V82/><F120/><W19/><G113/><T31/><D31/><U4/><E28/><V20/><F123/><W65/><G128/><T2/><D2/><U35/><E1/><V60/><F0/><W134/><G134/><T76/><D76/><U48/><E115/><V80/><F119/><W88/><G65/><T108/><D108/><U3/><E3/><V71/><F71/><W75/><REACH who="3" step="1"/><G52/><REACH who="3" ten="163,400,303,104" step="2"/><T131/><D131/><U117/><E117/><V99/><F55/><W22/><G22/><T24/><D24/><U34/><E27/><V129/><F20/><W43/><G43/><T133/><D133/><U26/><E26/><V126/><F129/><W42/><G42/><T106/><D106/><U23/><E105/><V130/><F130/><W114/><G114/><T86/><D86/><U36/><E116/><V110/><F84/><W112/><G112/><T51/><D51/><U59/><E41/><V5/><F110/><W10/><G10/><T122/><D122/><U96/><E40/><V102/><F37/><W63/><G63/><T49/><D49/><U125/><E36/><V29/><F38/><W61/><G61/><T77/><D77/><U45/><E48/><V47/><F60/><W12/><G12/><T101/><D101/><U95/><E13/><V44/><F102/><W14/><G14/><T32/><D32/><U92/><E34/><V68/><F68/><W39/><G39/><T90/><D90/><U107/><E33/><V118/><F69/><W66/><G66/><RYUUKYOKU ba="1,3" sc="163,15,400,-15,303,-15,104,15" hai0="16,21,25,53,54,62,64,70,73,79,83,85,89" hai3="8,9,11,15,19,75,78,81,88,97,98,103,104" /><INIT seed="7,2,3,1,5,118" ten="178,385,288,119" oya="3" hai0="42,12,56,133,107,80,77,117,1,81,129,82,91" hai1="11,130,39,121,120,92,74,90,64,47,122,54,86" hai2="66,119,3,94,108,70,13,51,37,109,28,36,30" hai3="7,61,33,75,41,127,115,6,45,5,20,46,123"/><W100/><G123/><T44/><D1/><U62/><E130/><V78/><F3/><W52/><G75/><T31/><D107/><U29/><E74/><V114/><F119/><W72/><G33/><T76/><D117/><U73/><E73/><V16/><F78/><W128/><G72/><T71/><D71/><U57/><E29/><V135/><F70/><W26/><G115/><T24/><D133/><U15/><E39/><V124/><F66/><W126/><G128/><T105/><D105/><U55/><REACH who="1" step="1"/><E47/><REACH who="1" ten="178,375,288,119" step="2"/><V116/><F37/><W84/><G100/><T112/><D44/><U110/><E110/><V67/><F36/><W63/><G46/><T65/><D31/><U132/><E132/><V18/><F135/><W79/><G127/><T49/><D129/><U32/><E32/><V93/><F124/><W89/><G126/><T53/><D77/><U9/><E9/><V34/><F116/><W25/><G79/><T134/><D76/><U10/><E10/><V59/><F114/><W35/><G35/><T87/><D134/><U88/><E88/><V40/><F34/><W50/><G41/><T27/><D42/><U8/><E8/><V101/><F40/><W38/><G38/><T4/><D112/><U95/><E95/><V19/><F13/><W102/><G102/><T106/><D106/><U68/><E68/><V83/><F101/><W22/><G22/><T131/><D131/><U17/><AGARI ba="2,4" hai="11,15,17,54,55,57,62,64,86,90,92,120,121,122" machi="17" ten="30,12000,2" yaku="1,1,0,1,52,3,53,1" doraHai="118" doraHaiUra="14" who="1" fromWho="1" sc="178,-32,375,166,288,-32,119,-62" owari="146,-25.4,541,64.1,256,5.6,57,-44.3" /></mjloggm>