<mjloggm ver="2.3"><GO type="169" lobby="0"/><UN n0="%E3%81%97%E3%82%89%E3%81%99%EF%BC%A1" n1="%E6%98%8E%E6%98%9F%E5%B8%82%E6%B0%91" n2="%E5%A4%96%E5%B7%9D%E7%AB%9C%E6%88%90" n3="%47%75%72%65%6E%6E" dan="16,17,16,16" rate="2090.63,2196.14,2200.73,2082.84" sx="M,M,M,M"/><TAIKYOKU oya="0"/><INIT seed="0,0,0,5,1,96" ten="250,250,250,250" oya="0" hai0="129,94,49,48,18,7,79,8,19,31,105,125,30" hai1="110,107,55,121,29,120,133,80,123,46,57,73,87" hai2="0,62,32,108,126,99,75,53,47,65,17,13,20" hai3="5,128,85,127,64,41,2,78,81,91,98,93,54"/><T109/><D105/><U16/><E73/><V97/><F75/><W84/><G128/><T27/><D129/><U74/><E74/><V134/><F0/><W6/><G127/><T130/><D130/><U35/><E133/><V26/><F126/><W103/><G2/><T70/><D70/><U52/><E107/><V50/><F134/><W104/><G64/><T111/><D79/><U37/><E110/><N who="0" m="41993" /><D94/><U101/><E101/><V59/><F108/><W43/><REACH who="3" step="1"/><G54/><REACH who="3" ten="250,250,250,240" step="2"/><T61/><D125/><U10/><E55/><V86/><F86/><W38/><G38/><T24/><D61/><U90/><E37/><V21/><REACH who="2" step="1"/><F32/><REACH who="2" ten="250,250,240,240" step="2"/><W113/><G113/><T58/><D48/><N who="1" m="28695" /><E35/><V95/><F95/><W117/><G117/><T100/><D49/><U67/><E123/><V63/><F63/><W39/><G39/><T28/><D58/><U102/><E57/><V72/><F72/><W116/><G116/><T114/><D114/><U15/><E121/><V76/><F76/><W83/><G83/><T45/><D45/><U42/><E80/><V34/><F34/><W115/><G115/><T119/><D119/><U122/><E122/><V69/><F69/><W40/><AGARI ba="0,2" hai="5,6,40,41,43,78,81,84,85,91,93,98,103,104" machi="40" ten="30,4000,0" yaku="1,1,0,1,52,1,53,0" doraHai="96" doraHaiUra="135" who="3" fromWho="3" sc="250,-20,250,-10,240,-10,240,60" /><INIT seed="1,0,0,5,3,85" ten="230,240,230,300" oya="1" hai0="24,32,22,116,13,82,117,76,84,37,3,107,20" hai1="35,54,51,123,77,108,6,90,105,129,55,41,9" hai2="135,60,80,120,57,87,95,122,73,1,112,75,19" hai3="62,83,119,12,70,52,29,69,134,131,72,33,106"/><U0/><E123/><V61/><F1/><W5/><G106/><T67/><D3/><U44/><E105/><V74/><F135/><W111/><G111/><T104/><D37/><U39/><E129/><V101/><F19/><W66/><G134/><T71/><D32/><U113/><E113/><V103/><F60/><W124/><G131/><T130/><D130/><U14/><E35/><V68/><F68/><W78/><G124/><T11/><D67/><U81/><E108/><V56/><F56/><W21/><G119/><T99/><D71/><U16/><E51/><V45/><F45/><W110/><G110/><T34/><D34/><U10/><REACH who="1" step="1"/><E90/><REACH who="1" ten="230,230,230,300" step="2"/><N who="2" m="51559" /><F61/><W125/><G33/><T63/><D107/><U26/><E26/><V92/><F112/><W4/><G125/><T23/><D24/><U65/><E65/><V17/><F122/><W25/><G70/><T127/><D127/><U98/><E98/><V18/><F120/><W27/><G25/><T31/><D116/><U128/><E128/><V7/><F103/><W30/><G27/><T93/><D117/><U42/><E42/><V47/><F101/><W28/><G52/><T88/><D104/><U64/><E64/><V118/><F118/><W46/><G66/><T38/><D38/><U132/><E132/><V48/><F48/><W8/><G69/><T133/><D133/><U50/><E50/><V94/><F94/><W100/><G100/><T43/><D43/><U89/><E89/><V102/><F95/><W59/><G83/><T53/><D53/><U91/><E91/><V86/><F102/><W121/><G121/><RYUUKYOKU ba="0,1" sc="230,-10,230,30,230,-10,300,-10" hai1="0,6,9,10,14,16,39,41,44,54,55,77,81" /><INIT seed="1,1,1,5,3,24" ten="220,260,220,290" oya="1" hai0="75,42,127,86,133,118,46,63,77,59,116,52,56" hai1="69,108,40,51,106,112,22,5,19,57,124,6,134" hai2="122,102,7,61,91,64,115,135,78,74,60,33,130" hai3="105,125,80,26,44,50,82,83,99,29,11,30,128"/><U34/><E112/><V38/><F122/><W131/><G125/><T95/><D75/><U94/><E69/><V35/><F38/><W18/><G105/><T48/><D127/><U97/><E124/><V21/><F60/><W41/><G99/><T66/><D133/><U111/><E106/><V103/><F7/><W81/><N who="3" m="20480" /><DORA hai="15" /><W107/><G107/><T45/><D77/><U53/><E34/><V47/><F21/><N who="3" m="13623" /><G11/><T43/><D86/><U28/><E28/><V117/><F61/><W72/><G72/><T79/><D95/><U100/><E40/><N who="0" m="15401" /><D79/><U84/><E84/><V32/><F78/><W85/><G85/><T65/><D118/><U67/><E67/><N who="0" m="25609" /><D116/><U98/><E98/><V109/><F64/><AGARI ba="1,1" hai="45,46,48,52,56,59,63,64" m="25609,15401" machi="64" ten="30,12000,2" yaku="8,1,35,5,54,1" doraHai="24,15" who="0" fromWho="2" sc="220,133,260,0,220,-123,290,0" /><INIT seed="2,0,0,5,1,55" ten="353,260,97,290" oya="2" hai0="27,75,8,128,33,46,6,2,81,84,103,67,82" hai1="0,53,71,38,16,48,114,39,29,106,109,115,40" hai2="124,85,78,121,52,126,76,98,34,132,72,21,31" hai3="88,20,79,24,133,112,83,108,122,45,73,54,15"/><V68/><F68/><W62/><G122/><T57/><D75/><U63/><E106/><V49/><F121/><W96/><G112/><T65/><D128/><U59/><E0/><V64/><F34/><W60/><G108/><T74/><D74/><U110/><E29/><V19/><F72/><W56/><G133/><T25/><D46/><N who="1" m="23831" /><E16/><V105/><F31/><W97/><G45/><T37/><D37/><U69/><E39/><V61/><F85/><W9/><G62/><T77/><D82/><U10/><E10/><V89/><F132/><W99/><G20/><T80/><D80/><U30/><E30/><V22/><F22/><W125/><G24/><T116/><D116/><U90/><E90/><V26/><F105/><W28/><G28/><T101/><D67/><N who="1" m="41215" /><E71/><N who="2" m="42383" /><F89/><W111/><G111/><AGARI ba="0,0" hai="48,53,59,109,110,111,114,115" m="41215,23831" machi="111" ten="30,8000,1" yaku="24,1,14,1,34,2,52,1" doraHai="55" who="1" fromWho="3" sc="353,0,260,80,97,0,290,-80" /><INIT seed="3,0,0,2,3,78" ten="353,340,97,210" oya="3" hai0="14,62,30,132,89,50,123,71,125,100,80,24,115" hai1="52,64,91,15,93,122,3,68,37,94,44,106,108" hai2="126,39,69,113,120,8,61,27,74,2,105,47,99" hai3="10,41,12,134,18,19,86,65,107,118,22,121,96"/><W114/><G121/><T83/><D123/><U31/><E3/><V128/><RYUUKYOKU type="yao9" ba="0,0" sc="353,0,340,0,97,0,210,0" hai2="2,8,27,39,47,61,69,74,99,105,113,120,126,128" /><INIT seed="3,1,0,3,0,45" ten="353,340,97,210" oya="3" hai0="71,9,63,14,33,44,17,3,53,31,128,76,122" hai1="99,65,26,120,92,105,96,28,91,98,127,48,4" hai2="51,95,58,64,15,111,68,50,72,109,0,100,32" hai3="90,7,74,62,19,101,88,23,135,27,16,87,79"/><W116/><G116/><T25/><D122/><U132/><E127/><V107/><F0/><W22/><G135/><T34/><D128/><U81/><E132/><V110/><F72/><W21/><G101/><T8/><D76/><U73/><E4/><V54/><F32/><W114/><G114/><T131/><D131/><U40/><E65/><V41/><F107/><W47/><G74/><T84/><D84/><U11/><E11/><V130/><F15/><W29/><G7/><T80/><D80/><U117/><E120/><V102/><F130/><W55/><G29/><T24/><D71/><U78/><E105/><V35/><F35/><W67/><G79/><T1/><D63/><U70/><E70/><V129/><F129/><W104/><G104/><T89/><D89/><N who="3" m="34409" /><G87/><T86/><D86/><U52/><E40/><V39/><F95/><W18/><G67/><T43/><D53/><U46/><E117/><V125/><F125/><W37/><G37/><T108/><D108/><U112/><E112/><V124/><F124/><W59/><G47/><T113/><D113/><U2/><E2/><N who="0" m="521" /><D44/><U123/><E123/><V85/><F85/><W56/><G56/><T119/><D43/><U103/><E103/><N who="2" m="39467" /><F39/><W10/><G27/><N who="0" m="10315" /><D119/><U94/><E94/><V118/><F118/><W38/><G38/><T66/><D66/><U57/><E46/><N who="2" m="25935" /><F64/><W61/><G61/><T49/><D34/><AGARI ba="1,0" hai="26,28,34,48,52,57,73,78,81,91,92,96,98,99" machi="34" ten="30,3900,0" yaku="7,1,52,1,54,1" doraHai="45" who="1" fromWho="0" sc="353,-42,340,42,97,0,210,0" /><INIT seed="4,0,0,0,1,9" ten="311,382,97,210" oya="0" hai0="43,11,105,23,31,26,107,70,134,45,50,51,87" hai1="135,71,132,93,85,124,86,126,119,108,79,74,73" hai2="89,127,75,37,81,28,60,118,102,30,17,116,56" hai3="83,129,47,97,131,24,66,18,19,68,13,25,100"/><T123/><D123/><U91/><E71/><V104/><F37/><W121/><G121/><T57/><D70/><U14/><E108/><V35/><F127/><N who="1" m="48681" /><E14/><V133/><F133/><N who="1" m="51273" /><E119/><V94/><F35/><W109/><G109/><T20/><D134/><U95/><E95/><V111/><F111/><W65/><G83/><AGARI ba="0,0" hai="73,74,79,83,85,86,91,93" m="51273,48681" machi="83" ten="30,7700,0" yaku="18,1,20,1,34,2" doraHai="9" who="1" fromWho="3" sc="311,0,382,77,97,0,210,-77" /><INIT seed="5,0,0,5,2,35" ten="311,459,97,133" oya="1" hai0="12,92,2,14,37,127,38,51,31,85,88,24,135" hai1="96,16,20,114,49,80,115,83,101,1,69,131,19" hai2="123,98,78,94,133,5,32,42,55,17,44,4,117" hai3="128,125,41,60,13,43,113,36,89,47,46,50,97"/><U15/><E69/><V30/><F123/><W107/><G113/><N who="1" m="43018" /><E131/><V21/><F117/><W57/><G128/><T118/><D118/><U63/><E63/><V75/><F133/><W67/><G125/><T40/><D135/><U70/><E70/><V34/><F55/><W45/><G13/><T72/><D127/><U134/><E134/><V25/><F32/><W9/><G9/><T82/><D2/><U132/><E132/><V26/><F78/><W112/><G112/><T105/><D105/><U68/><E68/><V90/><REACH who="2" step="1"/><F75/><REACH who="2" ten="311,459,87,133" step="2"/><W104/><G45/><T93/><D72/><U53/><E53/><V29/><F29/><W48/><G36/><AGARI ba="0,1" hai="4,5,17,21,25,26,30,34,36,42,44,90,94,98" machi="36" ten="30,3900,0" yaku="1,1,7,1,53,1" doraHai="35" doraHaiUra="18" who="2" fromWho="3" sc="311,0,459,0,87,49,133,-39" /><INIT seed="6,0,0,5,3,125" ten="311,459,136,94" oya="2" hai0="96,15,108,55,19,29,60,36,9,101,63,95,91" hai1="22,115,24,59,94,113,53,90,77,105,89,8,25" hai2="104,26,21,111,68,120,16,28,35,103,102,73,80" hai3="3,88,127,58,84,109,122,6,99,114,74,41,5"/><V132/><F120/><W47/><G122/><T45/><D108/><U75/><E105/><V85/><F111/><W52/><G109/><T62/><D29/><U37/><E37/><V119/><F119/><W69/><G74/><T100/><D36/><U61/><E75/><V40/><F132/><W121/><G121/><T42/><D42/><U97/><E77/><V2/><F68/><W38/><G127/><T43/><D43/><U64/><E8/><V86/><F40/><W49/><G114/><N who="1" m="43530" /><E89/><V31/><F2/><W82/><G3/><T135/><D135/><U133/><E133/><V118/><F118/><W7/><G69/><T4/><D4/><U117/><E117/><V46/><F46/><W54/><G54/><T34/><D34/><U57/><E22/><V131/><F104/><W124/><G124/><T92/><D92/><U0/><E0/><V134/><F134/><W50/><REACH who="3" step="1"/><G99/><REACH who="3" ten="311,459,136,84" step="2"/><T83/><D55/><U78/><E78/><V32/><F73/><W33/><G33/><T30/><D96/><U128/><E97/><V18/><F32/><W48/><AGARI ba="0,1" hai="5,6,7,38,41,47,48,49,50,52,58,82,84,88" machi="48" ten="30,7900,0" yaku="1,1,0,1,54,2,53,0" doraHai="125" doraHaiUra="17" who="3" fromWho="3" sc="311,-20,459,-20,136,-39,84,89" /><INIT seed="7,0,0,1,1,124" ten="291,439,97,173" oya="3" hai0="62,104,127,96,92,34,28,78,35,80,10,126,71" hai1="135,64,68,4,65,56,59,113,3,69,132,33,5" hai2="53,72,61,7,99,52,106,84,45,37,48,130,97" hai3="38,125,54,49,128,91,70,101,75,76,83,108,118"/><W13/><G118/><T15/><D104/><U55/><E55/><V82/><F72/><W24/><G38/><T89/><D71/><U129/><E33/><V39/><F37/><W77/><G125/><N who="0" m="47627" /><D62/><U74/><E74/><V31/><F39/><W47/><G108/><T110/><D28/><U88/><E88/><V86/><F106/><W93/><G70/><T103/><D103/><U1/><E113/><V63/><F130/><AGARI ba="0,0" hai="1,3,4,5,56,59,64,65,68,69,129,130,132,135" machi="130" ten="25,6400,0" yaku="22,2,52,2" doraHai="124" who="1" fromWho="2" sc="291,0,439,64,97,-64,173,0" owari="291,9.1,503,60.3,33,-46.7,173,-22.7" /></mjloggm>