<mjloggm ver="2.3"><GO type="169" lobby="0"/><UN n0="%E9%88%8D%E7%97%9B" n1="%6D%61%6A%75%6E%69%61" n2="%E3%82%B9%E3%83%9E%E3%83%9B%E7%94%A8%E3%81%AE%E3%82%84%E3%81%A4" n3="%48%79" dan="16,16,17,16" rate="2088.24,2139.76,2151.38,2124.25" sx="F,M,M,F"/><TAIKYOKU oya="0"/><INIT seed="0,0,0,3,3,2" ten="250,250,250,250" oya="0" hai0="13,85,17,101,58,63,79,35,76,87,120,99,96" hai1="123,111,42,113,74,21,12,36,7,38,100,29,67" hai2="16,90,106,11,66,57,133,23,88,3,32,83,127" hai3="18,45,95,41,73,64,91,135,49,75,46,55,86"/><T28/><D120/><U56/><E123/><V27/><F106/><W51/><G135/><T72/><D72/><U109/><E74/><V61/><F133/><W6/><G64/><T121/><D121/><U68/><E68/><V4/><F127/><W25/><REACH who="3" step="1"/><G6/><REACH who="3" ten="250,250,250,240" step="2"/><T129/><D129/><U81/><E67/><V108/><F108/><W43/><G43/><T128/><D128/><U10/><E42/><V22/><F32/><W124/><G124/><T31/><D35/><U8/><E7/><V102/><F102/><W130/><G130/><T92/><D79/><U37/><E100/><V98/><F98/><W24/><G24/><T107/><D76/><U1/><E109/><V14/><REACH who="2" step="1"/><F83/><REACH who="2" ten="250,250,240,240" step="2"/><W112/><G112/><T78/><D99/><U119/><E81/><V59/><F59/><W62/><G62/><T33/><D33/><U0/><E56/><V44/><F44/><W71/><G71/><T60/><D60/><U116/><E111/><V118/><F118/><W39/><G39/><T103/><D103/><U5/><E38/><V20/><F20/><AGARI ba="0,2" hai="18,20,25,41,45,46,49,51,55,73,75,86,91,95" machi="20" ten="40,1300,0" yaku="1,1,53,0" doraHai="2" doraHaiUra="69" who="3" fromWho="2" sc="250,0,250,0,240,-13,240,33" /><INIT seed="1,0,0,5,3,125" ten="250,250,227,273" oya="1" hai0="15,42,87,89,35,113,124,110,29,63,84,121,91" hai1="78,83,96,14,133,45,74,108,3,93,43,13,81" hai2="126,59,79,0,90,1,85,24,88,104,50,73,4" hai3="10,97,56,37,17,131,19,132,11,77,114,100,5"/><U26/><E133/><V12/><F104/><W67/><G114/><T75/><D113/><U20/><E3/><V111/><F126/><W21/><G37/><T48/><D75/><U129/><E129/><V22/><F111/><W118/><G132/><T69/><D15/><U65/><E65/><V16/><F73/><W9/><G5/><T106/><D106/><U34/><E83/><N who="2" m="47359" /><F1/><W33/><G33/><T58/><D69/><U23/><E34/><V71/><F71/><W66/><G118/><T28/><D35/><U119/><E119/><V27/><F0/><W38/><G38/><T128/><D128/><U36/><E23/><V62/><F50/><W41/><G41/><T2/><D2/><U52/><E108/><V82/><F82/><W127/><G127/><T55/><D121/><U25/><E25/><N who="2" m="9803" /><F4/><W95/><G131/><T8/><D8/><U120/><E120/><V72/><F72/><W102/><G77/><T80/><D110/><U30/><REACH who="1" step="1"/><E52/><AGARI ba="0,0" hai="12,16,22,52,59,62,88,90" m="9803,47359" machi="52" ten="30,7700,0" yaku="8,1,54,3" doraHai="125" who="2" fromWho="1" sc="250,0,250,-77,227,77,273,0" /><INIT seed="2,0,0,1,0,48" ten="250,173,304,273" oya="2" hai0="100,67,1,43,69,72,83,98,116,73,17,7,21" hai1="3,36,93,89,15,54,103,107,135,30,59,125,90" hai2="10,94,60,57,20,123,63,6,121,11,46,38,50" hai3="37,102,25,78,122,24,109,115,45,16,101,4,12"/><V55/><F38/><W113/><G122/><T84/><D43/><U68/><E125/><V133/><F133/><W33/><G4/><T114/><D114/><N who="3" m="43529" /><G109/><T110/><D110/><U53/><E68/><V47/><F20/><N who="3" m="11271" /><G78/><T74/><D7/><U62/><E135/><V64/><F11/><W80/><G80/><T95/><D1/><U97/><E3/><V18/><F18/><W85/><G85/><T126/><D126/><U22/><E36/><V66/><F94/><W5/><G5/><T87/><D67/><N who="2" m="25642" /><F10/><W2/><G2/><T88/><D69/><U40/><E40/><V31/><F31/><N who="3" m="19687" /><G25/><T112/><D112/><U61/><E15/><V41/><F6/><W71/><G71/><T118/><D17/><U108/><E108/><V120/><F41/><AGARI ba="0,0" hai="37,41,45,101,102" m="19687,11271,43529" machi="41" ten="30,2000,0" yaku="11,1,54,1" doraHai="48" who="3" fromWho="2" sc="250,0,173,0,304,-20,273,20" /><INIT seed="3,0,0,0,0,127" ten="250,173,284,293" oya="3" hai0="8,42,47,108,67,37,106,115,117,89,134,63,97" hai1="122,0,131,121,91,32,1,15,102,10,52,125,96" hai2="18,6,35,114,30,104,29,16,128,112,68,94,120" hai3="100,119,123,46,21,7,101,31,60,86,116,27,43"/><W133/><G123/><T124/><D117/><U34/><E91/><V59/><F59/><W71/><G133/><T85/><D108/><U58/><E125/><V130/><F94/><W132/><G132/><T5/><D134/><U62/><E121/><V61/><F104/><W105/><G7/><T73/><D115/><N who="2" m="44074" /><F61/><W83/><G71/><T25/><D25/><U118/><E122/><V11/><F68/><W54/><G60/><T74/><D85/><U14/><E118/><V41/><F41/><W84/><G54/><T24/><D24/><U87/><E87/><V3/><F120/><W79/><G86/><T55/><D89/><U76/><E76/><V75/><F75/><W57/><G57/><T110/><D110/><U65/><E65/><V70/><F70/><W17/><G105/><T98/><D98/><U9/><E96/><V103/><F103/><W56/><G56/><T99/><D55/><U51/><E102/><V20/><F35/><W39/><G119/><T126/><D99/><U36/><E36/><V4/><F6/><W129/><G116/><T48/><D48/><U111/><E51/><V38/><F38/><W93/><G93/><T33/><D33/><U19/><E111/><V23/><F30/><W13/><REACH who="3" step="1"/><G129/><REACH who="3" ten="250,173,284,283" step="2"/><N who="2" m="49769" /><F29/><W78/><G78/><T49/><D63/><U113/><E131/><V2/><F3/><W12/><G12/><N who="0" m="5135" /><D67/><U72/><E113/><V64/><F64/><W90/><G90/><T95/><D106/><U50/><E62/><V22/><AGARI ba="0,1" hai="2,4,11,16,18,20,22,23" m="49769,44074" machi="22" ten="40,12000,2" yaku="19,1,34,2,52,3,54,1" doraHai="127" who="2" fromWho="2" sc="250,-30,173,-30,284,130,283,-60" /><INIT seed="4,0,0,3,5,28" ten="220,143,414,223" oya="0" hai0="85,77,88,75,61,6,4,49,16,10,125,89,2" hai1="32,35,40,51,115,118,25,50,60,36,69,133,39" hai2="33,38,42,120,113,78,3,114,20,84,64,27,45" hai3="135,37,128,102,34,94,82,12,11,132,29,48,97"/><T95/><D125/><U90/><E118/><V131/><F120/><W101/><G37/><T103/><D103/><U117/><E117/><V56/><F3/><W47/><G128/><T91/><D6/><U106/><E25/><V46/><F131/><W109/><G109/><T80/><D49/><U70/><E90/><V21/><F46/><W18/><G102/><T92/><D61/><U73/><E60/><N who="2" m="37895" /><F27/><W105/><G105/><T31/><D31/><U44/><E106/><V71/><F33/><N who="1" m="12873" /><E44/><V59/><F59/><W19/><G19/><T58/><D58/><U0/><E0/><V129/><F71/><N who="1" m="27145" /><E73/><V41/><F41/><W99/><G34/><T1/><D1/><U123/><E40/><V122/><F122/><W87/><G29/><T52/><D75/><U53/><E123/><V23/><F129/><W119/><G119/><T104/><D104/><U121/><E121/><V74/><F74/><W65/><G65/><T30/><D30/><U81/><E81/><N who="2" m="47159" /><F23/><W124/><G47/><T83/><D83/><U127/><E53/><V93/><F21/><W13/><G82/><T57/><REACH who="0" step="1"/><D16/><REACH who="0" ten="210,143,414,223" step="2"/><U112/><E133/><V24/><F24/><W5/><G135/><T63/><AGARI ba="0,1" hai="2,4,10,52,57,63,77,80,85,88,89,91,92,95" machi="63" ten="30,24000,3" yaku="1,1,2,1,0,1,54,2,53,3" doraHai="28" doraHaiUra="86" who="0" fromWho="0" sc="210,250,143,-80,414,-80,223,-80" /><INIT seed="4,1,0,2,5,30" ten="460,63,334,143" oya="0" hai0="51,57,10,76,82,117,72,8,39,104,125,61,35" hai1="113,38,55,81,78,24,9,63,11,33,66,68,119" hai2="116,85,36,131,97,86,12,65,71,89,64,112,100" hai3="120,58,60,107,129,133,105,29,99,96,132,79,67"/><T21/><D117/><U50/><E119/><V0/><F0/><W124/><G129/><T25/><D39/><U118/><E118/><V93/><F36/><W83/><G124/><T37/><D37/><U15/><E38/><V28/><F116/><W2/><G2/><T3/><D104/><N who="3" m="40009" /><G29/><T4/><D125/><U16/><E113/><V88/><F112/><W84/><G120/><T7/><D51/><U122/><E122/><V1/><F1/><W130/><G130/><T5/><D3/><U106/><E106/><V56/><F71/><W121/><G121/><T52/><REACH who="0" step="1"/><D35/><REACH who="0" ten="450,63,334,143" step="2"/><U54/><E33/><V46/><F131/><W108/><G108/><T53/><D53/><U44/><E24/><V26/><F65/><W92/><G67/><T22/><D22/><U126/><E126/><V134/><F64/><W74/><G133/><T49/><D49/><U127/><E127/><V102/><F134/><W123/><G132/><T20/><D20/><U45/><E9/><V111/><F26/><W31/><G123/><T80/><D80/><U40/><REACH who="1" step="1"/><E45/><REACH who="1" ten="450,53,334,143" step="2"/><V6/><F46/><W34/><G34/><T94/><D94/><U95/><E95/><V110/><F93/><W90/><G92/><T47/><D47/><U14/><E14/><V91/><F12/><W98/><G83/><T75/><D75/><AGARI ba="1,2" hai="11,15,16,40,44,50,54,55,63,66,68,75,78,81" machi="75" ten="30,3900,0" yaku="1,1,7,1,54,1,53,0" doraHai="30" doraHaiUra="17" who="1" fromWho="0" sc="450,-42,53,62,334,0,143,0" /><INIT seed="5,0,0,4,0,123" ten="408,115,334,143" oya="1" hai0="101,44,110,23,127,96,53,2,49,40,32,106,75" hai1="94,67,81,72,80,113,34,59,13,52,65,39,48" hai2="133,108,91,35,120,79,77,124,129,132,104,4,36" hai3="61,130,102,66,19,7,131,117,45,60,78,55,83"/><U29/><E39/><V51/><F36/><W73/><G117/><T119/><D110/><U58/><E113/><V88/><F35/><W87/><G7/><T18/><D32/><U86/><E72/><V82/><F51/><N who="3" m="29167" /><G102/><T134/><D2/><U15/><E34/><V62/><F62/><N who="3" m="24171" /><G66/><N who="1" m="25098" /><E29/><V64/><F64/><W71/><G19/><T63/><D75/><U25/><E25/><V41/><F41/><W90/><G71/><T116/><D127/><U21/><E59/><V57/><F57/><W98/><G98/><T93/><D106/><U11/><E21/><V22/><F22/><W14/><G14/><N who="1" m="5130" /><E11/><V33/><F4/><W122/><G122/><T31/><D31/><U8/><E8/><V0/><F0/><W128/><G73/><T24/><D134/><U12/><N who="1" m="5138" /><U17/><DORA hai="20" /><E17/><V118/><F33/><W47/><G47/><T70/><D70/><U114/><E114/><V125/><F120/><W99/><G99/><T3/><D3/><U76/><E76/><AGARI ba="0,0" hai="76,78,83,87,90,128,130,131" m="24171,29167" machi="76" ten="40,1300,0" yaku="19,1" doraHai="123,20" who="3" fromWho="1" sc="408,0,115,-13,334,0,143,13" /><INIT seed="6,0,0,2,5,19" ten="408,102,334,156" oya="2" hai0="0,49,99,93,18,120,58,27,127,48,115,52,54" hai1="75,86,108,11,90,7,2,97,73,35,89,8,68" hai2="124,15,113,43,111,83,13,32,112,28,74,80,67" hai3="135,34,5,78,114,42,6,128,9,40,88,104,119"/><V103/><F124/><W31/><G119/><T12/><D115/><N who="2" m="44106" /><F111/><W105/><G114/><T55/><D120/><U98/><E86/><V110/><F110/><W130/><G78/><T24/><D0/><U16/><E108/><V109/><F109/><W22/><G34/><T66/><D66/><U38/><E38/><V85/><F43/><W29/><G9/><N who="0" m="6415" /><D127/><U44/><E35/><V131/><F131/><W100/><G100/><N who="0" m="60527" /><D55/><U102/><E68/><V116/><F116/><W14/><G14/><N who="2" m="5129" /><F74/><W61/><G61/><T125/><D125/><U95/><E2/><V129/><F129/><W41/><G41/><T21/><D21/><U33/><E33/><V47/><F67/><W20/><REACH who="3" step="1"/><G135/><REACH who="3" ten="408,102,334,146" step="2"/><T72/><D72/><U71/><E75/><V1/><F103/><W63/><G63/><T59/><AGARI ba="0,1" hai="24,27,48,49,52,54,58,59" m="60527,6415" machi="59" ten="30,2000,0" yaku="8,1,54,1" doraHai="19" who="0" fromWho="0" sc="408,30,102,-5,334,-10,146,-5" /><INIT seed="7,0,0,5,4,0" ten="438,97,324,141" oya="3" hai0="65,4,2,67,79,87,93,129,27,62,108,132,111" hai1="95,28,73,70,64,26,40,37,24,19,33,3,59" hai2="127,29,84,51,82,121,81,61,96,100,18,77,55" hai3="43,23,46,15,20,91,89,52,103,8,83,54,130"/><W69/><G69/><T63/><D129/><U32/><E19/><V68/><F127/><W97/><G130/><T21/><D132/><U126/><E59/><V39/><F39/><W17/><G23/><T49/><D49/><U98/><E73/><V135/><F135/><W78/><G20/><T25/><D4/><U30/><E126/><V101/><F121/><W6/><G17/><T7/><D7/><U109/><E3/><V113/><F113/><W42/><G91/><T112/><D2/><U10/><E10/><V102/><F68/><W14/><G14/><T53/><D53/><U104/><E109/><V75/><F29/><W120/><G89/><T123/><D27/><U35/><E35/><V5/><F18/><W74/><G120/><T22/><D22/><U107/><E95/><V72/><F61/><W48/><REACH who="3" step="1"/><G42/><REACH who="3" ten="438,97,324,131" step="2"/><T92/><D123/><U125/><E125/><V99/><F101/><W38/><G38/><T134/><D21/><U110/><E110/><V86/><F102/><W57/><G57/><T105/><D111/><U80/><E98/><V12/><F99/><W50/><G50/><T90/><D90/><U114/><E80/><V31/><F96/><W85/><G85/><T76/><D87/><U44/><E114/><V131/><F100/><W115/><G115/><T117/><D112/><U9/><E9/><N who="2" m="4143" /><F131/><W1/><G1/><T116/><D108/><U71/><E71/><V56/><F31/><W128/><G128/><T16/><D16/><U118/><E118/><V34/><F34/><W45/><G45/><T11/><D116/><U41/><E40/><RYUUKYOKU ba="0,1" sc="438,-30,97,10,324,10,131,10" hai1="24,26,28,30,32,33,37,41,44,64,70,104,107" hai2="51,55,56,72,75,77,81,82,84,86" hai3="6,8,15,43,46,48,52,54,74,78,83,97,103" /><INIT seed="7,1,1,1,0,82" ten="408,107,334,141" oya="3" hai0="27,41,5,15,99,78,62,35,93,81,111,127,124" hai1="116,112,53,50,51,79,113,90,59,52,80,64,102" hai2="47,38,84,119,34,68,2,69,85,44,110,39,86" hai3="88,12,33,134,96,135,7,21,97,45,40,10,87"/><W55/><G33/><T23/><D111/><U42/><E116/><V125/><F110/><W29/><G55/><T20/><D41/><U83/><E102/><V43/><F119/><W49/><G29/><T132/><D132/><N who="3" m="50729" /><G21/><T67/><D35/><U54/><E42/><V30/><F43/><W37/><G37/><N who="2" m="13833" /><F34/><W121/><G121/><T131/><D131/><U107/><E107/><V123/><F123/><W48/><G48/><T71/><D15/><U77/><E64/><V19/><F30/><W101/><G101/><N who="0" m="60655" /><D5/><U92/><E54/><V129/><F129/><W115/><G115/><T128/><D27/><U126/><E126/><N who="0" m="48169" /><D128/><U25/><E25/><V11/><F125/><W118/><G118/><T22/><D22/><U60/><E60/><V100/><F100/><W46/><G46/><N who="2" m="17449" /><F19/><W0/><G0/><T3/><D3/><U130/><E130/><V6/><F2/><W95/><AGARI ba="1,1" hai="7,10,12,40,45,49,87,88,95,96,97" m="50729" machi="95" ten="30,6000,0" yaku="20,1,52,1,54,1" doraHai="82" who="3" fromWho="3" sc="408,-21,107,-21,334,-21,141,73" /><INIT seed="7,2,0,5,4,70" ten="387,86,313,214" oya="3" hai0="6,19,7,17,8,101,95,84,131,75,76,59,16" hai1="98,90,38,86,134,125,89,36,41,104,106,27,132" hai2="44,4,64,53,43,37,2,71,23,130,25,122,105" hai3="54,32,50,63,11,109,74,62,117,15,45,88,92"/><W46/><G117/><T26/><D75/><U22/><E41/><V82/><F130/><W78/><G32/><T42/><D42/><U1/><E1/><V31/><F122/><W115/><G115/><T68/><D68/><U81/><E22/><V49/><F105/><W20/><G109/><T3/><D6/><U135/><E27/><V0/><F4/><W72/><G20/><T52/><D76/><U56/><E56/><V51/><F82/><W103/><G103/><T102/><D131/><U67/><E67/><V69/><F51/><W123/><G123/><T18/><D18/><U120/><E120/><V85/><F85/><W55/><G78/><T10/><D95/><U100/><E125/><V99/><F99/><W107/><G107/><T57/><D57/><U96/><REACH who="1" step="1"/><E90/><REACH who="1" ten="387,76,313,214" step="2"/><V29/><F29/><W48/><G63/><T33/><D59/><U128/><E128/><V61/><F71/><W113/><G62/><T110/><D3/><U28/><E28/><V5/><F5/><W126/><G126/><T133/><D7/><U111/><E111/><V108/><REACH who="2" step="1"/><F108/><REACH who="2" ten="387,76,303,214" step="2"/><W118/><G88/><T121/><D110/><U30/><E30/><V83/><F83/><W47/><G15/><T119/><D121/><U21/><E21/><V93/><F93/><W58/><G92/><T91/><D91/><U94/><E94/><V9/><F9/><W12/><G12/><T65/><D8/><U13/><E13/><V114/><F114/><W87/><G11/><T24/><D10/><U80/><E80/><V73/><F73/><W14/><G74/><T39/><D24/><RYUUKYOKU ba="2,2" sc="387,-15,76,15,303,15,214,-15" hai1="36,38,81,86,89,96,98,100,104,106,132,134,135" hai2="0,2,23,25,31,37,43,44,49,53,61,64,69" owari="392,49.2,91,-40.9,318,11.8,199,-20.1" /></mjloggm>