<mjloggm ver="2.3"><GO type="169" lobby="0"/><UN n0="%E7%9C%9F%E4%B8%80" n1="%E3%81%97%E3%82%89%E3%81%99%EF%BC%A1" n2="%E6%96%B0%E6%89%8B%31%34%32%38%35%37" n3="%E5%85%AD%E9%83%A8%E5%9C%AD" dan="16,16,17,16" rate="2160.28,2103.31,2139.16,2046.58" sx="M,M,M,M"/><TAIKYOKU oya="0"/><INIT seed="0,0,0,1,5,91" ten="250,250,250,250" oya="0" hai0="45,130,53,70,39,89,5,82,78,98,108,69,65" hai1="33,7,27,29,59,68,12,95,54,9,93,51,2" hai2="16,118,80,6,34,99,115,35,36,112,15,87,104" hai3="123,3,46,22,129,90,58,120,63,44,66,107,84"/><T55/><D130/><U62/><REACH who="1" step="1"/><E2/><REACH who="1" ten="250,240,250,250" step="2"/><V41/><F115/><W38/><G3/><T61/><D108/><U75/><E75/><V86/><F112/><W132/><G129/><T8/><D70/><U30/><E30/><V71/><F71/><W116/><G120/><T122/><D122/><U128/><E128/><V105/><F118/><W72/><G72/><T0/><D98/><U85/><E85/><V111/><F87/><W124/><G116/><T81/><D89/><U23/><E23/><V121/><F99/><W73/><G73/><N who="0" m="43215" /><D82/><U19/><E19/><V52/><F16/><W94/><G123/><T28/><D28/><U109/><E109/><V97/><F80/><W76/><G84/><T74/><D74/><U37/><E37/><V57/><F36/><W4/><G38/><T14/><D0/><U100/><E100/><V60/><F86/><W48/><G90/><T134/><D134/><U113/><E113/><V10/><F97/><W119/><G22/><T126/><D126/><U20/><E20/><V50/><F111/><W18/><G18/><T43/><D39/><U21/><E21/><V110/><F110/><W102/><G102/><T92/><D5/><U96/><E96/><V25/><F121/><W131/><G4/><T24/><D8/><U40/><E40/><V26/><F41/><W17/><G124/><T42/><D43/><U67/><AGARI ba="0,1" hai="7,9,12,27,29,33,51,54,59,62,67,68,93,95" machi="67" ten="30,8000,1" yaku="21,2,0,1,52,2,53,0" doraHai="91" doraHaiUra="77" who="1" fromWho="1" sc="250,-40,240,90,250,-20,250,-20" /><INIT seed="1,0,0,1,3,37" ten="210,330,230,230" oya="1" hai0="75,23,78,62,65,134,85,46,7,113,16,21,129" hai1="9,8,117,91,112,3,127,49,83,54,131,114,110" hai2="55,122,34,45,6,41,35,20,115,12,70,57,13" hai3="87,56,59,39,63,50,47,4,101,81,42,89,68"/><U99/><E117/><V123/><F70/><W67/><G4/><T90/><D113/><U44/><E131/><V69/><F69/><W96/><REACH who="3" step="1"/><G39/><REACH who="3" ten="210,330,230,220" step="2"/><T80/><D7/><U106/><E112/><V102/><F115/><W33/><G33/><T132/><D129/><U22/><E114/><V52/><F6/><W72/><G72/><T128/><D128/><U38/><E38/><V77/><F35/><W71/><G71/><T109/><D109/><U40/><E110/><V95/><F34/><W108/><G108/><T64/><D46/><U51/><E3/><V133/><F45/><W126/><G126/><T27/><D23/><U36/><E127/><V97/><F20/><W76/><G76/><T31/><D31/><U111/><E36/><V61/><F77/><W30/><G30/><T18/><D18/><U53/><E111/><V124/><F124/><W25/><G25/><T130/><D130/><U121/><E22/><V116/><F123/><W82/><G82/><T1/><D1/><U84/><E121/><V119/><F122/><W73/><G73/><T24/><D27/><U107/><E8/><V0/><F0/><W43/><G43/><T48/><D75/><U2/><E9/><V105/><F41/><W15/><G15/><T98/><D78/><U58/><E2/><V94/><F12/><W92/><AGARI ba="0,1" hai="42,47,50,56,59,63,67,68,81,87,89,92,96,101" machi="92" ten="20,5200,0" yaku="1,1,0,1,7,1,52,1,53,0" doraHai="37" doraHaiUra="14" who="3" fromWho="3" sc="210,-13,330,-26,230,-13,220,62" /><INIT seed="2,0,0,2,5,126" ten="197,304,217,282" oya="2" hai0="15,41,48,6,116,39,0,110,131,5,25,75,133" hai1="103,80,134,93,20,1,71,87,86,102,35,7,85" hai2="78,125,107,60,17,37,3,67,95,74,31,12,98" hai3="40,56,42,106,63,64,118,34,49,108,4,130,62"/><V109/><F125/><W29/><G118/><T10/><D116/><U128/><E35/><V81/><F3/><W28/><G106/><T43/><D39/><U52/><E71/><V68/><F37/><W105/><G105/><T73/><D110/><U88/><E134/><V27/><F109/><W36/><G108/><T96/><D133/><U33/><E33/><V117/><F117/><W66/><G36/><T79/><D0/><U120/><E120/><V21/><F107/><W53/><G4/><T58/><D96/><U44/><E7/><V30/><REACH who="2" step="1"/><F12/><REACH who="2" ten="197,304,207,282" step="2"/><W50/><G34/><T123/><D15/><U124/><E1/><V8/><F8/><W14/><G14/><T70/><D10/><U11/><E11/><V115/><F115/><W94/><G94/><T83/><D123/><U112/><E124/><V122/><F122/><W55/><REACH who="3" step="1"/><G56/><REACH who="3" ten="197,304,207,272" step="2"/><T9/><D58/><U65/><E93/><V129/><F129/><AGARI ba="0,2" hai="28,29,40,42,49,50,53,55,62,63,64,66,129,130" machi="129" ten="25,12000,2" yaku="1,1,2,1,22,2,52,2,53,0" doraHai="126" doraHaiUra="69" who="3" fromWho="2" sc="197,0,304,0,207,-120,272,140" /><INIT seed="3,0,0,4,4,68" ten="197,304,87,412" oya="3" hai0="108,14,32,117,125,83,54,20,13,40,43,99,103" hai1="26,115,84,24,121,64,67,118,4,65,59,6,120" hai2="31,21,41,37,97,71,38,74,44,7,96,111,69" hai3="19,95,25,78,126,116,15,30,16,105,46,51,3"/><W35/><G105/><T0/><D0/><U66/><E115/><V94/><F74/><W57/><G116/><T104/><D117/><U102/><E118/><V36/><F7/><W33/><G3/><T61/><D32/><U55/><E102/><V22/><F111/><W135/><G35/><T127/><D108/><U29/><E84/><V27/><F21/><W62/><G135/><T89/><D83/><U112/><E112/><V60/><F96/><W70/><G126/><N who="0" m="48139" /><D89/><U42/><E42/><N who="0" m="15913" /><D20/><U17/><E17/><V5/><F5/><W56/><G78/><T11/><D11/><U131/><E131/><V85/><F85/><W34/><G34/><T47/><D61/><U106/><E106/><V18/><F18/><W100/><G19/><T129/><D129/><U23/><E26/><V52/><F69/><W114/><G114/><T53/><D47/><U9/><N who="1" m="16384" /><DORA hai="134" /><U82/><E82/><V63/><F71/><W45/><G62/><T10/><D13/><U87/><E9/><V119/><F119/><W122/><G70/><T91/><D91/><U77/><E6/><AGARI ba="0,0" hai="6,10,14,53,54,99,103,104" m="15913,48139" machi="6" ten="30,7700,0" yaku="18,1,52,3" doraHai="68,134" who="0" fromWho="1" sc="197,77,304,-77,87,0,412,0" /><INIT seed="4,0,0,0,2,66" ten="274,227,87,412" oya="0" hai0="38,5,129,126,83,99,97,43,17,113,130,123,47" hai1="32,95,60,90,35,109,127,9,20,10,133,71,34" hai2="107,61,12,63,28,112,15,80,81,44,45,67,0" hai3="124,33,128,57,52,134,102,21,92,3,111,13,37"/><T8/><D123/><U6/><E109/><V96/><F0/><W68/><G111/><T16/><D113/><U120/><E120/><V89/><F112/><W39/><G3/><T93/><D126/><U103/><E103/><V73/><F73/><W18/><G33/><T88/><D99/><U64/><E133/><V84/><F28/><W59/><G134/><T135/><D135/><U87/><E127/><V41/><F107/><W125/><G128/><N who="0" m="49259" /><D83/><U118/><E118/><V24/><F24/><W79/><G125/><T117/><D117/><U122/><E122/><V22/><F96/><W40/><G124/><T23/><D23/><U70/><E20/><V121/><F121/><W27/><G79/><T14/><AGARI ba="0,0" hai="5,8,14,16,17,38,43,47,88,93,97" m="49259" machi="14" ten="30,6000,0" yaku="19,1,54,2" doraHai="66" who="0" fromWho="0" sc="274,60,227,-20,87,-20,412,-20" /><INIT seed="4,1,0,2,4,34" ten="334,207,67,392" oya="0" hai0="99,47,113,75,51,61,79,54,115,33,70,32,84" hai1="28,52,101,29,11,46,102,35,14,87,22,123,58" hai2="55,56,63,21,17,86,38,109,12,122,118,108,82" hai3="15,72,9,3,6,94,133,88,62,18,48,65,8"/><T43/><D75/><U16/><E123/><V111/><F122/><W57/><G133/><T37/><D99/><U66/><E35/><V112/><F112/><N who="0" m="43082" /><D79/><U73/><E73/><V69/><F38/><W116/><G72/><T49/><D84/><U135/><E135/><V20/><F118/><W42/><G116/><T110/><D33/><U92/><E66/><V114/><F114/><W13/><G42/><T36/><D32/><U77/><E46/><V53/><F69/><W76/><G76/><T81/><D81/><N who="1" m="47535" /><E11/><V129/><F129/><W19/><G48/><T23/><D23/><U67/><E67/><V97/><F97/><W90/><G94/><T119/><D119/><U95/><E95/><V91/><F55/><W117/><REACH who="3" step="1"/><G117/><REACH who="3" ten="334,207,67,382" step="2"/><T105/><D105/><U132/><E92/><V31/><REACH who="2" step="1"/><F109/><REACH who="2" ten="334,207,57,382" step="2"/><W50/><G50/><T26/><D110/><U45/><E132/><V78/><F78/><W103/><G103/><N who="1" m="39434" /><E45/><V130/><F130/><W41/><G41/><T85/><D43/><U10/><E58/><V4/><F4/><W2/><G2/><T124/><D47/><U93/><E52/><V98/><F98/><W134/><G134/><T100/><D54/><U68/><E68/><V0/><F0/><W7/><G7/><T89/><D70/><U24/><E93/><V40/><F40/><W127/><G127/><T121/><D124/><U80/><E80/><V59/><F59/><W128/><G128/><T83/><D83/><U27/><E29/><V126/><F126/><W106/><G106/><T71/><D71/><U96/><E96/><V64/><F64/><RYUUKYOKU ba="1,2" sc="334,-30,207,10,57,10,382,10" hai1="10,14,16,22,24,27,28" hai2="12,17,20,21,31,53,56,63,82,86,91,108,111" hai3="3,6,8,9,13,15,18,19,57,62,65,88,90" /><INIT seed="5,2,2,5,1,106" ten="304,217,67,392" oya="1" hai0="3,118,125,2,33,63,116,109,4,77,62,15,134" hai1="44,9,129,122,47,42,114,103,128,88,52,6,34" hai2="54,21,81,78,90,32,112,7,43,1,133,23,127" hai3="130,71,65,68,101,95,86,94,131,41,25,117,16"/><U102/><E122/><V55/><F32/><W19/><G117/><T126/><D77/><U26/><E114/><V115/><F127/><N who="0" m="48650" /><D63/><U57/><E34/><V5/><F43/><W100/><G41/><T93/><D62/><N who="1" m="36135" /><E26/><V40/><F40/><W113/><G25/><T45/><D45/><N who="1" m="17483" /><E42/><V72/><F133/><W120/><G86/><T53/><D53/><N who="2" m="19978" /><F90/><W91/><G91/><T83/><D134/><U13/><E129/><V97/><F97/><W70/><G65/><T89/><D33/><U61/><E128/><N who="3" m="49194" /><G113/><N who="2" m="43593" /><F1/><W58/><G58/><T11/><D2/><U51/><E61/><V82/><F81/><W17/><G120/><T14/><D83/><U85/><E51/><V29/><F29/><W46/><G46/><T80/><D80/><AGARI ba="2,2" hai="6,9,13,80,85,88,102,103" m="17483,36135" machi="80" ten="30,5800,0" yaku="8,1,54,2" doraHai="106" who="1" fromWho="0" sc="304,-64,217,84,67,0,392,0" /><INIT seed="5,3,0,5,1,68" ten="240,301,67,392" oya="1" hai0="24,46,27,0,26,16,36,94,51,134,7,70,99" hai1="116,97,100,64,83,91,63,20,21,13,55,115,111" hai2="34,29,96,113,56,72,49,81,124,58,86,50,60" hai3="11,40,129,62,80,85,52,33,118,93,69,79,65"/><U133/><E115/><V67/><F72/><W9/><G33/><T89/><D134/><U28/><E116/><V122/><F122/><W22/><G118/><T19/><D70/><U84/><E133/><V47/><F124/><W117/><G117/><T114/><D114/><U41/><E111/><V108/><F113/><W106/><G106/><T57/><D0/><U105/><E41/><V103/><F108/><W43/><G129/><T4/><D57/><U95/><E55/><V82/><F34/><W31/><G93/><T39/><D7/><U66/><E66/><V15/><F29/><W78/><G78/><T54/><REACH who="0" step="1"/><D4/><REACH who="0" ten="230,301,67,392" step="2"/><U128/><E128/><V8/><F58/><W109/><G69/><T42/><D42/><U98/><E64/><V74/><F74/><W25/><G65/><T48/><D48/><U77/><E63/><V38/><F50/><W135/><G135/><T102/><D102/><U30/><REACH who="1" step="1"/><E13/><REACH who="1" ten="230,291,67,392" step="2"/><V37/><F15/><W126/><G43/><T10/><D10/><U35/><E35/><V131/><F8/><W2/><G40/><T119/><D119/><U44/><E44/><V6/><F131/><W71/><G11/><T88/><D88/><U45/><E45/><V14/><F14/><W127/><G9/><T59/><D59/><U112/><E112/><V104/><F6/><W101/><G71/><T53/><D53/><U123/><E123/><V120/><F120/><W23/><G52/><T75/><D75/><U17/><E17/><AGARI ba="3,2" hai="16,17,19,24,26,27,36,39,46,51,54,89,94,99" machi="17" ten="40,12000,2" yaku="1,1,52,2,54,1,53,3" doraHai="68" doraHaiUra="12" who="0" fromWho="1" sc="230,149,291,-129,67,0,392,0" /><INIT seed="6,0,0,3,4,55" ten="379,162,67,392" oya="2" hai0="126,38,5,92,132,20,96,13,108,58,97,71,84" hai1="70,12,7,124,74,15,64,35,2,44,69,52,117" hai2="103,50,113,28,95,125,81,23,45,54,41,89,120" hai3="77,25,102,107,91,19,10,27,49,3,123,75,32"/><V63/><F113/><W26/><G123/><T30/><D71/><U105/><E74/><V53/><F125/><W73/><G32/><T129/><D38/><U104/><E117/><V51/><F120/><W131/><G131/><T87/><D129/><U112/><E35/><V135/><F135/><W133/><G133/><T1/><D1/><U82/><E2/><V86/><F63/><W62/><G49/><T79/><D132/><U119/><E119/><V114/><F114/><W88/><G107/><T46/><D126/><U111/><E111/><V18/><F28/><W115/><G102/><T110/><D46/><U130/><E112/><V59/><F103/><W61/><G115/><T56/><D97/><U31/><E104/><V99/><F41/><W40/><G40/><T80/><D87/><U90/><E105/><V22/><REACH who="2" step="1"/><F18/><REACH who="2" ten="379,162,57,392" step="2"/><W128/><G19/><T98/><D30/><U93/><E124/><V42/><F42/><W24/><G128/><T29/><D29/><U118/><E130/><V134/><F134/><W100/><G100/><T16/><D110/><U9/><E118/><V78/><AGARI ba="0,1" hai="22,23,45,50,51,53,54,59,78,81,86,89,95,99" machi="78" ten="20,12000,1" yaku="1,1,0,1,7,1,8,1,52,1,53,0" doraHai="55" doraHaiUra="67" who="2" fromWho="2" sc="379,-40,162,-40,57,130,392,-40" /><INIT seed="6,1,0,3,5,124" ten="339,122,187,352" oya="2" hai0="85,80,96,8,121,89,27,66,23,25,17,11,133" hai1="62,115,61,32,9,93,2,49,3,54,46,33,102" hai2="15,76,114,95,28,97,44,132,38,12,105,134,26" hai3="43,13,41,127,109,82,6,63,52,111,94,108,104"/><V53/><F105/><W130/><G104/><T88/><D133/><N who="2" m="51306" /><F114/><W119/><G119/><T113/><D113/><U22/><E115/><V4/><F76/><W112/><G112/><T79/><D121/><U122/><E122/><V58/><F4/><W1/><G1/><T87/><D66/><U34/><E22/><N who="2" m="15447" /><F44/><W64/><G127/><T65/><D65/><U19/><E2/><V59/><F38/><W72/><G94/><N who="0" m="56391" /><D27/><U77/><E77/><V106/><F106/><W70/><G52/><T57/><D57/><N who="2" m="21514" /><F53/><W128/><G6/><T67/><D67/><U101/><E3/><V35/><F35/><W18/><G72/><T47/><D47/><U40/><E54/><V71/><F71/><W116/><G116/><T81/><AGARI ba="1,0" hai="8,11,17,23,25,79,80,81,85,87,89" m="56391" machi="81" ten="30,2000,0" yaku="8,1,54,1" doraHai="124" who="0" fromWho="0" sc="339,23,122,-6,187,-11,352,-6" /><INIT seed="7,0,0,5,1,29" ten="362,116,176,346" oya="3" hai0="37,62,115,57,118,77,31,120,25,15,89,123,24" hai1="130,42,28,17,86,20,107,67,46,94,72,83,34" hai2="18,59,47,133,45,135,129,112,90,11,126,70,40" hai3="3,76,0,101,64,33,102,97,85,2,96,14,121"/><W36/><G121/><T26/><D118/><U43/><E107/><V99/><F112/><W91/><G36/><T5/><D37/><U109/><E109/><V16/><F70/><W98/><G76/><T114/><D77/><U108/><E108/><V41/><F59/><W74/><G74/><T88/><D31/><U35/><E130/><V92/><F126/><W53/><G33/><T84/><D123/><U9/><E72/><V78/><F78/><W51/><G14/><T131/><D131/><U75/><E75/><V125/><F125/><W66/><G102/><T104/><D104/><U54/><E94/><V7/><F129/><W71/><G101/><T30/><D30/><U116/><E67/><V21/><F45/><W68/><G68/><T60/><D120/><U1/><E116/><V127/><F127/><W105/><G71/><T124/><D124/><U65/><E65/><V48/><F41/><W38/><G38/><T27/><D27/><U110/><E110/><V132/><F21/><W56/><REACH who="3" step="1"/><G105/><REACH who="3" ten="362,116,176,336" step="2"/><T23/><D115/><U44/><E1/><AGARI ba="0,1" hai="1,7,11,16,18,40,47,48,90,92,99,132,133,135" machi="1" ten="40,2600,0" yaku="20,1,54,1" doraHai="29" who="2" fromWho="1" sc="362,0,116,-26,176,36,336,0" owari="362,46.2,90,-41.0,212,-18.8,336,13.6" /></mjloggm>