<mjloggm ver="2.3"><GO type="169" lobby="0"/><UN n0="%E3%82%86%E3%83%BC%E3%81%B5%E3%82%89" n1="%5A%E6%B0%91" n2="%E5%81%BD%E5%96%84%E8%80%85%E9%AB%98%E6%A9%8B%E3%81%BF%E3%81%AA%E3%81%BF" n3="%E3%83%A8%E3%82%B3%E3%83%86%E3%82%A3%E3%83%B3%40" dan="16,18,17,16" rate="2028.19,2262.42,2170.75,2105.28" sx="M,M,F,M"/><TAIKYOKU oya="0"/><INIT seed="0,0,0,4,1,114" ten="250,250,250,250" oya="0" hai0="131,46,10,128,129,29,32,121,9,12,45,44,133" hai1="97,91,16,74,102,1,108,127,111,3,27,109,41" hai2="6,89,117,54,112,81,118,82,42,55,23,106,61" hai3="110,58,64,48,35,39,62,18,28,20,50,119,116"/><T21/><D121/><U36/><E74/><V125/><F112/><W134/><G39/><T11/><D32/><U132/><E91/><V77/><F106/><W115/><G115/><T105/><D105/><N who="1" m="63695" /><E132/><V68/><F42/><W94/><G35/><T130/><N who="0" m="32768" /><DORA hai="53" /><T17/><REACH who="0" step="1"/><D29/><REACH who="0" ten="240,250,250,250" step="2"/><U100/><E111/><V22/><F118/><W67/><G28/><T4/><D4/><U87/><E109/><V88/><F6/><W107/><G110/><T90/><D90/><U57/><E108/><V24/><F88/><W31/><G31/><T78/><D78/><U56/><E100/><V98/><F77/><W13/><G116/><T15/><D15/><U59/><E1/><V83/><F117/><W65/><G119/><T73/><D73/><U43/><E3/><V99/><F89/><W33/><G33/><T26/><D26/><U30/><E30/><V37/><F24/><W60/><G13/><T93/><D93/><U34/><E34/><V71/><F81/><W104/><G94/><T63/><D63/><U66/><E27/><V72/><F61/><W69/><G60/><T103/><D103/><U85/><E127/><V113/><F72/><W51/><G104/><T135/><AGARI ba="0,1" hai="9,10,11,12,17,21,44,45,46,133,135" m="32768" machi="135" ten="70,24000,3" yaku="1,1,0,1,29,2,19,1,53,5" doraHai="114,53" doraHaiUra="124,14" who="0" fromWho="0" sc="240,250,250,-80,250,-80,250,-80" /><INIT seed="0,1,0,0,3,59" ten="490,170,170,170" oya="0" hai0="55,126,113,38,39,22,25,26,53,8,80,58,83" hai1="35,18,82,43,46,77,54,34,45,14,51,122,103" hai2="105,130,11,68,37,42,90,84,111,52,41,15,13" hai3="117,93,110,60,115,75,78,85,31,20,125,97,73"/><T124/><D58/><U108/><E108/><V98/><F111/><W91/><G110/><T116/><D8/><U100/><E122/><V30/><F68/><W95/><G117/><T107/><D107/><U121/><E121/><V64/><F64/><W0/><G0/><T129/><D22/><U48/><E34/><V79/><F30/><W10/><G10/><T87/><D87/><U9/><REACH who="1" step="1"/><E35/><REACH who="1" ten="490,160,170,170" step="2"/><V114/><F130/><W33/><G33/><T7/><D129/><U135/><E135/><V131/><F131/><W88/><G115/><T21/><D113/><U29/><E29/><V134/><F134/><W71/><G31/><T127/><D116/><U4/><E4/><V128/><F128/><W65/><G125/><T118/><D7/><U19/><E19/><V16/><F16/><W47/><G20/><T67/><D21/><U62/><E62/><V56/><F114/><W63/><G63/><T2/><D118/><U12/><E12/><V44/><F15/><W89/><G60/><T61/><D2/><U133/><E133/><V92/><F13/><W72/><G65/><T74/><D67/><U23/><E23/><V6/><F6/><W24/><G24/><N who="0" m="9323" /><D61/><U119/><E119/><V5/><F5/><W69/><G69/><T57/><D127/><U3/><E3/><V132/><F132/><W86/><G71/><T70/><D70/><U28/><E28/><V50/><F11/><W106/><G47/><T123/><D126/><U99/><E99/><V94/><F44/><W76/><G97/><T40/><D124/><U1/><E1/><V66/><F98/><RYUUKYOKU ba="1,1" sc="490,-10,160,30,170,-10,170,-10" hai1="9,14,18,43,45,46,48,51,54,77,82,100,103" /><INIT seed="1,2,1,1,5,54" ten="480,190,160,160" oya="1" hai0="107,45,2,77,89,116,7,37,83,130,50,80,64" hai1="78,40,20,10,120,125,48,13,43,135,101,8,84" hai2="17,82,97,118,131,63,59,56,51,14,87,55,92" hai3="69,25,90,53,57,133,21,12,52,119,79,96,31"/><U18/><E120/><V104/><F131/><W134/><G69/><T129/><D116/><U72/><E72/><V16/><F104/><W29/><G119/><T108/><D108/><U26/><E135/><N who="3" m="51722" /><G79/><T38/><D107/><U123/><E123/><V85/><F118/><W81/><G12/><T73/><D64/><U9/><E125/><V99/><F82/><W19/><G53/><T68/><D68/><U67/><E101/><N who="2" m="60583" /><F99/><W128/><G128/><N who="0" m="49259" /><D7/><U58/><E13/><V30/><F30/><W75/><G96/><T6/><D6/><U4/><E4/><V95/><F95/><W44/><G44/><T132/><D2/><U98/><E98/><V28/><F28/><W32/><G32/><T74/><D132/><U33/><E33/><V100/><F100/><W93/><G93/><T121/><D121/><U47/><E78/><V124/><F124/><W91/><G75/><T70/><D70/><U94/><E94/><V60/><F51/><N who="3" m="30879" /><G91/><T126/><D126/><U35/><E35/><V66/><F17/><W0/><G0/><T86/><D74/><U106/><E106/><V42/><F42/><AGARI ba="2,1" hai="37,38,42,45,50,73,77,80,83,86,89" m="49259" machi="42" ten="30,1000,0" yaku="19,1" doraHai="54" who="0" fromWho="2" sc="480,26,190,0,160,-16,160,0" /><INIT seed="2,0,0,4,2,113" ten="506,190,144,160" oya="2" hai0="88,96,124,117,68,78,106,130,102,128,79,110,107" hai1="60,89,62,131,54,103,76,82,59,33,66,69,5" hai2="27,65,24,51,47,118,44,32,31,16,49,133,14" hai3="43,121,120,72,125,67,90,46,84,64,83,39,116"/><V86/><F133/><W57/><G116/><T48/><D68/><U92/><E33/><V132/><F132/><W58/><G125/><T91/><D48/><U11/><E131/><N who="0" m="50217" /><D107/><U18/><E18/><V94/><F65/><W135/><G135/><T114/><D117/><U98/><E103/><V3/><F3/><W97/><G64/><T9/><D9/><U28/><E28/><V1/><F1/><W7/><G7/><T85/><D110/><U34/><E34/><V8/><F118/><W74/><G67/><T17/><D17/><U2/><E82/><V73/><F73/><W104/><G72/><T112/><D124/><U56/><REACH who="1" step="1"/><E76/><REACH who="1" ten="506,180,144,160" step="2"/><N who="0" m="29225" /><D91/><U108/><E108/><V127/><F127/><W105/><G90/><T23/><D23/><U134/><E134/><V101/><F101/><W30/><G30/><T50/><D50/><N who="2" m="18954" /><F32/><W45/><G39/><T40/><D40/><U6/><E6/><V122/><F31/><W71/><G43/><T95/><AGARI ba="0,1" hai="85,88,95,96,102,106,112,114" m="29225,50217" machi="95" ten="30,7900,0" yaku="19,1,34,2,54,1" doraHai="113" who="0" fromWho="0" sc="506,89,180,-20,144,-39,160,-20" /><INIT seed="3,0,0,5,0,73" ten="595,160,105,140" oya="3" hai0="91,133,12,70,54,22,82,4,121,52,25,57,86" hai1="109,55,66,134,89,27,40,85,112,94,0,107,68" hai2="60,76,45,17,87,77,93,64,51,31,15,33,21" hai3="120,75,84,116,30,124,16,113,81,1,61,130,9"/><W13/><G130/><T128/><D70/><U59/><E0/><V10/><F33/><W96/><G124/><T56/><D133/><U7/><E107/><V18/><F31/><W102/><G113/><T99/><D128/><U103/><E103/><V11/><F93/><N who="3" m="58639" /><G116/><T119/><D121/><U5/><E112/><V43/><F87/><W63/><G1/><T104/><D4/><U111/><E40/><V20/><F10/><W26/><G75/><T65/><D12/><U97/><E97/><V3/><F3/><W62/><G120/><T131/><D119/><U39/><E39/><V23/><REACH who="2" step="1"/><F18/><REACH who="2" ten="595,160,95,140" step="2"/><W69/><G30/><T122/><D86/><U48/><E85/><V58/><AGARI ba="0,1" hai="11,15,17,20,21,23,43,45,51,58,60,64,76,77" machi="58" ten="30,12000,2" yaku="1,1,2,1,0,1,8,1,52,2,53,0" doraHai="73" doraHaiUra="78" who="2" fromWho="2" sc="595,-30,160,-30,95,130,140,-60" /><INIT seed="4,0,0,2,2,17" ten="565,130,225,80" oya="0" hai0="65,24,87,44,34,51,49,47,29,93,86,108,6" hai1="118,68,54,117,109,36,25,0,46,129,16,13,120" hai2="83,45,22,132,101,66,115,38,53,5,130,60,64" hai3="133,30,21,126,39,79,125,3,32,94,100,20,121"/><T63/><D108/><U11/><E120/><V92/><F115/><W112/><G112/><T62/><D6/><U52/><E109/><V8/><F130/><W12/><G121/><T58/><D63/><U70/><E129/><V77/><F132/><W23/><G133/><T88/><D51/><U18/><E0/><V85/><F101/><W74/><G3/><T110/><D110/><U26/><E13/><V116/><F92/><W124/><G39/><T4/><D4/><U104/><E46/><V91/><F91/><W105/><G105/><T135/><D135/><U84/><E84/><V72/><F72/><W111/><G111/><T114/><D114/><U81/><E81/><V27/><F116/><W31/><G79/><T106/><D106/><U7/><E7/><V2/><F60/><W90/><G74/><T98/><REACH who="0" step="1"/><D47/><REACH who="0" ten="555,130,225,80" step="2"/><U56/><E104/><V57/><F38/><W1/><G1/><T128/><D128/><U55/><E36/><V95/><F45/><W75/><G75/><T14/><D14/><U48/><E48/><V9/><F5/><W43/><G12/><T123/><D123/><U19/><E117/><V67/><F2/><W131/><G131/><T50/><D50/><U15/><E118/><V40/><F67/><W73/><G73/><T78/><D78/><U42/><E15/><V102/><F66/><W89/><G32/><T41/><AGARI ba="0,1" hai="24,29,34,41,44,49,58,62,65,86,87,88,93,98" machi="41" ten="20,7800,0" yaku="1,1,0,1,7,1,54,1,53,0" doraHai="17" doraHaiUra="134" who="0" fromWho="0" sc="555,88,130,-26,225,-26,80,-26" /><INIT seed="4,1,0,3,0,98" ten="643,104,199,54" oya="0" hai0="69,19,52,87,128,97,109,72,83,56,10,79,94" hai1="134,5,48,70,4,73,106,117,66,44,89,58,21" hai2="100,8,62,77,121,135,36,114,124,39,59,118,103" hai3="13,16,75,12,125,57,15,127,102,35,63,84,110"/><T49/><D128/><U27/><E117/><V96/><F121/><W81/><G110/><T78/><D69/><U37/><E73/><V25/><F118/><W119/><G119/><T38/><D38/><U17/><E134/><V130/><F135/><W34/><G75/><T108/><D72/><U46/><E106/><V43/><F130/><W85/><G85/><T20/><D10/><U126/><E126/><N who="3" m="48138" /><G34/><T67/><D67/><U29/><E70/><V68/><F68/><W116/><G35/><T122/><D79/><U71/><E71/><V111/><F77/><N who="3" m="46127" /><G116/><T26/><REACH who="0" step="1"/><D122/><REACH who="0" ten="633,104,199,54" step="2"/><U76/><E76/><V11/><F36/><W32/><G32/><T42/><D42/><U95/><E37/><V41/><F41/><W132/><G132/><T120/><D120/><U113/><E66/><V28/><F43/><W0/><G0/><T18/><D18/><U115/><E17/><V50/><F39/><W23/><G102/><AGARI ba="1,1" hai="19,20,26,49,52,56,78,83,87,94,97,102,108,109" machi="102" ten="40,7700,0" yaku="1,1,52,1,54,1,53,0" doraHai="98" doraHaiUra="133" who="0" fromWho="3" sc="633,90,104,0,199,0,54,-80" owari="723,82.3,104,-29.6,199,-0.1,-26,-52.6" /></mjloggm>