<mjloggm ver="2.3"><GO type="169" lobby="0"/><UN n0="%E3%82%AD%E3%83%AA%E3%83%B3%E3%83%AA%E3%82%AD%E5%BF%AB" n1="%E8%B2%B4%E6%97%8F%E7%B3%BB%E9%9B%80%E5%A3%AB" n2="%48%79" n3="%46%75%4B%61" dan="17,17,16,16" rate="2204.15,2194.68,2126.42,2087.75" sx="M,M,F,M"/><TAIKYOKU oya="0"/><INIT seed="0,0,0,3,0,46" ten="250,250,250,250" oya="0" hai0="81,98,35,75,14,127,20,93,111,135,47,54,29" hai1="105,44,58,16,62,126,125,77,87,0,43,23,110" hai2="107,11,31,59,6,27,108,113,41,123,51,1,90" hai3="40,8,131,97,115,85,120,64,119,30,10,88,132"/><T86/><D135/><U39/><E105/><V53/><F123/><W102/><G115/><T99/><D127/><U72/><E72/><V83/><F113/><W52/><G119/><T34/><D75/><U91/><E77/><V69/><F108/><W24/><G40/><T73/><D73/><U129/><E0/><V21/><F69/><W117/><G117/><T55/><D111/><U26/><E129/><V12/><F107/><W48/><G64/><T45/><D35/><U124/><E110/><V50/><F1/><W49/><G131/><T38/><D34/><U134/><E134/><V92/><F83/><W109/><G109/><T71/><D71/><U89/><REACH who="1" step="1"/><E87/><REACH who="1" ten="250,240,250,250" step="2"/><N who="2" m="52319" /><F41/><W100/><G132/><T9/><D86/><U106/><E106/><V96/><F96/><W15/><G120/><T2/><D99/><U121/><E121/><V65/><F65/><AGARI ba="0,1" hai="16,23,26,39,43,44,58,62,65,89,91,124,125,126" machi="65" ten="40,8000,1" yaku="1,1,18,1,54,1,53,1" doraHai="46" doraHaiUra="56" who="1" fromWho="2" sc="250,0,240,90,250,-80,250,0" /><INIT seed="1,0,0,0,2,124" ten="250,330,170,250" oya="1" hai0="12,57,115,0,24,7,27,68,77,108,59,51,99" hai1="4,22,63,66,41,76,90,91,33,9,26,62,84" hai2="65,129,114,8,123,32,74,85,47,107,116,11,34" hai3="15,73,16,55,103,43,35,71,95,64,111,60,80"/><U94/><E33/><V101/><F116/><W6/><G111/><T100/><D115/><U131/><E131/><V112/><F123/><W132/><G35/><T102/><D68/><U28/><E76/><V45/><F74/><W56/><G132/><T2/><D77/><U23/><E41/><V48/><F85/><W86/><G73/><T126/><D51/><U69/><E63/><V37/><F48/><W50/><G6/><T36/><D12/><U13/><REACH who="1" step="1"/><E90/><REACH who="1" ten="250,320,170,250" step="2"/><V119/><F129/><W75/><G43/><T52/><D126/><U93/><E93/><V42/><F42/><W105/><G105/><T130/><D130/><U127/><E127/><V54/><F107/><W135/><G135/><T40/><D40/><U61/><E61/><V128/><F128/><W70/><G95/><T79/><D79/><U120/><E120/><V110/><F34/><W29/><G103/><T133/><D133/><U39/><E39/><V1/><F32/><W53/><G75/><T30/><D36/><U88/><E88/><V49/><F37/><W31/><G70/><T58/><D102/><U92/><E92/><V113/><F101/><W72/><G71/><T20/><D100/><U109/><E109/><V19/><F110/><W104/><G104/><T14/><D108/><U121/><E121/><V44/><F114/><W25/><G72/><T83/><D83/><U10/><E10/><V125/><F113/><W118/><G80/><T97/><D97/><U17/><E17/><V18/><F112/><W122/><G122/><T87/><D99/><U38/><E38/><V81/><F125/><RYUUKYOKU ba="0,1" sc="250,-10,320,30,170,-10,250,-10" hai1="4,9,13,22,23,26,28,62,66,69,84,91,94" /><INIT seed="1,1,1,1,0,12" ten="240,350,160,240" oya="1" hai0="82,53,35,61,4,123,40,110,65,91,83,87,69" hai1="59,120,29,23,128,14,76,126,97,63,11,20,49" hai2="48,41,33,135,25,134,107,2,104,58,28,72,5" hai3="30,81,105,84,3,117,18,56,50,118,67,113,95"/><U64/><E120/><V102/><F72/><W38/><G3/><T70/><D123/><U47/><E126/><V129/><F129/><W17/><G38/><T80/><D110/><U77/><E128/><V103/><F5/><W51/><G105/><N who="2" m="40521" /><F2/><W1/><G1/><T34/><D70/><U39/><E39/><V79/><F79/><N who="1" m="30281" /><E97/><V111/><F111/><W115/><G30/><T24/><D40/><N who="1" m="24807" /><E29/><V75/><F75/><W52/><G95/><T6/><D53/><U27/><E27/><V109/><F109/><W66/><G81/><T100/><D100/><U99/><E99/><V46/><F58/><W44/><G84/><T10/><D4/><AGARI ba="1,1" hai="4,11,14,20,23,59,63,64" m="24807,30281" machi="4" ten="30,1500,0" yaku="8,1" doraHai="12" who="1" fromWho="0" sc="240,-18,350,28,160,0,240,0" /><INIT seed="1,2,0,2,4,58" ten="222,378,160,240" oya="1" hai0="4,30,117,6,11,84,31,97,21,50,75,32,17" hai1="62,12,44,71,60,116,126,91,33,63,100,57,106" hai2="40,109,82,43,107,92,115,114,23,37,64,66,18" hai3="101,104,129,77,35,134,7,53,61,39,118,49,112"/><U54/><E116/><V28/><F107/><W14/><G35/><T3/><D75/><U113/><E113/><N who="2" m="43019" /><F28/><W65/><G129/><T131/><D117/><U78/><E33/><V108/><F92/><W120/><G39/><T0/><D84/><U42/><E71/><V46/><F82/><W67/><G101/><T130/><D50/><N who="1" m="26903" /><E106/><V47/><F18/><W102/><G102/><T87/><D87/><U34/><E34/><V135/><F23/><W24/><G24/><N who="0" m="18503" /><D97/><U20/><E100/><V55/><F55/><W51/><G104/><T1/><D31/><U2/><E2/><N who="0" m="1129" /><D4/><U123/><E123/><V68/><F135/><W125/><G112/><T83/><D83/><U86/><E126/><V121/><F121/><W13/><G125/><T95/><D95/><N who="1" m="54775" /><E78/><V76/><F76/><W56/><G77/><T93/><D93/><U103/><E103/><V38/><F68/><W25/><G120/><T81/><D81/><U74/><E74/><V89/><F89/><W26/><G118/><T19/><D19/><AGARI ba="2,0" hai="12,19,20,54,57,60,62,63" m="54775,26903" machi="19" ten="30,11600,0" yaku="8,1,52,3" doraHai="58" who="1" fromWho="0" sc="222,-122,378,122,160,0,240,0" /><INIT seed="1,3,0,0,2,63" ten="100,500,160,240" oya="1" hai0="52,78,15,48,37,114,104,28,101,46,128,115,25" hai1="36,91,94,47,29,43,117,31,102,133,17,20,87" hai2="134,103,66,88,111,60,86,56,72,109,95,35,40" hai3="65,53,98,14,33,100,124,74,106,19,92,6,77"/><U24/><E117/><V122/><F122/><W130/><G124/><T21/><D128/><U11/><E133/><V12/><F35/><W76/><G130/><T49/><D37/><U61/><E102/><V70/><F72/><W67/><G33/><T99/><D78/><U55/><E11/><V110/><F134/><W50/><G6/><T69/><D69/><U71/><E55/><V85/><F40/><W116/><G116/><T18/><REACH who="0" step="1"/><D48/><REACH who="0" ten="90,500,160,240" step="2"/><N who="1" m="26751" /><E71/><V23/><F70/><W38/><G38/><T0/><D0/><U93/><E36/><V22/><F103/><W119/><G119/><T89/><D89/><N who="1" m="53439" /><E61/><V129/><F129/><W96/><G77/><T113/><D113/><U120/><E120/><V118/><F118/><W79/><G76/><T27/><D27/><U121/><E121/><V105/><F12/><W82/><G106/><T112/><D112/><U45/><E91/><N who="2" m="53743" /><F105/><W8/><REACH who="3" step="1"/><G96/><REACH who="3" ten="90,500,160,230" step="2"/><T32/><AGARI ba="3,2" hai="15,18,21,25,28,32,46,49,52,99,101,104,114,115" machi="32" ten="20,5200,0" yaku="1,1,0,1,7,1,54,1,53,0" doraHai="63" doraHaiUra="81" who="0" fromWho="0" sc="90,81,500,-29,160,-16,230,-16" /><INIT seed="2,0,0,0,5,81" ten="171,471,144,214" oya="2" hai0="63,117,38,58,110,73,70,66,75,16,107,114,45" hai1="14,113,44,0,35,97,132,60,88,43,121,68,34" hai2="77,87,42,118,56,69,78,82,36,134,90,74,129" hai3="46,108,37,115,41,9,23,10,62,25,18,15,76"/><V67/><F118/><W5/><G108/><T4/><D114/><U40/><E0/><V80/><F69/><W19/><G115/><T84/><D110/><U29/><E113/><V47/><F134/><W50/><G62/><T103/><D117/><U85/><E40/><V112/><F112/><W120/><G120/><T59/><D4/><U101/><E132/><V119/><F119/><W12/><G37/><T123/><D123/><U93/><E14/><V22/><F129/><W105/><G105/><T99/><D38/><U92/><E29/><V109/><F109/><W86/><G19/><T49/><D73/><U111/><E111/><V54/><F67/><W116/><G23/><T30/><D30/><U57/><E68/><V135/><F135/><W21/><G21/><T104/><D104/><U3/><E3/><V89/><REACH who="2" step="1"/><F22/><REACH who="2" ten="171,471,134,214" step="2"/><W53/><G116/><T133/><D133/><U52/><E121/><V96/><F96/><W11/><G25/><T8/><D75/><U48/><AGARI ba="0,1" hai="34,35,43,44,48,52,57,60,85,88,92,93,97,101" machi="48" ten="20,8000,1" yaku="0,1,7,1,52,1,54,2" doraHai="81" who="1" fromWho="1" sc="171,-20,471,90,134,-40,214,-20" /><INIT seed="3,0,0,5,3,61" ten="151,561,94,194" oya="3" hai0="124,103,54,75,117,63,20,77,17,26,5,6,16" hai1="60,23,67,22,42,58,25,38,37,55,4,33,52" hai2="102,48,44,123,132,3,99,71,126,46,21,118,79" hai3="35,13,27,41,9,105,121,57,106,11,45,69,93"/><W89/><G121/><T111/><D111/><U7/><E33/><V86/><F118/><W104/><G69/><T133/><D117/><U74/><E74/><V14/><F3/><W43/><G35/><T135/><D103/><U95/><E42/><V83/><F132/><N who="0" m="50762" /><D77/><U10/><E37/><V128/><F128/><W53/><G27/><T84/><D84/><U29/><E38/><V129/><F129/><W50/><G45/><T51/><D75/><U8/><E23/><V76/><F126/><W114/><G114/><T56/><D124/><U108/><E108/><V92/><F123/><W0/><G0/><T70/><D17/><U80/><E80/><V85/><F71/><W73/><G73/><T30/><D30/><U65/><E55/><V28/><F48/><W115/><G115/><T100/><D100/><U98/><E4/><V119/><F119/><W134/><G134/><T113/><D113/><U59/><E59/><V109/><F109/><W1/><G1/><T62/><D51/><U94/><E94/><V78/><F86/><W18/><REACH who="3" step="1"/><G9/><REACH who="3" ten="151,561,94,184" step="2"/><N who="1" m="3690" /><E7/><V34/><F34/><W66/><G66/><AGARI ba="0,1" hai="5,6,16,20,26,54,56,62,63,66,70" m="50762" machi="66" ten="30,3900,0" yaku="20,1,52,1,54,1" doraHai="61" who="0" fromWho="3" sc="151,49,561,0,94,0,184,-39" /><INIT seed="4,0,0,0,0,63" ten="200,561,94,145" oya="0" hai0="75,92,91,66,0,5,104,65,42,31,29,67,13" hai1="77,114,16,117,64,86,18,94,48,2,23,84,53" hai2="21,54,123,38,39,26,108,58,119,7,47,78,115" hai3="14,98,70,49,34,20,1,135,124,134,24,33,83"/><T4/><D0/><U102/><E117/><V52/><F123/><W17/><G70/><T59/><D104/><U96/><E2/><V57/><F108/><W41/><G98/><N who="0" m="57631" /><D75/><U99/><E114/><V125/><F115/><W122/><G83/><T87/><D42/><U128/><E128/><V50/><F125/><W81/><G81/><T113/><D113/><U97/><E18/><V107/><F107/><W106/><G106/><T133/><D133/><N who="3" m="50697" /><G49/><T129/><D129/><U89/><E64/><N who="0" m="24681" /><D87/><U111/><E84/><V22/><F119/><W103/><G103/><T85/><D85/><U88/><E111/><V60/><F78/><W93/><G93/><T6/><D13/><N who="1" m="9615" /><E77/><V12/><F38/><W8/><G41/><T90/><D90/><N who="1" m="53591" /><E102/><V68/><F68/><W109/><G109/><T132/><D132/><U43/><E43/><V19/><F39/><W95/><G122/><T74/><D74/><U76/><E76/><V100/><F100/><W79/><G95/><T46/><D46/><AGARI ba="0,0" hai="46,48,53,88,89,96,97,99" m="53591,9615" machi="46" ten="30,3900,0" yaku="8,1,54,2" doraHai="63" who="1" fromWho="0" sc="200,-39,561,39,94,0,145,0" /><INIT seed="5,0,0,3,5,66" ten="161,600,94,145" oya="1" hai0="9,84,60,131,17,75,123,99,63,24,100,119,27" hai1="82,21,79,135,68,108,42,127,71,32,37,36,48" hai2="101,80,25,62,110,0,1,90,85,128,117,78,109" hai3="130,57,34,93,44,40,31,129,73,113,54,53,56"/><U106/><E106/><V64/><F117/><W35/><G73/><T72/><D119/><U7/><E32/><V41/><F128/><N who="3" m="49259" /><G31/><T15/><D131/><U18/><E127/><V10/><F101/><W59/><G93/><N who="0" m="58479" /><D72/><U83/><E7/><V132/><F132/><W95/><G95/><T89/><D75/><U19/><E21/><V104/><F104/><W77/><G77/><T29/><D123/><U50/><E42/><V118/><F118/><W4/><G4/><T38/><D38/><U28/><E28/><V87/><F41/><W45/><G113/><T2/><D2/><U74/><E74/><V30/><F0/><W134/><G134/><T52/><D29/><U39/><E135/><V22/><F10/><W92/><G92/><N who="0" m="54311" /><D52/><N who="3" m="20073" /><G40/><T102/><D102/><U67/><E67/><V114/><F1/><W116/><G116/><T69/><D24/><U133/><E133/><V43/><F43/><W81/><G81/><N who="1" m="30730" /><E79/><V65/><F114/><W33/><AGARI ba="0,0" hai="33,34,35,44,45,56,57,59" m="20073,49259" machi="33" ten="40,8000,1" yaku="28,2,19,1,54,1" doraHai="66" who="3" fromWho="3" sc="161,-20,600,-40,94,-20,145,80" /><INIT seed="6,0,0,1,2,87" ten="141,560,74,225" oya="2" hai0="66,127,91,19,29,6,42,92,69,11,27,88,68" hai1="104,109,82,103,10,94,101,122,72,34,45,47,90" hai2="60,53,95,125,110,112,58,17,115,41,100,81,59" hai3="128,133,37,62,75,97,106,12,126,2,5,84,1"/><V52/><F125/><W32/><G84/><T57/><D127/><U121/><E109/><V74/><F110/><W36/><G97/><T116/><D116/><U3/><E34/><V118/><F118/><W130/><G62/><T123/><D123/><N who="1" m="47115" /><E104/><V44/><F17/><W55/><G55/><T98/><D19/><U107/><E107/><V134/><F100/><W96/><G96/><T13/><D42/><U18/><E103/><V64/><F95/><W8/><G106/><T80/><D57/><N who="2" m="21514" /><F81/><W124/><G75/><T108/><D66/><U76/><E101/><V4/><F4/><W119/><G119/><T89/><D108/><U51/><E51/><N who="2" m="27023" /><F74/><W38/><G32/><T63/><D63/><U7/><E18/><V21/><F21/><W65/><G126/><T25/><D25/><U131/><E131/><N who="3" m="50218" /><G124/><T15/><D15/><U50/><E50/><V111/><F111/><W77/><G1/><T105/><D105/><U16/><E16/><V83/><F83/><W117/><G12/><T9/><D9/><U48/><E48/><V70/><F134/><W120/><G133/><T26/><D26/><U99/><AGARI ba="0,0" hai="3,7,10,45,47,72,76,82,90,94,99" m="47115" machi="99" ten="30,2000,0" yaku="13,1,52,1" doraHai="87" who="1" fromWho="1" sc="141,-5,560,20,74,-10,225,-5" /><INIT seed="7,0,0,4,2,101" ten="136,580,64,220" oya="3" hai0="114,65,81,5,117,50,128,125,80,115,2,60,37" hai1="90,46,36,18,78,89,35,28,72,43,45,66,124" hai2="123,116,4,70,13,68,64,126,135,102,94,99,15" hai3="53,22,30,131,127,29,25,21,129,74,54,48,122"/><W120/><G74/><T7/><D117/><U110/><E110/><V27/><F116/><W108/><G108/><T49/><D37/><U91/><E124/><V32/><F135/><W59/><G127/><T26/><D125/><U105/><E105/><V95/><F126/><W39/><G39/><T133/><D133/><U17/><E66/><V24/><F123/><W33/><G33/><T52/><D128/><U19/><E46/><V12/><F4/><N who="0" m="1610" /><D26/><U11/><E11/><V61/><F32/><W6/><G6/><T92/><D92/><U71/><E71/><V85/><F70/><W69/><G69/><N who="0" m="42151" /><D49/><U47/><E47/><V75/><F75/><W3/><G3/><T38/><D38/><U121/><E121/><V113/><F113/><N who="0" m="43018" /><D2/><U118/><E118/><V14/><N who="2" m="3072" /><DORA hai="8" /><V106/><REACH who="2" step="1"/><F95/><REACH who="2" ten="136,580,54,220" step="2"/><W103/><G122/><T16/><D16/><U86/><E72/><V130/><F130/><W0/><G120/><T107/><D107/><U1/><E1/><V93/><F93/><W84/><G129/><T83/><D83/><U111/><E111/><V56/><F56/><AGARI ba="0,1" hai="50,52,56,80,81" m="43018,42151,1610" machi="56" ten="30,3900,0" yaku="15,1,11,1,54,1" doraHai="101,8" who="0" fromWho="2" sc="136,49,580,0,54,-39,220,0" owari="185,-21.5,580,68.0,15,-48.5,220,2.0" /></mjloggm>