<mjloggm ver="2.3"><GO type="169" lobby="0"/><UN n0="%E6%84%9B%E5%AA%9B%E7%9C%8C%E7%94%A3%E3%81%BF%E3%81%8B%E3%82%93" n1="%E3%82%A8%E3%82%B0%E3%83%81%E3%80%81" n2="%31%35%2E%31%35%63%6D" n3="%E3%83%95%E3%82%AF%E3%83%80%E3%83%B3%E3%83%81%E3%83%A7" dan="16,16,18,16" rate="2152.96,2157.67,2276.85,2144.21" sx="M,M,M,M"/><TAIKYOKU oya="0"/><INIT seed="0,0,0,0,1,2" ten="250,250,250,250" oya="0" hai0="10,51,80,36,33,31,48,49,107,111,24,119,25" hai1="5,57,118,103,26,94,15,125,40,129,55,62,133" hai2="72,0,114,131,16,47,60,39,28,117,34,85,54" hai3="17,56,86,73,64,116,122,18,52,22,113,27,88"/><T63/><D119/><U115/><E118/><V78/><F85/><W11/><G73/><T105/><D36/><U90/><E125/><V1/><F54/><W58/><G113/><T9/><D111/><U110/><E110/><V84/><F84/><W12/><G122/><T81/><D63/><U130/><E133/><V76/><F60/><W101/><G101/><T30/><REACH who="0" step="1"/><D51/><REACH who="0" ten="240,250,250,250" step="2"/><U89/><E130/><V95/><F39/><W100/><G116/><T35/><AGARI ba="0,1" hai="9,10,24,25,30,31,33,35,48,49,80,81,105,107" machi="35" ten="25,12000,1" yaku="1,1,2,1,0,1,22,2,53,0" doraHai="2" doraHaiUra="3" who="0" fromWho="0" sc="240,130,250,-40,250,-40,250,-40" /><INIT seed="0,1,0,0,2,20" ten="370,210,210,210" oya="0" hai0="96,130,50,5,115,49,17,69,73,123,92,104,124" hai1="0,99,81,13,128,63,23,95,117,89,135,68,57" hai2="36,24,107,82,87,30,105,16,80,21,38,125,129" hai3="132,10,44,66,90,56,62,101,98,88,53,26,31"/><T40/><D115/><U120/><E128/><V47/><F129/><W42/><G10/><T51/><D123/><U9/><E135/><V74/><F125/><W46/><G46/><T116/><D116/><U113/><E117/><V58/><F74/><W100/><G100/><T72/><D130/><U133/><E133/><V6/><F6/><W19/><G19/><T18/><D104/><U78/><E68/><V131/><F131/><W43/><G53/><T97/><D69/><U48/><E120/><V85/><F58/><W15/><G15/><T110/><D124/><U112/><E48/><V14/><F47/><W86/><G132/><T109/><D5/><U33/><E33/><V76/><F105/><W25/><G25/><T27/><D40/><U52/><E23/><V126/><F107/><W28/><G28/><T121/><D121/><U35/><E35/><V45/><F45/><W8/><G8/><T84/><D84/><U93/><E93/><V12/><F12/><W3/><G3/><T29/><D73/><U39/><E39/><V91/><REACH who="2" step="1"/><F126/><REACH who="2" ten="370,210,200,210" step="2"/><W59/><G59/><T60/><D72/><U71/><E71/><V11/><AGARI ba="1,1" hai="11,14,16,21,24,30,36,38,76,80,82,85,87,91" machi="11" ten="20,12000,2" yaku="1,1,2,1,0,1,7,1,52,1,54,1,53,0" doraHai="20" doraHaiUra="61" who="2" fromWho="2" sc="370,-61,210,-31,200,133,210,-31" /><INIT seed="1,0,0,2,3,114" ten="309,179,333,179" oya="1" hai0="57,96,128,132,79,110,29,134,102,52,68,76,5" hai1="111,58,73,44,8,43,90,32,36,28,35,23,91" hai2="48,127,71,118,20,2,10,121,100,12,37,120,82" hai3="66,69,133,6,33,109,49,45,108,106,47,39,0"/><U115/><E115/><V86/><F37/><W65/><G33/><T130/><D68/><U112/><E112/><V19/><F71/><W89/><G106/><T84/><D29/><U64/><E73/><V34/><F34/><W131/><G0/><T61/><D5/><U80/><E111/><N who="3" m="42570" /><G6/><T1/><D1/><U122/><E122/><V55/><F127/><W16/><G131/><N who="0" m="50219" /><D110/><U107/><E107/><V60/><F60/><N who="3" m="40103" /><G89/><T25/><D25/><U93/><E8/><V11/><F100/><W53/><G16/><T101/><D101/><U103/><E23/><V85/><F11/><W51/><G66/><T26/><D26/><U54/><E64/><V27/><F2/><W67/><G67/><T81/><D79/><U56/><E28/><V13/><F13/><W78/><G78/><T59/><D59/><U40/><E58/><V125/><F27/><W99/><G99/><T87/><D84/><N who="1" m="50439" /><E32/><V75/><F10/><W83/><G83/><T3/><D3/><U70/><E35/><V41/><F20/><W105/><G105/><AGARI ba="0,0" hai="52,57,61,76,81,87,96,102,105,132,134" m="50219" machi="105" ten="30,2000,0" yaku="19,1,54,1" doraHai="114" who="0" fromWho="3" sc="309,20,179,0,333,0,179,-20" /><INIT seed="2,0,0,1,4,0" ten="329,179,333,159" oya="2" hai0="6,57,82,93,43,27,54,24,72,119,26,126,85" hai1="121,70,81,25,34,74,45,68,104,56,5,2,40" hai2="129,31,7,103,80,38,123,71,95,120,44,61,84" hai3="3,87,53,115,122,114,11,77,41,96,78,112,76"/><V67/><F129/><W55/><G41/><T135/><D135/><U88/><E56/><V128/><F128/><W124/><G124/><T97/><D126/><U10/><E121/><V98/><F31/><W108/><G108/><T111/><D111/><U39/><E104/><V133/><F133/><W8/><G87/><T101/><D72/><U79/><E88/><V32/><F32/><W64/><G64/><T113/><D43/><U86/><E86/><V21/><F21/><W89/><G122/><T58/><D113/><U75/><E75/><V134/><F134/><W116/><G116/><T127/><D127/><U16/><E16/><V14/><F44/><W91/><G96/><T4/><D119/><U28/><AGARI ba="0,0" hai="2,5,10,25,28,34,39,40,45,68,70,74,79,81" machi="28" ten="30,12000,2" yaku="0,1,25,2,33,3,52,1" doraHai="0" who="1" fromWho="1" sc="329,-30,179,120,333,-60,159,-30" /><INIT seed="3,0,0,3,5,125" ten="299,299,273,129" oya="3" hai0="43,5,42,75,52,119,77,84,21,96,48,131,41" hai1="62,129,27,65,106,118,116,95,51,39,22,55,82" hai2="49,104,57,99,50,120,25,16,111,114,102,105,14" hai3="23,115,100,101,8,64,109,123,59,54,113,128,107"/><W88/><G123/><T67/><D119/><N who="1" m="45611" /><E106/><V19/><F120/><W122/><G122/><T4/><D75/><U93/><E39/><V15/><F114/><W92/><G109/><T63/><D131/><U79/><E55/><V126/><F126/><W47/><G107/><T29/><D96/><U78/><E51/><V26/><F111/><W60/><G128/><T56/><D29/><N who="1" m="17655" /><E79/><V0/><F0/><W91/><G8/><T134/><D134/><U86/><E129/><V58/><REACH who="2" step="1"/><F99/><REACH who="2" ten="299,299,263,129" step="2"/><W130/><G113/><T46/><REACH who="0" step="1"/><D21/><REACH who="0" ten="289,299,263,129" step="2"/><U36/><E36/><V20/><F20/><W45/><G115/><T11/><D11/><U32/><E32/><V135/><F135/><W2/><G130/><T53/><D53/><U40/><E40/><V7/><F7/><W87/><G54/><T117/><D117/><U35/><E35/><V133/><F133/><W73/><G23/><T13/><D13/><U85/><E85/><V1/><F1/><W38/><G2/><T110/><D110/><U18/><E18/><V33/><F33/><W89/><G87/><T98/><D98/><U81/><E81/><AGARI ba="0,2" hai="4,5,41,42,43,46,48,52,56,63,67,77,81,84" machi="81" ten="40,5200,0" yaku="1,1,8,1,54,1,53,0" doraHai="125" doraHaiUra="17" who="0" fromWho="1" sc="289,72,299,-52,263,0,129,0" /><INIT seed="4,0,0,3,3,18" ten="361,247,263,129" oya="0" hai0="50,39,81,103,84,66,105,6,37,28,48,69,22" hai1="96,107,108,11,124,16,129,20,40,116,27,126,86" hai2="43,104,2,65,112,5,15,34,73,68,88,97,91" hai3="75,12,121,122,14,45,130,36,125,29,89,10,82"/><T21/><D69/><U41/><E108/><V42/><F73/><W113/><G113/><T4/><D66/><U92/><E116/><V131/><F112/><W13/><G125/><N who="1" m="48234" /><E129/><V118/><F131/><W85/><G75/><T60/><D60/><U80/><E107/><V25/><F2/><W83/><G130/><T133/><D133/><U135/><E11/><V127/><F127/><W111/><G111/><T77/><D105/><U30/><E30/><N who="2" m="19791" /><F5/><N who="0" m="2154" /><D39/><U67/><E67/><V120/><F15/><W110/><G29/><T7/><D37/><U71/><E71/><V1/><F1/><W106/><G10/><T19/><D7/><U35/><E35/><V57/><F120/><W99/><G110/><T8/><D103/><N who="1" m="60807" /><E135/><V46/><F68/><W70/><G70/><T59/><D28/><U58/><E58/><V95/><F104/><W119/><G106/><T109/><D109/><U44/><E44/><V63/><F46/><W114/><G45/><T53/><D50/><U3/><E3/><V123/><F123/><W26/><G36/><T38/><D38/><U62/><E62/><V49/><F49/><W76/><G121/><T98/><D98/><U74/><E74/><V132/><F132/><W55/><G122/><T56/><D56/><U23/><E23/><V31/><F31/><W52/><G114/><T24/><D8/><U17/><E17/><V0/><F0/><W101/><G99/><T72/><D72/><U47/><E47/><V9/><F9/><W87/><G119/><T32/><D32/><U102/><E102/><N who="2" m="60735" /><F118/><W134/><G101/><T100/><D100/><RYUUKYOKU ba="0,0" sc="361,10,247,10,263,10,129,-30" hai0="19,21,22,24,48,53,59,77,81,84" hai1="16,20,27,40,41,80,86" hai2="42,43,57,63,65,88,91" /><INIT seed="4,1,0,3,3,94" ten="371,257,273,99" oya="0" hai0="63,84,58,61,83,91,129,109,72,90,18,135,70" hai1="128,38,97,79,21,77,24,31,26,4,9,55,54" hai2="64,96,115,99,8,120,62,88,45,124,40,85,56" hai3="7,33,75,107,86,67,25,82,108,50,113,87,60"/><T37/><D129/><U36/><E128/><V100/><F120/><W28/><G108/><T3/><D135/><U57/><E54/><V29/><F115/><W27/><G113/><T59/><D37/><U126/><E126/><V13/><F29/><W2/><G50/><T32/><D32/><U53/><E55/><V95/><F100/><W93/><G107/><T19/><D70/><U92/><E26/><V134/><F124/><W14/><G27/><T34/><D3/><U69/><E69/><V73/><F73/><W127/><G2/><T52/><D34/><U121/><E121/><V44/><F134/><W1/><G1/><T43/><D43/><U132/><E38/><V112/><F112/><W0/><G0/><T110/><D72/><U20/><E20/><V98/><REACH who="2" step="1"/><F40/><REACH who="2" ten="371,257,263,99" step="2"/><W23/><G127/><T125/><D125/><U47/><E132/><V130/><F130/><W116/><G75/><T16/><REACH who="0" step="1"/><D91/><REACH who="0" ten="361,257,263,99" step="2"/><U81/><E79/><V106/><F106/><W123/><G123/><T119/><D119/><U122/><E122/><V89/><F89/><W118/><G116/><T5/><D5/><AGARI ba="1,2" hai="5,8,13,44,45,56,62,64,85,88,95,96,98,99" machi="5" ten="40,12000,2" yaku="1,1,8,1,52,3,54,1,53,0" doraHai="94" doraHaiUra="71" who="2" fromWho="0" sc="361,-123,257,0,263,143,99,0" /><INIT seed="5,0,0,5,3,37" ten="238,257,406,99" oya="1" hai0="62,114,28,30,7,44,47,49,33,116,107,14,109" hai1="83,121,19,126,0,87,64,80,111,45,4,103,134" hai2="46,89,1,113,18,51,60,65,5,66,53,81,25" hai3="97,29,57,112,36,119,61,24,123,40,72,17,115"/><U90/><E121/><V130/><F130/><W75/><G123/><T73/><D109/><U32/><E111/><V10/><F113/><N who="3" m="43595" /><G17/><T8/><D114/><U38/><E126/><V82/><F65/><N who="3" m="39087" /><G97/><T41/><D73/><U70/><E64/><V100/><F100/><W94/><G94/><T92/><D107/><U59/><E59/><V98/><F98/><W21/><G119/><T85/><D33/><U132/><E70/><V50/><F89/><W102/><G102/><T91/><D116/><U93/><E32/><V135/><F18/><W23/><G23/><T16/><D62/><U13/><E4/><V3/><F25/><W127/><G127/><T86/><D86/><U99/><E0/><V78/><F3/><W42/><G36/><T108/><D108/><U133/><E38/><V129/><F78/><W74/><AGARI ba="0,0" hai="21,24,29,40,42,72,74,75" m="39087,43595" machi="74" ten="40,5200,0" yaku="15,1,52,2" doraHai="37" who="3" fromWho="3" sc="238,-13,257,-26,406,-13,99,52" /><INIT seed="6,0,0,5,3,56" ten="225,231,393,151" oya="2" hai0="102,57,78,35,106,79,3,40,70,44,100,72,125" hai1="98,14,55,76,13,45,94,54,0,87,41,68,128" hai2="18,123,32,4,127,39,133,21,101,23,1,109,66" hai3="69,52,19,118,51,114,63,121,42,99,16,43,60"/><V95/><F39/><W122/><G118/><T120/><D3/><U77/><E128/><V112/><F123/><W73/><G73/><T17/><D70/><U86/><E0/><V92/><F32/><W103/><G114/><T85/><D72/><U88/><E68/><V104/><F104/><W83/><G83/><T91/><D35/><U46/><E98/><V24/><F133/><W36/><G69/><T53/><D125/><U132/><E132/><V71/><F101/><W129/><G36/><T81/><D120/><U29/><E94/><V7/><F127/><W124/><G129/><T75/><D17/><N who="3" m="6729" /><G124/><T28/><D28/><U20/><E29/><V89/><F1/><W5/><G5/><T38/><D106/><U110/><E110/><V82/><F112/><W115/><G115/><T119/><D119/><U96/><E96/><V10/><F4/><W22/><G22/><T113/><D113/><U31/><E20/><V26/><F7/><W34/><G34/><T6/><D6/><U67/><E31/><V30/><F30/><W107/><G122/><T135/><D135/><U64/><E41/><N who="3" m="15370" /><G121/><T116/><D116/><U62/><E77/><N who="0" m="29193" /><D75/><U111/><E76/><V84/><F109/><W48/><G48/><N who="0" m="30887" /><D38/><U117/><E111/><V80/><F71/><W65/><G65/><T12/><D12/><U25/><E117/><V47/><F18/><W49/><G49/><T108/><D108/><U27/><E13/><V50/><F50/><W15/><G15/><T105/><D105/><U11/><E14/><V59/><F23/><W93/><G107/><T74/><D74/><RYUUKYOKU ba="0,0" sc="225,15,231,-15,393,-15,151,15" hai0="40,44,81,85,91,100,102" hai3="51,52,60,63,93,99,103" /><INIT seed="7,1,0,4,1,29" ten="240,216,378,166" oya="3" hai0="120,125,82,65,52,66,132,110,114,38,54,104,121" hai1="55,63,79,106,119,98,78,133,90,69,30,58,85" hai2="93,97,128,27,34,71,131,37,123,12,116,74,127" hai3="56,5,39,73,41,24,103,42,11,48,45,88,77"/><W111/><G103/><T105/><D82/><U86/><E133/><V67/><F37/><W32/><G111/><T35/><D38/><U47/><E119/><V20/><F74/><W107/><G107/><T51/><D35/><U68/><E106/><V100/><F34/><W109/><G109/><T62/><D110/><U6/><E98/><V95/><F116/><W13/><G56/><N who="0" m="35079" /><D104/><U92/><E30/><V46/><F12/><W1/><G13/><T8/><D8/><U3/><E3/><V83/><F46/><N who="3" m="25679" /><G88/><T102/><D102/><U25/><E25/><V99/><F100/><W126/><G126/><T76/><D76/><U22/><E22/><V17/><F127/><W49/><G49/><T101/><D101/><U129/><E6/><V84/><F99/><W23/><G23/><T14/><D105/><U70/><E85/><V115/><F95/><W134/><G134/><T130/><D125/><U16/><E16/><V89/><F123/><W33/><G24/><T75/><D75/><U44/><E79/><V122/><F122/><N who="0" m="47210" /><D132/><U64/><E78/><V19/><F20/><W7/><G7/><T50/><D14/><U31/><E31/><V80/><F27/><W2/><G2/><T40/><D50/><N who="1" m="31095" /><E129/><V87/><F131/><W118/><G118/><T117/><D117/><U81/><E81/><AGARI ba="1,0" hai="1,5,11,32,33,39,42,45,73,77,81" m="25679" machi="81" ten="30,5800,0" yaku="25,1,52,2" doraHai="29" who="3" fromWho="1" sc="240,0,216,-61,378,0,166,61" /><INIT seed="7,2,0,5,3,74" ten="240,155,378,227" oya="3" hai0="111,45,76,17,93,43,38,3,54,71,7,25,110" hai1="52,5,89,61,102,94,90,42,112,114,59,126,56" hai2="63,73,9,103,109,120,31,132,77,121,1,133,125" hai3="86,104,83,6,127,67,48,131,96,24,19,68,36"/><W34/><G36/><T33/><D71/><U4/><E126/><V53/><F109/><W70/><G131/><T118/><D118/><U84/><E42/><V65/><F125/><W81/><G81/><T49/><D76/><U100/><E114/><V37/><F37/><W55/><G6/><T18/><D18/><U0/><E112/><V44/><F31/><W80/><G80/><T72/><D72/><U123/><E123/><V75/><F103/><W98/><G104/><T92/><D92/><U88/><E84/><V130/><F130/><W2/><G2/><T79/><D79/><U69/><E69/><V129/><F129/><W14/><G24/><T78/><D78/><U60/><E0/><V46/><F77/><N who="3" m="46447" /><G34/><T57/><D93/><U91/><N who="1" m="22528" /><DORA hai="50" /><U21/><E21/><V115/><F1/><W95/><G67/><T22/><D33/><U117/><E117/><V30/><F65/><W97/><G70/><T16/><D17/><U11/><E11/><V28/><F9/><N who="3" m="6607" /><G68/><T8/><AGARI ba="2,0" hai="3,7,8,16,22,25,38,43,45,49,54,57,110,111" machi="8" ten="30,4000,0" yaku="0,1,52,1,54,1" doraHai="74,50" who="0" fromWho="0" sc="240,46,155,-12,378,-12,227,-22" owari="286,8.6,143,-35.7,366,46.6,205,-19.5" /></mjloggm>