<mjloggm ver="2.3"><GO type="169" lobby="0"/><UN n0="%E7%A9%B4%E7%8C%AB" n1="%54%6F%72%75" n2="%73%79%6C%76%65%6F%6E" n3="%E3%81%8B%E3%82%8F%E3%81%97%E3%81%83" dan="16,18,16,16" rate="2074.17,2310.85,2166.30,2103.44" sx="M,M,M,M"/><TAIKYOKU oya="0"/><INIT seed="0,0,0,3,0,57" ten="250,250,250,250" oya="0" hai0="109,11,89,102,97,25,104,13,60,6,7,92,61" hai1="37,114,20,91,133,98,88,66,118,36,17,70,83" hai2="80,130,3,40,55,94,34,58,134,39,115,65,14" hai3="50,81,15,22,27,108,38,110,119,87,123,71,74"/><T93/><D109/><U12/><E118/><V122/><F115/><W77/><G119/><T5/><D104/><U128/><E114/><V44/><F3/><W0/><G0/><T32/><D32/><U85/><E128/><V53/><F34/><W112/><G112/><T132/><D132/><U75/><E133/><V99/><F134/><W10/><G38/><T129/><D129/><U42/><E75/><V48/><F130/><W59/><G71/><T82/><D82/><U117/><E117/><V28/><F122/><W54/><G74/><T111/><D111/><U116/><E42/><V84/><F28/><W63/><G123/><T78/><D78/><U90/><E116/><V120/><F120/><W135/><G135/><T52/><D25/><U2/><E2/><V26/><F26/><W106/><G106/><T69/><D52/><N who="2" m="20042" /><F39/><W16/><REACH who="3" step="1"/><G50/><REACH who="3" ten="250,250,250,240" step="2"/><T23/><D69/><U96/><E36/><V124/><F48/><W76/><G76/><T113/><D113/><U56/><E37/><V95/><F124/><W62/><G62/><N who="0" m="24171" /><D23/><U46/><E70/><V64/><F64/><W51/><G51/><T41/><D41/><U18/><E66/><V43/><F43/><W79/><G79/><T131/><D131/><U72/><E72/><V8/><F65/><W9/><G9/><T125/><D125/><U19/><E56/><V47/><F8/><W29/><AGARI ba="0,1" hai="10,15,16,22,27,29,54,59,63,77,81,87,108,110" machi="29" ten="30,8000,1" yaku="1,1,0,1,52,1,54,1,53,1" doraHai="57" doraHaiUra="49" who="3" fromWho="3" sc="250,-40,250,-20,250,-20,240,90" /><INIT seed="1,0,0,0,3,99" ten="210,230,230,330" oya="1" hai0="67,31,84,96,41,38,59,37,14,13,32,121,43" hai1="113,93,64,63,47,40,26,80,69,124,56,49,87" hai2="29,122,98,108,17,129,88,5,8,94,86,120,58" hai3="0,92,74,11,90,101,104,72,62,114,34,133,51"/><U3/><E113/><V78/><F108/><W83/><G34/><T19/><D121/><U54/><E124/><V123/><F129/><W50/><G114/><T77/><D32/><U12/><E3/><V68/><F68/><W116/><G133/><T119/><D119/><U28/><E93/><V85/><F29/><W6/><G116/><T102/><D31/><U128/><E128/><V57/><F17/><W35/><G35/><T7/><D38/><U111/><E111/><V27/><F27/><W126/><G62/><N who="0" m="38367" /><D37/><U16/><E26/><V132/><F132/><W52/><G50/><T55/><D55/><U103/><E28/><V130/><F130/><W42/><G42/><T110/><D110/><U30/><E30/><V127/><F127/><W66/><G66/><T36/><D36/><U33/><E33/><V4/><F4/><W117/><G117/><T24/><D24/><U95/><E40/><V23/><F23/><W97/><G83/><N who="0" m="47215" /><D96/><N who="1" m="59807" /><E69/><V2/><REACH who="2" step="1"/><F98/><REACH who="2" ten="210,230,220,330" step="2"/><N who="3" m="61495" /><G126/><T82/><D7/><U115/><E115/><V106/><F106/><W25/><G25/><T53/><D19/><U45/><E16/><V105/><F105/><W48/><G74/><T39/><D39/><U70/><E70/><V125/><F125/><W109/><G72/><T107/><D107/><U18/><E18/><V79/><F79/><W81/><G109/><T15/><D15/><U135/><E12/><V100/><F100/><W131/><G131/><T91/><D102/><U60/><E135/><V44/><F44/><N who="1" m="16969" /><E64/><V65/><F65/><W89/><G52/><T75/><D53/><U10/><E10/><RYUUKYOKU ba="0,1" sc="210,-30,230,10,220,10,330,10" hai1="49,54,56,60,63,80,87" hai2="2,5,8,57,58,78,85,86,88,94,120,122,123" hai3="0,6,11,48,51,81,89,90,92,97" /><INIT seed="1,1,1,3,4,131" ten="180,240,230,340" oya="1" hai0="99,84,77,96,120,97,124,18,67,57,66,17,43" hai1="109,35,132,68,22,112,1,95,73,86,7,46,25" hai2="10,93,50,75,118,12,9,115,128,83,40,110,38" hai3="62,129,85,74,11,26,48,100,47,2,135,29,106"/><U119/><E112/><V90/><F118/><W44/><G74/><T49/><D124/><U101/><E119/><V28/><F38/><W78/><G135/><T23/><D120/><U3/><E73/><V87/><F115/><W111/><G111/><T72/><D72/><U6/><E68/><V42/><F110/><W8/><G129/><T52/><D43/><U102/><E35/><V5/><F128/><W126/><G126/><T51/><D51/><U81/><E3/><V80/><F28/><W58/><G100/><N who="1" m="38506" /><E95/><V130/><F130/><W13/><G106/><T94/><D17/><N who="1" m="12495" /><E1/><V133/><F133/><W56/><G2/><T24/><REACH who="0" step="1"/><D94/><REACH who="0" ten="170,240,230,340" step="2"/><U103/><E109/><V14/><F75/><W71/><G48/><T34/><D34/><U82/><E132/><V134/><F134/><W37/><G37/><T64/><D64/><U121/><E121/><V127/><F127/><W33/><G33/><T16/><D16/><U70/><E7/><N who="2" m="3135" /><F50/><W114/><G114/><T79/><D79/><U27/><E6/><V107/><F107/><W98/><G78/><T123/><D123/><U55/><E55/><V15/><F42/><W65/><G65/><T104/><D104/><U60/><E60/><V39/><F40/><W117/><G62/><T45/><D45/><U36/><E46/><V116/><F116/><W59/><G44/><T105/><D105/><U41/><E41/><V122/><F122/><W30/><G47/><T69/><D69/><U63/><E70/><V113/><F113/><W108/><G71/><T89/><D89/><U88/><E36/><V4/><F39/><RYUUKYOKU ba="1,2" sc="170,15,240,-15,230,15,340,-15" hai0="18,23,24,49,52,57,66,67,77,84,96,97,99" hai2="4,5,10,14,15,80,83,87,90,93" /><INIT seed="2,2,2,5,0,93" ten="185,225,245,325" oya="2" hai0="50,29,12,45,3,22,102,70,127,8,44,6,131" hai1="99,101,95,52,92,5,39,88,40,66,20,83,31" hai2="96,19,126,98,90,132,61,100,120,110,107,59,48" hai3="133,79,41,27,18,105,51,69,13,68,112,108,123"/><V104/><F120/><W1/><G123/><T82/><D70/><U16/><E31/><V124/><F132/><W2/><G112/><T122/><D122/><U58/><E66/><V7/><F7/><W26/><G105/><T81/><D131/><U25/><E5/><V128/><F128/><W119/><G119/><T94/><D127/><N who="2" m="48682" /><F110/><W134/><G108/><T77/><D44/><U54/><E83/><V118/><F118/><W42/><G79/><T10/><D81/><U4/><E4/><V91/><F48/><W0/><G51/><T46/><D46/><U80/><E80/><V75/><F75/><W14/><G1/><T49/><D49/><N who="1" m="30991" /><E39/><V89/><F19/><AGARI ba="2,2" hai="0,2,13,14,18,19,26,27,41,42,68,69,133,134" machi="19" ten="25,1600,0" yaku="22,2" doraHai="93" who="3" fromWho="2" sc="185,0,225,0,245,-22,325,42" /><INIT seed="3,0,0,3,4,40" ten="185,225,223,367" oya="3" hai0="106,119,28,101,26,121,100,135,90,42,131,118,34" hai1="82,16,97,56,54,120,77,64,115,5,21,58,53" hai2="130,102,41,87,132,72,19,122,62,44,52,55,13" hai3="6,46,59,29,25,71,134,11,36,9,107,22,27"/><W48/><G107/><T45/><D121/><U78/><E120/><V86/><F72/><W17/><G71/><T95/><D131/><U37/><E115/><V85/><F122/><W116/><G116/><T125/><D135/><U113/><E113/><V61/><F130/><W31/><G36/><T110/><D110/><U47/><E5/><V3/><F3/><W30/><G59/><T103/><D125/><U0/><E0/><V84/><F132/><W96/><G96/><T23/><D34/><U18/><E64/><V12/><F102/><W63/><G63/><N who="2" m="24073" /><F13/><N who="3" m="5303" /><G46/><T109/><D109/><U98/><E37/><V133/><N who="2" m="21504" /><DORA hai="112" /><V88/><F88/><W7/><G48/><T126/><D126/><U108/><E108/><V92/><F92/><W60/><G60/><T67/><D67/><U1/><E1/><V76/><F76/><W32/><G134/><T111/><D106/><U124/><E124/><V68/><F68/><W104/><G104/><T128/><D128/><U69/><E69/><V35/><F35/><W80/><G80/><T49/><REACH who="0" step="1"/><D111/><REACH who="0" ten="175,225,223,367" step="2"/><U117/><E117/><V123/><F133/><W73/><G73/><T91/><D91/><U65/><E65/><V75/><F75/><W20/><G32/><T89/><D89/><U79/><E82/><V57/><F123/><W93/><G93/><T94/><D94/><U4/><E78/><V15/><F55/><W14/><AGARI ba="0,1" hai="7,11,14,17,20,22,25,27,29,30,31" m="5303" machi="14" ten="30,18000,2" yaku="8,1,35,5" doraHai="40,112" who="3" fromWho="3" sc="175,-60,225,-60,223,-60,367,190" /><INIT seed="3,1,0,4,4,7" ten="115,165,163,557" oya="3" hai0="106,48,55,28,33,83,116,43,133,85,19,68,102" hai1="6,31,98,96,26,130,39,79,36,12,94,72,30" hai2="97,70,78,25,107,53,18,9,118,0,101,8,103" hai3="62,34,108,75,134,11,112,5,61,77,1,56,90"/><W22/><G34/><T40/><D116/><U17/><E6/><V10/><F118/><W64/><G112/><T81/><D133/><U27/><E72/><V117/><F117/><W135/><G77/><T51/><D68/><U32/><E79/><V82/><F70/><W115/><G75/><T54/><D33/><U41/><E130/><V37/><F37/><W2/><G2/><T89/><D28/><U71/><E71/><V35/><F103/><W111/><G115/><T126/><D126/><U20/><E41/><V109/><F109/><N who="3" m="42059" /><G62/><T110/><D110/><U57/><E57/><V88/><F88/><W58/><G58/><T42/><D106/><U15/><E15/><V91/><F91/><W60/><G60/><T129/><D102/><U114/><E114/><V59/><F53/><W38/><G38/><T66/><D66/><U45/><E98/><V52/><F52/><N who="0" m="20010" /><D129/><U69/><E45/><V24/><F59/><W93/><G22/><T65/><D65/><U50/><E50/><N who="0" m="18985" /><D19/><U16/><E17/><V86/><F35/><W113/><G113/><T127/><D127/><U120/><E69/><V128/><F128/><W21/><G21/><T14/><D14/><U105/><E39/><V95/><F0/><W13/><G1/><T73/><D73/><U47/><E36/><V119/><F119/><W67/><G64/><T74/><D74/><U44/><E47/><V124/><F124/><W125/><G125/><T84/><D89/><N who="1" m="55375" /><E44/><V123/><F25/><W99/><AGARI ba="1,0" hai="5,11,13,56,61,67,90,93,99,134,135" m="42059" machi="99" ten="30,6000,0" yaku="14,1,10,1,52,1" doraHai="7" who="3" fromWho="3" sc="115,-21,165,-21,163,-21,557,63" /><INIT seed="3,2,0,1,2,81" ten="94,144,142,620" oya="3" hai0="13,36,57,5,15,19,8,52,127,28,93,126,132" hai1="51,133,88,78,53,58,100,85,23,130,111,75,26" hai2="49,104,74,29,69,76,65,37,119,44,77,70,20" hai3="112,68,128,89,116,117,82,6,120,43,33,121,79"/><W18/><G68/><T63/><D132/><U59/><E133/><V106/><F37/><W47/><G33/><T50/><D36/><U10/><E111/><V125/><F119/><W48/><G112/><T32/><D28/><U124/><E130/><V22/><F29/><W73/><G128/><T66/><D32/><U21/><E124/><V105/><F125/><W54/><G6/><T122/><D122/><U40/><E40/><V96/><F96/><W83/><G43/><T135/><D135/><U12/><E100/><V41/><F74/><W64/><G64/><T55/><D126/><U80/><E59/><V109/><F109/><W108/><G108/><T98/><D127/><U92/><REACH who="1" step="1"/><E26/><REACH who="1" ten="94,134,142,620" step="2"/><V39/><F70/><W94/><G121/><T91/><REACH who="0" step="1"/><D50/><REACH who="0" ten="84,134,142,620" step="2"/><U34/><E34/><V84/><F49/><W31/><G120/><T113/><D113/><U35/><E35/><V4/><F39/><W99/><G116/><T129/><D129/><U114/><E114/><V72/><F69/><W25/><G117/><T3/><D3/><U24/><E24/><V42/><F42/><W107/><G31/><T123/><D123/><U90/><E90/><V110/><F41/><W115/><G115/><T67/><D67/><U134/><E134/><V7/><F65/><W0/><G0/><T1/><D1/><U103/><E103/><V45/><F110/><W38/><G38/><T118/><D118/><U9/><E9/><AGARI ba="2,2" hai="5,8,9,13,15,19,52,55,57,63,66,91,93,98" machi="9" ten="30,7700,0" yaku="1,1,7,1,8,1,54,1,53,0" doraHai="81" doraHaiUra="17" who="0" fromWho="1" sc="84,103,134,-83,142,0,620,0" /><INIT seed="4,0,0,5,5,112" ten="187,51,142,620" oya="0" hai0="124,62,53,129,116,57,123,105,92,113,81,87,126" hai1="134,108,115,51,122,104,63,95,34,58,130,54,42" hai2="80,59,13,1,101,79,50,6,16,30,5,9,68" hai3="26,69,55,128,76,22,39,33,44,100,61,20,36"/><T72/><D123/><U7/><E104/><V103/><F68/><W27/><G128/><T24/><D105/><U41/><E34/><V4/><F1/><W47/><G100/><T75/><D92/><U46/><E122/><V48/><F30/><W94/><G76/><T60/><D129/><U83/><E130/><V102/><REACH who="2" step="1"/><F59/><REACH who="2" ten="187,51,132,620" step="2"/><W25/><G69/><T90/><D113/><U91/><E115/><V45/><F45/><W93/><G33/><T78/><D124/><U52/><E108/><V15/><F15/><W19/><G44/><T98/><D126/><U109/><E109/><V77/><F77/><W11/><G47/><T107/><D78/><U89/><E134/><V106/><F106/><W110/><G110/><T71/><D107/><U35/><E35/><V99/><F99/><W85/><G27/><T125/><D125/><U127/><E127/><V29/><F29/><W84/><G26/><T131/><D131/><U74/><E74/><AGARI ba="0,1" hai="4,5,6,9,13,16,48,50,74,79,80,101,102,103" machi="74" ten="40,2600,0" yaku="1,1,54,1,53,0" doraHai="112" doraHaiUra="86" who="2" fromWho="1" sc="187,0,51,-26,132,36,620,0" /><INIT seed="5,0,0,2,3,30" ten="187,25,168,620" oya="1" hai0="122,115,96,65,52,86,121,36,104,4,98,112,12" hai1="56,99,59,80,90,57,47,31,11,125,60,6,70" hai2="120,14,53,35,0,82,129,135,54,89,113,126,111" hai3="3,18,132,58,84,19,49,116,107,97,40,33,124"/><U39/><E125/><V42/><F0/><W130/><G33/><T21/><D36/><U13/><E31/><V44/><F14/><W26/><G3/><T68/><D86/><U71/><E60/><V66/><F89/><W133/><G26/><T22/><D65/><U64/><E64/><V103/><F103/><W91/><G58/><T37/><D37/><U76/><E90/><V45/><F82/><W16/><G130/><T61/><D68/><U134/><E134/><N who="3" m="51818" /><G116/><T51/><D61/><U38/><E99/><N who="0" m="37929" /><D104/><U2/><E13/><V108/><F66/><W1/><G1/><T95/><D95/><U72/><REACH who="1" step="1"/><E39/><REACH who="1" ten="187,15,168,620" step="2"/><V23/><F126/><W77/><G124/><T41/><D121/><U88/><E88/><V101/><F120/><W43/><G91/><T109/><D122/><U62/><E62/><V83/><F111/><W32/><G97/><T131/><D109/><U34/><E34/><V55/><F35/><W117/><G32/><T29/><D29/><U87/><E87/><V105/><F108/><W24/><G84/><T17/><D4/><U7/><E7/><V5/><F5/><W48/><G24/><T106/><D12/><U128/><E128/><V27/><F129/><W94/><G94/><T85/><D131/><U9/><E9/><V67/><F135/><W46/><G77/><T69/><D106/><U63/><E63/><V74/><F67/><W102/><G107/><T123/><D123/><U119/><E119/><V93/><F105/><W8/><G117/><T110/><D85/><U50/><E50/><V78/><F78/><W75/><G48/><RYUUKYOKU ba="0,1" sc="187,-10,15,30,168,-10,620,-10" hai1="2,6,11,38,47,56,57,59,70,71,72,76,80" /><INIT seed="5,1,1,0,0,90" ten="177,45,158,610" oya="1" hai0="101,130,114,17,7,85,103,2,76,95,52,24,86" hai1="111,127,22,0,87,72,12,27,44,16,104,45,40" hai2="71,61,81,131,116,123,91,6,125,51,83,59,132" hai3="99,88,9,48,21,129,122,106,112,118,64,18,92"/><U36/><E127/><V94/><F116/><W43/><G122/><T1/><D7/><U4/><E72/><V28/><F123/><W57/><G106/><T37/><D37/><U89/><E104/><V115/><F71/><W42/><G112/><T58/><D114/><U68/><E68/><V41/><F115/><W13/><G129/><T135/><D130/><U109/><E0/><V66/><F131/><W31/><G118/><T113/><D113/><U65/><E65/><V15/><F125/><W110/><G110/><T49/><D135/><U32/><E44/><N who="2" m="25999" /><F28/><W102/><G102/><T93/><D2/><U26/><E32/><V34/><F34/><W79/><G79/><T119/><D1/><U133/><E133/><V55/><F55/><N who="3" m="31975" /><G64/><T134/><D119/><U60/><E60/><V80/><F132/><W11/><G11/><T98/><D134/><U73/><E73/><V39/><F39/><W19/><G31/><T67/><D67/><U84/><E84/><N who="0" m="32361" /><D76/><U77/><E77/><V23/><F6/><W82/><G82/><T108/><D108/><N who="1" m="41547" /><E4/><V105/><F105/><W14/><AGARI ba="1,1" hai="9,13,14,18,19,21,42,43,88,92,99" m="31975" machi="14" ten="30,4000,0" yaku="8,1,52,1,54,1" doraHai="90" who="3" fromWho="3" sc="177,-11,45,-21,158,-11,610,53" /><INIT seed="6,0,0,5,5,114" ten="166,24,147,663" oya="2" hai0="8,72,69,71,54,134,103,91,42,110,124,35,20" hai1="36,3,98,29,56,6,89,109,96,87,76,18,5" hai2="13,81,0,23,49,84,67,123,58,101,9,32,57" hai3="30,15,66,129,88,111,59,12,107,135,100,106,118"/><V78/><F32/><W75/><G118/><T99/><D35/><U25/><E109/><V125/><F123/><W1/><G111/><T68/><D110/><U63/><E36/><V74/><F125/><W126/><G1/><T51/><D72/><U85/><E3/><V37/><F37/><W131/><G30/><T28/><D124/><U39/><E39/><V40/><F0/><W2/><G2/><T116/><D42/><U127/><E127/><V73/><F101/><W133/><G100/><T104/><D134/><N who="3" m="51209" /><G75/><T41/><D41/><U31/><E76/><V102/><F102/><W34/><G34/><T55/><D8/><U45/><E45/><N who="2" m="25767" /><F73/><W24/><G24/><T70/><D70/><U121/><E25/><V4/><F74/><W83/><G12/><T21/><D28/><U61/><E18/><V82/><F82/><W130/><G15/><T92/><D116/><U48/><E48/><V97/><F97/><W86/><G126/><T120/><D120/><U19/><E121/><V11/><F67/><W113/><G113/><T17/><D51/><U65/><E19/><V43/><F43/><W108/><G108/><T77/><D20/><U64/><REACH who="1" step="1"/><E56/><REACH who="1" ten="166,14,147,663" step="2"/><N who="2" m="21611" /><F11/><W44/><G44/><T46/><D46/><U90/><AGARI ba="0,1" hai="5,6,29,31,61,63,64,65,85,87,89,90,96,98" machi="90" ten="25,8000,1" yaku="1,1,0,1,22,2,8,1,53,0" doraHai="114" doraHaiUra="53" who="1" fromWho="1" sc="166,-20,14,90,147,-40,663,-20" /><INIT seed="7,0,0,2,3,106" ten="146,104,107,643" oya="3" hai0="122,83,54,13,63,60,21,22,40,96,126,127,33" hai1="78,81,121,6,38,17,50,65,98,42,76,109,99" hai2="32,120,118,66,58,82,27,104,16,135,36,61,23" hai3="28,119,3,133,24,49,77,10,94,69,44,26,8"/><W37/><G119/><T79/><D33/><U55/><E121/><V1/><F135/><W89/><G69/><T117/><D117/><U71/><E109/><V7/><F118/><W11/><G133/><T46/><D122/><U51/><E6/><V75/><F120/><W15/><G37/><T123/><D96/><U113/><E113/><V18/><F36/><W48/><G77/><T103/><D103/><U70/><E38/><V57/><F104/><W86/><G3/><T2/><D2/><U64/><E42/><V100/><F100/><W97/><G15/><T124/><D123/><U102/><E102/><V116/><F116/><W101/><G28/><T12/><D40/><U53/><E17/><V14/><F1/><W90/><G89/><T111/><D111/><U125/><E81/><V56/><F32/><W92/><G49/><N who="0" m="28983" /><D13/><U34/><E34/><V93/><F75/><W59/><G59/><T128/><D128/><U19/><E19/><V84/><F93/><W74/><G74/><N who="0" m="43511" /><D12/><U110/><E110/><V132/><F7/><W73/><G73/><T68/><D68/><U25/><E25/><V29/><F132/><W67/><G67/><T129/><D129/><U0/><E0/><V112/><F112/><W108/><G108/><T91/><D91/><U85/><E85/><V134/><F134/><W30/><G30/><T5/><D5/><U87/><E87/><V105/><F105/><W107/><G107/><T130/><D130/><U45/><E45/><V72/><F72/><W131/><G131/><T31/><D31/><U20/><E20/><AGARI ba="0,0" hai="20,21,22,60,63,124,126,127" m="43511,28983" machi="20" ten="30,2000,0" yaku="18,1,52,1" doraHai="106" who="0" fromWho="1" sc="146,20,104,-20,107,0,643,0" owari="166,-3.4,84,-41.6,107,-29.3,643,74.3" /></mjloggm>