<mjloggm ver="2.3"><GO type="169" lobby="0"/><UN n0="%E3%82%82%E3%82%8A%E3%82%82%E3%82%8A%E3%81%8A%E3%81%AB%E3%81%8E%E3%82%8A" n1="%E7%99%BD%E3%81%AE%E7%A9%BA" n2="%E4%BE%8D" n3="%E7%AB%B9%E4%BA%95%E4%B9%85%EF%BC%A0%E9%83%A8%E9%95%B7" dan="16,17,18,17" rate="2138.14,2140.82,2245.03,2126.61" sx="M,M,M,F"/><TAIKYOKU oya="0"/><INIT seed="0,0,0,0,5,75" ten="250,250,250,250" oya="0" hai0="91,131,4,82,9,54,22,106,89,101,2,29,108" hai1="14,130,42,92,56,48,37,104,132,62,76,116,26" hai2="127,40,99,107,114,71,123,30,115,67,102,7,43" hai3="121,49,0,74,39,135,68,83,50,84,57,96,24"/><T113/><D113/><U65/><E104/><V98/><F123/><W59/><G68/><T44/><D131/><U85/><E116/><V111/><F7/><W87/><G39/><T93/><D106/><U25/><E130/><V38/><F40/><W95/><G0/><T41/><D108/><U88/><E132/><V60/><F99/><W13/><G74/><T118/><D118/><U52/><E14/><V126/><F111/><W64/><G135/><T23/><D101/><U100/><E100/><V109/><F109/><W20/><G13/><T8/><D54/><U81/><E42/><V28/><F28/><W58/><G64/><T70/><D70/><U10/><E10/><V27/><F43/><W19/><G121/><T17/><D9/><U105/><E105/><V46/><F46/><W80/><G84/><T6/><D6/><U3/><E3/><V35/><REACH who="2" step="1"/><F38/><REACH who="2" ten="250,250,240,250" step="2"/><W51/><REACH who="3" step="1"/><G87/><REACH who="3" ten="250,250,240,240" step="2"/><T124/><D2/><U16/><E37/><V61/><F61/><W128/><G128/><T86/><D86/><N who="1" m="48423" /><E16/><V63/><F63/><W33/><G33/><T79/><D17/><U34/><E34/><V117/><F117/><W94/><G94/><T69/><D93/><U72/><E72/><V47/><F47/><AGARI ba="0,2" hai="25,26,47,48,52,56,62,65,85,88,92" m="48423" machi="47" ten="30,7700,0" yaku="8,1,52,1,54,2" doraHai="75" who="1" fromWho="2" sc="250,0,250,97,240,-77,240,0" /><INIT seed="1,0,0,5,4,79" ten="250,347,163,240" oya="1" hai0="43,20,10,94,116,118,42,22,69,82,30,46,9" hai1="5,114,135,28,13,49,111,6,124,37,90,45,96" hai2="50,38,51,108,14,34,33,32,76,102,100,93,126" hai3="85,132,86,47,84,27,54,107,52,17,123,41,12"/><U19/><E114/><V64/><F38/><W36/><G123/><T62/><D94/><N who="1" m="56407" /><E37/><V127/><F64/><W67/><G107/><T131/><D69/><U57/><E124/><N who="2" m="47659" /><F108/><W98/><G132/><T117/><D62/><U75/><E75/><V101/><F14/><W35/><G98/><T121/><D131/><U91/><E135/><V128/><F76/><W7/><G7/><T23/><D30/><U11/><E111/><V106/><F106/><W122/><G67/><T68/><D68/><U25/><E57/><V29/><F128/><W74/><G74/><T61/><D61/><U77/><E77/><V113/><F29/><W40/><G122/><T31/><D31/><U16/><E28/><V56/><F56/><W81/><G36/><T70/><D70/><U65/><E65/><V53/><F113/><W105/><G105/><T58/><D58/><U1/><E1/><V134/><F134/><W26/><G35/><T18/><D121/><U129/><E129/><V66/><F66/><W3/><G3/><T99/><D118/><U80/><E25/><V0/><F0/><W71/><G27/><T48/><D117/><U120/><E120/><V119/><F119/><W88/><G26/><T125/><D116/><U103/><E103/><V21/><F51/><N who="3" m="27119" /><G71/><T15/><D125/><U2/><E2/><V24/><F50/><W89/><G40/><T59/><D48/><U110/><E110/><V44/><F53/><N who="3" m="20587" /><G89/><T63/><D63/><U95/><E49/><V83/><F102/><W104/><G104/><T97/><D42/><U115/><E115/><V133/><F133/><RYUUKYOKU ba="0,0" sc="250,-10,347,-10,163,-10,240,30" hai3="12,17,81,84,85,86,88" /><INIT seed="2,1,0,4,4,69" ten="240,337,153,270" oya="2" hai0="51,102,66,90,62,125,82,18,6,118,70,81,56" hai1="99,8,117,78,127,53,0,124,37,24,52,79,11" hai2="122,3,41,36,16,134,116,104,123,76,87,100,74" hai3="111,46,131,10,39,28,107,17,65,2,33,54,59"/><V34/><F16/><W128/><G107/><T92/><D125/><N who="1" m="48203" /><E117/><V119/><F87/><W26/><G111/><T121/><D121/><N who="2" m="46090" /><F34/><W64/><G46/><T91/><D118/><N who="2" m="45098" /><F3/><W29/><G39/><T93/><D6/><N who="1" m="1095" /><E37/><V133/><F41/><W42/><G42/><T109/><D102/><U27/><E99/><N who="2" m="61471" /><F36/><W105/><G105/><T61/><D51/><U25/><E11/><V43/><F43/><W75/><G29/><T97/><D18/><U63/><E63/><V77/><F77/><AGARI ba="1,0" hai="24,25,27,52,53,77,78,79" m="1095,48203" machi="77" ten="30,2000,0" yaku="18,1,54,1" doraHai="69" who="1" fromWho="2" sc="240,0,337,23,153,-23,270,0" /><INIT seed="3,0,0,0,1,52" ten="240,360,130,270" oya="3" hai0="20,18,36,41,105,58,17,69,124,8,0,115,3" hai1="96,93,125,35,63,34,16,38,68,65,5,6,7" hai2="110,134,24,84,133,112,108,56,135,70,122,92,74" hai3="116,121,60,67,66,9,113,85,132,102,42,53,51"/><W54/><G113/><T80/><D69/><U131/><E131/><V119/><F112/><W14/><G116/><T83/><D115/><U94/><E125/><V25/><F119/><W37/><G121/><T129/><D105/><U10/><E38/><V99/><F70/><W50/><G132/><N who="2" m="33793" /><V89/><DORA hai="120" /><F74/><W11/><G37/><T39/><D129/><U4/><E16/><V95/><F122/><W49/><G42/><T33/><D33/><U123/><E123/><V76/><F56/><N who="3" m="34839" /><G102/><T107/><D107/><U72/><E72/><V62/><F62/><W30/><G30/><T117/><D117/><U61/><E61/><V59/><F59/><N who="3" m="33215" /><G85/><T28/><D39/><U48/><E48/><N who="3" m="18538" /><G11/><T106/><D8/><U128/><E128/><V81/><F95/><W21/><G21/><T45/><D20/><U1/><REACH who="1" step="1"/><E94/><REACH who="1" ten="240,350,130,270" step="2"/><V64/><F64/><W87/><G87/><T73/><D106/><U23/><E23/><V19/><F19/><AGARI ba="0,1" hai="9,14,19,66,67" m="18538,33215,34839" machi="19" ten="30,5800,0" yaku="8,1,52,2" doraHai="52,120" who="3" fromWho="2" sc="240,0,350,0,130,-58,270,68" /><INIT seed="3,1,0,5,3,130" ten="240,350,72,338" oya="3" hai0="108,19,96,119,132,69,85,89,55,26,12,37,101" hai1="34,92,99,86,62,5,21,63,91,36,17,74,4" hai2="116,43,129,95,94,33,105,135,79,72,80,38,48" hai3="1,18,111,16,127,124,114,107,28,115,52,20,88"/><W0/><G107/><T3/><D119/><U77/><E34/><V98/><F33/><W2/><G111/><T100/><D3/><U87/><E36/><V70/><F70/><W6/><G88/><T29/><D37/><U134/><E134/><V121/><F48/><W9/><G52/><T10/><D132/><U68/><E74/><V117/><F135/><W120/><G120/><T76/><D69/><U110/><E110/><V47/><F121/><W44/><G44/><T25/><D76/><U103/><E77/><V78/><F95/><W13/><G28/><T65/><D65/><U133/><E133/><V14/><F14/><N who="3" m="9239" /><G6/><N who="1" m="2666" /><E68/><V11/><F129/><W90/><G90/><T102/><D108/><U56/><E103/><V61/><F11/><W109/><G109/><T45/><D96/><U49/><E49/><V30/><F30/><W60/><G60/><N who="1" m="23082" /><E56/><V27/><F61/><W24/><G24/><AGARI ba="1,0" hai="17,21,24,86,87,91,92,99" m="23082,2666" machi="24" ten="30,1000,0" yaku="8,1" doraHai="130" who="1" fromWho="3" sc="240,0,350,13,72,0,338,-13" /><INIT seed="4,0,0,3,5,69" ten="240,363,72,325" oya="0" hai0="111,86,90,62,1,98,54,37,129,2,29,133,34" hai1="68,59,83,132,70,94,121,3,101,10,19,113,112" hai2="40,91,103,123,21,81,107,116,135,118,43,12,96" hai3="85,60,58,8,88,26,99,25,4,122,39,56,124"/><T114/><D114/><N who="1" m="44139" /><E121/><V36/><F123/><W93/><G122/><T41/><D133/><U17/><E132/><V38/><F135/><W115/><G115/><T100/><D129/><U63/><E83/><V75/><F21/><W28/><G124/><T30/><D111/><U7/><E68/><V77/><F12/><W46/><G58/><T92/><D54/><N who="1" m="34295" /><E70/><V35/><F35/><W18/><G18/><T106/><D62/><U104/><E104/><V87/><F43/><W76/><G46/><T32/><D32/><U102/><E102/><V0/><F0/><W95/><G39/><N who="2" m="14889" /><F40/><W78/><G8/><T109/><D109/><U44/><E44/><V11/><F11/><W27/><G4/><T79/><D34/><U6/><E6/><V80/><F80/><W125/><G28/><T49/><D29/><U52/><E52/><V89/><F75/><W15/><G15/><T16/><D2/><U9/><E9/><V74/><F74/><W66/><REACH who="3" step="1"/><G125/><REACH who="3" ten="240,363,72,315" step="2"/><T51/><D1/><U119/><E19/><V131/><F131/><W73/><G73/><T128/><D16/><U42/><E17/><V105/><F105/><W33/><G33/><T50/><D128/><U31/><E31/><V110/><F110/><W55/><G55/><T108/><D30/><U48/><E10/><V22/><F22/><W5/><G5/><T120/><D120/><U126/><E7/><V134/><F134/><W47/><G47/><N who="0" m="23983" /><D108/><U13/><E13/><V117/><AGARI ba="0,1" hai="77,81,87,89,91,96,103,107,116,117,118" m="14889" machi="117" ten="40,8000,1" yaku="12,1,52,3" doraHai="69" who="2" fromWho="2" sc="240,-40,363,-20,72,90,315,-20" /><INIT seed="5,0,0,2,4,121" ten="200,343,162,295" oya="1" hai0="87,49,107,99,91,38,102,90,130,34,37,40,100" hai1="3,41,126,10,4,60,6,17,25,39,105,104,118" hai2="47,106,56,67,133,72,68,89,7,33,11,119,114" hai3="129,62,50,109,23,48,26,120,115,97,79,131,5"/><U123/><E118/><V101/><F119/><W27/><G120/><T71/><D71/><U81/><E123/><V94/><F133/><W132/><G132/><T43/><D34/><U1/><E126/><V112/><F33/><W8/><G115/><N who="2" m="44073" /><F72/><W16/><G109/><T54/><D130/><N who="3" m="49673" /><G79/><T46/><D102/><U51/><E39/><V29/><F29/><W13/><G27/><T42/><REACH who="0" step="1"/><D91/><REACH who="0" ten="190,343,162,295" step="2"/><U93/><E105/><V84/><F68/><W95/><G62/><T24/><D24/><U22/><E60/><N who="2" m="38279" /><F101/><AGARI ba="0,1" hai="5,8,13,16,23,26,48,50,95,97,101" m="49673" machi="101" ten="30,2000,0" yaku="19,1,54,1" doraHai="121" who="3" fromWho="2" sc="190,0,343,0,162,-20,295,30" /><INIT seed="6,0,0,4,1,102" ten="190,343,142,325" oya="2" hai0="77,100,109,44,16,119,12,110,79,47,7,46,85" hai1="14,4,95,112,64,3,118,52,6,25,59,130,10" hai2="126,76,43,8,0,84,42,127,38,23,106,61,45" hai3="49,66,65,134,115,60,72,129,31,26,75,30,37"/><V71/><F23/><W34/><G37/><T78/><D119/><U131/><E118/><V87/><F43/><W98/><G129/><N who="1" m="49162" /><E112/><V111/><F111/><W97/><G134/><T24/><D100/><U11/><E64/><N who="2" m="41359" /><F76/><W20/><G115/><T2/><D24/><U19/><E95/><V74/><F74/><W15/><G49/><T82/><D2/><U86/><E86/><V36/><F36/><W17/><G31/><T9/><REACH who="0" step="1"/><D7/><REACH who="0" ten="180,343,142,325" step="2"/><N who="1" m="1407" /><E25/><V32/><F32/><W117/><G117/><T94/><D94/><U21/><E4/><N who="2" m="1031" /><F106/><W58/><G26/><T35/><D35/><U55/><E6/><V125/><AGARI ba="0,1" hai="38,42,45,84,87,125,126,127" m="1031,41359" machi="125" ten="30,1500,0" yaku="18,1" doraHai="102" who="2" fromWho="2" sc="180,-5,343,-5,142,25,325,-5" /><INIT seed="6,1,0,0,0,107" ten="175,338,167,320" oya="2" hai0="109,101,125,33,26,30,91,88,105,2,39,12,51" hai1="83,41,134,79,6,14,22,56,77,132,10,21,122" hai2="82,5,71,9,72,131,119,123,111,73,65,96,4" hai3="13,92,23,100,49,48,17,60,117,126,130,34,27"/><V133/><F119/><W128/><G117/><T74/><D39/><U37/><E122/><V8/><F123/><W15/><G126/><T63/><D2/><U115/><E115/><V121/><F121/><W98/><G60/><T40/><D109/><U108/><E108/><V110/><F82/><W18/><G15/><T95/><D74/><N who="2" m="28778" /><F131/><N who="3" m="50219" /><G34/><T28/><D28/><U29/><E56/><V57/><F57/><W16/><G18/><T75/><D75/><N who="1" m="43455" /><E79/><V93/><F93/><W78/><G78/><T50/><D95/><U120/><E120/><V42/><F96/><W52/><G52/><T53/><D53/><U32/><E32/><V102/><F102/><W31/><G31/><T7/><D101/><U59/><E59/><V84/><F84/><W11/><AGARI ba="1,0" hai="11,13,16,17,23,27,48,49,92,98,100" m="50219" machi="11" ten="30,2000,0" yaku="19,1,54,1" doraHai="107" who="3" fromWho="3" sc="175,-6,338,-6,167,-11,320,23" /><INIT seed="7,0,0,5,5,67" ten="169,332,156,343" oya="3" hai0="131,59,111,74,30,135,93,18,134,97,54,24,48" hai1="17,109,72,0,5,19,44,33,120,26,75,100,62" hai2="103,37,29,11,60,116,105,52,69,79,86,49,47" hai3="101,124,91,90,4,42,77,40,94,104,34,9,92"/><W64/><G34/><T106/><D111/><U68/><E109/><V63/><F116/><W132/><G132/><N who="0" m="50731" /><D131/><U55/><E120/><V118/><F118/><W21/><G21/><N who="0" m="15631" /><D74/><U114/><E114/><V76/><F37/><W117/><G91/><N who="0" m="55487" /><D18/><U82/><E100/><V89/><F29/><W8/><G101/><T127/><D106/><U41/><E72/><V98/><F11/><W110/><G9/><T70/><D70/><U3/><E3/><V85/><F85/><W20/><G104/><T88/><D88/><U96/><E96/><V57/><F69/><W51/><G90/><T65/><D65/><N who="1" m="41015" /><E55/><V27/><F27/><W35/><G64/><T58/><D127/><U80/><E80/><V45/><F79/><W66/><G77/><T1/><D1/><U130/><E130/><V39/><F76/><W108/><G124/><T61/><D61/><U22/><E82/><V102/><F102/><W53/><G110/><T73/><D73/><U50/><E75/><V113/><F113/><W99/><G108/><T16/><D16/><N who="1" m="12615" /><E33/><V36/><F63/><W56/><G35/><T23/><D23/><U12/><E0/><V128/><F128/><W78/><G20/><T81/><D81/><U43/><E43/><V10/><F10/><W126/><G126/><T95/><D95/><U32/><E32/><V31/><F31/><W123/><G117/><T129/><D129/><U119/><E119/><V83/><F45/><AGARI ba="0,0" hai="45,48,54,58,59" m="55487,15631,50731" machi="45" ten="30,1000,0" yaku="20,1" doraHai="67" who="0" fromWho="2" sc="169,10,332,0,156,-10,343,0" owari="179,-22.1,332,13.2,146,-35.4,343,44.3" /></mjloggm>