<mjloggm ver="2.3"><GO type="169" lobby="0"/><UN n0="%E3%81%9F%E3%81%8B%E3%81%AA" n1="%E5%9B%9B%E5%AE%AE%E7%B4%85%E8%BC%9D" n2="%E9%95%B7%E5%B2%A1" n3="%E3%82%B0%E3%83%B3%E3%83%80%E3%83%AA%E3%83%BC" dan="16,18,16,19" rate="2150.12,2236.29,2094.74,2250.84" sx="M,F,M,M"/><TAIKYOKU oya="0"/><INIT seed="0,0,0,1,4,7" ten="250,250,250,250" oya="0" hai0="43,105,111,73,79,23,36,26,2,32,99,120,1" hai1="40,27,83,118,100,92,78,31,113,110,131,108,62" hai2="21,69,25,24,85,56,77,80,114,11,20,106,42" hai3="46,87,74,133,3,17,72,35,45,67,122,38,84"/><T71/><D120/><U130/><E40/><V63/><F114/><W109/><G67/><T107/><D71/><U97/><E62/><V66/><F106/><W58/><G58/><T53/><D53/><U30/><E30/><V119/><F119/><W48/><G48/><T90/><D90/><U103/><E27/><V127/><F127/><W101/><G101/><T88/><D32/><U86/><E31/><V9/><F42/><W55/><G55/><T75/><D36/><U115/><E100/><V129/><F129/><N who="1" m="49161" /><E118/><V135/><F135/><W132/><G35/><T4/><D43/><U60/><E60/><V14/><F69/><W95/><G38/><T0/><D105/><U16/><E16/><N who="2" m="10263" /><F25/><W82/><G17/><AGARI ba="0,0" hai="9,11,17,21,24,56,63,66,77,80,85" m="10263" machi="17" ten="30,7700,0" yaku="8,1,52,2,54,1" doraHai="7" who="2" fromWho="3" sc="250,0,250,0,250,77,250,-77" /><INIT seed="1,0,0,0,1,5" ten="250,250,327,173" oya="1" hai0="65,6,124,20,68,60,11,56,26,100,59,4,130" hai1="80,112,27,86,98,18,93,92,32,75,64,79,69" hai2="45,14,97,41,46,74,108,8,3,111,31,42,47" hai3="76,52,15,99,106,135,96,101,105,125,17,95,83"/><U21/><E112/><V82/><F3/><W133/><G125/><T40/><D124/><U24/><E69/><V89/><F31/><W126/><G126/><T116/><D116/><U36/><E36/><V9/><F97/><W85/><G99/><T104/><D130/><U127/><E127/><V78/><F89/><W115/><G115/><T38/><D104/><U50/><E64/><V54/><F54/><W103/><G103/><T94/><D100/><U120/><E120/><V10/><REACH who="2" step="1"/><F14/><REACH who="2" ten="250,250,317,173" step="2"/><W53/><G53/><T88/><D88/><U13/><E98/><V58/><F58/><W84/><G52/><T129/><D56/><U49/><E13/><V121/><F121/><W33/><G33/><T123/><D59/><U90/><REACH who="1" step="1"/><E93/><REACH who="1" ten="250,240,317,173" step="2"/><V66/><F66/><W55/><G95/><T43/><D123/><U62/><E62/><V30/><F30/><AGARI ba="0,2" hai="18,21,24,27,30,32,49,50,75,79,80,86,90,92" machi="30" ten="40,2000,0" yaku="1,1,53,0" doraHai="5" doraHaiUra="57" who="1" fromWho="2" sc="250,0,240,40,317,-20,173,0" /><INIT seed="1,1,0,5,4,9" ten="250,280,297,173" oya="1" hai0="104,117,14,34,82,1,111,112,42,33,78,51,6" hai1="50,70,0,25,31,134,119,80,43,132,84,10,135" hai2="53,127,62,85,124,59,99,52,28,88,125,41,129" hai3="107,76,19,83,79,5,60,94,63,72,20,54,35"/><U105/><E119/><V69/><F129/><W123/><G107/><T86/><D117/><U106/><E70/><V90/><F41/><W110/><G35/><T38/><D112/><U115/><E115/><V4/><F69/><W81/><G110/><T3/><D104/><U40/><E106/><V64/><F28/><W12/><G123/><T71/><D38/><U17/><E105/><V97/><F4/><W47/><G5/><T49/><D71/><U122/><E50/><V56/><F64/><W24/><G47/><N who="0" m="25847" /><D51/><U100/><E100/><V15/><F15/><W16/><G94/><T103/><D103/><U98/><E98/><N who="2" m="37387" /><F85/><W95/><G54/><T45/><D45/><U37/><E37/><V58/><F58/><W66/><G95/><T46/><D46/><U7/><E17/><V102/><F102/><W29/><G66/><T87/><D87/><U67/><E67/><V74/><F74/><W61/><REACH who="3" step="1"/><G12/><REACH who="3" ten="250,280,297,163" step="2"/><T133/><D33/><N who="1" m="20719" /><E122/><V121/><F121/><W128/><G128/><T120/><D120/><U23/><E40/><V22/><F22/><W27/><G27/><T55/><D34/><U113/><E43/><V13/><F13/><W11/><G11/><T18/><D55/><U92/><E113/><V118/><F118/><W91/><G91/><T68/><D14/><U114/><E114/><V130/><F130/><W26/><G26/><T30/><D111/><U126/><E23/><V75/><F53/><W8/><G8/><T77/><D77/><N who="1" m="46095" /><E92/><V44/><F44/><W39/><G39/><T93/><D93/><U32/><E32/><V48/><F52/><RYUUKYOKU ba="1,1" sc="250,-15,280,15,297,-15,163,15" hai1="0,7,10,126,132,134,135" hai3="16,19,20,24,29,60,61,63,72,76,79,81,83" /><INIT seed="1,2,1,3,5,29" ten="235,295,282,178" oya="1" hai0="63,108,56,27,82,130,109,76,18,35,62,64,118" hai1="110,101,59,85,22,53,81,75,131,125,117,79,120" hai2="14,57,72,91,77,37,3,80,96,49,99,107,44" hai3="40,26,55,41,2,54,25,13,20,50,105,5,92"/><U70/><E120/><V47/><F3/><W132/><G105/><T11/><D118/><U126/><E70/><V68/><F68/><W121/><G121/><T122/><D122/><U39/><E117/><V42/><F57/><W30/><G2/><T97/><D130/><U112/><E112/><V0/><F107/><W102/><G132/><T116/><D116/><U74/><E39/><V123/><F123/><W113/><G26/><T133/><D133/><U7/><E131/><V4/><F14/><W135/><G113/><T43/><D43/><N who="3" m="16457" /><G50/><T83/><D97/><U10/><E101/><V100/><F100/><W8/><G135/><T12/><D63/><U21/><E110/><N who="0" m="42601" /><D76/><U111/><E111/><V51/><F91/><W84/><G84/><T128/><D128/><U16/><E85/><V69/><F69/><W95/><G95/><T114/><D114/><U65/><E79/><V46/><F51/><W124/><G124/><T115/><D115/><U94/><E94/><V36/><F36/><W17/><G5/><T71/><D71/><U86/><E125/><V15/><F15/><W134/><G134/><T90/><D90/><U38/><E38/><V119/><F119/><W1/><G1/><T32/><D27/><U19/><E7/><V6/><F6/><W34/><G34/><AGARI ba="2,1" hai="11,12,18,32,34,35,56,62,64,82,83" m="42601" machi="34" ten="30,7700,0" yaku="14,1,52,3" doraHai="29" who="0" fromWho="3" sc="235,93,295,0,282,0,178,-83" /><INIT seed="2,0,0,4,3,128" ten="328,295,282,95" oya="2" hai0="79,10,12,117,101,134,26,9,61,109,65,131,58" hai1="46,23,133,36,2,67,18,8,41,34,28,87,76" hai2="127,93,0,82,4,40,44,86,70,135,103,120,75" hai3="108,88,30,59,83,6,130,106,121,102,47,115,45"/><V27/><F120/><W91/><G121/><T126/><D109/><U72/><E87/><V37/><F127/><W43/><G108/><T114/><D114/><U11/><E67/><V95/><F70/><W113/><G30/><T81/><D131/><U78/><E8/><N who="2" m="2055" /><F27/><W16/><G130/><T63/><D126/><U99/><E99/><N who="2" m="59887" /><F95/><W15/><G6/><T98/><D117/><U92/><E92/><V19/><F86/><N who="3" m="50271" /><G106/><T22/><D12/><U24/><E72/><V49/><F49/><W62/><G102/><T42/><D63/><U118/><E118/><V90/><F90/><W38/><G38/><T96/><D96/><U123/><E123/><V80/><F80/><W13/><G43/><T116/><D42/><U55/><E36/><V57/><F19/><W125/><G125/><T122/><D116/><U32/><E41/><V21/><F21/><N who="3" m="11407" /><G15/><T35/><D35/><U107/><E107/><V64/><F82/><W69/><G69/><T7/><D7/><U48/><E34/><V73/><F73/><W33/><G33/><T50/><D122/><U89/><E89/><V129/><F129/><W51/><G91/><T54/><D81/><U71/><E71/><V94/><F75/><W124/><G124/><T104/><D104/><U20/><E32/><V119/><F119/><W84/><G84/><T3/><D101/><U112/><E28/><V60/><F94/><W53/><G51/><T56/><D50/><U17/><E48/><V97/><F97/><W31/><G31/><T132/><D98/><U14/><E14/><V111/><F111/><W25/><G25/><RYUUKYOKU ba="0,0" sc="328,-15,295,-15,282,15,95,15" hai2="37,40,44,57,60,64,135" hai3="45,47,53,59,62,113,115" /><INIT seed="2,1,0,1,5,36" ten="313,280,297,110" oya="2" hai0="135,79,20,30,32,93,124,50,3,18,48,128,65" hai1="41,89,72,98,57,63,55,95,12,17,71,84,42" hai2="110,38,82,80,68,25,51,19,37,40,64,83,6" hai3="46,44,76,100,54,67,11,132,101,21,31,23,130"/><V115/><F115/><W111/><G111/><T60/><D3/><U119/><E72/><V129/><F129/><W121/><G121/><T87/><D128/><U14/><E119/><V27/><F110/><W131/><G11/><T99/><D32/><U104/><E71/><V85/><F6/><W47/><G47/><T22/><D30/><U1/><E1/><V13/><F85/><W120/><G31/><T15/><D22/><U96/><E14/><V113/><F113/><W7/><G67/><T116/><D124/><U66/><E66/><V123/><F123/><W78/><G120/><T59/><D135/><U94/><E104/><V0/><F0/><W2/><G2/><T28/><D28/><U133/><E84/><V9/><F51/><W29/><G29/><T58/><D58/><U61/><E61/><V56/><F56/><W33/><G54/><T105/><D105/><U53/><E53/><V24/><REACH who="2" step="1"/><F40/><REACH who="2" ten="313,280,287,110" step="2"/><W134/><REACH who="3" step="1"/><G7/><REACH who="3" ten="313,280,287,100" step="2"/><T70/><D65/><U75/><E55/><V34/><F34/><AGARI ba="1,2" hai="21,23,33,34,44,46,76,78,100,101,130,131,132,134" machi="34" ten="25,6400,0" yaku="1,1,2,1,22,2,53,0" doraHai="36" doraHaiUra="90" who="3" fromWho="2" sc="313,0,280,0,287,-67,100,87" /><INIT seed="3,0,0,2,1,14" ten="313,280,220,187" oya="3" hai0="22,117,66,59,88,133,121,135,113,96,5,127,58" hai1="50,69,19,62,84,8,51,70,118,42,68,125,108" hai2="35,49,0,105,124,53,18,128,32,24,132,81,43" hai3="13,60,10,93,97,33,90,37,28,6,39,120,29"/><W122/><G29/><T44/><D117/><U74/><E74/><V38/><F105/><W114/><G114/><T46/><D121/><U54/><E118/><V72/><F128/><W23/><G33/><T15/><D127/><U40/><E84/><V103/><F124/><W126/><G126/><T57/><D66/><N who="1" m="41047" /><E19/><V95/><F132/><N who="0" m="50762" /><D113/><U112/><E8/><V31/><F0/><W106/><G39/><T77/><D77/><U61/><E112/><V119/><F119/><W116/><G37/><T109/><D109/><U89/><E89/><V3/><F3/><W9/><G116/><T56/><N who="0" m="14336" /><DORA hai="34" /><T94/><D5/><U52/><E108/><V101/><F38/><W17/><G60/><T123/><D123/><U85/><E85/><V36/><F36/><W87/><G28/><T110/><D110/><U129/><E129/><V65/><F65/><W76/><G10/><T11/><D11/><U1/><E1/><V26/><F72/><W30/><G30/><T92/><D94/><U45/><E125/><V71/><F95/><W75/><G75/><T16/><AGARI ba="0,0" hai="15,16,22,44,46,88,92,96" m="14336,50762" machi="16" ten="50,8000,1" yaku="20,1,52,1,54,2" doraHai="14,34" who="0" fromWho="0" sc="313,80,280,-20,220,-20,187,-40" /><INIT seed="4,0,0,1,0,115" ten="393,260,200,147" oya="0" hai0="125,15,122,61,29,128,18,109,91,89,84,73,4" hai1="53,116,35,22,31,46,131,103,107,105,42,0,9" hai2="49,100,83,114,45,3,8,26,43,56,1,94,129" hai3="76,57,52,2,60,102,133,24,118,36,99,123,117"/><T14/><D122/><U132/><E132/><V104/><F114/><W64/><G133/><T51/><D73/><U134/><E134/><V20/><F129/><W13/><G2/><T135/><D135/><U33/><E53/><V38/><F104/><W119/><G123/><T70/><D128/><U130/><E22/><V96/><F83/><W92/><G36/><T27/><D125/><U74/><E74/><V30/><F8/><W106/><G76/><T10/><D109/><U90/><E90/><V111/><F111/><W62/><G13/><T101/><D101/><U78/><E78/><V71/><F71/><W58/><REACH who="3" step="1"/><G24/><REACH who="3" ten="393,260,200,137" step="2"/><T88/><D15/><U34/><E0/><V66/><REACH who="2" step="1"/><F38/><REACH who="2" ten="393,260,190,137" step="2"/><W21/><G21/><T54/><D10/><U28/><E131/><V87/><F87/><W121/><G121/><T81/><D84/><U126/><E130/><V6/><F6/><W23/><G23/><T82/><D4/><U86/><E86/><V59/><F59/><W32/><G32/><T113/><D81/><U69/><E35/><V85/><F85/><W50/><G50/><T47/><D82/><U16/><E34/><V37/><F37/><W25/><G25/><T65/><D113/><U63/><E33/><V112/><F112/><W95/><AGARI ba="0,2" hai="52,57,58,60,62,64,92,95,99,102,106,117,118,119" machi="95" ten="40,12000,2" yaku="1,1,0,1,52,3,54,1,53,0" doraHai="115" doraHaiUra="127" who="3" fromWho="3" sc="393,-60,260,-30,190,-30,137,140" /><INIT seed="5,0,0,4,0,109" ten="333,230,160,277" oya="1" hai0="32,23,91,67,62,49,86,5,131,93,61,127,24" hai1="57,13,132,38,34,79,120,31,35,103,68,56,16" hai2="134,52,124,41,69,110,45,118,8,25,99,84,44" hai3="73,95,85,135,55,133,102,63,17,101,51,115,27"/><U97/><E120/><V83/><F118/><W106/><G73/><T130/><D32/><U15/><E68/><V88/><F110/><W0/><G0/><T129/><D127/><U12/><E38/><V7/><F69/><W53/><G106/><T10/><D49/><U6/><E132/><N who="3" m="50762" /><G115/><T30/><REACH who="0" step="1"/><D67/><REACH who="0" ten="323,230,160,277" step="2"/><U54/><E35/><V1/><F134/><W43/><G51/><T122/><D122/><U111/><E34/><V37/><F124/><W82/><G43/><T60/><D60/><U114/><E111/><V121/><F121/><W33/><G63/><T58/><D58/><U40/><E40/><V46/><F52/><W42/><G55/><T64/><D64/><U18/><E56/><V39/><F39/><W77/><G53/><T107/><D107/><U81/><E57/><V123/><F123/><W128/><G33/><T119/><D119/><U50/><E50/><V9/><F37/><W36/><G42/><T26/><D26/><U112/><E54/><V125/><F125/><W87/><G36/><T108/><D108/><U2/><E114/><V98/><F41/><W80/><G27/><T113/><D113/><U90/><E112/><V70/><F25/><W75/><G128/><T100/><D100/><U47/><E103/><V92/><F70/><W78/><G17/><T105/><D105/><U4/><E18/><V76/><REACH who="2" step="1"/><F9/><REACH who="2" ten="323,230,150,277" step="2"/><W104/><G104/><T71/><D71/><U74/><E47/><V59/><F59/><W28/><G28/><T11/><D11/><U116/><E31/><V19/><F19/><W14/><G14/><AGARI ba="0,2" hai="5,10,14,23,24,30,61,62,86,91,93,129,130,131" machi="14" ten="40,5200,0" yaku="1,1,19,1,53,1" doraHai="109" doraHaiUra="20" who="0" fromWho="3" sc="323,72,230,0,150,0,277,-52" /><INIT seed="6,0,0,2,2,105" ten="395,230,150,225" oya="2" hai0="115,18,65,62,116,135,17,66,108,25,19,127,5" hai1="99,20,42,77,134,107,34,71,117,68,45,111,124" hai2="44,47,93,31,80,10,87,54,98,64,40,88,37" hai3="49,74,26,72,13,63,61,39,7,109,24,8,15"/><V36/><F64/><W96/><G39/><T129/><D108/><U67/><E111/><V112/><F112/><W81/><G109/><T69/><D115/><U110/><E110/><V97/><F31/><W4/><G49/><T91/><D129/><U125/><E117/><V21/><F21/><W29/><G96/><T3/><D3/><U2/><E134/><V12/><F93/><W32/><G26/><T100/><D5/><U46/><E20/><V28/><F28/><W52/><G81/><T57/><D100/><U118/><E34/><V126/><F126/><W16/><G4/><T50/><D127/><U102/><E118/><V122/><F122/><W84/><G84/><T92/><D135/><U30/><E30/><V132/><F132/><W11/><REACH who="3" step="1"/><G52/><REACH who="3" ten="395,230,150,215" step="2"/><T51/><D25/><U70/><E99/><V76/><F76/><W131/><G131/><T75/><D50/><U119/><E77/><V90/><F90/><W35/><G35/><T104/><D51/><U56/><E119/><V114/><F114/><W6/><G6/><T123/><D91/><U82/><E124/><V103/><F103/><W48/><G48/><T60/><D116/><U94/><E102/><V101/><F54/><W59/><G59/><T23/><D57/><U130/><E130/><V22/><F101/><W27/><G27/><T133/><D133/><U73/><E82/><V86/><F87/><W89/><G89/><T79/><D79/><U0/><E125/><V9/><F98/><W43/><G43/><T85/><D85/><U55/><E42/><N who="2" m="22599" /><F97/><W41/><G41/><T53/><D53/><RYUUKYOKU ba="0,1" sc="395,-15,230,-15,150,15,215,15" hai2="9,10,12,22,37,40,47,80,86,88" hai3="7,8,11,13,15,16,24,29,32,61,63,72,74" /><INIT seed="6,1,1,1,2,112" ten="380,215,165,230" oya="2" hai0="26,111,92,131,81,55,32,122,123,102,34,86,133" hai1="109,50,7,46,64,36,135,21,134,82,75,70,39" hai2="110,73,54,103,83,16,100,14,118,120,71,20,22" hai3="80,117,57,19,35,106,85,132,84,119,1,74,113"/><V87/><F120/><W105/><G1/><T89/><D111/><U116/><E109/><V125/><F110/><W29/><G19/><T42/><D42/><U45/><E7/><V30/><F125/><W99/><G57/><T2/><D2/><U104/><E104/><N who="3" m="40042" /><G29/><T47/><D131/><U126/><E126/><V91/><F118/><N who="3" m="45067" /><G35/><T128/><D128/><U130/><E21/><V62/><F73/><W17/><G17/><T4/><D26/><U94/><E75/><V60/><F71/><W129/><G129/><T65/><D65/><U114/><E64/><V5/><F5/><W68/><G68/><T127/><D32/><U41/><E70/><V61/><REACH who="2" step="1"/><F54/><REACH who="2" ten="380,215,155,230" step="2"/><W58/><G113/><T0/><D55/><N who="1" m="30159" /><E114/><V10/><F10/><W90/><G132/><T37/><D133/><U101/><E116/><V121/><F121/><W97/><G58/><T77/><D122/><U78/><E130/><V3/><F3/><W76/><G74/><T124/><D123/><U48/><E135/><V52/><F52/><W63/><G63/><T9/><D124/><U18/><E134/><V15/><F15/><W56/><G56/><T27/><D127/><U28/><E46/><V53/><F53/><W67/><G67/><T115/><D115/><U95/><E39/><V79/><F79/><W93/><AGARI ba="1,2" hai="76,80,84,85,90,93,97,99" m="45067,40042" machi="93" ten="30,8000,1" yaku="34,2,52,3" doraHai="112" who="3" fromWho="3" sc="380,-21,215,-21,155,-41,230,103" /><INIT seed="7,0,0,4,5,74" ten="359,194,114,333" oya="3" hai0="91,134,17,1,127,68,101,78,41,83,42,31,47" hai1="79,94,102,27,40,100,43,92,106,26,107,44,119" hai2="114,55,60,2,10,104,123,90,120,128,129,19,9" hai3="93,25,132,75,56,98,20,29,18,0,21,88,16"/><W52/><G75/><T58/><D68/><U12/><E12/><V57/><F104/><W22/><G132/><T117/><D117/><U111/><E44/><V38/><F38/><W125/><G125/><T87/><D1/><U35/><E35/><V96/><F114/><W70/><G70/><T62/><D134/><U76/><REACH who="1" step="1"/><E111/><REACH who="1" ten="359,184,114,333" step="2"/><V23/><F128/><W13/><G0/><T50/><D47/><U103/><E103/><V131/><F129/><W7/><G7/><T121/><D101/><U86/><E86/><V73/><F131/><W118/><G118/><AGARI ba="0,1" hai="26,27,40,43,76,79,92,94,100,102,106,107,118,119" machi="118" ten="25,8000,1" yaku="1,1,22,2,52,2,53,0" doraHai="74" doraHaiUra="124" who="1" fromWho="3" sc="359,0,184,90,114,0,333,-80" owari="359,45.9,274,7.4,114,-38.6,253,-14.7" /></mjloggm>