<mjloggm ver="2.3"><GO type="169" lobby="0"/><UN n0="%E9%95%B7%E5%B2%A1" n1="%E3%81%BA%E3%82%8D%E3%81%BA%E3%82%8D%E3%81%8D%E3%82%93" n2="%E4%B8%80%E7%95%AA%E3%81%84%E3%81%A1%E3%81%B0%E3%82%93" n3="%61%79%61%70%69%6E" dan="16,16,16,16" rate="2122.97,2131.18,2091.20,2160.37" sx="M,M,F,M"/><TAIKYOKU oya="0"/><INIT seed="0,0,0,3,3,129" ten="250,250,250,250" oya="0" hai0="73,76,134,77,3,133,114,75,93,92,79,15,132" hai1="68,23,13,123,111,19,110,103,61,86,126,115,104" hai2="59,117,33,40,107,120,116,39,69,85,83,0,4" hai3="78,52,70,131,26,48,24,90,94,130,100,10,30"/><T47/><D3/><U99/><E123/><V16/><F69/><W28/><G70/><T67/><D114/><U96/><E126/><V31/><F107/><W55/><G78/><T65/><D15/><U80/><E99/><V82/><F120/><W89/><G10/><T60/><D47/><U62/><E115/><V105/><F105/><W17/><G100/><T135/><D133/><U95/><E104/><V88/><F4/><W27/><G17/><T38/><D38/><U57/><E68/><V108/><F0/><W49/><G26/><T25/><D25/><U56/><E56/><V71/><F71/><W54/><G54/><T45/><D45/><U112/><E112/><V128/><F128/><W35/><REACH who="3" step="1"/><G94/><REACH who="3" ten="250,250,250,240" step="2"/><N who="0" m="36459" /><D60/><U125/><E125/><V6/><F6/><W50/><G50/><T119/><D119/><U106/><E106/><V29/><F117/><W42/><G42/><T91/><D91/><U113/><E113/><V102/><F40/><W81/><G81/><N who="0" m="45199" /><D77/><N who="1" m="46351" /><E57/><V8/><F116/><W118/><G118/><T34/><D34/><AGARI ba="0,1" hai="24,27,28,30,34,35,48,49,52,55,89,90,130,131" machi="34" ten="25,6400,0" yaku="1,1,22,2,54,1,53,0" doraHai="129" doraHaiUra="5" who="3" fromWho="0" sc="250,-64,250,0,250,0,240,74" /><INIT seed="1,0,0,5,5,11" ten="186,250,250,314" oya="1" hai0="31,38,130,79,70,89,59,115,68,102,129,93,47" hai1="32,69,100,134,120,82,81,48,119,107,30,58,52" hai2="57,36,123,2,64,42,26,60,86,85,10,127,125" hai3="49,9,1,40,41,39,118,7,101,18,51,8,109"/><U78/><E119/><V114/><F123/><W61/><G118/><T90/><D115/><U126/><E120/><V63/><F114/><W67/><G109/><T23/><D79/><U99/><E126/><V91/><F36/><W46/><G101/><T75/><D75/><U121/><E121/><V16/><F42/><W103/><G103/><T83/><D59/><U43/><E134/><V14/><F2/><W72/><G41/><N who="0" m="22967" /><D83/><U116/><E116/><V56/><F26/><W122/><G122/><T28/><D102/><U128/><E128/><N who="0" m="49257" /><D89/><U4/><E69/><N who="0" m="26729" /><D23/><U105/><E105/><V62/><F62/><W73/><G72/><T19/><D19/><U45/><E78/><V113/><F113/><W131/><G73/><T77/><D77/><U74/><E74/><V15/><F91/><W5/><G18/><T111/><D111/><U35/><E4/><N who="2" m="3399" /><F127/><W0/><REACH who="3" step="1"/><G131/><REACH who="3" ten="186,250,250,304" step="2"/><T84/><AGARI ba="0,1" hai="28,31,84,90,93" m="26729,49257,22967" machi="84" ten="30,1100,0" yaku="19,1" doraHai="11" who="0" fromWho="0" sc="186,21,250,-5,250,-3,304,-3" /><INIT seed="2,0,0,1,2,123" ten="207,245,247,301" oya="2" hai0="32,33,60,31,113,98,2,24,49,94,35,23,74" hai1="27,70,131,92,106,53,54,3,93,71,8,96,44" hai2="18,78,95,1,121,75,62,110,47,63,5,38,41" hai3="80,76,72,69,68,82,7,99,17,43,14,119,22"/><V133/><F121/><W85/><G119/><T4/><D74/><U13/><E131/><V46/><F133/><W122/><G122/><T67/><D113/><U81/><E3/><V100/><F46/><W61/><G99/><T26/><D49/><U30/><E106/><V10/><F18/><W124/><G124/><T112/><D112/><U19/><E92/><V56/><F95/><W88/><G7/><T29/><D4/><U20/><E81/><N who="2" m="45279" /><F100/><W50/><REACH who="3" step="1"/><G61/><REACH who="3" ten="207,245,247,291" step="2"/><T109/><D2/><U28/><E28/><V115/><F115/><W48/><G48/><T87/><D87/><U51/><REACH who="1" step="1"/><E54/><REACH who="1" ten="207,235,247,291" step="2"/><N who="2" m="34071" /><F63/><W25/><G25/><T105/><D105/><U89/><AGARI ba="0,2" hai="8,13,19,20,27,30,44,51,53,70,71,89,93,96" machi="89" ten="20,8000,1" yaku="1,1,0,1,7,1,53,2" doraHai="123" doraHaiUra="66" who="1" fromWho="1" sc="207,-20,235,100,247,-40,291,-20" /><INIT seed="3,0,0,3,5,9" ten="187,335,207,271" oya="3" hai0="30,21,45,108,106,119,73,88,22,121,26,33,23" hai1="125,47,118,110,1,24,68,10,89,128,105,63,52" hai2="91,122,13,74,77,36,44,27,58,62,55,112,99" hai3="132,80,81,123,66,115,126,83,7,75,16,29,51"/><W98/><G123/><T101/><D121/><U5/><E105/><V86/><F122/><W96/><G132/><T111/><D119/><U69/><E110/><N who="0" m="42025" /><D73/><U109/><E109/><V54/><F112/><W35/><G115/><T4/><D106/><U56/><E128/><V124/><F124/><W48/><G75/><T28/><D101/><U116/><E125/><V41/><F27/><W131/><G126/><T133/><D133/><U49/><E89/><V70/><F70/><W64/><G7/><T102/><D102/><U12/><E24/><V129/><F99/><N who="3" m="37931" /><G29/><N who="0" m="19639" /><D45/><U11/><E118/><V127/><F129/><W8/><G35/><T104/><D104/><U93/><E93/><V46/><F127/><W2/><G2/><T20/><N who="0" m="5120" /><DORA hai="130" /><T76/><D76/><U17/><REACH who="1" step="1"/><E116/><REACH who="1" ten="187,325,207,271" step="2"/><V79/><F79/><W53/><G131/><T15/><D88/><U85/><E85/><V57/><F77/><W84/><G84/><T43/><D43/><AGARI ba="0,1" hai="1,5,10,11,12,17,43,47,49,52,56,63,68,69" machi="43" ten="30,12000,2" yaku="1,1,7,1,52,1,54,1,53,2" doraHai="9,130" doraHaiUra="61,65" who="1" fromWho="0" sc="187,-120,325,130,207,0,271,0" /><INIT seed="4,0,0,5,1,130" ten="67,455,207,271" oya="0" hai0="93,28,17,4,27,78,54,44,35,47,106,119,11" hai1="86,13,89,15,53,115,16,41,0,109,9,21,61" hai2="12,58,95,1,45,65,20,72,84,69,51,111,104" hai3="52,55,2,122,90,37,114,73,101,71,18,79,32"/><T108/><D106/><U87/><E109/><V59/><F72/><W49/><G37/><T8/><D119/><U91/><E0/><V33/><F1/><W113/><G122/><T42/><D108/><U135/><E135/><V50/><F33/><W67/><G32/><T68/><D68/><U105/><E105/><V80/><F104/><W77/><G2/><T66/><D66/><U19/><E41/><V134/><F111/><W43/><G101/><T24/><D78/><N who="3" m="29705" /><G73/><T14/><D54/><N who="3" m="20521" /><G18/><T23/><D42/><U6/><E115/><N who="3" m="44042" /><G90/><N who="1" m="34314" /><E19/><V83/><F84/><W110/><G110/><T74/><D74/><U96/><E96/><V26/><F83/><W75/><G75/><T62/><D62/><U128/><E128/><V103/><F80/><W31/><G31/><T7/><REACH who="0" step="1"/><D93/><REACH who="0" ten="57,455,207,271" step="2"/><U88/><E53/><V29/><F65/><W94/><G94/><T36/><D36/><U120/><E61/><V123/><F95/><W131/><G131/><T116/><D116/><U25/><E120/><V39/><F123/><W132/><G67/><T40/><D40/><U121/><E121/><V127/><F39/><W70/><G43/><T98/><D98/><U133/><E86/><V46/><F69/><N who="3" m="26123" /><G49/><T63/><D63/><U118/><E118/><V3/><F50/><W124/><G124/><T56/><D56/><U99/><E99/><V5/><F51/><W81/><G81/><T64/><D64/><U10/><E87/><V38/><F127/><W82/><G82/><T100/><D100/><U126/><E126/><V92/><F92/><W57/><G57/><N who="2" m="21513" /><F103/><W22/><G132/><RYUUKYOKU ba="0,1" sc="57,15,455,-15,207,-15,271,15" hai0="4,7,8,11,14,17,23,24,27,28,35,44,47" hai3="22" /><INIT seed="4,1,1,3,5,32" ten="72,440,192,286" oya="0" hai0="75,102,2,105,107,70,33,126,5,41,72,84,1" hai1="135,82,39,25,96,122,79,80,52,101,92,123,71" hai2="34,78,116,4,54,74,8,89,24,9,23,60,44" hai3="66,0,11,14,114,49,46,19,86,85,57,55,95"/><T53/><D53/><U15/><E39/><V98/><F116/><W28/><G114/><T88/><D41/><U62/><E15/><V17/><F34/><W3/><G28/><T59/><D59/><U129/><E25/><V56/><F74/><N who="0" m="28202" /><D84/><U97/><E79/><V94/><F78/><W100/><G85/><T73/><D88/><U109/><E92/><V108/><F108/><W134/><G134/><T63/><N who="0" m="28210" /><T16/><DORA hai="30" /><D16/><U125/><E109/><V40/><REACH who="2" step="1"/><F4/><REACH who="2" ten="72,440,182,286" step="2"/><W69/><G69/><T130/><D5/><U119/><E119/><V64/><F64/><W124/><G124/><T91/><D126/><U61/><E71/><V110/><F110/><W26/><G26/><T18/><D33/><U35/><E35/><V121/><F121/><W118/><G118/><T104/><D18/><U6/><E6/><V65/><F65/><W45/><G66/><N who="0" m="41311" /><D91/><U99/><E125/><V113/><F113/><W36/><G100/><T115/><D115/><U10/><E123/><V58/><F58/><W87/><G46/><T7/><D130/><U131/><E122/><V47/><F47/><W76/><G76/><T68/><D68/><U67/><E129/><V128/><F128/><W22/><G45/><T81/><D102/><U51/><E131/><V42/><F42/><W133/><G57/><T117/><D117/><U50/><E67/><V43/><F43/><W38/><G55/><T48/><D7/><U83/><E52/><V29/><F29/><W132/><G132/><T20/><D48/><AGARI ba="1,2" hai="8,9,17,23,24,40,44,48,54,56,60,89,94,98" machi="48" ten="30,12000,2" yaku="1,1,7,1,25,2,8,1,53,1" doraHai="32,30" doraHaiUra="13,27" who="2" fromWho="0" sc="72,-123,440,0,182,143,286,0" owari="-51,-55.1,440,54.0,325,12.5,286,-11.4" /></mjloggm>