<mjloggm ver="2.3"><GO type="169" lobby="0"/><UN n0="%E9%95%B7%E5%B2%A1" n1="%E3%82%B9%E3%82%BA%E3%83%A4" n2="%E7%94%9F%E5%BE%92%E4%BC%9A%E3%80%90%E5%BA%8F%E3%80%91" n3="%45%72%77%69%6E%52%64" dan="16,16,16,16" rate="2133.05,2130.84,2128.36,2121.37" sx="M,M,M,M"/><TAIKYOKU oya="0"/><INIT seed="0,0,0,2,1,27" ten="250,250,250,250" oya="0" hai0="89,92,41,38,121,18,32,31,119,39,95,85,115" hai1="3,36,51,82,129,79,2,112,66,102,22,46,12" hai2="55,91,61,104,130,62,28,87,72,1,75,90,52" hai3="20,134,34,40,37,9,98,97,94,16,48,73,60"/><T120/><D115/><U113/><E36/><V26/><F1/><W23/><G34/><T127/><D119/><U114/><E129/><V11/><F11/><W81/><G134/><T17/><D127/><U77/><E66/><V96/><F130/><W74/><G37/><T93/><D39/><U109/><E102/><V88/><F104/><W4/><G60/><T19/><D120/><U6/><E109/><V100/><F100/><W64/><G64/><T58/><D121/><U107/><E107/><V70/><F70/><W65/><G65/><T131/><D131/><U29/><E29/><V106/><F106/><W49/><G20/><T86/><D58/><U78/><E82/><V132/><F132/><W25/><G97/><T69/><D69/><U99/><E99/><V68/><F96/><W101/><G81/><T33/><D85/><U122/><E122/><V103/><F103/><W54/><G40/><T42/><D33/><U44/><E44/><V53/><F87/><W47/><REACH who="3" step="1"/><G49/><REACH who="3" ten="250,250,250,240" step="2"/><T125/><D125/><U71/><E22/><V133/><F133/><W7/><G7/><T45/><REACH who="0" step="1"/><D42/><REACH who="0" ten="240,250,250,240" step="2"/><U76/><E114/><V63/><REACH who="2" step="1"/><F68/><REACH who="2" ten="240,250,240,240" step="2"/><W43/><G43/><T80/><D80/><U24/><E71/><V35/><AGARI ba="0,3" hai="26,28,35,52,53,55,61,62,63,72,75,88,90,91" machi="35" ten="40,16000,3" yaku="1,1,2,1,0,1,29,2,52,1,54,2,53,0" doraHai="27" doraHaiUra="5" who="2" fromWho="2" sc="240,-80,250,-40,240,190,240,-40" /><INIT seed="1,0,0,5,3,42" ten="160,210,430,200" oya="1" hai0="124,114,9,111,91,44,20,3,6,55,31,132,10" hai1="101,80,130,33,71,81,36,61,19,78,98,134,38" hai2="18,76,15,2,39,5,102,66,8,95,82,128,122" hai3="93,135,24,21,37,25,43,14,7,23,109,65,35"/><U131/><E33/><V118/><F122/><W22/><G65/><T133/><D114/><U106/><E134/><N who="0" m="51817" /><D111/><U123/><E123/><V97/><F128/><N who="1" m="49193" /><E19/><V29/><F66/><W13/><G135/><T70/><D70/><U89/><E61/><V69/><F69/><W12/><G109/><T53/><D124/><U64/><E64/><V87/><F39/><W85/><G43/><T116/><D116/><U45/><E71/><V72/><F118/><W107/><G37/><T4/><D91/><U103/><E103/><V110/><F110/><W62/><G62/><T104/><D104/><U16/><E16/><V0/><F29/><N who="3" m="19879" /><G107/><T54/><D20/><N who="3" m="7785" /><G93/><T28/><D44/><U127/><E127/><V46/><F46/><W51/><G51/><T112/><D112/><U119/><E119/><V86/><F102/><W63/><G63/><T79/><D79/><U75/><E45/><V17/><F95/><W84/><G84/><AGARI ba="0,0" hai="36,38,75,78,80,81,84,89,98,101,106" m="49193" machi="84" ten="30,1500,0" yaku="19,1" doraHai="42" who="1" fromWho="3" sc="160,0,210,15,430,0,200,-15" /><INIT seed="1,1,0,1,0,92" ten="160,225,430,185" oya="1" hai0="27,75,18,96,129,26,35,83,53,119,86,0,34" hai1="72,32,33,61,89,24,6,50,130,66,120,127,70" hai2="124,1,117,85,116,78,52,11,16,46,2,22,23" hai3="105,113,131,133,107,13,87,134,77,115,20,106,80"/><U79/><E120/><V55/><F124/><W42/><G42/><T44/><D119/><U54/><E127/><V62/><F117/><W8/><G20/><T60/><D0/><U41/><E130/><V93/><F2/><W21/><G21/><T15/><D75/><U51/><E6/><V36/><F36/><W28/><G28/><T73/><D73/><U71/><E71/><V4/><F23/><W118/><G118/><T48/><D129/><U82/><E24/><N who="0" m="9257" /><D60/><U40/><E89/><V110/><F110/><W31/><G31/><T17/><D17/><U57/><REACH who="1" step="1"/><E51/><REACH who="1" ten="160,215,430,185" step="2"/><V69/><F69/><W95/><G131/><T122/><D122/><U56/><E56/><V3/><F4/><W10/><G113/><T125/><D125/><U5/><E5/><V25/><F116/><W135/><G115/><T9/><D35/><AGARI ba="1,1" hai="32,33,35,40,41,50,54,57,61,66,70,72,79,82" machi="35" ten="40,2000,0" yaku="1,1,53,0" doraHai="92" doraHaiUra="102" who="1" fromWho="0" sc="160,-23,215,33,430,0,185,0" /><INIT seed="1,2,0,0,2,45" ten="137,248,430,185" oya="1" hai0="128,74,85,49,64,131,3,47,15,21,62,72,71" hai1="39,31,135,88,105,37,5,26,55,133,103,110,29" hai2="106,59,24,92,25,50,126,129,51,34,44,68,101" hai3="66,100,4,125,48,75,104,115,67,123,89,132,119"/><U63/><E110/><V11/><F68/><W114/><G123/><T8/><D3/><U23/><E5/><V120/><F106/><W14/><G75/><T122/><D21/><U73/><E73/><V76/><F34/><W12/><G132/><N who="1" m="50762" /><E88/><V30/><F129/><N who="0" m="49738" /><D85/><U93/><E31/><V40/><F126/><W80/><G125/><T113/><D113/><U52/><E105/><V77/><F11/><W38/><G38/><N who="1" m="14346" /><E63/><V16/><F30/><W42/><G89/><T130/><N who="0" m="49746" /><T83/><DORA hai="0" /><D83/><U35/><E23/><N who="2" m="13415" /><F25/><W70/><G80/><T124/><D124/><U33/><E33/><V97/><F120/><W1/><G104/><T43/><D122/><U9/><E9/><V61/><F61/><W36/><G1/><T121/><D121/><U56/><E56/><V58/><F58/><W87/><G87/><T90/><D90/><U118/><E118/><V102/><F102/><W134/><G100/><T46/><D47/><U22/><E35/><V79/><F79/><W95/><G119/><T112/><D112/><U32/><E32/><V28/><F28/><W78/><G134/><T111/><D111/><U117/><E117/><V65/><F77/><W94/><G78/><T54/><D74/><U20/><E20/><V98/><F76/><W84/><G115/><T57/><D72/><U7/><E7/><V96/><F65/><W82/><G114/><T17/><D71/><U127/><E127/><V27/><F27/><W6/><G70/><T53/><AGARI ba="2,0" hai="8,15,17,43,46,49,53,54,57,62,64" m="49746" machi="53" ten="40,2700,0" yaku="19,1,52,1" doraHai="45,0" who="0" fromWho="0" sc="137,33,248,-15,430,-9,185,-9" /><INIT seed="2,0,0,3,1,91" ten="170,233,421,176" oya="2" hai0="37,5,79,135,46,9,112,57,3,85,109,39,20" hai1="66,63,118,95,94,83,73,6,77,10,122,114,13" hai2="69,1,99,29,129,133,38,50,78,93,131,54,0" hai3="15,70,72,22,27,76,90,7,59,14,110,123,128"/><V60/><F29/><W12/><G70/><T21/><D112/><U121/><E118/><V41/><F78/><W97/><G123/><N who="1" m="47114" /><E114/><V30/><F30/><W86/><G110/><T47/><D109/><U105/><E105/><V4/><F133/><W125/><G128/><N who="2" m="49225" /><F4/><W98/><G125/><T33/><D33/><U88/><E88/><N who="2" m="55719" /><F41/><W101/><G7/><T87/><D135/><U117/><E117/><V45/><F38/><W71/><G71/><AGARI ba="0,0" hai="6,10,13,63,66,71,73,77,83,94,95" m="47114" machi="71" ten="30,3900,0" yaku="13,1,52,2" doraHai="91" who="1" fromWho="3" sc="170,0,233,39,421,0,176,-39" /><INIT seed="3,0,0,0,5,100" ten="170,272,421,137" oya="3" hai0="30,55,18,111,90,134,107,106,15,71,4,108,14" hai1="77,45,133,38,6,10,59,97,74,109,82,32,62" hai2="80,65,98,67,120,114,126,135,105,13,8,96,26" hai3="130,124,110,118,35,7,93,44,39,78,51,48,21"/><W56/><G118/><T16/><D71/><U2/><E109/><N who="0" m="42057" /><D134/><U104/><E32/><V128/><F114/><W72/><G35/><T3/><D30/><U22/><E22/><V129/><F135/><W99/><G110/><T101/><D101/><U69/><E133/><V113/><F113/><W102/><G124/><T41/><D41/><N who="1" m="22711" /><E59/><V1/><F126/><W86/><G130/><T64/><D64/><N who="1" m="41111" /><E97/><V84/><F120/><W36/><G72/><T92/><D55/><U53/><E53/><V87/><F26/><W20/><G56/><T66/><D66/><U58/><E58/><V119/><F98/><W60/><G60/><T54/><D54/><U57/><E57/><V24/><F1/><W81/><G48/><T122/><D3/><U116/><E116/><V125/><F119/><W68/><G68/><T63/><D122/><U0/><E0/><V117/><F117/><W33/><G33/><T49/><D49/><U40/><E40/><V52/><F67/><W19/><G7/><T123/><D4/><U11/><E11/><V34/><F65/><W73/><G73/><T27/><D123/><U37/><E37/><V61/><F128/><W47/><G47/><T131/><D131/><U9/><E9/><V127/><F129/><W17/><G36/><T70/><D63/><U89/><E89/><V95/><F61/><W42/><G39/><T31/><D70/><U25/><E25/><V85/><F127/><W79/><G79/><T43/><D43/><U83/><E83/><V88/><F125/><W29/><G20/><N who="0" m="15847" /><D15/><U103/><E103/><V94/><F34/><RYUUKYOKU ba="0,0" sc="170,-15,272,15,421,-15,137,15" hai1="2,6,10,74,77,82,104" hai3="17,19,21,29,42,44,51,78,81,86,93,99,102" /><INIT seed="3,1,0,2,4,50" ten="155,287,406,152" oya="3" hai0="11,52,45,53,8,70,23,0,41,103,74,135,82" hai1="24,107,64,51,36,9,104,73,15,132,129,113,126" hai2="72,47,25,40,6,95,123,56,66,32,31,22,122" hai3="111,61,48,118,80,105,37,29,14,65,75,88,106"/><W34/><G118/><T44/><D70/><U21/><E36/><V67/><F72/><W86/><G37/><T43/><D135/><U60/><E113/><V119/><F119/><W30/><G111/><T127/><D127/><U46/><E132/><V55/><F6/><W49/><G75/><T98/><D23/><U19/><E73/><V100/><F32/><W28/><G34/><T77/><D45/><U78/><E78/><V18/><F31/><W4/><G105/><T17/><D11/><U42/><E129/><V91/><F100/><W7/><G106/><T125/><D125/><U97/><E97/><V130/><F130/><W96/><G96/><T99/><D99/><U90/><E90/><V114/><F114/><W89/><G89/><T102/><D41/><U101/><E101/><N who="0" m="38409" /><D17/><U26/><E26/><V13/><F25/><W117/><G117/><T10/><D10/><U79/><E79/><V124/><F124/><W54/><G14/><T110/><D98/><U62/><E126/><V2/><F2/><W38/><G38/><N who="0" m="21623" /><D110/><U87/><E87/><N who="2" m="52735" /><F123/><W112/><G112/><T16/><D16/><U81/><E81/><V76/><F122/><W133/><G133/><T57/><D57/><U85/><E85/><V35/><F35/><W92/><G80/><T120/><D120/><U63/><REACH who="1" step="1"/><E64/><REACH who="1" ten="155,277,406,152" step="2"/><V58/><F67/><W68/><REACH who="3" step="1"/><G48/><REACH who="3" ten="155,277,406,142" step="2"/><T121/><D121/><U134/><E134/><V83/><F83/><W1/><G1/><T71/><D0/><U94/><E94/><V109/><F76/><W39/><G39/><T3/><D3/><U12/><E12/><RYUUKYOKU ba="1,2" sc="155,-15,277,15,406,-15,142,15" hai1="9,15,19,21,24,42,46,51,60,62,63,104,107" hai3="4,7,28,29,30,49,54,61,65,68,86,88,92" /><INIT seed="3,2,2,4,4,43" ten="140,292,391,157" oya="3" hai0="11,108,89,99,110,41,59,48,107,29,98,93,17" hai1="125,101,58,103,40,97,49,9,27,111,18,123,105" hai2="76,91,12,13,94,69,109,32,39,15,90,28,87" hai3="6,22,62,88,46,34,65,106,57,31,10,2,83"/><W1/><G106/><T78/><D78/><U129/><E123/><V44/><F69/><W85/><G34/><T26/><D17/><U56/><E111/><N who="0" m="42537" /><D11/><U68/><E68/><V71/><F71/><W45/><REACH who="3" step="1"/><G1/><REACH who="3" ten="140,292,391,147" step="2"/><T0/><D0/><U134/><E105/><V80/><F32/><W135/><G135/><T127/><D107/><U54/><E134/><V66/><F109/><W114/><G114/><T73/><D127/><U55/><E125/><V117/><F117/><W4/><BYE who="2" /><G4/><T128/><D128/><U63/><E129/><V7/><F7/><W86/><G86/><N who="0" m="52407" /><D73/><U84/><E84/><V102/><F102/><W115/><G115/><T131/><D131/><U113/><E103/><V30/><F30/><W81/><G81/><T100/><D100/><U50/><E101/><UN n2="%E7%94%9F%E5%BE%92%E4%BC%9A%E3%80%90%E5%BA%8F%E3%80%91" /><V14/><F80/><W52/><G52/><N who="0" m="32135" /><D41/><U42/><E42/><V67/><F28/><W21/><G21/><AGARI ba="2,3" hai="21,26,29,98,99" m="32135,52407,42537" machi="21" ten="30,2000,0" yaku="14,1,54,1" doraHai="43" who="0" fromWho="3" sc="140,56,292,0,391,0,147,-26" /><INIT seed="4,0,0,4,2,105" ten="196,292,391,121" oya="0" hai0="24,41,84,70,74,16,49,22,118,33,132,82,79" hai1="53,115,112,9,57,13,25,56,2,4,14,28,102" hai2="37,88,10,106,66,95,67,12,44,133,27,76,128" hai3="61,19,98,36,8,47,86,101,31,17,120,59,134"/><T71/><D118/><U45/><E102/><V54/><F106/><W123/><G31/><T109/><D132/><U131/><E45/><V62/><F128/><W93/><G134/><T127/><D127/><U58/><E53/><V0/><F0/><W40/><G86/><T114/><D114/><N who="1" m="43563" /><E131/><V117/><F117/><W83/><G83/><T103/><D109/><U69/><E69/><V26/><F133/><W91/><G101/><T68/><D33/><AGARI ba="0,0" hai="2,4,9,13,14,25,28,33,56,57,58" m="43563" machi="33" ten="30,2000,0" yaku="15,1,11,1" doraHai="105" who="1" fromWho="0" sc="196,-20,292,20,391,0,121,0" /><INIT seed="5,0,0,1,1,44" ten="176,312,391,121" oya="1" hai0="83,88,61,37,58,103,123,126,26,106,135,67,43" hai1="51,111,117,75,21,19,9,119,57,25,2,104,46" hai2="38,80,22,13,85,53,4,90,99,115,128,24,64" hai3="45,6,27,68,110,48,87,125,132,94,12,20,63"/><U120/><E120/><V52/><F38/><W23/><G110/><T114/><D114/><U93/><E104/><V0/><F128/><W70/><G132/><T50/><D135/><U81/><E111/><V60/><F0/><W133/><G133/><T89/><D126/><U127/><E127/><V118/><F118/><W42/><G125/><T31/><D123/><U134/><E57/><N who="2" m="36879" /><F115/><W54/><G63/><T105/><D37/><U84/><E75/><V29/><F99/><W122/><G122/><T113/><D113/><U59/><E59/><V36/><F36/><W32/><G32/><T10/><D10/><AGARI ba="0,0" hai="4,10,13,22,24,29,52,53,80,85,90" m="36879" machi="10" ten="30,2000,0" yaku="8,1,54,1" doraHai="44" who="2" fromWho="0" sc="176,-20,312,0,391,20,121,0" /><INIT seed="6,0,0,0,0,106" ten="156,312,411,121" oya="2" hai0="8,65,19,73,120,134,37,80,53,135,32,85,13" hai1="21,132,126,41,102,63,131,60,55,105,12,0,124" hai2="107,39,49,31,113,74,72,81,4,59,7,42,98" hai3="30,96,71,62,99,34,116,14,117,122,57,54,47"/><V46/><F31/><W127/><G122/><T89/><D32/><U38/><E0/><V10/><F113/><W87/><G127/><T3/><D37/><U88/><E132/><N who="0" m="50729" /><D120/><U44/><E131/><V1/><F7/><W82/><G71/><T128/><D128/><U20/><E102/><V27/><F27/><W133/><G133/><T17/><D65/><U29/><E105/><V93/><F107/><W2/><G2/><T11/><D53/><U79/><E79/><V58/><F49/><W108/><G108/><T110/><D110/><U103/><E103/><V121/><F121/><W112/><G112/><T16/><D73/><U56/><E63/><V33/><F33/><W78/><G116/><T52/><D52/><U15/><E88/><N who="2" m="55591" /><F74/><W129/><G47/><T94/><D94/><U36/><E36/><V28/><F28/><W61/><G61/><T104/><D104/><U9/><E29/><V18/><F18/><N who="0" m="6666" /><D3/><U24/><E38/><V111/><F111/><W25/><G117/><T84/><D85/><U101/><E126/><V114/><F114/><W92/><G129/><T91/><D89/><U45/><E124/><V66/><F66/><W64/><G64/><T75/><D75/><U40/><E40/><V68/><F68/><W76/><G76/><AGARI ba="0,0" hai="1,4,10,39,42,46,58,59,72,76,81" m="55591" machi="76" ten="30,5800,0" yaku="25,1,52,1,54,1" doraHai="106" who="2" fromWho="3" sc="156,0,312,0,411,58,121,-58" /><INIT seed="6,1,0,1,3,30" ten="156,312,469,63" oya="2" hai0="91,59,17,130,52,40,45,9,123,128,126,90,80" hai1="82,85,10,50,19,105,121,92,101,0,5,81,26" hai2="104,67,94,56,129,72,46,70,97,83,119,1,134" hai3="8,31,64,7,112,86,124,11,76,68,117,34,14"/><V103/><F119/><W62/><G117/><T25/><D123/><U21/><E121/><V106/><F1/><W120/><G120/><T27/><D126/><U132/><E132/><V32/><F134/><W35/><G124/><T4/><D128/><U96/><E50/><V23/><F23/><W116/><G116/><T43/><D130/><U16/><E105/><V78/><F46/><W95/><G112/><T22/><D27/><U38/><E38/><V6/><F6/><W18/><G31/><T98/><D80/><U127/><E127/><V135/><F56/><W66/><G66/><T20/><D22/><U75/><E75/><V77/><F32/><W122/><G122/><T39/><D98/><U29/><REACH who="1" step="1"/><E81/><REACH who="1" ten="156,302,469,63" step="2"/><N who="2" m="45223" /><F135/><W12/><REACH who="3" step="1"/><G76/><AGARI ba="1,1" hai="0,5,10,16,19,21,26,29,76,82,85,92,96,101" machi="76" ten="30,7700,0" yaku="1,1,7,1,54,1,53,1" doraHai="30" doraHaiUra="88" who="1" fromWho="3" sc="156,0,302,90,469,0,63,-80" owari="156,-24.4,392,19.2,469,56.9,-17,-51.7" /></mjloggm>