<mjloggm ver="2.3"><GO type="169" lobby="0"/><UN n0="%E3%81%A0%E3%81%84%E3%81%95%E3%83%BC%E3%82%93" n1="%E3%81%BB%E3%82%80%E3%82%89" n2="%41%4C%50%45%52%49%4E" n3="%E3%81%9F%E3%81%8B%E3%81%A3%E3%81%A6%E3%81%83%E3%83%BC" dan="17,16,16,18" rate="2175.68,2070.38,2129.46,2189.97" sx="M,F,M,F"/><TAIKYOKU oya="0"/><INIT seed="0,0,0,3,3,40" ten="250,250,250,250" oya="0" hai0="118,33,7,85,69,119,41,114,2,36,51,56,104" hai1="64,48,11,29,18,73,108,88,111,74,116,113,0" hai2="99,59,21,117,96,37,94,4,6,9,65,62,89" hai3="49,102,82,35,39,47,55,28,24,83,115,13,5"/><T75/><D85/><U132/><E116/><V87/><F117/><W54/><G115/><T98/><D56/><U120/><E113/><V79/><F37/><W8/><G102/><N who="0" m="62551" /><D51/><U122/><E132/><V66/><F66/><W15/><G39/><T60/><D114/><U110/><E64/><V105/><F105/><W127/><G127/><T90/><D90/><U12/><E48/><V34/><F34/><W38/><G38/><T58/><D58/><U22/><E88/><V30/><F79/><W128/><G128/><T130/><D130/><U20/><E73/><V16/><F30/><W84/><G55/><T53/><D53/><U109/><N who="1" m="27648" /><DORA hai="100" /><U133/><E74/><V44/><F44/><W103/><G103/><T80/><D33/><U52/><E52/><V26/><REACH who="2" step="1"/><F6/><REACH who="2" ten="250,250,240,250" step="2"/><W68/><G68/><T72/><D69/><U17/><E133/><V14/><AGARI ba="0,1" hai="4,9,14,16,21,26,59,62,65,87,89,94,96,99" machi="14" ten="20,12000,2" yaku="1,1,2,1,0,1,7,1,8,1,54,1,53,0" doraHai="40,100" doraHaiUra="126,70" who="2" fromWho="2" sc="250,-60,250,-30,240,130,250,-30" /><INIT seed="1,0,0,5,5,43" ten="190,220,370,220" oya="1" hai0="48,85,107,132,21,25,115,0,34,28,91,19,22" hai1="54,112,47,15,84,135,111,31,101,92,81,33,13" hai2="120,131,38,61,125,51,35,9,121,117,102,23,123" hai3="97,49,32,130,20,108,52,17,18,99,12,8,104"/><U74/><E112/><V39/><F35/><W40/><G32/><T36/><D36/><U75/><E135/><V90/><F117/><W42/><G108/><T94/><D115/><U30/><E111/><V3/><F125/><W55/><G130/><T1/><D132/><U105/><E105/><V95/><F131/><W24/><G55/><T103/><D34/><U98/><E74/><V69/><F102/><W66/><G66/><T113/><D113/><U78/><E75/><V56/><F69/><W79/><G79/><T96/><REACH who="0" step="1"/><D48/><REACH who="0" ten="180,220,370,220" step="2"/><N who="1" m="28959" /><E33/><V11/><F51/><W110/><G110/><T4/><D4/><U133/><E133/><V127/><F38/><W126/><G126/><T27/><AGARI ba="0,1" hai="0,1,19,21,22,25,27,28,85,91,94,96,103,107" machi="27" ten="20,5200,0" yaku="1,1,0,1,7,1,53,1" doraHai="43" doraHaiUra="86" who="0" fromWho="0" sc="180,62,220,-26,370,-13,220,-13" /><INIT seed="2,0,0,2,2,128" ten="242,194,357,207" oya="2" hai0="85,94,71,2,82,132,121,34,44,54,30,108,67" hai1="89,124,15,113,115,11,76,103,116,51,3,104,38" hai2="48,27,90,22,58,95,59,49,31,29,123,87,57" hai3="92,110,33,98,5,130,10,14,81,88,17,16,100"/><V35/><F123/><W134/><G130/><T20/><D121/><U101/><E116/><V39/><F39/><W18/><G110/><T84/><D2/><U97/><E38/><V93/><F35/><W91/><G33/><T21/><D34/><U112/><E3/><V127/><F127/><W24/><G134/><T65/><D108/><U7/><E124/><V61/><F31/><W40/><G40/><T12/><D71/><U13/><E76/><V111/><F111/><W41/><G41/><T126/><D126/><U120/><E120/><V28/><F29/><W50/><G50/><N who="2" m="19561" /><F95/><W46/><G46/><T129/><D94/><U47/><E13/><V8/><F8/><W63/><G24/><T73/><D12/><U133/><E133/><V70/><F70/><W19/><N who="3" m="4096" /><DORA hai="117" /><W53/><G81/><T60/><D82/><U102/><REACH who="1" step="1"/><E89/><REACH who="1" ten="242,184,357,207" step="2"/><V80/><F80/><W52/><G53/><AGARI ba="0,1" hai="7,11,15,47,51,53,97,101,102,103,104,112,113,115" machi="53" ten="40,2600,0" yaku="1,1,2,1,53,0" doraHai="128,117" doraHaiUra="79,55" who="1" fromWho="3" sc="242,0,184,36,357,0,207,-26" /><AGARI ba="0,0" hai="22,27,28,53,57,58,59,61,87,90,93" m="19561" machi="53" ten="30,1500,0" yaku="8,1" doraHai="128,117" who="2" fromWho="3" sc="242,0,220,0,357,15,181,-15" /><INIT seed="2,1,0,0,2,97" ten="242,220,372,166" oya="2" hai0="14,128,100,118,26,13,60,30,109,87,21,129,94" hai1="83,96,90,135,55,120,127,123,33,1,3,49,54" hai2="59,66,40,4,131,20,22,41,46,80,104,121,112" hai3="35,29,50,119,110,27,36,77,65,12,114,71,63"/><V75/><F112/><W111/><G36/><T47/><D109/><U45/><E33/><V18/><F121/><W62/><G119/><T69/><D118/><U78/><E127/><V70/><F104/><W43/><G114/><T34/><D47/><U130/><E135/><V79/><F70/><W6/><G77/><T38/><D38/><U132/><E132/><V25/><F131/><N who="0" m="50250" /><D34/><U61/><E130/><V58/><F4/><W126/><G126/><T72/><D72/><U17/><E123/><V85/><F66/><W134/><G134/><T39/><D39/><U84/><E120/><V9/><F9/><W101/><G63/><T5/><D5/><U8/><E61/><V74/><F74/><W10/><G43/><T98/><D87/><U23/><E8/><V48/><F40/><W113/><G50/><T105/><D105/><U106/><E54/><V53/><F75/><W44/><G44/><T15/><D15/><U0/><E0/><V57/><REACH who="2" step="1"/><F22/><REACH who="2" ten="242,220,362,166" step="2"/><W64/><G64/><AGARI ba="1,1" hai="13,14,21,26,30,60,64,69,94,98,100" m="50250" machi="64" ten="30,2000,0" yaku="19,1,52,1" doraHai="97" who="0" fromWho="3" sc="242,33,220,0,362,0,166,-23" /><INIT seed="3,0,0,1,2,61" ten="275,220,362,143" oya="3" hai0="114,69,6,99,48,93,102,40,116,115,34,123,117" hai1="23,27,5,58,45,96,90,129,9,1,22,121,76" hai2="11,77,111,3,44,128,46,135,14,88,120,98,18" hai3="35,134,84,49,70,60,10,47,74,21,112,75,127"/><W78/><G112/><N who="0" m="43051" /><D34/><U55/><E121/><V0/><F111/><W110/><G35/><T106/><D6/><U97/><E129/><V80/><F128/><W15/><G127/><T73/><D69/><U100/><E76/><V63/><F135/><W38/><G134/><T122/><D40/><U87/><E45/><V36/><F120/><N who="0" m="46122" /><D48/><U91/><E23/><V68/><F3/><W81/><G38/><T124/><D124/><U2/><E2/><V108/><F108/><W130/><G130/><T67/><D67/><U51/><E87/><V8/><F0/><W20/><G110/><T132/><D132/><U131/><E131/><V126/><F126/><W13/><G13/><T86/><D73/><U64/><E64/><V39/><F8/><W54/><G70/><T71/><D71/><U56/><E56/><V26/><F26/><W24/><G60/><T133/><D133/><U125/><E125/><V33/><F33/><W94/><G94/><T29/><D29/><U25/><E25/><V12/><F12/><W16/><REACH who="3" step="1"/><G20/><REACH who="3" ten="275,220,362,133" step="2"/><T65/><D65/><U7/><E1/><V17/><F36/><W4/><AGARI ba="0,1" hai="4,10,15,16,21,24,47,49,54,74,75,78,81,84" machi="4" ten="20,12000,1" yaku="1,1,2,1,0,1,7,1,54,1,53,0" doraHai="61" doraHaiUra="66" who="3" fromWho="3" sc="275,-40,220,-40,362,-40,133,130" /><INIT seed="3,1,0,1,2,12" ten="235,180,322,263" oya="3" hai0="40,70,93,110,118,34,83,39,60,66,86,79,134" hai1="68,127,96,45,78,116,133,64,74,54,53,99,18" hai2="67,94,22,29,84,107,21,42,59,28,2,15,82" hai3="0,1,117,111,75,105,41,72,48,23,69,49,76"/><W115/><G115/><T90/><D118/><U47/><E116/><V77/><F107/><W92/><G105/><T81/><D34/><U14/><E133/><V43/><F2/><W123/><G117/><T55/><D134/><U58/><E127/><V52/><F67/><W80/><G123/><T20/><D110/><U121/><E121/><V37/><F94/><W25/><G69/><T104/><D104/><U106/><E68/><V46/><F42/><W91/><G111/><T26/><D55/><U112/><E112/><V7/><F22/><W130/><G75/><T124/><D124/><U8/><E64/><V6/><F6/><W132/><G132/><T5/><D5/><U73/><E73/><V32/><F32/><W9/><G130/><T108/><D108/><U125/><E125/><V3/><F3/><W27/><G27/><T88/><D81/><U44/><E106/><V100/><F100/><W13/><G1/><T129/><D129/><U62/><E74/><V35/><F35/><W101/><G101/><T131/><D131/><U30/><E78/><V4/><F4/><W16/><G41/><T126/><D126/><U63/><E30/><V51/><REACH who="2" step="1"/><F21/><REACH who="2" ten="235,180,312,263" step="2"/><W119/><G0/><T95/><D93/><U33/><E33/><V102/><F102/><W38/><G119/><T109/><D109/><U10/><E10/><AGARI ba="1,1" hai="7,10,15,28,29,37,43,46,51,52,59,77,82,84" machi="10" ten="40,2600,0" yaku="1,1,54,1,53,0" doraHai="12" doraHaiUra="113" who="2" fromWho="1" sc="235,0,180,-29,312,39,263,0" /><INIT seed="4,0,0,5,0,94" ten="235,151,351,263" oya="0" hai0="114,65,127,126,86,55,7,93,117,33,105,71,128" hai1="38,19,122,108,74,12,10,56,70,22,106,27,111" hai2="47,95,129,82,83,57,34,84,59,17,107,21,3" hai3="113,54,2,102,125,73,40,43,104,48,119,14,45"/><T92/><D105/><U5/><E70/><V91/><F107/><W103/><G2/><T53/><D117/><U130/><E74/><V80/><F34/><W8/><G119/><T66/><D114/><U97/><E38/><V109/><F109/><W120/><G73/><T98/><D33/><U37/><E37/><V89/><F3/><W67/><G113/><T90/><D7/><U28/><E122/><V100/><F100/><W62/><G125/><N who="0" m="47627" /><D128/><U52/><E130/><V23/><F129/><W6/><G120/><T112/><D112/><U41/><E41/><V9/><F47/><W11/><G11/><T115/><D115/><U32/><E106/><V87/><F9/><W13/><G13/><T42/><D42/><N who="3" m="15913" /><G104/><T101/><D71/><U75/><E75/><V110/><F110/><W49/><G49/><T30/><D30/><U51/><REACH who="1" step="1"/><E97/><REACH who="1" ten="235,141,351,263" step="2"/><V1/><F87/><W135/><G135/><T25/><D25/><AGARI ba="0,1" hai="5,10,12,19,22,25,27,28,32,51,52,56,108,111" machi="25" ten="30,7700,0" yaku="1,1,2,1,7,1,54,1,53,0" doraHai="94" doraHaiUra="116" who="1" fromWho="0" sc="235,-77,141,87,351,0,263,0" /><INIT seed="5,0,0,1,2,39" ten="158,228,351,263" oya="1" hai0="69,105,22,12,57,97,67,50,76,89,66,16,15" hai1="104,21,18,30,107,81,4,11,131,102,55,83,114" hai2="7,33,123,51,48,24,112,54,88,17,86,91,115" hai3="116,113,43,78,74,29,80,28,99,62,84,46,64"/><U111/><E114/><N who="2" m="43563" /><F123/><W103/><G113/><T26/><D76/><U108/><E131/><V58/><F7/><W72/><G116/><T126/><D126/><U82/><E30/><N who="2" m="19655" /><F17/><W106/><G29/><T90/><D69/><U5/><E55/><N who="2" m="32103" /><F86/><W133/><G28/><T13/><D105/><U14/><E4/><V34/><F34/><W100/><G100/><T44/><D97/><U73/><E73/><V63/><F63/><W6/><G6/><T121/><D121/><U65/><E65/><N who="0" m="24585" /><D57/><AGARI ba="0,0" hai="51,54,57,88,91" m="32103,19655,43563" machi="57" ten="30,3900,0" yaku="15,1,11,1,54,1" doraHai="39" who="2" fromWho="0" sc="158,-39,228,0,351,39,263,0" /><INIT seed="6,0,0,2,2,125" ten="119,228,390,263" oya="2" hai0="126,90,37,134,12,56,88,21,2,89,122,50,77" hai1="60,65,23,26,76,105,101,52,98,112,24,48,67" hai2="78,84,20,8,62,87,43,29,1,7,44,72,34" hai3="79,39,58,99,66,4,100,28,71,68,13,117,17"/><V69/><F34/><W107/><G117/><T95/><D122/><U18/><E112/><V92/><F29/><W91/><G39/><T64/><D37/><U85/><E26/><V15/><F20/><W118/><G118/><T96/><D2/><U86/><E76/><V131/><F131/><W51/><G79/><T129/><D126/><U36/><E36/><N who="2" m="21607" /><F15/><W102/><G102/><T127/><D127/><U49/><E49/><V115/><F92/><W114/><G4/><T45/><D134/><U133/><E133/><V74/><F74/><W123/><G28/><T110/><D110/><U97/><E97/><V47/><F47/><W113/><G123/><T33/><D33/><U27/><E27/><V130/><F130/><W41/><G91/><T104/><D104/><U31/><E31/><V132/><F132/><W40/><G13/><T83/><D129/><U135/><E135/><V80/><F115/><N who="3" m="44043" /><G17/><T3/><D3/><U54/><E54/><V116/><F116/><W119/><G119/><T16/><D64/><AGARI ba="0,0" hai="1,7,8,62,64,69,72,78,80,84,87" m="21607" machi="64" ten="30,1500,0" yaku="25,1" doraHai="125" who="2" fromWho="0" sc="119,-15,228,0,390,15,263,0" /><INIT seed="6,1,0,1,1,70" ten="104,228,405,263" oya="2" hai0="50,18,36,109,134,54,74,106,9,4,40,110,88" hai1="132,96,22,92,126,84,123,69,102,90,65,13,7" hai2="104,21,120,81,58,125,49,122,0,12,46,128,129" hai3="135,117,85,31,98,87,5,119,67,28,111,73,6"/><V108/><F104/><W2/><G111/><T10/><D106/><U121/><E126/><V89/><F0/><W113/><G73/><T16/><D74/><U3/><E3/><V82/><F108/><W101/><G67/><T100/><D100/><U29/><E132/><V103/><F103/><W66/><G66/><T39/><D50/><U95/><E65/><V97/><F58/><W35/><G135/><T131/><D134/><U127/><E127/><V76/><F125/><W20/><G35/><T56/><D56/><U71/><E7/><V114/><F21/><W30/><G20/><T57/><D57/><U27/><REACH who="1" step="1"/><E13/><REACH who="1" ten="104,218,405,263" step="2"/><V64/><F12/><W24/><G2/><T124/><D124/><U51/><E51/><V75/><F64/><W107/><G5/><T47/><D4/><U33/><E33/><V15/><F15/><W55/><G6/><T115/><D110/><U78/><E78/><V14/><F14/><W79/><G79/><T43/><D109/><U8/><E8/><V23/><F76/><W94/><G119/><T116/><D116/><U44/><E44/><V1/><F46/><W60/><G117/><T77/><D47/><U59/><E59/><V63/><F49/><W72/><G60/><T48/><D77/><U68/><AGARI ba="1,1" hai="22,27,29,68,69,71,84,90,92,95,96,102,121,123" machi="68" ten="40,2700,0" yaku="1,1,0,1,53,0" doraHai="70" doraHaiUra="52" who="1" fromWho="1" sc="104,-8,218,40,405,-14,263,-8" /><INIT seed="7,0,0,0,5,49" ten="96,258,391,255" oya="3" hai0="127,26,77,116,80,2,50,45,81,55,87,101,41" hai1="20,23,29,58,121,31,24,44,84,92,69,8,73" hai2="1,94,42,66,96,6,12,75,27,99,129,79,104" hai3="13,72,88,52,105,108,11,82,35,111,78,15,43"/><W3/><G35/><T115/><D116/><U76/><E73/><V0/><F42/><W40/><G105/><T128/><D127/><U59/><E69/><V118/><F118/><W110/><G3/><T83/><D128/><U113/><E113/><V17/><F66/><W100/><G100/><T112/><D2/><U5/><E44/><V10/><F129/><W131/><G131/><T61/><D101/><U117/><E121/><V64/><F64/><W89/><G15/><T70/><D26/><U32/><E32/><V46/><F46/><W98/><G52/><T16/><D70/><U71/><E71/><V119/><F104/><W107/><G107/><T48/><D61/><U60/><E117/><V14/><F27/><W125/><G125/><T103/><D103/><U65/><E59/><V126/><F126/><W63/><G63/><T39/><D39/><U37/><E37/><V34/><F34/><W133/><G133/><T33/><D33/><U122/><E122/><V109/><F119/><W38/><G38/><T86/><D81/><N who="1" m="47143" /><E92/><V25/><F94/><N who="3" m="56647" /><G89/><T18/><D112/><U85/><E85/><V120/><F14/><W95/><G95/><T114/><D115/><U21/><E24/><V134/><F12/><AGARI ba="0,0" hai="5,8,12,20,21,23,29,31,58,60,65" m="47143" machi="12" ten="30,1000,0" yaku="8,1" doraHai="49" who="1" fromWho="2" sc="96,0,258,10,391,-10,255,0" owari="96,-40.4,268,6.8,381,48.1,255,-14.5" /></mjloggm>