<mjloggm ver="2.3"><GO type="169" lobby="0"/><UN n0="%E5%A4%A9%E6%89%8D%E9%BA%BB%E5%B0%86%E6%9D%8F%E6%9D%8F" n1="%41%4C%50%45%52%49%4E" n2="%E3%83%A2%E3%83%AD%E3%83%98%E3%82%A4%E3%83%A4" n3="%41%6E%73%6F%6E%4C%61%6D" dan="16,16,16,16" rate="2160.84,2151.66,2189.31,2108.10" sx="F,M,M,M"/><TAIKYOKU oya="0"/><INIT seed="0,0,0,2,4,57" ten="250,250,250,250" oya="0" hai0="108,27,66,9,111,24,83,33,35,63,117,81,78" hai1="36,58,76,56,113,131,59,21,130,54,49,123,45" hai2="96,71,90,1,37,74,60,129,18,135,92,42,67" hai3="34,93,23,133,47,101,70,104,80,13,115,26,31"/><T7/><D117/><U15/><E76/><V40/><F74/><W79/><G115/><T38/><D38/><U102/><E102/><V0/><F135/><W55/><G133/><T30/><D27/><U46/><E15/><V53/><F129/><N who="1" m="49161" /><E21/><V86/><F53/><W100/><G70/><N who="0" m="42335" /><D33/><U77/><E77/><V16/><F0/><W52/><G104/><T103/><D103/><U125/><E123/><V105/><F1/><W44/><G34/><T99/><D99/><U11/><E11/><V64/><F64/><W84/><G13/><N who="0" m="5311" /><D78/><U85/><E85/><V107/><F37/><W98/><REACH who="3" step="1"/><G101/><REACH who="3" ten="250,250,250,240" step="2"/><T6/><D6/><U73/><E113/><V43/><REACH who="2" step="1"/><F96/><REACH who="2" ten="250,250,240,240" step="2"/><W22/><G22/><T50/><D35/><U51/><E73/><V65/><F65/><W121/><G121/><T12/><D111/><U69/><E69/><V124/><F124/><W95/><G95/><T91/><D108/><U132/><E132/><V126/><F126/><W20/><G20/><T48/><D83/><U119/><E125/><V89/><F89/><W94/><G94/><T116/><D81/><U120/><E120/><V32/><F32/><W88/><G88/><T14/><D91/><U112/><E112/><V29/><F29/><W72/><G72/><T134/><D134/><U110/><E110/><V17/><AGARI ba="0,2" hai="16,17,18,40,42,43,60,67,71,86,90,92,105,107" machi="17" ten="30,7900,0" yaku="1,1,0,1,52,1,54,1,53,0" doraHai="57" doraHaiUra="97" who="2" fromWho="2" sc="250,-39,250,-20,240,99,240,-20" /><INIT seed="1,0,0,4,5,84" ten="211,230,339,220" oya="1" hai0="105,76,127,52,45,55,70,98,78,75,28,47,43" hai1="42,109,68,0,66,44,18,33,8,92,34,20,40" hai2="118,12,122,133,14,7,128,113,4,36,16,6,38" hai3="110,123,107,21,19,26,57,63,31,129,94,46,3"/><U35/><E109/><V93/><F118/><W74/><G107/><T124/><D70/><U24/><E68/><V103/><F122/><W119/><G123/><T111/><D28/><U106/><E106/><V53/><F133/><W126/><G119/><T115/><D115/><U114/><E114/><V56/><F113/><W49/><G110/><T73/><D105/><U41/><E66/><V50/><F128/><W134/><G126/><T95/><D95/><U69/><E69/><V64/><F64/><W116/><G129/><T135/><D43/><U61/><E61/><V32/><F32/><W15/><G134/><T37/><D37/><U130/><E130/><V77/><F77/><W11/><G74/><T10/><D10/><U85/><E8/><V48/><F14/><W29/><G116/><T58/><D58/><U102/><E0/><V9/><F103/><W13/><G3/><T27/><D27/><U39/><REACH who="1" step="1"/><E102/><REACH who="1" ten="211,220,339,220" step="2"/><V131/><F131/><W82/><G63/><T108/><D135/><U86/><E86/><V132/><F132/><W51/><G11/><T30/><D98/><U80/><E80/><V62/><F62/><W65/><G82/><T79/><D111/><U71/><E71/><V60/><F60/><W104/><G65/><T96/><D108/><U22/><E22/><V89/><REACH who="2" step="1"/><F50/><REACH who="2" ten="211,220,329,220" step="2"/><W120/><G51/><T5/><D127/><U25/><E25/><V97/><AGARI ba="0,2" hai="4,6,7,9,12,16,36,38,48,53,56,89,93,97" machi="97" ten="30,16000,3" yaku="1,1,2,1,0,1,52,1,54,1,53,3" doraHai="84" doraHaiUra="1" who="2" fromWho="2" sc="211,-40,220,-80,329,180,220,-40" /><INIT seed="2,0,0,3,5,20" ten="171,140,509,180" oya="2" hai0="35,63,122,62,86,23,65,49,55,70,15,100,4" hai1="95,120,119,80,94,121,111,24,130,9,128,40,99" hai2="126,28,32,33,72,47,30,59,58,22,43,8,2" hai3="101,37,44,14,87,26,125,96,79,92,52,85,10"/><V38/><F72/><W77/><G125/><T135/><D122/><N who="1" m="47211" /><E40/><V51/><F126/><W0/><G37/><T53/><D35/><U12/><E119/><V84/><F33/><W133/><G0/><T82/><D135/><U75/><E12/><V17/><F32/><W34/><G133/><T19/><D100/><N who="1" m="60535" /><E9/><V16/><F84/><W50/><G79/><T115/><D115/><U64/><E64/><V98/><F98/><W93/><G77/><T48/><D4/><U5/><E5/><V66/><F2/><W18/><REACH who="3" step="1"/><G93/><REACH who="3" ten="171,140,509,170" step="2"/><T13/><D82/><U127/><E127/><V45/><F38/><W21/><G21/><T71/><D23/><U31/><E95/><V42/><F22/><W74/><G74/><T90/><D13/><U108/><E75/><V46/><F8/><W1/><G1/><T123/><D15/><U60/><E80/><V36/><F36/><W73/><G73/><T56/><D123/><U29/><E29/><AGARI ba="0,1" hai="10,14,18,26,29,34,44,50,52,85,87,92,96,101" machi="29" ten="40,5200,0" yaku="1,1,52,1,54,1,53,0" doraHai="20" doraHaiUra="106" who="3" fromWho="1" sc="171,0,140,-52,509,0,170,62" /><INIT seed="3,0,0,0,2,42" ten="171,88,509,232" oya="3" hai0="56,52,129,13,79,44,88,72,24,63,59,119,37" hai1="69,94,102,111,46,58,86,0,19,112,11,82,100" hai2="12,3,28,43,40,29,47,123,132,134,39,32,18" hai3="23,127,105,97,96,35,99,115,128,75,9,92,91"/><W67/><G115/><T4/><D119/><U118/><E69/><V85/><F3/><W74/><G35/><T41/><D129/><U89/><E118/><V116/><F116/><W130/><G67/><T7/><D72/><N who="3" m="27689" /><G23/><T113/><D79/><U108/><E112/><V65/><F123/><W57/><G57/><T80/><D113/><U51/><E58/><V106/><F106/><W60/><G60/><T17/><D24/><U125/><E125/><V76/><F65/><W117/><G9/><T20/><REACH who="0" step="1"/><D59/><REACH who="0" ten="161,88,509,232" step="2"/><U120/><E120/><V54/><F76/><W83/><G117/><T45/><D45/><U126/><E126/><V121/><F47/><W103/><G127/><T70/><D70/><U15/><E0/><V101/><F121/><W22/><G22/><T26/><D26/><U109/><REACH who="1" step="1"/><E94/><REACH who="1" ten="161,78,509,232" step="2"/><V36/><F134/><W5/><G130/><T61/><D61/><U8/><E8/><V62/><F62/><W133/><G128/><T135/><D135/><U16/><E16/><V64/><F18/><W53/><G133/><T34/><D34/><U77/><E77/><V84/><F32/><W71/><G71/><T30/><D30/><U110/><N who="1" m="27648" /><DORA hai="21" /><U73/><E73/><V93/><F29/><W66/><G92/><T31/><D31/><U114/><E114/><V38/><F28/><W33/><G105/><T10/><D10/><U131/><E131/><V78/><F132/><W25/><G33/><T14/><D14/><U122/><E122/><V98/><F12/><W68/><G68/><T90/><D90/><U49/><E49/><V2/><F93/><RYUUKYOKU ba="0,2" sc="161,15,78,15,509,-15,232,-15" hai0="4,7,13,17,20,37,41,44,52,56,63,80,88" hai1="11,15,19,46,51,82,86,89,100,102" /><INIT seed="4,1,2,2,4,96" ten="176,93,494,217" oya="0" hai0="22,71,45,135,48,62,54,92,19,6,44,68,126" hai1="25,50,26,23,129,65,3,53,31,97,101,112,90" hai2="107,76,108,113,118,67,69,4,12,58,9,88,98" hai3="38,119,125,100,5,0,102,70,10,124,52,34,128"/><T56/><D135/><U93/><E3/><V8/><F69/><W16/><G119/><T35/><D35/><U117/><E117/><V40/><F118/><W122/><G128/><T133/><D133/><U47/><E129/><V33/><F33/><W11/><G122/><T134/><D134/><U106/><E112/><V103/><F76/><W15/><G34/><T116/><D116/><U86/><E65/><V60/><F113/><W91/><G38/><T13/><D126/><N who="3" m="48745" /><G70/><T89/><D6/><U7/><E7/><V36/><F108/><W81/><G52/><T46/><REACH who="0" step="1"/><D62/><REACH who="0" ten="166,93,494,217" step="2"/><U21/><E26/><V80/><F60/><W64/><G64/><T32/><D32/><AGARI ba="1,3" hai="21,23,25,31,32,47,50,53,86,90,93,97,101,106" machi="32" ten="30,2000,0" yaku="7,1,52,1" doraHai="96" who="1" fromWho="0" sc="166,-23,93,53,494,0,217,0" /><INIT seed="5,0,0,1,5,109" ten="143,146,494,217" oya="1" hai0="112,135,65,92,63,71,20,40,91,38,13,52,28" hai1="64,69,43,56,123,15,105,121,21,42,37,110,53" hai2="133,59,72,86,23,1,127,25,89,113,50,31,88" hai3="120,55,118,49,14,90,111,130,19,102,119,80,29"/><U76/><E105/><V81/><F72/><W103/><G120/><N who="1" m="46154" /><E15/><V66/><F1/><W101/><G111/><T11/><D135/><U16/><E16/><V34/><F133/><W84/><G130/><T47/><D112/><U62/><E21/><V60/><F113/><W57/><REACH who="3" step="1"/><G29/><REACH who="3" ten="143,146,494,207" step="2"/><T100/><D28/><U129/><E110/><V33/><F127/><W78/><G78/><T12/><D100/><U2/><E76/><V77/><F34/><W115/><G115/><T54/><D20/><AGARI ba="0,1" hai="14,19,20,49,55,57,80,84,90,101,102,103,118,119" machi="20" ten="40,1300,0" yaku="1,1,53,0" doraHai="109" doraHaiUra="58" who="3" fromWho="0" sc="143,-13,146,0,494,0,207,23" /><INIT seed="6,0,0,4,4,36" ten="130,146,494,230" oya="2" hai0="114,28,87,56,40,11,100,0,9,109,19,113,32" hai1="49,111,123,95,37,104,134,13,14,3,66,132,72" hai2="106,90,59,48,54,133,8,92,99,129,120,46,64" hai3="51,125,10,60,4,18,27,57,65,16,76,1,131"/><V38/><F106/><W24/><G125/><T35/><D109/><U112/><E104/><V70/><F133/><N who="1" m="51305" /><E37/><V86/><F129/><W41/><G131/><T83/><D100/><U23/><E3/><V45/><F120/><W33/><G76/><T118/><D118/><U110/><E72/><V130/><F130/><W98/><G98/><T25/><D35/><U31/><E66/><V102/><F38/><W20/><G33/><T103/><D103/><U93/><E49/><V39/><F39/><W2/><G2/><T108/><D108/><N who="1" m="41515" /><E112/><N who="0" m="43113" /><D0/><U121/><E93/><V42/><F46/><W73/><G73/><T79/><D40/><U67/><E95/><V55/><F70/><W81/><G81/><T21/><D56/><U84/><E67/><V47/><F64/><W17/><REACH who="3" step="1"/><G20/><REACH who="3" ten="130,146,494,220" step="2"/><T68/><D68/><U126/><E126/><V85/><F99/><W94/><G94/><T128/><D128/><U71/><E84/><V58/><F92/><W26/><G26/><AGARI ba="0,1" hai="9,11,19,21,25,26,28,32,79,83,87" m="43113" machi="26" ten="30,1000,0" yaku="15,1" doraHai="36" who="0" fromWho="3" sc="130,20,146,0,494,0,220,-10" /><INIT seed="7,0,0,3,0,48" ten="150,146,494,210" oya="3" hai0="110,90,101,34,19,88,55,7,125,15,122,118,64" hai1="44,35,119,27,52,95,10,63,85,79,78,31,12" hai2="9,109,96,102,60,128,23,1,73,117,97,47,57" hai3="124,104,74,127,72,46,42,129,86,54,16,76,70"/><W41/><G129/><T83/><D118/><U94/><E119/><V8/><F73/><W18/><G70/><T24/><D110/><U81/><E79/><V121/><F117/><W37/><G104/><T59/><D122/><U77/><E77/><V126/><F109/><W38/><G86/><T80/><D34/><U20/><E35/><V116/><F116/><W49/><G76/><T133/><D133/><U2/><E2/><V13/><F128/><W131/><G131/><T89/><D64/><U22/><E22/><V43/><F1/><W5/><G5/><T28/><D7/><N who="1" m="3167" /><E44/><V93/><F96/><W114/><G114/><T36/><D36/><U99/><E99/><V71/><F71/><W65/><G65/><T67/><D125/><N who="3" m="48201" /><G42/><T113/><D67/><U84/><E84/><V111/><F111/><W58/><G38/><T107/><D113/><U11/><E11/><V115/><F115/><W123/><G123/><T26/><D107/><U130/><E130/><V132/><F121/><W91/><G91/><T61/><D101/><U98/><E98/><V92/><F102/><W45/><G45/><T3/><D3/><U108/><E108/><V105/><F97/><W29/><G29/><T56/><D28/><U33/><E33/><V66/><F105/><W134/><G134/><T112/><D112/><U135/><E135/><V82/><F66/><W62/><G37/><T30/><D59/><AGARI ba="0,0" hai="20,27,31,52,59,63,78,81,85,94,95" m="3167" machi="59" ten="30,3900,0" yaku="8,1,52,1,54,1" doraHai="48" who="1" fromWho="0" sc="150,-39,146,39,494,0,210,0" owari="111,-38.9,185,-21.5,494,59.4,210,1.0" /></mjloggm>