<mjloggm ver="2.3"><GO type="169" lobby="0"/><UN n0="%6D%61%62%75%69" n1="%E6%AF%94%E5%98%89%E7%A7%80%E4%BB%81" n2="%E8%B1%86%E3%83%80%E3%83%9E%E8%AD%A6%E5%AF%9F" n3="%E7%99%BD%E3%81%AE%E7%A9%BA" dan="16,16,17,17" rate="2051.25,2077.94,2185.35,2138.61" sx="M,M,M,M"/><TAIKYOKU oya="0"/><INIT seed="0,0,0,0,2,26" ten="250,250,250,250" oya="0" hai0="121,129,90,97,119,83,115,118,19,130,31,134,14" hai1="89,131,126,116,40,33,93,41,27,42,95,53,103" hai2="35,91,74,63,44,78,37,55,128,81,20,99,16" hai3="64,13,4,75,133,82,61,80,135,34,86,123,105"/><T72/><D115/><U87/><E116/><V120/><F128/><N who="0" m="49258" /><D72/><U94/><E131/><V127/><F127/><W11/><G105/><T43/><D43/><U25/><E126/><V60/><F35/><W39/><G39/><T79/><D79/><U113/><E113/><V9/><F9/><W59/><G123/><T92/><D121/><U15/><E103/><V84/><F120/><W106/><G106/><T36/><D36/><U124/><E124/><V21/><F21/><W50/><G34/><T109/><D134/><U98/><E98/><V18/><F99/><W29/><G29/><T111/><D31/><U2/><E2/><V38/><F18/><W70/><G75/><T67/><D67/><U51/><E15/><V57/><F63/><W54/><REACH who="3" step="1"/><G82/><REACH who="3" ten="250,250,250,240" step="2"/><T0/><D83/><N who="1" m="49407" /><E33/><V68/><F68/><W112/><G112/><T8/><D0/><U101/><E101/><V17/><F17/><W48/><G48/><T58/><D58/><AGARI ba="0,1" hai="25,27,40,41,42,51,53,58,93,94,95" m="49407" machi="58" ten="30,1000,0" yaku="8,1" doraHai="26" who="1" fromWho="0" sc="250,-10,250,20,250,0,240,0" /><INIT seed="1,0,0,2,2,26" ten="240,270,250,240" oya="1" hai0="124,85,115,88,92,112,46,13,132,51,65,118,59" hai1="133,11,73,93,116,100,130,122,70,117,89,39,7" hai2="32,79,134,74,61,4,111,76,105,135,103,27,56" hai3="129,64,127,78,34,15,67,30,21,52,97,72,42"/><U71/><E122/><V43/><F111/><W110/><G110/><T47/><D118/><U123/><E123/><V24/><F43/><W66/><G127/><T119/><D119/><U81/><E39/><V99/><F4/><W101/><G129/><T53/><D124/><U45/><E130/><V14/><F14/><W80/><G42/><T126/><D126/><U19/><E100/><V31/><F24/><W83/><G83/><T38/><D132/><N who="2" m="50730" /><F74/><W16/><G34/><T50/><D65/><AGARI ba="0,0" hai="27,31,32,56,61,65,76,79,99,103,105" m="50730" machi="65" ten="30,2000,0" yaku="20,1,52,1" doraHai="26" who="2" fromWho="0" sc="240,-20,270,0,250,20,240,0" /><INIT seed="2,0,0,3,2,92" ten="220,270,270,240" oya="2" hai0="102,37,40,15,79,54,113,4,34,73,77,65,117" hai1="29,36,9,95,50,124,70,101,87,83,60,35,11" hai2="6,118,16,30,96,20,133,63,53,46,109,128,123" hai3="69,86,8,39,81,14,7,64,106,58,135,19,0"/><V100/><F118/><W24/><G135/><T94/><D34/><U110/><E36/><V44/><F123/><W5/><G39/><T76/><D73/><U119/><E119/><V59/><F133/><W98/><G69/><T51/><D65/><U18/><E110/><V72/><F128/><W99/><G106/><T42/><D113/><U84/><E124/><V52/><F72/><W111/><G111/><T80/><D80/><U121/><E121/><V116/><F116/><W23/><G5/><T62/><D62/><U71/><E50/><V127/><F127/><W93/><G93/><T108/><D108/><U27/><E60/><V32/><F6/><W55/><G64/><T114/><D37/><U126/><E126/><V21/><F109/><W134/><G0/><T97/><D114/><U78/><E18/><V91/><F32/><W38/><G38/><T132/><D132/><U88/><REACH who="1" step="1"/><E101/><REACH who="1" ten="220,260,270,240" step="2"/><V104/><F30/><W12/><G134/><T115/><D115/><U49/><E49/><V122/><F122/><W2/><G2/><T1/><D1/><U74/><E74/><V17/><F17/><W61/><REACH who="3" step="1"/><G12/><REACH who="3" ten="220,260,270,230" step="2"/><T47/><D117/><U28/><E28/><V120/><F120/><W105/><G105/><T43/><D15/><U13/><E13/><V90/><F104/><W48/><G48/><T75/><D75/><U125/><E125/><V112/><F112/><W89/><AGARI ba="0,2" hai="7,8,14,19,23,24,55,58,61,81,86,89,98,99" machi="89" ten="20,12000,2" yaku="1,1,0,1,7,1,8,1,52,2,53,0" doraHai="92" doraHaiUra="33" who="3" fromWho="3" sc="220,-30,260,-30,270,-60,230,140" /><INIT seed="3,0,0,0,4,16" ten="190,230,210,370" oya="3" hai0="97,71,107,73,59,74,14,24,51,29,17,48,117" hai1="81,93,49,91,87,52,123,5,103,106,85,22,23" hai2="35,68,79,43,109,116,96,90,65,69,83,120,42" hai3="113,41,92,89,118,40,95,100,110,135,61,129,105"/><W94/><G118/><T78/><D71/><U63/><E123/><V27/><F116/><W124/><G113/><T46/><D117/><U8/><E63/><V10/><F109/><W4/><G124/><T76/><D74/><U44/><E106/><V0/><F90/><W126/><G126/><T121/><D121/><U119/><E119/><V57/><F120/><W13/><G110/><T112/><D73/><U36/><E36/><V45/><F96/><W50/><G129/><T37/><D37/><U25/><E25/><V70/><F57/><W80/><G135/><T32/><D112/><U102/><E102/><V125/><F43/><W58/><G105/><T99/><D107/><U28/><E28/><V84/><F27/><W88/><G100/><T72/><D59/><U131/><E131/><V18/><F35/><W56/><G80/><T108/><D51/><U7/><E103/><V64/><F18/><W82/><G82/><T3/><D3/><U67/><E67/><V111/><F111/><W33/><G33/><T6/><D6/><N who="1" m="2059" /><E8/><V55/><F0/><W122/><G122/><T101/><D101/><U19/><E19/><V130/><F130/><W127/><G127/><T115/><D115/><U134/><E134/><V133/><F10/><N who="3" m="4295" /><G56/><T39/><D39/><U31/><E31/><V54/><F125/><W2/><G2/><T128/><D128/><U21/><E21/><V53/><REACH who="2" step="1"/><F133/><REACH who="2" ten="190,230,200,370" step="2"/><W34/><G34/><T86/><D108/><U104/><E104/><V15/><F15/><W98/><G98/><N who="0" m="37387" /><D14/><U132/><E132/><V47/><F47/><N who="3" m="25967" /><G40/><N who="0" m="24647" /><D32/><U20/><E20/><RYUUKYOKU ba="0,1" sc="190,-30,230,10,200,10,370,10" hai1="22,23,44,49,52,81,85,87,91,93" hai2="42,45,53,54,55,64,65,68,69,70,79,83,84" hai3="58,61,88,89,92,94,95" /><INIT seed="3,1,1,2,1,22" ten="160,240,210,380" oya="3" hai0="132,46,84,74,90,110,117,113,29,41,53,58,105" hai1="122,76,60,115,51,128,49,8,9,89,131,18,12" hai2="88,25,17,72,61,30,34,15,121,37,33,24,14" hai3="56,77,83,108,98,134,48,114,73,4,39,109,42"/><W71/><G114/><T70/><D70/><U57/><E115/><V103/><F37/><W0/><G71/><T112/><D105/><U116/><E122/><V23/><F72/><W123/><G123/><T99/><D74/><U67/><E116/><V127/><F121/><W82/><G134/><T81/><D117/><U68/><E76/><V66/><F127/><W20/><G83/><T7/><D132/><U86/><E8/><V32/><F32/><W10/><G98/><T38/><D99/><U107/><E107/><V44/><F34/><W97/><G97/><T129/><D129/><N who="1" m="49739" /><E68/><V93/><F44/><W106/><G106/><T40/><D40/><U55/><E67/><V50/><F50/><W135/><G135/><T6/><D6/><U36/><E36/><V35/><F35/><W101/><G101/><T125/><D7/><U130/><N who="1" m="49747" /><U94/><AGARI ba="1,1" hai="9,12,18,49,51,55,57,60,86,89,94" m="49747" machi="94" ten="40,2700,0" yaku="4,1,19,1" doraHai="22" who="1" fromWho="1" sc="160,-8,240,40,210,-8,380,-14" /><INIT seed="4,0,0,0,0,92" ten="152,280,202,366" oya="0" hai0="35,60,81,30,13,57,131,5,67,114,75,77,89" hai1="43,29,86,4,46,65,14,48,109,117,112,15,27" hai2="84,125,53,18,76,133,116,130,118,3,32,106,59" hai3="110,33,38,70,47,0,108,22,82,23,107,91,111"/><T85/><D131/><U113/><E117/><V83/><F3/><W98/><G33/><T115/><D35/><U134/><E109/><V69/><F69/><W101/><G70/><T129/><D30/><U78/><E134/><V61/><F130/><W102/><G0/><T66/><D129/><U21/><E65/><V79/><F125/><W121/><G121/><T74/><D67/><U122/><E122/><V55/><F106/><W100/><G38/><T41/><D41/><U19/><E4/><V135/><F32/><W120/><G47/><T11/><REACH who="0" step="1"/><D89/><REACH who="0" ten="142,280,202,366" step="2"/><U73/><E29/><V37/><F118/><W124/><G120/><T9/><D9/><U94/><E43/><V68/><F116/><W62/><G111/><T104/><D104/><U95/><E113/><AGARI ba="0,1" hai="5,11,13,57,60,66,74,75,77,81,85,113,114,115" machi="113" ten="40,7700,0" yaku="1,1,15,1,53,1" doraHai="92" doraHaiUra="80" who="0" fromWho="1" sc="142,87,280,-77,202,0,366,0" /><INIT seed="4,1,0,2,0,22" ten="229,203,202,366" oya="0" hai0="32,66,127,38,72,14,5,80,82,62,121,112,19" hai1="89,13,10,43,74,107,46,30,63,106,97,103,124" hai2="49,126,44,65,98,83,101,119,91,130,50,87,67" hai3="2,42,129,1,78,28,68,86,135,41,26,12,128"/><T53/><D121/><U51/><E74/><V60/><F130/><N who="3" m="50283" /><G68/><T23/><D32/><U37/><E124/><V114/><F114/><W18/><G135/><T47/><D112/><U57/><E30/><V8/><F126/><W75/><G75/><T9/><D127/><U109/><E109/><V105/><F119/><W52/><G52/><T16/><D72/><U24/><E89/><V58/><F8/><N who="3" m="6407" /><G78/><T95/><D95/><U70/><E107/><V7/><F7/><W125/><G86/><T21/><D38/><U96/><E96/><V36/><F36/><W11/><G125/><T110/><D66/><U115/><E115/><V93/><F67/><W79/><G79/><T100/><D100/><U55/><E24/><V118/><F118/><W81/><G81/><T33/><D33/><U88/><E88/><V133/><F133/><W48/><G48/><N who="0" m="28831" /><D62/><U69/><REACH who="1" step="1"/><E37/><REACH who="1" ten="229,193,202,366" step="2"/><V99/><REACH who="2" step="1"/><F44/><REACH who="2" ten="229,193,192,366" step="2"/><W113/><G113/><T85/><D110/><U111/><E111/><V6/><F6/><AGARI ba="1,2" hai="6,10,13,43,46,51,55,57,63,69,70,97,103,106" machi="6" ten="30,2000,0" yaku="1,1,7,1,53,0" doraHai="22" doraHaiUra="131" who="1" fromWho="2" sc="229,0,193,43,192,-23,366,0" /><INIT seed="5,0,0,2,3,116" ten="229,236,169,366" oya="1" hai0="47,86,81,25,33,82,75,134,105,114,63,115,78" hai1="36,51,43,113,55,110,91,8,0,71,32,50,119" hai2="100,4,126,108,67,94,129,88,21,41,84,10,5" hai3="18,49,65,58,19,104,31,121,46,34,3,60,42"/><U57/><E119/><V89/><F108/><W17/><G104/><T53/><D105/><U125/><E32/><V68/><F129/><W112/><G112/><N who="0" m="43051" /><D134/><U70/><E113/><V69/><F126/><W107/><G107/><T101/><D101/><U83/><E125/><V35/><F35/><W109/><G109/><T64/><D53/><U14/><E0/><V106/><F4/><W26/><REACH who="3" step="1"/><G3/><REACH who="3" ten="229,236,169,356" step="2"/><T22/><D33/><U118/><E110/><V92/><F106/><W7/><G7/><T6/><D6/><U45/><E118/><V132/><F132/><W76/><G76/><T120/><D78/><U99/><E71/><V117/><F117/><W77/><G77/><T131/><D131/><U130/><E70/><V30/><F69/><W133/><G133/><T44/><D75/><U72/><E72/><V103/><F68/><W37/><G37/><T87/><D81/><U95/><E130/><V24/><F67/><W93/><G93/><T1/><D1/><U54/><E83/><V98/><REACH who="2" step="1"/><F41/><REACH who="2" ten="229,236,159,356" step="2"/><W13/><G13/><AGARI ba="0,2" hai="5,10,13,21,24,30,84,88,89,92,94,98,100,103" machi="13" ten="30,12000,2" yaku="1,1,2,1,7,1,8,1,54,1,53,2" doraHai="116" doraHaiUra="90" who="2" fromWho="3" sc="229,0,236,0,159,140,356,-120" /><INIT seed="6,0,0,1,5,62" ten="229,236,299,236" oya="2" hai0="7,125,100,58,38,34,55,75,0,90,133,30,44" hai1="109,110,24,120,115,103,80,27,124,28,96,84,128" hai2="2,53,26,66,45,86,22,127,9,74,15,47,33" hai3="91,42,99,17,11,13,59,134,111,102,65,54,39"/><V101/><F74/><W3/><G111/><T88/><D75/><U48/><E115/><V16/><F127/><W41/><G134/><T131/><D133/><U129/><E124/><V52/><F101/><W4/><G91/><T93/><D125/><U122/><E48/><V57/><F33/><W31/><G31/><T68/><D68/><U135/><E28/><V70/><F70/><W10/><G39/><T87/><D0/><U123/><E27/><V12/><F2/><W46/><G46/><N who="2" m="17417" /><F86/><W132/><G132/><T25/><D7/><U51/><E24/><V82/><F82/><W130/><G130/><N who="1" m="50282" /><E51/><V5/><F15/><W1/><G1/><T14/><D14/><U83/><E135/><V121/><F121/><W35/><G35/><T32/><D131/><U106/><E80/><V77/><F77/><AGARI ba="0,0" hai="77,83,84,96,103,106,109,110,120,122,123" m="50282" machi="77" ten="40,8000,1" yaku="13,1,19,1,34,2" doraHai="62" who="1" fromWho="2" sc="229,0,236,80,299,-80,236,0" /><INIT seed="7,0,0,3,5,32" ten="229,316,219,236" oya="3" hai0="31,94,135,119,97,115,70,75,56,78,118,113,86" hai1="19,84,39,35,92,60,126,11,24,83,107,30,63" hai2="9,10,43,121,7,77,66,36,37,4,17,25,52" hai3="57,91,5,34,104,20,96,87,134,85,98,67,59"/><W12/><G34/><T2/><D70/><U117/><E107/><V131/><F77/><W27/><G134/><T68/><D68/><U111/><E111/><V74/><F74/><W18/><G104/><T65/><D75/><U88/><E39/><V128/><F66/><W116/><G116/><N who="0" m="44587" /><D31/><U80/><E117/><V125/><F25/><W14/><G87/><T54/><D65/><U40/><E40/><V130/><F125/><W38/><G38/><T3/><D78/><U76/><E83/><V90/><F121/><W109/><G109/><T50/><D86/><U51/><E51/><V69/><F69/><W15/><G5/><N who="2" m="2121" /><F90/><W99/><REACH who="3" step="1"/><G67/><REACH who="3" ten="229,316,219,226" step="2"/><T22/><D135/><U105/><E105/><V58/><F37/><W102/><G102/><N who="0" m="60727" /><D22/><U46/><E35/><V106/><F106/><W33/><G33/><T100/><D100/><U47/><E84/><V82/><F82/><AGARI ba="0,1" hai="12,14,15,18,20,27,57,59,82,85,91,96,98,99" machi="82" ten="40,3900,0" yaku="1,1,8,1,53,0" doraHai="32" doraHaiUra="122" who="3" fromWho="2" sc="229,0,316,0,219,-39,226,49" /><INIT seed="7,1,0,2,2,84" ten="229,316,180,275" oya="3" hai0="8,25,91,60,132,103,0,114,28,16,123,67,34" hai1="40,73,108,101,6,96,59,51,11,53,117,134,102" hai2="15,62,87,57,45,122,37,107,31,72,41,30,71" hai3="55,98,97,105,42,106,111,74,76,3,58,89,99"/><W121/><G3/><T81/><D123/><U19/><E108/><V13/><F72/><W9/><G121/><T127/><D127/><U118/><E73/><V112/><F122/><W104/><G111/><T70/><D132/><U126/><E126/><V22/><F107/><W2/><G42/><T93/><D81/><U12/><E134/><V115/><F71/><W35/><G35/><T75/><D75/><U17/><E40/><V10/><F13/><W29/><G29/><T95/><D114/><U78/><E78/><V26/><F31/><W64/><G64/><T44/><D44/><U23/><E102/><V116/><F116/><N who="1" m="44649" /><E23/><V129/><F129/><W83/><G9/><T20/><D103/><U68/><E68/><V48/><F37/><W39/><G2/><T18/><D18/><U119/><E119/><V69/><F69/><W92/><REACH who="3" step="1"/><G39/><REACH who="3" ten="229,316,180,265" step="2"/><T135/><D135/><U124/><E124/><V33/><F33/><W43/><G43/><T109/><D109/><U5/><E5/><V82/><F112/><W63/><AGARI ba="1,1" hai="55,58,63,74,76,83,89,92,97,98,99,104,105,106" machi="63" ten="30,11700,0" yaku="1,1,0,1,52,1,53,1" doraHai="84" doraHaiUra="79" who="3" fromWho="3" sc="229,-40,316,-40,180,-40,265,130" owari="189,-21.1,276,7.6,140,-36.0,395,49.5" /></mjloggm>