<mjloggm ver="2.3"><GO type="169" lobby="0"/><UN n0="%4A%49%4D" n1="%E8%BC%9D%E5%A4%9C%E6%9C%88" n2="%E6%84%9B%E3%81%AF%E6%AD%A3%E7%BE%A9" n3="%4E%65%6D%6F" dan="17,18,16,16" rate="2176.53,2207.60,2053.56,2178.36" sx="F,F,F,M"/><TAIKYOKU oya="0"/><INIT seed="0,0,0,4,5,85" ten="250,250,250,250" oya="0" hai0="6,89,28,34,72,92,44,18,124,23,61,70,16" hai1="3,127,77,125,112,80,122,31,68,49,19,69,76" hai2="40,75,83,104,9,88,97,84,65,20,51,82,53" hai3="67,10,121,105,109,50,135,43,94,0,15,116,1"/><T119/><D119/><U93/><E122/><V57/><F9/><W35/><G116/><T22/><D72/><U132/><E3/><V100/><F40/><W99/><G109/><T81/><D81/><U14/><E132/><V117/><F117/><W21/><G35/><T91/><D6/><U5/><E5/><V41/><F41/><W130/><G135/><T33/><D28/><U13/><E112/><V24/><F65/><W46/><G130/><T106/><D106/><U101/><E31/><V96/><F96/><W8/><G121/><T108/><D124/><N who="1" m="47691" /><E49/><V78/><F24/><W2/><G105/><T114/><D114/><U55/><E55/><V54/><F54/><W74/><G74/><T30/><D30/><U111/><E111/><V29/><REACH who="2" step="1"/><F29/><REACH who="2" ten="250,250,240,250" step="2"/><W59/><G67/><T98/><D108/><U45/><E13/><V52/><F52/><W73/><G10/><T123/><D123/><U64/><E64/><V110/><F110/><W7/><G15/><N who="0" m="9503" /><D33/><U86/><E14/><V118/><F118/><W102/><G0/><T17/><D34/><U60/><E69/><V4/><F4/><W71/><G71/><T120/><D120/><U79/><E19/><V134/><F134/><W11/><G1/><T47/><D17/><U38/><E68/><V56/><F56/><W103/><G2/><T63/><D70/><U113/><E113/><V62/><F62/><N who="0" m="23562" /><D18/><U39/><E60/><V26/><F26/><W12/><G7/><T42/><D42/><N who="1" m="22743" /><E39/><V133/><F133/><W48/><G12/><T126/><D126/><U58/><E58/><V32/><F32/><RYUUKYOKU ba="0,1" sc="250,-15,250,15,240,15,250,-15" hai1="76,77,79,80,86,93,101" hai2="20,51,53,57,75,78,82,83,84,88,97,100,104" /><INIT seed="1,1,1,0,1,133" ten="235,265,255,235" oya="1" hai0="129,29,26,55,39,0,27,48,50,19,119,102,100" hai1="122,4,131,116,47,31,14,10,45,91,37,134,130" hai2="80,82,32,125,76,60,30,62,57,49,77,28,135" hai3="44,117,114,111,78,18,87,46,67,40,66,121,84"/><U13/><E116/><V98/><F135/><W64/><G121/><T9/><D119/><U115/><E134/><V33/><F98/><W1/><G117/><T8/><D39/><U52/><E122/><V12/><F12/><W3/><G114/><T72/><D72/><U20/><E115/><V106/><F49/><W61/><G111/><T73/><D73/><U86/><E37/><V95/><F95/><W74/><G74/><T107/><D107/><U108/><E108/><V92/><F92/><W113/><G113/><T43/><D129/><U81/><E131/><V56/><REACH who="2" step="1"/><F106/><REACH who="2" ten="235,265,245,235" step="2"/><W7/><G1/><T5/><D50/><N who="1" m="28751" /><E130/><V93/><F93/><W69/><G3/><T132/><D132/><U38/><E38/><V36/><F36/><W51/><G51/><T126/><D48/><U128/><E128/><V105/><F105/><W15/><G15/><T120/><D120/><U94/><E94/><V104/><F104/><W99/><G99/><T89/><D0/><U24/><E14/><V59/><F59/><W109/><G109/><T35/><D102/><U70/><E70/><V58/><F58/><W6/><G69/><T110/><D100/><U88/><E47/><V53/><F53/><W127/><G44/><T103/><D55/><U101/><E101/><V83/><F83/><W17/><G46/><T71/><D103/><U97/><E97/><V63/><F63/><W54/><G61/><T124/><D71/><U85/><E81/><V42/><F42/><W11/><G40/><T41/><D110/><U2/><E2/><V21/><F21/><W34/><G54/><RYUUKYOKU ba="1,2" sc="235,-15,265,15,245,15,235,-15" hai1="4,10,13,20,24,31,85,86,88,91" hai2="28,30,32,33,56,57,60,62,76,77,80,82,125" /><INIT seed="1,2,2,5,4,33" ten="220,280,260,220" oya="1" hai0="18,15,2,95,66,84,7,81,111,110,98,125,76" hai1="46,70,74,4,6,50,38,53,14,87,121,120,20" hai2="29,21,55,133,78,40,54,67,41,64,68,96,113" hai3="115,45,122,69,22,117,16,128,57,132,75,77,130"/><U92/><E74/><V97/><F113/><W88/><G115/><T65/><D125/><U11/><E70/><V23/><F133/><W9/><G122/><T36/><D36/><U80/><E38/><V28/><REACH who="2" step="1"/><F78/><REACH who="2" ten="220,280,250,220" step="2"/><W101/><G132/><T104/><D111/><U48/><E121/><V106/><F106/><W103/><G77/><T89/><D104/><U19/><E120/><V72/><F72/><W42/><G75/><T99/><D110/><U5/><E50/><V124/><F124/><W127/><G127/><T44/><D99/><U26/><E92/><V32/><F32/><W56/><G130/><T108/><D108/><U105/><E105/><V73/><F73/><W12/><G128/><T135/><D135/><U109/><E109/><V30/><F30/><W49/><G117/><T0/><D7/><U82/><E82/><V25/><F25/><W91/><G69/><AGARI ba="2,3" hai="21,23,28,29,40,41,54,55,64,67,68,69,96,97" machi="69" ten="25,3200,0" yaku="1,1,22,2,53,0" doraHai="33" doraHaiUra="129" who="2" fromWho="3" sc="220,0,280,0,250,68,220,-38" /><INIT seed="2,0,0,3,2,9" ten="220,280,318,182" oya="2" hai0="95,78,111,120,2,104,5,11,86,7,51,34,101" hai1="31,13,67,129,64,114,119,118,97,28,54,48,135" hai2="14,62,72,68,133,65,131,35,0,121,115,113,22" hai3="39,109,87,24,1,71,93,70,88,76,41,19,18"/><V126/><RYUUKYOKU type="yao9" ba="0,0" sc="220,0,280,0,318,0,182,0" hai2="0,14,22,35,62,65,68,72,113,115,121,126,131,133" /><INIT seed="2,1,0,3,2,34" ten="220,280,318,182" oya="2" hai0="63,78,32,66,120,119,27,43,72,99,7,125,88" hai1="13,135,35,114,90,6,10,2,95,56,40,100,0" hai2="28,1,54,23,30,24,75,16,93,92,97,59,85" hai3="26,121,82,101,71,76,11,126,64,106,133,45,3"/><V104/><F75/><W49/><G121/><T36/><D120/><U70/><E114/><V9/><F104/><W5/><G126/><T12/><D125/><U134/><E70/><V25/><F85/><W67/><G133/><N who="1" m="50698" /><E35/><V102/><F93/><W118/><G118/><T131/><D119/><U123/><E123/><V116/><F116/><W22/><G71/><T61/><D131/><U105/><E40/><V15/><F25/><W108/><G108/><T115/><D115/><U89/><E56/><V47/><F47/><W122/><G122/><T33/><D63/><U41/><E41/><V87/><F87/><W31/><G101/><T62/><D61/><U51/><E51/><V111/><F111/><W69/><G106/><T74/><D74/><U18/><E18/><V46/><F46/><W53/><REACH who="3" step="1"/><G69/><REACH who="3" ten="220,280,318,172" step="2"/><T79/><D72/><AGARI ba="1,1" hai="3,5,11,22,26,31,45,49,53,64,67,72,76,82" machi="72" ten="30,8000,1" yaku="1,1,2,1,7,1,52,1,53,1" doraHai="34" doraHaiUra="50" who="3" fromWho="0" sc="220,-83,280,0,318,0,172,93" /><INIT seed="3,0,0,1,3,43" ten="137,280,318,265" oya="3" hai0="37,104,113,84,79,133,11,32,24,25,33,57,66" hai1="69,118,134,128,114,117,91,9,121,109,106,38,52" hai2="15,12,67,30,85,94,53,81,7,50,132,86,78" hai3="95,45,1,108,29,10,101,135,35,58,6,115,129"/><W21/><G115/><T73/><D113/><U3/><E52/><V80/><F132/><W62/><G135/><T123/><D123/><U72/><E91/><V22/><F67/><W41/><G129/><T26/><D133/><U89/><E89/><V8/><F94/><W130/><G130/><T2/><D104/><U17/><E17/><V112/><F112/><W0/><G108/><T82/><D84/><U34/><REACH who="1" step="1"/><E9/><REACH who="1" ten="137,270,318,265" step="2"/><V120/><F8/><W16/><G10/><T51/><D11/><U76/><E76/><V93/><F53/><W100/><G6/><T28/><D2/><U59/><E59/><V18/><F78/><W107/><G1/><T5/><D5/><U75/><E75/><V125/><F18/><W110/><G0/><T126/><D73/><U70/><E70/><V61/><F7/><W99/><G110/><T65/><D79/><U14/><E14/><V131/><F15/><W31/><G101/><T40/><D57/><U98/><E98/><V13/><F12/><W23/><G100/><T97/><D97/><U103/><E103/><V64/><F13/><W92/><G99/><T48/><D66/><U55/><E55/><V87/><F64/><W71/><G71/><T68/><D65/><U27/><E27/><V127/><F86/><W44/><G58/><T54/><D68/><U122/><E122/><V74/><F120/><W42/><G16/><T116/><D25/><U60/><E60/><V77/><F74/><W36/><G29/><T111/><D28/><U56/><E56/><V119/><F30/><W63/><G31/><T19/><D19/><RYUUKYOKU ba="0,1" sc="137,-10,270,30,318,-10,265,-10" hai1="3,34,38,69,72,106,109,114,117,118,121,128,134" /><INIT seed="4,1,1,0,1,8" ten="127,300,308,255" oya="0" hai0="55,43,11,32,2,80,84,123,124,90,41,108,89" hai1="67,125,127,4,63,77,79,6,114,106,44,65,96" hai2="3,25,85,118,49,81,87,119,21,73,88,135,28" hai3="107,36,76,97,9,121,132,66,94,78,75,112,122"/><T53/><D123/><N who="3" m="47113" /><G36/><T58/><D32/><U33/><E33/><V83/><F3/><W24/><G66/><T72/><D72/><U109/><E109/><V102/><F135/><W42/><G42/><T61/><D108/><U51/><E96/><V34/><F102/><N who="3" m="62927" /><G24/><T128/><D128/><U116/><E106/><V103/><F103/><W129/><G9/><T113/><D113/><U115/><E116/><N who="2" m="44587" /><F49/><W105/><G105/><T92/><D124/><N who="1" m="47691" /><E4/><V29/><F73/><W104/><G104/><T45/><D2/><U110/><E6/><V74/><F74/><W23/><G23/><T93/><D11/><U99/><E99/><V19/><F34/><W26/><G26/><T68/><D68/><N who="1" m="42047" /><E67/><V31/><F31/><W120/><G120/><T134/><D134/><U0/><E110/><V40/><F40/><W64/><G64/><T82/><D41/><N who="1" m="24975" /><E0/><V15/><F25/><W95/><G132/><T10/><D10/><U60/><E60/><V16/><F19/><W38/><G38/><T100/><D100/><U117/><E117/><V13/><F13/><W1/><G1/><T111/><D111/><U30/><E30/><V71/><F71/><W20/><G20/><T130/><D130/><U5/><E5/><V56/><F56/><W69/><G69/><T126/><D126/><U133/><E133/><V57/><F57/><W7/><G7/><T48/><REACH who="0" step="1"/><D43/><REACH who="0" ten="117,300,308,255" step="2"/><U17/><E115/><V37/><F37/><W70/><G112/><T86/><AGARI ba="1,2" hai="45,48,53,55,58,61,80,82,84,86,89,90,92,93" machi="86" ten="20,18000,2" yaku="1,1,2,1,0,1,7,1,9,1,8,1,53,0" doraHai="8" doraHaiUra="12" who="0" fromWho="0" sc="117,203,300,-61,308,-61,255,-61" /><INIT seed="4,2,0,5,5,23" ten="320,239,247,194" oya="0" hai0="117,86,95,126,103,116,25,61,59,124,123,127,26" hai1="42,81,46,22,56,129,98,67,51,132,134,76,122" hai2="87,113,92,64,75,31,50,40,47,89,110,39,77" hai3="63,52,135,83,14,62,15,108,106,79,114,37,48"/><T82/><D123/><U3/><E122/><V28/><F110/><W90/><G108/><T45/><D45/><U19/><E3/><V104/><F113/><W29/><G37/><T35/><D35/><U71/><E71/><V9/><F104/><W73/><G114/><T27/><D95/><U1/><E1/><V53/><F64/><W58/><G135/><N who="1" m="51754" /><E98/><V102/><F102/><W55/><G106/><T130/><D130/><U11/><E11/><V119/><F119/><W121/><G121/><T115/><D103/><U72/><E67/><V88/><F9/><W125/><G125/><T30/><D30/><U91/><E91/><V18/><F18/><W0/><G0/><T128/><D128/><U6/><E6/><V85/><F77/><W20/><G90/><N who="0" m="51543" /><D115/><U41/><E56/><V80/><REACH who="2" step="1"/><F75/><REACH who="2" ten="320,239,237,194" step="2"/><W16/><G29/><T97/><D97/><U131/><E42/><V8/><F8/><W38/><G38/><T93/><D93/><U33/><E33/><V65/><F65/><AGARI ba="2,1" hai="25,26,27,59,61,65,116,117,124,126,127" m="51543" machi="65" ten="40,12000,1" yaku="18,1,52,3" doraHai="23" who="0" fromWho="2" sc="320,136,239,0,237,-126,194,0" /><INIT seed="4,3,0,1,3,97" ten="456,239,111,194" oya="0" hai0="109,106,6,52,32,22,25,44,93,36,116,117,118" hai1="112,110,75,7,81,11,85,131,42,21,133,16,90" hai2="58,86,53,135,46,0,73,55,101,61,91,102,129" hai3="84,18,4,65,26,64,103,24,92,27,68,51,49"/><T33/><D106/><U47/><E110/><V98/><F129/><W17/><G4/><T54/><D109/><U2/><E131/><V72/><F135/><W99/><G84/><T19/><D6/><U96/><E133/><V62/><F0/><W8/><G68/><T57/><D93/><U82/><E112/><V31/><F31/><W125/><G125/><T9/><D9/><U41/><E96/><V34/><F34/><W122/><G122/><T121/><D121/><U70/><E70/><V28/><F28/><W30/><G30/><T15/><D15/><U23/><E23/><V108/><F108/><W104/><G104/><T67/><D67/><N who="3" m="25673" /><G8/><T63/><REACH who="0" step="1"/><D54/><REACH who="0" ten="446,239,111,194" step="2"/><U60/><E11/><V71/><F71/><W5/><G5/><T100/><D100/><N who="2" m="38506" /><F73/><W29/><G29/><T88/><D88/><U127/><E75/><V76/><F72/><W45/><G92/><T87/><D87/><U105/><E105/><V132/><F132/><W37/><G103/><T124/><D124/><U114/><E127/><V48/><F76/><W38/><G18/><T120/><D120/><U77/><E77/><V126/><F126/><W134/><G17/><T128/><D128/><U89/><E2/><V66/><F98/><W35/><G99/><T43/><AGARI ba="3,1" hai="19,22,25,32,33,36,43,44,52,57,63,116,117,118" machi="43" ten="40,7800,0" yaku="1,1,0,1,54,1,53,0" doraHai="97" doraHaiUra="74" who="0" fromWho="0" sc="446,97,239,-29,111,-29,194,-29" /><INIT seed="4,4,0,4,5,87" ten="543,210,82,165" oya="0" hai0="56,40,90,122,120,52,112,26,84,116,104,4,2" hai1="98,16,17,74,124,6,79,93,129,109,13,44,58" hai2="45,14,35,99,27,33,118,103,0,28,61,82,77" hai3="31,12,91,38,70,39,130,37,97,100,75,7,48"/><T121/><D116/><U92/><E109/><V32/><F118/><W49/><G70/><T106/><D40/><U1/><E129/><V127/><F127/><W25/><G130/><T107/><D112/><U11/><E124/><V86/><F14/><W8/><G75/><T60/><D26/><U134/><E134/><V132/><F132/><W36/><N who="3" m="9216" /><DORA hai="67" /><W89/><G49/><T83/><D4/><U128/><E128/><V85/><F45/><W135/><G48/><T30/><D30/><U64/><E44/><V42/><F42/><W78/><G78/><T20/><D20/><U131/><E131/><V51/><F51/><W19/><G7/><T80/><REACH who="0" step="1"/><D2/><REACH who="0" ten="533,210,82,165" step="2"/><U53/><E6/><V10/><F0/><W119/><G119/><T68/><D68/><U69/><E69/><V34/><F10/><W108/><G135/><T73/><D73/><U72/><E72/><V96/><F35/><W41/><G41/><T29/><D29/><U123/><E74/><V114/><F114/><W66/><G108/><T117/><D117/><U5/><E5/><V55/><F27/><W23/><REACH who="3" step="1"/><G66/><REACH who="3" ten="533,210,82,155" step="2"/><T3/><D3/><U71/><E64/><V111/><F111/><W94/><AGARI ba="4,2" hai="8,12,19,23,25,31,89,91,94,97,100" m="9216" machi="94" ten="60,12000,2" yaku="1,1,2,1,0,1,52,2,53,2" doraHai="87,67" doraHaiUra="21,88" who="3" fromWho="3" sc="533,-64,210,-34,82,-34,155,152" /><INIT seed="5,0,0,3,3,85" ten="469,176,48,307" oya="1" hai0="73,52,90,35,5,40,20,55,87,3,1,30,62" hai1="103,50,16,83,39,23,33,108,124,80,118,96,46" hai2="133,61,51,24,114,109,89,37,27,79,105,8,67" hai3="99,117,42,10,43,120,53,29,2,100,112,59,45"/><U65/><E118/><V113/><F37/><W47/><G120/><T6/><D35/><U134/><E134/><V84/><F133/><W111/><G111/><T69/><D73/><U119/><E119/><V101/><F79/><W135/><G135/><T17/><D30/><U88/><E33/><V19/><F51/><W38/><G117/><T126/><D40/><U0/><E0/><V93/><F109/><W36/><G112/><N who="2" m="43113" /><F101/><W77/><G77/><T75/><D75/><U25/><E39/><V12/><F105/><W66/><G29/><T130/><D130/><U128/><E128/><V102/><F102/><W15/><G66/><T54/><D126/><U98/><E124/><V123/><F123/><W44/><G2/><T115/><D115/><U122/><E122/><V56/><AGARI ba="0,0" hai="8,12,19,24,27,56,61,67,84,89,93" m="43113" machi="56" ten="30,4000,0" yaku="15,1,11,1,52,1" doraHai="85" who="2" fromWho="2" sc="469,-10,176,-20,48,40,307,-10" /><INIT seed="6,0,0,3,1,101" ten="459,156,88,297" oya="2" hai0="107,25,37,119,112,80,88,126,62,84,8,63,26" hai1="127,113,99,123,38,32,81,18,106,53,90,133,27" hai2="3,115,22,10,110,48,129,44,68,105,2,125,6" hai3="24,70,82,96,83,55,121,58,128,31,17,9,47"/><V77/><F110/><W30/><G121/><T51/><D37/><U66/><E38/><V20/><F115/><W114/><G70/><T0/><D107/><U40/><E40/><V108/><F108/><W50/><G128/><T42/><D126/><U92/><E66/><V28/><F129/><W43/><G114/><T118/><D112/><U78/><E113/><V5/><F68/><W67/><G67/><T69/><D69/><U132/><E127/><V13/><F125/><W117/><G96/><T21/><D25/><U131/><E131/><V12/><F77/><W7/><G17/><T16/><D51/><U33/><E53/><V73/><F73/><W75/><G117/><N who="0" m="44555" /><D42/><U19/><E106/><V35/><F105/><W89/><G89/><T64/><D64/><U57/><E57/><V135/><F48/><W97/><G97/><T102/><D102/><U86/><E123/><V34/><F44/><W74/><G74/><T111/><D111/><U100/><E100/><V116/><F116/><W52/><G75/><T23/><D23/><N who="2" m="8746" /><F135/><N who="1" m="51785" /><E27/><N who="2" m="18719" /><F35/><AGARI ba="0,0" hai="18,19,32,33,35,78,81,86,90,92,99" m="51785" machi="35" ten="30,1000,0" yaku="20,1" doraHai="101" who="1" fromWho="2" sc="459,0,156,10,88,-10,297,0" /><INIT seed="7,0,0,4,2,9" ten="459,166,78,297" oya="3" hai0="105,121,26,79,27,67,1,110,22,84,37,116,14" hai1="129,2,43,24,81,92,30,76,33,20,62,40,70" hai2="41,66,107,54,61,25,119,74,133,38,106,75,36" hai3="51,134,78,68,5,53,65,19,3,44,127,126,58"/><W48/><G78/><T91/><D110/><U47/><E2/><V10/><F119/><W108/><G5/><T82/><D1/><U7/><E7/><V123/><F123/><W102/><G3/><T115/><D37/><U69/><E43/><V109/><F109/><W120/><G102/><T118/><D121/><U98/><E33/><V83/><F133/><W46/><G108/><T52/><D67/><U99/><E62/><V103/><F54/><N who="3" m="29959" /><G19/><T130/><D105/><U0/><E99/><V90/><F90/><W87/><G87/><T35/><D35/><U113/><E113/><V112/><F112/><W28/><G28/><T71/><D115/><U100/><E129/><V117/><F117/><W59/><G120/><T34/><D130/><U97/><E0/><V101/><F10/><W13/><G13/><T49/><D34/><U77/><E98/><V64/><F61/><N who="3" m="39983" /><G134/><T8/><D118/><U80/><E80/><V31/><F31/><W16/><G16/><N who="0" m="8263" /><D116/><U57/><E76/><V32/><F32/><W93/><G93/><T18/><D27/><U96/><E96/><V12/><F25/><W55/><G55/><T73/><D73/><U88/><E100/><V42/><F12/><W21/><G21/><T15/><D15/><U114/><E114/><V86/><F83/><W128/><G128/><T125/><D79/><U60/><E81/><V95/><F95/><W56/><AGARI ba="0,0" hai="46,51,53,56,58,59,126,127" m="39983,29959" machi="56" ten="30,3000,0" yaku="34,2" doraHai="9" who="3" fromWho="3" sc="459,-10,166,-10,78,-10,297,30" /><INIT seed="7,1,0,4,1,100" ten="449,156,68,327" oya="3" hai0="132,98,48,6,119,47,72,110,65,97,56,84,19" hai1="39,2,17,62,25,124,85,86,89,92,82,133,40" hai2="32,29,111,59,31,38,58,21,88,102,118,0,1" hai3="24,14,74,126,53,67,64,135,43,61,13,75,9"/><W16/><G135/><T33/><D110/><U69/><E2/><V51/><F111/><W116/><G116/><T115/><D119/><U93/><E133/><V35/><F118/><W109/><G109/><T27/><D72/><U90/><E124/><V96/><F38/><W15/><G126/><T76/><D6/><U71/><E39/><V66/><F21/><W81/><G43/><T60/><D115/><U127/><E40/><V117/><F117/><W95/><G95/><T5/><D5/><U123/><E123/><V37/><F37/><W128/><G128/><T106/><D106/><U101/><E127/><V108/><F108/><W54/><G75/><T83/><D132/><U114/><E114/><V36/><F36/><W10/><G74/><T57/><D57/><U80/><E101/><V68/><F51/><W70/><G81/><T134/><D134/><U104/><E104/><V42/><F42/><W11/><REACH who="3" step="1"/><G67/><REACH who="3" ten="449,156,68,317" step="2"/><T107/><D107/><U122/><E92/><V8/><F66/><W22/><AGARI ba="1,1" hai="9,10,11,13,14,15,16,22,24,53,54,61,64,70" machi="22" ten="40,12000,1" yaku="1,1,2,1,0,1,54,1,53,0" doraHai="100" doraHaiUra="52" who="3" fromWho="3" sc="449,-41,156,-41,68,-41,317,133" owari="408,20.8,115,-28.5,27,-47.3,450,55.0" /></mjloggm>