<mjloggm ver="2.3"><GO type="169" lobby="0"/><UN n0="%74%6F%69%74%6F%69%34" n1="%E7%8A%AC%E5%B1%B1" n2="%56%69%76%79" n3="%61%6D%61%69%6B%61" dan="17,16,16,17" rate="2211.38,2072.56,2116.93,2200.31" sx="F,M,F,M"/><TAIKYOKU oya="0"/><INIT seed="0,0,0,4,1,107" ten="250,250,250,250" oya="0" hai0="120,72,113,91,38,47,27,35,96,23,106,126,111" hai1="9,97,18,32,61,121,119,134,115,19,51,54,88" hai2="99,67,63,41,16,90,59,15,21,66,76,29,122" hai3="78,100,64,85,89,3,7,22,10,39,56,131,2"/><T11/><D113/><U68/><E115/><V24/><F122/><W71/><G131/><T130/><D120/><U101/><E32/><V84/><F41/><W92/><G39/><T104/><D130/><U75/><E134/><V135/><F76/><W80/><G71/><T50/><D38/><U112/><E75/><V95/><F135/><W70/><G70/><T34/><D126/><U1/><E121/><V36/><F36/><W125/><G125/><T82/><D111/><U79/><E79/><V93/><F67/><W48/><G22/><T110/><D110/><U116/><E112/><V105/><F105/><W132/><G132/><T25/><D11/><U77/><E77/><V0/><F0/><W108/><G108/><T6/><D6/><U60/><E1/><V31/><REACH who="2" step="1"/><F24/><REACH who="2" ten="250,250,240,250" step="2"/><W44/><G2/><T86/><D106/><U103/><E116/><V30/><F30/><W12/><G3/><T33/><D104/><U20/><E119/><V40/><F40/><W94/><G64/><T42/><D27/><U8/><E54/><V57/><F57/><W74/><G56/><T83/><D25/><U124/><E68/><V49/><F49/><W123/><G123/><T14/><D50/><U73/><E51/><V37/><F37/><W26/><G26/><T52/><D52/><U13/><E124/><V17/><F17/><W118/><G118/><T102/><D42/><U58/><E19/><V69/><F69/><W98/><G48/><T4/><D35/><U109/><E109/><V62/><F62/><W128/><G128/><T28/><D34/><U117/><E117/><RYUUKYOKU ba="0,1" sc="250,-15,250,-15,240,15,250,15" hai2="15,16,21,29,31,59,63,66,84,90,93,95,99" hai3="7,10,12,44,74,78,80,85,89,92,94,98,100" /><INIT seed="1,1,1,1,0,128" ten="235,235,255,265" oya="1" hai0="71,17,14,61,123,62,45,79,72,106,28,34,126" hai1="0,99,22,134,60,118,96,39,85,15,64,42,48" hai2="107,83,101,84,115,114,73,47,93,49,26,89,120" hai3="122,125,127,102,65,92,70,97,130,8,121,19,29"/><U40/><E0/><V46/><F120/><W18/><G29/><T104/><D123/><U95/><E39/><V52/><F26/><W41/><G41/><T59/><D71/><U116/><E85/><V76/><REACH who="2" step="1"/><F47/><REACH who="2" ten="235,235,245,265" step="2"/><W77/><G122/><T86/><D45/><U36/><E118/><V57/><F57/><W2/><G121/><T105/><D59/><U98/><E116/><V117/><F117/><W51/><G127/><T37/><D126/><U43/><E36/><V100/><F100/><W55/><G125/><T111/><D37/><U30/><E48/><V68/><F68/><W50/><G50/><T69/><D69/><U53/><E60/><V74/><F74/><W90/><G70/><T23/><D72/><U44/><E44/><V35/><F35/><W7/><G102/><T31/><D34/><U20/><E43/><V82/><F82/><W75/><G75/><T88/><D62/><U9/><E42/><V113/><F113/><W6/><G51/><T25/><D61/><U24/><E40/><V66/><F66/><W3/><G65/><T10/><D31/><U58/><E64/><V1/><F1/><W94/><G2/><T135/><D25/><U80/><E24/><V16/><F16/><W87/><G18/><T78/><D17/><U81/><E30/><V108/><F108/><W132/><G19/><T56/><D28/><U11/><E58/><V91/><F91/><W110/><G90/><T21/><D56/><U13/><E80/><V112/><F112/><W103/><G3/><T119/><D111/><U129/><E81/><V133/><F133/><RYUUKYOKU ba="1,2" sc="235,-10,235,-10,245,30,265,-10" hai2="46,49,52,73,76,83,84,89,93,101,107,114,115" /><INIT seed="2,2,2,4,2,131" ten="225,225,275,255" oya="2" hai0="71,32,57,3,129,110,82,111,70,99,41,49,9" hai1="54,92,42,128,74,125,90,39,43,25,83,5,84" hai2="45,102,75,130,126,46,2,69,52,87,93,132,133" hai3="123,115,11,35,13,113,78,20,60,96,114,122,23"/><V55/><F75/><W86/><G96/><T135/><D32/><U103/><E128/><V21/><F130/><W62/><G35/><T26/><D129/><U47/><E43/><V94/><F126/><W100/><G100/><T22/><D82/><U119/><E119/><V0/><F69/><W108/><G78/><T120/><D120/><N who="3" m="46121" /><G86/><T33/><D33/><U112/><E112/><V73/><F73/><W7/><G108/><N who="0" m="41515" /><D99/><U85/><E125/><V19/><F21/><AGARI ba="2,2" hai="7,11,13,20,21,23,60,62,113,114,115" m="46121" machi="21" ten="40,1300,0" yaku="11,1" doraHai="131" who="3" fromWho="2" sc="225,0,225,0,275,-19,255,39" /><INIT seed="3,0,0,3,3,128" ten="225,225,256,294" oya="3" hai0="130,31,107,72,104,122,5,116,28,97,0,36,134" hai1="49,71,20,61,96,50,115,62,90,120,25,131,101" hai2="127,38,113,92,66,44,81,4,60,83,2,70,77" hai3="13,55,10,57,94,45,24,129,27,18,39,30,119"/><W23/><G119/><T6/><D97/><U32/><E131/><V89/><F113/><W82/><G129/><T64/><D64/><U73/><E73/><V11/><F127/><W91/><G39/><T79/><D79/><U78/><E78/><V100/><F100/><W8/><G45/><T74/><D130/><U98/><E32/><V84/><REACH who="2" step="1"/><F77/><REACH who="2" ten="225,225,246,294" step="2"/><W123/><G123/><T114/><D122/><U93/><E115/><V37/><F37/><W132/><G82/><T65/><D36/><U53/><E120/><V3/><F3/><W87/><G132/><T29/><D114/><U80/><E71/><V67/><F67/><W110/><G110/><T118/><D65/><U117/><E117/><V135/><F135/><W1/><G1/><T109/><D0/><U102/><E102/><V14/><F14/><W21/><REACH who="3" step="1"/><G13/><REACH who="3" ten="225,225,246,284" step="2"/><T26/><D109/><U35/><E101/><V56/><F56/><W54/><G54/><T34/><D134/><U17/><E53/><V15/><F15/><W59/><G59/><T40/><D118/><U111/><E111/><V42/><AGARI ba="0,2" hai="2,4,11,38,42,44,60,66,70,81,83,84,89,92" machi="42" ten="30,4000,0" yaku="1,1,0,1,53,1" doraHai="128" doraHaiUra="88" who="2" fromWho="2" sc="225,-10,225,-10,246,60,284,-20" /><INIT seed="4,0,0,4,2,7" ten="215,215,306,264" oya="0" hai0="89,117,109,92,120,114,126,128,103,100,11,42,6" hai1="25,124,99,35,19,10,70,1,38,58,64,26,73" hai2="18,5,24,61,76,106,77,17,48,97,14,79,13" hai3="111,74,75,68,0,80,121,129,16,34,91,115,3"/><T134/><D117/><U96/><E70/><V27/><F106/><W104/><RYUUKYOKU type="yao9" ba="0,0" sc="215,0,215,0,306,0,264,0" hai3="0,3,16,34,68,74,75,80,91,104,111,115,121,129" /><INIT seed="4,1,0,4,1,41" ten="215,215,306,264" oya="0" hai0="90,25,128,24,64,103,97,75,70,26,15,22,124" hai1="101,55,122,5,82,95,102,105,129,11,40,125,16" hai2="52,111,112,130,106,42,84,3,120,118,36,91,86" hai3="123,113,132,114,57,133,13,47,99,30,110,39,17"/><T89/><D75/><U20/><E122/><V126/><RYUUKYOKU type="yao9" ba="1,0" sc="215,0,215,0,306,0,264,0" hai2="3,36,42,52,84,86,91,106,111,112,118,120,126,130" /><INIT seed="4,2,0,2,2,62" ten="215,215,306,264" oya="0" hai0="6,63,117,39,96,22,86,2,20,59,81,65,85" hai1="31,121,111,103,105,69,45,100,94,12,102,133,19" hai2="77,47,24,73,14,54,114,48,74,52,32,134,3" hai3="53,99,16,93,38,64,135,89,113,90,30,8,71"/><T25/><D117/><U57/><E121/><V1/><F114/><W88/><G113/><T129/><D129/><U126/><E69/><V130/><F130/><W68/><G38/><T80/><D39/><U112/><E112/><V40/><F134/><W115/><G115/><T104/><D2/><U124/><E111/><V7/><F14/><N who="3" m="7239" /><G71/><T29/><D6/><U17/><E105/><V46/><F7/><W131/><G68/><T82/><REACH who="0" step="1"/><D22/><REACH who="0" ten="205,215,306,264" step="2"/><U84/><E133/><V42/><F3/><W108/><G131/><T49/><D49/><U15/><E126/><V107/><F48/><W58/><G135/><T98/><D98/><U61/><E124/><V11/><F1/><W44/><G108/><T122/><D122/><U9/><E9/><V10/><F10/><W55/><G30/><T118/><D118/><U66/><E31/><V23/><F11/><W120/><G120/><T110/><D110/><U95/><E15/><V72/><F23/><W91/><G44/><T128/><D128/><U56/><E45/><V76/><F47/><W75/><G75/><T60/><D60/><AGARI ba="2,1" hai="53,55,58,60,64,88,89,90,91,93,99" m="7239" machi="60" ten="30,7700,0" yaku="8,1,52,1,54,2" doraHai="62" who="3" fromWho="0" sc="205,-83,215,0,306,0,264,93" /><INIT seed="5,0,0,1,2,3" ten="122,215,306,357" oya="1" hai0="108,1,81,130,116,57,9,87,16,105,125,93,22" hai1="99,96,117,12,19,25,17,135,68,131,70,34,122" hai2="126,102,69,35,48,45,75,46,83,67,101,11,109" hai3="55,133,80,129,33,110,52,29,115,36,32,100,20"/><U113/><E122/><V30/><F109/><W59/><G110/><T58/><D108/><U97/><E117/><V103/><F126/><W132/><G36/><T26/><D116/><U15/><E135/><N who="3" m="51786" /><G100/><T56/><D105/><U4/><E131/><V0/><F30/><W27/><G129/><T47/><D130/><U7/><E113/><V71/><F35/><W91/><G115/><T86/><D125/><U37/><E37/><V24/><F24/><W104/><G104/><T8/><D47/><U13/><E25/><V95/><F46/><W51/><G55/><T78/><REACH who="0" step="1"/><D1/><REACH who="0" ten="112,215,306,357" step="2"/><U120/><E34/><V85/><F45/><W6/><G33/><T90/><AGARI ba="0,1" hai="8,9,16,22,26,56,57,58,78,81,86,87,90,93" machi="90" ten="30,8000,1" yaku="1,1,2,1,0,1,8,1,54,1,53,0" doraHai="3" doraHaiUra="60" who="0" fromWho="0" sc="112,90,215,-40,306,-20,357,-20" /><INIT seed="6,0,0,1,5,69" ten="202,175,286,337" oya="2" hai0="4,101,130,98,40,82,129,57,43,20,26,70,103" hai1="64,81,123,15,16,83,39,132,111,55,59,108,18" hai2="74,37,25,29,12,126,17,62,102,53,11,24,93" hai3="47,84,45,61,121,27,112,89,79,120,113,7,42"/><V54/><F126/><W94/><G7/><T34/><D70/><U65/><E132/><V38/><F74/><W100/><G79/><T14/><D34/><U8/><E123/><V125/><F125/><W66/><G27/><T48/><D82/><U75/><E39/><V60/><F25/><W67/><G100/><T86/><D86/><U110/><E75/><V0/><F0/><W76/><G76/><T127/><D127/><U1/><E1/><V52/><F102/><W131/><G47/><T134/><D103/><U56/><E56/><V21/><REACH who="2" step="1"/><F93/><REACH who="2" ten="202,175,276,337" step="2"/><W68/><G121/><T72/><D72/><U35/><E35/><V49/><F49/><N who="3" m="26807" /><G120/><T118/><D48/><U119/><E119/><V50/><F50/><W5/><G94/><T78/><D118/><U128/><E128/><V106/><F106/><W22/><G131/><T51/><D51/><N who="1" m="31231" /><E111/><V10/><F10/><W32/><G113/><T97/><D129/><U63/><E110/><V105/><F105/><W109/><G112/><T30/><D130/><U107/><E108/><V19/><F19/><W28/><G109/><T135/><D135/><U124/><E107/><V13/><F13/><W80/><G28/><T46/><D134/><U87/><E124/><V88/><F88/><W90/><G89/><T91/><D91/><N who="1" m="51695" /><E63/><AGARI ba="0,1" hai="11,12,17,21,24,29,37,38,52,53,54,60,62,63" machi="63" ten="40,12000,1" yaku="1,1,52,2,54,1,53,0" doraHai="69" doraHaiUra="104" who="2" fromWho="1" sc="202,0,175,-120,276,130,337,0" /><INIT seed="6,1,0,4,4,109" ten="202,55,406,337" oya="2" hai0="26,108,5,47,36,11,88,96,23,72,77,122,90" hai1="35,65,17,24,46,21,80,2,129,98,31,20,78" hai2="83,117,95,131,111,29,62,121,27,61,68,86,120" hai3="15,92,37,40,89,112,110,114,81,100,94,107,102"/><V9/><F117/><W43/><G15/><T56/><D108/><U33/><E129/><V123/><F111/><W30/><G110/><T6/><D122/><U0/><E65/><V104/><F104/><W58/><G30/><T71/><D71/><U45/><E98/><V48/><F131/><W132/><G58/><T50/><D6/><U44/><E80/><V3/><F95/><N who="3" m="36395" /><G37/><T134/><D134/><U93/><E78/><V38/><F38/><W99/><G102/><T25/><D96/><U41/><E93/><V70/><F48/><W42/><G81/><T91/><D56/><U128/><E41/><V64/><F9/><W22/><G89/><T28/><D26/><U12/><E128/><V85/><F3/><N who="1" m="1065" /><E46/><V51/><F83/><W10/><G10/><T125/><D36/><U73/><E45/><V32/><F51/><W115/><G22/><T127/><D77/><U97/><E97/><V53/><F70/><W7/><G7/><T52/><D72/><U13/><E44/><V84/><F62/><W87/><G87/><T54/><D54/><U74/><E74/><V67/><F67/><W19/><G19/><T18/><D18/><N who="1" m="10311" /><E73/><V60/><F60/><W116/><G116/><T8/><D5/><U57/><E57/><V101/><F101/><W135/><AGARI ba="1,0" hai="40,42,43,99,100,107,112,114,115,132,135" m="36395" machi="135" ten="40,8000,1" yaku="15,1,11,1,52,3" doraHai="109" who="3" fromWho="3" sc="202,-21,55,-21,406,-41,337,83" /><INIT seed="7,0,0,4,3,55" ten="181,34,365,420" oya="3" hai0="94,47,35,57,91,90,112,65,21,101,81,3,118" hai1="121,25,128,18,87,72,63,103,62,32,133,14,131" hai2="79,50,61,70,132,134,83,60,52,82,56,27,105" hai3="31,117,20,120,42,115,68,29,93,45,16,1,30"/><W23/><G68/><T0/><D35/><U75/><E121/><V125/><F105/><W116/><G120/><T111/><D111/><U38/><E38/><V104/><F104/><W106/><G106/><T129/><D91/><U39/><E39/><V12/><F125/><W80/><G1/><T33/><D90/><U102/><E32/><V28/><F12/><W43/><G115/><T96/><D65/><U122/><E122/><V77/><F83/><W7/><G7/><T95/><D94/><U40/><E14/><V11/><F11/><W92/><G80/><T46/><D46/><U67/><E67/><N who="2" m="41319" /><F82/><W85/><G85/><T36/><D47/><U37/><E37/><V59/><F27/><W126/><G126/><T51/><D33/><U44/><E133/><N who="2" m="51307" /><F28/><W58/><G30/><T24/><D129/><U76/><E76/><V69/><F69/><W64/><G29/><T8/><D118/><U89/><E87/><V130/><F130/><W6/><G31/><T97/><D112/><U10/><E10/><V109/><F109/><W9/><G93/><T84/><D51/><U34/><E89/><V5/><F5/><W13/><G92/><T78/><D3/><U26/><E34/><V88/><F88/><W124/><G6/><T135/><D8/><U2/><E2/><V54/><AGARI ba="0,0" hai="50,52,54,56,59,61,77,79" m="51307,41319" machi="54" ten="30,7900,0" yaku="20,1,52,2,54,1" doraHai="55" who="2" fromWho="2" sc="181,-20,34,-20,365,79,420,-39" owari="161,-23.9,14,-48.6,444,54.4,381,18.1" /></mjloggm>