<mjloggm ver="2.3"><GO type="169" lobby="0"/><UN n0="%E3%81%9D%E3%81%86%E3%81%9F%E3%81%A3%E3%81%9F" n1="%E5%AE%8C%E5%85%A8%E5%AE%89%E7%89%8C" n2="%E5%B8%B0%E3%82%8A%E3%81%9F%E3%81%84%E3%80%82" n3="%E5%B3%B6%E7%94%B0%E7%9C%9F%E5%A4%A2" dan="16,17,17,16" rate="2079.62,2189.98,2218.59,2152.83" sx="M,M,M,F"/><TAIKYOKU oya="0"/><INIT seed="0,0,0,0,4,83" ten="250,250,250,250" oya="0" hai0="93,25,45,3,68,2,43,108,124,87,35,44,37" hai1="8,18,125,1,40,0,105,94,120,113,70,11,91" hai2="39,75,77,121,117,22,74,5,24,84,61,27,104" hai3="101,71,4,126,79,62,14,128,21,46,58,92,97"/><T42/><D68/><U96/><E120/><V106/><F121/><W48/><G126/><T53/><D124/><U36/><E125/><V33/><F39/><W51/><G128/><T47/><D108/><U76/><E70/><V103/><F33/><W29/><G71/><T115/><D115/><U31/><E31/><V16/><F5/><W98/><G79/><T30/><D53/><U66/><E76/><V110/><F103/><W80/><G80/><T85/><D45/><U112/><E105/><V12/><F106/><W13/><G97/><T122/><D122/><U95/><E66/><V26/><F104/><W57/><G57/><T38/><REACH who="0" step="1"/><D93/><REACH who="0" ten="240,250,250,250" step="2"/><U129/><E94/><V86/><F110/><W130/><G46/><T6/><D6/><U34/><E95/><V119/><F117/><W49/><G4/><T65/><D65/><U67/><E67/><V59/><F119/><W109/><G109/><T78/><D78/><U64/><E64/><N who="2" m="38975" /><F77/><W23/><G58/><T102/><D102/><U55/><E55/><V111/><F111/><W56/><G56/><T135/><D135/><U7/><E112/><V133/><F133/><W60/><G60/><T127/><D127/><U20/><E113/><V118/><F118/><W15/><G62/><T99/><D99/><U54/><E54/><V131/><F131/><W10/><G130/><T50/><D50/><U88/><E96/><V134/><F134/><W114/><G114/><T89/><D89/><U72/><E129/><V100/><F100/><W90/><G101/><T63/><D63/><U9/><E7/><V82/><F75/><RYUUKYOKU ba="0,1" sc="240,15,250,-15,250,15,250,-15" hai0="2,3,25,30,35,37,38,42,43,44,47,85,87" hai2="12,16,22,24,26,27,74,82,84,86" /><INIT seed="0,1,1,1,4,60" ten="255,235,265,235" oya="0" hai0="20,121,22,79,129,132,13,71,10,9,83,120,36" hai1="59,5,15,87,19,114,106,81,125,65,115,111,45" hai2="67,124,105,88,123,101,100,31,4,99,133,14,74" hai3="109,119,30,80,68,90,57,91,49,24,73,66,3"/><T85/><D36/><U107/><E111/><V53/><F123/><W18/><G119/><T34/><D34/><U98/><E5/><V44/><F74/><W12/><G109/><T102/><D132/><U104/><E125/><V23/><F133/><W7/><G68/><T76/><D71/><U28/><E28/><V130/><F130/><W46/><G3/><T21/><D129/><U84/><E98/><V51/><F124/><W108/><G7/><T27/><D27/><U35/><E45/><V54/><F67/><W40/><G108/><T94/><D76/><U47/><E47/><V78/><F78/><W38/><G73/><T127/><D9/><U95/><E95/><N who="2" m="56807" /><F105/><W37/><G37/><T1/><D1/><U128/><E35/><V122/><F122/><W110/><G110/><T112/><D112/><N who="1" m="43051" /><E81/><V29/><F54/><W131/><G131/><T64/><D127/><U89/><E89/><V126/><F126/><W26/><G80/><T39/><D39/><U117/><E117/><V55/><F55/><W70/><G91/><T33/><D33/><U41/><E41/><V52/><F53/><N who="3" m="31919" /><G90/><T77/><D77/><U63/><E128/><V25/><F31/><W6/><G30/><T11/><D121/><U16/><E19/><V2/><F2/><W116/><G6/><N who="0" m="3287" /><D120/><U118/><E118/><V86/><F86/><W48/><G116/><T92/><D102/><U134/><E134/><V62/><F62/><N who="3" m="40279" /><G38/><T113/><D113/><U58/><E59/><V56/><F56/><W43/><G43/><T82/><D79/><U75/><E75/><V72/><F72/><RYUUKYOKU ba="1,1" sc="255,-30,235,10,265,10,235,10" hai1="15,16,58,63,65,84,87,104,106,107" hai2="4,14,23,25,29,44,51,52,100,101" hai3="12,18,24,26,40,46,48" /><INIT seed="1,2,1,5,1,125" ten="225,245,275,245" oya="1" hai0="53,105,77,76,101,26,89,96,132,134,44,123,40" hai1="32,17,99,133,3,122,45,124,93,111,24,120,97" hai2="47,118,59,109,30,108,27,127,103,75,112,65,95" hai3="104,126,10,12,19,73,38,60,81,21,91,22,28"/><U135/><E3/><V14/><F118/><W6/><G104/><T86/><D53/><U66/><E124/><V56/><F75/><W54/><G38/><T129/><D26/><U58/><E45/><V90/><F127/><W107/><G107/><T82/><D123/><U106/><E106/><V74/><F74/><W88/><G126/><T43/><D43/><U35/><E111/><N who="2" m="42571" /><F103/><W42/><G42/><T57/><D57/><U2/><E2/><V71/><F14/><W102/><G102/><T113/><D113/><U34/><E24/><V52/><F71/><W46/><G73/><T87/><D129/><U80/><E17/><V110/><F65/><W94/><G81/><T13/><D13/><U49/><E80/><V55/><F55/><W5/><G91/><T121/><D121/><U114/><E114/><V83/><F83/><W8/><G28/><T64/><D64/><U79/><E79/><V15/><F15/><N who="3" m="7655" /><G6/><T36/><REACH who="0" step="1"/><D87/><REACH who="0" ten="215,245,275,245" step="2"/><U69/><E120/><V41/><F41/><W115/><G115/><T116/><D116/><U119/><E119/><V100/><F110/><W63/><G46/><T29/><D29/><U33/><E122/><V98/><F112/><W7/><G54/><T61/><D61/><N who="3" m="23625" /><G7/><T20/><D20/><U48/><E33/><N who="2" m="20703" /><F47/><W130/><G130/><T31/><D31/><U117/><E117/><V25/><F52/><W1/><G1/><T9/><D9/><U18/><E66/><V128/><F128/><W4/><G5/><T68/><D68/><U84/><E69/><V62/><F59/><W78/><G4/><T131/><D131/><RYUUKYOKU ba="2,2" sc="215,30,245,-10,275,-10,245,-10" hai0="36,40,44,76,77,82,86,89,96,101,105,132,134" /><INIT seed="2,3,2,0,4,25" ten="245,235,265,235" oya="2" hai0="82,112,56,115,116,44,15,28,84,24,21,102,107" hai1="3,30,86,135,59,79,128,75,70,127,50,58,118" hai2="9,117,12,63,81,83,41,88,100,101,26,20,7" hai3="111,42,106,90,57,52,4,132,64,65,68,11,96"/><V97/><F117/><W134/><G42/><T103/><D116/><U43/><E3/><V77/><F41/><W27/><G111/><T99/><D102/><N who="2" m="39530" /><F77/><W130/><G106/><T89/><D44/><U124/><E75/><V35/><F35/><W105/><BYE who="2" /><G105/><T133/><D133/><N who="3" m="51305" /><G27/><T45/><D45/><U39/><E118/><UN n2="%E5%B8%B0%E3%82%8A%E3%81%9F%E3%81%84%E3%80%82" /><V33/><F33/><W40/><G40/><T53/><REACH who="0" step="1"/><D15/><REACH who="0" ten="235,235,265,235" step="2"/><U10/><E135/><V61/><F12/><N who="3" m="5223" /><G130/><T37/><D37/><U55/><E39/><V85/><F26/><W31/><G68/><T93/><D93/><U16/><E70/><V125/><F125/><W73/><G73/><T131/><D131/><U95/><E128/><V2/><F2/><W123/><G123/><T6/><D6/><U108/><E124/><V110/><F7/><W62/><G31/><T48/><AGARI ba="3,3" hai="21,24,28,48,53,56,82,84,89,99,103,107,112,115" machi="48" ten="20,5200,0" yaku="1,1,0,1,7,1,52,1,53,0" doraHai="25" doraHaiUra="5" who="0" fromWho="0" sc="235,91,235,-16,265,-29,235,-16" /><INIT seed="3,0,0,3,3,30" ten="326,219,236,219" oya="3" hai0="107,26,12,19,103,115,124,116,106,91,94,126,102" hai1="6,16,17,27,85,129,110,117,74,56,112,40,58" hai2="20,125,132,93,123,46,35,31,54,28,92,21,135" hai3="38,71,98,75,44,72,37,39,67,32,80,15,22"/><W128/><G128/><T64/><D26/><U10/><E112/><V108/><F108/><W113/><G113/><T78/><D64/><U57/><E74/><V90/><F125/><N who="0" m="48234" /><D115/><U133/><E133/><N who="2" m="51275" /><F93/><W96/><G71/><T18/><D18/><U43/><E110/><V45/><F35/><W101/><G67/><T77/><D19/><U87/><E129/><V127/><F127/><W99/><G44/><N who="2" m="17001" /><F54/><W120/><G120/><T81/><D12/><N who="1" m="7191" /><E6/><V111/><F111/><W61/><G61/><T68/><D68/><U65/><E117/><V109/><F123/><W97/><G32/><T83/><D116/><U52/><E65/><V134/><F109/><W104/><G22/><N who="2" m="8809" /><F134/><W9/><REACH who="3" step="1"/><G80/><REACH who="3" ten="326,219,236,209" step="2"/><T84/><D83/><U25/><E56/><V41/><F41/><W70/><G70/><T14/><D81/><U79/><E57/><V11/><F11/><W13/><G13/><T33/><D14/><U5/><E43/><V82/><F82/><W73/><G73/><T114/><D33/><U48/><E40/><V24/><F24/><W121/><G121/><T47/><D114/><U51/><E27/><V88/><F90/><W4/><AGARI ba="0,1" hai="4,9,15,37,38,39,72,75,96,97,98,99,101,104" machi="4" ten="40,3900,0" yaku="1,1,0,1,53,0" doraHai="30" doraHaiUra="59" who="3" fromWho="3" sc="326,-13,219,-13,236,-13,209,49" /><INIT seed="3,1,0,4,1,104" ten="313,206,223,258" oya="3" hai0="49,72,12,103,118,115,71,117,66,101,122,4,39" hai1="74,2,50,24,44,100,21,35,68,18,125,73,70" hai2="97,123,22,57,121,43,119,120,127,89,14,0,95" hai3="133,106,41,86,90,58,99,84,55,8,34,76,128"/><W64/><G34/><T126/><D39/><U40/><E125/><V83/><F0/><W96/><G133/><T108/><D122/><U98/><E2/><V48/><F119/><W27/><G128/><T135/><D72/><U67/><E35/><V132/><F127/><W110/><G110/><T25/><D25/><U93/><REACH who="1" step="1"/><E70/><REACH who="1" ten="313,196,223,258" step="2"/><V109/><F123/><W5/><G106/><T59/><D71/><U75/><E75/><V85/><F121/><W60/><G41/><T56/><D126/><U63/><AGARI ba="1,1" hai="18,21,24,40,44,50,63,67,68,73,74,93,98,100" machi="63" ten="30,8000,1" yaku="1,1,0,1,52,2,53,1" doraHai="104" doraHaiUra="88" who="1" fromWho="1" sc="313,-21,196,93,223,-21,258,-41" /><INIT seed="4,0,0,4,5,113" ten="292,289,202,217" oya="0" hai0="90,24,5,115,98,116,130,38,12,108,91,74,104" hai1="117,54,48,94,105,81,15,122,33,10,131,132,133" hai2="78,52,102,37,44,53,128,20,95,13,56,97,49" hai3="31,51,88,125,99,4,9,8,70,110,72,85,93"/><T42/><D74/><U101/><E122/><V46/><F128/><W135/><G72/><T124/><D115/><U77/><E33/><V83/><F37/><W16/><G70/><T123/><D123/><U75/><E105/><V11/><F20/><W7/><G110/><T96/><D124/><U79/><E79/><V21/><F21/><W36/><G36/><T119/><D38/><U103/><E117/><V76/><F83/><W111/><G111/><T22/><D42/><U60/><E60/><V73/><F73/><W29/><G125/><T126/><D130/><U86/><E131/><V6/><REACH who="2" step="1"/><F46/><REACH who="2" ten="292,289,192,217" step="2"/><W66/><G135/><T61/><D22/><U28/><E132/><V63/><AGARI ba="0,1" hai="6,11,13,44,49,52,53,56,63,76,78,95,97,102" machi="63" ten="20,12000,2" yaku="1,1,2,1,0,1,7,1,8,1,54,1,53,0" doraHai="113" doraHaiUra="69" who="2" fromWho="2" sc="292,-60,289,-30,192,130,217,-30" /><INIT seed="5,0,0,0,0,60" ten="232,259,322,187" oya="1" hai0="63,29,3,121,36,102,2,37,117,41,84,24,127" hai1="20,108,87,132,64,88,8,77,99,32,13,89,55" hai2="25,49,110,39,12,106,85,109,107,44,6,56,22" hai3="53,45,86,69,7,18,48,0,17,11,78,131,119"/><U19/><E132/><V26/><F39/><W101/><G119/><T105/><D84/><U120/><E120/><V34/><F34/><W70/><G131/><T126/><D63/><U67/><E32/><V111/><F56/><W134/><G134/><T92/><D92/><N who="1" m="56711" /><E108/><V90/><F12/><W42/><G101/><T59/><D121/><U15/><E77/><V100/><F6/><W80/><G70/><T73/><D73/><U95/><E55/><V82/><F100/><W135/><G69/><T51/><D37/><U30/><E30/><V1/><F1/><W129/><G135/><T31/><D31/><U112/><E112/><V52/><REACH who="2" step="1"/><F26/><REACH who="2" ten="232,259,312,187" step="2"/><W122/><G122/><T50/><D24/><U33/><E33/><V10/><F10/><W38/><REACH who="3" step="1"/><G129/><REACH who="3" ten="232,259,312,177" step="2"/><T21/><D102/><U66/><E15/><V79/><F79/><W57/><AGARI ba="0,2" hai="0,7,11,17,18,38,42,45,48,53,57,78,80,86" machi="57" ten="20,8000,1" yaku="1,1,2,1,0,1,7,1,53,1" doraHai="60" doraHaiUra="47" who="3" fromWho="3" sc="232,-20,259,-40,312,-20,177,100" /><INIT seed="6,0,0,1,1,131" ten="212,219,292,277" oya="2" hai0="130,126,125,50,29,123,23,128,5,65,133,101,116" hai1="135,64,54,95,119,46,108,124,76,74,103,88,8" hai2="14,13,134,56,67,90,58,106,57,66,45,59,79" hai3="111,16,6,22,92,42,110,33,73,4,94,81,20"/><V39/><F134/><W32/><G42/><T114/><D101/><U80/><E119/><V89/><F106/><W38/><G81/><T99/><D99/><U117/><E117/><V68/><F39/><W55/><G55/><T69/><D116/><U37/><E108/><V127/><F127/><N who="0" m="48650" /><D5/><U15/><E124/><V104/><F45/><W51/><G51/><T10/><D10/><U91/><E64/><N who="2" m="24619" /><F104/><W77/><G77/><T113/><D133/><U31/><E31/><V97/><F79/><W78/><G78/><T21/><D50/><U100/><E135/><V112/><F68/><W132/><G132/><T26/><D123/><U85/><E91/><N who="2" m="34827" /><F112/><N who="0" m="43114" /><D65/><U24/><E24/><V52/><F97/><W71/><G71/><T48/><D48/><AGARI ba="0,0" hai="13,14,48,52,56,57,58,59" m="34827,24619" machi="48" ten="30,2900,0" yaku="8,1,54,1" doraHai="131" who="2" fromWho="0" sc="212,-29,219,0,292,29,277,0" /><INIT seed="6,1,0,3,1,10" ten="183,219,321,277" oya="2" hai0="103,71,1,123,20,119,42,115,41,84,8,36,76" hai1="3,77,116,45,87,105,107,90,6,29,39,38,85" hai2="7,130,93,55,97,30,98,50,56,92,89,48,21" hai3="125,0,37,32,78,34,109,23,126,9,63,27,113"/><V135/><F130/><W47/><G109/><T58/><D123/><U131/><E116/><V94/><F135/><W79/><G113/><T43/><D71/><U81/><E131/><V110/><F7/><N who="3" m="1255" /><G63/><T74/><D115/><U129/><E129/><V122/><F122/><W66/><G66/><T13/><D74/><U86/><E29/><V108/><F50/><W64/><G64/><T70/><D70/><U133/><E133/><V12/><F30/><W95/><G95/><N who="2" m="36425" /><F110/><W83/><G47/><T111/><D1/><U17/><E6/><V124/><F124/><N who="3" m="47723" /><G37/><T120/><D120/><U128/><E3/><V16/><F108/><W121/><G121/><T100/><D36/><U96/><E128/><V69/><F69/><W101/><G101/><N who="0" m="38987" /><D119/><U46/><E39/><V117/><F117/><W114/><G114/><T75/><D111/><U19/><E38/><V33/><F33/><W106/><G106/><T62/><D62/><U15/><E105/><V67/><F67/><W118/><G118/><T31/><D58/><U68/><E68/><V54/><F54/><W134/><G134/><T14/><D43/><U60/><E60/><V35/><F35/><W40/><G40/><T2/><D42/><U65/><E107/><V99/><AGARI ba="1,0" hai="12,16,21,48,55,56,89,94,97,98,99" m="36425" machi="99" ten="30,6000,0" yaku="8,1,52,1,54,1" doraHai="10" who="2" fromWho="2" sc="183,-21,219,-21,321,63,277,-21" /><INIT seed="6,2,0,3,0,88" ten="162,198,384,256" oya="2" hai0="116,50,81,21,47,37,129,96,62,77,121,0,38" hai1="3,14,60,25,58,131,7,51,8,78,105,97,102" hai2="56,19,53,103,34,59,31,66,28,61,83,35,13" hai3="123,33,99,30,2,115,91,70,98,127,108,126,90"/><V133/><F133/><W75/><G70/><T11/><D121/><U73/><E131/><V113/><F113/><W94/><G2/><T22/><D129/><U42/><E25/><V92/><F83/><W72/><G123/><T44/><D116/><U48/><E42/><V16/><F19/><W87/><G108/><T134/><D134/><U120/><E120/><V85/><F35/><W122/><G122/><T118/><D62/><U63/><E63/><N who="2" m="36239" /><F34/><W52/><G30/><T20/><D44/><U84/><E73/><N who="3" m="28234" /><G33/><T132/><D118/><U26/><E26/><V100/><F100/><W114/><G52/><T67/><D67/><U64/><E3/><V82/><F82/><N who="3" m="49527" /><G98/><T27/><D96/><U86/><E97/><N who="2" m="59815" /><F85/><W24/><G24/><T40/><D132/><U76/><E84/><V23/><AGARI ba="2,0" hai="13,16,23,28,31,59,61,66" m="59815,36239" machi="23" ten="30,6000,0" yaku="8,1,52,1,54,1" doraHai="88" who="2" fromWho="2" sc="162,-22,198,-22,384,66,256,-22" /><INIT seed="6,3,0,3,2,112" ten="140,176,450,234" oya="2" hai0="42,134,107,125,65,78,66,109,32,73,81,132,37" hai1="62,120,54,133,97,11,95,29,84,5,38,103,2" hai2="58,52,63,12,108,127,71,113,49,10,114,40,34" hai3="8,72,119,6,88,41,91,68,46,122,124,79,14"/><V33/><F127/><W128/><G122/><T110/><D32/><U22/><E133/><N who="0" m="51305" /><D65/><U102/><E120/><V3/><F3/><W51/><G124/><T77/><D66/><U74/><E74/><V21/><F21/><W57/><G68/><T18/><D18/><U1/><E38/><V9/><F9/><W135/><G135/><T70/><D70/><U99/><E84/><V59/><F71/><W56/><G128/><T13/><D13/><U15/><E62/><V130/><F130/><W36/><G119/><T61/><D61/><U23/><E54/><N who="2" m="32079" /><F40/><W96/><G36/><T44/><D125/><U45/><E45/><V111/><F34/><W47/><G47/><T28/><D28/><U104/><REACH who="1" step="1"/><E22/><REACH who="1" ten="140,166,450,234" step="2"/><V7/><F33/><W129/><G129/><T105/><D78/><U0/><E0/><V27/><F52/><W106/><G79/><T20/><D20/><U24/><AGARI ba="3,1" hai="1,2,5,11,15,23,24,29,95,97,99,102,103,104" machi="24" ten="30,2000,0" yaku="1,1,0,1,53,0" doraHai="112" doraHaiUra="39" who="1" fromWho="1" sc="140,-8,166,39,450,-13,234,-8" /><INIT seed="7,0,0,1,3,14" ten="132,205,437,226" oya="3" hai0="51,85,32,74,79,46,127,88,27,128,68,91,4" hai1="56,47,95,8,20,18,118,39,34,41,13,134,119" hai2="31,107,101,96,99,57,22,29,23,108,2,19,109" hai3="130,9,87,83,66,84,93,97,90,35,126,63,65"/><W103/><G35/><T102/><D68/><U89/><E34/><V10/><F31/><W114/><G130/><T105/><D128/><U77/><E134/><V70/><F70/><W133/><G133/><T44/><D127/><U33/><E33/><V53/><F23/><W100/><G126/><T40/><D74/><U116/><E77/><V25/><F99/><W16/><G114/><T54/><D4/><U49/><E56/><V52/><F53/><W78/><G63/><T120/><D120/><U131/><E131/><V115/><F115/><W48/><G48/><T24/><D79/><U21/><E39/><V82/><F82/><W15/><G103/><T45/><D32/><U71/><E71/><V61/><REACH who="2" step="1"/><F2/><REACH who="2" ten="132,205,427,226" step="2"/><W80/><AGARI ba="0,1" hai="9,15,16,65,66,78,80,83,84,87,90,93,97,100" machi="80" ten="20,12000,1" yaku="0,1,7,1,8,1,52,1,54,1" doraHai="14" who="3" fromWho="3" sc="132,-40,205,-40,427,-40,226,130" /><INIT seed="7,1,0,4,3,58" ten="92,165,387,356" oya="3" hai0="25,100,127,88,92,23,109,55,97,1,36,90,33" hai1="102,41,8,11,49,71,76,64,112,17,75,43,56" hai2="62,48,18,117,67,73,101,113,72,32,29,20,5" hai3="30,84,14,118,12,93,21,6,122,46,39,135,108"/><W59/><G118/><T51/><D127/><U110/><E71/><V120/><F117/><W121/><G108/><T42/><D109/><U50/><E75/><V131/><F113/><W70/><G70/><T22/><D1/><U129/><E112/><V31/><F73/><W128/><G128/><T86/><D36/><U35/><E35/><V115/><F72/><W63/><G135/><T132/><D132/><U38/><E76/><V69/><F115/><W126/><G126/><T66/><D33/><U94/><E38/><V47/><F32/><W15/><G39/><T61/><D42/><U74/><E74/><V98/><F5/><W24/><G46/><T13/><D13/><N who="1" m="7335" /><E11/><V27/><F120/><W80/><G6/><T10/><D10/><U79/><E79/><V81/><F81/><W9/><G9/><T37/><D37/><U107/><E107/><V83/><F83/><W77/><REACH who="3" step="1"/><G93/><REACH who="3" ten="92,165,387,346" step="2"/><T85/><D85/><U91/><E94/><V68/><F68/><W96/><G96/><T60/><D66/><AGARI ba="1,1" hai="12,14,15,21,24,30,59,63,66,77,80,84,121,122" machi="66" ten="40,3900,0" yaku="1,1,52,1,53,0" doraHai="58" doraHaiUra="103" who="3" fromWho="0" sc="92,-42,165,0,387,0,346,52" owari="50,-45.0,165,-23.5,387,18.7,398,49.8" /></mjloggm>