<mjloggm ver="2.3"><GO type="169" lobby="0"/><UN n0="%E5%A4%A9%E5%AE%89%E9%96%80%E5%BF%98%E5%8D%B4" n1="%76%E3%81%B5%E3%83%BC%E3%81%A1%E3%82%83%E3%82%93%76" n2="%41%4F%54" n3="%E6%BC%82%E3%81%86" dan="16,17,18,16" rate="2042.30,2185.35,2219.13,2129.48" sx="M,M,F,M"/><TAIKYOKU oya="0"/><INIT seed="0,0,0,3,0,7" ten="250,250,250,250" oya="0" hai0="49,42,18,59,47,99,81,35,9,45,28,14,13" hai1="19,11,68,24,73,51,16,40,23,75,41,113,116" hai2="0,1,135,126,86,119,63,2,117,97,93,108,26" hai3="74,124,60,62,48,88,53,33,39,22,25,115,112"/><T106/><D35/><U52/><E116/><N who="2" m="44619" /><F108/><W111/><G111/><T20/><D106/><U30/><E68/><V94/><F126/><W134/><G39/><T43/><D99/><U46/><E113/><V128/><F128/><W127/><G74/><T84/><D59/><U79/><E75/><V55/><F135/><W103/><G103/><T78/><D28/><U89/><E73/><V31/><F86/><W125/><G33/><T57/><D57/><U96/><E79/><V91/><F94/><W38/><G38/><T10/><REACH who="0" step="1"/><D13/><REACH who="0" ten="240,250,250,250" step="2"/><N who="1" m="7231" /><E30/><V118/><F118/><W29/><G134/><T4/><D4/><U80/><E80/><V85/><F1/><W110/><G110/><T6/><D6/><U133/><E133/><V98/><F0/><W65/><G115/><T114/><D114/><U132/><E132/><V37/><F2/><W64/><G112/><T105/><D105/><U21/><E21/><V71/><F71/><W17/><G124/><T90/><D90/><U50/><E50/><AGARI ba="0,1" hai="9,10,14,18,20,42,43,45,47,49,50,78,81,84" machi="50" ten="30,18000,2" yaku="1,1,7,1,9,1,8,1,52,2,53,0" doraHai="7" doraHaiUra="34" who="0" fromWho="1" sc="240,190,250,-180,250,0,250,0" /><INIT seed="0,1,0,5,1,106" ten="430,70,250,250" oya="0" hai0="59,119,29,96,14,61,66,7,109,4,42,13,110" hai1="31,69,36,57,40,86,77,64,32,93,63,35,92" hai2="127,24,132,68,114,19,129,44,117,87,103,0,81" hai3="21,123,45,50,10,133,11,25,67,85,73,49,95"/><T97/><D119/><U124/><E124/><V71/><F0/><W58/><G73/><T104/><D42/><U65/><E36/><V76/><F114/><W118/><G118/><T3/><D29/><U55/><E40/><V39/><F117/><W107/><G107/><T33/><D33/><U80/><E65/><V27/><F127/><W8/><G133/><T48/><D3/><U2/><E2/><V28/><F103/><W130/><G130/><T1/><D1/><U34/><REACH who="1" step="1"/><E31/><REACH who="1" ten="430,60,250,250" step="2"/><V101/><F39/><W98/><G123/><T26/><D66/><U111/><E111/><V94/><F28/><W134/><G134/><T5/><D110/><U121/><E121/><V15/><F132/><W51/><G45/><T78/><D109/><U53/><E53/><V60/><F44/><W90/><G67/><T74/><D104/><U131/><E131/><V75/><F129/><W46/><G46/><T23/><D4/><U83/><E83/><V41/><F41/><W9/><G58/><T88/><D5/><U18/><E18/><V115/><F19/><W120/><G120/><T6/><D7/><U62/><AGARI ba="1,1" hai="32,34,35,55,57,62,63,64,69,77,80,86,92,93" machi="62" ten="40,2700,0" yaku="1,1,0,1,53,0" doraHai="106" doraHaiUra="108" who="1" fromWho="1" sc="430,-14,60,40,250,-8,250,-8" /><INIT seed="1,0,0,1,4,32" ten="416,100,242,242" oya="1" hai0="118,105,82,86,79,60,116,108,40,3,23,1,47" hai1="124,38,34,9,121,69,22,134,81,57,46,106,51" hai2="96,61,109,125,36,45,49,54,113,17,4,6,120" hai3="135,131,88,99,71,27,25,62,100,58,77,83,107"/><U48/><E121/><V11/><F109/><W33/><G135/><T28/><D105/><U2/><E34/><V114/><F120/><W130/><G88/><T132/><D108/><U19/><E69/><V97/><F125/><W64/><G58/><T13/><D132/><U67/><E106/><V80/><F36/><W112/><G112/><N who="2" m="43113" /><F80/><W122/><G122/><T101/><D101/><U127/><E134/><V133/><F133/><W55/><G55/><T73/><D60/><N who="1" m="38287" /><E81/><V98/><F61/><W39/><G39/><T68/><D68/><U16/><E38/><V21/><F11/><W53/><G53/><T14/><D73/><U111/><E111/><V66/><F66/><W52/><G52/><T65/><D65/><U41/><E22/><V50/><F49/><W5/><G5/><T85/><D23/><U126/><E51/><V8/><F8/><W119/><G119/><T56/><D82/><U63/><E63/><V104/><F104/><W42/><G42/><T95/><D40/><U10/><E10/><V76/><F76/><W91/><G91/><T78/><D95/><U29/><E29/><V18/><F18/><N who="1" m="6697" /><E127/><V84/><F21/><W123/><G123/><T30/><REACH who="0" step="1"/><D56/><REACH who="0" ten="406,100,242,242" step="2"/><U15/><E126/><V44/><F54/><W24/><G33/><T93/><D93/><U12/><E124/><V37/><F45/><AGARI ba="0,1" hai="1,3,13,14,28,30,45,47,78,79,85,86,116,118" machi="45" ten="25,8000,1" yaku="1,1,22,2,52,2,53,0" doraHai="32" doraHaiUra="129" who="0" fromWho="2" sc="406,90,100,0,242,-80,242,0" /><INIT seed="2,0,0,3,3,82" ten="496,100,162,242" oya="2" hai0="74,123,96,98,110,108,78,55,12,67,63,121,15" hai1="7,89,28,3,31,122,92,44,87,53,46,134,57" hai2="52,23,84,81,39,19,95,62,86,83,35,80,24" hai3="109,40,72,6,58,107,10,103,124,125,132,70,59"/><V1/><F39/><W29/><G70/><T50/><D74/><U36/><E134/><V111/><F1/><W99/><G109/><N who="0" m="42091" /><D78/><U5/><E122/><N who="0" m="46601" /><D12/><U120/><E120/><V97/><F35/><W102/><G72/><T64/><D15/><U65/><E65/><N who="0" m="25161" /><D63/><N who="1" m="36271" /><E36/><V54/><F111/><W60/><G103/><T21/><D21/><U68/><E68/><V93/><F62/><W11/><G29/><N who="1" m="11338" /><E3/><V116/><F116/><W38/><G132/><T0/><D0/><U113/><E113/><V105/><F105/><W135/><G135/><T27/><D27/><U127/><E127/><N who="3" m="48714" /><G60/><T34/><D34/><U20/><E20/><V18/><F18/><W48/><G10/><T51/><D51/><U25/><E25/><V17/><F17/><W69/><G38/><T90/><D90/><U8/><E8/><V88/><F86/><W133/><G133/><T126/><D126/><U2/><E2/><V118/><F118/><W128/><G11/><T4/><D4/><AGARI ba="0,0" hai="4,5,7,44,46,87,89,92" m="11338,36271" machi="4" ten="30,2000,0" yaku="8,1,52,1" doraHai="82" who="1" fromWho="0" sc="496,-20,100,20,162,0,242,0" /><INIT seed="3,0,0,3,1,37" ten="476,120,162,242" oya="3" hai0="80,61,84,12,87,62,81,93,44,27,86,97,98" hai1="131,70,17,133,107,13,28,106,109,35,25,34,11" hai2="41,29,120,2,53,1,15,113,63,69,111,72,91" hai3="19,114,24,92,115,116,100,31,14,68,64,7,119"/><W47/><G100/><T73/><D73/><U8/><E70/><V26/><F113/><N who="3" m="43019" /><G92/><T40/><D27/><U105/><E109/><V127/><F127/><W56/><G68/><T43/><D12/><U6/><E131/><V123/><F111/><W32/><G56/><T49/><D43/><U77/><E133/><V20/><F72/><W22/><G47/><T52/><D97/><U59/><E35/><V121/><F15/><N who="3" m="9599" /><G64/><T4/><D4/><U18/><E77/><V38/><F91/><W95/><G95/><T5/><D5/><U74/><E11/><AGARI ba="0,0" hai="7,11,14,24,31,32,116,119" m="9599,43019" machi="11" ten="30,2900,0" yaku="34,2" doraHai="37" who="3" fromWho="1" sc="476,0,120,-29,162,0,242,29" /><INIT seed="3,1,0,2,5,17" ten="476,91,162,271" oya="3" hai0="27,82,78,124,91,75,3,116,52,43,130,106,111" hai1="117,38,30,11,24,51,22,110,70,72,68,66,112" hai2="21,89,65,7,54,61,92,26,58,28,123,63,69" hai3="107,34,96,40,33,9,85,35,119,45,6,133,93"/><W44/><G119/><T125/><D116/><U81/><E38/><V8/><F123/><W14/><G133/><T108/><D3/><U0/><E112/><V48/><F69/><W20/><G107/><T4/><D4/><U120/><E120/><V47/><F63/><W5/><G85/><T46/><D106/><U15/><E110/><N who="0" m="42025" /><D130/><U88/><E0/><V122/><F122/><W135/><G135/><T71/><D71/><U121/><E121/><V126/><F126/><W84/><G84/><T79/><D79/><U60/><E117/><V32/><F32/><W37/><G44/><T53/><D91/><U13/><E70/><V104/><F104/><W100/><G6/><T67/><D27/><U95/><E11/><V29/><F29/><W87/><G87/><T77/><D67/><U127/><E127/><N who="0" m="48713" /><D77/><U50/><E72/><V59/><F89/><W83/><G83/><T129/><D129/><U55/><E81/><V103/><F103/><W19/><REACH who="3" step="1"/><G35/><REACH who="3" ten="476,91,162,261" step="2"/><T131/><D131/><U56/><E95/><V64/><F92/><W41/><G41/><T109/><D109/><U102/><E102/><V74/><F74/><W42/><G42/><T25/><D46/><U76/><E76/><V118/><F118/><W31/><G31/><T94/><D43/><U23/><E88/><V113/><F47/><W114/><G114/><T73/><D73/><U101/><E101/><V18/><F113/><W10/><G10/><T1/><D75/><U2/><E2/><AGARI ba="1,1" hai="2,5,9,14,19,20,33,34,37,40,45,93,96,100" machi="2" ten="30,5800,0" yaku="1,1,7,1,52,1,53,0" doraHai="17" doraHaiUra="134" who="3" fromWho="1" sc="476,0,91,-61,162,0,261,71" /><INIT seed="3,2,0,4,5,133" ten="476,30,162,332" oya="3" hai0="65,130,107,122,115,118,11,125,56,25,37,111,30" hai1="58,106,121,24,6,53,4,102,62,74,9,17,23" hai2="55,54,68,60,16,126,82,43,72,105,108,96,103" hai3="78,50,36,40,127,46,120,98,10,132,69,3,21"/><W33/><G120/><T131/><D107/><U61/><E121/><V41/><F108/><W112/><G112/><T26/><D122/><U73/><E4/><V79/><F126/><W87/><G33/><T20/><D37/><U5/><E5/><V88/><F68/><W113/><G113/><T116/><D56/><U90/><E106/><V76/><F76/><W101/><G69/><T66/><D115/><U64/><E102/><V104/><F104/><W29/><G132/><T47/><D47/><U51/><E90/><V35/><F35/><W52/><G127/><T71/><D111/><U44/><REACH who="1" step="1"/><E62/><REACH who="1" ten="476,20,162,332" step="2"/><V81/><F60/><W48/><G101/><T95/><D125/><U1/><AGARI ba="2,1" hai="1,6,9,17,23,24,44,51,53,58,61,64,73,74" machi="1" ten="20,8000,1" yaku="1,1,2,1,0,1,7,1,53,1" doraHai="133" doraHaiUra="49" who="1" fromWho="1" sc="476,-22,20,96,162,-22,332,-42" /><INIT seed="4,0,0,2,2,29" ten="454,116,140,290" oya="0" hai0="51,27,132,75,92,80,2,85,134,11,31,117,82" hai1="104,72,74,109,7,69,101,84,107,33,123,13,93" hai2="86,0,68,62,20,35,36,105,19,111,34,118,108" hai3="59,60,113,44,129,91,12,76,21,64,122,70,52"/><T112/><D117/><U22/><E22/><V43/><F105/><N who="1" m="40521" /><E13/><V9/><F86/><W38/><G113/><T110/><D112/><U41/><E7/><N who="2" m="1255" /><F43/><N who="3" m="22647" /><G129/><T57/><D110/><N who="2" m="42026" /><F62/><W58/><G122/><T46/><D57/><U3/><E41/><V133/><F36/><W32/><G32/><N who="2" m="12329" /><F68/><W63/><G76/><T96/><D85/><U124/><E69/><V56/><F56/><W126/><G91/><T99/><D99/><U106/><E84/><V97/><F97/><W130/><G59/><T81/><D96/><U73/><E93/><V6/><F133/><W53/><G63/><T102/><D92/><U5/><E73/><V30/><F118/><W78/><G53/><T127/><D132/><U48/><E48/><V67/><F67/><W83/><G83/><T16/><D81/><U100/><E100/><V47/><F47/><W128/><G78/><T40/><D102/><U87/><E101/><V65/><F65/><W49/><G60/><T14/><D134/><U71/><E87/><V90/><F90/><W55/><G64/><T28/><D82/><U8/><E71/><V125/><F125/><W114/><G126/><T95/><D127/><U24/><E124/><V26/><F6/><W98/><G70/><T131/><D80/><U88/><E88/><V4/><F4/><W39/><G98/><T45/><D95/><U15/><E109/><V119/><F119/><W54/><G39/><T120/><D46/><U115/><E106/><V103/><F103/><W17/><G114/><T116/><D116/><U61/><E115/><V42/><F42/><W23/><G55/><RYUUKYOKU ba="0,0" sc="454,-10,116,-10,140,30,290,-10" hai2="19,20,26,30" /><INIT seed="5,1,0,2,2,42" ten="444,106,170,280" oya="1" hai0="15,91,94,64,77,66,16,115,75,40,60,11,31" hai1="61,38,71,34,125,39,109,83,126,14,67,96,53" hai2="54,58,63,124,36,26,102,51,59,117,87,116,114" hai3="72,95,70,30,89,107,12,46,122,135,98,20,45"/><U68/><E34/><V131/><F36/><N who="1" m="13865" /><E14/><V48/><F102/><W1/><G122/><T121/><D121/><U100/><E83/><V7/><F7/><W134/><G70/><N who="1" m="26666" /><E96/><V119/><F87/><W3/><G72/><T105/><D31/><U17/><E17/><V79/><F79/><W65/><G65/><T92/><D16/><U129/><E100/><V128/><F124/><N who="1" m="47721" /><E129/><N who="2" m="49739" /><F114/><W29/><G107/><T88/><D15/><U62/><E109/><V35/><F59/><W99/><G29/><AGARI ba="1,0" hai="26,29,35,48,51,54,58,63,116,117,119" m="49739" machi="29" ten="40,1300,0" yaku="19,1" doraHai="42" who="2" fromWho="3" sc="444,0,106,0,170,16,280,-16" /><INIT seed="6,0,0,3,0,15" ten="444,106,186,264" oya="2" hai0="111,123,51,119,90,94,120,43,63,6,32,102,12" hai1="14,77,36,17,45,117,101,115,19,132,110,9,57" hai2="97,68,31,41,27,81,42,133,84,71,65,78,7" hai3="134,121,127,25,8,75,122,124,118,130,89,104,11"/><V64/><F133/><W10/><G104/><T30/><D111/><U126/><E110/><V98/><F7/><W93/><G75/><T100/><D32/><U105/><E117/><V107/><F71/><W52/><G118/><T3/><D3/><U69/><E69/><V106/><F106/><W88/><G134/><T95/><D30/><U74/><E132/><V61/><F65/><W1/><G1/><T116/><D51/><U37/><E115/><V53/><F53/><W79/><G79/><T72/><D12/><U128/><E128/><V38/><F38/><W0/><G0/><T44/><D90/><N who="3" m="34921" /><G93/><T108/><D72/><U5/><E126/><N who="3" m="48170" /><G130/><T58/><D108/><U112/><E112/><V91/><F91/><W103/><G103/><T59/><D95/><U33/><E33/><N who="2" m="20735" /><F98/><W99/><G99/><T55/><D119/><U125/><E125/><V70/><F70/><W135/><G135/><T76/><D76/><U48/><E105/><V29/><F29/><W92/><G92/><T96/><D96/><U16/><E101/><AGARI ba="0,0" hai="41,42,61,64,68,78,81,84,97,101,107" m="20735" machi="101" ten="30,1500,0" yaku="25,1" doraHai="15" who="2" fromWho="1" sc="444,0,106,-15,186,15,264,0" /><INIT seed="6,1,0,5,4,9" ten="444,91,201,264" oya="2" hai0="134,71,109,99,42,97,27,82,12,21,68,120,75" hai1="15,122,66,55,24,104,54,103,84,101,106,85,105" hai2="135,108,94,129,90,49,126,91,77,123,117,0,32" hai3="93,102,121,73,39,17,31,76,60,70,14,51,52"/><V112/><RYUUKYOKU type="yao9" ba="1,0" sc="444,0,91,0,201,0,264,0" hai2="0,32,49,77,90,91,94,108,112,117,123,126,129,135" /><INIT seed="6,2,0,2,0,33" ten="444,91,201,264" oya="2" hai0="80,0,71,37,107,131,115,111,127,126,25,110,79" hai1="82,85,134,22,83,47,74,28,4,118,10,14,86" hai2="51,41,109,56,67,27,46,81,102,49,91,19,8" hai3="130,68,113,78,64,70,93,61,9,7,95,1,105"/><V21/><F109/><W3/><G105/><T55/><D115/><U29/><E134/><V57/><F102/><W120/><G120/><T73/><D131/><U36/><E118/><V87/><F67/><W48/><G130/><T63/><D107/><U69/><E69/><V119/><F119/><W97/><G70/><T123/><D123/><U59/><E74/><V89/><F51/><W128/><G128/><T54/><D37/><U62/><E36/><V34/><F34/><W94/><G113/><T2/><D25/><U40/><E22/><V75/><F75/><W53/><G78/><T60/><D71/><U44/><E40/><V26/><F26/><W20/><G20/><T90/><D90/><U5/><E5/><V30/><F91/><W117/><G117/><T108/><D63/><U50/><E83/><V45/><F45/><W16/><G16/><T31/><D31/><U24/><E50/><V133/><F133/><W116/><G116/><T124/><D60/><U106/><E106/><V99/><F99/><W11/><G97/><T13/><D13/><AGARI ba="2,0" hai="8,13,19,21,27,30,41,46,49,56,57,81,87,89" machi="13" ten="40,2000,0" yaku="8,1" doraHai="33" who="2" fromWho="0" sc="444,-26,91,0,201,26,264,0" /><INIT seed="6,3,0,3,0,20" ten="418,91,227,264" oya="2" hai0="127,50,32,80,48,56,49,54,109,45,79,78,14" hai1="124,21,108,37,13,28,92,123,61,24,98,6,36" hai2="94,65,27,119,11,76,115,95,101,106,51,33,17" hai3="30,5,82,99,135,60,26,22,58,47,57,113,3"/><V34/><F119/><W84/><G135/><T1/><D1/><U107/><E108/><V4/><F115/><W100/><G113/><T74/><D109/><U128/><E124/><V68/><F106/><W91/><G47/><T16/><D127/><U12/><E128/><V73/><F73/><W64/><G3/><T110/><D32/><U88/><E123/><V53/><F76/><N who="0" m="29226" /><D74/><U86/><E61/><V133/><F133/><W9/><G9/><N who="0" m="6223" /><D80/><U44/><E6/><V111/><F65/><W96/><G5/><T125/><D110/><U85/><E85/><V75/><F68/><W15/><G15/><T130/><D130/><U114/><E114/><V120/><F75/><W55/><G100/><T25/><D25/><U29/><E29/><V38/><F38/><W41/><G41/><N who="0" m="24623" /><D125/><U81/><E107/><V89/><F111/><W77/><G77/><T122/><D122/><U72/><E72/><V121/><F121/><W117/><G117/><T70/><D70/><U63/><E36/><V8/><F34/><W104/><G104/><T7/><D7/><U43/><REACH who="1" step="1"/><E63/><AGARI ba="3,0" hai="22,26,30,55,57,58,60,63,64,82,84,91,96,99" machi="63" ten="30,3900,0" yaku="7,1,8,1,52,1" doraHai="20" who="3" fromWho="1" sc="418,0,91,-48,227,0,264,48" /><AGARI ba="3,0" hai="49,50,54,56,63" m="24623,6223,29226" machi="63" ten="30,2000,0" yaku="8,1,54,1" doraHai="20" who="0" fromWho="1" sc="418,20,43,-20,227,0,312,0" /><INIT seed="7,0,0,1,0,9" ten="438,23,227,312" oya="3" hai0="112,33,75,12,81,27,63,1,65,62,110,37,4" hai1="7,135,60,124,26,109,71,40,15,90,29,42,132" hai2="134,19,123,116,104,86,22,38,88,89,20,34,25" hai3="10,102,13,93,66,94,59,119,82,98,54,39,77"/><W2/><G39/><T91/><D110/><U50/><E90/><V36/><F134/><W108/><G119/><T129/><D37/><U8/><E109/><V105/><F116/><W3/><G108/><T6/><D1/><U87/><E71/><V31/><F123/><W127/><G127/><T47/><D47/><U30/><E60/><V11/><F38/><W84/><G66/><T95/><D63/><U41/><E124/><V53/><F36/><W46/><G46/><T43/><D43/><U114/><E114/><V70/><F70/><W74/><G74/><T14/><D27/><U126/><E126/><V32/><F32/><W52/><G94/><T76/><D33/><U68/><E68/><V48/><F11/><W21/><G21/><T23/><D112/><U100/><E100/><V0/><F0/><W17/><REACH who="3" step="1"/><G54/><REACH who="3" ten="438,23,227,302" step="2"/><T118/><D118/><U117/><E117/><V16/><F22/><W113/><G113/><T97/><D23/><N who="1" m="15583" /><E30/><V92/><F105/><W58/><G58/><T61/><D65/><U96/><E96/><V44/><F104/><W120/><G120/><T78/><D75/><U130/><E130/><V67/><F67/><W133/><G133/><N who="1" m="51274" /><E87/><V85/><REACH who="2" step="1"/><F34/><REACH who="2" ten="438,23,217,302" step="2"/><W35/><G35/><T79/><D129/><U64/><E64/><V99/><F99/><W57/><G57/><T128/><D95/><AGARI ba="0,2" hai="16,19,20,25,31,44,48,53,85,86,88,89,92,95" machi="95" ten="30,12000,2" yaku="1,1,7,1,9,1,8,1,54,2,53,1" doraHai="9" doraHaiUra="24" who="2" fromWho="0" sc="438,-120,23,0,217,140,302,0" owari="318,11.8,23,-47.7,357,45.7,302,-9.8" /></mjloggm>