<mjloggm ver="2.3"><GO type="169" lobby="0"/><UN n0="%E3%83%90%E3%83%AA%E3%83%88%E3%83%B3" n1="%E3%82%A4%E3%82%AB%E3%81%AB%E3%82%82%E6%9D%B1%E5%8C%97" n2="%E3%81%BD%E3%81%A3%E3%81%91%E3%81%95%E3%82%93" n3="%E3%81%82%E3%81%95%E3%81%93%E3%82%8A%E3%81%82%E3%82%93" dan="17,17,16,17" rate="2233.73,2177.80,2108.96,2141.97" sx="M,M,M,M"/><TAIKYOKU oya="0"/><INIT seed="0,0,0,3,0,41" ten="250,250,250,250" oya="0" hai0="19,106,135,78,43,45,68,114,108,132,49,130,93" hai1="59,76,11,123,58,77,50,119,4,127,89,103,92" hai2="86,66,79,111,74,82,52,30,118,94,29,56,62" hai3="69,99,47,53,3,85,10,26,54,115,42,44,20"/><T104/><D114/><U23/><E119/><V9/><F118/><W7/><G69/><T17/><D130/><U24/><E123/><V126/><F111/><W51/><G115/><T133/><D108/><U110/><E127/><V120/><F126/><W124/><G124/><T100/><D68/><U88/><E110/><V40/><F120/><W0/><G0/><T71/><D71/><U8/><E103/><V31/><F9/><W33/><G33/><T15/><D78/><U125/><E125/><V87/><F40/><W60/><G60/><T72/><D72/><U5/><E50/><V91/><REACH who="2" step="1"/><F74/><REACH who="2" ten="250,250,240,250" step="2"/><W36/><G99/><N who="0" m="59503" /><D19/><U37/><E8/><AGARI ba="0,1" hai="8,15,17,43,45,49,104,106,132,133,135" m="59503" machi="8" ten="30,2900,0" yaku="20,1,52,1" doraHai="41" who="0" fromWho="1" sc="250,39,250,-29,240,0,250,0" /><INIT seed="0,1,0,2,4,118" ten="289,221,240,250" oya="0" hai0="15,126,19,83,35,9,6,105,77,89,122,22,55" hai1="32,70,120,30,85,0,1,129,42,113,91,24,133" hai2="63,58,52,11,103,109,130,75,43,51,84,59,21" hai3="115,114,10,34,37,26,3,38,41,81,67,92,53"/><T23/><D126/><U116/><E116/><V134/><F75/><W29/><G67/><T86/><D35/><U100/><E70/><V50/><F109/><W121/><G38/><T60/><D105/><U104/><E129/><V39/><F130/><W31/><G31/><T14/><D122/><U90/><E133/><V44/><F134/><W62/><G53/><T56/><REACH who="0" step="1"/><D77/><REACH who="0" ten="279,221,240,250" step="2"/><U7/><E120/><V117/><F117/><W47/><G121/><T13/><D13/><U4/><E104/><V95/><F11/><AGARI ba="1,1" hai="6,9,11,14,15,19,22,23,55,56,60,83,86,89" machi="11" ten="30,11600,0" yaku="1,1,7,1,8,1,53,1" doraHai="118" doraHaiUra="76" who="0" fromWho="2" sc="279,129,221,0,240,-119,250,0" /><INIT seed="0,2,0,1,5,18" ten="408,221,121,250" oya="0" hai0="110,10,106,56,40,130,87,27,122,69,50,88,30" hai1="116,8,0,5,61,104,57,13,29,120,12,86,134" hai2="123,98,14,48,49,84,97,36,44,102,105,94,65" hai3="119,55,115,41,60,34,131,112,89,101,74,108,100"/><T3/><D69/><U79/><E116/><V9/><F123/><W124/><G34/><T128/><D106/><U83/><E120/><V7/><F65/><W73/><G60/><T15/><D3/><U67/><E104/><V4/><F4/><W70/><G55/><T37/><D37/><U1/><E134/><V114/><F114/><W32/><G32/><T91/><D122/><U47/><E29/><V72/><F72/><W45/><G45/><T51/><D110/><U63/><E12/><V53/><F84/><W93/><G41/><T42/><D42/><U33/><E33/><V109/><F109/><W21/><G108/><T81/><D91/><U11/><E8/><V38/><REACH who="2" step="1"/><F49/><REACH who="2" ten="408,221,111,250" step="2"/><W46/><G74/><T132/><D50/><U76/><E63/><V54/><F54/><W26/><G73/><T6/><D132/><U35/><E0/><V126/><F126/><W68/><G124/><T118/><D118/><U111/><E1/><V103/><AGARI ba="2,1" hai="7,9,14,36,38,44,48,53,94,97,98,102,103,105" machi="103" ten="20,2700,0" yaku="1,1,0,1,7,1,53,0" doraHai="18" doraHaiUra="25" who="2" fromWho="2" sc="408,-15,221,-9,111,43,250,-9" /><INIT seed="1,0,0,5,1,63" ten="393,212,154,241" oya="1" hai0="4,49,46,32,39,96,8,123,74,89,113,114,60" hai1="135,98,6,44,21,127,35,97,19,119,133,95,110" hai2="68,111,23,26,88,87,3,134,28,55,5,72,132" hai3="104,54,93,34,73,37,16,84,51,29,66,131,116"/><U11/><E119/><V45/><F72/><W78/><G104/><T106/><D123/><U15/><E35/><V12/><F3/><W48/><G37/><T125/><D125/><U30/><E127/><V103/><F103/><W77/><G29/><T130/><D130/><U94/><E30/><V64/><F111/><W27/><G73/><T65/><D74/><U79/><E79/><V13/><F55/><W17/><G27/><T85/><D39/><U58/><E110/><V129/><F45/><W100/><G84/><T109/><D32/><U80/><E80/><V36/><F36/><W101/><G54/><T14/><D96/><U41/><E58/><V50/><F50/><W76/><G77/><T124/><D106/><U81/><E81/><V38/><F38/><W83/><G83/><T10/><D10/><U61/><E61/><N who="2" m="39951" /><F5/><W122/><G34/><T31/><D31/><U43/><E95/><N who="2" m="54687" /><F129/><W69/><G93/><T0/><D0/><U75/><E75/><V62/><F62/><W1/><G1/><T40/><D124/><U102/><E98/><V70/><F70/><W2/><G2/><T22/><D22/><U57/><E57/><V24/><F26/><W53/><G69/><N who="0" m="42151" /><D109/><U47/><E47/><V105/><F105/><W99/><G99/><T18/><D4/><U108/><E108/><V25/><F25/><W52/><G131/><T107/><D107/><U128/><E128/><V118/><F118/><W20/><G116/><T115/><D114/><U9/><E9/><V33/><F33/><W120/><G20/><T82/><D115/><U91/><E21/><RYUUKYOKU ba="0,0" sc="393,10,212,-30,154,10,241,10" hai0="8,14,18,40,46,49,82,85,89,113" hai2="12,13,23,24,28,132,134" hai3="16,17,48,51,52,53,66,76,78,100,101,120,122" /><INIT seed="2,1,0,4,5,52" ten="403,182,164,251" oya="2" hai0="70,57,5,41,18,47,1,33,9,99,118,86,58" hai1="4,24,83,66,27,36,100,96,120,25,79,124,131" hai2="106,129,102,53,88,77,44,112,135,42,20,45,119" hai3="21,40,91,110,85,111,101,98,87,10,69,123,54"/><V43/><F112/><W80/><G69/><T84/><D70/><U114/><E114/><V8/><F119/><W29/><G123/><T121/><D121/><U38/><E120/><V34/><F34/><W113/><G40/><N who="2" m="15401" /><F77/><W122/><G113/><T31/><D118/><U82/><E131/><V0/><F0/><W97/><G98/><T71/><D71/><U13/><E124/><V28/><F106/><W93/><G122/><T89/><D99/><U130/><E130/><V67/><F102/><W7/><G54/><T126/><D86/><U46/><E66/><V12/><F67/><W50/><G50/><T11/><D126/><U14/><E82/><V51/><F129/><W90/><G21/><T3/><D31/><U65/><E65/><V55/><F135/><W2/><REACH who="3" step="1"/><G29/><REACH who="3" ten="403,182,164,241" step="2"/><T22/><D33/><U19/><E36/><V60/><F28/><W78/><G78/><T23/><D23/><U104/><E38/><V56/><F20/><W32/><G32/><T26/><D9/><U132/><E79/><V59/><F88/><W16/><G16/><AGARI ba="1,1" hai="8,12,16,44,45,51,53,55,56,59,60" m="15401" machi="16" ten="30,11600,0" yaku="8,1,52,2,54,1" doraHai="52" who="2" fromWho="3" sc="403,0,182,0,164,129,241,-119" /><INIT seed="2,2,0,1,1,101" ten="403,182,293,122" oya="2" hai0="99,104,127,130,48,74,36,70,122,4,80,33,32" hai1="126,81,95,87,51,7,46,105,8,73,124,89,10" hai2="58,72,30,57,90,40,52,71,111,86,28,113,9" hai3="42,17,31,121,125,37,100,16,64,24,131,27,23"/><V85/><F72/><W15/><G121/><T69/><D48/><U120/><E120/><V38/><F71/><W56/><G131/><T54/><D54/><U76/><E105/><V39/><F113/><W11/><G125/><T106/><D99/><U62/><E62/><V65/><F9/><W34/><G100/><T119/><D122/><U41/><REACH who="1" step="1"/><E10/><REACH who="1" ten="403,172,293,122" step="2"/><V59/><F65/><W83/><G64/><T82/><D127/><U107/><E107/><V63/><F63/><W67/><G67/><T60/><D60/><U22/><E22/><V118/><F118/><W98/><G98/><T6/><D119/><U21/><E21/><V55/><F111/><W78/><G56/><T5/><D130/><U112/><E112/><V102/><F59/><W3/><G3/><AGARI ba="2,1" hai="3,7,8,41,46,51,73,76,81,87,89,95,124,126" machi="3" ten="40,1300,0" yaku="1,1,53,0" doraHai="101" doraHaiUra="93" who="1" fromWho="3" sc="403,0,172,29,293,0,122,-19" /><INIT seed="3,0,0,1,4,120" ten="403,201,293,103" oya="3" hai0="15,23,4,113,93,16,124,8,127,79,116,69,121" hai1="83,50,130,89,14,36,87,35,128,96,18,57,26" hai2="1,20,17,131,81,24,108,107,117,45,92,115,112" hai3="32,40,19,39,104,61,11,85,72,54,101,99,105"/><W3/><G32/><T58/><D69/><U64/><E36/><V62/><F107/><W12/><G72/><T123/><D79/><U22/><E96/><V34/><F117/><W126/><G126/><N who="0" m="48171" /><D116/><U6/><E64/><V134/><F1/><W133/><G133/><T30/><D58/><U86/><E86/><V0/><F134/><W82/><G3/><N who="0" m="31" /><D93/><U102/><E102/><V88/><F0/><W44/><G61/><T67/><D67/><U95/><E83/><V129/><F34/><W70/><G70/><T28/><D113/><U27/><E6/><V84/><F62/><W71/><G71/><T25/><D30/><U65/><E65/><V41/><F92/><W38/><G54/><T132/><D132/><U125/><E125/><V103/><F103/><W97/><G99/><T29/><D28/><U5/><E5/><V68/><F68/><W47/><G104/><T109/><D109/><U94/><E94/><V49/><REACH who="2" step="1"/><F108/><REACH who="2" ten="403,201,283,103" step="2"/><W74/><G105/><T42/><D42/><U80/><E95/><V10/><F10/><AGARI ba="0,1" hai="10,15,16,23,25,29,121,123" m="31,48171" machi="10" ten="30,7700,0" yaku="18,1,34,2,54,1" doraHai="120" who="0" fromWho="2" sc="403,87,201,0,283,-77,103,0" /><INIT seed="4,0,0,5,4,97" ten="490,201,206,103" oya="0" hai0="43,92,129,124,68,57,13,73,20,128,8,125,1" hai1="104,118,70,74,121,114,115,119,76,99,7,72,2" hai2="61,41,112,28,90,52,10,96,126,63,123,21,94" hai3="133,81,38,58,113,110,56,32,40,122,59,80,11"/><T64/><D68/><U103/><E70/><V23/><F123/><W5/><G110/><T93/><D73/><N who="1" m="28267" /><E76/><V83/><F126/><N who="0" m="48746" /><D43/><U67/><E67/><V84/><F41/><W127/><G127/><T79/><D79/><U35/><E35/><V3/><F112/><N who="1" m="43049" /><E121/><V18/><F28/><W69/><G133/><T62/><D20/><U0/><E7/><V85/><F85/><W132/><G69/><T109/><D1/><AGARI ba="0,0" hai="0,1,2,99,103,104,118,119" m="43049,28267" machi="1" ten="40,8000,1" yaku="15,1,11,1,23,1,52,1" doraHai="97" who="1" fromWho="0" sc="490,-80,201,80,206,0,103,0" /><INIT seed="5,0,0,3,0,84" ten="410,281,206,103" oya="1" hai0="44,101,126,115,49,104,56,131,88,113,36,85,112" hai1="53,47,129,133,11,90,67,33,135,27,59,124,97" hai2="62,8,64,100,81,17,96,63,0,18,31,48,35" hai3="80,21,51,127,41,50,7,91,73,99,77,122,15"/><U65/><E129/><V9/><F35/><W2/><G122/><T92/><D126/><U75/><E75/><V76/><F31/><W10/><G127/><T94/><D131/><U83/><E124/><V69/><F48/><W5/><G5/><T105/><D56/><U46/><E11/><V89/><F63/><W71/><G71/><T52/><D36/><U20/><E33/><V39/><F39/><W120/><G120/><T117/><D117/><U119/><E119/><V43/><F43/><W86/><G99/><AGARI ba="0,0" hai="44,49,52,85,88,92,94,99,101,104,105,112,113,115" machi="99" ten="40,8000,1" yaku="15,1,52,1,54,2" doraHai="84" who="0" fromWho="3" sc="410,80,281,0,206,0,103,-80" /><INIT seed="6,0,0,5,2,25" ten="490,281,206,23" oya="2" hai0="130,77,107,31,101,11,42,87,73,59,36,116,12" hai1="55,129,60,44,53,68,22,51,128,13,1,50,37" hai2="67,54,114,98,40,47,92,66,63,89,62,83,93" hai3="94,85,122,65,15,111,106,10,3,124,49,26,91"/><V71/><F114/><W2/><G111/><T132/><D73/><U52/><E1/><V46/><F54/><W32/><G106/><T131/><D132/><U58/><E13/><V74/><F40/><W79/><G124/><T81/><D116/><U30/><E22/><V82/><F93/><W43/><G122/><T127/><D127/><U57/><E30/><V34/><F34/><W24/><G26/><T21/><D59/><N who="1" m="22539" /><E129/><V72/><F82/><W7/><G65/><T90/><D21/><U39/><E128/><V126/><F126/><W120/><G120/><T123/><D31/><U103/><E103/><V80/><F83/><W48/><G79/><T8/><D8/><U75/><E75/><V125/><F125/><W69/><G69/><T17/><D123/><U70/><E50/><V45/><F80/><W105/><G105/><T56/><D101/><U33/><E33/><V118/><REACH who="2" step="1"/><F118/><REACH who="2" ten="490,281,196,23" step="2"/><W97/><G97/><T5/><D107/><U41/><E60/><V38/><F38/><AGARI ba="0,1" hai="37,38,39,41,44,51,52,53,55,68,70" m="22539" machi="38" ten="30,12000,2" yaku="35,5,54,1" doraHai="25" who="1" fromWho="2" sc="490,0,281,130,196,-120,23,0" /><INIT seed="7,0,0,0,4,63" ten="490,411,76,23" oya="3" hai0="49,4,54,102,83,115,81,6,25,133,104,48,40" hai1="100,35,110,44,78,30,18,113,24,43,12,20,42" hai2="124,111,108,121,72,97,91,59,27,85,0,109,134" hai3="2,13,34,62,64,120,126,57,135,107,31,95,50"/><W127/><G2/><T5/><D104/><U11/><E113/><V26/><F0/><W132/><G107/><T65/><D133/><N who="3" m="51273" /><G120/><T122/><D122/><U71/><E110/><V70/><F134/><W23/><G34/><T96/><D65/><U28/><E71/><V32/><F32/><W74/><G74/><T55/><D40/><U84/><E100/><V106/><F72/><W112/><G112/><T17/><D96/><U33/><E43/><V45/><F121/><W19/><G31/><T73/><D73/><U129/><E129/><V117/><F106/><W123/><G123/><T79/><D79/><U3/><E35/><V76/><F117/><W61/><G50/><N who="0" m="19563" /><D102/><U58/><E30/><V80/><F108/><W56/><G95/><T36/><D36/><U8/><E42/><V39/><F39/><W131/><G131/><T103/><D103/><U53/><E44/><V38/><F38/><W128/><G128/><T7/><D7/><U93/><E93/><V41/><F109/><W82/><G82/><N who="0" m="31243" /><D115/><U90/><E3/><V60/><F111/><W77/><G77/><T116/><D116/><U52/><E78/><V101/><F76/><W86/><G86/><T9/><D9/><U87/><E87/><V14/><F85/><W1/><G1/><T16/><D25/><U29/><E11/><V119/><F80/><W37/><G37/><T89/><D89/><U92/><E8/><V94/><F119/><W67/><AGARI ba="0,0" hai="13,19,23,56,57,61,62,64,67,126,127" m="51273" machi="67" ten="30,6000,0" yaku="20,1,52,2" doraHai="63" who="3" fromWho="3" sc="490,-20,411,-20,76,-20,23,60" /><INIT seed="7,1,0,3,1,90" ten="470,391,56,83" oya="3" hai0="88,59,120,48,4,93,50,54,127,2,112,125,35" hai1="66,78,91,79,111,39,20,15,133,96,14,7,95" hai2="67,108,62,65,73,43,29,126,6,37,21,31,52" hai3="34,11,49,10,87,45,40,74,58,115,51,75,32"/><W117/><G117/><T0/><D120/><U18/><E111/><V114/><F108/><W77/><G115/><T129/><D35/><U8/><E39/><V131/><F73/><W27/><G75/><T81/><D129/><U9/><E133/><V135/><F114/><W42/><G74/><T38/><D38/><U53/><E66/><V122/><F131/><W68/><G68/><T24/><D81/><U19/><REACH who="1" step="1"/><E53/><REACH who="1" ten="470,381,56,83" step="2"/><V97/><F135/><W46/><G42/><T86/><D112/><U41/><E41/><V82/><F122/><W134/><G40/><T26/><D127/><U104/><E104/><V98/><F126/><W28/><G134/><T132/><D125/><U17/><E17/><V124/><F124/><W36/><G36/><T30/><D132/><U13/><AGARI ba="1,1" hai="7,8,9,13,14,15,18,19,20,78,79,91,95,96" machi="13" ten="20,12000,2" yaku="1,1,0,1,7,1,8,1,52,1,53,1" doraHai="90" doraHaiUra="89" who="1" fromWho="1" sc="470,-31,381,133,56,-31,83,-61" owari="439,23.9,514,61.4,25,-37.5,22,-47.8" /></mjloggm>