<mjloggm ver="2.3"><GO type="169" lobby="0"/><UN n0="%E3%81%84%E3%81%B6%E3%81%A6%E3%81%84%32%30" n1="%E3%81%93%E3%82%8C%E3%81%8C%E3%81%B5%E3%81%95%E3%81%B5%E3%81%95" n2="%E7%AE%B1%E4%B8%8B%E3%81%AE%E3%82%B1%E3%83%B3%E5%9D%8A" n3="%E3%83%90%E3%83%AA%E3%83%88%E3%83%B3" dan="16,16,16,17" rate="2044.00,2125.02,2143.07,2239.35" sx="M,M,M,M"/><TAIKYOKU oya="0"/><INIT seed="0,0,0,3,5,23" ten="250,250,250,250" oya="0" hai0="42,116,85,106,111,110,124,48,22,128,127,134,0" hai1="70,117,73,55,31,108,58,56,12,7,120,44,3" hai2="86,66,18,105,5,40,20,46,115,28,36,72,54" hai3="4,37,92,50,97,102,123,33,84,99,61,118,65"/><T90/><D116/><U8/><E117/><V38/><F72/><W126/><G118/><T74/><D0/><U52/><E120/><V113/><F38/><W81/><G37/><T130/><D74/><U87/><E73/><V2/><F105/><W53/><G126/><N who="0" m="48171" /><D42/><U82/><E70/><V104/><F104/><W16/><G4/><T68/><D48/><U112/><E112/><V43/><F66/><W29/><G99/><T131/><D68/><U1/><E108/><N who="0" m="41513" /><D134/><U19/><E44/><V59/><F40/><W129/><G123/><T32/><D32/><U15/><E31/><V25/><F86/><W9/><G29/><T107/><D22/><U30/><E1/><V34/><F2/><W47/><G33/><T71/><D71/><U78/><E30/><V27/><REACH who="2" step="1"/><F5/><REACH who="2" ten="250,250,240,250" step="2"/><W41/><G41/><T64/><D64/><U100/><E3/><V17/><F17/><W26/><G65/><T57/><D57/><N who="1" m="22123" /><E100/><V39/><F39/><W24/><G102/><T69/><D69/><U13/><E7/><V119/><F119/><W83/><G16/><T132/><D132/><U94/><E19/><V45/><F45/><W80/><G47/><T93/><AGARI ba="0,1" hai="85,90,93,106,107,128,130,131" m="41513,48171" machi="93" ten="40,18000,2" yaku="19,1,18,1,14,1,10,1,34,2" doraHai="23" who="0" fromWho="0" sc="250,190,250,-60,240,-60,250,-60" /><INIT seed="0,1,0,3,3,106" ten="440,190,180,190" oya="0" hai0="60,70,18,7,88,37,98,25,13,51,126,83,108" hai1="124,72,89,45,69,50,82,21,8,115,19,62,42" hai2="112,41,54,100,1,99,34,81,128,114,93,92,26" hai3="46,44,15,55,118,68,105,31,75,133,30,74,14"/><T47/><D37/><U79/><E124/><V116/><F1/><W117/><G105/><T35/><D126/><U16/><E115/><V38/><F128/><W12/><G68/><T33/><D7/><U102/><E102/><V20/><F34/><W10/><G55/><T95/><D108/><U76/><E76/><V101/><F116/><W22/><G22/><T58/><D25/><U5/><E89/><V52/><F81/><W107/><G107/><T48/><D70/><U127/><E127/><V29/><F41/><W53/><G53/><T109/><D109/><U121/><E121/><V23/><F38/><W9/><G15/><T90/><D58/><U122/><E122/><V123/><F123/><W85/><G85/><T67/><D60/><U39/><E39/><V32/><F32/><W78/><G78/><T94/><D67/><U28/><E28/><V27/><REACH who="2" step="1"/><F29/><REACH who="2" ten="440,190,170,190" step="2"/><W91/><G91/><T87/><D83/><U59/><E69/><V135/><F135/><AGARI ba="1,1" hai="9,10,12,14,30,31,44,46,74,75,117,118,133,135" machi="135" ten="25,6400,0" yaku="22,2,52,2" doraHai="106" who="3" fromWho="2" sc="440,0,190,0,170,-67,190,77" /><INIT seed="1,0,0,2,4,41" ten="440,190,103,267" oya="1" hai0="14,125,108,126,63,37,24,104,91,99,55,74,102" hai1="21,73,112,13,132,35,130,9,128,100,106,81,82" hai2="17,0,46,92,87,18,84,25,30,33,52,45,97" hai3="11,16,110,2,105,135,57,90,118,48,22,114,3"/><U78/><E112/><V119/><F119/><W51/><G114/><T39/><D74/><U59/><E132/><V27/><F0/><W109/><G105/><T29/><D108/><U124/><E124/><N who="0" m="47721" /><D91/><U28/><E35/><V12/><F27/><W121/><G121/><T107/><D107/><U64/><E81/><V49/><F18/><W6/><G3/><T7/><D55/><U50/><E100/><V123/><F123/><W42/><G135/><T103/><D63/><U31/><E21/><V58/><F87/><W117/><G90/><T20/><D103/><U127/><E106/><V32/><F33/><W62/><G110/><T131/><D131/><N who="1" m="50219" /><E127/><V122/><F84/><W68/><G68/><T61/><D61/><N who="1" m="37951" /><E50/><V129/><F129/><W113/><G109/><T89/><D89/><U66/><E66/><V133/><F122/><W79/><G79/><T96/><D96/><U56/><E56/><V94/><F133/><W69/><G69/><T34/><D34/><U134/><E134/><V19/><F19/><AGARI ba="0,0" hai="9,13,19,28,31,73,78,82" m="37951,50219" machi="19" ten="30,1500,0" yaku="19,1" doraHai="41" who="1" fromWho="2" sc="440,0,190,15,103,-15,267,0" /><INIT seed="1,1,0,3,4,49" ten="440,205,88,267" oya="1" hai0="65,66,1,100,52,71,135,133,92,87,62,64,34" hai1="12,78,19,69,90,61,50,18,91,80,72,77,46" hai2="110,103,122,119,125,2,43,57,40,17,53,81,101" hai3="111,21,10,124,116,102,117,39,118,85,115,98,26"/><U121/><E121/><V123/><F119/><W97/><G115/><T47/><D1/><U0/><E0/><V24/><F2/><W33/><G111/><T67/><D34/><U89/><E78/><V107/><F110/><W31/><G124/><T5/><D5/><U112/><E112/><V38/><F125/><W128/><G128/><T63/><D100/><U13/><E13/><V55/><F81/><W131/><G39/><T73/><D73/><U82/><E82/><V86/><F38/><W7/><G85/><T4/><D4/><U68/><E61/><V94/><F86/><W41/><G41/><T126/><D126/><U106/><E106/><V42/><F107/><W75/><G75/><T36/><D92/><U93/><E93/><V22/><F94/><W15/><G131/><T27/><D27/><U114/><E114/><V79/><F79/><W105/><REACH who="3" step="1"/><G98/><REACH who="3" ten="440,205,88,257" step="2"/><T120/><D87/><U60/><E72/><V44/><F122/><W8/><G8/><T9/><D9/><U20/><E80/><V35/><F123/><W88/><G88/><T6/><D120/><U132/><E91/><V45/><F35/><AGARI ba="1,1" hai="7,10,15,21,26,31,33,35,97,102,105,116,117,118" machi="35" ten="40,5200,0" yaku="1,1,12,1,53,1" doraHai="49" doraHaiUra="95" who="3" fromWho="2" sc="440,0,205,0,88,-55,257,65" /><INIT seed="2,0,0,0,1,96" ten="440,205,33,322" oya="2" hai0="77,11,117,38,54,115,103,5,39,112,74,35,110" hai1="93,119,29,59,92,80,22,133,4,76,132,113,15" hai2="123,56,61,14,25,58,63,75,20,89,64,102,98" hai3="52,47,114,9,28,31,116,8,88,106,82,26,78"/><V127/><F123/><W44/><G116/><T105/><D110/><U125/><E119/><V118/><F118/><W41/><G114/><T42/><D54/><U46/><E113/><V129/><F127/><W62/><G106/><T45/><D38/><U57/><E125/><V65/><F129/><W21/><G31/><T101/><D35/><U97/><E46/><V99/><F75/><W13/><G78/><T1/><D117/><U86/><E4/><V6/><F89/><W120/><G120/><T3/><D3/><U81/><E81/><V100/><F14/><W135/><G135/><N who="1" m="51786" /><E92/><V2/><F2/><W108/><G108/><T95/><D95/><U121/><E121/><V109/><F109/><W72/><G72/><T91/><D91/><N who="1" m="55487" /><E15/><V48/><F6/><W126/><G126/><T69/><D69/><U33/><E22/><V55/><F99/><W16/><G9/><T134/><D134/><U94/><E94/><V60/><F98/><W18/><G18/><T12/><D12/><U79/><E79/><V130/><F130/><W24/><G24/><AGARI ba="0,0" hai="24,29,33,57,59,76,80,86" m="55487,51786" machi="24" ten="30,1000,0" yaku="20,1" doraHai="96" who="1" fromWho="3" sc="440,0,205,10,33,0,322,-10" /><INIT seed="3,0,0,2,3,70" ten="440,215,33,312" oya="3" hai0="98,123,94,50,112,122,106,8,101,118,28,80,17" hai1="19,99,23,27,34,26,121,83,107,84,76,135,14" hai2="72,88,4,38,15,3,67,57,133,96,20,39,108" hai3="49,113,7,48,74,64,110,95,129,115,53,11,41"/><W90/><G74/><T29/><D118/><U119/><E135/><V116/><F116/><W91/><G129/><T63/><D112/><U79/><E121/><V9/><F133/><W16/><G64/><T33/><D106/><U82/><E119/><V102/><F72/><W59/><G110/><T69/><D50/><U85/><REACH who="1" step="1"/><E34/><REACH who="1" ten="440,205,33,312" step="2"/><V2/><F108/><W77/><G115/><T5/><D33/><U43/><E43/><V97/><F102/><AGARI ba="0,1" hai="14,19,23,26,27,76,79,82,83,84,85,99,102,107" machi="102" ten="40,8000,1" yaku="1,1,9,1,53,2" doraHai="70" doraHaiUra="22" who="1" fromWho="2" sc="440,0,205,90,33,-80,312,0" owari="440,54.0,295,-10.5,-47,-54.7,312,11.2" /></mjloggm>