<mjloggm ver="2.3"><GO type="169" lobby="0"/><UN n0="%53%69%6C%65%6E%54" n1="%E3%83%93%E3%83%81%E3%83%A3%E5%B1%B1%E3%83%93%E3%83%81%E3%83%A3%E7%94%B7" n2="%4F%77%4B" n3="%70%65%6E%74%6F%6C%61" dan="16,16,17,18" rate="2141.73,2118.94,2180.35,2227.64" sx="F,M,M,M"/><TAIKYOKU oya="0"/><INIT seed="0,0,0,4,2,48" ten="250,250,250,250" oya="0" hai0="46,11,130,124,12,134,123,72,27,97,5,90,126" hai1="95,60,113,17,70,114,99,88,84,121,31,128,25" hai2="26,24,65,119,16,115,39,103,91,94,49,67,0" hai3="80,127,52,56,30,55,79,29,64,38,44,110,21"/><T20/><D123/><U74/><E74/><V118/><F39/><W4/><G4/><T101/><D72/><U87/><E121/><V68/><F0/><W13/><G127/><N who="0" m="48683" /><D130/><U3/><E3/><V22/><F115/><N who="1" m="44041" /><E17/><V131/><F131/><W129/><G129/><T61/><D134/><U117/><E117/><N who="2" m="44555" /><F103/><W102/><G102/><T32/><D32/><N who="1" m="20591" /><E128/><V51/><F26/><W135/><G135/><T98/><D46/><U96/><E87/><N who="2" m="52607" /><F68/><W73/><G110/><T92/><D61/><U76/><E76/><V105/><F105/><W59/><G30/><N who="0" m="17767" /><D101/><U71/><E60/><V78/><F78/><W42/><G29/><T6/><D5/><U15/><E15/><V37/><F37/><W125/><G125/><T23/><D23/><U69/><AGARI ba="0,0" hai="69,70,71,84,88,95,96,99" m="20591,44041" machi="69" ten="40,2700,0" yaku="11,1,54,1" doraHai="48" who="1" fromWho="1" sc="250,-13,250,27,250,-7,250,-7" /><INIT seed="1,0,0,0,0,112" ten="237,277,243,243" oya="1" hai0="8,31,101,63,20,14,1,104,82,119,2,85,56" hai1="30,117,45,134,15,125,35,59,79,80,43,32,67" hai2="74,128,12,49,106,23,18,89,88,52,11,76,28" hai3="4,13,22,77,27,48,132,109,57,98,7,108,123"/><U61/><E125/><V78/><F128/><W38/><G38/><T122/><D122/><U69/><E134/><V34/><F34/><W94/><G77/><N who="2" m="29801" /><F106/><W40/><G123/><T102/><D104/><U54/><E15/><N who="2" m="9695" /><F28/><W120/><G120/><T29/><D1/><U124/><E124/><V10/><F74/><W53/><G40/><T71/><D71/><U114/><E114/><V70/><F70/><W95/><G95/><T66/><D2/><U130/><E130/><V33/><F33/><W37/><G37/><T126/><D126/><U93/><E93/><V121/><F11/><W131/><G132/><T110/><D110/><N who="3" m="42601" /><G13/><T129/><D129/><U36/><E30/><V87/><F87/><W118/><G131/><T127/><D127/><U62/><REACH who="1" step="1"/><E117/><REACH who="1" ten="237,267,243,243" step="2"/><V26/><F121/><W99/><G118/><T55/><D119/><U46/><E46/><N who="2" m="27703" /><F26/><W116/><G116/><T17/><D31/><U64/><E64/><V105/><F105/><W86/><G94/><T115/><D115/><U60/><E60/><V47/><F47/><W9/><G9/><T100/><D8/><U92/><E92/><V5/><AGARI ba="0,1" hai="5,10,12,88,89" m="27703,9695,29801" machi="5" ten="30,4000,0" yaku="8,1,54,2" doraHai="112" who="2" fromWho="2" sc="237,-10,267,-20,243,50,243,-10" /><INIT seed="2,0,0,2,4,85" ten="227,247,293,233" oya="2" hai0="95,39,80,77,114,103,2,29,9,18,58,130,88" hai1="45,27,102,81,98,91,132,126,0,83,72,122,26" hai2="116,34,62,76,73,117,47,55,37,14,79,96,48" hai3="50,124,49,33,105,67,11,32,118,108,19,131,15"/><V24/><F37/><W12/><G105/><T53/><D39/><U16/><E0/><V127/><F127/><W35/><G67/><T112/><D29/><U5/><E126/><V75/><F79/><W109/><G124/><T7/><D130/><U101/><E132/><V51/><F62/><W8/><G118/><T111/><D111/><N who="3" m="42569" /><G50/><T97/><D18/><U129/><E129/><V84/><F96/><W123/><G49/><T120/><D120/><U40/><E5/><V94/><F14/><N who="3" m="5163" /><G131/><T100/><D114/><U61/><E27/><V68/><F68/><W119/><G119/><T6/><D6/><U107/><E72/><V125/><F125/><W133/><G123/><T22/><D112/><U115/><E115/><V44/><F117/><W46/><G46/><T17/><D80/><N who="1" m="30795" /><E107/><V89/><F116/><W64/><G64/><T25/><REACH who="0" step="1"/><D77/><REACH who="0" ten="217,247,293,233" step="2"/><U128/><E128/><V82/><F75/><W20/><G133/><T43/><D43/><U30/><E30/><V99/><F73/><W93/><G93/><T121/><D121/><U90/><E122/><V38/><F38/><W21/><G19/><T23/><D23/><AGARI ba="0,1" hai="8,11,20,21,23,32,33,35" m="5163,42569" machi="23" ten="40,8000,1" yaku="28,2,14,1,34,2" doraHai="85" who="3" fromWho="0" sc="217,-80,247,0,293,0,233,90" /><INIT seed="3,0,0,0,0,11" ten="137,247,293,323" oya="3" hai0="78,1,8,98,76,72,125,4,84,113,81,13,46" hai1="16,112,62,50,120,63,34,22,39,3,74,116,100" hai2="127,48,15,99,2,77,115,19,5,134,110,94,65" hai3="58,89,118,64,41,25,29,105,88,119,124,38,90"/><W61/><G105/><T82/><D125/><U59/><E120/><V33/><F115/><W0/><G0/><T54/><D113/><U106/><E39/><V66/><F127/><W44/><REACH who="3" step="1"/><G124/><REACH who="3" ten="137,247,293,313" step="2"/><T18/><D98/><U71/><E3/><V107/><F2/><W87/><G87/><T69/><D69/><U20/><E71/><V68/><F68/><W49/><G49/><T9/><D54/><U95/><E106/><V36/><F48/><W123/><G123/><T130/><REACH who="0" step="1"/><D46/><REACH who="0" ten="127,247,293,313" step="2"/><U109/><E112/><V103/><F99/><W75/><G75/><T97/><D97/><U92/><E74/><V24/><F107/><W27/><G27/><T14/><D14/><U32/><E116/><V114/><F15/><W70/><G70/><T42/><D42/><U30/><E59/><V45/><F24/><W79/><G79/><T101/><D101/><U7/><E100/><V121/><F103/><W129/><G129/><AGARI ba="0,2" hai="1,4,8,9,13,18,72,76,78,81,82,84,129,130" machi="129" ten="40,5200,0" yaku="1,1,52,1,53,1" doraHai="11" doraHaiUra="80" who="0" fromWho="3" sc="127,72,247,0,293,0,313,-52" /><INIT seed="4,0,0,1,4,105" ten="199,247,293,261" oya="0" hai0="8,47,94,111,60,39,92,48,27,49,24,68,135" hai1="72,18,78,34,89,0,51,22,57,46,86,55,93" hai2="76,33,77,40,126,6,114,103,82,106,124,98,10" hai3="123,64,110,81,19,42,54,21,125,35,85,102,127"/><T44/><D135/><U129/><E129/><V9/><F77/><W11/><G35/><T65/><D8/><U75/><E0/><N who="2" m="199" /><F10/><W58/><G110/><T130/><D130/><U100/><E34/><V116/><F114/><W132/><G42/><T96/><D111/><U99/><E46/><V115/><F115/><W15/><G64/><T13/><D13/><U4/><E78/><V14/><F14/><W69/><G69/><T36/><D96/><U71/><E71/><V119/><F40/><W23/><G102/><T74/><D68/><U20/><E4/><V70/><F33/><W118/><G118/><N who="2" m="45097" /><F70/><W16/><G123/><T67/><REACH who="0" step="1"/><D60/><REACH who="0" ten="189,247,293,261" step="2"/><U134/><E134/><V53/><F124/><W41/><G132/><T87/><D87/><U83/><E22/><V84/><F126/><W79/><G127/><T73/><AGARI ba="0,1" hai="24,27,36,39,44,47,48,49,65,67,73,74,92,94" machi="73" ten="25,18000,2" yaku="1,1,0,1,22,2,52,2,53,0" doraHai="105" doraHaiUra="12" who="0" fromWho="0" sc="189,190,247,-60,293,-60,261,-60" /><INIT seed="4,1,0,4,3,65" ten="379,187,233,201" oya="0" hai0="7,49,95,62,126,120,93,15,28,77,123,64,60" hai1="89,122,99,32,98,4,124,119,86,114,18,121,129" hai2="45,13,100,112,110,41,82,29,80,1,5,103,47" hai3="90,8,22,91,42,51,78,74,67,48,125,44,87"/><T81/><D126/><U69/><E119/><V35/><F110/><W63/><G125/><T102/><D28/><U59/><E69/><V16/><F1/><W72/><G51/><T135/><D135/><U31/><E124/><V88/><F5/><W20/><G74/><T134/><D49/><U94/><E4/><V39/><F112/><W23/><G72/><T53/><D53/><U96/><E31/><V127/><F127/><W79/><G8/><T75/><D62/><U33/><E129/><V43/><F35/><W106/><G106/><T104/><D104/><U117/><E117/><V37/><F29/><W115/><G115/><T0/><D0/><U71/><E18/><V2/><F2/><W70/><REACH who="3" step="1"/><G91/><REACH who="3" ten="379,187,233,191" step="2"/><T61/><D75/><U118/><E118/><V66/><F88/><W109/><G109/><T21/><D123/><U130/><E114/><V55/><F39/><W30/><G30/><T17/><D120/><U54/><E130/><V25/><F37/><W84/><G84/><T58/><D134/><U128/><E128/><V85/><F85/><W52/><G52/><T24/><D61/><N who="1" m="36087" /><E122/><V68/><F55/><W10/><G10/><T131/><D131/><U46/><E121/><V92/><F43/><W26/><G26/><T40/><D40/><U6/><E6/><V34/><F25/><W133/><G133/><T36/><D36/><U57/><E33/><V105/><F34/><W116/><G116/><T76/><D7/><U111/><E32/><V27/><F27/><W38/><G38/><T11/><D24/><U108/><E111/><V101/><F41/><RYUUKYOKU ba="1,1" sc="379,-10,187,-10,233,-10,191,30" hai3="20,22,23,42,44,48,63,67,70,78,79,87,90" /><INIT seed="5,2,1,1,0,16" ten="369,177,223,221" oya="1" hai0="26,49,20,125,2,135,62,100,47,35,45,133,7" hai1="39,91,50,68,94,19,84,108,117,90,5,71,124" hai2="115,4,9,55,41,44,64,63,22,53,128,103,1" hai3="31,40,76,89,13,66,134,25,60,127,123,36,126"/><U74/><E117/><V3/><F128/><W86/><G123/><T21/><D125/><N who="3" m="47625" /><G76/><T110/><D110/><U0/><E39/><V95/><F1/><W114/><G13/><T27/><D100/><U122/><E122/><V85/><F115/><W52/><G40/><T70/><D35/><U88/><E124/><V17/><F85/><W38/><G134/><N who="0" m="51211" /><D7/><U109/><E50/><V113/><F113/><W46/><G46/><T121/><D2/><U131/><E74/><V42/><F95/><W101/><G101/><T67/><D121/><U73/><E73/><V69/><F103/><W48/><G66/><T28/><D49/><U99/><E131/><V51/><REACH who="2" step="1"/><F42/><REACH who="2" ten="369,177,213,221" step="2"/><W82/><G114/><T98/><D98/><U102/><E84/><V107/><F107/><W33/><G86/><T132/><D132/><U77/><E77/><V15/><AGARI ba="2,2" hai="3,4,9,15,17,22,41,44,51,53,55,63,64,69" machi="15" ten="20,5200,0" yaku="1,1,0,1,7,1,52,1,53,0" doraHai="16" doraHaiUra="79" who="2" fromWho="2" sc="369,-15,177,-28,213,78,221,-15" /><INIT seed="6,0,0,1,2,67" ten="354,149,291,206" oya="2" hai0="92,115,71,32,47,25,16,112,97,53,58,78,29" hai1="129,107,119,106,69,37,1,55,2,127,51,38,73" hai2="132,111,77,26,88,21,4,34,57,108,7,42,61" hai3="0,135,130,114,84,28,85,89,125,40,52,123,3"/><V39/><F77/><W134/><G123/><T83/><D47/><U100/><E127/><V30/><F39/><N who="1" m="14857" /><E51/><V116/><F42/><W17/><G28/><T41/><D41/><U74/><E100/><V118/><F34/><W96/><G40/><T81/><D16/><U105/><E55/><N who="2" m="33983" /><F132/><W63/><G96/><T93/><D71/><U66/><E129/><V68/><F68/><W102/><G102/><T75/><D83/><U131/><E119/><N who="2" m="45611" /><F88/><W8/><G89/><T56/><D97/><U99/><E99/><V110/><AGARI ba="0,0" hai="4,7,21,26,30,108,110,111" m="45611,33983" machi="110" ten="40,2100,0" yaku="10,1" doraHai="67" who="2" fromWho="2" sc="354,-7,149,-7,291,21,206,-7" /><INIT seed="6,1,0,3,0,63" ten="347,142,312,199" oya="2" hai0="19,95,110,14,57,109,52,61,102,133,51,10,18" hai1="132,91,103,74,29,56,104,87,97,31,124,59,23" hai2="70,69,129,79,100,90,120,9,73,130,16,116,13" hai3="85,60,86,114,112,4,113,44,49,126,27,21,30"/><V75/><F116/><W67/><G4/><T65/><D133/><U88/><E124/><V108/><F120/><W135/><G135/><T46/><D109/><U54/><E132/><V131/><F108/><W22/><G22/><T127/><D127/><U66/><E74/><N who="2" m="28171" /><F79/><W117/><G117/><T20/><D110/><U105/><E105/><V38/><F100/><W17/><G30/><T7/><D20/><U111/><E111/><V1/><F38/><W121/><G121/><T78/><D78/><U33/><E33/><V115/><F115/><W98/><G98/><AGARI ba="1,0" hai="7,10,14,18,19,46,51,52,57,61,65,95,98,102" machi="98" ten="40,5200,0" yaku="8,1,52,1,54,1" doraHai="63" who="0" fromWho="3" sc="347,55,142,0,312,0,199,-55" /><INIT seed="7,0,0,3,3,6" ten="402,142,312,144" oya="3" hai0="52,75,120,30,22,107,60,25,20,26,132,72,67" hai1="17,96,74,73,130,4,61,95,28,39,62,56,13" hai2="88,83,122,16,126,103,77,18,100,33,37,29,0" hai3="53,92,32,38,127,3,89,41,86,64,84,85,21"/><W106/><G32/><T66/><D120/><U109/><E109/><V108/><F108/><W70/><G106/><T34/><D107/><U113/><E39/><V65/><F37/><W68/><G3/><T105/><D105/><U5/><E113/><V81/><F126/><W8/><G127/><T102/><D102/><N who="1" m="60703" /><E74/><V117/><F117/><W82/><G41/><T131/><D132/><U58/><E130/><V99/><F122/><W31/><G38/><T116/><D22/><N who="1" m="11567" /><E28/><V42/><F42/><W87/><G64/><T54/><D54/><N who="1" m="33943" /><E73/><V112/><F83/><W47/><G70/><T57/><D116/><U79/><E79/><V76/><F18/><W63/><G68/><T123/><D26/><U36/><E36/><V43/><F99/><W124/><G124/><T129/><D20/><U121/><E121/><V50/><F103/><W110/><G110/><T10/><D10/><U119/><E119/><V24/><F50/><N who="3" m="28895" /><G63/><T51/><D123/><U12/><E12/><V55/><F43/><W7/><G21/><T2/><D66/><AGARI ba="0,0" hai="4,5,58,62,66" m="33943,11567,60703" machi="66" ten="30,1000,0" yaku="8,1" doraHai="6" who="1" fromWho="0" sc="402,-10,142,10,312,0,144,0" owari="392,49.2,152,-24.8,312,11.2,144,-35.6" /></mjloggm>