<mjloggm ver="2.3"><GO type="169" lobby="0"/><UN n0="%E3%82%B8%E3%83%A7%E3%83%8B%E3%83%B2" n1="%53%69%6C%65%6E%54" n2="%E7%A9%B6%E6%A5%B5%56%E3%83%A2%E3%83%B3%E3%82%AD%E3%83%BC" n3="%79%75%68%65%69" dan="16,16,16,16" rate="2127.12,2160.67,2094.44,2053.43" sx="M,F,M,M"/><TAIKYOKU oya="0"/><INIT seed="0,0,0,2,4,7" ten="250,250,250,250" oya="0" hai0="4,89,119,94,9,48,73,107,14,6,104,45,10" hai1="83,130,50,1,74,39,103,54,36,35,40,88,42" hai2="56,77,25,117,20,132,126,97,2,134,19,116,131" hai3="68,75,63,33,62,90,17,95,21,123,72,61,127"/><T29/><D119/><N who="2" m="45642" /><F77/><W43/><G33/><T118/><D73/><U30/><E130/><V0/><F97/><W49/><G127/><T55/><D29/><U3/><E103/><V133/><F56/><W113/><G68/><T78/><D78/><U101/><E101/><V114/><F131/><W34/><G34/><T27/><D27/><U125/><E125/><V47/><F47/><W58/><G113/><T69/><D69/><U57/><E74/><V64/><F64/><W53/><G43/><T87/><REACH who="0" step="1"/><D118/><REACH who="0" ten="240,250,250,250" step="2"/><U11/><E30/><N who="2" m="17703" /><F126/><W120/><G75/><T135/><D135/><U51/><E35/><V28/><F28/><W86/><REACH who="3" step="1"/><G72/><REACH who="3" ten="240,250,250,240" step="2"/><T100/><D100/><U71/><E71/><V96/><F133/><W82/><G82/><T65/><D65/><U16/><E83/><V129/><F132/><W46/><G46/><T111/><D111/><U37/><E39/><V79/><F134/><W108/><G108/><T124/><D124/><U106/><E37/><V60/><F129/><W59/><G59/><T115/><D115/><U38/><E57/><V23/><F114/><W52/><G52/><T81/><D81/><U128/><E54/><V70/><F70/><W24/><AGARI ba="0,2" hai="17,21,24,49,53,58,61,62,63,86,90,95,120,123" machi="24" ten="30,2000,0" yaku="1,1,0,1,53,0" doraHai="7" doraHaiUra="112" who="3" fromWho="3" sc="240,-10,250,-5,250,-5,240,40" /><INIT seed="1,0,0,1,4,94" ten="230,245,245,280" oya="1" hai0="7,19,97,46,96,77,38,95,36,26,65,87,123" hai1="110,132,133,117,60,53,28,10,131,22,5,64,32" hai2="40,72,58,15,42,67,118,56,124,2,43,37,14" hai3="54,23,101,50,122,106,27,44,45,79,98,34,112"/><U89/><E117/><V51/><F72/><W128/><G112/><T113/><D113/><U75/><E75/><V4/><F118/><W61/><G122/><T13/><D123/><U135/><E131/><V0/><F37/><W76/><G34/><T84/><D65/><U57/><E110/><V115/><F115/><W103/><G128/><T68/><D68/><U80/><E32/><V86/><F124/><W93/><G45/><T85/><D77/><U25/><E80/><V90/><F4/><W18/><G103/><T59/><D59/><U63/><E89/><V41/><F67/><W48/><G106/><T39/><D46/><U29/><E64/><V134/><F134/><W92/><G48/><T102/><D26/><U81/><E81/><V83/><N who="2" m="10240" /><DORA hai="105" /><V12/><REACH who="2" step="1"/><F51/><REACH who="2" ten="230,245,235,280" step="2"/><W71/><G71/><T88/><D7/><U35/><E132/><V116/><F116/><W104/><G61/><T111/><D111/><U69/><E63/><V129/><F129/><W125/><G125/><T55/><D55/><U16/><E69/><V109/><F109/><W78/><AGARI ba="0,1" hai="18,23,27,44,50,54,76,78,79,92,93,98,101,104" machi="78" ten="30,2000,0" yaku="0,1,52,1" doraHai="94,105" who="3" fromWho="3" sc="230,-5,245,-10,235,-5,280,30" /><INIT seed="2,0,0,5,1,86" ten="225,235,230,310" oya="2" hai0="103,126,38,62,122,14,87,51,131,40,99,77,95" hai1="9,29,34,81,123,133,80,82,108,106,48,102,22" hai2="43,5,59,84,130,7,89,39,49,32,27,66,76" hai3="47,28,75,6,19,55,12,121,45,134,72,132,2"/><V74/><F130/><W56/><G121/><T50/><D122/><U65/><E123/><V24/><F74/><W70/><G70/><T100/><D131/><U92/><E108/><V41/><F76/><W111/><G28/><T58/><D126/><U44/><E133/><N who="3" m="51306" /><G111/><T110/><D110/><U101/><E34/><V113/><F39/><W124/><G6/><N who="2" m="2057" /><F32/><W52/><G2/><T69/><D69/><U25/><E9/><V67/><F113/><W54/><G56/><T4/><D38/><U16/><E106/><V120/><F120/><W18/><G124/><T119/><D103/><U78/><E65/><N who="2" m="24587" /><F59/><W0/><G0/><T125/><D125/><U79/><E29/><V1/><F1/><W23/><G18/><T53/><D119/><U96/><REACH who="1" step="1"/><E101/><REACH who="1" ten="225,225,230,310" step="2"/><V112/><F112/><W135/><G135/><T21/><D100/><U36/><E36/><V94/><F49/><W46/><AGARI ba="0,1" hai="12,19,23,45,46,47,52,54,55,72,75" m="51306" machi="46" ten="40,2700,0" yaku="20,1,54,1" doraHai="86" who="3" fromWho="3" sc="225,-7,225,-7,230,-13,310,37" /><INIT seed="3,0,0,5,5,91" ten="218,218,217,347" oya="3" hai0="112,34,113,94,64,99,31,42,2,129,108,124,115" hai1="72,63,86,48,55,121,76,73,56,18,134,88,22" hai2="118,100,8,84,105,0,51,102,117,127,17,61,82" hai3="65,10,38,32,106,133,1,20,52,80,98,14,59"/><W40/><G32/><T66/><D129/><U92/><E121/><V62/><F127/><W68/><G1/><T120/><D124/><U35/><E35/><V15/><F0/><W49/><G20/><T78/><D120/><U109/><E109/><V26/><F51/><W125/><G125/><T71/><D108/><U131/><E131/><V46/><F46/><N who="3" m="23831" /><G80/><T23/><D2/><U81/><E134/><V7/><F117/><W67/><G67/><T50/><D78/><U107/><E107/><V58/><F118/><W128/><G133/><T19/><D31/><U83/><E63/><V54/><F105/><W122/><G122/><T36/><D34/><U130/><E130/><V87/><F62/><N who="3" m="39991" /><G128/><T47/><D71/><U79/><E22/><N who="2" m="13647" /><F87/><W43/><G43/><T11/><D11/><U37/><E37/><V44/><F44/><W53/><G53/><T27/><REACH who="0" step="1"/><D36/><REACH who="0" ten="208,218,217,347" step="2"/><U110/><E110/><V119/><F119/><W101/><G10/><T5/><D5/><U13/><E76/><AGARI ba="0,1" hai="7,8,15,54,58,61,76,82,84,100,102" m="13647" machi="76" ten="30,1000,0" yaku="8,1" doraHai="91" who="2" fromWho="1" sc="208,0,218,-10,217,20,347,0" /><INIT seed="4,0,0,0,5,108" ten="208,208,237,347" oya="0" hai0="101,74,64,86,24,73,90,22,123,91,60,131,110" hai1="35,39,99,32,33,65,47,51,19,120,29,18,119" hai2="95,125,28,2,87,71,68,14,122,127,26,41,36" hai3="45,20,3,42,89,27,106,84,114,135,115,34,126"/><T79/><D123/><U54/><E120/><V69/><F2/><W44/><G34/><T107/><D110/><U88/><E119/><V62/><F122/><W80/><G126/><N who="2" m="48137" /><F14/><W43/><G135/><T0/><D0/><U63/><E39/><V85/><F62/><W61/><G106/><T134/><D134/><U40/><E29/><V129/><F129/><W53/><G3/><T8/><D131/><U109/><E40/><N who="3" m="15402" /><G61/><T37/><D37/><U102/><E109/><V121/><F121/><W52/><G45/><T82/><D8/><U21/><E21/><N who="2" m="15439" /><F95/><W98/><G44/><AGARI ba="0,0" hai="36,41,44,68,69,71,85,87" m="15439,48137" machi="44" ten="40,1300,0" yaku="18,1" doraHai="108" who="2" fromWho="3" sc="208,0,208,0,237,13,347,-13" /><INIT seed="5,0,0,3,4,51" ten="208,208,250,334" oya="1" hai0="9,33,95,23,105,8,102,25,39,72,74,18,26" hai1="113,92,17,6,46,99,20,57,66,43,16,63,15" hai2="133,38,68,40,125,53,3,5,94,62,71,59,56" hai3="126,32,10,67,85,132,84,79,110,64,86,83,45"/><U60/><E113/><V118/><F5/><W104/><G110/><T88/><D39/><U2/><E2/><V7/><F7/><W28/><G104/><T21/><D33/><U76/><E76/><V30/><F30/><W98/><G126/><T14/><D102/><U117/><E117/><V134/><F3/><W29/><G132/><N who="2" m="50793" /><F94/><W70/><G70/><T47/><D105/><U69/><E6/><V128/><F125/><W131/><G98/><T120/><D120/><U13/><E69/><V0/><F0/><W127/><G32/><T50/><D74/><U123/><E123/><V75/><F75/><W34/><G34/><T31/><D14/><U19/><E60/><N who="2" m="35855" /><F118/><W106/><G29/><T54/><D72/><U61/><E61/><V101/><F101/><W82/><G28/><T44/><D44/><U93/><E99/><AGARI ba="0,0" hai="8,9,18,21,23,25,26,31,47,50,54,88,95,99" machi="99" ten="30,7700,0" yaku="7,1,8,1,52,1,54,1" doraHai="51" who="0" fromWho="1" sc="208,77,208,-77,250,0,334,0" /><INIT seed="6,0,0,2,4,112" ten="285,131,250,334" oya="2" hai0="55,82,24,57,1,21,14,81,33,70,103,129,5" hai1="77,6,116,27,93,132,51,98,131,13,64,75,79" hai2="66,113,114,52,9,109,72,28,89,117,61,74,63" hai3="111,95,25,108,94,10,7,47,48,29,50,43,56"/><V83/><F109/><W19/><G19/><T26/><D129/><U115/><E115/><N who="2" m="44043" /><F28/><W15/><G108/><T44/><D70/><U2/><E131/><V127/><F127/><W31/><G111/><T17/><D103/><U91/><E132/><V0/><F117/><W11/><G11/><T100/><D100/><U65/><E2/><V4/><F61/><W120/><G120/><T87/><D44/><U90/><E75/><V62/><F63/><W107/><G107/><T99/><D99/><U133/><E133/><V128/><F128/><W69/><G69/><T118/><D118/><U16/><E116/><V71/><F52/><N who="3" m="31751" /><G25/><T80/><D33/><U78/><E51/><V102/><F102/><W35/><G35/><T45/><D45/><U41/><E41/><V8/><F8/><W96/><G95/><T88/><D1/><U38/><E38/><V97/><F83/><W135/><G135/><T126/><D126/><U123/><E123/><V101/><F89/><AGARI ba="0,0" hai="7,10,15,29,31,43,47,50,89,94,96" m="31751" machi="89" ten="30,2000,0" yaku="8,1,54,1" doraHai="112" who="3" fromWho="2" sc="285,0,131,0,250,-20,334,20" /><INIT seed="7,0,0,5,3,105" ten="285,131,230,354" oya="3" hai0="102,106,134,36,53,116,8,9,84,69,75,38,27" hai1="46,120,19,89,47,44,43,73,35,97,110,95,25" hai2="57,115,12,55,132,28,20,15,126,92,119,74,80" hai3="39,125,99,49,87,90,127,21,50,52,67,70,122"/><W7/><G122/><T64/><D116/><U133/><E120/><V26/><F119/><W114/><G114/><T34/><D134/><U33/><E133/><V56/><F132/><W93/><G39/><T48/><D84/><U23/><E110/><V54/><F115/><W101/><G67/><T13/><D9/><U71/><E71/><V107/><F107/><W40/><G70/><T86/><D86/><U103/><E43/><V14/><F126/><W109/><G109/><T118/><D118/><U72/><REACH who="1" step="1"/><E103/><REACH who="1" ten="285,121,230,354" step="2"/><V82/><F74/><AGARI ba="0,1" hai="19,23,25,33,35,44,46,47,72,73,74,89,95,97" machi="74" ten="40,8000,1" yaku="1,1,2,1,52,3,53,0" doraHai="105" doraHaiUra="4" who="1" fromWho="2" sc="285,0,121,90,230,-80,354,0" owari="285,8.5,211,-18.9,150,-35.0,354,45.4" /></mjloggm>