<mjloggm ver="2.3"><GO type="169" lobby="0"/><UN n0="%E5%AE%88%E6%9D%91%E6%A1%9C%E5%BC%A5" n1="%E3%81%9F%E3%81%8F%E3%81%98%E3%82%8D%E3%81%86" n2="%E9%87%8E%E4%B8%AD%E6%99%B4" n3="%E5%B3%B6%E7%94%B0%E7%9C%9F%E5%A4%A2" dan="16,19,16,16" rate="2081.81,2359.58,2070.11,2184.69" sx="M,M,F,F"/><TAIKYOKU oya="0"/><INIT seed="0,0,0,5,5,124" ten="250,250,250,250" oya="0" hai0="66,61,80,135,121,33,28,62,8,41,134,102,94" hai1="91,115,2,128,34,101,74,36,114,46,71,4,38" hai2="82,99,133,19,127,111,31,64,56,48,87,83,108" hai3="104,69,32,118,75,37,20,60,26,50,67,98,1"/><T14/><D121/><U70/><E91/><V22/><F127/><W27/><G118/><T21/><D41/><U57/><E57/><V113/><F113/><N who="1" m="43017" /><E101/><V53/><F133/><N who="0" m="50698" /><D33/><U44/><E34/><V39/><F39/><N who="1" m="14889" /><E74/><V25/><F64/><W96/><G37/><T73/><D73/><U65/><E4/><V42/><F42/><W132/><G75/><T89/><D102/><U129/><E2/><V97/><F31/><W86/><G1/><T52/><D80/><U76/><E76/><V18/><F18/><W17/><G132/><T54/><D21/><U78/><E78/><V106/><F83/><W112/><G112/><T58/><D28/><U130/><E65/><V15/><F106/><W120/><G104/><T93/><D89/><U103/><E103/><V35/><F35/><W9/><G32/><T92/><D62/><U81/><E81/><V59/><F82/><W90/><G60/><T24/><D24/><U131/><E131/><V47/><F25/><W43/><G26/><T3/><D3/><U79/><E79/><V12/><F15/><W45/><G27/><T125/><D125/><U100/><E100/><V117/><F12/><W16/><G20/><T126/><D126/><U29/><E29/><V6/><F22/><W123/><G90/><T77/><D77/><U88/><E88/><V122/><F122/><W109/><G123/><T51/><D51/><U10/><E10/><V49/><F48/><W68/><G120/><T13/><D13/><U5/><E5/><AGARI ba="0,0" hai="5,8,14,52,54,58,61,66,92,93,94" m="50698" machi="5" ten="30,2900,0" yaku="20,1,54,1" doraHai="124" who="0" fromWho="1" sc="250,29,250,-29,250,0,250,0" /><INIT seed="0,1,0,1,5,132" ten="279,221,250,250" oya="0" hai0="9,7,57,92,111,89,35,95,85,135,97,40,109" hai1="94,105,71,31,60,33,54,50,5,88,36,6,102" hai2="32,49,84,69,19,119,127,108,46,131,1,11,76" hai3="82,110,125,121,44,59,128,47,14,39,42,122,41"/><T83/><D35/><U93/><E36/><V55/><F69/><W86/><G110/><N who="0" m="41995" /><D135/><U8/><E94/><V27/><F108/><W56/><G128/><T100/><D57/><N who="3" m="22089" /><G14/><N who="0" m="5439" /><D40/><U104/><E102/><V106/><F106/><AGARI ba="1,0" hai="83,85,89,92,95,97,100,106" m="5439,41995" machi="106" ten="30,2900,0" yaku="14,1,10,1" doraHai="132" who="0" fromWho="2" sc="279,32,221,0,250,-32,250,0" /><INIT seed="0,2,0,4,4,78" ten="311,221,218,250" oya="0" hai0="2,121,5,66,49,115,103,15,4,123,94,51,1" hai1="45,131,54,114,32,20,13,90,99,23,65,111,74" hai2="12,36,21,101,118,132,84,60,62,119,112,93,95" hai3="11,106,122,38,64,34,113,86,67,127,102,19,108"/><T18/><D115/><U41/><E32/><V17/><F132/><W16/><G113/><T31/><D66/><U126/><E74/><V98/><F36/><W75/><G38/><T35/><D103/><U22/><E111/><V135/><F135/><W28/><G108/><T63/><D63/><U82/><E131/><V30/><F112/><W100/><G75/><T91/><D31/><U129/><E129/><V110/><F110/><W97/><G122/><T58/><D35/><U117/><E126/><V14/><F30/><W47/><G102/><T56/><D15/><U3/><E3/><V0/><F0/><W105/><G105/><T52/><D94/><U128/><E117/><N who="2" m="44555" /><F14/><W26/><G127/><T79/><D79/><U37/><E65/><V70/><F70/><W44/><G86/><T124/><D124/><U134/><E114/><V83/><F95/><W57/><G67/><T72/><D72/><U77/><E13/><V24/><F24/><W43/><G11/><T71/><D71/><U10/><E10/><V48/><F48/><W120/><G120/><T80/><D18/><U88/><E128/><V89/><AGARI ba="2,0" hai="12,17,21,60,62,83,84,89,93,98,101" m="44555" machi="89" ten="30,2000,0" yaku="12,1,52,1" doraHai="78" who="2" fromWho="2" sc="311,-12,221,-7,218,26,250,-7" /><INIT seed="1,0,0,1,2,76" ten="299,214,244,243" oya="1" hai0="91,1,80,109,53,57,94,88,117,81,36,102,25" hai1="99,39,134,89,21,124,69,32,31,51,60,6,116" hai2="132,92,106,125,55,127,103,67,98,28,107,84,17" hai3="34,83,70,64,13,15,10,3,12,72,19,58,56"/><U7/><E39/><V110/><F28/><W44/><G34/><T54/><D117/><U111/><E116/><V42/><F67/><W120/><G120/><T73/><D1/><U121/><E121/><V47/><F110/><W71/><G44/><T2/><D2/><U16/><E111/><V0/><F0/><W18/><G3/><T114/><D114/><U123/><E123/><V66/><F66/><W11/><G15/><T101/><D73/><U68/><E124/><N who="2" m="47691" /><F55/><W8/><G8/><T131/><D36/><U133/><E31/><V128/><F128/><W79/><REACH who="3" step="1"/><G64/><REACH who="3" ten="299,214,244,233" step="2"/><T27/><D109/><U122/><E32/><V5/><F5/><W46/><G46/><T78/><D131/><U74/><E6/><V59/><F132/><W4/><G4/><T9/><D9/><U61/><E7/><V105/><F17/><W49/><G49/><T22/><D54/><U77/><E122/><V23/><F23/><W126/><G126/><T95/><D53/><U52/><E134/><V100/><F47/><W43/><G43/><T26/><D22/><U30/><E133/><V96/><F42/><W37/><G37/><T87/><D27/><U41/><E41/><V85/><F59/><AGARI ba="0,1" hai="10,11,12,13,18,19,56,58,59,70,71,72,79,83" machi="59" ten="40,8000,1" yaku="1,1,9,1,52,1,53,2" doraHai="76" doraHaiUra="14" who="3" fromWho="2" sc="299,0,214,0,244,-80,233,90" /><INIT seed="2,0,0,0,2,22" ten="299,214,164,323" oya="2" hai0="65,48,54,42,36,135,59,11,33,90,69,113,71" hai1="128,38,16,74,9,120,63,39,112,67,116,132,27" hai2="125,89,80,23,75,111,6,101,29,7,127,4,92" hai3="61,124,57,96,17,119,103,81,104,47,121,56,20"/><V46/><F101/><W37/><G121/><T70/><D113/><U118/><E112/><V64/><F64/><W0/><G119/><T122/><D122/><U13/><E120/><V60/><F60/><W24/><G0/><T115/><D115/><U94/><E128/><V117/><F117/><W18/><G124/><N who="2" m="47689" /><F46/><W2/><G2/><T102/><D102/><U97/><E74/><V106/><F106/><W91/><G18/><T133/><D11/><U68/><E132/><N who="0" m="50761" /><D33/><U1/><E1/><V66/><F66/><W84/><REACH who="3" step="1"/><G61/><REACH who="3" ten="299,214,164,313" step="2"/><N who="0" m="40111" /><D90/><U28/><E118/><V25/><F111/><W12/><G12/><T15/><D15/><U87/><E116/><V14/><F14/><W82/><G82/><T78/><D78/><U3/><E3/><V34/><F80/><W93/><G93/><T41/><D36/><U95/><E39/><V98/><F75/><W35/><G35/><AGARI ba="0,1" hai="4,6,7,23,25,29,34,35,89,92,98" m="47689" machi="35" ten="30,2900,0" yaku="18,1,52,1" doraHai="22" who="2" fromWho="3" sc="299,0,214,0,164,39,313,-29" /><INIT seed="2,1,0,1,0,35" ten="299,214,203,284" oya="2" hai0="4,3,86,85,14,119,29,77,81,114,10,99,70" hai1="15,123,6,60,48,125,108,24,7,25,22,62,36" hai2="120,79,50,20,92,97,110,65,109,2,134,124,26" hai3="67,72,115,37,87,41,59,68,90,84,0,66,39"/><V118/><F120/><W74/><G59/><T55/><D114/><U16/><E36/><V34/><F118/><W78/><G78/><T82/><D119/><U31/><E123/><V95/><F34/><W135/><G41/><T91/><D70/><U21/><E108/><N who="2" m="41579" /><F124/><W102/><G102/><T44/><D29/><U58/><E125/><V75/><F134/><W116/><G135/><T23/><D23/><U94/><E94/><N who="2" m="35883" /><F65/><W45/><G116/><T117/><D117/><U98/><E98/><V101/><F50/><W47/><G115/><T128/><D128/><U122/><E122/><V132/><F132/><W63/><G63/><T52/><D99/><U111/><E111/><V17/><F79/><W56/><G56/><T103/><D103/><U43/><E62/><V71/><F71/><W42/><G68/><T30/><D30/><U19/><E48/><V133/><F133/><W121/><G121/><T76/><D91/><U131/><E43/><V88/><F75/><W73/><G73/><T112/><D112/><U8/><REACH who="1" step="1"/><E131/><REACH who="1" ten="299,204,203,284" step="2"/><V129/><F129/><W33/><G42/><T32/><D81/><U89/><E89/><V126/><F126/><W104/><G90/><T5/><D82/><U83/><E83/><V80/><F80/><W49/><G49/><T40/><D40/><U51/><E51/><V127/><F127/><W18/><G37/><T61/><D61/><U38/><E38/><V64/><F64/><AGARI ba="1,1" hai="6,7,8,15,16,19,21,22,24,25,31,58,60,64" machi="64" ten="30,7700,0" yaku="1,1,7,1,8,1,54,1,53,0" doraHai="35" doraHaiUra="46" who="1" fromWho="2" sc="299,0,204,90,203,-80,284,0" /><INIT seed="3,0,0,0,3,86" ten="299,294,123,284" oya="3" hai0="100,17,117,120,95,6,28,72,56,30,124,123,85" hai1="90,14,24,75,25,69,2,84,58,32,54,77,94" hai2="26,22,128,65,116,44,39,5,125,70,93,79,18" hai3="41,114,13,49,119,47,71,67,126,61,113,115,135"/><W12/><G119/><T37/><D117/><U11/><E2/><V7/><F116/><W52/><G126/><T103/><D72/><U29/><E69/><V127/><F79/><W118/><G118/><T89/><D37/><U36/><E36/><V8/><F70/><W62/><G135/><T132/><D132/><U134/><E134/><V106/><F106/><W19/><G62/><T27/><D124/><N who="2" m="47690" /><F65/><W133/><G133/><T92/><D6/><N who="2" m="2058" /><F44/><W129/><G129/><T130/><D130/><U122/><E122/><V111/><F39/><W45/><REACH who="3" step="1"/><G19/><REACH who="3" ten="299,294,123,274" step="2"/><T21/><D123/><U63/><E75/><V34/><F128/><W38/><AGARI ba="0,1" hai="12,13,38,41,45,47,49,52,61,67,71,113,114,115" machi="38" ten="30,18000,2" yaku="1,1,2,1,0,1,54,1,53,3" doraHai="86" doraHaiUra="109" who="3" fromWho="3" sc="299,-60,294,-60,123,-60,274,190" /><INIT seed="3,1,0,1,1,118" ten="239,234,63,464" oya="3" hai0="0,47,86,61,4,51,71,130,54,53,15,56,116" hai1="57,18,66,74,123,27,119,23,70,1,68,41,76" hai2="100,124,114,52,107,60,16,21,103,45,55,65,110" hai3="12,91,125,77,5,9,80,73,30,31,84,62,98"/><W17/><G125/><T35/><D116/><U104/><E119/><V29/><F114/><W87/><G62/><T94/><D35/><U99/><E1/><V82/><F124/><W59/><G59/><T50/><D0/><U131/><E131/><V117/><F117/><W126/><G126/><T78/><D130/><U112/><E41/><V128/><F128/><W28/><G98/><T20/><D71/><U113/><E76/><V6/><F110/><W64/><G64/><T81/><D94/><U83/><E83/><V79/><F6/><W134/><G134/><T93/><D93/><U96/><E74/><V40/><F29/><W120/><G120/><T36/><D36/><U102/><E99/><V8/><F8/><W95/><G73/><T133/><D133/><U111/><E111/><V49/><F107/><W13/><REACH who="3" step="1"/><G31/><REACH who="3" ten="239,234,63,454" step="2"/><T108/><D108/><U46/><E123/><V44/><F65/><W92/><G92/><T88/><D61/><U48/><E57/><N who="2" m="34855" /><F45/><W7/><G7/><T43/><D4/><U22/><E66/><V37/><F37/><W97/><G97/><T10/><D47/><U72/><E72/><V34/><F40/><W122/><G122/><T89/><D43/><N who="1" m="24671" /><E70/><V90/><F79/><W115/><G115/><T11/><D54/><U32/><E68/><V135/><F135/><W132/><G132/><T33/><D53/><U26/><E113/><V109/><F109/><W2/><G2/><T75/><D75/><U39/><E112/><V69/><F69/><W19/><G19/><T58/><D58/><U38/><E38/><V129/><F129/><RYUUKYOKU ba="1,1" sc="239,-10,234,-10,63,-10,454,30" hai3="5,9,12,13,17,28,30,77,80,84,87,91,95" /><INIT seed="3,2,1,5,1,63" ten="229,224,53,484" oya="3" hai0="111,121,100,78,93,105,98,104,11,122,27,57,10" hai1="7,86,68,21,26,99,42,134,20,23,51,120,123" hai2="69,66,102,70,37,75,50,72,110,29,108,131,33" hai3="67,109,76,106,101,54,2,15,103,116,62,58,53"/><W83/><G116/><T28/><D111/><N who="2" m="42538" /><F37/><W92/><G2/><T39/><D39/><U80/><E68/><N who="2" m="26219" /><F102/><W22/><G109/><T40/><D40/><U129/><E129/><V94/><F94/><W30/><G106/><T95/><D78/><U107/><E134/><V126/><F50/><W88/><G103/><T38/><D38/><U87/><E7/><V135/><F135/><W124/><G101/><T90/><D104/><U24/><E99/><V34/><F29/><W35/><G35/><N who="2" m="13321" /><F131/><W36/><G36/><T14/><D105/><U12/><E107/><V91/><F91/><W125/><G30/><T74/><D93/><U61/><E61/><V114/><F114/><W48/><G88/><T16/><D28/><U17/><E51/><V45/><F45/><W19/><G92/><T59/><D100/><U9/><E42/><V43/><F43/><W64/><G83/><T84/><D98/><U3/><E80/><V60/><F126/><N who="3" m="48747" /><G76/><T118/><D90/><U5/><E87/><V82/><F82/><W85/><G85/><T55/><D84/><U115/><E86/><V128/><F128/><W46/><AGARI ba="2,1" hai="15,19,22,46,48,53,54,58,62,64,67" m="48747" machi="46" ten="30,6000,0" yaku="18,1,52,2" doraHai="63" who="3" fromWho="3" sc="229,-22,224,-22,53,-22,484,76" /><INIT seed="3,3,0,5,2,49" ten="207,202,31,560" oya="3" hai0="26,9,92,38,48,0,52,57,23,2,113,122,36" hai1="60,16,99,24,71,22,127,75,125,28,12,63,18" hai2="121,128,30,129,43,86,42,20,51,116,21,8,130" hai3="72,111,17,61,114,32,1,45,107,31,44,82,124"/><W79/><G114/><T37/><D122/><U100/><E75/><V5/><F116/><W131/><G131/><T132/><D132/><U66/><E63/><V50/><F121/><W126/><G107/><T73/><D113/><U27/><E27/><V98/><F98/><W101/><G101/><T62/><D73/><U91/><E91/><V25/><F86/><W70/><G1/><T29/><D9/><U74/><E74/><V108/><F108/><W117/><G117/><T64/><REACH who="0" step="1"/><D92/><REACH who="0" ten="197,202,31,560" step="2"/><U97/><E127/><V95/><F95/><W109/><G124/><T112/><D112/><U33/><E125/><V35/><F43/><W11/><G126/><T68/><AGARI ba="3,1" hai="0,2,23,26,29,36,37,38,48,52,57,62,64,68" machi="68" ten="30,7900,0" yaku="1,1,0,1,52,1,54,1,53,0" doraHai="49" doraHaiUra="135" who="0" fromWho="0" sc="197,98,202,-23,31,-23,560,-42" /><INIT seed="4,0,0,1,1,88" ten="295,179,8,518" oya="0" hai0="107,120,62,49,119,16,82,32,4,24,114,85,104" hai1="30,61,102,29,84,55,129,27,51,65,86,3,89" hai2="31,73,106,98,6,46,67,112,96,99,95,132,42" hai3="83,93,124,131,12,54,115,23,47,48,17,87,97"/><T111/><D119/><U70/><E3/><V68/><F132/><W21/><G124/><T105/><D120/><U126/><E126/><V74/><F112/><W134/><G134/><T127/><D127/><U11/><E129/><V92/><F6/><W135/><G135/><T35/><D114/><U5/><E102/><V80/><F31/><W122/><G115/><T2/><D111/><U22/><E30/><V117/><F117/><W133/><G133/><T101/><D4/><U128/><E128/><V44/><F106/><W90/><G131/><T109/><D2/><U28/><E28/><V38/><F46/><W57/><G122/><T64/><D109/><U14/><REACH who="1" step="1"/><E89/><REACH who="1" ten="295,169,8,518" step="2"/><V40/><F40/><W100/><G47/><AGARI ba="0,1" hai="5,11,14,22,27,29,47,51,55,61,65,70,84,86" machi="47" ten="30,3900,0" yaku="1,1,2,1,7,1,53,0" doraHai="88" doraHaiUra="33" who="1" fromWho="3" sc="295,0,169,49,8,0,518,-39" /><INIT seed="5,0,0,2,4,55" ten="295,218,8,479" oya="1" hai0="59,61,43,88,72,132,81,74,131,62,20,78,36" hai1="80,100,56,10,45,52,24,109,66,4,49,93,107" hai2="86,11,5,58,112,124,119,51,106,84,101,114,127" hai3="30,8,21,87,44,77,110,92,37,64,14,63,32"/><U113/><E107/><V3/><F119/><W121/><G121/><T18/><D132/><U126/><E113/><N who="2" m="43627" /><F101/><W48/><G110/><T27/><D131/><U2/><E126/><N who="2" m="48171" /><F106/><W82/><G37/><T128/><D128/><U105/><E105/><V68/><F68/><W0/><G0/><T26/><D72/><U1/><E109/><V115/><N who="2" m="43635" /><V29/><DORA hai="65" /><F29/><W99/><G32/><T57/><D43/><U79/><E24/><V47/><F58/><W108/><G108/><T117/><D36/><U15/><E93/><V7/><F7/><W70/><G30/><T19/><D117/><U125/><E100/><V60/><F60/><W73/><G73/><T75/><D75/><U16/><E125/><V67/><F67/><W38/><G38/><T98/><D62/><U69/><E69/><V97/><F97/><W42/><G99/><T71/><D71/><U90/><E66/><V50/><F50/><W94/><G94/><T102/><D102/><U6/><E56/><V76/><F76/><W91/><G92/><T22/><D61/><U130/><E79/><V83/><F83/><W104/><G104/><T35/><D35/><U25/><E6/><V40/><AGARI ba="0,0" hai="3,5,11,40,47,51,84,86" m="48171,43635" machi="40" ten="50,6400,0" yaku="15,1,11,1,18,1" doraHai="55,65" who="2" fromWho="2" sc="295,-16,218,-32,8,64,479,-16" /><INIT seed="6,0,0,1,4,52" ten="279,186,72,463" oya="2" hai0="7,10,99,120,112,114,95,5,134,14,46,11,53" hai1="90,32,24,48,74,89,108,82,33,109,63,135,96" hai2="6,49,130,12,86,84,106,18,94,35,68,58,98" hai3="55,121,40,77,66,19,36,20,71,37,57,92,62"/><V65/><F130/><W31/><G121/><T39/><D120/><U131/><E131/><V45/><F106/><W75/><G31/><T124/><D124/><U72/><E48/><V118/><F35/><W76/><G92/><T21/><D21/><U128/><E128/><V119/><F68/><W93/><G93/><T100/><D134/><U73/><E96/><V4/><F118/><W87/><G87/><N who="2" m="33321" /><F119/><W22/><G22/><T78/><D78/><U50/><E135/><V8/><F45/><W23/><G23/><T29/><D29/><U9/><E73/><V123/><F123/><W83/><G76/><T122/><D122/><U105/><E105/><V56/><F49/><W27/><G40/><T116/><D116/><U15/><E50/><AGARI ba="0,0" hai="19,20,27,36,37,50,55,57,62,66,71,75,77,83" machi="50" ten="30,2000,0" yaku="7,1,52,1" doraHai="52" who="3" fromWho="1" sc="279,0,186,-20,72,0,463,20" /><INIT seed="7,0,0,4,3,118" ten="279,166,72,483" oya="3" hai0="64,130,108,133,32,52,6,109,65,4,98,56,13" hai1="101,39,2,113,123,12,79,83,116,33,9,128,125" hai2="17,45,11,75,126,120,54,49,3,119,68,90,88" hai3="72,40,94,50,106,44,18,38,28,104,121,48,58"/><W23/><G121/><T103/><D56/><U63/><E101/><V110/><F119/><W7/><G72/><T78/><D13/><U60/><E123/><V99/><F110/><W37/><G7/><T127/><D78/><U93/><E93/><V67/><F120/><W14/><G28/><T31/><D98/><U36/><E33/><V16/><F75/><W86/><G104/><T24/><D24/><U5/><E125/><V34/><F34/><W42/><G106/><T134/><D130/><U22/><E113/><V105/><F126/><W87/><G87/><T59/><D59/><U76/><E76/><V70/><F105/><W55/><G42/><T27/><D27/><U41/><E41/><V20/><F99/><W30/><G30/><T132/><D132/><U111/><E39/><V92/><F67/><W122/><G122/><T74/><D65/><U61/><E36/><V89/><F92/><W84/><G84/><T19/><D31/><U29/><E29/><V73/><F73/><W71/><G71/><T80/><D64/><U117/><E128/><V35/><F35/><W69/><G69/><T96/><D74/><U62/><E111/><V57/><F45/><W124/><G124/><T53/><D32/><U85/><E83/><V91/><N who="2" m="22528" /><DORA hai="81" /><V47/><F47/><W25/><G38/><T77/><D80/><U97/><E97/><V1/><F17/><W26/><G37/><T129/><D108/><U82/><E117/><V51/><F49/><W114/><G114/><T102/><D109/><U115/><E116/><V10/><F11/><W66/><G66/><RYUUKYOKU ba="0,0" sc="279,-10,166,-10,72,-10,483,30" hai3="14,18,23,25,26,40,44,48,50,55,58,86,94" owari="269,6.9,156,-24.4,62,-43.8,513,61.3" /></mjloggm>