<mjloggm ver="2.3"><GO type="169" lobby="0"/><UN n0="%E3%82%8A%E3%82%87%E3%81%A1" n1="%E3%82%B0%E3%83%B3%E3%83%80%E3%83%AA%E3%83%BC" n2="%E7%8B%82%E6%B0%97%E3%81%AE%E7%9E%B3" n3="%E3%81%A1%E3%81%AA%E9%B7%B2" dan="16,19,16,16" rate="2151.02,2277.20,2099.23,2102.11" sx="M,M,M,M"/><TAIKYOKU oya="0"/><INIT seed="0,0,0,3,5,45" ten="250,250,250,250" oya="0" hai0="122,30,78,132,46,38,27,13,70,26,15,33,129" hai1="85,116,22,57,98,54,34,82,44,91,11,48,52" hai2="65,40,71,20,0,100,115,112,134,101,50,128,47" hai3="32,63,17,86,83,25,62,23,79,124,3,88,111"/><T58/><D122/><U4/><E116/><V64/><F0/><W55/><G111/><T120/><D120/><U106/><E34/><V21/><F134/><W39/><G124/><T127/><D70/><U96/><E22/><V105/><F128/><W10/><G39/><T109/><D78/><U56/><E106/><V102/><F105/><W5/><G32/><T2/><D2/><U35/><E35/><V107/><F107/><W42/><G42/><T123/><D123/><U130/><E130/><V110/><F110/><W37/><G37/><T6/><D129/><U18/><E18/><V8/><F8/><W75/><REACH who="3" step="1"/><G55/><REACH who="3" ten="250,250,250,240" step="2"/><T103/><D38/><U36/><E36/><V41/><F41/><W43/><G43/><T49/><D109/><U131/><E131/><V53/><F40/><W59/><G59/><T31/><D58/><U81/><E81/><AGARI ba="0,1" hai="3,5,10,17,23,25,62,63,75,79,81,83,86,88" machi="81" ten="30,3900,0" yaku="1,1,7,1,54,1,53,0" doraHai="45" doraHaiUra="135" who="3" fromWho="1" sc="250,0,250,-39,250,0,240,49" /><INIT seed="1,0,0,2,4,20" ten="250,211,250,289" oya="1" hai0="7,9,8,48,39,52,120,103,134,66,104,44,112" hai1="73,121,65,84,28,49,100,133,47,53,113,132,29" hai2="34,75,54,55,13,25,64,63,11,67,59,115,18" hai3="37,3,10,70,74,105,90,35,102,40,41,68,107"/><U21/><E113/><V0/><F75/><W57/><G41/><T117/><D112/><U72/><E121/><V119/><F119/><W125/><G57/><T42/><D117/><U31/><E65/><V110/><F110/><W17/><G90/><T36/><D120/><U101/><E84/><V71/><F0/><W89/><G89/><T23/><D134/><N who="1" m="51819" /><E21/><N who="2" m="13495" /><F34/><W96/><G17/><T130/><D130/><U4/><E4/><N who="2" m="3303" /><F115/><W108/><G107/><T127/><D127/><U122/><E122/><V78/><F78/><W69/><G125/><T85/><D66/><N who="2" m="25130" /><F71/><W79/><G108/><T5/><D85/><U43/><E43/><V62/><F55/><W51/><G40/><T88/><D42/><U93/><E93/><V27/><F27/><W111/><G111/><T97/><D23/><U99/><E99/><V131/><F131/><W16/><G35/><T76/><D76/><U33/><E33/><V114/><F114/><W123/><G79/><T19/><D19/><U58/><E58/><V95/><F95/><W12/><G3/><T94/><D104/><U6/><E6/><V80/><F80/><W81/><G81/><T61/><D103/><AGARI ba="0,0" hai="28,29,31,47,49,53,72,73,100,101,103" m="51819" machi="103" ten="30,1500,0" yaku="20,1" doraHai="20" who="1" fromWho="0" sc="250,-15,211,15,250,0,289,0" /><INIT seed="1,1,0,4,0,87" ten="235,226,250,289" oya="1" hai0="46,25,36,72,73,24,134,112,43,0,129,53,10" hai1="105,60,90,49,127,106,9,18,63,29,26,113,30" hai2="125,122,66,67,6,13,21,84,101,128,51,117,44" hai3="20,7,31,88,126,47,114,34,133,23,75,89,41"/><U80/><E127/><V91/><F125/><W69/><G114/><T3/><D112/><U77/><E113/><V135/><F122/><W17/><G126/><T104/><D104/><U68/><E106/><V12/><F117/><W55/><G69/><T81/><D129/><U82/><E105/><V95/><F128/><W4/><G75/><T27/><D134/><U50/><E68/><V103/><F135/><W121/><G34/><T33/><D33/><U116/><E77/><V115/><F115/><W14/><G121/><T40/><D53/><U8/><E26/><V59/><F21/><W130/><G133/><T102/><D102/><N who="2" m="38922" /><F59/><W119/><G119/><T111/><D111/><U78/><E78/><V132/><F132/><W85/><G41/><T76/><D72/><U96/><E96/><V56/><F56/><W1/><G1/><T42/><REACH who="0" step="1"/><D0/><REACH who="0" ten="225,226,250,289" step="2"/><U57/><E116/><V62/><F66/><W28/><G130/><T124/><D124/><U38/><E38/><V52/><F67/><W83/><G55/><T120/><D120/><U58/><REACH who="1" step="1"/><E18/><REACH who="1" ten="225,216,250,289" step="2"/><V100/><F6/><AGARI ba="1,2" hai="3,6,10,24,25,27,36,40,42,43,46,73,76,81" machi="6" ten="40,5200,0" yaku="1,1,25,2,53,0" doraHai="87" doraHaiUra="131" who="0" fromWho="2" sc="225,75,216,0,250,-55,289,0" /><INIT seed="2,0,0,1,1,70" ten="300,216,195,289" oya="2" hai0="79,8,58,135,41,17,118,11,96,128,87,108,1" hai1="7,45,55,34,51,30,50,68,109,16,27,110,42" hai2="21,97,67,132,121,61,57,98,78,122,124,82,65" hai3="59,26,5,125,39,9,13,23,10,115,94,83,35"/><V99/><F132/><W60/><G125/><T84/><D108/><U75/><E68/><V129/><F124/><W107/><G107/><T12/><D135/><U102/><E75/><V106/><F129/><W113/><G35/><T95/><D128/><U15/><E7/><V126/><F126/><W134/><G134/><T25/><D118/><U46/><REACH who="1" step="1"/><E102/><REACH who="1" ten="300,206,195,289" step="2"/><V49/><F106/><W103/><G103/><T112/><D112/><U81/><E81/><V119/><F119/><W18/><G83/><T130/><D130/><U28/><E28/><V131/><F131/><W24/><G113/><T123/><D123/><U33/><E33/><V44/><F67/><W111/><G115/><T32/><D32/><U56/><E56/><V20/><F121/><W105/><G59/><T66/><D58/><U53/><E53/><V37/><F122/><W133/><G5/><T3/><D66/><U40/><E40/><V89/><F78/><W90/><G133/><T22/><D79/><U69/><E69/><V76/><F76/><W85/><G111/><T4/><D41/><U52/><E52/><N who="2" m="29735" /><F37/><W31/><G39/><T77/><D77/><U104/><E104/><V0/><F0/><W47/><G105/><T54/><D1/><U92/><E92/><V73/><F73/><W88/><G94/><T6/><D54/><U127/><E127/><V86/><AGARI ba="0,1" hai="20,21,57,61,65,82,86,89,97,98,99" m="29735" machi="86" ten="30,3000,0" yaku="8,1,54,1" doraHai="70" who="2" fromWho="2" sc="300,-10,206,-10,195,40,289,-10" /><INIT seed="2,1,0,2,2,120" ten="290,196,235,279" oya="2" hai0="32,88,0,133,83,3,105,109,92,28,75,56,65" hai1="55,51,15,74,21,33,34,118,129,41,52,24,58" hai2="128,42,94,104,44,131,116,54,111,10,63,134,39" hai3="68,22,119,123,12,18,40,16,99,113,64,126,60"/><V2/><F116/><W35/><G123/><T70/><D133/><U7/><E129/><N who="2" m="49739" /><F104/><W78/><G35/><T76/><D105/><U67/><E74/><V13/><F2/><W29/><G119/><T101/><D101/><U121/><E121/><V27/><F134/><W19/><G126/><T6/><D70/><U107/><E107/><V81/><F81/><W100/><G78/><T38/><D38/><U79/><E79/><V66/><F27/><W82/><G82/><T50/><D6/><U46/><E67/><V31/><F31/><W4/><G29/><T91/><D91/><U114/><E114/><V20/><F20/><W98/><G113/><T14/><D14/><U127/><E55/><V11/><F94/><W86/><G40/><T112/><D112/><U89/><E89/><V135/><F135/><W53/><G53/><T69/><D69/><U110/><E127/><V84/><F84/><W25/><G86/><T93/><D93/><U48/><E118/><V95/><F95/><W30/><G99/><T49/><D0/><U45/><E45/><V1/><F1/><W71/><G98/><T122/><D3/><U9/><REACH who="1" step="1"/><E110/><REACH who="1" ten="290,186,235,279" step="2"/><V77/><F77/><W26/><G100/><T8/><D122/><U61/><E61/><V102/><F54/><W125/><G60/><T132/><D132/><U96/><E96/><V130/><F102/><W43/><G125/><T62/><D62/><U5/><E5/><N who="2" m="3279" /><F130/><W73/><G4/><T117/><D117/><U115/><E115/><V106/><F106/><W97/><G97/><T85/><D85/><U90/><E90/><RYUUKYOKU ba="1,1" sc="290,-10,186,30,235,-10,279,-10" hai1="7,9,15,21,24,33,34,41,46,48,51,52,58" /><INIT seed="3,2,1,4,3,128" ten="280,216,225,269" oya="3" hai0="78,43,67,17,59,130,101,99,53,27,45,132,47" hai1="102,122,94,119,2,3,73,23,12,36,69,105,88" hai2="77,112,35,96,38,95,117,49,113,81,41,83,70" hai3="84,21,135,9,125,8,22,66,129,134,24,30,68"/><W65/><G129/><T80/><D130/><U31/><E122/><V72/><F117/><W51/><G125/><T79/><D67/><U10/><E69/><V33/><F70/><W89/><G51/><T106/><D132/><N who="3" m="50729" /><G22/><T5/><D5/><U120/><E36/><V37/><F83/><N who="3" m="49311" /><G68/><T25/><D47/><U85/><E73/><V60/><F60/><W86/><G86/><T62/><D79/><U42/><E42/><V97/><F49/><W40/><G40/><T56/><D56/><U13/><E119/><V15/><F97/><W98/><G98/><T90/><D90/><U103/><E88/><V76/><F41/><W18/><G30/><T100/><D100/><U116/><E31/><V48/><F48/><W58/><G58/><T110/><D99/><U126/><E102/><V107/><F96/><W55/><G55/><T16/><D101/><U121/><E103/><V6/><F72/><W32/><G32/><T75/><D106/><U26/><E105/><V7/><F107/><W82/><G82/><T87/><D75/><U93/><E126/><V34/><F81/><W118/><G118/><T14/><D87/><U1/><E85/><V131/><F35/><W124/><G124/><T91/><D80/><U44/><E116/><V115/><F115/><W54/><G54/><T114/><D114/><U111/><E23/><V4/><F131/><W133/><N who="3" m="50737" /><W11/><AGARI ba="2,1" hai="8,9,11,18,21,24,65,66" m="49311,50737" machi="11" ten="50,18000,2" yaku="4,1,20,1,52,4" doraHai="128" who="3" fromWho="3" sc="280,-62,216,-62,225,-62,269,196" /><INIT seed="3,3,0,5,3,47" ten="218,154,163,465" oya="3" hai0="76,27,90,86,11,84,33,92,71,17,55,1,113" hai1="36,111,32,60,103,48,87,118,12,109,20,46,64" hai2="98,112,15,39,127,121,26,102,62,120,79,96,91" hai3="108,123,63,7,125,75,114,50,83,119,134,45,9"/><W53/><G114/><T107/><D107/><U18/><E32/><V56/><F112/><W133/><G119/><T19/><D71/><U70/><E118/><V13/><F127/><W66/><G125/><T74/><D74/><U124/><E124/><V5/><F39/><W54/><G123/><N who="2" m="47177" /><F79/><W14/><G108/><T132/><D113/><U37/><E103/><V135/><F135/><W126/><G126/><T43/><D132/><U3/><E3/><V21/><F91/><W78/><REACH who="3" step="1"/><G53/><REACH who="3" ten="218,154,163,455" step="2"/><T58/><D55/><U51/><E111/><V117/><F117/><W44/><G44/><T22/><D43/><U29/><E109/><V97/><F102/><W99/><G99/><T104/><D84/><U57/><E46/><V129/><F129/><W95/><G95/><T10/><D86/><U67/><E37/><V8/><F96/><W59/><AGARI ba="3,1" hai="7,9,14,45,50,54,59,63,66,75,78,83,133,134" machi="59" ten="30,6000,0" yaku="1,1,0,1,52,1,53,0" doraHai="47" doraHaiUra="80" who="3" fromWho="3" sc="218,-23,154,-23,163,-23,455,79" /><INIT seed="3,4,0,3,3,130" ten="195,131,140,534" oya="3" hai0="96,13,60,27,125,59,20,52,95,48,73,113,79" hai1="62,22,26,72,106,63,16,14,30,56,37,98,124" hai2="41,66,23,114,61,99,90,25,100,17,67,76,51" hai3="15,12,126,3,78,103,38,54,28,120,40,97,134"/><W128/><G3/><T101/><D125/><U80/><E124/><V64/><F114/><W10/><G126/><T7/><D113/><U2/><E37/><V111/><F111/><W88/><G120/><T71/><D73/><U104/><E2/><V57/><F76/><W36/><G78/><T82/><D71/><U6/><E6/><V65/><F90/><W9/><G40/><T94/><D94/><U55/><E72/><V127/><F127/><W118/><G118/><T109/><D109/><U86/><E98/><V121/><F121/><W34/><G128/><T84/><D7/><U74/><E63/><V50/><REACH who="2" step="1"/><F41/><REACH who="2" ten="195,131,130,534" step="2"/><W123/><G88/><T129/><D129/><U83/><E74/><V11/><F11/><W119/><G9/><T135/><D79/><U77/><REACH who="1" step="1"/><E83/><REACH who="1" ten="195,121,130,534" step="2"/><V4/><F4/><W24/><G123/><T46/><D82/><U32/><AGARI ba="4,2" hai="14,16,22,26,30,32,55,56,62,77,80,86,104,106" machi="32" ten="20,8000,1" yaku="1,1,2,1,0,1,7,1,54,1,53,0" doraHai="130" doraHaiUra="45" who="1" fromWho="1" sc="195,-24,121,112,130,-24,534,-44" /><INIT seed="4,0,0,2,1,82" ten="171,233,106,490" oya="0" hai0="37,68,94,47,48,77,59,20,90,117,44,121,56" hai1="85,69,2,81,61,51,41,84,111,86,54,102,122" hai2="93,91,6,46,14,62,19,113,105,58,55,12,22" hai3="98,33,107,116,123,36,80,67,74,43,39,120,3"/><T38/><D117/><U130/><E111/><V127/><F113/><W89/><G116/><T109/><D121/><N who="3" m="46665" /><G33/><T101/><D68/><U76/><E122/><V52/><F127/><W118/><G3/><T50/><D109/><U28/><E2/><V42/><F105/><W112/><G118/><T7/><D101/><U31/><E130/><V45/><F55/><W16/><G67/><T72/><D7/><U0/><E0/><V88/><F91/><W134/><G43/><T73/><D20/><U133/><E133/><V65/><F65/><W15/><G134/><T115/><D94/><U23/><E102/><V9/><REACH who="2" step="1"/><F42/><REACH who="2" ten="171,233,96,490" step="2"/><W126/><G112/><T71/><D90/><U106/><E106/><V104/><F104/><W32/><G107/><T49/><D115/><U119/><E119/><V103/><F103/><W63/><G89/><T34/><D77/><U100/><E100/><V78/><F78/><W29/><G126/><T110/><D110/><U21/><E41/><V99/><AGARI ba="0,1" hai="6,9,12,14,19,22,45,46,52,58,62,88,93,99" machi="99" ten="20,12000,2" yaku="1,1,0,1,7,1,8,1,54,2,53,0" doraHai="82" doraHaiUra="135" who="2" fromWho="2" sc="171,-60,233,-30,96,130,490,-30" /><INIT seed="5,0,0,5,0,113" ten="111,203,226,460" oya="1" hai0="134,39,26,95,57,14,63,118,2,86,64,28,130" hai1="61,23,4,13,89,31,74,51,107,110,71,76,44" hai2="104,3,98,53,115,34,79,5,116,40,66,33,41" hai3="84,80,48,96,114,69,20,102,100,97,119,117,36"/><U94/><E107/><V56/><F116/><N who="3" m="44619" /><G36/><T45/><D2/><U49/><E110/><V111/><F41/><W7/><G69/><T123/><D118/><U127/><E74/><V101/><F40/><W129/><G114/><T75/><D75/><U108/><E76/><V11/><F66/><W90/><G7/><T133/><D130/><U16/><E127/><V50/><F111/><W73/><G73/><T25/><D123/><U85/><E108/><V21/><F79/><W9/><G9/><T87/><D39/><U121/><E121/><V32/><F21/><W82/><G20/><T6/><D45/><U68/><E4/><V43/><F43/><W18/><G18/><T109/><D109/><U72/><E72/><V35/><F35/><W42/><G82/><T65/><D95/><U24/><E71/><V54/><F115/><W83/><G83/><T52/><D6/><U58/><E68/><V0/><F0/><W125/><G129/><T38/><D14/><U106/><E44/><V77/><F77/><W15/><G15/><T126/><D38/><U92/><E92/><V10/><F10/><W105/><G125/><T29/><D126/><U120/><E106/><V22/><F22/><W135/><G42/><T93/><D93/><U131/><E131/><V1/><F1/><W112/><G112/><T81/><D81/><U88/><E89/><V19/><F19/><W59/><G59/><T12/><D57/><U37/><E37/><V70/><F70/><W78/><G78/><T67/><D12/><U55/><E120/><V122/><F122/><W99/><G105/><RYUUKYOKU ba="0,0" sc="111,-15,203,15,226,15,460,-15" hai1="13,16,23,24,31,49,51,55,58,61,85,88,94" hai2="3,5,11,32,33,34,50,53,54,56,98,101,104" /><INIT seed="5,1,0,0,3,126" ten="96,218,241,445" oya="1" hai0="13,93,8,131,100,125,124,28,119,106,77,133,75" hai1="21,118,25,73,105,30,36,83,55,42,29,69,107" hai2="121,33,92,120,89,80,111,130,79,123,94,96,23" hai3="20,41,127,135,24,3,65,35,114,16,67,5,122"/><U2/><E118/><V9/><F33/><W90/><G122/><T27/><D119/><U78/><E69/><V19/><F111/><W14/><G127/><N who="0" m="48715" /><D106/><U26/><E2/><V47/><F130/><W97/><G41/><T74/><D77/><U103/><E103/><V85/><F47/><W104/><G114/><T117/><D117/><U34/><REACH who="1" step="1"/><E55/><REACH who="1" ten="96,208,241,445" step="2"/><V52/><F52/><W116/><G116/><T50/><D133/><U0/><E0/><V109/><F109/><W132/><G3/><T40/><D131/><U6/><E6/><V12/><REACH who="2" step="1"/><F94/><REACH who="2" ten="96,208,231,445" step="2"/><W38/><G132/><T129/><D129/><U87/><E87/><V84/><F84/><W15/><G135/><T66/><D93/><U64/><E64/><V11/><AGARI ba="1,2" hai="9,11,12,19,23,79,80,85,89,92,96,120,121,123" machi="11" ten="40,2700,0" yaku="1,1,0,1,53,0" doraHai="126" doraHaiUra="53" who="2" fromWho="2" sc="96,-8,208,-14,231,50,445,-8" /><INIT seed="6,0,0,0,3,75" ten="88,194,281,437" oya="2" hai0="130,107,42,20,104,80,22,21,73,88,102,39,18" hai1="108,31,35,74,8,124,3,32,98,37,96,13,62" hai2="121,65,72,91,60,28,51,85,69,12,83,48,45" hai3="43,90,86,94,44,71,77,68,23,123,11,79,101"/><V5/><F121/><W36/><G123/><T114/><D114/><U111/><E37/><V57/><F28/><W55/><G71/><T2/><D130/><U50/><E74/><V135/><F135/><W63/><G101/><T64/><D64/><U58/><E3/><V97/><F97/><W125/><G125/><T110/><D110/><U127/><E50/><V40/><F72/><W47/><G47/><T24/><D2/><U92/><E31/><V29/><F29/><W134/><G134/><T15/><D102/><U27/><E27/><V10/><F69/><W33/><G33/><T41/><D21/><U9/><E92/><V61/><F61/><W115/><G115/><T113/><D113/><U26/><E26/><V0/><F0/><W119/><G23/><T17/><D73/><U30/><E30/><V67/><F67/><W78/><G68/><T106/><REACH who="0" step="1"/><D39/><AGARI ba="0,0" hai="5,10,12,39,40,45,48,51,57,60,65,83,85,91" machi="39" ten="30,1500,0" yaku="7,1" doraHai="75" who="2" fromWho="0" sc="88,-15,194,0,281,15,437,0" /><INIT seed="6,1,0,0,4,86" ten="73,194,296,437" oya="2" hai0="34,84,120,102,45,108,33,55,61,78,105,8,127" hai1="90,50,42,63,71,115,59,64,77,116,83,117,27" hai2="121,60,94,41,29,44,119,100,4,107,74,87,11" hai3="22,96,24,122,130,39,123,43,103,98,68,95,6"/><V132/><F132/><W110/><G110/><T48/><D108/><U18/><E115/><V101/><F74/><W104/><G68/><T79/><D120/><U23/><E90/><V111/><F119/><W135/><G130/><T81/><D127/><U113/><E113/><V70/><F121/><W91/><G135/><T67/><D78/><U69/><E69/><V46/><F29/><W25/><G6/><T47/><D105/><U133/><E133/><V49/><F107/><W128/><G128/><T32/><D102/><U106/><E106/><V65/><F46/><W15/><G43/><T53/><D8/><U20/><E42/><V52/><F41/><W58/><G39/><T38/><D38/><U76/><E76/><V109/><F109/><W3/><G3/><T89/><D79/><U17/><E50/><V93/><F93/><W54/><G15/><T28/><D53/><U72/><E71/><V13/><F111/><W62/><G25/><AGARI ba="1,0" hai="17,18,20,23,25,27,59,63,64,72,77,83,116,117" machi="25" ten="30,2000,0" yaku="7,1,9,1" doraHai="86" who="1" fromWho="3" sc="73,0,194,23,296,0,437,-23" /><INIT seed="7,0,0,4,5,48" ten="73,217,296,414" oya="3" hai0="8,72,110,120,95,102,58,46,16,124,7,2,59" hai1="18,30,119,28,117,23,17,133,83,125,32,29,44" hai2="52,71,91,62,111,89,65,5,70,9,130,107,27" hai3="63,123,87,78,56,116,109,39,79,26,101,96,84"/><W60/><G39/><T19/><D110/><U132/><E83/><V108/><F107/><W49/><G116/><N who="1" m="44618" /><E44/><V36/><F36/><W53/><G123/><T126/><D120/><U1/><E1/><V45/><F27/><W15/><G109/><T74/><D46/><U85/><E85/><V42/><F71/><W6/><G26/><T51/><D102/><U99/><E99/><V41/><F111/><W106/><G87/><T35/><D35/><U90/><E90/><V118/><F108/><W86/><G86/><T115/><D115/><U31/><E125/><V66/><F89/><W64/><G63/><T50/><D95/><U38/><E38/><V25/><F91/><W54/><G84/><T80/><D2/><U98/><E98/><V103/><F25/><W121/><G79/><T40/><D8/><U43/><E43/><V122/><F42/><W69/><G78/><T55/><D40/><U73/><E73/><V4/><F41/><W22/><G121/><T34/><D34/><U77/><E77/><V97/><F97/><W114/><G114/><T128/><D7/><U20/><E29/><V37/><F37/><W134/><G106/><T76/><D76/><U129/><E129/><V94/><F103/><W10/><G101/><T81/><REACH who="0" step="1"/><D128/><REACH who="0" ten="63,217,296,414" step="2"/><U135/><E32/><V67/><F130/><W57/><G6/><T24/><D24/><U100/><E100/><V127/><F5/><W61/><G10/><T113/><D113/><U75/><E75/><V0/><F9/><W105/><G105/><T3/><D3/><U11/><E11/><V88/><F0/><RYUUKYOKU ba="0,1" sc="63,15,217,15,296,-15,414,-15" hai0="16,19,50,51,55,58,59,72,74,80,81,124,126" hai1="17,18,20,23,28,30,31,132,133,135" owari="78,-42.2,232,-16.8,281,8.1,409,50.9" /></mjloggm>