<mjloggm ver="2.3"><GO type="169" lobby="0"/><UN n0="%6B%73%77%72%74" n1="%E5%B0%8F%E6%9E%97%E6%B5%81%E7%89%8C%E6%89%8B" n2="%E8%B1%86%E3%83%80%E3%83%9E%E8%AD%A6%E5%AF%9F" n3="%73%7A%2E%64%31" dan="16,17,16,17" rate="2133.72,2137.03,2144.47,2174.06" sx="M,M,M,M"/><TAIKYOKU oya="0"/><INIT seed="0,0,0,2,0,21" ten="250,250,250,250" oya="0" hai0="24,25,68,11,40,126,87,109,72,81,118,117,14" hai1="69,75,19,83,13,125,34,48,23,77,49,43,86" hai2="133,1,96,110,61,112,74,38,60,53,8,90,116" hai3="57,54,52,100,97,121,36,32,44,12,120,89,9"/><T80/><D68/><U39/><E69/><V101/><F112/><W114/><G114/><T135/><D135/><U27/><E39/><V102/><F110/><W106/><G32/><T94/><D126/><U35/><E125/><V108/><F108/><W128/><G128/><T30/><D109/><U79/><E79/><V78/><F116/><W3/><G3/><T107/><D107/><U76/><E76/><V31/><F38/><W51/><G89/><N who="0" m="53567" /><D72/><U45/><E75/><V46/><F31/><W88/><G36/><T59/><D118/><U65/><E65/><V111/><F111/><W122/><G88/><T134/><D134/><U29/><REACH who="1" step="1"/><E49/><REACH who="1" ten="250,240,250,250" step="2"/><V26/><F78/><W55/><REACH who="3" step="1"/><G57/><REACH who="3" ten="250,240,250,240" step="2"/><T98/><D117/><U28/><E28/><V93/><F133/><W5/><AGARI ba="0,2" hai="5,9,12,44,51,52,54,55,97,100,106,120,121,122" machi="5" ten="30,8000,1" yaku="1,1,2,1,0,1,13,1,54,1,53,0" doraHai="21" doraHaiUra="131" who="3" fromWho="3" sc="250,-40,240,-20,250,-20,240,100" /><INIT seed="1,0,0,4,2,124" ten="210,220,230,340" oya="1" hai0="89,70,30,75,62,23,92,98,45,133,52,130,40" hai1="10,41,74,118,14,16,47,34,46,28,88,134,76" hai2="27,53,60,48,105,69,0,111,126,12,49,108,15" hai3="122,58,114,121,2,109,67,55,78,24,83,4,21"/><U68/><E68/><V135/><F0/><W25/><G114/><T61/><D133/><U18/><E118/><V94/><F105/><W9/><G109/><N who="2" m="42057" /><F135/><W127/><G67/><T63/><D75/><U113/><E113/><V82/><F82/><W31/><G25/><T120/><D120/><U91/><E134/><V1/><F1/><W84/><REACH who="3" step="1"/><G127/><REACH who="3" ten="210,220,230,330" step="2"/><T11/><D70/><U128/><E34/><V131/><F27/><W65/><G65/><T125/><D125/><U97/><E28/><V36/><F126/><W6/><G6/><T110/><D30/><U35/><E35/><V5/><F5/><W129/><G129/><T32/><D130/><U43/><E128/><V93/><F131/><W57/><G57/><T51/><D32/><U44/><E18/><V8/><F69/><W107/><G107/><T20/><D110/><U42/><REACH who="1" step="1"/><E97/><REACH who="1" ten="210,210,230,330" step="2"/><V85/><F15/><W116/><G116/><T13/><REACH who="0" step="1"/><D40/><REACH who="0" ten="200,210,230,330" step="2"/><U26/><E26/><V22/><F12/><W99/><G99/><T17/><AGARI ba="0,3" hai="11,13,17,20,23,45,51,52,61,62,63,89,92,98" machi="17" ten="30,8000,1" yaku="1,1,2,1,0,1,8,1,54,1,53,0" doraHai="124" doraHaiUra="79" who="0" fromWho="0" sc="200,110,210,-40,230,-20,330,-20" /><INIT seed="2,0,0,3,4,2" ten="310,170,210,310" oya="2" hai0="82,94,111,96,119,89,34,75,21,37,130,95,6" hai1="48,110,116,68,36,0,123,7,70,76,26,20,73" hai2="22,86,25,58,65,30,64,84,41,99,98,71,40" hai3="74,62,29,3,124,47,72,125,66,32,92,87,81"/><V45/><F71/><W19/><G3/><T128/><D34/><U122/><E36/><V57/><F22/><W18/><G47/><T79/><D37/><U42/><E116/><V121/><F25/><N who="3" m="18479" /><G92/><T67/><D67/><U112/><E73/><V15/><F15/><W117/><G117/><T101/><D21/><U55/><E76/><V56/><F56/><N who="3" m="37191" /><G18/><T108/><D6/><U52/><E42/><V88/><F45/><W46/><G19/><T54/><D54/><N who="1" m="20523" /><E48/><V63/><F121/><N who="1" m="46089" /><E112/><V12/><F12/><W107/><G46/><T105/><D95/><U120/><E120/><V93/><F93/><W78/><G107/><T24/><D24/><U5/><E110/><N who="0" m="42025" /><D119/><U91/><E91/><V51/><F51/><W28/><G28/><T13/><D13/><U50/><E50/><V85/><F88/><W31/><G31/><T14/><D14/><U44/><E44/><V27/><F27/><W69/><G69/><N who="1" m="26730" /><E0/><V109/><F109/><W90/><G90/><T33/><D33/><U113/><E113/><V129/><F30/><AGARI ba="0,0" hai="5,7,20,26,30" m="26730,46089,20523" machi="30" ten="30,7700,0" yaku="13,1,52,2,54,1" doraHai="2" who="1" fromWho="2" sc="310,0,170,77,210,-77,310,0" /><INIT seed="3,0,0,0,1,52" ten="310,247,133,310" oya="3" hai0="117,11,48,89,43,115,83,45,114,130,53,8,113" hai1="110,60,14,106,76,17,58,72,5,85,28,16,4" hai2="7,33,103,54,99,46,129,68,13,121,12,90,41" hai3="112,82,65,21,59,74,15,92,120,0,50,87,80"/><W108/><G120/><T81/><D130/><U96/><E72/><V73/><F33/><W26/><G0/><T31/><D117/><U63/><E63/><V104/><F121/><W100/><G112/><T101/><D101/><U55/><E28/><V126/><F129/><W75/><G108/><T40/><D31/><U132/><E110/><V51/><F126/><W77/><G15/><T91/><D91/><U34/><E34/><V95/><F68/><W123/><G123/><T1/><D89/><U133/><E76/><V94/><F73/><W24/><G24/><T118/><D118/><U84/><E96/><V25/><F7/><N who="1" m="2633" /><E106/><V30/><F25/><W70/><G70/><T36/><D43/><U79/><E79/><V109/><F30/><W18/><G82/><N who="0" m="31243" /><D1/><U61/><E61/><V122/><F122/><W125/><G125/><T119/><D119/><U67/><E67/><V135/><F109/><W37/><G37/><T39/><D36/><U124/><E17/><V127/><F127/><W6/><G6/><T38/><D39/><U62/><E62/><V134/><F104/><W49/><G74/><T86/><D86/><U107/><E107/><V71/><F71/><W78/><G75/><T10/><D38/><U111/><E111/><V42/><F42/><W64/><G77/><T32/><D32/><U98/><E98/><N who="2" m="59863" /><F41/><W3/><G3/><T19/><D40/><U9/><E124/><V66/><F66/><W131/><G131/><T23/><D114/><U128/><E128/><V97/><F97/><N who="3" m="59431" /><G65/><T88/><D115/><U29/><E29/><V116/><F116/><RYUUKYOKU ba="0,0" sc="310,-30,247,10,133,10,310,10" hai1="9,14,16,55,58,60,84,85,132,133" hai2="12,13,46,51,54,90,95,99,134,135" hai3="18,21,26,49,50,59,64,78,80,87" /><INIT seed="3,1,0,3,4,125" ten="280,257,143,320" oya="3" hai0="75,134,6,114,62,28,76,131,94,99,108,30,102" hai1="74,25,67,63,115,97,129,132,29,71,123,9,53" hai2="100,41,2,93,45,54,92,82,57,88,16,89,70" hai3="13,135,18,8,73,65,35,31,3,22,39,50,110"/><W80/><G39/><T66/><D108/><U126/><E115/><V49/><F70/><W7/><G110/><T84/><D114/><U52/><E123/><V5/><F5/><W109/><G109/><T122/><D122/><U1/><E74/><V91/><F2/><W105/><G105/><T130/><D75/><U77/><E77/><V120/><F120/><W12/><G65/><T56/><D134/><U47/><E126/><V21/><F82/><W133/><G50/><T124/><D124/><U27/><E27/><V61/><REACH who="2" step="1"/><F100/><REACH who="2" ten="280,257,133,320" step="2"/><W33/><G80/><N who="0" m="47111" /><D6/><U68/><E68/><V40/><F40/><W46/><G73/><T96/><D96/><U58/><E97/><V128/><F128/><AGARI ba="1,1" hai="28,30,56,62,66,94,99,102,128,130,131" m="47111" machi="128" ten="30,7700,0" yaku="19,1,52,3" doraHai="125" who="0" fromWho="2" sc="280,90,257,0,133,-80,320,0" /><INIT seed="4,0,0,0,0,70" ten="370,257,53,320" oya="0" hai0="51,115,98,58,89,88,103,132,47,114,85,78,113" hai1="102,117,14,80,120,65,93,64,49,53,133,87,61" hai2="107,104,42,50,86,33,83,66,24,72,97,36,45" hai3="28,130,109,116,79,37,22,46,3,106,60,128,81"/><T48/><D132/><U52/><E117/><V69/><F72/><W35/><G22/><T5/><D5/><U21/><E120/><V90/><F97/><W91/><G91/><T2/><D2/><U105/><E105/><V131/><F131/><W8/><G60/><T11/><D11/><U12/><E53/><V76/><F76/><W54/><G54/><N who="0" m="32071" /><D78/><U15/><E133/><V111/><F111/><W68/><G109/><T23/><D23/><U26/><E61/><V34/><F34/><W135/><G135/><T13/><D13/><U125/><E125/><V32/><F32/><W39/><G46/><T74/><D85/><U41/><E41/><V29/><F69/><W73/><G68/><T9/><D9/><U19/><E93/><V7/><F66/><W122/><G106/><N who="0" m="63863" /><D74/><U30/><E102/><V67/><F67/><W56/><G56/><T94/><D94/><U57/><REACH who="1" step="1"/><E30/><REACH who="1" ten="370,247,53,320" step="2"/><V95/><F7/><N who="3" m="1151" /><G116/><T134/><D134/><U71/><E71/><V123/><F123/><W16/><G122/><T40/><AGARI ba="0,1" hai="40,47,51,88,89,113,114,115" m="63863,32071" machi="40" ten="30,3000,0" yaku="15,1,54,1" doraHai="70" who="0" fromWho="0" sc="370,40,247,-10,53,-10,320,-10" /><INIT seed="4,1,0,0,3,56" ten="410,237,43,310" oya="0" hai0="31,111,38,80,108,34,99,127,62,52,70,92,42" hai1="94,110,4,71,102,101,76,27,91,2,30,85,64" hai2="45,78,57,86,63,74,123,134,41,124,39,29,132" hai3="55,114,12,1,65,120,77,54,47,15,67,24,126"/><T9/><D127/><U97/><E110/><N who="0" m="42025" /><D80/><U22/><E2/><V51/><F123/><W33/><G120/><T17/><D34/><U131/><E131/><V90/><F124/><W49/><G114/><T88/><D31/><U40/><E4/><V35/><F74/><W75/><G1/><T20/><D9/><U6/><E6/><V112/><F78/><W116/><G116/><T19/><D38/><U61/><E40/><V119/><F119/><W104/><G104/><T81/><D42/><U129/><E129/><V25/><F112/><W122/><G122/><T16/><D81/><U93/><E76/><V7/><F7/><W96/><G126/><T44/><D44/><U87/><E87/><V117/><F117/><W5/><G77/><T89/><D89/><AGARI ba="1,0" hai="22,27,30,61,64,71,85,89,91,93,94,97,101,102" machi="89" ten="30,2000,0" yaku="7,1,52,1" doraHai="56" who="1" fromWho="0" sc="410,-23,237,23,43,0,310,0" /><INIT seed="5,0,0,1,4,52" ten="387,260,43,310" oya="1" hai0="39,87,71,90,107,78,88,5,9,14,33,126,25" hai1="69,11,89,101,18,123,103,124,60,133,73,74,72" hai2="119,20,93,104,17,105,111,125,16,110,1,53,109" hai3="115,118,10,15,134,106,79,22,131,24,57,0,7"/><U135/><E123/><V43/><F119/><W8/><G106/><T98/><D71/><U97/><E11/><V66/><F1/><W70/><G70/><T67/><D39/><U45/><E18/><V75/><F75/><W127/><G118/><T13/><D126/><U68/><E45/><V55/><F66/><W32/><G127/><T99/><D67/><U94/><E124/><V63/><F125/><W95/><G79/><T77/><D107/><U49/><E49/><V19/><F43/><W80/><G80/><T96/><D90/><U29/><E29/><V82/><F82/><W128/><G95/><N who="0" m="54687" /><D33/><U132/><E60/><V27/><F93/><W91/><G91/><T23/><D13/><U47/><E47/><V112/><F112/><W4/><G115/><T85/><D85/><U81/><E81/><V108/><N who="2" m="27648" /><DORA hai="114" /><V92/><F92/><W28/><G134/><T54/><D54/><U61/><E61/><V58/><REACH who="2" step="1"/><F55/><REACH who="2" ten="387,260,33,310" step="2"/><W116/><G116/><T64/><D64/><U117/><E117/><V83/><F83/><W59/><REACH who="3" step="1"/><G32/><REACH who="3" ten="387,260,33,300" step="2"/><T113/><D113/><U56/><E73/><V34/><F34/><W50/><G50/><T26/><D78/><U129/><E72/><V121/><F121/><W100/><G100/><N who="1" m="38474" /><E74/><V120/><F120/><W86/><G86/><T41/><D77/><U3/><E133/><V37/><F37/><W130/><AGARI ba="0,2" hai="0,4,7,8,10,15,22,24,28,57,59,128,130,131" machi="130" ten="30,8000,1" yaku="1,1,0,1,19,1,52,2,53,0" doraHai="52,114" doraHaiUra="30,65" who="3" fromWho="3" sc="387,-20,260,-40,33,-20,300,100" /><INIT seed="6,0,0,1,0,63" ten="367,220,13,400" oya="2" hai0="14,84,22,61,129,24,54,72,21,71,118,104,94" hai1="83,92,69,99,133,27,120,87,9,59,33,11,82" hai2="90,89,12,116,80,111,6,8,37,40,23,60,105" hai3="81,114,26,132,1,100,78,53,93,85,57,25,91"/><V79/><F116/><W28/><G114/><T73/><D104/><U5/><E69/><V96/><F111/><W56/><G1/><T97/><D118/><U64/><E11/><V34/><F34/><W7/><G7/><T112/><D112/><U38/><E38/><V121/><F121/><W76/><G132/><T49/><D129/><U30/><E133/><V108/><F108/><W41/><G41/><T36/><D36/><U58/><E120/><V113/><F113/><W86/><G56/><T20/><D84/><U50/><E50/><V70/><F23/><W101/><G76/><T45/><D14/><U10/><E10/><V98/><F40/><W110/><G110/><T130/><D130/><U16/><E16/><V39/><F39/><W32/><G25/><T52/><D24/><U131/><E131/><V123/><F37/><W35/><G35/><T126/><D126/><U75/><E75/><V117/><F117/><W119/><G119/><T44/><D44/><U51/><E9/><V15/><F123/><W0/><G0/><T4/><D4/><U68/><E5/><V102/><F15/><W3/><G3/><T107/><D107/><U67/><E68/><V127/><F127/><W124/><G124/><T42/><D42/><U62/><E27/><V135/><F135/><W106/><G106/><T43/><D43/><U122/><E33/><V125/><F125/><W17/><G17/><T95/><D71/><U103/><E122/><V47/><F47/><W115/><G115/><T66/><D45/><U13/><E13/><V18/><F6/><W74/><G74/><RYUUKYOKU ba="0,0" sc="367,-10,220,-10,13,-10,400,30" hai3="26,28,32,53,57,78,81,85,86,91,93,100,101" /><INIT seed="7,1,0,4,1,6" ten="357,210,3,430" oya="3" hai0="71,58,37,95,68,128,30,123,104,18,91,86,106" hai1="115,21,41,133,118,109,61,36,40,69,93,107,125" hai2="5,43,83,75,89,60,26,101,57,135,67,114,54" hai3="50,9,129,122,11,55,14,70,108,28,64,49,79"/><W42/><G70/><T29/><D128/><U48/><E93/><V38/><F114/><W32/><G122/><T112/><D37/><U47/><E21/><V33/><F135/><W44/><G32/><T77/><D123/><U97/><E97/><V120/><F120/><W110/><G64/><T45/><D112/><U92/><E92/><V66/><F101/><W1/><G28/><T132/><D132/><U56/><E107/><V39/><F89/><W63/><G63/><T19/><D58/><U25/><E25/><V131/><F75/><W119/><G119/><T31/><D45/><U62/><E109/><V16/><F83/><W8/><G1/><T20/><D77/><U17/><E125/><V99/><F99/><W84/><G129/><T134/><D134/><U88/><E88/><V4/><F16/><N who="3" m="8263" /><G110/><T53/><D53/><U78/><E78/><V130/><F26/><W113/><G113/><T59/><D59/><U80/><E17/><V35/><F43/><W116/><G116/><T34/><D34/><U81/><E80/><V96/><F96/><W111/><G111/><T2/><D2/><U102/><E81/><V52/><F57/><N who="3" m="33007" /><G108/><T65/><D65/><U0/><E102/><V7/><F7/><W76/><G76/><T124/><D124/><U24/><E40/><V15/><F15/><W23/><G42/><T121/><D121/><U85/><E41/><V82/><F82/><W74/><G44/><T72/><D72/><U127/><E47/><V105/><F105/><W12/><G74/><T46/><D46/><U3/><E133/><V126/><F126/><RYUUKYOKU ba="1,0" sc="357,-10,210,-10,3,30,430,-10" hai2="4,5,33,35,38,39,52,54,60,66,67,130,131" owari="347,14.7,200,-20.0,33,-46.7,420,52.0" /></mjloggm>