<mjloggm ver="2.3"><GO type="169" lobby="0"/><UN n0="%E3%83%88%E3%82%B7%E3%83%95%E3%83%BC%E3%83%8B" n1="%E8%B2%A1%E5%89%8D%E5%8F%88%E4%B8%80" n2="%E7%8C%AA%E7%8B%A9%E5%AE%88" n3="%E9%9B%A8%E6%9C%88%E3%81%A4%E3%82%86" dan="16,17,17,16" rate="2139.44,2185.57,2170.41,2106.58" sx="M,M,M,M"/><TAIKYOKU oya="0"/><INIT seed="0,0,0,5,2,79" ten="250,250,250,250" oya="0" hai0="8,27,85,63,97,66,50,45,13,30,33,16,41" hai1="100,127,20,23,119,64,42,74,123,65,71,51,113" hai2="81,95,3,78,124,99,10,25,91,62,87,34,60" hai3="133,56,94,37,58,39,68,109,84,115,47,35,83"/><T26/><D26/><U112/><E119/><V105/><F124/><W110/><G115/><T22/><D97/><U1/><E1/><V15/><F3/><W11/><G68/><T116/><D116/><U130/><E71/><V132/><F132/><W40/><G35/><T103/><D103/><U96/><E74/><V0/><F0/><W48/><G94/><T121/><D121/><U18/><E42/><V54/><F105/><W108/><G133/><T88/><D63/><U92/><E123/><V53/><F34/><W38/><REACH who="3" step="1"/><G11/><REACH who="3" ten="250,250,250,240" step="2"/><T126/><D126/><U102/><E92/><V134/><F134/><W19/><G19/><T52/><D66/><U107/><E18/><V2/><F2/><W106/><G106/><T82/><REACH who="0" step="1"/><D33/><REACH who="0" ten="240,250,250,240" step="2"/><U43/><E127/><V93/><F25/><W70/><G70/><T9/><D9/><U59/><E107/><V89/><F10/><W46/><G46/><T31/><D31/><U6/><E113/><V49/><F15/><W32/><G32/><T125/><D125/><U122/><E112/><V36/><F99/><W120/><G120/><T90/><D90/><AGARI ba="0,2" hai="37,38,39,40,47,48,56,58,83,84,90,108,109,110" machi="90" ten="50,6400,0" yaku="1,1,14,1,52,1,53,0" doraHai="79" doraHaiUra="29" who="3" fromWho="0" sc="240,-64,250,0,250,0,240,84" /><INIT seed="1,0,0,2,2,29" ten="176,250,250,324" oya="1" hai0="96,60,83,80,90,3,68,20,107,67,108,27,106" hai1="76,109,114,122,103,23,85,70,30,31,10,117,36" hai2="127,119,131,9,37,1,53,129,44,121,84,133,38" hai3="43,82,17,111,62,59,120,33,47,18,54,97,19"/><U0/><E114/><V50/><F1/><W34/><G120/><T105/><D3/><U45/><E117/><V64/><F9/><W126/><G111/><T77/><D108/><U118/><E118/><V11/><F11/><W94/><G82/><T13/><D13/><U40/><E109/><V72/><F72/><W2/><G2/><T75/><D83/><U41/><E70/><V91/><F121/><W26/><G26/><T124/><D124/><U99/><E41/><V15/><F15/><W88/><REACH who="3" step="1"/><G126/><REACH who="3" ten="176,250,250,314" step="2"/><T32/><D20/><U74/><E23/><V135/><F127/><W24/><G24/><T132/><D132/><N who="2" m="50762" /><F119/><W6/><G6/><T25/><D25/><U93/><E122/><V28/><F28/><W86/><G86/><T134/><D134/><U73/><E85/><V89/><F84/><W100/><G100/><N who="0" m="62599" /><D90/><U101/><E74/><V102/><F91/><W104/><G104/><T66/><D66/><U56/><E103/><V113/><F89/><W130/><G130/><N who="2" m="49673" /><F102/><W69/><G69/><T58/><D58/><U98/><E31/><AGARI ba="0,1" hai="27,31,32,60,67,68,75,77,80,106,107" m="62599" machi="31" ten="30,7700,0" yaku="25,1,33,2,52,1" doraHai="29" who="0" fromWho="1" sc="176,87,250,-77,250,0,314,0" /><INIT seed="2,0,0,3,3,65" ten="263,173,250,314" oya="2" hai0="26,74,116,120,9,25,123,115,87,99,31,32,114" hai1="14,6,30,36,79,77,51,124,68,29,13,135,10" hai2="45,50,72,42,71,121,20,8,48,21,61,113,11" hai3="58,62,100,37,47,82,130,54,64,43,15,34,39"/><V125/><F113/><N who="0" m="43018" /><D87/><U1/><E36/><V73/><F121/><N who="0" m="46666" /><D99/><U108/><E135/><V57/><F125/><W98/><G130/><T104/><D104/><U111/><E51/><V16/><F20/><W52/><G34/><T46/><D46/><U69/><E10/><V3/><F50/><W0/><G0/><T7/><D74/><U18/><E18/><V102/><F102/><W28/><G28/><T97/><D97/><U110/><E6/><V22/><F22/><W59/><G39/><T75/><D75/><U60/><E1/><V66/><F8/><W5/><G82/><T55/><D55/><U131/><E111/><V2/><F2/><W78/><G78/><T119/><D26/><U40/><E40/><V12/><REACH who="2" step="1"/><F57/><REACH who="2" ten="263,173,240,314" step="2"/><W107/><G58/><T133/><D133/><U92/><E124/><V76/><F76/><W112/><G112/><T56/><D56/><U4/><E79/><V109/><F109/><W19/><REACH who="3" step="1"/><G5/><AGARI ba="0,1" hai="3,5,11,12,16,21,42,45,48,61,66,71,72,73" machi="5" ten="40,7700,0" yaku="1,1,52,1,54,1,53,0" doraHai="65" doraHaiUra="84" who="2" fromWho="3" sc="263,0,173,0,240,87,314,-77" /><INIT seed="2,1,0,1,0,16" ten="263,173,327,237" oya="2" hai0="113,79,21,100,87,27,97,8,62,112,67,72,53" hai1="26,133,37,77,96,30,42,84,52,40,75,89,117" hai2="115,56,54,71,9,25,0,93,1,36,63,104,58" hai3="2,124,47,10,122,74,11,101,7,46,99,90,35"/><V91/><F115/><W127/><G122/><T22/><D72/><U73/><E117/><V29/><F104/><W108/><G35/><T18/><D53/><U69/><E69/><V80/><F36/><W81/><G11/><T61/><D8/><U68/><E68/><V65/><F80/><W66/><G66/><T70/><D62/><U129/><E37/><V109/><F109/><W126/><G108/><T120/><D120/><U23/><E96/><V33/><F9/><W5/><G5/><T31/><D87/><U39/><E39/><V131/><F131/><W43/><G43/><T88/><D79/><U15/><E129/><V48/><F71/><W41/><G41/><T4/><D4/><U6/><E77/><V20/><REACH who="2" step="1"/><F33/><REACH who="2" ten="263,173,317,237" step="2"/><W130/><G130/><T86/><D113/><U32/><E32/><V78/><F78/><N who="3" m="44247" /><G90/><T49/><D112/><U123/><E123/><V111/><F111/><W103/><G103/><T85/><D88/><U135/><E89/><V45/><F45/><W105/><AGARI ba="1,1" hai="2,7,10,46,47,99,101,105,124,126,127" m="44247" machi="105" ten="30,1100,0" yaku="18,1" doraHai="16" who="3" fromWho="3" sc="263,-4,173,-4,317,-6,237,24" /><INIT seed="3,0,0,0,5,99" ten="259,169,311,261" oya="3" hai0="115,126,94,55,64,130,42,35,109,59,2,123,20" hai1="5,45,10,37,80,122,14,81,83,3,84,29,44" hai2="7,27,58,93,46,32,66,127,85,16,67,65,69" hai3="1,15,9,41,106,97,24,53,114,108,30,90,18"/><W23/><G114/><T129/><D35/><U116/><E122/><V49/><F127/><W73/><G73/><T70/><D94/><U112/><E112/><V26/><F7/><W96/><G41/><T121/><D20/><U82/><E116/><V119/><F119/><W76/><G76/><T17/><D17/><U56/><E37/><V63/><F32/><W22/><G108/><T117/><D2/><U111/><E111/><V75/><F75/><W78/><G78/><T34/><D34/><U25/><E56/><V39/><F39/><W133/><G133/><T50/><D117/><U54/><E54/><V4/><F4/><W21/><G1/><T120/><D115/><U40/><E40/><N who="2" m="24775" /><F69/><W11/><G106/><T68/><D109/><U71/><E71/><N who="0" m="27177" /><D126/><U38/><E38/><V100/><F85/><W91/><G53/><T36/><D64/><N who="2" m="24682" /><F16/><W101/><G9/><T62/><D36/><U118/><E3/><V135/><F135/><W61/><G11/><T86/><D86/><U102/><E118/><V104/><F104/><W92/><G22/><T88/><D88/><N who="3" m="33833" /><G97/><AGARI ba="0,0" hai="26,27,58,63,67,93,97,100" m="24682,24775" machi="97" ten="30,2000,0" yaku="8,1,52,1" doraHai="99" who="2" fromWho="3" sc="259,0,169,0,311,20,261,-20" /><INIT seed="4,0,0,1,2,50" ten="259,169,331,241" oya="0" hai0="99,37,109,75,100,68,20,1,49,10,91,105,118" hai1="122,40,112,25,103,8,67,78,113,15,93,39,76" hai2="121,52,19,47,51,54,28,9,13,3,79,130,11" hai3="31,81,86,58,98,116,104,59,133,61,43,21,46"/><T70/><D118/><U134/><E122/><V102/><F121/><W12/><G116/><T44/><D109/><U127/><E127/><V90/><F130/><W123/><G123/><T22/><D75/><U71/><E134/><V128/><F128/><W64/><G133/><T114/><D114/><U60/><E25/><V108/><F108/><W2/><G2/><T4/><D37/><U131/><E131/><V53/><F28/><W45/><G58/><T132/><D132/><U96/><E40/><N who="2" m="25063" /><F102/><W14/><G46/><T69/><REACH who="0" step="1"/><D91/><REACH who="0" ten="249,169,331,241" step="2"/><U32/><E39/><V120/><F120/><W55/><G104/><T85/><D85/><U17/><REACH who="1" step="1"/><E32/><REACH who="1" ten="249,159,331,241" step="2"/><V92/><F79/><AGARI ba="0,2" hai="8,15,17,60,67,71,76,78,79,93,96,103,112,113" machi="79" ten="40,5200,0" yaku="1,1,2,1,53,1" doraHai="50" doraHaiUra="6" who="1" fromWho="2" sc="249,0,159,72,331,-52,241,0" /><INIT seed="5,0,0,2,5,45" ten="249,231,279,241" oya="1" hai0="54,94,132,35,70,2,52,108,58,55,38,63,76" hai1="110,129,84,81,131,112,88,78,122,117,93,43,40" hai2="92,49,103,74,31,25,119,73,121,99,82,9,87" hai3="128,75,6,20,32,96,106,34,105,68,16,23,101"/><U1/><E117/><V4/><F119/><W67/><G75/><T134/><D35/><U127/><E122/><V123/><F74/><W135/><G6/><T64/><D2/><U90/><E1/><V12/><F73/><W102/><G128/><N who="1" m="49226" /><E112/><V57/><F57/><W124/><G135/><N who="0" m="51755" /><D76/><U100/><E127/><V46/><F25/><W113/><G124/><T79/><D79/><U60/><E60/><V69/><F69/><W109/><G109/><T114/><D114/><U44/><E43/><V56/><F56/><W39/><G39/><T33/><D33/><U11/><E11/><V29/><F121/><W27/><G113/><T120/><D120/><U62/><E62/><V111/><F111/><W41/><G41/><T83/><D108/><U126/><E126/><V3/><F3/><W118/><G118/><T21/><D38/><N who="1" m="21527" /><E110/><V71/><F71/><W53/><G68/><T48/><D83/><U77/><E100/><V0/><F0/><W65/><G27/><T125/><D125/><U130/><N who="1" m="49234" /><U72/><DORA hai="95" /><E72/><V30/><F123/><W115/><G115/><T28/><D94/><U98/><AGARI ba="0,0" hai="77,78,81,84,88,90,93,98" m="21527,49234" machi="98" ten="40,7800,0" yaku="19,1,52,1,54,1" doraHai="45,95" who="1" fromWho="1" sc="249,-26,231,78,279,-26,241,-26" /><INIT seed="5,1,0,4,0,98" ten="223,309,253,215" oya="1" hai0="125,35,34,53,91,74,47,24,83,122,46,1,33" hai1="104,54,86,27,8,9,66,20,120,68,15,37,4" hai2="14,30,81,115,90,107,70,3,105,134,94,79,99" hai3="133,72,58,43,93,25,110,114,135,77,109,87,60"/><U31/><E120/><V116/><F3/><W39/><G72/><T85/><D1/><U18/><E37/><V121/><F70/><W49/><G25/><T82/><D122/><U112/><E104/><N who="2" m="40011" /><F14/><W52/><G77/><T126/><D24/><U2/><E86/><N who="2" m="48447" /><F30/><W32/><G87/><T102/><D83/><U119/><E119/><V10/><F10/><W48/><G93/><T55/><D74/><U26/><E54/><V21/><F21/><W36/><G32/><T42/><D102/><U0/><E66/><V17/><F17/><W61/><G114/><T129/><D129/><U118/><E112/><V80/><F116/><W106/><G106/><T50/><REACH who="0" step="1"/><D47/><REACH who="0" ten="213,309,253,215" step="2"/><U63/><E118/><V113/><F121/><W45/><G109/><T117/><D117/><U6/><E27/><V67/><F113/><W92/><G110/><T84/><D84/><U71/><E63/><N who="3" m="24138" /><G92/><T11/><D11/><AGARI ba="1,1" hai="0,2,4,6,8,9,11,15,18,20,26,31,68,71" machi="11" ten="30,2900,0" yaku="7,1,9,1" doraHai="98" who="1" fromWho="0" sc="213,-32,309,42,253,0,215,0" /><INIT seed="5,2,0,1,2,90" ten="181,351,253,215" oya="1" hai0="29,112,19,40,80,26,64,35,108,127,131,10,20" hai1="107,13,45,32,48,126,51,121,39,134,54,57,128" hai2="111,85,89,0,67,1,135,6,106,43,87,47,124" hai3="46,3,62,30,34,9,84,11,115,42,91,120,133"/><U27/><E121/><V122/><F122/><W63/><G120/><T116/><D108/><U113/><E107/><V2/><F111/><W99/><G115/><T22/><D112/><U77/><E39/><V82/><F106/><W98/><G34/><T132/><D116/><U18/><E134/><V70/><F124/><W58/><G30/><T95/><D127/><U68/><E68/><V33/><F33/><W61/><G58/><T75/><D132/><U97/><E128/><V94/><F135/><W8/><G3/><T59/><D131/><U55/><E126/><V105/><F105/><W92/><REACH who="3" step="1"/><G133/><REACH who="3" ten="181,351,253,205" step="2"/><T78/><D59/><U104/><E32/><V31/><F31/><W93/><G93/><T49/><D64/><U117/><E57/><V88/><F67/><W36/><AGARI ba="2,1" hai="8,9,11,36,42,46,61,62,63,84,91,92,98,99" machi="36" ten="30,7900,0" yaku="1,1,0,1,52,1,53,1" doraHai="90" doraHaiUra="69" who="3" fromWho="3" sc="181,-22,351,-41,253,-22,205,95" /><INIT seed="6,0,0,5,5,103" ten="159,310,231,300" oya="2" hai0="25,112,123,13,130,124,23,4,107,121,125,83,58" hai1="134,73,96,34,74,64,95,128,92,1,2,37,118" hai2="55,81,35,9,93,26,60,129,36,66,24,17,48" hai3="98,61,59,71,86,106,79,51,133,80,99,33,31"/><V5/><F129/><W44/><G71/><T10/><D83/><U67/><E37/><V28/><F36/><W85/><G33/><T76/><D76/><U115/><E96/><V122/><F122/><N who="0" m="46602" /><D58/><U97/><E97/><V78/><F93/><W70/><G133/><T18/><D107/><U113/><E34/><V131/><F24/><W11/><G31/><T29/><D130/><U68/><E68/><V20/><F131/><W45/><G11/><T84/><D84/><U127/><E128/><V56/><F35/><W102/><G70/><T15/><D112/><U40/><E40/><V87/><F28/><W65/><G51/><T94/><D94/><U47/><E47/><V8/><REACH who="2" step="1"/><F5/><REACH who="2" ten="159,310,221,300" step="2"/><W101/><REACH who="3" step="1"/><G85/><REACH who="3" ten="159,310,221,290" step="2"/><T43/><D43/><U135/><E135/><V108/><F108/><W39/><G39/><T6/><D6/><U14/><E134/><V72/><F72/><W105/><AGARI ba="0,2" hai="44,45,59,61,65,79,80,86,98,99,101,102,105,106" machi="105" ten="20,16000,3" yaku="1,1,0,1,7,1,9,1,52,2,53,2" doraHai="103" doraHaiUra="100" who="3" fromWho="3" sc="159,-40,310,-40,221,-80,290,180" /><INIT seed="7,0,0,3,3,105" ten="119,270,141,470" oya="3" hai0="4,8,104,102,79,89,90,30,73,134,57,98,32" hai1="33,37,47,43,2,68,42,123,3,126,35,65,5" hai2="111,61,74,17,80,71,45,116,66,121,31,12,6" hai3="44,101,113,78,109,132,40,63,41,54,22,19,114"/><W36/><G101/><T21/><D32/><U117/><E123/><V82/><F111/><W99/><G99/><T129/><D129/><U56/><E126/><V46/><F116/><W39/><G132/><T77/><D134/><U108/><E56/><N who="2" m="37159" /><F74/><W13/><G78/><T23/><D57/><U7/><E7/><V64/><F71/><W118/><G118/><T48/><D48/><U16/><E16/><V94/><F31/><W84/><G84/><T135/><D135/><U50/><E50/><V15/><F64/><W58/><G109/><T96/><D96/><U120/><E43/><V119/><F121/><W29/><G29/><T91/><D30/><U53/><E53/><V131/><F131/><W69/><G69/><T100/><D100/><U25/><E25/><V107/><F107/><W72/><G72/><T130/><D130/><U28/><E28/><V97/><F12/><W52/><G54/><T20/><REACH who="0" step="1"/><D73/><REACH who="0" ten="109,270,141,470" step="2"/><U38/><E35/><V9/><F119/><W133/><G133/><T62/><D62/><U122/><E33/><V11/><F45/><AGARI ba="0,1" hai="13,19,22,36,39,40,41,44,45,52,58,63,113,114" machi="45" ten="40,3900,0" yaku="9,1,54,1" doraHai="105" who="3" fromWho="2" sc="109,0,270,0,141,-39,470,49" owari="109,-29.1,270,7.0,102,-39.8,519,61.9" /></mjloggm>