<mjloggm ver="2.3"><GO type="169" lobby="0"/><UN n0="%E3%82%B1%E3%82%A4%E3%83%AD%E3%83%B3" n1="%4E%49%4B%55%59%41" n2="%E7%B4%AB%E3%81%AE%E9%8F%A1" n3="%E5%8F%A4%E6%96%AF%E5%A1%94%E5%A4%AB%E4%BA%8C%E4%B8%96" dan="16,17,17,16" rate="2121.63,2207.44,2162.63,2125.67" sx="M,M,M,M"/><TAIKYOKU oya="0"/><INIT seed="0,0,0,3,1,1" ten="250,250,250,250" oya="0" hai0="123,98,76,132,11,71,14,19,35,37,104,85,47" hai1="92,129,10,27,36,86,119,61,122,69,108,34,8" hai2="75,106,3,30,52,118,43,49,58,25,115,107,74" hai3="22,121,56,4,0,103,83,111,80,13,65,102,79"/><T16/><D123/><U131/><E36/><V99/><F115/><W38/><G121/><T116/><D116/><U9/><E122/><V126/><F118/><W135/><G38/><T113/><D113/><U21/><E119/><V15/><F3/><W82/><G111/><T87/><D71/><U91/><E34/><V105/><F126/><W125/><G125/><T50/><D35/><U31/><REACH who="1" step="1"/><E108/><REACH who="1" ten="250,240,250,250" step="2"/><V60/><F99/><W6/><G135/><T23/><D37/><U63/><E63/><V64/><F43/><W94/><G79/><T96/><D132/><U57/><E57/><V44/><REACH who="2" step="1"/><F15/><REACH who="2" ten="250,240,240,250" step="2"/><W133/><G0/><T77/><D98/><U114/><E114/><V39/><F39/><W5/><G133/><T134/><D96/><U88/><E88/><V73/><F73/><W95/><G102/><T29/><D134/><U109/><E109/><V17/><F17/><N who="3" m="10543" /><G103/><T41/><D29/><U117/><E117/><V48/><F48/><W12/><G12/><N who="0" m="9607" /><D104/><U70/><E70/><V78/><F78/><AGARI ba="0,2" hai="11,14,19,41,47,50,76,77,78,85,87" m="9607" machi="78" ten="30,2900,0" yaku="8,1,54,1" doraHai="1" who="0" fromWho="2" sc="250,49,240,0,240,-29,250,0" /><INIT seed="0,1,0,5,0,121" ten="299,240,211,250" oya="0" hai0="28,25,127,0,70,7,6,109,26,52,9,51,74" hai1="13,42,116,53,62,134,47,108,128,131,35,38,33" hai2="45,122,72,21,14,135,17,124,1,81,101,113,90" hai3="118,63,12,103,3,15,98,43,18,133,36,99,125"/><T107/><D74/><U46/><E13/><V110/><F122/><W86/><G118/><T44/><D127/><U115/><E33/><V120/><F120/><W29/><G3/><T48/><D107/><U56/><E35/><V34/><F34/><W69/><G125/><T4/><D70/><U129/><E116/><V82/><F113/><W95/><G133/><T102/><D102/><U105/><E105/><V20/><F1/><W61/><G69/><T22/><D109/><U104/><E104/><V65/><F124/><W31/><G36/><T91/><D25/><U39/><E134/><V130/><F135/><W59/><G43/><T10/><D0/><U11/><E11/><V19/><F101/><N who="3" m="60639" /><G86/><T67/><D67/><U37/><E115/><V94/><F65/><N who="3" m="39103" /><G63/><T60/><D60/><U71/><E108/><V106/><F106/><W16/><G99/><T119/><D119/><U55/><E71/><V24/><F110/><W117/><G103/><T27/><D27/><U112/><E112/><V50/><F72/><W80/><G80/><T89/><D51/><AGARI ba="1,0" hai="37,38,39,42,46,47,51,53,55,56,62,128,129,131" machi="51" ten="40,8000,1" yaku="19,1,34,3" doraHai="121" who="1" fromWho="0" sc="299,-83,240,83,211,0,250,0" /><INIT seed="1,0,0,0,1,59" ten="216,323,211,250" oya="1" hai0="101,23,0,19,13,84,127,52,18,61,31,103,113" hai1="94,98,92,34,81,55,57,20,123,87,116,76,42" hai2="102,33,35,118,24,5,124,85,62,75,88,78,66" hai3="112,126,40,69,108,58,53,67,128,6,37,38,43"/><U17/><E34/><V115/><F118/><W71/><G6/><T122/><D113/><U29/><E123/><V132/><F115/><W25/><G25/><T86/><D127/><U65/><E116/><V12/><F124/><W41/><G112/><T7/><D31/><U44/><E65/><V30/><F132/><W120/><G126/><T64/><D64/><U100/><E29/><V70/><F102/><N who="0" m="38922" /><D0/><U47/><E94/><BYE who="3" /><V111/><F111/><W73/><G73/><T117/><D7/><U72/><E42/><V15/><F33/><UN n3="%E5%8F%A4%E6%96%AF%E5%A1%94%E5%A4%AB%E4%BA%8C%E4%B8%96" /><W9/><G9/><N who="0" m="6447" /><D117/><U51/><REACH who="1" step="1"/><E72/><REACH who="1" ten="216,313,211,250" step="2"/><V134/><F134/><W106/><G120/><T109/><D122/><U60/><E60/><V90/><F75/><W130/><G106/><T54/><D109/><U119/><E119/><V4/><F30/><W21/><G108/><T63/><D54/><U110/><E110/><V104/><F35/><W97/><G67/><T46/><D46/><U74/><E74/><V80/><F104/><W93/><G40/><T8/><D8/><U39/><E39/><V14/><F66/><W27/><G37/><T125/><D125/><U28/><E28/><V1/><F62/><N who="0" m="23562" /><D52/><U77/><E77/><V107/><F78/><W49/><G38/><T36/><D36/><U2/><E2/><V131/><F1/><W91/><G43/><T95/><D95/><U96/><E96/><V11/><F107/><W50/><G41/><T135/><D135/><U10/><E10/><V3/><F11/><W133/><G133/><T129/><D129/><N who="3" m="49769" /><G50/><T26/><AGARI ba="0,1" hai="19,23,26,84,86" m="23562,6447,38922" machi="26" ten="30,7900,0" yaku="8,1,52,3" doraHai="59" who="0" fromWho="0" sc="216,89,313,-39,211,-20,250,-20" /><INIT seed="2,0,0,4,3,51" ten="305,274,191,230" oya="2" hai0="55,35,52,22,12,113,78,106,5,122,31,21,3" hai1="97,74,62,82,77,115,59,42,13,120,95,109,2" hai2="108,20,132,61,112,45,126,111,27,26,10,86,89" hai3="94,0,56,17,105,7,92,88,99,46,25,66,65"/><V68/><F112/><W33/><G105/><T60/><D106/><U40/><E2/><V79/><F132/><W30/><G0/><T34/><D122/><U53/><E115/><V85/><F126/><W23/><G7/><T64/><D113/><U119/><E119/><V107/><F107/><W80/><G80/><T116/><D78/><U129/><E120/><V41/><F10/><W15/><G46/><T102/><D102/><U71/><E109/><N who="2" m="42059" /><F79/><W18/><G18/><N who="0" m="10439" /><D22/><U11/><E71/><V76/><F76/><W9/><G33/><T87/><D87/><N who="2" m="33290" /><F89/><W134/><G134/><T130/><D130/><U50/><E129/><V110/><N who="2" m="42067" /><V123/><DORA hai="127" /><F123/><W47/><G94/><T121/><D116/><U63/><E40/><V103/><F103/><W49/><REACH who="3" step="1"/><G56/><REACH who="3" ten="305,274,191,220" step="2"/><T84/><D121/><U98/><E42/><AGARI ba="0,1" hai="9,15,17,23,25,30,42,47,49,65,66,88,92,99" machi="42" ten="30,12000,2" yaku="1,1,2,1,7,1,8,1,54,1,53,2" doraHai="51,127" doraHaiUra="91,19" who="3" fromWho="1" sc="305,0,274,-120,191,0,220,130" /><INIT seed="3,0,0,3,1,115" ten="305,154,191,350" oya="3" hai0="35,112,5,39,95,41,111,124,28,105,69,96,90" hai1="31,43,108,126,48,74,122,134,91,100,97,15,9" hai2="102,93,125,76,130,46,114,32,7,123,10,30,62" hai3="40,34,132,83,78,53,110,4,58,107,27,26,38"/><W131/><G132/><T86/><D112/><U121/><E74/><V63/><F114/><W101/><G131/><T50/><D39/><U23/><E134/><V24/><F130/><W67/><G110/><T103/><D69/><U20/><E108/><V12/><F125/><W19/><G67/><T66/><D124/><U119/><E126/><V128/><F128/><W129/><G129/><T55/><D66/><U64/><E91/><V92/><F123/><W57/><G4/><T21/><D35/><U85/><E85/><V49/><F76/><W33/><G101/><T65/><D65/><U68/><E43/><V118/><F118/><W88/><G107/><T135/><D5/><U0/><E0/><V72/><F72/><W56/><G53/><T75/><D41/><U25/><E23/><V16/><F92/><W42/><G38/><T109/><D135/><U104/><E48/><V14/><F93/><W98/><G78/><T60/><D60/><U80/><E80/><V1/><F12/><W117/><G83/><T17/><D28/><U120/><E119/><V13/><F14/><W94/><G117/><T52/><D55/><U87/><E87/><V82/><F82/><W47/><G47/><T2/><D2/><U81/><E81/><V8/><REACH who="2" step="1"/><F102/><REACH who="2" ten="305,154,181,350" step="2"/><W44/><G94/><T18/><D75/><U54/><E15/><V84/><F84/><W71/><G26/><N who="0" m="14639" /><D111/><U59/><E120/><V36/><F36/><W116/><G116/><T106/><D109/><U6/><E121/><V61/><F61/><W70/><G27/><T99/><D103/><U127/><E122/><RYUUKYOKU ba="0,1" sc="305,-10,154,-10,181,30,350,-10" hai2="1,7,8,10,13,16,24,30,32,46,49,62,63" /><INIT seed="4,1,1,3,3,84" ten="295,144,211,340" oya="0" hai0="116,103,70,106,52,41,3,48,13,82,8,27,18" hai1="46,61,51,102,55,97,112,42,68,110,73,31,131" hai2="87,83,9,118,67,114,90,19,34,40,100,39,38" hai3="20,132,111,88,65,60,134,113,30,109,74,101,127"/><T95/><D70/><U104/><E110/><V126/><F34/><W79/><G74/><T17/><D116/><U45/><E73/><V28/><F118/><W36/><G79/><T133/><D3/><U71/><E131/><V49/><F28/><W72/><G72/><T21/><D133/><N who="3" m="51305" /><G36/><T124/><D124/><U117/><E117/><V75/><F126/><W130/><G101/><T129/><D129/><U66/><E112/><V58/><F114/><W4/><G127/><T89/><D106/><U63/><E31/><V5/><F100/><W115/><G4/><T125/><D125/><U29/><E29/><V47/><F75/><W43/><G43/><T24/><D82/><U94/><E104/><V33/><F33/><W78/><G78/><T119/><D103/><U14/><E14/><V53/><F67/><W32/><G32/><T59/><D119/><U10/><E10/><V92/><F19/><W107/><G107/><T15/><D41/><U7/><E7/><V64/><F64/><W23/><G130/><T2/><D2/><U98/><E66/><V16/><F16/><W80/><G115/><T69/><D69/><U54/><E102/><V81/><REACH who="2" step="1"/><F39/><REACH who="2" ten="295,144,201,340" step="2"/><W93/><G113/><T91/><REACH who="0" step="1"/><D91/><REACH who="0" ten="285,144,201,340" step="2"/><U37/><E37/><V11/><F11/><W123/><G88/><T108/><D108/><U135/><E135/><V99/><F99/><AGARI ba="1,3" hai="8,13,15,17,18,21,24,27,48,52,59,89,95,99" machi="99" ten="30,12000,1" yaku="1,1,7,1,8,1,52,1,54,1,53,0" doraHai="84" doraHaiUra="77" who="0" fromWho="2" sc="285,153,144,0,201,-123,340,0" /><INIT seed="4,2,0,4,5,65" ten="438,144,78,340" oya="0" hai0="88,83,133,97,105,78,95,20,58,98,116,103,85" hai1="128,113,2,46,54,126,135,66,130,86,100,77,118" hai2="102,1,74,45,79,80,62,112,91,67,33,39,44" hai3="22,123,76,10,17,125,31,29,4,48,104,122,34"/><T87/><D116/><U124/><E2/><V101/><F112/><W21/><G104/><T70/><D58/><U82/><E66/><V11/><F33/><W106/><G106/><T94/><D20/><U35/><E35/><V24/><F24/><W90/><G76/><T134/><D70/><U84/><E54/><V7/><F91/><AGARI ba="2,0" hai="78,83,85,87,88,91,94,95,97,98,103,105,133,134" machi="91" ten="40,12000,1" yaku="34,3,54,1" doraHai="65" who="0" fromWho="2" sc="438,126,144,0,78,-126,340,0" owari="564,66.4,144,-25.6,-48,-54.8,340,14.0" /></mjloggm>