<mjloggm ver="2.3"><GO type="169" lobby="0"/><UN n0="%E3%81%AA%E3%81%BE%E3%81%91%E8%80%85" n1="%65%76%31%36%33%38%34" n2="%E6%BC%82%E3%81%86" n3="%E4%B9%9D%E5%B0%BE%E3%81%AE%E3%83%8D%E3%82%B3" dan="16,17,16,16" rate="2071.81,2150.54,2119.51,2035.65" sx="M,M,M,M"/><TAIKYOKU oya="0"/><INIT seed="0,0,0,2,3,92" ten="250,250,250,250" oya="0" hai0="43,57,12,52,9,67,129,7,88,82,130,77,26" hai1="120,8,11,55,123,61,35,17,73,2,107,114,3" hai2="119,98,70,125,23,117,86,108,94,16,4,91,25" hai3="42,76,99,45,81,5,38,24,28,41,93,78,0"/><T126/><D126/><U69/><E73/><V54/><F108/><W97/><G42/><T133/><D43/><U85/><E85/><V105/><F125/><W50/><G50/><T33/><D67/><U48/><E35/><V49/><F4/><W115/><G115/><T79/><D133/><U15/><E114/><V116/><F70/><W30/><G30/><T112/><D112/><U100/><E61/><V106/><REACH who="2" step="1"/><F86/><REACH who="2" ten="250,250,240,250" step="2"/><W19/><G5/><T66/><D130/><U14/><E69/><V72/><F72/><W6/><G6/><T89/><D129/><U46/><E123/><V132/><F132/><W104/><G0/><T121/><D121/><U80/><E120/><V64/><F64/><W29/><G78/><T135/><D66/><U10/><E2/><V71/><F71/><W37/><G76/><T22/><D135/><U39/><E3/><V87/><F87/><W103/><G81/><T60/><D33/><U131/><E80/><V128/><F128/><W20/><REACH who="3" step="1"/><G38/><REACH who="3" ten="250,250,240,240" step="2"/><T63/><D79/><U44/><E39/><V83/><F83/><W102/><AGARI ba="0,2" hai="19,20,24,28,29,37,41,45,93,97,99,102,103,104" machi="102" ten="20,12000,2" yaku="1,1,2,1,0,1,7,1,52,2,53,0" doraHai="92" doraHaiUra="75" who="3" fromWho="3" sc="250,-60,250,-30,240,-30,240,140" /><INIT seed="1,0,0,0,5,19" ten="190,220,210,380" oya="1" hai0="125,44,67,56,54,109,57,89,122,121,108,86,27" hai1="87,2,41,80,130,12,76,94,38,118,101,84,90" hai2="82,78,81,29,50,49,134,25,133,75,34,111,42" hai3="106,68,17,88,8,127,117,105,13,73,120,63,119"/><U39/><E2/><V35/><F111/><N who="0" m="42570" /><D125/><U37/><E118/><V113/><F113/><W91/><G120/><N who="0" m="46187" /><D27/><U58/><E130/><V3/><F3/><W51/><G73/><T124/><D124/><U20/><E101/><V114/><F114/><W79/><G79/><T74/><D74/><U66/><E41/><V69/><F69/><W43/><G127/><T135/><D86/><U99/><E66/><V48/><F35/><W103/><G106/><T107/><D107/><U77/><E58/><V131/><F131/><W31/><G31/><T5/><D5/><U70/><E70/><V128/><F128/><W36/><G36/><T4/><D4/><U15/><REACH who="1" step="1"/><E20/><REACH who="1" ten="190,210,210,380" step="2"/><V6/><F42/><W14/><G103/><T62/><D135/><U28/><E28/><V92/><F133/><W129/><G129/><T104/><D104/><U132/><E132/><V10/><F134/><W126/><G105/><T102/><D102/><U95/><E95/><V40/><F92/><W97/><G126/><T26/><D89/><U112/><E112/><V116/><F40/><W7/><G91/><T21/><D44/><U33/><E33/><V30/><F30/><W85/><G117/><T72/><D57/><U59/><E59/><V22/><F116/><W93/><G119/><T98/><D67/><U16/><E16/><V83/><F34/><W115/><G115/><T45/><D45/><U71/><E71/><V60/><F29/><W32/><G32/><T96/><D72/><U55/><E55/><V0/><F75/><W64/><G17/><AGARI ba="0,1" hai="17,21,26,54,56,62,96,98" m="46187,42570" machi="17" ten="30,3900,0" yaku="14,1,13,1,52,1" doraHai="19" who="0" fromWho="3" sc="190,49,210,0,210,0,380,-39" /><INIT seed="2,0,0,3,4,31" ten="239,210,210,341" oya="2" hai0="94,61,125,113,44,104,11,64,33,96,27,43,103" hai1="8,55,82,68,57,9,39,4,60,69,1,118,49" hai2="12,65,45,101,114,110,132,97,26,112,117,41,58" hai3="102,6,87,120,50,18,37,95,32,134,98,91,84"/><V5/><F117/><W93/><G120/><T13/><D113/><U59/><E118/><V70/><F70/><W20/><G37/><T30/><D125/><U2/><E39/><V7/><F112/><W81/><G134/><T35/><D44/><U67/><REACH who="1" step="1"/><E82/><REACH who="1" ten="239,200,210,341" step="2"/><V29/><F114/><W14/><G50/><T47/><D47/><U77/><E77/><V133/><F132/><W66/><G66/><T48/><D48/><U63/><E63/><N who="2" m="38135" /><F133/><W122/><G122/><T53/><D43/><U106/><E106/><V78/><F78/><W21/><G81/><T127/><D127/><U73/><E73/><V10/><F110/><W86/><G6/><AGARI ba="0,1" hai="1,2,4,6,8,9,49,55,57,59,60,67,68,69" machi="6" ten="40,2600,0" yaku="1,1,9,1,53,0" doraHai="31" doraHaiUra="16" who="1" fromWho="3" sc="239,0,200,36,210,0,341,-26" /><INIT seed="3,0,0,2,0,109" ten="239,236,210,315" oya="3" hai0="83,62,76,49,92,79,11,36,110,13,32,8,103" hai1="73,19,97,55,63,34,35,80,15,16,28,67,72" hai2="99,23,5,12,48,118,78,91,90,115,88,24,50" hai3="20,68,17,14,38,119,111,84,26,64,106,4,96"/><W123/><G119/><T40/><D32/><U51/><E97/><V132/><F118/><W74/><G74/><T41/><D36/><U101/><E101/><V135/><F78/><W125/><G111/><T71/><D110/><U42/><E42/><V126/><F115/><W102/><G123/><T127/><D127/><U2/><E2/><V6/><F99/><W104/><G125/><T100/><D71/><U7/><E7/><N who="2" m="2571" /><F12/><W45/><G106/><T129/><D62/><U60/><E80/><V56/><F56/><W47/><G38/><T86/><D76/><U75/><E28/><V82/><F82/><W29/><G4/><N who="0" m="3207" /><D11/><U25/><E25/><V21/><F24/><W89/><G64/><T98/><D129/><U31/><E31/><V113/><F113/><W114/><G68/><T18/><D18/><U87/><E19/><V54/><F54/><W57/><G57/><T53/><D103/><U65/><E65/><V77/><F77/><W1/><G1/><T112/><D112/><U105/><E105/><V120/><F126/><W107/><G104/><T0/><D0/><U44/><E87/><V61/><F61/><W121/><G121/><T43/><D53/><U94/><E63/><V130/><F130/><W93/><REACH who="3" step="1"/><G114/><REACH who="3" ten="239,236,210,305" step="2"/><T58/><D58/><U52/><E67/><V85/><F120/><W108/><G108/><T134/><D134/><N who="2" m="51242" /><F85/><W3/><G3/><T124/><D124/><U59/><E73/><V30/><F30/><W128/><G128/><T69/><D69/><U66/><E72/><V122/><F122/><W46/><G46/><AGARI ba="0,1" hai="40,41,43,46,49,79,83,86,92,98,100" m="3207" machi="46" ten="30,2000,0" yaku="25,1,8,1" doraHai="109" who="0" fromWho="3" sc="239,30,236,0,210,0,305,-20" /><INIT seed="4,0,0,5,4,0" ten="269,236,210,285" oya="0" hai0="40,11,56,97,111,5,26,105,39,129,38,53,3" hai1="75,54,99,100,33,91,131,47,90,57,103,120,42" hai2="30,59,112,127,77,70,58,113,102,14,22,95,41" hai3="25,37,128,50,92,32,79,66,101,2,36,28,88"/><T134/><D134/><U12/><E33/><V34/><F70/><W108/><G128/><T69/><D69/><U67/><E75/><V86/><F34/><W73/><G108/><T63/><D129/><U64/><E120/><V133/><F133/><W7/><G101/><T110/><D26/><U87/><E91/><V29/><F41/><W16/><G66/><T43/><D43/><U118/><E118/><V116/><F127/><W1/><G50/><T119/><D119/><U19/><E131/><V80/><F116/><W60/><G60/><T85/><D85/><U61/><E90/><V18/><F59/><W89/><G2/><T96/><D105/><U48/><E87/><V106/><F106/><W115/><G115/><N who="2" m="44105" /><F58/><W126/><G126/><T125/><D125/><U74/><E74/><V76/><F76/><W107/><G107/><T8/><D8/><U82/><E82/><V31/><F102/><N who="1" m="38953" /><E99/><N who="0" m="37961" /><D40/><U52/><E42/><V45/><F95/><W62/><G92/><T51/><D63/><U81/><E81/><V68/><F68/><W27/><G62/><T46/><D56/><U13/><E13/><V123/><F123/><W121/><G121/><T135/><D135/><U94/><E94/><V93/><F93/><W84/><G84/><T4/><D39/><U83/><E83/><V24/><F24/><W9/><G37/><T10/><D38/><U20/><AGARI ba="0,0" hai="12,19,20,47,48,52,54,57,61,64,67" m="38953" machi="20" ten="30,2000,0" yaku="8,1,54,1" doraHai="0" who="1" fromWho="1" sc="269,-10,236,20,210,-5,285,-5" /><INIT seed="5,0,0,2,5,68" ten="259,256,205,280" oya="1" hai0="57,36,97,50,106,85,91,4,101,93,115,65,63" hai1="95,54,30,87,107,22,99,117,94,109,56,16,114" hai2="72,53,38,103,48,60,49,41,134,78,89,21,104" hai3="35,61,124,92,131,75,98,132,86,84,126,129,81"/><U55/><E114/><V90/><F134/><W39/><G39/><T10/><D115/><U15/><E117/><V12/><F60/><W113/><G61/><T77/><D50/><U112/><E112/><V130/><F130/><N who="3" m="49675" /><G113/><T45/><D77/><U96/><E109/><V29/><F49/><W79/><G35/><T118/><D118/><U44/><E44/><V105/><F72/><W18/><G18/><T64/><D45/><U70/><E70/><V46/><F78/><W125/><G132/><T58/><D58/><U62/><E107/><V5/><F105/><W69/><G69/><T120/><D120/><U28/><E87/><V33/><F33/><W9/><G9/><T31/><D31/><U3/><E3/><V102/><F104/><W8/><G8/><T73/><D73/><U83/><E83/><V26/><F5/><W88/><AGARI ba="0,0" hai="75,79,81,84,86,88,92,98,124,125,126" m="49675" machi="88" ten="40,8000,1" yaku="18,1,19,1,34,2,54,1" doraHai="68" who="3" fromWho="3" sc="259,-20,256,-40,205,-20,280,80" /><INIT seed="6,0,0,4,3,135" ten="239,216,185,360" oya="2" hai0="98,127,102,72,65,0,128,92,89,131,18,36,24" hai1="32,46,64,107,23,105,119,16,67,75,83,103,108" hai2="56,70,133,109,116,50,11,9,21,63,117,14,40" hai3="68,84,111,73,76,48,95,134,78,31,13,121,93"/><V53/><F133/><W101/><G134/><T12/><D36/><U55/><E108/><V120/><F120/><W80/><G68/><T35/><D0/><U58/><E32/><V25/><F109/><W27/><G111/><T132/><D72/><U33/><E33/><V61/><F61/><W7/><G73/><T90/><D132/><U88/><E119/><V59/><F70/><W57/><G78/><T66/><D24/><U104/><E46/><V45/><F59/><W106/><G101/><T1/><D1/><U94/><E103/><V8/><REACH who="2" step="1"/><F14/><REACH who="2" ten="239,216,175,360" step="2"/><W126/><G13/><T125/><D66/><U97/><E67/><V69/><F69/><W19/><G57/><T118/><D65/><U123/><E64/><V113/><F113/><W54/><G121/><T20/><D118/><U10/><E123/><V71/><F71/><W49/><G54/><T129/><D35/><U99/><E55/><V77/><F77/><W38/><G76/><T130/><D130/><U30/><E58/><V122/><F122/><W62/><G62/><T29/><D29/><AGARI ba="0,1" hai="8,9,11,21,25,29,40,45,50,53,56,63,116,117" machi="29" ten="40,2000,0" yaku="1,1,53,0" doraHai="135" doraHaiUra="110" who="2" fromWho="0" sc="239,-20,216,0,175,30,360,0" /><INIT seed="6,1,0,3,1,123" ten="219,216,205,360" oya="2" hai0="58,8,78,49,73,50,65,6,16,119,30,35,48" hai1="77,79,69,41,90,52,43,108,19,75,101,71,18" hai2="60,102,32,100,99,53,74,45,110,33,116,61,9" hai3="21,70,15,115,114,14,25,46,103,133,107,51,88"/><V54/><F116/><W129/><G70/><T126/><D119/><U63/><E101/><V67/><F74/><W7/><G103/><T80/><D126/><U38/><E75/><V120/><F120/><W85/><G107/><T117/><D117/><U20/><E90/><V76/><F76/><W98/><G98/><T111/><D111/><U40/><E38/><V92/><F110/><W5/><G15/><T34/><D30/><U17/><E20/><V66/><F9/><W125/><G14/><T127/><D127/><U106/><E106/><V68/><F45/><W28/><G125/><T135/><D135/><U105/><E105/><V109/><F109/><W128/><G133/><T55/><D65/><U95/><E95/><V87/><F87/><W11/><G11/><T22/><D8/><U4/><E4/><N who="3" m="1610" /><G51/><T2/><D2/><U124/><E124/><V112/><F68/><W36/><G36/><T96/><D96/><U97/><E97/><V64/><F99/><W39/><G39/><T121/><D6/><U26/><E108/><V59/><F92/><N who="3" m="54287" /><G46/><T23/><D23/><N who="1" m="13679" /><E71/><V27/><F67/><W42/><G42/><T82/><D82/><U113/><E69/><V94/><F94/><W134/><G134/><T0/><D0/><U10/><E10/><V122/><F122/><W44/><G44/><T132/><D132/><U81/><E81/><V3/><F3/><W13/><G13/><N who="0" m="9487" /><D121/><U93/><E43/><V62/><F27/><W104/><G104/><T118/><D118/><U29/><E41/><V24/><F24/><W84/><G84/><T47/><D47/><RYUUKYOKU ba="1,0" sc="219,15,216,-15,205,-15,360,15" hai0="34,35,48,49,50,55,58,73,78,80" hai3="21,25,28,114,115,128,129" /><INIT seed="7,2,0,4,4,54" ten="234,201,190,375" oya="3" hai0="104,7,1,8,135,134,6,70,22,38,2,87,128" hai1="53,40,61,81,85,74,125,116,88,105,37,32,80" hai2="51,49,24,68,18,113,66,132,39,30,4,56,27" hai3="112,12,9,52,64,109,28,98,10,122,90,36,41"/><W55/><G90/><T0/><D70/><U57/><E32/><V48/><F39/><W75/><G55/><T95/><D104/><U120/><E120/><V89/><F132/><W13/><G52/><T97/><D38/><U59/><E105/><V50/><F113/><W130/><G64/><T86/><D128/><U43/><E125/><V101/><F101/><W45/><G13/><N who="0" m="5271" /><D22/><U93/><E116/><V124/><F124/><W96/><G98/><T108/><D108/><U131/><E131/><V84/><F68/><W26/><G12/><T44/><D44/><U73/><E73/><V82/><F4/><W102/><G102/><N who="0" m="60735" /><D7/><U126/><E126/><V119/><F119/><W47/><G41/><N who="1" m="15946" /><E74/><V127/><F127/><W106/><G26/><N who="2" m="9769" /><F30/><W77/><G28/><T129/><D129/><U31/><E31/><V19/><N who="2" m="12288" /><DORA hai="110" /><V46/><F46/><W62/><G47/><T79/><D79/><U83/><E37/><V60/><AGARI ba="2,0" hai="18,19,56,60,66,82,84,89" m="12288,9769" machi="60" ten="50,3200,0" yaku="8,1,52,1" doraHai="54,110" who="2" fromWho="2" sc="234,-10,201,-10,190,38,375,-18" owari="224,-17.6,191,-30.9,228,2.8,357,45.7" /></mjloggm>