<mjloggm ver="2.3"><GO type="169" lobby="0"/><UN n0="%74%61%6B%61%74%6F%72%69" n1="%E5%8D%88%E5%BE%8C%E3%82%B4%E3%83%AA%E3%83%A9" n2="%E3%81%8A%E3%81%B0%E3%81%82%E3%81%AB%E3%82%83%E3%82%93" n3="%E5%8C%97%E5%A4%A9%E7%A5%9E%E3%81%AE%E7%94%9F%E8%8F%9C" dan="16,16,16,16" rate="2033.34,2135.59,2121.06,2111.80" sx="M,M,M,F"/><TAIKYOKU oya="0"/><INIT seed="0,0,0,1,1,53" ten="250,250,250,250" oya="0" hai0="7,73,66,61,40,12,9,35,71,104,58,92,8" hai1="22,48,84,2,96,17,117,97,36,56,129,10,0" hai2="105,95,28,127,62,119,89,83,13,114,65,18,5" hai3="124,77,93,15,128,82,52,37,30,31,91,25,45"/><T14/><D104/><U74/><E36/><V41/><F114/><W16/><G124/><T70/><D35/><U135/><E74/><V39/><F105/><W34/><G128/><T110/><D73/><U51/><E117/><V126/><F119/><W130/><G130/><T43/><D110/><U113/><E113/><V54/><F54/><W116/><G116/><T6/><REACH who="0" step="1"/><D92/><REACH who="0" ten="240,250,250,250" step="2"/><U102/><E129/><V115/><F95/><W112/><G112/><T80/><D80/><U121/><E121/><V106/><F83/><W49/><G34/><T79/><D79/><U111/><E111/><V38/><F106/><W107/><G107/><T23/><D23/><U85/><E22/><V69/><F115/><W131/><G131/><T123/><D123/><U24/><E10/><V50/><F126/><W109/><G109/><T68/><AGARI ba="0,1" hai="6,7,8,9,12,14,40,43,58,61,66,68,70,71" machi="68" ten="30,12000,1" yaku="1,1,0,1,9,1,52,1,53,1" doraHai="53" doraHaiUra="55" who="0" fromWho="0" sc="240,130,250,-40,250,-40,250,-40" /><INIT seed="0,1,0,3,3,118" ten="370,210,210,210" oya="0" hai0="85,31,89,21,73,66,15,64,102,43,63,110,101" hai1="86,36,75,58,106,97,37,13,19,84,67,25,2" hai2="100,87,10,23,119,91,80,7,111,59,8,72,133" hai3="47,45,105,22,74,121,5,78,92,79,103,55,76"/><T130/><D73/><U62/><E75/><V108/><F119/><W135/><G5/><T88/><D130/><U56/><E2/><V54/><F133/><W120/><G135/><T81/><D43/><U96/><E25/><V107/><F72/><W35/><G35/><T70/><D110/><N who="2" m="42026" /><F7/><W50/><G105/><T38/><D38/><U3/><E3/><V82/><F82/><W94/><G74/><T98/><D66/><U0/><E0/><V39/><F39/><W11/><G11/><T113/><D113/><U51/><E37/><V65/><F65/><W1/><G1/><T60/><D63/><U95/><E36/><V123/><F123/><N who="3" m="47179" /><G103/><T57/><D70/><U117/><E117/><V34/><F34/><W18/><G47/><T131/><D131/><U52/><E106/><V122/><F23/><W12/><AGARI ba="1,0" hai="12,18,22,45,50,55,76,78,79,92,94" m="47179" machi="12" ten="30,7900,0" yaku="13,1,52,3" doraHai="118" who="3" fromWho="3" sc="370,-40,210,-21,210,-21,210,82" /><INIT seed="1,0,0,0,2,23" ten="330,189,189,292" oya="1" hai0="117,5,3,119,6,22,44,33,30,82,51,54,7" hai1="16,61,4,120,37,80,47,93,28,20,9,74,75" hai2="34,96,49,67,18,26,99,35,50,10,12,72,130" hai3="100,77,126,132,106,112,79,46,62,83,113,98,58"/><U70/><E120/><V42/><F72/><W60/><G126/><T29/><D33/><U40/><E28/><V127/><F127/><W76/><G132/><T101/><D3/><U109/><E109/><V73/><F73/><W129/><G129/><T24/><D101/><U94/><E70/><V32/><F130/><W38/><G83/><T13/><D30/><U108/><E61/><V91/><F67/><W86/><G86/><T85/><REACH who="0" step="1"/><D13/><REACH who="0" ten="320,189,189,292" step="2"/><U25/><E108/><V65/><F34/><W36/><G112/><T53/><D53/><U52/><E52/><V57/><F35/><W55/><G113/><T110/><D110/><U92/><REACH who="1" step="1"/><E80/><REACH who="1" ten="320,179,189,292" step="2"/><V11/><F32/><W17/><G60/><T118/><D118/><U0/><AGARI ba="0,2" hai="0,4,9,16,20,25,37,40,47,74,75,92,93,94" machi="0" ten="30,12000,1" yaku="1,1,2,1,0,1,52,1,54,1,53,0" doraHai="23" doraHaiUra="102" who="1" fromWho="1" sc="320,-40,179,140,189,-40,292,-40" /><INIT seed="1,1,0,3,5,77" ten="280,319,149,252" oya="1" hai0="125,7,49,30,131,132,59,94,50,122,128,14,34" hai1="109,113,98,111,72,112,23,18,114,123,64,62,81" hai2="16,78,116,90,129,13,133,120,57,107,91,108,36" hai3="4,24,52,66,48,75,97,2,32,43,67,70,47"/><U100/><E123/><V80/><F120/><W6/><G2/><T15/><D122/><U0/><E0/><V42/><F116/><W124/><G124/><T27/><D125/><U29/><E29/><V38/><F107/><W121/><G121/><T83/><D132/><U63/><E72/><V55/><F133/><W37/><G67/><T65/><D94/><U95/><E81/><V85/><F108/><N who="1" m="41545" /><E64/><V41/><F129/><W10/><G10/><T87/><D65/><U84/><E84/><V106/><F106/><W12/><G75/><T71/><D71/><U119/><E119/><V44/><F42/><W86/><G32/><T17/><D131/><U11/><E11/><V110/><F38/><W73/><G73/><T69/><D69/><U89/><E89/><V21/><REACH who="2" step="1"/><F110/><REACH who="2" ten="280,319,139,252" step="2"/><W28/><G43/><T79/><D128/><U76/><E114/><V56/><F56/><W33/><G37/><T53/><D59/><U96/><E113/><V58/><F58/><W93/><G70/><T88/><D53/><U126/><E112/><V115/><F115/><W127/><G127/><T19/><D50/><AGARI ba="1,1" hai="13,16,21,36,41,44,50,55,57,78,80,85,90,91" machi="50" ten="30,7700,0" yaku="1,1,7,1,52,1,54,1,53,0" doraHai="77" doraHaiUra="130" who="2" fromWho="0" sc="280,-80,319,0,139,90,252,0" /><INIT seed="2,0,0,2,4,70" ten="200,319,229,252" oya="2" hai0="58,75,135,127,63,12,94,82,106,56,52,110,26" hai1="32,120,33,89,84,101,88,39,48,60,73,13,128" hai2="74,133,91,57,0,25,132,72,27,69,100,42,31" hai3="80,78,96,126,8,122,40,121,21,16,18,98,92"/><V83/><F69/><W7/><G126/><T67/><D106/><U11/><E73/><V17/><F0/><W50/><G18/><T19/><D110/><U123/><E128/><V45/><F100/><W46/><G121/><T37/><D135/><N who="2" m="51786" /><F57/><W28/><G28/><T54/><D26/><N who="2" m="9738" /><F17/><W111/><G111/><T114/><D114/><U76/><E101/><V38/><F31/><W90/><G122/><T107/><D107/><U1/><E123/><V61/><F61/><W116/><G116/><T34/><D34/><U15/><E60/><V5/><F5/><W4/><G8/><T10/><D127/><U85/><E11/><V59/><F59/><W68/><G68/><T71/><D71/><U20/><E1/><V124/><F124/><W105/><G105/><T119/><D119/><U130/><E120/><V102/><F102/><W53/><G4/><T79/><D94/><U104/><E104/><V47/><F45/><W24/><G7/><T29/><D29/><U93/><E33/><V95/><F83/><W113/><G113/><T129/><D67/><U49/><E32/><V77/><F77/><W6/><G6/><T134/><D134/><U36/><E76/><V43/><F43/><W41/><G78/><T81/><D81/><U131/><E93/><V23/><F23/><AGARI ba="0,0" hai="13,15,20,23,36,39,48,49,84,85,88,89,130,131" machi="23" ten="25,8000,1" yaku="22,2,52,2,54,1" doraHai="70" who="1" fromWho="2" sc="200,0,319,80,229,-80,252,0" /><INIT seed="3,0,0,4,5,98" ten="200,399,149,252" oya="3" hai0="13,23,46,135,56,34,38,76,25,16,121,111,95" hai1="132,12,44,36,64,50,19,107,14,55,82,3,90" hai2="42,32,133,92,43,15,118,102,67,37,57,1,59" hai3="130,97,66,29,83,11,9,31,27,51,114,86,79"/><W103/><G114/><T68/><D68/><U85/><E3/><V20/><F118/><W75/><G130/><T35/><D121/><U96/><E132/><V134/><F1/><W22/><G75/><T123/><D123/><U8/><E64/><V104/><F32/><W93/><G29/><T2/><D2/><U5/><E36/><V0/><F0/><W70/><G70/><T88/><D111/><U4/><E14/><V77/><F104/><W63/><REACH who="3" step="1"/><G51/><REACH who="3" ten="200,399,149,242" step="2"/><T87/><D135/><U40/><E50/><V26/><F134/><W124/><G124/><T65/><D38/><U81/><E4/><V80/><F133/><W41/><G41/><T6/><D35/><U128/><E40/><V99/><F43/><W78/><G78/><T10/><D34/><U115/><E5/><V71/><F42/><W119/><G119/><T108/><D76/><U105/><E128/><V61/><F37/><W113/><G113/><T74/><D74/><U109/><E115/><V18/><REACH who="2" step="1"/><F26/><REACH who="2" ten="200,399,139,242" step="2"/><W117/><G117/><T49/><D108/><U72/><E109/><V30/><F30/><W129/><G129/><T7/><D25/><U84/><E72/><AGARI ba="0,2" hai="15,18,20,57,59,61,67,71,72,77,80,92,99,102" machi="72" ten="30,3900,0" yaku="1,1,7,1,52,1,53,0" doraHai="98" doraHaiUra="28" who="2" fromWho="1" sc="200,0,399,-39,139,59,242,0" /><INIT seed="4,0,0,4,4,7" ten="200,360,198,242" oya="0" hai0="36,54,133,13,39,29,38,94,71,93,63,5,2" hai1="81,83,79,130,60,97,12,57,23,58,55,111,99" hai2="48,56,91,37,26,106,32,53,61,75,122,33,18" hai3="86,119,115,113,11,34,28,109,77,41,30,42,50"/><T132/><D2/><U20/><E111/><V80/><F122/><W82/><G109/><T92/><D29/><U6/><E130/><V129/><F129/><W116/><G34/><T102/><D102/><U121/><E121/><V135/><F37/><W123/><G123/><T51/><D63/><U44/><E44/><V64/><F135/><N who="0" m="51786" /><D71/><U104/><E83/><V120/><F106/><W74/><G74/><T89/><D5/><U98/><E104/><V96/><F120/><W95/><G28/><T17/><D89/><U118/><E118/><V72/><F33/><W14/><G30/><T35/><D35/><U59/><E23/><V108/><F108/><W110/><G110/><T8/><D94/><U101/><E101/><V124/><F32/><W114/><G95/><T84/><D84/><N who="1" m="48191" /><E20/><V103/><F103/><W70/><G70/><T15/><D15/><U78/><E78/><V52/><F75/><W105/><G105/><T88/><D88/><U67/><E67/><V16/><F64/><W9/><G14/><T76/><D76/><U49/><E60/><V24/><F72/><W3/><G3/><T107/><D107/><U1/><E1/><V65/><F65/><W19/><G19/><T0/><D0/><U100/><E100/><V131/><F131/><W69/><G69/><T134/><N who="0" m="51794" /><T40/><DORA hai="90" /><D40/><N who="3" m="15465" /><G119/><T25/><D25/><U43/><E43/><V125/><F26/><W21/><G116/><T47/><AGARI ba="0,0" hai="8,13,17,36,38,39,47,51,54,92,93" m="51794" machi="47" ten="50,12000,1" yaku="20,1,52,3" doraHai="7,90" who="0" fromWho="0" sc="200,120,360,-40,198,-40,242,-40" /><INIT seed="4,1,0,5,3,54" ten="320,320,158,202" oya="0" hai0="111,57,98,45,20,109,134,78,66,94,71,5,26" hai1="125,37,48,103,58,80,10,113,79,88,43,6,85" hai2="14,13,46,127,105,135,70,77,51,61,65,39,4" hai3="52,92,128,93,107,30,47,72,15,36,35,132,60"/><T112/><D71/><U106/><E125/><V24/><F127/><W122/><G107/><T96/><D112/><U3/><E113/><V95/><F135/><W62/><G72/><T29/><D134/><U86/><E106/><V32/><F4/><W16/><G132/><T124/><D124/><U68/><E68/><V49/><F39/><W84/><G128/><T8/><D78/><U75/><E103/><V115/><F115/><W18/><G122/><T56/><D45/><N who="1" m="23791" /><E88/><V131/><F131/><W11/><G35/><T23/><D20/><U2/><E2/><V44/><F77/><W73/><G30/><T117/><D117/><U7/><E7/><V126/><F126/><W133/><G73/><T21/><D21/><U87/><E48/><V120/><F105/><W63/><G36/><T104/><D104/><U42/><E42/><V27/><F120/><W22/><G133/><T67/><D98/><U1/><E1/><V9/><F70/><W53/><G47/><T31/><D31/><U69/><E69/><V76/><F44/><W118/><G118/><T90/><D109/><U119/><E119/><V33/><F46/><W114/><G114/><T28/><D28/><U38/><E38/><V19/><F32/><W91/><G92/><T25/><D111/><U101/><E101/><V83/><F95/><W17/><G17/><T40/><D40/><U121/><E121/><V100/><F19/><W129/><G129/><T99/><D99/><U50/><E87/><V108/><F100/><W12/><AGARI ba="1,0" hai="11,12,15,16,18,22,52,53,60,62,63,84,91,93" machi="12" ten="30,7900,0" yaku="0,1,8,1,54,2" doraHai="54" who="3" fromWho="3" sc="320,-40,320,-21,158,-21,202,82" /><INIT seed="5,0,0,0,4,132" ten="280,299,137,284" oya="1" hai0="118,113,46,111,59,58,75,55,134,48,99,5,77" hai1="124,23,122,3,64,70,56,73,15,49,45,6,127" hai2="89,131,28,112,32,22,41,21,47,74,24,84,87" hai3="53,35,100,68,71,76,63,95,16,114,102,27,117"/><U52/><E73/><V133/><F133/><W9/><G114/><T121/><D111/><U81/><E81/><V104/><F131/><W51/><G117/><T135/><D118/><U96/><E3/><V37/><F112/><W97/><G35/><T13/><D113/><U130/><E96/><V7/><F74/><W19/><G76/><T4/><D121/><U36/><E122/><V80/><F104/><W125/><G125/><N who="1" m="48202" /><E130/><V108/><F108/><W20/><G63/><T105/><D99/><U94/><E94/><V92/><REACH who="2" step="1"/><F7/><REACH who="2" ten="280,299,127,284" step="2"/><W54/><G71/><T38/><D105/><U79/><E70/><V85/><F85/><W93/><G68/><T65/><D135/><U10/><E79/><AGARI ba="0,1" hai="21,22,24,28,32,37,41,47,79,80,84,87,89,92" machi="79" ten="30,2000,0" yaku="1,1,7,1,53,0" doraHai="132" doraHaiUra="57" who="2" fromWho="1" sc="280,0,299,-20,127,30,284,0" /><INIT seed="6,0,0,5,4,40" ten="280,279,157,284" oya="2" hai0="80,70,54,45,64,13,57,26,92,23,71,11,9" hai1="93,2,53,112,133,24,129,84,65,123,104,89,0" hai2="58,44,109,77,125,115,68,75,94,76,91,41,50" hai3="126,128,52,30,110,73,114,42,88,85,34,59,46"/><V122/><F122/><W116/><G110/><T97/><D64/><U96/><E123/><V102/><F109/><W51/><G116/><T20/><D80/><U132/><E65/><V55/><F115/><W27/><G73/><T25/><D70/><U63/><E112/><V6/><F125/><W106/><G126/><T72/><D72/><U14/><E24/><V32/><F68/><W87/><G128/><T86/><D86/><U100/><E129/><V74/><F32/><W17/><G106/><T61/><D71/><U98/><E14/><V101/><F75/><W67/><G87/><T33/><D45/><U113/><E113/><V1/><F6/><W19/><G67/><T134/><D134/><N who="1" m="51819" /><E98/><V47/><F1/><W99/><G99/><T28/><D13/><U18/><E18/><V10/><F10/><W127/><G127/><T16/><D33/><U95/><E104/><V56/><F56/><AGARI ba="0,0" hai="0,2,53,56,63,84,89,93,95,96,100" m="51819" machi="56" ten="30,1000,0" yaku="20,1" doraHai="40" who="1" fromWho="2" sc="280,0,279,10,157,-10,284,0" /><INIT seed="7,0,0,5,2,48" ten="280,289,147,284" oya="3" hai0="121,76,8,87,44,100,60,123,28,116,135,33,91" hai1="105,115,20,11,34,70,43,53,12,103,52,68,24" hai2="108,73,134,19,85,93,63,133,126,41,16,75,99" hai3="90,82,25,104,114,128,67,127,72,31,18,39,5"/><W89/><G104/><T131/><D116/><U106/><E34/><V17/><F108/><W62/><G39/><T88/><D131/><U83/><E43/><V107/><F126/><W113/><G127/><T119/><D119/><U42/><E42/><V13/><F107/><W79/><G5/><T65/><D100/><U46/><E106/><V32/><F32/><W92/><G128/><T51/><D135/><U66/><E83/><V27/><F27/><W1/><G1/><T122/><D8/><U30/><E115/><N who="3" m="44042" /><G18/><T96/><D96/><U7/><E46/><V98/><F19/><W109/><G92/><T22/><D33/><U110/><E110/><V3/><F93/><W15/><G15/><T80/><D28/><U29/><E29/><V14/><F3/><W2/><G2/><T0/><D0/><U97/><REACH who="1" step="1"/><E66/><REACH who="1" ten="280,279,147,284" step="2"/><V47/><F41/><W10/><G109/><T81/><D81/><U71/><AGARI ba="0,1" hai="7,11,12,20,24,30,52,53,68,70,71,97,103,105" machi="71" ten="30,12000,2" yaku="1,1,2,1,0,1,52,2,54,1,53,0" doraHai="48" doraHaiUra="56" who="1" fromWho="1" sc="280,-30,279,130,147,-30,284,-60" owari="250,5.0,409,50.9,117,-38.3,224,-17.6" /></mjloggm>