<mjloggm ver="2.3"><GO type="169" lobby="0"/><UN n0="%4D%E6%9C%AC" n1="%45%72%77%69%6E%52%64" n2="%E3%83%8A%E3%82%B9%E3%83%9C%E3%82%A6" n3="%6B%6C%6F%6E%64%69%6B%65" dan="18,16,16,16" rate="2231.12,2126.57,2039.10,2154.16" sx="M,M,M,M"/><TAIKYOKU oya="0"/><INIT seed="0,0,0,5,2,91" ten="250,250,250,250" oya="0" hai0="23,125,18,27,5,113,128,73,132,35,110,4,84" hai1="127,98,7,61,123,3,81,89,58,30,129,36,115" hai2="24,130,121,6,103,112,31,44,106,64,48,57,1" hai3="109,69,39,111,16,28,20,101,55,100,50,94,68"/><T22/><D73/><U114/><E123/><V78/><F121/><W15/><G39/><T38/><D38/><U47/><E129/><V37/><F112/><N who="1" m="43049" /><E127/><V56/><F37/><W65/><G28/><T59/><D113/><U41/><E30/><V54/><F78/><W92/><G65/><T43/><D43/><U13/><E3/><V82/><F82/><W40/><G40/><T87/><D125/><U34/><E34/><V118/><F118/><W66/><G66/><T88/><D35/><U119/><E119/><V120/><F130/><W131/><G131/><T102/><D102/><N who="3" m="39529" /><G68/><T85/><D128/><U76/><E13/><V124/><F6/><N who="0" m="2666" /><D132/><U67/><E7/><V107/><F1/><W105/><G69/><T83/><D110/><N who="3" m="41993" /><G105/><T108/><D108/><U12/><E12/><V72/><F107/><W33/><G33/><T95/><D59/><AGARI ba="0,0" hai="15,16,20,50,55,59,92,94" m="41993,39529" machi="59" ten="30,7700,0" yaku="14,1,52,2,54,1" doraHai="91" who="3" fromWho="0" sc="250,-77,250,0,250,0,250,77" /><INIT seed="1,0,0,3,0,127" ten="173,250,250,327" oya="1" hai0="76,42,30,79,55,106,83,65,92,112,85,20,44" hai1="46,74,75,23,32,37,3,19,115,1,87,18,13" hai2="99,61,15,82,26,119,45,5,68,135,36,62,51" hai3="53,102,72,77,63,25,125,86,41,98,24,132,9"/><U116/><E115/><V105/><F135/><W95/><G72/><T8/><D112/><U111/><E116/><V56/><F26/><W103/><G125/><T124/><D106/><U67/><E32/><V97/><F68/><W57/><G132/><T128/><D124/><U100/><E100/><V27/><F27/><W0/><G103/><T131/><D65/><U88/><E67/><V104/><F36/><W113/><G113/><T130/><D55/><U108/><E74/><V121/><F121/><W49/><G0/><T6/><D92/><U16/><E75/><V114/><F119/><W122/><G9/><T69/><D20/><U34/><E34/><V50/><F82/><N who="3" m="47439" /><G122/><T43/><D30/><U80/><E1/><V17/><F5/><W52/><G41/><N who="0" m="15371" /><D44/><AGARI ba="0,0" hai="24,25,44,49,52,53,57,63,95,98,102" m="47439" machi="44" ten="30,2000,0" yaku="8,1,54,1" doraHai="127" who="3" fromWho="0" sc="173,-20,250,0,250,0,327,20" /><INIT seed="2,0,0,5,5,114" ten="153,250,250,347" oya="2" hai0="104,100,60,50,38,30,117,132,97,94,53,23,75" hai1="70,71,91,42,119,44,63,5,92,4,17,6,62" hai2="76,8,83,34,78,113,128,82,72,7,24,106,111" hai3="57,26,130,56,73,131,103,133,46,99,12,36,123"/><V122/><F113/><W121/><G73/><T116/><D38/><U88/><E119/><N who="0" m="45641" /><D75/><U55/><E17/><V13/><F128/><N who="3" m="49195" /><G133/><T107/><D132/><U16/><E16/><V9/><F122/><N who="3" m="46603" /><G12/><T39/><D39/><U85/><E55/><V58/><F106/><N who="0" m="40490" /><D60/><U51/><E62/><V84/><F111/><W105/><G26/><N who="0" m="16735" /><D53/><U1/><E63/><V118/><F118/><W15/><G15/><T22/><D50/><U93/><REACH who="1" step="1"/><E1/><REACH who="1" ten="153,240,250,347" step="2"/><V102/><F24/><W124/><G124/><T95/><D22/><U68/><E68/><V35/><F35/><W0/><G0/><T135/><D135/><U48/><E48/><V109/><F34/><W21/><G21/><T14/><D14/><U134/><E134/><V43/><F13/><W110/><G110/><T28/><D28/><U64/><E64/><V126/><F109/><W54/><G54/><T29/><D29/><U20/><E20/><V129/><F129/><W67/><G67/><T49/><D49/><U18/><E18/><V96/><F9/><W10/><G10/><T11/><D11/><U69/><E69/><V65/><F8/><W32/><G32/><T81/><D81/><U3/><E3/><V61/><F83/><W120/><G120/><T47/><D47/><U27/><E27/><V74/><F82/><W108/><G108/><T66/><D66/><U115/><E115/><V79/><F65/><W77/><G46/><T52/><D52/><U37/><E37/><V40/><F61/><W25/><G36/><T127/><D127/><U98/><AGARI ba="0,1" hai="4,5,6,42,44,51,70,71,85,88,91,92,93,98" machi="98" ten="30,8000,1" yaku="1,1,0,1,54,1,53,2" doraHai="114" doraHaiUra="86" who="1" fromWho="1" sc="153,-20,240,90,250,-40,347,-20" /><INIT seed="3,0,0,5,2,121" ten="133,330,210,327" oya="3" hai0="11,60,54,119,95,75,115,110,117,120,134,69,113" hai1="39,29,4,123,5,24,100,116,30,47,127,57,8" hai2="114,44,103,78,83,43,13,89,97,15,79,58,62" hai3="48,20,88,124,111,17,130,67,74,40,35,65,98"/><W36/><G74/><T6/><D75/><U131/><E123/><V37/><F114/><N who="0" m="43530" /><D95/><U129/><E100/><V118/><F118/><N who="0" m="45066" /><D11/><U128/><E116/><V135/><F135/><W12/><G130/><T42/><D6/><U50/><E127/><V81/><F89/><W96/><G124/><T53/><D134/><U34/><E29/><V22/><F22/><W31/><G36/><T19/><D19/><U45/><E39/><V104/><F83/><W1/><G1/><T72/><D72/><U10/><E57/><V3/><F3/><W63/><G35/><T91/><D91/><U105/><E105/><V9/><F81/><W61/><G31/><T18/><D18/><U49/><E8/><V112/><F112/><W133/><G133/><T28/><D28/><U32/><E32/><V26/><F15/><W108/><G98/><T125/><D125/><U0/><E5/><V70/><F26/><W55/><G40/><T64/><D120/><U99/><E99/><V84/><F13/><W14/><G14/><T102/><D102/><U68/><E68/><V16/><F70/><N who="3" m="42287" /><G96/><T87/><D87/><U86/><E86/><V106/><F84/><W80/><G88/><T66/><D42/><U126/><E126/><V82/><F106/><W23/><G80/><T51/><D66/><U7/><E4/><V46/><F82/><W92/><G92/><T132/><D132/><U21/><E34/><V122/><F122/><W38/><G38/><T59/><D54/><U77/><E77/><V93/><F79/><W33/><G33/><T71/><D71/><U56/><E129/><RYUUKYOKU ba="0,0" sc="133,30,330,-10,210,-10,327,-10" hai0="51,53,59,60,64,69,110" /><INIT seed="4,1,0,1,2,68" ten="163,320,200,317" oya="0" hai0="83,15,44,135,130,113,58,101,106,118,29,103,64" hai1="26,22,126,51,41,95,19,0,10,27,71,107,132" hai2="109,73,84,70,116,11,96,47,57,121,120,129,3" hai3="112,20,89,36,55,52,97,79,35,123,69,25,18"/><T8/><D118/><U12/><E107/><V49/><F109/><W30/><G123/><T78/><D113/><U59/><E71/><V125/><F70/><W99/><G112/><T102/><D130/><U9/><E132/><V80/><F116/><W2/><G69/><T127/><D127/><U92/><E126/><V31/><F73/><W90/><G2/><T85/><D135/><U88/><E95/><V98/><F31/><W77/><G36/><T67/><D29/><U14/><E0/><V122/><F57/><W60/><G35/><T114/><D114/><U74/><E74/><V37/><F37/><W16/><G30/><T7/><D106/><U53/><E41/><V134/><F129/><W39/><G39/><T124/><D124/><U38/><E38/><V61/><F61/><W50/><G25/><T72/><D44/><U93/><E93/><V13/><F3/><W48/><G20/><T104/><D104/><U111/><E111/><V115/><F115/><W86/><G86/><T133/><D133/><U110/><E110/><V108/><F108/><W33/><G33/><T65/><REACH who="0" step="1"/><D72/><REACH who="0" ten="153,320,200,317" step="2"/><U87/><E9/><V23/><F134/><W94/><REACH who="3" step="1"/><G94/><REACH who="3" ten="153,320,200,307" step="2"/><T21/><D21/><U46/><E46/><V1/><F23/><W66/><G66/><T100/><N who="0" m="25600" /><DORA hai="76" /><T63/><AGARI ba="1,2" hai="7,8,15,58,63,64,65,67,78,83,85" m="25600" machi="63" ten="40,18000,2" yaku="1,1,4,1,0,1,8,1,52,1,53,1" doraHai="68,76" doraHaiUra="40,6" who="0" fromWho="0" sc="153,203,320,-61,200,-61,307,-61" /><INIT seed="4,2,0,3,0,61" ten="356,259,139,246" oya="0" hai0="113,23,54,65,31,105,71,76,27,59,135,110,29" hai1="107,56,49,19,64,130,17,89,2,94,124,0,111" hai2="134,109,85,63,96,78,70,28,41,1,14,24,34" hai3="95,121,57,50,12,83,46,116,42,73,11,72,131"/><T75/><D113/><U55/><E111/><V13/><F1/><W7/><G116/><T62/><D135/><U35/><E35/><V125/><F109/><W37/><G131/><T115/><D115/><U84/><E130/><V90/><F134/><W82/><G121/><T18/><D105/><U122/><E122/><V66/><F125/><W53/><REACH who="3" step="1"/><G95/><REACH who="3" ten="356,259,139,236" step="2"/><T4/><D110/><U68/><E107/><V103/><F78/><W8/><G8/><T40/><D76/><U30/><E124/><V45/><F90/><W123/><G123/><T9/><D75/><AGARI ba="2,1" hai="7,11,12,37,42,46,50,53,57,72,73,75,82,83" machi="75" ten="40,1300,0" yaku="1,1,53,0" doraHai="61" doraHaiUra="93" who="3" fromWho="0" sc="356,-19,259,0,139,0,236,29" /><INIT seed="5,0,0,0,3,74" ten="337,259,139,265" oya="1" hai0="21,15,118,70,104,75,54,112,123,53,71,80,57" hai1="86,34,7,122,79,9,69,83,14,117,11,31,4" hai2="3,20,87,92,76,101,91,127,119,52,36,56,49" hai3="129,60,107,35,13,0,39,73,98,41,120,30,61"/><U96/><E122/><V105/><F127/><W93/><G0/><T78/><D118/><U108/><E117/><V89/><F3/><W5/><G129/><T16/><D104/><U48/><E108/><V130/><F119/><W66/><G107/><T121/><D112/><U25/><E69/><V12/><F36/><W132/><G132/><T46/><D46/><U26/><E26/><V68/><F68/><N who="0" m="26154" /><D57/><U77/><E96/><V19/><F130/><W97/><G73/><T28/><D28/><U44/><E86/><V47/><F47/><W126/><G98/><T6/><D6/><U116/><E83/><V10/><F10/><W27/><G120/><AGARI ba="0,0" hai="15,16,21,53,54,75,78,80,120,121,123" m="26154" machi="120" ten="30,3900,0" yaku="13,1,52,1,54,1" doraHai="74" who="0" fromWho="3" sc="337,39,259,0,139,0,265,-39" /><INIT seed="6,0,0,4,3,20" ten="376,259,139,226" oya="2" hai0="104,86,89,25,78,17,133,85,74,33,128,109,106" hai1="117,27,59,14,80,62,115,94,66,4,50,75,48" hai2="127,98,12,124,56,101,71,24,7,70,34,87,18" hai3="65,88,134,123,95,15,22,121,111,6,19,112,125"/><V57/><F7/><W54/><G111/><T44/><D109/><U91/><E117/><V39/><F39/><W116/><G116/><T41/><D128/><U43/><E115/><V40/><F40/><W130/><G130/><T84/><D133/><U72/><E75/><V63/><F57/><W105/><G105/><T16/><D89/><U52/><E43/><V42/><F42/><W46/><G134/><T8/><D17/><U10/><E72/><V28/><F87/><W67/><G125/><N who="2" m="48201" /><F18/><W97/><G112/><T45/><D45/><U107/><E80/><V9/><F9/><N who="3" m="4535" /><G121/><T81/><D8/><U0/><E107/><N who="2" m="63927" /><F12/><N who="3" m="9575" /><G123/><T119/><D119/><U47/><E0/><V90/><F90/><W132/><G132/><T83/><D83/><U36/><E36/><V79/><F79/><W77/><G77/><T29/><REACH who="0" step="1"/><D16/><REACH who="0" ten="366,259,139,226" step="2"/><U135/><E135/><V32/><F32/><W126/><G126/><T82/><D82/><U60/><E91/><V13/><F13/><W61/><G46/><T38/><AGARI ba="0,1" hai="25,29,33,38,41,44,74,78,81,84,85,86,104,106" machi="38" ten="30,7900,0" yaku="1,1,0,1,52,1,53,1" doraHai="20" doraHaiUra="21" who="0" fromWho="0" sc="366,89,259,-20,139,-39,226,-20" /><INIT seed="7,0,0,0,5,46" ten="455,239,100,206" oya="3" hai0="115,31,7,2,90,62,54,88,55,48,43,117,133" hai1="9,85,86,26,89,129,127,108,99,35,19,103,114" hai2="110,101,57,64,24,5,94,68,63,78,56,10,27" hai3="20,12,111,1,16,33,65,51,53,74,37,105,70"/><W120/><G120/><T72/><D117/><U66/><E108/><V81/><F110/><W32/><G111/><T83/><D43/><U52/><E114/><V93/><F68/><W80/><G105/><T44/><D133/><U71/><E127/><V50/><F101/><W8/><G37/><T14/><D2/><U112/><E112/><V116/><F116/><W102/><G102/><T92/><D72/><U45/><E129/><V60/><F93/><W15/><G1/><T77/><D31/><U30/><E71/><V75/><F94/><W39/><G39/><T38/><D38/><U29/><E66/><V49/><F24/><W91/><G65/><T36/><D36/><U28/><E85/><V42/><F42/><W4/><G70/><T126/><D126/><U122/><E122/><V76/><F27/><W121/><G121/><T23/><D77/><U13/><E99/><V17/><F17/><W113/><G113/><T95/><D90/><U124/><E103/><V22/><F22/><W6/><G4/><T21/><D115/><U135/><E135/><V25/><F25/><W3/><G3/><T97/><D83/><N who="1" m="49375" /><E124/><V73/><F5/><W132/><G132/><T67/><D95/><U128/><E128/><V119/><F119/><W130/><G130/><T100/><D100/><U131/><E131/><V84/><F10/><W18/><G6/><T118/><D118/><U82/><E82/><V123/><F123/><W87/><G74/><N who="2" m="28169" /><F76/><W125/><REACH who="3" step="1"/><G125/><REACH who="3" ten="455,239,100,196" step="2"/><T107/><D107/><U106/><E106/><V59/><F64/><W134/><G134/><T109/><D67/><RYUUKYOKU ba="0,1" sc="455,-30,239,10,100,10,196,10" hai1="9,13,19,26,28,29,30,35,45,52" hai2="49,50,56,57,59,60,63,78,81,84" hai3="8,12,15,16,18,20,32,33,51,53,80,87,91" /><INIT seed="7,1,1,4,0,1" ten="425,249,110,206" oya="3" hai0="5,103,4,100,125,101,85,104,8,60,80,126,62" hai1="108,94,70,29,75,59,19,111,61,9,73,14,99" hai2="123,66,30,79,35,13,21,49,0,10,63,84,46" hai3="133,34,58,43,16,122,7,81,55,28,91,57,98"/><W90/><G122/><T27/><D27/><U88/><E70/><V134/><F134/><W31/><G133/><T37/><D37/><U39/><E39/><V44/><F123/><W113/><G113/><T110/><D110/><U68/><E68/><V50/><F35/><W41/><G34/><T102/><D102/><U127/><E29/><V115/><F115/><W38/><G38/><T92/><D92/><U71/><E71/><V48/><F0/><W24/><G98/><T26/><D26/><U77/><E127/><N who="0" m="48649" /><D104/><U132/><E132/><V11/><F30/><N who="3" m="11307" /><G7/><N who="0" m="2635" /><D8/><U118/><E9/><V120/><F120/><W17/><G58/><T95/><D95/><U47/><E94/><V15/><F21/><N who="3" m="13351" /><G17/><T121/><D121/><U64/><E19/><V45/><F10/><W56/><G56/><T78/><AGARI ba="1,1" hai="60,62,78,80,85,100,101,103" m="2635,48649" machi="78" ten="40,8000,1" yaku="18,1,52,3" doraHai="1" who="0" fromWho="0" sc="425,93,249,-21,110,-21,206,-41" owari="518,61.8,228,2.8,89,-41.1,165,-23.5" /></mjloggm>