<mjloggm ver="2.3"><GO type="169" lobby="0"/><UN n0="%E9%88%8D%E7%97%9B" n1="%E3%82%88%E3%81%97%E3%81%91%E3%82%93%40%34%34" n2="%E9%9B%A8%E6%9C%88%E3%81%A4%E3%82%86" n3="%E5%8F%A4%E6%96%AF%E5%A1%94%E5%A4%AB%E4%BA%8C%E4%B8%96" dan="16,16,16,16" rate="2104.01,2080.56,2125.56,2122.28" sx="F,M,M,M"/><TAIKYOKU oya="0"/><INIT seed="0,0,0,2,1,65" ten="250,250,250,250" oya="0" hai0="43,116,113,13,118,76,72,121,37,10,100,5,27" hai1="99,127,91,95,123,104,61,106,9,74,67,60,103" hai2="41,112,135,93,105,120,32,117,63,34,111,7,97" hai3="36,49,56,29,110,119,25,16,31,107,73,69,132"/><T98/><D113/><U39/><E123/><V64/><F41/><W85/><G119/><T89/><D121/><U109/><E109/><V35/><F120/><W33/><G73/><T70/><D89/><U45/><E127/><V58/><F112/><W114/><G114/><T78/><D78/><U92/><E74/><V66/><F111/><W46/><G36/><T101/><D101/><U15/><E39/><V124/><F124/><W21/><G107/><T80/><D70/><U24/><E24/><V52/><F135/><W108/><G132/><T1/><D13/><U82/><E45/><V126/><F126/><W48/><G69/><T53/><D53/><U134/><E82/><V57/><F117/><W38/><G38/><T115/><D27/><U30/><E30/><V122/><F122/><W12/><G31/><T125/><D115/><U2/><E2/><V14/><F105/><W62/><G85/><T88/><D88/><U79/><E79/><V102/><REACH who="2" step="1"/><F57/><REACH who="2" ten="250,250,240,250" step="2"/><W71/><G71/><T51/><D125/><U28/><E106/><V75/><F75/><W8/><G108/><T77/><D116/><U128/><E104/><V87/><F87/><W81/><G56/><T17/><D118/><U90/><E134/><V55/><F55/><W130/><G110/><T4/><D72/><U129/><E67/><V68/><F68/><W3/><G130/><T18/><D43/><U96/><E129/><V86/><F86/><W50/><G46/><T47/><D47/><U6/><E128/><V11/><AGARI ba="0,1" hai="7,11,14,32,34,35,52,58,63,64,66,93,97,102" machi="11" ten="40,5200,0" yaku="1,1,0,1,54,1,53,0" doraHai="65" doraHaiUra="131" who="2" fromWho="2" sc="250,-26,250,-13,240,62,250,-13" /><INIT seed="1,0,0,4,3,65" ten="224,237,302,237" oya="1" hai0="112,38,122,7,50,22,70,35,93,12,99,43,108" hai1="96,47,44,1,84,72,0,123,88,83,21,42,68" hai2="75,116,79,89,49,3,120,110,2,128,63,37,67" hai3="106,28,130,91,61,118,8,117,77,103,57,64,24"/><U87/><E123/><V56/><F120/><W126/><G130/><T19/><D112/><U9/><E68/><V73/><F37/><W32/><G126/><T53/><D108/><U134/><E134/><V81/><F73/><W34/><G77/><T69/><D35/><U15/><E21/><V113/><F110/><W59/><G34/><T133/><D122/><U115/><E115/><V51/><F113/><W14/><G91/><T129/><D129/><U90/><E72/><V18/><F116/><N who="3" m="44651" /><G103/><T86/><D86/><U94/><E96/><V40/><F128/><W31/><G31/><T30/><D30/><U54/><E54/><V107/><F107/><W111/><G111/><T17/><D7/><U85/><E85/><V121/><F121/><W5/><G106/><T132/><D19/><U105/><E105/><V76/><F18/><W95/><G95/><T13/><D12/><U101/><E101/><V20/><F20/><W11/><G11/><T16/><D17/><U124/><E124/><V6/><F89/><W78/><G78/><T62/><D38/><U100/><E100/><V60/><F6/><W46/><G46/><N who="1" m="17450" /><E42/><V4/><F40/><W66/><G66/><N who="0" m="41175" /><D70/><AGARI ba="0,0" hai="5,8,14,24,28,32,57,59,61,64,70" m="44651" machi="70" ten="30,2000,0" yaku="12,1,52,1" doraHai="65" who="3" fromWho="0" sc="224,-20,237,0,302,0,237,20" /><INIT seed="2,0,0,1,5,118" ten="204,237,302,257" oya="2" hai0="92,77,89,27,93,55,121,54,15,86,17,40,53" hai1="109,66,94,34,24,95,11,102,85,130,133,45,32" hai2="58,35,101,75,61,10,41,48,14,91,52,2,82" hai3="72,80,104,129,105,67,64,90,117,78,33,100,3"/><V1/><F35/><W84/><G117/><T6/><D121/><U134/><E109/><V12/><F101/><W73/><G33/><T38/><D38/><U132/><E130/><V51/><F14/><W5/><G5/><T98/><D40/><U16/><E66/><V28/><F28/><W97/><G3/><T50/><D27/><U23/><E95/><V7/><F41/><W25/><G25/><T65/><D65/><U62/><E62/><V103/><F103/><W46/><G46/><T115/><D6/><U131/><E131/><V88/><F75/><N who="3" m="43103" /><G67/><T114/><D50/><N who="2" m="18986" /><F2/><W120/><G64/><T107/><D107/><N who="3" m="41033" /><G129/><T76/><D114/><U0/><E45/><V119/><F1/><W49/><G49/><T57/><D115/><U4/><REACH who="1" step="1"/><E85/><REACH who="1" ten="204,227,302,257" step="2"/><N who="2" m="50231" /><F119/><W59/><G59/><T113/><D57/><U31/><E31/><V8/><F8/><W110/><G110/><T69/><D113/><U125/><E125/><V29/><F29/><W127/><G127/><T96/><D86/><U99/><AGARI ba="0,1" hai="0,4,11,16,23,24,32,34,94,99,102,132,133,134" machi="99" ten="40,8000,1" yaku="1,1,0,1,20,1,54,1,53,0" doraHai="118" doraHaiUra="43" who="1" fromWho="1" sc="204,-20,227,90,302,-40,257,-20" /><INIT seed="3,0,0,2,1,17" ten="184,317,262,237" oya="3" hai0="76,25,80,135,40,100,0,89,110,52,64,109,92" hai1="45,130,66,79,68,126,56,101,65,67,28,1,78" hai2="36,9,46,71,69,121,55,73,15,81,20,82,91" hai3="87,38,4,131,23,19,62,12,30,14,58,49,42"/><W18/><G131/><T116/><D116/><U37/><E130/><V13/><F121/><W39/><G30/><T84/><D0/><U107/><E126/><V6/><F81/><W127/><G127/><T50/><D64/><U114/><E114/><V118/><F118/><W22/><G4/><T77/><D40/><U124/><E124/><V61/><F36/><W104/><G104/><T21/><D135/><U128/><E128/><V44/><F73/><W26/><G87/><T75/><D100/><U103/><E1/><V117/><F117/><W122/><G122/><T41/><D41/><U63/><E28/><V102/><F102/><W106/><G106/><T29/><REACH who="0" step="1"/><D77/><REACH who="0" ten="174,317,262,237" step="2"/><U113/><E66/><V5/><F69/><W10/><G42/><T27/><D27/><U86/><E65/><V134/><F71/><W57/><G26/><T48/><D48/><U123/><E67/><V43/><F43/><W119/><G119/><T129/><D129/><U97/><E78/><V93/><F134/><W60/><G10/><T8/><D8/><U74/><E79/><V133/><F133/><W11/><G11/><T90/><D90/><U59/><E68/><V33/><F9/><W96/><G49/><T115/><D115/><U108/><E103/><V31/><F91/><W132/><G132/><T24/><D24/><U2/><E101/><V105/><F55/><W70/><G70/><T98/><D98/><AGARI ba="0,1" hai="12,14,18,19,22,23,38,39,57,58,60,62,96,98" machi="98" ten="25,9600,0" yaku="22,2,52,2" doraHai="17" who="3" fromWho="0" sc="174,-96,317,0,262,0,237,106" /><INIT seed="3,1,0,5,1,55" ten="78,317,262,343" oya="3" hai0="12,96,19,21,33,52,131,101,92,78,133,118,27" hai1="32,6,74,5,28,86,13,23,46,24,14,8,123" hai2="67,103,124,36,70,108,114,81,128,64,84,104,111" hai3="60,87,57,102,119,125,72,53,54,37,30,95,56"/><W1/><G119/><T22/><D131/><U73/><E123/><V77/><F114/><W82/><G37/><T68/><D133/><U99/><E86/><V2/><F2/><W49/><G1/><T120/><D68/><U3/><E46/><V117/><F117/><W113/><G125/><T126/><D126/><U43/><E43/><V34/><F34/><W9/><G113/><T50/><D118/><U4/><E99/><V91/><F36/><W11/><G30/><T97/><D33/><U7/><E74/><V45/><F128/><W20/><G20/><T44/><D120/><U130/><E73/><V39/><F70/><W15/><G72/><T80/><D96/><U85/><E85/><V41/><F124/><W89/><G15/><N who="1" m="5642" /><E130/><V109/><F103/><W90/><G102/><T25/><REACH who="0" step="1"/><D22/><AGARI ba="1,0" hai="3,4,5,6,7,8,22,23,24,28,32" m="5642" machi="22" ten="30,8000,1" yaku="35,5" doraHai="55" who="1" fromWho="0" sc="78,-83,317,83,262,0,343,0" owari="-5,-50.5,400,50.0,262,-13.8,343,14.3" /></mjloggm>