<mjloggm ver="2.3"><GO type="169" lobby="0"/><UN n0="%E3%81%A8%E3%81%B3%E3%81%BE%E3%81%93" n1="%41%6E%6B%6F%61%6E%6B%6F" n2="%4E%55%44%41" n3="%E3%82%86%E3%83%BC%E3%82%84%2E%74" dan="18,17,17,17" rate="2219.05,2187.67,2197.61,2209.42" sx="M,F,M,M"/><TAIKYOKU oya="0"/><INIT seed="0,0,0,0,4,110" ten="250,250,250,250" oya="0" hai0="31,61,79,7,17,113,86,99,85,66,8,13,135" hai1="119,96,55,67,32,24,111,29,4,100,62,94,11" hai2="0,57,92,45,76,98,51,37,68,58,19,64,90" hai3="22,56,102,74,38,18,116,91,12,106,126,112,88"/><T84/><D135/><U134/><E134/><V103/><F0/><W71/><G71/><T133/><D133/><U95/><E111/><V52/><F76/><W87/><G116/><T70/><D31/><U97/><E119/><V46/><F68/><W39/><G126/><T75/><D99/><U125/><E125/><V23/><F37/><W65/><G74/><T1/><D75/><U118/><E55/><V60/><REACH who="2" step="1"/><F103/><REACH who="2" ten="250,250,240,250" step="2"/><W83/><G39/><T10/><REACH who="0" step="1"/><D79/><REACH who="0" ten="240,250,240,250" step="2"/><U54/><E118/><V117/><F117/><W80/><G102/><T14/><D14/><AGARI ba="0,2" hai="14,19,23,45,46,51,52,57,58,60,64,90,92,98" machi="14" ten="30,7700,0" yaku="1,1,7,1,8,1,54,1,53,0" doraHai="110" doraHaiUra="34" who="2" fromWho="0" sc="240,-77,250,0,240,97,250,0" /><INIT seed="1,0,0,5,4,48" ten="163,250,337,250" oya="1" hai0="65,103,25,64,106,36,6,58,22,129,91,114,92" hai1="16,61,95,4,86,67,31,18,120,126,94,77,42" hai2="51,20,66,46,111,131,57,63,33,7,40,107,89" hai3="105,27,90,88,96,133,134,60,93,109,47,38,98"/><U122/><E126/><V39/><F33/><W79/><G109/><T55/><D36/><U1/><E31/><V50/><F111/><W53/><G79/><T117/><D114/><U62/><E42/><V110/><F110/><W87/><G27/><T24/><D117/><U81/><E1/><V83/><F107/><W9/><G9/><T82/><D129/><U121/><E4/><V54/><F131/><W70/><G105/><T8/><D82/><U84/><E61/><V3/><F3/><W112/><G112/><T19/><D25/><U80/><E95/><V100/><F100/><W30/><G30/><T23/><D23/><U130/><E94/><V12/><F39/><W5/><G5/><T14/><D103/><U69/><REACH who="1" step="1"/><E130/><REACH who="1" ten="163,240,337,250" step="2"/><V119/><F63/><W123/><G93/><T34/><D106/><U108/><E108/><V0/><F0/><W104/><G60/><N who="0" m="35935" /><D34/><U124/><E124/><V73/><F7/><W29/><G29/><T128/><D128/><U132/><E132/><V52/><F119/><W74/><G134/><T41/><D41/><U13/><E13/><V118/><F12/><W43/><G43/><T115/><D115/><U99/><E99/><AGARI ba="0,1" hai="6,8,14,19,22,24,64,65,91,92,99" m="35935" machi="99" ten="30,3900,0" yaku="25,1,8,1,52,1" doraHai="48" who="0" fromWho="1" sc="163,49,240,-39,337,0,250,0" /><INIT seed="2,0,0,4,0,74" ten="212,201,337,250" oya="2" hai0="1,77,89,44,117,98,40,13,73,10,111,130,114" hai1="47,87,132,15,88,18,71,75,120,101,43,123,49" hai2="0,59,39,122,57,72,106,55,90,105,35,121,53" hai3="52,113,133,99,62,11,9,112,42,67,60,107,82"/><V16/><F35/><W84/><G133/><T108/><D114/><N who="3" m="44137" /><G42/><T45/><D130/><U33/><E132/><V104/><F0/><W2/><G2/><T81/><D117/><U19/><E71/><V131/><F39/><W22/><G22/><T85/><D98/><U26/><E101/><V21/><F131/><W129/><G129/><T30/><D30/><U41/><E75/><V78/><F90/><W34/><G34/><T93/><D1/><U103/><E103/><V28/><F28/><W83/><G83/><T32/><D32/><U7/><E43/><V31/><F31/><W66/><G52/><T54/><D54/><U63/><E63/><V61/><F72/><W79/><G107/><T128/><D128/><U92/><E33/><V68/><F68/><N who="3" m="42055" /><G99/><T70/><D70/><AGARI ba="0,0" hai="9,11,62,67,70,79,82,84" m="42055,44137" machi="70" ten="30,2000,0" yaku="11,1,52,1" doraHai="74" who="3" fromWho="0" sc="212,-20,201,0,337,0,250,20" /><INIT seed="3,0,0,1,5,70" ten="192,201,337,270" oya="3" hai0="76,117,92,105,31,61,84,134,10,11,124,78,58" hai1="126,133,17,110,56,66,8,59,4,98,122,83,44" hai2="18,90,127,99,16,104,62,115,55,33,135,21,111" hai3="25,20,120,26,29,36,101,107,121,94,68,19,89"/><W119/><G119/><T14/><D117/><U128/><E122/><V87/><F33/><W77/><G68/><T108/><D105/><U37/><E110/><V131/><F115/><W60/><G36/><T0/><D108/><U69/><E133/><V42/><F111/><W112/><G112/><T41/><D134/><U46/><E128/><V125/><F135/><W67/><G77/><T71/><D71/><U47/><E126/><N who="2" m="48139" /><F131/><W28/><G107/><T106/><D106/><U32/><E32/><V116/><F42/><W100/><G19/><T85/><D31/><U43/><E98/><V24/><F116/><W40/><G40/><T103/><D0/><U15/><E69/><V9/><F55/><W45/><G45/><T13/><D41/><U95/><E95/><N who="2" m="54751" /><F62/><W64/><G121/><T88/><D103/><N who="3" m="39497" /><G60/><T53/><D124/><U96/><E96/><V86/><F86/><N who="3" m="52535" /><G120/><T132/><D132/><U7/><E66/><V114/><F114/><W30/><G30/><T82/><REACH who="0" step="1"/><D78/><REACH who="0" ten="182,201,337,270" step="2"/><U23/><E43/><V34/><F104/><W52/><G29/><T123/><D123/><U39/><E83/><V113/><F113/><W93/><G28/><T57/><D57/><U81/><E81/><V51/><F34/><W48/><G93/><T22/><D22/><U3/><REACH who="1" step="1"/><E4/><REACH who="1" ten="182,191,337,270" step="2"/><V91/><F99/><W1/><G67/><T63/><D63/><U50/><E50/><V38/><F51/><W74/><G64/><T49/><D49/><U109/><E109/><V12/><F91/><W65/><G48/><T129/><D129/><U73/><E73/><V79/><F79/><RYUUKYOKU ba="0,2" sc="182,10,191,10,337,10,270,-30" hai0="10,11,13,14,53,58,61,76,82,84,85,88,92" hai1="3,7,8,15,17,23,37,39,44,46,47,56,59" hai2="9,12,16,18,21,24,38" /><INIT seed="4,1,2,3,0,25" ten="192,201,347,240" oya="0" hai0="67,81,91,80,56,92,87,63,31,100,33,47,40" hai1="82,38,83,22,78,105,14,26,42,30,79,35,95" hai2="66,84,29,59,6,77,12,111,126,28,37,45,62" hai3="3,48,5,4,88,113,11,68,16,117,94,85,44"/><T86/><D100/><U90/><E105/><V103/><F111/><W64/><G117/><T89/><D33/><U109/><E109/><V99/><F126/><W69/><G113/><T116/><D116/><U106/><E106/><V104/><F37/><W60/><G5/><T21/><D92/><U18/><E38/><V72/><F72/><W32/><G32/><T23/><REACH who="0" step="1"/><D31/><REACH who="0" ten="182,201,347,240" step="2"/><U9/><E83/><V55/><F29/><W24/><G69/><T41/><D41/><U121/><E42/><V129/><F28/><W119/><G119/><T125/><D125/><U135/><E121/><V108/><F103/><W36/><G68/><T0/><D0/><U27/><E82/><V93/><F93/><W123/><G123/><T70/><D70/><U50/><E135/><V124/><F124/><W122/><G122/><T110/><D110/><U8/><E35/><V10/><F108/><W74/><G3/><T39/><AGARI ba="1,3" hai="21,23,39,40,47,56,63,67,80,81,86,87,89,91" machi="39" ten="20,12000,1" yaku="1,1,0,1,7,1,9,1,53,1" doraHai="25" doraHaiUra="52" who="0" fromWho="0" sc="182,153,201,-41,347,-41,240,-41" /><INIT seed="4,2,0,3,1,96" ten="335,160,306,199" oya="0" hai0="114,52,7,84,91,102,120,66,107,105,25,35,60" hai1="109,3,127,2,125,47,39,93,104,22,80,55,99" hai2="6,88,38,69,115,100,81,126,97,10,117,98,111" hai3="23,63,26,19,17,36,48,121,29,129,41,56,37"/><T15/><D120/><U73/><E109/><V12/><F111/><W53/><G121/><T33/><D114/><U118/><E118/><V128/><F69/><W78/><G129/><T133/><D133/><U70/><E70/><V65/><F38/><W18/><REACH who="3" step="1"/><G78/><REACH who="3" ten="335,160,306,189" step="2"/><T79/><D79/><U8/><E127/><V1/><F128/><W49/><G49/><T4/><D35/><U57/><E125/><V21/><F126/><W75/><G75/><T132/><D33/><U92/><E39/><V85/><F117/><W14/><G14/><T45/><D15/><U62/><E73/><V54/><F12/><W82/><G82/><T72/><D72/><U0/><E80/><V24/><F115/><W95/><G95/><T51/><D51/><U131/><E131/><V122/><F122/><W113/><G113/><T42/><D105/><U61/><E104/><V101/><F81/><W123/><G123/><T31/><D107/><U32/><E93/><V87/><F1/><W83/><G83/><T13/><D13/><U9/><E9/><V50/><F10/><W103/><G103/><T119/><D102/><U20/><E8/><V34/><F100/><W5/><G5/><T68/><D7/><U11/><E11/><V116/><F116/><W30/><G30/><T124/><D4/><U43/><E0/><V134/><F6/><W58/><G58/><T110/><D119/><U108/><E2/><V77/><F101/><W135/><G135/><T89/><D132/><U71/><E57/><V44/><F134/><W86/><G86/><T106/><D124/><U112/><E3/><RYUUKYOKU ba="2,1" sc="335,-10,160,-10,306,-10,189,30" hai3="17,18,19,23,26,29,36,37,41,48,53,56,63" /><INIT seed="5,3,1,1,3,104" ten="325,150,296,219" oya="1" hai0="51,108,54,94,81,95,78,64,9,11,23,117,76" hai1="113,21,4,90,15,29,41,36,58,125,100,25,0" hai2="86,133,129,70,42,132,105,18,73,57,50,96,12" hai3="77,72,75,2,63,39,16,92,35,60,40,26,71"/><U99/><E113/><V46/><F70/><W121/><G121/><T91/><D108/><U27/><E125/><V7/><F129/><W115/><G2/><T109/><D64/><U93/><E0/><V89/><F7/><W22/><G115/><T135/><D117/><U3/><E3/><V1/><F1/><W118/><G118/><T84/><D135/><N who="2" m="51786" /><F73/><W6/><G6/><T45/><D109/><U56/><E36/><V110/><F110/><W103/><G35/><T114/><D114/><U34/><E41/><V24/><F57/><W101/><G77/><N who="0" m="29803" /><D23/><U111/><E111/><V31/><F96/><W79/><G79/><N who="0" m="46143" /><D94/><U67/><E67/><V120/><F105/><W49/><G39/><T131/><D131/><U38/><E38/><V119/><F120/><W32/><G32/><T17/><D17/><U123/><E123/><V126/><F126/><W80/><G92/><T128/><D128/><U53/><E100/><V55/><F119/><W48/><G80/><T107/><D107/><U62/><E58/><V127/><F127/><W66/><G101/><T102/><D102/><U13/><REACH who="1" step="1"/><E4/><REACH who="1" ten="325,140,296,219" step="2"/><V82/><F42/><W83/><G103/><T14/><D45/><U44/><E44/><V37/><F37/><W20/><G40/><T47/><D47/><U30/><AGARI ba="3,2" hai="13,15,21,25,27,29,30,34,53,56,62,90,93,99" machi="30" ten="20,3900,0" yaku="1,1,0,1,7,1,53,0" doraHai="104" doraHaiUra="112" who="1" fromWho="1" sc="325,-16,140,68,296,-16,219,-16" /><INIT seed="5,4,0,4,3,55" ten="309,208,280,203" oya="1" hai0="33,123,57,16,95,131,87,99,22,109,68,59,93" hai1="45,124,78,8,29,4,77,15,35,115,9,118,75" hai2="52,21,85,132,67,125,46,96,97,70,91,119,17" hai3="126,94,107,66,53,37,61,25,88,49,23,5,73"/><U13/><E118/><V20/><F119/><W44/><G126/><T117/><D109/><U103/><E115/><V105/><F125/><W31/><G107/><T41/><D68/><U7/><E124/><V128/><F132/><W42/><G73/><T92/><D33/><U133/><E133/><V51/><F128/><W76/><G76/><T10/><D117/><U26/><E103/><V72/><F72/><W108/><G5/><T47/><D131/><U83/><E77/><V32/><F32/><W82/><G82/><T74/><D74/><U120/><REACH who="1" step="1"/><E45/><REACH who="1" ten="309,198,280,203" step="2"/><V12/><F46/><W127/><G127/><T104/><D47/><U135/><E135/><V14/><F91/><W19/><G108/><T121/><D123/><AGARI ba="4,1" hai="4,7,8,9,13,15,26,29,35,75,78,83,120,123" machi="123" ten="40,7700,0" yaku="1,1,9,1,53,1" doraHai="55" doraHaiUra="30" who="1" fromWho="0" sc="309,-89,198,99,280,0,203,0" /><INIT seed="5,5,0,3,1,31" ten="220,297,280,203" oya="1" hai0="110,37,72,97,58,38,61,114,98,66,2,80,12" hai1="32,102,23,17,82,5,123,119,88,29,79,65,39" hai2="87,51,49,74,85,120,135,50,47,11,108,41,52" hai3="70,104,18,101,48,20,14,42,84,126,35,9,117"/><U111/><E119/><V67/><F108/><W43/><G70/><T4/><D2/><U129/><E123/><V77/><F120/><W45/><G35/><T121/><D110/><U28/><E129/><V83/><F135/><W118/><G126/><T116/><D116/><N who="3" m="44649" /><G84/><T53/><D121/><U19/><E39/><V59/><F67/><W127/><G127/><T24/><D114/><U33/><E102/><V115/><F115/><W40/><G20/><T78/><D24/><U92/><E5/><V0/><F50/><W112/><G112/><T122/><D122/><U13/><E65/><V10/><F0/><W109/><G109/><T22/><D66/><U56/><E56/><V75/><REACH who="2" step="1"/><F85/><REACH who="2" ten="220,297,270,203" step="2"/><W130/><G130/><T91/><D38/><U57/><E111/><V36/><F36/><W106/><G101/><T99/><D37/><U15/><E57/><V26/><F26/><W124/><G124/><T133/><D133/><U113/><E113/><V8/><AGARI ba="5,1" hai="8,10,11,41,47,49,51,52,59,74,75,77,83,87" machi="8" ten="30,8000,1" yaku="1,1,0,1,54,1,53,2" doraHai="31" doraHaiUra="105" who="2" fromWho="2" sc="220,-25,297,-45,270,105,203,-25" /><INIT seed="6,0,0,3,5,73" ten="195,252,375,178" oya="2" hai0="1,8,41,130,10,36,52,115,104,19,4,9,26" hai1="35,90,88,53,55,12,114,69,96,126,81,107,40" hai2="60,7,87,116,50,32,3,92,44,112,101,125,128" hai3="75,38,54,135,109,99,6,68,2,76,129,97,120"/><V117/><F32/><W111/><G120/><T27/><D104/><U62/><E40/><V94/><F112/><W70/><G38/><T85/><D115/><U56/><E114/><V122/><F122/><W79/><G135/><T29/><D130/><U100/><E126/><V11/><F125/><W15/><G2/><T82/><D41/><U66/><E35/><V105/><F128/><W49/><G129/><T16/><D36/><U37/><E37/><V31/><F31/><W132/><G132/><T102/><D102/><U51/><E53/><V83/><F105/><W33/><G33/><T0/><D52/><U63/><E63/><V74/><F74/><W95/><G111/><T65/><D65/><U13/><E81/><V45/><F60/><W47/><G109/><T61/><D61/><U64/><E64/><V127/><F127/><W134/><G134/><T72/><D72/><U121/><E121/><V80/><F80/><W133/><G133/><T89/><D26/><U71/><E71/><V30/><F30/><W84/><G75/><T108/><D108/><U78/><E78/><N who="3" m="29738" /><G68/><T57/><D57/><U21/><E56/><V23/><F45/><W118/><G70/><T123/><D123/><U39/><E39/><V25/><F116/><W77/><N who="3" m="29746" /><W98/><DORA hai="91" /><G118/><T34/><D9/><U28/><E69/><V113/><F113/><W42/><G42/><T131/><D131/><U24/><E66/><V93/><F117/><W86/><G95/><T17/><D1/><U22/><E107/><V59/><F3/><W46/><G47/><T124/><D124/><RYUUKYOKU ba="0,0" sc="195,15,252,-15,375,-15,178,15" hai0="0,4,8,10,16,17,19,27,29,34,82,85,89" hai3="6,15,46,49,54,84,86,97,98,99" /><INIT seed="7,1,0,3,3,27" ten="210,237,360,193" oya="3" hai0="11,50,49,84,20,110,55,108,24,131,74,32,61" hai1="66,65,96,128,107,78,104,38,19,14,23,35,81" hai2="58,106,15,42,113,41,105,80,130,90,68,77,111" hai3="114,63,2,57,99,31,93,12,59,129,64,62,67"/><W132/><G114/><T16/><D74/><U116/><E38/><V54/><F111/><W29/><G129/><T40/><D131/><U39/><E39/><V17/><F68/><W45/><G132/><T22/><D32/><U103/><E107/><V8/><F130/><W18/><G45/><N who="0" m="25767" /><D110/><U83/><E35/><V7/><F113/><W51/><G51/><T98/><D98/><U72/><E128/><V25/><F90/><N who="3" m="55735" /><G2/><T43/><D108/><U127/><E127/><V102/><F25/><W13/><G13/><N who="0" m="7231" /><D84/><U125/><E125/><V120/><F120/><W3/><G3/><T122/><D122/><U10/><E116/><V70/><F70/><W69/><G69/><T79/><D79/><U94/><E104/><V135/><F135/><W33/><G33/><T112/><D112/><U101/><E101/><V126/><F126/><W89/><G89/><T133/><D133/><U117/><E117/><V36/><F102/><W97/><G97/><T91/><D91/><U4/><E72/><V95/><F36/><W124/><G124/><T6/><D6/><U76/><E76/><V34/><F34/><W47/><G47/><N who="0" m="25983" /><D24/><N who="1" m="14463" /><E78/><V21/><F105/><W123/><G123/><T100/><D100/><U53/><E103/><V0/><F106/><W71/><G71/><T30/><D30/><U73/><E73/><N who="2" m="43055" /><F41/><W52/><G67/><N who="1" m="25610" /><E53/><V86/><F42/><W37/><G37/><T48/><D48/><U82/><E96/><V85/><F54/><W1/><G1/><T5/><D5/><U44/><E44/><V115/><F115/><W26/><G26/><T46/><D46/><RYUUKYOKU ba="1,0" sc="210,10,237,10,360,-30,193,10" hai0="20,22,55,61" hai1="4,10,14,81,82,83,94" hai3="12,18,29,31,52,57,59,62,63,64" /><INIT seed="7,2,0,0,4,49" ten="220,247,330,203" oya="3" hai0="21,38,4,111,71,122,41,93,69,120,100,115,84" hai1="5,25,89,43,40,135,108,132,95,16,56,67,114" hai2="29,91,121,13,117,73,105,110,124,96,9,106,22" hai3="37,48,82,72,113,0,33,11,60,81,6,80,54"/><W79/><G113/><T51/><D111/><U58/><E5/><V39/><F110/><W30/><G37/><T63/><D38/><U31/><E16/><V24/><F117/><W97/><G60/><T83/><D4/><U8/><E8/><V17/><F73/><W98/><G98/><T127/><D115/><U61/><E56/><V85/><F39/><W44/><REACH who="3" step="1"/><G97/><REACH who="3" ten="220,247,330,193" step="2"/><N who="0" m="59439" /><D63/><U35/><E114/><V64/><F96/><W57/><G57/><T52/><D71/><U119/><E108/><V62/><F62/><W76/><G76/><N who="0" m="46183" /><D69/><U27/><E61/><V3/><F64/><W34/><G34/><T88/><D120/><U68/><E68/><V134/><F121/><W116/><G116/><T104/><D122/><U126/><E67/><V23/><F124/><W19/><G19/><T102/><D127/><U15/><E126/><V92/><F134/><W74/><G74/><T55/><D104/><U77/><E119/><V66/><F66/><W47/><G47/><N who="0" m="26095" /><D102/><U123/><E123/><V94/><F106/><W133/><G133/><T28/><D88/><U90/><E90/><V128/><F105/><W112/><G112/><T18/><D28/><U70/><E70/><V65/><F65/><W12/><G12/><AGARI ba="2,1" hai="12,18,21,52,55" m="26095,46183,59439" machi="12" ten="30,7700,0" yaku="8,1,52,2,54,1" doraHai="49" who="0" fromWho="3" sc="220,93,247,0,330,0,193,-83" owari="313,11.3,247,-15.3,330,43.0,110,-39.0" /></mjloggm>