<mjloggm ver="2.3"><GO type="169" lobby="0"/><UN n0="%E3%81%8B%E3%81%A5%E3%81%8D%EF%BC%B8%EF%BC%A9" n1="%70%6F%70%E2%98%86%63%6F%72%6E" n2="%52%59%4F%40%53%53" n3="%E5%AE%8C%E5%85%A8%E5%AE%89%E7%89%8C" dan="18,17,17,17" rate="2172.12,2153.05,2219.53,2160.15" sx="M,M,M,M"/><TAIKYOKU oya="0"/><INIT seed="0,0,0,5,4,111" ten="250,250,250,250" oya="0" hai0="102,72,80,45,55,20,49,117,104,35,97,23,6" hai1="118,57,21,30,39,125,28,52,64,99,112,4,36" hai2="130,93,27,121,24,10,110,12,134,109,101,25,131" hai3="82,32,124,59,51,29,62,50,115,43,15,53,87"/><T100/><D35/><U86/><E118/><V73/><F73/><W60/><G124/><T113/><D117/><U90/><E125/><V68/><F68/><W106/><G106/><T8/><D102/><U105/><E64/><V3/><F93/><W70/><G115/><T108/><D108/><N who="2" m="41578" /><F101/><W11/><G29/><T107/><D107/><U16/><E4/><N who="2" m="1311" /><F121/><W41/><G32/><T33/><D33/><U42/><E112/><V126/><F126/><W66/><G51/><T18/><D18/><U48/><E99/><V1/><F1/><W47/><G60/><T13/><REACH who="0" step="1"/><D113/><REACH who="0" ten="240,250,250,250" step="2"/><U133/><E105/><V31/><F134/><W75/><G75/><T83/><D83/><U67/><E133/><V17/><F31/><W76/><REACH who="3" step="1"/><G70/><REACH who="3" ten="240,250,250,240" step="2"/><T84/><D84/><U127/><E127/><V94/><F94/><W77/><G77/><AGARI ba="0,2" hai="6,8,13,20,23,45,49,55,72,77,80,97,100,104" machi="77" ten="40,2000,0" yaku="1,1,53,0" doraHai="111" doraHaiUra="58" who="0" fromWho="3" sc="240,40,250,0,250,0,240,-20" /><INIT seed="0,1,0,0,5,14" ten="280,250,250,220" oya="0" hai0="38,64,89,124,61,82,17,125,105,129,91,34,8" hai1="58,87,1,19,12,72,77,80,133,60,75,102,86" hai2="69,81,114,43,123,3,35,29,24,84,78,128,121" hai3="113,135,55,46,32,100,94,90,65,96,53,117,4"/><T10/><D34/><U110/><E1/><V74/><F114/><W15/><G117/><T112/><D105/><U83/><E102/><V111/><F111/><W27/><G135/><T88/><D38/><U92/><E92/><V28/><F128/><W42/><G113/><T63/><D112/><U79/><E133/><V57/><F57/><W26/><G65/><T39/><D39/><U131/><E110/><V5/><F84/><W97/><G4/><T50/><D50/><U23/><REACH who="1" step="1"/><E131/><REACH who="1" ten="280,240,250,220" step="2"/><V67/><F3/><W30/><G100/><T118/><D129/><U108/><E108/><V11/><F123/><W0/><G0/><T40/><D118/><U104/><E104/><V25/><F121/><W51/><G96/><T68/><D124/><U101/><E101/><V71/><F67/><AGARI ba="1,1" hai="12,19,23,58,60,67,72,75,77,79,80,83,86,87" machi="67" ten="30,7700,0" yaku="1,1,7,1,9,1,52,1,53,0" doraHai="14" doraHaiUra="127" who="1" fromWho="2" sc="280,0,240,90,250,-80,220,0" /><INIT seed="1,0,0,3,5,90" ten="280,330,170,220" oya="1" hai0="69,15,55,120,26,58,59,36,134,123,66,62,79" hai1="7,20,87,75,52,102,116,51,111,28,109,117,38" hai2="2,113,29,43,37,84,24,61,44,94,35,5,105" hai3="85,73,40,103,12,33,88,96,3,14,97,93,32"/><U64/><E75/><V122/><F105/><W68/><G3/><T104/><D26/><N who="1" m="16455" /><E38/><V130/><F122/><N who="0" m="46634" /><D104/><U34/><E34/><V89/><F113/><W19/><G73/><T118/><D79/><U30/><E30/><V42/><F130/><W131/><G131/><T10/><D118/><U63/><E7/><V22/><F43/><W78/><G68/><T65/><D36/><U82/><E102/><V18/><F61/><W124/><G124/><T121/><N who="0" m="46642" /><T57/><DORA hai="133" /><D134/><U46/><E87/><V80/><F5/><W91/><G40/><T72/><D72/><U21/><E21/><V92/><REACH who="2" step="1"/><F2/><REACH who="2" ten="280,330,160,220" step="2"/><W11/><G78/><T45/><D66/><U1/><E1/><V60/><F60/><W127/><G127/><T108/><D65/><U25/><E117/><V132/><F132/><W0/><G0/><T83/><D62/><U54/><E63/><V74/><F74/><W81/><REACH who="3" step="1"/><G14/><AGARI ba="0,1" hai="14,18,22,24,29,35,37,42,44,80,84,89,92,94" machi="14" ten="30,8000,1" yaku="1,1,7,1,52,2,53,1" doraHai="90,133" doraHaiUra="31,50" who="2" fromWho="3" sc="280,0,330,0,160,90,220,-80" /><INIT seed="2,0,0,3,3,85" ten="280,330,250,140" oya="2" hai0="43,42,31,100,111,91,22,44,0,61,45,41,2" hai1="57,11,77,54,98,78,27,96,88,126,74,127,66" hai2="36,19,26,83,129,132,25,34,3,65,95,130,28" hai3="109,53,75,103,49,69,112,30,116,101,55,67,94"/><V6/><F36/><W20/><G116/><T81/><D100/><U60/><E11/><N who="2" m="2527" /><F95/><W86/><G75/><T105/><D111/><U122/><E122/><V90/><F65/><W107/><G109/><T21/><D105/><U9/><E9/><V99/><F99/><W87/><G107/><T50/><D2/><U114/><E114/><V71/><F71/><W121/><G121/><T38/><D0/><U82/><E77/><V62/><F62/><W76/><G112/><T1/><D1/><U17/><E66/><V104/><F104/><W106/><G106/><T35/><D61/><U118/><E118/><V47/><F47/><W39/><G39/><T64/><D64/><U131/><E131/><N who="2" m="50187" /><F83/><W63/><G55/><T124/><D44/><U15/><E98/><V4/><F132/><W133/><G133/><T135/><D135/><U125/><E96/><V68/><F68/><W89/><G76/><T80/><D38/><U13/><E88/><V10/><F90/><W92/><G92/><T32/><D91/><U8/><E8/><V115/><F115/><W56/><REACH who="3" step="1"/><G87/><REACH who="3" ten="280,330,250,130" step="2"/><T33/><D43/><U134/><E134/><V7/><F7/><W79/><G79/><T117/><D42/><U40/><E40/><V14/><F4/><W16/><G16/><T128/><D128/><U123/><E123/><V12/><F10/><W48/><G48/><T29/><D117/><U110/><E110/><V70/><F70/><W51/><G51/><T119/><D119/><U18/><E18/><V97/><F97/><W24/><AGARI ba="0,1" hai="20,24,30,49,53,56,63,67,69,86,89,94,101,103" machi="24" ten="30,7900,0" yaku="1,1,0,1,52,1,53,1" doraHai="85" doraHaiUra="52" who="3" fromWho="3" sc="280,-20,330,-20,250,-39,130,89" /><INIT seed="3,0,0,3,5,52" ten="260,310,211,219" oya="3" hai0="20,55,58,48,42,89,135,4,26,27,107,126,83" hai1="90,82,97,18,64,45,115,87,96,93,105,106,44" hai2="132,22,50,133,88,67,104,65,111,28,112,19,108" hai3="118,12,32,113,17,49,76,80,122,79,94,5,123"/><W78/><G113/><T134/><D107/><U99/><E115/><V68/><F104/><W15/><G118/><T2/><D126/><U70/><E70/><V103/><F103/><W120/><G32/><T98/><D42/><U21/><E64/><V1/><F1/><W14/><G5/><T7/><D26/><N who="1" m="14647" /><E106/><V37/><F37/><W6/><G6/><T51/><D51/><U25/><E105/><V72/><F72/><W34/><G34/><T47/><D47/><N who="1" m="17995" /><E25/><V101/><F101/><AGARI ba="0,0" hai="82,87,90,93,96,97,99,101" m="17995,14647" machi="101" ten="30,1000,0" yaku="8,1" doraHai="52" who="1" fromWho="2" sc="260,0,310,10,211,-10,219,0" /><INIT seed="4,0,0,2,0,96" ten="260,320,201,219" oya="0" hai0="109,41,100,125,89,71,51,24,18,111,2,3,127" hai1="126,30,82,6,115,48,93,36,60,35,132,64,90" hai2="38,135,76,79,108,33,11,94,98,122,52,117,22" hai3="10,43,47,53,31,39,15,85,32,20,23,62,106"/><T78/><D89/><U73/><E36/><V0/><F33/><W14/><G106/><T37/><D78/><U61/><E61/><V97/><F108/><N who="0" m="41546" /><D71/><U119/><E119/><V59/><F38/><W42/><G42/><T70/><D51/><U8/><E48/><V101/><F122/><W67/><G53/><T105/><D70/><U116/><E116/><V110/><F110/><W83/><G32/><T12/><D24/><U113/><E82/><V80/><F135/><W112/><G112/><T69/><D69/><U13/><E73/><V45/><F45/><W92/><G83/><T50/><D50/><U130/><E35/><V134/><F134/><W120/><G85/><T88/><D88/><U107/><E90/><V19/><F117/><W40/><G47/><N who="0" m="23983" /><D12/><U46/><E46/><V28/><F80/><W66/><G39/><T133/><D18/><U63/><E132/><V58/><F58/><W29/><G92/><T114/><D114/><U72/><E72/><V102/><F0/><N who="0" m="42" /><D133/><U99/><E13/><N who="2" m="7615" /><F22/><W34/><G34/><T16/><D16/><U57/><E115/><V4/><F4/><W9/><REACH who="3" step="1"/><G62/><REACH who="3" ten="260,320,201,209" step="2"/><T7/><D7/><U65/><E60/><N who="2" m="35943" /><F28/><W131/><G131/><T118/><D118/><U25/><E6/><V121/><F121/><AGARI ba="0,1" hai="9,10,14,15,20,23,29,31,40,43,66,67,120,121" machi="121" ten="25,3200,0" yaku="1,1,22,2,53,0" doraHai="96" doraHaiUra="56" who="3" fromWho="2" sc="260,0,320,0,201,-32,209,42" /><INIT seed="5,0,0,1,4,55" ten="260,320,169,251" oya="1" hai0="19,47,56,52,77,5,134,99,81,39,107,109,2" hai1="117,94,36,131,114,57,69,45,62,9,83,118,110" hai2="14,112,0,100,66,58,106,46,103,74,123,113,18" hai3="41,89,130,125,42,51,86,63,1,128,31,85,79"/><U67/><E83/><V10/><F74/><W25/><G1/><T133/><D109/><U13/><E131/><N who="3" m="50218" /><G125/><T73/><D19/><U124/><E124/><V119/><F119/><W92/><G63/><N who="0" m="36231" /><D99/><U54/><E94/><V43/><F123/><W120/><G120/><T97/><D97/><U59/><E110/><V24/><F106/><W127/><G127/><T65/><D65/><U20/><E20/><V90/><F90/><N who="3" m="53327" /><G79/><T17/><D17/><U49/><E114/><N who="2" m="44139" /><F0/><W30/><G51/><T53/><D53/><U68/><E13/><V12/><F12/><W34/><G31/><T91/><D91/><U87/><E9/><V82/><F82/><AGARI ba="0,0" hai="25,30,34,41,42,82,86,89" m="53327,50218" machi="82" ten="30,1000,0" yaku="19,1" doraHai="55" who="3" fromWho="2" sc="260,0,320,0,169,-10,251,10" /><INIT seed="6,0,0,5,1,94" ten="260,320,159,261" oya="2" hai0="56,14,70,132,74,96,64,4,38,6,51,27,86" hai1="102,49,0,36,118,16,130,19,99,23,115,109,69" hai2="18,103,100,35,125,106,84,117,47,40,44,135,29" hai3="92,15,85,76,105,10,34,20,50,110,1,41,127"/><V37/><F117/><W89/><G110/><T7/><D74/><U11/><E36/><V60/><F125/><W123/><G123/><T31/><D70/><U75/><E75/><V134/><F47/><N who="3" m="25967" /><G34/><T121/><D38/><U33/><E33/><V53/><F84/><W59/><G105/><T93/><D86/><U12/><E130/><V98/><F100/><W32/><G1/><T78/><D132/><N who="2" m="50730" /><F18/><W54/><G32/><T63/><D51/><U111/><E115/><V17/><F17/><N who="3" m="10303" /><G127/><T108/><D108/><U119/><E19/><V124/><F124/><W67/><G10/><T73/><D73/><U120/><E111/><V2/><F2/><W21/><G21/><N who="0" m="15855" /><D78/><U45/><E109/><V13/><F13/><W39/><G39/><T116/><D121/><U72/><E120/><V62/><F53/><W9/><G9/><N who="0" m="4391" /><D116/><U46/><E72/><V55/><F55/><W88/><G54/><T81/><D81/><U3/><E119/><V101/><F101/><AGARI ba="0,0" hai="6,7,56,63,64,93,96,101" m="4391,15855" machi="101" ten="30,3900,0" yaku="25,1,8,1,52,1" doraHai="94" who="0" fromWho="2" sc="260,39,320,0,159,-39,261,0" /><INIT seed="7,0,0,3,4,29" ten="299,320,120,261" oya="3" hai0="48,61,94,40,123,60,8,75,132,112,90,31,135" hai1="120,87,34,74,37,93,110,59,42,98,121,32,2" hai2="70,108,127,45,20,27,104,122,62,128,116,130,23" hai3="25,28,0,111,131,76,64,72,43,47,102,44,96"/><W126/><G126/><T30/><D123/><U67/><E74/><V53/><F53/><W84/><G131/><T22/><D75/><U39/><E87/><V24/><F45/><W19/><G0/><T73/><D73/><U6/><E6/><V41/><F62/><N who="0" m="24170" /><D8/><U95/><E2/><V80/><F80/><W38/><G111/><T5/><D5/><U56/><E42/><V118/><F41/><W107/><G72/><T81/><D81/><U77/><E77/><V86/><F86/><W113/><G113/><T97/><D22/><U85/><E85/><V106/><F70/><W129/><G129/><T71/><D71/><U100/><E110/><V7/><F7/><W82/><G44/><N who="0" m="25607" /><D112/><U89/><E67/><V83/><F83/><W18/><REACH who="3" step="1"/><G64/><REACH who="3" ten="299,320,120,251" step="2"/><T134/><AGARI ba="0,1" hai="30,31,90,94,97,132,134,135" m="25607,24170" machi="134" ten="40,1500,0" yaku="20,1" doraHai="29" who="0" fromWho="0" sc="299,25,320,-4,120,-4,251,-7" owari="324,42.4,316,11.6,116,-38.4,244,-15.6" /></mjloggm>