<mjloggm ver="2.3"><GO type="169" lobby="0"/><UN n0="%7A%6F%6F%31%39%36%34" n1="%43%68%61%72%6F%2E" n2="%33%37%E6%82%A0%E4%B8%80" n3="%E7%88%86%E5%8B%9D%E5%95%8F%E9%A1%8C" dan="18,16,17,16" rate="2284.31,2160.53,2185.09,2087.58" sx="M,M,M,M"/><TAIKYOKU oya="0"/><INIT seed="0,0,0,0,2,8" ten="250,250,250,250" oya="0" hai0="59,102,126,27,11,51,82,129,42,23,77,35,66" hai1="29,63,94,90,89,47,88,74,4,53,69,52,14" hai2="111,108,25,3,87,9,41,19,125,131,113,31,93" hai3="85,121,43,21,56,18,36,86,61,79,92,68,70"/><T95/><D35/><U48/><E74/><V135/><F41/><W30/><G30/><T7/><D129/><U34/><E34/><V72/><F72/><W116/><G116/><T32/><D32/><U46/><E29/><V6/><F87/><W58/><G121/><T120/><D120/><U20/><E69/><V67/><F93/><W2/><G86/><N who="0" m="48463" /><D126/><U22/><E94/><V81/><F67/><W109/><G109/><N who="2" m="42057" /><F81/><W118/><G118/><T73/><D73/><U106/><E106/><V26/><F113/><W100/><G2/><T16/><D66/><U112/><E112/><V123/><F123/><W97/><G79/><T45/><D59/><N who="1" m="35303" /><E46/><V64/><F64/><W5/><G58/><T75/><D75/><U39/><E39/><V38/><F38/><W54/><G85/><T24/><D24/><U50/><E50/><V128/><F125/><W80/><G80/><T55/><D55/><U1/><E1/><V122/><F122/><W115/><G115/><T71/><D71/><U134/><E134/><V107/><F107/><W101/><G70/><T103/><D95/><U60/><E60/><V119/><F135/><W49/><G68/><T105/><D105/><U130/><E130/><N who="2" m="49707" /><F119/><W40/><G36/><T78/><D78/><U91/><N who="1" m="22528" /><DORA hai="12" /><U84/><E84/><V0/><F0/><W114/><G92/><T10/><D103/><U15/><E4/><V57/><F57/><W13/><G100/><T17/><D7/><U99/><E99/><V133/><F133/><W96/><G5/><T33/><D102/><U117/><E117/><V62/><F62/><RYUUKYOKU ba="0,0" sc="250,-10,250,30,250,-10,250,-10" hai1="14,15,20,22,47,48,53" /><INIT seed="1,1,0,4,0,16" ten="240,280,240,240" oya="1" hai0="36,30,89,127,73,86,72,5,6,21,4,129,125" hai1="13,105,68,102,3,45,124,49,50,99,22,82,63" hai2="58,2,51,55,56,95,33,116,88,14,32,98,92" hai3="93,1,87,78,119,115,10,44,27,123,24,26,76"/><U38/><E3/><V107/><F107/><W23/><G123/><T7/><N who="0" m="1024" /><DORA hai="111" /><T66/><D36/><U79/><E124/><N who="0" m="47689" /><D66/><U12/><E12/><V17/><F2/><W90/><G10/><T77/><D77/><U47/><E68/><V25/><F25/><N who="3" m="9835" /><G1/><T132/><D30/><U118/><E118/><V122/><F122/><W114/><G119/><T54/><D54/><U83/><E63/><V64/><F116/><W39/><G39/><T52/><D132/><U91/><E38/><V84/><F64/><W53/><G53/><T80/><D129/><U117/><E117/><V19/><F19/><N who="3" m="12799" /><G44/><T74/><D52/><U34/><E45/><V81/><F58/><W8/><G8/><T70/><D70/><U60/><E47/><V110/><F110/><W131/><G131/><T57/><D57/><U59/><E59/><V20/><F33/><W62/><G62/><T37/><D37/><U43/><E34/><V41/><F32/><W133/><G133/><T103/><D103/><U31/><E60/><V134/><F134/><W42/><G42/><T71/><D71/><U40/><E40/><V85/><F41/><W121/><G121/><T35/><D35/><U100/><E100/><V61/><F61/><W130/><G130/><T104/><D104/><U75/><E43/><V135/><F135/><W0/><G0/><T112/><D112/><U69/><E69/><V126/><F126/><W11/><G11/><T120/><D120/><U9/><E31/><V128/><F128/><W28/><G28/><T109/><D109/><U67/><E9/><V113/><F113/><AGARI ba="1,0" hai="76,78,87,90,93,113,114,115" m="12799,9835" machi="113" ten="30,8000,1" yaku="6,1,52,4" doraHai="16,111" who="3" fromWho="2" sc="240,0,280,0,240,-83,240,83" /><INIT seed="2,0,0,2,0,80" ten="240,280,157,323" oya="2" hai0="36,37,99,127,44,63,4,118,47,82,1,101,77" hai1="21,106,87,75,102,45,48,113,85,121,109,98,30" hai2="16,22,50,74,61,107,124,91,72,28,41,39,10" hai3="111,71,59,112,69,33,104,122,96,24,14,31,26"/><V92/><F107/><W97/><G122/><T81/><D127/><U132/><E113/><V42/><F124/><W125/><G125/><T78/><D118/><U128/><E75/><V51/><F39/><W86/><G111/><T19/><D19/><U38/><E38/><V88/><F61/><W18/><G112/><T0/><D63/><U11/><E109/><V133/><F133/><W55/><G26/><T135/><D99/><U12/><E128/><V32/><F32/><W126/><G126/><T8/><D101/><U17/><E132/><V53/><F74/><W34/><G34/><T65/><D135/><U134/><E134/><V7/><F72/><W57/><G57/><T123/><D8/><U115/><E115/><V130/><F28/><W114/><G114/><T52/><D4/><U54/><E121/><V110/><F110/><W100/><G97/><T76/><D76/><U108/><REACH who="1" step="1"/><E108/><REACH who="1" ten="240,270,157,323" step="2"/><V68/><F130/><W73/><G73/><T120/><REACH who="0" step="1"/><D65/><REACH who="0" ten="230,270,157,323" step="2"/><U15/><E15/><N who="2" m="5599" /><F68/><W83/><G69/><T116/><D116/><U6/><E6/><V94/><F42/><W93/><G71/><T84/><D84/><U79/><E79/><V27/><F41/><W67/><G67/><T46/><D46/><U20/><E20/><V70/><F70/><W66/><G66/><T103/><D103/><U49/><E49/><N who="2" m="18443" /><F53/><AGARI ba="0,2" hai="0,1,36,37,44,47,52,53,77,78,81,82,120,123" machi="53" ten="25,12000,2" yaku="1,1,22,2,54,1,53,2" doraHai="80" doraHaiUra="35" who="0" fromWho="2" sc="230,140,270,0,157,-120,323,0" /><INIT seed="3,0,0,1,3,120" ten="370,270,37,323" oya="3" hai0="89,54,16,25,59,11,32,105,81,77,101,131,76" hai1="85,18,64,107,80,0,39,74,7,122,30,67,90" hai2="62,22,29,84,112,37,68,104,5,47,31,19,123" hai3="6,55,130,4,93,133,56,10,114,23,118,72,51"/><W87/><G72/><T36/><D36/><U60/><E122/><V46/><F112/><W95/><G114/><T109/><D131/><U65/><E107/><V134/><F123/><W117/><G130/><T127/><D127/><U119/><E119/><V50/><F37/><W70/><G70/><T17/><D101/><U2/><E39/><V66/><F134/><W110/><G133/><T26/><D89/><U86/><E74/><V98/><F5/><W48/><G23/><T94/><D94/><U91/><E30/><V135/><F135/><W99/><G87/><T88/><D88/><U100/><E100/><V8/><F8/><W83/><G83/><T15/><D105/><U71/><E18/><V132/><F132/><W116/><G95/><T79/><D81/><U35/><E35/><V40/><F46/><W115/><G115/><T53/><D79/><U102/><E102/><V92/><F104/><W82/><G82/><T42/><D59/><U13/><E13/><V33/><F84/><W52/><G6/><T69/><D15/><U1/><E7/><V49/><F49/><W129/><G129/><T21/><D21/><U34/><E34/><V9/><F9/><W63/><G10/><T58/><D11/><U57/><E71/><V24/><REACH who="2" step="1"/><F33/><REACH who="2" ten="370,270,27,323" step="2"/><W41/><G4/><T78/><D32/><U14/><E86/><V12/><F12/><W27/><G118/><T3/><D3/><U125/><E14/><V45/><F45/><W126/><G117/><T103/><D78/><U97/><E125/><V106/><F106/><W43/><G126/><T44/><D77/><RYUUKYOKU ba="0,1" sc="370,-15,270,15,27,15,323,-15" hai1="0,1,2,57,60,64,65,67,80,85,90,91,97" hai2="19,22,24,29,31,40,47,50,62,66,68,92,98" /><INIT seed="4,1,1,5,5,52" ten="355,285,42,308" oya="0" hai0="14,124,130,112,90,92,8,125,96,120,61,81,119" hai1="72,91,117,107,26,40,60,48,108,30,132,44,29" hai2="4,105,75,67,11,31,126,33,37,114,109,51,32" hai3="10,7,102,111,55,85,58,73,36,110,45,64,74"/><T49/><D120/><U93/><E108/><V47/><F105/><W133/><G133/><T53/><D119/><U0/><E0/><V128/><F75/><W22/><G74/><T127/><D112/><U3/><E3/><V84/><F114/><W101/><G73/><T134/><D134/><U12/><E107/><V50/><F109/><W28/><G64/><T70/><D130/><U54/><E72/><V65/><F37/><W56/><G56/><T99/><D81/><U2/><E2/><V103/><F103/><W20/><G85/><N who="0" m="52303" /><D61/><U5/><E132/><V116/><F128/><W15/><G102/><T113/><D70/><U89/><E117/><V9/><F116/><W66/><G66/><T100/><D100/><U82/><E82/><V25/><F33/><W122/><G101/><T88/><D88/><U98/><E89/><V135/><F135/><W59/><G122/><T131/><D131/><U69/><E26/><V79/><F126/><W46/><G36/><T6/><D113/><U17/><E5/><V115/><F51/><N who="3" m="29175" /><G110/><T121/><D121/><U94/><E94/><V77/><F115/><W63/><G63/><T21/><D21/><N who="1" m="11431" /><E69/><V18/><F79/><W62/><G62/><T19/><D6/><U24/><E24/><V27/><F77/><W68/><G68/><T13/><D14/><U87/><E87/><V97/><F97/><W57/><G111/><T1/><D1/><U95/><E95/><V78/><F84/><W23/><G28/><T35/><D35/><U106/><E106/><V123/><F78/><W71/><G71/><T86/><D86/><RYUUKYOKU ba="1,1" sc="355,10,285,10,42,-30,308,10" hai0="8,13,19,49,53,96,99,124,125,127" hai1="29,30,40,44,48,54,60,91,93,98" hai3="7,10,15,20,22,23,45,57,58,59" /><INIT seed="4,2,1,0,0,13" ten="365,295,12,318" oya="0" hai0="42,111,66,72,70,47,120,102,45,6,18,121,90" hai1="38,75,20,7,117,78,119,83,130,73,41,74,23" hai2="127,109,134,54,85,36,88,124,39,55,9,17,16" hai3="76,110,104,80,93,27,82,99,89,132,62,34,71"/><T65/><D72/><N who="1" m="27755" /><E23/><V87/><F9/><W35/><G110/><T107/><D111/><U11/><E20/><V122/><F109/><W46/><G132/><T77/><D77/><U19/><E19/><N who="2" m="7243" /><F122/><W56/><G71/><T28/><D28/><U51/><E51/><V95/><F134/><W125/><G125/><N who="2" m="48201" /><F87/><W63/><G35/><T100/><D6/><U118/><E130/><V61/><F61/><W1/><G63/><T26/><D121/><U115/><E115/><V68/><F68/><W58/><G62/><T79/><D70/><U96/><E96/><V37/><AGARI ba="2,1" hai="36,37,39,54,55,85,88,95" m="48201,7243" machi="37" ten="40,12000,2" yaku="18,1,52,3,54,2" doraHai="13" who="2" fromWho="2" sc="365,-62,295,-32,12,136,318,-32" /><INIT seed="5,0,0,5,2,40" ten="303,263,148,286" oya="1" hai0="83,96,2,117,42,57,46,98,82,104,65,33,10" hai1="24,39,63,54,85,79,119,124,55,49,108,8,86" hai2="118,70,105,78,134,34,6,15,114,31,111,100,13" hai3="77,5,52,128,11,3,9,132,91,60,12,120,29"/><U97/><E119/><V106/><F118/><W26/><G120/><T88/><D33/><U47/><E124/><V129/><F70/><W92/><G132/><T22/><D117/><U18/><E108/><V84/><F111/><W51/><G128/><T48/><D2/><U76/><E39/><V73/><F129/><W44/><G77/><N who="1" m="29770" /><E97/><N who="0" m="37481" /><D104/><U112/><E112/><V130/><F73/><W103/><G103/><T72/><D72/><U23/><E8/><V67/><F106/><W81/><G81/><T121/><D121/><U80/><E80/><V0/><F34/><W37/><G37/><T59/><D10/><U125/><E125/><V127/><F114/><W41/><G60/><N who="0" m="38031" /><D59/><AGARI ba="0,0" hai="18,23,24,47,49,54,55,59,63,85,86" m="29770" machi="59" ten="30,2900,0" yaku="8,1,52,1" doraHai="40" who="1" fromWho="0" sc="303,-29,263,29,148,0,286,0" /><INIT seed="5,1,0,0,0,16" ten="274,292,148,286" oya="1" hai0="103,95,80,100,51,32,5,113,14,45,25,24,71" hai1="106,69,99,1,126,29,2,22,64,39,92,6,102" hai2="12,117,74,48,77,8,4,132,53,119,7,87,127" hai3="107,66,88,123,35,83,33,54,93,114,36,61,85"/><U59/><E69/><V50/><F127/><W55/><G123/><T58/><D71/><U20/><E126/><V43/><F132/><W90/><G107/><T111/><D111/><U0/><E39/><V130/><F130/><W21/><G36/><T62/><D113/><U96/><E6/><V91/><F74/><W105/><G105/><T11/><D80/><U57/><E64/><V47/><F117/><W135/><G114/><T28/><D25/><U125/><E125/><V84/><F119/><W19/><G135/><T97/><D62/><U52/><E29/><V38/><F38/><W79/><G90/><T129/><D58/><U41/><E41/><V27/><F27/><W124/><G124/><T18/><D129/><U75/><E75/><V70/><F70/><W46/><G46/><T44/><D103/><U73/><E73/><V112/><F112/><W9/><G9/><T115/><D115/><U133/><E133/><V98/><F7/><W131/><G131/><T10/><D51/><U3/><N who="1" m="0" /><DORA hai="13" /><U120/><E120/><V65/><F65/><W23/><G35/><T128/><D128/><U86/><E86/><V72/><F72/><W94/><G33/><T118/><D118/><U40/><E40/><V67/><F67/><W82/><G66/><T15/><AGARI ba="1,0" hai="5,10,11,14,15,18,24,28,32,44,45,95,97,100" machi="15" ten="20,2700,0" yaku="0,1,7,1,52,1" doraHai="16,13" who="0" fromWho="0" sc="274,30,292,-14,148,-8,286,-8" /><INIT seed="6,0,0,5,0,30" ten="304,278,140,278" oya="2" hai0="43,79,116,29,50,14,111,132,15,124,55,131,91" hai1="97,66,7,77,102,67,32,45,101,4,65,119,17" hai2="62,20,95,104,13,81,42,41,90,105,19,57,8" hai3="46,107,110,39,48,76,21,68,31,78,25,70,108"/><V35/><F104/><W54/><G107/><T125/><D111/><U72/><E119/><V58/><F105/><W100/><G100/><T114/><D116/><U127/><E127/><N who="0" m="48713" /><D114/><U103/><E97/><V28/><F35/><W26/><G39/><T117/><D117/><U135/><E135/><V75/><F75/><W38/><G38/><T93/><D131/><U37/><E32/><V106/><F106/><W51/><G110/><T133/><D79/><U63/><E63/><V33/><F33/><W59/><G108/><T84/><D43/><U74/><E37/><V22/><F81/><W1/><G1/><T128/><D29/><U60/><E60/><V118/><F118/><W80/><G78/><T11/><D128/><U89/><E45/><V69/><F69/><W92/><G92/><T56/><D15/><U3/><E89/><V27/><F8/><W112/><G26/><T122/><D122/><U96/><E96/><V2/><F2/><W82/><G82/><T40/><D40/><U98/><E98/><N who="2" m="57719" /><F58/><W64/><G64/><AGARI ba="0,0" hai="13,19,20,22,27,28,41,42,57,62,64" m="57719" machi="64" ten="30,1500,0" yaku="8,1" doraHai="30" who="2" fromWho="3" sc="304,0,278,0,140,15,278,-15" /><INIT seed="6,1,0,1,3,120" ten="304,278,155,263" oya="2" hai0="52,122,36,126,34,119,96,86,116,93,33,85,81" hai1="8,108,107,106,105,89,59,51,77,46,101,47,30" hai2="76,25,74,88,13,65,19,15,124,75,135,42,70" hai3="41,69,127,67,92,117,109,9,64,11,57,104,63"/><V44/><F124/><W98/><G117/><N who="0" m="45131" /><D122/><U50/><E101/><V54/><F135/><W27/><G104/><T130/><D126/><U68/><E68/><V87/><F25/><W100/><G127/><T118/><D130/><U4/><E77/><V60/><F76/><W2/><G41/><T35/><D36/><U133/><E30/><V82/><F15/><W31/><G2/><T7/><D118/><U132/><E59/><V58/><F70/><W111/><G69/><T73/><D7/><U97/><E97/><V114/><F114/><W131/><G67/><T16/><D73/><U95/><E95/><V6/><F6/><W62/><G62/><T40/><D40/><U28/><E89/><V0/><F0/><W1/><G1/><T90/><D52/><U37/><E37/><V23/><REACH who="2" step="1"/><F65/><REACH who="2" ten="304,278,145,263" step="2"/><W134/><G134/><T32/><D32/><U56/><E4/><V20/><F20/><N who="3" m="15847" /><G131/><T79/><D16/><U12/><E133/><V123/><F123/><W29/><G29/><T17/><D17/><U71/><E28/><V84/><F84/><W26/><G26/><T10/><D86/><U72/><E71/><V78/><F78/><W94/><G94/><T14/><D14/><U22/><E22/><V80/><F80/><W53/><G53/><T55/><D55/><U112/><E132/><V18/><F18/><W115/><G115/><T129/><D129/><U24/><E112/><V38/><AGARI ba="1,1" hai="13,19,23,38,42,44,54,58,60,74,75,82,87,88" machi="38" ten="20,7800,0" yaku="1,1,0,1,7,1,54,1,53,0" doraHai="120" doraHaiUra="91" who="2" fromWho="2" sc="304,-27,278,-27,145,91,263,-27" /><INIT seed="6,2,0,4,2,57" ten="277,251,236,236" oya="2" hai0="86,122,12,24,17,20,30,83,32,102,7,69,0" hai1="4,124,109,59,126,105,18,9,67,76,60,40,47" hai2="77,14,131,29,19,89,74,15,10,63,28,133,58" hai3="116,23,81,101,31,111,115,45,130,121,37,22,90"/><V95/><F131/><W117/><G111/><T99/><D69/><U87/><E109/><V98/><F133/><W129/><G121/><T43/><D43/><U103/><E18/><V92/><F74/><W71/><G71/><T80/><D86/><U36/><E103/><V75/><F75/><W66/><G66/><T27/><D27/><U53/><E105/><V55/><F77/><W96/><G115/><T54/><D54/><U41/><E41/><V88/><F15/><W135/><G37/><T93/><D122/><U56/><E87/><AGARI ba="2,0" hai="10,14,19,28,29,55,58,63,87,88,89,92,95,98" machi="87" ten="30,11600,0" yaku="7,1,8,1,52,1,54,1" doraHai="57" who="2" fromWho="1" sc="277,0,251,-122,236,122,236,0" /><INIT seed="6,3,0,5,5,95" ten="277,129,358,236" oya="2" hai0="80,132,1,54,111,6,37,73,123,105,33,127,72" hai1="41,15,75,98,46,56,64,113,103,131,86,49,104" hai2="34,47,26,24,135,102,43,91,53,25,4,85,74" hai3="128,17,20,109,134,120,116,114,121,83,69,96,68"/><V32/><F74/><W78/><G109/><T122/><RYUUKYOKU type="yao9" ba="3,0" sc="277,0,129,0,358,0,236,0" hai0="1,6,33,37,54,72,73,80,105,111,122,123,127,132" /><INIT seed="6,4,0,1,0,98" ten="277,129,358,236" oya="2" hai0="115,120,97,57,56,70,68,95,82,32,25,55,0" hai1="42,104,75,72,110,44,86,125,4,47,111,51,59" hai2="80,65,132,58,100,41,53,23,73,93,3,18,62" hai3="13,6,49,105,87,133,129,123,126,33,112,118,102"/><V96/><F132/><W24/><G118/><T27/><D120/><U121/><E121/><V108/><F3/><W89/><G123/><T54/><D0/><U15/><E125/><V135/><F108/><W14/><G133/><T43/><D43/><U31/><E31/><V30/><F135/><W71/><G126/><T63/><D115/><U128/><E128/><V39/><F39/><W76/><G129/><T124/><D82/><U116/><E116/><V17/><F41/><W36/><G36/><T40/><D40/><U119/><E119/><V1/><F1/><W8/><G71/><T85/><D85/><U35/><E35/><V52/><F80/><W10/><G76/><T67/><D124/><U66/><E47/><V45/><F73/><W94/><G49/><T46/><D46/><U74/><E104/><V127/><F127/><W5/><G112/><T77/><D77/><U107/><E107/><V38/><F38/><W7/><G7/><T37/><D37/><U50/><E86/><V114/><F114/><W19/><G105/><T90/><D32/><U78/><E78/><V131/><F131/><W84/><G84/><T79/><D79/><U134/><E134/><V64/><F64/><W9/><G33/><T34/><D34/><U26/><E26/><V81/><F81/><W60/><G24/><N who="0" m="9291" /><D67/><U91/><E91/><V99/><F65/><W83/><G83/><T92/><D92/><U61/><E50/><N who="2" m="28751" /><F99/><W88/><G87/><T12/><D12/><U103/><REACH who="1" step="1"/><E103/><REACH who="1" ten="277,119,358,236" step="2"/><V130/><F130/><W106/><G102/><T21/><D97/><U11/><AGARI ba="4,1" hai="4,11,15,42,44,51,59,61,66,72,74,75,110,111" machi="11" ten="40,8000,1" yaku="1,1,2,1,5,1,0,1,53,0" doraHai="98" doraHaiUra="101" who="1" fromWho="1" sc="277,-24,119,102,358,-44,236,-24" /><INIT seed="7,0,0,3,4,12" ten="253,221,314,212" oya="3" hai0="38,83,130,90,56,121,42,91,88,125,107,19,44" hai1="24,112,117,73,105,80,43,100,65,69,17,96,63" hai2="92,4,54,20,114,59,21,11,9,16,95,85,51" hai3="22,76,109,71,106,8,75,123,115,116,67,99,37"/><W18/><G116/><T129/><D121/><U25/><E117/><V119/><F119/><W86/><G123/><T87/><D107/><U45/><E112/><V1/><F114/><W66/><G115/><T77/><D125/><U127/><E127/><V122/><F122/><W81/><G37/><T94/><D56/><U104/><E104/><V110/><F110/><W98/><G75/><T28/><D28/><U48/><E73/><V50/><F21/><W118/><G118/><T10/><D10/><U57/><E80/><V64/><F64/><N who="3" m="24619" /><G71/><T120/><D120/><U132/><E132/><V40/><F11/><W124/><G106/><T55/><D55/><U34/><E34/><V36/><F36/><W26/><G124/><T0/><D0/><U108/><E108/><V5/><F5/><W39/><G39/><T47/><D47/><U33/><E33/><V82/><F40/><W97/><G109/><T93/><REACH who="0" step="1"/><D19/><REACH who="0" ten="243,221,314,212" step="2"/><U135/><E135/><V29/><F29/><N who="3" m="17623" /><G8/><T13/><D13/><U133/><E133/><V113/><F113/><W134/><G134/><T103/><D103/><U111/><E111/><V128/><F9/><W78/><G18/><T23/><D23/><U3/><E3/><V52/><F16/><W49/><G49/><T35/><D35/><U74/><E17/><V53/><F51/><W79/><AGARI ba="0,1" hai="76,78,79,81,86,97,98,99" m="17623,24619" machi="79" ten="30,1500,0" yaku="8,1" doraHai="12" who="3" fromWho="3" sc="243,-5,221,-5,314,-5,212,25" /><INIT seed="7,1,0,1,4,130" ten="238,216,309,237" oya="3" hai0="29,123,56,16,110,38,0,58,79,73,7,132,118" hai1="92,131,134,50,83,2,65,71,13,8,36,60,87" hai2="46,62,49,80,97,72,20,109,37,100,98,101,6" hai3="91,108,78,82,22,74,113,61,55,26,116,32,44"/><W47/><G116/><T93/><D118/><U10/><E36/><V9/><F37/><W106/><G106/><T84/><D110/><U30/><E131/><V42/><F109/><W12/><G108/><T128/><D123/><U48/><E134/><V5/><F62/><W33/><G113/><T68/><D68/><U85/><E30/><V114/><F114/><W77/><G77/><T105/><D105/><U39/><E39/><V19/><F80/><W102/><G102/><N who="2" m="39529" /><F72/><W24/><G12/><T41/><D73/><U15/><E2/><V31/><F31/><W117/><G117/><T27/><D79/><U135/><E135/><V67/><F67/><W119/><G119/><T126/><D132/><U18/><E92/><V28/><F28/><W107/><G107/><T124/><D29/><U122/><E122/><V51/><F51/><W111/><G111/><T133/><D133/><U35/><E35/><V40/><F40/><W129/><G129/><T34/><D41/><U76/><REACH who="1" step="1"/><E87/><REACH who="1" ten="238,206,309,237" step="2"/><V120/><F120/><W86/><G33/><T1/><D38/><U95/><E95/><V43/><F98/><W21/><G32/><T17/><D128/><U70/><E70/><V99/><F99/><W63/><G74/><T89/><D0/><U4/><AGARI ba="1,1" hai="4,8,10,13,15,18,48,50,60,65,71,76,83,85" machi="4" ten="20,5200,0" yaku="1,1,0,1,7,1,53,1" doraHai="130" doraHaiUra="64" who="1" fromWho="1" sc="238,-14,206,65,309,-14,237,-27" /><INIT seed="8,0,0,0,3,51" ten="224,271,295,210" oya="0" hai0="78,102,132,21,84,109,95,49,66,50,61,0,19" hai1="85,13,64,121,128,100,18,105,103,62,26,119,88" hai2="110,111,59,70,43,82,80,108,30,34,96,44,131" hai3="31,87,120,33,36,91,47,68,133,54,126,65,79"/><T83/><D0/><U52/><E121/><V42/><F131/><W16/><G120/><T57/><D132/><U81/><E119/><V2/><F2/><W113/><G113/><T89/><D102/><N who="1" m="38955" /><E128/><V56/><F96/><W101/><G133/><T93/><D93/><U134/><E105/><V106/><F30/><W53/><G101/><T5/><D5/><U104/><E104/><V86/><F34/><W71/><G79/><T3/><D3/><U92/><E64/><V11/><F11/><W127/><G16/><T63/><D63/><U14/><E134/><V72/><F70/><N who="3" m="26667" /><G65/><T123/><D109/><U107/><E107/><V35/><F35/><W114/><G114/><T75/><REACH who="0" step="1"/><D123/><REACH who="0" ten="214,271,295,210" step="2"/><U22/><E92/><V8/><F106/><W29/><G33/><T115/><D115/><U135/><E135/><V118/><F108/><W41/><G31/><T6/><D6/><U10/><E10/><V130/><F110/><W69/><G29/><T20/><D20/><U67/><E67/><V4/><F130/><W77/><G69/><T90/><D90/><U27/><E62/><V15/><F111/><W112/><G112/><T97/><D97/><U45/><E22/><V125/><F8/><W99/><G99/><T24/><AGARI ba="0,1" hai="19,21,24,49,50,57,61,66,75,78,83,84,89,95" machi="24" ten="20,3900,0" yaku="1,1,0,1,7,1,53,0" doraHai="51" doraHaiUra="39" who="0" fromWho="0" sc="214,49,271,-13,295,-13,210,-13" /><INIT seed="8,1,0,5,2,26" ten="263,258,282,197" oya="0" hai0="105,30,123,62,53,28,93,117,115,12,106,77,110" hai1="46,64,83,86,42,38,104,107,3,10,135,97,102" hai2="36,101,17,15,87,16,34,52,78,94,98,39,60" hai3="21,68,43,82,58,35,41,27,24,70,80,76,48"/><T116/><D123/><U99/><E135/><V112/><F34/><W81/><G76/><T31/><D115/><U128/><E128/><V57/><F112/><W120/><G120/><T69/><D110/><U121/><E121/><V4/><F39/><W109/><G109/><T74/><D93/><U55/><E64/><V134/><F36/><W22/><G35/><T19/><D77/><U65/><E65/><V45/><F134/><W89/><G89/><T71/><D74/><U7/><E55/><V114/><F114/><W40/><G48/><T5/><D5/><U90/><REACH who="1" step="1"/><E97/><REACH who="1" ten="263,248,282,197" step="2"/><V18/><F45/><W118/><G118/><N who="0" m="45675" /><D53/><U108/><E108/><V63/><F63/><W100/><G58/><T61/><D61/><U9/><E9/><N who="2" m="4519" /><F87/><W126/><G126/><T129/><D129/><U0/><E0/><V95/><F78/><W50/><G50/><T84/><D84/><U59/><E59/><V2/><F2/><W33/><G33/><T66/><D71/><N who="3" m="27177" /><G100/><T23/><AGARI ba="1,1" hai="12,19,23,28,30,31,62,66,69,105,106" m="45675" machi="23" ten="30,11700,0" yaku="16,1,52,3" doraHai="26" who="0" fromWho="0" sc="263,130,248,-40,282,-40,197,-40" owari="393,49.3,208,-19.2,242,4.2,157,-34.3" /></mjloggm>