<mjloggm ver="2.3"><GO type="169" lobby="0"/><UN n0="%52%65%63%61%6C%74%71" n1="%E9%9B%B2%E3%81%AE%E3%83%95%E3%83%89%E3%82%A6" n2="%E5%A4%A2%E4%BB%98%E3%81%8D" n3="%42%41%52%34" dan="16,16,16,16" rate="2128.67,2062.50,2092.16,2138.33" sx="M,M,M,M"/><TAIKYOKU oya="0"/><INIT seed="0,0,0,2,1,61" ten="250,250,250,250" oya="0" hai0="108,34,53,62,38,44,85,131,24,46,124,96,77" hai1="117,29,111,114,39,6,135,89,49,22,55,4,25" hai2="109,54,105,14,122,82,121,56,63,26,35,71,101" hai3="28,90,31,23,88,91,43,3,110,72,92,64,132"/><T102/><D131/><U127/><E117/><V19/><F109/><W94/><G3/><T76/><D108/><U104/><E111/><V16/><F71/><W95/><G110/><T134/><D124/><U123/><E39/><V79/><F101/><W129/><G72/><T21/><D34/><U112/><E123/><V18/><F105/><W41/><G129/><T11/><D11/><U107/><E135/><V70/><F14/><W126/><G126/><T100/><D134/><U15/><E89/><V69/><F69/><W32/><G32/><T87/><D38/><U8/><E4/><V47/><F70/><W37/><G37/><T103/><D96/><U66/><E66/><V5/><F5/><W80/><G80/><T57/><D87/><U20/><E20/><V51/><F26/><W119/><G132/><T36/><D36/><U99/><E99/><V12/><F12/><W130/><G130/><T9/><D9/><U133/><E133/><V65/><REACH who="2" step="1"/><F35/><REACH who="2" ten="250,250,240,250" step="2"/><W93/><G93/><T120/><D120/><U17/><E6/><V7/><F7/><W83/><G83/><T128/><D128/><U67/><E127/><V68/><F68/><W97/><G119/><T13/><D13/><U113/><E107/><V0/><F0/><W27/><G97/><T10/><D10/><U40/><E104/><V106/><F106/><W115/><G95/><T73/><D73/><AGARI ba="0,1" hai="16,18,19,47,51,54,56,63,65,73,79,82,121,122" machi="73" ten="40,5200,0" yaku="1,1,52,1,54,1,53,0" doraHai="61" doraHaiUra="84" who="2" fromWho="0" sc="250,-52,250,0,240,62,250,0" /><INIT seed="1,0,0,2,0,73" ten="198,250,302,250" oya="1" hai0="101,48,54,13,89,128,21,129,55,106,16,98,7" hai1="27,94,84,134,44,29,114,2,135,120,95,109,75" hai2="20,68,45,100,35,5,72,80,127,64,51,123,108" hai3="38,93,67,96,3,121,122,14,117,71,124,11,83"/><U12/><E2/><V126/><F123/><W0/><G38/><T130/><D7/><U59/><E120/><V52/><F35/><W63/><G3/><T36/><D36/><U69/><E69/><V116/><F116/><W110/><G117/><T53/><REACH who="0" step="1"/><D89/><REACH who="0" ten="188,250,302,250" step="2"/><N who="1" m="53543" /><E114/><V79/><F108/><W90/><G110/><T19/><D19/><U32/><E109/><V8/><F100/><W99/><G121/><T70/><D70/><U30/><E30/><V25/><F68/><W1/><G122/><T43/><D43/><U39/><E39/><V31/><REACH who="2" step="1"/><F64/><REACH who="2" ten="188,250,292,250" step="2"/><W56/><G71/><T61/><D61/><U77/><E134/><V105/><F105/><W82/><G67/><T107/><D107/><U132/><E132/><V18/><F18/><W115/><G63/><T57/><AGARI ba="0,2" hai="13,16,21,48,53,54,55,57,98,101,106,128,129,130" machi="57" ten="30,7900,0" yaku="1,1,0,1,19,1,54,1,53,0" doraHai="73" doraHaiUra="34" who="0" fromWho="0" sc="188,99,250,-39,292,-20,250,-20" /><INIT seed="2,0,0,4,5,80" ten="287,211,272,230" oya="2" hai0="65,11,33,77,63,114,18,89,131,16,132,85,134" hai1="29,56,109,7,1,112,97,72,135,46,87,54,102" hai2="116,79,19,57,22,90,45,2,93,78,51,95,107" hai3="68,62,53,42,121,104,76,125,84,59,49,14,103"/><V88/><F116/><W34/><G121/><T20/><D114/><U61/><E112/><V111/><F107/><W99/><G125/><T28/><D131/><U119/><E119/><V31/><F2/><W66/><G34/><T113/><D77/><U110/><E72/><V122/><F122/><W44/><G14/><T13/><D33/><U67/><E29/><V36/><F36/><W115/><G115/><T58/><D113/><U75/><E75/><V70/><F70/><W91/><G76/><T123/><D28/><U129/><E129/><V23/><F57/><W100/><G100/><T4/><D123/><U21/><E21/><N who="2" m="7691" /><F19/><W69/><REACH who="3" step="1"/><G66/><REACH who="3" ten="287,211,272,220" step="2"/><T128/><D128/><U24/><E67/><V32/><F32/><W101/><G101/><T9/><D9/><U8/><E102/><V117/><F117/><W37/><G37/><T83/><REACH who="0" step="1"/><D18/><REACH who="0" ten="277,211,272,220" step="2"/><U10/><E10/><V52/><F31/><W5/><G5/><T86/><D86/><U94/><E87/><N who="2" m="52447" /><F111/><W96/><G96/><AGARI ba="0,2" hai="45,51,52,78,79,88,95,96" m="52447,7691" machi="96" ten="30,11600,0" yaku="8,1,52,1,54,2" doraHai="80" who="2" fromWho="3" sc="277,0,211,0,272,136,220,-116" /><INIT seed="2,1,0,3,1,105" ten="277,211,408,104" oya="2" hai0="117,104,34,27,17,128,54,41,14,113,122,57,68" hai1="99,71,3,93,26,73,30,58,83,19,94,127,5" hai2="106,112,65,42,133,110,75,95,109,55,102,2,1" hai3="82,16,78,91,69,48,77,115,53,130,39,50,108"/><V38/><F112/><W12/><G39/><T36/><D113/><U134/><E71/><V87/><F106/><W61/><G108/><T129/><D104/><U6/><E134/><V81/><F65/><W22/><G130/><T74/><D68/><U59/><E127/><V64/><F64/><W70/><G61/><T132/><D122/><U114/><E114/><V67/><F67/><W51/><G53/><T60/><D132/><U52/><E19/><V62/><F133/><W100/><G100/><T131/><D117/><U18/><E18/><V20/><F20/><W8/><G115/><T7/><D7/><U72/><E83/><V126/><F126/><W28/><G91/><T11/><D74/><U9/><E58/><N who="2" m="35167" /><F42/><W23/><G77/><T84/><D84/><U13/><E6/><V43/><F43/><W47/><G47/><N who="0" m="23975" /><D27/><U0/><E0/><V4/><F4/><W120/><G23/><T29/><D29/><U56/><E56/><V63/><F38/><W89/><G120/><T31/><D31/><U49/><E3/><V125/><F125/><W90/><G70/><T118/><D118/><U25/><E25/><V85/><F2/><W86/><G69/><T35/><AGARI ba="1,0" hai="11,14,17,34,35,54,57,60,128,129,131" m="23975" machi="35" ten="40,1500,0" yaku="19,1" doraHai="105" who="0" fromWho="0" sc="277,18,211,-5,408,-8,104,-5" /><INIT seed="3,0,0,3,2,102" ten="295,206,400,99" oya="3" hai0="124,87,135,71,25,131,77,6,0,123,61,86,116" hai1="59,50,121,31,98,64,19,106,94,4,66,49,119" hai2="45,118,26,44,67,2,96,128,56,29,127,10,78" hai3="22,122,58,5,111,51,60,75,74,39,12,13,80"/><W7/><G39/><T103/><D123/><U8/><E121/><V55/><F118/><W24/><G122/><T30/><D131/><U32/><E119/><V3/><F128/><W108/><G51/><T110/><D124/><U120/><E120/><V134/><F127/><W27/><G58/><T37/><D37/><U16/><E32/><V18/><F134/><W95/><G95/><T100/><D135/><U88/><E31/><V82/><F67/><N who="1" m="25641" /><E106/><V91/><F3/><W9/><G80/><T23/><D6/><U133/><E133/><V52/><F55/><W84/><G84/><T62/><D0/><U33/><E33/><V129/><F129/><W90/><G90/><T21/><D116/><U93/><E93/><N who="2" m="56383" /><F29/><W92/><G92/><T97/><D77/><U57/><E50/><V132/><F2/><W70/><G22/><T73/><D73/><U11/><E11/><V68/><F10/><W14/><G14/><T117/><D117/><U104/><E104/><V85/><F132/><W53/><G9/><T47/><D23/><U126/><E126/><V99/><F68/><W105/><G70/><T63/><D71/><U1/><E1/><V35/><F35/><W43/><G105/><N who="0" m="63631" /><D103/><U48/><E48/><N who="2" m="30727" /><F99/><W115/><G53/><T81/><D86/><U69/><E69/><V109/><F85/><W112/><REACH who="3" step="1"/><G43/><REACH who="3" ten="295,206,400,89" step="2"/><T54/><D87/><U114/><E49/><V130/><F82/><W107/><G107/><T36/><D81/><U113/><E57/><V40/><F40/><W34/><G34/><T15/><D36/><U38/><E38/><V101/><F130/><RYUUKYOKU ba="0,1" sc="295,-10,206,-10,400,-10,89,30" hai3="5,7,12,13,24,27,60,74,75,108,111,112,115" /><INIT seed="3,1,1,1,4,127" ten="285,196,390,119" oya="3" hai0="36,3,114,134,102,38,126,4,64,9,12,104,46" hai1="54,6,45,75,89,53,27,18,113,40,133,84,135" hai2="120,107,72,22,68,69,20,103,2,42,79,73,130" hai3="116,95,117,13,90,25,16,77,58,78,43,34,24"/><W41/><G58/><T92/><D126/><U91/><E75/><V59/><F59/><W67/><G67/><T28/><D114/><U110/><E113/><V82/><F42/><N who="3" m="15883" /><G34/><T87/><D134/><N who="1" m="51211" /><E110/><V56/><F56/><W108/><G117/><T76/><D64/><U101/><E101/><V122/><F103/><W19/><G116/><T60/><D60/><U125/><E125/><V30/><F30/><W55/><G55/><N who="1" m="21002" /><E6/><V48/><F82/><W15/><G15/><T0/><D104/><U105/><E105/><V1/><F107/><W5/><G5/><T97/><D3/><U131/><E84/><V70/><F70/><W96/><G19/><T57/><D57/><U94/><E94/><V74/><F74/><W47/><G47/><T50/><D28/><U35/><E35/><V21/><F21/><N who="3" m="11407" /><G108/><T129/><D0/><U86/><E86/><V93/><F72/><W8/><G8/><T44/><D44/><U49/><E18/><V106/><F73/><W109/><G109/><T7/><D7/><U119/><E27/><AGARI ba="1,1" hai="24,25,27,77,78,90,95,96" m="11407,15883" machi="27" ten="30,2900,0" yaku="8,1,54,1" doraHai="127" who="3" fromWho="1" sc="285,0,196,-32,390,0,119,42" /><INIT seed="3,2,0,0,1,63" ten="285,164,390,161" oya="3" hai0="32,33,75,27,64,18,121,28,94,93,72,82,103" hai1="128,49,66,52,101,127,30,36,69,132,6,56,99" hai2="0,96,91,55,23,62,89,20,53,83,123,131,31" hai3="42,100,11,46,8,107,67,61,54,92,98,43,26"/><W109/><G43/><T3/><D121/><U122/><E122/><V125/><F123/><W17/><G107/><T80/><D3/><U129/><E30/><V133/><F0/><W112/><G112/><T21/><D103/><U78/><E78/><V86/><F131/><N who="1" m="50249" /><E6/><V77/><F133/><W95/><G54/><N who="2" m="20489" /><F125/><W85/><G109/><T111/><D111/><U120/><E120/><V1/><F1/><W12/><G26/><T113/><D113/><U106/><E36/><V74/><F74/><W73/><G73/><T70/><D72/><U87/><E87/><V117/><F62/><W44/><G11/><T116/><D116/><U81/><E81/><V105/><F105/><W14/><G12/><T2/><D2/><U108/><E108/><V68/><F31/><W34/><G34/><T97/><D93/><U119/><E119/><V39/><F39/><W114/><G42/><T65/><D70/><U15/><E15/><V76/><F68/><W135/><G135/><T79/><D82/><U22/><E132/><V7/><F7/><W29/><G29/><T126/><D126/><U84/><E127/><V35/><F35/><W88/><REACH who="3" step="1"/><G114/><REACH who="3" ten="285,164,390,151" step="2"/><T50/><D32/><U10/><E10/><V38/><F117/><W16/><G16/><T37/><D18/><U5/><E5/><V24/><F24/><W13/><G13/><T58/><D33/><U102/><E22/><V51/><F20/><W40/><G40/><T71/><D21/><U9/><E9/><V48/><F23/><W124/><G124/><T118/><D27/><U90/><E106/><V59/><F38/><RYUUKYOKU ba="2,1" sc="285,-10,164,-10,390,-10,151,30" hai3="8,14,17,44,46,61,67,85,88,92,95,98,100" /><INIT seed="3,3,1,2,4,56" ten="275,154,380,181" oya="3" hai0="75,62,124,103,80,27,111,77,37,26,105,22,130" hai1="71,58,19,72,131,21,51,30,45,38,76,64,43" hai2="132,99,65,41,15,88,61,49,34,18,117,10,109" hai3="2,42,122,104,17,55,115,60,79,25,94,0,16"/><W128/><G104/><T73/><D130/><U28/><E131/><V63/><F117/><W92/><G128/><T29/><D124/><U87/><E72/><V69/><F34/><W48/><G115/><T121/><D111/><U7/><E7/><V118/><F118/><W39/><G39/><T36/><D73/><U127/><E127/><V53/><F109/><W5/><G0/><T114/><D114/><U97/><E97/><V89/><F132/><W107/><G107/><T11/><D11/><U59/><E59/><V98/><F41/><W95/><G2/><T100/><D121/><U46/><E46/><N who="2" m="27831" /><F69/><W57/><G5/><T8/><D8/><U93/><E76/><V14/><F65/><N who="3" m="39055" /><G42/><T82/><D82/><U96/><E87/><V24/><F24/><W78/><G122/><T123/><D123/><U13/><E71/><V9/><F99/><W85/><G25/><T106/><D106/><U126/><E126/><V84/><F98/><W1/><G1/><T74/><D74/><U68/><E68/><V12/><F12/><W120/><G120/><T35/><D105/><U113/><E113/><V32/><F32/><W40/><G40/><T67/><D37/><U3/><E3/><V129/><F129/><W108/><G108/><T54/><D36/><U91/><REACH who="1" step="1"/><E38/><REACH who="1" ten="275,144,380,181" step="2"/><V52/><F84/><W90/><G78/><T135/><D77/><U112/><E112/><V81/><F89/><W102/><G79/><T119/><D75/><U101/><E101/><V66/><F88/><N who="3" m="53263" /><G102/><T33/><D103/><U116/><E116/><V20/><F81/><W4/><G4/><RYUUKYOKU ba="3,2" sc="275,-10,144,30,380,-10,181,-10" hai1="13,19,21,28,30,43,45,51,58,64,91,93,96" /><INIT seed="4,4,2,3,3,103" ten="265,174,370,171" oya="0" hai0="19,63,42,47,18,51,99,67,84,95,74,29,116" hai1="77,70,46,10,20,21,54,62,30,16,76,32,131" hai2="31,35,60,97,92,130,59,17,91,22,13,28,41" hai3="61,78,105,102,112,115,111,90,129,101,108,88,34"/><T49/><D74/><U43/><E131/><V36/><F130/><W6/><G34/><T7/><D116/><U113/><E113/><N who="3" m="43594" /><G129/><T15/><D29/><U11/><E32/><V114/><F114/><W109/><G6/><T83/><D51/><N who="1" m="27103" /><E70/><V68/><F68/><W24/><G24/><T48/><D48/><U73/><E73/><V3/><F3/><W118/><G118/><T0/><D0/><U128/><E128/><V123/><F123/><W44/><G61/><T126/><D126/><U75/><E75/><V64/><F35/><W38/><G78/><N who="1" m="30314" /><E30/><N who="2" m="11307" /><F36/><W86/><G90/><N who="0" m="51487" /><D63/><U89/><E89/><V25/><F41/><N who="3" m="22583" /><G105/><T37/><D37/><U4/><E4/><V106/><F106/><W45/><G45/><T127/><D127/><U40/><E40/><V132/><F132/><W39/><G39/><T26/><D67/><U1/><E1/><V9/><F25/><W58/><G58/><T107/><D26/><N who="1" m="14599" /><E21/><AGARI ba="4,2" hai="9,13,17,21,22,59,60,64,91,92,97" m="11307" machi="21" ten="30,1000,0" yaku="8,1" doraHai="103" who="2" fromWho="1" sc="265,0,174,-22,370,42,171,0" /><INIT seed="5,0,0,1,2,47" ten="265,152,412,171" oya="1" hai0="98,41,72,24,10,63,133,127,44,19,105,34,130" hai1="15,97,55,111,110,95,99,48,79,36,68,7,109" hai2="86,54,58,84,119,31,64,3,73,103,37,66,104" hai3="77,49,50,51,117,61,135,38,100,107,126,89,76"/><U80/><E68/><V75/><F119/><W0/><G38/><T88/><D72/><U60/><E36/><V59/><F37/><W124/><G117/><T125/><D133/><U8/><E60/><V123/><F123/><W78/><G135/><T118/><D118/><U6/><E6/><V71/><F3/><W33/><G0/><T96/><D130/><U29/><E29/><V16/><F31/><W83/><G33/><T56/><D34/><U91/><E97/><V20/><F73/><W121/><G121/><T70/><D70/><U65/><E65/><V27/><F75/><W113/><G113/><T102/><D96/><U131/><E131/><V46/><F71/><W128/><G128/><T112/><D112/><U30/><E30/><V106/><F103/><W25/><G25/><T94/><D102/><U74/><E55/><V40/><F106/><W132/><G132/><T53/><D10/><U42/><E42/><V4/><F104/><W9/><G9/><T90/><D90/><U43/><E43/><V62/><F40/><W115/><G115/><T57/><D57/><U13/><E13/><V39/><F39/><W101/><G61/><T120/><D105/><U23/><E23/><V93/><F62/><W21/><G21/><N who="0" m="13375" /><D120/><U17/><REACH who="1" step="1"/><E7/><REACH who="1" ten="265,142,412,171" step="2"/><V5/><F4/><W35/><G35/><T69/><D69/><U114/><E114/><V26/><F5/><W22/><G22/><T92/><D53/><U82/><E82/><V108/><F20/><W87/><REACH who="3" step="1"/><G107/><REACH who="3" ten="265,142,412,161" step="2"/><T11/><D63/><U2/><E2/><V134/><F134/><W32/><G32/><RYUUKYOKU ba="0,2" sc="265,-15,142,15,412,-15,161,15" hai1="8,15,17,48,74,79,80,91,95,99,109,110,111" hai3="49,50,51,76,77,78,83,87,89,100,101,124,126" /><INIT seed="5,1,2,5,4,83" ten="250,157,397,176" oya="1" hai0="53,123,37,114,117,52,28,66,23,10,90,50,75" hai1="81,99,85,94,127,72,115,134,46,69,16,11,92" hai2="77,2,74,80,89,32,97,64,68,49,38,27,78" hai3="9,18,25,55,101,118,36,119,124,111,42,108,103"/><U7/><E69/><V62/><F38/><W30/><G36/><T12/><D75/><U60/><E72/><V45/><F2/><W71/><G42/><T14/><D37/><U67/><E115/><V48/><F78/><W5/><G71/><T43/><D114/><U121/><E121/><V132/><F132/><W135/><G55/><T126/><D123/><U91/><E134/><V22/><F32/><W47/><G47/><T73/><D73/><U29/><E127/><V35/><F35/><W31/><G101/><T61/><D117/><N who="3" m="44553" /><G103/><T79/><D79/><U98/><E29/><N who="3" m="10762" /><G135/><T70/><D126/><U96/><E46/><V58/><F68/><W104/><G104/><T24/><D14/><N who="1" m="7263" /><E7/><V56/><F58/><W105/><G105/><T57/><D43/><U110/><E110/><V44/><F45/><W120/><G120/><T54/><D90/><N who="1" m="51503" /><E60/><V15/><F44/><W51/><G51/><T131/><D131/><U106/><E106/><V86/><F74/><W3/><G124/><T93/><D93/><N who="1" m="56383" /><E67/><V26/><F62/><W8/><G8/><T82/><D82/><U4/><E4/><AGARI ba="1,2" hai="4,10,12,23,24,28,50,52,53,54,57,61,66,70" machi="4" ten="30,2000,0" yaku="7,1,54,1" doraHai="83" who="0" fromWho="1" sc="250,43,157,-23,397,0,176,0" /><INIT seed="6,0,0,1,3,4" ten="293,134,397,176" oya="2" hai0="71,129,60,94,22,80,74,38,102,116,70,104,107" hai1="115,120,101,46,62,135,35,79,53,36,89,18,73" hai2="37,133,34,29,117,47,1,42,96,39,16,113,15" hai3="98,130,109,99,126,8,25,78,119,26,100,6,44"/><V49/><F117/><W128/><G119/><T59/><D38/><U83/><E115/><V68/><F1/><W21/><G109/><T31/><D116/><U111/><E111/><V77/><F68/><W3/><G126/><T13/><D129/><N who="3" m="49769" /><G78/><T28/><D80/><U67/><E135/><V10/><F113/><W75/><G75/><T54/><D74/><U134/><E134/><V45/><F133/><W33/><G100/><T20/><D94/><U121/><E35/><V27/><F77/><W12/><G44/><T69/><D102/><U14/><E101/><V9/><F96/><N who="3" m="36907" /><G33/><T88/><D88/><U0/><E0/><V55/><F9/><N who="3" m="2271" /><G21/><T52/><D13/><U50/><E36/><AGARI ba="0,0" hai="10,15,16,27,29,34,36,37,39,42,45,47,49,55" machi="36" ten="30,5800,0" yaku="7,1,52,1,54,1" doraHai="4" who="2" fromWho="1" sc="293,0,134,-58,397,58,176,0" /><INIT seed="6,1,0,5,5,115" ten="293,76,455,176" oya="2" hai0="76,4,63,110,45,3,109,126,59,113,90,50,19" hai1="53,0,128,15,28,72,69,134,31,22,104,51,131" hai2="30,65,57,87,102,130,52,120,101,62,106,20,37" hai3="40,43,26,77,24,85,91,78,21,54,25,56,8"/><V49/><F120/><W105/><G105/><T81/><D113/><U114/><E104/><V10/><F37/><W117/><G21/><T112/><D112/><U125/><E69/><V123/><F123/><W100/><G100/><T93/><D126/><U121/><E53/><V119/><F119/><W129/><G129/><N who="1" m="49738" /><E51/><V48/><F130/><W80/><G117/><T135/><D135/><U127/><E72/><V17/><F106/><W47/><G8/><T29/><D50/><U64/><E64/><V27/><F87/><W44/><G44/><T70/><D45/><U99/><E99/><V98/><F98/><W74/><G47/><T14/><D70/><U9/><E114/><V34/><F10/><W116/><G116/><T18/><D81/><U132/><E0/><V108/><F49/><W122/><G122/><T82/><D82/><U41/><E41/><V7/><F62/><N who="3" m="36119" /><G74/><T92/><D3/><U46/><E46/><V95/><F65/><W13/><G13/><T103/><D59/><U5/><E121/><V66/><F57/><W88/><G91/><T75/><D90/><U11/><E11/><V38/><F101/><W58/><G58/><T1/><D103/><U68/><E68/><V71/><F102/><W124/><G43/><T97/><D75/><U96/><E96/><V16/><F71/><W42/><G42/><T12/><D97/><U61/><E61/><V94/><F38/><W35/><G40/><T67/><D63/><U32/><E32/><V84/><F34/><W133/><G35/><T79/><D1/><U83/><E134/><V111/><F48/><RYUUKYOKU ba="1,0" sc="293,0,76,0,455,0,176,0" /><INIT seed="7,2,0,5,4,67" ten="293,76,455,176" oya="3" hai0="56,50,103,121,131,83,37,17,82,125,113,130,34" hai1="48,135,59,94,26,19,101,42,77,5,10,68,62" hai2="35,119,92,63,6,100,118,72,57,93,55,52,95" hai3="110,41,85,29,53,36,128,102,2,126,22,108,20"/><W75/><G75/><T115/><D34/><U47/><E135/><V123/><F72/><W79/><G2/><T33/><D33/><U15/><E77/><V23/><F35/><W4/><G4/><T8/><D37/><U13/><E26/><V132/><F132/><W18/><G102/><T106/><D56/><U117/><E117/><V104/><F123/><W69/><G36/><T122/><D50/><U71/><E94/><V64/><F6/><W107/><G107/><T38/><D38/><U114/><E101/><V80/><F80/><N who="3" m="47263" /><G41/><T66/><D66/><U98/><E98/><V44/><F104/><W14/><G53/><N who="2" m="20553" /><F118/><W109/><G126/><T99/><D17/><U84/><E114/><N who="0" m="43529" /><D8/><U49/><E84/><V111/><F119/><W90/><G90/><T96/><D96/><U65/><REACH who="1" step="1"/><E48/><REACH who="1" ten="293,66,455,176" step="2"/><V97/><F63/><W74/><G74/><T73/><D125/><U7/><E7/><V31/><F97/><W9/><G128/><N who="0" m="49195" /><D73/><U28/><E28/><V25/><F31/><W124/><G124/><T88/><D83/><U70/><E70/><V91/><F23/><N who="3" m="8747" /><G29/><T32/><D32/><U21/><AGARI ba="2,1" hai="5,10,13,15,19,21,42,47,49,59,62,65,68,71" machi="21" ten="20,12000,2" yaku="1,1,0,1,7,1,52,2,53,1" doraHai="67" doraHaiUra="12" who="1" fromWho="1" sc="293,-32,66,136,455,-32,176,-62" owari="261,6.1,202,-19.8,423,52.3,114,-38.6" /></mjloggm>