<mjloggm ver="2.3"><GO type="169" lobby="0"/><UN n0="%E6%99%AE%E9%9C%B2%E9%9C%B2" n1="%4D%E6%9C%AC" n2="%33%30%63%6D%33%30%63%6D" n3="%E3%82%AB%E3%83%A9%E6%9D%BE" dan="16,18,17,17" rate="2127.14,2222.30,2148.77,2131.60" sx="M,M,M,M"/><TAIKYOKU oya="0"/><INIT seed="0,0,0,1,2,123" ten="250,250,250,250" oya="0" hai0="95,4,93,44,52,78,108,32,73,104,56,91,20" hai1="27,58,71,80,75,116,121,112,117,21,48,134,63" hai2="88,110,83,8,24,51,115,101,38,57,96,82,9" hai3="10,59,100,49,130,46,43,135,87,53,2,29,15"/><T40/><D32/><U122/><E75/><V98/><F38/><W118/><G2/><T81/><D104/><U125/><E80/><V55/><F110/><W86/><G118/><N who="1" m="45674" /><E21/><V11/><F115/><W99/><G130/><T14/><D108/><U109/><E27/><V41/><F41/><W35/><G135/><T114/><D114/><U111/><E134/><V5/><F5/><W69/><G69/><T25/><D14/><U103/><E103/><V28/><F98/><W92/><G29/><T23/><D4/><U129/><E112/><V124/><F124/><W0/><G35/><T74/><D74/><U31/><E31/><V128/><F128/><W77/><G77/><T30/><D23/><U119/><E119/><V113/><F113/><W42/><G42/><T34/><D20/><U64/><E129/><V94/><REACH who="2" step="1"/><F101/><REACH who="2" ten="250,250,240,250" step="2"/><W90/><G100/><T3/><D3/><U62/><E125/><V106/><F106/><W89/><G0/><T33/><D33/><AGARI ba="0,1" hai="8,9,11,24,28,33,51,55,57,82,83,88,94,96" machi="33" ten="40,2600,0" yaku="1,1,54,1,53,0" doraHai="123" doraHaiUra="127" who="2" fromWho="0" sc="250,-26,250,0,240,36,250,0" /><INIT seed="1,0,0,3,5,45" ten="224,250,276,250" oya="1" hai0="5,63,97,83,3,22,129,87,48,103,24,85,43" hai1="66,107,35,20,130,54,121,27,74,41,15,25,62" hai2="88,112,78,64,123,13,119,61,111,86,19,14,126" hai3="122,116,69,79,101,9,80,65,109,90,55,17,39"/><U75/><E121/><V135/><F111/><W99/><G122/><T94/><D129/><U7/><E130/><V72/><F126/><W47/><G109/><T52/><D3/><U93/><E107/><V115/><F135/><W56/><G116/><T50/><D5/><U46/><E54/><V91/><F119/><W131/><G131/><T33/><D33/><U96/><E35/><V114/><F72/><W67/><G69/><T51/><D43/><U113/><E27/><V89/><F123/><W44/><G44/><T42/><D42/><U6/><E15/><V28/><F28/><W104/><G90/><N who="0" m="51519" /><D87/><U110/><E113/><V124/><F124/><W53/><G47/><N who="0" m="27679" /><D63/><U118/><E75/><V127/><F127/><W102/><G39/><T4/><D4/><U37/><E74/><V70/><REACH who="2" step="1"/><F19/><AGARI ba="0,0" hai="19,22,24,50,51,94,97,103" m="27679,51519" machi="19" ten="30,8000,1" yaku="8,1,52,3,54,1" doraHai="45" who="0" fromWho="2" sc="224,80,250,0,276,-80,250,0" /><INIT seed="2,0,0,4,0,0" ten="304,250,196,250" oya="2" hai0="15,56,83,134,96,125,6,74,68,91,126,31,51" hai1="118,4,62,36,42,73,129,92,25,14,9,95,2" hai2="26,18,105,63,46,7,21,106,84,43,44,40,35" hai3="55,47,82,119,13,113,37,38,69,97,101,117,30"/><V19/><F35/><W123/><G69/><T75/><D68/><U28/><E118/><V128/><F128/><W71/><G71/><T77/><D134/><U121/><E129/><V98/><F63/><W48/><G123/><T99/><D75/><U108/><E108/><V102/><F84/><W5/><G113/><T107/><D31/><U100/><E121/><V24/><F98/><W32/><G117/><T116/><D116/><U132/><E132/><V17/><F102/><W115/><G115/><T22/><D91/><U8/><E73/><V133/><F133/><W54/><G119/><T11/><D22/><U127/><E127/><N who="0" m="48649" /><D107/><U79/><E79/><V16/><F7/><W52/><G82/><T130/><D130/><U27/><E62/><V135/><F135/><W120/><G120/><T122/><D122/><U49/><E36/><V76/><F76/><W53/><G30/><T111/><D111/><U58/><E100/><V12/><F12/><W86/><G32/><T3/><D3/><U59/><E27/><V10/><F10/><W114/><G114/><T109/><D109/><U66/><E66/><V72/><F72/><W61/><G61/><T88/><D88/><U23/><E95/><V33/><F33/><W60/><G60/><T70/><D70/><U64/><E92/><V93/><F93/><N who="3" m="58543" /><G86/><T1/><D1/><U89/><E89/><V81/><F81/><W65/><G65/><T20/><D20/><U87/><E87/><V131/><F131/><W94/><G94/><T103/><D103/><U80/><E80/><V110/><N who="2" m="4096" /><DORA hai="34" /><V45/><F110/><RYUUKYOKU ba="0,0" sc="304,15,250,-15,196,-15,250,15" hai0="6,11,15,51,56,74,77,83,96,99" hai3="5,13,37,38,47,48,52,53,54,55" /><INIT seed="3,1,0,5,5,130" ten="319,235,181,265" oya="3" hai0="91,98,46,99,110,102,39,0,1,111,11,64,21" hai1="17,23,6,82,120,119,69,18,33,135,67,29,28" hai2="8,59,122,129,112,34,63,133,54,104,4,35,83" hai3="92,70,44,127,48,24,65,88,19,94,62,93,124"/><W74/><G74/><T57/><D91/><U90/><E120/><V43/><F129/><W85/><G24/><T73/><D73/><U95/><E33/><V45/><F112/><W86/><G19/><T40/><D21/><U78/><E6/><V61/><F104/><W121/><G121/><T125/><D125/><N who="3" m="48201" /><G86/><T2/><D11/><U60/><E119/><V113/><F63/><W32/><G32/><T47/><D47/><U42/><E42/><AGARI ba="1,0" hai="42,44,48,62,65,70,85,88,92,93,94" m="48201" machi="42" ten="30,2900,0" yaku="18,1,54,1" doraHai="130" who="3" fromWho="1" sc="319,0,235,-32,181,0,265,32" /><INIT seed="3,2,0,4,3,122" ten="319,203,181,297" oya="3" hai0="79,103,10,99,30,123,134,69,133,21,54,36,12" hai1="15,74,106,100,93,120,77,25,90,22,52,7,104" hai2="14,75,113,70,98,80,49,8,102,39,131,43,112" hai3="24,111,115,44,41,55,51,105,119,67,87,17,58"/><W19/><G105/><T34/><D36/><U63/><E120/><V61/><F131/><W23/><G115/><T31/><D69/><U46/><E100/><V129/><F129/><W92/><G119/><T29/><D21/><U117/><E117/><V124/><F124/><W3/><G3/><T27/><D79/><U78/><E74/><V64/><F49/><W82/><G67/><T88/><D54/><U35/><E35/><V6/><F43/><W16/><G92/><N who="0" m="56711" /><D103/><U107/><E15/><V91/><F39/><W28/><G111/><T126/><D126/><U65/><E7/><V97/><F97/><W114/><G114/><T62/><D62/><U76/><E46/><V50/><F50/><W96/><G96/><T2/><D2/><U125/><E125/><V109/><F109/><W84/><REACH who="3" step="1"/><G82/><REACH who="3" ten="319,203,181,287" step="2"/><T127/><D127/><U33/><E65/><V56/><F70/><W59/><G59/><T130/><D123/><U110/><E110/><V11/><F112/><W37/><AGARI ba="2,1" hai="16,17,19,23,24,28,37,41,44,51,55,58,84,87" machi="37" ten="30,11700,0" yaku="1,1,0,1,54,1,53,1" doraHai="122" doraHaiUra="42" who="3" fromWho="3" sc="319,-41,203,-41,181,-41,287,133" /><INIT seed="3,3,0,5,4,79" ten="278,162,140,420" oya="3" hai0="43,92,28,83,72,64,33,111,68,100,12,45,94" hai1="67,41,34,129,106,131,130,76,77,132,82,80,69" hai2="29,112,25,114,84,57,113,51,108,1,20,65,73" hai3="50,27,127,119,124,14,134,96,62,56,59,60,87"/><W75/><G75/><T107/><D111/><U11/><E34/><V6/><F73/><W42/><G119/><T115/><D94/><U39/><E106/><V101/><F108/><W122/><G122/><T4/><D92/><U19/><E132/><V30/><F30/><W58/><G134/><T78/><D12/><N who="1" m="7583" /><E77/><V52/><F101/><W54/><G96/><N who="0" m="61831" /><D4/><U18/><E76/><V98/><F98/><W74/><G74/><T7/><D7/><U104/><E104/><V32/><F65/><N who="3" m="39047" /><G14/><T47/><D115/><U38/><E18/><V97/><F97/><W123/><G27/><N who="0" m="18591" /><D43/><U125/><E125/><N who="3" m="48202" /><G87/><T117/><D117/><U109/><E109/><V93/><F32/><W61/><G123/><T128/><D128/><U22/><E22/><V16/><F29/><W133/><G133/><T110/><D110/><U48/><E48/><V63/><F51/><N who="3" m="31071" /><G59/><T24/><D24/><U13/><E13/><V10/><REACH who="2" step="1"/><F113/><REACH who="2" ten="278,162,130,420" step="2"/><W37/><G50/><T70/><D70/><U66/><E69/><V9/><F9/><W2/><G2/><T121/><D121/><U53/><E53/><V36/><F36/><N who="1" m="13865" /><E41/><V15/><F15/><W55/><G55/><T116/><D116/><U135/><E135/><V95/><F95/><W44/><AGARI ba="3,1" hai="37,42,44,61,62" m="31071,48202,39047" machi="44" ten="30,6000,0" yaku="18,1,34,2" doraHai="79" who="3" fromWho="3" sc="278,-23,162,-23,130,-23,420,79" /><INIT seed="3,4,0,0,3,117" ten="255,139,107,499" oya="3" hai0="2,133,102,97,71,107,52,110,7,56,101,87,75" hai1="125,84,11,114,130,35,128,58,118,41,36,93,43" hai2="67,12,16,10,108,119,122,104,115,20,82,53,64" hai3="66,1,86,83,27,13,69,121,95,29,4,127,106"/><W33/><G127/><T88/><D110/><U31/><E114/><V113/><F108/><W111/><G111/><T72/><D71/><U91/><E125/><V17/><F119/><W51/><G95/><T6/><D102/><U46/><E118/><V92/><F104/><W54/><G1/><T32/><D32/><U129/><E43/><V80/><F122/><W124/><G121/><T38/><D38/><U68/><E68/><V15/><F53/><W65/><G124/><T94/><D133/><U89/><E58/><V74/><F74/><W22/><G106/><T99/><D87/><U47/><E47/><V28/><F28/><W73/><G73/><T48/><REACH who="0" step="1"/><D6/><REACH who="0" ten="245,139,107,499" step="2"/><U132/><E132/><V123/><F123/><W18/><G69/><T81/><D81/><U5/><E35/><V24/><F113/><W50/><G4/><T131/><D131/><U42/><E130/><V96/><F115/><W134/><G134/><T109/><D109/><U77/><E129/><V103/><REACH who="2" step="1"/><F24/><REACH who="2" ten="245,139,97,499" step="2"/><W55/><G27/><T62/><D62/><U44/><E128/><V23/><F23/><W105/><G22/><T59/><D59/><U98/><E11/><AGARI ba="4,2" hai="2,7,11,48,52,56,72,75,88,94,97,99,101,107" machi="11" ten="40,5200,0" yaku="1,1,54,2,53,0" doraHai="117" doraHaiUra="14" who="0" fromWho="1" sc="245,84,139,-64,97,0,499,0" /><INIT seed="4,0,0,2,4,41" ten="329,75,97,499" oya="0" hai0="110,96,133,24,100,37,29,101,40,112,81,69,16" hai1="55,47,67,30,2,35,80,93,115,121,15,135,70" hai2="44,105,48,46,49,89,111,19,3,6,0,64,14" hai3="54,60,17,86,76,116,62,99,108,132,85,57,92"/><T126/><D69/><U84/><E121/><V42/><F111/><W45/><G108/><T97/><D110/><U71/><E2/><V120/><F120/><W107/><G116/><T94/><D112/><U51/><E115/><V61/><F105/><W36/><G107/><T82/><D126/><U77/><E135/><V23/><F89/><W58/><G132/><T27/><D133/><U130/><E130/><V9/><F0/><W33/><G33/><T127/><D127/><U4/><E67/><V102/><F102/><W28/><G28/><T113/><D113/><U59/><E93/><V123/><F123/><W109/><G76/><T65/><D65/><U63/><E30/><V25/><F3/><W122/><G122/><T52/><D40/><U26/><E26/><V118/><F118/><W74/><G74/><T20/><D37/><U68/><E35/><V104/><F104/><W7/><G7/><T73/><D73/><U131/><E131/><V10/><F10/><W87/><G17/><T88/><D100/><U32/><E32/><V22/><F23/><W114/><G114/><T79/><D79/><U117/><E117/><V8/><F8/><W134/><G134/><T124/><D124/><U34/><E34/><V75/><F75/><W106/><G106/><T12/><D27/><U56/><REACH who="1" step="1"/><E63/><REACH who="1" ten="329,65,97,499" step="2"/><V13/><F25/><W66/><G109/><T21/><D24/><U125/><E125/><V90/><F61/><W53/><G66/><T129/><D129/><U1/><E1/><V78/><F64/><W43/><G92/><T91/><D94/><U83/><E83/><RYUUKYOKU ba="0,1" sc="329,-15,65,15,97,-15,499,15" hai1="4,15,47,51,55,56,59,68,70,71,77,80,84" hai3="36,43,45,53,54,57,58,60,62,85,86,87,99" /><INIT seed="5,1,1,4,2,78" ten="314,80,82,514" oya="1" hai0="76,107,20,8,7,45,89,13,96,131,113,61,129" hai1="53,110,114,71,58,12,69,79,81,41,67,118,14" hai2="49,31,40,92,59,112,36,21,101,28,94,11,122" hai3="17,127,5,87,6,102,19,9,77,56,86,52,108"/><U57/><E118/><V0/><F122/><W93/><G108/><T32/><D113/><U34/><E34/><V120/><F120/><W37/><G37/><T82/><D32/><U103/><E114/><V119/><F119/><W98/><G127/><T18/><D61/><U109/><E41/><V73/><F73/><W62/><G6/><T63/><D63/><N who="1" m="38383" /><E103/><V74/><F74/><W26/><G26/><T3/><D45/><U22/><E22/><V25/><F36/><W115/><G115/><T35/><D35/><U30/><E30/><V83/><F31/><W47/><G47/><T97/><D89/><U38/><E38/><V104/><F104/><W111/><G111/><N who="1" m="42506" /><E58/><V42/><F101/><W135/><G135/><T116/><D116/><U70/><E53/><N who="2" m="32175" /><F40/><W68/><G68/><N who="1" m="17410" /><U1/><DORA hai="91" /><E1/><V44/><F11/><W124/><G9/><T80/><D3/><U84/><AGARI ba="1,1" hai="12,14,79,81,84" m="17410,42506,38383" machi="84" ten="50,4800,0" yaku="10,1,52,1" doraHai="78,91" who="1" fromWho="1" sc="314,-17,80,61,82,-17,514,-17" /><INIT seed="5,2,0,4,2,26" ten="297,141,65,497" oya="1" hai0="113,92,60,25,34,114,35,102,38,55,107,4,124" hai1="123,129,3,56,116,64,130,5,121,42,112,0,119" hai2="31,87,48,6,101,117,125,110,115,80,75,71,1" hai3="40,14,62,108,126,30,128,18,74,11,105,28,63"/><U88/><E42/><V90/><F110/><W97/><G108/><T19/><D38/><U106/><E106/><V61/><F117/><N who="1" m="45129" /><E5/><V50/><F75/><W76/><G74/><T36/><D36/><U7/><E7/><V65/><F101/><W99/><G76/><T23/><D107/><U118/><N who="1" m="45137" /><U9/><DORA hai="77" /><E9/><V98/><F98/><W13/><G40/><T72/><D124/><U83/><E64/><V135/><F125/><W59/><G126/><T131/><D131/><N who="1" m="50187" /><E56/><V49/><F115/><W84/><G128/><T27/><D4/><U82/><E112/><V47/><F135/><W53/><G105/><T29/><D113/><U16/><E16/><V81/><F1/><N who="1" m="585" /><E88/><V79/><F6/><W57/><G14/><T96/><D114/><U10/><E10/><V8/><F8/><W44/><G44/><T127/><D127/><U54/><E54/><V12/><F12/><W51/><G59/><N who="0" m="34943" /><D72/><U20/><E20/><V94/><F47/><W134/><G11/><T78/><D78/><U104/><E104/><V69/><F69/><W120/><G57/><T58/><D58/><U33/><E33/><V91/><F79/><W100/><G53/><T67/><D67/><U41/><E41/><V45/><F45/><W46/><G46/><T15/><D35/><U24/><E24/><V39/><F39/><W133/><G18/><T103/><D25/><U17/><E17/><V85/><REACH who="2" step="1"/><F94/><REACH who="2" ten="297,141,55,497" step="2"/><W68/><G68/><T95/><D95/><U73/><E73/><V111/><F111/><W132/><G132/><T32/><D103/><U122/><AGARI ba="2,1" hai="82,83,121,122,123" m="585,50187,45137" machi="122" ten="60,18000,2" yaku="5,1,28,2,19,1,52,2" doraHai="26,77" who="1" fromWho="1" sc="297,-62,141,196,55,-62,497,-62" owari="235,-16.5,337,13.7,-7,-50.7,435,53.5" /></mjloggm>