<mjloggm ver="2.3"><GO type="169" lobby="0"/><UN n0="%32%30%31%33%36%31%32" n1="%E4%BE%8D" n2="%68%69%72%61%6A%75%6E" n3="%E7%8A%AC%E5%B1%B1" dan="17,18,16,16" rate="2207.23,2250.43,2064.48,2053.77" sx="M,M,M,M"/><TAIKYOKU oya="0"/><INIT seed="0,0,0,2,3,63" ten="250,250,250,250" oya="0" hai0="108,133,100,34,91,55,79,92,81,25,68,48,121" hai1="70,14,74,87,36,95,126,75,33,52,128,50,119" hai2="69,114,26,88,59,120,51,86,16,22,39,123,24" hai3="28,101,134,19,47,99,109,82,1,4,103,112,53"/><T10/><D121/><U9/><E119/><V32/><F114/><W62/><G28/><T73/><D133/><U107/><E36/><V130/><F39/><W129/><G4/><T12/><D68/><U83/><E107/><V15/><F69/><W37/><G1/><T96/><D108/><U65/><E33/><V0/><F0/><W23/><G82/><T21/><D34/><U20/><E95/><N who="2" m="54679" /><F130/><W93/><G129/><T38/><D38/><U102/><E20/><V61/><F32/><W49/><G109/><T58/><D100/><U31/><E102/><V116/><F116/><W77/><G77/><T42/><D42/><U111/><E31/><V97/><F97/><W43/><G134/><T115/><D115/><U106/><E106/><V113/><F113/><W90/><G62/><T17/><REACH who="0" step="1"/><D10/><REACH who="0" ten="240,250,250,250" step="2"/><U11/><E11/><V135/><F135/><W71/><G71/><T35/><D35/><U80/><E9/><V3/><F123/><W44/><G112/><T54/><D54/><U64/><E52/><N who="2" m="32159" /><F120/><W5/><G5/><T67/><D67/><U124/><E65/><V72/><F72/><W2/><G2/><T27/><AGARI ba="0,1" hai="12,17,21,25,27,48,55,58,73,79,81,91,92,96" machi="27" ten="30,3000,0" yaku="1,1,0,1,53,0" doraHai="63" doraHaiUra="60" who="0" fromWho="0" sc="240,40,250,-10,250,-10,250,-10" /><INIT seed="0,1,0,1,0,114" ten="280,240,240,240" oya="0" hai0="95,40,79,6,121,125,102,35,27,31,10,112,132" hai1="113,87,32,24,131,110,97,57,45,18,103,100,64" hai2="43,53,0,52,9,61,20,59,89,85,109,48,23" hai3="76,19,124,12,2,71,63,99,39,135,3,22,1"/><T98/><D121/><U101/><E110/><V46/><F109/><W96/><G39/><T119/><D112/><U88/><E131/><V4/><REACH who="2" step="1"/><F53/><REACH who="2" ten="280,240,230,240" step="2"/><W122/><G3/><T34/><D125/><U129/><E113/><V115/><F115/><W13/><G2/><T92/><D132/><U29/><E129/><V104/><F104/><W106/><G1/><T111/><D111/><U127/><E127/><V78/><F78/><W25/><G76/><T70/><D79/><U68/><E68/><V83/><AGARI ba="1,1" hai="0,4,9,20,23,43,46,48,52,59,61,83,85,89" machi="83" ten="20,8000,1" yaku="1,1,0,1,7,1,54,1,53,1" doraHai="114" doraHaiUra="42" who="2" fromWho="2" sc="280,-41,240,-21,230,93,240,-21" /><INIT seed="1,0,0,4,1,123" ten="239,219,323,219" oya="1" hai0="44,79,71,6,31,101,43,10,88,50,60,36,106" hai1="116,22,20,15,64,77,103,131,62,16,8,46,113" hai2="129,24,114,119,17,96,104,57,63,5,53,67,124" hai3="1,52,108,18,109,4,70,48,76,33,85,9,47"/><U127/><E113/><V26/><F114/><W45/><G70/><T7/><D79/><U74/><E116/><V28/><F119/><W105/><G105/><T42/><D31/><U133/><E127/><V125/><F5/><W87/><G33/><T14/><D101/><U107/><E131/><V115/><F115/><W78/><G18/><T132/><D106/><U23/><E133/><V122/><F122/><W121/><G121/><T11/><D132/><U80/><E46/><V130/><F17/><W110/><G47/><T112/><D112/><U41/><E41/><V69/><F26/><W135/><G135/><T55/><D36/><U51/><E51/><V29/><F29/><W0/><G0/><T39/><D39/><U100/><REACH who="1" step="1"/><E107/><REACH who="1" ten="239,209,323,219" step="2"/><V54/><F124/><W30/><G30/><T86/><D60/><U118/><E118/><V61/><F125/><W65/><G65/><T93/><REACH who="0" step="1"/><D71/><AGARI ba="0,1" hai="8,15,16,20,22,23,62,64,71,74,77,80,100,103" machi="71" ten="40,3900,0" yaku="1,1,54,1,53,0" doraHai="123" doraHaiUra="49" who="1" fromWho="0" sc="239,-39,209,49,323,0,219,0" /><INIT seed="1,1,0,2,4,6" ten="200,258,323,219" oya="1" hai0="97,2,109,58,84,7,81,50,27,38,114,130,134" hai1="99,89,34,106,28,73,122,111,4,48,113,133,98" hai2="105,29,65,132,49,119,71,9,32,31,39,107,102" hai3="112,11,85,33,22,83,63,52,69,41,100,118,126"/><U79/><E122/><V3/><F119/><W24/><G118/><T117/><D38/><U36/><E113/><V40/><F49/><W8/><G112/><T21/><D114/><U82/><E36/><V15/><F132/><W125/><G41/><T62/><D109/><U129/><E133/><V120/><F120/><W53/><G33/><T1/><D130/><U35/><E129/><V87/><F87/><W115/><G69/><T75/><D75/><U45/><E111/><V16/><F3/><W74/><G100/><T57/><D97/><U30/><E89/><V37/><F40/><W78/><G74/><T67/><D117/><U19/><E4/><V72/><F72/><W47/><G47/><T92/><D92/><U135/><E19/><V10/><F10/><N who="3" m="3627" /><G63/><T123/><D123/><U127/><E127/><N who="3" m="48650" /><G115/><T131/><D62/><U13/><E35/><V86/><F32/><W77/><G77/><T54/><D131/><U55/><E34/><V17/><F102/><W104/><G104/><T5/><D134/><U128/><E106/><V88/><F107/><W51/><G51/><T70/><D70/><U101/><E101/><V108/><F105/><W121/><G121/><T56/><D1/><U25/><E128/><V61/><F108/><W26/><G26/><T20/><D27/><U0/><E25/><V103/><F103/><W66/><G66/><T42/><D67/><U43/><E0/><V64/><F65/><W44/><G44/><N who="0" m="27975" /><D42/><U93/><E43/><V96/><F64/><W23/><G23/><N who="0" m="8779" /><D2/><U90/><E135/><V110/><F71/><W59/><G59/><RYUUKYOKU ba="1,0" sc="200,15,258,-15,323,-15,219,15" hai0="5,7,56,57,58,81,84" hai3="22,24,52,53,78,83,85" /><INIT seed="2,2,0,0,4,29" ten="215,243,308,234" oya="2" hai0="79,99,92,19,103,105,36,85,62,122,135,102,2" hai1="116,112,61,119,22,41,75,57,4,26,72,0,125" hai2="67,5,93,47,37,111,117,58,95,71,64,118,8" hai3="124,108,56,134,31,9,114,129,32,80,27,83,33"/><V60/><F111/><W21/><G108/><T54/><D36/><U78/><E112/><V16/><F37/><W121/><G56/><T23/><D2/><U98/><E41/><V123/><F123/><W59/><G59/><N who="0" m="35191" /><D105/><U90/><E125/><V81/><F47/><W94/><G94/><T46/><D135/><U86/><E4/><V132/><F132/><W42/><G83/><N who="0" m="47359" /><D46/><U133/><E0/><V51/><F81/><W110/><G80/><T68/><D68/><U20/><E133/><V12/><F5/><W65/><G65/><T88/><D122/><U100/><E20/><V104/><F104/><W82/><G82/><T38/><D38/><U17/><E78/><V131/><F131/><W25/><G42/><T89/><D89/><U45/><E45/><V109/><F109/><W35/><G110/><T73/><D73/><U15/><E75/><V113/><F113/><W126/><G134/><T39/><D39/><U1/><E72/><V18/><F18/><N who="3" m="12471" /><G114/><T53/><D53/><U48/><E1/><V84/><F84/><W63/><G63/><T52/><D52/><N who="1" m="31879" /><E61/><V6/><F6/><W28/><G121/><T11/><D11/><N who="1" m="6399" /><E86/><V76/><F76/><W3/><G129/><T91/><D91/><U77/><E90/><V34/><F34/><N who="3" m="13419" /><G31/><T101/><D103/><U7/><E77/><V49/><F71/><W87/><G87/><T120/><D120/><U50/><E50/><N who="2" m="18955" /><F67/><W30/><G30/><T74/><D74/><U55/><E55/><V70/><F70/><W43/><G43/><T24/><AGARI ba="2,0" hai="19,23,24,88,92,99,101,102" m="47359,35191" machi="24" ten="30,4000,0" yaku="25,1,8,1,54,1" doraHai="29" who="0" fromWho="0" sc="215,46,243,-12,308,-22,234,-12" /><INIT seed="3,0,0,4,2,132" ten="261,231,286,222" oya="3" hai0="97,24,54,64,72,0,91,65,68,22,84,33,39" hai1="103,119,44,19,75,120,9,121,5,46,37,34,12" hai2="57,77,114,124,49,73,76,42,38,66,25,32,104" hai3="79,96,61,116,98,101,80,87,31,14,111,55,23"/><W13/><G116/><T88/><D72/><U86/><E75/><V127/><F114/><W60/><G111/><T62/><D39/><U45/><E37/><V51/><F104/><W17/><G31/><T40/><D40/><U41/><E34/><V52/><F38/><W48/><G14/><T2/><D33/><U135/><E135/><V122/><F122/><W125/><G125/><N who="2" m="48201" /><F73/><W56/><REACH who="3" step="1"/><G96/><REACH who="3" ten="261,231,286,212" step="2"/><T10/><D97/><U27/><E119/><V53/><F42/><W43/><G43/><T94/><D0/><U105/><E41/><V133/><F133/><W4/><G4/><T71/><D2/><U28/><E5/><V6/><F6/><W118/><G118/><T90/><D24/><U81/><E27/><V70/><F70/><W58/><G58/><T1/><D1/><U92/><E28/><N who="2" m="19471" /><F66/><W129/><G129/><T123/><D65/><U21/><E121/><V18/><F18/><W36/><G36/><T117/><D64/><U107/><E120/><V112/><F112/><W26/><G26/><T74/><D71/><U131/><E131/><V35/><F35/><W100/><G100/><T113/><D68/><U89/><E103/><V67/><F67/><W20/><G20/><T47/><D22/><U106/><E21/><V7/><F7/><W93/><AGARI ba="0,1" hai="13,17,23,48,55,56,60,61,79,80,87,93,98,101" machi="93" ten="20,7800,0" yaku="1,1,0,1,7,1,8,1,53,0" doraHai="132" doraHaiUra="134" who="3" fromWho="3" sc="261,-26,231,-26,286,-26,212,88" /><INIT seed="3,1,0,1,4,24" ten="235,205,260,300" oya="3" hai0="17,72,44,19,118,9,131,39,52,16,119,54,51" hai1="81,102,132,107,40,93,90,74,49,6,69,46,53" hai2="56,103,25,30,116,45,89,35,111,105,130,129,11" hai3="59,126,75,18,15,50,1,68,120,91,114,99,101"/><W115/><G75/><T48/><D39/><U37/><E132/><V92/><F116/><W42/><G1/><T67/><D72/><U112/><E112/><V55/><F111/><W57/><G68/><T123/><D123/><U22/><E69/><V26/><F11/><W64/><G120/><T10/><D67/><U77/><E22/><V84/><F45/><W47/><G126/><T128/><D19/><U104/><E102/><V8/><F8/><W20/><G91/><T23/><D23/><U108/><E108/><V5/><F5/><W76/><G76/><T125/><REACH who="0" step="1"/><D44/><REACH who="0" ten="225,205,260,300" step="2"/><U14/><E6/><V135/><F135/><W87/><G64/><T122/><D122/><U79/><E37/><V58/><F130/><W86/><G115/><T43/><D43/><U100/><E40/><V31/><F129/><W97/><G114/><T71/><D71/><U110/><E110/><V95/><F55/><W78/><G18/><T113/><D113/><U83/><E46/><V61/><F56/><W38/><G20/><T12/><D12/><U109/><E14/><V3/><F58/><W33/><G15/><T134/><D134/><U88/><E109/><V27/><F3/><W32/><G47/><T28/><D28/><N who="2" m="10794" /><F35/><W2/><G57/><T85/><D85/><N who="1" m="48303" /><E53/><V127/><F127/><AGARI ba="1,1" hai="9,10,16,17,48,51,52,54,118,119,125,127,128,131" machi="127" ten="25,8000,1" yaku="1,1,22,2,54,2,53,0" doraHai="24" doraHaiUra="60" who="0" fromWho="2" sc="225,93,205,0,260,-83,300,0" /><INIT seed="4,0,0,2,0,96" ten="318,205,177,300" oya="0" hai0="110,125,70,12,33,45,131,79,84,34,65,127,64" hai1="42,60,41,108,126,71,44,22,106,91,35,87,51" hai2="109,94,25,77,58,47,3,9,28,6,121,24,62" hai3="48,82,43,103,123,101,120,85,119,133,100,18,20"/><T74/><D74/><U115/><E108/><V26/><F109/><W59/><G119/><T112/><D131/><U7/><E35/><V124/><F124/><W68/><G68/><T1/><D1/><U16/><E106/><V54/><F121/><N who="3" m="46667" /><G133/><T23/><D45/><U0/><E126/><V31/><F77/><N who="3" m="46287" /><G43/><T73/><D73/><U57/><E71/><V107/><F107/><W2/><G2/><T129/><D70/><U40/><E7/><V63/><F47/><W95/><G59/><T88/><D79/><U50/><E44/><V134/><F134/><W14/><G48/><T89/><D110/><U111/><E115/><V55/><REACH who="2" step="1"/><F94/><AGARI ba="0,0" hai="14,18,20,94,95,100,101,103" m="46287,46667" machi="94" ten="30,7700,0" yaku="13,1,52,3" doraHai="96" who="3" fromWho="2" sc="318,0,205,0,177,-77,300,77" /><INIT seed="5,0,0,1,2,76" ten="318,205,100,377" oya="1" hai0="32,119,118,101,130,31,69,80,95,0,15,89,50" hai1="16,21,40,75,26,68,83,17,41,98,112,108,126" hai2="86,39,128,6,114,49,125,88,53,135,84,73,13" hai3="22,10,81,36,34,63,62,11,91,90,96,54,47"/><U131/><E68/><V113/><F39/><W35/><G96/><T70/><D0/><U64/><E64/><V20/><F73/><W8/><G22/><T92/><D32/><U99/><E112/><N who="2" m="43115" /><F135/><W18/><G18/><T87/><D31/><U106/><E126/><V107/><F125/><W14/><G14/><T97/><D130/><U122/><E131/><V100/><F128/><W51/><G36/><T74/><D50/><U93/><E122/><V65/><F65/><W52/><G11/><T61/><D61/><U72/><E108/><V79/><F107/><W109/><G51/><T33/><D33/><U19/><E106/><V117/><F100/><W23/><G23/><T4/><D69/><U7/><E7/><V121/><F121/><W132/><G132/><T24/><D70/><U134/><E134/><V127/><F127/><W123/><G47/><T103/><D24/><U124/><E75/><V94/><F117/><W46/><G46/><T66/><D66/><U57/><E124/><V115/><N who="2" m="43123" /><V71/><DORA hai="129" /><F71/><W3/><G123/><T82/><D4/><U102/><E99/><N who="2" m="57799" /><F79/><W5/><G109/><T45/><D118/><U56/><E40/><V2/><F2/><W60/><G3/><T120/><D119/><U27/><E41/><V30/><F6/><W12/><G5/><T133/><D120/><U44/><E27/><N who="2" m="16743" /><F13/><W116/><G12/><T43/><D15/><U25/><E25/><V78/><F78/><W111/><G116/><T1/><D1/><U42/><E26/><V48/><F48/><W58/><G111/><T29/><D133/><RYUUKYOKU ba="0,0" sc="318,-10,205,-10,100,30,377,-10" hai2="49,53,84,86" /><INIT seed="6,1,0,4,4,38" ten="308,195,130,367" oya="2" hai0="119,24,6,33,18,86,34,112,58,125,68,3,101" hai1="26,47,103,21,31,123,53,77,19,69,1,78,13" hai2="98,46,70,107,110,91,128,89,17,99,109,32,23" hai3="54,67,135,105,121,2,126,14,8,44,52,106,63"/><V95/><F70/><W5/><G121/><T0/><D68/><U73/><E1/><V57/><F32/><W42/><G126/><T29/><D101/><U124/><E69/><V82/><F57/><W74/><G74/><T65/><D65/><U28/><E123/><V20/><F128/><W115/><G115/><T83/><D34/><U134/><E134/><V72/><F46/><W108/><G108/><N who="2" m="41577" /><F20/><W39/><G135/><T64/><D112/><U11/><E124/><V131/><F131/><W37/><G37/><T9/><D119/><U84/><E73/><V87/><F23/><W81/><G2/><T129/><D0/><U50/><E103/><N who="2" m="62967" /><F17/><W12/><G67/><T48/><D64/><U15/><E31/><V41/><F41/><W45/><G14/><T97/><D129/><U96/><E96/><V60/><F60/><W104/><G63/><T93/><D18/><U16/><REACH who="1" step="1"/><E84/><REACH who="1" ten="308,185,130,367" step="2"/><N who="2" m="50327" /><F72/><W61/><G61/><T10/><D3/><U88/><E88/><V130/><F130/><W85/><G85/><AGARI ba="1,1" hai="85,87,91,95,99" m="50327,62967,41577" machi="85" ten="30,5800,0" yaku="10,1,34,2" doraHai="38" who="2" fromWho="3" sc="308,0,185,0,130,71,367,-61" /><INIT seed="6,2,0,4,2,23" ten="308,185,201,306" oya="2" hai0="92,5,93,21,118,41,12,133,58,8,39,130,86" hai1="121,129,10,135,22,127,113,114,117,28,119,4,37" hai2="67,97,46,101,110,77,68,69,64,54,83,43,30" hai3="100,15,25,96,112,51,79,80,59,70,29,91,45"/><V1/><F110/><W62/><G70/><T48/><D130/><U44/><E44/><V49/><F1/><W103/><G15/><T35/><D35/><U63/><E63/><V126/><F126/><W87/><G112/><N who="1" m="43114" /><E37/><V78/><F30/><W72/><G72/><T26/><D133/><U55/><E55/><V132/><F132/><W34/><G96/><T73/><D73/><U2/><E135/><V38/><F69/><W74/><G59/><T47/><D118/><N who="1" m="45067" /><E121/><V3/><F3/><W124/><G62/><T17/><D39/><U104/><E104/><V90/><F90/><W81/><G124/><T89/><D58/><U98/><E98/><V19/><F19/><W0/><G0/><T88/><D89/><U134/><E127/><V122/><F122/><W65/><G65/><N who="2" m="25161" /><F68/><W106/><G106/><T75/><D75/><U116/><N who="1" m="45075" /><U109/><DORA hai="6" /><E134/><V20/><F38/><W111/><G111/><T66/><D66/><U27/><E129/><V131/><F54/><AGARI ba="2,0" hai="25,29,34,45,51,54,74,79,80,81,87,91,100,103" machi="54" ten="30,2000,0" yaku="7,1,52,1" doraHai="23,6" who="3" fromWho="2" sc="308,0,185,0,201,-26,306,26" /><INIT seed="7,0,0,4,2,95" ten="308,185,175,332" oya="3" hai0="104,94,47,44,129,101,131,133,68,81,71,42,93" hai1="135,2,125,126,33,103,11,83,66,69,91,122,98" hai2="35,59,79,9,106,88,115,1,27,18,38,0,57" hai3="36,130,24,52,114,14,111,82,32,55,72,63,23"/><W102/><G36/><T109/><D109/><U80/><E122/><V22/><F38/><W112/><G32/><T76/><D93/><U97/><E33/><V43/><F106/><W110/><G102/><T49/><D133/><U12/><E2/><V34/><F43/><W17/><G130/><N who="0" m="49675" /><D104/><U67/><E91/><V56/><F79/><N who="3" m="44391" /><G63/><T73/><D47/><U113/><E113/><N who="3" m="43626" /><G24/><T31/><D31/><U70/><E103/><V58/><F115/><W3/><G3/><T121/><D121/><U105/><E105/><V85/><N who="2" m="14336" /><DORA hai="75" /><V78/><F78/><W19/><G19/><T92/><D92/><U45/><E135/><V5/><REACH who="2" step="1"/><F0/><REACH who="2" ten="308,185,165,332" step="2"/><W46/><G46/><T26/><D26/><U25/><E45/><V6/><F6/><W84/><G111/><T7/><D7/><U64/><E25/><V108/><F108/><W21/><G110/><T117/><D117/><U132/><E132/><V96/><F96/><AGARI ba="0,1" hai="42,44,49,68,71,73,76,81,94,96,101" m="49675" machi="96" ten="30,3900,0" yaku="19,1,52,2" doraHai="95,75" who="0" fromWho="2" sc="308,49,185,0,165,-39,332,0" owari="357,45.7,185,-21.5,126,-37.4,332,13.2" /></mjloggm>