<mjloggm ver="2.3"><GO type="169" lobby="0"/><UN n0="%E3%81%A8%E3%81%B3%E3%81%BE%E3%81%93" n1="%73%68%61%79%65" n2="%73%79%6C%76%65%6F%6E" n3="%E3%83%8F%E3%82%BA%E3%83%AC" dan="18,17,16,17" rate="2221.80,2174.84,2164.29,2187.07" sx="M,M,M,M"/><TAIKYOKU oya="0"/><INIT seed="0,0,0,0,0,108" ten="250,250,250,250" oya="0" hai0="92,5,15,84,112,103,73,4,127,90,130,120,44" hai1="72,0,107,118,16,21,129,124,2,135,10,28,35" hai2="8,69,3,115,134,95,29,33,55,74,26,101,22" hai3="78,25,97,75,1,37,132,89,12,88,98,102,62"/><T83/><D120/><U45/><E72/><V40/><F74/><W27/><G1/><T80/><D127/><U113/><E107/><V67/><F40/><W43/><G132/><T32/><D32/><U60/><E45/><V87/><F134/><W64/><G37/><T9/><D130/><U46/><E46/><V70/><F67/><W57/><G43/><T52/><D112/><U49/><E49/><V79/><F79/><W91/><G98/><T111/><D111/><U6/><E60/><V114/><F55/><W61/><G61/><T41/><D73/><U126/><E135/><V50/><F50/><W105/><REACH who="3" step="1"/><G12/><REACH who="3" ten="250,250,250,240" step="2"/><T121/><D121/><U93/><E0/><V34/><F115/><W53/><G53/><T17/><D41/><U56/><E2/><V42/><F114/><W81/><AGARI ba="0,1" hai="25,27,57,62,64,75,78,81,88,89,91,97,102,105" machi="81" ten="30,4000,0" yaku="1,1,0,1,54,1,53,0" doraHai="108" doraHaiUra="82" who="3" fromWho="3" sc="250,-20,250,-10,250,-10,240,50" /><INIT seed="1,0,0,0,0,70" ten="230,240,240,290" oya="1" hai0="31,43,42,89,133,6,52,29,108,54,112,101,98" hai1="103,119,132,62,1,113,51,58,60,23,123,27,110" hai2="33,80,78,0,102,73,94,3,53,48,8,99,40" hai3="104,130,66,121,106,105,15,82,109,39,118,114,107"/><U25/><E119/><V87/><F33/><W134/><G15/><T36/><D108/><U56/><E113/><V74/><F40/><W14/><G14/><T81/><D112/><U47/><E123/><V13/><F74/><W19/><G19/><T21/><D6/><U91/><E1/><V115/><F115/><W79/><G66/><T38/><D133/><U100/><E110/><V126/><F126/><W68/><G82/><T17/><D81/><U9/><E9/><V122/><F122/><W61/><G61/><T5/><D5/><U75/><E75/><V63/><F63/><W95/><G95/><T11/><D11/><U30/><E91/><V20/><F20/><W97/><G97/><T131/><D131/><U59/><E132/><V124/><F73/><W86/><G86/><T55/><D89/><U69/><E27/><V127/><F13/><W26/><G26/><T35/><D35/><U129/><E129/><V12/><F127/><W125/><G79/><T77/><D77/><U16/><E30/><V96/><F96/><W83/><G130/><T120/><D120/><U37/><E37/><N who="0" m="14441" /><D29/><U135/><E135/><V10/><F10/><W117/><G134/><T88/><D88/><U85/><E85/><V7/><REACH who="2" step="1"/><F124/><REACH who="2" ten="230,240,230,290" step="2"/><W90/><G125/><T84/><D84/><U22/><E22/><V28/><F28/><W57/><G114/><T49/><D31/><U34/><E34/><V93/><F93/><W92/><G92/><N who="0" m="58567" /><D49/><U50/><E50/><V45/><AGARI ba="0,1" hai="0,3,7,8,12,45,48,53,78,80,87,94,99,102" machi="45" ten="20,5200,0" yaku="1,1,0,1,7,1,53,1" doraHai="70" doraHaiUra="44" who="2" fromWho="2" sc="230,-13,240,-26,230,62,290,-13" /><INIT seed="2,0,0,4,2,34" ten="217,214,292,277" oya="2" hai0="121,108,27,135,63,133,100,125,73,17,114,116,60" hai1="38,120,66,127,77,59,56,90,101,53,12,18,129" hai2="21,92,46,31,82,30,26,19,7,115,57,48,109" hai3="45,22,16,104,50,118,110,37,20,64,76,122,43"/><V95/><F115/><W40/><G118/><T99/><D27/><U39/><E127/><V14/><F109/><W78/><G122/><T124/><D17/><U94/><E129/><V68/><F68/><W44/><G104/><T58/><D73/><U93/><E77/><V51/><F31/><W11/><G110/><T1/><D1/><U98/><E120/><V42/><F7/><W0/><G64/><T131/><D108/><U5/><E5/><V97/><F82/><W6/><REACH who="3" step="1"/><G22/><REACH who="3" ten="217,214,292,267" step="2"/><T75/><D121/><U23/><E66/><V83/><F21/><W130/><G130/><T67/><D116/><U41/><E41/><V54/><F42/><W103/><G103/><T49/><D131/><U91/><E101/><V29/><F95/><W88/><G88/><T8/><D100/><U65/><E65/><V134/><F92/><W52/><G52/><T80/><D67/><U35/><E35/><V123/><F54/><W69/><G69/><T71/><D71/><U72/><E53/><V79/><F123/><W117/><G117/><T85/><D124/><U126/><E126/><V111/><F111/><W36/><G36/><T33/><D125/><U96/><REACH who="1" step="1"/><E72/><REACH who="1" ten="217,204,292,267" step="2"/><V10/><F79/><W84/><G84/><T128/><D85/><U132/><E132/><V105/><F134/><W13/><AGARI ba="0,2" hai="0,6,11,13,16,20,37,40,43,44,45,50,76,78" machi="13" ten="20,8000,1" yaku="1,1,0,1,7,1,52,1,54,1,53,0" doraHai="34" doraHaiUra="62" who="3" fromWho="3" sc="217,-20,204,-20,292,-40,267,100" /><INIT seed="3,0,0,5,1,84" ten="197,184,252,367" oya="3" hai0="69,113,64,44,47,110,22,42,20,50,27,7,131" hai1="6,11,74,49,83,63,86,55,130,132,73,126,97" hai2="45,77,80,14,46,87,58,10,32,5,25,114,70" hai3="40,104,105,21,107,57,13,124,119,51,102,109,62"/><W65/><G119/><T123/><D123/><U89/><E130/><V115/><F70/><W101/><G124/><T2/><D131/><U19/><E132/><V54/><F114/><W129/><G129/><T24/><D113/><U61/><E126/><V0/><F115/><W41/><G109/><T103/><D110/><U15/><E97/><V75/><F32/><W128/><G128/><T36/><D103/><U85/><E85/><V34/><F34/><W100/><REACH who="3" step="1"/><G51/><REACH who="3" ten="197,184,252,357" step="2"/><T4/><D50/><U26/><E73/><V17/><F75/><W121/><G121/><T66/><D36/><U90/><E74/><V94/><F46/><W59/><G59/><T30/><D69/><U60/><E49/><V76/><F45/><W112/><G112/><T43/><REACH who="0" step="1"/><D2/><REACH who="0" ten="187,184,252,357" step="2"/><U117/><E117/><V33/><F0/><W106/><G106/><T39/><D39/><U96/><E63/><V31/><F58/><W67/><G67/><T8/><D8/><U118/><E118/><V135/><F10/><W81/><G81/><T108/><D108/><U3/><E3/><V95/><F80/><W1/><G1/><T68/><D68/><U88/><E61/><V93/><F135/><W116/><G116/><T35/><D35/><U72/><E60/><V18/><F33/><W37/><G37/><T122/><D122/><U16/><E83/><V9/><F9/><W133/><G133/><T12/><D12/><U53/><E15/><V38/><F14/><W111/><G111/><T82/><D82/><U127/><E11/><V92/><F38/><W29/><G29/><AGARI ba="0,2" hai="4,7,20,22,24,27,29,30,42,43,44,47,64,66" machi="29" ten="25,6400,0" yaku="1,1,22,2,8,1,53,0" doraHai="84" doraHaiUra="28" who="0" fromWho="3" sc="187,84,184,0,252,0,357,-64" /><INIT seed="4,0,0,0,4,91" ten="271,184,252,293" oya="0" hai0="8,25,70,124,48,104,103,87,49,45,34,12,9" hai1="132,135,81,51,109,41,116,83,94,6,107,62,89" hai2="1,32,63,95,4,112,7,121,85,27,42,46,60" hai3="26,101,130,75,129,59,131,73,36,97,3,98,57"/><T64/><D124/><U77/><E109/><V71/><F121/><W38/><G26/><T84/><D48/><U122/><E116/><V20/><F32/><W58/><G3/><T108/><D108/><U67/><E107/><V35/><F35/><W123/><G123/><T44/><D44/><N who="1" m="25999" /><E122/><V66/><F112/><W11/><G11/><T133/><D133/><N who="1" m="51275" /><E6/><V90/><F63/><W69/><G69/><T18/><D9/><U125/><E77/><V43/><F1/><W117/><G117/><T88/><D84/><N who="1" m="52519" /><E125/><V55/><F43/><W15/><G15/><T76/><D76/><U113/><E113/><V79/><F79/><W22/><G22/><T61/><D104/><U115/><E115/><V134/><F134/><W13/><G13/><T50/><D103/><U39/><E39/><N who="3" m="14890" /><G101/><T52/><D49/><U16/><E16/><V80/><F7/><W21/><G21/><T72/><D72/><AGARI ba="0,0" hai="57,58,59,72,73,75,97,98,129,130,131" m="14890" machi="72" ten="40,5200,0" yaku="28,2,19,1" doraHai="91" who="3" fromWho="0" sc="271,-52,184,0,252,0,293,52" /><INIT seed="5,0,0,3,5,108" ten="219,184,252,345" oya="1" hai0="67,10,18,118,23,120,9,91,20,36,37,68,88" hai1="34,102,58,25,116,21,122,46,4,103,65,90,84" hai2="80,31,109,48,105,117,16,14,66,50,28,73,44" hai3="79,42,35,121,78,111,8,110,87,76,2,11,0"/><U62/><E116/><V85/><F109/><N who="3" m="41483" /><G87/><T32/><D118/><U55/><E34/><V30/><F117/><W74/><G42/><T6/><D32/><U82/><E4/><V125/><F105/><W75/><G35/><T129/><D129/><U47/><E122/><V63/><F125/><W132/><G132/><T115/><D6/><U59/><E103/><V70/><F44/><W26/><G26/><T126/><D18/><U17/><REACH who="1" step="1"/><E102/><REACH who="1" ten="219,174,252,345" step="2"/><V107/><F107/><W64/><G121/><T92/><D120/><U127/><E127/><V114/><F73/><W7/><G7/><T41/><D126/><U106/><E106/><V53/><F114/><W95/><G75/><T72/><D115/><U13/><E13/><V51/><F14/><W112/><G74/><T77/><D72/><U39/><E39/><V57/><F16/><W97/><G112/><T104/><D37/><U101/><E101/><V100/><F100/><W40/><G0/><T29/><D36/><U49/><AGARI ba="0,1" hai="17,21,25,46,47,49,55,58,59,62,65,82,84,90" machi="49" ten="20,7800,0" yaku="1,1,0,1,7,1,8,1,53,0" doraHai="108" doraHaiUra="119" who="1" fromWho="1" sc="219,-26,174,88,252,-26,345,-26" /><INIT seed="5,1,0,4,1,26" ten="193,262,226,319" oya="1" hai0="81,109,108,73,126,101,60,35,119,115,90,63,84" hai1="83,94,23,52,88,125,41,56,85,18,49,132,120" hai2="27,128,122,48,25,9,29,130,55,33,51,129,78" hai3="97,28,10,47,57,32,68,61,67,2,127,17,114"/><U3/><E120/><V6/><F122/><W15/><G127/><T43/><D35/><U71/><E71/><V5/><F78/><W0/><G114/><T118/><D43/><U113/><E132/><V4/><F27/><W135/><G135/><T82/><D63/><U21/><E3/><V14/><REACH who="2" step="1"/><F51/><REACH who="2" ten="193,262,216,319" step="2"/><W112/><G112/><T36/><D115/><U74/><E113/><V116/><F116/><N who="0" m="44586" /><D36/><U75/><E125/><V76/><F76/><W72/><G72/><T93/><D126/><U89/><E75/><V111/><F111/><N who="0" m="42570" /><D60/><U87/><E74/><V121/><F121/><W42/><G61/><T1/><D73/><U39/><E39/><V66/><F66/><W45/><G67/><T104/><D1/><U13/><E41/><V92/><F92/><W53/><G42/><T79/><D79/><U38/><E38/><V59/><AGARI ba="1,1" hai="4,5,6,9,14,25,29,33,48,55,59,128,129,130" machi="59" ten="30,7900,0" yaku="1,1,0,1,19,1,52,1,53,0" doraHai="26" doraHaiUra="58" who="2" fromWho="2" sc="193,-21,262,-40,216,92,319,-21" /><INIT seed="6,0,0,1,0,62" ten="172,222,308,298" oya="2" hai0="64,79,94,57,89,71,128,84,10,85,51,25,80" hai1="37,100,123,20,74,24,107,14,114,120,63,131,12" hai2="133,61,82,55,39,98,72,56,66,118,112,130,43" hai3="108,97,77,95,106,47,1,22,91,4,5,65,40"/><V93/><F118/><W31/><G108/><T69/><D128/><U2/><E114/><V76/><F112/><W125/><G125/><T101/><D101/><U67/><E37/><V96/><F130/><W122/><G122/><N who="1" m="46634" /><E74/><V111/><F133/><W19/><G31/><T87/><D25/><U41/><E2/><V33/><F33/><W0/><G106/><T38/><D38/><U116/><E41/><V81/><F111/><W23/><G77/><T60/><D10/><U86/><E116/><V42/><F39/><W16/><G1/><T115/><D115/><U15/><E86/><V119/><F119/><W9/><G5/><T90/><REACH who="0" step="1"/><D51/><REACH who="0" ten="162,222,308,298" step="2"/><U126/><E131/><V28/><F28/><W103/><G103/><T50/><D50/><U68/><E126/><V132/><F132/><W124/><G9/><T26/><D26/><U83/><E100/><V36/><F36/><W127/><G127/><T121/><D121/><U135/><E135/><V35/><F35/><W29/><G29/><T34/><D34/><U53/><E107/><V45/><F43/><W113/><G40/><T109/><D109/><U105/><E105/><V30/><F30/><W8/><G8/><T11/><D11/><U46/><E24/><V78/><F42/><W17/><G124/><T70/><D70/><U88/><E20/><V117/><F117/><W44/><G113/><T7/><D7/><U52/><E46/><N who="3" m="17450" /><G4/><T21/><D21/><N who="3" m="7689" /><G0/><T18/><D18/><U48/><E48/><V27/><F27/><W58/><G17/><T3/><D3/><U73/><E73/><V110/><F72/><RYUUKYOKU ba="0,1" sc="162,10,222,10,308,-30,298,10" hai0="57,60,64,69,71,79,80,84,85,87,89,90,94" hai1="12,14,15,52,53,63,67,68,83,88" hai3="16,19,58,65,91,95,97" /><INIT seed="7,1,1,1,5,80" ten="172,232,278,308" oya="3" hai0="120,99,10,16,25,4,13,75,121,8,19,2,73" hai1="49,106,94,54,127,24,83,90,82,126,111,1,26" hai2="56,21,12,77,101,5,32,59,3,20,124,122,45" hai3="15,79,37,114,34,123,35,53,102,96,7,30,104"/><W98/><G123/><T47/><D47/><U103/><E1/><V125/><F32/><W119/><G119/><T115/><D99/><N who="1" m="61823" /><E26/><V41/><F3/><W62/><G37/><T57/><D57/><N who="2" m="22090" /><F101/><W116/><G30/><T89/><D89/><U85/><E24/><V107/><F107/><W100/><G79/><T9/><D73/><U36/><E36/><V52/><F122/><N who="0" m="47210" /><D75/><U134/><E111/><V131/><F131/><W132/><G116/><T11/><D115/><U50/><E54/><V40/><F77/><W55/><G114/><T27/><D27/><U61/><E61/><V48/><F40/><W97/><G62/><T29/><D2/><U14/><E14/><V65/><F65/><W128/><G104/><T18/><D4/><U23/><E23/><AGARI ba="1,1" hai="8,9,10,11,13,16,18,19,23,25,29" m="47210" machi="23" ten="30,3900,0" yaku="34,2,54,1" doraHai="80" who="0" fromWho="1" sc="172,52,232,-42,278,0,308,0" owari="224,-17.6,190,-31.0,278,7.8,308,40.8" /></mjloggm>