<mjloggm ver="2.3"><GO type="169" lobby="0"/><UN n0="%E3%81%AB%E3%81%A3%E3%81%A1%E3%82%87" n1="%67%6F%67%6F%2D%E3%82%B4%E3%83%AA%E3%83%A9" n2="%E3%83%A9%E3%83%96%E3%83%AC%E3%83%BC" n3="%4B%2E%32%2E%4B%2E" dan="17,17,18,16" rate="2213.26,2171.48,2213.31,2089.64" sx="M,M,M,M"/><TAIKYOKU oya="0"/><INIT seed="0,0,0,3,3,5" ten="250,250,250,250" oya="0" hai0="43,81,3,74,113,13,31,17,85,77,63,87,94" hai1="66,45,92,0,107,96,65,26,62,39,116,9,18" hai2="80,121,82,130,132,60,30,8,55,76,89,27,14" hai3="49,99,56,84,122,128,15,50,1,24,69,53,95"/><T97/><D113/><U33/><E116/><V104/><F104/><W127/><G1/><T112/><D3/><U114/><E114/><V41/><F41/><W71/><G127/><T42/><D112/><U102/><E92/><V111/><F121/><W32/><G128/><T54/><D31/><U108/><E108/><V70/><F111/><W93/><G122/><T88/><D74/><U83/><E83/><V52/><F132/><W75/><G75/><T126/><D126/><U4/><E18/><V68/><F89/><W44/><G84/><T118/><D118/><U79/><E79/><V11/><F14/><W129/><G24/><T134/><D134/><U133/><E133/><V98/><F27/><W2/><G2/><T22/><D97/><U109/><E109/><V135/><F135/><W91/><G32/><T10/><D22/><U73/><E73/><V131/><F98/><W90/><G15/><T57/><AGARI ba="0,0" hai="10,13,17,42,43,54,57,63,77,81,85,87,88,94" machi="57" ten="30,11700,0" yaku="0,1,8,1,52,1,54,1" doraHai="5" who="0" fromWho="0" sc="250,117,250,-39,250,-39,250,-39" /><INIT seed="0,1,0,1,1,131" ten="367,211,211,211" oya="0" hai0="97,33,85,37,23,129,132,103,2,52,21,107,14" hai1="7,57,43,90,70,114,68,71,92,106,134,5,99" hai2="13,75,65,34,55,20,9,54,48,19,130,108,63" hai3="64,120,91,116,83,41,26,72,117,119,25,109,82"/><T50/><D129/><U6/><E114/><V123/><F123/><W27/><G72/><T16/><D33/><U30/><E106/><V98/><F75/><W135/><G120/><T111/><D37/><U84/><E30/><V93/><F34/><W115/><G115/><T24/><D2/><U100/><E43/><V51/><F108/><W81/><G109/><T46/><D111/><U49/><E49/><V31/><F130/><W44/><G135/><T15/><D132/><U59/><REACH who="1" step="1"/><E134/><REACH who="1" ten="367,201,211,211" step="2"/><V56/><F51/><W95/><G64/><T3/><D3/><U87/><E87/><V11/><F31/><W42/><REACH who="3" step="1"/><G44/><REACH who="3" ten="367,201,211,201" step="2"/><T110/><D110/><U118/><E118/><V105/><F65/><W4/><G4/><T125/><D125/><U0/><E0/><V61/><F105/><W113/><G113/><T8/><D85/><AGARI ba="1,2" hai="25,26,27,41,42,81,82,83,85,91,95,116,117,119" machi="85" ten="50,6400,0" yaku="1,1,29,2,53,0" doraHai="131" doraHaiUra="10" who="3" fromWho="0" sc="367,-67,201,0,211,0,201,87" /><INIT seed="1,0,0,1,0,38" ten="300,201,211,288" oya="1" hai0="19,106,81,49,41,88,55,71,109,64,45,18,15" hai1="63,83,66,127,34,1,97,39,80,122,69,119,70" hai2="89,93,78,134,123,94,14,96,86,126,128,72,113" hai3="133,6,124,59,58,116,82,75,112,11,10,73,102"/><U76/><E119/><V51/><F123/><W28/><G112/><T105/><D109/><U98/><E122/><V117/><F117/><W74/><G116/><T33/><D33/><U92/><E127/><V60/><F126/><W65/><G124/><T132/><D132/><U9/><E34/><V121/><F121/><W43/><G133/><T120/><D120/><U27/><E39/><V68/><F128/><W56/><G102/><T48/><D71/><U12/><E1/><V100/><F113/><W95/><G95/><T90/><D64/><U91/><E70/><V103/><F14/><W40/><G28/><T23/><D19/><U57/><E27/><V2/><F51/><W30/><G30/><T135/><D135/><U0/><E0/><V87/><F2/><W46/><G65/><T25/><D25/><U21/><E21/><V8/><F8/><W85/><G46/><T22/><D22/><U13/><E69/><V79/><F60/><W67/><G67/><T35/><D35/><U84/><E83/><N who="2" m="45511" /><F68/><W44/><G44/><T62/><D62/><U5/><REACH who="1" step="1"/><E12/><REACH who="1" ten="300,191,211,288" step="2"/><V108/><F134/><W131/><G131/><T77/><D23/><U130/><E130/><V54/><F108/><W26/><G26/><T114/><D15/><U111/><E111/><V107/><F94/><W53/><G11/><T118/><D118/><U4/><E4/><V37/><F37/><W36/><G36/><T31/><D81/><U129/><E129/><V3/><F3/><N who="3" m="351" /><G82/><T61/><D114/><U47/><E47/><V99/><F93/><W24/><G24/><T110/><D110/><RYUUKYOKU ba="0,1" sc="300,-10,191,30,211,-10,288,-10" hai1="5,9,13,57,63,66,76,80,84,91,92,97,98" /><INIT seed="1,1,1,5,3,107" ten="290,221,201,278" oya="1" hai0="129,121,106,31,59,135,85,95,113,96,34,98,124" hai1="119,9,46,79,94,29,54,86,70,52,84,102,26" hai2="19,100,72,32,126,115,4,18,7,40,101,14,37" hai3="97,71,2,76,109,117,11,66,35,68,87,81,42"/><U56/><E119/><V48/><F37/><W45/><G117/><T1/><D1/><U77/><E70/><V38/><F38/><W10/><G109/><T75/><D59/><U128/><E128/><V28/><F126/><W43/><G35/><T58/><D58/><U53/><E46/><V51/><F32/><W41/><G45/><T74/><D31/><U125/><E125/><V111/><F28/><W22/><G97/><T67/><D67/><U60/><E9/><V47/><F111/><W93/><G93/><T55/><D55/><U80/><E79/><V0/><F0/><W118/><G118/><T105/><D34/><U36/><E36/><V112/><F47/><W65/><G22/><T104/><D124/><U88/><REACH who="1" step="1"/><E102/><REACH who="1" ten="290,211,201,278" step="2"/><V133/><F133/><W103/><G103/><T63/><D135/><U25/><E25/><V78/><F78/><W20/><G76/><T64/><D129/><U114/><E114/><V12/><F40/><W13/><G43/><T23/><D113/><U16/><E16/><V127/><F127/><W90/><G42/><T123/><D121/><U27/><E27/><V17/><F17/><W24/><G24/><T91/><D123/><U82/><E82/><V6/><F6/><W99/><G41/><T49/><D23/><AGARI ba="1,2" hai="23,26,29,52,53,54,56,60,77,80,84,86,88,94" machi="23" ten="30,12000,1" yaku="1,1,7,1,8,1,54,2,53,0" doraHai="107" doraHaiUra="116" who="1" fromWho="0" sc="290,-123,211,143,201,0,278,0" /><INIT seed="1,2,0,0,1,124" ten="167,354,201,278" oya="1" hai0="73,90,131,115,127,3,91,80,5,122,51,65,23" hai1="10,108,69,88,46,126,120,16,121,78,129,38,56" hai2="21,54,111,45,41,48,1,92,86,97,89,17,40" hai3="125,118,52,12,53,4,68,63,85,29,110,96,11"/><U33/><E69/><V14/><F1/><W77/><G125/><T20/><D127/><U119/><E126/><V79/><F111/><W87/><G110/><T34/><D34/><U55/><E108/><V36/><F36/><W104/><G118/><T39/><D39/><U43/><E119/><V106/><F106/><W67/><G29/><T81/><D65/><U72/><E33/><V31/><F31/><W84/><REACH who="3" step="1"/><G77/><REACH who="3" ten="167,354,201,268" step="2"/><T101/><D115/><U134/><E78/><V44/><F79/><W132/><G132/><T24/><D122/><U50/><E134/><V74/><F74/><W133/><G133/><T6/><D73/><U117/><E117/><V2/><F2/><W102/><AGARI ba="2,1" hai="4,11,12,52,53,63,67,68,84,85,87,96,102,104" machi="102" ten="30,4000,0" yaku="1,1,0,1,54,1,53,0" doraHai="124" doraHaiUra="30" who="3" fromWho="3" sc="167,-12,354,-22,201,-12,268,56" /><INIT seed="2,0,0,4,4,83" ten="155,332,189,324" oya="2" hai0="95,60,9,108,102,61,4,109,76,7,66,10,21" hai1="67,63,114,59,110,38,117,112,40,130,62,116,42" hai2="105,115,122,18,44,74,91,55,86,65,14,113,25" hai3="106,99,132,78,52,2,69,107,50,68,47,96,33"/><V32/><F105/><W88/><G2/><T127/><D76/><U72/><E72/><V13/><F74/><W103/><G33/><T98/><D127/><U36/><E67/><V53/><F122/><W119/><G119/><T28/><D61/><U15/><E15/><V93/><F65/><W101/><G132/><T41/><D41/><U1/><E1/><V34/><F13/><W85/><G78/><T94/><D94/><AGARI ba="0,0" hai="47,50,52,68,69,85,88,94,96,99,101,103,106,107" machi="94" ten="30,8000,1" yaku="7,1,9,1,52,1,54,2" doraHai="83" who="3" fromWho="0" sc="155,-80,332,0,189,0,324,80" /><INIT seed="3,0,0,4,5,2" ten="75,332,189,404" oya="3" hai0="82,51,45,76,120,102,108,92,68,93,116,130,30" hai1="97,38,86,132,41,98,32,78,128,117,36,0,46" hai2="66,71,109,123,135,7,129,85,87,58,10,37,127" hai3="103,112,4,84,19,13,17,101,75,48,39,122,118"/><W83/><G39/><T52/><D116/><U67/><E117/><V29/><F71/><W126/><G118/><T89/><D120/><U79/><E32/><V16/><F37/><W55/><G75/><T88/><D68/><U23/><E38/><V121/><F29/><W49/><G126/><T100/><D30/><U5/><E128/><V77/><F77/><W134/><G134/><T133/><D108/><U94/><E67/><V56/><F127/><W99/><G48/><T42/><D42/><U73/><E23/><V1/><F109/><W107/><G112/><T113/><D113/><U31/><E31/><V90/><F129/><W11/><G101/><T61/><D61/><U96/><E132/><V35/><F35/><W124/><G122/><N who="2" m="46601" /><F87/><W50/><G50/><T43/><D43/><U74/><E79/><V62/><F58/><W25/><G25/><T104/><D130/><U95/><E86/><V72/><F72/><W15/><G15/><T70/><D70/><U54/><E54/><V22/><F135/><W65/><G65/><T81/><D133/><U44/><E44/><V18/><F22/><W114/><G114/><T64/><D64/><U60/><E74/><V105/><F105/><W115/><G124/><T24/><D104/><U12/><E78/><V119/><F119/><W106/><G106/><T28/><D76/><U131/><E73/><V6/><F6/><W33/><G33/><T63/><D45/><U59/><E131/><V20/><F20/><W47/><G115/><T26/><D28/><U3/><E36/><V8/><F8/><W80/><G84/><RYUUKYOKU ba="0,0" sc="75,-15,332,-15,189,15,404,15" hai2="1,7,10,16,18,56,62,66,85,90" hai3="4,11,13,17,19,47,49,55,80,83,99,103,107" /><INIT seed="3,1,0,4,5,113" ten="60,317,204,419" oya="3" hai0="130,57,19,2,32,18,35,92,10,60,78,62,104" hai1="103,69,123,119,26,21,3,88,47,127,94,43,38" hai2="95,133,107,54,80,70,17,45,132,59,55,46,4" hai3="93,134,71,98,66,135,11,85,9,100,7,74,49"/><W109/><G74/><T125/><D104/><U126/><E123/><V128/><F107/><W56/><G71/><T116/><D116/><U50/><E3/><V110/><F4/><W36/><G36/><T82/><D130/><U72/><E72/><V24/><F80/><W29/><G29/><T12/><D2/><U52/><E69/><V101/><F70/><W64/><G109/><T5/><D62/><U41/><E103/><V111/><F24/><W40/><G85/><T31/><D92/><U77/><E77/><V27/><F27/><W75/><G75/><T86/><D125/><N who="1" m="47627" /><E38/><V83/><F83/><W121/><G121/><T6/><D6/><U22/><E119/><V91/><F101/><W48/><G40/><N who="1" m="15434" /><E26/><V102/><F102/><W106/><G106/><T8/><D8/><N who="3" m="3145" /><G7/><T65/><REACH who="0" step="1"/><D31/><REACH who="0" ten="50,317,204,419" step="2"/><U73/><E73/><V81/><F95/><W114/><G93/><T30/><D30/><U58/><E47/><V90/><F128/><W115/><G115/><T87/><D87/><AGARI ba="1,1" hai="21,22,50,52,58,87,88,94" m="15434,47627" machi="87" ten="30,3900,0" yaku="18,1,54,2" doraHai="113" who="1" fromWho="0" sc="50,-42,317,52,204,0,419,0" /><INIT seed="4,0,0,3,5,70" ten="8,369,204,419" oya="0" hai0="118,86,56,129,13,45,101,41,81,58,1,113,49" hai1="44,46,80,95,114,92,20,35,100,11,26,50,128" hai2="37,4,60,10,119,83,51,64,63,88,116,103,25" hai3="31,89,112,9,99,90,14,47,117,130,108,93,3"/><T48/><D118/><N who="2" m="45098" /><F103/><W62/><G108/><T19/><D113/><U33/><E128/><V7/><F25/><W39/><G117/><T22/><D129/><U74/><E114/><V57/><F37/><W0/><G130/><T5/><D101/><U16/><E46/><V18/><F51/><W121/><G121/><T125/><D125/><U53/><E11/><V30/><F30/><W98/><G31/><T105/><D105/><U65/><E65/><V32/><F32/><W123/><G62/><T134/><D134/><U132/><E132/><V78/><F88/><W12/><G123/><T2/><D2/><U76/><REACH who="1" step="1"/><E95/><REACH who="1" ten="8,359,204,419" step="2"/><V61/><F10/><W110/><G112/><T85/><D1/><U122/><E122/><V15/><F57/><W17/><G110/><T24/><D49/><U54/><E54/><V29/><F4/><N who="3" m="3111" /><G3/><T84/><D81/><U77/><E77/><V66/><F7/><W104/><G0/><T69/><D69/><U72/><E72/><N who="2" m="43463" /><F66/><W120/><G120/><T34/><D34/><U21/><E21/><N who="2" m="11487" /><F64/><W59/><G104/><T38/><D38/><U8/><E8/><AGARI ba="0,1" hai="5,8,13,19,22,24,41,45,48,56,58,84,85,86" machi="8" ten="40,2000,0" yaku="8,1" doraHai="70" who="0" fromWho="1" sc="8,30,359,-20,204,0,419,0" /><INIT seed="4,1,0,3,5,105" ten="38,339,204,419" oya="0" hai0="38,135,15,92,115,5,102,73,8,112,84,21,63" hai1="99,103,41,79,39,98,111,2,40,37,101,118,76" hai2="1,36,64,11,91,35,27,12,131,14,75,88,74" hai3="3,16,55,100,50,72,108,80,48,87,113,81,29"/><T114/><D38/><U42/><E2/><V82/><F64/><W57/><G108/><T83/><D135/><U122/><E118/><V96/><F36/><N who="1" m="13897" /><E111/><V95/><F1/><W104/><G29/><T94/><D102/><N who="1" m="38923" /><E122/><V59/><F59/><W121/><G81/><T117/><D117/><U130/><E130/><V133/><F133/><W93/><G104/><T54/><D21/><U120/><E120/><V124/><F124/><W116/><G16/><T31/><D31/><U132/><E132/><V71/><F71/><W61/><G50/><T119/><D119/><U89/><E89/><V67/><F67/><W24/><G61/><T28/><D28/><U86/><E86/><V51/><F51/><W90/><G90/><T69/><D84/><U0/><E0/><V34/><F27/><W32/><G87/><T58/><REACH who="0" step="1"/><D69/><REACH who="0" ten="28,339,204,419" step="2"/><U4/><E4/><V53/><F131/><W106/><G116/><T10/><D10/><U77/><AGARI ba="1,1" hai="40,41,42,76,77,79,98,99" m="38923,13897" machi="77" ten="40,2700,0" yaku="28,2" doraHai="105" who="1" fromWho="1" sc="28,-14,339,40,204,-8,419,-8" /><INIT seed="5,0,0,3,1,63" ten="14,379,196,411" oya="1" hai0="102,49,11,112,98,67,36,130,25,86,115,43,19" hai1="14,61,69,71,15,134,64,40,73,84,126,103,26" hai2="50,72,118,24,96,57,60,110,54,78,114,111,116" hai3="89,53,48,79,47,55,129,42,32,65,81,120,90"/><U133/><E73/><V16/><F78/><W128/><G120/><T105/><D36/><U76/><E126/><V51/><F72/><W88/><G32/><T23/><D130/><N who="3" m="50281" /><G65/><T2/><D86/><AGARI ba="0,0" hai="42,47,48,53,55,79,81,86,88,89,90" m="50281" machi="86" ten="30,2000,0" yaku="19,1,54,1" doraHai="63" who="3" fromWho="0" sc="14,-20,379,0,196,0,411,20" owari="-6,-50.6,379,17.9,196,-20.4,431,53.1" /></mjloggm>