<mjloggm ver="2.3"><GO type="169" lobby="0"/><UN n0="%41%6D%69%63%68%61%6E" n1="%6A%61%63%6B%74" n2="%E3%81%B1%E3%83%BC%E3%81%9B%E3%82%93%E3%81%A8%E4%BE%8D" n3="%E3%81%8A%E3%81%9F%E3%81%BE%E3%82%8B" dan="16,16,18,16" rate="2065.58,2130.39,2199.64,2093.28" sx="F,M,M,M"/><TAIKYOKU oya="0"/><INIT seed="0,0,0,0,2,57" ten="250,250,250,250" oya="0" hai0="115,66,134,78,102,96,131,53,11,5,70,56,33" hai1="97,8,121,43,47,63,108,90,26,101,18,133,2" hai2="92,83,112,40,80,48,100,22,120,109,77,82,35" hai3="123,79,19,111,60,44,37,3,34,16,62,130,69"/><T59/><D115/><U6/><E121/><V25/><F120/><W129/><G123/><T126/><D126/><U27/><E108/><V14/><F109/><W29/><G3/><T10/><D33/><U68/><E133/><V24/><F112/><W52/><G111/><T46/><D134/><U50/><E90/><V103/><F77/><W119/><G119/><T106/><D78/><U114/><E114/><V58/><F35/><W12/><G79/><T94/><D131/><N who="3" m="50185" /><G69/><T116/><D116/><U107/><REACH who="1" step="1"/><E18/><REACH who="1" ten="250,240,250,250" step="2"/><V72/><F103/><W30/><G19/><T13/><D102/><U28/><E28/><N who="3" m="10858" /><G34/><T42/><D106/><U85/><E85/><V88/><F100/><W55/><G37/><T15/><D96/><U64/><AGARI ba="0,1" hai="2,6,8,26,27,43,47,50,63,64,68,97,101,107" machi="64" ten="30,7900,0" yaku="1,1,0,1,52,1,53,1" doraHai="57" doraHaiUra="99" who="1" fromWho="1" sc="250,-39,240,89,250,-20,250,-20" /><INIT seed="1,0,0,0,3,89" ten="211,329,230,230" oya="1" hai0="35,48,88,47,26,123,59,115,131,15,96,113,69" hai1="108,134,93,101,86,75,11,102,71,21,106,6,65" hai2="25,118,19,41,9,62,51,67,122,17,100,52,54" hai3="46,27,42,116,83,14,99,92,20,109,78,112,18"/><U121/><E121/><V24/><F118/><W87/><G109/><T73/><D73/><U2/><E75/><V133/><F122/><W91/><G112/><T10/><D123/><U72/><E72/><V61/><F133/><W1/><G116/><T125/><D125/><U130/><E106/><V85/><F41/><W50/><REACH who="3" step="1"/><G1/><REACH who="3" ten="211,329,230,220" step="2"/><T79/><D115/><U44/><E108/><V22/><F67/><W126/><G126/><T23/><D113/><U120/><E65/><V31/><F31/><W105/><G105/><T55/><D131/><U37/><E2/><V82/><F100/><W34/><G34/><T43/><D35/><U3/><E102/><V129/><F129/><W128/><G128/><T64/><D69/><U0/><E0/><V4/><F25/><AGARI ba="0,1" hai="14,18,20,25,27,42,46,50,78,83,87,91,92,99" machi="25" ten="40,8000,1" yaku="1,1,8,1,52,1,53,1" doraHai="89" doraHaiUra="36" who="3" fromWho="2" sc="211,0,329,0,230,-80,220,90" /><INIT seed="2,0,0,5,2,23" ten="211,329,150,310" oya="2" hai0="124,36,114,37,102,33,47,42,51,59,70,96,32" hai1="38,58,34,20,55,123,93,8,62,11,57,113,117" hai2="75,21,100,127,80,24,119,54,1,131,9,82,2" hai3="97,27,28,85,7,6,103,79,76,95,22,134,104"/><V18/><F119/><W133/><G79/><T86/><D114/><U61/><E34/><V84/><F127/><W116/><G116/><T65/><D124/><U111/><E111/><V110/><F131/><W77/><G77/><T26/><D37/><U108/><E108/><V45/><F110/><W129/><G129/><T67/><D86/><U64/><E117/><V88/><F75/><W39/><G39/><T99/><D67/><U12/><E38/><V81/><F100/><W35/><G35/><T60/><D99/><U73/><E73/><V135/><F135/><N who="3" m="51723" /><G76/><T109/><D109/><U91/><E123/><V50/><REACH who="2" step="1"/><F9/><REACH who="2" ten="211,329,140,310" step="2"/><W94/><G104/><T83/><D102/><U68/><E113/><V90/><F90/><AGARI ba="0,1" hai="6,7,22,27,28,85,90,94,95,97,103" m="51723" machi="90" ten="30,2000,0" yaku="20,1,52,1" doraHai="23" who="3" fromWho="2" sc="211,0,329,0,140,-20,310,30" /><INIT seed="3,0,0,4,1,31" ten="211,329,120,340" oya="3" hai0="131,66,1,132,81,20,24,97,45,100,107,59,106" hai1="8,43,37,105,33,128,84,134,32,27,76,44,7" hai2="108,127,74,25,52,78,71,5,3,57,102,95,89" hai3="39,64,123,53,116,51,62,48,13,114,129,63,40"/><W98/><G116/><T110/><D110/><U10/><E105/><V86/><F71/><W75/><G123/><T109/><D109/><U80/><E128/><V122/><F108/><W85/><G75/><T104/><D1/><U92/><E134/><V120/><F127/><W135/><G135/><T36/><D132/><U0/><E27/><V68/><F68/><W60/><G129/><T115/><D115/><U69/><E69/><V101/><F3/><W29/><G114/><T90/><D131/><U56/><E8/><V125/><F5/><W79/><G39/><T17/><D36/><U65/><REACH who="1" step="1"/><E92/><REACH who="1" ten="211,319,120,340" step="2"/><V117/><F125/><W72/><G72/><T113/><D113/><U50/><E50/><V94/><F94/><W41/><G51/><T91/><D107/><U19/><E19/><V11/><F11/><W70/><G70/><T119/><D104/><U88/><E88/><V35/><F74/><W124/><G124/><T118/><D119/><U2/><E2/><V103/><F117/><W34/><G48/><T15/><D118/><U111/><E111/><V67/><F78/><W130/><G79/><T6/><D106/><U21/><E21/><V16/><F35/><W58/><G34/><T14/><D91/><U42/><E42/><V46/><F95/><W22/><G22/><T9/><D90/><U18/><E18/><V126/><F89/><W133/><G133/><T55/><D20/><U99/><E99/><V83/><F126/><W49/><G130/><T73/><D97/><U121/><E121/><V96/><F122/><W28/><G98/><T77/><D17/><RYUUKYOKU ba="0,1" sc="211,-10,319,30,120,-10,340,-10" hai1="0,7,10,32,33,37,43,44,56,65,76,80,84" /><INIT seed="4,1,1,4,3,0" ten="201,349,110,330" oya="0" hai0="7,27,44,96,116,36,37,54,131,53,12,80,130" hai1="88,61,104,81,18,30,127,113,117,111,25,120,50" hai2="118,103,40,65,97,124,57,82,8,98,92,99,20" hai3="49,19,42,95,38,123,112,86,107,110,108,76,134"/><T10/><D116/><U34/><E111/><V15/><F124/><W51/><G107/><T133/><D133/><U58/><E120/><V4/><F118/><W84/><G134/><T29/><D80/><U91/><E117/><V74/><F40/><W62/><G123/><T77/><D77/><U68/><E68/><V1/><F74/><W122/><G122/><T23/><D96/><U32/><E32/><V24/><F1/><W14/><G112/><T17/><D29/><U11/><E104/><V70/><F70/><W93/><G62/><T33/><D33/><U59/><E127/><V67/><F82/><W21/><G38/><T85/><D85/><U48/><E113/><V87/><F57/><W71/><G71/><T135/><D135/><U13/><E59/><V101/><F87/><W106/><G106/><T6/><D6/><U109/><E109/><V132/><F132/><W105/><G105/><T16/><D17/><U73/><E73/><V72/><F72/><W129/><G129/><N who="0" m="49163" /><D37/><U41/><E81/><V90/><F90/><W5/><G5/><T125/><D125/><U114/><E114/><V9/><F9/><W115/><G115/><T100/><D100/><N who="2" m="38474" /><F92/><W2/><G2/><T89/><D89/><U56/><E91/><V35/><F35/><W46/><G108/><T78/><D78/><U60/><E88/><V55/><F55/><N who="3" m="30135" /><G110/><T69/><D69/><U3/><E3/><V119/><F119/><W66/><G76/><T83/><D83/><U26/><E41/><AGARI ba="1,1" hai="7,10,12,16,23,27,36,41,44,53,54" m="49163" machi="41" ten="30,5800,0" yaku="19,1,52,1,54,1" doraHai="0" who="0" fromWho="1" sc="201,71,349,-61,110,0,330,0" /><INIT seed="4,2,0,1,0,0" ten="272,288,110,330" oya="0" hai0="135,69,131,68,5,48,34,86,121,65,1,23,17" hai1="125,4,33,120,32,26,82,44,92,119,90,118,59" hai2="30,107,126,6,91,124,10,42,94,3,109,7,64" hai3="27,114,50,134,38,43,83,76,41,56,24,87,72"/><T117/><D121/><U110/><E120/><V100/><F109/><W130/><G114/><T63/><D117/><U12/><E110/><V54/><F64/><W2/><G130/><T8/><D131/><U15/><E125/><N who="2" m="48235" /><F42/><W112/><G112/><T62/><D34/><U116/><E82/><V9/><F30/><W61/><G134/><T53/><D135/><U122/><E122/><V113/><F113/><W18/><G38/><T28/><D28/><U11/><E26/><V57/><F100/><W75/><G2/><T88/><D63/><U37/><E59/><V132/><F107/><W49/><G72/><T36/><D36/><U35/><E12/><N who="2" m="5175" /><F132/><W99/><G43/><T123/><D123/><U127/><E127/><V97/><F57/><W104/><G41/><T93/><D62/><U89/><REACH who="1" step="1"/><E92/><REACH who="1" ten="272,278,110,330" step="2"/><V45/><F45/><W20/><G27/><T79/><D79/><U14/><E14/><V85/><F54/><W71/><G56/><N who="0" m="32807" /><D65/><U133/><E133/><V108/><F108/><W106/><G106/><T111/><D111/><U70/><E70/><V16/><F16/><W74/><G104/><T66/><D66/><U96/><E96/><AGARI ba="2,1" hai="3,7,10,85,91,94,96,97" m="5175,48235" machi="96" ten="30,3900,0" yaku="18,1,52,2" doraHai="0" who="2" fromWho="1" sc="272,0,278,-45,110,55,330,0" /><INIT seed="5,0,0,3,3,70" ten="272,233,165,330" oya="1" hai0="115,61,123,95,57,28,29,82,89,33,113,112,107" hai1="63,85,27,12,106,14,129,118,0,84,23,46,68" hai2="64,49,7,40,103,135,9,92,34,18,72,131,36" hai3="130,45,3,121,42,110,50,67,117,134,104,86,26"/><U35/><E118/><V105/><F72/><W127/><G110/><T56/><D107/><U1/><E106/><V80/><F34/><W81/><G121/><T54/><D123/><U58/><E68/><V116/><F116/><W51/><G117/><T66/><D82/><U102/><E102/><V109/><F109/><W6/><G127/><T48/><REACH who="0" step="1"/><D33/><REACH who="0" ten="262,233,165,330" step="2"/><U24/><E35/><V38/><F105/><W98/><G104/><T90/><D90/><U22/><E129/><V71/><F80/><W83/><G130/><T47/><D47/><U93/><E46/><V44/><F131/><W20/><G45/><T30/><D30/><U25/><E93/><V76/><F92/><W73/><G81/><T100/><D100/><U17/><E0/><V87/><F103/><W91/><G83/><T77/><D77/><U88/><E1/><V126/><F76/><W5/><G3/><T122/><D122/><U74/><E74/><V132/><F44/><W31/><G73/><T10/><D10/><U52/><E88/><V21/><F9/><W55/><G91/><T78/><D78/><U120/><E120/><V16/><F132/><W62/><G134/><T53/><D53/><U19/><AGARI ba="0,1" hai="12,14,17,19,22,23,24,25,27,52,58,63,84,85" machi="19" ten="30,11700,0" yaku="0,1,9,1,8,1,54,1" doraHai="70" who="1" fromWho="1" sc="262,-39,233,127,165,-39,330,-39" /><INIT seed="5,1,0,0,2,99" ten="223,360,126,291" oya="1" hai0="14,84,39,98,26,34,97,0,47,1,28,31,77" hai1="72,130,124,109,110,38,18,16,79,71,114,51,64" hai2="123,135,40,46,10,115,125,95,7,57,9,82,74" hai3="120,76,134,102,50,131,45,70,90,36,15,100,118"/><U86/><E38/><V122/><F125/><W108/><G120/><T129/><D129/><U65/><E72/><V55/><F135/><W66/><G134/><T85/><D39/><U25/><E114/><V21/><F115/><W119/><G131/><T6/><D47/><U32/><E130/><V127/><F127/><W112/><G112/><T89/><D77/><U91/><E79/><V68/><F68/><W88/><G108/><N who="1" m="41578" /><E124/><V4/><F95/><W44/><G76/><T104/><D104/><U29/><E51/><V126/><F21/><W106/><G15/><T75/><D75/><U59/><E59/><V20/><F20/><W133/><G133/><T61/><D61/><N who="1" m="40335" /><E65/><V80/><F74/><W19/><G36/><T2/><D2/><U62/><E62/><V87/><F126/><W132/><G132/><T12/><D34/><U94/><AGARI ba="1,0" hai="16,18,25,29,32,86,91,94" m="40335,41578" machi="94" ten="30,3000,0" yaku="10,1,54,1" doraHai="99" who="1" fromWho="1" sc="223,-11,360,33,126,-11,291,-11" /><INIT seed="5,2,0,0,1,83" ten="212,393,115,280" oya="1" hai0="47,120,60,66,79,98,64,6,118,46,119,37,59" hai1="38,51,116,65,4,82,2,48,89,130,15,70,68" hai2="44,117,105,18,121,134,81,102,74,90,32,93,87" hai3="20,133,73,49,12,107,34,91,14,86,61,94,31"/><U132/><E116/><N who="0" m="44585" /><D79/><U9/><E38/><V42/><F117/><W23/><G133/><T76/><D76/><U62/><E132/><V33/><F134/><W19/><G73/><T63/><D6/><U103/><E130/><V135/><F135/><W71/><G107/><T8/><D8/><U40/><E70/><V27/><F121/><W115/><G115/><T125/><D98/><U123/><E123/><V99/><F74/><W72/><G72/><T29/><D29/><U16/><E40/><V67/><F67/><W35/><G49/><T52/><D120/><U25/><E103/><V124/><F124/><W43/><G43/><N who="0" m="22895" /><D125/><U75/><E25/><V112/><F112/><W110/><G110/><T5/><D5/><U10/><REACH who="1" step="1"/><E75/><REACH who="1" ten="212,383,115,280" step="2"/><V85/><F27/><W100/><G100/><T41/><D63/><U36/><E36/><AGARI ba="2,1" hai="36,41,47,52,59,60,64,66" m="22895,44585" machi="36" ten="30,3900,0" yaku="34,2,54,1" doraHai="83" who="0" fromWho="1" sc="212,55,383,-45,115,0,280,0" /><INIT seed="6,0,0,2,4,16" ten="267,338,115,280" oya="2" hai0="96,133,33,77,32,111,2,52,123,58,8,61,105" hai1="65,135,106,80,76,39,24,64,26,126,35,50,98" hai2="122,103,20,47,41,101,57,48,43,44,68,95,9" hai3="13,92,12,21,87,90,37,124,131,85,4,59,72"/><V121/><F68/><W67/><G72/><T108/><D123/><U93/><E39/><V82/><F9/><W45/><G124/><T109/><D133/><U63/><E106/><V120/><F82/><W54/><G131/><T132/><D132/><U56/><E135/><V119/><F119/><W86/><G37/><T46/><D77/><U81/><E126/><V31/><F57/><W42/><G42/><T97/><D46/><U53/><E35/><V29/><F95/><W19/><G45/><T7/><REACH who="0" step="1"/><D97/><REACH who="0" ten="257,338,115,280" step="2"/><U15/><E76/><V17/><F103/><AGARI ba="0,1" hai="2,7,8,32,33,52,58,61,96,103,105,108,109,111" machi="103" ten="40,5200,0" yaku="1,1,2,1,54,1,53,0" doraHai="16" doraHaiUra="114" who="0" fromWho="2" sc="257,62,338,0,115,-52,280,0" /><INIT seed="7,0,0,1,1,9" ten="319,338,63,280" oya="3" hai0="5,114,52,95,4,91,118,36,44,21,56,2,18" hai1="10,109,55,107,15,112,12,131,65,87,70,27,57" hai2="129,86,96,59,121,24,99,71,11,82,76,126,94" hai3="31,30,125,133,48,123,130,58,98,116,115,132,7"/><W113/><G116/><T104/><D104/><U80/><E109/><V6/><F71/><W16/><G123/><T64/><D2/><U47/><E107/><V38/><F126/><W105/><G125/><T135/><D118/><U14/><E112/><N who="3" m="43082" /><G130/><T127/><D127/><U23/><E70/><V1/><F129/><W22/><G7/><T51/><D135/><N who="3" m="51785" /><G48/><N who="0" m="30727" /><D64/><U84/><E65/><V3/><F121/><W103/><G58/><T37/><D36/><U49/><E131/><V119/><F119/><W92/><G105/><T33/><D33/><U108/><E108/><V29/><F38/><W83/><G83/><T89/><D37/><U74/><E10/><V110/><F59/><W19/><G19/><T106/><D106/><U75/><E57/><V81/><F110/><W72/><G72/><T117/><D117/><U88/><REACH who="1" step="1"/><E84/><REACH who="1" ten="319,328,63,280" step="2"/><V46/><F86/><W73/><G73/><T97/><D114/><U20/><E20/><V134/><F11/><W67/><G67/><T66/><D66/><U43/><E43/><V50/><F134/><W79/><G79/><T93/><D44/><U101/><E101/><V120/><F76/><W40/><G40/><T35/><D35/><U45/><E45/><V60/><F120/><W32/><G32/><T42/><D42/><U90/><E90/><V8/><F46/><W0/><G0/><T63/><D51/><U122/><E122/><V100/><F50/><W54/><G54/><T17/><D63/><U39/><E39/><V68/><F1/><W85/><G85/><N who="0" m="52463" /><D21/><U26/><E26/><AGARI ba="0,1" hai="16,22,26,30,31,92,98,103" m="51785,43082" machi="26" ten="30,5800,0" yaku="15,1,20,1,54,1" doraHai="9" who="3" fromWho="1" sc="319,0,328,-58,63,0,280,68" owari="319,11.9,270,-13.0,63,-43.7,348,44.8" /></mjloggm>