<mjloggm ver="2.3"><GO type="169" lobby="0"/><UN n0="%E7%99%BD%E9%AB%AA%E9%AC%BC" n1="%E3%83%90%E3%83%AA%E3%83%88%E3%83%B3" n2="%6D%61%6A%75%6E%69%61" n3="%E3%81%9D%E3%81%B5%E3%81%81%E3%82%82%E3%82%93" dan="16,17,17,17" rate="2096.34,2238.54,2193.82,2227.15" sx="M,M,M,M"/><TAIKYOKU oya="0"/><INIT seed="0,0,0,1,3,91" ten="250,250,250,250" oya="0" hai0="23,58,44,41,6,2,60,49,0,52,111,133,101" hai1="130,84,104,59,119,32,13,71,70,39,50,26,97" hai2="74,40,106,79,25,36,114,127,22,28,35,61,86" hai3="132,128,92,103,88,100,109,129,76,80,55,113,125"/><T34/><D34/><U120/><E39/><V18/><F114/><W64/><G64/><T62/><D133/><U131/><E119/><V29/><F127/><W72/><G113/><T126/><D126/><U10/><E84/><V24/><F106/><W66/><G125/><T65/><D111/><U75/><E75/><V110/><F110/><W48/><G66/><T81/><D6/><U135/><E120/><V3/><F3/><W17/><G109/><T118/><D118/><U12/><E135/><V27/><F74/><W57/><G132/><T56/><D101/><U51/><E97/><V105/><F105/><W117/><G117/><T37/><D81/><U67/><E59/><V5/><F5/><W116/><G17/><T16/><REACH who="0" step="1"/><D37/><REACH who="0" ten="240,250,250,250" step="2"/><U38/><E38/><V46/><F35/><W122/><G116/><T90/><D90/><U112/><E32/><V77/><F36/><W107/><G122/><T8/><D8/><U42/><E10/><V108/><F108/><W85/><G103/><T20/><D20/><U45/><E112/><V98/><F22/><W9/><G9/><T115/><D115/><U4/><E4/><V63/><F77/><W31/><G31/><T53/><D53/><U87/><E67/><V15/><F79/><W102/><G102/><T93/><D93/><U94/><E94/><V11/><F29/><W134/><G134/><T1/><D1/><U99/><E104/><V33/><F28/><W121/><G121/><T7/><D7/><U54/><E54/><V96/><F33/><W21/><G21/><T43/><D43/><U95/><E42/><RYUUKYOKU ba="0,1" sc="240,15,250,-15,250,-15,250,15" hai0="0,2,16,23,41,44,49,52,56,58,60,62,65" hai3="48,55,57,72,76,80,85,88,92,100,107,128,129" /><INIT seed="0,1,1,0,5,62" ten="255,235,235,265" oya="0" hai0="50,100,9,58,12,15,121,20,29,48,132,130,89" hai1="21,23,47,114,40,120,66,38,69,133,53,3,97" hai2="11,113,95,107,111,54,30,110,31,26,44,67,59" hai3="94,7,123,17,1,126,119,65,46,91,24,52,105"/><T61/><D121/><U106/><E120/><V117/><F117/><W27/><G119/><T78/><D130/><U102/><E3/><V125/><F107/><W134/><G105/><T85/><D132/><U49/><E114/><V135/><F135/><W71/><G134/><T96/><D78/><U4/><E4/><V64/><F125/><W99/><G126/><T25/><D85/><U73/><E73/><V92/><F44/><W37/><G123/><T6/><D89/><U56/><E133/><V35/><F11/><W115/><G115/><T81/><D81/><U75/><E75/><V116/><F116/><W128/><G128/><T87/><D87/><U57/><E57/><V36/><F36/><W129/><G129/><T68/><D15/><U131/><E131/><V118/><F118/><W19/><G7/><T28/><D28/><U90/><E90/><V124/><F30/><W70/><G70/><T41/><D41/><U33/><E33/><V8/><F8/><W43/><G1/><T39/><D68/><U34/><E34/><V32/><F32/><W45/><G27/><T108/><D39/><U60/><AGARI ba="1,1" hai="21,23,38,40,47,49,53,56,60,66,69,97,102,106" machi="60" ten="30,7900,0" yaku="0,1,24,2,52,1" doraHai="62" who="1" fromWho="1" sc="255,-40,235,92,235,-21,265,-21" /><INIT seed="1,0,0,5,4,102" ten="215,327,214,244" oya="1" hai0="57,113,11,33,42,79,53,134,92,84,38,73,82" hai1="63,124,109,56,104,83,31,132,29,98,91,114,39" hai2="111,68,69,50,103,76,43,40,1,110,87,99,64" hai3="86,51,133,2,18,105,48,49,90,126,36,71,72"/><U89/><E114/><V52/><F1/><W4/><G36/><T95/><D113/><U85/><E39/><V58/><F76/><W118/><G71/><T60/><D33/><U129/><E129/><V14/><F87/><W94/><G72/><T74/><D134/><U107/><E132/><V32/><F32/><W116/><G133/><T54/><D54/><U135/><E135/><V47/><F14/><W108/><G108/><N who="2" m="41513" /><F99/><W120/><G120/><T17/><D74/><U66/><E124/><V65/><F103/><W62/><G62/><T27/><D73/><U115/><E115/><V100/><F100/><W34/><G34/><T37/><D37/><U55/><E109/><V0/><F0/><W12/><G126/><T16/><D42/><N who="2" m="15914" /><F47/><W131/><G2/><T101/><D38/><U80/><E55/><V78/><F78/><W106/><G4/><T93/><D17/><U22/><E22/><V61/><F61/><W30/><G30/><T96/><REACH who="0" step="1"/><D11/><REACH who="0" ten="205,327,214,244" step="2"/><U24/><E31/><V10/><F10/><N who="3" m="6423" /><G131/><T15/><D15/><U7/><E29/><V25/><F25/><W46/><G46/><T88/><D88/><U77/><E24/><V81/><F81/><W41/><G41/><T21/><AGARI ba="0,1" hai="16,21,27,53,57,60,79,82,84,92,93,95,96,101" machi="21" ten="30,7900,0" yaku="1,1,0,1,8,1,54,1,53,0" doraHai="102" doraHaiUra="125" who="0" fromWho="0" sc="205,89,327,-39,214,-20,244,-20" /><INIT seed="2,0,0,2,2,48" ten="294,288,194,224" oya="2" hai0="60,131,2,129,49,14,54,102,42,105,28,50,1" hai1="3,12,23,16,8,84,104,68,96,93,33,94,72" hai2="31,83,115,39,57,101,130,132,80,85,17,38,107" hai3="26,52,67,127,100,79,74,109,97,5,120,76,112"/><V73/><F115/><W77/><G120/><T61/><D28/><U29/><E72/><V133/><F31/><W64/><G109/><T135/><D102/><U40/><E68/><V20/><F130/><N who="0" m="49674" /><D105/><U134/><E134/><N who="2" m="51819" /><F73/><W125/><G74/><T9/><D42/><U45/><E84/><V15/><F107/><W89/><G26/><T0/><D50/><U111/><E111/><V44/><F101/><W41/><G41/><T63/><D135/><U22/><E104/><V98/><F98/><W47/><G5/><N who="0" m="3375" /><D49/><U119/><E33/><V13/><F13/><W70/><G100/><T103/><D103/><U25/><E96/><V30/><F30/><W18/><G97/><T114/><D114/><U121/><E121/><V91/><F83/><W58/><G112/><T117/><D117/><U81/><E81/><V36/><F57/><AGARI ba="0,0" hai="0,1,2,54,57,60,61,63" m="3375,49674" machi="57" ten="40,2600,0" yaku="19,1,52,1" doraHai="48" who="0" fromWho="2" sc="294,26,288,0,194,-26,224,0" /><INIT seed="3,0,0,5,2,8" ten="320,288,168,224" oya="3" hai0="11,72,67,21,37,114,81,5,53,31,77,20,23" hai1="24,91,102,123,39,40,131,18,71,64,75,68,110" hai2="13,0,4,101,63,129,49,66,92,94,42,12,127" hai3="26,55,89,111,84,43,120,125,14,104,41,50,115"/><W96/><G115/><T30/><D114/><U76/><E123/><V47/><F129/><W98/><G120/><T52/><D67/><U65/><E102/><V60/><F127/><W106/><G125/><T97/><D97/><U132/><E91/><V78/><F78/><W121/><G121/><T130/><D130/><U25/><E131/><V35/><F35/><W103/><G26/><T116/><D37/><U86/><E86/><V85/><F0/><W82/><G111/><T1/><REACH who="0" step="1"/><D116/><REACH who="0" ten="310,288,168,224" step="2"/><U95/><E39/><V9/><F66/><W105/><G98/><T51/><D51/><U54/><E65/><V58/><F63/><W36/><G36/><T22/><D22/><U70/><E64/><V57/><F60/><W29/><G105/><T135/><D135/><U107/><E107/><V19/><F101/><W10/><G106/><T109/><D109/><U128/><E110/><V80/><F94/><W48/><G48/><T56/><D56/><U17/><E95/><V113/><F113/><W38/><G38/><T61/><D61/><U126/><E132/><V62/><F62/><W27/><G50/><T88/><D88/><U74/><E128/><V118/><F118/><W73/><G104/><T119/><D119/><U3/><E126/><V44/><F44/><W134/><G103/><T79/><D79/><U46/><E76/><N who="2" m="46215" /><F92/><W133/><G134/><T90/><D90/><U87/><E71/><V69/><F69/><W32/><G133/><T112/><D112/><U7/><E70/><V124/><F124/><W122/><G122/><T83/><D83/><U33/><E68/><RYUUKYOKU ba="0,1" sc="310,15,288,-15,168,15,224,-15" hai0="1,5,11,20,21,23,30,31,52,53,72,77,81" hai2="4,9,12,13,19,42,47,49,57,58" /><INIT seed="4,1,1,1,4,67" ten="325,273,183,209" oya="0" hai0="134,8,76,72,95,111,125,119,92,122,135,115,13" hai1="32,80,98,102,23,113,55,24,43,85,5,64,2" hai2="127,54,101,7,56,52,74,38,109,99,128,133,68" hai3="106,39,20,124,71,42,130,48,117,121,1,73,104"/><T90/><D115/><U116/><E116/><V25/><F109/><W34/><RYUUKYOKU type="yao9" ba="1,1" sc="325,0,273,0,183,0,209,0" hai3="1,20,34,39,42,48,71,73,104,106,117,121,124,130" /><INIT seed="4,2,1,2,5,0" ten="325,273,183,209" oya="0" hai0="83,44,5,101,29,17,37,68,3,125,94,111,126" hai1="86,135,53,76,63,91,50,118,85,107,19,129,1" hai2="21,65,105,73,84,132,69,108,30,59,2,82,31" hai3="109,54,106,36,90,80,48,43,124,134,66,13,103"/><T77/><D68/><U25/><E118/><V34/><F132/><W16/><G109/><T45/><D111/><U40/><E107/><V116/><F108/><W12/><G134/><T123/><D123/><U60/><E1/><V95/><F105/><W56/><G124/><N who="0" m="47723" /><D17/><U120/><E120/><V119/><F69/><W122/><G122/><T9/><D29/><U28/><E129/><V23/><F2/><W114/><G114/><T128/><D128/><U52/><E40/><V89/><F34/><W131/><G131/><T41/><D44/><U79/><E135/><V117/><F73/><W39/><G66/><T49/><D94/><U15/><E25/><V51/><F95/><W14/><G43/><T62/><D62/><N who="1" m="23595" /><E28/><V115/><F115/><W61/><G61/><T8/><D8/><N who="1" m="6631" /><E86/><V26/><F65/><W55/><G55/><N who="1" m="21066" /><E50/><V104/><F104/><W102/><G106/><T130/><D130/><U22/><E22/><V74/><F74/><W87/><G39/><T93/><D49/><U110/><E110/><V78/><F51/><W72/><G72/><N who="0" m="43431" /><D93/><AGARI ba="2,1" hai="76,79,85,91,93" m="21066,6631,23595" machi="93" ten="30,2000,0" yaku="8,1,54,1" doraHai="0" who="1" fromWho="0" sc="325,-26,273,36,183,0,209,0" /><INIT seed="5,0,0,1,2,67" ten="299,309,183,209" oya="1" hai0="127,119,120,115,114,92,66,95,22,85,20,5,44" hai1="93,58,36,25,75,46,94,12,35,55,113,121,61" hai2="79,0,16,131,132,26,81,72,74,40,56,47,10" hai3="106,135,91,3,116,43,65,29,110,1,109,125,18"/><U51/><E121/><V42/><F131/><W33/><G91/><T104/><D104/><U71/><E75/><V129/><F129/><W117/><G106/><T7/><D119/><N who="3" m="45641" /><G65/><T9/><D120/><U52/><E113/><N who="0" m="43017" /><D127/><U39/><E12/><V100/><F132/><W30/><G43/><T4/><D66/><U48/><E71/><V8/><F100/><W112/><G112/><T88/><D9/><U50/><E55/><V76/><F56/><W37/><G37/><T31/><D31/><N who="3" m="11785" /><G33/><T28/><D28/><U60/><E35/><V73/><F42/><W23/><G135/><T133/><D133/><U70/><E39/><N who="2" m="21919" /><F76/><W21/><G125/><T69/><D69/><U19/><E70/><V13/><F26/><N who="3" m="14647" /><G23/><N who="0" m="8747" /><D44/><U27/><E36/><V2/><F2/><AGARI ba="0,0" hai="1,2,3,109,110" m="14647,11785,45641" machi="2" ten="30,3900,0" yaku="12,1,34,2" doraHai="67" who="3" fromWho="2" sc="299,0,309,0,183,-39,209,39" /><INIT seed="6,0,0,1,4,102" ten="299,309,144,248" oya="2" hai0="77,72,87,90,16,73,128,101,59,23,15,64,29" hai1="129,35,39,74,24,14,22,127,9,103,38,93,42" hai2="109,135,46,111,33,104,78,94,49,68,91,57,30" hai3="132,52,70,113,119,32,27,41,122,25,130,105,37"/><V4/><F135/><W34/><RYUUKYOKU type="yao9" ba="0,0" sc="299,0,309,0,144,0,248,0" hai3="25,27,32,34,37,41,52,70,105,113,119,122,130,132" /><INIT seed="6,1,0,1,4,72" ten="299,309,144,248" oya="2" hai0="81,31,0,27,80,35,5,92,100,53,46,129,98" hai1="55,94,101,135,9,47,134,51,48,39,123,113,79" hai2="115,60,36,107,86,76,73,110,18,15,49,93,109" hai3="13,125,26,44,59,6,104,41,8,128,33,54,127"/><V62/><F36/><W45/><G104/><T38/><D129/><U30/><E113/><V67/><F107/><W106/><G106/><T22/><D35/><U91/><E123/><V19/><F115/><W102/><G102/><T84/><D0/><U4/><E101/><V75/><F49/><W78/><G128/><T69/><D69/><U14/><E30/><V97/><F15/><W103/><G103/><T77/><D5/><U42/><E79/><V105/><F105/><W57/><G26/><T118/><D118/><U12/><E12/><V88/><F86/><W124/><G33/><T28/><D81/><U116/><E116/><V112/><F112/><W20/><G20/><T133/><D133/><N who="1" m="50699" /><E55/><V1/><F1/><W64/><G78/><T17/><REACH who="0" step="1"/><D53/><REACH who="0" ten="289,309,144,248" step="2"/><U82/><E82/><N who="2" m="45327" /><F75/><W21/><G54/><T65/><D65/><U52/><E52/><V40/><F40/><AGARI ba="1,1" hai="17,22,27,28,31,38,40,46,77,80,84,92,98,100" machi="40" ten="40,2600,0" yaku="1,1,52,1,53,0" doraHai="72" doraHaiUra="29" who="0" fromWho="2" sc="289,39,309,0,144,-29,248,0" /><INIT seed="7,0,0,2,5,41" ten="328,309,115,248" oya="3" hai0="45,18,28,37,66,40,27,109,128,124,8,69,36" hai1="61,50,12,119,4,14,87,131,130,113,76,43,3" hai2="132,54,77,51,55,47,46,17,115,122,57,85,67" hai3="103,94,116,30,120,20,129,91,33,31,83,64,108"/><W97/><G120/><T133/><D109/><U118/><E113/><V123/><F77/><W135/><G116/><N who="1" m="44586" /><E61/><V74/><F74/><W84/><G108/><T23/><D128/><N who="1" m="49195" /><E43/><V6/><F85/><W127/><G129/><T134/><D124/><U121/><E50/><V104/><F104/><W53/><G127/><T90/><D37/><U16/><E121/><V80/><F80/><W89/><G33/><T106/><D106/><U5/><E3/><V24/><F6/><N who="1" m="2665" /><E16/><V65/><F17/><W21/><G135/><N who="0" m="51723" /><D66/><U114/><E114/><V117/><F132/><W86/><G64/><T44/><D44/><U79/><E79/><V125/><F24/><W92/><REACH who="3" step="1"/><G53/><REACH who="3" ten="328,309,115,238" step="2"/><T60/><D69/><U126/><E126/><V107/><F125/><W112/><G112/><T52/><D52/><U75/><E75/><V95/><F115/><W7/><G7/><T82/><D60/><U32/><E32/><V34/><F117/><W42/><G42/><T1/><D1/><U9/><E9/><V71/><F34/><W58/><G58/><T110/><D110/><U96/><E96/><V98/><F71/><W70/><G70/><T10/><D18/><U68/><E68/><V101/><F107/><W105/><G105/><T19/><D19/><U38/><E38/><V111/><F111/><W102/><G102/><T39/><D39/><U11/><E11/><V88/><F101/><W56/><G56/><T0/><D0/><U93/><E76/><V62/><REACH who="2" step="1"/><F67/><REACH who="2" ten="328,309,105,238" step="2"/><W13/><G13/><T72/><D72/><U59/><E59/><V100/><F100/><W48/><G48/><AGARI ba="0,2" hai="46,47,48,51,54,55,57,62,65,88,95,98,122,123" machi="48" ten="40,12000,2" yaku="1,1,6,1,9,1,52,2,54,1,53,0" doraHai="41" doraHaiUra="25" who="2" fromWho="3" sc="328,0,309,0,105,140,238,-120" owari="328,42.8,309,10.9,245,-15.5,118,-38.2" /></mjloggm>