<mjloggm ver="2.3"><GO type="169" lobby="0"/><UN n0="%E3%81%98%E3%82%83%E3%81%99%E3%81%BF%E3%82%93" n1="%E3%81%8D%E3%82%83%E3%83%BC%E3%82%8D%E3%82%93" n2="%E5%B3%B6%E7%94%B0%E7%9C%9F%E5%A4%A2" n3="%E3%82%BF%E3%83%9E%E3%83%8D%E3%82%AE" dan="16,16,16,17" rate="2052.67,2121.29,2148.87,2187.43" sx="M,M,F,M"/><TAIKYOKU oya="0"/><INIT seed="0,0,0,4,2,12" ten="250,250,250,250" oya="0" hai0="125,85,134,112,96,110,5,9,81,54,40,46,99" hai1="88,19,108,127,91,80,47,71,68,114,48,123,73" hai2="31,83,82,20,129,65,1,7,33,102,90,8,117" hai3="37,21,74,126,113,92,101,6,14,135,124,61,27"/><T0/><D112/><U100/><E123/><V78/><F129/><W30/><G37/><T17/><D110/><U11/><E108/><V16/><F117/><W38/><G38/><T34/><D34/><U84/><E127/><N who="3" m="48682" /><G74/><T57/><D134/><U64/><E73/><V107/><F65/><W56/><G113/><T3/><D3/><U28/><E28/><V42/><F42/><W2/><G92/><T15/><D125/><U122/><E100/><V13/><F78/><W72/><G101/><T49/><D0/><U75/><E75/><V103/><F107/><W120/><G72/><T43/><D5/><U53/><E122/><V111/><F111/><W86/><G86/><T50/><REACH who="0" step="1"/><D43/><REACH who="0" ten="240,250,250,250" step="2"/><U95/><E114/><V69/><F7/><W26/><G2/><T24/><D24/><U93/><E64/><V89/><F1/><W32/><G135/><T128/><D128/><U10/><E71/><V79/><F69/><W39/><G6/><T4/><D4/><U51/><E68/><V22/><F33/><W76/><G27/><T77/><AGARI ba="0,1" hai="9,15,17,40,46,49,50,54,57,77,81,85,96,99" machi="77" ten="20,18000,2" yaku="1,1,0,1,7,1,8,1,52,1,53,1" doraHai="12" doraHaiUra="52" who="0" fromWho="0" sc="240,190,250,-60,250,-60,250,-60" /><INIT seed="0,1,0,1,3,57" ten="430,190,190,190" oya="0" hai0="129,88,24,93,63,133,94,16,67,78,101,2,55" hai1="113,64,121,46,72,100,84,27,60,15,92,52,80" hai2="32,38,114,91,105,89,1,83,4,117,13,48,6" hai3="65,17,7,66,73,122,77,45,118,115,70,130,108"/><T5/><D78/><U10/><E121/><V34/><F114/><W103/><G118/><T97/><D133/><U81/><E113/><V112/><F105/><W3/><G115/><T20/><D129/><U47/><E72/><V107/><F112/><W30/><G130/><T50/><D2/><U19/><E27/><V33/><F107/><W0/><G122/><T26/><D5/><U120/><E120/><V43/><F38/><W127/><G30/><T8/><D8/><U54/><E80/><V25/><F1/><W124/><G103/><T131/><D131/><U22/><E22/><V119/><F25/><W126/><G108/><T12/><D67/><N who="3" m="25609" /><G70/><T85/><REACH who="0" step="1"/><D63/><REACH who="0" ten="420,190,190,190" step="2"/><U79/><E64/><V104/><F6/><W111/><G7/><T58/><AGARI ba="1,1" hai="12,16,20,24,26,50,55,58,85,88,93,94,97,101" machi="58" ten="20,24000,3" yaku="1,1,2,1,0,1,7,1,25,2,8,1,54,2,53,0" doraHai="57" doraHaiUra="132" who="0" fromWho="0" sc="420,253,190,-81,190,-81,190,-81" /><INIT seed="0,2,0,0,1,84" ten="673,109,109,109" oya="0" hai0="45,59,12,134,98,72,97,71,123,62,31,96,35" hai1="131,73,94,27,24,91,70,116,69,126,37,41,40" hai2="29,61,5,50,20,107,28,67,105,114,42,14,128" hai3="75,81,47,55,16,49,95,106,103,17,56,36,117"/><T66/><D123/><U18/><E116/><V121/><F121/><W133/><G117/><T76/><D134/><U0/><E73/><V63/><F114/><W23/><G133/><T104/><D59/><U4/><E126/><V120/><F120/><W21/><G106/><T92/><D104/><U93/><E131/><V11/><F128/><W52/><G36/><T110/><D110/><U85/><E18/><N who="3" m="7274" /><G75/><T54/><D12/><U80/><E37/><V3/><F3/><W22/><G81/><T99/><D72/><U113/><E113/><V78/><F105/><W30/><G30/><T46/><D54/><U1/><E85/><V6/><F6/><W32/><G32/><T74/><D76/><U53/><E80/><V13/><F13/><W39/><G39/><T118/><D74/><U112/><E112/><V130/><F107/><W86/><G103/><T111/><D111/><U33/><E53/><V9/><F9/><W102/><G102/><T26/><REACH who="0" step="1"/><D118/><REACH who="0" ten="663,109,109,109" step="2"/><U87/><E1/><V109/><F78/><W60/><G22/><T51/><D51/><U129/><E0/><V89/><F50/><W44/><G47/><T25/><D25/><U135/><E27/><V38/><F20/><W7/><G7/><T8/><D8/><U125/><E4/><V83/><F5/><W77/><G77/><T90/><AGARI ba="2,1" hai="26,31,35,45,46,62,66,71,90,92,96,97,98,99" machi="90" ten="30,11700,0" yaku="1,1,0,1,52,1,53,1" doraHai="84" doraHaiUra="57" who="0" fromWho="0" sc="663,133,109,-41,109,-41,109,-41" /><INIT seed="0,3,0,2,4,97" ten="796,68,68,68" oya="0" hai0="108,96,9,31,77,110,91,26,79,67,32,35,78" hai1="62,132,64,58,53,72,135,11,124,8,18,33,84" hai2="37,71,6,52,121,114,0,109,23,126,111,30,104" hai3="102,19,12,15,7,74,55,98,56,3,127,75,66"/><T106/><D67/><U81/><E72/><V20/><F71/><W2/><G66/><T73/><D9/><U27/><E124/><V70/><F70/><W43/><G43/><T16/><D32/><U120/><E120/><V87/><F104/><W46/><G46/><T129/><D129/><U60/><E33/><V90/><F37/><W103/><G127/><T17/><D73/><U101/><E101/><V44/><F0/><W40/><G40/><T45/><D45/><U47/><E27/><V133/><F121/><W69/><G69/><T34/><D35/><U54/><E47/><V123/><F123/><W5/><G98/><T39/><D39/><U122/><E122/><V57/><F114/><W118/><G19/><T105/><D91/><U88/><E62/><V113/><F113/><W92/><G92/><T119/><D119/><U29/><E29/><V112/><F112/><W128/><G56/><T80/><D80/><U21/><E135/><V125/><F133/><W95/><G95/><T68/><D68/><U36/><E36/><V51/><F126/><W50/><G50/><T131/><D131/><U38/><E38/><V82/><F125/><W100/><G100/><N who="0" m="62599" /><D106/><U49/><E132/><V25/><F6/><W94/><G94/><T130/><D130/><U41/><E41/><V93/><F44/><W14/><G128/><T4/><D4/><U134/><E134/><V86/><REACH who="2" step="1"/><F20/><REACH who="2" ten="796,68,58,68" step="2"/><W115/><G115/><T48/><D34/><U117/><E21/><V83/><F83/><W89/><G2/><T63/><D110/><U1/><E81/><V76/><AGARI ba="3,1" hai="23,25,30,51,52,57,76,82,86,87,90,93,109,111" machi="76" ten="30,7900,0" yaku="1,1,5,1,0,1,54,1,53,0" doraHai="97" doraHaiUra="10" who="2" fromWho="2" sc="796,-42,68,-23,58,98,68,-23" /><INIT seed="1,0,0,3,2,66" ten="754,45,156,45" oya="1" hai0="12,61,76,95,6,37,113,86,38,47,42,57,31" hai1="73,99,16,103,118,106,55,117,65,88,135,34,91" hai2="52,110,35,63,20,119,133,23,92,4,64,27,54" hai3="48,111,130,115,123,124,30,129,58,104,125,69,82"/><U56/><E73/><V14/><F119/><W70/><G123/><T120/><D113/><U71/><E135/><V100/><F110/><W32/><G115/><T22/><D31/><U128/><E34/><V25/><F35/><W134/><G111/><T90/><D76/><U107/><E128/><N who="3" m="49258" /><G104/><T132/><D132/><U105/><E118/><V112/><F112/><W41/><G134/><T15/><D120/><U87/><E117/><V18/><F133/><W11/><G82/><T36/><D6/><U59/><E91/><V127/><F127/><N who="3" m="48715" /><G11/><T7/><D7/><U1/><E1/><V108/><F108/><W0/><G0/><T93/><D95/><U49/><E59/><N who="2" m="36991" /><F4/><W114/><G114/><T116/><D116/><U46/><E56/><V3/><F3/><W10/><G10/><T13/><REACH who="0" step="1"/><D22/><REACH who="0" ten="744,45,156,45" step="2"/><U68/><E107/><V19/><F20/><W122/><G122/><T24/><D24/><U60/><E106/><V39/><F25/><N who="3" m="18511" /><G41/><T26/><D26/><U131/><E131/><V121/><F121/><W109/><G109/><T72/><D72/><U79/><E79/><V9/><F27/><W67/><G67/><AGARI ba="0,1" hai="12,13,15,36,37,38,42,47,57,61,67,86,90,93" machi="67" ten="40,1300,0" yaku="1,1,53,0" doraHai="66" doraHaiUra="98" who="0" fromWho="3" sc="744,23,45,0,156,0,45,-13" /><INIT seed="2,0,0,5,5,9" ten="767,45,156,32" oya="2" hai0="30,86,97,77,62,13,116,68,14,123,87,131,132" hai1="42,80,119,48,20,49,98,105,106,133,122,75,129" hai2="32,128,4,18,64,63,76,103,72,8,113,61,83" hai3="90,60,120,74,84,7,37,41,53,108,35,33,54"/><V92/><F113/><W130/><G120/><T5/><D123/><U96/><E122/><V44/><F32/><W50/><G74/><T1/><D131/><U12/><E119/><V27/><F128/><W17/><G130/><T73/><D132/><U110/><E129/><V114/><F114/><W112/><G112/><T16/><D30/><U93/><E110/><V65/><F44/><W28/><G37/><T81/><D116/><U23/><E93/><V88/><F103/><W82/><G108/><T111/><D111/><U52/><E75/><V43/><F43/><W109/><G109/><T134/><D134/><U34/><E34/><V11/><F27/><W101/><G7/><T57/><D68/><U91/><E42/><V15/><F64/><W66/><G41/><T79/><D1/><U51/><E133/><V102/><F102/><W104/><G17/><T6/><D97/><N who="1" m="37483" /><E106/><V22/><F65/><W89/><G101/><T124/><D124/><U39/><E39/><V126/><F126/><W95/><G104/><T70/><D70/><U78/><E91/><V135/><F135/><W100/><G100/><T36/><D86/><N who="1" m="48407" /><E105/><V115/><F115/><W121/><G121/><T45/><D45/><N who="1" m="27663" /><E23/><V67/><F22/><W40/><G35/><T55/><D14/><U127/><E127/><V38/><F38/><W125/><G125/><T2/><D16/><AGARI ba="0,0" hai="12,16,20,49,51" m="27663,48407,37483" machi="16" ten="30,7700,0" yaku="8,1,52,1,54,2" doraHai="9" who="1" fromWho="0" sc="767,-77,45,77,156,0,32,0" /><INIT seed="3,0,0,5,4,8" ten="690,122,156,32" oya="3" hai0="6,89,12,45,63,43,54,55,74,95,4,21,41" hai1="122,98,19,102,9,59,97,127,66,107,58,134,22" hai2="93,100,61,133,13,7,49,86,17,76,83,60,108" hai3="39,1,131,46,53,75,110,99,116,35,52,118,70"/><W124/><RYUUKYOKU type="yao9" ba="0,0" sc="690,0,122,0,156,0,32,0" hai3="1,35,39,46,52,53,70,75,99,110,116,118,124,131" /><INIT seed="3,1,0,4,1,104" ten="690,122,156,32" oya="3" hai0="47,135,58,64,2,91,18,99,86,133,29,113,51" hai1="93,125,107,82,20,50,130,129,106,92,70,41,76" hai2="114,30,81,11,7,121,4,84,44,127,68,116,12" hai3="115,71,66,27,85,3,15,72,9,101,6,108,77"/><W1/><G115/><T17/><D2/><U53/><E70/><V69/><F116/><W45/><G108/><T132/><D113/><U16/><E41/><V102/><F114/><W39/><G101/><T0/><D0/><U57/><E125/><V74/><F127/><W118/><G118/><T80/><D29/><U110/><E110/><V67/><F67/><W103/><G103/><T8/><D8/><U122/><E122/><V13/><F121/><W40/><G85/><T123/><D123/><U134/><E134/><V55/><F30/><W33/><G27/><T131/><D131/><N who="1" m="50187" /><E106/><V62/><F102/><W78/><G78/><T65/><D99/><U37/><E37/><V36/><F36/><W25/><G25/><T52/><D47/><U98/><E98/><V124/><F124/><W75/><G33/><T14/><D18/><U24/><E107/><V97/><F97/><W60/><REACH who="3" step="1"/><G77/><REACH who="3" ten="690,122,156,22" step="2"/><T63/><D86/><AGARI ba="1,1" hai="16,20,24,50,53,57,76,82,86,92,93" m="50187" machi="86" ten="30,2000,0" yaku="19,1,54,1" doraHai="104" who="1" fromWho="0" sc="690,-23,122,33,156,0,22,0" /><INIT seed="4,0,0,1,4,74" ten="667,155,156,22" oya="0" hai0="50,89,67,17,103,21,19,123,75,70,129,61,20" hai1="127,128,97,29,114,28,78,33,109,37,8,64,60" hai2="134,93,9,84,87,31,118,113,0,42,108,99,24" hai3="51,81,130,110,32,112,10,96,44,7,71,115,104"/><T98/><D123/><U47/><E109/><V122/><F108/><W120/><G110/><T38/><D38/><U56/><E127/><V77/><F122/><W57/><G71/><T45/><D75/><U82/><E128/><V1/><F118/><W26/><G120/><T11/><D89/><U12/><E33/><V6/><F134/><W30/><G130/><T22/><D11/><U106/><E114/><V55/><F1/><W73/><G57/><T79/><D79/><U92/><E106/><V41/><F113/><W65/><G65/><T66/><D67/><U80/><E37/><V4/><F4/><W13/><G96/><T131/><D129/><U72/><E82/><V53/><F42/><W69/><G69/><T107/><D131/><U27/><E27/><V85/><F77/><W52/><REACH who="3" step="1"/><G104/><REACH who="3" ten="667,155,156,12" step="2"/><T135/><D135/><U23/><E56/><V68/><F68/><W46/><G46/><T34/><D98/><U90/><E47/><V100/><REACH who="2" step="1"/><F41/><REACH who="2" ten="667,155,146,12" step="2"/><W35/><G35/><AGARI ba="0,2" hai="0,6,9,24,31,35,53,55,84,85,87,93,99,100" machi="35" ten="40,2600,0" yaku="1,1,2,1,53,0" doraHai="74" doraHaiUra="117" who="2" fromWho="3" sc="667,0,155,0,146,46,12,-26" owari="667,76.7,155,-24.5,192,-0.8,-14,-51.4" /></mjloggm>