<mjloggm ver="2.3"><GO type="169" lobby="0"/><UN n0="%E6%A9%98%E3%83%AF%E3%83%AB%E3%83%84" n1="%E3%81%93%E3%82%8D%E3%81%86%E3%81%BE%E3%82%8B" n2="%53%69%6C%65%6E%54" n3="%41%72%64%62%65%47" dan="16,16,16,16" rate="2131.57,2056.09,2158.42,2021.76" sx="M,M,F,M"/><TAIKYOKU oya="0"/><INIT seed="0,0,0,0,3,43" ten="250,250,250,250" oya="0" hai0="75,9,28,3,54,41,58,87,81,117,24,34,86" hai1="112,101,89,102,70,115,63,29,55,1,124,131,134" hai2="59,125,83,7,52,122,62,104,61,27,106,133,60" hai3="33,2,44,128,42,32,26,129,88,17,99,47,10"/><T48/><D117/><U0/><E29/><V18/><F122/><W14/><G2/><T35/><D35/><U30/><E30/><V19/><F125/><W113/><G113/><N who="1" m="43594" /><E124/><V123/><F123/><W45/><G42/><T82/><D75/><U130/><E89/><V11/><F133/><W37/><G37/><T79/><D41/><U21/><E21/><V127/><F83/><W66/><G66/><T67/><D67/><N who="1" m="41343" /><E134/><V90/><F90/><W22/><G99/><T76/><D9/><U126/><E126/><V8/><F27/><W31/><REACH who="3" step="1"/><G88/><REACH who="3" ten="250,250,250,240" step="2"/><T84/><D84/><U51/><E0/><AGARI ba="0,1" hai="0,3,24,28,34,48,54,58,76,79,81,82,86,87" machi="0" ten="40,2000,0" yaku="9,1" doraHai="43" who="0" fromWho="1" sc="250,30,250,-20,250,0,240,0" /><INIT seed="0,1,0,1,4,39" ten="280,230,250,240" oya="0" hai0="77,47,90,76,1,52,97,49,18,5,84,66,56" hai1="121,103,19,42,114,88,130,48,93,129,43,11,45" hai2="20,112,123,41,57,101,80,7,91,94,111,0,54" hai3="126,79,134,70,10,85,13,132,108,35,71,14,58"/><T46/><D1/><U31/><E121/><V37/><F123/><W38/><G35/><T115/><D115/><U6/><E114/><V12/><F112/><W116/><G116/><T63/><D5/><U100/><E19/><V96/><F111/><W32/><G32/><T73/><D97/><U87/><E31/><V117/><F117/><W98/><G38/><T104/><D104/><U127/><E127/><V64/><F64/><W69/><G126/><T50/><D18/><U124/><E124/><V113/><F113/><W51/><G108/><T78/><D73/><U120/><E120/><V25/><F0/><W36/><G98/><T99/><D99/><U15/><REACH who="1" step="1"/><E42/><REACH who="1" ten="280,220,250,240" step="2"/><V9/><F41/><W59/><G134/><T131/><D131/><AGARI ba="1,1" hai="6,11,15,43,45,48,87,88,93,100,103,129,130,131" machi="131" ten="40,12000,2" yaku="1,1,2,1,19,1,52,1,54,1,53,1" doraHai="39" doraHaiUra="40" who="1" fromWho="0" sc="280,-123,220,133,250,0,240,0" /><INIT seed="1,0,0,4,4,133" ten="157,353,250,240" oya="1" hai0="75,131,71,65,107,3,56,58,1,8,117,85,14" hai1="94,93,33,95,100,64,96,15,17,119,83,104,122" hai2="44,40,6,0,116,109,23,53,35,61,5,82,51" hai3="59,42,52,97,134,46,102,88,18,26,126,99,86"/><U27/><E119/><V110/><F35/><W45/><G126/><T130/><D75/><U127/><E122/><V19/><F116/><W11/><G134/><T63/><D117/><U91/><E64/><V103/><F103/><W13/><G26/><T101/><D85/><U62/><E62/><V67/><F82/><W108/><G108/><N who="2" m="41577" /><F0/><W124/><G124/><T39/><D39/><U68/><E68/><N who="2" m="42095" /><F40/><W55/><G45/><T114/><D114/><U47/><E83/><V41/><F41/><W112/><G112/><T29/><D29/><U84/><E47/><V31/><F31/><W66/><G66/><T89/><D89/><U60/><E127/><V115/><F115/><W48/><G102/><T9/><D101/><U57/><E33/><V12/><AGARI ba="0,0" hai="5,6,12,19,23,44,51,53" m="42095,41577" machi="12" ten="30,1100,0" yaku="14,1" doraHai="133" who="2" fromWho="2" sc="157,-3,353,-5,250,11,240,-3" /><INIT seed="2,0,0,2,3,56" ten="154,348,261,237" oya="2" hai0="98,86,105,13,107,126,46,81,118,75,132,17,52" hai1="48,85,11,50,88,0,30,111,82,57,33,29,64" hai2="125,47,6,27,20,109,19,58,127,135,36,95,108" hai3="102,92,22,26,14,34,89,65,44,104,15,70,61"/><V66/><F135/><W7/><G34/><T45/><D132/><U59/><E111/><N who="2" m="42571" /><F6/><W12/><G104/><T90/><D118/><U79/><E33/><V99/><F47/><W71/><G102/><T83/><D126/><N who="2" m="48138" /><F36/><W23/><G71/><T42/><D98/><U124/><E124/><V25/><F66/><W94/><G44/><T69/><D83/><U103/><E64/><V96/><F58/><W5/><G94/><T129/><D75/><U51/><E59/><V31/><F95/><W114/><G114/><T87/><D129/><U2/><E57/><V74/><F74/><W101/><G92/><T41/><D69/><U18/><E0/><V62/><F62/><W8/><G61/><T80/><D107/><U123/><E48/><V68/><F68/><W10/><G65/><T131/><D105/><U37/><E50/><V110/><N who="2" m="42579" /><V24/><DORA hai="115" /><F31/><W39/><G39/><T3/><D3/><U84/><E30/><V78/><F78/><W100/><G70/><T9/><D131/><U116/><E79/><V72/><F72/><W73/><G73/><T1/><D1/><U35/><E51/><V128/><F128/><W4/><G4/><T38/><D38/><U43/><E37/><V76/><F76/><W40/><G5/><T54/><D46/><U113/><E29/><V67/><F67/><W122/><G7/><T133/><D133/><U49/><E49/><V28/><F28/><W55/><G8/><T32/><D32/><U134/><E35/><V53/><F53/><N who="0" m="20586" /><D45/><U112/><E134/><V60/><F60/><W63/><G55/><RYUUKYOKU ba="0,0" sc="154,15,348,-15,261,15,237,-15" hai0="9,13,17,41,42,80,81,86,87,90" hai2="19,20,24,25,27,96,99" /><INIT seed="2,1,0,4,4,67" ten="169,333,276,222" oya="2" hai0="118,93,6,126,121,21,70,29,96,78,25,44,98" hai1="89,91,9,130,99,133,19,16,15,20,53,77,64" hai2="65,8,42,3,39,112,52,28,69,59,26,47,75" hai3="55,37,58,61,73,108,5,57,23,22,125,30,74"/><V50/><F75/><W131/><G37/><T11/><D121/><U62/><E133/><V54/><F112/><W128/><G108/><T103/><D118/><U85/><E130/><N who="3" m="49706" /><G125/><T40/><D126/><U82/><E53/><N who="2" m="32183" /><F8/><W79/><G5/><T113/><D113/><U119/><E99/><V107/><F3/><W17/><G79/><T32/><D98/><U27/><REACH who="1" step="1"/><E119/><REACH who="1" ten="169,323,276,222" step="2"/><V24/><F54/><W86/><G55/><T45/><D40/><U13/><E13/><V46/><F26/><W76/><G73/><T135/><D135/><U94/><E94/><V12/><F12/><W88/><G74/><T122/><D122/><U71/><AGARI ba="1,1" hai="9,15,16,19,20,27,62,64,71,77,82,85,89,91" machi="71" ten="20,8000,1" yaku="1,1,0,1,7,1,52,1,54,1,53,0" doraHai="67" doraHaiUra="101" who="1" fromWho="1" sc="169,-21,323,93,276,-41,222,-21" /><INIT seed="3,0,0,5,0,24" ten="148,416,235,201" oya="3" hai0="135,100,50,118,132,93,12,10,90,6,75,133,71" hai1="111,51,49,52,102,101,40,72,79,92,44,55,76" hai2="26,57,59,70,39,108,114,91,17,104,42,128,54" hai3="4,8,30,69,80,131,47,3,56,19,25,112,134"/><W45/><G112/><T83/><D71/><U78/><E111/><V58/><F108/><W27/><G69/><T68/><D68/><U85/><E72/><V98/><F114/><W77/><G131/><T99/><D118/><U31/><E31/><V48/><F128/><W119/><G119/><T82/><D75/><U109/><E109/><V11/><F39/><W105/><G105/><T53/><REACH who="0" step="1"/><D100/><REACH who="0" ten="138,416,235,201" step="2"/><U94/><E102/><V84/><F70/><W89/><G134/><T73/><D73/><U125/><E101/><V0/><F104/><W115/><G115/><T97/><D97/><U88/><E125/><V129/><F98/><W123/><G123/><T41/><D41/><U81/><REACH who="1" step="1"/><E40/><REACH who="1" ten="138,406,235,201" step="2"/><V46/><F42/><W63/><G89/><T32/><D32/><U67/><E67/><V64/><F91/><W95/><G77/><T33/><D33/><U74/><E74/><V13/><F64/><W18/><G80/><T2/><D2/><U60/><E60/><V62/><F0/><W35/><G63/><T7/><D7/><U116/><E116/><V87/><F62/><W43/><G43/><T103/><D103/><U29/><E29/><V16/><F129/><W66/><G66/><T5/><D5/><U106/><E106/><V34/><F34/><W61/><G61/><T1/><D1/><U36/><E36/><V22/><AGARI ba="0,2" hai="11,13,16,17,22,26,46,48,54,57,58,59,84,87" machi="22" ten="30,4000,0" yaku="0,1,8,1,54,1" doraHai="24" who="2" fromWho="2" sc="138,-10,406,-10,235,60,201,-20" /><INIT seed="4,0,0,1,0,133" ten="128,396,295,181" oya="0" hai0="119,99,38,89,97,121,88,42,109,57,28,130,75" hai1="95,17,44,11,55,36,7,46,70,132,16,90,114" hai2="23,94,8,84,52,40,4,51,66,13,67,82,65" hai3="80,123,54,129,106,12,45,58,76,24,68,14,33"/><T30/><D121/><U2/><E70/><V107/><F107/><W39/><G68/><T104/><D119/><U21/><E132/><V131/><F131/><W105/><G129/><T3/><D3/><U87/><E114/><V135/><F135/><W117/><G117/><T56/><D130/><U25/><E36/><V110/><F110/><W98/><G106/><T61/><D104/><U83/><E55/><V20/><F94/><W64/><G64/><T112/><D75/><U48/><E48/><V79/><REACH who="2" step="1"/><F40/><REACH who="2" ten="128,396,285,181" step="2"/><W127/><G105/><T32/><D109/><U71/><E71/><V9/><F9/><W18/><G123/><T78/><D42/><U113/><E113/><V118/><F118/><W77/><G80/><T92/><D112/><U72/><E95/><V93/><F93/><W124/><G76/><T60/><D92/><U47/><REACH who="1" step="1"/><E72/><REACH who="1" ten="128,386,285,181" step="2"/><V43/><F43/><W69/><G69/><T41/><D41/><U125/><E125/><V62/><F62/><W34/><G127/><T73/><D73/><U91/><E91/><V0/><F0/><W5/><G124/><T15/><D78/><U96/><E96/><V122/><F122/><W115/><G98/><T85/><D38/><U101/><E101/><V31/><F31/><AGARI ba="0,2" hai="2,7,11,16,17,21,25,31,44,46,47,83,87,90" machi="31" ten="40,5200,0" yaku="1,1,54,1,53,1" doraHai="133" doraHaiUra="86" who="1" fromWho="2" sc="128,0,386,72,285,-52,181,0" /><INIT seed="5,0,0,0,4,54" ten="128,458,233,181" oya="1" hai0="99,46,59,85,52,122,48,2,106,113,81,76,87" hai1="22,91,50,121,104,98,34,11,107,21,28,4,130" hai2="73,102,100,57,43,128,36,14,55,58,42,38,13" hai3="9,3,133,103,80,63,127,75,110,32,41,56,125"/><U33/><E121/><V82/><F55/><W39/><G110/><T112/><D2/><U111/><E130/><V119/><F82/><W16/><G32/><T0/><D0/><U131/><E98/><V78/><F78/><W10/><G3/><T70/><D70/><U118/><E91/><V109/><F73/><W26/><G133/><T19/><D122/><U37/><E50/><V96/><F96/><W27/><G103/><T86/><D19/><U95/><E95/><V60/><F60/><W47/><G80/><T123/><D123/><U25/><E37/><V84/><F84/><W120/><G75/><T88/><D46/><U23/><E104/><V92/><F92/><W94/><G94/><N who="0" m="56775" /><D106/><U79/><E34/><V15/><F119/><W83/><G120/><T7/><D7/><U31/><E33/><V5/><F5/><W49/><G39/><N who="2" m="14889" /><F109/><W105/><G105/><T53/><D53/><U71/><E4/><V8/><F8/><W93/><G9/><T45/><D45/><U68/><E11/><V124/><F124/><N who="3" m="47691" /><G93/><T72/><D72/><U90/><E111/><V89/><F89/><W18/><G83/><T35/><D35/><U44/><E90/><V67/><F128/><W117/><G117/><T66/><D66/><U24/><E131/><V6/><F67/><N who="3" m="39399" /><G18/><T61/><D61/><U1/><E107/><V115/><F6/><W101/><G101/><N who="2" m="39017" /><F115/><N who="0" m="44106" /><D76/><U126/><E79/><V69/><F69/><N who="1" m="26697" /><E126/><V12/><N who="2" m="3072" /><DORA hai="51" /><V40/><AGARI ba="0,0" hai="40,42,43,57,58" m="3072,39017,14889" machi="40" ten="50,8000,1" yaku="4,1,28,2,52,2" doraHai="54,51" who="2" fromWho="2" sc="128,-20,458,-40,233,80,181,-20" /><INIT seed="6,0,0,2,4,11" ten="108,418,313,161" oya="2" hai0="92,68,2,93,128,83,74,90,124,32,51,84,86" hai1="24,12,82,66,61,58,133,113,121,18,34,127,45" hai2="109,102,22,47,96,26,79,43,75,122,4,112,77" hai3="72,89,73,41,13,30,8,53,123,126,103,55,0"/><V54/><F109/><W107/><G123/><T132/><D2/><U44/><E113/><V46/><F122/><W110/><G110/><T91/><D32/><U97/><E127/><V21/><F4/><W17/><G0/><T101/><D68/><U39/><E133/><V28/><F112/><W14/><G41/><T42/><D132/><U115/><E115/><V81/><F77/><W59/><G30/><T135/><D135/><U29/><E121/><V116/><F116/><W33/><G33/><T104/><D51/><U67/><E67/><V62/><F62/><W129/><G55/><T78/><D42/><U50/><E39/><V63/><F63/><W7/><G89/><T118/><D128/><U131/><E131/><V94/><F54/><W70/><G70/><T71/><D71/><U16/><E97/><V10/><F10/><W98/><G126/><T15/><D15/><U60/><E60/><V87/><F75/><W35/><G35/><T108/><D108/><U40/><E82/><V111/><F111/><W130/><G130/><T37/><D37/><U125/><E125/><V85/><F43/><W23/><G129/><T57/><D57/><U27/><E40/><V31/><F87/><W38/><G38/><T48/><D48/><AGARI ba="0,0" hai="7,8,13,14,17,23,48,53,59,72,73,98,103,107" machi="48" ten="30,3900,0" yaku="7,1,52,2" doraHai="11" who="3" fromWho="0" sc="108,-39,418,0,313,0,161,39" /><INIT seed="7,0,0,4,2,106" ten="69,418,313,200" oya="3" hai0="57,97,96,92,125,120,84,33,108,65,60,24,135" hai1="102,116,98,117,50,29,6,64,110,26,16,67,122" hai2="14,80,133,107,53,68,8,45,134,63,21,2,58" hai3="46,59,54,105,123,40,55,73,104,76,5,35,34"/><W9/><G123/><T47/><D120/><U4/><E122/><V20/><F107/><W83/><G105/><T17/><D108/><U101/><E110/><V91/><F2/><W128/><G104/><T121/><D121/><U28/><E16/><N who="2" m="8263" /><F68/><W19/><G19/><T89/><D135/><N who="2" m="51722" /><F45/><W52/><G59/><T119/><D125/><U113/><E113/><V70/><F70/><W27/><G27/><T18/><D33/><U103/><E50/><V118/><F118/><N who="1" m="45673" /><E98/><V62/><F62/><W130/><G35/><T75/><D75/><U48/><E48/><V31/><F31/><N who="1" m="11849" /><E26/><V72/><F72/><W49/><REACH who="3" step="1"/><G34/><REACH who="3" ten="69,418,313,190" step="2"/><T109/><D119/><U43/><E4/><V39/><F58/><W0/><AGARI ba="0,1" hai="0,5,9,40,46,49,52,54,55,73,76,83,128,130" machi="0" ten="30,12000,1" yaku="1,1,2,1,0,1,52,1,54,1,53,0" doraHai="106" doraHaiUra="15" who="3" fromWho="3" sc="69,-40,418,-40,313,-40,190,130" /><INIT seed="7,1,0,1,3,11" ten="29,378,273,320" oya="3" hai0="118,34,49,104,31,71,106,52,24,131,73,80,46" hai1="123,132,40,13,76,3,64,57,93,135,130,44,105" hai2="29,67,108,101,63,32,37,79,92,4,112,75,134" hai3="53,102,119,100,12,94,98,1,95,19,20,115,66"/><W127/><G119/><T77/><D52/><U45/><E123/><V111/><F112/><W68/><G115/><T85/><D49/><U82/><E130/><V30/><F134/><N who="1" m="51241" /><E105/><V14/><F37/><W96/><G127/><T2/><D85/><N who="1" m="48327" /><E3/><V125/><F125/><W69/><G1/><T26/><D26/><U86/><E13/><V83/><F32/><W129/><G129/><T110/><D131/><U107/><E107/><V116/><F116/><W97/><G66/><T117/><D110/><U121/><E121/><V23/><F108/><W38/><G38/><T91/><D91/><N who="1" m="53495" /><E40/><V122/><F111/><W114/><G114/><T48/><D118/><U89/><E89/><V81/><F81/><W27/><G98/><T124/><D124/><U84/><E84/><V90/><F101/><W109/><G109/><T72/><D72/><U16/><E16/><V5/><F122/><W0/><G0/><T43/><D117/><U22/><E22/><V8/><F23/><W70/><REACH who="3" step="1"/><G53/><REACH who="3" ten="29,378,273,310" step="2"/><T59/><D2/><U6/><E6/><V120/><F120/><W25/><AGARI ba="1,1" hai="12,19,20,25,27,68,69,70,94,95,96,97,100,102" machi="25" ten="40,12000,1" yaku="1,1,2,1,0,1,9,1,52,1,53,0" doraHai="11" doraHaiUra="7" who="3" fromWho="3" sc="29,-41,378,-41,273,-41,310,133" owari="-12,-51.2,337,13.7,232,-16.8,443,54.3" /></mjloggm>