<mjloggm ver="2.3"><GO type="169" lobby="0"/><UN n0="%E7%99%BD%E3%81%AE%E7%A9%BA" n1="%61%6D%61%69%6B%61" n2="%E6%9D%B1%E4%BA%AC%E9%9B%BB%E5%8A%9B" n3="%41%4C%50%45%52%49%4E" dan="17,17,17,16" rate="2153.54,2196.06,2214.24,2138.17" sx="M,M,M,M"/><TAIKYOKU oya="0"/><INIT seed="0,0,0,2,2,105" ten="250,250,250,250" oya="0" hai0="58,27,132,121,109,112,68,83,114,62,41,43,129" hai1="37,135,7,93,49,2,24,8,69,70,75,95,102" hai2="21,51,76,85,130,79,127,90,128,57,125,0,63" hai3="89,100,107,126,32,3,25,38,124,66,120,71,14"/><T29/><D121/><U44/><E135/><V131/><F0/><W34/><G14/><T4/><D132/><U55/><E24/><V26/><F51/><W31/><G89/><T106/><D129/><U47/><E102/><V22/><F76/><W17/><G17/><T108/><D106/><U52/><E75/><V104/><F79/><W23/><G120/><T35/><D68/><U111/><E111/><N who="0" m="42569" /><D4/><U101/><E101/><V98/><F98/><N who="3" m="61847" /><G38/><T118/><D118/><U39/><E39/><V18/><F22/><W1/><G23/><T72/><D43/><U50/><REACH who="1" step="1"/><E37/><REACH who="1" ten="250,240,250,250" step="2"/><V113/><F104/><W81/><G32/><T48/><D112/><U13/><E13/><V12/><F12/><W42/><G34/><T73/><D114/><U56/><E56/><V84/><F113/><W65/><G25/><T74/><D83/><U16/><E16/><V40/><F18/><W19/><G81/><T5/><D5/><U97/><E97/><V78/><F26/><W88/><G19/><T87/><D87/><U133/><E133/><V110/><F110/><W46/><G3/><T9/><D9/><U11/><E11/><V117/><F130/><W123/><G1/><T122/><D122/><U119/><E119/><V103/><F117/><W96/><G123/><T115/><D115/><U80/><E80/><V45/><F131/><W116/><G96/><T67/><D73/><U64/><E64/><V6/><F128/><W82/><G116/><T99/><D99/><U10/><E10/><V77/><F6/><W91/><G82/><T20/><D35/><U94/><AGARI ba="0,1" hai="2,7,8,44,47,49,50,52,55,69,70,93,94,95" machi="94" ten="30,8000,1" yaku="1,1,5,1,0,1,9,1,54,1,53,0" doraHai="105" doraHaiUra="86" who="1" fromWho="1" sc="250,-40,240,90,250,-20,250,-20" /><INIT seed="1,0,0,0,1,75" ten="210,330,230,230" oya="1" hai0="30,14,32,123,24,22,112,0,114,76,51,103,131" hai1="122,66,62,46,26,125,56,119,4,79,120,59,110" hai2="49,13,81,12,7,101,134,72,52,97,135,11,107" hai3="43,63,93,88,104,95,69,73,61,126,98,21,127"/><U48/><E119/><V18/><F72/><W29/><G104/><T3/><D103/><U108/><E4/><V78/><F81/><W118/><G118/><T20/><D51/><U102/><E102/><V94/><F107/><W91/><G73/><T67/><D67/><U41/><E26/><V115/><F115/><W10/><G43/><T23/><D76/><U27/><E27/><V60/><F60/><W37/><G37/><T109/><D109/><N who="1" m="42091" /><E79/><V42/><F42/><W50/><G50/><T96/><D96/><U85/><E85/><V25/><F25/><N who="3" m="16559" /><G10/><T8/><D131/><U121/><E125/><N who="3" m="47626" /><G69/><AGARI ba="0,0" hai="41,46,48,56,59,62,66,69,120,121,122" m="42091" machi="69" ten="40,12000,1" yaku="14,1,10,1,34,2" doraHai="75" who="1" fromWho="3" sc="210,0,330,120,230,0,230,-120" /><INIT seed="1,1,0,2,5,129" ten="210,450,230,110" oya="1" hai0="26,86,45,6,85,132,70,69,77,102,24,46,73" hai1="19,93,8,117,121,88,78,125,92,87,135,80,48" hai2="127,114,66,21,109,35,74,104,134,59,72,50,96" hai3="110,33,11,119,75,47,10,95,116,113,32,133,28"/><U53/><E117/><N who="3" m="45130" /><G75/><T128/><D128/><U71/><E71/><V111/><F35/><N who="3" m="13387" /><G113/><T130/><D130/><U115/><E121/><V64/><F114/><W65/><G65/><T106/><D73/><U101/><E135/><V112/><F112/><W2/><G95/><T13/><D106/><U29/><E125/><V4/><F104/><W54/><G54/><T5/><D102/><U58/><E115/><V36/><F64/><W76/><G47/><T122/><D77/><U27/><E101/><V3/><F66/><W38/><G76/><T97/><D97/><U108/><E108/><V22/><F59/><W123/><G38/><T9/><D122/><U25/><E29/><V98/><F36/><W83/><G83/><T120/><D120/><U131/><E92/><V18/><F50/><W89/><G89/><T84/><D84/><U39/><E39/><V43/><F98/><W57/><G57/><T44/><D44/><U0/><E131/><V107/><F107/><W94/><G94/><T90/><D90/><U1/><E1/><V15/><F74/><W20/><G123/><T12/><REACH who="0" step="1"/><D9/><REACH who="0" ten="200,450,230,110" step="2"/><N who="3" m="3081" /><G110/><T7/><D7/><U40/><E78/><V41/><F111/><W14/><G2/><T126/><D126/><U37/><E0/><V30/><F127/><W49/><G133/><AGARI ba="1,1" hai="5,6,12,13,24,26,45,46,69,70,85,86,132,133" machi="133" ten="25,8000,1" yaku="1,1,22,2,52,2,53,0" doraHai="129" doraHaiUra="61" who="0" fromWho="3" sc="200,93,450,0,230,0,110,-83" /><INIT seed="2,0,0,5,3,125" ten="293,450,230,27" oya="2" hai0="128,2,49,1,21,98,121,115,79,7,114,59,53" hai1="123,113,120,105,6,106,31,58,72,134,85,57,22" hai2="30,65,12,112,104,100,51,132,116,63,133,135,129" hai3="80,97,119,109,4,126,17,87,50,48,130,82,56"/><V8/><F116/><W77/><G119/><T25/><D121/><U76/><E72/><V67/><F112/><W46/><G126/><T26/><D79/><U117/><E113/><V37/><F37/><W61/><G109/><T15/><D128/><U54/><E117/><V47/><F30/><W93/><G4/><T107/><D15/><U99/><E6/><V96/><F63/><W14/><G130/><T28/><D26/><U81/><E134/><V52/><REACH who="2" step="1"/><F129/><REACH who="2" ten="293,450,220,27" step="2"/><W74/><G74/><T44/><D115/><U101/><E31/><V19/><AGARI ba="0,1" hai="8,12,19,47,51,52,65,67,96,100,104,132,133,135" machi="19" ten="30,18000,2" yaku="1,1,2,1,0,1,20,1,54,1,53,1" doraHai="125" doraHaiUra="41" who="2" fromWho="2" sc="293,-60,450,-60,220,190,27,-60" owari="233,-16.7,390,19.0,410,51.0,-33,-53.3" /></mjloggm>