<mjloggm ver="2.3"><GO type="169" lobby="0"/><UN n0="%E5%8F%A4%E6%96%AF%E5%A1%94%E5%A4%AB%E4%BA%8C%E4%B8%96" n1="%E3%83%AA%E3%83%84%E3%83%9F%E3%82%B5%E3%83%B3" n2="%E5%9B%BA%E3%82%86%E3%81%A7%E5%8D%B5" n3="%74%61%6B%65%33" dan="16,17,16,17" rate="2124.21,2233.30,2157.46,2210.39" sx="M,M,M,M"/><TAIKYOKU oya="0"/><INIT seed="0,0,0,4,1,37" ten="250,250,250,250" oya="0" hai0="134,44,110,22,16,70,17,18,105,25,36,43,84" hai1="115,128,135,82,56,51,19,41,90,29,95,14,49" hai2="57,78,8,79,4,87,101,5,60,24,89,58,66" hai3="10,61,81,52,47,112,65,76,9,114,0,123,132"/><T23/><D134/><U92/><E128/><V63/><F101/><W20/><G132/><T127/><D127/><U113/><E29/><V50/><F24/><W62/><G123/><T13/><D110/><U74/><E135/><V80/><F50/><W88/><G0/><T97/><D70/><U21/><E74/><V45/><F45/><W31/><G114/><T1/><D1/><U59/><E82/><V6/><REACH who="2" step="1"/><F8/><REACH who="2" ten="250,250,240,250" step="2"/><W67/><G9/><T32/><D32/><U119/><E51/><V125/><F125/><W102/><G10/><T54/><D54/><AGARI ba="0,1" hai="4,5,6,54,57,58,60,63,66,78,79,80,87,89" machi="54" ten="40,2600,0" yaku="1,1,8,1,53,0" doraHai="37" doraHaiUra="68" who="2" fromWho="0" sc="250,-26,250,0,240,36,250,0" /><INIT seed="1,0,0,5,2,125" ten="224,250,276,250" oya="1" hai0="45,51,9,86,89,118,46,78,1,36,49,85,53" hai1="21,135,66,120,28,15,4,105,75,133,32,62,84" hai2="80,67,112,79,98,12,59,96,117,65,50,116,25" hai3="39,131,102,113,77,129,99,7,82,29,108,61,26"/><U48/><E75/><V38/><F38/><W17/><G113/><T132/><D118/><U33/><E120/><V104/><F112/><W14/><G39/><T27/><D132/><U13/><E105/><V114/><F114/><W97/><G7/><T18/><D1/><U134/><E48/><V37/><F37/><W127/><G61/><T92/><D36/><U42/><E42/><V24/><F104/><W121/><G121/><T43/><D78/><U126/><E84/><V91/><F117/><W3/><G3/><T73/><D73/><U41/><E41/><V124/><F124/><W58/><G58/><T106/><D106/><U55/><E55/><V63/><F67/><W16/><G127/><T128/><D128/><N who="3" m="49225" /><G108/><T119/><D119/><U56/><E126/><V19/><F50/><W122/><G122/><T110/><D110/><U111/><E111/><V47/><F116/><W87/><G14/><N who="1" m="5130" /><E4/><V11/><F59/><W10/><G10/><T31/><D9/><U54/><E66/><V103/><F63/><W101/><G99/><T57/><D57/><U90/><E90/><V70/><F91/><W23/><G102/><T34/><D89/><U52/><E54/><V83/><F103/><W40/><G40/><T71/><D43/><U68/><E68/><V6/><F70/><W81/><G82/><T30/><D71/><U20/><E33/><V60/><F83/><W107/><AGARI ba="0,0" hai="16,17,23,26,29,77,81,87,97,101,107" m="49225" machi="107" ten="30,8000,1" yaku="19,1,52,3,54,1" doraHai="125" who="3" fromWho="3" sc="224,-20,250,-40,276,-20,250,80" /><INIT seed="2,0,0,5,4,12" ten="204,210,256,330" oya="2" hai0="26,56,81,25,79,59,44,72,37,64,16,31,109" hai1="49,92,113,77,82,71,20,116,23,33,73,94,123" hai2="13,110,60,36,28,99,103,107,105,126,61,41,35" hai3="39,76,115,112,101,87,89,91,19,98,122,34,86"/><V83/><F126/><W88/><G34/><T42/><D109/><U67/><E33/><V47/><F110/><W32/><G32/><T2/><D2/><U9/><E113/><N who="3" m="43594" /><G39/><T29/><D64/><U17/><E116/><V133/><F133/><W51/><G51/><T93/><D93/><U131/><E131/><V4/><F107/><N who="3" m="63927" /><G122/><T102/><D102/><U50/><E73/><V104/><F105/><W18/><G76/><T27/><D31/><U1/><E77/><V52/><F83/><N who="3" m="49247" /><G91/><T54/><D29/><U14/><E50/><V6/><F28/><W90/><G90/><T132/><D132/><U66/><E49/><V24/><F35/><W96/><G96/><T117/><D117/><U46/><E123/><V74/><F36/><W120/><G120/><T135/><D135/><U95/><E95/><AGARI ba="0,0" hai="18,19,87,89,95" m="49247,63927,43594" machi="95" ten="30,7700,0" yaku="11,1,52,2,54,1" doraHai="12" who="3" fromWho="1" sc="204,0,210,-77,256,0,330,77" /><INIT seed="3,0,0,1,3,101" ten="204,133,256,407" oya="3" hai0="100,33,125,35,30,5,64,89,62,50,118,109,124" hai1="92,105,51,36,135,45,16,41,99,117,133,131,20" hai2="27,6,19,116,134,128,95,113,9,66,112,1,8" hai3="106,121,91,57,83,122,37,13,81,54,72,85,110"/><W96/><G37/><T34/><D118/><U80/><E117/><V12/><F66/><W18/><G110/><T97/><D109/><U21/><E131/><V79/><F79/><W7/><G7/><T60/><D89/><U49/><E21/><V24/><F95/><W94/><G72/><T3/><D50/><U119/><E80/><V65/><F65/><W22/><G106/><N who="0" m="63759" /><D62/><U43/><E119/><V42/><F42/><W114/><G114/><T39/><D39/><U98/><E92/><V56/><F56/><W26/><G13/><T111/><D111/><U88/><E88/><V107/><F107/><W55/><G55/><T102/><D102/><U73/><E73/><V32/><F116/><W40/><G40/><T86/><D86/><U15/><E36/><V25/><F128/><W93/><G93/><T52/><D52/><U70/><E70/><V10/><F32/><W129/><G129/><T38/><D38/><U132/><E105/><V126/><F126/><N who="0" m="48746" /><D5/><U104/><E104/><V14/><REACH who="2" step="1"/><F134/><REACH who="2" ten="204,133,246,407" step="2"/><W78/><REACH who="3" step="1"/><G83/><REACH who="3" ten="204,133,246,397" step="2"/><T127/><D127/><U17/><E43/><V115/><F115/><W76/><G76/><T11/><D64/><U68/><E41/><V75/><F75/><W2/><G2/><T84/><D3/><U130/><E130/><V23/><F23/><W82/><G82/><T28/><D84/><U74/><E74/><V77/><F77/><W103/><G103/><T47/><D11/><U67/><E133/><V90/><F90/><W44/><G44/><T31/><D47/><U123/><E45/><V87/><F87/><W46/><G46/><RYUUKYOKU ba="0,2" sc="204,10,133,-30,246,10,397,10" hai0="28,30,31,33,34,35,60" hai2="1,6,8,9,10,12,14,19,24,25,27,112,113" hai3="18,22,26,54,57,78,81,85,91,94,96,121,122" /><INIT seed="3,1,2,3,5,104" ten="214,103,256,407" oya="3" hai0="95,65,117,132,49,21,58,68,110,61,71,66,122" hai1="87,98,119,52,103,27,39,6,16,31,113,92,37" hai2="55,81,8,121,28,62,126,3,130,109,88,18,40" hai3="25,22,78,72,30,33,105,85,5,115,45,112,43"/><W77/><G105/><T67/><D117/><U20/><E113/><V107/><F126/><W24/><G5/><T89/><D122/><U94/><E119/><V116/><F116/><W32/><G85/><T84/><D132/><U91/><E6/><V10/><F121/><W47/><G22/><T51/><D110/><U4/><E4/><V75/><F109/><W125/><G43/><T29/><D29/><U80/><E31/><V108/><F108/><W64/><G30/><T9/><D21/><U54/><E39/><V15/><F107/><W7/><G7/><T11/><D71/><U50/><E37/><V34/><F130/><W120/><G64/><N who="0" m="24683" /><D68/><U79/><REACH who="1" step="1"/><E50/><AGARI ba="1,2" hai="9,11,49,50,51,58,61,67,84,89,95" m="24683" machi="50" ten="30,1000,0" yaku="8,1" doraHai="104" who="0" fromWho="1" sc="214,33,103,-13,256,0,407,0" /><INIT seed="4,0,0,3,3,128" ten="247,90,256,407" oya="0" hai0="130,83,115,80,58,84,61,118,100,131,126,134,99" hai1="74,32,129,25,9,70,135,7,78,50,8,35,121" hai2="34,67,76,12,132,96,119,11,72,97,41,46,24" hai3="56,39,124,21,110,57,2,59,86,98,82,66,109"/><T23/><D118/><U117/><E70/><V77/><F119/><W102/><G39/><T106/><D115/><U79/><E117/><V122/><F122/><W120/><G2/><T44/><D126/><U94/><E129/><N who="0" m="49161" /><D44/><U14/><E74/><V104/><F67/><W19/><G124/><T26/><D134/><U87/><E121/><V55/><F55/><W114/><G114/><T93/><D84/><U1/><E94/><V47/><F72/><W73/><G73/><T89/><D89/><U95/><E50/><V75/><F75/><W133/><G133/><T107/><D107/><U15/><E95/><V13/><F104/><W125/><G125/><T53/><D106/><U63/><E87/><V68/><F68/><W5/><G120/><T18/><AGARI ba="0,0" hai="18,23,26,53,58,61,80,83,93,99,100" m="49161" machi="18" ten="30,1500,0" yaku="19,1" doraHai="128" who="0" fromWho="0" sc="247,15,90,-5,256,-5,407,-5" /><INIT seed="4,1,0,4,3,76" ten="262,85,251,402" oya="0" hai0="104,63,122,6,88,126,36,111,17,83,124,38,86" hai1="5,113,91,135,46,115,82,9,123,133,58,15,112" hai2="8,57,81,118,50,40,73,70,3,93,56,42,4" hai3="25,128,101,85,74,121,107,130,99,78,89,14,44"/><T26/><D122/><U13/><E123/><V34/><F70/><W49/><G121/><T67/><D104/><U65/><E46/><V2/><F34/><W10/><G25/><T127/><D6/><U24/><E24/><V20/><F118/><W134/><G134/><N who="1" m="51210" /><E58/><V45/><F3/><W66/><G66/><T90/><D111/><U33/><E65/><V79/><F42/><W19/><G78/><T61/><D90/><U29/><E29/><V28/><REACH who="2" step="1"/><F93/><REACH who="2" ten="262,85,241,402" step="2"/><W12/><G130/><T59/><D63/><U32/><E15/><V103/><F103/><W62/><G14/><T11/><D11/><U68/><E68/><V47/><F47/><W64/><G128/><T132/><D132/><U37/><E37/><V55/><F55/><W117/><G117/><T72/><D72/><U7/><E7/><V131/><F131/><W0/><G0/><T30/><D17/><U69/><E69/><V27/><AGARI ba="1,1" hai="2,4,8,20,27,28,40,45,50,56,57,73,79,81" machi="27" ten="30,8000,1" yaku="1,1,0,1,52,1,53,2" doraHai="76" doraHaiUra="54" who="2" fromWho="2" sc="262,-41,85,-21,241,93,402,-21" /><INIT seed="5,0,0,0,1,84" ten="221,64,334,381" oya="1" hai0="125,100,41,88,114,99,61,31,44,43,96,30,104" hai1="10,64,1,124,21,110,6,73,9,71,98,120,16" hai2="26,81,86,82,37,48,109,95,107,17,27,116,123" hai3="102,11,13,127,90,23,25,111,131,122,70,46,52"/><U50/><E120/><V3/><F123/><W2/><G2/><T40/><D114/><U128/><E73/><V83/><F116/><W32/><G32/><T39/><D125/><U94/><E124/><V108/><F37/><W133/><G70/><T22/><D61/><U74/><E74/><V87/><F107/><W66/><G111/><T115/><D115/><U67/><E110/><V93/><F81/><W35/><G35/><T4/><D4/><U126/><E126/><V59/><F59/><W8/><G102/><T121/><D121/><U112/><E128/><V77/><F48/><W60/><G133/><T29/><D22/><U129/><E129/><V45/><F17/><W49/><G131/><T0/><D0/><U47/><E10/><V54/><F54/><W38/><G38/><T117/><D117/><U18/><E112/><V12/><F12/><W36/><G36/><T63/><D63/><U69/><E69/><V55/><F55/><W78/><G78/><T7/><D7/><U135/><E135/><V33/><F77/><W42/><G42/><T80/><D80/><U65/><E21/><V134/><F33/><W113/><G113/><T72/><D72/><U57/><E57/><V130/><F130/><W85/><G127/><T89/><D99/><U62/><E62/><V28/><F134/><W91/><G122/><T68/><D68/><U103/><REACH who="1" step="1"/><E71/><REACH who="1" ten="221,54,334,381" step="2"/><V76/><F109/><W132/><G132/><T53/><D39/><U14/><E14/><V105/><F108/><W24/><G13/><T58/><D58/><U20/><E20/><V92/><F3/><RYUUKYOKU ba="0,1" sc="221,15,54,15,334,-15,381,-15" hai0="29,30,31,40,41,43,44,53,88,89,96,100,104" hai1="1,6,9,16,18,47,50,64,65,67,94,98,103" /><INIT seed="5,1,1,2,3,88" ten="236,69,319,366" oya="1" hai0="101,104,120,132,31,11,79,41,123,112,1,106,127" hai1="83,52,51,73,111,131,32,118,58,75,27,84,122" hai2="17,89,114,96,5,50,119,48,107,46,78,3,56" hai3="45,125,113,8,135,16,99,54,35,47,105,22,134"/><U133/><E122/><V33/><F119/><W7/><G35/><T81/><D112/><U82/><E118/><V109/><F109/><W63/><G113/><T38/><D127/><U98/><E111/><V126/><F114/><W115/><G115/><T0/><D132/><N who="3" m="50729" /><G125/><T25/><D101/><U29/><E133/><V61/><F17/><W44/><G105/><T59/><D59/><U72/><E131/><V26/><F78/><W91/><G63/><T86/><D106/><U97/><REACH who="1" step="1"/><E83/><REACH who="1" ten="236,59,319,366" step="2"/><V60/><F126/><W66/><G47/><T117/><D81/><U57/><E57/><V21/><F56/><W69/><G45/><T130/><D120/><U49/><E49/><V55/><F50/><W40/><G44/><T12/><D117/><U18/><E18/><V116/><F116/><W19/><G19/><T10/><D123/><U108/><E108/><V74/><F48/><W53/><G16/><T95/><D130/><U28/><E28/><V37/><F46/><W92/><G40/><T14/><D41/><U42/><E42/><V23/><F60/><N who="3" m="40135" /><G22/><T6/><D31/><U43/><E43/><V94/><F23/><W124/><G124/><T20/><D20/><U30/><E30/><V128/><F21/><W85/><G7/><T62/><D6/><U15/><E15/><V87/><F128/><W65/><G8/><T9/><D9/><U93/><E93/><V100/><F5/><W2/><G2/><T4/><D0/><U39/><E39/><V70/><F3/><W80/><G65/><T77/><D1/><U64/><E64/><N who="2" m="41231" /><F37/><W36/><G36/><RYUUKYOKU ba="1,2" sc="236,-15,59,15,319,-15,366,15" hai1="27,29,32,51,52,58,72,73,75,82,84,97,98" hai3="53,54,80,85,91,92,99" /><INIT seed="5,2,2,3,0,126" ten="221,74,304,381" oya="1" hai0="120,72,49,105,26,50,65,82,47,74,14,125,130" hai1="133,30,116,109,112,53,102,60,10,54,66,94,121" hai2="101,117,20,39,59,12,36,122,45,110,131,18,7" hai3="67,5,124,68,11,76,22,25,85,44,127,24,75"/><U79/><E121/><V78/><F110/><W87/><G75/><T40/><D125/><N who="3" m="48201" /><G44/><T23/><D120/><U51/><E116/><V90/><F122/><W73/><G73/><T88/><D105/><U9/><E109/><V71/><F117/><W43/><G43/><T34/><D34/><U81/><E112/><V107/><F71/><W61/><G76/><T92/><D65/><U84/><E30/><V106/><F78/><W100/><G100/><T93/><D14/><U8/><E133/><V80/><F59/><W38/><G38/><T2/><D2/><U31/><E31/><V69/><F69/><W135/><G25/><T52/><D130/><U83/><E83/><V111/><F131/><W17/><G135/><T99/><D93/><U19/><E19/><V129/><F129/><W70/><G70/><T132/><D82/><U55/><E51/><V103/><F45/><W63/><G61/><T21/><D21/><U37/><E37/><V77/><F39/><W0/><AGARI ba="2,2" hai="0,5,11,17,22,24,63,67,68,85,87" m="48201" machi="0" ten="30,1100,0" yaku="18,1" doraHai="126" who="3" fromWho="3" sc="221,-5,74,-7,304,-5,381,37" /><INIT seed="6,0,0,2,1,95" ten="216,67,299,418" oya="2" hai0="80,47,135,98,20,50,42,127,17,16,58,10,56" hai1="131,13,57,67,48,108,64,69,23,40,72,91,101" hai2="15,133,96,111,51,45,125,71,41,100,8,27,121" hai3="76,77,44,68,1,52,29,90,129,19,102,25,115"/><V88/><F121/><W32/><G68/><T9/><D127/><U87/><E108/><V73/><F125/><W82/><G1/><T14/><D135/><U6/><E72/><V110/><F133/><W123/><G123/><T119/><D119/><U30/><E131/><V124/><F124/><W18/><G102/><T63/><D80/><U66/><E69/><V75/><F71/><W53/><G129/><T116/><D116/><U35/><E35/><V31/><F27/><W120/><G120/><T78/><D78/><U60/><E101/><V132/><F31/><W81/><G90/><T22/><D98/><U94/><E6/><N who="2" m="3479" /><F132/><W37/><G115/><T33/><D33/><U55/><E40/><V65/><F65/><W130/><G130/><T122/><D122/><U86/><E86/><V107/><F88/><W85/><G37/><T46/><D46/><U118/><E118/><V38/><F51/><W74/><G44/><T105/><D105/><U106/><E106/><V126/><F126/><W134/><G134/><T62/><D62/><U12/><REACH who="1" step="1"/><E60/><REACH who="1" ten="216,57,299,418" step="2"/><V97/><F96/><W49/><G32/><T39/><D63/><U7/><E7/><V61/><F61/><W89/><G74/><T113/><D42/><U0/><E0/><V26/><F75/><W5/><G5/><T28/><D39/><U4/><E4/><V93/><F73/><W79/><G85/><T2/><D2/><U109/><E109/><N who="2" m="41483" /><F107/><W84/><G84/><T99/><D99/><U11/><E11/><V43/><F43/><W112/><G49/><T104/><D50/><U103/><E103/><RYUUKYOKU ba="0,1" sc="216,-15,57,15,299,15,418,-15" hai1="12,13,23,30,48,55,57,64,66,67,87,91,94" hai2="26,38,41,45,93,97,100" /><INIT seed="6,1,1,5,0,49" ten="201,72,314,403" oya="2" hai0="0,101,22,115,58,17,122,66,100,131,45,80,108" hai1="43,90,2,64,92,54,117,130,79,51,33,118,75" hai2="105,107,32,47,81,102,15,27,29,62,114,97,129" hai3="12,86,124,38,128,85,41,56,63,134,98,103,87"/><V88/><F129/><W77/><G128/><T19/><D108/><U111/><E130/><V8/><F114/><W91/><G124/><T53/><D122/><U24/><E2/><V104/><F47/><W121/><G121/><T34/><D0/><U35/><E111/><V44/><F44/><W65/><G134/><T93/><D131/><U61/><E43/><V126/><F126/><W110/><G110/><T132/><D34/><U3/><E3/><V83/><F62/><W50/><G38/><T21/><D132/><U18/><E79/><V37/><F37/><W9/><G77/><T113/><D80/><U120/><E75/><V76/><F83/><W25/><G25/><T52/><D66/><U10/><E120/><V109/><F109/><W20/><G20/><T89/><D45/><U106/><E106/><V67/><F67/><W99/><G50/><T57/><D93/><U60/><E35/><V7/><REACH who="2" step="1"/><F88/><AGARI ba="1,1" hai="17,19,21,22,52,53,57,58,88,89,100,101,113,115" machi="88" ten="25,12000,2" yaku="22,2,52,2,54,2" doraHai="49" who="0" fromWho="2" sc="201,133,72,0,314,-123,403,0" /><INIT seed="7,0,0,1,2,71" ten="334,72,191,403" oya="3" hai0="124,6,46,105,59,75,50,42,72,41,61,65,119" hai1="25,130,131,19,91,32,88,134,76,132,74,7,90" hai2="110,92,113,73,37,3,109,47,107,81,122,36,57" hai3="98,69,103,84,13,18,77,96,123,116,112,66,94"/><W31/><G116/><T83/><D119/><U99/><E7/><V118/><F118/><W108/><G123/><T2/><D124/><U62/><E62/><V27/><F107/><W48/><G112/><T10/><D105/><U8/><E8/><V125/><F57/><W93/><G108/><T33/><D33/><U117/><E117/><V15/><F92/><W34/><G69/><T1/><D1/><U51/><E51/><V54/><F54/><W56/><G34/><T17/><D17/><U89/><E19/><V87/><F87/><W43/><G31/><T49/><REACH who="0" step="1"/><D83/><REACH who="0" ten="324,72,191,403" step="2"/><U16/><N who="1" m="22528" /><DORA hai="0" /><U126/><E99/><V28/><F3/><W70/><G96/><T100/><D100/><U115/><E115/><V40/><F81/><W11/><G94/><T60/><D60/><U30/><E16/><V68/><F125/><W86/><G93/><T24/><D24/><U58/><E126/><V79/><F113/><W67/><G98/><T128/><D128/><U21/><E32/><V133/><F110/><W22/><G103/><T85/><D85/><U64/><E64/><V53/><F109/><W55/><G86/><T38/><D38/><U129/><REACH who="1" step="1"/><E58/><REACH who="1" ten="324,62,191,403" step="2"/><V45/><F37/><W12/><G66/><T20/><D20/><U82/><AGARI ba="0,2" hai="21,25,30,74,76,82,129,130,131,132,134" m="22528" machi="82" ten="50,12000,2" yaku="1,1,2,1,0,1,19,1,54,1,53,1" doraHai="71,0" doraHaiUra="101,26" who="1" fromWho="1" sc="324,-30,62,140,191,-30,403,-60" owari="294,9.4,202,-19.8,161,-33.9,343,44.3" /></mjloggm>