<mjloggm ver="2.3"><GO type="169" lobby="0"/><UN n0="%48%45%52%4F%2D%50%4F%4E" n1="%E3%83%AC%E3%82%AA%E3%83%B3%E3%83%8F%E3%83%AB%E3%83%88" n2="%48%69%70%70%6F%5F" n3="%72%61%6B%33" dan="16,17,17,16" rate="2128.39,2185.51,2204.21,2119.25" sx="M,M,M,M"/><TAIKYOKU oya="0"/><INIT seed="0,0,0,2,5,64" ten="250,250,250,250" oya="0" hai0="25,113,77,47,38,35,110,83,9,104,102,19,120" hai1="90,41,16,86,10,18,60,15,125,81,92,111,98" hai2="84,6,73,67,131,34,14,61,27,66,129,3,48" hai3="100,135,0,76,12,49,118,59,22,108,13,89,85"/><T119/><D113/><U122/><E111/><V133/><F73/><W93/><G93/><T20/><D119/><U55/><E125/><V37/><F37/><W21/><G108/><T107/><D120/><U62/><E122/><V30/><F3/><W42/><G135/><T57/><D110/><U7/><E41/><V124/><F133/><W32/><G0/><T29/><D9/><U52/><E62/><V96/><F124/><W2/><G32/><T51/><D57/><N who="1" m="34855" /><E55/><V97/><F66/><W121/><G2/><T130/><D130/><U63/><E63/><V36/><F48/><W11/><G76/><AGARI ba="0,0" hai="7,10,15,16,18,76,81,86,90,92,98" m="34855" machi="76" ten="30,3900,0" yaku="8,1,54,2" doraHai="64" who="1" fromWho="3" sc="250,0,250,39,250,0,250,-39" /><INIT seed="1,0,0,3,4,110" ten="250,289,250,211" oya="1" hai0="29,40,96,51,68,18,27,30,82,69,126,111,101" hai1="60,72,59,58,117,12,28,10,57,129,31,7,127" hai2="1,42,21,65,99,26,33,90,49,77,5,23,132" hai3="124,73,34,56,121,102,0,66,114,80,123,55,95"/><U38/><E117/><V92/><F132/><W71/><G124/><T13/><D111/><U32/><E72/><V108/><F108/><W37/><G0/><T50/><D126/><U122/><E127/><V119/><F119/><W113/><G34/><T107/><D82/><U131/><E122/><V75/><F65/><W133/><G133/><T91/><D91/><U134/><E38/><V109/><F109/><W15/><G95/><T35/><D30/><U128/><E134/><V6/><F77/><N who="3" m="44079" /><G15/><T47/><REACH who="0" step="1"/><D51/><REACH who="0" ten="240,289,250,211" step="2"/><U53/><E32/><V19/><F49/><W105/><G37/><T2/><D2/><U4/><E4/><V88/><F90/><W86/><G123/><T41/><D41/><U81/><E81/><V36/><F42/><W115/><G121/><T3/><D3/><U62/><REACH who="1" step="1"/><E58/><REACH who="1" ten="240,279,250,211" step="2"/><V24/><F33/><W70/><G56/><T97/><D97/><U16/><E16/><V87/><F99/><W8/><G71/><T48/><D48/><U85/><E85/><V52/><F36/><W43/><G70/><T17/><D17/><U61/><E61/><V116/><F19/><W46/><G115/><T39/><D39/><U112/><E112/><V84/><F5/><W44/><G114/><T135/><D135/><U125/><E125/><V83/><F6/><W11/><G113/><T100/><D100/><U45/><E45/><V106/><F84/><W104/><G102/><T89/><D89/><U9/><E9/><AGARI ba="0,2" hai="9,13,18,27,29,35,40,47,50,68,69,96,101,107" machi="9" ten="30,3900,0" yaku="1,1,7,1,53,1" doraHai="110" doraHaiUra="93" who="0" fromWho="1" sc="240,59,279,-39,250,0,211,0" /><INIT seed="2,0,0,3,3,131" ten="299,240,250,211" oya="2" hai0="4,135,13,120,3,61,115,24,103,7,74,82,117" hai1="53,44,39,108,20,37,2,134,75,77,65,72,90" hai2="129,60,95,114,42,29,63,68,19,80,133,12,105" hai3="113,125,122,25,52,35,93,79,92,130,112,45,78"/><V49/><F114/><W0/><G0/><T88/><D120/><U40/><E108/><V50/><F105/><W100/><G122/><T98/><D115/><N who="3" m="44105" /><G130/><T16/><D3/><U70/><E37/><V127/><F129/><W132/><G125/><T34/><D135/><U1/><E1/><V48/><F29/><N who="3" m="19887" /><G132/><T5/><D117/><U124/><E124/><V9/><F133/><W94/><G100/><T84/><D74/><U30/><E72/><V106/><F106/><W31/><G31/><T110/><D110/><U87/><E134/><V28/><F28/><W26/><G26/><T97/><D103/><U118/><E118/><V57/><F127/><W71/><G71/><T43/><D24/><U23/><E2/><V91/><F68/><W15/><G15/><T119/><D34/><U8/><E8/><V59/><F42/><W102/><G102/><T21/><D119/><U6/><E6/><V81/><F57/><W36/><G36/><T96/><D43/><U66/><E70/><V99/><REACH who="2" step="1"/><F63/><AGARI ba="0,0" hai="4,5,7,13,16,21,61,63,82,84,88,96,97,98" machi="63" ten="40,5200,0" yaku="8,1,54,2" doraHai="131" who="0" fromWho="2" sc="299,52,240,0,250,-52,211,0" /><INIT seed="3,0,0,3,1,47" ten="351,240,198,211" oya="3" hai0="45,32,39,98,95,40,52,43,99,113,119,25,61" hai1="123,55,79,116,3,69,102,42,24,118,134,83,20" hai2="11,78,71,75,115,18,57,89,100,101,54,86,107" hai3="12,21,81,37,77,62,127,68,131,4,22,106,132"/><W94/><G106/><T128/><D119/><U120/><E3/><V66/><F115/><W122/><G122/><T38/><D113/><U105/><E134/><V111/><F111/><W7/><G132/><T97/><D128/><U27/><E69/><V84/><F75/><W65/><G131/><T80/><D95/><U90/><E90/><V49/><F107/><W133/><G133/><T103/><D103/><U0/><E0/><V85/><F78/><W82/><G37/><T67/><D80/><U87/><E27/><V121/><F121/><W72/><G127/><T74/><D74/><U14/><E14/><N who="2" m="7519" /><F71/><W112/><G112/><T36/><D67/><U26/><E26/><V30/><F30/><W19/><G94/><T59/><REACH who="0" step="1"/><D45/><REACH who="0" ten="341,240,198,211" step="2"/><U63/><E102/><N who="2" m="39531" /><F66/><W5/><REACH who="3" step="1"/><G81/><AGARI ba="0,1" hai="49,54,57,81,84,85,86,89" m="39531,7519" machi="81" ten="30,2000,0" yaku="8,1,52,1" doraHai="47" who="2" fromWho="3" sc="341,0,240,0,198,30,211,-20" /><INIT seed="4,0,0,1,4,11" ten="341,240,228,191" oya="0" hai0="8,119,83,55,3,58,74,64,60,36,52,107,125" hai1="13,115,30,99,92,120,35,116,51,97,132,79,4" hai2="31,90,15,130,38,121,1,93,14,122,37,106,104" hai3="0,21,103,2,12,7,71,95,9,112,28,94,27"/><T73/><D119/><U46/><E116/><V110/><F1/><W29/><G71/><T67/><D125/><U34/><E120/><V61/><F31/><W124/><G95/><T76/><D107/><U16/><E132/><V19/><F110/><W123/><G124/><T33/><D33/><U42/><E115/><V108/><F108/><W5/><G112/><T109/><D109/><U53/><E4/><N who="3" m="1610" /><G94/><T78/><D36/><U32/><E79/><V128/><F61/><W114/><G103/><T113/><D113/><U75/><E75/><V91/><F93/><W82/><G82/><T49/><D3/><N who="3" m="1065" /><G114/><T133/><D133/><U81/><E81/><V23/><F23/><W59/><G59/><T39/><D39/><U86/><E30/><V66/><F66/><W41/><G41/><T101/><D101/><U45/><E86/><V117/><F117/><W87/><G87/><T100/><D100/><U26/><E26/><V20/><F20/><W85/><G85/><T47/><D8/><U127/><E92/><V54/><F54/><W17/><G123/><T56/><D47/><U70/><E70/><V131/><F128/><W98/><G98/><T69/><D69/><U89/><E89/><V134/><F134/><W84/><G84/><T77/><D77/><U135/><E127/><V68/><F68/><W6/><AGARI ba="0,0" hai="6,9,12,17,21,27,28,29" m="1065,1610" machi="6" ten="30,12000,2" yaku="35,5,52,1" doraHai="11" who="3" fromWho="3" sc="341,-60,240,-30,228,-30,191,120" /><INIT seed="5,0,0,1,4,15" ten="281,210,198,311" oya="1" hai0="6,87,101,105,8,43,52,18,24,103,120,37,35" hai1="91,2,123,22,29,115,130,104,33,13,109,95,41" hai2="106,128,65,36,110,49,4,11,121,26,59,1,108" hai3="16,92,48,38,125,30,134,98,94,117,107,76,102"/><U62/><E123/><V78/><F121/><W25/><G38/><T81/><D120/><U32/><E104/><V40/><F106/><W122/><G122/><T86/><D105/><U88/><E2/><V99/><F128/><W70/><G70/><T27/><D27/><U89/><E130/><V90/><F78/><W129/><G129/><T135/><D135/><U75/><E75/><V39/><F39/><W73/><G125/><T3/><D43/><U53/><E115/><V7/><F7/><W50/><G134/><T124/><D37/><U67/><E41/><V56/><F36/><W60/><G60/><T55/><D87/><U93/><E53/><V116/><F116/><W96/><G117/><T14/><D24/><U66/><E109/><V113/><F113/><W111/><G111/><T80/><D35/><U63/><E33/><V20/><F40/><W77/><G30/><T9/><D80/><U23/><E32/><V127/><F127/><W132/><G132/><T131/><D124/><U118/><E118/><V46/><F65/><N who="1" m="24585" /><E23/><V114/><F114/><W0/><G0/><T47/><D131/><U84/><E91/><V72/><F72/><W126/><G126/><T57/><D47/><U69/><E69/><V21/><F108/><W17/><G107/><T12/><D3/><U97/><E29/><N who="2" m="17607" /><F21/><W74/><G102/><N who="0" m="38923" /><D57/><U119/><E119/><V83/><F110/><W82/><G25/><T133/><D133/><U112/><E112/><V42/><F83/><AGARI ba="0,0" hai="16,17,48,50,73,74,76,77,82,83,92,94,96,98" machi="83" ten="25,8000,1" yaku="22,2,52,2,54,1" doraHai="15" who="3" fromWho="2" sc="281,0,210,0,198,-80,311,80" /><INIT seed="6,0,0,5,1,84" ten="281,210,118,391" oya="2" hai0="18,65,10,69,13,16,77,22,21,93,131,133,59" hai1="129,119,105,12,134,98,122,31,48,111,113,29,83" hai2="70,43,55,64,11,71,44,76,9,85,94,108,14" hai3="86,79,115,125,45,109,87,130,6,118,132,102,68"/><V37/><F108/><W67/><G45/><T7/><D131/><U39/><E39/><V72/><F72/><W66/><G6/><T103/><D133/><U80/><E111/><V88/><F76/><W51/><G51/><T97/><D69/><U91/><E119/><V100/><F100/><W121/><G102/><T63/><REACH who="0" step="1"/><D77/><REACH who="0" ten="271,210,118,391" step="2"/><U104/><E129/><V28/><F28/><W107/><G68/><T0/><D0/><U32/><E134/><V53/><F9/><W99/><G132/><T15/><D15/><U19/><E12/><V5/><REACH who="2" step="1"/><F71/><REACH who="2" ten="271,210,108,391" step="2"/><W30/><G79/><T27/><D27/><U106/><E29/><V23/><F23/><AGARI ba="0,2" hai="7,10,13,16,18,21,22,23,59,63,65,93,97,103" machi="23" ten="40,8000,1" yaku="1,1,8,1,54,1,53,1" doraHai="84" doraHaiUra="4" who="0" fromWho="2" sc="271,100,210,0,108,-80,391,0" /><INIT seed="7,0,0,2,2,92" ten="371,210,28,391" oya="3" hai0="3,50,26,76,16,66,87,63,62,22,120,75,110" hai1="40,122,57,100,12,2,124,73,47,39,113,61,106" hai2="54,103,90,42,25,132,19,69,49,127,91,86,97" hai3="102,31,129,125,24,44,98,82,99,109,43,134,5"/><W108/><G125/><T55/><D110/><N who="3" m="42601" /><G129/><T27/><D120/><U15/><E122/><V117/><F117/><W80/><G134/><T14/><D75/><U112/><E15/><V72/><F72/><W121/><G5/><T34/><D3/><U36/><E12/><V74/><F74/><W70/><G70/><T37/><D37/><U21/><E21/><V4/><F69/><W89/><G121/><T128/><D128/><U17/><E17/><V13/><F132/><W77/><G89/><T78/><D34/><U115/><E57/><V8/><F127/><W104/><G99/><T28/><D66/><U46/><E61/><N who="0" m="23049" /><D87/><U51/><E51/><V81/><F42/><W133/><G133/><T111/><D111/><U45/><E45/><V64/><F64/><W131/><G131/><T135/><D135/><U6/><E124/><V126/><F126/><W101/><G101/><T105/><D105/><U84/><E84/><V38/><F38/><N who="3" m="21623" /><G77/><N who="0" m="29803" /><D28/><U96/><E46/><AGARI ba="0,0" hai="14,16,22,26,27,46,50,55" m="29803,23049" machi="46" ten="30,2000,0" yaku="8,1,54,1" doraHai="92" who="0" fromWho="1" sc="371,20,210,-20,28,0,391,0" owari="391,49.1,190,-21.0,28,-47.2,391,19.1" /></mjloggm>