<mjloggm ver="2.3"><GO type="169" lobby="0"/><UN n0="%45%72%77%69%6E%52%64" n1="%E3%82%86%E3%81%86%E3%82%86%E3%81%8D" n2="%E3%83%AC%E3%82%AA%E3%83%B3%E3%83%8F%E3%83%AB%E3%83%88" n3="%6D%69%6E%65%72%61%6C%32" dan="16,16,17,17" rate="2118.69,2160.74,2154.17,2182.84" sx="M,M,M,M"/><TAIKYOKU oya="0"/><INIT seed="0,0,0,2,1,66" ten="250,250,250,250" oya="0" hai0="46,16,87,126,53,71,62,55,14,39,110,129,124" hai1="17,125,1,45,60,106,68,41,105,20,19,33,84" hai2="117,75,18,111,116,76,2,15,9,109,121,42,131" hai3="48,79,89,97,58,32,24,91,54,29,23,49,63"/><T61/><D129/><U59/><E1/><V0/><F42/><W119/><G119/><N who="2" m="45641" /><F76/><W70/><G79/><T122/><D122/><U90/><E33/><V5/><F75/><W118/><G118/><T69/><D110/><N who="2" m="41994" /><F131/><W26/><G70/><N who="0" m="26635" /><D87/><U103/><E68/><V52/><F52/><N who="0" m="20042" /><D16/><U30/><E17/><V4/><F121/><W57/><G97/><T81/><D81/><U7/><E106/><V74/><F74/><W112/><G112/><T35/><D14/><U113/><E19/><V25/><F25/><W123/><G123/><T127/><D35/><U95/><E113/><V27/><F27/><W135/><G26/><T44/><D39/><U99/><E84/><V3/><AGARI ba="0,0" hai="0,2,3,4,5,9,15,18" m="41994,45641" machi="3" ten="40,8000,1" yaku="12,1,14,1,34,2" doraHai="66" who="2" fromWho="2" sc="250,-40,250,-20,250,80,250,-20" /><INIT seed="1,0,0,1,1,92" ten="210,230,330,230" oya="1" hai0="38,0,19,81,90,32,30,35,49,127,122,98,53" hai1="79,100,57,51,48,25,130,21,67,34,11,54,62" hai2="87,29,13,33,20,26,103,124,132,101,107,110,118" hai3="31,4,105,78,117,99,45,77,66,102,126,14,116"/><U120/><E120/><V41/><F118/><N who="3" m="45675" /><G66/><T119/><D119/><U82/><E130/><V91/><F110/><W64/><G64/><T133/><D38/><U113/><E113/><V89/><F132/><W108/><G108/><T83/><D133/><U61/><E34/><V22/><F124/><W123/><G123/><T73/><D0/><U70/><E11/><V12/><F41/><W1/><G1/><T115/><D115/><U128/><E100/><V2/><F2/><W39/><G31/><T96/><D122/><U68/><E68/><V5/><F33/><W60/><G60/><T134/><D134/><U114/><E128/><V121/><F121/><W9/><G126/><T36/><D36/><U135/><E114/><V46/><F46/><W27/><G27/><T8/><D127/><U84/><REACH who="1" step="1"/><E135/><REACH who="1" ten="210,220,330,230" step="2"/><V3/><F101/><W43/><AGARI ba="0,1" hai="4,9,14,39,43,45,77,78,99,102,105" m="45675" machi="43" ten="30,2000,0" yaku="12,1,52,1" doraHai="92" who="3" fromWho="3" sc="210,-5,220,-10,330,-5,230,30" /><INIT seed="2,0,0,0,4,99" ten="205,210,325,260" oya="2" hai0="115,93,37,113,6,50,78,1,34,28,4,18,108" hai1="101,83,57,90,56,33,125,135,44,95,122,80,32" hai2="45,84,127,121,39,19,126,11,43,46,16,77,26" hai3="15,74,68,25,13,62,42,3,55,53,65,91,10"/><V86/><F121/><W120/><G120/><T106/><D106/><U23/><E122/><V94/><F46/><W5/><G74/><T76/><D37/><U96/><E125/><N who="2" m="47627" /><F77/><W31/><G42/><T75/><D108/><U100/><E135/><V63/><F63/><W109/><G109/><T103/><D18/><U112/><E112/><V35/><F94/><W134/><G134/><T38/><D38/><U133/><E133/><V129/><F129/><W22/><G91/><T104/><D104/><U7/><E7/><V128/><F128/><W0/><G13/><T67/><D67/><U89/><E44/><V20/><F35/><W14/><G14/><AGARI ba="0,0" hai="11,14,16,19,20,26,39,43,45,84,86" m="47627" machi="14" ten="30,2900,0" yaku="18,1,54,1" doraHai="99" who="2" fromWho="3" sc="205,0,210,0,325,29,260,-29" /><INIT seed="2,1,0,1,2,112" ten="205,210,354,231" oya="2" hai0="124,131,121,97,53,52,128,94,95,68,66,119,0" hai1="85,84,110,45,50,2,133,79,60,125,101,115,19" hai2="61,76,134,48,40,91,38,18,21,127,109,72,73" hai3="43,15,46,36,37,123,104,11,116,39,33,27,31"/><V118/><F134/><W1/><G123/><T89/><D121/><U105/><E115/><V87/><F127/><W83/><G104/><T88/><D124/><U96/><E110/><V71/><F38/><W114/><G114/><T28/><D0/><U13/><E2/><V126/><F76/><W30/><G30/><T65/><D28/><U100/><E133/><V35/><F35/><W24/><G24/><T23/><D23/><U108/><E108/><V64/><F109/><W117/><G83/><T8/><D8/><U107/><E79/><V47/><F126/><W16/><REACH who="3" step="1"/><G1/><REACH who="3" ten="205,210,354,221" step="2"/><T41/><D68/><U77/><E107/><V51/><F71/><W22/><G22/><T57/><D57/><U42/><E125/><V20/><F21/><W14/><G14/><T82/><D82/><U9/><E77/><V44/><F20/><W62/><G62/><T70/><D70/><U74/><E74/><V58/><F61/><W6/><G6/><T102/><D102/><U54/><E101/><V10/><F72/><W49/><AGARI ba="1,1" hai="11,15,16,27,31,33,36,37,39,43,46,49,116,117" machi="49" ten="30,8000,1" yaku="1,1,0,1,52,2,54,1,53,0" doraHai="112" doraHaiUra="92" who="3" fromWho="3" sc="205,-21,210,-21,354,-41,221,93" /><INIT seed="3,0,0,5,3,0" ten="184,189,313,314" oya="3" hai0="30,13,50,70,2,92,39,125,101,28,23,58,45" hai1="33,42,115,117,84,102,66,55,103,98,29,44,36" hai2="65,4,73,116,53,133,3,35,31,8,121,85,99" hai3="11,32,108,114,95,107,41,46,79,61,6,77,130"/><W94/><G114/><T54/><D125/><U69/><E102/><V5/><F116/><W123/><G107/><T16/><D2/><U127/><E84/><V21/><F73/><W48/><G32/><T113/><D113/><U18/><E115/><V88/><F35/><W24/><G123/><T131/><D70/><U75/><E55/><V118/><F118/><W112/><G112/><T60/><D39/><U51/><E18/><V83/><F133/><W105/><G105/><T43/><REACH who="0" step="1"/><D131/><REACH who="0" ten="174,189,313,314" step="2"/><U15/><E127/><V93/><F3/><W120/><G130/><T57/><D57/><U37/><E37/><V100/><F121/><W14/><G120/><T9/><D9/><U59/><E59/><V10/><F8/><W104/><G108/><T47/><D47/><U38/><E38/><V91/><F10/><W124/><G124/><T76/><D76/><U27/><E36/><V52/><F65/><W82/><G79/><T63/><D63/><U109/><E109/><V129/><F129/><W96/><G61/><T97/><AGARI ba="0,1" hai="13,16,23,28,30,43,45,50,54,58,60,92,97,101" machi="97" ten="30,7900,0" yaku="1,1,0,1,8,1,54,1,53,0" doraHai="0" doraHaiUra="74" who="0" fromWho="0" sc="174,89,189,-20,313,-20,314,-39" /><INIT seed="4,0,0,2,5,78" ten="263,169,293,275" oya="0" hai0="104,42,39,54,89,60,46,5,73,120,26,4,109" hai1="37,48,111,68,65,112,59,101,67,84,2,31,51" hai2="34,76,23,127,94,81,18,97,70,0,92,106,62" hai3="41,13,7,12,125,122,134,103,45,32,3,91,50"/><T9/><D120/><U33/><E2/><V123/><F123/><W95/><G122/><T47/><D104/><U72/><E72/><V20/><F34/><W49/><G134/><T28/><D73/><U121/><E101/><V43/><F0/><W8/><G32/><T22/><D109/><U132/><E121/><V17/><F43/><W55/><G103/><T53/><D4/><U131/><E31/><V66/><F106/><W87/><REACH who="3" step="1"/><G125/><REACH who="3" ten="263,169,293,265" step="2"/><T118/><D118/><U124/><E33/><V11/><F127/><W110/><G110/><T57/><D46/><AGARI ba="0,1" hai="3,7,8,12,13,41,45,46,49,50,55,87,91,95" machi="46" ten="30,2000,0" yaku="1,1,7,1,53,0" doraHai="78" doraHaiUra="115" who="3" fromWho="0" sc="263,-20,169,0,293,0,265,30" /><INIT seed="5,0,0,5,3,41" ten="243,169,293,295" oya="1" hai0="128,12,87,53,6,17,19,118,27,24,117,32,3" hai1="103,64,92,78,115,4,126,40,67,94,66,80,2" hai2="16,74,42,45,14,109,34,54,58,110,47,57,59" hai3="135,75,22,63,26,43,86,13,50,90,131,93,119"/><U71/><E71/><V122/><F74/><W35/><G75/><T102/><D102/><U89/><E115/><V105/><F105/><W44/><G131/><T25/><D87/><U62/><E126/><V10/><F34/><W48/><G135/><T112/><D53/><U111/><E111/><V46/><F122/><W84/><G35/><T61/><D61/><U85/><E103/><V52/><F42/><W21/><G13/><T134/><D134/><U113/><E113/><V120/><F120/><W95/><G119/><N who="0" m="45579" /><D112/><U100/><E100/><V68/><F68/><W97/><G63/><T132/><D132/><U91/><E62/><V88/><REACH who="2" step="1"/><F88/><REACH who="2" ten="243,169,283,295" step="2"/><W33/><G86/><T99/><D32/><U31/><E91/><V9/><F9/><W69/><G69/><T77/><D99/><U70/><E70/><V114/><F114/><W108/><G97/><T76/><D76/><U121/><E121/><V83/><F83/><W7/><G84/><T101/><D77/><U23/><E78/><V5/><F5/><W1/><G90/><T37/><D101/><U79/><E79/><V106/><F106/><W116/><G116/><T28/><D128/><U98/><E98/><V123/><F123/><W73/><G73/><T15/><D6/><U30/><E40/><V0/><F0/><W51/><G7/><T72/><D3/><U107/><E107/><V81/><F81/><W29/><G1/><T36/><D72/><U18/><E4/><V20/><F20/><N who="3" m="7787" /><G108/><AGARI ba="0,1" hai="10,14,16,45,46,47,52,54,57,58,59,108,109,110" machi="108" ten="50,12000,2" yaku="1,1,52,3,54,2,53,0" doraHai="41" doraHaiUra="39" who="2" fromWho="3" sc="243,0,169,0,283,130,295,-120" /><INIT seed="6,0,0,1,4,86" ten="243,169,413,175" oya="2" hai0="6,30,99,57,34,69,23,98,110,92,26,76,5" hai1="16,14,1,130,128,66,88,25,18,4,74,73,9" hai2="118,38,20,89,93,39,113,48,45,29,81,134,114" hai3="77,91,117,104,133,78,0,59,54,22,80,82,108"/><V127/><F81/><W94/><G0/><T61/><D110/><U28/><E66/><V83/><F83/><W109/><G117/><T64/><D76/><U71/><E71/><V35/><F35/><W90/><G22/><T37/><D37/><U85/><E74/><V7/><F7/><W84/><G59/><T95/><D69/><U116/><E73/><V55/><F134/><W119/><G119/><T3/><D34/><N who="1" m="20751" /><E116/><V102/><F127/><W32/><G32/><T123/><D123/><U12/><E12/><V63/><F63/><W120/><G54/><T21/><D21/><N who="1" m="11415" /><E18/><V100/><F38/><W36/><G36/><T103/><D3/><U24/><E24/><N who="2" m="16519" /><F39/><W43/><G43/><T106/><D106/><U17/><E17/><V72/><F72/><N who="3" m="43047" /><G120/><T11/><D11/><U126/><E126/><V125/><F125/><W40/><G40/><T19/><D19/><U13/><E1/><V96/><F118/><W58/><G58/><T49/><D49/><U101/><E101/><AGARI ba="0,0" hai="5,6,23,26,30,57,61,64,92,95,98,99,101,103" machi="101" ten="30,8000,1" yaku="7,1,9,1,25,2,8,1" doraHai="86" who="0" fromWho="1" sc="243,80,169,-80,413,0,175,0" /><INIT seed="7,0,0,2,1,17" ten="323,89,413,175" oya="3" hai0="6,122,58,82,93,95,86,89,72,111,49,67,54" hai1="29,38,40,35,129,11,121,7,34,9,132,94,55" hai2="21,52,25,88,70,104,32,3,50,98,18,44,87" hai3="19,126,15,56,90,73,5,63,99,42,26,30,83"/><W51/><G126/><T66/><D111/><U24/><E94/><V47/><F3/><W22/><G5/><T75/><D122/><U1/><E55/><V60/><F32/><W39/><G39/><T108/><D108/><U41/><E41/><V2/><F2/><W78/><G99/><T53/><D6/><U71/><E71/><V45/><F98/><W36/><G36/><T103/><D72/><U123/><E129/><V100/><F100/><W131/><G90/><T106/><D75/><U62/><E62/><V115/><F104/><W31/><G131/><T79/><D106/><U118/><E11/><V14/><F115/><W65/><G42/><T69/><D69/><U74/><E132/><V119/><F119/><W20/><REACH who="3" step="1"/><G51/><REACH who="3" ten="323,89,413,165" step="2"/><N who="0" m="31039" /><D103/><U105/><E118/><V4/><F88/><W28/><AGARI ba="0,1" hai="15,19,20,22,26,28,30,31,56,63,65,73,78,83" machi="28" ten="20,18000,2" yaku="1,1,0,1,7,1,52,2,53,1" doraHai="17" doraHaiUra="57" who="3" fromWho="3" sc="323,-60,89,-60,413,-60,165,190" owari="263,-13.7,29,-47.1,353,15.3,355,45.5" /></mjloggm>