<mjloggm ver="2.3"><GO type="169" lobby="0"/><UN n0="%69%50%68%6F%6E%65%31" n1="%E5%8D%88%E5%BE%8C%E3%82%B4%E3%83%AA%E3%83%A9" n2="%43%68%61%72%6F%2E" n3="%E9%9B%A8%E6%9C%88%E3%81%A4%E3%82%86" dan="16,16,16,16" rate="2138.47,2125.59,2144.31,2114.82" sx="M,M,M,M"/><TAIKYOKU oya="0"/><INIT seed="0,0,0,1,3,107" ten="250,250,250,250" oya="0" hai0="29,3,99,77,90,115,128,15,123,32,73,64,66" hai1="34,9,72,4,1,46,83,8,82,0,81,96,50" hai2="42,76,118,132,94,100,41,68,33,80,55,49,21" hai3="84,59,86,44,38,121,109,16,14,120,2,67,71"/><T79/><D3/><U19/><E34/><V13/><F33/><W47/><G109/><T95/><D115/><U129/><E129/><V133/><F68/><W39/><G71/><T89/><D123/><N who="3" m="47177" /><G2/><T62/><D128/><U103/><E19/><N who="2" m="10479" /><F118/><W74/><G74/><T111/><D111/><U85/><E85/><N who="3" m="32874" /><G44/><T6/><D73/><U124/><E124/><V11/><F11/><N who="3" m="6239" /><G47/><T24/><D90/><U110/><E110/><V54/><F80/><W75/><G75/><T125/><D125/><U131/><E131/><V104/><F76/><W63/><AGARI ba="0,0" hai="38,39,59,63,67" m="6239,32874,47177" machi="63" ten="30,2000,0" yaku="13,1,54,1" doraHai="107" who="3" fromWho="3" sc="250,-10,250,-5,250,-5,250,20" /><INIT seed="1,0,0,3,5,75" ten="240,245,245,270" oya="1" hai0="7,25,33,78,102,81,98,51,30,114,58,77,28" hai1="47,92,99,96,73,117,64,65,36,15,80,38,116" hai2="14,84,85,129,17,89,83,103,39,76,86,8,19" hai3="60,127,40,135,62,9,46,41,121,100,4,79,16"/><U44/><E15/><V82/><F129/><W5/><G121/><T108/><D114/><U18/><E92/><V0/><F0/><W55/><G100/><T94/><D108/><U134/><E18/><V3/><F39/><W93/><G135/><T66/><D28/><U11/><E73/><V57/><F3/><W1/><G127/><T2/><D81/><U6/><E80/><V106/><F57/><W70/><G70/><T27/><D27/><U43/><E11/><V54/><F54/><W126/><G126/><T34/><D34/><U91/><E91/><V24/><F106/><W26/><G93/><T29/><D29/><U72/><E72/><V61/><F61/><W124/><G124/><T118/><D118/><U31/><E31/><V104/><F104/><W69/><G69/><T97/><D97/><U74/><E74/><V131/><F131/><W68/><G68/><T53/><REACH who="0" step="1"/><D66/><REACH who="0" ten="230,245,245,270" step="2"/><U12/><E134/><V32/><F32/><W120/><G26/><T112/><D112/><U52/><E12/><V125/><F125/><W22/><G1/><T35/><D35/><U109/><E109/><V130/><F130/><W63/><G120/><T21/><D21/><U123/><E123/><V107/><F86/><W45/><G22/><T48/><D48/><U122/><E122/><V67/><F67/><W132/><G132/><T37/><D37/><U50/><E6/><N who="2" m="3351" /><F24/><W115/><G4/><T88/><D88/><U119/><REACH who="1" step="1"/><E36/><REACH who="1" ten="230,235,245,270" step="2"/><V111/><F111/><W87/><G5/><T128/><D128/><U10/><E10/><AGARI ba="0,2" hai="2,7,10,25,30,33,51,53,58,77,78,94,98,102" machi="10" ten="40,8000,1" yaku="1,1,52,2,53,1" doraHai="75" doraHaiUra="23" who="0" fromWho="1" sc="230,100,235,-80,245,0,270,0" /><INIT seed="2,0,0,2,1,114" ten="330,155,245,270" oya="2" hai0="110,18,26,3,62,96,88,66,70,112,100,8,15" hai1="6,84,67,44,121,59,93,115,104,103,65,82,73" hai2="5,4,56,45,35,126,86,85,116,95,0,78,77" hai3="7,80,17,23,21,12,106,76,9,122,94,41,1"/><V89/><F126/><W127/><G106/><T68/><D110/><U124/><E115/><V101/><F35/><W47/><G122/><T42/><D112/><U25/><E124/><V72/><F72/><W109/><G109/><T52/><D42/><U36/><E121/><V13/><F0/><W98/><G127/><T63/><D3/><U20/><E6/><V107/><F107/><W119/><G21/><T79/><D79/><N who="2" m="30218" /><F116/><W71/><G71/><T40/><D40/><U39/><E73/><V64/><F101/><W2/><G119/><T87/><D26/><U111/><E104/><V90/><F45/><W55/><G55/><T97/><D100/><U120/><E120/><V128/><F128/><W74/><G94/><T32/><D32/><U34/><E34/><V118/><F118/><W123/><G123/><T48/><D63/><N who="1" m="38143" /><E67/><V69/><F69/><W92/><G92/><T135/><D68/><U54/><E111/><V30/><F30/><W125/><G125/><T134/><D134/><U27/><E54/><V105/><F105/><W16/><G17/><T51/><D51/><U10/><E44/><V28/><F28/><W11/><G2/><T132/><D132/><U75/><E75/><V117/><F13/><W31/><G31/><T60/><D60/><U38/><E10/><V29/><F29/><W91/><G11/><T113/><D135/><U102/><E20/><V58/><F117/><W130/><G130/><T83/><REACH who="0" step="1"/><D113/><REACH who="0" ten="320,155,245,270" step="2"/><U50/><E50/><V99/><F64/><W46/><G41/><T133/><D133/><U129/><E103/><V53/><F53/><RYUUKYOKU ba="0,1" sc="320,15,155,-15,245,-15,270,15" hai0="8,15,18,48,52,62,66,70,83,87,88,96,97" hai3="1,7,9,12,16,23,46,47,74,76,80,91,98" /><INIT seed="3,1,1,4,3,67" ten="335,140,230,285" oya="3" hai0="100,104,12,102,106,99,11,105,58,20,116,22,131" hai1="28,13,49,61,18,88,82,78,74,5,7,37,35" hai2="120,6,68,14,19,107,2,92,83,69,34,77,70" hai3="44,135,27,62,52,26,86,46,122,29,64,87,118"/><W96/><G135/><T130/><D116/><U111/><E37/><V40/><F107/><W50/><G122/><T36/><D36/><U65/><E111/><V72/><F120/><W57/><G118/><T114/><D58/><U60/><E60/><V103/><F34/><W1/><G1/><T23/><D114/><U90/><E49/><V39/><F103/><W17/><G96/><T0/><D0/><U47/><E47/><V119/><F119/><W41/><G17/><T55/><D55/><U16/><E28/><V21/><F92/><W93/><G93/><T127/><D127/><U95/><E35/><V97/><F97/><W8/><G8/><T31/><D31/><U113/><E90/><V24/><F24/><W109/><G109/><T66/><D66/><U126/><E126/><V81/><F81/><W115/><G115/><T129/><REACH who="0" step="1"/><D99/><REACH who="0" ten="325,140,230,285" step="2"/><U132/><E113/><V33/><F33/><W117/><G117/><T71/><D71/><U25/><E132/><V15/><F2/><W3/><G3/><T85/><D85/><N who="3" m="32265" /><G29/><T121/><D121/><U91/><E65/><V53/><F53/><W51/><AGARI ba="1,2" hai="26,27,41,44,46,50,51,52,57,62,64" m="32265" machi="51" ten="30,3000,0" yaku="8,1,54,1" doraHai="67" who="3" fromWho="3" sc="325,-11,140,-11,230,-11,285,53" /><INIT seed="3,2,0,3,4,15" ten="314,129,219,338" oya="3" hai0="121,46,41,1,110,100,25,74,108,4,8,118,33" hai1="19,12,125,56,57,76,133,60,120,81,113,122,111" hai2="13,77,107,58,98,11,28,69,88,5,10,128,90" hai3="34,129,20,135,2,112,66,82,78,106,123,116,36"/><W16/><RYUUKYOKU type="yao9" ba="2,0" sc="314,0,129,0,219,0,338,0" hai3="2,16,20,34,36,66,78,82,106,112,116,123,129,135" /><INIT seed="3,3,0,3,4,24" ten="314,129,219,338" oya="3" hai0="82,113,94,68,107,89,61,50,126,25,38,18,70" hai1="47,63,40,132,35,66,76,6,83,93,37,20,114" hai2="65,119,13,75,32,99,57,74,96,39,2,51,92" hai3="44,97,31,131,87,72,29,100,134,64,121,1,22"/><W7/><G72/><T45/><D107/><U67/><E132/><V71/><F2/><W88/><G121/><T109/><D38/><U49/><E35/><V34/><F39/><W95/><G134/><T98/><D109/><U26/><E114/><V46/><F71/><W21/><G64/><T3/><D3/><U120/><E120/><V77/><F119/><W14/><G1/><T48/><D126/><U106/><E106/><V54/><F99/><W123/><G131/><T115/><D82/><U116/><E116/><V12/><F12/><W78/><G78/><T19/><D50/><U8/><E93/><V110/><F110/><W81/><G44/><T105/><D105/><U79/><E37/><V36/><F13/><W43/><G43/><T33/><D33/><U128/><E128/><V23/><F23/><N who="3" m="8715" /><G123/><T127/><D127/><U53/><E53/><V90/><F74/><W84/><G84/><T5/><D45/><U55/><E55/><V112/><F112/><W52/><G52/><T30/><D61/><U124/><E124/><V9/><F9/><AGARI ba="3,0" hai="7,9,14,29,31,81,87,88,95,97,100" m="8715" machi="9" ten="30,11600,0" yaku="8,1,52,2,54,1" doraHai="24" who="3" fromWho="2" sc="314,0,129,0,219,-125,338,125" /><INIT seed="3,4,0,5,4,81" ten="314,129,94,463" oya="3" hai0="121,54,53,16,6,120,36,128,39,79,108,52,62" hai1="94,119,9,99,84,113,86,85,105,21,56,115,125" hai2="77,92,97,69,65,31,34,122,11,14,102,123,110" hai3="10,37,0,42,46,40,61,2,78,96,130,22,72"/><W82/><G130/><T127/><D6/><U132/><E9/><V111/><F77/><W4/><G42/><T59/><D79/><U112/><E21/><V87/><F65/><W47/><G47/><T76/><D76/><U88/><E56/><V66/><F66/><W109/><G109/><N who="2" m="41481" /><F69/><W57/><G22/><T67/><D16/><U23/><E23/><V75/><F75/><W24/><G24/><T1/><D1/><U104/><E119/><V131/><F131/><W51/><G96/><T18/><D18/><U58/><E58/><V116/><F116/><W129/><G0/><T5/><D5/><U30/><E30/><V60/><F60/><W71/><G129/><T13/><D13/><U8/><E8/><V64/><F64/><W45/><G45/><T118/><D128/><U38/><E38/><N who="0" m="14377" /><D118/><U63/><E63/><V35/><F87/><N who="1" m="33353" /><E132/><V15/><F15/><W90/><G72/><T133/><D108/><U32/><E32/><N who="2" m="12331" /><F31/><W134/><G134/><T74/><D133/><U93/><E125/><V12/><F12/><W26/><G2/><T28/><D28/><U19/><E19/><AGARI ba="4,0" hai="11,14,19,92,97,102,122,123" m="12331,41481" machi="19" ten="30,1000,0" yaku="14,1" doraHai="81" who="2" fromWho="1" sc="314,0,129,-22,94,22,463,0" /><INIT seed="4,0,0,5,2,71" ten="314,107,116,463" oya="0" hai0="67,60,114,14,100,46,20,127,29,126,104,16,6" hai1="109,110,66,18,77,106,43,119,89,12,57,129,37" hai2="8,84,35,40,36,0,117,88,135,33,10,74,62" hai3="80,116,41,49,45,52,15,31,51,86,17,111,73"/><T93/><D104/><U82/><E106/><V23/><F74/><W2/><G111/><T130/><D114/><U59/><E119/><V21/><F117/><W125/><G2/><T61/><D130/><U97/><E129/><V4/><F135/><W112/><G73/><T24/><D6/><U94/><E59/><V64/><F8/><W78/><G125/><N who="0" m="47627" /><D46/><U42/><E42/><V75/><F75/><W92/><G112/><T9/><D67/><U28/><E28/><V85/><F85/><W83/><G31/><T53/><D53/><U131/><E131/><V95/><F35/><W121/><G121/><T87/><D87/><U19/><E19/><V25/><F33/><W47/><G116/><T123/><D123/><U107/><E107/><V96/><F84/><W27/><G27/><T132/><D132/><U34/><E34/><V54/><F54/><W65/><G65/><T13/><D14/><U55/><E66/><V134/><F134/><W122/><G122/><T72/><D72/><U69/><E69/><V124/><F25/><W128/><G128/><T56/><D56/><U1/><E1/><V101/><F124/><W48/><G83/><T11/><D11/><U133/><E82/><V63/><F63/><W99/><G92/><T39/><D39/><U5/><E5/><V70/><REACH who="2" step="1"/><F101/><REACH who="2" ten="314,107,106,463" step="2"/><W103/><G103/><T98/><AGARI ba="0,1" hai="9,13,16,20,24,29,60,61,93,98,100" m="47627" machi="98" ten="30,3000,0" yaku="18,1,54,1" doraHai="71" who="0" fromWho="0" sc="314,40,107,-10,106,-10,463,-10" /><INIT seed="4,1,0,4,2,111" ten="354,97,96,453" oya="0" hai0="22,32,107,11,4,100,24,53,28,76,114,56,98" hai1="126,57,74,62,78,124,108,128,12,123,7,68,113" hai2="127,103,88,33,40,27,26,48,54,39,43,116,132" hai3="64,101,19,67,106,118,81,73,134,41,13,61,45"/><T2/><D76/><U75/><E7/><V97/><F127/><W8/><G118/><T87/><D87/><U34/><E12/><V65/><F132/><W122/><G122/><T18/><D114/><U25/><E57/><V94/><F116/><W52/><G134/><T29/><REACH who="0" step="1"/><D32/><REACH who="0" ten="344,97,96,453" step="2"/><U21/><E78/><V0/><F33/><W49/><G73/><T31/><D31/><U105/><E75/><V58/><F0/><W99/><REACH who="3" step="1"/><G81/><REACH who="3" ten="344,97,96,443" step="2"/><T5/><D5/><U47/><E74/><V17/><F97/><W46/><G46/><T95/><D95/><U96/><E47/><V131/><F94/><W130/><G130/><T104/><D104/><U51/><E96/><V30/><F131/><W6/><G6/><T60/><AGARI ba="1,2" hai="2,4,11,18,22,24,28,29,53,56,60,98,100,107" machi="60" ten="20,3900,0" yaku="1,1,0,1,7,1,53,0" doraHai="111" doraHaiUra="70" who="0" fromWho="0" sc="344,62,97,-14,96,-14,443,-14" /><INIT seed="4,2,0,0,2,86" ten="406,83,82,429" oya="0" hai0="72,118,33,53,121,30,79,112,99,31,94,22,89" hai1="56,10,54,14,49,3,102,27,38,75,65,68,92" hai2="36,40,77,130,69,131,67,126,35,106,59,134,21" hai3="2,5,25,96,98,8,113,64,88,46,15,90,43"/><T23/><D118/><U50/><E75/><V0/><F35/><W124/><G113/><T93/><D121/><U103/><E3/><V9/><F106/><W100/><G124/><T66/><D112/><U87/><E38/><V117/><F117/><W20/><G64/><T16/><D23/><U19/><E68/><V63/><F126/><W78/><G78/><T62/><D33/><U51/><E65/><V26/><F77/><W119/><G119/><T107/><D107/><U48/><REACH who="1" step="1"/><E27/><REACH who="1" ten="406,73,82,429" step="2"/><V44/><F69/><W116/><G2/><T127/><D127/><U135/><E135/><V7/><REACH who="2" step="1"/><F134/><REACH who="2" ten="406,73,72,429" step="2"/><W61/><G116/><T125/><D125/><U41/><E41/><V128/><F128/><W17/><G61/><T76/><D62/><U110/><E110/><V4/><F4/><W45/><G5/><T32/><D72/><U12/><E12/><V70/><F70/><W101/><G43/><T18/><D76/><U95/><E95/><V105/><F105/><W82/><G15/><T74/><D79/><U132/><E132/><V122/><F122/><W37/><G25/><T47/><D74/><U109/><E109/><V55/><F55/><W73/><G73/><T123/><D123/><U57/><E57/><V108/><F108/><W114/><G114/><T24/><D66/><U60/><E60/><V58/><F58/><W6/><G6/><T81/><D94/><U91/><AGARI ba="2,2" hai="10,14,19,48,49,50,51,54,56,87,91,92,102,103" machi="91" ten="30,12000,2" yaku="1,1,0,1,8,1,52,1,53,2" doraHai="86" doraHaiUra="97" who="1" fromWho="1" sc="406,-62,73,146,72,-32,429,-32" /><INIT seed="5,0,0,2,2,121" ten="344,219,40,397" oya="1" hai0="21,68,133,120,31,76,1,85,71,84,100,18,118" hai1="34,82,125,54,43,51,105,48,108,129,93,56,109" hai2="66,46,116,33,106,47,70,101,2,99,110,87,38" hai3="80,61,128,60,41,28,91,114,22,19,81,13,20"/><U75/><E105/><V49/><F116/><W123/><G123/><T83/><D120/><U117/><E34/><V78/><F2/><W12/><G41/><T124/><D1/><U42/><E93/><V131/><F131/><W8/><G114/><T17/><D31/><U104/><E104/><V32/><F38/><W103/><G103/><T36/><D36/><U98/><E98/><V112/><F112/><W94/><G128/><T55/><D55/><U115/><E129/><V92/><F46/><W119/><G119/><T16/><D21/><U111/><E115/><V65/><F110/><N who="1" m="28161" /><U88/><DORA hai="96" /><E117/><V59/><F59/><W26/><G81/><T127/><D83/><U107/><E107/><V50/><F50/><N who="1" m="18985" /><E125/><V53/><F78/><W72/><G80/><T86/><D127/><U35/><E35/><V27/><F70/><W130/><G130/><T113/><D124/><U45/><E45/><V11/><F11/><W5/><G72/><T37/><D113/><U15/><E15/><V29/><REACH who="2" step="1"/><F33/><REACH who="2" ten="344,219,30,397" step="2"/><W69/><G8/><T102/><D118/><U3/><E3/><V57/><F57/><W30/><G69/><T10/><D71/><U24/><E24/><V58/><F58/><W6/><G26/><T63/><D68/><U14/><E14/><V64/><F64/><W95/><G12/><T25/><D25/><U73/><E73/><V89/><AGARI ba="0,1" hai="27,29,32,47,49,53,65,66,87,89,92,99,101,106" machi="89" ten="30,7900,0" yaku="1,1,0,1,52,1,53,1" doraHai="121,96" doraHaiUra="23,122" who="2" fromWho="2" sc="344,-20,219,-39,30,89,397,-20" /><INIT seed="6,0,0,0,0,98" ten="324,180,119,377" oya="2" hai0="38,57,80,133,114,45,33,30,107,77,89,16,11" hai1="72,104,115,119,79,12,65,0,124,53,91,82,61" hai2="63,99,120,69,42,108,46,40,22,15,52,111,44" hai3="106,5,67,62,21,97,14,49,117,84,24,122,88"/><V39/><F15/><W94/><G117/><T86/><D114/><U95/><E0/><V51/><F22/><W113/><G122/><T18/><D133/><U28/><E115/><V90/><F90/><W130/><G130/><T43/><D107/><U73/><E119/><V4/><F4/><W112/><G49/><T56/><D30/><U121/><E124/><V13/><F13/><W103/><G14/><T116/><D33/><U75/><E121/><V92/><F120/><W7/><G112/><T29/><D29/><U131/><E131/><V59/><F92/><W41/><G41/><T76/><D11/><U134/><E53/><V2/><F99/><W64/><G64/><T47/><D47/><U128/><E128/><V34/><F34/><W96/><G96/><T83/><D89/><U71/><E104/><V110/><F2/><W37/><G37/><T66/><D116/><U81/><E134/><V32/><F32/><W123/><G123/><T48/><D38/><U58/><E82/><V25/><F25/><W100/><G100/><T60/><REACH who="0" step="1"/><D57/><REACH who="0" ten="314,180,119,377" step="2"/><U74/><E28/><V102/><F102/><W17/><G113/><T109/><D109/><U105/><E105/><V10/><F10/><W118/><G118/><T129/><D129/><U3/><E58/><AGARI ba="0,1" hai="5,7,17,21,24,58,62,67,84,88,94,97,103,106" machi="58" ten="30,3900,0" yaku="7,1,52,1,54,1" doraHai="98" who="3" fromWho="1" sc="314,0,180,-39,119,0,377,49" /><INIT seed="7,0,0,5,3,71" ten="314,141,119,426" oya="3" hai0="133,21,62,134,85,104,102,20,91,2,51,42,88" hai1="72,81,90,128,87,44,98,67,29,36,39,45,49" hai2="79,55,118,58,24,16,119,0,19,38,125,70,115" hai3="106,7,4,32,107,59,127,56,99,22,1,124,112"/><W66/><G32/><T114/><D2/><U84/><E72/><V82/><F70/><W30/><G112/><T77/><D77/><U27/><E67/><V86/><F0/><W63/><G56/><T13/><D114/><U135/><E135/><V35/><F115/><W61/><G61/><T68/><D102/><U97/><E128/><V40/><F125/><N who="3" m="48203" /><G99/><T33/><D104/><N who="3" m="39977" /><G1/><T8/><D33/><U121/><E121/><V76/><F76/><W100/><G100/><T64/><D134/><U60/><E60/><V113/><F113/><W31/><G22/><T69/><D69/><U50/><E98/><V10/><F10/><W83/><G83/><T74/><D133/><U80/><E97/><V5/><F5/><AGARI ba="0,0" hai="4,5,7,30,31,59,63,66" m="39977,48203" machi="5" ten="30,1500,0" yaku="18,1" doraHai="71" who="3" fromWho="2" sc="314,0,141,0,119,-15,426,15" owari="314,11.4,141,-25.9,104,-39.6,441,54.1" /></mjloggm>