<mjloggm ver="2.3"><GO type="169" lobby="0"/><UN n0="%E3%81%9F%E3%81%BE%E5%AD%90" n1="%E3%83%A9%E3%82%B9%E3%82%8B%E3%81%8B%E3%81%AA" n2="%E3%81%82%E3%81%84%E3%81%93%E3%81%99" n3="%E6%9C%AA%E6%9D%A5%E5%B0%91%E5%B9%B4" dan="17,17,16,16" rate="2245.02,2200.65,2138.73,2149.85" sx="M,M,M,F"/><TAIKYOKU oya="0"/><INIT seed="0,0,0,5,1,110" ten="250,250,250,250" oya="0" hai0="123,68,50,114,7,124,104,89,0,56,61,97,28" hai1="121,128,92,63,77,115,113,133,47,79,48,95,118" hai2="75,80,100,23,125,87,4,91,94,108,57,54,17" hai3="99,10,33,27,42,103,88,11,62,111,129,132,116"/><T112/><D123/><U46/><E118/><V102/><F108/><W19/><G111/><T12/><D0/><U86/><E121/><V76/><F4/><W73/><G116/><T107/><D28/><U24/><E24/><V35/><F35/><W26/><G73/><T82/><D68/><U31/><E31/><V53/><F53/><W25/><G33/><T69/><D69/><U18/><E18/><V40/><F40/><W74/><G74/><T93/><D50/><U72/><E72/><V67/><F67/><W29/><G29/><T32/><D32/><U84/><E63/><V109/><F109/><W127/><G42/><T9/><D124/><U55/><E128/><V122/><F125/><W14/><G132/><T6/><D6/><U83/><E133/><V52/><F54/><W85/><G129/><T34/><D82/><N who="1" m="47183" /><E47/><V71/><F71/><W3/><G127/><T60/><D60/><U15/><E15/><V21/><F21/><W13/><G62/><T45/><D45/><U134/><E134/><V30/><F30/><W81/><G3/><T130/><D34/><U36/><E36/><V58/><F58/><W22/><REACH who="3" step="1"/><G14/><REACH who="3" ten="250,250,250,240" step="2"/><T39/><D130/><U41/><E41/><V59/><F75/><W131/><G131/><T119/><D119/><U20/><E48/><V78/><F122/><W117/><G117/><T43/><D43/><U51/><E51/><V16/><F59/><W37/><G37/><T1/><D39/><U65/><E46/><V105/><F57/><W49/><G49/><T120/><D120/><U5/><E55/><V2/><F52/><RYUUKYOKU ba="0,1" sc="250,-10,250,-10,250,-10,240,30" hai3="10,11,13,19,22,25,26,27,81,85,88,99,103" /><INIT seed="1,1,1,0,3,109" ten="240,240,240,270" oya="1" hai0="34,5,32,7,58,6,56,96,57,67,89,13,3" hai1="1,28,97,104,4,118,14,93,2,69,19,90,84" hai2="15,125,64,33,75,26,35,128,63,106,11,91,127" hai3="103,23,24,101,81,53,44,68,98,8,77,110,54"/><U94/><E104/><V36/><F36/><W124/><G68/><T0/><D67/><U65/><E4/><V120/><F120/><W121/><G121/><T74/><D74/><U107/><E107/><V135/><F75/><W92/><G110/><T88/><D13/><U83/><E93/><V31/><F91/><N who="0" m="34890" /><D96/><U123/><E123/><V126/><F106/><W30/><G124/><T70/><D70/><U9/><E118/><V16/><F135/><W27/><G101/><T18/><D18/><U73/><E73/><V21/><REACH who="2" step="1"/><F128/><REACH who="2" ten="240,240,230,270" step="2"/><W22/><G44/><T43/><D43/><U39/><E39/><V113/><F113/><W71/><G71/><AGARI ba="1,2" hai="11,15,16,21,26,31,33,35,63,64,71,125,126,127" machi="71" ten="40,8000,1" yaku="1,1,18,1,54,1,53,1" doraHai="109" doraHaiUra="60" who="2" fromWho="3" sc="240,0,240,0,230,103,270,-83" /><INIT seed="2,0,0,0,2,64" ten="240,240,333,187" oya="2" hai0="28,4,37,101,105,17,99,48,123,116,73,26,47" hai1="59,107,29,117,72,31,44,134,83,96,1,126,18" hai2="111,121,93,112,8,77,109,133,63,30,5,79,75" hai3="0,16,13,15,84,12,9,66,67,87,71,56,74"/><V33/><F121/><W97/><G74/><T57/><D123/><U91/><E1/><V52/><F112/><W10/><G0/><T130/><D73/><U90/><E117/><V60/><F133/><W128/><G128/><T25/><D130/><U85/><E72/><V22/><F33/><W14/><G10/><T34/><D116/><U114/><E114/><V82/><F79/><W45/><G71/><T27/><D4/><U110/><E110/><N who="2" m="41995" /><F93/><W100/><G45/><T70/><D57/><U50/><E134/><V86/><F75/><W41/><G41/><T129/><D37/><U92/><E126/><V88/><F77/><W62/><REACH who="3" step="1"/><G67/><REACH who="3" ten="240,240,333,177" step="2"/><T42/><D129/><U119/><E119/><V21/><F8/><W95/><AGARI ba="0,1" hai="9,12,13,14,15,16,56,62,66,84,87,95,97,100" machi="95" ten="30,12000,2" yaku="1,1,2,1,0,1,8,1,54,1,53,1" doraHai="64" doraHaiUra="54" who="3" fromWho="3" sc="240,-30,240,-30,333,-60,177,130" /><INIT seed="3,0,0,1,5,99" ten="210,210,273,307" oya="3" hai0="106,46,55,13,74,32,108,67,134,75,121,96,73" hai1="111,44,114,31,11,61,27,53,102,62,49,122,123" hai2="23,57,5,78,7,86,109,95,107,83,117,24,9" hai3="91,120,76,70,131,12,8,93,25,113,39,88,92"/><W69/><G113/><T43/><D121/><U51/><E114/><V15/><F109/><W17/><G120/><T65/><D108/><U72/><E72/><V30/><F107/><W1/><G39/><T124/><D32/><U81/><E111/><V54/><F117/><W47/><G131/><T132/><D55/><U79/><E123/><V133/><F133/><N who="0" m="51306" /><D13/><U104/><E122/><V56/><F95/><W130/><G130/><T19/><D19/><U21/><E11/><V40/><F40/><W16/><G1/><T119/><D119/><U28/><E28/><V18/><REACH who="2" step="1"/><F57/><REACH who="2" ten="210,210,263,307" step="2"/><W101/><G69/><T63/><D124/><U77/><E104/><V98/><F98/><N who="3" m="59599" /><G70/><T10/><D106/><U80/><E80/><V125/><F125/><W37/><G37/><T52/><D96/><U112/><E112/><V85/><F85/><W22/><G92/><T45/><D43/><U68/><E68/><V60/><AGARI ba="0,1" hai="5,7,9,15,18,23,24,30,54,56,60,78,83,86" machi="60" ten="20,5200,0" yaku="1,1,0,1,7,1,8,1,53,0" doraHai="99" doraHaiUra="42" who="2" fromWho="2" sc="210,-13,210,-13,263,62,307,-26" /><INIT seed="4,0,0,0,5,28" ten="197,197,325,281" oya="0" hai0="100,37,60,112,93,57,7,120,13,42,19,0,9" hai1="70,25,49,18,82,76,31,67,79,128,115,125,45" hai2="24,122,130,40,64,33,35,43,91,99,80,78,16" hai3="86,132,29,10,39,56,103,118,27,104,95,105,50"/><T61/><D120/><U116/><E116/><V74/><F122/><W44/><G118/><T14/><D112/><U84/><E128/><V121/><F121/><W73/><G73/><T75/><D75/><U8/><E125/><V30/><F130/><W65/><G39/><T135/><D135/><U1/><E115/><V71/><F35/><W117/><G117/><T98/><D37/><U4/><E18/><V15/><F64/><W47/><G132/><T53/><D42/><U111/><E111/><V59/><F71/><W88/><G10/><T34/><D34/><U126/><E126/><V46/><F59/><W51/><G105/><T87/><D87/><U123/><E123/><V58/><F58/><W108/><G104/><T119/><D119/><U85/><E67/><V54/><F91/><W127/><G103/><T36/><D36/><U89/><E70/><V32/><F32/><W12/><G12/><T113/><D113/><U133/><E85/><V109/><F99/><W22/><G108/><T41/><D41/><U11/><E11/><V38/><F109/><W107/><G107/><T23/><REACH who="0" step="1"/><D0/><REACH who="0" ten="187,197,325,281" step="2"/><U2/><E1/><V72/><F74/><W62/><G127/><T92/><D92/><U3/><E2/><V90/><F43/><W52/><REACH who="3" step="1"/><G51/><AGARI ba="0,1" hai="7,9,13,14,19,23,51,53,57,60,61,93,98,100" machi="51" ten="30,11600,0" yaku="1,1,7,1,8,1,53,1" doraHai="28" doraHaiUra="5" who="0" fromWho="3" sc="187,126,197,0,325,0,281,-116" /><INIT seed="4,1,0,5,0,25" ten="313,197,325,165" oya="0" hai0="103,115,120,3,11,51,63,19,84,0,93,81,39" hai1="34,33,75,73,110,122,17,95,7,38,118,99,71" hai2="67,24,29,112,90,64,59,22,83,119,42,79,43" hai3="130,69,4,106,101,6,2,121,117,31,18,125,35"/><T91/><D120/><U61/><E38/><V78/><F112/><W98/><G117/><T111/><D39/><U41/><E41/><V44/><F119/><W82/><G121/><T134/><D115/><U109/><E118/><V105/><F105/><W54/><G125/><T135/><D63/><U85/><E85/><V104/><F104/><W116/><G116/><T108/><D51/><U1/><E122/><V12/><F90/><W27/><G130/><T60/><D60/><U76/><E17/><V100/><F100/><W113/><G113/><T94/><D19/><U9/><E109/><N who="0" m="42057" /><D11/><U123/><E123/><V5/><F59/><W97/><G2/><T68/><D68/><U46/><E46/><V14/><F78/><W127/><G127/><T114/><D114/><U13/><E1/><N who="0" m="585" /><D103/><U65/><E110/><V107/><F43/><W124/><G124/><T96/><D96/><U30/><E76/><V56/><F56/><W74/><G69/><T132/><AGARI ba="1,0" hai="81,84,91,93,94,132,134,135" m="585,42057" machi="132" ten="40,3900,0" yaku="20,1,10,1" doraHai="25" who="0" fromWho="0" sc="313,42,197,-14,325,-14,165,-14" /><INIT seed="4,2,0,0,0,93" ten="355,183,311,151" oya="0" hai0="13,15,73,121,27,87,127,118,122,74,1,113,114" hai1="103,116,119,49,96,80,42,101,63,126,71,14,23" hai2="128,19,66,5,106,34,0,47,40,21,95,86,131" hai3="99,132,4,117,125,16,133,110,83,77,94,56,24"/><T76/><D87/><U62/><E126/><V105/><F34/><W33/><G110/><T12/><D76/><U100/><E80/><V30/><F30/><W25/><G117/><T65/><D65/><U69/><E14/><V37/><F5/><W81/><G125/><T52/><D52/><U91/><E23/><V7/><F7/><W97/><G4/><T20/><D127/><U32/><E32/><V111/><F0/><W60/><G94/><T18/><D74/><U53/><E42/><V46/><F46/><W84/><G81/><T107/><D107/><U89/><E53/><V85/><F111/><W29/><G25/><T70/><D70/><U68/><E49/><V8/><F8/><W92/><G16/><N who="0" m="12679" /><D73/><U50/><E50/><V3/><F3/><W17/><G17/><T45/><D45/><U26/><E26/><V78/><F86/><W82/><G82/><T57/><D57/><U55/><E55/><V61/><F78/><W90/><REACH who="3" step="1"/><G99/><REACH who="3" ten="355,183,311,141" step="2"/><T79/><D118/><N who="1" m="45099" /><E96/><V31/><F95/><W54/><AGARI ba="2,1" hai="24,29,33,54,56,60,77,83,84,90,92,97,132,133" machi="54" ten="30,4000,0" yaku="1,1,0,1,52,1,53,0" doraHai="93" doraHaiUra="64" who="3" fromWho="3" sc="355,-22,183,-12,311,-12,141,56" /><INIT seed="5,0,0,5,5,105" ten="333,171,299,197" oya="1" hai0="8,3,9,110,117,25,111,113,130,86,26,93,96" hai1="46,75,72,68,118,0,131,109,20,73,63,81,38" hai2="71,70,76,44,36,22,12,97,32,116,101,5,82" hai3="52,49,98,74,62,78,108,40,60,31,27,11,100"/><U103/><E118/><V127/><F116/><W29/><G108/><T122/><D117/><U58/><E68/><V115/><F32/><W51/><G11/><T90/><D113/><U54/><E0/><V64/><F127/><W95/><G74/><T45/><D130/><U94/><E131/><V6/><F115/><W30/><G78/><T65/><D122/><U92/><E109/><V134/><F134/><W114/><G114/><T121/><D121/><U47/><E81/><V7/><F64/><W104/><G104/><T17/><D65/><U39/><E20/><V135/><F135/><W53/><G40/><T119/><D119/><U1/><E1/><V66/><F66/><W77/><G77/><T55/><D3/><U28/><E28/><V16/><F44/><N who="3" m="27815" /><G27/><T48/><D110/><U106/><E106/><V85/><REACH who="2" step="1"/><F36/><REACH who="2" ten="333,171,289,197" step="2"/><W4/><G4/><T59/><D111/><U14/><E47/><AGARI ba="0,1" hai="29,30,31,47,51,52,60,62,95,98,100" m="27815" machi="47" ten="30,2000,0" yaku="8,1,54,1" doraHai="105" who="3" fromWho="1" sc="333,0,171,-20,289,0,197,30" /><INIT seed="6,0,0,4,0,49" ten="333,151,289,227" oya="2" hai0="25,88,75,120,124,55,38,79,26,6,20,96,133" hai1="83,57,105,61,23,59,42,85,104,44,101,5,50" hai2="30,31,81,64,82,35,53,102,17,65,100,48,71" hai3="86,98,131,127,78,12,97,36,84,80,95,54,66"/><V115/><F115/><W123/><G123/><T73/><D120/><U21/><E105/><V132/><F132/><W24/><G36/><T117/><D38/><U110/><E110/><V18/><F71/><W69/><G127/><T68/><D68/><U52/><E101/><N who="2" m="39019" /><F35/><W41/><G131/><T87/><D124/><U7/><E104/><V90/><F17/><W37/><G37/><T107/><D107/><U99/><E99/><V112/><F18/><W89/><G41/><T128/><D96/><U19/><E59/><N who="2" m="33191" /><F90/><W8/><G24/><T28/><D133/><U63/><E63/><V91/><F91/><W13/><G13/><T16/><D128/><U109/><E109/><V27/><F27/><W4/><G69/><T67/><D117/><U56/><E56/><V121/><F121/><W32/><G32/><T15/><D67/><N who="2" m="25674" /><F112/><W106/><G106/><T93/><D79/><U111/><E111/><V3/><F3/><W29/><G29/><AGARI ba="0,0" hai="29,30,31,81,82" m="25674,33191,39019" machi="29" ten="30,11600,0" yaku="26,2,8,1,52,1" doraHai="49" who="2" fromWho="3" sc="333,0,151,0,289,116,227,-116" /><INIT seed="6,1,0,5,5,5" ten="333,151,405,111" oya="2" hai0="109,115,74,34,69,25,12,68,17,41,51,107,117" hai1="85,80,81,123,2,95,105,46,75,8,16,1,57" hai2="135,103,38,60,40,26,55,56,24,33,73,93,65" hai3="42,110,125,101,131,22,79,14,48,30,4,100,126"/><V63/><F73/><W32/><G110/><T106/><D109/><U97/><E123/><V58/><F135/><W31/><G131/><T94/><D74/><U84/><E105/><V72/><F72/><W47/><G32/><T78/><D78/><U3/><E75/><V133/><F133/><W20/><G79/><T121/><D121/><U116/><E116/><V37/><F40/><W102/><G20/><T89/><D117/><U27/><E46/><V15/><F26/><W0/><G0/><T23/><D107/><U120/><E120/><V13/><F38/><W119/><G119/><T111/><D106/><U54/><E85/><V59/><F59/><W19/><REACH who="3" step="1"/><G4/><REACH who="3" ten="333,151,405,101" step="2"/><T10/><D34/><U118/><E118/><V50/><F33/><W77/><G77/><T64/><D111/><U76/><E1/><V130/><F130/><W53/><G53/><T83/><D23/><N who="1" m="13799" /><E2/><V112/><F55/><W21/><G21/><T6/><D6/><U129/><E129/><V49/><F65/><W122/><G122/><T45/><D64/><U88/><E3/><V28/><F63/><W127/><AGARI ba="1,1" hai="14,19,22,30,31,42,47,48,100,101,102,125,126,127" machi="127" ten="40,12000,2" yaku="1,1,0,1,18,1,53,3" doraHai="5" doraHaiUra="96" who="3" fromWho="3" sc="333,-31,151,-31,405,-61,101,133" /><INIT seed="7,0,0,2,4,93" ten="302,120,344,234" oya="3" hai0="24,100,36,106,69,43,54,127,78,15,111,47,4" hai1="40,74,26,49,76,7,39,86,12,51,91,22,80" hai2="122,16,131,0,72,5,41,132,28,1,71,23,110" hai3="112,107,130,38,109,61,75,31,50,128,94,135,77"/><W48/><G38/><T52/><D111/><U133/><E133/><V60/><F110/><W8/><G107/><T19/><D69/><U87/><E39/><V63/><F72/><W10/><G109/><T34/><D127/><U104/><E104/><V83/><F28/><W105/><G105/><T117/><D117/><U89/><E74/><V118/><F118/><W92/><G61/><T129/><D129/><U99/><E51/><V103/><F41/><W29/><G75/><T134/><D134/><U120/><E120/><V65/><F103/><W42/><G135/><T85/><D4/><U95/><E7/><V17/><F5/><W108/><G108/><T73/><D73/><U113/><E113/><V25/><F131/><W82/><G82/><T56/><D34/><U81/><E12/><V37/><F83/><W9/><G9/><T59/><D24/><U114/><E114/><V3/><F37/><W53/><G53/><N who="0" m="20587" /><D85/><U11/><E11/><V67/><F132/><W123/><G77/><T2/><D2/><U126/><E126/><V46/><F122/><W20/><G20/><N who="0" m="11391" /><D78/><U70/><E70/><V116/><F116/><W44/><G112/><T6/><D6/><U101/><E40/><V57/><F46/><W18/><G44/><T68/><D68/><U96/><E49/><V115/><F115/><W84/><G84/><T30/><D30/><U64/><E64/><V66/><F67/><W102/><G42/><T13/><D13/><U88/><E101/><V119/><F119/><W125/><G102/><T33/><D100/><U98/><E22/><N who="2" m="13511" /><F0/><W124/><G123/><RYUUKYOKU ba="0,0" sc="302,-15,120,-15,344,15,234,15" hai2="1,3,17,23,57,60,63,65,66,71" hai3="8,10,18,29,31,48,50,92,94,124,125,128,130" /><INIT seed="7,1,0,3,4,108" ten="287,105,359,249" oya="3" hai0="57,135,133,127,46,83,114,53,23,75,5,44,116" hai1="7,125,119,25,78,13,118,42,60,99,123,124,110" hai2="74,117,30,29,64,71,111,120,61,21,3,38,11" hai3="59,22,50,80,2,130,77,126,58,16,81,122,129"/><W132/><G122/><T131/><D116/><U105/><E42/><V47/><F111/><W43/><G2/><T51/><D5/><U121/><E60/><V36/><F117/><N who="1" m="44553" /><E25/><V113/><F120/><N who="1" m="46153" /><E7/><V96/><F74/><W128/><G126/><N who="1" m="48746" /><E13/><V100/><F11/><W9/><G9/><T93/><D127/><U54/><E54/><V82/><F3/><W40/><G40/><T45/><D131/><U94/><E110/><V87/><F21/><W39/><G39/><T104/><D53/><U26/><E26/><V27/><F27/><W6/><G6/><T0/><D0/><U35/><E35/><V52/><F52/><W92/><G43/><T98/><D51/><U76/><E105/><V115/><F47/><W91/><G50/><T18/><D104/><U106/><E106/><N who="2" m="63751" /><F38/><W33/><G58/><T97/><D57/><U112/><E112/><N who="2" m="43083" /><F36/><W37/><G59/><T20/><D114/><U85/><E85/><V10/><F10/><W24/><G37/><T4/><D45/><U70/><E70/><V90/><AGARI ba="1,0" hai="29,30,61,64,71,82,87,90" m="43083,63751" machi="90" ten="30,7900,0" yaku="15,1,52,3" doraHai="108" who="2" fromWho="2" sc="287,-21,105,-21,359,82,249,-40" owari="266,6.6,84,-41.6,441,54.1,209,-19.1" /></mjloggm>