<mjloggm ver="2.3"><GO type="169" lobby="0"/><UN n0="%E3%81%84%E3%81%A1" n1="%E9%A2%A8%E8%A6%8B%E7%A7%8B%E6%BE%A4" n2="%E6%9F%8A%E5%92%B2%E5%A4%9C" n3="%6D%61%6A%75%6E%69%61" dan="16,17,16,16" rate="2081.09,2136.73,2137.60,2137.61" sx="M,M,M,M"/><TAIKYOKU oya="0"/><INIT seed="0,0,0,4,5,34" ten="250,250,250,250" oya="0" hai0="52,10,36,81,49,65,117,73,59,103,0,74,105" hai1="91,102,107,87,80,101,127,79,15,84,83,121,92" hai2="41,17,134,66,18,35,86,28,46,68,33,57,70" hai3="64,76,37,99,48,32,61,50,75,51,106,5,26"/><T129/><D117/><U135/><E121/><V112/><F112/><W71/><G37/><T123/><D123/><U111/><E111/><V89/><F134/><W132/><G132/><T21/><D36/><U38/><E15/><V125/><F125/><W113/><G113/><T90/><D129/><U25/><E25/><V116/><F116/><W93/><G5/><T6/><D65/><U114/><E38/><V56/><F68/><W115/><G115/><T43/><D43/><U120/><E135/><V4/><F35/><W23/><G32/><T109/><D109/><U47/><E47/><V60/><F33/><W82/><G106/><T72/><D21/><U67/><E67/><V20/><F4/><W24/><REACH who="3" step="1"/><G23/><REACH who="3" ten="250,250,250,240" step="2"/><T77/><REACH who="0" step="1"/><D90/><AGARI ba="0,1" hai="24,26,48,50,51,61,64,71,75,76,82,90,93,99" machi="90" ten="40,2600,0" yaku="1,1,2,1,53,0" doraHai="34" doraHaiUra="119" who="3" fromWho="0" sc="250,-26,250,0,250,0,240,36" /><INIT seed="1,0,0,1,1,128" ten="224,250,250,276" oya="1" hai0="93,98,36,38,74,105,117,80,97,91,122,37,33" hai1="18,111,21,100,131,112,124,49,48,102,120,3,51" hai2="30,108,28,73,85,19,78,61,110,44,15,0,27" hai3="121,101,29,12,59,67,113,79,115,31,107,103,126"/><U2/><E112/><V104/><F0/><W64/><G59/><T129/><D117/><U133/><E120/><V53/><F104/><W10/><G12/><T9/><D33/><U63/><E131/><V25/><F73/><W72/><G72/><T125/><D129/><U95/><E124/><V54/><F78/><W55/><G10/><T77/><D125/><U46/><E111/><N who="2" m="42539" /><F85/><W68/><G126/><T92/><D9/><U22/><E49/><N who="2" m="28839" /><F54/><W57/><G57/><T89/><REACH who="0" step="1"/><D105/><REACH who="0" ten="214,250,250,276" step="2"/><U7/><E22/><N who="2" m="11647" /><F61/><W62/><G107/><T34/><D34/><U6/><E63/><V114/><F114/><W65/><G115/><T94/><D94/><U14/><E95/><V119/><F119/><W24/><G113/><T96/><D96/><U35/><E35/><V109/><F109/><W41/><G121/><AGARI ba="0,1" hai="36,37,38,74,77,80,89,91,92,93,97,98,121,122" machi="121" ten="50,3200,0" yaku="1,1,9,1,53,0" doraHai="128" doraHaiUra="135" who="0" fromWho="3" sc="214,42,250,0,250,0,276,-32" /><INIT seed="2,0,0,5,3,54" ten="256,250,250,244" oya="2" hai0="37,15,72,32,124,59,91,5,45,78,7,116,48" hai1="53,31,4,73,23,77,106,88,108,62,82,0,118" hai2="112,46,70,111,8,60,22,34,121,130,98,86,67" hai3="133,65,83,126,17,6,19,2,35,132,10,87,120"/><V80/><F112/><W101/><G120/><T51/><D32/><U131/><E108/><V92/><F121/><W3/><G101/><T110/><D37/><U107/><E118/><V43/><F130/><W123/><G123/><T29/><D29/><U49/><E62/><V9/><F34/><W28/><G65/><T114/><D114/><U52/><E53/><V93/><F111/><W12/><G87/><T81/><D110/><U24/><E131/><V96/><F92/><W68/><G83/><T89/><D124/><U76/><E76/><V18/><F96/><W55/><G55/><T40/><D116/><U119/><E119/><V11/><F86/><W63/><G63/><T26/><D26/><U42/><E42/><V125/><F80/><W56/><G56/><T50/><D7/><U58/><E0/><N who="3" m="42" /><G68/><T13/><D40/><U128/><E4/><V95/><F125/><W74/><G74/><T69/><D5/><U115/><E115/><V135/><F135/><N who="3" m="51787" /><G126/><T44/><D72/><U100/><E128/><V103/><F95/><W66/><G66/><T75/><D75/><U71/><E71/><V57/><F70/><W104/><G104/><T1/><D69/><U20/><E100/><V113/><F113/><W105/><G105/><T38/><D78/><U109/><E88/><V122/><F122/><W127/><G127/><T85/><D91/><U84/><E73/><V25/><REACH who="2" step="1"/><F43/><REACH who="2" ten="256,250,240,244" step="2"/><W134/><N who="3" m="51795" /><W117/><DORA hai="47" /><G117/><T39/><D81/><U129/><E129/><V16/><F16/><N who="3" m="6219" /><G35/><T61/><D85/><U94/><E109/><V33/><F33/><RYUUKYOKU ba="0,1" sc="256,-15,250,-15,240,15,244,15" hai2="8,9,11,18,22,25,46,57,60,67,93,98,103" hai3="6,10,12,28" /><INIT seed="2,1,1,3,3,111" ten="241,235,255,259" oya="2" hai0="54,9,42,82,85,12,95,114,74,56,59,94,5" hai1="123,66,6,32,91,100,46,134,7,119,92,116,48" hai2="26,110,16,79,83,132,20,33,4,109,52,104,87" hai3="3,10,67,11,124,14,125,49,50,29,69,133,130"/><V18/><F104/><W68/><G133/><T19/><D74/><U24/><E134/><V80/><F132/><W27/><G130/><T96/><D114/><U131/><E131/><V0/><F33/><W71/><G67/><T113/><D113/><U44/><E100/><V105/><F105/><W40/><G3/><T23/><D42/><U84/><E123/><V39/><F39/><W43/><G14/><T15/><D96/><U47/><E66/><V108/><F83/><W34/><G43/><T86/><D86/><U103/><E48/><V129/><F129/><W22/><G34/><T30/><D30/><U135/><E135/><V62/><F4/><W88/><G88/><N who="0" m="51255" /><D56/><U64/><E64/><V61/><F0/><W60/><G60/><AGARI ba="1,1" hai="5,9,12,15,19,23,54,59,60,94,95" m="51255" machi="60" ten="30,2000,0" yaku="8,1,54,1" doraHai="111" who="0" fromWho="3" sc="241,33,235,0,255,0,259,-23" /><INIT seed="3,0,0,1,5,29" ten="274,235,255,236" oya="3" hai0="34,18,69,118,60,73,98,48,16,102,91,126,65" hai1="33,14,75,11,79,120,25,129,64,46,110,95,104" hai2="9,35,27,103,72,125,2,47,61,76,113,6,119" hai3="5,131,122,83,121,57,40,96,97,39,38,26,85"/><W12/><G131/><T133/><D118/><U94/><E110/><V59/><F119/><W17/><G5/><T45/><D73/><U82/><E120/><V127/><F113/><W56/><G26/><T20/><D133/><U116/><E129/><V41/><F103/><W128/><G85/><T24/><D126/><U106/><E64/><V68/><F68/><W23/><G83/><T130/><D91/><U8/><E8/><V31/><F76/><W77/><G77/><T49/><D130/><U22/><E46/><V74/><F127/><W43/><G23/><T3/><D3/><U99/><E94/><V105/><F105/><W4/><G128/><T134/><D134/><U44/><E44/><V55/><REACH who="2" step="1"/><F125/><REACH who="2" ten="274,235,245,236" step="2"/><W7/><G12/><T30/><D45/><U67/><E14/><V132/><F132/><W92/><G92/><T80/><D80/><U107/><E95/><V86/><F86/><W15/><G15/><N who="0" m="9247" /><D18/><AGARI ba="0,1" hai="4,7,17,18,38,39,40,43,56,57,96,97,121,122" machi="18" ten="25,2400,0" yaku="22,2" doraHai="29" who="3" fromWho="0" sc="274,-24,235,0,245,0,236,34" /><INIT seed="3,1,0,1,3,135" ten="250,235,245,270" oya="3" hai0="78,22,54,37,56,94,29,79,68,127,3,108,125" hai1="38,133,49,33,63,14,83,12,39,2,69,112,97" hai2="81,115,6,96,85,42,27,106,51,90,111,67,107" hai3="101,61,114,60,62,17,57,132,82,40,59,18,64"/><W99/><G132/><T103/><D68/><U36/><E2/><V87/><F115/><W13/><G114/><T98/><D3/><U35/><E112/><V109/><F67/><W43/><G82/><T100/><D37/><U88/><E133/><V19/><F6/><W130/><G130/><T45/><D45/><U120/><E120/><V118/><F118/><W66/><G61/><T131/><D131/><U124/><E49/><V55/><F42/><W89/><G89/><T53/><D103/><U128/><E128/><V129/><F129/><W20/><REACH who="3" step="1"/><G17/><REACH who="3" ten="250,235,245,260" step="2"/><T48/><D78/><U30/><E88/><V110/><F96/><W5/><G5/><T10/><D79/><U71/><E83/><V9/><F87/><W23/><G23/><T126/><D22/><U91/><E97/><V72/><F72/><W11/><G11/><T0/><D10/><U121/><E91/><V116/><F116/><W1/><G1/><T52/><D0/><U44/><E63/><V15/><REACH who="2" step="1"/><F27/><REACH who="2" ten="250,235,235,260" step="2"/><W84/><G84/><T58/><D98/><U47/><E121/><V119/><F119/><W32/><G32/><T113/><D113/><U75/><E75/><V34/><F34/><W21/><G21/><T86/><D86/><U41/><E35/><V50/><F50/><W122/><G122/><T46/><D48/><U104/><E33/><V95/><F95/><AGARI ba="1,2" hai="13,18,20,40,43,57,59,60,62,64,66,95,99,101" machi="95" ten="30,12000,1" yaku="1,1,7,1,9,1,8,1,53,1" doraHai="135" doraHaiUra="8" who="3" fromWho="2" sc="250,0,235,0,235,-123,260,143" /><INIT seed="3,2,0,1,2,111" ten="250,235,112,403" oya="3" hai0="1,9,104,86,85,106,8,2,105,37,28,4,13" hai1="10,79,51,14,135,78,133,71,38,61,6,126,48" hai2="82,100,36,80,33,69,58,74,88,5,76,131,15" hai3="125,59,32,56,11,12,53,87,103,34,43,132,57"/><W26/><G125/><T52/><D37/><U75/><E38/><V64/><F36/><W66/><G132/><N who="1" m="50762" /><E126/><V107/><F131/><W124/><G124/><T17/><D28/><U72/><E71/><V40/><F69/><W21/><G43/><T92/><D92/><U134/><E61/><V46/><F33/><W16/><G66/><T118/><D118/><U7/><E7/><V109/><F109/><W114/><G114/><T83/><D2/><U47/><E134/><V30/><F30/><W102/><G34/><T70/><D70/><U65/><E65/><V62/><F100/><N who="3" m="38443" /><G32/><T93/><D93/><U50/><E47/><V68/><F107/><W35/><G35/><T123/><D123/><U121/><E121/><V29/><F29/><N who="3" m="17615" /><G87/><T54/><REACH who="0" step="1"/><D86/><REACH who="0" ten="240,235,112,403" step="2"/><U99/><E99/><V55/><F68/><W24/><G24/><T0/><D0/><U44/><E72/><V110/><F110/><W129/><G129/><T77/><AGARI ba="2,1" hai="1,4,8,9,13,17,52,54,77,83,85,104,105,106" machi="77" ten="30,4000,0" yaku="1,1,0,1,54,1,53,0" doraHai="111" doraHaiUra="31" who="0" fromWho="0" sc="240,56,235,-12,112,-12,403,-22" /><INIT seed="4,0,0,5,0,79" ten="296,223,100,381" oya="0" hai0="26,21,106,127,38,24,77,19,3,20,4,71,65" hai1="105,1,62,40,37,74,116,66,97,102,17,125,134" hai2="11,93,0,15,10,30,111,118,126,35,44,14,23" hai3="59,95,89,34,53,32,88,49,124,91,104,29,67"/><T63/><D127/><U33/><E116/><V12/><F111/><W2/><G124/><T36/><D106/><U110/><E110/><V109/><F109/><W70/><G104/><T58/><D71/><U113/><E134/><V87/><F126/><W47/><G2/><T103/><D103/><U43/><E125/><V90/><F118/><W73/><G73/><T52/><D65/><U99/><E1/><V31/><F35/><W7/><G7/><T50/><D63/><U72/><E97/><V13/><N who="2" m="3072" /><DORA hai="85" /><V41/><F0/><W83/><G70/><T61/><D61/><U108/><E108/><V28/><REACH who="2" step="1"/><F23/><REACH who="2" ten="296,223,90,381" step="2"/><W42/><G32/><T69/><D3/><U18/><E33/><V9/><F9/><W64/><G34/><T80/><D21/><U86/><E113/><V22/><F22/><W131/><G131/><T46/><D20/><U115/><E115/><V56/><F56/><W135/><G59/><T68/><D58/><U6/><E18/><V27/><F27/><W39/><G29/><T55/><D26/><U5/><E17/><V94/><F94/><W60/><G95/><T132/><D19/><U76/><E5/><V129/><F129/><W117/><G135/><T45/><D24/><U133/><E6/><V57/><F57/><W112/><G117/><T122/><D4/><U128/><E128/><V8/><F8/><W84/><G112/><T119/><D132/><U92/><E133/><V75/><F75/><W81/><G47/><T107/><D119/><U96/><E72/><V54/><F54/><W16/><G16/><T114/><D114/><RYUUKYOKU ba="0,1" sc="296,-10,223,-10,90,30,381,-10" hai2="10,11,28,30,31,41,44,87,90,93" /><INIT seed="5,1,1,5,0,125" ten="286,213,120,371" oya="1" hai0="89,86,67,94,98,93,5,2,31,102,131,29,95" hai1="110,116,56,129,97,9,88,73,6,32,82,51,96" hai2="77,81,3,1,114,130,108,104,17,57,78,64,46" hai3="61,132,79,135,42,66,40,7,44,85,54,107,52"/><U26/><E116/><V43/><F108/><W75/><G107/><T121/><D121/><U15/><E110/><V127/><F127/><W103/><G75/><T35/><D35/><U101/><E129/><V90/><F104/><W41/><G103/><T87/><D67/><U111/><E111/><V21/><F3/><W84/><G44/><T13/><D2/><U100/><E73/><V23/><F1/><W33/><G33/><T20/><D131/><U83/><E26/><V68/><F68/><W49/><G7/><T106/><D106/><U128/><E32/><V60/><F23/><W22/><G22/><T118/><D118/><U99/><E128/><V28/><F28/><W50/><G84/><T120/><D120/><U58/><E82/><V37/><F130/><W74/><G85/><T36/><D36/><U8/><E8/><V91/><F114/><W134/><G79/><T18/><D5/><U59/><E51/><N who="3" m="19466" /><G74/><T14/><D14/><U109/><E109/><V80/><F77/><W0/><G0/><T119/><D119/><U71/><E71/><AGARI ba="1,1" hai="40,41,42,52,54,61,66,71,132,134,135" m="19466" machi="71" ten="40,8000,1" yaku="20,1,34,2,54,1" doraHai="125" who="3" fromWho="1" sc="286,0,213,-83,120,0,371,93" /><INIT seed="6,0,0,1,2,16" ten="286,130,120,464" oya="2" hai0="130,41,13,15,86,54,118,96,76,55,34,62,44" hai1="110,19,105,126,59,14,102,112,133,18,17,50,95" hai2="57,28,116,0,83,65,99,104,46,11,29,26,30" hai3="125,87,73,134,81,127,10,79,120,122,32,101,88"/><V2/><F116/><W61/><G134/><T25/><D118/><U113/><E110/><V21/><F11/><W6/><G101/><T72/><D72/><U132/><E105/><V24/><F46/><W82/><G61/><T74/><D74/><U70/><E70/><V92/><F104/><W40/><G32/><T12/><D130/><U8/><E126/><N who="3" m="48138" /><G40/><T85/><D96/><N who="1" m="59679" /><E59/><V75/><F75/><W43/><G43/><T7/><D7/><N who="1" m="3359" /><E50/><V45/><F83/><W39/><G39/><T5/><D5/><U67/><E67/><V20/><F45/><W78/><G78/><T66/><D76/><U35/><E35/><V9/><F9/><W37/><G37/><T56/><D34/><U128/><E128/><V38/><F38/><W119/><G119/><T64/><D64/><U58/><E58/><V80/><F80/><W111/><G111/><T71/><D71/><U114/><AGARI ba="0,0" hai="17,18,19,112,113,114,132,133" m="3359,59679" machi="114" ten="40,1500,0" yaku="15,1" doraHai="16" who="1" fromWho="1" sc="286,-4,130,15,120,-7,464,-4" /><INIT seed="7,0,0,5,3,8" ten="282,145,113,460" oya="3" hai0="102,29,109,101,79,33,38,35,131,30,113,17,54" hai1="89,112,52,114,110,1,120,97,23,48,83,106,64" hai2="127,133,119,4,21,125,10,95,134,76,18,121,40" hai3="12,91,130,57,70,99,11,31,69,20,88,51,2"/><W42/><G51/><T50/><D109/><U129/><E110/><V74/><F74/><W39/><G57/><T107/><D38/><U41/><E1/><V25/><F76/><W67/><G20/><T28/><D107/><U96/><E120/><V19/><F40/><W59/><G59/><T128/><D79/><U132/><E129/><V58/><F58/><W63/><G11/><T14/><D113/><N who="1" m="43627" /><E132/><N who="2" m="50795" /><F95/><W117/><G91/><T73/><D73/><U94/><E64/><V24/><F121/><W45/><G63/><T122/><D122/><U90/><E41/><V9/><F119/><W81/><G81/><T27/><D101/><N who="1" m="62759" /><E23/><N who="2" m="13431" /><F10/><W87/><G67/><T62/><D131/><U26/><E26/><V5/><F4/><W78/><G78/><T46/><D128/><U115/><N who="1" m="43635" /><U75/><DORA hai="56" /><E75/><V65/><F65/><W77/><G2/><AGARI ba="0,0" hai="2,5,9,19,21,25,125,127" m="13431,50795" machi="2" ten="30,3900,0" yaku="20,1,34,2" doraHai="8,56" who="2" fromWho="3" sc="282,0,145,0,113,39,460,-39" owari="282,8.2,145,-35.5,152,-24.8,421,52.1" /></mjloggm>