<mjloggm ver="2.3"><GO type="169" lobby="0"/><UN n0="%E3%81%94%E3%82%8B%E3%81%A3" n1="%6D%61%74%6F%30%36%30%33" n2="%E7%99%BD%E8%8F%9C%E6%9D%A5%E6%89%93%E9%BA%BB%E5%B0%86%E4%BA%86" n3="%6B%6F%61%6C%61" dan="17,17,16,16" rate="2181.29,2208.43,2090.75,2035.83" sx="M,M,F,M"/><TAIKYOKU oya="0"/><INIT seed="0,0,0,5,0,34" ten="250,250,250,250" oya="0" hai0="92,106,124,44,125,114,93,48,40,3,76,94,96" hai1="123,118,135,4,100,63,77,60,5,99,87,20,127" hai2="115,108,50,88,128,6,131,31,36,132,117,15,47" hai3="7,35,46,91,65,105,73,56,130,19,112,104,113"/><T51/><D114/><U64/><E118/><V10/><F115/><W86/><G35/><T26/><D76/><U45/><E123/><V55/><F117/><W11/><G130/><N who="2" m="49705" /><F108/><W37/><G73/><T78/><D78/><U9/><E127/><N who="0" m="48713" /><D26/><U43/><E135/><V95/><F36/><W98/><G19/><T58/><D58/><U62/><E20/><V8/><F31/><W22/><G22/><T18/><D18/><U30/><E30/><V90/><F132/><W49/><G37/><N who="0" m="21519" /><D3/><U79/><E64/><V133/><F133/><W122/><G122/><T72/><D72/><U71/><E71/><V25/><F25/><W29/><G29/><T119/><D119/><U120/><E120/><V68/><F68/><W103/><G56/><T39/><D39/><U126/><E126/><V17/><F95/><N who="0" m="36426" /><D106/><U97/><E87/><V13/><AGARI ba="0,0" hai="6,8,10,13,15,17,47,50,55,88,90" m="49705" machi="13" ten="30,2000,0" yaku="19,1,54,1" doraHai="34" who="2" fromWho="2" sc="250,-10,250,-5,250,20,250,-5" /><INIT seed="1,0,0,3,2,36" ten="240,245,270,245" oya="1" hai0="111,85,87,113,105,46,134,55,12,97,43,74,99" hai1="122,130,88,10,54,61,129,16,89,60,21,0,9" hai2="44,116,78,14,59,19,38,109,131,101,128,11,20" hai3="69,51,121,1,63,37,34,108,17,4,76,25,107"/><U5/><E122/><V57/><F109/><W67/><G108/><T94/><D113/><U35/><E35/><V90/><F116/><W13/><G121/><T106/><D74/><U83/><E9/><V2/><F101/><W82/><G37/><T112/><D112/><U75/><E75/><V93/><F78/><W118/><G107/><T3/><D3/><U24/><E83/><V68/><F68/><W125/><G118/><T8/><D111/><U80/><E80/><V79/><F79/><W23/><G125/><T81/><D55/><U58/><REACH who="1" step="1"/><E61/><REACH who="1" ten="240,235,270,245" step="2"/><V30/><F128/><AGARI ba="0,1" hai="0,5,10,16,21,24,54,58,60,88,89,128,129,130" machi="128" ten="40,12000,1" yaku="1,1,2,1,19,1,54,2,53,0" doraHai="36" doraHaiUra="120" who="1" fromWho="2" sc="240,0,235,130,270,-120,245,0" /><INIT seed="1,1,0,3,4,95" ten="240,365,150,245" oya="1" hai0="65,75,5,111,73,30,7,74,68,41,2,18,85" hai1="43,10,133,13,49,64,25,94,126,51,109,104,76" hai2="31,17,11,132,113,4,81,115,3,70,29,71,15" hai3="123,21,50,69,103,66,122,28,72,88,99,52,24"/><U114/><E114/><N who="2" m="43531" /><F81/><W119/><G72/><T8/><D111/><U90/><E104/><V82/><F82/><W19/><G119/><T135/><D135/><U121/><E121/><V129/><F132/><W22/><G66/><T55/><D30/><N who="2" m="11274" /><F71/><W27/><G69/><T101/><D41/><U107/><E133/><V39/><F39/><W26/><G26/><T63/><D7/><U120/><E76/><V54/><F54/><W35/><G35/><T61/><D85/><U60/><E120/><V83/><F83/><W1/><G1/><T36/><D36/><U62/><E107/><V40/><F40/><W98/><G88/><T91/><D91/><U96/><E109/><V117/><F70/><W125/><G99/><T106/><D18/><N who="1" m="8503" /><E126/><V42/><F42/><W79/><G125/><T77/><D77/><U53/><E43/><V110/><F110/><W128/><G79/><T44/><D44/><N who="1" m="27815" /><E64/><V105/><F105/><W118/><G118/><T56/><REACH who="0" step="1"/><D74/><REACH who="0" ten="230,365,150,245" step="2"/><U127/><E127/><V134/><F117/><W46/><G122/><T87/><D87/><U58/><E90/><V131/><F134/><W47/><G123/><T48/><D48/><U78/><E78/><V89/><F89/><W116/><G116/><T38/><D38/><U37/><E37/><V12/><F17/><W80/><G46/><T16/><D16/><U86/><E86/><V59/><F59/><W33/><G19/><T102/><D102/><N who="1" m="60695" /><E51/><V45/><F45/><W108/><G47/><T67/><D67/><N who="1" m="39319" /><E62/><V112/><F112/><W9/><G50/><T93/><D93/><U20/><E25/><RYUUKYOKU ba="1,1" sc="230,10,365,10,150,10,245,-30" hai0="2,5,8,55,56,61,63,65,68,73,75,101,106" hai1="20" hai2="3,4,11,12,15,129,131" /><INIT seed="1,2,1,2,0,90" ten="240,375,160,215" oya="1" hai0="25,96,0,64,46,133,21,86,126,11,77,19,59" hai1="67,65,97,37,122,4,69,120,13,84,110,115,33" hai2="35,100,47,56,44,9,125,32,7,135,39,43,72" hai3="1,74,62,14,29,94,63,16,5,61,98,20,78"/><U38/><E115/><V81/><F125/><W34/><G74/><T50/><D133/><U114/><E114/><V83/><F135/><W15/><G78/><T22/><D126/><U42/><E33/><V91/><F100/><W128/><G128/><T75/><D75/><U118/><E118/><V60/><F47/><W3/><G34/><T130/><D130/><U124/><E124/><V48/><F48/><W116/><G29/><T95/><D0/><U17/><E4/><V80/><F91/><W103/><REACH who="3" step="1"/><G116/><REACH who="3" ten="240,375,160,205" step="2"/><T92/><D11/><AGARI ba="2,2" hai="1,3,5,11,14,15,16,20,61,62,63,94,98,103" machi="11" ten="40,8000,1" yaku="1,1,2,1,52,1,54,1,53,0" doraHai="90" doraHaiUra="87" who="3" fromWho="0" sc="240,-86,375,0,160,0,205,106" /><INIT seed="2,0,0,1,3,21" ten="154,375,160,311" oya="2" hai0="94,117,66,109,101,28,98,32,23,95,14,111,49" hai1="2,91,10,60,33,25,24,72,132,68,86,31,71" hai2="118,130,97,82,113,102,53,69,47,61,133,73,75" hai3="104,83,0,90,42,81,57,93,129,30,5,51,40"/><V44/><F118/><W55/><G104/><T107/><D117/><U114/><E114/><V52/><F113/><W26/><G129/><T80/><D80/><U1/><E72/><V11/><F130/><W78/><G5/><T87/><D66/><U84/><E132/><V105/><F133/><W89/><G0/><T76/><D32/><U110/><E110/><N who="0" m="41993" /><D49/><U13/><E25/><V74/><F82/><W131/><G131/><T65/><D65/><U121/><E121/><V56/><F11/><W116/><G116/><T8/><D87/><U126/><E126/><V50/><REACH who="2" step="1"/><F69/><REACH who="2" ten="154,375,150,311" step="2"/><W119/><G83/><T45/><D8/><U29/><E71/><V18/><F18/><W124/><G119/><T41/><D28/><U17/><E31/><V59/><AGARI ba="0,1" hai="44,47,50,52,53,56,59,61,73,74,75,97,102,105" machi="59" ten="40,7800,0" yaku="1,1,0,1,54,1,53,0" doraHai="21" doraHaiUra="120" who="2" fromWho="2" sc="154,-26,375,-26,150,88,311,-26" /><INIT seed="2,1,0,5,2,111" ten="128,349,238,285" oya="2" hai0="128,97,16,125,94,123,119,19,0,67,59,121,85" hai1="41,12,65,25,18,42,50,39,13,69,106,98,7" hai2="47,104,28,120,63,134,52,62,93,114,71,54,113" hai3="61,4,9,2,49,81,96,74,105,79,118,91,92"/><V109/><F104/><W60/><G118/><T100/><D0/><U21/><E39/><V72/><F72/><W112/><G105/><T101/><D119/><U102/><E7/><V80/><F120/><W57/><G112/><N who="2" m="43113" /><F93/><W83/><G83/><T33/><D33/><U29/><E50/><N who="2" m="28767" /><F80/><W32/><G32/><T108/><D85/><U26/><E13/><V115/><F28/><W68/><G68/><T5/><D94/><U126/><E26/><V10/><F10/><W27/><G27/><T133/><D5/><U24/><E25/><V84/><F84/><W34/><G34/><T73/><D97/><U90/><E90/><V117/><F117/><W51/><G61/><N who="2" m="23049" /><F134/><W17/><G17/><T15/><D15/><U14/><E14/><V58/><N who="2" m="43121" /><V40/><DORA hai="22" /><F109/><W87/><G74/><T1/><D73/><U45/><E29/><V31/><F31/><W38/><G2/><T130/><D1/><U127/><E12/><V8/><F8/><W70/><G9/><T131/><D108/><U99/><E99/><V124/><F124/><W135/><G4/><T103/><D125/><U122/><E122/><N who="0" m="46601" /><D133/><U116/><E116/><V77/><F77/><W132/><G135/><T44/><D44/><U55/><E127/><V64/><F40/><W107/><G132/><T89/><D89/><U20/><E126/><V43/><F43/><W75/><G75/><T23/><D23/><U3/><E21/><V36/><F36/><W88/><G107/><T95/><D95/><U56/><E3/><V30/><F71/><W35/><G92/><T48/><D48/><RYUUKYOKU ba="1,0" sc="128,30,349,-10,238,-10,285,-10" hai0="16,19,59,67,100,101,103,128,130,131" /><INIT seed="3,2,0,5,1,85" ten="158,339,228,275" oya="3" hai0="27,61,99,131,39,58,35,36,57,134,34,80,9" hai1="112,50,5,24,97,62,28,82,11,81,14,114,3" hai2="17,30,53,76,52,45,26,37,115,33,118,86,7" hai3="83,32,126,102,73,89,54,25,21,63,133,135,94"/><W0/><G0/><T79/><D131/><U31/><E3/><V75/><F115/><W69/><G32/><T56/><D134/><N who="3" m="51209" /><G126/><T66/><D9/><U67/><E50/><V123/><F118/><W107/><G107/><T93/><D39/><U10/><E10/><V109/><F109/><W40/><G40/><T55/><D36/><U46/><E46/><V108/><F108/><W16/><G102/><T110/><D110/><U22/><E31/><V117/><F30/><W95/><G54/><T105/><D105/><U48/><E48/><V116/><F52/><W103/><G103/><T29/><D55/><U12/><E12/><V60/><F53/><W77/><G89/><T71/><D35/><U49/><E49/><V127/><F37/><W64/><AGARI ba="2,0" hai="16,21,25,63,64,69,73,77,83,94,95" m="51209" machi="64" ten="30,3000,0" yaku="20,1,54,1" doraHai="85" who="3" fromWho="3" sc="158,-12,339,-12,228,-12,275,36" /><INIT seed="3,3,0,3,0,25" ten="146,327,216,311" oya="3" hai0="92,98,17,27,134,113,68,99,54,13,81,78,130" hai1="129,127,51,61,106,5,16,79,111,64,29,52,48" hai2="23,1,7,70,109,123,114,128,73,117,26,80,34" hai3="121,18,19,101,32,82,83,102,55,9,28,135,40"/><W71/><G121/><T37/><D130/><U45/><E129/><V120/><RYUUKYOKU type="yao9" ba="3,0" sc="146,0,327,0,216,0,311,0" hai2="1,7,23,26,34,70,73,80,109,114,117,120,123,128" /><INIT seed="3,4,0,0,2,24" ten="146,327,216,311" oya="3" hai0="35,86,27,11,32,46,67,31,111,42,130,77,73" hai1="120,70,49,119,3,95,71,80,39,68,126,64,118" hai2="114,58,9,92,85,57,72,107,13,0,7,41,106" hai3="102,91,94,55,100,83,116,6,59,74,19,115,62"/><W16/><G116/><N who="1" m="44586" /><E120/><V123/><F72/><W50/><G115/><T81/><D111/><U90/><E39/><V109/><F109/><W33/><G33/><T53/><D130/><U8/><E126/><V56/><F114/><W132/><G132/><T134/><D134/><U110/><E110/><V43/><F123/><W25/><G6/><T112/><D112/><U108/><E108/><V29/><F0/><W36/><G36/><T61/><D53/><U82/><E49/><V45/><F43/><W12/><G25/><T1/><D11/><U76/><E64/><V133/><F133/><W60/><G83/><N who="1" m="31786" /><E76/><V98/><F85/><N who="3" m="52591" /><G74/><T30/><D1/><U128/><E128/><V129/><F129/><W14/><G50/><T75/><D35/><U10/><E3/><V26/><F92/><W99/><G62/><T54/><D54/><U47/><E47/><V38/><REACH who="2" step="1"/><F98/><AGARI ba="4,0" hai="8,10,68,70,71,90,95,98" m="31786,44586" machi="98" ten="40,1300,0" yaku="12,1" doraHai="24" who="1" fromWho="2" sc="146,0,327,25,216,-25,311,0" /><INIT seed="4,0,0,0,4,122" ten="146,352,191,311" oya="0" hai0="94,49,82,77,59,79,32,36,64,44,35,66,5" hai1="124,69,17,125,28,43,104,56,134,102,101,75,113" hai2="73,97,39,9,123,131,10,133,114,25,128,8,103" hai3="99,62,87,46,30,111,109,3,20,70,84,27,0"/><T51/><D36/><U13/><E69/><V45/><F123/><W26/><G99/><T31/><D5/><U90/><E75/><V126/><F114/><W93/><G46/><T50/><D44/><U12/><E43/><N who="2" m="22783" /><F126/><N who="1" m="48745" /><E113/><V11/><F73/><W98/><G84/><T18/><D94/><U117/><E117/><V48/><F48/><W127/><G87/><T105/><D105/><U85/><E134/><V106/><F133/><W83/><G83/><T92/><D92/><N who="1" m="54351" /><E28/><V7/><F25/><W55/><G127/><T15/><D31/><U110/><E110/><V38/><F38/><W53/><G70/><T41/><D41/><U108/><E108/><V80/><F80/><W29/><G98/><T63/><D64/><U52/><E104/><V37/><F37/><W33/><G93/><T57/><D57/><U81/><E81/><V132/><F132/><W23/><G62/><T119/><D119/><U74/><E74/><V89/><F89/><W14/><G14/><N who="1" m="5738" /><E17/><V112/><F112/><W120/><G120/><T71/><D71/><U42/><E42/><V1/><F8/><W67/><G67/><T4/><D4/><U129/><E129/><N who="2" m="49739" /><F10/><W96/><G96/><T91/><D91/><U116/><E116/><V115/><F11/><W2/><G2/><T21/><REACH who="0" step="1"/><D82/><REACH who="0" ten="136,352,191,311" step="2"/><U6/><E6/><V118/><F115/><W86/><G30/><T88/><D88/><U78/><E78/><AGARI ba="0,1" hai="15,18,21,32,35,49,50,51,59,63,66,77,78,79" machi="78" ten="40,2000,0" yaku="1,1,53,0" doraHai="122" doraHaiUra="95" who="0" fromWho="1" sc="136,30,352,-20,191,0,311,0" /><INIT seed="4,1,0,2,4,82" ten="166,332,191,311" oya="0" hai0="125,32,58,99,37,62,80,129,56,132,93,114,30" hai1="92,81,43,96,120,66,29,105,59,110,21,3,75" hai2="121,33,72,84,133,55,109,89,128,48,130,36,4" hai3="115,100,101,116,85,14,67,73,35,38,6,24,106"/><T97/><D114/><U34/><E120/><V113/><F121/><W68/><G73/><T98/><D37/><U90/><E110/><V51/><F109/><W61/><G116/><T1/><D1/><U39/><E3/><V5/><F72/><W91/><G115/><T26/><D129/><U41/><E34/><V40/><F33/><W107/><G38/><T135/><D125/><U19/><E29/><V108/><F108/><W25/><G107/><T60/><D80/><U131/><E105/><V18/><F113/><W12/><G106/><T16/><D93/><U117/><E117/><V54/><F133/><N who="0" m="51274" /><D16/><U111/><E111/><V77/><F18/><W52/><G35/><T112/><D112/><U46/><E131/><V86/><F89/><W94/><G12/><T45/><D45/><U10/><E10/><V2/><F2/><W103/><G14/><T119/><D119/><U50/><E43/><V64/><F36/><W69/><G6/><T0/><D0/><U57/><E39/><V28/><F40/><W79/><G79/><T71/><D71/><U7/><E7/><V102/><F77/><W31/><G68/><T47/><D47/><U87/><E66/><V70/><F70/><W78/><G78/><T88/><D88/><N who="1" m="51311" /><E75/><V9/><F9/><W63/><REACH who="3" step="1"/><G31/><REACH who="3" ten="166,332,191,301" step="2"/><T20/><D32/><U8/><E8/><V104/><F28/><W83/><G83/><T124/><D124/><U122/><E122/><V22/><F104/><W15/><G15/><AGARI ba="1,1" hai="15,19,21,41,46,50,57,59,90,92,96" m="51311" machi="15" ten="30,3900,0" yaku="8,1,52,1,54,1" doraHai="82" who="1" fromWho="3" sc="166,0,332,52,191,0,301,-42" /><INIT seed="5,0,0,1,4,87" ten="166,384,191,259" oya="1" hai0="73,83,84,32,40,107,64,110,105,39,15,65,129" hai1="97,117,10,88,116,31,8,70,18,1,53,71,91" hai2="80,67,74,130,68,17,98,2,13,34,43,61,37" hai3="46,96,20,86,69,60,131,115,111,113,93,63,49"/><U81/><E31/><V6/><F130/><W42/><G111/><T108/><D32/><U125/><E53/><V106/><F34/><W28/><G131/><T66/><D129/><U7/><E18/><V134/><F134/><W5/><G5/><T0/><D0/><U77/><E10/><V55/><F55/><W78/><G69/><T58/><D73/><U27/><E27/><V132/><F132/><W127/><G127/><T79/><D39/><U89/><E125/><V38/><F13/><W45/><G45/><T90/><D40/><U50/><E50/><V16/><F98/><W102/><G28/><T59/><D15/><U94/><E71/><V21/><F106/><W119/><G20/><T76/><D105/><U122/><E70/><V4/><F21/><W121/><G121/><T100/><D100/><U85/><REACH who="1" step="1"/><E122/><REACH who="1" ten="166,374,191,259" step="2"/><V22/><F17/><W11/><G11/><T48/><D48/><U95/><E95/><V33/><F68/><W19/><G19/><T36/><D107/><U128/><E128/><V99/><F16/><W41/><G49/><T56/><REACH who="0" step="1"/><D36/><REACH who="0" ten="156,374,191,259" step="2"/><U75/><E75/><V82/><F74/><W62/><G62/><T51/><D51/><U35/><E35/><V123/><F33/><W29/><G60/><T112/><D112/><U52/><E52/><V114/><F114/><W109/><G63/><T44/><D44/><U9/><E9/><V30/><F38/><W3/><G46/><T92/><D92/><U103/><AGARI ba="0,2" hai="1,7,8,77,81,85,88,89,91,94,97,103,116,117" machi="103" ten="30,18000,2" yaku="1,1,0,1,52,3,54,1,53,0" doraHai="87" doraHaiUra="101" who="1" fromWho="1" sc="156,-60,374,200,191,-60,259,-60" /><INIT seed="5,1,0,2,1,40" ten="96,574,131,199" oya="1" hai0="56,30,49,88,31,83,109,113,38,96,0,85,82" hai1="110,80,8,72,41,10,121,14,61,7,48,12,36" hai2="127,70,133,60,116,123,16,89,45,106,135,75,129" hai3="64,47,101,67,23,92,35,17,18,65,91,62,63"/><U54/><E121/><V42/><F123/><W26/><G35/><T5/><D109/><U1/><E110/><V32/><F32/><W20/><G101/><T58/><D38/><U33/><E33/><V53/><F106/><W25/><REACH who="3" step="1"/><G47/><REACH who="3" ten="96,574,131,189" step="2"/><T34/><D34/><U104/><E104/><V87/><F45/><W112/><G112/><T126/><D113/><U11/><E1/><V111/><F111/><W93/><G93/><T107/><D0/><U13/><E7/><V100/><F100/><W130/><G130/><T118/><D5/><U98/><E80/><V46/><F129/><W3/><G3/><T115/><D83/><U102/><E102/><V71/><F46/><W120/><G120/><T99/><D115/><U94/><E94/><V15/><F133/><W55/><G55/><N who="0" m="31855" /><D107/><U2/><E54/><V28/><F53/><W66/><N who="3" m="16384" /><DORA hai="9" /><W73/><G73/><T27/><D58/><U78/><E2/><V50/><F75/><W114/><G114/><T134/><D134/><U6/><E6/><V51/><F135/><W131/><G131/><T117/><D117/><U19/><E72/><V86/><F116/><W95/><G95/><T22/><D118/><U132/><E132/><V105/><F105/><W103/><G103/><T4/><D4/><U57/><E57/><V52/><F52/><W122/><G122/><T124/><D31/><U69/><E41/><V37/><F42/><W79/><G79/><T128/><D128/><U76/><E76/><V44/><F28/><W21/><G21/><T59/><D59/><U43/><E78/><V90/><F37/><RYUUKYOKU ba="1,1" sc="96,15,574,-15,131,-15,189,15" hai0="22,27,30,82,85,88,96,99,124,126" hai3="17,18,20,23,25,26,62,63,91,92" /><INIT seed="6,2,1,4,1,128" ten="111,559,116,204" oya="2" hai0="5,111,109,45,8,50,3,101,58,34,74,4,134" hai1="118,121,32,63,53,44,115,13,71,52,82,132,69" hai2="89,61,87,96,92,46,12,123,126,64,119,103,116" hai3="65,130,94,41,33,125,36,102,78,18,22,24,99"/><V47/><F123/><W122/><G122/><T97/><D34/><U19/><E121/><V38/><F126/><W49/><G130/><T35/><D35/><U55/><E118/><V85/><F85/><W57/><G125/><T1/><D74/><U80/><E32/><V95/><F38/><W2/><G2/><T120/><D120/><U23/><E115/><V100/><F100/><W112/><G36/><T133/><D58/><U86/><E132/><N who="0" m="50793" /><D5/><U117/><E117/><V26/><F119/><W107/><G112/><T54/><D3/><U93/><E44/><V37/><F116/><W11/><G33/><T31/><D31/><U16/><E19/><V88/><F37/><W21/><G57/><T66/><D66/><U127/><E127/><V91/><F26/><W59/><G65/><T83/><D83/><U70/><E63/><V113/><F113/><W0/><G59/><T17/><D17/><U51/><E51/><V105/><F12/><W15/><G0/><T79/><D79/><U104/><E104/><AGARI ba="2,1" hai="1,4,8,45,50,54,97,101,104,109,111" m="50793" machi="104" ten="30,7700,0" yaku="20,1,52,3" doraHai="128" who="0" fromWho="1" sc="111,93,559,-83,116,0,204,0" /><INIT seed="7,0,0,0,3,39" ten="204,476,116,204" oya="3" hai0="40,11,109,113,131,102,116,35,93,41,82,17,0" hai1="57,86,121,127,108,117,75,80,51,52,97,38,1" hai2="126,42,114,87,22,20,7,135,100,8,28,134,53" hai3="30,65,34,74,48,105,4,23,110,44,128,9,94"/><W63/><G74/><T18/><D109/><U119/><E108/><V5/><F100/><W73/><G73/><T112/><D35/><U98/><E121/><V122/><F122/><W31/><G105/><T88/><D131/><U24/><E75/><V124/><F53/><W133/><G34/><T19/><D82/><U89/><E127/><N who="2" m="48683" /><F87/><W10/><G94/><T71/><D116/><N who="1" m="44619" /><E1/><N who="2" m="47" /><F42/><W104/><G104/><T45/><D71/><U129/><E129/><V91/><F91/><W46/><G128/><T49/><D102/><U47/><E24/><V55/><F55/><W27/><G65/><T106/><D106/><U26/><E26/><N who="2" m="16455" /><F7/><W84/><G63/><T54/><D93/><U50/><E38/><V21/><F114/><N who="0" m="44138" /><D88/><U111/><E111/><V90/><F90/><W115/><G110/><T103/><D103/><U66/><E66/><V76/><F76/><W123/><G115/><T83/><D83/><U130/><E130/><V58/><F58/><W62/><G62/><T85/><D85/><U14/><E14/><V99/><F99/><W101/><G101/><T68/><D68/><U79/><E79/><V43/><F43/><AGARI ba="0,0" hai="43,47,50,51,52,57,80,86,89,97,98" m="44619" machi="43" ten="30,3900,0" yaku="12,1,52,1,54,1" doraHai="39" who="1" fromWho="2" sc="204,0,476,39,116,-39,204,0" owari="204,0.4,515,61.5,77,-42.3,204,-19.6" /></mjloggm>