<mjloggm ver="2.3"><GO type="169" lobby="0"/><UN n0="%E3%82%A4%E3%82%AB%E3%81%AB%E3%82%82%E6%9D%B1%E5%8C%97" n1="%E7%AE%B1%E4%B8%8B%E3%81%AE%E3%82%B1%E3%83%B3%E5%9D%8A" n2="%E3%82%B5%E3%83%96%E3%82%A2%E3%83%A9%E3%83%89" n3="%31%38%63%6D%E7%AB%8B%E7%9B%B4%E6%A3%92" dan="17,16,16,16" rate="2185.33,2143.49,2042.75,2133.64" sx="M,M,M,M"/><TAIKYOKU oya="0"/><INIT seed="0,0,0,0,5,98" ten="250,250,250,250" oya="0" hai0="115,60,105,30,96,59,63,39,16,127,134,15,20" hai1="111,47,135,129,117,43,10,3,100,35,56,6,90" hai2="19,70,109,71,106,55,67,113,77,121,101,21,12" hai3="92,50,124,102,54,88,119,83,93,87,17,75,94"/><T1/><D115/><U5/><E111/><V133/><F109/><W81/><G119/><T132/><D1/><U9/><E117/><V84/><F121/><W44/><G124/><T130/><D39/><U103/><E129/><V73/><F73/><W32/><G32/><T66/><D130/><U85/><E35/><V131/><F113/><W24/><G75/><T108/><D108/><U27/><E27/><V91/><F133/><N who="0" m="51306" /><D127/><U42/><E56/><V33/><F77/><W2/><G2/><T122/><D122/><U36/><E43/><V123/><F33/><W99/><G81/><T45/><D45/><U37/><E37/><V65/><F123/><W82/><G82/><T48/><D30/><U58/><E58/><V8/><F131/><W79/><G79/><T51/><D63/><U11/><E135/><V31/><F55/><W22/><AGARI ba="0,0" hai="17,22,24,44,50,54,83,87,88,92,93,94,99,102" machi="22" ten="30,7900,0" yaku="0,1,8,1,52,1,54,1" doraHai="98" who="3" fromWho="3" sc="250,-39,250,-20,250,-20,250,79" /><INIT seed="1,0,0,5,3,131" ten="211,230,230,329" oya="1" hai0="50,113,66,118,64,127,21,23,20,86,32,30,11" hai1="9,72,88,52,41,108,65,70,83,5,125,121,16" hai2="10,58,19,31,73,25,77,106,49,28,107,61,79" hai3="89,18,80,102,104,126,112,100,53,35,2,44,15"/><U71/><E121/><V56/><F73/><W39/><G2/><T103/><D113/><U62/><E41/><V124/><F124/><W78/><G112/><T114/><D114/><U115/><E115/><V134/><F49/><W36/><G35/><T26/><D118/><U55/><E125/><V14/><F58/><W81/><G89/><T75/><D75/><U82/><E70/><V95/><F31/><W101/><G104/><T27/><D127/><U98/><E108/><V46/><F46/><W69/><G69/><T119/><D119/><U135/><E135/><V17/><F17/><W6/><G6/><T87/><D103/><U3/><E16/><V22/><F107/><W129/><G129/><T85/><D27/><U68/><E68/><V123/><F106/><W91/><G91/><T74/><D74/><U51/><E72/><V97/><F134/><W128/><G128/><T120/><D120/><U29/><E29/><V94/><F94/><W57/><G44/><T47/><REACH who="0" step="1"/><D11/><REACH who="0" ten="201,230,230,329" step="2"/><U13/><E3/><V63/><F123/><W33/><G126/><T105/><D105/><U37/><E37/><V1/><F1/><W122/><G39/><T117/><D117/><U59/><REACH who="1" step="1"/><E55/><AGARI ba="0,1" hai="20,21,23,26,30,32,47,50,55,64,66,85,86,87" machi="55" ten="40,1300,0" yaku="1,1,53,0" doraHai="131" doraHaiUra="12" who="0" fromWho="1" sc="201,23,230,-13,230,0,329,0" /><INIT seed="2,0,0,0,3,91" ten="224,217,230,329" oya="2" hai0="97,54,6,87,104,131,80,27,34,122,93,67,129" hai1="32,101,128,77,45,94,126,88,123,16,66,41,58" hai2="99,38,60,75,1,43,9,133,78,108,44,103,10" hai3="46,72,82,24,70,63,134,76,65,79,69,18,96"/><V130/><F130/><N who="0" m="49674" /><D122/><U21/><E128/><V98/><F133/><W26/><G134/><T5/><D104/><U61/><E32/><V48/><F108/><W30/><G70/><T117/><D67/><U109/><E109/><V28/><F28/><W111/><G79/><N who="0" m="46495" /><D117/><U13/><E126/><V113/><F113/><W121/><G121/><T64/><D64/><U110/><E110/><V7/><F10/><W92/><G18/><T90/><D54/><U132/><E123/><V71/><F48/><W52/><G111/><T17/><D17/><U59/><E77/><V4/><F4/><W19/><G19/><T118/><D118/><U31/><E132/><V40/><F40/><W127/><G127/><T11/><D11/><U53/><E31/><AGARI ba="0,0" hai="5,6,27,31,34,90,93,97" m="46495,49674" machi="31" ten="30,2000,0" yaku="19,1,52,1" doraHai="91" who="0" fromWho="1" sc="224,20,217,-20,230,0,329,0" /><INIT seed="3,0,0,4,5,63" ten="244,197,230,329" oya="3" hai0="18,60,53,121,25,135,97,64,45,90,85,107,131" hai1="66,68,125,14,75,22,36,43,116,50,54,105,112" hai2="51,7,100,8,5,10,28,91,49,99,48,76,58" hai3="30,126,119,129,42,41,108,94,74,47,113,61,9"/><W122/><G74/><T106/><D121/><U16/><E75/><V33/><F76/><W13/><G122/><T65/><D131/><U117/><E105/><V17/><F91/><W3/><G3/><T102/><D135/><U104/><E104/><V95/><F58/><W133/><G133/><T19/><D107/><U115/><E125/><V70/><F70/><W44/><G119/><N who="1" m="45642" /><E43/><V20/><F28/><W92/><G30/><T12/><D25/><U71/><E36/><V46/><F33/><W120/><G120/><T24/><D24/><U72/><E72/><V6/><F46/><W34/><G34/><T77/><D77/><U23/><E23/><V84/><F84/><W73/><G73/><T128/><D128/><U98/><E98/><V62/><F62/><W87/><G113/><N who="1" m="43594" /><E66/><V83/><REACH who="2" step="1"/><F83/><REACH who="2" ten="244,197,220,329" step="2"/><W67/><G87/><T32/><D32/><U38/><E38/><V79/><F79/><W31/><G31/><T101/><D85/><U118/><N who="1" m="45650" /><U4/><DORA hai="57" /><E4/><V114/><F114/><W11/><G129/><T21/><D90/><U0/><E0/><V29/><F29/><W81/><G81/><T93/><D102/><U2/><E2/><V96/><F96/><W86/><G86/><T78/><D97/><U56/><AGARI ba="0,1" hai="14,16,22,50,54,56,68,71" m="43594,45650" machi="56" ten="50,3200,0" yaku="12,1,54,1" doraHai="63,57" who="1" fromWho="1" sc="244,-8,197,42,220,-8,329,-16" /><INIT seed="4,0,0,1,3,129" ten="236,239,212,313" oya="0" hai0="87,63,61,4,45,81,125,105,58,72,70,97,28" hai1="85,108,17,135,96,73,133,80,36,120,27,14,34" hai2="20,39,101,67,64,13,9,50,43,38,10,95,82" hai3="132,24,121,33,7,5,76,107,55,110,15,102,99"/><T65/><D125/><U44/><E108/><V109/><F109/><W75/><G110/><T35/><D72/><U12/><E120/><V123/><F123/><W52/><G121/><T93/><D4/><U40/><E73/><V94/><F82/><W6/><G15/><T88/><D45/><U71/><E71/><V49/><F13/><W48/><G48/><T56/><D105/><U41/><E41/><V42/><F20/><W8/><G8/><T92/><D92/><U54/><E96/><V22/><F22/><W90/><G90/><T114/><D114/><U100/><E100/><AGARI ba="0,0" hai="9,10,38,39,42,43,49,50,64,67,94,95,100,101" machi="100" ten="25,1600,0" yaku="22,2" doraHai="129" who="2" fromWho="1" sc="236,0,239,-16,212,16,313,0" /><INIT seed="5,0,0,5,4,57" ten="236,223,228,313" oya="1" hai0="101,112,10,0,50,77,76,29,27,94,24,11,80" hai1="3,25,88,32,34,82,46,64,60,109,107,39,40" hai2="125,36,89,55,62,51,45,53,71,5,126,110,42" hai3="52,90,102,2,35,21,65,49,66,38,37,83,95"/><U114/><E107/><V130/><F5/><W123/><G35/><T22/><D112/><U103/><E114/><V70/><F89/><W12/><G2/><T93/><D77/><U4/><E103/><V18/><F18/><W127/><G127/><N who="2" m="48649" /><F110/><W84/><G123/><T128/><D128/><U1/><E109/><V81/><F81/><W67/><G12/><T6/><D101/><U44/><E44/><N who="2" m="27879" /><F130/><W23/><G38/><T85/><D50/><U15/><E15/><V111/><F111/><W108/><G37/><T86/><D86/><U69/><E25/><V59/><AGARI ba="0,0" hai="36,42,45,55,59,62,70,71" m="27879,48649" machi="59" ten="30,7900,0" yaku="18,1,34,2,52,1" doraHai="57" who="2" fromWho="2" sc="236,-20,223,-39,228,79,313,-20" /><INIT seed="6,0,0,1,4,93" ten="216,184,307,293" oya="2" hai0="108,62,74,100,9,102,121,14,32,45,27,5,63" hai1="80,36,79,112,30,135,21,2,64,104,124,101,126" hai2="61,46,33,49,122,131,20,54,23,86,105,118,35" hai3="103,31,68,51,29,56,81,50,77,94,113,123,18"/><V19/><F122/><W95/><G123/><T16/><D121/><U84/><E2/><V111/><F118/><W28/><G68/><T89/><D108/><U55/><E36/><V90/><F105/><W34/><G34/><T96/><D74/><U47/><E64/><V3/><F3/><W59/><G113/><T128/><D128/><U48/><E112/><V42/><F131/><W107/><G107/><T52/><D32/><U13/><E135/><V133/><F23/><W82/><G18/><T15/><D27/><U25/><REACH who="1" step="1"/><E13/><REACH who="1" ten="216,174,307,293" step="2"/><V134/><F134/><W53/><G103/><T65/><D102/><U57/><E57/><N who="2" m="34999" /><F133/><W73/><G59/><T85/><D100/><U22/><E22/><V0/><F0/><W127/><G56/><T10/><D65/><U60/><E60/><V72/><F35/><W91/><G50/><N who="0" m="28751" /><D96/><AGARI ba="0,1" hai="21,25,30,47,48,55,79,80,84,96,101,104,124,126" machi="96" ten="40,5200,0" yaku="1,1,52,1,53,1" doraHai="93" doraHaiUra="78" who="1" fromWho="0" sc="216,-52,174,62,307,0,293,0" /><INIT seed="7,0,0,5,2,12" ten="164,236,307,293" oya="3" hai0="28,43,51,96,13,122,58,44,30,108,77,10,55" hai1="50,3,86,69,53,78,119,25,99,54,33,61,5" hai2="31,126,112,82,135,125,93,76,74,68,49,16,87" hai3="83,36,92,131,15,132,120,8,21,117,39,127,32"/><W72/><G21/><T4/><D122/><U35/><E119/><V130/><F130/><W134/><G32/><T123/><D123/><U0/><E99/><V66/><F135/><N who="3" m="51755" /><G120/><T2/><D108/><U129/><E129/><V62/><F112/><W102/><G117/><T11/><D96/><U56/><E5/><V48/><F31/><W114/><G114/><T67/><D67/><U19/><E69/><V128/><F128/><W63/><G131/><T24/><D24/><U1/><E86/><V65/><F65/><W100/><G63/><T37/><REACH who="0" step="1"/><D77/><REACH who="0" ten="154,236,307,293" step="2"/><U9/><E78/><V116/><F116/><W6/><G127/><T97/><D97/><U107/><E25/><V20/><F126/><W89/><G102/><T98/><D98/><U106/><E107/><V113/><F125/><W29/><G100/><T85/><D85/><U71/><E106/><V109/><F109/><W45/><G72/><T110/><D110/><U38/><E71/><V101/><F113/><W22/><G89/><T57/><D57/><U7/><E56/><V124/><F124/><W26/><G92/><T91/><D91/><U118/><E118/><V133/><F133/><W75/><G45/><T60/><D60/><U84/><E61/><V90/><F101/><W80/><G75/><T94/><D94/><U104/><E84/><V14/><AGARI ba="0,1" hai="14,16,20,48,49,62,66,68,74,76,82,87,90,93" machi="14" ten="20,5200,0" yaku="0,1,7,1,52,1,54,1" doraHai="12" who="2" fromWho="2" sc="154,-13,236,-13,307,62,293,-26" owari="141,-35.9,223,-17.7,369,46.9,267,6.7" /></mjloggm>