<mjloggm ver="2.3"><GO type="169" lobby="0"/><UN n0="%74%6F%72%69%30%36%31%32" n1="%E3%82%86%E3%81%86%E3%82%86%E3%81%8D" n2="%4B%6F%68%65%69" n3="%E3%82%8A%E3%82%93%E3%81%94%32%32%36" dan="16,16,16,16" rate="2157.03,2154.80,2115.20,2141.45" sx="M,M,M,M"/><TAIKYOKU oya="0"/><INIT seed="0,0,0,0,4,74" ten="250,250,250,250" oya="0" hai0="124,121,107,26,91,87,35,18,0,52,88,82,120" hai1="64,76,3,22,12,1,71,14,27,5,114,78,111" hai2="29,100,28,50,9,21,65,51,117,97,30,129,40" hai3="113,110,89,58,112,24,75,20,37,95,46,54,118"/><T94/><D107/><U59/><E71/><V39/><F39/><W83/><G110/><T32/><D0/><U25/><E111/><V79/><F117/><W66/><G66/><T23/><D124/><U122/><E122/><V48/><F129/><W42/><G118/><T68/><D68/><U104/><E104/><V128/><F128/><W105/><G105/><T84/><D121/><U98/><E98/><V96/><F65/><W69/><G69/><T99/><D120/><U135/><E135/><V73/><F40/><W103/><G103/><T19/><D19/><U119/><E119/><V106/><F96/><W44/><G44/><T92/><REACH who="0" step="1"/><D52/><REACH who="0" ten="240,250,250,250" step="2"/><U101/><E3/><V133/><F133/><W67/><G67/><T62/><D62/><U7/><E1/><V108/><F108/><W86/><G54/><T131/><D131/><U11/><E64/><V115/><F115/><W47/><G58/><T2/><D2/><U41/><E114/><V77/><F73/><W61/><G61/><T45/><D45/><U81/><E59/><V93/><F106/><W132/><G47/><T109/><D109/><U17/><E41/><V49/><N who="2" m="12288" /><DORA hai="15" /><V43/><F43/><W56/><G56/><T55/><D55/><U134/><E134/><V123/><F123/><W127/><G127/><T8/><D8/><U57/><E11/><V102/><F9/><W60/><G60/><T70/><D70/><U90/><E57/><V63/><F63/><W125/><G125/><T6/><D6/><U53/><E5/><V36/><F36/><W85/><G132/><T13/><D13/><RYUUKYOKU ba="0,1" sc="240,30,250,-10,250,-10,250,-10" hai0="18,23,26,32,35,82,84,87,88,91,92,94,99" /><INIT seed="0,1,1,1,2,10" ten="270,240,240,240" oya="0" hai0="1,98,9,16,21,56,42,111,95,105,93,86,28" hai1="119,13,97,18,125,41,76,7,60,131,113,114,35" hai2="122,84,102,38,19,81,53,108,58,110,24,30,34" hai3="116,2,79,112,100,67,31,27,8,130,92,90,80"/><T50/><D105/><U82/><E119/><V103/><F122/><W59/><G112/><N who="1" m="43114" /><E35/><V70/><F70/><W118/><G130/><T26/><D111/><N who="2" m="42538" /><F19/><W123/><G123/><T121/><D121/><U63/><E125/><V54/><F38/><W17/><G100/><N who="2" m="38441" /><F58/><W3/><G3/><T4/><D98/><U11/><E97/><V101/><N who="2" m="38449" /><V15/><DORA hai="109" /><F15/><W49/><G90/><AGARI ba="1,1" hai="24,30,34,53,54,81,84,90" m="38449,42538" machi="90" ten="40,1300,0" yaku="14,1" doraHai="10,109" who="2" fromWho="3" sc="270,0,240,0,240,26,240,-16" /><INIT seed="1,0,0,5,4,106" ten="270,240,266,224" oya="1" hai0="73,69,121,42,129,78,54,70,10,3,43,88,64" hai1="90,6,127,26,61,9,36,95,83,39,50,62,40" hai2="109,81,14,52,99,65,4,60,32,45,131,31,75" hai3="12,100,79,119,28,74,19,47,66,122,48,133,63"/><U57/><E127/><V92/><F109/><W37/><G122/><T114/><D114/><U85/><E26/><V80/><F131/><W29/><G133/><T21/><D54/><U25/><E25/><V108/><F108/><W105/><G37/><T67/><D21/><U116/><E116/><V58/><F32/><W53/><G119/><T33/><D33/><U128/><E128/><V120/><F75/><W56/><G105/><T134/><D10/><U113/><E113/><V86/><F31/><W132/><G100/><T44/><D3/><U104/><E104/><V55/><F45/><W110/><G110/><T49/><D78/><U34/><E34/><V124/><F80/><W103/><G103/><T89/><D44/><U118/><E118/><V8/><F124/><W111/><G132/><T71/><D71/><U23/><E23/><V2/><F2/><W76/><G111/><T59/><D59/><U11/><E39/><V107/><F107/><W13/><G13/><T22/><D22/><U46/><E83/><V7/><F7/><W30/><REACH who="3" step="1"/><G74/><REACH who="3" ten="270,240,266,214" step="2"/><T97/><D73/><U35/><E36/><V72/><F72/><W24/><G24/><T17/><D134/><U87/><E35/><V51/><F120/><W0/><G0/><T91/><D121/><U41/><E41/><V94/><F14/><W117/><G117/><T5/><D42/><U16/><E40/><V38/><F38/><W82/><G82/><T96/><D43/><U115/><E115/><V18/><F81/><W102/><G102/><T126/><D129/><U123/><E123/><V84/><F92/><RYUUKYOKU ba="0,1" sc="270,-10,240,-10,266,-10,214,30" hai3="12,19,28,29,30,47,48,53,56,63,66,76,79" /><INIT seed="2,1,1,3,4,23" ten="260,230,256,244" oya="2" hai0="29,72,39,45,86,87,69,130,17,103,18,63,31" hai1="85,80,11,104,19,1,60,35,92,43,8,62,76" hai2="94,55,125,3,25,73,116,93,6,119,61,121,74" hai3="28,16,66,50,56,79,51,48,132,111,26,127,109"/><V12/><F121/><W41/><G79/><T95/><D72/><U89/><E35/><V97/><F3/><W68/><G68/><T102/><D39/><U33/><E33/><V88/><F125/><W15/><G132/><T49/><D63/><U122/><E104/><V53/><F119/><W115/><G115/><T44/><D69/><U124/><E124/><V84/><F116/><W78/><G78/><T40/><D95/><U131/><E131/><V54/><F74/><W30/><G41/><T4/><D4/><U99/><E122/><V114/><F73/><W135/><G135/><T118/><D118/><U82/><E43/><V21/><F114/><W128/><G128/><T113/><D130/><U20/><E82/><V77/><F77/><W96/><G96/><T57/><D57/><U32/><E32/><V27/><F61/><N who="1" m="23657" /><E1/><V100/><F21/><N who="3" m="13607" /><G66/><T107/><D40/><U67/><E67/><V101/><F101/><W70/><G70/><T0/><D0/><U64/><E64/><V46/><F46/><W106/><G106/><T24/><D107/><U36/><E36/><V81/><F81/><W112/><G112/><T52/><D113/><U75/><E75/><V123/><F123/><W5/><G56/><T71/><D71/><U83/><E83/><V14/><F14/><AGARI ba="1,1" hai="8,11,14,19,20,76,80,85,89,92,99" m="23657" machi="14" ten="30,1000,0" yaku="8,1" doraHai="23" who="1" fromWho="2" sc="260,0,230,23,256,-13,244,0" /><INIT seed="3,0,0,0,4,97" ten="260,253,243,244" oya="3" hai0="77,26,44,121,20,2,118,33,24,117,55,95,125" hai1="126,60,115,10,15,133,56,99,19,48,85,9,111" hai2="114,101,40,82,103,35,108,123,89,106,52,14,83" hai3="69,68,119,54,122,86,124,112,135,27,23,91,67"/><W46/><G112/><T110/><D121/><U18/><E111/><V8/><F35/><W43/><G119/><T58/><D110/><U45/><E126/><V61/><F108/><W62/><G122/><T16/><D2/><U34/><E133/><V84/><F114/><W59/><G124/><T29/><D44/><U12/><E34/><V88/><F106/><W113/><G135/><T37/><D37/><U31/><E31/><V22/><F22/><W47/><G113/><T96/><D77/><U104/><E85/><N who="2" m="50359" /><F40/><W3/><G3/><T75/><D75/><U130/><E130/><V90/><F90/><W134/><G134/><T36/><D36/><U71/><E71/><V4/><F123/><W109/><G109/><T39/><D39/><U107/><E99/><V98/><F98/><W72/><G43/><T116/><D125/><U76/><E76/><V129/><F129/><W64/><G69/><T102/><D118/><U42/><REACH who="1" step="1"/><E115/><REACH who="1" ten="260,243,243,244" step="2"/><V87/><F84/><W105/><G72/><T28/><D28/><U65/><AGARI ba="0,1" hai="9,10,12,15,18,19,42,45,48,56,60,65,104,107" machi="65" ten="20,8000,1" yaku="1,1,2,1,0,1,7,1,9,1,53,0" doraHai="97" doraHaiUra="128" who="1" fromWho="1" sc="260,-20,243,90,243,-20,244,-40" /><INIT seed="4,0,0,0,2,15" ten="240,333,223,204" oya="0" hai0="48,82,3,54,61,56,79,6,36,7,124,30,85" hai1="106,76,135,44,114,110,27,108,92,68,100,9,80" hai2="112,31,105,49,134,25,73,75,53,13,58,89,67" hai3="116,52,133,115,102,122,41,129,113,104,26,118,131"/><T128/><D36/><U93/><E68/><V97/><F105/><W107/><G41/><T55/><D124/><U20/><E106/><N who="3" m="40490" /><G26/><T43/><D43/><U39/><E114/><N who="3" m="43530" /><G52/><T130/><D30/><U77/><E100/><V1/><F1/><W74/><G102/><T125/><D125/><U21/><E9/><V66/><F112/><W59/><G59/><T132/><D132/><U91/><E27/><V111/><F134/><W4/><G4/><T22/><D22/><U120/><E44/><V69/><F69/><W103/><G103/><T23/><D23/><U16/><E39/><V123/><F123/><W109/><G133/><T32/><D32/><U98/><E120/><V126/><F126/><W51/><G51/><T64/><D55/><U90/><E135/><V95/><F111/><W70/><G70/><T45/><D3/><U57/><E57/><V24/><F75/><W96/><G96/><T84/><D84/><U38/><E98/><V37/><F73/><W19/><G122/><T81/><REACH who="0" step="1"/><D82/><REACH who="0" ten="230,333,223,204" step="2"/><U99/><E80/><V46/><F37/><W63/><G74/><T33/><D33/><U42/><E38/><V121/><F121/><W62/><G109/><T8/><D8/><U2/><E2/><V29/><F67/><W86/><G86/><T34/><D34/><U87/><E42/><V72/><F66/><W83/><G83/><T18/><D18/><U101/><E16/><V5/><F72/><W127/><G19/><T78/><D78/><N who="1" m="30315" /><E110/><V119/><F53/><W65/><G127/><T14/><D14/><U10/><E108/><V94/><F13/><RYUUKYOKU ba="0,1" sc="230,30,333,-10,223,-10,204,-10" hai0="6,7,45,48,54,56,61,64,79,81,85,128,130" /><INIT seed="4,1,1,0,1,2" ten="260,323,213,194" oya="0" hai0="125,75,105,73,100,119,76,21,113,116,25,7,39" hai1="41,61,84,47,9,11,32,51,131,33,34,16,68" hai2="107,74,111,8,64,22,18,117,62,135,20,129,132" hai3="35,94,97,83,24,65,27,30,114,128,92,77,10"/><T63/><D39/><U66/><E131/><V5/><F107/><W104/><G114/><T53/><D76/><U67/><E67/><V88/><F74/><W19/><G128/><T123/><D123/><U103/><E103/><V71/><F111/><W101/><G65/><T59/><D75/><U110/><E110/><V44/><F129/><W115/><G115/><T12/><D73/><U14/><REACH who="1" step="1"/><E84/><REACH who="1" ten="260,313,213,194" step="2"/><V78/><F117/><W126/><G126/><T50/><D125/><U134/><E134/><V98/><F135/><W6/><G104/><T52/><D113/><U38/><E38/><V42/><F132/><W69/><G101/><T45/><D105/><U3/><E3/><V133/><F133/><W95/><G97/><T48/><D100/><U29/><E29/><V124/><F124/><W60/><G69/><T54/><D119/><U56/><E56/><V82/><F98/><W130/><G130/><T79/><D116/><U87/><E87/><V89/><F71/><W31/><G31/><N who="0" m="17839" /><D79/><U28/><E28/><V122/><F78/><W109/><G109/><T70/><D70/><U36/><E36/><V40/><F122/><W46/><G30/><T23/><D50/><U37/><E37/><V106/><F106/><W13/><G77/><T26/><D59/><U81/><E81/><V1/><F1/><W112/><G83/><T0/><D0/><U58/><E58/><V43/><F82/><W55/><G112/><T80/><D80/><U91/><E91/><V108/><F89/><W127/><G127/><T4/><D48/><U99/><E99/><V93/><F88/><RYUUKYOKU ba="1,2" sc="260,-10,313,30,213,-10,194,-10" hai1="9,11,14,16,32,33,34,41,47,51,61,66,68" /><INIT seed="5,2,2,1,4,41" ten="250,343,203,184" oya="1" hai0="7,38,27,131,82,86,79,18,22,56,104,53,24" hai1="59,32,90,10,97,14,112,42,9,81,13,40,12" hai2="72,130,133,76,65,2,87,37,122,21,123,80,20" hai3="6,46,125,118,89,107,60,116,99,45,108,3,129"/><U113/><E32/><V11/><F133/><W67/><G108/><T114/><D104/><U103/><E59/><V74/><F130/><W34/><G34/><T26/><D38/><U35/><E35/><V5/><F65/><W88/><G125/><T8/><D131/><U25/><E25/><V61/><F61/><W66/><G129/><T117/><D117/><N who="3" m="45161" /><G6/><T44/><D44/><N who="3" m="17001" /><G3/><T110/><D114/><N who="1" m="44139" /><E90/><N who="3" m="34922" /><G60/><T135/><D110/><U115/><E115/><V52/><F37/><W69/><G69/><T57/><D135/><U49/><E42/><V19/><F123/><W33/><G33/><T31/><D31/><U71/><E71/><V68/><F68/><W54/><G54/><T1/><D57/><U15/><E10/><V17/><F122/><W58/><G58/><T109/><D109/><U30/><E40/><V127/><F52/><W39/><G39/><T111/><D111/><U29/><E49/><AGARI ba="2,2" hai="1,7,8,18,22,24,26,27,49,53,56,79,82,86" machi="49" ten="30,1000,0" yaku="7,1" doraHai="41" who="0" fromWho="1" sc="250,36,343,-16,203,0,184,0" /><INIT seed="6,0,0,1,2,33" ten="286,327,203,184" oya="2" hai0="67,42,126,75,34,100,21,16,107,82,48,26,24" hai1="63,12,96,30,88,7,3,57,51,114,79,108,25" hai2="80,78,49,6,10,91,71,0,72,84,128,1,101" hai3="22,50,120,64,8,94,29,46,66,112,14,87,131"/><V31/><F71/><W105/><G105/><T36/><D36/><U47/><E3/><V53/><F128/><W93/><G120/><T40/><D126/><U70/><E108/><V121/><F121/><W73/><G73/><T35/><D67/><U127/><E114/><V90/><F101/><W23/><G131/><T110/><D110/><U125/><E79/><V44/><F31/><W18/><G112/><T27/><D82/><U98/><E12/><V76/><F78/><W37/><G37/><T15/><D75/><U86/><E7/><V111/><F111/><W83/><G93/><T19/><D19/><U43/><E70/><V102/><F102/><W117/><G94/><T109/><D109/><U69/><E69/><V62/><F62/><W85/><G85/><T55/><D35/><U99/><E25/><V65/><F65/><N who="3" m="25195" /><G29/><T5/><D5/><U104/><E104/><V97/><F97/><W92/><G92/><T134/><D34/><U133/><E30/><V89/><REACH who="2" step="1"/><F72/><REACH who="2" ten="286,327,193,184" step="2"/><W77/><G117/><T17/><D100/><U106/><E99/><V118/><F118/><W68/><G68/><T52/><D107/><U119/><E98/><V95/><F95/><W61/><G61/><T9/><D134/><U59/><E133/><V74/><F74/><W124/><G124/><N who="1" m="47690" /><E63/><V123/><F123/><W4/><G18/><T13/><D26/><U103/><E119/><V28/><F28/><W135/><G135/><T122/><D27/><U81/><AGARI ba="0,1" hai="43,47,51,57,59,81,86,88,96,103,106" m="47690" machi="81" ten="30,2000,0" yaku="18,1,54,1" doraHai="33" who="1" fromWho="1" sc="286,-5,327,30,193,-10,184,-5" /><INIT seed="7,0,0,4,3,44" ten="281,357,183,179" oya="3" hai0="15,109,134,72,61,22,111,118,30,51,123,84,58" hai1="26,90,62,39,48,88,128,17,37,131,115,35,42" hai2="102,75,78,68,23,65,74,16,97,53,46,60,31" hai3="71,113,3,9,56,73,69,127,24,5,95,11,34"/><W80/><G113/><T50/><D72/><U47/><E115/><V116/><F31/><W19/><G127/><T135/><D123/><U83/><E62/><V76/><F116/><W86/><G73/><T13/><D118/><U20/><E35/><V96/><F96/><W122/><G122/><T92/><D30/><U87/><E90/><V129/><F129/><AGARI ba="0,0" hai="17,20,26,37,39,42,47,48,83,87,88,128,129,131" machi="129" ten="40,5200,0" yaku="19,1,52,1,54,1" doraHai="44" who="1" fromWho="2" sc="281,0,357,52,183,-52,179,0" owari="281,8.1,409,50.9,131,-36.9,179,-22.1" /></mjloggm>