<mjloggm ver="2.3"><GO type="169" lobby="0"/><UN n0="%E3%82%86%E3%81%86%E3%82%86%E3%81%8D" n1="%E3%83%AC%E3%82%AA%E3%83%B3%E3%83%8F%E3%83%AB%E3%83%88" n2="%E7%B4%AB%E3%81%AE%E9%8F%A1" n3="%E6%84%9A%E5%85%84%E3%81%8C%E6%84%9A%E5%BD%A2" dan="16,17,18,16" rate="2172.79,2168.02,2191.21,2109.32" sx="M,M,M,M"/><TAIKYOKU oya="0"/><INIT seed="0,0,0,2,1,113" ten="250,250,250,250" oya="0" hai0="32,4,99,59,98,121,81,12,109,46,125,17,9" hai1="0,28,94,80,130,126,8,104,44,86,92,124,74" hai2="114,119,77,63,110,57,103,97,15,133,10,2,34" hai3="134,120,47,135,37,3,122,6,30,18,13,39,49"/><T105/><D121/><N who="3" m="46697" /><G30/><T118/><D32/><U72/><E28/><V89/><F114/><W82/><G82/><T29/><D29/><U35/><E44/><V75/><F110/><W106/><G106/><T68/><D68/><U102/><E8/><V36/><F36/><W115/><G6/><T52/><D125/><N who="1" m="48235" /><E0/><V76/><F133/><N who="3" m="50699" /><G3/><T51/><D109/><U54/><E54/><V73/><F2/><W66/><G66/><T7/><D105/><U69/><E35/><V40/><F34/><W71/><G71/><T21/><D118/><U25/><E25/><V90/><F119/><W70/><G70/><T56/><D4/><U78/><E69/><V55/><F75/><N who="1" m="28713" /><E130/><V132/><F73/><W26/><G26/><T5/><D5/><U65/><E65/><V83/><F132/><W85/><G115/><T42/><D81/><U95/><E104/><V93/><F83/><W19/><G19/><T107/><D107/><U23/><E23/><V43/><F10/><W27/><G27/><N who="0" m="14767" /><D59/><U67/><E67/><V50/><F57/><W111/><G111/><T84/><D56/><U48/><E48/><V58/><F50/><W41/><G39/><T116/><D116/><U79/><E78/><N who="2" m="30315" /><F15/><W16/><G13/><T88/><D42/><AGARI ba="0,0" hai="40,42,43,55,58,63,89,90,93,97,103" m="30315" machi="42" ten="30,1000,0" yaku="8,1" doraHai="113" who="2" fromWho="0" sc="250,-10,250,0,250,10,250,0" /><INIT seed="1,0,0,3,1,17" ten="240,250,260,250" oya="1" hai0="97,23,68,31,11,27,35,85,77,117,8,40,115" hai1="19,0,87,131,104,38,133,46,61,29,112,119,76" hai2="111,58,18,128,100,132,109,5,88,65,70,37,99" hai3="63,122,39,89,116,82,124,47,127,41,113,71,4"/><U123/><E112/><V24/><F37/><W69/><G4/><T84/><D117/><U64/><E119/><V32/><F128/><W14/><G116/><T126/><D115/><U3/><E123/><V83/><F132/><W22/><G122/><T1/><D68/><U28/><E133/><V120/><F5/><W95/><G82/><T20/><D40/><U42/><E104/><V34/><F70/><W106/><G106/><T74/><D126/><N who="3" m="48169" /><G63/><T53/><D97/><U55/><E55/><V121/><F65/><W93/><G93/><T130/><D74/><U135/><E0/><V86/><F58/><W91/><G91/><T13/><D53/><U79/><E3/><V114/><F114/><W125/><G113/><T21/><D77/><U103/><E103/><V96/><F96/><N who="3" m="57455" /><G125/><T50/><D50/><U94/><E76/><V54/><F121/><W10/><G10/><T51/><D51/><U81/><E94/><V80/><F80/><W75/><G75/><T110/><D130/><U90/><E79/><V107/><F120/><W49/><G39/><T36/><D36/><U44/><E131/><V73/><F73/><W43/><G43/><T6/><REACH who="0" step="1"/><D110/><REACH who="0" ten="230,250,260,250" step="2"/><U98/><E98/><V129/><F129/><W108/><G108/><T105/><D105/><U59/><E135/><V60/><F111/><W72/><G72/><T134/><D134/><U101/><E101/><V12/><F109/><W7/><G69/><T2/><D2/><U45/><E38/><V33/><F107/><W118/><G71/><T62/><D62/><U16/><E42/><V78/><F60/><RYUUKYOKU ba="0,1" sc="230,15,250,15,260,-15,250,-15" hai0="1,6,8,11,13,20,21,23,27,31,35,84,85" hai1="16,19,28,29,44,45,46,59,61,64,81,87,90" /><INIT seed="1,1,1,3,2,92" ten="245,265,245,235" oya="1" hai0="66,68,40,129,13,128,9,37,110,91,51,23,96" hai1="132,69,109,67,89,52,56,123,27,49,28,14,130" hai2="126,124,63,106,6,72,31,101,20,58,103,99,107" hai3="87,111,80,60,116,54,21,22,104,86,10,74,44"/><U41/><E123/><V133/><F72/><W38/><G111/><T65/><D37/><U64/><E130/><N who="0" m="50281" /><D68/><U98/><E132/><V16/><F6/><W105/><G74/><T17/><D110/><U43/><E109/><V102/><F31/><W18/><G87/><T50/><D9/><U45/><E14/><N who="2" m="9239" /><F106/><W73/><G73/><T121/><D121/><U24/><E41/><V108/><F133/><W7/><G22/><T90/><D90/><U79/><E79/><V122/><F122/><W77/><G38/><T5/><D5/><U55/><E55/><N who="2" m="34271" /><F108/><W57/><G44/><N who="0" m="25863" /><D51/><N who="1" m="27071" /><E28/><V61/><F61/><W26/><REACH who="3" step="1"/><G116/><REACH who="3" ten="245,265,245,225" step="2"/><T48/><D23/><U1/><E69/><V114/><F114/><W75/><G75/><T29/><D29/><U36/><E36/><V84/><F84/><W3/><AGARI ba="1,2" hai="3,7,10,18,21,26,54,57,60,77,80,86,104,105" machi="3" ten="20,2700,0" yaku="1,1,0,1,7,1,53,0" doraHai="92" doraHaiUra="94" who="3" fromWho="3" sc="245,-8,265,-14,245,-8,225,50" /><INIT seed="2,0,0,2,4,52" ten="237,251,237,275" oya="2" hai0="133,108,39,95,81,75,72,109,50,0,126,47,123" hai1="49,97,111,118,88,28,34,45,127,42,6,60,85" hai2="102,93,125,27,31,26,99,104,37,124,25,33,113" hai3="73,36,7,5,89,22,112,32,135,4,132,80,2"/><V30/><F113/><W23/><G36/><T68/><D123/><U18/><E118/><V69/><F37/><W24/><G73/><T101/><D68/><U91/><E111/><V86/><F69/><W94/><G80/><T20/><D0/><U82/><E127/><N who="2" m="48715" /><F33/><W100/><G100/><T43/><D133/><N who="3" m="51273" /><G2/><T70/><D70/><U46/><E6/><V117/><F117/><W57/><G112/><T83/><D126/><U12/><E28/><N who="2" m="10795" /><F86/><N who="3" m="52535" /><G32/><T14/><D39/><U13/><E34/><V59/><F104/><W131/><G24/><T71/><D71/><U121/><E121/><V134/><F134/><W55/><G131/><T96/><D75/><U90/><E97/><V38/><F38/><W114/><G114/><T16/><REACH who="0" step="1"/><D72/><REACH who="0" ten="227,251,237,275" step="2"/><U87/><E82/><AGARI ba="0,1" hai="14,16,20,43,47,50,81,82,83,95,96,101,108,109" machi="82" ten="40,8000,1" yaku="1,1,2,1,54,1,53,1" doraHai="52" doraHaiUra="98" who="0" fromWho="1" sc="227,90,251,-80,237,0,275,0" /><INIT seed="3,0,0,3,1,125" ten="317,171,237,275" oya="3" hai0="32,110,38,39,52,21,115,91,113,34,61,84,58" hai1="121,41,135,16,83,105,118,108,130,101,20,53,36" hai2="88,54,37,117,7,131,79,102,51,8,30,11,94" hai3="3,104,57,72,87,76,12,43,40,98,74,132,24"/><W23/><G3/><T86/><D110/><U44/><E121/><V127/><F117/><W133/><G12/><T10/><D10/><U90/><E108/><V73/><F37/><W93/><G57/><T28/><D21/><U65/><E118/><V126/><F102/><W80/><G40/><T26/><D34/><U18/><E135/><N who="3" m="51786" /><G43/><T63/><D63/><U111/><E111/><V120/><F30/><N who="3" m="17695" /><G104/><T17/><D17/><U92/><E65/><V109/><F120/><W78/><G78/><T55/><D55/><U89/><E105/><V114/><F114/><N who="0" m="43530" /><D86/><U68/><E68/><V112/><F112/><W67/><G67/><T64/><D64/><U96/><E53/><V103/><F109/><W81/><G81/><AGARI ba="0,0" hai="26,28,32,38,39,52,58,61,81,84,91" m="43530" machi="81" ten="30,2000,0" yaku="11,1,54,1" doraHai="125" who="0" fromWho="3" sc="317,20,171,0,237,0,275,-20" /><INIT seed="4,0,0,0,2,110" ten="337,171,237,255" oya="0" hai0="9,116,66,130,113,54,89,117,99,103,11,2,72" hai1="43,48,3,7,70,24,123,31,131,133,62,75,42" hai2="45,29,18,76,135,90,63,96,125,47,109,111,88" hai3="37,93,83,68,84,10,15,39,74,85,30,60,8"/><T81/><D66/><U82/><E123/><V92/><F135/><W52/><G74/><T119/><D130/><U21/><E133/><V32/><F125/><W118/><G118/><T97/><D2/><U28/><E131/><V126/><F126/><W36/><G30/><T94/><D54/><U34/><E34/><V78/><F18/><W122/><G122/><T87/><D9/><U38/><E31/><V1/><F1/><W4/><G68/><T105/><D11/><U106/><E106/><V73/><F63/><W51/><G60/><T58/><D58/><U20/><E7/><V41/><F73/><W86/><G93/><T14/><D14/><U98/><E3/><V95/><F29/><W22/><G22/><T25/><D25/><U53/><E38/><V50/><F32/><W26/><G26/><T59/><D59/><U127/><E98/><V79/><REACH who="2" step="1"/><F45/><REACH who="2" ten="337,171,227,255" step="2"/><W114/><G4/><T64/><D72/><U77/><E127/><V67/><F67/><W71/><G71/><T16/><D16/><U115/><E62/><V0/><F0/><W6/><G6/><T102/><D64/><U61/><E61/><V23/><F23/><W27/><G8/><T124/><D124/><U13/><E70/><V56/><F56/><W69/><G69/><T35/><D35/><U33/><E33/><V121/><F121/><W46/><G10/><T134/><D134/><U19/><REACH who="1" step="1"/><E115/><AGARI ba="0,1" hai="81,87,89,94,97,99,102,103,105,113,115,116,117,119" machi="115" ten="50,12000,1" yaku="34,3,52,2" doraHai="110" who="0" fromWho="1" sc="337,130,171,-120,227,0,255,0" /><INIT seed="4,1,0,5,1,127" ten="467,51,227,255" oya="0" hai0="79,5,65,7,17,115,78,13,129,25,0,15,47" hai1="81,111,34,72,30,51,71,11,49,6,109,69,112" hai2="132,2,80,104,110,120,50,83,35,103,116,62,119" hai3="55,38,123,63,31,105,37,84,96,99,26,32,59"/><T121/><D115/><U90/><E112/><V98/><F2/><W94/><G123/><T124/><D121/><U58/><E111/><V57/><F35/><W53/><G84/><T60/><D124/><U73/><E109/><V126/><F126/><W102/><REACH who="3" step="1"/><G53/><REACH who="3" ten="467,51,227,245" step="2"/><T70/><D78/><U82/><E72/><V27/><F120/><W106/><G106/><T91/><D79/><U101/><E73/><V18/><F110/><W48/><G48/><T52/><D52/><U93/><E49/><V42/><F50/><W40/><G40/><T45/><D45/><U125/><E51/><V61/><F42/><W128/><G128/><T95/><D129/><U108/><E125/><V1/><F104/><W19/><G19/><T117/><D47/><U88/><E108/><V10/><F18/><W3/><G3/><T9/><D0/><U76/><E76/><V113/><F1/><W67/><G67/><T24/><D17/><U130/><E130/><V66/><F66/><W114/><G114/><T28/><D28/><U133/><E30/><V77/><F113/><W122/><G122/><T33/><D65/><U36/><E36/><V89/><F77/><W4/><G4/><T43/><D43/><U87/><E6/><V39/><F39/><W12/><G12/><T118/><D7/><U14/><E87/><V85/><F85/><W23/><G23/><T44/><D44/><U54/><E14/><V74/><F74/><W86/><G86/><T92/><D15/><U16/><E16/><V134/><F116/><W22/><G22/><T64/><D117/><U21/><E21/><RYUUKYOKU ba="1,1" sc="467,-10,51,-10,227,-10,245,30" hai3="26,31,32,37,38,55,59,63,94,96,99,102,105" /><INIT seed="5,2,1,5,3,63" ten="457,41,217,275" oya="1" hai0="81,22,114,39,13,18,24,99,123,55,119,71,16" hai1="0,89,106,33,42,98,82,91,56,46,100,108,117" hai2="130,88,80,51,12,105,53,75,107,109,40,124,67" hai3="128,77,93,58,118,102,47,50,36,76,29,59,25"/><U134/><E117/><V127/><F109/><W62/><G128/><T4/><D71/><U113/><E108/><V35/><F130/><W92/><G58/><T45/><D119/><U126/><E126/><N who="2" m="48171" /><F35/><W34/><G36/><T11/><D114/><U26/><E113/><V90/><F40/><W103/><G92/><T43/><D123/><U121/><E134/><V52/><F12/><W72/><G72/><T19/><D55/><N who="2" m="21066" /><F51/><W83/><G83/><T111/><D111/><U5/><E121/><V9/><F9/><W2/><G2/><T7/><D7/><U97/><E56/><V69/><F75/><W132/><G50/><T3/><D99/><U133/><E133/><V20/><F20/><W10/><G118/><T44/><D44/><U61/><E61/><N who="2" m="40175" /><F80/><W129/><G129/><T79/><D13/><U120/><E120/><V38/><F38/><W65/><G10/><T86/><AGARI ba="2,1" hai="3,4,11,16,18,19,22,24,39,43,45,79,81,86" machi="86" ten="20,2700,0" yaku="0,1,7,1,54,1" doraHai="63" who="0" fromWho="0" sc="457,43,41,-15,217,-9,275,-9" /><INIT seed="6,0,0,4,3,27" ten="500,26,208,266" oya="2" hai0="54,14,49,10,39,75,44,102,68,33,135,132,19" hai1="72,55,20,34,92,73,40,21,7,6,70,98,100" hai2="22,4,76,124,126,9,13,38,61,11,115,128,77" hai3="57,96,108,5,78,18,36,0,67,99,87,114,65"/><V109/><F38/><W8/><G108/><T29/><D75/><U60/><E34/><V105/><F105/><W47/><G114/><T48/><D68/><U117/><E117/><V80/><F115/><W2/><G2/><T129/><D129/><U17/><E73/><V74/><F128/><W59/><G36/><T83/><D83/><U35/><E72/><V113/><F113/><W43/><G18/><T88/><D102/><U134/><E35/><V28/><F77/><W91/><G78/><T69/><D69/><U131/><E134/><N who="0" m="51241" /><D88/><U93/><E131/><V127/><F109/><W104/><G59/><T3/><D3/><U15/><E40/><V46/><F46/><W118/><G67/><T30/><D33/><U24/><E70/><V53/><F9/><W58/><G58/><N who="0" m="33095" /><D39/><U23/><E60/><V122/><F122/><W26/><G57/><T52/><AGARI ba="0,0" hai="10,14,19,29,30,44,49,52" m="33095,51241" machi="52" ten="30,7900,0" yaku="20,1,52,2,54,1" doraHai="27" who="0" fromWho="0" sc="500,79,26,-20,208,-39,266,-20" /><INIT seed="7,0,0,3,5,91" ten="579,6,169,246" oya="3" hai0="115,83,79,41,100,72,74,18,116,64,114,61,104" hai1="53,130,58,7,62,112,45,63,17,1,67,106,26" hai2="20,76,44,84,57,89,12,98,56,87,125,101,123" hai3="90,25,97,102,86,117,119,23,36,92,128,42,37"/><W129/><G42/><T59/><D116/><U85/><E106/><V81/><F125/><W65/><G65/><T122/><D122/><U33/><E33/><V9/><F20/><W103/><G36/><T71/><D18/><U49/><E17/><V30/><F123/><W60/><G60/><T32/><D32/><U11/><E26/><V52/><F30/><W48/><G48/><T15/><D15/><U13/><E85/><V109/><F109/><W5/><G5/><T121/><D121/><U8/><E13/><V70/><F70/><W93/><G37/><T50/><D59/><U54/><E11/><V51/><F98/><W132/><G132/><T69/><D69/><U111/><E8/><V77/><F101/><W43/><G43/><T16/><D16/><U131/><E7/><V2/><F77/><W78/><G103/><T28/><D28/><U34/><E34/><V110/><F110/><W29/><G78/><T24/><D24/><U108/><E1/><V4/><F2/><W73/><G73/><T88/><D74/><U21/><E21/><V38/><F38/><W39/><G39/><T22/><D50/><U127/><E49/><V82/><AGARI ba="0,0" hai="4,9,12,44,51,52,56,57,76,81,82,84,87,89" machi="82" ten="20,5200,0" yaku="0,1,7,1,8,1,54,1" doraHai="91" who="2" fromWho="2" sc="579,-13,6,-13,169,52,246,-26" owari="566,66.6,-7,-50.7,221,2.1,220,-18.0" /></mjloggm>