<mjloggm ver="2.3"><GO type="169" lobby="0"/><UN n0="%E5%A5%94%E4%BB%94" n1="%E3%82%B7%E3%82%A7%E3%83%95%E3%83%81%E3%83%A7%E3%82%B3" n2="%74%34%63%34%32%32" n3="%E7%AE%B1%E4%B8%8B%E3%81%AE%E3%82%B1%E3%83%B3%E5%9D%8A" dan="17,18,16,16" rate="2226.80,2246.30,2139.30,2131.59" sx="M,M,M,M"/><TAIKYOKU oya="0"/><INIT seed="0,0,0,1,4,91" ten="250,250,250,250" oya="0" hai0="60,131,27,122,16,70,19,88,4,97,25,32,111" hai1="10,124,0,84,92,38,75,135,61,17,104,18,76" hai2="109,129,5,120,6,118,56,54,66,115,58,128,112" hai3="9,53,14,94,67,20,7,100,101,64,31,103,96"/><T13/><D122/><U23/><E38/><V116/><F120/><W52/><G64/><T72/><D72/><U46/><E104/><V62/><F5/><W24/><REACH who="3" step="1"/><G67/><REACH who="3" ten="250,250,250,240" step="2"/><T49/><D70/><U126/><E126/><V8/><F109/><W2/><G2/><T107/><D111/><U42/><E0/><V113/><F6/><W12/><G12/><T1/><D13/><U37/><E124/><V33/><F33/><W39/><G39/><T121/><D32/><U108/><E108/><V63/><REACH who="2" step="1"/><F8/><REACH who="2" ten="250,250,240,240" step="2"/><W78/><G78/><T77/><D77/><U110/><E10/><V82/><F82/><W106/><G106/><T3/><D107/><U30/><E110/><V59/><F59/><W34/><G34/><T86/><D4/><U127/><E127/><V73/><F73/><W48/><G48/><T87/><D49/><U79/><E75/><V119/><AGARI ba="0,2" hai="54,56,58,62,63,66,112,113,115,116,118,119,128,129" machi="119" ten="40,12000,2" yaku="1,1,0,1,12,1,34,3,53,0" doraHai="91" doraHaiUra="95" who="2" fromWho="2" sc="250,-60,250,-30,240,140,240,-30" /><INIT seed="1,0,0,2,0,77" ten="190,220,380,210" oya="1" hai0="25,132,100,29,20,90,40,34,15,66,32,92,82" hai1="114,17,95,85,127,10,18,60,99,72,96,129,67" hai2="24,36,71,101,70,11,125,79,113,122,98,57,135" hai3="104,131,12,6,64,58,38,112,26,33,97,3,28"/><U128/><E72/><V109/><F122/><W43/><G112/><T69/><D132/><U106/><E114/><V110/><F113/><W61/><G131/><N who="1" m="50250" /><E106/><V31/><F135/><W124/><G124/><T27/><D40/><U76/><E127/><V22/><F125/><W5/><G3/><T53/><D15/><N who="1" m="7415" /><E18/><V35/><F36/><W48/><G38/><T74/><D100/><U19/><E19/><V103/><F103/><W14/><G104/><T8/><D8/><U39/><E39/><V120/><F11/><W41/><G97/><T89/><D53/><U52/><E52/><V55/><F120/><W49/><G5/><T93/><D66/><U21/><E21/><V130/><F22/><W91/><G6/><T115/><D115/><U108/><E108/><N who="2" m="41579" /><F130/><W94/><G49/><T88/><D69/><N who="1" m="42215" /><E76/><V2/><F79/><W65/><G65/><T42/><D42/><U1/><E1/><V133/><F133/><W81/><G41/><T56/><D74/><U84/><E99/><V126/><F2/><W68/><G68/><T107/><D107/><U123/><E123/><V9/><F126/><W16/><G43/><T134/><D134/><U50/><E50/><N who="2" m="30967" /><F9/><W102/><G48/><T45/><D56/><U83/><E83/><V118/><F118/><W73/><G73/><T62/><D82/><U86/><E96/><V0/><F0/><W121/><G81/><T54/><D20/><U23/><E23/><V44/><F44/><W63/><G121/><T80/><D45/><U47/><E47/><V105/><AGARI ba="0,0" hai="24,31,35,70,71,98,101,105" m="30967,41579" machi="105" ten="30,1100,0" yaku="14,1" doraHai="77" who="2" fromWho="2" sc="190,-3,220,-5,380,11,210,-3" /><INIT seed="2,0,0,5,2,44" ten="187,215,391,207" oya="2" hai0="46,97,123,13,76,59,129,50,69,84,17,42,114" hai1="5,105,26,120,58,30,121,61,108,98,100,25,74" hai2="15,54,103,107,32,39,71,79,115,52,20,56,41" hai3="55,22,10,85,48,133,132,27,87,43,93,88,83"/><V45/><F32/><W73/><G73/><T111/><D114/><U38/><E38/><V6/><F71/><W102/><G43/><T90/><D123/><N who="1" m="47179" /><E74/><V19/><F115/><W49/><G10/><T67/><D111/><U104/><E5/><V4/><F79/><W34/><G34/><T95/><D129/><U64/><E108/><V86/><F54/><W75/><G75/><T14/><D69/><U7/><E7/><V57/><F57/><W28/><G102/><T80/><REACH who="0" step="1"/><D17/><REACH who="0" ten="177,215,391,207" step="2"/><U23/><E25/><V134/><F134/><N who="3" m="51819" /><G55/><T127/><D127/><U21/><E23/><V128/><F128/><W101/><G101/><T119/><D119/><U77/><E77/><AGARI ba="0,1" hai="22,27,28,48,49,77,83,85,87,88,93" m="51819" machi="77" ten="30,7700,0" yaku="20,1,52,2,54,1" doraHai="44" who="3" fromWho="1" sc="177,0,215,-77,391,0,207,87" /><INIT seed="3,0,0,5,4,58" ten="177,138,391,294" oya="3" hai0="22,135,66,46,33,51,79,121,27,39,59,93,67" hai1="124,74,84,126,77,94,55,109,115,16,107,23,80" hai2="128,44,68,122,40,105,118,63,11,97,18,1,0" hai3="133,71,90,14,36,100,43,69,6,19,48,81,129"/><W70/><G133/><T98/><D121/><U17/><E115/><V45/><F118/><W61/><G129/><T57/><D33/><U13/><E107/><V132/><F128/><W3/><G100/><T123/><D79/><U28/><E109/><V82/><F132/><W116/><G36/><T9/><D39/><U24/><E55/><V130/><F122/><W111/><G111/><T114/><D9/><U120/><E120/><V101/><F130/><W110/><G116/><T25/><D114/><U75/><E17/><V7/><F44/><W78/><G90/><N who="0" m="55607" /><D25/><U88/><REACH who="1" step="1"/><E74/><REACH who="1" ten="177,128,391,294" step="2"/><V42/><F18/><W102/><G110/><T35/><D123/><U134/><E134/><V86/><F105/><W85/><G19/><N who="0" m="12767" /><D135/><U12/><E12/><V96/><F0/><W76/><G14/><T4/><D4/><U15/><E15/><V125/><F7/><W127/><G6/><T53/><D35/><AGARI ba="0,1" hai="13,16,23,24,28,35,75,77,80,84,88,94,124,126" machi="35" ten="40,5200,0" yaku="1,1,54,2,53,0" doraHai="58" doraHaiUra="32" who="1" fromWho="0" sc="177,-52,128,62,391,0,294,0" /><INIT seed="4,0,0,1,0,79" ten="125,190,391,294" oya="0" hai0="14,100,131,120,98,17,133,132,23,109,121,83,135" hai1="105,59,84,64,93,2,69,67,115,126,22,51,61" hai2="58,55,110,63,91,128,130,117,106,4,60,92,75" hai3="20,74,76,26,108,107,0,31,3,27,48,73,88"/><T112/><D131/><N who="2" m="50218" /><F106/><W99/><G108/><T12/><D109/><U24/><E105/><V10/><F110/><W66/><G66/><T102/><D112/><U111/><E2/><N who="2" m="279" /><F75/><W134/><G134/><T6/><D6/><U40/><E111/><V33/><F33/><W7/><G73/><T65/><D65/><N who="1" m="39103" /><E126/><V37/><F37/><W45/><G7/><T86/><D14/><U129/><E69/><V118/><F60/><W19/><G74/><T96/><D102/><U97/><E84/><AGARI ba="0,0" hai="55,58,63,84,91,92,117,118" m="279,50218" machi="84" ten="30,1000,0" yaku="19,1" doraHai="79" who="2" fromWho="1" sc="125,0,190,-10,391,10,294,0" /><INIT seed="5,0,0,5,3,123" ten="125,180,401,294" oya="1" hai0="69,88,87,0,30,134,36,121,9,45,44,37,126" hai1="21,127,81,60,120,5,18,64,49,6,74,26,67" hai2="33,59,31,55,119,19,106,10,98,68,118,133,50" hai3="102,35,63,25,107,94,72,85,28,22,83,112,90"/><U73/><E120/><V7/><F68/><W100/><G112/><T128/><D69/><U52/><E127/><V13/><F133/><W129/><G129/><T3/><D121/><U32/><E32/><V1/><F106/><W38/><G38/><T135/><D30/><U82/><E73/><V109/><F98/><W42/><G42/><T76/><D76/><U66/><E60/><V86/><F86/><W103/><G72/><T84/><D9/><U15/><E74/><V12/><F12/><W11/><G35/><T17/><D17/><U104/><E104/><V23/><F109/><W51/><G51/><T54/><D54/><U57/><REACH who="1" step="1"/><E26/><AGARI ba="0,0" hai="1,7,10,13,19,23,26,31,33,50,55,59,118,119" machi="26" ten="40,2600,0" yaku="24,2" doraHai="123" who="2" fromWho="1" sc="125,0,180,-26,401,26,294,0" /><INIT seed="6,0,0,1,5,35" ten="125,154,427,294" oya="2" hai0="25,69,109,127,41,17,77,61,16,83,99,36,125" hai1="48,88,1,116,5,40,57,132,47,53,7,120,12" hai2="29,3,64,59,121,31,81,105,96,39,14,24,97" hai3="30,4,126,112,106,37,86,27,72,123,78,43,56"/><V108/><F3/><W2/><G86/><T58/><D109/><U38/><E116/><V46/><F121/><W74/><G56/><T62/><D69/><U102/><E132/><V103/><F108/><W6/><G123/><T84/><D61/><U91/><E120/><V33/><F29/><W119/><G4/><T8/><D99/><U94/><E1/><V32/><F97/><W124/><G119/><T18/><D25/><U114/><E114/><V9/><F81/><N who="3" m="45255" /><G106/><T113/><D113/><U117/><E117/><V13/><F33/><N who="3" m="20703" /><G74/><T82/><D83/><U90/><E102/><V92/><F105/><W73/><G73/><T45/><REACH who="0" step="1"/><D8/><REACH who="0" ten="115,154,427,294" step="2"/><U87/><REACH who="1" step="1"/><E5/><REACH who="1" ten="115,144,427,294" step="2"/><N who="2" m="3247" /><F103/><W104/><G112/><T130/><D130/><U98/><E98/><V89/><F96/><W76/><G6/><T134/><D134/><U60/><E60/><V115/><F115/><W107/><G124/><T122/><D122/><U80/><E80/><V128/><F128/><W70/><G126/><T22/><D22/><U101/><E101/><V20/><F20/><W49/><G104/><T44/><D44/><U135/><E135/><V67/><F46/><W85/><G107/><T23/><D23/><U42/><E42/><V79/><F32/><W19/><G43/><T10/><D10/><AGARI ba="0,2" hai="7,10,12,38,40,47,48,53,57,87,88,90,91,94" machi="10" ten="40,5200,0" yaku="1,1,54,1,53,1" doraHai="35" doraHaiUra="51" who="1" fromWho="0" sc="115,-52,144,72,427,0,294,0" /><INIT seed="7,0,0,0,1,105" ten="63,216,427,294" oya="3" hai0="130,64,49,122,114,78,23,12,108,73,65,51,35" hai1="3,98,69,91,82,115,101,135,74,79,116,1,43" hai2="112,0,30,89,55,127,16,95,34,104,61,125,100" hai3="27,66,110,83,26,7,72,99,24,70,63,71,48"/><W133/><G133/><T33/><D78/><U84/><E69/><V132/><F0/><W5/><G110/><T18/><D108/><U50/><E135/><V134/><F112/><W124/><G124/><N who="2" m="47689" /><F100/><W57/><G99/><T54/><D122/><U44/><E115/><V32/><F104/><W14/><G14/><T39/><D39/><U126/><E116/><V111/><F111/><W113/><G113/><T58/><D114/><U56/><E56/><N who="2" m="34975" /><F16/><W103/><G103/><T87/><D130/><U37/><E37/><V121/><F121/><W28/><G28/><T128/><D128/><U118/><E118/><V81/><F81/><W85/><G72/><T36/><D36/><U92/><REACH who="1" step="1"/><E126/><REACH who="1" ten="63,206,427,294" step="2"/><V52/><F134/><W25/><G70/><T62/><D33/><U119/><E119/><V20/><F132/><W2/><G71/><T38/><D35/><U40/><E40/><V117/><F34/><W60/><G57/><T102/><D38/><U6/><E6/><V13/><F32/><W106/><G5/><T75/><D102/><U47/><E47/><V86/><F117/><W21/><G7/><T53/><D87/><U42/><E42/><V45/><F86/><W67/><G85/><T4/><D4/><U131/><E131/><V107/><F45/><W59/><G59/><T68/><REACH who="0" step="1"/><D64/><REACH who="0" ten="53,206,427,294" step="2"/><U15/><E15/><V17/><F13/><W80/><G66/><T109/><D109/><U31/><E31/><V90/><F30/><W29/><G67/><T88/><D88/><U8/><E8/><V19/><F90/><W94/><N who="3" m="6144" /><DORA hai="120" /><W93/><G29/><RYUUKYOKU ba="0,2" sc="53,15,206,15,427,-15,294,-15" hai0="12,18,23,49,51,53,54,58,62,65,68,73,75" hai1="1,3,43,44,50,74,79,82,84,91,92,98,101" owari="68,-43.2,221,-17.9,432,53.2,279,7.9" /></mjloggm>