<mjloggm ver="2.3"><GO type="169" lobby="0"/><UN n0="%E8%B1%86%E3%83%80%E3%83%9E%E8%AD%A6%E5%AF%9F" n1="%E3%83%9F%E3%83%8D%E3%83%A9%E3%83%AB" n2="%E6%96%90%E6%B5%85" n3="%E7%AD%89%E3%80%85%E5%8A%9B%E5%8A%87%E5%A0%B4" dan="17,18,16,16" rate="2156.31,2247.04,2078.04,2134.71" sx="M,M,M,M"/><TAIKYOKU oya="0"/><INIT seed="0,0,0,5,4,78" ten="250,250,250,250" oya="0" hai0="49,46,130,14,116,34,8,5,87,67,83,102,43" hai1="23,80,64,44,66,94,1,65,37,24,117,100,0" hai2="82,125,71,41,93,53,6,56,91,128,114,30,57" hai3="90,62,111,99,74,16,81,76,108,54,52,38,12"/><T35/><D116/><U88/><E117/><V101/><F71/><W29/><G38/><T119/><D119/><U73/><E100/><V19/><F114/><W131/><G29/><T75/><D130/><U109/><E109/><N who="3" m="42058" /><G131/><T104/><D67/><U132/><E132/><V60/><F30/><W22/><G62/><T59/><D59/><U28/><E37/><V58/><F6/><W70/><G70/><T33/><D75/><U97/><REACH who="1" step="1"/><E44/><REACH who="1" ten="250,240,250,250" step="2"/><V20/><F128/><W27/><G27/><T92/><D104/><U120/><E120/><V40/><F101/><W122/><G122/><T133/><D133/><U123/><E123/><V118/><F118/><W84/><G99/><T31/><D102/><U79/><AGARI ba="0,1" hai="0,1,23,24,28,64,65,66,73,79,80,88,94,97" machi="79" ten="30,7900,0" yaku="1,1,0,1,52,1,54,1,53,0" doraHai="78" doraHaiUra="47" who="1" fromWho="1" sc="250,-39,240,89,250,-20,250,-20" /><INIT seed="1,0,0,4,3,1" ten="211,329,230,230" oya="1" hai0="57,113,130,59,106,13,65,74,45,89,79,116,95" hai1="124,69,32,134,3,46,70,97,67,133,63,78,62" hai2="9,98,84,15,50,118,11,75,90,37,131,110,135" hai3="80,77,107,14,25,125,18,129,60,132,117,120,68"/><U82/><E32/><V111/><F37/><W87/><G120/><T2/><D2/><U12/><E3/><V91/><F75/><W43/><G107/><T16/><D116/><U102/><E124/><V10/><F131/><W35/><G132/><N who="1" m="50794" /><E46/><V31/><F31/><W127/><G43/><T96/><D113/><U103/><E12/><V83/><F118/><W105/><G105/><T76/><D130/><U53/><E53/><V38/><F38/><W40/><G40/><T109/><D109/><N who="2" m="41482" /><F135/><W100/><G100/><N who="1" m="38442" /><E97/><V93/><F50/><W112/><G129/><T34/><D34/><U61/><E67/><V66/><F66/><W128/><G128/><T49/><D106/><U71/><E82/><V73/><F73/><W4/><G117/><T7/><D74/><U48/><E48/><V121/><F121/><W23/><G112/><T92/><D65/><U72/><E72/><V24/><F24/><W6/><G68/><T19/><D49/><U88/><E88/><V94/><F83/><W36/><G36/><T114/><D114/><U122/><E122/><V39/><F39/><W56/><G35/><T81/><D81/><U119/><E119/><V33/><F33/><W28/><G127/><T21/><D89/><U42/><E42/><V0/><F0/><W86/><G125/><T58/><D45/><U8/><E8/><V30/><F15/><W54/><REACH who="3" step="1"/><G87/><REACH who="3" ten="211,329,230,220" step="2"/><T115/><D115/><U20/><E20/><V101/><F101/><W51/><G51/><T126/><D126/><U17/><E78/><V47/><F47/><W27/><G27/><T5/><D79/><RYUUKYOKU ba="0,1" sc="211,-30,329,10,230,10,220,10" hai1="17,61,62,63,69,70,71" hai2="9,10,11,30,84,90,91,93,94,98" hai3="4,6,14,18,23,25,28,54,56,60,77,80,86" /><INIT seed="1,1,1,0,3,67" ten="181,339,240,230" oya="1" hai0="117,131,82,87,115,97,23,25,135,112,81,98,127" hai1="57,13,21,48,66,8,49,55,77,122,108,99,15" hai2="78,26,45,0,86,88,30,14,59,28,19,133,104" hai3="53,38,68,123,121,32,3,43,42,129,40,72,37"/><U128/><E122/><N who="3" m="46602" /><G32/><T61/><D117/><U96/><E128/><V95/><F0/><W80/><G80/><T33/><D131/><U116/><E116/><V90/><F104/><W51/><G72/><T34/><D135/><U27/><E108/><V4/><F4/><W114/><G3/><T85/><D127/><U70/><E77/><V107/><F107/><W106/><G106/><T126/><D126/><U125/><E125/><V36/><F78/><W11/><G11/><T79/><D61/><U50/><E15/><V22/><F133/><W63/><G129/><T39/><D39/><N who="3" m="14857" /><G114/><T2/><D2/><U89/><E99/><V101/><F101/><W130/><G130/><T47/><D79/><U64/><E96/><V102/><F102/><W44/><G63/><T54/><D23/><U74/><E89/><V65/><F90/><W109/><G109/><T6/><D25/><U113/><E21/><V31/><F26/><W75/><G75/><T58/><D6/><U35/><E27/><V29/><F29/><W111/><G111/><T91/><D91/><U100/><E35/><V93/><F93/><W56/><G44/><T71/><D47/><U46/><E100/><V17/><F17/><W103/><G103/><T76/><D76/><U41/><E74/><V1/><F1/><W69/><AGARI ba="1,1" hai="40,42,43,51,53,56,68,69" m="14857,46602" machi="69" ten="40,8000,1" yaku="34,2,52,2" doraHai="67" who="3" fromWho="3" sc="181,-21,339,-41,240,-21,230,93" /><INIT seed="2,0,0,0,4,33" ten="160,298,219,323" oya="2" hai0="6,16,54,105,67,28,48,102,132,56,89,58,41" hai1="109,61,131,116,9,85,103,46,122,81,21,59,55" hai2="125,13,111,10,17,83,66,112,43,88,39,31,68" hai3="86,77,78,3,120,12,19,71,133,121,0,8,104"/><V7/><F112/><W15/><G104/><T124/><D132/><U118/><E109/><V44/><F125/><W127/><G71/><T32/><D124/><U96/><E131/><V128/><F128/><W135/><G86/><T63/><D41/><U108/><E108/><V126/><F111/><W75/><G127/><T94/><D6/><U130/><E130/><V99/><F31/><W27/><G75/><T134/><D134/><N who="3" m="51209" /><G27/><T24/><D105/><U47/><E122/><N who="3" m="47210" /><G15/><T5/><D102/><U64/><E9/><V57/><F68/><W84/><G84/><T73/><D73/><U38/><E21/><V23/><F126/><W2/><AGARI ba="0,0" hai="0,2,3,8,12,19,77,78" m="47210,51209" machi="2" ten="40,8000,1" yaku="20,1,52,3" doraHai="33" who="3" fromWho="3" sc="160,-20,298,-20,219,-40,323,80" /><INIT seed="3,0,0,3,2,73" ten="140,278,179,403" oya="3" hai0="74,68,119,83,1,14,66,112,21,15,31,84,67" hai1="111,34,129,17,58,26,47,9,43,97,35,124,95" hai2="72,116,45,65,114,109,106,36,54,128,69,79,7" hai3="113,108,51,48,77,8,99,2,120,5,56,33,40"/><W3/><G113/><T38/><D1/><U12/><E111/><V89/><F114/><W42/><G120/><T37/><D112/><U16/><E129/><V80/><F116/><W18/><G33/><T62/><D74/><U122/><E124/><V50/><F109/><W98/><G108/><T90/><D119/><U6/><E122/><V117/><F117/><W96/><G2/><T101/><D101/><U127/><E127/><V110/><F128/><W121/><G121/><T76/><D67/><U87/><E87/><V63/><F106/><W75/><G18/><T107/><D107/><U46/><E58/><V94/><F7/><W13/><G3/><T92/><D14/><U57/><E57/><V44/><F110/><W134/><G134/><T103/><D103/><U22/><E6/><V135/><F135/><W82/><REACH who="3" step="1"/><G56/><REACH who="3" ten="140,278,179,393" step="2"/><T64/><D64/><U4/><E17/><V130/><F130/><W55/><G55/><T19/><REACH who="0" step="1"/><D31/><REACH who="0" ten="130,278,179,393" step="2"/><U71/><E71/><V88/><F69/><W91/><G91/><T61/><D61/><U123/><E123/><V20/><F89/><W29/><G29/><T86/><AGARI ba="0,2" hai="15,19,21,37,38,62,66,68,76,83,84,86,90,92" machi="86" ten="20,5200,0" yaku="1,1,0,1,7,1,52,1,53,0" doraHai="73" doraHaiUra="105" who="0" fromWho="0" sc="130,72,278,-13,179,-13,393,-26" /><INIT seed="4,0,0,3,1,99" ten="202,265,166,367" oya="0" hai0="31,110,51,80,134,22,96,100,63,109,94,11,115" hai1="37,107,114,45,91,4,38,35,72,55,43,60,112" hai2="68,1,106,10,14,58,98,13,131,28,20,127,30" hai3="18,128,90,57,33,125,86,12,75,122,15,46,64"/><T25/><D115/><N who="1" m="44075" /><E35/><V119/><F68/><W49/><G75/><T103/><D134/><U61/><E72/><V27/><F58/><W78/><G33/><T19/><D80/><U47/><E4/><N who="2" m="1295" /><F98/><W104/><G128/><T7/><D51/><N who="1" m="29167" /><E91/><V44/><F44/><W40/><G125/><T97/><D63/><N who="1" m="24139" /><E107/><V70/><F106/><W21/><G104/><T124/><D124/><U87/><E87/><V54/><F127/><W101/><G86/><T73/><D73/><U84/><E84/><V69/><F54/><W50/><G90/><T36/><D36/><AGARI ba="0,0" hai="36,37,38,43,47" m="24139,29167,44075" machi="36" ten="30,7700,0" yaku="15,1,11,1,34,2" doraHai="99" who="1" fromWho="0" sc="202,-77,265,77,166,0,367,0" /><INIT seed="5,0,0,1,5,77" ten="125,342,166,367" oya="1" hai0="110,126,94,14,21,81,113,83,62,22,105,99,36" hai1="118,76,11,50,135,56,80,67,129,95,28,117,42" hai2="64,92,26,39,8,61,72,125,1,78,59,111,63" hai3="49,9,131,57,47,109,122,33,69,2,60,43,54"/><U17/><E129/><V114/><F111/><W124/><G33/><T52/><D36/><U41/><E135/><V82/><F39/><W70/><G2/><T29/><D105/><U133/><E133/><V3/><F125/><W79/><G122/><T31/><D110/><U88/><E28/><N who="0" m="10825" /><D113/><U116/><E17/><V123/><F123/><W134/><G134/><T108/><D108/><U91/><E11/><V46/><F26/><W44/><G109/><T32/><D32/><U58/><E67/><V84/><F114/><W121/><G121/><T102/><D126/><U75/><E91/><V6/><F46/><W97/><G124/><T7/><D7/><U25/><E25/><V103/><F3/><W106/><G131/><T53/><D14/><U120/><E120/><V112/><F112/><W90/><G9/><T100/><D100/><U45/><REACH who="1" step="1"/><E42/><REACH who="1" ten="125,332,166,367" step="2"/><V66/><F103/><W15/><G43/><T19/><D19/><U48/><E48/><V51/><F51/><W18/><G49/><T30/><N who="0" m="10833" /><T12/><DORA hai="40" /><D12/><U104/><E104/><V98/><F66/><W5/><G18/><T4/><D4/><U119/><N who="1" m="29696" /><DORA hai="34" /><U130/><E130/><V71/><F64/><W96/><G5/><T74/><D62/><U24/><E24/><V107/><F63/><W68/><G15/><T37/><D37/><U27/><E27/><V35/><F61/><W93/><G106/><T73/><D21/><U86/><AGARI ba="0,1" hai="41,45,50,56,58,75,76,80,86,88,95" m="29696" machi="86" ten="60,18000,2" yaku="1,1,0,1,52,2,54,1,53,2" doraHai="77,40,34" doraHaiUra="10,101,55" who="1" fromWho="1" sc="125,-60,332,190,166,-60,367,-60" /><INIT seed="5,1,0,5,3,113" ten="65,522,106,307" oya="1" hai0="132,14,78,98,54,24,79,88,37,43,64,129,39" hai1="84,133,30,8,89,19,111,62,63,106,52,135,55" hai2="114,82,31,73,20,66,102,17,41,110,12,7,108" hai3="93,91,130,65,5,36,38,77,69,123,116,18,42"/><U81/><E30/><V104/><F114/><W94/><G123/><T45/><D132/><N who="1" m="50763" /><E106/><V32/><F66/><W3/><G130/><T10/><D129/><U127/><E127/><V80/><F41/><W50/><G77/><T27/><D39/><U115/><E111/><V76/><F82/><W97/><G38/><T92/><D64/><U131/><E115/><V95/><F7/><W85/><G36/><T109/><D109/><U126/><E126/><V121/><F121/><W16/><G3/><T112/><D112/><U47/><E131/><V61/><F61/><N who="1" m="23049" /><E47/><V40/><F31/><W105/><G105/><T125/><D125/><U58/><E58/><V67/><F67/><W0/><G65/><T107/><D107/><U103/><E103/><V75/><F104/><W22/><G69/><T35/><D54/><U51/><E51/><V117/><F102/><W33/><G33/><T72/><D35/><U119/><E119/><V96/><F32/><W25/><G116/><T118/><D118/><U34/><E34/><V59/><F117/><W68/><G68/><T90/><D90/><U46/><E46/><V2/><F59/><W99/><G50/><T49/><D37/><U1/><E1/><V4/><F2/><W28/><G0/><T70/><D70/><U128/><E128/><V6/><F40/><W44/><G42/><T53/><D43/><U74/><E74/><N who="2" m="43031" /><F110/><W9/><G44/><T48/><D48/><U57/><E57/><V124/><F108/><W100/><G100/><T134/><D134/><U101/><E101/><N who="2" m="60575" /><F124/><W11/><G91/><T122/><D122/><RYUUKYOKU ba="1,0" sc="65,-15,522,15,106,15,307,-15" hai1="8,19,52,55,81,84,89" hai2="4,6,12,17,20,73,75" /><INIT seed="5,2,0,3,0,122" ten="50,537,121,292" oya="1" hai0="93,133,72,86,20,49,78,116,80,95,125,48,56" hai1="37,68,23,13,73,38,91,6,82,109,43,3,52" hai2="5,132,40,94,98,135,69,63,53,67,105,124,131" hai3="14,108,111,106,90,27,44,126,18,25,2,84,112"/><U76/><E68/><V117/><F117/><W118/><G2/><T16/><D116/><U113/><E113/><V99/><F124/><W119/><G106/><T7/><D125/><U22/><E23/><V45/><F131/><W31/><G126/><T28/><D133/><N who="2" m="51274" /><F105/><W12/><G112/><T97/><D7/><U104/><E104/><V96/><F5/><W130/><G130/><T102/><D28/><U103/><E103/><N who="2" m="60823" /><F53/><W101/><G101/><T71/><D71/><U39/><E52/><V33/><F33/><W0/><G0/><T57/><D72/><U50/><E91/><V29/><F29/><W87/><G31/><T89/><D57/><U42/><E50/><AGARI ba="2,0" hai="40,45,50,63,67,69,98,99" m="60823,51274" machi="50" ten="30,1000,0" yaku="20,1" doraHai="122" who="2" fromWho="1" sc="50,0,537,-16,121,16,292,0" /><INIT seed="6,0,0,4,1,42" ten="50,521,137,292" oya="2" hai0="113,119,87,105,100,92,76,126,35,40,103,69,27" hai1="8,39,28,111,17,62,26,6,46,118,70,34,36" hai2="48,77,86,66,122,101,102,32,82,125,47,123,64" hai3="0,60,117,94,50,10,41,2,9,99,97,31,20"/><V37/><F37/><W3/><G117/><T112/><D69/><U67/><E111/><V44/><F32/><W29/><G60/><T25/><D40/><U79/><E118/><V106/><F125/><W128/><G128/><T90/><D119/><U38/><E79/><V109/><F109/><W58/><G99/><T132/><D126/><U12/><REACH who="1" step="1"/><E6/><REACH who="1" ten="50,511,137,292" step="2"/><V4/><F4/><W83/><G0/><T33/><D132/><U59/><E59/><V129/><F129/><W18/><G2/><T114/><D76/><U110/><E110/><V124/><F124/><W80/><G3/><T49/><D49/><U53/><E53/><V133/><F77/><W107/><G58/><T13/><D13/><U24/><E24/><V75/><F48/><W5/><G5/><T68/><D68/><U89/><E89/><V120/><F120/><W23/><G50/><T57/><D57/><U134/><E134/><V131/><F133/><W85/><G41/><AGARI ba="0,1" hai="8,12,17,26,28,34,36,38,39,41,46,62,67,70" machi="41" ten="40,2600,0" yaku="1,1,52,1,53,0" doraHai="42" doraHaiUra="98" who="1" fromWho="3" sc="50,0,511,36,137,0,292,-26" /><INIT seed="7,0,0,4,5,34" ten="50,547,137,266" oya="3" hai0="56,126,17,80,58,76,22,102,43,16,27,110,38" hai1="134,94,129,26,9,57,8,2,25,77,60,74,41" hai2="125,111,62,91,84,133,112,50,83,13,88,32,61" hai3="96,64,33,135,93,14,114,66,39,20,130,109,116"/><W90/><G33/><T101/><D110/><U44/><E129/><V115/><F111/><W68/><G39/><T42/><D126/><U92/><E134/><V23/><F32/><W11/><G116/><T89/><D89/><U54/><E2/><V29/><F125/><W119/><G119/><T0/><D0/><U40/><E74/><V15/><F133/><W103/><G114/><N who="2" m="43561" /><F50/><W53/><G109/><T70/><D70/><U3/><E3/><V1/><F1/><W69/><G135/><T6/><D6/><U35/><E92/><V105/><F105/><W63/><G130/><T73/><D101/><U71/><E54/><V132/><F132/><W55/><G20/><T86/><D102/><U98/><E25/><N who="2" m="16575" /><F91/><W48/><G48/><T45/><D42/><U107/><E57/><V122/><F122/><W5/><G90/><T108/><D108/><U10/><E8/><V85/><F85/><W104/><G104/><T4/><D4/><U123/><E77/><V59/><F62/><AGARI ba="0,0" hai="5,11,14,53,55,62,63,64,66,68,69,93,96,103" machi="62" ten="40,2000,0" yaku="9,1" doraHai="34" who="3" fromWho="2" sc="50,0,547,0,137,-20,266,20" /><INIT seed="7,1,0,1,2,124" ten="50,547,117,286" oya="3" hai0="76,112,33,134,7,6,66,36,32,113,50,120,58" hai1="65,54,95,67,132,71,115,56,53,39,34,130,57" hai2="35,60,17,69,12,129,46,8,123,70,13,52,30" hai3="117,43,125,1,72,89,23,15,104,68,44,59,24"/><W88/><G68/><T38/><D76/><U78/><E34/><N who="0" m="13417" /><D50/><U92/><E115/><N who="0" m="44105" /><D58/><U96/><E132/><V61/><F123/><W122/><G117/><T2/><D134/><U106/><E130/><V98/><F129/><W119/><G119/><T135/><D135/><U86/><E106/><V91/><F30/><W77/><G125/><T40/><D40/><U126/><E126/><V101/><F35/><W128/><G122/><T20/><D120/><U63/><E39/><N who="0" m="14889" /><D20/><U121/><E121/><V75/><F75/><W108/><G72/><T87/><D87/><U27/><E27/><V9/><F91/><W14/><G77/><T29/><D29/><U103/><E71/><V127/><F70/><W4/><G59/><T21/><D21/><U19/><E19/><N who="2" m="8583" /><F69/><W131/><G23/><T55/><D55/><U25/><E25/><V0/><F127/><W79/><G24/><T111/><D66/><U73/><E73/><V80/><F80/><W26/><G79/><T37/><N who="0" m="14897" /><T107/><DORA hai="49" /><D107/><U62/><E78/><V41/><F41/><W102/><G26/><T83/><D83/><U110/><E110/><V10/><F61/><W100/><G108/><T81/><D81/><U31/><E31/><V48/><F60/><W45/><G43/><T105/><D105/><U99/><E86/><V64/><F64/><W85/><G85/><T93/><D93/><U118/><E118/><V28/><F28/><W84/><G84/><T18/><D18/><U133/><E133/><V42/><F42/><W16/><G104/><T116/><D116/><U94/><E94/><RYUUKYOKU ba="1,0" sc="50,-10,547,30,117,-10,286,-10" hai1="53,54,56,57,62,63,65,67,92,95,96,99,103" owari="40,-46.0,577,67.7,107,-29.3,276,7.6" /></mjloggm>