<mjloggm ver="2.3"><GO type="169" lobby="0"/><UN n0="%6B%73%77%72%74" n1="%E6%84%9A%E5%85%84%E3%81%8C%E6%84%9A%E5%BD%A2" n2="%E3%83%80%E3%83%95%E3%83%88%E3%83%91%E3%83%B3%E3%83%84" n3="%61%63%74%79" dan="16,16,17,16" rate="2132.32,2133.56,2191.66,2024.51" sx="M,M,M,M"/><TAIKYOKU oya="0"/><INIT seed="0,0,0,0,4,38" ten="250,250,250,250" oya="0" hai0="64,96,75,92,55,76,58,60,61,66,14,19,133" hai1="3,33,24,120,30,8,4,73,68,84,109,83,88" hai2="89,127,40,29,15,41,51,74,52,104,111,11,9" hai3="13,125,12,99,26,82,59,86,1,10,119,34,36"/><T90/><D133/><U56/><E109/><V21/><F104/><W57/><G119/><T28/><D75/><U115/><E115/><V5/><F74/><W101/><G125/><T77/><D28/><U132/><E132/><V135/><F135/><W78/><G1/><T17/><D17/><U53/><E68/><V110/><F127/><W71/><G36/><T37/><D37/><U25/><E25/><N who="2" m="16559" /><F11/><W65/><G71/><T103/><D103/><U113/><E113/><V81/><F110/><W114/><G13/><T98/><D98/><U50/><REACH who="1" step="1"/><E73/><REACH who="1" ten="250,240,250,250" step="2"/><V48/><F111/><W49/><G26/><T43/><D43/><N who="2" m="16458" /><F52/><W16/><G114/><T94/><D55/><U87/><E87/><AGARI ba="0,1" hai="5,9,15,48,51,81,87,89" m="16458,16559" machi="87" ten="30,7700,0" yaku="8,1,52,3" doraHai="38" who="2" fromWho="1" sc="250,0,240,-77,250,87,250,0" /><BYE who="3" /><UN n3="%61%63%74%79" /><INIT seed="1,0,0,5,2,82" ten="250,163,337,250" oya="1" hai0="58,19,80,54,21,41,29,42,51,59,8,56,116" hai1="52,28,134,46,100,118,115,37,93,13,73,70,103" hai2="60,75,40,92,128,11,108,20,0,85,67,121,79" hai3="127,117,126,65,124,48,35,5,106,125,6,110,83"/><U50/><E115/><V10/><F121/><W31/><G106/><T96/><D116/><U62/><E118/><V113/><F113/><W122/><G117/><T114/><D114/><U71/><E134/><V135/><F128/><W77/><G122/><T133/><D133/><U129/><E129/><V104/><F135/><W12/><G110/><T120/><D120/><U36/><E73/><V44/><F104/><W91/><G65/><T95/><D29/><U30/><E13/><V94/><F20/><W34/><G91/><T69/><D8/><U131/><E131/><V1/><F108/><W119/><G119/><T15/><D69/><U78/><E78/><V24/><F24/><W27/><G35/><T55/><D80/><U43/><E37/><N who="2" m="21519" /><F85/><W132/><G132/><T112/><D112/><U64/><E71/><N who="2" m="42471" /><F10/><W39/><G39/><T105/><D105/><U74/><E74/><V66/><F66/><W123/><G123/><T99/><D99/><U33/><E33/><V109/><F0/><W86/><N who="3" m="31744" /><DORA hai="53" /><W130/><G130/><T7/><D7/><U45/><REACH who="1" step="1"/><E93/><REACH who="1" ten="250,153,337,250" step="2"/><V90/><F109/><W22/><G48/><T47/><REACH who="0" step="1"/><D42/><REACH who="0" ten="240,153,337,250" step="2"/><U98/><E98/><V61/><F94/><W49/><G49/><T111/><D111/><U17/><E17/><AGARI ba="0,2" hai="5,6,12,17,22,27,31,34,77,83,86" m="31744" machi="17" ten="70,4500,0" yaku="18,1,52,1" doraHai="82,53" who="3" fromWho="1" sc="240,0,153,-45,337,0,250,65" /><INIT seed="2,0,0,0,5,132" ten="240,108,337,315" oya="2" hai0="2,64,4,84,75,8,107,92,93,49,10,44,68" hai1="46,39,134,122,12,22,131,59,31,108,63,97,50" hai2="11,120,38,70,14,119,102,0,32,73,42,27,61" hai3="127,82,83,113,26,130,66,80,65,98,25,133,101"/><V135/><F119/><W116/><G133/><T71/><D75/><U29/><E134/><V81/><F135/><W111/><G116/><T126/><D107/><U121/><E108/><V5/><F120/><W85/><G111/><T33/><D33/><U67/><E131/><V79/><F102/><W129/><G85/><T114/><D114/><U7/><E39/><V105/><F14/><W89/><G89/><T18/><D64/><U94/><E121/><V19/><F19/><W123/><G113/><T51/><D84/><U74/><E74/><V103/><F103/><W109/><G109/><T125/><D18/><U100/><E122/><V72/><F72/><W34/><G123/><T6/><D44/><U62/><E62/><V60/><F105/><W36/><G36/><T99/><REACH who="0" step="1"/><D2/><REACH who="0" ten="230,108,337,315" step="2"/><U47/><E46/><N who="2" m="23895" /><F70/><W104/><G34/><T55/><D55/><U37/><E37/><V86/><F86/><W128/><G65/><T69/><D69/><U9/><REACH who="1" step="1"/><E22/><REACH who="1" ten="230,98,337,315" step="2"/><V24/><F32/><W1/><G128/><T48/><D48/><U112/><E112/><V41/><F61/><W23/><G23/><T90/><D90/><U58/><E58/><V53/><F41/><AGARI ba="0,2" hai="7,9,12,29,31,41,47,50,59,63,67,94,97,100" machi="41" ten="30,3900,0" yaku="1,1,7,1,8,1,53,0" doraHai="132" doraHaiUra="76" who="1" fromWho="2" sc="230,0,98,59,337,-39,315,0" /><INIT seed="3,0,0,0,1,112" ten="230,157,298,315" oya="3" hai0="102,89,3,116,87,31,105,44,128,43,18,63,35" hai1="32,109,110,70,114,7,58,134,80,127,0,17,21" hai2="38,96,92,75,101,56,72,62,76,47,41,121,9" hai3="65,82,29,103,10,12,79,81,90,131,22,123,49"/><W28/><G123/><T36/><D128/><U73/><E70/><V46/><F121/><W48/><G131/><T50/><D3/><U40/><E114/><V95/><F76/><W108/><G103/><T94/><D116/><U20/><E40/><V5/><F47/><W15/><G65/><T33/><D36/><U86/><E73/><V119/><F92/><W13/><G10/><T4/><D4/><U64/><E32/><V71/><F71/><W55/><G108/><T117/><D117/><U125/><E58/><V11/><F11/><W1/><G1/><T27/><D33/><U45/><E45/><V16/><F16/><W42/><G42/><T100/><D105/><U104/><E104/><V122/><F119/><W78/><G90/><T113/><D113/><U68/><E68/><V37/><F37/><W107/><G107/><T66/><REACH who="0" step="1"/><D18/><REACH who="0" ten="220,157,298,315" step="2"/><U126/><E17/><V130/><F130/><W99/><G28/><T74/><D74/><U39/><E39/><V24/><F122/><W57/><G29/><T25/><D25/><U93/><E7/><V120/><F24/><W88/><G12/><T67/><D67/><U23/><E64/><V97/><F120/><W69/><G13/><T53/><D53/><U19/><E19/><V6/><F6/><W30/><G15/><T83/><D83/><U26/><E26/><V135/><F75/><W118/><G118/><T84/><D84/><U61/><E0/><N who="2" m="167" /><F72/><W59/><G30/><T60/><D60/><U91/><E61/><V133/><F96/><W54/><G99/><T2/><D2/><U115/><E115/><RYUUKYOKU ba="0,1" sc="220,15,157,-15,298,15,315,-15" hai0="27,31,35,43,44,50,63,66,87,89,94,100,102" hai2="38,41,46,56,62,95,97,101,133,135" /><INIT seed="4,1,1,0,1,113" ten="235,142,313,300" oya="0" hai0="57,134,35,108,45,125,10,92,68,51,133,82,93" hai1="123,20,115,122,128,89,15,96,102,12,29,23,13" hai2="52,21,32,6,105,47,8,76,99,5,130,37,87" hai3="27,36,73,30,91,65,48,83,124,59,69,90,40"/><T24/><D125/><U107/><E128/><V75/><F32/><W117/><G124/><T63/><D68/><U132/><E132/><N who="0" m="50793" /><D108/><U44/><E115/><V70/><F130/><W81/><G36/><T116/><D116/><U16/><E89/><V28/><F70/><W19/><G69/><T31/><D10/><U46/><E29/><V39/><F39/><W53/><G40/><N who="0" m="24999" /><D82/><U100/><E100/><V80/><F75/><W56/><G73/><T67/><AGARI ba="1,1" hai="24,31,35,57,63,67,92,93" m="24999,50793" machi="67" ten="30,1500,0" yaku="20,1" doraHai="113" who="0" fromWho="0" sc="235,28,142,-6,313,-6,300,-6" /><INIT seed="4,2,0,1,1,118" ten="263,136,307,294" oya="0" hai0="58,82,16,36,15,70,1,131,97,24,114,41,68" hai1="56,7,81,57,78,80,64,93,117,99,48,107,71" hai2="0,22,37,75,18,40,115,130,95,79,91,19,27" hai3="66,72,89,30,126,105,4,94,14,116,44,104,51"/><T9/><D114/><U61/><E117/><V76/><F115/><W83/><G116/><T132/><D132/><U23/><E107/><V50/><F130/><W26/><G126/><T119/><D119/><U135/><E135/><V67/><F0/><W53/><G66/><T88/><D131/><U38/><E38/><V28/><F37/><W47/><G44/><T63/><D1/><U127/><E127/><V102/><F102/><W21/><G4/><T60/><D60/><U31/><E7/><V112/><F75/><W35/><G14/><T39/><D24/><U42/><E78/><N who="2" m="29739" /><F67/><W124/><G35/><T59/><D59/><U109/><E109/><V2/><F2/><W74/><G124/><T121/><D121/><U43/><E71/><V84/><F112/><W49/><G51/><T17/><D17/><U65/><E65/><V123/><F123/><W45/><G47/><AGARI ba="2,0" hai="18,19,22,27,28,40,47,50,84,91,95" m="29739" machi="47" ten="30,1000,0" yaku="8,1" doraHai="118" who="2" fromWho="3" sc="263,0,136,0,307,16,294,-16" /><INIT seed="5,0,0,0,2,6" ten="263,136,323,278" oya="1" hai0="134,128,48,131,45,79,70,81,108,97,88,61,133" hai1="87,63,12,16,13,92,69,132,29,109,113,24,30" hai2="58,38,52,8,50,64,27,0,39,14,56,54,21" hai3="55,114,102,26,124,103,44,110,4,9,10,86,37"/><U19/><E113/><V35/><F0/><W76/><G110/><T122/><D108/><U78/><E109/><V126/><F35/><W62/><G114/><T90/><D122/><U89/><E132/><N who="0" m="50793" /><D61/><U25/><E78/><V20/><F126/><W106/><G124/><T85/><D70/><U94/><E69/><V80/><F64/><W117/><G117/><T93/><D48/><U49/><E49/><V34/><F34/><W83/><G37/><T42/><D45/><U71/><E71/><V7/><F80/><W40/><G4/><T67/><D67/><U104/><E104/><V111/><F111/><W98/><G103/><N who="0" m="60847" /><D42/><U33/><E63/><V60/><F21/><W125/><G125/><T75/><D90/><U31/><E92/><AGARI ba="0,0" hai="75,79,81,85,88,92,128,131" m="60847,50793" machi="92" ten="30,7700,0" yaku="20,1,34,2,54,1" doraHai="6" who="0" fromWho="1" sc="263,77,136,-77,323,0,278,0" /><INIT seed="6,0,0,2,5,95" ten="340,59,323,278" oya="2" hai0="112,126,60,15,53,96,91,67,72,128,107,127,71" hai1="132,68,6,45,61,27,54,113,38,11,62,131,46" hai2="39,81,56,124,111,19,98,16,82,30,117,94,22" hai3="129,103,74,4,105,1,102,130,80,119,75,100,77"/><V89/><F117/><W69/><G69/><T28/><D112/><U135/><E27/><N who="2" m="16759" /><F39/><W29/><G29/><T37/><D128/><N who="3" m="49257" /><G4/><T26/><D72/><N who="3" m="27689" /><G1/><T66/><D37/><U110/><E131/><V59/><F111/><W122/><G119/><T93/><D107/><U18/><E6/><V41/><F41/><W32/><G32/><T108/><D108/><U14/><E38/><V123/><F124/><N who="0" m="47658" /><D15/><U49/><E110/><V31/><F31/><W115/><G122/><T7/><D7/><U36/><E36/><V73/><F73/><N who="3" m="43055" /><G115/><T23/><D67/><U106/><E113/><V65/><F123/><W83/><G83/><N who="2" m="31753" /><F65/><W0/><G0/><T97/><D53/><U50/><E68/><V5/><F5/><W121/><G121/><T12/><D12/><U25/><E25/><V133/><F133/><W3/><G3/><T48/><D48/><U44/><E54/><V92/><F56/><W86/><G86/><AGARI ba="0,0" hai="23,26,28,60,66,71,86,91,93,96,97" m="47658" machi="86" ten="30,3900,0" yaku="18,1,52,2" doraHai="95" who="0" fromWho="3" sc="340,39,59,0,323,0,278,-39" /><INIT seed="7,0,0,2,2,117" ten="379,59,323,239" oya="3" hai0="4,31,57,94,109,107,45,99,68,102,77,62,53" hai1="15,114,89,79,119,120,80,121,14,35,27,52,8" hai2="41,2,28,58,67,133,103,50,113,47,20,83,59" hai3="84,108,116,85,127,75,66,17,0,93,90,1,51"/><W49/><G116/><T126/><D109/><U129/><E89/><V46/><F2/><W128/><G75/><T56/><D68/><U24/><E119/><V36/><F113/><W125/><G108/><T23/><D126/><N who="3" m="48137" /><G66/><T123/><D123/><N who="1" m="47179" /><E80/><V132/><F103/><W19/><G128/><T16/><D45/><U72/><E72/><V115/><F115/><W112/><G112/><T44/><D56/><N who="2" m="21546" /><F83/><W78/><G78/><T9/><D44/><U86/><E79/><V70/><F28/><W22/><G84/><T60/><D60/><U134/><E114/><V135/><F20/><W98/><G98/><T87/><D31/><U69/><E69/><V74/><F74/><W65/><G65/><T37/><D107/><U88/><E35/><V82/><F82/><W106/><G106/><T97/><D97/><U6/><E86/><V91/><F91/><W131/><G131/><T124/><D124/><U48/><E88/><V81/><F81/><W40/><G17/><T111/><D111/><U10/><E48/><N who="3" m="18506" /><G40/><T3/><D87/><U13/><E129/><V92/><F92/><W42/><G42/><T110/><D110/><U12/><E52/><N who="2" m="29783" /><F67/><W32/><G32/><T7/><D77/><U104/><E104/><V101/><F101/><W29/><G29/><T63/><D63/><U39/><E39/><N who="2" m="21951" /><F70/><W38/><G38/><AGARI ba="0,0" hai="36,38,132,133,135" m="21951,29783,21546" machi="38" ten="40,8000,1" yaku="20,1,34,2,54,1" doraHai="117" who="2" fromWho="3" sc="379,0,59,0,323,80,239,-80" owari="379,17.9,59,-44.1,403,50.3,159,-24.1" /></mjloggm>