<mjloggm ver="2.3"><GO type="169" lobby="0"/><UN n0="%74%34%63%34%32%32" n1="%E3%82%B8%E3%83%A7%E3%83%8B%E3%83%B2" n2="%79%75%68%65%69" n3="%77%61%77%61%33%30%33%30" dan="16,16,16,17" rate="2123.34,2131.24,2051.06,2193.53" sx="M,M,M,M"/><TAIKYOKU oya="0"/><INIT seed="0,0,0,0,5,120" ten="250,250,250,250" oya="0" hai0="68,27,124,36,126,102,99,92,51,118,2,95,80" hai1="37,71,114,50,45,78,29,19,83,133,70,3,32" hai2="107,35,43,41,21,23,76,54,89,6,31,84,59" hai3="47,58,81,86,85,48,90,119,135,44,30,61,5"/><T16/><D36/><U14/><E37/><V74/><F107/><W4/><G135/><T65/><D2/><U60/><E133/><V109/><F35/><W18/><G30/><T13/><D118/><U33/><E3/><V52/><F6/><W130/><G130/><T88/><D27/><U122/><E122/><V7/><F7/><W49/><G18/><T94/><D51/><U77/><E77/><V98/><F98/><W106/><G106/><T125/><D65/><U46/><E46/><V0/><F0/><W112/><G112/><T132/><D68/><U128/><E128/><V64/><F74/><W62/><G58/><T40/><D40/><U127/><E127/><V116/><F76/><W67/><G81/><T38/><D38/><U17/><E17/><V26/><F23/><W69/><G90/><T117/><D117/><U87/><E114/><V1/><F1/><W53/><G53/><N who="2" m="20585" /><F116/><W131/><G131/><T10/><D132/><U115/><E29/><V129/><F129/><W101/><G119/><T91/><D80/><U104/><E104/><AGARI ba="0,0" hai="10,13,16,88,91,92,94,95,99,102,104,124,125,126" machi="104" ten="50,9600,0" yaku="18,1,54,2" doraHai="120" who="0" fromWho="1" sc="250,96,250,-96,250,0,250,0" /><INIT seed="0,1,0,0,0,30" ten="346,154,250,250" oya="0" hai0="60,1,57,11,17,91,22,102,83,15,80,104,107" hai1="130,88,120,63,35,27,10,71,64,96,25,81,128" hai2="118,117,124,85,59,7,34,0,109,126,92,45,36" hai3="105,94,125,28,129,12,49,31,108,3,134,84,21"/><T55/><D102/><U16/><E120/><V78/><F0/><W135/><G105/><T82/><D91/><U19/><E10/><V44/><F7/><W41/><G41/><T127/><D127/><N who="2" m="48682" /><F36/><W90/><G125/><T75/><D75/><U13/><E27/><V40/><F40/><W115/><G115/><T38/><D38/><U98/><E19/><V9/><F9/><W61/><G3/><T18/><REACH who="0" step="1"/><D1/><REACH who="0" ten="336,154,250,250" step="2"/><U56/><E88/><V42/><F117/><W33/><G90/><T131/><D131/><U95/><E130/><V73/><F73/><W43/><G129/><T74/><D74/><U100/><E128/><V77/><F118/><W76/><G76/><T123/><D123/><U48/><E100/><V23/><F78/><W20/><G134/><T133/><D133/><U53/><E81/><V26/><F77/><W72/><G72/><T132/><D132/><U51/><E95/><V111/><F92/><W62/><G94/><T14/><AGARI ba="1,1" hai="11,14,15,17,18,22,55,57,60,80,82,83,104,107" machi="14" ten="30,3000,0" yaku="1,1,0,1,53,0" doraHai="30" doraHaiUra="113" who="0" fromWho="0" sc="336,43,154,-11,250,-11,250,-11" /><INIT seed="0,2,0,1,0,0" ten="379,143,239,239" oya="0" hai0="106,103,7,34,61,124,54,51,105,128,67,121,83" hai1="35,131,102,86,53,72,110,38,39,119,62,46,2" hai2="16,1,92,109,66,21,81,50,42,31,91,63,6" hai3="82,95,76,26,111,126,24,79,87,104,52,59,100"/><T84/><D121/><U4/><E72/><V130/><F130/><W57/><G111/><T89/><D128/><U40/><E35/><V113/><F113/><W33/><G104/><T36/><D36/><U48/><E102/><V117/><F109/><W47/><G59/><T116/><D34/><U74/><E74/><V17/><F81/><W118/><G126/><T112/><D116/><U25/><E110/><V27/><F42/><W12/><G79/><T108/><D112/><U58/><E25/><V65/><F50/><W8/><G47/><T98/><D124/><U107/><E107/><V10/><F117/><W13/><G13/><T115/><D108/><U80/><E131/><V69/><REACH who="2" step="1"/><F66/><REACH who="2" ten="379,143,229,239" step="2"/><W49/><G118/><T64/><D64/><U56/><E119/><V11/><F11/><W134/><G134/><T132/><D132/><U75/><E75/><V90/><F90/><W3/><G3/><T28/><D89/><U94/><E39/><V68/><F68/><W43/><G43/><T32/><D67/><U125/><E125/><V70/><F70/><W97/><REACH who="3" step="1"/><G33/><REACH who="3" ten="379,143,229,229" step="2"/><T101/><D32/><U127/><E127/><V123/><F123/><W15/><G15/><T9/><D115/><U85/><E58/><V88/><F88/><W41/><G41/><T60/><D103/><U5/><E2/><V120/><F120/><W122/><G122/><T133/><D101/><U135/><E135/><V19/><F19/><AGARI ba="2,2" hai="8,12,19,24,26,49,52,57,76,82,87,95,97,100" machi="19" ten="30,7700,0" yaku="1,1,7,1,8,1,54,1,53,0" doraHai="0" doraHaiUra="37" who="3" fromWho="2" sc="379,0,143,0,229,-83,229,103" /><INIT seed="1,0,0,1,5,97" ten="379,143,146,332" oya="1" hai0="72,100,40,95,65,71,103,76,26,24,58,9,89" hai1="131,123,82,0,87,130,108,77,48,125,126,12,63" hai2="20,13,135,109,59,21,132,73,34,117,22,18,74" hai3="19,107,98,57,50,119,25,38,54,11,121,61,127"/><U3/><E123/><V106/><F117/><W111/><G121/><T99/><D71/><U64/><E48/><V122/><F122/><W94/><G38/><T115/><D115/><U91/><E12/><V84/><F34/><W90/><G111/><T88/><D40/><U5/><E91/><V81/><F109/><W120/><G127/><N who="1" m="48650" /><E108/><V104/><F59/><W46/><G119/><T6/><D76/><U134/><E5/><V110/><F110/><W66/><G107/><T56/><D89/><U52/><E52/><V114/><F114/><W80/><G120/><T49/><D72/><U32/><E32/><V27/><F74/><W31/><G80/><T67/><D26/><U69/><E134/><N who="2" m="51243" /><F73/><W17/><REACH who="3" step="1"/><G11/><REACH who="3" ten="379,143,146,322" step="2"/><T30/><D9/><U113/><E113/><V53/><F104/><W10/><G10/><T42/><D65/><U41/><E41/><V133/><F106/><W23/><AGARI ba="0,1" hai="17,19,23,25,31,46,50,54,57,61,66,90,94,98" machi="23" ten="20,5200,0" yaku="1,1,0,1,7,1,8,1,53,0" doraHai="97" doraHaiUra="75" who="3" fromWho="3" sc="379,-13,143,-26,146,-13,322,62" /><INIT seed="2,0,0,3,2,121" ten="366,117,133,384" oya="2" hai0="92,2,130,65,0,122,83,73,64,29,113,46,54" hai1="87,116,56,81,34,49,86,69,128,88,19,120,97" hai2="106,67,71,115,80,9,124,3,35,40,90,26,100" hai3="91,39,36,61,63,52,21,7,129,44,43,62,101"/><V112/><F124/><W76/><G101/><T25/><D122/><U22/><E69/><V58/><F40/><W51/><G76/><T114/><D130/><U24/><E120/><V96/><F58/><W93/><G129/><T119/><D119/><U1/><E128/><V20/><F20/><W8/><G21/><T84/><D73/><U107/><E1/><V74/><F90/><W126/><G126/><T99/><D0/><U127/><E116/><V41/><F41/><W23/><G23/><T70/><D2/><U13/><E127/><V6/><F80/><W47/><G39/><T77/><D70/><U94/><E107/><V135/><F74/><W10/><REACH who="3" step="1"/><G7/><REACH who="3" ten="366,117,133,374" step="2"/><T75/><D114/><U110/><E34/><V78/><F78/><W60/><N who="3" m="15360" /><DORA hai="109" /><W50/><G50/><N who="0" m="29015" /><D113/><N who="2" m="43594" /><F67/><W31/><G31/><T11/><D64/><U59/><E24/><V132/><F71/><W45/><G45/><T125/><D25/><U15/><E59/><V17/><F17/><W57/><G57/><T55/><D65/><U82/><E56/><V28/><AGARI ba="0,1" hai="3,6,9,26,28,35,96,100,106,132,135" m="43594" machi="28" ten="30,11700,0" yaku="23,1,52,3" doraHai="121,109" who="2" fromWho="2" sc="366,-39,117,-39,133,127,374,-39" /><INIT seed="2,1,0,5,0,108" ten="327,78,260,335" oya="2" hai0="90,53,50,114,88,48,64,1,82,101,40,70,78" hai1="4,67,6,104,11,68,98,8,130,31,13,24,66" hai2="73,47,76,37,42,119,54,113,9,25,56,112,121" hai3="41,86,17,16,5,129,89,116,28,46,118,15,107"/><V44/><F119/><W65/><G107/><T128/><D1/><U32/><E130/><V123/><F47/><W51/><G129/><T75/><D128/><U26/><E26/><V135/><F135/><W61/><G28/><T55/><D101/><U59/><E59/><V58/><F58/><W38/><G5/><T3/><D3/><U99/><E68/><V10/><F76/><W94/><G17/><T72/><D40/><U30/><E104/><V102/><F73/><W14/><G15/><T120/><D120/><U80/><E80/><V122/><F102/><W22/><REACH who="3" step="1"/><G38/><REACH who="3" ten="327,78,260,325" step="2"/><T74/><D74/><U7/><E7/><V96/><F25/><W133/><G133/><T39/><D39/><U69/><E31/><V92/><F10/><W84/><G84/><T110/><D72/><U79/><E6/><V77/><F9/><W131/><G131/><T34/><D75/><U117/><E11/><V103/><REACH who="2" step="1"/><F77/><REACH who="2" ten="327,78,250,325" step="2"/><W87/><G87/><T115/><D78/><U111/><E79/><V18/><F18/><W2/><G2/><T45/><D34/><U85/><E32/><V19/><F19/><W125/><G125/><T97/><D70/><AGARI ba="1,2" hai="14,16,22,41,46,51,61,65,70,86,89,94,116,118" machi="70" ten="30,3900,0" yaku="1,1,7,1,54,1,53,0" doraHai="108" doraHaiUra="0" who="3" fromWho="0" sc="327,-42,78,0,250,0,325,62" /><INIT seed="3,0,0,4,0,56" ten="285,78,250,387" oya="3" hai0="55,99,6,41,20,76,30,46,96,38,47,104,14" hai1="12,127,17,32,48,71,73,37,87,53,83,110,120" hai2="2,124,112,35,25,15,10,133,67,19,11,129,8" hai3="58,113,82,59,135,69,119,79,43,64,49,61,85"/><W22/><G113/><T132/><D132/><U101/><E120/><V23/><F67/><W115/><G115/><T106/><D76/><U1/><E110/><V95/><F112/><W40/><G135/><T123/><D123/><U91/><E32/><V42/><F42/><W24/><G119/><T44/><D6/><U26/><E127/><V18/><F133/><W98/><G98/><T84/><D84/><U52/><E1/><V93/><F95/><W70/><G70/><T66/><D66/><U4/><E37/><V103/><F93/><W31/><G69/><T102/><D55/><AGARI ba="0,0" hai="22,24,31,40,43,49,55,58,59,61,64,79,82,85" machi="55" ten="40,3900,0" yaku="8,1,52,1" doraHai="56" who="3" fromWho="0" sc="285,-39,78,0,250,0,387,39" /><INIT seed="3,1,0,4,2,15" ten="246,78,250,426" oya="3" hai0="30,50,132,90,7,46,12,33,2,53,86,107,84" hai1="87,129,60,35,109,91,19,123,58,42,17,118,78" hai2="103,56,9,131,98,93,135,73,115,22,43,121,94" hai3="38,41,66,1,39,96,102,11,25,64,114,75,49"/><W83/><G114/><T100/><D2/><U89/><E123/><V44/><F73/><W81/><G49/><T101/><D132/><U128/><E109/><V48/><F135/><W47/><G38/><T27/><D107/><U6/><E118/><V16/><F131/><N who="1" m="50249" /><E35/><V95/><F115/><W85/><G25/><T37/><D37/><U65/><E6/><V134/><F121/><W122/><G122/><T62/><D84/><U29/><E29/><V26/><F134/><W23/><G23/><T126/><D126/><U117/><E117/><V18/><F56/><W54/><G54/><T5/><D62/><U82/><E42/><V77/><F77/><W125/><G125/><T24/><D24/><U119/><E119/><V61/><F61/><W69/><G69/><T52/><D53/><U71/><E71/><V133/><F133/><W8/><G8/><T34/><D34/><U113/><E113/><V79/><F79/><W36/><G36/><T20/><D33/><U111/><E111/><V108/><F108/><W92/><G75/><T3/><D3/><U55/><E65/><V51/><F48/><W67/><REACH who="3" step="1"/><G85/><REACH who="3" ten="246,78,250,416" step="2"/><T68/><D68/><U130/><E130/><V32/><F32/><W28/><G28/><T116/><D116/><U70/><E70/><V74/><F74/><W80/><G80/><N who="0" m="49479" /><D30/><U4/><E4/><AGARI ba="1,1" hai="1,4,11,39,41,47,64,66,67,81,83,92,96,102" machi="4" ten="40,2000,0" yaku="1,1,53,0" doraHai="15" doraHaiUra="104" who="3" fromWho="1" sc="246,0,78,-23,250,0,416,33" /><INIT seed="3,2,0,2,3,125" ten="246,55,250,449" oya="3" hai0="108,75,115,61,69,92,46,31,82,33,18,79,68" hai1="89,25,126,60,32,118,29,90,80,48,10,87,116" hai2="21,122,0,52,49,77,110,55,128,102,96,83,59" hai3="73,114,51,20,19,36,129,16,103,104,88,45,34"/><W120/><G114/><T91/><D108/><U43/><E126/><V58/><F110/><W93/><G34/><T78/><D78/><U26/><E60/><V76/><F0/><W95/><G73/><T63/><D115/><U47/><E26/><V41/><F122/><W62/><G36/><T97/><D46/><U12/><REACH who="1" step="1"/><E90/><REACH who="1" ten="246,45,250,449" step="2"/><V2/><F2/><W28/><G120/><T123/><D61/><U57/><E57/><V30/><F59/><W53/><G62/><T98/><D63/><U13/><E13/><V74/><F58/><W35/><G35/><T4/><D33/><U8/><E8/><V113/><F113/><W14/><G14/><T105/><D69/><U71/><E71/><V111/><F111/><W121/><G121/><T1/><D68/><U7/><AGARI ba="2,1" hai="7,10,12,25,29,32,43,47,48,80,87,89,116,118" machi="7" ten="30,2000,0" yaku="1,1,0,1,53,0" doraHai="125" doraHaiUra="109" who="1" fromWho="1" sc="246,-7,45,36,250,-7,449,-12" /><INIT seed="4,0,0,0,4,46" ten="239,81,243,437" oya="0" hai0="126,114,106,54,111,28,135,49,97,117,11,14,99" hai1="124,73,45,13,6,12,34,95,53,130,30,129,57" hai2="3,78,71,100,42,0,23,125,17,16,76,74,9" hai3="122,8,133,62,121,88,92,127,51,22,33,94,37"/><T72/><D117/><U115/><E73/><V56/><F71/><W67/><G37/><T58/><D72/><U1/><E45/><V44/><F125/><W48/><G33/><T38/><D38/><U96/><E124/><V32/><F32/><W131/><G94/><T112/><D126/><U7/><E34/><V69/><F69/><W134/><G8/><T110/><D135/><N who="3" m="51721" /><G22/><T61/><D28/><U102/><E30/><V18/><F23/><W70/><G131/><T64/><D106/><U19/><E1/><V40/><F9/><W85/><G127/><T25/><D25/><U123/><E123/><AGARI ba="0,0" hai="48,51,62,67,70,85,88,92,121,122,123" m="51721" machi="123" ten="30,8000,1" yaku="13,1,20,1,52,2,54,1" doraHai="46" who="3" fromWho="1" sc="239,0,81,-80,243,0,437,80" /><INIT seed="5,0,0,1,3,35" ten="239,1,243,517" oya="1" hai0="28,87,102,122,92,45,0,80,73,127,95,44,29" hai1="7,107,130,94,13,25,69,16,89,20,133,50,121" hai2="5,61,12,72,75,11,15,70,38,14,97,74,42" hai3="67,56,63,117,58,108,134,81,64,59,51,3,37"/><U77/><E121/><V126/><F126/><W60/><G3/><T23/><D0/><U48/><E69/><V128/><F128/><W106/><G106/><T86/><D73/><U32/><E107/><V26/><F38/><W6/><G6/><T65/><D127/><U52/><E130/><V36/><F36/><W84/><G108/><T115/><D122/><U116/><E116/><V90/><F42/><W113/><G113/><T1/><D1/><U129/><E129/><V104/><F26/><W103/><G103/><T110/><D110/><U34/><E77/><V119/><F119/><W99/><G99/><N who="0" m="59751" /><D65/><U4/><E50/><V2/><F104/><W114/><G134/><T57/><D57/><U40/><E40/><V93/><F61/><W66/><G114/><T53/><D115/><U124/><E124/><V22/><F22/><W83/><G37/><T100/><D100/><U27/><E34/><V118/><F118/><W24/><G24/><N who="1" m="9290" /><E32/><V105/><F105/><W8/><G51/><N who="0" m="28903" /><D45/><N who="1" m="27663" /><E133/><V68/><AGARI ba="0,0" hai="2,5,11,12,14,15,68,70,72,74,75,90,93,97" machi="68" ten="40,2700,0" yaku="0,1,52,1" doraHai="35" who="2" fromWho="2" sc="239,-7,1,-13,243,27,517,-7" owari="232,-16.8,-12,-51.2,270,7.0,510,61.0" /></mjloggm>