<mjloggm ver="2.3"><GO type="169" lobby="0"/><UN n0="%E3%83%A9%E3%82%B9%E3%82%8B%E3%81%8B%E3%81%AA" n1="%E3%81%AA%E3%81%BE%E3%81%8B%E3%82%84%E3%81%95%E3%81%AA%E3%81%9F" n2="%E3%81%93%E3%82%8C%E3%81%8C%E3%81%B5%E3%81%95%E3%81%B5%E3%81%95" n3="%E9%95%B7%E5%B2%A1" dan="17,16,16,16" rate="2203.96,2180.27,2159.21,2119.22" sx="M,M,M,M"/><TAIKYOKU oya="0"/><INIT seed="0,0,0,4,1,46" ten="250,250,250,250" oya="0" hai0="12,21,0,23,77,83,85,121,88,8,89,1,9" hai1="76,107,18,75,120,92,119,3,13,70,57,63,98" hai2="93,19,103,132,22,40,7,35,6,67,49,79,27" hai3="95,86,112,101,96,10,60,34,54,118,24,44,134"/><T62/><D121/><U109/><E120/><V17/><F132/><W53/><G112/><T64/><D0/><U36/><E3/><V47/><F35/><W74/><G74/><T31/><D1/><U26/><E36/><V110/><F110/><W71/><G118/><T94/><D89/><U91/><E109/><V84/><F67/><N who="3" m="41447" /><G10/><T73/><D31/><U115/><E119/><V102/><F19/><W20/><G20/><T123/><D8/><U50/><E115/><V33/><F33/><W126/><G44/><T81/><D81/><U4/><E107/><V97/><REACH who="2" step="1"/><F103/><REACH who="2" ten="250,250,240,250" step="2"/><W38/><G134/><T11/><D123/><U69/><E18/><V15/><F15/><W127/><G24/><T87/><D9/><U2/><E26/><V51/><F51/><W82/><G34/><T122/><D122/><U117/><E50/><V80/><AGARI ba="0,1" hai="6,7,17,22,27,40,47,49,79,80,84,93,97,102" machi="80" ten="30,7900,0" yaku="1,1,0,1,8,1,52,1,53,0" doraHai="46" doraHaiUra="131" who="2" fromWho="2" sc="250,-39,250,-20,240,89,250,-20" /><INIT seed="1,0,0,2,4,82" ten="211,230,329,230" oya="1" hai0="132,48,129,46,35,65,27,30,101,75,127,36,104" hai1="126,49,58,131,19,37,50,113,77,44,3,88,105" hai2="55,94,110,109,130,92,73,107,99,70,26,53,22" hai3="112,69,135,6,103,28,122,25,89,72,15,61,120"/><U74/><E113/><V106/><F73/><W51/><G112/><T90/><D75/><U56/><E126/><V14/><F70/><W41/><G72/><T83/><D129/><U29/><E131/><V0/><F0/><W71/><G135/><T40/><D132/><U124/><E124/><V121/><F14/><W21/><G103/><T98/><D127/><U63/><E105/><V62/><F121/><W11/><G41/><T39/><REACH who="0" step="1"/><D65/><REACH who="0" ten="201,230,329,230" step="2"/><U7/><E74/><V118/><F130/><W47/><G120/><T17/><D17/><U20/><E19/><V116/><F118/><W10/><G122/><T86/><AGARI ba="0,1" hai="27,30,35,36,39,40,46,48,83,86,90,98,101,104" machi="86" ten="30,4000,0" yaku="1,1,0,1,52,1,53,0" doraHai="82" doraHaiUra="108" who="0" fromWho="0" sc="201,50,230,-20,329,-10,230,-10" /><INIT seed="2,0,0,4,5,100" ten="251,210,319,220" oya="2" hai0="37,14,86,8,56,94,89,5,69,104,45,110,58" hai1="57,64,127,27,18,3,120,30,20,71,12,16,24" hai2="13,85,15,2,131,55,59,66,126,130,91,106,90" hai3="134,48,33,102,47,114,93,72,77,67,84,23,26"/><V21/><F2/><W121/><G121/><T70/><D110/><U28/><E71/><V118/><F118/><W6/><G134/><T63/><D56/><U101/><E120/><V29/><F126/><W41/><G114/><T17/><D104/><U95/><E3/><V65/><F29/><W61/><G33/><T83/><D37/><U1/><E1/><V54/><F59/><N who="3" m="37311" /><G72/><T116/><D116/><U40/><E40/><V87/><F21/><W128/><G128/><T103/><D45/><U36/><E36/><V22/><F22/><W4/><G77/><T108/><D108/><U123/><E127/><V111/><F111/><W32/><G32/><T44/><D44/><U51/><E123/><V11/><F11/><W74/><G74/><T9/><D103/><U34/><E12/><V81/><F81/><W79/><G102/><T117/><D83/><U46/><E46/><V10/><F10/><W97/><G79/><T129/><D129/><U78/><E78/><V53/><F53/><W39/><G39/><T75/><D75/><U76/><E76/><V73/><F73/><W98/><G84/><T49/><D49/><U99/><E51/><V31/><F31/><N who="3" m="17887" /><G93/><T82/><D94/><U88/><REACH who="1" step="1"/><E101/><REACH who="1" ten="251,200,319,220" step="2"/><V105/><AGARI ba="0,1" hai="13,15,54,55,65,66,85,87,90,91,105,106,130,131" machi="105" ten="25,12000,1" yaku="0,1,22,2,52,2" doraHai="100" who="2" fromWho="2" sc="251,-40,200,-40,319,130,220,-40" /><INIT seed="2,1,0,2,2,26" ten="211,160,449,180" oya="2" hai0="132,121,47,36,30,101,39,31,14,133,59,62,53" hai1="90,0,105,71,107,43,41,103,117,99,67,84,5" hai2="66,3,20,9,110,57,69,126,8,92,68,23,44" hai3="79,63,24,76,11,48,122,27,10,2,29,116,54"/><V38/><F126/><W111/><G116/><T135/><D121/><U40/><E107/><V104/><F104/><W91/><G122/><T94/><D14/><U35/><E117/><V123/><F123/><W87/><G63/><T115/><D115/><U4/><E0/><V55/><F110/><W22/><G111/><T64/><D53/><U124/><E124/><V119/><F92/><W78/><G2/><T81/><D81/><U7/><E67/><V72/><F72/><W21/><G91/><T88/><D101/><U98/><E71/><V15/><F3/><W100/><G87/><T60/><D60/><U112/><E112/><V113/><F66/><W96/><G96/><N who="0" m="57415" /><D39/><U16/><E35/><V28/><F38/><W109/><G100/><T17/><D17/><U51/><E99/><V82/><F15/><W118/><G118/><T33/><D33/><U56/><E16/><V74/><F82/><W130/><G109/><T77/><D77/><U125/><E125/><V73/><F55/><W106/><G106/><T131/><D131/><U18/><E18/><V25/><F119/><W32/><G130/><T97/><D97/><U58/><REACH who="1" step="1"/><E51/><REACH who="1" ten="211,150,449,180" step="2"/><V12/><F12/><W70/><G70/><T134/><D134/><U52/><E52/><V83/><F69/><W46/><G32/><T65/><D64/><U128/><E128/><V6/><F68/><W95/><G22/><T93/><D93/><AGARI ba="1,1" hai="4,5,7,40,41,43,56,58,84,90,93,98,103,105" machi="93" ten="40,1300,0" yaku="1,1,53,0" doraHai="26" doraHaiUra="120" who="1" fromWho="0" sc="211,-16,150,26,449,0,180,0" /><INIT seed="3,0,0,5,0,10" ten="195,176,449,180" oya="3" hai0="75,67,33,123,86,5,20,9,16,134,4,74,61" hai1="98,97,84,70,22,104,107,95,18,63,65,117,7" hai2="19,113,0,78,38,135,108,127,102,88,132,69,49" hai3="128,44,81,58,62,118,130,30,131,1,112,24,41"/><W133/><G112/><T13/><D123/><U59/><E117/><V15/><F0/><W94/><G118/><T32/><D134/><U50/><E7/><V40/><F38/><W64/><G133/><T48/><D4/><U87/><E104/><V72/><F69/><W45/><G1/><T82/><D48/><U111/><E111/><V115/><F102/><W47/><G81/><T54/><D54/><U53/><E107/><V11/><F108/><W71/><G94/><T36/><D36/><U43/><E43/><V17/><F78/><W76/><G76/><T126/><D126/><U85/><REACH who="1" step="1"/><E95/><REACH who="1" ten="195,166,449,180" step="2"/><V35/><F40/><W68/><REACH who="3" step="1"/><G41/><REACH who="3" ten="195,166,449,170" step="2"/><T60/><D74/><U3/><E3/><V31/><F135/><W77/><G77/><T121/><D75/><U122/><E122/><V119/><F132/><W106/><G106/><T23/><D121/><U73/><E73/><V96/><F72/><W27/><G27/><AGARI ba="0,2" hai="18,22,27,50,53,59,63,65,70,84,85,87,97,98" machi="27" ten="40,1300,0" yaku="1,1,53,0" doraHai="10" doraHaiUra="125" who="1" fromWho="3" sc="195,0,166,33,449,0,170,-13" /><INIT seed="4,0,0,3,1,122" ten="195,199,449,157" oya="0" hai0="128,35,124,1,91,43,18,71,15,126,87,14,53" hai1="68,0,109,117,80,100,52,127,125,26,75,108,66" hai2="118,98,101,62,112,11,40,54,28,67,95,61,17" hai3="44,6,96,99,116,31,38,93,20,16,4,47,113"/><T88/><D1/><U69/><E117/><V42/><F112/><W115/><G116/><T58/><D71/><U130/><E130/><V29/><F118/><W57/><G31/><T49/><D35/><U24/><E0/><V89/><F54/><W121/><G121/><T104/><D104/><U46/><E100/><V60/><F67/><W133/><G133/><T22/><D128/><U51/><E75/><V86/><F11/><W105/><G57/><T37/><D14/><U65/><E80/><N who="2" m="49351" /><F17/><W30/><G30/><AGARI ba="0,0" hai="28,29,30,40,42,60,61,62,95,98,101" m="49351" machi="30" ten="30,1000,0" yaku="8,1" doraHai="122" who="2" fromWho="3" sc="195,0,199,0,449,10,157,-10" /><INIT seed="5,0,0,2,0,35" ten="195,199,459,147" oya="1" hai0="30,110,75,74,28,49,93,95,113,111,99,34,65" hai1="86,98,122,42,105,104,25,109,68,2,125,15,50" hai2="13,27,132,77,56,89,117,63,12,8,57,134,26" hai3="118,135,51,39,78,106,18,131,85,60,17,33,115"/><U16/><E125/><V14/><F117/><W123/><G51/><T128/><D65/><U120/><E109/><V1/><F77/><W66/><G78/><T83/><D49/><U58/><E68/><V133/><F89/><W7/><G66/><T43/><D34/><U102/><E105/><V69/><F69/><W87/><G7/><T24/><D24/><N who="2" m="9258" /><F63/><W76/><G115/><T72/><D83/><U11/><E2/><V114/><F114/><W5/><G131/><T54/><D43/><U46/><E86/><V121/><F121/><W107/><G123/><T48/><D113/><U130/><E130/><V67/><F67/><W112/><G60/><T31/><D128/><U36/><REACH who="1" step="1"/><E25/><REACH who="1" ten="195,189,459,147" step="2"/><V52/><F1/><W116/><G33/><T103/><REACH who="0" step="1"/><D95/><REACH who="0" ten="185,189,459,147" step="2"/><U0/><E0/><V101/><F134/><W92/><G135/><T126/><D126/><U96/><E96/><V21/><F133/><W61/><G112/><T55/><D55/><AGARI ba="0,2" hai="11,15,16,36,42,46,50,55,58,98,102,104,120,122" machi="55" ten="40,7700,0" yaku="1,1,54,1,53,1" doraHai="35" doraHaiUra="100" who="1" fromWho="0" sc="185,-77,189,97,459,0,147,0" /><INIT seed="5,1,0,3,3,2" ten="108,286,459,147" oya="1" hai0="82,56,28,11,61,81,15,72,42,5,121,62,123" hai1="20,130,9,105,22,98,66,21,37,115,134,14,63" hai2="24,59,80,85,51,129,87,19,91,43,25,86,44" hai3="70,131,97,13,48,88,27,110,112,113,74,117,132"/><U89/><E115/><N who="3" m="44106" /><G110/><T111/><D111/><U120/><E130/><V119/><F119/><W35/><G131/><T101/><D28/><U46/><E134/><V67/><F129/><W16/><G132/><T1/><D101/><U77/><E120/><N who="0" m="46153" /><D42/><U124/><E124/><V107/><F107/><W38/><G38/><T65/><D72/><U83/><E37/><V30/><F19/><W41/><G74/><T96/><D96/><U57/><E46/><V102/><F102/><W133/><G133/><T3/><D3/><U125/><E125/><V17/><F17/><W114/><G114/><T127/><D127/><U31/><E105/><V52/><F67/><W69/><G117/><T93/><D93/><U118/><E118/><V4/><F4/><W90/><G97/><T108/><D108/><U79/><E31/><V29/><F24/><W116/><G116/><T18/><D62/><U100/><E100/><V47/><F47/><N who="3" m="25711" /><G35/><T23/><AGARI ba="1,0" hai="1,5,11,15,18,23,56,61,65,81,82" m="46153" machi="23" ten="30,2000,0" yaku="13,1,52,1" doraHai="2" who="0" fromWho="0" sc="108,23,286,-11,459,-6,147,-6" /><INIT seed="6,0,0,5,1,114" ten="131,275,453,141" oya="2" hai0="110,133,104,28,56,132,102,1,81,31,3,112,32" hai1="70,76,22,2,16,65,13,90,94,122,130,86,68" hai2="116,98,79,4,135,85,115,127,20,88,131,12,39" hai3="67,36,80,77,100,91,0,34,55,14,97,107,124"/><V42/><F116/><W64/><G0/><N who="0" m="75" /><D81/><U66/><E130/><V44/><F131/><W26/><G36/><T54/><D110/><U83/><E122/><V41/><F41/><W10/><G124/><T93/><D104/><U89/><E2/><V63/><F115/><W99/><G55/><T96/><D32/><U111/><E111/><V37/><F37/><W25/><G91/><T50/><D112/><U11/><E70/><V40/><F40/><W21/><G34/><T17/><D17/><U61/><E66/><V123/><F123/><W87/><G97/><T59/><D59/><U125/><E125/><V113/><F113/><W18/><REACH who="3" step="1"/><G26/><REACH who="3" ten="131,275,453,131" step="2"/><T53/><D54/><U9/><REACH who="1" step="1"/><E89/><REACH who="1" ten="131,265,453,131" step="2"/><V60/><F88/><W106/><G106/><T19/><D132/><U101/><E101/><V57/><F127/><W128/><G128/><T84/><D133/><U5/><E5/><AGARI ba="0,2" hai="5,10,14,18,21,25,64,67,77,80,87,99,100,107" machi="5" ten="30,3900,0" yaku="1,1,7,1,53,1" doraHai="114" doraHaiUra="75" who="3" fromWho="1" sc="131,0,265,-39,453,0,131,59" /><INIT seed="7,0,0,2,0,68" ten="131,226,453,190" oya="3" hai0="0,58,4,63,34,133,79,115,27,25,43,35,83" hai1="40,66,28,135,17,124,106,85,29,69,31,16,117" hai2="26,123,110,95,131,101,60,3,70,100,39,73,37" hai3="77,87,9,127,129,12,122,88,102,81,134,64,67"/><W11/><G122/><T109/><D109/><U46/><E124/><V132/><F110/><W56/><G127/><T62/><D133/><U49/><E106/><V107/><F107/><W38/><G38/><T53/><D115/><U50/><E135/><V7/><F73/><W45/><G134/><T54/><D0/><U1/><E1/><V55/><F26/><W116/><G116/><T74/><D4/><U18/><E117/><V36/><F95/><W6/><G129/><T114/><D114/><U42/><E69/><V24/><F24/><W111/><G111/><T51/><D43/><U84/><E66/><V8/><F100/><W80/><G102/><T113/><D113/><U91/><E91/><V93/><F101/><W33/><G33/><T20/><D27/><U22/><E22/><V5/><F39/><W41/><G56/><T32/><REACH who="0" step="1"/><D54/><REACH who="0" ten="121,226,453,190" step="2"/><U72/><E42/><V19/><F3/><W86/><G41/><T97/><D97/><U96/><E96/><V71/><F37/><W23/><G6/><T104/><D104/><U52/><E52/><V30/><F55/><W15/><G12/><T118/><D118/><U121/><E40/><V44/><F5/><W128/><G15/><T89/><D89/><U78/><E121/><V48/><F7/><W21/><G88/><T13/><D13/><U99/><E99/><V61/><F123/><W94/><G77/><T47/><D47/><U75/><E46/><V76/><F36/><W82/><G45/><T126/><D126/><U65/><E78/><V120/><F132/><W119/><G119/><T103/><D103/><RYUUKYOKU ba="0,1" sc="121,30,226,-10,453,-10,190,-10" hai0="20,25,32,34,35,51,53,58,62,63,74,79,83" owari="151,-34.9,216,1.6,453,55.3,180,-22.0" /></mjloggm>