<mjloggm ver="2.3"><GO type="169" lobby="0"/><UN n0="%E7%AE%B1%E4%B8%8B%E3%81%AE%E3%82%B1%E3%83%B3%E5%9D%8A" n1="%E3%81%B3%E3%82%8D%E3%81%B4%E3%82%8D" n2="%E6%84%9B%E5%AA%9B%E7%9C%8C%E7%94%A3%E3%81%BF%E3%81%8B%E3%82%93" n3="%E3%81%97%E3%82%89%E3%81%99%EF%BC%A1" dan="16,16,16,16" rate="2139.27,2191.56,2155.11,2097.36" sx="M,M,M,M"/><TAIKYOKU oya="0"/><INIT seed="0,0,0,3,1,107" ten="250,250,250,250" oya="0" hai0="64,54,73,91,55,61,111,92,17,10,49,59,53" hai1="94,18,30,100,82,114,0,62,3,56,4,43,83" hai2="26,1,98,103,97,110,127,108,63,70,105,93,40" hai3="122,14,11,45,9,106,31,131,134,71,19,133,102"/><T117/><D117/><U28/><E114/><V79/><F1/><W27/><G71/><T24/><D73/><U29/><E43/><V95/><F40/><W6/><G102/><T5/><D111/><N who="2" m="42538" /><F26/><W129/><G106/><T65/><D65/><U72/><E4/><V76/><F63/><W20/><G45/><T2/><D17/><U57/><E3/><V119/><F70/><W38/><G122/><T132/><D24/><U77/><E0/><V23/><F23/><W125/><G38/><T109/><D109/><U116/><E116/><V44/><F44/><W51/><G51/><T89/><D132/><N who="3" m="50793" /><G125/><T130/><D130/><N who="3" m="49673" /><G6/><T39/><D39/><U123/><E123/><V22/><F119/><W128/><N who="3" m="49681" /><W80/><DORA hai="35" /><G80/><T37/><D37/><U42/><E83/><V74/><F105/><W104/><G104/><T78/><D78/><U47/><E18/><V124/><F22/><AGARI ba="0,0" hai="9,11,14,19,20,22,27,31" m="49681,50793" machi="22" ten="40,8000,1" yaku="20,1,19,1,34,2" doraHai="107,35" who="3" fromWho="2" sc="250,0,250,0,250,-80,250,80" /><INIT seed="1,0,0,1,2,8" ten="250,250,170,330" oya="1" hai0="81,3,102,113,115,67,85,110,95,30,43,129,108" hai1="40,130,16,76,74,114,12,13,121,107,11,70,72" hai2="21,49,116,82,64,5,106,53,83,52,29,134,10" hai3="1,28,104,88,19,112,32,48,54,24,62,27,20"/><U44/><E114/><V55/><F134/><W73/><G112/><N who="0" m="43083" /><D30/><U122/><E107/><V41/><F106/><W45/><G73/><T46/><D3/><U65/><E65/><V96/><F116/><W35/><G104/><T131/><D46/><U60/><E60/><V63/><F96/><W33/><G1/><T68/><D43/><U97/><E70/><V80/><F41/><W118/><G118/><T105/><D67/><U84/><E97/><V34/><F34/><W25/><G62/><T93/><D68/><U92/><E130/><N who="0" m="49673" /><D105/><U78/><E78/><V36/><F36/><W89/><G32/><T111/><D102/><U132/><E132/><V100/><F100/><W69/><G69/><T66/><D66/><U58/><E58/><N who="2" m="36983" /><F21/><W59/><G59/><T117/><D117/><U91/><E76/><AGARI ba="0,0" hai="76,81,85,93,95,108,110,111" m="49673,43083" machi="76" ten="40,8000,1" yaku="14,1,19,1,34,2" doraHai="8" who="0" fromWho="1" sc="250,80,250,-80,170,0,330,0" /><INIT seed="2,0,0,0,4,77" ten="330,170,170,330" oya="2" hai0="32,108,120,93,67,123,122,49,111,15,45,126,124" hai1="21,56,74,52,105,12,10,84,33,30,63,48,116" hai2="104,103,20,89,54,42,61,41,9,34,85,4,3" hai3="17,72,69,23,13,119,131,79,81,38,96,60,31"/><V66/><F34/><W62/><G119/><T46/><D15/><U7/><E116/><V58/><F104/><W80/><G38/><T39/><D32/><U102/><E74/><V118/><F103/><W125/><G131/><T6/><D6/><U128/><E128/><V47/><F118/><W86/><G125/><N who="0" m="48235" /><D93/><U113/><E113/><V25/><F47/><N who="0" m="17930" /><D39/><U99/><E33/><V22/><F66/><W114/><G69/><T88/><D88/><U64/><E84/><V135/><F135/><W43/><G43/><T14/><D14/><U134/><E134/><V70/><F70/><W87/><G72/><T35/><D35/><U133/><E133/><V97/><F97/><W24/><G96/><T68/><D49/><U57/><E21/><V18/><REACH who="2" step="1"/><F22/><REACH who="2" ten="330,170,160,330" step="2"/><N who="3" m="11567" /><G114/><T2/><D2/><U71/><E30/><V121/><F121/><W76/><AGARI ba="0,1" hai="23,24,31,60,62,76,79,80,81,86,87" m="11567" machi="76" ten="30,4000,0" yaku="8,1,52,2" doraHai="77" who="3" fromWho="3" sc="330,-10,170,-10,160,-20,330,50" /><INIT seed="3,0,0,0,1,0" ten="320,160,140,380" oya="3" hai0="100,74,89,26,16,41,110,64,72,83,86,90,19" hai1="105,31,67,23,133,65,60,50,78,124,3,123,18" hai2="6,82,22,24,53,34,49,57,98,37,116,1,117" hai3="47,85,75,48,113,118,70,76,91,59,21,40,102"/><W62/><G118/><T27/><D110/><U14/><E123/><V126/><F126/><W11/><G113/><T63/><D100/><U96/><E124/><V127/><F127/><W66/><G75/><T68/><D41/><U87/><E133/><V20/><F37/><W128/><G128/><T58/><D68/><U80/><E3/><V95/><F34/><W43/><G76/><T13/><D19/><U55/><E31/><V92/><F82/><W51/><G102/><T111/><D111/><U97/><E105/><V39/><F39/><W71/><G21/><T101/><D101/><U9/><E23/><V35/><F35/><W120/><G120/><T108/><D108/><U99/><REACH who="1" step="1"/><E60/><REACH who="1" ten="320,150,140,380" step="2"/><V93/><F22/><W121/><G62/><T17/><D63/><U104/><E104/><V46/><F116/><W44/><G121/><T29/><D29/><U42/><E42/><V5/><F117/><W38/><G43/><T132/><D132/><U125/><E125/><V54/><F1/><W2/><G40/><T114/><D114/><U109/><E109/><V122/><F122/><W107/><G107/><T112/><D112/><U28/><E28/><N who="2" m="17415" /><F98/><W15/><G2/><T61/><D27/><U81/><E81/><V52/><F57/><AGARI ba="0,1" hai="9,14,18,50,55,57,65,67,78,80,87,96,97,99" machi="57" ten="40,8000,1" yaku="1,1,8,1,53,3" doraHai="0" doraHaiUra="94" who="1" fromWho="2" sc="320,0,150,90,140,-80,380,0" /><INIT seed="4,0,0,1,1,111" ten="320,240,60,380" oya="0" hai0="115,57,46,27,70,33,40,7,112,44,77,67,116" hai1="9,13,54,21,130,18,124,89,109,58,66,34,15" hai2="98,63,14,73,36,64,106,61,39,79,74,29,47" hai3="20,84,31,118,71,117,129,93,101,134,62,51,85"/><T59/><D116/><U28/><E109/><V75/><F79/><W120/><G134/><T30/><D77/><U52/><E124/><V32/><F14/><W87/><G129/><T55/><D7/><U128/><E34/><V82/><F63/><W2/><G2/><T0/><D0/><U108/><E108/><V26/><F82/><W38/><G38/><N who="0" m="21527" /><D46/><U121/><E121/><V99/><F99/><W68/><G120/><T81/><D81/><U37/><E37/><V45/><F47/><W90/><G101/><T105/><D105/><U94/><E128/><V8/><F8/><W60/><G117/><T122/><D122/><U53/><E130/><V78/><F78/><W6/><G118/><T22/><D33/><U125/><E125/><V135/><F135/><W131/><G131/><T17/><D30/><U25/><E66/><V80/><F80/><W3/><G3/><T88/><D88/><U86/><REACH who="1" step="1"/><E15/><REACH who="1" ten="320,230,60,380" step="2"/><V92/><F45/><W12/><G12/><T42/><D42/><U76/><E76/><V4/><F4/><W24/><G6/><T96/><D55/><U48/><AGARI ba="0,1" hai="9,13,18,21,25,28,48,52,53,54,58,86,89,94" machi="48" ten="20,8000,1" yaku="1,1,0,1,7,1,8,1,54,1,53,0" doraHai="111" doraHaiUra="43" who="1" fromWho="1" sc="320,-40,230,90,60,-20,380,-20" /><INIT seed="5,0,0,1,0,67" ten="280,320,40,360" oya="1" hai0="23,59,130,18,3,93,113,106,11,17,84,94,10" hai1="109,111,114,99,14,0,70,5,58,124,25,88,62" hai2="104,33,35,52,24,77,64,101,44,83,41,54,107" hai3="27,112,8,72,75,49,45,90,126,53,110,129,55"/><U38/><E0/><V16/><F64/><W66/><G110/><N who="1" m="41994" /><E38/><V115/><F115/><W87/><G112/><T1/><D106/><U131/><E114/><V86/><F35/><W125/><G66/><T40/><D113/><U128/><E25/><V74/><F74/><W76/><G76/><T34/><D34/><U68/><E124/><N who="3" m="47722" /><G129/><N who="1" m="49738" /><E5/><V32/><F32/><W19/><G55/><T103/><D40/><U57/><E14/><V82/><F82/><N who="3" m="49527" /><G27/><T105/><D130/><U95/><E58/><V120/><F120/><W96/><G96/><T37/><D59/><U97/><E97/><V60/><F33/><W135/><G135/><T56/><D56/><U65/><AGARI ba="0,0" hai="57,62,65,68,70,88,95,99" m="49738,41994" machi="65" ten="30,12000,1" yaku="10,1,19,1,52,2,54,1" doraHai="67" who="1" fromWho="1" sc="280,-40,320,120,40,-40,360,-40" /><INIT seed="5,1,0,0,0,45" ten="240,440,0,320" oya="1" hai0="63,15,9,130,61,106,30,105,79,103,119,104,88" hai1="2,122,93,51,54,118,131,31,26,59,29,64,97" hai2="66,42,92,33,39,77,0,62,55,68,38,36,80" hai3="46,72,44,125,19,50,49,67,76,24,18,133,75"/><U121/><E118/><V85/><F33/><W91/><G125/><T74/><D119/><U87/><E2/><V52/><F0/><W7/><G133/><T65/><D130/><U102/><E131/><V71/><F92/><W28/><G7/><T114/><D114/><U108/><E108/><V107/><F107/><W47/><G67/><T60/><D30/><U34/><E31/><V89/><F89/><W14/><G91/><T37/><D37/><N who="2" m="14442" /><F85/><W27/><G76/><T111/><D111/><U43/><E43/><V69/><F80/><W82/><G82/><T128/><D128/><U112/><E112/><V21/><F21/><W98/><G98/><T1/><D79/><U120/><E64/><V94/><F94/><W110/><G110/><T25/><D74/><U41/><E41/><V53/><F77/><W20/><G75/><T58/><D1/><U132/><E132/><V35/><F35/><W81/><G81/><T135/><D103/><U10/><E10/><V73/><F73/><W86/><G86/><T116/><D116/><U90/><E120/><V12/><F12/><W11/><REACH who="3" step="1"/><G72/><REACH who="3" ten="240,440,0,310" step="2"/><T96/><D135/><U5/><E5/><V8/><F8/><W124/><G124/><T134/><D134/><U70/><E70/><V32/><F32/><W115/><G115/><T3/><D3/><U22/><E34/><V57/><F71/><W95/><G95/><AGARI ba="1,1" hai="22,26,29,51,54,59,87,90,93,95,97,102,121,122" machi="95" ten="30,2900,0" yaku="7,1,52,1" doraHai="45" who="1" fromWho="3" sc="240,0,440,42,0,0,310,-32" /><INIT seed="5,2,0,1,0,0" ten="240,482,0,278" oya="1" hai0="85,88,42,22,47,33,32,36,118,101,68,115,55" hai1="126,131,132,77,14,64,129,120,103,18,95,78,3" hai2="75,2,65,66,45,57,43,112,93,8,76,81,133" hai3="40,58,110,89,121,92,106,71,116,67,63,114,15"/><U109/><E120/><V69/><F69/><W53/><G110/><T70/><D118/><U86/><E3/><V10/><F133/><W125/><G121/><T62/><D101/><U96/><E109/><V90/><F112/><W1/><G1/><T4/><D115/><U119/><E119/><V56/><F56/><W39/><G114/><T7/><D22/><U83/><E126/><V74/><F74/><W104/><G116/><T102/><D102/><U24/><E24/><V113/><F113/><W105/><G15/><T79/><D79/><N who="1" m="46463" /><E64/><V23/><F23/><W38/><G125/><T82/><D68/><U9/><E132/><V60/><F66/><W117/><G117/><T87/><D87/><U30/><E30/><V46/><F46/><W20/><G20/><T130/><D130/><AGARI ba="2,0" hai="9,14,18,77,78,95,96,103,129,130,131" m="46463" machi="130" ten="30,1500,0" yaku="19,1" doraHai="0" who="1" fromWho="0" sc="240,-21,482,21,0,0,278,0" /><INIT seed="5,3,0,1,5,24" ten="219,503,0,278" oya="1" hai0="36,73,93,87,83,60,115,124,68,97,22,48,56" hai1="29,52,15,49,44,131,69,10,66,103,32,70,123" hai2="11,121,23,94,17,111,71,39,20,125,82,58,72" hai3="30,109,64,14,67,77,41,99,84,89,100,135,19"/><U26/><E123/><V81/><F121/><W75/><G109/><T6/><D36/><U108/><E108/><V12/><F111/><W78/><G135/><T122/><D73/><U7/><E131/><V45/><F71/><W21/><G41/><T5/><D124/><U129/><E129/><V96/><F125/><W51/><G51/><T92/><D115/><U34/><E34/><V8/><F39/><W102/><G30/><T35/><D35/><U95/><E66/><N who="3" m="25130" /><G75/><T2/><D48/><U27/><E27/><V37/><F58/><W88/><G89/><T47/><D47/><U90/><E103/><N who="3" m="39466" /><G99/><AGARI ba="3,0" hai="7,10,15,26,29,32,44,49,52,69,70,90,95,99" machi="99" ten="30,5800,0" yaku="7,1,52,1,54,1" doraHai="24" who="1" fromWho="3" sc="219,0,503,67,0,0,278,-67" /><INIT seed="5,4,0,2,0,122" ten="219,570,0,211" oya="1" hai0="30,50,118,25,66,71,56,114,54,26,38,32,86" hai1="44,37,20,29,111,48,2,106,1,15,126,10,14" hai2="101,61,112,75,80,73,100,58,131,119,67,28,96" hai3="43,94,42,59,34,16,11,125,81,70,41,47,77"/><U121/><E111/><V124/><F119/><W87/><G70/><T22/><D118/><U92/><E106/><V18/><F124/><W52/><G34/><T93/><D38/><U39/><E121/><V129/><F28/><W116/><G125/><T6/><D114/><U97/><E126/><V69/><F112/><W78/><G94/><T82/><D6/><U46/><E46/><V31/><F101/><W127/><G116/><T51/><D71/><U115/><E115/><V88/><F31/><W105/><G105/><T49/><D93/><U53/><E39/><V76/><F18/><W72/><G72/><T128/><D66/><U9/><E37/><V104/><F58/><W55/><G47/><T68/><D68/><U109/><E20/><V4/><F4/><W120/><G120/><T133/><D133/><U40/><E29/><V12/><F12/><N who="3" m="7199" /><G127/><T24/><D128/><N who="2" m="49226" /><F88/><N who="3" m="51311" /><G55/><T83/><D83/><U64/><E53/><V98/><F98/><W130/><G130/><T23/><D32/><U74/><E74/><AGARI ba="4,0" hai="61,67,69,73,74,75,76,80,96,100,104" m="49226" machi="74" ten="30,2000,0" yaku="19,1,23,1" doraHai="122" who="2" fromWho="1" sc="219,0,570,-32,0,32,211,0" /><INIT seed="6,0,0,2,3,98" ten="219,538,32,211" oya="2" hai0="42,23,26,9,110,101,27,57,121,84,118,79,18" hai1="55,88,83,75,39,111,114,49,92,22,48,123,4" hai2="74,5,67,34,107,68,25,60,8,103,70,117,32" hai3="46,16,56,96,2,62,133,71,89,124,15,24,100"/><V51/><F117/><W122/><G122/><T43/><D110/><U77/><E111/><V33/><F51/><W58/><G2/><T20/><D121/><U87/><E123/><V30/><F74/><W134/><G89/><T7/><D57/><U113/><E39/><V93/><F93/><N who="3" m="58383" /><G24/><T116/><D101/><U54/><E22/><V50/><F50/><N who="1" m="19561" /><E4/><V85/><F85/><W86/><G124/><T69/><D69/><U105/><E105/><V78/><F78/><W6/><G6/><T11/><D84/><U14/><E14/><V63/><F63/><W53/><G86/><T41/><D79/><U44/><E44/><V73/><F73/><W64/><G53/><T106/><D106/><U112/><AGARI ba="0,0" hai="54,55,75,77,83,87,88,92,112,113,114" m="19561" machi="112" ten="40,2700,0" yaku="15,1,54,1" doraHai="98" who="1" fromWho="1" sc="219,-7,538,27,32,-13,211,-7" /><INIT seed="7,0,0,3,5,115" ten="212,565,19,204" oya="3" hai0="93,53,57,60,22,88,94,119,49,135,123,130,29" hai1="14,66,2,134,77,133,98,67,99,75,73,68,13" hai2="78,83,6,103,80,106,9,72,36,128,28,91,120" hai3="21,25,121,37,0,87,102,101,26,52,4,97,131"/><W51/><G121/><T38/><D123/><U46/><E46/><V62/><F62/><W43/><G37/><T70/><D119/><U32/><E77/><V44/><F28/><W84/><G131/><T64/><D130/><U20/><E20/><V105/><F128/><W63/><G0/><T15/><D135/><U127/><E127/><V11/><F11/><W61/><G4/><T16/><D29/><U132/><E2/><V116/><F120/><W100/><G97/><N who="1" m="36874" /><E32/><V89/><F103/><W39/><G39/><T118/><D118/><U30/><E30/><V81/><F44/><N who="3" m="27751" /><G43/><T58/><D38/><U31/><E31/><V41/><F41/><W76/><G84/><N who="0" m="52359" /><D70/><U47/><E47/><V23/><F36/><W8/><G8/><T82/><D94/><U86/><E86/><V110/><F9/><W125/><G125/><T114/><D114/><U17/><E17/><V48/><F6/><W50/><G50/><T45/><D45/><U59/><E59/><V79/><F48/><W27/><G21/><T69/><D69/><U109/><E109/><V124/><F23/><W18/><G18/><T33/><D33/><U54/><E54/><V40/><F40/><W24/><N who="3" m="6144" /><DORA hai="56" /><W126/><G126/><T112/><D112/><U108/><E108/><V7/><F124/><W5/><G5/><T95/><D95/><U10/><E10/><V96/><F110/><W71/><G71/><T117/><D117/><U92/><E68/><V55/><F116/><W1/><G1/><T90/><D49/><U113/><E113/><V129/><F129/><W74/><G74/><RYUUKYOKU ba="0,0" sc="212,-10,565,-10,19,-10,204,30" hai3="61,63,76,87,100,101,102" /><INIT seed="7,1,0,1,0,20" ten="202,555,9,234" oya="3" hai0="84,14,47,48,111,15,38,33,82,123,89,50,83" hai1="109,108,75,62,57,102,54,118,59,135,101,74,78" hai2="27,6,41,5,29,115,45,22,77,106,81,0,32" hai3="124,11,93,43,121,97,105,96,65,132,112,52,25"/><W67/><G121/><T120/><D111/><U46/><E135/><V60/><F60/><W64/><G112/><T76/><D33/><U113/><E113/><V90/><F90/><W40/><G124/><T107/><D107/><U39/><E118/><V129/><F115/><W131/><G131/><T128/><D128/><U16/><E39/><V88/><F88/><W35/><G105/><T130/><D130/><U71/><E71/><V24/><F81/><W28/><G132/><T31/><D38/><U9/><E46/><V30/><F77/><W116/><G116/><T53/><D31/><U18/><E9/><N who="2" m="2215" /><F45/><W110/><G11/><T58/><D120/><U99/><E99/><V55/><F55/><W2/><G2/><T95/><D123/><U117/><E117/><V13/><F41/><W19/><G97/><T1/><D1/><U122/><E122/><V68/><F68/><W70/><G70/><T92/><D92/><U134/><E134/><V91/><F91/><W17/><G43/><T87/><D83/><U8/><E8/><N who="2" m="4247" /><F129/><W133/><G133/><T7/><D50/><U126/><E62/><V100/><F100/><N who="3" m="60431" /><G65/><T72/><D72/><U127/><E54/><V79/><F79/><AGARI ba="1,0" hai="16,18,57,59,74,75,78,79,101,102,108,109,126,127" machi="79" ten="25,3200,0" yaku="22,2,54,1" doraHai="20" who="1" fromWho="2" sc="202,0,555,35,9,-35,234,0" owari="202,-19.8,590,69.0,-26,-52.6,234,3.4" /></mjloggm>