<mjloggm ver="2.3"><GO type="169" lobby="0"/><UN n0="%6E%61%6B%61%74%65%6E%6E" n1="%4D%75%64%46%6C%6F%77" n2="%E9%9B%B2%E3%81%AE%E3%83%95%E3%83%89%E3%82%A6" n3="%E3%81%93%E3%82%8C%E3%81%8C%E3%81%B5%E3%81%95%E3%81%B5%E3%81%95" dan="16,17,16,17" rate="2044.68,2185.12,2092.68,2223.36" sx="M,M,M,M"/><TAIKYOKU oya="0"/><INIT seed="0,0,0,1,1,79" ten="250,250,250,250" oya="0" hai0="70,41,28,6,34,121,116,65,71,52,77,95,75" hai1="45,69,32,131,111,104,68,53,72,89,49,60,43" hai2="9,27,80,54,50,30,23,102,51,58,7,48,8" hai3="33,26,25,92,47,127,35,123,93,20,44,112,81"/><T125/><D116/><U38/><E104/><V130/><F130/><W46/><G112/><T15/><D121/><U17/><E32/><V96/><F9/><W76/><G123/><T0/><D125/><U11/><E72/><V87/><F96/><W37/><G37/><T3/><D41/><U88/><E131/><V74/><F74/><W82/><G127/><T100/><D75/><U55/><E111/><V108/><F102/><W56/><G56/><T85/><D34/><N who="3" m="12809" /><G76/><T117/><D117/><U98/><E55/><V107/><F107/><W103/><G20/><T29/><D100/><U67/><E98/><V99/><F99/><W105/><G103/><T118/><D118/><U61/><E11/><V90/><REACH who="2" step="1"/><F108/><REACH who="2" ten="250,250,240,250" step="2"/><W73/><G105/><T134/><D85/><U31/><E31/><V109/><F109/><W84/><G84/><T113/><D3/><AGARI ba="0,1" hai="3,7,8,23,27,30,48,50,51,54,58,80,87,90" machi="3" ten="30,3900,0" yaku="1,1,7,1,52,1,53,0" doraHai="79" doraHaiUra="62" who="2" fromWho="0" sc="250,-39,250,0,240,49,250,0" /><INIT seed="1,0,0,0,5,124" ten="211,250,289,250" oya="1" hai0="84,109,125,91,30,53,32,39,117,118,59,104,107" hai1="79,5,81,24,27,68,92,93,64,72,18,112,76" hai2="10,103,12,22,2,134,33,69,70,66,41,80,102" hai3="90,98,97,77,75,50,67,35,86,58,71,3,20"/><U87/><E112/><V61/><F69/><W8/><G35/><T108/><D39/><U121/><E121/><V89/><F33/><W21/><G71/><T120/><D32/><U7/><E79/><V119/><F119/><N who="0" m="45578" /><D30/><U57/><E68/><V60/><F60/><W74/><G77/><T51/><D125/><U132/><E132/><V48/><F2/><W82/><G67/><T130/><D120/><U1/><E72/><V19/><F134/><W55/><G75/><T25/><D25/><N who="1" m="9803" /><E18/><V45/><F22/><W131/><G74/><T88/><D91/><U83/><E83/><V0/><F0/><W29/><G20/><T40/><D40/><U6/><E1/><V17/><F17/><W78/><G21/><T114/><D114/><U127/><E127/><V105/><F105/><N who="0" m="40522" /><D130/><U110/><E64/><V126/><F126/><W101/><G29/><T62/><D62/><U43/><E43/><V54/><REACH who="2" step="1"/><F41/><REACH who="2" ten="211,250,279,250" step="2"/><W133/><G133/><T123/><D123/><U63/><E5/><V34/><F34/><W94/><G3/><T36/><D53/><U9/><E6/><V122/><F122/><W16/><G16/><T96/><D108/><U42/><E42/><V26/><F26/><W129/><REACH who="3" step="1"/><G8/><REACH who="3" ten="211,250,279,240" step="2"/><T56/><D109/><U116/><E110/><V135/><F135/><W65/><G65/><T73/><D73/><U11/><E116/><V44/><F44/><W15/><G15/><T49/><D59/><U38/><E11/><V106/><F106/><AGARI ba="0,2" hai="50,55,58,78,82,86,90,94,97,98,101,106,129,131" machi="106" ten="40,5200,0" yaku="1,1,52,2,53,0" doraHai="124" doraHaiUra="23" who="3" fromWho="2" sc="211,0,250,0,279,-52,240,72" /><INIT seed="2,0,0,1,0,70" ten="211,250,227,312" oya="2" hai0="71,33,126,34,135,88,56,50,80,51,133,24,61" hai1="107,128,65,25,131,45,20,117,94,0,28,97,21" hai2="129,119,112,87,123,49,18,90,103,48,5,12,62" hai3="77,43,98,53,3,116,8,93,1,23,29,76,106"/><V134/><F112/><W114/><G106/><T42/><D71/><U104/><E117/><V38/><F119/><W75/><G116/><T36/><D126/><U67/><E0/><V125/><F123/><W26/><G114/><T69/><D69/><U92/><E92/><V11/><F62/><W41/><G53/><T13/><D13/><U4/><E4/><V108/><F103/><W59/><G59/><T121/><D121/><U54/><E21/><V66/><F66/><N who="1" m="25097" /><E54/><V68/><F68/><W2/><G8/><T22/><D34/><U79/><E79/><V14/><F125/><W31/><G31/><T46/><D33/><U35/><E45/><V19/><F134/><N who="0" m="51210" /><D80/><U17/><E28/><V118/><F118/><W64/><G64/><N who="0" m="38951" /><D88/><N who="1" m="55495" /><E35/><V124/><F124/><W91/><G75/><T58/><D58/><U15/><E15/><V113/><F113/><W82/><G82/><T32/><D32/><U99/><E99/><V85/><F5/><W40/><AGARI ba="0,0" hai="1,2,3,23,26,29,40,41,43,76,77,91,93,98" machi="40" ten="40,1500,0" yaku="0,1" doraHai="70" who="3" fromWho="3" sc="211,-4,250,-4,227,-7,312,15" /><INIT seed="3,0,0,5,4,14" ten="207,246,220,327" oya="3" hai0="25,111,120,22,90,61,13,127,48,38,68,59,16" hai1="47,95,17,78,1,74,64,2,107,97,4,8,106" hai2="131,12,110,45,92,62,102,93,55,118,26,100,103" hai3="15,0,33,98,112,52,40,135,46,99,41,36,113"/><W133/><G0/><T69/><D120/><U119/><E119/><V54/><F118/><W31/><G40/><T30/><D111/><U81/><E1/><V53/><F110/><W20/><G33/><T77/><D127/><U43/><E64/><V3/><F3/><W114/><G52/><T29/><D38/><U132/><E132/><N who="3" m="50762" /><G31/><T65/><D77/><U80/><E80/><V84/><F131/><W7/><G7/><T82/><D30/><U101/><REACH who="1" step="1"/><E17/><AGARI ba="0,0" hai="15,17,20,36,41,46,98,99,112,113,114" m="50762" machi="17" ten="40,3900,0" yaku="20,1,52,1" doraHai="14" who="3" fromWho="1" sc="207,0,246,-39,220,0,327,39" /><INIT seed="3,1,0,5,3,56" ten="207,207,220,366" oya="3" hai0="47,36,86,3,57,113,110,71,41,51,44,90,63" hai1="85,108,65,88,131,11,53,4,95,99,45,93,102" hai2="123,12,38,35,80,106,107,101,55,77,87,125,34" hai3="42,92,58,43,69,33,61,96,104,8,111,0,109"/><W37/><G33/><T39/><D3/><U22/><E108/><N who="3" m="41546" /><G104/><T1/><D1/><U122/><E122/><V98/><F107/><W112/><G69/><T68/><D110/><U32/><E32/><V84/><F123/><W67/><G112/><T81/><D113/><U133/><E133/><V14/><F38/><W5/><G37/><T15/><D15/><U82/><E131/><V72/><F125/><W23/><G23/><T118/><D118/><U27/><E65/><V78/><F72/><W59/><G59/><T29/><D29/><U54/><E45/><V116/><F116/><W135/><G135/><T76/><D76/><U115/><E115/><V120/><F120/><W74/><G74/><T25/><D25/><U64/><E64/><V28/><F35/><W6/><G6/><T94/><D81/><U103/><E82/><V30/><F78/><W134/><G134/><T83/><D83/><U89/><E4/><V79/><F79/><W10/><G10/><T48/><D39/><U127/><E11/><V20/><F20/><W75/><G75/><T126/><D126/><U119/><E127/><V16/><F34/><W132/><G132/><T52/><REACH who="0" step="1"/><D36/><REACH who="0" ten="197,207,220,366" step="2"/><U21/><E119/><V128/><F14/><W2/><G2/><T9/><D9/><U124/><E124/><V49/><F30/><W73/><G73/><T13/><D13/><U19/><E22/><N who="2" m="11527" /><F28/><W100/><AGARI ba="1,1" hai="0,5,8,42,43,58,61,67,92,96,100" m="41546" machi="100" ten="30,6000,0" yaku="14,1,10,1,52,1" doraHai="56" who="3" fromWho="3" sc="197,-21,207,-21,220,-21,366,73" /><INIT seed="3,2,0,5,3,42" ten="176,186,199,439" oya="3" hai0="62,47,16,100,121,109,44,91,89,34,81,45,10" hai1="129,122,106,103,110,130,30,59,64,123,61,20,33" hai2="18,104,134,84,70,132,128,26,3,0,99,22,101" hai3="38,83,98,1,68,5,40,74,82,72,86,95,31"/><W21/><G68/><T54/><D121/><U80/><E33/><V133/><F70/><W114/><G114/><T29/><D34/><U97/><E110/><V14/><F128/><N who="1" m="49257" /><E80/><V15/><REACH who="2" step="1"/><F84/><REACH who="2" ten="176,186,189,439" step="2"/><W53/><G86/><N who="0" m="50383" /><D109/><U41/><E123/><V116/><F116/><W73/><G73/><T126/><D126/><U12/><E122/><V96/><F96/><W24/><G98/><T23/><D100/><U119/><E119/><V87/><F87/><W107/><G74/><T77/><D77/><U28/><E97/><V115/><F115/><W36/><G72/><T75/><D75/><U17/><E103/><V35/><F35/><W78/><G78/><T27/><D91/><U11/><E106/><V88/><F88/><W67/><G107/><T120/><D120/><U52/><E41/><V118/><F118/><W43/><G40/><T7/><D7/><N who="1" m="3199" /><E64/><V19/><F19/><W25/><G67/><T55/><D62/><U127/><E127/><V102/><F102/><W4/><G38/><T117/><D117/><U2/><E2/><AGARI ba="2,1" hai="0,2,3,14,15,18,22,26,99,101,104,132,133,134" machi="2" ten="50,3200,0" yaku="1,1,20,1,53,0" doraHai="42" doraHaiUra="90" who="2" fromWho="1" sc="176,0,186,-38,189,48,439,0" /><INIT seed="4,0,0,3,0,133" ten="176,148,237,439" oya="0" hai0="96,64,70,126,51,34,106,84,81,53,38,114,74" hai1="115,62,68,124,82,17,6,111,15,36,73,94,107" hai2="80,32,72,43,129,61,63,85,12,4,2,75,113" hai3="13,48,130,108,10,52,18,123,134,104,16,117,50"/><T41/><D34/><U59/><E111/><V37/><F32/><W92/><G104/><T69/><D74/><U22/><E36/><V46/><F12/><W102/><G108/><T99/><D114/><U7/><E107/><V31/><F31/><W21/><G117/><T103/><D126/><U127/><E68/><V132/><F132/><W79/><G134/><T121/><D121/><U77/><E94/><V3/><F3/><W49/><G130/><T14/><D64/><U119/><E119/><V25/><F25/><N who="3" m="14503" /><G79/><T67/><D67/><N who="1" m="39391" /><E115/><V98/><F113/><W87/><G123/><T101/><D41/><U60/><E60/><V88/><F129/><W30/><G30/><T33/><D38/><U28/><E28/><V56/><F98/><N who="3" m="59719" /><G87/><T109/><D33/><U86/><E73/><V90/><F90/><W112/><G112/><T19/><D99/><U120/><E120/><V116/><F116/><W128/><G128/><T131/><D101/><U23/><E22/><V125/><F125/><AGARI ba="0,0" hai="6,7,15,17,23,77,82,86,124,125,127" m="39391" machi="125" ten="30,7700,0" yaku="18,1,52,3" doraHai="133" who="1" fromWho="2" sc="176,0,148,77,237,-77,439,0" /><INIT seed="5,0,0,4,5,9" ten="176,225,160,439" oya="1" hai0="61,7,101,54,100,25,6,42,83,29,14,72,89" hai1="103,80,125,87,20,110,11,96,0,52,30,1,63" hai2="132,77,39,68,55,127,133,99,3,120,37,113,84" hai3="44,19,130,90,22,56,93,47,95,73,36,112,79"/><U2/><E125/><V105/><F3/><W24/><G112/><T98/><D42/><U60/><E110/><V102/><F120/><W31/><G130/><T8/><D7/><U12/><E20/><V59/><F68/><W123/><G95/><T78/><D89/><U107/><E30/><V32/><F32/><W129/><G129/><T18/><D6/><U85/><E85/><V10/><F127/><W69/><G69/><T57/><REACH who="0" step="1"/><D98/><REACH who="0" ten="166,225,160,439" step="2"/><U41/><E41/><V62/><F113/><W38/><G90/><T115/><D115/><U131/><E131/><V35/><F35/><AGARI ba="0,1" hai="8,14,18,25,29,35,54,57,61,72,78,83,100,101" machi="35" ten="30,7700,0" yaku="1,1,7,1,52,1,53,1" doraHai="9" doraHaiUra="48" who="0" fromWho="2" sc="166,87,225,0,160,-77,439,0" /><INIT seed="6,0,0,2,5,18" ten="253,225,83,439" oya="2" hai0="21,114,78,49,105,107,32,72,98,86,34,29,14" hai1="82,134,115,7,79,122,84,118,23,40,123,56,109" hai2="99,100,4,41,108,28,38,119,68,51,133,91,104" hai3="126,89,62,43,6,35,45,75,85,54,101,36,46"/><V103/><F119/><W11/><G126/><T132/><D114/><U63/><E109/><V0/><F68/><W90/><G75/><T13/><D72/><U64/><E118/><V9/><F108/><W74/><G74/><T125/><D125/><U19/><E115/><V87/><F133/><W135/><G135/><T120/><D120/><U2/><E134/><V55/><F100/><W70/><G35/><T95/><D49/><U96/><E40/><V117/><F117/><W73/><G73/><T116/><D116/><U113/><E113/><V10/><F10/><W27/><G101/><T57/><D57/><U52/><E96/><V25/><F41/><W22/><G46/><T47/><D47/><U128/><E128/><V71/><F71/><W102/><G102/><T58/><D58/><U77/><E77/><V30/><F38/><W59/><G85/><T33/><D105/><U129/><E129/><V20/><F30/><W111/><G70/><T83/><D107/><U92/><E92/><V1/><F55/><W37/><G37/><T94/><D132/><U53/><E7/><V131/><F51/><W39/><G39/><T26/><REACH who="0" step="1"/><D94/><REACH who="0" ten="243,225,83,439" step="2"/><U88/><E122/><V17/><F131/><W8/><G111/><T12/><D12/><N who="1" m="9703" /><E123/><V61/><F61/><W16/><G8/><T112/><D112/><U3/><E3/><AGARI ba="0,1" hai="3,6,11,16,22,27,36,43,45,54,59,62,89,90" machi="3" ten="30,3900,0" yaku="7,1,52,1,54,1" doraHai="18" who="3" fromWho="1" sc="243,0,225,-39,83,0,439,49" /><INIT seed="7,0,0,4,4,135" ten="243,186,83,488" oya="3" hai0="133,7,74,51,131,64,93,10,24,128,130,56,19" hai1="115,15,111,72,43,45,78,118,69,30,127,79,1" hai2="92,129,81,61,85,83,11,100,23,70,40,110,71" hai3="34,31,97,67,44,20,48,5,25,36,82,134,114"/><W26/><G114/><T109/><D74/><U41/><E1/><V89/><F110/><W63/><G134/><T8/><D109/><U76/><E72/><V106/><F129/><W103/><G5/><T77/><D77/><U60/><E30/><V124/><F40/><W94/><G36/><T126/><D126/><U58/><E111/><V16/><F11/><W62/><G82/><T96/><D133/><U47/><E69/><V3/><F3/><W12/><G12/><T123/><D123/><U54/><E115/><V9/><F9/><W117/><G117/><T39/><D39/><U46/><E118/><V65/><F71/><W50/><G44/><T87/><D87/><U108/><E108/><V122/><F122/><W2/><G2/><T90/><D7/><U49/><E127/><V105/><F83/><W38/><G38/><T132/><D132/><U73/><E73/><V17/><F17/><W98/><G98/><T52/><D64/><U95/><E15/><V29/><F29/><W113/><G113/><T53/><D53/><U86/><E60/><V14/><F81/><W21/><G34/><T101/><D101/><U22/><E22/><AGARI ba="0,0" hai="8,10,19,22,24,51,52,56,90,93,96,128,130,131" machi="22" ten="40,2600,0" yaku="19,1,54,1" doraHai="135" who="0" fromWho="1" sc="243,26,186,-26,83,0,488,0" owari="269,6.9,160,-24.0,83,-41.7,488,58.8" /></mjloggm>