<mjloggm ver="2.3"><GO type="169" lobby="0"/><UN n0="%76%61%6C%6B%79%72%69%65" n1="%E5%B8%B8%E5%8B%9D%EF%BC%9F%EF%BC%9F%E3%83%97%E3%83%AD" n2="%E3%81%BB%E3%82%80%E3%82%89" n3="%E3%83%8F%E5%B4%8E%E7%9C%9F%E6%82%9F" dan="17,16,16,17" rate="2214.82,2153.81,2073.98,2231.67" sx="F,M,F,M"/><TAIKYOKU oya="0"/><INIT seed="0,0,0,3,3,118" ten="250,250,250,250" oya="0" hai0="35,96,100,125,78,64,72,116,57,71,46,30,86" hai1="55,127,89,34,76,104,115,119,120,60,113,77,95" hai2="129,97,124,70,44,98,69,50,39,51,13,20,81" hai3="82,23,4,87,106,133,114,21,85,38,22,111,66"/><T90/><D116/><U47/><E119/><V9/><F129/><W117/><G117/><T28/><D125/><U58/><E104/><V88/><F124/><W42/><G114/><N who="1" m="43530" /><E127/><V121/><F121/><W132/><G106/><T18/><D71/><U0/><E34/><V49/><F20/><W53/><G66/><T45/><D78/><N who="1" m="30315" /><E47/><V109/><F109/><W10/><G53/><T91/><D72/><U7/><E7/><V105/><F105/><W19/><G19/><T31/><D35/><U33/><E0/><V130/><F130/><W123/><G111/><T36/><D36/><U107/><E107/><V3/><F3/><W61/><G61/><N who="0" m="37935" /><D18/><U48/><E33/><V12/><F39/><W32/><G32/><T52/><D46/><U25/><E25/><V92/><F81/><W59/><G82/><N who="0" m="49495" /><D100/><U126/><E126/><V101/><F69/><W94/><G38/><T16/><D16/><U65/><E120/><V122/><F122/><W131/><G123/><T135/><D135/><N who="3" m="51785" /><G131/><T103/><D103/><U56/><E95/><N who="2" m="56551" /><F70/><W108/><G94/><N who="0" m="56415" /><D28/><U29/><E89/><V14/><F9/><W27/><G108/><T67/><D67/><U37/><E37/><V128/><F128/><W62/><G27/><T79/><D79/><U6/><E6/><V17/><F17/><W102/><G102/><T24/><D24/><U80/><E80/><V2/><F2/><N who="3" m="279" /><G42/><AGARI ba="0,0" hai="12,13,14,42,44,49,50,51,92,98,101" m="56551" machi="42" ten="30,2000,0" yaku="8,1,54,1" doraHai="118" who="2" fromWho="3" sc="250,0,250,0,250,20,250,-20" /><INIT seed="1,0,0,3,5,51" ten="250,250,270,230" oya="1" hai0="114,116,59,13,134,115,44,103,111,135,99,118,88" hai1="60,4,79,70,113,28,15,19,11,27,100,39,38" hai2="75,68,86,16,101,20,128,110,98,96,36,80,90" hai3="26,3,41,74,120,94,21,125,56,66,52,18,78"/><U0/><E113/><N who="0" m="43017" /><D13/><U131/><E131/><V127/><F128/><W35/><G120/><T124/><D44/><U40/><E40/><V104/><F68/><W46/><G3/><T95/><D59/><U107/><E79/><V63/><F110/><W50/><G125/><T67/><D67/><U42/><E42/><V82/><F127/><W81/><G35/><T119/><D124/><U31/><E31/><V64/><F36/><W83/><G66/><T8/><D8/><U121/><E121/><V97/><F75/><W22/><G94/><N who="0" m="58871" /><D111/><U14/><E14/><V47/><F47/><W77/><G22/><T29/><D29/><U89/><E89/><V24/><F82/><W23/><G23/><T57/><D57/><U32/><E60/><V71/><AGARI ba="0,0" hai="16,20,24,63,64,71,80,86,90,96,97,98,101,104" machi="71" ten="20,2700,0" yaku="0,1,7,1,54,1" doraHai="51" who="2" fromWho="2" sc="250,-7,250,-13,270,27,230,-7" /><INIT seed="2,0,0,5,2,102" ten="243,237,297,223" oya="2" hai0="89,68,80,98,99,134,3,6,22,37,44,38,131" hai1="5,35,2,107,55,84,0,90,113,119,52,56,7" hai2="77,88,111,40,78,45,103,93,100,47,12,10,87" hai3="133,64,29,20,83,25,27,39,8,41,85,36,120"/><V67/><F67/><W42/><G120/><T108/><D68/><U9/><E113/><V91/><F111/><W110/><G110/><T60/><D60/><U97/><E119/><V130/><F130/><W115/><G133/><T61/><D61/><U114/><E114/><V14/><F40/><W116/><G116/><T11/><D108/><U23/><E35/><V125/><F125/><W46/><G115/><T34/><D34/><U51/><E23/><V79/><F91/><W33/><G64/><T16/><D134/><U58/><E97/><V66/><F66/><W19/><G8/><T127/><D127/><U94/><E107/><V118/><F118/><W74/><G74/><T76/><D131/><U135/><E135/><V30/><F30/><W50/><REACH who="3" step="1"/><G42/><REACH who="3" ten="243,237,297,213" step="2"/><T71/><D71/><U15/><REACH who="1" step="1"/><E7/><REACH who="1" ten="243,227,297,213" step="2"/><V70/><F70/><W31/><G31/><T59/><D6/><U1/><E1/><V95/><F10/><W28/><G28/><T81/><D3/><U53/><E53/><V21/><F21/><W104/><G104/><T26/><D22/><U32/><E32/><V48/><F103/><W4/><G4/><T18/><D18/><U129/><E129/><V62/><F100/><W24/><G24/><T126/><D16/><U65/><E65/><V43/><F43/><W105/><G105/><T54/><D26/><U124/><E124/><V96/><F12/><W101/><G101/><T73/><D54/><U122/><E122/><V92/><F14/><W72/><G72/><T121/><D126/><U82/><E82/><V128/><F128/><W106/><G106/><RYUUKYOKU ba="0,2" sc="243,-15,227,15,297,-15,213,15" hai1="0,2,5,9,15,51,52,55,56,58,84,90,94" hai3="19,20,25,27,29,33,36,39,41,46,50,83,85" /><INIT seed="3,1,2,0,3,77" ten="228,242,282,228" oya="3" hai0="83,64,118,106,37,60,10,128,59,122,12,81,134" hai1="57,104,39,68,44,61,20,74,79,38,121,43,102" hai2="92,50,85,36,33,11,56,58,132,101,55,5,126" hai3="13,105,75,47,93,78,1,0,34,119,49,18,125"/><W133/><G105/><T115/><D118/><U31/><E121/><V72/><F72/><W2/><G119/><T69/><D122/><U62/><E20/><V29/><F36/><W28/><G125/><T27/><D106/><U46/><E31/><V89/><F126/><W32/><G28/><T22/><D37/><U97/><E57/><V9/><F132/><W82/><G93/><T65/><D134/><U99/><E99/><V84/><F101/><W131/><G131/><T54/><D128/><U8/><E8/><V103/><F103/><W113/><G113/><T42/><D42/><U123/><E123/><V30/><F11/><W117/><G117/><T70/><D115/><U4/><E4/><V71/><F71/><W25/><G25/><T98/><D98/><U112/><E112/><V76/><F56/><W48/><G48/><T7/><D69/><U40/><E68/><V6/><F6/><W73/><G73/><T108/><D108/><U111/><E111/><V14/><F33/><W86/><G75/><T124/><D124/><U116/><E116/><V19/><F5/><W107/><G107/><T16/><D65/><U87/><E74/><V129/><F129/><W24/><G24/><T53/><D53/><U120/><E120/><V94/><F94/><W130/><G133/><T114/><D114/><U35/><E35/><V91/><F91/><W67/><G67/><T90/><D90/><U110/><E110/><V52/><F55/><N who="3" m="30143" /><G130/><T26/><D26/><U100/><E102/><V66/><F66/><W45/><G45/><T3/><D27/><U63/><E79/><RYUUKYOKU ba="1,2" sc="228,0,242,0,282,0,228,0" hai0="3,7,10,12,16,22,54,59,60,64,70,81,83" hai1="38,39,40,43,44,46,61,62,63,87,97,100,104" hai2="9,14,19,29,30,50,52,58,76,84,85,89,92" hai3="0,1,2,13,18,32,34,78,82,86" /><INIT seed="3,2,2,0,0,128" ten="228,242,282,228" oya="3" hai0="11,101,118,77,65,98,50,6,5,56,27,54,88" hai1="10,59,53,33,51,39,67,95,52,100,22,21,43" hai2="89,45,30,44,36,96,55,15,28,99,129,105,74" hai3="76,93,69,0,14,102,86,108,113,66,38,131,40"/><W25/><G0/><T82/><D118/><U109/><E33/><V20/><F74/><W87/><G113/><T124/><D124/><U134/><E67/><V7/><F129/><W75/><G75/><T16/><D65/><U115/><E115/><V80/><F105/><W121/><G121/><T111/><D111/><U125/><E109/><V26/><F36/><W32/><G76/><T48/><D48/><U19/><E125/><V64/><F64/><W130/><G86/><N who="0" m="50263" /><D77/><U58/><E43/><V1/><F1/><W29/><G108/><T117/><D117/><U81/><E81/><V78/><F78/><W85/><G85/><T79/><D79/><U122/><E39/><V104/><F104/><W41/><G41/><T62/><D62/><N who="1" m="36167" /><E134/><V46/><F28/><W31/><G31/><T132/><D132/><U91/><E100/><V68/><F68/><W71/><G71/><T83/><D83/><U94/><E94/><V106/><F106/><W72/><G72/><T61/><D61/><U70/><E70/><V112/><F112/><W47/><G66/><T120/><D120/><U12/><E122/><V49/><F99/><AGARI ba="2,2" hai="10,12,19,21,22,51,53,59,91,95,99" m="36167" machi="99" ten="30,2000,0" yaku="8,1,54,1" doraHai="128" who="1" fromWho="2" sc="228,0,242,46,282,-26,228,0" /><INIT seed="4,0,0,4,5,129" ten="228,288,256,228" oya="0" hai0="7,55,42,110,56,82,67,114,97,65,80,5,60" hai1="70,103,93,76,19,124,37,122,2,84,78,127,89" hai2="91,22,90,108,54,105,59,81,9,8,86,99,96" hai3="101,100,6,30,35,15,63,95,39,1,57,120,52"/><T77/><D114/><U26/><E37/><V27/><F105/><W61/><G39/><T16/><D110/><U119/><E70/><V75/><F75/><W133/><G1/><T33/><D33/><U131/><E2/><V118/><F108/><W88/><G120/><T134/><D134/><U10/><E122/><V25/><F25/><W112/><G112/><T44/><D97/><U72/><E72/><V87/><F118/><W79/><G79/><T29/><D29/><U104/><E119/><V125/><F125/><N who="1" m="48201" /><E131/><V71/><F71/><W106/><G106/><T14/><D5/><U92/><E93/><V40/><F40/><W13/><G133/><T21/><D7/><U130/><E130/><V73/><F73/><W51/><G30/><T45/><D45/><U12/><E26/><V58/><F58/><W94/><G35/><T53/><D53/><U116/><E116/><V107/><F107/><W48/><G6/><T69/><D77/><U41/><E41/><V34/><F34/><W117/><G117/><T43/><D43/><U18/><E19/><N who="2" m="12767" /><F99/><AGARI ba="0,0" hai="10,12,18,76,78,84,89,92,99,103,104" m="48201" machi="99" ten="30,1000,0" yaku="18,1" doraHai="129" who="1" fromWho="2" sc="228,0,288,10,256,-10,228,0" /><INIT seed="5,0,0,5,2,4" ten="228,298,246,228" oya="1" hai0="66,104,34,103,90,96,46,25,110,26,84,38,33" hai1="58,130,29,73,0,53,111,19,85,115,23,87,99" hai2="119,21,92,52,17,2,47,128,68,95,89,6,112" hai3="118,7,75,72,74,50,45,9,134,123,127,44,125"/><U28/><E73/><V56/><F119/><W83/><G123/><T32/><D110/><U105/><E0/><V82/><F68/><W11/><G118/><T78/><D78/><U129/><E111/><V15/><F128/><N who="1" m="49257" /><E115/><V55/><F112/><W22/><G134/><T98/><D98/><U40/><E40/><V70/><F70/><W36/><G7/><T121/><D121/><U41/><E41/><V133/><F133/><W77/><G36/><T106/><D106/><U20/><E20/><V27/><F2/><W64/><G64/><T1/><D1/><U67/><E67/><V62/><F82/><W113/><G22/><T5/><D5/><U16/><E19/><V100/><F100/><W102/><G102/><T51/><D66/><U65/><E65/><V131/><F131/><W57/><G57/><T71/><D71/><U101/><E29/><V116/><F116/><W97/><G97/><T37/><D37/><U39/><E28/><V59/><F89/><W109/><G45/><T81/><REACH who="0" step="1"/><D38/><REACH who="0" ten="218,298,246,228" step="2"/><U122/><E39/><V18/><F6/><W88/><G109/><T93/><D93/><U35/><E122/><V124/><F47/><W13/><G113/><T107/><D107/><U91/><E105/><V12/><F95/><W94/><G94/><T31/><D31/><U54/><E99/><V80/><F92/><W135/><G135/><T132/><D132/><U43/><E101/><V120/><F120/><W126/><G77/><T86/><D86/><U10/><E87/><V48/><F18/><W108/><G108/><T42/><AGARI ba="0,1" hai="25,26,32,33,34,42,46,51,81,84,90,96,103,104" machi="42" ten="30,2000,0" yaku="1,1,0,1,53,0" doraHai="4" doraHaiUra="8" who="0" fromWho="0" sc="218,30,298,-10,246,-5,228,-5" /><INIT seed="6,0,0,3,2,90" ten="248,288,241,223" oya="2" hai0="49,18,68,47,79,40,51,54,2,74,119,56,93" hai1="6,92,45,16,60,72,8,103,120,59,108,70,129" hai2="116,77,87,71,91,64,123,104,37,32,135,131,67" hai3="58,134,124,112,10,105,101,14,125,36,48,42,55"/><V81/><F123/><W39/><G134/><T31/><D2/><U88/><E108/><V44/><F135/><W22/><G22/><T97/><D119/><U100/><E70/><V52/><F116/><W78/><G78/><T33/><D68/><U9/><E72/><V4/><F104/><W46/><G112/><T98/><D98/><U43/><E129/><V15/><F32/><W25/><G25/><T102/><D18/><U63/><E120/><V1/><F1/><W106/><G39/><T35/><REACH who="0" step="1"/><D31/><REACH who="0" ten="238,288,241,223" step="2"/><U65/><E6/><V95/><F71/><W20/><G101/><T66/><D66/><U23/><E103/><V34/><F131/><W113/><G113/><T110/><D110/><U132/><E100/><V61/><F37/><W85/><G124/><T7/><D7/><U107/><E132/><V128/><F128/><W50/><G125/><T30/><D30/><U24/><E107/><V133/><F133/><W5/><G36/><T130/><D130/><U26/><E26/><V29/><F29/><W38/><G38/><T111/><D111/><U17/><E17/><V62/><F64/><W122/><G122/><T82/><AGARI ba="0,1" hai="33,35,40,47,49,51,54,56,74,79,82,93,97,102" machi="82" ten="30,7900,0" yaku="1,1,0,1,52,1,53,1" doraHai="90" doraHaiUra="76" who="0" fromWho="0" sc="238,89,288,-20,241,-39,223,-20" /><INIT seed="7,0,0,2,5,9" ten="327,268,202,203" oya="3" hai0="14,131,123,107,66,128,106,92,125,54,62,11,28" hai1="35,8,27,82,78,81,53,40,36,95,16,60,104" hai2="100,30,68,127,118,79,117,20,89,4,43,85,70" hai3="65,103,50,93,80,76,48,46,29,83,110,7,33"/><W22/><G33/><T41/><D123/><U102/><E104/><V56/><F127/><W3/><G110/><T18/><D125/><U98/><E36/><V133/><F133/><W99/><G65/><T69/><D41/><U58/><E40/><V72/><F100/><W31/><G3/><T108/><D108/><U114/><E114/><V34/><F34/><W111/><G111/><T57/><D28/><U116/><E116/><V26/><F43/><W47/><G7/><T38/><D38/><U61/><E61/><V55/><F4/><W49/><G22/><T105/><REACH who="0" step="1"/><D92/><REACH who="0" ten="317,268,202,203" step="2"/><U135/><E135/><V24/><F118/><W2/><G2/><T6/><D6/><U12/><REACH who="1" step="1"/><E78/><REACH who="1" ten="317,258,202,203" step="2"/><V91/><F117/><W97/><G76/><T13/><D13/><U71/><E71/><V109/><F109/><W112/><G112/><T124/><D124/><U51/><E51/><AGARI ba="0,2" hai="11,14,18,51,54,57,62,66,69,105,106,107,128,131" machi="51" ten="40,2600,0" yaku="1,1,52,1,53,0" doraHai="9" doraHaiUra="86" who="0" fromWho="1" sc="317,46,258,-26,202,0,203,0" owari="363,46.3,232,3.2,202,-29.8,203,-19.7" /></mjloggm>