<mjloggm ver="2.3"><GO type="169" lobby="0"/><UN n0="%E6%99%AE%E9%9C%B2%E9%9C%B2" n1="%E8%82%89%E5%9B%A3%E5%AD%90%E5%85%88%E7%94%9F" n2="%E5%AF%BF%E4%BA%BA%E6%B5%81%E7%89%8C%E6%89%8B" n3="%E9%95%B7%E5%B2%A1" dan="16,16,16,16" rate="2141.70,2054.31,2129.05,2102.30" sx="M,M,M,M"/><TAIKYOKU oya="0"/><INIT seed="0,0,0,2,1,127" ten="250,250,250,250" oya="0" hai0="65,75,104,82,83,4,74,79,44,89,50,107,97" hai1="115,53,67,8,40,71,64,124,114,72,103,25,30" hai2="58,51,31,119,96,100,24,120,70,29,49,35,16" hai3="86,3,59,13,135,55,94,32,21,77,39,134,6"/><T91/><D65/><U12/><E72/><V62/><F120/><W28/><G39/><T85/><D4/><U109/><E40/><V113/><F113/><N who="1" m="43017" /><E103/><V126/><F70/><W19/><G3/><T61/><D61/><U10/><E109/><V69/><F126/><W23/><G6/><T34/><D34/><U81/><E81/><V112/><F119/><W14/><G32/><T43/><D75/><U121/><E121/><V41/><F41/><W7/><G7/><T54/><D54/><U47/><E71/><V132/><F132/><W5/><G28/><T73/><D73/><U0/><E0/><V37/><F37/><W15/><G5/><T33/><D33/><N who="1" m="20687" /><E8/><V130/><F69/><W102/><G102/><T129/><D91/><U87/><E87/><V1/><F1/><W106/><G106/><T122/><D107/><U123/><E124/><V27/><F112/><W78/><G78/><T48/><D122/><U116/><E116/><V36/><F36/><W93/><G93/><T84/><D104/><U95/><E95/><V110/><F110/><W99/><G99/><T17/><D97/><U80/><E80/><V92/><F92/><W63/><G23/><T98/><D98/><U101/><E101/><V76/><F35/><W46/><G94/><T118/><D74/><U125/><E125/><V111/><F111/><W108/><G108/><T20/><D118/><U18/><E123/><V38/><F96/><W128/><G86/><T42/><D84/><U52/><E53/><V68/><F100/><W133/><G133/><T60/><D83/><U45/><E45/><RYUUKYOKU ba="0,0" sc="250,-10,250,30,250,-10,250,-10" hai1="10,12,18,47,52,64,67" /><INIT seed="1,1,0,0,3,3" ten="240,280,240,240" oya="1" hai0="21,71,18,39,63,47,24,94,33,104,135,93,35" hai1="50,25,125,57,120,111,54,55,17,32,109,6,56" hai2="134,52,26,106,1,89,130,40,113,64,70,7,127" hai3="116,67,28,100,74,80,23,5,88,117,84,82,68"/><U103/><E120/><V87/><F106/><W126/><G126/><T78/><D104/><U62/><E103/><V27/><F127/><W129/><G129/><T58/><D135/><U107/><E107/><V51/><F130/><W79/><G100/><T75/><D71/><U10/><E125/><V2/><F134/><W15/><G28/><T122/><D122/><U98/><E98/><V53/><F40/><W86/><G74/><T72/><D47/><U49/><E62/><V81/><F113/><W83/><G83/><T59/><D39/><U66/><E66/><V46/><F53/><W108/><G108/><T20/><D63/><U77/><E77/><V42/><F2/><W60/><REACH who="3" step="1"/><G23/><REACH who="3" ten="240,280,240,230" step="2"/><T123/><D21/><U85/><E111/><V48/><F70/><W36/><G36/><T9/><D75/><U4/><E109/><V19/><F64/><W8/><AGARI ba="1,1" hai="5,8,15,60,67,68,79,80,82,84,86,88,116,117" machi="8" ten="30,7900,0" yaku="1,1,0,1,52,1,54,1,53,0" doraHai="3" doraHaiUra="34" who="3" fromWho="3" sc="240,-21,280,-40,240,-21,230,92" /><INIT seed="2,0,0,1,5,38" ten="219,240,219,322" oya="2" hai0="50,1,87,68,31,104,66,70,35,111,80,106,76" hai1="129,69,121,115,134,86,74,120,132,97,78,41,52" hai2="72,8,25,133,92,10,30,105,45,12,13,16,6" hai3="96,18,37,19,4,108,29,17,82,64,21,81,103"/><V84/><F72/><W34/><G108/><T94/><D1/><U27/><E69/><V124/><F105/><W3/><G34/><T39/><D39/><U109/><E115/><V58/><F133/><W71/><G37/><T126/><D111/><U77/><E109/><V20/><F124/><W83/><G29/><T112/><D112/><U63/><E27/><V53/><F45/><W75/><G21/><T5/><D5/><U110/><E110/><V127/><F127/><W54/><G54/><T22/><D22/><U135/><E129/><V65/><F65/><W116/><G116/><T131/><D94/><U0/><E0/><V59/><REACH who="2" step="1"/><F53/><REACH who="2" ten="219,240,209,322" step="2"/><W130/><G130/><T49/><D104/><U56/><E74/><V100/><F100/><W95/><G75/><T7/><D106/><U32/><E121/><V61/><F61/><W79/><G64/><T89/><D66/><U125/><E120/><V101/><F101/><W14/><G71/><T113/><D68/><U57/><E125/><V44/><F44/><W28/><G103/><T102/><D102/><U122/><E122/><V117/><F117/><W46/><G46/><T114/><D70/><U73/><E73/><V118/><F118/><W26/><G79/><T43/><D76/><U62/><E77/><V55/><F55/><W128/><G128/><T119/><D119/><U42/><E78/><V93/><F93/><W51/><G95/><T107/><D126/><U85/><E132/><V60/><F60/><W47/><G83/><T99/><D131/><U15/><E134/><V11/><F11/><N who="3" m="4455" /><G82/><T2/><D80/><RYUUKYOKU ba="0,1" sc="219,-10,240,-10,209,30,322,-10" hai2="6,8,10,12,13,16,20,25,30,58,59,84,92" /><INIT seed="2,1,1,3,2,63" ten="209,230,239,312" oya="2" hai0="93,0,69,112,96,17,103,114,117,23,134,67,43" hai1="70,91,106,90,101,12,31,87,89,20,21,11,116" hai2="51,83,76,113,60,7,109,2,72,30,133,119,74" hai3="42,1,39,32,4,97,10,14,8,118,122,53,126"/><V77/><F119/><W55/><G118/><T24/><D117/><U123/><E70/><V56/><F113/><W71/><G122/><T98/><D0/><U34/><E123/><V5/><F133/><W92/><G126/><T64/><D69/><U85/><E116/><V47/><F30/><W124/><G124/><T22/><D134/><U35/><E106/><V40/><F2/><W36/><G32/><T129/><D129/><U57/><E101/><V127/><F109/><W110/><G71/><T3/><D3/><U6/><E57/><V79/><F127/><W19/><G110/><T100/><D43/><U54/><E54/><V75/><REACH who="2" step="1"/><F83/><REACH who="2" ten="209,230,229,312" step="2"/><W50/><G42/><T59/><D114/><U33/><REACH who="1" step="1"/><E31/><REACH who="1" ten="209,220,229,312" step="2"/><V44/><F44/><W66/><G55/><AGARI ba="1,3" hai="5,7,40,47,51,55,56,60,72,74,75,76,77,79" machi="55" ten="50,2400,0" yaku="1,1,53,0" doraHai="63" doraHaiUra="86" who="2" fromWho="3" sc="209,0,220,0,229,57,312,-27" /><INIT seed="2,2,0,1,1,34" ten="209,220,286,285" oya="2" hai0="22,113,106,97,18,120,13,67,59,134,101,6,107" hai1="73,47,15,65,104,85,61,69,55,112,100,41,127" hai2="74,94,46,83,60,40,95,92,103,23,77,17,111" hai3="7,79,98,86,31,90,33,56,37,130,63,110,122"/><V129/><F129/><W84/><G122/><T121/><D113/><U24/><E112/><V89/><F111/><W109/><G37/><T14/><D107/><U135/><E73/><V68/><F103/><W10/><G130/><T30/><D134/><U27/><E127/><V82/><F68/><W93/><G31/><T20/><D30/><U81/><E55/><V115/><F60/><W57/><G33/><T5/><D67/><U117/><E117/><V80/><F89/><W62/><G62/><T42/><D42/><U54/><E54/><V28/><F28/><W70/><G70/><T119/><D59/><U99/><E15/><V16/><F17/><W91/><G79/><T21/><D119/><U58/><E69/><V108/><F108/><N who="3" m="41579" /><G90/><T49/><D49/><U71/><E71/><V123/><F123/><W36/><G36/><T29/><D29/><U45/><E135/><V114/><F114/><W43/><G43/><T72/><D121/><U102/><E102/><V32/><F32/><W64/><G57/><T87/><D120/><U35/><E35/><V128/><F128/><W3/><AGARI ba="2,0" hai="3,7,10,56,63,64,84,86,91,93,98" m="41579" machi="3" ten="30,2000,0" yaku="14,1,52,1" doraHai="34" who="3" fromWho="3" sc="209,-7,220,-7,286,-12,285,26" /><INIT seed="3,0,0,3,0,87" ten="202,213,274,311" oya="3" hai0="1,48,10,70,27,50,37,122,84,4,64,54,73" hai1="3,101,33,15,131,86,25,93,99,14,72,96,0" hai2="102,60,80,108,132,49,43,45,92,68,24,5,20" hai3="125,62,118,40,79,119,46,26,76,65,123,117,91"/><W120/><G26/><T112/><D122/><U6/><E72/><V100/><F108/><W88/><G125/><T34/><D73/><U103/><E131/><V105/><F105/><W78/><G123/><T71/><D37/><U110/><E110/><V95/><F132/><W115/><G115/><T129/><D129/><U107/><E14/><V12/><F68/><W106/><G106/><T114/><D64/><U57/><E15/><V29/><F60/><W104/><G104/><T81/><D48/><U52/><E6/><V130/><F80/><W11/><G11/><T89/><D27/><U21/><E86/><V7/><F130/><W38/><REACH who="3" step="1"/><G120/><REACH who="3" ten="202,213,274,301" step="2"/><T39/><D34/><U41/><E33/><V66/><F24/><W42/><G42/><T22/><D22/><U58/><E41/><V23/><F23/><W128/><G128/><T133/><D133/><U18/><REACH who="1" step="1"/><E58/><AGARI ba="0,1" hai="38,40,46,58,62,65,76,78,79,88,91,117,118,119" machi="58" ten="50,12000,1" yaku="1,1,52,2,54,1,53,0" doraHai="87" doraHaiUra="67" who="3" fromWho="1" sc="202,0,213,-120,274,0,301,130" /><INIT seed="3,1,0,2,4,11" ten="202,93,274,431" oya="3" hai0="5,70,73,121,44,19,55,101,79,66,120,7,1" hai1="18,58,9,135,60,103,123,126,106,16,83,100,125" hai2="122,107,94,59,43,82,34,61,49,54,89,134,14" hai3="108,32,71,48,109,35,80,41,57,21,25,0,117"/><W4/><G71/><T129/><D101/><U10/><E123/><V12/><F107/><W8/><G80/><T22/><D55/><U31/><E31/><V97/><F34/><W116/><G41/><T102/><D102/><N who="1" m="38955" /><E106/><V36/><F36/><W51/><G51/><T29/><D44/><U27/><E83/><V64/><F43/><W37/><G37/><T20/><D73/><U85/><E85/><V87/><F134/><W84/><G84/><T62/><D79/><U111/><E27/><V76/><REACH who="2" step="1"/><F122/><REACH who="2" ten="202,93,264,431" step="2"/><W119/><G32/><T118/><D121/><U133/><E133/><V113/><F113/><W124/><G35/><T53/><D120/><U17/><E135/><V131/><F131/><W24/><G124/><N who="1" m="47722" /><E111/><N who="3" m="42570" /><G117/><T40/><D118/><U77/><E77/><V39/><F39/><W30/><G25/><T115/><D115/><U65/><AGARI ba="1,1" hai="9,10,16,17,18,58,60,65" m="47722,38955" machi="65" ten="40,2700,0" yaku="18,1,54,1" doraHai="11" who="1" fromWho="1" sc="202,-8,93,40,264,-8,431,-14" /><INIT seed="4,0,0,1,5,77" ten="194,133,256,417" oya="0" hai0="82,72,10,41,66,26,120,98,5,104,43,100,101" hai1="71,56,22,49,128,3,90,42,97,81,106,2,18" hai2="40,15,134,109,113,95,93,65,108,87,124,105,76" hai3="23,1,11,51,13,115,92,55,79,9,133,85,83"/><T12/><D120/><U67/><E128/><V46/><F105/><W17/><G115/><T48/><D101/><U58/><E71/><V129/><F113/><W73/><G133/><T69/><D48/><U33/><E33/><V123/><F123/><W52/><G1/><T35/><D72/><U61/><E106/><V86/><F129/><W57/><G55/><T63/><REACH who="0" step="1"/><D82/><REACH who="0" ten="184,133,256,417" step="2"/><U45/><E81/><N who="2" m="47399" /><F134/><W54/><G54/><T126/><D126/><U29/><E42/><V64/><F124/><W59/><G57/><T7/><D7/><U38/><E58/><V89/><F109/><W39/><G39/><T16/><D16/><U30/><E38/><V110/><F108/><W60/><G60/><T27/><D27/><U99/><E56/><V47/><F110/><W130/><G130/><T25/><D25/><U32/><E61/><V20/><F95/><W28/><G28/><AGARI ba="0,1" hai="5,10,12,26,28,35,41,43,63,66,69,98,100,104" machi="28" ten="40,7700,0" yaku="1,1,25,2,53,0" doraHai="77" doraHaiUra="75" who="0" fromWho="3" sc="184,87,133,0,256,0,417,-77" /><INIT seed="4,1,0,1,0,92" ten="271,133,256,340" oya="0" hai0="35,122,29,55,2,42,112,111,11,84,69,46,90" hai1="128,83,80,19,86,52,21,16,93,76,39,126,119" hai2="107,14,73,54,44,102,105,96,78,17,34,6,77" hai3="106,70,51,4,129,41,89,65,47,32,125,123,26"/><T10/><D122/><U68/><E119/><V124/><F34/><W61/><G129/><T82/><D69/><U121/><E128/><V98/><F6/><W24/><G125/><T15/><D112/><U72/><E121/><V62/><F124/><W127/><G127/><T94/><D111/><U100/><E68/><V74/><F74/><W133/><G123/><T114/><D114/><U108/><E39/><V64/><F73/><W63/><G133/><T7/><D55/><U58/><E126/><V3/><F3/><W25/><G4/><T87/><D29/><U135/><E135/><V117/><F117/><W37/><G61/><T48/><D35/><U75/><E108/><V0/><F0/><W101/><G89/><T130/><D130/><U131/><E131/><V97/><F102/><W99/><REACH who="3" step="1"/><G37/><REACH who="3" ten="271,133,256,330" step="2"/><T134/><D134/><U85/><E100/><V20/><F107/><W118/><G118/><T1/><REACH who="0" step="1"/><D11/><REACH who="0" ten="261,133,256,330" step="2"/><U67/><E67/><V50/><REACH who="2" step="1"/><F105/><REACH who="2" ten="261,133,246,330" step="2"/><W8/><G8/><T12/><D12/><U38/><E21/><V59/><AGARI ba="1,3" hai="14,17,20,44,50,54,59,62,64,77,78,96,97,98" machi="59" ten="30,12000,2" yaku="1,1,2,1,0,1,8,1,52,3,53,0" doraHai="92" doraHaiUra="31" who="2" fromWho="2" sc="261,-61,133,-31,246,153,330,-31" /><INIT seed="5,0,0,1,4,7" ten="200,102,399,299" oya="1" hai0="118,69,107,130,77,61,75,11,45,37,1,40,91" hai1="12,84,31,58,113,33,100,96,83,63,10,120,43" hai2="55,78,79,16,32,115,53,103,121,9,114,23,122" hai3="108,128,66,93,67,19,60,24,125,51,135,2,72"/><U25/><E120/><V116/><F32/><W6/><G108/><T27/><D118/><U86/><E113/><N who="2" m="43019" /><F9/><W4/><G72/><T21/><D130/><U133/><E43/><V101/><F116/><W102/><G128/><T14/><D107/><U13/><E13/><N who="2" m="9615" /><F55/><W52/><G135/><T54/><D91/><U49/><E49/><V38/><F53/><W22/><G125/><T104/><D104/><U99/><E133/><V18/><F18/><W119/><G119/><T80/><D54/><U39/><E39/><V42/><F79/><W8/><G6/><N who="0" m="1487" /><D14/><U97/><E100/><N who="2" m="38475" /><F78/><W71/><G60/><T50/><D61/><U117/><E117/><V15/><F15/><N who="3" m="5511" /><G71/><T56/><D69/><U110/><E110/><V74/><F74/><W28/><G19/><N who="0" m="12735" /><D56/><U81/><E83/><V88/><F88/><W95/><G2/><T76/><D77/><U57/><E81/><V30/><F30/><W62/><G62/><T109/><D109/><U106/><E106/><V47/><AGARI ba="0,0" hai="38,42,47,121,122" m="38475,9615,43019" machi="47" ten="30,4000,0" yaku="15,1,11,1,54,1" doraHai="7" who="2" fromWho="2" sc="200,-10,102,-20,399,40,299,-10" /><INIT seed="6,0,0,2,5,72" ten="190,82,439,289" oya="2" hai0="66,49,41,31,61,94,93,15,110,32,101,34,100" hai1="54,52,26,57,1,23,51,45,107,122,95,2,117" hai2="109,115,106,12,43,42,92,79,73,8,112,116,91" hai3="108,114,10,77,119,39,0,56,102,3,38,50,123"/><V70/><F116/><W133/><G119/><T67/><D110/><U84/><E117/><V88/><F106/><W87/><G108/><T111/><D15/><U47/><E122/><V48/><F70/><W5/><G123/><T69/><D67/><U7/><E107/><V127/><F109/><W126/><G126/><T76/><D34/><U81/><E7/><V130/><F127/><W22/><G133/><T11/><D11/><U128/><E128/><V85/><F130/><W40/><G114/><N who="2" m="43561" /><F48/><W55/><G102/><T64/><D64/><U44/><E95/><N who="2" m="54671" /><F79/><W98/><G98/><T33/><D76/><U103/><E103/><V4/><F73/><W28/><G3/><T59/><D49/><U27/><E27/><V68/><F68/><W17/><G40/><T86/><D41/><U16/><REACH who="1" step="1"/><E54/><REACH who="1" ten="190,72,439,289" step="2"/><V80/><F80/><W62/><G5/><T96/><D101/><U99/><E99/><AGARI ba="0,1" hai="4,8,12,42,43,91,92,99" m="54671,43561" machi="99" ten="30,2900,0" yaku="15,1,54,1" doraHai="72" who="2" fromWho="1" sc="190,0,72,-29,439,39,289,0" /><INIT seed="6,1,0,2,2,80" ten="190,43,478,289" oya="2" hai0="35,37,62,101,1,38,135,56,134,33,30,20,19" hai1="27,54,103,130,66,21,90,88,36,70,106,110,79" hai2="96,81,82,85,119,123,75,2,60,117,22,28,113" hai3="83,118,105,31,46,68,115,126,124,114,7,131,49"/><V47/><F123/><W133/><G105/><T95/><D1/><U29/><E110/><V69/><F2/><W39/><G118/><T93/><D38/><U92/><E36/><V129/><F113/><N who="3" m="43019" /><G7/><T17/><D37/><U11/><E130/><V53/><F129/><W87/><G131/><T108/><D19/><U44/><E79/><V121/><F121/><W55/><G133/><N who="0" m="50699" /><D30/><U76/><E76/><V94/><F28/><W74/><G39/><T3/><D3/><U107/><E103/><V91/><F75/><W63/><G74/><T34/><D101/><U14/><E70/><V4/><F4/><W8/><G8/><T12/><D108/><U71/><E66/><AGARI ba="1,0" hai="12,17,20,33,34,35,56,62,66,93,95" m="50699" machi="66" ten="40,1300,0" yaku="20,1" doraHai="80" who="0" fromWho="1" sc="190,16,43,-16,478,0,289,0" /><INIT seed="7,0,0,2,1,111" ten="206,27,478,289" oya="3" hai0="15,14,54,32,127,13,4,66,39,109,40,64,58" hai1="87,53,67,68,130,124,115,36,42,5,119,94,81" hai2="103,96,51,2,24,134,46,59,10,48,52,72,105" hai3="132,35,91,22,63,26,117,101,60,33,55,120,118"/><W43/><G120/><T50/><D109/><U99/><E5/><V122/><F72/><W108/><G108/><T78/><D127/><U82/><E94/><V29/><F134/><W84/><G43/><T45/><D32/><U23/><E99/><V113/><F113/><W86/><G132/><T125/><D125/><U21/><E87/><V18/><F122/><W34/><G101/><T106/><D106/><U76/><E82/><V129/><F129/><W12/><G12/><T57/><D78/><U65/><E81/><V128/><F128/><W85/><G91/><T126/><D126/><U110/><E76/><V44/><F51/><W9/><G9/><T20/><D20/><U8/><E8/><V114/><F114/><W70/><G55/><T11/><D58/><U49/><E21/><V41/><F41/><W38/><G38/><T47/><D47/><U98/><E23/><V30/><F30/><W3/><G3/><T74/><D74/><U123/><E98/><V116/><F116/><W133/><G133/><T1/><AGARI ba="0,0" hai="1,4,11,13,14,15,39,40,45,50,54,57,64,66" machi="1" ten="30,1100,0" yaku="0,1" doraHai="111" who="0" fromWho="0" sc="206,11,27,-3,478,-3,289,-5" owari="217,-18.3,24,-47.6,475,57.5,284,8.4" /></mjloggm>