<mjloggm ver="2.3"><GO type="169" lobby="0"/><UN n0="%E6%99%AE%E9%9C%B2%E9%9C%B2" n1="%E7%89%8C%E6%B5%81%E7%8A%B6%E6%85%8B%E9%BA%BB%E9%9B%80" n2="%31%38%63%6D%E7%AB%8B%E7%9B%B4%E6%A3%92" n3="%65%76%31%36%33%38%34" dan="16,16,16,17" rate="2133.35,2148.56,2147.78,2152.47" sx="M,M,M,M"/><TAIKYOKU oya="0"/><INIT seed="0,0,0,0,5,102" ten="250,250,250,250" oya="0" hai0="122,99,17,72,74,57,4,19,3,111,70,100,0" hai1="54,133,49,10,128,125,2,48,98,110,12,33,51" hai2="127,14,5,41,64,59,9,117,108,104,123,47,88" hai3="62,42,78,50,85,20,43,63,94,76,55,71,134"/><T65/><D122/><U68/><E110/><V16/><F123/><W109/><G109/><T37/><D37/><U90/><E2/><V115/><F115/><W121/><G134/><T58/><D111/><U101/><E33/><V69/><F69/><W124/><G124/><T130/><D70/><U79/><E125/><V21/><F108/><W32/><G32/><T40/><D40/><U45/><E133/><V129/><F127/><W60/><G71/><T66/><D99/><U135/><E135/><V119/><F129/><W67/><G67/><T44/><D100/><U73/><E68/><V6/><F6/><W120/><G120/><T95/><D95/><U89/><E128/><V113/><F113/><W131/><G131/><T25/><D4/><U18/><E79/><N who="3" m="30250" /><G20/><T52/><D130/><U112/><E73/><V105/><F88/><N who="3" m="53519" /><G121/><T31/><D31/><U61/><E112/><V84/><F84/><W46/><AGARI ba="0,0" hai="42,43,46,50,55,60,62,63" m="53519,30250" machi="46" ten="30,2000,0" yaku="8,1,54,1" doraHai="102" who="3" fromWho="3" sc="250,-10,250,-5,250,-5,250,20" /><INIT seed="1,0,0,3,0,21" ten="240,245,245,270" oya="1" hai0="9,76,1,15,44,95,38,48,135,109,70,133,12" hai1="98,77,67,52,116,80,51,65,74,5,13,7,123" hai2="50,26,87,63,110,6,56,128,111,115,78,17,99" hai3="53,71,30,79,112,37,29,89,33,8,3,35,114"/><U43/><E116/><V125/><F125/><W25/><G71/><T4/><D70/><U88/><E123/><V94/><F128/><W91/><G37/><T92/><D38/><U101/><E43/><V83/><F6/><W86/><G79/><T103/><D109/><N who="2" m="41482" /><F50/><W64/><G64/><T127/><D127/><U117/><E117/><V55/><F115/><W130/><G130/><T73/><D73/><U40/><E40/><V120/><F120/><W24/><G53/><T61/><D76/><U54/><E54/><V10/><F10/><W39/><G39/><T129/><D61/><U0/><E0/><V20/><F94/><W22/><G22/><T19/><D1/><U32/><E32/><V84/><F99/><W100/><G100/><T107/><D107/><U58/><E88/><V104/><F104/><W18/><G91/><T93/><D103/><U34/><E34/><V27/><F87/><W105/><G105/><T90/><D90/><U47/><E47/><V121/><F121/><W45/><G45/><T102/><D102/><U31/><E5/><V106/><F106/><W118/><G118/><T62/><D129/><U124/><E124/><V42/><F42/><W23/><G8/><T108/><D108/><U131/><E131/><V68/><F68/><W16/><G3/><T49/><D44/><U59/><E59/><V81/><F81/><W36/><G36/><T11/><D62/><U82/><E82/><V126/><F126/><W41/><G41/><T72/><D72/><U69/><E74/><V66/><F66/><W97/><G114/><T113/><D113/><RYUUKYOKU ba="0,0" sc="240,15,245,-15,245,15,270,-15" hai0="4,9,11,12,15,19,48,49,92,93,95,133,135" hai2="17,20,26,27,55,56,63,78,83,84" /><INIT seed="2,1,0,0,0,120" ten="255,230,260,255" oya="2" hai0="1,79,43,2,10,85,100,129,106,105,18,135,30" hai1="112,22,127,115,94,75,3,31,92,6,116,42,4" hai2="86,20,126,132,47,40,78,54,122,91,21,128,83" hai3="121,95,23,102,24,123,80,12,64,19,130,76,107"/><V101/><F122/><W133/><G107/><T0/><D129/><U113/><E116/><V110/><F128/><W36/><G130/><T29/><D135/><U124/><E75/><V90/><F132/><W37/><G133/><T39/><D39/><U41/><E22/><N who="2" m="8811" /><F126/><N who="1" m="48169" /><E31/><V131/><F131/><W119/><G119/><T59/><D43/><N who="1" m="16395" /><E3/><V16/><F101/><W35/><G64/><T44/><D44/><U109/><E109/><V97/><F54/><W7/><G37/><T81/><D59/><U68/><E68/><V52/><F40/><W15/><G36/><T57/><D57/><U45/><E45/><V14/><F97/><W114/><G35/><T8/><D18/><U50/><E50/><N who="2" m="28767" /><F110/><W98/><G121/><T84/><D100/><U17/><E17/><V58/><F58/><W103/><G102/><T69/><D69/><U5/><AGARI ba="1,0" hai="4,5,6,92,94,112,113,115" m="16395,48169" machi="5" ten="40,5200,0" yaku="28,2,18,1" doraHai="120" who="1" fromWho="1" sc="255,-14,230,55,260,-27,255,-14" /><INIT seed="3,0,0,3,0,99" ten="241,285,233,241" oya="3" hai0="28,120,84,30,101,45,4,90,132,44,131,73,20" hai1="94,91,119,121,52,104,106,16,42,8,63,46,3" hai2="57,6,0,19,26,53,51,68,100,15,9,74,60" hai3="128,41,129,67,49,116,5,126,47,127,1,37,58"/><W12/><G1/><T77/><D120/><U2/><E121/><V50/><F74/><W35/><G35/><T107/><D131/><N who="3" m="50249" /><G5/><T11/><D132/><U71/><E119/><V133/><F133/><W110/><G12/><T134/><D77/><U43/><E43/><V66/><F26/><W54/><G116/><T98/><D73/><U17/><E106/><V48/><REACH who="2" step="1"/><F100/><REACH who="2" ten="241,285,223,241" step="2"/><W22/><G110/><T96/><D134/><U117/><E117/><V62/><F62/><N who="3" m="38359" /><G22/><AGARI ba="0,1" hai="0,6,9,15,19,22,48,50,51,53,57,60,66,68" machi="22" ten="30,2000,0" yaku="1,1,7,1,53,0" doraHai="99" doraHaiUra="29" who="2" fromWho="3" sc="241,0,285,0,223,30,241,-20" /><INIT seed="4,0,0,1,4,22" ten="241,285,253,221" oya="0" hai0="72,66,27,133,47,63,38,37,111,121,45,90,117" hai1="5,67,77,49,113,25,98,112,120,57,35,54,0" hai2="52,7,29,15,104,2,43,60,80,23,31,68,58" hai3="105,124,21,3,91,94,20,131,103,78,33,79,86"/><T56/><D117/><U24/><E120/><V48/><F104/><W18/><G33/><T99/><D72/><U53/><E77/><V110/><F110/><W11/><G124/><T122/><D99/><U127/><E127/><V10/><F68/><W51/><G131/><T115/><D90/><U14/><E0/><V4/><F80/><W6/><G21/><T39/><D27/><N who="1" m="10315" /><E35/><V69/><F69/><W101/><G51/><T97/><D97/><U125/><E125/><V82/><F82/><W61/><G61/><T55/><D111/><U130/><E130/><V83/><F83/><W114/><G114/><N who="1" m="44138" /><E98/><V85/><F85/><W95/><G79/><T96/><D96/><U9/><E54/><V93/><F2/><W134/><G78/><T70/><D133/><U44/><E67/><V73/><F52/><W8/><G3/><T1/><D1/><U132/><E132/><V135/><F135/><W30/><G134/><T89/><D115/><U59/><AGARI ba="0,0" hai="5,9,14,44,49,53,57,59" m="44138,10315" machi="59" ten="30,8000,1" yaku="15,1,11,1,52,3" doraHai="22" who="1" fromWho="1" sc="241,-40,285,80,253,-20,221,-20" /><INIT seed="5,0,0,2,1,91" ten="201,365,233,201" oya="1" hai0="38,17,110,79,95,107,60,109,23,64,92,122,106" hai1="46,6,12,71,69,130,15,94,129,124,114,7,24" hai2="84,90,48,59,82,41,113,118,73,120,56,27,119" hai3="49,76,62,28,11,96,61,2,20,67,108,52,131"/><U116/><E116/><V104/><F104/><W88/><G108/><T9/><D38/><U97/><E114/><V26/><F73/><W115/><G115/><T42/><D42/><U123/><E123/><V32/><F120/><W132/><G131/><N who="1" m="50186" /><E46/><V103/><F113/><W19/><G132/><T125/><D122/><U86/><E86/><V22/><F32/><W134/><G76/><T50/><D106/><U18/><E24/><V43/><F103/><W74/><G74/><T1/><D107/><U47/><E47/><V35/><F35/><W55/><G55/><T16/><D79/><U68/><E124/><V40/><F48/><W117/><G134/><T21/><D125/><U10/><E15/><V121/><F121/><W3/><G3/><T93/><D50/><U0/><E0/><V102/><F102/><AGARI ba="0,0" hai="6,7,10,12,18,68,69,71,94,97,102" m="50186" machi="102" ten="40,3900,0" yaku="19,1,52,1" doraHai="91" who="1" fromWho="2" sc="201,0,365,39,233,-39,201,0" /><INIT seed="5,1,0,0,2,78" ten="201,404,194,201" oya="1" hai0="40,9,48,81,30,2,122,128,113,102,74,15,19" hai1="112,115,44,108,82,3,13,70,56,132,84,35,134" hai2="94,61,109,32,98,77,116,12,104,83,105,62,123" hai3="110,118,131,7,129,75,16,95,0,24,37,76,14"/><U10/><E70/><V88/><F116/><W23/><G37/><T41/><D113/><N who="1" m="43595" /><E35/><V93/><F123/><W106/><G106/><T39/><D39/><U130/><E3/><V64/><F109/><W11/><G110/><T42/><D128/><N who="3" m="49225" /><G95/><T79/><D122/><U60/><E44/><V125/><F125/><W85/><G85/><T6/><D102/><U27/><E27/><V97/><F32/><W135/><G118/><T1/><D30/><U117/><E117/><V55/><F12/><W103/><G103/><T4/><D4/><N who="1" m="3271" /><E108/><V28/><F28/><W89/><G89/><T54/><REACH who="0" step="1"/><D6/><REACH who="0" ten="191,404,194,201" step="2"/><U26/><E130/><V80/><F104/><W52/><G7/><T120/><D120/><U18/><E18/><V21/><F105/><W124/><G16/><T92/><D92/><U90/><E26/><V17/><F94/><W49/><G24/><T96/><D96/><U43/><E43/><V133/><F98/><W107/><G107/><T50/><D50/><U33/><E33/><V126/><F126/><W73/><G49/><T36/><D36/><U29/><E29/><V99/><F99/><W25/><G124/><T58/><AGARI ba="1,1" hai="1,2,9,15,19,40,41,42,48,54,58,74,79,81" machi="58" ten="30,8000,1" yaku="1,1,0,1,52,1,53,2" doraHai="78" doraHaiUra="34" who="0" fromWho="0" sc="191,93,404,-41,194,-21,201,-21" /><INIT seed="6,0,0,5,3,87" ten="284,363,173,180" oya="2" hai0="114,113,119,116,65,70,1,40,9,131,13,56,30" hai1="11,31,12,64,98,84,10,101,134,109,96,43,22" hai2="41,121,16,128,61,63,97,25,92,46,33,132,55" hai3="71,73,124,83,118,15,81,42,53,133,32,18,34"/><V8/><F121/><W129/><G118/><N who="0" m="45099" /><D70/><U57/><E109/><V49/><F128/><W86/><G71/><T104/><D104/><U94/><E134/><V90/><F132/><W4/><G133/><T126/><D40/><U77/><E43/><V111/><F111/><W27/><G4/><T3/><D65/><U120/><E96/><V28/><REACH who="2" step="1"/><F41/><REACH who="2" ten="284,363,163,180" step="2"/><W108/><G129/><T14/><D131/><U110/><E120/><V74/><F74/><W35/><G108/><T99/><D114/><U2/><E110/><V95/><F95/><W80/><G42/><T125/><D113/><U21/><E94/><V122/><F122/><W91/><G73/><T6/><D126/><U54/><E2/><V0/><F0/><W106/><G124/><T52/><D125/><U51/><E54/><V68/><F68/><W45/><G106/><T127/><D127/><U72/><E72/><V7/><F7/><W23/><G53/><T82/><D3/><U76/><E64/><V26/><F26/><W85/><G27/><T50/><D1/><U59/><E12/><AGARI ba="0,1" hai="8,12,16,25,28,33,46,49,55,61,63,90,92,97" machi="12" ten="40,7700,0" yaku="1,1,52,1,54,1,53,0" doraHai="87" doraHaiUra="117" who="2" fromWho="1" sc="284,0,363,-77,163,87,180,0" /><INIT seed="6,1,0,4,3,77" ten="284,286,250,180" oya="2" hai0="113,86,114,30,84,60,5,80,0,71,35,134,92" hai1="121,8,112,47,70,96,120,106,22,51,75,16,132" hai2="43,50,13,123,127,79,111,33,10,27,67,124,38" hai3="83,72,73,42,99,125,40,88,117,119,56,4,130"/><V59/><F123/><W58/><G4/><T3/><D134/><U34/><E34/><V103/><F38/><W37/><G37/><T46/><D5/><U105/><E70/><V36/><F36/><W61/><G99/><T85/><D46/><U64/><E64/><V32/><F103/><W74/><G130/><T104/><D104/><U94/><E8/><V68/><F68/><W66/><G125/><T122/><D122/><N who="1" m="47211" /><E75/><V48/><F111/><W126/><G126/><N who="2" m="48169" /><F79/><W9/><G9/><T62/><D92/><U41/><E112/><N who="0" m="43113" /><D30/><U25/><E132/><V102/><F102/><AGARI ba="1,0" hai="16,22,25,41,47,51,94,96,102,105,106" m="47211" machi="102" ten="30,2000,0" yaku="13,1,54,1" doraHai="77" who="1" fromWho="2" sc="284,0,286,23,250,-23,180,0" /><INIT seed="7,0,0,3,1,0" ten="284,309,227,180" oya="3" hai0="35,98,135,65,59,77,68,44,9,123,20,84,108" hai1="37,109,94,22,60,5,11,39,49,119,14,48,90" hai2="56,131,76,36,129,38,97,78,27,83,17,4,1" hai3="52,127,55,61,64,128,74,89,81,113,70,26,15"/><W30/><G113/><T31/><D35/><U32/><E109/><V101/><F76/><W45/><G128/><N who="2" m="49225" /><F56/><W122/><G122/><T57/><D68/><U95/><E32/><V72/><F17/><W7/><G127/><T85/><D44/><U46/><E119/><V41/><F27/><W24/><G24/><T88/><D108/><U2/><E60/><V125/><F125/><W12/><G12/><T92/><D135/><U126/><E95/><N who="2" m="58559" /><F41/><W105/><G105/><T93/><D65/><U114/><E114/><V112/><F112/><W73/><G89/><T106/><D106/><U86/><E126/><V19/><F19/><W116/><G116/><T3/><D31/><U33/><E90/><V34/><F34/><W8/><G81/><T103/><D20/><U10/><E22/><V91/><F91/><W25/><G25/><T102/><D123/><U58/><E58/><V50/><F50/><W130/><G130/><T118/><D118/><U40/><E49/><V6/><F1/><W107/><G107/><T51/><D51/><U96/><E33/><V117/><F117/><W115/><G115/><T54/><D3/><U71/><E71/><V111/><F111/><W53/><REACH who="3" step="1"/><G45/><REACH who="3" ten="284,309,227,170" step="2"/><T28/><D88/><U66/><E46/><V134/><F134/><W29/><G29/><T110/><D28/><U63/><E14/><V104/><F104/><W79/><G79/><T121/><D77/><U75/><E2/><V69/><F69/><W21/><AGARI ba="0,1" hai="7,8,15,21,26,30,52,53,55,61,64,70,73,74" machi="21" ten="30,11700,0" yaku="1,1,0,1,52,1,54,1,53,0" doraHai="0" doraHaiUra="132" who="3" fromWho="3" sc="284,-39,309,-39,227,-39,170,127" /><INIT seed="7,1,0,0,0,125" ten="245,270,188,297" oya="3" hai0="76,103,119,122,54,12,69,105,14,127,61,13,107" hai1="109,10,36,25,42,52,59,84,41,21,94,38,102" hai2="63,116,96,73,130,49,68,120,27,85,89,32,113" hai3="19,82,79,16,118,108,74,98,100,104,51,29,6"/><W78/><G118/><T33/><D122/><U44/><E109/><V66/><F73/><W72/><G108/><T97/><D119/><U80/><E10/><V1/><F116/><W62/><G6/><T64/><D127/><U83/><E102/><V86/><F120/><W95/><G29/><T23/><D76/><U40/><E94/><V123/><F123/><W87/><G51/><T81/><D81/><U67/><E67/><V57/><F113/><W4/><G4/><T128/><D105/><U39/><E44/><V133/><F133/><W65/><G74/><T135/><D135/><U132/><E84/><V37/><F1/><W134/><G134/><T110/><D110/><U114/><E114/><V60/><F37/><W90/><G79/><T35/><D23/><U8/><E8/><V45/><F96/><W11/><G11/><T131/><D54/><U126/><E126/><V50/><F50/><W9/><G9/><T53/><D53/><U58/><E58/><AGARI ba="1,0" hai="16,19,58,62,65,72,78,82,87,90,95,98,100,104" machi="58" ten="30,11600,0" yaku="7,1,24,2,54,1" doraHai="125" who="3" fromWho="1" sc="245,0,270,-119,188,0,297,119" owari="245,4.5,151,-34.9,188,-21.2,416,51.6" /></mjloggm>