<mjloggm ver="2.3"><GO type="169" lobby="0"/><UN n0="%4D%4A%E6%9C%80%E5%BC%B7%E4%BD%8D" n1="%E6%B4%AA%E6%B0%B4%E6%A9%8B%41%33%34" n2="%E4%BA%BA%E7%8B%BC" n3="%E3%83%95%E3%82%AF%E3%83%80%E3%83%B3%E3%83%81%E3%83%A7" dan="17,16,16,16" rate="2227.58,2081.09,2050.61,2108.90" sx="M,M,M,M"/><TAIKYOKU oya="0"/><INIT seed="0,0,0,0,1,116" ten="250,250,250,250" oya="0" hai0="90,128,61,17,46,64,48,58,20,134,16,36,82" hai1="54,14,31,47,22,103,66,88,4,41,0,124,89" hai2="111,32,94,67,98,114,106,110,18,40,43,101,1" hai3="53,8,76,30,57,24,72,127,42,107,69,113,97"/><T92/><D36/><U120/><E66/><V132/><F114/><W71/><G127/><T28/><D128/><U50/><E0/><V19/><F132/><W102/><G42/><T126/><D134/><U123/><E103/><V133/><F133/><W11/><G113/><T78/><D126/><U27/><E124/><V130/><F32/><W96/><G96/><T56/><D56/><U34/><E41/><V112/><F1/><W15/><G72/><T121/><D121/><U75/><E75/><V100/><F67/><W93/><G76/><T10/><D10/><U65/><E65/><V87/><F112/><W39/><G39/><T129/><D28/><U79/><E79/><V26/><F130/><W59/><G59/><T117/><D117/><U80/><E80/><V85/><F94/><W12/><G12/><T9/><D9/><U119/><E119/><V109/><F26/><W35/><G8/><T73/><D20/><U7/><E7/><V135/><F135/><W105/><G71/><T118/><D129/><U83/><E4/><V104/><F109/><W68/><G68/><T45/><D118/><U21/><E34/><V91/><F91/><N who="1" m="34889" /><E83/><V29/><REACH who="2" step="1"/><F29/><REACH who="2" ten="250,250,240,250" step="2"/><W5/><REACH who="3" step="1"/><G69/><REACH who="3" ten="250,250,240,240" step="2"/><T33/><D90/><U74/><E74/><V51/><F51/><AGARI ba="0,2" hai="5,11,15,24,30,35,51,53,57,93,97,102,105,107" machi="51" ten="30,7700,0" yaku="1,1,2,1,7,1,53,1" doraHai="116" doraHaiUra="95" who="3" fromWho="2" sc="250,0,250,0,240,-77,240,97" /><INIT seed="1,0,0,1,1,118" ten="250,250,163,337" oya="1" hai0="130,93,105,38,102,16,132,116,70,126,52,133,129" hai1="95,63,8,56,134,68,43,65,1,108,87,112,33" hai2="50,84,31,15,61,94,26,72,98,97,34,78,57" hai3="37,73,19,122,59,92,2,24,21,113,32,124,131"/><U53/><E112/><V82/><F15/><W6/><G73/><T30/><D70/><U28/><E43/><V11/><F11/><W55/><G37/><T103/><D30/><U107/><E107/><V80/><F50/><W114/><G124/><T86/><D38/><U117/><E117/><V67/><REACH who="2" step="1"/><F94/><REACH who="2" ten="250,250,153,337" step="2"/><W5/><G92/><T110/><D116/><U0/><E8/><V115/><F115/><W62/><G113/><T91/><D105/><U58/><E0/><V125/><F125/><W120/><G2/><T46/><D126/><U90/><E1/><V14/><F14/><W44/><G114/><T101/><D110/><U36/><E36/><V69/><F69/><W12/><G12/><T119/><D119/><U35/><E108/><V121/><F121/><W27/><G120/><T17/><D46/><U48/><E134/><N who="0" m="51817" /><D52/><U74/><E68/><V135/><F135/><W88/><G55/><T123/><D123/><U7/><E7/><V40/><F40/><W85/><G44/><T76/><D76/><AGARI ba="0,1" hai="26,31,34,57,61,67,72,76,78,80,82,84,97,98" machi="76" ten="30,3900,0" yaku="1,1,7,1,53,1" doraHai="118" doraHaiUra="81" who="2" fromWho="0" sc="250,-39,250,0,153,49,337,0" /><INIT seed="2,0,0,4,5,96" ten="211,250,202,337" oya="2" hai0="107,60,93,112,100,6,132,81,40,24,120,59,61" hai1="28,18,30,133,104,83,70,50,131,97,129,17,123" hai2="76,66,42,38,56,25,55,106,113,75,27,8,121" hai3="48,117,34,21,134,95,80,88,9,71,114,1,47"/><V72/><F113/><W62/><G34/><T14/><D107/><U4/><E4/><V78/><F121/><W31/><G117/><T51/><D112/><U86/><E70/><V13/><F38/><W98/><G134/><T5/><D132/><U84/><E133/><V99/><F42/><W111/><G111/><T45/><D120/><U110/><E50/><V26/><F72/><W85/><G114/><T118/><D118/><U135/><E135/><V115/><F66/><W15/><G1/><T73/><D73/><U64/><E64/><V127/><F127/><W53/><G71/><T125/><D81/><U58/><E58/><V10/><F75/><W119/><G62/><T90/><D125/><U91/><E84/><V12/><F106/><W124/><G119/><T94/><D24/><U19/><E123/><V105/><F105/><W52/><G31/><T65/><D61/><U128/><E110/><V122/><F122/><W43/><G21/><T36/><D36/><U7/><E7/><N who="2" m="3103" /><F99/><W102/><G124/><T109/><D109/><U11/><E11/><V57/><F115/><W116/><G116/><T3/><D14/><U2/><E2/><V44/><F44/><W69/><G69/><T82/><D82/><U46/><E46/><V22/><F22/><W20/><G20/><T68/><D68/><U23/><E23/><V103/><F103/><AGARI ba="0,0" hai="17,18,19,28,30,83,86,91,97,103,104,128,129,131" machi="103" ten="50,3200,0" yaku="19,1,52,1" doraHai="96" who="1" fromWho="2" sc="211,0,250,32,202,-32,337,0" /><INIT seed="3,0,0,3,1,95" ten="211,282,170,337" oya="3" hai0="3,87,108,135,13,86,70,124,83,34,84,88,32" hai1="121,7,9,16,107,130,91,12,44,28,50,109,131" hai2="126,10,96,133,29,69,85,19,112,105,1,4,6" hai3="42,21,27,102,60,99,117,81,11,25,100,52,48"/><W30/><G117/><T8/><D3/><U56/><E121/><V53/><F112/><W129/><G129/><N who="1" m="49162" /><E109/><V5/><F126/><W15/><G42/><T89/><D70/><U61/><E28/><V22/><F133/><W64/><G81/><T26/><D124/><U103/><E91/><V113/><F113/><W54/><G27/><T66/><D66/><N who="1" m="39207" /><E107/><V123/><F123/><W90/><G90/><T45/><D135/><U101/><E7/><V128/><F69/><W82/><G102/><T73/><D108/><U74/><E74/><V76/><F29/><W62/><G82/><T31/><D32/><U75/><E75/><V51/><F128/><W23/><G23/><T98/><D45/><U106/><E106/><V97/><F105/><W111/><G111/><T35/><D34/><U65/><E65/><V41/><F41/><AGARI ba="0,0" hai="9,12,16,41,44,50,101,103" m="39207,49162" machi="41" ten="30,2000,0" yaku="19,1,54,1" doraHai="95" who="1" fromWho="2" sc="211,0,282,20,170,-20,337,0" /><INIT seed="4,0,0,0,2,76" ten="211,302,150,337" oya="0" hai0="107,110,134,73,14,1,84,86,101,71,7,22,89" hai1="56,131,21,114,12,133,129,39,62,54,45,93,8" hai2="116,87,27,42,52,102,61,63,108,3,99,119,94" hai3="69,4,68,109,31,28,91,125,36,55,121,60,53"/><T34/><D34/><U9/><E133/><V20/><F3/><W85/><G36/><T50/><D73/><U80/><E93/><V67/><F108/><W64/><G109/><T81/><D71/><U79/><E114/><V72/><F72/><W46/><G68/><T25/><D1/><U135/><E135/><V30/><F42/><W35/><G125/><T15/><D134/><U96/><E96/><V59/><REACH who="2" step="1"/><F87/><REACH who="2" ten="211,302,140,337" step="2"/><W58/><G85/><T77/><D110/><U104/><E131/><V47/><F47/><W44/><G46/><T78/><D78/><U26/><E129/><V57/><AGARI ba="0,1" hai="20,27,30,52,57,59,61,63,67,94,99,102,116,119" machi="57" ten="30,8000,1" yaku="1,1,0,1,25,2,54,1,53,0" doraHai="76" doraHaiUra="82" who="2" fromWho="2" sc="211,-40,302,-20,140,90,337,-20" /><INIT seed="5,0,0,5,5,91" ten="171,282,230,317" oya="1" hai0="69,41,7,114,102,93,14,131,73,123,105,87,108" hai1="122,20,15,46,26,23,35,96,28,124,119,128,59" hai2="97,43,115,19,45,132,53,21,18,4,110,117,65" hai3="85,133,130,48,84,109,29,101,92,33,118,72,94"/><U134/><E119/><V60/><F110/><W47/><G72/><T78/><D41/><U39/><E122/><V77/><F117/><W10/><G109/><T13/><D7/><U34/><E134/><V120/><F120/><W116/><G133/><T55/><D69/><U125/><E128/><V68/><F132/><W16/><G33/><T121/><D108/><U82/><E82/><V1/><F115/><W67/><G29/><T106/><D73/><U56/><E96/><V36/><F77/><W89/><G67/><T111/><D111/><U2/><E2/><V66/><F66/><W63/><G63/><T50/><D131/><U129/><E129/><V107/><F1/><W88/><G101/><T71/><D71/><U70/><E70/><V126/><F4/><W104/><G104/><T6/><D114/><U81/><E81/><V52/><F126/><N who="1" m="48745" /><E15/><V25/><REACH who="2" step="1"/><F18/><REACH who="2" ten="171,282,220,317" step="2"/><W11/><G130/><T38/><D6/><U62/><E34/><V57/><F57/><W0/><G0/><T12/><D121/><U22/><E62/><V113/><F113/><W9/><G16/><T99/><D123/><U64/><E64/><V127/><F127/><W75/><G75/><T54/><D78/><U17/><E17/><V58/><F58/><W86/><G86/><T49/><D87/><U32/><E32/><V79/><F79/><W83/><G83/><T31/><D31/><U37/><E46/><V42/><F42/><AGARI ba="0,1" hai="9,10,11,42,47,48,84,85,88,89,92,94,116,118" machi="42" ten="40,8000,1" yaku="9,1,52,2,54,1" doraHai="91" who="3" fromWho="2" sc="171,0,282,0,220,-80,317,90" /><INIT seed="6,0,0,1,0,3" ten="171,282,140,407" oya="2" hai0="57,15,100,119,29,124,13,130,43,26,1,76,115" hai1="65,70,92,12,88,69,68,49,10,73,108,37,36" hai2="99,44,82,63,83,127,28,87,104,121,102,93,120" hai3="0,32,86,107,113,78,96,14,9,103,132,123,58"/><V133/><F28/><W118/><G123/><T41/><D1/><U116/><E108/><V117/><F117/><W45/><G0/><T84/><D119/><U64/><E73/><V72/><F44/><W51/><G32/><T111/><D111/><U89/><E49/><V90/><F63/><W20/><G20/><T105/><D115/><U71/><E116/><V125/><F133/><W77/><G118/><T106/><D57/><U38/><N who="1" m="17408" /><DORA hai="79" /><U75/><E75/><V23/><F23/><W48/><G113/><T18/><D76/><U94/><E94/><V54/><F54/><W47/><G58/><T21/><D84/><U67/><REACH who="1" step="1"/><E92/><REACH who="1" ten="171,272,140,407" step="2"/><V81/><F72/><W110/><G48/><T61/><D105/><U74/><E74/><V112/><F112/><W5/><G51/><T95/><D106/><U19/><AGARI ba="0,1" hai="10,12,19,36,37,38,64,65,67,88,89" m="17408" machi="19" ten="70,8000,1" yaku="1,1,0,1,29,2,54,1,53,0" doraHai="3,79" doraHaiUra="126,122" who="1" fromWho="1" sc="171,-20,272,90,140,-40,407,-20" /><INIT seed="7,0,0,1,4,80" ten="151,362,100,387" oya="3" hai0="115,63,95,75,68,33,10,31,111,65,26,102,105" hai1="110,74,120,42,13,113,96,55,51,87,20,98,85" hai2="135,57,7,36,34,30,8,40,100,117,126,17,82" hai3="6,25,76,56,130,45,129,125,94,72,78,52,79"/><W61/><G72/><T69/><D111/><U50/><E74/><V116/><F135/><W114/><G114/><T103/><D115/><U46/><E120/><V15/><F126/><W11/><G125/><T77/><D69/><U128/><E110/><V53/><F100/><W66/><G25/><T16/><D95/><U67/><E67/><V48/><F36/><W73/><G73/><T106/><D102/><U64/><E64/><V107/><F107/><W124/><G124/><T0/><D16/><N who="1" m="10255" /><E113/><V19/><F40/><W118/><G94/><T109/><D109/><U22/><E22/><V83/><F83/><W119/><G45/><T39/><D39/><U47/><E128/><N who="3" m="49258" /><G66/><T35/><D35/><U28/><E28/><V134/><F134/><W122/><G122/><T41/><D103/><U23/><E23/><V27/><F17/><W58/><G58/><T3/><D65/><U37/><E37/><V5/><F5/><W127/><G127/><T90/><D31/><U18/><E18/><V60/><F60/><W62/><G62/><T104/><D63/><U54/><E42/><V12/><REACH who="2" step="1"/><F82/><REACH who="2" ten="151,362,90,387" step="2"/><W70/><G70/><T88/><D41/><U93/><E93/><V29/><F29/><W43/><G43/><T14/><D68/><U101/><E101/><V32/><F32/><W49/><G61/><T81/><D33/><U2/><E2/><AGARI ba="0,1" hai="2,6,11,49,52,56,76,78,79,118,119" m="49258" machi="2" ten="30,2900,0" yaku="19,1,54,1" doraHai="80" who="3" fromWho="1" sc="151,0,362,-29,90,0,387,39" owari="151,-24.9,333,13.3,90,-41.0,426,52.6" /></mjloggm>