<mjloggm ver="2.3"><GO type="169" lobby="0"/><UN n0="%E3%81%91%E3%83%BC%E3%81%9E%E3%81%88" n1="%6D%61%6A%75%6E%69%61" n2="%E3%81%A0%E3%81%84%E3%81%95%E3%83%BC%E3%82%93" n3="%6A%61%63%6B%74" dan="17,16,17,16" rate="2165.15,2139.65,2169.51,2141.74" sx="F,M,M,M"/><TAIKYOKU oya="0"/><INIT seed="0,0,0,3,3,55" ten="250,250,250,250" oya="0" hai0="122,92,98,32,42,57,133,83,118,125,78,84,3" hai1="2,107,104,7,47,17,40,49,94,34,24,99,4" hai2="43,96,51,112,28,88,19,39,108,127,53,81,27" hai3="33,128,1,12,91,0,114,25,89,80,23,130,8"/><T110/><D122/><U26/><E2/><N who="3" m="1130" /><G80/><T73/><D118/><U100/><E17/><V56/><F112/><W131/><G89/><T16/><D32/><U123/><E123/><V11/><F108/><W70/><G91/><T69/><D69/><U38/><E38/><V30/><F127/><W87/><G87/><T102/><D125/><U31/><REACH who="1" step="1"/><E26/><REACH who="1" ten="250,240,250,250" step="2"/><V50/><F39/><W10/><G114/><T120/><D16/><U74/><E74/><V72/><F72/><W103/><G25/><T121/><D73/><U135/><E135/><V14/><F27/><W20/><G131/><T52/><D133/><U64/><E64/><V119/><F119/><W86/><G130/><T111/><D3/><U129/><E129/><V124/><F124/><W5/><G128/><T21/><D121/><U35/><E35/><V45/><F81/><W116/><G33/><T113/><D120/><U82/><E82/><V37/><F37/><W54/><G116/><T85/><D113/><U76/><E76/><V46/><F46/><W106/><G23/><T101/><D21/><U117/><E117/><V93/><AGARI ba="0,1" hai="11,14,19,28,30,43,45,50,51,53,56,88,93,96" machi="93" ten="30,7900,0" yaku="0,1,8,1,52,1,54,1" doraHai="55" who="2" fromWho="2" sc="250,-39,240,-20,250,89,250,-20" /><INIT seed="1,0,0,2,3,13" ten="211,220,339,230" oya="1" hai0="22,121,129,125,109,17,29,66,131,71,67,85,18" hai1="103,79,39,57,120,32,52,59,83,10,82,14,46" hai2="88,63,7,30,99,123,106,25,108,0,118,91,41" hai3="12,42,53,54,24,128,60,9,89,40,95,16,101"/><U11/><E120/><V56/><F123/><W68/><G128/><N who="0" m="49227" /><D121/><U51/><E32/><V73/><F73/><W98/><G68/><T43/><D71/><U127/><E127/><V93/><F118/><W104/><G24/><N who="0" m="16535" /><D125/><U111/><E103/><V107/><F108/><W80/><G80/><T50/><D109/><U26/><E111/><V114/><F114/><W75/><G75/><T112/><D112/><U5/><E82/><V61/><F41/><W72/><G72/><T70/><D85/><N who="1" m="48383" /><E39/><V21/><F91/><W49/><G60/><N who="0" m="40263" /><D67/><U65/><E65/><V3/><F63/><W48/><G49/><T130/><N who="0" m="49235" /><T78/><DORA hai="44" /><D78/><U36/><E36/><V4/><F0/><W92/><G104/><T15/><D15/><N who="1" m="5583" /><E26/><V119/><F119/><W124/><G124/><T100/><D100/><U1/><E1/><V69/><F69/><W133/><G133/><T33/><D33/><U117/><E117/><V35/><F35/><W45/><G40/><T8/><D8/><U102/><E102/><V28/><F3/><W81/><G81/><T6/><D6/><AGARI ba="0,0" hai="6,11,14,46,51,52,57,59" m="5583,48383" machi="6" ten="30,5800,0" yaku="8,1,52,1,54,1" doraHai="13,44" who="1" fromWho="0" sc="211,-58,220,58,339,0,230,0" /><INIT seed="1,1,0,2,0,97" ten="153,278,339,230" oya="1" hai0="106,102,16,9,113,78,35,114,133,25,43,96,4" hai1="14,53,120,109,62,26,101,50,15,77,58,65,24" hai2="90,27,129,52,130,56,69,70,122,80,3,94,66" hai3="21,76,59,63,29,38,30,1,49,81,61,118,95"/><U42/><E120/><V18/><F122/><W126/><G38/><T73/><D133/><U110/><E77/><V33/><F3/><W44/><G1/><T121/><D121/><U6/><E42/><V36/><F36/><W105/><G105/><T116/><D116/><U68/><E14/><V5/><F5/><W134/><G126/><T34/><D43/><U82/><E82/><V72/><F80/><W85/><G134/><T46/><D73/><U128/><E128/><N who="2" m="49259" /><F66/><W37/><G37/><T88/><D46/><U125/><E125/><V91/><F72/><W111/><G111/><N who="1" m="42506" /><E101/><V28/><F90/><W104/><G118/><T13/><D78/><U10/><AGARI ba="1,0" hai="6,10,15,24,26,50,53,58,62,65,68" m="42506" machi="10" ten="30,3000,0" yaku="14,1,10,1" doraHai="97" who="1" fromWho="1" sc="153,-11,278,33,339,-11,230,-11" /><INIT seed="1,2,0,0,3,27" ten="142,311,328,219" oya="1" hai0="88,85,102,119,18,96,80,71,70,31,129,114,77" hai1="38,90,5,104,127,108,64,120,89,8,12,58,15" hai2="30,34,42,59,33,125,83,123,101,116,82,17,103" hai3="2,128,60,92,131,110,62,21,44,3,23,67,124"/><U54/><E120/><V133/><F123/><W10/><G44/><T7/><D119/><U48/><E127/><V99/><F116/><W36/><G92/><T35/><D114/><U46/><E104/><V79/><F125/><W19/><G124/><T97/><D129/><U53/><E108/><V13/><F133/><W52/><G19/><T84/><D7/><U41/><E64/><V86/><F42/><W72/><G10/><T39/><D39/><U43/><E43/><V55/><F82/><W81/><G81/><T28/><D35/><U65/><E54/><V56/><F56/><W135/><G67/><T6/><D6/><U0/><E0/><V24/><F99/><N who="0" m="37962" /><D71/><U22/><E65/><V106/><F34/><W57/><G72/><T121/><D70/><U98/><E98/><V107/><F106/><W9/><G36/><T109/><D109/><U117/><E117/><V87/><F87/><W29/><G110/><T95/><D102/><U132/><E132/><V66/><F66/><W47/><G135/><T63/><D121/><U78/><E78/><V25/><F107/><W75/><G75/><T61/><D18/><U100/><E100/><V113/><F113/><W26/><G131/><T74/><D74/><U111/><E111/><V134/><F134/><W73/><G73/><T37/><D37/><U122/><E122/><V115/><F115/><W112/><G112/><T49/><D49/><U93/><E93/><V126/><F126/><W118/><G128/><T68/><D68/><U20/><E20/><N who="3" m="7754" /><G118/><T76/><D76/><U1/><E1/><V45/><F79/><RYUUKYOKU ba="2,0" sc="142,15,311,15,328,-15,219,-15" hai0="28,31,61,63,77,80,84,85,88,95" hai1="5,8,12,15,22,38,41,46,48,53,58,89,90" /><INIT seed="1,3,0,3,1,10" ten="157,326,313,204" oya="1" hai0="123,18,6,51,26,87,112,131,44,19,89,30,16" hai1="119,5,102,80,84,60,126,63,121,11,93,111,96" hai2="76,117,86,90,129,115,110,105,100,38,65,9,94" hai3="23,77,61,101,25,127,14,103,75,66,57,128,72"/><U95/><E121/><V53/><F38/><W46/><G128/><T88/><D112/><U59/><E119/><V39/><F39/><W22/><G127/><T132/><D131/><U27/><E126/><V108/><F65/><W73/><G77/><T50/><D132/><U2/><E111/><N who="2" m="42539" /><F129/><W81/><G81/><T133/><D133/><U33/><E33/><V92/><F115/><W83/><G83/><T104/><D104/><U41/><E41/><V79/><F53/><W40/><G22/><N who="0" m="15703" /><D123/><U118/><E118/><V0/><F9/><W17/><REACH who="3" step="1"/><G25/><REACH who="3" ten="157,326,313,194" step="2"/><T20/><D6/><U97/><E27/><V49/><F79/><W71/><G71/><T134/><D134/><U34/><E34/><V45/><F76/><W42/><G42/><N who="0" m="24855" /><D51/><AGARI ba="3,1" hai="14,17,23,40,46,51,57,61,66,72,73,75,101,103" machi="51" ten="40,2600,0" yaku="1,1,52,1,53,0" doraHai="10" doraHaiUra="82" who="3" fromWho="0" sc="157,-35,326,0,313,0,194,45" /><INIT seed="2,0,0,0,5,106" ten="122,326,313,239" oya="2" hai0="112,26,73,66,100,72,21,128,80,98,38,44,70" hai1="131,61,59,119,109,92,41,9,88,127,24,84,22" hai2="95,54,134,17,115,116,130,124,8,20,77,62,122" hai3="3,53,47,87,133,57,110,34,90,86,52,103,56"/><V118/><F115/><W37/><G34/><T30/><D112/><U5/><E119/><V2/><F122/><W81/><G3/><T69/><D128/><U126/><E131/><V40/><F130/><W13/><G110/><T97/><D80/><U85/><E109/><V33/><F33/><W6/><G133/><T104/><D98/><U35/><E41/><V45/><F134/><W113/><G113/><T74/><REACH who="0" step="1"/><D66/><REACH who="0" ten="112,326,313,239" step="2"/><U58/><E85/><V32/><F118/><W25/><G87/><T83/><D83/><U23/><E126/><V18/><F116/><W48/><G81/><T120/><D120/><U64/><E127/><V12/><F124/><W67/><G67/><T15/><D15/><U132/><E132/><V29/><F2/><W114/><G114/><T31/><D31/><U117/><E117/><V94/><F29/><W107/><G13/><T91/><D91/><U42/><E64/><V79/><F12/><W99/><G86/><T10/><D10/><U71/><E88/><V108/><F8/><W11/><G90/><T96/><D96/><U76/><E9/><V43/><F108/><W1/><G25/><T105/><D105/><U102/><E84/><V19/><F79/><W7/><G7/><T49/><D49/><U28/><E5/><V123/><F77/><W63/><REACH who="3" step="1"/><G37/><REACH who="3" ten="112,326,313,229" step="2"/><T135/><D135/><U89/><E24/><V68/><F123/><W0/><G0/><T82/><D82/><U55/><E89/><V65/><F65/><W101/><G101/><T50/><D50/><U27/><E27/><V51/><F51/><W93/><G93/><RYUUKYOKU ba="0,2" sc="112,15,326,-15,313,-15,229,15" hai0="21,26,30,38,44,69,70,72,73,74,97,100,104" hai3="1,6,11,47,48,52,53,56,57,63,99,103,107" /><INIT seed="3,1,2,5,1,98" ten="127,311,298,244" oya="3" hai0="83,125,9,28,37,124,13,101,39,69,16,116,129" hai1="43,12,74,20,122,46,97,2,21,18,68,11,57" hai2="134,107,45,127,67,15,73,131,105,32,120,72,135" hai3="126,106,61,58,128,40,55,10,47,84,51,71,63"/><W35/><G35/><T59/><D116/><U33/><E122/><V103/><F67/><W27/><G106/><N who="2" m="40457" /><F15/><W133/><G133/><N who="2" m="50697" /><F45/><W119/><G119/><T123/><D123/><U49/><E68/><V108/><F120/><W23/><G126/><N who="0" m="48747" /><D69/><U87/><E74/><N who="2" m="28779" /><F127/><W89/><G128/><T92/><D129/><U130/><E130/><V109/><F131/><W117/><G117/><T99/><D83/><U0/><E97/><V53/><F53/><W96/><G96/><T102/><D28/><U113/><E113/><V78/><F78/><W81/><G10/><T38/><D59/><U115/><E115/><V4/><F4/><W95/><G71/><T48/><D48/><U34/><E57/><V110/><F32/><W75/><G75/><T29/><D29/><U5/><E34/><V86/><F86/><W93/><REACH who="3" step="1"/><G63/><REACH who="3" ten="127,311,298,234" step="2"/><T44/><D44/><U76/><E33/><V6/><F6/><W60/><G60/><T65/><D65/><U114/><E114/><V25/><F25/><W100/><G100/><AGARI ba="1,3" hai="9,13,16,37,38,39,92,99,100,101,102" m="48747" machi="100" ten="40,8000,1" yaku="18,1,52,3,54,1" doraHai="98" who="0" fromWho="3" sc="127,113,311,0,298,0,234,-83" /><AGARI ba="1,0" hai="100,103,108,109,110" m="28779,50697,40457" machi="100" ten="50,16000,3" yaku="28,2,14,1,20,1,34,2,52,2" doraHai="98" who="2" fromWho="3" sc="240,0,311,0,298,160,151,-160" owari="240,-16.0,311,11.1,458,55.8,-9,-50.9" /></mjloggm>