<mjloggm ver="2.3"><GO type="169" lobby="0"/><UN n0="%50%73%79%63%68%65" n1="%E4%B9%9D%E5%B0%BE%E3%81%AE%E3%83%8D%E3%82%B3" n2="%73%65%37%37%65%6E" n3="%6B%75%72%6F%6E%6F%35%39" dan="17,16,16,16" rate="2167.36,2038.81,2039.14,2128.32" sx="M,M,M,M"/><TAIKYOKU oya="0"/><INIT seed="0,0,0,3,0,22" ten="250,250,250,250" oya="0" hai0="37,40,103,51,1,12,94,23,105,67,14,48,79" hai1="59,111,58,83,5,88,39,66,47,73,127,129,7" hai2="15,64,57,36,62,21,134,33,61,108,52,38,53" hai3="26,100,54,99,87,8,114,25,101,91,0,121,65"/><T123/><D1/><U20/><E127/><V124/><F108/><W122/><G114/><T28/><D105/><U3/><E129/><V2/><F124/><W135/><G65/><T24/><D37/><U6/><E111/><V130/><F33/><W131/><G131/><T27/><D79/><U17/><E3/><V46/><F2/><W82/><G135/><T77/><D77/><U56/><E73/><V18/><F130/><W102/><G99/><N who="0" m="59895" /><D123/><N who="3" m="47113" /><G54/><T60/><D40/><U44/><E66/><V86/><F134/><W81/><G81/><T45/><D45/><U30/><E30/><V118/><F118/><W90/><G90/><T75/><D75/><U95/><E83/><V4/><F86/><W10/><G0/><T104/><D104/><U97/><REACH who="1" step="1"/><E39/><REACH who="1" ten="250,240,250,250" step="2"/><V70/><REACH who="2" step="1"/><F4/><REACH who="2" ten="250,240,240,250" step="2"/><W112/><G112/><T115/><D115/><U125/><E125/><V78/><F78/><W50/><G50/><AGARI ba="0,2" hai="15,18,21,36,38,46,50,52,53,57,61,62,64,70" machi="50" ten="40,2600,0" yaku="1,1,54,1,53,0" doraHai="22" doraHaiUra="76" who="2" fromWho="3" sc="250,0,240,0,240,46,250,-26" /><INIT seed="1,0,0,0,4,72" ten="250,240,286,224" oya="1" hai0="93,115,32,62,65,121,40,101,78,8,84,37,70" hai1="43,68,42,48,97,71,5,119,10,125,53,3,117" hai2="83,50,34,1,9,66,12,91,103,100,26,55,94" hai3="69,76,86,87,110,46,113,109,135,81,33,107,31"/><U134/><E97/><V2/><F66/><W16/><G69/><T102/><D115/><U85/><E85/><V23/><F34/><W59/><G113/><T56/><D32/><U30/><E30/><V35/><F1/><W25/><G135/><T19/><D121/><U90/><E90/><V27/><F2/><W22/><G107/><T104/><D104/><U133/><E10/><V63/><F63/><W132/><G132/><N who="1" m="50794" /><E5/><V61/><F61/><W52/><G46/><T128/><D102/><U89/><E89/><V123/><F123/><W45/><G45/><T88/><D101/><U47/><E3/><V96/><F83/><W112/><G87/><T120/><D8/><U92/><E92/><V38/><F38/><W73/><G73/><T29/><D29/><U0/><E0/><V49/><F27/><W114/><G112/><T51/><D19/><U74/><E74/><V82/><F82/><W99/><G99/><T28/><D28/><U15/><E15/><V95/><F35/><W17/><G114/><T6/><D6/><U108/><E108/><N who="3" m="41578" /><G33/><T98/><D98/><U54/><E125/><V24/><F24/><W106/><G106/><T116/><D84/><U36/><E36/><V105/><F105/><W4/><G4/><T14/><D37/><U64/><E64/><V79/><F96/><W124/><G124/><T7/><D65/><U75/><E75/><V118/><F100/><W122/><G122/><T11/><D7/><U111/><E111/><V126/><F103/><W127/><G127/><T18/><D120/><U41/><E54/><V44/><F126/><RYUUKYOKU ba="0,0" sc="250,-15,240,15,286,-15,224,15" hai1="41,42,43,47,48,53,68,71,117,119" hai3="16,17,22,25,31,52,59,76,81,86" /><INIT seed="1,1,0,3,5,58" ten="235,255,271,239" oya="1" hai0="104,59,12,40,114,106,5,55,123,44,87,105,19" hai1="74,128,129,66,34,118,84,49,70,109,48,27,75" hai2="45,1,7,11,135,46,51,115,35,17,72,98,90" hai3="41,9,112,63,113,54,32,92,68,77,56,95,86"/><U65/><E118/><V116/><F116/><W81/><G32/><T130/><D114/><U50/><E84/><V64/><F72/><W43/><G68/><T13/><D130/><N who="1" m="50283" /><E34/><V117/><F117/><W88/><G95/><T69/><D69/><U10/><E27/><V57/><F35/><W18/><G113/><T16/><D123/><U119/><E119/><V83/><F135/><W60/><G60/><T52/><D87/><U110/><E10/><V121/><F121/><W67/><G67/><N who="1" m="25610" /><E70/><V15/><F115/><W36/><G36/><T96/><D96/><U31/><E31/><V21/><F83/><W0/><G112/><T80/><D80/><U8/><E8/><V133/><F133/><W107/><G107/><T33/><D33/><U62/><E62/><N who="2" m="37967" /><F51/><W120/><G120/><T126/><D106/><U6/><E6/><V20/><F20/><W125/><G0/><T91/><D5/><U97/><E97/><V94/><F1/><W30/><G30/><T24/><D105/><U37/><E37/><V100/><F100/><W53/><G53/><T26/><D104/><U108/><AGARI ba="1,0" hai="48,49,50,74,75,108,109,110" m="25610,50283" machi="108" ten="40,12000,1" yaku="28,2,14,1,10,1,19,1" doraHai="58" who="1" fromWho="1" sc="235,-41,255,123,271,-41,239,-41" /><INIT seed="1,2,0,4,4,18" ten="194,378,230,198" oya="1" hai0="127,47,14,52,105,109,70,24,42,34,92,62,98" hai1="27,22,119,4,90,31,68,21,104,106,35,12,25" hai2="17,118,102,57,72,97,124,131,84,86,125,8,2" hai3="100,69,59,46,95,60,48,65,114,93,41,128,7"/><U10/><E119/><V26/><F72/><W122/><G122/><T85/><D109/><U81/><E68/><V67/><F118/><W120/><G120/><T112/><D112/><U103/><E103/><V123/><F123/><W53/><G114/><T38/><D127/><U82/><E35/><V89/><F131/><W23/><G128/><T110/><D110/><U78/><E90/><V71/><F71/><W87/><G100/><T45/><D105/><U74/><E82/><V80/><F86/><W11/><G87/><T130/><D85/><U16/><AGARI ba="2,0" hai="4,10,12,16,21,22,25,27,31,74,78,81,104,106" machi="16" ten="20,12000,1" yaku="0,1,7,1,52,2,54,1" doraHai="18" who="1" fromWho="1" sc="194,-42,378,126,230,-42,198,-42" /><INIT seed="1,3,0,1,5,102" ten="152,504,188,156" oya="1" hai0="64,99,68,38,10,46,111,33,2,87,80,135,60" hai1="77,31,34,69,122,88,74,7,36,11,76,47,106" hai2="115,27,59,58,126,120,37,41,67,40,63,30,50" hai3="21,24,118,78,25,29,90,18,23,113,98,28,5"/><U61/><E122/><V56/><F120/><W125/><G78/><T6/><D111/><U82/><E77/><V110/><F115/><W20/><G98/><T133/><D33/><U35/><E31/><V107/><F110/><W13/><G90/><T62/><D62/><U75/><E106/><V132/><F107/><W129/><G113/><T1/><D1/><N who="1" m="495" /><E75/><V86/><F37/><W121/><G121/><T97/><D38/><U116/><E88/><V100/><F100/><W53/><G53/><T26/><D26/><U108/><E116/><V14/><F126/><W32/><G118/><T81/><D46/><U96/><E96/><N who="0" m="36937" /><D87/><U73/><E73/><V93/><F27/><W89/><G89/><T16/><D16/><U48/><E48/><V51/><F30/><W127/><G129/><T55/><D55/><U44/><E44/><V66/><F86/><W114/><G114/><T22/><D22/><N who="3" m="8809" /><G5/><T72/><D72/><U92/><E92/><V45/><F93/><W52/><G52/><T104/><D104/><U4/><E4/><V71/><F14/><W101/><G101/><T0/><D0/><U65/><E108/><V49/><F66/><W117/><G117/><T57/><D57/><U95/><E95/><V3/><F3/><W124/><G125/><T94/><D94/><U54/><E54/><V8/><F8/><AGARI ba="3,0" hai="8,13,18,23,24,25,28,29,32,124,127" m="8809" machi="8" ten="30,2000,0" yaku="34,2" doraHai="102" who="3" fromWho="2" sc="152,0,504,0,188,-29,156,29" /><INIT seed="2,0,0,3,5,45" ten="152,504,159,185" oya="2" hai0="16,32,107,51,7,98,114,35,95,85,83,126,104" hai1="15,20,21,87,40,115,127,74,42,70,63,130,67" hai2="29,57,68,93,106,27,109,100,49,4,90,112,99" hai3="17,79,119,54,73,19,6,133,8,0,55,34,26"/><V88/><F68/><W1/><G133/><T131/><D114/><U53/><E115/><V132/><F132/><W18/><G119/><T94/><D7/><U78/><E74/><V25/><F112/><W24/><G79/><T89/><D131/><U75/><E75/><V44/><F4/><W96/><G96/><T66/><D66/><U5/><E130/><V61/><F109/><W23/><G73/><T38/><D38/><U59/><E127/><V128/><F128/><W123/><G123/><T102/><D126/><U135/><E135/><V46/><F46/><W92/><G92/><T113/><D113/><U37/><E42/><V52/><F106/><W9/><G55/><T84/><D107/><U50/><E5/><V10/><F10/><W47/><G47/><T122/><D122/><U76/><E21/><N who="2" m="15535" /><F27/><W11/><G54/><AGARI ba="0,0" hai="44,49,52,54,57,61,88,90,93,99,100" m="15535" machi="54" ten="30,11600,0" yaku="8,1,52,1,54,2" doraHai="45" who="2" fromWho="3" sc="152,0,504,0,159,116,185,-116" /><INIT seed="2,1,0,1,2,69" ten="152,504,275,69" oya="2" hai0="119,56,46,5,133,102,64,67,120,25,80,85,61" hai1="100,68,79,89,26,135,52,106,98,39,27,113,58" hai2="28,112,108,72,24,70,123,111,124,86,117,15,126" hai3="78,60,63,84,77,90,43,4,73,88,93,33,17"/><V103/><F70/><W55/><G33/><T1/><D120/><U122/><E122/><V54/><F123/><W37/><G4/><T83/><D119/><U50/><E113/><V87/><F72/><W107/><G107/><T18/><D102/><U101/><E101/><V105/><F117/><W97/><G73/><T16/><D133/><U40/><E135/><V131/><F112/><W23/><G43/><T48/><D67/><U51/><E79/><N who="3" m="30218" /><G37/><T2/><D5/><U53/><E89/><V57/><F131/><W62/><G55/><T91/><D83/><U34/><E68/><V29/><F15/><N who="3" m="9663" /><G60/><T0/><REACH who="0" step="1"/><D25/><REACH who="0" ten="142,504,275,69" step="2"/><U94/><E27/><V19/><F103/><W75/><G75/><T81/><D81/><AGARI ba="1,1" hai="62,63,81,84,88,90,93,97" m="9663,30218" machi="81" ten="30,2000,0" yaku="8,1,54,1" doraHai="69" who="3" fromWho="0" sc="142,-23,504,0,275,0,69,33" /><INIT seed="3,0,0,2,4,87" ten="119,504,275,102" oya="3" hai0="19,122,132,18,67,40,32,108,56,96,59,21,0" hai1="41,71,75,51,68,112,62,102,103,47,76,110,63" hai2="8,46,88,133,16,73,13,125,117,52,93,79,48" hai3="129,28,2,45,42,69,6,14,85,57,95,33,31"/><W72/><G69/><T30/><D122/><U36/><E76/><V27/><F117/><W60/><G129/><T24/><D108/><U5/><E75/><V120/><F125/><W101/><G72/><T10/><D132/><U37/><E5/><V90/><F120/><W9/><G33/><T78/><D78/><U17/><E110/><V107/><F107/><W7/><G7/><T44/><D67/><U12/><E12/><V53/><F73/><W118/><G2/><T55/><D55/><U105/><E17/><V35/><F79/><W128/><G128/><T91/><D19/><U26/><E26/><V20/><F35/><W109/><G109/><T119/><D119/><U123/><E123/><V50/><F93/><W66/><G118/><T11/><D11/><U98/><E103/><V23/><F23/><W38/><REACH who="3" step="1"/><G101/><REACH who="3" ten="119,504,275,92" step="2"/><T100/><D100/><U58/><E71/><V114/><F133/><W4/><G4/><T39/><D0/><U43/><E68/><V49/><F114/><W131/><G131/><T83/><D32/><U116/><E116/><V84/><F46/><W134/><G134/><T130/><D130/><U99/><E102/><V81/><F90/><AGARI ba="0,1" hai="6,9,14,28,31,38,42,45,57,60,66,85,90,95" machi="90" ten="40,3900,0" yaku="1,1,52,1,53,0" doraHai="87" doraHaiUra="34" who="3" fromWho="2" sc="119,0,504,0,275,-39,92,49" /><INIT seed="3,1,0,0,0,88" ten="119,504,236,141" oya="3" hai0="44,68,76,5,126,129,17,69,123,43,28,14,15" hai1="3,77,40,63,99,74,9,2,16,20,98,85,95" hai2="8,73,89,119,46,34,78,91,131,104,26,0,102" hai3="133,96,47,124,53,66,31,105,65,52,75,83,80"/><W122/><G122/><T29/><D123/><U10/><E74/><V114/><F119/><W117/><G117/><T39/><D129/><U42/><E3/><V36/><F114/><W67/><G124/><T32/><D126/><U30/><E30/><V50/><F131/><W59/><G133/><T62/><D76/><U24/><E2/><V18/><F102/><W6/><G75/><T87/><D32/><U1/><E1/><V127/><F104/><W37/><G6/><T70/><D62/><U86/><E63/><V71/><F71/><W41/><G31/><T135/><D135/><U118/><E99/><V120/><F120/><W61/><REACH who="3" step="1"/><G53/><REACH who="3" ten="119,504,236,131" step="2"/><T125/><D125/><U35/><E118/><V49/><F127/><W45/><G45/><T106/><D5/><U19/><E19/><V38/><F46/><W110/><G110/><T11/><D29/><U134/><E134/><V12/><F73/><W13/><G13/><T101/><D28/><U82/><E35/><V93/><F34/><W92/><G92/><T107/><D15/><U58/><E58/><V23/><F93/><W84/><G84/><T132/><D132/><U22/><E86/><V94/><F0/><W115/><G115/><T7/><D7/><U25/><E10/><V116/><F94/><W51/><G51/><T112/><D112/><U27/><E9/><V103/><F116/><W21/><G21/><N who="1" m="8298" /><E16/><V72/><F49/><W57/><G57/><T100/><D87/><U130/><E130/><V90/><F50/><W33/><G33/><T109/><D109/><U81/><E81/><V108/><F18/><RYUUKYOKU ba="1,1" sc="119,10,504,10,236,-30,131,10" hai0="11,14,17,39,43,44,68,69,70,100,101,106,107" hai1="24,25,27,40,42,77,82,85,95,98" hai3="37,41,47,52,59,61,65,66,67,80,83,96,105" /><INIT seed="3,2,1,0,2,135" ten="129,514,206,141" oya="3" hai0="115,80,71,0,106,57,9,21,112,77,92,88,24" hai1="16,65,53,27,122,83,111,54,30,4,17,23,91" hai2="113,119,125,100,76,68,38,84,29,8,62,118,94" hai3="63,15,26,87,120,22,58,59,126,43,1,123,18"/><W109/><G1/><T96/><D71/><U49/><E122/><V93/><F38/><W40/><G109/><T132/><D132/><U25/><E111/><V134/><F134/><W56/><G126/><T98/><D57/><U70/><E70/><V108/><F113/><N who="0" m="43594" /><D0/><U11/><E65/><V103/><F108/><W74/><G74/><N who="0" m="43063" /><D9/><U66/><E66/><V6/><F62/><W121/><G63/><T50/><D50/><U7/><E49/><V69/><F68/><W97/><G97/><N who="0" m="57479" /><D106/><U127/><E11/><V67/><F69/><W36/><G36/><T37/><D37/><U47/><E47/><V64/><F67/><W130/><G130/><T72/><D72/><U101/><E30/><AGARI ba="2,1" hai="21,24,30,96,98" m="57479,43063,43594" machi="30" ten="30,2000,0" yaku="11,1,54,1" doraHai="135" who="0" fromWho="1" sc="129,36,514,-26,206,0,141,0" /><INIT seed="4,0,0,4,1,48" ten="165,488,206,141" oya="0" hai0="129,122,82,109,107,97,50,36,123,7,85,74,19" hai1="68,26,71,63,27,8,57,130,61,91,72,117,87" hai2="128,89,105,53,35,60,42,108,54,56,135,13,113" hai3="65,46,6,2,0,5,120,69,17,55,29,1,3"/><T106/><D36/><U31/><E117/><V78/><F108/><W90/><G120/><T115/><D7/><U80/><E72/><V88/><F105/><W131/><G131/><T11/><D129/><U39/><E39/><V20/><F35/><W66/><N who="3" m="0" /><DORA hai="4" /><W59/><G29/><T111/><D74/><U41/><E41/><V14/><F113/><W110/><G110/><N who="0" m="41995" /><D115/><U116/><E116/><V62/><F42/><W132/><G132/><T104/><D50/><U10/><E27/><V52/><F128/><W25/><G46/><T33/><D33/><U67/><E63/><N who="2" m="24107" /><F78/><W32/><G69/><T16/><D97/><U18/><E130/><V84/><F89/><W102/><G102/><T51/><D51/><U28/><E28/><V134/><F135/><W101/><G101/><T100/><D100/><U103/><E103/><V47/><F47/><W49/><G90/><N who="0" m="51511" /><D19/><U12/><E68/><V64/><F134/><W95/><G95/><T15/><AGARI ba="0,0" hai="11,15,16,104,106,107,122,123" m="51511,41995" machi="15" ten="40,7800,0" yaku="10,1,52,1,54,1" doraHai="48,4" who="0" fromWho="0" sc="165,78,488,-26,206,-26,141,-26" /><INIT seed="4,1,0,2,1,49" ten="243,462,180,115" oya="0" hai0="25,107,41,61,20,104,110,108,12,73,128,109,103" hai1="51,113,96,46,135,68,89,111,38,100,83,80,71" hai2="52,53,8,7,35,131,63,57,31,14,66,16,92" hai3="18,119,6,54,72,37,102,133,23,121,130,50,91"/><T0/><D0/><U84/><E111/><V3/><F131/><W132/><G130/><T47/><D128/><U101/><E38/><V69/><F69/><W5/><G119/><T11/><D73/><U112/><E83/><V115/><F115/><N who="1" m="44105" /><E135/><N who="3" m="51786" /><G37/><N who="0" m="21935" /><D103/><N who="1" m="39499" /><E96/><V45/><F92/><W34/><G34/><T81/><D81/><U17/><E17/><V86/><F86/><W32/><G32/><T88/><D88/><U118/><E118/><V90/><F90/><W48/><G121/><T75/><D75/><U64/><E64/><V1/><F1/><W44/><G72/><T74/><D74/><U70/><E70/><V10/><REACH who="2" step="1"/><F45/><REACH who="2" ten="243,462,170,115" step="2"/><N who="3" m="27919" /><G91/><T129/><D129/><U65/><E65/><V15/><F15/><N who="3" m="9695" /><G102/><T94/><D94/><U78/><E89/><V99/><F99/><W21/><G21/><T87/><D87/><U9/><E9/><V26/><AGARI ba="1,1" hai="3,7,8,10,14,16,26,31,35,52,53,57,63,66" machi="26" ten="30,12000,2" yaku="1,1,0,1,52,2,54,2,53,0" doraHai="49" doraHaiUra="97" who="2" fromWho="2" sc="243,-61,462,-31,170,133,115,-31" /><INIT seed="5,0,0,1,1,51" ten="182,431,303,84" oya="1" hai0="35,78,43,26,132,80,46,116,37,94,21,0,127" hai1="133,60,57,49,1,113,84,87,27,91,101,7,34" hai2="9,125,13,59,98,81,119,48,17,39,18,117,65" hai3="47,126,79,62,63,31,50,14,58,12,105,44,115"/><U76/><E133/><V38/><F125/><W11/><G115/><T19/><D116/><U130/><E130/><V41/><F81/><W129/><G126/><T114/><D127/><U96/><E49/><V102/><F38/><W69/><G129/><T3/><D114/><U99/><E7/><V25/><F39/><W4/><G105/><T123/><D132/><U32/><E1/><V29/><F17/><W108/><G108/><T40/><D40/><U61/><E61/><V64/><F65/><W45/><G79/><T15/><D123/><U72/><E27/><V134/><F134/><W77/><G77/><T121/><D121/><U103/><E87/><V104/><F64/><W90/><G69/><T106/><D106/><U131/><E131/><V24/><F24/><W36/><G36/><T66/><D66/><U120/><E120/><V8/><F8/><W22/><G90/><T2/><D94/><U33/><E76/><V95/><F104/><W5/><G5/><T86/><REACH who="0" step="1"/><D35/><REACH who="0" ten="172,431,303,84" step="2"/><U97/><E113/><V88/><F41/><W67/><G63/><T56/><D56/><U89/><E34/><V53/><F102/><W16/><REACH who="3" step="1"/><G31/><REACH who="3" ten="172,431,303,74" step="2"/><T100/><D100/><U135/><E135/><V30/><F29/><W82/><G82/><T42/><D42/><AGARI ba="0,2" hai="4,11,12,14,16,22,42,44,45,47,50,58,62,67" machi="42" ten="30,7700,0" yaku="1,1,7,1,8,1,54,1,53,0" doraHai="51" doraHaiUra="107" who="3" fromWho="0" sc="172,-77,431,0,303,0,74,97" /><INIT seed="6,0,0,4,1,87" ten="95,431,303,171" oya="2" hai0="35,92,130,111,30,88,39,83,133,77,32,29,105" hai1="59,71,13,14,79,65,40,100,47,12,119,123,95" hai2="64,74,31,101,107,80,19,132,76,124,16,45,108" hai3="41,81,114,56,102,68,129,82,99,17,70,97,96"/><V38/><F124/><W4/><G129/><T58/><D111/><U90/><E71/><V72/><F108/><W11/><G102/><T27/><D105/><U15/><E119/><V116/><F116/><W26/><G114/><T49/><D39/><U121/><E100/><V55/><F64/><W6/><G41/><T43/><D130/><U85/><E79/><V122/><F74/><W84/><G56/><T8/><D133/><U94/><E121/><V86/><F31/><W37/><G37/><T1/><D1/><U127/><E127/><V75/><F75/><W18/><G26/><T28/><D8/><U7/><E123/><V0/><F0/><W113/><G113/><T103/><D103/><U20/><E59/><V117/><F132/><W66/><G66/><T62/><D35/><U10/><E65/><V61/><F117/><W21/><G21/><T91/><D32/><U109/><E109/><V131/><F131/><W69/><G11/><T115/><D27/><U36/><E20/><V106/><F122/><W73/><G73/><T44/><D115/><U93/><AGARI ba="0,0" hai="7,10,12,13,14,15,36,40,47,85,90,93,94,95" machi="93" ten="30,2000,0" yaku="0,1,52,1" doraHai="87" who="1" fromWho="1" sc="95,-5,431,20,303,-10,171,-5" /><INIT seed="7,0,0,3,0,132" ten="90,451,293,166" oya="3" hai0="47,115,29,78,37,60,32,90,96,129,105,74,68" hai1="41,82,28,59,134,33,111,66,58,20,99,23,73" hai2="88,131,24,127,95,25,106,7,50,75,0,80,17" hai3="67,43,36,100,125,87,44,124,61,10,19,18,118"/><W119/><G100/><T92/><D129/><U70/><E111/><V8/><F131/><W69/><G87/><T53/><D115/><U14/><E33/><V56/><F106/><W52/><G52/><T72/><D78/><U126/><E134/><V84/><F127/><N who="3" m="48715" /><G10/><T86/><D53/><U93/><E126/><V21/><F75/><W16/><AGARI ba="0,0" hai="16,18,19,36,43,44,61,67,69,118,119" m="48715" machi="16" ten="30,12000,1" yaku="18,1,52,3,54,1" doraHai="132" who="3" fromWho="3" sc="90,-40,451,-40,293,-40,166,120" /><INIT seed="7,1,0,4,2,45" ten="50,411,253,286" oya="3" hai0="71,29,24,27,99,28,22,4,46,38,0,16,72" hai1="25,14,115,54,18,78,48,53,17,92,34,88,101" hai2="128,89,112,121,55,44,70,19,105,100,77,108,83" hai3="40,124,32,131,75,26,127,49,8,110,103,107,96"/><W68/><G68/><T35/><D71/><U62/><E115/><V106/><F70/><W51/><G75/><T66/><D66/><U87/><E78/><V47/><F112/><W109/><G8/><T69/><D69/><U130/><E130/><V73/><F121/><W11/><G11/><T12/><D72/><U114/><E114/><V104/><F108/><N who="3" m="41579" /><G131/><T15/><D99/><U33/><E101/><V36/><F128/><W120/><G120/><T117/><D46/><U9/><E62/><V90/><F47/><N who="3" m="25831" /><G51/><T102/><D102/><U93/><E54/><V113/><F113/><W63/><G63/><T39/><D39/><U37/><E37/><V74/><F73/><W61/><G61/><T5/><D38/><U20/><E93/><V118/><F100/><W126/><G26/><T95/><D95/><U50/><E48/><V64/><F36/><W23/><G23/><T31/><D117/><U129/><E129/><V42/><F55/><W81/><G81/><T76/><D76/><U1/><E1/><V134/><F44/><AGARI ba="1,0" hai="9,14,17,18,20,25,33,34,44,50,53,87,88,92" machi="44" ten="30,3900,0" yaku="7,1,52,1,54,1" doraHai="45" who="1" fromWho="2" sc="50,0,411,42,253,-42,286,0" owari="50,-45.0,453,55.3,211,-18.9,286,8.6" /></mjloggm>