<mjloggm ver="2.3"><GO type="169" lobby="0"/><UN n0="%76%61%6C%6B%79%72%69%65" n1="%46%4C%41%4D%45" n2="%67%78%7A" n3="%4E%4F%2E%E2%85%A0" dan="17,16,18,17" rate="2196.54,2188.51,2278.64,2205.74" sx="F,M,F,M"/><TAIKYOKU oya="0"/><INIT seed="0,0,0,4,5,91" ten="250,250,250,250" oya="0" hai0="57,44,18,102,13,118,16,111,42,120,8,83,30" hai1="23,9,7,65,68,60,28,97,74,78,48,105,20" hai2="32,115,107,132,100,93,66,114,69,58,33,26,11" hai3="122,135,96,113,36,80,52,15,4,50,119,99,134"/><T73/><D118/><U34/><E48/><V2/><F132/><N who="3" m="50731" /><G113/><T79/><D120/><U46/><E46/><V17/><F58/><W106/><G119/><T56/><D30/><U101/><E78/><V129/><F129/><W19/><G36/><T87/><D73/><U126/><E126/><V38/><F38/><W81/><G4/><T89/><D111/><U95/><E74/><V116/><F116/><W35/><G35/><T54/><D102/><U51/><E51/><V61/><F33/><W90/><G122/><T94/><D18/><U27/><REACH who="1" step="1"/><E95/><REACH who="1" ten="250,240,250,250" step="2"/><V24/><F93/><N who="3" m="56375" /><G106/><T130/><D130/><U77/><E77/><V125/><F125/><W12/><G99/><T41/><D44/><U31/><E31/><V82/><F107/><W104/><G104/><T98/><D57/><U10/><E10/><V5/><F114/><W86/><G86/><T72/><D72/><U25/><E25/><V84/><F26/><W123/><G123/><T76/><REACH who="0" step="1"/><D76/><REACH who="0" ten="240,240,250,250" step="2"/><U127/><E127/><V124/><F124/><W21/><G15/><AGARI ba="0,2" hai="7,9,15,20,23,27,28,34,60,65,68,97,101,105" machi="15" ten="30,8000,1" yaku="1,1,7,1,25,2,53,1" doraHai="91" doraHaiUra="59" who="1" fromWho="3" sc="240,0,240,100,250,0,250,-80" /><INIT seed="1,0,0,0,5,88" ten="240,340,250,170" oya="1" hai0="95,104,131,52,86,8,114,9,113,28,12,128,35" hai1="99,24,57,63,80,22,110,70,93,89,58,31,76" hai2="29,25,111,23,109,17,7,105,129,19,47,122,48" hai3="39,103,69,49,61,117,55,5,53,26,2,91,43"/><U118/><E118/><V125/><F122/><W127/><G127/><T38/><D38/><U116/><E116/><V41/><F105/><W108/><G108/><N who="2" m="41545" /><F125/><W67/><G117/><T124/><D124/><U81/><E110/><V60/><F129/><N who="0" m="49738" /><D104/><U84/><REACH who="1" step="1"/><E81/><REACH who="1" ten="240,330,250,170" step="2"/><V73/><F73/><W36/><G36/><T59/><D114/><U78/><E78/><V37/><F7/><W75/><G39/><T123/><D113/><U65/><AGARI ba="0,1" hai="22,24,31,57,58,63,65,70,76,80,84,89,93,99" machi="65" ten="30,6000,0" yaku="1,1,0,1,52,1,53,0" doraHai="88" doraHaiUra="100" who="1" fromWho="1" sc="240,-20,330,70,250,-20,170,-20" /><INIT seed="1,1,0,1,5,48" ten="220,400,230,150" oya="1" hai0="57,68,17,125,30,69,126,114,129,86,1,55,118" hai1="18,127,122,106,80,102,133,81,3,134,116,33,65" hai2="37,42,19,135,15,2,52,70,11,29,76,111,66" hai3="60,47,41,112,63,50,40,110,71,121,23,24,72"/><U14/><E122/><V120/><F120/><W88/><G110/><T54/><D1/><U73/><E116/><V104/><F104/><W28/><G112/><T103/><D103/><U62/><E3/><V89/><F111/><W101/><G121/><T44/><D30/><U130/><E33/><V0/><F135/><N who="1" m="51721" /><E73/><V90/><F29/><W8/><G72/><T53/><D118/><U26/><E26/><V128/><F128/><W25/><G101/><T108/><D114/><U77/><E77/><V117/><F117/><W94/><G41/><T84/><D108/><U56/><E130/><V74/><F66/><W34/><G8/><T5/><D5/><U9/><E127/><N who="0" m="48649" /><D129/><U109/><E109/><V13/><F70/><N who="0" m="27242" /><D57/><U82/><E102/><V45/><F0/><W35/><G71/><T105/><D105/><AGARI ba="1,0" hai="9,14,18,56,62,65,80,81,82,105,106" m="51721" machi="105" ten="30,1500,0" yaku="20,1" doraHai="48" who="1" fromWho="0" sc="220,-18,400,18,230,0,150,0" /><INIT seed="1,2,0,4,3,40" ten="202,418,230,150" oya="1" hai0="28,69,30,131,21,99,109,97,80,117,51,5,96" hai1="122,41,33,72,0,9,39,134,73,111,123,85,3" hai2="128,89,31,23,44,102,84,53,48,4,24,61,87" hai3="27,56,22,25,121,47,91,130,82,106,7,78,10"/><U11/><E85/><V92/><F128/><W15/><G130/><T125/><D117/><U115/><E115/><V127/><F127/><W86/><G121/><T36/><D36/><U126/><E126/><V49/><F4/><W52/><G106/><T98/><D69/><U88/><E33/><V113/><F113/><W68/><G68/><T50/><D125/><U26/><E26/><V29/><F29/><W17/><G47/><T108/><D131/><U12/><E12/><V93/><F102/><W60/><REACH who="3" step="1"/><G78/><REACH who="3" ten="202,418,230,140" step="2"/><T132/><D109/><U16/><E111/><V129/><F129/><W65/><G65/><T54/><D108/><U105/><E105/><V46/><F61/><W59/><G59/><T95/><D132/><U94/><E134/><V76/><F76/><W57/><G57/><T101/><D101/><U64/><E64/><V119/><F119/><W110/><G110/><T62/><D62/><U67/><E67/><V112/><F112/><W90/><G90/><T2/><D99/><U42/><E88/><N who="2" m="53279" /><F48/><W120/><G120/><T116/><D97/><U18/><E94/><V118/><F118/><W63/><G63/><T43/><D96/><U133/><E133/><V14/><F14/><AGARI ba="2,1" hai="7,10,14,15,17,22,25,27,52,56,60,82,86,91" machi="14" ten="30,7700,0" yaku="1,1,7,1,8,1,54,1,53,0" doraHai="40" doraHaiUra="124" who="3" fromWho="2" sc="202,0,418,0,230,-83,140,93" /><INIT seed="2,0,0,0,2,17" ten="202,418,147,233" oya="2" hai0="103,79,77,24,25,37,108,92,57,47,19,23,95" hai1="58,112,121,114,14,13,81,70,35,106,131,52,71" hai2="73,59,127,51,122,83,30,98,82,91,2,110,72" hai3="126,89,50,49,74,88,123,86,20,8,134,46,132"/><V118/><F118/><W41/><G123/><T90/><D108/><U36/><E35/><V61/><F122/><W117/><G74/><T85/><D37/><U66/><E106/><V34/><F2/><W75/><G75/><T128/><D128/><U43/><E131/><V45/><F110/><W44/><G117/><T120/><D120/><U99/><E121/><V100/><F127/><W3/><G126/><T87/><D47/><U78/><E99/><V68/><F68/><W9/><G20/><T84/><D57/><U94/><E94/><V135/><F135/><W105/><G105/><T1/><D1/><U116/><E116/><V0/><F0/><W69/><G69/><T27/><D103/><U38/><E38/><V22/><F34/><W80/><G89/><N who="0" m="53287" /><D87/><U62/><E71/><V48/><F72/><W31/><G31/><T29/><D29/><U6/><E6/><V133/><F73/><W33/><G33/><T111/><D111/><U26/><E114/><V4/><F4/><W54/><REACH who="3" step="1"/><G3/><REACH who="3" ten="202,418,147,223" step="2"/><T129/><D129/><U113/><E112/><V64/><F133/><AGARI ba="0,1" hai="8,9,41,44,46,49,50,54,80,86,88,132,133,134" machi="133" ten="40,8000,1" yaku="1,1,2,1,20,1,54,1,53,0" doraHai="17" doraHaiUra="10" who="3" fromWho="2" sc="202,0,418,0,147,-80,223,90" /><INIT seed="3,0,0,1,0,54" ten="202,418,67,313" oya="3" hai0="76,28,31,19,40,93,56,53,1,75,59,97,48" hai1="77,89,0,86,71,68,70,114,30,34,49,96,80" hai2="74,130,88,18,62,108,79,64,2,27,83,9,111" hai3="61,24,57,118,82,14,84,132,124,67,115,100,12"/><W109/><G118/><T26/><D1/><U119/><E114/><V4/><F130/><W85/><G115/><T72/><D76/><U7/><E119/><V17/><F27/><W90/><G132/><T13/><D40/><U10/><E34/><V33/><F33/><W15/><G124/><T60/><D75/><U81/><E30/><V3/><F3/><W38/><G38/><T21/><D72/><U107/><E49/><V63/><F63/><W110/><G100/><T39/><D39/><U87/><E107/><V123/><F123/><W131/><G131/><T134/><D134/><U25/><E25/><V95/><F108/><N who="3" m="41579" /><G85/><T52/><D13/><U92/><REACH who="1" step="1"/><E70/><REACH who="1" ten="202,408,67,313" step="2"/><V47/><F111/><W102/><G24/><T125/><REACH who="0" step="1"/><D125/><REACH who="0" ten="192,408,67,313" step="2"/><U22/><E22/><V35/><F35/><W66/><G102/><AGARI ba="0,2" hai="19,21,26,28,31,48,52,53,56,59,60,93,97,102" machi="102" ten="30,12000,2" yaku="1,1,2,1,7,1,8,1,52,2,54,1,53,0" doraHai="54" doraHaiUra="106" who="0" fromWho="3" sc="192,140,408,0,67,0,313,-120" /><AGARI ba="0,0" hai="0,7,10,68,71,77,80,81,86,87,89,92,96,102" machi="102" ten="30,2000,0" yaku="1,1,7,1,53,0" doraHai="54" doraHaiUra="106" who="1" fromWho="3" sc="332,0,408,20,67,0,193,-20" /><INIT seed="4,0,0,2,5,114" ten="332,428,67,173" oya="0" hai0="51,78,113,54,49,92,133,73,86,71,3,93,9" hai1="41,52,135,100,13,12,27,47,58,20,105,72,37" hai2="45,120,130,131,4,35,94,124,15,107,55,70,89" hai3="25,84,97,5,11,125,0,16,17,42,119,96,104"/><T91/><D113/><U22/><E72/><V6/><F120/><W39/><G119/><T129/><D129/><U80/><E135/><V8/><F107/><W33/><G125/><T77/><D133/><U82/><E105/><V60/><F35/><W117/><G117/><T98/><D71/><U59/><E100/><V112/><F112/><W32/><G84/><T126/><D126/><U116/><E116/><V38/><F124/><W30/><G33/><T61/><D73/><U134/><E134/><V63/><F4/><W1/><G1/><T76/><D3/><U88/><E59/><V69/><F69/><W19/><REACH who="3" step="1"/><G104/><REACH who="3" ten="332,428,67,163" step="2"/><T99/><D86/><U111/><E82/><V28/><F130/><W109/><G109/><T2/><D2/><U65/><E80/><V75/><F131/><W7/><G7/><T103/><D9/><U26/><E111/><V83/><F83/><W29/><G29/><T132/><D132/><U87/><E20/><V79/><F28/><W108/><G108/><T90/><D103/><U31/><E31/><V62/><F75/><W43/><G43/><T102/><D102/><U121/><E87/><V122/><F122/><W67/><G67/><T36/><D36/><U66/><E121/><V53/><F79/><W56/><G56/><AGARI ba="0,1" hai="49,51,54,56,61,76,77,78,90,91,92,93,98,99" machi="56" ten="40,3900,0" yaku="9,1,8,1" doraHai="114" who="0" fromWho="3" sc="332,49,428,0,67,0,163,-39" /><INIT seed="4,1,0,3,1,47" ten="381,428,67,124" oya="0" hai0="18,21,117,82,96,19,28,75,25,36,52,14,69" hai1="90,40,111,15,38,8,109,32,135,66,12,68,134" hai2="125,17,76,120,118,121,114,79,105,62,58,107,49" hai3="104,51,35,71,89,86,22,85,5,106,119,80,103"/><T92/><D117/><U0/><E32/><V48/><F118/><W99/><G35/><T26/><D36/><U115/><E0/><V11/><F11/><W4/><G119/><T77/><D69/><U42/><E90/><V7/><F7/><W59/><G71/><T44/><D25/><U127/><E68/><V31/><F31/><W81/><G106/><T33/><D19/><U88/><E88/><V70/><F70/><W72/><G72/><T13/><D13/><U74/><E74/><V91/><F91/><W112/><G112/><T102/><D44/><U122/><E122/><V124/><F17/><W20/><G4/><T55/><AGARI ba="1,0" hai="14,18,21,26,28,33,52,55,75,77,82,92,96,102" machi="55" ten="30,3000,0" yaku="0,1,54,1" doraHai="47" who="0" fromWho="0" sc="381,33,428,-11,67,-11,124,-11" /><INIT seed="4,2,0,1,4,14" ten="414,417,56,113" oya="0" hai0="10,121,32,24,33,4,74,134,76,102,28,127,101" hai1="47,46,128,96,38,72,18,48,77,1,39,111,131" hai2="58,120,99,15,105,13,81,73,44,78,20,85,92" hai3="62,67,35,21,5,106,49,93,9,70,2,54,51"/><T17/><D121/><U22/><E111/><V27/><F120/><W68/><G35/><T110/><D110/><U89/><E1/><V132/><F132/><W42/><G106/><T6/><D134/><U125/><E72/><V40/><F105/><W71/><G42/><T36/><D36/><U103/><E77/><V65/><F73/><W23/><G93/><T69/><D69/><U112/><E89/><V114/><F114/><W124/><G124/><T95/><D127/><U61/><E61/><V0/><F0/><W50/><REACH who="3" step="1"/><G54/><REACH who="3" ten="414,417,56,103" step="2"/><T126/><D126/><U7/><E125/><V80/><F80/><W135/><G135/><T16/><D95/><U122/><E122/><V55/><F92/><W57/><AGARI ba="2,1" hai="2,5,9,21,23,49,50,51,57,62,67,68,70,71" machi="57" ten="40,2700,0" yaku="1,1,0,1,53,0" doraHai="14" doraHaiUra="116" who="3" fromWho="3" sc="414,-15,417,-9,56,-9,103,43" /><INIT seed="5,0,0,2,2,123" ten="399,408,47,146" oya="1" hai0="15,109,93,124,3,21,99,110,19,22,92,134,16" hai1="64,95,37,118,27,70,25,0,38,73,100,87,1" hai2="112,116,88,77,81,98,56,76,78,67,51,11,69" hai3="80,13,8,55,2,33,133,105,4,32,72,48,131"/><U58/><E58/><V30/><F116/><W61/><G131/><T126/><D3/><U54/><E54/><V12/><F69/><W18/><G133/><T97/><REACH who="0" step="1"/><D15/><REACH who="0" ten="389,408,47,146" step="2"/><U75/><E0/><V7/><F112/><W74/><G13/><T135/><AGARI ba="0,1" hai="16,19,21,22,92,93,97,99,109,110,124,126,134,135" machi="135" ten="25,16000,3" yaku="1,1,2,1,0,1,22,2,52,2,54,1,53,0" doraHai="123" doraHaiUra="26" who="0" fromWho="0" sc="389,170,408,-80,47,-40,146,-40" /><INIT seed="6,0,0,2,1,111" ten="559,328,7,106" oya="2" hai0="125,13,99,97,21,16,98,102,50,8,123,90,24" hai1="110,87,116,103,34,124,45,5,73,79,100,109,135" hai2="23,112,27,114,36,58,133,4,57,77,66,121,127" hai3="107,126,74,32,69,94,117,35,26,78,93,30,15"/><V48/><F121/><W11/><G126/><T120/><D125/><U96/><E34/><V119/><F119/><W51/><G117/><T25/><D25/><U68/><E124/><V37/><F127/><W81/><G107/><T59/><D90/><U44/><E116/><V85/><F4/><W56/><G69/><T118/><D118/><U22/><E68/><V130/><F130/><W86/><G35/><T132/><D132/><U113/><E135/><V89/><F77/><W54/><REACH who="3" step="1"/><G74/><REACH who="3" ten="559,328,7,96" step="2"/><T71/><D71/><U80/><E73/><V134/><F134/><W70/><G70/><T41/><D120/><U65/><E110/><V122/><F133/><W75/><G75/><T12/><D123/><U104/><E109/><V129/><F122/><W46/><G46/><T42/><D59/><N who="2" m="22538" /><F129/><W9/><G9/><T53/><D8/><U20/><E104/><V91/><F66/><W19/><AGARI ba="0,1" hai="11,15,19,26,30,32,51,54,56,78,81,86,93,94" machi="19" ten="20,2700,0" yaku="1,1,0,1,7,1,53,0" doraHai="111" doraHaiUra="62" who="3" fromWho="3" sc="559,-7,328,-7,7,-13,96,37" owari="552,65.2,321,12.1,-6,-50.6,133,-26.7" /></mjloggm>