<mjloggm ver="2.3"><GO type="169" lobby="0"/><UN n0="%E3%81%BB%E3%82%80%E3%82%89" n1="%E9%88%8D%E7%97%9B" n2="%E6%B2%B3%E7%AB%A5%E3%81%AE%E3%83%AF%E3%82%AB%E3%83%9E%E3%83%84" n3="%54%68%65%72%65%73%61%5F" dan="16,16,19,16" rate="2077.43,2098.04,2280.37,2095.15" sx="F,F,M,M"/><TAIKYOKU oya="0"/><INIT seed="0,0,0,3,5,120" ten="250,250,250,250" oya="0" hai0="56,95,23,6,115,111,53,90,91,135,93,61,128" hai1="74,36,41,125,5,85,48,119,2,129,103,134,65" hai2="69,92,34,33,118,84,81,100,3,7,15,35,38" hai3="110,17,1,28,0,4,16,122,64,130,63,12,88"/><T121/><D121/><U104/><E74/><V72/><F118/><W94/><G122/><T106/><D115/><U44/><E119/><V82/><F69/><W10/><G110/><T55/><D106/><U25/><E125/><V132/><F132/><W131/><G28/><T57/><D135/><U107/><E134/><V18/><F38/><W32/><G32/><T87/><D6/><U13/><E103/><V123/><F123/><W26/><G26/><T45/><D128/><N who="3" m="49193" /><G0/><T124/><D124/><U52/><E2/><V112/><F112/><W73/><G73/><T39/><D23/><U114/><E129/><V11/><F72/><W14/><G14/><T22/><D22/><U75/><E75/><V79/><F82/><W76/><G76/><T60/><D39/><U68/><E85/><V58/><F58/><N who="3" m="36983" /><G1/><T113/><D113/><U29/><E13/><V30/><F30/><W133/><G133/><T108/><REACH who="0" step="1"/><D45/><REACH who="0" ten="240,250,250,250" step="2"/><U19/><E5/><V77/><F7/><W62/><G62/><T67/><D67/><U105/><E114/><V51/><F3/><W43/><G43/><T126/><D126/><U98/><E105/><V50/><F34/><W20/><G20/><T78/><D78/><U49/><E104/><V70/><F35/><W46/><G46/><T66/><D66/><U21/><E36/><V127/><F127/><W86/><AGARI ba="0,1" hai="4,10,12,16,17,86,88,94" m="36983,49193" machi="86" ten="30,4000,0" yaku="19,1,54,2" doraHai="120" who="3" fromWho="3" sc="240,-20,250,-10,250,-10,250,50" /><INIT seed="1,0,0,0,4,57" ten="220,240,240,300" oya="1" hai0="108,87,135,0,130,102,86,2,107,33,51,21,85" hai1="100,6,91,23,35,13,28,20,134,77,8,93,26" hai2="131,89,60,5,39,78,56,46,36,109,59,3,32" hai3="128,74,122,124,95,125,12,67,99,10,15,68,116"/><U7/><E134/><V81/><F32/><W58/><G122/><T105/><D33/><U101/><E77/><V110/><F131/><W115/><G115/><T30/><D130/><U31/><E6/><V43/><F39/><W72/><G68/><T96/><D108/><U103/><REACH who="1" step="1"/><E31/><REACH who="1" ten="220,230,240,300" step="2"/><V97/><F5/><W62/><G128/><T4/><D4/><U40/><E40/><V126/><F43/><W129/><G129/><T65/><D30/><U38/><E38/><V121/><F36/><W118/><G118/><T1/><D135/><U117/><E117/><V70/><F78/><W9/><G116/><T73/><D1/><U92/><E92/><V119/><F3/><W61/><G124/><T29/><D0/><U41/><E41/><V27/><F126/><W111/><G125/><T14/><D2/><U83/><E83/><V106/><F81/><W48/><G111/><T98/><D29/><U127/><E127/><V24/><F119/><W120/><G120/><T16/><D73/><U53/><E53/><V132/><F132/><W82/><G82/><T54/><D65/><U49/><E49/><V112/><F121/><W34/><G48/><T90/><D107/><U84/><AGARI ba="0,1" hai="7,8,13,20,23,26,28,35,84,91,93,100,101,103" machi="84" ten="30,6000,0" yaku="1,1,0,1,53,1" doraHai="57" doraHaiUra="25" who="1" fromWho="1" sc="220,-20,230,70,240,-20,300,-20" /><INIT seed="1,1,0,4,2,28" ten="200,300,220,280" oya="1" hai0="35,39,72,86,84,5,99,32,115,7,110,74,42" hai1="81,111,48,104,6,63,40,57,122,102,90,100,20" hai2="135,19,46,105,24,47,109,94,83,44,67,121,77" hai3="34,36,16,119,58,69,123,56,18,41,37,43,59"/><U92/><E122/><V126/><F121/><W112/><G123/><T61/><D99/><U103/><E104/><V73/><F109/><W33/><G69/><T97/><D97/><U55/><E111/><V80/><F105/><W88/><G88/><T120/><D61/><U70/><E6/><V114/><F135/><W64/><G64/><T29/><D29/><U13/><E81/><V54/><F126/><W17/><G112/><T3/><D3/><U45/><E70/><V50/><F114/><W79/><G79/><T23/><D23/><U107/><E107/><V60/><F94/><W30/><G30/><T4/><D110/><U132/><E132/><V51/><F83/><W53/><G53/><T62/><D62/><U106/><E106/><V78/><F77/><W101/><G101/><T21/><D21/><U91/><REACH who="1" step="1"/><E92/><REACH who="1" ten="200,290,220,280" step="2"/><V124/><F80/><W25/><G119/><T38/><D120/><U8/><E8/><V12/><F124/><W10/><G10/><T0/><D0/><U117/><E117/><V2/><F2/><W71/><G71/><T15/><D115/><U125/><E125/><V68/><F68/><W96/><G25/><T127/><D127/><U75/><E75/><V87/><F73/><W113/><G113/><T134/><D134/><U89/><E89/><V131/><F24/><W128/><G128/><T133/><D133/><U22/><E22/><N who="2" m="11623" /><F131/><W66/><G34/><T116/><D116/><U14/><E14/><V76/><F76/><W11/><G33/><T98/><D15/><U26/><E26/><V9/><F78/><W93/><G93/><RYUUKYOKU ba="1,1" sc="200,-10,290,30,220,-10,280,-10" hai1="13,20,40,45,48,55,57,63,90,91,100,102,103" /><INIT seed="1,2,1,1,4,86" ten="190,320,210,270" oya="1" hai0="73,45,47,90,36,11,48,62,129,76,57,6,63" hai1="42,121,41,18,12,111,128,3,77,27,84,56,71" hai2="5,117,72,123,118,115,40,83,15,59,30,99,94" hai3="46,124,52,22,96,92,17,25,26,16,74,82,89"/><U112/><E112/><V43/><F123/><W38/><G124/><T44/><D36/><U53/><E121/><V81/><F115/><W58/><G74/><T102/><D102/><U37/><E71/><V35/><F35/><W66/><G82/><T33/><D33/><U8/><E128/><V130/><F30/><W55/><G38/><T113/><D113/><U69/><E69/><V85/><F130/><W64/><G46/><T23/><D129/><U68/><E68/><V134/><F134/><W78/><G78/><T79/><D48/><U122/><E122/><V105/><F59/><W51/><G55/><T13/><D73/><U67/><E67/><N who="3" m="25642" /><G25/><T39/><D39/><U97/><E3/><V119/><F81/><W116/><G116/><T120/><D120/><U80/><E37/><V24/><F24/><W2/><G2/><T93/><D23/><U127/><E127/><V91/><F105/><W54/><G54/><N who="0" m="34103" /><D63/><U0/><E0/><V132/><F72/><W21/><G21/><T61/><D61/><U10/><E10/><V4/><F132/><W114/><G114/><T133/><D133/><U9/><E8/><V106/><F106/><W131/><G131/><T107/><D107/><U88/><E27/><V98/><F118/><W87/><G17/><T126/><D126/><U49/><E111/><V125/><F125/><W65/><G65/><T1/><D1/><U95/><AGARI ba="2,1" hai="9,12,18,41,42,49,53,56,77,80,84,88,95,97" machi="95" ten="30,11700,0" yaku="0,1,8,1,52,1,54,1" doraHai="86" who="1" fromWho="1" sc="190,-41,320,133,210,-41,270,-41" /><INIT seed="1,3,0,4,5,134" ten="149,453,169,229" oya="1" hai0="33,99,102,14,71,78,96,1,8,114,109,65,94" hai1="2,81,118,107,73,123,7,12,72,68,46,122,45" hai2="74,41,108,27,106,50,129,100,26,22,44,49,116" hai3="125,119,67,43,39,21,120,84,24,29,70,48,128"/><U19/><E118/><V121/><F116/><W60/><G119/><T17/><D114/><U93/><E107/><V9/><F121/><W51/><G120/><T56/><D71/><U38/><E68/><V113/><F113/><W13/><G128/><T47/><D33/><U36/><E93/><V25/><F129/><W66/><G66/><T40/><D109/><U61/><E61/><V10/><F108/><W103/><G125/><T31/><D31/><U30/><E30/><V42/><F74/><W16/><G103/><T127/><D127/><U62/><E62/><V88/><F106/><W6/><G6/><T34/><D34/><U4/><E12/><V63/><F100/><W97/><G97/><T92/><D78/><U52/><E81/><V111/><F111/><W132/><G132/><T89/><D1/><U54/><REACH who="1" step="1"/><E19/><REACH who="1" ten="149,443,169,229" step="2"/><V104/><F104/><W0/><G0/><AGARI ba="3,1" hai="0,2,4,7,36,38,45,46,52,54,72,73,122,123" machi="0" ten="25,12000,1" yaku="1,1,2,1,22,2,54,1,53,0" doraHai="134" doraHaiUra="115" who="1" fromWho="3" sc="149,0,443,139,169,0,229,-129" /><INIT seed="1,4,0,5,2,94" ten="149,582,169,100" oya="1" hai0="20,32,44,72,27,74,53,71,91,103,56,66,11" hai1="70,132,83,93,19,24,122,26,126,113,17,7,31" hai2="34,98,36,29,125,58,28,78,99,16,90,128,21" hai3="39,1,59,37,68,108,134,65,97,85,41,73,115"/><U14/><E70/><V84/><F36/><W80/><G115/><T10/><D32/><U107/><E107/><V121/><F121/><W55/><G73/><T4/><D103/><U77/><E113/><V48/><F128/><W13/><G1/><T5/><D66/><U42/><E122/><V30/><F34/><W8/><G108/><T110/><D110/><U9/><E42/><V6/><F125/><W135/><G65/><T119/><D119/><U18/><E126/><V120/><F120/><W62/><G68/><T95/><D44/><U52/><E132/><N who="3" m="50730" /><G41/><T124/><D71/><U105/><E105/><V47/><F78/><N who="3" m="46231" /><G97/><T43/><D43/><U51/><E31/><V25/><F58/><W117/><G117/><T114/><D114/><U63/><E63/><V112/><F112/><W106/><G106/><T64/><D64/><U81/><E93/><N who="2" m="54471" /><F6/><AGARI ba="4,0" hai="6,8,13,37,39,55,59,62" m="46231,50730" machi="6" ten="30,1000,0" yaku="20,1" doraHai="94" who="3" fromWho="2" sc="149,0,582,0,169,-22,100,22" /><INIT seed="2,0,0,3,0,70" ten="149,582,147,122" oya="2" hai0="68,23,85,7,46,71,74,64,102,0,75,115,106" hai1="6,2,44,131,76,30,38,126,5,108,29,83,61" hai2="127,52,39,27,100,114,43,54,45,1,130,91,81" hai3="78,87,72,53,42,28,97,77,10,14,98,63,104"/><V95/><F114/><W105/><G72/><T22/><D115/><U9/><E6/><V117/><F117/><W31/><G42/><T32/><D32/><U11/><E9/><V36/><F1/><W19/><G104/><T96/><D68/><U120/><E108/><V24/><F130/><W121/><G121/><T103/><D103/><U132/><E126/><V79/><F127/><W51/><G63/><T48/><D85/><U94/><E132/><V33/><F39/><W58/><G105/><T4/><D4/><U67/><E94/><V69/><F69/><W86/><G86/><T55/><D74/><N who="1" m="43415" /><E120/><V50/><F100/><W15/><G15/><T13/><D0/><U80/><E80/><V18/><F33/><W35/><G35/><T119/><D75/><U107/><E107/><V88/><F79/><N who="3" m="30219" /><G87/><T56/><D71/><N who="1" m="42479" /><E131/><V57/><F81/><W89/><G89/><T124/><D124/><U47/><E47/><V49/><F18/><W20/><G10/><T128/><D128/><U60/><E60/><V112/><F112/><W17/><G19/><T99/><D119/><U65/><E65/><V110/><F110/><W37/><G37/><T135/><D135/><U12/><E12/><V84/><REACH who="2" step="1"/><F91/><REACH who="2" ten="149,582,137,122" step="2"/><W92/><G17/><T25/><D102/><U41/><AGARI ba="0,1" hai="2,5,11,29,30,38,41,44" m="42479,43415" machi="41" ten="30,2000,0" yaku="25,1,52,1" doraHai="70" who="1" fromWho="1" sc="149,-5,582,30,137,-10,122,-5" /><INIT seed="3,0,0,2,1,17" ten="144,612,127,117" oya="3" hai0="23,123,60,39,79,21,101,49,57,113,75,47,34" hai1="77,58,122,11,126,48,52,9,54,110,118,56,36" hai2="12,83,2,76,7,127,25,112,33,128,135,102,84" hai3="89,19,0,88,16,64,28,93,35,121,59,80,41"/><W108/><G121/><T65/><D34/><U81/><E122/><V8/><F112/><W94/><G0/><T27/><D123/><U82/><E110/><V55/><F128/><W61/><G108/><T38/><D101/><U100/><E36/><V24/><F135/><W90/><G80/><T37/><D113/><U26/><E126/><V40/><F127/><W20/><G41/><T14/><D14/><U92/><E118/><V104/><F33/><W105/><G105/><T42/><REACH who="0" step="1"/><D27/><REACH who="0" ten="134,612,127,117" step="2"/><U91/><E100/><V53/><F24/><N who="3" m="16391" /><G35/><T46/><D46/><U98/><E26/><V96/><F25/><W125/><G125/><T131/><D131/><U1/><E1/><V4/><REACH who="2" step="1"/><F40/><REACH who="2" ten="134,612,117,117" step="2"/><W51/><G51/><T114/><D114/><U109/><E109/><V73/><F73/><W116/><G116/><T72/><D72/><U117/><E117/><V119/><F119/><W111/><G111/><T97/><D97/><U63/><E81/><AGARI ba="0,2" hai="21,23,37,38,39,42,47,49,57,60,65,75,79,81" machi="81" ten="40,5200,0" yaku="1,1,52,2,53,0" doraHai="17" doraHaiUra="129" who="0" fromWho="1" sc="134,72,612,-52,117,0,117,0" /><INIT seed="4,0,0,3,4,16" ten="206,560,117,117" oya="0" hai0="50,124,65,55,116,45,127,47,95,92,118,112,60" hai1="32,27,14,109,30,100,130,91,4,87,133,10,22" hai2="82,98,74,15,35,2,56,6,72,110,58,51,99" hai3="117,17,106,8,90,42,108,107,36,40,37,66,119"/><T29/><D29/><U75/><E109/><V68/><F110/><W12/><G108/><T115/><D92/><U77/><E130/><V61/><F35/><W34/><G34/><T31/><D31/><U63/><E100/><V122/><F122/><W80/><G66/><T102/><D95/><U20/><E133/><V52/><F2/><W11/><G80/><T59/><D45/><U9/><E77/><V24/><F68/><W78/><G78/><T67/><D67/><U134/><E75/><V85/><F72/><W126/><G17/><T62/><D62/><U96/><E96/><V129/><F74/><W64/><G64/><T135/><D102/><U19/><E63/><V18/><F129/><W48/><G48/><T104/><D104/><U88/><E91/><N who="2" m="51639" /><F24/><W70/><G90/><T21/><D21/><U94/><E134/><V41/><F6/><W3/><G12/><AGARI ba="0,0" hai="4,9,10,12,14,19,20,22,27,30,32,87,88,94" machi="12" ten="30,7700,0" yaku="7,1,52,2,54,1" doraHai="16" who="1" fromWho="3" sc="206,0,560,77,117,0,117,-77" /><INIT seed="5,0,0,1,2,61" ten="206,637,117,40" oya="1" hai0="47,42,24,65,96,87,41,119,67,23,77,52,122" hai1="120,126,108,97,74,118,5,14,26,2,71,105,12" hai2="53,91,104,78,28,30,70,69,9,55,37,11,48" hai3="109,0,127,59,3,4,99,22,73,39,131,88,135"/><U62/><E14/><V75/><F104/><W132/><G109/><T106/><D119/><U56/><E56/><V64/><F37/><W7/><G39/><T92/><D106/><U125/><E12/><V13/><F75/><W84/><G73/><T130/><D130/><U8/><E118/><V15/><F91/><W66/><G131/><T46/><D46/><U134/><E120/><V38/><F38/><W58/><G99/><T49/><D122/><U116/><E116/><V50/><REACH who="2" step="1"/><F64/><REACH who="2" ten="206,637,107,40" step="2"/><N who="0" m="24650" /><D77/><AGARI ba="0,1" hai="9,11,13,15,28,30,48,50,53,55,69,70,77,78" machi="77" ten="25,3200,0" yaku="1,1,22,2,53,0" doraHai="61" doraHaiUra="33" who="2" fromWho="0" sc="206,-32,637,0,107,42,40,0" /><INIT seed="6,0,0,4,1,112" ten="174,637,149,40" oya="2" hai0="22,34,71,0,101,133,45,12,110,14,33,119,5" hai1="108,76,127,52,126,85,35,75,122,89,77,94,105" hai2="36,23,43,88,62,66,123,61,70,118,21,134,58" hai3="44,132,11,84,91,46,29,121,19,16,92,42,72"/><V116/><F123/><W102/><G121/><T79/><D71/><U106/><E122/><V13/><F134/><W50/><G72/><T117/><D110/><U37/><E108/><V109/><F109/><W32/><G132/><T51/><D79/><U78/><E35/><V2/><F2/><W17/><G29/><T60/><D60/><U57/><E37/><V86/><F43/><W130/><G32/><T18/><D101/><U15/><E15/><V7/><F36/><W97/><G130/><T55/><D0/><U129/><E129/><V111/><F111/><W115/><G115/><T8/><D133/><U74/><E74/><V100/><F100/><W69/><G69/><T47/><D45/><U65/><E65/><V27/><F7/><W63/><G63/><T107/><D107/><U41/><E41/><V67/><F13/><W10/><REACH who="3" step="1"/><G44/><REACH who="3" ten="174,637,149,30" step="2"/><T83/><D33/><U38/><E75/><V56/><F70/><W90/><G90/><T3/><D34/><U40/><E40/><V28/><F21/><W113/><G113/><T31/><D31/><U53/><E53/><V131/><F131/><W128/><G128/><T104/><D22/><U95/><E95/><AGARI ba="0,1" hai="23,27,28,56,58,61,62,66,67,86,88,95,116,118" machi="95" ten="30,12000,1" yaku="7,1,9,1,52,2,54,1" doraHai="112" who="2" fromWho="1" sc="174,0,637,-120,149,130,30,0" /><AGARI ba="0,0" hai="10,11,16,17,19,42,46,50,84,91,92,95,97,102" machi="95" ten="40,5200,0" yaku="1,1,8,1,54,1,53,0" doraHai="112" doraHaiUra="26" who="3" fromWho="1" sc="174,0,517,-52,279,0,30,52" /><INIT seed="6,1,0,4,2,83" ten="174,465,279,82" oya="2" hai0="97,134,107,50,45,106,84,90,8,1,33,43,34" hai1="26,58,103,48,3,121,86,79,135,31,127,18,94" hai2="110,60,47,29,20,62,114,68,63,87,92,19,81" hai3="4,25,28,76,125,56,53,115,2,113,49,55,101"/><V40/><F114/><N who="3" m="43531" /><G4/><T77/><D134/><U74/><E3/><V85/><F110/><W11/><G11/><T30/><D77/><U89/><E121/><V99/><F29/><W72/><G2/><T59/><D30/><U66/><E127/><V122/><F68/><W46/><G101/><T54/><D107/><U44/><E18/><V73/><F122/><W78/><G72/><T93/><D1/><U98/><E79/><V65/><F65/><W124/><G25/><T120/><D120/><U24/><E74/><V52/><F73/><W129/><G28/><T109/><D109/><U38/><E38/><V42/><F81/><W22/><G22/><T117/><D117/><U27/><E135/><V36/><F52/><N who="3" m="29751" /><G78/><T37/><D8/><U91/><E91/><V51/><F40/><W7/><G76/><T104/><D104/><U41/><E58/><V126/><F36/><W111/><G7/><T70/><D70/><U16/><E66/><V100/><F126/><N who="3" m="48747" /><G111/><T123/><D123/><U112/><E112/><V67/><F67/><W88/><G88/><T116/><D106/><U13/><E31/><V102/><F102/><W128/><G55/><T133/><D33/><U21/><E26/><AGARI ba="1,0" hai="19,20,26,42,47,51,60,62,63,85,87,92,99,100" machi="26" ten="40,7700,0" yaku="8,1,52,2" doraHai="83" who="2" fromWho="1" sc="174,0,465,-80,279,80,82,0" /><INIT seed="6,2,0,2,1,103" ten="174,385,359,82" oya="2" hai0="86,34,28,110,35,51,104,24,78,89,66,59,16" hai1="125,97,26,14,65,39,29,64,38,106,111,71,74" hai2="134,85,58,123,61,55,100,131,21,77,101,72,50" hai3="126,128,68,73,99,40,32,75,15,60,10,115,102"/><V9/><F123/><W53/><G126/><T56/><D104/><U88/><E111/><V120/><F120/><W94/><G128/><T46/><D78/><U3/><E65/><V43/><F131/><W84/><G32/><T109/><D34/><N who="1" m="20791" /><E14/><V92/><F134/><W45/><G115/><T114/><D114/><U121/><E121/><V63/><F72/><W6/><G84/><T95/><D110/><U44/><E88/><N who="2" m="53263" /><F77/><W117/><G117/><T20/><D66/><U19/><E19/><V23/><F9/><W30/><G30/><T130/><D130/><U13/><E13/><V127/><F127/><W91/><G91/><T93/><D93/><U80/><E3/><V22/><F61/><W11/><G11/><T49/><D49/><U87/><E74/><V105/><F105/><W129/><G129/><T67/><D67/><U41/><E38/><V4/><F4/><W52/><G68/><T107/><D107/><U133/><E106/><V119/><F119/><W42/><G75/><T47/><D109/><U98/><E133/><V57/><F43/><W108/><G73/><T76/><D76/><U118/><E118/><V54/><AGARI ba="2,0" hai="21,22,23,50,54,55,57,58,63,100,101" m="53263" machi="54" ten="30,3000,0" yaku="8,1,54,1" doraHai="103" who="2" fromWho="2" sc="174,-12,385,-12,359,36,82,-12" /><INIT seed="6,3,0,5,4,130" ten="162,373,395,70" oya="2" hai0="76,128,59,26,69,20,64,13,60,112,127,53,106" hai1="88,125,7,50,3,111,97,40,83,17,16,52,35" hai2="102,93,124,43,58,55,66,80,72,108,48,29,65" hai3="122,12,1,8,34,89,25,28,2,4,134,10,101"/><V90/><F124/><W47/><G101/><T126/><D106/><U57/><E111/><V133/><F108/><W91/><G47/><T131/><D76/><U82/><E35/><V31/><F133/><W45/><G45/><T85/><D85/><U67/><E3/><N who="3" m="1034" /><G91/><T87/><D87/><U135/><E135/><V39/><F39/><W51/><G51/><N who="0" m="31167" /><D13/><U73/><E73/><V120/><F120/><W98/><G98/><T19/><D112/><U118/><E118/><V63/><F43/><W116/><G89/><T119/><D119/><U38/><E38/><V103/><F72/><W44/><G44/><T18/><D18/><N who="1" m="7275" /><E7/><V92/><F80/><W62/><G62/><T79/><D79/><U6/><E6/><V77/><F77/><W86/><G86/><T54/><D54/><U24/><E125/><AGARI ba="3,0" hai="19,20,26,60,64,69,125,126,127,128,131" m="31167" machi="125" ten="30,1000,0" yaku="18,1" doraHai="130" who="0" fromWho="1" sc="162,19,373,-19,395,0,70,0" /><INIT seed="7,0,0,0,1,77" ten="181,354,395,70" oya="3" hai0="69,67,61,57,25,38,14,62,11,104,124,92,8" hai1="31,65,99,48,126,90,30,0,45,82,120,98,2" hai2="29,70,101,114,51,41,88,26,43,102,53,66,34" hai3="107,50,122,117,36,64,85,103,113,52,10,35,21"/><W55/><G117/><T60/><D104/><U116/><E126/><V76/><F114/><W89/><G122/><T133/><D38/><U3/><E120/><V54/><F76/><W119/><G119/><T135/><D124/><U105/><E116/><V72/><F72/><W32/><G36/><T17/><D25/><U96/><E65/><V78/><F78/><W9/><G113/><T59/><D92/><U75/><E105/><V73/><F73/><W15/><G64/><T131/><D131/><U5/><E5/><V94/><F54/><W24/><G103/><T71/><D71/><U100/><E100/><V56/><F43/><W108/><G107/><T27/><D27/><U40/><REACH who="1" step="1"/><E75/><REACH who="1" ten="181,344,395,70" step="2"/><V134/><F134/><W7/><G108/><T74/><D74/><U132/><E132/><V95/><F66/><W87/><G10/><T128/><D128/><U16/><E16/><V20/><F101/><W4/><G4/><T97/><D67/><U6/><E6/><V79/><F102/><W83/><G87/><T111/><D111/><U115/><E115/><V37/><F70/><W23/><G55/><T93/><D69/><U129/><E129/><V118/><F118/><W58/><REACH who="3" step="1"/><G23/><REACH who="3" ten="181,344,395,60" step="2"/><N who="0" m="11703" /><D133/><U127/><E127/><V12/><F20/><W13/><G13/><T1/><D135/><U22/><E22/><V18/><F12/><W109/><G109/><T110/><D110/><U28/><E28/><AGARI ba="0,2" hai="7,9,15,21,24,28,32,35,50,52,58,83,85,89" machi="28" ten="30,11600,0" yaku="1,1,7,1,52,1,54,1,53,0" doraHai="77" doraHaiUra="125" who="3" fromWho="1" sc="181,0,344,-116,395,0,60,136" /><INIT seed="7,1,0,0,3,135" ten="181,228,395,196" oya="3" hai0="50,115,64,129,38,111,63,125,89,3,114,45,6" hai1="106,7,98,128,132,21,85,127,40,102,82,27,93" hai2="108,58,81,79,68,46,77,67,37,62,109,100,99" hai3="4,54,19,70,10,101,30,80,66,75,13,105,32"/><W14/><G75/><T124/><D111/><U22/><E132/><V134/><F134/><W71/><G80/><T65/><D129/><U42/><E128/><V41/><F58/><W57/><G101/><T31/><D31/><N who="1" m="17903" /><E106/><V16/><F16/><W74/><G74/><T94/><D38/><U11/><E127/><N who="0" m="48713" /><D6/><U18/><E11/><V88/><F88/><W69/><G105/><T123/><D3/><U52/><E52/><V36/><F36/><W121/><G121/><T8/><D8/><U103/><E103/><V55/><F55/><W126/><G126/><T104/><D104/><U59/><E59/><V49/><F37/><W29/><G32/><T130/><D130/><U91/><E7/><V73/><F79/><W0/><G0/><T5/><D5/><U48/><E48/><V118/><F118/><W76/><G66/><N who="0" m="25707" /><D63/><U84/><E84/><V1/><F1/><W39/><G39/><T86/><D123/><U110/><E110/><V61/><F62/><W12/><G29/><T24/><D24/><AGARI ba="1,0" hai="18,22,24,40,42,82,85,91,93,98,102" m="17903" machi="24" ten="30,1000,0" yaku="8,1" doraHai="135" who="1" fromWho="0" sc="181,-13,228,13,395,0,196,0" owari="168,-33.2,241,4.1,395,49.5,196,-20.4" /></mjloggm>