<mjloggm ver="2.3"><GO type="169" lobby="0"/><UN n0="%56%45%54%54%45%4C" n1="%E7%99%BD%E9%AB%AA%E9%AC%BC" n2="%E5%B0%8F%E8%B1%86%E6%A2%93" n3="%E7%88%86%E7%89%8C%E3%82%A6%E3%82%B7%E3%82%B8%E3%83%9E%E3%81%8F%E3%82%93" dan="17,16,16,19" rate="2167.96,2127.75,2141.54,2258.68" sx="M,M,F,M"/><TAIKYOKU oya="0"/><INIT seed="0,0,0,4,5,9" ten="250,250,250,250" oya="0" hai0="10,24,81,43,27,134,22,21,115,78,96,20,54" hai1="39,130,73,13,110,106,117,8,75,69,133,12,71" hai2="102,50,135,35,121,1,62,57,18,5,120,46,6" hai3="45,80,16,30,28,90,104,26,77,112,87,79,116"/><T61/><D115/><U63/><E117/><V93/><F135/><W0/><G112/><T126/><D134/><U42/><E133/><V113/><F113/><W55/><G104/><T108/><D126/><U123/><E123/><V70/><F70/><W68/><G0/><T129/><D129/><U2/><E106/><V89/><F102/><W34/><G68/><T19/><D43/><U17/><E2/><V109/><F109/><W38/><G116/><T119/><D119/><U23/><E130/><V4/><F35/><W91/><G91/><T60/><D108/><U128/><E110/><V56/><F18/><W3/><G3/><T72/><D96/><U67/><E69/><V36/><F36/><W29/><G34/><T101/><D101/><U124/><E124/><V64/><F57/><W99/><G99/><T114/><D114/><U122/><E122/><V31/><F31/><W100/><G100/><T33/><D33/><U131/><E131/><V107/><F107/><W103/><G103/><T125/><D125/><U32/><E32/><V66/><F66/><W48/><G38/><T132/><D132/><U118/><E128/><V25/><F1/><W76/><G26/><N who="0" m="9771" /><D54/><U37/><E118/><V111/><F111/><W127/><G127/><T40/><D40/><U98/><E39/><V47/><F121/><W15/><G30/><T59/><D59/><U53/><E73/><V11/><F120/><W65/><G65/><T52/><D52/><U85/><E37/><V88/><F64/><W51/><G51/><T94/><D94/><U58/><E71/><V105/><F105/><RYUUKYOKU type="nm" ba="0,0" sc="250,-40,250,80,250,-20,250,-20" hai0="10,19,20,21,22,60,61,72,78,81" hai3="15,16,28,29,45,48,55,76,77,79,80,87,90" /><INIT seed="0,1,0,4,0,75" ten="210,330,230,230" oya="0" hai0="123,98,22,106,97,114,70,14,62,73,65,44,30" hai1="131,9,127,104,54,121,113,15,61,68,125,77,49" hai2="71,13,36,8,90,132,12,23,27,57,41,105,51" hai3="40,46,48,88,122,6,39,43,7,0,31,28,25"/><T47/><D123/><U72/><E121/><V3/><F71/><W24/><G122/><T10/><D114/><U102/><E113/><V33/><F105/><W67/><G67/><T59/><D73/><U80/><E131/><V60/><F36/><W86/><G39/><T32/><D59/><U115/><E115/><V101/><F33/><W55/><G0/><T1/><D98/><U109/><E109/><V108/><F101/><W103/><G103/><N who="0" m="62831" /><D22/><U52/><E102/><V63/><F108/><W110/><G110/><T20/><D20/><U69/><E104/><V82/><F3/><W56/><G25/><N who="0" m="18511" /><D1/><U124/><E61/><V118/><F118/><W37/><G43/><T35/><D35/><U96/><E96/><V117/><F117/><W17/><G17/><AGARI ba="1,0" hai="10,14,17,44,47,62,65,70" m="18511,62831" machi="17" ten="30,1500,0" yaku="25,1" doraHai="75" who="0" fromWho="3" sc="210,18,330,0,230,0,230,-18" /><INIT seed="0,2,0,5,2,107" ten="228,330,230,212" oya="0" hai0="87,16,82,13,36,106,0,10,49,9,81,72,23" hai1="126,60,3,48,2,103,59,14,33,64,5,39,37" hai2="47,124,22,129,113,42,117,91,76,109,55,95,114" hai3="8,89,58,56,45,19,119,105,90,125,41,127,123"/><T99/><D36/><U116/><E33/><V61/><F109/><W86/><G119/><T50/><D0/><U62/><E116/><V35/><F35/><W66/><G105/><T101/><D82/><U11/><E126/><N who="3" m="48138" /><G123/><T63/><D63/><U68/><E48/><V38/><F117/><W96/><G96/><T121/><D121/><U122/><E122/><V102/><F124/><W130/><G130/><T30/><D72/><U115/><E103/><V100/><F129/><W88/><G86/><T54/><D30/><U71/><E115/><V74/><F102/><W104/><G104/><T26/><D54/><U84/><E84/><V78/><F100/><W12/><G66/><T31/><REACH who="0" step="1"/><D10/><REACH who="0" ten="218,330,230,212" step="2"/><U70/><E62/><V79/><F74/><W24/><G24/><T85/><D85/><U51/><E51/><AGARI ba="2,1" hai="8,12,19,41,45,51,56,58,88,89,90" m="48138" machi="51" ten="30,2000,0" yaku="18,1,54,1" doraHai="107" who="3" fromWho="1" sc="218,0,330,-26,230,0,212,36" /><INIT seed="1,0,0,0,1,37" ten="218,304,230,248" oya="1" hai0="99,57,115,52,106,31,75,3,107,87,98,16,108" hai1="79,104,43,131,100,120,94,58,26,30,110,12,50" hai2="121,11,130,46,96,90,22,25,72,32,101,97,27" hai3="89,21,2,48,132,91,103,65,29,28,60,83,8"/><U105/><E120/><V14/><F121/><W40/><G132/><T119/><D75/><U18/><E131/><V55/><F130/><W0/><G103/><T77/><D115/><U24/><E79/><V38/><F72/><W49/><G21/><T113/><D119/><U41/><E110/><V6/><F90/><W93/><G83/><T127/><D3/><U81/><E81/><V19/><F32/><W122/><G122/><T112/><D31/><U67/><E105/><V51/><F38/><W20/><G20/><T73/><D108/><U102/><E104/><V61/><F27/><W44/><G49/><T59/><D73/><U39/><E39/><V134/><F134/><W15/><G89/><T62/><D127/><U34/><E24/><V123/><F123/><W23/><G23/><T56/><D112/><U95/><E102/><V133/><F133/><W118/><G2/><T54/><D113/><U42/><E100/><V7/><F61/><W85/><G0/><T10/><D106/><U66/><E50/><V4/><REACH who="2" step="1"/><F101/><REACH who="2" ten="218,304,220,248" step="2"/><W1/><G118/><T13/><D107/><U9/><REACH who="1" step="1"/><E67/><REACH who="1" ten="218,294,220,248" step="2"/><V125/><F125/><W117/><G117/><T69/><D77/><U92/><E92/><V109/><F109/><W86/><G93/><T128/><D128/><U78/><E78/><V36/><F36/><W33/><G65/><T124/><D124/><U35/><E35/><V88/><F88/><W76/><G91/><T126/><D126/><U45/><E45/><V116/><F116/><W80/><G76/><T5/><D87/><U47/><E47/><V53/><F53/><RYUUKYOKU ba="0,2" sc="218,-15,294,15,220,15,248,-15" hai1="9,12,18,26,30,34,41,42,43,58,66,94,95" hai2="4,6,7,11,14,19,22,25,46,51,55,96,97" /><INIT seed="1,1,2,2,3,40" ten="203,309,235,233" oya="1" hai0="112,82,16,106,25,39,24,44,86,49,73,45,43" hai1="19,9,127,28,117,31,98,36,113,62,77,33,1" hai2="60,65,58,51,95,109,118,37,18,41,116,131,104" hai3="68,32,134,47,48,54,91,66,75,100,129,88,13"/><U76/><E117/><V67/><F104/><W5/><G32/><T111/><D112/><U128/><E113/><V21/><F109/><W34/><G34/><T8/><D111/><U10/><E36/><V89/><F37/><W78/><G129/><T26/><D73/><U108/><E128/><V96/><F131/><W135/><G100/><T101/><D106/><U72/><E108/><V119/><F65/><W90/><G68/><T92/><D101/><U46/><E33/><V103/><F103/><W69/><G69/><T3/><D92/><U56/><E72/><V22/><REACH who="2" step="1"/><F18/><REACH who="2" ten="203,309,225,233" step="2"/><W94/><G66/><T35/><D35/><U11/><E19/><V133/><F133/><W50/><G134/><T122/><D122/><U64/><E127/><V52/><F52/><N who="3" m="29727" /><G135/><T4/><D16/><U74/><E64/><V102/><F102/><W85/><G75/><T80/><REACH who="0" step="1"/><D86/><REACH who="0" ten="193,309,225,233" step="2"/><U61/><E74/><V0/><F0/><W130/><G130/><T120/><D120/><U20/><E1/><V99/><F99/><W57/><G78/><T83/><D83/><U17/><E98/><V124/><F124/><W27/><G27/><T30/><D30/><U70/><E28/><V53/><F53/><AGARI ba="1,4" hai="3,4,8,24,25,26,39,43,44,45,49,53,80,82" machi="53" ten="40,5200,0" yaku="1,1,52,2,53,0" doraHai="40" doraHaiUra="107" who="0" fromWho="2" sc="193,95,309,0,225,-55,233,0" /><INIT seed="2,0,0,4,3,77" ten="288,309,170,233" oya="2" hai0="88,120,55,94,90,108,26,46,17,71,21,80,87" hai1="4,27,59,107,85,53,133,92,99,22,35,91,96" hai2="5,97,49,131,0,30,3,68,72,11,15,129,127" hai3="2,43,93,52,65,74,76,113,19,134,62,33,18"/><V9/><F72/><W63/><G33/><T124/><D120/><U60/><E35/><V111/><F68/><W57/><G2/><T114/><D114/><U84/><E133/><V12/><F49/><W8/><G134/><T69/><D108/><U36/><E36/><V83/><F97/><W23/><G113/><T98/><REACH who="0" step="1"/><D124/><REACH who="0" ten="278,309,170,233" step="2"/><U109/><E109/><V25/><F111/><W75/><G43/><T82/><D82/><U66/><E107/><V32/><F83/><W117/><G117/><T115/><D115/><U106/><E106/><V42/><F127/><W81/><G93/><T16/><D16/><N who="1" m="12743" /><E4/><N who="2" m="3175" /><F42/><W126/><G126/><T50/><AGARI ba="0,1" hai="17,21,26,46,50,55,69,71,80,87,88,90,94,98" machi="50" ten="30,7900,0" yaku="1,1,0,1,52,1,54,1,53,0" doraHai="77" doraHaiUra="102" who="0" fromWho="0" sc="278,89,309,-20,170,-39,233,-20" /><INIT seed="3,0,0,1,4,6" ten="367,289,131,213" oya="3" hai0="74,94,102,55,62,15,120,40,45,63,134,10,0" hai1="41,12,54,68,60,89,107,99,85,16,97,131,119" hai2="76,13,37,86,29,9,80,46,83,43,96,88,27" hai3="44,90,39,124,66,77,115,42,122,52,5,113,65"/><W91/><G77/><T79/><D120/><U17/><E119/><V117/><F117/><W38/><G122/><T128/><D134/><U30/><E131/><V8/><F13/><W132/><G132/><T125/><D128/><U105/><E41/><V48/><F37/><W18/><G124/><T1/><D125/><U101/><E30/><V19/><F19/><W108/><G18/><T106/><D106/><U78/><E78/><V118/><F118/><W33/><G33/><T75/><D0/><U70/><E17/><V4/><F4/><W133/><G133/><T36/><D1/><U7/><E7/><V34/><F96/><W57/><G5/><T14/><D79/><U67/><E54/><V69/><F69/><W109/><G90/><T2/><D2/><U31/><E31/><V71/><F71/><W73/><G91/><T114/><D75/><AGARI ba="0,0" hai="8,9,27,29,34,43,46,48,75,76,80,83,86,88" machi="75" ten="30,7700,0" yaku="7,1,52,2,54,1" doraHai="6" who="2" fromWho="0" sc="367,-77,289,0,131,77,213,0" /><INIT seed="4,0,0,4,2,13" ten="290,289,208,213" oya="0" hai0="54,44,65,134,18,117,99,83,25,1,51,26,69" hai1="128,101,66,45,40,106,98,68,36,48,132,42,39" hai2="131,58,22,11,52,43,110,115,53,70,0,129,104" hai3="79,10,55,126,93,67,37,30,50,113,91,124,94"/><T24/><D117/><U123/><E123/><V121/><F104/><W57/><G113/><T97/><D1/><U49/><E128/><N who="2" m="49227" /><F110/><W84/><G37/><T81/><D134/><U56/><E132/><V112/><F70/><W3/><G30/><T35/><D35/><U31/><E31/><V20/><F43/><W122/><G122/><T41/><D69/><U62/><REACH who="1" step="1"/><E56/><REACH who="1" ten="290,279,208,213" step="2"/><V90/><F121/><W109/><G57/><T34/><D34/><U95/><E95/><V9/><F115/><W16/><G94/><T47/><D83/><U111/><E111/><V88/><F112/><W78/><G109/><T108/><D81/><U77/><E77/><V21/><F0/><W76/><G3/><T120/><D108/><U72/><E72/><V135/><F135/><W14/><G67/><T60/><D120/><U80/><E80/><V4/><F4/><W28/><G28/><T75/><D75/><U125/><E125/><V2/><F2/><W87/><G124/><T27/><D65/><U17/><E17/><V119/><F119/><W107/><G126/><T33/><D33/><U86/><E86/><V5/><F5/><W64/><G64/><T127/><D127/><U133/><E133/><V85/><F85/><N who="3" m="52463" /><G107/><T114/><D114/><U32/><E32/><V29/><F29/><W96/><G87/><T61/><D97/><U23/><E23/><V7/><F7/><W73/><G96/><T38/><D99/><U116/><E116/><V92/><F92/><W59/><G73/><T103/><D103/><U118/><E118/><V130/><F130/><W8/><G84/><RYUUKYOKU ba="0,1" sc="290,10,279,10,208,-30,213,10" hai0="18,24,25,26,27,38,41,44,47,51,54,60,61" hai1="36,39,40,42,45,48,49,62,66,68,98,101,106" hai3="8,10,14,16,50,55,59,76,78,79" /><INIT seed="4,1,1,3,2,102" ten="300,289,178,223" oya="0" hai0="129,119,71,60,72,33,123,83,13,116,29,100,113" hai1="62,69,43,82,58,77,61,81,35,111,97,132,95" hai2="46,55,3,9,50,109,7,85,76,41,65,52,17" hai3="108,25,8,14,75,87,64,80,133,101,94,125,6"/><T78/><D123/><U32/><E111/><V70/><F109/><W40/><G108/><T45/><D113/><U131/><E131/><V73/><F17/><W19/><G125/><T130/><D100/><U51/><E69/><V93/><F85/><W117/><G117/><N who="0" m="45131" /><D13/><U107/><E107/><V68/><F93/><W36/><G133/><T26/><D45/><U121/><E132/><V128/><F128/><N who="0" m="49258" /><D60/><U15/><E121/><V42/><F42/><W104/><G40/><T11/><D11/><U96/><E15/><V10/><F10/><W54/><G14/><T53/><D53/><U30/><E43/><V124/><F124/><W90/><G54/><T114/><D114/><U110/><E110/><V37/><F65/><W79/><G64/><T48/><D48/><U16/><E51/><V99/><F99/><W135/><G135/><T44/><D44/><U115/><E115/><V118/><F118/><W66/><G66/><T91/><D91/><U20/><E97/><V24/><F24/><W134/><G134/><T56/><D56/><U22/><E58/><N who="2" m="33047" /><F55/><W86/><G8/><T122/><D122/><U49/><E49/><V12/><F12/><W67/><G67/><T88/><D71/><U27/><E62/><V31/><F31/><W126/><G101/><T4/><D4/><U0/><E61/><V74/><F74/><W39/><G6/><T89/><AGARI ba="1,1" hai="26,29,33,72,78,83,88,89" m="49258,45131" machi="89" ten="40,3900,0" yaku="19,1,54,1" doraHai="102" who="0" fromWho="0" sc="300,52,289,-14,178,-14,223,-14" /><INIT seed="4,2,0,4,1,84" ten="352,275,164,209" oya="0" hai0="45,24,54,62,122,38,90,70,23,102,44,58,67" hai1="35,72,110,95,16,64,28,2,4,133,78,116,115" hai2="48,60,25,26,121,68,86,0,135,55,91,118,17" hai3="9,32,132,105,76,73,93,106,69,119,3,20,117"/><T5/><D122/><U71/><E95/><V97/><F121/><W7/><G20/><T12/><D102/><U79/><E79/><V53/><F135/><W87/><G132/><T61/><D38/><U108/><E16/><V88/><F0/><W30/><G69/><T126/><D126/><U14/><E14/><V21/><F118/><N who="3" m="45067" /><G87/><T131/><D131/><U124/><E64/><V113/><F113/><W123/><G93/><T41/><D41/><U50/><E50/><V13/><F68/><W29/><G29/><T57/><D70/><U104/><E4/><V107/><F107/><W36/><G36/><T129/><D129/><U92/><E92/><N who="2" m="56479" /><F60/><W6/><G6/><T31/><D90/><U10/><E28/><V77/><F77/><W89/><G89/><T51/><D51/><U112/><E78/><V127/><F127/><W130/><G130/><T74/><D74/><U128/><E10/><AGARI ba="2,0" hai="5,10,12,23,24,31,44,45,54,57,58,61,62,67" machi="10" ten="40,2000,0" yaku="8,1" doraHai="84" who="0" fromWho="1" sc="352,26,275,-26,164,0,209,0" /><INIT seed="4,3,0,3,2,98" ten="378,249,164,209" oya="0" hai0="20,14,78,74,114,48,125,62,77,134,130,70,115" hai1="7,88,90,76,124,10,24,22,101,95,51,17,126" hai2="128,18,122,110,87,1,55,26,127,6,104,52,108" hai3="63,131,75,15,41,30,21,56,60,49,85,119,57"/><T93/><D130/><U8/><E76/><V2/><F122/><W40/><G75/><T68/><D134/><U82/><E51/><V73/><F73/><W81/><G131/><T58/><D125/><N who="1" m="48235" /><E82/><V3/><F127/><W66/><G119/><T121/><D121/><U109/><E109/><V0/><F128/><W11/><G21/><T50/><D93/><U103/><E90/><V35/><F104/><W38/><G30/><T28/><D74/><U29/><E29/><V5/><F87/><W105/><G49/><N who="0" m="19051" /><D14/><N who="1" m="5407" /><E10/><V42/><F42/><W123/><G38/><T67/><D28/><U135/><E135/><V16/><F3/><W107/><G107/><T69/><D20/><U97/><AGARI ba="3,0" hai="17,22,24,88,95,97,101,103" m="5407,48235" machi="97" ten="30,7900,0" yaku="18,1,52,2,54,1" doraHai="98" who="1" fromWho="1" sc="378,-42,249,88,164,-23,209,-23" /><INIT seed="5,0,0,2,3,20" ten="336,337,141,186" oya="1" hai0="10,86,52,55,2,57,100,69,135,127,32,115,28" hai1="109,74,19,67,26,72,31,78,48,75,128,125,102" hai2="43,114,110,33,41,71,38,133,121,112,104,117,7" hai3="11,122,91,18,73,120,8,101,87,24,76,108,81"/><U83/><E128/><V96/><RYUUKYOKU type="yao9" ba="0,0" sc="336,0,337,0,141,0,186,0" hai2="7,33,38,41,43,71,96,104,110,112,114,117,121,133" /><INIT seed="5,1,0,1,3,88" ten="336,337,141,186" oya="1" hai0="126,108,97,20,84,40,128,93,109,36,122,69,103" hai1="49,5,77,98,110,71,28,35,80,79,129,130,47" hai2="46,133,70,107,51,61,74,41,113,125,22,31,83" hai3="100,76,7,37,21,44,91,131,104,67,55,105,50"/><U52/><E71/><V43/><F107/><W96/><G131/><N who="1" m="50186" /><E110/><V57/><F74/><W16/><G76/><T27/><D69/><U24/><E5/><V64/><F83/><W94/><G67/><T9/><D128/><U99/><E79/><V87/><F87/><AGARI ba="1,0" hai="24,28,35,47,49,52,77,80,87,98,99" m="50186" machi="87" ten="30,2900,0" yaku="19,1,54,1" doraHai="88" who="1" fromWho="2" sc="336,0,337,32,141,-32,186,0" /><INIT seed="5,2,0,4,1,78" ten="336,369,109,186" oya="1" hai0="29,109,65,58,91,72,92,7,98,40,8,129,25" hai1="100,15,130,5,111,27,84,61,90,0,48,106,11" hai2="116,81,108,23,113,96,44,45,21,94,60,41,75" hai3="86,1,89,19,131,123,57,51,69,120,43,47,76"/><U107/><E130/><V79/><F108/><W67/><G131/><T80/><D109/><U38/><E38/><V33/><F116/><W59/><G1/><T34/><D40/><U112/><E111/><V4/><F33/><W102/><G102/><T35/><D129/><U82/><E112/><V88/><F113/><W42/><G76/><T115/><D115/><U74/><E74/><V3/><F45/><W135/><G135/><T110/><D110/><U10/><E100/><V121/><F121/><W99/><G99/><T87/><D72/><U32/><E61/><V95/><F60/><W37/><G19/><T24/><D65/><U128/><E128/><V125/><F125/><W14/><G14/><T77/><D58/><N who="3" m="22025" /><G86/><T9/><REACH who="0" step="1"/><D7/><REACH who="0" ten="326,369,109,186" step="2"/><U124/><E124/><V105/><F105/><W85/><G43/><T103/><D103/><U127/><E127/><V118/><F118/><W132/><G42/><T54/><D54/><U55/><E55/><V133/><F133/><W49/><G67/><T114/><D114/><U2/><E48/><V73/><F73/><W28/><G51/><T71/><D71/><U6/><REACH who="1" step="1"/><E15/><REACH who="1" ten="326,359,109,186" step="2"/><V18/><F75/><W83/><G49/><T117/><D117/><U50/><E50/><V64/><F41/><N who="3" m="22959" /><G132/><T101/><D101/><U46/><E46/><V66/><F44/><W30/><G69/><T122/><D122/><U20/><E20/><V70/><F70/><W53/><G53/><T22/><D22/><U26/><E26/><V52/><F52/><W31/><G123/><T126/><D126/><U62/><E62/><V16/><F23/><RYUUKYOKU ba="2,2" sc="326,10,359,10,109,-30,186,10" hai0="8,9,24,25,29,34,35,77,80,87,91,92,98" hai1="0,2,5,6,10,11,27,32,82,84,90,106,107" hai3="28,30,31,83,85,89,120" /><INIT seed="5,3,2,4,1,48" ten="336,369,79,196" oya="1" hai0="73,2,25,28,1,46,59,134,41,8,72,66,27" hai1="29,89,127,101,78,116,36,38,85,18,53,75,43" hai2="45,68,32,123,51,13,92,135,103,0,126,44,81" hai3="131,12,19,33,65,22,56,55,124,129,50,111,76"/><U17/><E116/><V132/><F0/><W125/><G111/><T23/><D134/><N who="2" m="51242" /><F32/><W52/><G33/><T26/><D72/><U83/><E127/><N who="3" m="48714" /><G76/><T35/><D73/><U21/><E101/><V96/><F126/><W79/><G79/><T121/><D121/><U63/><E29/><V118/><F123/><W122/><G122/><T133/><D133/><U97/><E43/><V74/><F118/><W57/><G65/><T7/><D66/><U49/><E63/><AGARI ba="3,2" hai="12,19,22,50,52,55,56,57,63,129,131" m="48714" machi="63" ten="30,7700,0" yaku="18,1,52,2,54,1" doraHai="48" who="3" fromWho="1" sc="336,0,369,-86,79,0,196,106" /><INIT seed="6,0,0,4,5,37" ten="336,283,79,302" oya="2" hai0="33,44,101,79,111,93,128,48,43,82,106,99,34" hai1="76,30,96,53,45,62,59,84,131,40,56,108,70" hai2="94,73,80,19,72,119,63,35,39,129,88,91,6" hai3="118,81,20,32,89,42,18,132,102,123,125,112,92"/><V11/><F119/><W50/><G118/><T133/><D111/><U27/><E108/><V115/><F35/><W117/><G117/><T124/><D128/><U67/><E131/><V21/><F129/><W54/><G32/><T38/><D124/><U25/><E96/><V86/><F115/><W77/><G125/><T2/><D133/><U68/><E68/><V105/><F105/><W29/><G132/><T97/><D2/><U10/><E10/><V60/><F39/><W23/><G102/><T4/><D38/><U113/><E113/><V116/><F116/><W134/><G134/><T9/><D9/><U121/><E121/><V13/><F73/><W95/><G123/><T31/><D4/><U64/><E70/><V28/><F28/><W61/><G23/><T49/><D31/><U8/><E8/><V46/><F46/><N who="3" m="25943" /><G77/><T41/><D49/><N who="1" m="26791" /><E30/><V103/><F103/><W107/><G107/><T75/><REACH who="0" step="1"/><D43/><REACH who="0" ten="326,283,79,302" step="2"/><U1/><E1/><V26/><REACH who="2" step="1"/><F72/><REACH who="2" ten="326,283,69,302" step="2"/><W55/><G29/><T109/><D109/><U85/><E25/><V130/><F130/><W98/><G112/><T135/><D135/><U7/><E27/><V83/><F83/><W74/><G81/><T14/><D14/><U52/><E7/><V5/><F5/><W126/><G74/><T15/><D15/><U57/><E76/><V16/><F16/><W3/><G126/><T22/><D22/><U110/><E110/><V51/><F51/><W120/><G18/><T90/><AGARI ba="0,2" hai="33,34,41,44,48,75,79,82,90,93,97,99,101,106" machi="90" ten="20,5200,0" yaku="1,1,0,1,7,1,52,1,53,0" doraHai="37" doraHaiUra="122" who="0" fromWho="0" sc="326,72,283,-13,69,-26,302,-13" /><INIT seed="7,0,0,1,3,35" ten="398,270,43,289" oya="3" hai0="131,25,30,63,94,21,98,58,45,122,108,118,105" hai1="132,99,72,113,1,27,5,34,130,11,69,78,15" hai2="115,38,14,87,71,26,17,12,23,96,125,43,6" hai3="91,65,9,82,33,46,121,40,37,129,53,50,127"/><W42/><G121/><T22/><D122/><U92/><E113/><V104/><F71/><W134/><G33/><T49/><D118/><U128/><E69/><V57/><F57/><W109/><G127/><T77/><D108/><U54/><E132/><V110/><F87/><W4/><G134/><T74/><D105/><U93/><E78/><V0/><F96/><W2/><G129/><N who="1" m="49770" /><E72/><V117/><F43/><W66/><G109/><T18/><D74/><U51/><E34/><V52/><F52/><W28/><G28/><T106/><D77/><U8/><E27/><V120/><F38/><W67/><REACH who="3" step="1"/><G37/><REACH who="3" ten="398,270,43,279" step="2"/><T133/><D133/><U124/><E124/><V126/><F110/><W56/><G56/><T73/><D58/><N who="1" m="33119" /><E99/><V84/><F120/><W85/><AGARI ba="0,1" hai="2,4,9,40,42,46,50,53,65,66,67,82,85,91" machi="85" ten="30,11700,0" yaku="1,1,0,1,52,1,53,1" doraHai="35" doraHaiUra="7" who="3" fromWho="3" sc="398,-39,270,-39,43,-39,279,127" owari="359,15.9,231,-16.9,4,-49.6,406,50.6" /></mjloggm>