<mjloggm ver="2.3"><GO type="169" lobby="0"/><UN n0="%6B%61%73%68%69%61" n1="%E7%94%9F%E5%BE%92%E4%BC%9A%E3%80%90%E5%BA%8F%E3%80%91" n2="%E3%81%B1%E3%83%BC%E3%81%9B%E3%82%93%E3%81%A8%E4%BE%8D" n3="%E6%96%90%E6%B5%85" dan="16,16,18,16" rate="2060.86,2132.50,2194.79,2076.90" sx="M,M,M,M"/><TAIKYOKU oya="0"/><INIT seed="0,0,0,1,4,82" ten="250,250,250,250" oya="0" hai0="23,56,26,59,133,119,80,123,31,54,101,50,71" hai1="104,14,79,41,4,107,134,83,130,98,0,11,125" hai2="29,93,126,117,75,109,38,8,1,115,44,95,89" hai3="52,103,63,76,64,35,81,42,40,70,7,55,116"/><T61/><D119/><U32/><E134/><V84/><F115/><W85/><G116/><T112/><D133/><U127/><E130/><V62/><F117/><W106/><G35/><T66/><D112/><U57/><E32/><V77/><F109/><W78/><G78/><T135/><D135/><U22/><E41/><V69/><F29/><W20/><G7/><T21/><D123/><U111/><E111/><V60/><F126/><N who="1" m="48137" /><E98/><V124/><F69/><W65/><G65/><T33/><D101/><U99/><E99/><V47/><F95/><W12/><G103/><T13/><D71/><U129/><E57/><V48/><F44/><W96/><G96/><T91/><REACH who="0" step="1"/><D13/><REACH who="0" ten="240,250,250,250" step="2"/><U43/><E129/><V30/><F124/><W37/><G12/><T105/><D105/><U24/><E14/><V92/><F1/><W113/><G106/><T68/><D68/><U45/><E107/><V132/><F132/><W28/><G113/><T114/><D114/><U39/><E104/><V58/><F75/><W25/><REACH who="3" step="1"/><G37/><REACH who="3" ten="240,250,250,240" step="2"/><T131/><D131/><U3/><E3/><V72/><F38/><W27/><G27/><T73/><D73/><N who="1" m="43503" /><E24/><V121/><F72/><W36/><G36/><T87/><AGARI ba="0,2" hai="21,23,26,31,33,50,54,56,59,61,66,80,87,91" machi="87" ten="30,6000,0" yaku="1,1,0,1,52,1,53,0" doraHai="82" doraHaiUra="128" who="0" fromWho="0" sc="240,80,250,-20,250,-20,240,-20" /><INIT seed="0,1,0,5,3,4" ten="320,230,230,220" oya="0" hai0="5,96,116,113,133,75,105,26,122,34,123,121,114" hai1="108,92,95,65,117,128,7,100,0,71,60,37,56" hai2="48,62,32,25,59,127,64,103,1,46,111,109,88" hai3="79,135,29,124,9,28,23,53,42,13,118,43,61"/><T6/><D75/><U63/><E117/><V130/><F103/><W81/><G118/><T78/><D78/><U115/><E37/><V45/><F1/><W125/><G135/><T55/><D116/><U87/><E128/><V33/><F130/><W134/><G134/><T38/><D38/><U86/><E108/><N who="2" m="41547" /><F127/><N who="3" m="48715" /><G61/><T93/><D105/><U30/><E30/><N who="3" m="11882" /><G23/><T98/><D133/><U94/><E100/><V27/><F46/><W102/><G53/><T84/><D55/><U68/><E115/><V11/><F27/><W40/><G102/><T39/><D26/><U90/><E90/><V82/><F25/><W107/><G107/><T14/><D122/><U120/><E120/><V73/><F11/><W69/><G69/><T58/><D114/><U19/><E71/><V16/><F88/><W129/><G129/><T104/><D104/><U12/><E0/><V47/><F47/><W99/><G99/><T20/><D98/><U110/><E110/><V35/><F35/><W70/><G70/><T3/><D113/><U67/><REACH who="1" step="1"/><E19/><REACH who="1" ten="320,220,230,220" step="2"/><V17/><F17/><N who="3" m="8367" /><G43/><T52/><D123/><U22/><E22/><V50/><F32/><W21/><G21/><T119/><D119/><U24/><E24/><V89/><F33/><W77/><G77/><T72/><D34/><U31/><E31/><V106/><F16/><W132/><G132/><T2/><D20/><U131/><E131/><V18/><F18/><W8/><G8/><AGARI ba="1,1" hai="7,8,12,56,60,63,65,67,68,86,87,92,94,95" machi="8" ten="40,2600,0" yaku="1,1,52,1,53,0" doraHai="4" doraHaiUra="15" who="1" fromWho="3" sc="320,0,220,39,230,0,220,-29" /><INIT seed="1,0,0,0,1,117" ten="320,259,230,191" oya="1" hai0="2,30,93,125,134,116,119,46,110,45,73,37,86" hai1="31,6,80,102,10,109,87,33,122,27,83,36,77" hai2="7,105,69,0,19,53,97,1,126,78,51,95,61" hai3="9,50,90,23,81,132,21,92,58,14,22,103,100"/><U12/><E36/><V135/><F126/><W55/><G81/><T111/><D73/><U115/><E115/><V41/><F135/><W74/><G74/><T127/><D2/><U25/><E102/><V101/><F7/><W104/><G104/><T48/><D30/><U128/><E128/><V91/><F78/><W16/><REACH who="3" step="1"/><G132/><REACH who="3" ten="320,259,230,181" step="2"/><T20/><D134/><U114/><E114/><V62/><F105/><W29/><G29/><T3/><D127/><U11/><E31/><V99/><F95/><W94/><G94/><T130/><D125/><U70/><E83/><V15/><F1/><W82/><G82/><T68/><D93/><U54/><E80/><V56/><F0/><W52/><G52/><T32/><D3/><U47/><E54/><V64/><F53/><W131/><G131/><T85/><D130/><U120/><E77/><V38/><F99/><AGARI ba="0,1" hai="9,14,16,21,22,23,50,55,58,90,92,99,100,103" machi="99" ten="40,8000,1" yaku="1,1,8,1,54,1,53,1" doraHai="117" doraHaiUra="44" who="3" fromWho="2" sc="320,0,259,0,230,-80,181,90" /><INIT seed="2,0,0,3,5,0" ten="320,259,150,271" oya="2" hai0="46,5,36,107,38,85,65,16,14,95,19,9,23" hai1="104,113,135,7,123,77,52,40,89,132,57,109,84" hai2="10,28,99,115,125,88,54,131,105,43,51,81,121" hai3="50,96,44,30,86,15,32,6,18,12,126,112,97"/><V55/><F115/><W48/><G112/><T130/><D107/><U71/><E113/><V66/><F121/><W106/><G126/><T20/><D130/><U122/><E71/><V22/><F125/><W33/><G30/><T117/><D117/><U70/><E70/><V72/><F131/><W119/><G119/><T4/><D65/><U87/><E104/><V60/><F10/><W92/><G106/><T127/><D127/><U103/><E103/><V62/><F43/><W82/><G18/><T67/><D67/><U91/><E40/><V56/><F105/><W83/><G92/><T80/><D46/><U35/><E35/><V98/><F72/><W1/><G86/><N who="1" m="32810" /><E7/><N who="0" m="2633" /><D38/><U24/><E24/><N who="2" m="16407" /><F62/><W47/><REACH who="3" step="1"/><G6/><REACH who="3" ten="320,259,150,261" step="2"/><N who="0" m="3383" /><D95/><U134/><E122/><V114/><F114/><W21/><G21/><N who="0" m="8267" /><D36/><U11/><E123/><V93/><F81/><W133/><G133/><T3/><D3/><AGARI ba="0,1" hai="1,3,12,15,32,33,44,47,48,50,82,83,96,97" machi="3" ten="25,8000,1" yaku="1,1,22,2,53,2" doraHai="0" doraHaiUra="45" who="3" fromWho="0" sc="320,-80,259,0,150,0,261,90" /><INIT seed="3,0,0,4,2,17" ten="240,259,150,351" oya="3" hai0="48,32,75,133,45,83,96,28,51,52,99,92,35" hai1="114,105,47,27,101,95,25,64,72,14,132,77,126" hai2="82,4,58,98,59,29,134,109,87,56,10,94,112" hai3="104,102,38,12,120,108,37,129,69,22,40,103,85"/><W8/><G120/><T115/><D133/><U128/><E132/><V86/><F134/><W88/><G69/><T124/><D124/><U41/><E114/><V93/><F109/><W74/><G74/><T73/><D115/><U135/><E135/><V123/><F123/><W26/><G129/><T49/><D49/><U46/><E126/><V111/><F111/><W91/><G104/><T107/><D107/><U7/><E64/><V53/><F112/><W50/><G38/><T6/><D6/><U106/><E128/><V89/><F29/><N who="3" m="17623" /><G37/><T116/><D116/><U18/><E7/><V42/><F42/><W76/><G76/><T31/><D92/><U61/><E77/><V11/><F53/><W113/><G113/><T130/><D83/><U121/><E72/><V131/><F131/><W65/><G65/><T3/><D130/><U20/><E121/><V84/><F4/><N who="3" m="3079" /><G108/><T68/><D68/><U1/><E1/><V54/><F54/><W71/><G71/><T122/><D52/><U9/><E41/><V19/><F19/><W57/><G57/><T110/><D122/><U119/><E106/><V100/><REACH who="2" step="1"/><F82/><REACH who="2" ten="240,259,140,351" step="2"/><N who="3" m="49207" /><G91/><T33/><D110/><U0/><E119/><V16/><F16/><W67/><G67/><T118/><D118/><U5/><E18/><V78/><F78/><W24/><G24/><T63/><D31/><U66/><E27/><V79/><F79/><W30/><G30/><T62/><D28/><U127/><E25/><V70/><F70/><W97/><G40/><T81/><D35/><U39/><E5/><V23/><F23/><W117/><G117/><RYUUKYOKU ba="0,1" sc="240,-10,259,-10,140,30,351,-10" hai2="10,11,56,58,59,84,86,87,89,93,94,98,100" /><INIT seed="4,1,1,5,4,47" ten="230,249,170,341" oya="0" hai0="22,4,18,84,12,42,117,86,103,67,6,76,27" hai1="33,115,51,44,66,9,39,80,90,0,2,37,63" hai2="129,81,35,23,128,5,13,122,87,57,25,113,89" hai3="98,49,118,70,28,61,52,10,17,29,132,106,119"/><T64/><D117/><U11/><E33/><V123/><F57/><W54/><G132/><T120/><D120/><U62/><E80/><V31/><F113/><W46/><G119/><T72/><D72/><U36/><E90/><V50/><F50/><N who="3" m="28759" /><G106/><T16/><D103/><U26/><E26/><V102/><F102/><W30/><G70/><T15/><D42/><U109/><E109/><V94/><F81/><W131/><G131/><N who="2" m="50249" /><F35/><W3/><G3/><T55/><D55/><U101/><E101/><V24/><F24/><W43/><G118/><T82/><D27/><U73/><E39/><V40/><F40/><W38/><G38/><T77/><D82/><U32/><E32/><V8/><AGARI ba="1,1" hai="5,8,13,23,25,31,87,89,94,122,123" m="50249" machi="8" ten="30,1100,0" yaku="19,1" doraHai="47" who="2" fromWho="2" sc="230,-6,249,-4,170,24,341,-4" /><INIT seed="5,0,0,4,4,65" ten="224,245,194,337" oya="1" hai0="120,125,30,43,102,23,0,90,96,25,12,80,81" hai1="27,10,115,34,58,116,46,61,40,45,41,53,5" hai2="83,69,9,68,19,31,121,62,84,21,2,57,71" hai3="98,7,3,131,22,37,64,17,18,109,6,55,92"/><U106/><E106/><V26/><F121/><W24/><G109/><T13/><D0/><U11/><E116/><V75/><F75/><W85/><G37/><T119/><D119/><U133/><E115/><V72/><F72/><W35/><G131/><T122/><D125/><U128/><E128/><V1/><F1/><W16/><G64/><T95/><D43/><U118/><E118/><V88/><F2/><W74/><G74/><T47/><D47/><U50/><E133/><V87/><F87/><W114/><G114/><T29/><D29/><U49/><E5/><V101/><F101/><W67/><G67/><T89/><D89/><U113/><E113/><V127/><F127/><W28/><G85/><T59/><D59/><U100/><E100/><V107/><F107/><W33/><G55/><T78/><D102/><U105/><E105/><V112/><F112/><W42/><G42/><T123/><REACH who="0" step="1"/><D80/><REACH who="0" ten="214,245,194,337" step="2"/><U82/><E82/><V124/><F124/><W52/><G3/><T15/><D15/><U32/><E32/><V38/><F38/><W60/><G35/><T39/><D39/><U132/><E132/><V44/><F44/><W14/><G14/><T70/><D70/><U73/><E73/><AGARI ba="0,1" hai="12,13,23,25,30,73,78,81,90,95,96,120,122,123" machi="73" ten="40,2600,0" yaku="1,1,13,1,53,0" doraHai="65" doraHaiUra="130" who="0" fromWho="1" sc="214,36,245,-26,194,0,337,0" /><INIT seed="6,0,0,1,4,127" ten="250,219,194,337" oya="2" hai0="134,117,92,71,24,38,23,17,40,39,43,35,98" hai1="42,5,13,118,88,104,22,90,11,94,105,130,45" hai2="113,3,125,128,72,31,102,99,131,4,95,76,37" hai3="12,67,97,32,29,133,84,70,63,132,68,126,101"/><V48/><F37/><W66/><G126/><T54/><D71/><U112/><E118/><V73/><F125/><W28/><G84/><T75/><D75/><U89/><E112/><V30/><F113/><W9/><G67/><T56/><D117/><U93/><E130/><N who="2" m="49707" /><F48/><W91/><G91/><T34/><D43/><U107/><REACH who="1" step="1"/><E22/><REACH who="1" ten="250,209,194,337" step="2"/><V110/><F110/><W36/><G32/><T2/><D23/><U79/><E79/><V14/><F3/><W61/><G133/><T77/><D34/><U96/><E96/><V129/><F129/><W120/><G97/><T51/><D35/><U116/><E116/><V123/><F123/><W81/><G120/><T78/><D2/><U121/><E121/><V25/><F76/><W74/><G132/><T82/><D77/><U19/><E19/><V115/><F115/><W57/><G29/><N who="2" m="10761" /><F25/><W49/><G28/><T65/><D24/><U47/><E47/><V41/><F41/><W109/><G36/><AGARI ba="0,1" hai="5,11,13,36,42,45,88,89,90,93,94,104,105,107" machi="36" ten="50,3200,0" yaku="1,1,54,1,53,0" doraHai="127" doraHaiUra="64" who="1" fromWho="3" sc="250,0,209,42,194,0,337,-32" /><INIT seed="7,0,0,1,4,109" ten="250,251,194,305" oya="3" hai0="87,127,60,18,24,16,6,113,112,82,46,91,101" hai1="85,41,114,123,90,122,133,74,86,75,8,13,43" hai2="50,56,11,126,67,47,35,32,124,111,22,1,44" hai3="132,78,131,94,51,128,52,66,68,45,71,77,69"/><W97/><G66/><T89/><D6/><U38/><E38/><V135/><F111/><W105/><G105/><T83/><D101/><U5/><E133/><V3/><F135/><W98/><G132/><T88/><D127/><N who="2" m="48682" /><F22/><W79/><REACH who="3" step="1"/><G98/><REACH who="3" ten="250,251,194,295" step="2"/><T53/><D112/><U2/><E114/><V62/><F47/><W100/><AGARI ba="0,1" hai="45,51,52,68,69,71,77,78,79,94,97,100,128,131" machi="100" ten="40,12000,1" yaku="1,1,2,1,0,1,54,1,53,0" doraHai="109" doraHaiUra="30" who="3" fromWho="3" sc="250,-40,251,-40,194,-40,295,130" owari="210,-19.0,211,1.1,154,-34.6,425,52.5" /></mjloggm>