<mjloggm ver="2.3"><GO type="169" lobby="0"/><UN n0="%E3%82%82%E3%82%8A%E3%82%82%E3%82%8A%E3%81%8A%E3%81%AB%E3%81%8E%E3%82%8A" n1="%73%79%6C%76%65%6F%6E" n2="%E6%96%B0%E6%89%8B%31%34%32%38%35%37" n3="%70%61%77%61" dan="16,16,17,18" rate="2135.89,2163.11,2137.03,2303.06" sx="M,M,M,M"/><TAIKYOKU oya="0"/><INIT seed="0,0,0,5,3,16" ten="250,250,250,250" oya="0" hai0="65,40,94,92,125,117,128,10,99,53,66,76,18" hai1="61,0,126,93,28,72,74,127,130,78,11,106,89" hai2="45,46,29,9,112,22,69,82,55,80,97,104,23" hai3="122,85,49,133,5,21,103,33,32,132,1,124,41"/><T38/><D117/><U24/><E106/><V135/><F112/><W62/><G124/><N who="1" m="47658" /><E130/><V4/><F69/><W39/><G39/><T83/><D125/><U86/><E78/><V120/><F120/><W56/><G122/><T8/><D128/><U70/><E0/><V84/><F135/><W118/><G103/><T111/><D40/><U95/><E11/><V71/><F71/><W79/><G118/><T108/><D38/><U75/><E70/><V43/><F29/><W54/><G5/><T31/><D31/><U109/><E109/><N who="0" m="42057" /><D53/><U98/><E61/><V68/><F68/><W7/><G62/><T60/><D60/><U26/><E28/><V114/><F114/><W30/><G30/><T6/><D18/><U27/><E75/><V35/><F55/><W134/><G41/><T90/><D94/><U129/><E129/><V96/><F43/><W34/><G7/><T121/><D121/><U100/><AGARI ba="0,0" hai="24,26,27,72,74,86,89,93,95,98,100" m="47658" machi="100" ten="30,1100,0" yaku="18,1" doraHai="16" who="1" fromWho="1" sc="250,-5,250,11,250,-3,250,-3" /><INIT seed="1,0,0,2,1,39" ten="245,261,247,247" oya="1" hai0="95,55,131,18,43,37,56,92,67,35,28,50,115" hai1="12,79,30,127,13,111,6,113,60,66,75,7,27" hai2="130,40,106,49,5,2,105,68,103,116,58,123,20" hai3="82,11,41,51,53,78,119,48,69,61,108,73,91"/><U26/><E113/><V135/><F116/><W101/><G119/><T19/><D115/><U76/><E127/><V94/><F123/><W93/><G108/><T44/><D131/><U88/><E111/><V71/><F135/><W100/><G11/><T47/><D28/><U23/><E75/><V109/><F130/><W33/><G33/><T86/><D35/><U98/><E98/><V89/><F103/><W129/><G129/><T59/><D59/><U25/><E88/><V46/><F20/><W1/><G1/><T118/><D118/><U96/><E96/><V29/><F29/><W42/><G69/><T3/><D3/><U121/><E121/><V97/><F109/><W110/><G61/><T114/><D114/><U57/><E30/><V38/><F58/><W14/><G14/><N who="1" m="5738" /><E23/><V104/><REACH who="2" step="1"/><F38/><REACH who="2" ten="245,261,237,247" step="2"/><W117/><G117/><T107/><D37/><U34/><E34/><V120/><F120/><W83/><G110/><T81/><D56/><U124/><E124/><V102/><F102/><W132/><G101/><T9/><D9/><AGARI ba="0,1" hai="2,5,9,40,46,49,68,71,89,94,97,104,105,106" machi="9" ten="40,2600,0" yaku="1,1,52,1,53,0" doraHai="39" doraHaiUra="24" who="2" fromWho="0" sc="245,-26,261,0,237,36,247,0" /><INIT seed="2,0,0,5,1,27" ten="219,261,273,247" oya="2" hai0="10,40,15,75,69,125,124,74,5,31,127,82,121" hai1="36,61,106,44,62,111,12,128,46,19,71,85,16" hai2="89,97,131,59,84,33,129,67,115,70,3,110,18" hai3="81,102,88,118,99,23,87,8,103,116,79,91,32"/><V86/><F115/><W52/><G32/><T54/><D121/><U58/><E106/><V17/><F3/><W132/><G132/><T104/><D104/><U34/><E111/><V2/><F2/><W96/><G8/><T101/><D101/><N who="3" m="38409" /><G23/><T72/><D69/><U80/><E128/><N who="2" m="49227" /><F70/><W25/><G25/><T4/><D40/><U13/><E34/><V105/><F110/><W14/><G14/><N who="1" m="5738" /><E71/><V29/><F105/><W39/><G52/><T26/><D54/><N who="1" m="34007" /><E62/><N who="2" m="38367" /><F17/><N who="1" m="6729" /><E36/><V38/><F18/><W35/><G35/><T93/><D4/><U20/><E20/><V48/><F38/><W130/><G39/><T95/><REACH who="0" step="1"/><D82/><REACH who="0" ten="209,261,273,247" step="2"/><U1/><E1/><V122/><F122/><W65/><G130/><T47/><D47/><U64/><E64/><V78/><F48/><W113/><G65/><T51/><D51/><U109/><E109/><V0/><F0/><W133/><G133/><T135/><D135/><U55/><E55/><V43/><F43/><W7/><G7/><T92/><D92/><U41/><E41/><V68/><F68/><W134/><G134/><T98/><D98/><N who="3" m="37417" /><G113/><T53/><D53/><U45/><E45/><V120/><F120/><W73/><G91/><AGARI ba="0,1" hai="44,46,80,85,91" m="6729,34007,5738" machi="91" ten="30,2000,0" yaku="8,1,54,1" doraHai="27" who="1" fromWho="3" sc="209,0,261,30,273,0,247,-20" /><INIT seed="3,0,0,2,2,3" ten="209,291,273,227" oya="3" hai0="110,76,109,126,95,30,60,74,46,68,29,118,67" hai1="39,98,106,13,83,7,16,108,105,91,19,36,48" hai2="84,21,45,117,128,99,103,82,115,63,131,27,9" hai3="130,92,65,35,14,57,107,116,96,77,6,102,41"/><W44/><G116/><T31/><D118/><U52/><E108/><N who="0" m="41577" /><D126/><U10/><E39/><V125/><F115/><W2/><G35/><T42/><D95/><N who="1" m="56703" /><E36/><V22/><F125/><W55/><G130/><N who="2" m="49705" /><F117/><W15/><G65/><T119/><D119/><U121/><E106/><N who="2" m="63871" /><F45/><W123/><G123/><T0/><D0/><U132/><E105/><V25/><F63/><W49/><G77/><T33/><D33/><U134/><E121/><V112/><F112/><W5/><G107/><T50/><D76/><U93/><E83/><V62/><F62/><N who="3" m="36159" /><G2/><T86/><D86/><U113/><E113/><V11/><F84/><W89/><G102/><T47/><D47/><N who="1" m="27679" /><E93/><V12/><F82/><W73/><G73/><AGARI ba="0,0" hai="29,30,31,42,46,50,60,67,68,73,74" m="41577" machi="73" ten="30,1000,0" yaku="14,1" doraHai="3" who="0" fromWho="3" sc="209,10,291,0,273,0,227,-10" /><INIT seed="4,0,0,1,4,59" ten="219,291,273,217" oya="0" hai0="71,77,106,11,45,87,88,18,15,34,9,16,46" hai1="134,57,95,113,104,4,50,118,19,69,135,31,105" hai2="13,91,127,89,23,47,110,103,14,86,93,24,74" hai3="119,43,20,42,98,80,120,54,38,6,76,12,72"/><T132/><D132/><U122/><E118/><V39/><F110/><W90/><G119/><T1/><D106/><N who="1" m="41067" /><E122/><V125/><F74/><W102/><G120/><T92/><D34/><U48/><E69/><V116/><F103/><W78/><G78/><T70/><D77/><U128/><E128/><V67/><F116/><W123/><G90/><T28/><D28/><U97/><E31/><V58/><F91/><W130/><G130/><T8/><D1/><U75/><E75/><V33/><F33/><W83/><G83/><T126/><D126/><N who="2" m="48138" /><F47/><W96/><G123/><T37/><D46/><U66/><E4/><V0/><F39/><W101/><G38/><T109/><D109/><U111/><E111/><V22/><F0/><W107/><G54/><T53/><D53/><U2/><E2/><V121/><F23/><W62/><G20/><T82/><D82/><U26/><E50/><V10/><F10/><W68/><G6/><T27/><D27/><U51/><E51/><V61/><F121/><W117/><G12/><T21/><REACH who="0" step="1"/><D18/><AGARI ba="0,0" hai="13,14,18,22,24,58,61,67,86,89,93" m="48138" machi="18" ten="30,2000,0" yaku="18,1,52,1" doraHai="59" who="2" fromWho="0" sc="219,-20,291,0,273,20,217,0" /><INIT seed="5,0,0,4,1,39" ten="199,291,293,217" oya="1" hai0="0,92,125,9,93,83,15,22,65,45,82,62,94" hai1="24,132,87,121,135,77,66,34,104,18,31,109,46" hai2="124,26,108,112,21,5,95,61,113,6,120,72,56" hai3="89,111,131,32,110,101,63,99,127,19,60,35,107"/><U25/><E121/><V7/><F108/><W100/><G127/><T64/><D125/><U88/><E104/><V119/><F124/><W54/><G131/><T126/><D126/><U17/><E109/><V74/><F119/><W116/><G116/><T84/><D0/><U40/><E77/><V48/><F95/><W59/><G101/><T103/><D22/><U129/><E66/><N who="2" m="39207" /><F48/><W118/><G118/><T16/><D103/><U69/><E69/><V133/><F133/><N who="1" m="51273" /><E25/><V38/><F38/><W78/><G78/><T49/><D62/><U44/><E44/><V20/><F20/><W33/><G89/><T11/><D11/><U57/><E57/><V122/><F122/><W27/><G63/><T85/><D85/><U29/><E29/><N who="2" m="17615" /><F120/><W53/><G111/><T130/><D83/><N who="1" m="49279" /><E129/><V90/><F90/><W70/><G70/><T13/><D130/><U86/><E86/><V37/><F37/><AGARI ba="0,0" hai="17,18,24,31,34,37,40,46" m="49279,51273" machi="37" ten="30,5800,0" yaku="20,1,52,1,54,1" doraHai="39" who="1" fromWho="2" sc="199,0,291,58,293,-58,217,0" /><INIT seed="5,1,0,3,5,94" ten="199,349,235,217" oya="1" hai0="93,64,38,81,111,20,118,51,42,101,110,106,29" hai1="82,0,5,112,121,62,55,135,122,127,7,19,129" hai2="18,15,45,100,130,66,9,48,60,92,32,33,79" hai3="10,11,73,69,46,12,90,108,43,41,86,72,54"/><U115/><E82/><V53/><F130/><W104/><G108/><T6/><D118/><U49/><E62/><V50/><F79/><W2/><G69/><T132/><D38/><U102/><E49/><V98/><REACH who="2" step="1"/><F50/><REACH who="2" ten="199,349,225,217" step="2"/><W61/><G73/><T34/><D51/><U103/><E129/><V74/><F74/><W21/><G72/><T37/><D110/><U83/><E122/><V113/><F113/><W56/><G41/><T31/><D111/><U47/><E121/><V75/><F75/><W30/><G43/><T1/><D42/><U91/><E115/><V3/><F3/><W4/><G2/><T13/><D1/><U125/><E0/><V65/><F65/><W25/><G54/><T97/><D64/><U8/><E55/><V76/><F76/><W35/><G61/><T57/><D37/><U109/><E112/><V78/><F78/><W16/><G46/><T36/><D36/><U17/><E47/><V63/><F63/><W44/><G44/><T80/><D132/><U58/><E135/><V39/><F39/><W59/><G104/><T24/><D106/><U96/><E109/><V116/><F116/><W124/><G124/><T133/><D133/><U28/><E125/><V88/><F88/><W22/><G90/><T99/><D57/><AGARI ba="1,1" hai="9,15,18,32,33,45,48,53,57,60,66,92,98,100" machi="57" ten="30,7700,0" yaku="1,1,7,1,52,1,53,1" doraHai="94" doraHaiUra="40" who="2" fromWho="0" sc="199,-80,349,0,225,90,217,0" /><INIT seed="6,0,0,0,0,50" ten="119,349,315,217" oya="2" hai0="98,130,116,4,113,74,37,28,19,131,24,36,135" hai1="35,125,58,89,54,6,88,77,107,72,63,47,120" hai2="40,23,128,5,108,31,61,12,38,92,104,34,112" hai3="100,90,87,75,0,14,114,119,91,20,56,65,18"/><V17/><F104/><W123/><G119/><T8/><D116/><U73/><E35/><V95/><F112/><W101/><G123/><T15/><D113/><U68/><E107/><V33/><F128/><W93/><G75/><T106/><D74/><U109/><E109/><V105/><F105/><W3/><G114/><T83/><D83/><U48/><E120/><V25/><F108/><W55/><G65/><T85/><D85/><U115/><E115/><V66/><F34/><W22/><G22/><T133/><D98/><U70/><E125/><V132/><F132/><N who="0" m="50762" /><D106/><U134/><E134/><V129/><F129/><N who="0" m="49162" /><D37/><U52/><E72/><V99/><F99/><W29/><G29/><T82/><D82/><U86/><E73/><V9/><F38/><W122/><G122/><T21/><D36/><U59/><E6/><V124/><F5/><W2/><REACH who="3" step="1"/><G91/><REACH who="3" ten="119,349,315,207" step="2"/><T69/><D69/><U46/><E70/><N who="2" m="42319" /><F31/><AGARI ba="0,1" hai="4,8,15,19,21,24,28,31" m="49162,50762" machi="31" ten="30,7700,0" yaku="20,1,19,1,34,2" doraHai="50" who="0" fromWho="2" sc="119,87,349,0,315,-77,207,0" /><INIT seed="7,0,0,5,4,65" ten="206,349,238,207" oya="3" hai0="56,16,24,98,122,117,83,39,5,23,2,113,89" hai1="33,124,37,64,72,27,86,8,114,22,106,102,47" hai2="0,130,134,120,14,61,53,110,69,13,125,10,132" hai3="52,7,126,135,97,32,71,78,119,17,81,73,127"/><W31/><G119/><T43/><D117/><U129/><E72/><V116/><F53/><W76/><G76/><T74/><D122/><U77/><E33/><V128/><F110/><W38/><G38/><T44/><D113/><U49/><E37/><V34/><F34/><W100/><G135/><N who="2" m="51753" /><F120/><W112/><G112/><T108/><D108/><U36/><E86/><V63/><F116/><W75/><G75/><T41/><D41/><U21/><E49/><V40/><F40/><W54/><G7/><T60/><D2/><U133/><E102/><V131/><F69/><W94/><G17/><T107/><D5/><U29/><E27/><V123/><F123/><W93/><G93/><T6/><D6/><U82/><E82/><V51/><F51/><W121/><G121/><T11/><D107/><U87/><E22/><V91/><F0/><W103/><G103/><T58/><D11/><U59/><E87/><V84/><F10/><W68/><G31/><T92/><REACH who="0" step="1"/><D60/><REACH who="0" ten="196,349,238,207" step="2"/><U104/><E106/><V79/><F63/><W19/><G32/><T3/><D3/><U42/><E104/><V45/><F61/><W95/><G95/><T101/><D101/><U67/><E42/><V20/><F130/><W62/><G19/><T12/><D12/><U66/><E133/><V111/><F128/><W1/><G1/><T85/><D85/><U115/><E129/><V70/><F13/><W99/><G99/><T48/><D48/><U9/><E114/><V28/><F14/><W55/><REACH who="3" step="1"/><G62/><REACH who="3" ten="196,349,238,197" step="2"/><T25/><D25/><N who="1" m="16559" /><E115/><V109/><F131/><W90/><G90/><T96/><D96/><RYUUKYOKU ba="0,2" sc="196,15,349,-15,238,-15,197,15" hai0="16,23,24,39,43,44,56,58,74,83,89,92,98" hai3="52,54,55,68,71,73,78,81,94,97,100,126,127" /><INIT seed="7,1,2,2,3,11" ten="211,334,223,212" oya="3" hai0="36,50,0,25,37,87,84,5,43,55,41,78,47" hai1="67,99,81,119,21,93,83,134,127,130,68,96,106" hai2="115,79,18,63,14,118,64,121,124,116,92,1,86" hai3="46,123,98,10,110,128,117,9,135,90,109,120,45"/><W23/><G117/><T15/><D0/><U2/><E2/><V4/><F115/><W65/><G65/><T48/><D37/><U113/><E119/><V102/><F124/><W95/><G23/><T100/><D36/><U66/><E106/><V58/><F4/><W75/><G75/><T60/><D100/><U17/><E113/><V28/><F1/><W76/><G76/><T51/><D25/><U26/><E127/><V53/><F28/><W38/><G135/><T3/><D3/><U62/><E130/><V20/><F121/><N who="3" m="46667" /><G128/><T13/><D5/><U35/><E35/><V19/><F19/><W107/><G107/><T34/><D34/><U30/><E134/><V85/><F116/><W6/><G38/><T129/><D129/><U89/><E67/><V104/><F104/><W74/><G74/><T122/><D122/><U59/><E68/><V103/><F118/><W132/><G132/><T112/><D112/><U97/><E30/><V72/><F64/><W42/><G42/><N who="0" m="15883" /><D47/><N who="3" m="17929" /><G6/><T108/><D108/><AGARI ba="1,2" hai="9,10,90,95,98,108,109,110" m="17929,46667" machi="108" ten="30,1500,0" yaku="10,1" doraHai="11" who="3" fromWho="0" sc="211,-18,334,0,223,0,212,38" /><INIT seed="7,2,0,3,2,34" ten="193,334,223,250" oya="3" hai0="128,14,57,48,88,109,53,119,11,41,84,134,96" hai1="26,54,79,86,70,42,91,19,39,103,76,25,118" hai2="126,46,18,92,78,114,56,99,52,15,61,127,85" hai3="123,31,55,62,102,45,7,8,32,35,131,50,73"/><W16/><G123/><T87/><D109/><U47/><E70/><V9/><F114/><W51/><G131/><T10/><D119/><U3/><E3/><V64/><F78/><W40/><G73/><T89/><D128/><U100/><E118/><V23/><F85/><W72/><G72/><T22/><D134/><U80/><E79/><V107/><F107/><W5/><G102/><T108/><D108/><U4/><E4/><V112/><F112/><W49/><G32/><T82/><D96/><U122/><E122/><V33/><F33/><W20/><G31/><T94/><D41/><U133/><E133/><V44/><F9/><W0/><G35/><T60/><D60/><U115/><E115/><V132/><F132/><W17/><G7/><T36/><D36/><U121/><E121/><V1/><F1/><W106/><G106/><T116/><D116/><U104/><E104/><V77/><F77/><W69/><G17/><AGARI ba="2,0" hai="10,11,14,17,22,48,53,57,82,84,87,88,89,94" machi="17" ten="40,8000,1" yaku="25,2,8,1,54,1" doraHai="34" who="0" fromWho="3" sc="193,86,334,0,223,0,250,-86" owari="279,7.9,334,43.4,223,-17.7,164,-33.6" /></mjloggm>