<mjloggm ver="2.3"><GO type="169" lobby="0"/><UN n0="%E4%BF%BA%E3%81%A7%E3%81%99" n1="%40%6B%6B%6B" n2="%E9%BA%BB%E9%9B%80%E5%A4%AA%E9%83%8E" n3="%E3%83%AC%E3%82%AA%E3%83%B3%E3%83%8F%E3%83%AB%E3%83%88" dan="16,18,17,17" rate="2048.60,2264.06,2167.93,2183.38" sx="M,M,M,M"/><TAIKYOKU oya="0"/><INIT seed="0,0,0,0,1,116" ten="250,250,250,250" oya="0" hai0="48,13,104,118,21,131,52,90,127,6,128,119,26" hai1="87,23,121,24,102,47,10,38,100,101,7,108,20" hai2="32,129,51,58,43,74,93,126,17,120,114,94,56" hai3="0,107,27,80,68,75,19,46,40,37,69,96,34"/><T81/><D104/><U132/><E108/><V12/><F74/><W79/><G19/><T88/><D127/><U78/><E132/><V135/><F114/><W110/><G110/><T30/><D13/><U39/><E121/><V64/><F32/><W59/><G59/><N who="0" m="33159" /><D6/><U66/><E66/><V117/><F117/><N who="0" m="44554" /><D81/><U122/><E122/><V97/><F120/><W111/><G111/><T115/><D115/><U89/><E78/><V85/><F126/><W49/><G49/><T76/><D76/><U36/><E47/><V73/><F51/><W16/><G16/><T86/><D86/><U106/><E106/><V45/><F17/><W55/><G55/><T112/><D112/><U60/><E60/><V18/><F45/><W28/><REACH who="3" step="1"/><G0/><REACH who="3" ten="250,250,250,240" step="2"/><T98/><D98/><U42/><E38/><V4/><F97/><W109/><G109/><T14/><D14/><U31/><E39/><V123/><F18/><W2/><G2/><T61/><D61/><U1/><E36/><V41/><F12/><W105/><G105/><T62/><D62/><U65/><E1/><V71/><F123/><W70/><G70/><T63/><D63/><U133/><E24/><V11/><F71/><W91/><G91/><T25/><D25/><U5/><E89/><V57/><F64/><W67/><G67/><T15/><D15/><U113/><E65/><V125/><F125/><W103/><AGARI ba="0,1" hai="27,28,34,37,40,46,68,69,75,79,80,96,103,107" machi="103" ten="30,8000,1" yaku="1,1,0,1,33,3,53,0" doraHai="116" doraHaiUra="44" who="3" fromWho="3" sc="250,-40,250,-20,250,-20,240,90" /><INIT seed="1,0,0,5,2,134" ten="210,230,230,330" oya="1" hai0="15,118,3,131,82,1,74,98,129,80,51,25,68" hai1="116,37,61,14,5,77,59,45,29,30,66,75,99" hai2="10,20,87,126,36,26,123,112,96,43,48,117,128" hai3="34,19,28,13,41,18,31,62,69,115,113,17,22"/><U70/><E116/><V88/><F123/><W16/><G41/><T23/><D118/><U52/><E99/><V92/><F128/><N who="0" m="49226" /><D68/><U124/><E124/><V0/><F126/><W107/><G107/><T58/><D98/><U89/><E89/><V86/><F36/><W91/><G91/><T60/><D51/><U46/><E5/><V133/><F133/><W103/><G103/><T94/><D15/><U42/><E14/><V104/><F104/><W102/><G102/><T132/><D94/><U111/><E111/><V100/><F112/><N who="3" m="43083" /><G62/><T81/><D74/><U84/><E46/><V122/><F122/><W101/><G69/><T85/><D85/><U11/><E11/><V39/><F39/><W64/><G64/><N who="0" m="38935" /><D132/><U72/><E84/><V73/><F73/><N who="1" m="28233" /><E77/><V12/><F86/><W97/><G97/><T79/><D79/><U56/><E56/><V2/><F117/><W127/><G101/><T121/><D121/><U67/><E67/><V35/><F87/><W90/><G90/><T33/><D33/><U63/><E63/><V119/><F35/><W71/><G71/><T83/><N who="0" m="20480" /><DORA hai="78" /><T24/><D24/><U38/><E37/><V53/><F26/><N who="3" m="18711" /><G127/><T76/><D76/><U7/><E70/><V44/><F100/><W114/><N who="3" m="43091" /><W105/><DORA hai="108" /><G105/><T32/><D32/><U135/><E135/><V40/><F119/><W106/><G106/><T125/><D125/><U21/><E38/><V120/><F120/><W130/><G130/><T27/><D27/><U93/><E61/><V9/><F96/><W8/><G8/><T50/><D50/><RYUUKYOKU ba="0,0" sc="210,15,230,-15,230,-15,330,15" hai0="1,3,23,25" hai3="13,16,17,18,19,22,31" /><INIT seed="2,1,0,3,4,2" ten="225,215,215,345" oya="2" hai0="113,122,44,27,115,48,8,15,55,78,131,87,13" hai1="123,125,77,38,134,82,96,73,103,60,89,36,52" hai2="62,57,31,86,101,92,102,40,91,68,4,11,97" hai3="42,99,20,84,34,81,100,85,35,79,128,130,112"/><V17/><F68/><W45/><G20/><T63/><D122/><U16/><E123/><V127/><F127/><W70/><G84/><T72/><D72/><U94/><E125/><V7/><F40/><W135/><G70/><T107/><D131/><N who="3" m="50217" /><G135/><T75/><D75/><U30/><E30/><V121/><F31/><W129/><G112/><T66/><D107/><U6/><E134/><V39/><F39/><N who="3" m="21727" /><G129/><T61/><D27/><U126/><E126/><V47/><F47/><W90/><G90/><T88/><D78/><U51/><E60/><V1/><F121/><W59/><G59/><T9/><D61/><U120/><E120/><V14/><F1/><W117/><G117/><T95/><D63/><U18/><E89/><V58/><F58/><W0/><G0/><T132/><D66/><U33/><E33/><V24/><F24/><W104/><AGARI ba="1,0" hai="34,35,79,81,85,99,100,104" m="21727,50217" machi="104" ten="30,1100,0" yaku="19,1" doraHai="2" who="3" fromWho="3" sc="225,-4,215,-4,215,-6,345,14" /><INIT seed="3,0,0,1,4,124" ten="221,211,209,359" oya="3" hai0="122,32,123,131,64,88,90,128,80,65,115,31,28" hai1="51,77,38,30,48,83,56,69,35,50,72,36,120" hai2="125,63,58,67,98,1,132,96,39,84,118,86,6" hai3="94,61,60,111,99,49,22,85,74,0,102,18,103"/><W104/><G74/><T100/><D100/><U10/><E69/><V53/><F125/><W47/><G0/><T21/><D21/><U76/><E120/><N who="0" m="46121" /><D115/><U16/><E77/><V57/><F39/><W62/><G111/><T24/><D80/><U14/><REACH who="1" step="1"/><E56/><REACH who="1" ten="221,201,209,359" step="2"/><V92/><F57/><W33/><G33/><T106/><D106/><U117/><E117/><V87/><F118/><W107/><G107/><T93/><D31/><U11/><E11/><V130/><F58/><W114/><G114/><T7/><D7/><U133/><E133/><V3/><F132/><W134/><G134/><T71/><D71/><U52/><E52/><V19/><F53/><W135/><G104/><T26/><D26/><AGARI ba="0,1" hai="10,14,16,26,30,35,36,38,48,50,51,72,76,83" machi="26" ten="40,2600,0" yaku="1,1,54,1,53,0" doraHai="124" doraHaiUra="110" who="1" fromWho="0" sc="221,-26,201,36,209,0,359,0" /><INIT seed="4,0,0,2,2,6" ten="195,237,209,359" oya="0" hai0="37,119,22,79,15,76,4,96,130,117,74,82,81" hai1="118,33,99,84,109,34,89,123,62,39,114,5,120" hai2="72,13,52,75,70,95,21,63,23,53,42,28,61" hai3="100,87,133,48,121,98,129,73,43,54,25,3,103"/><T86/><D37/><U12/><E39/><V11/><F42/><W106/><G73/><T24/><D130/><U92/><E109/><V135/><F135/><W131/><G3/><T38/><D38/><U50/><E118/><V122/><F122/><W134/><G43/><T80/><D80/><U110/><E110/><V0/><F0/><W124/><G121/><T112/><D112/><U27/><E34/><V9/><F95/><W115/><G115/><T116/><D96/><U51/><E62/><V41/><F13/><W26/><G87/><T32/><D32/><U128/><E128/><N who="3" m="49226" /><G103/><T101/><D101/><U1/><E1/><V35/><F35/><W93/><G106/><T105/><D105/><U30/><E114/><V36/><F36/><W40/><G40/><T90/><D90/><U31/><E31/><V29/><F41/><W71/><G71/><AGARI ba="0,0" hai="9,11,21,23,28,29,52,53,61,63,70,71,72,75" machi="71" ten="25,8000,1" yaku="22,2,52,2,54,1" doraHai="6" who="2" fromWho="3" sc="195,0,237,0,209,80,359,-80" /><INIT seed="5,0,0,1,0,57" ten="195,237,289,279" oya="1" hai0="27,34,1,3,124,9,84,29,37,31,54,80,18" hai1="82,125,69,55,35,91,52,85,60,74,62,47,105" hai2="73,68,71,17,33,59,14,53,58,87,107,102,23" hai3="11,20,12,132,44,7,99,75,128,43,46,98,64"/><U49/><E35/><V89/><F73/><W95/><G75/><T81/><D124/><U24/><E125/><V88/><F58/><W115/><G115/><T15/><D37/><U22/><E105/><V42/><F42/><W28/><G132/><T21/><D80/><U131/><E131/><V2/><F33/><W93/><G64/><T36/><D36/><U78/><E55/><V127/><F2/><W117/><G117/><T39/><D39/><U25/><E69/><V77/><F77/><W83/><G83/><T26/><REACH who="0" step="1"/><D54/><REACH who="0" ten="185,237,289,279" step="2"/><U45/><E45/><V119/><F53/><W103/><G43/><T120/><D120/><U123/><E123/><V110/><F127/><W106/><G128/><T108/><D108/><U90/><E25/><V112/><F110/><W79/><G79/><AGARI ba="0,1" hai="1,3,9,15,18,21,26,27,29,31,34,79,81,84" machi="79" ten="30,2000,0" yaku="1,1,7,1,53,0" doraHai="57" doraHaiUra="86" who="0" fromWho="3" sc="185,30,237,0,289,0,279,-20" /><INIT seed="6,0,0,2,0,23" ten="215,237,289,259" oya="2" hai0="26,87,17,11,133,22,111,129,52,102,132,2,124" hai1="120,24,33,41,34,61,105,47,65,128,64,45,53" hai2="94,27,66,95,112,92,46,116,115,96,51,40,6" hai3="70,4,57,101,135,122,15,68,7,119,100,77,73"/><V42/><F116/><W93/><G119/><T1/><D111/><U67/><E105/><V5/><F66/><W117/><G117/><T90/><D124/><U74/><E74/><V99/><F42/><W35/><G122/><T72/><D72/><U18/><E128/><V30/><F5/><W9/><G35/><T84/><D129/><U107/><E107/><V97/><REACH who="2" step="1"/><F6/><REACH who="2" ten="215,237,279,259" step="2"/><W89/><G4/><T98/><D2/><U38/><E67/><V44/><F44/><W104/><G7/><T10/><D1/><U16/><E65/><V12/><F12/><W39/><G15/><T126/><D126/><U31/><E120/><V127/><F127/><W58/><G70/><T131/><D131/><U76/><E64/><V121/><F121/><W62/><G68/><T109/><D109/><U125/><E125/><V108/><F108/><W114/><G57/><T85/><D133/><U54/><E47/><V37/><F37/><W81/><G58/><T82/><D132/><U134/><E134/><V49/><F49/><W71/><G39/><T106/><D52/><U79/><E54/><V118/><F118/><W14/><G14/><T130/><D130/><U13/><E13/><V78/><F78/><W19/><G77/><T103/><D82/><U32/><E79/><V43/><F43/><W86/><G81/><T91/><D103/><U123/><E76/><V3/><F3/><W88/><G101/><T21/><D102/><U25/><E123/><V63/><F63/><W0/><G71/><T8/><D91/><U20/><E25/><V29/><F29/><W55/><G135/><RYUUKYOKU ba="0,1" sc="215,-15,237,15,279,15,259,-15" hai1="16,18,20,24,31,32,33,34,38,41,45,53,61" hai2="27,30,40,46,51,92,94,95,96,97,99,112,115" /><INIT seed="6,1,1,0,2,57" ten="200,252,294,244" oya="2" hai0="54,7,132,106,22,81,35,63,5,47,85,61,16" hai1="15,9,108,49,78,67,1,29,13,109,18,36,21" hai2="11,112,110,37,117,66,30,99,24,94,84,96,45" hai3="128,76,119,79,93,44,59,6,52,51,26,80,120"/><V42/><F117/><W105/><G105/><T10/><D35/><U72/><E36/><V31/><F112/><W64/><G119/><T3/><D106/><U12/><E72/><V111/><F30/><W107/><G107/><T129/><D132/><U89/><E78/><V87/><F11/><W90/><G128/><T50/><D129/><U33/><E67/><V114/><F66/><W75/><G79/><T17/><D17/><U118/><E118/><V86/><F94/><W126/><G126/><T34/><D34/><U53/><E89/><V48/><F37/><W23/><G6/><N who="0" m="2059" /><D10/><U125/><E125/><V91/><F91/><W82/><G120/><T77/><D3/><U71/><E71/><V0/><F0/><W25/><G82/><T98/><D98/><U121/><E121/><V102/><F102/><W65/><G44/><T56/><D56/><N who="1" m="32815" /><E9/><V69/><F69/><W135/><G135/><T27/><AGARI ba="1,1" hai="16,22,27,47,50,54,61,63,77,81,85" m="2059" machi="27" ten="30,7900,0" yaku="8,1,52,2,54,1" doraHai="57" who="0" fromWho="0" sc="200,92,252,-21,294,-40,244,-21" /><INIT seed="7,0,0,2,3,109" ten="292,231,254,223" oya="3" hai0="26,14,28,3,58,73,43,7,32,47,82,88,5" hai1="48,80,99,79,128,44,63,81,29,18,50,131,98" hai2="10,127,57,42,93,9,54,130,89,66,75,24,60" hai3="129,135,101,78,31,86,27,96,51,134,70,95,133"/><W49/><G70/><T112/><D3/><U90/><E29/><V52/><F75/><W16/><G129/><T121/><D121/><U56/><E128/><V68/><F127/><W104/><G16/><T33/><D33/><U35/><E35/><V0/><F0/><W11/><G11/><T114/><D58/><U21/><E50/><V116/><F116/><W34/><REACH who="3" step="1"/><G95/><REACH who="3" ten="292,231,254,213" step="2"/><T13/><D7/><U45/><E131/><V36/><F93/><W85/><G85/><N who="0" m="50231" /><D5/><U118/><E18/><V105/><F68/><W22/><G22/><T25/><D73/><U125/><E21/><V115/><F130/><W53/><G53/><T106/><D106/><U94/><E94/><V84/><F52/><W107/><G107/><T117/><D117/><U97/><E118/><V37/><F54/><W76/><G76/><T30/><D26/><U40/><E79/><V119/><F105/><W72/><G72/><T113/><D30/><U61/><E99/><V124/><F24/><W69/><G69/><T91/><D91/><U123/><E98/><V6/><F119/><W41/><G41/><T55/><D55/><U83/><E97/><V17/><F42/><W120/><G120/><T67/><D67/><N who="1" m="39335" /><E123/><V103/><F66/><W4/><G4/><T71/><D71/><U2/><E90/><V100/><F89/><W1/><G1/><T15/><D15/><U38/><E2/><V77/><F6/><W132/><N who="3" m="33792" /><DORA hai="110" /><W46/><G46/><T19/><D19/><U39/><E45/><V62/><F17/><W64/><G64/><T122/><D122/><U12/><E44/><RYUUKYOKU ba="0,1" sc="292,15,231,-15,254,-15,213,15" hai0="13,14,25,28,32,43,47,112,113,114" hai3="27,31,34,49,51,78,86,96,101,104" /><INIT seed="7,1,1,2,1,89" ten="307,216,239,228" oya="3" hai0="7,70,21,56,90,85,129,108,76,57,79,38,113" hai1="130,12,106,94,78,30,42,41,20,36,58,87,109" hai2="135,114,127,53,52,93,103,22,44,3,95,131,27" hai3="74,4,9,98,119,11,24,43,128,25,23,61,86"/><W50/><G74/><T46/><D108/><U99/><E109/><V88/><F127/><W60/><G119/><T123/><D123/><U67/><E106/><V34/><F34/><W117/><G117/><T5/><D70/><U65/><E130/><V2/><F135/><W16/><G128/><T64/><D21/><U45/><E42/><V92/><F114/><W72/><G72/><T18/><D18/><U111/><E111/><V13/><F131/><W49/><G25/><T62/><D129/><U19/><E30/><V84/><F103/><W80/><G98/><T48/><D57/><U105/><E105/><V35/><F35/><W91/><G11/><T37/><D37/><U6/><E6/><N who="0" m="2057" /><D38/><U121/><E121/><V59/><F13/><N who="3" m="5287" /><G50/><T132/><D132/><U28/><E28/><N who="2" m="17527" /><F2/><W14/><G14/><T73/><D73/><U125/><E125/><V10/><F10/><W29/><G29/><T8/><D8/><U133/><E133/><V26/><F26/><W101/><G101/><T75/><D75/><U124/><E124/><V68/><F68/><W32/><G32/><T104/><D104/><U110/><E110/><V83/><F3/><W47/><AGARI ba="1,1" hai="16,23,24,43,47,49,60,61,80,86,91" m="5287" machi="47" ten="30,3000,0" yaku="8,1,54,1" doraHai="89" who="3" fromWho="3" sc="307,-11,216,-11,239,-11,228,43" /><INIT seed="7,2,0,1,4,31" ten="296,205,228,271" oya="3" hai0="113,24,110,92,17,20,82,118,103,35,19,77,73" hai1="78,61,116,126,86,122,10,119,83,114,32,99,7" hai2="102,79,54,30,71,69,23,130,76,91,45,87,48" hai3="1,88,75,0,9,40,123,97,131,133,27,100,98"/><W28/><G123/><T67/><D110/><U117/><E122/><V44/><F130/><W80/><G75/><T16/><D118/><U115/><E126/><V81/><F102/><W108/><G131/><T90/><D113/><N who="1" m="43019" /><E99/><V13/><F69/><W25/><G133/><T14/><D103/><U66/><E32/><V6/><F71/><W95/><G108/><T70/><D67/><U39/><E39/><V56/><F30/><W21/><G40/><T29/><D70/><N who="1" m="42319" /><E117/><V105/><F105/><W42/><G42/><T127/><D127/><U129/><E129/><V68/><F68/><W64/><G64/><T47/><D47/><U52/><E52/><V46/><REACH who="2" step="1"/><F6/><REACH who="2" ten="296,205,218,271" step="2"/><W107/><G28/><T2/><D2/><AGARI ba="2,1" hai="2,7,10,78,83,86,116,119" m="42319,43019" machi="2" ten="30,1000,0" yaku="15,1" doraHai="31" who="1" fromWho="0" sc="296,-16,205,26,218,0,271,0" /><INIT seed="8,0,0,0,2,114" ten="280,231,218,271" oya="0" hai0="41,15,105,89,127,126,42,86,35,118,37,115,16" hai1="9,31,63,34,98,121,7,93,81,17,33,135,102" hai2="92,22,76,130,77,132,134,18,100,64,75,25,24" hai3="83,106,68,131,117,36,32,49,108,97,29,11,47"/><T124/><D115/><U94/><E121/><V12/><F130/><W19/><G108/><T54/><D105/><U10/><E135/><N who="2" m="51755" /><F64/><W129/><G36/><T26/><D118/><U39/><E39/><V113/><F113/><W99/><G68/><T20/><D54/><U58/><E81/><V74/><F77/><W80/><G29/><N who="0" m="19895" /><D37/><U28/><E94/><AGARI ba="0,0" hai="15,16,20,41,42,86,89,94,124,126,127" m="19895" machi="94" ten="30,2900,0" yaku="18,1,54,1" doraHai="114" who="0" fromWho="1" sc="280,29,231,-29,218,0,271,0" owari="309,40.9,202,-29.8,218,-18.2,271,7.1" /></mjloggm>