<mjloggm ver="2.3"><GO type="169" lobby="0"/><UN n0="%44%61%72%6B%72%69%64%65" n1="%41%6D%61%79%62%65" n2="%E3%81%88%E3%82%89%E3%81%A6%E3%82%93" n3="%E5%9D%8A%E3%82%84%E3%81%A1%E3%81%A4" dan="16,16,17,16" rate="2199.73,2145.28,2224.00,2048.69" sx="M,M,M,M"/><TAIKYOKU oya="0"/><INIT seed="0,0,0,4,2,7" ten="250,250,250,250" oya="0" hai0="14,90,80,39,51,130,76,79,120,21,36,4,33" hai1="129,108,30,16,1,85,112,91,99,57,67,25,0" hai2="62,115,63,96,100,66,59,131,121,104,50,8,102" hai3="54,3,87,10,98,78,126,123,27,23,105,97,89"/><T116/><D33/><U43/><E108/><V73/><F121/><W114/><G114/><T18/><D120/><U2/><E112/><V132/><F115/><W101/><G126/><T31/><D116/><U95/><E129/><V32/><F131/><W88/><G123/><T35/><D130/><U55/><E43/><V133/><F73/><W135/><G135/><N who="2" m="51785" /><F32/><W11/><G3/><T94/><D4/><U134/><E134/><V84/><F102/><W70/><G70/><T93/><D31/><U77/><E67/><N who="2" m="39391" /><F50/><W65/><G65/><T9/><D35/><U26/><E30/><V19/><F84/><W111/><G111/><T52/><D21/><U122/><E122/><V44/><F44/><W15/><G15/><T28/><D28/><U13/><E99/><V118/><F118/><W110/><G110/><T20/><D20/><U86/><E86/><V71/><F19/><N who="3" m="12799" /><G105/><T125/><D125/><U17/><E17/><V37/><F37/><W48/><G78/><N who="0" m="29739" /><D39/><U103/><E77/><V109/><F109/><W61/><G61/><T46/><D36/><U127/><E127/><V53/><F53/><W5/><G5/><T83/><D94/><U68/><E68/><V64/><F64/><W82/><G89/><T49/><D49/><N who="1" m="30959" /><E103/><V45/><F45/><N who="3" m="27919" /><G101/><T34/><D34/><U29/><E29/><V107/><F107/><W128/><G128/><T22/><D22/><AGARI ba="0,0" hai="0,1,2,13,16,22,25,26,85,91,95" m="30959" machi="22" ten="30,2000,0" yaku="25,1,54,1" doraHai="7" who="1" fromWho="0" sc="250,-20,250,20,250,0,250,0" /><INIT seed="1,0,0,4,4,18" ten="230,270,250,250" oya="1" hai0="60,97,120,25,77,113,10,15,106,102,5,86,45" hai1="3,64,111,28,23,27,132,108,2,122,41,96,58" hai2="35,93,105,117,19,48,80,135,37,49,21,72,50" hai3="40,125,46,69,9,29,110,128,82,134,11,12,83"/><U66/><E122/><V53/><F117/><W109/><G69/><T39/><D120/><U6/><E132/><V62/><F105/><W116/><G116/><T104/><D113/><U30/><E41/><V115/><F115/><W71/><G71/><T38/><D104/><U124/><E124/><V43/><F135/><W73/><G128/><T92/><D60/><U31/><E96/><V103/><F35/><W78/><G29/><N who="1" m="10762" /><E6/><V88/><F37/><W101/><G101/><T36/><D25/><U24/><E24/><V65/><F43/><W112/><G125/><T76/><D45/><U90/><E90/><V126/><F126/><W17/><G134/><T32/><D32/><U123/><E123/><V0/><F0/><N who="1" m="41" /><E58/><N who="2" m="37079" /><F72/><W133/><G133/><T44/><D44/><U74/><E74/><V91/><F80/><W26/><G83/><T119/><D119/><U55/><E55/><V131/><F131/><W51/><G112/><T68/><D68/><U127/><E127/><V1/><F1/><W89/><G89/><N who="2" m="34377" /><F93/><W67/><G67/><T85/><D106/><U47/><E47/><N who="2" m="27807" /><F103/><W100/><G100/><T61/><D61/><U54/><E54/><V95/><F95/><W42/><G42/><T8/><D92/><U4/><E66/><V98/><F98/><W16/><G26/><AGARI ba="0,0" hai="19,21,26,49,50" m="27807,34377,37079" machi="26" ten="30,3900,0" yaku="8,1,52,1,54,1" doraHai="18" who="2" fromWho="3" sc="230,0,270,0,250,39,250,-39" /><INIT seed="2,0,0,4,3,131" ten="230,270,289,211" oya="2" hai0="12,125,76,1,66,30,52,111,22,40,90,105,32" hai1="29,24,79,16,112,93,60,75,126,68,65,132,104" hai2="127,47,113,35,4,3,133,97,31,53,80,0,72" hai3="117,41,15,108,71,109,50,115,129,64,128,46,101"/><V39/><F113/><W51/><G15/><T67/><D105/><U27/><E112/><V56/><F127/><W99/><G115/><T17/><D125/><U5/><E126/><V106/><F56/><W86/><G86/><T84/><D40/><U44/><E104/><V95/><F53/><W45/><G99/><T89/><D111/><N who="3" m="42569" /><G101/><T20/><D1/><N who="2" m="586" /><F95/><W73/><G73/><T114/><D32/><U98/><E79/><N who="2" m="44135" /><F4/><W58/><G117/><T43/><D43/><U63/><E5/><V57/><F57/><W26/><G26/><T83/><D114/><U91/><E75/><V59/><F59/><W42/><G58/><T92/><D52/><U25/><E60/><AGARI ba="0,0" hai="41,42,45,46,50,51,60,64,71,128,129" m="42569" machi="60" ten="30,3900,0" yaku="14,1,34,2" doraHai="131" who="3" fromWho="1" sc="230,0,270,-39,289,0,211,39" /><INIT seed="3,0,0,5,1,2" ten="230,231,289,250" oya="3" hai0="3,33,34,123,9,19,52,48,7,93,110,75,90" hai1="4,29,101,74,127,94,97,5,73,49,36,25,1" hai2="20,104,69,103,135,56,11,85,99,84,60,133,102" hai3="114,109,14,86,134,28,107,0,54,30,72,96,129"/><W15/><G114/><T67/><D75/><U106/><E36/><V132/><F69/><W98/><G0/><T121/><D110/><U80/><E127/><V50/><F103/><W10/><G72/><T39/><D39/><U12/><E1/><V122/><F122/><W27/><G134/><T17/><D67/><U65/><E74/><V89/><F50/><W41/><G129/><T81/><D81/><U120/><E120/><V58/><F20/><W92/><G41/><T116/><D116/><U126/><E126/><V35/><F35/><W83/><G107/><T46/><D121/><U66/><E49/><V40/><F40/><W55/><G109/><T77/><D77/><U70/><E12/><N who="3" m="4650" /><G10/><T18/><REACH who="0" step="1"/><D123/><REACH who="0" ten="220,231,289,250" step="2"/><U42/><E80/><V61/><F11/><W24/><G83/><T32/><D32/><N who="1" m="20527" /><E73/><V68/><F68/><W23/><G30/><T13/><D13/><U108/><E108/><V44/><F132/><W59/><G27/><T105/><D105/><U16/><E66/><V112/><F133/><W37/><G37/><T128/><D128/><U82/><E82/><V31/><F135/><W71/><G71/><T113/><D113/><U95/><E70/><V21/><F112/><W62/><G55/><T53/><D53/><U117/><E106/><V43/><F104/><W79/><G79/><T87/><AGARI ba="0,1" hai="3,7,9,17,18,19,33,34,46,48,52,87,90,93" machi="87" ten="30,7900,0" yaku="1,1,0,1,52,1,54,1,53,0" doraHai="2" doraHaiUra="130" who="0" fromWho="0" sc="220,89,231,-20,289,-20,250,-39" /><INIT seed="4,0,0,5,2,125" ten="309,211,269,211" oya="0" hai0="44,29,116,94,21,41,27,122,13,101,69,120,96" hai1="90,20,10,78,95,128,127,47,28,6,114,67,71" hai2="51,109,66,70,115,130,14,129,112,8,22,118,103" hai3="80,49,36,77,74,83,2,45,3,9,104,16,62"/><T33/><D69/><U131/><E127/><V59/><F103/><W121/><G104/><T19/><REACH who="0" step="1"/><D116/><REACH who="0" ten="299,211,269,211" step="2"/><U88/><E71/><V133/><F118/><W48/><G121/><T110/><D110/><U50/><E114/><V39/><F70/><W63/><G36/><AGARI ba="0,1" hai="13,19,21,27,29,33,36,41,44,94,96,101,120,122" machi="36" ten="30,5800,0" yaku="1,1,7,1,53,1" doraHai="125" doraHaiUra="18" who="0" fromWho="3" sc="299,68,211,0,269,0,211,-58" /><INIT seed="4,1,0,3,2,69" ten="367,211,269,153" oya="0" hai0="100,132,80,110,87,58,43,2,28,22,102,35,122" hai1="51,46,68,130,117,135,86,89,71,129,3,20,134" hai2="128,112,101,74,109,79,94,83,106,27,5,32,126" hai3="82,49,108,10,119,24,131,11,45,105,90,70,92"/><T52/><D2/><U120/><E3/><V23/><F112/><W64/><G119/><T67/><D122/><U124/><E20/><V60/><F109/><W13/><G105/><T38/><D110/><U14/><E14/><V133/><F133/><N who="1" m="50697" /><E89/><V98/><F128/><N who="1" m="49257" /><E86/><V75/><F126/><W107/><G107/><T91/><D35/><U77/><E77/><V17/><F5/><W104/><G104/><T55/><D132/><U50/><E117/><V6/><F6/><W115/><G108/><T118/><D118/><U127/><E120/><V72/><F32/><W116/><G115/><T84/><D84/><U0/><E0/><V88/><F60/><W30/><G116/><T19/><D28/><U41/><E51/><V65/><F65/><W111/><G131/><T9/><D9/><U18/><E18/><V97/><AGARI ba="1,0" hai="17,23,27,72,74,75,79,83,88,94,97,98,101,106" machi="97" ten="20,2700,0" yaku="0,1,7,1,54,1" doraHai="69" who="2" fromWho="2" sc="367,-14,211,-8,269,30,153,-8" /><INIT seed="5,0,0,0,4,28" ten="353,203,299,145" oya="1" hai0="109,9,64,35,3,93,97,20,77,59,44,88,58" hai1="74,8,26,17,92,53,101,11,70,12,112,45,111" hai2="100,15,83,23,43,57,124,115,6,46,75,55,24" hai3="60,56,32,13,126,62,2,132,118,31,14,105,122"/><U117/><E117/><V52/><F100/><W10/><G122/><T36/><D109/><U39/><E74/><V37/><F124/><W27/><G105/><T5/><D77/><U21/><E111/><V19/><F115/><W103/><G103/><T134/><D134/><U50/><E112/><V84/><F75/><W65/><G118/><T87/><D64/><U61/><E39/><V1/><F1/><W49/><G132/><T108/><D108/><U33/><E101/><V95/><F95/><W96/><G96/><T72/><D72/><U104/><E104/><V127/><F127/><W121/><G121/><T34/><D97/><U128/><E92/><V41/><F41/><W22/><G126/><T116/><D116/><U7/><E128/><V133/><F133/><W25/><G2/><T123/><D123/><U89/><E89/><V78/><REACH who="2" step="1"/><F57/><REACH who="2" ten="353,203,289,145" step="2"/><W135/><G135/><T29/><D58/><U98/><E98/><V40/><F40/><W91/><G62/><T82/><D59/><U54/><E70/><V18/><F18/><W38/><G56/><T120/><D93/><U48/><E61/><V85/><F85/><W30/><G60/><T90/><D120/><U130/><E130/><V16/><F16/><W79/><G38/><T107/><D107/><U47/><REACH who="1" step="1"/><E7/><REACH who="1" ten="353,193,289,145" step="2"/><V99/><F99/><W66/><G66/><T67/><D67/><U51/><E51/><V69/><F69/><W94/><G65/><T73/><D73/><U114/><E114/><V80/><F80/><W125/><G125/><T102/><D102/><U76/><E76/><V42/><F42/><RYUUKYOKU ba="0,2" sc="353,-15,193,15,289,15,145,-15" hai1="8,11,12,17,21,26,33,45,47,48,50,53,54" hai2="6,15,19,23,24,37,43,46,52,55,78,83,84" /><INIT seed="5,1,2,1,0,79" ten="338,208,304,130" oya="1" hai0="30,47,80,76,18,5,26,90,93,82,111,32,106" hai1="96,110,129,69,124,45,95,25,119,83,108,38,1" hai2="39,52,27,75,41,122,64,56,58,94,126,53,3" hai3="12,6,127,10,123,101,65,97,34,109,63,46,9"/><U54/><E119/><V44/><F3/><W59/><G109/><N who="1" m="42090" /><E1/><V28/><F122/><W50/><G123/><T104/><D111/><U23/><E69/><V102/><F75/><W72/><G127/><T112/><D5/><U78/><E124/><V135/><F135/><W134/><G72/><T89/><D112/><U114/><E114/><V113/><F113/><W4/><G134/><T55/><D76/><U66/><E66/><V57/><F126/><W2/><G34/><T116/><D116/><U7/><E7/><V131/><F64/><W11/><G11/><T49/><D90/><N who="1" m="55415" /><E129/><V42/><F42/><W125/><G125/><T13/><D104/><U22/><E25/><V31/><F131/><W60/><G60/><T36/><D106/><U70/><E70/><V29/><REACH who="2" step="1"/><F27/><REACH who="2" ten="338,208,294,130" step="2"/><W14/><G2/><T86/><REACH who="0" step="1"/><D36/><REACH who="0" ten="328,208,294,130" step="2"/><U103/><E38/><V74/><F74/><W40/><G101/><T98/><D98/><AGARI ba="1,4" hai="28,29,31,39,41,44,52,53,56,57,58,94,98,102" machi="98" ten="40,2600,0" yaku="1,1,54,1,53,0" doraHai="79" doraHaiUra="128" who="2" fromWho="0" sc="328,-29,208,0,294,69,130,0" /><AGARI ba="1,0" hai="4,6,9,10,12,14,40,46,50,59,63,65,97,98" machi="98" ten="40,2600,0" yaku="9,1,8,1" doraHai="79" who="3" fromWho="0" sc="299,-26,208,0,363,0,130,26" /><INIT seed="6,0,0,5,1,91" ten="273,208,363,156" oya="2" hai0="0,22,129,49,115,33,82,109,100,3,104,124,59" hai1="80,102,51,83,32,7,74,106,113,30,89,107,4" hai2="8,29,62,98,134,10,24,92,85,9,35,131,132" hai3="60,121,116,75,93,55,48,12,15,111,112,17,68"/><V19/><F131/><W87/><G75/><T70/><D33/><U105/><E102/><V69/><F85/><W31/><G121/><T122/><D70/><U94/><E113/><V11/><N who="2" m="2048" /><DORA hai="123" /><V101/><REACH who="2" step="1"/><F19/><REACH who="2" ten="273,208,353,156" step="2"/><W47/><G17/><T127/><D129/><U25/><E74/><V28/><F28/><W27/><G31/><T50/><D122/><U43/><E4/><V72/><F72/><W126/><G112/><T65/><D115/><U88/><E7/><V90/><F90/><W76/><G76/><T52/><D0/><U77/><E77/><V133/><F133/><W42/><G116/><T39/><D3/><U23/><E89/><V45/><F45/><W103/><G47/><T41/><D124/><U40/><E30/><V2/><F2/><W120/><G126/><T96/><D127/><U119/><E88/><V117/><F117/><W21/><G120/><T61/><D22/><U57/><E23/><V56/><F56/><W84/><G21/><T44/><D82/><U128/><E57/><V13/><F13/><W81/><G15/><T14/><D14/><U54/><E80/><V67/><AGARI ba="0,1" hai="24,29,35,62,67,69,92,98,101,132,134" m="2048" machi="67" ten="50,9600,0" yaku="1,1,0,1,52,1,53,0" doraHai="91,123" doraHaiUra="86,114" who="2" fromWho="2" sc="273,-32,208,-32,353,106,156,-32" /><INIT seed="6,1,0,0,5,68" ten="241,176,459,124" oya="2" hai0="54,52,73,74,46,117,97,103,94,59,79,114,5" hai1="130,133,62,9,16,61,42,108,80,102,30,19,122" hai2="85,36,66,118,125,67,27,4,22,71,83,51,18" hai3="56,35,32,93,126,65,78,77,109,110,45,111,76"/><V20/><F118/><W14/><G126/><T38/><D117/><U113/><E108/><V88/><F36/><W128/><G128/><T39/><D114/><U119/><E130/><V100/><F125/><W7/><G45/><T90/><D5/><U48/><E113/><V41/><F4/><W95/><G65/><T87/><D46/><U64/><E133/><V60/><F100/><W81/><G81/><T120/><D120/><U21/><E42/><V72/><F72/><W99/><G56/><T107/><D54/><U69/><E48/><V63/><F41/><W29/><G29/><T106/><D106/><U132/><E102/><V112/><F112/><W105/><G105/><T84/><D84/><U24/><E132/><V50/><REACH who="2" step="1"/><F22/><REACH who="2" ten="241,176,449,124" step="2"/><W70/><G70/><AGARI ba="1,1" hai="18,20,27,50,51,60,63,66,67,70,71,83,85,88" machi="70" ten="30,18000,2" yaku="1,1,2,1,7,1,9,1,54,1,53,1" doraHai="68" doraHaiUra="13" who="2" fromWho="3" sc="241,0,176,0,449,193,124,-183" owari="241,4.1,176,-22.4,642,74.2,-59,-55.9" /></mjloggm>