<mjloggm ver="2.3"><GO type="169" lobby="0"/><UN n0="%E5%A5%B3%E3%81%AA%E3%81%AE%E3%81%82%E3%81%8C%E3%82%89%E3%81%9B%E3%81%A6" n1="%E3%81%95%E3%82%84%E3%81%95%E3%82%84" n2="%6B%69%72%61%72%69%79%75" n3="%E7%A9%B4%E7%8C%AB" dan="16,16,16,16" rate="2042.40,2128.59,2117.42,2073.18" sx="M,M,M,M"/><TAIKYOKU oya="0"/><INIT seed="0,0,0,2,5,10" ten="250,250,250,250" oya="0" hai0="0,90,78,61,121,79,102,36,110,17,37,1,6" hai1="18,71,50,60,3,32,133,72,64,109,49,31,43" hai2="58,82,126,29,11,19,45,47,103,35,93,20,30" hai3="2,8,21,108,135,120,12,91,74,59,97,38,118"/><T124/><D121/><U98/><E72/><V92/><F126/><W89/><G118/><T22/><D124/><U41/><E3/><V26/><F11/><W86/><G74/><T131/><D131/><U113/><E18/><V66/><F82/><W68/><G68/><T69/><D102/><U57/><E31/><V16/><F19/><W53/><G38/><T5/><D110/><U116/><E32/><V13/><F30/><W107/><G108/><T70/><D90/><U117/><E98/><V14/><F14/><W44/><G120/><T84/><D84/><U99/><E99/><V7/><F7/><W40/><G2/><T114/><D61/><U106/><E106/><V80/><F80/><W23/><G135/><T25/><D114/><U132/><E109/><V101/><F101/><W27/><G44/><T56/><D56/><U34/><E34/><V67/><F103/><W54/><G40/><N who="1" m="15434" /><E71/><V105/><F105/><W52/><G107/><T100/><D100/><U95/><E95/><V75/><F75/><W9/><G97/><T39/><D70/><U88/><E88/><N who="3" m="33866" /><G86/><T76/><REACH who="0" step="1"/><D69/><REACH who="0" ten="240,250,250,250" step="2"/><U125/><E113/><V15/><F58/><W129/><G129/><T96/><D96/><U4/><E125/><V94/><F94/><W128/><G128/><T115/><D115/><U24/><E132/><V134/><F93/><W62/><G62/><T73/><D73/><U127/><E133/><V51/><F92/><W81/><G59/><T83/><D83/><U87/><E127/><V119/><F134/><W85/><G81/><T28/><D28/><U48/><E60/><RYUUKYOKU ba="0,1" sc="240,30,250,-10,250,-10,250,-10" hai0="0,1,5,6,17,22,25,36,37,39,76,78,79" /><INIT seed="0,1,1,4,3,66" ten="270,240,240,240" oya="0" hai0="52,85,98,21,32,75,77,135,122,53,100,128,61" hai1="123,37,45,39,36,86,14,84,118,0,103,3,4" hai2="102,54,119,101,114,106,87,74,108,64,38,80,2" hai3="90,105,129,33,23,57,107,113,115,12,121,127,132"/><T130/><D32/><U68/><E118/><V11/><F114/><N who="3" m="43531" /><G57/><T19/><D122/><U125/><E123/><V78/><F108/><W56/><G121/><T63/><D135/><U104/><E125/><V30/><F119/><W49/><G56/><T27/><D75/><U26/><E26/><V47/><F64/><W126/><G49/><T50/><D77/><U7/><E14/><V83/><F30/><W110/><G33/><T10/><D85/><U71/><E45/><V109/><F109/><W88/><G23/><T25/><D25/><U67/><E67/><V62/><F62/><W5/><G5/><N who="1" m="2122" /><E103/><V117/><F117/><W9/><G9/><T72/><D72/><U93/><E93/><V29/><F29/><W112/><G12/><T51/><D10/><U96/><E96/><V81/><F11/><W89/><G112/><T34/><D34/><U1/><E104/><N who="3" m="40010" /><G132/><T43/><D43/><U99/><E99/><V20/><F20/><W92/><G110/><T44/><D63/><U17/><E17/><V55/><F55/><W58/><G58/><N who="0" m="33055" /><D61/><U8/><E8/><V94/><F54/><W95/><G129/><N who="0" m="49771" /><D98/><U60/><E60/><V76/><F2/><W111/><G111/><T79/><D100/><U16/><E16/><V59/><F59/><W48/><G48/><T97/><D97/><U124/><E124/><AGARI ba="1,1" hai="88,89,90,92,95,124,126,127" m="40010,43531" machi="124" ten="40,12000,2" yaku="28,2,18,1,34,2,54,1" doraHai="66" who="3" fromWho="1" sc="270,0,240,-123,240,0,240,133" /><INIT seed="1,0,0,1,4,75" ten="270,117,240,373" oya="1" hai0="105,78,90,71,87,94,44,10,117,33,83,70,55" hai1="47,135,2,128,38,51,113,4,115,40,58,86,127" hai2="0,28,100,12,32,53,121,131,104,81,109,80,14" hai3="91,26,3,41,69,68,66,37,29,119,92,45,52"/><U60/><E127/><V35/><F0/><W6/><G119/><T17/><D117/><U122/><E122/><V74/><F121/><W7/><G52/><T126/><D105/><U118/><E118/><V61/><F109/><W108/><G108/><T39/><D33/><U72/><E72/><V97/><F131/><W62/><G68/><T24/><D126/><U48/><E128/><V132/><F132/><W43/><G43/><T27/><D27/><U102/><E135/><V65/><F53/><W130/><G3/><T134/><D134/><U129/><E129/><V57/><F81/><W31/><G130/><T79/><D71/><U112/><E102/><V63/><F63/><W25/><G25/><T20/><D70/><U50/><E86/><V30/><F35/><W93/><G93/><T15/><D94/><U103/><E103/><V19/><F12/><W34/><G29/><T18/><D39/><U123/><E2/><V125/><F32/><W59/><G69/><T133/><D133/><U11/><E11/><V22/><REACH who="2" step="1"/><F125/><REACH who="2" ten="270,117,230,373" step="2"/><W111/><G111/><T99/><D99/><AGARI ba="0,1" hai="6,7,26,31,34,37,41,45,59,62,66,91,92,99" machi="99" ten="30,1000,0" yaku="7,1" doraHai="75" who="3" fromWho="0" sc="270,-10,117,0,230,0,373,20" /><INIT seed="2,0,0,2,2,14" ten="260,117,230,393" oya="2" hai0="100,38,55,118,79,96,5,117,9,58,24,106,54" hai1="26,110,39,75,57,131,115,70,113,127,122,30,48" hai2="12,81,135,44,0,114,63,40,123,36,32,88,61" hai3="99,108,116,133,111,62,84,33,86,13,3,15,107"/><V105/><F0/><W89/><G116/><N who="0" m="44651" /><D38/><U93/><E93/><V74/><F123/><W92/><G33/><T90/><D79/><U129/><E75/><V130/><F32/><W134/><G3/><N who="0" m="191" /><D24/><U37/><E26/><V45/><F105/><W35/><G35/><T112/><D112/><N who="1" m="43083" /><E30/><V6/><F114/><W76/><G62/><N who="0" m="36183" /><D55/><N who="1" m="31975" /><E122/><V102/><F102/><N who="3" m="62943" /><G15/><T80/><D90/><U41/><E127/><V59/><F74/><W91/><G13/><T28/><D80/><U17/><E17/><V95/><F81/><N who="3" m="49295" /><G76/><T7/><D7/><U31/><E31/><AGARI ba="0,0" hai="28,31,96,100,106" m="36183,191,44651" machi="31" ten="30,1000,0" yaku="12,1" doraHai="14" who="0" fromWho="1" sc="260,10,117,-10,230,0,393,0" /><INIT seed="3,0,0,0,5,51" ten="270,107,230,393" oya="3" hai0="103,85,60,9,45,8,70,131,124,35,92,36,16" hai1="106,82,43,73,115,44,79,5,96,74,91,110,4" hai2="99,12,0,23,62,107,71,33,55,18,14,101,46" hai3="48,25,34,40,3,121,134,10,120,78,68,15,133"/><W53/><G3/><T22/><D35/><U81/><E110/><V24/><F0/><W37/><G68/><T65/><D124/><U80/><E115/><V86/><F33/><W19/><G78/><T88/><D131/><U116/><E116/><V57/><F71/><W97/><G40/><T31/><D31/><U2/><E4/><V6/><F6/><W123/><G37/><T29/><D29/><U90/><E5/><V114/><F114/><W132/><G34/><T66/><D66/><U89/><E2/><V42/><REACH who="2" step="1"/><F86/><REACH who="2" ten="270,107,220,393" step="2"/><W38/><G120/><T32/><D32/><U41/><E44/><V112/><F112/><W100/><G121/><T108/><D108/><U76/><E43/><V130/><F130/><W104/><G123/><T95/><D45/><U75/><E41/><V98/><F98/><W26/><G38/><AGARI ba="0,1" hai="12,14,18,23,24,38,42,46,55,57,62,99,101,107" machi="38" ten="30,7700,0" yaku="1,1,7,1,52,1,53,1" doraHai="51" doraHaiUra="56" who="2" fromWho="3" sc="270,0,107,0,220,87,393,-77" /><INIT seed="4,0,0,0,5,32" ten="270,107,307,316" oya="0" hai0="130,98,99,70,12,72,6,18,3,29,74,85,52" hai1="67,1,62,71,58,135,28,23,119,103,90,78,126" hai2="101,114,79,41,27,80,68,107,49,5,57,65,88" hai3="26,129,19,0,84,113,77,109,93,120,63,16,104"/><T2/><D70/><U38/><E119/><V127/><F68/><W11/><G109/><T10/><D29/><U20/><E126/><V61/><F127/><W76/><G104/><T121/><D121/><U73/><E135/><V96/><F114/><W15/><G113/><T125/><D125/><U44/><E1/><V95/><F5/><W102/><G120/><T91/><D130/><U133/><E133/><V110/><F110/><W117/><G117/><T7/><D74/><U118/><E118/><V112/><F112/><W46/><G129/><T30/><D30/><U124/><E124/><V122/><F122/><W17/><G0/><T8/><D72/><U131/><E131/><V83/><F27/><W108/><G108/><T123/><D52/><U35/><E35/><V87/><F79/><W31/><G31/><T22/><REACH who="0" step="1"/><D123/><REACH who="0" ten="260,107,307,316" step="2"/><U47/><E73/><V37/><F65/><W115/><G115/><T111/><D111/><U51/><E71/><V89/><F41/><W55/><G46/><T53/><D53/><U69/><E69/><V116/><F116/><W36/><G55/><T86/><D86/><U75/><E75/><V43/><F43/><W128/><G84/><T60/><D60/><U105/><E38/><V45/><F37/><W66/><G63/><T94/><AGARI ba="0,1" hai="2,3,6,7,8,10,12,18,22,85,91,94,98,99" machi="94" ten="20,18000,2" yaku="1,1,0,1,7,1,9,1,52,2,53,0" doraHai="32" doraHaiUra="132" who="0" fromWho="0" sc="260,190,107,-60,307,-60,316,-60" /><INIT seed="4,1,0,2,1,51" ten="450,47,247,256" oya="0" hai0="27,118,2,92,116,86,65,9,80,106,5,132,88" hai1="40,122,57,31,44,96,77,17,105,93,78,64,10" hai2="73,30,72,89,56,32,34,98,114,134,50,91,39" hai3="41,124,103,71,69,94,58,15,8,111,117,54,48"/><T74/><D132/><U127/><E127/><V0/><F39/><W81/><G111/><T42/><D106/><U46/><E122/><V130/><F0/><W109/><G109/><T37/><D65/><U25/><E105/><V70/><F70/><W11/><G117/><T133/><D133/><U26/><E64/><V7/><F7/><W108/><G108/><T35/><D35/><U128/><E128/><V45/><F56/><W129/><G124/><T126/><D27/><U110/><E57/><V82/><F134/><W61/><G129/><T4/><D4/><U1/><E110/><V16/><F114/><W125/><G125/><T75/><D126/><U19/><E1/><V60/><F60/><W33/><G33/><T28/><D28/><U68/><E68/><V87/><F34/><W66/><G41/><T100/><D100/><U20/><E40/><V13/><F30/><W95/><G69/><T113/><D113/><U24/><E10/><V85/><F98/><W29/><G29/><T12/><D12/><U131/><E131/><V18/><F32/><W52/><G103/><T53/><D53/><U115/><E115/><V43/><F130/><W104/><G104/><T55/><D55/><U119/><E119/><V38/><F38/><W62/><G81/><T79/><REACH who="0" step="1"/><D75/><REACH who="0" ten="440,47,247,256" step="2"/><U99/><E31/><V14/><F14/><W67/><G67/><T63/><D63/><U21/><REACH who="1" step="1"/><E25/><REACH who="1" ten="440,37,247,256" step="2"/><V47/><F13/><W101/><G11/><T102/><D102/><U36/><E36/><V84/><F43/><W112/><G101/><T76/><D76/><U120/><E120/><RYUUKYOKU ba="1,2" sc="440,15,37,15,247,-15,256,-15" hai0="2,5,9,37,42,74,79,80,86,88,92,116,118" hai1="17,19,20,21,24,26,44,46,77,78,93,96,99" /><INIT seed="4,2,2,0,2,79" ten="455,52,232,241" oya="0" hai0="89,40,59,14,129,103,50,80,9,17,74,134,92" hai1="52,100,24,6,54,78,91,21,57,29,71,119,47" hai2="109,38,130,45,42,66,28,39,120,99,22,18,58" hai3="34,107,73,70,8,67,75,0,27,13,10,37,25"/><T63/><D129/><U125/><E119/><V65/><F130/><W4/><G107/><T69/><D134/><U44/><E125/><V131/><F131/><W3/><G37/><T23/><D69/><U11/><E71/><V83/><F109/><W88/><G13/><T133/><D133/><U97/><E78/><V16/><F38/><W30/><G25/><T116/><D116/><U5/><E91/><V115/><F115/><W126/><G126/><T20/><D103/><U64/><E64/><V98/><F120/><W90/><G90/><T12/><D74/><U96/><E100/><V101/><F28/><W84/><G67/><T121/><D80/><U81/><E11/><V31/><F31/><W123/><G70/><T77/><D77/><U19/><E29/><V95/><F83/><W35/><G35/><T56/><D121/><U76/><E76/><V36/><F36/><W108/><G108/><T110/><D23/><U2/><E2/><V46/><F46/><N who="1" m="17449" /><E81/><V122/><F122/><W32/><G32/><T43/><D50/><N who="1" m="30871" /><E54/><V94/><F58/><N who="0" m="22058" /><D63/><U117/><E117/><V49/><F39/><W113/><G123/><T87/><D110/><U135/><E135/><V51/><F51/><W68/><G68/><T111/><D111/><U1/><E1/><V61/><F61/><W48/><G48/><T102/><D102/><U55/><E55/><V106/><F106/><W41/><G75/><T128/><D128/><U127/><E127/><V53/><F53/><W93/><G73/><T112/><D112/><U105/><E105/><V60/><F66/><W26/><G113/><RYUUKYOKU ba="2,2" sc="455,15,52,15,232,-15,241,-15" hai0="9,12,14,17,20,40,43,87,89,92" hai1="5,6,19,21,24,96,97" /><INIT seed="4,3,2,2,5,7" ten="470,67,217,226" oya="0" hai0="72,79,41,46,102,106,134,70,23,2,25,50,31" hai1="54,57,55,4,84,42,90,3,29,112,133,81,14" hai2="68,22,101,83,87,69,43,33,82,24,39,32,16" hai3="12,0,86,63,45,130,111,47,34,40,35,103,44"/><T105/><D70/><U122/><E3/><V97/><F69/><W6/><G111/><T113/><D113/><U110/><E122/><V9/><F68/><W28/><G0/><T80/><D2/><U74/><E112/><V71/><F71/><W128/><G40/><T5/><D5/><U135/><E74/><V13/><F43/><W27/><G103/><T131/><D134/><N who="1" m="51211" /><E29/><V51/><F51/><W65/><G86/><T26/><D131/><N who="3" m="50217" /><G6/><T115/><D115/><U100/><E110/><V8/><F39/><W17/><G34/><T10/><D10/><N who="2" m="4202" /><F33/><W96/><G96/><T1/><D1/><U53/><E42/><V77/><F32/><W73/><G73/><T93/><D26/><U30/><E30/><V20/><F83/><W116/><G116/><T108/><D108/><U118/><E118/><V127/><F127/><W64/><G63/><T37/><D37/><U36/><E36/><V11/><F24/><W49/><G49/><T121/><D121/><U88/><E100/><V85/><F85/><W126/><G126/><T99/><AGARI ba="3,2" hai="23,25,31,41,46,50,72,79,80,93,99,102,105,106" machi="99" ten="30,1500,0" yaku="0,1" doraHai="7" who="0" fromWho="0" sc="470,44,67,-8,217,-8,226,-8" /><INIT seed="4,4,0,4,5,75" ten="514,59,209,218" oya="0" hai0="126,119,18,57,19,105,124,110,27,83,7,78,131" hai1="86,14,107,82,34,118,40,49,21,2,73,60,97" hai2="0,13,65,121,70,64,95,92,123,108,87,72,44" hai3="67,116,111,113,102,47,96,125,11,99,91,58,100"/><T10/><D119/><U62/><E118/><V66/><F0/><W117/><G11/><T15/><D105/><U28/><E2/><V59/><F72/><W74/><G47/><T12/><D57/><U53/><E73/><V26/><F108/><W129/><G67/><T22/><D110/><U42/><E34/><V71/><F13/><W120/><G58/><T45/><D45/><U84/><E107/><V17/><F44/><W104/><G111/><T130/><D83/><U54/><E97/><V88/><F95/><W20/><G20/><N who="0" m="13719" /><D78/><U85/><E82/><V133/><F133/><W36/><G36/><T68/><D68/><U1/><E1/><V37/><F37/><W43/><G74/><T101/><D101/><U8/><E28/><V61/><F17/><W48/><G102/><T106/><D106/><U93/><E21/><V63/><REACH who="2" step="1"/><F26/><REACH who="2" ten="514,59,199,218" step="2"/><W32/><G116/><T29/><D29/><U122/><E93/><V134/><F134/><W115/><G117/><T39/><D39/><U103/><E14/><V69/><F69/><W38/><G38/><T132/><D132/><U135/><E135/><V50/><F50/><W41/><G48/><T33/><D33/><U128/><E49/><V127/><F127/><AGARI ba="4,1" hai="7,10,12,15,19,22,124,126,127,130,131" m="13719" machi="127" ten="30,5800,0" yaku="18,1,34,2" doraHai="75" who="0" fromWho="2" sc="514,80,59,0,199,-70,218,0" /><INIT seed="4,5,0,5,0,23" ten="594,59,129,218" oya="0" hai0="78,28,2,59,47,13,77,112,22,122,71,8,82" hai1="125,107,14,60,26,86,75,130,15,41,53,36,101" hai2="40,29,118,56,87,9,5,52,34,21,98,68,38" hai3="55,135,65,44,67,93,96,20,99,120,43,63,95"/><T121/><D71/><U103/><E75/><V105/><F68/><W42/><G135/><T51/><D112/><U88/><E125/><V46/><F118/><W57/><G120/><T117/><D117/><U94/><E130/><V85/><F34/><W24/><G43/><T4/><D59/><N who="1" m="34927" /><E107/><V111/><F111/><W19/><G96/><T80/><D2/><U49/><E36/><V1/><F105/><W61/><G93/><T81/><D22/><U3/><E3/><V12/><F98/><W10/><G10/><T69/><D28/><U74/><E74/><V100/><F100/><N who="1" m="38473" /><E26/><V62/><REACH who="2" step="1"/><F1/><REACH who="2" ten="594,59,119,218" step="2"/><W18/><G99/><T73/><D69/><U108/><E108/><V70/><F70/><W58/><G65/><T104/><D104/><U110/><E110/><V123/><F123/><W97/><G97/><T134/><D134/><U7/><E7/><V133/><F133/><W0/><G0/><T45/><D122/><U109/><E109/><V25/><AGARI ba="5,1" hai="5,9,12,21,25,29,38,40,46,52,56,62,85,87" machi="25" ten="30,7900,0" yaku="1,1,0,1,52,1,54,1,53,0" doraHai="23" doraHaiUra="126" who="2" fromWho="2" sc="594,-44,59,-25,119,104,218,-25" /><INIT seed="5,0,0,5,2,131" ten="550,34,223,193" oya="1" hai0="39,77,125,78,9,15,91,55,76,104,24,85,81" hai1="34,126,112,105,97,26,45,16,6,63,89,66,135" hai2="57,88,50,43,0,87,60,8,123,42,100,101,116" hai3="12,65,111,48,103,110,73,11,67,44,64,114,47"/><U62/><E112/><V46/><F116/><W82/><G114/><T56/><D39/><U19/><E126/><V133/><F123/><W107/><G107/><T36/><D104/><U59/><E6/><V2/><F133/><W27/><G103/><T127/><D36/><U75/><E75/><V31/><F42/><W32/><G47/><T99/><D24/><U18/><E135/><V98/><F31/><W95/><G95/><T108/><D108/><U90/><E45/><V109/><F109/><W33/><G33/><T94/><D125/><U124/><E124/><V106/><F8/><W84/><G73/><T61/><REACH who="0" step="1"/><D127/><REACH who="0" ten="540,34,223,193" step="2"/><U52/><E105/><V121/><F121/><W37/><G37/><T128/><D128/><U20/><E34/><V58/><F106/><W92/><G27/><T120/><D120/><U29/><REACH who="1" step="1"/><E97/><REACH who="1" ten="540,24,223,193" step="2"/><V129/><F98/><W132/><G32/><T68/><D68/><AGARI ba="0,2" hai="16,18,19,20,26,29,52,59,62,63,66,68,89,90" machi="68" ten="40,12000,1" yaku="1,1,2,1,54,2,53,0" doraHai="131" doraHaiUra="122" who="1" fromWho="0" sc="540,-120,24,140,223,0,193,0" /><INIT seed="5,1,0,1,4,101" ten="420,164,223,193" oya="1" hai0="57,23,81,119,85,70,27,127,94,42,34,64,102" hai1="120,71,88,116,40,86,69,118,95,14,72,115,10" hai2="79,35,29,48,5,98,50,106,28,46,131,33,111" hai3="8,9,107,75,90,63,21,17,11,49,41,92,121"/><U31/><E120/><V16/><F111/><W30/><G121/><T47/><D34/><U134/><E72/><V74/><F131/><W93/><G75/><T7/><D127/><U12/><E115/><V15/><F5/><W82/><G30/><T100/><D70/><U113/><E113/><V22/><F50/><W4/><G4/><T124/><D119/><U128/><E128/><V96/><F96/><W54/><G41/><T51/><D7/><U76/><E134/><V110/><F110/><W91/><G63/><N who="0" m="37999" /><D94/><N who="3" m="36457" /><G82/><T20/><D20/><U66/><E76/><V68/><F68/><N who="1" m="26185" /><E66/><V60/><F60/><W26/><G107/><T117/><D124/><U65/><E65/><V38/><F38/><W114/><G114/><T36/><D36/><U133/><E133/><V32/><F79/><W25/><G25/><T3/><D3/><U129/><E129/><V105/><F74/><W53/><G53/><T13/><D13/><N who="1" m="5227" /><E40/><V97/><F97/><W89/><G89/><N who="0" m="51375" /><D117/><N who="1" m="45163" /><E31/><AGARI ba="1,0" hai="23,27,31,42,47,51,100,102" m="51375,37999" machi="31" ten="30,1000,0" yaku="8,1" doraHai="101" who="0" fromWho="1" sc="420,13,164,-13,223,0,193,0" /><INIT seed="6,0,0,3,2,49" ten="433,151,223,193" oya="2" hai0="77,2,53,133,26,126,86,47,30,120,60,48,1" hai1="39,13,18,62,58,45,113,69,134,42,72,25,67" hai2="122,55,4,65,31,103,71,90,56,21,89,28,24" hai3="80,17,84,94,35,11,59,99,132,5,51,41,110"/><V12/><F122/><W15/><G132/><T112/><D120/><U40/><E72/><V100/><F65/><W114/><G114/><T83/><D112/><U76/><E113/><V92/><F71/><W119/><G110/><T88/><D126/><U3/><E134/><V29/><F4/><W52/><G119/><T10/><D133/><U74/><E25/><V23/><F12/><W63/><G35/><T9/><D60/><U121/><E121/><V61/><F90/><W50/><G41/><T104/><D104/><U20/><E3/><V111/><F111/><W116/><G116/><T46/><D46/><U124/><E124/><V97/><REACH who="2" step="1"/><F21/><REACH who="2" ten="433,151,213,193" step="2"/><W125/><G125/><T96/><D2/><U43/><E69/><V70/><F70/><W22/><G80/><T81/><D1/><U108/><E108/><V117/><F117/><W54/><G54/><T106/><D83/><U33/><E33/><V37/><F37/><W87/><G87/><T66/><D66/><U107/><E67/><V73/><F73/><W129/><G84/><T123/><D123/><U27/><E74/><V91/><F91/><N who="3" m="55775" /><G129/><T98/><D98/><U128/><E39/><V109/><F109/><W95/><G95/><N who="0" m="56423" /><D106/><U85/><E107/><V44/><F44/><W105/><G105/><T68/><D68/><U135/><E45/><V57/><F57/><W115/><G115/><T130/><D130/><U102/><E128/><V38/><F38/><W64/><G64/><T8/><D86/><U34/><E85/><V14/><F14/><AGARI ba="0,1" hai="5,11,14,15,17,22,50,51,52,59,63" m="55775" machi="14" ten="30,3900,0" yaku="8,1,52,1,54,1" doraHai="49" who="3" fromWho="2" sc="433,0,151,0,213,-39,193,49" /><INIT seed="7,0,0,1,5,122" ten="433,151,174,242" oya="3" hai0="128,105,74,38,17,42,124,5,79,88,28,52,129" hai1="118,22,19,0,47,114,70,49,101,75,72,46,78" hai2="130,54,30,59,67,8,21,39,83,96,116,103,27" hai3="73,98,104,15,89,135,20,24,112,50,6,63,14"/><W25/><G73/><T53/><D105/><U126/><E0/><V99/><F39/><W68/><G25/><T95/><D124/><U7/><E126/><V102/><F116/><W82/><G50/><T41/><D5/><U62/><E118/><V48/><F130/><N who="0" m="50282" /><D28/><U77/><E114/><V43/><F67/><W40/><G40/><N who="0" m="15467" /><D38/><U3/><E101/><N who="2" m="38411" /><F43/><W60/><G89/><T9/><D9/><N who="1" m="2303" /><E70/><V76/><F8/><W115/><G15/><T61/><D17/><U133/><E62/><V125/><F125/><W71/><G82/><N who="0" m="45431" /><D61/><U31/><E133/><V123/><F123/><W127/><G68/><T108/><D108/><U132/><E31/><V110/><F110/><W100/><G98/><AGARI ba="0,0" hai="52,53,88,95,98" m="45431,15467,50282" machi="98" ten="30,3900,0" yaku="19,1,54,2" doraHai="122" who="0" fromWho="3" sc="433,39,151,0,174,0,242,-39" owari="472,57.2,151,-34.9,174,-22.6,203,0.3" /></mjloggm>