<mjloggm ver="2.3"><GO type="169" lobby="0"/><UN n0="%4C%C3%97%57%C3%97%4C" n1="%E5%A5%88%E8%89%AF%E3%82%B7%E3%82%AB%E3%83%9E%E3%83%AB%EF%BC%81" n2="%6D%73%E3%82%80%E3%83%BC%E3%81%95%E3%82%93" n3="%4D%75%64%46%6C%6F%77" dan="17,16,17,17" rate="2132.00,2132.40,2174.24,2201.40" sx="M,M,F,M"/><TAIKYOKU oya="0"/><INIT seed="0,0,0,4,0,58" ten="250,250,250,250" oya="0" hai0="126,75,64,15,67,135,43,107,31,81,123,56,21" hai1="88,133,8,104,92,134,101,71,86,103,106,23,114" hai2="116,80,16,40,32,52,55,122,69,120,10,54,48" hai3="19,60,109,26,125,0,45,36,61,72,128,70,33"/><T93/><D107/><N who="1" m="41003" /><E71/><V132/><F132/><N who="1" m="50793" /><E8/><V77/><F116/><W96/><G72/><T102/><D135/><U113/><E23/><V20/><F32/><W49/><G0/><T130/><D130/><U78/><E78/><V35/><F35/><W105/><G70/><T94/><D123/><U41/><E41/><V76/><F69/><W39/><G128/><T30/><D43/><U89/><E89/><V50/><F10/><W118/><G118/><T3/><D3/><U11/><E11/><V44/><F77/><W129/><G129/><T100/><D126/><U124/><E124/><V34/><F34/><W6/><G6/><T73/><D21/><U2/><E2/><V51/><F122/><W18/><G125/><T111/><D15/><U7/><E7/><V13/><REACH who="2" step="1"/><F120/><REACH who="2" ten="250,250,240,250" step="2"/><W66/><G33/><T62/><D111/><U112/><AGARI ba="0,1" hai="86,88,92,101,103,112,113,114" m="50793,41003" machi="112" ten="40,8000,1" yaku="11,1,20,1,34,2,54,1" doraHai="58" who="1" fromWho="1" sc="250,-40,250,90,240,-20,250,-20" /><INIT seed="1,0,0,3,0,129" ten="210,340,220,230" oya="1" hai0="75,80,22,18,64,95,122,21,50,0,39,47,45" hai1="113,15,46,77,17,48,88,130,67,76,118,68,124" hai2="70,92,86,16,3,4,109,36,132,51,87,120,74" hai3="24,134,81,57,133,43,105,5,125,111,94,33,103"/><U73/><E113/><V100/><F120/><W84/><G111/><T27/><D122/><U29/><E118/><V10/><F36/><W72/><G5/><T14/><D0/><U110/><E130/><V54/><F74/><W114/><G114/><T82/><D75/><U126/><E29/><V104/><F70/><W101/><G43/><T62/><D39/><U19/><E73/><V20/><F104/><W8/><G8/><T42/><D47/><U34/><E34/><V107/><F107/><W117/><G117/><T49/><D49/><U119/><E67/><V32/><F32/><W40/><G40/><T53/><D95/><U35/><E68/><V65/><F65/><W96/><G125/><N who="1" m="48234" /><E35/><V128/><F109/><W115/><G115/><T93/><D93/><U83/><E110/><V28/><F28/><N who="3" m="19591" /><G57/><N who="0" m="36943" /><D42/><N who="1" m="24663" /><E19/><AGARI ba="0,0" hai="14,18,19,21,22,27,45,50,53,80,82" m="36943" machi="19" ten="30,1000,0" yaku="8,1" doraHai="129" who="0" fromWho="1" sc="210,10,340,-10,220,0,230,0" /><INIT seed="2,0,0,2,4,117" ten="220,330,220,230" oya="2" hai0="97,68,44,126,60,84,132,109,28,95,120,26,53" hai1="15,21,0,108,91,4,89,3,57,36,115,66,105" hai2="87,106,1,37,22,41,124,45,10,93,32,17,135" hai3="119,61,65,77,55,75,90,129,42,24,102,40,52"/><V94/><F124/><W128/><G119/><T9/><D126/><U6/><E105/><V113/><F113/><W130/><G102/><T122/><D109/><U104/><E104/><V92/><F135/><W111/><G111/><T86/><D132/><U49/><E36/><V31/><F106/><W80/><G90/><T51/><D9/><U50/><E108/><V39/><F39/><W103/><G103/><T20/><D84/><U33/><E21/><V14/><F87/><W34/><G34/><T100/><REACH who="0" step="1"/><D86/><REACH who="0" ten="210,330,220,230" step="2"/><U5/><E115/><V101/><F101/><W11/><G11/><T2/><D2/><U114/><E3/><V46/><F1/><W59/><G24/><T63/><D63/><U48/><E0/><V78/><F78/><W13/><G13/><T62/><D62/><U82/><E15/><V64/><F10/><W27/><G27/><T70/><D70/><U58/><E114/><V116/><F116/><W18/><G18/><T73/><D73/><U88/><E66/><AGARI ba="0,1" hai="20,26,28,44,51,53,60,66,68,95,97,100,120,122" machi="66" ten="40,5200,0" yaku="1,1,52,2,53,0" doraHai="117" doraHaiUra="12" who="0" fromWho="1" sc="210,62,330,-52,220,0,230,0" /><INIT seed="3,0,0,2,3,118" ten="272,278,220,230" oya="3" hai0="48,115,85,96,90,9,30,70,63,44,5,21,113" hai1="94,33,114,41,103,17,101,107,79,87,4,29,129" hai2="123,80,135,37,45,46,42,8,120,74,66,22,27" hai3="77,109,57,65,55,84,98,116,15,62,92,50,83"/><W20/><G116/><T93/><D70/><U117/><E117/><V112/><F112/><N who="0" m="43082" /><D63/><U104/><E4/><V28/><F135/><W67/><G109/><T111/><D111/><U131/><E114/><V105/><F105/><N who="1" m="40521" /><E29/><V3/><F46/><W31/><G62/><T23/><D96/><U40/><E33/><N who="2" m="20639" /><F66/><W81/><G81/><T102/><D102/><N who="1" m="38923" /><E17/><V26/><F26/><N who="3" m="16839" /><G15/><N who="0" m="5551" /><D30/><U13/><E13/><V124/><F22/><W12/><G12/><T71/><D71/><U122/><E41/><AGARI ba="0,0" hai="21,23,41,44,48,85,90,93" m="5551,43082" machi="41" ten="30,1000,0" yaku="11,1" doraHai="118" who="0" fromWho="1" sc="272,10,278,-10,220,0,230,0" /><INIT seed="4,0,0,3,3,104" ten="282,268,220,230" oya="0" hai0="80,40,106,38,60,30,36,64,81,96,49,87,120" hai1="85,97,9,31,55,109,51,121,5,124,28,131,46" hai2="0,93,47,65,77,62,110,107,130,98,53,76,68" hai3="90,22,113,52,128,73,48,118,6,127,75,84,83"/><T41/><D120/><U23/><E109/><V91/><F110/><W126/><G118/><T92/><D30/><U39/><E124/><N who="3" m="47658" /><G113/><T42/><D106/><U89/><E131/><V95/><F130/><W79/><G128/><T102/><D49/><U129/><E121/><V125/><F0/><W1/><G22/><T34/><D34/><U133/><E133/><V61/><F107/><W103/><G103/><T3/><D3/><U70/><E70/><V44/><F44/><N who="3" m="27655" /><G79/><T7/><D7/><U119/><E119/><V12/><F125/><W63/><G63/><T13/><D13/><U45/><E97/><V11/><F47/><W10/><AGARI ba="0,0" hai="1,6,10,73,75,83,84,90" m="27655,47658" machi="10" ten="30,7900,0" yaku="18,1,52,2,54,1" doraHai="104" who="3" fromWho="3" sc="282,-39,268,-20,220,-20,230,79" /><INIT seed="5,0,0,2,0,42" ten="243,248,200,309" oya="1" hai0="15,76,2,58,123,51,96,14,127,78,26,126,117" hai1="124,73,122,1,38,75,106,88,28,132,71,34,128" hai2="50,79,31,108,101,125,8,65,120,53,13,95,54" hai3="55,134,25,63,109,23,135,4,103,116,20,6,47"/><U43/><RYUUKYOKU type="yao9" ba="0,0" sc="243,0,248,0,200,0,309,0" hai1="1,28,34,38,43,71,73,75,88,106,122,124,128,132" /><INIT seed="5,1,0,2,2,119" ten="243,248,200,309" oya="1" hai0="54,22,96,108,94,120,129,104,124,9,117,111,49" hai1="105,43,93,48,134,62,20,118,77,123,91,73,40" hai2="115,76,121,13,32,47,101,30,98,19,133,127,64" hai3="83,3,112,79,57,17,68,26,6,28,58,131,78"/><U126/><E118/><V128/><F76/><W50/><G68/><T132/><D117/><U70/><E105/><V60/><F47/><W122/><G112/><T106/><D9/><U82/><E126/><V44/><F44/><W99/><G17/><T7/><D7/><U4/><E134/><V52/><F133/><W110/><G110/><N who="0" m="42027" /><D22/><U0/><E48/><V65/><F127/><W41/><G6/><T87/><D54/><U8/><E123/><V35/><F121/><W2/><G99/><T1/><D1/><U67/><REACH who="1" step="1"/><E20/><REACH who="1" ten="243,238,200,309" step="2"/><V12/><F32/><W39/><G122/><T100/><D49/><U56/><E56/><V86/><F35/><W92/><G58/><T34/><D34/><U16/><E16/><V31/><F19/><W25/><G57/><T33/><D33/><U130/><E130/><V89/><F128/><W15/><G50/><T116/><D116/><U38/><E38/><V71/><F71/><W97/><G39/><T24/><D120/><U109/><E109/><V66/><F30/><W81/><G28/><T113/><D124/><U46/><E46/><V61/><F31/><W29/><G29/><T75/><D132/><U18/><E18/><V125/><F125/><W10/><G131/><T63/><D129/><U85/><AGARI ba="1,1" hai="0,4,8,40,43,62,67,70,73,77,82,85,91,93" machi="85" ten="20,7800,0" yaku="1,1,0,1,7,1,53,1" doraHai="119" doraHaiUra="72" who="1" fromWho="1" sc="243,-27,238,91,200,-27,309,-27" /><INIT seed="5,2,0,2,1,94" ten="216,329,173,282" oya="1" hai0="123,69,130,101,25,60,14,4,76,18,2,61,92" hai1="52,0,42,112,59,22,107,114,67,51,7,1,10" hai2="63,30,108,125,46,20,26,27,75,3,126,113,43" hai3="115,6,85,17,16,13,110,23,89,21,134,15,49"/><U121/><E121/><V116/><F75/><W120/><G110/><T90/><D123/><U58/><E42/><V9/><F63/><W11/><G120/><T91/><D130/><U81/><E107/><V96/><F108/><W97/><G115/><N who="1" m="44074" /><E22/><V79/><F113/><W117/><G134/><T119/><D119/><U45/><E67/><V64/><F64/><W133/><G133/><T50/><D76/><U70/><E70/><V99/><F79/><W128/><G128/><T29/><D50/><U56/><E81/><V24/><F116/><W105/><G117/><T131/><D2/><AGARI ba="2,0" hai="0,1,2,7,10,45,51,52,56,58,59" m="44074" machi="2" ten="30,2900,0" yaku="15,1,54,1" doraHai="94" who="1" fromWho="0" sc="216,-35,329,35,173,0,282,0" /><INIT seed="5,3,0,1,0,23" ten="181,364,173,282" oya="1" hai0="65,52,76,25,123,39,66,28,70,68,130,36,113" hai1="120,106,111,103,100,121,49,5,2,44,95,0,54" hai2="17,26,55,48,62,133,59,108,63,43,110,71,41" hai3="132,127,69,82,13,1,77,75,27,73,119,42,19"/><U122/><E106/><V78/><F78/><W7/><G127/><T32/><D76/><U114/><E114/><V94/><F133/><W91/><G132/><T101/><D113/><U31/><E111/><V80/><F80/><W118/><G69/><T12/><D130/><U117/><E117/><V11/><F110/><W96/><G42/><T135/><D135/><U79/><E79/><V24/><F108/><W124/><G124/><T115/><D115/><U57/><E5/><V99/><F71/><W125/><G125/><T126/><D126/><U67/><E31/><V29/><F43/><W105/><G73/><T58/><D70/><U109/><E109/><V34/><F41/><W18/><G1/><T30/><D123/><U104/><E104/><V90/><REACH who="2" step="1"/><F11/><REACH who="2" ten="181,364,163,282" step="2"/><W64/><G82/><T46/><D68/><U134/><E134/><V93/><F93/><W128/><G77/><T45/><D36/><U37/><E37/><V88/><F88/><W87/><G91/><T98/><D39/><U47/><E95/><V60/><F60/><W53/><G105/><T102/><D102/><U81/><E81/><V116/><F116/><W112/><G112/><T83/><D83/><U15/><E103/><V129/><F129/><W14/><G128/><T38/><D38/><U92/><E92/><V61/><F61/><W84/><G118/><T107/><D107/><U131/><E100/><V35/><F35/><W97/><G119/><T86/><D32/><U51/><E131/><V4/><F4/><W74/><G7/><T85/><D101/><U56/><E121/><V89/><F89/><RYUUKYOKU ba="3,1" sc="181,-10,364,-10,163,30,282,-10" hai2="17,24,26,29,34,48,55,59,62,63,90,94,99" /><INIT seed="6,4,1,2,5,29" ten="171,354,193,272" oya="2" hai0="72,49,90,116,71,11,112,78,75,36,25,84,18" hai1="109,6,111,97,20,118,0,81,104,26,91,41,28" hai2="51,131,124,58,43,3,15,24,114,31,70,59,63" hai3="19,74,52,130,55,102,61,93,117,123,132,38,127"/><V7/><F3/><W92/><G117/><T12/><D36/><U87/><E118/><V4/><F114/><W14/><G74/><T47/><D116/><U115/><E115/><V39/><F39/><W86/><G123/><T27/><D71/><U119/><E119/><V76/><F124/><W45/><G127/><T100/><D100/><U98/><E41/><V113/><F113/><W62/><G130/><T37/><D37/><U107/><E6/><V23/><F131/><W8/><G132/><T22/><D112/><U101/><E0/><V56/><F76/><W125/><G125/><T57/><D57/><U13/><E13/><V89/><F89/><W16/><G19/><T21/><D78/><U32/><E20/><N who="0" m="7785" /><D72/><U42/><E42/><V68/><F68/><W110/><G110/><T9/><D75/><U48/><E48/><V85/><F85/><W135/><G135/><T60/><D60/><N who="3" m="23145" /><G45/><T88/><D9/><U65/><E65/><V134/><F134/><W50/><G50/><T95/><D90/><U106/><REACH who="1" step="1"/><E98/><REACH who="1" ten="171,344,193,272" step="2"/><V82/><F15/><W53/><G38/><T128/><D128/><U83/><E83/><V122/><F82/><W30/><G14/><T99/><D99/><U1/><E1/><V17/><F31/><W54/><G30/><T40/><AGARI ba="4,2" hai="11,12,18,25,27,40,47,49,84,88,95" m="7785" machi="40" ten="30,2000,0" yaku="8,1,54,1" doraHai="29" who="0" fromWho="0" sc="171,52,344,-9,193,-14,272,-9" /><INIT seed="7,0,0,3,1,87" ten="223,335,179,263" oya="3" hai0="0,15,41,75,86,133,17,72,102,31,121,125,108" hai1="33,7,9,109,56,123,71,98,50,49,130,5,2" hai2="35,38,8,100,36,57,20,48,3,79,118,104,67" hai3="93,69,111,44,47,27,16,10,112,81,84,89,126"/><W101/><G112/><T115/><D108/><U127/><E109/><V61/><F118/><W28/><G69/><T134/><D41/><U85/><E71/><V63/><F35/><W132/><G111/><T29/><D102/><U96/><E33/><V105/><F79/><W55/><G126/><T66/><D66/><U52/><E123/><V62/><F62/><W54/><G132/><N who="0" m="50795" /><D0/><U113/><E130/><V97/><F105/><W26/><G28/><N who="0" m="10827" /><D121/><U90/><E113/><V135/><F135/><W60/><G27/><T4/><D4/><U82/><E127/><V103/><F103/><W37/><G37/><T23/><D125/><U53/><E7/><V42/><F20/><N who="3" m="13575" /><G10/><T99/><D99/><U51/><E51/><V6/><F48/><W120/><G120/><T12/><D12/><U30/><E30/><V116/><F116/><W14/><G14/><T131/><D131/><U91/><E9/><V39/><REACH who="2" step="1"/><F63/><REACH who="2" ten="223,335,169,263" step="2"/><W129/><G129/><T83/><D115/><U34/><E50/><V76/><F76/><AGARI ba="0,1" hai="15,17,23,72,75,76,83,86" m="10827,50795" machi="76" ten="30,1000,0" yaku="20,1" doraHai="87" who="0" fromWho="2" sc="223,20,335,0,169,-10,263,0" owari="243,-15.7,335,43.5,159,-34.1,263,6.3" /></mjloggm>