<mjloggm ver="2.3"><GO type="169" lobby="0"/><UN n0="%E7%9B%9B%E5%B2%A1%E3%81%AE%E3%83%AA%E3%83%BC%E3%83%81%E8%B6%85%E4%BA%BA" n1="%E3%81%8B%E3%81%A5%E3%81%8D%EF%BC%B8%EF%BC%A9" n2="%EF%BC%A0%E6%AC%A1%E7%94%B7" n3="%E8%87%AA%E6%92%AE%E3%82%8A%E3%83%9E%E3%82%B9%E3%82%BF%E3%83%BC" dan="17,18,16,16" rate="2162.30,2179.94,2090.57,2038.98" sx="M,M,M,M"/><TAIKYOKU oya="0"/><INIT seed="0,0,0,2,3,74" ten="250,250,250,250" oya="0" hai0="18,39,17,122,124,62,115,87,82,86,27,121,37" hai1="130,4,5,50,89,80,84,90,3,24,12,14,54" hai2="112,117,75,83,44,70,15,22,2,21,91,13,127" hai3="128,76,77,98,114,105,126,123,53,94,104,132,95"/><T111/><D115/><U10/><E130/><V40/><F70/><W1/><G1/><T73/><D73/><U49/><E24/><V66/><F2/><W85/><G114/><T48/><D62/><U19/><E50/><V35/><F35/><W129/><G53/><T45/><D124/><U20/><E3/><V69/><F112/><W32/><G32/><T6/><D6/><U97/><E97/><V56/><F127/><W120/><G126/><T131/><D131/><N who="3" m="50249" /><G132/><T109/><D27/><U9/><E20/><V133/><F133/><W88/><G105/><T46/><D82/><U93/><E93/><V7/><F117/><W72/><G104/><T125/><D125/><U106/><E106/><V52/><F69/><W36/><G36/><T67/><REACH who="0" step="1"/><D48/><REACH who="0" ten="240,250,250,250" step="2"/><U63/><E63/><V100/><F7/><W41/><G72/><T107/><D107/><U134/><E134/><V64/><F75/><W11/><G95/><T34/><D34/><U71/><E5/><V118/><F83/><W26/><G26/><T30/><D30/><U38/><E38/><V58/><F118/><W8/><G94/><T113/><D113/><U101/><E4/><V25/><F25/><W79/><G123/><T29/><D29/><U47/><E80/><V108/><F13/><W28/><G28/><T55/><D55/><U96/><E14/><V116/><F15/><W110/><G120/><T57/><D57/><U51/><E12/><V0/><F0/><W81/><G81/><T61/><D61/><U33/><E33/><V119/><F119/><W103/><G8/><T92/><D92/><RYUUKYOKU ba="0,1" sc="240,30,250,-10,250,-10,250,-10" hai0="17,18,37,39,45,46,67,86,87,109,111,121,122" /><INIT seed="0,1,1,0,1,11" ten="270,240,240,240" oya="0" hai0="118,49,56,25,126,76,77,10,29,104,68,58,100" hai1="3,84,124,135,81,89,6,123,116,97,79,121,38" hai2="0,75,128,125,92,1,39,133,21,71,87,35,4" hai3="40,32,112,110,63,14,20,13,7,91,80,70,96"/><T51/><D68/><U57/><E38/><V129/><F92/><W82/><G112/><T66/><D118/><U86/><E6/><V115/><F87/><W130/><G32/><T55/><D126/><U59/><E3/><V132/><F21/><W27/><G110/><T50/><D66/><U36/><E36/><V64/><F4/><W61/><G130/><T88/><D100/><U127/><E57/><V54/><F54/><W60/><G70/><T53/><D104/><U31/><E59/><V28/><F28/><W47/><G7/><T103/><D103/><U94/><E31/><V102/><F102/><W95/><G82/><T65/><D65/><U98/><E116/><V67/><F67/><W45/><G80/><T85/><D10/><U62/><E135/><V105/><F64/><W12/><G40/><T18/><D18/><AGARI ba="1,1" hai="12,13,14,18,20,27,45,47,60,61,63,91,95,96" machi="18" ten="40,8000,1" yaku="8,1,52,3" doraHai="11" who="3" fromWho="0" sc="270,-83,240,0,240,0,240,93" /><INIT seed="1,0,0,4,3,0" ten="187,240,240,333" oya="1" hai0="80,84,60,57,73,99,56,106,21,20,4,117,8" hai1="39,64,29,79,18,52,124,134,68,111,120,41,89" hai2="130,31,45,40,55,85,109,23,88,78,72,17,32" hai3="127,121,53,13,82,49,37,33,126,110,94,35,95"/><U118/><E118/><V14/><F109/><W87/><G110/><T101/><D73/><U48/><E120/><V75/><F130/><W61/><G121/><T93/><D106/><U43/><E29/><V114/><F114/><W3/><G3/><T133/><D133/><U62/><E79/><V26/><F55/><W54/><G37/><T135/><D135/><U66/><E111/><V67/><F67/><W103/><G61/><T47/><D47/><U112/><E134/><V25/><F25/><W58/><G54/><T11/><D11/><U5/><E18/><V92/><REACH who="2" step="1"/><F78/><REACH who="2" ten="187,240,230,333" step="2"/><W12/><G53/><T6/><D117/><U104/><E112/><V91/><F91/><W122/><G122/><T2/><D60/><N who="1" m="39943" /><E89/><V71/><F71/><W98/><G103/><T51/><D56/><N who="1" m="32775" /><E104/><V38/><AGARI ba="0,1" hai="14,17,23,26,31,32,38,40,45,72,75,85,88,92" machi="38" ten="20,5200,0" yaku="1,1,0,1,7,1,54,1,53,0" doraHai="0" doraHaiUra="115" who="2" fromWho="2" sc="187,-13,240,-26,230,62,333,-13" /><INIT seed="2,0,0,2,4,46" ten="174,214,292,320" oya="2" hai0="13,25,71,96,77,68,80,33,54,37,38,87,29" hai1="5,65,86,64,20,95,62,89,101,19,1,48,39" hai2="50,104,36,51,79,113,84,32,63,129,0,11,58" hai3="97,122,31,52,126,99,106,45,125,23,134,6,131"/><V111/><F113/><W49/><G122/><T118/><D118/><U12/><E39/><V78/><F36/><W82/><G131/><T66/><D68/><U10/><E101/><V115/><F104/><W123/><G123/><T35/><D35/><U41/><REACH who="1" step="1"/><E62/><REACH who="1" ten="174,204,292,320" step="2"/><V92/><F115/><W90/><G126/><T114/><D114/><U7/><E7/><V105/><F129/><W85/><G6/><T42/><D38/><U135/><E135/><V4/><F111/><W43/><G134/><T76/><D37/><U57/><E57/><V117/><F117/><W132/><G125/><T88/><D71/><U110/><E110/><V9/><F4/><W47/><G132/><T67/><D66/><U73/><E73/><V27/><F58/><W120/><G120/><T94/><D67/><U98/><E98/><V107/><F63/><W2/><G99/><T121/><D121/><U130/><E130/><V109/><F109/><W91/><G97/><T26/><D96/><U119/><E119/><V60/><F60/><W59/><G59/><T61/><D61/><U24/><E24/><V28/><F27/><N who="3" m="16895" /><G106/><T70/><D70/><U102/><E102/><V74/><F74/><W83/><G45/><AGARI ba="0,1" hai="1,5,10,12,19,20,41,45,48,64,65,86,89,95" machi="45" ten="40,2600,0" yaku="1,1,52,1,53,0" doraHai="46" doraHaiUra="21" who="1" fromWho="3" sc="174,0,204,36,292,0,320,-26" /><INIT seed="3,0,0,0,3,28" ten="174,240,292,294" oya="3" hai0="56,54,113,17,128,95,16,134,2,4,66,111,63" hai1="109,110,10,23,118,107,69,46,133,91,117,58,24" hai2="1,7,43,88,82,76,122,126,94,103,52,42,98" hai3="20,49,51,6,64,31,14,38,36,25,45,86,119"/><W72/><G72/><T5/><D111/><N who="1" m="42507" /><E107/><V130/><F126/><W77/><G119/><N who="1" m="45578" /><E69/><V59/><F122/><W65/><G36/><T75/><D113/><U33/><E46/><V70/><F130/><W93/><G38/><T112/><D112/><U21/><E91/><V60/><F70/><W48/><G45/><T74/><D128/><U11/><E58/><V8/><REACH who="2" step="1"/><F103/><REACH who="2" ten="174,240,282,294" step="2"/><W55/><G55/><T19/><D54/><U41/><E133/><V35/><F35/><W30/><G30/><T50/><D134/><U99/><E41/><V123/><F123/><W89/><REACH who="3" step="1"/><G77/><REACH who="3" ten="174,240,282,284" step="2"/><T40/><D40/><U121/><E121/><V32/><F32/><W53/><G53/><T47/><D66/><U39/><E39/><V68/><F68/><W102/><G102/><T84/><D47/><U120/><E120/><V106/><F106/><W131/><G131/><T127/><D56/><U9/><E99/><V73/><AGARI ba="0,2" hai="1,7,8,42,43,52,59,60,73,76,82,88,94,98" machi="73" ten="20,12000,2" yaku="1,1,0,1,7,1,54,2,53,1" doraHai="28" doraHaiUra="104" who="2" fromWho="2" sc="174,-30,240,-30,282,140,284,-60" /><INIT seed="4,0,0,1,1,51" ten="144,210,422,224" oya="0" hai0="65,55,15,6,114,30,26,79,42,5,108,106,88" hai1="112,121,20,29,19,132,119,61,81,75,58,96,53" hai2="3,76,47,10,80,14,102,135,68,109,92,52,113" hai3="70,22,78,87,90,89,125,9,91,7,71,41,94"/><T107/><D114/><U123/><E119/><V56/><F109/><W57/><G125/><T35/><D108/><U72/><E132/><V133/><F68/><W127/><G127/><T54/><D79/><U82/><E29/><V83/><F3/><W25/><G41/><T8/><D65/><U124/><E124/><V122/><F122/><W95/><G78/><T50/><D6/><U28/><E28/><V49/><F113/><W46/><G46/><T85/><D42/><U74/><E112/><V126/><F126/><W110/><G110/><T39/><D39/><U2/><E2/><V100/><F47/><W64/><G71/><T130/><D130/><U11/><E11/><V0/><F0/><W105/><G105/><T128/><D128/><U93/><E123/><V99/><F100/><W45/><G45/><T84/><D84/><U117/><E117/><V86/><REACH who="2" step="1"/><F83/><REACH who="2" ten="144,210,412,224" step="2"/><W129/><G70/><T101/><D101/><U134/><E121/><V23/><F23/><W60/><G22/><T4/><D4/><AGARI ba="0,1" hai="4,10,14,49,52,56,76,80,86,92,99,102,133,135" machi="4" ten="40,5200,0" yaku="1,1,52,1,54,1,53,0" doraHai="51" doraHaiUra="24" who="2" fromWho="0" sc="144,-52,210,0,412,62,224,0" /><INIT seed="5,0,0,4,0,85" ten="92,210,474,224" oya="1" hai0="25,129,20,61,109,32,91,78,95,84,68,128,50" hai1="77,5,134,105,72,51,8,108,118,103,124,133,127" hai2="19,97,0,132,41,45,52,67,29,62,101,94,34" hai3="90,3,40,38,130,53,59,63,121,102,106,28,23"/><U86/><E118/><V11/><F132/><N who="1" m="50793" /><E51/><V48/><F34/><W93/><G3/><T1/><D109/><U46/><E46/><V131/><F131/><W120/><G130/><N who="0" m="50283" /><D1/><U35/><E35/><V126/><F126/><N who="1" m="48169" /><E8/><V66/><F29/><W116/><G40/><T107/><D107/><U22/><E22/><V27/><F0/><W7/><G23/><T9/><D32/><U111/><E5/><V88/><F101/><W110/><G7/><T33/><D33/><U81/><E86/><V125/><F125/><W122/><G116/><T96/><D9/><U64/><E64/><V30/><F30/><W26/><G28/><N who="0" m="17447" /><D50/><U87/><E72/><V74/><F74/><W65/><G122/><T79/><D84/><U49/><E49/><V54/><F27/><W56/><G26/><T69/><D61/><U71/><E71/><AGARI ba="0,0" hai="68,69,71,78,79,91,95,96" m="17447,50283" machi="71" ten="30,2000,0" yaku="19,1,52,1" doraHai="85" who="0" fromWho="1" sc="92,20,210,-20,474,0,224,0" /><INIT seed="6,0,0,1,3,105" ten="112,190,474,224" oya="2" hai0="60,114,86,121,108,101,125,16,41,63,103,133,135" hai1="80,7,66,130,4,79,129,72,30,120,42,102,59" hai2="122,87,26,37,46,78,83,50,6,117,3,70,116" hai3="100,123,15,34,54,112,49,99,14,2,19,77,44"/><V58/><F122/><W40/><G123/><T8/><D121/><U126/><E126/><V18/><F70/><W75/><G2/><T110/><D41/><U20/><E42/><V56/><F37/><W48/><G34/><T81/><D8/><U43/><E43/><V45/><F3/><W65/><G112/><T12/><D12/><U69/><E69/><V71/><F71/><W35/><G35/><T27/><D27/><N who="1" m="16743" /><E102/><N who="0" m="38921" /><D16/><U89/><E89/><V94/><F6/><W98/><G65/><T36/><D36/><U24/><E24/><V124/><F94/><W17/><G100/><T64/><D64/><U119/><E119/><V57/><F124/><W9/><G17/><T53/><D53/><U23/><E23/><N who="2" m="13687" /><F117/><W134/><G15/><T128/><D125/><U97/><E97/><V91/><F116/><W38/><G38/><T52/><D52/><U92/><E92/><V88/><F46/><W82/><REACH who="3" step="1"/><G134/><REACH who="3" ten="112,190,474,214" step="2"/><N who="0" m="51211" /><D114/><U13/><E13/><V76/><F50/><W10/><G10/><T39/><D39/><U62/><E120/><V28/><F28/><W107/><G107/><T74/><D63/><U90/><E7/><V68/><F68/><W96/><G96/><T61/><D61/><U113/><E4/><V32/><F32/><W132/><G132/><T51/><D51/><U11/><E11/><V55/><F58/><AGARI ba="0,1" hai="9,14,19,40,44,48,49,54,58,75,77,82,98,99" machi="58" ten="30,3900,0" yaku="1,1,7,1,52,1,53,0" doraHai="105" doraHaiUra="85" who="3" fromWho="2" sc="112,0,190,0,474,-39,214,49" /><INIT seed="7,0,0,5,4,85" ten="112,190,435,263" oya="3" hai0="77,42,125,79,71,109,61,19,48,115,32,50,39" hai1="96,87,98,23,124,118,30,49,76,36,131,133,80" hai2="70,120,129,102,35,94,18,20,28,119,82,114,57" hai3="101,99,84,62,93,51,21,25,105,5,47,34,54"/><W13/><G34/><T111/><D32/><U121/><E121/><V43/><F70/><W53/><G5/><T52/><D19/><U45/><E36/><V12/><F120/><W69/><G13/><T31/><D31/><U16/><E124/><V88/><F119/><W27/><G69/><T2/><D2/><U24/><E131/><V46/><F114/><W123/><G123/><T0/><D0/><U67/><E133/><V132/><F132/><W41/><G62/><T65/><D77/><U86/><E67/><V130/><F82/><W75/><G75/><T3/><D79/><U44/><E44/><V22/><F102/><W4/><G4/><T55/><D3/><U127/><E127/><V1/><F57/><W63/><G63/><T78/><D78/><U26/><E87/><N who="2" m="52511" /><F1/><W100/><G27/><T9/><D9/><U92/><E118/><V56/><F56/><W134/><G101/><T64/><D125/><U135/><E135/><V58/><F58/><W113/><G113/><T10/><D10/><U8/><E8/><N who="2" m="6407" /><F28/><W6/><G6/><T112/><D61/><U11/><E11/><V66/><F66/><W38/><G105/><T108/><D108/><U59/><E30/><V91/><F35/><W122/><G134/><T110/><D110/><U14/><E26/><V15/><F15/><W17/><G25/><T104/><D104/><U117/><E24/><V7/><F7/><W37/><G122/><T107/><D107/><U60/><E14/><V74/><F74/><W83/><G17/><T116/><D116/><U126/><E117/><V72/><F72/><RYUUKYOKU ba="0,0" sc="112,0,190,0,435,0,263,0" owari="112,-38.8,190,-21.0,435,53.5,263,6.3" /></mjloggm>