<mjloggm ver="2.3"><GO type="169" lobby="0"/><UN n0="%66%53" n1="%E4%BE%8D" n2="%E6%A1%9C%E5%B0%8F%E8%B7%AF%E6%89%8D%E8%8F%AF" n3="%67%6F%72%64%6F%6E%31%33" dan="16,18,16,16" rate="2103.36,2244.58,2184.80,2157.81" sx="M,M,M,M"/><TAIKYOKU oya="0"/><INIT seed="0,0,0,5,3,83" ten="250,250,250,250" oya="0" hai0="106,92,34,115,35,129,120,38,40,107,21,50,121" hai1="54,51,112,25,69,72,71,73,94,36,29,47,26" hai2="131,114,135,101,23,37,98,89,79,88,74,52,119" hai3="70,78,33,19,4,93,44,82,32,59,80,7,97"/><T14/><D115/><U18/><E112/><V68/><F114/><W117/><G70/><T10/><D38/><U95/><E36/><V42/><F68/><W118/><G44/><T126/><D40/><U127/><E18/><V103/><F37/><W20/><G59/><T75/><D75/><U87/><E127/><V15/><F42/><W113/><G113/><T81/><D92/><U133/><E133/><V39/><F39/><W104/><G104/><T111/><D126/><U56/><E71/><V109/><F135/><W61/><G61/><T0/><D50/><U8/><E25/><V55/><F109/><W76/><G20/><T13/><D111/><U63/><E69/><V125/><F125/><W31/><G19/><N who="0" m="10479" /><D81/><U67/><E8/><V108/><F108/><W90/><G31/><T62/><D62/><U46/><E46/><V100/><F131/><W12/><G12/><T16/><D107/><U116/><E116/><V105/><F119/><W3/><G3/><T43/><D43/><U28/><E28/><V60/><F74/><W122/><G122/><N who="0" m="47211" /><D106/><U2/><E2/><V77/><F105/><W130/><G130/><T132/><D132/><U102/><E102/><V30/><F60/><W84/><G117/><T123/><N who="0" m="47219" /><T27/><DORA hai="99" /><D129/><U91/><REACH who="1" step="1"/><E94/><REACH who="1" ten="250,240,250,250" step="2"/><V124/><F124/><W57/><G118/><T5/><D27/><U49/><E49/><V128/><F128/><W48/><G48/><T6/><D0/><U1/><E1/><V41/><F101/><W85/><G57/><T45/><D45/><U11/><E11/><V22/><F103/><RYUUKYOKU ba="0,1" sc="250,10,240,10,250,-30,250,10" hai0="5,6,10,14,16,34,35" hai1="26,29,47,51,54,56,63,67,72,73,87,91,95" hai3="4,7,32,33,76,78,80,82,84,85,90,93,97" /><INIT seed="0,1,1,4,4,10" ten="260,250,220,260" oya="0" hai0="134,18,128,43,74,44,83,107,28,63,89,38,110" hai1="104,69,125,58,7,13,76,42,120,23,84,102,1" hai2="129,103,37,64,51,48,56,53,24,41,85,126,27" hai3="70,99,131,95,114,116,135,19,86,122,73,40,80"/><T50/><D107/><U109/><E120/><V3/><F3/><W26/><G70/><T121/><D121/><U12/><E69/><V16/><F129/><W35/><G122/><T22/><D128/><U60/><E104/><V79/><F126/><W118/><G131/><T17/><D134/><U67/><E102/><V93/><F37/><W98/><G114/><T123/><D123/><U92/><E125/><V45/><F64/><W75/><G40/><T2/><D110/><U105/><E105/><V5/><F5/><W33/><G135/><T30/><D2/><U9/><E109/><V39/><F39/><W101/><G35/><T11/><D38/><U132/><E132/><V57/><F57/><W6/><G6/><T49/><D63/><U77/><E42/><V59/><F59/><W111/><G111/><T130/><D49/><U66/><E66/><V106/><F106/><W14/><G26/><N who="0" m="14671" /><D74/><U91/><E1/><V34/><F34/><W4/><G33/><T15/><D130/><U82/><E82/><N who="2" m="47327" /><F103/><W55/><G4/><T72/><D72/><U94/><E94/><V62/><F93/><W112/><G112/><T81/><D81/><U78/><E78/><V124/><F124/><W65/><G75/><T25/><D25/><U100/><E100/><V68/><F68/><W88/><G73/><T29/><D83/><U0/><E0/><V46/><F16/><AGARI ba="1,1" hai="7,9,12,13,16,23,58,60,67,76,77,84,91,92" machi="16" ten="40,8000,1" yaku="8,1,52,2,54,1" doraHai="10" who="1" fromWho="2" sc="260,0,250,93,220,-83,260,0" /><INIT seed="1,0,0,2,5,42" ten="260,343,137,260" oya="1" hai0="34,15,5,18,129,47,92,103,66,52,67,106,40" hai1="83,10,131,132,43,55,2,50,116,63,28,68,22" hai2="32,102,61,130,119,29,16,54,3,101,85,62,11" hai3="44,53,99,113,84,59,80,30,124,49,58,100,115"/><U94/><E116/><V86/><F119/><W81/><G124/><T69/><D129/><U41/><E132/><V65/><F130/><W39/><G30/><T96/><D34/><U122/><E122/><V4/><F32/><W9/><G81/><T88/><D5/><U27/><E131/><V114/><F114/><W95/><G9/><T35/><D35/><U90/><E83/><V87/><F29/><W125/><G125/><T128/><D128/><U109/><E109/><V13/><F54/><W107/><G107/><T17/><D52/><U112/><E68/><V117/><F117/><W73/><G73/><T77/><D77/><U8/><E63/><V45/><F45/><W120/><G120/><T74/><D74/><U72/><E72/><V46/><F46/><W126/><G126/><T127/><D127/><U93/><E93/><V21/><REACH who="2" step="1"/><F62/><REACH who="2" ten="260,343,127,260" step="2"/><W0/><G113/><T98/><D69/><AGARI ba="0,1" hai="3,4,11,13,16,21,61,65,69,85,86,87,101,102" machi="69" ten="40,5200,0" yaku="1,1,2,1,54,1,53,0" doraHai="42" doraHaiUra="108" who="2" fromWho="0" sc="260,-52,343,0,127,62,260,0" /><INIT seed="2,0,0,1,4,106" ten="208,343,189,260" oya="2" hai0="34,71,110,10,6,18,95,122,126,67,4,49,127" hai1="89,134,68,70,80,130,63,133,105,5,72,77,103" hai2="21,112,41,111,47,118,84,8,123,45,102,135,58" hai3="88,31,119,128,121,115,27,55,114,44,13,51,97"/><V107/><F112/><N who="3" m="43051" /><G119/><T131/><D122/><U39/><E89/><V120/><F118/><W82/><G121/><T104/><D104/><U116/><E116/><V92/><F135/><N who="1" m="51721" /><E130/><V93/><F107/><W79/><G13/><N who="0" m="7479" /><D71/><U76/><E76/><V26/><F111/><W29/><G128/><T48/><D131/><U87/><E87/><V91/><F8/><W83/><G83/><T125/><D67/><U32/><E5/><N who="0" m="2153" /><D95/><U50/><E50/><N who="0" m="19561" /><D34/><U1/><E1/><V124/><F124/><W69/><G69/><T78/><D78/><U28/><E39/><V132/><F132/><W12/><G12/><T22/><D22/><U65/><E70/><V101/><F92/><N who="3" m="56455" /><G27/><T43/><D43/><U40/><E40/><V30/><F120/><W57/><G44/><N who="2" m="16969" /><F41/><W38/><G38/><T94/><D94/><U19/><E105/><V23/><F123/><W33/><G33/><T25/><D25/><N who="1" m="18447" /><E103/><V85/><F102/><W60/><G51/><T16/><D110/><U86/><E19/><AGARI ba="0,0" hai="16,19,125,126,127" m="19561,2153,7479" machi="19" ten="40,2600,0" yaku="18,1,54,1" doraHai="106" who="0" fromWho="1" sc="208,26,343,-26,189,0,260,0" /><INIT seed="3,0,0,1,1,88" ten="234,317,189,260" oya="3" hai0="1,12,51,89,30,65,86,109,57,107,50,58,69" hai1="6,68,84,99,8,95,45,43,61,24,4,31,27" hai2="38,131,119,63,100,124,20,130,47,98,106,90,28" hai3="32,87,55,75,34,17,72,13,101,22,78,83,40"/><W9/><G40/><T132/><D107/><U41/><E84/><V134/><F119/><W21/><G101/><T29/><D1/><U48/><E41/><V18/><F134/><W16/><G9/><T74/><D74/><U33/><E27/><V66/><F124/><W112/><G112/><T115/><D132/><U2/><E4/><V79/><F28/><W114/><G114/><T92/><D109/><U25/><E25/><V127/><F127/><W97/><G97/><T96/><D115/><U111/><E111/><V67/><F79/><W77/><G55/><T42/><D69/><U37/><E61/><V125/><F125/><W70/><G70/><T104/><D65/><U76/><E76/><V73/><F73/><W46/><G46/><N who="0" m="25943" /><D104/><U59/><E68/><V64/><F38/><W110/><G110/><T126/><D126/><U23/><E59/><N who="0" m="22537" /><D51/><U108/><E108/><V122/><F122/><W35/><REACH who="3" step="1"/><G77/><REACH who="3" ten="234,317,189,250" step="2"/><T129/><D129/><U133/><E133/><V56/><F47/><W62/><G62/><T123/><D123/><U94/><E99/><V14/><F131/><W11/><G11/><T54/><D54/><U80/><E37/><V121/><F130/><W113/><G113/><T117/><D117/><U71/><E71/><V135/><F135/><W81/><G81/><T105/><D96/><U102/><E102/><V7/><F121/><W26/><AGARI ba="0,1" hai="13,16,17,21,22,26,32,34,35,72,75,78,83,87" machi="26" ten="30,6000,0" yaku="1,1,0,1,54,1,53,0" doraHai="88" doraHaiUra="52" who="3" fromWho="3" sc="234,-20,317,-20,189,-20,250,70" /><INIT seed="3,1,0,4,3,68" ten="214,297,169,320" oya="3" hai0="47,33,44,2,134,94,5,36,83,26,91,88,45" hai1="19,13,86,50,4,109,103,129,78,124,10,132,69" hai2="8,90,82,126,70,128,49,22,105,116,3,58,113" hai3="21,93,79,84,51,76,24,131,80,54,119,99,71"/><W100/><G131/><T15/><D134/><U14/><E69/><V34/><F34/><W118/><G71/><T52/><D2/><U114/><E103/><V117/><F70/><W133/><G133/><T106/><D106/><U29/><E132/><V101/><F128/><W40/><G40/><T111/><D111/><U135/><E135/><V110/><F110/><W38/><G38/><T48/><D36/><U96/><E109/><V9/><F113/><W27/><G79/><T28/><D83/><U81/><E114/><V39/><F39/><W112/><G112/><T77/><D77/><U125/><E96/><V75/><F126/><W59/><REACH who="3" step="1"/><G27/><REACH who="3" ten="214,297,169,310" step="2"/><T115/><D115/><U46/><E129/><V16/><F117/><W18/><AGARI ba="1,1" hai="18,21,24,51,54,59,76,80,84,93,99,100,118,119" machi="18" ten="20,7800,0" yaku="1,1,2,1,0,1,7,1,53,0" doraHai="68" doraHaiUra="107" who="3" fromWho="3" sc="214,-27,297,-27,169,-27,310,91" /><INIT seed="3,2,0,5,3,106" ten="187,270,142,401" oya="3" hai0="53,26,37,35,93,58,30,44,91,117,75,41,3" hai1="110,73,25,36,92,67,10,111,34,78,66,48,19" hai2="49,129,80,61,18,13,72,77,27,28,120,89,100" hai3="47,71,39,118,79,65,81,24,104,38,115,84,113"/><W50/><G118/><T63/><D3/><U8/><E36/><V57/><F129/><W87/><G104/><T95/><D117/><U112/><E112/><V83/><F120/><W15/><G71/><T55/><D75/><U69/><E92/><V32/><F100/><W29/><G65/><T127/><D127/><U40/><E48/><V116/><F116/><W74/><G113/><T7/><D7/><U22/><E40/><V6/><F6/><W98/><G98/><T21/><D35/><U59/><E59/><V52/><F83/><W0/><G0/><T123/><D123/><U126/><E34/><V109/><F89/><W99/><G99/><T105/><D105/><U14/><E69/><V133/><F133/><W46/><G15/><T51/><REACH who="0" step="1"/><D91/><REACH who="0" ten="177,270,142,401" step="2"/><U12/><E126/><V68/><F109/><W88/><G115/><T122/><D122/><U125/><E125/><V82/><F72/><W1/><G1/><T70/><D70/><U62/><E73/><V16/><F77/><W108/><G108/><T134/><D134/><U56/><E78/><V20/><REACH who="2" step="1"/><F18/><REACH who="2" ten="177,270,132,401" step="2"/><W31/><G74/><T135/><D135/><U102/><E111/><V64/><AGARI ba="2,2" hai="13,16,20,27,28,32,49,52,57,61,64,68,80,82" machi="64" ten="30,12000,2" yaku="1,1,2,1,0,1,54,2,53,1" doraHai="106" doraHaiUra="9" who="2" fromWho="2" sc="177,-32,270,-32,132,146,401,-62" /><INIT seed="4,0,0,2,3,47" ten="145,238,278,339" oya="0" hai0="57,68,118,124,6,120,32,10,39,54,25,76,44" hai1="63,82,104,21,85,46,27,51,107,24,114,45,123" hai2="92,23,122,121,7,38,14,53,73,105,128,42,103" hai3="99,96,115,5,77,119,117,43,91,126,87,40,71"/><T106/><D106/><U83/><E114/><V49/><F105/><W1/><G71/><T89/><D120/><U69/><E123/><V125/><F73/><W101/><G115/><T41/><D118/><U55/><E27/><V98/><F128/><W129/><G129/><T74/><D124/><U133/><E82/><V60/><F125/><W112/><G112/><T16/><D68/><U65/><E133/><V48/><F38/><W81/><G126/><T33/><D89/><U97/><E97/><V26/><F121/><W102/><G5/><T29/><D33/><U12/><E12/><V66/><F42/><W84/><G1/><T131/><D131/><U113/><E45/><V95/><F122/><W94/><G40/><T13/><D74/><U79/><REACH who="1" step="1"/><E113/><REACH who="1" ten="145,228,278,339" step="2"/><V111/><F95/><N who="3" m="58527" /><G43/><T88/><D76/><U67/><E67/><V90/><F66/><W22/><G22/><T108/><D108/><U3/><E3/><V70/><F111/><W17/><G119/><T50/><REACH who="0" step="1"/><D88/><REACH who="0" ten="135,228,278,339" step="2"/><U127/><E127/><V9/><F90/><W86/><G117/><T134/><D134/><U15/><E15/><V0/><F0/><W18/><G91/><T75/><D75/><U61/><E61/><V116/><F116/><W109/><G109/><T19/><AGARI ba="0,2" hai="6,10,13,16,19,25,29,32,39,41,44,50,54,57" machi="19" ten="30,12000,1" yaku="1,1,0,1,52,1,54,1,53,1" doraHai="47" doraHaiUra="28" who="0" fromWho="0" sc="135,140,228,-40,278,-40,339,-40" /><INIT seed="4,1,0,5,1,80" ten="275,188,238,299" oya="0" hai0="74,17,16,84,77,70,46,25,117,48,78,122,66" hai1="67,130,4,11,18,12,96,8,81,26,32,5,31" hai2="92,69,41,87,1,34,62,10,37,83,3,68,104" hai3="2,124,86,65,39,23,58,98,94,101,85,21,116"/><T102/><D117/><U42/><E67/><V128/><F104/><W100/><G116/><T38/><D38/><U131/><E42/><V79/><F34/><W88/><G2/><T75/><D122/><U60/><E60/><V105/><F105/><W108/><G108/><T28/><D66/><U29/><E96/><V57/><F128/><N who="1" m="49193" /><E81/><V109/><F109/><W114/><G114/><T121/><D121/><U113/><E113/><V132/><F132/><W55/><G124/><T40/><D70/><U43/><E43/><V129/><F129/><W123/><G39/><T44/><D102/><N who="3" m="39529" /><G65/><T99/><D99/><U126/><E126/><V112/><F112/><W120/><G120/><T54/><D84/><N who="3" m="32361" /><G123/><T115/><D115/><U127/><E127/><V64/><F92/><W91/><G91/><T111/><D111/><U13/><E31/><V133/><F68/><W50/><AGARI ba="1,0" hai="21,23,50,55,58,88,94,98" m="32361,39529" machi="50" ten="30,8000,1" yaku="8,1,52,3,54,1" doraHai="80" who="3" fromWho="3" sc="275,-41,188,-21,238,-21,299,83" /><INIT seed="5,0,0,2,3,87" ten="234,167,217,382" oya="1" hai0="72,110,52,124,126,15,131,27,53,57,128,115,23" hai1="8,109,105,127,83,60,107,84,116,1,82,38,17" hai2="133,45,88,46,135,18,42,90,117,125,79,10,0" hai3="113,64,13,31,56,73,134,59,6,55,114,130,98"/><U92/><E116/><V65/><F117/><W70/><G73/><T94/><D72/><U97/><E38/><V54/><F125/><N who="0" m="48234" /><D115/><N who="3" m="44041" /><G70/><T50/><D110/><U101/><E127/><V122/><F122/><W41/><G41/><T74/><D74/><U104/><E109/><V12/><F79/><W47/><G64/><T2/><D2/><U71/><E82/><V62/><F54/><W28/><G130/><T4/><D94/><U91/><E17/><V77/><F77/><W121/><G134/><N who="2" m="51209" /><F0/><W51/><G98/><T19/><D53/><U120/><E120/><V9/><F9/><AGARI ba="0,0" hai="4,9,15,19,23,27,50,52,57,128,131" m="48234" machi="9" ten="30,2000,0" yaku="18,1,54,1" doraHai="87" who="0" fromWho="2" sc="234,20,167,0,217,-20,382,0" /><INIT seed="6,0,0,4,2,63" ten="254,167,197,382" oya="2" hai0="70,130,59,84,27,100,102,44,53,16,48,97,93" hai1="120,10,128,131,58,76,13,41,45,33,109,69,15" hai2="25,34,12,118,103,11,9,89,86,24,19,6,99" hai3="66,88,107,31,110,67,108,125,61,43,23,81,29"/><V36/><F118/><W56/><G107/><T127/><D70/><U94/><E109/><V105/><F36/><W82/><G43/><T79/><D127/><U32/><E69/><V57/><F57/><W17/><G125/><T135/><D130/><N who="1" m="49707" /><E76/><V60/><F60/><W83/><G67/><T18/><D135/><U113/><E94/><V104/><F104/><W5/><G5/><T114/><D114/><U95/><E113/><V42/><F42/><W126/><G126/><T96/><D27/><U38/><E120/><V21/><F34/><N who="1" m="13417" /><E10/><V133/><F133/><W106/><G106/><T112/><D112/><U47/><E47/><V64/><F64/><W55/><G55/><T35/><D44/><U65/><E95/><V77/><F77/><W26/><G108/><T7/><D35/><U37/><E38/><V71/><F71/><W30/><G110/><T39/><D39/><U62/><AGARI ba="0,0" hai="13,15,37,41,45,58,62,65" m="13417,49707" machi="62" ten="40,2700,0" yaku="19,1,52,1" doraHai="63" who="1" fromWho="1" sc="254,-7,167,27,197,-13,382,-7" /><INIT seed="7,0,0,0,2,30" ten="247,194,184,375" oya="3" hai0="6,92,93,39,132,117,82,120,109,122,123,47,27" hai1="72,12,25,52,3,57,34,84,135,7,22,49,73" hai2="98,83,97,79,14,127,85,54,65,134,55,43,36" hai3="9,101,91,1,107,41,40,67,129,113,81,17,111"/><W50/><G91/><T121/><D47/><U112/><E112/><V95/><F134/><W0/><G81/><T38/><D82/><U89/><E135/><V46/><F127/><W80/><G50/><T58/><D6/><U29/><E3/><V21/><F65/><W48/><G48/><T105/><D27/><U118/><E118/><V75/><F75/><W86/><G9/><T20/><D20/><U71/><E71/><V5/><F98/><W61/><G17/><T13/><D105/><U131/><E131/><V42/><F42/><W110/><G61/><T2/><D117/><U59/><E59/><V45/><F45/><W104/><G80/><T64/><D58/><U77/><E77/><V53/><F5/><W18/><G18/><T62/><D132/><U33/><E7/><V26/><F14/><W35/><G86/><T100/><D13/><U115/><E115/><V23/><REACH who="2" step="1"/><F26/><REACH who="2" ten="247,194,174,375" step="2"/><W76/><G67/><T78/><D120/><U16/><E34/><V87/><F87/><W108/><G108/><T11/><D109/><U69/><REACH who="1" step="1"/><E69/><REACH who="1" ten="247,184,174,375" step="2"/><V133/><F133/><W102/><G111/><T51/><D121/><U94/><AGARI ba="0,2" hai="12,16,22,25,29,33,49,52,57,72,73,84,89,94" machi="94" ten="20,16000,3" yaku="1,1,2,1,0,1,7,1,25,2,52,1,54,2,53,0" doraHai="30" doraHaiUra="56" who="1" fromWho="1" sc="247,-40,184,180,174,-40,375,-80" owari="207,-19.3,364,46.4,134,-36.6,295,9.5" /></mjloggm>