<mjloggm ver="2.3"><GO type="169" lobby="0"/><UN n0="%E3%81%9D%E3%81%B5%E3%81%81%E3%82%82%E3%82%93" n1="%E7%8B%82%E6%B0%97%E3%81%AE%E7%9E%B3" n2="%E3%81%9F%E3%81%BE%E5%AD%90" n3="%E9%AB%98%E5%A4%A9%E3%81%AE%E6%AD%8C" dan="17,16,17,16" rate="2217.17,2087.64,2235.04,2095.21" sx="M,M,M,M"/><TAIKYOKU oya="0"/><INIT seed="0,0,0,3,3,35" ten="250,250,250,250" oya="0" hai0="88,102,28,91,33,124,122,75,58,74,26,96,98" hai1="36,108,94,22,38,2,66,47,30,93,133,73,51" hai2="3,119,83,12,90,130,55,135,64,59,14,112,69" hai3="53,71,116,79,109,105,92,41,117,110,76,104,48"/><T5/><D122/><U10/><E73/><V8/><F112/><W101/><G71/><T70/><D124/><U65/><E133/><V100/><F135/><W50/><G41/><T78/><D70/><U82/><E108/><N who="3" m="41578" /><G53/><T20/><D33/><U4/><E82/><V81/><F130/><W123/><G123/><T114/><D114/><U29/><E36/><V89/><F119/><N who="3" m="45643" /><G50/><T45/><D45/><U6/><E38/><V7/><F100/><W115/><G48/><T34/><D34/><U113/><E113/><V27/><F64/><W40/><G40/><T127/><D127/><U16/><E6/><V32/><F69/><W44/><G44/><T57/><D5/><U134/><E134/><V31/><F83/><W37/><G37/><T68/><D68/><U18/><E18/><V80/><F80/><W39/><G39/><T97/><D78/><N who="3" m="29737" /><G115/><T46/><D46/><U9/><E9/><V128/><F81/><W17/><G17/><T86/><D102/><U42/><E65/><V43/><F43/><W120/><G120/><T67/><D67/><U15/><REACH who="1" step="1"/><E66/><REACH who="1" ten="250,240,250,250" step="2"/><V11/><F11/><W95/><G101/><T0/><D75/><U60/><E60/><V1/><F128/><W131/><G131/><T121/><D74/><U99/><E99/><V84/><F84/><W126/><G126/><T106/><D121/><U61/><E61/><V56/><F8/><W23/><G23/><T21/><D21/><U24/><E24/><V118/><F118/><W72/><G72/><T19/><D20/><U87/><E87/><V54/><F27/><W107/><AGARI ba="0,1" hai="92,95,104,105,107" m="29737,45643,41578" machi="107" ten="40,12000,2" yaku="5,1,28,2,14,1,34,2" doraHai="35" who="3" fromWho="3" sc="250,-60,240,-30,250,-30,250,130" /><INIT seed="1,0,0,4,3,51" ten="190,210,220,380" oya="1" hai0="113,3,12,15,98,71,30,67,28,38,55,131,25" hai1="24,21,116,132,110,64,70,86,87,129,0,29,134" hai2="77,126,111,26,114,27,43,74,124,121,66,10,94" hai3="49,130,23,112,125,44,58,79,4,73,96,65,36"/><U63/><E116/><V115/><F43/><W90/><G112/><N who="2" m="43049" /><F66/><W133/><G133/><N who="1" m="51306" /><E0/><V68/><F68/><W46/><G130/><T99/><D131/><U127/><E129/><V16/><F94/><W53/><G125/><N who="2" m="48233" /><F111/><W91/><G4/><T75/><D3/><U108/><E127/><V83/><F121/><W48/><G36/><T118/><D38/><U5/><E5/><V57/><F57/><W35/><G73/><T31/><D75/><U120/><E120/><V72/><F72/><W81/><G81/><T80/><D80/><U61/><E61/><V39/><F39/><W102/><G79/><T17/><D71/><U135/><N who="1" m="51314" /><U54/><DORA hai="20" /><E54/><V56/><F56/><W34/><G58/><T95/><D67/><U45/><E45/><V119/><F119/><W8/><G46/><T11/><D118/><U42/><E42/><V128/><F128/><W93/><G44/><T123/><D123/><U122/><E122/><V107/><F107/><W37/><G53/><T85/><D113/><U60/><E60/><V62/><F62/><W109/><G37/><T18/><D55/><U82/><E82/><V2/><F2/><W89/><G49/><T88/><REACH who="0" step="1"/><D25/><REACH who="0" ten="180,210,220,380" step="2"/><U50/><E50/><V84/><F74/><W78/><G48/><T7/><D7/><U13/><E13/><AGARI ba="0,1" hai="10,13,16,26,27,77,83,84" m="48233,43049" machi="13" ten="30,8000,1" yaku="11,1,18,1,52,2,54,1" doraHai="51,20" who="2" fromWho="1" sc="180,0,210,-80,220,90,380,0" /><INIT seed="2,0,0,1,1,26" ten="180,130,310,380" oya="2" hai0="60,43,10,77,50,49,86,4,64,100,52,5,82" hai1="58,129,63,65,38,22,16,87,42,31,73,69,29" hai2="74,113,102,35,28,24,98,67,115,125,21,88,23" hai3="44,12,33,101,119,13,45,84,117,54,30,40,123"/><V121/><F121/><W80/><G123/><T118/><D118/><U1/><E73/><V9/><F74/><W76/><G101/><T107/><D107/><U91/><E1/><V134/><F125/><W72/><G54/><T62/><D100/><U104/><E104/><V66/><F134/><W124/><G124/><T81/><D81/><U89/><E129/><V53/><F9/><W48/><G72/><T95/><D95/><U27/><E69/><V96/><F53/><W108/><G108/><T112/><D112/><U131/><E131/><V3/><F3/><W105/><G105/><T36/><D36/><U59/><E59/><V2/><F2/><W41/><G117/><T78/><D78/><U11/><E11/><V97/><F102/><W75/><G75/><T133/><D133/><U110/><E110/><V94/><F115/><W46/><G119/><T83/><D83/><U130/><E130/><V47/><F47/><W106/><G106/><T109/><D109/><U37/><E89/><V6/><F6/><W8/><G41/><T34/><D4/><U18/><E18/><V85/><REACH who="2" step="1"/><F113/><REACH who="2" ten="180,130,300,380" step="2"/><W90/><G8/><T120/><D120/><U132/><E132/><V25/><F25/><N who="3" m="18639" /><G46/><T32/><D10/><U79/><E42/><V116/><F116/><W122/><G45/><N who="0" m="25791" /><D5/><U56/><E56/><V20/><AGARI ba="0,1" hai="20,21,23,24,28,35,66,67,85,88,94,96,97,98" machi="20" ten="30,11700,0" yaku="1,1,0,1,52,1,54,1,53,0" doraHai="26" doraHaiUra="15" who="2" fromWho="2" sc="180,-39,130,-39,300,127,380,-39" /><INIT seed="2,1,0,1,1,123" ten="141,91,427,341" oya="2" hai0="56,6,128,105,41,8,35,26,50,132,126,87,104" hai1="117,92,4,96,81,134,74,118,83,22,14,48,39" hai2="65,73,116,97,90,42,24,66,25,19,94,0,57" hai3="80,106,75,47,2,49,60,93,107,58,69,112,20"/><V12/><F116/><W7/><G112/><T13/><D128/><U127/><E39/><V100/><F0/><W62/><G69/><T27/><D132/><U131/><E134/><V114/><F73/><W1/><G93/><T135/><D135/><U101/><E131/><V103/><F114/><W122/><G122/><T102/><D126/><U10/><E127/><V40/><F40/><W78/><G60/><T28/><D102/><N who="2" m="38954" /><F42/><W18/><G7/><T71/><D71/><U84/><E48/><V29/><F29/><W43/><G2/><T95/><D27/><N who="2" m="10314" /><F57/><W55/><G1/><T125/><D125/><U61/><E61/><V115/><F115/><W31/><G31/><T130/><D130/><U77/><REACH who="1" step="1"/><E22/><AGARI ba="1,0" hai="12,19,22,65,66,90,94,97" m="10314,38954" machi="22" ten="30,1500,0" yaku="8,1" doraHai="123" who="2" fromWho="1" sc="141,0,91,-18,427,18,341,0" /><INIT seed="2,2,0,0,1,9" ten="141,73,445,341" oya="2" hai0="96,69,54,129,126,37,99,133,74,8,128,18,116" hai1="68,39,19,21,63,11,17,127,33,1,78,51,3" hai2="100,131,102,13,38,60,12,16,0,119,115,29,90" hai3="94,66,111,87,49,121,91,2,73,132,89,10,44"/><V34/><F115/><W62/><G111/><T123/><D54/><U72/><E39/><V22/><F119/><W15/><G132/><T5/><D96/><U24/><E127/><V48/><F38/><W45/><G73/><T113/><D99/><U77/><E51/><V117/><F117/><W64/><G2/><T124/><D74/><U41/><E41/><V103/><F0/><W109/><G109/><T4/><D69/><U97/><E97/><V57/><F131/><N who="0" m="50250" /><D37/><U82/><E77/><V93/><F29/><W106/><G106/><T88/><D88/><N who="3" m="33865" /><G121/><T36/><D36/><U7/><E33/><V65/><F34/><W53/><G62/><T59/><D59/><U52/><E17/><N who="2" m="10535" /><F48/><N who="3" m="28807" /><G94/><T112/><D116/><U130/><E130/><V75/><F75/><W118/><G87/><T6/><D123/><U122/><E122/><V107/><F107/><W98/><G98/><T80/><D80/><U43/><E43/><V125/><F125/><N who="0" m="48234" /><D133/><U104/><E104/><V50/><F50/><W110/><G118/><T31/><D31/><U26/><E68/><V61/><F61/><W134/><G134/><T32/><D32/><U81/><E81/><V46/><F46/><W114/><G110/><T42/><D42/><U27/><REACH who="1" step="1"/><E1/><REACH who="1" ten="141,63,445,341" step="2"/><V30/><F30/><W14/><G49/><T71/><D71/><U105/><E105/><V101/><F101/><W23/><G45/><T40/><D40/><U86/><E86/><N who="2" m="52439" /><F103/><W76/><G76/><T25/><D25/><U70/><E70/><V84/><F84/><W135/><G135/><T92/><D92/><U55/><E55/><RYUUKYOKU ba="2,1" sc="141,10,63,10,445,10,341,-30" hai0="4,5,6,8,18,112,113" hai1="3,7,11,19,21,24,26,27,52,63,72,78,82" hai2="13,16,57,60,65,100,102" /><INIT seed="2,3,1,0,0,114" ten="151,73,455,311" oya="2" hai0="2,87,101,79,70,73,132,94,34,112,110,50,49" hai1="93,102,108,43,24,75,82,71,63,61,115,111,96" hai2="44,58,56,118,59,65,99,81,106,131,20,15,19" hai3="51,122,69,78,85,113,121,46,29,16,13,97,25"/><V83/><F131/><W18/><G113/><T30/><D112/><U38/><E115/><V47/><F118/><W23/><G69/><T60/><D2/><U27/><E43/><V26/><F106/><W119/><G119/><T64/><D110/><N who="1" m="42027" /><E38/><V105/><F105/><W76/><G18/><T103/><D73/><U54/><E71/><V52/><F99/><W66/><G66/><T77/><D132/><U107/><E107/><V6/><F65/><W5/><G5/><T53/><D101/><U35/><E54/><V86/><F81/><W117/><G117/><T55/><D103/><U128/><E128/><V1/><F1/><W48/><G48/><T124/><D50/><U72/><E35/><V92/><F92/><W104/><G104/><T98/><D55/><U116/><E116/><V3/><F3/><W100/><G100/><T134/><D53/><U21/><E27/><V39/><F39/><W89/><G97/><T0/><D49/><U37/><E37/><V126/><F52/><N who="3" m="29815" /><G122/><T42/><D42/><U22/><E22/><V62/><F62/><N who="1" m="23561" /><E82/><V41/><F41/><W88/><G121/><T33/><D70/><U10/><E10/><N who="2" m="4567" /><F47/><W95/><G89/><T32/><D32/><U11/><E11/><V90/><F44/><W28/><G28/><AGARI ba="3,1" hai="21,24,28,72,75,93,96,102" m="23561,42027" machi="28" ten="30,1000,0" yaku="14,1" doraHai="114" who="1" fromWho="3" sc="151,0,73,29,455,0,311,-19" /><INIT seed="3,0,0,2,1,53" ten="151,102,455,292" oya="3" hai0="96,20,106,40,13,48,124,19,43,113,108,135,1" hai1="118,99,35,59,56,79,104,121,6,117,18,30,49" hai2="103,91,109,119,127,88,86,33,34,107,120,131,94" hai3="83,38,67,70,12,63,60,8,81,89,87,82,66"/><W101/><G38/><T21/><D108/><U51/><E121/><V134/><F119/><N who="1" m="45577" /><E79/><V126/><F109/><W52/><G101/><T11/><D124/><N who="2" m="47658" /><F120/><W32/><G32/><T77/><D135/><U102/><E6/><V31/><F131/><W68/><REACH who="3" step="1"/><G52/><REACH who="3" ten="151,102,455,282" step="2"/><T44/><D113/><U78/><E78/><V41/><F41/><W132/><G132/><T62/><D43/><U55/><E55/><V14/><F134/><W90/><G90/><T128/><D77/><U65/><E65/><V98/><F91/><W97/><G97/><T3/><D96/><U123/><E123/><V25/><F34/><W64/><G64/><T110/><D40/><U28/><E35/><V22/><F33/><W84/><G84/><T10/><D110/><U45/><E51/><V125/><F125/><W69/><G69/><T24/><D48/><U23/><E49/><V112/><F112/><W80/><G80/><T4/><D44/><U37/><E45/><V29/><F86/><W111/><G111/><T46/><D46/><U100/><E100/><V85/><F85/><W50/><G50/><T9/><D62/><U15/><E37/><V129/><F88/><W74/><G74/><T95/><D128/><U92/><E104/><V73/><F73/><W116/><G116/><T7/><D106/><U76/><E76/><V39/><F39/><W36/><G36/><T54/><D54/><U42/><E42/><V58/><F129/><W75/><G75/><T47/><D47/><U130/><E130/><V16/><F107/><W2/><G2/><N who="0" m="523" /><D95/><U27/><E15/><V0/><F14/><RYUUKYOKU ba="0,1" sc="151,10,102,10,455,-30,282,10" hai0="4,7,9,10,11,13,19,20,21,24" hai1="18,23,27,28,30,56,59,92,99,102" hai3="8,12,60,63,66,67,68,70,81,82,83,87,89" /><INIT seed="3,1,1,4,1,61" ten="161,112,425,292" oya="3" hai0="53,93,54,103,45,49,109,81,68,122,106,94,6" hai1="75,62,41,131,110,125,56,60,134,58,51,10,9" hai2="64,97,52,14,19,3,0,67,89,116,91,29,119" hai3="12,66,90,23,86,5,38,16,35,85,55,123,102"/><W70/><G123/><T98/><D122/><U24/><E75/><V43/><F43/><W40/><G35/><T42/><D109/><U32/><E110/><V79/><F79/><W18/><G102/><T22/><D68/><U115/><E115/><V27/><F0/><W31/><G31/><T77/><D22/><U7/><E134/><V33/><F3/><W13/><G5/><T114/><D114/><U133/><E133/><V80/><F97/><W28/><G28/><T101/><D6/><U99/><E131/><V130/><F130/><W20/><G55/><T104/><D104/><U4/><E125/><V100/><F100/><W96/><G40/><T39/><D101/><U25/><E99/><V127/><F127/><W36/><G96/><T83/><D83/><U71/><E71/><V82/><F52/><W95/><G86/><T1/><D54/><U73/><E73/><V11/><F116/><W108/><G108/><T92/><D1/><U120/><E41/><V76/><F119/><W105/><G105/><T128/><D128/><U135/><E135/><V48/><F48/><W117/><G117/><T21/><D21/><U132/><E132/><V88/><REACH who="2" step="1"/><F80/><REACH who="2" ten="161,112,415,292" step="2"/><W65/><REACH who="3" step="1"/><G70/><REACH who="3" ten="161,112,415,282" step="2"/><T2/><D106/><U113/><E120/><V72/><AGARI ba="1,3" hai="11,14,19,27,29,33,64,67,72,76,82,88,89,91" machi="72" ten="30,12000,2" yaku="1,1,2,1,0,1,52,2,54,1,53,0" doraHai="61" doraHaiUra="118" who="2" fromWho="2" sc="161,-31,112,-31,415,153,282,-61" /><INIT seed="4,0,0,3,1,63" ten="130,81,568,221" oya="0" hai0="113,125,92,102,20,117,74,79,121,39,123,7,54" hai1="32,78,115,61,77,85,127,110,64,65,45,1,3" hai2="96,94,47,73,80,105,51,98,88,8,112,18,106" hai3="5,91,130,59,60,41,19,28,129,111,50,9,66"/><T46/><D117/><U114/><E32/><V27/><F112/><N who="1" m="43049" /><E110/><V103/><F106/><W119/><G119/><T26/><D113/><U90/><E127/><V99/><F80/><W135/><G111/><T71/><D125/><U118/><E61/><V57/><F73/><W122/><G122/><T35/><D35/><U132/><E118/><V40/><F57/><W31/><G135/><T55/><D71/><U128/><E132/><V10/><F98/><W116/><G19/><T134/><D134/><U34/><E34/><V131/><F131/><N who="3" m="50187" /><G91/><T67/><D7/><U108/><E108/><V17/><F17/><W49/><G116/><T101/><D121/><U15/><E15/><V22/><AGARI ba="0,0" hai="8,10,18,22,27,40,47,51,88,94,96,99,103,105" machi="22" ten="30,2000,0" yaku="0,1,54,1" doraHai="63" who="2" fromWho="2" sc="130,-10,81,-5,568,20,221,-5" /><INIT seed="5,0,0,1,1,128" ten="120,76,588,216" oya="1" hai0="82,91,127,66,6,51,114,14,102,72,62,109,29" hai1="60,88,93,106,42,105,18,129,44,52,35,53,92" hai2="56,83,70,122,34,2,20,58,16,108,13,75,45" hai3="4,10,111,124,71,9,119,48,97,79,64,107,55"/><U77/><E129/><V121/><F108/><W32/><G32/><T63/><D109/><U95/><E35/><V57/><F70/><W112/><G119/><T21/><D102/><U81/><E105/><V1/><F34/><W104/><G112/><T67/><D114/><U22/><E106/><V87/><F75/><W69/><G79/><T96/><D72/><U89/><E77/><V134/><F134/><W24/><G64/><T76/><D51/><N who="1" m="27031" /><E60/><V49/><F1/><W15/><G71/><T126/><D76/><U28/><E28/><V31/><F2/><W33/><G69/><T120/><D120/><U37/><E37/><V110/><F110/><W116/><G104/><T17/><D29/><U19/><E81/><V26/><F87/><W125/><G107/><T86/><D6/><U47/><E47/><V30/><F83/><W65/><G111/><T39/><D39/><U0/><E0/><V98/><F98/><W113/><G97/><T101/><D63/><U12/><E19/><V99/><F99/><W41/><G116/><T74/><D74/><U8/><E8/><V61/><F61/><W131/><G10/><T118/><D118/><U117/><E117/><V54/><F31/><N who="3" m="19687" /><G113/><T73/><D73/><U59/><E59/><V68/><F68/><W25/><G131/><T94/><D62/><U43/><E43/><V133/><F122/><W27/><G41/><T90/><D101/><U7/><E7/><V135/><F121/><W80/><G80/><T84/><D96/><U11/><E11/><V46/><F46/><N who="3" m="28055" /><G65/><N who="0" m="24587" /><D82/><U132/><E132/><N who="2" m="50763" /><F30/><W123/><G123/><RYUUKYOKU ba="0,0" sc="120,0,76,0,588,0,216,0" hai0="14,17,21,84,86,90,91,94,126,127" hai1="12,18,22,52,53,88,89,92,93,95" hai2="13,16,20,26,45,49,54,56,57,58" hai3="4,9,15,25,27,124,125" /><INIT seed="5,1,0,3,1,6" ten="120,76,588,216" oya="1" hai0="130,134,75,40,4,52,110,9,88,70,89,92,35" hai1="81,49,119,73,74,25,51,12,95,103,123,24,115" hai2="22,0,54,101,15,85,43,2,30,124,1,116,106" hai3="100,71,105,10,46,120,102,96,33,78,108,109,121"/><U53/><E123/><V94/><F116/><W8/><G71/><T31/><D110/><U64/><E119/><V125/><F43/><W63/><G33/><T60/><D75/><U93/><E64/><V65/><F65/><W132/><G78/><T77/><D77/><U79/><E115/><V126/><F54/><W42/><G63/><T76/><D76/><U44/><E73/><V107/><F15/><W72/><G72/><T114/><D114/><U84/><E74/><V28/><F85/><W90/><G132/><T80/><D40/><U18/><E51/><V58/><F58/><W122/><G90/><T7/><D134/><U36/><E36/><V86/><F86/><W69/><G69/><T48/><D80/><U23/><E103/><V26/><F30/><W98/><G109/><T50/><D4/><U129/><E129/><V104/><F94/><AGARI ba="1,0" hai="12,18,23,24,25,44,49,53,79,81,84,93,94,95" machi="94" ten="40,2000,0" yaku="8,1" doraHai="6" who="1" fromWho="2" sc="120,0,76,23,588,-23,216,0" /><INIT seed="5,2,0,3,2,129" ten="120,99,565,216" oya="1" hai0="111,121,91,88,67,57,77,16,17,100,101,58,41" hai1="95,104,61,51,98,60,47,69,79,118,134,123,40" hai2="94,89,86,108,29,75,119,72,18,112,65,14,32" hai3="102,84,11,82,8,70,43,50,21,97,107,87,124"/><U68/><E123/><V92/><F108/><W74/><G124/><T27/><D111/><U33/><E33/><V106/><F106/><W64/><G74/><T90/><D121/><U120/><E120/><V49/><F119/><W20/><G70/><T125/><D125/><U103/><E118/><V52/><F112/><W7/><G64/><T93/><D77/><U105/><E79/><V99/><F65/><W10/><G7/><T110/><D110/><U73/><E73/><V126/><F126/><W59/><G84/><T31/><D41/><U114/><E114/><V3/><F3/><W9/><G9/><T113/><D113/><U130/><E130/><V127/><F29/><W53/><REACH who="3" step="1"/><G43/><REACH who="3" ten="120,99,565,206" step="2"/><T76/><D67/><U35/><E69/><V2/><F127/><W1/><G1/><T132/><D76/><AGARI ba="2,1" hai="8,10,11,20,21,50,53,59,76,82,87,97,102,107" machi="76" ten="40,2600,0" yaku="1,1,53,1" doraHai="129" doraHaiUra="81" who="3" fromWho="0" sc="120,-32,99,0,565,0,206,42" /><INIT seed="6,0,0,5,3,111" ten="88,99,565,248" oya="2" hai0="46,70,84,64,42,57,97,110,73,71,63,115,45" hai1="62,74,5,125,86,59,1,126,27,25,114,88,104" hai2="14,93,58,135,55,87,83,127,54,79,65,77,47" hai3="92,22,30,2,43,31,122,98,50,28,132,91,23"/><V89/><F135/><W100/><G122/><T51/><D73/><U96/><E74/><V24/><F127/><N who="1" m="48649" /><E114/><V60/><F24/><N who="1" m="9289" /><E5/><V56/><F47/><N who="3" m="25983" /><G2/><T6/><D6/><U82/><E1/><V11/><F83/><W41/><G41/><N who="0" m="25007" /><D97/><U52/><E104/><V37/><F37/><W124/><G132/><T76/><D84/><U13/><E13/><V75/><F65/><W34/><G34/><T113/><D76/><U32/><E96/><V81/><F81/><W128/><G128/><T21/><D21/><N who="3" m="7689" /><G124/><T48/><D110/><U16/><E32/><V19/><REACH who="2" step="1"/><F75/><REACH who="2" ten="88,99,555,248" step="2"/><W10/><G31/><T80/><D80/><U101/><E101/><V99/><F99/><W108/><G30/><T40/><D40/><U107/><E107/><V3/><F3/><W68/><G28/><T106/><D106/><U29/><E29/><V109/><F109/><W38/><G108/><T35/><D35/><U4/><E4/><V69/><F69/><AGARI ba="0,1" hai="42,46,48,57,63,64,69,70,71,113,115" m="25007" machi="69" ten="30,7700,0" yaku="34,2,52,2" doraHai="111" who="0" fromWho="2" sc="88,87,99,0,555,-77,248,0" /><INIT seed="7,0,0,1,1,87" ten="175,99,478,248" oya="3" hai0="4,119,92,96,41,125,79,75,35,28,17,109,64" hai1="73,97,95,54,60,8,46,88,132,70,89,47,114" hai2="58,68,117,123,23,74,133,101,76,55,30,61,77" hai3="121,14,62,48,128,36,40,53,27,52,82,29,80"/><W24/><G121/><T81/><D109/><U127/><E73/><V6/><F117/><W131/><G36/><T2/><D119/><U116/><E116/><V78/><F74/><W7/><G62/><T25/><D125/><U18/><E127/><V33/><F33/><W45/><G7/><T22/><D64/><U84/><E132/><V106/><F133/><W86/><G14/><T32/><D41/><U72/><E72/><V3/><F68/><W5/><G5/><T91/><D4/><U51/><E114/><V90/><F123/><W130/><G82/><T50/><D2/><U57/><E70/><V105/><F101/><W21/><REACH who="3" step="1"/><G27/><REACH who="3" ten="175,99,478,238" step="2"/><T85/><D50/><U100/><E60/><V31/><F6/><W1/><G1/><T9/><D9/><U39/><E39/><V26/><F3/><W122/><G122/><T112/><D112/><U66/><E66/><V65/><F65/><W59/><G59/><T19/><D35/><U115/><E115/><V11/><F11/><W15/><G15/><T34/><D32/><U102/><E8/><V111/><F111/><W12/><G12/><T56/><D34/><U110/><E110/><V16/><F61/><W44/><G44/><N who="1" m="16938" /><E18/><V126/><F126/><W83/><G83/><AGARI ba="0,1" hai="51,54,57,83,84,88,89,95,97,100,102" m="16938" machi="83" ten="30,7700,0" yaku="8,1,52,2,54,1" doraHai="87" who="1" fromWho="3" sc="175,0,99,87,478,0,238,-77" owari="175,-22.5,186,-1.4,478,57.8,161,-33.9" /></mjloggm>