<mjloggm ver="2.3"><GO type="169" lobby="0"/><UN n0="%53%E6%9C%A8" n1="%E6%98%8E%E6%98%9F%E5%B8%82%E6%B0%91" n2="%E3%83%A2%E3%83%AD%E3%83%98%E3%82%A4%E3%83%A4" n3="%6D%61%6A%75%6E%69%61" dan="17,17,16,17" rate="2171.49,2200.44,2173.07,2185.41" sx="M,M,M,M"/><TAIKYOKU oya="0"/><INIT seed="0,0,0,5,2,29" ten="250,250,250,250" oya="0" hai0="51,134,61,56,105,132,126,32,52,48,34,85,45" hai1="58,38,24,59,20,83,100,1,66,75,112,76,44" hai2="46,8,102,72,21,26,69,114,9,43,15,84,103" hai3="13,0,95,124,78,127,37,16,128,109,122,27,22"/><T14/><D105/><U23/><E1/><V6/><F72/><W118/><G118/><T19/><D126/><N who="3" m="48169" /><G37/><T121/><D121/><U131/><E112/><V81/><F69/><W53/><G0/><T123/><D123/><U91/><E131/><V80/><F9/><N who="3" m="6191" /><G122/><T70/><D85/><U47/><E20/><V57/><F57/><W89/><G78/><T54/><D70/><U63/><E100/><V3/><F3/><W55/><G109/><T82/><D82/><U115/><E91/><V125/><F80/><W119/><G128/><T74/><D74/><U93/><E93/><V113/><F125/><W111/><G111/><T99/><D99/><U7/><E38/><V90/><F114/><W65/><G65/><T4/><D4/><U40/><E7/><V117/><F117/><W92/><G92/><T5/><D5/><U11/><E115/><V35/><F35/><W67/><G67/><T97/><D97/><U36/><E11/><V79/><F90/><W62/><G62/><T86/><D86/><U130/><E130/><V120/><F120/><W10/><G10/><N who="0" m="6615" /><D61/><U60/><E36/><V31/><F113/><W33/><G119/><T68/><D68/><U104/><E104/><V94/><F94/><W28/><G22/><T108/><D108/><U18/><E40/><V98/><F98/><AGARI ba="0,0" hai="27,28,33,53,55,89,95,98" m="6191,48169" machi="98" ten="30,3900,0" yaku="18,1,52,1,54,1" doraHai="29" who="3" fromWho="2" sc="250,0,250,0,250,-39,250,39" /><INIT seed="1,0,0,5,4,84" ten="250,250,211,289" oya="1" hai0="71,54,21,119,34,94,64,77,12,69,35,125,3" hai1="49,53,109,50,60,38,134,41,45,117,108,80,23" hai2="135,39,74,68,51,79,106,59,40,10,78,5,115" hai3="91,105,110,18,111,42,95,30,58,118,89,126,103"/><U87/><E117/><V36/><F68/><W113/><G30/><T116/><D3/><U100/><E100/><V0/><F106/><W67/><G113/><T46/><D125/><U65/><E23/><V9/><F115/><W130/><G126/><T92/><D77/><U66/><E87/><V6/><F135/><W25/><G118/><T114/><D21/><U83/><E83/><V104/><F104/><W127/><G127/><T82/><D46/><N who="1" m="27831" /><E80/><V14/><F59/><W123/><G123/><T19/><D82/><U43/><E134/><V62/><F62/><W20/><G42/><T16/><D12/><U102/><E102/><V61/><F61/><N who="3" m="38327" /><G105/><T26/><D114/><U28/><E28/><V76/><REACH who="2" step="1"/><F74/><REACH who="2" ten="250,250,201,289" step="2"/><W101/><G130/><T93/><D71/><N who="1" m="42407" /><E66/><V44/><AGARI ba="0,1" hai="0,5,6,9,10,14,36,39,40,44,51,76,78,79" machi="44" ten="30,2000,0" yaku="1,1,0,1,53,0" doraHai="84" doraHaiUra="85" who="2" fromWho="2" sc="250,-5,250,-10,201,30,289,-5" /><INIT seed="2,0,0,4,3,52" ten="245,240,231,284" oya="2" hai0="107,23,122,5,114,59,113,29,98,43,3,91,2" hai1="112,129,10,109,1,14,68,42,33,128,51,103,55" hai2="15,41,131,111,39,134,108,90,72,133,79,93,27" hai3="86,75,104,18,130,40,94,44,34,126,101,37,124"/><V36/><F15/><W53/><G75/><T74/><D122/><U9/><E1/><V132/><F41/><W16/><G34/><T119/><D74/><U62/><E33/><V110/><F131/><W12/><G130/><N who="1" m="50282" /><E109/><V49/><F49/><W20/><G104/><T31/><D119/><U125/><E125/><V26/><F79/><W69/><G69/><T96/><D91/><U82/><E103/><V95/><F72/><W11/><G53/><T88/><D23/><U56/><E82/><V60/><F60/><W65/><G65/><T116/><D116/><U64/><E112/><V6/><F6/><W50/><G37/><N who="2" m="14409" /><F93/><W38/><G38/><T66/><D43/><U89/><E89/><V25/><F95/><W84/><G101/><T105/><D88/><AGARI ba="0,0" hai="25,26,27,88,90,108,110,111,132,133,134" m="14409" machi="88" ten="50,24000,3" yaku="29,2,28,2,14,1,10,1,20,1,54,1" doraHai="52" who="2" fromWho="0" sc="245,-240,240,0,231,240,284,0" /><INIT seed="2,1,0,1,3,36" ten="5,240,471,284" oya="2" hai0="62,31,25,112,29,69,53,64,85,118,106,127,10" hai1="17,73,117,6,91,63,55,45,83,79,102,87,122" hai2="1,33,123,24,74,46,88,56,95,90,93,15,39" hai3="70,120,124,0,5,49,38,43,130,68,7,28,66"/><V108/><F1/><W19/><G120/><T48/><D112/><U96/><E117/><V35/><F74/><W92/><G38/><T94/><D118/><U134/><E6/><V57/><F123/><W4/><G0/><T97/><D106/><U47/><E134/><V26/><F39/><W116/><G116/><T8/><D127/><U77/><E122/><V58/><F46/><W101/><G124/><T37/><D85/><U105/><E77/><V23/><F15/><W89/><G101/><T75/><D31/><U65/><E55/><V54/><F54/><W103/><G103/><T50/><D50/><U109/><E17/><V76/><F76/><W60/><G130/><T86/><D86/><U115/><E109/><V99/><F108/><W119/><G119/><T125/><D75/><U9/><E9/><V21/><F57/><W128/><G128/><T30/><D30/><U44/><E115/><V82/><F99/><W104/><G28/><T131/><D37/><U81/><REACH who="1" step="1"/><E44/><REACH who="1" ten="5,230,471,284" step="2"/><V27/><F27/><W111/><G111/><T121/><D121/><U126/><E126/><V40/><F26/><W113/><G113/><T129/><D125/><U32/><E32/><V110/><F24/><W133/><G19/><T13/><D131/><U16/><E16/><V12/><F110/><W107/><G133/><T61/><D129/><U52/><E52/><V132/><F132/><W98/><G70/><AGARI ba="1,1" hai="45,47,63,65,70,73,79,81,83,87,91,96,102,105" machi="70" ten="30,3900,0" yaku="1,1,7,1,53,1" doraHai="36" doraHaiUra="59" who="1" fromWho="3" sc="5,0,230,52,471,0,284,-42" /><INIT seed="3,0,0,1,0,15" ten="5,282,471,242" oya="3" hai0="81,130,77,27,135,26,0,2,96,39,72,88,50" hai1="115,13,54,113,99,127,110,82,79,100,80,125,76" hai2="114,40,123,10,63,25,22,36,24,35,48,134,93" hai3="117,6,19,118,78,65,62,43,90,47,12,98,34"/><W30/><G78/><N who="1" m="29738" /><E54/><V71/><F36/><W84/><G6/><T74/><D39/><U128/><E13/><V101/><F35/><W85/><G34/><T92/><D74/><U106/><E110/><V70/><F114/><N who="1" m="43529" /><E128/><V91/><F101/><W105/><G30/><T61/><D130/><U23/><E23/><V68/><F134/><W29/><G29/><T122/><D135/><U44/><E44/><V20/><F10/><W11/><G105/><T38/><D38/><U120/><E120/><V21/><F63/><W87/><G98/><T133/><D133/><U132/><E132/><V7/><F7/><W51/><REACH who="3" step="1"/><G90/><REACH who="3" ten="5,282,471,232" step="2"/><T42/><D122/><U28/><E28/><V52/><F123/><W5/><G5/><T9/><D26/><U41/><E41/><V64/><F40/><W58/><AGARI ba="0,1" hai="11,12,19,43,47,51,58,62,65,84,85,87,117,118" machi="58" ten="30,6000,0" yaku="1,1,0,1,52,1,53,0" doraHai="15" doraHaiUra="69" who="3" fromWho="3" sc="5,-20,282,-20,471,-20,232,70" owari="-15,-51.5,262,-13.8,451,55.1,302,10.2" /></mjloggm>