<mjloggm ver="2.3"><GO type="169" lobby="0"/><UN n0="%69%77%61%69%77%61" n1="%6B%61%74%65%72%69%6E%61" n2="%48%4F%4D%4F%E5%A5%B3" n3="%E3%82%A2%E3%82%AB%E3%82%AE%E3%82%B7%E3%82%B2%E3%83%A9%E3%83%8A%E3%82%A4" dan="17,17,16,16" rate="2154.79,2183.99,2094.45,2035.85" sx="M,M,M,M"/><TAIKYOKU oya="0"/><INIT seed="0,0,0,1,5,29" ten="250,250,250,250" oya="0" hai0="19,10,34,55,70,100,90,135,99,49,113,125,75" hai1="74,86,119,104,76,21,102,71,134,11,53,69,42" hai2="89,39,30,84,68,8,54,63,28,78,60,79,36" hai3="33,23,123,92,25,85,52,118,109,82,72,65,96"/><T3/><D113/><U108/><E119/><V58/><F8/><W112/><G118/><T50/><D70/><U126/><E126/><V91/><F68/><W9/><G109/><T128/><D125/><U16/><E108/><V121/><F121/><W66/><G72/><T116/><D116/><U115/><E115/><V1/><F1/><W56/><G9/><T7/><D128/><U93/><E11/><V57/><F84/><W87/><G33/><T44/><D135/><U77/><E42/><V48/><F48/><W106/><G106/><T122/><D75/><U37/><E37/><V13/><F13/><W83/><G87/><T26/><D90/><U117/><E117/><V6/><REACH who="2" step="1"/><F54/><REACH who="2" ten="250,250,240,250" step="2"/><W127/><G123/><T4/><D122/><U14/><E74/><V15/><F15/><W32/><G127/><T43/><D7/><AGARI ba="0,1" hai="6,7,28,30,36,39,57,58,60,63,78,79,89,91" machi="7" ten="25,3200,0" yaku="1,1,22,2,53,0" doraHai="29" doraHaiUra="67" who="2" fromWho="0" sc="250,-32,250,0,240,42,250,0" /><INIT seed="1,0,0,2,1,33" ten="218,250,282,250" oya="1" hai0="131,13,97,100,42,73,120,54,4,55,35,78,127" hai1="49,43,91,28,38,111,116,7,87,48,45,77,46" hai2="80,101,99,103,34,10,88,70,102,1,84,64,119" hai3="133,51,96,106,15,121,50,25,67,123,115,63,19"/><U56/><E116/><V60/><F119/><W59/><G115/><T135/><D35/><U83/><E111/><V23/><F34/><W90/><G25/><T24/><D127/><U9/><E28/><V47/><F47/><W107/><G133/><T98/><D131/><U68/><E68/><V69/><F23/><W134/><G134/><T71/><D71/><U75/><E46/><V130/><F130/><W122/><G96/><T113/><D113/><U44/><E44/><V29/><F29/><W41/><G41/><T27/><D73/><U86/><E56/><V110/><F110/><W66/><G90/><T3/><D78/><U32/><E87/><V62/><F62/><W40/><G67/><T2/><D13/><U118/><E32/><V85/><F69/><W37/><G40/><T16/><D16/><U128/><E128/><V39/><F39/><W12/><G37/><T114/><D4/><U20/><E20/><V52/><F52/><W17/><G19/><T132/><D100/><U22/><E22/><V126/><F126/><W36/><G36/><T129/><D129/><U26/><E26/><V108/><F108/><W61/><G17/><T124/><D124/><U57/><E57/><V30/><F30/><W93/><G93/><T89/><D89/><U81/><REACH who="1" step="1"/><E118/><REACH who="1" ten="218,240,282,250" step="2"/><V5/><REACH who="2" step="1"/><F85/><REACH who="2" ten="218,240,272,250" step="2"/><W104/><REACH who="3" step="1"/><G63/><REACH who="3" ten="218,240,272,240" step="2"/><T125/><D125/><U94/><E94/><AGARI ba="0,3" hai="1,5,10,60,64,70,80,84,88,94,99,101,102,103" machi="94" ten="30,12000,2" yaku="1,1,2,1,7,1,52,1,54,1,53,1" doraHai="33" doraHaiUra="79" who="2" fromWho="1" sc="218,0,240,-120,272,150,240,0" /><INIT seed="2,0,0,5,1,64" ten="218,120,422,240" oya="2" hai0="113,3,2,13,124,19,135,93,28,41,76,55,122" hai1="60,26,58,99,96,92,36,34,86,65,80,121,88" hai2="95,119,118,82,52,125,87,97,131,22,115,73,77" hai3="120,107,27,56,0,128,30,133,47,53,132,106,43"/><V123/><F115/><W18/><G18/><T69/><D122/><U116/><E121/><V4/><F123/><W89/><G0/><T46/><D113/><U7/><E116/><V63/><F125/><W29/><G29/><T50/><D135/><N who="3" m="51785" /><G89/><T16/><D124/><U8/><E36/><V54/><F131/><W17/><G17/><T68/><D28/><U70/><E26/><V35/><F35/><W108/><G108/><T40/><D3/><U112/><E112/><V103/><F4/><W90/><G128/><T21/><D2/><U23/><E23/><V84/><F22/><W5/><G5/><T117/><D117/><U9/><E34/><V57/><F118/><W102/><G102/><T10/><D76/><U59/><E96/><V51/><REACH who="2" step="1"/><F119/><REACH who="2" ten="218,120,412,240" step="2"/><W42/><G120/><T130/><D130/><U129/><E129/><V94/><F94/><W101/><G107/><T11/><D93/><U38/><E38/><V104/><F104/><W79/><G106/><T1/><D10/><U72/><E9/><V85/><F85/><W110/><G110/><T25/><REACH who="0" step="1"/><D1/><REACH who="0" ten="208,120,412,240" step="2"/><U71/><E72/><V33/><F33/><W20/><G20/><T98/><D98/><U78/><E8/><V44/><AGARI ba="0,2" hai="44,51,52,54,57,63,73,77,82,84,87,95,97,103" machi="44" ten="20,7800,0" yaku="1,1,0,1,7,1,54,1,53,0" doraHai="64" doraHaiUra="31" who="2" fromWho="2" sc="208,-26,120,-26,412,98,240,-26" /><INIT seed="2,1,0,4,2,52" ten="182,94,510,214" oya="2" hai0="99,122,114,124,134,14,91,90,57,100,125,133,118" hai1="112,6,50,85,12,26,18,121,92,7,53,38,78" hai2="101,68,62,126,29,102,1,51,0,25,34,19,113" hai3="132,5,111,41,56,40,23,66,83,93,96,72,20"/><V15/><F126/><N who="0" m="48746" /><D14/><U71/><E121/><V54/><F113/><W130/><G132/><N who="0" m="50795" /><D57/><N who="1" m="32951" /><E112/><V37/><F37/><W117/><G130/><T84/><D114/><U32/><E32/><V4/><F4/><W61/><G111/><T45/><D45/><U58/><E71/><V107/><F107/><W120/><G117/><T82/><D122/><U47/><E47/><V123/><F123/><W98/><G5/><T49/><D49/><U128/><E128/><V81/><F1/><W75/><G61/><T127/><D127/><U13/><E38/><V73/><F0/><W129/><G129/><T103/><D118/><U67/><E13/><V8/><F62/><W31/><G56/><T9/><D9/><N who="1" m="6415" /><E26/><V36/><F68/><W69/><G69/><T115/><D115/><U16/><E16/><V97/><F36/><W108/><G108/><T104/><D103/><U89/><E78/><AGARI ba="1,0" hai="78,82,84,90,91,99,100,104" m="50795,48746" machi="78" ten="30,7700,0" yaku="18,1,20,1,34,2" doraHai="52" who="0" fromWho="1" sc="182,80,94,-80,510,0,214,0" /><INIT seed="3,0,0,4,4,45" ten="262,14,510,214" oya="3" hai0="1,9,65,106,92,102,60,23,46,98,27,110,53" hai1="94,50,95,109,4,120,129,16,75,133,107,96,63" hai2="29,115,39,24,43,41,132,48,76,25,131,77,82" hai3="79,7,38,11,56,33,134,40,12,124,3,113,0"/><W31/><G113/><T114/><D110/><U14/><E109/><V90/><F131/><W93/><G124/><T34/><D114/><U66/><E120/><V51/><F132/><W117/><G117/><T118/><D118/><U54/><E133/><V89/><F115/><W59/><G134/><T83/><D34/><U125/><E125/><V135/><F135/><W126/><G126/><T19/><D83/><U8/><E129/><V84/><F39/><W28/><G0/><T116/><D116/><U15/><E75/><V104/><F104/><W42/><G42/><N who="2" m="15881" /><F89/><W30/><G93/><T69/><D46/><N who="1" m="27991" /><E107/><V10/><F10/><W88/><G79/><N who="2" m="30281" /><F29/><W78/><G78/><T103/><D106/><U80/><E80/><V20/><F20/><W74/><G74/><T44/><D102/><U26/><E26/><AGARI ba="0,0" hai="24,25,26,48,51,82,84,90" m="30281,15881" machi="26" ten="30,3900,0" yaku="8,1,52,2" doraHai="45" who="2" fromWho="1" sc="262,0,14,-39,510,39,214,0" owari="262,6.2,-25,-52.5,549,64.9,214,-18.6" /></mjloggm>