<mjloggm ver="2.3"><GO type="169" lobby="0"/><UN n0="%E4%BE%8D" n1="%E3%82%BF%E3%83%9E%E3%83%8D%E3%82%AE" n2="%31%35%2E%31%35%63%6D" n3="%EF%BC%8A%E5%B0%8F%E5%A4%AA%E9%83%8E%EF%BC%8A" dan="18,17,18,16" rate="2229.50,2180.56,2285.53,2078.06" sx="M,M,M,M"/><TAIKYOKU oya="0"/><INIT seed="0,0,0,4,2,39" ten="250,250,250,250" oya="0" hai0="16,117,98,132,125,65,47,31,5,118,129,14,102" hai1="13,73,42,114,128,131,37,119,52,45,85,111,83" hai2="86,124,93,30,63,68,4,84,55,77,105,76,91" hai3="38,94,8,54,97,12,120,61,96,95,3,53,6"/><T135/><D31/><U115/><E119/><V43/><F105/><W109/><G109/><T130/><D5/><U104/><E104/><V7/><F124/><W26/><G120/><T89/><D65/><U17/><E73/><V127/><F127/><W67/><G3/><T110/><D89/><U103/><E103/><V32/><F32/><W113/><G113/><N who="1" m="43018" /><E111/><V72/><F30/><W27/><G38/><T64/><D64/><U90/><E52/><V92/><F72/><W80/><G80/><T0/><D0/><U116/><E116/><N who="0" m="44649" /><D125/><U66/><E66/><V107/><F107/><W1/><G1/><T40/><D98/><U2/><E2/><V69/><F55/><W15/><G15/><T48/><D102/><U81/><E81/><V133/><F91/><W79/><G79/><T71/><D71/><U60/><E60/><V108/><F63/><W35/><G35/><T75/><D75/><U57/><E57/><V134/><REACH who="2" step="1"/><F108/><REACH who="2" ten="250,250,240,250" step="2"/><W36/><G53/><T123/><D110/><U18/><E18/><V19/><F19/><W99/><G54/><T24/><D123/><U9/><AGARI ba="0,1" hai="9,13,17,37,42,45,83,85,90,128,131" m="43018" machi="9" ten="30,2000,0" yaku="11,1,52,1" doraHai="39" who="1" fromWho="1" sc="250,-10,250,30,240,-5,250,-5" /><INIT seed="1,0,0,5,5,96" ten="240,280,235,245" oya="1" hai0="135,123,15,108,21,47,72,79,53,130,85,129,69" hai1="68,110,56,77,11,122,81,114,5,64,48,103,50" hai2="113,107,25,97,26,63,62,45,100,54,120,91,42" hai3="76,46,70,92,44,95,75,112,22,118,88,23,59"/><U87/><E114/><V66/><F120/><W16/><G112/><T115/><D115/><U4/><E122/><V24/><F113/><W132/><G70/><T128/><D123/><U111/><E68/><V55/><F91/><W8/><G132/><T106/><D69/><U9/><E103/><V20/><F20/><W133/><G133/><T39/><D72/><U43/><E64/><V101/><F101/><W28/><G95/><T14/><D135/><U131/><E131/><V51/><REACH who="2" step="1"/><F63/><REACH who="2" ten="240,280,225,245" step="2"/><W109/><G23/><T124/><D21/><U78/><E110/><V32/><F32/><W34/><G34/><T89/><D108/><U102/><E102/><V60/><F60/><W10/><G109/><T90/><D89/><U93/><E111/><V17/><F17/><W126/><G16/><T74/><D90/><U52/><E78/><V12/><F12/><W38/><G88/><T104/><D14/><U18/><E93/><V116/><F116/><W65/><G92/><T27/><D15/><N who="1" m="7535" /><E11/><V3/><F3/><W6/><G10/><T67/><D129/><U121/><E121/><V37/><F37/><W7/><G8/><T82/><D39/><U125/><E125/><V57/><AGARI ba="0,1" hai="24,25,26,42,45,51,54,55,57,62,66,97,100,107" machi="57" ten="30,4000,0" yaku="1,1,0,1,52,1,53,0" doraHai="96" doraHaiUra="105" who="2" fromWho="2" sc="240,-10,280,-20,225,50,245,-10" /><INIT seed="2,0,0,0,1,78" ten="230,260,275,235" oya="2" hai0="85,72,99,73,116,112,5,82,97,111,128,100,17" hai1="83,58,12,102,39,19,18,10,34,32,127,90,95" hai2="21,119,62,65,87,43,105,92,41,29,64,28,44" hai3="122,31,52,61,94,124,133,130,131,89,126,27,108"/><V11/><F105/><W14/><G122/><T106/><D5/><U110/><E39/><V120/><F120/><W96/><G108/><T56/><D112/><U13/><E110/><V47/><F119/><W35/><G14/><T103/><D111/><U68/><E68/><V40/><F11/><W88/><G89/><T49/><D17/><U9/><E127/><N who="3" m="48682" /><G133/><T3/><D3/><U86/><REACH who="1" step="1"/><E58/><AGARI ba="0,0" hai="27,31,35,52,58,61,88,94,96,130,131" m="48682" machi="58" ten="30,3900,0" yaku="18,1,54,2" doraHai="78" who="3" fromWho="1" sc="230,0,260,-39,275,0,235,39" /><INIT seed="3,0,0,2,4,104" ten="230,221,275,274" oya="3" hai0="97,120,103,0,4,37,24,67,7,123,15,72,16" hai1="86,96,3,13,2,117,34,93,121,47,41,108,116" hai2="68,18,9,31,133,92,77,73,113,84,35,82,126" hai3="110,21,78,79,102,42,105,132,39,99,63,36,6"/><W26/><G132/><T62/><D37/><U85/><E34/><V20/><F133/><W98/><G6/><T95/><D72/><U127/><E121/><V114/><F68/><W80/><G42/><T10/><D24/><U122/><E122/><V135/><F135/><W25/><G25/><T29/><D7/><U111/><E13/><V46/><F126/><W128/><G128/><T1/><D29/><U45/><E41/><V101/><F9/><W55/><G79/><T56/><REACH who="0" step="1"/><D0/><REACH who="0" ten="220,221,275,274" step="2"/><U12/><E12/><V74/><F31/><W119/><G119/><T50/><D50/><U27/><E27/><V33/><F74/><W51/><G110/><T30/><D30/><U109/><E127/><V70/><F73/><W115/><G115/><T28/><D28/><U53/><E3/><V58/><F114/><W106/><G51/><T76/><D76/><U83/><E2/><V57/><F113/><W40/><G39/><T100/><D100/><U125/><E125/><V23/><F101/><W112/><G112/><T107/><D107/><U44/><E116/><V91/><F77/><W52/><G36/><T88/><D88/><N who="1" m="55335" /><E117/><V49/><F91/><W131/><G106/><T60/><D60/><U71/><E109/><V14/><F35/><W64/><G63/><T61/><D61/><U89/><E108/><V43/><F33/><W38/><G38/><T5/><D5/><U17/><E111/><V19/><F14/><W48/><G131/><T129/><D129/><U8/><E89/><V66/><F49/><W32/><G48/><T94/><D94/><U22/><E45/><RYUUKYOKU ba="0,1" sc="220,30,221,-10,275,-10,274,-10" hai0="1,4,10,15,16,56,62,67,95,97,103,120,123" /><INIT seed="4,1,1,2,4,130" ten="250,211,265,264" oya="0" hai0="7,129,101,65,54,104,99,14,15,18,4,56,23" hai1="119,111,24,40,17,106,44,63,29,83,30,116,38" hai2="0,117,78,135,131,90,41,39,60,93,125,79,120" hai3="27,22,64,13,96,59,97,81,72,95,114,1,89"/><T16/><D65/><U94/><E106/><V57/><F120/><W124/><G1/><T37/><D37/><U87/><E111/><V70/><F0/><W68/><G68/><T71/><D71/><U122/><E122/><V113/><F70/><W35/><G114/><T100/><D100/><U121/><E121/><V25/><F131/><W62/><G124/><T123/><D129/><U6/><E6/><V85/><F113/><W11/><G35/><T66/><D66/><U58/><E17/><V118/><F125/><W43/><G43/><T133/><D133/><U50/><E94/><V32/><F135/><W20/><G97/><T36/><D36/><U98/><E98/><V127/><F127/><W102/><G72/><T92/><D104/><U3/><E3/><V103/><F103/><W73/><G73/><T9/><REACH who="0" step="1"/><D123/><REACH who="0" ten="240,211,265,264" step="2"/><U19/><E38/><V82/><F39/><W10/><G102/><T12/><D12/><U128/><E128/><V74/><F118/><W69/><G69/><T107/><D107/><U134/><E134/><V45/><F117/><W91/><G13/><T49/><AGARI ba="1,2" hai="4,7,9,14,15,16,18,23,49,54,56,92,99,101" machi="49" ten="20,18000,2" yaku="1,1,0,1,7,1,8,1,54,1,53,1" doraHai="130" doraHaiUra="5" who="0" fromWho="0" sc="240,203,211,-61,265,-61,264,-61" /><INIT seed="4,2,0,1,1,15" ten="443,150,204,203" oya="0" hai0="134,6,119,45,128,48,43,107,71,35,89,120,102" hai1="23,69,11,94,106,30,4,74,95,7,32,5,87" hai2="20,85,117,113,127,93,115,96,91,55,53,18,27" hai3="33,80,104,84,103,9,19,101,129,114,40,64,37"/><T13/><D120/><U63/><E74/><V50/><F127/><W124/><G124/><T29/><D119/><U125/><E125/><V100/><F117/><W99/><G114/><N who="2" m="43529" /><F50/><W47/><G129/><T58/><D71/><U60/><E106/><AGARI ba="2,0" hai="18,20,27,53,55,85,91,93,96,100,106" m="43529" machi="106" ten="30,2000,0" yaku="15,1,52,1" doraHai="15" who="2" fromWho="1" sc="443,0,150,-26,204,26,203,0" /><INIT seed="5,0,0,2,1,121" ten="443,124,230,203" oya="1" hai0="133,12,83,46,130,11,51,102,24,60,132,71,64" hai1="104,13,100,103,58,81,94,48,75,82,55,89,116" hai2="92,9,42,96,79,47,27,0,119,125,49,90,106" hai3="3,129,124,1,30,19,2,26,10,105,67,127,123"/><U135/><E135/><N who="0" m="51785" /><D130/><U6/><E116/><V87/><F119/><W80/><G105/><T40/><D102/><N who="1" m="38955" /><E75/><V61/><F125/><N who="3" m="48203" /><G80/><T41/><D24/><U98/><E104/><V39/><F106/><W59/><G59/><T109/><D83/><U33/><E33/><V35/><F61/><W128/><G67/><T97/><D97/><U37/><E37/><V63/><F63/><W86/><G86/><T52/><D109/><U122/><E122/><V108/><F108/><W16/><G123/><T4/><AGARI ba="0,0" hai="4,11,12,40,41,46,51,52,60,64,71" m="51785" machi="4" ten="30,2000,0" yaku="20,1,54,1" doraHai="121" who="0" fromWho="0" sc="443,20,124,-10,230,-5,203,-5" /><INIT seed="6,0,0,5,5,95" ten="463,114,225,198" oya="2" hai0="97,27,54,46,13,2,64,130,86,21,34,67,99" hai1="8,109,58,134,44,76,61,60,123,102,104,43,19" hai2="105,51,1,50,106,22,98,70,47,9,31,108,23" hai3="28,72,89,7,62,100,32,35,5,124,91,116,74"/><V11/><F70/><W56/><G124/><T107/><D2/><U111/><E134/><V40/><F108/><W53/><G116/><T129/><D13/><U125/><E125/><V0/><F31/><W117/><G117/><T101/><D86/><U112/><E112/><V66/><F66/><W113/><G113/><T6/><D6/><U92/><E104/><V29/><F29/><W119/><G119/><T17/><D34/><U59/><E123/><V131/><F47/><W103/><G28/><T75/><D75/><U4/><E19/><V10/><F10/><W88/><G74/><T126/><D99/><U45/><E76/><V38/><F38/><W69/><G72/><T120/><D120/><U73/><E73/><V79/><F79/><W12/><G69/><T94/><D107/><U78/><E78/><V132/><F98/><W83/><G83/><T57/><D46/><U127/><E127/><V37/><F37/><W87/><G87/><T128/><D126/><U68/><E68/><V20/><F20/><W41/><G41/><T121/><REACH who="0" step="1"/><D121/><REACH who="0" ten="453,114,225,198" step="2"/><U122/><E122/><V3/><F3/><W15/><G32/><T85/><D85/><U55/><E43/><V36/><F40/><W16/><G15/><T33/><D33/><U115/><E115/><V25/><F0/><W48/><G35/><T114/><D114/><U110/><E4/><N who="3" m="1610" /><G62/><AGARI ba="0,1" hai="17,21,27,54,57,62,64,67,94,97,101,128,129,130" machi="62" ten="40,5200,0" yaku="1,1,19,1,52,1,53,0" doraHai="95" doraHaiUra="135" who="0" fromWho="3" sc="453,62,114,0,225,0,198,-52" /><INIT seed="7,0,0,3,2,64" ten="515,114,225,146" oya="3" hai0="110,76,114,29,73,90,127,4,18,84,1,72,129" hai1="80,13,118,27,100,41,103,52,25,91,12,5,97" hai2="115,43,79,7,50,36,14,24,30,56,108,21,22" hai3="105,98,92,130,122,58,70,35,88,99,65,19,111"/><W85/><G122/><T75/><D29/><U6/><E118/><V47/><F108/><W74/><G111/><T86/><D110/><U134/><E134/><V121/><F115/><W59/><G74/><T68/><D18/><U61/><E41/><V69/><F69/><W53/><G35/><T63/><D68/><U133/><E133/><V16/><F121/><W54/><G130/><T131/><D63/><U51/><E61/><V32/><F7/><N who="1" m="2569" /><E80/><V67/><F79/><W83/><G105/><T37/><D37/><U17/><E91/><V38/><F67/><W15/><G99/><T96/><D4/><U101/><E97/><V89/><F56/><W117/><G117/><T94/><D1/><U135/><E135/><V119/><F119/><W71/><G65/><T125/><D114/><U28/><E28/><V0/><F0/><W45/><G45/><T55/><D55/><U82/><E82/><V20/><F89/><W9/><G58/><T123/><D123/><U102/><N who="1" m="25600" /><DORA hai="87" /><U104/><E104/><V44/><F38/><W60/><G54/><AGARI ba="0,0" hai="14,16,20,21,22,24,30,32,36,43,44,47,50,54" machi="54" ten="30,2000,0" yaku="7,1,54,1" doraHai="64,87" who="2" fromWho="3" sc="515,0,114,0,225,20,146,-20" owari="515,61.5,114,-38.6,245,4.5,126,-27.4" /></mjloggm>