<mjloggm ver="2.3"><GO type="169" lobby="0"/><UN n0="%E5%A4%A2%E4%BB%98%E3%81%8D" n1="%E6%A9%8B%E6%9C%AC%E5%A5%88%E3%80%85%E6%9C%AA" n2="%E3%82%88%E3%81%86%E3%81%B8%E3%83%BC%58" n3="%E5%A4%A9%E5%AE%89%E9%96%80%E5%BF%98%E5%8D%B4" dan="16,16,16,16" rate="2098.23,2135.44,2140.23,2047.05" sx="M,F,M,M"/><TAIKYOKU oya="0"/><INIT seed="0,0,0,1,5,89" ten="250,250,250,250" oya="0" hai0="124,22,72,45,114,14,84,31,81,73,134,83,20" hai1="25,8,93,128,34,68,21,23,129,10,100,71,37" hai2="96,132,5,118,38,46,29,86,101,92,1,49,90" hai3="106,87,69,59,3,115,135,41,127,98,52,2,95"/><T112/><D134/><U48/><E37/><V119/><F132/><W57/><G135/><T125/><D45/><U126/><E34/><V109/><F109/><W12/><G69/><T43/><D43/><U120/><E120/><V50/><F29/><W40/><G115/><N who="0" m="44075" /><D14/><U24/><E48/><V88/><F38/><W39/><G127/><N who="0" m="48715" /><D84/><U17/><E126/><V64/><F64/><W35/><G87/><T55/><D55/><U7/><E7/><V102/><F50/><W79/><G12/><T131/><D31/><U77/><E77/><V123/><F123/><W74/><G41/><T4/><D4/><U42/><E42/><N who="2" m="24791" /><F1/><W6/><G40/><T103/><D103/><N who="2" m="39434" /><F119/><W111/><G39/><T26/><D26/><U107/><E100/><V61/><F118/><W44/><G2/><T108/><D108/><U85/><E107/><V82/><F5/><W65/><G106/><T33/><D33/><U16/><REACH who="1" step="1"/><E85/><REACH who="1" ten="250,240,250,250" step="2"/><N who="2" m="50231" /><F61/><W63/><G35/><T133/><D133/><U62/><E62/><V105/><F105/><W97/><G6/><T53/><D72/><U58/><E58/><V11/><F86/><W60/><G74/><T130/><D73/><U99/><E99/><V51/><F51/><W13/><G98/><T28/><D83/><U47/><E47/><V70/><F70/><W80/><G80/><T104/><D81/><U76/><E76/><V66/><F66/><W15/><G79/><T27/><D104/><U110/><E110/><V91/><F91/><N who="3" m="55551" /><G111/><T67/><D67/><U36/><E36/><V78/><F78/><W94/><G65/><T113/><D53/><RYUUKYOKU ba="0,1" sc="250,-15,240,15,250,15,250,-15" hai1="8,10,16,17,21,23,24,25,68,71,93,128,129" hai2="11,90,92,96" /><INIT seed="1,1,1,2,0,123" ten="235,255,265,235" oya="1" hai0="63,16,94,128,25,109,73,34,126,69,31,54,87" hai1="42,32,121,111,89,101,131,91,3,1,62,44,72" hai2="61,39,85,55,135,60,8,21,7,122,2,15,30" hai3="41,56,106,67,82,51,14,22,50,81,99,28,23"/><U76/><E121/><V86/><F122/><W35/><G35/><T65/><D73/><U124/><E32/><V46/><F135/><W130/><G130/><T95/><D128/><U80/><E131/><V18/><F30/><W38/><G38/><T26/><D126/><U75/><E124/><V116/><F116/><W92/><G106/><T108/><D54/><U33/><E33/><V47/><F39/><W4/><G23/><N who="0" m="13543" /><D87/><N who="2" m="33290" /><F2/><W134/><G134/><T103/><D103/><U66/><E75/><V112/><F112/><W0/><G0/><T132/><D132/><U64/><E101/><V19/><F7/><W5/><G5/><T17/><D17/><U117/><E117/><V49/><F47/><W118/><G4/><T52/><D52/><U110/><E1/><V48/><F48/><W53/><G50/><T36/><D36/><N who="1" m="21575" /><E3/><V88/><F88/><N who="1" m="33865" /><E62/><V37/><F37/><W119/><G119/><T97/><D97/><U79/><E79/><V45/><F45/><W133/><G118/><T27/><D27/><AGARI ba="1,1" hai="8,15,18,19,21,27,46,49,55,60,61" m="33290" machi="27" ten="30,1000,0" yaku="8,1" doraHai="123" who="2" fromWho="0" sc="235,-13,255,0,265,23,235,0" /><INIT seed="2,0,0,4,3,48" ten="222,255,288,235" oya="2" hai0="94,74,29,41,71,42,32,37,28,56,121,55,106" hai1="38,10,107,105,45,64,9,3,115,69,98,99,117" hai2="77,13,127,2,123,86,111,0,15,44,5,93,72" hai3="91,11,61,84,16,25,53,75,119,102,22,112,43"/><V88/><F123/><W89/><G119/><T104/><D71/><U65/><E117/><V97/><F127/><W132/><G132/><T76/><D121/><U81/><E115/><V19/><F111/><W120/><G112/><T34/><D94/><U124/><E124/><V31/><F31/><W131/><G131/><T128/><D128/><U36/><E81/><V79/><F72/><W26/><G75/><T134/><D74/><U1/><REACH who="1" step="1"/><E45/><REACH who="1" ten="222,245,288,235" step="2"/><V7/><F44/><W30/><G120/><T103/><D134/><U113/><E113/><V27/><F2/><W49/><G25/><T125/><D125/><U101/><E101/><V20/><F0/><W18/><G102/><T118/><D103/><U33/><E33/><V116/><F116/><W12/><G30/><T133/><D32/><U122/><E122/><V14/><F79/><W96/><G26/><T47/><D34/><U63/><E63/><V78/><F78/><W114/><G61/><T95/><D47/><U50/><E50/><V85/><REACH who="2" step="1"/><F77/><REACH who="2" ten="222,245,278,235" step="2"/><W52/><G114/><T68/><D76/><U8/><E8/><V35/><F35/><W90/><G11/><T109/><D28/><U17/><E17/><V100/><F100/><W46/><G18/><T60/><D29/><U92/><E92/><V39/><F39/><W70/><G90/><T24/><D95/><U4/><E4/><AGARI ba="0,2" hai="4,5,7,13,14,15,19,20,27,85,86,88,93,97" machi="4" ten="40,7700,0" yaku="1,1,8,1,54,1,53,0" doraHai="48" doraHaiUra="73" who="2" fromWho="1" sc="222,0,245,-77,278,97,235,0" /><INIT seed="2,1,0,3,0,60" ten="222,168,375,235" oya="2" hai0="55,16,130,132,61,97,63,15,72,30,71,96,8" hai1="77,59,80,26,42,28,53,24,39,52,102,51,6" hai2="50,131,120,79,68,128,129,7,118,86,31,104,92" hai3="66,65,46,45,17,0,126,114,22,10,3,124,20"/><V23/><F104/><W103/><G114/><T57/><D72/><U70/><E70/><V81/><F120/><W109/><G103/><T9/><D130/><U88/><E102/><V33/><F118/><W87/><G87/><T5/><D132/><U32/><E6/><V58/><F68/><W135/><G109/><T40/><D30/><U121/><E121/><V106/><F106/><W90/><G90/><T93/><D40/><U115/><E115/><V64/><F33/><W29/><G29/><T94/><D94/><U48/><E24/><N who="2" m="16799" /><F7/><W78/><G78/><T54/><D93/><U116/><E116/><V21/><F21/><N who="3" m="8299" /><G17/><T101/><D101/><U19/><E19/><V41/><F92/><W95/><G95/><T69/><D69/><U134/><E134/><V91/><F91/><W107/><G107/><T13/><REACH who="0" step="1"/><D55/><REACH who="0" ten="212,168,375,235" step="2"/><U75/><E42/><V108/><F41/><W133/><G133/><T99/><D99/><U11/><E39/><V44/><F108/><W43/><G135/><T67/><AGARI ba="1,1" hai="5,8,9,13,15,16,54,57,61,63,67,71,96,97" machi="67" ten="30,7900,0" yaku="1,1,0,1,52,1,54,1,53,0" doraHai="60" doraHaiUra="113" who="0" fromWho="0" sc="212,92,168,-21,375,-40,235,-21" /><INIT seed="3,0,0,5,3,135" ten="304,147,335,214" oya="3" hai0="50,70,40,98,101,54,63,110,122,68,24,27,129" hai1="99,66,88,34,81,35,29,52,30,74,113,96,9" hai2="39,114,15,65,5,78,43,83,93,97,19,64,130" hai3="26,10,62,31,92,124,117,3,95,100,107,11,53"/><W13/><G117/><T7/><D122/><U131/><E113/><V85/><F114/><W102/><G3/><T59/><D110/><U0/><E131/><V89/><F130/><W127/><G107/><T76/><D129/><U77/><E66/><V69/><F69/><W75/><G75/><T23/><D7/><U14/><E0/><V51/><F39/><W42/><G42/><T91/><D76/><U111/><E111/><V116/><F116/><W133/><G133/><T2/><D2/><U45/><E34/><V36/><F36/><W56/><G92/><T38/><D101/><N who="3" m="39017" /><G95/><N who="0" m="56703" /><D23/><U61/><E35/><V71/><F71/><W32/><G13/><T109/><D70/><U16/><E96/><V87/><F97/><W58/><G58/><T94/><D94/><U104/><E104/><V55/><F43/><W126/><AGARI ba="0,0" hai="10,11,26,31,32,53,56,62,124,126,127" m="39017" machi="126" ten="40,12000,1" yaku="18,1,52,3" doraHai="135" who="3" fromWho="3" sc="304,-40,147,-40,335,-40,214,120" /><INIT seed="3,1,0,5,0,59" ten="264,107,295,334" oya="3" hai0="58,16,32,6,80,118,39,26,45,76,100,20,67" hai1="128,12,17,84,29,115,105,69,65,22,27,116,10" hai2="110,40,126,79,73,86,3,43,94,127,81,42,90" hai3="8,89,31,112,13,41,30,92,34,60,61,54,111"/><W132/><G112/><T1/><D118/><U19/><E105/><V68/><F3/><W24/><G132/><T93/><D32/><U124/><E115/><V28/><F28/><W109/><G41/><T5/><D100/><U95/><E116/><V77/><F110/><N who="3" m="41995" /><G54/><T33/><D33/><U57/><E69/><V0/><F0/><W53/><G53/><T117/><D117/><U71/><E71/><V47/><F77/><W91/><G31/><T2/><D93/><U62/><E124/><N who="2" m="47659" /><F68/><W103/><G103/><T14/><D2/><U9/><E128/><V36/><AGARI ba="1,0" hai="36,40,42,43,47,73,79,81,86,90,94" m="47659" machi="36" ten="30,1100,0" yaku="18,1" doraHai="59" who="2" fromWho="2" sc="264,-4,107,-4,295,14,334,-6" /><INIT seed="4,0,0,2,3,39" ten="260,103,309,328" oya="0" hai0="22,93,94,66,106,19,60,92,27,7,1,84,89" hai1="8,44,16,40,90,43,57,99,91,101,96,71,70" hai2="103,113,130,105,112,87,49,51,62,76,100,123,72" hai3="114,47,38,133,3,120,2,78,34,0,36,20,77"/><T37/><D106/><U12/><E57/><V75/><F62/><W132/><G34/><T54/><D54/><U45/><E101/><N who="2" m="38987" /><F105/><W122/><G20/><T67/><D37/><N who="3" m="14441" /><G47/><N who="1" m="17994" /><E70/><V88/><F123/><N who="3" m="47147" /><G114/><N who="2" m="44137" /><F130/><W82/><G82/><T118/><D118/><U5/><E71/><V35/><F35/><W83/><G83/><T135/><D135/><AGARI ba="0,0" hai="0,2,3,77,78,132,133,135" m="47147,14441" machi="135" ten="40,8000,1" yaku="28,2,20,1,13,1" doraHai="39" who="3" fromWho="0" sc="260,-80,103,0,309,0,328,80" /><INIT seed="5,0,0,5,2,24" ten="180,103,309,408" oya="1" hai0="8,102,36,110,65,94,37,48,55,108,87,46,10" hai1="84,6,13,69,58,96,28,44,133,9,60,14,128" hai2="126,134,41,120,38,106,99,74,18,71,135,70,59" hai3="121,129,52,78,43,21,12,54,33,31,85,2,53"/><U67/><E128/><V77/><F120/><W101/><G121/><T83/><D65/><U107/><E133/><N who="2" m="50699" /><F126/><W100/><G2/><T111/><D94/><U81/><E44/><N who="2" m="23607" /><F18/><W72/><G72/><T98/><D98/><U118/><E118/><V82/><F59/><W45/><G33/><T103/><D102/><AGARI ba="0,0" hai="70,71,74,77,82,99,102,106" m="23607,50699" machi="102" ten="30,2000,0" yaku="20,1,23,1" doraHai="24" who="2" fromWho="0" sc="180,-20,103,0,309,20,408,0" /><INIT seed="6,0,0,1,5,92" ten="160,103,329,408" oya="2" hai0="107,68,32,17,122,33,13,23,119,129,102,44,120" hai1="133,1,28,10,30,62,50,103,25,53,110,93,12" hai2="113,6,108,91,7,104,40,47,51,3,101,49,116" hai3="41,73,82,5,22,59,128,79,89,94,46,2,109"/><V39/><F116/><W80/><G109/><T21/><D68/><U131/><E110/><V123/><F123/><W20/><G80/><T56/><D119/><U66/><E131/><V118/><F118/><W64/><G128/><T106/><D129/><U18/><E133/><V76/><F108/><W67/><G59/><T14/><D56/><U35/><E1/><V117/><F117/><W85/><G64/><T111/><D111/><U81/><E30/><V97/><F113/><W112/><G67/><T115/><D44/><U127/><E127/><V134/><F134/><W75/><G75/><T121/><D121/><U58/><E81/><V37/><F76/><W88/><G89/><T70/><D17/><U90/><E103/><V130/><F130/><W55/><G55/><T69/><REACH who="0" step="1"/><D102/><REACH who="0" ten="150,103,329,408" step="2"/><U9/><E66/><V87/><F7/><W45/><G45/><T124/><D124/><U24/><E24/><V42/><F39/><W34/><G46/><T63/><D63/><U16/><E62/><V60/><F60/><W38/><G5/><T72/><D72/><U57/><E57/><V11/><REACH who="2" step="1"/><F42/><REACH who="2" ten="150,103,319,408" step="2"/><W54/><G41/><T8/><D8/><U100/><E10/><V135/><F135/><W29/><G38/><T74/><D74/><U36/><E36/><V19/><F19/><W105/><G73/><T86/><D86/><U77/><E18/><V31/><F31/><W26/><G29/><T98/><D98/><U71/><E28/><V0/><F0/><W84/><G84/><T96/><D96/><U132/><E132/><V15/><F15/><W126/><G2/><RYUUKYOKU ba="0,2" sc="150,15,103,-15,319,15,408,-15" hai0="13,14,21,23,32,33,69,70,106,107,115,120,122" hai2="3,6,11,37,40,47,49,51,87,91,97,101,104" /><INIT seed="6,1,2,5,1,131" ten="165,88,334,393" oya="2" hai0="14,24,43,21,51,65,124,90,57,81,36,60,52" hai1="42,26,126,67,103,41,96,0,10,28,56,31,53" hai2="102,85,9,38,37,98,70,132,58,35,18,78,120" hai3="110,95,108,122,68,3,75,135,87,104,11,74,117"/><V105/><F70/><W109/><G117/><T83/><D124/><U12/><E126/><V94/><F120/><W39/><G68/><N who="0" m="42023" /><D14/><U118/><E118/><V133/><F35/><W92/><G39/><T22/><D90/><U27/><E0/><V25/><F58/><W93/><G11/><T50/><D50/><U71/><E67/><V55/><F55/><W84/><G3/><T19/><D22/><U32/><E71/><V116/><F116/><W2/><G2/><T23/><D21/><U77/><E77/><V17/><F25/><W112/><G104/><T62/><D62/><U128/><E128/><V54/><F54/><W114/><G122/><T113/><D113/><N who="3" m="43625" /><G135/><N who="2" m="51785" /><F9/><W30/><G30/><T119/><D119/><U20/><E56/><V100/><F38/><W106/><G106/><T91/><D36/><U6/><REACH who="1" step="1"/><E53/><REACH who="1" ten="165,78,334,393" step="2"/><V33/><F78/><W125/><G125/><T123/><D52/><U64/><E64/><V79/><F79/><W73/><AGARI ba="1,3" hai="73,74,75,84,87,92,93,95,108,109,110" m="43625" machi="73" ten="50,16000,3" yaku="29,2,28,2,15,1,11,1,34,2" doraHai="131" who="3" fromWho="3" sc="165,-41,78,-41,334,-81,393,193" /><INIT seed="7,0,0,3,5,42" ten="124,37,253,586" oya="3" hai0="22,61,1,101,26,4,6,123,31,134,5,21,127" hai1="108,50,58,122,33,130,96,72,75,125,12,13,19" hai2="99,49,59,24,112,92,30,132,39,63,60,121,68" hai3="79,36,90,9,14,93,124,129,34,133,82,44,23"/><W56/><G23/><T102/><D123/><U97/><E122/><V40/><F121/><W15/><G15/><T83/><D1/><U66/><E108/><V70/><F39/><W18/><G90/><T87/><D134/><U43/><E33/><V32/><F112/><W52/><G93/><T74/><D74/><U55/><E130/><V3/><F3/><W48/><G18/><T86/><D127/><U104/><E125/><V115/><F115/><W29/><G14/><T120/><D120/><U17/><E66/><V65/><F63/><W73/><G82/><T46/><D61/><U77/><E104/><V111/><F111/><W54/><G54/><T106/><D106/><U69/><E69/><V114/><F132/><W107/><G107/><T51/><D22/><U8/><E43/><V98/><F98/><W126/><G79/><N who="0" m="46463" /><D87/><U131/><E131/><V91/><F114/><W128/><G73/><T80/><D80/><U85/><E72/><V45/><AGARI ba="0,0" hai="24,30,32,40,45,49,59,60,65,68,70,91,92,99" machi="45" ten="30,2000,0" yaku="0,1,52,1" doraHai="42" who="2" fromWho="2" sc="124,-5,37,-5,253,20,586,-10" owari="119,-28.1,32,-46.8,273,7.3,576,67.6" /></mjloggm>