<mjloggm ver="2.3"><GO type="169" lobby="0"/><UN n0="%E4%B9%85%E4%BF%9D%E3%82%B7%E3%82%AA%E3%83%AA" n1="%E3%81%BB%E3%81%86%EF%BC%81" n2="%E3%83%AB%E3%83%89%E3%82%A6%E3%82%A3%E3%83%83%E3%82%B0" n3="%E3%81%86%E3%81%A1%E3%83%BC" dan="16,16,16,16" rate="2032.57,2097.13,2142.69,2129.28" sx="M,M,M,M"/><TAIKYOKU oya="0"/><INIT seed="0,0,0,0,1,45" ten="250,250,250,250" oya="0" hai0="101,6,10,82,61,93,17,69,12,52,29,15,24" hai1="9,4,11,44,100,77,104,66,129,97,78,63,18" hai2="65,23,74,42,32,119,62,22,56,72,117,49,40" hai3="70,87,27,88,131,99,80,92,123,67,114,19,7"/><T57/><D69/><U58/><E129/><V122/><F32/><W116/><G114/><T38/><D38/><U60/><E18/><V37/><F37/><W124/><G116/><N who="2" m="44617" /><F122/><W102/><G131/><T59/><D82/><U126/><E126/><V13/><F40/><W106/><G7/><T0/><D17/><U31/><E31/><V98/><F98/><N who="3" m="61783" /><G19/><T132/><D132/><U128/><E128/><V48/><F42/><W130/><G27/><T21/><D101/><U105/><E105/><V47/><F47/><W46/><G46/><T84/><D93/><U16/><E44/><V64/><F64/><W107/><G67/><T5/><D5/><U108/><E60/><V109/><F109/><W75/><G70/><T115/><D115/><U43/><E43/><V133/><F133/><W113/><G130/><T121/><D121/><U39/><E39/><V103/><F103/><N who="3" m="62975" /><G113/><T71/><D71/><U14/><REACH who="1" step="1"/><E108/><REACH who="1" ten="250,240,250,250" step="2"/><V36/><F36/><W34/><G123/><T135/><D135/><U85/><E85/><V33/><F33/><W1/><G34/><T55/><REACH who="0" step="1"/><D84/><REACH who="0" ten="240,240,250,250" step="2"/><U90/><E90/><V96/><F96/><W112/><G112/><T3/><D3/><AGARI ba="0,2" hai="3,4,9,11,14,16,58,63,66,77,78,97,100,104" machi="3" ten="30,3900,0" yaku="1,1,7,1,54,1,53,0" doraHai="45" doraHaiUra="91" who="1" fromWho="0" sc="240,-39,240,59,250,0,250,0" /><INIT seed="1,0,0,0,0,112" ten="201,299,250,250" oya="1" hai0="21,19,126,127,18,114,47,115,101,45,65,99,33" hai1="102,7,38,40,68,2,119,51,72,3,20,12,30" hai2="108,77,118,61,86,122,111,128,57,92,10,103,8" hai3="94,81,28,49,106,130,71,82,63,83,87,116,73"/><U54/><E72/><V117/><F122/><W80/><G28/><T52/><D33/><U91/><E68/><V34/><F34/><W93/><G49/><N who="0" m="28719" /><D47/><U132/><E119/><V131/><F77/><N who="3" m="44079" /><G63/><T104/><D65/><U120/><E102/><V39/><F86/><W0/><G0/><T121/><D18/><U107/><E107/><V60/><F92/><N who="3" m="35435" /><G71/><T24/><D121/><U110/><E40/><V37/><F103/><W97/><G116/><T16/><D19/><U95/><E38/><V41/><F57/><W56/><G56/><T31/><D31/><U74/><E2/><V25/><F25/><W96/><G130/><T1/><D1/><U55/><E3/><V69/><F69/><W109/><G109/><T62/><D62/><U133/><E110/><V13/><F13/><W9/><G9/><T66/><D66/><U14/><E120/><V64/><REACH who="2" step="1"/><F41/><REACH who="2" ten="201,299,240,250" step="2"/><W125/><G125/><AGARI ba="0,1" hai="16,21,24,99,101,104,114,115,125,126,127" m="28719" machi="125" ten="30,3900,0" yaku="18,1,54,2" doraHai="112" who="0" fromWho="3" sc="201,49,299,0,240,0,250,-39" /><INIT seed="2,0,0,0,1,83" ten="250,299,240,211" oya="2" hai0="125,129,58,85,86,126,33,105,52,120,88,63,110" hai1="99,6,31,64,49,18,109,27,3,5,16,73,70" hai2="48,75,10,25,42,8,46,61,22,89,1,79,108" hai3="29,107,15,101,87,102,21,127,65,74,128,35,66"/><V60/><F108/><W54/><G74/><T134/><D110/><U112/><E112/><V39/><F89/><W95/><G35/><T114/><D134/><U4/><E73/><V133/><F133/><W123/><G123/><T20/><D129/><U55/><E109/><V92/><F92/><W24/><G128/><T11/><D33/><U28/><E28/><V119/><F119/><W45/><G127/><N who="0" m="48651" /><D105/><U106/><E64/><N who="3" m="24682" /><G107/><T9/><D114/><U131/><E70/><V19/><F10/><N who="0" m="3594" /><D120/><U57/><E3/><V30/><F48/><N who="3" m="28943" /><G15/><T32/><D32/><U2/><E2/><V23/><F23/><W135/><G135/><T115/><D115/><U51/><E51/><V80/><REACH who="2" step="1"/><F19/><REACH who="2" ten="250,299,230,211" step="2"/><W97/><G102/><T76/><D76/><U72/><E131/><V69/><F69/><W93/><G95/><T130/><D130/><U96/><E106/><V59/><F59/><W50/><G50/><T116/><D116/><U34/><E34/><V77/><F77/><W12/><G101/><T132/><D132/><U43/><E57/><V0/><F0/><W36/><G93/><T90/><D20/><U103/><E103/><V117/><F117/><W37/><G21/><T98/><D98/><U81/><E99/><V71/><F71/><W62/><G97/><T13/><D13/><U7/><E96/><V118/><F118/><W14/><G12/><T78/><D78/><U47/><E49/><V94/><F94/><W122/><G14/><T82/><D90/><U67/><E4/><AGARI ba="0,1" hai="1,4,8,22,25,30,39,42,46,60,61,75,79,80" machi="4" ten="40,7700,0" yaku="1,1,25,2,53,0" doraHai="83" doraHaiUra="124" who="2" fromWho="1" sc="250,0,299,-77,230,87,211,0" /><INIT seed="2,1,0,4,5,53" ten="250,222,317,211" oya="2" hai0="5,62,2,66,65,120,92,19,41,128,1,37,31" hai1="126,46,86,105,98,6,32,18,102,23,30,106,89" hai2="101,110,26,97,112,10,56,58,133,94,42,82,129" hai3="34,49,69,75,76,135,87,130,103,52,73,16,84"/><V68/><F112/><W91/><G69/><T45/><D120/><U107/><E126/><V83/><F68/><W63/><G34/><T21/><D128/><U40/><E6/><V22/><F129/><W71/><G130/><T117/><D66/><U77/><E77/><V104/><F133/><W3/><G135/><T9/><D31/><U33/><E30/><V61/><F42/><W70/><G3/><T119/><D92/><U54/><E54/><V24/><F104/><W121/><G121/><T47/><D47/><U28/><E28/><N who="2" m="17431" /><F110/><W100/><G63/><T123/><D1/><U93/><E32/><V74/><F74/><W11/><G75/><T4/><D4/><U118/><E118/><V109/><F109/><W14/><G84/><T36/><D36/><U85/><E85/><V48/><F26/><W116/><G116/><T95/><D95/><U111/><E33/><V90/><F10/><W59/><G76/><T99/><D99/><U115/><E115/><V81/><F61/><W25/><G25/><T132/><D132/><U131/><E131/><V15/><F15/><W79/><G70/><T39/><D39/><U27/><REACH who="1" step="1"/><E111/><REACH who="1" ten="250,212,317,211" step="2"/><V67/><F67/><W8/><G71/><N who="0" m="42423" /><D123/><U50/><AGARI ba="1,1" hai="18,23,27,40,46,50,86,89,93,98,102,105,106,107" machi="50" ten="20,5200,0" yaku="1,1,0,1,7,1,53,1" doraHai="53" doraHaiUra="38" who="1" fromWho="1" sc="250,-14,212,65,317,-27,211,-14" /><INIT seed="3,0,0,3,3,128" ten="236,277,290,197" oya="3" hai0="70,120,127,22,50,47,60,114,16,126,80,57,40" hai1="86,99,49,20,98,129,18,91,46,89,45,32,52" hai2="83,14,13,37,51,27,122,100,77,104,87,42,109" hai3="117,82,107,44,135,54,66,119,90,133,38,113,8"/><W56/><G113/><T130/><D130/><U69/><E32/><V123/><F37/><W111/><G107/><T124/><D70/><U85/><E69/><V55/><F42/><N who="3" m="22615" /><G8/><T72/><D114/><U6/><E6/><V33/><F109/><W97/><G111/><T17/><D120/><N who="2" m="46122" /><F100/><W34/><G34/><T64/><REACH who="0" step="1"/><D22/><REACH who="0" ten="226,277,290,197" step="2"/><U43/><E129/><V61/><F33/><W88/><G119/><T7/><D7/><U59/><E20/><V25/><F25/><W67/><G117/><T53/><D53/><U23/><E23/><V15/><F27/><W9/><G9/><T112/><D112/><U125/><E125/><V121/><F121/><W26/><G26/><T75/><D75/><U108/><E108/><V62/><F104/><W92/><G54/><T106/><D106/><U58/><E18/><V110/><F110/><W115/><G115/><T21/><D21/><U19/><E19/><V28/><F28/><W2/><G2/><T105/><D105/><U116/><E116/><V78/><F78/><AGARI ba="0,1" hai="16,17,40,47,50,57,60,64,72,78,80,124,126,127" machi="78" ten="40,8000,1" yaku="1,1,18,1,54,1,53,1" doraHai="128" doraHaiUra="39" who="0" fromWho="2" sc="226,90,277,0,290,-80,197,0" /><INIT seed="4,0,0,3,3,73" ten="316,277,210,197" oya="0" hai0="54,53,101,7,1,102,39,36,82,0,59,105,35" hai1="10,11,116,100,96,51,117,37,27,92,115,77,91" hai2="3,109,55,56,64,4,107,44,76,13,99,47,48" hai3="6,25,21,90,18,121,20,98,128,14,33,113,8"/><T85/><D35/><U17/><E37/><V87/><F109/><W65/><G113/><T114/><D114/><U118/><E115/><V131/><F3/><W70/><G121/><T126/><D126/><U132/><E132/><V72/><F72/><W124/><G124/><T81/><D85/><U58/><E77/><V127/><F131/><W97/><G128/><T110/><D59/><U29/><E17/><V2/><F2/><W16/><G70/><T40/><D40/><U22/><E91/><V133/><F133/><W84/><G65/><T66/><D105/><U79/><E79/><V9/><F64/><W129/><G33/><T95/><D95/><U61/><REACH who="1" step="1"/><E51/><REACH who="1" ten="316,267,210,197" step="2"/><V104/><F127/><W93/><REACH who="3" step="1"/><G129/><REACH who="3" ten="316,267,210,187" step="2"/><T63/><D110/><U62/><E62/><V123/><F123/><W31/><G31/><T42/><D36/><U69/><E69/><V111/><F111/><W12/><AGARI ba="0,2" hai="6,8,12,14,16,18,20,21,25,84,90,93,97,98" machi="12" ten="20,8000,1" yaku="1,1,0,1,7,1,8,1,54,1,53,0" doraHai="73" doraHaiUra="52" who="3" fromWho="3" sc="316,-40,267,-20,210,-20,187,100" /><INIT seed="5,0,0,4,0,6" ten="276,247,190,287" oya="1" hai0="32,59,1,112,73,53,82,120,0,132,31,131,25" hai1="104,38,29,27,121,125,86,135,118,37,83,65,45" hai2="101,109,123,43,33,11,51,35,94,9,62,54,28" hai3="124,44,60,96,74,55,127,47,92,24,52,91,23"/><U89/><E121/><V75/><F109/><W93/><G74/><T46/><D112/><U63/><E118/><V76/><F123/><W50/><G92/><T102/><D132/><U69/><E135/><V15/><F75/><W10/><G10/><T107/><D131/><U30/><E30/><V66/><F76/><W58/><REACH who="3" step="1"/><G47/><REACH who="3" ten="276,247,190,277" step="2"/><T87/><D73/><U90/><E104/><V128/><F94/><W12/><G12/><T48/><D46/><U78/><E125/><V61/><F15/><W110/><G110/><T7/><D120/><U71/><E71/><V22/><F11/><W122/><G122/><T19/><D0/><U99/><E99/><V72/><F9/><W70/><G70/><T64/><D1/><U40/><REACH who="1" step="1"/><E37/><REACH who="1" ten="276,237,190,277" step="2"/><V98/><F98/><W105/><G105/><T49/><D107/><U88/><E88/><V8/><F101/><W85/><G85/><T34/><D102/><U81/><E81/><V130/><F72/><W115/><G115/><T77/><D87/><U16/><E16/><AGARI ba="0,2" hai="16,23,24,44,50,52,55,58,60,91,93,96,124,127" machi="16" ten="40,8000,1" yaku="1,1,25,2,54,2,53,0" doraHai="6" doraHaiUra="68" who="3" fromWho="1" sc="276,0,237,-80,190,0,277,100" /><INIT seed="6,0,0,0,1,26" ten="276,157,190,377" oya="2" hai0="30,46,79,76,11,1,43,81,24,122,42,27,25" hai1="91,14,95,90,64,124,125,112,29,22,92,97,44" hai2="37,130,135,40,38,115,8,21,4,133,119,57,59" hai3="9,47,28,78,39,83,15,107,53,121,118,66,12"/><V48/><F119/><W110/><G107/><T116/><D122/><U103/><E64/><V63/><F115/><W87/><G110/><T23/><D116/><U41/><E112/><V68/><F130/><W71/><G121/><T105/><D105/><U36/><E103/><V6/><F21/><W49/><G28/><T13/><D1/><U77/><E77/><N who="0" m="29769" /><D81/><U7/><E7/><V100/><F100/><W120/><G120/><T67/><D67/><U96/><REACH who="1" step="1"/><E14/><REACH who="1" ten="276,147,190,377" step="2"/><N who="2" m="5383" /><F6/><W117/><G15/><T31/><D13/><U93/><E93/><V128/><F68/><W58/><G71/><T94/><D94/><U54/><E54/><N who="2" m="31943" /><F128/><W17/><G66/><T114/><D114/><U127/><E127/><V61/><F40/><W52/><G39/><T72/><D42/><U55/><E55/><N who="2" m="34047" /><F63/><AGARI ba="0,1" hai="9,12,17,47,49,52,53,58,63,78,83,87,117,118" machi="63" ten="30,2000,0" yaku="7,1,54,1" doraHai="26" who="3" fromWho="2" sc="276,0,147,0,190,-20,377,30" /><INIT seed="7,0,0,4,4,58" ten="276,147,170,407" oya="3" hai0="15,66,73,10,100,113,65,90,108,85,135,127,40" hai1="32,107,9,86,130,43,83,120,115,98,16,56,117" hai2="95,13,134,84,52,99,59,63,41,123,111,31,14" hai3="116,70,33,0,80,51,89,69,78,68,28,121,18"/><W118/><G0/><T102/><D73/><U37/><E120/><V38/><F111/><W82/><G89/><T92/><D65/><U110/><E110/><V133/><F31/><W21/><G18/><T131/><D113/><U55/><E32/><V29/><F29/><W94/><G94/><T109/><D127/><U12/><E115/><V8/><F123/><W34/><G21/><T125/><D15/><U57/><E117/><V77/><F41/><W126/><G51/><T11/><D66/><U97/><E130/><V71/><F38/><W75/><G78/><T50/><D50/><U72/><E72/><V20/><F20/><W112/><G70/><T2/><D10/><U22/><E107/><V39/><F39/><W17/><G69/><T96/><D11/><U132/><E57/><V19/><F71/><W124/><G68/><T101/><D102/><U53/><E132/><N who="2" m="50795" /><F14/><W128/><G34/><T81/><D101/><U5/><E53/><V48/><F84/><W62/><G75/><T4/><D100/><U30/><E30/><V105/><F77/><W6/><G33/><T61/><D85/><U64/><E64/><V87/><F87/><W103/><G103/><T74/><D74/><U7/><E43/><V27/><F105/><W104/><G104/><T45/><D40/><U26/><E37/><V25/><F48/><W24/><G28/><T35/><D135/><U119/><E119/><V54/><F54/><W88/><G118/><T129/><D109/><U93/><E93/><V76/><F76/><W46/><G116/><T60/><D108/><U47/><E12/><RYUUKYOKU ba="0,0" sc="276,-10,147,-10,170,30,407,-10" hai2="8,13,19,25,27,52,59,63,95,99" owari="266,6.6,137,-36.3,200,-20.0,397,49.7" /></mjloggm>