<mjloggm ver="2.3"><GO type="169" lobby="0"/><UN n0="%E3%83%AC%E3%82%A4%E3%81%A1%E3%82%83%E3%82%93" n1="%E3%81%9F%E3%81%91%E3%81%B4%E3%83%BC%40%55%4E%50" n2="%E3%81%B6%E3%83%BC%E3%81%95%E3%82%93%E3%81%AE%E4%BC%91%E6%81%AF%E2%99%AA" n3="%50%73%79%63%68%65" dan="16,16,16,16" rate="2134.51,2105.17,2130.15,2156.45" sx="M,M,M,M"/><TAIKYOKU oya="0"/><INIT seed="0,0,0,3,2,31" ten="250,250,250,250" oya="0" hai0="24,100,33,78,70,73,61,79,82,50,55,5,94" hai1="17,57,49,20,36,1,62,72,56,39,99,120,21" hai2="58,6,37,135,103,125,10,113,22,30,48,92,25" hai3="102,89,28,129,71,40,127,91,74,86,131,80,8"/><T108/><D108/><U105/><E120/><V83/><F37/><W47/><G71/><T116/><D116/><U16/><E1/><V126/><F135/><W122/><G122/><T35/><D5/><U123/><E72/><V59/><F83/><W90/><G74/><T69/><D79/><U4/><E4/><V75/><F75/><W112/><G112/><T95/><D24/><U106/><E49/><V128/><F128/><N who="3" m="49227" /><G102/><T124/><D124/><U87/><E87/><V60/><F48/><N who="3" m="26727" /><G127/><T45/><D69/><U19/><E123/><V0/><F58/><N who="1" m="22633" /><E99/><V29/><F29/><W130/><N who="3" m="49235" /><W66/><DORA hai="134" /><G66/><T44/><D44/><U27/><E27/><V93/><F93/><W64/><G64/><T115/><D94/><U132/><E62/><V101/><F113/><W109/><G109/><T32/><D115/><U2/><E2/><V85/><F103/><W18/><G28/><T51/><D51/><U96/><E96/><N who="2" m="59527" /><F85/><W3/><G3/><T107/><D107/><N who="1" m="40971" /><E132/><V110/><F110/><W114/><G114/><T81/><D100/><U15/><E15/><AGARI ba="0,0" hai="8,15,18,80,86,89,90,91" m="26727,49235" machi="15" ten="40,1300,0" yaku="19,1" doraHai="31,134" who="3" fromWho="1" sc="250,0,250,-13,250,0,250,13" /><INIT seed="1,0,0,1,2,42" ten="250,237,250,263" oya="1" hai0="10,103,73,94,6,74,65,99,123,119,134,121,86" hai1="31,68,34,9,135,30,27,43,133,37,57,4,131" hai2="112,36,23,87,53,52,7,50,104,22,98,107,77" hai3="79,66,97,116,126,46,109,101,102,47,127,117,60"/><U100/><E68/><V29/><F36/><W106/><G79/><T124/><D119/><N who="3" m="45641" /><G102/><T84/><D65/><U89/><E100/><V122/><F122/><N who="0" m="46602" /><D10/><U13/><E57/><V85/><F7/><W55/><G55/><T72/><D6/><U3/><E89/><V18/><F29/><W90/><G90/><T49/><D49/><U88/><E88/><V125/><F77/><W44/><G109/><T16/><D16/><U21/><E131/><V115/><F18/><W19/><G19/><T33/><D33/><U12/><E43/><V20/><F20/><W63/><G63/><T17/><D17/><N who="1" m="10407" /><E37/><V93/><F93/><W83/><G83/><T110/><D110/><U14/><E31/><V130/><F130/><W11/><G11/><T114/><D114/><U59/><E59/><AGARI ba="0,0" hai="44,46,47,59,60,66,97,101,106,126,127" m="45641" machi="59" ten="30,7700,0" yaku="12,1,52,3" doraHai="42" who="3" fromWho="1" sc="250,0,237,-77,250,0,263,77" /><INIT seed="2,0,0,3,0,59" ten="250,160,250,340" oya="2" hai0="120,119,40,44,103,108,98,117,88,33,3,73,127" hai1="37,106,79,69,53,4,122,82,92,7,51,62,34" hai2="102,105,94,15,19,48,64,78,14,107,26,45,6" hai3="114,86,134,0,16,22,21,24,66,90,91,12,23"/><V100/><F26/><W18/><G134/><T28/><D120/><U63/><E106/><V2/><F2/><W8/><G114/><T17/><D73/><U46/><E34/><V10/><F78/><W41/><G41/><T128/><D3/><U85/><E122/><V65/><F107/><W74/><G74/><T113/><D113/><U38/><E69/><V87/><F105/><W43/><G43/><T133/><D133/><U57/><E92/><V95/><F95/><W121/><G121/><T70/><D103/><U25/><E25/><V130/><F130/><W68/><G0/><T99/><D28/><U75/><E75/><V29/><F29/><W115/><G115/><T49/><D33/><U39/><REACH who="1" step="1"/><E46/><REACH who="1" ten="250,150,250,340" step="2"/><V61/><F94/><W56/><G68/><T76/><D44/><U96/><E96/><V35/><F35/><W110/><G24/><T118/><D99/><U124/><E124/><V71/><F87/><W83/><G86/><T50/><D98/><U77/><E77/><V104/><F104/><W31/><G31/><T132/><D76/><U1/><E1/><V129/><F129/><W27/><G27/><T81/><D128/><U36/><N who="1" m="9216" /><DORA hai="32" /><U116/><E116/><V11/><REACH who="2" step="1"/><F65/><REACH who="2" ten="250,150,240,340" step="2"/><W97/><G66/><T67/><D119/><U60/><AGARI ba="0,2" hai="4,7,51,53,57,60,62,63,79,82,85" m="9216" machi="60" ten="60,8000,1" yaku="1,1,0,1,52,3,53,0" doraHai="59,32" doraHaiUra="84,123" who="1" fromWho="1" sc="250,-20,150,100,240,-40,340,-20" /><INIT seed="3,0,0,3,3,39" ten="230,250,200,320" oya="3" hai0="104,75,38,68,72,53,69,87,21,61,113,9,89" hai1="97,135,36,32,94,1,43,11,65,62,26,76,17" hai2="99,30,118,10,18,27,109,82,121,50,77,110,46" hai3="49,125,95,25,67,96,86,16,24,35,103,83,63"/><W48/><G125/><T2/><D104/><U107/><E135/><V42/><F118/><W29/><G25/><T127/><D38/><U52/><E76/><V131/><F131/><W100/><G100/><T79/><D127/><U5/><E107/><V22/><F121/><W31/><G31/><T120/><D79/><U111/><E111/><V119/><F119/><W55/><G55/><T45/><D69/><U47/><E52/><V51/><F99/><W41/><G41/><T44/><D44/><U28/><E17/><V60/><F60/><W124/><G124/><T106/><D106/><U19/><E19/><V101/><F101/><W126/><G126/><T130/><D130/><U15/><E1/><V56/><F56/><W74/><G74/><T71/><D75/><U57/><E94/><V123/><F51/><W129/><G129/><T33/><D72/><U88/><REACH who="1" step="1"/><E97/><REACH who="1" ten="230,240,200,320" step="2"/><V40/><F123/><W73/><G16/><T132/><D132/><U90/><AGARI ba="0,1" hai="5,11,15,26,28,32,36,43,47,57,62,65,88,90" machi="90" ten="30,8000,1" yaku="1,1,2,1,0,1,52,1,54,1,53,0" doraHai="39" doraHaiUra="128" who="1" fromWho="1" sc="230,-20,240,90,200,-20,320,-40" /><INIT seed="4,0,0,5,0,76" ten="210,330,180,280" oya="0" hai0="96,67,12,68,8,42,85,120,28,124,20,101,125" hai1="86,117,35,7,36,107,44,16,112,73,33,30,15" hai2="130,62,31,57,21,91,61,134,135,1,19,95,106" hai3="83,71,55,63,111,10,9,48,122,103,23,14,127"/><T75/><D120/><U121/><E73/><V40/><F106/><W105/><G111/><T53/><D75/><U50/><E117/><V132/><F1/><W3/><G122/><T27/><D42/><U94/><E107/><V54/><F130/><W17/><G127/><T58/><D68/><U4/><E36/><V97/><F31/><W88/><G103/><T82/><D67/><U113/><E94/><V69/><F40/><W37/><G105/><T119/><D96/><U81/><E7/><V109/><F109/><W129/><G37/><T39/><D101/><U18/><E4/><V13/><REACH who="2" step="1"/><F69/><REACH who="2" ten="210,330,170,280" step="2"/><W47/><G3/><T70/><D70/><U79/><E30/><V104/><F104/><W34/><G129/><T2/><D2/><U6/><E121/><V60/><AGARI ba="0,1" hai="13,19,21,54,57,60,61,62,91,95,97,132,134,135" machi="60" ten="40,5200,0" yaku="1,1,0,1,20,1,53,0" doraHai="76" doraHaiUra="99" who="2" fromWho="2" sc="210,-26,330,-13,170,62,280,-13" /><INIT seed="5,0,0,2,5,130" ten="184,317,232,267" oya="1" hai0="30,86,42,112,121,61,110,100,97,48,123,51,26" hai1="114,49,127,33,55,47,103,135,120,44,79,17,95" hai2="90,129,27,1,59,132,105,13,25,96,0,36,32" hai3="31,38,5,98,80,69,65,41,119,9,24,93,84"/><U107/><E120/><V74/><F36/><W21/><G119/><T19/><D110/><U115/><E107/><V116/><F74/><W89/><G69/><T122/><D112/><N who="1" m="43051" /><E33/><V50/><F129/><W34/><G65/><T52/><D19/><U71/><E71/><V4/><F13/><W118/><G118/><T14/><D14/><U40/><E79/><V62/><F50/><W67/><G67/><T58/><D86/><U91/><E103/><V60/><F60/><W111/><G111/><T113/><D42/><U104/><E104/><V83/><F105/><W63/><G63/><T106/><REACH who="0" step="1"/><D113/><REACH who="0" ten="174,317,232,267" step="2"/><U126/><E17/><V81/><F116/><W92/><G41/><T45/><D45/><U117/><E117/><V37/><F27/><W85/><G85/><T56/><D56/><U53/><E47/><V28/><F59/><W82/><G84/><T39/><D39/><U11/><E40/><V10/><F37/><W88/><G38/><T78/><D78/><U76/><E76/><V2/><F25/><W29/><G24/><T23/><AGARI ba="0,1" hai="23,26,30,48,51,52,58,61,97,100,106,121,122,123" machi="23" ten="30,7900,0" yaku="1,1,0,1,13,1,54,1,53,0" doraHai="130" doraHaiUra="43" who="0" fromWho="0" sc="174,89,317,-39,232,-20,267,-20" /><INIT seed="6,0,0,3,4,22" ten="263,278,212,247" oya="2" hai0="11,79,63,44,64,58,94,119,130,107,14,52,67" hai1="38,54,103,35,31,80,16,81,3,104,42,91,85" hai2="50,124,12,129,61,102,49,46,131,125,133,100,5" hai3="84,99,134,82,37,95,55,111,74,96,122,39,33"/><V65/><F100/><W17/><G111/><T9/><D107/><U10/><E42/><V4/><F12/><W62/><G122/><T89/><D79/><U105/><E38/><V41/><F102/><W21/><G33/><T123/><D130/><N who="2" m="49674" /><F4/><W83/><G74/><T70/><D123/><U75/><E103/><V18/><F18/><W27/><G134/><T126/><D126/><N who="2" m="48746" /><F5/><W88/><G39/><T110/><D110/><U23/><E35/><V101/><F101/><W106/><G37/><T26/><D9/><U109/><E109/><V51/><F133/><W114/><G106/><T6/><D26/><U28/><E104/><V36/><F36/><W117/><G117/><T93/><D93/><U86/><E105/><V57/><AGARI ba="0,0" hai="41,46,49,50,51,57,61,65" m="48746,49674" machi="57" ten="30,11700,0" yaku="19,1,18,1,34,2" doraHai="22" who="2" fromWho="2" sc="263,-39,278,-39,212,117,247,-39" /><INIT seed="6,1,0,4,1,85" ten="224,239,329,208" oya="2" hai0="116,45,104,7,129,23,105,40,33,37,100,31,46" hai1="54,102,131,64,86,97,62,43,79,70,38,87,69" hai2="88,135,15,63,8,113,18,17,4,53,41,10,30" hai3="106,44,71,65,98,121,39,32,56,119,101,9,11"/><V52/><F113/><W19/><G119/><T133/><D33/><U47/><E131/><V111/><F135/><W72/><G121/><T110/><D110/><U34/><E69/><V13/><F111/><W68/><G72/><T42/><D129/><U49/><E79/><V80/><F41/><W25/><G56/><T114/><D114/><U83/><E83/><V6/><F30/><W35/><G35/><T128/><D133/><U89/><E89/><V78/><F78/><W22/><G32/><T122/><D122/><U81/><E81/><V5/><F63/><W92/><G106/><T108/><D116/><U3/><E3/><V124/><F124/><W74/><G74/><T126/><D126/><U75/><E75/><V134/><F134/><W73/><G73/><T48/><D7/><U127/><E34/><V130/><F130/><W27/><G27/><T58/><D108/><U112/><E112/><V67/><F67/><W24/><G24/><N who="0" m="16799" /><D100/><U36/><E127/><V60/><F60/><W0/><G0/><T82/><D82/><U95/><REACH who="1" step="1"/><E36/><REACH who="1" ten="224,229,329,208" step="2"/><V118/><F118/><W66/><G71/><T90/><D128/><U91/><E91/><V51/><F51/><W115/><G115/><T120/><D120/><U26/><E26/><V96/><F80/><W109/><G109/><T84/><D90/><U21/><E21/><V1/><F1/><W28/><G68/><T61/><D84/><U14/><E14/><V103/><F88/><W2/><G2/><T55/><D37/><U29/><E29/><V99/><F103/><W20/><G39/><T12/><D12/><RYUUKYOKU ba="1,1" sc="224,10,229,10,329,10,208,-30" hai0="40,42,45,46,48,55,58,61,104,105" hai1="38,43,47,49,54,62,64,70,86,87,95,97,102" hai2="4,5,6,8,10,13,15,17,18,52,53,96,99" /><INIT seed="6,2,1,1,2,121" ten="234,239,339,178" oya="2" hai0="13,50,99,79,103,114,24,21,59,132,86,0,46" hai1="131,130,25,55,92,108,37,35,72,133,135,33,134" hai2="110,70,112,34,16,107,90,4,88,81,101,127,96" hai3="17,126,5,3,76,30,41,28,12,51,80,102,113"/><V36/><F36/><W115/><G102/><T14/><D0/><U19/><E37/><V2/><F70/><W123/><G123/><T75/><D75/><U7/><E72/><V40/><F40/><W1/><G41/><T43/><D132/><U61/><E7/><V95/><F34/><N who="1" m="12809" /><E92/><V74/><F112/><N who="3" m="43083" /><G51/><T97/><D114/><U6/><E108/><V65/><F65/><W85/><G126/><T116/><D116/><U63/><E6/><V69/><F69/><W78/><G78/><T105/><D97/><U18/><E25/><V22/><F110/><W31/><G5/><T53/><D86/><U111/><E111/><V77/><F127/><W60/><G60/><N who="1" m="23114" /><E55/><V26/><REACH who="2" step="1"/><F95/><REACH who="2" ten="234,239,329,178" step="2"/><W45/><G45/><T84/><D43/><U52/><E52/><V27/><F27/><W54/><G54/><T104/><D46/><U20/><E134/><V120/><F120/><W38/><G38/><T8/><D53/><U10/><E135/><V48/><F48/><W106/><G106/><T64/><D105/><U100/><E133/><V66/><F66/><W83/><G83/><N who="0" m="47231" /><D64/><U94/><E94/><V124/><F124/><W67/><G67/><T93/><D104/><U15/><E130/><V71/><F71/><W56/><G56/><T118/><D59/><U125/><E131/><V62/><F62/><W128/><G128/><T98/><D50/><U73/><E125/><V39/><F39/><W42/><G42/><T47/><D47/><U91/><E100/><V129/><F129/><W44/><G44/><T9/><D103/><U32/><E32/><V23/><F23/><AGARI ba="2,2" hai="1,3,12,17,23,28,30,31,76,80,85" m="43083" machi="23" ten="30,3900,0" yaku="6,1,15,1,11,1" doraHai="121" who="3" fromWho="2" sc="234,0,239,0,329,-45,178,65" /><INIT seed="7,0,0,3,0,33" ten="234,239,284,243" oya="3" hai0="126,76,36,90,24,86,27,7,31,32,16,101,30" hai1="43,92,91,102,0,19,129,25,42,44,72,94,97" hai2="114,82,120,108,118,58,64,17,88,105,61,63,79" hai3="57,18,117,81,60,112,133,131,109,37,100,87,103"/><W52/><G117/><T96/><D36/><U84/><E72/><V35/><F108/><W46/><G109/><T55/><D126/><U119/><E129/><V132/><F105/><W10/><G131/><T67/><D7/><U70/><E70/><V40/><F118/><W98/><G112/><T74/><D67/><U38/><E119/><V49/><F35/><W1/><G133/><T41/><D41/><U8/><E43/><V15/><F114/><W53/><G37/><T12/><D55/><U80/><E25/><V39/><F39/><W116/><G116/><T65/><D65/><U93/><REACH who="1" step="1"/><E19/><REACH who="1" ten="234,229,284,243" step="2"/><V73/><F40/><W28/><G28/><T78/><D74/><U4/><AGARI ba="0,1" hai="0,4,8,38,42,44,80,84,91,92,93,94,97,102" machi="4" ten="30,7900,0" yaku="1,1,2,1,0,1,52,1,53,0" doraHai="33" doraHaiUra="56" who="1" fromWho="1" sc="234,-20,229,89,284,-20,243,-39" owari="214,-18.6,318,41.8,264,6.4,204,-29.6" /></mjloggm>