<mjloggm ver="2.3"><GO type="169" lobby="0"/><UN n0="%6E%6F%73%75%6B%65" n1="%E5%8F%97%E3%81%91%E5%85%A5%E3%82%8C%E9%87%8D%E8%A6%96" n2="%4E%65%6D%6F" n3="%43%E3%82%A8%E3%83%BC%E3%82%B8%E3%82%A7%E3%83%B3%E3%83%88" dan="17,17,16,17" rate="2164.12,2172.10,2176.02,2215.06" sx="M,M,M,M"/><TAIKYOKU oya="0"/><INIT seed="0,0,0,1,0,129" ten="250,250,250,250" oya="0" hai0="28,41,33,39,1,66,15,135,20,72,23,108,13" hai1="95,115,70,77,97,62,43,133,101,98,104,63,17" hai2="131,57,45,27,34,65,36,2,117,6,22,89,92" hai3="130,105,125,29,113,132,58,60,103,64,8,9,109"/><T61/><D72/><U116/><E116/><V12/><F131/><W112/><G130/><T93/><D1/><U121/><E121/><V74/><F74/><W26/><G109/><T128/><D128/><U44/><E115/><V25/><F117/><W134/><G125/><T11/><D108/><U55/><E77/><V18/><F65/><W100/><G112/><T10/><D33/><U96/><E133/><N who="3" m="51306" /><G113/><T14/><D135/><U91/><E70/><V42/><F57/><W31/><G31/><T5/><D93/><U83/><E83/><V118/><F118/><W86/><G86/><T119/><D119/><U76/><E76/><V37/><F37/><W51/><G51/><T67/><D28/><U21/><E55/><V122/><F122/><W30/><G30/><T68/><D67/><U69/><E97/><V88/><F34/><N who="3" m="20791" /><G105/><T75/><D75/><U110/><E110/><V59/><F59/><W87/><G87/><T120/><D120/><U35/><E69/><V16/><F36/><W107/><G107/><T85/><D85/><U94/><E104/><V79/><F79/><W102/><AGARI ba="0,0" hai="8,9,58,60,64,100,102,103" m="20791,51306" machi="102" ten="30,7900,0" yaku="20,1,52,3" doraHai="129" who="3" fromWho="3" sc="250,-39,250,-20,250,-20,250,79" /><INIT seed="1,0,0,0,1,47" ten="211,230,230,329" oya="1" hai0="120,20,124,30,32,10,77,112,35,114,111,21,62" hai1="61,116,90,94,42,66,119,71,122,93,17,86,41" hai2="98,87,106,64,80,68,131,109,79,26,72,123,97" hai3="88,1,59,82,95,50,105,9,63,34,33,110,27"/><U60/><E122/><V24/><F123/><W104/><G82/><T8/><D120/><U91/><E17/><V52/><F109/><W2/><G110/><T0/><D77/><U22/><E22/><N who="0" m="8809" /><D62/><U135/><E135/><V49/><F131/><W134/><G134/><T13/><D111/><U128/><E128/><V14/><F68/><W70/><G70/><T53/><D53/><U81/><E81/><V44/><F64/><W115/><G115/><N who="0" m="44075" /><D30/><U69/><E86/><V132/><F132/><W78/><G78/><T103/><D103/><U76/><E76/><V84/><F106/><W74/><G63/><T55/><D55/><U43/><E41/><V121/><F121/><W56/><G9/><N who="0" m="3691" /><D13/><U51/><REACH who="1" step="1"/><E66/><REACH who="1" ten="211,220,230,329" step="2"/><V101/><F87/><W39/><G74/><T92/><D92/><U57/><E57/><V129/><F129/><W108/><G95/><T5/><D5/><U23/><E23/><V102/><F72/><W130/><G130/><T31/><D31/><U38/><E38/><V75/><F75/><W118/><G39/><T11/><D11/><U40/><E40/><V12/><F12/><W73/><G73/><T48/><D0/><U107/><E107/><V125/><F14/><W89/><G108/><T46/><D35/><U29/><E29/><V6/><F79/><W85/><G85/><T37/><D32/><U18/><E18/><V28/><F84/><W7/><G7/><T3/><D37/><U127/><E127/><V96/><F125/><W58/><G58/><T4/><D124/><U19/><E19/><V126/><F126/><W36/><G36/><RYUUKYOKU ba="0,1" sc="211,-10,220,30,230,-10,329,-10" hai1="42,43,51,60,61,69,71,90,91,93,94,116,119" /><INIT seed="1,1,1,2,0,24" ten="201,250,220,319" oya="1" hai0="71,110,74,75,99,127,59,87,16,114,29,112,27" hai1="109,0,86,42,47,17,77,113,25,66,63,91,18" hai2="28,135,102,117,95,81,108,126,33,100,131,61,97" hai3="4,39,40,60,128,105,116,56,94,12,8,45,48"/><U5/><E113/><V93/><F117/><W41/><G105/><T129/><D71/><U1/><E77/><V22/><F108/><W53/><G128/><T115/><D110/><U130/><E109/><V132/><F131/><W14/><G116/><T11/><D129/><U68/><E130/><V72/><F33/><W106/><G106/><T20/><D127/><U82/><E5/><V26/><F126/><W21/><G94/><T121/><D121/><U37/><E17/><V120/><F120/><W57/><G57/><T9/><D99/><U38/><E37/><V125/><F125/><W52/><G39/><T111/><D111/><U88/><E91/><V85/><F72/><W133/><G133/><N who="2" m="51273" /><F61/><W119/><G119/><T62/><D87/><U55/><E55/><V2/><F2/><W98/><G98/><T19/><D19/><AGARI ba="1,1" hai="4,8,12,14,19,21,40,41,45,48,52,53,56,60" machi="19" ten="40,2600,0" yaku="8,1,54,1" doraHai="24" who="3" fromWho="0" sc="201,-29,250,0,220,0,319,39" /><INIT seed="2,0,0,4,4,96" ten="172,250,220,358" oya="2" hai0="124,80,19,69,62,108,97,126,24,39,53,110,133" hai1="131,26,79,22,40,87,49,9,13,94,2,21,129" hai2="37,44,75,20,82,84,7,43,107,119,47,116,16" hai3="113,78,77,135,71,88,114,6,12,130,45,122,3"/><V91/><F107/><W15/><G71/><T48/><D80/><U52/><E40/><V105/><F105/><W111/><G111/><N who="0" m="42539" /><D97/><U95/><E2/><V68/><F68/><W11/><G135/><T100/><D100/><U46/><E79/><V67/><F67/><W34/><G34/><T36/><D19/><U70/><E70/><V85/><F75/><W64/><G130/><N who="1" m="49674" /><E87/><V90/><F47/><W98/><G122/><T121/><D24/><U56/><E46/><V74/><F7/><W61/><G15/><T33/><D33/><U128/><N who="1" m="49682" /><U17/><DORA hai="127" /><E21/><V93/><REACH who="2" step="1"/><F74/><REACH who="2" ten="172,250,210,358" step="2"/><W99/><G64/><N who="0" m="41111" /><D121/><U125/><E125/><N who="0" m="48233" /><D133/><U83/><E83/><V18/><F18/><AGARI ba="0,1" hai="9,13,17,18,22,26,49,52,56,94,95" m="49682" machi="18" ten="40,12000,2" yaku="19,1,52,4,54,1" doraHai="96,127" who="1" fromWho="2" sc="172,0,250,130,210,-120,358,0" /><INIT seed="3,0,0,3,3,22" ten="172,380,90,358" oya="3" hai0="11,61,47,95,100,94,32,25,28,119,12,3,29" hai1="108,60,109,37,79,57,105,128,103,118,53,92,74" hai2="70,31,124,8,110,10,21,69,106,64,4,30,20" hai3="54,49,89,111,84,126,121,42,76,87,19,52,93"/><W97/><G121/><T62/><D119/><U18/><E105/><V63/><F106/><W17/><G126/><T113/><D113/><U65/><E118/><V7/><F110/><W104/><G111/><N who="1" m="42570" /><E37/><V91/><F124/><W24/><G104/><T58/><D3/><U90/><E103/><V117/><F117/><W48/><G42/><T131/><D131/><U127/><E127/><V40/><F40/><W130/><G130/><T27/><D47/><U56/><E128/><V114/><F114/><W75/><G75/><T23/><D100/><U9/><E79/><V43/><F43/><W78/><G87/><T85/><D85/><N who="1" m="52303" /><E74/><V38/><F38/><W115/><G97/><T68/><D68/><N who="1" m="42023" /><E53/><V77/><F77/><W16/><G115/><T123/><D123/><U73/><E73/><V72/><F72/><W1/><G1/><T120/><D120/><U99/><E99/><V129/><F129/><W39/><G39/><T71/><D71/><U83/><E83/><V55/><F55/><W86/><G86/><T133/><D133/><U80/><E80/><V44/><F91/><W59/><REACH who="3" step="1"/><G24/><REACH who="3" ten="172,380,90,348" step="2"/><T14/><D14/><AGARI ba="0,1" hai="9,14,18,56,57" m="42023,52303,42570" machi="14" ten="30,1000,0" yaku="14,1" doraHai="22" who="1" fromWho="0" sc="172,-10,380,20,90,0,348,0" /><INIT seed="4,0,0,2,5,97" ten="162,400,90,348" oya="0" hai0="81,87,76,108,113,57,5,79,39,46,36,83,59" hai1="7,133,126,41,40,3,102,61,96,73,31,9,128" hai2="125,135,60,55,18,51,11,107,2,43,103,48,70" hai3="63,78,119,85,71,89,67,62,115,53,101,75,64"/><T124/><D113/><U10/><E73/><V132/><F125/><W6/><G119/><T50/><D124/><U26/><E126/><V21/><F43/><W27/><G115/><T24/><D108/><U77/><E77/><V94/><F107/><W32/><G6/><T33/><D5/><U68/><E9/><V69/><F11/><W22/><G32/><T118/><D118/><U106/><E128/><V14/><F2/><W121/><G53/><T112/><D112/><U47/><E47/><V30/><F30/><W105/><G121/><T12/><D12/><U8/><E8/><V99/><F51/><W98/><G78/><T44/><D24/><U38/><E38/><V131/><F131/><W54/><G54/><T34/><D87/><U65/><E133/><N who="2" m="51275" /><F60/><W122/><G122/><T100/><D50/><U104/><E106/><V82/><F82/><W49/><G49/><T95/><D95/><U114/><E114/><V66/><F66/><W19/><G75/><T45/><D45/><AGARI ba="0,0" hai="14,18,21,45,48,55,69,70,94,99,103" m="51275" machi="45" ten="30,2000,0" yaku="20,1,52,1" doraHai="97" who="2" fromWho="0" sc="162,-20,400,0,90,20,348,0" /><INIT seed="5,0,0,4,1,132" ten="142,400,110,348" oya="1" hai0="2,95,31,118,27,48,24,76,81,66,111,61,34" hai1="47,17,71,58,74,127,5,49,30,134,10,15,80" hai2="129,85,70,18,4,39,125,13,78,16,42,100,32" hai3="87,131,67,23,25,133,135,46,0,98,120,43,55"/><U123/><E71/><V75/><F70/><W108/><G0/><T97/><D111/><U9/><E123/><V89/><F32/><W119/><G120/><T40/><D118/><U11/><E134/><N who="3" m="51210" /><G108/><T36/><D36/><U128/><E128/><V64/><F64/><W122/><G67/><T69/><D2/><U113/><E113/><V29/><F29/><W35/><G35/><T84/><D27/><U77/><E127/><V88/><F129/><W72/><G72/><T44/><D95/><U57/><E30/><V51/><F39/><W103/><G87/><T7/><D7/><U96/><E96/><V114/><F100/><W28/><G55/><T53/><REACH who="0" step="1"/><D97/><REACH who="0" ten="132,400,110,348" step="2"/><U107/><E107/><V124/><F114/><W37/><G122/><T63/><D63/><U91/><E5/><V121/><F121/><W101/><G131/><T112/><D112/><U117/><E117/><V52/><F125/><W26/><G119/><T99/><D99/><U45/><E15/><V6/><F124/><W60/><G60/><T59/><D59/><U56/><E56/><N who="2" m="32799" /><F75/><W65/><G25/><T20/><D20/><U116/><E116/><V109/><F109/><W21/><G23/><T86/><D86/><U14/><E74/><V115/><F115/><W105/><G101/><T68/><D68/><U82/><E58/><V104/><F4/><W1/><G1/><T102/><D102/><U50/><E57/><V62/><F62/><W38/><G65/><T110/><D110/><U41/><E14/><V83/><F6/><W12/><G12/><T92/><D92/><U130/><E130/><RYUUKYOKU ba="0,1" sc="132,15,400,-15,110,-15,348,15" hai0="24,31,34,40,44,48,53,61,66,69,76,81,84" hai3="21,26,28,37,38,43,46,98,103,105" /><INIT seed="6,1,1,3,0,79" ten="147,385,95,363" oya="2" hai0="75,62,29,25,70,44,49,17,11,77,111,15,86" hai1="12,69,22,95,81,63,135,98,88,134,42,40,8" hai2="83,76,10,2,31,78,112,67,107,119,60,117,90" hai3="123,35,94,36,99,43,7,104,102,19,52,130,80"/><V46/><F107/><W27/><G130/><T53/><D111/><U126/><E22/><V71/><F112/><W132/><G132/><N who="1" m="50730" /><E126/><V72/><F78/><W84/><G7/><T68/><D75/><U133/><N who="1" m="50738" /><U115/><DORA hai="6" /><E115/><V54/><F31/><W65/><G65/><T37/><D37/><U48/><E48/><V18/><F90/><W45/><G123/><T13/><D62/><U85/><E63/><V120/><F120/><W97/><G19/><T93/><D15/><U74/><E69/><V114/><F114/><W26/><G35/><T32/><REACH who="0" step="1"/><D93/><REACH who="0" ten="137,385,95,363" step="2"/><U64/><E74/><V56/><F46/><W96/><G36/><T16/><D16/><N who="1" m="8199" /><E64/><V110/><F110/><W66/><G66/><T30/><D30/><U103/><AGARI ba="1,2" hai="40,42,81,85,88,95,98,103" m="8199,50738" machi="103" ten="40,8000,1" yaku="20,1,52,2,54,2" doraHai="79,6" who="1" fromWho="1" sc="137,-21,385,103,95,-41,363,-21" /><INIT seed="7,0,0,5,4,107" ten="116,488,54,342" oya="3" hai0="67,41,127,119,117,132,134,8,112,66,2,90,86" hai1="116,5,17,59,80,108,42,47,131,28,38,26,120" hai2="46,109,122,96,84,72,34,9,121,6,1,65,101" hai3="89,79,55,118,21,13,4,69,27,126,51,25,24"/><W77/><G69/><T113/><D41/><U104/><E108/><V19/><F109/><W130/><G118/><N who="0" m="45067" /><D127/><U73/><E116/><V0/><F34/><W52/><G130/><T61/><D8/><U32/><E120/><V92/><F0/><W56/><G126/><T95/><D2/><U10/><E104/><V43/><F65/><N who="0" m="24586" /><D61/><U102/><E102/><V103/><F103/><W40/><G40/><T29/><D29/><U115/><E131/><V133/><F133/><AGARI ba="0,0" hai="86,90,95,112,113,132,133,134" m="24586,45067" machi="133" ten="40,1300,0" yaku="20,1" doraHai="107" who="0" fromWho="2" sc="116,13,488,0,54,-13,342,0" owari="129,-27.1,488,58.8,41,-45.9,342,14.2" /></mjloggm>