<mjloggm ver="2.3"><GO type="169" lobby="0"/><UN n0="%E5%8F%A4%E6%96%AF%E5%A1%94%E5%A4%AB%E4%BA%8C%E4%B8%96" n1="%33%37%E6%82%A0%E4%B8%80" n2="%E3%83%8F%E5%B4%8E%E7%9C%9F%E6%82%9F" n3="%E3%83%9C%E3%82%AF%E3%81%A1%E3%82%83%E3%82%93" dan="16,17,17,16" rate="2057.20,2173.29,2230.16,2066.65" sx="M,M,M,M"/><TAIKYOKU oya="0"/><INIT seed="0,0,0,2,4,128" ten="250,250,250,250" oya="0" hai0="68,49,123,29,0,52,14,26,72,27,130,58,17" hai1="12,88,50,41,11,18,65,117,116,7,9,54,78" hai2="111,133,63,44,120,70,122,97,31,59,93,103,25" hai3="8,22,108,127,104,109,10,85,135,125,83,51,107"/><T115/><D115/><U36/><E36/><V5/><F70/><W134/><G22/><T35/><D123/><U119/><E78/><V67/><F111/><N who="3" m="42571" /><G51/><T76/><D130/><U3/><E65/><V77/><F77/><N who="3" m="46319" /><G10/><T16/><D68/><U30/><E30/><V101/><F101/><W129/><G8/><T87/><D0/><U75/><E75/><V118/><F118/><W62/><G62/><T92/><D72/><U4/><E41/><V114/><F114/><W71/><G71/><T40/><D40/><U80/><E7/><V48/><F133/><N who="3" m="50699" /><G129/><T124/><D49/><U13/><E3/><V45/><F5/><W55/><G55/><T20/><D52/><U113/><E113/><V102/><F45/><W42/><G42/><T38/><D20/><U90/><REACH who="1" step="1"/><E80/><REACH who="1" ten="250,240,250,250" step="2"/><V81/><F81/><W121/><G121/><T1/><D38/><U84/><E84/><V34/><F120/><W91/><G91/><T86/><D87/><U89/><E89/><V66/><F122/><W33/><G33/><T96/><D35/><U126/><E126/><AGARI ba="0,1" hai="104,107,125,126,127" m="50699,46319,42571" machi="126" ten="40,16000,3" yaku="18,1,14,1,20,1,34,2,52,3" doraHai="128" who="3" fromWho="1" sc="250,0,240,-160,250,0,250,170" /><INIT seed="1,0,0,2,0,24" ten="250,80,250,420" oya="1" hai0="51,52,14,73,95,109,67,129,56,21,81,83,112" hai1="80,50,1,92,3,8,36,97,98,59,10,91,62" hai2="127,4,68,28,29,118,40,99,134,42,53,17,86" hai3="114,33,66,47,104,125,72,111,11,55,87,133,76"/><U107/><E36/><V39/><F118/><W123/><G87/><T57/><D112/><U115/><E115/><V82/><F68/><W35/><G55/><T45/><D129/><U108/><E108/><V119/><F119/><W48/><G48/><T128/><D128/><U79/><E50/><V100/><F127/><W85/><G85/><T110/><D95/><U30/><E30/><N who="2" m="11883" /><F39/><W43/><G66/><T70/><D73/><U27/><E27/><V120/><F120/><W26/><G26/><T88/><D70/><U7/><E107/><V32/><F32/><W124/><G47/><T20/><D45/><U131/><E131/><V44/><F4/><W77/><G35/><T31/><D109/><U132/><E132/><V2/><F2/><W15/><G72/><T102/><D110/><U65/><E98/><V135/><F17/><W64/><G104/><T75/><D31/><U16/><E16/><V41/><F53/><W58/><G33/><T54/><D52/><U37/><E37/><V89/><F44/><W106/><G106/><T19/><D54/><U0/><REACH who="1" step="1"/><E7/><REACH who="1" ten="250,70,250,420" step="2"/><V96/><F100/><W113/><G111/><T71/><D102/><U90/><E90/><V105/><F105/><W12/><G114/><T46/><D19/><U23/><E23/><V101/><F101/><W13/><G113/><T5/><D21/><U6/><E6/><V25/><F25/><W61/><G125/><T116/><D5/><U117/><E117/><V69/><F135/><W22/><G133/><T121/><D116/><U63/><E63/><V74/><F134/><W84/><G124/><RYUUKYOKU ba="0,1" sc="250,-10,70,30,250,-10,420,-10" hai1="0,1,3,8,10,59,62,65,79,80,91,92,97" /><INIT seed="1,1,1,1,5,33" ten="240,100,240,410" oya="1" hai0="134,91,85,128,17,132,99,98,22,57,97,111,35" hai1="90,112,20,113,86,124,81,133,110,87,125,106,101" hai2="27,41,79,36,54,34,118,100,58,122,40,29,16" hai3="96,49,107,67,135,116,92,47,76,4,55,10,2"/><U38/><E38/><V28/><F118/><W52/><G135/><N who="0" m="51755" /><D35/><U93/><E133/><V14/><F36/><W25/><G107/><T15/><D111/><U68/><E68/><V0/><F122/><W131/><G131/><T13/><D128/><U102/><E20/><V77/><F29/><W94/><G116/><T126/><D126/><N who="1" m="48747" /><E110/><V43/><F0/><W18/><G67/><T75/><D75/><U73/><E87/><V72/><F100/><N who="1" m="38505" /><E106/><V26/><F26/><W95/><G76/><AGARI ba="1,1" hai="73,76,81,86,90,93,112,113" m="38505,48747" machi="76" ten="30,5800,0" yaku="18,1,34,2" doraHai="33" who="1" fromWho="3" sc="240,0,100,71,240,0,410,-61" /><INIT seed="1,2,0,1,1,52" ten="240,171,240,349" oya="1" hai0="46,94,14,120,123,112,103,70,21,135,49,106,41" hai1="72,110,75,25,88,89,44,93,55,16,47,102,7" hai2="31,85,90,82,99,80,87,61,43,3,9,63,56" hai3="53,81,108,48,83,65,28,29,124,36,77,57,1"/><U40/><E110/><V111/><F111/><W122/><G108/><T98/><D112/><U76/><E7/><V33/><F43/><W27/><G36/><T17/><D70/><U13/><E25/><V42/><F42/><W104/><G122/><N who="0" m="46635" /><D135/><U45/><E40/><V96/><F33/><W126/><G104/><AGARI ba="2,0" hai="14,17,21,41,46,49,94,98,103,104,106" m="46635" machi="104" ten="30,1000,0" yaku="13,1" doraHai="52" who="0" fromWho="3" sc="240,16,171,0,240,0,349,-16" /><INIT seed="2,0,0,2,3,16" ten="256,171,240,333" oya="2" hai0="31,105,75,83,53,90,2,8,26,73,131,4,109" hai1="116,59,135,89,92,106,46,79,66,126,49,81,113" hai2="18,115,10,103,43,54,110,28,129,94,119,68,14" hai3="67,32,33,19,117,93,27,29,134,91,77,107,127"/><V85/><F119/><W84/><G117/><T36/><D109/><U44/><E116/><V112/><F68/><W7/><G127/><T69/><D131/><U37/><E113/><V76/><F129/><W74/><G134/><T24/><D105/><U72/><E106/><V108/><F43/><W64/><G33/><T88/><D69/><U20/><E126/><V99/><F28/><W124/><G107/><T35/><D36/><U104/><E104/><V63/><F76/><W57/><G124/><T70/><D70/><U30/><E135/><V38/><F85/><W25/><G7/><T118/><D118/><U87/><E37/><V60/><F38/><W65/><G74/><T42/><D42/><U130/><E130/><V52/><F63/><W56/><REACH who="3" step="1"/><G77/><REACH who="3" ten="256,171,240,323" step="2"/><T114/><D75/><U86/><E72/><V40/><F112/><W123/><G123/><T3/><D114/><U128/><E128/><V39/><F115/><W98/><G98/><T58/><D73/><U95/><E79/><V78/><F78/><W22/><AGARI ba="0,1" hai="19,22,25,27,29,32,56,57,64,65,67,84,91,93" machi="22" ten="30,4000,0" yaku="1,1,0,1,52,1,53,0" doraHai="16" doraHaiUra="9" who="3" fromWho="3" sc="256,-10,171,-10,240,-20,323,50" /><INIT seed="3,0,0,1,5,62" ten="246,161,220,373" oya="3" hai0="75,57,122,24,3,73,13,117,100,107,56,20,96" hai1="95,27,111,1,71,25,116,129,127,108,51,58,47" hai2="88,26,36,53,98,82,61,8,34,69,85,11,15" hai3="44,49,77,70,121,115,113,39,50,67,46,134,43"/><W16/><G77/><T97/><D117/><U29/><E1/><V109/><F109/><N who="1" m="42057" /><E116/><V101/><F36/><W0/><G0/><T106/><D122/><U124/><E95/><V125/><F125/><N who="1" m="48201" /><E27/><V93/><F53/><W90/><G16/><T86/><D3/><U60/><E25/><V35/><F26/><W48/><G90/><T54/><D13/><U114/><E29/><V38/><F38/><W12/><G12/><T120/><D120/><U99/><E99/><V37/><F37/><W41/><G121/><T14/><D14/><U78/><E78/><V33/><REACH who="2" step="1"/><F15/><REACH who="2" ten="246,161,210,373" step="2"/><W68/><G39/><T83/><D24/><U52/><E114/><V21/><F21/><W45/><G134/><T76/><D20/><U89/><E89/><V6/><F6/><W132/><G132/><T128/><D76/><U131/><E71/><N who="3" m="27178" /><G67/><AGARI ba="0,1" hai="47,51,52,58,60,67,129,131" m="48201,42057" machi="67" ten="30,12000,2" yaku="14,1,18,1,34,2,52,1,54,1" doraHai="62" who="1" fromWho="3" sc="246,0,161,130,210,0,373,-120" /><AGARI ba="0,0" hai="8,11,33,34,35,61,67,69,82,85,88,93,98,101" machi="67" ten="40,5200,0" yaku="1,1,52,1,54,1,53,0" doraHai="62" doraHaiUra="123" who="2" fromWho="3" sc="246,0,291,0,210,52,253,-52" /><INIT seed="4,0,0,0,3,133" ten="246,291,262,201" oya="0" hai0="47,44,27,107,50,46,122,135,72,53,103,22,85" hai1="114,82,105,23,34,57,55,99,18,123,25,119,120" hai2="102,13,15,51,132,0,24,68,74,80,108,97,127" hai3="33,4,113,121,131,43,10,7,126,64,89,49,54"/><T65/><D122/><U48/><E119/><V115/><F108/><W88/><G121/><T95/><D72/><U40/><E114/><V87/><F0/><W112/><G33/><T125/><D135/><U69/><E69/><V42/><F68/><W134/><G134/><T1/><D1/><U96/><E34/><V3/><F74/><W94/><G64/><T59/><D107/><U92/><E105/><V60/><F3/><W56/><G131/><T111/><D111/><U71/><E71/><V19/><F60/><W26/><G26/><T109/><D109/><U28/><E82/><V38/><F38/><W117/><G89/><N who="0" m="53679" /><D125/><U75/><E75/><V84/><F84/><W5/><G117/><T45/><D103/><U30/><E96/><V118/><F118/><W14/><G43/><T20/><D27/><U129/><E129/><V58/><F127/><W77/><G77/><T83/><D83/><U79/><E79/><V12/><F115/><N who="3" m="44107" /><G126/><T106/><D106/><U52/><E40/><V104/><F132/><W67/><G67/><T128/><D128/><U110/><E110/><V70/><F70/><W2/><G2/><T35/><D35/><U98/><E123/><V31/><F42/><W86/><AGARI ba="0,0" hai="4,5,7,10,14,49,54,56,86,88,94" m="44107" machi="86" ten="30,2000,0" yaku="15,1,54,1" doraHai="133" who="3" fromWho="3" sc="246,-10,291,-5,262,-5,201,20" /><INIT seed="5,0,0,3,1,44" ten="236,286,257,221" oya="1" hai0="33,52,95,79,67,88,43,104,50,98,32,91,75" hai1="122,93,4,82,22,69,109,113,10,73,61,76,65" hai2="101,110,125,53,119,16,70,124,114,35,41,105,19" hai3="117,71,15,111,132,29,135,108,3,66,128,48,94"/><U2/><E113/><V68/><F110/><W83/><G3/><T59/><D104/><U102/><E109/><V28/><F119/><W17/><G29/><T72/><D67/><U49/><E122/><V45/><F53/><W64/><G117/><T9/><D43/><U77/><E77/><V6/><F6/><W81/><G94/><T85/><D9/><U7/><E7/><V12/><F28/><W21/><G128/><T39/><D39/><U30/><E22/><V20/><F35/><W58/><G66/><T40/><D40/><U118/><E30/><V106/><F19/><W46/><G71/><N who="2" m="27177" /><F101/><W89/><G64/><T62/><D79/><U74/><E118/><V1/><F1/><W13/><G58/><T38/><D38/><U97/><REACH who="1" step="1"/><E73/><REACH who="1" ten="236,276,257,221" step="2"/><V107/><F114/><W34/><G111/><T120/><D120/><U60/><E60/><V130/><F130/><W129/><G129/><T78/><D62/><U36/><E36/><V8/><F20/><W37/><G37/><T47/><D75/><U55/><E55/><V14/><F8/><W87/><G108/><T54/><D72/><U131/><E131/><V123/><F123/><W99/><G34/><T31/><D78/><U42/><E42/><V116/><F116/><W96/><G21/><T63/><REACH who="0" step="1"/><D31/><REACH who="0" ten="226,276,257,221" step="2"/><U92/><E92/><AGARI ba="0,2" hai="32,33,47,50,52,54,59,63,85,88,91,92,95,98" machi="92" ten="30,12000,2" yaku="1,1,2,1,7,1,52,1,54,2,53,0" doraHai="44" doraHaiUra="25" who="0" fromWho="1" sc="226,140,276,-120,257,0,221,0" /><INIT seed="6,0,0,3,2,20" ten="366,156,257,221" oya="2" hai0="102,106,71,36,66,74,133,55,78,104,37,26,135" hai1="65,29,113,30,63,82,11,101,47,83,103,109,129" hai2="62,58,84,100,131,88,134,97,43,118,85,18,4" hai3="120,28,110,48,10,8,61,27,108,99,45,7,51"/><V93/><F118/><W127/><G120/><T73/><D66/><U95/><E109/><V124/><F124/><W79/><G127/><T70/><D55/><U12/><E129/><V72/><F72/><W126/><G126/><T5/><D5/><U90/><E113/><V91/><F131/><W32/><G79/><T40/><D78/><U92/><E47/><V38/><F134/><W107/><G51/><T13/><D13/><U41/><E41/><V31/><F4/><W15/><G10/><T1/><D1/><U17/><E30/><V6/><F6/><W16/><G61/><T81/><D81/><U69/><E29/><V115/><F115/><W54/><REACH who="3" step="1"/><G7/><REACH who="3" ten="366,156,257,211" step="2"/><T67/><D133/><U44/><E44/><V114/><F62/><W89/><G89/><T68/><D135/><U34/><E34/><V50/><F91/><W77/><G77/><T128/><D128/><U23/><E11/><V132/><F132/><W75/><G75/><T9/><D73/><U59/><E69/><V119/><F88/><W121/><G121/><T21/><D71/><U57/><E57/><V49/><F58/><W94/><G94/><N who="1" m="35882" /><E90/><V86/><F114/><W53/><G53/><T35/><D70/><U122/><E122/><V14/><F93/><W98/><G98/><T39/><D35/><U105/><E105/><V96/><F96/><W117/><G117/><T25/><D68/><U76/><E76/><V0/><F119/><W33/><G33/><T22/><D106/><U56/><E56/><V116/><F97/><W24/><G24/><T112/><D104/><U130/><E130/><RYUUKYOKU ba="0,1" sc="366,-15,156,15,257,-15,211,15" hai1="12,17,23,59,63,65,82,83,101,103" hai3="8,15,16,27,28,32,45,48,54,99,107,108,110" /><INIT seed="7,1,1,3,3,56" ten="351,171,242,226" oya="3" hai0="55,26,97,74,2,10,14,102,68,29,94,71,48" hai1="132,70,128,98,122,91,38,31,76,67,120,4,25" hai2="119,124,11,62,111,20,39,37,123,53,21,100,114" hai3="36,107,108,5,32,84,109,40,49,96,83,81,89"/><W33/><G36/><T66/><D74/><U117/><E38/><V59/><F111/><N who="3" m="42571" /><G5/><T58/><D66/><U13/><E128/><V106/><F119/><W51/><G83/><T85/><D2/><U64/><E117/><V19/><F114/><W134/><G134/><T45/><D85/><U12/><E76/><V6/><F124/><W46/><G51/><T9/><D45/><U127/><E127/><V86/><F21/><W77/><G77/><T41/><D41/><U43/><E43/><V65/><F123/><W126/><G126/><T99/><D99/><U42/><E42/><V52/><F39/><W28/><G28/><T61/><D48/><U104/><E67/><V121/><F86/><W7/><G7/><T131/><D9/><N who="1" m="4135" /><E13/><V3/><F121/><W73/><G73/><T125/><D131/><U63/><E91/><V15/><REACH who="2" step="1"/><F37/><REACH who="2" ten="351,171,232,226" step="2"/><W17/><G33/><T112/><D125/><U23/><E23/><V105/><F105/><W8/><G32/><T47/><D112/><U101/><E132/><V57/><F57/><W50/><G107/><T115/><D58/><U54/><E54/><V95/><F95/><W1/><G96/><AGARI ba="1,2" hai="3,6,11,15,19,20,52,53,59,62,65,96,100,106" machi="96" ten="40,5200,0" yaku="1,1,52,1,54,1,53,0" doraHai="56" doraHaiUra="118" who="2" fromWho="3" sc="351,0,171,0,232,75,226,-55" owari="351,45.1,171,-22.9,307,10.7,171,-32.9" /></mjloggm>