<mjloggm ver="2.3"><GO type="169" lobby="0"/><UN n0="%43%2D%6D%69%6E%6F%72%E2%99%AA" n1="%73%7A%2E%64%31" n2="%E3%81%8B%E3%81%B6%E8%8C%B6" n3="%40%E5%8F%8B%E5%88%A9%E5%A5%88%E7%B7%92%40" dan="16,17,17,17" rate="2129.64,2178.26,2136.31,2183.24" sx="M,M,M,F"/><TAIKYOKU oya="0"/><INIT seed="0,0,0,1,4,70" ten="250,250,250,250" oya="0" hai0="84,12,43,81,8,45,76,95,122,49,22,101,91" hai1="120,58,125,34,119,1,128,124,27,69,21,133,66" hai2="25,6,68,78,83,36,77,18,100,104,65,90,46" hai3="93,9,2,11,62,42,110,98,132,17,118,47,41"/><T74/><D122/><U71/><E120/><V26/><F6/><W54/><G118/><T115/><D115/><U113/><E119/><V88/><F68/><W51/><G132/><T67/><D67/><U114/><E34/><V87/><F65/><W7/><G110/><T131/><D131/><U102/><E1/><V109/><F109/><W96/><G96/><T105/><D22/><U135/><E102/><V99/><F90/><W92/><G92/><T5/><D105/><U86/><E86/><V0/><F0/><W19/><G11/><T57/><D57/><U50/><E27/><V94/><F18/><W48/><G62/><T61/><D61/><N who="1" m="40143" /><E21/><V32/><F78/><W82/><G82/><T129/><D129/><U15/><E15/><V59/><F59/><W14/><G2/><T107/><D107/><U23/><E23/><V31/><F25/><W117/><G117/><T97/><REACH who="0" step="1"/><D74/><REACH who="0" ten="240,250,250,250" step="2"/><U60/><E128/><V73/><F46/><W75/><G75/><T55/><D55/><N who="1" m="32119" /><E60/><V112/><F112/><N who="1" m="43113" /><E71/><V33/><F33/><W127/><G9/><T28/><D28/><U38/><E38/><AGARI ba="0,1" hai="26,31,32,36,38,73,77,83,87,88,94,99,100,104" machi="38" ten="40,8000,1" yaku="24,2,52,2,54,1" doraHai="70" who="2" fromWho="1" sc="240,0,250,-80,250,90,250,0" /><INIT seed="1,0,0,1,3,62" ten="240,170,340,250" oya="1" hai0="135,128,11,102,88,18,116,120,124,106,19,99,60" hai1="57,67,100,113,119,8,23,28,9,70,34,107,77" hai2="98,30,115,42,133,50,95,49,64,80,92,84,39" hai3="85,61,10,55,127,24,134,91,83,16,46,27,58"/><U15/><E119/><V68/><F39/><W132/><G127/><T109/><D116/><U25/><E113/><V123/><F123/><W90/><G90/><T12/><D124/><U94/><E70/><V59/><F68/><W41/><G10/><T4/><D120/><U54/><E107/><V66/><F133/><N who="3" m="51307" /><G16/><T26/><D135/><U38/><E34/><V14/><F115/><W71/><G71/><T20/><D109/><U78/><E38/><AGARI ba="0,0" hai="24,27,38,41,46,55,58,61,83,85,91" m="51307" machi="38" ten="30,1000,0" yaku="20,1" doraHai="62" who="3" fromWho="1" sc="240,0,170,-10,340,0,250,10" /><INIT seed="2,0,0,0,3,1" ten="240,160,340,260" oya="2" hai0="116,3,28,40,76,17,80,60,104,54,36,79,130" hai1="46,120,131,22,72,65,66,109,8,58,34,117,7" hai2="41,91,88,43,44,92,24,121,99,18,119,19,74" hai3="39,51,98,14,103,67,48,25,111,126,87,20,69"/><V82/><F119/><W49/><G39/><T100/><D116/><U134/><E117/><V27/><F121/><W57/><G126/><T101/><D130/><U0/><E120/><V63/><F74/><W95/><G111/><T113/><D113/><U77/><E109/><V118/><F118/><W61/><G14/><T84/><D104/><U90/><E131/><V33/><F63/><W5/><G87/><T11/><D28/><U23/><E134/><V133/><F133/><W70/><REACH who="3" step="1"/><G5/><REACH who="3" ten="240,160,340,250" step="2"/><T125/><D84/><U122/><E122/><V35/><F82/><W56/><G56/><T135/><D36/><U45/><E58/><V12/><F12/><W108/><G108/><T124/><D124/><U9/><E72/><V78/><F78/><W53/><G53/><T93/><D54/><U132/><E77/><V26/><F43/><W110/><G110/><T21/><D40/><U64/><E132/><V13/><F13/><W10/><G10/><T4/><D79/><U102/><E9/><V112/><F41/><W128/><G128/><T31/><D76/><U85/><E34/><V6/><F35/><W81/><G81/><T2/><D80/><U115/><E115/><V114/><F33/><W32/><G32/><T75/><D75/><U62/><E22/><V86/><F6/><W129/><G129/><T89/><D125/><U73/><E23/><V52/><F112/><W50/><N who="3" m="12288" /><DORA hai="47" /><W107/><G107/><T42/><D135/><U30/><E73/><V83/><F114/><W15/><G15/><T71/><D4/><U68/><E7/><V105/><F105/><RYUUKYOKU ba="0,1" sc="240,-15,160,-15,340,15,250,15" hai2="18,19,24,26,27,44,52,83,86,88,91,92,99" hai3="20,25,57,61,67,69,70,95,98,103" /><INIT seed="2,1,1,1,1,128" ten="225,145,355,265" oya="2" hai0="120,29,20,21,32,85,130,71,16,90,65,70,27" hai1="125,105,79,41,52,121,46,6,26,57,12,80,44" hai2="58,19,34,98,64,1,100,2,106,24,9,93,84" hai3="30,99,132,77,96,126,119,88,124,17,107,131,61"/><V36/><F36/><W91/><G30/><T73/><D120/><U51/><E121/><V18/><F34/><W53/><G131/><T3/><D130/><U115/><E105/><V8/><F8/><W4/><G4/><T23/><D73/><U86/><E115/><V87/><F24/><W104/><G17/><T47/><D3/><U38/><E125/><V10/><F64/><W129/><G129/><T45/><D65/><U83/><E83/><V13/><F58/><W127/><G119/><T95/><D47/><U22/><E38/><V28/><F28/><W134/><G77/><T74/><D74/><U122/><E122/><V78/><F78/><W75/><G75/><T113/><D113/><U116/><E116/><V42/><F42/><W68/><G68/><T72/><D72/><U89/><E89/><N who="3" m="34378" /><G53/><T54/><D54/><U60/><E44/><V37/><F37/><W39/><G61/><T94/><D45/><U110/><E110/><V81/><F81/><W15/><G15/><T63/><D63/><U135/><E135/><N who="3" m="51754" /><G39/><T109/><D109/><U55/><E55/><V67/><F67/><W97/><AGARI ba="1,1" hai="96,97,99,104,107,124,126,127" m="51754,34378" machi="97" ten="40,16000,3" yaku="28,2,18,1,20,1,34,2,52,3,54,1" doraHai="128" who="3" fromWho="3" sc="225,-41,145,-41,355,-81,265,173" /><INIT seed="3,0,0,2,3,39" ten="184,104,274,438" oya="3" hai0="105,91,106,38,114,27,90,11,51,31,112,52,54" hai1="89,46,30,118,73,67,124,42,123,7,96,35,0" hai2="93,75,28,103,134,71,59,95,12,50,60,94,79" hai3="80,48,41,6,108,85,17,126,130,127,3,44,72"/><W63/><G130/><T64/><D38/><U24/><E123/><V82/><F134/><W113/><G113/><N who="0" m="43627" /><D64/><U53/><E118/><V76/><F76/><W100/><G108/><T101/><D11/><U78/><E124/><N who="3" m="47658" /><G72/><T104/><D101/><U97/><E53/><N who="0" m="20585" /><D51/><U88/><E67/><V81/><F81/><W45/><G45/><T49/><D49/><U34/><E97/><V22/><F50/><W26/><G100/><T98/><D98/><U70/><E96/><V121/><F71/><W14/><G3/><T77/><D77/><U47/><E70/><V107/><F103/><W18/><G63/><T55/><N who="0" m="20593" /><T131/><DORA hai="43" /><D131/><U10/><E35/><AGARI ba="0,0" hai="27,31,35,90,91,104,105,106" m="20593,43627" machi="35" ten="40,2600,0" yaku="11,1,54,1" doraHai="39,43" who="0" fromWho="1" sc="184,26,104,-26,274,0,438,0" /><INIT seed="4,0,0,1,3,85" ten="210,78,274,438" oya="0" hai0="101,46,2,44,68,114,42,75,41,11,130,19,28" hai1="45,1,106,109,100,128,113,57,62,21,54,17,25" hai2="98,125,104,77,131,36,132,37,97,13,14,9,126" hai3="50,30,72,48,120,102,82,134,35,32,24,103,38"/><T16/><D68/><U39/><E109/><V112/><F112/><W129/><G38/><N who="2" m="14953" /><F77/><W67/><G120/><T23/><D75/><U31/><E113/><V119/><F9/><W27/><G129/><T20/><D114/><U64/><E128/><V122/><F131/><W40/><G134/><T34/><D130/><U83/><E1/><V84/><F84/><W95/><G67/><T49/><D34/><U111/><E111/><V79/><F79/><W88/><G72/><T73/><D73/><U3/><E3/><V115/><F104/><W12/><G82/><T53/><D101/><U29/><E106/><V8/><F8/><W47/><G50/><N who="0" m="26895" /><D2/><U90/><E100/><V78/><F78/><W52/><G40/><T10/><D28/><U74/><E39/><V18/><F18/><N who="0" m="6698" /><D42/><U93/><E74/><V55/><F55/><W92/><G35/><T91/><D10/><U96/><E83/><V15/><F115/><W107/><G107/><T65/><D65/><U127/><E127/><N who="2" m="48651" /><F122/><W86/><G102/><T117/><D11/><U135/><E135/><V133/><F119/><W94/><G103/><T61/><D117/><U99/><E99/><AGARI ba="0,0" hai="13,14,15,97,98,99,132,133" m="48651,14953" machi="99" ten="40,5200,0" yaku="28,2,18,1" doraHai="85" who="2" fromWho="1" sc="210,0,78,-52,274,52,438,0" /><INIT seed="5,0,0,4,3,61" ten="210,26,326,438" oya="1" hai0="9,132,91,33,55,53,98,4,97,116,110,40,93" hai1="83,14,6,82,84,56,85,28,104,74,62,102,63" hai2="45,73,29,65,21,68,95,11,125,71,22,122,114" hai3="15,44,115,27,43,123,121,131,126,106,19,77,25"/><U72/><E28/><V133/><F122/><W50/><G126/><T66/><D110/><U57/><E14/><V49/><F73/><W60/><G131/><T37/><D116/><U92/><E92/><V70/><F125/><W0/><G0/><T129/><D33/><U107/><REACH who="1" step="1"/><E102/><REACH who="1" ten="210,16,326,438" step="2"/><V3/><F29/><W12/><G12/><T47/><D93/><U135/><E135/><V54/><F133/><W59/><G15/><T101/><D132/><U39/><E39/><V124/><F124/><W32/><G121/><T48/><D101/><U13/><E13/><V35/><F95/><W20/><G123/><T26/><D37/><U117/><E117/><V89/><F3/><W76/><G27/><T1/><D26/><U94/><E94/><V103/><F103/><W8/><G25/><T16/><D1/><U18/><E18/><V80/><F35/><W134/><G19/><T24/><D24/><U105/><E105/><V2/><F2/><W118/><G32/><T34/><D34/><U69/><E69/><V130/><F70/><W36/><G106/><T10/><D10/><U120/><E120/><V42/><F11/><W100/><G100/><T128/><D9/><U5/><AGARI ba="0,1" hai="5,6,56,57,62,63,72,74,82,83,84,85,104,107" machi="5" ten="25,9600,0" yaku="1,1,0,1,22,2,53,0" doraHai="61" doraHaiUra="41" who="1" fromWho="1" sc="210,-32,16,106,326,-32,438,-32" /><INIT seed="5,1,0,1,4,77" ten="178,122,294,406" oya="1" hai0="132,50,67,4,120,32,51,45,65,95,133,11,79" hai1="58,73,110,8,52,82,47,93,5,106,62,112,42" hai2="96,90,92,131,130,103,84,48,63,83,30,23,22" hai3="39,9,118,109,108,100,61,25,127,70,43,72,10"/><U40/><E110/><V116/><F116/><W13/><G118/><T60/><D32/><U89/><E112/><V97/><F30/><W15/><G127/><T94/><D120/><U35/><E35/><V87/><F48/><W128/><G25/><T1/><D79/><U134/><E106/><N who="2" m="63847" /><F63/><W80/><G100/><T71/><D67/><U126/><E126/><V114/><F114/><W46/><G61/><T115/><D115/><U24/><E134/><N who="0" m="51817" /><D51/><U29/><E47/><V75/><F22/><W91/><G70/><T34/><D34/><U68/><E68/><V119/><F23/><W66/><G66/><T113/><D113/><U31/><E73/><V6/><F6/><W102/><G102/><T135/><N who="0" m="51825" /><T16/><DORA hai="69" /><D16/><U78/><E29/><V3/><F3/><W117/><G117/><T38/><D38/><U0/><E31/><V56/><F56/><W17/><G72/><T44/><D44/><U129/><E24/><V54/><F54/><AGARI ba="1,0" hai="1,4,11,45,50,54,60,65,71,94,95" m="51825" machi="54" ten="40,1300,0" yaku="20,1" doraHai="77,69" who="0" fromWho="2" sc="178,16,122,0,294,-16,406,0" /><INIT seed="6,0,0,5,2,0" ten="194,122,278,406" oya="2" hai0="133,85,45,26,67,106,37,87,7,121,116,46,33" hai1="96,61,115,49,101,3,66,125,109,54,105,135,15" hai2="50,91,64,30,112,13,21,111,1,78,131,4,38" hai3="36,65,22,52,20,81,94,10,23,25,58,8,103"/><V107/><F38/><W44/><G36/><T102/><D121/><U43/><E115/><V89/><F107/><W128/><G128/><T68/><D133/><U79/><E109/><V6/><F1/><W122/><G122/><T5/><D87/><U104/><E135/><V118/><F118/><W51/><G81/><T60/><D116/><U42/><E125/><V113/><F131/><W27/><G27/><T119/><D85/><U2/><E105/><V40/><F64/><W84/><G25/><T123/><D119/><U28/><E79/><V11/><F111/><W100/><G84/><T130/><D123/><U72/><E72/><V82/><F4/><N who="0" m="1610" /><D37/><U98/><E98/><V93/><F93/><W108/><G108/><T90/><D90/><N who="2" m="34314" /><F21/><W56/><G94/><T48/><D48/><U18/><E2/><V17/><F17/><W71/><G71/><T55/><D55/><U19/><E28/><V95/><F95/><W29/><G29/><N who="0" m="19639" /><D130/><U73/><E3/><V62/><F62/><N who="3" m="38087" /><G44/><T31/><D31/><U14/><E73/><V16/><F16/><W12/><G10/><T34/><D34/><U86/><E86/><N who="2" m="48471" /><F30/><W74/><G74/><T83/><D83/><U24/><E24/><V69/><F69/><W80/><G80/><T117/><D117/><U92/><E104/><V134/><F134/><W39/><G39/><T129/><D129/><U9/><E49/><V63/><F63/><W32/><G32/><T59/><D68/><N who="1" m="42063" /><E54/><V88/><N who="2" m="34322" /><V35/><DORA hai="97" /><F35/><W41/><G103/><T120/><D120/><U53/><E53/><V75/><F75/><RYUUKYOKU ba="0,0" sc="194,10,122,10,278,10,406,-30" hai0="45,46,59,60,67,102,106" hai1="9,14,15,18,19,42,43,92,96,101" hai2="6,11,13,40,50,112,113" /><INIT seed="6,1,0,0,5,114" ten="204,132,288,376" oya="2" hai0="30,64,46,118,104,83,99,81,76,117,8,45,47" hai1="10,126,3,21,48,88,79,56,34,25,129,4,107" hai2="93,135,133,60,75,84,54,115,26,100,35,23,131" hai3="31,82,58,61,101,123,122,69,119,52,132,49,128"/><V73/><F35/><W110/><G101/><N who="0" m="62527" /><D64/><U86/><E107/><V0/><F0/><W134/><G82/><T36/><D30/><U103/><E103/><V57/><F115/><W106/><G106/><T33/><D33/><U18/><E79/><V102/><F131/><W28/><G28/><T68/><D68/><U24/><E129/><V116/><F116/><N who="0" m="44650" /><D36/><U14/><E126/><V15/><F15/><W59/><G31/><T5/><D76/><U97/><E97/><N who="2" m="59439" /><F84/><W65/><G110/><T19/><D19/><U13/><E3/><AGARI ba="1,0" hai="3,5,8,45,46,47,81,83" m="44650,62527" machi="3" ten="30,7700,0" yaku="12,1,52,3" doraHai="114" who="0" fromWho="1" sc="204,80,132,-80,288,0,376,0" /><INIT seed="7,0,0,0,3,107" ten="284,52,288,376" oya="3" hai0="23,67,43,40,73,1,83,63,9,111,29,13,0" hai1="61,103,88,20,91,7,31,76,133,108,42,132,10" hai2="56,48,89,98,22,19,75,90,135,97,38,127,95" hai3="16,92,39,134,46,4,51,131,32,60,69,118,99"/><W123/><G123/><T96/><D111/><U36/><E108/><V85/><F75/><W74/><G118/><T112/><D112/><U100/><E61/><V71/><F38/><W65/><G74/><T122/><D122/><U41/><E36/><V52/><F71/><W54/><G32/><T105/><D23/><U53/><E20/><V80/><F135/><W49/><G134/><T70/><D29/><U116/><E116/><V35/><F127/><W68/><G68/><T87/><D0/><U125/><E31/><V21/><F35/><W128/><G4/><T94/><D1/><U3/><E125/><V55/><F55/><W86/><G86/><T14/><D105/><U47/><E3/><V15/><REACH who="2" step="1"/><F98/><REACH who="2" ten="284,52,278,376" step="2"/><W110/><G39/><T57/><D70/><U33/><E53/><V114/><F114/><W129/><G110/><T25/><D73/><U17/><E33/><V117/><F117/><W78/><G78/><N who="0" m="46583" /><D25/><U93/><E76/><V102/><F102/><N who="3" m="60775" /><G51/><T120/><D120/><U45/><E93/><V126/><F126/><W5/><G131/><T121/><D121/><U66/><E66/><V130/><F130/><W109/><G109/><T27/><D27/><U2/><E2/><V24/><F24/><W30/><G129/><T101/><D14/><U82/><E82/><V115/><F115/><W119/><G128/><T50/><D50/><U64/><E64/><V59/><F59/><W11/><G119/><T34/><D34/><U44/><E44/><V62/><F62/><W12/><G60/><T104/><D104/><U79/><E79/><V28/><F28/><RYUUKYOKU ba="0,1" sc="284,15,52,-15,278,15,376,-15" hai0="9,13,40,43,57,63,67,94,96,101" hai2="15,19,21,22,48,52,56,80,85,89,90,95,97" owari="299,9.9,37,-46.3,293,-10.7,371,47.1" /></mjloggm>