<mjloggm ver="2.3"><GO type="169" lobby="0"/><UN n0="%48%4F%4D%4F%E5%A5%B3" n1="%E5%8F%97%E3%81%91%E5%85%A5%E3%82%8C%E9%87%8D%E8%A6%96" n2="%6B%E3%81%AE" n3="%54%53%4D%2D%30%37" dan="16,17,17,16" rate="2047.37,2165.62,2226.50,2028.33" sx="M,M,M,M"/><TAIKYOKU oya="0"/><INIT seed="0,0,0,4,4,65" ten="250,250,250,250" oya="0" hai0="91,50,57,79,105,67,74,16,18,119,117,7,66" hai1="33,63,12,110,98,96,5,123,28,49,99,120,107" hai2="64,128,118,88,121,95,84,4,23,133,52,112,97" hai3="19,68,45,83,69,37,0,29,61,25,26,94,111"/><T134/><D105/><U109/><E107/><V122/><F112/><W86/><G0/><T30/><D134/><U47/><E63/><V22/><F133/><W129/><G111/><N who="1" m="42506" /><E28/><V126/><F126/><W54/><G94/><T104/><D104/><U113/><E33/><V10/><F128/><W75/><G75/><T80/><D30/><U103/><E103/><V14/><F118/><W73/><G73/><T42/><D7/><U34/><E34/><V116/><F116/><W24/><G29/><T40/><D117/><U58/><E58/><V93/><F64/><W48/><G129/><T20/><D67/><U27/><E27/><V21/><REACH who="2" step="1"/><F52/><REACH who="2" ten="250,250,240,250" step="2"/><W51/><G54/><T36/><D119/><U131/><E113/><V44/><F44/><W92/><G45/><T53/><D66/><U135/><E131/><V59/><F59/><W39/><G61/><T71/><D57/><U132/><E132/><V17/><F17/><W6/><G19/><T87/><D53/><N who="1" m="29887" /><E135/><V85/><F85/><W11/><G86/><T56/><D87/><U8/><AGARI ba="0,1" hai="5,8,12,96,98,99,120,123" m="29887,42506" machi="8" ten="40,1500,0" yaku="14,1" doraHai="65" who="1" fromWho="1" sc="250,-7,250,25,240,-4,250,-4" /><INIT seed="1,0,0,2,5,10" ten="243,275,236,246" oya="1" hai0="74,95,60,19,129,66,9,38,57,42,135,77,75" hai1="133,114,73,1,39,76,23,86,62,59,90,64,72" hai2="127,111,99,34,98,131,2,80,14,94,103,3,115" hai3="87,26,110,61,122,0,107,68,134,125,132,35,11"/><U4/><E114/><V79/><F111/><W29/><G122/><T40/><D129/><U53/><E39/><V81/><F34/><W13/><G87/><T120/><D135/><U112/><E112/><V92/><F115/><W130/><G110/><T78/><D120/><U51/><E76/><V96/><F131/><W5/><G107/><T106/><D106/><U8/><E23/><V69/><F69/><W45/><G130/><T33/><D33/><U65/><E133/><N who="3" m="51306" /><G45/><T128/><D128/><U18/><E18/><V119/><F119/><W49/><G49/><T71/><D71/><U12/><E1/><V58/><F127/><W6/><G125/><T32/><D32/><U30/><E30/><V82/><F79/><N who="0" m="30218" /><D38/><U104/><E104/><V91/><F98/><W102/><G102/><T118/><D75/><U15/><E12/><V20/><REACH who="2" step="1"/><F58/><REACH who="2" ten="243,275,226,246" step="2"/><W121/><G121/><T21/><D118/><U28/><E28/><V105/><F105/><W123/><G123/><T88/><D74/><U46/><REACH who="1" step="1"/><E64/><REACH who="1" ten="243,265,226,246" step="2"/><V85/><F85/><W31/><G35/><T48/><D21/><U84/><E84/><V89/><F89/><W43/><G0/><T100/><D88/><U50/><E50/><V83/><N who="2" m="20480" /><DORA hai="44" /><V124/><F124/><W7/><G13/><N who="0" m="7599" /><D48/><U27/><E27/><V63/><F63/><W54/><G26/><T109/><D109/><U97/><E97/><AGARI ba="0,2" hai="40,42,57,60,66,95,97,100" m="7599,30218" machi="97" ten="30,2000,0" yaku="8,1,52,1" doraHai="10,44" who="0" fromWho="1" sc="243,40,265,-20,226,0,246,0" /><INIT seed="2,0,0,2,0,11" ten="283,245,226,246" oya="2" hai0="50,56,57,125,102,101,91,13,54,12,96,60,99" hai1="74,80,108,1,81,67,0,10,5,19,72,17,83" hai2="18,44,78,87,71,59,94,34,40,98,42,103,47" hai3="22,97,90,100,21,76,85,62,84,128,58,77,121"/><V41/><F71/><W82/><G121/><T53/><D125/><U115/><E115/><V110/><F34/><W130/><G77/><T55/><D91/><U9/><E108/><V31/><F31/><W20/><G84/><T37/><D37/><U35/><E67/><V120/><F120/><W43/><G43/><T4/><D4/><U88/><E35/><V14/><F59/><W39/><G39/><T69/><D69/><U112/><E112/><V126/><F126/><W45/><G45/><T118/><D118/><U129/><E129/><V93/><F110/><W64/><REACH who="3" step="1"/><G76/><REACH who="3" ten="283,245,226,236" step="2"/><T28/><D28/><U32/><E72/><V133/><F133/><W3/><G3/><T15/><D55/><U7/><E74/><V26/><F78/><W116/><G116/><T61/><D50/><U25/><E88/><N who="2" m="53407" /><F26/><W46/><G46/><T36/><REACH who="0" step="1"/><D36/><REACH who="0" ten="273,245,226,236" step="2"/><U134/><E134/><V113/><F113/><W109/><G109/><T65/><D65/><U107/><E0/><V111/><F111/><W79/><G79/><T30/><D30/><U52/><E1/><V92/><F44/><W105/><AGARI ba="0,2" hai="20,21,22,58,62,64,82,85,90,97,100,105,128,130" machi="105" ten="30,2000,0" yaku="1,1,0,1,53,0" doraHai="11" doraHaiUra="48" who="3" fromWho="3" sc="273,-5,245,-5,226,-10,236,40" /><INIT seed="3,0,0,4,5,99" ten="268,240,216,276" oya="3" hai0="47,39,102,96,15,5,93,23,56,83,31,46,107" hai1="121,77,117,126,70,16,24,9,66,6,125,81,21" hai2="135,69,71,49,76,113,37,34,122,98,92,50,87" hai3="54,0,43,27,42,133,51,114,28,73,36,11,127"/><W64/><G114/><T90/><D39/><U119/><E121/><V79/><F113/><W65/><G133/><T130/><D130/><U58/><E70/><V129/><F34/><W134/><G134/><T32/><D32/><U61/><E81/><V74/><F135/><W68/><G73/><T45/><D83/><U17/><E17/><V10/><F74/><W94/><G127/><N who="1" m="48650" /><E77/><V116/><F37/><W100/><G36/><T29/><D56/><U59/><E58/><V128/><F116/><W118/><G118/><T88/><D107/><U13/><AGARI ba="0,0" hai="6,9,13,16,21,24,59,61,66,117,119" m="48650" machi="13" ten="30,2000,0" yaku="18,1,54,1" doraHai="99" who="1" fromWho="1" sc="268,-5,240,20,216,-5,276,-10" /><INIT seed="4,0,0,4,4,34" ten="263,260,211,266" oya="0" hai0="1,55,5,102,14,93,70,65,76,84,106,129,66" hai1="16,72,22,48,118,88,69,18,110,128,40,17,98" hai2="120,36,81,19,20,97,51,132,122,115,121,112,77" hai3="67,60,38,131,68,117,33,45,4,135,21,3,43"/><T71/><D129/><U86/><E72/><V94/><F36/><W42/><G117/><T126/><D126/><U89/><E69/><V130/><F51/><W37/><G131/><T103/><D106/><U25/><E118/><V6/><F130/><W119/><G119/><T101/><D14/><U127/><E110/><V99/><F6/><W54/><G135/><T92/><D55/><U32/><E32/><V124/><F132/><W8/><G21/><T73/><D73/><U26/><E128/><V50/><F50/><W24/><G54/><T58/><D58/><U123/><E123/><V125/><F19/><W44/><G24/><T13/><D13/><U91/><E127/><N who="2" m="48715" /><F20/><W2/><G33/><T79/><D84/><U30/><E98/><N who="2" m="37387" /><F94/><W64/><G67/><T105/><D105/><U83/><E26/><V87/><AGARI ba="0,0" hai="77,81,87,112,115,120,121,122" m="37387,48715" machi="87" ten="40,5200,0" yaku="18,1,34,2" doraHai="34" who="2" fromWho="2" sc="263,-26,260,-13,211,52,266,-13" /><INIT seed="5,0,0,5,5,81" ten="237,247,263,253" oya="1" hai0="134,74,80,87,24,49,1,7,102,78,76,128,19" hai1="135,104,79,97,84,115,122,69,105,96,41,5,54" hai2="85,75,43,27,133,39,64,61,116,48,94,108,106" hai3="44,37,112,86,129,127,33,14,77,36,11,103,82"/><U31/><E122/><V89/><F108/><W2/><G33/><T23/><D128/><U93/><E69/><V95/><F106/><W21/><G112/><T63/><D134/><U120/><E120/><V123/><F123/><W67/><G129/><T53/><D102/><U117/><E117/><V107/><F107/><W16/><G127/><T0/><D7/><U40/><E115/><V51/><F75/><W35/><G35/><T30/><D63/><U113/><E113/><V83/><F116/><W121/><G121/><T32/><D74/><U9/><E105/><V68/><F133/><W13/><G2/><T65/><D65/><U62/><E135/><V126/><F126/><W12/><G103/><T101/><D101/><U58/><E104/><V52/><F48/><W3/><G67/><T119/><D76/><U100/><E97/><V91/><F27/><W72/><G72/><T59/><REACH who="0" step="1"/><D119/><REACH who="0" ten="227,247,263,253" step="2"/><U99/><E5/><V90/><F90/><W29/><G77/><T57/><D57/><U71/><E79/><V10/><F91/><W42/><G3/><T8/><D8/><U73/><E9/><V111/><F10/><W28/><G11/><T17/><D17/><U50/><E73/><V114/><F114/><W110/><G110/><T98/><D98/><U92/><E99/><V118/><F118/><W15/><G16/><T109/><D109/><U20/><E62/><V22/><F111/><W18/><G18/><T45/><D45/><U4/><E4/><V6/><F6/><W88/><G44/><T47/><D47/><U26/><E71/><V130/><F68/><RYUUKYOKU ba="0,1" sc="227,15,247,15,263,-15,253,-15" hai0="0,1,19,23,24,30,32,49,53,59,78,80,87" hai1="20,26,31,40,41,50,54,58,84,92,93,96,100" /><INIT seed="5,1,1,5,5,45" ten="242,262,248,238" oya="1" hai0="116,69,60,113,109,9,77,76,125,92,83,124,20" hai1="49,74,0,61,42,10,103,98,72,39,38,5,8" hai2="127,43,40,13,56,131,99,102,15,30,44,78,27" hai3="63,29,105,87,31,104,88,111,91,24,121,19,26"/><U55/><E61/><V70/><F70/><W120/><G111/><T112/><D109/><U119/><E119/><V108/><F108/><W85/><G63/><T89/><D9/><U132/><E132/><V93/><F131/><W3/><REACH who="3" step="1"/><G19/><REACH who="3" ten="242,262,248,228" step="2"/><T12/><D116/><U123/><E123/><V66/><F127/><N who="0" m="48714" /><D60/><U64/><E64/><V32/><F66/><W50/><G50/><T107/><D112/><U68/><E68/><V62/><F62/><W134/><G134/><T126/><D69/><U95/><E38/><V46/><F56/><W6/><G6/><T47/><D113/><U100/><E39/><V129/><F129/><W71/><G71/><T11/><D126/><U57/><E5/><V82/><F44/><W65/><G65/><T7/><D7/><U36/><E36/><V117/><F117/><W135/><G135/><T96/><D77/><U114/><E114/><V130/><F130/><W94/><G94/><T33/><D76/><U41/><E95/><V54/><F78/><W59/><G59/><T86/><D92/><U52/><E57/><V73/><F82/><W106/><G106/><T84/><D107/><U34/><E49/><V53/><F46/><W18/><G18/><T22/><D47/><U4/><E4/><V17/><F17/><W16/><G16/><N who="0" m="8223" /><D83/><U48/><E8/><V51/><F40/><W110/><G110/><T75/><D75/><U90/><E10/><V115/><F73/><W58/><G58/><T23/><D33/><U128/><E72/><V118/><F118/><W25/><G25/><T79/><D79/><U81/><E74/><RYUUKYOKU ba="1,2" sc="242,15,262,-15,248,-15,228,15" hai0="20,22,23,84,86,89,96" hai3="3,24,26,29,31,85,87,88,91,104,105,120,121" /><INIT seed="6,2,2,1,2,26" ten="257,247,233,243" oya="2" hai0="18,110,130,61,5,38,88,16,76,135,106,125,91" hai1="35,79,131,55,1,105,2,96,83,126,117,78,47" hai2="75,122,11,68,118,99,0,124,28,129,108,67,65" hai3="80,86,77,71,33,19,12,14,49,87,127,134,90"/><V43/><F122/><W36/><G36/><T93/><D110/><U104/><E117/><V115/><F118/><W29/><G71/><T85/><D106/><U24/><E79/><V7/><F115/><W111/><G111/><T15/><D125/><U89/><E126/><V133/><F108/><W112/><G127/><T10/><D130/><U45/><E131/><V62/><F124/><W53/><G134/><T63/><D38/><U25/><E89/><V103/><F129/><W69/><G69/><T48/><D76/><U32/><E78/><V39/><F67/><W57/><G112/><T31/><D31/><U123/><E96/><V120/><F120/><W66/><G66/><T37/><D37/><U22/><E22/><V100/><F133/><W94/><REACH who="3" step="1"/><G19/><REACH who="3" ten="257,247,233,233" step="2"/><T74/><D18/><U113/><E113/><V60/><F65/><W13/><G13/><N who="0" m="5327" /><D135/><U4/><E123/><V81/><F68/><W40/><G40/><T6/><D16/><U3/><E3/><V121/><F121/><W30/><G30/><T42/><D15/><U73/><E1/><V97/><F28/><W109/><G109/><T92/><D42/><U107/><E2/><V41/><F41/><W59/><G59/><T20/><D6/><U44/><E4/><V114/><F114/><W51/><G51/><T17/><D48/><U34/><E55/><V9/><F7/><W21/><G21/><T119/><D119/><U116/><E116/><V50/><F39/><W8/><G8/><T23/><D23/><U132/><E132/><V54/><F0/><W58/><G58/><T27/><D20/><RYUUKYOKU ba="2,3" sc="257,-15,247,15,233,-15,233,15" hai1="24,25,32,34,35,44,45,47,73,83,104,105,107" hai3="12,14,29,33,49,53,57,77,80,86,87,90,94" /><INIT seed="7,3,3,1,5,14" ten="242,262,218,248" oya="3" hai0="121,88,61,70,66,76,43,50,131,37,34,120,109" hai1="107,20,110,10,12,48,91,114,134,84,104,106,72" hai2="105,127,17,1,125,25,82,87,100,51,0,13,42" hai3="135,80,29,45,64,8,86,115,128,33,89,98,117"/><W7/><G117/><T5/><D109/><U40/><E72/><V113/><F113/><W44/><G115/><T71/><D34/><U90/><E114/><V75/><F75/><W38/><G38/><T123/><D76/><U103/><E110/><V65/><F65/><W41/><G128/><T119/><D5/><U133/><E20/><V54/><F42/><W108/><G108/><T55/><D119/><U118/><E118/><V129/><F25/><W93/><G64/><T69/><D88/><U19/><E103/><V97/><F129/><W35/><G135/><N who="1" m="51722" /><E84/><V111/><F111/><W124/><G124/><N who="2" m="47689" /><F51/><W62/><G62/><T126/><D131/><U31/><E31/><V116/><F54/><W2/><G29/><T73/><D73/><U32/><E32/><V101/><F101/><W77/><G41/><T95/><D126/><U49/><E49/><V57/><F57/><W96/><G35/><T27/><D27/><U3/><E3/><V56/><F56/><W81/><G33/><T6/><D120/><U4/><E4/><V67/><F67/><W15/><G2/><T24/><D6/><U99/><E99/><V94/><F105/><W23/><G98/><T59/><D24/><U112/><E112/><V78/><F116/><W60/><G60/><T122/><D95/><U46/><AGARI ba="3,3" hai="10,12,19,40,46,48,90,91,104,106,107" m="51722" machi="46" ten="40,2700,0" yaku="20,1,52,1" doraHai="14" who="1" fromWho="1" sc="242,-10,262,66,218,-10,248,-16" owari="232,3.2,328,42.8,208,-29.2,232,-16.8" /></mjloggm>