<mjloggm ver="2.3"><GO type="169" lobby="0"/><UN n0="%E7%9C%9F%E3%81%AE%E9%9B%80%E5%A3%AB%E3%81%86%E3%81%BE%E3%81%9F%E3%82%93" n1="%E3%81%94%E3%82%8B%E3%81%A3" n2="%E7%A9%B4%E7%8C%AB" n3="%E3%82%A8%E3%82%B9%E3%82%B1%E3%83%BC%2E" dan="17,17,16,17" rate="2130.81,2199.68,2104.14,2178.26" sx="M,M,M,M"/><TAIKYOKU oya="0"/><INIT seed="0,0,0,0,3,22" ten="250,250,250,250" oya="0" hai0="35,113,47,90,101,93,98,57,4,135,119,6,3" hai1="75,55,126,58,125,41,29,59,105,128,5,17,12" hai2="68,51,37,95,39,117,23,67,13,92,84,97,130" hai3="8,78,10,127,111,15,121,36,40,54,74,21,107"/><T44/><D113/><U16/><E75/><V131/><F117/><W20/><G107/><T65/><D119/><U53/><E105/><V129/><F51/><W69/><G69/><T48/><D135/><U100/><E100/><V116/><F116/><W42/><G78/><T30/><D3/><U71/><E71/><V0/><F0/><W31/><G74/><T124/><D124/><N who="1" m="47723" /><E41/><V70/><F84/><W108/><G127/><T63/><D90/><U96/><E96/><V118/><F118/><W104/><G104/><T66/><D66/><U80/><E80/><V18/><F92/><W72/><G72/><T76/><D76/><U86/><E86/><V52/><F52/><N who="1" m="20041" /><E29/><V123/><F123/><W106/><G54/><T62/><D62/><U103/><E103/><N who="2" m="60863" /><F70/><W120/><G106/><T91/><D91/><U82/><E82/><V46/><F46/><W87/><G87/><T115/><D47/><U34/><E34/><V56/><F56/><N who="1" m="21545" /><E128/><V33/><F33/><W94/><G94/><T9/><D93/><U24/><E24/><V85/><F85/><W60/><G31/><T1/><D30/><U83/><E83/><V88/><F88/><W32/><G32/><T110/><D35/><U27/><E27/><V102/><F102/><W2/><G2/><T50/><D101/><U79/><E79/><V26/><F13/><W99/><G15/><T28/><D28/><U89/><E89/><V11/><F11/><AGARI ba="0,0" hai="5,11,12,16,17" m="21545,20041,47723" machi="11" ten="30,3900,0" yaku="18,1,54,2" doraHai="22" who="1" fromWho="2" sc="250,0,250,39,250,-39,250,0" /><INIT seed="1,0,0,3,1,20" ten="250,289,211,250" oya="1" hai0="113,77,133,81,39,119,44,107,92,129,3,70,105" hai1="32,15,53,29,19,87,40,51,115,125,50,0,9" hai2="23,98,103,108,102,27,48,85,57,55,8,118,14" hai3="56,75,89,22,124,88,16,127,54,67,31,117,6"/><U99/><E115/><V97/><F108/><W21/><G75/><T59/><D59/><U30/><E125/><N who="3" m="48202" /><G117/><T116/><D44/><U10/><E0/><V25/><F118/><W58/><G6/><T91/><D70/><U66/><E66/><V131/><F131/><W100/><G100/><N who="2" m="38441" /><F23/><W60/><G31/><T49/><D49/><U83/><E99/><N who="2" m="37899" /><F85/><W1/><G1/><T122/><D3/><U94/><E94/><V45/><F57/><W33/><G22/><T126/><D126/><U11/><E40/><V73/><F73/><W96/><G33/><T2/><D2/><U63/><E63/><V12/><F12/><N who="3" m="9351" /><G96/><T93/><D119/><U121/><E121/><V71/><F71/><W74/><G74/><T65/><D122/><U80/><E80/><V72/><F72/><W68/><G68/><T42/><D81/><U43/><E43/><V41/><F41/><W114/><G114/><T128/><D42/><U24/><E29/><V78/><F78/><W130/><G130/><T35/><D77/><U69/><E69/><V132/><F132/><W5/><G5/><AGARI ba="0,0" hai="5,8,14,25,27,45,48,55" m="37899,38441" machi="5" ten="30,3900,0" yaku="8,1,52,2" doraHai="20" who="2" fromWho="3" sc="250,0,289,0,211,39,250,-39" /><INIT seed="2,0,0,2,5,78" ten="250,289,250,211" oya="2" hai0="111,25,131,52,0,1,65,126,9,16,96,22,118" hai1="6,23,82,28,115,37,69,93,104,15,36,101,55" hai2="12,77,48,103,34,20,49,124,8,71,59,97,79" hai3="128,98,60,2,39,50,63,129,92,47,56,113,127"/><V44/><F71/><W38/><G2/><T108/><D65/><U112/><E69/><V41/><F34/><W133/><G92/><T90/><D126/><U11/><E104/><V19/><F124/><W54/><G127/><T10/><D131/><N who="3" m="50249" /><G98/><T13/><D118/><U122/><E122/><V14/><F49/><N who="3" m="30799" /><G133/><T109/><D52/><U61/><E36/><N who="3" m="13866" /><G113/><T84/><D96/><U51/><E37/><V83/><F59/><W30/><G30/><T121/><D121/><U7/><E7/><V73/><F79/><W114/><G114/><T62/><D62/><U119/><E61/><V3/><F3/><N who="0" m="1098" /><D13/><U17/><E119/><V117/><F117/><W123/><G123/><T74/><D74/><U32/><E32/><V135/><F135/><W116/><G116/><T46/><D46/><U18/><E112/><V75/><F75/><W120/><G120/><T26/><D26/><N who="1" m="16479" /><E115/><V64/><F97/><W110/><G110/><T89/><D89/><U88/><E101/><V87/><F103/><W99/><G99/><T66/><D90/><U57/><E93/><V67/><REACH who="2" step="1"/><F73/><REACH who="2" ten="250,289,240,211" step="2"/><W106/><G106/><T102/><D109/><U31/><E31/><V27/><F27/><W134/><G134/><T105/><D108/><U95/><E95/><V72/><F72/><W125/><G125/><T81/><D111/><U35/><E35/><V45/><F45/><W42/><AGARI ba="0,1" hai="42,47,50,60,63" m="13866,30799,50249" machi="42" ten="30,4000,0" yaku="19,1,34,2" doraHai="78" who="3" fromWho="3" sc="250,-10,289,-10,240,-20,211,50" /><INIT seed="3,0,0,1,3,107" ten="240,279,220,261" oya="3" hai0="112,27,59,20,30,46,83,38,44,76,119,99,37" hai1="31,68,53,33,71,23,105,14,80,51,108,22,54" hai2="81,40,125,100,21,43,86,72,4,45,1,106,129" hai3="121,133,130,18,62,16,109,89,66,0,48,60,2"/><W56/><G121/><T135/><D119/><U3/><E105/><V24/><F43/><W17/><G130/><T65/><D135/><U69/><E3/><V127/><F129/><W49/><G133/><T67/><D112/><U122/><E122/><V102/><F86/><W115/><G115/><T9/><D99/><U28/><E33/><V12/><F12/><W74/><G74/><T103/><D103/><U79/><E108/><V82/><F82/><W117/><G117/><T50/><D46/><U123/><E123/><V93/><F93/><W73/><G73/><T126/><D126/><N who="2" m="48138" /><F106/><W98/><G109/><T41/><D9/><U104/><E104/><V5/><F1/><W42/><G0/><T15/><D15/><U113/><E113/><V116/><F116/><W118/><G2/><T63/><REACH who="0" step="1"/><D67/><REACH who="0" ten="230,279,220,261" step="2"/><U8/><E8/><V35/><F100/><W101/><G101/><T34/><D34/><U70/><E14/><V52/><F102/><W19/><G118/><T111/><D111/><U114/><E114/><V11/><F35/><W134/><G134/><T26/><D26/><U132/><E132/><V6/><F11/><W29/><G66/><T78/><D78/><U75/><E22/><V64/><F64/><W25/><G25/><T120/><D120/><U91/><E23/><V124/><F124/><W92/><G98/><T32/><D32/><U88/><N who="1" m="17408" /><DORA hai="7" /><U95/><E91/><V57/><F45/><W90/><G90/><T85/><AGARI ba="0,1" hai="20,27,30,37,38,41,44,50,59,63,65,76,83,85" machi="85" ten="20,2700,0" yaku="1,1,0,1,7,1,53,0" doraHai="107,7" doraHaiUra="10,13" who="0" fromWho="0" sc="230,37,279,-7,220,-7,261,-13" /><INIT seed="4,0,0,1,3,113" ten="267,272,213,248" oya="0" hai0="73,9,114,45,11,30,32,44,96,128,0,24,49" hai1="119,75,77,60,129,29,97,5,105,90,111,121,1" hai2="6,51,40,22,74,102,55,56,78,69,16,132,91" hai3="89,103,38,23,93,68,122,108,18,83,124,66,31"/><T98/><D114/><U2/><E121/><V57/><F69/><W120/><G108/><T3/><D73/><U88/><E111/><V47/><F132/><W134/><G38/><T14/><D11/><U62/><E29/><V94/><F6/><W99/><G134/><T81/><D45/><U104/><E5/><V125/><F125/><W116/><G124/><T52/><D128/><U53/><E53/><V7/><F7/><W70/><G31/><T92/><D81/><U25/><E25/><V50/><F102/><W131/><G131/><T109/><D98/><U21/><E21/><V63/><F74/><W35/><G35/><T13/><D13/><U100/><E75/><V76/><F51/><W87/><G116/><T41/><D41/><U115/><E77/><V71/><F57/><W107/><G66/><T133/><D109/><U117/><E97/><V84/><REACH who="2" step="1"/><F71/><REACH who="2" ten="267,272,203,248" step="2"/><W110/><G110/><T130/><D133/><U61/><E115/><V42/><F42/><W86/><G68/><T85/><D130/><U4/><E4/><V46/><F46/><W72/><G70/><T65/><D0/><N who="1" m="107" /><E100/><V64/><F64/><W33/><G72/><T12/><D65/><U10/><E129/><V118/><F118/><N who="1" m="45065" /><E10/><V58/><F58/><W28/><G120/><T39/><D9/><U79/><E79/><V135/><F135/><W17/><G122/><T8/><D8/><U15/><E15/><AGARI ba="0,1" hai="15,16,22,40,47,50,55,56,63,76,78,84,91,94" machi="15" ten="30,8000,1" yaku="1,1,7,1,8,1,54,1,53,1" doraHai="113" doraHaiUra="19" who="2" fromWho="1" sc="267,0,272,-80,203,90,248,0" /><INIT seed="5,0,0,2,0,115" ten="267,192,293,248" oya="1" hai0="39,132,133,126,14,106,120,68,26,59,56,25,85" hai1="94,93,5,78,105,104,102,17,0,92,57,42,71" hai2="29,44,101,74,108,19,18,123,34,61,24,65,27" hai3="87,51,127,23,82,121,60,73,131,130,55,12,48"/><U36/><E71/><V124/><F108/><W70/><G121/><T95/><D120/><U22/><E78/><V16/><F123/><W38/><G38/><T112/><D112/><U15/><E102/><V37/><F74/><W53/><G73/><T35/><D68/><U62/><E42/><V86/><F124/><W114/><G127/><T90/><D126/><U98/><E36/><V8/><F101/><W100/><G100/><T40/><D106/><U6/><E98/><V58/><F86/><W107/><G107/><T2/><D2/><U117/><E117/><V69/><F69/><W52/><G114/><T21/><D14/><U128/><E128/><N who="3" m="49194" /><G23/><T50/><D39/><U81/><E81/><V32/><F8/><W99/><G99/><T41/><D35/><U31/><E31/><V125/><F125/><W118/><G12/><T20/><D95/><U72/><E72/><V129/><F129/><W46/><G118/><T79/><D85/><U67/><REACH who="1" step="1"/><E6/><REACH who="1" ten="267,182,293,248" step="2"/><V119/><F119/><W116/><G116/><T28/><D79/><U91/><E91/><V103/><F103/><W80/><G80/><T49/><D28/><U96/><E96/><V64/><F29/><W75/><G75/><T13/><D90/><U122/><E122/><V45/><F37/><W113/><G113/><T84/><D84/><U77/><E77/><V109/><F34/><W1/><G82/><T66/><D40/><U30/><E30/><V43/><F43/><W9/><G87/><T11/><D41/><U33/><E33/><V10/><F32/><W3/><G70/><T89/><D89/><RYUUKYOKU ba="0,1" sc="267,-10,182,30,293,-10,248,-10" hai1="0,5,15,17,22,57,62,67,92,93,94,104,105" /><INIT seed="5,1,1,1,4,15" ten="257,212,283,238" oya="1" hai0="81,52,88,24,3,101,105,38,124,1,109,26,62" hai1="40,130,71,116,104,87,95,125,11,20,16,0,13" hai2="115,34,43,92,77,58,19,82,83,68,22,99,21" hai3="74,8,122,69,2,123,112,10,134,97,48,50,33"/><U66/><E116/><V120/><F68/><W70/><G33/><T119/><D109/><U89/><E104/><V5/><F34/><W55/><G74/><T51/><D38/><U65/><E130/><V37/><F120/><W29/><G29/><T46/><D124/><U135/><E125/><V59/><F5/><W108/><G108/><T45/><D119/><U14/><E0/><V129/><F129/><W118/><G118/><T113/><D113/><U128/><E128/><V86/><F115/><W57/><G112/><T30/><D46/><U127/><E127/><V121/><F121/><W4/><G134/><T78/><D62/><U35/><E35/><V36/><F36/><W18/><G70/><T49/><D49/><U27/><E135/><V64/><F64/><N who="1" m="24681" /><E71/><V131/><F131/><W126/><G69/><T9/><D1/><U67/><N who="1" m="24689" /><U98/><DORA hai="28" /><E40/><V72/><F22/><W6/><G126/><T91/><D3/><U25/><E98/><V31/><F31/><W56/><G97/><T85/><D9/><U75/><E75/><V23/><F23/><W111/><G2/><T79/><D30/><U93/><E93/><V39/><F43/><W102/><G111/><T103/><D105/><U76/><E76/><N who="0" m="29225" /><D91/><U47/><E47/><V114/><F39/><W53/><G102/><AGARI ba="1,1" hai="24,26,45,51,52,81,85,88,101,102,103" m="29225" machi="102" ten="30,3900,0" yaku="8,1,54,2" doraHai="15,28" who="0" fromWho="3" sc="257,52,212,0,283,0,238,-42" /><INIT seed="6,0,0,0,4,117" ten="309,212,283,196" oya="2" hai0="74,101,3,87,44,52,1,84,72,10,130,106,36" hai1="103,56,4,118,91,55,7,131,20,104,92,112,81" hai2="115,0,128,122,51,133,96,126,47,37,41,67,70" hai3="89,71,61,134,73,98,34,46,14,64,120,80,97"/><V132/><F0/><W6/><G34/><T22/><D52/><U123/><E118/><V100/><F96/><W24/><G134/><N who="2" m="51817" /><F100/><W65/><G65/><T135/><D22/><U59/><E112/><V42/><F115/><W69/><G69/><T17/><D101/><U9/><E131/><V93/><F93/><W5/><G5/><T110/><D3/><U49/><E81/><V79/><F79/><W99/><G24/><T109/><D1/><U58/><E104/><V39/><F128/><W119/><G119/><T82/><D130/><U121/><E103/><V111/><F126/><W77/><G46/><T45/><D45/><N who="1" m="28079" /><E20/><V35/><F35/><W25/><G25/><T116/><D44/><U54/><E9/><V114/><F114/><W33/><G33/><T76/><D10/><U86/><E54/><N who="2" m="30079" /><F111/><W57/><G71/><T15/><D110/><U21/><E21/><V94/><F94/><W85/><G73/><T50/><D74/><U2/><E2/><V108/><F108/><W30/><G30/><T90/><D72/><U43/><E43/><N who="2" m="16395" /><F122/><AGARI ba="0,0" hai="4,7,56,58,59,86,91,92,121,122,123" m="28079" machi="122" ten="30,7700,0" yaku="13,1,52,3" doraHai="117" who="1" fromWho="2" sc="309,0,212,77,283,-77,196,0" /><INIT seed="7,0,0,5,0,127" ten="309,289,206,196" oya="3" hai0="83,135,10,80,104,1,116,92,53,33,47,120,99" hai1="86,28,63,75,8,41,97,30,76,130,126,112,32" hai2="21,24,85,15,94,60,133,123,27,22,78,19,114" hai3="40,125,35,81,9,57,69,73,48,59,131,38,50"/><W103/><G69/><T117/><D104/><U91/><E126/><V56/><F114/><W26/><G125/><T55/><D33/><U2/><E112/><V42/><F133/><W111/><G38/><T106/><D120/><U51/><E97/><V90/><F123/><W49/><G111/><T82/><D106/><U68/><E75/><V25/><F42/><W34/><G131/><T96/><D96/><U98/><E98/><V37/><F37/><W102/><G40/><T16/><D1/><U54/><E76/><V36/><F36/><W62/><G9/><T66/><D66/><U7/><E32/><N who="3" m="12330" /><G26/><T44/><D135/><U46/><E130/><V110/><F78/><W93/><G93/><T3/><D3/><U23/><E23/><V72/><F72/><W87/><G73/><T100/><D117/><U79/><E79/><V29/><REACH who="2" step="1"/><F110/><REACH who="2" ten="309,289,196,196" step="2"/><W6/><G6/><T84/><D116/><U17/><E41/><V101/><F101/><N who="3" m="38411" /><G62/><T43/><D43/><U108/><E108/><V95/><F95/><W115/><G115/><T105/><D92/><N who="1" m="54391" /><E63/><V109/><F109/><W113/><G113/><T122/><D122/><U64/><E7/><V129/><F129/><W39/><G39/><T11/><D100/><U52/><E68/><V70/><F70/><W12/><G12/><T18/><D105/><U89/><E2/><V134/><F134/><W31/><G31/><T20/><D18/><U0/><E0/><V58/><F58/><N who="3" m="22027" /><G81/><T65/><D83/><U119/><E28/><V45/><F45/><W132/><G132/><T74/><D44/><U4/><E30/><RYUUKYOKU ba="0,1" sc="309,-15,289,-15,196,15,196,15" hai2="15,19,21,22,24,25,27,29,56,60,85,90,94" hai3="48,49,50,87" /><INIT seed="7,1,1,2,5,89" ten="294,274,211,211" oya="3" hai0="6,14,61,127,101,72,79,114,115,46,90,24,125" hai1="77,69,78,34,63,8,21,13,47,83,123,86,48" hai2="132,81,20,103,53,96,54,52,68,111,82,98,102" hai3="62,73,31,133,3,2,45,22,25,4,56,64,38"/><W100/><G73/><T70/><D101/><N who="2" m="38410" /><F68/><W130/><G130/><T5/><D90/><U108/><E123/><V30/><F111/><W116/><G116/><T36/><D24/><U19/><E108/><V50/><F132/><W74/><G74/><T87/><D87/><U84/><E34/><V122/><F122/><W88/><G133/><T105/><D105/><U29/><E69/><V91/><F50/><W124/><G124/><N who="0" m="47691" /><D79/><N who="1" m="30219" /><E63/><V0/><F0/><W17/><G100/><T131/><D131/><U134/><E134/><V49/><F49/><W112/><G112/><N who="0" m="43051" /><D14/><U110/><E110/><V18/><F30/><W23/><G88/><T135/><D72/><U129/><E129/><V117/><F117/><W32/><G32/><T94/><D94/><U1/><E1/><V40/><F91/><W35/><G35/><T10/><D10/><U37/><E37/><V11/><F11/><W104/><G104/><T41/><D135/><U9/><E9/><V51/><F96/><W28/><G28/><T120/><D120/><U33/><E33/><V76/><F98/><W95/><G95/><T16/><D16/><N who="1" m="8231" /><E83/><V15/><F76/><W107/><G107/><T42/><D42/><N who="1" m="24695" /><E29/><V128/><F128/><W93/><G93/><T106/><D106/><U43/><E43/><V75/><F75/><W65/><G65/><AGARI ba="1,1" hai="5,6,36,41,46,61,65,70" m="43051,47691" machi="65" ten="30,3900,0" yaku="18,1,15,1,11,1" doraHai="89" who="0" fromWho="3" sc="294,52,274,0,211,0,211,-42" owari="346,44.6,274,7.4,211,-18.9,169,-33.1" /></mjloggm>