<mjloggm ver="2.3"><GO type="169" lobby="0"/><UN n0="%E3%83%AB%E3%83%89%E3%82%A6%E3%82%A3%E3%83%83%E3%82%B0" n1="%E3%81%9F%E3%81%BE%E5%AD%90" n2="%E3%81%8B%E3%82%81%E3%81%98%E3%82%8D%E3%81%86" n3="%E3%81%AB%E3%81%A3%E3%81%A1%E3%82%87" dan="16,17,16,17" rate="2140.48,2223.82,2126.29,2210.56" sx="M,M,M,M"/><TAIKYOKU oya="0"/><INIT seed="0,0,0,2,2,135" ten="250,250,250,250" oya="0" hai0="41,31,72,24,70,75,77,94,95,19,60,23,110" hai1="14,54,45,126,34,125,117,2,74,11,82,101,67" hai2="53,92,0,103,97,21,91,93,80,111,51,61,112" hai3="28,47,100,102,59,127,88,133,5,131,66,63,104"/><T71/><D110/><U36/><E117/><V64/><F112/><W9/><G133/><T56/><D41/><N who="1" m="22695" /><E34/><V76/><F111/><W15/><G131/><T49/><D49/><U6/><E54/><V73/><F0/><W58/><G104/><T43/><D43/><U57/><E14/><V65/><F61/><W46/><G28/><T114/><D114/><U79/><E101/><V90/><F21/><W29/><G29/><T68/><D19/><U55/><E67/><V128/><F128/><W96/><G102/><T113/><D113/><U13/><E13/><V124/><F124/><W116/><G127/><T32/><D32/><U120/><E120/><V134/><F134/><W115/><G116/><T99/><D77/><U106/><E106/><V25/><F25/><W119/><G100/><T121/><D121/><U62/><AGARI ba="0,0" hai="2,6,11,55,57,62,74,79,82,125,126" m="22695" machi="62" ten="30,4000,0" yaku="25,1,52,2" doraHai="135" who="1" fromWho="1" sc="250,-20,250,40,250,-10,250,-10" /><INIT seed="1,0,0,1,1,97" ten="230,290,240,240" oya="1" hai0="108,9,83,92,128,131,15,81,66,48,6,115,79" hai1="29,107,22,94,125,24,135,32,5,26,57,82,86" hai2="98,31,72,43,42,13,126,4,37,75,47,71,111" hai3="85,65,12,101,130,114,44,118,46,2,129,90,127"/><U122/><E122/><V39/><F111/><W112/><G2/><T40/><D115/><U68/><E68/><V77/><F126/><W105/><G65/><T74/><D108/><U18/><E107/><V69/><F31/><W56/><G56/><T95/><D66/><U52/><E125/><V78/><F13/><W25/><G127/><T113/><D113/><U54/><E135/><V58/><F58/><W8/><G25/><T19/><D83/><U49/><E5/><V73/><F4/><W53/><G118/><T60/><D60/><U55/><REACH who="1" step="1"/><E94/><REACH who="1" ten="230,280,240,240" step="2"/><V50/><F71/><W91/><G105/><T21/><D95/><U89/><AGARI ba="0,1" hai="18,22,24,26,29,32,49,52,54,55,57,82,86,89" machi="89" ten="20,12000,1" yaku="1,1,2,1,0,1,7,1,54,1,53,0" doraHai="97" doraHaiUra="102" who="1" fromWho="1" sc="230,-40,280,130,240,-40,240,-40" /><INIT seed="1,1,0,1,0,66" ten="190,410,200,200" oya="1" hai0="62,103,57,74,27,82,21,4,104,71,86,113,83" hai1="36,90,73,43,40,108,134,6,124,61,92,54,127" hai2="32,101,96,46,68,16,100,2,63,33,45,79,51" hai3="34,49,31,0,98,59,116,20,133,9,112,132,95"/><U81/><E6/><V26/><F2/><W85/><G112/><T41/><D113/><U67/><E134/><V99/><F79/><W130/><G34/><T37/><D4/><U38/><E81/><V47/><F51/><W7/><G85/><T126/><D126/><N who="1" m="48171" /><E73/><V119/><F119/><W125/><G116/><T129/><D129/><U76/><E76/><V122/><F122/><W28/><G130/><T39/><D74/><U88/><E54/><V30/><F32/><W102/><G125/><T25/><D25/><U58/><E108/><V3/><F3/><W65/><G49/><T70/><D103/><U72/><E72/><V109/><F109/><W110/><G110/><T1/><D104/><U64/><E64/><V111/><F111/><W14/><G0/><T77/><D83/><U87/><E90/><V18/><F101/><W42/><G42/><AGARI ba="1,0" hai="36,38,40,42,43,58,61,67,87,88,92" m="48171" machi="42" ten="30,2900,0" yaku="18,1,54,1" doraHai="66" who="1" fromWho="3" sc="190,0,410,32,200,0,200,-32" /><INIT seed="1,2,0,3,4,98" ten="190,442,200,168" oya="1" hai0="48,135,40,127,104,2,71,20,19,95,43,128,23" hai1="120,116,123,58,80,12,94,115,60,99,129,32,72" hai2="27,8,4,107,119,97,6,46,82,33,51,65,14" hai3="117,106,44,73,21,56,132,18,96,24,39,101,59"/><U118/><E32/><V93/><F119/><N who="1" m="45609" /><E12/><V74/><F107/><W134/><G117/><T81/><D104/><U50/><E50/><V3/><F65/><W31/><G73/><T54/><D71/><U85/><E58/><V17/><F74/><W38/><G18/><T111/><D111/><U68/><E60/><V16/><F82/><W63/><G59/><T91/><D2/><U122/><E68/><V25/><F33/><W90/><G90/><T1/><D1/><U88/><E115/><V69/><F69/><W41/><REACH who="3" step="1"/><G39/><REACH who="3" ten="190,442,200,158" step="2"/><T112/><D19/><N who="2" m="7242" /><F6/><W37/><G37/><T105/><D112/><U55/><E129/><V124/><F124/><W77/><G77/><T22/><D127/><U57/><E57/><V102/><F3/><W29/><G29/><T78/><D128/><U125/><E125/><V13/><F14/><W75/><G75/><T52/><D78/><N who="1" m="44103" /><E55/><AGARI ba="2,1" hai="4,8,13,25,27,46,51,55,93,97,102" m="7242" machi="55" ten="30,3900,0" yaku="8,1,52,1,54,1" doraHai="98" who="2" fromWho="1" sc="190,0,442,-45,200,55,158,0" /><AGARI ba="2,0" hai="21,24,31,38,41,44,55,56,63,96,101,106,132,134" machi="55" ten="40,2600,0" yaku="1,1,52,1,53,0" doraHai="98" doraHaiUra="109" who="3" fromWho="1" sc="190,0,397,-26,255,0,158,26" /><INIT seed="2,0,0,5,3,68" ten="190,371,255,184" oya="2" hai0="124,85,97,110,19,34,59,5,27,128,35,67,113" hai1="132,33,130,112,56,84,52,103,63,43,36,127,107" hai2="96,13,17,104,75,77,99,123,119,15,16,106,8" hai3="120,46,0,82,90,89,54,50,53,79,122,32,95"/><V74/><F123/><W105/><G105/><T23/><D113/><U41/><E112/><V51/><F51/><W10/><G32/><T80/><D110/><U83/><E33/><V88/><F119/><W14/><G0/><T39/><D128/><U47/><E130/><V114/><F114/><W18/><G54/><T22/><D124/><U65/><E127/><V61/><F61/><W72/><REACH who="3" step="1"/><G89/><REACH who="3" ten="190,371,255,174" step="2"/><T117/><D35/><U66/><E132/><V76/><REACH who="2" step="1"/><F88/><REACH who="2" ten="190,371,245,174" step="2"/><W108/><G108/><T37/><D117/><U38/><E66/><V42/><F42/><W134/><G134/><T12/><D67/><U49/><E43/><V69/><F69/><W98/><AGARI ba="0,2" hai="10,14,18,46,50,53,72,79,82,90,95,98,120,122" machi="98" ten="20,2700,0" yaku="1,1,0,1,7,1,53,0" doraHai="68" doraHaiUra="30" who="3" fromWho="3" sc="190,-7,371,-7,245,-13,174,47" /><INIT seed="3,0,0,4,5,47" ten="183,364,232,221" oya="3" hai0="62,51,14,109,64,103,33,8,95,55,22,98,87" hai1="32,0,40,122,80,23,118,1,46,131,120,78,28" hai2="123,106,70,73,102,82,12,65,61,26,69,60,110" hai3="45,24,107,133,15,116,100,66,19,31,58,59,44"/><W119/><G133/><T43/><D109/><U108/><E23/><V4/><F110/><W114/><G114/><T71/><D33/><U93/><E108/><V7/><F123/><W84/><G107/><T2/><D43/><U99/><E118/><V20/><F106/><W129/><G129/><T41/><D41/><U52/><E131/><V6/><F102/><W48/><G100/><T97/><D97/><U86/><E120/><V49/><F49/><W111/><G111/><T57/><D87/><U96/><E96/><V132/><F132/><W29/><G84/><T112/><D22/><U10/><E10/><V85/><F73/><W13/><G66/><T16/><REACH who="0" step="1"/><D2/><REACH who="0" ten="173,364,232,221" step="2"/><U79/><E0/><V94/><F94/><W88/><G116/><T37/><D37/><U11/><E1/><V75/><F75/><W135/><G119/><T76/><D76/><U5/><E78/><V81/><F85/><W74/><G74/><T54/><D54/><U36/><E52/><V117/><F117/><W121/><G121/><T63/><D63/><U17/><E32/><V9/><F81/><W134/><G134/><T130/><D130/><U27/><E99/><V101/><F82/><W53/><G135/><T42/><D42/><U113/><E93/><V77/><F77/><W30/><G88/><T72/><D72/><U39/><E39/><V128/><F128/><W105/><G105/><T127/><D127/><U21/><E122/><V92/><F92/><W25/><G53/><T90/><D90/><U104/><E104/><V91/><F91/><W89/><G89/><T125/><D125/><RYUUKYOKU ba="0,1" sc="173,30,364,-10,232,-10,221,-10" hai0="8,14,16,51,55,57,62,64,71,95,98,103,112" /><INIT seed="4,1,1,5,4,11" ten="203,354,222,211" oya="0" hai0="72,93,117,21,44,77,1,38,132,121,16,114,54" hai1="37,65,6,57,79,8,47,50,10,99,122,56,101" hai2="87,88,2,14,97,7,64,80,78,106,135,4,58" hai3="84,94,127,20,42,63,18,39,13,68,96,104,40"/><T111/><D114/><U102/><E122/><V120/><F120/><W36/><G127/><T32/><D121/><U109/><E109/><V74/><F135/><W89/><G68/><T12/><D117/><U34/><E34/><V60/><F2/><W118/><G118/><T17/><D32/><U27/><E37/><V25/><F25/><W9/><G39/><T51/><D1/><U85/><E27/><V5/><F106/><W33/><G33/><T26/><D132/><U0/><E10/><N who="2" m="4423" /><F74/><W69/><G36/><T124/><D124/><U116/><E116/><V46/><F46/><W55/><G9/><T119/><D119/><U19/><E19/><V76/><F97/><W95/><G104/><T23/><D111/><U113/><E65/><V71/><F71/><W61/><G69/><T86/><D38/><U130/><E130/><V103/><F103/><W49/><G42/><T82/><REACH who="0" step="1"/><D93/><REACH who="0" ten="193,354,222,211" step="2"/><U107/><E113/><V22/><F22/><W62/><G40/><T125/><D125/><U48/><E107/><V81/><F81/><N who="3" m="49295" /><G96/><T66/><D66/><U24/><E99/><V31/><F31/><W134/><G134/><T128/><D128/><U29/><E0/><V15/><F7/><W83/><G83/><T45/><D45/><AGARI ba="1,2" hai="13,18,20,45,49,55,61,62,63,94,95" m="49295" machi="45" ten="30,2000,0" yaku="8,1,52,1" doraHai="11" who="3" fromWho="0" sc="193,-23,354,0,222,0,211,43" /><INIT seed="5,0,0,3,0,92" ten="170,354,222,254" oya="1" hai0="90,30,28,81,103,85,50,38,1,25,100,62,18" hai1="69,84,127,29,105,43,120,118,14,67,53,48,114" hai2="91,57,123,23,37,95,117,63,44,107,11,26,86" hai3="72,10,8,79,0,58,42,80,98,101,34,16,94"/><U128/><E118/><V55/><F123/><W130/><G34/><T97/><D38/><U133/><E120/><V3/><F117/><W87/><G130/><T109/><D1/><U39/><E105/><V60/><F107/><W70/><G70/><T45/><D109/><U54/><E29/><V66/><F3/><W17/><G42/><T116/><D116/><U73/><E73/><V74/><F74/><W46/><G46/><T33/><D28/><U131/><E14/><V88/><F11/><W110/><G110/><T9/><D62/><N who="1" m="40183" /><E84/><V49/><F91/><W96/><G58/><T40/><D9/><U15/><E15/><V82/><F37/><W126/><G126/><T125/><D125/><U41/><E127/><V134/><F63/><W13/><G0/><T5/><D5/><U47/><E114/><V64/><F134/><W19/><G10/><T12/><D12/><U99/><E99/><V7/><F7/><W106/><G72/><T20/><D33/><U75/><E75/><V122/><F122/><W65/><G65/><T115/><D115/><U6/><E6/><V56/><F82/><W102/><AGARI ba="0,0" hai="8,13,16,17,19,79,80,87,94,96,98,101,102,106" machi="102" ten="20,8000,1" yaku="0,1,7,1,52,2,54,1" doraHai="92" who="3" fromWho="3" sc="170,-20,354,-40,222,-20,254,80" /><INIT seed="6,0,0,2,3,116" ten="150,314,202,334" oya="2" hai0="58,36,47,35,102,119,45,126,123,7,103,0,130" hai1="114,97,65,61,40,76,3,86,13,134,28,89,4" hai2="72,56,121,111,9,60,99,44,8,10,62,83,125" hai3="20,110,105,53,46,39,81,30,107,19,93,50,29"/><V132/><F125/><W57/><G110/><T2/><D35/><U49/><E114/><V101/><F111/><W64/><G105/><T63/><D119/><U33/><E3/><V1/><F132/><W17/><G107/><T66/><D126/><U41/><E134/><V18/><F1/><W77/><G93/><T71/><D130/><U112/><E112/><V90/><F121/><W127/><G17/><T24/><D2/><U80/><E33/><V42/><F18/><W133/><G127/><T68/><D68/><U6/><E28/><V122/><F122/><W32/><G32/><T67/><D67/><U59/><E49/><V75/><F90/><W27/><G133/><T96/><D123/><U131/><E131/><V120/><F120/><W12/><G27/><T92/><D36/><U69/><E69/><V25/><F25/><W54/><G64/><T104/><D24/><U38/><E38/><V5/><F5/><N who="1" m="2153" /><E13/><V88/><F72/><W26/><G12/><T84/><D71/><U98/><E98/><V118/><F118/><W128/><G39/><T106/><D106/><U14/><E14/><V109/><F109/><W124/><G124/><T73/><D73/><U22/><E22/><V16/><F16/><W23/><G23/><T113/><D113/><U108/><E108/><V15/><F15/><W78/><G128/><T115/><D115/><U11/><E11/><V34/><F34/><W52/><G30/><T43/><D103/><U51/><E51/><N who="2" m="27031" /><F75/><N who="3" m="43199" /><G29/><T70/><D70/><U135/><E135/><V82/><F10/><W48/><G78/><T21/><D0/><RYUUKYOKU ba="0,0" sc="150,-15,314,15,202,-15,334,15" hai1="40,41,59,61,65,76,80,86,89,97" hai3="19,20,26,46,48,50,52,53,54,57" /><INIT seed="7,1,0,2,2,87" ten="135,329,187,349" oya="3" hai0="46,114,117,25,51,110,67,34,45,60,115,126,8" hai1="72,35,10,130,21,69,4,13,105,62,128,96,2" hai2="112,101,32,43,102,24,42,71,75,111,74,6,31" hai3="65,15,124,55,68,22,81,17,20,5,56,19,33"/><W127/><G33/><T23/><D117/><U64/><E72/><V40/><F111/><W73/><G5/><T106/><D106/><U59/><E35/><V58/><F71/><W91/><G65/><T79/><D110/><U89/><E105/><V88/><F112/><W125/><G68/><T135/><D34/><U61/><E21/><N who="3" m="8298" /><G15/><T76/><D135/><U122/><E13/><V98/><F6/><W11/><G11/><T3/><D126/><U121/><E62/><V107/><F102/><W26/><G26/><T18/><D8/><U134/><E69/><V12/><F12/><W129/><G129/><N who="1" m="49770" /><E134/><V123/><F123/><W14/><G14/><T131/><D3/><U52/><E64/><V41/><N who="2" m="10240" /><DORA hai="113" /><V100/><F100/><W80/><G91/><T28/><D131/><U77/><E77/><V48/><F88/><W116/><G116/><T83/><D115/><U66/><E66/><V38/><F38/><W118/><G118/><T78/><D114/><U99/><E99/><V92/><F107/><W70/><G70/><T94/><D83/><N who="3" m="31817" /><G73/><T36/><D36/><U53/><E53/><V84/><F84/><W133/><G133/><T57/><D51/><AGARI ba="1,0" hai="17,19,51,55,56,124,125,127" m="31817,8298" machi="51" ten="40,2000,0" yaku="18,1" doraHai="87,113" who="3" fromWho="0" sc="135,-23,329,0,187,0,349,23" owari="112,-38.8,329,12.9,187,-21.3,372,47.2" /></mjloggm>