<mjloggm ver="2.3"><GO type="169" lobby="0"/><UN n0="%E7%AD%89%E3%80%85%E5%8A%9B%E5%8A%87%E5%A0%B4" n1="%E5%B0%8F%E8%B1%86%E6%A2%93" n2="%E7%89%A7%E5%A0%B4%E3%81%AE%E5%B0%91%E5%A5%B3" n3="%E3%82%86%E3%81%86%E3%82%8C%E3%81%84%E3%81%84%E3%81%8B" dan="16,16,17,17" rate="2144.03,2137.55,2221.21,2191.63" sx="M,F,F,M"/><TAIKYOKU oya="0"/><INIT seed="0,0,0,2,1,75" ten="250,250,250,250" oya="0" hai0="63,90,17,29,34,126,66,46,58,18,12,100,130" hai1="87,32,55,24,112,50,113,60,121,13,0,26,123" hai2="64,132,84,28,81,103,47,109,37,65,74,51,125" hai3="97,79,122,22,4,56,33,116,48,88,104,77,82"/><T67/><D130/><U39/><E39/><V2/><F109/><W78/><G33/><T61/><D126/><U36/><E36/><V40/><F132/><W38/><G116/><T120/><D120/><U127/><E0/><V8/><F125/><W59/><G38/><T124/><D124/><U106/><E106/><V93/><F28/><W70/><G70/><T23/><D100/><U96/><E96/><V105/><F105/><W134/><G134/><T19/><D90/><U7/><E60/><V68/><F68/><W16/><G4/><T86/><D86/><U92/><E127/><V102/><F51/><W14/><G122/><T42/><D29/><U44/><E32/><V6/><F102/><W62/><G104/><T41/><D34/><U69/><E69/><V89/><REACH who="2" step="1"/><F103/><REACH who="2" ten="250,250,240,250" step="2"/><W107/><G107/><T20/><D63/><U1/><E123/><V91/><F91/><W115/><G115/><T52/><D61/><U101/><E121/><V10/><F10/><W128/><G128/><T53/><D23/><U98/><E113/><V135/><F135/><W54/><G62/><T133/><D20/><U3/><E112/><V9/><F9/><W94/><REACH who="3" step="1"/><G59/><REACH who="3" ten="250,250,240,240" step="2"/><T71/><D58/><U21/><E50/><V72/><F72/><AGARI ba="0,2" hai="14,16,22,48,54,56,72,77,78,79,82,88,94,97" machi="72" ten="30,16000,3" yaku="1,1,2,1,7,1,52,3,54,2,53,0" doraHai="75" doraHaiUra="83" who="3" fromWho="2" sc="250,0,250,0,240,-160,240,180" /><INIT seed="1,0,0,0,3,95" ten="250,250,80,420" oya="1" hai0="118,10,14,92,105,51,30,8,48,27,15,84,65" hai1="106,52,122,9,90,26,11,22,102,60,124,76,24" hai2="112,99,125,7,83,77,41,44,73,47,61,80,25" hai3="56,113,72,100,23,79,93,101,37,81,123,78,115"/><U36/><E122/><V21/><F125/><W97/><G37/><T28/><D105/><U129/><E124/><V33/><F112/><N who="3" m="43083" /><G56/><T67/><D92/><U16/><E36/><V94/><F33/><W1/><G23/><T87/><REACH who="0" step="1"/><D27/><REACH who="0" ten="240,250,80,420" step="2"/><U64/><E26/><V55/><F94/><W32/><G93/><T45/><D45/><U70/><E129/><V31/><F44/><W89/><G101/><T98/><D98/><U91/><E102/><V109/><F99/><W71/><G97/><T74/><D74/><U35/><E106/><V131/><F73/><W66/><G72/><T57/><D57/><U40/><E70/><V50/><F47/><W116/><G71/><T128/><D128/><U59/><E35/><V96/><F96/><W62/><G32/><T29/><D29/><U54/><E40/><V4/><F31/><W38/><G100/><T2/><D2/><U130/><E130/><V63/><F41/><W58/><G1/><T49/><D49/><U85/><E76/><V121/><F77/><W0/><G79/><T110/><D110/><U46/><E46/><V126/><F109/><W86/><G78/><T107/><D107/><U120/><E120/><V114/><F121/><W20/><G123/><T68/><D68/><U13/><E90/><V6/><F131/><W19/><G38/><T82/><D82/><N who="1" m="49591" /><E11/><V132/><F25/><N who="3" m="14495" /><G0/><T133/><D133/><U108/><E108/><V42/><F132/><W103/><G103/><T135/><D135/><U18/><AGARI ba="0,1" hai="9,13,16,18,22,24,52,54,59,60,64" m="49591" machi="18" ten="30,6000,0" yaku="8,1,54,2" doraHai="95" who="1" fromWho="1" sc="240,-20,250,70,80,-20,420,-20" /><INIT seed="1,1,0,2,1,121" ten="220,320,60,400" oya="1" hai0="99,107,66,27,79,38,123,93,88,133,49,96,57" hai1="29,92,102,135,122,70,134,21,8,46,44,82,114" hai2="78,86,43,103,75,16,132,42,7,36,34,131,91" hai3="68,24,104,45,109,106,69,11,72,25,3,32,110"/><U55/><E114/><V83/><F132/><N who="1" m="50729" /><E122/><V12/><F131/><W98/><G72/><T120/><D38/><U33/><E70/><N who="3" m="27242" /><G45/><T108/><D133/><U47/><E33/><V39/><F34/><W14/><G98/><T101/><D108/><N who="3" m="41577" /><G3/><T31/><D99/><N who="1" m="59751" /><E82/><V118/><F103/><W87/><G87/><T40/><D96/><U41/><E41/><V17/><F42/><W125/><G125/><T37/><D101/><U13/><E55/><V19/><F43/><W20/><G32/><T56/><D40/><U76/><E76/><V53/><F53/><W90/><G90/><T0/><D88/><U59/><E47/><V117/><F36/><W119/><G119/><T85/><D79/><U10/><E46/><V28/><F39/><W60/><G60/><T22/><D37/><U2/><E44/><V52/><F52/><W35/><G35/><T48/><D123/><U115/><E2/><V84/><F75/><W65/><G65/><T30/><D0/><U100/><E100/><V128/><F118/><W112/><G112/><T54/><D66/><U18/><E115/><V80/><F117/><W62/><G62/><T50/><D54/><U113/><E113/><V67/><F67/><W97/><G97/><T111/><D120/><U94/><E94/><V63/><F63/><W64/><G64/><T23/><D93/><U6/><E59/><V124/><F124/><W116/><G116/><T71/><D71/><U5/><E29/><V105/><F28/><N who="3" m="17415" /><G25/><N who="0" m="16695" /><D111/><U89/><E89/><N who="2" m="51335" /><F83/><W130/><G130/><T126/><D126/><U81/><E81/><N who="2" m="49615" /><F128/><W73/><G73/><RYUUKYOKU ba="1,0" sc="220,-15,320,15,60,-15,400,15" hai1="5,6,8,10,13,18,21" hai3="11,14,104,106" /><INIT seed="1,2,0,1,4,69" ten="205,335,45,415" oya="1" hai0="120,122,27,46,99,91,8,12,71,117,115,95,59" hai1="23,5,11,110,45,118,30,57,130,131,10,31,24" hai2="60,135,123,90,72,13,128,89,104,56,18,114,52" hai3="102,25,50,76,94,103,93,70,97,16,21,32,125"/><U58/><E118/><V19/><F123/><W66/><G32/><T80/><D71/><U77/><E77/><V67/><F135/><W79/><G125/><T74/><D115/><U86/><E86/><V113/><F128/><N who="1" m="49193" /><E45/><V33/><F104/><W68/><G68/><T38/><D117/><U22/><E58/><V47/><F72/><W119/><G119/><T54/><D27/><N who="1" m="16767" /><E57/><V63/><F33/><W87/><G50/><T124/><D124/><U20/><E110/><V129/><F19/><W132/><G132/><T2/><D59/><U14/><E10/><V1/><F129/><W111/><G111/><T26/><D8/><U85/><E85/><V81/><F60/><W55/><G55/><T15/><D54/><U40/><E40/><V49/><F1/><W84/><G84/><T116/><D2/><U41/><E41/><V9/><REACH who="2" step="1"/><F81/><REACH who="2" ten="205,335,35,415" step="2"/><W106/><G70/><T42/><D80/><U29/><E31/><V37/><F37/><W6/><G106/><T92/><D38/><U82/><E82/><V64/><F64/><W39/><G66/><T127/><D116/><U43/><E43/><V75/><F75/><W88/><G39/><T17/><D74/><U108/><E108/><V112/><AGARI ba="2,1" hai="9,13,18,47,49,52,56,63,67,89,90,112,113,114" machi="112" ten="30,7900,0" yaku="1,1,0,1,11,1,54,1,53,0" doraHai="69" doraHaiUra="107" who="2" fromWho="2" sc="205,-22,335,-41,35,95,415,-22" /><INIT seed="2,0,0,2,3,131" ten="183,294,130,393" oya="2" hai0="63,23,50,15,65,33,112,116,95,38,49,12,66" hai1="25,19,39,44,86,81,69,34,4,79,26,31,0" hai2="3,132,71,51,8,7,94,113,58,84,123,20,124" hai3="70,16,77,56,85,35,75,67,60,62,54,106,99"/><V102/><F113/><W55/><G35/><T1/><D33/><U41/><E69/><V24/><F71/><W98/><G75/><T45/><D112/><U117/><E117/><V134/><F123/><W13/><G106/><T92/><D1/><U72/><E86/><V17/><F124/><W114/><G114/><T42/><D116/><U118/><E118/><V108/><F108/><W74/><G74/><T82/><D38/><U101/><E101/><V76/><F76/><W40/><G40/><T78/><D50/><U130/><E19/><V109/><F109/><W9/><REACH who="3" step="1"/><G55/><REACH who="3" ten="183,294,130,383" step="2"/><T88/><D42/><U96/><E130/><V129/><F129/><W64/><G64/><T48/><D66/><U47/><E34/><V52/><REACH who="2" step="1"/><F84/><REACH who="2" ten="183,294,120,383" step="2"/><W59/><G59/><T2/><D45/><U128/><E47/><V53/><F53/><W110/><G110/><T80/><D65/><U89/><E128/><V120/><F120/><W133/><G133/><T14/><D78/><U6/><E79/><V100/><F100/><W61/><G61/><T126/><D63/><U83/><E44/><V18/><F18/><W68/><G68/><T91/><D126/><U121/><E121/><V87/><F87/><W122/><G122/><T30/><D91/><U5/><E89/><V107/><F107/><W32/><G32/><T22/><D88/><U46/><E46/><V104/><F104/><W28/><G28/><T127/><D30/><U103/><E103/><V37/><F37/><W115/><G115/><T125/><D127/><U135/><E31/><V21/><F21/><W119/><G119/><RYUUKYOKU ba="0,2" sc="183,-15,294,-15,120,15,383,15" hai2="3,7,8,17,20,24,51,52,58,94,102,132,134" hai3="9,13,16,54,56,60,62,67,70,77,85,98,99" /><INIT seed="2,1,2,0,3,33" ten="168,279,135,398" oya="2" hai0="106,86,13,36,93,4,96,74,125,103,91,127,95" hai1="56,120,41,29,117,24,99,53,47,88,38,69,72" hai2="87,1,61,21,55,84,67,59,28,71,65,112,108" hai3="35,119,130,49,76,83,9,105,37,60,113,45,18"/><V118/><F112/><W62/><G119/><T57/><D36/><U6/><E117/><V100/><F118/><W124/><G37/><T90/><D57/><U116/><E116/><V31/><F108/><W39/><G39/><T0/><D13/><U101/><E72/><V52/><F1/><W128/><G35/><T43/><D43/><U26/><E69/><V115/><F115/><W104/><G124/><T64/><D64/><U20/><E6/><V98/><F65/><W30/><G30/><T66/><D66/><U129/><E129/><N who="3" m="49770" /><G9/><T77/><D4/><U22/><E120/><V126/><F126/><N who="0" m="48138" /><D0/><U121/><E121/><V70/><F71/><W81/><G18/><T75/><D77/><U50/><E88/><V32/><F28/><W51/><G51/><T114/><D114/><U10/><E10/><V17/><F32/><W131/><G131/><T48/><D48/><U123/><E123/><V85/><F70/><W58/><G76/><T34/><D34/><U107/><E29/><V102/><F31/><W132/><G58/><T109/><D109/><U97/><E26/><V42/><F42/><W46/><G46/><T16/><D16/><U12/><E12/><V133/><F133/><W27/><G132/><T92/><D91/><U79/><E79/><V135/><F135/><W94/><G27/><T14/><D14/><U80/><E24/><N who="2" m="14383" /><F102/><W15/><G113/><T44/><D44/><U25/><E25/><V54/><F100/><W134/><G134/><T11/><D11/><U3/><E3/><V40/><F40/><N who="3" m="24743" /><G15/><T111/><D111/><U23/><E80/><AGARI ba="1,2" hai="74,75,80,86,90,92,93,95,96,103,106" m="48138" machi="80" ten="30,7700,0" yaku="6,1,18,1,34,2" doraHai="33" who="0" fromWho="1" sc="168,100,279,-80,135,0,398,0" /><INIT seed="3,0,0,1,2,86" ten="268,199,135,398" oya="3" hai0="34,20,120,1,52,87,14,99,98,60,123,122,127" hai1="74,101,12,49,78,96,111,90,133,79,107,11,70" hai2="105,119,112,43,19,115,118,91,73,30,6,61,28" hai3="84,25,104,103,81,27,71,69,42,59,7,124,55"/><W80/><G42/><T121/><D1/><U88/><E70/><V37/><F73/><W56/><G7/><T75/><D34/><U130/><E111/><V54/><F105/><W77/><G124/><T41/><D75/><U93/><E130/><V68/><F6/><W29/><G59/><T132/><D132/><U48/><E133/><V51/><F19/><W33/><G27/><T35/><D35/><U126/><E126/><V24/><F28/><W4/><G4/><T38/><D127/><U117/><E117/><V45/><F119/><W5/><G5/><T76/><D123/><U58/><E74/><V22/><F118/><W113/><G113/><T31/><D38/><U57/><E107/><V0/><F0/><W17/><G17/><T13/><D41/><U3/><E3/><V129/><F129/><W39/><G39/><T66/><D31/><U64/><E64/><V114/><F61/><W2/><G81/><T89/><D76/><N who="1" m="29227" /><E57/><V95/><F68/><W94/><G104/><T135/><D135/><U23/><E11/><V9/><F9/><W53/><G53/><T108/><D52/><N who="1" m="32007" /><E49/><V36/><REACH who="2" step="1"/><F43/><REACH who="2" ten="268,199,125,398" step="2"/><W85/><G2/><T67/><D60/><U16/><AGARI ba="0,1" hai="12,16,23,88,90,93,96,101" m="32007,29227" machi="16" ten="30,12000,2" yaku="8,1,52,2,54,3" doraHai="86" who="1" fromWho="1" sc="268,-30,199,130,125,-30,398,-60" /><INIT seed="4,0,0,5,5,21" ten="238,329,95,338" oya="0" hai0="90,101,71,83,53,24,6,86,63,97,73,64,81" hai1="19,114,110,104,92,61,7,102,80,43,77,88,20" hai2="33,95,35,118,55,126,84,122,3,82,67,37,62" hai3="49,15,123,85,29,5,108,23,25,30,115,51,75"/><T68/><D6/><U22/><E110/><V59/><F122/><W46/><G108/><T121/><D121/><U0/><E114/><V14/><F3/><W26/><G75/><T66/><D53/><U79/><E43/><V119/><F126/><W74/><G74/><T57/><D66/><U78/><E61/><V103/><F37/><W120/><G115/><T131/><D131/><U54/><E54/><V39/><F39/><W107/><G107/><T42/><D42/><U11/><E22/><V41/><F41/><W129/><G129/><T132/><D132/><U16/><E19/><V32/><F14/><W125/><G125/><T31/><D81/><U17/><E17/><V89/><F103/><W91/><G120/><T135/><D73/><U127/><E127/><V9/><F9/><N who="3" m="4527" /><G123/><T12/><D12/><U36/><E36/><V72/><F72/><W94/><G23/><T96/><D135/><U8/><E8/><V28/><F28/><N who="3" m="10859" /><G51/><T133/><D133/><U93/><E104/><V65/><REACH who="2" step="1"/><F95/><REACH who="2" ten="238,329,85,338" step="2"/><W56/><G56/><T13/><D13/><N who="1" m="5375" /><E102/><V2/><F2/><W105/><G105/><T1/><D1/><U106/><E106/><V4/><F4/><W87/><G87/><T34/><REACH who="0" step="1"/><D101/><REACH who="0" ten="228,329,85,338" step="2"/><U116/><E0/><V44/><F44/><W134/><G134/><T52/><D52/><AGARI ba="0,2" hai="25,26,46,49,52,85,91,94" m="10859,4527" machi="52" ten="30,7700,0" yaku="8,1,52,2,54,1" doraHai="21" who="3" fromWho="0" sc="228,-77,329,0,85,0,338,97" /><INIT seed="5,0,0,1,3,13" ten="151,329,85,435" oya="1" hai0="1,9,101,57,115,61,67,31,97,123,80,39,90" hai1="134,93,133,86,23,24,116,74,33,0,12,70,77" hai2="45,28,52,14,117,53,126,32,10,17,47,46,49" hai3="81,73,72,37,60,105,8,54,79,100,129,22,19"/><U82/><E116/><V38/><F126/><W95/><G37/><T69/><D39/><U65/><E0/><V15/><F117/><W91/><G129/><T135/><D115/><U121/><E121/><V99/><F32/><W7/><G73/><T26/><D135/><N who="1" m="51723" /><E33/><V106/><F28/><W51/><G60/><T132/><D132/><U108/><E12/><V109/><F109/><W102/><G105/><T64/><D123/><U48/><E48/><V96/><F106/><W21/><G21/><T68/><D67/><U2/><E2/><V119/><F119/><W85/><G8/><T114/><D114/><U36/><E36/><V87/><F87/><W120/><G7/><T56/><D90/><U66/><E70/><V18/><F38/><W58/><G120/><T44/><D80/><U35/><E35/><V4/><F4/><W63/><G51/><T59/><D44/><N who="2" m="17002" /><F53/><W75/><G75/><T40/><D40/><U34/><E34/><V3/><F3/><W55/><G54/><T107/><D69/><U43/><E43/><V111/><F111/><W88/><G91/><T103/><D103/><U104/><E104/><V5/><F5/><W98/><G72/><T118/><D118/><U110/><E108/><V27/><F27/><AGARI ba="0,0" hai="19,22,27,55,58,63,79,81,85,88,95,98,100,102" machi="27" ten="30,12000,2" yaku="7,1,25,2,8,1,52,1,54,1" doraHai="13" who="3" fromWho="2" sc="151,0,329,0,85,-120,435,120" owari="151,-24.9,329,12.9,-35,-53.5,555,65.5" /></mjloggm>