<mjloggm ver="2.3"><GO type="169" lobby="0"/><UN n0="%E3%83%AA%E3%83%84%E3%83%9F%E3%82%B5%E3%83%B3" n1="%6B%73%77%72%74" n2="%E3%81%9F%E3%81%BE%E5%AD%90" n3="%E3%81%97%E3%82%89%E3%81%99%EF%BC%A1" dan="17,16,17,16" rate="2228.45,2123.70,2261.51,2121.27" sx="M,M,M,M"/><TAIKYOKU oya="0"/><INIT seed="0,0,0,4,4,92" ten="250,250,250,250" oya="0" hai0="85,96,104,51,71,27,48,39,118,114,33,97,62" hai1="4,45,94,1,0,3,119,89,19,102,75,12,49" hai2="55,21,90,31,115,80,57,46,98,129,37,99,88" hai3="116,125,65,6,18,132,7,42,107,32,20,77,127"/><T67/><D118/><U109/><E119/><V124/><F115/><W108/><G107/><T59/><D114/><U74/><E109/><V64/><F129/><W84/><G65/><T72/><D72/><U13/><E102/><V43/><F124/><W123/><G42/><T86/><D39/><U66/><E4/><V26/><F64/><W103/><G103/><T15/><D104/><U120/><E66/><V130/><F130/><W131/><G84/><T16/><D33/><U95/><E120/><V73/><F73/><W25/><G77/><T135/><D27/><U63/><E63/><V82/><F90/><W61/><G131/><T93/><D135/><U56/><E56/><V24/><F24/><N who="3" m="14359" /><G61/><T76/><D71/><U28/><E74/><V122/><F122/><W78/><G78/><T70/><D70/><U117/><E117/><V9/><F9/><W110/><G116/><T17/><D17/><U83/><E19/><V100/><F100/><W68/><G68/><T22/><D86/><U106/><E106/><V14/><F14/><W60/><G60/><T79/><D79/><U133/><E13/><V41/><F41/><W87/><G87/><T47/><D51/><U52/><E49/><V53/><F88/><W128/><G128/><T126/><D126/><N who="3" m="48137" /><G132/><T105/><D105/><U121/><E89/><V38/><F38/><W36/><G36/><T50/><D50/><U40/><E133/><V35/><F37/><W44/><G44/><T134/><D134/><U101/><E45/><V34/><F46/><W54/><G123/><T58/><D76/><N who="1" m="44447" /><E121/><V91/><F43/><RYUUKYOKU ba="0,0" sc="250,0,250,0,250,0,250,0" /><INIT seed="1,1,0,0,3,96" ten="250,250,250,250" oya="1" hai0="36,93,81,76,47,4,50,17,21,9,64,127,6" hai1="111,26,121,91,82,18,3,30,67,116,94,119,7" hai2="92,53,129,75,106,133,132,22,123,70,66,20,27" hai3="103,134,15,78,88,58,59,110,135,10,101,104,32"/><U109/><E67/><V40/><F123/><W25/><G110/><N who="1" m="41994" /><E82/><V45/><F106/><W74/><G78/><T68/><D127/><U128/><E121/><V118/><F118/><N who="1" m="45097" /><E91/><V37/><F75/><W51/><G74/><T115/><D115/><U24/><E94/><V33/><F129/><W41/><G104/><T95/><D64/><U114/><E114/><V44/><F66/><W125/><G125/><T63/><D63/><U28/><E128/><V89/><F70/><W112/><G112/><T11/><D36/><U86/><E86/><V38/><F33/><W117/><G117/><T65/><D65/><U14/><E7/><V85/><F85/><W0/><G88/><T90/><D68/><U102/><E102/><N who="3" m="38922" /><G41/><T99/><D93/><U12/><E3/><V131/><F92/><W100/><N who="3" m="38930" /><W113/><DORA hai="71" /><G0/><T42/><D81/><U57/><E57/><V130/><F130/><W80/><G80/><T31/><D76/><U29/><E12/><V61/><F131/><W98/><G98/><T62/><D99/><U107/><E107/><V120/><F120/><W5/><G113/><T56/><D90/><U52/><E52/><V43/><F89/><W39/><G59/><T87/><D87/><U97/><E97/><V126/><F126/><W77/><G77/><T46/><D95/><U73/><E73/><V122/><F122/><W72/><G72/><T23/><D56/><U84/><E84/><V34/><F43/><W54/><G58/><T83/><D42/><U48/><E48/><V35/><F40/><W108/><G108/><T69/><D83/><RYUUKYOKU ba="1,0" sc="250,-10,250,30,250,-10,250,-10" hai1="14,18,24,26,28,29,30" /><INIT seed="1,2,0,5,4,125" ten="240,280,240,240" oya="1" hai0="23,41,8,110,46,78,73,115,117,93,123,89,16" hai1="91,52,64,103,116,11,55,72,4,83,101,14,34" hai2="90,135,74,126,80,77,15,57,129,121,25,60,124" hai3="94,38,66,79,131,61,62,109,104,118,1,106,27"/><U132/><E116/><V81/><F121/><W49/><G109/><T82/><D110/><U35/><E132/><V0/><F0/><W108/><G38/><T95/><D123/><U28/><E64/><V122/><F122/><W120/><G108/><T69/><D69/><U33/><E28/><V45/><F135/><W84/><G120/><T92/><D115/><U107/><E107/><V39/><F25/><W128/><G1/><T86/><D8/><U29/><E29/><V87/><F15/><W48/><G27/><T6/><D6/><U67/><E67/><V24/><F24/><W127/><G127/><N who="2" m="48681" /><F45/><W119/><G94/><T3/><D3/><U58/><E55/><N who="2" m="33855" /><F39/><W100/><G100/><T105/><D105/><U76/><REACH who="1" step="1"/><E91/><REACH who="1" ten="240,270,240,240" step="2"/><V43/><F43/><W111/><G111/><T18/><D117/><N who="3" m="44553" /><G104/><T65/><D65/><U17/><E17/><V12/><F12/><W47/><G106/><T21/><D18/><U68/><E68/><V102/><F102/><W51/><G66/><T63/><D16/><U56/><E56/><V113/><F113/><W133/><G133/><T54/><D54/><U40/><E40/><V26/><F26/><W31/><G31/><T50/><D89/><U88/><E88/><V22/><F22/><W96/><G47/><T75/><D21/><U7/><E7/><V5/><F5/><W114/><G114/><T130/><D23/><U37/><E37/><V19/><F19/><W71/><G71/><T85/><D46/><U42/><E42/><V98/><F98/><W36/><G36/><T13/><D41/><U97/><E97/><RYUUKYOKU ba="2,1" sc="240,-15,270,15,240,15,240,-15" hai1="4,11,14,33,34,35,52,58,72,76,83,101,103" hai2="74,77,80,81,87,90,129" /><INIT seed="1,3,1,2,4,48" ten="225,285,255,225" oya="1" hai0="91,49,64,80,17,20,47,40,120,73,67,37,10" hai1="132,100,38,101,34,107,53,94,52,88,59,97,108" hai2="60,33,133,8,68,31,25,13,5,28,134,3,116" hai3="95,79,7,45,57,16,83,119,131,24,111,122,18"/><U42/><E34/><V14/><F68/><W96/><G122/><T82/><D120/><U26/><E132/><N who="2" m="50795" /><F60/><W21/><G111/><T105/><D105/><U85/><E108/><V121/><F121/><W36/><G131/><T81/><D73/><U22/><E101/><V65/><F65/><W117/><G7/><T2/><D2/><U110/><E110/><V77/><F77/><W43/><G57/><T63/><D10/><U35/><E35/><N who="2" m="20879" /><F116/><W72/><REACH who="3" step="1"/><G18/><REACH who="3" ten="225,285,255,215" step="2"/><T39/><D17/><U90/><E59/><V32/><F32/><W44/><G44/><T123/><D47/><U30/><REACH who="1" step="1"/><E90/><AGARI ba="3,2" hai="16,21,24,36,43,45,72,79,83,90,95,96,117,119" machi="90" ten="40,2600,0" yaku="1,1,54,1,53,0" doraHai="48" doraHaiUra="61" who="3" fromWho="1" sc="225,0,285,-35,255,0,215,55" /><INIT seed="2,0,0,4,0,45" ten="225,250,255,270" oya="2" hai0="20,126,52,68,17,121,43,38,77,83,50,56,66" hai1="18,87,104,99,55,6,62,103,111,118,95,8,116" hai2="133,40,67,84,0,112,19,29,105,74,123,122,25" hai3="92,5,101,108,28,106,72,34,61,94,48,76,46"/><V125/><F112/><W70/><G108/><T57/><D121/><U41/><E111/><V98/><F74/><W39/><G5/><T79/><D126/><U54/><E41/><V110/><F110/><W7/><G7/><T107/><D107/><U82/><E18/><V96/><F125/><W35/><G39/><T14/><D57/><U86/><E104/><V11/><F133/><W23/><G23/><T135/><D135/><U24/><E24/><V90/><F67/><W58/><G70/><T132/><D132/><U130/><E130/><V91/><F40/><W120/><G106/><T100/><D100/><U119/><E62/><V129/><F129/><W21/><G76/><T10/><D20/><U71/><E71/><V124/><F124/><W9/><G9/><T30/><D30/><U15/><REACH who="1" step="1"/><E87/><REACH who="1" ten="225,240,255,270" step="2"/><V115/><F19/><W134/><G61/><N who="0" m="40015" /><D83/><U60/><E60/><V85/><F105/><W117/><G134/><T27/><D27/><U3/><E3/><V16/><F16/><W63/><G63/><T49/><D49/><U65/><E65/><V73/><F25/><W44/><G48/><T36/><D36/><U93/><E93/><V51/><F51/><W80/><G92/><T1/><D1/><U127/><E127/><V12/><F0/><W78/><G94/><T26/><D26/><U81/><E81/><V13/><F115/><W114/><G80/><T88/><D38/><U89/><AGARI ba="0,1" hai="6,8,15,54,55,82,86,89,95,99,103,116,118,119" machi="89" ten="30,2000,0" yaku="1,1,0,1,53,0" doraHai="45" doraHaiUra="75" who="1" fromWho="1" sc="225,-5,240,30,255,-10,270,-5" /><INIT seed="3,0,0,3,4,80" ten="220,270,245,265" oya="3" hai0="22,115,23,112,62,19,90,77,16,9,2,34,100" hai1="20,74,35,4,94,105,39,121,0,118,51,66,79" hai2="10,24,114,44,135,63,113,18,82,50,17,130,31" hai3="57,127,93,102,13,71,5,67,83,98,92,78,28"/><W45/><G127/><T119/><D100/><U15/><E94/><V7/><F130/><W12/><G71/><T84/><D77/><U124/><E79/><V30/><F63/><W8/><G28/><T41/><D34/><U70/><E51/><V108/><F108/><W86/><G45/><T49/><D62/><U89/><E66/><V11/><F135/><W110/><G110/><T117/><D41/><U128/><E89/><V134/><F134/><W58/><G67/><T42/><D42/><U111/><E20/><V52/><F31/><W88/><REACH who="3" step="1"/><G13/><REACH who="3" ten="220,270,245,255" step="2"/><T73/><D119/><U125/><E15/><V56/><F114/><W59/><G59/><T14/><D117/><U95/><E125/><V131/><F113/><W65/><G65/><T3/><D115/><U123/><E70/><V36/><F44/><W26/><G26/><T68/><D112/><U120/><E123/><V133/><F133/><W60/><G60/><T107/><D68/><U99/><E121/><V103/><F30/><W55/><G55/><T76/><D14/><U37/><E120/><V104/><F24/><W109/><G109/><T46/><D46/><U38/><E111/><V27/><F27/><W132/><G132/><T1/><D1/><U48/><E124/><V106/><F56/><W87/><AGARI ba="0,1" hai="5,8,12,57,58,78,83,86,87,88,92,93,98,102" machi="87" ten="20,24000,3" yaku="1,1,0,1,7,1,8,1,52,2,54,1,53,1" doraHai="80" doraHaiUra="85" who="3" fromWho="3" sc="220,-80,270,-80,245,-80,255,250" /><INIT seed="3,1,0,0,3,120" ten="140,190,165,505" oya="3" hai0="55,18,85,69,135,111,78,83,0,126,121,19,27" hai1="133,17,130,97,42,86,20,129,1,11,7,24,82" hai2="49,124,68,48,88,58,100,116,105,75,53,29,56" hai3="122,14,84,128,94,77,112,10,117,106,66,64,103"/><W25/><G112/><T33/><D121/><U32/><E133/><V15/><F116/><W41/><G117/><T109/><D135/><U99/><E42/><V92/><F75/><W104/><G122/><T123/><D0/><U125/><E125/><V59/><F124/><W131/><G41/><T47/><D126/><U9/><E32/><V90/><F68/><W61/><G25/><T132/><D69/><U70/><E11/><V51/><F29/><W107/><G77/><T102/><D102/><U72/><E72/><V101/><F105/><W62/><G84/><T21/><D132/><U39/><E39/><V12/><F53/><W46/><G46/><T89/><D33/><U38/><E38/><V108/><F108/><N who="0" m="41546" /><D123/><U35/><E35/><V95/><F100/><W3/><G3/><T134/><D134/><U74/><E74/><V57/><N who="2" m="14336" /><DORA hai="44" /><V119/><F119/><W22/><G104/><T118/><D118/><U60/><E70/><V5/><F101/><W16/><G103/><T113/><D113/><U52/><E60/><V28/><F28/><W37/><G62/><T98/><D98/><U96/><REACH who="1" step="1"/><E52/><REACH who="1" ten="140,180,165,505" step="2"/><V2/><F2/><W79/><G61/><T93/><D55/><U127/><E127/><V80/><F48/><W23/><G106/><T63/><D63/><U110/><E110/><V67/><F51/><W43/><G107/><T13/><D47/><U31/><E31/><V26/><F49/><W30/><G37/><T87/><D19/><U4/><E4/><V91/><F5/><W114/><G16/><T115/><D115/><U76/><AGARI ba="1,1" hai="1,7,9,17,20,24,76,82,86,96,97,99,129,130" machi="76" ten="30,7900,0" yaku="1,1,5,1,0,1,53,1" doraHai="120,44" doraHaiUra="34,36" who="1" fromWho="1" sc="140,-21,180,92,165,-21,505,-40" /><INIT seed="4,0,0,2,5,26" ten="119,272,144,465" oya="0" hai0="101,65,124,84,48,13,113,28,5,40,55,88,100" hai1="17,42,22,29,63,119,43,37,117,6,122,19,58" hai2="47,24,46,90,97,60,73,3,78,91,104,69,105" hai3="21,131,94,118,83,9,56,25,61,16,35,81,98"/><T52/><D113/><U4/><E122/><V53/><F3/><W99/><G35/><T70/><D124/><U15/><E37/><V134/><F134/><W93/><G118/><T71/><D71/><U114/><E114/><V116/><F116/><W130/><G9/><N who="0" m="4271" /><D70/><U66/><E119/><V107/><F78/><W112/><G112/><T110/><D65/><U11/><E117/><V10/><F73/><W133/><G133/><T62/><D28/><U121/><E121/><V34/><F10/><W2/><G2/><T72/><D72/><U0/><E6/><V68/><F68/><W31/><G31/><T79/><D79/><U32/><E17/><V8/><F8/><W123/><G123/><T92/><D110/><U51/><E51/><V67/><F97/><N who="3" m="36875" /><G131/><T57/><D40/><U115/><E115/><V12/><F12/><W14/><G14/><T49/><D49/><U74/><E74/><V86/><F24/><AGARI ba="0,0" hai="0,4,11,15,19,22,24,29,32,42,43,58,63,66" machi="24" ten="40,5200,0" yaku="24,2,52,1" doraHai="26" who="1" fromWho="2" sc="119,0,272,52,144,-52,465,0" /><INIT seed="5,0,0,1,3,53" ten="119,324,92,465" oya="1" hai0="8,121,37,49,21,26,88,9,6,67,128,45,83" hai1="42,24,98,28,47,16,85,133,108,7,86,99,70" hai2="105,130,14,115,36,51,131,54,1,35,82,10,100" hai3="116,65,23,132,91,63,57,94,93,76,73,104,40"/><U111/><E70/><V31/><F36/><W22/><G104/><T117/><D117/><U27/><E7/><V102/><F1/><W25/><G132/><T77/><D128/><N who="2" m="49194" /><F105/><W90/><G116/><T50/><D37/><U79/><E133/><V118/><F118/><W125/><G125/><T110/><D110/><N who="1" m="42027" /><E16/><N who="2" m="8279" /><F115/><W33/><G40/><T89/><D9/><U19/><E19/><V43/><F43/><W56/><G73/><T48/><D121/><U69/><E69/><V87/><F35/><W59/><G33/><T124/><D124/><U60/><E60/><V30/><F30/><N who="3" m="17719" /><G23/><T84/><D45/><U101/><E24/><V134/><F31/><W41/><G76/><T103/><D103/><U112/><E112/><V113/><F113/><W39/><G41/><T34/><D34/><N who="1" m="20767" /><E79/><N who="2" m="46559" /><F134/><W122/><G122/><T72/><D72/><U4/><E4/><V29/><F29/><W46/><G46/><AGARI ba="0,0" hai="46,51,54,100,102" m="46559,8279,49194" machi="46" ten="30,2000,0" yaku="19,1,54,1" doraHai="53" who="2" fromWho="3" sc="119,0,324,0,92,20,465,-20" /><INIT seed="6,0,0,2,4,4" ten="119,324,112,445" oya="2" hai0="121,48,6,119,38,132,83,9,76,45,123,114,28" hai1="87,78,3,21,75,56,81,43,20,108,113,11,1" hai2="133,134,65,22,67,26,112,37,41,117,66,124,116" hai3="2,23,61,51,71,47,84,94,93,120,126,34,17"/><V106/><F106/><W32/><G120/><T91/><D114/><U50/><E108/><V63/><F22/><W82/><G2/><T77/><D132/><N who="2" m="50794" /><F26/><W55/><G126/><T33/><D38/><U89/><E113/><V101/><F101/><W118/><G34/><T105/><D105/><U100/><E100/><V10/><F112/><W103/><G118/><N who="2" m="45673" /><F124/><W98/><G32/><T102/><D102/><U40/><E21/><V125/><F125/><W69/><G94/><T131/><D119/><U68/><E1/><V62/><F10/><W44/><G61/><N who="2" m="23049" /><F41/><W46/><G71/><T18/><D33/><U64/><E68/><V99/><F99/><W72/><G69/><T79/><D28/><U73/><E20/><V35/><F35/><W107/><G107/><T30/><D30/><U74/><E11/><V127/><F127/><W86/><G72/><T7/><D7/><U92/><E3/><V57/><F37/><W5/><G5/><T80/><D18/><U13/><E40/><V96/><F96/><W88/><G84/><N who="0" m="50567" /><D83/><U27/><E75/><V60/><AGARI ba="0,0" hai="57,60,65,66,67" m="23049,45673,50794" machi="60" ten="40,7800,0" yaku="20,1,34,2" doraHai="4" who="2" fromWho="2" sc="119,-26,324,-26,112,78,445,-26" /><INIT seed="6,1,0,3,0,65" ten="93,298,190,419" oya="2" hai0="132,105,82,55,8,119,25,109,83,111,134,93,106" hai1="33,24,14,28,102,35,135,44,62,68,121,112,13" hai2="50,87,128,96,122,31,113,5,94,60,0,130,57" hai3="78,19,18,10,42,47,118,53,6,115,51,85,46"/><V91/><F122/><W98/><G118/><T38/><D8/><U101/><E121/><V32/><F113/><W108/><G108/><N who="0" m="41547" /><D25/><U79/><E135/><N who="0" m="51753" /><D55/><U126/><E35/><V9/><F50/><W70/><G70/><T76/><D38/><U39/><E68/><V67/><F32/><W61/><G98/><T74/><D119/><U120/><E39/><V127/><F127/><W75/><G75/><N who="0" m="43295" /><D93/><U124/><E24/><V72/><F31/><W100/><G61/><T95/><D95/><U129/><E62/><V133/><F133/><W26/><G26/><T125/><D125/><U97/><E13/><V45/><F45/><W21/><G21/><T15/><D15/><U23/><E14/><V34/><F34/><W20/><G20/><T88/><D88/><U117/><E23/><V66/><F66/><W52/><G18/><T48/><D48/><U29/><E28/><V131/><F72/><W41/><G19/><T12/><D12/><U4/><E29/><V37/><F37/><W99/><G42/><T1/><D1/><U40/><E33/><V90/><F90/><W43/><G43/><T104/><D104/><U80/><E40/><V56/><F56/><W11/><G46/><T36/><D36/><U71/><E44/><V27/><F27/><W89/><G89/><T58/><D58/><U73/><E126/><V59/><F59/><W2/><G11/><T77/><AGARI ba="1,0" hai="74,77,83,105,106" m="43295,51753,41547" machi="77" ten="40,8000,1" yaku="20,1,23,1,34,2" doraHai="65" who="0" fromWho="0" sc="93,83,298,-21,190,-41,419,-21" /><INIT seed="7,0,0,2,0,125" ten="176,277,149,398" oya="3" hai0="110,59,56,37,19,123,39,119,116,117,62,122,79" hai1="113,130,15,54,91,89,21,115,99,106,49,69,0" hai2="42,94,9,3,88,70,68,83,76,14,38,47,103" hai3="52,53,63,129,128,102,17,112,29,32,41,55,105"/><W61/><G112/><T22/><D79/><U26/><E0/><V43/><F103/><W50/><G17/><T90/><D90/><U118/><E69/><V11/><F43/><W131/><G29/><T18/><D110/><U100/><E118/><V97/><F3/><W74/><G32/><T93/><D93/><U87/><E15/><V133/><F133/><W98/><G74/><T6/><D6/><U104/><E104/><V114/><F114/><W1/><G1/><T101/><D101/><U36/><E36/><N who="0" m="13897" /><D22/><U13/><E13/><V8/><REACH who="2" step="1"/><F14/><REACH who="2" ten="176,277,139,398" step="2"/><W27/><G27/><T65/><D18/><U86/><E26/><V58/><F58/><N who="0" m="22058" /><D19/><U44/><E100/><V7/><F7/><W127/><G127/><T48/><D48/><U31/><E49/><V45/><F45/><AGARI ba="0,1" hai="41,45,50,52,53,55,61,63,98,102,105,128,129,131" machi="45" ten="50,12000,1" yaku="19,1,52,3,54,1" doraHai="125" who="3" fromWho="2" sc="176,0,277,0,139,-120,398,130" owari="176,-22.4,277,7.7,19,-48.1,528,62.8" /></mjloggm>