<mjloggm ver="2.3"><GO type="169" lobby="0"/><UN n0="%E3%81%B1%E3%83%BC%E3%81%9B%E3%82%93%E3%81%A8%E4%BE%8D" n1="%52%65%63%61%6C%74%71" n2="%6B%69%6D%38" n3="%E5%A4%9A%E6%91%A9%E3%82%BD%E3%83%BC%E3%82%B8" dan="18,16,19,17" rate="2198.49,2118.53,2281.72,2212.06" sx="M,M,M,M"/><TAIKYOKU oya="0"/><INIT seed="0,0,0,5,3,63" ten="250,250,250,250" oya="0" hai0="21,14,87,119,27,59,134,6,10,44,42,61,107" hai1="82,25,74,110,22,131,5,19,77,94,39,15,76" hai2="11,72,98,84,81,31,113,66,73,115,69,129,93" hai3="18,79,26,47,1,24,99,46,112,57,2,4,37"/><T126/><D134/><U62/><E131/><V83/><F31/><W41/><G112/><T67/><D126/><U54/><E110/><V85/><F11/><W43/><G79/><T71/><D107/><U8/><E39/><V103/><F66/><W123/><G123/><T120/><D119/><U40/><E40/><V45/><F45/><W105/><G4/><T75/><D75/><N who="2" m="28746" /><F69/><W56/><G105/><T116/><D87/><N who="2" m="33354" /><F129/><W49/><G99/><T78/><D78/><U16/><E94/><V12/><F12/><W90/><G90/><T68/><D116/><U106/><E106/><V92/><F115/><W109/><G109/><T96/><D96/><U80/><E80/><N who="2" m="30795" /><F113/><W102/><G18/><T101/><D120/><U36/><E36/><V89/><F93/><W17/><G17/><T32/><D32/><U124/><E76/><V60/><F60/><W86/><G37/><T65/><D65/><U97/><E97/><V95/><F95/><W64/><G64/><T29/><D71/><U53/><E124/><V128/><F128/><W118/><G118/><T117/><D117/><U48/><E62/><V108/><F108/><W88/><G49/><T104/><D68/><U55/><REACH who="1" step="1"/><E5/><REACH who="1" ten="250,240,250,250" step="2"/><V9/><F9/><W125/><G125/><T100/><REACH who="0" step="1"/><D104/><REACH who="0" ten="240,240,250,250" step="2"/><U0/><E0/><V28/><F98/><W51/><G1/><T33/><D33/><U34/><E34/><V122/><F122/><W91/><G2/><T38/><AGARI ba="0,2" hai="6,10,14,21,27,29,38,42,44,59,61,67,100,101" machi="38" ten="20,7800,0" yaku="1,1,0,1,7,1,52,1,53,0" doraHai="63" doraHaiUra="121" who="0" fromWho="0" sc="240,98,240,-26,250,-26,250,-26" /><INIT seed="0,1,0,5,4,87" ten="338,214,224,224" oya="0" hai0="102,27,81,111,31,25,46,39,97,38,76,107,37" hai1="28,43,67,4,82,124,66,10,114,71,115,130,57" hai2="17,34,94,131,95,29,125,58,96,103,21,106,91" hai3="74,33,119,19,86,122,117,41,8,44,104,62,77"/><T105/><D111/><U42/><E130/><V12/><F125/><W123/><G33/><T93/><D46/><U15/><E124/><V99/><F131/><W3/><G104/><T52/><D27/><U53/><E28/><V63/><F34/><W50/><G74/><T40/><D40/><U126/><E126/><V75/><F75/><W89/><G77/><T30/><D52/><U26/><E26/><V68/><F68/><W1/><G62/><T85/><REACH who="0" step="1"/><D31/><REACH who="0" ten="328,214,224,224" step="2"/><U5/><E5/><V56/><F29/><W45/><G45/><T9/><D9/><U16/><E4/><V14/><F63/><W78/><G8/><T129/><D129/><U116/><E116/><V55/><F55/><W121/><G19/><T134/><D134/><U59/><E43/><V61/><F61/><W65/><G119/><T118/><D118/><U69/><E42/><V24/><F24/><W73/><G117/><T90/><D90/><U120/><E120/><V48/><F17/><W23/><G122/><T32/><AGARI ba="1,1" hai="25,30,32,37,38,39,76,81,85,93,97,102,105,107" machi="32" ten="30,3000,0" yaku="1,1,0,1,53,0" doraHai="87" doraHaiUra="113" who="0" fromWho="0" sc="328,43,214,-11,224,-11,224,-11" /><INIT seed="0,2,0,2,5,16" ten="371,203,213,213" oya="0" hai0="83,90,49,114,95,106,120,29,25,131,4,128,26" hai1="102,22,7,34,48,93,104,39,124,56,70,11,62" hai2="28,23,69,74,53,24,14,126,36,32,84,110,130" hai3="50,129,71,33,92,55,121,40,9,101,3,30,27"/><T115/><D106/><U64/><E39/><V61/><F74/><W81/><G129/><N who="0" m="49739" /><D120/><U46/><E124/><V77/><F130/><W76/><G71/><T17/><D4/><U88/><E34/><V41/><F110/><W65/><G65/><T123/><D83/><U98/><E70/><V38/><F41/><W10/><G121/><T94/><D123/><U108/><E108/><V63/><F126/><W116/><G116/><T59/><D94/><U19/><E11/><V35/><F63/><W54/><G40/><T89/><D90/><U45/><E7/><V111/><F111/><W85/><G3/><T6/><D6/><U51/><E51/><V68/><F68/><W118/><G118/><T52/><D17/><U79/><E79/><V103/><F103/><W31/><G31/><T13/><D13/><U60/><E60/><V122/><F122/><W42/><G42/><T80/><D80/><U73/><E48/><V119/><F119/><W96/><G55/><T78/><D78/><U12/><REACH who="1" step="1"/><E73/><REACH who="1" ten="371,193,213,213" step="2"/><V57/><F69/><W72/><G72/><T91/><D49/><U109/><E109/><V58/><F38/><W112/><G112/><T66/><D115/><U0/><E0/><V37/><F36/><W125/><G125/><T132/><D114/><U1/><E1/><V134/><F37/><W86/><REACH who="3" step="1"/><G85/><AGARI ba="2,1" hai="12,19,22,45,46,56,62,64,85,88,93,98,102,104" machi="85" ten="30,8000,1" yaku="1,1,7,1,52,1,54,1,53,1" doraHai="16" doraHaiUra="8" who="1" fromWho="3" sc="371,0,193,96,213,0,213,-86" /><INIT seed="1,0,0,5,0,12" ten="371,289,213,127" oya="1" hai0="79,123,103,63,4,131,89,10,42,51,44,58,62" hai1="31,50,57,69,104,65,116,81,7,48,86,27,25" hai2="24,73,39,105,41,87,96,20,56,120,90,47,99" hai3="66,11,130,107,118,80,129,59,127,82,21,72,68"/><U16/><E104/><V46/><F120/><W37/><G107/><T114/><D114/><U9/><E116/><V5/><F73/><W52/><G118/><T19/><D131/><N who="3" m="50185" /><G37/><T109/><D109/><U78/><E69/><V95/><F5/><W101/><G101/><T97/><D79/><U60/><E7/><V110/><F110/><W38/><G38/><T15/><D89/><U121/><E121/><V84/><F47/><W3/><G72/><T40/><D40/><U18/><E9/><V119/><F119/><W122/><G122/><T0/><D58/><U36/><E36/><V2/><F2/><W49/><G127/><T6/><D123/><U88/><E78/><V17/><REACH who="2" step="1"/><F56/><REACH who="2" ten="371,289,203,127" step="2"/><W112/><G112/><T135/><D6/><U115/><E115/><V93/><F93/><W106/><G106/><T128/><D128/><U64/><E64/><V108/><F108/><W133/><G3/><T85/><D4/><U92/><E92/><V102/><AGARI ba="0,1" hai="17,20,24,39,41,46,84,87,90,95,96,99,102,105" machi="102" ten="30,4000,0" yaku="1,1,0,1,52,1,53,0" doraHai="12" doraHaiUra="30" who="2" fromWho="2" sc="371,-10,289,-20,203,50,127,-10" /><INIT seed="2,0,0,0,5,112" ten="361,269,253,117" oya="2" hai0="97,93,122,4,79,54,44,15,91,38,133,33,60" hai1="113,130,106,121,84,23,119,49,2,5,22,24,10" hai2="53,118,62,51,115,73,0,83,21,98,61,68,108" hai3="131,9,129,117,120,30,12,85,70,72,81,88,57"/><V16/><F115/><W109/><G70/><T110/><D33/><U75/><E106/><V37/><F37/><W69/><G69/><T127/><D122/><U43/><E113/><V58/><F118/><W105/><G120/><T82/><D110/><U134/><E75/><V96/><F0/><W6/><G105/><T18/><D4/><U80/><E121/><V41/><F108/><W71/><G71/><T42/><D127/><U128/><E134/><V17/><F17/><W50/><G109/><T102/><D60/><U55/><E43/><V31/><F31/><W99/><G99/><T95/><D54/><U14/><E2/><V116/><F116/><W35/><G72/><T32/><D32/><U123/><E123/><V34/><F34/><W26/><REACH who="3" step="1"/><G117/><REACH who="3" ten="361,269,253,107" step="2"/><T87/><D133/><U100/><E119/><V103/><F68/><W40/><G40/><T132/><D132/><U74/><E74/><V27/><F98/><W25/><G25/><T126/><D126/><U101/><E24/><V7/><F96/><W1/><G1/><T45/><D42/><U3/><E3/><V29/><F41/><W47/><G47/><T89/><D38/><U104/><E104/><V28/><F73/><W76/><G76/><T19/><D79/><U94/><E101/><V135/><F103/><W64/><G64/><T125/><D125/><U59/><E100/><V8/><F135/><W63/><G63/><T46/><D15/><U39/><E39/><V107/><F107/><W48/><G48/><T66/><D66/><U124/><E124/><V67/><F51/><W52/><AGARI ba="0,1" hai="6,9,12,26,30,35,50,52,57,81,85,88,129,131" machi="52" ten="30,8000,1" yaku="1,1,5,1,0,1,54,2,53,0" doraHai="112" doraHaiUra="92" who="3" fromWho="3" sc="361,-20,269,-20,253,-40,107,90" /><INIT seed="3,0,0,1,5,63" ten="341,249,213,197" oya="3" hai0="96,121,70,15,90,123,23,46,99,36,5,80,12" hai1="95,19,7,133,9,25,22,132,129,69,10,83,124" hai2="37,40,89,56,65,39,32,102,51,18,48,98,34" hai3="105,52,135,58,66,100,84,76,74,72,127,109,28"/><W68/><G135/><N who="1" m="51786" /><E69/><V59/><F89/><W101/><G127/><T94/><D70/><U97/><E124/><V120/><F120/><W8/><G28/><T91/><D36/><U117/><E117/><V126/><F126/><W53/><G109/><T4/><D46/><U20/><E129/><V106/><F18/><W75/><G8/><T115/><D80/><U49/><E49/><V87/><F87/><W113/><G113/><T54/><D23/><U3/><E83/><V114/><F114/><W38/><G38/><T131/><D115/><U107/><E107/><V78/><F78/><W11/><G11/><T79/><D94/><U30/><E95/><V27/><F27/><W43/><G43/><T33/><D79/><U62/><E62/><V55/><F39/><W88/><G76/><T2/><D2/><U93/><E10/><V35/><F37/><W13/><G13/><T21/><D21/><N who="1" m="15663" /><E19/><V1/><F1/><W60/><G105/><T50/><D50/><U29/><E29/><V31/><F31/><W73/><N who="3" m="18432" /><DORA hai="125" /><W64/><G53/><T45/><D54/><U116/><E116/><V108/><F40/><W130/><G130/><T85/><D131/><U112/><E112/><V81/><F55/><W104/><G104/><T44/><REACH who="0" step="1"/><D85/><REACH who="0" ten="331,249,213,197" step="2"/><U110/><E110/><V71/><F108/><W67/><REACH who="3" step="1"/><G68/><REACH who="3" ten="331,249,213,187" step="2"/><T134/><D134/><U111/><E111/><V17/><F71/><W42/><G42/><T41/><D41/><U14/><E3/><V47/><F106/><W128/><G128/><T57/><D57/><U6/><E6/><V77/><F59/><RYUUKYOKU ba="0,2" sc="331,10,249,10,213,-30,187,10" hai0="4,5,12,15,33,44,45,90,91,96,99,121,123" hai1="7,9,14,20,22,93,97" hai3="52,58,60,64,66,67,84,88,100,101" /><INIT seed="3,1,2,0,1,83" ten="341,259,183,197" oya="3" hai0="123,73,6,90,111,32,58,5,57,131,24,78,21" hai1="74,22,102,106,135,47,67,109,17,15,100,85,38" hai2="87,35,119,80,16,0,30,120,12,60,97,36,133" hai3="89,9,45,56,124,99,130,62,29,112,34,65,7"/><W81/><G112/><T61/><D123/><U94/><E109/><V8/><F119/><W26/><G130/><T55/><D32/><U91/><E135/><V69/><F133/><W127/><G45/><T107/><D107/><U2/><E2/><V54/><F36/><W110/><G110/><T52/><D111/><U101/><E74/><V41/><F41/><W71/><G71/><T33/><D33/><U122/><E122/><V125/><F125/><N who="3" m="48203" /><G99/><T92/><D78/><U98/><REACH who="1" step="1"/><E67/><REACH who="1" ten="341,249,183,197" step="2"/><V63/><F120/><W117/><G117/><T86/><D73/><U20/><E20/><V19/><F0/><N who="3" m="231" /><G81/><T84/><D131/><U40/><AGARI ba="1,3" hai="15,17,22,38,40,47,85,91,94,98,100,101,102,106" machi="40" ten="30,4000,0" yaku="1,1,0,1,52,1,53,0" doraHai="83" doraHaiUra="66" who="1" fromWho="1" sc="341,-11,249,73,183,-11,197,-21" /><INIT seed="4,0,0,3,0,115" ten="330,322,172,176" oya="0" hai0="79,130,32,101,111,107,129,113,38,100,36,2,7" hai1="86,5,23,47,131,30,99,125,49,104,11,55,92" hai2="41,16,4,81,93,69,91,18,10,76,78,13,112" hai3="89,124,31,19,106,58,80,46,108,90,126,87,134"/><T74/><D32/><U20/><E131/><N who="0" m="50185" /><D113/><U82/><E125/><V98/><F112/><W66/><G108/><T102/><D107/><U45/><E45/><V8/><F69/><W29/><G106/><T15/><D2/><U61/><E61/><V26/><F41/><W24/><G134/><T22/><D111/><U56/><E56/><V65/><F65/><W9/><G90/><T75/><D79/><U42/><E55/><V64/><F64/><W83/><G83/><T50/><D50/><U88/><E104/><V135/><F135/><W35/><G31/><T3/><D3/><U28/><E30/><V110/><F110/><W68/><G68/><T128/><D128/><U127/><E28/><V103/><F26/><W73/><G73/><N who="0" m="27659" /><D22/><U105/><E105/><V1/><REACH who="2" step="1"/><F18/><REACH who="2" ten="330,322,162,176" step="2"/><W52/><G66/><T97/><D38/><U44/><E44/><V119/><F119/><W40/><G19/><T62/><D36/><U67/><E67/><V39/><F39/><W109/><G109/><T72/><D101/><U94/><E42/><V6/><F6/><W60/><REACH who="3" step="1"/><G9/><REACH who="3" ten="330,322,162,166" step="2"/><T95/><D100/><U133/><E11/><V33/><F33/><W57/><G57/><T14/><D102/><U25/><E133/><V54/><F54/><W118/><G118/><T51/><D7/><U121/><E25/><V132/><F132/><W70/><G70/><T43/><D43/><U53/><E53/><V48/><F48/><AGARI ba="0,2" hai="24,29,35,40,46,48,52,58,60,80,87,89,124,126" machi="48" ten="40,2600,0" yaku="1,1,54,1,53,0" doraHai="115" doraHaiUra="0" who="3" fromWho="2" sc="330,0,322,0,162,-26,166,46" /><INIT seed="5,0,0,3,4,4" ten="330,322,136,212" oya="1" hai0="8,105,0,126,43,111,95,39,73,115,103,116,131" hai1="41,55,109,130,104,128,77,33,99,16,110,45,86" hai2="83,6,10,124,50,127,76,53,80,94,98,15,81" hai3="84,52,113,106,92,107,64,7,22,71,26,1,34"/><U129/><E33/><V11/><F76/><W66/><G34/><T96/><RYUUKYOKU type="yao9" ba="0,0" sc="330,0,322,0,136,0,212,0" hai0="0,8,39,43,73,95,96,103,105,111,115,116,126,131" /><INIT seed="5,1,0,1,2,75" ten="330,322,136,212" oya="1" hai0="15,53,5,37,52,49,31,17,34,104,11,41,27" hai1="68,100,39,125,74,94,84,102,46,63,19,10,43" hai2="93,26,78,96,110,20,30,2,106,118,129,73,9" hai3="66,108,114,51,40,21,131,64,88,80,89,3,56"/><U103/><E74/><V58/><F110/><W133/><G108/><T7/><D104/><U132/><E132/><V48/><F118/><W42/><G3/><T128/><D128/><U44/><E125/><V127/><F127/><W107/><G107/><T117/><D117/><U72/><E72/><V116/><F116/><W14/><G131/><T70/><D70/><U33/><E33/><V120/><F120/><W4/><G114/><T12/><D37/><U101/><E46/><V130/><F106/><W50/><G133/><T121/><D121/><U67/><N who="1" m="25600" /><DORA hai="65" /><U79/><E94/><V105/><F105/><W18/><G4/><T55/><D41/><U36/><E36/><V82/><F96/><W98/><G98/><T123/><D7/><U32/><E32/><V57/><F93/><W124/><G124/><T122/><REACH who="0" step="1"/><D49/><REACH who="0" ten="320,322,136,212" step="2"/><U92/><E92/><V99/><F129/><W71/><G71/><T54/><N who="0" m="13312" /><DORA hai="76" /><T6/><D6/><U115/><E115/><V23/><F130/><W81/><G56/><T97/><D97/><U13/><E84/><V86/><F99/><W47/><G50/><T61/><D61/><U134/><E134/><V22/><F73/><W38/><G42/><T16/><D16/><U69/><REACH who="1" step="1"/><E79/><REACH who="1" ten="320,312,136,212" step="2"/><V1/><F48/><W60/><G38/><T83/><D83/><N who="3" m="31817" /><G60/><T25/><D25/><U8/><E8/><AGARI ba="1,2" hai="5,8,11,12,15,17,27,31,34,122,123" m="13312" machi="8" ten="50,3200,0" yaku="1,1,54,1,53,0" doraHai="75,65,76" doraHaiUra="87,77,112" who="0" fromWho="1" sc="320,55,312,-35,136,0,212,0" /><INIT seed="6,0,0,1,2,100" ten="375,277,136,212" oya="2" hai0="103,0,107,61,88,10,63,87,120,59,52,79,109" hai1="65,24,40,16,124,114,28,82,135,129,105,42,41" hai2="117,26,11,19,5,23,58,125,111,102,77,123,101" hai3="46,72,130,133,32,29,66,17,9,90,8,128,53"/><V91/><F117/><W121/><G121/><T78/><D109/><U38/><E135/><V112/><F123/><W7/><G72/><T37/><D37/><U132/><E132/><V60/><F112/><W33/><G133/><T31/><D31/><U115/><E129/><N who="3" m="49770" /><G66/><T110/><D110/><U14/><E124/><V47/><F125/><W25/><G32/><T45/><D45/><U97/><E82/><V56/><F111/><W127/><G127/><T98/><D63/><U30/><E65/><V119/><F119/><W50/><G17/><T70/><D70/><U95/><E105/><V75/><F75/><W134/><G134/><T71/><D71/><U74/><E74/><V39/><F77/><W92/><G7/><T106/><D106/><U126/><E38/><V54/><F58/><W85/><AGARI ba="0,0" hai="8,9,25,29,33,46,50,53,85,90,92" m="49770" machi="85" ten="30,1100,0" yaku="19,1" doraHai="100" who="3" fromWho="3" sc="375,-3,277,-3,136,-5,212,11" /><INIT seed="7,0,0,2,4,12" ten="372,274,131,223" oya="3" hai0="20,2,132,122,18,46,118,121,78,100,51,21,57" hai1="39,4,93,1,106,77,58,70,92,87,125,88,111" hai2="38,22,55,61,80,9,19,75,67,81,69,35,124" hai3="16,89,116,3,47,113,127,95,119,115,133,59,107"/><W0/><G107/><T68/><D68/><U114/><E106/><V29/><F38/><W30/><G30/><T50/><D2/><U72/><E111/><V129/><F129/><W82/><G82/><T24/><D118/><U28/><E70/><V79/><F124/><W43/><G59/><T6/><D6/><U40/><E125/><V109/><F109/><W56/><G56/><T37/><D37/><U27/><E114/><N who="3" m="43530" /><G127/><T120/><D78/><U7/><E93/><V15/><F80/><W73/><G73/><T135/><D100/><U108/><E108/><V66/><F66/><W105/><G105/><T96/><D96/><U64/><E77/><V5/><F35/><W74/><G74/><T84/><D84/><U71/><E71/><V134/><F134/><N who="0" m="51242" /><D57/><U41/><E72/><V13/><F29/><W32/><G32/><T101/><D101/><U11/><E4/><V25/><REACH who="2" step="1"/><F55/><REACH who="2" ten="372,274,121,223" step="2"/><W63/><G133/><T123/><D123/><U76/><E39/><V10/><F10/><W48/><G119/><T86/><D122/><U128/><E28/><V91/><F91/><W83/><G83/><T112/><D112/><U36/><E36/><V17/><F17/><W23/><G116/><T130/><D18/><U110/><E110/><V8/><F8/><W44/><G89/><T97/><D130/><U42/><E128/><V65/><F65/><W34/><G34/><T117/><D121/><U104/><E88/><V49/><F49/><W60/><G48/><T52/><D51/><U102/><E64/><V131/><F131/><W53/><G16/><T31/><D120/><RYUUKYOKU ba="0,1" sc="372,-10,274,-10,121,30,223,-10" hai2="5,9,13,15,19,22,25,61,67,69,75,79,81" owari="372,47.2,264,6.4,151,-34.9,213,-18.7" /></mjloggm>