<mjloggm ver="2.3"><GO type="169" lobby="0"/><UN n0="%E3%81%8B%E3%81%A5%E3%81%8D%EF%BC%B8%EF%BC%A9" n1="%68%69%73%61%74%6F%E6%A3%92" n2="%E8%B1%86%E3%83%80%E3%83%9E%E8%AD%A6%E5%AF%9F" n3="%6B%69%72%61%72%69%79%75" dan="18,16,17,16" rate="2181.48,2054.94,2154.99,2111.34" sx="M,M,M,M"/><TAIKYOKU oya="0"/><INIT seed="0,0,0,3,5,123" ten="250,250,250,250" oya="0" hai0="29,96,61,109,13,121,51,110,57,135,106,108,23" hai1="97,20,93,47,12,48,38,60,36,4,115,7,77" hai2="119,81,17,33,87,6,68,1,101,14,27,107,16" hai3="59,85,80,9,124,53,46,103,74,83,21,24,105"/><T66/><D121/><U127/><E127/><V82/><F68/><W118/><G118/><T56/><D135/><U18/><E60/><V102/><F119/><W134/><G134/><T43/><D106/><U19/><E77/><V88/><F82/><W122/><G9/><T32/><D32/><U71/><E71/><V49/><F107/><W126/><G46/><N who="0" m="26079" /><D96/><U40/><E115/><V70/><F70/><W84/><G74/><T111/><N who="0" m="27648" /><DORA hai="116" /><T5/><D5/><U100/><E7/><V132/><F132/><W112/><G112/><T22/><D13/><U42/><E4/><V3/><F3/><W94/><G105/><T37/><D37/><U15/><E40/><V34/><F34/><W10/><G103/><T75/><D75/><U90/><E100/><V64/><F1/><W99/><G99/><T65/><D29/><U55/><E42/><V54/><F6/><W76/><G122/><T45/><D45/><U28/><E28/><V2/><F2/><W128/><G126/><T78/><D78/><U86/><E97/><V120/><F120/><W114/><G76/><T62/><AGARI ba="0,0" hai="22,23,56,57,61,62,65,66" m="27648,26079" machi="62" ten="60,18000,2" yaku="14,1,10,1,52,4" doraHai="123,116" who="0" fromWho="0" sc="250,180,250,-60,250,-60,250,-60" /><INIT seed="0,1,0,2,0,45" ten="430,190,190,190" oya="0" hai0="114,17,66,6,73,3,82,108,88,21,38,125,65" hai1="43,55,134,44,98,111,120,92,54,84,37,87,112" hai2="32,16,126,97,128,71,118,34,18,93,80,117,89" hai3="52,75,67,96,127,132,81,30,27,90,129,74,26"/><T19/><D114/><U1/><E111/><V4/><F71/><W72/><G132/><T9/><D38/><U109/><E120/><V58/><F128/><W99/><G129/><T121/><D121/><U63/><E1/><V69/><F69/><W95/><G67/><T0/><D125/><U60/><E134/><V68/><F68/><W13/><G127/><T28/><D3/><U41/><E109/><V83/><F4/><W29/><G13/><T94/><D108/><U39/><E44/><V101/><F126/><W15/><G15/><T64/><D28/><U40/><E98/><V10/><F58/><W113/><G81/><T2/><D2/><U124/><E124/><V70/><F70/><W123/><G123/><T85/><REACH who="0" step="1"/><D21/><REACH who="0" ten="420,190,190,190" step="2"/><U86/><E112/><V91/><F34/><W116/><G30/><T51/><D51/><U115/><E115/><V76/><F32/><W110/><G29/><T104/><D104/><U23/><E23/><V11/><F117/><W46/><G110/><T78/><AGARI ba="1,1" hai="0,6,9,17,19,64,65,66,73,78,82,85,88,94" machi="78" ten="30,6000,0" yaku="1,1,0,1,54,1,53,0" doraHai="45" doraHaiUra="49" who="0" fromWho="0" sc="420,73,190,-21,190,-21,190,-21" /><INIT seed="0,2,0,4,1,27" ten="493,169,169,169" oya="0" hai0="17,22,99,45,1,85,92,76,10,96,33,13,130" hai1="71,75,53,78,135,25,103,106,59,105,128,84,102" hai2="104,23,132,116,19,8,18,34,101,94,117,122,31" hai3="77,86,131,0,49,16,65,61,37,133,39,56,20"/><T24/><D130/><U70/><E75/><V125/><F104/><W89/><G131/><T93/><D33/><U29/><E135/><V38/><F38/><W41/><G0/><T2/><D45/><U80/><E105/><V73/><F73/><W82/><G133/><T113/><D113/><U5/><E5/><V107/><F107/><W119/><G119/><N who="2" m="45641" /><F94/><W100/><G100/><T35/><D35/><U95/><E106/><V83/><F83/><W67/><G67/><T32/><D32/><U64/><E64/><V44/><F44/><W81/><G49/><T134/><D134/><U87/><E70/><V74/><F101/><W52/><G65/><T42/><D42/><U12/><E12/><N who="2" m="7431" /><F74/><W63/><G63/><T123/><D123/><U79/><E71/><V109/><F132/><W15/><REACH who="3" step="1"/><G41/><REACH who="3" ten="493,169,169,159" step="2"/><T9/><D2/><U11/><E102/><V69/><F69/><W124/><G124/><T3/><D3/><U118/><E103/><V28/><F125/><W21/><G21/><T47/><D1/><U110/><E118/><V6/><F34/><W58/><G58/><T30/><D47/><U108/><E128/><V48/><F48/><W88/><G88/><N who="0" m="53263" /><D76/><U111/><E78/><V46/><F46/><W115/><G115/><T50/><D50/><U98/><E79/><V68/><F68/><W60/><G60/><T72/><D9/><U43/><E11/><V14/><F122/><W90/><G90/><N who="0" m="55351" /><D72/><AGARI ba="2,1" hai="15,16,20,37,39,52,56,61,72,77,81,82,86,89" machi="72" ten="30,7700,0" yaku="1,1,7,1,54,2,53,0" doraHai="27" doraHaiUra="126" who="3" fromWho="0" sc="493,-83,169,0,169,0,159,93" /><INIT seed="1,0,0,5,4,48" ten="410,169,169,252" oya="1" hai0="37,111,108,92,32,43,100,84,59,112,93,77,33" hai1="89,114,51,97,133,90,45,87,91,70,12,16,104" hai2="95,135,26,24,44,20,88,127,22,25,105,65,62" hai3="67,73,85,80,81,116,41,69,52,94,56,118,7"/><U57/><E70/><V54/><F105/><W6/><G41/><T0/><D0/><U63/><E133/><V35/><F35/><W103/><G69/><T78/><D112/><U11/><E114/><V79/><F79/><N who="0" m="30218" /><D43/><U10/><E10/><V109/><F109/><N who="0" m="42058" /><D37/><U29/><E29/><V121/><F121/><W74/><G67/><T14/><D14/><U49/><E87/><V46/><F127/><W23/><G23/><T96/><D59/><U42/><E49/><N who="2" m="28967" /><F46/><W18/><G18/><T30/><D30/><U4/><E104/><V106/><F106/><W117/><G6/><T125/><D125/><U60/><E60/><V119/><F119/><W124/><G7/><T47/><D47/><U123/><E123/><V82/><F135/><W40/><G40/><T50/><D50/><U107/><E107/><V131/><F131/><W15/><G15/><T55/><D33/><U99/><REACH who="1" step="1"/><E4/><REACH who="1" ten="410,159,169,252" step="2"/><V68/><F68/><W8/><G8/><T17/><D84/><U5/><E5/><V115/><F115/><W134/><G134/><T110/><D110/><U122/><E122/><V38/><F38/><W34/><G124/><T126/><D126/><U128/><E128/><V61/><F61/><N who="3" m="35975" /><G85/><T58/><D96/><U3/><E3/><V36/><F36/><W86/><G86/><T113/><D113/><U9/><E9/><V31/><F31/><W72/><G34/><T101/><D32/><U98/><E98/><AGARI ba="0,1" hai="72,73,74,80,81,94,98,103,116,117,118" m="35975" machi="98" ten="40,5200,0" yaku="12,1,52,1,54,1" doraHai="48" who="3" fromWho="1" sc="410,0,159,-52,169,0,252,62" /><INIT seed="2,0,0,5,2,46" ten="410,107,169,314" oya="2" hai0="130,66,111,24,67,84,113,31,133,21,94,39,122" hai1="57,86,80,40,83,62,34,115,59,104,131,16,132" hai2="96,54,125,118,37,47,116,58,73,18,74,101,23" hai3="69,5,85,79,50,135,119,100,87,134,1,36,89"/><V129/><F129/><W105/><G36/><T15/><D39/><U28/><E104/><V11/><F125/><W12/><G1/><T17/><D111/><U44/><E115/><V52/><F74/><W3/><G3/><T38/><D38/><U32/><E132/><V22/><F73/><W117/><G69/><T70/><D70/><U20/><E28/><V4/><F116/><W53/><G79/><T109/><D109/><U103/><E103/><V77/><F77/><W60/><G60/><T56/><D122/><U41/><E131/><V33/><F33/><W30/><G30/><T68/><D68/><U92/><E92/><V121/><F121/><W93/><G85/><T78/><D130/><U8/><E8/><V107/><F118/><W102/><G102/><T27/><D133/><N who="3" m="50697" /><G100/><T65/><D113/><U124/><E124/><V88/><F88/><W112/><G105/><T81/><D94/><U10/><E10/><V43/><F54/><W114/><G114/><T75/><D75/><U42/><E44/><V49/><REACH who="2" step="1"/><F18/><REACH who="2" ten="410,107,159,314" step="2"/><W35/><G35/><T13/><D78/><U110/><E110/><V128/><F128/><W51/><G112/><T9/><D17/><U26/><E86/><V97/><F97/><W2/><G53/><T126/><D84/><U61/><E32/><V106/><F106/><W123/><G123/><T64/><D126/><U0/><E34/><V99/><F99/><W19/><G119/><T45/><D81/><U29/><E80/><V91/><F91/><W90/><G90/><T127/><N who="0" m="16384" /><DORA hai="72" /><T108/><D127/><U95/><E83/><RYUUKYOKU ba="0,1" sc="410,-10,107,-10,159,30,314,-10" hai2="4,11,22,23,37,43,47,49,52,58,96,101,107" /><INIT seed="2,1,1,5,4,66" ten="400,97,189,304" oya="2" hai0="111,135,54,96,109,13,37,125,87,126,32,132,104" hai1="29,88,58,43,38,51,12,10,33,83,46,105,48" hai2="98,40,45,17,120,119,7,70,73,72,128,112,94" hai3="124,92,118,121,84,27,23,41,31,24,79,76,30"/><V130/><F112/><W57/><G118/><T113/><D37/><U100/><E100/><V35/><F120/><W19/><G121/><T49/><D32/><U67/><E105/><V44/><F119/><W4/><G4/><T55/><D113/><U82/><E29/><V53/><F35/><W85/><G41/><T14/><D87/><U60/><E33/><V62/><F7/><W122/><G124/><N who="0" m="47723" /><D96/><U103/><E103/><V2/><F2/><W71/><G71/><T42/><D104/><U3/><E3/><V34/><F34/><W16/><G57/><T99/><D99/><U47/><E38/><V61/><F17/><W18/><G122/><T114/><D13/><U107/><E107/><V131/><F73/><W21/><REACH who="3" step="1"/><G85/><REACH who="3" ten="400,97,189,294" step="2"/><T11/><D114/><U5/><REACH who="1" step="1"/><E88/><AGARI ba="1,2" hai="16,18,19,21,23,24,27,30,31,76,79,84,88,92" machi="88" ten="40,12000,2" yaku="1,1,2,1,9,1,8,1,54,2,53,0" doraHai="66" doraHaiUra="1" who="3" fromWho="1" sc="400,0,97,-123,189,0,294,143" owari="400,20.0,-26,-52.6,189,-21.1,437,53.7" /></mjloggm>