<mjloggm ver="2.3"><GO type="169" lobby="0"/><UN n0="%52%59%4F%40%53%53" n1="%40%6B%6B%6B" n2="%E5%A5%88%E8%89%AF%E3%82%B7%E3%82%AB%E3%83%9E%E3%83%AB%EF%BC%81" n3="%E3%83%8F%E3%82%AC%E3%82%BF%E3%82%AB%E3%81%AE%E3%81%88%E3%81%98%E3%81%8D" dan="17,18,16,17" rate="2234.48,2255.61,2147.90,2165.03" sx="M,M,M,M"/><TAIKYOKU oya="0"/><INIT seed="0,0,0,1,0,131" ten="250,250,250,250" oya="0" hai0="108,127,122,19,98,86,39,66,132,91,69,21,64" hai1="61,41,55,115,93,113,59,45,85,80,62,71,60" hai2="125,73,31,74,40,9,92,4,106,57,119,51,112" hai3="49,14,25,65,104,8,101,88,53,81,18,13,118"/><T83/><D122/><U44/><E93/><V116/><F106/><W105/><G118/><N who="2" m="45097" /><F31/><W56/><G101/><T87/><D39/><U102/><E102/><V67/><F112/><N who="1" m="43081" /><E85/><V1/><F67/><W29/><G14/><T32/><D32/><U26/><E80/><V89/><F125/><W42/><G65/><T17/><D127/><U79/><E79/><V110/><F110/><W126/><G42/><T3/><D108/><U24/><E26/><V109/><F109/><W72/><G126/><T124/><D3/><U5/><E24/><V46/><F57/><W0/><G0/><T129/><D129/><U123/><E5/><V96/><AGARI ba="0,0" hai="1,4,9,40,46,51,73,74,89,92,96" m="45097" machi="96" ten="30,1100,0" yaku="12,1" doraHai="131" who="2" fromWho="2" sc="250,-5,250,-3,250,11,250,-3" /><INIT seed="1,0,0,0,5,66" ten="245,247,261,247" oya="1" hai0="127,98,2,131,61,75,88,81,10,9,21,97,30" hai1="102,70,35,3,20,46,58,26,1,124,110,32,69" hai2="123,95,87,126,100,78,54,93,105,112,0,56,111" hai3="29,134,16,71,25,11,89,6,122,38,90,120,101"/><U43/><E102/><V85/><F0/><N who="1" m="73" /><E58/><V96/><F123/><W74/><G38/><T103/><D2/><U72/><E20/><V8/><F111/><W115/><G74/><T132/><D61/><U99/><E99/><V48/><F126/><W107/><G115/><T62/><D127/><U45/><E45/><V77/><F8/><W50/><G50/><T68/><D75/><U18/><E18/><V80/><F112/><W13/><G134/><T83/><D132/><U31/><E35/><V91/><REACH who="2" step="1"/><F78/><REACH who="2" ten="245,247,251,247" step="2"/><W119/><G11/><T79/><D9/><U34/><E124/><V51/><F51/><W23/><G120/><T84/><D10/><U53/><E110/><V57/><F57/><W33/><G122/><T36/><D36/><N who="1" m="21863" /><E53/><V59/><F59/><W52/><G52/><T47/><D47/><U39/><E39/><V12/><F12/><W24/><G6/><T92/><D79/><U118/><E118/><V15/><F15/><W106/><G13/><T7/><D7/><U82/><E34/><V19/><F19/><W37/><G119/><T114/><D114/><U4/><E4/><V14/><F14/><W65/><G37/><T55/><D55/><U40/><E40/><V41/><F41/><W116/><G116/><T27/><D21/><U125/><E125/><V73/><F73/><W128/><G16/><T130/><D30/><U64/><E64/><V17/><F17/><W5/><G33/><T42/><D42/><U67/><E67/><V113/><F113/><W76/><G65/><T117/><D117/><U22/><E22/><V63/><F63/><RYUUKYOKU ba="0,1" sc="245,-15,247,15,251,15,247,-15" hai1="26,31,32,69,70,72,82" hai2="48,54,56,77,80,85,87,91,93,95,96,100,105" /><INIT seed="1,1,1,0,4,110" ten="230,262,266,232" oya="1" hai0="50,16,45,22,116,107,91,125,24,72,60,83,93" hai1="118,42,99,134,35,95,43,21,25,79,74,119,129" hai2="77,102,56,66,87,18,55,37,1,15,3,34,111" hai3="41,82,90,100,31,126,122,103,53,62,78,64,89"/><U69/><E69/><V23/><F34/><W96/><G122/><T7/><D107/><U11/><E35/><V19/><F111/><W13/><G126/><T46/><D125/><U59/><E129/><V36/><F66/><W109/><G109/><T81/><D116/><U98/><E98/><V85/><F102/><W9/><G41/><T10/><D60/><U0/><E134/><V65/><F65/><W75/><G53/><T51/><D51/><U97/><E97/><V112/><F112/><W76/><G76/><T38/><D38/><U86/><E74/><V28/><F28/><W33/><G100/><T80/><D72/><U106/><E106/><V49/><F36/><W73/><G73/><T101/><D101/><U70/><E70/><V108/><F37/><W5/><G31/><T30/><D30/><U104/><E104/><V52/><F108/><W48/><G48/><T67/><D50/><U17/><E86/><V8/><F55/><W61/><G61/><T135/><D67/><U12/><E79/><V121/><F121/><W128/><G33/><T40/><D40/><U120/><E0/><V113/><F113/><W14/><G14/><N who="0" m="5471" /><D135/><U94/><E120/><V20/><F8/><W133/><G128/><T26/><D24/><U54/><E119/><V124/><F124/><W29/><G29/><T114/><D114/><U132/><E132/><V117/><F117/><W130/><G133/><T39/><D39/><U84/><E118/><V4/><F4/><W6/><G6/><T47/><D91/><N who="1" m="53607" /><E54/><V32/><F32/><W127/><G127/><T115/><D115/><RYUUKYOKU ba="1,1" sc="230,30,262,-10,266,-10,232,-10" hai0="16,22,26,45,46,47,80,81,83,93" /><INIT seed="2,2,1,4,3,39" ten="260,252,256,222" oya="2" hai0="124,86,14,101,36,47,69,48,122,24,46,62,83" hai1="29,57,78,112,11,108,125,85,94,6,25,95,53" hai2="123,126,26,8,44,117,41,96,33,114,76,130,17" hai3="80,129,2,31,115,90,110,71,97,105,128,12,13"/><V127/><F114/><W56/><G71/><T121/><D124/><N who="2" m="47658" /><F117/><W134/><G115/><T27/><D101/><U135/><E108/><V88/><F123/><W30/><G2/><T23/><D14/><N who="3" m="5737" /><G110/><T81/><D62/><U70/><E135/><V131/><F76/><W52/><G105/><T65/><D65/><U59/><E70/><V58/><F58/><W42/><G134/><T37/><D48/><U16/><E59/><V102/><F102/><W111/><G111/><T72/><D69/><U19/><E112/><V82/><F8/><W84/><G97/><T64/><D23/><U132/><E132/><V28/><F17/><W89/><G42/><T77/><D77/><U9/><E78/><V119/><F119/><W91/><G129/><T99/><D99/><U10/><E6/><V21/><F33/><W103/><G103/><T51/><D86/><U32/><E85/><N who="2" m="50231" /><F96/><W54/><G128/><T118/><D118/><U73/><E125/><V3/><F3/><W92/><G90/><T113/><D113/><U50/><REACH who="1" step="1"/><E73/><REACH who="1" ten="260,242,256,222" step="2"/><V34/><F34/><W116/><G56/><T87/><D72/><U4/><E4/><V60/><F60/><W100/><G116/><T104/><D87/><U66/><E66/><V74/><F74/><W22/><G84/><T38/><D64/><U18/><AGARI ba="2,2" hai="9,10,11,16,18,19,25,29,32,50,53,57,94,95" machi="18" ten="30,4000,0" yaku="1,1,0,1,54,1,53,0" doraHai="39" doraHaiUra="75" who="1" fromWho="1" sc="260,-12,242,66,256,-22,222,-12" /><INIT seed="3,0,0,4,2,55" ten="248,308,234,210" oya="3" hai0="109,2,27,45,4,46,108,122,65,68,112,104,25" hai1="75,103,24,135,130,63,52,57,49,118,66,42,56" hai2="129,91,39,132,7,14,107,47,70,92,125,120,17" hai3="23,67,69,8,101,33,86,134,31,116,38,105,58"/><W87/><G116/><T119/><D104/><U48/><E75/><V43/><F107/><W98/><G134/><T123/><D4/><U40/><E103/><V95/><F132/><W37/><G23/><T99/><D99/><U15/><E135/><V127/><F70/><W62/><G8/><T126/><D2/><U10/><E130/><V88/><F7/><W78/><G58/><T30/><D30/><U89/><E118/><V84/><F129/><W83/><REACH who="3" step="1"/><G86/><REACH who="3" ten="248,308,234,200" step="2"/><T100/><D119/><U11/><E11/><V82/><F120/><W90/><G90/><T3/><D123/><U12/><E89/><V111/><F111/><W34/><G34/><T85/><D85/><U121/><E121/><V93/><REACH who="2" step="1"/><F91/><REACH who="2" ten="248,308,224,200" step="2"/><W44/><G44/><T9/><D46/><U97/><E10/><AGARI ba="0,2" hai="10,14,17,39,43,47,82,84,88,92,93,95,125,127" machi="10" ten="40,8000,1" yaku="1,1,2,1,54,1,53,1" doraHai="55" doraHaiUra="5" who="2" fromWho="1" sc="248,0,308,-80,224,100,200,0" /><INIT seed="4,0,0,3,2,87" ten="248,228,324,200" oya="0" hai0="80,58,43,39,94,6,23,63,33,67,131,121,1" hai1="93,13,68,57,88,20,98,38,73,76,112,84,110" hai2="127,35,65,97,56,40,3,126,102,64,4,15,46" hai3="60,18,29,52,85,133,75,77,66,69,129,59,92"/><T27/><D121/><U70/><E38/><V103/><F3/><W123/><G123/><T122/><D122/><U17/><E110/><V11/><F35/><W81/><G129/><T54/><D131/><U61/><E73/><V62/><F65/><W135/><G29/><T71/><D33/><U86/><E112/><V50/><REACH who="2" step="1"/><F102/><REACH who="2" ten="248,228,314,200" step="2"/><W24/><G133/><T99/><D1/><U49/><E70/><V113/><F113/><W21/><G135/><T36/><D67/><U119/><E68/><V116/><F116/><W78/><G69/><T48/><D71/><U34/><E34/><V101/><F101/><W45/><G66/><T108/><D108/><U105/><E119/><V83/><F83/><W32/><G32/><T8/><D80/><U28/><E76/><V120/><F120/><W90/><G77/><T41/><D36/><U30/><E105/><AGARI ba="0,1" hai="4,11,15,40,46,50,56,62,64,97,103,105,126,127" machi="105" ten="40,2600,0" yaku="1,1,53,1" doraHai="87" doraHaiUra="55" who="2" fromWho="1" sc="248,0,228,-26,314,36,200,0" /><INIT seed="5,0,0,2,2,37" ten="248,202,350,200" oya="1" hai0="112,135,90,67,0,76,23,30,31,84,43,20,12" hai1="28,134,125,53,87,77,46,62,34,132,99,8,103" hai2="111,40,121,102,48,73,7,127,95,117,39,119,126" hai3="63,14,19,41,69,118,97,124,2,13,86,78,75"/><U88/><E77/><V71/><F39/><W49/><G2/><T55/><D0/><U3/><E125/><N who="2" m="47627" /><F111/><W22/><G124/><T61/><D112/><U91/><E28/><V100/><F71/><W129/><G129/><T66/><D76/><U116/><E34/><V26/><F73/><W64/><G118/><T98/><D98/><U10/><E91/><V85/><F7/><W107/><G75/><T5/><D135/><N who="1" m="51755" /><E3/><V11/><F11/><W36/><G36/><T9/><D31/><U115/><E115/><V109/><F109/><W79/><G86/><T106/><D106/><N who="1" m="63871" /><E116/><V58/><F121/><W81/><G81/><T105/><D105/><U65/><E65/><V89/><F100/><W101/><REACH who="3" step="1"/><G14/><REACH who="3" ten="248,202,350,190" step="2"/><T104/><D12/><U120/><E120/><V110/><F117/><W74/><G74/><T80/><D84/><U45/><E45/><AGARI ba="0,1" hai="13,19,22,41,45,49,63,64,69,78,79,97,101,107" machi="45" ten="40,2600,0" yaku="1,1,52,1,53,0" doraHai="37" doraHaiUra="113" who="3" fromWho="1" sc="248,0,202,-26,350,0,190,36" /><INIT seed="6,0,0,5,0,132" ten="248,176,350,226" oya="2" hai0="21,73,117,55,7,101,62,34,92,128,15,46,29" hai1="70,124,125,33,94,123,26,89,99,30,20,0,71" hai2="104,61,119,63,64,129,121,78,67,49,118,100,38" hai3="24,85,25,56,120,10,43,40,32,47,19,23,107"/><V42/><F104/><W114/><G120/><T77/><D117/><U79/><E0/><V93/><F121/><W134/><G107/><T133/><D133/><U41/><E123/><V102/><F38/><W88/><G134/><T28/><D34/><U8/><E79/><V95/><F78/><W97/><G114/><T27/><D73/><U98/><E41/><V90/><F42/><W14/><G97/><N who="0" m="59559" /><D77/><U39/><E39/><V37/><F49/><W2/><G2/><T12/><D7/><U106/><E8/><V80/><F80/><W4/><G47/><T22/><D128/><U16/><E106/><V116/><F37/><W1/><G56/><N who="0" m="35103" /><D46/><U135/><E135/><V74/><F74/><W81/><REACH who="3" step="1"/><G25/><AGARI ba="0,0" hai="12,15,21,22,25,27,28,29" m="35103,59559" machi="25" ten="30,1000,0" yaku="8,1" doraHai="132" who="0" fromWho="3" sc="248,10,176,0,350,0,226,-10" /><INIT seed="7,0,0,5,3,74" ten="258,176,350,216" oya="3" hai0="8,134,112,58,38,96,83,21,14,7,90,1,50" hai1="109,43,104,135,89,2,116,131,34,15,35,37,119" hai2="6,130,118,47,12,108,57,27,53,28,117,80,123" hai3="76,62,36,61,93,66,63,128,0,101,55,132,32"/><W122/><G122/><T20/><D38/><U106/><E2/><V39/><F108/><W59/><G0/><T52/><D134/><U102/><E109/><V103/><F130/><W18/><G32/><N who="1" m="12330" /><E15/><V126/><F126/><W68/><G128/><T54/><D112/><U86/><E131/><V42/><F103/><W24/><G36/><T125/><D125/><U92/><E43/><V110/><F110/><W46/><G132/><T129/><D129/><U10/><E135/><V114/><F114/><W69/><G46/><N who="0" m="27735" /><D1/><U113/><E10/><V23/><F123/><W49/><G69/><T11/><D11/><U91/><E37/><V56/><F56/><W60/><G101/><T98/><D83/><U99/><E113/><V94/><F12/><W64/><G93/><N who="0" m="56375" /><D98/><U121/><E121/><V107/><F107/><W26/><G68/><T79/><D79/><U25/><E25/><V100/><F80/><W13/><G76/><T45/><D45/><U72/><E72/><V44/><F47/><N who="3" m="28095" /><G66/><T124/><D124/><U30/><E91/><V29/><F94/><W65/><G65/><T4/><D4/><U115/><E115/><V41/><F6/><W70/><G70/><T78/><D78/><U127/><E127/><V85/><F41/><W84/><G84/><T73/><D73/><U19/><E106/><V77/><F100/><W33/><G33/><T5/><D7/><U111/><E111/><V82/><F29/><W105/><G105/><T17/><D5/><U81/><E104/><V48/><AGARI ba="0,0" hai="23,27,28,39,42,44,48,53,57,77,82,85,117,118" machi="48" ten="20,2700,0" yaku="0,1,7,1,52,1" doraHai="74" who="2" fromWho="2" sc="258,-7,176,-7,350,27,216,-13" owari="251,5.1,169,-33.1,377,47.7,203,-19.7" /></mjloggm>