<mjloggm ver="2.3"><GO type="169" lobby="0"/><UN n0="%E3%81%8B%E3%81%A5%E3%81%8D%EF%BC%B8%EF%BC%A9" n1="%E3%83%95%E3%82%AF%E3%83%80%E3%83%B3%E3%83%81%E3%83%A7" n2="%E3%83%9C%E3%82%AF%E3%81%A1%E3%82%83%E3%82%93" n3="%69%50%68%6F%6E%65%31" dan="18,16,16,16" rate="2172.33,2136.56,2059.55,2124.92" sx="M,M,M,M"/><TAIKYOKU oya="0"/><INIT seed="0,0,0,3,2,24" ten="250,250,250,250" oya="0" hai0="17,107,103,104,14,74,18,39,73,123,28,7,102" hai1="49,116,63,26,132,30,78,0,12,44,10,93,88" hai2="15,131,84,112,16,9,47,34,64,128,4,79,27" hai3="96,90,67,113,94,98,21,48,53,20,110,57,87"/><T43/><D123/><U130/><E116/><V70/><F112/><W1/><G110/><T22/><D43/><U52/><E0/><V76/><F70/><W19/><G113/><T54/><D39/><U97/><E130/><N who="2" m="49707" /><F64/><W99/><G1/><T92/><D7/><U33/><E132/><V82/><F47/><W55/><G67/><T41/><D41/><U105/><E78/><N who="2" m="46167" /><F4/><W32/><G32/><T46/><D14/><U80/><E80/><V133/><F133/><W86/><G19/><T11/><D11/><U37/><E105/><V134/><F134/><W51/><REACH who="3" step="1"/><G87/><REACH who="3" ten="250,250,250,240" step="2"/><T8/><D18/><U71/><E71/><V25/><F25/><W122/><G122/><T118/><D17/><U66/><E66/><V85/><F85/><W68/><G68/><T114/><D114/><U42/><E63/><V65/><F65/><W109/><G109/><T100/><D118/><U35/><E35/><V115/><F115/><W13/><G13/><T40/><D74/><U83/><E83/><V59/><F59/><AGARI ba="0,1" hai="20,21,48,51,53,55,57,59,86,90,94,96,98,99" machi="59" ten="40,12000,2" yaku="1,1,9,1,8,1,53,3" doraHai="24" doraHaiUra="95" who="3" fromWho="2" sc="250,0,250,0,250,-120,240,130" /><INIT seed="1,0,0,3,1,114" ten="250,250,130,370" oya="1" hai0="11,123,104,48,59,17,94,101,66,81,69,37,12" hai1="67,112,119,28,76,8,134,13,14,49,10,127,87" hai2="133,34,122,100,30,27,56,89,135,21,125,128,20" hai3="93,117,107,62,29,60,118,72,82,0,32,39,79"/><U36/><E36/><V42/><F122/><W41/><G107/><T88/><D37/><U116/><E112/><V25/><F42/><W78/><G0/><T38/><D38/><U15/><E67/><V74/><F74/><W58/><G79/><T75/><D123/><U105/><E105/><V35/><F100/><W43/><G62/><T115/><D115/><U40/><E127/><V33/><F89/><W6/><G6/><T106/><D69/><U84/><E28/><N who="2" m="17447" /><F56/><W24/><G93/><T102/><D106/><U52/><E40/><V7/><F125/><W111/><G111/><T121/><D121/><U54/><E76/><V77/><F77/><W51/><G51/><T9/><D104/><U26/><E26/><V86/><F86/><N who="1" m="32809" /><E134/><N who="2" m="51211" /><F7/><W103/><G103/><N who="0" m="39435" /><D75/><U44/><E44/><V3/><F3/><W47/><REACH who="3" step="1"/><G43/><REACH who="3" ten="250,250,130,360" step="2"/><T131/><D94/><U45/><E49/><V57/><F57/><W98/><G98/><T92/><D48/><U50/><E50/><V31/><F128/><W71/><G71/><T23/><D131/><U19/><E45/><V124/><F124/><W73/><G73/><T63/><D81/><U126/><E126/><V109/><F109/><W91/><G91/><T99/><AGARI ba="0,1" hai="9,11,12,17,23,59,63,66,88,92,99" m="39435" machi="99" ten="30,2000,0" yaku="8,1,54,1" doraHai="114" who="0" fromWho="0" sc="250,30,250,-10,130,-5,360,-5" /><INIT seed="2,0,0,0,2,42" ten="280,240,125,355" oya="2" hai0="73,5,1,38,3,14,80,37,90,95,124,71,128" hai1="18,10,126,109,78,110,70,6,4,112,7,49,22" hai2="102,65,52,46,34,64,98,131,54,135,118,58,56" hai3="94,85,28,103,35,62,8,48,63,130,88,59,100"/><V43/><F118/><W82/><G130/><T97/><D71/><U44/><E70/><V2/><F131/><W45/><G35/><T30/><D30/><U9/><E78/><V57/><F34/><W134/><G134/><T50/><D128/><U125/><E112/><V24/><F2/><W20/><G8/><N who="1" m="3178" /><E49/><N who="2" m="26847" /><F24/><N who="3" m="16391" /><G82/><T107/><D1/><U89/><E89/><V76/><F76/><W111/><G111/><N who="1" m="42506" /><E44/><V83/><F83/><W133/><G133/><T69/><D3/><U66/><E66/><N who="2" m="25707" /><F135/><W39/><G39/><T25/><D37/><U11/><N who="1" m="3186" /><U77/><DORA hai="15" /><E77/><V116/><F116/><W108/><G108/><T16/><D38/><U96/><E96/><V55/><F98/><W106/><G106/><T91/><D107/><U31/><E31/><V79/><F79/><W117/><G117/><T61/><D97/><U132/><E132/><V60/><F102/><N who="3" m="38955" /><G59/><AGARI ba="0,0" hai="52,54,55,56,57,58,59,60" m="25707,26847" machi="59" ten="30,24000,3" yaku="8,1,35,5,52,1,54,1" doraHai="42,15" who="2" fromWho="3" sc="280,0,240,0,125,240,355,-240" /><INIT seed="2,1,0,5,4,8" ten="280,240,365,115" oya="2" hai0="58,17,96,52,130,98,134,79,41,120,106,90,85" hai1="33,68,11,19,116,99,73,60,46,77,49,63,21" hai2="82,92,114,118,129,78,83,25,57,117,135,28,121" hai3="67,104,125,32,35,76,38,23,65,124,122,127,47"/><V84/><F114/><W61/><G122/><T31/><D120/><U100/><E33/><V54/><F121/><W27/><G104/><T123/><D123/><U44/><E116/><V128/><F92/><W107/><G107/><T14/><D31/><U91/><E91/><V86/><F135/><W69/><G67/><T2/><D2/><U22/><E73/><V109/><F109/><W87/><G47/><T10/><D134/><U70/><E77/><V4/><F4/><W37/><G35/><T64/><D106/><U71/><E11/><V39/><F39/><W89/><G76/><T51/><D130/><N who="2" m="50282" /><F86/><W13/><G32/><T66/><D79/><U95/><E22/><N who="2" m="15415" /><F83/><W115/><G115/><T29/><D41/><U111/><E111/><V88/><F78/><W80/><REACH who="3" step="1"/><G13/><REACH who="3" ten="280,240,365,105" step="2"/><T15/><D15/><U24/><REACH who="1" step="1"/><E46/><REACH who="1" ten="280,230,365,105" step="2"/><V50/><AGARI ba="1,2" hai="50,54,57,82,84,88,117,118" m="15415,50282" machi="50" ten="30,3000,0" yaku="19,1,54,1" doraHai="8" who="2" fromWho="2" sc="280,-11,230,-11,365,53,105,-11" /><INIT seed="2,2,0,1,1,73" ten="269,219,418,94" oya="2" hai0="42,104,19,17,72,4,75,24,126,32,115,135,36" hai1="51,94,100,57,33,0,128,119,110,27,28,129,21" hai2="22,41,117,43,111,66,7,52,77,86,76,16,85" hai3="14,30,113,109,37,81,5,2,69,8,87,58,84"/><V106/><F117/><W74/><G69/><T60/><D115/><U97/><E0/><V10/><F106/><W105/><G109/><T108/><D104/><U130/><E110/><V64/><F111/><W45/><G113/><T3/><D135/><U103/><E119/><V67/><F52/><W82/><G105/><T79/><D126/><U23/><E100/><V13/><F86/><W39/><G30/><T134/><D134/><U71/><E71/><V83/><REACH who="2" step="1"/><F77/><REACH who="2" ten="269,219,408,94" step="2"/><W55/><G74/><T88/><D72/><U20/><E51/><V38/><F38/><W92/><G45/><N who="0" m="23751" /><D108/><U96/><E96/><V91/><F91/><W112/><G112/><T62/><D88/><U99/><E99/><V70/><F70/><W68/><G68/><T59/><D59/><AGARI ba="2,1" hai="20,21,23,27,28,33,57,59,94,97,103,128,129,130" machi="59" ten="50,1600,0" yaku="19,1" doraHai="73" who="1" fromWho="0" sc="269,-22,219,32,408,0,94,0" /><INIT seed="3,0,0,4,5,113" ten="247,251,408,94" oya="3" hai0="15,93,125,20,34,17,46,94,39,128,122,135,50" hai1="4,24,89,71,121,108,60,58,133,37,74,91,72" hai2="109,38,114,61,54,18,62,79,41,51,9,23,124" hai3="45,126,132,43,85,81,30,97,127,19,73,59,3"/><W69/><G69/><T2/><D122/><U67/><E108/><V130/><F109/><W40/><G73/><T115/><D2/><U111/><E111/><V98/><F114/><W12/><G3/><T56/><D34/><U70/><E37/><V8/><F38/><W105/><G30/><T55/><D115/><U25/><E4/><V35/><F35/><W107/><G59/><T48/><D125/><N who="3" m="47625" /><G97/><T92/><D128/><U0/><E133/><V14/><F130/><W36/><G43/><N who="0" m="24671" /><D135/><U131/><E131/><V118/><F41/><W86/><G132/><T65/><D39/><U31/><E31/><V78/><F98/><W129/><G129/><T63/><D65/><U101/><E0/><V5/><F9/><N who="3" m="6543" /><G85/><T47/><D47/><U95/><E74/><V77/><F124/><W88/><AGARI ba="0,0" hai="36,40,45,81,86,88,105,107" m="6543,47625" machi="88" ten="30,3000,0" yaku="18,1,54,1" doraHai="113" who="3" fromWho="3" sc="247,-10,251,-10,408,-10,94,30" /><INIT seed="3,1,0,0,2,25" ten="237,241,398,124" oya="3" hai0="113,59,57,96,117,68,47,5,23,82,99,21,36" hai1="53,72,66,100,107,78,6,81,90,61,64,28,108" hai2="74,40,65,69,97,109,75,44,106,132,94,84,16" hai3="50,31,37,119,126,12,104,15,87,114,8,92,32"/><W110/><G37/><T71/><D117/><U63/><E108/><V0/><F0/><W83/><G104/><T91/><D5/><U14/><E90/><V80/><F106/><W79/><G119/><T22/><D113/><U46/><E107/><V67/><F132/><W35/><G114/><T49/><D36/><U76/><E100/><V34/><F34/><W85/><G110/><T18/><D71/><U13/><E6/><V124/><F124/><W135/><G135/><T27/><D68/><U123/><E46/><V39/><F67/><W131/><G126/><T86/><D99/><U42/><E53/><V30/><F30/><W105/><G105/><T48/><D96/><U20/><E42/><V38/><F38/><W77/><G131/><T134/><D134/><U111/><E78/><V24/><F65/><W43/><G31/><T4/><D4/><U58/><E123/><V29/><F16/><W122/><G122/><T51/><D47/><U19/><E111/><V133/><F69/><W3/><G8/><T125/><D125/><U55/><E28/><V62/><F109/><W1/><G83/><T9/><D9/><U128/><E128/><V115/><F115/><W54/><G43/><T41/><D41/><U129/><E129/><V121/><F121/><W52/><REACH who="3" step="1"/><G92/><REACH who="3" ten="237,241,398,114" step="2"/><T102/><D82/><U118/><E118/><V45/><F80/><W56/><G56/><T130/><D57/><U11/><E63/><V2/><F133/><W17/><G17/><T116/><D59/><U89/><E61/><V60/><F39/><W127/><G127/><T70/><D116/><RYUUKYOKU ba="1,1" sc="237,-10,241,-10,398,-10,114,30" hai3="1,3,12,15,32,35,50,52,54,77,79,85,87" /><INIT seed="3,2,1,0,1,6" ten="227,231,388,144" oya="3" hai0="18,30,46,9,117,66,87,62,44,107,72,88,106" hai1="69,133,123,84,78,0,113,15,134,109,33,50,41" hai2="8,20,35,110,68,129,38,108,104,36,99,42,63" hai3="13,67,59,21,82,25,10,45,58,83,57,56,91"/><W77/><G45/><T39/><D72/><U51/><E69/><V65/><F35/><W76/><N who="3" m="14336" /><DORA hai="1" /><W135/><G135/><N who="1" m="51722" /><E0/><V86/><F129/><W28/><G67/><T34/><D39/><U102/><E33/><V93/><F42/><W120/><G120/><T112/><D112/><U5/><E109/><N who="2" m="42091" /><F20/><W89/><G77/><T31/><D34/><U19/><E102/><N who="2" m="62559" /><F8/><W105/><G105/><T7/><D107/><U126/><E113/><V130/><F130/><W122/><G122/><T121/><D106/><U92/><E41/><V52/><F52/><W128/><G128/><T111/><D111/><U49/><E126/><V96/><F86/><N who="3" m="48455" /><G83/><T71/><D121/><U29/><E29/><V14/><F14/><W55/><G55/><T60/><D30/><U114/><E114/><V23/><F23/><W101/><G101/><AGARI ba="2,1" hai="36,38,63,65,68,93,96,101" m="62559,42091" machi="101" ten="30,1000,0" yaku="14,1" doraHai="6,1" who="2" fromWho="3" sc="227,0,231,0,388,26,144,-16" /><INIT seed="4,0,0,1,5,110" ten="227,231,414,128" oya="0" hai0="121,72,74,39,130,60,53,125,62,22,84,104,18" hai1="11,79,38,45,6,77,86,42,49,123,69,51,135" hai2="128,95,120,129,2,55,127,93,25,20,61,15,7" hai3="31,114,44,85,87,105,122,115,34,88,54,70,100"/><T107/><D121/><U118/><E123/><V119/><F120/><W73/><G73/><T13/><D39/><U113/><E69/><V50/><F2/><W12/><G70/><T76/><D125/><U67/><E67/><V41/><F61/><W59/><G122/><T134/><D130/><N who="2" m="50282" /><F41/><W80/><G12/><T65/><D134/><U75/><E135/><V102/><F102/><W66/><G66/><T26/><D74/><U106/><E106/><V4/><F119/><W111/><G44/><T9/><D72/><U131/><E113/><N who="3" m="43018" /><G85/><T17/><D53/><U64/><E64/><V94/><F15/><W98/><G111/><T81/><D62/><U23/><E86/><V92/><F92/><W112/><N who="3" m="43026" /><W83/><DORA hai="96" /><G83/><T82/><D82/><U126/><E75/><V40/><F127/><W10/><G10/><T35/><D35/><U89/><E11/><V101/><F101/><W63/><G34/><T30/><REACH who="0" step="1"/><D30/><AGARI ba="0,0" hai="30,31,54,59,63,80,87,88,98,100,105" m="43026" machi="30" ten="40,12000,2" yaku="15,1,52,5,54,1" doraHai="110,96" who="3" fromWho="0" sc="227,-120,231,0,414,0,128,120" /><INIT seed="5,0,0,1,3,59" ten="107,231,414,248" oya="1" hai0="69,10,2,45,109,54,38,12,28,99,126,106,83" hai1="7,123,64,30,47,129,65,56,6,74,61,87,80" hai2="115,63,40,119,121,75,26,14,95,44,112,70,133" hai3="41,92,131,71,81,89,22,42,66,39,97,132,128"/><U58/><E129/><N who="3" m="49738" /><G39/><T37/><D69/><U113/><E113/><N who="2" m="43595" /><F121/><W116/><G116/><T86/><D2/><U120/><E74/><V3/><F3/><W105/><G132/><T76/><D109/><U108/><E30/><V103/><F133/><W82/><G105/><T0/><D0/><U19/><E47/><V73/><F14/><W36/><G22/><T111/><D28/><U124/><E124/><V43/><F43/><N who="3" m="16395" /><G36/><T57/><D45/><U17/><E108/><V15/><F15/><W85/><G97/><T125/><D111/><U13/><E13/><V102/><F26/><W23/><G23/><T98/><D106/><U11/><E11/><V78/><F78/><W135/><G135/><T104/><D104/><U31/><E31/><V117/><F119/><W88/><G89/><T134/><D134/><U118/><E118/><V50/><F103/><W122/><G122/><T67/><D67/><U48/><E48/><V60/><F117/><W55/><G55/><T18/><D38/><U20/><E20/><V34/><F34/><W4/><G4/><N who="1" m="1578" /><E123/><V107/><F107/><W24/><G24/><T91/><D37/><U51/><E51/><V29/><F29/><W77/><G77/><T127/><REACH who="0" step="1"/><D76/><REACH who="0" ten="97,231,414,248" step="2"/><N who="1" m="46471" /><E120/><V130/><F130/><W27/><G71/><T79/><D79/><U93/><E64/><V72/><F70/><W84/><G66/><T94/><D94/><U68/><E93/><V62/><F95/><W52/><G92/><T96/><D96/><U16/><E68/><V49/><F102/><W1/><G1/><T21/><D21/><U110/><E110/><RYUUKYOKU ba="0,1" sc="97,10,231,10,414,10,248,-30" hai0="10,12,18,54,57,83,86,91,98,99,125,126,127" hai1="16,17,19,56,58,61,65" hai2="40,44,49,50,60,62,63,72,73,75" /><INIT seed="5,1,1,0,5,45" ten="107,241,424,218" oya="1" hai0="38,9,116,44,31,15,96,25,84,131,77,26,40" hai1="5,113,39,67,115,83,42,125,133,80,87,52,101" hai2="23,11,12,10,112,104,22,114,135,4,24,72,47" hai3="19,132,107,63,7,53,54,73,59,82,21,121,37"/><U35/><E35/><V78/><F104/><W55/><G121/><T109/><D109/><U69/><E101/><V49/><F135/><W36/><G7/><T62/><D116/><U8/><E125/><V81/><F11/><W32/><G32/><T27/><D131/><U60/><E133/><V102/><F102/><W46/><G107/><T89/><D96/><U122/><E122/><V79/><F79/><W127/><G132/><T20/><D77/><U13/><E39/><V70/><F70/><W85/><G73/><T71/><D62/><U124/><E42/><V57/><F57/><W88/><G127/><T129/><D71/><U58/><E124/><V98/><F98/><W100/><G100/><T75/><D75/><U128/><E128/><V119/><F119/><W103/><G103/><T18/><REACH who="0" step="1"/><D129/><REACH who="0" ten="97,241,424,218" step="2"/><U61/><E87/><V3/><F72/><W118/><G118/><T56/><D56/><U65/><E67/><V29/><F78/><W126/><G126/><T134/><D134/><U95/><E113/><V110/><F114/><W68/><G68/><T16/><D16/><U106/><E115/><V0/><F110/><W34/><G63/><T99/><D99/><U14/><E61/><V2/><F112/><W33/><G59/><T92/><AGARI ba="1,2" hai="9,15,18,20,25,26,27,31,38,40,44,84,89,92" machi="92" ten="20,2700,0" yaku="1,1,0,1,7,1,53,0" doraHai="45" doraHaiUra="123" who="0" fromWho="0" sc="97,50,241,-14,424,-8,218,-8" /><INIT seed="6,0,0,0,0,18" ten="147,227,416,210" oya="2" hai0="116,132,57,93,10,70,86,55,48,99,101,31,34" hai1="106,65,12,40,68,21,54,120,64,27,114,91,22" hai2="122,58,7,66,14,85,4,131,113,0,36,88,134" hai3="43,3,26,103,2,67,60,47,72,96,119,112,118"/><V77/><F0/><W53/><G72/><T108/><D70/><U1/><E1/><V75/><F36/><W59/><G112/><T133/><D108/><U15/><E106/><V17/><F122/><W30/><G53/><T87/><D116/><U115/><E40/><V105/><F105/><W117/><G47/><T90/><D10/><U19/><E68/><V8/><F131/><W123/><G43/><T63/><D87/><U6/><E54/><V41/><F41/><W81/><G81/><T49/><D34/><U92/><E120/><V74/><F134/><W50/><G50/><T129/><D31/><N who="1" m="17903" /><E6/><V51/><F77/><W94/><REACH who="3" step="1"/><G123/><REACH who="3" ten="147,227,416,200" step="2"/><T109/><D129/><U42/><E42/><V104/><F75/><W16/><G16/><T83/><REACH who="0" step="1"/><D109/><REACH who="0" ten="137,227,416,200" step="2"/><U9/><E114/><V25/><F113/><W46/><G46/><T79/><D79/><U130/><E115/><V89/><F74/><W102/><G102/><T80/><D80/><U5/><E130/><V97/><F89/><W95/><G95/><T110/><D110/><U78/><E78/><V29/><F88/><W23/><AGARI ba="0,2" hai="2,3,23,26,30,59,60,67,94,96,103,117,118,119" machi="23" ten="30,8000,1" yaku="1,1,0,1,25,2,52,1,53,0" doraHai="18" doraHaiUra="135" who="3" fromWho="3" sc="137,-20,227,-20,416,-40,200,100" /><INIT seed="7,0,0,5,0,66" ten="117,207,376,300" oya="3" hai0="42,28,3,133,72,100,35,88,101,78,67,41,56" hai1="57,117,52,34,95,97,87,44,82,17,103,104,26" hai2="23,65,80,70,90,105,46,1,33,51,85,4,125" hai3="19,20,63,31,16,135,74,0,114,50,134,18,92"/><W55/><G74/><T76/><D3/><U84/><E117/><V124/><F33/><W102/><G0/><T68/><D56/><U77/><E44/><V115/><F105/><W62/><G114/><T5/><D5/><U48/><E34/><V91/><F115/><W71/><G102/><T98/><D133/><N who="3" m="50697" /><G92/><T43/><D100/><U47/><E104/><V110/><F110/><W36/><G36/><T128/><D128/><U75/><E47/><V123/><F123/><W129/><G129/><T37/><D37/><U122/><E122/><V69/><F90/><W61/><G31/><T107/><D88/><U24/><E17/><V54/><F23/><W59/><G20/><T73/><D73/><U116/><E116/><V13/><F1/><W96/><G96/><T113/><D72/><U6/><E6/><V25/><F25/><W130/><G130/><T81/><D81/><U99/><E99/><V10/><F65/><AGARI ba="0,0" hai="16,18,19,50,55,59,61,62,63,65,71" m="50697" machi="65" ten="30,5800,0" yaku="20,1,52,1,54,1" doraHai="66" who="3" fromWho="2" sc="117,0,207,0,376,-58,300,58" owari="117,-38.3,207,-19.3,318,11.8,358,45.8" /></mjloggm>