<mjloggm ver="2.3"><GO type="169" lobby="0"/><UN n0="%54%68%65%72%65%73%61%5F" n1="%E3%83%9F%E3%83%8D%E3%83%A9%E3%83%AB" n2="%75%74%63%68%69%65" n3="%E4%B8%80%E7%95%AA%E3%81%84%E3%81%A1%E3%81%B0%E3%82%93" dan="16,18,16,16" rate="2105.67,2272.54,2069.42,2092.00" sx="M,M,M,F"/><TAIKYOKU oya="0"/><INIT seed="0,0,0,2,2,19" ten="250,250,250,250" oya="0" hai0="88,117,133,125,134,97,104,81,101,102,91,115,20" hai1="93,121,33,64,80,76,62,110,105,77,35,82,30" hai2="72,131,12,74,4,75,47,9,120,3,50,15,94" hai3="85,109,108,53,22,103,34,27,73,41,129,55,14"/><T39/><D39/><U11/><E105/><V26/><F120/><W107/><G73/><T98/><D115/><U52/><E110/><N who="3" m="42602" /><G129/><T18/><D117/><U6/><E93/><V83/><F131/><W70/><G70/><T135/><D81/><U54/><E30/><V66/><F66/><W57/><G41/><T63/><D63/><U1/><E121/><V51/><F83/><W56/><G14/><N who="0" m="9303" /><D125/><U2/><E62/><V118/><F118/><W127/><G34/><T43/><D43/><U92/><E92/><AGARI ba="0,0" hai="88,91,92,97,98,101,102,104,133,134,135" m="9303" machi="92" ten="30,5800,0" yaku="20,1,52,1,54,1" doraHai="19" who="0" fromWho="1" sc="250,58,250,-58,250,0,250,0" /><INIT seed="0,1,0,3,4,29" ten="308,192,250,250" oya="0" hai0="89,68,73,10,67,87,118,17,60,6,104,134,101" hai1="54,59,49,91,109,115,99,132,79,34,27,113,56" hai2="45,55,122,125,21,111,18,130,39,88,76,80,40" hai3="112,106,47,110,52,92,14,66,129,8,135,70,108"/><T58/><D118/><U94/><E109/><N who="3" m="42090" /><G106/><T3/><D73/><U4/><E132/><V64/><F122/><W23/><G112/><N who="1" m="43082" /><E4/><V103/><F130/><W78/><G129/><T57/><D134/><U32/><E79/><V33/><F125/><W102/><G78/><T85/><D85/><U93/><E27/><V46/><F103/><W44/><G23/><T116/><D116/><U121/><E121/><V38/><F64/><W86/><G70/><T19/><D68/><U117/><E117/><V65/><F65/><W97/><G66/><T41/><D41/><U119/><E119/><V53/><F111/><W131/><G86/><T120/><D120/><U35/><E94/><V114/><F114/><W96/><G96/><T16/><D58/><AGARI ba="1,0" hai="32,34,35,49,54,56,58,59,91,93,99" m="43082" machi="58" ten="40,8000,1" yaku="11,1,52,3" doraHai="29" who="1" fromWho="0" sc="308,-83,192,83,250,0,250,0" /><INIT seed="1,0,0,0,5,118" ten="225,275,250,250" oya="1" hai0="119,72,7,100,60,51,48,121,19,106,41,66,14" hai1="131,123,13,39,63,1,135,4,56,54,18,109,86" hai2="101,108,117,125,90,81,42,11,92,79,107,27,55" hai3="29,52,89,62,104,110,129,36,9,126,88,112,93"/><U25/><E123/><V97/><F108/><W80/><G110/><T70/><D119/><U53/><E109/><V12/><F117/><W113/><G113/><T24/><BYE who="3" /><D72/><U111/><E111/><V95/><F125/><W59/><G59/><T31/><D7/><U38/><E131/><V77/><F42/><W64/><G64/><T2/><D2/><U84/><E135/><V87/><F27/><W114/><G114/><T22/><D41/><U0/><E4/><V134/><F55/><UN n3="%E4%B8%80%E7%95%AA%E3%81%84%E3%81%A1%E3%81%B0%E3%82%93" /><W67/><G36/><T30/><D30/><U57/><E25/><V65/><F65/><W8/><G104/><T78/><D78/><N who="2" m="29706" /><F12/><W10/><G67/><T61/><D61/><U82/><E82/><N who="2" m="49527" /><F11/><W115/><G126/><T69/><D69/><U17/><E13/><V116/><F116/><W73/><G29/><T85/><D85/><U76/><E76/><V32/><F32/><W40/><G40/><T28/><D28/><U91/><E91/><V75/><F134/><W102/><G89/><T33/><REACH who="0" step="1"/><D121/><REACH who="0" ten="215,275,250,250" step="2"/><U130/><E130/><V98/><F75/><W94/><G73/><T68/><D68/><U44/><REACH who="1" step="1"/><E63/><REACH who="1" ten="215,265,250,250" step="2"/><V127/><F127/><W21/><G129/><T3/><D3/><U124/><E124/><V83/><F107/><W37/><G112/><T74/><D74/><U103/><E103/><AGARI ba="0,2" hai="81,83,92,95,97,98,101,103" m="49527,29706" machi="103" ten="30,12000,2" yaku="8,1,35,5" doraHai="118" who="2" fromWho="1" sc="215,0,265,-120,250,140,250,0" /><INIT seed="2,0,0,1,0,20" ten="215,145,390,250" oya="2" hai0="3,38,135,22,58,132,41,33,90,81,129,47,54" hai1="85,68,45,73,32,62,2,94,29,24,9,13,27" hai2="69,15,84,50,5,21,128,16,125,97,88,59,26" hai3="78,53,79,67,49,23,107,71,56,55,110,25,37"/><V92/><F69/><W65/><G110/><T11/><D33/><U99/><E73/><V131/><F125/><W48/><G107/><T10/><D129/><N who="2" m="49738" /><F97/><W57/><G37/><T35/><D35/><U100/><E2/><V17/><F5/><W77/><REACH who="3" step="1"/><G71/><REACH who="3" ten="215,145,390,240" step="2"/><T95/><D38/><U112/><E68/><V105/><F105/><W103/><G103/><T61/><D132/><U42/><E100/><V82/><F82/><W43/><G43/><T46/><D81/><U0/><E94/><V114/><F114/><W8/><G8/><T60/><D41/><U124/><E9/><N who="2" m="6383" /><F59/><W83/><G83/><T130/><D135/><U36/><E112/><V31/><F50/><W96/><G96/><T108/><D130/><U66/><E99/><V104/><F104/><W51/><G51/><T111/><D108/><U86/><E36/><V1/><F1/><W76/><N who="3" m="19456" /><DORA hai="102" /><W91/><G91/><T4/><D10/><U121/><E0/><V126/><F126/><W98/><G98/><T19/><D111/><U134/><E124/><V39/><F39/><W40/><G40/><T117/><D11/><U101/><E42/><V75/><F75/><W87/><G87/><T63/><D3/><U28/><E86/><V89/><F89/><W119/><G119/><T122/><D117/><U64/><E85/><V116/><F116/><W74/><G74/><T70/><D70/><U30/><E134/><V34/><F34/><W14/><G14/><T109/><D109/><U118/><E32/><V72/><F72/><W115/><G115/><T6/><BYE who="3" /><D90/><U93/><E118/><RYUUKYOKU ba="0,1" sc="215,-15,145,-15,390,15,240,15" hai2="16,21,26,31,84,88,92" hai3="23,25,48,49,53,55,56,57,65,67" /><UN n3="%E4%B8%80%E7%95%AA%E3%81%84%E3%81%A1%E3%81%B0%E3%82%93" /><INIT seed="2,1,1,3,2,54" ten="200,130,405,255" oya="2" hai0="57,133,18,47,40,15,84,24,56,82,7,60,97" hai1="51,98,79,27,29,59,102,131,74,135,42,134,65" hai2="8,75,105,126,71,120,37,119,6,26,127,12,99" hai3="48,132,35,92,80,90,116,49,123,88,89,32,83"/><V36/><F119/><W68/><G116/><T101/><D133/><N who="1" m="50699" /><E131/><V100/><F120/><W118/><G123/><T14/><D7/><U3/><E3/><V22/><F71/><W2/><G2/><T115/><D115/><U63/><E74/><V64/><F75/><W4/><G68/><T103/><D24/><U23/><E79/><V129/><F64/><W117/><G4/><T94/><D101/><U38/><E38/><V43/><F129/><W55/><G132/><T41/><D47/><U28/><E28/><V87/><F87/><W66/><G90/><N who="0" m="51479" /><D60/><U85/><E85/><V11/><F11/><W114/><G114/><T30/><D30/><U17/><E17/><V1/><F1/><W0/><G0/><T81/><D15/><U124/><E124/><N who="2" m="47659" /><F43/><N who="0" m="16458" /><D81/><U62/><E62/><V112/><F112/><W70/><G70/><T69/><D69/><U19/><E19/><AGARI ba="1,1" hai="6,8,12,19,22,26,36,37,99,100,105" m="47659" machi="19" ten="30,1500,0" yaku="18,1" doraHai="54" who="2" fromWho="1" sc="200,0,130,-18,405,28,255,0" /><INIT seed="2,2,0,0,5,68" ten="200,112,433,255" oya="2" hai0="123,133,107,129,78,81,121,26,50,79,112,98,38" hai1="90,47,76,9,13,74,119,12,92,69,14,101,34" hai2="127,27,39,32,31,106,57,67,25,73,48,86,114" hai3="97,117,17,35,53,125,21,132,52,3,11,71,56"/><V46/><F73/><W88/><G117/><T54/><D112/><U111/><E34/><V110/><F114/><W124/><G71/><T65/><D129/><U66/><E119/><V102/><F127/><N who="3" m="48715" /><G35/><T51/><D133/><U4/><E101/><V58/><F27/><N who="3" m="14767" /><G132/><T33/><D33/><U93/><E93/><V84/><F110/><W45/><G56/><T15/><D107/><U37/><E111/><V16/><F58/><W108/><G108/><T89/><D26/><U70/><E66/><V115/><F115/><W126/><N who="3" m="48723" /><W75/><DORA hai="8" /><G75/><T130/><D65/><U10/><E76/><V43/><F16/><W29/><G29/><T120/><D120/><U61/><E74/><V122/><F122/><W91/><G45/><T36/><D121/><U105/><E61/><V1/><F1/><W95/><G91/><T41/><D89/><U94/><E90/><V72/><F72/><W64/><G64/><T63/><D79/><U116/><E116/><V118/><F118/><W42/><G42/><T55/><D41/><U22/><E47/><V60/><F48/><W19/><G3/><T87/><D123/><U5/><E70/><V131/><REACH who="2" step="1"/><F131/><REACH who="2" ten="200,112,423,255" step="2"/><W82/><G82/><T85/><D130/><U0/><E69/><V128/><F128/><W30/><G30/><T2/><D81/><U18/><E0/><V62/><F62/><W99/><G19/><T24/><D63/><U134/><E134/><V6/><F6/><W40/><G99/><AGARI ba="2,1" hai="25,31,32,39,43,46,57,60,67,84,86,99,102,106" machi="99" ten="40,12000,1" yaku="1,1,52,1,53,2" doraHai="68,8" doraHaiUra="103,100" who="2" fromWho="3" sc="200,0,112,0,423,136,255,-126" /><INIT seed="2,3,0,1,3,99" ten="200,112,559,129" oya="2" hai0="112,19,28,87,108,130,74,119,24,77,18,103,89" hai1="46,85,53,21,58,41,23,133,15,134,115,31,101" hai2="95,71,79,96,25,6,12,62,109,113,29,72,80" hai3="70,8,34,65,125,93,0,14,32,1,94,82,50"/><V36/><F113/><W120/><G120/><T131/><D112/><U42/><E115/><V64/><F109/><W4/><G125/><T92/><D108/><U57/><E31/><V30/><F36/><W56/><G70/><T51/><D119/><U2/><E2/><V107/><F107/><W121/><G121/><T40/><D77/><U17/><E85/><V54/><F54/><W20/><G65/><T59/><D74/><U106/><E106/><V7/><F12/><W45/><G56/><T27/><D27/><U44/><E15/><V33/><REACH who="2" step="1"/><F30/><REACH who="2" ten="200,112,549,129" step="2"/><W102/><G0/><T35/><D28/><U63/><E53/><V110/><F110/><W84/><G1/><T124/><D124/><U104/><E104/><V98/><F98/><W11/><G14/><T66/><D130/><U127/><E127/><V48/><F48/><W5/><G50/><T60/><D51/><U10/><E63/><V90/><AGARI ba="3,1" hai="6,7,25,29,33,62,64,71,72,79,80,90,95,96" machi="90" ten="20,7800,0" yaku="1,1,0,1,7,1,53,1" doraHai="99" doraHaiUra="76" who="2" fromWho="2" sc="200,-29,112,-29,549,97,129,-29" /><INIT seed="2,4,0,0,5,37" ten="171,83,646,100" oya="2" hai0="112,92,38,29,122,73,76,114,4,104,59,120,87" hai1="61,18,78,101,97,48,74,124,30,103,67,125,110" hai2="65,44,113,47,5,26,28,69,24,123,75,2,1" hai3="119,0,128,57,27,95,131,79,106,99,80,108,89"/><V42/><F113/><W58/><G0/><T17/><D104/><U68/><E110/><V132/><F123/><W133/><G108/><T111/><D29/><U93/><E48/><V71/><F75/><W35/><G119/><T51/><D38/><U66/><E66/><V83/><F83/><W36/><G133/><T32/><D32/><U31/><E103/><V105/><F65/><W7/><G7/><T118/><D4/><U70/><E70/><V82/><F82/><W77/><G106/><T25/><D73/><U63/><E63/><V8/><F132/><W15/><G15/><T21/><D111/><U90/><E78/><N who="3" m="29706" /><G36/><T130/><D118/><U94/><E18/><V55/><F24/><W19/><G80/><T12/><D25/><U107/><E107/><V40/><F55/><W88/><G89/><N who="0" m="53311" /><D76/><U96/><REACH who="1" step="1"/><E74/><REACH who="1" ten="171,73,646,100" step="2"/><V64/><F105/><W134/><G134/><T72/><D72/><U41/><E41/><V52/><F64/><W50/><G50/><T22/><D114/><U33/><E33/><V46/><F42/><W116/><G116/><T14/><D112/><U20/><E20/><V49/><F40/><W129/><G35/><T45/><D21/><AGARI ba="4,1" hai="19,21,27,57,58,88,95,99,128,129,131" m="29706" machi="21" ten="40,2600,0" yaku="19,1,54,1" doraHai="37" who="3" fromWho="0" sc="171,-38,73,0,646,0,100,48" /><INIT seed="3,0,0,5,4,80" ten="133,73,646,148" oya="3" hai0="38,5,34,99,125,48,121,75,123,70,0,64,63" hai1="133,59,98,28,54,71,12,16,44,134,103,89,88" hai2="40,8,41,107,82,91,37,9,66,1,51,94,46" hai3="30,56,79,60,20,104,92,131,23,47,26,68,18"/><W7/><G104/><T49/><D38/><U31/><E71/><V62/><F107/><W72/><G131/><T132/><D132/><N who="1" m="50795" /><E44/><V45/><F82/><W129/><G72/><T21/><D75/><U3/><E3/><V124/><F124/><W110/><G68/><T93/><D34/><U19/><E19/><V55/><F55/><N who="3" m="33823" /><G129/><T135/><D135/><U36/><E36/><V108/><F108/><W58/><G79/><T17/><D125/><U117/><E117/><V69/><REACH who="2" step="1"/><F1/><REACH who="2" ten="133,73,636,148" step="2"/><W85/><G110/><T39/><D0/><U29/><E103/><V27/><F27/><N who="3" m="14743" /><G47/><T122/><D121/><U86/><E98/><AGARI ba="0,1" hai="8,9,37,40,41,45,46,51,62,66,69,91,94,98" machi="98" ten="30,2000,0" yaku="1,1,7,1,53,0" doraHai="80" doraHaiUra="50" who="2" fromWho="1" sc="133,0,73,-20,636,30,148,0" /><INIT seed="4,0,0,5,4,7" ten="133,53,666,148" oya="0" hai0="117,84,73,89,30,119,1,15,99,116,0,93,35" hai1="91,78,19,43,122,61,42,81,129,108,45,132,126" hai2="3,100,83,17,5,28,58,16,87,63,50,105,2" hai3="120,106,124,39,6,121,4,75,29,52,27,12,62"/><T130/><D73/><U125/><E108/><V21/><F2/><W135/><G106/><T66/><D130/><U86/><E122/><V71/><F71/><W101/><G75/><T48/><D66/><U56/><E129/><V133/><F100/><W113/><G101/><T69/><D69/><U59/><E132/><V24/><F105/><W51/><G39/><T127/><D127/><U38/><E43/><V54/><F5/><W107/><G107/><T47/><D99/><U131/><E131/><V95/><F95/><W85/><G135/><T128/><D128/><U103/><E103/><V14/><F3/><W40/><G124/><T60/><D60/><U94/><E59/><V13/><F63/><W18/><G40/><T98/><D98/><U68/><E68/><V104/><F104/><W64/><G85/><T20/><D35/><U134/><E134/><V115/><F115/><W96/><G113/><T111/><D111/><U74/><REACH who="1" step="1"/><E19/><REACH who="1" ten="133,43,666,148" step="2"/><N who="2" m="7243" /><F133/><W114/><G114/><T25/><D116/><U77/><E77/><AGARI ba="0,1" hai="13,14,21,24,28,50,54,58,77,83,87" m="7243" machi="77" ten="30,2000,0" yaku="8,1,54,1" doraHai="7" who="2" fromWho="1" sc="133,0,43,-20,666,30,148,0" /><INIT seed="5,0,0,4,5,93" ten="133,23,696,148" oya="1" hai0="53,38,69,103,133,17,47,115,94,19,65,5,8" hai1="45,43,114,126,76,68,24,125,113,71,90,91,60" hai2="77,32,51,116,67,49,10,104,54,95,4,107,88" hai3="86,57,59,44,61,80,84,72,131,23,124,108,13"/><U55/><E76/><V87/><F32/><W81/><G108/><T78/><D115/><N who="1" m="44043" /><E90/><V122/><F116/><W79/><G131/><T21/><D78/><U14/><E91/><V75/><F67/><W99/><G124/><N who="1" m="47722" /><E24/><V46/><F122/><W42/><G72/><T48/><D103/><U109/><E14/><V106/><F51/><N who="3" m="27031" /><G61/><T118/><D5/><U123/><E123/><V36/><F36/><W92/><G84/><T39/><D17/><U29/><E29/><V129/><F129/><W101/><G80/><T73/><D19/><AGARI ba="0,0" hai="13,19,23,57,59,79,81,86,92,99,101" m="27031" machi="19" ten="30,2000,0" yaku="8,1,52,1" doraHai="93" who="3" fromWho="0" sc="133,-20,23,0,696,0,148,20" /><INIT seed="6,0,0,4,0,24" ten="113,23,696,168" oya="2" hai0="76,52,6,91,78,82,39,70,55,89,8,90,120" hai1="133,53,25,101,11,68,122,86,31,50,83,115,2" hai2="93,99,123,81,16,40,62,96,4,131,7,104,32" hai3="128,27,80,112,5,92,22,106,103,18,64,63,15"/><V12/><F123/><W125/><G128/><T17/><D120/><U33/><E115/><V127/><F127/><W38/><G125/><T19/><D70/><U105/><E133/><V49/><F104/><W37/><G106/><T44/><D39/><U85/><E122/><V29/><F62/><W77/><G112/><T110/><D110/><U134/><E134/><V43/><F81/><W88/><G103/><T109/><D109/><U121/><E121/><V46/><F43/><W13/><G5/><T87/><D78/><U114/><E114/><V117/><F96/><W79/><G37/><T35/><D35/><U3/><E68/><V26/><F117/><W60/><G63/><T113/><D113/><U14/><E86/><V30/><F30/><W47/><G47/><T100/><D100/><U23/><E33/><V98/><F98/><W107/><G107/><T94/><D94/><U61/><E61/><V0/><F0/><W41/><G41/><T102/><D102/><U20/><E20/><V84/><F84/><W65/><G38/><T71/><D71/><U36/><E36/><V54/><F40/><W74/><G77/><T28/><D28/><U10/><E101/><V118/><F118/><W9/><G60/><T21/><D44/><N who="1" m="27847" /><E105/><V108/><F108/><W1/><G1/><N who="1" m="10" /><E14/><V75/><F4/><W97/><G13/><N who="0" m="7335" /><D6/><U59/><E59/><V119/><F7/><W135/><G135/><T111/><D111/><U67/><E67/><V130/><F119/><W124/><G124/><T42/><D42/><U69/><E69/><V51/><F12/><AGARI ba="0,0" hai="12,19,21,52,55,76,82,87,89,90,91" m="7335" machi="12" ten="30,2000,0" yaku="8,1,54,1" doraHai="24" who="0" fromWho="2" sc="113,20,23,0,696,-20,168,0" /><INIT seed="7,0,0,1,2,126" ten="133,23,676,168" oya="3" hai0="53,11,70,129,76,50,85,88,45,0,111,121,102" hai1="93,128,117,104,87,120,68,123,95,78,72,62,33" hai2="10,25,41,3,39,2,83,98,114,86,13,80,24" hai3="74,59,118,82,9,26,38,60,99,71,79,115,134"/><W54/><G118/><T119/><D119/><U101/><E33/><V36/><F98/><W84/><G134/><T22/><D70/><U23/><E23/><V81/><F13/><W110/><G115/><T31/><D121/><U92/><E62/><V122/><F86/><W42/><G71/><T32/><D76/><U131/><E68/><V20/><F20/><W107/><G110/><T18/><D111/><U94/><E117/><V125/><F10/><W51/><G26/><T112/><D102/><U12/><N who="1" m="23552" /><DORA hai="130" /><U57/><E57/><V52/><F52/><W43/><G84/><T132/><D132/><U77/><E12/><V96/><F41/><W91/><G38/><T69/><D69/><U58/><E58/><V21/><F21/><W90/><G42/><T27/><D112/><U97/><E72/><V103/><F25/><W109/><G109/><T47/><D0/><U135/><E135/><V75/><F24/><W5/><G43/><T16/><D32/><U6/><E6/><V15/><F15/><W1/><G51/><T14/><D31/><U29/><E29/><V133/><F2/><W28/><G28/><T61/><D61/><U127/><E127/><V7/><F3/><W30/><G30/><T44/><D129/><N who="1" m="49739" /><E78/><V113/><F133/><W48/><G60/><T105/><D105/><U34/><E34/><V49/><F114/><W8/><G1/><T4/><D4/><U116/><E116/><V89/><F125/><W46/><G5/><T55/><D14/><U35/><E35/><V63/><F7/><W56/><G79/><T73/><D22/><RYUUKYOKU ba="0,0" sc="133,-10,23,30,676,-10,168,-10" hai1="77,87,97,101,104,120,123" owari="123,-27.7,53,-44.7,666,76.6,158,-4.2" /></mjloggm>