<mjloggm ver="2.3"><GO type="169" lobby="0"/><UN n0="%E5%BE%A1%E5%BD%B1%E3%82%86%E3%81%9A%E3%81%8D" n1="%72%65%6E%6A%69%38%33" n2="%E9%A7%92%E5%B8%AB%E6%97%A5%E5%90%91" n3="%E8%8F%9C%E8%8F%9C%E6%9C%AC%63%61%69" dan="16,16,16,16" rate="2134.43,2091.64,2104.26,2050.28" sx="M,M,M,M"/><TAIKYOKU oya="0"/><INIT seed="0,0,0,5,1,113" ten="250,250,250,250" oya="0" hai0="40,108,47,70,17,7,126,43,38,37,110,46,88" hai1="90,57,53,72,27,1,116,28,78,22,111,69,6" hai2="73,91,131,45,56,94,32,67,31,134,11,87,12" hai3="100,61,129,71,102,135,77,114,122,121,66,13,82"/><T41/><D7/><U36/><E69/><V75/><F134/><W39/><G114/><T133/><D17/><U55/><E36/><N who="0" m="13929" /><D88/><U54/><E72/><V23/><F32/><W35/><G35/><T10/><D10/><U34/><E78/><V109/><F45/><N who="0" m="16906" /><D70/><U74/><E74/><V98/><F73/><W3/><G39/><T123/><D133/><U83/><E6/><V76/><F75/><N who="3" m="43327" /><G135/><T48/><D126/><U97/><E1/><V119/><F76/><W64/><G3/><T101/><D101/><U62/><E83/><V21/><F31/><W16/><G129/><T107/><D107/><U124/><E124/><V89/><F131/><W26/><G26/><T115/><D115/><U25/><E34/><V2/><F91/><W58/><G71/><T95/><D95/><U52/><E27/><V30/><F89/><W118/><G102/><T96/><D96/><U8/><E8/><V86/><F94/><W105/><G100/><T65/><D65/><U44/><E97/><V132/><F98/><W79/><G66/><T117/><D123/><N who="3" m="47113" /><G105/><T14/><D14/><U19/><E19/><V68/><F12/><W9/><G79/><T50/><D117/><AGARI ba="0,0" hai="9,13,16,58,61,64,117,118" m="47113,43327" machi="117" ten="30,7700,0" yaku="13,1,52,2,54,1" doraHai="113" who="3" fromWho="0" sc="250,-77,250,0,250,0,250,77" /><INIT seed="1,0,0,2,5,129" ten="173,250,250,327" oya="1" hai0="66,43,96,74,131,117,39,10,79,123,80,13,135" hai1="110,24,14,18,112,76,85,105,82,33,90,73,22" hai2="69,41,12,60,63,47,49,29,104,102,70,20,34" hai3="108,16,84,133,83,71,27,46,4,88,126,58,97"/><U52/><E112/><V75/><F75/><W109/><G71/><T45/><D131/><U119/><E119/><V103/><F69/><W59/><G126/><T26/><D117/><U124/><E124/><V15/><F60/><W21/><G133/><T48/><D135/><U68/><E68/><V8/><F20/><W87/><G97/><T35/><D123/><U106/><E110/><N who="3" m="42602" /><G4/><T81/><D81/><U54/><E33/><V125/><F103/><W30/><G46/><T72/><D96/><U95/><REACH who="1" step="1"/><E24/><REACH who="1" ten="173,240,250,327" step="2"/><V118/><F34/><N who="3" m="20831" /><G87/><T134/><D35/><U111/><E111/><V99/><F118/><W107/><G107/><AGARI ba="0,1" hai="14,18,22,52,54,73,76,82,85,90,95,105,106,107" machi="107" ten="40,12000,1" yaku="1,1,54,1,53,2" doraHai="129" doraHaiUra="51" who="1" fromWho="3" sc="173,0,240,130,250,0,327,-120" /><INIT seed="1,1,0,5,1,83" ten="173,370,250,207" oya="1" hai0="37,7,92,39,127,118,104,9,91,121,57,131,52" hai1="100,68,53,16,128,101,62,117,122,17,47,115,135" hai2="22,23,113,5,124,38,42,105,12,132,50,103,54" hai3="61,134,35,80,79,97,98,93,27,112,129,99,88"/><U108/><E117/><V41/><F105/><W70/><G112/><T6/><D118/><U14/><E122/><V8/><F103/><W32/><G129/><T30/><D121/><U10/><E128/><V85/><F113/><W74/><G134/><T96/><D131/><U73/><E115/><V45/><F132/><W43/><G43/><T18/><D127/><U125/><E135/><V87/><F124/><W84/><REACH who="3" step="1"/><G27/><REACH who="3" ten="173,370,250,197" step="2"/><T48/><D30/><U49/><E125/><V109/><F109/><W123/><G123/><T78/><D39/><U46/><E108/><V29/><F42/><W130/><G130/><T72/><D37/><U81/><E17/><V67/><F67/><AGARI ba="1,1" hai="32,35,61,67,70,74,79,80,84,88,93,97,98,99" machi="67" ten="40,8000,1" yaku="1,1,52,1,54,1,53,1" doraHai="83" doraHaiUra="107" who="3" fromWho="2" sc="173,0,370,0,250,-83,197,93" /><INIT seed="2,0,0,5,2,83" ten="173,370,167,290" oya="2" hai0="75,51,126,129,73,79,110,31,66,103,49,56,12" hai1="115,118,64,6,95,76,96,131,71,123,100,74,81" hai2="86,125,23,58,117,61,3,116,18,13,28,55,45" hai3="121,84,2,133,99,104,47,7,65,1,88,4,46"/><V93/><F3/><W21/><G121/><T63/><D129/><U124/><E115/><V16/><F28/><W90/><G133/><T29/><D126/><U59/><E118/><V122/><F122/><W77/><G65/><T94/><D110/><U132/><E123/><V0/><F0/><W5/><G77/><T106/><D106/><U82/><E132/><V120/><F125/><W42/><G1/><T113/><D113/><U107/><E124/><V89/><F120/><W60/><G2/><T27/><D31/><U53/><E6/><V128/><F128/><W67/><G104/><T112/><D12/><U69/><E64/><V15/><F45/><W11/><G21/><AGARI ba="0,0" hai="13,15,16,18,21,23,55,58,61,86,89,93,116,117" machi="21" ten="30,11600,0" yaku="7,1,9,1,52,1,54,1" doraHai="83" who="2" fromWho="3" sc="173,0,370,0,167,116,290,-116" /><INIT seed="2,1,0,5,1,35" ten="173,370,283,174" oya="2" hai0="125,8,25,0,81,80,98,106,36,87,134,78,91" hai1="30,11,76,99,126,29,60,89,59,121,77,53,23" hai2="107,84,19,57,65,129,42,116,82,108,49,15,119" hai3="17,26,75,63,95,70,44,92,20,128,39,96,46"/><V67/><F107/><W16/><G75/><T97/><D36/><U71/><E126/><V122/><F122/><W28/><G128/><T45/><D125/><U6/><E121/><V2/><F129/><W90/><G39/><T40/><D134/><U127/><E127/><V68/><F68/><W133/><G133/><T55/><D106/><U111/><E111/><V24/><F24/><W1/><G1/><T124/><D25/><U32/><E32/><V31/><F2/><W115/><G115/><T58/><D124/><U54/><E71/><V50/><F31/><W117/><G117/><T7/><D45/><N who="3" m="17513" /><G70/><T130/><D40/><U83/><E53/><V43/><F108/><W88/><G63/><T52/><D55/><U41/><E41/><N who="2" m="15371" /><F119/><W86/><AGARI ba="1,0" hai="16,17,20,26,28,86,88,90,92,95,96" m="17513" machi="86" ten="30,4000,0" yaku="8,1,54,2" doraHai="35" who="3" fromWho="3" sc="173,-11,370,-11,283,-21,174,43" /><INIT seed="3,0,0,5,1,98" ten="162,359,262,217" oya="3" hai0="79,113,25,104,57,17,5,92,75,40,127,41,89" hai1="18,117,13,61,37,31,6,106,96,29,24,108,42" hai2="8,52,12,112,14,93,48,120,4,124,47,67,78" hai3="44,51,118,87,30,3,38,64,56,131,69,11,111"/><W73/><G118/><T91/><D104/><U60/><E117/><V84/><F112/><W76/><G131/><T32/><D113/><U62/><E108/><V95/><F124/><W33/><G111/><T58/><D127/><U15/><E42/><V34/><F34/><W0/><G73/><T123/><D123/><U2/><E37/><V53/><F67/><W115/><G33/><T88/><D5/><U49/><E49/><N who="2" m="28735" /><F14/><W21/><G11/><T20/><D32/><U27/><E2/><V129/><F129/><W85/><G38/><T39/><D92/><U16/><E6/><V114/><F120/><W119/><G119/><T135/><D135/><U50/><E50/><V132/><F132/><W126/><G126/><T134/><D134/><U1/><E1/><V99/><F99/><W80/><G69/><T107/><D107/><U77/><E96/><V43/><F43/><N who="3" m="24991" /><G0/><T22/><D40/><U55/><E55/><V19/><F4/><W35/><G35/><T74/><D41/><U130/><E106/><V105/><F105/><W63/><G3/><T45/><D39/><U10/><E130/><V65/><F65/><W46/><G115/><T81/><D45/><U54/><E54/><V66/><F66/><W36/><G46/><T103/><D75/><U28/><REACH who="1" step="1"/><E77/><REACH who="1" ten="162,349,262,217" step="2"/><V97/><F114/><W59/><G36/><T101/><REACH who="0" step="1"/><D22/><AGARI ba="0,1" hai="10,13,15,16,18,22,24,27,28,29,31,60,61,62" machi="22" ten="40,8000,1" yaku="1,1,2,1,8,1,54,1,53,0" doraHai="98" doraHaiUra="100" who="1" fromWho="0" sc="162,-80,349,90,262,0,217,0" /><INIT seed="4,0,0,2,1,115" ten="82,439,262,217" oya="0" hai0="2,78,16,123,1,119,31,21,19,10,109,86,84" hai1="130,107,69,64,120,79,99,50,132,100,73,85,46" hai2="12,70,39,103,42,49,59,57,112,72,108,3,83" hai3="122,55,81,23,121,43,124,96,24,125,127,56,74"/><T98/><D123/><U36/><E120/><V118/><F3/><W134/><G43/><T20/><D98/><U40/><E85/><V133/><F12/><W88/><G134/><T47/><D47/><U135/><E50/><V126/><F103/><W51/><G74/><T48/><D48/><U8/><E130/><V117/><F112/><W75/><G75/><T97/><D97/><U114/><E114/><V34/><F34/><W129/><G129/><T82/><D109/><U35/><E35/><V13/><F70/><W28/><REACH who="3" step="1"/><G81/><REACH who="3" ten="82,439,262,207" step="2"/><T53/><D53/><U17/><E73/><V0/><F83/><W71/><G71/><T9/><D82/><U87/><E69/><V32/><F72/><W27/><G27/><T93/><D78/><U22/><E64/><V6/><F42/><W76/><G76/><T30/><REACH who="0" step="1"/><D93/><AGARI ba="0,1" hai="23,24,28,51,55,56,88,93,96,121,122,124,125,127" machi="93" ten="50,6400,0" yaku="1,1,18,1,54,1,53,0" doraHai="115" doraHaiUra="106" who="3" fromWho="0" sc="82,-64,439,0,262,0,207,74" /><INIT seed="5,0,0,3,2,22" ten="18,439,262,281" oya="1" hai0="18,115,80,13,25,83,36,119,127,41,69,95,66" hai1="117,107,15,90,101,45,70,97,14,109,102,11,105" hai2="84,20,51,120,85,71,94,12,7,98,87,0,88" hai3="30,134,29,68,9,55,33,24,96,16,52,103,53"/><U60/><E117/><V89/><F71/><W67/><G134/><T121/><D119/><U46/><E109/><V72/><F72/><W10/><G30/><T108/><D115/><U74/><E74/><V111/><F0/><W19/><G9/><T76/><D108/><U1/><E90/><V73/><F73/><W77/><G77/><T82/><D121/><U48/><E1/><V3/><F3/><W130/><G10/><T28/><D127/><U79/><E79/><V125/><F125/><W113/><G113/><T40/><D36/><U38/><E38/><V132/><F120/><W4/><G4/><T49/><D76/><U124/><E48/><V62/><F62/><N who="3" m="40055" /><G130/><T106/><D106/><AGARI ba="0,0" hai="16,19,24,29,33,52,53,55,96,103,106" m="40055" machi="106" ten="30,7700,0" yaku="25,1,52,1,54,2" doraHai="22" who="3" fromWho="0" sc="18,-77,439,0,262,0,281,77" owari="-59,-55.9,439,53.9,262,-13.8,358,15.8" /></mjloggm>