<mjloggm ver="2.3"><GO type="169" lobby="0"/><UN n0="%E8%8D%92%E6%9C%A8%E6%AF%94%E5%A5%88" n1="%61%63%74%79" n2="%E3%83%9F%E3%83%8D%E3%83%A9%E3%83%AB" n3="%E3%81%97%E3%81%BE%E3%81%A0%E3%81%BE%32" dan="16,16,18,16" rate="2164.42,2029.21,2265.86,2133.21" sx="F,M,M,M"/><TAIKYOKU oya="0"/><INIT seed="0,0,0,4,4,83" ten="250,250,250,250" oya="0" hai0="24,109,9,4,130,116,111,15,126,96,114,19,132" hai1="84,119,46,43,104,54,10,73,76,79,17,135,51" hai2="1,2,87,80,14,100,110,128,75,38,27,42,32" hai3="124,74,98,91,106,52,25,41,16,58,55,20,134"/><T7/><D96/><U66/><E119/><V121/><F121/><W85/><G74/><T107/><D107/><U39/><E104/><V131/><F110/><N who="0" m="41994" /><D116/><U65/><E135/><V64/><F64/><W36/><G134/><T102/><D102/><U33/><E33/><V113/><F75/><W70/><G70/><T108/><N who="0" m="42002" /><T72/><DORA hai="28" /><D72/><U61/><E73/><V90/><F14/><W5/><G124/><T29/><D132/><U8/><E66/><V95/><F113/><W0/><G41/><T30/><D126/><U26/><E26/><V45/><F100/><W11/><G36/><T37/><D37/><U94/><E76/><V97/><F27/><W62/><G98/><T78/><D78/><U31/><E65/><V18/><F18/><W59/><G106/><T112/><D130/><U92/><E79/><V99/><F32/><W60/><G91/><T120/><D120/><U89/><E39/><V50/><F38/><W68/><G68/><T105/><D105/><U127/><E43/><V34/><F34/><W3/><G85/><T22/><D29/><U93/><E31/><V23/><F99/><W21/><G21/><N who="0" m="15631" /><D4/><U103/><E103/><N who="2" m="60863" /><F131/><W49/><G49/><T122/><D122/><U57/><E127/><V86/><F86/><W118/><G118/><T13/><AGARI ba="0,0" hai="7,9,13,15,19,22,112,114" m="15631,42002" machi="13" ten="40,12000,1" yaku="14,1,10,1,34,2" doraHai="83,28" who="0" fromWho="0" sc="250,120,250,-40,250,-40,250,-40" /><INIT seed="0,1,0,4,3,70" ten="370,210,210,210" oya="0" hai0="110,103,38,20,41,63,65,121,3,73,62,23,74" hai1="68,6,79,116,113,18,96,78,127,36,92,89,94" hai2="57,7,17,75,58,16,47,133,56,119,135,2,132" hai3="107,98,11,25,104,83,64,44,134,29,27,59,45"/><T40/><D121/><U50/><E116/><V72/><F119/><W117/><G117/><T31/><D3/><U1/><E68/><V80/><F47/><W33/><G134/><T0/><D0/><U93/><E127/><V13/><F2/><W122/><G122/><T126/><D126/><U42/><E113/><V91/><F7/><W53/><G83/><T55/><D103/><U52/><E42/><V85/><REACH who="2" step="1"/><F17/><REACH who="2" ten="370,210,200,210" step="2"/><W105/><G44/><T102/><D31/><U99/><E18/><V46/><F46/><W15/><G45/><T87/><D41/><U84/><E6/><V14/><F14/><W131/><G25/><T48/><D40/><U112/><E1/><V32/><F32/><W54/><G15/><T61/><D20/><AGARI ba="1,1" hai="13,16,20,56,57,58,72,75,80,85,91,132,133,135" machi="20" ten="50,8000,1" yaku="1,1,20,1,54,1,53,1" doraHai="70" doraHaiUra="8" who="2" fromWho="0" sc="370,-83,210,0,200,93,210,0" /><INIT seed="1,0,0,0,3,75" ten="287,210,293,210" oya="1" hai0="125,102,126,135,101,19,73,107,116,124,74,87,10" hai1="12,105,64,94,35,22,57,121,52,3,80,28,108" hai2="119,26,65,7,23,60,89,40,41,49,39,134,84" hai3="123,54,113,11,66,56,72,115,132,91,112,45,47"/><U6/><E121/><V114/><F119/><W29/><G123/><T48/><D116/><U61/><E105/><V69/><F134/><W78/><G132/><T83/><D135/><U127/><E35/><V99/><F7/><W93/><G66/><T90/><D48/><U13/><E3/><V58/><F99/><W55/><G11/><T109/><D109/><U130/><E127/><V43/><F114/><W103/><G29/><T46/><D46/><U122/><E122/><V44/><F23/><W33/><G103/><N who="0" m="39435" /><D107/><U67/><E130/><V79/><F26/><W77/><G72/><T131/><D131/><U88/><E80/><V42/><F79/><W34/><G56/><T14/><AGARI ba="0,0" hai="10,14,19,73,74,83,87,90,124,125,126" m="39435" machi="14" ten="40,1500,0" yaku="18,1" doraHai="75" who="0" fromWho="0" sc="287,15,210,-7,293,-4,210,-4" /><INIT seed="2,0,0,2,0,48" ten="302,203,289,206" oya="2" hai0="59,74,16,50,113,75,106,12,26,91,25,86,45" hai1="67,32,47,24,41,117,40,52,119,29,33,125,63" hai2="69,61,57,65,130,107,13,76,80,105,34,10,102" hai3="103,85,99,121,27,78,116,104,49,9,66,101,18"/><V89/><F34/><W122/><G116/><T71/><D106/><U8/><E33/><V120/><F120/><W39/><G39/><T37/><D71/><U51/><E125/><V84/><F130/><W30/><G101/><T87/><D113/><U92/><E8/><V100/><F107/><W118/><G118/><T127/><D127/><U14/><E40/><V17/><F105/><W97/><G97/><T98/><D74/><U68/><E14/><V108/><F108/><W79/><G66/><T60/><D75/><U22/><E32/><V35/><F35/><W62/><G62/><T1/><D98/><U72/><E72/><V38/><F38/><W124/><G30/><T0/><D37/><U123/><E123/><V46/><F46/><W7/><G78/><T64/><D1/><U96/><REACH who="1" step="1"/><E41/><REACH who="1" ten="302,193,289,206" step="2"/><V77/><F69/><W135/><G124/><T20/><D0/><U134/><E134/><V88/><F77/><W70/><G135/><T128/><D128/><U82/><E82/><V4/><F4/><W15/><G70/><T133/><D133/><U126/><E126/><V129/><F129/><W131/><G131/><T95/><D12/><U58/><E58/><V114/><F114/><W90/><G79/><T19/><D25/><U109/><E109/><V73/><F73/><W83/><G27/><T42/><D19/><U56/><E56/><V112/><F112/><W2/><G18/><T111/><D111/><U3/><E3/><V43/><F43/><W53/><G2/><T23/><D23/><U81/><E81/><V5/><F5/><W21/><G21/><RYUUKYOKU ba="0,1" sc="302,0,193,0,289,0,206,0" hai0="16,20,26,42,45,50,59,60,64,86,87,91,95" hai1="22,24,29,47,51,52,63,67,68,92,96,117,119" hai2="10,13,17,57,61,65,76,80,84,88,89,100,102" hai3="7,9,15,49,53,83,85,90,99,103,104,121,122" /><INIT seed="2,1,1,1,5,95" ten="302,193,289,206" oya="2" hai0="118,64,128,55,113,42,89,8,16,103,1,69,97" hai1="126,10,79,91,84,90,56,107,72,59,7,30,112" hai2="43,50,48,80,47,133,9,106,2,92,33,111,63" hai3="135,20,81,0,67,115,127,15,119,18,51,96,82"/><V66/><F106/><W25/><G0/><T21/><D113/><U77/><E112/><V31/><F133/><W117/><G115/><T130/><D42/><U109/><E107/><V44/><F111/><W54/><G135/><T19/><D118/><U134/><E109/><V35/><F80/><W85/><G81/><T102/><D89/><U6/><E72/><V70/><F31/><W76/><G67/><T45/><D69/><U41/><E134/><V53/><REACH who="2" step="1"/><F92/><REACH who="2" ten="302,193,279,206" step="2"/><W11/><G127/><T120/><D128/><U75/><E30/><V28/><F28/><N who="3" m="17447" /><G119/><T116/><D130/><U52/><E126/><V49/><F49/><W101/><G117/><T78/><D116/><U125/><E125/><V98/><F98/><W36/><G36/><T26/><D97/><U94/><E94/><V24/><F24/><W129/><G129/><T104/><D26/><U131/><E131/><V38/><F38/><W13/><G96/><T37/><D104/><U14/><E75/><V123/><F123/><W32/><G32/><T71/><D120/><U108/><E108/><V22/><F22/><N who="3" m="11599" /><G101/><T5/><D102/><U61/><E61/><V122/><F122/><W3/><G85/><T39/><D103/><U88/><E84/><V132/><F132/><W87/><G87/><T23/><D37/><U57/><E77/><V114/><F114/><W100/><G100/><T74/><D39/><U12/><E79/><V124/><F124/><W105/><G105/><T62/><D78/><U99/><E99/><V40/><F40/><W4/><G76/><T121/><D121/><U29/><E41/><RYUUKYOKU ba="1,2" sc="302,-10,193,-10,279,30,206,-10" hai2="2,9,33,35,43,44,47,48,50,53,63,66,70" /><INIT seed="2,2,2,3,5,91" ten="292,183,309,196" oya="2" hai0="19,37,14,68,113,9,28,79,47,31,32,102,78" hai1="42,12,133,112,24,117,40,13,29,108,73,105,58" hai2="44,109,104,123,2,33,30,76,115,97,120,4,57" hai3="15,77,89,35,82,56,118,17,27,1,93,53,84"/><V83/><F115/><W110/><G1/><T103/><D113/><U106/><E112/><V111/><F44/><W54/><G118/><T88/><D68/><U128/><E117/><V51/><F51/><W81/><G110/><N who="2" m="41993" /><F57/><W126/><G126/><T135/><D135/><U39/><E133/><V124/><F124/><W90/><G90/><T80/><D37/><U52/><E73/><N who="2" m="43407" /><F30/><N who="0" m="11306" /><D47/><U94/><E108/><V49/><F49/><W130/><G35/><T70/><D70/><U60/><E39/><V8/><F33/><W16/><G130/><T18/><D32/><U129/><E129/><V41/><F41/><W43/><G43/><T55/><D55/><U127/><E127/><V59/><F59/><W0/><G0/><T98/><D19/><U107/><E128/><V71/><F71/><W22/><G77/><N who="0" m="29195" /><D80/><N who="3" m="30825" /><G56/><T20/><D9/><AGARI ba="2,2" hai="9,15,16,17,22,27,53,54,84,89,93" m="30825" machi="9" ten="30,3900,0" yaku="8,1,52,1,54,1" doraHai="91" who="3" fromWho="0" sc="292,-45,183,0,309,0,196,65" /><INIT seed="3,0,0,3,3,45" ten="247,183,309,261" oya="3" hai0="73,0,97,40,114,82,112,95,58,75,49,8,26" hai1="127,119,14,19,15,79,6,129,61,107,118,11,88" hai2="83,60,17,77,42,131,53,46,37,134,31,130,87" hai3="110,12,68,21,89,111,32,16,103,63,74,126,23"/><W135/><G32/><T115/><D82/><U20/><E107/><V4/><F31/><W76/><G103/><T66/><D26/><U35/><E79/><V7/><F134/><W116/><G116/><T50/><D0/><U109/><E35/><V108/><F17/><W128/><G135/><T84/><D84/><U70/><E109/><N who="3" m="41482" /><G126/><T9/><D9/><U34/><E34/><V33/><F33/><W59/><G128/><N who="2" m="49193" /><F108/><W25/><G68/><T132/><D8/><U57/><E70/><V99/><F99/><W2/><G2/><T113/><N who="0" m="28672" /><DORA hai="122" /><T62/><D132/><U5/><E6/><V72/><F72/><N who="0" m="27722" /><D40/><U86/><E127/><V56/><AGARI ba="0,0" hai="4,7,37,42,46,53,56,60,77,83,87" m="49193" machi="56" ten="30,1100,0" yaku="19,1" doraHai="45,122" who="2" fromWho="2" sc="247,-3,183,-3,309,11,261,-5" /><INIT seed="4,0,0,3,5,96" ten="244,180,320,256" oya="0" hai0="82,37,132,45,89,11,29,86,40,50,35,65,72" hai1="92,17,78,133,5,48,127,91,64,85,3,125,26" hai2="93,41,115,9,49,119,101,36,25,121,84,57,105" hai3="32,53,28,20,120,79,34,8,100,80,56,135,46"/><T39/><D132/><U67/><E133/><V130/><F121/><W77/><G135/><T13/><D65/><U0/><E78/><V15/><F36/><W30/><G46/><T112/><D112/><U12/><E26/><V123/><F123/><W42/><G42/><T43/><D72/><U4/><E0/><V129/><F25/><W106/><G20/><T27/><REACH who="0" step="1"/><D40/><REACH who="0" ten="234,180,320,256" step="2"/><U102/><E64/><V24/><F41/><W108/><G120/><T63/><D63/><U55/><E67/><V75/><F75/><W66/><G66/><T128/><D128/><U21/><E102/><V110/><F101/><W69/><G100/><T44/><D44/><U33/><E33/><V87/><F115/><W98/><G34/><T97/><D97/><U71/><E71/><V94/><F129/><W60/><G98/><T58/><D58/><U81/><E125/><V7/><F130/><W47/><G47/><T118/><D118/><U10/><E127/><V52/><F57/><W99/><G32/><T95/><D95/><U83/><REACH who="1" step="1"/><E4/><AGARI ba="0,1" hai="4,11,13,27,29,35,37,39,43,45,50,82,86,89" machi="4" ten="30,5800,0" yaku="1,1,7,1,53,1" doraHai="96" doraHaiUra="38" who="0" fromWho="1" sc="234,68,180,-58,320,0,256,0" /><INIT seed="4,1,0,2,0,57" ten="302,122,320,256" oya="0" hai0="14,83,11,21,86,51,107,58,9,69,36,18,71" hai1="130,42,105,119,77,103,132,33,29,30,115,61,40" hai2="112,44,24,129,72,12,109,34,96,99,15,13,43" hai3="110,37,53,100,121,75,20,63,89,38,7,134,91"/><T101/><D36/><U62/><E119/><V92/><F109/><W79/><G110/><T17/><D107/><U64/><E77/><V47/><F72/><W98/><G7/><T59/><D101/><U65/><E130/><V81/><F81/><W133/><G79/><T90/><D9/><U118/><E118/><V39/><F112/><W113/><G75/><T41/><D69/><U28/><E33/><V6/><F6/><W70/><G113/><T10/><D10/><U94/><E115/><V26/><F129/><W67/><G121/><T55/><D41/><N who="1" m="15979" /><E105/><V25/><F34/><W50/><G20/><T82/><D82/><U135/><E94/><V27/><N who="2" m="6144" /><DORA hai="5" /><V84/><REACH who="2" step="1"/><F47/><REACH who="2" ten="302,122,310,256" step="2"/><N who="3" m="27871" /><G38/><T66/><D83/><U87/><E103/><V88/><AGARI ba="1,1" hai="12,13,15,39,43,44,84,88,92,96,99" m="6144" machi="88" ten="50,12000,2" yaku="1,1,0,1,54,1,53,4" doraHai="57,5" doraHaiUra="22,56" who="2" fromWho="2" sc="302,-61,122,-31,310,133,256,-31" /><INIT seed="5,0,0,1,0,46" ten="241,91,443,225" oya="1" hai0="55,18,102,115,119,33,105,124,31,90,91,86,134" hai1="104,95,1,17,10,122,75,83,53,13,130,23,3" hai2="14,70,84,43,63,117,56,79,15,19,74,106,129" hai3="8,68,88,65,11,81,109,125,2,47,21,30,4"/><U118/><E104/><V87/><F106/><W36/><G109/><T99/><D119/><U127/><E118/><V120/><F120/><W28/><G68/><T66/><D115/><U34/><E122/><V121/><F121/><W49/><G36/><T37/><D37/><U5/><E127/><V69/><F15/><W12/><G65/><T96/><D124/><U27/><E130/><V45/><F74/><W61/><G61/><T123/><D66/><U133/><E133/><V67/><F129/><W41/><G21/><T77/><D18/><U51/><E95/><V29/><F29/><W97/><G125/><T62/><D134/><U135/><E135/><V60/><F79/><W107/><G107/><T58/><D96/><U48/><E34/><V64/><F56/><W6/><G97/><T108/><D108/><U59/><REACH who="1" step="1"/><E51/><REACH who="1" ten="241,81,443,225" step="2"/><V114/><F117/><W128/><G128/><T92/><D123/><U40/><E40/><V42/><F43/><W57/><G57/><T44/><D105/><U101/><E101/><V113/><F114/><W38/><G38/><T7/><D33/><U72/><E72/><V50/><F113/><W132/><G132/><T16/><D102/><U94/><E94/><V52/><F42/><W73/><G73/><T89/><D92/><U93/><E93/><V85/><F84/><W100/><G100/><T35/><D86/><U80/><E80/><V24/><F85/><N who="3" m="50223" /><G41/><T116/><D116/><U9/><E9/><N who="2" m="6607" /><F87/><W110/><G110/><T26/><D35/><U78/><AGARI ba="0,1" hai="1,3,5,10,13,17,23,27,48,53,59,75,78,83" machi="78" ten="30,11700,0" yaku="1,1,0,1,52,1,53,1" doraHai="46" doraHaiUra="0" who="1" fromWho="1" sc="241,-39,81,127,443,-39,225,-39" /><INIT seed="5,1,0,3,1,117" ten="202,208,404,186" oya="1" hai0="33,56,131,67,29,86,114,38,122,135,35,51,7" hai1="92,46,84,118,102,65,106,112,109,129,0,85,93" hai2="25,41,133,103,23,119,91,78,130,50,52,94,13" hai3="73,9,125,4,47,116,98,34,88,110,42,32,36"/><U83/><E0/><V53/><F119/><W27/><G116/><T11/><D38/><U99/><E118/><V75/><F133/><W124/><G73/><T96/><D135/><U12/><E112/><V76/><F130/><W128/><G110/><T108/><D108/><U61/><E109/><V111/><F111/><W15/><G128/><T63/><D114/><U82/><E46/><V8/><F103/><W70/><G70/><T100/><D131/><U22/><E129/><V48/><F41/><W10/><G27/><T2/><D122/><U40/><E40/><V101/><F101/><W18/><G98/><T126/><D126/><N who="3" m="48745" /><G88/><T121/><D121/><U21/><E12/><AGARI ba="1,0" hai="4,9,10,12,15,18,32,34,36,42,47" m="48745" machi="12" ten="30,1000,0" yaku="18,1" doraHai="117" who="3" fromWho="1" sc="202,0,208,-13,404,0,186,13" /><INIT seed="6,0,0,0,0,94" ten="202,195,404,199" oya="2" hai0="77,46,38,6,80,53,28,31,121,86,21,63,3" hai1="128,85,119,78,98,92,93,131,66,105,11,120,4" hai2="127,16,107,69,75,70,7,109,102,18,116,96,17" hai3="106,122,64,39,110,40,20,27,2,1,15,134,72"/><V123/><F116/><W49/><G39/><T125/><D125/><U22/><E119/><V10/><F123/><W42/><G122/><T48/><D121/><U114/><E114/><V34/><F127/><W19/><G72/><T126/><D126/><U58/><E120/><V132/><F75/><W101/><G110/><T56/><D38/><U13/><E105/><V47/><F109/><W79/><G79/><T129/><D129/><U50/><E22/><V108/><F108/><W99/><G64/><T82/><D21/><U9/><E9/><V117/><F117/><W83/><G83/><T124/><D124/><U71/><E71/><V103/><F34/><W130/><G130/><N who="1" m="49706" /><E98/><V62/><F132/><W67/><G134/><T0/><D0/><U41/><E66/><V135/><F135/><W14/><G67/><T89/><D6/><U43/><E58/><V57/><F47/><W97/><G97/><T88/><D3/><U81/><E41/><V111/><F111/><W30/><G14/><T23/><D23/><U112/><E112/><V37/><F37/><W113/><G40/><N who="0" m="24647" /><D80/><U24/><E24/><V36/><F36/><W95/><G113/><T73/><D73/><U51/><E51/><V87/><F70/><W91/><G49/><T74/><D74/><U118/><E118/><V59/><F69/><W60/><G42/><T115/><D115/><U5/><E4/><V133/><F7/><W54/><G15/><T104/><D104/><U33/><E33/><V76/><F107/><W45/><G45/><AGARI ba="0,0" hai="5,11,13,43,45,50,78,81,85,92,93" m="49706" machi="45" ten="30,2000,0" yaku="25,1,19,1" doraHai="94" who="1" fromWho="3" sc="202,0,195,20,404,0,199,-20" /><INIT seed="7,0,0,0,3,39" ten="202,215,404,179" oya="3" hai0="4,70,121,120,89,72,127,123,20,31,79,17,109" hai1="103,101,104,95,43,73,13,49,28,42,97,65,30" hai2="86,87,131,125,78,6,67,23,41,98,130,82,57" hai3="114,37,47,61,69,36,46,7,110,35,44,66,50"/><W75/><G35/><T112/><D109/><U0/><E0/><V94/><F125/><W93/><G75/><T11/><D127/><U58/><E73/><V74/><F41/><N who="1" m="15369" /><E104/><V64/><F6/><W24/><G110/><T52/><D70/><U63/><E13/><V85/><F23/><W10/><G114/><T5/><D31/><N who="1" m="11819" /><E49/><V26/><F26/><W71/><G71/><T18/><D112/><U128/><E128/><N who="2" m="49195" /><F57/><W133/><G24/><T84/><D72/><U16/><E16/><V96/><F96/><W9/><G133/><T1/><D17/><U32/><E32/><V105/><F105/><W88/><G50/><T2/><D2/><U19/><E19/><V22/><F22/><W118/><G118/><T48/><D120/><U119/><E119/><V29/><F29/><W122/><G122/><T92/><D4/><U126/><E126/><V12/><F12/><W135/><G135/><T34/><D34/><U25/><E25/><V115/><F115/><W62/><G62/><T38/><D38/><U107/><E107/><V27/><F27/><W81/><G81/><T106/><D106/><U124/><E124/><V76/><F76/><W33/><G33/><T21/><D79/><U3/><E3/><V99/><F99/><N who="3" m="57767" /><G7/><T40/><D121/><U83/><E83/><V56/><F56/><W91/><G91/><AGARI ba="0,0" hai="58,63,65,91,95,97,101,103" m="11819,15369" machi="91" ten="30,7700,0" yaku="8,1,52,3" doraHai="39" who="1" fromWho="3" sc="202,0,215,77,404,0,179,-77" /><AGARI ba="0,0" hai="64,67,74,78,82,85,86,87,91,94,98" m="49195" machi="91" ten="30,1000,0" yaku="19,1" doraHai="39" who="2" fromWho="3" sc="202,0,292,0,404,10,102,-10" owari="202,-19.8,292,9.2,414,51.4,92,-40.8" /></mjloggm>