<mjloggm ver="2.3"><GO type="169" lobby="0"/><UN n0="%E7%8A%AC%E5%B1%B1" n1="%E5%8F%A4%E6%96%AF%E5%A1%94%E5%A4%AB%E4%BA%8C%E4%B8%96" n2="%E3%81%84%E3%81%97%E3%81%A3%E3%81%93" n3="%73%61%6E%64%69%72%69%73" dan="16,16,18,17" rate="2088.26,2113.57,2244.87,2172.98" sx="M,M,M,M"/><TAIKYOKU oya="0"/><INIT seed="0,0,0,4,5,35" ten="250,250,250,250" oya="0" hai0="0,2,90,41,75,29,117,127,94,47,30,83,71" hai1="80,120,108,92,10,130,82,102,68,50,67,37,95" hai2="27,24,33,123,128,101,112,72,5,76,58,70,73" hai3="104,17,21,56,126,60,88,34,64,106,121,99,77"/><T79/><D117/><U54/><E120/><V81/><F70/><W11/><G34/><T111/><D71/><U61/><E108/><V97/><F112/><W135/><G135/><T105/><D105/><U115/><E130/><V9/><F123/><W116/><G116/><T7/><D111/><U100/><E115/><V91/><F73/><W124/><G77/><T113/><D127/><N who="3" m="48681" /><G11/><T32/><D7/><U48/><E37/><V6/><F6/><W109/><G121/><T132/><D132/><U15/><E50/><V13/><F128/><W42/><G42/><T129/><D129/><U4/><E95/><V62/><F91/><W28/><G28/><T125/><D125/><U122/><E122/><V43/><F33/><W57/><G57/><T46/><D46/><U63/><E63/><V40/><F40/><W133/><G133/><T19/><D113/><U69/><E69/><V96/><F43/><W49/><G49/><T55/><D55/><U8/><E8/><V86/><F72/><W3/><G3/><T39/><D30/><U59/><E92/><N who="2" m="58503" /><F97/><W14/><G109/><T78/><D78/><U36/><E36/><V16/><F5/><W93/><AGARI ba="0,0" hai="14,17,21,56,60,64,88,93,99,104,106" m="48681" machi="93" ten="30,2000,0" yaku="18,1,54,1" doraHai="35" who="3" fromWho="3" sc="250,-10,250,-5,250,-5,250,20" /><INIT seed="1,0,0,3,2,121" ten="240,245,245,270" oya="1" hai0="2,33,32,124,109,0,128,100,87,103,62,125,90" hai1="24,7,84,5,69,71,59,126,86,78,96,11,113" hai2="44,134,123,16,119,52,114,13,17,39,41,61,72" hai3="55,19,112,105,14,9,130,63,42,98,115,120,117"/><U21/><E113/><V49/><F114/><W50/><G120/><T135/><D135/><U54/><E126/><N who="0" m="48745" /><D62/><U132/><E132/><V3/><F134/><W73/><G73/><T82/><D128/><U60/><E5/><V70/><F123/><W46/><G130/><T29/><D109/><U81/><E86/><V129/><F3/><N who="0" m="1066" /><D29/><U1/><REACH who="1" step="1"/><E96/><REACH who="1" ten="240,235,245,270" step="2"/><V89/><F72/><W91/><G115/><T68/><D68/><U111/><E111/><V110/><F129/><W18/><G112/><T99/><D103/><U38/><E38/><V47/><F110/><W57/><G117/><T92/><AGARI ba="0,1" hai="32,33,82,87,90,92,99,100" m="1066,48745" machi="92" ten="30,1100,0" yaku="18,1" doraHai="121" who="0" fromWho="0" sc="240,21,235,-5,245,-3,270,-3" /><INIT seed="2,0,0,2,5,126" ten="261,230,242,267" oya="2" hai0="97,55,48,81,10,108,84,28,83,88,71,36,13" hai1="9,65,86,70,114,132,102,90,73,103,135,92,72" hai2="54,58,117,66,101,40,16,45,7,125,119,51,59" hai3="56,29,87,19,68,107,64,41,18,127,129,43,60"/><V104/><F7/><W57/><G127/><T14/><D36/><U17/><E114/><V106/><F125/><W80/><G107/><T134/><D71/><U74/><E65/><V24/><F104/><W115/><G115/><T49/><D134/><N who="1" m="51243" /><E70/><V47/><F101/><N who="1" m="38409" /><E17/><V89/><F89/><W25/><G68/><T105/><D105/><U1/><E9/><V42/><F106/><W39/><G129/><T15/><D28/><U118/><E1/><V63/><F24/><W46/><G56/><T33/><D33/><U79/><E118/><V99/><F99/><W62/><G62/><T113/><D108/><U95/><E95/><V77/><F77/><AGARI ba="0,0" hai="72,73,74,77,79,86,90,92" m="38409,51243" machi="77" ten="40,5200,0" yaku="20,1,34,2" doraHai="126" who="1" fromWho="2" sc="261,0,230,52,242,-52,267,0" /><INIT seed="3,0,0,5,5,102" ten="261,282,190,267" oya="3" hai0="16,45,44,33,109,99,91,76,73,113,81,6,119" hai1="0,129,63,118,115,35,58,42,121,37,19,22,28" hai2="60,56,125,84,40,26,108,13,64,85,51,75,123" hai3="9,29,114,52,94,71,48,127,8,11,135,132,100"/><W39/><G39/><T46/><D119/><U3/><E115/><V88/><F75/><W80/><G114/><T90/><D33/><U21/><E121/><V49/><F123/><W96/><G127/><T104/><D109/><U23/><E129/><V83/><F125/><W32/><G71/><T47/><D6/><U92/><E118/><V93/><F108/><W111/><G111/><T110/><D110/><U1/><E42/><V68/><F68/><W2/><G2/><T14/><N who="0" m="11264" /><DORA hai="133" /><T31/><D31/><U10/><E37/><V117/><F40/><W95/><G80/><T4/><D4/><U112/><E112/><V36/><F36/><W79/><G79/><T105/><D113/><U131/><E131/><V103/><F117/><W134/><G95/><T27/><D27/><U77/><E77/><V54/><F64/><W12/><G29/><T72/><D72/><U25/><E92/><V128/><F128/><W66/><G66/><T24/><D24/><N who="1" m="18823" /><E63/><V38/><F38/><W30/><G30/><T50/><D50/><U15/><E58/><V61/><F51/><W122/><G32/><T7/><D7/><AGARI ba="0,0" hai="0,1,3,7,10,15,19,21,22,23,25" m="18823" machi="7" ten="30,8000,1" yaku="35,5" doraHai="102,133" who="1" fromWho="0" sc="261,-80,282,80,190,0,267,0" /><INIT seed="4,0,0,5,4,87" ten="181,362,190,267" oya="0" hai0="44,49,5,36,98,19,116,48,8,40,94,127,72" hai1="45,102,51,96,54,10,2,77,104,103,133,92,112" hai2="62,114,43,23,74,60,131,18,135,122,86,37,67" hai3="101,26,34,39,82,42,68,7,97,50,121,13,65"/><T120/><D116/><U83/><E112/><V56/><F74/><W12/><G39/><T73/><D120/><U78/><E133/><V118/><F122/><W105/><G121/><T3/><D127/><U16/><E103/><V27/><F114/><W132/><G132/><T33/><D33/><U95/><E2/><V4/><F135/><W9/><G42/><T134/><D134/><U41/><E41/><V100/><F131/><W46/><G82/><T64/><D64/><U90/><E104/><V58/><F118/><W115/><G115/><T1/><D1/><U117/><E117/><V71/><F4/><W124/><G124/><T17/><D49/><U91/><E83/><V99/><F86/><W29/><G46/><T6/><D6/><U69/><E69/><V129/><F129/><W106/><G106/><T85/><D85/><N who="1" m="52303" /><E102/><V130/><F130/><W0/><G50/><T38/><D38/><U79/><E79/><V75/><F75/><W70/><G70/><T22/><D36/><U57/><E45/><V28/><F43/><W81/><G81/><T15/><REACH who="0" step="1"/><D19/><REACH who="0" ten="171,362,190,267" step="2"/><U123/><E123/><V111/><F37/><W125/><G125/><T53/><D53/><U21/><E51/><V30/><F71/><W128/><G128/><T47/><D47/><U84/><E84/><V66/><REACH who="2" step="1"/><F111/><REACH who="2" ten="171,362,180,267" step="2"/><W80/><G80/><T25/><D25/><U113/><E113/><V88/><F88/><AGARI ba="0,2" hai="3,5,8,15,17,22,40,44,48,72,73,88,94,98" machi="88" ten="30,11600,0" yaku="1,1,7,1,52,1,54,1,53,0" doraHai="87" doraHaiUra="109" who="0" fromWho="2" sc="171,136,362,0,180,-116,267,0" /><INIT seed="4,1,0,2,0,126" ten="307,362,64,267" oya="0" hai0="13,76,0,59,67,134,39,6,77,113,116,21,133" hai1="28,114,58,129,73,128,123,72,84,36,61,105,66" hai2="120,132,14,81,30,51,65,90,85,69,127,46,47" hai3="16,53,9,88,44,35,15,50,57,52,131,111,23"/><T135/><D39/><U101/><E123/><V93/><F120/><W98/><G111/><T80/><D116/><U48/><E36/><V43/><F127/><W32/><G131/><N who="1" m="50250" /><E114/><V33/><F132/><W130/><G130/><T106/><D106/><U3/><E3/><V34/><F30/><W17/><G98/><T56/><D113/><U92/><E105/><V89/><F69/><W117/><G117/><T26/><D0/><U63/><E28/><V49/><F65/><W75/><G75/><T62/><D56/><N who="1" m="37159" /><E48/><V68/><F14/><W54/><G88/><T60/><D60/><U20/><E20/><V5/><F5/><W71/><G71/><T91/><D13/><U10/><E10/><V110/><F68/><W124/><G124/><T2/><D6/><U99/><E84/><V25/><F25/><N who="3" m="14567" /><G35/><T64/><D2/><U109/><E109/><V70/><F70/><W41/><G32/><T45/><D21/><U100/><E100/><V22/><F22/><W107/><G107/><T1/><D1/><U97/><E97/><V7/><F7/><W42/><G42/><T122/><D122/><U112/><E112/><V119/><F110/><W104/><G104/><T11/><D11/><U115/><E115/><V83/><F119/><W18/><G18/><T94/><D135/><U29/><E29/><V4/><F4/><W125/><G125/><T86/><D134/><U121/><E121/><V74/><F85/><W38/><G38/><T37/><D86/><U55/><AGARI ba="1,0" hai="55,58,63,72,73,92,99,101" m="37159,50250" machi="55" ten="30,7900,0" yaku="19,1,52,3" doraHai="126" who="1" fromWho="1" sc="307,-40,362,82,64,-21,267,-21" /><INIT seed="5,0,0,2,1,2" ten="267,444,43,246" oya="1" hai0="95,18,102,41,0,79,121,71,8,93,1,135,82" hai1="130,88,111,76,129,74,51,3,85,104,87,50,25" hai2="36,4,134,26,112,131,70,49,11,42,29,63,98" hai3="19,117,31,13,45,125,38,64,12,75,73,15,96"/><U126/><E104/><V91/><F131/><W57/><G125/><T103/><D71/><U7/><E126/><V115/><F36/><W17/><G117/><T80/><D135/><U123/><E123/><V10/><F134/><W46/><G31/><T118/><D118/><U68/><E68/><V14/><F42/><W122/><G122/><T60/><D121/><U83/><E111/><V84/><F98/><W43/><G46/><T86/><D41/><U108/><E108/><V56/><F49/><W128/><G128/><N who="1" m="49258" /><E25/><V48/><F48/><W78/><G96/><T116/><D116/><U32/><E32/><V132/><F70/><W47/><G47/><T30/><D30/><U101/><E101/><V44/><F44/><W65/><G57/><T81/><D60/><U133/><E133/><V61/><F11/><W55/><G55/><T127/><D8/><N who="1" m="2175" /><E74/><V66/><F132/><W94/><G75/><T109/><D127/><U92/><AGARI ba="0,0" hai="50,51,76,83,85,87,88,92" m="2175,49258" machi="92" ten="30,6000,0" yaku="19,1,52,1,54,1" doraHai="2" who="1" fromWho="1" sc="267,-20,444,60,43,-20,246,-20" /><INIT seed="5,1,0,3,3,58" ten="247,504,23,226" oya="1" hai0="87,41,102,113,42,129,61,81,98,78,64,13,25" hai1="39,85,43,30,28,135,0,82,14,120,106,8,35" hai2="126,119,83,111,40,63,4,71,33,94,92,93,37" hai3="47,91,36,134,38,5,9,32,97,7,131,17,128"/><U108/><E120/><V115/><F119/><W133/><G91/><T66/><D129/><N who="3" m="49737" /><G97/><T99/><D113/><U60/><E135/><N who="3" m="51722" /><G47/><T123/><D66/><U45/><E106/><V24/><F126/><W110/><G38/><T122/><D25/><U56/><E0/><V67/><F111/><W100/><G100/><T57/><D13/><U105/><E35/><V89/><F115/><W48/><G48/><T19/><D19/><U118/><E118/><V79/><F37/><W77/><G77/><T104/><REACH who="0" step="1"/><D98/><REACH who="0" ten="237,504,23,226" step="2"/><U117/><E117/><V10/><F24/><W68/><G68/><T29/><D29/><U50/><E28/><V76/><F33/><W18/><G110/><T88/><D88/><U121/><E108/><V53/><F53/><W54/><G54/><T2/><D2/><U1/><E1/><V65/><F40/><AGARI ba="1,1" hai="40,41,42,57,61,64,78,81,87,99,102,104,122,123" machi="40" ten="40,2600,0" yaku="1,1,52,1,53,0" doraHai="58" doraHaiUra="15" who="0" fromWho="2" sc="237,39,504,0,23,-29,226,0" owari="276,7.6,504,60.4,-6,-50.6,226,-17.4" /></mjloggm>