<mjloggm ver="2.3"><GO type="169" lobby="0"/><UN n0="%E3%81%84%E3%81%AC%E3%81%A6%E3%82%93" n1="%E3%82%B3%E3%81%98%E3%81%95%E3%82%93%EF%BC%9F" n2="%E3%81%95%E3%82%93%E3%81%84%E3%81%A1%E3%82%8D%E3%81%8F%E3%81%94" n3="%70%6F%70%E2%98%86%63%6F%72%6E" dan="16,17,17,17" rate="2069.68,2119.10,2090.65,2155.39" sx="M,M,M,M"/><TAIKYOKU oya="0"/><INIT seed="0,0,0,0,3,61" ten="250,250,250,250" oya="0" hai0="37,48,13,29,96,83,101,63,57,104,7,10,76" hai1="73,100,115,128,97,19,58,120,42,20,59,47,108" hai2="23,103,126,125,106,92,32,89,130,24,124,74,134" hai3="129,49,0,72,127,17,9,116,40,30,5,39,117"/><T16/><D37/><U111/><E120/><V135/><F32/><W14/><G49/><T12/><D29/><U85/><E73/><V131/><F74/><W87/><G87/><T35/><D35/><U68/><E68/><V52/><F52/><W1/><G40/><T8/><D48/><U114/><E85/><N who="2" m="52271" /><F103/><W94/><G94/><T60/><REACH who="0" step="1"/><D57/><REACH who="0" ten="240,250,250,250" step="2"/><U11/><E59/><V95/><F106/><W80/><G30/><T88/><D88/><U4/><E58/><V102/><F102/><W107/><G107/><T79/><D79/><U36/><E36/><V22/><F95/><W118/><G39/><T27/><D27/><U62/><E114/><V34/><F34/><W93/><G117/><T77/><D77/><U91/><E115/><V105/><F105/><W84/><G93/><T69/><D69/><U66/><E91/><V6/><F24/><W78/><G116/><T133/><D133/><N who="2" m="50698" /><F6/><W112/><G118/><T55/><D55/><U123/><E4/><V121/><F121/><W70/><G112/><T18/><D18/><U33/><E19/><V98/><F98/><W43/><G17/><T3/><D3/><U15/><E97/><V54/><F54/><W86/><G0/><T99/><D99/><U44/><E33/><V46/><F46/><W51/><G1/><T25/><D25/><U31/><E44/><V110/><F110/><N who="1" m="42025" /><E47/><V45/><F45/><W41/><G5/><T56/><D56/><U90/><E123/><V119/><F119/><W71/><G70/><T109/><D109/><U75/><E90/><V82/><F82/><W38/><G80/><RYUUKYOKU ba="0,1" sc="240,15,250,-15,250,15,250,-15" hai0="7,8,10,12,13,16,60,63,76,83,96,101,104" hai2="22,23,124,125,126,130,131" /><INIT seed="0,1,1,5,5,34" ten="255,235,265,235" oya="0" hai0="70,65,12,84,83,28,10,62,120,15,17,127,40" hai1="44,89,112,41,135,126,107,76,118,3,129,6,111" hai2="60,63,113,91,67,27,21,114,69,90,110,81,43" hai3="96,25,122,19,20,94,51,71,75,54,33,133,61"/><T47/><D127/><U13/><E13/><V131/><F110/><W66/><G133/><T106/><D106/><U88/><E118/><V4/><F131/><W22/><G75/><T87/><D120/><U31/><E31/><V134/><F134/><W82/><G82/><T72/><D28/><U102/><E135/><V11/><F43/><W18/><G33/><T109/><D109/><U98/><E111/><V29/><F60/><W73/><G73/><T93/><D93/><U35/><E35/><V30/><F30/><W1/><G1/><T57/><D70/><U48/><E129/><V0/><REACH who="2" step="1"/><F81/><REACH who="2" ten="255,235,255,235" step="2"/><W64/><G61/><T16/><D83/><U74/><E41/><V97/><F97/><W103/><G122/><T52/><D72/><U23/><E98/><V100/><F100/><W132/><G132/><T117/><D117/><U124/><E102/><V78/><F78/><W46/><REACH who="3" step="1"/><G71/><REACH who="3" ten="255,235,255,225" step="2"/><T38/><D65/><U101/><E74/><V49/><F49/><W50/><G50/><T2/><REACH who="0" step="1"/><D2/><REACH who="0" ten="245,235,255,225" step="2"/><U116/><E3/><V36/><F36/><W79/><G79/><T95/><D95/><U8/><E76/><V130/><F130/><W24/><AGARI ba="1,4" hai="18,19,20,22,24,25,46,51,54,64,66,94,96,103" machi="24" ten="20,8000,1" yaku="1,1,0,1,7,1,9,1,8,1,53,0" doraHai="34" doraHaiUra="108" who="3" fromWho="3" sc="245,-41,235,-21,255,-21,225,123" /><INIT seed="1,0,0,4,0,119" ten="204,214,234,348" oya="1" hai0="46,63,60,72,105,80,5,127,55,28,2,116,104" hai1="85,84,73,117,134,71,35,17,82,22,4,15,70" hai2="120,24,65,132,93,51,0,101,47,95,8,88,45" hai3="75,36,61,106,1,9,10,11,50,66,58,97,14"/><U131/><E117/><V128/><F132/><W90/><G75/><T18/><D116/><U87/><E134/><V108/><F108/><W6/><G36/><T38/><D28/><U89/><E131/><V57/><F128/><W99/><G106/><T42/><D18/><U69/><E35/><V19/><F101/><W78/><G78/><T12/><D12/><U126/><E126/><V31/><F95/><W83/><G50/><T121/><D127/><U100/><E73/><V21/><F120/><W107/><G107/><T129/><D129/><U86/><E100/><V37/><F37/><W7/><G11/><T41/><D41/><U67/><REACH who="1" step="1"/><E4/><REACH who="1" ten="204,204,234,348" step="2"/><V110/><F110/><W13/><G1/><T62/><D5/><U3/><E3/><V34/><F0/><W112/><G112/><T49/><D2/><U123/><E123/><V130/><F130/><W77/><G77/><T115/><D121/><U133/><E133/><V59/><F34/><W125/><G125/><T118/><D115/><U114/><E114/><V23/><F8/><W25/><G9/><T68/><D118/><U79/><E79/><V91/><F91/><W135/><G10/><T98/><D72/><U33/><E33/><V76/><F76/><W94/><G6/><T109/><D109/><U52/><E52/><N who="2" m="31903" /><F88/><W29/><G7/><T113/><D55/><U74/><E74/><V103/><F103/><W20/><G135/><T92/><D113/><U64/><AGARI ba="0,1" hai="15,17,22,64,67,69,70,71,82,84,85,86,87,89" machi="64" ten="40,3900,0" yaku="1,1,0,1,53,0" doraHai="119" doraHaiUra="102" who="1" fromWho="1" sc="204,-13,204,49,234,-13,348,-13" /><INIT seed="1,1,0,4,3,29" ten="191,253,221,335" oya="1" hai0="26,90,13,46,68,11,25,91,1,108,76,72,22" hai1="65,71,3,95,93,56,39,126,66,82,99,5,79" hai2="110,120,0,111,55,100,124,113,88,16,19,130,86" hai3="119,112,36,59,53,85,128,7,45,28,114,83,133"/><U67/><E126/><V12/><F120/><W118/><G7/><T47/><D68/><U42/><E71/><V48/><F0/><W41/><G28/><T8/><D108/><N who="2" m="41514" /><F124/><W40/><G85/><T9/><D1/><U34/><E56/><N who="2" m="32871" /><F130/><W10/><G10/><T69/><D69/><U18/><E18/><V51/><F113/><W30/><G30/><T89/><D76/><U94/><E34/><V77/><F100/><W73/><G73/><T70/><D70/><U107/><E107/><V43/><F77/><W64/><G83/><T101/><D72/><U125/><E125/><V121/><F12/><W87/><G128/><T37/><D37/><U23/><E23/><V109/><F121/><W103/><G103/><T74/><D101/><U27/><E27/><N who="0" m="10249" /><D74/><U57/><E3/><V116/><F116/><W61/><G112/><T98/><D98/><U17/><E99/><V63/><F63/><W20/><G114/><T75/><D75/><U102/><E102/><V117/><F117/><W2/><G2/><T62/><D62/><U81/><E79/><V78/><F78/><W14/><G61/><T58/><D58/><U123/><E123/><V6/><F6/><W129/><G59/><T134/><D134/><U32/><E5/><V31/><F31/><W33/><G133/><T132/><D132/><U122/><E57/><V21/><F21/><W106/><G118/><T127/><D127/><U50/><E122/><V105/><F105/><W131/><G119/><T52/><D22/><U35/><E39/><V84/><F109/><W96/><G129/><T38/><D38/><RYUUKYOKU ba="1,0" sc="191,0,253,0,221,0,335,0" /><INIT seed="2,2,0,1,4,8" ten="191,253,221,335" oya="2" hai0="115,71,113,90,108,3,64,94,63,19,20,97,42" hai1="88,59,89,52,100,45,51,67,15,32,130,101,129" hai2="35,49,61,65,44,85,27,23,57,123,29,125,30" hai3="117,6,78,7,93,121,124,95,76,58,56,109,33"/><V41/><F123/><W66/><G121/><T22/><D3/><U112/><E112/><V96/><F125/><W128/><G33/><T12/><D108/><U17/><E32/><V91/><F96/><W1/><G66/><T92/><D42/><U11/><E67/><V70/><F35/><W102/><G102/><N who="1" m="39530" /><E59/><V5/><F5/><W50/><G50/><T110/><D110/><U53/><E53/><V26/><F70/><W18/><G109/><T21/><REACH who="0" step="1"/><D94/><REACH who="0" ten="181,253,221,335" step="2"/><U34/><E34/><V118/><F118/><W122/><G93/><T111/><D111/><U16/><E129/><V25/><REACH who="2" step="1"/><F30/><REACH who="2" ten="181,253,211,335" step="2"/><W86/><G122/><T114/><AGARI ba="2,2" hai="12,19,20,21,22,63,64,71,90,92,97,113,114,115" machi="114" ten="30,4000,0" yaku="1,1,0,1,52,1,53,0" doraHai="8" doraHaiUra="2" who="0" fromWho="0" sc="181,66,253,-12,211,-22,335,-12" /><INIT seed="3,0,0,2,4,55" ten="247,241,189,323" oya="3" hai0="102,125,67,62,79,64,60,43,81,21,7,99,6" hai1="35,54,10,133,116,9,24,103,45,58,14,92,13" hai2="72,123,112,20,98,130,96,26,59,101,41,135,28" hai3="18,120,131,127,17,49,121,104,48,69,106,2,134"/><W89/><G89/><T86/><D125/><U76/><E133/><V5/><F112/><W82/><G82/><T118/><D118/><U129/><E129/><V71/><F71/><W80/><G80/><T12/><D43/><U66/><E76/><V19/><F135/><W8/><G8/><T15/><D21/><U3/><E3/><V91/><F72/><W110/><G2/><T113/><D113/><U94/><E24/><V63/><F130/><W47/><G134/><T11/><D99/><U39/><E35/><V29/><F123/><W122/><G131/><T126/><D102/><U107/><E107/><V38/><F5/><W74/><G74/><T68/><D126/><U33/><E33/><V61/><F63/><W87/><G87/><T108/><D108/><U75/><E39/><V22/><F91/><W111/><G69/><T132/><D132/><U100/><E75/><V42/><F29/><W34/><G34/><T65/><D68/><U31/><E31/><V4/><F4/><W70/><G70/><T27/><D27/><U95/><E116/><V83/><F83/><W52/><G127/><T53/><D53/><U25/><E100/><V109/><F109/><N who="3" m="41483" /><G49/><T36/><D36/><U57/><E103/><V56/><F38/><W84/><G84/><T88/><D79/><U117/><E117/><V77/><F101/><W50/><G50/><T16/><D12/><U51/><E14/><N who="2" m="9335" /><F77/><W46/><G46/><T105/><D105/><AGARI ba="0,0" hai="17,18,47,48,52,104,105,106,120,121,122" m="41483" machi="105" ten="40,7700,0" yaku="14,1,10,1,54,1" doraHai="55" who="3" fromWho="0" sc="247,-77,241,0,189,0,323,77" /><INIT seed="3,1,0,2,2,60" ten="170,241,189,400" oya="3" hai0="53,113,26,8,102,1,17,98,0,131,2,111,31" hai1="130,19,120,89,76,23,110,12,127,132,43,21,58" hai2="73,126,135,45,125,24,11,35,121,77,134,4,80" hai3="28,117,46,6,88,82,81,41,47,95,97,67,118"/><W20/><G6/><T25/><D53/><U65/><E120/><V78/><F77/><W119/><G67/><T14/><D98/><U30/><E110/><V124/><F45/><W66/><G66/><T16/><D102/><U92/><E127/><V94/><F94/><W40/><G20/><N who="0" m="13447" /><D113/><U84/><E130/><V61/><F61/><W36/><REACH who="3" step="1"/><G28/><REACH who="3" ten="170,241,189,390" step="2"/><T106/><D131/><U52/><E30/><N who="2" m="19911" /><F121/><W50/><AGARI ba="1,1" hai="36,40,41,46,47,50,81,82,88,95,97,117,118,119" machi="50" ten="30,18000,2" yaku="1,1,0,1,54,1,53,3" doraHai="60" doraHaiUra="112" who="3" fromWho="3" sc="170,-61,241,-61,189,-61,390,193" /><INIT seed="3,2,0,5,2,49" ten="109,180,128,583" oya="3" hai0="56,0,103,132,87,92,125,5,80,127,123,21,128" hai1="51,112,58,6,32,107,46,9,31,27,74,40,126" hai2="57,111,68,99,134,108,94,131,24,30,17,86,38" hai3="93,15,109,19,7,97,60,102,75,45,73,78,47"/><W4/><G109/><N who="2" m="42057" /><F68/><W22/><G75/><T130/><D123/><U54/><E126/><N who="0" m="48137" /><D5/><N who="3" m="2121" /><G73/><T91/><D0/><U3/><E74/><V124/><F38/><W70/><G70/><T129/><D21/><U50/><REACH who="1" step="1"/><E107/><REACH who="1" ten="109,170,128,583" step="2"/><V42/><F124/><W105/><G105/><T77/><D56/><U44/><E44/><V122/><F57/><W14/><G47/><T43/><D43/><U29/><E29/><V20/><F42/><W95/><G45/><T2/><D2/><U119/><E119/><V104/><F30/><W62/><G14/><T82/><D103/><U33/><E33/><V11/><F122/><W8/><G22/><T16/><D16/><U100/><E100/><V34/><F20/><W79/><G19/><T117/><D117/><U67/><E67/><V113/><F17/><W69/><G15/><T12/><D12/><U61/><E61/><N who="3" m="23658" /><G69/><T53/><D132/><U106/><E106/><V13/><F104/><W121/><G121/><T23/><D23/><U28/><E28/><V59/><F134/><W25/><G8/><T36/><D36/><U52/><E52/><V71/><F34/><W110/><G25/><T85/><D53/><U96/><E96/><V55/><F99/><N who="3" m="59759" /><G110/><T35/><D35/><U98/><E98/><V115/><F71/><W120/><G120/><T101/><D101/><AGARI ba="2,1" hai="78,79,95,97,101" m="59759,23658,2121" machi="101" ten="30,1500,0" yaku="8,1" doraHai="49" who="3" fromWho="0" sc="109,-21,170,0,128,0,583,31" /><INIT seed="3,3,0,5,0,45" ten="88,170,128,614" oya="3" hai0="1,111,123,127,51,23,34,81,19,129,29,24,8" hai1="121,93,21,31,60,59,102,70,49,135,43,109,80" hai2="104,26,25,85,134,120,78,117,10,116,12,16,84" hai3="58,9,20,112,77,106,54,30,101,53,82,2,52"/><W47/><G112/><T17/><D123/><U68/><E121/><V79/><F120/><W69/><G69/><T61/><D111/><U35/><E35/><V14/><F104/><W6/><G106/><T66/><D129/><U126/><E109/><V98/><F134/><W130/><G101/><T72/><D127/><U39/><E39/><V11/><REACH who="2" step="1"/><F98/><REACH who="2" ten="88,170,118,614" step="2"/><W41/><G130/><T40/><D34/><U50/><E135/><V28/><F28/><W124/><G124/><T46/><D29/><U13/><E126/><V4/><F4/><W44/><G44/><T32/><D32/><U114/><E31/><V86/><F86/><W67/><G30/><T105/><D105/><U83/><E114/><V73/><F73/><W89/><G6/><T87/><D72/><U57/><E70/><V62/><F62/><W56/><G47/><T36/><D61/><U71/><E68/><V0/><F0/><W3/><G58/><T113/><D1/><U119/><E71/><V92/><F92/><W97/><G56/><T95/><D95/><U91/><E59/><V118/><F118/><W75/><G2/><T100/><D113/><U103/><E57/><V76/><F76/><W63/><G3/><T132/><D132/><U64/><E119/><V15/><F15/><W65/><G63/><T42/><D46/><U115/><E115/><V128/><F128/><W99/><G53/><T7/><D7/><U74/><E60/><V37/><F37/><W55/><G54/><T110/><D36/><U18/><E74/><V94/><F94/><W107/><G55/><T122/><D110/><RYUUKYOKU ba="3,1" sc="88,-10,170,-10,118,30,614,-10" hai2="10,11,12,14,16,25,26,78,79,84,85,116,117" /><INIT seed="4,4,1,5,0,109" ten="78,160,148,604" oya="0" hai0="8,37,60,59,72,74,101,28,70,68,47,95,105" hai1="33,69,42,127,124,48,126,100,54,87,94,56,40" hai2="85,97,23,22,66,128,114,111,26,108,112,45,57" hai3="14,36,34,63,29,62,13,123,119,49,92,120,121"/><T134/><D134/><U88/><E33/><V132/><F132/><W18/><G36/><T20/><D105/><U21/><E69/><V107/><F45/><W41/><G119/><T10/><D70/><U19/><REACH who="1" step="1"/><E100/><REACH who="1" ten="78,150,148,604" step="2"/><N who="2" m="62863" /><F108/><W6/><G92/><T38/><D68/><U43/><E43/><V80/><F111/><W24/><G41/><T67/><D72/><U76/><E76/><N who="2" m="46215" /><F128/><W3/><G49/><T17/><D74/><U7/><E7/><V4/><F4/><W27/><G62/><T113/><D38/><U16/><E16/><V118/><F118/><W98/><G63/><T104/><D104/><U131/><E131/><V84/><F84/><W81/><G120/><T75/><D37/><U135/><E135/><V125/><F125/><W51/><G18/><T91/><D75/><U110/><E110/><V44/><F44/><W86/><G121/><T122/><D17/><U39/><E39/><V11/><F57/><W12/><G86/><T31/><D47/><U61/><E61/><V0/><F66/><W130/><G123/><T78/><D67/><U30/><E30/><V93/><F0/><W133/><G3/><T5/><D31/><U25/><AGARI ba="4,2" hai="19,21,25,40,42,48,54,56,87,88,94,124,126,127" machi="25" ten="30,8000,1" yaku="1,1,0,1,18,1,54,1,53,1" doraHai="109" doraHaiUra="90" who="1" fromWho="1" sc="78,-44,150,112,148,-24,604,-24" /><INIT seed="5,0,0,5,0,82" ten="34,262,124,580" oya="1" hai0="22,106,131,85,23,43,66,32,111,98,74,21,6" hai1="13,40,2,61,71,42,17,101,18,128,125,10,60" hai2="4,102,97,77,108,130,94,93,67,109,14,135,100" hai3="78,123,112,76,113,124,117,127,15,24,33,35,87"/><U132/><E2/><V12/><F130/><W70/><G70/><T44/><D32/><N who="3" m="12361" /><G123/><T29/><D74/><U91/><E128/><V95/><F135/><W89/><G15/><T69/><D131/><U20/><E125/><N who="3" m="48202" /><G24/><T31/><D111/><U50/><E132/><V121/><F121/><W120/><G117/><T88/><D66/><U59/><E101/><V16/><F67/><W110/><G110/><T7/><D69/><U57/><E91/><V56/><F56/><N who="1" m="21577" /><E71/><V19/><F77/><N who="3" m="29803" /><G120/><T72/><D72/><U48/><E60/><V38/><F38/><W37/><G37/><T80/><D106/><U105/><E61/><V1/><F1/><W45/><G45/><T104/><D104/><U41/><E105/><V133/><F133/><W90/><G90/><T3/><D3/><U5/><E5/><V47/><F47/><W30/><G30/><T118/><D118/><U11/><E11/><N who="2" m="4199" /><F108/><W52/><G52/><T34/><D7/><U114/><E10/><N who="2" m="6231" /><F109/><W65/><G65/><T28/><D6/><U55/><E55/><V107/><F107/><W26/><G26/><T116/><D34/><U64/><E64/><V119/><F119/><W134/><G134/><T53/><D116/><U73/><E42/><V49/><F19/><W46/><G46/><T0/><D0/><U96/><E18/><V62/><F62/><W129/><G129/><T99/><REACH who="0" step="1"/><D53/><REACH who="0" ten="24,262,124,580" step="2"/><U122/><E122/><V54/><F54/><W63/><G63/><T68/><D68/><U81/><E73/><V8/><F49/><AGARI ba="0,1" hai="21,22,23,28,29,31,43,44,49,80,85,88,98,99" machi="49" ten="40,8000,1" yaku="1,1,8,1,52,1,54,1,53,0" doraHai="82" doraHaiUra="75" who="0" fromWho="2" sc="24,90,262,0,124,-80,580,0" /><INIT seed="6,0,0,5,3,86" ten="114,262,44,580" oya="2" hai0="113,10,63,101,110,1,98,58,31,19,54,22,74" hai1="28,121,45,32,38,133,92,44,70,39,107,97,42" hai2="82,23,34,50,47,83,135,117,30,53,99,119,111" hai3="120,132,13,69,104,93,27,0,3,24,55,21,51"/><V96/><F34/><W112/><G69/><T67/><D110/><U43/><E70/><V123/><F111/><W15/><G104/><T7/><D113/><U9/><E133/><V103/><F123/><W18/><G132/><T85/><D74/><U72/><E72/><V60/><F135/><W108/><G108/><T57/><D85/><U128/><E121/><V102/><F117/><W122/><G93/><T87/><D87/><U105/><E9/><V75/><F119/><W118/><G51/><T64/><D31/><U48/><E48/><V66/><F75/><W14/><G55/><T114/><D58/><U79/><E79/><V90/><F99/><W62/><G62/><T91/><D114/><U8/><E8/><V26/><F103/><W29/><G118/><T77/><D77/><U73/><E128/><V4/><F4/><W115/><G122/><T124/><D124/><U52/><E73/><V16/><F30/><W11/><G120/><T125/><D125/><U41/><E41/><V94/><REACH who="2" step="1"/><F102/><REACH who="2" ten="114,262,34,580" step="2"/><W95/><G115/><T116/><D116/><U126/><E32/><V20/><F20/><N who="3" m="15495" /><G112/><T2/><D101/><U12/><E28/><V130/><F130/><W46/><G11/><T25/><D2/><U35/><E35/><V71/><AGARI ba="0,1" hai="16,23,26,47,50,53,60,66,71,82,83,90,94,96" machi="71" ten="20,18000,2" yaku="1,1,0,1,7,1,52,1,54,1,53,1" doraHai="86" doraHaiUra="65" who="2" fromWho="2" sc="114,-60,262,-60,34,190,580,-60" /><INIT seed="6,1,0,4,0,93" ten="54,202,224,520" oya="2" hai0="67,102,101,31,64,6,122,124,129,115,62,130,119" hai1="16,132,108,45,8,53,111,3,95,126,128,13,42" hai2="36,43,26,4,19,12,105,85,77,84,56,55,57" hai3="79,0,48,44,47,127,63,41,54,28,21,103,83"/><V20/><F105/><W17/><G127/><T23/><D6/><U39/><E126/><V90/><F36/><W30/><G103/><T121/><D124/><U40/><E128/><V33/><F43/><W2/><G0/><T58/><D119/><U9/><E132/><V60/><F77/><W68/><G2/><T22/><D115/><U74/><E42/><V27/><F33/><W131/><G131/><T118/><D118/><U7/><E74/><V5/><F84/><N who="3" m="48255" /><G68/><T10/><D10/><U106/><E106/><V46/><F46/><W51/><G63/><T71/><D71/><U69/><E69/><V35/><F56/><W135/><G135/><T81/><D81/><U18/><E18/><V61/><F61/><W37/><G37/><T96/><D62/><U94/><E53/><V34/><F34/><W72/><G72/><T15/><D58/><U89/><REACH who="1" step="1"/><E94/><REACH who="1" ten="54,192,224,520" step="2"/><N who="2" m="54607" /><F35/><W92/><G92/><T99/><REACH who="0" step="1"/><D31/><REACH who="0" ten="44,192,224,520" step="2"/><U59/><E59/><V70/><F70/><W125/><G125/><T24/><D24/><AGARI ba="1,2" hai="4,5,12,19,20,24,26,27,55,57,60" m="54607" machi="24" ten="30,1500,0" yaku="8,1" doraHai="93" who="2" fromWho="0" sc="44,-18,192,0,224,38,520,0" /><AGARI ba="1,0" hai="17,21,24,28,30,41,44,47,48,51,54" m="48255" machi="24" ten="30,1000,0" yaku="8,1" doraHai="93" who="3" fromWho="0" sc="26,-10,192,0,262,0,520,10" /><INIT seed="6,2,0,2,1,96" ten="16,192,262,530" oya="2" hai0="100,120,73,15,133,77,112,123,95,9,48,132,40" hai1="125,90,75,84,116,30,49,102,130,113,129,53,76" hai2="54,134,44,121,36,119,105,97,0,109,91,39,83" hai3="81,13,78,115,92,86,74,16,52,3,55,69,10"/><V127/><F121/><N who="0" m="46666" /><D48/><U110/><E30/><V106/><F127/><W35/><G35/><T108/><D40/><U82/><E49/><V122/><F119/><W23/><G115/><T101/><D15/><U50/><E116/><V63/><F134/><N who="0" m="51818" /><D9/><U41/><E41/><V59/><F109/><W124/><G69/><T45/><D45/><U62/><E110/><V126/><F122/><W89/><G124/><T103/><D108/><U12/><E125/><V131/><F126/><W17/><G3/><T104/><D112/><U118/><E62/><V70/><F0/><W80/><G80/><N who="0" m="45103" /><D95/><U2/><E12/><AGARI ba="2,0" hai="10,12,13,16,17,23,52,55,74,78,81,86,89,92" machi="12" ten="30,3900,0" yaku="7,1,54,2" doraHai="96" who="3" fromWho="1" sc="16,0,192,-45,262,0,530,45" /><INIT seed="7,0,0,0,4,71" ten="16,147,262,575" oya="3" hai0="127,51,42,22,91,103,21,82,66,115,63,3,106" hai1="126,69,7,36,23,18,90,68,108,60,134,30,52" hai2="95,5,44,74,77,24,67,118,28,38,113,53,84" hai3="92,124,62,17,94,41,98,46,130,2,25,110,26"/><W32/><G130/><T75/><D3/><U33/><E36/><V80/><F113/><W101/><G124/><T40/><D127/><U35/><E7/><V1/><F67/><W27/><G2/><T117/><D117/><U107/><E90/><V49/><F38/><W56/><G110/><T104/><D115/><U72/><E18/><V61/><F61/><W96/><G32/><T31/><D75/><U6/><E23/><V47/><F47/><W14/><G46/><T64/><D51/><U93/><E93/><V135/><F135/><W76/><G76/><T37/><D31/><U16/><E6/><V81/><F95/><W105/><G41/><T131/><D91/><U114/><E107/><V34/><F118/><W88/><G105/><T0/><D0/><U70/><E70/><V39/><F39/><W116/><G116/><T97/><D131/><U13/><E69/><V128/><F128/><W43/><G43/><T111/><D82/><U19/><E19/><V87/><F80/><W59/><G62/><T112/><D112/><U129/><E16/><V100/><F100/><W48/><G48/><T11/><D42/><U121/><E30/><V20/><F34/><W85/><G96/><T12/><D106/><U29/><E29/><V89/><F28/><W99/><G98/><T83/><D64/><N who="1" m="40967" /><E114/><V79/><F5/><W125/><G125/><T102/><D111/><U15/><E108/><V73/><F1/><W119/><G119/><T4/><D103/><U10/><E126/><V86/><F20/><AGARI ba="0,0" hai="14,17,20,25,26,27,56,59,85,88,92,94,99,101" machi="20" ten="40,3900,0" yaku="8,1,54,1" doraHai="71" who="3" fromWho="2" sc="16,0,147,0,262,-39,575,39" owari="16,-48.4,147,-25.3,223,2.3,614,71.4" /></mjloggm>