<mjloggm ver="2.3"><GO type="169" lobby="0"/><UN n0="%E6%9C%AA%E6%9D%A5%E5%B0%91%E5%B9%B4" n1="%4F%4D%41%4E%54%41" n2="%E3%81%86%E3%81%A1%E3%83%BC" n3="%53%E6%9C%A8" dan="16,19,16,17" rate="2151.53,2205.41,2165.31,2187.21" sx="F,M,M,M"/><TAIKYOKU oya="0"/><INIT seed="0,0,0,2,5,110" ten="250,250,250,250" oya="0" hai0="113,134,72,44,63,11,39,51,34,106,4,14,68" hai1="98,97,70,133,27,123,87,20,83,23,81,90,111" hai2="43,114,89,29,99,88,28,12,61,130,32,100,92" hai3="84,7,2,132,19,129,15,47,112,71,50,35,46"/><T80/><D106/><U18/><E123/><V104/><F130/><W10/><G132/><T75/><D39/><U91/><E111/><V85/><F43/><W60/><G129/><T62/><D34/><U102/><E70/><V5/><F114/><W25/><G112/><T57/><D134/><U8/><E133/><V127/><F127/><W124/><G124/><T101/><D101/><U131/><E131/><V40/><F40/><W118/><G118/><T24/><D113/><U77/><E8/><V67/><F32/><W117/><G117/><T108/><D68/><U109/><E109/><V122/><F122/><W56/><G84/><T64/><D62/><U119/><E119/><V135/><F135/><W6/><G6/><T103/><D103/><U42/><E42/><V45/><F45/><W94/><G94/><T9/><D24/><U128/><E128/><V79/><F79/><W49/><G47/><T65/><D65/><U37/><E37/><V73/><F73/><W16/><G46/><T126/><D126/><U13/><E83/><V58/><REACH who="2" step="1"/><F89/><REACH who="2" ten="250,250,240,250" step="2"/><N who="1" m="33801" /><E102/><V1/><F1/><W96/><G2/><T76/><D108/><U48/><E48/><V36/><F36/><W116/><G50/><T105/><D72/><U95/><E95/><V22/><F22/><W30/><G49/><T82/><D105/><U86/><E86/><V59/><F59/><W107/><G71/><T41/><D82/><U93/><E93/><V54/><F54/><N who="3" m="33815" /><G116/><T66/><D9/><AGARI ba="0,1" hai="5,9,12,28,29,58,61,67,85,88,92,99,100,104" machi="9" ten="40,5200,0" yaku="1,1,54,1,53,1" doraHai="110" doraHaiUra="3" who="2" fromWho="0" sc="250,-52,250,0,240,62,250,0" /><INIT seed="1,0,0,5,3,102" ten="198,250,302,250" oya="1" hai0="33,91,116,19,97,86,126,49,50,118,52,71,24" hai1="27,41,11,53,14,63,8,69,26,22,78,45,59" hai2="103,47,94,60,66,115,131,28,25,101,72,21,43" hai3="1,85,57,117,82,54,9,20,48,37,107,64,132"/><U7/><E69/><V88/><F72/><W12/><G132/><T80/><D126/><U79/><E11/><V125/><F131/><W74/><G37/><T121/><D71/><U17/><REACH who="1" step="1"/><E27/><REACH who="1" ten="198,240,302,250" step="2"/><V109/><F125/><W114/><G9/><T135/><D24/><U77/><E77/><V67/><F115/><W51/><G114/><T128/><D118/><U10/><E10/><V2/><F2/><W124/><G1/><T68/><D68/><U129/><E129/><V99/><F109/><W18/><G117/><T46/><D116/><U70/><E70/><V36/><F67/><W89/><G124/><T15/><D128/><U34/><E34/><V98/><F66/><W56/><G64/><T90/><D33/><U108/><E108/><V4/><F4/><W58/><G74/><T16/><D135/><U100/><E100/><V31/><F101/><W55/><REACH who="3" step="1"/><G107/><REACH who="3" ten="198,240,302,240" step="2"/><T120/><D120/><U112/><E112/><V61/><F31/><W6/><G6/><T44/><D121/><U39/><AGARI ba="0,2" hai="7,8,14,17,22,26,39,41,45,53,59,63,78,79" machi="39" ten="20,3900,0" yaku="1,1,0,1,7,1,53,0" doraHai="102" doraHaiUra="65" who="1" fromWho="1" sc="198,-13,240,59,302,-13,240,-13" /><INIT seed="1,1,0,0,1,83" ten="185,299,289,227" oya="1" hai0="26,20,64,124,112,115,89,48,47,29,92,86,12" hai1="45,81,56,118,43,60,105,75,70,18,16,122,14" hai2="120,15,59,93,5,77,13,69,62,7,99,117,73" hai3="22,88,85,134,82,110,126,46,116,131,113,25,100"/><U21/><E118/><V68/><F120/><W123/><G113/><T104/><D104/><U65/><E122/><V44/><F77/><W107/><G123/><T61/><D124/><U19/><E105/><V34/><F73/><W98/><G126/><T71/><REACH who="0" step="1"/><D12/><REACH who="0" ten="175,299,289,227" step="2"/><U17/><E70/><V1/><F15/><W72/><G116/><T133/><D133/><U6/><E6/><V96/><F13/><W28/><G134/><T121/><D121/><U52/><E65/><V109/><F7/><W97/><G131/><T119/><D119/><U3/><E3/><V35/><F5/><W95/><G110/><T127/><D127/><U125/><E125/><V63/><F109/><W111/><G111/><T87/><D87/><U42/><REACH who="1" step="1"/><E45/><REACH who="1" ten="175,289,289,227" step="2"/><V108/><F44/><W91/><G46/><T4/><D4/><U76/><AGARI ba="1,2" hai="14,16,17,18,19,21,42,43,52,56,60,75,76,81" machi="76" ten="30,12000,1" yaku="1,1,2,1,0,1,54,2,53,0" doraHai="83" doraHaiUra="27" who="1" fromWho="1" sc="175,-41,289,143,289,-41,227,-41" /><INIT seed="1,2,0,5,5,121" ten="134,432,248,186" oya="1" hai0="39,70,106,26,81,32,135,68,129,134,25,62,117" hai1="27,13,64,11,41,95,28,102,71,43,86,2,57" hai2="58,125,118,89,93,114,96,38,52,34,40,75,101" hai3="112,33,132,0,87,91,126,88,66,60,55,69,31"/><U48/><E2/><V104/><F118/><W110/><G112/><T92/><D117/><U7/><E71/><V116/><F116/><W12/><G0/><T67/><D106/><U30/><E30/><V9/><F125/><W73/><G126/><T98/><D39/><U77/><E77/><V122/><F34/><W94/><G73/><T47/><D129/><U44/><E43/><V4/><F75/><W131/><G132/><N who="0" m="50731" /><D32/><U23/><E86/><V3/><F114/><W115/><G115/><T97/><D68/><U124/><E124/><V78/><F78/><W79/><G79/><T80/><D47/><U107/><E107/><V45/><F122/><W17/><G131/><T46/><D46/><U20/><E20/><V53/><REACH who="2" step="1"/><F58/><REACH who="2" ten="134,432,238,186" step="2"/><W127/><G33/><T120/><D120/><U37/><E57/><V72/><F72/><W21/><G127/><T36/><D70/><U130/><E130/><V83/><F83/><W29/><G69/><T119/><D80/><U59/><E59/><V16/><F16/><W50/><G31/><T15/><D81/><U133/><E133/><V103/><F103/><W128/><G29/><T65/><D119/><U105/><E102/><V100/><F100/><W82/><G128/><T35/><D35/><U108/><E28/><V14/><F14/><W74/><G74/><T10/><D15/><U123/><E13/><V51/><F51/><W6/><G50/><T84/><D36/><U109/><E37/><V85/><AGARI ba="2,1" hai="3,4,9,38,40,45,52,53,85,89,93,96,101,104" machi="85" ten="20,5200,0" yaku="1,1,0,1,7,1,54,1,53,0" doraHai="121" doraHaiUra="22" who="2" fromWho="2" sc="134,-15,432,-28,238,68,186,-15" /><INIT seed="2,0,0,2,0,54" ten="119,404,306,171" oya="2" hai0="2,49,11,68,119,62,67,101,97,111,25,0,72" hai1="12,110,114,18,73,66,115,33,7,112,42,77,56" hai2="94,100,117,22,76,118,63,125,32,133,78,85,59" hai3="6,124,39,93,15,65,129,88,5,83,99,23,46"/><V75/><F32/><W134/><G134/><T109/><D72/><U29/><E42/><V107/><F133/><W3/><G129/><T80/><D119/><U44/><E44/><V34/><F34/><W53/><G3/><T126/><D126/><U20/><E77/><V21/><F125/><W64/><G124/><T51/><D80/><U122/><E73/><V36/><F36/><W58/><G39/><T102/><D102/><U87/><E87/><V113/><F113/><W104/><G46/><T91/><D91/><U55/><E66/><N who="3" m="25706" /><G83/><T14/><D25/><U47/><E47/><V69/><F69/><W61/><G104/><T38/><D38/><U81/><E81/><N who="2" m="45215" /><F78/><W89/><G89/><T50/><D2/><U120/><E33/><V105/><F105/><W131/><G131/><T45/><D0/><U70/><E70/><V132/><F132/><W26/><G15/><T95/><REACH who="0" step="1"/><D45/><REACH who="0" ten="109,404,306,171" step="2"/><U103/><E114/><V1/><F1/><W106/><G106/><T74/><D74/><U135/><E112/><V48/><F107/><W96/><G96/><T4/><AGARI ba="0,1" hai="4,11,14,49,50,51,62,67,68,95,97,101,109,111" machi="4" ten="30,4000,0" yaku="1,1,0,1,53,1" doraHai="54" doraHaiUra="60" who="0" fromWho="0" sc="109,50,404,-10,306,-20,171,-10" /><INIT seed="3,0,0,5,5,31" ten="159,394,286,161" oya="3" hai0="112,21,129,105,16,108,60,64,22,135,114,90,126" hai1="124,106,13,70,63,68,53,6,119,128,120,122,40" hai2="0,27,36,82,92,89,50,133,46,33,35,17,18" hai3="109,37,15,66,95,102,1,2,11,14,81,117,25"/><W121/><G117/><T87/><D105/><U8/><E106/><V78/><F36/><W101/><G121/><T83/><D108/><U67/><E70/><V113/><F0/><W32/><G37/><T125/><D135/><U80/><E40/><V54/><F113/><N who="0" m="43626" /><D129/><U57/><E128/><V94/><F94/><W96/><G109/><T7/><D7/><U123/><E124/><N who="0" m="47721" /><D16/><U12/><E119/><V110/><F110/><W3/><G66/><T42/><D42/><U28/><E28/><V41/><F54/><W43/><G43/><T47/><D47/><U51/><E13/><V134/><F18/><W111/><G111/><T86/><D87/><U103/><E122/><V74/><F17/><W9/><G15/><T115/><N who="0" m="43634" /><T62/><DORA hai="59" /><D62/><U24/><E120/><V73/><F73/><W56/><G14/><T88/><D90/><U79/><E123/><V84/><F27/><W30/><G101/><T104/><D104/><U34/><E103/><V98/><F84/><W4/><G9/><T100/><D100/><U107/><E107/><V93/><F93/><W91/><REACH who="3" step="1"/><G56/><AGARI ba="0,0" hai="21,22,56,60,64,83,86,88" m="47721,43634" machi="56" ten="40,8000,1" yaku="11,1,18,1,52,1,54,1" doraHai="31,59" who="0" fromWho="3" sc="159,80,394,0,286,0,161,-80" /><INIT seed="4,0,0,1,5,63" ten="239,394,286,81" oya="0" hai0="120,79,82,34,116,107,10,38,11,78,18,96,77" hai1="134,42,31,92,32,86,21,105,24,127,115,126,1" hai2="80,121,112,99,132,45,5,35,2,128,88,129,98" hai3="135,8,110,133,124,20,19,22,49,104,68,58,55"/><T118/><D120/><U60/><E105/><V62/><F121/><W56/><G104/><T3/><D34/><U59/><E1/><V12/><F2/><W94/><G110/><T91/><D38/><U70/><E70/><V26/><F112/><W75/><G68/><T41/><D41/><U67/><E134/><N who="3" m="51210" /><G75/><T23/><D107/><U64/><E115/><V37/><F5/><W122/><G122/><T46/><D46/><U54/><E42/><V9/><F37/><W51/><G124/><N who="1" m="47658" /><E32/><V83/><F45/><W85/><G8/><N who="0" m="3115" /><D3/><U111/><E111/><V130/><F132/><W65/><G51/><T113/><D113/><U52/><E54/><V4/><F62/><N who="3" m="38087" /><G19/><T93/><D116/><U66/><E52/><V72/><F72/><W131/><G131/><T84/><D118/><U16/><E16/><V28/><F98/><W87/><G94/><AGARI ba="0,0" hai="4,9,12,26,28,35,80,83,88,94,99,128,129,130" machi="94" ten="40,2600,0" yaku="19,1,54,1" doraHai="63" who="2" fromWho="3" sc="239,0,394,0,286,26,81,-26" /><INIT seed="5,0,0,2,2,47" ten="239,394,312,55" oya="1" hai0="72,98,130,102,122,5,75,91,63,13,132,134,109" hai1="15,79,125,52,120,121,45,43,18,44,112,90,41" hai2="40,103,117,21,16,61,0,101,26,12,115,39,66" hai3="65,105,124,92,126,24,64,11,49,106,129,57,70"/><U93/><E79/><V71/><F0/><W118/><G129/><T84/><D109/><U46/><E112/><V48/><F39/><W34/><G118/><T111/><D111/><U123/><E125/><N who="3" m="48234" /><G70/><T85/><D130/><U27/><E27/><V77/><F77/><W104/><G92/><T73/><D63/><U2/><E2/><V60/><F115/><W20/><G11/><T36/><D36/><U87/><E15/><V74/><F74/><W128/><G34/><T76/><D13/><U89/><E18/><V22/><F61/><W59/><G128/><T67/><D67/><N who="3" m="25673" /><G49/><T80/><D5/><U95/><REACH who="1" step="1"/><E52/><REACH who="1" ten="239,384,312,55" step="2"/><V88/><F26/><W83/><G83/><N who="0" m="49599" /><D122/><U135/><E135/><N who="0" m="51753" /><D73/><U53/><E53/><V51/><F12/><W19/><AGARI ba="0,1" hai="19,20,24,57,59,104,105,106" m="25673,48234" machi="19" ten="40,1500,0" yaku="18,1" doraHai="47" who="3" fromWho="3" sc="239,-4,384,-7,312,-4,55,25" /><INIT seed="6,0,0,4,2,134" ten="235,377,308,80" oya="2" hai0="131,79,31,37,58,95,127,11,65,129,100,62,119" hai1="50,59,64,19,60,86,71,45,29,133,7,120,98" hai2="3,20,17,36,103,51,117,108,24,121,78,74,46" hai3="10,87,122,68,67,83,41,80,128,114,70,94,13"/><V21/><F117/><W92/><G122/><T69/><D37/><U54/><E133/><V4/><F108/><W96/><G128/><N who="0" m="49227" /><D119/><U49/><E120/><V135/><F135/><W76/><G114/><T18/><D31/><U75/><E75/><V104/><F121/><W22/><G94/><T116/><D79/><U107/><E7/><V55/><F36/><W43/><G22/><T44/><D44/><U16/><E29/><V97/><F21/><W99/><G99/><N who="0" m="59519" /><D116/><U53/><E86/><V28/><F28/><W34/><G34/><T38/><D38/><U84/><E84/><V63/><F63/><W81/><G81/><T102/><D102/><U14/><E98/><V77/><REACH who="2" step="1"/><F74/><REACH who="2" ten="235,377,298,80" step="2"/><W27/><G10/><AGARI ba="0,1" hai="3,4,10,17,20,24,46,51,55,77,78,97,103,104" machi="10" ten="40,7700,0" yaku="1,1,2,1,53,1" doraHai="134" doraHaiUra="33" who="2" fromWho="3" sc="235,0,377,0,298,87,80,-77" /><INIT seed="6,1,0,4,0,105" ten="235,377,385,3" oya="2" hai0="73,30,84,49,86,95,91,70,108,76,56,41,134" hai1="61,89,92,54,55,97,100,9,38,87,75,7,58" hai2="130,118,66,116,67,104,39,96,53,63,117,11,50" hai3="2,60,59,93,68,47,42,112,82,132,127,12,33"/><V123/><F39/><W6/><G33/><T35/><D108/><U14/><E38/><V22/><F123/><W13/><G68/><T10/><D70/><U26/><E26/><V78/><F130/><W45/><G132/><T125/><D125/><U3/><E75/><V90/><F78/><W110/><G110/><T28/><D134/><U24/><E24/><V102/><F22/><W77/><G127/><T48/><D35/><U65/><E3/><V5/><F90/><W37/><G112/><T18/><D73/><U1/><E1/><V64/><F63/><W85/><G93/><AGARI ba="1,0" hai="7,9,14,54,55,58,61,65,87,89,92,93,97,100" machi="93" ten="30,2000,0" yaku="7,1,8,1" doraHai="105" who="1" fromWho="3" sc="235,0,377,23,385,0,3,-23" owari="235,-16.5,400,50.0,385,18.5,-20,-52.0" /></mjloggm>