<mjloggm ver="2.3"><GO type="169" lobby="0"/><UN n0="%E3%82%B0%E3%83%B3%E3%83%80%E3%83%AA%E3%83%BC" n1="%E3%82%B4%E3%83%BC%E3%83%AB%E3%83%89%E3%82%B7%E3%83%83%E3%83%97" n2="%E3%83%90%E3%83%AA%E3%83%88%E3%83%B3" n3="%E3%81%84%E3%81%B6%E3%81%A6%E3%81%84%32%30" dan="19,16,17,16" rate="2295.38,2115.09,2244.05,2059.32" sx="M,M,M,M"/><TAIKYOKU oya="0"/><INIT seed="0,0,0,2,2,43" ten="250,250,250,250" oya="0" hai0="19,56,71,29,106,16,25,73,50,63,22,1,24" hai1="9,38,54,44,59,133,101,21,111,129,6,75,34" hai2="10,18,42,46,36,114,53,124,69,95,7,40,49" hai3="11,45,118,52,127,61,17,48,108,70,135,113,67"/><T12/><D73/><U31/><E129/><V33/><F114/><W100/><G113/><T26/><D106/><U51/><E133/><V8/><F124/><W130/><G118/><T62/><D1/><U125/><E125/><V102/><F33/><W112/><G112/><T92/><D71/><U15/><E111/><V76/><F69/><W122/><G127/><T132/><D132/><U85/><E101/><V78/><F18/><W82/><G135/><T97/><D29/><U128/><E128/><V98/><F42/><W81/><G130/><T5/><D5/><U115/><E75/><V72/><F10/><W121/><G108/><T96/><D96/><U93/><E34/><V37/><F72/><W35/><G35/><T110/><D110/><U99/><E85/><V74/><F74/><W134/><G134/><T104/><D104/><U91/><E38/><V90/><F102/><W4/><G17/><T117/><D117/><U14/><E115/><V116/><F37/><W64/><G64/><T103/><REACH who="0" step="1"/><D19/><REACH who="0" ten="240,250,250,250" step="2"/><N who="1" m="10495" /><E31/><V13/><REACH who="2" step="1"/><F116/><REACH who="2" ten="240,250,240,250" step="2"/><W88/><G100/><T123/><D123/><U27/><E27/><V30/><F30/><W28/><G28/><T83/><D83/><U87/><E99/><V109/><F109/><W89/><G82/><T105/><D105/><U3/><E3/><V47/><AGARI ba="0,2" hai="7,8,13,36,40,46,47,49,53,76,78,90,95,98" machi="47" ten="20,8000,1" yaku="1,1,0,1,7,1,52,2,53,0" doraHai="43" doraHaiUra="119" who="2" fromWho="2" sc="240,-40,250,-20,240,100,250,-20" /><INIT seed="1,0,0,5,4,61" ten="200,230,340,230" oya="1" hai0="29,14,90,86,42,135,66,122,80,74,120,108,60" hai1="72,118,55,63,31,107,124,34,113,71,103,16,22" hai2="47,37,7,125,78,82,100,32,18,19,53,121,88" hai3="123,115,11,13,8,133,110,6,104,132,73,21,43"/><U99/><E118/><V46/><F121/><N who="0" m="46698" /><D108/><U62/><E113/><V70/><F125/><W130/><G123/><T75/><D135/><N who="3" m="51785" /><G115/><T126/><D126/><U12/><E124/><V67/><F32/><W10/><G73/><T111/><D111/><U85/><E72/><V94/><F100/><W114/><G104/><T57/><D29/><U127/><E127/><V97/><F7/><W128/><G43/><T105/><D105/><U93/><E55/><V134/><F134/><W1/><G114/><T52/><D42/><U45/><E45/><V35/><F35/><W41/><G41/><T28/><D28/><U64/><E63/><V96/><F96/><W109/><G109/><T20/><D52/><U119/><E119/><V117/><F37/><W26/><G110/><T68/><D68/><U4/><E4/><V54/><F54/><W2/><G10/><T81/><D80/><U131/><E131/><N who="3" m="50218" /><G11/><T69/><D69/><U95/><REACH who="1" step="1"/><E85/><REACH who="1" ten="200,220,340,230" step="2"/><N who="2" m="48343" /><F117/><W48/><G48/><T83/><D75/><U58/><E58/><V112/><F112/><W59/><G59/><T101/><D74/><U50/><E50/><V39/><F47/><W106/><G106/><T56/><D57/><U92/><E92/><V30/><F53/><W49/><G49/><T77/><D56/><U89/><E89/><V27/><F46/><W36/><G36/><T129/><D129/><U98/><E98/><V38/><F39/><W15/><G2/><T102/><D90/><U76/><E76/><V91/><F38/><W51/><G51/><T33/><D77/><U84/><E84/><V40/><F91/><RYUUKYOKU ba="0,1" sc="200,-15,220,15,340,-15,230,15" hai1="12,16,22,31,34,62,64,71,93,95,99,103,107" hai3="1,6,8,13,15,21,26" /><INIT seed="1,1,1,4,2,81" ten="185,235,325,245" oya="1" hai0="131,90,47,96,133,45,2,103,132,14,134,118,28" hai1="60,20,27,46,106,69,6,128,73,88,23,31,135" hai2="48,102,43,3,92,72,86,105,62,121,19,64,125" hai3="34,33,122,99,15,37,123,93,104,115,21,57,35"/><U58/><E106/><V75/><F121/><W77/><G115/><T5/><D2/><U10/><E73/><V11/><F105/><W1/><G1/><T107/><D118/><U89/><E69/><V17/><F125/><W109/><G104/><T129/><D28/><U70/><E70/><V120/><F120/><W116/><G37/><T76/><D76/><U0/><E135/><V119/><F19/><W63/><G109/><T36/><D90/><U59/><E128/><N who="0" m="49225" /><D36/><U41/><E23/><V91/><F102/><W55/><G116/><T67/><D67/><U8/><E10/><AGARI ba="1,1" hai="5,10,14,45,47,96,103,107,132,133,134" m="49225" machi="10" ten="40,2600,0" yaku="20,1,19,1" doraHai="81" who="0" fromWho="1" sc="185,39,235,-29,325,0,245,0" /><INIT seed="2,0,0,1,2,18" ten="224,206,325,245" oya="2" hai0="25,129,46,38,59,81,62,70,63,106,66,48,88" hai1="133,130,102,87,64,6,39,89,125,117,110,107,12" hai2="122,3,73,4,32,97,60,13,16,91,114,115,45" hai3="103,1,94,57,74,52,36,132,47,22,9,14,78"/><V109/><F122/><W131/><G131/><T79/><D129/><U41/><E130/><V23/><F73/><W111/><G111/><T127/><D127/><U28/><E110/><V55/><F109/><W20/><G132/><T90/><D106/><U105/><E102/><V126/><F32/><W83/><G103/><T104/><D104/><U67/><E125/><V35/><F35/><W29/><G29/><T80/><D38/><U68/><E117/><V42/><F126/><W93/><G93/><T8/><D8/><U33/><E6/><V2/><F55/><W49/><G94/><T120/><D120/><U51/><E39/><V135/><F60/><W71/><G71/><T24/><D24/><U116/><E12/><V37/><F135/><W98/><G98/><T10/><D10/><U92/><E116/><V7/><F7/><N who="3" m="1263" /><G14/><T31/><D63/><U95/><E92/><V5/><F5/><W69/><G69/><T77/><D81/><U27/><E67/><V34/><F34/><W108/><G108/><T121/><D70/><U21/><E33/><V54/><F4/><W26/><G26/><T43/><D121/><U44/><REACH who="1" step="1"/><E133/><REACH who="1" ten="224,196,325,245" step="2"/><V99/><F3/><W11/><G11/><T75/><REACH who="0" step="1"/><D79/><REACH who="0" ten="214,196,325,245" step="2"/><U113/><E113/><V96/><F2/><W124/><G124/><T76/><D76/><U30/><E30/><V84/><F115/><W128/><G128/><T58/><D58/><U17/><E17/><V65/><F114/><W61/><G36/><T100/><D100/><U86/><E86/><V85/><F37/><W50/><G78/><T134/><D134/><RYUUKYOKU ba="0,2" sc="214,15,196,15,325,-15,245,-15" hai0="25,31,43,46,48,59,62,66,75,77,80,88,90" hai1="21,27,28,41,44,51,64,68,87,89,95,105,107" /><INIT seed="3,1,2,0,0,27" ten="229,211,310,230" oya="3" hai0="104,72,24,9,61,78,28,84,14,37,103,99,46" hai1="85,105,117,115,7,121,120,1,30,90,96,132,56" hai2="33,130,125,92,101,47,22,66,44,19,134,118,135" hai3="38,12,8,32,6,79,112,62,83,18,63,52,0"/><W13/><G112/><T21/><D72/><U93/><E115/><V82/><F33/><W36/><G32/><T107/><D61/><U45/><E132/><N who="2" m="50731" /><F118/><W108/><G108/><T88/><D78/><U50/><E56/><V16/><F66/><W126/><G126/><T17/><D37/><U29/><E117/><V68/><F68/><W10/><G0/><T94/><REACH who="0" step="1"/><D46/><REACH who="0" ten="219,211,310,230" step="2"/><U58/><E121/><V60/><F60/><W59/><REACH who="3" step="1"/><G63/><REACH who="3" ten="219,211,310,220" step="2"/><T49/><D49/><U127/><E120/><V81/><F125/><W51/><G51/><T67/><D67/><U55/><E127/><V109/><F109/><W40/><G40/><T71/><D71/><U48/><E48/><V34/><F47/><W116/><G116/><T89/><D89/><U23/><E45/><V86/><F44/><W31/><G31/><T11/><D11/><U77/><E23/><V39/><F22/><W2/><G2/><T128/><D128/><U65/><E65/><V35/><F130/><W97/><G97/><T91/><D91/><U70/><E70/><V119/><F34/><W106/><G106/><AGARI ba="1,4" hai="9,14,17,21,24,28,84,88,94,99,103,104,106,107" machi="106" ten="30,7700,0" yaku="1,1,7,1,52,1,54,1,53,0" doraHai="27" doraHaiUra="54" who="0" fromWho="3" sc="219,120,211,0,310,0,220,-80" /><INIT seed="4,0,0,5,3,21" ten="339,211,310,140" oya="0" hai0="12,34,25,35,93,32,38,68,16,69,10,134,47" hai1="75,87,123,129,14,121,67,49,115,95,24,96,53" hai2="126,91,127,52,79,62,7,119,76,18,103,51,23" hai3="55,1,19,92,27,42,99,31,118,20,89,4,105"/><T112/><D112/><U48/><E75/><V111/><F111/><W100/><G118/><T70/><D134/><U46/><E115/><V56/><F119/><W117/><G117/><T28/><REACH who="0" step="1"/><D93/><REACH who="0" ten="329,211,310,140" step="2"/><U131/><E123/><V3/><F127/><W86/><G42/><AGARI ba="0,1" hai="10,12,16,25,28,32,34,35,38,42,47,68,69,70" machi="42" ten="40,12000,1" yaku="1,1,2,1,52,1,54,1,53,0" doraHai="21" doraHaiUra="77" who="0" fromWho="3" sc="329,130,211,0,310,0,140,-120" /><INIT seed="4,1,0,2,1,33" ten="459,211,310,20" oya="0" hai0="40,88,75,99,106,72,78,12,48,29,133,56,76" hai1="20,32,81,112,30,130,14,132,63,9,105,60,126" hai2="36,21,5,103,118,70,13,125,117,23,82,43,39" hai3="26,108,68,124,87,37,113,25,83,19,52,90,102"/><T89/><D29/><U110/><E81/><V116/><F125/><W111/><G37/><N who="2" m="14409" /><F43/><W73/><G68/><T101/><D12/><U129/><E105/><V46/><F46/><W58/><G124/><T11/><D11/><U54/><E126/><V98/><F70/><W22/><G113/><T51/><D56/><U7/><E110/><V91/><F5/><W135/><G135/><T2/><D133/><U74/><E74/><N who="0" m="28201" /><D48/><U16/><E132/><V64/><F64/><W121/><G121/><T44/><D51/><U86/><E86/><N who="2" m="50647" /><F13/><W8/><G102/><T47/><D40/><U6/><E7/><V15/><F15/><W97/><G97/><T38/><D47/><U27/><E112/><V17/><F17/><W115/><G115/><T49/><D49/><U134/><E134/><V85/><F85/><W41/><G8/><T55/><D44/><U61/><REACH who="1" step="1"/><E54/><REACH who="1" ten="459,201,310,20" step="2"/><V119/><F118/><W100/><G108/><T131/><D55/><U42/><E42/><V4/><F4/><W127/><G41/><T50/><D106/><AGARI ba="1,1" hai="21,23,98,103,106,116,117,119" m="50647,14409" machi="106" ten="40,1300,0" yaku="12,1" doraHai="33" who="2" fromWho="0" sc="459,-16,201,0,310,26,20,0" /><INIT seed="5,0,0,0,2,70" ten="443,201,336,20" oya="1" hai0="135,25,30,94,126,43,72,11,87,121,64,38,76" hai1="19,91,108,75,33,44,41,12,111,79,132,113,1" hai2="21,88,129,54,134,98,34,68,22,45,26,71,93" hai3="10,120,73,37,131,80,106,31,58,20,78,114,3"/><U9/><E33/><V100/><F34/><W116/><G120/><T109/><D109/><N who="1" m="42059" /><E132/><V117/><F117/><W101/><G114/><T130/><D94/><U86/><E113/><V124/><F124/><W28/><G131/><T13/><D87/><U96/><E96/><V105/><F129/><W2/><G116/><T122/><D64/><U55/><E1/><V5/><F5/><W48/><G101/><T110/><D110/><U36/><E75/><V8/><F8/><W85/><G106/><T7/><D72/><U95/><E79/><V81/><F22/><W62/><G48/><T29/><D76/><U83/><E55/><V74/><F134/><W118/><G73/><T17/><D135/><U84/><E86/><V47/><F81/><AGARI ba="0,0" hai="9,12,19,36,41,44,81,83,84,91,95" m="42059" machi="81" ten="30,2900,0" yaku="10,1,52,1" doraHai="70" who="1" fromWho="2" sc="443,0,201,29,336,-29,20,0" /><INIT seed="5,1,0,3,0,75" ten="443,230,307,20" oya="1" hai0="55,87,102,90,0,12,63,5,37,128,28,120,108" hai1="77,15,88,124,123,19,62,69,70,126,107,101,82" hai2="112,49,2,93,99,38,58,20,42,64,26,80,121" hai3="76,114,22,109,133,29,39,52,57,113,111,125,95"/><U73/><E123/><V110/><F110/><W83/><G39/><T132/><D108/><U78/><E101/><V103/><F2/><W51/><G125/><N who="1" m="48234" /><E107/><V105/><F121/><W117/><G133/><T4/><D102/><U97/><E97/><V66/><F112/><N who="3" m="43115" /><G117/><T50/><D5/><U91/><E77/><V6/><F6/><W118/><G118/><T54/><D4/><U86/><E62/><V119/><F38/><W100/><G100/><T135/><D63/><U13/><E13/><V32/><F32/><W8/><G8/><T106/><D12/><U53/><E53/><V67/><F119/><W96/><G95/><T131/><D106/><U116/><E116/><V130/><F105/><W98/><G109/><T7/><D132/><U30/><E30/><V79/><F42/><W23/><G111/><T92/><D28/><U71/><E73/><V43/><F43/><W45/><G45/><T1/><D135/><U85/><E85/><V10/><F103/><W11/><G11/><AGARI ba="1,0" hai="11,15,19,69,70,71,78,82,86,88,91" m="48234" machi="11" ten="40,7700,0" yaku="18,1,52,1,54,1" doraHai="75" who="1" fromWho="3" sc="443,0,230,80,307,0,20,-80" owari="443,54.3,310,11.0,307,-9.3,-60,-56.0" /></mjloggm>