<mjloggm ver="2.3"><GO type="169" lobby="0"/><UN n0="%E3%81%9D%E3%81%B5%E3%81%81%E3%82%82%E3%82%93" n1="%47%75%72%65%6E%6E" n2="%E8%BE%9B%E5%8F%A3%E3%82%AB%E3%83%AC%E3%83%BC%E3%83%A9%E3%82%A4%E3%82%B9" n3="%E3%83%A2%E3%82%A4%E3%83%92%E3%83%A3%E3%83%B3" dan="17,16,16,17" rate="2218.79,2094.03,2128.14,2165.29" sx="M,M,M,M"/><TAIKYOKU oya="0"/><INIT seed="0,0,0,5,0,120" ten="250,250,250,250" oya="0" hai0="71,86,131,117,67,25,107,31,20,114,42,118,119" hai1="64,100,74,56,13,103,89,70,97,72,73,55,41" hai2="38,49,98,37,106,15,24,23,99,10,32,109,5" hai3="61,113,112,63,123,95,34,102,14,88,129,92,22"/><T116/><D114/><U3/><E3/><V133/><F133/><W58/><G34/><T53/><D107/><U87/><E41/><V35/><F35/><W105/><G123/><T62/><D131/><U135/><E135/><V30/><F109/><W45/><G105/><T104/><D104/><U125/><E125/><V27/><F49/><W69/><G129/><T46/><N who="0" m="29696" /><DORA hai="93" /><T132/><D132/><U33/><E33/><V43/><F106/><W7/><G45/><T91/><D53/><U84/><E64/><V134/><F134/><W75/><G75/><T4/><D4/><U108/><E70/><V66/><F66/><W11/><G22/><T77/><D77/><U110/><E13/><V80/><F80/><W28/><G28/><T76/><D76/><U26/><E26/><V44/><REACH who="2" step="1"/><F38/><REACH who="2" ten="250,250,240,250" step="2"/><W78/><G112/><T54/><D54/><U2/><E55/><V36/><F36/><W124/><G113/><T94/><REACH who="0" step="1"/><D46/><REACH who="0" ten="240,250,240,250" step="2"/><U121/><E121/><V16/><AGARI ba="0,2" hai="5,10,15,16,23,24,27,30,32,37,43,44,98,99" machi="16" ten="20,12000,2" yaku="1,1,0,1,7,1,52,2,54,1,53,0" doraHai="120,93" doraHaiUra="83,57" who="2" fromWho="2" sc="240,-60,250,-30,240,140,250,-30" /><INIT seed="1,0,0,2,1,87" ten="180,220,380,220" oya="1" hai0="27,134,40,39,103,95,34,127,75,68,102,5,55" hai1="135,43,15,52,78,72,89,105,77,13,123,0,23" hai2="94,114,101,115,1,65,133,57,112,71,116,125,37" hai3="10,119,97,60,33,49,59,90,4,124,22,132,129"/><U45/><E123/><V8/><F116/><W99/><G33/><T73/><D68/><U20/><E0/><V11/><F37/><W83/><G119/><T85/><D127/><U98/><E135/><V12/><F133/><W100/><G132/><T120/><D120/><U35/><E35/><V82/><F71/><W30/><G124/><T69/><D5/><U31/><E72/><V84/><F125/><W113/><G113/><T17/><D39/><U126/><E126/><V62/><F1/><W19/><G49/><T108/><D40/><U93/><E105/><V121/><F121/><W3/><G30/><T48/><D69/><U79/><E43/><V96/><REACH who="2" step="1"/><F12/><REACH who="2" ten="180,220,370,220" step="2"/><N who="1" m="4681" /><E31/><V2/><F2/><W130/><G3/><T64/><D134/><U56/><E45/><V54/><F54/><W7/><G130/><T118/><D55/><U53/><E53/><V122/><F122/><W107/><G129/><T46/><D46/><U106/><E106/><V29/><F29/><W25/><G107/><T81/><D118/><U26/><E26/><V70/><F70/><W6/><G25/><T61/><D27/><U16/><E16/><V128/><F128/><W21/><G19/><T80/><D17/><U14/><N who="1" m="4689" /><U131/><DORA hai="92" /><E131/><V74/><F74/><W86/><G7/><T109/><D73/><U111/><E111/><V110/><F110/><W117/><G117/><T58/><D75/><U32/><E32/><V104/><F104/><W38/><G6/><T47/><D109/><U42/><E42/><V66/><F66/><W24/><G4/><T50/><D108/><RYUUKYOKU ba="0,1" sc="180,-15,220,15,370,15,220,-15" hai1="20,23,52,56,77,78,79,89,93,98" hai2="8,11,57,62,65,82,84,94,96,101,112,114,115" /><INIT seed="1,1,1,1,1,102" ten="165,235,385,205" oya="1" hai0="18,81,84,116,34,82,26,130,71,69,98,30,33" hai1="62,85,51,129,120,114,134,50,36,39,106,94,27" hai2="38,57,104,97,111,78,8,17,100,75,125,48,65" hai3="103,1,70,76,19,61,56,113,109,12,87,124,79"/><U41/><E120/><V20/><F38/><W63/><G109/><T37/><D37/><U123/><E123/><V53/><F111/><W23/><G113/><T54/><D116/><U21/><E114/><V77/><F125/><W133/><G124/><T4/><D130/><U40/><E134/><V31/><F75/><W101/><G133/><T90/><D34/><U105/><E129/><V122/><F122/><W24/><G1/><T86/><D4/><U99/><E85/><V5/><F31/><W72/><G72/><T112/><D112/><U119/><E119/><V88/><F65/><W60/><G70/><T35/><D35/><U93/><E21/><V110/><F110/><W6/><G56/><T126/><D126/><U95/><E95/><V14/><REACH who="2" step="1"/><F88/><REACH who="2" ten="165,235,375,205" step="2"/><W43/><G79/><T44/><D90/><U59/><E62/><V67/><F67/><W55/><G63/><T28/><D30/><U29/><E29/><V16/><F16/><W46/><G19/><T22/><D18/><U132/><E132/><V49/><F49/><W58/><G61/><T92/><D33/><U52/><E27/><AGARI ba="1,2" hai="5,8,14,17,20,27,48,53,57,77,78,97,100,104" machi="27" ten="30,7700,0" yaku="1,1,7,1,52,1,53,1" doraHai="102" doraHaiUra="15" who="2" fromWho="1" sc="165,0,235,-80,375,100,205,0" /><INIT seed="2,0,0,4,2,87" ten="165,155,475,205" oya="2" hai0="79,15,37,28,9,135,81,73,26,66,10,22,116" hai1="121,0,38,117,127,55,60,88,71,54,5,11,114" hai2="69,77,29,82,40,80,128,41,133,106,111,4,8" hai3="36,95,50,108,21,12,35,27,59,16,102,48,129"/><V96/><F133/><W25/><G36/><T65/><D135/><U132/><E132/><V45/><F128/><W100/><G129/><T7/><D116/><U39/><E117/><V32/><F69/><W1/><G1/><T64/><D37/><U33/><E114/><V34/><F29/><W6/><G108/><T78/><D78/><U53/><E33/><V67/><F67/><W17/><G6/><T14/><REACH who="0" step="1"/><D65/><REACH who="0" ten="155,155,475,205" step="2"/><U72/><E121/><V134/><F77/><W84/><G35/><T24/><D24/><U101/><E127/><V2/><F34/><W13/><G27/><T42/><D42/><U51/><E38/><V110/><F41/><W23/><G25/><T57/><D57/><U97/><E39/><V86/><F32/><W90/><G59/><T113/><D113/><U109/><E109/><V58/><F58/><W98/><REACH who="3" step="1"/><G102/><REACH who="3" ten="155,155,475,195" step="2"/><T89/><D89/><U76/><E88/><N who="2" m="51271" /><F134/><W130/><G130/><T93/><D93/><AGARI ba="0,2" hai="12,13,16,17,21,23,48,50,84,90,93,95,98,100" machi="93" ten="30,16000,3" yaku="1,1,7,1,9,1,8,1,52,1,54,1,53,2" doraHai="87" doraHaiUra="19" who="3" fromWho="0" sc="155,-160,155,0,475,0,195,180" owari="-5,-50.5,155,-24.5,475,57.5,375,17.5" /></mjloggm>