<mjloggm ver="2.3"><GO type="169" lobby="0"/><UN n0="%E6%96%B9%E5%86%86%E8%87%AA%E5%9C%A8" n1="%70%61%77%61" n2="%73%61%6E%64%69%72%69%73" n3="%E6%9C%A8%E5%8E%9F%E8%B1%AA%E4%B8%80" dan="17,18,17,17" rate="2170.34,2301.68,2170.07,2145.38" sx="M,M,M,M"/><TAIKYOKU oya="0"/><INIT seed="0,0,0,3,1,48" ten="250,250,250,250" oya="0" hai0="97,47,55,6,62,128,114,34,117,32,132,20,35" hai1="18,100,70,63,50,127,88,121,17,11,122,66,21" hai2="92,115,67,134,61,108,0,85,87,89,40,65,54" hai3="16,105,130,72,120,93,12,116,68,59,118,25,96"/><T133/><D114/><U24/><E127/><V26/><F115/><W1/><G68/><T7/><D117/><U52/><E100/><V112/><F0/><W64/><G1/><T109/><D128/><U22/><E11/><V57/><F112/><W33/><G72/><T84/><D109/><U94/><E21/><V43/><F108/><W99/><G130/><T14/><D97/><U29/><E122/><V56/><F134/><N who="0" m="51818" /><D84/><U80/><E80/><V82/><F26/><W111/><G99/><T8/><D20/><U79/><E79/><V135/><F135/><W83/><G83/><T75/><D75/><U101/><E101/><V31/><F31/><W53/><G64/><T76/><D76/><U74/><E74/><V58/><F67/><W91/><G105/><T41/><D41/><N who="2" m="15946" /><F65/><W44/><G120/><T106/><D106/><U78/><E78/><AGARI ba="0,0" hai="54,56,57,58,61,78,82,85,87,89,92" m="15946" machi="78" ten="30,2000,0" yaku="8,1,52,1" doraHai="48" who="2" fromWho="1" sc="250,0,250,-20,250,20,250,0" /><INIT seed="1,0,0,3,4,115" ten="250,230,270,250" oya="1" hai0="112,4,35,27,17,65,79,80,119,86,113,131,74" hai1="90,5,133,120,22,43,34,41,94,95,14,96,73" hai2="64,116,36,118,58,16,111,47,13,92,126,91,18" hai3="44,101,8,21,9,129,124,97,19,130,109,31,76"/><U114/><E114/><V39/><F111/><W10/><G76/><T98/><D131/><U105/><E120/><V46/><F126/><W99/><G31/><T25/><D119/><U132/><E34/><V102/><F102/><W127/><G44/><T52/><D65/><U100/><E73/><V42/><F18/><W134/><G99/><T32/><D4/><U2/><E2/><V12/><F12/><W1/><G1/><T59/><D98/><U50/><E95/><V24/><F24/><W108/><G97/><T71/><D71/><U30/><E50/><V122/><F122/><W110/><G101/><T87/><D17/><N who="1" m="10551" /><E30/><V15/><F15/><N who="3" m="9471" /><G134/><N who="1" m="51818" /><E5/><V38/><F58/><W121/><G121/><T28/><D113/><U53/><E53/><V81/><F81/><W48/><G48/><T67/><D67/><U89/><E89/><V6/><F6/><W55/><G55/><T75/><D75/><U57/><E57/><V72/><F72/><W66/><G66/><T83/><D112/><U88/><E90/><V37/><F47/><W77/><G77/><N who="0" m="46351" /><D74/><U123/><E123/><V7/><F7/><W103/><G103/><T49/><D35/><U23/><E23/><V135/><F64/><W11/><G11/><T62/><D49/><U40/><E40/><V60/><F135/><W68/><G68/><T26/><D32/><U56/><E56/><V70/><F70/><W107/><G107/><T45/><D28/><U33/><E33/><V51/><N who="2" m="9216" /><DORA hai="29" /><V3/><F3/><W61/><G61/><N who="0" m="36071" /><D45/><U63/><E63/><AGARI ba="0,0" hai="25,26,27,62,63,79,83,87" m="36071,46351" machi="63" ten="30,2000,0" yaku="8,1,54,1" doraHai="115,29" who="0" fromWho="1" sc="250,20,230,-20,270,0,250,0" /><INIT seed="2,0,0,2,0,131" ten="270,210,270,250" oya="2" hai0="95,88,132,74,12,109,89,31,67,65,97,19,10" hai1="14,106,121,105,75,82,58,116,8,72,79,107,4" hai2="125,120,110,63,36,55,18,56,123,27,78,113,124" hai3="96,69,23,102,93,38,94,100,85,6,21,28,126"/><V90/><F78/><W76/><G126/><N who="2" m="48745" /><F90/><W37/><G69/><T70/><D109/><U9/><E116/><V129/><F18/><W0/><G0/><T57/><D132/><U46/><E121/><N who="2" m="46667" /><F27/><W30/><G85/><T117/><D70/><U130/><E130/><V5/><F5/><W71/><G71/><T13/><D117/><U52/><E46/><V83/><F83/><W127/><G127/><T1/><D74/><U15/><E75/><V59/><F129/><W39/><G39/><T66/><D1/><U101/><E101/><V81/><F81/><W103/><G103/><T92/><D31/><U62/><REACH who="1" step="1"/><E107/><REACH who="1" ten="270,200,270,250" step="2"/><V26/><F113/><W51/><G102/><N who="0" m="60711" /><D57/><U86/><E86/><V29/><F59/><W48/><G100/><T61/><D95/><U80/><E80/><V54/><F110/><W50/><G94/><T24/><D89/><U17/><AGARI ba="0,1" hai="4,8,9,14,15,17,52,58,62,72,79,82,105,106" machi="17" ten="20,5200,0" yaku="1,1,0,1,7,1,54,1,53,0" doraHai="131" doraHaiUra="68" who="1" fromWho="1" sc="270,-13,200,62,270,-26,250,-13" /><INIT seed="3,0,0,4,2,50" ten="257,262,244,237" oya="3" hai0="65,42,67,38,106,13,69,101,82,75,43,20,58" hai1="21,129,52,15,76,31,23,46,70,5,81,78,56" hai2="34,2,130,51,62,128,0,16,1,112,132,135,121" hai3="28,109,120,10,87,22,55,64,6,57,33,108,8"/><W32/><G120/><T19/><D69/><U117/><E70/><V89/><F89/><W115/><G115/><T61/><D67/><U48/><E129/><N who="2" m="49771" /><F62/><W103/><G64/><T119/><D119/><U96/><E117/><V45/><F112/><W88/><G22/><N who="1" m="8202" /><E31/><V118/><F118/><W24/><G33/><T94/><D106/><U93/><E81/><V124/><F34/><W105/><G105/><T73/><D38/><U114/><E114/><V98/><F98/><W86/><G103/><T54/><D65/><U95/><E95/><V49/><F121/><W100/><G100/><T72/><REACH who="0" step="1"/><D82/><REACH who="0" ten="247,262,244,237" step="2"/><U91/><E56/><V36/><F36/><W123/><G123/><T12/><D12/><U133/><E133/><V92/><F92/><W99/><G57/><T4/><D4/><U74/><E74/><V35/><F135/><W40/><G6/><T80/><D80/><U111/><E111/><V77/><F132/><W131/><G109/><T7/><D7/><U125/><E125/><V122/><F124/><W68/><G68/><T11/><D11/><AGARI ba="0,1" hai="5,11,15,46,48,52,76,78,91,93,96" m="8202" machi="11" ten="30,3900,0" yaku="8,1,52,1,54,1" doraHai="50" who="1" fromWho="0" sc="247,-39,262,49,244,0,237,0" /><INIT seed="4,0,0,3,4,9" ten="208,311,244,237" oya="0" hai0="46,61,86,49,66,97,124,95,1,29,99,117,5" hai1="73,25,78,53,20,8,129,31,39,38,13,33,126" hai2="113,79,109,3,19,128,93,96,70,132,52,108,45" hai3="35,91,10,119,65,87,85,115,14,32,64,111,104"/><T89/><D117/><U62/><E126/><V130/><F70/><W56/><G111/><T120/><D124/><U105/><E105/><V4/><F79/><W18/><G119/><T57/><D120/><U58/><E129/><N who="2" m="49771" /><F113/><W75/><G75/><T67/><D67/><U36/><E78/><V21/><F132/><W24/><G104/><T71/><D71/><U112/><E73/><V43/><F4/><W40/><G40/><T101/><D29/><U123/><E112/><V102/><F3/><W42/><G42/><T16/><D16/><U125/><E125/><V28/><F28/><W51/><G87/><T114/><D114/><U59/><E123/><V81/><F81/><W7/><G35/><T50/><D46/><U133/><E133/><V34/><F34/><W44/><G56/><T98/><REACH who="0" step="1"/><D101/><REACH who="0" ten="198,311,244,237" step="2"/><U68/><E68/><V131/><F131/><W48/><G115/><T41/><D41/><U11/><E59/><V92/><F43/><W110/><G65/><T23/><D23/><U107/><E107/><V84/><F19/><W127/><G127/><T6/><D6/><U94/><E33/><V121/><F21/><N who="3" m="13367" /><G32/><T88/><D88/><U106/><E106/><V27/><F121/><W77/><G44/><T72/><D72/><U47/><E47/><V60/><F45/><W82/><G110/><T83/><D83/><U15/><REACH who="1" step="1"/><E94/><REACH who="1" ten="198,301,244,237" step="2"/><V116/><F116/><W122/><G122/><T17/><D17/><U69/><E69/><V134/><F93/><W54/><G77/><T37/><D37/><U103/><E103/><V63/><F102/><W118/><G118/><RYUUKYOKU ba="0,2" sc="198,15,301,15,244,-15,237,-15" hai0="1,5,49,50,57,61,66,86,89,95,97,98,99" hai1="8,11,13,15,20,25,31,36,38,39,53,58,62" /><INIT seed="4,1,2,3,0,132" ten="213,316,229,222" oya="0" hai0="46,90,25,68,51,13,87,113,93,123,22,81,57" hai1="92,5,17,114,41,7,109,72,126,95,106,96,6" hai2="121,19,102,1,122,70,85,37,56,23,65,94,135" hai3="63,99,31,21,116,0,83,16,36,105,18,134,120"/><T61/><D123/><U98/><E109/><V91/><F135/><W88/><G116/><T103/><D113/><U62/><E72/><V34/><F34/><W110/><G110/><T26/><D68/><U49/><E106/><V97/><F37/><W48/><G36/><T54/><D103/><U64/><E114/><V53/><F1/><W117/><G0/><T14/><D81/><U74/><E74/><V30/><F30/><W128/><G117/><T8/><D22/><U50/><E126/><V108/><F65/><W84/><G134/><T44/><D44/><U133/><E17/><V75/><F75/><W58/><G48/><N who="1" m="18538" /><E41/><V125/><F125/><W60/><G60/><T129/><D129/><U52/><E64/><V47/><F47/><W131/><G31/><T67/><REACH who="0" step="1"/><D14/><REACH who="0" ten="203,316,229,222" step="2"/><U2/><E2/><V39/><F70/><W127/><G120/><T20/><D20/><U100/><E133/><V15/><F108/><W76/><G21/><T33/><D33/><U35/><E35/><V40/><F121/><W112/><G112/><T59/><D59/><N who="1" m="35175" /><E100/><V11/><F122/><W42/><G131/><T45/><D45/><U10/><E10/><V43/><F11/><W24/><G128/><T78/><D78/><U82/><E82/><N who="2" m="49591" /><F39/><W77/><G77/><T73/><D73/><U28/><E28/><V80/><F80/><W66/><G76/><T79/><D79/><U32/><E32/><V124/><F124/><W111/><G127/><T107/><D107/><U118/><E118/><V4/><F4/><AGARI ba="1,3" hai="4,8,13,25,26,46,51,54,57,61,67,87,90,93" machi="4" ten="30,5800,0" yaku="1,1,7,1,8,1,53,0" doraHai="132" doraHaiUra="101" who="0" fromWho="2" sc="203,91,316,0,229,-61,222,0" /><INIT seed="4,2,0,1,4,46" ten="294,316,168,222" oya="0" hai0="23,116,135,13,21,122,90,132,42,56,50,129,34" hai1="117,133,63,49,14,113,5,65,74,130,96,119,58" hai2="7,72,93,75,82,124,53,89,131,109,81,99,125" hai3="12,107,115,18,20,134,55,127,30,70,10,88,110"/><T71/><D71/><U31/><E74/><N who="2" m="28203" /><F53/><W91/><G110/><T2/><D116/><U0/><E0/><V26/><F26/><W36/><G107/><T98/><D122/><U61/><E130/><V16/><F7/><W101/><G101/><T112/><D112/><U60/><E133/><N who="0" m="51273" /><D34/><U62/><E113/><V97/><F16/><W8/><G36/><T28/><D2/><U24/><E96/><N who="2" m="36939" /><F109/><W121/><G121/><T86/><D98/><U43/><E14/><V35/><F35/><W29/><G70/><T114/><D129/><U76/><E5/><V67/><F67/><W9/><G115/><T104/><D104/><U40/><E76/><V17/><F17/><W59/><G127/><N who="2" m="48713" /><F131/><W94/><G134/><T27/><D114/><U92/><E31/><N who="3" m="11786" /><G94/><N who="0" m="54615" /><D42/><U126/><E126/><V103/><F103/><W44/><G44/><T73/><D73/><U3/><E43/><V48/><F48/><AGARI ba="2,0" hai="8,9,10,12,18,20,48,55,59,88,91" m="11786" machi="48" ten="30,3900,0" yaku="8,1,52,1,54,1" doraHai="46" who="3" fromWho="2" sc="294,0,316,0,168,-45,222,45" /><INIT seed="5,0,0,0,1,4" ten="294,316,123,267" oya="1" hai0="97,59,45,99,82,89,118,110,30,34,115,47,107" hai1="28,113,17,42,54,16,128,129,38,76,80,5,72" hai2="37,41,49,21,60,32,25,68,86,95,102,0,111" hai3="18,48,26,87,134,81,79,74,63,92,126,125,71"/><U133/><E113/><V55/><F111/><W56/><G71/><T19/><D118/><U31/><E133/><V132/><F132/><W73/><G134/><T10/><D110/><U8/><E54/><V127/><F127/><N who="3" m="48651" /><G48/><T52/><D115/><U40/><E31/><V53/><F37/><W131/><G131/><N who="1" m="50250" /><E28/><V51/><F32/><W77/><G77/><T3/><D3/><N who="1" m="63" /><E42/><V123/><F41/><W69/><G69/><T117/><D30/><U105/><E105/><V62/><F68/><W90/><G26/><T94/><D107/><U91/><E91/><V120/><F55/><N who="3" m="34207" /><G18/><T23/><D34/><U39/><E39/><V27/><F53/><W114/><G114/><T101/><D117/><U93/><E93/><V9/><F95/><W106/><G106/><T78/><D94/><U20/><E20/><V65/><F21/><W103/><G103/><T121/><D23/><U100/><E100/><V135/><F102/><W50/><G50/><T75/><D101/><U58/><E58/><V88/><F51/><W1/><G1/><T11/><D59/><U84/><E84/><AGARI ba="0,0" hai="73,74,79,81,84,87,90,92" m="34207,48651" machi="84" ten="30,1000,0" yaku="18,1" doraHai="4" who="3" fromWho="1" sc="294,0,316,-10,123,0,267,10" /><INIT seed="6,0,0,2,1,59" ten="294,306,123,277" oya="2" hai0="5,1,27,49,126,48,89,33,85,79,29,105,11" hai1="62,60,94,65,46,128,36,45,80,35,104,107,72" hai2="64,34,108,125,14,50,112,61,130,106,41,52,84" hai3="134,47,7,10,42,21,101,0,69,103,131,76,66"/><V32/><F106/><W124/><G124/><T83/><D126/><U110/><E110/><V2/><F2/><W55/><G134/><T26/><D105/><U114/><E35/><V18/><F125/><W95/><G131/><T102/><D102/><U129/><E94/><V63/><F41/><W118/><G55/><T54/><D27/><U3/><E3/><V120/><F120/><W16/><G118/><T70/><D70/><N who="1" m="42279" /><E62/><N who="2" m="23563" /><F34/><W122/><G76/><T68/><D68/><U132/><E114/><V30/><F32/><W88/><G66/><T58/><D49/><U99/><E132/><V96/><F130/><N who="1" m="50281" /><E36/><V57/><F112/><W6/><G6/><T116/><D79/><N who="1" m="44135" /><E107/><V91/><F108/><W78/><G78/><T22/><REACH who="0" step="1"/><D33/><REACH who="0" ten="284,306,123,277" step="2"/><U81/><E81/><N who="2" m="49551" /><F64/><W15/><G69/><T109/><D109/><U38/><E38/><V92/><F30/><W127/><G127/><T119/><AGARI ba="0,1" hai="1,5,11,22,26,29,48,54,58,83,85,89,116,119" machi="119" ten="30,2000,0" yaku="1,1,0,1,53,0" doraHai="59" doraHaiUra="71" who="0" fromWho="0" sc="284,30,306,-5,123,-10,277,-5" /><INIT seed="7,0,0,1,2,69" ten="314,301,113,272" oya="3" hai0="102,55,47,12,70,59,111,65,120,31,128,53,49" hai1="123,91,76,34,38,64,40,8,109,41,127,126,124" hai2="30,82,122,118,17,50,5,78,33,103,97,110,84" hai3="133,15,9,35,93,89,74,19,80,3,20,96,75"/><W85/><G133/><T83/><D111/><U60/><E109/><V54/><F110/><W61/><G35/><T2/><D2/><U119/><E123/><V88/><F118/><W107/><G107/><T106/><D120/><U117/><E34/><V46/><F122/><W62/><G3/><T114/><D128/><U48/><E76/><V132/><F132/><W52/><G75/><T26/><D114/><U99/><E48/><V67/><F33/><W58/><G74/><T131/><D131/><U87/><E99/><V0/><F0/><W32/><G32/><T116/><D116/><N who="1" m="44619" /><E8/><V42/><F67/><W25/><G62/><T43/><D83/><N who="1" m="49663" /><E38/><V72/><F30/><N who="3" m="17703" /><G80/><T51/><D51/><U4/><E4/><V73/><F5/><W36/><G36/><T135/><D49/><U39/><E39/><V24/><F24/><W44/><G44/><T10/><D47/><U121/><E121/><V18/><F73/><W125/><G125/><T28/><D26/><U63/><E63/><V77/><F42/><W134/><G134/><T104/><D43/><U100/><E100/><V45/><F45/><W14/><G96/><T7/><D104/><U130/><E130/><V16/><REACH who="2" step="1"/><F72/><REACH who="2" ten="314,301,103,272" step="2"/><W113/><G15/><T37/><D7/><U98/><E40/><V66/><F66/><W13/><G13/><T27/><D135/><U21/><E41/><V56/><F56/><W115/><G115/><T1/><D1/><U105/><E127/><V94/><AGARI ba="0,1" hai="16,17,18,46,50,54,77,78,82,84,88,94,97,103" machi="94" ten="30,8000,1" yaku="1,1,0,1,8,1,54,2,53,0" doraHai="69" doraHaiUra="57" who="2" fromWho="2" sc="314,-20,301,-20,103,90,272,-40" /><INIT seed="8,0,0,3,4,82" ten="294,281,193,232" oya="0" hai0="15,73,11,110,109,45,125,33,48,75,119,61,28" hai1="89,105,121,39,83,126,115,135,8,55,113,58,50" hai2="77,34,19,26,44,35,29,114,38,53,118,31,90" hai3="46,80,22,40,124,134,18,98,100,107,24,128,72"/><T97/><D119/><U0/><E121/><V112/><F90/><W23/><G128/><T65/><D97/><U49/><E39/><V81/><F19/><W54/><G134/><T85/><D85/><N who="1" m="50367" /><E105/><V133/><F133/><W13/><G124/><T30/><D75/><U76/><E76/><V123/><F123/><W116/><G116/><T101/><D73/><U103/><E103/><V52/><F118/><W66/><G66/><T21/><D21/><U122/><E122/><V59/><F31/><W16/><G54/><N who="0" m="29967" /><D33/><U27/><E27/><V71/><F35/><W120/><G120/><T96/><D125/><U51/><E126/><V9/><F9/><W108/><G108/><N who="0" m="41579" /><D15/><U130/><E130/><V87/><F71/><W88/><G72/><T74/><D74/><U93/><E93/><V67/><F67/><W10/><G10/><T14/><D14/><U127/><E127/><V32/><F32/><W117/><G117/><T131/><D11/><U20/><E20/><V60/><REACH who="2" step="1"/><F53/><REACH who="2" ten="294,281,183,232" step="2"/><W47/><G40/><AGARI ba="0,1" hai="26,29,34,38,40,44,52,59,60,77,81,87,112,114" machi="40" ten="40,8000,1" yaku="1,1,2,1,52,1,54,1,53,1" doraHai="82" doraHaiUra="70" who="2" fromWho="3" sc="294,0,281,0,183,90,232,-80" /><INIT seed="9,0,0,4,3,75" ten="294,281,273,152" oya="1" hai0="16,132,34,52,19,74,123,86,72,64,36,76,55" hai1="5,11,32,84,43,39,77,24,124,102,120,63,21" hai2="71,89,91,133,33,70,7,131,18,126,109,23,27" hai3="35,37,1,82,125,28,113,103,54,57,85,104,48"/><U3/><E120/><V42/><F109/><W50/><G1/><T122/><D34/><U134/><E124/><V78/><F126/><W38/><G125/><T117/><D36/><U58/><E134/><V116/><F133/><W20/><G113/><T45/><D117/><U8/><E32/><V41/><F116/><W98/><G35/><T90/><D76/><U112/><E112/><V95/><F131/><W93/><G104/><T25/><D64/><U81/><E102/><V118/><F118/><W101/><G101/><T44/><D25/><U53/><E3/><V59/><F71/><W46/><G28/><T13/><D132/><U87/><E87/><V68/><F68/><W12/><G20/><N who="0" m="11279" /><D19/><U88/><E77/><V6/><F70/><W129/><G12/><T65/><D65/><U61/><E5/><V105/><F105/><W79/><REACH who="3" step="1"/><G129/><REACH who="3" ten="294,281,273,142" step="2"/><T56/><D123/><U67/><E21/><V121/><F23/><W4/><G4/><T9/><D122/><U130/><E130/><V73/><F121/><W135/><G135/><T15/><D15/><U30/><E30/><V49/><F6/><W100/><G100/><T99/><D9/><U2/><E8/><V51/><F7/><W31/><G31/><T80/><D44/><N who="1" m="23679" /><E11/><V92/><F33/><W66/><G66/><T96/><D45/><U114/><E2/><V127/><F127/><W22/><G22/><T14/><D14/><U107/><E114/><V94/><F27/><W119/><G119/><T60/><D55/><AGARI ba="0,1" hai="37,38,46,48,50,54,55,57,79,82,85,93,98,103" machi="55" ten="30,3900,0" yaku="1,1,7,1,52,1,53,0" doraHai="75" doraHaiUra="10" who="3" fromWho="0" sc="294,-39,281,0,273,0,142,49" /><INIT seed="10,0,0,2,3,114" ten="255,281,273,191" oya="2" hai0="15,70,13,76,119,54,96,2,97,28,113,84,57" hai1="105,0,4,26,83,69,53,17,107,77,85,66,103" hai2="32,101,125,29,135,25,1,39,130,81,42,92,49" hai3="10,91,27,124,112,106,31,90,131,71,127,109,78"/><V129/><F1/><W87/><G109/><T20/><D2/><U61/><E103/><V128/><F135/><W99/><G71/><T133/><D70/><U23/><REACH who="1" step="1"/><E53/><REACH who="1" ten="255,271,273,191" step="2"/><V89/><F101/><N who="3" m="62783" /><G112/><T11/><D54/><U108/><E108/><V126/><F39/><W88/><G131/><T21/><D113/><U62/><E62/><V65/><F65/><W38/><G38/><T73/><D133/><U93/><E93/><V95/><F81/><N who="3" m="49263" /><G78/><T55/><D55/><U67/><E67/><V63/><F63/><W9/><G90/><T56/><D76/><U121/><E121/><V79/><F79/><W74/><G91/><T47/><D73/><U98/><E98/><N who="2" m="57615" /><F95/><W123/><G74/><T22/><D97/><U19/><E19/><V115/><F115/><W59/><G123/><T35/><D96/><U104/><E104/><V80/><F80/><W51/><G51/><T72/><D72/><U41/><E41/><V8/><F8/><AGARI ba="0,1" hai="0,4,8,17,23,26,61,66,69,77,83,85,105,107" machi="8" ten="40,1300,0" yaku="1,1,53,0" doraHai="114" doraHaiUra="43" who="1" fromWho="2" sc="255,0,271,23,273,-13,191,0" /><INIT seed="11,0,0,3,1,121" ten="255,294,260,191" oya="3" hai0="114,8,90,125,98,68,91,103,60,70,5,50,132" hai1="29,10,33,24,17,80,123,101,67,42,93,0,118" hai2="38,56,15,111,21,53,102,46,6,124,87,107,28" hai3="133,105,31,134,108,37,16,109,76,32,97,61,73"/><W85/><G37/><T115/><D132/><N who="3" m="50793" /><G73/><T18/><D18/><U2/><E123/><V120/><F111/><N who="3" m="42571" /><G61/><T12/><D50/><U127/><E67/><V1/><F120/><W119/><G119/><T62/><D62/><U63/><E63/><V25/><F38/><W22/><G32/><T55/><D55/><U54/><E54/><V20/><F53/><W19/><G31/><T135/><D125/><U14/><E29/><V100/><F124/><W69/><G69/><N who="0" m="26731" /><D60/><U27/><E33/><V83/><F28/><W66/><G66/><T116/><D116/><U122/><E122/><V96/><F56/><W59/><G59/><T11/><D11/><U95/><E10/><V58/><F58/><W117/><G117/><T82/><D135/><U112/><E112/><N who="0" m="43049" /><D82/><U65/><E80/><V84/><F83/><N who="3" m="47335" /><G22/><T110/><D110/><U30/><E30/><V3/><F21/><W57/><G57/><T88/><D91/><U48/><E65/><V35/><F20/><W51/><G51/><T41/><D41/><U23/><E42/><V4/><F35/><W94/><G105/><AGARI ba="0,0" hai="5,8,12,88,90,98,103,105" m="43049,26731" machi="105" ten="30,2000,0" yaku="11,1,54,1" doraHai="121" who="0" fromWho="3" sc="255,20,294,0,260,0,191,-20" owari="275,7.5,294,39.4,260,-14.0,171,-32.9" /></mjloggm>