<mjloggm ver="2.3"><GO type="169" lobby="0"/><UN n0="%54%53%4D%2D%30%37" n1="%4D%41%4B%30%31%30%34" n2="%6C%75%6E%61%32%33%34%35" n3="%E3%81%9F%E3%81%8B%E3%81%AF%E3%81%97%E3%81%83%E3%81%83%E3%81%83" dan="16,17,16,16" rate="2031.28,2179.40,2098.85,2133.53" sx="M,M,F,M"/><TAIKYOKU oya="0"/><INIT seed="0,0,0,1,4,29" ten="250,250,250,250" oya="0" hai0="128,10,100,77,5,124,119,62,46,129,14,69,59" hai1="92,87,21,89,32,17,48,118,31,27,113,41,8" hai2="83,135,76,73,99,16,37,121,115,110,35,65,122" hai3="91,33,11,79,134,70,94,102,2,84,0,132,131"/><T13/><D69/><U47/><E113/><V23/><F115/><W75/><G70/><T72/><D119/><U116/><REACH who="1" step="1"/><E8/><REACH who="1" ten="250,240,250,250" step="2"/><V88/><F121/><W61/><G11/><T66/><D128/><U7/><E7/><V81/><F122/><W45/><G131/><T24/><D129/><U64/><E64/><V85/><F65/><W93/><G132/><T49/><D10/><U28/><E28/><V38/><F135/><W111/><G134/><T133/><D5/><U74/><E74/><V42/><F110/><W9/><G9/><T126/><D133/><U1/><E1/><V95/><F42/><W15/><G75/><T127/><D72/><U57/><E57/><V30/><F30/><W114/><G111/><T82/><D59/><U101/><E101/><V98/><F35/><W125/><G33/><T56/><D100/><U108/><E108/><V26/><REACH who="2" step="1"/><F99/><REACH who="2" ten="250,240,240,250" step="2"/><W68/><G114/><T4/><D124/><U58/><E58/><V51/><F51/><W36/><G125/><T86/><D126/><U22/><E22/><V106/><F106/><W67/><G67/><T104/><D104/><U117/><E117/><V60/><F60/><W12/><G61/><T109/><D109/><U50/><E50/><V123/><F123/><W90/><G0/><T34/><D127/><U97/><E97/><V18/><F18/><W78/><G2/><T80/><D4/><U40/><E40/><V39/><F39/><W43/><G36/><T55/><D34/><U53/><E53/><V6/><F6/><W63/><G43/><T107/><D107/><U96/><E96/><RYUUKYOKU ba="0,2" sc="250,-15,240,15,240,15,250,-15" hai1="17,21,27,31,32,41,47,48,87,89,92,116,118" hai2="16,23,26,37,38,73,76,81,83,85,88,95,98" /><INIT seed="1,1,2,1,1,67" ten="235,255,255,235" oya="1" hai0="16,8,134,46,92,59,15,108,102,57,127,44,31" hai1="82,27,89,130,132,19,85,81,20,83,114,91,53" hai2="68,48,118,10,110,41,14,97,80,11,39,35,23" hai3="51,60,116,124,66,65,34,104,56,63,71,125,40"/><U28/><E130/><V54/><F118/><W47/><G104/><T61/><D134/><U87/><E132/><V76/><F35/><W79/><G34/><T128/><D128/><U43/><E114/><V105/><F110/><W64/><G79/><T84/><D108/><U126/><E126/><N who="3" m="48746" /><G66/><T121/><D121/><U49/><E43/><V37/><F23/><W55/><G40/><T129/><D129/><U42/><E42/><V7/><F68/><W0/><G0/><T17/><D31/><U117/><E117/><V120/><BYE who="3" /><F120/><W122/><G122/><T2/><D2/><UN n3="%E3%81%9F%E3%81%8B%E3%81%AF%E3%81%97%E3%81%83%E3%81%83%E3%81%83" /><U32/><E81/><V38/><F10/><W93/><G93/><T3/><D3/><U107/><E107/><V101/><F41/><W9/><G9/><T26/><D127/><U90/><E89/><V1/><F1/><W112/><G116/><T115/><D115/><AGARI ba="1,2" hai="47,51,55,56,60,63,64,65,71,112,115" m="48746" machi="115" ten="30,7700,0" yaku="18,1,34,2,52,1" doraHai="67" who="3" fromWho="0" sc="235,-80,255,0,255,0,235,100" /><INIT seed="2,0,0,2,1,23" ten="155,255,255,335" oya="2" hai0="27,129,132,21,10,40,91,68,20,104,113,88,94" hai1="81,9,38,24,123,66,109,87,115,63,51,131,70" hai2="119,60,121,106,135,29,103,45,112,89,86,4,84" hai3="117,17,71,97,110,37,62,90,125,1,72,107,114"/><V30/><F112/><W76/><RYUUKYOKU type="yao9" ba="0,0" sc="155,0,255,0,255,0,335,0" hai3="1,17,37,62,71,72,76,90,97,107,110,114,117,125" /><INIT seed="2,1,0,5,2,39" ten="155,255,255,335" oya="2" hai0="26,19,119,84,70,112,53,69,73,91,126,41,56" hai1="33,17,0,110,92,62,125,72,8,61,54,77,9" hai2="99,5,25,14,86,57,23,124,42,127,18,120,49" hai3="35,22,80,4,45,116,95,107,94,132,63,30,85"/><V79/><F120/><W31/><G116/><T3/><D112/><U128/><E33/><V34/><F99/><W115/><G107/><T11/><D126/><N who="2" m="48170" /><F57/><W20/><G132/><T2/><D119/><U90/><E72/><V118/><F118/><W106/><G106/><T27/><D73/><U123/><E77/><V50/><F79/><W82/><G4/><T12/><D69/><U13/><E125/><V129/><F86/><W83/><G35/><T101/><D101/><U60/><E123/><V81/><F81/><W47/><G63/><T44/><D70/><U68/><E68/><V100/><F100/><W64/><G64/><T75/><D75/><U51/><E128/><V133/><F133/><W10/><G10/><T89/><D89/><U76/><E76/><V88/><F88/><W46/><G85/><T97/><D97/><U65/><E65/><V130/><F5/><W59/><G59/><T134/><D56/><U55/><E51/><N who="2" m="19467" /><F42/><W37/><G37/><T71/><D71/><U21/><E0/><V15/><F34/><W29/><G115/><T6/><D2/><U109/><E55/><V111/><F111/><N who="1" m="42505" /><E54/><V58/><F58/><W28/><N who="3" m="7168" /><DORA hai="74" /><W24/><G24/><T96/><D53/><U102/><E102/><V121/><F121/><W122/><G122/><T43/><D134/><U105/><E105/><V36/><F36/><W67/><G67/><T66/><D66/><U7/><E7/><V38/><F38/><W98/><G98/><AGARI ba="1,0" hai="8,9,13,17,21,60,61,62,90,92,98" m="42505" machi="98" ten="30,1000,0" yaku="14,1" doraHai="39,74" who="1" fromWho="3" sc="155,0,255,13,255,0,335,-13" /><INIT seed="3,0,0,1,4,23" ten="155,268,255,322" oya="3" hai0="18,78,8,3,16,4,127,42,44,24,108,19,87" hai1="135,132,63,98,115,120,105,60,118,65,131,54,5" hai2="29,37,95,48,58,43,82,126,109,94,47,40,39" hai3="32,70,22,97,104,133,62,28,56,99,121,116,81"/><W0/><G116/><T30/><D108/><U74/><E120/><V72/><F109/><W130/><G121/><T17/><D127/><U41/><E74/><V50/><F126/><W38/><G38/><T77/><N who="0" m="4096" /><DORA hai="123" /><T31/><D87/><U79/><E79/><V112/><F112/><W106/><G0/><T15/><D3/><U100/><E41/><V20/><F37/><W76/><G22/><T73/><D73/><U117/><E5/><V34/><F34/><W68/><G99/><T107/><D107/><U92/><E131/><V114/><F114/><W67/><G133/><N who="1" m="51274" /><E115/><V57/><F39/><W102/><G104/><T71/><D71/><N who="1" m="42407" /><E105/><V66/><F72/><W134/><G130/><T103/><D103/><U75/><E75/><V26/><F82/><W2/><G81/><T14/><D14/><U13/><E13/><V45/><F66/><W93/><G76/><T124/><D124/><U1/><E1/><V119/><F119/><W11/><G106/><T6/><D6/><U21/><E21/><V125/><F125/><W113/><G113/><T110/><D110/><U9/><E9/><V128/><F128/><W55/><G67/><T36/><REACH who="0" step="1"/><D31/><REACH who="0" ten="145,268,255,322" step="2"/><U91/><E100/><V83/><F83/><W90/><G102/><T53/><D53/><U33/><E118/><V49/><F94/><W80/><G80/><T69/><D69/><U25/><E117/><V129/><F95/><W96/><G134/><T10/><D10/><U12/><E54/><N who="2" m="29967" /><F129/><W7/><G96/><T111/><D111/><U64/><E98/><V27/><F27/><W35/><G28/><RYUUKYOKU ba="0,1" sc="145,10,268,-30,255,10,322,10" hai0="4,8,15,24,30,36,42,44,77,78" hai2="20,26,29,40,43,47,49,50,57,58" hai3="2,7,11,32,35,55,56,62,68,70,90,93,97" /><INIT seed="3,1,1,0,1,66" ten="155,238,265,332" oya="3" hai0="105,102,40,93,124,122,29,87,60,26,16,64,106" hai1="53,35,74,127,12,84,118,121,27,88,128,113,109" hai2="62,76,112,83,47,73,19,120,134,131,50,94,6" hai3="37,81,65,55,57,20,2,43,75,52,92,14,56"/><W1/><G65/><T3/><D122/><U97/><E113/><V129/><F112/><W100/><G43/><T4/><D124/><U89/><E74/><V95/><F120/><W96/><G37/><T103/><D40/><U101/><E121/><V15/><F134/><W80/><G1/><T111/><D111/><U5/><E109/><V24/><F24/><W63/><G2/><T54/><D54/><U86/><E128/><N who="2" m="49227" /><F6/><W33/><G33/><T114/><D114/><U71/><E53/><N who="2" m="29919" /><F62/><N who="3" m="36103" /><G75/><T110/><D4/><U125/><E118/><V104/><F104/><W98/><G98/><T44/><D3/><U91/><E35/><V36/><F36/><W49/><G49/><T72/><D72/><U10/><E27/><V69/><F69/><W46/><G46/><T21/><D44/><U41/><E41/><V9/><AGARI ba="1,1" hai="9,15,19,73,76,83,94,95" m="29919,49227" machi="9" ten="30,1100,0" yaku="19,1" doraHai="66" who="2" fromWho="2" sc="155,-4,238,-4,265,24,332,-6" /><INIT seed="4,0,0,4,3,32" ten="151,234,289,326" oya="0" hai0="105,2,72,57,36,112,108,53,27,115,78,0,48" hai1="132,90,84,120,133,87,86,102,80,110,134,38,75" hai2="42,9,47,117,31,101,41,12,79,77,56,89,8" hai3="61,99,23,11,109,92,131,100,83,16,43,81,54"/><T67/><D105/><U125/><E38/><V40/><F117/><W52/><G109/><T118/><D118/><U17/><E110/><V13/><F101/><W5/><G43/><T121/><D108/><U116/><E116/><V10/><F47/><W49/><G61/><T113/><D121/><U70/><E70/><V122/><F122/><W46/><G54/><T3/><D36/><U34/><E34/><V62/><F31/><W68/><G68/><T26/><D67/><U71/><E71/><V1/><F89/><W96/><G96/><T6/><D6/><U35/><E35/><V58/><F1/><W69/><G69/><T88/><D88/><U65/><E65/><V60/><F62/><W21/><G21/><T95/><D95/><U30/><E30/><V104/><F60/><W73/><G73/><T129/><D129/><U28/><E17/><V111/><F104/><W25/><G131/><T51/><D51/><U18/><E18/><V4/><F111/><W93/><G93/><T135/><D135/><U103/><E28/><V107/><F107/><W124/><G124/><T97/><D97/><U119/><E119/><V55/><F55/><W66/><G66/><T20/><D20/><U44/><E125/><V22/><F22/><W29/><G29/><T128/><D128/><U45/><E120/><V127/><F127/><W39/><G39/><T130/><D130/><U82/><E90/><V91/><F91/><W123/><G123/><T106/><D106/><U7/><E134/><V19/><F9/><W63/><G63/><T98/><D98/><U59/><E133/><RYUUKYOKU ba="0,0" sc="151,10,234,-30,289,10,326,10" hai0="0,2,3,26,27,48,53,57,72,78,112,113,115" hai2="4,8,10,12,13,19,40,41,42,56,58,77,79" hai3="5,11,16,23,25,46,49,52,81,83,92,99,100" /><INIT seed="4,1,0,4,4,56" ten="161,204,299,336" oya="0" hai0="129,97,132,72,131,40,5,119,124,120,41,101,68" hai1="112,69,57,59,1,82,34,54,19,28,126,63,96" hai2="12,89,24,29,39,64,114,66,44,35,107,116,93" hai3="92,14,123,105,37,83,7,20,100,4,31,51,134"/><T128/><D119/><U36/><E126/><V3/><F3/><W26/><G37/><T85/><D120/><U71/><E36/><V117/><F107/><W55/><G105/><T9/><D72/><U130/><E130/><V90/><F12/><W94/><G134/><T122/><D122/><U25/><E112/><V127/><F114/><W62/><G83/><T33/><D33/><U121/><E121/><V104/><F104/><W125/><G125/><T48/><D68/><U10/><E96/><V75/><F75/><W111/><G111/><T27/><D124/><U84/><E59/><V2/><F2/><W45/><G100/><T32/><D85/><U13/><REACH who="1" step="1"/><E1/><REACH who="1" ten="161,194,299,336" step="2"/><V30/><F39/><W16/><G123/><T109/><D109/><U65/><E65/><V95/><F64/><W53/><G4/><T77/><D132/><U102/><E102/><V52/><F66/><W38/><G7/><T74/><D97/><U15/><E15/><V23/><F127/><W110/><G38/><T80/><D101/><U133/><E133/><V42/><F116/><W18/><G14/><N who="0" m="5423" /><D48/><U61/><E61/><V8/><F117/><W79/><G110/><T91/><D91/><AGARI ba="1,1" hai="10,13,19,25,28,34,54,57,63,69,71,82,84,91" machi="91" ten="30,7700,0" yaku="1,1,7,1,52,1,53,1" doraHai="56" doraHaiUra="21" who="1" fromWho="0" sc="161,-80,194,90,299,0,336,0" /><INIT seed="5,0,0,1,1,29" ten="81,284,299,336" oya="1" hai0="104,55,73,96,42,1,124,26,74,102,101,10,24" hai1="77,18,61,51,19,52,50,38,111,41,131,23,85" hai2="11,33,99,110,44,27,16,69,37,72,108,103,92" hai3="47,65,122,112,32,28,46,45,62,116,4,36,86"/><U113/><E113/><V25/><F72/><W97/><G122/><T17/><D124/><U125/><E125/><V106/><F92/><W90/><G112/><T114/><D114/><U3/><E3/><V117/><F117/><W21/><G4/><T6/><D102/><U98/><E38/><V22/><F11/><W133/><G133/><T78/><D55/><U130/><E111/><V40/><REACH who="2" step="1"/><F69/><REACH who="2" ten="81,284,289,336" step="2"/><W35/><G116/><T56/><D10/><U0/><E131/><V64/><F64/><W123/><G65/><T75/><D73/><U70/><E130/><V109/><F109/><W7/><G123/><T54/><D74/><U93/><E70/><V20/><F20/><W81/><G21/><T9/><D75/><U48/><E23/><V39/><F39/><W67/><G36/><T134/><D134/><U128/><E128/><V76/><F76/><W57/><G67/><T126/><D78/><U88/><E41/><V107/><F107/><W63/><G81/><T5/><D126/><U43/><E43/><V79/><F79/><W60/><G90/><T121/><D121/><U34/><E34/><V95/><F95/><W83/><G32/><T87/><D42/><U94/><E77/><V115/><F115/><W14/><G35/><T132/><D132/><U8/><E8/><V127/><F127/><W129/><G83/><T68/><D68/><U31/><E0/><V49/><F49/><W15/><G129/><T59/><D1/><U135/><E135/><V66/><F66/><W30/><G60/><T105/><D9/><U82/><E61/><V89/><F89/><RYUUKYOKU ba="0,1" sc="81,-10,284,-10,289,30,336,-10" hai2="16,22,25,27,33,37,40,44,99,103,106,108,110" /><INIT seed="6,1,1,5,5,61" ten="71,274,319,326" oya="2" hai0="107,66,15,125,73,94,13,25,0,106,81,8,77" hai1="133,109,102,48,59,42,135,9,118,67,100,64,99" hai2="47,49,53,89,103,30,92,5,101,83,69,65,51" hai3="33,95,28,71,2,58,110,84,127,19,4,82,40"/><V57/><F69/><W56/><G71/><T87/><D125/><U22/><E109/><V115/><F115/><W46/><G110/><T132/><D132/><N who="1" m="50763" /><E118/><V26/><F5/><W16/><G127/><T14/><D25/><U41/><E9/><V52/><F83/><W134/><G134/><T54/><D54/><N who="1" m="32199" /><E22/><N who="2" m="15703" /><F65/><N who="1" m="25161" /><E102/><V121/><F121/><W79/><G33/><T21/><D21/><U44/><E44/><V29/><F29/><W32/><G28/><T124/><D124/><U108/><E108/><V36/><F36/><W117/><G46/><T24/><D8/><U63/><E63/><V123/><F123/><W96/><G32/><T90/><D0/><U131/><E131/><V50/><F50/><W120/><G2/><T74/><D24/><U105/><AGARI ba="1,1" hai="41,42,99,100,105" m="25161,32199,50763" machi="105" ten="30,7900,0" yaku="20,1,52,3" doraHai="61" who="1" fromWho="1" sc="71,-21,274,92,319,-40,326,-21" /><INIT seed="7,0,0,3,2,2" ten="50,366,279,305" oya="3" hai0="31,18,57,35,34,32,83,89,55,82,107,114,23" hai1="93,132,5,24,65,39,8,50,11,108,67,14,46" hai2="130,9,17,19,105,42,74,117,97,122,47,38,80" hai3="79,22,116,124,49,29,106,81,102,87,133,12,69"/><W85/><G116/><T63/><D107/><U52/><E108/><V84/><F117/><W86/><G69/><T111/><D111/><U44/><E132/><V15/><F130/><W131/><G133/><T128/><D128/><U0/><E24/><V119/><F119/><W75/><G131/><T88/><D31/><U95/><E39/><V115/><F115/><W90/><G124/><T53/><D114/><U104/><E104/><V56/><F122/><W41/><G41/><T25/><D55/><U64/><REACH who="1" step="1"/><E46/><REACH who="1" ten="50,356,279,305" step="2"/><V7/><F74/><W113/><G113/><T98/><REACH who="0" step="1"/><D89/><REACH who="0" ten="40,356,279,305" step="2"/><U27/><E27/><V59/><F105/><W40/><G90/><T112/><D112/><U45/><E45/><V36/><F38/><W28/><G106/><T126/><D126/><U73/><E73/><V60/><F97/><W62/><G75/><T54/><D54/><U30/><E30/><V94/><F94/><W26/><G29/><T127/><D127/><U48/><E48/><V103/><F103/><W135/><G102/><T99/><D99/><U66/><N who="1" m="16384" /><DORA hai="6" /><U1/><E1/><V71/><F71/><W92/><G92/><T120/><D120/><U3/><E3/><V61/><F47/><N who="3" m="25831" /><G135/><T76/><D76/><U134/><E134/><V129/><F129/><W109/><G109/><T68/><D68/><U21/><E21/><V118/><F36/><W20/><G62/><N who="2" m="24169" /><F118/><W110/><G110/><T96/><D96/><U72/><E72/><V37/><F37/><W13/><G22/><T70/><D70/><U100/><E100/><V51/><F51/><W101/><G101/><RYUUKYOKU ba="0,2" sc="40,10,356,10,279,-30,305,10" hai0="18,23,25,32,34,35,53,57,63,82,83,88,98" hai1="0,5,8,11,14,44,50,52,93,95" hai3="12,13,20,26,28,79,81,85,86,87" /><INIT seed="7,1,2,0,1,42" ten="50,366,249,315" oya="3" hai0="41,117,126,14,56,60,81,38,67,87,88,37,95" hai1="75,128,64,35,84,69,129,13,125,40,15,82,111" hai2="104,2,96,21,105,61,113,70,80,4,102,83,66" hai3="55,30,116,74,33,52,44,132,68,54,100,115,8"/><W91/><G116/><T120/><D117/><U108/><E125/><V29/><F113/><W134/><G115/><T65/><D126/><U25/><E40/><V58/><F104/><W45/><G68/><T62/><D120/><U71/><E75/><V103/><F102/><W73/><G100/><T47/><D14/><N who="1" m="5131" /><E25/><V39/><F39/><W49/><G8/><T50/><REACH who="0" step="1"/><D81/><REACH who="0" ten="40,366,249,315" step="2"/><U99/><E82/><V46/><F80/><W109/><G109/><T19/><D19/><U43/><E111/><V133/><F83/><W36/><G74/><T28/><D28/><U89/><E108/><V3/><F4/><W72/><G73/><T94/><D94/><U26/><E129/><V106/><F106/><W32/><G72/><T31/><D31/><U135/><E128/><V57/><F2/><W98/><G30/><T112/><D112/><U85/><E26/><V53/><F3/><W130/><G130/><T20/><D20/><U6/><E6/><V77/><F21/><W1/><G1/><T118/><D118/><U63/><E35/><V122/><F29/><W119/><G119/><T86/><D86/><U11/><E85/><V127/><F127/><W9/><G9/><T90/><D90/><U27/><E84/><V59/><F122/><W131/><G131/><T16/><D16/><U34/><E11/><V7/><F7/><W78/><G78/><T0/><D0/><U51/><E34/><N who="3" m="13418" /><G91/><T23/><D23/><U121/><E121/><V5/><F77/><W10/><G10/><T110/><D110/><U92/><E27/><V24/><F24/><W97/><G97/><RYUUKYOKU ba="1,3" sc="40,30,366,-10,249,-10,315,-10" hai0="37,38,41,47,50,56,60,62,65,67,87,88,95" owari="70,-43.0,386,48.6,239,-16.1,305,10.5" /></mjloggm>