<mjloggm ver="2.3"><GO type="169" lobby="0"/><UN n0="%E4%BA%BA%E7%8B%BC" n1="%42%65%6E%63%68%69%6E%67" n2="%E8%82%89%E5%9B%A3%E5%AD%90%E5%85%88%E7%94%9F" n3="%E7%8C%AA%E7%8B%A9%E5%AE%88" dan="16,17,16,17" rate="2043.81,2232.50,2063.22,2175.84" sx="M,M,M,M"/><TAIKYOKU oya="0"/><INIT seed="0,0,0,1,1,16" ten="250,250,250,250" oya="0" hai0="111,22,43,60,24,31,42,6,74,80,63,119,38" hai1="128,83,1,44,134,110,72,49,0,91,53,25,123" hai2="100,115,8,120,2,125,48,55,10,130,75,97,26" hai3="36,5,132,69,96,65,118,106,89,76,34,95,117"/><T71/><BYE who="3" /><D119/><U84/><E128/><V133/><F120/><W101/><G101/><T9/><D38/><U17/><E134/><UN n3="%E7%8C%AA%E7%8B%A9%E5%AE%88" /><V7/><F75/><W12/><G36/><T126/><D126/><U33/><E123/><V87/><F115/><W103/><G132/><T73/><D111/><U124/><E110/><V32/><F133/><W105/><G34/><T79/><D73/><U20/><E124/><V57/><F130/><W19/><G5/><T116/><D116/><U67/><E33/><V98/><F87/><W127/><G106/><T45/><D71/><U40/><E67/><V81/><F81/><W82/><G65/><T104/><D104/><U121/><E121/><V41/><F41/><W46/><G46/><T29/><D29/><U68/><E68/><V15/><F100/><W114/><G69/><T54/><D54/><U50/><REACH who="1" step="1"/><E72/><REACH who="1" ten="250,240,250,250" step="2"/><V39/><F125/><W28/><G127/><T109/><D109/><U66/><E66/><V51/><F32/><W21/><G114/><T14/><REACH who="0" step="1"/><D45/><AGARI ba="0,1" hai="0,1,17,20,25,40,44,45,49,50,53,83,84,91" machi="45" ten="30,3900,0" yaku="1,1,7,1,52,1,53,0" doraHai="16" doraHaiUra="27" who="1" fromWho="0" sc="250,-39,240,49,250,0,250,0" /><INIT seed="1,0,0,4,0,125" ten="211,289,250,250" oya="1" hai0="3,73,34,85,43,58,39,79,2,80,55,16,105" hai1="49,20,33,95,90,126,66,84,113,93,46,101,74" hai2="30,5,128,108,22,50,86,15,106,17,59,48,77" hai3="103,42,18,41,54,88,112,1,19,69,135,117,130"/><U21/><E126/><V28/><F108/><W98/><G112/><T87/><D105/><U107/><E33/><V102/><F106/><W97/><G1/><T11/><D34/><U83/><E113/><V124/><F102/><W61/><G135/><T47/><D3/><U82/><E66/><V35/><F124/><W27/><G117/><T75/><D75/><U6/><E6/><V96/><F96/><W0/><G0/><T111/><D111/><U89/><E107/><V52/><F5/><W94/><G130/><T65/><D65/><U122/><E122/><V9/><F128/><W45/><G69/><T57/><D57/><U116/><E101/><V29/><F35/><W131/><G131/><T132/><D132/><U4/><E4/><V31/><F31/><W60/><G42/><T120/><D120/><U56/><E56/><V99/><F99/><W67/><G54/><T78/><D78/><U23/><E74/><V25/><REACH who="2" step="1"/><F50/><REACH who="2" ten="211,289,240,250" step="2"/><N who="3" m="26927" /><G98/><T121/><D121/><U129/><E129/><V26/><F26/><W127/><G27/><T40/><D2/><U118/><E118/><V64/><F64/><W91/><G67/><T63/><REACH who="0" step="1"/><D40/><REACH who="0" ten="201,289,240,250" step="2"/><N who="1" m="24775" /><E116/><V44/><F44/><W119/><G119/><T72/><D72/><U53/><E53/><V38/><F38/><W32/><G32/><T71/><D71/><U81/><E84/><V8/><F8/><W109/><G109/><T114/><D114/><U70/><E70/><V12/><F12/><AGARI ba="0,2" hai="11,12,16,39,43,47,55,58,63,73,79,80,85,87" machi="12" ten="40,2600,0" yaku="1,1,54,1,53,0" doraHai="125" doraHaiUra="100" who="0" fromWho="2" sc="201,46,289,0,240,-26,250,0" /><INIT seed="2,0,0,5,4,19" ten="247,289,214,250" oya="2" hai0="125,98,100,113,104,124,97,81,31,111,37,29,90" hai1="59,28,36,116,50,63,87,39,4,2,13,12,33" hai2="68,112,135,23,118,55,65,14,110,133,80,69,107" hai3="109,117,105,83,30,128,76,129,15,78,62,130,121"/><V101/><F112/><W44/><G117/><T43/><D37/><U32/><E50/><V89/><F118/><W3/><G121/><T85/><D43/><U82/><E116/><V88/><F107/><W20/><G3/><T21/><D113/><U67/><E2/><V99/><F110/><W9/><G105/><T5/><D5/><U38/><E28/><V102/><F80/><W122/><G122/><T27/><D111/><U115/><E115/><V127/><F55/><W22/><G30/><N who="0" m="17775" /><D98/><U1/><E1/><V18/><F127/><AGARI ba="0,0" hai="29,31,81,85,90,97,100,104,124,125,127" m="17775" machi="127" ten="30,2000,0" yaku="18,1,52,1" doraHai="19" who="0" fromWho="2" sc="247,20,289,0,214,-20,250,0" /><INIT seed="3,0,0,2,3,99" ten="267,289,194,250" oya="3" hai0="23,37,11,12,43,47,31,124,133,58,14,86,4" hai1="64,130,35,45,66,59,98,125,53,30,22,73,96" hai2="84,16,52,128,27,127,101,7,13,118,132,106,100" hai3="129,9,122,70,62,55,111,41,103,48,121,119,115"/><W8/><G115/><T34/><D124/><U105/><E130/><V135/><F118/><W77/><G119/><T54/><D133/><N who="2" m="51274" /><F128/><W83/><G129/><T126/><D126/><U24/><E73/><V36/><F36/><W109/><G41/><T94/><D34/><U74/><E125/><V113/><F106/><W116/><G62/><T112/><D112/><U6/><E74/><V87/><F113/><W81/><G70/><T18/><D86/><N who="2" m="32810" /><F127/><W72/><G81/><T38/><D94/><U104/><E104/><V19/><F27/><W0/><G116/><T44/><D31/><U80/><E105/><V69/><F69/><W3/><G3/><T65/><D65/><U51/><E64/><V50/><F7/><W26/><G26/><T63/><D44/><U42/><E66/><V40/><F40/><W88/><G0/><T75/><D75/><U68/><E68/><V71/><F71/><W32/><G32/><T5/><D4/><U2/><E35/><V114/><F114/><W61/><G122/><T90/><D38/><U107/><E107/><V134/><N who="2" m="51282" /><V102/><DORA hai="79" /><F13/><W1/><G1/><T76/><D76/><U78/><E6/><V46/><AGARI ba="0,0" hai="16,19,46,50,52,100,101,102" m="32810,51282" machi="46" ten="50,12000,2" yaku="20,1,52,3,54,2" doraHai="99,79" who="2" fromWho="2" sc="267,-30,289,-30,194,120,250,-60" /><INIT seed="4,0,0,0,1,10" ten="237,259,314,190" oya="0" hai0="53,115,25,19,75,0,92,57,98,23,129,43,93" hai1="97,85,7,121,11,78,70,62,135,44,109,13,32" hai2="127,45,68,28,83,111,69,120,96,110,77,51,72" hai3="2,54,30,18,81,104,29,46,27,134,65,123,124"/><T12/><D115/><U84/><E121/><V125/><F120/><W114/><G104/><T17/><D129/><U9/><E32/><V126/><F28/><W112/><G2/><T86/><D0/><U95/><E135/><V79/><F96/><W118/><G65/><T6/><D75/><U82/><E109/><V64/><F77/><W117/><G81/><T31/><D43/><U90/><E44/><V47/><F47/><W58/><G58/><T99/><D6/><U133/><E133/><V60/><REACH who="2" step="1"/><F69/><REACH who="2" ten="237,259,304,190" step="2"/><W34/><G46/><T102/><D86/><U14/><E70/><V33/><F33/><W106/><G30/><T50/><REACH who="0" step="1"/><D12/><REACH who="0" ten="227,259,304,190" step="2"/><U3/><E85/><V89/><F89/><AGARI ba="0,2" hai="17,19,23,25,31,50,53,57,89,92,93,98,99,102" machi="89" ten="30,11600,0" yaku="1,1,2,1,7,1,8,1,53,0" doraHai="10" doraHaiUra="36" who="0" fromWho="2" sc="227,136,259,0,304,-116,190,0" /><INIT seed="4,1,0,1,0,49" ten="363,259,188,190" oya="0" hai0="61,98,73,10,22,66,90,1,124,8,21,69,31" hai1="15,5,89,30,116,121,132,32,123,135,114,62,16" hai2="106,99,45,100,78,77,65,7,50,38,134,0,81" hai3="109,126,91,133,85,74,113,28,26,6,82,107,42"/><T3/><D73/><U127/><E89/><V35/><F35/><W56/><G109/><T27/><D124/><U94/><E94/><V17/><F65/><W44/><G113/><T64/><D64/><U103/><E103/><V2/><F38/><W48/><G133/><N who="1" m="51274" /><E62/><V37/><F37/><W97/><G126/><T131/><D131/><U118/><E5/><V80/><F7/><W86/><G74/><T68/><D68/><U40/><E40/><V55/><F17/><W54/><G6/><T53/><D98/><U51/><E51/><V84/><REACH who="2" step="1"/><F134/><REACH who="2" ten="363,259,178,190" step="2"/><W110/><G110/><T63/><D66/><U102/><E127/><V9/><F9/><W117/><G117/><N who="1" m="45162" /><E114/><V36/><F36/><W122/><G122/><T12/><D10/><N who="1" m="6263" /><E102/><V79/><F79/><W24/><G91/><T101/><D90/><U115/><E115/><V57/><F57/><W93/><G56/><T11/><D101/><U41/><E41/><V104/><F104/><W111/><G107/><T108/><D69/><U130/><E130/><V119/><F119/><W120/><G42/><T33/><D11/><U76/><E76/><V72/><AGARI ba="1,1" hai="0,2,45,50,55,72,77,78,80,81,84,99,100,106" machi="72" ten="20,12000,2" yaku="1,1,0,1,7,1,52,1,53,2" doraHai="49" doraHaiUra="34" who="2" fromWho="2" sc="363,-61,259,-31,178,133,190,-31" /><INIT seed="5,0,0,1,3,68" ten="302,228,311,159" oya="1" hai0="63,61,131,22,73,120,98,33,52,39,13,113,10" hai1="114,25,24,41,115,44,16,88,74,123,27,135,29" hai2="18,19,64,69,112,108,81,6,99,48,130,37,100" hai3="83,56,65,7,97,71,96,133,117,50,40,5,36"/><U2/><E74/><V32/><F108/><W109/><G109/><T51/><D131/><U128/><E123/><V85/><F32/><W30/><G133/><T57/><D113/><N who="1" m="43019" /><E2/><V54/><F6/><W67/><G117/><T9/><D73/><U8/><E135/><V4/><F4/><W87/><G30/><T26/><D120/><U129/><E88/><V59/><F130/><N who="1" m="50281" /><E29/><V60/><F112/><W31/><G31/><N who="0" m="17879" /><D39/><N who="1" m="21567" /><E8/><V43/><F37/><W3/><G97/><T94/><D33/><U72/><E72/><V80/><F81/><W121/><G96/><T106/><D106/><U105/><E105/><V45/><F80/><W11/><G121/><T101/><D10/><U104/><E104/><V127/><F85/><W124/><G36/><T23/><D23/><AGARI ba="0,0" hai="16,23,24,25,27" m="21567,50281,43019" machi="23" ten="30,11600,0" yaku="15,1,19,1,52,1,54,1" doraHai="68" who="1" fromWho="0" sc="302,-116,228,116,311,0,159,0" /><INIT seed="5,1,0,3,1,105" ten="186,344,311,159" oya="1" hai0="106,35,73,18,39,11,14,111,61,101,15,70,114" hai1="65,21,96,20,119,46,75,45,36,115,93,120,57" hai2="72,41,135,113,132,23,40,58,49,62,26,104,90" hai3="100,3,84,98,2,131,102,28,33,91,77,125,133"/><U74/><E120/><V31/><F104/><W121/><G121/><T126/><D111/><U13/><E119/><V83/><F113/><W124/><G28/><T59/><D126/><N who="3" m="48745" /><G33/><T17/><D114/><U108/><E108/><V50/><F50/><W99/><G3/><T103/><D35/><U116/><E116/><V16/><F31/><W42/><G42/><T107/><D39/><U82/><E82/><V86/><F72/><W60/><G60/><T97/><D70/><U6/><E65/><V112/><F112/><W92/><G2/><T134/><D134/><N who="2" m="51242" /><F49/><W30/><G30/><T129/><D129/><U68/><E57/><V64/><AGARI ba="1,0" hai="16,23,26,40,41,58,62,64,83,86,90" m="51242" machi="64" ten="30,2000,0" yaku="20,1,54,1" doraHai="105" who="2" fromWho="2" sc="186,-6,344,-11,311,23,159,-6" /><INIT seed="6,0,0,5,3,10" ten="180,333,334,153" oya="2" hai0="29,135,97,24,115,106,44,94,77,19,18,121,6" hai1="14,105,120,126,61,41,5,118,73,35,117,3,103" hai2="2,49,83,81,7,100,36,58,42,116,95,63,66" hai3="47,76,52,82,15,39,8,27,13,55,90,91,130"/><V108/><F116/><W57/><G130/><T114/><D121/><U21/><E73/><V110/><F36/><W72/><G27/><T28/><D135/><U80/><E35/><V40/><F2/><W23/><G55/><T124/><D124/><U48/><E126/><V119/><F7/><W65/><G65/><T78/><D106/><U101/><E120/><V84/><F119/><W67/><G67/><T86/><D6/><U111/><E111/><N who="2" m="42539" /><F49/><W128/><G128/><T12/><D44/><N who="1" m="25615" /><E105/><V4/><F4/><W11/><G23/><N who="0" m="11719" /><D19/><N who="1" m="10487" /><E5/><V133/><F133/><W0/><G11/><T45/><D45/><U113/><E113/><N who="0" m="43017" /><D86/><U50/><E3/><V85/><F84/><W34/><G8/><T60/><D60/><U68/><E50/><V123/><F123/><W33/><G0/><T43/><D43/><N who="2" m="16426" /><F85/><W20/><G33/><N who="0" m="20615" /><D29/><U71/><E117/><V122/><F122/><W107/><G34/><T62/><D62/><U125/><E61/><V30/><F30/><W96/><G39/><T74/><D74/><U53/><E118/><V92/><F92/><W25/><G47/><T88/><AGARI ba="0,0" hai="77,78,88,94,97" m="20615,43017,11719" machi="88" ten="30,4000,0" yaku="15,1,52,1,54,1" doraHai="10" who="0" fromWho="0" sc="180,40,333,-10,334,-20,153,-10" /><INIT seed="7,0,0,4,5,127" ten="220,323,314,143" oya="3" hai0="103,29,91,125,65,132,89,40,131,5,33,27,28" hai1="130,78,42,72,55,0,114,101,129,59,92,51,116" hai2="84,11,47,110,117,45,62,85,121,135,39,118,7" hai3="133,87,123,107,2,48,32,18,106,128,21,52,63"/><W99/><G32/><T82/><D125/><U56/><E0/><V50/><F110/><W25/><G2/><T93/><D132/><U53/><E114/><V81/><F135/><W74/><G123/><T64/><D40/><U126/><E126/><V80/><F121/><W13/><G74/><T124/><D124/><U17/><E116/><V9/><F62/><W112/><G112/><T100/><D5/><U115/><E115/><V83/><F39/><W35/><G133/><T97/><D29/><U22/><E42/><V122/><F122/><W120/><G120/><T88/><D82/><U23/><E78/><V76/><F83/><W6/><G99/><T24/><D24/><U108/><E72/><V68/><F68/><W57/><G128/><N who="1" m="49258" /><E108/><V4/><F50/><W3/><G87/><T77/><D77/><AGARI ba="0,0" hai="4,7,9,11,45,47,76,77,80,81,84,85,117,118" machi="77" ten="25,1600,0" yaku="22,2" doraHai="127" who="2" fromWho="0" sc="220,-16,323,0,314,16,143,0" owari="204,-19.6,323,12.3,330,43.0,143,-35.7" /></mjloggm>