<mjloggm ver="2.3"><GO type="169" lobby="0"/><UN n0="%E3%82%82%E3%82%8A%E3%82%82%E3%82%8A%E3%81%8A%E3%81%AB%E3%81%8E%E3%82%8A" n1="%E3%83%8A%E3%82%B4%E3%83%A0" n2="%E3%82%8A%E3%82%87%E3%81%A1" n3="%74%61%6B%65%33" dan="16,18,16,17" rate="2131.48,2238.96,2142.99,2211.65" sx="M,M,M,M"/><TAIKYOKU oya="0"/><INIT seed="0,0,0,3,0,111" ten="250,250,250,250" oya="0" hai0="5,93,115,51,62,56,109,6,38,50,89,72,52" hai1="18,16,54,78,130,134,10,103,105,97,8,31,67" hai2="40,46,82,75,108,110,15,34,29,133,114,53,21" hai3="39,80,47,61,135,44,120,128,65,86,68,3,17"/><T98/><D38/><U85/><E130/><V112/><F53/><W90/><G128/><T55/><D72/><U22/><E134/><V119/><F133/><W41/><G135/><T124/><D124/><U117/><E117/><V71/><F71/><W57/><G120/><T74/><D74/><U104/><E67/><V43/><F119/><W27/><G3/><T49/><D109/><N who="2" m="42090" /><F34/><W42/><G27/><T123/><D123/><U83/><E105/><V48/><F40/><W129/><G129/><T9/><D115/><N who="2" m="44074" /><F29/><W127/><G127/><T35/><D35/><U102/><E31/><V84/><F75/><W91/><G17/><T99/><D99/><U113/><E113/><V95/><F95/><W92/><G68/><T94/><D94/><U101/><E104/><V132/><F132/><W23/><G42/><T81/><D81/><U25/><E97/><V63/><F63/><W87/><G41/><T131/><D131/><U60/><E18/><N who="2" m="10463" /><F82/><W19/><G39/><T69/><D69/><U13/><E25/><V106/><F106/><W2/><G92/><T28/><D28/><U88/><E60/><V77/><F84/><W73/><G73/><T45/><REACH who="0" step="1"/><D5/><REACH who="0" ten="240,250,250,250" step="2"/><U122/><E83/><V96/><F96/><W1/><G87/><T66/><D66/><U76/><E85/><V4/><F4/><W100/><G86/><T121/><D121/><U7/><E122/><V125/><F125/><W11/><G80/><T26/><D26/><U32/><E7/><V24/><F24/><W12/><G65/><T79/><D79/><AGARI ba="0,1" hai="43,46,48,77,79" m="10463,44074,42090" machi="79" ten="30,7700,0" yaku="14,1,52,3" doraHai="111" who="2" fromWho="0" sc="240,-77,250,0,250,87,250,0" /><INIT seed="1,0,0,3,4,100" ten="163,250,337,250" oya="1" hai0="55,69,71,135,2,123,86,74,111,28,85,22,45" hai1="83,42,61,81,1,12,30,125,44,53,79,80,64" hai2="75,105,73,77,11,117,134,54,90,122,96,21,76" hai3="20,39,115,5,49,37,78,35,114,60,87,119,26"/><U99/><E125/><V46/><F117/><W102/><G35/><T59/><D74/><U47/><E1/><V14/><F122/><W3/><G119/><T52/><D123/><U103/><E30/><V29/><F134/><W124/><G124/><T31/><D2/><U50/><E12/><V108/><F108/><W132/><G60/><T63/><D111/><U24/><E24/><V23/><F75/><W15/><G132/><T70/><D135/><U88/><E79/><V56/><F46/><W17/><G102/><T57/><D45/><U98/><E98/><V48/><F73/><W131/><G131/><T91/><D22/><N who="2" m="8202" /><F105/><W84/><G3/><T51/><REACH who="0" step="1"/><D85/><REACH who="0" ten="153,250,337,250" step="2"/><U34/><E34/><V10/><F29/><W18/><G87/><T0/><D0/><U9/><E9/><N who="2" m="3083" /><F14/><W6/><G15/><T58/><D58/><U101/><E47/><V66/><F66/><W113/><G20/><T97/><D97/><U120/><E120/><V107/><F107/><W126/><G114/><T40/><D40/><U121/><E121/><V43/><F43/><W62/><G115/><T116/><D116/><U133/><E133/><V67/><F67/><W128/><G113/><T92/><AGARI ba="0,1" hai="28,31,51,52,55,57,59,63,69,70,71,86,91,92" machi="92" ten="30,4000,0" yaku="1,1,0,1,54,1,53,0" doraHai="100" doraHaiUra="130" who="0" fromWho="0" sc="153,50,250,-20,337,-10,250,-10" /><INIT seed="2,0,0,5,3,88" ten="203,230,327,240" oya="2" hai0="78,74,35,34,11,45,67,24,28,114,110,12,47" hai1="87,102,100,101,0,69,66,49,48,134,41,122,8" hai2="119,61,85,65,94,53,75,59,98,80,84,60,71" hai3="26,31,51,40,105,113,22,18,90,5,92,108,97"/><V55/><F119/><W44/><G108/><T77/><D114/><U17/><E134/><V2/><F2/><W43/><G113/><T21/><D110/><U33/><E33/><V127/><F127/><W38/><G105/><T1/><D67/><U58/><E122/><V81/><F53/><W96/><G5/><T117/><D117/><U86/><E69/><V25/><F25/><W118/><G118/><T19/><D35/><U20/><E8/><V112/><F112/><W36/><G43/><T37/><D37/><U133/><E0/><V30/><F30/><W52/><G97/><T16/><D74/><U50/><E133/><V83/><REACH who="2" step="1"/><F75/><REACH who="2" ten="203,230,317,240" step="2"/><W73/><G73/><T130/><D130/><U70/><E41/><V106/><F106/><W111/><G111/><T124/><D124/><U103/><E70/><V63/><F63/><W129/><G129/><T91/><D1/><U104/><N who="1" m="25600" /><DORA hai="109" /><U56/><E104/><V32/><F32/><W131/><G131/><T72/><D72/><U89/><E66/><V7/><F7/><W46/><REACH who="3" step="1"/><G31/><REACH who="3" ten="203,230,317,230" step="2"/><T13/><D28/><U82/><REACH who="1" step="1"/><E87/><REACH who="1" ten="203,220,317,230" step="2"/><V121/><F121/><W6/><G6/><T120/><D120/><U9/><E9/><V4/><F4/><W10/><G10/><T15/><D11/><U126/><E126/><V132/><F132/><W14/><G14/><AGARI ba="0,3" hai="14,17,20,48,49,50,56,58,82,86,89" m="25600" machi="14" ten="50,3200,0" yaku="1,1,8,1,53,0" doraHai="88,109" doraHaiUra="42,27" who="1" fromWho="3" sc="203,0,220,62,317,0,230,-32" /><INIT seed="3,0,0,5,1,131" ten="203,282,317,198" oya="3" hai0="54,75,83,93,101,57,103,33,95,11,109,130,102" hai1="92,28,99,80,123,34,107,124,65,3,43,24,72" hai2="13,77,50,134,94,17,61,127,118,26,10,37,59" hai3="20,15,48,97,126,67,112,16,100,38,42,73,111"/><W135/><G112/><T76/><D33/><U63/><E123/><V82/><F37/><W60/><G38/><T98/><D109/><U12/><E124/><V91/><F118/><W128/><G73/><T62/><D130/><U88/><E3/><V56/><F127/><W31/><G128/><T110/><D110/><U122/><E122/><V96/><F134/><W22/><G111/><T119/><D119/><U41/><E107/><V5/><F50/><W115/><G126/><T49/><D11/><U87/><E12/><V21/><REACH who="2" step="1"/><F61/><REACH who="2" ten="203,282,307,198" step="2"/><W104/><G135/><T71/><D62/><U44/><E44/><V27/><F27/><W116/><G116/><T9/><D71/><U106/><E72/><AGARI ba="0,1" hai="5,10,13,17,21,26,56,59,72,77,82,91,94,96" machi="72" ten="30,3900,0" yaku="1,1,7,1,53,1" doraHai="131" doraHaiUra="84" who="2" fromWho="1" sc="203,0,282,-39,307,49,198,0" /><INIT seed="4,0,0,1,5,54" ten="203,243,356,198" oya="0" hai0="99,31,71,24,78,72,33,91,50,22,83,111,21" hai1="85,16,56,124,89,44,58,17,86,112,123,114,5" hai2="98,46,52,88,120,45,131,81,102,76,57,38,43" hai3="65,97,3,63,96,69,1,40,127,105,80,29,25"/><T59/><D71/><U106/><E123/><V110/><F110/><W53/><G127/><T12/><D111/><U55/><E106/><V107/><F120/><W74/><G96/><T82/><D12/><U4/><E44/><V95/><F131/><W77/><G53/><T70/><D70/><U108/><E108/><V134/><F134/><W68/><G40/><T15/><D15/><U133/><E55/><V48/><F46/><W39/><G39/><T36/><D36/><U49/><E49/><V64/><F64/><W126/><G126/><T103/><D50/><U19/><E124/><V122/><F122/><W93/><G69/><T113/><D113/><N who="1" m="43627" /><E133/><V66/><F66/><W94/><G94/><T26/><D59/><N who="1" m="22571" /><E86/><V42/><F42/><W109/><G109/><T115/><D115/><U13/><E13/><V2/><F2/><W84/><G84/><T34/><D82/><AGARI ba="0,0" hai="4,5,16,17,19,82,85,89" m="22571,43627" machi="82" ten="30,12000,2" yaku="15,1,11,1,52,3,54,1" doraHai="54" who="1" fromWho="0" sc="203,-120,243,120,356,0,198,0" /><INIT seed="5,0,0,4,4,85" ten="83,363,356,198" oya="1" hai0="0,18,26,74,116,32,110,53,52,68,113,36,129" hai1="1,102,111,16,31,63,12,13,42,5,92,91,93" hai2="80,132,128,119,14,60,99,96,50,2,120,81,17" hai3="114,98,109,20,89,84,48,73,54,76,118,70,130"/><U112/><E112/><V72/><F2/><W90/><G109/><T82/><D82/><U37/><E111/><V38/><F38/><W56/><G73/><T43/><D18/><U3/><E31/><V107/><F119/><W67/><G118/><T33/><D26/><U117/><E117/><V61/><F120/><W115/><G130/><T7/><D43/><U51/><E37/><V121/><F121/><W28/><G98/><N who="2" m="37417" /><F107/><W22/><G76/><T135/><D7/><U47/><E102/><V39/><F39/><W131/><G131/><T24/><D24/><U23/><E93/><V55/><F72/><W34/><G34/><T122/><D52/><U71/><E71/><V134/><F128/><W27/><G20/><T124/><D53/><U126/><E126/><V19/><F19/><W103/><G84/><T25/><D25/><U105/><E105/><AGARI ba="0,0" hai="0,32,33,36,68,74,105,110,113,116,122,124,129,135" machi="105" ten="0,32000,5" yakuman="47" doraHai="85" who="0" fromWho="1" sc="83,320,363,-320,356,0,198,0" /><INIT seed="6,0,0,5,5,82" ten="403,43,356,198" oya="2" hai0="107,51,30,104,42,123,106,80,111,38,29,69,37" hai1="2,10,115,61,99,114,25,62,89,110,75,95,6" hai2="92,64,117,68,39,119,33,11,131,47,21,101,90" hai3="13,36,40,94,44,85,23,48,118,93,71,49,66"/><V16/><F33/><W124/><G118/><T58/><D69/><U116/><E116/><V70/><F131/><W67/><G124/><T86/><D111/><U31/><E75/><V19/><F101/><W84/><G71/><T18/><D123/><U122/><E110/><V8/><F47/><W77/><G77/><T45/><D18/><U4/><E4/><V87/><F39/><W96/><G36/><T65/><D38/><U79/><E79/><V97/><F97/><W76/><G76/><T108/><D108/><U32/><REACH who="1" step="1"/><E122/><REACH who="1" ten="403,33,356,198" step="2"/><V120/><F120/><W83/><G83/><T88/><REACH who="0" step="1"/><D37/><REACH who="0" ten="393,33,356,198" step="2"/><U14/><E14/><V41/><F119/><W43/><G13/><T17/><D17/><U129/><E129/><V63/><F117/><W126/><G126/><T113/><D113/><AGARI ba="0,2" hai="2,6,10,25,31,32,61,62,89,95,99,113,114,115" machi="113" ten="40,2600,0" yaku="1,1,15,1,53,0" doraHai="82" doraHaiUra="125" who="1" fromWho="0" sc="393,-26,33,46,356,0,198,0" /><INIT seed="7,0,0,0,4,109" ten="367,79,356,198" oya="3" hai0="37,100,51,58,60,42,29,30,116,9,35,2,63" hai1="87,118,64,15,45,1,46,7,73,79,13,78,88" hai2="134,98,130,54,111,0,38,44,114,129,86,33,96" hai3="89,123,133,84,39,18,135,69,57,8,72,90,48"/><W24/><G123/><T85/><D116/><U47/><E1/><V119/><F33/><W101/><G39/><T126/><D37/><U131/><E118/><V43/><F119/><W93/><G69/><T74/><D74/><U19/><E73/><V40/><F0/><W124/><G72/><T112/><D112/><U121/><E131/><N who="2" m="50187" /><F111/><W23/><G124/><T99/><D126/><U122/><E64/><V32/><F32/><W27/><G101/><T110/><D110/><U62/><E62/><N who="0" m="23593" /><D2/><U82/><E121/><V14/><F134/><N who="3" m="51211" /><G8/><T31/><D35/><U75/><E75/><V97/><F40/><W125/><G125/><T26/><D9/><U76/><E122/><V102/><F86/><W36/><G36/><T21/><D85/><U50/><E7/><V22/><F54/><N who="3" m="31943" /><G90/><T25/><D25/><AGARI ba="0,0" hai="18,23,24,25,27,84,89,93" m="31943,51211" machi="25" ten="30,1500,0" yaku="20,1" doraHai="109" who="3" fromWho="0" sc="367,-15,79,0,356,0,198,15" /><INIT seed="7,1,0,1,2,128" ten="352,79,356,213" oya="3" hai0="45,34,49,26,104,119,7,97,16,69,133,58,83" hai1="89,111,121,86,5,6,113,129,60,20,76,131,99" hai2="100,110,98,13,109,1,2,65,63,25,23,11,135" hai3="75,126,95,81,106,40,88,112,70,130,32,90,103"/><W123/><G70/><T93/><D69/><U117/><E60/><V132/><F109/><W79/><G32/><T47/><D119/><U118/><E20/><V9/><F110/><W41/><G123/><T21/><D104/><U15/><E15/><V87/><F87/><W94/><G130/><T68/><D133/><N who="2" m="51274" /><F2/><W50/><G126/><T33/><D68/><U71/><E71/><N who="2" m="42431" /><F13/><W56/><G112/><T59/><D7/><U127/><E6/><V19/><F1/><W3/><G3/><T62/><D34/><U36/><E5/><V43/><F43/><W39/><G39/><T27/><D33/><U122/><E36/><V120/><F120/><W57/><G103/><N who="0" m="60847" /><D83/><U52/><E111/><V48/><F48/><W35/><G35/><T0/><D0/><U8/><E8/><V31/><F31/><W85/><G106/><AGARI ba="1,0" hai="9,11,19,23,25,98,100,106" m="42431,51274" machi="106" ten="30,7700,0" yaku="20,1,52,3" doraHai="128" who="2" fromWho="3" sc="352,0,79,0,356,80,213,-80" owari="352,15.2,79,-42.1,436,53.6,133,-26.7" /></mjloggm>