<mjloggm ver="2.3"><GO type="169" lobby="0"/><UN n0="%33%30%63%6D%33%30%63%6D" n1="%53%6F%6C%69%74%6F%6E" n2="%E3%82%A8%E3%83%B3%E3%82%B8%E3%82%A7%E3%83%AB%E3%82%A6%E3%82%A3%E3%82%AD" n3="%4F%56%4F" dan="17,17,16,16" rate="2138.79,2152.80,2073.99,2078.63" sx="M,M,M,M"/><TAIKYOKU oya="0"/><BYE who="2" /><INIT seed="0,0,0,2,1,117" ten="250,250,250,250" oya="0" hai0="75,29,18,89,45,46,15,127,23,73,69,30,67" hai1="66,122,57,81,76,24,32,10,128,8,20,48,49" hai2="44,88,40,133,61,43,59,3,99,58,31,71,33" hai3="118,86,131,11,1,92,36,2,17,121,27,96,98"/><T102/><D127/><U50/><E128/><V37/><F37/><W13/><G118/><T135/><D135/><U119/><E32/><V120/><F120/><W109/><G36/><T53/><D102/><U126/><E119/><V51/><F51/><W123/><G131/><T105/><D105/><U42/><E126/><V97/><F97/><W9/><G109/><T83/><D67/><U114/><E114/><V52/><F52/><W28/><G86/><T14/><D69/><U34/><E34/><V130/><F130/><W38/><G38/><T125/><D125/><U70/><E70/><V90/><F90/><W12/><G98/><T85/><D73/><U104/><E104/><V115/><F115/><W94/><G96/><T77/><D14/><U26/><E122/><N who="3" m="46602" /><G94/><T5/><D5/><U25/><E81/><V74/><F74/><W107/><G92/><T47/><REACH who="0" step="1"/><D53/><REACH who="0" ten="240,250,250,250" step="2"/><U132/><E132/><V113/><F113/><W62/><G107/><T91/><D91/><U95/><E76/><V7/><F7/><N who="3" m="3199" /><G62/><T112/><D112/><U87/><E42/><V110/><F110/><W82/><G82/><AGARI ba="0,1" hai="15,18,23,29,30,45,46,47,75,77,82,83,85,89" machi="82" ten="40,2000,0" yaku="1,1,53,0" doraHai="117" doraHaiUra="93" who="0" fromWho="3" sc="240,30,250,0,250,0,250,-20" /><INIT seed="0,1,0,3,4,81" ten="270,250,250,230" oya="0" hai0="130,14,101,32,91,9,59,67,35,77,93,52,78" hai1="26,66,15,41,30,23,72,64,36,22,106,88,3" hai2="69,49,45,65,111,11,98,73,128,109,94,85,122" hai3="0,27,33,34,87,2,20,104,31,42,133,121,100"/><T7/><D130/><U80/><E106/><V125/><F125/><W12/><G133/><T43/><D43/><U76/><E3/><V1/><F1/><W132/><G132/><T84/><D67/><U131/><E131/><V48/><F48/><W71/><G71/><T50/><REACH who="0" step="1"/><D101/><REACH who="0" ten="260,250,250,230" step="2"/><U8/><E41/><V97/><F97/><W56/><G42/><T118/><D118/><U115/><E36/><V96/><F96/><W114/><G100/><T82/><D82/><U113/><E66/><V17/><F17/><W63/><G114/><T90/><D90/><U127/><E64/><V123/><F123/><W62/><G121/><T54/><D54/><U74/><E127/><V4/><F4/><W10/><G104/><T89/><D89/><U40/><E40/><V28/><F28/><W107/><G107/><T103/><D103/><U13/><E88/><V44/><F44/><W117/><G117/><T29/><D29/><U51/><E113/><V57/><F57/><W120/><G120/><T24/><D24/><U116/><E115/><V126/><F126/><W38/><G31/><T95/><D95/><U47/><E116/><V16/><F16/><W108/><G27/><T25/><D25/><U55/><E30/><V53/><F53/><W60/><G34/><AGARI ba="1,1" hai="7,9,14,32,34,35,50,52,59,77,78,84,91,93" machi="34" ten="40,7700,0" yaku="1,1,52,1,54,1,53,0" doraHai="81" doraHaiUra="68" who="0" fromWho="3" sc="260,90,250,0,250,0,230,-80" /><INIT seed="0,2,0,4,2,94" ten="350,250,250,150" oya="0" hai0="17,29,42,57,70,39,95,25,119,133,66,19,69" hai1="34,134,77,10,56,9,61,131,127,74,18,49,114" hai2="14,98,50,73,115,68,21,33,36,72,84,91,79" hai3="129,121,11,81,43,54,26,5,67,76,60,124,48"/><T122/><D119/><U125/><E34/><V55/><F55/><W106/><G129/><T52/><D122/><U41/><E131/><V71/><F71/><W38/><G124/><N who="1" m="47690" /><E134/><V45/><F45/><W102/><G121/><T80/><D80/><N who="1" m="45111" /><E114/><V44/><F44/><W12/><G38/><T6/><D6/><U88/><E18/><V58/><F58/><W96/><G43/><T103/><D133/><U128/><E128/><V16/><F16/><W132/><G132/><T63/><D70/><U107/><E107/><V1/><F1/><W126/><G126/><T0/><D0/><U135/><E135/><V62/><F62/><W46/><G26/><T130/><D130/><U30/><E30/><V104/><F104/><W23/><G23/><T86/><D42/><U37/><E37/><V85/><F85/><W111/><G111/><T113/><D39/><U22/><E22/><V31/><F31/><W24/><G24/><T8/><D8/><U87/><E49/><V13/><F13/><W47/><G47/><T15/><D15/><U92/><E41/><V93/><F93/><W118/><G118/><T99/><D86/><U97/><E87/><V27/><F27/><W3/><G3/><T123/><D113/><U112/><E112/><V116/><F116/><W51/><G51/><N who="0" m="30879" /><D123/><U117/><E117/><V82/><F82/><W83/><REACH who="3" step="1"/><G76/><REACH who="3" ten="350,250,250,140" step="2"/><T7/><D25/><U59/><E61/><V2/><F2/><W35/><G35/><T108/><D29/><U120/><E120/><V101/><F101/><W40/><G40/><T89/><D103/><U109/><E109/><RYUUKYOKU ba="2,1" sc="350,-15,250,15,250,-15,140,15" hai1="9,10,56,59,88,92,97" hai3="5,11,12,46,48,54,60,67,81,83,96,102,106" /><INIT seed="1,3,1,5,5,1" ten="335,265,235,155" oya="1" hai0="129,8,117,97,0,126,91,31,66,28,131,4,43" hai1="44,101,41,110,71,94,55,90,36,128,21,132,49" hai2="77,79,124,74,63,64,22,84,33,9,12,118,60" hai3="51,48,119,109,80,87,17,56,13,14,88,20,75"/><U19/><E128/><N who="0" m="49225" /><D117/><U29/><E132/><V3/><F3/><W104/><G109/><T76/><D126/><U114/><E114/><V6/><F6/><W100/><G119/><T69/><D43/><U37/><E71/><V7/><F7/><W42/><G75/><T45/><D45/><U86/><E110/><V92/><F92/><W50/><G104/><T11/><D11/><U27/><E101/><V134/><F134/><W23/><G100/><T15/><D76/><U26/><REACH who="1" step="1"/><E55/><REACH who="1" ten="335,255,235,155" step="2"/><V106/><F106/><W24/><G42/><T98/><D69/><U130/><E130/><V16/><F16/><N who="3" m="10263" /><G56/><T105/><D66/><U107/><E107/><V54/><F54/><W32/><G32/><AGARI ba="3,2" hai="19,21,26,27,29,32,36,37,41,44,49,86,90,94" machi="32" ten="30,2900,0" yaku="1,1,7,1,53,0" doraHai="1" doraHaiUra="125" who="1" fromWho="3" sc="335,0,255,58,235,0,155,-38" /><INIT seed="1,4,0,4,3,20" ten="335,313,235,117" oya="1" hai0="110,78,74,106,17,67,95,84,18,24,109,107,19" hai1="30,100,2,9,33,76,122,102,105,57,56,23,28" hai2="47,117,101,126,66,51,116,114,99,46,108,3,118" hai3="129,58,34,123,71,60,54,90,111,32,119,61,55"/><U42/><E122/><V98/><F98/><W39/><G123/><T128/><D67/><U16/><E33/><V88/><F88/><W22/><G111/><N who="0" m="42507" /><D128/><U52/><E105/><N who="0" m="39945" /><D74/><U115/><E115/><V112/><F112/><W104/><G129/><T87/><D78/><U77/><E2/><V120/><F120/><W4/><G119/><T7/><D7/><U37/><E9/><V94/><F94/><W127/><G104/><T6/><D6/><U81/><E37/><V59/><F59/><W40/><G127/><T89/><D84/><N who="1" m="48167" /><E42/><V72/><F72/><W86/><G4/><T0/><D0/><U27/><E57/><V41/><F41/><W43/><G43/><T103/><D103/><N who="1" m="39467" /><E77/><V133/><F133/><W21/><G40/><T1/><D1/><U80/><E80/><V69/><F69/><W130/><G39/><T125/><D125/><U97/><E97/><V65/><F65/><W121/><G130/><T13/><D13/><U25/><E25/><AGARI ba="4,0" hai="17,18,19,24,25,87,89,95" m="39945,42507" machi="25" ten="40,5200,0" yaku="14,1,52,2" doraHai="20" who="0" fromWho="1" sc="335,64,313,-64,235,0,117,0" /><INIT seed="2,0,0,1,2,81" ten="399,249,235,117" oya="2" hai0="4,40,49,17,56,8,63,97,126,59,39,20,107" hai1="92,52,11,54,9,122,129,12,24,80,2,96,26" hai2="32,46,19,47,132,94,35,6,73,50,68,21,3" hai3="95,86,99,13,38,71,70,65,0,120,106,112,15"/><V69/><F69/><W33/><G120/><T27/><D126/><U89/><E129/><V125/><F125/><W53/><G0/><T84/><D39/><U117/><E117/><V44/><F44/><W25/><G38/><T29/><D107/><U114/><E114/><V30/><F30/><W116/><G116/><T55/><D97/><U109/><E109/><V23/><F23/><W72/><G72/><T58/><D29/><U130/><E130/><V111/><F111/><W119/><G119/><T10/><D10/><U60/><E2/><V83/><F83/><W79/><G112/><T57/><D84/><N who="1" m="50311" /><E11/><V76/><F76/><W7/><G106/><T115/><D115/><U118/><E118/><V28/><F28/><W77/><G33/><T62/><REACH who="0" step="1"/><D40/><REACH who="0" ten="389,249,235,117" step="2"/><U88/><E122/><V31/><F31/><W5/><G99/><T67/><D67/><U91/><E91/><V124/><F124/><W61/><G65/><T75/><D75/><U18/><E54/><V113/><F113/><W85/><G53/><T93/><D93/><U41/><E41/><V74/><F74/><W100/><G95/><T135/><D135/><U128/><E128/><V104/><F104/><W34/><G34/><T98/><D98/><U110/><E110/><V87/><F87/><W103/><REACH who="3" step="1"/><G61/><REACH who="3" ten="389,249,235,107" step="2"/><T48/><D48/><U127/><E127/><V51/><F51/><W16/><G16/><T90/><D90/><U123/><E123/><V1/><F1/><AGARI ba="0,2" hai="1,4,8,17,20,27,49,55,56,57,58,59,62,63" machi="1" ten="40,1300,0" yaku="1,1,53,0" doraHai="81" doraHaiUra="134" who="0" fromWho="2" sc="389,33,249,0,235,-13,107,0" /><INIT seed="3,0,0,2,5,18" ten="422,249,222,107" oya="3" hai0="53,20,116,28,86,101,50,72,110,7,4,122,31" hai1="2,109,54,23,113,104,63,96,1,73,36,62,119" hai2="126,84,10,19,92,76,25,118,132,102,11,16,94" hai3="33,130,55,15,3,115,13,6,47,43,0,51,61"/><W117/><G115/><T123/><D72/><U129/><E113/><V90/><F90/><W24/><G117/><T121/><D116/><U80/><E36/><V99/><F99/><W91/><G130/><T128/><D128/><U124/><E129/><V74/><F74/><W67/><G0/><T52/><D101/><U5/><E109/><V93/><F93/><W9/><G43/><T107/><D110/><U45/><E124/><V22/><F22/><W41/><G41/><T27/><D107/><U135/><E104/><V65/><F65/><W46/><G46/><T44/><D28/><U131/><E73/><V38/><F38/><W69/><REACH who="3" step="1"/><G91/><REACH who="3" ten="422,249,222,97" step="2"/><T64/><D121/><U83/><E2/><V21/><F21/><W32/><G32/><T103/><D122/><U34/><E1/><V89/><F89/><W58/><G58/><T30/><D123/><U85/><E34/><V87/><F87/><W114/><G114/><T97/><D86/><U12/><E119/><V106/><F106/><W40/><G40/><T112/><D112/><U42/><E131/><V48/><F48/><W120/><G120/><T70/><D44/><U26/><E135/><V105/><F105/><W127/><G127/><T108/><D50/><U68/><E68/><V125/><F125/><W133/><G133/><T95/><D108/><U8/><E42/><V100/><F100/><W134/><G134/><T59/><D70/><U39/><E45/><V111/><F111/><W57/><G57/><T37/><D37/><U98/><E39/><V75/><F75/><W88/><G88/><T49/><D59/><RYUUKYOKU ba="0,1" sc="422,-10,249,-10,222,-10,97,30" hai3="3,6,9,13,15,24,33,47,51,55,61,67,69" /><INIT seed="3,1,1,4,2,98" ten="412,239,212,127" oya="3" hai0="132,104,27,79,64,70,26,58,109,57,93,0,96" hai1="56,78,126,9,32,10,73,114,134,112,45,89,12" hai2="40,82,17,122,34,47,120,113,107,125,76,95,24" hai3="117,7,83,123,75,15,71,4,121,105,92,69,21"/><W59/><G117/><T128/><D0/><U77/><E32/><V38/><F38/><W5/><G105/><T6/><D104/><U39/><E134/><V80/><F80/><W115/><G115/><T127/><D132/><U133/><E133/><V11/><F11/><W14/><G59/><T129/><D109/><U18/><E126/><V118/><F118/><W116/><G116/><T131/><D127/><U119/><E119/><V16/><F16/><W68/><G92/><T23/><D79/><U51/><E89/><V22/><F22/><W46/><G46/><T106/><D6/><U43/><E9/><V42/><F42/><W103/><G103/><N who="0" m="60815" /><D27/><U67/><E78/><V130/><F130/><W61/><G83/><T85/><D85/><U90/><E90/><V2/><F2/><W62/><G75/><T102/><D102/><U86/><E73/><V87/><F87/><W29/><G29/><N who="0" m="17631" /><D106/><U30/><E86/><V41/><F41/><W36/><G36/><T19/><D19/><U97/><E97/><V135/><F135/><W35/><G35/><T100/><D100/><U72/><E30/><V81/><F81/><W54/><G21/><T44/><D44/><N who="1" m="23679" /><E77/><V31/><F31/><W74/><G74/><T55/><D55/><N who="1" m="30191" /><E72/><V1/><F1/><W33/><G33/><T13/><D13/><N who="3" m="4617" /><G54/><T3/><D3/><U49/><E114/><V37/><F37/><W124/><G124/><T60/><AGARI ba="1,1" hai="57,58,60,64,70,128,129,131" m="17631,60815" machi="60" ten="40,2700,0" yaku="19,1,52,1" doraHai="98" who="0" fromWho="0" sc="412,40,239,-8,212,-8,127,-14" /><INIT seed="4,0,0,3,4,124" ten="452,231,204,113" oya="0" hai0="95,105,115,11,1,88,15,110,55,90,29,101,75" hai1="19,92,8,93,87,9,12,49,96,103,71,42,126" hai2="102,81,22,51,65,133,6,99,23,85,10,37,130" hai3="106,50,109,21,69,27,61,18,125,44,34,72,56"/><T52/><D115/><U83/><E71/><V32/><F32/><W78/><G109/><T47/><D1/><U104/><E126/><V121/><F121/><W120/><G125/><T89/><D75/><U108/><E108/><V24/><F24/><W48/><G120/><T4/><D105/><U114/><E114/><V14/><F14/><W66/><G106/><T67/><D110/><U43/><E104/><V45/><F45/><W129/><G34/><T28/><D67/><U94/><E9/><V68/><F68/><W117/><G117/><T91/><D101/><U62/><E62/><V135/><F135/><W84/><G72/><T82/><D82/><U25/><E25/><V74/><F74/><W46/><G129/><T131/><D131/><U119/><E119/><V100/><F100/><W7/><G7/><T107/><D107/><U41/><REACH who="1" step="1"/><E49/><REACH who="1" ten="452,221,204,113" step="2"/><V40/><F40/><W39/><G69/><T128/><D128/><U76/><AGARI ba="0,1" hai="8,12,19,41,42,43,76,83,87,92,93,94,96,103" machi="76" ten="30,7900,0" yaku="1,1,2,1,0,1,8,1,53,0" doraHai="124" doraHaiUra="116" who="1" fromWho="1" sc="452,-39,221,89,204,-20,113,-20" /><INIT seed="5,0,0,5,2,46" ten="413,310,184,93" oya="1" hai0="118,51,100,126,58,52,79,104,22,130,82,99,44" hai1="128,123,4,135,83,77,97,47,34,89,63,78,105" hai2="33,59,38,24,43,8,57,76,94,124,113,16,66" hai3="106,29,41,91,23,114,69,61,60,131,85,109,90"/><U108/><E123/><V54/><F54/><W134/><G109/><T48/><D118/><U120/><E120/><V55/><F55/><W27/><G114/><T65/><D126/><U18/><E34/><V62/><F62/><W73/><G73/><T67/><D130/><U9/><E108/><V111/><F111/><W68/><G131/><T129/><D129/><U11/><E128/><V117/><F117/><W88/><G134/><T64/><D22/><U133/><E63/><V0/><F0/><W1/><G1/><T93/><D104/><U84/><E18/><V2/><F2/><W28/><G106/><T81/><D79/><U13/><E11/><V98/><F98/><W127/><G127/><T103/><D103/><U10/><E10/><V21/><F21/><W40/><G85/><T122/><D122/><U17/><E4/><V110/><F110/><W74/><G74/><T80/><REACH who="0" step="1"/><D51/><REACH who="0" ten="403,310,184,93" step="2"/><U116/><E116/><V107/><F107/><W112/><G112/><T49/><D49/><U92/><E105/><V72/><F72/><W30/><G23/><T5/><D5/><U71/><E78/><V45/><F45/><AGARI ba="0,1" hai="44,45,48,52,58,64,65,67,80,81,82,93,99,100" machi="45" ten="40,8000,1" yaku="1,1,8,1,52,1,54,1,53,0" doraHai="46" doraHaiUra="15" who="0" fromWho="2" sc="403,90,310,0,184,-80,93,0" /><INIT seed="6,0,0,3,0,38" ten="493,310,104,93" oya="2" hai0="17,127,121,123,84,4,124,79,57,7,95,10,41" hai1="48,90,43,102,72,69,119,71,118,108,120,96,113" hai2="68,83,110,128,3,82,27,33,51,49,98,114,19" hai3="131,64,24,16,31,0,129,133,93,99,18,6,77"/><V97/><F97/><W37/><G77/><T89/><D17/><U87/><E72/><V116/><F116/><W58/><G133/><T117/><D117/><U94/><E108/><V134/><F134/><W67/><G37/><T74/><D41/><U5/><E113/><V70/><F70/><W42/><G42/><T39/><D39/><U26/><E120/><V2/><F2/><W81/><G81/><N who="0" m="45303" /><D57/><U91/><E118/><V106/><F106/><W65/><G58/><T59/><D59/><U75/><E75/><V28/><F28/><W44/><G44/><T109/><D109/><U22/><E5/><N who="0" m="2121" /><D10/><U85/><E119/><V35/><F35/><W130/><G6/><T111/><D111/><U73/><E73/><V30/><F30/><W40/><G0/><T14/><D14/><U76/><E69/><V92/><F92/><W8/><G40/><T107/><D107/><U50/><E71/><V46/><F46/><W80/><G8/><T62/><D62/><U105/><E76/><V125/><F125/><AGARI ba="0,0" hai="84,89,95,121,123,124,125,127" m="2121,45303" machi="125" ten="30,1000,0" yaku="18,1" doraHai="38" who="0" fromWho="2" sc="493,10,310,0,104,-10,93,0" /><INIT seed="7,0,0,1,5,101" ten="503,310,94,93" oya="3" hai0="3,117,36,75,103,64,60,33,129,115,13,32,125" hai1="22,27,106,2,30,90,48,58,6,95,80,131,118" hai2="63,10,67,72,4,128,88,127,54,56,86,130,42" hai3="8,5,70,94,98,89,79,49,47,97,133,109,107"/><W108/><G70/><T46/><D13/><U93/><E106/><V26/><F26/><W31/><G79/><T59/><D117/><U105/><E105/><V92/><F92/><N who="1" m="35401" /><E2/><V78/><F78/><W23/><G133/><T18/><D75/><U71/><E71/><V134/><F134/><W76/><G76/><T123/><D123/><U114/><E114/><V65/><F65/><W41/><G23/><T0/><D125/><U14/><E131/><V43/><F43/><W126/><G31/><T77/><D18/><U104/><E104/><V112/><F112/><W24/><G24/><T74/><D46/><U7/><E14/><V55/><F55/><W96/><G126/><T15/><D60/><U20/><E22/><V45/><F45/><W53/><G41/><T57/><D64/><U44/><E58/><V83/><F83/><W21/><G21/><T100/><D77/><U39/><E39/><V84/><F84/><W66/><G66/><T120/><D120/><U12/><E12/><V113/><F113/><W61/><G107/><T91/><D115/><U29/><E29/><V35/><F35/><N who="0" m="13386" /><D36/><U62/><E62/><V102/><F102/><N who="0" m="38954" /><D0/><U68/><E68/><V122/><F122/><W119/><G61/><T17/><D3/><U69/><E69/><V34/><F34/><W116/><G98/><T82/><D129/><U25/><E25/><V40/><F40/><W37/><G37/><T11/><D74/><U51/><E118/><N who="3" m="45098" /><G97/><T85/><D57/><U50/><E44/><V99/><F99/><W124/><G124/><T38/><D59/><U9/><E9/><RYUUKYOKU ba="0,0" sc="503,10,310,10,94,-30,93,10" hai0="11,15,17,38,82,85,91" hai1="6,7,20,27,30,48,50,51,80,90" hai3="5,8,47,49,53,89,94,96,108,109" /><INIT seed="7,1,0,1,2,71" ten="513,320,64,103" oya="3" hai0="103,115,79,61,29,0,5,121,126,127,93,17,49" hai1="113,55,10,21,50,33,97,19,94,125,111,28,65" hai2="110,1,7,87,89,117,16,76,56,90,39,62,100" hai3="107,119,83,42,122,80,95,27,20,9,86,22,106"/><W13/><G119/><T91/><D121/><U129/><E111/><V73/><F73/><W57/><G122/><T118/><D118/><U38/><E38/><V130/><F130/><W82/><G42/><T64/><D103/><N who="1" m="60855" /><E33/><V52/><F52/><W45/><G45/><T112/><D49/><U78/><E129/><V67/><F67/><W124/><G124/><N who="0" m="47659" /><D79/><U35/><E35/><V85/><F85/><W81/><G107/><T47/><D47/><N who="1" m="28127" /><E113/><N who="0" m="43593" /><D17/><U120/><E120/><V99/><F99/><W75/><G75/><T14/><D14/><N who="1" m="7639" /><E125/><V135/><F135/><W70/><G13/><T102/><D91/><U128/><E128/><V132/><F132/><W6/><G106/><T98/><D29/><U53/><E78/><V25/><F25/><W133/><G27/><T40/><D93/><U131/><E131/><V104/><F104/><W92/><G95/><T59/><D64/><U44/><E65/><V68/><F68/><W58/><G70/><T30/><D61/><U36/><E36/><V2/><F2/><W37/><G37/><T8/><D59/><U88/><E88/><V74/><F74/><W26/><G58/><T12/><D40/><U11/><E11/><V3/><F3/><W54/><G92/><N who="0" m="58695" /><D30/><U69/><E69/><V77/><F77/><W105/><G105/><T34/><D34/><U18/><E28/><V114/><F114/><W108/><G57/><T46/><D0/><U15/><E53/><V134/><F134/><W109/><G54/><T101/><D46/><AGARI ba="1,0" hai="15,18,21,44,46" m="7639,28127,60855" machi="46" ten="30,1000,0" yaku="8,1" doraHai="71" who="1" fromWho="0" sc="513,-13,320,13,64,0,103,0" owari="500,60.0,333,13.3,64,-43.6,103,-29.7" /></mjloggm>