<mjloggm ver="2.3"><GO type="169" lobby="0"/><UN n0="%E7%B4%AB%E3%81%AE%E9%8F%A1" n1="%E4%BA%AC%E9%83%BD%34%30" n2="%E3%83%80%E3%83%95%E3%83%88%E3%83%91%E3%83%B3%E3%83%84" n3="%E3%81%82%E3%81%9F%E3%81%8B%E3%81%AA" dan="17,16,17,17" rate="2164.07,2106.52,2210.50,2171.99" sx="M,M,M,M"/><TAIKYOKU oya="0"/><INIT seed="0,0,0,2,3,129" ten="250,250,250,250" oya="0" hai0="65,73,75,20,77,11,1,101,134,79,40,9,98" hai1="67,49,72,118,115,94,104,86,78,106,107,90,121" hai2="127,13,68,132,2,14,33,61,103,76,84,26,22" hai3="23,95,32,122,3,126,113,130,135,56,85,97,100"/><T36/><D65/><U34/><E67/><V83/><F2/><W5/><G32/><T19/><D40/><U52/><E118/><V24/><F127/><W43/><G113/><T99/><D36/><U29/><E121/><V81/><F68/><W4/><G130/><T120/><D120/><U119/><E119/><V133/><F61/><W109/><G109/><T21/><D19/><U57/><E115/><V42/><F42/><W131/><G3/><T12/><D1/><U51/><E72/><V28/><F103/><W125/><G131/><T37/><D37/><U91/><E78/><V59/><F59/><W116/><G116/><T17/><D17/><U45/><E91/><V7/><F81/><W54/><G43/><T58/><D58/><U123/><E123/><V41/><F7/><W44/><G44/><T88/><D88/><U111/><E111/><V64/><F64/><W80/><G23/><T31/><D31/><U117/><E117/><V69/><F69/><W48/><G122/><T62/><D62/><U8/><E8/><V128/><F41/><W0/><G0/><T89/><D89/><U102/><E102/><V93/><F93/><W96/><G96/><T92/><D101/><U60/><REACH who="1" step="1"/><E45/><REACH who="1" ten="250,240,250,250" step="2"/><V10/><F128/><W74/><G74/><T30/><D75/><U66/><E66/><V114/><F114/><W108/><G108/><T46/><D73/><U39/><E39/><V63/><F10/><W50/><G100/><N who="0" m="60487" /><D9/><U53/><E53/><V35/><F76/><W105/><G54/><T87/><D77/><U71/><E71/><V82/><F83/><RYUUKYOKU ba="0,1" sc="250,-10,240,30,250,-10,250,-10" hai1="29,34,49,51,52,57,60,86,90,94,104,106,107" /><INIT seed="1,1,1,0,2,130" ten="240,270,240,240" oya="1" hai0="95,132,11,43,92,3,14,67,6,48,100,49,98" hai1="15,47,33,84,58,38,8,44,93,37,134,10,29" hai2="41,61,26,69,115,113,72,36,27,121,9,24,127" hai3="82,108,16,66,65,45,87,21,35,50,17,101,22"/><U94/><E33/><V18/><F72/><W12/><G108/><T111/><D111/><U52/><E29/><V118/><F118/><W81/><G35/><T5/><D67/><U40/><E134/><V109/><F109/><W116/><G101/><T114/><D114/><N who="2" m="43530" /><F121/><W76/><G82/><T34/><D34/><U96/><E84/><V78/><F78/><W28/><G28/><T119/><D119/><U105/><E105/><V60/><F69/><W106/><G106/><T79/><D79/><U4/><E8/><V53/><F53/><W25/><REACH who="3" step="1"/><G116/><REACH who="3" ten="240,270,240,230" step="2"/><T112/><D100/><U63/><E96/><V117/><F117/><W135/><G135/><T75/><D98/><U86/><E86/><V46/><F127/><W74/><G74/><T55/><D75/><U70/><E70/><V1/><F18/><W77/><G77/><T126/><D126/><U56/><REACH who="1" step="1"/><E58/><REACH who="1" ten="240,260,240,230" step="2"/><V131/><F131/><W85/><G85/><T88/><D132/><U125/><E125/><V64/><F9/><W80/><G80/><T123/><D11/><U124/><E124/><V59/><F1/><W23/><G23/><T122/><D3/><U62/><E62/><AGARI ba="1,3" hai="24,26,27,36,41,46,59,60,61,62,64" m="43530" machi="62" ten="30,1000,0" yaku="11,1" doraHai="130" who="2" fromWho="1" sc="240,0,260,-13,240,43,230,0" /><INIT seed="2,0,0,2,4,110" ten="240,247,283,230" oya="2" hai0="101,16,13,56,11,52,42,115,23,73,51,91,108" hai1="30,72,66,134,5,57,44,63,123,133,58,27,70" hai2="34,112,48,113,54,10,69,127,104,21,3,15,128" hai3="35,82,118,62,60,98,28,76,111,1,85,68,61"/><V92/><F69/><W59/><G111/><T31/><D108/><U8/><E72/><V74/><F74/><W46/><G118/><T17/><D73/><U96/><E123/><V64/><F104/><W99/><G1/><T106/><D115/><N who="2" m="44106" /><F34/><W126/><G68/><T47/><D31/><U121/><E121/><V75/><F75/><W18/><G35/><T12/><D91/><U102/><E44/><N who="2" m="27911" /><F64/><W41/><G28/><T117/><D117/><U109/><E109/><V37/><F37/><W32/><G32/><T114/><D114/><U124/><E70/><V53/><F53/><W22/><G59/><T43/><REACH who="0" step="1"/><D56/><REACH who="0" ten="230,247,283,230" step="2"/><U0/><E57/><V38/><F127/><W49/><REACH who="3" step="1"/><G126/><REACH who="3" ten="230,247,283,220" step="2"/><T55/><D55/><U7/><E124/><V100/><F128/><W135/><G135/><T50/><D50/><U94/><REACH who="1" step="1"/><E7/><REACH who="1" ten="230,237,283,220" step="2"/><V36/><F38/><W19/><G19/><T24/><D24/><AGARI ba="0,3" hai="18,22,24,41,46,49,60,61,62,76,82,85,98,99" machi="24" ten="40,5200,0" yaku="1,1,8,1,53,1" doraHai="110" doraHaiUra="79" who="3" fromWho="0" sc="230,-52,237,0,283,0,220,82" /><INIT seed="3,0,0,3,2,134" ten="178,237,283,302" oya="3" hai0="122,95,35,133,127,123,86,116,108,52,15,66,57" hai1="67,126,98,82,26,20,87,129,94,48,90,3,68" hai2="100,1,97,2,106,88,114,73,110,53,79,124,12" hai3="121,104,120,47,125,119,56,72,42,76,80,13,61"/><W78/><G119/><T16/><D116/><U89/><E3/><V39/><F39/><W43/><G104/><T64/><D35/><U130/><E48/><V19/><F114/><W38/><G76/><T28/><D28/><U103/><E67/><V63/><F110/><W62/><G43/><T40/><D108/><U65/><E65/><V8/><F73/><W51/><G125/><T31/><D133/><U113/><E68/><V9/><F79/><W30/><G30/><T135/><D135/><U84/><E113/><V32/><F32/><W50/><G61/><T115/><D115/><U111/><E111/><V71/><F71/><W23/><G23/><T105/><D105/><U118/><E118/><V60/><F60/><W27/><G27/><T109/><D109/><U75/><E75/><V37/><F37/><W128/><G13/><T45/><D31/><U85/><E20/><V36/><F36/><W34/><G128/><N who="1" m="49258" /><E26/><V14/><F1/><W91/><G34/><T74/><D74/><U112/><E112/><V69/><F2/><W10/><G10/><T21/><D123/><U107/><E85/><V58/><F69/><W24/><G24/><T77/><D122/><U4/><E4/><V17/><F88/><W102/><G91/><N who="0" m="53751" /><D77/><U41/><E41/><V25/><F25/><W92/><G120/><T70/><D70/><U59/><E59/><V81/><F81/><W33/><G121/><T5/><D5/><U49/><E49/><V83/><F83/><W7/><G33/><T55/><D40/><U29/><E29/><V101/><F101/><W54/><G7/><RYUUKYOKU ba="0,0" sc="178,-30,237,10,283,10,302,10" hai1="82,84,87,89,90,94,98,103,107,126" hai2="8,9,12,14,17,19,53,58,63,97,100,106,124" hai3="38,42,47,50,51,54,56,62,72,78,80,92,102" /><INIT seed="3,1,0,1,5,5" ten="148,247,293,312" oya="3" hai0="120,55,134,86,74,37,99,24,84,108,50,123,4" hai1="33,45,129,128,36,116,78,31,95,3,83,131,59" hai2="96,114,63,124,100,103,111,8,119,85,16,52,27" hai3="9,112,117,60,71,6,40,67,106,80,66,89,21"/><W56/><G112/><T18/><D74/><U51/><E3/><V70/><F119/><W49/><G106/><T97/><D37/><U17/><E116/><V93/><F114/><W118/><G21/><T61/><D108/><U91/><E36/><V113/><F113/><W10/><G10/><T104/><D134/><U72/><E59/><N who="2" m="35303" /><F70/><W38/><G89/><T122/><D61/><U121/><E121/><V47/><F124/><W79/><G66/><T12/><D24/><N who="1" m="18663" /><E17/><V0/><F0/><N who="3" m="199" /><G49/><T57/><D4/><U14/><E14/><N who="2" m="7239" /><F111/><W115/><G56/><T77/><D104/><U48/><E45/><V32/><F32/><W11/><G11/><T7/><D7/><U94/><E94/><V53/><F85/><AGARI ba="1,0" hai="48,51,72,78,83,85,91,95,128,129,131" m="18663" machi="85" ten="30,1000,0" yaku="19,1" doraHai="5" who="1" fromWho="2" sc="148,0,247,13,293,-13,312,0" /><INIT seed="4,0,0,3,4,103" ten="148,260,280,312" oya="0" hai0="102,49,100,1,85,87,55,63,60,31,106,29,18" hai1="97,96,27,123,88,83,81,90,56,7,134,51,95" hai2="35,11,59,53,8,69,127,94,122,125,54,26,28" hai3="101,131,75,112,119,61,58,12,6,46,74,118,4"/><T37/><D37/><U108/><E108/><V2/><F122/><W17/><G101/><N who="0" m="39019" /><D1/><U92/><E123/><V76/><F69/><W86/><G75/><T109/><D106/><U70/><E134/><V21/><F76/><W40/><G112/><T10/><D109/><U15/><E70/><V43/><F43/><W77/><G131/><T98/><D98/><U66/><E27/><V38/><F38/><W132/><G74/><T42/><D42/><U82/><E51/><V84/><F35/><W33/><G33/><T3/><D3/><U5/><REACH who="1" step="1"/><E15/><REACH who="1" ten="148,250,280,312" step="2"/><V34/><F8/><W133/><G132/><T117/><D117/><U110/><E110/><V45/><F11/><W39/><G133/><T30/><D60/><AGARI ba="0,1" hai="5,7,56,60,66,81,82,83,88,90,92,95,96,97" machi="60" ten="40,8000,1" yaku="1,1,9,1,8,1,54,1,53,0" doraHai="103" doraHaiUra="126" who="1" fromWho="0" sc="148,-80,250,90,280,0,312,0" /><INIT seed="5,0,0,0,5,117" ten="68,340,280,312" oya="1" hai0="77,28,19,113,31,76,10,23,109,95,120,29,13" hai1="46,59,21,134,48,9,69,40,2,64,106,30,107" hai2="4,70,79,7,83,33,98,43,112,25,24,61,5" hai3="118,71,78,130,42,72,38,94,86,122,60,68,67"/><U125/><E134/><V127/><F127/><W63/><G118/><T11/><D109/><U53/><E125/><V135/><F135/><W74/><G122/><T15/><D113/><U110/><E110/><V80/><F112/><W0/><G0/><T66/><D66/><U119/><E119/><V97/><F33/><W121/><G121/><T115/><D115/><U16/><E30/><V54/><F61/><W6/><G6/><T22/><D95/><U39/><E9/><V32/><F32/><W126/><G126/><T47/><D47/><U129/><E2/><V111/><F111/><W99/><G130/><T45/><D45/><U84/><E84/><V93/><F70/><W1/><G1/><T57/><D57/><U101/><E101/><V52/><F43/><W85/><G38/><T82/><D120/><U35/><E35/><V81/><F79/><W131/><G74/><T75/><REACH who="0" step="1"/><D77/><REACH who="0" ten="58,340,280,312" step="2"/><U103/><E103/><V123/><F123/><W50/><G71/><T26/><D26/><N who="2" m="10346" /><F93/><W55/><G68/><T89/><D89/><U41/><E41/><V73/><F73/><W91/><G72/><T3/><D3/><U90/><E90/><V65/><F65/><W92/><G131/><T14/><D14/><N who="1" m="9367" /><E129/><V51/><F51/><W49/><G50/><T18/><AGARI ba="0,1" hai="10,11,13,15,18,19,22,23,28,29,31,75,76,82" machi="18" ten="30,4000,0" yaku="1,1,0,1,9,1,53,0" doraHai="117" doraHaiUra="44" who="0" fromWho="0" sc="58,50,340,-20,280,-10,312,-10" /><INIT seed="6,0,0,1,4,75" ten="108,320,270,302" oya="2" hai0="77,85,79,117,23,8,66,31,62,131,55,50,109" hai1="76,63,27,96,21,29,58,67,86,20,7,10,17" hai2="130,64,80,128,94,42,112,72,30,91,13,102,53" hai3="87,104,24,124,6,36,123,41,74,73,82,40,97"/><V60/><F30/><W5/><G123/><T61/><D109/><U115/><E115/><V132/><F132/><W127/><G24/><T120/><D120/><U110/><E110/><V51/><F112/><W32/><G97/><T114/><D114/><U78/><E96/><V4/><F42/><N who="3" m="16491" /><G104/><T70/><D131/><N who="2" m="50218" /><F102/><W19/><G19/><T46/><D117/><U43/><E86/><N who="2" m="52599" /><F4/><N who="3" m="1643" /><G32/><T88/><D8/><U122/><E43/><V135/><F13/><W57/><G57/><T45/><D45/><U126/><E126/><N who="3" m="48170" /><G36/><T34/><D34/><U25/><REACH who="1" step="1"/><E122/><REACH who="1" ten="108,310,270,302" step="2"/><V113/><F113/><W71/><G71/><T121/><D121/><U2/><AGARI ba="0,1" hai="2,7,10,17,20,21,25,27,29,58,63,67,76,78" machi="2" ten="20,12000,2" yaku="1,1,2,1,0,1,7,1,52,2,53,0" doraHai="75" doraHaiUra="101" who="1" fromWho="1" sc="108,-30,310,130,270,-60,302,-30" /><INIT seed="7,0,0,3,3,114" ten="78,440,210,272" oya="3" hai0="21,107,87,58,65,119,41,70,59,45,19,97,46" hai1="99,43,36,27,91,42,72,12,133,64,57,84,79" hai2="7,135,0,112,61,24,60,128,88,38,47,68,104" hai3="121,105,131,53,15,83,17,94,108,10,100,50,20"/><W126/><G121/><T55/><D107/><U26/><E72/><V118/><F118/><W5/><G126/><T30/><D30/><U67/><E79/><V80/><F112/><W54/><G131/><T89/><D97/><U25/><E99/><V52/><F128/><W75/><G105/><T32/><D32/><U123/><E123/><V14/><F135/><W111/><G100/><T51/><D21/><U63/><E36/><V35/><F104/><W110/><G94/><T122/><D19/><U98/><E67/><V49/><F38/><W74/><G83/><T109/><D87/><U82/><E133/><V69/><F0/><W81/><G81/><T78/><D89/><N who="1" m="51351" /><E12/><V29/><F69/><W34/><G34/><T106/><D78/><U33/><E33/><V71/><F68/><W134/><G134/><T31/><D31/><U11/><E11/><V40/><F71/><W130/><G130/><T73/><D73/><N who="3" m="27657" /><G50/><T120/><D106/><U28/><E28/><V86/><REACH who="2" step="1"/><F40/><REACH who="2" ten="78,440,200,272" step="2"/><W8/><G111/><T96/><D109/><U116/><E116/><V115/><F115/><W23/><G110/><T9/><D119/><U3/><E3/><V95/><F95/><AGARI ba="0,1" hai="25,26,27,42,43,57,63,64,91,95,98" m="51351" machi="95" ten="30,1000,0" yaku="8,1" doraHai="114" who="1" fromWho="2" sc="78,0,440,20,200,-10,272,0" owari="78,-42.2,460,56.0,190,-21.0,272,7.2" /></mjloggm>