<mjloggm ver="2.3"><GO type="169" lobby="0"/><UN n0="%E8%BE%9B%E5%8F%A3%E3%82%AB%E3%83%AC%E3%83%BC%E3%83%A9%E3%82%A4%E3%82%B9" n1="%E3%83%A2%E3%82%A4%E3%83%92%E3%83%A3%E3%83%B3" n2="%E3%83%A8%E3%82%B3%E3%83%86%E3%82%A3%E3%83%B3%40" n3="%E6%B2%B3%E7%AB%A5%E3%81%AE%E3%83%AF%E3%82%AB%E3%83%9E%E3%83%84" dan="16,17,16,19" rate="2120.82,2157.05,2084.94,2315.48" sx="M,M,M,M"/><TAIKYOKU oya="0"/><INIT seed="0,0,0,5,4,83" ten="250,250,250,250" oya="0" hai0="43,70,109,110,135,72,120,103,101,12,4,32,42" hai1="49,14,52,29,71,3,92,118,134,97,66,107,90" hai2="133,34,82,126,57,40,68,114,121,47,13,122,89" hai3="61,131,22,51,80,65,9,23,125,53,44,17,81"/><T77/><D120/><U21/><E118/><V78/><F114/><W87/><G131/><T84/><D32/><U36/><E134/><V64/><F68/><W105/><G105/><T46/><D70/><U0/><E36/><V20/><F34/><W24/><G125/><T63/><D72/><U102/><E66/><V59/><F126/><W111/><G111/><N who="0" m="42507" /><D135/><U62/><E62/><V86/><F133/><W108/><G108/><T60/><D4/><U25/><E14/><V7/><F7/><W10/><G80/><N who="0" m="47119" /><D12/><U94/><E71/><V124/><F124/><W30/><G61/><N who="0" m="23627" /><D42/><U99/><REACH who="1" step="1"/><E107/><REACH who="1" ten="250,240,250,250" step="2"/><V5/><F13/><N who="3" m="9519" /><G65/><T15/><D15/><U128/><E128/><V117/><F64/><W127/><G127/><T123/><D123/><U106/><E106/><V85/><F121/><W67/><G67/><T132/><D132/><U129/><E129/><V2/><F122/><W26/><G24/><T113/><D113/><U55/><E55/><V33/><F5/><W50/><G51/><AGARI ba="0,1" hai="43,46,51,101,103" m="23627,47119,42507" machi="51" ten="30,5800,0" yaku="14,1,10,1,52,1" doraHai="83" who="0" fromWho="3" sc="250,68,240,0,250,0,250,-58" /><INIT seed="0,1,0,4,4,12" ten="318,240,250,192" oya="0" hai0="103,84,25,7,94,58,48,13,54,69,117,81,116" hai1="55,74,26,43,68,56,27,16,132,80,39,90,3" hai2="92,23,119,108,99,83,22,2,88,71,33,122,82" hai3="91,87,86,73,120,125,106,62,50,126,38,104,64"/><T110/><D69/><U78/><E3/><V31/><F122/><W9/><G38/><T15/><D110/><U4/><E4/><V37/><F37/><W111/><G73/><T47/><D116/><U123/><E123/><V85/><F71/><W100/><G120/><T65/><D117/><U40/><E132/><V61/><F2/><W45/><G111/><T1/><D1/><U14/><E68/><V8/><F108/><W76/><G76/><T75/><D7/><U72/><E72/><V107/><F8/><W53/><G9/><T93/><D75/><U18/><E90/><V46/><F33/><W101/><G100/><T5/><D25/><U66/><E66/><V20/><F31/><W102/><G101/><T21/><D5/><U129/><E129/><V97/><F107/><N who="3" m="41003" /><G102/><T134/><D134/><U42/><E39/><V57/><F46/><W28/><G28/><T114/><D114/><U6/><E6/><V29/><F29/><W0/><G91/><T113/><D113/><U44/><E44/><V77/><F119/><W105/><G105/><T59/><D13/><U30/><E14/><V41/><F77/><W49/><G0/><T36/><D36/><U63/><REACH who="1" step="1"/><E27/><REACH who="1" ten="318,230,250,192" step="2"/><V17/><F88/><W60/><G64/><T52/><D65/><U133/><E133/><V51/><F97/><W24/><G24/><T121/><D121/><U11/><E11/><V130/><F99/><W19/><G45/><T127/><D47/><U79/><E79/><V124/><F130/><W96/><G96/><T128/><D128/><U115/><E115/><V135/><F135/><RYUUKYOKU ba="1,1" sc="318,-10,230,30,250,-10,192,-10" hai1="16,18,26,30,40,42,43,55,56,63,74,78,80" /><INIT seed="1,2,1,2,5,57" ten="308,260,240,182" oya="1" hai0="95,109,54,113,34,30,42,89,20,58,69,85,22" hai1="80,5,110,119,16,87,9,41,38,83,11,112,74" hai2="127,27,122,19,15,55,103,40,115,64,75,106,51" hai3="32,13,45,6,88,2,77,92,105,131,72,23,48"/><U63/><E119/><V116/><F116/><W53/><G32/><T70/><D113/><U24/><E112/><V133/><F122/><W128/><G105/><T26/><D109/><U114/><E114/><V94/><F115/><W135/><G2/><T129/><D129/><N who="3" m="49737" /><G135/><T36/><D36/><U82/><E110/><V3/><F3/><W97/><G23/><T71/><REACH who="0" step="1"/><D42/><REACH who="0" ten="298,260,240,182" step="2"/><U18/><E38/><V73/><F40/><W33/><G33/><T120/><D120/><U25/><E41/><V102/><F133/><W17/><G6/><T0/><D0/><U56/><E5/><V28/><F127/><W86/><G72/><T132/><D132/><U61/><E74/><V93/><F75/><W78/><G17/><N who="1" m="6762" /><E87/><V107/><F73/><W49/><G13/><T101/><D101/><U117/><E117/><V62/><F19/><W104/><G49/><AGARI ba="2,2" hai="20,22,26,30,34,49,54,58,69,70,71,85,89,95" machi="49" ten="40,2600,0" yaku="1,1,53,1" doraHai="57" doraHaiUra="90" who="0" fromWho="3" sc="298,52,260,0,240,0,182,-32" /><INIT seed="2,0,0,0,3,83" ten="350,260,240,150" oya="2" hai0="131,45,118,128,130,16,22,60,57,49,36,75,134" hai1="129,61,70,46,89,96,97,18,65,47,88,43,42" hai2="72,34,30,116,27,14,91,104,99,38,111,20,11" hai3="50,135,102,100,28,127,107,121,3,67,64,124,81"/><V122/><F122/><W21/><G121/><T95/><D134/><U98/><E129/><V26/><F116/><W41/><G3/><T63/><D118/><U92/><E18/><V53/><F38/><W66/><G107/><T86/><D75/><U17/><E17/><V5/><F72/><W74/><G74/><T115/><D115/><U68/><E68/><V106/><F111/><W103/><G81/><T123/><D123/><U114/><E114/><V40/><F40/><W32/><G21/><T37/><D95/><U19/><E19/><V69/><F69/><W23/><G23/><T80/><D49/><U9/><E9/><V133/><F133/><W84/><G135/><T126/><D126/><N who="3" m="48169" /><G50/><T55/><D63/><U120/><E120/><V101/><F53/><W110/><G41/><T7/><D7/><U85/><E89/><V29/><REACH who="2" step="1"/><F91/><REACH who="2" ten="350,260,230,150" step="2"/><W62/><G110/><T51/><D37/><U119/><E119/><V24/><F24/><N who="3" m="18439" /><G84/><T71/><D36/><U8/><E85/><V76/><F76/><W93/><G62/><T4/><D71/><U6/><E43/><V94/><AGARI ba="0,1" hai="5,11,14,20,26,27,29,30,34,94,99,101,104,106" machi="94" ten="20,3900,0" yaku="1,1,0,1,7,1,53,0" doraHai="83" doraHaiUra="12" who="2" fromWho="2" sc="350,-13,260,-13,230,49,150,-13" /><INIT seed="2,1,0,0,1,110" ten="337,247,279,137" oya="2" hai0="41,63,47,132,66,79,28,87,50,111,97,130,40" hai1="105,45,27,68,67,34,59,29,9,75,95,115,117" hai2="112,69,104,17,91,86,122,89,118,21,2,124,14" hai3="109,3,23,8,88,99,98,84,16,60,131,33,1"/><V5/><F118/><W53/><G33/><T39/><D111/><U120/><E117/><V72/><F72/><W85/><G109/><T81/><D132/><U76/><E120/><V55/><F122/><W61/><G131/><T78/><D130/><U51/><E105/><V42/><F42/><W26/><G84/><T90/><D28/><U123/><E123/><V49/><F69/><W73/><G73/><T46/><REACH who="0" step="1"/><D97/><REACH who="0" ten="327,247,279,137" step="2"/><U37/><E29/><V48/><F124/><W65/><G99/><T64/><D64/><U12/><E67/><V32/><F32/><W52/><G98/><T10/><D10/><U4/><E9/><V129/><F21/><W133/><G133/><T116/><D116/><U119/><E34/><V80/><F129/><W127/><G127/><T6/><D6/><U134/><E4/><V0/><F5/><W113/><G8/><T57/><AGARI ba="1,1" hai="39,40,41,46,47,50,57,63,66,78,79,81,87,90" machi="57" ten="20,5200,0" yaku="1,1,0,1,7,1,53,1" doraHai="110" doraHaiUra="70" who="0" fromWho="0" sc="327,65,247,-14,279,-27,137,-14" /><INIT seed="3,0,0,2,4,122" ten="392,233,252,123" oya="3" hai0="44,87,39,126,11,117,24,96,32,77,125,72,75" hai1="121,80,106,68,127,95,56,50,84,92,135,48,63" hai2="61,45,1,26,111,36,107,105,134,29,113,132,28" hai3="41,71,31,54,65,27,9,12,60,16,55,90,110"/><W59/><G41/><N who="0" m="22591" /><D117/><U101/><E121/><V47/><F1/><W53/><G90/><T21/><D32/><U19/><E106/><V100/><F100/><W97/><G97/><T76/><D96/><U42/><E68/><V131/><F61/><W86/><G86/><T104/><D104/><U64/><E135/><V109/><F26/><W37/><G37/><T124/><D11/><U73/><E73/><N who="0" m="28233" /><D87/><U18/><E50/><V91/><F91/><W8/><G9/><T129/><D129/><U82/><E82/><V70/><F36/><W10/><G8/><T4/><D4/><U25/><E84/><V40/><F40/><W62/><REACH who="3" step="1"/><G110/><REACH who="3" ten="392,233,252,113" step="2"/><T116/><D116/><U34/><E101/><V81/><F111/><W79/><G79/><T130/><D130/><U38/><E38/><V99/><F109/><W93/><G93/><T123/><D123/><U15/><E95/><V69/><F131/><W51/><G51/><T115/><D115/><U22/><E92/><V118/><F113/><W14/><G14/><T85/><D85/><U112/><E112/><V13/><F107/><W35/><AGARI ba="0,1" hai="10,12,16,27,31,35,53,54,55,59,60,62,65,71" machi="35" ten="20,12000,1" yaku="1,1,0,1,7,1,54,1,53,1" doraHai="122" doraHaiUra="23" who="3" fromWho="3" sc="392,-40,233,-40,252,-40,113,130" /><INIT seed="3,1,0,3,0,78" ten="352,193,212,243" oya="3" hai0="36,3,117,119,87,16,109,12,20,95,21,53,39" hai1="104,112,74,65,43,69,14,128,105,76,29,66,97" hai2="52,68,83,19,51,60,44,57,64,75,107,70,133" hai3="113,115,100,30,28,82,17,67,85,111,25,134,114"/><W102/><G134/><T110/><D3/><U8/><E112/><V23/><F133/><W91/><G111/><N who="0" m="42507" /><D53/><U71/><E128/><V32/><F32/><W54/><G67/><T59/><D59/><U2/><E2/><V18/><F107/><W27/><G54/><T108/><D108/><U125/><E125/><V47/><F47/><W124/><G124/><T79/><D21/><U99/><E43/><V13/><REACH who="2" step="1"/><F18/><REACH who="2" ten="352,193,202,243" step="2"/><W0/><G17/><T77/><D117/><U37/><E105/><V35/><F35/><W86/><G114/><T22/><D119/><U50/><E104/><V101/><F101/><W56/><G113/><T98/><D16/><U9/><E37/><V106/><F106/><W6/><G115/><T40/><D39/><U135/><E135/><V116/><F116/><W81/><G100/><T127/><D36/><U4/><E29/><V1/><F1/><W121/><G102/><T93/><D127/><U63/><E4/><V15/><F15/><W103/><G103/><T73/><D12/><U46/><E14/><V26/><F26/><N who="3" m="9739" /><G0/><T89/><D20/><U96/><E9/><V123/><F123/><W88/><G121/><T10/><D22/><U94/><E8/><V55/><F55/><W58/><G6/><T41/><D10/><U31/><E31/><AGARI ba="1,1" hai="28,30,31,56,58,81,82,85,86,88,91" m="9739" machi="31" ten="30,11600,0" yaku="8,1,52,2,54,1" doraHai="78" who="3" fromWho="1" sc="352,0,193,-119,202,0,243,129" /><INIT seed="3,2,0,5,1,75" ten="352,74,202,372" oya="3" hai0="101,111,113,55,23,77,74,27,25,124,5,100,31" hai1="51,118,129,48,2,30,134,58,3,38,91,84,87" hai2="67,22,79,12,72,32,50,104,112,44,135,110,105" hai3="8,56,108,15,16,123,82,122,95,96,115,18,94"/><W97/><G115/><T45/><D113/><U17/><E38/><V63/><F112/><W65/><G108/><T46/><D111/><U61/><E134/><V66/><F32/><W62/><G82/><T42/><D124/><U60/><E129/><V83/><F110/><W19/><G122/><T37/><D5/><U121/><E121/><V53/><F135/><W78/><G78/><T47/><D47/><U20/><E118/><V29/><F67/><W128/><G128/><T107/><D107/><U49/><E30/><V35/><F35/><W116/><G116/><T92/><D92/><U26/><E61/><V98/><F98/><W70/><G70/><T54/><D27/><U88/><E87/><V85/><F72/><W89/><REACH who="3" step="1"/><G123/><REACH who="3" ten="352,74,202,362" step="2"/><T13/><D77/><U68/><E68/><V103/><F79/><W28/><G28/><T11/><D31/><U21/><E91/><AGARI ba="2,1" hai="8,15,16,18,19,56,62,65,89,91,94,95,96,97" machi="91" ten="30,12000,1" yaku="1,1,7,1,9,1,8,1,54,1,53,0" doraHai="75" doraHaiUra="0" who="3" fromWho="1" sc="352,0,74,-126,202,0,362,136" owari="352,15.2,-52,-55.2,202,-19.8,498,59.8" /></mjloggm>