<mjloggm ver="2.3"><GO type="169" lobby="0"/><UN n0="%64%72%61%65%74%63" n1="%E3%83%8F%E3%82%BA%E3%83%AC" n2="%E9%AB%98%E6%A9%8B%E8%89%AF%E5%A4%AA" n3="%E3%82%B9%E3%82%AB%E3%83%9D%E3%83%B3" dan="16,17,16,17" rate="2133.70,2196.76,2129.53,2152.58" sx="M,M,M,M"/><TAIKYOKU oya="0"/><INIT seed="0,0,0,1,1,62" ten="250,250,250,250" oya="0" hai0="70,104,9,113,27,135,45,29,106,120,15,109,124" hai1="102,95,98,111,78,110,19,103,53,74,125,36,14" hai2="64,44,30,92,50,116,108,89,35,17,115,100,48" hai3="84,123,18,38,88,112,126,11,79,20,73,75,13"/><T66/><D113/><U60/><E36/><V10/><F115/><W28/><G112/><T24/><D120/><U34/><E34/><V119/><F108/><N who="1" m="41513" /><E125/><V117/><F100/><W121/><G126/><T134/><D109/><U67/><E53/><V0/><F30/><W69/><G69/><T99/><D45/><U81/><E103/><V83/><F83/><W61/><G61/><N who="0" m="40271" /><D124/><U25/><E25/><V3/><F35/><W41/><G41/><T4/><D27/><U97/><E97/><V5/><F17/><W7/><G38/><T54/><D54/><U94/><E94/><V32/><F32/><W129/><G28/><T91/><D91/><U76/><E76/><V96/><F50/><W132/><G79/><T49/><D49/><U52/><E52/><N who="2" m="29703" /><F0/><W105/><G123/><T68/><D68/><N who="1" m="42087" /><E14/><V63/><F63/><W56/><G121/><T2/><D15/><U46/><E46/><V86/><F64/><W87/><G13/><T118/><D118/><U57/><E57/><V33/><F33/><W37/><G56/><T82/><D82/><U80/><E80/><V72/><F72/><W122/><G75/><T39/><D39/><U93/><E93/><V47/><F47/><W133/><G73/><T128/><D99/><AGARI ba="0,0" hai="3,5,10,86,89,92,96,99,116,117,119" m="29703" machi="99" ten="30,2000,0" yaku="12,1,54,1" doraHai="62" who="2" fromWho="0" sc="250,-20,250,0,250,20,250,0" /><INIT seed="1,0,0,2,4,99" ten="230,250,270,250" oya="1" hai0="45,9,89,16,10,78,120,102,66,88,98,129,19" hai1="128,11,133,46,84,6,82,83,29,34,76,41,81" hai2="105,109,13,60,2,111,49,91,52,25,38,135,61" hai3="47,67,21,55,132,54,96,86,94,74,15,117,32"/><U24/><E133/><V22/><F2/><W113/><G74/><T119/><D119/><U103/><E103/><V116/><F116/><W123/><G123/><T3/><D78/><U72/><E128/><V37/><F13/><W121/><G113/><T27/><D129/><U70/><E70/><V97/><F135/><W26/><G132/><T1/><D120/><U53/><E53/><V100/><F91/><W107/><G32/><T68/><D45/><U31/><E31/><N who="2" m="17847" /><F37/><W122/><G107/><T127/><D127/><U114/><E114/><V69/><F69/><W115/><G115/><T4/><D66/><U17/><E17/><V87/><F87/><W125/><G67/><T40/><D40/><U90/><E90/><V63/><F38/><W50/><G125/><T77/><D77/><U23/><E34/><V0/><F0/><W7/><G117/><T64/><D64/><U12/><REACH who="1" step="1"/><E72/><REACH who="1" ten="230,240,270,250" step="2"/><V42/><F42/><W36/><G55/><T59/><D68/><U18/><E18/><V33/><F33/><W35/><G35/><T57/><D27/><U118/><E118/><V130/><F130/><W20/><G54/><T93/><D19/><U8/><E8/><V56/><F61/><W51/><G122/><T14/><D1/><U73/><E73/><V126/><F126/><W5/><G121/><T58/><AGARI ba="0,1" hai="3,4,9,10,14,16,57,58,59,88,89,93,98,102" machi="58" ten="30,7900,0" yaku="0,1,52,1,54,2" doraHai="99" who="0" fromWho="0" sc="230,89,240,-39,270,-20,250,-20" /><INIT seed="2,0,0,4,4,7" ten="319,201,250,230" oya="2" hai0="122,43,101,134,126,123,121,111,124,29,13,18,11" hai1="45,66,55,68,113,104,86,9,118,27,102,10,133" hai2="64,58,71,87,128,53,114,35,84,131,14,57,40" hai3="99,56,112,94,54,44,67,34,97,1,73,61,21"/><V8/><F35/><W93/><G34/><T92/><D43/><U16/><E118/><V109/><F114/><W81/><G112/><T103/><D103/><U98/><E113/><V83/><F40/><W59/><G1/><T79/><D79/><U115/><E115/><V24/><F24/><W15/><G44/><T125/><D101/><U108/><E108/><V80/><F64/><W2/><G2/><T110/><D92/><U6/><E133/><V51/><F58/><W33/><G33/><T82/><D82/><U49/><E6/><V42/><F71/><W60/><G73/><T78/><D78/><U119/><E119/><V26/><F26/><W23/><G81/><N who="2" m="31305" /><F42/><W12/><REACH who="3" step="1"/><G54/><REACH who="3" ten="319,201,250,220" step="2"/><T70/><D70/><U75/><E75/><V96/><F109/><N who="0" m="41482" /><D29/><U52/><E55/><V25/><F53/><W88/><G88/><T32/><D32/><U41/><E41/><V38/><F38/><W3/><G3/><T69/><D69/><U17/><E68/><V62/><F57/><W72/><G72/><T85/><D85/><U76/><E86/><V22/><F87/><W36/><G36/><T130/><D130/><U5/><E76/><V89/><F84/><W100/><G100/><T31/><D31/><U117/><E117/><V4/><F131/><W95/><G95/><T47/><D47/><U0/><E45/><V120/><F128/><W48/><G48/><T91/><D91/><U37/><E49/><V116/><F51/><W107/><G107/><T106/><D106/><U50/><E104/><V39/><F116/><W77/><G77/><T135/><AGARI ba="0,1" hai="11,13,18,121,122,123,124,125,126,134,135" m="41482" machi="135" ten="50,12000,2" yaku="5,1,18,1,14,1,34,2,52,1" doraHai="7" who="0" fromWho="0" sc="319,130,201,-30,250,-60,220,-30" /><INIT seed="3,0,0,1,0,13" ten="449,171,190,190" oya="3" hai0="101,65,29,9,72,95,32,111,81,94,135,118,108" hai1="121,30,44,68,126,34,104,38,99,11,66,41,80" hai2="17,92,45,123,132,67,36,12,82,88,23,39,27" hai3="114,10,83,129,46,122,116,58,28,47,112,0,110"/><W20/><G122/><T4/><D65/><U6/><E121/><V109/><F123/><W125/><G116/><T73/><D118/><U60/><E126/><V35/><F132/><W105/><G105/><T70/><D70/><U77/><E30/><V78/><F109/><N who="0" m="42058" /><D135/><U19/><E19/><V42/><F67/><W1/><G110/><T91/><D29/><U59/><E59/><V130/><F130/><W5/><G129/><T128/><D32/><U87/><E34/><V96/><F35/><W71/><G71/><T22/><D22/><U107/><REACH who="1" step="1"/><E99/><REACH who="1" ten="449,161,190,190" step="2"/><V86/><REACH who="2" step="1"/><F27/><REACH who="2" ten="449,161,180,190" step="2"/><W133/><G133/><T119/><D128/><U43/><E43/><V79/><F79/><W115/><G115/><T62/><D119/><U131/><E131/><V76/><F76/><W15/><G114/><T2/><D73/><U120/><E120/><V61/><F61/><W106/><G112/><T103/><D62/><U74/><E74/><V93/><F93/><W31/><G106/><T50/><D95/><U75/><E75/><V100/><F100/><W25/><G125/><T49/><D103/><U24/><E24/><V84/><F84/><W52/><G25/><T63/><D63/><U3/><AGARI ba="0,2" hai="3,6,11,38,41,44,60,66,68,77,80,87,104,107" machi="3" ten="20,5200,0" yaku="1,1,0,1,7,1,53,1" doraHai="13" doraHaiUra="57" who="1" fromWho="1" sc="449,-13,161,72,180,-13,190,-26" /><INIT seed="4,0,0,4,5,59" ten="436,233,167,164" oya="0" hai0="83,6,94,20,37,4,62,45,77,18,88,101,63" hai1="44,15,80,105,8,39,58,50,97,32,65,66,126" hai2="21,120,90,108,27,130,127,11,93,87,1,25,9" hai3="10,52,118,103,42,24,91,100,117,114,35,92,12"/><T98/><D37/><U78/><E32/><V116/><F120/><W55/><G114/><T79/><D45/><U109/><E109/><V57/><F108/><W54/><G42/><T123/><D123/><U72/><E126/><V29/><F127/><W95/><G35/><T0/><D101/><U111/><E111/><V113/><F1/><W13/><G24/><T102/><D102/><N who="3" m="38953" /><G10/><T121/><D121/><U132/><E105/><V61/><F113/><W110/><G91/><T41/><D41/><U40/><E97/><V30/><F130/><W19/><G19/><T131/><D131/><U74/><E74/><V36/><F36/><W119/><G110/><T76/><D83/><U133/><E39/><V122/><F116/><W135/><G135/><N who="1" m="51786" /><E58/><V84/><F84/><W53/><N who="3" m="13312" /><DORA hai="56" /><W134/><G134/><T23/><D23/><U48/><E48/><V107/><F107/><W89/><G89/><T70/><D70/><U28/><E28/><V5/><F122/><W33/><G33/><T82/><D82/><U106/><E106/><V71/><F71/><W99/><G99/><T124/><D124/><U112/><E112/><V81/><F81/><W16/><G16/><AGARI ba="0,0" hai="8,15,16,40,44,50,65,66,72,78,80" m="51786" machi="16" ten="30,2000,0" yaku="20,1,54,1" doraHai="59,56" who="1" fromWho="3" sc="436,0,233,20,167,0,164,-20" /><INIT seed="5,0,0,0,0,42" ten="436,253,167,144" oya="1" hai0="5,22,77,37,107,82,12,104,98,34,67,97,14" hai1="15,99,90,88,27,124,71,102,28,115,9,47,78" hai2="13,49,131,84,112,111,33,57,2,86,119,23,39" hai3="43,70,56,55,19,87,30,29,6,18,135,113,32"/><U62/><E115/><V117/><F111/><W127/><G135/><T83/><D22/><U114/><E114/><V100/><F112/><W40/><G127/><T80/><D67/><U85/><E124/><V103/><F2/><W123/><G123/><T48/><D77/><U61/><E78/><V50/><F23/><W106/><G106/><T7/><D48/><U91/><E85/><V132/><F13/><N who="0" m="5226" /><D37/><U69/><E69/><V129/><F39/><W38/><G70/><T94/><D94/><U81/><E81/><V101/><F57/><W93/><G6/><N who="0" m="2059" /><D34/><U120/><E120/><V121/><F121/><W20/><G32/><T59/><D59/><U66/><E62/><V96/><F96/><AGARI ba="0,0" hai="80,82,83,96,97,98,104,107" m="2059,5226" machi="96" ten="30,2000,0" yaku="28,2" doraHai="42" who="0" fromWho="2" sc="436,20,253,0,167,-20,144,0" /><INIT seed="6,0,0,4,4,89" ten="456,253,147,144" oya="2" hai0="53,46,85,130,55,20,39,14,100,58,2,124,44" hai1="113,126,61,75,11,49,15,52,84,116,95,60,133" hai2="45,97,38,122,23,93,10,110,73,0,34,47,91" hai3="12,16,31,70,86,103,56,7,112,37,13,24,62"/><V82/><F34/><W79/><G37/><T48/><D2/><U117/><E75/><V32/><F32/><W65/><G112/><T29/><D124/><U77/><E113/><V109/><F122/><W69/><G103/><T25/><D130/><U5/><E126/><V21/><F23/><W128/><G128/><T68/><D68/><U135/><E117/><V90/><F21/><W30/><G70/><T87/><D100/><U92/><E116/><V104/><F104/><W120/><G69/><T106/><D106/><U63/><E77/><V22/><F22/><N who="3" m="13383" /><G120/><T40/><D14/><N who="3" m="5737" /><G7/><T88/><D88/><U67/><E67/><V54/><F73/><W1/><G1/><T98/><D98/><U96/><E84/><N who="2" m="50455" /><F38/><W33/><G33/><T74/><D74/><U132/><E96/><V17/><F54/><W80/><AGARI ba="0,0" hai="30,31,56,62,65,79,80,86" m="5737,13383" machi="80" ten="30,2000,0" yaku="8,1,54,1" doraHai="89" who="3" fromWho="3" sc="456,-5,253,-5,147,-10,144,20" /><INIT seed="7,0,0,3,1,128" ten="451,248,137,164" oya="3" hai0="7,21,54,46,51,40,22,80,125,24,60,115,56" hai1="79,6,87,58,64,27,91,55,94,108,135,0,34" hai2="23,134,123,38,131,12,101,26,132,74,122,61,47" hai3="97,45,1,133,112,67,88,117,8,127,129,93,14"/><W102/><G117/><T5/><D125/><U116/><E135/><N who="2" m="51755" /><F131/><W109/><G133/><T111/><D111/><U35/><E108/><V15/><F74/><W103/><G129/><T120/><D120/><N who="2" m="46122" /><F101/><N who="3" m="38411" /><G127/><T126/><D126/><U81/><E64/><V10/><F10/><W69/><G69/><T105/><D105/><U66/><E66/><V42/><F61/><W28/><G112/><T114/><D80/><U43/><E43/><V121/><N who="2" m="46130" /><V73/><DORA hai="130" /><F73/><W89/><G1/><T84/><D60/><U65/><E65/><V20/><F20/><W16/><G109/><T72/><D22/><U75/><E116/><V100/><F100/><N who="3" m="60463" /><G67/><T37/><D21/><U57/><E0/><V13/><F13/><W90/><G45/><T33/><D46/><U76/><E75/><V31/><AGARI ba="0,0" hai="12,15,23,26,31,38,42,47" m="46130,51755" machi="31" ten="50,16000,3" yaku="20,1,13,1,52,6" doraHai="128,130" who="2" fromWho="2" sc="451,-40,248,-40,137,160,164,-80" owari="411,51.1,208,-19.2,297,9.7,84,-41.6" /></mjloggm>