<mjloggm ver="2.3"><GO type="169" lobby="0"/><UN n0="%E9%B3%B3%E5%8D%97%E3%81%AE%E3%81%8A%E9%A6%AC%E3%81%95%E3%82%93" n1="%E3%83%A4%E3%83%A0%E3%83%81%E3%83%A3%E7%84%A1%E6%95%B5" n2="%E3%81%BD%E3%81%A3%E3%81%91%E3%81%95%E3%82%93" n3="%E3%82%B0%E3%83%B3%E3%83%80%E3%83%AA%E3%83%BC" dan="18,18,16,19" rate="2235.56,2235.50,2136.51,2284.95" sx="M,M,M,M"/><TAIKYOKU oya="0"/><INIT seed="0,0,0,5,2,81" ten="250,250,250,250" oya="0" hai0="76,97,21,61,118,116,117,106,100,84,51,59,131" hai1="134,79,120,85,10,130,98,5,13,15,24,39,74" hai2="90,64,95,69,91,94,63,26,1,47,78,132,44" hai3="83,87,32,68,115,73,7,52,66,72,89,108,67"/><T123/><D123/><U82/><E130/><V71/><F1/><W133/><G115/><T65/><D131/><U125/><E134/><V126/><F78/><W92/><G133/><T40/><D21/><U135/><E125/><V103/><F103/><W62/><G108/><T42/><REACH who="0" step="1"/><D51/><REACH who="0" ten="240,250,250,250" step="2"/><U20/><E120/><V12/><F132/><W55/><G32/><T109/><D109/><U119/><E135/><V99/><F126/><W75/><G7/><T56/><D56/><U110/><E110/><V46/><F26/><W14/><G14/><T107/><D107/><U88/><E15/><V23/><F23/><W2/><G2/><T11/><D11/><U86/><E39/><V36/><F12/><W27/><G27/><T128/><D128/><U129/><E129/><V104/><F104/><W33/><G33/><T58/><D58/><U17/><REACH who="1" step="1"/><E119/><REACH who="1" ten="240,240,250,250" step="2"/><V9/><F36/><W29/><G68/><T22/><D22/><U96/><E96/><V41/><F71/><W105/><G105/><T114/><D114/><U8/><E8/><V102/><F9/><W6/><G6/><T43/><D43/><U49/><E49/><V50/><F50/><W25/><G25/><T38/><D38/><U34/><E34/><V30/><F41/><W122/><G122/><T80/><AGARI ba="0,2" hai="40,42,59,61,65,76,80,84,97,100,106,116,117,118" machi="80" ten="40,7800,0" yaku="1,1,0,1,52,1,53,0" doraHai="81" doraHaiUra="19" who="0" fromWho="0" sc="240,98,240,-26,250,-26,250,-26" /><INIT seed="0,1,0,4,4,75" ten="338,214,224,224" oya="0" hai0="104,40,98,107,34,31,29,105,103,21,85,129,26" hai1="95,41,61,72,82,18,108,130,33,124,23,87,45" hai2="1,114,0,92,99,20,80,3,93,112,6,132,100" hai3="28,7,42,17,55,32,22,126,76,133,19,10,81"/><T8/><D129/><U71/><E33/><V83/><F132/><W49/><G126/><T106/><D40/><U54/><E108/><V113/><F6/><W119/><G133/><T88/><D8/><U101/><E124/><V90/><REACH who="2" step="1"/><F20/><REACH who="2" ten="338,214,214,224" step="2"/><W36/><G22/><T125/><D125/><U66/><E23/><V57/><F57/><W73/><G32/><T5/><D5/><U121/><E130/><V25/><F25/><W53/><G119/><T47/><D34/><U24/><E24/><V30/><F30/><W11/><G28/><T46/><REACH who="0" step="1"/><D29/><REACH who="0" ten="328,214,214,224" step="2"/><U51/><E121/><V64/><F64/><W97/><G7/><T2/><D2/><U74/><E66/><V43/><F43/><W70/><G42/><T89/><D89/><U60/><E41/><V35/><F35/><W118/><G118/><T120/><D120/><U134/><E134/><V58/><F58/><W111/><G11/><T110/><D110/><U94/><E71/><V109/><F109/><W13/><G10/><T52/><D52/><U37/><E54/><V78/><F78/><W65/><G70/><T102/><D102/><U38/><E101/><V116/><F116/><W68/><G111/><T14/><D14/><U79/><E79/><V63/><F63/><N who="3" m="39999" /><G13/><T131/><D131/><U39/><E61/><V91/><F91/><W50/><G55/><T27/><D27/><U48/><E60/><V62/><F62/><W123/><G123/><T15/><D15/><U135/><E135/><V4/><F4/><W77/><G76/><T12/><D12/><U59/><E59/><V84/><AGARI ba="1,2" hai="0,1,3,80,83,84,90,92,93,99,100,112,113,114" machi="84" ten="40,5200,0" yaku="1,1,5,1,0,1,53,0" doraHai="75" doraHaiUra="115" who="2" fromWho="2" sc="328,-27,214,-14,214,75,224,-14" /><INIT seed="1,0,0,0,4,120" ten="301,200,289,210" oya="1" hai0="72,111,127,39,97,28,107,77,41,128,13,34,93" hai1="44,54,57,79,76,52,87,10,38,104,4,132,108" hai2="96,24,61,102,134,37,100,121,101,43,36,15,66" hai3="53,133,62,16,63,119,5,23,59,89,114,40,117"/><U60/><E104/><V86/><F121/><W130/><G114/><T112/><D127/><U71/><E132/><V14/><F96/><W9/><G40/><T6/><D128/><U92/><E108/><V122/><F122/><W18/><G133/><T17/><D111/><U56/><E71/><V7/><F24/><W106/><G106/><T46/><D6/><U3/><E44/><V21/><F15/><W135/><G89/><T58/><D13/><U48/><REACH who="1" step="1"/><E38/><REACH who="1" ten="301,190,289,210" step="2"/><V123/><F134/><W2/><G135/><T125/><D46/><U124/><E124/><V73/><F123/><W90/><G130/><T126/><D39/><U33/><E33/><V35/><F35/><W25/><G119/><T129/><D34/><U50/><E50/><V20/><F37/><W116/><G117/><T29/><D107/><U83/><E83/><V85/><F36/><W64/><G116/><T0/><D129/><U78/><E78/><V98/><F61/><W91/><REACH who="3" step="1"/><G18/><REACH who="3" ten="301,190,289,200" step="2"/><T11/><D17/><U19/><E19/><V47/><F7/><W30/><G30/><T84/><D29/><U110/><E110/><V113/><F113/><W22/><G22/><T27/><D28/><U115/><E115/><V99/><F21/><W131/><G131/><T82/><D112/><U8/><E8/><V31/><F20/><W80/><G80/><T49/><D82/><U69/><E69/><AGARI ba="0,2" hai="2,5,9,16,23,25,53,59,62,63,64,69,90,91" machi="69" ten="30,7700,0" yaku="1,1,7,1,54,1,53,1" doraHai="120" doraHaiUra="32" who="3" fromWho="1" sc="301,0,190,-77,289,0,200,97" /><INIT seed="2,0,0,0,2,37" ten="301,113,289,297" oya="2" hai0="23,101,44,128,135,132,102,52,71,66,134,38,48" hai1="123,88,96,27,18,3,12,109,124,56,93,74,4" hai2="95,63,108,35,83,112,59,87,90,79,57,20,7" hai3="127,17,65,111,16,77,5,8,76,45,22,114,130"/><V21/><F35/><W6/><G111/><T72/><D72/><U11/><E109/><V0/><F112/><W32/><G32/><T106/><D128/><U19/><E124/><V67/><F108/><W118/><G118/><T14/><D106/><U26/><E123/><V119/><F119/><W54/><G127/><T125/><D125/><U98/><E74/><V121/><F121/><W15/><G130/><T40/><D23/><U24/><E3/><V9/><REACH who="2" step="1"/><F59/><REACH who="2" ten="301,113,279,297" step="2"/><W99/><G114/><T49/><D134/><U80/><E56/><V81/><F81/><W91/><G77/><T115/><D135/><U129/><E129/><V36/><F36/><W31/><G76/><T133/><D115/><U43/><E80/><V73/><AGARI ba="0,1" hai="0,7,9,20,21,57,63,67,73,79,83,87,90,95" machi="73" ten="20,7800,0" yaku="1,1,0,1,7,1,53,1" doraHai="37" doraHaiUra="53" who="2" fromWho="2" sc="301,-26,113,-26,279,88,297,-26" /><INIT seed="2,1,0,3,2,6" ten="275,87,367,271" oya="2" hai0="118,62,84,120,135,16,38,65,15,46,40,132,24" hai1="20,0,5,68,97,95,98,51,23,63,113,114,69" hai2="58,41,78,75,52,66,48,106,50,31,2,13,129" hai3="9,59,134,60,39,25,61,80,22,89,124,73,43"/><V103/><F2/><W108/><G108/><T127/><D120/><U83/><E51/><V44/><F129/><W71/><G134/><T117/><D24/><U42/><E42/><V37/><F31/><W91/><G124/><T107/><D107/><U100/><E83/><V123/><F123/><W30/><G71/><T26/><D26/><U8/><E69/><V19/><F66/><W130/><G130/><T93/><D127/><U111/><E111/><V101/><F106/><W64/><G39/><T116/><D84/><U87/><E87/><V102/><F78/><W57/><G43/><T131/><D93/><U12/><E97/><V55/><F75/><W67/><G9/><N who="0" m="6255" /><D131/><U54/><E54/><V17/><REACH who="2" step="1"/><F13/><REACH who="2" ten="275,87,357,271" step="2"/><W53/><G73/><T1/><D1/><U47/><E0/><V72/><F72/><W110/><G110/><T77/><D77/><U33/><E114/><V76/><F76/><W112/><G112/><T90/><D90/><U34/><E113/><V121/><F121/><W18/><G67/><T125/><D125/><U104/><E104/><V29/><F29/><W85/><G89/><T122/><D122/><U35/><E12/><V79/><F79/><W109/><G109/><T94/><D94/><U56/><E95/><V74/><F74/><W126/><G126/><T133/><D135/><U128/><E128/><V10/><F10/><W81/><G80/><T21/><D21/><U11/><E23/><V70/><F70/><AGARI ba="1,1" hai="38,40,46,62,65,70,116,117,118,132,133" m="6255" machi="70" ten="30,3900,0" yaku="12,1,52,1,54,1" doraHai="6" who="0" fromWho="2" sc="275,52,87,0,357,-42,271,0" /><INIT seed="3,0,0,4,1,42" ten="327,87,315,271" oya="3" hai0="20,97,131,48,71,82,34,124,52,104,65,75,121" hai1="108,25,3,26,70,36,87,19,21,101,130,11,77" hai2="45,126,1,47,132,10,113,23,40,14,58,125,64" hai3="84,106,9,119,61,60,123,102,63,96,83,100,127"/><W66/><G127/><N who="2" m="48649" /><F113/><W92/><G119/><T88/><D131/><U90/><E70/><V74/><F74/><W46/><G123/><T91/><D121/><U122/><E122/><V53/><F64/><W41/><G9/><T16/><D34/><U69/><E69/><V30/><F40/><W115/><G115/><T76/><D124/><U55/><E130/><V79/><F79/><W62/><G102/><T93/><D71/><U32/><E36/><V54/><F54/><W43/><G106/><T81/><D65/><U12/><E77/><V89/><F89/><W2/><G2/><T59/><D82/><U109/><E101/><V107/><F107/><W37/><G41/><T7/><D7/><U22/><E55/><V67/><F67/><W4/><G4/><T24/><D104/><U117/><E117/><V111/><F1/><W56/><REACH who="3" step="1"/><G62/><REACH who="3" ten="327,87,315,261" step="2"/><T94/><D94/><U118/><E118/><V38/><F10/><W6/><G6/><T72/><D75/><U99/><E3/><V17/><F38/><W51/><G51/><T0/><D0/><U135/><E11/><V134/><F134/><W8/><G8/><T50/><D48/><U129/><E135/><V85/><F132/><W18/><G18/><T133/><D133/><U110/><E129/><V114/><F17/><W80/><G80/><T86/><D72/><U68/><E19/><V13/><F114/><W95/><G95/><T120/><D120/><U5/><E5/><V31/><F31/><W44/><G44/><T28/><D28/><N who="1" m="19471" /><E110/><V98/><F111/><W78/><AGARI ba="0,1" hai="37,43,46,56,60,61,63,66,78,83,84,92,96,100" machi="78" ten="20,7800,0" yaku="1,1,0,1,7,1,52,1,53,0" doraHai="42" doraHaiUra="27" who="3" fromWho="3" sc="327,-26,87,-26,315,-26,261,88" /><INIT seed="3,1,0,3,4,11" ten="301,61,289,349" oya="3" hai0="124,20,126,27,88,25,33,59,123,43,64,107,26" hai1="62,35,5,6,132,94,134,114,51,18,100,48,118" hai2="89,0,85,47,133,19,66,112,75,3,127,81,108" hai3="109,44,55,113,40,120,68,32,116,72,87,38,1"/><W80/><RYUUKYOKU type="yao9" ba="1,0" sc="301,0,61,0,289,0,349,0" hai3="1,32,38,40,44,55,68,72,80,87,109,113,116,120" /><INIT seed="3,2,0,3,5,107" ten="301,61,289,349" oya="3" hai0="96,73,70,5,44,39,105,87,128,123,109,76,59" hai1="40,15,16,0,4,53,57,131,60,74,108,84,12" hai2="41,117,32,69,28,66,129,77,24,97,62,132,100" hai3="43,102,17,8,81,120,86,19,110,54,48,11,56"/><W49/><G120/><T118/><D123/><U23/><E108/><V135/><F117/><W46/><G110/><T7/><D109/><U71/><E131/><V133/><F41/><W65/><G102/><T27/><D70/><U94/><E71/><V6/><F6/><W18/><REACH who="3" step="1"/><G65/><REACH who="3" ten="301,61,289,339" step="2"/><T130/><D130/><U35/><E0/><V122/><F122/><W75/><G75/><T31/><D73/><U98/><E74/><V45/><F129/><W121/><G121/><T93/><D128/><U67/><E67/><V72/><F45/><W50/><G50/><T34/><D44/><U134/><E134/><V114/><F114/><W3/><G3/><T47/><D47/><U64/><E64/><V13/><F13/><W111/><G111/><T99/><D118/><U9/><E40/><V101/><REACH who="2" step="1"/><F97/><REACH who="2" ten="301,61,279,339" step="2"/><W83/><G83/><AGARI ba="2,2" hai="24,28,32,62,66,69,72,77,83,100,101,132,133,135" machi="83" ten="40,8000,1" yaku="1,1,2,1,20,1,52,1,53,1" doraHai="107" doraHaiUra="78" who="2" fromWho="3" sc="301,0,61,0,279,106,339,-86" /><INIT seed="4,0,0,2,0,15" ten="301,61,385,253" oya="0" hai0="10,24,112,34,87,119,0,37,116,28,100,134,54" hai1="79,59,117,27,89,40,83,6,123,93,121,122,52" hai2="105,129,131,32,81,97,98,12,2,133,82,25,7" hai3="125,75,51,1,56,73,18,103,127,44,68,86,16"/><T124/><D112/><U64/><E117/><V71/><F12/><W92/><G68/><T104/><D124/><N who="3" m="47689" /><G1/><T70/><D134/><U4/><E64/><V47/><F25/><W102/><G56/><T69/><D54/><U48/><E40/><V23/><F23/><W38/><G38/><T30/><D30/><U62/><E48/><V95/><F7/><W45/><G45/><T106/><D87/><U43/><E43/><V41/><F41/><N who="3" m="24975" /><G86/><T9/><D37/><U60/><E60/><V88/><F47/><W33/><G33/><T5/><D9/><U50/><E50/><V29/><F32/><W20/><G92/><T17/><D17/><N who="3" m="6761" /><G20/><T99/><REACH who="0" step="1"/><D104/><REACH who="0" ten="291,61,385,253" step="2"/><U39/><E39/><V85/><F105/><W111/><G111/><T3/><D3/><U63/><E122/><V108/><F2/><W42/><G42/><T58/><D58/><U110/><E123/><V8/><F71/><AGARI ba="0,1" hai="0,5,10,24,28,34,69,70,71,99,100,106,116,119" machi="71" ten="40,7700,0" yaku="1,1,23,2,53,0" doraHai="15" doraHaiUra="107" who="0" fromWho="2" sc="291,87,61,0,385,-77,253,0" /><INIT seed="4,1,0,5,5,70" ten="378,61,308,253" oya="0" hai0="135,105,100,74,88,92,131,49,75,83,50,67,113" hai1="8,12,89,62,18,116,29,101,102,0,84,6,95" hai2="82,15,22,81,32,30,17,55,73,53,85,125,21" hai3="39,23,20,43,114,110,130,46,64,109,37,108,115"/><T9/><D113/><N who="3" m="43017" /><G130/><T129/><D135/><U52/><E116/><V94/><F32/><W14/><G64/><T24/><D67/><U106/><E106/><V93/><F73/><W11/><G39/><T41/><D24/><U47/><E29/><V127/><F30/><W117/><G117/><T57/><D9/><U96/><E96/><V97/><F22/><W77/><G77/><N who="0" m="44471" /><D75/><U44/><E44/><V7/><F7/><AGARI ba="1,0" hai="7,11,14,20,23,37,43,46,108,109,110" m="43017" machi="7" ten="40,2600,0" yaku="15,1,52,1" doraHai="70" who="3" fromWho="2" sc="378,0,61,0,308,-29,253,29" /><INIT seed="5,0,0,5,0,122" ten="378,61,279,282" oya="1" hai0="90,135,116,109,7,129,91,104,15,92,67,41,81" hai1="52,51,127,38,108,74,113,49,110,133,128,24,43" hai2="61,4,106,33,87,97,117,103,121,32,35,77,58" hai3="102,120,14,131,18,9,2,57,55,28,37,1,118"/><U93/><E74/><V60/><F117/><W29/><G120/><T79/><D109/><N who="1" m="42091" /><E113/><V39/><F39/><W72/><G37/><T124/><D79/><U62/><E127/><V80/><F121/><W54/><G54/><T94/><D90/><U119/><E119/><V125/><F125/><W46/><G55/><T16/><D91/><U105/><E105/><V66/><F4/><W13/><G29/><T8/><D94/><U85/><E133/><V107/><F107/><W30/><G28/><T95/><D92/><U25/><E128/><V59/><F35/><W123/><G30/><T44/><D95/><U76/><E62/><V45/><F45/><W70/><G46/><T65/><D104/><U89/><E76/><V11/><F11/><W96/><G9/><T75/><D75/><U0/><E0/><V31/><F31/><W98/><G72/><T48/><D135/><U100/><E100/><V10/><F10/><W69/><G131/><T68/><D7/><U17/><E17/><V130/><F130/><W40/><G18/><T34/><D16/><U21/><E21/><V56/><F61/><W86/><G123/><T114/><D114/><U22/><E22/><V12/><F33/><W6/><G6/><T73/><D34/><U53/><E43/><V71/><F32/><W26/><G40/><T47/><D41/><U115/><E38/><V83/><F12/><W84/><G118/><T101/><D116/><U3/><E3/><V63/><F60/><W5/><G5/><T19/><D129/><U50/><E115/><V27/><F27/><AGARI ba="0,0" hai="24,25,27,49,50,51,52,53,85,89,93" m="42091" machi="27" ten="30,12000,1" yaku="10,1,52,3,54,1" doraHai="122" who="1" fromWho="2" sc="378,0,61,120,279,-120,282,0" /><INIT seed="5,1,0,2,1,127" ten="378,181,159,282" oya="1" hai0="131,95,36,7,119,110,103,130,123,69,37,112,74" hai1="135,107,11,93,41,88,56,61,39,18,21,85,97" hai2="68,70,115,20,111,67,73,124,83,17,90,25,10" hai3="102,89,27,66,116,118,113,81,133,60,125,50,30"/><U34/><E135/><V6/><F111/><W19/><G102/><T57/><D110/><U76/><E34/><V101/><F124/><W77/><G125/><T62/><D119/><U45/><E11/><V120/><F120/><W96/><G19/><T52/><D112/><U49/><E107/><V9/><F115/><W15/><G15/><T43/><D123/><U31/><E31/><V3/><F101/><W80/><G50/><T64/><D74/><U117/><E117/><N who="3" m="45162" /><G77/><T129/><D7/><U13/><E39/><V122/><F122/><W29/><G29/><T33/><D33/><U79/><REACH who="1" step="1"/><E97/><REACH who="1" ten="378,171,159,282" step="2"/><V108/><F108/><W8/><G8/><T63/><D43/><U54/><AGARI ba="1,1" hai="13,18,21,41,45,49,54,56,61,76,79,85,88,93" machi="54" ten="20,18000,2" yaku="1,1,2,1,0,1,7,1,8,1,54,1,53,1" doraHai="127" doraHaiUra="84" who="1" fromWho="1" sc="378,-61,171,193,159,-61,282,-61" /><INIT seed="5,2,0,3,2,35" ten="317,364,98,221" oya="1" hai0="71,20,123,76,12,0,102,87,98,4,44,52,40" hai1="135,110,2,32,91,43,69,21,108,60,24,26,57" hai2="18,47,56,67,39,125,131,68,59,106,85,62,86" hai3="51,121,93,17,64,53,111,119,113,27,29,48,127"/><U11/><E69/><V14/><F106/><W33/><G111/><N who="1" m="42538" /><E135/><V128/><F125/><W124/><G121/><T42/><D123/><U97/><E43/><V116/><F116/><W94/><G64/><T13/><D71/><U45/><E45/><V73/><F73/><W25/><G113/><T104/><D40/><U100/><E91/><V122/><F122/><W126/><G119/><T115/><D115/><U72/><E32/><V103/><F103/><W22/><REACH who="3" step="1"/><G51/><REACH who="3" ten="317,364,98,211" step="2"/><T88/><D104/><U114/><E114/><V49/><F39/><W9/><G9/><T129/><D20/><U63/><E21/><N who="2" m="11479" /><F68/><W112/><G112/><T65/><D65/><U19/><E11/><V5/><F67/><W7/><G7/><T54/><D4/><U70/><E70/><V84/><F5/><W109/><G109/><T10/><D10/><U132/><E132/><V46/><F62/><W105/><G105/><T75/><D42/><U74/><E60/><V8/><F8/><W118/><G118/><T34/><D54/><U31/><E63/><V83/><F49/><W90/><G90/><T28/><D88/><U3/><E100/><V61/><F61/><W41/><G41/><T6/><D52/><U15/><E2/><V95/><F95/><W77/><G77/><T23/><D0/><U82/><E3/><V80/><F80/><W134/><G134/><T107/><D76/><U58/><E82/><V101/><F83/><W36/><G36/><T99/><D107/><U133/><E133/><V78/><F78/><W89/><G89/><T37/><D37/><U120/><E120/><RYUUKYOKU ba="2,1" sc="317,-10,364,-10,98,-10,211,30" hai3="17,22,25,27,29,33,48,53,93,94,124,126,127" /><INIT seed="6,3,1,5,2,81" ten="307,354,88,241" oya="2" hai0="64,70,52,134,31,128,26,29,83,42,4,67,57" hai1="16,9,103,79,45,87,135,106,74,18,93,61,98" hai2="125,59,96,20,131,19,37,5,95,2,40,132,58" hai3="28,65,126,27,23,17,113,112,78,80,77,47,33"/><V34/><F34/><W11/><G65/><N who="0" m="25163" /><D70/><U50/><E61/><V88/><F125/><W72/><G126/><T82/><D134/><U73/><E135/><V53/><F132/><W105/><G105/><T39/><D39/><U15/><E18/><V85/><F131/><W107/><G107/><T7/><D42/><U35/><E35/><V60/><F2/><W92/><G78/><T122/><D122/><U86/><E86/><V121/><F121/><W66/><G66/><T114/><D114/><N who="3" m="44137" /><G92/><T54/><D54/><U90/><E79/><V100/><F5/><N who="0" m="2122" /><D128/><U24/><E24/><V41/><F59/><W56/><G56/><T102/><D102/><U124/><E124/><V117/><F37/><W104/><G104/><T120/><D120/><U1/><E1/><V97/><F117/><W51/><G11/><T84/><D26/><U129/><E129/><V75/><F75/><W6/><G6/><T76/><D83/><U46/><E46/><V3/><F3/><W68/><G68/><T30/><D30/><U111/><E111/><V36/><F36/><W127/><G127/><T12/><D12/><U48/><E45/><V13/><F100/><W133/><G133/><T0/><D0/><U44/><E44/><V38/><F38/><W123/><G123/><T99/><D99/><AGARI ba="3,1" hai="13,19,20,40,41,53,58,60,85,88,95,96,97,99" machi="99" ten="40,7700,0" yaku="8,1,52,1,54,1" doraHai="81" who="2" fromWho="0" sc="307,-86,354,0,88,96,241,0" /><INIT seed="6,4,0,1,2,93" ten="221,354,184,241" oya="2" hai0="104,50,61,124,28,68,102,66,38,4,70,72,0" hai1="85,58,62,132,100,29,84,112,108,130,51,92,59" hai2="99,82,83,2,13,26,10,56,36,133,111,134,14" hai3="121,73,55,103,76,39,126,41,110,44,129,15,120"/><V21/><F36/><W31/><G110/><T30/><D38/><U8/><E108/><V135/><F111/><W27/><G103/><T90/><D72/><U45/><E112/><V64/><F2/><W125/><G55/><T65/><D124/><N who="3" m="47721" /><G129/><T106/><D50/><U52/><E132/><V49/><F49/><W88/><G88/><T69/><D90/><U20/><E58/><V97/><F82/><N who="3" m="45327" /><G15/><N who="2" m="5641" /><F83/><W107/><G107/><T89/><D89/><U47/><E47/><V77/><F77/><W71/><G71/><T37/><D37/><U57/><E57/><V115/><F115/><W40/><G40/><T123/><D123/><U22/><E130/><V12/><F56/><W54/><G54/><T18/><D68/><U5/><E51/><V80/><F80/><W19/><G19/><T1/><D18/><U3/><E45/><V43/><F43/><W128/><G128/><T118/><D104/><U24/><E59/><V6/><F64/><W131/><G131/><T63/><D118/><U86/><E52/><V25/><F25/><W11/><G11/><T75/><D75/><U79/><E79/><V74/><F74/><W35/><AGARI ba="4,0" hai="27,31,35,39,41,44,120,121" m="45327,47721" machi="35" ten="30,2000,0" yaku="18,1,23,1" doraHai="93" who="3" fromWho="3" sc="221,-9,354,-9,184,-14,241,32" /><INIT seed="7,0,0,5,4,114" ten="212,345,170,273" oya="3" hai0="94,25,43,85,54,98,119,92,3,30,111,129,64" hai1="106,49,26,52,39,132,95,71,36,55,6,75,58" hai2="47,17,93,7,125,127,63,19,34,10,101,27,20" hai3="96,13,40,84,102,28,134,120,16,50,38,33,72"/><W1/><G72/><T35/><D119/><U79/><E106/><V81/><F81/><W135/><G1/><T0/><D111/><U24/><E71/><V91/><F101/><W88/><G38/><T117/><D117/><U104/><E104/><V69/><F47/><W15/><G15/><T65/><D129/><U46/><E6/><V48/><F48/><W68/><G68/><T2/><D43/><U59/><E132/><N who="3" m="50730" /><G28/><T82/><D54/><U51/><E95/><V21/><F34/><W105/><G120/><T31/><D31/><U113/><E113/><V115/><F115/><W76/><G33/><T22/><D35/><U53/><E53/><V67/><F10/><W116/><G116/><T112/><D112/><U32/><E32/><V18/><F7/><W126/><G126/><T66/><REACH who="0" step="1"/><D98/><REACH who="0" ten="202,345,170,273" step="2"/><U44/><E55/><V109/><F109/><W118/><G118/><T61/><D61/><U74/><E52/><V60/><F63/><W42/><G50/><T4/><D4/><U11/><E51/><V87/><REACH who="2" step="1"/><F19/><REACH who="2" ten="202,345,160,273" step="2"/><W128/><G16/><T123/><D123/><U12/><E49/><V108/><F108/><W5/><G5/><T73/><D73/><U29/><E75/><V80/><F80/><W77/><G42/><T89/><AGARI ba="0,2" hai="0,2,3,22,25,30,64,65,66,82,85,89,92,94" machi="89" ten="40,5200,0" yaku="1,1,0,1,53,1" doraHai="114" doraHaiUra="83" who="0" fromWho="0" sc="202,72,345,-13,160,-13,273,-26" owari="274,7.4,332,43.2,147,-35.3,247,-15.3" /></mjloggm>