<mjloggm ver="2.3"><GO type="169" lobby="0"/><UN n0="%E5%90%89%E7%A5%A5%E5%AF%BA%4B%47" n1="%43%2D%6D%69%6E%6F%72%E2%99%AA" n2="%E9%87%A3%E3%82%8A%E6%97%A5%E5%92%8C" n3="%E2%91%A3%E9%81%BF%E9%81%8A%E6%88%AF%E3%80%90%E6%9D%B1%E5%8D%97%E3%80%91" dan="17,16,18,16" rate="2132.05,2146.42,2242.03,2132.41" sx="F,M,M,M"/><TAIKYOKU oya="0"/><INIT seed="0,0,0,1,3,103" ten="250,250,250,250" oya="0" hai0="132,120,69,125,109,64,97,14,113,32,85,77,57" hai1="33,88,5,107,25,91,128,15,40,43,13,123,6" hai2="70,12,0,50,108,89,79,81,65,11,66,68,73" hai3="104,52,10,59,49,4,131,26,106,116,134,21,36"/><T126/><D113/><U133/><E123/><V16/><F108/><W83/><G116/><T18/><D120/><U118/><E118/><V34/><F34/><W23/><G36/><T20/><D69/><U127/><E33/><V42/><F0/><W62/><G23/><T48/><D32/><U17/><E133/><V37/><F37/><W71/><G134/><T7/><D132/><U121/><E121/><V86/><F70/><W115/><G115/><T82/><D109/><U3/><E3/><V75/><F68/><W117/><G117/><T100/><D7/><U99/><E99/><V46/><REACH who="2" step="1"/><F73/><REACH who="2" ten="250,250,240,250" step="2"/><W111/><G111/><T78/><D126/><U51/><E127/><V93/><AGARI ba="0,1" hai="11,12,16,42,46,50,65,66,75,79,81,86,89,93" machi="93" ten="20,8000,1" yaku="1,1,2,1,0,1,7,1,54,1,53,0" doraHai="103" doraHaiUra="101" who="2" fromWho="2" sc="250,-40,250,-20,240,90,250,-20" /><INIT seed="1,0,0,3,2,99" ten="210,230,330,230" oya="1" hai0="96,45,33,36,79,41,2,4,19,14,24,76,22" hai1="134,31,47,91,131,26,67,62,135,88,53,49,114" hai2="39,84,46,98,25,59,103,113,3,16,106,100,117" hai3="30,80,72,27,95,35,127,58,43,101,15,110,21"/><U28/><E114/><V44/><F117/><W57/><G110/><T23/><D23/><U124/><E124/><V7/><F113/><W65/><G127/><T81/><D81/><U132/><E131/><V125/><F125/><W107/><G43/><T20/><D20/><U8/><E8/><V56/><F39/><W115/><G115/><T50/><D36/><U111/><E111/><V0/><F84/><W69/><G95/><T116/><D116/><U73/><E73/><V78/><F78/><N who="3" m="44103" /><G15/><T128/><D128/><U93/><E93/><V48/><F7/><W34/><G21/><T121/><D121/><U112/><E112/><V77/><F77/><W123/><G35/><T71/><D71/><N who="1" m="42487" /><E28/><V83/><F48/><W122/><G58/><T52/><D41/><U10/><E10/><V104/><F98/><N who="3" m="61879" /><G57/><T133/><D133/><N who="1" m="34051" /><U12/><DORA hai="85" /><E12/><V97/><F97/><W17/><G17/><T120/><D120/><U119/><E119/><V102/><F16/><W75/><G75/><T38/><D96/><U87/><E87/><V126/><F126/><W54/><G54/><T94/><D94/><U74/><E74/><V118/><F118/><W55/><G55/><T130/><D130/><U89/><E89/><V32/><F102/><W13/><G13/><T61/><D79/><U108/><E108/><V11/><F11/><W37/><G37/><T29/><D76/><U105/><E105/><V64/><F83/><W92/><G92/><T42/><D38/><U18/><E18/><V90/><F106/><W6/><G6/><T40/><D61/><AGARI ba="0,0" hai="27,30,34,61,65,69,122,123" m="61879,44103" machi="61" ten="30,3900,0" yaku="25,1,23,1,52,1" doraHai="99,85" who="3" fromWho="0" sc="210,-39,230,0,330,0,230,39" /><INIT seed="2,0,0,4,1,118" ten="171,230,330,269" oya="2" hai0="68,60,122,40,11,93,33,96,134,34,84,86,54" hai1="111,30,92,64,61,80,132,35,42,103,129,10,67" hai2="36,105,125,123,50,51,4,37,114,88,46,13,41" hai3="1,25,17,31,108,3,127,20,82,45,113,99,98"/><V26/><F114/><W110/><G113/><T87/><D134/><U12/><E132/><V85/><F105/><W22/><G45/><T52/><D122/><U89/><E111/><N who="3" m="42538" /><G82/><T72/><D72/><U91/><E129/><V74/><F123/><W21/><G99/><T29/><D40/><U38/><E35/><V43/><F74/><W48/><G48/><T14/><D34/><U106/><E30/><V95/><F125/><W32/><G98/><T70/><D29/><U115/><E106/><V47/><F26/><N who="3" m="18551" /><G127/><T53/><D33/><U28/><E80/><V71/><F71/><W77/><G77/><T0/><D0/><AGARI ba="0,0" hai="0,1,3,17,20,21,22,25" m="18551,42538" machi="0" ten="30,3900,0" yaku="14,1,34,2" doraHai="118" who="3" fromWho="0" sc="171,-39,230,0,330,0,269,39" /><INIT seed="3,0,0,5,1,49" ten="132,230,330,308" oya="3" hai0="83,48,31,131,21,73,105,72,56,5,66,44,78" hai1="13,100,19,18,45,82,96,29,122,52,84,118,74" hai2="89,120,65,111,81,17,88,125,6,63,77,85,108" hai3="127,26,113,123,135,75,16,50,133,23,14,95,37"/><W55/><G37/><T76/><D131/><U80/><E122/><V11/><F125/><W36/><G36/><T71/><D105/><U109/><E109/><N who="2" m="42059" /><F17/><W15/><G123/><T57/><D5/><U28/><E118/><V87/><F87/><W128/><G75/><T41/><D71/><U0/><E0/><N who="2" m="455" /><F120/><W61/><G128/><T35/><D35/><U59/><E45/><V33/><F33/><W116/><G116/><T64/><D64/><U106/><E74/><V67/><F67/><W129/><G129/><T121/><D66/><U130/><E19/><V103/><F103/><W99/><G113/><T34/><D34/><U101/><E101/><V104/><F104/><W4/><G127/><T124/><D124/><U3/><E3/><V60/><F60/><W20/><G4/><T94/><D121/><U117/><E117/><V97/><F97/><W54/><G61/><T27/><REACH who="0" step="1"/><D94/><REACH who="0" ten="122,230,330,308" step="2"/><U112/><E130/><V58/><AGARI ba="0,1" hai="58,63,65,77,81,85,88,89" m="455,42059" machi="58" ten="30,2000,0" yaku="14,1,54,1" doraHai="49" who="2" fromWho="2" sc="122,-5,230,-5,330,30,308,-10" /><INIT seed="4,0,0,2,1,57" ten="117,225,360,298" oya="0" hai0="40,135,61,60,118,100,109,80,126,78,55,119,59" hai1="129,15,115,120,64,123,24,73,72,111,3,11,52" hai2="68,26,128,133,5,86,51,114,54,113,48,127,66" hai3="1,34,19,99,22,91,88,0,117,8,107,122,67"/><T42/><D100/><U84/><E73/><V31/><F133/><W28/><G117/><T79/><D135/><U89/><E72/><V85/><F128/><W27/><G122/><T102/><D102/><U36/><E111/><V21/><F5/><W38/><G38/><T47/><D109/><U77/><E77/><V29/><F127/><W108/><G108/><T62/><D126/><U35/><E3/><V92/><F48/><W69/><G0/><T94/><D94/><U97/><E97/><V116/><F31/><W56/><G56/><T10/><D10/><U121/><E129/><V90/><F66/><W23/><G23/><T83/><D47/><U103/><E103/><V65/><F116/><W4/><G99/><T81/><D119/><U14/><E36/><V105/><F105/><W25/><REACH who="3" step="1"/><G107/><REACH who="3" ten="117,225,360,288" step="2"/><T53/><D118/><U82/><E121/><V124/><F21/><W18/><G18/><T39/><D39/><U13/><E120/><V106/><F106/><W87/><G87/><T71/><D71/><U112/><E84/><V134/><F85/><W45/><G45/><T17/><D17/><U33/><E123/><V70/><F70/><W76/><G76/><N who="0" m="29227" /><D59/><U132/><E132/><V6/><F124/><W7/><G7/><T125/><D125/><U74/><E74/><V12/><F134/><W101/><G101/><T98/><D98/><U46/><E46/><N who="2" m="28023" /><F6/><W37/><G37/><T32/><D32/><U50/><E35/><N who="2" m="20919" /><F68/><W49/><G49/><T96/><D96/><U131/><E33/><V75/><F75/><W93/><G93/><T104/><D104/><RYUUKYOKU ba="0,1" sc="117,15,225,-15,360,-15,288,15" hai0="40,42,53,55,60,61,62,80,81,83" hai3="1,4,8,19,22,25,27,28,34,67,69,88,91" /><INIT seed="4,1,1,0,4,36" ten="132,210,345,303" oya="0" hai0="58,3,29,106,13,55,92,60,7,15,104,72,45" hai1="102,67,35,2,48,130,96,129,125,21,42,71,117" hai2="126,98,12,5,19,68,77,46,26,80,10,6,57" hai3="134,86,50,51,0,88,23,131,9,116,28,44,69"/><T73/><D3/><U81/><E117/><V120/><F68/><W59/><G116/><T1/><D1/><U90/><E35/><V49/><F120/><W78/><G69/><T64/><D106/><U4/><E125/><V14/><F126/><W79/><G134/><T8/><D104/><U109/><E109/><V121/><F121/><W24/><G131/><N who="1" m="50186" /><E21/><V22/><F57/><W11/><G59/><T85/><D29/><U63/><E4/><V17/><F98/><W56/><G56/><T38/><D15/><U100/><E2/><V124/><F26/><W105/><G105/><T113/><D113/><U122/><E122/><V112/><F112/><W43/><G51/><T87/><D64/><U41/><E48/><V25/><F25/><W119/><G119/><T39/><D39/><U132/><E132/><V82/><F124/><W127/><G127/><T70/><D70/><U118/><E118/><V66/><F66/><W76/><G0/><T61/><D61/><U107/><E102/><V99/><F99/><W27/><G24/><T34/><D34/><U115/><E115/><V94/><F94/><AGARI ba="1,1" hai="9,11,23,27,28,43,44,50,76,78,79,86,88,94" machi="94" ten="40,5200,0" yaku="8,1,52,1,54,1" doraHai="36" who="3" fromWho="2" sc="132,0,210,0,345,-55,303,65" /><INIT seed="5,0,0,3,1,78" ten="132,210,290,368" oya="1" hai0="39,103,118,25,58,1,90,104,120,36,4,33,38" hai1="75,87,135,0,67,77,113,44,51,46,101,132,43" hai2="68,9,112,16,55,66,8,45,18,32,11,97,52" hai3="53,122,88,65,81,109,21,83,86,60,17,117,76"/><U29/><E75/><V96/><F32/><W91/><G117/><T130/><D118/><U102/><E0/><V127/><F68/><W106/><G122/><T95/><D120/><U129/><E113/><V128/><F66/><W22/><G106/><T63/><D130/><U23/><E129/><V14/><F128/><W5/><G5/><T64/><D103/><U6/><E6/><V125/><F112/><W114/><G114/><T74/><D104/><U37/><E67/><V115/><F115/><W89/><G53/><N who="2" m="20553" /><F45/><W119/><G119/><T98/><D74/><U133/><E29/><V59/><F59/><N who="3" m="37023" /><G109/><T79/><D79/><U94/><E23/><N who="3" m="8714" /><G17/><N who="2" m="6761" /><F14/><W47/><G47/><T123/><D123/><U56/><E56/><V49/><F49/><W62/><G62/><T19/><D19/><U71/><E71/><V20/><F20/><W82/><AGARI ba="0,0" hai="76,81,82,83,86,88,89,91" m="8714,37023" machi="82" ten="30,8000,1" yaku="8,1,52,3,54,1" doraHai="78" who="3" fromWho="3" sc="132,-20,210,-40,290,-20,368,80" /><INIT seed="6,0,0,0,1,4" ten="112,170,270,448" oya="2" hai0="114,41,80,132,100,23,0,93,11,34,44,19,74" hai1="91,106,131,65,95,57,76,119,102,59,108,29,113" hai2="16,24,33,105,125,30,58,26,128,121,72,116,27" hai3="15,12,130,64,25,45,60,14,7,133,73,83,85"/><V129/><F105/><W90/><G130/><N who="2" m="50281" /><F72/><W101/><G133/><T97/><D132/><U88/><E108/><V77/><F77/><W98/><G73/><T63/><D34/><U55/><E131/><V22/><F58/><W70/><G25/><N who="2" m="9833" /><F121/><W3/><G45/><T5/><D114/><U126/><E59/><V104/><F104/><W38/><G38/><T122/><D122/><U13/><E76/><V117/><F125/><W89/><G3/><T40/><D63/><U92/><E106/><V2/><F2/><W120/><G120/><T135/><D135/><U48/><E57/><V46/><F46/><W56/><G70/><T31/><D74/><U87/><E126/><V9/><F33/><W86/><G101/><T43/><D80/><U67/><E102/><V6/><F6/><W75/><G98/><T54/><D54/><U109/><E55/><V134/><F134/><W62/><G62/><T53/><D53/><U82/><E82/><V68/><F68/><W37/><G37/><T1/><D1/><U94/><E65/><V49/><F49/><W71/><G71/><T127/><D127/><U32/><E67/><V10/><F30/><W110/><G75/><T69/><D69/><U47/><E29/><V107/><F107/><W84/><G7/><T52/><D31/><U35/><E35/><V124/><F124/><W81/><G85/><T61/><D61/><U115/><E87/><V20/><F20/><W8/><G84/><T39/><D52/><U79/><E32/><V36/><F36/><W118/><G86/><T51/><D39/><U103/><E48/><RYUUKYOKU ba="0,0" sc="112,15,170,-15,270,15,448,-15" hai0="0,5,11,19,23,40,41,43,44,51,93,97,100" hai2="9,10,16,22,27,116,117" /><INIT seed="6,1,0,4,2,17" ten="127,155,285,433" oya="2" hai0="64,60,100,125,20,97,68,105,73,48,91,67,33" hai1="50,7,63,112,4,80,82,127,31,117,133,106,98" hai2="135,107,37,2,96,42,102,36,32,74,101,71,26" hai3="114,28,92,56,38,16,40,23,59,94,109,1,5"/><V122/><F122/><W10/><G109/><T58/><D125/><U39/><E39/><V93/><F135/><W57/><G114/><T108/><D108/><U85/><E117/><V12/><F12/><W116/><G116/><T113/><D113/><U65/><E112/><V13/><F13/><W87/><G28/><T61/><D33/><U72/><E133/><V111/><F111/><W81/><G40/><T78/><D91/><U55/><E31/><V130/><F130/><W15/><REACH who="3" step="1"/><G38/><REACH who="3" ten="127,155,285,423" step="2"/><T131/><D131/><U66/><E127/><V45/><F37/><W118/><G118/><T52/><D20/><U123/><E123/><V84/><F42/><W54/><G54/><T134/><D134/><U83/><E55/><V126/><F36/><W120/><G120/><T19/><D19/><U110/><E110/><V27/><F126/><W14/><G14/><T132/><D132/><U69/><E66/><V11/><F32/><W44/><G44/><T8/><D8/><U29/><E65/><V6/><F45/><W86/><G86/><T129/><D129/><U75/><E85/><V51/><F84/><W90/><AGARI ba="1,1" hai="1,5,10,15,16,23,56,57,59,81,87,90,92,94" machi="90" ten="30,7900,0" yaku="1,1,0,1,52,1,54,1,53,0" doraHai="17" doraHaiUra="43" who="3" fromWho="3" sc="127,-21,155,-21,285,-40,423,92" /><INIT seed="7,0,0,5,5,114" ten="106,134,245,515" oya="3" hai0="41,133,61,110,71,111,11,74,12,101,84,21,118" hai1="115,131,104,31,116,44,93,4,92,122,24,49,123" hai2="39,26,135,100,46,19,126,10,106,87,80,7,107" hai3="2,97,35,30,127,13,68,99,76,103,112,72,17"/><W47/><G112/><T56/><D74/><U88/><E115/><V66/><F66/><W28/><G2/><T52/><D118/><U27/><E104/><V64/><F64/><W78/><G68/><T117/><D117/><U15/><E116/><V36/><F19/><W94/><G47/><T130/><D130/><U89/><E131/><V5/><F87/><W14/><G127/><T22/><D133/><U59/><E59/><V124/><F80/><W6/><G6/><T128/><D128/><U90/><E123/><V9/><F26/><N who="1" m="9769" /><E31/><V95/><F95/><N who="1" m="36425" /><E122/><V0/><F46/><W29/><G35/><T57/><D71/><U63/><E63/><V16/><F0/><W51/><G51/><T40/><D101/><U113/><E113/><V108/><F100/><W79/><G72/><T77/><D110/><U109/><E109/><V34/><F34/><W8/><G14/><T134/><D111/><U91/><E88/><V82/><F82/><W102/><G94/><T38/><D134/><U58/><E58/><V33/><F33/><W3/><G3/><T37/><D57/><U65/><E65/><V53/><F108/><W32/><G32/><T18/><D38/><U50/><E44/><V20/><F135/><W96/><AGARI ba="0,0" hai="8,13,17,28,29,30,76,78,79,96,97,99,102,103" machi="96" ten="40,12000,1" yaku="0,1,29,2,8,1" doraHai="114" who="3" fromWho="3" sc="106,-40,134,-40,245,-40,515,120" owari="66,-43.4,94,-30.6,205,0.5,635,73.5" /></mjloggm>