<mjloggm ver="2.3"><GO type="169" lobby="0"/><UN n0="%70%61%77%61" n1="%E6%9C%A8%E5%8E%9F%E8%B1%AA%E4%B8%80" n2="%45%4D%49%4E%45%4C" n3="%6D%79%6D%65%6C%6F%58%58" dan="18,17,17,16" rate="2315.54,2139.81,2159.73,2117.45" sx="M,M,M,F"/><TAIKYOKU oya="0"/><INIT seed="0,0,0,5,4,65" ten="250,250,250,250" oya="0" hai0="111,103,6,35,27,32,75,126,132,76,109,31,62" hai1="117,2,131,80,38,102,63,78,24,70,25,47,129" hai2="68,120,59,87,5,92,15,39,93,135,3,81,43" hai3="73,122,0,69,104,10,60,44,28,112,100,22,26"/><T12/><D126/><U118/><E102/><V91/><F135/><W107/><G112/><T83/><D132/><U54/><E2/><V30/><F3/><W17/><G73/><T46/><D103/><U127/><E127/><V66/><F59/><W45/><G122/><T125/><D125/><U82/><E82/><V88/><F30/><W33/><G45/><T36/><D35/><U89/><E89/><V29/><F29/><W133/><G44/><T55/><D62/><U72/><E25/><V56/><F43/><W130/><G130/><N who="1" m="49674" /><E24/><V20/><F39/><W108/><G108/><N who="0" m="41547" /><D55/><U98/><E98/><V90/><F56/><W134/><G100/><T96/><D96/><U97/><E97/><V128/><F120/><W53/><G53/><T101/><D101/><U57/><E70/><V106/><F106/><W23/><G134/><T58/><D58/><U40/><AGARI ba="0,0" hai="38,40,47,54,57,63,72,78,80,117,118" m="49674" machi="40" ten="30,1100,0" yaku="19,1" doraHai="65" who="1" fromWho="1" sc="250,-5,250,11,250,-3,250,-3" /><INIT seed="1,0,0,5,3,48" ten="245,261,247,247" oya="1" hai0="83,18,2,123,39,64,21,103,25,117,68,44,73" hai1="91,82,6,85,9,76,81,15,67,3,78,65,94" hai2="111,133,98,43,110,20,16,108,7,8,75,27,62" hai3="77,135,116,11,125,99,35,58,79,93,97,36,109"/><U1/><E1/><V23/><F75/><W55/><G35/><T105/><D117/><U29/><E3/><V126/><F43/><W42/><G116/><T0/><D123/><U63/><E29/><V37/><F37/><W95/><G109/><T4/><D64/><U61/><E65/><V114/><F133/><W96/><G135/><T54/><D68/><U69/><E69/><V60/><F126/><W33/><G33/><T112/><D112/><U102/><E102/><V56/><F114/><W57/><G125/><T130/><D130/><U119/><E119/><V101/><F23/><W34/><G34/><T19/><D19/><U13/><E13/><V129/><F129/><W115/><G58/><T47/><D39/><U87/><REACH who="1" step="1"/><E67/><REACH who="1" ten="245,251,247,247" step="2"/><V86/><F111/><W41/><G115/><T118/><D103/><U127/><E127/><V59/><F110/><W71/><G71/><T88/><D0/><U124/><E124/><V74/><F108/><W132/><G132/><T46/><D2/><U84/><AGARI ba="0,1" hai="6,9,15,61,63,76,78,81,82,84,85,87,91,94" machi="84" ten="20,18000,2" yaku="1,1,0,1,7,1,9,1,8,1,53,2" doraHai="48" doraHaiUra="72" who="1" fromWho="1" sc="245,-60,251,190,247,-60,247,-60" /><INIT seed="1,1,0,1,0,75" ten="185,441,187,187" oya="1" hai0="9,19,68,45,117,57,52,49,112,72,25,80,76" hai1="113,1,29,98,105,126,5,83,122,41,61,97,107" hai2="40,27,42,69,21,131,95,26,14,84,114,10,134" hai3="24,100,67,73,115,79,59,81,120,74,71,15,46"/><U103/><E113/><V62/><F134/><W101/><G115/><T65/><D112/><U17/><E122/><V118/><F131/><W28/><G71/><T66/><D117/><U92/><E29/><V0/><F0/><W23/><G120/><T51/><D68/><U36/><E17/><V108/><F108/><W8/><G74/><T50/><D50/><U56/><E36/><V48/><F27/><W2/><G2/><T128/><D128/><U16/><E41/><V30/><F48/><W111/><G111/><T7/><D19/><U102/><E92/><V116/><F116/><W13/><G13/><T58/><D25/><U32/><E32/><V121/><F121/><W34/><G46/><T88/><D88/><U130/><E126/><V96/><F84/><W85/><G73/><T53/><D45/><U60/><E16/><V4/><F118/><W93/><G93/><T124/><D124/><U119/><E119/><V63/><F114/><W123/><G34/><T132/><D132/><U78/><E56/><V64/><REACH who="2" step="1"/><F63/><REACH who="2" ten="185,441,177,187" step="2"/><N who="3" m="38399" /><G123/><T94/><D94/><U47/><E130/><V20/><F20/><W44/><G44/><T3/><AGARI ba="1,1" hai="3,7,9,49,51,52,53,57,58,65,66,72,76,80" machi="3" ten="20,8000,1" yaku="0,1,7,1,9,1,52,1,54,1" doraHai="75" who="0" fromWho="0" sc="185,93,441,-41,177,-21,187,-21" /><INIT seed="2,0,0,2,0,29" ten="278,400,156,166" oya="2" hai0="89,69,12,10,4,99,24,84,82,42,96,7,78" hai1="128,73,134,104,36,88,124,66,57,118,27,133,14" hai2="90,75,130,6,93,0,32,40,116,31,16,102,112" hai3="103,17,20,30,98,131,74,111,1,76,127,87,22"/><V35/><F116/><W110/><G74/><T108/><D108/><U106/><E36/><V61/><F75/><W64/><G1/><T122/><D122/><U49/><E73/><V23/><F31/><W119/><G119/><T62/><D4/><U54/><E118/><V109/><F112/><W26/><G127/><T105/><D105/><U48/><E66/><V79/><F79/><W95/><G131/><T13/><D13/><U47/><E14/><V59/><F102/><W68/><G68/><T107/><D107/><U21/><E128/><V55/><F130/><W44/><G64/><T67/><D89/><U86/><E124/><V71/><F40/><W65/><G65/><T56/><D69/><U45/><E104/><V43/><F43/><W117/><G44/><T77/><D77/><U39/><E106/><V135/><F71/><W5/><G5/><T15/><D15/><U52/><E57/><V53/><F53/><W28/><G117/><T50/><D24/><U18/><E39/><V8/><F109/><N who="3" m="41483" /><G22/><T41/><D41/><U121/><E121/><V9/><F9/><W132/><G132/><T94/><D94/><AGARI ba="0,0" hai="18,21,27,45,47,48,49,52,54,86,88,94,133,134" machi="94" ten="40,5200,0" yaku="9,1,54,2" doraHai="29" who="1" fromWho="0" sc="278,-52,400,52,156,0,166,0" /><INIT seed="3,0,0,1,3,102" ten="226,452,156,166" oya="3" hai0="0,131,108,125,20,124,85,9,44,121,65,68,62" hai1="112,132,120,71,21,64,72,86,26,16,106,91,53" hai2="88,114,113,24,118,19,33,18,98,87,110,95,80" hai3="15,3,67,69,50,29,94,31,103,27,116,17,35"/><W61/><G116/><T8/><D121/><U123/><E72/><V51/><F110/><W23/><G31/><T41/><D108/><U130/><E112/><V134/><F134/><W30/><G30/><T43/><D131/><U119/><E106/><V105/><F33/><W84/><G3/><T37/><D41/><U60/><E132/><V14/><F118/><W133/><G133/><T36/><D36/><U2/><E2/><V79/><F24/><W59/><G50/><T117/><D117/><U83/><E119/><V75/><F51/><W48/><G48/><T89/><D20/><U11/><E130/><V13/><F13/><W32/><G69/><T78/><D78/><U38/><E38/><V5/><F5/><W45/><G45/><T57/><D68/><U81/><E53/><V52/><F52/><W76/><G76/><T99/><D99/><U66/><E66/><V49/><F49/><W1/><G1/><T100/><D100/><U104/><E104/><V127/><F127/><N who="0" m="48714" /><D0/><U56/><E71/><V63/><F63/><W82/><G82/><AGARI ba="0,0" hai="8,9,37,43,44,57,62,65,82,85,89" m="48714" machi="82" ten="30,1000,0" yaku="18,1" doraHai="102" who="0" fromWho="3" sc="226,10,452,0,156,0,166,-10" /><INIT seed="4,0,0,5,5,67" ten="236,452,156,156" oya="0" hai0="116,45,99,124,132,2,24,86,51,98,27,131,13" hai1="50,87,75,64,65,108,106,55,33,89,35,58,0" hai2="44,59,57,39,46,135,105,48,31,72,93,11,3" hai3="38,79,119,62,128,83,122,61,101,121,68,7,123"/><T49/><D116/><U23/><E108/><V115/><F105/><W63/><G119/><T36/><D2/><U126/><E106/><V120/><F72/><W88/><G38/><T9/><D36/><U96/><E75/><V26/><F135/><W6/><G101/><T92/><D124/><U30/><E0/><V47/><F115/><W103/><G103/><T21/><D131/><U54/><E96/><V117/><F120/><W32/><G32/><T53/><D132/><U129/><E35/><V112/><F112/><W22/><G128/><T4/><D27/><N who="1" m="16767" /><E33/><V133/><F133/><W5/><G22/><T28/><D92/><N who="1" m="54335" /><E126/><V14/><F3/><W37/><G37/><T78/><REACH who="0" step="1"/><D51/><REACH who="0" ten="226,452,156,156" step="2"/><N who="1" m="31071" /><E129/><V20/><F39/><W91/><REACH who="3" step="1"/><G68/><REACH who="3" ten="226,452,156,146" step="2"/><T107/><D107/><U77/><E77/><V15/><F117/><W8/><G8/><T90/><D90/><U94/><E94/><V109/><F93/><W110/><G110/><T76/><D76/><U19/><E50/><V82/><F109/><W73/><AGARI ba="0,2" hai="5,6,7,61,62,63,73,79,83,88,91,121,122,123" machi="73" ten="40,12000,2" yaku="1,1,0,1,29,2,13,1,54,1,53,0" doraHai="67" doraHaiUra="127" who="3" fromWho="3" sc="226,-60,452,-30,156,-30,146,140" /><INIT seed="5,0,0,1,4,46" ten="166,422,126,286" oya="1" hai0="74,11,91,43,85,64,90,126,37,100,9,104,54" hai1="72,60,105,116,8,58,47,130,25,2,42,22,4" hai2="121,120,52,92,6,134,83,128,30,63,98,57,87" hai3="95,0,124,15,123,50,45,35,61,135,66,68,7"/><U40/><E116/><V88/><F134/><W10/><G135/><T80/><D126/><U48/><E130/><V5/><F128/><W119/><G124/><T56/><D64/><U110/><E110/><V129/><F129/><W133/><G133/><T131/><D131/><U21/><E105/><V24/><F121/><W20/><G35/><T84/><D74/><U1/><E72/><V102/><REACH who="2" step="1"/><F120/><REACH who="2" ten="166,422,116,286" step="2"/><W78/><G123/><T114/><D114/><U82/><E2/><V73/><F73/><W79/><G119/><T108/><D108/><U18/><E1/><V12/><F12/><W67/><G0/><T36/><D36/><U32/><E25/><V112/><F112/><W86/><G15/><T99/><D37/><U75/><E75/><V53/><F53/><W96/><G68/><T103/><D43/><U55/><E55/><V31/><F31/><W34/><G66/><T70/><D70/><U39/><E42/><V33/><AGARI ba="0,1" hai="5,6,24,30,33,52,57,63,83,87,88,92,98,102" machi="33" ten="20,12000,2" yaku="1,1,0,1,7,1,54,2,53,1" doraHai="46" doraHaiUra="23" who="2" fromWho="2" sc="166,-30,422,-60,116,130,286,-30" /><INIT seed="6,0,0,4,5,84" ten="136,362,246,256" oya="2" hai0="11,57,54,20,2,70,135,37,85,35,79,29,72" hai1="126,71,9,6,108,41,132,3,10,5,131,22,14" hai2="59,100,111,8,98,78,42,25,94,18,118,28,97" hai3="36,17,83,112,43,123,56,133,45,63,129,86,44"/><V102/><F118/><W0/><G123/><T74/><D135/><U26/><E71/><V116/><F116/><W60/><G133/><T39/><D70/><U23/><E132/><V64/><F42/><W65/><G129/><T58/><D35/><U115/><E41/><V31/><F78/><W95/><G0/><T88/><D58/><U32/><E108/><V82/><F82/><W109/><G109/><T12/><D2/><U80/><E80/><V30/><F111/><W51/><G95/><T21/><D39/><U34/><E115/><V130/><F130/><W99/><G99/><T92/><D37/><U48/><E48/><V77/><F77/><W90/><G63/><T101/><D101/><U16/><E131/><V134/><F134/><W15/><G112/><T81/><D29/><N who="1" m="17623" /><E126/><V103/><F8/><W38/><REACH who="3" step="1"/><G44/><REACH who="3" ten="136,362,246,246" step="2"/><T19/><REACH who="0" step="1"/><D74/><REACH who="0" ten="126,362,246,246" step="2"/><U124/><E124/><V73/><F73/><W61/><G61/><AGARI ba="0,2" hai="11,12,19,20,21,54,57,61,72,79,81,85,88,92" machi="61" ten="30,12000,2" yaku="1,1,2,1,7,1,52,1,54,1,53,1" doraHai="84" doraHaiUra="53" who="0" fromWho="3" sc="126,140,362,0,246,0,246,-120" /><INIT seed="7,0,0,0,2,55" ten="266,362,246,126" oya="3" hai0="49,79,134,17,47,53,77,33,102,117,128,28,130" hai1="13,25,86,118,83,40,58,51,69,101,22,59,123" hai2="95,67,35,81,42,62,108,39,14,106,20,15,60" hai3="4,72,126,7,68,48,16,37,64,30,122,65,31"/><W5/><G122/><T129/><D117/><U18/><E69/><V105/><F35/><W91/><G72/><T97/><D134/><U78/><E123/><V84/><F39/><W43/><G37/><T135/><D135/><U124/><E118/><V112/><F42/><W116/><G116/><T63/><D17/><N who="1" m="12495" /><E101/><V89/><F112/><W21/><G68/><T26/><REACH who="0" step="1"/><D63/><REACH who="0" ten="256,362,246,126" step="2"/><U34/><E124/><V44/><F60/><W56/><G126/><T127/><D127/><U96/><E34/><V41/><F108/><W92/><G65/><T0/><D0/><U32/><E32/><V111/><F111/><W119/><G119/><T113/><D113/><U45/><E96/><V80/><F106/><AGARI ba="0,1" hai="26,28,33,47,49,53,77,79,97,102,106,128,129,130" machi="106" ten="40,2600,0" yaku="1,1,19,1,53,0" doraHai="55" doraHaiUra="132" who="0" fromWho="2" sc="256,36,362,0,246,-26,126,0" owari="292,9.2,362,46.2,220,-18.0,126,-37.4" /></mjloggm>