<mjloggm ver="2.3"><GO type="169" lobby="0"/><UN n0="%E5%8D%B5%E3%81%8B%E3%81%91%E6%B6%85%E6%A7%83" n1="%6B%E3%81%AE" n2="%E3%82%8A%E3%82%87%E3%81%91%E3%81%99" n3="%E3%81%82%E3%81%84%E3%81%93%E3%81%99" dan="16,17,17,16" rate="2166.51,2234.09,2167.22,2146.41" sx="M,M,M,M"/><TAIKYOKU oya="0"/><INIT seed="0,0,0,2,5,107" ten="250,250,250,250" oya="0" hai0="109,115,48,39,44,132,129,19,10,25,131,78,123" hai1="79,133,75,4,91,9,52,56,46,100,8,121,87" hai2="40,83,88,12,122,124,102,31,45,98,24,80,135" hai3="41,7,114,128,118,76,119,105,97,96,90,61,69"/><T33/><D39/><U38/><E121/><V104/><F122/><W101/><G114/><T3/><D123/><U28/><E133/><V16/><F124/><W13/><G128/><T47/><D115/><U59/><E100/><V117/><F117/><W22/><G41/><T35/><D78/><U63/><E28/><V53/><F53/><W84/><G96/><T20/><D44/><U112/><E112/><V70/><F70/><W17/><G7/><N who="0" m="1407" /><D48/><U11/><E59/><V85/><F135/><W21/><G76/><T37/><D47/><U106/><E106/><V111/><F111/><W50/><G50/><T125/><D37/><U43/><E79/><V36/><F31/><W34/><G34/><N who="0" m="12811" /><D132/><U72/><REACH who="1" step="1"/><E4/><REACH who="1" ten="250,240,250,250" step="2"/><V65/><F65/><W51/><G119/><T116/><D116/><U32/><E32/><V71/><F71/><W82/><G118/><T66/><D66/><U77/><E77/><V68/><F68/><W29/><G69/><T1/><D125/><U113/><E113/><V6/><F6/><W94/><G105/><T95/><D1/><U99/><E99/><V60/><F60/><W81/><G61/><T49/><D109/><U2/><E2/><V14/><REACH who="2" step="1"/><F83/><AGARI ba="0,1" hai="8,9,11,38,43,46,52,56,63,72,75,83,87,91" machi="83" ten="40,8000,1" yaku="1,1,52,2,54,1,53,0" doraHai="107" doraHaiUra="89" who="1" fromWho="2" sc="250,0,240,90,250,-80,250,0" /><INIT seed="1,0,0,1,1,84" ten="250,330,170,250" oya="1" hai0="81,58,48,17,82,43,15,53,41,119,36,64,20" hai1="54,90,38,94,71,98,32,96,39,61,6,47,2" hai2="95,100,115,14,26,102,7,56,105,108,19,60,59" hai3="69,45,133,79,8,113,63,13,18,52,12,77,37"/><U85/><E32/><V28/><F108/><W72/><G113/><T109/><D119/><U110/><E110/><V131/><F131/><W107/><G107/><T130/><D130/><U42/><E38/><V116/><F116/><W1/><G1/><T31/><D109/><U27/><E27/><V73/><F73/><W30/><G30/><T75/><D31/><U87/><E2/><V33/><F105/><W23/><G133/><T99/><D64/><U97/><E6/><V92/><F59/><W89/><G72/><T49/><D36/><U106/><E85/><V10/><F115/><W3/><G3/><T22/><D99/><U117/><E117/><V111/><F111/><W0/><G69/><T80/><D75/><U88/><E106/><V135/><F135/><W120/><G120/><T101/><D101/><U11/><E11/><V57/><F57/><W127/><G127/><T66/><D66/><U65/><REACH who="1" step="1"/><E54/><REACH who="1" ten="250,320,170,250" step="2"/><V112/><F112/><W121/><G0/><T118/><D118/><U134/><E134/><V104/><F104/><W46/><G37/><T78/><D78/><U83/><AGARI ba="0,1" hai="39,42,47,61,65,71,83,87,88,90,94,96,97,98" machi="83" ten="20,18000,2" yaku="1,1,0,1,7,1,52,2,54,1,53,0" doraHai="84" doraHaiUra="50" who="1" fromWho="1" sc="250,-60,320,190,170,-60,250,-60" /><INIT seed="1,1,0,0,3,7" ten="190,510,110,190" oya="1" hai0="100,129,112,44,14,66,107,86,111,69,108,9,81" hai1="1,49,13,106,61,119,85,84,97,2,60,46,64" hai2="65,53,95,6,124,79,88,27,40,29,35,78,76" hai3="36,98,75,116,132,93,130,4,18,73,67,80,118"/><U34/><E34/><V54/><F124/><W125/><G4/><T39/><D112/><U63/><E119/><N who="3" m="45610" /><G36/><T41/><D129/><U52/><E64/><V77/><N who="2" m="19456" /><DORA hai="135" /><V17/><F40/><W103/><G80/><T25/><D25/><U94/><E106/><V104/><F104/><W37/><G37/><T59/><D69/><U127/><E127/><V0/><F65/><W96/><G125/><T89/><D100/><U21/><E1/><V123/><F123/><W32/><G32/><T15/><D107/><U105/><E2/><V92/><F92/><N who="3" m="58759" /><G67/><T62/><REACH who="0" step="1"/><D15/><REACH who="0" ten="180,510,110,190" step="2"/><U31/><E105/><V74/><F74/><W109/><G130/><T50/><D50/><U26/><E13/><V24/><F24/><W120/><G120/><T83/><D83/><U91/><AGARI ba="1,1" hai="21,26,31,46,49,52,60,61,63,84,85,91,94,97" machi="91" ten="30,6000,0" yaku="0,1,8,1,54,1" doraHai="7,135" who="1" fromWho="1" sc="180,-21,510,73,110,-21,190,-21" /><INIT seed="1,2,0,0,3,84" ten="159,583,89,169" oya="1" hai0="34,17,55,106,38,48,99,31,46,41,122,26,124" hai1="130,1,40,43,129,86,81,29,24,117,23,60,131" hai2="9,39,62,90,35,72,104,30,53,22,37,28,127" hai3="58,15,14,85,97,73,5,76,47,107,18,134,57"/><U21/><E117/><V16/><F104/><W66/><G134/><T103/><D124/><U50/><E1/><V118/><F72/><W42/><G73/><T20/><D122/><U67/><E21/><V112/><F118/><W3/><G3/><T88/><D88/><N who="1" m="51279" /><E50/><V89/><F127/><W108/><G97/><T74/><D74/><U102/><E102/><V116/><F116/><W2/><G107/><T95/><D106/><U27/><E27/><V91/><F35/><W75/><G2/><T125/><D125/><U69/><AGARI ba="2,0" hai="23,24,29,40,43,60,67,69,129,130,131" m="51279" machi="69" ten="30,6000,0" yaku="19,1,52,1,54,1" doraHai="84" who="1" fromWho="1" sc="159,-22,583,66,89,-22,169,-22" /><INIT seed="1,3,0,3,2,120" ten="137,649,67,147" oya="1" hai0="30,8,10,5,22,119,125,83,113,130,73,97,63" hai1="105,19,20,65,34,98,121,51,128,0,72,62,66" hai2="126,14,102,46,87,103,2,74,110,31,85,134,18" hai3="50,89,64,1,32,91,70,111,127,6,124,21,36"/><U7/><E121/><V96/><F2/><W59/><G32/><T37/><D119/><U75/><E34/><V44/><F74/><W24/><G36/><T40/><D113/><U118/><E118/><V115/><F134/><W3/><G70/><T81/><D130/><U52/><E128/><V27/><F126/><W132/><G132/><T35/><D125/><N who="3" m="48201" /><G6/><T25/><D10/><U33/><E33/><V80/><F87/><W117/><G117/><T12/><D97/><U77/><E7/><V4/><F4/><W43/><G64/><T69/><D73/><U131/><E0/><N who="3" m="74" /><G111/><T42/><D35/><U129/><E77/><V49/><F115/><W28/><G59/><T84/><D37/><U55/><E66/><V38/><F38/><W95/><G95/><T11/><D11/><U108/><E108/><V60/><F110/><W17/><G28/><T88/><REACH who="0" step="1"/><D81/><REACH who="0" ten="127,649,67,147" step="2"/><U56/><E75/><V45/><F80/><W78/><G78/><T99/><D99/><U61/><E72/><V90/><F96/><W86/><G86/><T104/><D104/><U16/><E98/><V53/><F85/><W92/><G92/><T133/><D133/><U116/><E105/><V68/><F103/><W94/><G94/><T107/><D107/><U79/><E116/><V26/><F102/><W57/><G91/><T58/><D58/><N who="1" m="33055" /><E79/><V82/><F90/><W23/><G89/><T67/><AGARI ba="3,1" hai="5,8,12,22,25,30,40,42,63,67,69,83,84,88" machi="67" ten="30,4000,0" yaku="1,1,0,1,54,1,53,0" doraHai="120" doraHaiUra="93" who="0" fromWho="0" sc="127,59,649,-23,67,-13,147,-13" /><INIT seed="2,0,0,4,4,46" ten="186,626,54,134" oya="2" hai0="48,24,28,122,36,86,61,22,53,55,95,54,87" hai1="35,17,131,58,90,78,114,47,125,59,29,79,64" hai2="103,14,102,98,110,62,85,109,126,30,93,67,112" hai3="7,75,4,16,5,44,18,33,113,105,39,40,81"/><V132/><F112/><W9/><G105/><T111/><D36/><U56/><E114/><V124/><F30/><W49/><G33/><T6/><D122/><U12/><E131/><V10/><F132/><W71/><G71/><T104/><D104/><U31/><E125/><N who="2" m="48235" /><F85/><W50/><G113/><T117/><D111/><N who="2" m="42506" /><F102/><W106/><G106/><T70/><D117/><U74/><E74/><V37/><F37/><W13/><REACH who="3" step="1"/><G18/><REACH who="3" ten="186,626,54,124" step="2"/><T130/><D130/><U19/><E17/><N who="2" m="8407" /><F62/><W123/><G123/><T88/><D61/><U3/><E35/><V11/><F11/><W26/><G26/><T20/><D24/><U27/><E27/><V68/><F68/><W84/><G84/><T120/><D70/><U15/><E29/><V38/><F38/><W116/><G116/><T80/><D120/><U97/><E31/><V118/><F118/><W107/><G107/><T8/><D28/><U77/><E19/><V0/><F0/><W69/><G69/><T99/><D87/><U66/><E3/><V41/><F67/><W134/><G134/><T34/><D34/><U119/><E119/><V135/><F135/><W91/><G91/><T100/><D8/><U63/><E66/><V43/><AGARI ba="0,1" hai="41,43,93,98,103" m="8407,42506,48235" machi="43" ten="40,7800,0" yaku="18,1,14,1,10,1" doraHai="46" who="2" fromWho="2" sc="186,-26,626,-26,54,88,124,-26" /><INIT seed="2,1,0,5,1,8" ten="160,600,142,98" oya="2" hai0="123,17,76,67,99,65,55,91,100,62,110,111,29" hai1="33,51,83,113,94,58,34,118,47,134,132,80,107" hai2="102,117,15,135,103,95,12,36,45,128,60,73,87" hai3="4,10,35,0,48,79,131,28,85,43,3,109,72"/><V84/><F73/><W133/><G109/><N who="0" m="41483" /><D123/><U97/><E107/><V108/><F117/><W21/><G133/><N who="1" m="51306" /><E58/><V63/><F135/><W9/><G131/><T5/><D76/><U23/><E23/><V46/><F108/><W57/><G72/><T130/><D130/><U82/><E113/><V106/><F128/><W74/><G74/><T77/><D77/><U31/><E31/><V78/><F78/><W89/><G79/><T1/><D29/><U16/><E16/><V101/><F95/><W96/><G96/><T121/><D17/><U127/><E127/><V44/><F36/><W115/><G35/><T119/><D91/><N who="1" m="55519" /><E118/><V69/><F106/><W39/><G115/><T27/><D27/><U61/><E61/><N who="2" m="23627" /><F69/><W7/><G28/><T70/><D65/><U93/><E93/><V19/><F19/><W124/><G21/><T92/><D121/><U68/><E68/><V42/><F42/><AGARI ba="1,0" hai="33,34,42,47,51,80,82,83" m="55519,51306" machi="42" ten="30,1000,0" yaku="20,1" doraHai="8" who="1" fromWho="2" sc="160,0,600,13,142,-13,98,0" /><INIT seed="3,0,0,4,0,70" ten="160,613,129,98" oya="3" hai0="104,15,91,130,82,12,96,85,128,69,102,97,58" hai1="76,65,79,103,84,115,106,5,25,39,45,135,108" hai2="31,123,122,131,13,6,72,43,16,11,134,19,44" hai3="46,94,37,120,111,4,126,109,117,95,59,63,22"/><W9/><G120/><N who="2" m="46121" /><F72/><W23/><G117/><T18/><D69/><U66/><E108/><N who="3" m="41546" /><G126/><T53/><D97/><U1/><E25/><V33/><F134/><W30/><G30/><T110/><D110/><U80/><E79/><V107/><F107/><W89/><G95/><T50/><REACH who="0" step="1"/><D15/><REACH who="0" ten="150,613,129,98" step="2"/><U42/><E135/><V125/><F125/><W118/><G118/><T81/><D81/><U75/><E115/><V48/><F131/><W114/><G114/><T98/><D98/><N who="1" m="61815" /><E84/><V40/><F40/><N who="3" m="22799" /><G94/><T21/><AGARI ba="0,1" hai="12,18,21,50,53,58,82,85,91,96,102,104,128,130" machi="21" ten="30,4000,0" yaku="1,1,0,1,53,1" doraHai="70" doraHaiUra="99" who="0" fromWho="0" sc="150,50,613,-10,129,-10,98,-20" /><INIT seed="4,0,0,0,0,91" ten="200,603,119,78" oya="0" hai0="92,85,52,18,78,112,23,97,9,29,79,108,115" hai1="42,57,81,53,21,50,132,32,24,39,20,75,35" hai2="66,11,116,98,123,13,109,126,119,135,7,62,31" hai3="93,63,106,69,128,54,28,17,37,26,118,30,46"/><T8/><D108/><U95/><E132/><V25/><F109/><W59/><G118/><T40/><D40/><U101/><E20/><V76/><F123/><W122/><G106/><T16/><D29/><U2/><E2/><V38/><F38/><W10/><G122/><T27/><D18/><U90/><E101/><V45/><F126/><W77/><G69/><T127/><D127/><U22/><E22/><V102/><F76/><N who="0" m="29226" /><D85/><U56/><E81/><V71/><F45/><W49/><G77/><T14/><D14/><U100/><E100/><V86/><F86/><W68/><G68/><T134/><D134/><U111/><E75/><V41/><F41/><W120/><G37/><T103/><D52/><U84/><E111/><V87/><F87/><W131/><G120/><T6/><D6/><U113/><E113/><AGARI ba="0,0" hai="8,9,16,23,27,92,97,103,112,113,115" m="29226" machi="113" ten="30,5800,0" yaku="15,1,52,1,54,1" doraHai="91" who="0" fromWho="1" sc="200,58,603,-58,119,0,78,0" /><INIT seed="4,1,0,5,5,8" ten="258,545,119,78" oya="0" hai0="46,14,35,61,52,29,93,88,59,103,118,101,1" hai1="36,65,43,96,18,27,62,75,113,112,3,107,23" hai2="9,67,95,109,69,117,106,25,77,63,31,121,119" hai3="38,84,135,37,4,57,53,134,79,19,83,10,12"/><T13/><D118/><N who="2" m="45066" /><F109/><W6/><G38/><T47/><D1/><U40/><E75/><V73/><F106/><W81/><G37/><T90/><D29/><U82/><E3/><V100/><F121/><W20/><G83/><T111/><D35/><U94/><E82/><N who="2" m="45359" /><F9/><W28/><G28/><T72/><D72/><U66/><E107/><V32/><F95/><W34/><G34/><T132/><D132/><U50/><E36/><V21/><F100/><N who="0" m="38474" /><D111/><U125/><E125/><V133/><F21/><W54/><G54/><T102/><D102/><N who="1" m="60695" /><E50/><V55/><F55/><W26/><REACH who="3" step="1"/><G4/><REACH who="3" ten="258,545,119,68" step="2"/><T104/><D104/><U15/><E66/><V42/><F133/><W58/><G58/><T39/><D39/><U11/><E65/><V131/><F131/><W130/><G130/><T68/><D68/><U105/><E105/><V30/><F30/><W92/><G92/><T99/><D90/><U124/><E124/><V17/><F17/><W22/><G22/><T49/><D46/><U98/><E23/><V91/><F91/><W41/><G41/><AGARI ba="1,1" hai="13,14,41,47,49,52,59,61,88,93,99" m="38474" machi="41" ten="30,12000,1" yaku="8,1,52,2,54,2" doraHai="8" who="0" fromWho="3" sc="258,133,545,0,119,0,68,-123" /><AGARI ba="1,0" hai="25,31,32,41,42,63,67,69" m="45359,45066" machi="41" ten="30,1000,0" yaku="12,1" doraHai="8" who="2" fromWho="3" sc="391,0,545,0,119,10,-55,-10" owari="391,19.1,545,64.5,129,-27.1,-65,-56.5" /></mjloggm>