<mjloggm ver="2.3"><GO type="169" lobby="0"/><UN n0="%E5%AF%BF%E4%BA%BA%E6%B5%81%E7%89%8C%E6%89%8B" n1="%E3%81%97%E3%81%BE%E3%81%A0%E3%81%BE%32" n2="%E6%A1%9C%E5%B0%8F%E8%B7%AF%E6%89%8D%E8%8F%AF" n3="%E5%B8%B0%E3%82%8A%E3%81%9F%E3%81%84%E3%80%82" dan="16,16,16,17" rate="2146.92,2126.06,2176.51,2179.55" sx="M,M,M,M"/><TAIKYOKU oya="0"/><INIT seed="0,0,0,0,3,99" ten="250,250,250,250" oya="0" hai0="27,112,8,82,83,1,9,108,90,42,68,25,47" hai1="14,6,97,13,29,118,51,70,110,81,45,85,117" hai2="89,53,127,125,20,54,122,62,64,78,69,131,34" hai3="72,44,96,113,79,52,11,18,103,7,12,102,49"/><T101/><D112/><U129/><E70/><V60/><F122/><W2/><G113/><T56/><D68/><U120/><E120/><V39/><F34/><W111/><G111/><T126/><D126/><N who="2" m="48138" /><F39/><W93/><G72/><T130/><D130/><U121/><E110/><V31/><F131/><W105/><G79/><T91/><D108/><U26/><E121/><V59/><F78/><W115/><G115/><T15/><D1/><U107/><E129/><V135/><F89/><W109/><G109/><T35/><D56/><U63/><E63/><V98/><F98/><W94/><REACH who="3" step="1"/><G102/><REACH who="3" ten="250,250,250,240" step="2"/><T4/><D101/><U24/><E117/><V46/><F135/><W61/><G61/><T95/><D91/><U21/><E118/><V23/><F31/><W0/><G0/><T57/><D90/><N who="1" m="51503" /><E97/><V17/><F17/><W100/><G100/><T33/><D4/><U75/><E75/><V41/><F62/><W43/><G43/><T58/><D42/><N who="1" m="25015" /><E6/><V84/><F41/><W104/><G104/><T66/><D82/><U80/><E107/><V87/><F60/><W92/><G92/><T123/><D83/><U65/><E80/><V32/><F64/><W114/><G114/><T19/><D66/><U76/><E76/><V5/><F69/><W128/><G128/><T116/><D116/><U38/><E65/><V132/><F5/><W16/><G16/><T55/><D19/><N who="1" m="12351" /><E38/><V77/><F77/><W73/><G73/><T48/><D123/><U106/><E106/><V50/><F132/><W134/><G134/><T133/><D133/><U30/><E29/><V10/><F84/><RYUUKYOKU ba="0,1" sc="250,-15,250,15,250,-15,240,15" hai1="13,14,26,30" hai3="2,7,11,12,18,44,49,52,93,94,96,103,105" /><INIT seed="1,1,1,0,2,76" ten="235,265,235,255" oya="1" hai0="130,90,39,52,51,16,116,91,59,96,32,128,104" hai1="31,129,132,58,53,79,24,23,82,80,83,95,20" hai2="0,72,127,99,74,63,54,1,57,38,108,78,123" hai3="114,65,7,109,110,19,17,8,22,21,25,5,98"/><U47/><E129/><N who="0" m="49769" /><D116/><U13/><E132/><V81/><F123/><W118/><G65/><T29/><D39/><U119/><E119/><V103/><F38/><W125/><G118/><T66/><D66/><U41/><E95/><V86/><F108/><N who="3" m="41579" /><G98/><T133/><D133/><U18/><E79/><V120/><F120/><W36/><G36/><T44/><D29/><U93/><E93/><V135/><F127/><W48/><G48/><T101/><D32/><U69/><E69/><V50/><F135/><W105/><G105/><T26/><D59/><U73/><E73/><V49/><F49/><W34/><G114/><T60/><D60/><N who="1" m="35919" /><E47/><V2/><REACH who="2" step="1"/><F63/><REACH who="2" ten="235,265,225,255" step="2"/><W9/><G125/><T27/><D27/><N who="1" m="16871" /><E41/><V68/><F68/><W64/><G25/><AGARI ba="1,2" hai="13,18,23,24,25,80,82,83" m="16871,35919" machi="25" ten="30,11600,0" yaku="8,1,52,3" doraHai="76" who="1" fromWho="3" sc="235,0,265,139,225,0,255,-119" /><INIT seed="1,2,0,3,2,53" ten="235,404,225,136" oya="1" hai0="67,42,57,84,111,7,32,17,118,93,0,38,112" hai1="2,72,115,73,33,97,110,88,23,86,132,19,127" hai2="51,83,129,135,54,121,96,6,46,24,69,92,8" hai3="62,5,85,81,14,95,15,102,78,76,120,16,106"/><U104/><E115/><V134/><F121/><W13/><G120/><T124/><D112/><U26/><E2/><V119/><F119/><W44/><G106/><T103/><D118/><U10/><E127/><V105/><F129/><W3/><G76/><T87/><D124/><U77/><E132/><V35/><F69/><W98/><G44/><T75/><D75/><U122/><E122/><V100/><F83/><W55/><G3/><T30/><D32/><U116/><E116/><V117/><F117/><W27/><G5/><T36/><D30/><U89/><E33/><V128/><F128/><W80/><G80/><T133/><D111/><U29/><E77/><V125/><F125/><W11/><REACH who="3" step="1"/><G27/><REACH who="3" ten="235,404,225,126" step="2"/><T71/><D7/><U12/><E110/><V56/><F46/><W34/><G34/><T21/><D0/><U101/><E89/><V4/><F105/><W126/><G126/><T99/><D133/><N who="2" m="50698" /><F35/><W61/><G61/><T82/><D82/><AGARI ba="2,1" hai="10,12,19,23,26,29,72,73,82,86,88,97,101,104" machi="82" ten="30,2900,0" yaku="7,1,54,1" doraHai="53" who="1" fromWho="0" sc="235,-35,404,45,225,0,126,0" /><INIT seed="1,3,0,0,3,93" ten="200,449,225,126" oya="1" hai0="7,121,99,134,29,109,22,76,107,56,81,88,24" hai1="77,120,133,55,48,78,126,101,16,70,51,94,67" hai2="97,111,90,27,69,102,10,96,45,14,131,2,118" hai3="5,100,91,63,64,50,49,59,128,20,123,110,4"/><U38/><E120/><V34/><F118/><W80/><G123/><T11/><D121/><U105/><E105/><V72/><F69/><W60/><G110/><T86/><D109/><U66/><E38/><V41/><F2/><W116/><G128/><T73/><D134/><U135/><E126/><V52/><F111/><W112/><G112/><T57/><D107/><U32/><E32/><V35/><F72/><W132/><G132/><T33/><D33/><U95/><E101/><V31/><F131/><W58/><G100/><T129/><D129/><U87/><E55/><V98/><F90/><W37/><G37/><T124/><D124/><U119/><E87/><V62/><F35/><W83/><G20/><T71/><D71/><U8/><E8/><V79/><F79/><W106/><G106/><T114/><D114/><U43/><E43/><V108/><F108/><W46/><G91/><T25/><D25/><U3/><E70/><V92/><F62/><W65/><REACH who="3" step="1"/><G46/><REACH who="3" ten="200,449,225,116" step="2"/><T74/><D74/><U47/><E47/><V127/><F127/><W61/><G61/><T30/><D30/><U19/><REACH who="1" step="1"/><E3/><REACH who="1" ten="200,439,225,116" step="2"/><V89/><F102/><W54/><G54/><T40/><D40/><U103/><E103/><V0/><F52/><W9/><G9/><T28/><D73/><U117/><AGARI ba="3,2" hai="16,19,48,51,66,67,77,78,94,95,117,119,133,135" machi="117" ten="25,12000,1" yaku="1,1,0,1,22,2,54,1,53,0" doraHai="93" doraHaiUra="122" who="1" fromWho="1" sc="200,-43,439,149,225,-43,116,-43" /><INIT seed="1,4,0,1,5,6" ten="157,588,182,73" oya="1" hai0="37,59,91,50,83,62,76,67,66,10,47,20,82" hai1="19,4,72,40,133,24,55,119,49,1,51,14,109" hai2="127,7,42,74,73,31,96,54,29,94,132,65,128" hai3="105,134,28,106,124,84,130,11,8,135,98,70,34"/><U78/><E119/><V92/><F128/><W87/><G70/><T80/><D37/><U112/><E112/><V56/><F132/><N who="3" m="50731" /><G130/><T77/><D67/><U120/><E120/><V0/><F65/><W45/><G124/><T95/><D20/><U115/><E115/><V64/><F64/><W100/><G105/><T27/><D27/><U108/><E24/><V35/><F127/><W41/><G28/><T86/><REACH who="0" step="1"/><D10/><REACH who="0" ten="147,588,182,73" step="2"/><N who="3" m="3625" /><G34/><T33/><D33/><U63/><E133/><V12/><F35/><W9/><G9/><T38/><D38/><AGARI ba="4,1" hai="38,41,45,84,87,98,100,106" m="3625,50731" machi="38" ten="30,7700,0" yaku="20,1,52,3" doraHai="6" who="3" fromWho="0" sc="147,-89,588,0,182,0,73,99" /><INIT seed="2,0,0,4,2,125" ten="58,588,182,172" oya="2" hai0="3,48,76,135,122,65,34,53,79,2,62,75,102" hai1="57,121,84,39,38,9,78,59,100,11,114,123,126" hai2="13,101,134,99,23,37,83,104,88,47,8,107,77" hai3="124,55,41,98,27,128,15,116,12,64,105,17,16"/><V80/><F134/><W74/><G116/><T129/><D122/><U87/><E126/><V45/><F104/><W81/><G124/><T29/><D135/><U50/><E50/><V60/><F23/><W112/><G128/><T67/><D102/><U58/><E100/><V19/><F60/><W42/><G105/><T20/><D20/><U73/><E73/><V43/><F77/><W35/><G98/><T97/><D97/><U130/><E78/><V4/><F4/><W63/><G55/><T1/><D79/><U106/><E106/><V66/><F66/><W44/><G81/><T108/><D108/><U61/><E61/><V85/><REACH who="2" step="1"/><F47/><REACH who="2" ten="58,588,172,172" step="2"/><W10/><G44/><T46/><D129/><U133/><E133/><V115/><F115/><W51/><G112/><T103/><D76/><U31/><E130/><V89/><F89/><W21/><G63/><T131/><D131/><U56/><E56/><V119/><F119/><W30/><G64/><N who="0" m="24651" /><D75/><U95/><E59/><V72/><F72/><W120/><G74/><T24/><D62/><U5/><E114/><V117/><F117/><W82/><G21/><T118/><D118/><U90/><E90/><V69/><F69/><W14/><G10/><T70/><D70/><U52/><E5/><V25/><F25/><W7/><G7/><T6/><D6/><U92/><E58/><V93/><AGARI ba="0,1" hai="8,13,19,37,43,45,80,83,85,88,93,99,101,107" machi="93" ten="20,7800,0" yaku="1,1,0,1,7,1,54,1,53,0" doraHai="125" doraHaiUra="54" who="2" fromWho="2" sc="58,-26,588,-26,172,88,172,-26" /><INIT seed="2,1,0,1,5,131" ten="32,562,260,146" oya="2" hai0="12,43,7,0,24,70,5,54,59,121,93,129,4" hai1="102,76,53,104,52,122,117,6,126,81,133,116,77" hai2="114,58,21,64,108,124,28,62,68,45,56,63,79" hai3="13,90,26,29,83,32,132,123,42,71,15,120,107"/><V94/><F114/><W16/><G71/><T134/><D121/><U55/><E6/><V97/><F124/><W1/><G107/><T101/><D70/><U115/><E115/><V135/><F135/><W127/><G127/><T34/><D0/><U31/><E31/><V67/><F108/><W69/><G69/><T105/><D105/><U95/><E133/><V73/><F68/><W18/><G132/><T78/><D134/><U87/><E126/><V66/><F73/><W72/><G42/><T82/><D129/><U50/><E122/><V27/><F45/><W65/><G65/><T61/><D43/><U110/><E110/><V89/><REACH who="2" step="1"/><F79/><REACH who="2" ten="32,562,250,146" step="2"/><W128/><G72/><T91/><D101/><U51/><E77/><V2/><F2/><W30/><G1/><T23/><D34/><U118/><E116/><V84/><F84/><N who="3" m="50463" /><G32/><T112/><D112/><U49/><E117/><V46/><F46/><W106/><G123/><T3/><D3/><U86/><E118/><V10/><F10/><W44/><G44/><T96/><D78/><U88/><E104/><V35/><F35/><W48/><G106/><T17/><REACH who="0" step="1"/><D82/><REACH who="0" ten="22,562,250,146" step="2"/><U130/><E130/><V19/><F19/><N who="3" m="7211" /><G128/><T14/><AGARI ba="1,2" hai="4,5,7,12,14,17,23,24,54,59,61,91,93,96" machi="14" ten="30,8000,1" yaku="1,1,0,1,25,2,8,1,53,0" doraHai="131" doraHaiUra="80" who="0" fromWho="0" sc="22,103,562,-21,250,-41,146,-21" /><INIT seed="3,0,0,4,2,39" ten="125,541,209,125" oya="3" hai0="2,93,65,49,20,41,56,18,11,34,123,72,107" hai1="12,87,13,129,8,122,134,103,102,130,100,47,97" hai2="96,59,70,28,110,32,33,109,60,99,36,61,31" hai3="82,63,104,127,75,51,40,124,79,80,73,92,6"/><W91/><G6/><T43/><D123/><U23/><E122/><V108/><F36/><W94/><G63/><N who="2" m="24137" /><F59/><W42/><G104/><T45/><D107/><U21/><E97/><N who="2" m="37451" /><F70/><W68/><G68/><T112/><D34/><AGARI ba="0,0" hai="28,31,32,33,34,108,109,110" m="37451,24137" machi="34" ten="40,5200,0" yaku="28,2,14,1" doraHai="39" who="2" fromWho="0" sc="125,-52,541,0,209,52,125,0" /><INIT seed="4,0,0,5,2,28" ten="73,541,261,125" oya="0" hai0="18,109,115,67,12,38,66,99,29,72,42,21,16" hai1="54,68,1,124,113,83,120,48,78,107,91,57,39" hai2="61,47,32,55,65,130,101,93,100,14,9,82,108" hai3="98,50,23,96,17,95,0,69,44,77,71,111,88"/><T59/><D72/><U58/><E68/><V131/><F108/><W103/><G111/><T112/><D109/><U5/><E120/><V56/><F32/><W104/><G0/><T51/><D38/><U133/><E107/><V22/><F22/><W62/><G77/><T118/><D118/><U128/><E39/><V106/><F106/><W135/><G62/><T121/><D121/><U52/><E1/><V35/><F35/><W49/><G49/><T122/><D122/><U129/><E5/><V64/><F82/><W40/><REACH who="3" step="1"/><G135/><REACH who="3" ten="73,541,261,115" step="2"/><T75/><D75/><U74/><E133/><V125/><F61/><W34/><G34/><T119/><D119/><U11/><E48/><V79/><F79/><W30/><G30/><T102/><D29/><U63/><E63/><V53/><F131/><W46/><G46/><N who="0" m="26071" /><D59/><U90/><E78/><V31/><F56/><W126/><G126/><T43/><D43/><U116/><E116/><V2/><F125/><W94/><G94/><N who="0" m="58743" /><D115/><U3/><E124/><V89/><F2/><W81/><G81/><T127/><D112/><U27/><E3/><V60/><F31/><W85/><G85/><T87/><D127/><U15/><E113/><V24/><F130/><W13/><AGARI ba="0,1" hai="13,17,23,40,44,50,69,71,88,95,96,98,103,104" machi="13" ten="20,5200,0" yaku="1,1,0,1,7,1,54,1,53,0" doraHai="28" doraHaiUra="33" who="3" fromWho="3" sc="73,-26,541,-13,261,-13,115,62" /><INIT seed="5,0,0,2,5,125" ten="47,528,248,177" oya="1" hai0="38,11,81,76,52,39,88,15,132,24,96,50,110" hai1="17,49,1,64,90,84,89,25,127,7,101,94,20" hai2="131,80,13,45,117,32,62,100,102,109,30,78,9" hai3="108,83,16,3,12,63,51,10,35,67,54,133,60"/><U70/><E127/><V91/><F109/><W92/><G108/><T43/><D132/><U31/><E70/><V55/><F117/><W27/><G133/><T42/><D110/><U113/><E64/><V66/><F32/><W97/><G3/><T106/><D39/><U120/><E113/><V130/><F30/><W118/><G118/><T75/><D38/><U29/><E120/><V134/><F91/><W87/><G27/><T71/><D71/><U53/><E101/><V82/><F134/><W77/><G35/><T126/><D126/><U61/><E61/><V18/><F55/><W105/><G105/><T23/><D106/><U14/><E1/><V44/><F100/><N who="3" m="60455" /><G67/><T5/><D96/><U41/><E41/><V121/><F80/><W59/><AGARI ba="0,0" hai="10,12,16,51,54,59,60,63,77,83,87" m="60455" machi="59" ten="30,2000,0" yaku="8,1,54,1" doraHai="125" who="3" fromWho="3" sc="47,-5,528,-10,248,-5,177,20" /><INIT seed="6,0,0,5,5,95" ten="42,518,243,197" oya="2" hai0="0,23,64,50,116,100,121,32,92,97,66,68,4" hai1="105,2,80,75,63,28,103,126,20,25,27,6,93" hai2="77,30,36,104,57,133,82,128,110,130,112,49,113" hai3="31,134,12,114,122,9,48,38,29,41,53,96,55"/><V106/><F36/><W84/><G122/><T89/><D121/><U35/><E2/><V123/><F123/><W78/><G38/><T125/><D125/><U3/><E3/><V5/><F5/><W119/><G119/><T74/><D32/><U131/><E126/><V69/><F69/><W8/><G134/><T115/><D115/><N who="2" m="44106" /><F30/><N who="3" m="11275" /><G8/><T22/><D116/><U135/><E6/><V39/><F39/><W51/><G96/><T98/><D74/><U83/><E35/><V86/><F133/><W56/><G41/><T16/><D68/><U109/><E135/><V17/><F17/><W99/><G99/><N who="0" m="37899" /><D0/><U81/><E28/><V85/><F110/><W76/><G84/><N who="2" m="32361" /><F57/><N who="3" m="32935" /><G114/><T40/><D100/><U43/><E103/><V127/><F49/><W46/><G56/><T34/><D34/><U118/><E109/><V15/><F15/><W132/><G132/><T88/><D4/><AGARI ba="0,0" hai="4,9,12,46,51,55,76,78" m="32935,11275" machi="4" ten="30,1000,0" yaku="8,1" doraHai="95" who="3" fromWho="0" sc="42,-10,518,0,243,0,197,10" /><INIT seed="7,0,0,5,5,0" ten="32,518,243,207" oya="3" hai0="43,32,11,106,44,78,19,65,101,18,45,37,92" hai1="2,81,4,99,14,109,56,87,23,115,114,42,13" hai2="77,62,59,122,116,58,104,31,21,96,64,129,33" hai3="47,16,73,98,70,69,63,97,118,6,91,15,117"/><W68/><G73/><T66/><D92/><U54/><E2/><V35/><F116/><W76/><G76/><T3/><D32/><U126/><E42/><V27/><F129/><W74/><G74/><T121/><D121/><U83/><E109/><V71/><F122/><W112/><G112/><T80/><D101/><U39/><E39/><V75/><F35/><W107/><G63/><T60/><D106/><U94/><E126/><V89/><F89/><W82/><G6/><T131/><D131/><U17/><E87/><V50/><F50/><W120/><G120/><T84/><D84/><U85/><E85/><V29/><F29/><W95/><G82/><T100/><D100/><N who="1" m="60535" /><E115/><V34/><F34/><W105/><G98/><T103/><D103/><U40/><E40/><V88/><F21/><W7/><G7/><T5/><D45/><U108/><E108/><V26/><F26/><W55/><G107/><T30/><D30/><U57/><E114/><V93/><F104/><W79/><G79/><T36/><D36/><U125/><E125/><V49/><F49/><W8/><G105/><T12/><D12/><U48/><E57/><V22/><F33/><W90/><G91/><T134/><D134/><U67/><E67/><V132/><F132/><W124/><G124/><T20/><D20/><U128/><E128/><V53/><F53/><W133/><G133/><T10/><D10/><AGARI ba="0,0" hai="4,10,13,14,17,23,48,54,56,81,83" m="60535" machi="10" ten="30,2000,0" yaku="8,1,52,1" doraHai="0" who="1" fromWho="0" sc="32,-20,518,20,243,0,207,0" owari="12,-48.8,538,63.8,243,4.3,207,-19.3" /></mjloggm>