<mjloggm ver="2.3"><GO type="169" lobby="0"/><UN n0="%52%59%4F%40%53%53" n1="%E7%8A%AC%E5%B1%B1" n2="%E3%83%A4%E3%83%8A%E3%83%AA%E3%83%B3%E3%82%B9%E3%82%AD%E3%83%BC" n3="%E7%A5%9E%E6%88%B8%E5%B0%8F%E9%B3%A5%E9%86%A4" dan="17,16,17,16" rate="2231.29,2090.60,2217.47,2054.52" sx="M,M,M,F"/><TAIKYOKU oya="0"/><INIT seed="0,0,0,0,5,15" ten="250,250,250,250" oya="0" hai0="64,63,104,2,31,1,37,77,72,18,25,94,3" hai1="78,28,13,129,65,29,117,67,81,54,123,114,26" hai2="7,11,71,134,9,69,128,6,105,40,32,93,126" hai3="8,30,107,98,47,75,88,125,5,62,92,113,21"/><T118/><D118/><U55/><E123/><V131/><F105/><W97/><G113/><T59/><D104/><U58/><E117/><V115/><F32/><W109/><G125/><T86/><D37/><U96/><E96/><V44/><F115/><W124/><G124/><T89/><D72/><U14/><E129/><N who="2" m="49739" /><F126/><W76/><G109/><T95/><D77/><U38/><E38/><N who="2" m="21527" /><F134/><W19/><G30/><T43/><D43/><U82/><E114/><V20/><F93/><W0/><G47/><T17/><REACH who="0" step="1"/><D94/><REACH who="0" ten="240,250,250,250" step="2"/><U33/><E78/><V130/><F130/><W73/><G76/><T23/><AGARI ba="0,1" hai="1,2,3,17,18,23,25,31,59,63,64,86,89,95" machi="23" ten="30,18000,2" yaku="1,1,2,1,0,1,52,2,53,1" doraHai="15" doraHaiUra="61" who="0" fromWho="0" sc="240,190,250,-60,250,-60,250,-60" /><INIT seed="0,1,0,5,4,22" ten="430,190,190,190" oya="0" hai0="84,20,15,52,35,91,118,123,8,67,90,68,95" hai1="53,73,106,96,125,117,4,32,112,86,102,29,25" hai2="11,42,46,105,128,108,92,10,97,82,69,19,131" hai3="41,88,36,87,114,75,2,127,76,55,57,135,66"/><T126/><D35/><U124/><E117/><V89/><F69/><W24/><G2/><T109/><D118/><U122/><E73/><V59/><F105/><W50/><G114/><T104/><D123/><U3/><E122/><V77/><F108/><W116/><G116/><T21/><D104/><U62/><E86/><V79/><F59/><W13/><G135/><T0/><D0/><U7/><E112/><V5/><F19/><W110/><G110/><T72/><D72/><U30/><E53/><V37/><F11/><W93/><G127/><N who="1" m="48714" /><E62/><V18/><F18/><W16/><G66/><T85/><D67/><U129/><E129/><N who="2" m="49739" /><F82/><W78/><G75/><T100/><D68/><U23/><E3/><AGARI ba="1,0" hai="3,5,10,37,42,46,77,79,89,92,97" m="49739" machi="3" ten="30,1000,0" yaku="19,1" doraHai="22" who="2" fromWho="1" sc="430,0,190,-13,190,13,190,0" /><INIT seed="1,0,0,1,0,125" ten="430,177,203,190" oya="1" hai0="91,92,32,74,19,61,12,13,14,18,15,59,17" hai1="132,88,2,50,55,34,70,47,90,96,109,118,124" hai2="117,101,60,81,16,93,114,62,52,98,80,43,36" hai3="87,8,0,84,82,27,111,22,37,78,115,123,107"/><U77/><E118/><V20/><F117/><W31/><G37/><T113/><D32/><U106/><E124/><V9/><F114/><W71/><G71/><T133/><D133/><U85/><E132/><V30/><F36/><W10/><G107/><T53/><D74/><U86/><E70/><V104/><F43/><W121/><G115/><T1/><D1/><U69/><E69/><V76/><F104/><W56/><G111/><T29/><D29/><U103/><E109/><V108/><F108/><W64/><G0/><T6/><D113/><U65/><E65/><V21/><F62/><W38/><G38/><T67/><D53/><U89/><E34/><V68/><F68/><W63/><REACH who="3" step="1"/><G87/><REACH who="3" ten="430,177,203,180" step="2"/><N who="0" m="52351" /><D6/><U45/><E2/><V26/><F9/><AGARI ba="0,1" hai="8,9,10,22,27,31,56,63,64,78,82,84,121,123" machi="9" ten="40,1300,0" yaku="1,1,53,0" doraHai="125" doraHaiUra="126" who="3" fromWho="2" sc="430,0,177,0,203,-13,180,23" /><AGARI ba="0,0" hai="9,12,13,14,15,17,18,19,59,61,67" m="52351" machi="9" ten="30,1000,0" yaku="8,1" doraHai="125" who="0" fromWho="2" sc="430,10,177,0,190,-10,203,0" /><INIT seed="2,0,0,4,4,0" ten="440,177,180,203" oya="2" hai0="76,102,87,21,122,7,62,78,82,81,109,15,12" hai1="79,46,37,89,55,129,9,60,39,3,23,114,85" hai2="77,64,45,16,24,123,75,4,124,74,17,5,111" hai3="133,30,96,51,36,48,101,86,132,116,26,59,57"/><V8/><F123/><W128/><G36/><T54/><D109/><U67/><E114/><V106/><F106/><W131/><G116/><T56/><D122/><U27/><E79/><V94/><F64/><W50/><G86/><T73/><D102/><U112/><E129/><N who="3" m="49738" /><G101/><T93/><D93/><U80/><E112/><V61/><F61/><W42/><G96/><T31/><D7/><U13/><E3/><V11/><F111/><W70/><G70/><T49/><D31/><U117/><E117/><V47/><F24/><W63/><G26/><T28/><D28/><U10/><E10/><V135/><F94/><W107/><G30/><T104/><D21/><U118/><E118/><V14/><F77/><W52/><G107/><T22/><D22/><U33/><E33/><V66/><F66/><N who="3" m="39295" /><G42/><T43/><D104/><U113/><E113/><V99/><F99/><W88/><G88/><T38/><D38/><U68/><E23/><V100/><F100/><W103/><G103/><T35/><D35/><U41/><E27/><V95/><F95/><W127/><G127/><T97/><D97/><U19/><REACH who="1" step="1"/><E41/><REACH who="1" ten="440,167,180,203" step="2"/><V121/><F124/><W90/><G90/><T115/><D115/><U25/><E25/><V71/><F121/><W110/><G110/><T6/><D43/><U20/><E20/><V69/><REACH who="2" step="1"/><F14/><REACH who="2" ten="440,167,170,203" step="2"/><W126/><G126/><T72/><D15/><U40/><E40/><V53/><F53/><W105/><G105/><T91/><D91/><U1/><E1/><V83/><F83/><W98/><G98/><T108/><D108/><U2/><E2/><V44/><F44/><RYUUKYOKU ba="0,2" sc="440,-30,167,10,170,10,203,10" hai1="9,13,19,37,39,46,55,60,67,68,80,85,89" hai2="4,5,8,11,16,17,45,47,69,71,74,75,135" hai3="48,50,51,52,57,132,133" /><INIT seed="2,1,2,2,0,44" ten="410,177,180,213" oya="2" hai0="112,97,73,74,10,51,62,49,94,35,39,66,115" hai1="86,58,131,114,41,110,34,29,123,33,53,27,47" hai2="64,75,37,65,60,32,23,117,96,127,30,83,46" hai3="91,84,12,81,122,124,76,106,25,17,54,43,134"/><V48/><F117/><W72/><G122/><T6/><D35/><U78/><E114/><V118/><F118/><W24/><G134/><T2/><D39/><U105/><E105/><V104/><F37/><W9/><G106/><T1/><D1/><U16/><E123/><V68/><F127/><W19/><G124/><T13/><D73/><U126/><E126/><V82/><F65/><W98/><G43/><T119/><D74/><U125/><E131/><V128/><F23/><W129/><G129/><T133/><D133/><U42/><E110/><V56/><F56/><W57/><G98/><T61/><D61/><U121/><E125/><V99/><F99/><W20/><G72/><T71/><D119/><U28/><E121/><V7/><F7/><W88/><REACH who="3" step="1"/><G25/><REACH who="3" ten="410,177,180,203" step="2"/><T5/><D115/><U59/><E41/><N who="2" m="24655" /><F75/><W11/><G11/><T69/><D112/><U120/><E120/><V31/><F128/><W108/><G108/><T79/><D97/><U22/><E42/><V26/><F31/><W55/><G55/><T100/><D10/><U90/><E90/><V70/><BYE who="1" /><F70/><W111/><G111/><T45/><D71/><U95/><E95/><V101/><AGARI ba="1,3" hai="26,30,32,60,64,68,82,83,96,101,104" m="24655" machi="101" ten="30,3000,0" yaku="25,1,52,1" doraHai="44" who="2" fromWho="2" sc="410,-11,177,-11,180,63,203,-11" /><INIT seed="2,2,0,1,4,17" ten="399,166,243,192" oya="2" hai0="91,133,119,113,134,110,128,62,114,84,14,108,92" hai1="69,70,4,122,76,63,60,1,67,121,123,16,41" hai2="25,32,66,61,54,131,79,3,77,13,33,96,52" hai3="117,28,127,39,10,111,27,125,88,0,37,106,112"/><V53/><F131/><UN n1="%E7%8A%AC%E5%B1%B1" /><W64/><G117/><T19/><D128/><U71/><E76/><V101/><F3/><W109/><G112/><N who="0" m="43115" /><D62/><U102/><E41/><V30/><F33/><N who="3" m="20639" /><G64/><T20/><D119/><U97/><E63/><V15/><F77/><W99/><G88/><T83/><D83/><U81/><E81/><V126/><F126/><N who="3" m="48139" /><G99/><T78/><D78/><U45/><E45/><V59/><REACH who="2" step="1"/><F79/><REACH who="2" ten="399,166,233,192" step="2"/><W26/><G106/><AGARI ba="2,1" hai="13,15,25,30,32,52,53,54,59,61,66,96,101,106" machi="106" ten="40,12000,1" yaku="1,1,2,1,54,1,53,1" doraHai="17" doraHaiUra="103" who="2" fromWho="3" sc="399,0,166,0,233,136,192,-126" /><INIT seed="2,3,0,4,3,4" ten="399,166,369,66" oya="2" hai0="34,109,49,59,68,133,14,61,127,11,74,51,95" hai1="56,21,85,100,113,37,42,29,69,110,52,81,97" hai2="1,126,120,107,57,82,96,102,128,103,60,7,72" hai3="2,28,48,122,104,39,23,35,111,78,36,91,62"/><V44/><F120/><W132/><G104/><T114/><D34/><U13/><E69/><V125/><F128/><W24/><G122/><T121/><D74/><U124/><E124/><V10/><F102/><W86/><G111/><T117/><D109/><U134/><E134/><V73/><F44/><W84/><G132/><T118/><D133/><U45/><E113/><V30/><F30/><W27/><G2/><T108/><D108/><U65/><E65/><V119/><F119/><W15/><G15/><T123/><D68/><U90/><E110/><V64/><REACH who="2" step="1"/><F82/><REACH who="2" ten="399,166,359,66" step="2"/><W12/><G28/><T18/><D121/><U106/><E29/><V3/><F3/><W53/><G35/><T80/><D123/><U20/><REACH who="1" step="1"/><E13/><REACH who="1" ten="399,156,359,66" step="2"/><V88/><F88/><W87/><G12/><T25/><D118/><U19/><E19/><V16/><F16/><W26/><G91/><T105/><D117/><U9/><E9/><V98/><F98/><W41/><G78/><T40/><D18/><U116/><E116/><V67/><F67/><W93/><G39/><T33/><D14/><U55/><E55/><V0/><F0/><W54/><G36/><T130/><D11/><U50/><AGARI ba="3,2" hai="20,21,37,42,45,50,52,56,81,85,90,97,100,106" machi="50" ten="20,5200,0" yaku="1,1,0,1,7,1,54,1,53,0" doraHai="4" doraHaiUra="63" who="1" fromWho="1" sc="399,-16,156,81,359,-29,66,-16" /><INIT seed="3,0,0,1,4,38" ten="383,237,330,50" oya="3" hai0="60,62,47,112,24,97,73,11,118,7,117,122,115" hai1="125,48,32,126,46,130,22,17,92,72,57,9,78" hai2="6,101,56,50,0,133,131,49,71,106,96,85,86" hai3="116,1,13,107,34,103,91,75,104,110,114,111,55"/><W67/><G1/><T37/><D73/><U95/><E32/><V90/><F71/><W51/><G34/><T77/><D77/><U18/><E130/><V29/><F29/><W59/><G75/><T58/><D97/><U129/><E129/><V87/><F131/><W36/><G116/><T19/><D122/><U12/><E57/><V100/><F100/><W98/><G114/><N who="0" m="43563" /><D60/><U21/><E9/><V102/><F102/><W120/><G36/><T109/><D109/><N who="3" m="41481" /><G120/><T66/><D19/><U40/><E78/><V121/><F133/><W80/><G13/><N who="0" m="5375" /><D24/><U27/><REACH who="1" step="1"/><E72/><REACH who="1" ten="383,227,330,50" step="2"/><V31/><F56/><W45/><G59/><T61/><D62/><U105/><E105/><V84/><F106/><N who="3" m="63863" /><G67/><T68/><D58/><U113/><E113/><V70/><F121/><W42/><G42/><AGARI ba="0,1" hai="37,42,47,61,66,68,117,118" m="5375,43563" machi="42" ten="30,2000,0" yaku="11,1,52,1" doraHai="38" who="0" fromWho="3" sc="383,30,227,0,330,0,50,-20" /><INIT seed="4,0,0,0,5,22" ten="413,227,330,30" oya="0" hai0="6,109,91,19,2,90,7,76,29,96,14,122,121" hai1="80,118,115,50,1,101,82,12,13,56,37,107,24" hai2="55,111,105,79,65,66,17,116,134,103,98,23,26" hai3="123,25,30,88,130,94,42,64,78,51,110,5,93"/><T39/><D39/><U83/><E37/><V38/><F111/><W127/><G123/><T128/><D128/><U77/><E1/><V45/><F134/><W18/><G110/><T10/><D109/><U124/><E118/><V57/><F116/><W131/><G130/><T41/><D41/><U68/><E68/><V48/><REACH who="2" step="1"/><F79/><REACH who="2" ten="413,227,320,30" step="2"/><W20/><G131/><T9/><D76/><U85/><E77/><V106/><F106/><W100/><G78/><T112/><D122/><U87/><E107/><V125/><F125/><W32/><G127/><T129/><D129/><U102/><E124/><V69/><F69/><W44/><G64/><T62/><D121/><U81/><E115/><V135/><F135/><W21/><G32/><T73/><D112/><U120/><E120/><V40/><AGARI ba="0,1" hai="17,23,26,38,40,45,48,55,57,65,66,98,103,105" machi="40" ten="30,4000,0" yaku="1,1,0,1,52,1,53,0" doraHai="22" doraHaiUra="84" who="2" fromWho="2" sc="413,-20,227,-10,320,50,30,-10" /><INIT seed="5,0,0,0,5,52" ten="393,217,370,20" oya="1" hai0="15,82,79,17,121,130,24,65,44,69,111,40,116" hai1="55,26,129,0,92,127,101,36,37,20,96,78,57" hai2="63,31,30,120,38,112,94,59,113,90,50,99,11" hai3="43,61,125,118,107,34,110,18,49,16,28,81,70"/><U8/><E129/><V62/><F38/><W108/><G107/><T13/><D111/><U46/><E127/><V85/><F120/><W23/><G125/><T53/><D116/><U71/><E78/><V41/><F11/><W123/><G118/><T1/><D1/><U80/><E80/><V10/><F10/><W105/><G123/><T6/><D53/><U73/><E71/><V102/><F31/><W33/><G105/><T48/><D6/><U51/><E73/><V27/><F41/><W97/><G34/><T106/><D106/><U66/><E0/><V77/><F77/><W2/><G2/><T74/><D130/><U76/><E76/><V131/><F131/><W119/><G119/><T64/><D121/><U4/><E4/><V117/><F117/><W19/><G33/><T89/><D15/><U103/><E8/><V56/><F50/><W115/><G115/><N who="2" m="44105" /><F63/><W35/><G35/><T100/><D100/><U22/><E103/><V75/><F62/><W54/><G70/><T72/><D72/><U12/><E12/><V114/><F75/><W7/><G108/><T132/><D13/><U91/><E22/><N who="2" m="15735" /><F114/><W68/><G110/><T9/><D9/><U39/><E66/><V126/><F126/><W29/><G68/><T42/><D65/><U93/><E39/><V135/><F135/><W47/><G7/><T104/><D132/><U3/><E3/><V5/><F5/><W87/><G28/><T58/><D69/><U25/><E25/><V60/><F60/><W83/><G29/><T14/><D24/><U86/><E46/><V133/><F133/><RYUUKYOKU ba="0,0" sc="393,-15,217,15,370,15,20,-15" hai1="20,26,36,37,51,55,57,86,91,92,93,96,101" hai2="56,59,85,90,94,99,102" /><INIT seed="5,1,0,4,5,89" ten="378,232,385,5" oya="1" hai0="79,6,100,134,94,36,99,75,67,128,126,47,84" hai1="132,10,39,27,43,93,77,46,28,97,91,76,18" hai2="26,41,51,3,22,73,0,55,125,40,124,81,112" hai3="17,104,110,31,42,52,123,101,78,106,29,98,88"/><U72/><E132/><V71/><F71/><W14/><G123/><T50/><D134/><U135/><E135/><V48/><F112/><W119/><G110/><T68/><D36/><U87/><E72/><V9/><F81/><W54/><G119/><T118/><D118/><U24/><E10/><V83/><F83/><W13/><G42/><N who="2" m="16489" /><F73/><W117/><G117/><T56/><D68/><U25/><E18/><N who="2" m="12631" /><F9/><W15/><G78/><T105/><D126/><N who="2" m="48746" /><F51/><W127/><G127/><T35/><D35/><U19/><E19/><V116/><F116/><W5/><G5/><T85/><D6/><U130/><E28/><V37/><F37/><W114/><G114/><T4/><D4/><U111/><E111/><V30/><F30/><W95/><G106/><T44/><D105/><U109/><E109/><V11/><F11/><W60/><G104/><T129/><D75/><U34/><E34/><V59/><AGARI ba="1,0" hai="0,3,48,55,59" m="48746,12631,16489" machi="59" ten="30,1100,0" yaku="18,1" doraHai="89" who="2" fromWho="2" sc="378,-4,232,-6,385,14,5,-4" /><INIT seed="6,0,0,0,2,82" ten="374,226,399,1" oya="2" hai0="60,51,32,106,67,68,64,110,123,88,3,59,75" hai1="54,65,42,74,100,6,62,21,71,36,98,5,124" hai2="116,4,105,130,34,114,118,69,111,0,101,103,112" hai3="40,33,133,7,12,46,57,53,87,35,127,85,131"/><V41/><F69/><W26/><G26/><T72/><D110/><U78/><E124/><V29/><F111/><W119/><G127/><T31/><D123/><U61/><E21/><V96/><F130/><W15/><G119/><T56/><D3/><U94/><E74/><V49/><F101/><W79/><G79/><T81/><D106/><U135/><E135/><V58/><F34/><W63/><G133/><T47/><D31/><U38/><E78/><V89/><F29/><W48/><G131/><T27/><D27/><U52/><E42/><V104/><F104/><W66/><G33/><T125/><D32/><U13/><E13/><N who="3" m="5194" /><G35/><T102/><D102/><U50/><E61/><V25/><F25/><W117/><G117/><T126/><D68/><U86/><E54/><N who="2" m="32079" /><F41/><W39/><G7/><T120/><D120/><U121/><E121/><V99/><F99/><W55/><G39/><T128/><D128/><U22/><E38/><V18/><F18/><W129/><G129/><T107/><D107/><U73/><E73/><V23/><F23/><W77/><G77/><T20/><D20/><U113/><E36/><V14/><F0/><W8/><G8/><T134/><D134/><U76/><E22/><V80/><F4/><W84/><AGARI ba="0,0" hai="40,46,48,53,55,57,63,66,84,85,87" m="5194" machi="84" ten="30,7900,0" yaku="8,1,52,3" doraHai="82" who="3" fromWho="3" sc="374,-20,226,-20,399,-39,1,79" /><INIT seed="7,0,0,4,5,48" ten="354,206,360,80" oya="3" hai0="25,54,17,49,113,134,124,75,103,126,13,66,34" hai1="21,108,45,101,119,11,5,69,76,102,9,65,89" hai2="23,99,114,129,86,88,37,46,85,31,33,79,29" hai3="92,1,70,12,74,16,47,97,133,83,32,121,120"/><W110/><G1/><T109/><D109/><U63/><E108/><V28/><F33/><W106/><G32/><T19/><D75/><U20/><E119/><V60/><F114/><W2/><G2/><T125/><D113/><U7/><E76/><V73/><F73/><W128/><G110/><T80/><D134/><U67/><E45/><V40/><F79/><W112/><G133/><T111/><D111/><U132/><E132/><V90/><F99/><W39/><G70/><T55/><D66/><U95/><E63/><V4/><F4/><W84/><G112/><T91/><D103/><U15/><E69/><V130/><F60/><W64/><G128/><N who="2" m="49257" /><F23/><W61/><G106/><T96/><D49/><U43/><E43/><V50/><F37/><W57/><G74/><T81/><D81/><U104/><E15/><V36/><F36/><W38/><G38/><T26/><D19/><U131/><E89/><AGARI ba="0,0" hai="28,29,31,40,46,50,85,86,88,89,90" m="49257" machi="89" ten="30,2000,0" yaku="19,1,54,1" doraHai="48" who="2" fromWho="1" sc="354,0,206,-20,360,20,80,0" owari="354,15.4,186,-21.4,380,48.0,80,-42.0" /></mjloggm>