<mjloggm ver="2.3"><GO type="169" lobby="0"/><UN n0="%4A%49%4D" n1="%E3%81%A9%E3%82%89%E3%81%94%E3%82%93%33%2E%30" n2="%E2%98%86%E5%AD%AB%E7%87%95%E5%A7%BF%E2%98%86" n3="%E5%8D%B5%E3%81%8B%E3%81%91%E6%B6%85%E6%A7%83" dan="17,16,17,16" rate="2197.15,2078.54,2247.54,2166.65" sx="F,M,M,M"/><TAIKYOKU oya="0"/><INIT seed="0,0,0,2,2,78" ten="250,250,250,250" oya="0" hai0="62,121,58,43,131,115,87,106,77,72,80,24,100" hai1="8,85,34,52,48,26,104,11,38,70,21,65,5" hai2="17,124,91,13,123,93,76,96,60,86,74,31,56" hai3="20,4,44,98,125,35,84,69,14,117,73,23,101"/><T75/><D115/><U95/><E104/><V108/><F108/><W92/><G35/><T89/><D121/><U66/><E34/><V30/><F124/><W64/><G73/><T25/><D131/><U68/><E38/><V12/><F74/><W59/><G69/><T45/><D75/><U49/><E5/><V53/><F123/><W27/><G125/><T50/><D100/><U10/><E68/><V2/><F2/><W18/><G117/><T133/><D133/><U9/><E70/><V130/><F130/><W90/><G44/><T39/><D106/><U134/><E49/><V129/><F129/><W116/><G116/><T109/><D39/><U97/><E85/><V54/><F53/><W71/><G71/><T28/><D28/><N who="1" m="17487" /><E134/><V63/><F60/><N who="3" m="37919" /><G4/><T118/><D109/><U19/><E19/><V126/><F13/><W107/><G107/><T120/><D120/><U83/><E83/><N who="2" m="47463" /><F126/><W67/><G67/><T57/><D118/><U6/><E6/><V132/><F132/><W51/><G51/><T1/><D1/><U81/><E65/><V135/><F135/><W61/><G61/><T42/><D42/><U0/><E66/><V82/><F82/><N who="3" m="49431" /><G27/><N who="0" m="10315" /><D62/><U33/><E33/><V79/><F79/><W105/><G105/><T37/><D37/><U94/><E0/><V103/><F103/><W88/><G101/><T46/><D72/><U111/><E111/><V29/><F29/><W41/><G41/><N who="0" m="24879" /><D77/><U113/><E113/><V22/><AGARI ba="0,0" hai="12,17,22,30,31,54,56,63,91,93,96" m="47463" machi="22" ten="30,2000,0" yaku="8,1,52,1" doraHai="78" who="2" fromWho="2" sc="250,-10,250,-5,250,20,250,-5" /><INIT seed="1,0,0,3,0,6" ten="240,245,270,245" oya="1" hai0="56,134,114,61,110,7,44,51,124,84,104,62,1" hai1="39,68,72,28,83,87,105,80,100,106,60,126,53" hai2="17,113,119,89,4,102,55,79,10,71,88,112,58" hai3="75,103,132,63,9,30,92,128,76,59,108,120,41"/><U94/><E39/><V52/><F119/><W25/><G120/><T32/><D114/><N who="2" m="44138" /><F71/><W97/><G108/><T81/><D32/><U70/><E28/><V38/><F38/><W11/><G132/><T125/><D104/><U95/><E126/><V21/><F79/><W54/><G128/><T67/><D62/><U85/><E60/><N who="2" m="35911" /><F55/><W0/><G0/><T133/><D110/><U109/><E109/><V93/><F102/><W65/><G41/><T66/><D66/><U46/><E53/><V69/><F69/><W42/><G42/><T57/><D57/><U34/><E46/><V26/><F93/><W23/><REACH who="3" step="1"/><G54/><REACH who="3" ten="240,245,270,235" step="2"/><T130/><D130/><U117/><E117/><V99/><F99/><W8/><G8/><N who="0" m="2159" /><D134/><U49/><E49/><V12/><AGARI ba="0,1" hai="4,10,12,17,21,26,88,89" m="35911,44138" machi="12" ten="30,7900,0" yaku="11,1,52,1,54,2" doraHai="6" who="2" fromWho="2" sc="240,-20,245,-39,270,89,235,-20" /><INIT seed="2,0,0,4,2,44" ten="220,206,359,215" oya="2" hai0="114,37,96,118,105,19,93,64,82,76,29,133,42" hai1="99,28,59,14,112,104,49,33,94,12,111,35,16" hai2="129,38,79,101,77,121,66,24,131,106,63,90,32" hai3="81,73,110,72,43,68,48,2,21,86,26,103,135"/><V61/><F38/><W4/><G110/><T52/><D114/><U109/><E112/><V10/><F121/><W11/><G135/><T125/><D133/><U3/><E3/><V5/><F90/><W57/><G68/><T23/><D64/><U47/><E104/><V54/><F54/><W127/><G127/><T95/><D125/><U75/><E75/><V50/><F50/><W74/><G103/><T53/><D29/><U56/><E28/><N who="2" m="19463" /><F63/><W89/><G43/><T41/><D118/><U13/><E56/><V78/><F10/><W0/><G0/><T39/><D105/><U62/><E59/><V119/><F5/><W85/><G85/><T17/><D23/><N who="1" m="11655" /><E33/><V98/><F119/><W88/><G89/><T27/><D27/><U124/><E35/><V18/><F18/><W46/><G57/><T45/><D45/><U87/><E62/><V31/><F31/><W130/><G130/><N who="2" m="49673" /><F79/><W55/><REACH who="3" step="1"/><G74/><REACH who="3" ten="220,206,359,205" step="2"/><T128/><D128/><U117/><E124/><V115/><F115/><W83/><G83/><T6/><D82/><U120/><E87/><V71/><AGARI ba="0,1" hai="61,66,71,77,78,98,101,106" m="49673,19463" machi="71" ten="30,3000,0" yaku="25,1,19,1" doraHai="44" who="2" fromWho="2" sc="220,-10,206,-10,359,40,205,-10" /><INIT seed="2,1,0,0,0,19" ten="210,196,399,195" oya="2" hai0="79,26,24,74,134,66,96,4,25,33,30,13,132" hai1="110,92,69,72,112,43,84,44,61,64,53,28,11" hai2="125,47,48,135,40,104,91,77,34,51,94,118,93" hai3="78,122,101,108,17,58,107,65,113,18,57,130,120"/><V114/><F114/><W95/><G95/><T119/><D66/><U111/><E72/><V31/><F118/><W42/><G42/><T80/><D119/><U81/><E28/><V41/><F104/><W76/><G101/><T83/><D96/><U62/><E92/><V124/><F77/><W45/><G45/><T36/><D36/><U106/><E106/><V133/><F31/><W1/><G107/><T16/><D4/><U55/><E11/><V46/><REACH who="2" step="1"/><F91/><REACH who="2" ten="210,196,389,195" step="2"/><W115/><G108/><T71/><D30/><U56/><E112/><V9/><F9/><W121/><G130/><T86/><D33/><AGARI ba="1,1" hai="33,34,40,41,46,47,48,51,93,94,124,125,133,135" machi="33" ten="25,4800,0" yaku="1,1,22,2,53,0" doraHai="19" doraHaiUra="75" who="2" fromWho="0" sc="210,-51,196,0,389,61,195,0" /><INIT seed="2,2,0,2,1,89" ten="159,196,450,195" oya="2" hai0="10,15,133,104,115,40,131,23,56,110,129,67,75" hai1="9,45,37,51,134,124,8,99,98,44,2,95,12" hai2="7,53,26,82,41,11,25,42,65,132,79,33,0" hai3="130,21,119,102,103,31,57,84,66,59,70,118,24"/><V32/><F65/><W62/><G130/><T120/><D120/><U36/><E2/><V92/><F132/><W108/><G108/><T29/><D115/><U34/><E34/><V97/><F33/><W38/><G38/><T6/><D104/><U74/><E74/><V100/><F53/><W55/><G84/><T125/><D75/><U111/><E111/><V90/><F100/><W49/><REACH who="3" step="1"/><G70/><REACH who="3" ten="159,196,450,185" step="2"/><T28/><D110/><U30/><E37/><V35/><F35/><W13/><G13/><T135/><D131/><U86/><E12/><V3/><F3/><W107/><G107/><T128/><D128/><U43/><E36/><V93/><F32/><W27/><G27/><T123/><D129/><U18/><E134/><V101/><F26/><W88/><G88/><T14/><D135/><U116/><E116/><AGARI ba="2,1" hai="21,24,31,49,55,57,59,62,66,102,103,116,118,119" machi="116" ten="40,2600,0" yaku="1,1,53,1" doraHai="89" doraHaiUra="47" who="3" fromWho="1" sc="159,0,196,-32,450,0,185,42" /><INIT seed="3,0,0,1,5,67" ten="159,164,450,227" oya="3" hai0="90,25,32,47,41,23,64,91,98,101,36,12,17" hai1="80,114,42,122,117,99,61,11,50,94,3,105,113" hai2="134,4,56,52,81,109,14,2,79,7,26,76,78" hai3="106,60,87,116,68,59,111,86,83,131,24,13,16"/><W6/><G116/><T40/><D40/><U46/><E122/><V92/><F109/><W125/><G125/><T45/><D45/><U21/><E105/><V66/><F134/><W110/><G131/><T34/><D64/><U54/><E117/><V38/><F38/><W119/><G106/><T82/><D82/><U27/><E80/><V107/><F107/><W96/><G96/><T103/><D103/><U10/><E3/><V73/><F66/><W72/><G72/><T62/><D62/><U53/><E114/><V37/><F14/><W85/><G119/><T15/><D15/><U48/><E113/><V88/><F37/><W0/><G24/><T74/><D74/><U5/><E61/><V118/><F118/><W120/><G120/><T65/><D65/><U19/><E5/><V57/><F57/><W77/><G0/><T20/><D32/><U112/><E112/><V108/><F108/><N who="3" m="41515" /><G6/><T100/><D34/><U93/><E93/><V121/><F121/><W89/><G68/><T128/><D128/><U55/><REACH who="1" step="1"/><E48/><REACH who="1" ten="159,154,450,227" step="2"/><V9/><F7/><W132/><G132/><T31/><D101/><AGARI ba="0,1" hai="10,11,19,21,27,42,46,50,53,54,55,94,99,101" machi="101" ten="40,5200,0" yaku="1,1,2,1,8,1,53,0" doraHai="67" doraHaiUra="71" who="1" fromWho="0" sc="159,-52,154,62,450,0,227,0" /><INIT seed="4,0,0,4,2,50" ten="107,216,450,227" oya="0" hai0="114,65,60,135,78,25,89,110,5,24,9,82,0" hai1="40,54,33,12,97,18,83,113,52,27,13,88,36" hai2="69,105,77,123,122,51,94,126,102,98,115,53,134" hai3="1,91,95,46,42,29,90,109,71,21,107,55,34"/><T62/><D114/><U93/><E36/><V57/><F69/><W49/><G109/><T72/><D135/><U11/><E40/><V7/><F115/><W108/><G107/><T131/><D131/><U66/><E113/><V80/><F134/><W19/><G1/><T38/><D110/><U14/><E66/><V76/><F126/><W6/><G6/><T23/><D89/><U106/><E106/><V68/><F68/><W127/><G71/><T59/><D62/><U41/><E41/><V28/><F28/><W120/><G120/><T79/><D79/><U30/><E83/><V125/><F77/><W128/><G127/><T74/><D74/><U84/><E97/><V48/><F7/><W112/><G128/><T43/><REACH who="0" step="1"/><D23/><REACH who="0" ten="97,216,450,227" step="2"/><U47/><REACH who="1" step="1"/><E47/><AGARI ba="0,1" hai="0,5,9,24,25,38,43,47,59,60,65,72,78,82" machi="47" ten="40,12000,1" yaku="1,1,2,1,25,2,53,0" doraHai="50" doraHaiUra="111" who="0" fromWho="1" sc="97,130,216,-120,450,0,227,0" /><INIT seed="4,1,0,2,3,36" ten="227,96,450,227" oya="0" hai0="57,22,132,126,106,120,10,27,130,73,117,122,84" hai1="44,64,26,99,51,29,118,87,69,128,70,91,76" hai2="125,105,104,116,55,61,121,34,30,24,133,46,32" hai3="0,77,67,127,15,102,89,113,20,13,72,135,9"/><T18/><D117/><U129/><E118/><V134/><F121/><W14/><G113/><T37/><D73/><U49/><E76/><V114/><F116/><W16/><G135/><N who="2" m="51721" /><F125/><W11/><G127/><T85/><D126/><U98/><E64/><V68/><F114/><W28/><G102/><T94/><D106/><U112/><E112/><V97/><F34/><W39/><G39/><T93/><D132/><U65/><E65/><N who="2" m="41007" /><F97/><N who="1" m="36873" /><E26/><V119/><F119/><W2/><G67/><T75/><D75/><U43/><E29/><V7/><F7/><W101/><G101/><T45/><D122/><U82/><E51/><AGARI ba="1,0" hai="24,30,32,46,51,55,104,105" m="41007,51721" machi="51" ten="30,1000,0" yaku="20,1" doraHai="36" who="2" fromWho="1" sc="227,0,96,-13,450,13,227,0" /><INIT seed="5,0,0,5,5,34" ten="227,83,463,227" oya="1" hai0="20,70,15,65,95,51,94,100,54,92,58,122,10" hai1="59,5,57,64,50,71,3,120,74,62,42,17,56" hai2="76,25,98,115,23,131,29,55,82,6,117,127,83" hai3="53,28,104,44,12,36,7,128,66,116,78,129,67"/><U14/><E120/><V79/><F117/><W69/><G104/><T68/><D122/><U72/><E42/><V118/><F118/><W49/><G116/><T123/><D123/><U39/><E39/><V22/><F131/><W111/><G111/><T75/><D75/><U37/><E37/><V114/><F127/><W135/><G28/><T86/><D100/><U13/><E50/><V88/><F6/><W112/><G112/><N who="2" m="43049" /><F55/><W113/><G113/><T43/><D43/><U109/><E109/><V91/><F23/><W18/><G135/><T73/><D73/><U77/><E74/><N who="2" m="43287" /><F98/><W125/><G36/><T47/><D20/><U11/><REACH who="1" step="1"/><E17/><REACH who="1" ten="227,73,463,227" step="2"/><V132/><F132/><W19/><G19/><T110/><D110/><U102/><E102/><V48/><F48/><W30/><G49/><T61/><D86/><AGARI ba="0,1" hai="22,25,29,79,83,86,88,91" m="43287,43049" machi="86" ten="30,3900,0" yaku="15,1,11,1,54,1" doraHai="34" who="2" fromWho="0" sc="227,-39,73,0,463,49,227,0" /><INIT seed="6,0,0,1,5,58" ten="188,73,512,227" oya="2" hai0="23,83,132,39,86,55,32,19,96,0,11,128,100" hai1="91,110,119,22,67,14,63,92,104,133,31,64,24" hai2="89,106,74,88,102,101,61,17,40,124,129,135,81" hai3="43,50,75,7,125,114,122,127,21,6,46,49,69"/><V99/><F129/><W70/><G122/><T2/><D32/><U13/><E110/><V123/><F123/><W3/><G75/><T41/><D128/><U45/><E119/><V73/><F40/><W28/><G114/><T68/><D68/><N who="3" m="26217" /><G3/><T65/><D132/><U72/><E133/><V8/><F135/><W30/><G21/><T16/><D65/><U59/><E72/><V87/><F102/><W35/><G35/><T115/><D115/><U120/><E104/><V1/><F89/><W78/><G78/><T84/><D19/><U56/><E120/><V54/><F1/><W130/><G130/><T47/><D55/><U5/><E45/><V57/><F124/><N who="3" m="47691" /><G50/><T109/><D109/><U9/><E13/><V79/><F74/><W94/><G94/><T131/><D131/><U118/><E118/><V38/><F38/><W66/><G66/><T62/><D0/><U76/><E76/><V85/><F73/><W112/><G112/><T60/><D2/><U93/><REACH who="1" step="1"/><E91/><REACH who="1" ten="188,63,512,227" step="2"/><V82/><F79/><W90/><G90/><N who="0" m="51487" /><D47/><U126/><E126/><V27/><F88/><W18/><G18/><T20/><D16/><U44/><E44/><V42/><F17/><W10/><G6/><T48/><D100/><U26/><E26/><V116/><F27/><W52/><G43/><T134/><D41/><U121/><E121/><V29/><F42/><W71/><G7/><T12/><D134/><U77/><E77/><V34/><F116/><W107/><G107/><T25/><D12/><U111/><E111/><V95/><F106/><W51/><G46/><T105/><D25/><RYUUKYOKU ba="0,1" sc="188,-10,63,30,512,-10,227,-10" hai1="5,9,14,22,24,31,56,59,63,64,67,92,93" /><INIT seed="7,1,1,4,5,102" ten="178,93,502,217" oya="3" hai0="104,70,77,50,22,5,63,33,111,81,67,55,25" hai1="4,97,51,49,129,126,36,40,18,105,124,78,135" hai2="56,71,80,30,2,48,109,37,75,120,27,35,12" hai3="83,130,113,68,76,115,118,106,14,41,19,13,92"/><W62/><G118/><T65/><D111/><U125/><E4/><V99/><F48/><W28/><G28/><T98/><D67/><U95/><E78/><V53/><F53/><W9/><G130/><T96/><D5/><U10/><E10/><V69/><F56/><W0/><G0/><T47/><D33/><U38/><E18/><V112/><F12/><W59/><G68/><T64/><D64/><U66/><E95/><V119/><F112/><W116/><G116/><T21/><D104/><U86/><E86/><V121/><F109/><W101/><G106/><T122/><D122/><N who="2" m="47210" /><F37/><W94/><G41/><T108/><D108/><U42/><E66/><V45/><F45/><W17/><G101/><T89/><D89/><U46/><E129/><V123/><F119/><W103/><G103/><T6/><D6/><U3/><E3/><V43/><F43/><W84/><G115/><T127/><D21/><U24/><E24/><V58/><F123/><W39/><G39/><T54/><D54/><U79/><E79/><N who="2" m="44159" /><F2/><W34/><G34/><T91/><D91/><U52/><E135/><V29/><F30/><W60/><G113/><T73/><D127/><U133/><E133/><V85/><F35/><W20/><G60/><T7/><D7/><U44/><E52/><AGARI ba="1,1" hai="9,13,14,17,19,20,52,59,62,76,83,84,92,94" machi="52" ten="30,5800,0" yaku="7,1,8,1,54,1" doraHai="102" who="3" fromWho="1" sc="178,0,93,-61,502,0,217,71" /><INIT seed="7,2,0,0,3,130" ten="178,32,502,288" oya="3" hai0="18,86,31,133,132,73,129,11,26,19,97,1,41" hai1="14,5,50,3,71,105,54,34,55,118,66,17,57" hai2="76,125,80,90,127,44,114,24,48,100,7,117,98" hai3="109,92,22,16,65,38,10,83,123,42,28,61,87"/><W74/><G123/><T131/><D73/><U95/><E105/><V88/><F7/><W13/><G109/><T36/><D86/><U119/><E34/><V8/><F8/><W2/><G74/><T52/><D97/><U121/><E121/><V63/><F63/><W108/><G108/><T47/><D52/><U25/><E3/><V110/><F24/><W72/><G72/><T85/><D85/><U75/><E75/><N who="2" m="43039" /><F117/><W102/><G38/><T68/><D68/><U37/><E25/><V69/><F69/><W46/><G46/><T21/><D19/><U94/><E5/><V93/><F114/><W67/><G42/><T112/><D112/><U82/><E82/><V70/><F70/><W91/><G61/><T43/><D41/><U58/><E37/><V0/><F0/><W106/><G106/><T128/><D1/><U104/><E104/><V116/><F116/><W60/><G60/><T107/><D107/><U4/><E4/><V81/><F81/><W35/><G35/><T56/><D56/><U101/><E66/><N who="3" m="25098" /><G2/><T122/><D122/><U40/><E71/><V99/><F110/><W12/><G28/><T51/><D36/><U89/><E40/><V20/><F44/><W111/><G111/><T62/><D62/><U77/><E77/><V96/><F48/><W79/><G102/><T113/><D113/><U115/><E101/><V6/><F100/><W39/><G39/><T135/><D31/><U126/><E115/><V84/><F127/><W15/><G10/><AGARI ba="2,0" hai="10,11,18,21,26,43,47,51,128,129,131,132,133,135" machi="10" ten="50,8000,1" yaku="19,1,20,1,52,3" doraHai="130" who="0" fromWho="3" sc="178,86,32,0,502,0,288,-86" owari="264,6.4,32,-46.8,502,60.2,202,-19.8" /></mjloggm>