<mjloggm ver="2.3"><GO type="169" lobby="0"/><UN n0="%E4%BF%BA%E3%81%A7%E3%81%99" n1="%E3%81%A4%E3%82%8B%E3%82%8B" n2="%E8%82%89%E5%9B%A3%E5%AD%90%E5%85%88%E7%94%9F" n3="%31%38%63%6D%E7%AB%8B%E7%9B%B4%E6%A3%92" dan="16,16,16,16" rate="2135.71,2157.17,2065.97,2138.19" sx="M,M,M,M"/><TAIKYOKU oya="0"/><INIT seed="0,0,0,3,3,25" ten="250,250,250,250" oya="0" hai0="72,87,82,94,18,30,12,127,116,97,39,35,108" hai1="6,102,91,49,112,36,69,58,4,115,57,104,85" hai2="60,7,29,51,42,76,73,62,14,71,105,22,92" hai3="121,3,99,65,74,0,70,117,125,23,83,123,21"/><T28/><D116/><U126/><E36/><V40/><F105/><W75/><G117/><T86/><D39/><U110/><E69/><V118/><F118/><W53/><G99/><T129/><D72/><U77/><E77/><V34/><F92/><W101/><G101/><T24/><D127/><U120/><E120/><V19/><F7/><N who="1" m="2601" /><E110/><V46/><F40/><W64/><G83/><T90/><D108/><U133/><E133/><V31/><F34/><W37/><G37/><T95/><D129/><U26/><E49/><V111/><F111/><W20/><G70/><T45/><D45/><U79/><E79/><V38/><F38/><W41/><G41/><T32/><D87/><U81/><E26/><V1/><F1/><W113/><G113/><N who="1" m="43594" /><E126/><V84/><F73/><W61/><G125/><T132/><D132/><U9/><E9/><V130/><F130/><W27/><G27/><T103/><D35/><U96/><AGARI ba="0,0" hai="57,58,81,85,91,96,102,104" m="43594,2601" machi="96" ten="30,1100,0" yaku="11,1" doraHai="25" who="1" fromWho="1" sc="250,-5,250,11,250,-3,250,-3" /><INIT seed="1,0,0,4,0,63" ten="245,261,247,247" oya="1" hai0="76,125,71,23,117,65,79,121,56,41,14,80,21" hai1="72,90,6,132,69,109,113,101,48,39,99,129,13" hai2="62,97,15,96,66,89,95,106,127,130,133,45,0" hai3="50,42,112,82,61,35,105,92,5,94,58,4,28"/><U59/><E69/><V43/><F127/><W53/><G105/><T131/><D117/><U52/><E113/><V128/><F0/><W67/><G112/><T9/><D71/><U102/><E39/><V119/><F119/><W12/><G35/><T2/><D125/><U124/><E124/><V10/><F133/><W78/><G28/><T38/><D131/><U70/><E132/><V34/><F34/><W68/><G42/><T57/><D79/><U108/><E72/><V73/><F97/><W126/><G126/><T91/><D91/><U17/><E6/><V25/><F25/><W134/><G134/><T135/><D135/><U24/><E24/><V74/><F106/><W85/><REACH who="3" step="1"/><G4/><REACH who="3" ten="245,261,247,237" step="2"/><T81/><D41/><U77/><E129/><V118/><F130/><W116/><G116/><T51/><D38/><U19/><E77/><V86/><F118/><W40/><G40/><T7/><D76/><U54/><E19/><V110/><F128/><W1/><G1/><T123/><D2/><U29/><E29/><V47/><F43/><W122/><G122/><T93/><D123/><U88/><E109/><V22/><F110/><W55/><G55/><N who="0" m="31871" /><D121/><U75/><E108/><V37/><F37/><W60/><G60/><N who="0" m="38031" /><D93/><U32/><E32/><V111/><F95/><W104/><G104/><T27/><D27/><U33/><E33/><V84/><F111/><W83/><G83/><AGARI ba="0,1" hai="7,9,14,21,23,80,81,83" m="38031,31871" machi="83" ten="30,2000,0" yaku="8,1,52,1" doraHai="63" who="0" fromWho="3" sc="245,30,261,0,247,0,237,-20" /><INIT seed="2,0,0,5,1,83" ten="275,261,247,217" oya="2" hai0="99,90,65,31,16,39,84,21,101,53,26,54,17" hai1="58,69,44,56,113,47,35,81,5,75,124,119,23" hai2="48,110,38,32,127,134,73,59,24,86,46,11,60" hai3="114,94,40,1,13,89,33,87,130,93,97,14,6"/><V42/><F73/><W10/><G114/><T123/><D123/><U62/><E35/><V49/><F134/><W116/><G116/><T64/><D39/><U52/><E113/><V102/><F127/><W37/><G33/><T3/><D3/><U135/><E119/><V108/><F102/><W66/><G66/><N who="0" m="25707" /><D99/><U85/><E69/><V88/><F11/><W8/><G130/><T78/><D78/><U76/><E124/><V27/><F60/><W71/><G71/><T104/><D104/><U72/><E135/><V91/><F91/><W30/><G30/><T9/><D101/><U107/><E107/><V55/><F38/><W79/><G37/><T22/><D9/><U51/><E5/><V117/><F117/><W28/><G28/><T36/><D36/><U67/><E75/><V128/><F128/><W126/><G126/><T63/><D63/><U25/><E72/><V129/><F129/><W0/><G40/><T131/><D131/><U61/><E61/><V4/><F4/><W80/><G94/><N who="0" m="54599" /><D31/><AGARI ba="0,0" hai="23,25,31,44,47,51,52,56,58,62,67,76,81,85" machi="31" ten="30,7700,0" yaku="7,1,8,1,52,1,54,1" doraHai="83" who="1" fromWho="0" sc="275,-77,261,77,247,0,217,0" /><INIT seed="3,0,0,4,0,130" ten="198,338,247,217" oya="3" hai0="126,17,46,58,36,51,23,2,39,104,80,125,71" hai1="135,119,47,132,68,40,57,106,116,41,33,4,95" hai2="121,88,6,37,52,134,22,65,42,28,122,86,77" hai3="83,89,76,29,98,74,107,48,123,15,18,82,0"/><W127/><G0/><T59/><D104/><U100/><E106/><V96/><F65/><W31/><G123/><T118/><D2/><U9/><E68/><V113/><F6/><W114/><G114/><T97/><D97/><N who="1" m="59455" /><E33/><V103/><F113/><W129/><G129/><T108/><D80/><U32/><E32/><V61/><F77/><W85/><G127/><N who="0" m="48651" /><D71/><U7/><E57/><N who="0" m="21513" /><D17/><U3/><E7/><V81/><F61/><W93/><G48/><T35/><D23/><U79/><E79/><V26/><F37/><N who="0" m="14410" /><D35/><U133/><E47/><V87/><F96/><W124/><G124/><T73/><D73/><U11/><E11/><V64/><F103/><N who="3" m="62967" /><G83/><T34/><D34/><U24/><E24/><V30/><F26/><W14/><G14/><T131/><D131/><U56/><E56/><V67/><F81/><W84/><G84/><T105/><D105/><U78/><E78/><V63/><F86/><W75/><G75/><T10/><D10/><AGARI ba="0,0" hai="10,15,18,29,31,74,76,82,85,89,93" m="62967" machi="10" ten="30,1500,0" yaku="24,1" doraHai="130" who="3" fromWho="0" sc="198,-15,338,0,247,0,217,15" /><INIT seed="3,1,0,5,2,93" ten="183,338,247,232" oya="3" hai0="46,74,108,47,33,79,44,122,100,15,125,132,113" hai1="6,87,16,32,94,59,105,5,133,49,135,58,123" hai2="66,69,102,103,86,65,104,38,57,106,88,23,17" hai3="30,72,99,45,42,9,97,55,60,8,126,40,95"/><W68/><G72/><T48/><D122/><U64/><E105/><V117/><F38/><W130/><G130/><T11/><D33/><U129/><E32/><V78/><F69/><W34/><G126/><T63/><D125/><U77/><E123/><V85/><F117/><W19/><G34/><T62/><D108/><U112/><E112/><V91/><F57/><N who="3" m="34879" /><G68/><T73/><D113/><U43/><E129/><V84/><F78/><W39/><G39/><T7/><D132/><U22/><E133/><V67/><F23/><W52/><G30/><T18/><D100/><N who="2" m="38442" /><F17/><W50/><G95/><T24/><D48/><U20/><E20/><V76/><F76/><W10/><G19/><T53/><D74/><U37/><E37/><V81/><F81/><W119/><G119/><T13/><D73/><U0/><E0/><V21/><F21/><W27/><G27/><T107/><D24/><N who="1" m="14407" /><E135/><V118/><F118/><W82/><G82/><T51/><D107/><AGARI ba="1,0" hai="65,66,67,84,85,86,88,91,104,106,107" m="38442" machi="107" ten="40,5200,0" yaku="28,2,54,1" doraHai="93" who="2" fromWho="0" sc="183,-55,338,0,247,55,232,0" /><INIT seed="4,0,0,3,3,6" ten="128,338,302,232" oya="0" hai0="86,97,123,43,28,32,134,26,129,75,72,56,48" hai1="35,34,63,125,124,52,67,59,122,53,113,114,83" hai2="120,127,88,18,107,47,36,8,10,22,130,15,41" hai3="90,126,100,13,103,89,5,87,95,50,61,27,119"/><T42/><D123/><U60/><E83/><V11/><F120/><W30/><G119/><T64/><D129/><U118/><E122/><V135/><F107/><W108/><G108/><T94/><D134/><U110/><E110/><V93/><F135/><W85/><G126/><N who="1" m="48746" /><E118/><V115/><F127/><W55/><G61/><T38/><D86/><U105/><E105/><V58/><F115/><N who="1" m="44041" /><E53/><V54/><F130/><W121/><G121/><T133/><D133/><U3/><E3/><V96/><REACH who="2" step="1"/><F22/><REACH who="2" ten="128,338,292,232" step="2"/><W39/><G39/><T7/><D38/><U82/><E82/><V68/><F68/><AGARI ba="0,1" hai="34,35,52,59,60,63,67,68" m="44041,48746" machi="68" ten="30,7700,0" yaku="18,1,15,1,11,1,54,1" doraHai="6" who="1" fromWho="2" sc="128,0,338,87,292,-77,232,0" /><INIT seed="5,0,0,1,1,112" ten="128,425,215,232" oya="1" hai0="129,3,34,123,48,50,95,114,84,8,7,66,116" hai1="130,0,46,107,37,21,54,52,30,29,45,133,10" hai2="61,78,25,82,83,77,68,81,28,97,79,70,16" hai3="117,51,128,69,98,22,36,118,91,132,76,73,113"/><U12/><E107/><V119/><F119/><N who="3" m="45579" /><G36/><T6/><D114/><U15/><E21/><V85/><F97/><W1/><G1/><T67/><D116/><U111/><E10/><V63/><F85/><W24/><G113/><T109/><D109/><U13/><E13/><V80/><N who="2" m="20480" /><DORA hai="2" /><V125/><F125/><W104/><G69/><T55/><D34/><U11/><E11/><V86/><F86/><W57/><G128/><T32/><D32/><U102/><E0/><V23/><REACH who="2" step="1"/><F28/><REACH who="2" ten="128,425,205,232" step="2"/><W134/><G76/><T59/><D84/><U47/><E30/><V35/><F35/><W53/><G73/><T20/><D129/><U40/><E29/><V87/><F87/><W110/><G110/><T122/><D95/><U65/><E111/><V71/><AGARI ba="0,1" hai="16,23,25,61,63,68,70,71,77,78,79" m="20480" machi="71" ten="50,8000,1" yaku="1,1,0,1,29,2,54,1,53,0" doraHai="112,2" doraHaiUra="120,42" who="2" fromWho="2" sc="128,-20,425,-40,205,90,232,-20" /><INIT seed="6,0,0,1,2,94" ten="108,385,295,212" oya="2" hai0="123,15,43,44,81,19,47,28,1,86,77,20,80" hai1="96,133,34,76,26,85,83,66,10,130,89,22,18" hai2="12,68,63,29,41,101,40,62,25,4,55,110,125" hai3="121,56,33,79,91,132,108,36,112,14,88,124,7"/><V131/><F125/><W126/><G108/><T111/><D111/><U99/><E130/><V107/><F110/><W78/><G121/><T24/><D123/><U115/><E115/><V114/><F114/><W52/><G112/><T0/><D81/><U69/><E133/><V119/><F119/><W50/><G36/><T128/><D128/><U17/><E34/><V87/><F63/><W134/><G33/><T129/><D129/><U38/><E38/><V65/><F131/><W103/><G103/><T45/><REACH who="0" step="1"/><D43/><REACH who="0" ten="98,385,295,212" step="2"/><U3/><E83/><V122/><F41/><W54/><G124/><T70/><D70/><U32/><E69/><V118/><F40/><W105/><G126/><T59/><D59/><U82/><E82/><V67/><F68/><W61/><G132/><T13/><D13/><U90/><E3/><V23/><F12/><W8/><G134/><T73/><D73/><U16/><E76/><N who="3" m="29226" /><G105/><T9/><AGARI ba="0,1" hai="0,1,9,15,19,20,24,28,44,45,47,77,80,86" machi="9" ten="30,2000,0" yaku="1,1,0,1,53,0" doraHai="94" doraHaiUra="51" who="0" fromWho="0" sc="98,30,385,-5,295,-10,212,-5" /><INIT seed="7,0,0,0,5,107" ten="128,380,285,207" oya="3" hai0="74,27,34,75,73,10,30,38,117,120,69,92,51" hai1="95,82,128,46,124,41,88,105,114,50,125,115,93" hai2="103,87,99,130,76,7,132,123,3,102,65,134,59" hai3="48,9,58,104,5,90,66,89,101,108,19,57,61"/><W43/><G108/><T94/><D51/><U60/><E105/><V68/><F3/><W110/><G110/><T70/><D94/><N who="1" m="35851" /><E128/><V2/><F2/><W0/><G19/><T64/><D92/><U129/><E129/><V24/><F7/><W56/><G43/><T116/><D120/><U79/><E88/><V29/><F59/><W39/><G39/><T126/><D126/><N who="1" m="48747" /><E60/><V100/><F123/><W86/><G48/><T42/><D64/><U49/><E50/><V131/><F131/><W44/><G44/><N who="0" m="23639" /><D10/><U12/><E12/><V62/><F130/><W37/><G37/><T122/><D122/><U71/><E71/><V96/><F87/><AGARI ba="0,0" hai="41,46,49,79,82,87,114,115" m="48747,35851" machi="87" ten="30,1000,0" yaku="18,1" doraHai="107" who="1" fromWho="2" sc="128,0,380,10,285,-10,207,0" owari="128,-37.2,390,49.0,275,7.5,207,-19.3" /></mjloggm>