<mjloggm ver="2.3"><GO type="169" lobby="0"/><UN n0="%53%E6%9C%A8" n1="%E7%8E%84%E9%85%94%E6%A5%BC" n2="%6A%61%63%6B%74" n3="%E3%83%80%E3%82%AF%E3%82%BF%E3%83%BC%E3%82%AF%E3%83%AA%E3%83%83%E3%83%97" dan="17,16,16,17" rate="2176.10,2132.33,2129.20,2212.41" sx="M,M,M,M"/><TAIKYOKU oya="0"/><INIT seed="0,0,0,5,3,90" ten="250,250,250,250" oya="0" hai0="22,44,56,30,13,134,103,127,8,67,5,50,60" hai1="35,96,3,28,132,130,14,38,71,116,129,77,43" hai2="68,95,123,55,21,63,115,98,66,114,37,70,120" hai3="122,40,42,9,34,93,109,100,84,99,7,107,126"/><T49/><D127/><U64/><E14/><V48/><F70/><W31/><G109/><T69/><D134/><U25/><E132/><V97/><F37/><W79/><G126/><T62/><D103/><U75/><E116/><V20/><F20/><W91/><G122/><T59/><D69/><U92/><E3/><V41/><F41/><W110/><G110/><T113/><D113/><U6/><E6/><V87/><F87/><W0/><REACH who="3" step="1"/><G79/><REACH who="3" ten="250,250,250,240" step="2"/><T117/><D117/><U52/><E77/><V89/><F123/><W112/><G112/><T23/><D30/><U36/><E28/><V131/><F120/><W83/><G83/><T1/><D1/><U2/><E2/><V51/><F115/><W104/><G104/><T80/><D80/><U65/><E130/><V58/><F114/><W18/><G18/><T45/><D44/><U82/><E82/><V125/><F125/><W86/><G86/><T106/><D106/><U102/><E129/><V10/><F131/><W124/><G124/><T101/><D101/><U85/><E85/><V74/><F74/><W27/><AGARI ba="0,1" hai="0,7,9,27,31,34,40,42,84,91,93,99,100,107" machi="27" ten="30,4000,0" yaku="1,1,0,1,52,1,53,0" doraHai="90" doraHaiUra="78" who="3" fromWho="3" sc="250,-20,250,-10,250,-10,240,50" /><INIT seed="1,0,0,1,3,131" ten="230,240,240,290" oya="1" hai0="123,80,132,38,64,106,109,54,128,134,117,104,26" hai1="127,74,130,23,4,25,12,110,17,2,10,119,120" hai2="50,27,37,95,7,85,39,65,133,112,53,60,72" hai3="13,75,113,129,87,77,33,11,51,115,118,47,86"/><U58/><E74/><V93/><F112/><W46/><G129/><T49/><D117/><U66/><E130/><V34/><F72/><W29/><G75/><T55/><D128/><U70/><E119/><V76/><F7/><W126/><G126/><T90/><D38/><U3/><E127/><V102/><F34/><W35/><G118/><T67/><D123/><U89/><E120/><V8/><F8/><W52/><G47/><T116/><D116/><U31/><E70/><V59/><F27/><W22/><G35/><T111/><D26/><U78/><E78/><V42/><F102/><W94/><G33/><T62/><D90/><U121/><E121/><V68/><F37/><W97/><G22/><T45/><D80/><U101/><E110/><N who="0" m="41993" /><D104/><U91/><E101/><V48/><F48/><W15/><G15/><T107/><D107/><U88/><REACH who="1" step="1"/><E31/><REACH who="1" ten="230,230,240,290" step="2"/><V44/><REACH who="2" step="1"/><F133/><REACH who="2" ten="230,230,230,290" step="2"/><N who="0" m="51306" /><D106/><U73/><E73/><V24/><F24/><W18/><G113/><T6/><D6/><U99/><E99/><V0/><F0/><W108/><G97/><T125/><D125/><U79/><E79/><V36/><F36/><W83/><G77/><T21/><D21/><U16/><E16/><V103/><F103/><W5/><G18/><T9/><D9/><U124/><E124/><V1/><F1/><W41/><G11/><T69/><D67/><U19/><E19/><V32/><F32/><W30/><G108/><T20/><D20/><U63/><AGARI ba="0,2" hai="2,3,4,10,12,17,23,25,58,63,66,88,89,91" machi="63" ten="30,11700,0" yaku="1,1,0,1,54,1,53,1" doraHai="131" doraHaiUra="14" who="1" fromWho="1" sc="230,-39,230,137,230,-39,290,-39" /><INIT seed="1,1,0,3,2,47" ten="191,367,191,251" oya="1" hai0="48,53,75,4,1,101,0,24,36,56,76,119,65" hai1="26,107,96,39,132,120,124,22,17,127,43,106,27" hai2="93,3,110,33,129,50,44,45,134,46,135,25,34" hai3="64,115,16,116,114,7,85,103,77,122,123,12,102"/><U41/><E120/><V28/><F3/><W63/><G116/><T52/><D119/><U61/><E132/><N who="2" m="50731" /><F110/><W80/><G7/><T55/><D36/><U86/><E86/><V92/><F129/><W14/><G14/><T69/><D101/><U83/><E83/><V97/><F34/><W8/><G103/><T40/><D75/><U82/><E82/><V21/><F21/><W67/><G102/><T13/><D76/><U51/><E39/><V98/><F50/><W87/><G67/><T118/><D118/><U89/><E61/><V91/><F91/><W38/><G38/><T84/><D69/><U29/><E89/><V68/><F68/><W18/><G87/><T73/><D73/><U108/><E108/><V100/><F100/><W2/><G2/><T9/><D0/><U57/><E96/><AGARI ba="1,0" hai="25,28,33,44,45,46,92,93,96,97,98" m="50731" machi="96" ten="30,1000,0" yaku="20,1" doraHai="47" who="2" fromWho="1" sc="191,0,367,-13,191,13,251,0" /><INIT seed="2,0,0,1,0,97" ten="191,354,204,251" oya="2" hai0="30,112,133,35,96,57,72,83,7,33,18,87,0" hai1="55,27,44,126,37,128,118,42,84,19,32,92,108" hai2="129,134,125,124,51,40,39,6,110,4,45,135,85" hai3="47,5,38,24,103,15,23,107,2,29,75,22,46"/><V98/><F85/><W66/><G75/><T94/><D112/><U78/><E118/><V109/><F39/><W68/><G2/><T49/><D72/><U14/><E108/><N who="2" m="41579" /><F98/><W73/><G73/><T10/><D133/><N who="2" m="50698" /><F129/><W71/><G38/><T8/><D30/><U106/><E84/><V67/><F67/><W116/><G116/><T53/><D18/><U74/><E37/><V76/><F76/><W131/><G66/><T91/><REACH who="0" step="1"/><D10/><REACH who="0" ten="181,354,204,251" step="2"/><U82/><E19/><V20/><F20/><W119/><G23/><T122/><D122/><U41/><E74/><V115/><F115/><W60/><G22/><T26/><D26/><U56/><E27/><V12/><F12/><W25/><G15/><T130/><D130/><U101/><E14/><V11/><F11/><W63/><G131/><T64/><D64/><U3/><E128/><V90/><F90/><AGARI ba="0,1" hai="0,7,8,33,35,49,53,57,83,87,90,91,94,96" machi="90" ten="30,2000,0" yaku="1,1,7,1,53,0" doraHai="97" doraHaiUra="120" who="0" fromWho="2" sc="181,30,354,0,204,-20,251,0" /><INIT seed="3,0,0,3,4,6" ten="211,354,184,251" oya="3" hai0="82,100,132,123,55,27,115,103,76,134,88,37,112" hai1="104,90,26,71,114,84,40,69,92,99,78,73,105" hai2="95,61,65,36,22,106,51,21,64,86,23,12,85" hai3="15,41,39,20,14,129,2,66,32,94,0,56,101"/><W124/><G32/><T135/><D37/><U44/><E114/><N who="0" m="43561" /><D27/><U9/><E26/><V75/><F106/><W4/><G124/><T108/><D55/><U46/><E46/><V89/><F75/><W11/><G129/><T30/><D30/><U57/><E57/><V45/><F36/><W49/><G39/><T102/><D108/><U118/><E118/><V98/><F65/><W116/><G116/><T119/><D119/><U38/><E105/><V59/><REACH who="2" step="1"/><F12/><REACH who="2" ten="211,354,174,251" step="2"/><W13/><G2/><T63/><D123/><U77/><E73/><V109/><F109/><W81/><G0/><T87/><D63/><U68/><E104/><V34/><F34/><W130/><G14/><T54/><D54/><AGARI ba="0,1" hai="21,22,23,45,51,54,59,61,64,85,86,89,95,98" machi="54" ten="40,2600,0" yaku="1,1,8,1,53,0" doraHai="6" doraHaiUra="107" who="2" fromWho="0" sc="211,-26,354,0,174,36,251,0" /><INIT seed="4,0,0,4,1,34" ten="185,354,210,251" oya="0" hai0="73,16,33,95,105,53,26,24,97,4,74,84,91" hai1="88,119,54,38,135,77,72,51,86,8,69,83,23" hai2="27,100,113,129,75,108,125,45,15,93,128,31,85" hai3="42,117,127,12,20,121,98,9,58,68,110,80,63"/><T48/><D33/><U130/><E38/><V49/><F108/><W36/><G110/><T21/><D26/><U96/><E69/><V14/><F75/><W123/><G117/><T134/><D134/><U109/><E135/><V71/><F71/><W52/><G127/><T111/><D111/><U60/><E119/><V81/><F125/><W7/><G68/><T62/><D62/><U57/><E130/><N who="2" m="50283" /><F113/><W56/><G56/><T61/><D61/><U19/><E8/><V79/><F93/><W106/><G80/><T6/><D4/><U55/><E109/><V116/><F100/><W104/><G98/><T120/><D120/><N who="3" m="46153" /><G20/><T25/><D25/><U47/><E96/><V87/><F87/><W90/><G90/><T10/><D105/><U103/><E103/><V67/><F67/><W107/><G42/><T101/><D101/><U114/><E114/><V28/><F116/><W124/><G124/><T94/><D94/><U112/><E112/><V35/><F28/><W13/><G36/><T115/><D97/><U11/><E11/><V37/><F37/><W3/><AGARI ba="0,0" hai="3,7,9,12,13,52,58,63,104,106,107" m="46153" machi="3" ten="40,5200,0" yaku="13,1,52,1,54,1" doraHai="34" who="3" fromWho="3" sc="185,-26,354,-13,210,-13,251,52" /><INIT seed="5,0,0,0,1,69" ten="159,341,197,303" oya="1" hai0="132,91,84,14,62,121,4,71,41,99,101,122,19" hai1="52,53,6,39,34,73,20,38,94,98,28,2,43" hai2="60,126,30,97,96,36,112,79,93,103,51,95,82" hai3="116,123,24,89,118,31,106,133,65,72,57,46,48"/><U32/><E73/><V22/><F126/><W50/><G72/><T8/><D132/><U75/><E75/><V13/><F112/><W85/><G106/><T135/><D135/><U10/><E20/><V63/><F36/><W70/><G70/><T129/><D129/><U45/><E38/><V27/><F51/><W5/><G5/><T113/><D41/><U58/><E28/><V83/><F13/><W67/><G123/><T18/><D113/><U86/><E86/><V12/><F12/><W23/><G50/><T80/><D62/><U3/><E3/><V1/><F1/><W117/><G57/><T108/><D108/><U78/><E78/><V90/><REACH who="2" step="1"/><F83/><REACH who="2" ten="159,341,187,303" step="2"/><N who="3" m="49343" /><G133/><T21/><D71/><U61/><REACH who="1" step="1"/><E53/><AGARI ba="0,1" hai="23,24,31,46,48,53,65,67,116,117,118" m="49343" machi="53" ten="30,1000,0" yaku="12,1" doraHai="69" who="3" fromWho="1" sc="159,0,341,-10,187,0,303,20" /><INIT seed="6,0,0,5,0,72" ten="159,331,187,323" oya="2" hai0="88,94,112,6,47,102,115,28,40,32,79,22,87" hai1="33,77,39,31,128,124,34,10,27,43,42,8,68" hai2="69,98,109,30,23,56,1,62,110,129,52,104,45" hai3="116,41,51,118,61,122,111,84,75,78,130,97,64"/><V89/><F1/><W85/><G111/><N who="2" m="42505" /><F69/><W71/><G122/><T58/><D32/><U66/><E33/><V17/><F30/><W120/><G120/><T13/><D102/><U63/><E124/><V2/><F2/><W95/><G75/><T60/><D28/><U114/><E114/><N who="0" m="43561" /><D22/><U91/><E128/><V81/><F129/><W103/><G130/><T74/><D13/><U15/><E39/><V19/><F45/><W65/><G65/><T82/><D6/><U3/><E3/><V37/><F37/><W54/><G41/><T49/><D58/><U113/><E42/><V36/><F36/><W35/><G35/><T59/><D59/><U73/><E43/><V123/><F123/><W48/><G71/><T53/><D40/><U26/><E31/><V70/><F70/><W9/><G118/><T7/><D7/><U121/><E68/><V99/><F104/><W20/><G116/><T25/><D60/><U117/><E63/><V5/><F5/><W24/><G61/><T18/><D18/><N who="2" m="6666" /><F23/><W21/><G21/><T86/><D25/><U101/><E26/><V134/><F134/><W67/><G20/><T125/><D125/><U100/><E27/><V107/><F107/><W50/><G24/><T57/><D47/><U12/><E34/><V135/><F135/><W90/><G51/><T14/><D14/><U44/><E12/><V93/><F99/><AGARI ba="0,0" hai="49,53,57,74,79,82,86,87,88,94,99" m="43561" machi="99" ten="30,3900,0" yaku="15,1,52,1,54,1" doraHai="72" who="0" fromWho="2" sc="159,39,331,0,187,-39,323,0" /><INIT seed="7,0,0,0,0,46" ten="198,331,148,323" oya="3" hai0="12,55,66,128,98,15,125,67,27,70,33,60,61" hai1="28,104,120,122,111,50,92,36,3,37,113,21,14" hai2="71,59,48,126,72,88,94,119,62,51,97,110,90" hai3="5,30,118,1,25,82,57,20,116,22,132,56,124"/><W129/><G124/><T78/><D125/><U84/><E111/><V0/><F126/><W42/><G42/><T112/><D128/><U4/><E104/><V58/><F119/><W34/><G132/><T11/><D78/><U131/><E3/><V19/><F110/><W64/><G82/><T73/><D73/><U44/><E131/><V83/><F0/><W99/><G99/><T32/><D112/><U87/><E113/><V10/><F71/><W85/><G85/><T134/><D134/><U54/><E84/><N who="2" m="50463" /><F72/><W75/><G75/><T35/><D98/><U18/><E28/><V115/><F115/><W133/><G133/><T77/><D77/><U109/><E4/><V74/><F74/><W31/><G129/><T26/><D55/><U69/><E69/><V24/><F58/><N who="3" m="22635" /><G64/><T81/><D81/><U103/><E109/><V105/><F105/><W43/><G43/><T47/><D66/><U39/><REACH who="1" step="1"/><E103/><REACH who="1" ten="198,321,148,323" step="2"/><V16/><F19/><W8/><G31/><T68/><D70/><U130/><E130/><V107/><F107/><W121/><G121/><T6/><D68/><U108/><E108/><V63/><F63/><W93/><G116/><T114/><D60/><U106/><E106/><V102/><F102/><W91/><G118/><T9/><D61/><U17/><E17/><V53/><F24/><W23/><G34/><T100/><D33/><U38/><E38/><V89/><F89/><AGARI ba="0,1" hai="14,18,21,36,37,39,44,50,54,87,89,92,120,122" machi="89" ten="40,5200,0" yaku="1,1,52,1,53,1" doraHai="46" doraHaiUra="41" who="1" fromWho="2" sc="198,0,321,62,148,-52,323,0" owari="198,-20.2,383,48.3,96,-40.4,323,12.3" /></mjloggm>