<mjloggm ver="2.3"><GO type="169" lobby="0"/><UN n0="%E3%82%B0%E3%83%B3%E3%83%80%E3%83%AA%E3%83%BC" n1="%E3%82%86%E3%81%86%E3%82%86%E3%81%8D" n2="%E3%81%B2%E3%81%90%E3%81%A1" n3="%43%E3%82%A8%E3%83%BC%E3%82%B8%E3%82%A7%E3%83%B3%E3%83%88" dan="19,16,16,17" rate="2284.24,2182.33,2147.15,2212.75" sx="M,M,M,M"/><TAIKYOKU oya="0"/><INIT seed="0,0,0,1,0,2" ten="250,250,250,250" oya="0" hai0="11,69,70,104,58,118,56,22,86,37,40,15,29" hai1="44,21,74,111,47,130,14,107,116,16,123,26,133" hai2="64,93,73,121,112,7,94,76,6,99,34,25,119" hai3="46,132,62,89,87,81,66,61,78,43,13,126,77"/><T10/><D104/><U59/><E123/><V1/><F121/><W55/><G132/><T109/><D118/><U90/><E116/><V75/><F119/><W28/><G126/><T106/><D106/><U53/><E107/><V128/><F112/><W36/><G28/><T92/><D37/><U9/><E74/><V79/><F1/><W39/><G39/><T33/><D33/><U0/><E130/><V71/><F64/><W8/><G55/><T54/><D40/><U80/><E0/><V120/><F25/><W65/><G61/><T60/><D109/><U82/><E133/><V23/><F23/><W67/><REACH who="3" step="1"/><G62/><REACH who="3" ten="250,250,250,240" step="2"/><T134/><D134/><U35/><E111/><V124/><F120/><W108/><G108/><T42/><D54/><U114/><E114/><V4/><F124/><W115/><G115/><T18/><D60/><N who="1" m="35951" /><E35/><V117/><F34/><W96/><G96/><T68/><D42/><U83/><E90/><V105/><F117/><W27/><G27/><N who="0" m="16631" /><D70/><U113/><E113/><V50/><F71/><W31/><G31/><AGARI ba="0,1" hai="9,14,16,21,26,31,44,47,80,82,83" m="35951" machi="31" ten="30,2000,0" yaku="8,1,54,1" doraHai="2" who="1" fromWho="3" sc="250,0,250,30,250,0,240,-20" /><INIT seed="1,0,0,2,1,44" ten="250,280,250,220" oya="1" hai0="84,17,47,77,43,90,123,1,68,115,61,54,30" hai1="49,103,109,53,96,14,72,83,40,13,85,105,41" hai2="133,16,73,112,89,108,128,91,116,81,9,20,125" hai3="0,114,18,131,126,27,78,110,95,21,66,106,135"/><U52/><E72/><V51/><F116/><W117/><G106/><T22/><D115/><U8/><E109/><V102/><F108/><W37/><G0/><T79/><D123/><U65/><E65/><V76/><F125/><W82/><G37/><T59/><D30/><U5/><E14/><V46/><F128/><W127/><G110/><T45/><D68/><U58/><REACH who="1" step="1"/><E53/><REACH who="1" ten="250,270,250,220" step="2"/><V56/><F112/><W129/><G66/><T11/><D1/><U31/><E31/><V75/><F75/><W28/><G114/><T42/><D42/><U94/><E94/><V70/><F70/><W25/><G95/><T6/><D6/><U35/><E35/><V100/><F133/><W67/><G67/><T39/><D11/><U19/><E19/><V7/><F9/><W98/><G135/><T88/><D43/><U119/><E119/><V48/><F7/><W34/><G117/><T15/><D39/><U124/><E124/><N who="3" m="47658" /><G98/><T107/><D107/><U134/><E134/><V10/><F10/><W55/><G55/><T99/><D99/><U111/><E111/><V2/><F2/><W64/><G64/><T4/><D4/><U74/><E74/><AGARI ba="0,1" hai="18,21,25,27,28,34,74,78,82,129,131" m="47658" machi="74" ten="30,1000,0" yaku="18,1" doraHai="44" who="3" fromWho="1" sc="250,0,270,-10,250,0,220,20" /><INIT seed="2,0,0,2,5,33" ten="250,260,250,240" oya="2" hai0="109,91,8,83,22,64,63,96,43,13,37,111,23" hai1="50,53,129,79,126,115,76,1,121,34,31,73,107" hai2="114,132,82,88,75,117,62,6,68,29,86,32,19" hai3="125,61,55,45,24,5,56,78,46,28,51,11,134"/><V30/><F114/><W71/><G134/><T59/><D43/><U35/><E115/><V3/><F117/><W94/><G125/><T113/><D37/><U15/><E107/><V42/><F132/><W57/><G78/><T128/><D113/><U48/><E31/><V72/><F42/><W108/><G94/><N who="0" m="56415" /><D83/><U36/><E15/><V58/><F68/><W67/><G108/><N who="0" m="41547" /><D128/><U103/><E103/><V81/><F19/><AGARI ba="0,0" hai="8,13,19,22,23,59,63,64" m="41547,56415" machi="19" ten="30,1000,0" yaku="14,1" doraHai="33" who="0" fromWho="2" sc="250,10,260,0,250,-10,240,0" /><INIT seed="3,0,0,0,1,64" ten="260,260,240,240" oya="3" hai0="14,76,23,6,74,87,86,88,71,89,114,123,40" hai1="66,4,5,120,127,3,17,118,106,65,124,28,41" hai2="43,95,20,31,111,100,9,121,107,116,109,79,135" hai3="7,80,39,105,115,58,93,27,57,122,117,16,33"/><W134/><G105/><T38/><D123/><U70/><E120/><V19/><F121/><W46/><G122/><T82/><D114/><U129/><E106/><V32/><F116/><W90/><G115/><T18/><D6/><U24/><E17/><V85/><F43/><W21/><G117/><T131/><D131/><U25/><E41/><V29/><F9/><W91/><G134/><T52/><D71/><U128/><E118/><V30/><F32/><W78/><G33/><T113/><D113/><U110/><E110/><N who="2" m="41995" /><F135/><W2/><G90/><T56/><D86/><U98/><E98/><N who="2" m="59487" /><F107/><W35/><G35/><T49/><REACH who="0" step="1"/><D74/><REACH who="0" ten="250,260,240,240" step="2"/><U13/><E5/><V22/><F19/><W36/><G7/><T99/><D99/><U96/><E96/><V37/><F37/><W53/><G2/><T45/><AGARI ba="0,1" hai="14,18,23,38,40,45,49,52,56,76,82,87,88,89" machi="45" ten="30,7900,0" yaku="1,1,0,1,54,2,53,0" doraHai="64" doraHaiUra="61" who="0" fromWho="0" sc="250,89,260,-20,240,-20,240,-39" /><INIT seed="4,0,0,4,4,13" ten="339,240,220,201" oya="0" hai0="67,72,55,37,99,85,81,68,88,11,123,35,82" hai1="22,61,0,40,118,76,135,93,27,57,24,119,106" hai2="75,73,7,25,122,21,48,53,105,28,45,14,36" hai3="47,32,30,43,77,38,51,66,65,113,90,130,86"/><T44/><D123/><U9/><E106/><V3/><F122/><W5/><G113/><T128/><D128/><U115/><E135/><V12/><F105/><W39/><G130/><T1/><D35/><U64/><E76/><V2/><F14/><W59/><G77/><T69/><D67/><U132/><E132/><V4/><F36/><W49/><G5/><T134/><D134/><U129/><E129/><V98/><F98/><W34/><G30/><T18/><D99/><U94/><E40/><V127/><F127/><W23/><G23/><T46/><D46/><U112/><E9/><V17/><F4/><W20/><G20/><T29/><D29/><U97/><E93/><V91/><F91/><W110/><G110/><T124/><D124/><U84/><E84/><V100/><F100/><W70/><G70/><T133/><D133/><U121/><E27/><V41/><F53/><W79/><G79/><N who="0" m="44263" /><D1/><U74/><E74/><V108/><F108/><W71/><G71/><T56/><D56/><U101/><E0/><V26/><F26/><W104/><G104/><T131/><D37/><U114/><E121/><V63/><F63/><N who="3" m="38143" /><G66/><T95/><D95/><U10/><E10/><N who="2" m="2423" /><F3/><W126/><G126/><T96/><D131/><U58/><E58/><V15/><F15/><W107/><G107/><T6/><D6/><U80/><E80/><V19/><F12/><W33/><G38/><T60/><D69/><U111/><E111/><V109/><F109/><W87/><G87/><T42/><D68/><U16/><AGARI ba="0,0" hai="16,22,24,57,61,64,94,97,101,112,114,115,118,119" machi="16" ten="30,8000,1" yaku="0,1,15,1,11,1,52,1,54,1" doraHai="13" who="1" fromWho="1" sc="339,-40,240,80,220,-20,201,-20" /><INIT seed="5,0,0,1,4,48" ten="299,320,200,181" oya="1" hai0="134,94,42,15,60,1,24,106,19,23,11,84,82" hai1="96,88,56,128,107,127,13,123,46,71,25,98,55" hai2="68,63,120,112,114,0,91,26,6,57,113,105,70" hai3="103,92,61,73,44,83,101,47,59,111,85,126,49"/><U64/><E123/><V31/><F120/><W65/><G73/><T75/><D134/><U80/><E127/><V9/><F105/><W99/><G126/><T10/><D106/><U37/><E128/><V5/><F5/><W16/><G111/><T17/><D75/><U51/><E25/><V27/><F91/><W67/><G103/><T39/><D39/><U40/><E13/><V66/><REACH who="2" step="1"/><F26/><REACH who="2" ten="299,320,190,181" step="2"/><W100/><G100/><T77/><D24/><U21/><E88/><V74/><F74/><W133/><G133/><T22/><D77/><U43/><E107/><V45/><F45/><W95/><G44/><T81/><D1/><U41/><E46/><V53/><F53/><W86/><G83/><T117/><D15/><U115/><E55/><V89/><F89/><W18/><G67/><T7/><D7/><U69/><E80/><V36/><F36/><W87/><REACH who="3" step="1"/><G92/><REACH who="3" ten="299,320,190,171" step="2"/><T131/><D94/><U90/><E90/><V108/><F108/><W118/><G118/><T3/><D117/><U52/><E37/><V121/><F121/><W28/><G28/><T104/><D104/><U109/><E109/><V54/><F54/><AGARI ba="0,2" hai="16,18,47,49,54,59,61,65,85,86,87,95,99,101" machi="54" ten="40,8000,1" yaku="1,1,8,1,52,1,54,1,53,1" doraHai="48" doraHaiUra="58" who="3" fromWho="2" sc="299,0,320,0,190,-80,171,100" /><INIT seed="6,0,0,2,1,16" ten="299,320,110,271" oya="2" hai0="6,60,85,83,125,105,73,70,68,63,2,113,69" hai1="65,58,110,126,132,10,52,7,21,13,41,92,67" hai2="111,19,4,33,28,30,46,27,101,118,61,134,77" hai3="114,128,5,20,25,102,50,91,131,80,127,54,18"/><V38/><F118/><W1/><G127/><T64/><D85/><U96/><E132/><V29/><F134/><W56/><G102/><T88/><D88/><N who="1" m="55303" /><E110/><V86/><F111/><W100/><G100/><T36/><D113/><U23/><E41/><V112/><F112/><W129/><G114/><T90/><D90/><U59/><E59/><V49/><F38/><W87/><G5/><T8/><D125/><U123/><E123/><V22/><F101/><W15/><G1/><T89/><D89/><U66/><E126/><V78/><F4/><W72/><G72/><T75/><D105/><U26/><E26/><AGARI ba="0,0" hai="15,18,20,25,26,50,54,56,80,87,91,128,129,131" machi="26" ten="40,2600,0" yaku="19,1,52,1" doraHai="16" who="3" fromWho="1" sc="299,0,320,-26,110,0,271,26" /><INIT seed="7,0,0,5,0,91" ten="299,294,110,297" oya="3" hai0="5,107,21,116,44,127,61,95,37,22,36,9,69" hai1="29,123,2,35,80,68,11,84,89,32,13,112,66" hai2="26,106,30,119,54,3,25,77,46,73,4,14,125" hai3="81,76,72,126,52,56,16,20,93,17,15,109,24"/><W23/><G126/><T115/><D116/><U129/><E123/><V18/><F119/><W6/><G6/><T43/><D107/><U130/><E2/><V75/><F106/><W27/><G109/><T8/><D37/><U85/><E112/><V71/><F71/><W62/><G93/><T124/><D95/><N who="1" m="54695" /><E29/><V92/><F125/><N who="0" m="48202" /><D115/><U88/><E66/><V57/><F46/><W110/><G110/><T120/><D120/><U97/><E97/><V128/><F128/><N who="1" m="49257" /><E68/><V99/><F4/><AGARI ba="0,0" hai="4,11,13,32,35,80,85,88" m="49257,54695" machi="4" ten="30,3900,0" yaku="19,1,52,1,54,1" doraHai="91" who="1" fromWho="2" sc="299,0,294,39,110,-39,297,0" owari="299,9.9,333,43.3,71,-42.9,297,-10.3" /></mjloggm>