<mjloggm ver="2.3"><GO type="169" lobby="0"/><UN n0="%E3%81%82%E3%81%84%E3%81%93%E3%81%99" n1="%E3%81%9D%E3%81%86%E3%81%9F%E3%81%A3%E3%81%9F" n2="%E3%80%90%E7%BD%AA%E6%AD%8C%E3%80%91" n3="%46%75%77%61" dan="16,16,18,17" rate="2151.35,2073.11,2290.55,2183.59" sx="M,M,M,M"/><TAIKYOKU oya="0"/><INIT seed="0,0,0,5,5,25" ten="250,250,250,250" oya="0" hai0="39,111,54,104,35,71,66,40,75,67,110,77,19" hai1="22,26,85,79,106,1,57,7,33,12,88,16,62" hai2="78,93,4,118,2,20,5,126,108,114,69,6,101" hai3="60,34,70,128,121,18,3,127,122,99,132,120,9"/><T47/><D104/><U76/><E106/><V43/><F69/><W36/><G99/><T8/><D35/><U29/><E7/><V82/><F114/><W55/><G55/><T48/><D77/><U37/><E1/><V134/><F43/><W30/><G60/><N who="0" m="40391" /><D75/><U119/><E37/><V17/><F93/><W72/><G122/><T83/><D83/><U131/><E131/><V49/><F49/><W32/><G121/><T23/><D8/><N who="1" m="6151" /><E33/><V50/><F101/><W61/><G128/><T124/><D124/><U58/><E119/><V74/><F126/><W102/><G34/><T115/><D67/><N who="1" m="39375" /><E58/><V90/><F6/><W44/><G32/><T116/><D116/><U31/><E29/><V42/><F5/><W15/><G30/><T38/><D115/><U28/><E28/><V87/><F118/><W117/><G120/><T103/><D103/><U56/><E56/><V133/><F4/><W27/><G117/><T59/><D39/><U68/><E68/><V11/><F2/><W92/><G36/><T24/><AGARI ba="0,0" hai="19,23,24,38,40,47,48,54,59,110,111" m="40391" machi="24" ten="30,1500,0" yaku="24,1" doraHai="25" who="0" fromWho="0" sc="250,15,250,-5,250,-5,250,-5" /><INIT seed="0,1,0,3,2,2" ten="265,245,245,245" oya="0" hai0="123,82,64,133,111,125,23,79,6,99,28,102,87" hai1="96,106,67,5,121,34,46,100,50,89,31,42,84" hai2="3,21,115,53,97,120,76,40,27,134,69,114,56" hai3="116,17,86,20,55,44,54,113,52,94,88,33,105"/><T119/><D123/><U73/><E73/><V128/><F120/><W95/><G105/><T117/><D133/><U91/><E121/><V65/><F134/><W32/><G113/><T38/><D38/><U49/><E67/><V48/><F128/><W92/><G116/><T30/><D125/><U71/><E71/><V41/><F76/><W12/><REACH who="3" step="1"/><G44/><REACH who="3" ten="265,245,245,235" step="2"/><T126/><D119/><U80/><E46/><V85/><F115/><W66/><G66/><T43/><D64/><U35/><E106/><V47/><F114/><W0/><G0/><T59/><D117/><U131/><E131/><V70/><F3/><W1/><G1/><T58/><D126/><U10/><E35/><AGARI ba="1,1" hai="12,17,20,32,33,35,52,54,55,86,88,92,94,95" machi="35" ten="40,5200,0" yaku="1,1,54,2,53,0" doraHai="2" doraHaiUra="68" who="3" fromWho="1" sc="265,0,245,-55,245,0,235,65" /><INIT seed="1,0,0,2,4,119" ten="265,190,245,300" oya="1" hai0="27,89,68,38,2,114,62,73,36,131,94,5,65" hai1="56,113,132,88,135,91,59,61,106,4,3,15,32" hai2="86,18,12,42,79,48,103,63,101,26,110,6,45" hai3="66,97,76,35,111,19,9,75,121,84,44,67,52"/><U129/><E113/><V74/><F110/><W55/><G35/><T53/><D114/><U41/><E3/><V96/><F74/><W25/><G121/><T14/><D73/><U112/><E112/><V51/><F6/><W105/><G75/><T108/><D108/><U116/><E116/><V133/><F133/><N who="1" m="51273" /><E129/><V77/><F26/><W85/><G111/><T57/><D131/><U46/><E106/><V92/><F103/><W99/><G105/><T72/><D2/><U118/><E32/><V47/><F63/><W93/><G44/><T81/><D27/><U39/><E118/><V1/><F86/><N who="3" m="33387" /><G76/><T43/><D81/><U8/><E56/><V50/><F1/><W107/><G107/><T34/><D34/><U128/><E128/><V37/><REACH who="2" step="1"/><F45/><REACH who="2" ten="265,190,235,300" step="2"/><W54/><G25/><T78/><D72/><U71/><E71/><V126/><F126/><W83/><G83/><T64/><D68/><U82/><E82/><V20/><AGARI ba="0,1" hai="12,18,20,37,42,47,48,50,51,77,79,92,96,101" machi="20" ten="30,4000,0" yaku="1,1,0,1,53,1" doraHai="119" doraHaiUra="11" who="2" fromWho="2" sc="265,-10,190,-20,235,50,300,-10" /><INIT seed="2,0,0,3,2,93" ten="255,170,285,290" oya="2" hai0="65,116,132,20,21,73,114,105,92,83,100,97,17" hai1="29,46,23,82,50,109,32,57,75,133,27,70,113" hai2="11,112,115,67,110,96,107,77,42,41,44,19,131" hai3="14,30,49,40,53,94,18,80,3,106,25,91,108"/><V98/><F107/><W54/><G108/><T119/><D114/><U7/><E113/><V125/><F67/><W103/><G3/><T6/><D6/><U37/><E70/><V72/><F72/><W66/><G66/><T117/><D132/><U47/><E109/><V130/><F77/><W52/><G106/><T99/><D65/><U38/><E7/><V63/><F63/><W90/><G80/><T81/><D73/><U85/><E75/><V22/><F11/><W74/><G74/><T121/><D21/><U45/><E32/><V43/><F110/><W34/><G40/><N who="2" m="15465" /><F115/><W124/><G124/><T68/><D68/><U0/><E133/><V58/><F58/><W35/><G35/><T123/><D121/><U36/><E0/><V10/><F10/><W16/><G49/><T79/><D79/><U9/><E9/><V33/><F33/><W128/><G128/><N who="2" m="49193" /><F125/><W86/><G103/><N who="0" m="62703" /><D123/><U111/><E111/><V5/><F5/><W56/><G56/><T48/><D48/><U12/><E57/><V88/><F88/><W76/><G76/><T8/><D8/><U120/><E120/><V104/><F104/><W102/><G102/><T118/><N who="0" m="29696" /><DORA hai="78" /><T126/><D126/><U95/><E50/><N who="2" m="26911" /><F112/><W69/><G69/><T28/><D28/><U129/><E129/><V122/><F122/><W127/><G127/><T60/><D60/><U101/><E101/><V62/><F62/><W59/><G59/><T15/><AGARI ba="0,0" hai="15,17,20,81,83,92,99,100" m="29696,62703" machi="15" ten="60,8000,1" yaku="12,1,52,4" doraHai="93,78" who="0" fromWho="0" sc="255,80,170,-20,285,-40,290,-20" /><INIT seed="3,0,0,4,0,123" ten="335,150,245,270" oya="3" hai0="46,28,67,111,82,116,60,41,40,125,29,18,103" hai1="12,37,121,84,109,15,79,127,132,0,30,42,13" hai2="129,38,98,6,91,55,2,21,59,4,87,97,113" hai3="45,100,1,69,75,105,9,19,112,58,119,83,106"/><W68/><G112/><T128/><D116/><U124/><E37/><V130/><F38/><W43/><G58/><T92/><D128/><N who="2" m="49258" /><F21/><W5/><G19/><T107/><D107/><N who="3" m="40969" /><G100/><T49/><D82/><N who="1" m="47199" /><E42/><V126/><F126/><N who="1" m="48169" /><E121/><V93/><F113/><W23/><G23/><T8/><D41/><U57/><E0/><V120/><F120/><W74/><G119/><T63/><D125/><U27/><E57/><V81/><F2/><W10/><G10/><T35/><D35/><N who="1" m="20959" /><E132/><V11/><F11/><W73/><G83/><T34/><D34/><U77/><E77/><N who="2" m="46511" /><F98/><W22/><G22/><T52/><D40/><U117/><E117/><V66/><F66/><W50/><G1/><T108/><D29/><U44/><E44/><V71/><F71/><W135/><G68/><T114/><D28/><U32/><E32/><V14/><F14/><N who="3" m="5423" /><G69/><T24/><D114/><U33/><E33/><V110/><F59/><W54/><G135/><T76/><D76/><U20/><E20/><V134/><F134/><W89/><G43/><T95/><D67/><U102/><E102/><V94/><F97/><W61/><G89/><T48/><D103/><U96/><E96/><V99/><F91/><W56/><G45/><T7/><D49/><U86/><E86/><V80/><F99/><W26/><G50/><T39/><D39/><U31/><E31/><V90/><F90/><W51/><G51/><T104/><D104/><U3/><E3/><V53/><F53/><W101/><G101/><T36/><D36/><U88/><E88/><V62/><F55/><W64/><G54/><T131/><D52/><RYUUKYOKU ba="0,0" sc="335,-15,150,15,245,-15,270,15" hai1="12,13,15,109" hai3="26,56,61,64,73,74,75" /><INIT seed="3,1,0,4,0,21" ten="320,165,230,285" oya="3" hai0="18,104,59,77,71,82,1,30,130,90,133,121,11" hai1="43,6,81,80,117,107,53,20,19,118,2,114,64" hai2="17,33,60,84,55,56,127,63,41,12,99,126,124" hai3="116,94,100,50,36,88,44,61,72,108,7,24,75"/><W112/><G116/><N who="1" m="44650" /><E107/><V89/><F33/><W22/><G112/><T13/><D121/><U5/><E43/><V105/><F41/><W42/><G108/><T76/><D71/><U132/><E64/><V15/><F105/><W128/><G128/><T110/><D130/><U52/><E114/><V135/><F135/><W39/><G7/><N who="1" m="2570" /><E2/><V25/><F63/><W10/><G10/><T125/><D133/><U3/><E3/><V62/><F62/><W47/><G100/><T45/><D104/><U134/><E132/><V122/><F122/><W129/><G129/><T78/><D1/><U120/><E120/><V38/><F38/><W109/><G109/><T113/><D110/><U69/><E69/><V66/><F66/><W29/><G61/><T0/><D0/><U49/><E53/><V57/><F57/><W23/><G23/><T103/><D59/><N who="1" m="33167" /><E134/><V35/><F99/><W70/><G70/><T34/><D45/><U27/><AGARI ba="1,0" hai="19,20,27,80,81" m="33167,2570,44650" machi="27" ten="30,4000,0" yaku="12,1,52,1,54,1" doraHai="21" who="1" fromWho="1" sc="320,-11,165,43,230,-11,285,-21" /><INIT seed="4,0,0,1,5,4" ten="309,208,219,264" oya="0" hai0="61,85,82,45,7,38,106,126,90,99,37,73,43" hai1="110,23,114,31,120,94,6,16,3,108,132,113,79" hai2="21,33,96,104,93,70,69,5,119,62,116,66,128" hai3="24,56,11,115,130,134,81,42,17,34,47,40,105"/><T129/><D129/><U87/><E79/><V46/><F33/><W101/><G115/><N who="1" m="44042" /><E132/><V111/><F104/><W64/><G134/><T44/><D126/><U103/><E31/><V19/><F111/><N who="1" m="42537" /><E120/><V55/><F5/><W29/><G130/><T68/><D73/><U76/><E103/><V57/><F128/><W12/><G81/><T127/><D127/><U118/><E118/><N who="2" m="45099" /><F46/><W107/><G101/><T100/><D7/><U22/><E94/><V26/><F66/><W135/><G135/><T52/><D68/><U48/><E48/><V65/><F65/><W53/><G64/><T77/><D77/><U131/><E131/><V39/><F39/><W124/><G124/><T92/><D106/><U41/><E41/><V14/><F26/><W13/><G42/><T67/><D37/><U123/><E123/><V20/><F20/><W60/><REACH who="3" step="1"/><G13/><REACH who="3" ten="309,208,219,254" step="2"/><T28/><D67/><U83/><E16/><V51/><F19/><W58/><G58/><N who="0" m="35015" /><D43/><U72/><E72/><V25/><F14/><W71/><G71/><T36/><D36/><AGARI ba="0,1" hai="11,12,17,24,29,34,36,40,47,53,56,60,105,107" machi="36" ten="30,3900,0" yaku="1,1,7,1,52,1,53,0" doraHai="4" doraHaiUra="95" who="3" fromWho="0" sc="309,-39,208,0,219,0,254,49" /><INIT seed="5,0,0,1,3,60" ten="270,208,219,303" oya="1" hai0="98,129,134,18,45,101,97,41,75,78,130,72,123" hai1="114,48,4,61,73,91,33,85,95,15,46,107,65" hai2="92,71,113,115,17,35,16,108,112,49,126,121,89" hai3="55,58,14,106,118,24,64,86,135,11,67,6,28"/><U80/><E114/><V77/><F108/><W25/><G106/><T52/><D134/><U57/><E33/><V109/><F109/><W13/><G135/><T103/><D123/><U37/><E107/><V47/><F121/><W2/><G118/><T122/><D122/><U99/><E37/><V88/><F126/><W36/><G36/><T22/><D41/><U119/><E73/><V76/><F71/><W40/><G40/><T26/><D78/><N who="2" m="30314" /><F35/><W56/><G86/><T84/><D84/><U69/><E69/><V5/><F5/><N who="3" m="3311" /><G2/><T117/><D117/><U44/><E119/><V96/><F89/><W62/><G58/><T133/><D133/><U31/><E31/><V1/><F1/><W23/><G25/><T81/><D81/><U100/><REACH who="1" step="1"/><E48/><REACH who="1" ten="270,198,219,303" step="2"/><V8/><F8/><AGARI ba="0,1" hai="6,8,14,23,24,28,55,56,62,64,67" m="3311" machi="8" ten="30,3900,0" yaku="8,1,52,2" doraHai="60" who="3" fromWho="2" sc="270,0,198,0,219,-39,303,49" /><AGARI ba="0,0" hai="4,8,15,44,46,57,61,65,80,85,91,95,99,100" machi="8" ten="40,12000,1" yaku="1,1,2,1,8,1,52,1,53,1" doraHai="60" doraHaiUra="63" who="1" fromWho="2" sc="270,0,198,120,180,-120,352,0" /><INIT seed="5,1,0,0,3,126" ten="270,318,60,352" oya="1" hai0="5,114,89,85,32,66,57,76,35,62,59,127,128" hai1="119,55,112,120,7,93,107,11,36,56,130,108,47" hai2="54,100,124,113,125,6,98,2,88,123,110,106,38" hai3="84,103,81,40,118,104,95,31,131,68,43,29,96"/><U70/><E107/><V67/><F123/><W22/><G68/><T10/><D127/><U9/><E119/><V61/><F38/><W60/><G118/><T129/><D76/><U116/><E70/><V87/><F110/><W20/><G60/><T102/><D102/><U50/><E112/><V63/><F113/><W135/><G135/><T73/><D59/><U15/><E120/><V92/><F54/><W64/><G64/><T78/><D78/><U52/><E36/><V51/><F63/><W34/><G34/><T83/><D73/><U45/><E108/><V17/><F51/><W37/><G37/><T91/><D89/><U109/><E109/><V99/><F17/><W122/><G122/><T4/><D4/><U75/><E75/><V18/><F18/><W86/><G104/><T41/><D41/><N who="3" m="15945" /><G131/><N who="0" m="50251" /><D114/><U23/><E47/><V26/><F26/><N who="3" m="16583" /><G81/><T12/><AGARI ba="1,0" hai="5,10,12,32,35,57,62,66,83,85,91" m="50251" machi="12" ten="30,7900,0" yaku="19,1,52,3" doraHai="126" who="0" fromWho="0" sc="270,82,318,-40,60,-21,352,-21" /><INIT seed="6,0,0,3,3,31" ten="352,278,39,331" oya="2" hai0="14,0,35,79,94,38,22,115,59,107,53,26,16" hai1="18,39,130,76,122,106,20,108,86,30,127,36,72" hai2="41,1,45,2,116,83,104,46,25,27,98,123,69" hai3="88,33,32,21,10,132,99,58,47,111,17,6,55"/><V64/><F116/><W81/><G111/><T87/><D0/><U134/><E106/><V113/><F123/><W65/><G132/><T44/><D107/><U126/><E72/><V77/><F27/><W34/><G65/><T85/><D115/><U54/><E30/><V62/><F46/><W129/><G129/><T109/><D109/><U60/><E134/><V101/><F113/><W11/><G47/><T75/><D75/><U24/><E130/><V117/><F117/><W121/><G121/><T70/><D70/><U110/><E122/><V80/><F80/><W15/><G6/><T5/><D79/><U120/><E120/><V135/><F25/><W56/><G56/><T3/><D94/><U97/><E97/><V57/><F57/><W23/><G23/><T96/><D96/><U93/><E39/><V68/><F68/><W74/><G74/><T124/><D124/><N who="1" m="47659" /><E36/><V29/><F29/><W13/><G13/><T112/><D44/><U63/><E63/><V49/><REACH who="2" step="1"/><F135/><REACH who="2" ten="352,278,29,331" step="2"/><W114/><G114/><T61/><D112/><U102/><E110/><V128/><F128/><W100/><G81/><T42/><D59/><N who="1" m="34935" /><E108/><V37/><F37/><W12/><G58/><T92/><D38/><U9/><E24/><V105/><F105/><W91/><G17/><T28/><D16/><U73/><E18/><V4/><F4/><W84/><G15/><T66/><D5/><U48/><E93/><V90/><F90/><W131/><G91/><T43/><D92/><U125/><E125/><V118/><F118/><W19/><G131/><T71/><D14/><U40/><E76/><RYUUKYOKU ba="0,1" sc="352,-10,278,-10,29,30,331,-10" hai2="1,2,41,45,49,62,64,69,77,83,98,101,104" /><INIT seed="6,1,1,4,5,41" ten="342,268,59,321" oya="2" hai0="94,120,95,126,47,125,73,79,29,42,113,109,3" hai1="82,37,106,18,38,43,122,114,49,81,5,90,64" hai2="32,86,84,39,66,31,87,130,75,117,0,77,2" hai3="128,102,30,89,85,72,57,17,16,48,8,97,44"/><V4/><F117/><W14/><G72/><T70/><D109/><U46/><E106/><V62/><F130/><W134/><G134/><T71/><D120/><U63/><E114/><V131/><F131/><W127/><G127/><N who="0" m="48651" /><D3/><U10/><E18/><V6/><F39/><W110/><G110/><T65/><D29/><U91/><E122/><V54/><F54/><W40/><G128/><T13/><D13/><U50/><E50/><V132/><F132/><W7/><G30/><T61/><D71/><U23/><E23/><V80/><F0/><W68/><G68/><T99/><D99/><U108/><E108/><V74/><F74/><W118/><G118/><T59/><D70/><U19/><E19/><V104/><F104/><W105/><REACH who="3" step="1"/><G57/><REACH who="3" ten="342,268,59,311" step="2"/><T100/><D113/><U33/><E33/><V119/><F119/><W69/><G69/><T26/><D73/><U28/><E28/><V133/><F133/><W101/><G101/><T116/><D100/><U21/><E21/><V112/><F112/><W129/><G129/><T35/><D35/><U51/><E38/><V124/><F124/><W36/><G36/><N who="0" m="21959" /><D116/><U56/><E37/><V11/><F4/><W15/><G15/><T111/><D111/><U96/><E49/><V93/><F32/><W123/><G123/><T92/><D26/><U12/><REACH who="1" step="1"/><E96/><REACH who="1" ten="342,258,59,311" step="2"/><V52/><F31/><W24/><G24/><T107/><D107/><U115/><E115/><V98/><F98/><W1/><G1/><T20/><D20/><U67/><E67/><V103/><F66/><W22/><G22/><T25/><D25/><U88/><AGARI ba="1,3" hai="5,10,12,43,46,51,56,63,64,81,82,88,90,91" machi="88" ten="30,12000,2" yaku="1,1,5,1,0,1,8,1,52,1,54,1,53,0" doraHai="41" doraHaiUra="34" who="1" fromWho="1" sc="342,-31,258,153,59,-61,311,-31" owari="311,11.1,411,51.1,-2,-50.2,280,-12.0" /></mjloggm>