<mjloggm ver="2.3"><GO type="169" lobby="0"/><UN n0="%53%6F%6C%69%74%6F%6E" n1="%E5%AE%8C%E5%85%A8%E5%AE%89%E7%89%8C" n2="%4C%C3%97%57%C3%97%4C" n3="%E3%82%A8%E3%82%B9%E3%82%B1%E3%83%BC%2E" dan="17,17,16,17" rate="2157.68,2179.40,2132.46,2188.50" sx="M,M,M,M"/><TAIKYOKU oya="0"/><INIT seed="0,0,0,5,1,49" ten="250,250,250,250" oya="0" hai0="102,78,41,119,98,16,114,53,121,51,36,86,13" hai1="38,47,43,96,32,110,97,124,130,46,76,84,31" hai2="61,39,3,34,9,77,129,50,2,66,24,92,58" hai3="85,20,89,82,21,88,15,106,17,70,64,22,125"/><T25/><D114/><U5/><E110/><V33/><F39/><W35/><G35/><T71/><D71/><U65/><E124/><V11/><F77/><W127/><G106/><T112/><D121/><U7/><E130/><V67/><F129/><W87/><G70/><T107/><D112/><U4/><E65/><V95/><F50/><W94/><REACH who="3" step="1"/><G64/><REACH who="3" ten="250,250,250,240" step="2"/><T12/><D119/><U108/><E108/><V75/><F67/><W104/><G104/><T73/><D73/><U48/><E32/><V83/><F34/><W63/><G63/><T37/><D37/><U42/><E31/><V19/><F33/><W115/><G115/><T55/><D36/><U109/><E109/><V57/><F61/><W14/><G14/><T45/><D12/><U1/><E1/><V54/><F66/><W122/><G122/><T113/><D16/><U120/><E120/><V81/><F19/><W0/><G0/><T105/><D107/><U132/><E132/><V74/><F24/><W26/><G26/><T72/><D25/><U116/><E116/><V44/><F2/><W135/><G135/><T30/><D113/><U10/><E5/><V134/><F3/><W99/><G99/><T60/><D13/><N who="1" m="5319" /><E7/><V91/><F134/><W27/><G27/><T6/><D60/><U18/><E18/><V29/><F29/><W126/><AGARI ba="0,1" hai="15,17,20,21,22,82,85,87,88,89,94,125,126,127" machi="126" ten="30,7900,0" yaku="1,1,0,1,18,1,54,1,53,0" doraHai="49" doraHaiUra="123" who="3" fromWho="3" sc="250,-39,250,-20,250,-20,240,89" /><INIT seed="1,0,0,1,5,115" ten="211,230,230,329" oya="1" hai0="135,85,61,1,132,41,44,97,49,57,0,33,43" hai1="89,106,108,24,17,12,129,69,29,13,88,94,46" hai2="19,23,91,32,34,59,73,38,92,53,121,95,133" hai3="131,70,81,101,113,104,11,80,56,37,63,116,130"/><U58/><E106/><V4/><F121/><W15/><G70/><T5/><D33/><U102/><E69/><V68/><F68/><W98/><G37/><T124/><D5/><U112/><E112/><V120/><F120/><W117/><G113/><T127/><D43/><U72/><E72/><V76/><F38/><W103/><G103/><T30/><D30/><U123/><E123/><V18/><F4/><N who="3" m="3559" /><G80/><T55/><D85/><U50/><E129/><N who="3" m="49162" /><G81/><T47/><D47/><U96/><E108/><V28/><F76/><W62/><G62/><T107/><D97/><U66/><E102/><V84/><F95/><W90/><G90/><T8/><D8/><U2/><E89/><V126/><F73/><W78/><G78/><T77/><D107/><U65/><E2/><N who="0" m="1129" /><D77/><U21/><E58/><V111/><F59/><W71/><G71/><T52/><D41/><U67/><REACH who="1" step="1"/><E17/><REACH who="1" ten="211,220,230,329" step="2"/><V6/><F18/><W86/><G86/><T27/><D27/><U119/><E119/><V64/><F19/><W79/><G79/><T82/><D82/><U40/><AGARI ba="0,1" hai="12,13,21,24,29,40,46,50,65,66,67,88,94,96" machi="40" ten="30,11700,0" yaku="1,1,0,1,8,1,54,1,53,0" doraHai="115" doraHaiUra="14" who="1" fromWho="1" sc="211,-39,220,127,230,-39,329,-39" /><INIT seed="1,1,0,2,0,97" ten="172,347,191,290" oya="1" hai0="82,124,38,58,15,54,9,100,2,81,12,3,39" hai1="34,101,70,104,114,19,45,23,135,16,41,112,53" hai2="64,103,73,26,115,17,121,102,30,71,18,65,93" hai3="128,105,24,123,133,126,32,108,46,61,29,95,22"/><U94/><E34/><V44/><F121/><W52/><G105/><T67/><D67/><N who="2" m="25674" /><F73/><W119/><G123/><T98/><D124/><U86/><E70/><V6/><F71/><W113/><G113/><T106/><D81/><U72/><E72/><V10/><F115/><W125/><G108/><T132/><D82/><U120/><E120/><V131/><F131/><W56/><G128/><T31/><D31/><U20/><E104/><V8/><F44/><W90/><G133/><T89/><D89/><U85/><E53/><V69/><F69/><W116/><G46/><T35/><D35/><U33/><E33/><V78/><F78/><W68/><G32/><T129/><D129/><U66/><E66/><V88/><F30/><W48/><G48/><T99/><D99/><N who="1" m="59639" /><E135/><V117/><F117/><N who="3" m="45131" /><G68/><T57/><D132/><U14/><E112/><V134/><F134/><W49/><G49/><T62/><D57/><U25/><E114/><V130/><F130/><W60/><G60/><T42/><D15/><U4/><E4/><V37/><F6/><W21/><G22/><T40/><D39/><U109/><E109/><V91/><F37/><W59/><G59/><T36/><D38/><U80/><E80/><V75/><F75/><W83/><G83/><T110/><D110/><U111/><E111/><V122/><F122/><W7/><G7/><N who="0" m="3135" /><D36/><U11/><E23/><N who="2" m="13679" /><F8/><W0/><G0/><T87/><D3/><U79/><E79/><V96/><F91/><W27/><G27/><T13/><D2/><U74/><E74/><V118/><F118/><W92/><G90/><T55/><D13/><AGARI ba="1,0" hai="10,13,18,88,93,96,102,103" m="13679,25674" machi="13" ten="30,8000,1" yaku="6,1,8,1,52,2,54,1" doraHai="97" who="2" fromWho="0" sc="172,-83,347,0,191,83,290,0" /><INIT seed="2,0,0,5,3,77" ten="89,347,274,290" oya="2" hai0="98,10,128,60,85,118,11,117,54,84,33,90,25" hai1="56,66,18,97,74,35,112,126,133,114,2,78,55" hai2="123,110,87,31,50,88,67,80,58,36,41,134,46" hai3="82,75,28,99,42,45,106,34,103,59,89,38,9"/><V22/><F123/><W40/><G40/><T44/><D128/><U93/><E35/><V104/><F104/><W6/><G28/><T16/><D98/><U95/><E2/><V14/><F134/><W0/><G59/><N who="0" m="34935" /><D33/><U115/><E126/><V32/><F32/><W105/><G34/><T107/><D107/><U100/><E133/><V69/><F110/><W121/><G105/><T27/><D44/><U68/><E68/><V64/><F69/><W62/><G62/><T81/><D117/><U83/><E66/><V21/><F36/><W130/><G89/><N who="0" m="51343" /><D118/><U30/><E30/><V124/><F124/><W49/><G49/><T129/><D129/><U94/><REACH who="1" step="1"/><E18/><REACH who="1" ten="89,337,274,290" step="2"/><N who="2" m="10455" /><F58/><W119/><G119/><T91/><D91/><U57/><E57/><V127/><F127/><W3/><G130/><T131/><D131/><U39/><E39/><V1/><F1/><N who="3" m="207" /><G121/><T4/><D4/><U63/><AGARI ba="0,1" hai="55,56,63,74,78,83,93,94,95,97,100,112,114,115" machi="63" ten="30,7900,0" yaku="1,1,0,1,52,1,53,1" doraHai="77" doraHaiUra="96" who="1" fromWho="1" sc="89,-20,337,89,274,-39,290,-20" /><INIT seed="3,0,0,2,0,21" ten="69,426,235,270" oya="3" hai0="26,126,121,75,61,133,120,119,135,79,127,46,48" hai1="129,128,43,134,71,37,32,73,67,72,49,104,87" hai2="29,23,22,53,13,62,107,3,16,109,63,14,7" hai3="31,18,70,28,111,83,10,19,6,60,52,117,115"/><W97/><G117/><T20/><D75/><U38/><E104/><V94/><F107/><W112/><G111/><T103/><D103/><U110/><E32/><V55/><F109/><W90/><G70/><T122/><D79/><U86/><E110/><V64/><F3/><W78/><G97/><T95/><D95/><U93/><E49/><V114/><F114/><W106/><G106/><T4/><D4/><U99/><E134/><N who="0" m="51209" /><D119/><U47/><E37/><V130/><F130/><N who="1" m="50281" /><E67/><V132/><F132/><W11/><G90/><T74/><D74/><N who="1" m="28779" /><E71/><V0/><F63/><W24/><G60/><T102/><D102/><AGARI ba="0,0" hai="38,43,47,86,87,93,99,102" m="28779,50281" machi="102" ten="30,1000,0" yaku="19,1" doraHai="21" who="1" fromWho="0" sc="69,-10,426,10,235,0,270,0" /><INIT seed="4,0,0,1,5,4" ten="59,436,235,270" oya="0" hai0="96,76,117,118,12,56,119,113,8,66,27,5,62" hai1="61,85,17,91,41,102,97,128,36,13,134,115,40" hai2="0,86,129,31,133,90,130,30,64,72,107,28,22" hai3="33,9,34,21,103,35,70,46,101,54,63,45,38"/><T43/><D113/><U112/><E134/><V32/><F107/><W135/><G135/><T7/><D43/><U37/><E128/><N who="2" m="49259" /><F133/><W100/><G21/><T89/><D76/><U84/><E61/><V29/><F72/><W51/><G38/><T88/><D27/><U126/><E126/><V16/><F64/><W75/><G75/><T125/><D125/><U20/><E41/><V73/><F73/><W94/><G94/><T15/><REACH who="0" step="1"/><D96/><REACH who="0" ten="49,436,235,270" step="2"/><U68/><E97/><V78/><F78/><W111/><G111/><T19/><D19/><U127/><E17/><V57/><F32/><W14/><G34/><T77/><D77/><U67/><E40/><V58/><F31/><W24/><G24/><T26/><D26/><U48/><E127/><V106/><F30/><W49/><G33/><T23/><D23/><U105/><E20/><V120/><F29/><W114/><G114/><T11/><AGARI ba="0,1" hai="5,7,8,11,12,15,56,62,66,88,89,117,118,119" machi="11" ten="40,18000,2" yaku="1,1,0,1,9,1,52,2,54,1,53,0" doraHai="4" doraHaiUra="69" who="0" fromWho="0" sc="49,190,436,-60,235,-60,270,-60" /><INIT seed="4,1,0,4,1,64" ten="239,376,175,210" oya="0" hai0="8,58,90,12,44,35,75,130,37,87,18,66,110" hai1="20,120,132,16,134,49,122,67,92,131,62,13,40" hai2="84,103,125,48,19,32,73,72,47,121,54,5,57" hai3="76,56,28,112,119,97,127,15,39,21,9,94,11"/><T51/><D130/><U1/><E1/><V116/><F121/><W3/><G39/><T85/><D110/><U10/><E131/><V68/><F32/><W71/><G71/><T70/><D75/><U82/><E92/><V104/><F125/><W17/><G119/><T7/><D35/><U129/><E129/><V107/><F5/><W99/><G127/><T102/><D102/><U126/><E82/><V42/><F116/><W59/><G112/><T114/><D114/><U36/><E36/><V74/><F84/><W38/><G38/><T0/><D37/><U30/><E126/><V34/><F34/><W24/><G76/><T46/><D85/><U117/><E117/><V108/><F108/><W60/><G3/><T86/><D87/><U133/><E40/><V101/><F19/><W25/><G97/><T113/><D70/><N who="1" m="42359" /><E49/><V69/><F103/><N who="3" m="60919" /><G56/><T79/><D79/><U45/><E45/><V88/><F88/><W61/><G61/><T135/><D135/><U65/><E65/><V27/><F27/><AGARI ba="1,0" hai="10,13,16,20,27,30,120,122,132,133,134" m="42359" machi="27" ten="30,3900,0" yaku="20,1,52,1,54,1" doraHai="64" who="1" fromWho="2" sc="239,0,376,42,175,-42,210,0" /><INIT seed="5,0,0,4,4,116" ten="239,418,133,210" oya="1" hai0="101,5,67,97,75,102,21,73,15,81,118,121,120" hai1="47,132,16,113,64,123,8,58,0,59,3,129,63" hai2="103,14,104,50,60,25,51,70,90,85,125,11,33" hai3="133,48,4,78,119,54,49,87,40,43,17,61,38"/><U111/><E123/><N who="0" m="47177" /><D118/><U10/><E113/><V77/><F77/><W42/><G4/><T6/><D67/><U44/><E132/><V18/><F125/><W105/><G105/><N who="0" m="63663" /><D102/><U83/><E129/><V122/><F122/><W95/><G133/><T71/><D71/><U127/><E111/><V72/><F103/><W92/><G38/><T31/><D81/><U22/><E127/><V117/><F104/><W106/><G106/><T26/><D15/><U55/><E0/><V57/><F70/><W28/><G28/><T110/><D110/><U56/><E83/><V89/><F14/><W96/><G119/><T69/><D69/><U37/><E37/><V2/><F2/><W20/><G78/><T79/><D79/><U130/><E130/><V46/><F90/><N who="3" m="53343" /><G61/><T9/><D9/><U94/><E94/><V34/><F60/><W7/><G7/><AGARI ba="0,0" hai="5,6,7,21,26,31,73,75" m="63663,47177" machi="7" ten="30,7700,0" yaku="13,1,52,3" doraHai="116" who="0" fromWho="3" sc="239,77,418,0,133,0,210,-77" /><INIT seed="6,0,0,3,2,127" ten="316,418,133,133" oya="2" hai0="84,133,105,40,3,14,48,45,101,46,73,134,1" hai1="66,82,58,27,32,34,52,89,62,26,128,64,17" hai2="80,85,49,113,78,16,20,10,126,107,13,91,129" hai3="88,74,120,81,75,116,54,132,12,86,55,111,8"/><V135/><F126/><W11/><G120/><T106/><D73/><U36/><E128/><V38/><F113/><W117/><G111/><T71/><D71/><U4/><E36/><V83/><F135/><N who="0" m="51722" /><D84/><N who="1" m="50327" /><E34/><V2/><F38/><W124/><G124/><T67/><D67/><N who="1" m="25643" /><E32/><V100/><F129/><W56/><G132/><T69/><D69/><U102/><E4/><V30/><F107/><N who="0" m="40970" /><D101/><U92/><E17/><V15/><F100/><W130/><G130/><T50/><D14/><U65/><E65/><V41/><F2/><N who="0" m="522" /><D40/><U76/><E76/><V23/><F15/><W29/><G12/><T79/><D79/><U104/><E104/><V33/><F33/><W44/><G74/><T19/><D19/><U103/><E103/><V114/><F114/><W6/><G75/><T118/><D118/><U97/><AGARI ba="0,0" hai="26,27,52,58,62,92,97,102" m="25643,50327" machi="97" ten="30,2000,0" yaku="8,1,54,1" doraHai="127" who="1" fromWho="1" sc="316,-5,418,20,133,-10,133,-5" /><INIT seed="7,0,0,0,3,59" ten="311,438,123,128" oya="3" hai0="84,23,81,63,51,69,32,58,112,99,4,98,12" hai1="97,13,49,64,122,40,89,62,14,106,56,134,82" hai2="123,16,78,17,10,22,125,131,44,87,5,118,3" hai3="2,76,8,111,52,133,94,116,73,135,67,30,124"/><W1/><G116/><T9/><D32/><U36/><E122/><V77/><F118/><W113/><G113/><T86/><D69/><U126/><E36/><V110/><F110/><W100/><G111/><T120/><D120/><U104/><E104/><V91/><F123/><W46/><G124/><T70/><D70/><U54/><E40/><V93/><F125/><W38/><G67/><T75/><D75/><U11/><E134/><N who="3" m="51210" /><G30/><T47/><D23/><U92/><E106/><V20/><F131/><W15/><G76/><T109/><D109/><U18/><E126/><V105/><F105/><W80/><G80/><T114/><D86/><N who="1" m="50391" /><E14/><V79/><REACH who="2" step="1"/><F44/><REACH who="2" ten="311,438,113,128" step="2"/><W74/><G100/><T66/><D112/><U27/><E27/><V48/><F48/><N who="3" m="28695" /><G38/><T83/><D114/><U34/><E34/><V130/><F130/><W26/><G26/><T119/><D119/><U24/><E24/><V101/><F101/><W25/><G25/><T50/><D50/><U90/><E49/><V72/><F72/><N who="3" m="27755" /><G94/><T127/><D127/><U71/><E71/><V60/><F60/><W68/><G68/><T108/><D108/><U117/><E117/><V132/><F132/><W115/><G115/><T103/><D103/><U57/><E64/><V61/><F61/><W55/><G55/><N who="0" m="30207" /><D83/><U29/><E29/><V45/><F45/><W33/><G33/><T128/><D128/><U85/><E57/><V107/><F107/><W88/><G88/><AGARI ba="0,1" hai="4,9,12,58,63,66,81,84,88,98,99" m="30207" machi="88" ten="30,3900,0" yaku="8,1,52,1,54,1" doraHai="59" who="0" fromWho="3" sc="311,49,438,0,113,0,128,-39" owari="360,16.0,438,53.8,113,-28.7,89,-41.1" /></mjloggm>