<mjloggm ver="2.3"><GO type="169" lobby="0"/><UN n0="%E3%82%B9%E3%82%AB%E3%83%9D%E3%83%B3" n1="%E5%85%AD%E9%83%A8%E5%9C%AD" n2="%E7%99%BD%E3%81%AE%E7%A9%BA" n3="%E5%9D%8A%E3%82%84%E3%81%A1%E3%81%A4" dan="17,16,17,16" rate="2149.83,2043.17,2153.49,2061.94" sx="M,M,M,M"/><TAIKYOKU oya="0"/><INIT seed="0,0,0,2,0,8" ten="250,250,250,250" oya="0" hai0="41,9,11,111,116,134,86,110,89,124,125,100,106" hai1="79,104,36,59,34,18,117,2,22,76,42,121,5" hai2="58,71,26,32,78,60,83,123,38,64,108,109,107" hai3="15,44,77,53,120,98,40,16,81,88,130,62,19"/><T129/><D116/><U131/><E117/><V7/><F123/><W47/><G120/><T46/><D134/><U6/><E121/><V102/><F38/><W95/><G130/><T54/><D54/><U103/><E34/><V33/><F7/><W48/><G15/><T75/><D75/><U55/><E131/><V68/><F68/><W28/><G28/><T25/><D25/><U43/><E104/><V92/><F92/><W21/><G21/><T20/><D20/><U0/><E103/><V82/><F82/><W101/><G101/><T45/><D100/><U37/><E22/><V85/><F58/><W72/><REACH who="3" step="1"/><G62/><REACH who="3" ten="250,250,250,240" step="2"/><T94/><D129/><U23/><E23/><V27/><F33/><W69/><G69/><T10/><D106/><U24/><E24/><V91/><F26/><W39/><AGARI ba="0,1" hai="16,19,39,40,44,47,48,53,72,77,81,88,95,98" machi="39" ten="20,8000,1" yaku="1,1,0,1,7,1,54,2,53,0" doraHai="8" doraHaiUra="112" who="3" fromWho="3" sc="250,-40,250,-20,250,-20,240,90" /><INIT seed="1,0,0,4,0,125" ten="210,230,230,330" oya="1" hai0="82,33,96,135,15,99,67,126,50,44,70,66,34" hai1="115,121,30,95,5,0,127,16,68,132,98,1,11" hai2="102,83,87,109,43,56,69,2,47,62,113,106,65" hai3="8,42,73,76,72,54,79,9,3,91,29,81,86"/><U114/><E68/><V12/><F2/><W104/><G104/><T7/><D126/><U93/><E127/><V128/><F109/><W90/><G42/><T94/><D135/><U36/><E121/><V108/><F108/><W6/><G9/><T133/><D133/><U74/><E132/><V32/><F113/><W20/><G54/><T97/><D70/><U52/><E36/><V120/><F120/><W21/><G91/><T122/><D122/><U51/><E74/><V118/><F118/><W84/><G79/><T38/><D38/><U10/><E30/><V131/><F32/><W112/><G112/><T48/><D82/><U45/><E93/><V77/><F12/><W124/><G124/><T123/><D94/><U37/><E37/><V71/><F102/><W101/><G101/><T105/><D105/><U89/><REACH who="1" step="1"/><E16/><REACH who="1" ten="210,220,230,330" step="2"/><V46/><F106/><W117/><G29/><T61/><D123/><U55/><E55/><V39/><F47/><W23/><G117/><T53/><D67/><U60/><E60/><V14/><F14/><W78/><G73/><T49/><D61/><U103/><E103/><V19/><F19/><W25/><G72/><T80/><D66/><U27/><E27/><V59/><F71/><W64/><G64/><T129/><D53/><U100/><E100/><V26/><F26/><W111/><G25/><T22/><D44/><U4/><AGARI ba="0,1" hai="0,1,4,5,10,11,45,51,52,89,95,98,114,115" machi="4" ten="30,12000,1" yaku="1,1,0,1,9,1,54,1,53,1" doraHai="125" doraHaiUra="92" who="1" fromWho="1" sc="210,-40,220,130,230,-40,330,-40" /><INIT seed="1,1,0,2,5,36" ten="170,350,190,290" oya="1" hai0="81,88,130,117,34,65,135,58,28,8,55,126,0" hai1="85,47,6,80,17,111,5,84,83,112,10,103,21" hai2="4,49,95,64,16,119,118,124,91,62,11,43,20" hai3="121,98,134,46,14,30,66,133,38,107,106,68,115"/><U37/><E112/><V19/><F124/><W102/><G121/><T99/><D117/><U67/><E103/><V40/><F118/><W35/><G107/><T29/><D135/><N who="3" m="51721" /><G14/><T9/><D130/><U122/><E122/><V90/><F119/><W57/><G57/><T52/><D126/><U74/><E67/><V2/><F49/><W45/><G115/><T110/><D110/><U113/><E113/><V116/><F116/><W44/><G38/><T131/><D34/><U32/><E32/><V77/><F77/><W93/><G106/><T18/><D0/><U15/><E111/><V54/><F54/><N who="0" m="20522" /><D18/><U94/><E94/><V87/><F90/><W31/><G35/><T63/><D131/><U69/><E69/><V128/><F128/><W25/><G25/><T79/><D79/><U92/><E92/><V101/><F101/><W60/><AGARI ba="1,0" hai="30,31,44,45,46,60,66,68,93,98,102" m="51721" machi="60" ten="40,1500,0" yaku="20,1" doraHai="36" who="3" fromWho="3" sc="170,-5,350,-8,190,-5,290,18" /><INIT seed="2,0,0,1,0,88" ten="165,342,185,308" oya="2" hai0="122,106,3,129,133,113,14,66,92,107,89,126,75" hai1="40,131,118,43,125,39,42,98,18,10,108,15,112" hai2="90,78,97,45,59,5,38,63,4,62,31,102,128" hai3="79,94,72,32,46,11,25,22,58,36,71,64,70"/><V93/><F128/><W73/><G11/><T65/><D14/><U55/><E112/><V124/><F124/><W17/><G32/><T29/><D29/><U23/><E118/><V83/><F31/><W41/><G58/><T61/><D61/><U119/><E119/><V7/><F102/><W52/><G52/><T6/><D6/><U69/><E69/><V120/><F120/><W53/><G53/><T44/><D44/><U134/><E125/><V130/><F130/><W103/><G79/><T48/><D48/><U1/><E131/><V80/><F78/><W86/><G64/><T74/><D89/><U67/><E108/><V104/><F104/><W56/><G56/><T99/><D129/><U54/><E134/><V0/><F0/><W95/><G86/><T19/><D133/><U91/><E67/><V135/><F135/><W26/><G26/><T60/><D60/><U85/><E98/><V47/><F62/><W115/><G115/><T21/><D99/><U101/><E101/><V8/><F8/><W109/><G109/><T81/><D113/><U111/><E39/><V20/><F20/><W114/><G114/><T57/><D21/><U51/><E51/><V37/><F37/><W28/><G28/><T105/><D105/><U132/><E132/><V117/><F117/><W77/><G77/><T12/><D107/><U96/><E96/><V24/><F24/><W87/><G103/><T33/><D122/><U123/><E123/><V34/><F34/><W16/><G25/><T30/><D126/><U2/><E111/><V49/><F38/><W9/><G36/><RYUUKYOKU ba="0,0" sc="165,0,342,0,185,0,308,0" /><INIT seed="3,1,0,1,2,67" ten="165,342,185,308" oya="3" hai0="135,89,25,24,4,71,99,13,129,75,16,112,107" hai1="98,15,76,132,63,3,21,30,31,41,55,20,52" hai2="29,109,124,134,10,11,68,106,46,72,104,113,93" hai3="80,65,111,85,34,95,116,61,96,48,50,70,88"/><W77/><G116/><T33/><D75/><U119/><E3/><V81/><F113/><W64/><G111/><T2/><D112/><U125/><E119/><V69/><F109/><W74/><G34/><T100/><D135/><U110/><E110/><V38/><F134/><W123/><G123/><T128/><D89/><U51/><E132/><V83/><F93/><W105/><G65/><T35/><D4/><U101/><E41/><V122/><F29/><W40/><G40/><T120/><D2/><U92/><E125/><V86/><F86/><W45/><G45/><T37/><D37/><U130/><E76/><V84/><F84/><W126/><G126/><T59/><D59/><N who="1" m="35303" /><E130/><N who="0" m="50281" /><D71/><N who="2" m="27210" /><F124/><W49/><REACH who="3" step="1"/><G105/><REACH who="3" ten="165,342,185,298" step="2"/><T91/><D120/><U39/><E39/><V9/><F122/><W87/><AGARI ba="1,1" hai="48,49,50,61,64,70,74,77,80,85,87,88,95,96" machi="87" ten="30,12000,1" yaku="1,1,2,1,0,1,52,1,54,1,53,0" doraHai="67" doraHaiUra="23" who="3" fromWho="3" sc="165,-41,342,-41,185,-41,298,133" /><INIT seed="3,2,0,5,1,59" ten="124,301,144,431" oya="3" hai0="82,123,85,29,53,5,93,11,4,118,19,35,102" hai1="91,65,86,51,119,62,39,84,57,37,133,78,132" hai2="49,131,54,96,58,36,28,47,101,127,125,92,76" hai3="15,72,44,83,99,106,108,18,113,124,45,9,17"/><W88/><G113/><T128/><D123/><U27/><E119/><V46/><F131/><W115/><G115/><T6/><D118/><U13/><E78/><V87/><F28/><W129/><G108/><T10/><D128/><U134/><E27/><V12/><F12/><W71/><G71/><T32/><D102/><U64/><E64/><V103/><F103/><W67/><G106/><T68/><D93/><U41/><E13/><V14/><F36/><W26/><G67/><T69/><D53/><U52/><E41/><V90/><F76/><W107/><G72/><T1/><D19/><U126/><E126/><N who="2" m="48139" /><F14/><W98/><G124/><T110/><D110/><U8/><E8/><V33/><F33/><W16/><G107/><AGARI ba="2,0" hai="46,47,49,54,58,87,90,92,96,101,107" m="48139" machi="107" ten="30,1000,0" yaku="18,1" doraHai="59" who="2" fromWho="3" sc="124,0,301,0,144,16,431,-16" /><INIT seed="4,0,0,0,2,109" ten="124,301,160,415" oya="0" hai0="44,26,3,36,83,69,30,32,1,77,25,72,108" hai1="56,105,45,130,53,17,21,104,73,75,82,70,12" hai2="134,71,16,37,112,127,100,129,128,23,46,96,117" hai3="60,111,114,42,50,49,14,113,31,118,87,4,97"/><T62/><D26/><U84/><E70/><V13/><F71/><W58/><G111/><T89/><D89/><U57/><E130/><N who="2" m="50283" /><F117/><W29/><G118/><T6/><D6/><U78/><E75/><V59/><F134/><W10/><G97/><T54/><D108/><U8/><E73/><V66/><F127/><W52/><G87/><T65/><REACH who="0" step="1"/><D54/><REACH who="0" ten="114,301,160,415" step="2"/><U5/><E5/><V2/><F2/><W81/><G4/><T47/><D47/><U115/><E45/><V80/><F46/><W122/><G52/><T120/><D120/><U88/><E53/><V94/><F37/><W131/><G122/><T99/><D99/><U74/><E88/><V85/><F66/><W63/><G131/><T27/><D27/><U38/><E17/><V90/><F59/><W41/><G58/><T55/><D55/><U15/><E56/><V95/><F112/><W19/><G114/><T119/><D119/><U67/><E57/><V110/><F110/><W20/><G113/><T35/><D35/><U11/><E67/><V34/><F34/><W102/><G31/><T48/><D48/><U103/><E115/><V64/><F64/><W92/><G49/><T68/><D68/><U101/><E38/><V24/><F24/><W126/><G50/><T106/><D106/><AGARI ba="0,1" hai="13,16,23,80,85,90,94,95,96,100,106" m="50283" machi="106" ten="30,2000,0" yaku="19,1,54,1" doraHai="109" who="2" fromWho="0" sc="114,-20,301,0,160,30,415,0" /><INIT seed="5,0,0,0,3,116" ten="94,301,190,415" oya="1" hai0="27,78,67,63,112,35,111,69,86,50,133,76,44" hai1="59,125,2,41,52,85,107,83,97,21,128,51,84" hai2="134,115,65,99,13,122,94,45,48,55,28,57,96" hai3="108,42,93,126,130,54,58,110,118,103,88,47,81"/><U113/><E2/><V3/><F3/><W71/><G71/><T123/><D111/><U109/><E109/><V90/><F134/><W73/><G126/><T119/><D119/><U9/><E125/><V131/><F131/><W23/><G130/><T43/><D133/><U20/><E128/><V75/><F75/><W46/><G118/><T104/><D112/><U1/><E113/><V49/><F115/><W79/><G103/><T117/><D117/><U38/><E85/><V7/><F28/><W29/><G47/><T18/><D86/><U129/><E129/><V74/><F74/><W124/><G124/><T120/><D104/><U66/><E66/><V56/><F56/><W8/><G8/><T30/><REACH who="0" step="1"/><D18/><REACH who="0" ten="84,301,190,415" step="2"/><U31/><E84/><V101/><F96/><W36/><G110/><T127/><D127/><U72/><E107/><V92/><F99/><W24/><G108/><T114/><D114/><U14/><E97/><V22/><F92/><W0/><G93/><T68/><D68/><U102/><E72/><V132/><F94/><W11/><G73/><T40/><D40/><U95/><E41/><V135/><F132/><W82/><G42/><T15/><D15/><U34/><E14/><V121/><F13/><W10/><G0/><T80/><D80/><U12/><E83/><V105/><F135/><W61/><G81/><T17/><D17/><U6/><E12/><V106/><F106/><W16/><G16/><T77/><AGARI ba="0,1" hai="27,30,35,43,44,50,63,67,69,76,77,78,120,123" machi="77" ten="30,7900,0" yaku="1,1,0,1,52,2,53,0" doraHai="116" doraHaiUra="87" who="0" fromWho="0" sc="84,89,301,-39,190,-20,415,-20" /><INIT seed="6,0,0,1,1,129" ten="173,262,170,395" oya="2" hai0="33,19,83,121,42,3,14,63,62,116,9,57,94" hai1="96,105,4,81,35,76,8,39,7,127,47,48,30" hai2="130,113,125,17,115,120,92,124,134,100,41,117,70" hai3="43,87,12,22,61,65,79,95,77,60,112,34,133"/><V84/><F70/><W86/><G34/><T6/><D121/><U23/><E35/><V67/><F67/><W11/><G43/><T114/><D114/><N who="2" m="43530" /><F41/><W5/><G112/><T99/><D33/><U24/><E39/><V53/><F53/><W78/><G133/><T91/><D116/><U58/><E127/><N who="2" m="48715" /><F17/><W135/><G135/><T75/><D42/><U74/><E58/><V15/><F15/><W118/><G118/><T66/><D63/><U16/><E30/><V106/><F117/><W73/><G73/><T109/><D109/><U128/><E4/><V71/><F71/><W29/><G65/><T110/><D110/><U102/><E128/><V122/><F130/><W38/><G38/><T69/><D69/><U21/><E21/><V85/><F134/><W46/><G46/><T2/><D6/><U1/><E47/><V50/><F50/><W72/><G72/><T37/><D37/><U93/><E48/><V55/><F55/><W119/><G119/><T40/><D40/><U89/><E24/><V51/><F51/><W126/><G126/><T107/><D107/><U10/><E10/><V108/><F108/><W90/><G29/><T31/><D31/><U104/><E23/><V0/><F0/><W132/><G132/><T49/><D49/><U36/><E36/><V25/><F25/><W111/><G111/><T97/><D2/><U13/><E1/><V98/><F106/><N who="1" m="41065" /><E7/><V45/><F45/><W26/><G26/><T103/><D3/><U18/><E18/><V88/><F100/><W32/><G32/><T27/><D66/><U64/><E64/><RYUUKYOKU ba="0,0" sc="173,-15,262,15,170,15,395,-15" hai1="8,13,16,74,76,81,89,93,96,102" hai2="84,85,88,92,98,120,122" /><INIT seed="6,1,0,3,2,27" ten="158,277,185,380" oya="2" hai0="90,80,64,11,116,125,104,31,71,132,101,69,108" hai1="19,41,131,16,88,20,103,57,39,110,70,33,81" hai2="113,56,94,14,118,126,115,66,85,54,96,10,62" hai3="21,102,123,28,55,106,45,117,52,22,130,2,61"/><V67/><F118/><W43/><G123/><T120/><D120/><U122/><E122/><V58/><F126/><W18/><G130/><T133/><D108/><U30/><E110/><V107/><F107/><W36/><G117/><T89/><D116/><U114/><E70/><N who="0" m="26633" /><D64/><U63/><E131/><V60/><F85/><W92/><G2/><T75/><D11/><U4/><E114/><V40/><F40/><W38/><G38/><T29/><D125/><U65/><E103/><V26/><F26/><W1/><G1/><T93/><D101/><U44/><E4/><V51/><F96/><W9/><G106/><T83/><D104/><U5/><E5/><V78/><F78/><W97/><G9/><T74/><D93/><U84/><E33/><V42/><F94/><W105/><G105/><T134/><D83/><U109/><E109/><V121/><F121/><W23/><G61/><T98/><D98/><U37/><E37/><V53/><F10/><W47/><G47/><T34/><D34/><U46/><E46/><N who="2" m="26071" /><F14/><W8/><G8/><T99/><D99/><U35/><E35/><V3/><F3/><W17/><G17/><T87/><D90/><U111/><E111/><V68/><F68/><W95/><G18/><T119/><D119/><U24/><AGARI ba="1,0" hai="16,19,20,24,30,39,41,44,57,63,65,81,84,88" machi="24" ten="30,7900,0" yaku="0,1,52,1,54,2" doraHai="27" who="1" fromWho="1" sc="158,-21,277,82,185,-40,380,-21" /><INIT seed="7,0,0,5,0,108" ten="137,359,145,359" oya="3" hai0="107,20,63,31,56,47,50,131,45,71,113,128,97" hai1="83,135,90,125,66,101,122,32,87,6,43,78,98" hai2="72,69,99,22,89,91,60,73,88,130,64,119,86" hai3="8,0,18,115,3,16,116,14,19,7,33,120,28"/><W77/><G77/><T127/><D113/><U4/><E122/><V132/><F119/><W100/><G100/><N who="0" m="62863" /><D127/><U84/><E32/><V46/><F132/><W9/><G120/><T35/><D20/><U95/><E135/><V17/><F130/><N who="0" m="49706" /><D71/><U44/><E125/><V111/><F111/><W102/><G102/><T41/><D47/><U74/><E66/><V110/><F110/><W62/><G62/><T104/><D104/><N who="1" m="63543" /><E87/><V134/><F134/><W36/><G36/><AGARI ba="0,0" hai="4,6,36,43,44,74,78,83,84,90,95" m="63543" machi="36" ten="30,1000,0" yaku="24,1" doraHai="108" who="1" fromWho="3" sc="137,0,359,10,145,0,359,-10" owari="137,-36.3,369,46.9,145,-25.5,349,14.9" /></mjloggm>