<mjloggm ver="2.3"><GO type="169" lobby="0"/><UN n0="%E3%80%90%E7%BD%AA%E6%AD%8C%E3%80%91" n1="%E2%98%86%41%64%72%69%61%6E" n2="%45%72%77%69%6E%52%64" n3="%E6%AE%8B%E9%85%B7%E3%81%AA%E5%A4%A9%E4%BD%BF%E3%83%8F%E3%83%9E%E3%83%BC" dan="18,17,16,16" rate="2283.98,2203.50,2126.10,2114.48" sx="M,M,M,M"/><TAIKYOKU oya="0"/><INIT seed="0,0,0,4,3,73" ten="250,250,250,250" oya="0" hai0="109,26,47,30,85,104,54,114,2,56,20,31,75" hai1="57,90,79,120,107,87,40,110,0,119,112,106,46" hai2="70,94,60,103,71,25,53,36,131,92,115,128,33" hai3="84,121,44,6,96,93,64,45,80,48,3,108,14"/><T34/><D114/><U69/><E120/><V42/><F115/><W81/><G108/><T17/><D75/><U86/><E69/><V51/><F36/><W77/><G3/><T102/><D109/><U101/><E112/><V98/><F42/><W7/><G121/><T66/><D2/><U127/><E0/><V12/><F12/><W125/><G125/><T52/><D66/><U63/><E110/><V38/><F38/><W27/><G64/><T24/><D104/><U67/><E119/><V82/><F92/><W18/><G81/><T89/><D102/><U1/><E1/><V29/><F82/><W91/><G27/><T88/><D47/><U5/><E5/><V41/><F41/><W21/><REACH who="3" step="1"/><G45/><REACH who="3" ten="250,250,250,240" step="2"/><T37/><D37/><U97/><E127/><V123/><F123/><W132/><G132/><T4/><D56/><U135/><E135/><V11/><F71/><W16/><G16/><T58/><D4/><U74/><E46/><V124/><F124/><W72/><G72/><T49/><D30/><U95/><E74/><V113/><F113/><W83/><G83/><T129/><D129/><U130/><E130/><V22/><F128/><W23/><G23/><T28/><D28/><U9/><E67/><N who="2" m="41319" /><F22/><W100/><G100/><T65/><D65/><U133/><E101/><V116/><F131/><W76/><G76/><T78/><D78/><U118/><E79/><V55/><F116/><W105/><G105/><T111/><D111/><U122/><E118/><V39/><F11/><W68/><G68/><T61/><D31/><U117/><E133/><V59/><F39/><RYUUKYOKU ba="0,1" sc="250,-15,250,-15,250,15,240,15" hai2="25,29,33,51,53,55,59,94,98,103" hai3="6,7,14,18,21,44,48,77,80,84,91,93,96" /><INIT seed="1,1,1,2,2,57" ten="235,235,265,255" oya="1" hai0="75,49,96,21,68,76,2,8,51,10,73,69,20" hai1="127,43,132,72,94,98,48,65,14,28,85,66,15" hai2="52,64,9,107,119,60,112,31,95,120,79,90,80" hai3="35,36,116,84,67,101,83,3,22,128,131,121,16"/><U108/><E72/><V134/><F119/><W61/><G121/><T56/><D2/><U126/><E28/><V111/><F120/><W4/><G35/><T78/><D96/><U55/><E43/><V41/><F41/><W58/><G36/><T109/><REACH who="0" step="1"/><D56/><REACH who="0" ten="225,235,265,255" step="2"/><N who="1" m="32871" /><E98/><V13/><F112/><W29/><G3/><T5/><D5/><U82/><E127/><V59/><F111/><AGARI ba="1,2" hai="8,10,20,21,49,51,68,69,73,75,76,78,109,111" machi="111" ten="25,3200,0" yaku="1,1,22,2,53,0" doraHai="57" doraHaiUra="93" who="0" fromWho="2" sc="225,55,235,0,265,-35,255,0" /><INIT seed="2,0,0,4,4,131" ten="280,235,230,255" oya="2" hai0="32,19,65,89,100,96,4,81,63,2,39,54,72" hai1="129,111,62,90,126,87,58,41,44,22,14,133,43" hai2="85,31,114,66,93,110,68,7,60,77,49,5,121" hai3="98,45,103,120,59,92,20,71,112,34,23,86,76"/><V84/><F121/><W48/><G120/><T53/><D39/><U55/><E129/><V52/><F114/><W99/><G71/><T109/><D109/><U95/><E111/><V51/><F51/><W74/><G74/><T128/><D128/><U83/><E126/><V124/><F124/><W80/><G34/><T8/><D32/><U9/><E22/><V106/><F106/><W15/><G112/><T17/><D54/><U123/><E123/><V40/><F40/><W42/><G59/><T56/><D89/><U78/><E44/><V135/><F110/><W47/><G47/><T97/><D96/><U11/><E11/><V115/><F31/><W0/><G0/><T13/><D2/><U24/><E24/><V33/><F33/><W127/><G127/><T46/><D81/><U27/><E27/><V16/><F115/><W37/><G37/><T18/><D72/><U30/><E30/><V64/><F64/><W57/><G57/><T130/><D130/><U105/><E105/><V12/><F84/><W116/><G116/><T29/><D29/><U122/><E122/><V104/><F104/><W107/><REACH who="3" step="1"/><G15/><REACH who="3" ten="280,235,230,245" step="2"/><T26/><D46/><U91/><E14/><V10/><F135/><W79/><G79/><T132/><D132/><U73/><E78/><V119/><F119/><W28/><G28/><T118/><D118/><U94/><E73/><V6/><F77/><W117/><G117/><T25/><REACH who="0" step="1"/><D65/><REACH who="0" ten="270,235,230,245" step="2"/><U61/><E133/><V1/><F1/><W82/><G82/><T3/><D3/><U21/><E83/><V102/><F66/><W67/><G67/><RYUUKYOKU ba="0,2" sc="270,15,235,-15,230,-15,245,15" hai0="4,8,13,17,18,19,25,26,53,56,63,97,100" hai3="20,23,42,45,48,76,80,86,92,98,99,103,107" /><INIT seed="3,1,2,1,1,72" ten="285,220,215,260" oya="3" hai0="31,9,49,95,58,99,87,40,32,36,24,105,35" hai1="4,55,91,106,119,125,93,44,62,100,127,129,98" hai2="109,108,126,26,117,27,110,107,60,77,25,50,21" hai3="133,39,18,104,47,54,131,132,121,65,134,64,79"/><W130/><G104/><T8/><D35/><U37/><E129/><N who="3" m="49162" /><G18/><T29/><D29/><U86/><E4/><V73/><F117/><W128/><N who="3" m="49170" /><W59/><DORA hai="103" /><G79/><T96/><D36/><U135/><E119/><V53/><F126/><W74/><G74/><T81/><D99/><U56/><REACH who="1" step="1"/><E135/><REACH who="1" ten="285,210,215,260" step="2"/><V111/><F111/><W22/><G121/><T5/><D5/><U38/><E38/><V7/><F7/><W41/><G22/><T69/><D8/><U34/><E34/><V28/><F21/><W23/><G23/><T10/><D9/><U1/><E1/><V13/><F109/><W75/><G75/><T71/><D10/><U85/><E85/><V42/><F108/><W94/><G94/><T51/><D95/><U66/><E66/><V84/><F110/><W122/><G122/><T3/><D3/><U90/><E90/><V30/><F84/><W57/><G57/><T11/><D11/><U116/><E116/><V20/><F73/><W70/><G70/><T97/><D71/><U17/><E17/><V101/><F20/><W61/><AGARI ba="1,3" hai="39,41,47,54,59,61,64,65,132,133,134" m="49170" machi="61" ten="50,12000,1" yaku="20,1,19,1,34,2" doraHai="72,103" who="3" fromWho="3" sc="285,-41,210,-41,215,-41,260,153" /><INIT seed="3,2,0,5,4,41" ten="244,169,174,413" oya="3" hai0="49,63,61,73,77,1,78,24,15,113,42,40,27" hai1="58,22,9,97,75,132,119,68,35,127,100,124,21" hai2="128,55,121,16,126,92,76,17,39,67,94,120,81" hai3="135,5,43,51,122,20,129,96,79,71,14,56,65"/><W130/><G122/><N who="2" m="47209" /><F39/><W44/><G135/><T38/><D15/><U74/><E68/><V59/><F67/><W62/><G79/><T105/><D105/><U72/><E35/><V85/><F126/><W2/><G2/><T52/><D1/><U36/><E132/><V19/><F128/><N who="3" m="49259" /><G96/><T98/><D98/><U34/><E34/><V88/><F76/><W25/><G14/><T111/><D49/><AGARI ba="2,0" hai="16,17,19,49,55,59,81,85,88,92,94" m="47209" machi="49" ten="30,3900,0" yaku="13,1,54,2" doraHai="41" who="2" fromWho="0" sc="244,-45,169,0,174,45,413,0" /><INIT seed="4,0,0,1,5,57" ten="199,169,219,413" oya="0" hai0="72,61,97,53,93,79,3,66,129,120,80,10,50" hai1="26,38,37,134,130,118,89,75,96,0,110,73,121" hai2="43,54,48,82,27,46,77,28,86,13,70,95,88" hai3="7,83,116,11,35,62,49,2,84,94,128,14,15"/><T74/><D129/><U32/><RYUUKYOKU type="yao9" ba="0,0" sc="199,0,169,0,219,0,413,0" hai1="0,26,32,37,38,73,75,89,96,110,118,121,130,134" /><INIT seed="4,1,0,1,5,8" ten="199,169,219,413" oya="0" hai0="70,89,126,12,91,40,76,59,93,43,63,64,115" hai1="108,24,51,10,30,18,23,109,11,52,106,32,78" hai2="83,56,124,67,132,65,27,111,42,118,33,34,15" hai3="38,2,95,94,127,26,47,19,77,134,35,45,125"/><T135/><D115/><U113/><E106/><V101/><F111/><W1/><G77/><T21/><D135/><U28/><E78/><V25/><F132/><W110/><G110/><T80/><D126/><N who="3" m="48137" /><G134/><T133/><D133/><U112/><E109/><V54/><F42/><N who="3" m="22743" /><G47/><T6/><D70/><U4/><E11/><V41/><F41/><W72/><G72/><T100/><D100/><U55/><E108/><V0/><F101/><W122/><G122/><T103/><D103/><U97/><E97/><V37/><F0/><N who="3" m="107" /><G19/><T117/><D117/><U86/><E86/><V128/><F37/><W58/><G58/><T131/><D131/><U68/><E68/><V50/><F56/><W129/><G129/><T116/><D116/><U39/><E39/><V57/><F57/><W120/><G120/><T20/><D89/><U102/><E102/><V71/><F124/><W92/><G26/><T66/><D66/><U36/><E36/><V81/><F71/><W9/><G9/><N who="0" m="4151" /><D40/><U88/><E112/><V53/><F128/><W7/><G7/><T46/><D46/><U29/><E113/><V99/><F118/><W14/><G35/><T74/><D43/><U90/><E32/><V84/><F99/><W107/><G107/><T31/><D31/><U62/><E55/><V13/><F84/><W22/><G95/><T44/><D44/><N who="1" m="27751" /><E62/><V61/><F61/><W5/><G5/><T121/><D121/><U96/><E96/><V82/><F83/><W73/><G73/><T16/><D16/><U49/><E49/><AGARI ba="1,0" hai="13,15,25,27,33,34,49,50,53,54,65,67,81,82" machi="49" ten="25,6400,0" yaku="22,2,52,2" doraHai="8" who="2" fromWho="1" sc="199,0,169,-67,219,67,413,0" /><INIT seed="5,0,0,4,5,68" ten="199,102,286,413" oya="1" hai0="52,125,45,134,20,87,74,123,104,83,130,105,128" hai1="95,10,49,93,48,40,131,24,31,133,76,75,62" hai2="117,11,86,53,101,63,37,98,111,6,33,69,92" hai3="82,114,77,61,50,51,12,26,3,127,70,67,124"/><U78/><E131/><N who="0" m="50217" /><D74/><U25/><E133/><V100/><F111/><W27/><G3/><T71/><D71/><U132/><E132/><V96/><F117/><W115/><G12/><T36/><D134/><U88/><E75/><V22/><F33/><W7/><G7/><T4/><D4/><U129/><E129/><V89/><F22/><W35/><G51/><N who="1" m="19530" /><E40/><V112/><F112/><N who="3" m="43051" /><G50/><N who="0" m="28751" /><D125/><N who="3" m="48201" /><G35/><T0/><D0/><U54/><E95/><V46/><F6/><W44/><G44/><T28/><D123/><U29/><E10/><V121/><F46/><W84/><AGARI ba="0,0" hai="26,27,61,67,70,77,82,84" m="48201,43051" machi="84" ten="30,2000,0" yaku="15,1,18,1" doraHai="68" who="3" fromWho="3" sc="199,-5,102,-10,286,-5,413,20" /><INIT seed="6,0,0,3,3,51" ten="194,92,281,433" oya="2" hai0="111,31,25,38,37,34,85,92,54,112,24,4,84" hai1="82,64,68,76,96,30,43,117,17,129,132,57,104" hai2="110,90,75,55,0,98,91,69,87,106,52,48,50" hai3="18,7,94,89,105,78,44,119,21,26,80,58,72"/><V2/><F69/><W13/><G119/><T130/><D111/><U16/><E117/><V63/><F75/><W97/><G105/><T93/><D4/><U83/><E43/><V23/><F63/><W122/><G122/><T3/><D3/><U1/><E1/><V9/><F23/><W125/><G125/><T66/><D66/><U15/><E68/><V32/><F32/><W95/><G44/><T36/><D112/><U14/><E129/><V27/><F27/><W134/><G134/><T49/><D25/><U29/><E132/><V39/><F39/><W81/><G81/><N who="1" m="30730" /><E104/><V120/><F120/><W108/><G108/><T5/><D5/><U123/><E96/><V61/><F61/><W45/><G45/><T53/><D130/><U100/><E100/><V114/><F110/><W71/><G71/><T19/><D19/><N who="1" m="7243" /><E76/><V42/><F42/><W47/><G7/><T86/><REACH who="0" step="1"/><D49/><REACH who="0" ten="184,92,281,433" step="2"/><U102/><E123/><V20/><F48/><W99/><G26/><T56/><D56/><U74/><E74/><V62/><F50/><W8/><G58/><T11/><D11/><U109/><E109/><V127/><F62/><W126/><G8/><T41/><D41/><U65/><E102/><V107/><F9/><W28/><G72/><T131/><D131/><U59/><E59/><V113/><F113/><W118/><G118/><T101/><D101/><U121/><E121/><V12/><F114/><W6/><G6/><T128/><D128/><U70/><E57/><V67/><F67/><N who="1" m="25673" /><E70/><V77/><F0/><W40/><G40/><T22/><D22/><U33/><E33/><RYUUKYOKU ba="0,1" sc="184,15,92,15,281,-15,433,-15" hai0="24,31,34,36,37,38,53,54,84,85,86,92,93" hai1="14,15,29,30" /><INIT seed="7,1,1,4,5,24" ten="199,107,266,418" oya="3" hai0="111,92,1,47,63,130,134,119,50,91,12,93,84" hai1="85,125,0,7,120,22,76,121,56,122,45,33,95" hai2="107,51,114,70,97,75,110,67,55,132,69,118,37" hai3="29,25,80,74,3,38,42,19,96,6,99,123,78"/><W31/><G123/><T100/><D119/><U8/><E33/><V86/><F75/><W34/><G31/><T48/><D1/><U65/><E125/><V26/><F37/><W101/><G19/><T108/><D134/><U81/><E45/><V17/><F86/><W113/><G113/><T87/><D63/><U27/><E95/><V88/><F114/><W133/><G133/><T36/><D36/><U62/><REACH who="1" step="1"/><E121/><REACH who="1" ten="199,97,266,418" step="2"/><V104/><F132/><W135/><G135/><T105/><D93/><U73/><E73/><V61/><F118/><W52/><G52/><T103/><D47/><U4/><E4/><V129/><F55/><W43/><G43/><T35/><D35/><U109/><E109/><V44/><F44/><N who="3" m="23639" /><G101/><T16/><D100/><U112/><E112/><V131/><F110/><W41/><G41/><T64/><D111/><U15/><E15/><V98/><F104/><W49/><G49/><T126/><D108/><U94/><E94/><V5/><F107/><W39/><G39/><T40/><D126/><U2/><E2/><V14/><F51/><W23/><G34/><T59/><D50/><U57/><E57/><V18/><F14/><W117/><G117/><T21/><D40/><U106/><E106/><V116/><F116/><W89/><G89/><T68/><D105/><U102/><E102/><V90/><F88/><W79/><G79/><T82/><D103/><U30/><AGARI ba="1,2" hai="0,7,8,22,27,30,56,62,65,76,81,85,120,122" machi="30" ten="20,8000,1" yaku="1,1,0,1,7,1,52,1,53,1" doraHai="24" doraHaiUra="32" who="1" fromWho="1" sc="199,-21,97,103,266,-21,418,-41" owari="178,-32.2,200,-20.0,245,4.5,377,47.7" /></mjloggm>