<mjloggm ver="2.3"><GO type="169" lobby="0"/><UN n0="%E9%AB%98%E6%A9%8B%E8%89%AF%E5%A4%AA" n1="%42%65%6E%63%68%69%6E%67" n2="%E3%81%BD%E3%82%93%E3%81%A7%E3%82%89%E3%81%84%E3%81%8A%E3%82%93" n3="%E3%80%8C%E3%83%92%E3%83%AD%E3%80%8D%34%30" dan="16,16,16,17" rate="2131.76,2223.43,2146.55,2200.41" sx="M,M,M,M"/><TAIKYOKU oya="0"/><INIT seed="0,0,0,1,1,45" ten="250,250,250,250" oya="0" hai0="8,57,22,34,114,35,122,98,47,51,21,10,94" hai1="79,31,90,69,121,81,5,14,25,59,1,40,134" hai2="113,61,36,89,12,76,109,80,129,46,11,74,50" hai3="119,128,53,64,24,16,108,32,60,39,63,92,87"/><T29/><D114/><U48/><E69/><V62/><F113/><W123/><G119/><T78/><D122/><U41/><E1/><V20/><F109/><W56/><G108/><T117/><D117/><U49/><E134/><V95/><F36/><W66/><G123/><T133/><D57/><U88/><E121/><V100/><F100/><W73/><G128/><T27/><D78/><U118/><E118/><V26/><F129/><W18/><G73/><T52/><D133/><U58/><E5/><V107/><F107/><W23/><G39/><T104/><D104/><U33/><E14/><V4/><F20/><W38/><G38/><T127/><D21/><U68/><E68/><V7/><F7/><W15/><G32/><T112/><D127/><U106/><E106/><V17/><F26/><W110/><G110/><T75/><D75/><U54/><E40/><V93/><F4/><W65/><G92/><T132/><D112/><U115/><E115/><V77/><F77/><W116/><G87/><T0/><D132/><U44/><E58/><V72/><F95/><W6/><G6/><T131/><D131/><U37/><E37/><V85/><REACH who="2" step="1"/><F72/><AGARI ba="0,0" hai="25,31,33,41,44,48,49,54,59,72,79,81,88,90" machi="72" ten="30,7700,0" yaku="7,1,52,2,54,1" doraHai="45" who="1" fromWho="2" sc="250,0,250,77,250,-77,250,0" /><INIT seed="1,0,0,5,2,47" ten="250,327,173,250" oya="1" hai0="85,92,91,62,30,18,81,83,126,113,57,70,25" hai1="19,45,0,51,108,122,120,49,28,66,2,14,20" hai2="50,13,7,69,93,109,134,27,77,131,29,79,75" hai3="43,12,117,6,100,41,11,119,17,48,71,105,73"/><U76/><E108/><V44/><F109/><W107/><G73/><T54/><D113/><U46/><E120/><V42/><F131/><W97/><G71/><T125/><D18/><U58/><E122/><V82/><F134/><W5/><G107/><T132/><D70/><U68/><E68/><V133/><F133/><W40/><REACH who="3" step="1"/><G48/><REACH who="3" ten="250,327,173,240" step="2"/><N who="1" m="18506" /><E2/><V36/><F69/><W86/><G86/><T1/><D1/><U21/><E0/><V104/><F104/><W101/><G101/><T67/><D132/><U63/><E76/><V3/><F3/><W94/><G94/><T102/><D102/><U55/><E66/><V96/><F77/><W23/><G23/><N who="0" m="15679" /><D67/><U56/><E56/><V33/><F36/><W61/><G61/><T34/><D34/><U4/><E4/><AGARI ba="0,1" hai="4,5,6,11,12,17,40,41,43,97,100,105,117,119" machi="4" ten="40,1300,0" yaku="1,1,53,0" doraHai="47" doraHaiUra="106" who="3" fromWho="1" sc="250,0,327,-13,173,0,240,23" /><INIT seed="2,0,0,5,2,102" ten="250,314,173,263" oya="2" hai0="33,24,59,57,40,37,86,122,127,81,118,91,63" hai1="92,31,133,101,9,22,45,12,100,34,44,17,13" hai2="79,41,126,103,84,128,134,77,48,121,5,135,35" hai3="83,106,76,42,82,11,89,74,70,18,51,117,104"/><V54/><F35/><W56/><G70/><T94/><D122/><U43/><E133/><N who="2" m="50699" /><F121/><W88/><G117/><T50/><D37/><U98/><E34/><V131/><F41/><W115/><G115/><T105/><D105/><U116/><E116/><V85/><F5/><W119/><G119/><T129/><D129/><N who="2" m="49738" /><F48/><W32/><G32/><T73/><D127/><U46/><E100/><V53/><F103/><W65/><G42/><T15/><D15/><U21/><E21/><V19/><F19/><W23/><G11/><T120/><D120/><U67/><E67/><V69/><F69/><W38/><G38/><T0/><D33/><U90/><E101/><V130/><N who="2" m="49746" /><V125/><DORA hai="62" /><F84/><W66/><G51/><T27/><D86/><U111/><E43/><V58/><F85/><W36/><G36/><T78/><D40/><U99/><E99/><V93/><F93/><W71/><G71/><T60/><D60/><U25/><E12/><V97/><F97/><W39/><G39/><T110/><D110/><U14/><E111/><V80/><F80/><W68/><G68/><T8/><D8/><U7/><E14/><V3/><F3/><W95/><G95/><T124/><BYE who="3" /><D124/><BYE who="0" /><N who="2" m="47722" /><F58/><UN n3="%E3%80%8C%E3%83%92%E3%83%AD%E3%80%8D%34%30" /><W108/><G83/><T114/><D114/><U49/><E49/><V75/><F75/><W55/><G108/><T29/><D29/><AGARI ba="0,0" hai="7,9,13,17,22,25,29,31,44,45,46,90,92,98" machi="29" ten="40,1300,0" yaku="8,1" doraHai="102,62" who="1" fromWho="0" sc="250,-13,314,13,173,0,263,0" /><INIT seed="3,0,0,4,5,97" ten="237,327,173,263" oya="3" hai0="108,104,126,96,129,0,48,131,50,12,79,91,45" hai1="69,101,98,127,102,82,86,117,70,35,2,54,17" hai2="8,55,77,42,93,112,124,31,95,26,36,21,130" hai3="53,15,109,6,134,92,106,19,43,44,5,123,90"/><W37/><G123/><T87/><D87/><U64/><E2/><V1/><F112/><W73/><G134/><T16/><D16/><U66/><E35/><V133/><F133/><W56/><G73/><T76/><D76/><U88/><E127/><V65/><F124/><W47/><G106/><T83/><D83/><U13/><E117/><V52/><F130/><W3/><G47/><T29/><D29/><U62/><E98/><V59/><F77/><W9/><G109/><T61/><D61/><U7/><E7/><V4/><F65/><N who="1" m="25193" /><E69/><V105/><F105/><W78/><G78/><T67/><D67/><U99/><E99/><V71/><F71/><W118/><G118/><T122/><D122/><U111/><E70/><V89/><F89/><W125/><G3/><T121/><D121/><U57/><E111/><V68/><F68/><W110/><G110/><T113/><D113/><U23/><AGARI ba="0,0" hai="13,17,23,54,57,62,82,86,88,101,102" m="25193" machi="23" ten="30,7900,0" yaku="8,1,52,2,54,1" doraHai="97" who="1" fromWho="1" sc="237,-20,327,79,173,-20,263,-39" /><INIT seed="4,0,0,0,2,55" ten="217,406,153,224" oya="0" hai0="62,20,119,131,80,52,13,113,111,5,83,4,125" hai1="28,43,135,33,11,115,121,63,128,42,40,14,50" hai2="98,74,10,87,73,31,79,61,68,118,95,26,18" hai3="0,106,82,120,100,133,16,72,88,77,7,48,97"/><T35/><D35/><U91/><E121/><V8/><F118/><W45/><G120/><T78/><D78/><U51/><E135/><V25/><F87/><W49/><G133/><T19/><D19/><U89/><E128/><V39/><F39/><W105/><G105/><T17/><D17/><U112/><E63/><V60/><F79/><W104/><G104/><T70/><D70/><U129/><E129/><V27/><F31/><W29/><G29/><T65/><D65/><U56/><E28/><V15/><F68/><W103/><G16/><T32/><D32/><U46/><E33/><V127/><F127/><W110/><G110/><T22/><D22/><U21/><E21/><V38/><F38/><W23/><G23/><T75/><D75/><U24/><E24/><V92/><F92/><W58/><G103/><T41/><D41/><U126/><E126/><V123/><F8/><W96/><G0/><T64/><D64/><U86/><E89/><V93/><F93/><W107/><G7/><T36/><D36/><U108/><E108/><V102/><REACH who="2" step="1"/><F123/><REACH who="2" ten="217,406,143,224" step="2"/><W53/><G107/><T3/><D3/><U109/><E11/><V94/><F94/><W54/><G97/><T99/><D99/><U90/><E86/><V116/><F116/><W117/><G117/><T34/><D34/><U67/><E109/><V59/><F59/><W2/><G96/><T114/><D114/><U81/><E112/><V1/><F1/><W12/><G2/><T69/><D69/><U6/><E56/><V9/><F9/><W57/><G57/><T30/><D30/><U37/><E115/><RYUUKYOKU ba="0,1" sc="217,-10,406,-10,143,30,224,-10" hai2="10,15,18,25,26,27,60,61,73,74,95,98,102" /><INIT seed="5,1,1,3,3,132" ten="207,396,173,214" oya="1" hai0="40,3,34,130,32,4,15,105,65,68,107,2,75" hai1="70,67,31,129,123,98,92,38,79,134,47,59,82" hai2="51,12,29,46,111,64,9,94,49,135,28,76,18" hai3="119,103,126,69,17,53,8,21,36,90,115,116,58"/><U87/><E134/><V72/><F135/><W14/><G115/><T128/><D128/><U27/><E123/><V71/><F111/><W39/><G69/><T113/><D113/><U10/><E129/><V124/><F124/><W61/><G126/><T0/><D0/><U1/><E70/><V62/><F51/><W30/><G103/><T86/><D86/><U60/><E38/><V55/><REACH who="2" step="1"/><F94/><REACH who="2" ten="207,396,163,214" step="2"/><W93/><G39/><T24/><D24/><U42/><E92/><V33/><F33/><W66/><G36/><T81/><D81/><AGARI ba="1,2" hai="9,12,18,28,29,46,49,55,62,64,71,72,76,81" machi="81" ten="40,1300,0" yaku="1,1,53,0" doraHai="132" doraHaiUra="91" who="2" fromWho="0" sc="207,-16,396,0,163,36,214,0" /><INIT seed="6,0,0,4,0,111" ten="191,396,199,214" oya="2" hai0="12,118,94,23,71,96,124,128,83,80,16,47,62" hai1="127,79,134,4,7,27,42,92,98,25,33,112,5" hai2="32,39,66,37,19,86,91,72,81,115,55,126,69" hai3="101,76,64,103,44,40,26,2,48,130,89,61,75"/><V109/><F109/><W46/><G130/><T41/><D41/><U102/><E112/><V58/><F32/><W31/><G2/><T133/><D133/><U45/><E127/><V54/><F126/><W22/><G89/><T90/><D90/><U24/><E134/><V53/><F69/><W15/><G15/><T49/><D49/><N who="1" m="26807" /><E33/><V21/><F72/><W97/><G46/><T65/><D65/><U52/><E52/><V73/><F73/><W60/><G60/><T68/><D68/><U123/><E123/><V70/><F70/><W131/><G131/><T117/><D117/><U63/><E63/><V8/><F115/><W74/><G76/><AGARI ba="0,0" hai="4,5,7,24,25,27,76,79,92,98,102" m="26807" machi="76" ten="30,1000,0" yaku="8,1" doraHai="111" who="1" fromWho="3" sc="191,0,396,10,199,0,214,-10" /><INIT seed="7,0,0,2,5,92" ten="191,406,199,204" oya="3" hai0="83,0,24,85,113,128,101,79,56,48,63,54,6" hai1="88,29,112,77,5,124,98,72,104,76,27,36,108" hai2="49,33,17,82,119,30,106,123,16,107,12,37,84" hai3="103,117,122,4,126,93,120,96,66,3,87,75,45"/><W40/><G117/><T89/><D89/><U81/><E108/><V71/><F37/><W129/><G75/><T130/><D130/><U32/><E124/><V78/><F119/><W35/><G129/><T25/><D25/><U97/><E112/><V61/><F123/><W90/><G126/><T51/><D51/><U20/><E36/><V23/><F49/><W53/><G35/><T19/><D19/><U118/><E118/><V105/><F17/><W14/><G3/><T57/><D57/><U134/><E134/><V74/><F74/><W116/><G116/><T64/><D64/><U52/><E104/><V13/><F13/><W59/><G66/><T67/><D67/><U95/><E5/><V42/><F42/><W94/><G4/><T50/><D50/><U8/><E8/><V65/><REACH who="2" step="1"/><F105/><REACH who="2" ten="191,406,189,204" step="2"/><W133/><G14/><T127/><D127/><U60/><E72/><V44/><F44/><W99/><G40/><T58/><D58/><U125/><E125/><V102/><F102/><W39/><G45/><T21/><D21/><U131/><E20/><V73/><F73/><W69/><G39/><T109/><D109/><U135/><E131/><V115/><F115/><W86/><G69/><T111/><D111/><U2/><E2/><V91/><F91/><W43/><G43/><T11/><D11/><U34/><E88/><V15/><F15/><W26/><G122/><T9/><D9/><U7/><E7/><V55/><F55/><W47/><G47/><T10/><D10/><U114/><E114/><V31/><F31/><W121/><G121/><T132/><D132/><RYUUKYOKU ba="0,1" sc="191,-10,406,-10,189,30,204,-10" hai2="12,16,23,30,33,61,65,71,78,82,84,106,107" owari="181,-31.9,406,50.6,219,1.9,194,-20.6" /></mjloggm>