<mjloggm ver="2.3"><GO type="169" lobby="0"/><UN n0="%E6%9E%95%E9%AD%9A" n1="%6D%73%64%31%31%32%30" n2="%43%E3%82%A8%E3%83%BC%E3%82%B8%E3%82%A7%E3%83%B3%E3%83%88" n3="%E6%B2%B3%E7%AB%A5%E3%81%AE%E3%83%AF%E3%82%AB%E3%83%9E%E3%83%84" dan="16,17,17,19" rate="2103.95,2216.76,2204.58,2329.66" sx="F,M,M,M"/><TAIKYOKU oya="0"/><INIT seed="0,0,0,3,2,67" ten="250,250,250,250" oya="0" hai0="123,103,43,25,15,6,114,17,102,46,60,37,94" hai1="44,63,19,88,104,9,109,73,116,84,53,48,11" hai2="71,49,5,33,68,81,75,119,107,35,34,50,117" hai3="133,4,31,16,1,14,8,80,129,7,58,18,96"/><T86/><D114/><U3/><E104/><V38/><F107/><W85/><G129/><T23/><D123/><U62/><E109/><V122/><F5/><W74/><G133/><T26/><D60/><U70/><E73/><V64/><F64/><W127/><G127/><T110/><D110/><U79/><E79/><N who="2" m="44287" /><F122/><W2/><G74/><T99/><D102/><U83/><E70/><N who="2" m="26667" /><F38/><W100/><G31/><T66/><D66/><U97/><E116/><AGARI ba="0,0" hai="33,34,35,49,50,116,117,119" m="26667,44287" machi="116" ten="40,8000,1" yaku="12,1,52,3" doraHai="67" who="2" fromWho="1" sc="250,0,250,-80,250,80,250,0" /><INIT seed="1,0,0,5,0,97" ten="250,170,330,250" oya="1" hai0="100,16,28,93,78,0,53,102,98,129,79,17,1" hai1="49,101,37,76,19,48,68,58,122,109,47,38,135" hai2="107,81,46,5,96,69,112,118,32,130,123,84,83" hai3="41,105,94,15,54,63,90,67,42,117,110,132,7"/><U36/><E122/><V12/><F69/><W22/><G105/><T116/><D116/><U111/><E135/><V3/><F32/><W30/><G117/><T85/><D1/><U125/><E76/><N who="0" m="29225" /><D0/><U74/><E74/><V56/><F56/><W61/><G132/><T59/><D129/><U40/><E19/><N who="0" m="7241" /><D28/><U73/><E101/><N who="0" m="39017" /><D98/><U71/><E73/><V45/><F96/><W108/><G110/><N who="1" m="41994" /><E125/><V115/><F3/><W51/><G30/><T87/><D93/><U11/><E11/><V124/><F107/><W50/><G94/><T133/><D133/><U131/><E131/><V6/><F130/><W31/><G31/><T72/><D72/><U103/><E103/><V35/><F118/><W65/><G108/><T104/><D104/><U99/><E99/><V52/><F124/><W21/><G90/><T34/><D34/><U33/><E33/><V39/><F35/><W89/><G89/><T80/><D80/><U25/><E25/><V114/><F81/><W134/><G134/><T60/><AGARI ba="0,0" hai="53,59,60,85,87" m="39017,7241,29225" machi="60" ten="30,8000,1" yaku="8,1,52,3,54,1" doraHai="97" who="0" fromWho="0" sc="250,80,170,-40,330,-20,250,-20" /><INIT seed="2,0,0,4,2,27" ten="330,130,310,230" oya="2" hai0="74,98,118,129,37,19,85,68,67,51,113,79,135" hai1="2,124,122,20,69,25,58,45,128,12,3,133,5" hai2="110,71,134,60,14,54,64,40,123,131,57,15,77" hai3="36,106,1,16,7,99,127,56,83,62,94,43,66"/><V117/><F117/><W72/><G127/><T65/><D51/><U126/><E69/><V90/><F123/><W23/><G106/><T47/><D19/><U6/><E122/><V24/><F134/><W104/><G104/><T76/><D85/><U52/><E133/><V111/><F131/><W61/><G1/><T93/><D47/><U11/><E45/><V132/><F40/><W34/><G34/><T46/><D46/><U78/><E78/><V73/><F132/><W38/><G7/><T41/><D93/><U28/><E128/><V121/><F121/><W0/><G0/><N who="1" m="42" /><E52/><V88/><F24/><W4/><G4/><T33/><D98/><U116/><E58/><V103/><F103/><W13/><G43/><T96/><D96/><U63/><E63/><V26/><F26/><W120/><G120/><T48/><D48/><U32/><E5/><V81/><F14/><W59/><G83/><T39/><D41/><U75/><E75/><V53/><F15/><W42/><G72/><T50/><D74/><U18/><E116/><V89/><REACH who="2" step="1"/><F53/><REACH who="2" ten="330,130,300,230" step="2"/><W92/><G42/><T107/><D135/><U100/><E100/><V115/><F115/><W55/><REACH who="3" step="1"/><G92/><REACH who="3" ten="330,130,300,220" step="2"/><T101/><D107/><U130/><E130/><V119/><F119/><W114/><G114/><T21/><D113/><U9/><E6/><V82/><F82/><W35/><G35/><T8/><D33/><U84/><E84/><V91/><N who="2" m="22528" /><DORA hai="87" /><V125/><F125/><AGARI ba="0,2" hai="9,11,12,18,20,25,28,32,124,125,126" m="42" machi="125" ten="30,7700,0" yaku="18,1,34,2,52,1" doraHai="27,87" who="1" fromWho="2" sc="330,0,130,97,300,-77,220,0" /><INIT seed="3,0,0,3,1,40" ten="330,227,223,220" oya="3" hai0="130,53,64,125,9,33,45,2,72,1,73,14,62" hai1="6,99,15,129,71,131,38,44,104,119,101,92,110" hai2="80,48,76,111,41,96,75,43,25,36,63,65,68" hai3="57,32,79,102,85,86,112,28,74,117,109,51,84"/><W60/><G117/><T106/><D33/><U90/><E110/><V5/><F111/><W108/><G112/><T88/><D106/><U46/><E71/><V17/><F5/><W95/><G74/><T114/><D72/><U0/><E0/><V8/><F96/><W115/><G115/><T83/><D114/><U30/><E30/><V42/><F36/><W18/><G79/><T47/><D73/><U3/><E3/><V69/><F69/><W113/><G113/><T12/><D130/><N who="1" m="49675" /><E38/><V121/><F121/><W93/><G93/><T27/><D27/><U82/><E82/><V21/><REACH who="2" step="1"/><F8/><REACH who="2" ten="330,227,213,220" step="2"/><W132/><G108/><T26/><D9/><N who="1" m="4535" /><E119/><V105/><F105/><W31/><G109/><T124/><D124/><U116/><E116/><V59/><F59/><W133/><G57/><T52/><D125/><U23/><E23/><V118/><F118/><W134/><G133/><T20/><D20/><U4/><E4/><V54/><F54/><W126/><G126/><T120/><D53/><U87/><AGARI ba="0,1" hai="44,46,87,90,92,99,101,104" m="4535,49675" machi="87" ten="30,4000,0" yaku="19,1,52,2" doraHai="40" who="1" fromWho="1" sc="330,-10,227,50,213,-10,220,-20" /><INIT seed="4,0,0,5,5,61" ten="320,277,203,200" oya="0" hai0="3,92,86,66,12,43,134,108,44,78,126,83,57" hai1="81,95,120,18,37,117,67,91,103,97,2,6,111" hai2="54,102,125,47,62,33,76,96,109,130,84,17,104" hai3="122,19,9,23,112,45,119,39,114,1,110,115,22"/><T60/><D3/><U26/><E117/><V75/><F109/><W50/><G119/><T40/><D108/><U32/><E37/><V46/><F125/><W113/><N who="3" m="28672" /><DORA hai="28" /><W11/><G110/><T34/><D126/><U106/><E120/><V128/><F75/><W116/><G116/><T41/><D134/><U77/><E2/><V132/><F132/><W14/><G39/><T123/><D123/><U25/><E6/><V30/><F17/><W15/><G122/><T4/><D34/><U133/><E67/><V101/><F101/><W48/><G1/><T64/><D92/><U56/><E56/><V93/><F62/><W29/><G50/><N who="0" m="26887" /><D64/><U129/><E129/><N who="2" m="49771" /><F54/><N who="3" m="29967" /><G29/><T24/><D24/><U38/><E38/><V118/><F118/><W131/><G131/><T51/><D51/><U31/><E133/><V79/><F104/><W65/><G65/><T124/><D124/><U21/><E111/><V63/><F63/><W107/><G107/><T42/><D43/><U85/><REACH who="1" step="1"/><E106/><REACH who="1" ten="320,267,203,200" step="2"/><V88/><F46/><W55/><G55/><T70/><D70/><U94/><E94/><N who="2" m="54535" /><F47/><W53/><G53/><T16/><D4/><AGARI ba="0,1" hai="4,9,11,14,15,19,22,23" m="29967,28672" machi="4" ten="60,2000,0" yaku="15,1" doraHai="61,28" who="3" fromWho="0" sc="320,-20,267,0,203,0,200,30" /><INIT seed="5,0,0,4,0,12" ten="300,267,203,230" oya="1" hai0="84,133,131,22,42,76,38,34,32,75,30,128,85" hai1="14,15,106,41,110,111,121,5,47,16,2,4,109" hai2="23,44,33,82,101,116,80,58,6,124,105,27,17" hai3="132,39,83,31,21,72,28,107,49,86,26,134,123"/><U119/><E106/><V87/><F116/><W46/><G123/><T71/><D71/><U36/><E119/><V135/><F135/><N who="3" m="51755" /><G107/><T43/><D133/><U48/><E121/><V8/><F124/><W93/><G39/><T108/><D108/><U54/><E14/><V19/><F33/><W120/><G93/><T50/><D50/><U52/><E2/><V102/><F80/><W125/><G72/><T88/><D75/><U25/><E25/><V79/><F105/><W115/><G115/><T7/><D7/><N who="1" m="2635" /><E36/><V67/><F44/><W37/><G37/><T55/><D34/><U10/><AGARI ba="0,0" hai="10,15,16,41,47,48,52,54,109,110,111" m="2635" machi="10" ten="40,12000,1" yaku="10,1,52,1,54,2" doraHai="12" who="1" fromWho="1" sc="300,-40,267,120,203,-40,230,-40" /><INIT seed="5,1,0,0,4,27" ten="260,387,163,190" oya="1" hai0="15,46,41,124,40,86,135,65,121,10,104,130,28" hai1="105,29,26,97,23,18,5,76,123,129,114,98,7" hai2="50,133,111,69,30,24,61,16,110,47,70,58,100" hai3="132,68,56,62,108,103,36,54,48,93,131,85,34"/><U42/><E123/><V14/><F100/><W75/><G108/><T32/><D104/><U20/><E129/><V81/><F81/><W55/><G75/><T116/><D116/><U74/><E114/><V44/><F133/><W39/><G34/><T8/><D130/><U0/><E0/><V67/><F47/><W102/><G131/><T115/><D41/><U22/><E74/><V89/><F89/><W51/><G132/><T122/><D65/><U13/><E76/><V19/><F110/><W128/><G128/><T3/><D135/><U83/><E83/><V72/><F72/><W80/><G68/><T84/><D8/><U64/><E64/><V17/><F14/><W1/><G1/><T6/><D15/><U57/><E57/><V33/><REACH who="2" step="1"/><F111/><REACH who="2" ten="260,387,153,190" step="2"/><W96/><G102/><T92/><D46/><U90/><E90/><V107/><F107/><W59/><G62/><T112/><D3/><U66/><E105/><V79/><F79/><AGARI ba="1,1" hai="36,39,48,51,54,55,56,59,79,80,85,93,96,103" machi="79" ten="30,2000,0" yaku="7,1,9,1" doraHai="27" who="3" fromWho="2" sc="260,0,387,0,153,-23,190,33" /><INIT seed="6,0,0,4,4,64" ten="260,387,130,223" oya="2" hai0="23,110,45,128,53,126,115,54,82,118,104,67,18" hai1="91,33,124,39,56,52,88,81,71,22,62,43,13" hai2="123,26,48,101,47,12,6,134,21,86,61,10,59" hai3="27,17,74,14,111,51,78,99,37,34,40,79,132"/><V58/><F134/><W9/><G111/><T16/><D104/><U8/><E33/><V4/><F123/><W84/><G132/><T85/><D67/><U44/><E124/><V63/><F101/><W95/><G37/><T46/><D115/><U65/><E22/><V3/><F86/><W117/><G117/><T5/><D128/><U72/><E81/><V32/><F32/><W96/><G74/><T108/><D5/><U103/><E103/><V69/><F69/><W107/><G107/><T38/><D118/><U25/><E25/><V42/><F4/><W113/><G113/><T125/><D23/><U133/><E72/><V20/><F3/><W90/><G27/><T127/><D38/><U114/><E114/><V2/><F2/><W76/><REACH who="3" step="1"/><G34/><REACH who="3" ten="260,387,130,213" step="2"/><T30/><D125/><U131/><E133/><V70/><F70/><W97/><G97/><T68/><D126/><U92/><E131/><V94/><F94/><W60/><G60/><N who="2" m="23113" /><F21/><W122/><G122/><T75/><D127/><U130/><E92/><V15/><F15/><W77/><N who="3" m="19456" /><DORA hai="93" /><W116/><G116/><T35/><D75/><U57/><E130/><V11/><F11/><W105/><G105/><T98/><D108/><U31/><E62/><V28/><AGARI ba="0,1" hai="6,10,12,20,26,28,42,47,48,58,59" m="23113" machi="28" ten="30,1500,0" yaku="8,1" doraHai="64,93" who="2" fromWho="2" sc="260,-5,387,-5,130,25,213,-5" /><INIT seed="6,1,0,1,3,119" ten="255,382,155,208" oya="2" hai0="44,51,4,99,20,47,118,72,60,87,43,77,86" hai1="88,67,112,69,97,116,94,64,53,13,46,15,95" hai2="9,37,108,68,42,117,132,36,17,12,31,39,114" hai3="59,135,28,122,70,19,1,96,58,33,85,110,21"/><V5/><F117/><W127/><G110/><T8/><D118/><U18/><E112/><V79/><F114/><W89/><G70/><T14/><D72/><U27/><E69/><V130/><F68/><W62/><G1/><T63/><D99/><U102/><E27/><V105/><F105/><W16/><G122/><T24/><D47/><U104/><E104/><V52/><F132/><W106/><G135/><T7/><D4/><U11/><E116/><V120/><F120/><W111/><G111/><T133/><D133/><U41/><E53/><V35/><F108/><W131/><G33/><T113/><D113/><U76/><E76/><V40/><F130/><W109/><G109/><T91/><D86/><U78/><E78/><V6/><F79/><W50/><G127/><T103/><D103/><U22/><E46/><V54/><F31/><W107/><G131/><T124/><D124/><U71/><E41/><N who="2" m="15979" /><F35/><W125/><G125/><T2/><D2/><U0/><E0/><V75/><F75/><W121/><G121/><T49/><D49/><U25/><E13/><V100/><F100/><W56/><G106/><T3/><D3/><U45/><E71/><V10/><F10/><W61/><G50/><T98/><D98/><N who="1" m="57671" /><E45/><V57/><F57/><W65/><G58/><T128/><D128/><U115/><E115/><V93/><F93/><N who="3" m="54447" /><G107/><T81/><D91/><U23/><E23/><V92/><F92/><W74/><G74/><T38/><D38/><N who="2" m="9730" /><V34/><DORA hai="66" /><F34/><W55/><G96/><T90/><D90/><U82/><E82/><V129/><F129/><W80/><G80/><RYUUKYOKU ba="1,0" sc="255,0,382,0,155,0,208,0" hai0="7,8,14,20,24,43,44,51,60,63,77,81,87" hai1="11,15,18,22,25,64,67,95,97,102" hai2="5,6,9,12,17,52,54" hai3="16,19,21,28,55,56,59,61,62,65" /><INIT seed="6,2,0,5,0,84" ten="255,382,155,208" oya="2" hai0="120,59,96,124,70,6,113,114,49,56,64,82,94" hai1="57,15,95,115,54,58,119,7,33,5,75,74,19" hai2="111,32,12,128,3,79,76,35,91,77,9,42,99" hai3="93,52,22,87,34,129,133,2,31,20,83,78,109"/><V53/><F128/><W116/><G109/><T55/><D120/><U69/><E69/><V0/><F111/><W39/><G116/><T61/><D124/><U86/><E33/><V118/><F118/><W8/><G39/><T90/><D6/><U30/><E30/><V41/><F32/><W122/><G122/><T130/><D130/><U110/><E110/><V107/><F35/><W38/><G129/><T40/><D40/><U66/><E115/><N who="0" m="44041" /><D82/><U37/><E37/><V88/><F0/><W46/><G133/><T89/><D89/><N who="2" m="34378" /><F107/><W17/><G93/><T108/><D108/><U112/><E75/><V36/><F3/><W100/><G100/><T85/><D85/><U60/><E74/><V105/><F105/><W24/><G52/><T121/><D121/><U71/><E71/><AGARI ba="2,0" hai="49,55,56,59,61,64,70,71,90,94,96" m="44041" machi="71" ten="30,2000,0" yaku="15,1,52,1" doraHai="84" who="0" fromWho="1" sc="255,26,382,-26,155,0,208,0" /><INIT seed="7,0,0,0,2,63" ten="281,356,155,208" oya="3" hai0="132,55,122,43,97,73,91,35,100,82,114,103,75" hai1="92,115,2,66,37,128,31,3,130,12,20,41,72" hai2="28,105,78,53,134,58,71,4,123,76,129,120,21" hai3="18,110,89,50,94,22,68,65,124,47,36,126,45"/><W51/><G110/><T121/><D55/><U56/><E72/><V57/><F105/><W113/><G113/><T11/><D11/><U116/><E115/><V24/><F71/><W46/><G36/><T83/><D43/><U127/><E127/><N who="3" m="48682" /><G68/><T81/><D35/><U131/><E116/><V88/><F134/><W29/><G29/><T107/><D114/><U112/><E112/><V135/><F135/><W98/><G65/><T133/><D91/><U54/><E66/><V106/><F106/><W70/><G70/><T42/><D42/><U85/><E85/><V108/><F108/><W64/><G64/><T117/><D83/><U44/><E92/><V101/><F101/><W19/><G19/><T49/><D49/><N who="1" m="30799" /><E12/><AGARI ba="0,0" hai="12,18,22,45,46,47,50,51,89,94,98" m="48682" machi="12" ten="30,1500,0" yaku="18,1" doraHai="63" who="3" fromWho="1" sc="281,0,356,-15,155,0,208,15" /><INIT seed="7,1,0,4,4,56" ten="281,341,155,223" oya="3" hai0="94,86,14,0,38,52,123,75,109,133,98,134,23" hai1="6,126,129,122,7,88,34,18,111,17,71,24,125" hai2="83,11,51,69,68,53,60,132,105,57,124,27,63" hai3="103,48,79,46,10,106,74,62,8,41,119,97,87"/><W25/><G119/><T85/><D109/><U118/><E71/><V104/><F124/><N who="1" m="47721" /><E111/><V84/><F132/><N who="0" m="50794" /><D0/><U35/><E122/><V77/><F27/><W67/><G74/><T92/><D38/><U20/><E118/><V45/><F11/><W76/><G25/><T58/><D92/><U65/><E65/><V39/><F69/><W72/><G72/><T30/><D75/><U110/><E110/><V50/><F39/><W73/><G73/><T15/><D30/><N who="1" m="17671" /><E88/><V131/><F131/><W59/><REACH who="3" step="1"/><G76/><REACH who="3" ten="281,341,155,213" step="2"/><T61/><D123/><U113/><E113/><V101/><F101/><W116/><G116/><T127/><D127/><U128/><E128/><V121/><F121/><W115/><G115/><T108/><D108/><U64/><E129/><V82/><F82/><AGARI ba="1,1" hai="8,10,41,46,48,59,62,67,79,82,87,97,103,106" machi="82" ten="40,3900,0" yaku="1,1,52,1,53,0" doraHai="56" doraHaiUra="130" who="3" fromWho="2" sc="281,0,341,0,155,-42,213,52" /><INIT seed="7,2,0,2,4,86" ten="281,341,113,265" oya="3" hai0="87,26,123,4,11,116,24,17,82,105,109,129,100" hai1="88,25,45,95,41,122,74,101,46,14,49,28,135" hai2="96,108,76,0,18,125,79,22,34,20,66,67,40" hai3="120,9,133,32,37,50,71,30,57,77,43,73,54"/><W117/><G117/><T110/><D123/><U130/><E74/><V78/><F34/><W15/><G120/><T56/><D116/><U61/><E135/><V102/><F0/><W92/><G133/><T93/><D105/><U31/><E130/><V132/><F132/><W83/><G71/><T84/><D109/><U13/><E101/><V60/><F108/><W70/><G70/><T134/><D110/><U38/><E61/><V99/><F40/><W90/><G32/><T118/><D17/><U107/><E107/><V59/><F125/><W23/><G37/><T29/><D118/><U106/><E106/><V8/><F67/><W48/><G30/><T2/><D134/><U94/><E95/><V113/><F113/><W39/><G39/><T7/><D7/><U33/><E31/><V97/><F102/><W55/><G23/><T12/><D129/><U5/><E5/><V64/><F64/><W104/><G43/><T65/><D84/><U10/><E10/><V121/><F121/><W98/><G104/><T69/><D69/><U42/><E122/><V47/><F47/><W36/><G36/><T85/><D85/><AGARI ba="2,0" hai="13,14,25,28,33,38,41,42,45,46,49,85,88,94" machi="85" ten="30,3900,0" yaku="7,1,52,1,54,1" doraHai="86" who="1" fromWho="0" sc="281,-45,341,45,113,0,265,0" owari="236,-16.4,386,48.6,113,-38.7,265,6.5" /></mjloggm>