<mjloggm ver="2.3"><GO type="169" lobby="0"/><UN n0="%44%61%72%6B%72%69%64%65" n1="%E3%81%8B%E3%81%A5%E3%81%8D%EF%BC%B8%EF%BC%A9" n2="%53%E6%9C%A8" n3="%4F%77%4B" dan="16,18,17,17" rate="2197.21,2186.96,2170.66,2178.62" sx="M,M,M,M"/><TAIKYOKU oya="0"/><INIT seed="0,0,0,1,5,51" ten="250,250,250,250" oya="0" hai0="97,62,46,36,30,125,130,128,52,65,107,127,15" hai1="47,85,76,10,86,63,1,59,77,6,8,121,2" hai2="70,43,19,104,129,101,94,134,102,34,95,117,80" hai3="133,39,106,112,91,14,67,24,131,71,37,50,113"/><T84/><D30/><U103/><E121/><V16/><F70/><W42/><G24/><T99/><D84/><U27/><E27/><V45/><F34/><W23/><G23/><T13/><D36/><U40/><E103/><V55/><F104/><W110/><G14/><N who="0" m="5131" /><D65/><U73/><E10/><V87/><F134/><W124/><G106/><T66/><D66/><U11/><E11/><V74/><F74/><W29/><G29/><T33/><D33/><U78/><E2/><V53/><F129/><N who="0" m="49770" /><D46/><U98/><E98/><N who="0" m="37385" /><D107/><U35/><E35/><V115/><F102/><W54/><G67/><T81/><D81/><U28/><E28/><V4/><F101/><W31/><G37/><T3/><D3/><U109/><E73/><V105/><F105/><W120/><G39/><T5/><D5/><U116/><E86/><V92/><F4/><W17/><G31/><T7/><D7/><U48/><E85/><V88/><F115/><W57/><G113/><T9/><D9/><U119/><E78/><V0/><F0/><W68/><G112/><T122/><D122/><U90/><E76/><V22/><F117/><N who="1" m="45129" /><E77/><V79/><F79/><W61/><G120/><T96/><N who="0" m="37393" /><T44/><DORA hai="20" /><D44/><U56/><E1/><V83/><F80/><W58/><G131/><T118/><D118/><U26/><E6/><V25/><F19/><W49/><G17/><T82/><D82/><U60/><E8/><V38/><AGARI ba="0,0" hai="16,22,25,38,43,45,53,55,83,87,88,92,94,95" machi="38" ten="30,12000,2" yaku="0,1,52,3,54,2" doraHai="51,20" who="2" fromWho="2" sc="250,-60,250,-30,250,120,250,-30" /><INIT seed="1,0,0,5,0,81" ten="190,220,370,220" oya="1" hai0="80,133,15,98,132,106,7,130,122,115,3,84,105" hai1="70,36,77,24,71,34,17,49,59,8,5,61,32" hai2="110,111,67,75,74,25,41,40,28,51,88,83,116" hai3="39,30,112,0,126,103,92,29,87,118,93,58,44"/><U12/><E36/><V65/><F116/><W62/><G112/><T20/><D115/><U109/><E49/><V45/><F41/><W64/><G0/><T1/><D122/><U135/><E135/><N who="0" m="51785" /><D130/><U2/><E77/><V22/><F75/><W119/><G126/><T78/><D98/><U13/><E109/><N who="2" m="41483" /><F74/><W120/><G120/><T68/><D68/><U10/><E13/><V27/><F25/><W21/><G103/><T11/><D20/><U35/><REACH who="1" step="1"/><E24/><REACH who="1" ten="190,210,370,220" step="2"/><V69/><F69/><W101/><G39/><T16/><D1/><U38/><E38/><V90/><F51/><W33/><G119/><T73/><D73/><U57/><E57/><V48/><F48/><W9/><G58/><T60/><D60/><U95/><E95/><V56/><F56/><W129/><G93/><T18/><D3/><U50/><E50/><V55/><F45/><W43/><G44/><T4/><D4/><U54/><AGARI ba="0,1" hai="2,5,8,10,12,17,32,34,35,54,59,61,70,71" machi="54" ten="30,6000,0" yaku="1,1,0,1,53,1" doraHai="81" doraHaiUra="52" who="1" fromWho="1" sc="190,-20,210,70,370,-20,220,-20" /><INIT seed="1,1,0,2,2,49" ten="170,280,350,200" oya="1" hai0="32,21,52,22,124,93,12,130,57,106,92,84,122" hai1="15,115,66,109,16,82,54,50,91,20,83,126,0" hai2="26,96,65,133,86,110,37,69,104,135,9,46,3" hai3="29,114,42,131,31,88,95,11,28,102,7,71,67"/><U33/><E0/><V18/><F110/><W87/><G131/><T74/><D74/><U118/><E115/><V45/><F69/><W76/><G114/><T132/><D106/><U51/><E118/><V97/><F65/><W73/><G102/><T116/><D32/><U4/><E4/><V101/><F97/><W36/><G71/><T1/><D1/><U90/><E33/><V107/><F104/><W53/><G67/><T125/><D116/><U59/><E126/><N who="0" m="48745" /><D130/><U112/><E112/><V14/><F37/><W55/><G42/><T99/><D132/><U27/><E109/><V23/><F86/><N who="3" m="52631" /><G73/><T30/><D122/><U128/><E66/><V80/><F80/><N who="1" m="30761" /><E128/><V127/><F3/><W79/><G36/><T13/><D84/><U120/><E120/><V5/><REACH who="2" step="1"/><F127/><REACH who="2" ten="170,280,340,200" step="2"/><W94/><G87/><T121/><D121/><U78/><E78/><N who="3" m="29738" /><G94/><N who="0" m="36459" /><D99/><U89/><E27/><V117/><F117/><W19/><G7/><T81/><D81/><U103/><E103/><V35/><F35/><W123/><G123/><T68/><D68/><U40/><E91/><V108/><F108/><W2/><G2/><T10/><D30/><U61/><E90/><V44/><AGARI ba="1,1" hai="5,9,14,18,23,26,44,45,46,96,101,107,133,135" machi="44" ten="30,4000,0" yaku="1,1,0,1,53,1" doraHai="49" doraHaiUra="6" who="2" fromWho="2" sc="170,-11,280,-21,340,53,200,-11" /><INIT seed="2,0,0,5,4,0" ten="159,259,393,189" oya="2" hai0="83,107,130,98,44,69,45,134,66,16,127,75,99" hai1="72,39,86,65,31,121,125,23,32,5,36,51,67" hai2="128,131,115,79,3,113,133,34,123,93,132,37,7" hai3="135,76,77,11,96,56,50,42,20,111,48,85,97"/><V81/><F37/><W87/><G111/><T116/><D69/><U84/><E72/><V71/><F71/><W8/><G20/><T118/><D66/><U117/><E32/><V89/><F34/><W122/><G135/><N who="2" m="51785" /><F7/><W102/><G56/><T70/><D70/><U108/><E117/><V9/><F9/><W94/><G122/><T112/><D134/><U110/><E121/><V28/><F28/><W88/><G94/><T35/><D35/><U4/><E31/><V91/><F3/><W129/><G102/><T104/><D75/><U124/><E23/><V114/><F123/><W22/><G22/><T43/><D83/><U60/><E51/><V100/><F100/><W106/><G42/><T18/><D43/><U54/><E54/><V62/><F62/><AGARI ba="0,0" hai="4,5,36,39,60,62,65,67,84,86,108,110,124,125" machi="62" ten="25,6400,0" yaku="22,2,52,2" doraHai="0" who="1" fromWho="2" sc="159,0,259,64,393,-64,189,0" /><INIT seed="3,0,0,1,0,35" ten="159,323,329,189" oya="3" hai0="108,9,115,5,96,95,4,70,74,79,11,54,56" hai1="86,59,104,44,126,16,31,72,17,55,73,48,71" hai2="102,18,121,37,85,97,51,107,50,19,131,134,28" hai3="84,49,30,36,3,38,53,101,42,69,63,100,33"/><W68/><G33/><T2/><D70/><U15/><E71/><V34/><F134/><W7/><G30/><T132/><D132/><U116/><E104/><V93/><F131/><W135/><G135/><T60/><D115/><U99/><E99/><V87/><F37/><W106/><G84/><T29/><D29/><U89/><E126/><V118/><F118/><W80/><G80/><T94/><D108/><U21/><E31/><V65/><F65/><W129/><G129/><T113/><D113/><U120/><E116/><V127/><F127/><W27/><G27/><T78/><D74/><U58/><E120/><V112/><F85/><W92/><G92/><T110/><D110/><U32/><E32/><V47/><F50/><W10/><G69/><T41/><D41/><U111/><E111/><V24/><F121/><W64/><G106/><T83/><D83/><U81/><E73/><V77/><F112/><W98/><G98/><T91/><REACH who="0" step="1"/><D94/><REACH who="0" ten="149,323,329,189" step="2"/><U105/><E72/><V88/><REACH who="2" step="1"/><F77/><REACH who="2" ten="149,323,319,189" step="2"/><W114/><G114/><T57/><D57/><U90/><E59/><V119/><F119/><W61/><G38/><T40/><D40/><AGARI ba="0,2" hai="18,19,24,28,34,40,47,51,87,88,93,97,102,107" machi="40" ten="30,3900,0" yaku="1,1,7,1,54,1,53,0" doraHai="35" doraHaiUra="124" who="2" fromWho="0" sc="149,-39,323,0,319,59,189,0" /><INIT seed="4,0,0,2,4,33" ten="110,323,378,189" oya="0" hai0="16,12,43,133,117,100,26,106,120,98,57,51,27" hai1="58,132,103,122,131,17,119,22,66,114,102,2,10" hai2="46,105,91,81,4,63,24,71,85,121,37,108,61" hai3="112,77,13,130,99,93,78,89,59,68,96,29,64"/><T125/><D120/><U9/><E122/><V126/><F121/><W79/><G112/><T5/><D117/><U74/><E74/><V75/><F108/><W115/><G115/><T60/><D5/><U70/><E119/><V42/><F105/><W92/><G130/><T52/><D133/><U49/><E131/><V14/><F71/><W39/><G39/><T30/><D125/><U18/><E132/><V107/><F107/><W55/><G68/><T54/><D43/><U36/><E36/><V109/><F109/><W95/><G29/><T48/><D30/><U35/><E35/><V118/><F126/><W88/><G13/><T110/><D110/><U53/><E17/><V31/><F118/><W32/><G64/><T21/><REACH who="0" step="1"/><D60/><REACH who="0" ten="100,323,378,189" step="2"/><N who="1" m="38167" /><E114/><V25/><F63/><N who="3" m="36351" /><G32/><T38/><D38/><U76/><E76/><V94/><F61/><W41/><G41/><T15/><D15/><N who="1" m="9567" /><E70/><V72/><F4/><W50/><G50/><T129/><D129/><U28/><E2/><V69/><F69/><W67/><G67/><T104/><D104/><U23/><E28/><V62/><F62/><W134/><G134/><T124/><D124/><U135/><E135/><V123/><F123/><W90/><AGARI ba="0,1" hai="77,78,79,88,89,90,92,93,95,96,99" m="36351" machi="90" ten="40,8000,1" yaku="29,2,8,1,54,1" doraHai="33" who="3" fromWho="3" sc="100,-40,323,-20,378,-20,189,90" /><INIT seed="5,0,0,0,5,8" ten="60,303,358,279" oya="1" hai0="125,72,91,96,11,47,5,34,35,58,126,43,115" hai1="67,20,51,22,122,108,114,103,45,134,30,95,26" hai2="89,106,86,85,50,131,25,24,73,110,41,55,31" hai3="14,87,70,57,93,60,88,37,92,65,9,6,78"/><U121/><E114/><V111/><F131/><W81/><G37/><T100/><D115/><U0/><E0/><V128/><F128/><W59/><REACH who="3" step="1"/><G93/><REACH who="3" ten="60,303,358,269" step="2"/><T7/><D91/><U127/><E121/><V84/><F89/><W48/><G48/><T15/><D72/><AGARI ba="0,1" hai="6,9,14,57,59,60,65,70,72,78,81,87,88,92" machi="72" ten="30,7700,0" yaku="1,1,7,1,52,1,54,1,53,0" doraHai="8" doraHaiUra="116" who="3" fromWho="0" sc="60,-77,303,0,358,0,269,87" owari="-17,-51.7,303,-9.7,358,45.8,356,15.6" /></mjloggm>