<mjloggm ver="2.3"><GO type="169" lobby="0"/><UN n0="%E6%9F%8A%E5%92%B2%E5%A4%9C" n1="%61%79%61%70%69%6E" n2="%E5%AE%88%E6%9D%91%E6%A1%9C%E5%BC%A5" n3="%6B%75%73%6F%E6%AD%A3%E5%AE%97" dan="16,16,16,16" rate="2153.51,2160.51,2085.04,2079.18" sx="M,M,M,M"/><TAIKYOKU oya="0"/><INIT seed="0,0,0,1,3,99" ten="250,250,250,250" oya="0" hai0="73,121,9,34,110,4,44,106,103,115,42,82,13" hai1="26,18,64,33,49,80,27,108,129,90,45,69,109" hai2="11,12,36,133,118,96,105,85,97,19,56,32,51" hai3="35,125,47,122,48,65,102,1,59,98,130,71,113"/><T78/><D115/><U60/><E129/><V43/><F133/><W89/><G113/><T6/><D121/><U132/><E132/><V67/><F32/><W101/><G71/><T17/><D34/><U2/><E2/><V135/><F135/><W134/><G130/><T119/><D119/><U7/><E7/><V53/><F118/><W40/><G1/><T114/><D114/><U15/><E33/><V76/><F105/><W23/><G122/><T131/><D131/><U86/><E109/><V41/><F36/><W120/><G120/><T81/><D110/><U83/><E83/><N who="2" m="47335" /><F67/><W84/><G125/><T21/><D82/><U124/><E108/><V8/><F8/><W46/><G134/><T24/><D106/><U116/><E124/><V126/><F126/><W5/><G5/><T30/><REACH who="0" step="1"/><D103/><REACH who="0" ten="240,250,250,250" step="2"/><U127/><E116/><V93/><F93/><W3/><G102/><T58/><D58/><U92/><E127/><V95/><F96/><W50/><G35/><T74/><D74/><U52/><REACH who="1" step="1"/><E92/><REACH who="1" ten="240,240,250,250" step="2"/><V88/><AGARI ba="0,2" hai="11,12,19,41,43,51,53,56,88,95,97" m="47335" machi="88" ten="30,2000,0" yaku="8,1,54,1" doraHai="99" who="2" fromWho="2" sc="240,-10,240,-5,250,40,250,-5" /><INIT seed="1,0,0,0,3,75" ten="230,235,290,245" oya="1" hai0="105,100,133,54,0,107,103,122,74,60,34,42,109" hai1="71,24,99,50,11,12,111,110,70,106,119,38,84" hai2="127,5,116,21,120,20,130,17,88,18,41,37,117" hai3="95,108,92,135,80,91,85,69,131,44,46,82,81"/><U49/><E38/><V16/><F120/><W45/><G108/><N who="1" m="41514" /><E119/><V79/><F130/><W56/><G69/><N who="1" m="26122" /><E24/><V66/><F127/><W90/><G131/><T52/><D0/><U115/><E115/><V6/><F66/><W10/><G135/><T25/><D42/><U76/><E99/><V132/><F132/><W40/><G56/><T14/><D25/><U30/><E30/><V23/><F88/><W87/><REACH who="3" step="1"/><G10/><REACH who="3" ten="230,235,290,235" step="2"/><T104/><D133/><U64/><E64/><V35/><F117/><W31/><G31/><T94/><D109/><U134/><E134/><V59/><F59/><W3/><G3/><T29/><D29/><U101/><E106/><V13/><F116/><W7/><G7/><T114/><D107/><U78/><E101/><V123/><F5/><W77/><G77/><N who="1" m="29802" /><E84/><V125/><F79/><W102/><G102/><T58/><D104/><U32/><E32/><V28/><F28/><W112/><G112/><T73/><D105/><U19/><AGARI ba="0,1" hai="11,12,19,49,50" m="29802,26122,41514" machi="19" ten="40,12000,1" yaku="14,1,10,1,52,3" doraHai="75" who="1" fromWho="1" sc="230,-40,235,130,290,-40,235,-40" /><INIT seed="1,1,0,4,3,62" ten="190,365,250,195" oya="1" hai0="31,21,118,20,18,95,113,66,46,35,7,106,24" hai1="40,120,47,86,61,111,110,6,49,124,53,38,126" hai2="60,101,119,103,65,116,64,32,98,42,1,28,92" hai3="90,96,25,87,73,5,58,19,130,8,4,88,41"/><U107/><E107/><V133/><F1/><W70/><G70/><T114/><D106/><U135/><E6/><V39/><F133/><W59/><G73/><T14/><D118/><U12/><E86/><V72/><F72/><W56/><G130/><T77/><D77/><U29/><E12/><V33/><F42/><W122/><G122/><T54/><D21/><U84/><E84/><V127/><F39/><W117/><G117/><T11/><D95/><U134/><E61/><V115/><F127/><N who="1" m="48681" /><E29/><V75/><F75/><W79/><G41/><T51/><REACH who="0" step="1"/><D66/><REACH who="0" ten="180,365,250,195" step="2"/><U16/><E120/><V43/><F116/><W37/><G79/><T44/><D44/><N who="1" m="23575" /><E16/><V67/><F119/><W76/><G76/><T125/><D125/><U74/><E74/><V108/><F28/><W30/><G19/><T34/><D34/><U132/><AGARI ba="1,1" hai="47,49,53,110,111,132,134,135" m="23575,48681" machi="132" ten="40,12000,1" yaku="20,1,18,1,34,2" doraHai="62" who="1" fromWho="1" sc="180,-41,365,133,250,-41,195,-41" /><INIT seed="1,2,0,0,2,117" ten="139,498,209,154" oya="1" hai0="126,99,6,83,113,67,31,24,134,2,70,28,88" hai1="60,128,73,29,129,104,20,133,79,50,23,10,71" hai2="135,39,116,34,108,118,125,110,1,52,53,30,0" hai3="4,100,64,21,32,119,75,3,94,76,65,68,45"/><U9/><E104/><V7/><F39/><W95/><G32/><T63/><D113/><U61/><E50/><V42/><F42/><W37/><G119/><N who="2" m="45609" /><F7/><W58/><G68/><T33/><D134/><U87/><E73/><V26/><F135/><W80/><G21/><T101/><D126/><U74/><E74/><V51/><F53/><W40/><G100/><T41/><D31/><U55/><E29/><V56/><F125/><W19/><G19/><T49/><D2/><U122/><E55/><V112/><F112/><W36/><G36/><T81/><D6/><U59/><E59/><V11/><F11/><W14/><G14/><T115/><D88/><U89/><E89/><V18/><F18/><W127/><G127/><T43/><D115/><U103/><E103/><V82/><F82/><W92/><REACH who="3" step="1"/><G58/><REACH who="3" ten="139,498,209,144" step="2"/><T120/><D120/><U77/><E133/><V85/><F34/><W25/><G25/><T72/><D72/><U47/><E71/><V44/><F26/><W54/><G54/><T96/><D43/><U16/><E16/><V48/><F30/><W123/><G123/><T84/><D101/><U106/><E122/><V5/><F5/><W27/><G27/><T13/><D13/><U102/><E102/><V78/><F0/><W12/><G12/><T66/><D70/><U38/><E38/><V132/><F1/><W57/><G57/><T98/><D41/><U8/><E8/><AGARI ba="2,1" hai="3,4,8,37,40,45,64,65,75,76,80,92,94,95" machi="8" ten="40,5200,0" yaku="1,1,25,2,53,0" doraHai="117" doraHaiUra="124" who="3" fromWho="1" sc="139,0,498,-58,209,0,144,68" /><INIT seed="2,0,0,0,2,3" ten="139,440,209,212" oya="2" hai0="2,126,130,22,26,91,51,86,80,121,45,7,73" hai1="105,27,66,104,40,95,135,37,92,94,46,58,42" hai2="13,38,18,21,64,114,57,34,128,122,78,60,49" hai3="68,70,115,113,112,63,134,32,110,74,69,16,107"/><V55/><F122/><W8/><G110/><T12/><D121/><U106/><E66/><V47/><F128/><W102/><G74/><T77/><D130/><U120/><E58/><V9/><F34/><W125/><G32/><T17/><D126/><U76/><E120/><V1/><F78/><W59/><G125/><T85/><D2/><U41/><E76/><V89/><F89/><W30/><G30/><T65/><D65/><U123/><E123/><V39/><REACH who="2" step="1"/><F114/><REACH who="2" ten="139,440,199,212" step="2"/><W24/><G112/><T61/><D73/><U132/><E27/><V4/><AGARI ba="0,1" hai="1,4,9,13,18,21,38,39,47,49,55,57,60,64" machi="4" ten="30,11700,0" yaku="1,1,2,1,0,1,52,1,53,0" doraHai="3" doraHaiUra="75" who="2" fromWho="2" sc="139,-39,440,-39,199,127,212,-39" /><INIT seed="2,1,0,3,1,38" ten="100,401,326,173" oya="2" hai0="111,77,59,110,40,42,68,41,98,19,75,134,4" hai1="79,55,3,103,10,131,57,73,97,76,21,124,5" hai2="118,36,107,109,112,123,15,48,91,116,12,127,45" hai3="27,9,135,64,46,43,47,102,96,84,18,108,94"/><V74/><F91/><W93/><G108/><N who="0" m="41515" /><D134/><U16/><E131/><V32/><F48/><W62/><G135/><T106/><D68/><U20/><E124/><V104/><F45/><W70/><G46/><T0/><D19/><U26/><E21/><V78/><F78/><W28/><G18/><T2/><D59/><U11/><E11/><V82/><F82/><W129/><G9/><N who="0" m="2183" /><D2/><U29/><E29/><V88/><F88/><W63/><G63/><T22/><D22/><U7/><E7/><V121/><F109/><W50/><G129/><T81/><D98/><U37/><E37/><V128/><F128/><W100/><G84/><T31/><D106/><U56/><E73/><V13/><F36/><W125/><G125/><T114/><D31/><U25/><E25/><V51/><F127/><W60/><G60/><T89/><D89/><U1/><E1/><V17/><F17/><W67/><G67/><T83/><D83/><U6/><E6/><V33/><F13/><W71/><G71/><T52/><D52/><U35/><E57/><V95/><F95/><W14/><G14/><T54/><D54/><U117/><E117/><V44/><F12/><W86/><G86/><T80/><D80/><U72/><E72/><V24/><F15/><W99/><G28/><T120/><D120/><U101/><E35/><V61/><F74/><W92/><REACH who="3" step="1"/><G27/><REACH who="3" ten="100,401,326,163" step="2"/><T115/><AGARI ba="1,1" hai="40,41,42,75,77,81,114,115" m="2183,41515" machi="115" ten="40,8000,1" yaku="14,1,52,3" doraHai="38" who="0" fromWho="0" sc="100,93,401,-21,326,-41,163,-21" /><INIT seed="3,0,0,4,2,4" ten="193,380,285,142" oya="3" hai0="21,49,61,125,57,101,89,32,127,94,134,14,18" hai1="0,109,38,117,62,80,86,81,51,22,78,74,27" hai2="45,119,120,75,66,72,128,130,46,88,1,37,121" hai3="104,70,53,132,50,100,133,23,93,29,113,7,67"/><W28/><G104/><T73/><D134/><N who="3" m="51817" /><G113/><T58/><D73/><N who="2" m="28234" /><F119/><W105/><G105/><T115/><D115/><U106/><E109/><V124/><F124/><N who="0" m="47690" /><D101/><U91/><E38/><V98/><F66/><W12/><G67/><T34/><D49/><U116/><E106/><V129/><F1/><W110/><G110/><T60/><D58/><U20/><E0/><V97/><F37/><W43/><G70/><T64/><D61/><U25/><E62/><V16/><F16/><N who="3" m="10631" /><G43/><T95/><D95/><U3/><E3/><V114/><F114/><W39/><G39/><T107/><D107/><U68/><E68/><V103/><F103/><W30/><G7/><T92/><D92/><U131/><E51/><V87/><F98/><AGARI ba="0,0" hai="14,18,21,32,34,57,60,64,89,94,98" m="47690" machi="98" ten="30,1000,0" yaku="18,1" doraHai="4" who="0" fromWho="2" sc="193,10,380,0,285,-10,142,0" /><INIT seed="4,0,0,4,1,99" ten="203,380,275,142" oya="0" hai0="68,19,124,128,121,104,30,89,22,12,16,17,72" hai1="79,58,24,49,122,0,106,8,20,33,64,34,134" hai2="50,4,119,103,107,92,123,83,116,133,21,110,3" hai3="5,57,53,2,130,85,93,6,56,65,15,14,40"/><T7/><D68/><U54/><E122/><V63/><F110/><W90/><G130/><T1/><D72/><U88/><E134/><V127/><F123/><W42/><G2/><T69/><D69/><U60/><E79/><V45/><F107/><W43/><G65/><T86/><D121/><U112/><E112/><V31/><F63/><W61/><REACH who="3" step="1"/><G56/><REACH who="3" ten="203,380,275,132" step="2"/><T118/><D1/><U9/><E0/><V71/><F3/><W108/><G108/><T37/><D128/><U41/><E41/><V11/><F71/><W109/><G109/><T131/><D131/><U78/><E34/><V102/><F119/><W44/><G44/><T36/><D118/><U13/><E33/><V132/><F45/><W39/><G39/><T32/><D32/><U67/><E64/><V87/><F116/><W81/><G81/><T105/><D37/><U82/><E82/><V66/><F83/><W73/><G73/><T91/><D36/><U23/><E58/><V129/><F66/><W111/><G111/><T18/><D124/><U125/><E67/><V114/><F127/><W26/><G26/><T59/><D59/><U74/><E24/><V126/><F126/><W46/><G46/><T135/><D12/><AGARI ba="0,1" hai="5,6,12,14,15,40,42,43,53,57,61,85,90,93" machi="12" ten="40,2600,0" yaku="1,1,8,1,53,0" doraHai="99" doraHaiUra="62" who="3" fromWho="0" sc="203,-26,380,0,275,0,132,36" /><INIT seed="5,0,0,5,1,3" ten="177,380,275,168" oya="1" hai0="77,82,10,89,62,21,123,99,104,59,76,108,12" hai1="37,35,111,68,128,106,6,107,101,14,53,41,49" hai2="109,32,83,2,80,23,134,63,85,90,69,61,64" hai3="67,39,47,113,103,135,87,120,4,27,86,40,118"/><U96/><E68/><V75/><F109/><W117/><G120/><T122/><D108/><U26/><E111/><V1/><F32/><W114/><G135/><T25/><D122/><U130/><E107/><V66/><F134/><W129/><G129/><N who="1" m="49770" /><E41/><V112/><F112/><N who="3" m="43115" /><G103/><T121/><D121/><U127/><E37/><V119/><F119/><N who="3" m="45579" /><G67/><N who="0" m="39391" /><D104/><U15/><E6/><V20/><F20/><W126/><G126/><T17/><D123/><U18/><E127/><V13/><F23/><W11/><G27/><T36/><D36/><U81/><E81/><V43/><F43/><W78/><G78/><T22/><D21/><N who="1" m="13623" /><E35/><V60/><F13/><AGARI ba="0,0" hai="4,11,13,39,40,47,86,87" m="45579,43115" machi="13" ten="30,3900,0" yaku="15,1,12,1,52,1" doraHai="3" who="3" fromWho="2" sc="177,0,380,0,275,-39,168,39" /><INIT seed="6,0,0,5,3,39" ten="177,380,236,207" oya="2" hai0="62,1,75,42,44,4,5,128,101,124,53,92,32" hai1="80,21,22,3,135,63,45,113,68,37,66,99,10" hai2="17,9,7,61,81,26,120,117,33,72,0,13,93" hai3="74,50,67,18,105,58,15,89,126,87,129,95,78"/><V91/><F120/><W76/><G105/><T98/><D128/><U38/><E113/><V70/><F117/><W79/><G129/><T41/><D124/><U133/><E99/><V123/><F123/><W35/><G35/><T8/><D75/><U134/><E80/><V49/><F49/><W103/><G126/><T36/><D32/><U48/><E10/><V73/><F81/><W60/><G103/><T77/><D77/><U100/><E3/><V57/><F70/><W30/><G30/><T132/><D132/><U84/><E84/><V71/><F71/><W131/><G131/><T65/><D5/><U51/><E48/><V106/><F106/><W82/><REACH who="3" step="1"/><G50/><REACH who="3" ten="177,380,236,197" step="2"/><T104/><D104/><U6/><E100/><V14/><F33/><W31/><G31/><T2/><D2/><U108/><E108/><V46/><F0/><W125/><G125/><T34/><D34/><U127/><E127/><V85/><F26/><W110/><G110/><T112/><D112/><U111/><E111/><V55/><F14/><W107/><G107/><T12/><D1/><U43/><E6/><V24/><F7/><W90/><G90/><T19/><D36/><AGARI ba="0,1" hai="21,22,36,37,38,43,45,51,63,66,68,133,134,135" machi="36" ten="50,3200,0" yaku="20,1,52,1" doraHai="39" who="1" fromWho="0" sc="177,-32,380,42,236,0,197,0" /><INIT seed="7,0,0,5,4,35" ten="145,422,236,197" oya="3" hai0="134,52,43,111,33,27,64,74,19,99,1,22,23" hai1="128,18,12,83,70,55,37,44,2,17,38,79,11" hai2="20,41,14,66,29,94,48,15,36,91,50,8,116" hai3="135,25,81,104,109,130,16,121,47,129,68,40,102"/><W26/><G121/><T122/><D111/><U117/><E117/><V86/><F36/><W21/><G109/><T31/><D134/><U88/><E70/><V57/><F41/><W103/><G68/><T45/><D122/><U6/><E128/><N who="3" m="49258" /><G135/><T115/><D115/><U69/><E69/><V60/><F116/><W107/><G81/><T49/><D74/><U56/><E44/><V71/><F71/><W125/><G125/><T92/><D64/><U77/><E77/><V87/><F87/><W84/><G84/><T113/><D113/><U132/><E132/><V82/><F82/><W28/><G102/><T72/><D72/><U54/><E54/><V59/><F59/><W112/><G103/><T124/><D124/><U30/><E88/><V127/><F127/><W85/><G85/><T4/><D19/><U7/><E18/><N who="2" m="10335" /><F29/><W5/><G5/><AGARI ba="0,0" hai="5,8,14,48,50,57,60,66,86,91,94" m="10335" machi="5" ten="30,1000,0" yaku="8,1" doraHai="35" who="2" fromWho="3" sc="145,0,422,0,236,10,197,-10" owari="145,-35.5,422,52.2,246,4.6,187,-21.3" /></mjloggm>