<mjloggm ver="2.3"><GO type="169" lobby="0"/><UN n0="%E3%81%A6%E3%82%8A%E3%81%86%E3%82%80" n1="%E3%81%82%E3%81%84%E3%81%A0%E3%81%A6" n2="%E3%82%AB%E3%82%B6%E3%83%A9%E3%82%AD" n3="%E3%81%86%E3%81%A1%E3%83%BC" dan="16,17,17,16" rate="2089.28,2164.30,2128.53,2167.74" sx="M,M,M,M"/><TAIKYOKU oya="0"/><INIT seed="0,0,0,4,3,77" ten="250,250,250,250" oya="0" hai0="43,21,101,93,112,82,40,102,124,84,42,113,72" hai1="100,65,2,52,53,99,59,115,14,13,27,29,121" hai2="126,35,28,5,89,130,10,88,108,119,83,131,103" hai3="91,74,51,80,20,61,128,15,62,118,18,26,92"/><T7/><D124/><U86/><E2/><V122/><F122/><W105/><G105/><T90/><D7/><U38/><E38/><V132/><F126/><W45/><G128/><N who="2" m="49193" /><F108/><W39/><G39/><T120/><D120/><U57/><E115/><V63/><F103/><W110/><G110/><T47/><D47/><U133/><E133/><V106/><F106/><W73/><G73/><T55/><D55/><U64/><E121/><V87/><F63/><W85/><G118/><T94/><D21/><U104/><E86/><V34/><F28/><W6/><G92/><T16/><D16/><U67/><E27/><V3/><F132/><W36/><G74/><T114/><REACH who="0" step="1"/><D94/><REACH who="0" ten="240,250,250,250" step="2"/><U76/><E29/><V44/><F44/><W134/><G134/><T41/><N who="0" m="10240" /><DORA hai="135" /><T8/><D8/><U54/><REACH who="1" step="1"/><E76/><AGARI ba="0,1" hai="72,76,82,84,90,93,101,102,112,113,114" m="10240" machi="76" ten="60,12000,1" yaku="1,1,52,1,53,3" doraHai="77,135" doraHaiUra="109,31" who="0" fromWho="1" sc="240,130,250,-120,250,0,250,0" /><INIT seed="0,1,0,0,2,79" ten="370,130,250,250" oya="0" hai0="45,115,31,38,131,94,104,54,10,128,108,122,103" hai1="77,52,44,71,118,9,43,123,106,93,135,76,127" hai2="96,87,21,12,98,78,6,83,11,32,30,23,22" hai3="8,53,63,100,7,27,86,105,59,26,99,134,101"/><T20/><D115/><U125/><E106/><V117/><REACH who="2" step="1"/><F117/><REACH who="2" ten="370,130,240,250" step="2"/><W3/><G134/><T65/><D104/><U55/><E135/><V14/><F14/><W92/><REACH who="3" step="1"/><G86/><REACH who="3" ten="370,130,240,240" step="2"/><T39/><D128/><U70/><E118/><V111/><F111/><W41/><G41/><T120/><D131/><U88/><E43/><V17/><F17/><W116/><G116/><T18/><D108/><U102/><E123/><V61/><F61/><W64/><G64/><T80/><D65/><U107/><E107/><V91/><F91/><W110/><G110/><T24/><D120/><U62/><E88/><V49/><F49/><W124/><G124/><T84/><D122/><U33/><E125/><V73/><F73/><W114/><G114/><T60/><D39/><U5/><E127/><V67/><F67/><W126/><G126/><T97/><D38/><U130/><E62/><V35/><F35/><W1/><G1/><T0/><D0/><U75/><E33/><V36/><F36/><W51/><G51/><N who="0" m="29039" /><D60/><U68/><E75/><V81/><F81/><W95/><G95/><T90/><D10/><U112/><E112/><V56/><F56/><W133/><G133/><T37/><D37/><U13/><E130/><V72/><F72/><W74/><G74/><T121/><D121/><U16/><E70/><V15/><F15/><W129/><G129/><T113/><D113/><U34/><E68/><V85/><F85/><W58/><G58/><T40/><D40/><U57/><E71/><V89/><F89/><W42/><G42/><T25/><D18/><U19/><E19/><V46/><F46/><RYUUKYOKU ba="1,2" sc="370,10,130,-30,240,10,240,10" hai0="20,24,25,31,80,84,90,94,97,103" hai2="6,11,12,21,22,23,30,32,78,83,87,96,98" hai3="3,7,8,26,27,53,59,63,92,99,100,101,105" /><INIT seed="0,2,2,5,0,5" ten="380,100,250,250" oya="0" hai0="68,16,130,114,112,122,1,123,120,59,81,118,119" hai1="55,115,12,60,29,9,76,26,133,43,36,41,84" hai2="87,17,96,64,56,48,89,44,69,42,7,52,6" hai3="107,111,92,37,116,8,128,101,21,58,62,15,4"/><T113/><D81/><U33/><E133/><V98/><F69/><W50/><G37/><T11/><D68/><U135/><E135/><V46/><F64/><W23/><G116/><N who="0" m="44587" /><D59/><U45/><E115/><V57/><F57/><W78/><G128/><T91/><D91/><U127/><E127/><V24/><F46/><W51/><G111/><T22/><D130/><U19/><E60/><V105/><F105/><W88/><G78/><T97/><D97/><U129/><E129/><V18/><F6/><W10/><G10/><T72/><D72/><U61/><E61/><V71/><F7/><W117/><G117/><T25/><D11/><U74/><E74/><V63/><F71/><W100/><G107/><T14/><D25/><U108/><E108/><V35/><F98/><N who="3" m="57607" /><G51/><T65/><D65/><U27/><E27/><V125/><F96/><W94/><G50/><T102/><D102/><N who="3" m="39529" /><G94/><T103/><D103/><U54/><REACH who="1" step="1"/><E41/><REACH who="1" ten="380,90,250,250" step="2"/><V20/><F125/><W75/><G75/><T49/><D49/><U90/><E90/><V38/><F63/><W30/><G30/><T66/><D66/><AGARI ba="2,3" hai="4,8,15,21,23,58,62,66" m="39529,57607" machi="66" ten="30,3900,0" yaku="8,1,52,1,54,1" doraHai="5" who="3" fromWho="0" sc="380,-45,90,0,250,0,250,75" /><INIT seed="1,0,0,1,5,108" ten="335,90,250,325" oya="1" hai0="122,91,94,15,96,110,57,36,25,9,18,102,48" hai1="49,2,124,61,35,72,123,24,85,41,131,135,98" hai2="73,34,10,107,77,11,101,106,95,134,130,114,127" hai3="80,105,67,115,64,62,40,3,19,56,121,46,109"/><U68/><E2/><V7/><F34/><W104/><G3/><T97/><D110/><U99/><E72/><V21/><F21/><W113/><G109/><T75/><D36/><U100/><E123/><V17/><F17/><W13/><G121/><T93/><D75/><U66/><E124/><V112/><F127/><W14/><G80/><T22/><D122/><U55/><E135/><V8/><F7/><W78/><G78/><T117/><D117/><U30/><E131/><V54/><F134/><W71/><G71/><T81/><D81/><U16/><E41/><V63/><F130/><W0/><G0/><T38/><D38/><U119/><E85/><V42/><F42/><W88/><G88/><T126/><D126/><U129/><E129/><V23/><F23/><W53/><G14/><T6/><D57/><U47/><E119/><V84/><F73/><W89/><G89/><T26/><D48/><U1/><E1/><AGARI ba="0,0" hai="1,6,9,15,18,22,25,26,91,93,94,96,97,102" machi="1" ten="30,1000,0" yaku="7,1" doraHai="108" who="0" fromWho="1" sc="335,10,90,-10,250,0,325,0" /><INIT seed="2,0,0,0,3,46" ten="345,80,250,325" oya="2" hai0="80,79,87,44,56,101,28,53,76,96,126,98,105" hai1="134,58,19,94,128,25,107,63,121,1,106,71,135" hai2="39,81,116,31,54,26,51,74,91,7,29,100,125" hai3="102,68,6,13,85,57,93,131,70,109,72,41,84"/><V45/><F116/><W59/><G72/><T42/><D126/><U97/><E1/><V20/><F125/><W104/><G104/><T16/><D28/><U49/><E71/><V86/><F39/><W95/><G13/><T130/><D130/><U111/><E111/><V129/><F129/><W40/><G131/><T120/><D120/><U114/><E114/><V47/><F74/><W11/><G11/><T48/><D98/><U9/><E121/><V24/><F7/><W5/><REACH who="3" step="1"/><G102/><REACH who="3" ten="345,80,250,315" step="2"/><T10/><D10/><U30/><E107/><V17/><F100/><W113/><G113/><T88/><REACH who="0" step="1"/><D16/><REACH who="0" ten="335,80,250,315" step="2"/><U21/><E128/><V61/><F26/><W133/><G133/><T60/><AGARI ba="0,2" hai="42,44,48,53,56,60,76,79,80,87,88,96,101,105" machi="60" ten="20,12000,2" yaku="1,1,2,1,0,1,7,1,52,1,54,1,53,1" doraHai="46" doraHaiUra="36" who="0" fromWho="0" sc="335,140,80,-30,250,-60,315,-30" /><INIT seed="3,0,0,4,3,7" ten="475,50,190,285" oya="3" hai0="86,53,15,121,54,8,20,127,84,108,64,126,41" hai1="11,103,70,10,6,0,68,58,39,47,74,33,96" hai2="55,75,72,61,83,120,21,34,2,63,133,42,29" hai3="94,97,62,67,107,112,12,77,19,115,106,89,88"/><W18/><G77/><T49/><D108/><U57/><E74/><V76/><F2/><W99/><G112/><T52/><D121/><U51/><E33/><V37/><F34/><W130/><G130/><T105/><D105/><U69/><E39/><V59/><F75/><W118/><G19/><T27/><D64/><U43/><REACH who="1" step="1"/><E10/><REACH who="1" ten="475,40,190,285" step="2"/><V134/><F37/><W100/><G115/><T95/><D8/><U123/><E123/><V3/><F120/><W91/><G118/><T90/><D126/><U93/><AGARI ba="0,1" hai="0,6,11,43,47,51,57,58,68,69,70,93,96,103" machi="93" ten="30,4000,0" yaku="1,1,0,1,52,1,53,0" doraHai="7" doraHaiUra="110" who="1" fromWho="1" sc="475,-10,40,50,190,-10,285,-20" /><INIT seed="4,0,0,1,1,40" ten="465,90,180,265" oya="0" hai0="34,10,74,58,133,47,65,130,13,54,23,21,9" hai1="98,24,41,19,37,25,26,22,99,124,48,107,14" hai2="111,97,114,29,129,52,18,30,116,131,17,62,49" hai3="85,135,42,64,44,93,67,73,91,79,7,119,94"/><T86/><D74/><U31/><E124/><V81/><F111/><W101/><G135/><T59/><D34/><U105/><E37/><V33/><F114/><W108/><G108/><T76/><D130/><N who="2" m="49674" /><F62/><W36/><G119/><T5/><D10/><U102/><E99/><V121/><F121/><W88/><G101/><T60/><D133/><U6/><E6/><V132/><F132/><W89/><G7/><T53/><D65/><U1/><E1/><V120/><F120/><W109/><G109/><T82/><REACH who="0" step="1"/><D47/><REACH who="0" ten="455,90,180,265" step="2"/><U69/><E69/><V38/><F33/><W32/><G67/><T90/><D90/><U77/><E77/><V20/><F20/><W123/><G64/><T8/><D8/><U122/><E122/><V75/><F75/><W128/><G88/><T28/><D28/><U95/><E31/><V12/><F29/><W51/><G32/><T66/><D66/><U46/><AGARI ba="0,1" hai="14,19,22,24,25,26,41,46,48,95,98,102,105,107" machi="46" ten="30,2000,0" yaku="0,1,52,1" doraHai="40" who="1" fromWho="1" sc="455,-10,90,30,180,-5,265,-5" /><INIT seed="5,0,0,0,0,24" ten="445,120,175,260" oya="1" hai0="14,100,26,4,69,39,94,1,3,70,16,27,22" hai1="93,46,80,68,120,84,11,41,7,118,125,64,123" hai2="130,31,83,75,33,49,116,105,72,52,13,56,95" hai3="122,114,97,124,115,134,131,59,119,50,44,103,104"/><U48/><E118/><V77/><F116/><W35/><G119/><T53/><D39/><U17/><E125/><V106/><F75/><W87/><G35/><T135/><D69/><U28/><E17/><V30/><F130/><W34/><G34/><T15/><D70/><U108/><E108/><V54/><F33/><W6/><G134/><T78/><D78/><U65/><E93/><V37/><F37/><W76/><G131/><T96/><D3/><U86/><E86/><V55/><F55/><W117/><G117/><T132/><D1/><U107/><E107/><V99/><F13/><W18/><G6/><T110/><D110/><U113/><E113/><V43/><F43/><W92/><G122/><T74/><D74/><U82/><E82/><V20/><F20/><W63/><G18/><T79/><D79/><N who="1" m="46111" /><E28/><V23/><F23/><W9/><G9/><N who="0" m="4391" /><D132/><U90/><E90/><V129/><F129/><W91/><G76/><T5/><D5/><U21/><E21/><V112/><F112/><W40/><REACH who="3" step="1"/><G124/><REACH who="3" ten="445,120,175,250" step="2"/><T61/><D135/><U85/><E120/><V81/><F81/><W126/><G126/><T111/><D111/><U38/><E123/><V19/><F19/><W58/><G58/><AGARI ba="0,1" hai="15,16,22,26,27,53,58,61,94,96,100" m="4391" machi="58" ten="30,2000,0" yaku="8,1,54,1" doraHai="24" who="0" fromWho="3" sc="445,30,120,0,175,0,250,-20" /><INIT seed="6,0,0,1,4,55" ten="475,120,175,230" oya="2" hai0="86,130,107,92,43,9,105,117,108,90,20,59,56" hai1="63,79,2,69,116,6,106,97,78,72,25,34,22" hai2="42,39,93,123,8,102,91,80,110,31,112,81,103" hai3="127,38,11,76,131,48,96,45,135,98,4,17,15"/><V57/><F123/><W115/><G38/><T53/><D108/><U27/><E116/><V24/><F112/><W52/><G115/><T119/><D43/><U118/><E118/><N who="0" m="45065" /><D20/><U128/><E128/><V71/><F71/><W125/><G76/><T66/><D130/><U62/><E62/><V44/><F110/><W1/><G135/><T26/><D26/><U18/><E6/><V68/><F68/><W0/><G131/><T10/><D66/><U74/><E2/><N who="3" m="1130" /><G17/><T134/><D56/><U58/><E69/><V21/><F8/><N who="0" m="3178" /><D134/><U13/><E74/><V16/><F31/><W133/><G133/><T19/><D19/><U3/><E3/><V32/><F32/><W95/><G95/><T35/><D35/><U37/><E37/><V113/><F113/><W122/><G122/><T51/><AGARI ba="0,0" hai="51,53,59,86,90,92,105,107" m="3178,45065" machi="51" ten="30,2000,0" yaku="12,1,52,1" doraHai="55" who="0" fromWho="0" sc="475,20,120,-5,175,-10,230,-5" /><INIT seed="7,0,0,5,1,106" ten="495,115,165,225" oya="3" hai0="128,1,50,108,79,60,30,126,4,15,57,39,14" hai1="89,18,87,109,99,114,25,122,104,44,12,0,48" hai2="92,41,42,100,26,45,17,111,59,124,86,127,76" hai3="135,62,66,9,95,71,56,58,43,22,3,130,64"/><W47/><G3/><T11/><D108/><U40/><E0/><V134/><F111/><W33/><G33/><T117/><D39/><U37/><E122/><V21/><F134/><W115/><G9/><T112/><D117/><U101/><E114/><V32/><F32/><W65/><G95/><T31/><D79/><U120/><E109/><V118/><F118/><W61/><G22/><T129/><D50/><U5/><E120/><V23/><F59/><N who="3" m="22571" /><G130/><N who="0" m="50283" /><D126/><N who="2" m="48170" /><F45/><W54/><G135/><T6/><D112/><U74/><E5/><V67/><F67/><N who="3" m="41455" /><G54/><N who="0" m="33847" /><D6/><U102/><E102/><V131/><F131/><W98/><G98/><T38/><D38/><U103/><E103/><V16/><F76/><W7/><G7/><T78/><D78/><U27/><E37/><V116/><F116/><W123/><G123/><T91/><D91/><U113/><E113/><V119/><F119/><W52/><G43/><T97/><D97/><U105/><E105/><V94/><F94/><W88/><G88/><T84/><D84/><U2/><E2/><V53/><F53/><W72/><G47/><T73/><D73/><U19/><E74/><V55/><F55/><W96/><G96/><T110/><D110/><U28/><E28/><AGARI ba="0,0" hai="1,4,11,14,15,28,30,31" m="33847,50283" machi="28" ten="30,1000,0" yaku="19,1" doraHai="106" who="0" fromWho="1" sc="495,10,115,-10,165,0,225,0" owari="505,60.5,105,-39.5,165,-23.5,225,2.5" /></mjloggm>