<mjloggm ver="2.3"><GO type="169" lobby="0"/><UN n0="%E9%95%B7%E5%B2%A1" n1="%4E%49%4B%55%59%41" n2="%E7%AD%89%E3%80%85%E5%8A%9B%E5%8A%87%E5%A0%B4" n3="%69%50%68%6F%6E%65%31" dan="16,17,16,16" rate="2131.03,2217.72,2121.62,2132.44" sx="M,M,M,M"/><TAIKYOKU oya="0"/><INIT seed="0,0,0,4,0,90" ten="250,250,250,250" oya="0" hai0="85,45,27,54,131,129,30,19,28,9,34,119,67" hai1="50,7,52,39,62,46,14,108,121,74,105,64,107" hai2="82,56,87,91,120,100,95,75,104,6,16,111,32" hai3="18,92,58,71,8,37,3,86,11,44,10,130,132"/><T65/><D119/><U125/><E121/><V51/><F120/><W2/><G71/><T0/><D30/><U42/><E108/><V94/><F32/><W17/><G58/><T135/><D135/><U5/><E74/><V43/><F111/><W80/><G44/><T133/><D133/><U124/><E105/><V97/><F75/><W31/><G86/><T76/><D67/><U4/><E107/><V47/><F6/><W41/><G41/><T84/><D65/><U93/><E14/><V73/><F73/><W23/><G37/><T102/><D102/><U40/><E93/><V63/><REACH who="2" step="1"/><F16/><REACH who="2" ten="250,250,240,250" step="2"/><W78/><G18/><T109/><D109/><U112/><E112/><V33/><F33/><W36/><G17/><T57/><D19/><U77/><E77/><V134/><F134/><W24/><G78/><T13/><D76/><U66/><E7/><V128/><F128/><N who="0" m="49226" /><D13/><U25/><E5/><V59/><F59/><W118/><G132/><T115/><D115/><U49/><E4/><V15/><F15/><W1/><G130/><T96/><D0/><U61/><E25/><V114/><F114/><W20/><G24/><T98/><D9/><U60/><E124/><V22/><F22/><W122/><G11/><T38/><D57/><N who="1" m="32911" /><E125/><V110/><F110/><W113/><G3/><T88/><D34/><U123/><E123/><V29/><F29/><W81/><G122/><T21/><D28/><U83/><E83/><V126/><F126/><W35/><G2/><T55/><D21/><U106/><E106/><V53/><AGARI ba="0,1" hai="43,47,51,53,56,63,82,87,91,94,95,97,100,104" machi="53" ten="20,12000,2" yaku="1,1,0,1,7,1,52,2,53,1" doraHai="90" doraHaiUra="48" who="2" fromWho="2" sc="250,-60,250,-30,240,130,250,-30" /><INIT seed="1,0,0,1,5,104" ten="190,220,370,220" oya="1" hai0="36,6,100,12,5,130,55,91,15,95,57,94,66" hai1="126,42,114,75,128,17,7,135,124,28,111,24,25" hai2="48,64,35,107,98,110,116,93,31,103,54,50,60" hai3="38,27,133,122,20,81,39,3,76,74,65,119,34"/><U101/><E101/><V96/><F116/><W49/><G122/><T4/><D36/><U21/><E42/><V30/><F110/><W131/><G131/><T87/><D66/><U113/><E75/><V2/><F2/><W72/><G133/><T63/><REACH who="0" step="1"/><D130/><REACH who="0" ten="180,220,370,220" step="2"/><U117/><E128/><V120/><F64/><W13/><G39/><T0/><D0/><U77/><E117/><V47/><F120/><W14/><G38/><T102/><D102/><U82/><E135/><V53/><F103/><W1/><G1/><T37/><D37/><U90/><E111/><V92/><F107/><W132/><G3/><T83/><D83/><U71/><E71/><V61/><F35/><W105/><G34/><T8/><D8/><U67/><E67/><V23/><F23/><W97/><G132/><T109/><D109/><U70/><E70/><V9/><F9/><W46/><G119/><T59/><D59/><U33/><E7/><V56/><F56/><W19/><G105/><T58/><D58/><U29/><E82/><V45/><AGARI ba="0,1" hai="30,31,45,47,48,50,53,54,60,61,92,93,96,98" machi="45" ten="25,6400,0" yaku="0,1,22,2,8,1" doraHai="104" who="2" fromWho="2" sc="180,-16,220,-32,370,74,220,-16" /><INIT seed="2,0,0,0,4,100" ten="164,188,444,204" oya="2" hai0="81,117,30,9,46,28,132,68,101,32,123,42,44" hai1="34,103,14,80,86,27,135,128,23,84,3,71,114" hai2="120,31,106,93,96,25,129,89,40,0,88,5,57" hai3="54,69,102,60,29,33,48,82,122,121,4,45,53"/><V133/><F120/><W16/><G4/><T107/><D123/><U51/><E71/><V7/><F133/><W97/><G82/><T118/><D132/><U79/><E3/><V134/><F134/><W62/><G62/><T77/><D68/><U49/><E34/><V116/><F116/><N who="0" m="44650" /><D9/><U12/><E114/><V37/><F129/><W127/><G127/><T8/><D8/><U83/><E103/><V24/><F106/><W115/><G115/><T94/><D94/><U17/><E128/><V35/><F0/><W104/><G54/><T52/><D32/><U58/><E135/><V78/><F35/><W126/><G16/><T108/><D108/><U13/><REACH who="1" step="1"/><E58/><REACH who="1" ten="164,178,444,204" step="2"/><V91/><F57/><W111/><G111/><T124/><D101/><U1/><E1/><V26/><F31/><W39/><G126/><T47/><D124/><U76/><AGARI ba="0,1" hai="12,13,14,17,23,27,49,51,76,79,80,83,84,86" machi="76" ten="30,7900,0" yaku="1,1,0,1,9,1,8,1,53,0" doraHai="100" doraHaiUra="63" who="1" fromWho="1" sc="164,-20,178,89,444,-39,204,-20" /><INIT seed="3,0,0,5,0,84" ten="144,267,405,184" oya="3" hai0="36,77,120,73,5,8,25,119,47,14,43,121,115" hai1="23,16,20,24,107,56,128,42,95,50,110,78,109" hai2="31,28,34,2,22,105,79,91,81,132,80,118,55" hai3="15,30,19,1,62,63,18,6,82,108,124,89,29"/><W4/><G1/><T54/><D119/><U51/><E107/><V26/><F118/><W58/><G124/><T38/><D115/><U94/><E78/><V135/><F105/><W92/><G82/><T64/><D73/><U87/><E128/><V101/><F2/><W117/><G117/><T61/><D77/><U65/><E65/><V7/><F101/><W46/><G46/><T27/><D38/><U126/><E126/><V57/><F7/><N who="3" m="2603" /><G19/><T71/><REACH who="0" step="1"/><D54/><REACH who="0" ten="134,267,405,184" step="2"/><U33/><E109/><V111/><F55/><N who="3" m="34143" /><G108/><T104/><D104/><U9/><E110/><V112/><F79/><W90/><G63/><T53/><D53/><U127/><E127/><V86/><F111/><W12/><G12/><T85/><D85/><U123/><E87/><V74/><F86/><N who="3" m="52279" /><G90/><T66/><D66/><U75/><E75/><V70/><F91/><W96/><G96/><T103/><D103/><U11/><E50/><V100/><F100/><W133/><G133/><T52/><D52/><U40/><E51/><V72/><F135/><W106/><G106/><T67/><D67/><U76/><E76/><V102/><F132/><W48/><G48/><T35/><D35/><U13/><E33/><V39/><F34/><W10/><AGARI ba="0,1" hai="10,15,18,29,30" m="52279,34143,2603" machi="10" ten="30,3000,0" yaku="8,1,52,1" doraHai="84" who="3" fromWho="3" sc="134,-10,267,-10,405,-10,184,40" /><INIT seed="3,1,0,4,0,96" ten="124,257,395,224" oya="3" hai0="47,98,28,59,52,100,12,74,79,16,94,66,31" hai1="123,14,68,49,29,10,43,27,107,125,75,45,71" hai2="63,38,36,133,33,105,135,121,41,101,104,97,64" hai3="56,76,99,95,86,13,6,9,117,2,21,61,116"/><W23/><G76/><T115/><D115/><U112/><E123/><V120/><F33/><W70/><G70/><T17/><D74/><U1/><E112/><V78/><F105/><W124/><G86/><T109/><D109/><U106/><E125/><V30/><F30/><W90/><G124/><T44/><D79/><U58/><E1/><V103/><F78/><W82/><G82/><T126/><D66/><U18/><E75/><V73/><F73/><W132/><G132/><N who="2" m="50761" /><F103/><W32/><G32/><T89/><D89/><U4/><E18/><N who="0" m="7273" /><D12/><U118/><E118/><V51/><F51/><W113/><G113/><T20/><D126/><U3/><E14/><V67/><F67/><W119/><REACH who="3" step="1"/><G13/><REACH who="3" ten="124,257,395,214" step="2"/><T110/><D110/><U55/><E68/><N who="2" m="42015" /><F41/><W60/><G60/><N who="0" m="35943" /><D31/><U102/><E71/><V40/><F40/><W24/><G24/><AGARI ba="1,1" hai="20,24,28,44,47,94,98,100" m="35943,7273" machi="24" ten="30,7700,0" yaku="8,1,52,1,54,2" doraHai="96" who="0" fromWho="3" sc="124,90,257,0,395,0,214,-80" /><INIT seed="4,0,0,1,0,5" ten="214,257,395,134" oya="0" hai0="52,86,80,120,14,50,46,91,44,1,7,58,41" hai1="101,99,69,119,2,103,124,0,105,122,57,68,67" hai2="118,79,49,18,116,129,63,100,94,51,89,128,92" hai3="47,62,93,97,96,76,40,22,33,16,23,87,11"/><T127/><D127/><U110/><E119/><N who="2" m="45611" /><F79/><W24/><G33/><T28/><D120/><U85/><E122/><V70/><F100/><W56/><G23/><T38/><D1/><U83/><E124/><V61/><F70/><W53/><G11/><T126/><D126/><U75/><E110/><V60/><F89/><W6/><G6/><T37/><D28/><U71/><E75/><V29/><F29/><W72/><G72/><T4/><REACH who="0" step="1"/><D14/><REACH who="0" ten="204,257,395,134" step="2"/><U20/><E0/><V84/><F129/><W135/><G135/><T39/><D39/><U64/><E2/><V123/><F128/><W113/><G113/><T65/><D65/><U133/><E67/><V25/><F123/><W106/><G106/><T42/><AGARI ba="0,1" hai="4,7,37,38,41,42,44,46,50,52,58,80,86,91" machi="42" ten="30,11700,0" yaku="1,1,0,1,9,1,54,1,53,0" doraHai="5" doraHaiUra="30" who="0" fromWho="0" sc="204,127,257,-39,395,-39,134,-39" /><INIT seed="4,1,0,0,4,83" ten="331,218,356,95" oya="0" hai0="121,24,81,48,70,62,94,92,64,128,27,100,109" hai1="115,71,19,52,98,61,116,43,99,131,8,130,78" hai2="14,30,125,5,28,75,133,68,126,10,21,13,32" hai3="34,22,25,26,107,84,89,114,124,67,37,51,41"/><T88/><D121/><U47/><E116/><V91/><F68/><W54/><G107/><T106/><D128/><N who="1" m="49195" /><E78/><V111/><F75/><W38/><G114/><T95/><D109/><U132/><E132/><V18/><F111/><W46/><G124/><N who="2" m="47721" /><F133/><W117/><G117/><T103/><D48/><N who="1" m="28703" /><E43/><V49/><F49/><W129/><G129/><T85/><REACH who="0" step="1"/><D106/><REACH who="0" ten="321,218,356,95" step="2"/><U17/><E115/><V31/><F91/><W73/><G89/><T82/><D82/><U65/><E8/><V87/><F87/><W23/><G84/><T20/><D20/><U12/><E12/><V113/><F113/><W97/><G51/><T60/><D60/><U119/><E119/><V35/><AGARI ba="1,1" hai="5,10,13,14,18,21,28,30,31,32,35" m="47721" machi="35" ten="40,5200,0" yaku="18,1,34,2" doraHai="83" who="2" fromWho="2" sc="321,-27,218,-14,356,65,95,-14" /><INIT seed="5,0,0,4,1,63" ten="294,204,421,81" oya="1" hai0="18,1,43,54,106,65,118,124,58,17,57,45,116" hai1="84,101,71,56,16,82,92,126,97,8,42,119,7" hai2="83,0,2,85,103,26,44,38,74,95,99,117,108" hai3="46,88,87,68,35,20,78,110,125,9,6,70,113"/><U130/><E71/><V14/><F108/><W41/><G35/><T112/><D106/><U23/><E130/><V11/><F117/><W111/><G113/><T31/><D1/><U77/><E126/><V51/><F38/><W36/><G125/><T19/><D124/><U34/><E34/><V89/><F74/><W81/><G111/><T3/><D3/><U114/><E114/><V10/><F10/><W40/><G110/><T52/><D31/><U96/><E119/><V94/><F26/><W67/><G40/><T33/><D33/><U132/><E132/><V4/><F95/><W13/><G67/><T30/><D30/><U61/><E96/><V127/><F127/><W72/><REACH who="3" step="1"/><G20/><REACH who="3" ten="294,204,421,71" step="2"/><T32/><D65/><U75/><E42/><AGARI ba="0,1" hai="0,2,4,11,14,42,44,51,83,85,89,94,99,103" machi="42" ten="30,1000,0" yaku="7,1" doraHai="63" who="2" fromWho="1" sc="294,0,204,-10,421,20,71,0" /><INIT seed="6,0,0,5,5,46" ten="294,194,441,71" oya="2" hai0="105,123,45,34,116,38,27,39,37,99,21,77,54" hai1="31,29,100,40,19,60,48,76,130,127,104,55,42" hai2="71,8,96,15,81,80,5,125,70,16,7,132,52" hai3="92,122,1,110,65,14,103,118,83,86,47,32,126"/><V57/><F132/><W87/><G1/><T25/><D77/><U23/><E76/><V111/><F125/><W93/><G126/><T89/><D123/><U129/><E127/><V112/><F112/><W68/><G32/><T121/><D121/><U43/><E60/><V35/><F35/><W84/><G68/><T124/><D124/><U33/><E100/><V62/><F111/><W9/><G118/><T67/><D67/><U66/><E66/><V58/><F71/><W134/><G134/><T108/><D108/><U69/><E104/><V10/><F70/><W36/><G65/><T75/><D75/><U22/><E22/><V18/><F96/><W6/><G110/><T82/><D34/><U3/><E3/><V101/><F101/><W17/><G122/><T11/><D11/><U120/><E69/><V107/><F107/><W56/><G6/><N who="2" m="2057" /><F58/><W44/><G36/><T49/><D116/><U133/><E133/><V114/><F114/><W106/><G106/><T113/><D113/><U74/><E74/><V135/><F135/><W53/><G103/><T78/><D105/><U73/><E73/><V0/><F0/><W115/><G115/><T117/><D117/><U50/><E120/><V95/><F95/><W64/><G64/><T109/><D109/><U61/><E33/><V79/><F79/><W72/><G72/><N who="0" m="43335" /><D39/><U91/><E91/><V12/><AGARI ba="0,0" hai="8,10,12,15,16,18,52,57,62,80,81" m="2057" machi="12" ten="30,6000,0" yaku="8,1,54,2" doraHai="46" who="2" fromWho="2" sc="294,-20,194,-20,441,60,71,-20" /><INIT seed="6,1,0,3,5,109" ten="274,174,501,51" oya="2" hai0="17,10,134,32,44,43,36,35,85,81,102,70,103" hai1="105,90,122,42,108,7,118,60,40,55,24,94,117" hai2="96,45,62,5,13,27,126,63,116,91,123,66,56" hai3="127,47,28,104,23,64,107,112,51,34,106,6,71"/><V114/><F116/><W129/><G34/><T57/><D70/><U4/><E105/><V0/><F123/><W46/><G6/><T50/><D134/><U26/><E108/><V39/><F0/><W128/><G28/><T87/><D35/><U77/><E77/><V37/><F126/><W76/><G76/><N who="0" m="46247" /><D36/><U79/><E79/><V89/><F27/><N who="1" m="10281" /><E122/><V53/><F39/><W97/><G127/><T58/><D87/><N who="1" m="52575" /><E117/><V133/><F133/><W52/><G71/><T92/><D32/><U99/><E99/><V131/><F131/><W65/><G107/><T29/><D29/><U38/><E38/><V82/><F37/><W98/><G106/><T20/><D10/><U22/><E22/><V68/><F96/><W15/><G23/><T69/><D69/><U61/><E118/><V67/><F68/><W83/><G104/><T84/><D84/><U93/><E93/><V9/><F82/><W74/><G83/><T31/><D31/><U119/><E119/><V110/><F9/><W25/><G74/><T78/><D78/><U86/><E86/><V113/><F110/><W54/><G25/><N who="0" m="14479" /><D92/><U121/><E121/><V21/><F21/><W30/><G30/><T95/><D95/><U88/><E88/><V11/><F91/><W120/><G120/><T16/><D103/><U135/><E135/><V19/><F89/><W1/><G1/><T2/><D102/><U8/><E8/><V49/><F19/><W80/><G80/><T101/><D2/><U14/><E14/><V132/><F132/><W33/><G15/><T12/><D101/><U18/><E18/><RYUUKYOKU ba="1,0" sc="274,15,174,-15,501,15,51,-15" hai0="12,16,43,44,50,57,58" hai2="5,11,13,45,49,53,56,62,63,66,67,113,114" /><INIT seed="6,2,0,0,5,16" ten="289,159,516,36" oya="2" hai0="125,32,74,9,56,65,111,62,131,6,58,132,126" hai1="23,128,59,92,101,110,106,95,94,12,75,61,70" hai2="105,102,124,4,54,86,117,7,87,80,13,69,72" hai3="2,43,127,114,38,19,66,1,49,52,78,47,76"/><V45/><F117/><W82/><G127/><N who="0" m="48651" /><D111/><U103/><E70/><V60/><F124/><W113/><G66/><T17/><D131/><U3/><E3/><V79/><F105/><W48/><G38/><T44/><D132/><U5/><E75/><V109/><F102/><N who="1" m="38921" /><E106/><V121/><F121/><W134/><G134/><T35/><D74/><U100/><E110/><V120/><F120/><W46/><G78/><T15/><D44/><U67/><E128/><V133/><F133/><W53/><G43/><T20/><D56/><U135/><E135/><V30/><F109/><W73/><REACH who="3" step="1"/><G19/><REACH who="3" ten="289,159,516,26" step="2"/><T83/><D17/><N who="1" m="10663" /><E5/><V93/><F4/><W99/><G99/><AGARI ba="2,1" hai="59,61,67,92,94,95,99,100" m="10663,38921" machi="99" ten="30,2000,0" yaku="8,1,52,1" doraHai="16" who="1" fromWho="3" sc="289,0,159,36,516,0,26,-26" /><INIT seed="7,0,0,4,4,6" ten="289,195,516,0" oya="3" hai0="18,41,9,93,126,67,46,22,34,128,80,99,111" hai1="73,27,5,37,130,68,70,69,56,10,124,58,11" hai2="74,44,43,30,24,75,25,112,115,62,1,104,76" hai3="51,92,72,0,54,103,33,113,133,61,36,85,3"/><W135/><G72/><T90/><D111/><U20/><E73/><V108/><F108/><W86/><G36/><T50/><D128/><U8/><E37/><V15/><F1/><N who="3" m="587" /><G61/><T40/><D126/><U79/><E5/><V89/><F104/><W29/><G103/><N who="0" m="60911" /><D34/><U48/><E79/><V38/><F75/><W106/><G106/><T39/><D39/><U47/><E130/><V52/><F89/><W83/><G92/><T87/><D9/><U13/><E13/><V7/><F76/><W57/><G113/><N who="2" m="43593" /><F74/><W134/><G83/><T14/><D67/><U65/><E124/><V116/><F116/><W127/><G127/><T132/><D132/><N who="3" m="33793" /><W114/><DORA hai="95" /><G114/><T94/><D40/><U102/><E102/><V121/><F43/><W118/><G118/><T107/><D107/><U53/><REACH who="1" step="1"/><E65/><REACH who="1" ten="289,185,516,0" step="2"/><V21/><F38/><W59/><G59/><T26/><D14/><U16/><AGARI ba="0,1" hai="8,10,11,16,20,27,47,48,53,56,58,68,69,70" machi="16" ten="40,12000,2" yaku="1,1,2,1,0,1,52,3,54,1,53,0" doraHai="6,95" doraHaiUra="77,63" who="1" fromWho="1" sc="289,-30,185,130,516,-30,0,-60" owari="259,-14.1,315,11.5,486,58.6,-60,-56.0" /></mjloggm>