<mjloggm ver="2.3"><GO type="169" lobby="0"/><UN n0="%4E%49%4B%55%59%41" n1="%E4%BF%BA%E3%81%A7%E3%81%99" n2="%E3%81%93%E3%82%8C%E3%81%8C%E3%81%B5%E3%81%95%E3%81%B5%E3%81%95" n3="%E6%A4%9B%E5%8D%97" dan="17,16,16,16" rate="2217.26,2089.22,2192.43,2124.24" sx="M,M,M,F"/><TAIKYOKU oya="0"/><INIT seed="0,0,0,4,2,46" ten="250,250,250,250" oya="0" hai0="78,44,51,89,100,55,57,28,93,119,16,107,67" hai1="129,72,77,7,122,15,24,5,114,62,10,49,69" hai2="27,38,39,17,79,56,85,120,60,134,73,76,50" hai3="103,111,82,48,80,104,22,96,34,90,12,63,70"/><T133/><D119/><U3/><E122/><V40/><F120/><W8/><G34/><T18/><D133/><U2/><E129/><V26/><F73/><W115/><G111/><T128/><D128/><U86/><E114/><V31/><F134/><W14/><G115/><T105/><D78/><U64/><E72/><V58/><F17/><W1/><G90/><T102/><D28/><U132/><E132/><V84/><F31/><W4/><G22/><T74/><D74/><U117/><E24/><V130/><F40/><W135/><G135/><T65/><D107/><U131/><E131/><V116/><F130/><W81/><G63/><N who="0" m="38127" /><D67/><U53/><E7/><V61/><REACH who="2" step="1"/><F50/><REACH who="2" ten="250,250,240,250" step="2"/><W25/><G48/><T35/><D35/><U19/><E117/><AGARI ba="0,1" hai="26,27,38,39,56,58,60,61,76,79,84,85,116,117" machi="117" ten="25,6400,0" yaku="1,1,2,1,22,2,53,0" doraHai="46" doraHaiUra="36" who="2" fromWho="1" sc="250,0,250,-64,240,74,250,0" /><INIT seed="1,0,0,4,1,50" ten="250,186,314,250" oya="1" hai0="108,134,39,102,68,124,32,104,74,12,84,100,117" hai1="34,44,87,119,51,15,63,4,129,67,71,46,19" hai2="11,120,2,121,105,99,94,35,42,112,115,135,90" hai3="78,128,0,70,110,107,29,61,17,79,82,59,69"/><U48/><E119/><V116/><F35/><W97/><G110/><T47/><RYUUKYOKU type="yao9" ba="0,0" sc="250,0,186,0,314,0,250,0" hai0="12,32,39,47,68,74,84,100,102,104,108,117,124,134" /><INIT seed="1,1,0,5,0,12" ten="250,186,314,250" oya="1" hai0="10,95,90,53,70,22,19,21,76,54,104,114,69" hai1="48,120,59,79,96,3,33,112,35,88,64,81,102" hai2="130,91,15,40,51,78,20,85,18,31,98,107,109" hai3="45,118,44,8,82,2,37,29,17,111,32,26,123"/><U38/><E112/><V122/><F122/><W125/><G111/><T103/><D114/><U68/><E120/><V36/><F109/><W99/><G123/><T43/><D43/><U66/><E38/><V23/><F130/><W34/><G125/><T105/><D76/><U4/><E68/><V132/><F132/><W60/><G34/><T89/><D10/><U124/><E124/><V129/><F129/><W128/><G118/><T67/><D95/><U24/><E48/><V110/><F78/><W127/><G37/><T101/><REACH who="0" step="1"/><D67/><REACH who="0" ten="240,186,314,250" step="2"/><U75/><E64/><V61/><F40/><W106/><G128/><T83/><D83/><U7/><E3/><V57/><F110/><W131/><G131/><T86/><D86/><U135/><E135/><V6/><F85/><W108/><G108/><T92/><D92/><U52/><E66/><V1/><F107/><W133/><G82/><T0/><D0/><U16/><E4/><V87/><F6/><W121/><G121/><T56/><D56/><U71/><E7/><V115/><F57/><W97/><G133/><T113/><D113/><U50/><E71/><V41/><F87/><W100/><G2/><T27/><D27/><U84/><E84/><V47/><F41/><W126/><G126/><T65/><D65/><U30/><E81/><V80/><F80/><W28/><G127/><T55/><D55/><U93/><E79/><V42/><F42/><W77/><G77/><T49/><D49/><U134/><E134/><V39/><F1/><W73/><G106/><T58/><D58/><U5/><E59/><V72/><F115/><RYUUKYOKU ba="1,1" sc="240,30,186,-10,314,-10,250,-10" hai0="19,21,22,53,54,69,70,89,90,101,103,104,105" /><INIT seed="2,2,1,5,5,135" ten="270,176,304,240" oya="2" hai0="113,4,85,127,63,98,89,34,100,114,101,56,65" hai1="7,134,9,2,128,67,13,107,132,36,66,115,33" hai2="126,112,55,117,96,72,30,52,10,17,51,105,60" hai3="123,109,124,86,71,0,18,91,1,8,81,37,82"/><V133/><F112/><W5/><G123/><T44/><D34/><U77/><E115/><V43/><F117/><W59/><G109/><T130/><D130/><U119/><E119/><V118/><F118/><W75/><G71/><T19/><D4/><U121/><E121/><V29/><F72/><W69/><G69/><T103/><D98/><U21/><E36/><V25/><F133/><N who="1" m="51305" /><E107/><V122/><F122/><W16/><G0/><T35/><D35/><U41/><E41/><V42/><F105/><W78/><G124/><T95/><D127/><U74/><E33/><V87/><F96/><W104/><G104/><T40/><REACH who="0" step="1"/><D19/><REACH who="0" ten="260,176,304,240" step="2"/><N who="1" m="10479" /><E128/><V131/><F126/><W129/><G129/><T22/><D22/><U58/><E58/><N who="2" m="34887" /><F131/><W102/><G59/><T97/><D97/><U45/><E45/><V6/><F17/><W90/><G18/><T76/><D76/><U12/><E2/><V106/><F6/><W26/><G16/><T92/><D92/><U88/><E77/><V47/><F106/><W24/><G78/><T20/><D20/><U32/><E32/><V48/><F10/><W111/><G8/><T79/><D79/><U125/><E125/><V11/><F11/><W108/><G5/><T110/><D110/><U120/><E120/><V94/><F94/><W80/><G1/><T23/><D23/><U116/><E116/><V49/><F87/><W46/><G111/><T54/><D54/><U93/><E74/><V61/><F47/><W50/><G108/><T73/><D73/><U83/><E93/><V68/><F55/><W28/><G75/><T57/><D57/><RYUUKYOKU ba="2,2" sc="260,15,176,15,304,-15,240,-15" hai0="40,44,56,63,65,85,89,95,100,101,103,113,114" hai1="7,9,12,66,67,83,88" /><INIT seed="3,3,2,3,3,10" ten="275,191,289,225" oya="3" hai0="70,128,48,12,91,90,81,92,63,49,44,113,41" hai1="105,39,98,33,66,85,22,95,65,60,0,78,112" hai2="25,122,86,120,16,71,72,27,110,3,14,56,11" hai3="73,51,64,38,21,55,68,124,109,42,62,79,134"/><W1/><G134/><T104/><D104/><U94/><E33/><V75/><F71/><W29/><G124/><T101/><D128/><U82/><E112/><V53/><F110/><W24/><G1/><T19/><D113/><U35/><E35/><V89/><F3/><W119/><G119/><T2/><D2/><U84/><E39/><V57/><F27/><W135/><G135/><T31/><D31/><U116/><E116/><V99/><F99/><W36/><G109/><T23/><D48/><U107/><E0/><V77/><F77/><W125/><BYE who="2" /><G125/><UN n2="%E3%81%93%E3%82%8C%E3%81%8C%E3%81%B5%E3%81%95%E3%81%B5%E3%81%95" /><T131/><D131/><U117/><E117/><V5/><F5/><W76/><G73/><N who="2" m="28233" /><F25/><W114/><G114/><T18/><D81/><U61/><E107/><V59/><F53/><W30/><G30/><T133/><D133/><U74/><E22/><V43/><F43/><W93/><G93/><T13/><D70/><U118/><E118/><V88/><F86/><W83/><G83/><T127/><D63/><U26/><E105/><V123/><AGARI ba="3,2" hai="11,14,16,56,57,59,88,89,120,122,123" m="28233" machi="123" ten="40,8000,1" yaku="13,1,52,1,54,2" doraHai="10" who="2" fromWho="2" sc="275,-23,191,-23,289,109,225,-43" /><INIT seed="4,0,0,4,1,15" ten="252,168,398,182" oya="0" hai0="75,76,126,90,111,46,80,61,29,120,47,119,128" hai1="0,101,79,18,73,83,109,62,24,53,134,21,42" hai2="19,81,86,93,17,108,135,125,16,67,72,5,97" hai3="57,56,44,48,30,132,87,63,58,55,71,77,22"/><T54/><D119/><U88/><E109/><V6/><F108/><W78/><G132/><T66/><D120/><U28/><E134/><V95/><F135/><W65/><G87/><T106/><D111/><U32/><E0/><V85/><F125/><W107/><G107/><T69/><D126/><U25/><E101/><V13/><F67/><W105/><G105/><T68/><D68/><U2/><E2/><V102/><F72/><W52/><REACH who="3" step="1"/><G55/><REACH who="3" ten="252,168,398,172" step="2"/><T14/><D106/><U49/><E53/><V116/><F116/><W131/><G131/><T41/><D128/><U7/><E73/><V92/><F85/><W118/><G118/><T27/><D54/><U26/><E79/><N who="2" m="46399" /><F13/><W133/><G133/><T74/><D74/><U64/><E25/><AGARI ba="0,1" hai="22,25,30,44,48,52,56,57,58,63,65,71,77,78" machi="25" ten="40,5200,0" yaku="1,1,54,1,53,1" doraHai="15" doraHaiUra="20" who="3" fromWho="1" sc="252,0,168,-52,398,0,172,62" /><INIT seed="5,0,0,1,3,71" ten="252,116,398,234" oya="1" hai0="44,92,3,90,24,72,52,61,35,13,55,112,119" hai1="86,46,49,50,124,60,31,34,11,27,103,108,77" hai2="8,70,104,39,14,135,43,122,101,41,23,1,73" hai3="67,68,89,95,62,37,84,128,80,10,33,131,121"/><U100/><E124/><V87/><F73/><W97/><G121/><T133/><D3/><U9/><E108/><V96/><F135/><W110/><G33/><T113/><D119/><U79/><E50/><V111/><F111/><W15/><G110/><T99/><D72/><U88/><E60/><V129/><F70/><W6/><REACH who="3" step="1"/><G37/><REACH who="3" ten="252,116,398,224" step="2"/><T63/><D133/><U17/><E79/><AGARI ba="0,1" hai="6,10,15,62,67,68,79,80,84,89,95,97,128,131" machi="79" ten="40,5200,0" yaku="1,1,2,1,53,1" doraHai="71" doraHaiUra="78" who="3" fromWho="1" sc="252,0,116,-52,398,0,224,62" /><INIT seed="6,0,0,5,0,121" ten="252,64,398,286" oya="2" hai0="37,40,109,76,9,91,113,21,119,83,66,18,27" hai1="36,129,103,30,43,78,114,59,75,64,7,57,134" hai2="108,93,67,32,89,25,98,73,47,135,99,117,26" hai3="42,116,126,128,86,68,122,70,95,127,10,65,69"/><V17/><F117/><W112/><G116/><T8/><D119/><U49/><E103/><V6/><F135/><W111/><G122/><T94/><D113/><U16/><E30/><V97/><F73/><W23/><G23/><T106/><D106/><U130/><E7/><V12/><F6/><W11/><G112/><T22/><D109/><U35/><E78/><V13/><F13/><W96/><G65/><T118/><D118/><U50/><E75/><V34/><F67/><W41/><G86/><T52/><D66/><U133/><E35/><V4/><F4/><W107/><G107/><T45/><D22/><U87/><E16/><V92/><F47/><W5/><G111/><T102/><D102/><U85/><E87/><V115/><F115/><W19/><G19/><T24/><D24/><U31/><E85/><V88/><F99/><W84/><G84/><T53/><D83/><U56/><E31/><V80/><F80/><W61/><G61/><T72/><D76/><U132/><E114/><V110/><F12/><W1/><G11/><T51/><D72/><U123/><E64/><V90/><F90/><W74/><G74/><T29/><D37/><U77/><E77/><V63/><F63/><W62/><G62/><T3/><D3/><U46/><REACH who="1" step="1"/><E123/><REACH who="1" ten="252,54,398,286" step="2"/><V60/><F17/><W28/><G28/><T33/><D33/><U131/><AGARI ba="0,1" hai="36,43,46,49,50,56,57,59,129,130,131,132,133,134" machi="131" ten="50,24000,4" yaku="1,1,2,1,0,1,29,2,19,1,20,1,34,3,53,1" doraHai="121" doraHaiUra="71" who="1" fromWho="1" sc="252,-60,54,250,398,-120,286,-60" /><INIT seed="7,0,0,1,3,57" ten="192,304,278,226" oya="3" hai0="64,29,15,92,130,0,91,95,109,65,60,5,26" hai1="38,45,107,13,17,14,6,34,72,135,68,81,77" hai2="36,93,69,66,40,39,11,21,51,78,20,117,94" hai3="112,3,108,10,85,123,101,76,59,42,129,110,100"/><W99/><G123/><T12/><D109/><N who="3" m="42089" /><G112/><T125/><D130/><U70/><E107/><V62/><F117/><W7/><G129/><T56/><D125/><U88/><E34/><V83/><F11/><W121/><G121/><T106/><D106/><U52/><E135/><V50/><F20/><W43/><G76/><T119/><D119/><U79/><E13/><V120/><F21/><W4/><G7/><T105/><D105/><U18/><E6/><V102/><F120/><W73/><G85/><T47/><D65/><U31/><E79/><V98/><F94/><N who="3" m="58487" /><G101/><T63/><D95/><U128/><E128/><V61/><F36/><W41/><G59/><T75/><D75/><AGARI ba="0,0" hai="3,4,10,41,42,43,73,75" m="58487,42089" machi="75" ten="30,1500,0" yaku="10,1" doraHai="57" who="3" fromWho="0" sc="192,-15,304,0,278,0,226,15" /><INIT seed="7,1,0,5,5,50" ten="177,304,278,241" oya="3" hai0="59,89,39,93,52,97,87,79,8,35,38,74,9" hai1="135,121,18,101,113,133,65,36,130,128,83,41,30" hai2="43,82,123,28,58,51,68,37,69,88,13,46,11" hai3="56,96,45,71,108,106,5,70,49,116,40,125,84"/><W12/><G116/><T20/><D35/><U75/><E121/><V32/><F123/><W17/><G125/><T77/><D74/><U129/><E113/><V126/><F126/><W60/><G5/><T76/><D39/><U115/><E115/><V57/><F28/><W25/><G25/><T42/><D42/><U55/><E30/><V66/><F32/><W31/><G31/><T54/><D38/><U78/><E65/><V98/><F66/><W63/><G84/><T112/><D112/><U7/><E101/><V4/><F58/><W61/><G56/><T85/><D20/><U15/><E7/><V100/><F82/><W64/><G71/><T86/><REACH who="0" step="1"/><D54/><REACH who="0" ten="167,304,278,241" step="2"/><U73/><E55/><V107/><F37/><W120/><G120/><T2/><D2/><U91/><E75/><V19/><F43/><W10/><G108/><T1/><D1/><U132/><E41/><V131/><F131/><W102/><AGARI ba="1,1" hai="10,12,17,40,45,49,60,61,63,64,70,96,102,106" machi="102" ten="30,1500,0" yaku="0,1" doraHai="50" who="3" fromWho="3" sc="167,-6,304,-6,278,-6,241,28" /><INIT seed="7,2,0,1,4,8" ten="161,298,272,269" oya="3" hai0="7,111,107,13,94,122,130,1,121,25,49,53,83" hai1="20,96,34,117,35,21,10,40,106,69,84,114,110" hai2="72,129,65,50,115,101,78,119,92,64,128,4,6" hai3="12,100,9,62,133,87,70,16,55,29,86,38,118"/><W28/><G38/><T61/><D111/><U36/><E110/><V105/><F105/><W46/><G118/><T30/><D107/><U2/><E69/><V79/><F119/><W81/><G133/><T39/><D1/><U108/><E108/><V23/><F115/><W76/><G100/><T67/><D39/><U0/><E84/><V60/><F50/><N who="3" m="29143" /><G70/><T109/><D109/><U51/><E106/><V89/><F101/><W27/><G62/><T63/><D130/><N who="2" m="50282" /><F23/><N who="3" m="15487" /><G87/><T95/><D83/><U54/><E36/><V77/><F72/><W73/><G73/><T80/><D80/><U113/><E117/><V134/><F134/><W57/><G57/><N who="0" m="37295" /><D63/><U71/><E71/><N who="2" m="42375" /><F65/><W52/><G52/><T112/><D112/><U68/><E54/><V31/><F31/><AGARI ba="2,0" hai="9,12,16,29,31,76,81,86" m="15487,29143" machi="31" ten="30,5800,0" yaku="8,1,52,1,54,1" doraHai="8" who="3" fromWho="2" sc="161,0,298,0,272,-64,269,64" owari="161,-33.9,298,9.8,208,-19.2,333,43.3" /></mjloggm>