<mjloggm ver="2.3"><GO type="169" lobby="0"/><UN n0="%E3%83%A9%E3%83%96%E3%83%AC%E3%83%BC" n1="%E6%AE%8B%E9%85%B7%E3%81%AA%E5%A4%A9%E4%BD%BF%E3%83%8F%E3%83%9E%E3%83%BC" n2="%E8%B1%A1" n3="%E3%82%B0%E3%83%B3%E3%83%80%E3%83%AA%E3%83%BC" dan="18,16,16,19" rate="2226.22,2115.01,2150.99,2251.96" sx="M,M,M,M"/><TAIKYOKU oya="0"/><INIT seed="0,0,0,4,4,93" ten="250,250,250,250" oya="0" hai0="24,120,97,128,27,52,43,59,44,123,19,112,40" hai1="28,122,55,133,3,58,50,101,89,116,2,90,114" hai2="54,109,74,15,57,34,80,22,53,79,48,10,85" hai3="9,83,100,98,5,71,96,25,67,115,94,65,63"/><T130/><D112/><U20/><E116/><V134/><F34/><W75/><G115/><T41/><D44/><U6/><E122/><V124/><F109/><W87/><G75/><T4/><D4/><U81/><E114/><V16/><F124/><W29/><G67/><T1/><D1/><U39/><E39/><V135/><F74/><W129/><G129/><N who="0" m="49771" /><D19/><U45/><E133/><V78/><F78/><W127/><G127/><T113/><D113/><U37/><E101/><V49/><REACH who="2" step="1"/><F10/><REACH who="2" ten="250,250,240,250" step="2"/><W46/><G9/><T61/><D123/><U31/><E2/><V82/><F82/><W110/><G110/><T117/><D117/><U106/><E81/><V60/><F60/><W70/><G63/><T56/><D120/><U105/><E3/><V0/><F0/><W91/><G65/><T17/><D17/><U68/><E31/><V84/><F84/><W103/><G5/><T47/><D59/><AGARI ba="0,1" hai="15,16,22,48,49,53,54,57,59,79,80,85,134,135" machi="59" ten="40,5200,0" yaku="1,1,9,1,54,1,53,0" doraHai="93" doraHaiUra="108" who="2" fromWho="0" sc="250,-52,250,0,240,62,250,0" /><INIT seed="1,0,0,3,4,20" ten="198,250,302,250" oya="1" hai0="118,124,73,99,85,69,75,122,128,58,32,125,129" hai1="11,67,71,63,27,95,107,28,6,43,3,53,44" hai2="7,30,109,132,76,131,106,57,54,9,79,135,62" hai3="81,84,17,49,102,41,105,68,61,1,65,0,98"/><U55/><E107/><V38/><F109/><W116/><G116/><T78/><D69/><U117/><E95/><V82/><F131/><N who="0" m="50250" /><D32/><U39/><REACH who="1" step="1"/><E117/><REACH who="1" ten="198,240,302,250" step="2"/><V100/><F106/><W22/><G41/><T108/><D118/><U88/><E88/><V47/><F100/><W42/><G42/><T89/><D108/><U19/><E19/><V87/><F79/><W50/><G0/><T26/><D122/><U16/><E16/><V96/><F76/><W110/><G1/><T31/><D78/><U59/><E59/><V10/><F57/><W33/><G110/><T24/><D58/><U48/><E48/><V8/><F38/><W5/><G50/><T13/><D31/><U29/><E29/><V37/><F30/><W94/><G49/><T101/><D75/><U115/><E115/><V103/><F37/><W111/><G111/><T74/><D74/><U52/><E52/><V80/><F54/><W113/><G68/><T133/><D73/><U97/><E97/><V83/><F96/><W66/><G98/><T15/><D99/><U2/><E2/><V112/><F103/><W77/><G102/><T126/><D101/><U104/><E104/><V90/><F112/><W134/><G105/><T92/><D133/><U46/><E46/><V93/><F47/><W21/><G134/><T91/><D91/><U23/><AGARI ba="0,1" hai="3,6,11,23,27,28,39,43,44,53,55,63,67,71" machi="23" ten="20,12000,1" yaku="1,1,0,1,7,1,52,1,53,1" doraHai="20" doraHaiUra="25" who="1" fromWho="1" sc="198,-40,240,130,302,-40,250,-40" /><INIT seed="1,1,0,2,5,5" ten="158,370,262,210" oya="1" hai0="106,73,114,4,21,47,110,116,97,60,134,101,22" hai1="13,125,52,77,76,65,27,36,135,120,12,30,51" hai2="55,3,44,82,59,38,119,63,2,8,34,39,96" hai3="78,127,6,107,79,99,115,113,109,118,35,24,11"/><U61/><E120/><V56/><F119/><W15/><G118/><T37/><D116/><U126/><E36/><V129/><F129/><W67/><G109/><T23/><D110/><U70/><E135/><V18/><F34/><W14/><G127/><N who="1" m="48650" /><E77/><V112/><F112/><W108/><G108/><T1/><D134/><U88/><E76/><V81/><F96/><W50/><G50/><T103/><D114/><U95/><E27/><V62/><F18/><W43/><G79/><T131/><D131/><U10/><E30/><V28/><F28/><W124/><G78/><T123/><D123/><U122/><E122/><V133/><F133/><W92/><G124/><T68/><D73/><U9/><E13/><V132/><F132/><W25/><G15/><T87/><D37/><U7/><E12/><V91/><F91/><W17/><G14/><T46/><D23/><U98/><E7/><V94/><F94/><W26/><G6/><T69/><D4/><U80/><E80/><V53/><REACH who="2" step="1"/><F44/><AGARI ba="1,0" hai="9,10,44,51,52,61,65,70,88,95,98" m="48650" machi="44" ten="30,12000,1" yaku="18,1,52,2,54,2" doraHai="5" who="1" fromWho="2" sc="158,0,370,123,262,-123,210,0" /><INIT seed="1,2,0,2,4,41" ten="158,493,139,210" oya="1" hai0="55,103,24,87,64,91,90,5,65,3,97,78,21" hai1="28,106,115,75,114,123,124,100,101,93,122,29,81" hai2="25,48,52,92,59,20,96,94,131,37,8,109,15" hai3="12,73,118,71,10,13,58,98,60,16,133,119,130"/><U27/><E28/><V31/><F109/><W117/><G73/><T34/><D34/><U125/><E29/><V6/><F131/><W67/><G133/><T7/><D78/><N who="1" m="44255" /><E27/><V2/><F37/><W14/><G130/><T40/><D40/><U110/><E110/><V4/><F4/><W36/><G36/><T80/><D91/><U53/><E53/><V46/><F2/><W126/><G126/><N who="1" m="48746" /><E93/><V11/><F11/><W45/><G71/><T50/><D65/><U120/><E106/><V70/><F70/><W26/><G26/><T63/><D3/><U32/><E32/><V76/><F76/><W47/><G98/><T51/><D7/><U42/><E42/><N who="2" m="24663" /><F96/><W35/><G35/><T95/><D5/><U30/><E30/><V68/><F68/><W54/><G67/><T1/><D1/><U57/><E57/><V77/><F77/><W61/><G61/><AGARI ba="2,0" hai="6,8,15,20,25,31,52,59,61,92,94" m="24663" machi="61" ten="30,3900,0" yaku="8,1,52,1,54,1" doraHai="41" who="2" fromWho="3" sc="158,0,493,0,139,45,210,-45" /><INIT seed="2,0,0,2,5,2" ten="158,493,184,165" oya="2" hai0="74,115,79,122,6,12,58,83,47,1,118,81,0" hai1="104,114,10,3,63,135,55,105,35,13,67,109,133" hai2="44,121,53,116,61,5,38,69,134,42,112,94,93" hai3="22,29,19,62,113,26,41,21,73,24,52,48,39"/><V76/><F112/><W85/><G73/><T23/><D115/><U101/><E114/><V78/><F116/><W77/><G113/><T15/><D122/><U16/><E109/><V103/><F121/><W20/><G39/><T98/><D118/><U107/><E35/><V65/><F134/><N who="1" m="51209" /><E55/><V128/><F128/><W28/><G41/><T50/><D58/><N who="1" m="37367" /><E3/><V130/><F130/><W102/><G102/><AGARI ba="0,0" hai="10,13,16,101,102,104,105,107" m="37367,51209" machi="102" ten="40,2600,0" yaku="20,1,54,1" doraHai="2" who="1" fromWho="3" sc="158,0,493,26,184,0,165,-26" /><INIT seed="3,0,0,3,4,8" ten="158,519,184,139" oya="3" hai0="24,12,35,131,17,126,61,74,78,58,28,121,94" hai1="9,14,53,109,90,130,112,59,123,73,84,79,76" hai2="18,44,60,30,5,108,98,0,31,25,125,67,72" hai3="66,54,23,127,39,2,77,20,49,132,96,64,45"/><W62/><G127/><T114/><D126/><U16/><E123/><V1/><F125/><W95/><G132/><T82/><D121/><U119/><E112/><V11/><F108/><W22/><G2/><T27/><D114/><U70/><E70/><V13/><F72/><W110/><G110/><T89/><D131/><U15/><E73/><V101/><F44/><W63/><G39/><T92/><D27/><U56/><E119/><V38/><F38/><W68/><G77/><T69/><D69/><U133/><E130/><V120/><F120/><W26/><G63/><T129/><D129/><U10/><E133/><V134/><F134/><W122/><G66/><T55/><REACH who="0" step="1"/><D89/><REACH who="0" ten="148,519,184,139" step="2"/><U7/><E109/><V46/><F25/><W118/><G122/><T48/><D48/><N who="1" m="30759" /><E59/><V93/><F46/><W6/><G118/><T40/><D40/><U85/><E85/><V113/><F113/><W42/><G42/><T100/><D100/><U106/><E106/><V103/><F101/><W116/><G116/><T105/><D105/><U115/><E115/><V71/><REACH who="2" step="1"/><F1/><REACH who="2" ten="148,519,174,139" step="2"/><W81/><G26/><T41/><D41/><U111/><E111/><V43/><F43/><W65/><G68/><T124/><D124/><U21/><E10/><AGARI ba="0,2" hai="0,5,10,11,13,18,30,31,60,67,71,93,98,103" machi="10" ten="30,3900,0" yaku="1,1,7,1,52,1,53,0" doraHai="8" doraHaiUra="107" who="2" fromWho="1" sc="148,0,519,-39,174,59,139,0" /><AGARI ba="0,0" hai="10,12,17,24,28,35,55,58,61,74,78,82,92,94" machi="10" ten="30,7700,0" yaku="1,1,7,1,52,1,53,1" doraHai="8" doraHaiUra="107" who="0" fromWho="1" sc="148,77,480,-77,233,0,139,0" /><INIT seed="4,0,0,3,5,63" ten="225,403,233,139" oya="0" hai0="26,72,18,96,53,25,134,90,113,92,76,98,4" hai1="119,75,11,93,49,117,55,111,94,74,5,7,69" hai2="16,124,61,3,34,129,64,101,77,22,13,58,45" hai3="62,81,114,97,106,109,12,133,103,35,32,126,84"/><T10/><D113/><U121/><E121/><V112/><F112/><W89/><G109/><T46/><D134/><U1/><E111/><V87/><F129/><W29/><G126/><T48/><D18/><U130/><E69/><V95/><F124/><W118/><G133/><T88/><D76/><U57/><E130/><V59/><F34/><W122/><G118/><T115/><D72/><U125/><E125/><V66/><F3/><W79/><G122/><T47/><D115/><U82/><E7/><V38/><F38/><W30/><G114/><T68/><D68/><U14/><E1/><V100/><F45/><W86/><G35/><T78/><D78/><U135/><E135/><V33/><F33/><W20/><G32/><T120/><D47/><U128/><E128/><V60/><REACH who="2" step="1"/><F95/><REACH who="2" ten="225,403,223,139" step="2"/><W56/><G20/><T23/><D23/><U123/><E94/><V21/><F21/><W102/><G12/><N who="0" m="5191" /><D120/><U85/><E123/><V43/><F43/><W131/><G131/><T108/><D108/><U52/><E119/><V2/><F2/><W110/><G110/><T15/><D15/><U0/><E14/><V99/><F99/><N who="0" m="37930" /><D92/><U132/><E93/><V8/><F8/><W24/><G97/><T73/><D73/><U39/><E117/><V31/><F31/><W80/><G29/><T54/><D53/><U36/><E55/><V37/><F37/><N who="1" m="14409" /><E132/><V83/><AGARI ba="0,1" hai="13,16,22,58,59,60,61,64,66,77,83,87,100,101" machi="83" ten="30,12000,2" yaku="1,1,0,1,9,1,8,1,52,2,54,1,53,0" doraHai="63" doraHaiUra="67" who="2" fromWho="2" sc="225,-60,403,-30,223,130,139,-30" /><INIT seed="5,0,0,1,4,0" ten="165,373,353,109" oya="1" hai0="101,25,11,88,3,65,93,71,115,106,63,107,82" hai1="30,9,38,96,84,111,123,46,76,12,78,100,58" hai2="57,2,26,54,77,120,125,40,109,85,42,49,73" hai3="28,33,128,102,39,31,87,41,64,24,51,114,48"/><U4/><E123/><V36/><F109/><W45/><G114/><T127/><D115/><U90/><E111/><V72/><F120/><W20/><G128/><T86/><D127/><U8/><E30/><V6/><F125/><W97/><G31/><T79/><D25/><U5/><E58/><V121/><F121/><W52/><G64/><T132/><D132/><U43/><E90/><V55/><F26/><W37/><G87/><T122/><D122/><U62/><E62/><V44/><F40/><W35/><G51/><T18/><D101/><U81/><E78/><V13/><F2/><W99/><G99/><T50/><D50/><U23/><E23/><V68/><F68/><W98/><G98/><T60/><D60/><U116/><E116/><V14/><F14/><W117/><G117/><T67/><D67/><U1/><REACH who="1" step="1"/><E96/><REACH who="1" ten="165,363,353,109" step="2"/><V119/><F119/><W29/><G29/><T131/><D63/><U70/><E70/><V83/><F73/><W129/><G129/><T110/><D110/><U66/><E66/><V95/><F72/><W27/><G27/><T134/><D71/><U113/><E113/><V19/><F57/><W53/><G97/><T130/><D65/><U126/><E126/><V108/><F108/><W105/><G33/><T69/><D69/><U124/><E124/><V17/><F77/><W104/><G35/><T94/><D130/><U118/><E118/><V47/><F47/><W135/><G28/><T21/><D79/><U75/><E75/><V16/><F44/><W80/><G45/><T15/><D131/><U133/><E133/><V56/><F56/><RYUUKYOKU ba="0,1" sc="165,-10,363,30,353,-10,109,-10" hai1="1,4,5,8,9,12,38,43,46,76,81,84,100" /><INIT seed="5,1,1,3,1,61" ten="155,393,343,99" oya="1" hai0="5,107,110,41,29,36,30,47,98,82,18,121,69" hai1="96,103,21,15,33,86,40,71,105,56,0,10,120" hai2="99,114,83,127,117,80,134,118,125,111,8,19,74" hai3="28,124,52,38,27,108,60,97,13,62,43,16,54"/><U1/><E120/><V89/><F19/><W119/><G108/><T23/><D110/><U76/><E71/><V116/><F8/><N who="3" m="6183" /><G38/><T90/><D121/><U126/><E33/><V7/><F7/><W128/><G124/><N who="2" m="47689" /><F111/><W93/><G128/><T42/><D42/><U115/><E126/><V24/><F24/><W91/><G43/><T20/><D20/><U135/><E21/><V55/><F55/><N who="3" m="21035" /><G119/><T63/><D5/><U3/><E40/><V51/><F51/><W75/><G75/><T131/><D131/><U95/><E0/><V102/><F134/><W65/><G65/><T44/><D41/><U132/><E1/><V79/><F114/><W94/><G93/><T12/><D30/><U100/><E3/><V59/><F59/><W46/><G46/><T92/><D29/><U85/><E56/><V133/><F133/><W87/><G87/><T58/><D69/><U34/><E115/><V77/><F118/><W122/><G122/><T57/><D58/><U101/><E132/><V25/><F25/><W70/><G70/><T78/><D107/><U66/><E135/><V6/><F6/><W81/><G81/><T17/><D17/><U53/><E34/><V67/><F67/><W123/><G123/><T50/><D36/><U2/><E66/><V106/><F79/><W109/><G109/><T14/><D14/><U35/><E76/><V112/><F112/><W129/><G129/><T31/><D31/><U64/><E15/><V72/><F74/><W45/><G45/><T39/><D39/><U73/><E73/><V9/><F9/><W49/><G49/><RYUUKYOKU ba="1,1" sc="155,-15,393,-15,343,15,99,15" hai2="72,77,80,83,89,99,102,106,116,117" hai3="27,28,60,62,91,94,97" /><INIT seed="6,2,1,3,3,118" ten="140,378,358,114" oya="2" hai0="33,106,122,19,42,107,123,47,39,120,112,82,53" hai1="99,23,88,95,121,76,109,52,133,20,70,97,90" hai2="108,56,71,96,134,84,94,8,17,132,6,66,67" hai3="0,25,69,31,129,87,111,73,46,7,1,41,78"/><V130/><F130/><W54/><G111/><T26/><D53/><U10/><E109/><V98/><F108/><W116/><G129/><T128/><D128/><U57/><E121/><V37/><F37/><W55/><G87/><T72/><D19/><U61/><E133/><N who="2" m="51307" /><F71/><W74/><G1/><T43/><D43/><U91/><E70/><V11/><F56/><W15/><G15/><T22/><D112/><U115/><E115/><V113/><F113/><W24/><G74/><T63/><D63/><U30/><E76/><V104/><F84/><W13/><G13/><T103/><D103/><U2/><E99/><N who="2" m="37931" /><F94/><W80/><G69/><T18/><REACH who="0" step="1"/><D33/><REACH who="0" ten="130,378,358,114" step="2"/><U92/><E61/><V44/><F17/><W29/><G55/><T45/><D45/><U28/><E95/><V12/><F44/><W49/><G54/><T62/><D62/><U119/><E52/><V9/><F104/><W40/><G40/><T86/><D86/><U27/><E92/><V135/><F135/><W77/><G41/><T14/><D14/><U21/><E97/><V100/><F100/><W5/><G46/><T36/><D36/><U60/><E60/><V117/><F117/><W34/><G116/><T85/><D85/><U38/><E119/><V93/><F93/><W68/><G68/><T35/><D35/><U89/><E38/><V32/><F32/><W125/><G34/><T64/><D64/><AGARI ba="2,2" hai="6,8,9,11,12,64,66,67" m="37931,51307" machi="64" ten="30,1500,0" yaku="20,1" doraHai="118" who="2" fromWho="0" sc="130,-21,378,0,358,41,114,0" /><INIT seed="6,3,0,1,4,100" ten="109,378,399,114" oya="2" hai0="125,133,120,19,95,116,134,90,16,129,14,48,35" hai1="18,26,132,32,20,2,5,46,15,58,96,110,4" hai2="33,67,85,124,22,94,74,71,109,101,37,24,106" hai3="17,31,30,98,7,34,65,55,61,87,47,89,11"/><V43/><F124/><W121/><G121/><T99/><D120/><U66/><E110/><V135/><F22/><W119/><G34/><T93/><D35/><U52/><E132/><N who="0" m="50793" /><D125/><U9/><E66/><V126/><F94/><N who="3" m="54591" /><G98/><N who="0" m="57655" /><D129/><U39/><E96/><N who="2" m="61735" /><F85/><W104/><G104/><T6/><D116/><U60/><E32/><V62/><F135/><W64/><G7/><T57/><D57/><U0/><REACH who="1" step="1"/><E5/><REACH who="1" ten="109,368,399,114" step="2"/><V114/><F109/><W78/><G65/><T127/><D127/><U42/><AGARI ba="3,1" hai="0,2,4,9,15,18,20,26,39,42,46,52,58,60" machi="42" ten="30,7900,0" yaku="1,1,2,1,0,1,54,1,53,0" doraHai="100" doraHaiUra="77" who="1" fromWho="1" sc="109,-23,368,98,399,-42,114,-23" /><INIT seed="7,0,0,4,5,46" ten="86,466,357,91" oya="3" hai0="28,121,38,92,77,24,21,29,44,39,18,122,106" hai1="73,66,85,48,76,115,31,108,97,41,110,98,53" hai2="57,96,124,116,129,50,134,1,130,83,100,120,109" hai3="9,113,27,59,79,40,5,65,78,87,132,112,13"/><W111/><G132/><T55/><D106/><U7/><E73/><V47/><F1/><W20/><G111/><T26/><D77/><U56/><E41/><V88/><F109/><W93/><G40/><T105/><D105/><U114/><E66/><V11/><F116/><W63/><G113/><T60/><D18/><U37/><E37/><V90/><F120/><W52/><G112/><N who="1" m="43050" /><E7/><V72/><F134/><W43/><G43/><T34/><D92/><U54/><E31/><V104/><F124/><W68/><G87/><T32/><D21/><U0/><E0/><V75/><F11/><W35/><G93/><T74/><D74/><N who="2" m="28202" /><F57/><N who="3" m="37103" /><G35/><T86/><D86/><U82/><E98/><V126/><F126/><W125/><G68/><T135/><D135/><U127/><E97/><V131/><F83/><W25/><G125/><T95/><D95/><U58/><E127/><V17/><F17/><N who="3" m="12431" /><G27/><T33/><D33/><U30/><E30/><V3/><F3/><W36/><G36/><T4/><D4/><U81/><E81/><V91/><F104/><W70/><G70/><T128/><D44/><U61/><AGARI ba="0,0" hai="48,53,54,56,58,61,76,82,85,108,110" m="43050" machi="61" ten="30,2000,0" yaku="15,1,52,1" doraHai="46" who="1" fromWho="1" sc="86,-5,466,20,357,-5,91,-10" owari="81,-31.9,486,58.6,352,15.2,81,-41.9" /></mjloggm>