<mjloggm ver="2.3"><GO type="169" lobby="0"/><UN n0="%70%65%6C%75%73%61%5F" n1="%E3%83%A9%E3%82%B9%E3%82%8B%E3%81%8B%E3%81%AA" n2="%E7%BE%A4%E9%9D%92%E6%97%A5%E5%92%8C%EF%BC%A0" n3="%E3%83%90%E3%83%AA%E3%83%88%E3%83%B3" dan="16,17,18,17" rate="2081.58,2209.25,2235.57,2242.89" sx="M,M,F,M"/><TAIKYOKU oya="0"/><INIT seed="0,0,0,2,1,61" ten="250,250,250,250" oya="0" hai0="43,77,14,62,76,4,26,32,124,20,90,50,89" hai1="42,109,47,72,18,55,44,130,78,23,46,93,15" hai2="39,108,28,115,96,97,134,129,127,106,131,1,102" hai3="52,69,0,11,22,95,58,133,105,101,113,83,70"/><T112/><D112/><U75/><E109/><V99/><F28/><W92/><G113/><T57/><D124/><U51/><E130/><N who="2" m="49675" /><F1/><W104/><G133/><T80/><D43/><U17/><E78/><V16/><F39/><W33/><G33/><T100/><D100/><U8/><E93/><V103/><F115/><W79/><G22/><T86/><D50/><U6/><E18/><V123/><F123/><W71/><G0/><T81/><D14/><U9/><E9/><V119/><F108/><W66/><G66/><T82/><D4/><U25/><REACH who="1" step="1"/><E46/><REACH who="1" ten="250,240,250,250" step="2"/><V27/><F134/><W36/><G11/><T60/><D82/><U53/><E53/><V68/><F127/><W73/><G95/><T29/><D32/><U3/><E3/><V117/><F106/><W48/><REACH who="3" step="1"/><G36/><AGARI ba="0,1" hai="6,8,15,17,23,25,36,42,44,47,51,55,72,75" machi="36" ten="30,2000,0" yaku="1,1,7,1,53,0" doraHai="61" doraHaiUra="24" who="1" fromWho="3" sc="250,0,240,30,250,0,250,-20" /><INIT seed="1,0,0,0,5,98" ten="250,270,250,230" oya="1" hai0="47,81,45,61,130,39,90,84,6,14,26,20,89" hai1="50,56,60,69,79,82,73,132,116,18,7,36,122" hai2="87,5,72,27,19,35,123,128,23,96,100,78,15" hai3="25,118,129,10,99,30,119,95,37,4,13,104,76"/><U80/><E116/><V3/><F123/><W86/><G37/><T97/><D130/><U24/><E122/><V22/><F72/><W70/><G70/><T120/><D120/><U66/><E132/><V38/><F38/><W102/><G129/><T21/><D39/><U43/><E7/><V17/><F128/><W55/><G55/><T83/><D61/><U42/><E82/><V49/><F35/><W41/><G41/><T114/><D114/><U117/><E117/><N who="3" m="44554" /><G76/><T54/><D54/><U126/><E126/><V59/><F5/><W125/><G86/><T0/><D0/><U135/><E135/><V71/><F3/><W91/><G125/><T131/><D131/><U105/><E105/><V62/><F49/><W51/><G51/><T127/><D127/><U134/><E134/><V48/><F48/><W121/><G121/><T75/><D75/><U106/><E106/><V9/><F71/><W88/><G104/><T92/><D83/><U107/><E107/><V85/><F78/><W58/><G58/><T108/><D108/><U112/><E112/><V40/><F40/><W46/><G46/><N who="0" m="17419" /><D26/><U31/><E36/><V111/><F111/><W124/><G124/><T65/><D65/><U57/><E69/><V67/><F23/><AGARI ba="0,0" hai="4,10,13,23,25,30,88,91,95,99,102" m="44554" machi="23" ten="30,3900,0" yaku="12,1,52,1,54,1" doraHai="98" who="3" fromWho="2" sc="250,0,270,0,250,-39,230,39" /><INIT seed="2,0,0,0,5,24" ten="250,270,211,269" oya="2" hai0="74,33,94,25,29,8,78,21,41,22,19,44,40" hai1="12,135,18,87,34,54,134,130,109,97,27,101,56" hai2="129,85,59,2,98,93,5,121,64,39,3,124,68" hai3="0,106,110,65,77,69,104,76,88,14,118,123,48"/><V4/><F121/><W91/><G0/><T35/><D41/><U125/><E109/><V79/><F124/><W38/><G38/><T70/><D70/><U120/><E120/><V31/><F68/><W52/><G123/><T42/><D42/><U73/><E73/><V53/><F39/><W132/><G118/><T66/><D66/><U114/><E114/><V57/><F129/><W127/><G110/><T117/><D117/><U30/><E87/><V58/><F64/><W108/><G108/><T115/><D94/><U32/><E32/><V96/><F96/><W111/><G111/><T107/><D107/><U80/><E80/><V86/><F53/><W10/><G132/><T99/><D99/><U126/><E130/><V51/><F51/><W90/><G127/><N who="1" m="48650" /><E12/><V131/><F131/><W133/><G133/><N who="1" m="50698" /><E18/><V28/><F3/><W60/><G106/><T47/><D74/><U7/><E7/><N who="2" m="2635" /><F2/><W92/><G92/><T43/><D35/><U112/><E112/><V89/><F85/><W37/><G37/><T82/><D33/><U26/><E26/><V128/><F128/><W23/><G104/><T46/><D115/><U83/><E83/><AGARI ba="0,0" hai="28,31,57,58,59,79,83,86,89,93,98" m="2635" machi="83" ten="30,5800,0" yaku="8,1,52,2" doraHai="24" who="2" fromWho="1" sc="250,0,270,-58,211,58,269,0" /><INIT seed="2,1,0,0,5,49" ten="250,212,269,269" oya="2" hai0="71,78,41,48,61,113,37,132,42,89,82,114,107" hai1="15,53,99,73,80,56,127,103,60,100,68,122,57" hai2="115,91,31,29,47,116,102,70,26,112,87,22,25" hai3="28,129,98,23,75,30,106,51,54,58,12,131,97"/><V5/><F116/><W86/><G75/><T83/><D107/><U45/><E127/><V96/><F70/><W36/><G36/><T55/><D132/><U18/><E122/><V135/><F5/><W130/><G86/><T77/><D61/><U46/><E68/><V32/><F135/><W76/><G76/><T52/><D71/><U110/><E110/><V117/><F117/><W33/><G33/><T19/><D19/><U121/><E121/><V95/><REACH who="2" step="1"/><F47/><REACH who="2" ten="250,212,259,269" step="2"/><W120/><G120/><T63/><D114/><U119/><E119/><V10/><F10/><W16/><G98/><T13/><D113/><U108/><E46/><V21/><F21/><W50/><G51/><T20/><D48/><U3/><E45/><V123/><F123/><W27/><G27/><T39/><D20/><U128/><E108/><V4/><F4/><W64/><G64/><T105/><D37/><U62/><E128/><V43/><F43/><W109/><G109/><T118/><D41/><U44/><E44/><V134/><F134/><W124/><G124/><T69/><D42/><U101/><E3/><V24/><F24/><W59/><G59/><T9/><D69/><U79/><E15/><V90/><F90/><W84/><G84/><T38/><D13/><U133/><E133/><V0/><F0/><W65/><G65/><T2/><D2/><U11/><E11/><V93/><AGARI ba="1,1" hai="22,25,26,29,31,32,87,91,93,95,96,102,112,115" machi="93" ten="20,3900,0" yaku="1,1,0,1,7,1,53,0" doraHai="49" doraHaiUra="6" who="2" fromWho="2" sc="250,-14,212,-14,259,52,269,-14" /><INIT seed="2,2,0,5,1,28" ten="236,198,311,255" oya="2" hai0="108,85,77,16,104,57,26,36,97,43,109,95,131" hai1="88,48,103,30,123,98,111,83,70,2,52,4,127" hai2="106,74,125,29,33,112,5,90,6,56,38,118,13" hai3="73,129,76,133,102,32,53,14,117,15,128,126,23"/><V8/><F112/><W120/><G117/><T72/><D43/><U34/><E70/><V78/><F118/><W20/><G102/><T119/><D36/><U62/><E111/><V46/><F125/><W1/><G53/><T25/><D119/><U44/><E127/><V69/><F69/><W12/><G126/><T93/><D57/><U49/><E123/><V110/><F110/><W45/><G45/><T132/><D85/><U18/><E62/><V35/><F106/><W65/><G65/><T22/><D77/><U10/><E18/><V84/><F29/><W27/><G76/><T89/><D97/><U63/><E63/><V99/><F6/><W39/><G39/><T91/><D22/><N who="3" m="8233" /><G73/><T19/><D72/><U67/><E67/><V80/><F99/><W11/><G133/><T41/><D41/><U75/><E49/><V68/><F56/><W21/><G120/><T121/><D121/><U54/><E54/><V51/><F68/><W64/><G64/><T114/><D104/><U3/><E3/><V58/><F58/><W100/><G100/><T7/><D7/><U66/><E66/><V124/><F38/><W96/><G96/><T81/><D132/><U60/><E60/><V92/><F124/><W42/><G42/><AGARI ba="2,0" hai="5,8,13,33,35,42,46,51,74,78,80,84,90,92" machi="42" ten="30,5800,0" yaku="7,1,52,2" doraHai="28" who="2" fromWho="3" sc="236,0,198,0,311,64,255,-64" /><INIT seed="2,3,0,3,3,133" ten="236,198,375,191" oya="2" hai0="42,10,52,49,15,113,24,36,101,39,73,25,130" hai1="69,71,45,38,103,26,107,14,32,33,62,74,88" hai2="118,87,85,50,31,100,83,19,114,3,65,34,27" hai3="129,86,7,54,128,56,46,115,5,124,66,61,123"/><V77/><F114/><W111/><G123/><T94/><D113/><U78/><E14/><V109/><F118/><W23/><G115/><T47/><D73/><U1/><E1/><V70/><F109/><W82/><G111/><T59/><D39/><U58/><E78/><V29/><F29/><W95/><G95/><T93/><D130/><N who="3" m="50281" /><G23/><T134/><D134/><U21/><E74/><V57/><F70/><W108/><G108/><T81/><D81/><U0/><E0/><V104/><F3/><W2/><G2/><T51/><D36/><U60/><E38/><V96/><F19/><W84/><G84/><T135/><D135/><U13/><E45/><V131/><F131/><W9/><G9/><T48/><D48/><U98/><E13/><V41/><F41/><W106/><G106/><T97/><REACH who="0" step="1"/><D94/><REACH who="0" ten="226,198,375,191" step="2"/><U126/><E107/><V40/><F50/><N who="3" m="29015" /><G124/><T102/><D102/><U125/><E103/><V16/><F100/><W11/><G11/><T67/><D67/><U4/><E126/><V92/><F92/><W132/><G132/><T28/><D28/><U18/><E125/><V91/><F31/><W117/><G117/><T30/><D30/><U105/><E105/><V17/><F104/><W20/><G20/><T121/><D121/><U112/><E112/><V76/><F83/><W80/><G80/><T127/><D127/><U43/><E33/><V64/><F34/><W55/><G66/><T116/><D116/><U119/><E32/><V8/><F65/><W120/><G120/><T44/><D44/><U6/><E119/><V99/><F64/><W37/><G37/><RYUUKYOKU ba="3,1" sc="226,15,198,-15,375,-15,191,15" hai0="10,15,24,25,42,47,49,51,52,59,93,97,101" hai3="5,7,55,56,61,82,86" /><INIT seed="3,4,1,5,0,125" ten="241,183,360,206" oya="3" hai0="116,117,12,43,13,123,20,132,103,31,62,86,73" hai1="98,22,51,85,53,80,57,90,39,47,111,63,127" hai2="66,27,68,34,30,97,105,134,61,115,8,23,124" hai3="126,129,130,112,108,54,38,106,15,81,95,67,96"/><W102/><G112/><T131/><D73/><U104/><E127/><V79/><F115/><W128/><G126/><T99/><D123/><U21/><E111/><V93/><F134/><W14/><G108/><T94/><D132/><U72/><E72/><V119/><F119/><W6/><G38/><T36/><D43/><U18/><E39/><V114/><F114/><W5/><G67/><T2/><D2/><U49/><E49/><V89/><F124/><W26/><G106/><T76/><D36/><U17/><E104/><V37/><F37/><W92/><G92/><T78/><D86/><U75/><E75/><V45/><F45/><W122/><G122/><T118/><D62/><U82/><E98/><V55/><F55/><W133/><G133/><T33/><D33/><U9/><E82/><V65/><F65/><W59/><G26/><T64/><D64/><U42/><REACH who="1" step="1"/><E9/><REACH who="1" ten="241,173,360,206" step="2"/><V28/><F8/><W91/><G81/><T107/><D107/><U40/><E40/><V101/><F105/><W87/><G96/><T44/><D117/><U10/><E10/><V1/><F97/><W100/><G102/><T88/><D116/><U110/><E110/><V113/><F101/><W7/><G100/><T50/><D118/><U32/><E32/><V19/><F34/><W71/><G71/><T77/><D103/><U46/><E46/><V120/><F113/><W60/><AGARI ba="4,2" hai="5,6,7,14,15,54,59,60,87,91,95,128,129,130" machi="60" ten="40,12000,1" yaku="0,1,19,1,52,3" doraHai="125" who="3" fromWho="3" sc="241,-44,173,-44,360,-44,206,152" /><INIT seed="3,5,0,3,1,83" ten="197,129,316,358" oya="3" hai0="40,69,98,22,57,36,3,84,132,135,81,118,2" hai1="85,70,65,30,48,5,130,4,89,110,32,49,45" hai2="112,21,103,129,107,27,101,93,94,104,0,29,128" hai3="24,17,59,19,78,90,10,47,125,9,95,91,76"/><W41/><G125/><T117/><D69/><U51/><E110/><V18/><F0/><W55/><G91/><T108/><D108/><U31/><E130/><N who="2" m="50283" /><F112/><W114/><G114/><T44/><D98/><U119/><E119/><V46/><F46/><W102/><G102/><N who="2" m="38921" /><F18/><W11/><G47/><T68/><D68/><U52/><E65/><V82/><F82/><W35/><G41/><T115/><D115/><U14/><E70/><V20/><F20/><N who="3" m="13327" /><G19/><T28/><D57/><U113/><E113/><V8/><F8/><W61/><G35/><T58/><D58/><U63/><E32/><V71/><F71/><W64/><G64/><T33/><D33/><U12/><E63/><V50/><F50/><W38/><G38/><T16/><D28/><N who="1" m="10795" /><E49/><V124/><F124/><W72/><G72/><T122/><D2/><U116/><E51/><V133/><F133/><N who="0" m="51274" /><D3/><U121/><E116/><V134/><F134/><W109/><G109/><T67/><D67/><U66/><E66/><V37/><F37/><W100/><G100/><T87/><D118/><U34/><E34/><V39/><F39/><W75/><G75/><T60/><D117/><U56/><E45/><V15/><F15/><N who="1" m="5673" /><E121/><V26/><F26/><W74/><G74/><T7/><D122/><U92/><AGARI ba="5,0" hai="4,5,48,52,56,85,89,92" m="5673,10795" machi="92" ten="30,4000,0" yaku="8,1,52,1,54,1" doraHai="83" who="1" fromWho="1" sc="197,-15,129,55,316,-15,358,-25" /><INIT seed="4,0,0,2,3,71" ten="182,184,301,333" oya="0" hai0="108,75,115,88,20,93,112,18,129,85,119,6,46" hai1="126,120,96,24,61,23,63,121,105,44,15,114,86" hai2="83,49,39,109,55,117,77,28,92,69,81,82,13" hai3="131,113,91,32,73,100,107,50,128,1,36,21,17"/><T43/><D119/><U59/><E126/><V106/><F106/><W57/><G32/><T14/><D129/><U124/><E124/><V74/><F109/><W45/><G1/><T104/><D108/><U134/><E134/><V89/><F69/><W110/><G73/><T78/><D104/><U7/><E114/><V4/><F28/><W38/><G57/><T123/><D123/><U68/><E68/><V48/><F48/><W130/><G113/><T3/><D3/><U84/><E105/><V65/><F65/><W42/><G91/><T94/><D94/><U22/><E96/><V60/><F60/><W27/><G110/><T90/><D6/><U103/><E103/><V111/><F111/><W80/><REACH who="3" step="1"/><G80/><REACH who="3" ten="182,184,301,323" step="2"/><T0/><D90/><U35/><E59/><V127/><F83/><W132/><G132/><T135/><D135/><U54/><E35/><V97/><F82/><W9/><G9/><T101/><D0/><U76/><E120/><V64/><F127/><W31/><G31/><T116/><D116/><U37/><E121/><V67/><F117/><W16/><G16/><T10/><D101/><U58/><E58/><V26/><F89/><W66/><G66/><T2/><D75/><U72/><E72/><V34/><F64/><W56/><G56/><T29/><D78/><U8/><E8/><V118/><F67/><W30/><G30/><T125/><D125/><U11/><E11/><V102/><F118/><W41/><G41/><T133/><D133/><U5/><E5/><V95/><F74/><W62/><G62/><T79/><D2/><U40/><E76/><RYUUKYOKU ba="0,1" sc="182,-10,184,-10,301,-10,323,30" hai3="17,21,27,36,38,42,45,50,100,107,128,130,131" /><INIT seed="5,1,1,5,1,79" ten="172,174,291,353" oya="1" hai0="14,56,72,97,69,121,27,76,68,54,95,39,130" hai1="73,5,93,61,20,45,85,38,108,88,99,92,1" hai2="103,37,55,81,6,113,65,19,7,133,46,74,118" hai3="135,129,40,98,64,47,100,71,29,84,78,36,80"/><U34/><E34/><V131/><F118/><W128/><G135/><T59/><D130/><N who="3" m="50281" /><G29/><T109/><D109/><U119/><E119/><V8/><F133/><W21/><G21/><T77/><D121/><U102/><E73/><V41/><F65/><W15/><G15/><T44/><D39/><U106/><E108/><V30/><F30/><W107/><G64/><T132/><D44/><U58/><E20/><V17/><F103/><W96/><G96/><T101/><D59/><U28/><E28/><V122/><F122/><W89/><G89/><T13/><D27/><U62/><E106/><V125/><F125/><W33/><G71/><T12/><D132/><U10/><REACH who="1" step="1"/><E58/><REACH who="1" ten="172,164,291,353" step="2"/><V52/><F131/><W18/><G18/><T22/><D22/><U35/><E35/><AGARI ba="1,2" hai="33,35,36,40,47,78,80,84,98,100,107" m="50281" machi="35" ten="30,2000,0" yaku="19,1,52,1" doraHai="79" who="3" fromWho="1" sc="172,0,164,-23,291,0,353,43" /><INIT seed="6,0,0,2,4,117" ten="172,141,291,396" oya="2" hai0="60,5,26,55,109,79,61,12,49,101,24,3,121" hai1="90,51,72,56,66,134,62,13,88,50,78,75,58" hai2="10,63,77,45,69,111,132,76,108,96,41,115,38" hai3="67,103,23,119,4,120,29,86,110,113,116,114,33"/><V91/><F115/><N who="3" m="44043" /><G67/><T82/><D121/><U37/><E37/><V89/><F132/><W59/><G59/><T44/><D109/><N who="2" m="42058" /><F10/><W48/><G110/><T17/><D101/><U83/><E134/><V133/><F133/><W52/><G33/><T15/><D3/><U106/><E106/><V92/><F91/><W118/><G120/><T36/><D36/><U35/><E35/><V81/><F81/><W122/><G122/><T135/><D5/><U64/><E13/><N who="0" m="5193" /><D135/><U18/><E18/><V95/><F95/><W125/><G125/><T22/><D24/><U73/><E78/><N who="2" m="30315" /><F63/><W32/><G32/><T71/><D71/><AGARI ba="0,0" hai="38,41,45,69,71,89,92,96" m="30315,42058" machi="71" ten="30,1500,0" yaku="10,1" doraHai="117" who="2" fromWho="0" sc="172,-15,141,0,291,15,396,0" /><INIT seed="6,1,0,2,2,53" ten="157,141,306,396" oya="2" hai0="99,107,115,14,82,80,83,126,77,112,135,70,110" hai1="50,106,17,66,94,95,41,121,26,133,108,48,61" hai2="123,129,127,27,23,100,36,33,131,88,97,101,42" hai3="57,118,105,55,69,7,109,40,51,93,43,46,45"/><V2/><F123/><W15/><G105/><T4/><D70/><U54/><E106/><V44/><F33/><W6/><G69/><T24/><D110/><U52/><E108/><V9/><F127/><W65/><G65/><T63/><D63/><U96/><E133/><V76/><F76/><W31/><G118/><T56/><D56/><N who="1" m="37159" /><E121/><V120/><F9/><W8/><G31/><T73/><D126/><U22/><E94/><N who="2" m="56519" /><F2/><W11/><G109/><T49/><D135/><U90/><E50/><V134/><F134/><W13/><G93/><T10/><D49/><U20/><E22/><V18/><F120/><W132/><G132/><T98/><D98/><U102/><E90/><V116/><F116/><W71/><G71/><T60/><D60/><U37/><E37/><V122/><F122/><W64/><G64/><T86/><D24/><U67/><E67/><V1/><F1/><W84/><G84/><T91/><REACH who="0" step="1"/><D83/><REACH who="0" ten="147,141,306,396" step="2"/><U21/><E21/><V58/><F58/><W81/><G81/><T47/><D47/><AGARI ba="1,1" hai="17,20,26,41,47,48,52,54,95,96,102" m="37159" machi="47" ten="30,3900,0" yaku="8,1,52,1,54,1" doraHai="53" who="1" fromWho="0" sc="147,-42,141,52,306,0,396,0" /><AGARI ba="1,0" hai="6,7,8,11,13,15,40,43,45,46,47,51,55,57" machi="47" ten="40,5200,0" yaku="9,1,8,1,52,1" doraHai="53" who="3" fromWho="0" sc="105,-52,193,0,306,0,396,52" /><INIT seed="7,0,0,3,0,16" ten="53,193,306,448" oya="3" hai0="133,45,3,13,102,51,15,106,72,1,93,121,120" hai1="21,53,126,118,128,38,71,69,70,74,64,78,11" hai2="132,76,73,28,63,86,0,134,34,125,33,39,97" hai3="35,96,98,20,22,14,26,82,108,112,109,113,60"/><W8/><G60/><T75/><D93/><U131/><E38/><V94/><F0/><W6/><G82/><T119/><D51/><U37/><E37/><V111/><F111/><N who="3" m="42571" /><G35/><T31/><D31/><U99/><E118/><V91/><F39/><W66/><G66/><T42/><D45/><U122/><E126/><V130/><F97/><N who="3" m="37483" /><G22/><T68/><D102/><U83/><E122/><V80/><F125/><W62/><G62/><T55/><D55/><U24/><E53/><V9/><F9/><W87/><G87/><T89/><D89/><U92/><E11/><V84/><F84/><W46/><G46/><T52/><D52/><U100/><REACH who="1" step="1"/><E64/><REACH who="1" ten="53,183,306,448" step="2"/><V27/><F130/><W65/><G65/><T114/><D119/><U129/><E129/><V4/><F132/><W10/><G8/><T104/><D114/><U30/><AGARI ba="0,1" hai="21,24,30,69,70,71,74,78,83,92,99,100,128,131" machi="30" ten="40,5200,0" yaku="1,1,0,1,52,1,53,0" doraHai="16" doraHaiUra="61" who="1" fromWho="1" sc="53,-13,183,62,306,-13,448,-26" owari="40,-46.0,245,-15.5,293,9.3,422,52.2" /></mjloggm>