<mjloggm ver="2.3"><GO type="169" lobby="0"/><UN n0="%E3%81%98%E3%82%83%E3%81%99%E3%81%BF%E3%82%93" n1="%E6%88%91%E5%8F%AF%E4%BB%A5" n2="%E3%83%95%E3%82%AF%E3%83%80%E3%83%B3%E3%83%81%E3%83%A7" n3="%E3%82%B5%E3%83%96%E3%82%A2%E3%83%A9%E3%83%89" dan="16,16,16,16" rate="2070.79,2109.12,2115.06,2034.69" sx="M,M,M,M"/><TAIKYOKU oya="0"/><INIT seed="0,0,0,1,4,48" ten="250,250,250,250" oya="0" hai0="106,3,60,40,71,54,83,4,1,6,50,15,90" hai1="70,128,126,18,92,64,77,34,76,107,38,19,124" hai2="111,101,47,39,20,27,81,14,110,87,59,29,35" hai3="12,72,28,52,135,93,13,122,8,43,117,99,65"/><T108/><D106/><U98/><E107/><V131/><F101/><W74/><G117/><T89/><D108/><N who="2" m="41514" /><F131/><W44/><G65/><T41/><D71/><U100/><E38/><V68/><F68/><W114/><G114/><T21/><D60/><N who="1" m="40199" /><E34/><V134/><F134/><W105/><G135/><T57/><D3/><U24/><E128/><V63/><F39/><W91/><G105/><T61/><D1/><U42/><E42/><N who="0" m="16489" /><D61/><U23/><E19/><N who="2" m="10359" /><F47/><W121/><G28/><T17/><D83/><U22/><E22/><V125/><F125/><AGARI ba="0,0" hai="18,23,24,76,77,92,98,100,124,125,126" m="40199" machi="125" ten="30,1000,0" yaku="18,1" doraHai="48" who="1" fromWho="2" sc="250,0,250,10,250,-10,250,0" /><INIT seed="1,0,0,5,1,84" ten="250,260,240,250" oya="1" hai0="13,129,126,34,81,41,60,25,23,82,85,83,89" hai1="62,57,6,4,38,121,77,75,70,42,96,67,56" hai2="86,74,135,69,127,123,28,125,33,102,47,78,110" hai3="46,24,134,108,44,16,109,27,3,116,22,20,32"/><U115/><E115/><V49/><F110/><W40/><G3/><T113/><D113/><U0/><E121/><V2/><F123/><W91/><G32/><T73/><D129/><U63/><E96/><V120/><F120/><W45/><G134/><T15/><D34/><U107/><E107/><V76/><F69/><W92/><G116/><T112/><D112/><U1/><E70/><V119/><F74/><W111/><G40/><T21/><D41/><U12/><E12/><V87/><F2/><W10/><G10/><T39/><D39/><U104/><E104/><V101/><F28/><W133/><G133/><T11/><D73/><U35/><E35/><V64/><F64/><W52/><G22/><T90/><D85/><N who="2" m="32266" /><F119/><W17/><G17/><N who="0" m="10415" /><D60/><U94/><E75/><V30/><F30/><W93/><G93/><T114/><D126/><N who="2" m="48138" /><F135/><W51/><G27/><T103/><D103/><N who="2" m="39434" /><F33/><W31/><G31/><N who="0" m="17855" /><D114/><U19/><E1/><V61/><F61/><W124/><G124/><T26/><D26/><U53/><E0/><V9/><F9/><W106/><G106/><T118/><D118/><U128/><E62/><V36/><F36/><W5/><G5/><AGARI ba="0,0" hai="5,11,15,81,82,83,89,90" m="17855,10415" machi="5" ten="30,3900,0" yaku="8,1,52,2" doraHai="84" who="0" fromWho="3" sc="250,39,260,0,240,0,250,-39" /><INIT seed="2,0,0,3,3,27" ten="289,260,240,211" oya="2" hai0="90,26,112,35,34,78,66,85,101,5,57,47,95" hai1="123,6,126,80,40,36,92,114,58,102,59,50,67" hai2="56,64,122,8,83,86,74,14,7,19,93,62,65" hai3="106,110,2,131,81,9,113,73,28,99,29,72,76"/><V37/><F122/><W55/><G110/><T117/><D112/><U97/><E114/><V31/><F37/><W94/><G113/><T17/><D5/><U24/><E126/><V105/><F105/><W75/><G106/><T18/><D117/><U96/><E123/><V33/><F74/><W132/><G132/><T44/><D78/><U133/><E36/><V54/><F93/><W53/><G131/><T42/><D101/><U111/><E111/><V91/><REACH who="2" step="1"/><F7/><REACH who="2" ten="289,260,230,211" step="2"/><W88/><G81/><T12/><D95/><U69/><E6/><V125/><F125/><W103/><G2/><T130/><D130/><U68/><E80/><V4/><F4/><W77/><G103/><T109/><D109/><U127/><E92/><V116/><F116/><W43/><G77/><T118/><D118/><U21/><E102/><V70/><F70/><W128/><G76/><T87/><D90/><U100/><E100/><V30/><F30/><W107/><G107/><T32/><D18/><U41/><E68/><V60/><F60/><W98/><G128/><T129/><D17/><U13/><E69/><V0/><F0/><W15/><G99/><T38/><D129/><U3/><E3/><V82/><F82/><W46/><G29/><T52/><D87/><U108/><E96/><V1/><F1/><W10/><G28/><T20/><D85/><U124/><E97/><V11/><F11/><W104/><G104/><T23/><D38/><U22/><E124/><V51/><F51/><N who="3" m="27103" /><G9/><T89/><D89/><U84/><E127/><V61/><F61/><W71/><G71/><T135/><D135/><RYUUKYOKU ba="0,1" sc="289,-15,260,-15,230,15,211,15" hai2="8,14,19,31,33,54,56,62,64,65,83,86,91" hai3="10,15,53,55,72,73,75,88,94,98" /><INIT seed="2,1,1,4,0,83" ten="274,245,245,226" oya="2" hai0="107,94,77,9,111,49,68,47,12,0,109,93,72" hai1="73,88,60,25,71,18,22,70,56,46,36,106,1" hai2="58,100,66,118,35,89,132,11,130,21,86,7,122" hai3="98,2,3,76,96,41,32,119,92,14,101,84,57"/><V29/><F122/><W128/><G119/><T127/><D0/><U108/><E1/><V102/><F35/><W28/><G128/><T116/><D68/><U123/><E123/><V104/><F104/><W99/><G41/><N who="0" m="24815" /><D107/><U5/><E5/><V20/><F130/><W75/><G75/><T16/><D127/><U4/><E4/><V33/><F33/><W97/><G32/><T133/><D133/><U10/><E10/><V105/><F132/><W91/><G28/><T81/><D116/><U63/><E73/><V37/><F37/><W80/><G14/><T74/><D74/><U54/><E108/><AGARI ba="1,1" hai="9,12,16,72,77,81,93,94,108,109,111" m="24815" machi="108" ten="30,2000,0" yaku="14,1,54,1" doraHai="83" who="0" fromWho="1" sc="274,33,245,-23,245,0,226,0" /><INIT seed="3,0,0,3,2,98" ten="307,222,245,226" oya="3" hai0="90,48,93,111,16,116,132,113,108,50,32,79,102" hai1="21,123,110,119,67,36,114,73,133,12,5,15,10" hai2="64,3,65,46,13,106,122,129,44,22,69,60,127" hai3="63,34,4,27,103,42,56,75,54,14,53,61,88"/><W45/><G75/><T78/><D32/><U26/><E36/><V81/><F3/><W118/><G118/><T109/><D116/><U41/><E41/><V66/><F106/><W135/><G135/><T120/><D120/><U83/><E119/><V52/><F81/><W37/><G27/><T87/><D113/><U131/><E114/><V97/><F122/><W99/><G34/><T40/><D132/><U23/><E123/><V86/><F127/><W95/><G14/><T59/><D102/><U2/><E67/><V104/><F86/><W101/><G4/><T29/><D29/><N who="1" m="17615" /><E83/><V62/><F129/><W80/><G80/><T117/><D117/><U25/><E73/><V51/><F44/><W57/><AGARI ba="0,0" hai="37,42,45,53,54,56,57,61,63,88,95,99,101,103" machi="57" ten="30,12000,1" yaku="0,1,9,1,52,2,54,1" doraHai="98" who="3" fromWho="3" sc="307,-40,222,-40,245,-40,226,120" /><INIT seed="3,1,0,3,3,49" ten="267,182,205,346" oya="3" hai0="32,58,88,39,34,23,70,72,48,123,71,120,82" hai1="133,26,121,94,0,119,57,86,84,115,134,93,51" hai2="112,74,9,30,67,33,14,107,83,90,117,66,29" hai3="127,8,85,52,18,110,20,102,64,43,19,1,15"/><W46/><G1/><T37/><D23/><U54/><E121/><V122/><F112/><W103/><G64/><T7/><D7/><U99/><E115/><V100/><F117/><W76/><G127/><T6/><D6/><U109/><E119/><V65/><F33/><W129/><G129/><T104/><D104/><U22/><E0/><V3/><F3/><W80/><G43/><T41/><D72/><U106/><E109/><V62/><F62/><W89/><G76/><T69/><D58/><U108/><E106/><V128/><F128/><W79/><G79/><T16/><D48/><U10/><E10/><V17/><F122/><N who="0" m="46634" /><D82/><U4/><E4/><V56/><F56/><W87/><G87/><T77/><D77/><U60/><E51/><V11/><F11/><W25/><G110/><T42/><D16/><N who="1" m="12615" /><E93/><V96/><F74/><W40/><G40/><N who="0" m="15467" /><D88/><N who="1" m="55751" /><E108/><V78/><F78/><W126/><G126/><T132/><D132/><AGARI ba="1,0" hai="54,57,60,84,86,132,133,134" m="55751,12615" machi="132" ten="30,8000,1" yaku="25,1,20,1,52,1,54,2" doraHai="49" who="1" fromWho="0" sc="267,-83,182,83,205,0,346,0" /><INIT seed="4,0,0,1,2,63" ten="184,265,205,346" oya="0" hai0="43,90,89,80,77,95,11,8,129,36,9,104,75" hai1="124,115,7,128,134,28,38,12,2,19,97,132,64" hai2="81,67,57,49,84,65,102,5,25,121,15,50,58" hai3="100,99,32,79,94,34,51,29,73,109,107,27,125"/><T37/><D104/><U88/><E38/><V16/><F102/><W126/><G109/><T131/><D90/><U66/><E124/><N who="3" m="47722" /><G51/><N who="2" m="19465" /><F25/><W35/><G94/><T52/><D52/><U82/><E128/><N who="0" m="49225" /><D43/><U113/><E28/><V108/><F5/><W105/><G105/><T47/><D47/><U86/><E97/><AGARI ba="0,0" hai="8,9,11,36,37,75,77,80,89,95,97" m="49225" machi="97" ten="30,1500,0" yaku="19,1" doraHai="63" who="0" fromWho="1" sc="184,15,265,-15,205,0,346,0" /><INIT seed="4,1,0,0,3,4" ten="199,250,205,346" oya="0" hai0="84,14,12,36,11,123,6,53,126,55,111,118,15" hai1="21,73,56,72,92,48,125,58,87,67,30,96,108" hai2="127,82,5,91,29,122,24,112,13,40,18,32,77" hai3="78,46,52,70,45,62,110,124,50,132,101,113,39"/><T38/><D118/><U114/><E108/><V80/><F122/><W129/><G78/><T79/><D123/><U22/><E125/><V35/><F35/><W120/><G101/><T131/><D131/><U41/><E114/><V75/><F127/><W54/><G120/><T49/><D126/><U63/><E87/><V85/><F112/><W27/><G27/><T109/><D55/><U86/><E86/><V31/><F31/><W93/><G124/><T98/><D98/><U71/><E71/><V130/><F130/><W47/><G93/><T60/><D60/><U103/><E21/><V17/><REACH who="2" step="1"/><F40/><REACH who="2" ten="199,250,195,346" step="2"/><W119/><G113/><T95/><D38/><U68/><E41/><V66/><F66/><W10/><G129/><T128/><D36/><U25/><E68/><V104/><F104/><W69/><G39/><T88/><D128/><U99/><E99/><V57/><F57/><W1/><G70/><T90/><D79/><U9/><E58/><V3/><F3/><W97/><G1/><T102/><D102/><U2/><E48/><V64/><F64/><W44/><G69/><T117/><D90/><U0/><E0/><V7/><F7/><AGARI ba="1,1" hai="2,7,9,22,25,30,56,63,67,72,73,92,96,103" machi="7" ten="40,5200,0" yaku="25,2,52,1" doraHai="4" who="1" fromWho="2" sc="199,0,250,65,195,-55,346,0" /><INIT seed="5,0,0,5,4,84" ten="199,315,140,346" oya="1" hai0="86,83,56,16,112,24,50,52,99,81,69,131,47" hai1="106,80,28,122,33,54,70,60,90,23,108,135,40" hai2="44,88,97,58,68,65,51,4,11,87,35,10,15" hai3="120,19,117,7,43,121,71,14,25,100,64,134,39"/><U73/><E122/><V82/><F35/><W72/><G72/><T89/><D112/><U29/><E33/><V119/><F119/><W2/><G134/><T132/><D69/><U32/><E32/><V37/><F37/><W8/><G25/><T111/><D111/><U104/><E40/><V127/><F68/><W22/><G100/><T1/><D1/><U76/><E135/><V48/><F127/><W18/><G18/><T9/><D131/><U61/><E61/><N who="2" m="38071" /><F11/><W79/><G79/><T115/><D115/><U116/><E116/><V5/><F5/><W13/><G2/><T21/><D132/><U67/><E108/><V77/><F44/><W130/><G130/><T123/><D123/><U66/><E66/><V31/><F31/><W85/><G117/><T103/><D9/><U124/><E29/><V63/><F63/><W55/><G121/><T114/><D114/><U57/><E124/><V27/><F27/><W26/><G26/><T102/><D99/><U118/><E118/><V53/><F53/><W95/><G55/><T96/><D96/><U20/><E54/><V46/><F46/><W113/><G39/><T36/><REACH who="0" step="1"/><D83/><REACH who="0" ten="189,315,140,346" step="2"/><U3/><E3/><V105/><F105/><W91/><G120/><T78/><D78/><U129/><E70/><V101/><F101/><W42/><G113/><T128/><D128/><U30/><E129/><V75/><F97/><W41/><G71/><T59/><D59/><U49/><E104/><V38/><F38/><W74/><G8/><T125/><D125/><U93/><E106/><V126/><F126/><W92/><G74/><RYUUKYOKU ba="0,1" sc="189,15,315,-15,140,15,346,-15" hai0="16,21,24,36,47,50,52,56,81,86,89,102,103" hai2="4,10,15,48,51,75,77,82,87,88" /><INIT seed="6,1,1,5,1,103" ten="204,300,155,331" oya="2" hai0="0,90,69,118,34,9,92,1,3,84,30,134,50" hai1="121,14,45,55,26,114,35,17,10,89,75,47,46" hai2="38,18,40,22,73,52,32,59,129,132,102,37,99" hai3="117,96,124,76,13,107,41,2,72,119,104,79,68"/><V109/><F129/><W97/><G2/><T12/><D69/><U53/><E75/><V4/><F132/><W23/><G68/><T61/><D134/><U93/><E114/><V115/><F32/><W88/><G41/><T66/><D50/><U5/><E121/><V48/><F115/><W87/><G23/><T11/><D118/><N who="3" m="45065" /><G13/><T21/><D34/><U133/><E133/><V108/><F73/><W116/><G124/><T126/><D126/><U127/><E127/><V8/><F40/><W42/><G42/><T112/><D112/><U125/><E125/><V80/><F80/><N who="3" m="45063" /><G79/><T15/><D61/><U74/><E74/><V78/><F78/><W24/><G24/><T25/><D66/><U113/><E113/><V51/><F51/><W77/><G77/><T85/><D85/><N who="1" m="52399" /><E35/><V110/><F18/><W28/><G28/><T65/><D65/><U20/><AGARI ba="1,1" hai="5,10,14,17,20,26,45,46,47,53,55" m="52399" machi="20" ten="30,1100,0" yaku="8,1" doraHai="103" who="1" fromWho="1" sc="204,-4,300,24,155,-6,331,-4" /><INIT seed="7,0,0,4,1,121" ten="200,324,149,327" oya="3" hai0="79,98,56,58,115,4,109,65,84,43,117,63,67" hai1="16,83,47,36,135,17,31,100,55,40,95,96,130" hai2="61,99,119,9,76,64,77,0,60,33,21,38,57" hai3="13,91,29,105,92,102,72,106,2,10,89,111,120"/><W54/><G120/><T108/><D4/><U28/><E130/><V132/><F33/><W87/><G72/><T114/><D98/><U5/><E135/><V45/><F132/><W52/><G111/><N who="0" m="42571" /><D84/><U1/><E83/><V39/><F119/><W85/><G2/><T20/><D20/><U70/><E70/><V75/><F21/><W86/><G29/><T49/><D79/><U25/><E55/><N who="3" m="21034" /><G106/><T118/><D65/><U93/><E93/><V104/><F60/><W69/><G69/><T123/><D123/><U124/><E28/><V24/><F24/><W71/><G71/><T59/><D59/><U41/><E41/><V74/><F74/><W51/><G105/><T19/><D19/><U18/><E5/><V50/><F75/><W44/><G102/><T68/><D56/><U37/><E37/><V116/><F116/><N who="0" m="44650" /><D58/><U7/><E7/><V12/><F0/><W133/><G133/><T129/><D129/><U26/><E1/><V128/><F128/><W134/><G134/><T81/><D81/><U11/><E25/><V78/><F104/><W107/><G107/><T35/><D35/><N who="1" m="20983" /><E11/><V80/><F80/><W101/><G101/><T34/><D34/><U42/><E42/><V23/><F23/><W82/><G82/><T48/><D43/><U46/><E46/><V32/><F32/><W125/><G44/><T94/><D94/><U15/><E15/><V8/><F99/><W103/><G92/><T127/><D127/><U112/><E124/><V131/><F131/><W3/><G125/><T53/><D53/><U27/><E27/><V66/><F9/><RYUUKYOKU ba="0,0" sc="200,15,324,15,149,-15,327,-15" hai0="48,49,63,67,68,114,115" hai1="16,17,18,36,40,47,95,96,100,112" owari="215,-18.5,339,43.9,134,-36.6,312,11.2" /></mjloggm>