<mjloggm ver="2.3"><GO type="169" lobby="0"/><UN n0="%E3%82%89%E3%81%84%E3%81%82%E3%82%93%E3%81%98%E3%82%83%E3%82%93" n1="%E3%83%8A%E3%83%8A%E3%82%A4%E3%83%AD%E3%83%A9%E3%82%A4%E3%83%88%E2%98%86" n2="%4E%49%4A%49%49%52%4F" n3="%E3%81%BD%E3%81%A3%E3%81%91%E3%81%95%E3%82%93" dan="16,16,17,16" rate="2089.53,2077.64,2218.74,2130.95" sx="M,F,M,M"/><TAIKYOKU oya="0"/><INIT seed="0,0,0,2,2,89" ten="250,250,250,250" oya="0" hai0="62,113,98,3,39,16,129,10,9,102,2,114,134" hai1="128,24,132,46,32,99,30,17,29,18,123,87,75" hai2="97,107,37,124,101,1,100,25,50,122,84,80,55" hai3="54,12,41,45,56,120,4,28,110,90,49,131,6"/><T60/><D39/><U85/><E123/><V64/><F122/><W68/><G120/><T78/><D78/><U40/><E128/><V5/><F37/><W96/><G68/><T69/><D129/><U111/><E111/><V76/><F124/><W22/><G110/><T82/><D82/><U117/><E117/><V106/><F64/><W58/><G131/><T52/><D134/><U127/><E127/><V73/><F25/><W26/><G12/><T72/><D72/><U20/><E75/><V11/><F100/><W47/><G58/><T88/><D69/><U91/><E132/><V92/><REACH who="2" step="1"/><F73/><REACH who="2" ten="250,250,240,250" step="2"/><W74/><G74/><T125/><D125/><U14/><E30/><V77/><F77/><W66/><G66/><T0/><D102/><U130/><E130/><V86/><F86/><W61/><G47/><AGARI ba="0,1" hai="1,5,11,47,50,55,76,80,84,92,97,101,106,107" machi="47" ten="30,3900,0" yaku="1,1,7,1,52,1,53,0" doraHai="89" doraHaiUra="133" who="2" fromWho="3" sc="250,0,250,0,240,49,250,-39" /><INIT seed="1,0,0,2,1,123" ten="250,250,289,211" oya="1" hai0="108,77,107,40,48,13,116,93,7,14,104,63,113" hai1="101,43,8,65,106,79,59,110,115,99,124,128,90" hai2="135,38,91,35,97,20,1,16,4,45,57,22,133" hai3="111,82,11,66,122,131,2,19,24,5,74,100,103"/><U29/><E115/><V71/><F71/><W39/><G39/><T105/><D113/><U125/><E128/><V85/><F35/><W81/><G122/><T127/><D116/><U89/><E79/><V9/><F97/><W52/><G66/><T126/><D77/><U0/><E29/><V109/><F109/><W27/><G131/><T130/><D130/><U64/><E43/><V6/><F6/><W46/><G111/><T132/><D132/><N who="2" m="50762" /><F57/><W58/><G46/><T60/><D108/><U31/><E31/><V119/><F119/><W28/><G24/><T44/><D93/><U68/><E68/><V26/><F20/><W134/><G19/><T32/><D32/><U114/><E114/><V50/><F38/><W112/><G112/><T37/><D37/><U87/><E110/><V73/><F73/><W72/><G134/><T62/><REACH who="0" step="1"/><D7/><REACH who="0" ten="240,250,289,211" step="2"/><U129/><E129/><V49/><F45/><W120/><G120/><T118/><D118/><U80/><E90/><V70/><F70/><W121/><G121/><T76/><D76/><U51/><E59/><V92/><AGARI ba="0,1" hai="1,4,9,16,22,26,49,50,85,91,92" m="50762" machi="92" ten="30,2000,0" yaku="20,1,54,1" doraHai="123" who="2" fromWho="2" sc="240,-5,250,-10,289,30,211,-5" /><INIT seed="2,0,0,2,5,98" ten="235,240,319,206" oya="2" hai0="130,54,41,35,2,52,103,113,32,53,127,70,7" hai1="26,13,48,75,99,5,85,59,36,62,118,16,46" hai2="112,66,37,25,81,105,57,47,27,50,95,83,1" hai3="8,126,28,22,89,24,10,49,101,132,84,23,31"/><V134/><F105/><W61/><G126/><T30/><D127/><U110/><E118/><V119/><F119/><W42/><G132/><T67/><D113/><U92/><E75/><V135/><F112/><W74/><G74/><T94/><D41/><U111/><E36/><V80/><F37/><W115/><G61/><T77/><D130/><U58/><E85/><V63/><F1/><W17/><G115/><T88/><D77/><U71/><E71/><V12/><F12/><W129/><G31/><T106/><D70/><U65/><E26/><V51/><F51/><W43/><G129/><T33/><D67/><U73/><E5/><V40/><REACH who="2" step="1"/><F95/><REACH who="2" ten="235,240,309,206" step="2"/><W122/><G49/><T96/><D2/><U21/><E73/><V9/><F9/><W34/><G10/><T131/><D131/><U114/><E114/><V107/><F107/><W55/><G8/><T104/><D104/><U109/><E62/><V120/><F120/><W82/><G122/><T87/><REACH who="0" step="1"/><D7/><REACH who="0" ten="225,240,309,206" step="2"/><U86/><E110/><V14/><F14/><W121/><G121/><T117/><D117/><U29/><E111/><V97/><F97/><W39/><G39/><T123/><D123/><U0/><E0/><V15/><F15/><W79/><G43/><T38/><D38/><U3/><E3/><V69/><F69/><W125/><G42/><T124/><D124/><U4/><E109/><V93/><F93/><W60/><G125/><T6/><D6/><U11/><E99/><V91/><F91/><W64/><G89/><T133/><D133/><AGARI ba="0,2" hai="25,27,40,47,50,57,63,66,80,81,83,133,134,135" machi="133" ten="40,7700,0" yaku="1,1,20,1,53,1" doraHai="98" doraHaiUra="44" who="2" fromWho="0" sc="225,-77,240,0,309,97,206,0" /><INIT seed="2,1,0,4,4,111" ten="148,240,406,206" oya="2" hai0="16,65,49,113,66,108,102,129,7,119,14,133,29" hai1="23,78,106,0,86,89,61,75,1,98,132,88,110" hai2="10,114,69,112,15,24,28,85,25,26,128,19,82" hai3="80,55,20,8,52,12,118,130,100,53,54,131,38"/><V4/><F69/><W72/><G118/><T101/><D119/><U77/><E110/><V90/><F128/><W117/><G117/><T94/><D129/><N who="3" m="49161" /><G38/><T104/><D108/><U45/><E132/><V6/><REACH who="2" step="1"/><F28/><REACH who="2" ten="148,240,396,206" step="2"/><W68/><G68/><T115/><D133/><U83/><E1/><V47/><F47/><W99/><G72/><T73/><D29/><U91/><E0/><V84/><F84/><W71/><G71/><T44/><D73/><U2/><E2/><V43/><F43/><W41/><G41/><T64/><D44/><U79/><E45/><V30/><F30/><W67/><G67/><T56/><D66/><U105/><E75/><V21/><F21/><W123/><G20/><N who="0" m="11287" /><D65/><U39/><E23/><V33/><F33/><W87/><G123/><T124/><D64/><U32/><E32/><V50/><F50/><W76/><G55/><T125/><D49/><U5/><E39/><V109/><F109/><W81/><G87/><T97/><D56/><U92/><E61/><V42/><F42/><W51/><G51/><T46/><D46/><U27/><E27/><V107/><F107/><N who="1" m="40969" /><E5/><AGARI ba="1,1" hai="4,5,6,10,15,19,24,25,26,82,85,90,112,114" machi="5" ten="40,7700,0" yaku="1,1,52,2,53,0" doraHai="111" doraHaiUra="126" who="2" fromWho="1" sc="148,0,240,-80,396,90,206,0" /><INIT seed="2,2,0,2,4,17" ten="148,160,486,206" oya="2" hai0="8,115,113,109,86,50,7,82,56,62,102,4,69" hai1="127,52,3,41,112,23,36,77,124,15,72,134,130" hai2="47,30,107,98,106,99,61,48,64,33,10,38,42" hai3="101,111,55,14,12,97,117,27,92,21,104,100,84"/><V81/><F38/><W116/><G111/><T44/><D109/><U71/><E112/><V1/><F81/><W96/><G84/><T25/><D102/><U89/><E3/><V88/><F98/><W13/><REACH who="3" step="1"/><G55/><REACH who="3" ten="148,160,486,196" step="2"/><N who="0" m="30151" /><D113/><U43/><E52/><V63/><F64/><W132/><G132/><T119/><D115/><U91/><E134/><V105/><F107/><W135/><G135/><T93/><D119/><U40/><E36/><V59/><F105/><W53/><G53/><N who="0" m="34063" /><D93/><U19/><E130/><V37/><F106/><W16/><AGARI ba="2,1" hai="12,13,14,16,21,27,92,96,97,100,101,104,116,117" machi="16" ten="30,7900,0" yaku="1,1,0,1,52,1,54,1,53,0" doraHai="17" doraHaiUra="32" who="3" fromWho="3" sc="148,-22,160,-22,486,-41,196,95" /><INIT seed="3,0,0,5,4,118" ten="126,138,445,291" oya="3" hai0="92,128,39,82,83,95,27,43,31,47,59,15,18" hai1="63,10,22,93,72,60,45,104,109,71,87,50,94" hai2="129,2,101,23,113,103,132,70,44,0,19,102,21" hai3="105,117,55,86,64,32,68,33,53,52,74,81,80"/><W120/><G117/><T69/><D128/><U4/><E72/><V98/><F113/><W90/><G105/><T29/><D69/><U61/><E104/><V6/><F70/><W115/><G115/><T97/><D31/><U35/><E35/><V84/><F129/><W67/><G120/><T57/><D57/><U112/><E112/><V89/><F132/><W48/><G48/><T122/><D122/><U11/><E109/><V124/><F124/><W24/><G24/><T76/><D76/><U5/><E22/><V110/><F110/><W40/><G40/><T78/><D78/><U17/><E17/><V46/><F98/><W7/><G7/><T36/><D36/><U134/><E71/><V62/><F62/><W119/><G119/><T114/><D114/><U49/><E134/><V106/><F106/><W96/><G96/><T9/><D59/><U85/><E61/><V1/><F6/><W3/><G3/><T58/><D58/><U65/><REACH who="1" step="1"/><E45/><REACH who="1" ten="126,128,445,291" step="2"/><V107/><F107/><W30/><G30/><T133/><D133/><U126/><E126/><V25/><F23/><W13/><G33/><T108/><D108/><U79/><E79/><V127/><F127/><W88/><G32/><T121/><D29/><U116/><E116/><V16/><F19/><W34/><G34/><T99/><D47/><U131/><E131/><V26/><F46/><W111/><G111/><T37/><D18/><U51/><E51/><V77/><F44/><W125/><G125/><T73/><D73/><U135/><E135/><V8/><F21/><W75/><G68/><T41/><D37/><RYUUKYOKU ba="0,1" sc="126,-10,128,30,445,-10,291,-10" hai1="4,5,10,11,49,50,60,63,65,85,87,93,94" /><INIT seed="4,1,1,1,2,94" ten="116,158,435,281" oya="0" hai0="86,93,98,128,102,26,28,15,2,56,96,45,43" hai1="106,21,33,67,90,117,118,58,119,124,74,48,13" hai2="37,42,85,77,7,97,10,52,72,100,95,34,50" hai3="9,12,129,32,83,5,81,110,46,71,135,53,36"/><T17/><D2/><U70/><E33/><V105/><F34/><W35/><G71/><T49/><D128/><U88/><E124/><V121/><F121/><W104/><G129/><T16/><D56/><U20/><E74/><V1/><F37/><W57/><G104/><T79/><D102/><U6/><E106/><V47/><F72/><W112/><G112/><T132/><D132/><U38/><E38/><V133/><F133/><W64/><G64/><T101/><D101/><U68/><E6/><V65/><F65/><W126/><G126/><T40/><D40/><U11/><E68/><V4/><F4/><W61/><G135/><T39/><D39/><U130/><E70/><V59/><F77/><W75/><G110/><T78/><D93/><U23/><E130/><V30/><F30/><W127/><G127/><T76/><D86/><U31/><E31/><V44/><F42/><W109/><G109/><T69/><D69/><U87/><E87/><V24/><F24/><W29/><G75/><T27/><D28/><U111/><E111/><V108/><F108/><W19/><G35/><T51/><D51/><U116/><N who="1" m="29696" /><DORA hai="114" /><U92/><E92/><V89/><AGARI ba="1,1" hai="1,7,10,44,47,50,52,59,85,89,95,97,100,105" machi="89" ten="30,4000,0" yaku="0,1,52,1,54,1" doraHai="94,114" who="2" fromWho="2" sc="116,-21,158,-11,435,53,281,-11" /><INIT seed="5,0,0,0,5,43" ten="95,147,488,270" oya="1" hai0="90,86,61,24,108,134,99,14,60,71,85,12,3" hai1="91,22,119,101,135,96,56,125,58,52,80,48,114" hai2="16,105,79,37,69,34,7,118,1,64,77,126,98" hai3="103,95,32,36,78,49,70,55,66,57,23,67,40"/><U41/><E119/><V15/><F37/><W131/><G32/><T72/><D108/><U74/><E114/><V47/><F34/><W4/><G78/><T97/><D72/><U8/><E135/><V62/><F126/><W111/><G4/><T83/><D3/><U76/><E125/><V50/><F118/><W128/><G23/><T59/><D71/><U123/><E123/><V102/><F7/><W31/><G31/><T27/><D134/><U13/><E41/><V44/><F44/><N who="3" m="23559" /><G95/><T6/><D6/><U107/><E22/><V94/><F1/><W17/><G17/><T21/><D61/><U92/><E58/><V45/><F105/><W84/><G84/><T132/><D132/><U130/><E130/><N who="3" m="49706" /><G103/><T2/><D2/><U115/><E115/><V120/><F79/><W82/><G82/><T30/><D85/><U113/><E113/><V25/><F77/><W122/><G122/><T87/><D87/><U68/><E68/><V106/><F25/><W54/><G70/><T0/><D0/><U26/><E26/><V35/><F35/><W18/><G18/><T51/><D24/><U9/><REACH who="1" step="1"/><E13/><REACH who="1" ten="95,137,488,270" step="2"/><V75/><F15/><W19/><G111/><T110/><D110/><U42/><E42/><V100/><F120/><W104/><G57/><T53/><D12/><U73/><E73/><V121/><F75/><W109/><G109/><T29/><D14/><U124/><E124/><V112/><F69/><W117/><G117/><T11/><D21/><U129/><E129/><V46/><F121/><W63/><G19/><T38/><D11/><U10/><E10/><RYUUKYOKU ba="0,1" sc="95,-10,137,30,488,-10,270,-10" hai1="8,9,48,52,56,74,76,80,91,92,96,101,107" /><INIT seed="5,1,1,1,5,13" ten="85,167,478,260" oya="1" hai0="103,55,80,45,87,58,46,101,73,20,66,98,21" hai1="40,6,100,108,104,102,122,52,126,5,31,92,2" hai2="23,111,34,115,119,38,3,26,133,127,37,110,27" hai3="109,123,88,78,48,24,84,59,68,0,53,25,117"/><U116/><E116/><V62/><F62/><W15/><G0/><T39/><D73/><U128/><E122/><V107/><F23/><W49/><G68/><T83/><D66/><U91/><E128/><V57/><F57/><W82/><G109/><T35/><D35/><U94/><E108/><V65/><F65/><W29/><G123/><T114/><D114/><U33/><E40/><V105/><F34/><W22/><G117/><T42/><D46/><U96/><E126/><V18/><F18/><N who="3" m="10591" /><G29/><T106/><D101/><U72/><E72/><V79/><F3/><W50/><G78/><T89/><REACH who="0" step="1"/><D80/><REACH who="0" ten="75,167,478,260" step="2"/><U93/><E102/><V11/><F115/><W81/><G82/><T135/><D135/><U16/><E33/><V118/><F133/><W64/><G64/><T12/><D12/><U71/><E100/><V1/><F111/><W7/><G7/><T56/><D56/><U76/><E71/><V44/><F110/><W70/><G70/><T95/><D95/><U19/><E104/><V61/><F107/><W69/><G69/><T67/><D67/><U132/><E132/><V10/><F105/><W30/><G30/><T75/><D75/><U129/><E31/><V9/><F119/><W36/><G36/><T74/><D74/><U134/><E134/><V99/><F37/><W14/><G14/><T86/><D86/><U125/><E94/><V41/><F38/><W60/><AGARI ba="1,2" hai="24,25,48,49,50,53,59,60,81,84,88" m="10591" machi="60" ten="30,4000,0" yaku="8,1,52,1,54,1" doraHai="13" who="3" fromWho="3" sc="75,-11,167,-21,478,-11,260,63" /><INIT seed="6,0,0,1,5,123" ten="64,146,467,323" oya="2" hai0="20,126,30,3,97,22,132,47,38,114,85,92,72" hai1="58,74,80,45,67,32,93,129,82,76,28,5,69" hai2="96,103,125,34,1,57,108,88,12,111,17,37,101" hai3="0,94,59,43,65,11,52,130,83,39,117,50,21"/><V100/><F34/><W8/><G117/><T41/><D114/><U110/><E129/><V51/><F1/><W16/><G130/><T81/><D126/><U46/><E69/><V112/><F37/><W40/><G65/><T36/><D132/><U68/><E68/><V55/><F125/><W33/><G33/><T70/><D70/><U106/><E106/><V27/><F27/><W44/><G0/><T13/><D3/><U71/><E71/><V87/><F96/><W77/><G94/><T53/><D72/><U122/><E5/><V49/><F49/><W10/><G43/><T133/><D133/><U35/><E122/><V7/><F7/><W135/><G135/><T98/><D36/><U25/><E35/><V14/><F112/><W64/><G64/><T73/><D73/><U56/><E110/><N who="2" m="42027" /><F17/><W48/><G39/><T84/><D98/><U6/><E6/><V105/><F105/><W128/><G128/><T120/><D97/><U102/><E25/><V91/><F91/><W134/><G134/><T31/><D120/><U42/><E32/><V61/><F61/><W107/><G107/><T127/><D127/><U89/><E89/><V26/><F26/><W121/><G121/><T4/><D38/><U23/><E28/><V99/><F99/><W62/><G62/><T131/><D131/><U90/><E90/><V109/><N who="2" m="42035" /><V66/><DORA hai="119" /><F66/><W63/><G63/><T54/><D4/><U79/><E67/><V9/><F9/><W95/><G11/><T113/><D113/><U29/><E29/><V15/><F101/><W75/><G95/><AGARI ba="0,0" hai="12,14,15,51,55,57,87,88,95,100,103" m="42035" machi="95" ten="40,18000,2" yaku="6,1,10,1,52,4,54,1" doraHai="123,119" who="2" fromWho="3" sc="64,0,146,0,467,180,323,-180" /><INIT seed="6,1,0,2,4,106" ten="64,146,647,143" oya="2" hai0="38,71,92,19,118,121,83,133,25,77,91,54,82" hai1="104,29,32,58,57,13,66,43,127,117,49,105,109" hai2="55,15,94,36,42,88,96,7,30,101,131,107,40" hai3="125,27,1,68,28,45,135,6,129,46,67,60,119"/><V95/><F131/><W47/><G119/><T20/><D121/><U10/><E109/><V12/><F107/><W79/><G129/><T23/><D133/><U86/><E117/><V103/><F36/><W11/><G135/><T85/><D118/><U34/><E127/><V73/><F73/><W99/><G125/><T108/><D108/><U80/><E104/><V116/><F116/><W98/><REACH who="3" step="1"/><G79/><REACH who="3" ten="64,146,647,133" step="2"/><T14/><D71/><U52/><E105/><V65/><F101/><W130/><G130/><T18/><D77/><U69/><E69/><V74/><F103/><W90/><G90/><T84/><D38/><U53/><E32/><AGARI ba="1,1" hai="1,6,11,27,28,32,45,46,47,60,67,68,98,99" machi="32" ten="40,1300,0" yaku="1,1,53,0" doraHai="106" doraHaiUra="51" who="3" fromWho="1" sc="64,0,146,-16,647,0,133,26" /><INIT seed="7,0,0,1,1,7" ten="64,130,647,159" oya="3" hai0="25,97,71,54,6,73,16,49,114,46,96,48,52" hai1="91,53,58,81,79,102,86,4,76,119,38,17,32" hai2="67,99,112,44,31,57,70,69,95,66,101,28,135" hai3="89,98,0,74,106,117,129,111,3,124,116,78,65"/><W10/><G65/><T93/><D73/><U127/><E38/><V105/><F112/><W77/><G124/><T14/><D114/><U63/><E127/><V27/><F135/><W26/><G129/><T82/><D71/><U87/><E32/><V115/><F115/><W12/><G26/><T75/><D93/><U107/><E119/><V62/><F44/><W23/><G23/><N who="0" m="13543" /><D75/><U8/><E17/><V113/><F113/><W88/><G74/><T80/><D82/><U22/><E22/><V51/><F51/><W60/><G106/><T83/><D80/><U120/><E120/><V121/><F121/><W125/><G125/><T130/><D83/><U108/><E108/><V94/><F31/><W85/><G111/><T72/><D72/><U103/><E107/><V100/><F100/><W68/><G85/><T47/><D130/><U30/><E79/><V126/><F126/><W131/><G131/><T132/><D132/><U9/><E102/><V43/><F43/><W122/><G122/><T29/><D29/><U42/><E30/><V2/><F2/><W34/><G3/><T118/><D118/><U21/><E103/><V61/><F70/><W133/><G0/><T20/><D20/><AGARI ba="0,0" hai="20,27,28,57,61,62,66,67,69,94,95,99,101,105" machi="20" ten="30,1000,0" yaku="7,1" doraHai="7" who="2" fromWho="0" sc="64,-10,130,0,647,10,159,0" owari="54,-44.6,130,-27.0,657,75.7,159,-4.1" /></mjloggm>