<mjloggm ver="2.3"><GO type="169" lobby="0"/><UN n0="%E3%81%8A%E3%81%90%E3%82%89%E3%82%86%E3%81%84" n1="%E8%82%89%E5%9B%A3%E5%AD%90%E5%85%88%E7%94%9F" n2="%E7%B4%AB%E3%81%AE%E9%8F%A1" n3="%7A%65%52%6F" dan="16,16,17,18" rate="2031.04,2062.59,2139.90,2244.01" sx="M,M,M,M"/><TAIKYOKU oya="0"/><INIT seed="0,0,0,4,0,32" ten="250,250,250,250" oya="0" hai0="125,17,21,67,24,10,91,15,107,6,129,77,126" hai1="81,64,19,127,25,101,68,82,13,44,110,122,29" hai2="128,71,1,86,37,41,103,96,113,12,75,116,11" hai3="26,97,98,8,7,120,88,49,74,135,38,123,95"/><T63/><D107/><U33/><E110/><V102/><F113/><W60/><G38/><T117/><D117/><U14/><E122/><V23/><F75/><W54/><G135/><T30/><D129/><U93/><E127/><N who="0" m="48649" /><D77/><U121/><E121/><N who="3" m="46666" /><G74/><T69/><D91/><U106/><E93/><V59/><F37/><W132/><G132/><T42/><D42/><U22/><E14/><V119/><F71/><W100/><G60/><T5/><AGARI ba="0,0" hai="5,6,10,15,17,21,24,30,63,67,69" m="48649" machi="5" ten="30,1500,0" yaku="18,1" doraHai="32" who="0" fromWho="0" sc="250,15,250,-5,250,-5,250,-5" /><INIT seed="0,1,0,5,3,95" ten="265,245,245,245" oya="0" hai0="24,105,96,77,32,109,83,33,126,46,117,114,36" hai1="7,106,48,92,72,101,60,131,43,62,135,23,129" hai2="112,94,80,65,1,34,81,10,70,12,41,89,11" hai3="50,56,99,18,3,86,91,5,128,26,82,57,19"/><T100/><D114/><U111/><E111/><V120/><F120/><W85/><G128/><T53/><D117/><U39/><E106/><V115/><F34/><W45/><G3/><T84/><D126/><U130/><E39/><V0/><F41/><W71/><G71/><T15/><D109/><U102/><E72/><V113/><F65/><W16/><G5/><T63/><D36/><U90/><E135/><V134/><F70/><W122/><G122/><T6/><D24/><U79/><E79/><V55/><F134/><W73/><G73/><T66/><D53/><U29/><E7/><V108/><F108/><W51/><G26/><T67/><D46/><N who="1" m="25695" /><E23/><V21/><F0/><W87/><G51/><T123/><D123/><U88/><E29/><V9/><F1/><W44/><G44/><T103/><D103/><N who="1" m="39435" /><E90/><V61/><F113/><W125/><G125/><T93/><D105/><U127/><E127/><V13/><F112/><W118/><G118/><T28/><D28/><U98/><AGARI ba="1,0" hai="60,62,88,92,98,129,130,131" m="39435,25695" machi="98" ten="40,5200,0" yaku="19,1,52,1,54,1" doraHai="95" who="1" fromWho="1" sc="265,-27,245,55,245,-14,245,-14" /><INIT seed="1,0,0,4,4,71" ten="238,300,231,231" oya="1" hai0="30,132,0,104,35,135,64,79,62,15,124,105,109" hai1="17,78,3,57,61,80,126,95,36,74,101,89,123" hai2="99,116,82,107,41,9,63,77,32,1,7,81,20" hai3="91,96,76,18,45,111,53,54,37,46,113,93,39"/><U128/><E123/><V127/><F116/><W92/><G113/><T38/><D15/><U16/><E3/><V47/><F32/><W19/><G76/><T21/><D79/><U134/><E134/><N who="0" m="51241" /><D21/><U67/><E128/><V44/><F127/><W106/><G106/><T26/><D124/><U100/><E126/><V40/><F63/><W12/><G111/><T118/><D118/><U87/><REACH who="1" step="1"/><E36/><REACH who="1" ten="238,290,231,231" step="2"/><V108/><F1/><W11/><G39/><T42/><D0/><U6/><E6/><V27/><F7/><W114/><G114/><T117/><D117/><U121/><E121/><V25/><F108/><W31/><G37/><T23/><D109/><U5/><E5/><V43/><F43/><W10/><G31/><T131/><D131/><U58/><E58/><V69/><F40/><W52/><G92/><T97/><D42/><U83/><E83/><V55/><F41/><W72/><G72/><T75/><D38/><U33/><E33/><V73/><F73/><W4/><REACH who="3" step="1"/><G19/><AGARI ba="0,1" hai="16,17,19,57,61,67,74,78,80,87,89,95,100,101" machi="19" ten="40,7700,0" yaku="1,1,54,1,53,1" doraHai="71" doraHaiUra="59" who="1" fromWho="3" sc="238,0,290,87,231,0,231,-77" /><INIT seed="1,1,0,2,2,122" ten="238,377,231,154" oya="1" hai0="28,4,1,107,63,108,121,15,51,132,30,46,37" hai1="10,61,82,110,114,93,73,17,5,104,123,3,102" hai2="127,42,120,58,16,117,66,115,95,35,2,38,130" hai3="24,94,39,129,44,18,78,25,60,131,40,26,31"/><U9/><E123/><V59/><F117/><W126/><G126/><T109/><D1/><U116/><E114/><V86/><F120/><W50/><G78/><T97/><D37/><U71/><E116/><V125/><F35/><W69/><G94/><T118/><D118/><U84/><E73/><V27/><F2/><W67/><G18/><T100/><D63/><U81/><E104/><V133/><F115/><W80/><G80/><T89/><D89/><U72/><E72/><V83/><F95/><W34/><REACH who="3" step="1"/><G39/><REACH who="3" ten="238,377,231,144" step="2"/><T103/><D121/><U41/><E82/><V48/><F38/><W33/><G33/><T45/><D103/><U55/><E17/><V22/><F16/><W90/><G90/><T13/><D100/><U8/><E81/><V36/><F83/><W70/><G70/><T68/><D68/><U32/><E71/><V20/><F36/><W79/><G79/><T52/><D97/><U113/><E32/><V96/><F96/><W62/><G62/><T88/><D88/><U85/><E61/><V128/><F127/><W77/><G77/><T53/><D107/><U54/><E102/><V134/><F125/><W64/><G64/><T12/><D4/><U87/><E93/><V105/><F66/><W19/><G19/><T98/><D98/><U21/><E5/><V112/><F105/><W76/><G76/><T74/><D74/><U101/><E101/><V111/><F112/><W0/><G0/><T29/><D132/><U99/><E3/><V106/><F134/><W92/><G92/><T75/><D75/><U91/><E113/><V49/><F106/><RYUUKYOKU ba="1,1" sc="238,15,377,-15,231,-15,144,15" hai0="12,13,15,28,29,30,45,46,51,52,53,108,109" hai3="24,25,26,31,34,40,44,50,60,67,69,129,131" /><INIT seed="2,2,1,0,2,28" ten="253,362,216,159" oya="2" hai0="85,128,16,77,68,12,46,84,40,109,118,59,123" hai1="104,135,96,73,70,78,114,94,86,72,133,122,81" hai2="95,131,102,50,34,80,112,90,119,76,18,111,49" hai3="10,89,129,92,61,38,36,103,101,63,27,15,20"/><V74/><F112/><W25/><G129/><T55/><D68/><U134/><E70/><V110/><F119/><W48/><G38/><T31/><D123/><U42/><E42/><V121/><F121/><W98/><G36/><T117/><D109/><N who="2" m="41482" /><F131/><W108/><G108/><T66/><D66/><U52/><E52/><V24/><F102/><N who="3" m="38923" /><G48/><N who="2" m="18537" /><F18/><N who="3" m="12695" /><G25/><T53/><D128/><U9/><E122/><V41/><F41/><W82/><G82/><T54/><D117/><U19/><E104/><V6/><F6/><AGARI ba="2,1" hai="6,10,15,61,63,89,92,98" m="12695,38923" machi="6" ten="30,1000,0" yaku="8,1" doraHai="28" who="3" fromWho="2" sc="253,0,362,0,216,-16,159,26" /><INIT seed="3,0,0,5,0,86" ten="253,362,200,185" oya="3" hai0="112,81,24,48,68,42,135,16,45,52,35,121,10" hai1="123,82,62,129,113,27,93,59,75,25,85,120,63" hai2="78,51,58,17,83,11,43,41,115,128,95,133,33" hai3="126,132,19,122,114,109,36,56,26,20,15,32,9"/><W96/><G36/><T80/><D121/><U46/><E113/><V40/><F33/><W47/><G114/><T119/><D68/><U3/><E3/><V110/><F115/><W38/><G122/><T18/><D135/><U49/><E129/><V90/><F128/><W39/><G132/><T94/><D119/><U14/><E75/><V22/><F133/><W13/><G126/><T8/><D35/><U4/><E93/><V91/><F110/><W71/><G71/><T117/><D117/><U105/><E105/><V50/><F11/><N who="0" m="4138" /><D24/><U73/><E14/><V108/><F108/><W12/><G109/><T44/><D94/><U88/><E4/><V87/><F58/><W74/><G74/><T65/><D65/><U72/><E73/><V100/><F100/><W111/><G111/><T116/><D116/><U31/><E72/><V118/><F118/><W23/><G32/><T60/><D112/><U53/><E63/><V101/><F101/><W6/><G39/><T29/><D29/><U89/><E123/><V77/><F51/><W79/><G23/><T92/><D92/><N who="1" m="54287" /><E31/><V107/><F50/><W66/><G79/><T70/><D70/><U99/><E120/><V55/><F107/><W7/><G7/><T5/><D5/><U34/><E34/><V104/><F104/><W57/><G66/><T2/><D2/><U131/><E131/><V98/><F55/><W54/><G54/><T127/><D52/><N who="1" m="29751" /><E82/><V106/><F106/><W76/><G6/><T0/><D0/><U30/><E30/><V69/><F69/><W130/><G130/><T84/><D80/><RYUUKYOKU ba="0,0" sc="253,-15,362,15,200,15,185,-15" hai1="25,27,53,59,62,89,99" hai2="17,22,40,41,43,77,78,83,87,90,91,95,98" /><INIT seed="4,1,0,0,2,35" ten="238,377,215,170" oya="0" hai0="28,117,72,128,46,134,135,97,93,83,32,109,121" hai1="74,36,37,13,119,44,92,70,33,116,112,10,122" hai2="56,5,113,31,0,42,89,90,12,104,132,98,127" hai3="76,2,102,115,29,24,124,39,51,14,120,55,6"/><T106/><D46/><U131/><E122/><V62/><F113/><W3/><G39/><T66/><D66/><U53/><E74/><V54/><F132/><N who="0" m="50730" /><D28/><U95/><E33/><V94/><F127/><W85/><G115/><T79/><D32/><U82/><E82/><V71/><F31/><W34/><G124/><T133/><D133/><U123/><E70/><V84/><F42/><W50/><G120/><T86/><D121/><U26/><E26/><V57/><F71/><W107/><G107/><T78/><D117/><U110/><E123/><V100/><F89/><W101/><G76/><N who="0" m="44423" /><D128/><U80/><E131/><V125/><F125/><W4/><G14/><T96/><D109/><U87/><E110/><V63/><F12/><W43/><G43/><T41/><D41/><U65/><E13/><V22/><F22/><W126/><G126/><T7/><D7/><U27/><E65/><V45/><F45/><W1/><G85/><T25/><D25/><U73/><E87/><V77/><F77/><N who="0" m="29194" /><D106/><U81/><E37/><V58/><REACH who="2" step="1"/><F54/><REACH who="2" ten="238,377,205,170" step="2"/><W38/><G55/><T91/><AGARI ba="1,1" hai="86,91,93,96,97" m="29194,44423,50730" machi="91" ten="30,6000,0" yaku="20,1,34,2" doraHai="35" who="0" fromWho="0" sc="238,73,377,-21,205,-21,170,-21" /><INIT seed="4,2,0,5,4,77" ten="311,356,184,149" oya="0" hai0="134,48,6,124,95,78,43,98,36,88,129,24,39" hai1="127,21,102,106,33,120,51,17,75,87,70,100,109" hai2="59,63,23,84,15,60,111,71,118,117,69,67,29" hai3="92,44,25,5,119,27,113,130,49,7,16,76,103"/><T13/><D129/><U41/><E109/><V37/><F111/><W83/><G119/><N who="2" m="45577" /><F37/><W42/><G130/><T40/><D134/><U30/><E70/><N who="2" m="42343" /><F84/><N who="3" m="48231" /><G113/><T133/><D133/><U35/><E75/><V81/><F81/><W11/><G27/><T121/><D39/><U123/><E30/><V86/><F86/><W104/><G104/><T105/><D105/><U66/><E87/><V2/><F2/><W19/><G25/><T20/><D24/><U62/><E106/><V99/><F99/><N who="3" m="59879" /><G11/><T45/><D36/><U74/><E74/><V12/><F29/><W85/><G85/><T72/><D72/><U53/><E35/><V128/><F128/><W90/><G90/><T4/><D88/><U26/><E33/><V38/><F38/><W135/><G135/><T22/><D78/><U132/><E102/><V3/><F3/><W14/><G14/><N who="2" m="5161" /><F23/><W65/><G65/><AGARI ba="2,0" hai="59,63,65,69,71" m="5161,42343,45577" machi="65" ten="30,1000,0" yaku="12,1" doraHai="77" who="2" fromWho="3" sc="311,0,356,0,184,16,149,-16" /><INIT seed="5,0,0,1,1,76" ten="311,356,200,133" oya="1" hai0="26,9,65,100,4,82,112,101,134,124,93,34,15" hai1="43,107,128,119,10,47,12,68,7,51,120,42,113" hai2="74,108,0,129,135,67,127,133,114,131,25,40,109" hai3="130,17,86,91,87,18,81,111,20,21,2,41,71"/><U16/><E119/><V48/><F0/><W102/><G111/><T123/><D112/><U39/><E120/><V55/><F74/><W14/><G130/><N who="2" m="49673" /><F25/><W60/><G2/><T36/><D36/><U77/><E68/><V63/><F40/><W83/><G102/><T80/><D65/><U110/><E107/><V54/><F127/><W90/><G41/><T59/><D124/><U79/><E128/><V49/><F114/><W69/><REACH who="3" step="1"/><G60/><REACH who="3" ten="311,356,200,123" step="2"/><T122/><D101/><U64/><E110/><N who="2" m="42603" /><F48/><W116/><G116/><T98/><D123/><U92/><E43/><V117/><F117/><W106/><G106/><T96/><D122/><U11/><E113/><V1/><F1/><W66/><G66/><T30/><D100/><U126/><E64/><V132/><F49/><W3/><G3/><T24/><D24/><AGARI ba="0,1" hai="14,17,18,20,21,24,69,71,81,83,86,87,90,91" machi="24" ten="30,8000,1" yaku="1,1,7,1,9,1,52,2,53,0" doraHai="76" doraHaiUra="44" who="3" fromWho="0" sc="311,-80,356,0,200,0,123,90" /><INIT seed="6,0,0,5,0,52" ten="231,356,200,213" oya="2" hai0="9,106,0,115,101,84,131,7,120,6,15,43,107" hai1="55,40,102,118,126,13,78,67,91,26,14,79,128" hai2="85,129,103,92,17,30,3,28,39,58,32,121,29" hai3="80,119,83,24,60,62,104,33,25,27,69,18,5"/><V112/><F121/><W74/><G119/><T134/><D120/><U61/><E118/><V116/><F116/><W54/><G104/><T31/><D31/><U135/><E102/><V76/><F39/><W19/><G33/><T75/><D75/><U2/><E40/><V87/><F3/><W89/><G69/><T48/><D115/><U56/><E2/><V57/><F112/><W50/><G5/><T109/><D109/><U73/><E91/><V10/><F32/><W123/><G123/><T11/><D134/><U12/><E73/><V49/><F129/><W21/><G74/><T93/><D131/><U23/><E135/><V98/><F49/><W88/><G89/><T113/><D113/><U117/><E126/><V111/><F111/><W20/><G25/><T22/><D22/><U65/><E128/><V124/><F124/><W97/><G83/><T99/><D84/><N who="2" m="32330" /><F76/><N who="1" m="29225" /><E117/><V51/><F51/><W108/><G108/><T8/><REACH who="0" step="1"/><D9/><REACH who="0" ten="221,356,200,213" step="2"/><U127/><E127/><V38/><F38/><W53/><G80/><T96/><D96/><U36/><E36/><V59/><F10/><W72/><G72/><T125/><D125/><U132/><E132/><V86/><F86/><W1/><G97/><T114/><D114/><U66/><E23/><V44/><F17/><W41/><G19/><T42/><D42/><U71/><E26/><N who="3" m="9770" /><G41/><T94/><D94/><U110/><E110/><V82/><F82/><W130/><G18/><T64/><D64/><U4/><E67/><V90/><F103/><W95/><G130/><T45/><AGARI ba="0,1" hai="0,6,7,8,11,15,43,45,48,93,99,101,106,107" machi="45" ten="30,2000,0" yaku="1,1,0,1,53,0" doraHai="52" doraHaiUra="133" who="0" fromWho="0" sc="221,30,356,-5,200,-10,213,-5" /><INIT seed="7,0,0,2,4,98" ten="251,351,190,208" oya="3" hai0="45,21,97,131,33,59,7,92,2,19,96,83,106" hai1="43,62,13,44,84,36,32,113,56,5,90,86,16" hai2="64,57,103,95,79,78,35,30,119,71,129,75,58" hai3="116,74,61,42,107,51,63,102,126,4,100,65,66"/><W34/><G116/><T125/><D33/><U6/><E32/><V104/><F119/><W8/><G34/><T12/><D125/><U15/><E15/><V11/><F95/><W9/><G74/><T28/><D131/><U67/><E86/><V118/><F118/><W52/><G42/><T101/><D28/><U24/><E24/><N who="2" m="18887" /><F11/><N who="3" m="4171" /><G107/><T124/><D124/><U23/><E113/><V3/><F3/><W89/><G89/><T132/><D7/><U130/><E130/><V0/><F0/><W20/><G20/><T27/><D2/><U25/><E25/><V85/><F75/><W115/><G4/><T68/><D27/><U110/><E110/><V76/><F85/><W114/><G126/><T77/><D68/><U69/><E69/><V87/><F87/><W22/><G22/><T127/><D127/><U134/><E134/><V10/><F10/><W49/><G49/><T70/><D70/><U121/><E121/><V39/><F39/><W47/><G114/><T88/><D132/><U53/><E67/><N who="3" m="25610" /><G115/><T123/><D123/><U111/><E111/><V128/><F128/><W41/><G41/><T112/><D112/><U122/><E122/><V37/><F37/><W29/><G29/><T81/><D106/><U105/><E105/><V73/><F73/><W93/><G93/><AGARI ba="0,0" hai="5,6,13,16,23,36,43,44,53,56,62,84,90,93" machi="93" ten="30,2000,0" yaku="7,1,54,1" doraHai="98" who="1" fromWho="3" sc="251,0,351,20,190,0,208,-20" owari="251,5.1,371,47.1,190,-21.0,188,-31.2" /></mjloggm>