<mjloggm ver="2.3"><GO type="169" lobby="0"/><UN n0="%66%53" n1="%E2%91%A3%E9%81%BF%E9%81%8A%E6%88%AF%E3%80%90%E6%9D%B1%E5%8D%97%E3%80%91" n2="%73%73%73%31%39%33%33" n3="%67%78%7A" dan="16,16,16,18" rate="2104.55,2125.98,2141.08,2275.89" sx="M,M,F,F"/><TAIKYOKU oya="0"/><INIT seed="0,0,0,3,2,85" ten="250,250,250,250" oya="0" hai0="13,77,34,51,72,61,69,126,43,121,66,11,122" hai1="24,14,119,96,128,104,78,4,46,42,113,132,98" hai2="48,56,81,21,86,127,76,117,133,39,131,1,57" hai3="62,5,118,111,114,40,28,135,82,0,123,19,60"/><T102/><D34/><U25/><E119/><V54/><F117/><W93/><G118/><T47/><D126/><U22/><E104/><V64/><F127/><W134/><G114/><T124/><D124/><U116/><E116/><V37/><F1/><W31/><G111/><T100/><D72/><U12/><E113/><V105/><F105/><W129/><G129/><T59/><D77/><U26/><E128/><V35/><F35/><W36/><G123/><T103/><REACH who="0" step="1"/><D69/><REACH who="0" ten="240,250,250,250" step="2"/><U20/><E132/><V29/><F133/><W63/><G134/><T18/><AGARI ba="0,1" hai="11,13,18,43,47,51,59,61,66,100,102,103,121,122" machi="18" ten="30,11700,0" yaku="1,1,2,1,0,1,53,1" doraHai="85" doraHaiUra="55" who="0" fromWho="0" sc="240,127,250,-39,250,-39,250,-39" /><INIT seed="0,1,0,4,3,60" ten="367,211,211,211" oya="0" hai0="66,81,72,130,1,106,3,8,92,29,95,61,0" hai1="26,78,131,39,20,134,38,108,64,122,82,24,133" hai2="25,83,31,9,132,110,98,86,62,87,54,43,123" hai3="21,37,58,85,63,32,126,47,12,56,99,17,79"/><T70/><D106/><U18/><E122/><V91/><F123/><W93/><G32/><T11/><D29/><U52/><E131/><V74/><F74/><W57/><G126/><T105/><D105/><U45/><E26/><V94/><F110/><W125/><G125/><T33/><D33/><U14/><E108/><V46/><F132/><N who="1" m="50793" /><E64/><V28/><F86/><W107/><G107/><T23/><D23/><N who="1" m="11735" /><E52/><V111/><F111/><W34/><G34/><T2/><D130/><U84/><E45/><V4/><F54/><W113/><G113/><T100/><N who="0" m="0" /><DORA hai="80" /><T116/><D116/><U53/><E53/><V65/><F9/><W48/><G37/><T36/><D36/><U22/><E22/><V104/><F104/><W102/><G63/><T101/><D11/><U129/><E129/><V71/><F25/><W50/><REACH who="3" step="1"/><G47/><REACH who="3" ten="367,211,211,201" step="2"/><T73/><D61/><U5/><E5/><V124/><F4/><W67/><G67/><T13/><D66/><U16/><AGARI ba="1,1" hai="16,20,24,38,39,78,82,84" m="11735,50793" machi="16" ten="30,4000,0" yaku="20,1,52,1,54,1" doraHai="60,80" who="1" fromWho="1" sc="367,-21,211,53,211,-11,201,-11" /><INIT seed="1,0,0,2,0,31" ten="346,264,200,190" oya="1" hai0="43,54,53,27,94,9,66,10,81,29,30,95,62" hai1="57,26,107,42,17,47,59,55,60,82,3,8,135" hai2="69,6,122,103,50,18,104,65,126,101,68,28,134" hai3="32,35,80,37,49,129,88,110,2,1,113,86,64"/><U83/><E135/><V22/><F122/><W70/><G37/><T75/><D43/><U78/><E107/><V118/><F118/><W71/><G113/><T106/><D106/><U4/><E59/><V90/><F126/><W79/><G110/><T111/><D111/><U58/><E57/><V128/><F134/><W102/><G129/><T93/><D75/><U51/><E83/><V96/><F28/><N who="0" m="10858" /><D27/><U84/><E26/><V39/><F39/><W13/><G102/><T127/><D127/><U20/><E20/><V40/><F103/><W116/><G116/><T5/><D5/><U76/><E17/><V77/><F6/><W34/><G13/><T67/><D81/><U105/><E105/><V130/><F77/><AGARI ba="0,0" hai="3,4,8,42,47,51,55,58,60,76,77,78,82,84" machi="77" ten="30,1500,0" yaku="7,1" doraHai="31" who="1" fromWho="2" sc="346,0,264,15,200,-15,190,0" /><INIT seed="1,1,0,1,1,72" ten="346,279,185,190" oya="1" hai0="73,19,47,10,48,37,16,127,120,93,61,128,54" hai1="82,46,26,129,110,76,84,134,42,80,38,25,74" hai2="28,104,75,65,41,31,118,130,44,64,98,29,6" hai3="70,45,106,131,12,113,92,126,103,68,36,30,9"/><U78/><E110/><V58/><F118/><W102/><G113/><T116/><D116/><U3/><E134/><V121/><F121/><W14/><G106/><T32/><D120/><U53/><E129/><V83/><F130/><W123/><G123/><T27/><D128/><U50/><REACH who="1" step="1"/><E3/><REACH who="1" ten="346,269,185,190" step="2"/><V112/><F112/><W105/><G131/><T4/><D127/><U23/><E23/><V63/><F6/><W125/><G126/><T67/><D32/><U7/><E7/><V115/><F115/><W122/><G125/><T81/><D4/><U20/><E20/><V59/><F31/><W56/><G30/><T124/><D124/><U79/><E79/><V132/><F29/><W24/><G122/><T15/><D19/><U33/><E33/><V35/><F28/><W18/><G18/><T90/><D27/><U91/><E91/><V40/><F35/><W77/><G77/><T94/><D90/><U34/><E34/><V71/><F132/><W55/><G9/><T51/><D16/><U85/><E85/><V109/><F75/><W57/><G24/><T62/><D10/><U13/><E13/><V86/><F86/><W2/><G12/><T107/><D15/><U88/><E88/><V17/><F109/><W1/><G14/><T21/><D73/><U99/><E99/><V11/><F98/><W119/><G1/><T96/><D21/><U5/><E5/><V8/><F11/><W87/><G2/><T49/><D96/><U22/><E22/><V43/><F8/><W60/><G87/><T101/><D101/><U39/><E39/><V95/><F17/><RYUUKYOKU ba="1,1" sc="346,-10,269,30,185,-10,190,-10" hai1="25,26,38,42,46,50,53,74,76,78,80,82,84" /><INIT seed="1,2,1,4,3,23" ten="336,299,175,180" oya="1" hai0="8,55,46,27,80,76,52,133,3,9,60,89,25" hai1="113,119,82,26,84,4,130,131,127,78,32,129,0" hai2="102,28,121,17,13,21,132,135,86,88,66,48,36" hai3="42,19,69,53,100,104,12,2,70,39,116,91,16"/><U50/><E119/><V22/><F36/><W15/><G2/><T43/><D133/><N who="2" m="51274" /><F121/><W45/><G116/><T126/><D126/><U128/><E127/><V59/><F102/><W6/><G6/><T101/><D101/><U24/><E113/><V112/><F112/><W123/><G123/><T33/><D89/><U114/><E114/><V37/><F37/><W79/><G79/><T14/><D3/><U11/><E32/><V18/><F28/><W64/><G53/><N who="0" m="20555" /><D60/><U5/><E5/><V117/><F117/><W57/><G57/><T87/><D33/><U56/><N who="1" m="32768" /><DORA hai="65" /><U106/><E106/><V44/><F59/><W20/><G64/><T110/><D110/><U105/><E105/><V51/><F44/><W29/><G29/><T122/><D122/><U96/><E96/><V103/><F103/><W124/><G124/><T98/><D98/><U118/><E118/><V73/><F66/><W99/><G91/><T35/><D35/><U85/><E85/><V90/><F73/><W41/><G41/><T81/><D80/><U54/><AGARI ba="2,1" hai="0,4,11,24,26,50,54,56,78,82,84" m="32768" machi="54" ten="60,12000,1" yaku="0,1,19,1,52,2" doraHai="23,65" who="1" fromWho="1" sc="336,-42,299,136,175,-42,180,-42" /><INIT seed="1,3,0,3,3,7" ten="294,435,133,138" oya="1" hai0="56,95,126,127,100,12,48,81,116,39,96,115,77" hai1="94,38,85,75,135,25,60,61,119,65,41,27,24" hai2="19,69,130,50,128,112,13,6,89,124,74,73,129" hai3="28,113,86,88,103,57,87,82,105,21,51,0,118"/><U59/><E119/><V20/><F69/><W46/><G113/><T3/><D3/><U117/><E117/><V84/><F124/><W109/><G118/><T72/><D116/><U98/><E75/><V18/><F112/><W54/><G0/><T68/><D68/><U90/><E135/><V55/><F19/><W31/><G109/><T29/><D115/><U15/><E38/><V58/><REACH who="2" step="1"/><F6/><REACH who="2" ten="294,435,123,138" step="2"/><W80/><G28/><T49/><D126/><U123/><E123/><V133/><F133/><W36/><G31/><T120/><D29/><U35/><E35/><V122/><F122/><W14/><G105/><T4/><D127/><U131/><E131/><V63/><F63/><W114/><G114/><T64/><D120/><U2/><E61/><V43/><F43/><W83/><G103/><T5/><D5/><U104/><E41/><V62/><F62/><W30/><G30/><T125/><D4/><U11/><E2/><V66/><F66/><W23/><G14/><T44/><D12/><U93/><E104/><V101/><F101/><W1/><G1/><T70/><D125/><U53/><E65/><V52/><F52/><W108/><G108/><T121/><D121/><U37/><E15/><V9/><F9/><W67/><G67/><T8/><D8/><U134/><E11/><V26/><F26/><W79/><REACH who="3" step="1"/><G82/><AGARI ba="3,1" hai="13,18,20,50,55,58,73,74,82,84,89,128,129,130" machi="82" ten="40,2600,0" yaku="1,1,19,1,53,0" doraHai="7" doraHaiUra="97" who="2" fromWho="3" sc="294,0,435,0,123,45,138,-35" /><INIT seed="2,0,0,4,4,68" ten="294,435,168,103" oya="2" hai0="86,7,52,62,42,91,63,25,47,106,24,12,67" hai1="19,61,85,21,28,26,33,41,50,65,36,71,9" hai2="102,66,82,40,105,120,0,96,49,77,128,110,35" hai3="53,115,113,98,134,30,3,99,39,79,117,122,15"/><V97/><F120/><W92/><G3/><T75/><D75/><U112/><E112/><N who="3" m="43082" /><G117/><T90/><D106/><U73/><E73/><V58/><F0/><W60/><G122/><T78/><D78/><U80/><E9/><V131/><F35/><W114/><G134/><T108/><D108/><U34/><E50/><V27/><F27/><W74/><G30/><T132/><D132/><U22/><E41/><V95/><F110/><W109/><N who="3" m="43090" /><W31/><DORA hai="5" /><G31/><T23/><D52/><U126/><E36/><V125/><F125/><W88/><G109/><T72/><D72/><U119/><E126/><V130/><F40/><W127/><G127/><T2/><D63/><U20/><E34/><V118/><F118/><W37/><G15/><T89/><D86/><U14/><E119/><V107/><F97/><W87/><G74/><T6/><D2/><U124/><E124/><V64/><F64/><W8/><G8/><T10/><D6/><U83/><E83/><V129/><F129/><W43/><G43/><T69/><REACH who="0" step="1"/><D23/><REACH who="0" ten="284,435,168,103" step="2"/><U44/><E44/><V121/><F121/><W133/><G133/><T59/><D59/><U4/><E4/><V93/><F107/><W56/><G99/><T94/><D94/><U123/><E123/><V38/><F95/><N who="3" m="54687" /><G79/><AGARI ba="0,1" hai="14,19,20,21,22,26,28,33,61,65,71,79,80,85" machi="79" ten="30,1000,0" yaku="7,1" doraHai="68,5" who="1" fromWho="3" sc="284,0,435,20,168,0,103,-10" /><INIT seed="3,0,0,5,3,123" ten="284,455,168,93" oya="3" hai0="12,34,79,83,107,95,4,39,87,76,100,135,91" hai1="17,54,78,117,121,43,124,106,77,66,29,35,85" hai2="73,15,96,16,98,30,36,71,23,60,101,63,125" hai3="126,68,109,51,49,90,26,24,120,130,41,57,7"/><W40/><G120/><T6/><D39/><U97/><E121/><V111/><F36/><W116/><G116/><T42/><D34/><U115/><E117/><V14/><F73/><W64/><G68/><T93/><D42/><U112/><E66/><V11/><F125/><W2/><G126/><T92/><D12/><U72/><E124/><V5/><F30/><W122/><G122/><T102/><D6/><U59/><E72/><V58/><F71/><W53/><G64/><T118/><D4/><U3/><E3/><V50/><F111/><W84/><G130/><T33/><D33/><U9/><E43/><V131/><F131/><W105/><G105/><T104/><D135/><U45/><E106/><N who="0" m="40489" /><D118/><U20/><E35/><V69/><F69/><W80/><G109/><T129/><D129/><U88/><E115/><V47/><F101/><AGARI ba="0,0" hai="76,79,83,87,91,92,93,95,100,101,102" m="40489" machi="101" ten="30,8000,1" yaku="35,5" doraHai="123" who="0" fromWho="2" sc="284,80,455,0,168,-80,93,0" /><INIT seed="4,0,0,5,2,79" ten="364,455,88,93" oya="0" hai0="105,5,12,126,34,78,108,70,3,43,67,125,24" hai1="33,84,90,1,102,75,35,73,27,128,77,111,85" hai2="21,76,8,93,59,124,10,32,56,104,29,6,129" hai3="40,19,62,127,132,14,121,4,16,61,81,15,86"/><T94/><D105/><U20/><E1/><V53/><F104/><W88/><G132/><T54/><D43/><U39/><E39/><V22/><F124/><N who="0" m="47722" /><D108/><U71/><E111/><V57/><F32/><W97/><G127/><T80/><D94/><U110/><E110/><V47/><F129/><W51/><G121/><T13/><D54/><U82/><E102/><V103/><F76/><W66/><G97/><T130/><D130/><U23/><E128/><V38/><F38/><W9/><G66/><T115/><D115/><U65/><E23/><V118/><F118/><W131/><G131/><T55/><D55/><U30/><E65/><V41/><F41/><W17/><G15/><T52/><D52/><U28/><E71/><V99/><F6/><W83/><G83/><T98/><D98/><U42/><E42/><V46/><F29/><W109/><G109/><T114/><D114/><U44/><E44/><AGARI ba="0,0" hai="4,9,14,16,17,19,40,44,51,61,62,81,86,88" machi="44" ten="40,8000,1" yaku="8,1,52,1,54,2" doraHai="79" who="3" fromWho="1" sc="364,0,455,-80,88,0,93,80" /><INIT seed="5,0,0,1,5,99" ten="364,375,88,173" oya="1" hai0="121,107,54,40,49,94,134,79,17,127,37,85,38" hai1="81,109,128,111,117,112,36,65,55,75,41,25,39" hai2="101,14,42,74,73,120,68,89,27,133,88,13,97" hai3="106,71,67,61,18,16,53,80,4,8,48,114,10"/><U105/><E117/><V11/><F68/><W118/><G118/><T108/><D108/><U77/><E112/><V113/><F120/><W124/><G114/><T26/><D107/><U93/><E128/><V7/><F113/><W24/><G124/><T83/><D127/><U52/><E105/><V91/><F133/><W43/><G43/><T96/><D134/><U3/><E3/><V95/><F42/><W122/><G122/><T126/><D126/><U9/><E9/><V50/><F50/><W78/><G106/><T66/><D66/><U104/><E104/><V87/><F14/><W69/><G69/><T90/><D40/><U6/><E6/><V1/><F1/><W123/><G24/><T86/><D121/><U129/><E65/><V70/><F70/><W76/><G76/><T30/><D17/><U102/><E25/><V125/><F125/><W33/><G33/><T84/><D38/><N who="1" m="14379" /><E41/><V110/><F110/><N who="1" m="41993" /><E129/><V51/><F51/><W115/><G123/><T15/><D15/><U21/><E21/><V44/><F44/><W72/><G115/><T56/><REACH who="0" step="1"/><D37/><REACH who="0" ten="354,375,88,173" step="2"/><U100/><E93/><V20/><REACH who="2" step="1"/><F87/><REACH who="2" ten="354,375,78,173" step="2"/><W130/><G130/><T47/><D47/><U22/><E22/><AGARI ba="0,2" hai="22,26,30,49,54,56,79,83,84,85,86,90,94,96" machi="22" ten="30,7700,0" yaku="1,1,7,1,8,1,53,1" doraHai="99" doraHaiUra="23" who="0" fromWho="1" sc="354,97,375,-77,78,0,173,0" /><INIT seed="6,0,0,0,3,62" ten="451,298,78,173" oya="2" hai0="102,101,76,12,44,69,113,88,68,57,106,21,66" hai1="7,131,125,4,30,39,49,98,15,9,60,91,117" hai2="41,23,74,25,24,47,133,52,61,58,121,35,56" hai3="11,31,33,107,104,63,45,20,64,14,105,10,114"/><V28/><F74/><W127/><G127/><T16/><D113/><U97/><E39/><V135/><F121/><W123/><G123/><T51/><D76/><U112/><E117/><V29/><REACH who="2" step="1"/><F58/><REACH who="2" ten="451,298,68,173" step="2"/><W32/><G114/><T50/><D57/><U18/><E112/><V80/><F80/><W126/><G126/><T38/><D68/><U129/><E125/><V83/><F83/><W116/><G116/><T5/><D69/><U84/><E131/><V59/><F59/><W109/><G104/><T122/><D122/><U110/><E129/><V134/><F134/><W22/><G105/><T119/><D106/><U8/><E110/><V73/><F73/><W115/><G107/><T65/><D119/><U94/><E94/><V6/><F6/><W75/><G75/><T77/><D5/><U132/><E4/><V43/><F43/><W89/><G109/><T124/><D124/><U82/><E7/><V85/><F85/><W96/><G115/><T99/><D99/><U71/><E98/><V67/><F67/><W17/><G96/><T13/><D65/><U100/><E97/><V95/><F95/><W81/><G81/><T1/><D66/><U55/><E82/><V26/><F26/><W34/><G64/><T120/><D13/><U118/><E84/><V42/><F42/><W48/><G14/><T93/><D120/><U36/><E15/><V108/><F108/><W90/><G90/><T79/><D12/><U37/><E91/><V87/><F87/><W19/><G89/><T40/><D88/><U128/><E118/><V2/><F2/><W103/><G103/><RYUUKYOKU ba="0,1" sc="451,-10,298,-10,68,30,173,-10" hai2="23,24,25,28,29,35,41,47,52,56,61,133,135" /><INIT seed="6,1,1,5,4,108" ten="441,288,98,163" oya="2" hai0="38,101,43,111,25,121,87,129,118,41,45,60,3" hai1="42,95,85,23,28,18,97,16,14,78,106,22,74" hai2="116,52,35,77,128,73,103,92,46,70,82,98,54" hai3="115,34,37,127,36,56,39,93,17,29,27,84,53"/><V2/><F116/><W19/><G127/><T89/><D3/><U67/><E74/><V113/><F35/><W126/><G126/><T13/><D121/><U102/><E28/><V57/><F70/><W94/><G115/><T120/><D111/><U80/><E42/><V132/><F132/><W32/><G32/><T65/><D41/><U44/><E44/><V81/><F128/><W59/><G59/><T6/><D118/><U135/><E135/><V109/><F109/><W1/><G1/><T83/><D129/><U122/><E122/><V69/><F69/><W119/><G119/><T26/><D101/><U40/><E40/><V50/><F2/><W131/><G131/><T47/><D45/><U114/><E67/><V64/><F64/><W0/><G0/><T79/><D89/><U9/><E114/><V71/><F71/><W99/><G84/><T125/><D120/><U11/><E106/><V66/><F66/><W112/><G112/><T63/><D125/><U76/><E78/><V7/><F113/><W10/><G10/><N who="0" m="4311" /><D60/><U48/><E48/><V62/><REACH who="2" step="1"/><F7/><REACH who="2" ten="441,288,88,163" step="2"/><W31/><G34/><T105/><D65/><U110/><REACH who="1" step="1"/><E110/><REACH who="1" ten="441,278,88,163" step="2"/><V49/><F49/><W133/><G133/><T72/><D38/><U30/><E30/><V91/><F91/><W4/><G29/><T5/><D79/><U123/><E123/><V124/><F124/><W86/><G31/><T58/><D58/><U61/><E61/><V51/><F51/><W107/><G36/><T100/><D47/><U55/><E55/><V75/><F75/><W90/><G37/><T134/><D72/><RYUUKYOKU ba="1,3" sc="441,-15,278,15,88,15,163,-15" hai1="9,11,14,16,18,22,23,76,80,85,95,97,102" hai2="46,50,52,54,57,62,73,77,81,82,92,98,103" /><INIT seed="6,2,3,2,5,101" ten="426,293,103,148" oya="2" hai0="111,14,38,73,36,94,75,59,74,69,127,42,84" hai1="6,55,115,0,18,8,64,48,47,50,23,31,79" hai2="56,51,105,112,106,129,54,87,41,133,131,125,46" hai3="113,53,52,57,20,98,58,7,34,100,37,43,109"/><V10/><F112/><W88/><G34/><T22/><D69/><U134/><E115/><V27/><F125/><W62/><G109/><T30/><D111/><U126/><E126/><V67/><F133/><W132/><G113/><T9/><D42/><U45/><E134/><V11/><F67/><W119/><G119/><T32/><D32/><U16/><E79/><V96/><F27/><W21/><G132/><T65/><D127/><U78/><E78/><V66/><F66/><W114/><G114/><T135/><D135/><U44/><E64/><V130/><F87/><W25/><G7/><T72/><D75/><U104/><E104/><N who="2" m="40043" /><F96/><W13/><G13/><T110/><D14/><U17/><E31/><V49/><AGARI ba="2,3" hai="10,11,41,46,49,51,54,56,129,130,131" m="40043" machi="49" ten="40,12000,1" yaku="19,1,52,3" doraHai="101" who="2" fromWho="2" sc="426,-42,293,-42,103,156,148,-42" /><INIT seed="6,3,0,3,4,62" ten="384,251,259,106" oya="2" hai0="98,15,50,63,135,9,128,106,51,124,12,60,24" hai1="127,66,59,130,22,89,99,115,82,120,77,109,68" hai2="133,110,53,131,73,42,87,52,27,37,113,103,26" hai3="100,117,125,19,71,25,70,88,96,38,116,57,134"/><V17/><F73/><W58/><G38/><T132/><D124/><U49/><E109/><V107/><F110/><W30/><G125/><T111/><D111/><U47/><E127/><V54/><F113/><W122/><G122/><T40/><D128/><U101/><E130/><V80/><F133/><N who="0" m="51274" /><D24/><U33/><E33/><V20/><F131/><W104/><G134/><T11/><D106/><U2/><E2/><V35/><F107/><W45/><G19/><N who="0" m="8591" /><D98/><U95/><E68/><V48/><F103/><W1/><G1/><T23/><D23/><U8/><E120/><V105/><F105/><W72/><G72/><T76/><D76/><U14/><E22/><V123/><F37/><W79/><G79/><T56/><D60/><U61/><E101/><V69/><F69/><W44/><G71/><T21/><D40/><U121/><E121/><V86/><F123/><W28/><G70/><T16/><D11/><U34/><E34/><V43/><F87/><W46/><G28/><T114/><D114/><U119/><E115/><V93/><F93/><W13/><G13/><T41/><D41/><N who="2" m="15370" /><F35/><W85/><G117/><T75/><D75/><U94/><E119/><V102/><F102/><W31/><G116/><T36/><D36/><U39/><E39/><V18/><F27/><W4/><G4/><T29/><D29/><N who="3" m="10761" /><G25/><T84/><D84/><U7/><E95/><V92/><F92/><W65/><G85/><T0/><D0/><U78/><E82/><V112/><F112/><W64/><G88/><T118/><D118/><U91/><E91/><N who="2" m="51655" /><F18/><W90/><G90/><T5/><D5/><RYUUKYOKU ba="3,0" sc="384,0,251,0,259,0,106,0" hai0="15,16,21,50,51,56,63" hai1="7,8,14,47,49,59,61,66,77,78,89,94,99" hai2="17,20,26,48,52,53,54" hai3="44,45,46,57,58,64,65,96,100,104" /><INIT seed="6,4,0,5,1,26" ten="384,251,259,106" oya="2" hai0="128,54,104,58,13,12,101,135,78,21,66,117,109" hai1="74,95,97,46,131,122,89,64,115,77,3,1,17" hai2="59,20,91,32,92,2,49,44,116,88,28,61,24" hai3="67,102,34,55,125,68,93,52,123,129,53,96,43"/><V37/><F116/><W100/><G123/><T99/><D109/><U113/><E64/><V5/><F37/><W69/><G129/><T9/><D117/><U45/><E122/><V60/><F60/><W50/><G125/><T70/><D128/><U18/><E131/><V48/><F48/><W106/><G67/><T85/><D135/><U130/><E77/><V94/><F32/><W111/><G111/><T119/><D119/><U134/><E74/><V87/><F5/><W6/><G6/><T47/><D47/><N who="1" m="17931" /><E134/><V10/><F10/><W36/><G50/><T81/><D21/><U121/><E121/><V30/><F2/><N who="1" m="521" /><E130/><V27/><F59/><W33/><G43/><T0/><D66/><U63/><E63/><V22/><F61/><W126/><G126/><T8/><D70/><U79/><E79/><V118/><F118/><W62/><G62/><N who="0" m="36183" /><D104/><U82/><E82/><N who="2" m="49271" /><F91/><W56/><G56/><T39/><D39/><U114/><AGARI ba="4,0" hai="17,18,89,95,97,113,114,115" m="521,17931" machi="114" ten="40,1500,0" yaku="15,1" doraHai="26" who="1" fromWho="1" sc="384,-8,251,27,259,-11,106,-8" /><INIT seed="7,0,0,5,2,13" ten="376,278,248,98" oya="3" hai0="7,47,79,54,130,5,10,21,31,88,59,60,39" hai1="99,102,65,25,48,51,40,97,66,81,42,122,126" hai2="93,103,45,57,78,100,107,92,127,110,30,73,14" hai3="86,128,3,72,82,11,77,75,33,84,38,26,119"/><W18/><G119/><T63/><D130/><U106/><E122/><V70/><F70/><W91/><G128/><T112/><D112/><U22/><E126/><V95/><F110/><W74/><G38/><T36/><D79/><U44/><E81/><V117/><F117/><W23/><G33/><T85/><D7/><U46/><REACH who="1" step="1"/><E99/><REACH who="1" ten="376,268,248,98" step="2"/><V52/><F107/><W53/><G53/><T131/><D54/><U43/><E43/><V105/><F105/><W6/><REACH who="3" step="1"/><G84/><REACH who="3" ten="376,268,248,88" step="2"/><T69/><D85/><U125/><E125/><V8/><F127/><W62/><G62/><T19/><D63/><U98/><E98/><V9/><F52/><W35/><G35/><T0/><D60/><U129/><E129/><V109/><F73/><W94/><AGARI ba="0,2" hai="3,6,11,18,23,26,72,74,75,77,82,86,91,94" machi="94" ten="20,12000,1" yaku="1,1,0,1,7,1,52,1,53,1" doraHai="13" doraHaiUra="83" who="3" fromWho="3" sc="376,-40,268,-40,248,-40,88,140" /><INIT seed="7,1,0,3,3,46" ten="336,228,208,228" oya="3" hai0="20,122,12,125,71,106,97,86,19,129,111,131,13" hai1="2,70,80,62,23,68,56,116,82,120,11,18,72" hai2="128,3,25,108,50,135,34,93,64,59,17,31,57" hai3="39,115,69,109,101,29,92,114,0,43,74,5,7"/><W40/><G69/><T22/><D122/><U91/><E120/><V73/><F108/><W66/><G66/><T119/><D111/><U55/><E116/><V77/><F135/><W6/><G109/><T126/><D119/><U130/><E130/><N who="0" m="49673" /><D71/><U117/><E117/><V58/><F128/><W52/><G74/><T28/><D86/><U100/><E100/><V15/><F3/><W10/><G29/><T45/><D45/><U123/><E123/><V37/><F37/><W112/><G39/><T90/><D28/><U85/><E2/><V89/><F73/><W53/><G0/><T21/><D90/><U36/><E11/><V99/><F77/><W32/><G10/><N who="0" m="6551" /><D13/><U76/><E36/><V121/><F121/><W60/><G32/><T98/><D106/><U81/><E82/><V79/><F79/><W133/><G133/><T49/><D49/><U8/><E8/><V78/><F78/><W4/><G4/><T118/><D118/><U47/><E47/><V96/><F96/><AGARI ba="1,0" hai="20,21,22,96,97,98,125,126" m="6551,49673" machi="96" ten="40,1300,0" yaku="19,1" doraHai="46" who="0" fromWho="2" sc="336,16,228,0,208,-16,228,0" owari="352,45.2,228,2.8,192,-30.8,228,-17.2" /></mjloggm>