<mjloggm ver="2.3"><GO type="169" lobby="0"/><UN n0="%73%65%37%37%65%6E" n1="%61%6D%61%69%6B%61" n2="%E7%8A%AC%E5%B1%B1" n3="%78%78%E3%81%9D%E3%81%B0" dan="16,17,16,16" rate="2044.91,2194.76,2074.13,2102.34" sx="M,M,M,M"/><TAIKYOKU oya="0"/><INIT seed="0,0,0,4,4,69" ten="250,250,250,250" oya="0" hai0="119,36,123,28,85,52,68,22,10,14,43,67,27" hai1="77,113,110,78,84,70,0,62,7,23,109,13,93" hai2="47,122,106,105,57,35,104,132,120,48,4,79,32" hai3="56,20,25,117,3,29,98,88,39,53,75,5,16"/><T133/><D123/><U55/><E0/><V58/><F132/><W63/><G75/><T33/><D133/><U51/><E113/><V83/><F4/><W46/><G117/><T111/><D111/><N who="1" m="42507" /><E62/><V99/><F99/><W64/><G3/><T34/><D119/><U116/><E70/><V71/><F71/><W6/><G29/><T74/><D74/><U42/><E42/><V21/><F21/><W97/><G97/><T126/><D126/><U49/><E49/><V81/><F106/><W125/><G125/><T101/><D101/><U100/><E116/><V135/><F135/><W11/><G11/><T60/><D85/><U130/><E130/><V103/><F79/><W61/><G61/><T15/><D52/><U102/><E93/><V17/><F48/><W72/><G72/><T87/><D87/><U127/><E127/><V124/><F124/><W18/><G18/><T45/><REACH who="0" step="1"/><D14/><REACH who="0" ten="240,250,250,250" step="2"/><U92/><E100/><V114/><F103/><W121/><G121/><T131/><D131/><U134/><E102/><V38/><F114/><W1/><G1/><T65/><D65/><U118/><E134/><V80/><F122/><W50/><REACH who="3" step="1"/><G39/><REACH who="3" ten="240,250,250,240" step="2"/><T107/><D107/><U9/><E118/><V66/><F120/><W54/><G54/><T24/><D24/><U86/><E86/><V94/><F38/><W90/><G90/><T91/><D91/><N who="1" m="53351" /><E55/><V95/><F105/><W19/><G19/><AGARI ba="0,2" hai="10,15,19,22,27,28,33,34,36,43,45,60,67,68" machi="19" ten="30,5800,0" yaku="1,1,7,1,52,1,53,0" doraHai="69" doraHaiUra="112" who="0" fromWho="3" sc="240,78,250,0,250,0,240,-58" /><INIT seed="0,1,0,1,2,9" ten="318,250,250,182" oya="0" hai0="11,28,69,14,61,81,104,131,129,103,116,117,109" hai1="47,88,82,77,49,62,22,46,27,102,87,133,32" hai2="126,30,72,84,2,35,56,135,58,43,17,60,37" hai3="3,75,97,40,106,33,19,89,111,25,57,92,23"/><T64/><D28/><U26/><E133/><V124/><F72/><W6/><G106/><T34/><D34/><U71/><E102/><V93/><F2/><W39/><G75/><T121/><D121/><U122/><E122/><V95/><F135/><W59/><G33/><T7/><D109/><U12/><E71/><V108/><F108/><W18/><G3/><T66/><D66/><U51/><E62/><V123/><F123/><W8/><G111/><T67/><D67/><U107/><E107/><V73/><F73/><W21/><G39/><T15/><D81/><U24/><E32/><V132/><F43/><W55/><G40/><T74/><D74/><U100/><E100/><V52/><F37/><W80/><G80/><T79/><D79/><U41/><E77/><V0/><F0/><W120/><G120/><T5/><D103/><U125/><E125/><V45/><F45/><N who="1" m="16905" /><E41/><V54/><F132/><W83/><G83/><T94/><D94/><U118/><E118/><V36/><F36/><W98/><G98/><T68/><D104/><U113/><E113/><V130/><F35/><W4/><G8/><N who="0" m="4367" /><D68/><U86/><E87/><V13/><F84/><W90/><G90/><T119/><D119/><U114/><E114/><V42/><F42/><W134/><G134/><T48/><D48/><U53/><E53/><V50/><F30/><W127/><G127/><N who="2" m="48681" /><F130/><N who="0" m="49674" /><D116/><U85/><E85/><V20/><AGARI ba="1,0" hai="13,17,20,50,52,54,56,58,60,93,95" m="48681" machi="20" ten="30,4000,0" yaku="18,1,52,1,54,1" doraHai="9" who="2" fromWho="2" sc="318,-21,250,-11,250,43,182,-11" /><INIT seed="1,0,0,4,3,18" ten="297,239,293,171" oya="1" hai0="129,11,99,128,49,46,70,85,64,107,62,66,73" hai1="78,10,72,47,56,76,21,22,95,4,12,27,36" hai2="120,111,24,109,30,37,17,87,105,101,6,45,54" hai3="88,42,25,108,122,34,117,20,1,123,93,125,127"/><U63/><E72/><V32/><F120/><W39/><G39/><T44/><D73/><U31/><E36/><V113/><F113/><W90/><G42/><T26/><D66/><U50/><E95/><V102/><F6/><W16/><G34/><T100/><D11/><U89/><E89/><V41/><F105/><W53/><G1/><T28/><D85/><U35/><E78/><V130/><F130/><N who="0" m="50282" /><D49/><U75/><E76/><V103/><F87/><N who="3" m="52383" /><G108/><T106/><D106/><U43/><REACH who="1" step="1"/><E75/><REACH who="1" ten="297,229,293,171" step="2"/><V40/><F111/><W74/><G74/><T2/><D2/><U15/><E15/><V59/><F109/><W112/><G90/><T23/><AGARI ba="0,1" hai="23,26,28,44,46,62,64,70,99,100,107" m="50282" machi="23" ten="30,2000,0" yaku="19,1,52,1" doraHai="18" who="0" fromWho="0" sc="297,30,229,-10,293,-5,171,-5" /><INIT seed="2,0,0,0,5,84" ten="327,219,288,166" oya="2" hai0="97,113,41,122,77,124,58,10,12,72,121,17,75" hai1="76,39,35,71,93,86,106,126,57,111,127,88,13" hai2="53,134,100,42,9,3,119,20,90,28,117,62,129" hai3="21,7,22,16,81,102,118,109,44,32,82,48,5"/><V8/><F42/><W98/><G32/><T87/><D113/><U108/><E71/><V101/><F134/><W51/><G109/><N who="1" m="42058" /><E39/><V26/><F129/><W65/><G65/><T0/><D0/><U59/><E35/><V64/><F53/><W18/><G118/><T36/><D124/><N who="1" m="47659" /><E106/><V116/><F90/><W132/><G132/><T115/><D115/><U50/><E76/><V23/><F23/><W80/><G44/><T38/><D58/><N who="1" m="22027" /><E13/><V33/><F33/><W105/><G5/><T85/><D38/><U110/><N who="1" m="42066" /><U24/><DORA hai="52" /><E50/><V46/><F46/><W112/><G7/><T91/><D36/><U123/><E24/><V114/><F114/><W4/><G4/><T95/><D12/><U92/><E123/><V103/><REACH who="2" step="1"/><F3/><REACH who="2" ten="327,219,278,166" step="2"/><W66/><G112/><T40/><D121/><U68/><E68/><AGARI ba="0,1" hai="8,9,20,26,28,62,64,68,100,101,103,116,117,119" machi="68" ten="50,4800,0" yaku="1,1,2,1,53,0" doraHai="84,52" doraHaiUra="89,70" who="2" fromWho="1" sc="327,0,219,-48,278,58,166,0" /><INIT seed="2,1,0,4,4,97" ten="327,171,336,166" oya="2" hai0="42,9,121,45,94,8,127,26,57,84,49,112,129" hai1="75,100,39,34,3,111,78,98,93,102,69,109,83" hai2="32,108,12,36,101,124,77,86,7,35,134,119,87" hai3="46,15,122,96,54,67,56,71,13,0,118,85,132"/><V22/><F119/><W37/><G0/><T72/><D121/><U68/><E34/><V66/><F36/><W52/><G118/><T80/><D112/><U73/><E39/><V50/><F66/><W2/><G2/><T60/><D127/><U40/><E40/><V47/><F124/><W59/><G71/><T11/><D26/><U81/><E3/><V4/><F134/><W62/><G132/><T16/><D72/><U130/><E130/><V88/><F108/><N who="1" m="41545" /><E68/><V41/><F32/><W65/><G85/><T91/><D129/><U99/><E69/><V53/><F101/><N who="1" m="39017" /><E93/><V106/><F106/><W126/><G96/><N who="1" m="36906" /><E78/><V82/><F35/><W44/><G122/><T123/><D123/><U116/><E116/><V48/><F41/><W104/><G126/><T28/><D94/><U18/><E18/><N who="2" m="10567" /><F50/><W55/><G37/><T14/><D28/><U113/><E113/><V17/><F17/><W63/><G104/><T21/><D9/><U128/><E128/><V90/><F77/><W31/><G31/><T79/><D79/><U6/><E6/><V89/><F90/><W51/><REACH who="3" step="1"/><G46/><REACH who="3" ten="327,171,336,156" step="2"/><T27/><D8/><U29/><E29/><V20/><F87/><W95/><G95/><T64/><D11/><U107/><E107/><V33/><F86/><W120/><G120/><T58/><D57/><U74/><AGARI ba="1,1" hai="73,74,75,81,83" m="36906,39017,41545" machi="74" ten="40,16000,3" yaku="28,2,14,1,34,2,52,3" doraHai="97" who="1" fromWho="1" sc="327,-41,171,173,336,-81,156,-41" /><INIT seed="3,0,0,0,5,125" ten="286,344,255,115" oya="3" hai0="97,86,101,105,131,132,4,78,108,118,127,94,96" hai1="124,85,47,40,111,24,74,7,113,99,60,107,31" hai2="104,123,27,117,48,15,22,49,69,87,13,3,26" hai3="55,36,8,110,63,90,14,59,51,115,58,11,120"/><W82/><G36/><T122/><D4/><U70/><E111/><V103/><F69/><W80/><G120/><T50/><D122/><U109/><E109/><V121/><F3/><W88/><G110/><T29/><D127/><U2/><E85/><V116/><F87/><W77/><G115/><T39/><D50/><U133/><E133/><V61/><F61/><W19/><G11/><T100/><D39/><N who="1" m="21919" /><E113/><V20/><F103/><W45/><G58/><T135/><D29/><U128/><E74/><V52/><F104/><W106/><G106/><T10/><D10/><N who="1" m="2423" /><E24/><V83/><F83/><N who="3" m="31787" /><G77/><T67/><D67/><AGARI ba="0,0" hai="8,14,19,45,51,55,59,63,67,88,90" m="31787" machi="67" ten="30,2900,0" yaku="8,1,54,1" doraHai="125" who="3" fromWho="0" sc="286,-29,344,0,255,0,115,29" /><INIT seed="3,1,0,2,2,117" ten="257,344,255,144" oya="3" hai0="121,14,61,78,120,29,19,8,124,56,46,82,4" hai1="116,36,113,71,100,40,58,30,9,18,110,109,69" hai2="112,31,13,104,106,91,68,84,47,122,107,114,32" hai3="48,5,17,3,135,101,111,54,57,2,43,41,7"/><W118/><G118/><T83/><D124/><U62/><E113/><V93/><F68/><W37/><G37/><T96/><D46/><N who="1" m="23815" /><E30/><V50/><F13/><W105/><G135/><T94/><D29/><U119/><E100/><V97/><F122/><W52/><G111/><N who="1" m="42506" /><E18/><V64/><F64/><W49/><G105/><T22/><D96/><U1/><E9/><V39/><F39/><W127/><G101/><T28/><D28/><U133/><E1/><V70/><F70/><N who="1" m="26633" /><E133/><V20/><F32/><W115/><G17/><T76/><D94/><U103/><E103/><V98/><F98/><W26/><G26/><T86/><D83/><U34/><E34/><V87/><F87/><W130/><G115/><T42/><D78/><U126/><E126/><V129/><F97/><W63/><G127/><T90/><D90/><U24/><E24/><N who="2" m="16775" /><F114/><W134/><G134/><T0/><REACH who="0" step="1"/><D42/><REACH who="0" ten="247,344,255,144" step="2"/><U131/><E131/><V45/><F129/><W21/><G43/><T77/><D77/><U89/><E89/><V25/><F112/><W38/><G130/><T60/><D60/><U99/><E99/><V12/><F107/><W132/><G41/><T27/><D27/><U74/><E74/><V65/><F106/><W44/><G38/><T11/><D11/><U55/><AGARI ba="1,1" hai="55,58,62,116,119" m="26633,42506,23815" machi="55" ten="40,5200,0" yaku="14,1,34,2" doraHai="117" who="1" fromWho="1" sc="247,-14,344,65,255,-14,144,-27" /><INIT seed="4,0,0,5,3,53" ten="233,409,241,117" oya="0" hai0="10,71,43,34,94,13,5,60,87,119,109,105,59" hai1="88,104,41,33,127,97,6,114,31,123,110,74,98" hai2="70,80,125,24,27,100,23,29,122,17,52,68,42" hai3="89,1,62,2,18,82,61,50,65,46,37,4,135"/><T38/><D119/><U7/><E110/><V63/><F122/><W25/><G37/><T44/><D105/><U39/><E74/><V111/><F111/><W134/><G61/><T117/><D34/><U115/><E123/><V126/><F42/><W9/><G2/><T128/><D117/><U99/><E127/><N who="2" m="48651" /><F80/><W113/><G113/><N who="1" m="43018" /><E41/><V85/><F85/><W93/><G82/><T75/><D75/><U92/><E39/><V55/><F100/><W57/><G18/><T129/><D109/><U8/><E104/><V101/><F101/><W90/><G25/><T102/><D71/><N who="2" m="27178" /><F63/><W130/><G130/><N who="0" m="50283" /><D102/><U69/><E69/><V48/><F48/><W132/><REACH who="3" step="1"/><G93/><REACH who="3" ten="233,409,241,107" step="2"/><T124/><D124/><U120/><E120/><V77/><F77/><W36/><G36/><T35/><D94/><U56/><E6/><V103/><F27/><W66/><G66/><N who="0" m="39199" /><D35/><U51/><E33/><V32/><F32/><W96/><G96/><T83/><D83/><U19/><E19/><V67/><F17/><W28/><G28/><T47/><D87/><N who="1" m="52255" /><E31/><V26/><F29/><W131/><G131/><T107/><D107/><U16/><E16/><V81/><F26/><W76/><G76/><T112/><D112/><U15/><E99/><V30/><F24/><W118/><G118/><T86/><D86/><U21/><E21/><V72/><F30/><W22/><G22/><T58/><D38/><U79/><E79/><V3/><F23/><W108/><G108/><T121/><D121/><U116/><E116/><V45/><F72/><W40/><AGARI ba="0,1" hai="1,4,9,40,46,50,57,62,65,89,90,132,134,135" machi="40" ten="30,7900,0" yaku="1,1,0,1,20,1,52,1,53,0" doraHai="53" doraHaiUra="49" who="3" fromWho="3" sc="233,-39,409,-20,241,-20,107,89" /><INIT seed="5,0,0,1,2,66" ten="194,389,221,196" oya="1" hai0="129,56,43,87,67,58,44,37,98,50,109,117,70" hai1="85,26,89,31,104,47,16,63,72,19,96,83,116" hai2="36,53,46,51,21,115,114,11,69,39,8,7,97" hai3="25,123,110,12,113,92,59,18,106,22,130,23,57"/><U5/><E116/><V35/><F35/><W126/><G106/><T15/><D117/><U124/><E124/><V29/><F97/><W17/><G123/><T61/><D109/><U42/><E5/><V99/><F99/><W133/><G113/><N who="2" m="43017" /><F69/><W76/><G110/><T128/><D98/><U84/><E72/><V41/><F41/><W30/><G126/><T118/><D15/><U38/><E104/><V28/><F11/><W2/><G2/><T107/><D107/><U119/><E96/><V1/><F21/><W105/><G105/><T34/><D34/><U90/><E63/><V40/><F36/><W86/><G130/><N who="0" m="50283" /><D87/><U4/><E4/><V3/><F3/><W135/><G30/><T81/><D81/><U32/><REACH who="1" step="1"/><E119/><REACH who="1" ten="194,379,221,196" step="2"/><V82/><F82/><AGARI ba="0,1" hai="16,19,26,31,32,38,42,47,82,83,84,85,89,90" machi="82" ten="30,12000,1" yaku="1,1,2,1,7,1,9,1,54,1,53,0" doraHai="66" doraHaiUra="73" who="1" fromWho="2" sc="194,0,379,130,221,-120,196,0" /><INIT seed="5,1,0,1,1,104" ten="194,509,101,196" oya="1" hai0="106,94,84,77,119,72,117,18,68,76,132,32,23" hai1="126,41,123,63,12,79,116,5,26,110,45,71,74" hai2="105,38,101,108,85,98,48,95,49,125,86,22,111" hai3="4,44,67,102,0,96,73,131,1,130,15,66,16"/><U80/><E116/><V70/><F38/><W2/><G44/><T113/><D68/><U56/><E123/><V17/><F70/><W34/><G34/><T107/><D32/><U89/><E126/><V57/><F125/><W127/><G127/><T25/><D113/><U78/><E71/><V91/><F85/><W61/><G4/><T3/><D3/><U54/><E110/><V120/><F120/><W51/><G51/><T114/><D114/><U46/><E78/><V42/><F49/><W75/><G66/><T60/><D132/><U122/><E41/><V58/><F58/><W10/><G67/><T29/><D76/><U82/><E26/><V115/><F115/><W21/><G21/><T93/><D29/><U20/><E122/><V99/><F99/><W97/><G61/><T53/><D93/><U90/><E80/><V92/><F92/><W9/><G9/><T28/><D28/><U36/><E36/><V37/><F37/><W129/><G96/><T65/><D53/><U134/><E134/><V40/><F40/><W50/><G50/><T112/><D112/><U87/><E5/><V35/><F35/><W19/><G19/><T109/><D109/><U30/><E30/><V7/><F7/><W47/><G47/><T11/><D119/><U24/><E45/><N who="2" m="25655" /><F57/><W13/><G15/><T59/><D11/><U8/><E46/><V33/><F33/><W69/><G69/><T14/><D14/><U31/><E87/><V88/><F91/><W39/><G39/><T133/><D117/><U64/><E89/><V103/><F103/><W6/><G6/><RYUUKYOKU ba="1,0" sc="194,-15,509,-15,101,15,196,15" hai2="17,22,86,88,95,98,101,105,108,111" hai3="0,1,2,10,13,16,73,75,97,102,129,130,131" /><INIT seed="6,2,0,0,2,76" ten="179,494,116,211" oya="2" hai0="75,54,28,48,15,36,46,14,74,2,106,30,102" hai1="70,11,23,81,90,108,53,94,115,95,97,96,3" hai2="1,18,65,123,87,58,101,59,62,132,40,117,57" hai3="33,41,50,12,6,72,21,63,47,116,127,37,126"/><V4/><F123/><W135/><G72/><T114/><D36/><U92/><E108/><V22/><F117/><W51/><G33/><T17/><D2/><U128/><E70/><V42/><F132/><W78/><G78/><T66/><D15/><U103/><E115/><V26/><F101/><W105/><G105/><T0/><D0/><U61/><E3/><V64/><F87/><W45/><G116/><T29/><D114/><U89/><E11/><V25/><F25/><W9/><G63/><T83/><D66/><U38/><E38/><V27/><F27/><W120/><G120/><T98/><REACH who="0" step="1"/><D83/><REACH who="0" ten="169,494,116,211" step="2"/><U104/><E81/><V39/><F65/><W79/><G135/><T32/><D32/><U60/><E128/><V24/><F24/><W112/><G37/><T13/><D13/><U125/><E125/><V91/><F39/><W86/><G112/><T110/><D110/><U10/><E10/><AGARI ba="2,1" hai="10,14,17,28,29,30,46,48,54,74,75,98,102,106" machi="10" ten="40,1300,0" yaku="1,1,53,0" doraHai="76" doraHaiUra="118" who="0" fromWho="1" sc="169,29,494,-19,116,0,211,0" /><INIT seed="7,0,0,3,3,28" ten="198,475,116,211" oya="3" hai0="24,103,59,56,91,1,68,86,54,46,135,64,110" hai1="125,65,31,22,37,2,43,70,104,63,115,93,23" hai2="100,45,82,9,83,58,20,122,99,21,36,109,88" hai3="34,119,123,81,108,78,4,134,3,32,41,26,50"/><W35/><G119/><T98/><D110/><U117/><E104/><V116/><F109/><W133/><G123/><T44/><D1/><U113/><E2/><V12/><F116/><W14/><G3/><T97/><D97/><U49/><E117/><V106/><F122/><W112/><G112/><T126/><D126/><U47/><E125/><V92/><F58/><W52/><G41/><T80/><D68/><U25/><E93/><V29/><F36/><W5/><G26/><T132/><D64/><U39/><E22/><V42/><F42/><W11/><G5/><T8/><D8/><U79/><E79/><V114/><F114/><AGARI ba="0,0" hai="23,25,31,37,39,43,47,49,63,65,70,113,114,115" machi="114" ten="40,1300,0" yaku="15,1" doraHai="28" who="1" fromWho="2" sc="198,0,475,13,116,-13,211,0" owari="198,-20.2,488,58.8,103,-39.7,211,1.1" /></mjloggm>