<mjloggm ver="2.3"><GO type="169" lobby="0"/><UN n0="%E4%BE%8D" n1="%E3%81%82%E3%81%84%E3%81%93%E3%81%99" n2="%E3%81%95%E3%82%93%E3%81%84%E3%81%A1%E3%82%8D%E3%81%8F%E3%81%94" n3="%E7%A9%B6%E6%A5%B5%56%E3%83%A2%E3%83%B3%E3%82%AD%E3%83%BC" dan="18,16,17,16" rate="2241.13,2147.90,2093.62,2083.10" sx="M,M,M,M"/><TAIKYOKU oya="0"/><INIT seed="0,0,0,0,3,9" ten="250,250,250,250" oya="0" hai0="26,84,89,48,51,77,131,16,83,57,8,133,126" hai1="101,93,94,40,60,18,32,39,99,58,15,73,52" hai2="108,34,135,67,44,128,127,87,91,81,75,110,113" hai3="121,41,68,85,22,74,86,3,14,96,64,46,118"/><T36/><D126/><U107/><E73/><V69/><F113/><W17/><G118/><T100/><D131/><U19/><E32/><V31/><F127/><W28/><G121/><T66/><D36/><U106/><E19/><V24/><F128/><W116/><G116/><T65/><D133/><U49/><E39/><V134/><F75/><W27/><G74/><T37/><D37/><U10/><E107/><V88/><F44/><W0/><G96/><T1/><D100/><U92/><E106/><V70/><F91/><W11/><G64/><T25/><D1/><U71/><E71/><N who="2" m="27147" /><F67/><N who="0" m="25610" /><D77/><U122/><E122/><V55/><F55/><W53/><G53/><N who="0" m="31911" /><D51/><U50/><REACH who="1" step="1"/><E50/><REACH who="1" ten="250,240,250,250" step="2"/><V62/><F62/><W43/><G68/><T79/><D79/><U54/><E54/><V13/><F134/><W124/><G124/><T102/><D102/><U111/><E111/><N who="2" m="42539" /><F135/><W72/><G72/><T90/><D90/><U125/><E125/><V6/><F6/><W114/><G114/><T23/><D8/><U2/><E2/><V109/><F109/><W95/><G3/><T4/><D4/><U33/><E33/><V29/><F31/><W103/><G0/><T59/><D59/><U82/><E82/><V120/><F120/><W123/><G123/><T21/><D21/><U20/><E20/><V38/><F38/><W112/><G112/><T5/><D5/><U80/><E80/><V7/><F7/><W119/><G22/><T47/><D47/><AGARI ba="0,1" hai="10,15,18,40,47,49,52,58,60,92,93,94,99,101" machi="47" ten="40,8000,1" yaku="1,1,8,1,52,1,54,1,53,1" doraHai="9" doraHaiUra="42" who="1" fromWho="0" sc="250,-80,240,90,250,0,250,0" /><INIT seed="1,0,0,5,3,122" ten="170,330,250,250" oya="1" hai0="66,55,63,132,77,80,23,111,5,78,26,115,126" hai1="113,0,29,124,89,121,125,102,91,45,129,21,15" hai2="4,75,76,131,90,120,101,106,54,97,88,56,69" hai3="25,7,110,96,133,19,83,39,118,18,93,35,30"/><U47/><E121/><V37/><F120/><W82/><G133/><T107/><D115/><U86/><E113/><V94/><F69/><W8/><G39/><T9/><D107/><U73/><E73/><V105/><F37/><W36/><G36/><T46/><D132/><U123/><E123/><V58/><F131/><W72/><G118/><T112/><D112/><U50/><E0/><V44/><F4/><W87/><G72/><T13/><D126/><U98/><E129/><V41/><F105/><W114/><G114/><T100/><D100/><U42/><E47/><V14/><F14/><W49/><G49/><T40/><D55/><U67/><E67/><V135/><F135/><W61/><G61/><T16/><D111/><U85/><E85/><V117/><F117/><W62/><G62/><T11/><D11/><U99/><E91/><V104/><F104/><W24/><G110/><T17/><D17/><U71/><E71/><V84/><F90/><W95/><G83/><T68/><REACH who="0" step="1"/><D80/><REACH who="0" ten="160,330,250,250" step="2"/><N who="1" m="49351" /><E102/><V119/><F119/><W3/><G19/><T64/><D64/><U109/><E109/><V51/><F54/><W79/><G18/><T53/><D53/><U130/><E130/><V116/><F116/><W10/><G10/><T32/><D32/><U34/><E125/><V6/><F6/><W2/><G95/><T12/><D12/><U74/><E15/><V134/><F134/><W48/><G2/><T92/><D92/><U70/><E34/><V59/><F59/><W38/><G3/><T1/><D1/><U27/><E124/><V33/><F33/><W127/><G35/><RYUUKYOKU ba="0,1" sc="160,15,330,-15,250,15,250,-15" hai0="5,9,13,16,23,26,40,46,63,66,68,77,78" hai2="41,44,51,56,58,75,76,84,88,94,97,101,106" /><INIT seed="2,1,1,4,5,70" ten="175,315,265,235" oya="2" hai0="128,95,28,27,113,9,133,44,99,63,39,62,134" hai1="65,131,82,7,2,130,32,49,118,83,67,106,40" hai2="48,96,13,73,56,127,47,61,68,0,100,124,43" hai3="36,42,23,87,10,50,17,59,74,108,33,14,123"/><V97/><F0/><W19/><G123/><T60/><D113/><U57/><E118/><V84/><F73/><W120/><G120/><T1/><D128/><N who="1" m="49195" /><E32/><V54/><F84/><W5/><G33/><T12/><D1/><U4/><E106/><V117/><F117/><W101/><G74/><T20/><D44/><N who="1" m="25735" /><E67/><V132/><F132/><W91/><G108/><T6/><REACH who="0" step="1"/><D39/><REACH who="0" ten="165,315,265,235" step="2"/><U66/><E2/><V24/><F47/><W77/><G36/><T89/><AGARI ba="1,2" hai="6,9,12,20,27,28,60,62,63,89,95,99,133,134" machi="89" ten="30,4000,0" yaku="1,1,2,1,0,1,53,0" doraHai="70" doraHaiUra="103" who="0" fromWho="0" sc="165,63,315,-11,265,-21,235,-11" /><INIT seed="3,0,0,2,4,125" ten="228,304,244,224" oya="3" hai0="61,128,17,8,83,119,122,50,12,100,123,98,26" hai1="104,88,39,110,126,64,35,5,52,41,59,25,103" hai2="115,116,131,79,2,77,132,15,127,51,118,107,71" hai3="3,114,130,105,20,37,28,99,11,97,135,96,106"/><W10/><G114/><T117/><D50/><U75/><E126/><V62/><F2/><W18/><G37/><T54/><D83/><U44/><E110/><V85/><F107/><W9/><G135/><T70/><D26/><U16/><E75/><V73/><F73/><W109/><G3/><T46/><D46/><U6/><E64/><V113/><F132/><W92/><G28/><T58/><D70/><U86/><E103/><V40/><F127/><W34/><G34/><T30/><D30/><U82/><E104/><V63/><F15/><W21/><G92/><T33/><D33/><U89/><E89/><V23/><F23/><N who="3" m="8779" /><G18/><T49/><D49/><U32/><E32/><V94/><F71/><W66/><G66/><T72/><D72/><U56/><E56/><V57/><F57/><W90/><G90/><T36/><D36/><U68/><E68/><V95/><F40/><W108/><G130/><T19/><D128/><U38/><E38/><V84/><F51/><W93/><G93/><T22/><D123/><U42/><E42/><V81/><REACH who="2" step="1"/><F81/><REACH who="2" ten="228,304,234,224" step="2"/><W91/><G91/><T65/><D122/><U76/><E35/><V129/><AGARI ba="0,1" hai="62,63,77,79,84,85,94,95,113,115,116,118,129,131" machi="129" ten="25,12000,2" yaku="1,1,2,1,0,1,22,2,52,2,53,0" doraHai="125" doraHaiUra="78" who="2" fromWho="2" sc="228,-30,304,-30,234,130,224,-60" /><INIT seed="4,0,0,3,0,131" ten="198,274,364,164" oya="0" hai0="95,10,108,52,86,79,121,3,117,124,126,33,114" hai1="132,67,116,14,77,64,135,49,56,4,92,41,113" hai2="103,40,31,44,94,60,25,6,45,13,26,100,29" hai3="125,115,107,5,69,118,93,87,12,102,18,2,133"/><T88/><D121/><U17/><E116/><V32/><F60/><W47/><G118/><T57/><D117/><U83/><E4/><V34/><F94/><W106/><G69/><T76/><D33/><U53/><E41/><V43/><F13/><W78/><G115/><T8/><D114/><U23/><E113/><V7/><AGARI ba="0,0" hai="6,7,25,26,29,31,32,34,40,43,44,45,100,103" machi="7" ten="25,3200,0" yaku="0,1,22,2" doraHai="131" who="2" fromWho="2" sc="198,-16,274,-8,364,32,164,-8" /><INIT seed="5,0,0,2,5,64" ten="182,266,396,156" oya="1" hai0="119,111,22,21,33,86,69,32,91,113,122,44,94" hai1="130,65,60,19,88,6,117,121,11,3,25,89,50" hai2="4,129,120,24,72,17,109,102,26,57,62,97,73" hai3="75,87,0,14,61,83,43,58,126,76,114,116,35"/><U55/><E121/><V15/><F120/><W132/><G114/><T85/><D119/><U56/><E130/><V7/><F109/><W81/><G116/><T66/><D111/><U10/><E117/><V124/><F124/><W98/><G126/><T131/><D122/><U103/><E103/><V36/><F36/><W34/><G0/><T52/><D131/><U31/><E19/><V70/><F70/><W46/><G132/><T5/><D113/><U95/><E11/><V27/><F73/><W108/><G108/><T59/><D5/><U77/><E77/><V93/><F72/><W20/><G98/><T78/><D44/><U38/><E95/><V63/><F63/><W80/><G20/><T82/><D66/><U106/><E106/><V1/><F1/><W125/><G125/><T2/><D2/><U96/><E96/><V118/><F118/><W47/><G14/><T48/><D69/><U12/><E38/><V40/><F40/><W30/><G81/><T74/><REACH who="0" step="1"/><D74/><REACH who="0" ten="172,266,396,156" step="2"/><U134/><E3/><V39/><F129/><W16/><G46/><T42/><D42/><U54/><E134/><V51/><F7/><W133/><G133/><T13/><D13/><U135/><E135/><V123/><F15/><W18/><G47/><T115/><D115/><U9/><E55/><V99/><F4/><W28/><G43/><T128/><D128/><U100/><E10/><V79/><F123/><W53/><G35/><AGARI ba="0,1" hai="21,22,32,33,35,48,52,59,78,82,85,86,91,94" machi="35" ten="40,2600,0" yaku="1,1,54,1,53,0" doraHai="64" doraHaiUra="37" who="0" fromWho="3" sc="172,36,266,0,396,0,156,-26" /><INIT seed="6,0,0,4,2,26" ten="208,266,396,130" oya="2" hai0="34,71,75,38,42,57,13,4,51,93,55,62,66" hai1="130,135,132,116,20,117,87,81,25,49,110,37,46" hai2="5,131,99,109,14,78,106,72,77,33,15,91,119" hai3="113,58,96,56,8,127,9,97,104,67,1,43,95"/><V105/><F119/><W92/><G104/><T60/><D75/><U41/><E110/><V29/><F131/><W0/><G43/><T120/><D34/><U10/><E130/><V125/><F125/><W39/><G67/><N who="0" m="41447" /><D13/><U79/><E37/><V98/><F91/><W80/><G80/><T82/><D4/><U134/><REACH who="1" step="1"/><E10/><REACH who="1" ten="208,256,396,130" step="2"/><V27/><F109/><W73/><G127/><T40/><D38/><U22/><E22/><V31/><F33/><W21/><G21/><T18/><D120/><U89/><E89/><V59/><F78/><W65/><G39/><T84/><D40/><U74/><E74/><V36/><F77/><W86/><G73/><T53/><D42/><U112/><E112/><V101/><F36/><W85/><REACH who="3" step="1"/><G65/><REACH who="3" ten="208,256,396,120" step="2"/><T129/><D66/><U2/><E2/><V47/><F72/><W90/><G90/><T3/><D129/><U88/><E88/><V115/><F101/><W108/><G108/><T118/><D3/><U11/><E11/><V100/><F100/><W76/><G76/><T133/><D118/><U30/><AGARI ba="0,2" hai="20,25,30,41,46,49,79,81,87,116,117,132,134,135" machi="30" ten="30,7900,0" yaku="1,1,0,1,20,1,52,1,53,0" doraHai="26" doraHaiUra="35" who="1" fromWho="1" sc="208,-20,256,99,396,-39,120,-20" /><INIT seed="7,0,0,1,0,84" ten="188,355,357,100" oya="3" hai0="16,108,56,21,79,35,63,43,26,103,80,5,19" hai1="128,117,126,133,44,37,104,4,72,98,97,60,118" hai2="100,61,86,11,66,93,51,134,123,39,125,71,58" hai3="62,9,27,48,116,99,22,10,109,57,67,110,46"/><W82/><G116/><N who="1" m="44650" /><E133/><V50/><F134/><W106/><G82/><T0/><D108/><N who="3" m="41577" /><G106/><T20/><D35/><U81/><E128/><V29/><F39/><W107/><G107/><T6/><D43/><N who="1" m="22639" /><E126/><V36/><F36/><W40/><G99/><T78/><D103/><U7/><E60/><V13/><F125/><W90/><G90/><T70/><D70/><U89/><E98/><N who="2" m="59471" /><F71/><W68/><G68/><T52/><D0/><U87/><E72/><V94/><F123/><W112/><G112/><T24/><REACH who="0" step="1"/><D79/><REACH who="0" ten="178,355,357,100" step="2"/><U77/><E77/><V119/><F119/><W1/><G1/><T38/><D38/><U32/><E32/><V135/><F135/><W31/><AGARI ba="0,1" hai="9,10,22,27,31,40,46,48,57,62,67" m="41577" machi="31" ten="30,1500,0" yaku="10,1" doraHai="84" who="3" fromWho="3" sc="178,-5,355,-5,357,-5,100,25" /><INIT seed="7,1,0,3,4,6" ten="173,350,352,125" oya="3" hai0="79,37,98,26,99,127,51,130,89,15,80,104,111" hai1="106,121,29,11,46,115,72,32,118,70,90,92,131" hai2="100,47,62,4,35,87,126,31,53,86,43,56,74" hai3="125,114,117,133,58,128,42,76,21,13,57,19,12"/><W9/><G117/><T2/><D111/><U68/><E121/><V123/><F74/><W129/><G114/><T44/><D2/><U96/><E115/><V49/><F123/><W36/><G125/><T20/><D37/><U77/><E118/><V64/><F126/><W38/><G76/><T16/><D130/><N who="3" m="50281" /><G133/><T97/><D127/><U1/><E131/><V14/><F100/><W103/><G103/><T71/><D71/><U124/><E106/><V7/><F31/><W94/><G94/><T8/><D104/><U73/><E124/><V45/><F35/><W120/><G120/><T119/><D119/><U84/><E68/><V105/><F105/><W54/><G42/><N who="0" m="24983" /><D79/><U48/><E70/><V75/><F75/><W52/><G57/><T93/><D80/><U34/><E34/><V28/><F28/><AGARI ba="1,0" hai="8,15,16,20,26,28,89,93,97,98,99" m="24983" machi="28" ten="30,3900,0" yaku="8,1,52,1,54,1" doraHai="6" who="0" fromWho="2" sc="173,42,350,0,352,-42,125,0" owari="215,-18.5,350,45.0,310,11.0,125,-37.5" /></mjloggm>