<mjloggm ver="2.3"><GO type="169" lobby="0"/><UN n0="%E7%9B%AE%E5%8A%9B%36%30" n1="%E3%83%9E%E3%83%9E%E3%83%AC%E3%83%BC%E3%83%89%E7%94%B7" n2="%E4%B9%9D%E5%B0%BE%E3%81%AE%E3%83%8D%E3%82%B3" n3="%E6%BC%82%E3%81%86" dan="17,16,16,16" rate="2153.28,2049.34,2070.63,2113.02" sx="M,M,M,M"/><TAIKYOKU oya="0"/><INIT seed="0,0,0,2,0,125" ten="250,250,250,250" oya="0" hai0="92,52,0,13,83,40,6,14,59,102,84,38,57" hai1="12,107,113,134,100,123,19,115,67,29,10,98,15" hai2="47,43,33,120,70,78,39,73,54,129,55,82,105" hai3="132,109,42,37,35,61,60,45,5,65,81,74,31"/><T7/><D0/><U127/><E123/><V133/><F120/><W130/><G109/><T49/><D38/><U118/><E118/><V128/><F105/><W89/><G132/><T53/><D40/><U17/><E127/><V75/><F70/><N who="3" m="42279" /><G89/><T112/><D112/><N who="1" m="43083" /><E134/><V20/><F33/><W23/><G23/><T16/><D92/><U122/><E122/><V88/><F133/><W110/><G61/><N who="0" m="36007" /><D102/><U91/><E67/><V58/><F75/><W21/><G21/><N who="0" m="11407" /><D14/><U76/><E29/><V135/><F135/><W116/><G110/><T124/><D124/><U27/><E27/><V72/><F72/><W79/><G116/><T34/><D34/><U63/><E91/><AGARI ba="0,0" hai="6,7,49,53,59,83,84,91" m="11407,36007" machi="91" ten="30,5800,0" yaku="8,1,54,2" doraHai="125" who="0" fromWho="1" sc="250,58,250,-58,250,0,250,0" /><INIT seed="0,1,0,2,0,102" ten="308,192,250,250" oya="0" hai0="83,112,53,16,27,74,42,72,32,5,13,22,109" hai1="19,14,61,124,50,120,33,56,127,4,131,10,2" hai2="130,40,1,119,54,93,46,117,113,58,57,76,78" hai3="12,105,107,67,21,99,44,25,85,30,55,38,65"/><T90/><D112/><U123/><E120/><V49/><F113/><W3/><G3/><T15/><D42/><U115/><E115/><V134/><F1/><W28/><G28/><T8/><D109/><U89/><E131/><V31/><F31/><W37/><G37/><T97/><D53/><U87/><E33/><V101/><F130/><W118/><G118/><N who="2" m="45065" /><F134/><W29/><G29/><T132/><D132/><U81/><E123/><V51/><F58/><W82/><G99/><AGARI ba="1,0" hai="40,46,49,51,54,57,76,78,93,99,101" m="45065" machi="99" ten="30,1000,0" yaku="12,1" doraHai="102" who="2" fromWho="3" sc="308,0,192,0,250,13,250,-13" /><INIT seed="1,0,0,3,2,34" ten="308,192,263,237" oya="1" hai0="82,29,10,90,15,122,50,22,125,51,120,8,1" hai1="12,9,47,41,103,14,104,110,118,93,89,56,63" hai2="84,23,88,2,55,52,36,102,129,126,66,7,95" hai3="20,40,44,121,124,68,75,115,101,45,3,79,119"/><U128/><E118/><V25/><F126/><W24/><G68/><T65/><D65/><U49/><E128/><V6/><F36/><W69/><G69/><T123/><D125/><U67/><E110/><V42/><F42/><W109/><G109/><T105/><D105/><U91/><E104/><V80/><F66/><W94/><G115/><T18/><D29/><U92/><E103/><V113/><F129/><W76/><G121/><T39/><D39/><U130/><E130/><V62/><F2/><W57/><G3/><T78/><D90/><U0/><E0/><V30/><F113/><W58/><G75/><T60/><D60/><U117/><E117/><V134/><F134/><W54/><G58/><T31/><D31/><U64/><E64/><V72/><F72/><W86/><G119/><T73/><D10/><U17/><REACH who="1" step="1"/><E14/><REACH who="1" ten="308,182,263,237" step="2"/><V46/><F102/><W133/><G124/><T131/><D131/><U77/><E77/><V135/><F135/><W21/><G133/><T107/><D107/><U100/><E100/><V5/><F62/><W19/><G76/><T43/><D43/><U112/><E112/><V71/><F71/><W127/><G127/><T61/><D61/><U74/><E74/><V106/><F106/><W16/><G79/><T38/><D38/><U26/><E26/><V111/><F111/><W83/><G101/><T37/><D37/><U85/><E85/><V116/><F116/><W48/><G24/><T114/><D114/><U27/><E27/><V87/><F87/><W11/><G54/><N who="2" m="20521" /><F80/><W32/><G83/><T108/><D108/><U13/><E13/><RYUUKYOKU ba="0,1" sc="308,10,182,10,263,10,237,-30" hai0="1,8,15,18,22,50,51,73,78,82,120,122,123" hai1="9,12,17,41,47,49,56,63,67,89,91,92,93" hai2="5,6,7,23,25,30,46,84,88,95" /><INIT seed="1,1,1,2,3,0" ten="318,192,273,207" oya="1" hai0="111,70,9,32,13,124,46,20,76,53,71,55,61" hai1="7,16,90,135,68,131,44,110,67,86,128,10,25" hai2="113,94,63,120,88,19,96,4,45,134,62,59,50" hai3="15,99,58,37,103,48,11,35,22,21,129,118,80"/><U125/><E135/><V1/><F120/><W130/><G37/><T109/><D32/><U83/><E125/><V34/><F34/><W41/><G35/><T12/><D124/><U121/><E121/><V74/><F74/><W27/><G80/><T82/><D20/><N who="1" m="13447" /><E68/><V51/><F134/><W31/><G118/><T52/><D13/><N who="1" m="5343" /><E67/><V84/><F19/><W127/><G22/><T39/><D61/><U133/><E133/><V79/><F113/><W95/><G127/><T56/><D56/><U97/><E44/><V89/><F79/><W6/><REACH who="3" step="1"/><G58/><REACH who="3" ten="318,192,273,197" step="2"/><T57/><D57/><U66/><E66/><V115/><F115/><W91/><G91/><T5/><D39/><U18/><E18/><V30/><F30/><W126/><G126/><T8/><D71/><U60/><E60/><V43/><F59/><W40/><G40/><T81/><D70/><U42/><E42/><V23/><F23/><W100/><G100/><T36/><D36/><U38/><E38/><V47/><F51/><W119/><G119/><T65/><D65/><U78/><E110/><V72/><F47/><AGARI ba="1,2" hai="6,11,15,21,27,31,41,47,48,95,99,103,129,130" machi="47" ten="40,2600,0" yaku="1,1,52,1,53,0" doraHai="0" doraHaiUra="117" who="3" fromWho="2" sc="318,0,192,0,273,-29,197,49" /><INIT seed="2,0,0,3,3,3" ten="318,192,244,246" oya="2" hai0="94,62,105,127,135,85,65,102,95,118,23,33,71" hai1="130,38,100,40,13,111,89,90,93,80,122,72,31" hai2="55,21,19,132,77,16,42,112,74,22,116,60,10" hai3="0,39,79,43,36,83,125,7,133,82,78,134,81"/><V67/><F116/><W97/><G97/><T63/><D33/><U68/><E68/><V109/><F112/><W26/><G26/><T49/><D135/><N who="3" m="51721" /><G125/><T98/><D127/><U69/><E69/><V15/><F132/><W103/><G103/><T46/><D63/><U41/><E31/><V61/><F109/><W86/><G43/><T128/><D118/><U48/><E111/><V29/><F42/><W4/><G0/><T51/><D105/><U11/><E130/><V99/><F77/><N who="3" m="29195" /><G86/><T126/><D126/><U56/><E72/><V66/><F74/><W58/><G58/><T2/><D2/><U37/><E122/><V106/><F106/><W87/><G87/><T25/><D128/><U54/><E100/><V14/><F99/><W70/><G70/><T47/><D85/><N who="1" m="50343" /><E38/><AGARI ba="0,0" hai="4,7,36,38,39,81,82,83" m="29195,51721" machi="38" ten="40,8000,1" yaku="28,2,20,1,52,2" doraHai="3" who="3" fromWho="1" sc="318,0,192,-80,244,0,246,80" /><INIT seed="3,0,0,1,4,42" ten="318,112,244,326" oya="3" hai0="87,48,76,64,6,93,40,4,94,105,118,117,80" hai1="106,123,11,77,46,66,121,97,56,43,103,55,19" hai2="49,92,21,113,104,78,108,112,9,38,36,120,1" hai3="30,60,45,15,28,101,2,10,18,35,58,107,81"/><W115/><G115/><T16/><D105/><U14/><E66/><V82/><F108/><W27/><G81/><T67/><D118/><U73/><E73/><V8/><F104/><W57/><G30/><T71/><D117/><U91/><E77/><V23/><F1/><W114/><G114/><T25/><D71/><U47/><E91/><V128/><F92/><N who="0" m="35434" /><D67/><U109/><E109/><V62/><F62/><W84/><G84/><T79/><D64/><U50/><REACH who="1" step="1"/><E56/><REACH who="1" ten="318,102,244,326" step="2"/><V98/><F78/><W124/><G58/><T3/><D76/><U41/><E41/><V13/><F113/><W75/><G75/><T110/><D110/><U52/><E52/><V37/><F112/><W89/><G89/><T131/><D40/><U129/><E129/><V22/><F128/><W96/><G57/><T53/><D131/><U24/><E24/><V102/><F82/><W86/><G86/><T65/><D65/><U135/><E135/><V72/><F72/><W5/><G60/><T63/><D63/><U12/><E12/><V130/><F130/><W54/><G124/><T134/><D53/><U119/><E119/><V33/><F13/><W90/><G90/><T99/><D79/><U69/><E69/><V32/><F120/><W116/><G116/><T39/><D25/><U61/><E61/><V83/><F83/><W85/><G85/><T26/><D87/><U70/><E70/><V17/><F98/><W132/><G132/><T126/><D99/><U127/><E127/><V31/><F102/><W133/><G133/><T20/><D134/><U7/><E7/><V59/><F59/><RYUUKYOKU ba="0,1" sc="318,-10,102,30,244,-10,326,-10" hai1="11,14,19,43,46,47,50,55,97,103,106,121,123" /><INIT seed="4,1,1,2,1,74" ten="308,132,234,316" oya="0" hai0="124,113,71,99,22,19,90,81,15,79,31,42,94" hai1="119,54,75,29,4,97,85,111,95,92,12,130,110" hai2="8,38,50,32,129,83,46,2,66,109,116,121,26" hai3="118,134,51,17,13,84,43,88,65,55,70,112,117"/><T45/><D113/><U100/><E75/><V63/><F121/><W1/><G1/><T62/><D124/><U80/><E119/><V69/><F109/><W5/><G112/><T57/><D71/><U60/><E130/><V11/><F129/><W36/><G5/><T33/><D33/><U67/><E29/><V14/><F38/><W41/><G36/><T0/><D0/><U52/><E110/><V106/><F2/><W82/><G117/><T102/><D31/><U68/><E111/><V86/><F116/><W59/><G134/><T7/><D7/><U135/><E95/><V78/><F106/><W98/><G118/><T89/><D45/><U35/><E35/><V64/><F64/><W34/><G34/><T20/><D20/><U108/><E135/><V91/><F32/><W30/><G30/><T25/><D25/><U28/><E28/><V18/><F26/><W9/><REACH who="3" step="1"/><G98/><REACH who="3" ten="308,132,234,306" step="2"/><T37/><D37/><U105/><E108/><V73/><F11/><W23/><G23/><T39/><D39/><U107/><E107/><V6/><F6/><W58/><G58/><T40/><D40/><U3/><E105/><V96/><F96/><W87/><G87/><T10/><D42/><U122/><E122/><V56/><F73/><W127/><G127/><T120/><D120/><U114/><E114/><V49/><F69/><W104/><G104/><T47/><D10/><N who="1" m="4167" /><E3/><V44/><F44/><W93/><G93/><T101/><D47/><U27/><E27/><V77/><F46/><W103/><G103/><T125/><D125/><U16/><E16/><V21/><F21/><RYUUKYOKU ba="1,2" sc="308,-30,132,10,234,10,306,10" hai1="52,54,60,67,68,80,85,92,97,100" hai2="8,14,18,49,50,56,63,66,77,78,83,86,91" hai3="9,13,17,41,43,51,55,59,65,70,82,84,88" /><INIT seed="5,2,2,4,4,4" ten="278,142,244,316" oya="1" hai0="51,85,44,52,78,105,45,89,74,33,62,76,127" hai1="64,9,11,21,69,73,42,92,81,117,24,128,3" hai2="34,101,15,134,54,10,58,56,107,53,93,63,124" hai3="110,36,70,130,82,17,123,5,55,119,39,94,103"/><U98/><E117/><V97/><F124/><W38/><G110/><T87/><D127/><U91/><E3/><V108/><F108/><W118/><G123/><T25/><D105/><U80/><E128/><V72/><F134/><W83/><G70/><T111/><D111/><U28/><E42/><V22/><F72/><W79/><G130/><T125/><D74/><U1/><E1/><V2/><F2/><W100/><G5/><T68/><D125/><U99/><E99/><V41/><F41/><W57/><G17/><T95/><D45/><U60/><REACH who="1" step="1"/><E80/><REACH who="1" ten="278,132,244,316" step="2"/><V116/><F116/><N who="3" m="44587" /><G82/><T102/><D102/><U16/><E16/><V66/><F107/><W47/><G100/><T29/><D85/><U0/><E0/><V96/><F96/><W112/><G103/><T59/><REACH who="0" step="1"/><D68/><REACH who="0" ten="268,132,244,316" step="2"/><U113/><E113/><V135/><F101/><W12/><G112/><T31/><D31/><U14/><E14/><V90/><F15/><W13/><G13/><T129/><D129/><U26/><E26/><V18/><F135/><W115/><G12/><T120/><D120/><U132/><E132/><V86/><F86/><W104/><G104/><T46/><D46/><U65/><E65/><AGARI ba="2,4" hai="25,29,33,44,51,52,59,62,65,76,78,87,89,95" machi="65" ten="30,7700,0" yaku="1,1,7,1,54,1,53,1" doraHai="4" doraHaiUra="30" who="0" fromWho="1" sc="268,123,132,-83,244,0,316,0" /><INIT seed="6,0,0,4,4,104" ten="391,49,244,316" oya="2" hai0="49,94,125,39,26,64,73,56,5,129,93,135,57" hai1="111,53,91,123,3,22,48,42,62,69,18,121,46" hai2="124,119,47,92,128,84,1,108,27,71,81,74,89" hai3="10,63,112,99,15,79,58,102,96,12,2,70,87"/><V77/><F119/><W126/><G70/><T115/><D39/><U17/><E3/><V16/><F71/><W41/><G126/><T29/><D125/><U45/><E18/><V109/><F124/><W55/><G112/><T85/><D115/><U76/><E91/><V117/><F117/><W24/><G2/><T95/><D73/><U54/><E76/><V88/><F1/><W72/><G41/><T19/><D5/><U103/><E103/><V80/><F128/><W30/><G72/><T59/><D135/><U78/><E78/><V51/><F27/><W52/><G55/><T107/><D107/><U132/><E22/><V31/><F31/><W8/><G8/><T34/><D129/><U13/><E13/><V66/><F16/><N who="3" m="8215" /><G102/><T68/><D68/><U83/><E83/><V65/><F108/><W33/><G33/><T75/><D75/><U101/><E17/><V106/><F106/><W122/><G122/><T25/><D64/><N who="1" m="41111" /><E101/><V118/><F118/><W113/><G113/><T67/><D67/><U60/><E111/><V127/><F127/><W134/><G134/><T14/><D85/><U120/><E132/><V90/><F109/><W133/><G133/><T97/><D26/><U131/><E131/><V43/><F90/><W4/><G4/><T105/><D105/><U28/><E28/><V44/><REACH who="2" step="1"/><F47/><REACH who="2" ten="391,49,234,316" step="2"/><W23/><G15/><T0/><D0/><U100/><E100/><V38/><F38/><W86/><G79/><T20/><D29/><U130/><E130/><V61/><F61/><W11/><G11/><T40/><D14/><U98/><E60/><RYUUKYOKU ba="0,1" sc="391,-15,49,-15,234,15,316,15" hai2="43,44,51,65,66,74,77,80,81,84,88,89,92" hai3="23,24,30,52,58,63,86,87,96,99" /><INIT seed="6,1,1,4,0,79" ten="376,34,249,331" oya="2" hai0="93,69,100,30,90,52,17,51,64,55,114,54,18" hai1="21,102,14,2,115,109,108,134,33,78,63,28,125" hai2="1,135,71,113,67,95,53,133,42,20,34,43,127" hai3="92,88,82,116,104,91,122,48,4,76,89,19,129"/><V112/><F34/><W94/><G116/><T120/><D120/><U103/><E63/><V68/><F1/><W6/><G104/><T37/><D37/><U3/><E78/><V97/><F20/><W16/><G122/><T12/><D114/><N who="2" m="44138" /><F97/><W44/><G129/><T117/><D117/><U80/><E115/><V11/><F11/><W29/><G29/><T73/><D73/><U110/><E134/><N who="2" m="51211" /><F95/><N who="3" m="36395" /><G4/><T66/><D100/><U70/><E70/><N who="2" m="26667" /><F127/><W124/><G6/><T7/><D30/><U96/><E28/><V74/><F74/><W99/><G99/><T131/><D7/><U106/><E125/><V84/><F84/><N who="3" m="48199" /><G124/><T27/><D93/><U32/><E96/><V72/><F72/><W25/><G25/><T10/><D27/><U31/><E31/><V5/><F5/><W8/><G8/><T50/><D18/><U132/><E132/><V22/><F22/><W45/><G45/><T47/><D47/><U123/><E123/><V101/><F101/><W83/><G83/><T39/><D10/><U62/><E80/><V46/><F67/><W60/><G19/><T75/><D17/><N who="1" m="10423" /><E106/><V40/><F53/><N who="3" m="29831" /><G16/><T9/><D75/><U36/><E32/><V86/><F86/><W107/><G107/><T130/><D9/><U85/><E33/><V56/><F56/><W57/><G91/><T111/><D90/><U128/><E85/><V23/><F23/><W13/><G13/><T26/><D12/><U61/><E128/><V24/><F24/><W15/><G15/><T65/><D131/><U87/><E87/><V35/><F35/><W38/><G89/><RYUUKYOKU ba="1,1" sc="376,-10,34,-10,249,30,331,-10" hai2="40,42,43,46" /><INIT seed="6,2,1,2,1,15" ten="366,24,279,321" oya="2" hai0="116,36,94,75,46,128,25,99,50,112,51,57,55" hai1="124,100,76,30,8,2,22,42,17,6,71,41,84" hai2="131,115,53,77,44,45,58,13,23,62,74,79,93" hai3="91,113,21,92,0,26,34,24,133,43,90,40,97"/><V134/><F115/><W95/><G133/><T101/><D75/><U38/><E71/><V72/><F72/><W114/><G0/><T49/><D112/><N who="3" m="43113" /><G34/><T110/><D110/><U111/><E111/><V89/><F131/><W48/><G48/><N who="0" m="30951" /><D36/><U104/><E124/><V86/><F74/><W96/><G26/><T123/><D123/><U67/><E67/><V126/><F126/><W81/><G81/><T118/><D128/><U60/><E60/><V10/><F23/><W78/><G78/><N who="2" m="29705" /><F134/><W47/><G47/><T119/><D25/><U98/><E30/><AGARI ba="2,1" hai="21,24,30,40,43,90,91,92,95,96,97" m="43113" machi="30" ten="30,2000,0" yaku="15,1,11,1" doraHai="15" who="3" fromWho="1" sc="366,0,24,-26,279,0,321,36" owari="366,46.6,-2,-50.2,279,-12.1,357,15.7" /></mjloggm>