<mjloggm ver="2.3"><GO type="169" lobby="0"/><UN n0="%46%72%6F%6E" n1="%E3%83%95%E3%82%AF%E3%83%80%E3%83%B3%E3%83%81%E3%83%A7" n2="%48%69%70%70%6F%5F" n3="%E3%81%9D%E3%81%86%E3%81%9F%E3%81%A3%E3%81%9F" dan="16,16,17,16" rate="2135.74,2114.95,2196.12,2066.60" sx="M,M,M,M"/><TAIKYOKU oya="0"/><INIT seed="0,0,0,3,1,19" ten="250,250,250,250" oya="0" hai0="3,9,15,29,37,73,56,120,112,75,101,44,102" hai1="20,30,99,126,43,33,36,95,24,104,0,42,66" hai2="133,1,69,16,71,62,91,46,80,131,97,92,128" hai3="57,110,107,48,10,35,109,2,25,114,6,41,50"/><T68/><D112/><U58/><E104/><V78/><F133/><W116/><G114/><T134/><D120/><U96/><E0/><V85/><F1/><W113/><G113/><T122/><D122/><U26/><E126/><V72/><F46/><W14/><G107/><T125/><D68/><U11/><E11/><V117/><F117/><W106/><G106/><T23/><D3/><U60/><E36/><V13/><F72/><W34/><G41/><T77/><D134/><U94/><E95/><V39/><F39/><W38/><G38/><T82/><D75/><U88/><REACH who="1" step="1"/><E99/><REACH who="1" ten="250,240,250,250" step="2"/><V89/><F78/><W118/><G10/><T22/><D125/><U12/><E12/><V7/><F7/><W111/><G2/><T98/><D98/><U4/><E4/><V64/><REACH who="2" step="1"/><F71/><REACH who="2" ten="250,240,240,250" step="2"/><W93/><G6/><T115/><D115/><U32/><E32/><V76/><F76/><W87/><G34/><T74/><D37/><U135/><E135/><V90/><F90/><N who="3" m="53471" /><G14/><T21/><D74/><U45/><E45/><V54/><F54/><W52/><G118/><T105/><D44/><U124/><E124/><V61/><F61/><N who="3" m="36007" /><G116/><T51/><D105/><U81/><E81/><V63/><F63/><W28/><AGARI ba="0,2" hai="25,28,35,48,50,109,110,111" m="36007,53471" machi="28" ten="40,2700,0" yaku="14,1,54,1" doraHai="19" who="3" fromWho="3" sc="250,-13,240,-7,240,-7,250,47" /><INIT seed="1,0,0,5,2,61" ten="237,233,233,297" oya="1" hai0="97,59,86,116,45,79,76,42,50,32,57,112,99" hai1="131,117,64,114,133,51,71,113,52,43,2,108,125" hai2="110,73,121,20,106,102,38,109,78,18,69,54,9" hai3="75,96,27,56,105,104,82,118,35,120,34,0,12"/><U8/><E117/><V49/><F121/><W101/><G120/><T37/><D112/><U65/><E2/><V6/><F38/><W89/><G0/><T3/><D116/><U111/><E8/><V60/><F73/><W7/><G105/><T92/><D32/><U81/><E71/><V39/><F39/><W33/><G7/><T13/><D3/><U4/><E4/><V63/><F78/><W107/><G12/><T48/><D37/><U98/><E43/><V21/><F102/><W11/><G11/><T72/><D72/><U132/><E81/><V62/><F106/><W67/><G107/><T127/><D127/><U134/><E98/><V47/><F69/><W66/><G56/><T10/><D97/><U28/><E28/><V87/><F87/><W23/><G118/><T24/><D24/><U17/><E17/><V36/><F36/><W100/><G100/><T91/><D48/><U1/><E1/><N who="2" m="207" /><F18/><W103/><G103/><T130/><D130/><U16/><E131/><V85/><F85/><W129/><G129/><T44/><D44/><N who="1" m="27751" /><E16/><V55/><F55/><W41/><G41/><T26/><D86/><U83/><E83/><V135/><F54/><W126/><G126/><T15/><D26/><U122/><E122/><V128/><F128/><W74/><G74/><T90/><D13/><U29/><E29/><V80/><F80/><W84/><REACH who="3" step="1"/><G75/><REACH who="3" ten="237,233,233,287" step="2"/><T30/><D10/><U77/><E125/><V31/><F47/><W115/><G115/><N who="1" m="44042" /><E77/><N who="0" m="29769" /><D15/><U94/><E94/><V40/><F40/><W5/><G5/><T95/><D30/><AGARI ba="0,1" hai="23,27,30,33,34,35,66,67,82,84,89,96,101,104" machi="30" ten="40,5200,0" yaku="1,1,52,2,53,0" doraHai="61" doraHaiUra="46" who="3" fromWho="0" sc="237,-52,233,0,233,0,287,62" /><INIT seed="2,0,0,4,1,48" ten="185,233,233,349" oya="2" hai0="62,35,24,59,100,10,14,63,69,108,23,43,28" hai1="72,113,36,99,106,122,107,25,1,85,97,67,88" hai2="92,17,31,134,115,104,118,133,32,109,78,16,80" hai3="3,52,57,50,98,27,89,22,128,5,73,29,33"/><V58/><F104/><W112/><G73/><T130/><D108/><U11/><E36/><V131/><F115/><W38/><G38/><T60/><D130/><U0/><E72/><V56/><F118/><W87/><G128/><T13/><D69/><U105/><E113/><V51/><F131/><W77/><G112/><T125/><D125/><U37/><E37/><V39/><F39/><W116/><G116/><T8/><D35/><U81/><E122/><V120/><F120/><W45/><G3/><T54/><D100/><U55/><E67/><V12/><F109/><W61/><G5/><T4/><REACH who="0" step="1"/><D43/><REACH who="0" ten="175,233,233,349" step="2"/><U95/><E0/><V126/><F32/><W129/><G33/><T102/><D102/><U123/><E1/><V135/><F126/><W124/><G124/><T86/><D86/><U42/><E42/><V26/><F134/><W7/><G129/><T70/><D70/><U119/><E123/><V121/><F121/><W68/><G68/><T90/><D90/><U9/><E99/><V66/><F135/><W47/><G98/><T103/><D103/><U21/><E119/><V76/><F133/><W71/><G89/><T96/><D96/><U40/><E40/><V75/><F75/><W49/><G71/><T114/><D114/><U84/><E84/><V91/><F91/><W65/><G87/><T53/><D53/><U117/><E55/><V34/><F34/><W93/><G52/><T110/><D110/><U41/><E41/><V79/><F66/><W6/><G65/><T132/><D132/><U46/><E106/><V19/><F78/><W15/><G77/><RYUUKYOKU ba="0,1" sc="175,30,233,-10,233,-10,349,-10" hai0="4,8,10,13,14,23,24,28,54,59,60,62,63" /><INIT seed="3,1,1,3,1,24" ten="205,223,223,339" oya="3" hai0="47,44,11,46,111,81,85,117,34,76,101,89,121" hai1="127,93,0,56,74,83,37,58,98,49,52,27,80" hai2="100,82,84,36,128,124,21,105,18,1,13,114,17" hai3="67,91,110,75,32,45,72,59,41,53,6,88,73"/><W15/><G67/><T102/><D117/><U96/><E37/><V22/><F114/><W95/><G32/><T113/><D121/><U135/><E0/><V120/><F36/><W33/><G33/><T4/><D113/><U65/><E127/><V62/><F1/><W86/><G110/><T63/><D111/><U42/><E42/><V64/><F124/><W90/><G15/><T50/><D34/><U29/><E74/><V9/><F120/><W23/><G23/><T115/><D115/><U97/><E93/><V104/><F128/><W43/><G6/><T19/><D19/><U133/><E65/><V69/><F100/><W99/><G45/><T130/><D50/><U48/><E58/><V38/><F38/><W60/><REACH who="3" step="1"/><G86/><REACH who="3" ten="205,223,223,329" step="2"/><T92/><D130/><U35/><REACH who="1" step="1"/><E48/><REACH who="1" ten="205,213,223,329" step="2"/><V40/><F64/><W71/><G71/><T126/><D126/><U51/><E51/><V112/><F69/><W26/><G26/><T31/><D63/><U129/><E129/><V39/><F62/><W123/><G123/><T79/><D46/><U3/><E3/><V132/><F112/><W8/><G8/><T7/><D11/><U2/><E2/><V103/><F9/><W14/><G14/><T10/><D10/><U25/><E25/><V54/><F39/><W70/><G70/><T28/><D47/><U106/><E106/><V61/><F105/><W20/><G20/><T134/><D44/><U16/><E16/><V57/><F104/><W12/><G12/><T30/><D134/><AGARI ba="1,3" hai="27,29,35,49,52,56,80,83,96,97,98,133,134,135" machi="134" ten="40,12000,2" yaku="1,1,20,1,52,1,54,1,53,2" doraHai="24" doraHaiUra="77" who="1" fromWho="0" sc="205,-123,213,153,223,0,329,0" /><INIT seed="4,0,0,3,3,68" ten="82,366,223,329" oya="0" hai0="110,9,23,32,112,16,18,27,78,88,22,103,8" hai1="84,100,79,111,55,54,29,126,92,0,75,12,4" hai2="69,6,52,130,51,113,50,72,14,109,83,132,74" hai3="41,120,20,128,96,123,33,73,21,89,43,105,63"/><T7/><D78/><U107/><E0/><V2/><F109/><W116/><G33/><T58/><D110/><U30/><E111/><V64/><F2/><W28/><G73/><T98/><D32/><U49/><E55/><V38/><F38/><W81/><G116/><T40/><D112/><U59/><E107/><V77/><F113/><W133/><G133/><T82/><D40/><U45/><E126/><V15/><F130/><W87/><G128/><T36/><D36/><U114/><E114/><V127/><F132/><W5/><G63/><T3/><D58/><U121/><E121/><N who="3" m="46666" /><G5/><T94/><D9/><N who="1" m="4135" /><E75/><V39/><F74/><W129/><G129/><T53/><D53/><U47/><E100/><V93/><F72/><W85/><G85/><T104/><D82/><N who="1" m="47199" /><E92/><V67/><F93/><N who="3" m="56367" /><G105/><T44/><D44/><AGARI ba="0,0" hai="29,30,44,45,47,49,54,59" m="47199,4135" machi="44" ten="30,1000,0" yaku="8,1" doraHai="68" who="1" fromWho="0" sc="82,-10,366,10,223,0,329,0" /><INIT seed="5,0,0,3,3,53" ten="72,376,223,329" oya="1" hai0="47,131,122,48,87,46,93,116,52,54,74,83,40" hai1="18,68,119,98,99,39,130,124,63,20,103,92,82" hai2="133,60,78,31,33,114,73,113,36,38,43,80,134" hai3="89,127,84,109,118,100,61,71,51,95,49,132,108"/><U91/><E119/><V27/><F60/><W72/><G72/><T55/><D116/><U94/><E124/><V86/><F86/><W0/><G0/><T44/><D131/><U25/><E130/><V5/><F5/><W7/><G7/><T66/><D122/><U59/><E68/><V37/><REACH who="2" step="1"/><F43/><REACH who="2" ten="72,376,213,329" step="2"/><W21/><G84/><T126/><D126/><U32/><E82/><V15/><F15/><W3/><G61/><T77/><REACH who="0" step="1"/><D66/><REACH who="0" ten="62,376,213,329" step="2"/><U17/><E98/><V65/><F65/><W26/><G127/><T41/><D41/><U6/><E99/><V110/><F110/><W23/><G109/><T62/><D62/><U90/><E63/><V115/><AGARI ba="0,2" hai="27,31,33,36,37,38,73,78,80,113,114,115,133,134" machi="115" ten="40,12000,2" yaku="1,1,0,1,15,1,11,1,23,2,53,1" doraHai="53" doraHaiUra="24" who="2" fromWho="2" sc="62,-30,376,-60,213,140,329,-30" /><INIT seed="6,0,0,0,2,120" ten="32,316,353,299" oya="2" hai0="91,103,24,124,67,21,129,83,127,17,99,119,131" hai1="1,123,40,117,5,130,57,58,49,68,32,85,122" hai2="22,3,121,55,74,59,105,84,88,31,97,48,133" hai3="56,23,20,94,113,87,54,64,104,81,78,10,132"/><V62/><F121/><N who="1" m="46089" /><E32/><V102/><F3/><W35/><G104/><T4/><D67/><U6/><E1/><V28/><F74/><W18/><G35/><T96/><D119/><U15/><E68/><V108/><F133/><W63/><G113/><T33/><D4/><N who="1" m="1643" /><E130/><V38/><F38/><W42/><G42/><T44/><D44/><U41/><E15/><V79/><F79/><W2/><G132/><T135/><D33/><U82/><E117/><V50/><F28/><W101/><G2/><T26/><D135/><U60/><E49/><V75/><F75/><W14/><REACH who="3" step="1"/><G64/><REACH who="3" ten="32,316,353,289" step="2"/><T29/><D129/><U12/><E12/><V0/><F0/><W13/><G13/><T90/><D131/><U77/><E58/><V36/><F59/><W92/><G92/><T16/><D26/><U107/><E107/><V106/><F105/><W110/><G110/><T95/><D83/><U70/><E70/><V66/><F108/><W61/><G61/><T80/><D80/><U51/><E51/><V128/><F50/><W76/><G76/><T34/><D34/><U7/><N who="1" m="1651" /><U115/><DORA hai="126" /><E115/><V72/><F62/><W46/><G46/><T27/><D27/><U114/><E114/><V30/><F48/><W9/><G9/><T8/><D8/><U111/><E111/><V112/><F106/><W69/><G69/><T11/><D11/><U47/><E47/><V52/><F112/><W100/><G100/><T25/><D25/><U73/><E73/><V45/><F72/><W19/><G19/><N who="0" m="7243" /><D103/><U37/><E37/><V86/><F36/><W98/><AGARI ba="0,1" hai="10,14,18,20,23,54,56,63,78,81,87,94,98,101" machi="98" ten="30,7900,0" yaku="1,1,5,1,0,1,8,1,53,0" doraHai="120,126" doraHaiUra="109,118" who="3" fromWho="3" sc="32,-20,316,-20,353,-39,289,89" /><INIT seed="7,0,0,1,1,23" ten="12,296,314,378" oya="3" hai0="127,105,73,22,74,58,38,71,21,122,107,93,0" hai1="90,120,108,84,62,48,97,104,28,111,68,115,37" hai2="103,47,60,63,18,7,4,126,77,135,89,49,20" hai3="118,15,53,26,86,65,14,13,29,56,98,52,132"/><W96/><G132/><T39/><D93/><U24/><E120/><V109/><F126/><W76/><G65/><T101/><D58/><U44/><E115/><V128/><F128/><W25/><G53/><T112/><D101/><U85/><E37/><V134/><F109/><W2/><G2/><T80/><D80/><U67/><E85/><V91/><F77/><W66/><G66/><T9/><D9/><U51/><E51/><V99/><F135/><W88/><G118/><T6/><D6/><N who="2" m="2090" /><F103/><W3/><G3/><T54/><D54/><U1/><E1/><V92/><F89/><W83/><G29/><T55/><D55/><U133/><E133/><V45/><F134/><W94/><G98/><T125/><D122/><U81/><E97/><V82/><F82/><W36/><G36/><T32/><D0/><U42/><REACH who="1" step="1"/><E104/><REACH who="1" ten="12,286,314,378" step="2"/><V78/><F78/><W121/><G121/><T110/><D110/><U34/><AGARI ba="0,1" hai="24,28,34,42,44,48,62,67,68,81,84,90,108,111" machi="34" ten="20,12000,2" yaku="1,1,2,1,0,1,7,1,52,1,53,1" doraHai="23" doraHaiUra="64" who="1" fromWho="1" sc="12,-30,286,130,314,-30,378,-60" owari="-18,-51.8,416,51.6,284,-11.6,318,11.8" /></mjloggm>