<mjloggm ver="2.3"><GO type="169" lobby="0"/><UN n0="%E5%8F%B3%E8%84%B3%E8%A9%B0%E3%82%81" n1="%4D%41%4B%30%31%30%34" n2="%E6%9F%8A%E5%92%B2%E5%A4%9C" n3="%E9%BB%92%E9%9B%BB%E8%A9%B1" dan="17,17,16,16" rate="2186.46,2173.60,2163.32,2142.68" sx="M,M,M,M"/><TAIKYOKU oya="0"/><INIT seed="0,0,0,5,4,36" ten="250,250,250,250" oya="0" hai0="51,45,72,133,74,105,85,119,112,106,73,107,123" hai1="10,101,62,42,126,99,110,55,59,63,66,124,94" hai2="130,125,2,1,58,70,50,12,9,122,96,27,100" hai3="7,95,60,82,78,115,118,91,11,47,33,135,65"/><T14/><D112/><U31/><E110/><V53/><F122/><W116/><G115/><T131/><D119/><U40/><E10/><V6/><F130/><W8/><G33/><T89/><D123/><U37/><E31/><V114/><F114/><W93/><G135/><T15/><D133/><U109/><E109/><V120/><F120/><W79/><G11/><T32/><D32/><U111/><E111/><V132/><F132/><W103/><G103/><T25/><D25/><U5/><E5/><V29/><F70/><W26/><G26/><T84/><D131/><U48/><E63/><V76/><F76/><W117/><G47/><T80/><REACH who="0" step="1"/><D84/><REACH who="0" ten="240,250,250,250" step="2"/><U21/><E37/><V23/><REACH who="2" step="1"/><F125/><REACH who="2" ten="240,250,240,250" step="2"/><N who="1" m="48233" /><E21/><V69/><F69/><AGARI ba="0,2" hai="40,42,48,55,59,62,66,69,94,99,101" m="48233" machi="69" ten="30,3900,0" yaku="18,1,52,2" doraHai="36" who="1" fromWho="2" sc="240,0,250,59,240,-39,250,0" /><INIT seed="1,0,0,2,5,14" ten="240,309,201,250" oya="1" hai0="20,82,124,106,52,10,111,69,127,50,114,95,79" hai1="112,63,100,102,21,89,132,32,126,1,3,28,17" hai2="11,119,13,22,98,81,46,90,2,108,133,8,101" hai3="47,42,121,131,24,7,97,16,109,113,78,117,58"/><U0/><E112/><V68/><F119/><W84/><G113/><T129/><D114/><U6/><E132/><V35/><F35/><W30/><G121/><T70/><D106/><U80/><E126/><N who="0" m="48169" /><D111/><U56/><E6/><V41/><F68/><W134/><G109/><T120/><D120/><U71/><E71/><V92/><F108/><W135/><G131/><T65/><D65/><U33/><E80/><V31/><F133/><N who="3" m="50699" /><G7/><T51/><D51/><U87/><E33/><V85/><F2/><W43/><G117/><T60/><D60/><U76/><E76/><V29/><F22/><N who="3" m="13383" /><G30/><T39/><D10/><U74/><E28/><V37/><REACH who="2" step="1"/><F8/><REACH who="2" ten="240,309,191,250" step="2"/><W19/><G42/><T67/><D20/><U104/><E32/><V128/><F128/><W72/><G43/><T5/><D70/><U93/><E74/><V57/><F57/><W73/><G58/><T64/><D69/><U53/><REACH who="1" step="1"/><E104/><REACH who="1" ten="240,299,191,250" step="2"/><V125/><F125/><W15/><G72/><T44/><D129/><U116/><E116/><V40/><F40/><W88/><G73/><T122/><D122/><U36/><E36/><V18/><AGARI ba="0,2" hai="11,13,18,29,31,37,41,46,81,85,90,92,98,101" machi="18" ten="20,8000,1" yaku="1,1,0,1,7,1,52,1,53,1" doraHai="14" doraHaiUra="96" who="2" fromWho="2" sc="240,-20,299,-40,191,100,250,-20" /><INIT seed="2,0,0,4,2,6" ten="220,259,291,230" oya="2" hai0="113,31,70,119,115,91,45,86,104,98,74,49,75" hai1="110,13,20,24,57,97,21,27,117,28,17,77,56" hai2="129,42,33,61,18,15,83,4,50,0,81,54,23" hai3="72,25,126,107,22,52,80,92,59,14,114,106,11"/><V5/><F129/><W68/><G68/><T43/><D70/><U1/><E117/><V95/><F33/><W122/><G126/><T134/><D119/><U85/><E1/><V19/><F42/><W105/><G122/><T71/><D71/><U55/><E110/><V130/><F130/><W89/><G114/><T12/><D134/><U46/><E97/><V26/><F61/><W29/><G80/><N who="2" m="30793" /><F95/><W60/><G72/><T100/><D31/><N who="1" m="17799" /><E85/><V66/><F66/><W94/><REACH who="3" step="1"/><G89/><REACH who="3" ten="220,259,291,220" step="2"/><T8/><D75/><U47/><E77/><V69/><F69/><W135/><G135/><T88/><D74/><U131/><E131/><V73/><F73/><W53/><G53/><T111/><D91/><U108/><E108/><V78/><F78/><W35/><G35/><T38/><D111/><U58/><E55/><V120/><F120/><W84/><G84/><T112/><D88/><U3/><E3/><V96/><F0/><W2/><G2/><T118/><D86/><U79/><E79/><V65/><F96/><W64/><G64/><T63/><D118/><U34/><E34/><V10/><F65/><W76/><G76/><T32/><D32/><U36/><E36/><V103/><F103/><W124/><G124/><T37/><REACH who="0" step="1"/><D63/><REACH who="0" ten="210,259,291,220" step="2"/><U125/><E125/><V101/><F101/><W39/><G39/><T133/><D133/><U99/><E99/><V123/><F123/><W90/><G90/><T51/><D51/><U9/><AGARI ba="0,2" hai="9,13,17,21,27,28,46,47,56,57,58" m="17799" machi="9" ten="30,2000,0" yaku="8,1,52,1" doraHai="6" who="1" fromWho="1" sc="210,-5,259,40,291,-10,220,-5" /><INIT seed="3,0,0,3,1,98" ten="205,299,281,215" oya="3" hai0="12,87,72,77,57,61,7,102,132,51,13,39,11" hai1="106,97,6,35,65,46,49,115,14,56,53,1,58" hai2="83,22,67,114,112,64,45,101,116,9,19,96,80" hai3="81,130,109,37,129,71,29,47,55,134,24,103,23"/><W127/><G71/><T125/><D132/><U128/><E115/><V30/><F116/><W15/><G134/><T131/><D125/><U17/><E35/><V69/><F114/><W4/><G127/><T40/><D131/><U42/><E128/><N who="3" m="49258" /><G109/><T84/><D39/><U118/><E118/><V110/><F110/><W135/><G135/><T117/><D117/><U74/><E74/><V120/><F120/><W100/><G81/><T66/><D13/><U16/><E1/><V85/><F69/><W10/><G55/><T63/><D63/><N who="1" m="38135" /><E106/><V2/><F83/><W95/><G95/><T0/><D0/><U27/><E97/><V88/><F112/><W33/><G33/><T75/><D84/><U5/><E27/><V86/><F30/><W90/><G90/><T68/><D68/><U18/><E14/><V94/><F85/><W113/><G113/><T26/><D26/><U91/><E91/><V48/><F2/><W70/><G70/><T20/><D87/><U8/><E8/><V36/><F9/><W34/><G34/><T82/><D75/><U89/><E89/><V28/><F28/><W32/><G32/><T105/><D20/><U108/><E108/><V41/><F36/><W121/><G121/><T73/><D73/><U44/><E44/><V31/><F31/><W99/><G99/><T122/><D122/><U21/><E21/><V123/><F123/><W79/><G79/><T78/><D78/><U50/><AGARI ba="0,0" hai="5,6,16,17,18,42,46,49,50,53,56" m="38135" machi="50" ten="30,2000,0" yaku="8,1,54,1" doraHai="98" who="1" fromWho="1" sc="205,-5,299,20,281,-5,215,-10" /><INIT seed="4,0,0,3,4,81" ten="200,319,276,205" oya="0" hai0="27,134,94,21,109,112,0,38,13,1,118,126,86" hai1="66,87,67,83,99,46,104,69,32,15,77,65,44" hai2="130,76,24,74,97,39,59,62,100,92,53,4,93" hai3="33,102,11,57,96,125,79,41,25,103,114,64,75"/><T31/><D118/><U110/><E110/><V115/><F115/><W6/><G114/><T18/><D112/><U23/><E32/><V128/><F39/><W111/><G111/><T82/><D38/><U8/><E69/><V78/><F74/><W73/><G103/><T108/><D134/><U58/><E58/><V36/><F36/><W5/><G41/><T37/><D37/><U63/><E63/><V71/><F4/><W119/><G125/><T116/><D116/><U14/><E99/><N who="2" m="59495" /><F71/><W124/><G79/><T9/><D126/><U22/><E104/><V89/><F24/><W61/><G6/><T19/><D94/><U26/><E23/><V10/><F10/><W51/><G51/><T95/><D95/><U2/><E2/><V98/><F98/><W55/><G64/><T60/><D1/><U54/><E54/><V29/><F29/><W113/><G113/><T85/><D0/><U105/><E105/><V30/><F30/><N who="3" m="19663" /><G124/><T101/><D101/><U45/><E8/><V84/><F97/><W131/><G131/><AGARI ba="0,0" hai="53,59,62,76,78,84,89,93,128,130,131" m="59495" machi="131" ten="30,2000,0" yaku="19,1,52,1" doraHai="81" who="2" fromWho="3" sc="200,0,319,0,276,20,205,-20" /><INIT seed="5,0,0,5,4,87" ten="200,319,296,185" oya="1" hai0="109,92,132,39,53,43,54,114,118,108,11,95,20" hai1="88,100,63,83,8,2,23,60,110,112,85,40,131" hai2="55,123,30,82,116,77,16,45,70,6,19,62,17" hai3="94,29,68,74,126,91,47,59,42,135,73,81,124"/><U133/><E112/><V104/><F116/><W90/><G68/><T101/><D118/><U67/><E131/><V120/><F104/><W134/><G29/><T71/><D71/><U113/><E113/><V10/><F30/><W57/><G81/><T72/><D72/><U49/><E133/><N who="3" m="50698" /><G94/><T129/><D129/><U46/><E110/><V37/><F70/><W111/><G111/><T9/><D132/><U41/><E41/><V38/><F62/><W52/><G59/><T117/><D117/><U125/><E125/><N who="3" m="48234" /><G74/><T66/><D114/><U33/><E33/><V15/><F55/><W69/><G69/><T80/><D53/><U14/><E67/><V26/><F26/><W34/><G73/><T128/><D54/><U78/><E100/><V79/><F79/><W122/><G122/><T44/><D101/><U107/><E107/><V65/><F65/><W50/><G34/><T89/><D66/><U4/><E78/><V48/><F123/><W56/><G56/><T58/><D58/><U75/><E75/><V35/><F35/><W24/><G24/><T13/><D128/><U21/><E63/><AGARI ba="0,0" hai="42,47,50,52,57,63,90,91" m="48234,50698" machi="63" ten="30,8000,1" yaku="20,1,18,1,52,2,54,1" doraHai="87" who="3" fromWho="1" sc="200,0,319,-80,296,0,185,80" /><INIT seed="6,0,0,0,2,18" ten="200,239,296,265" oya="2" hai0="101,0,15,135,78,122,35,66,16,69,5,36,71" hai1="72,116,49,21,86,98,59,9,74,126,121,96,60" hai2="64,6,129,8,65,12,103,77,132,3,114,17,82" hai3="81,133,73,125,2,75,67,70,56,95,51,110,28"/><V31/><F114/><W91/><G2/><T41/><D122/><U42/><E116/><V83/><F129/><W124/><G133/><T105/><D135/><U89/><E126/><N who="3" m="48746" /><G28/><T107/><D35/><U79/><E121/><V57/><F132/><W127/><G81/><T50/><D36/><U20/><E74/><V10/><F103/><W115/><G115/><T52/><D41/><U118/><E72/><V130/><F130/><W43/><G110/><T61/><D78/><U119/><E9/><V109/><F109/><W76/><G76/><T1/><D69/><U53/><E79/><V33/><F57/><W134/><G134/><T128/><D128/><U92/><E119/><V32/><F82/><W34/><G34/><T87/><D87/><U44/><E118/><V120/><F120/><W99/><G127/><T62/><D62/><U80/><E80/><V102/><F102/><W54/><G43/><T117/><D117/><U39/><E39/><V13/><F3/><W112/><G112/><T94/><D5/><U104/><E104/><V38/><F38/><W113/><G113/><T63/><D63/><AGARI ba="0,0" hai="51,54,56,63,67,70,73,75,91,95,99" m="48746" machi="63" ten="30,1000,0" yaku="18,1" doraHai="18" who="3" fromWho="0" sc="200,-10,239,0,296,0,265,10" /><INIT seed="7,0,0,1,1,88" ten="190,239,296,275" oya="3" hai0="98,44,79,119,80,17,106,56,114,33,84,68,32" hai1="57,128,66,105,97,102,54,134,96,104,26,13,8" hai2="112,62,55,9,122,78,63,131,48,107,4,127,12" hai3="123,94,15,75,3,41,19,93,53,21,124,23,29"/><W25/><G123/><T31/><D119/><U40/><E134/><V126/><F122/><W81/><G3/><T91/><D68/><U121/><E128/><V5/><F131/><W116/><G116/><T2/><D2/><U130/><E130/><V10/><F107/><W20/><G41/><T28/><D114/><U113/><E121/><V89/><F112/><W71/><G71/><T0/><D0/><U110/><E113/><V120/><F78/><W132/><G132/><T37/><D56/><U109/><E66/><V67/><F89/><W11/><G124/><N who="2" m="47657" /><F67/><W36/><G36/><T74/><D17/><U99/><E26/><V129/><F129/><W45/><G81/><T103/><D37/><U133/><E40/><V61/><F120/><W43/><G75/><T85/><D44/><U87/><E87/><V22/><F22/><N who="3" m="15543" /><G43/><T49/><D49/><AGARI ba="0,0" hai="11,15,19,20,21,23,45,49,53,93,94" m="15543" machi="49" ten="30,5800,0" yaku="8,1,52,2" doraHai="88" who="3" fromWho="0" sc="190,-58,239,0,296,0,275,58" owari="132,-36.8,239,-16.1,296,9.6,333,43.3" /></mjloggm>