<mjloggm ver="2.3"><GO type="169" lobby="0"/><UN n0="%E3%81%AA%E3%81%BE%E3%81%91%E8%80%85" n1="%E5%A4%A2%E4%BB%98%E3%81%8D" n2="%4D%E6%9C%AC" n3="%E5%B0%8F%E8%B1%86%E6%A2%93" dan="16,16,18,16" rate="2075.90,2092.57,2224.40,2131.68" sx="M,M,M,F"/><TAIKYOKU oya="0"/><INIT seed="0,0,0,5,1,54" ten="250,250,250,250" oya="0" hai0="83,86,135,66,72,39,30,9,11,52,0,111,132" hai1="28,36,79,46,104,88,3,15,129,27,133,81,65" hai2="114,20,12,116,96,41,56,31,38,92,131,18,33" hai3="70,34,32,110,48,78,14,106,119,13,125,26,7"/><T23/><D39/><U108/><E3/><V117/><F114/><W62/><G106/><T50/><D72/><U123/><E123/><V63/><F131/><W45/><G119/><T76/><D66/><U17/><E104/><V112/><F112/><W100/><G100/><T75/><D75/><U121/><E121/><V130/><F130/><W99/><G99/><T90/><D111/><U49/><E36/><V102/><F41/><W2/><G110/><T105/><D76/><U127/><E129/><V71/><F71/><W51/><G51/><T16/><D30/><U98/><E108/><V103/><F103/><W61/><G26/><T113/><D113/><U126/><E133/><N who="0" m="51273" /><D0/><U94/><E65/><V109/><F38/><W67/><G78/><T69/><D69/><U82/><E79/><V128/><F128/><W124/><G2/><T44/><D105/><U6/><E27/><AGARI ba="0,0" hai="9,11,16,23,27,44,50,52,83,86,90" m="51273" machi="27" ten="30,5800,0" yaku="20,1,54,2" doraHai="54" who="0" fromWho="1" sc="250,58,250,-58,250,0,250,0" /><INIT seed="0,1,0,1,5,14" ten="308,192,250,250" oya="0" hai0="135,36,124,133,119,31,15,130,118,39,2,52,19" hai1="111,9,123,78,125,103,0,107,24,129,88,70,93" hai2="72,82,126,25,38,87,1,64,69,71,4,110,54" hai3="102,89,106,16,114,92,21,37,35,45,3,18,34"/><T50/><D2/><U7/><E123/><V29/><F110/><W101/><G114/><T86/><D31/><U67/><E111/><V104/><F126/><W91/><G3/><T23/><D124/><U100/><E125/><V13/><F1/><W96/><G37/><T121/><D121/><U83/><E129/><V56/><F104/><W62/><G45/><T80/><D130/><U42/><E42/><V53/><F72/><W57/><G91/><T51/><D51/><U127/><E127/><V73/><F73/><W108/><G108/><T112/><D112/><U55/><E55/><V109/><F64/><W40/><G40/><T46/><D39/><U44/><E44/><V90/><F54/><W30/><G102/><T43/><D43/><U41/><E41/><V113/><F38/><W105/><G105/><T120/><D120/><U47/><E47/><V68/><F113/><W60/><G60/><T134/><REACH who="0" step="1"/><D36/><REACH who="0" ten="298,192,250,250" step="2"/><U94/><E0/><V27/><F109/><W10/><G30/><T61/><D61/><U85/><E107/><V76/><F29/><W32/><G10/><T117/><D117/><U95/><E9/><V65/><F71/><W11/><G11/><T17/><D17/><U59/><E7/><V6/><F69/><W20/><G18/><T49/><D49/><U128/><E70/><V28/><F68/><W131/><G131/><T58/><D58/><U66/><E59/><V8/><F56/><W116/><G116/><T98/><D98/><U63/><E128/><V79/><F6/><W97/><G16/><T115/><D115/><U122/><E63/><RYUUKYOKU ba="1,1" sc="298,15,192,-15,250,-15,250,15" hai0="15,19,23,46,50,52,80,86,118,119,133,134,135" hai3="20,21,32,34,35,57,62,89,92,96,97,101,106" /><INIT seed="0,2,1,0,5,118" ten="313,177,235,265" oya="0" hai0="47,80,3,94,55,115,104,27,20,78,24,69,74" hai1="99,66,95,68,34,41,133,54,38,116,59,6,44" hai2="93,101,65,96,70,51,17,14,37,85,73,56,53" hai3="130,120,134,97,19,57,16,135,90,86,113,60,121"/><T1/><D115/><U88/><E116/><V21/><F73/><W49/><G49/><T7/><D104/><U46/><E34/><V29/><F37/><W122/><G97/><T13/><D69/><U39/><E133/><N who="3" m="50698" /><G130/><T124/><D24/><U131/><E131/><V32/><F32/><W4/><G4/><T112/><D112/><U42/><E6/><V67/><F70/><W108/><G108/><T23/><D124/><U52/><REACH who="1" step="1"/><E68/><REACH who="1" ten="313,167,235,265" step="2"/><V123/><F123/><W82/><G113/><T87/><D7/><U84/><E84/><V26/><F85/><W50/><G50/><T114/><D87/><U61/><AGARI ba="2,2" hai="38,39,41,42,44,46,52,54,59,61,66,88,95,99" machi="61" ten="30,8000,1" yaku="1,1,0,1,9,1,54,2,53,0" doraHai="118" doraHaiUra="45" who="1" fromWho="1" sc="313,-42,167,106,235,-22,265,-22" /><INIT seed="1,0,0,3,4,59" ten="271,273,213,243" oya="1" hai0="60,76,120,50,64,83,53,41,99,98,73,91,77" hai1="0,56,90,108,61,94,62,45,124,114,54,106,104" hai2="37,2,105,40,35,127,44,18,6,47,49,31,5" hai3="88,65,63,97,36,26,48,1,27,39,66,132,125"/><U70/><E114/><V15/><F127/><W46/><G125/><T28/><D120/><U29/><E124/><V135/><F135/><W134/><G1/><T121/><D121/><U111/><E0/><V10/><F105/><W25/><G66/><T103/><D41/><U74/><E74/><V93/><F93/><N who="3" m="56487" /><G48/><T100/><D28/><U102/><E45/><V96/><F96/><W17/><G17/><T123/><D77/><U24/><E102/><V89/><F89/><W79/><G46/><T12/><D123/><U22/><E94/><V86/><F86/><W11/><G11/><T75/><D75/><U109/><E90/><V51/><F37/><W130/><G79/><T7/><D91/><U33/><E33/><V95/><F95/><W118/><G130/><T84/><D73/><U67/><AGARI ba="0,0" hai="22,24,29,54,56,61,62,67,70,104,106,108,109,111" machi="67" ten="40,12000,1" yaku="0,1,14,1,10,1,52,2" doraHai="59" who="1" fromWho="1" sc="271,-40,273,120,213,-40,243,-40" /><INIT seed="1,1,0,4,4,90" ten="231,393,173,203" oya="1" hai0="106,130,0,80,114,6,20,62,78,55,71,49,115" hai1="85,125,23,94,131,13,58,17,26,98,88,132,84" hai2="61,14,63,31,96,19,33,5,111,24,51,44,59" hai3="50,7,127,74,107,134,45,77,110,65,105,99,75"/><U35/><E131/><V18/><F111/><W104/><G110/><T117/><D117/><U103/><E132/><V43/><F63/><W102/><G134/><T82/><D106/><U86/><E125/><V72/><F72/><W92/><G127/><T126/><D126/><U116/><E116/><V76/><F76/><W54/><G77/><T53/><D130/><U124/><E124/><V87/><F87/><W133/><G133/><T91/><D6/><U122/><E122/><V64/><REACH who="2" step="1"/><F96/><REACH who="2" ten="231,393,163,203" step="2"/><W70/><G75/><T73/><D62/><U22/><E35/><V2/><F2/><W56/><G74/><T119/><D0/><U79/><E79/><V81/><F81/><W48/><G70/><T29/><D82/><N who="1" m="49175" /><E58/><V38/><F38/><W8/><G65/><T9/><D78/><U25/><E13/><V67/><F67/><W36/><G36/><T42/><D73/><U41/><E41/><V37/><F37/><W109/><G109/><T27/><D42/><U112/><E112/><V129/><F129/><W4/><REACH who="3" step="1"/><G8/><AGARI ba="1,1" hai="5,8,14,18,19,24,31,33,43,44,51,59,61,64" machi="8" ten="40,2600,0" yaku="1,1,53,1" doraHai="90" doraHaiUra="30" who="2" fromWho="3" sc="231,0,393,0,163,39,203,-29" /><INIT seed="2,0,0,3,1,134" ten="231,393,202,174" oya="2" hai0="99,93,38,52,30,29,115,88,22,44,117,6,100" hai1="72,54,83,120,35,124,9,112,129,65,135,102,10" hai2="62,8,73,107,12,23,55,25,71,81,70,113,33" hai3="11,78,91,77,95,32,45,96,56,82,2,0,68"/><V43/><F113/><W89/><G68/><T108/><D115/><U14/><E112/><V15/><F107/><W98/><G32/><T48/><D108/><U64/><E35/><V105/><F105/><W114/><G114/><T94/><D38/><U53/><E135/><V34/><F43/><W5/><G56/><T87/><D117/><U17/><E129/><V49/><F73/><W1/><G45/><T97/><D6/><U132/><E132/><V119/><F81/><W60/><G60/><T84/><D29/><U90/><E102/><V125/><F119/><W69/><G69/><T27/><AGARI ba="0,0" hai="22,27,30,44,48,52,84,87,88,93,94,97,99,100" machi="27" ten="30,7900,0" yaku="0,1,8,1,54,2" doraHai="134" who="0" fromWho="0" sc="231,79,393,-20,202,-39,174,-20" /><INIT seed="3,0,0,1,1,30" ten="310,373,163,154" oya="3" hai0="44,80,67,99,29,15,11,135,13,34,100,109,78" hai1="66,24,55,117,121,2,46,57,126,115,101,108,9" hai2="39,51,64,49,25,10,41,85,102,71,111,103,94" hai3="120,19,74,1,112,62,21,96,18,20,56,118,132"/><W95/><G112/><T87/><D109/><U73/><E115/><V130/><F111/><W91/><G118/><T22/><D34/><U81/><E121/><V5/><F130/><W129/><G120/><T63/><D135/><U45/><E108/><V97/><F103/><W75/><G129/><T79/><D79/><U127/><E117/><V83/><F25/><W114/><G114/><T84/><D84/><U35/><E66/><V17/><F17/><W26/><G1/><T27/><D44/><U65/><E65/><V52/><F39/><W105/><G105/><T61/><D67/><U77/><E101/><V68/><F51/><W70/><G70/><T38/><D13/><U3/><E9/><V43/><F64/><W53/><REACH who="3" step="1"/><G132/><REACH who="3" ten="310,373,163,144" step="2"/><T6/><D38/><U32/><E2/><V90/><F71/><W98/><G98/><T122/><D122/><U40/><E3/><V60/><F68/><W93/><G93/><AGARI ba="0,1" hai="6,11,15,22,27,29,61,63,78,80,87,93,99,100" machi="93" ten="30,2000,0" yaku="7,1,8,1" doraHai="30" who="0" fromWho="3" sc="310,30,373,0,163,0,144,-20" /><INIT seed="4,0,0,0,4,37" ten="340,373,163,124" oya="0" hai0="97,48,41,125,116,13,54,31,92,53,50,104,117" hai1="129,108,89,68,67,33,69,107,64,99,47,113,42" hai2="3,8,101,103,94,91,29,127,60,61,133,21,134" hai3="79,0,114,5,118,132,95,6,124,25,55,32,57"/><T93/><D125/><U51/><E108/><V80/><F127/><W12/><G118/><T63/><D31/><U77/><E33/><V11/><F80/><W46/><G124/><T70/><D13/><U20/><E129/><V106/><F106/><W111/><G111/><T43/><D63/><N who="2" m="24138" /><F21/><W65/><G114/><T23/><D97/><U35/><E35/><V122/><F29/><W66/><G0/><T81/><D81/><U1/><E1/><V38/><F38/><W131/><G131/><T74/><D23/><U45/><E113/><V123/><F3/><W39/><G32/><T119/><D119/><U52/><E77/><V7/><F7/><W120/><G120/><N who="2" m="46121" /><F91/><W96/><G79/><T18/><D18/><U40/><E20/><V82/><F82/><W135/><G25/><T56/><D56/><U84/><E99/><V88/><F88/><N who="3" m="55399" /><G12/><T98/><D98/><U59/><E107/><V78/><F94/><W87/><G87/><T28/><D28/><U19/><E89/><V90/><F90/><W22/><G22/><T72/><D104/><U17/><E84/><V49/><F78/><W85/><G85/><T128/><D128/><U76/><E76/><V105/><F105/><W110/><G110/><T30/><D30/><U27/><E27/><V24/><F24/><W121/><G121/><T4/><D4/><U112/><E112/><V102/><F49/><N who="3" m="30959" /><G6/><T100/><D100/><U115/><E115/><V75/><F75/><W73/><G5/><T14/><D14/><U34/><E34/><V2/><F2/><W16/><G73/><T15/><D15/><RYUUKYOKU ba="0,0" sc="340,15,373,-15,163,15,124,-15" hai0="41,43,48,50,53,54,70,72,74,92,93,116,117" hai2="8,11,101,102,103,133,134" /><INIT seed="4,1,0,4,0,12" ten="355,358,178,109" oya="0" hai0="71,34,14,9,30,29,127,81,26,102,4,98,28" hai1="33,6,55,110,105,126,43,21,11,95,82,61,48" hai2="114,94,18,67,44,52,135,68,45,115,19,57,66" hai3="7,39,41,134,13,64,90,101,32,99,84,113,47"/><T42/><D127/><U35/><E110/><V40/><F135/><W130/><G113/><N who="2" m="43017" /><F68/><W124/><G130/><T89/><D71/><U37/><E105/><V111/><F111/><W69/><G134/><T49/><D42/><U118/><E118/><V133/><F133/><W117/><G117/><T8/><D49/><U92/><E126/><V73/><F73/><W38/><G124/><T62/><D62/><U109/><E109/><V76/><F76/><W122/><G122/><T100/><D100/><U17/><E61/><N who="2" m="36007" /><F94/><W70/><G64/><N who="2" m="24617" /><F45/><W128/><G128/><T54/><D54/><U103/><E92/><V83/><F83/><W27/><G70/><T23/><D34/><U65/><E95/><V79/><F79/><W31/><G69/><T46/><D46/><U97/><E55/><V63/><F63/><W22/><G47/><T131/><D131/><U125/><E33/><V119/><F119/><W86/><G41/><T20/><D81/><U2/><E35/><V24/><F24/><W74/><G74/><T80/><D80/><U75/><E82/><V120/><F120/><W60/><G60/><T123/><D26/><U93/><E75/><V5/><F5/><W78/><G78/><T25/><D25/><U10/><E6/><V132/><F132/><W116/><G116/><T50/><D123/><U58/><E125/><V112/><N who="2" m="43025" /><V16/><DORA hai="36" /><F19/><N who="3" m="10607" /><G7/><T53/><D4/><U1/><E17/><V85/><F85/><W0/><G86/><T51/><D30/><U3/><E1/><V56/><F56/><W108/><G108/><T88/><D29/><RYUUKYOKU ba="1,0" sc="355,-10,358,-10,178,30,109,-10" hai2="16,18,40,44" /><INIT seed="5,2,0,2,0,84" ten="345,348,208,99" oya="1" hai0="37,41,104,127,95,113,97,64,42,88,71,9,26" hai1="74,83,4,31,25,62,72,102,54,22,14,90,126" hai2="70,6,27,87,112,34,53,46,15,13,100,56,28" hai3="51,132,89,99,17,44,52,69,85,67,114,5,129"/><U16/><E126/><V47/><F70/><W130/><G5/><T92/><D104/><U0/><E102/><V79/><F100/><W98/><G114/><T48/><D37/><U93/><E83/><V121/><F121/><W73/><G73/><T105/><D105/><U119/><E119/><V1/><F1/><W60/><G132/><T24/><D113/><U35/><E54/><V123/><F123/><W116/><G116/><T68/><D9/><N who="1" m="2183" /><E62/><V58/><F112/><W81/><REACH who="3" step="1"/><G17/><REACH who="3" ten="345,348,208,89" step="2"/><T10/><D127/><U32/><E32/><V65/><F6/><W131/><AGARI ba="2,1" hai="44,51,52,60,67,69,81,85,89,98,99,129,130,131" machi="131" ten="30,12000,2" yaku="1,1,2,1,0,1,19,1,52,1,54,1,53,1" doraHai="84" doraHaiUra="80" who="3" fromWho="3" sc="345,-32,348,-62,208,-32,89,136" /><INIT seed="6,0,0,4,5,65" ten="313,286,176,225" oya="2" hai0="102,105,69,101,25,82,127,50,62,4,89,46,19" hai1="60,42,43,33,91,56,132,26,39,124,14,47,123" hai2="17,29,121,45,55,118,126,9,49,35,116,13,88" hai3="52,135,79,7,1,125,73,12,90,34,119,28,100"/><V92/><F121/><W66/><G119/><T23/><D127/><U112/><E124/><V15/><F126/><W63/><G125/><T59/><D4/><U24/><E123/><V77/><F77/><W110/><G110/><T111/><D69/><U99/><E112/><V68/><F68/><W16/><G100/><T107/><D107/><U72/><E72/><V74/><F74/><W10/><G90/><T122/><D105/><U71/><E132/><V41/><F29/><W75/><G79/><T58/><D58/><U113/><E113/><V53/><F35/><W80/><G80/><T114/><D111/><U51/><E14/><V61/><F61/><W81/><G81/><T76/><D114/><U38/><E33/><V21/><F118/><W31/><G31/><T57/><D57/><U97/><E43/><V44/><F44/><W95/><G95/><T134/><D134/><U117/><E39/><V30/><F116/><W8/><G52/><N who="0" m="34151" /><D76/><U86/><E117/><V78/><F78/><W131/><G131/><T32/><D32/><U93/><E99/><N who="2" m="57735" /><F30/><W96/><G96/><T103/><D122/><U120/><E97/><V106/><F106/><W40/><G135/><T128/><D128/><U83/><E120/><V109/><F109/><W37/><G28/><T94/><D82/><U70/><E83/><V54/><F41/><W115/><G34/><T2/><D2/><U36/><E36/><V20/><F20/><W3/><G3/><T6/><D6/><AGARI ba="0,0" hai="6,9,13,15,17,21,45,49,53,54,55" m="57735" machi="6" ten="30,2900,0" yaku="8,1,54,1" doraHai="65" who="2" fromWho="0" sc="313,-29,286,0,176,29,225,0" /><INIT seed="6,1,0,1,1,0" ten="284,286,205,225" oya="2" hai0="8,43,50,116,7,123,56,132,74,28,20,67,51" hai1="49,35,83,90,68,10,112,34,60,26,109,135,3" hai2="73,65,14,102,52,110,105,77,95,54,118,130,86" hai3="70,18,66,44,101,46,6,133,33,103,32,23,37"/><V25/><F118/><W79/><G79/><T92/><D123/><U30/><E109/><V27/><F110/><W131/><G70/><T1/><D74/><U114/><E135/><V47/><F130/><W89/><G66/><T100/><D132/><U62/><E35/><V99/><F65/><W16/><G133/><T127/><D127/><U31/><E31/><V69/><F69/><W93/><G131/><T4/><D116/><U129/><E129/><V22/><F73/><W113/><G6/><N who="0" m="2091" /><D8/><U96/><E10/><V40/><F14/><W117/><G117/><T119/><D43/><U38/><E3/><V21/><F27/><W97/><G33/><T78/><D78/><U9/><E9/><V122/><F122/><W98/><G32/><T85/><D119/><U128/><E38/><V80/><F105/><W63/><G37/><T58/><D58/><U15/><E68/><V121/><F121/><W17/><G113/><T61/><D1/><U29/><E128/><V39/><REACH who="2" step="1"/><F22/><REACH who="2" ten="284,286,195,225" step="2"/><W13/><G23/><T24/><D100/><U84/><E112/><V107/><F107/><W124/><G103/><T115/><D115/><U126/><E114/><V5/><F5/><W72/><G72/><T57/><D57/><U59/><E59/><V11/><F11/><W104/><G13/><T81/><D81/><U108/><E15/><V71/><F71/><W45/><G124/><T64/><D64/><U111/><E126/><V106/><F106/><W41/><G41/><T53/><D67/><U94/><E108/><V76/><F76/><W19/><N who="3" m="4096" /><DORA hai="55" /><W125/><G125/><RYUUKYOKU ba="1,1" sc="284,10,286,-30,195,10,225,10" hai0="20,24,28,50,51,53,56,61,85,92" hai2="21,25,39,40,47,52,54,77,80,86,95,99,102" hai3="44,45,46,63,89,93,97,98,101,104" /><INIT seed="6,2,1,5,5,98" ten="294,256,205,235" oya="2" hai0="132,80,30,123,16,26,114,50,64,71,44,11,86" hai1="88,116,135,90,36,92,85,7,66,63,131,69,14" hai2="47,101,43,134,37,61,94,38,104,112,121,4,117" hai3="28,9,57,62,113,59,99,118,96,22,109,45,93"/><V33/><F117/><W53/><G109/><T21/><D123/><U48/><E116/><V17/><F121/><W106/><G118/><T128/><D128/><U15/><E36/><V60/><F104/><W10/><G113/><T115/><D132/><U24/><E131/><V130/><F130/><W108/><G108/><T87/><D64/><U1/><E135/><V122/><F122/><W51/><G106/><T84/><D71/><U79/><E79/><V75/><F75/><W20/><G99/><T73/><D73/><U91/><E1/><V111/><F111/><W105/><G105/><T6/><D30/><U2/><E2/><V68/><F33/><W42/><G59/><T39/><D39/><U107/><E107/><V3/><F134/><W52/><G42/><T32/><D32/><U55/><E24/><V34/><F34/><W81/><G81/><T35/><D35/><U25/><E25/><V12/><F38/><W56/><G45/><T74/><D74/><U133/><E133/><V77/><F77/><W19/><G28/><T76/><D115/><U126/><E126/><V23/><F68/><W82/><G82/><T89/><D89/><U13/><REACH who="1" step="1"/><E7/><REACH who="1" ten="294,246,205,235" step="2"/><V124/><F124/><W0/><G0/><T83/><D114/><U97/><E97/><N who="2" m="59575" /><F112/><W65/><G19/><T72/><D72/><U41/><E41/><V127/><F127/><W103/><G65/><T125/><D125/><U54/><E54/><V27/><F3/><W18/><G18/><T70/><D76/><U40/><E40/><V31/><F4/><W129/><G129/><T46/><D6/><RYUUKYOKU ba="2,2" sc="294,-30,246,10,205,10,235,10" hai1="13,14,15,48,55,63,66,69,85,88,90,91,92" hai2="12,17,23,27,31,37,43,47,60,61" hai3="9,10,20,22,51,52,53,56,57,62,93,96,103" /><INIT seed="6,3,2,0,5,30" ten="264,256,215,245" oya="2" hai0="72,83,7,65,41,104,44,5,22,67,13,78,103" hai1="84,108,133,122,112,71,113,74,10,34,33,93,23" hai2="57,132,90,92,46,9,14,117,129,68,31,45,38" hai3="15,66,121,11,89,4,58,114,99,54,35,77,102"/><V20/><F117/><W94/><G121/><T110/><D110/><U29/><E108/><V19/><F68/><W49/><G114/><N who="1" m="44138" /><E74/><V106/><F106/><W27/><G77/><T105/><D105/><U63/><E122/><V96/><F129/><W8/><G66/><T37/><D103/><U64/><E133/><V98/><F132/><W107/><G27/><T130/><D130/><U43/><E43/><V47/><F57/><W125/><G125/><T3/><D104/><U128/><E128/><V131/><F131/><W97/><G11/><N who="0" m="2495" /><D7/><U52/><E10/><V95/><F31/><W26/><G26/><T118/><D118/><U73/><E73/><V0/><F0/><W39/><G39/><T62/><D62/><U86/><E52/><V101/><REACH who="2" step="1"/><F9/><REACH who="2" ten="264,256,205,245" step="2"/><W40/><G107/><T70/><D70/><U16/><E29/><V1/><F1/><W120/><G120/><T42/><D42/><AGARI ba="3,3" hai="14,19,20,38,42,45,46,47,90,92,95,96,98,101" machi="42" ten="40,3900,0" yaku="1,1,53,1" doraHai="30" doraHaiUra="18" who="2" fromWho="0" sc="264,-48,256,0,205,78,245,0" /><INIT seed="6,4,0,5,5,52" ten="216,256,283,245" oya="2" hai0="108,6,19,11,120,88,56,116,46,51,111,3,65" hai1="63,15,119,113,4,41,57,7,9,61,125,12,16" hai2="17,79,42,89,92,97,67,127,75,44,69,107,59" hai3="105,38,117,91,54,45,93,87,55,100,74,86,25"/><V115/><F115/><W112/><G117/><T39/><D120/><U34/><E119/><V96/><F127/><W90/><G74/><T10/><D116/><U50/><E34/><V30/><F69/><W132/><G132/><T103/><D103/><U133/><E133/><V114/><F114/><W48/><G112/><T29/><D29/><U13/><E113/><V71/><F71/><W106/><G38/><T78/><D78/><U134/><E134/><V47/><F30/><W21/><G55/><T24/><D39/><U27/><E125/><V22/><F79/><W64/><G64/><T8/><D8/><N who="1" m="4103" /><E27/><V49/><F75/><W23/><G23/><T101/><D101/><U20/><E41/><V102/><F47/><W1/><G1/><T99/><D24/><U32/><E32/><V77/><F77/><W94/><REACH who="3" step="1"/><G100/><REACH who="3" ten="216,256,283,235" step="2"/><T14/><D111/><U85/><E20/><V58/><F67/><W126/><G126/><T37/><D37/><U83/><E9/><V80/><F80/><W118/><G118/><T131/><D108/><U110/><E83/><V81/><F81/><W28/><AGARI ba="4,1" hai="21,25,28,45,48,54,86,87,90,91,93,94,105,106" machi="28" ten="20,5200,0" yaku="1,1,0,1,7,1,9,1,53,0" doraHai="52" doraHaiUra="122" who="3" fromWho="3" sc="216,-17,256,-17,283,-30,235,74" /><INIT seed="7,0,0,3,0,77" ten="199,239,253,309" oya="3" hai0="34,43,107,44,133,69,47,15,50,42,93,40,63" hai1="116,4,131,128,36,17,134,87,10,106,30,9,5" hai2="115,1,62,108,73,122,45,22,7,88,121,79,61" hai3="129,70,26,64,38,112,18,49,124,80,12,127,19"/><W113/><G129/><N who="1" m="49738" /><E106/><V101/><F108/><W59/><G38/><T98/><D107/><U46/><E134/><V92/><F101/><W97/><G97/><T20/><D34/><U68/><E68/><V8/><F115/><N who="3" m="44107" /><G70/><T29/><D133/><U25/><E116/><V89/><F45/><W31/><G80/><T109/><D109/><U71/><E87/><V56/><F22/><N who="3" m="11591" /><G19/><T41/><D69/><U104/><E104/><V85/><F89/><W16/><G16/><T123/><D123/><N who="2" m="47114" /><F56/><W52/><G64/><T2/><D2/><U28/><E71/><V114/><F114/><W120/><G120/><T55/><D63/><U37/><E46/><V6/><F6/><N who="1" m="2665" /><E37/><V125/><F125/><W21/><AGARI ba="0,0" hai="21,26,31,49,52,59,124,127" m="11591,44107" machi="21" ten="30,3000,0" yaku="15,1,54,1" doraHai="77" who="3" fromWho="3" sc="199,-10,239,-10,253,-10,309,30" owari="189,-31.1,229,-17.1,243,4.3,339,43.9" /></mjloggm>