<mjloggm ver="2.3"><GO type="169" lobby="0"/><UN n0="%E3%83%95%E3%82%AF%E3%83%80%E3%83%B3%E3%83%81%E3%83%A7" n1="%E7%94%9F%E5%BE%92%E4%BC%9A%E3%80%90%E5%BA%8F%E3%80%91" n2="%E9%87%A3%E3%82%8A%E6%97%A5%E5%92%8C" n3="%E3%83%A9%E3%82%B9%E3%82%8B%E3%81%8B%E3%81%AA" dan="16,16,18,17" rate="2136.74,2125.96,2213.52,2216.52" sx="M,M,M,M"/><TAIKYOKU oya="0"/><INIT seed="0,0,0,4,2,36" ten="250,250,250,250" oya="0" hai0="114,94,77,21,62,26,31,72,90,79,92,101,27" hai1="84,61,126,105,57,66,106,12,121,13,133,98,30" hai2="107,89,49,38,115,53,19,124,81,59,130,116,60" hai3="2,69,45,65,0,120,55,25,87,42,33,28,10"/><T112/><D72/><U104/><E121/><V23/><F38/><W85/><G120/><T73/><D73/><U108/><E133/><V91/><F115/><W47/><G47/><T103/><D62/><U67/><E30/><V6/><F116/><W17/><G55/><T64/><D90/><U48/><E126/><V118/><F107/><W5/><G2/><T86/><D86/><U96/><E108/><V1/><F118/><W110/><G110/><T70/><D70/><U71/><E84/><V11/><F130/><W78/><G78/><T119/><D21/><U41/><E67/><V3/><F3/><W50/><G65/><T117/><D64/><U43/><E71/><V75/><F124/><W40/><G69/><T123/><REACH who="0" step="1"/><D31/><REACH who="0" ten="240,250,250,250" step="2"/><U74/><E74/><V46/><F75/><W135/><G135/><T52/><D52/><U32/><E66/><V37/><F60/><W39/><G42/><T51/><D51/><U95/><E61/><V134/><F134/><W93/><G50/><T127/><D127/><U8/><E48/><V122/><F122/><AGARI ba="0,1" hai="26,27,77,79,92,94,101,103,112,114,117,119,122,123" machi="122" ten="25,4800,0" yaku="1,1,22,2,53,0" doraHai="36" doraHaiUra="14" who="0" fromWho="2" sc="240,58,250,0,250,-48,250,0" /><INIT seed="0,1,0,2,0,106" ten="298,250,202,250" oya="0" hai0="28,118,4,32,130,17,47,2,55,88,115,57,112" hai1="33,133,131,50,96,15,84,48,116,125,64,95,9" hai2="46,113,11,73,69,107,134,70,34,60,120,83,26" hai3="71,43,94,61,67,81,74,1,37,31,5,66,100"/><T90/><D118/><U128/><E116/><V39/><F120/><W25/><G66/><T68/><D68/><U63/><E33/><V21/><F113/><W49/><G49/><T36/><D130/><N who="1" m="49707" /><E84/><V99/><F134/><W77/><G94/><T91/><D2/><U22/><E22/><V89/><F11/><N who="3" m="2479" /><G100/><T45/><D4/><N who="1" m="3495" /><E125/><V20/><F70/><W75/><G25/><T124/><D124/><U12/><E12/><V52/><F107/><W119/><G31/><T127/><D127/><U102/><E133/><V85/><F73/><N who="3" m="43183" /><G119/><T114/><D36/><U72/><E72/><V126/><F126/><W111/><G111/><T82/><D82/><U10/><E10/><V56/><F99/><W92/><G92/><T23/><D28/><U86/><E86/><V104/><F104/><W110/><G110/><T132/><D32/><U123/><E123/><V53/><F69/><AGARI ba="1,0" hai="48,50,63,64,69,95,96,102" m="3495,49707" machi="69" ten="30,1000,0" yaku="19,1" doraHai="106" who="1" fromWho="2" sc="298,0,250,13,202,-13,250,0" /><INIT seed="1,0,0,1,1,21" ten="298,263,189,250" oya="1" hai0="67,103,65,126,131,59,4,105,56,121,101,115,25" hai1="10,46,113,128,39,30,61,8,12,26,93,89,20" hai2="51,94,52,2,130,55,50,17,111,106,119,124,3" hai3="100,40,44,32,53,43,22,63,29,116,11,109,23"/><U16/><E113/><V114/><F106/><W80/><G109/><T47/><D115/><U38/><E128/><V133/><F114/><W79/><G116/><T69/><D121/><U76/><E76/><V57/><F119/><W0/><G100/><T127/><D4/><U48/><E10/><V86/><F111/><W117/><G117/><T75/><D75/><U18/><E61/><V34/><F130/><W5/><G63/><T85/><D47/><U123/><E123/><V54/><F133/><W6/><G53/><T92/><D105/><U112/><E112/><V107/><F107/><W110/><G6/><T97/><D103/><U83/><E83/><V72/><F72/><W7/><G7/><T90/><D69/><U37/><E18/><V9/><F54/><W74/><G43/><T33/><D131/><U81/><E81/><V88/><F34/><W1/><G1/><T91/><D101/><U120/><E120/><V24/><F124/><N who="0" m="47658" /><D67/><U68/><E68/><V132/><F132/><W118/><G118/><T64/><D64/><U45/><REACH who="1" step="1"/><E48/><REACH who="1" ten="298,253,189,250" step="2"/><V31/><F9/><W78/><G78/><T41/><D65/><U96/><AGARI ba="0,1" hai="8,12,16,20,26,30,37,38,39,45,46,89,93,96" machi="96" ten="30,12000,1" yaku="1,1,2,1,0,1,52,1,54,1,53,0" doraHai="21" doraHaiUra="82" who="1" fromWho="1" sc="298,-40,253,130,189,-40,250,-40" /><INIT seed="1,1,0,3,3,60" ten="258,383,149,210" oya="1" hai0="83,125,77,96,50,131,48,93,24,63,95,76,123" hai1="54,41,51,56,64,36,79,16,15,102,107,27,118" hai2="108,58,120,47,26,9,38,5,42,112,97,117,119" hai3="132,1,22,135,86,105,127,11,13,29,115,3,129"/><U68/><E118/><V37/><F120/><W40/><G105/><T28/><D131/><U61/><E79/><V89/><F108/><W74/><G74/><T116/><D116/><U31/><E107/><V10/><F112/><W104/><G104/><T113/><D125/><U134/><E134/><N who="3" m="51242" /><G40/><T122/><D113/><U44/><E102/><V21/><F37/><W34/><G86/><T30/><D63/><U126/><E126/><V55/><F117/><W85/><G85/><T6/><D6/><U81/><E81/><V14/><F119/><W18/><G115/><T2/><D2/><N who="3" m="521" /><G127/><T88/><D30/><U46/><E46/><V45/><F45/><W65/><G65/><T106/><D95/><U17/><E15/><V19/><F97/><W130/><G34/><AGARI ba="1,0" hai="16,17,27,31,34,36,41,44,51,54,56,61,64,68" machi="34" ten="30,12000,1" yaku="7,1,24,2,52,1,54,1" doraHai="60" who="1" fromWho="3" sc="258,0,383,123,149,0,210,-123" /><INIT seed="1,2,0,2,2,88" ten="258,506,149,87" oya="1" hai0="60,57,55,99,90,121,14,107,98,129,28,118,86" hai1="100,124,81,3,58,104,123,97,102,113,11,67,96" hai2="15,127,135,62,17,95,94,25,21,13,66,54,43" hai3="32,23,51,85,35,78,61,49,75,77,65,30,1"/><U69/><E123/><V110/><F110/><W111/><G1/><T80/><D118/><U92/><E113/><V128/><F128/><W84/><G75/><T41/><D129/><U47/><E69/><V120/><F120/><W22/><G61/><T112/><D112/><U18/><E47/><V115/><F115/><W83/><G83/><T38/><D107/><U40/><E40/><V16/><F135/><W131/><G65/><T44/><D121/><U122/><E122/><V74/><F74/><W64/><G64/><T117/><D117/><U68/><E68/><V108/><F108/><W9/><G9/><T53/><D28/><U109/><E81/><V119/><F119/><W71/><G71/><T87/><D87/><U56/><E124/><V132/><F132/><W116/><G116/><T46/><D14/><U31/><E31/><N who="2" m="17839" /><F54/><W106/><G30/><T2/><D2/><U6/><E67/><V103/><F103/><W19/><G111/><T93/><D80/><U134/><E134/><V70/><F43/><W27/><G131/><T130/><D130/><U105/><E109/><V72/><F72/><W79/><G106/><T10/><D10/><U39/><E39/><V82/><F82/><W33/><REACH who="3" step="1"/><G23/><REACH who="3" ten="258,506,149,77" step="2"/><T7/><D7/><U76/><E105/><V52/><F70/><W0/><G0/><T114/><D114/><U29/><E29/><V36/><F66/><W45/><G45/><T26/><D46/><U4/><E4/><V89/><F62/><W20/><G20/><T34/><D55/><U125/><E3/><V101/><F52/><W59/><G59/><RYUUKYOKU ba="2,1" sc="258,15,506,-15,149,-15,77,15" hai0="26,34,38,41,44,53,57,60,86,90,93,98,99" hai3="19,22,27,32,33,35,49,51,77,78,79,84,85" /><INIT seed="2,3,1,3,5,26" ten="273,491,134,92" oya="2" hai0="89,12,126,58,133,6,1,71,96,92,67,35,125" hai1="113,103,22,100,129,41,134,109,118,13,128,37,53" hai2="65,127,11,112,70,43,49,50,32,110,14,75,3" hai3="97,30,40,107,74,135,51,0,106,55,115,123,90"/><V120/><F112/><W59/><G123/><T101/><D71/><U130/><E118/><V111/><F120/><W18/><G0/><T61/><D133/><U78/><E134/><V24/><F75/><W99/><G74/><T84/><D35/><U4/><E113/><V131/><F3/><W91/><G135/><T114/><D1/><U104/><E78/><V38/><F38/><W83/><G115/><T46/><D46/><U63/><E104/><V102/><F102/><W10/><G40/><T132/><D132/><U79/><E79/><V28/><F131/><W94/><G30/><T95/><D114/><U54/><E100/><V42/><F127/><N who="0" m="48650" /><D12/><U105/><E103/><V27/><F27/><W68/><G68/><T20/><D20/><U69/><E105/><V88/><F65/><W72/><G72/><T87/><D6/><U23/><E69/><V21/><F32/><W73/><G73/><T81/><D87/><U9/><E37/><V98/><F42/><W17/><G17/><T2/><D2/><U33/><E41/><V60/><F43/><W66/><G66/><T64/><D64/><U62/><E33/><V7/><F70/><W34/><G34/><T19/><D19/><U36/><E36/><V124/><F124/><W16/><G18/><T76/><D76/><U86/><E130/><V31/><F31/><W122/><G122/><T85/><D85/><U47/><E129/><V29/><F29/><W82/><G106/><AGARI ba="3,1" hai="58,61,67,81,84,89,92,95,96,101,106" m="48650" machi="106" ten="30,1000,0" yaku="18,1" doraHai="26" who="0" fromWho="3" sc="273,29,491,0,134,0,92,-19" /><INIT seed="3,0,0,3,4,127" ten="302,491,134,73" oya="3" hai0="132,50,68,37,16,114,110,113,73,15,71,39,102" hai1="54,58,14,109,76,101,80,13,36,62,32,45,25" hai2="107,121,86,30,10,85,89,65,52,33,111,38,60" hai3="78,48,4,79,98,116,84,24,64,28,92,87,7"/><W27/><G116/><T120/><D120/><U81/><E101/><V23/><F33/><W2/><G64/><T96/><D73/><U40/><E109/><V118/><F118/><W119/><G119/><T18/><D50/><U21/><E32/><V9/><F107/><W83/><G48/><T122/><D122/><U105/><E105/><V22/><F38/><N who="0" m="14346" /><D110/><U44/><E44/><V57/><F111/><W59/><G59/><T66/><D66/><U125/><E125/><V6/><F10/><W124/><G124/><T31/><D31/><U42/><E81/><V41/><F41/><W90/><G2/><T135/><D18/><U91/><E91/><V19/><F30/><W94/><G78/><T51/><D51/><U20/><E20/><V8/><F8/><W112/><G112/><N who="0" m="43115" /><D16/><U3/><E42/><V29/><F29/><W95/><G27/><T35/><D15/><U77/><E77/><V131/><F22/><W34/><REACH who="3" step="1"/><G94/><REACH who="3" ten="302,491,134,63" step="2"/><T1/><D1/><U97/><E3/><V74/><F65/><W134/><G134/><N who="0" m="51243" /><D35/><U46/><E36/><V104/><F121/><W106/><G106/><AGARI ba="0,1" hai="68,71,96,102,106" m="51243,43115,14346" machi="106" ten="40,5200,0" yaku="11,1,20,1,23,1" doraHai="127" who="0" fromWho="3" sc="302,62,491,0,134,0,63,-52" /><INIT seed="4,0,0,0,1,124" ten="364,491,134,11" oya="0" hai0="38,54,55,101,81,121,112,30,41,53,98,67,73" hai1="62,4,52,123,64,69,110,133,15,37,45,122,36" hai2="100,1,86,103,119,132,82,66,51,50,83,106,79" hai3="76,88,135,35,111,44,113,21,58,93,105,34,48"/><T95/><D121/><U9/><E110/><V14/><F1/><W24/><G111/><T70/><D112/><U126/><E126/><V43/><F132/><W87/><G105/><T104/><D38/><U72/><E72/><V90/><F119/><W118/><G118/><T97/><D41/><U127/><E127/><V125/><F125/><W3/><G3/><T10/><D10/><U26/><E133/><V60/><F14/><W29/><G135/><T31/><D70/><U47/><E37/><V23/><F23/><W75/><G113/><T71/><D71/><U78/><E78/><V129/><F129/><W120/><G120/><T13/><D67/><U0/><E47/><V18/><F18/><W17/><G75/><T128/><D13/><U130/><E130/><V63/><F106/><W85/><G58/><T20/><D20/><U8/><E26/><V96/><F96/><W33/><G76/><T49/><D49/><U42/><E52/><V11/><F11/><W28/><REACH who="3" step="1"/><G87/><REACH who="3" ten="364,491,134,1" step="2"/><T46/><D73/><U92/><E123/><V7/><F86/><W134/><G134/><T12/><D104/><U59/><E122/><V89/><F79/><W109/><G109/><T107/><D107/><U2/><E2/><V25/><F82/><W57/><G57/><T102/><D81/><U56/><E92/><V80/><F83/><W115/><G115/><T16/><D46/><U32/><E59/><V40/><F80/><W117/><G117/><T91/><D95/><U116/><E116/><V99/><F99/><W19/><G19/><T5/><D98/><U27/><E69/><RYUUKYOKU ba="0,1" sc="364,-10,491,-10,134,-10,1,30" hai3="17,21,24,28,29,33,34,35,44,48,85,88,93" /><INIT seed="5,1,1,4,0,2" ten="354,481,124,31" oya="1" hai0="135,107,34,69,38,80,6,106,44,64,134,20,120" hai1="74,12,79,35,105,46,132,14,104,25,16,72,86" hai2="66,31,39,82,116,99,84,123,27,92,50,91,0" hai3="113,1,133,48,63,57,15,55,37,111,126,93,40"/><U118/><E118/><V78/><F39/><W22/><G1/><T30/><D20/><U26/><E86/><V127/><F116/><W103/><G111/><T52/><D80/><U87/><E87/><V62/><F123/><W4/><G113/><T42/><D120/><U83/><E72/><V76/><F0/><W28/><G37/><T101/><D6/><U65/><E12/><V29/><F127/><W81/><G126/><T112/><D112/><U125/><E125/><V53/><F76/><W36/><G36/><T51/><D30/><U109/><E132/><N who="0" m="50729" /><D101/><U89/><E89/><V97/><F97/><N who="3" m="59823" /><G133/><T75/><D34/><U100/><E65/><V19/><F19/><N who="3" m="10623" /><G28/><T119/><D75/><U110/><E110/><V8/><BYE who="1" /><F8/><W56/><G81/><T98/><D98/><U115/><E115/><V45/><REACH who="2" step="1"/><F27/><REACH who="2" ten="354,481,114,31" step="2"/><W130/><G130/><T90/><D119/><U41/><E41/><V68/><AGARI ba="1,2" hai="29,31,45,50,53,62,66,68,78,82,84,91,92,99" machi="68" ten="20,5200,0" yaku="1,1,2,1,0,1,7,1,53,0" doraHai="2" doraHaiUra="11" who="2" fromWho="2" sc="354,-14,481,-27,114,75,31,-14" /><INIT seed="6,0,0,2,3,4" ten="340,454,189,17" oya="2" hai0="65,126,20,55,92,88,128,62,102,50,34,28,44" hai1="124,58,103,77,85,115,96,27,121,120,48,81,30" hai2="41,75,135,12,56,82,47,31,133,71,18,60,100" hai3="51,52,95,45,79,97,69,26,86,10,93,87,8"/><V72/><F71/><W57/><G69/><T11/><D126/><U73/><E73/><V38/><F31/><W105/><G105/><UN n1="%E7%94%9F%E5%BE%92%E4%BC%9A%E3%80%90%E5%BA%8F%E3%80%91" /><T113/><D128/><U125/><E115/><V3/><F3/><W110/><G110/><T129/><D34/><U118/><E118/><V29/><F29/><W0/><G0/><T59/><D113/><U66/><E48/><V114/><F100/><W134/><G134/><N who="2" m="51209" /><F82/><W119/><G119/><T54/><D102/><U14/><E14/><V107/><F107/><W16/><G93/><T131/><D129/><U25/><E25/><V17/><F17/><W53/><G79/><T1/><D131/><U7/><E7/><V40/><F41/><W64/><G64/><T21/><D28/><U61/><E27/><V49/><F38/><W67/><G67/><T117/><D117/><U6/><E6/><V37/><F37/><W15/><G26/><T111/><D111/><U76/><E76/><V70/><F70/><W36/><G36/><T80/><D80/><U104/><E30/><V112/><F112/><W101/><REACH who="3" step="1"/><G10/><REACH who="3" ten="340,454,189,7" step="2"/><T108/><D108/><U89/><E77/><V35/><F114/><W83/><G83/><T19/><D1/><U98/><E98/><V9/><F35/><W78/><G78/><T63/><D11/><U13/><E13/><V130/><F130/><W39/><G39/><T94/><D94/><U23/><E23/><V43/><F72/><W122/><G122/><AGARI ba="0,1" hai="58,61,66,81,85,89,96,103,104,120,121,122,124,125" machi="122" ten="40,1300,0" yaku="13,1" doraHai="4" who="1" fromWho="3" sc="340,0,454,23,189,0,7,-13" owari="340,14.0,477,57.7,189,-21.1,-6,-50.6" /></mjloggm>