<mjloggm ver="2.3"><GO type="169" lobby="0"/><UN n0="%6B%73%77%72%74" n1="%E3%81%95%E3%82%93%E3%81%84%E3%81%A1%E3%82%8D%E3%81%8F%E3%81%94" n2="%E5%A4%9A%E6%91%A9%E3%82%BD%E3%83%BC%E3%82%B8" n3="%E3%81%97%E3%82%83%E3%82%8B%E3%81%BC%E3%82%93" dan="16,17,17,16" rate="2116.75,2092.95,2217.66,2138.61" sx="M,M,M,M"/><TAIKYOKU oya="0"/><INIT seed="0,0,0,1,4,113" ten="250,250,250,250" oya="0" hai0="12,11,34,39,53,66,83,101,88,48,110,69,126" hai1="89,50,86,61,96,27,23,8,19,26,2,132,79" hai2="44,123,90,111,92,71,91,100,135,35,16,121,0" hai3="109,120,7,70,98,105,18,60,24,1,73,82,114"/><T85/><BYE who="2" /><D126/><U17/><E132/><UN n2="%E5%A4%9A%E6%91%A9%E3%82%BD%E3%83%BC%E3%82%B8" /><V6/><F35/><W37/><G18/><T116/><D116/><U124/><E124/><V57/><F71/><W10/><G114/><T102/><D34/><U56/><E79/><V103/><F135/><W130/><G130/><T54/><D39/><U41/><E96/><V106/><F106/><W38/><G120/><T97/><D110/><U108/><E108/><V122/><F111/><W127/><G127/><T43/><D69/><U14/><E2/><V32/><F32/><W13/><G13/><T77/><D66/><U59/><E27/><V30/><F30/><W36/><G24/><T133/><D133/><U112/><E112/><V3/><F57/><W107/><G98/><T40/><D77/><U64/><E41/><V42/><F6/><W29/><G29/><T72/><D72/><U128/><E128/><V115/><F115/><W76/><G109/><T15/><D15/><U119/><E119/><V134/><F134/><W87/><G87/><T118/><D118/><U21/><E8/><V62/><F62/><W55/><G55/><N who="0" m="21003" /><D97/><U63/><E50/><N who="2" m="26903" /><F16/><W81/><G81/><T9/><D9/><U78/><E78/><V47/><F47/><W117/><G117/><T125/><D125/><U129/><E129/><V93/><F0/><W25/><G25/><T20/><D20/><U33/><E33/><V45/><F45/><W22/><G22/><T94/><D48/><U99/><E99/><N who="2" m="57751" /><F3/><W31/><G31/><T80/><D43/><U5/><E64/><AGARI ba="0,0" hai="1,7,10,36,37,38,60,64,70,73,76,82,105,107" machi="64" ten="40,5200,0" yaku="33,3" doraHai="113" who="3" fromWho="1" sc="250,0,250,-52,250,0,250,52" /><INIT seed="1,0,0,4,0,46" ten="250,198,250,302" oya="1" hai0="135,5,84,109,92,132,44,74,91,117,110,20,7" hai1="43,108,1,111,79,75,2,31,112,62,100,24,129" hai2="59,23,60,9,131,86,6,83,21,94,80,99,125" hai3="72,51,114,18,3,16,33,115,87,77,14,85,64"/><U133/><E112/><V19/><F131/><W105/><G3/><T95/><D20/><U102/><E129/><V127/><F127/><W101/><G72/><T97/><D7/><U15/><E133/><N who="0" m="51273" /><D5/><U124/><E124/><V10/><F125/><W4/><G4/><T55/><D55/><U82/><E15/><V27/><F21/><W22/><G33/><T134/><N who="0" m="51281" /><T107/><DORA hai="61" /><D44/><U50/><E62/><V37/><F37/><W49/><G115/><T103/><D117/><U40/><E2/><V35/><F35/><W48/><G114/><T11/><D11/><U120/><E1/><V58/><F58/><W45/><G45/><T65/><D65/><U63/><E63/><V68/><F68/><W106/><G64/><T123/><D123/><U66/><E120/><V47/><F47/><W93/><G77/><T8/><D8/><N who="2" m="3178" /><F86/><W81/><G18/><T76/><D107/><U38/><E66/><N who="2" m="39199" /><F6/><W78/><REACH who="3" step="1"/><G87/><REACH who="3" ten="250,198,250,292" step="2"/><T32/><D32/><U104/><E75/><V128/><F128/><W121/><G121/><T67/><D67/><U122/><E122/><V90/><AGARI ba="0,1" hai="19,23,27,80,83,90,94,99" m="39199,3178" machi="90" ten="30,2000,0" yaku="8,1,52,1" doraHai="46,61" who="2" fromWho="2" sc="250,-5,198,-10,250,30,292,-5" /><INIT seed="2,0,0,5,0,79" ten="245,188,280,287" oya="2" hai0="99,11,13,25,131,36,90,111,96,41,60,80,14" hai1="37,73,76,118,134,89,31,48,112,119,0,3,54" hai2="65,4,39,42,93,105,47,94,64,17,55,77,75" hai3="57,6,15,68,5,61,26,1,50,120,53,135,100"/><V83/><F105/><W23/><G120/><T128/><D111/><U117/><E112/><V21/><F55/><W69/><G135/><T38/><D60/><U7/><E134/><V102/><F4/><W62/><G1/><T28/><D99/><U22/><E37/><V8/><F8/><W70/><G100/><T101/><D90/><U97/><E7/><V125/><F125/><W58/><G15/><T16/><D14/><U20/><E97/><V92/><REACH who="2" step="1"/><F102/><REACH who="2" ten="245,188,270,287" step="2"/><W63/><G5/><T32/><D41/><U124/><E54/><V27/><AGARI ba="0,1" hai="17,21,27,39,42,47,64,65,75,77,83,92,93,94" machi="27" ten="30,12000,1" yaku="1,1,2,1,0,1,52,1,53,1" doraHai="79" doraHaiUra="12" who="2" fromWho="2" sc="245,-40,188,-40,270,130,287,-40" /><INIT seed="2,1,0,5,1,18" ten="205,148,400,247" oya="2" hai0="77,87,112,29,20,79,2,86,135,126,38,52,105" hai1="46,101,108,63,14,124,102,76,4,25,41,131,45" hai2="33,35,48,110,78,32,92,90,113,128,100,42,129" hai3="106,97,15,16,26,65,36,51,7,21,22,73,50"/><V28/><F113/><W61/><G36/><T123/><D123/><U1/><E1/><V57/><F78/><W23/><G73/><T121/><D105/><U133/><E108/><V30/><F100/><W53/><G106/><T117/><D2/><U10/><E124/><V49/><F110/><W59/><G97/><T103/><D121/><U0/><E0/><V88/><F57/><N who="3" m="37039" /><G50/><N who="2" m="19561" /><F92/><W80/><G80/><T98/><D38/><U56/><E131/><N who="2" m="50251" /><F42/><W111/><G111/><T47/><D126/><U82/><E133/><V5/><F5/><W24/><G7/><T44/><D135/><U122/><E122/><V6/><F6/><W130/><G130/><T31/><D112/><U43/><E41/><V116/><F116/><W119/><G119/><T84/><D117/><U125/><E43/><V3/><F3/><W55/><G55/><T134/><D52/><N who="1" m="34183" /><E125/><V58/><F58/><W114/><G114/><T67/><D67/><U115/><E115/><V83/><F83/><W39/><G39/><T17/><D134/><U27/><E82/><V37/><F37/><W120/><G120/><T62/><D79/><U64/><E64/><V107/><F107/><W70/><G70/><T99/><D77/><U11/><E76/><V85/><F85/><W118/><G118/><T104/><D99/><U66/><E66/><V95/><F95/><W71/><G71/><T93/><D104/><U81/><E81/><V9/><F9/><AGARI ba="1,0" hai="9,15,16,21,22,23,24,26,51,53,59" m="37039" machi="9" ten="30,8000,1" yaku="8,1,52,3,54,1" doraHai="18" who="3" fromWho="2" sc="205,0,148,0,400,-83,247,83" /><INIT seed="3,0,0,3,1,98" ten="205,148,317,330" oya="3" hai0="72,8,106,85,79,91,32,81,124,92,49,10,84" hai1="7,69,117,112,20,45,21,52,97,27,111,9,58" hai2="33,60,118,87,0,132,50,59,1,47,83,41,39" hai3="55,25,108,16,23,63,100,18,82,31,76,51,131"/><W26/><G131/><T129/><D32/><U107/><E69/><V37/><F118/><W62/><G108/><T105/><D129/><U93/><E117/><V53/><F132/><W135/><G135/><T3/><D124/><U65/><E112/><V102/><F33/><W80/><G100/><T133/><D133/><U110/><E107/><V24/><F24/><W54/><G54/><T109/><D109/><U61/><E110/><V128/><F128/><W103/><G103/><T96/><D49/><U12/><E111/><V88/><REACH who="2" step="1"/><F102/><REACH who="2" ten="205,148,307,330" step="2"/><W94/><G26/><T101/><D106/><U130/><E27/><V115/><F115/><W64/><G94/><T121/><D121/><U78/><E130/><V125/><F125/><W77/><G82/><N who="0" m="45415" /><D3/><AGARI ba="0,1" hai="0,1,3,37,39,41,47,50,53,59,60,83,87,88" machi="3" ten="40,5200,0" yaku="1,1,54,1,53,1" doraHai="98" doraHaiUra="48" who="2" fromWho="0" sc="205,-52,148,0,307,62,330,0" /><INIT seed="4,0,0,2,2,26" ten="153,148,369,330" oya="0" hai0="23,80,14,70,42,5,61,35,22,16,28,25,86" hai1="20,78,87,97,44,17,18,117,64,41,128,113,47" hai2="125,127,111,52,114,29,120,135,59,58,110,38,51" hai3="65,0,112,27,32,40,116,84,30,3,2,57,106"/><T109/><D109/><N who="2" m="41482" /><F29/><W126/><G112/><T1/><D42/><U119/><E128/><V107/><F107/><W4/><G126/><N who="2" m="48137" /><F114/><W103/><G116/><T55/><D1/><U36/><E113/><V123/><F135/><W122/><G122/><N who="2" m="46633" /><F38/><W102/><G106/><T63/><D70/><U105/><E117/><V54/><F54/><W62/><G4/><T96/><D5/><U53/><E119/><V7/><F7/><W72/><G72/><T129/><D129/><U134/><E53/><V101/><F101/><W82/><REACH who="3" step="1"/><G40/><REACH who="3" ten="153,148,369,320" step="2"/><T85/><D55/><U83/><E41/><V12/><F12/><W39/><G39/><T50/><D14/><U9/><E36/><V68/><F68/><W88/><AGARI ba="0,1" hai="0,2,3,27,30,32,57,62,65,82,84,88,102,103" machi="88" ten="30,7900,0" yaku="1,1,0,1,52,1,54,1,53,0" doraHai="26" doraHaiUra="45" who="3" fromWho="3" sc="153,-39,148,-20,369,-20,320,89" /><INIT seed="5,0,0,0,3,58" ten="114,128,349,409" oya="1" hai0="35,68,126,60,133,37,121,17,26,119,83,18,124" hai1="0,2,15,98,1,113,131,7,116,106,73,25,135" hai2="82,80,10,117,132,63,76,93,12,74,13,105,22" hai3="48,19,69,38,55,96,114,127,94,72,92,31,5"/><U39/><E116/><V27/><F117/><W32/><G38/><T89/><D119/><U30/><E39/><V81/><F105/><W20/><G127/><N who="0" m="48683" /><D37/><U134/><E113/><V34/><F132/><N who="1" m="50729" /><E73/><V109/><F109/><W107/><G72/><T122/><D133/><U97/><E106/><V78/><F34/><W23/><G5/><T40/><D40/><U28/><E131/><V3/><F3/><N who="1" m="769" /><U24/><DORA hai="47" /><E98/><V103/><F74/><W71/><G96/><T49/><D35/><U65/><E65/><V88/><F103/><W16/><G107/><T36/><D36/><U46/><E46/><V44/><F44/><W62/><G32/><T79/><D89/><U86/><E97/><N who="2" m="57511" /><F63/><W75/><G62/><T87/><D49/><U115/><E86/><V123/><F123/><N who="0" m="47114" /><D26/><N who="1" m="10347" /><E115/><V118/><F118/><W104/><G104/><T50/><D50/><U14/><E7/><N who="2" m="3167" /><F13/><AGARI ba="0,0" hai="13,14,15,28,30" m="10347,769,50729" machi="13" ten="50,12000,1" yaku="28,2,20,1,34,2" doraHai="58,47" who="1" fromWho="2" sc="114,0,128,120,349,-120,409,0" /><INIT seed="5,1,0,1,4,80" ten="114,248,229,409" oya="1" hai0="4,108,93,27,65,82,9,116,133,106,94,73,30" hai1="89,13,28,62,101,8,134,68,2,105,17,123,57" hai2="95,36,26,92,85,44,38,111,61,32,97,70,39" hai3="69,117,5,83,21,99,11,91,109,104,6,58,96"/><U64/><E123/><V23/><F111/><W124/><G69/><T87/><D108/><U0/><E134/><V107/><F32/><W121/><G109/><T90/><D116/><U46/><E28/><V112/><F112/><W18/><G121/><T67/><D106/><U129/><E129/><V56/><F70/><W20/><G124/><T47/><D133/><U53/><E46/><V131/><F131/><W35/><G35/><T42/><D67/><U1/><E89/><V25/><F44/><W60/><G21/><T51/><D65/><U119/><E119/><V132/><F132/><W72/><G104/><T34/><REACH who="0" step="1"/><D73/><REACH who="0" ten="104,248,229,409" step="2"/><U16/><E64/><V81/><F107/><W127/><G72/><T110/><D110/><U45/><E105/><V12/><F38/><W86/><G117/><T88/><D88/><U54/><E68/><V126/><F36/><W55/><G127/><T7/><D7/><U10/><E101/><V128/><F39/><W3/><G5/><T48/><D48/><U100/><E100/><V120/><F126/><W98/><G98/><T102/><D102/><U15/><E0/><AGARI ba="1,1" hai="0,4,9,27,30,34,42,47,51,82,87,90,93,94" machi="0" ten="30,7700,0" yaku="1,1,7,1,52,1,53,1" doraHai="80" doraHaiUra="78" who="0" fromWho="1" sc="104,90,248,-80,229,0,409,0" /><INIT seed="6,0,0,5,2,62" ten="194,168,229,409" oya="2" hai0="1,79,15,65,25,109,123,18,9,91,101,58,0" hai1="113,32,14,2,76,54,55,43,33,129,134,52,81" hai2="115,72,19,118,68,117,94,71,86,3,127,116,10" hai3="82,13,84,98,41,44,89,69,96,49,59,28,95"/><V22/><F72/><W122/><G69/><T40/><D123/><U73/><E2/><V17/><F115/><W51/><G122/><T110/><D101/><U128/><E113/><V42/><F127/><W27/><G13/><T77/><D40/><U31/><E134/><V26/><F42/><W119/><G119/><T114/><D114/><U75/><E43/><V66/><F66/><W105/><G105/><T125/><D125/><U5/><E75/><V4/><REACH who="2" step="1"/><F17/><REACH who="2" ten="194,168,219,409" step="2"/><W104/><G104/><T12/><D65/><U102/><E31/><V64/><F64/><W57/><G49/><T87/><D18/><U46/><E46/><V63/><F63/><W74/><G74/><T16/><D16/><U112/><E112/><V38/><F38/><W20/><G98/><T48/><D48/><U133/><E133/><V132/><F132/><W121/><G121/><T56/><D58/><U78/><E73/><V23/><F23/><W8/><G8/><T21/><D56/><U103/><E32/><V6/><F6/><W131/><G131/><N who="1" m="50250" /><E33/><V97/><F97/><W7/><G7/><T120/><D120/><U61/><E61/><V83/><F83/><W50/><G51/><T39/><D39/><U60/><E60/><V11/><F11/><W67/><G67/><T126/><D9/><N who="1" m="4399" /><E81/><V30/><F30/><W88/><AGARI ba="0,1" hai="20,27,28,41,44,50,57,59,82,84,88,89,95,96" machi="88" ten="20,5200,0" yaku="0,1,7,1,8,1,54,1" doraHai="62" who="3" fromWho="3" sc="194,-13,168,-13,219,-26,409,62" /><INIT seed="7,0,0,3,2,67" ten="181,155,193,471" oya="3" hai0="41,85,103,20,94,5,76,119,127,8,16,106,98" hai1="1,82,90,6,132,111,54,66,44,29,22,107,3" hai2="57,122,79,129,52,2,101,45,115,126,63,32,56" hai3="55,7,108,118,95,10,96,133,112,35,47,75,72"/><W13/><G35/><T61/><D119/><U62/><E111/><V121/><F2/><W100/><G112/><T91/><D127/><U97/><E132/><V49/><F32/><W135/><G118/><T125/><D125/><U21/><E44/><V25/><F126/><W15/><G108/><T84/><D41/><U124/><E124/><V18/><F115/><W87/><G87/><T23/><D61/><U34/><E54/><V88/><F129/><W113/><G113/><T33/><D33/><U99/><E99/><V51/><F101/><W30/><G30/><T120/><D120/><N who="2" m="46186" /><F79/><W102/><G100/><T89/><D16/><U60/><E60/><V26/><F88/><W37/><G15/><T78/><D76/><U86/><E6/><V27/><F57/><W36/><G75/><T28/><D28/><U12/><E12/><V131/><F131/><W92/><G95/><T128/><D78/><U24/><E1/><V110/><F110/><W38/><G72/><T65/><D65/><U11/><E3/><V31/><F31/><W93/><G93/><T53/><D128/><U40/><E11/><V116/><F116/><W64/><G64/><T48/><D8/><U9/><E9/><V74/><F74/><W134/><G55/><T58/><D5/><U68/><E40/><AGARI ba="0,0" hai="7,10,13,36,37,38,40,47,92,96,102,133,134,135" machi="40" ten="40,2000,0" yaku="20,1" doraHai="67" who="3" fromWho="1" sc="181,0,155,-20,193,0,471,20" owari="181,-21.9,135,-36.5,193,-0.7,491,59.1" /></mjloggm>