<mjloggm ver="2.3"><GO type="169" lobby="0"/><UN n0="%E3%81%AA%E3%81%8C%E3%81%95%E3%82%8F%E3%81%BE%E3%81%95%E3%81%BF" n1="%6B%61%73%68%69%61" n2="%67%78%7A" n3="%E3%82%B9%E3%82%AB%E3%83%9D%E3%83%B3" dan="16,16,18,17" rate="2066.96,2047.58,2273.32,2158.47" sx="F,M,F,M"/><TAIKYOKU oya="0"/><INIT seed="0,0,0,0,1,56" ten="250,250,250,250" oya="0" hai0="86,79,115,3,87,75,36,4,99,70,80,69,32" hai1="77,130,9,28,128,20,116,98,52,39,71,127,42" hai2="26,61,13,111,53,60,97,126,31,123,104,43,68" hai3="100,63,58,95,78,1,102,62,85,17,134,10,90"/><T84/><D115/><U81/><E116/><V40/><F123/><W45/><G134/><T14/><D36/><U113/><E113/><V47/><F111/><W51/><G78/><T22/><D32/><U117/><E117/><V88/><F126/><W121/><G121/><T11/><D3/><U64/><E9/><V125/><F125/><W107/><G58/><T29/><D29/><U15/><E127/><V5/><F5/><W108/><G108/><T91/><D22/><U135/><E135/><V129/><F13/><N who="3" m="7351" /><G107/><T0/><D0/><U73/><E98/><V114/><F129/><W131/><G131/><T2/><D2/><U37/><E42/><V25/><F25/><W6/><G6/><T66/><D66/><U82/><E64/><V8/><F8/><W19/><G19/><T132/><D132/><U103/><E77/><V105/><F114/><W94/><G94/><T57/><D57/><U133/><E133/><V119/><F105/><W118/><G118/><T18/><D4/><U96/><E130/><V35/><F119/><W30/><G30/><T21/><D11/><U49/><E73/><V50/><F68/><W27/><G27/><T12/><D14/><U16/><E71/><V7/><F7/><W44/><G44/><T59/><D59/><N who="1" m="33167" /><E28/><V120/><F120/><W93/><G1/><T92/><AGARI ba="0,0" hai="12,18,21,69,70,75,79,80,84,86,87,91,92,99" machi="92" ten="30,1500,0" yaku="0,1" doraHai="56" who="0" fromWho="0" sc="250,15,250,-5,250,-5,250,-5" /><INIT seed="0,1,0,0,4,25" ten="265,245,245,245" oya="0" hai0="64,86,76,54,65,47,7,127,98,85,79,62,107" hai1="94,117,56,108,15,71,53,80,30,44,14,88,58" hai2="126,90,81,17,128,38,122,66,124,113,19,123,22" hai3="91,132,67,46,51,125,111,35,29,21,118,36,49"/><T5/><D127/><N who="2" m="48682" /><F38/><W89/><G111/><T24/><D107/><U60/><E117/><V77/><F66/><N who="0" m="25706" /><D98/><U6/><E71/><V99/><F113/><W45/><G132/><T100/><D100/><U116/><E108/><V87/><F128/><W37/><G67/><T109/><D24/><U43/><E58/><V75/><F17/><W63/><G35/><T11/><D11/><U27/><E80/><N who="2" m="45119" /><F99/><W96/><G96/><T34/><D109/><U72/><E72/><V73/><F73/><W3/><G3/><T33/><D47/><U23/><E6/><N who="0" m="2057" /><D62/><U103/><E103/><V74/><F74/><W130/><G63/><T9/><D9/><U20/><E20/><V48/><F48/><W129/><G21/><T83/><D83/><U40/><E116/><V135/><F135/><W102/><G125/><T26/><D26/><AGARI ba="1,0" hai="19,22,26,81,87,90,122,123" m="45119,48682" machi="26" ten="30,1000,0" yaku="18,1" doraHai="25" who="2" fromWho="0" sc="265,-13,245,0,245,13,245,0" /><INIT seed="1,0,0,0,0,44" ten="252,245,258,245" oya="1" hai0="10,23,22,118,73,42,78,90,5,32,119,116,18" hai1="89,114,26,127,3,83,56,39,88,53,8,128,92" hai2="122,110,66,94,27,60,67,16,111,62,79,41,12" hai3="61,124,103,65,13,59,11,38,132,69,6,36,57"/><U47/><E114/><V33/><F122/><W4/><G132/><T107/><D107/><U30/><E127/><V71/><F79/><W102/><G124/><T49/><D73/><U117/><E128/><V80/><F80/><W29/><G29/><T113/><D78/><U54/><E117/><V21/><F41/><W46/><G4/><T24/><D90/><U25/><E3/><V43/><F43/><W7/><G7/><T28/><D113/><U98/><E8/><V14/><F94/><W72/><G72/><T85/><D85/><U93/><E83/><V112/><F112/><W129/><G129/><T99/><D99/><U37/><E47/><V133/><F133/><W75/><G75/><T95/><D95/><U130/><E130/><V9/><F33/><W55/><G46/><T63/><D63/><U105/><E105/><V64/><F12/><W40/><G40/><T20/><D42/><U31/><E56/><V2/><F2/><W51/><REACH who="3" step="1"/><G59/><REACH who="3" ten="252,245,258,235" step="2"/><T52/><D18/><U108/><REACH who="1" step="1"/><E98/><REACH who="1" ten="252,235,258,235" step="2"/><V101/><F71/><W82/><G82/><T15/><REACH who="0" step="1"/><D119/><REACH who="0" ten="242,235,258,235" step="2"/><U120/><E120/><V135/><F135/><W100/><AGARI ba="0,3" hai="6,11,13,36,38,51,55,57,61,65,69,100,102,103" machi="100" ten="30,4000,0" yaku="1,1,0,1,52,1,53,0" doraHai="44" doraHaiUra="77" who="3" fromWho="3" sc="242,-10,235,-20,258,-10,235,70" /><INIT seed="2,0,0,1,4,24" ten="232,215,248,305" oya="2" hai0="109,84,119,86,97,57,13,113,36,45,123,20,108" hai1="27,112,101,94,17,0,69,98,91,121,92,35,23" hai2="78,74,10,129,54,55,33,133,53,67,65,16,115" hai3="114,99,5,9,73,41,124,30,44,42,7,26,125"/><V28/><F115/><W8/><G73/><T18/><D123/><U128/><E121/><V31/><F129/><W64/><G64/><N who="2" m="24649" /><F33/><N who="3" m="20695" /><G99/><T22/><D113/><U102/><E69/><V2/><F2/><N who="3" m="55" /><G114/><T132/><D132/><U104/><E0/><V25/><F74/><W106/><G106/><T32/><D119/><U80/><E128/><V12/><F78/><W38/><G42/><T122/><D32/><U127/><E127/><N who="3" m="48714" /><G9/><T110/><D57/><U100/><E112/><V77/><F77/><W93/><G93/><T130/><D130/><U117/><E104/><V96/><F133/><W19/><G19/><N who="0" m="10351" /><D97/><U83/><E94/><V89/><F25/><W40/><G40/><N who="0" m="22663" /><D122/><U72/><E72/><V105/><F105/><W88/><G7/><T11/><D11/><U48/><E92/><AGARI ba="0,0" hai="10,12,16,28,31,53,54,55,89,92,96" m="24649" machi="92" ten="30,11600,0" yaku="8,1,52,2,54,1" doraHai="24" who="2" fromWho="1" sc="232,0,215,-116,248,116,305,0" /><INIT seed="2,1,0,5,1,122" ten="232,99,364,305" oya="2" hai0="130,90,16,32,91,39,76,0,103,25,135,35,37" hai1="89,107,83,22,114,19,79,95,87,127,66,112,14" hai2="68,29,105,125,52,69,61,109,100,45,18,101,124" hai3="80,11,97,51,26,57,21,7,74,62,15,56,121"/><V49/><F29/><W64/><G121/><T85/><D0/><U133/><E133/><V58/><F109/><W132/><G132/><T41/><D135/><U81/><E127/><N who="2" m="48715" /><F18/><W73/><G80/><T2/><D2/><U31/><E107/><V44/><F105/><W84/><G84/><T28/><D130/><U9/><E81/><V20/><F20/><W72/><G97/><T113/><D35/><U99/><E66/><V96/><F96/><W33/><G33/><T65/><D65/><U47/><REACH who="1" step="1"/><E47/><REACH who="1" ten="232,89,364,305" step="2"/><N who="2" m="17995" /><F61/><W6/><G62/><T23/><D76/><U129/><E129/><V111/><F111/><W13/><G74/><T71/><D113/><U38/><E38/><V78/><F78/><W12/><G73/><T10/><D37/><U5/><E5/><V128/><F128/><W118/><G72/><T117/><D39/><U4/><E4/><V98/><F98/><W48/><G6/><T63/><D63/><U17/><E17/><V36/><F36/><W60/><G7/><T54/><D16/><U110/><E110/><V8/><F8/><W24/><G11/><T46/><D10/><U93/><E93/><V126/><F126/><W3/><G60/><T94/><D94/><U40/><E40/><V75/><F75/><W88/><G3/><T123/><D41/><U131/><E131/><V77/><F77/><W104/><G104/><T34/><D123/><U1/><E1/><V55/><F55/><W106/><G106/><T27/><D54/><U86/><E86/><V53/><F53/><W82/><G82/><T42/><D85/><U30/><E30/><RYUUKYOKU ba="1,1" sc="232,-15,89,15,364,15,305,-15" hai1="9,14,19,22,31,79,83,87,89,95,99,112,114" hai2="49,52,58,68,69,100,101" /><INIT seed="2,2,1,0,4,74" ten="217,104,379,290" oya="2" hai0="90,13,84,127,41,87,60,5,22,64,10,126,12" hai1="129,121,3,76,4,69,24,107,133,15,0,31,43" hai2="117,54,102,61,17,115,94,123,66,49,85,112,130" hai3="104,72,95,8,78,63,71,114,92,113,16,75,122"/><V6/><F117/><W38/><G122/><T33/><D33/><U11/><E107/><V20/><F123/><W14/><G104/><T56/><D41/><U39/><E121/><V37/><F37/><W105/><G105/><T81/><D22/><U52/><E69/><V83/><F130/><W47/><G75/><T106/><D106/><U101/><E101/><V53/><F6/><W25/><G25/><T86/><D13/><U111/><E111/><V131/><F131/><W98/><G71/><T27/><D27/><U23/><E129/><V1/><F1/><W35/><G63/><T118/><D118/><U7/><E7/><V46/><F54/><W2/><G35/><T97/><D97/><U82/><E133/><V55/><F55/><W124/><G124/><AGARI ba="2,1" hai="5,10,12,56,60,64,81,84,86,87,90,124,126,127" machi="124" ten="40,1300,0" yaku="18,1" doraHai="74" who="0" fromWho="3" sc="217,29,104,0,379,0,290,-19" /><INIT seed="3,0,0,5,2,111" ten="246,104,379,271" oya="3" hai0="102,112,0,55,59,91,119,42,49,115,69,118,39" hai1="63,114,8,56,108,123,71,76,22,24,127,126,120" hai2="88,87,62,27,3,116,28,38,17,35,13,61,74" hai3="131,105,7,52,15,21,57,47,98,46,31,86,90"/><W70/><G70/><T40/><D0/><U66/><E108/><V117/><F74/><W37/><G131/><T20/><D102/><U4/><E76/><V11/><F38/><W23/><G105/><T72/><D72/><U9/><E9/><V50/><F50/><W26/><G98/><T103/><D103/><U43/><E43/><N who="0" m="16425" /><D20/><U110/><E110/><V132/><F132/><W104/><G104/><T89/><D39/><U101/><E101/><V51/><F51/><N who="3" m="30879" /><G37/><T100/><D100/><U92/><E71/><V95/><REACH who="2" step="1"/><F3/><REACH who="2" ten="246,104,369,271" step="2"/><W82/><G7/><T99/><D119/><AGARI ba="0,1" hai="11,13,17,27,28,35,61,62,87,88,95,116,117,119" machi="119" ten="40,5200,0" yaku="1,1,2,1,54,1,53,0" doraHai="111" doraHaiUra="134" who="2" fromWho="0" sc="246,-52,104,0,369,62,271,0" /><INIT seed="4,0,0,0,3,7" ten="194,104,431,271" oya="0" hai0="90,67,85,118,135,112,61,26,23,55,63,66,72" hai1="100,58,103,70,75,48,22,12,109,121,131,34,92" hai2="19,69,31,24,59,82,73,130,101,57,64,17,71" hai3="16,9,84,115,62,1,35,25,65,18,117,0,93"/><T43/><D118/><U51/><E121/><V11/><F130/><W74/><G74/><T88/><D72/><U116/><E116/><V113/><F113/><W29/><G117/><T96/><D112/><U45/><E109/><V114/><F114/><W134/><G134/><T5/><D135/><U46/><E34/><V6/><F73/><W56/><G115/><T94/><D43/><U37/><E70/><V14/><F82/><W122/><G122/><T108/><D108/><U91/><E75/><V13/><F6/><W124/><G124/><T21/><D5/><U15/><E37/><V79/><F79/><W10/><G93/><T53/><D85/><U110/><E131/><V3/><F3/><W2/><REACH who="3" step="1"/><G84/><REACH who="3" ten="194,104,431,261" step="2"/><T76/><D76/><U107/><E92/><V44/><F101/><W20/><G20/><T4/><D21/><U78/><E103/><V89/><F89/><W41/><G41/><T39/><D90/><U60/><E78/><V126/><F126/><W120/><G120/><T132/><D132/><U80/><E91/><V87/><F87/><W105/><G105/><T83/><D88/><U119/><E119/><V133/><F133/><W104/><G104/><T68/><D94/><U98/><E110/><V47/><F69/><W27/><G27/><T81/><D68/><U33/><E22/><V123/><F123/><W111/><G111/><T125/><D23/><U102/><E102/><V49/><F71/><W38/><G38/><T129/><D39/><U95/><E107/><V127/><F127/><W30/><G30/><T42/><D125/><U28/><E100/><RYUUKYOKU ba="0,1" sc="194,-10,104,-10,431,-10,261,30" hai3="0,1,2,9,10,16,18,25,29,35,56,62,65" /><INIT seed="5,1,1,3,1,17" ten="184,94,421,291" oya="1" hai0="41,82,113,43,131,63,15,29,107,100,24,67,91" hai1="99,38,116,30,11,7,109,112,28,122,60,37,124" hai2="51,0,14,5,12,19,75,93,77,58,72,68,21" hai3="88,129,101,103,46,33,96,16,74,50,95,52,42"/><U49/><E116/><V36/><F68/><W31/><G74/><T133/><D113/><U2/><E122/><V44/><F14/><W123/><G123/><T121/><D121/><U105/><E112/><V8/><F58/><W114/><G114/><T128/><D15/><U62/><E124/><V85/><F36/><W87/><G129/><N who="0" m="49739" /><D133/><U89/><E38/><V47/><F47/><W98/><G33/><N who="0" m="20647" /><D100/><N who="3" m="38473" /><G31/><T26/><D26/><U97/><E37/><V80/><F93/><W1/><G1/><T23/><D23/><U9/><E109/><V94/><F94/><W125/><G125/><T118/><D118/><U20/><E11/><V117/><F117/><W134/><G134/><T70/><D107/><U132/><E28/><V73/><F73/><W66/><G66/><T106/><D106/><U59/><E132/><V45/><F45/><W6/><G6/><T13/><D13/><U53/><E105/><V32/><F32/><W56/><G16/><T78/><D91/><U90/><E90/><V76/><F76/><W34/><G34/><T65/><D67/><U110/><E110/><V40/><AGARI ba="1,1" hai="0,5,8,12,19,21,40,44,51,72,75,77,80,85" machi="40" ten="20,2700,0" yaku="0,1,7,1,52,1" doraHai="17" who="2" fromWho="2" sc="184,-8,94,-14,421,40,291,-8" /><INIT seed="6,0,0,1,1,3" ten="176,80,461,283" oya="2" hai0="2,127,64,115,40,69,97,108,122,104,65,117,96" hai1="135,124,89,133,43,67,93,27,130,84,72,8,132" hai2="1,13,61,66,26,101,81,33,0,111,91,98,70" hai3="79,47,100,95,53,102,42,23,31,114,44,11,34"/><V116/><F116/><W105/><G105/><T63/><D2/><U120/><E130/><V46/><F111/><W32/><G79/><T50/><D122/><U60/><E124/><V39/><F13/><W59/><G114/><T68/><D108/><U38/><E72/><V12/><F12/><W56/><G11/><T77/><D77/><U16/><E120/><V7/><F7/><W128/><G23/><T109/><D109/><U25/><E38/><V52/><F91/><W62/><G31/><T83/><D83/><U123/><E43/><N who="2" m="22911" /><F81/><W6/><G95/><T126/><D115/><U82/><E123/><V125/><F52/><W51/><G6/><T48/><D104/><U121/><E121/><V4/><F4/><W9/><G9/><T15/><D15/><U73/><E73/><V131/><F131/><W107/><G107/><T45/><D117/><U87/><E8/><V103/><F103/><W22/><G53/><T86/><D86/><U57/><REACH who="1" step="1"/><E16/><REACH who="1" ten="176,70,461,283" step="2"/><V36/><F36/><W18/><G18/><T10/><D10/><U75/><E75/><V28/><F125/><W92/><G128/><T37/><D126/><U19/><E19/><V71/><F28/><W134/><G42/><T94/><D127/><U85/><E85/><V20/><F0/><W99/><G99/><T106/><D97/><U41/><E41/><V35/><F1/><W21/><G134/><T49/><D37/><U118/><E118/><V76/><F98/><W80/><G102/><N who="0" m="60695" /><D106/><U78/><AGARI ba="0,1" hai="25,27,57,60,67,78,82,84,87,89,93,132,133,135" machi="78" ten="30,7900,0" yaku="1,1,0,1,20,1,53,1" doraHai="3" doraHaiUra="90" who="1" fromWho="1" sc="176,-20,70,89,461,-39,283,-20" /><INIT seed="7,0,0,5,5,114" ten="156,159,422,263" oya="3" hai0="80,46,32,53,130,98,48,135,122,35,120,59,45" hai1="127,133,111,4,94,64,70,15,57,101,65,25,78" hai2="128,116,51,8,132,50,28,125,43,129,38,117,112" hai3="0,71,119,109,16,34,75,10,63,107,41,134,1"/><W56/><G41/><T30/><D130/><N who="2" m="50282" /><F112/><W42/><G119/><N who="2" m="45641" /><F132/><W83/><G42/><T21/><D135/><U106/><E70/><V113/><F113/><W47/><G47/><N who="0" m="17931" /><D32/><U87/><E25/><V67/><F125/><W96/><G34/><T61/><D35/><U13/><E111/><V99/><F28/><W121/><G1/><T108/><D108/><U23/><E106/><V79/><F67/><W12/><G0/><T105/><D105/><U76/><E23/><V31/><F31/><W37/><G109/><T93/><D122/><U58/><E87/><V39/><F79/><W74/><G121/><T104/><D104/><U22/><E22/><V19/><F99/><W95/><G96/><T84/><D120/><U131/><E133/><V52/><F51/><W2/><G37/><T40/><D21/><U123/><E131/><V20/><F8/><W102/><G10/><T66/><D30/><U77/><E77/><V29/><F29/><W11/><G11/><T115/><D115/><U69/><E127/><V36/><F43/><W110/><G110/><T5/><D5/><U62/><E4/><V24/><F39/><W82/><G75/><T54/><D40/><U97/><E123/><V14/><F24/><W92/><G74/><T55/><D48/><U126/><E126/><V91/><F91/><W85/><G85/><T72/><D72/><U44/><E44/><AGARI ba="0,0" hai="14,19,20,36,38,44,50,52" m="45641,50282" machi="44" ten="30,8000,1" yaku="19,1,52,3,54,1" doraHai="114" who="2" fromWho="1" sc="156,0,159,-80,422,80,263,0" owari="156,-24.4,79,-42.1,502,60.2,263,6.3" /></mjloggm>