<mjloggm ver="2.3"><GO type="169" lobby="0"/><UN n0="%E3%83%9E%E3%83%BC%E3%83%9C%E3%82%A6" n1="%E3%81%95%E3%81%8B%E3%81%8D" n2="%43%72%37" n3="%31%35%2E%31%35%63%6D" dan="16,17,17,18" rate="2098.31,2216.96,2199.81,2307.31" sx="M,M,M,M"/><TAIKYOKU oya="0"/><INIT seed="0,0,0,4,1,121" ten="250,250,250,250" oya="0" hai0="99,128,89,36,28,85,54,131,59,13,34,110,82" hai1="92,31,94,77,86,108,16,10,102,80,114,68,55" hai2="91,38,19,104,88,15,4,93,97,135,90,22,6" hai3="126,122,37,83,62,41,43,2,18,125,98,101,24"/><T60/><D36/><U129/><E68/><V50/><F135/><W47/><G2/><T44/><D44/><U53/><E129/><N who="0" m="49737" /><D28/><U11/><E114/><V9/><F104/><W81/><G122/><T3/><D3/><U26/><E108/><V20/><F38/><W49/><G43/><T56/><D34/><U35/><E10/><V112/><F112/><W87/><G37/><T134/><D134/><U113/><E113/><V75/><F75/><W40/><G40/><T100/><D13/><U96/><REACH who="1" step="1"/><E94/><REACH who="1" ten="250,240,250,250" step="2"/><V52/><F4/><W70/><G70/><T109/><D56/><U66/><E66/><V27/><F20/><W117/><G126/><T71/><D71/><U46/><E46/><AGARI ba="0,1" hai="6,9,15,19,22,27,46,50,52,88,90,91,93,97" machi="46" ten="30,7700,0" yaku="7,1,8,1,54,2" doraHai="121" who="2" fromWho="1" sc="250,0,240,-77,250,87,250,0" /><INIT seed="1,0,0,2,4,69" ten="250,163,337,250" oya="1" hai0="34,4,115,108,50,95,51,91,97,75,13,135,132" hai1="64,25,89,121,127,71,133,120,103,106,110,48,20" hai2="60,131,28,130,101,98,49,31,128,63,18,93,12" hai3="47,19,113,21,78,11,73,81,29,122,114,84,46"/><U70/><E133/><N who="0" m="51273" /><D115/><U44/><E127/><V118/><F118/><W0/><G122/><T112/><D112/><U27/><E110/><V94/><F49/><N who="0" m="18442" /><D34/><U96/><E89/><V22/><REACH who="2" step="1"/><F94/><REACH who="2" ten="250,163,327,250" step="2"/><W72/><G113/><T54/><D108/><U107/><E107/><V6/><F6/><W102/><G114/><T35/><D4/><U100/><E121/><V5/><F5/><W43/><G0/><T24/><D95/><U7/><E7/><V2/><F2/><W56/><G47/><T116/><D116/><U123/><E123/><V82/><F82/><W38/><G46/><T126/><D126/><U74/><E120/><V9/><F9/><W109/><G11/><T55/><D55/><U36/><E48/><V15/><F15/><W87/><G81/><T58/><D54/><U17/><E106/><V40/><F40/><W23/><G43/><T85/><D13/><U80/><E44/><V125/><F125/><W3/><G3/><T33/><D24/><U8/><E8/><V88/><F88/><W10/><G10/><T119/><D91/><U129/><E25/><V92/><F92/><W117/><G117/><T76/><D119/><U39/><E27/><V62/><AGARI ba="0,1" hai="12,18,22,28,31,60,62,63,93,98,101,128,130,131" machi="62" ten="40,8000,1" yaku="1,1,0,1,19,1,53,1" doraHai="69" doraHaiUra="14" who="2" fromWho="2" sc="250,-20,163,-40,327,90,250,-20" /><INIT seed="2,0,0,2,3,23" ten="230,123,417,230" oya="2" hai0="100,18,74,91,34,87,52,78,17,66,70,112,113" hai1="51,111,103,47,133,30,125,42,36,67,124,85,19" hai2="48,72,33,105,1,120,95,115,75,53,96,81,22" hai3="37,6,32,82,110,106,76,24,27,132,3,60,131"/><V73/><F115/><W26/><G106/><T65/><D100/><U98/><E111/><V49/><F33/><W104/><G104/><T25/><D78/><U55/><E133/><V43/><F1/><W14/><G110/><T13/><D74/><U59/><E85/><V7/><F7/><W4/><G37/><T15/><D70/><U57/><E30/><V108/><F105/><W123/><G123/><T50/><D113/><U93/><REACH who="1" step="1"/><E19/><REACH who="1" ten="230,113,417,230" step="2"/><V135/><F72/><W41/><G132/><T126/><D18/><U94/><E94/><V134/><F95/><W97/><G97/><T127/><D112/><U102/><E102/><V99/><F108/><W40/><G4/><T128/><D87/><U38/><E38/><V117/><F75/><W45/><G6/><T69/><D17/><U64/><E64/><V31/><F31/><W84/><G84/><T9/><D65/><U63/><AGARI ba="0,1" hai="36,42,47,51,55,57,59,63,67,93,98,103,124,125" machi="63" ten="30,2000,0" yaku="1,1,0,1,53,0" doraHai="23" doraHaiUra="29" who="1" fromWho="1" sc="230,-5,113,30,417,-10,230,-5" /><INIT seed="3,0,0,3,5,92" ten="225,143,407,225" oya="3" hai0="95,39,33,77,124,135,74,27,93,96,82,65,110" hai1="104,10,108,9,44,76,21,47,103,13,7,46,60" hai2="15,51,86,31,4,125,19,30,98,85,22,105,20" hai3="117,84,122,36,26,25,129,87,40,80,128,14,120"/><W66/><G117/><T121/><D39/><U79/><E108/><V12/><F125/><W8/><G66/><T61/><D121/><N who="3" m="46697" /><G40/><T131/><D110/><U3/><E21/><V111/><F111/><W70/><G36/><T133/><D124/><U11/><E60/><V88/><F51/><W94/><G70/><T75/><D75/><U37/><E37/><V72/><F72/><W115/><G94/><T83/><D83/><U45/><N who="1" m="11264" /><DORA hai="63" /><U127/><E127/><V1/><F85/><N who="3" m="32843" /><G80/><T67/><D93/><U81/><E81/><V43/><F43/><W89/><G89/><N who="0" m="55407" /><D61/><U132/><E132/><N who="0" m="50761" /><D131/><N who="3" m="50249" /><G115/><T130/><D130/><U100/><E104/><V59/><F105/><W102/><G102/><T18/><D18/><AGARI ba="0,0" hai="8,14,18,25,26" m="50249,32843,46697" machi="18" ten="30,1500,0" yaku="19,1" doraHai="92,63" who="3" fromWho="0" sc="225,-15,143,0,407,0,225,15" /><INIT seed="3,1,0,3,0,116" ten="210,143,407,240" oya="3" hai0="30,83,62,45,65,126,58,95,21,87,117,76,40" hai1="36,89,109,80,61,53,17,7,0,103,123,120,88" hai2="39,91,86,106,46,42,28,13,108,60,82,38,6" hai3="90,11,20,14,110,12,43,77,71,112,29,85,26"/><W37/><G112/><T97/><D126/><U47/><E109/><V118/><F108/><W25/><G110/><T128/><D128/><U10/><E103/><V9/><F118/><W96/><G71/><T92/><D117/><U3/><E3/><V55/><F106/><W66/><G66/><T69/><D69/><U93/><E17/><V48/><F28/><W99/><G77/><T63/><D63/><U2/><E2/><V68/><F68/><W114/><G114/><T32/><D32/><U104/><E104/><V133/><F133/><W100/><G37/><T16/><D30/><U1/><E1/><V50/><F60/><W74/><G74/><T49/><REACH who="0" step="1"/><D97/><REACH who="0" ten="200,143,407,240" step="2"/><U119/><E119/><V124/><F124/><W33/><G99/><T75/><D75/><U52/><E61/><V72/><F72/><W134/><G96/><T84/><D84/><U98/><E36/><V102/><F86/><W57/><G85/><T73/><D73/><U78/><E78/><V130/><F130/><W44/><G29/><T56/><D56/><U135/><E135/><V111/><F111/><W23/><G33/><T125/><D125/><U41/><E98/><V81/><F39/><W19/><G57/><T24/><AGARI ba="1,1" hai="16,21,24,40,45,49,58,62,65,76,83,87,92,95" machi="24" ten="20,8000,1" yaku="1,1,0,1,7,1,8,1,54,1,53,0" doraHai="116" doraHaiUra="127" who="0" fromWho="0" sc="200,93,143,-21,407,-21,240,-41" /><INIT seed="4,0,0,4,5,18" ten="293,122,386,199" oya="0" hai0="91,64,125,102,25,73,19,114,105,53,5,56,67" hai1="60,101,84,54,131,30,59,82,6,70,21,9,23" hai2="80,63,76,10,100,97,133,103,116,50,79,118,88" hai3="123,85,12,65,74,99,107,2,1,89,41,17,117"/><T112/><D73/><U38/><E131/><V120/><F120/><W127/><G117/><N who="2" m="45161" /><F50/><W77/><G127/><T49/><D125/><U31/><E38/><V48/><F63/><W33/><G33/><T45/><D5/><U32/><E70/><V36/><F36/><W115/><G115/><N who="0" m="44075" /><D102/><N who="2" m="38954" /><F48/><W129/><G65/><N who="0" m="25163" /><D105/><U57/><E101/><V13/><F133/><W106/><G106/><T22/><D91/><N who="1" m="51607" /><E32/><V95/><F80/><W126/><G107/><T7/><D7/><AGARI ba="0,0" hai="7,10,13,76,79,88,95,97" m="38954,45161" machi="7" ten="30,2000,0" yaku="12,1,54,1" doraHai="18" who="2" fromWho="0" sc="293,-20,122,0,386,20,199,0" /><INIT seed="5,0,0,1,4,116" ten="273,122,406,199" oya="1" hai0="30,112,35,103,69,99,122,52,7,1,75,72,91" hai1="14,3,125,79,43,10,128,34,16,57,80,47,40" hai2="65,5,126,118,15,129,48,115,2,51,110,63,74" hai3="68,113,28,94,100,77,87,120,39,67,29,123,73"/><U0/><E34/><V104/><F74/><W90/><G39/><T54/><D91/><U62/><E128/><V22/><F104/><W61/><G113/><T71/><D54/><U76/><E125/><V114/><F110/><W44/><G44/><T81/><D52/><U83/><E83/><V95/><F2/><W85/><G73/><N who="0" m="28235" /><D81/><U97/><E97/><V23/><F129/><W36/><G36/><T17/><D17/><U108/><E108/><V78/><F78/><W134/><G134/><T135/><D112/><N who="2" m="43050" /><F118/><W13/><G100/><T70/><D135/><U109/><E109/><V89/><F22/><W55/><G55/><T56/><D56/><U12/><E80/><V59/><F126/><W131/><G131/><T102/><D102/><U9/><E47/><V64/><F65/><W105/><G77/><T49/><D49/><U32/><E32/><V25/><F15/><W50/><G13/><T41/><D41/><U127/><E127/><V37/><F5/><W88/><G50/><T6/><D6/><U86/><E57/><V121/><F37/><W98/><G105/><N who="0" m="63743" /><D7/><U119/><E119/><V93/><F93/><W42/><G42/><T8/><D8/><U31/><E62/><V58/><F59/><W132/><G132/><T133/><D133/><U96/><E16/><N who="2" m="12519" /><F51/><W82/><REACH who="3" step="1"/><G98/><REACH who="3" ten="273,122,406,189" step="2"/><T26/><D1/><U117/><E117/><V38/><F48/><W19/><G19/><T92/><D92/><U60/><E96/><N who="2" m="57455" /><F38/><W20/><G20/><T45/><D45/><U46/><E46/><V24/><F63/><W111/><G111/><T18/><D18/><RYUUKYOKU ba="0,1" sc="273,15,122,-15,406,-15,189,15" hai0="26,30,35,69,70,71,122" hai3="28,29,61,67,68,82,85,87,88,90,94,120,123" /><INIT seed="6,1,1,4,3,133" ten="288,107,391,204" oya="2" hai0="87,80,126,36,125,62,119,77,109,57,86,71,15" hai1="6,10,22,58,17,49,44,104,48,118,60,93,69" hai2="113,31,94,25,47,117,53,27,73,78,135,35,92" hai3="107,29,30,82,124,64,21,11,90,8,56,102,84"/><V12/><F117/><W23/><G124/><N who="0" m="47723" /><D109/><U110/><E110/><V100/><F12/><W81/><G107/><T37/><D71/><U5/><E104/><V33/><F53/><W79/><G102/><T16/><D87/><U127/><E69/><V101/><F47/><W46/><G46/><T114/><D114/><U70/><E70/><V18/><F18/><W55/><G64/><N who="0" m="38991" /><D119/><U97/><E118/><V132/><F78/><W7/><G79/><T59/><D59/><U130/><E130/><V123/><F113/><W128/><G84/><T14/><D14/><U26/><E127/><V96/><F73/><W67/><G56/><T20/><AGARI ba="1,1" hai="15,16,20,36,37,77,80,86" m="38991,47723" machi="20" ten="30,8000,1" yaku="18,1,52,3,54,1" doraHai="133" who="0" fromWho="0" sc="288,93,107,-21,391,-41,204,-21" /><INIT seed="7,0,0,4,1,14" ten="381,86,350,183" oya="3" hai0="70,58,72,71,32,41,121,91,37,128,132,94,2" hai1="96,31,93,129,18,112,38,65,62,19,29,89,106" hai2="50,54,55,64,22,57,84,117,103,15,116,126,108" hai3="79,114,95,23,13,68,75,5,25,85,119,134,105"/><W59/><G119/><T47/><D121/><U92/><E38/><V12/><F108/><W48/><G68/><T53/><D2/><U107/><E112/><V9/><F126/><W83/><G105/><T100/><D72/><U109/><E109/><V45/><F64/><W120/><G134/><T88/><D32/><U26/><E129/><V0/><F103/><W90/><G120/><T113/><D100/><U66/><E66/><V52/><F0/><W115/><G5/><T34/><D34/><U135/><E135/><V87/><F117/><W56/><G13/><T111/><D111/><U118/><E118/><V17/><F116/><W69/><G69/><T63/><D132/><U24/><E24/><V98/><F98/><W102/><G102/><T67/><D128/><U101/><E107/><V61/><F55/><W130/><G130/><T11/><D11/><U43/><E43/><V133/><F133/><W73/><G73/><T8/><D8/><U51/><E51/><V30/><F30/><W39/><G39/><T20/><D20/><U33/><E29/><V74/><F74/><W86/><G75/><T28/><D28/><U104/><E104/><V97/><F97/><W99/><G99/><N who="0" m="57799" /><D113/><N who="3" m="43017" /><G48/><N who="0" m="31015" /><D70/><N who="1" m="42295" /><E89/><AGARI ba="0,0" hai="37,41,47,63,67,71,89,91" m="31015,57799" machi="89" ten="30,2000,0" yaku="24,1,54,1" doraHai="14" who="0" fromWho="1" sc="381,20,86,-20,350,0,183,0" owari="401,50.1,66,-43.4,350,15.0,183,-21.7" /></mjloggm>