<mjloggm ver="2.3"><GO type="169" lobby="0"/><UN n0="%E3%81%98%E3%82%83%E3%81%99%E3%81%BF%E3%82%93" n1="%E3%81%82%E3%81%84%E3%81%93%E3%81%99" n2="%67%6F%67%6F%2D%E3%82%B4%E3%83%AA%E3%83%A9" n3="%E5%9C%A8%E5%8E%9F%E4%B8%83%E6%B5%B7%E5%A4%A7%E5%A5%BD%E3%81%8D" dan="16,16,17,17" rate="2054.96,2145.40,2163.74,2220.82" sx="M,M,M,M"/><TAIKYOKU oya="0"/><INIT seed="0,0,0,1,4,47" ten="250,250,250,250" oya="0" hai0="135,24,86,40,88,64,67,34,30,18,73,81,33" hai1="46,41,76,134,2,119,116,128,65,66,112,55,98" hai2="74,99,44,48,22,0,3,29,126,21,132,53,8" hai3="82,61,95,39,11,14,127,51,84,36,63,93,68"/><T85/><D73/><U20/><E134/><V27/><F132/><W79/><G127/><T10/><D34/><U71/><E128/><V35/><F126/><W92/><G68/><T120/><D120/><U31/><E2/><V52/><F74/><W28/><G28/><T15/><D135/><U102/><E112/><V9/><F99/><W122/><G122/><T109/><D109/><U59/><E76/><V104/><F104/><W89/><G39/><T124/><D124/><U110/><E110/><V94/><F94/><W7/><G36/><T72/><D72/><U83/><E83/><V16/><F53/><W105/><G105/><T130/><D130/><U121/><E71/><V12/><REACH who="2" step="1"/><F0/><REACH who="2" ten="250,250,240,250" step="2"/><W107/><G107/><T103/><D40/><U117/><E121/><V125/><F125/><W26/><G95/><T60/><D86/><U13/><E41/><V25/><F25/><W123/><G26/><T57/><D103/><U70/><E102/><V87/><F87/><W114/><G114/><T23/><BYE who="3" /><D33/><U54/><E98/><V6/><AGARI ba="0,1" hai="3,6,8,9,12,16,21,22,27,29,35,44,48,52" machi="6" ten="30,8000,1" yaku="1,1,0,1,52,1,54,2,53,0" doraHai="47" doraHaiUra="58" who="2" fromWho="2" sc="250,-40,250,-20,240,90,250,-20" /><INIT seed="1,0,0,4,2,53" ten="210,230,330,230" oya="1" hai0="134,62,34,6,132,56,41,110,10,16,51,115,103" hai1="30,27,20,18,125,29,91,33,68,81,46,85,12" hai2="120,25,71,105,47,99,94,116,35,107,96,61,82" hai3="101,7,39,72,90,133,0,49,13,95,124,37,76"/><U43/><E125/><V38/><F120/><UN n3="%E5%9C%A8%E5%8E%9F%E4%B8%83%E6%B5%B7%E5%A4%A7%E5%A5%BD%E3%81%8D" /><W106/><G0/><T89/><D115/><U102/><E68/><V104/><F116/><W84/><G133/><N who="0" m="51307" /><D34/><U19/><E102/><V92/><F82/><N who="3" m="45319" /><G7/><T58/><D103/><U3/><E3/><V45/><F35/><W14/><G49/><T28/><D28/><U55/><E33/><V100/><F25/><W74/><G74/><T65/><D110/><U111/><E111/><V117/><F117/><W63/><G63/><T31/><D31/><U119/><E119/><V4/><F4/><W2/><G2/><N who="0" m="343" /><D16/><U57/><E46/><V11/><F11/><W8/><G8/><T113/><D89/><U24/><E43/><V59/><F71/><W54/><G90/><T15/><D15/><U97/><E97/><V60/><F38/><W78/><G14/><T118/><D118/><U75/><E75/><V73/><F73/><W87/><G13/><T112/><D41/><U1/><E1/><V135/><F135/><W127/><G101/><T21/><D21/><N who="1" m="15503" /><E12/><V88/><REACH who="2" step="1"/><F61/><AGARI ba="0,0" hai="18,19,20,27,30,55,57,61,81,85,91" m="15503" machi="61" ten="30,2900,0" yaku="8,1,52,1" doraHai="53" who="1" fromWho="2" sc="210,0,230,29,330,-29,230,0" /><INIT seed="1,1,0,5,1,95" ten="210,259,301,230" oya="1" hai0="107,1,5,112,62,121,11,17,18,81,25,23,50" hai1="66,93,127,52,103,30,86,104,83,129,55,20,42" hai2="116,27,123,133,2,135,58,34,73,38,75,13,15" hai3="77,0,82,29,43,39,102,70,46,48,91,113,40"/><U67/><E104/><V117/><F38/><W47/><G113/><T28/><D50/><U19/><E129/><V14/><F58/><W44/><G70/><T119/><D28/><U31/><E127/><V37/><F37/><W68/><G68/><T9/><D62/><U122/><E122/><V92/><F123/><W59/><G0/><T114/><D81/><U35/><E35/><V118/><F92/><W4/><G4/><T49/><D49/><U80/><E42/><V99/><F99/><W111/><G29/><N who="1" m="10762" /><E67/><V36/><F36/><W72/><G59/><T51/><D51/><U100/><E66/><V64/><F64/><W12/><G47/><T63/><D63/><U110/><E110/><V61/><F61/><W87/><G111/><T78/><D107/><U88/><E83/><V60/><F60/><W130/><G130/><T41/><D41/><U109/><E109/><V79/><F34/><W24/><G44/><T22/><D121/><U32/><E32/><V108/><F108/><W90/><G43/><T120/><D120/><U97/><E103/><V106/><F106/><W96/><G102/><T45/><D119/><U89/><E100/><V3/><F27/><AGARI ba="1,0" hai="19,20,27,52,55,80,86,88,89,93,97" m="10762" machi="27" ten="30,11600,0" yaku="8,1,52,1,54,2" doraHai="95" who="1" fromWho="2" sc="210,0,259,119,301,-119,230,0" /><INIT seed="1,2,0,0,5,95" ten="210,378,182,230" oya="1" hai0="28,129,52,119,75,56,82,100,33,26,102,134,81" hai1="133,111,126,21,0,130,12,34,68,19,86,16,117" hai2="65,37,114,13,88,20,46,39,50,104,110,118,107" hai3="99,94,49,35,112,106,9,47,74,59,27,8,91"/><U84/><E117/><V60/><F118/><W10/><G74/><T58/><D119/><U17/><E68/><V7/><F110/><W43/><G112/><T44/><D134/><U14/><E133/><V83/><F114/><W113/><G113/><T1/><D1/><U23/><E0/><V132/><F132/><W42/><G106/><T62/><D129/><U29/><E130/><V123/><F123/><W97/><G35/><T135/><D135/><U98/><E111/><V92/><F83/><W54/><G27/><T105/><D44/><U77/><E77/><V32/><F32/><W131/><G131/><T80/><D75/><U122/><E122/><V5/><F107/><W89/><G43/><T103/><REACH who="0" step="1"/><D58/><REACH who="0" ten="200,378,182,230" step="2"/><U101/><E126/><V55/><F104/><AGARI ba="2,1" hai="26,28,33,52,56,62,80,81,82,100,102,103,104,105" machi="104" ten="40,5200,0" yaku="1,1,2,1,54,1,53,0" doraHai="95" doraHaiUra="45" who="0" fromWho="2" sc="200,68,378,0,182,-58,230,0" /><INIT seed="2,0,0,5,4,20" ten="268,378,124,230" oya="2" hai0="115,84,66,12,6,120,105,33,38,53,59,21,54" hai1="37,1,22,76,58,16,26,102,68,91,97,39,94" hai2="71,7,106,87,127,112,101,118,29,134,47,10,0" hai3="18,117,61,89,42,17,124,60,9,43,92,131,80"/><V83/><F112/><W74/><G117/><T99/><D120/><U103/><E68/><V108/><F118/><W57/><G124/><T121/><D121/><U73/><E1/><V93/><F127/><W69/><G69/><T122/><D38/><U104/><E103/><V64/><F106/><W95/><G74/><T75/><D75/><U132/><E132/><V82/><F134/><W19/><G131/><T114/><D33/><U67/><E67/><V35/><F108/><W77/><G77/><T3/><D3/><U85/><E58/><V119/><F119/><W100/><G80/><AGARI ba="0,0" hai="16,22,26,37,39,73,76,80,85,91,94,97,102,104" machi="80" ten="40,8000,1" yaku="24,2,52,1,54,1" doraHai="20" who="1" fromWho="3" sc="268,0,378,80,124,0,230,-80" /><INIT seed="3,0,0,2,1,100" ten="268,458,124,150" oya="3" hai0="23,113,79,81,22,118,11,121,33,134,111,109,78" hai1="71,41,94,86,43,51,103,126,15,132,50,112,101" hai2="131,36,49,93,67,110,114,95,84,38,6,42,119" hai3="66,80,31,30,92,52,29,77,129,64,61,47,115"/><W58/><G115/><T48/><D118/><U135/><E112/><V55/><F114/><W99/><G129/><T105/><D105/><U133/><E71/><V2/><F119/><W127/><G127/><T60/><D134/><U26/><E15/><V72/><F72/><W85/><REACH who="3" step="1"/><G47/><REACH who="3" ten="268,458,124,140" step="2"/><T45/><D113/><U21/><E126/><V116/><F131/><W54/><G54/><T24/><D45/><U102/><E43/><V117/><F55/><W65/><G65/><T39/><D109/><U19/><E41/><V53/><F67/><W59/><G59/><T40/><D40/><U123/><E123/><V68/><F110/><W96/><G96/><T73/><D121/><U37/><E37/><V124/><F124/><W62/><G62/><T76/><D39/><U35/><E135/><V82/><F38/><W14/><G14/><T9/><D60/><U57/><E133/><V0/><F36/><W7/><G7/><T1/><D111/><U74/><E57/><V56/><F42/><W128/><G128/><T32/><D1/><U97/><E132/><V3/><F6/><W88/><AGARI ba="0,1" hai="29,30,31,52,58,61,64,66,77,80,85,88,92,99" machi="88" ten="30,18000,2" yaku="1,1,0,1,8,1,54,2,53,1" doraHai="100" doraHaiUra="83" who="3" fromWho="3" sc="268,-60,458,-60,124,-60,140,190" /><INIT seed="3,1,0,4,2,75" ten="208,398,64,330" oya="3" hai0="119,67,81,13,5,117,131,97,60,21,104,46,112" hai1="8,101,20,130,89,34,2,100,49,134,1,64,65" hai2="33,53,116,96,0,11,76,39,47,94,45,61,93" hai3="56,57,121,98,52,50,132,86,79,71,90,126,95"/><W92/><G71/><T19/><D131/><U48/><E34/><V113/><F113/><W23/><G121/><T18/><D5/><U115/><E130/><V87/><F116/><W125/><G132/><T6/><D6/><U17/><E8/><V55/><F33/><W36/><G36/><T24/><D112/><U7/><E7/><V128/><F128/><W107/><G107/><T12/><D24/><U31/><E31/><V109/><F0/><W66/><G66/><T106/><D46/><N who="2" m="17418" /><F39/><W28/><G57/><T38/><D38/><U35/><E35/><V37/><F37/><W40/><G40/><T133/><D133/><U108/><E134/><V63/><F11/><W30/><G79/><T82/><D117/><U4/><E1/><V3/><F3/><W54/><G54/><N who="2" m="20489" /><F109/><W85/><G85/><T78/><D97/><U72/><E108/><V129/><F129/><W114/><G114/><T111/><D111/><U74/><E2/><V99/><F87/><W120/><G120/><T118/><D119/><U10/><E74/><V32/><F32/><W58/><G58/><T127/><D118/><U105/><E10/><V122/><F76/><W91/><REACH who="3" step="1"/><G23/><REACH who="3" ten="208,398,64,320" step="2"/><T51/><D78/><U29/><E20/><V110/><F122/><W80/><G80/><T69/><D81/><U42/><E65/><V59/><F110/><W103/><G103/><T9/><D82/><U27/><E100/><N who="2" m="60431" /><F59/><W25/><G25/><T43/><D104/><U123/><E105/><V102/><AGARI ba="1,1" hai="61,63,94,99,102" m="60431,20489,17418" machi="102" ten="30,1100,0" yaku="8,1" doraHai="75" who="2" fromWho="2" sc="208,-4,398,-4,64,24,320,-6" /><INIT seed="4,0,0,5,3,119" ten="204,394,88,314" oya="0" hai0="63,104,103,14,42,20,112,114,111,128,44,82,117" hai1="0,72,10,90,35,118,18,12,46,102,24,75,76" hai2="22,98,11,37,23,101,8,4,19,107,80,69,34" hai3="66,38,29,74,68,79,3,81,94,95,105,27,132"/><T77/><D117/><U123/><E118/><V61/><F37/><W135/><G3/><T52/><D128/><U89/><E0/><V106/><F34/><W83/><G38/><T113/><D103/><U92/><E102/><V53/><F107/><W51/><G105/><T36/><D104/><U45/><E90/><V54/><F80/><W41/><G66/><T88/><D111/><U9/><E9/><V91/><F91/><W71/><G51/><T100/><D100/><U13/><E13/><V48/><F11/><W133/><G41/><T64/><D14/><U87/><E75/><V109/><F109/><W31/><G83/><T58/><D20/><U33/><E76/><V1/><F23/><W39/><G39/><T15/><D15/><U59/><E72/><V67/><REACH who="2" step="1"/><F48/><REACH who="2" ten="204,394,78,314" step="2"/><W86/><G95/><T115/><D112/><U84/><E92/><V124/><F124/><W93/><G93/><T30/><D88/><U57/><E89/><V55/><F55/><W134/><G94/><T121/><D82/><U43/><E35/><V21/><F21/><N who="3" m="15599" /><G74/><T26/><D77/><U16/><E33/><V120/><F120/><W125/><G125/><T116/><D116/><U49/><E123/><V130/><F130/><W129/><G129/><T85/><D85/><U122/><E122/><V99/><F99/><W131/><G131/><T70/><D121/><U73/><E87/><V6/><F6/><W28/><N who="3" m="33792" /><DORA hai="7" /><W127/><G127/><T126/><D126/><U108/><E84/><V50/><F50/><W17/><G86/><T2/><D114/><U78/><E73/><RYUUKYOKU ba="0,1" sc="204,-10,394,-10,78,30,314,-10" hai2="1,4,8,19,22,53,54,61,67,69,98,101,106" /><INIT seed="5,1,1,3,1,70" ten="194,384,108,304" oya="1" hai0="129,89,61,6,47,106,78,5,43,107,62,92,108" hai1="97,18,56,121,85,51,15,71,26,88,13,60,91" hai2="96,110,77,12,42,7,67,90,86,75,98,83,58" hai3="115,116,39,59,135,53,45,76,8,30,126,37,40"/><U41/><E121/><V122/><F122/><W36/><G76/><T22/><D108/><U99/><E71/><V50/><F110/><W19/><G30/><T9/><D129/><U100/><E26/><V49/><F75/><W118/><G8/><T21/><D78/><U63/><E91/><V117/><F117/><N who="3" m="45163" /><G135/><T57/><D106/><U28/><E28/><V44/><F90/><W95/><G19/><T109/><D107/><U74/><E74/><V113/><F113/><W16/><G16/><T94/><D109/><U34/><E34/><V79/><F79/><W133/><G95/><T82/><D82/><U29/><E29/><V104/><F104/><W2/><G2/><T124/><D124/><U132/><E13/><V24/><F24/><W68/><G133/><T32/><D32/><U10/><E100/><V84/><F84/><W131/><G68/><T81/><D81/><U120/><E120/><V27/><F27/><W134/><G134/><T127/><D127/><U130/><E132/><V38/><F38/><N who="3" m="21655" /><G126/><T11/><D89/><U46/><E99/><V111/><F111/><W65/><G115/><T80/><D80/><U64/><E97/><V52/><F67/><W4/><G65/><T112/><D112/><U23/><E10/><AGARI ba="1,1" hai="7,10,12,42,44,49,50,52,58,77,83,86,96,98" machi="10" ten="40,8000,1" yaku="25,2,8,1,54,1" doraHai="70" who="2" fromWho="1" sc="194,0,384,-83,108,93,304,0" /><INIT seed="6,0,0,0,0,68" ten="194,301,201,304" oya="2" hai0="102,40,78,112,5,42,131,53,46,62,24,23,37" hai1="8,4,54,132,100,63,124,109,105,65,84,55,2" hai2="75,44,17,117,77,71,25,103,49,14,50,27,18" hai3="28,13,69,66,110,52,72,115,89,39,99,129,82"/><V111/><F117/><W83/><G110/><T88/><D131/><U104/><E109/><V35/><F111/><W73/><G66/><T33/><D112/><U120/><E132/><V30/><F71/><W118/><G69/><T128/><D128/><U79/><E124/><V22/><F103/><W87/><G28/><T67/><D102/><U93/><E120/><V47/><F75/><W48/><G118/><T95/><D33/><U135/><E135/><V94/><F77/><W57/><G115/><T12/><D78/><U130/><E130/><V113/><F94/><W106/><G106/><T133/><D133/><U29/><E29/><V19/><F113/><W121/><G99/><T122/><D42/><U59/><E105/><V64/><F64/><W86/><G39/><T32/><D32/><U96/><E104/><V6/><F6/><W15/><G121/><T116/><D122/><U80/><AGARI ba="0,0" hai="2,4,8,54,55,59,63,65,79,80,84,93,96,100" machi="80" ten="30,1100,0" yaku="0,1" doraHai="68" who="1" fromWho="1" sc="194,-3,301,11,201,-5,304,-3" /><INIT seed="7,0,0,3,0,61" ten="191,312,196,301" oya="3" hai0="48,120,36,31,52,2,54,101,57,110,63,45,112" hai1="38,108,81,128,84,62,111,69,99,106,98,1,94" hai2="19,16,87,22,76,130,51,60,80,90,43,24,97" hai3="135,11,105,18,12,74,126,47,9,100,53,119,124"/><W88/><G119/><T56/><D120/><U115/><E38/><V33/><F130/><W23/><G74/><T32/><D110/><U8/><E128/><V42/><F33/><W134/><G100/><T72/><D72/><U102/><E115/><V29/><F60/><W58/><G105/><T6/><D112/><U127/><E127/><N who="3" m="48682" /><G47/><T55/><D36/><U4/><E69/><V71/><F71/><W118/><G88/><T28/><D32/><U25/><E62/><V13/><F51/><N who="3" m="31039" /><G118/><T83/><D101/><U35/><E99/><V5/><F97/><W3/><G3/><T91/><D54/><U79/><REACH who="1" step="1"/><E106/><REACH who="1" ten="191,302,196,301" step="2"/><V125/><F125/><W95/><G95/><T34/><D45/><U37/><E37/><V20/><F43/><W50/><G50/><T77/><D34/><U68/><E68/><V132/><F42/><W114/><G114/><T93/><D83/><U46/><E46/><V109/><F109/><W64/><G64/><T129/><D129/><U113/><E113/><V78/><F80/><W96/><G96/><T86/><REACH who="0" step="1"/><D77/><REACH who="0" ten="181,302,196,301" step="2"/><U89/><E89/><V26/><F78/><W0/><G0/><T73/><D73/><U123/><E123/><V14/><F76/><W65/><G65/><T75/><D75/><U10/><E10/><AGARI ba="0,2" hai="9,10,11,12,18,23,134,135" m="31039,48682" machi="10" ten="30,1500,0" yaku="18,1" doraHai="61" who="3" fromWho="1" sc="181,0,302,-15,196,0,301,35" /><AGARI ba="0,0" hai="2,6,10,28,31,48,52,55,56,57,63,86,91,93" machi="10" ten="40,2600,0" yaku="1,1,54,1,53,0" doraHai="61" doraHaiUra="121" who="0" fromWho="1" sc="181,26,287,-26,196,0,336,0" owari="207,-19.3,261,6.1,196,-30.4,336,43.6" /></mjloggm>