<mjloggm ver="2.3"><GO type="169" lobby="0"/><UN n0="%E6%BC%82%E3%81%86" n1="%6D%75%72%61%30%2B" n2="%E9%81%8A%E8%B5%B0" n3="%E3%83%A2%E3%82%A4%E3%83%92%E3%83%A3%E3%83%B3" dan="16,16,16,17" rate="2106.36,2123.84,2184.46,2173.53" sx="M,M,F,M"/><TAIKYOKU oya="0"/><INIT seed="0,0,0,4,5,120" ten="250,250,250,250" oya="0" hai0="117,43,50,115,62,0,35,66,4,46,81,75,56" hai1="53,114,22,21,111,70,135,118,126,131,58,33,82" hai2="106,74,97,102,134,20,31,104,127,1,36,128,112" hai3="25,132,48,107,92,54,67,122,2,121,16,80,51"/><T30/><D115/><U129/><E33/><V32/><RYUUKYOKU type="yao9" ba="0,0" sc="250,0,250,0,250,0,250,0" hai2="1,20,31,32,36,74,97,102,104,106,112,127,128,134" /><INIT seed="0,1,0,0,4,1" ten="250,250,250,250" oya="0" hai0="68,15,17,114,10,91,46,92,95,43,20,132,36" hai1="111,100,26,25,54,102,77,87,134,124,7,9,11" hai2="106,126,129,123,48,116,27,50,75,83,99,32,22" hai3="71,93,128,45,37,127,59,13,62,113,44,118,19"/><T63/><D114/><U103/><E111/><V30/><F123/><W64/><G113/><T84/><D132/><U12/><E124/><V4/><F116/><W122/><G118/><T76/><D76/><U14/><E134/><V38/><F126/><W109/><G127/><T81/><D68/><U104/><E104/><V60/><F38/><W90/><G109/><T119/><D119/><U47/><E47/><V130/><F60/><W107/><G107/><T79/><D63/><U101/><N who="1" m="25600" /><DORA hai="125" /><U0/><E54/><V120/><F120/><W24/><G24/><T2/><REACH who="0" step="1"/><D79/><REACH who="0" ten="240,250,250,250" step="2"/><U56/><E77/><V6/><F106/><W33/><G71/><T85/><D85/><U21/><E87/><V23/><F99/><W69/><G69/><T57/><D57/><U89/><E56/><V29/><F75/><W73/><G73/><T34/><D34/><U42/><E89/><V31/><F32/><W65/><G33/><T72/><D72/><U8/><E0/><V117/><F117/><W28/><G59/><T78/><D78/><U53/><E7/><AGARI ba="1,1" hai="2,7,10,15,17,20,36,43,46,81,84,91,92,95" machi="7" ten="40,12000,1" yaku="1,1,52,1,53,2" doraHai="1,125" doraHaiUra="39,82" who="0" fromWho="1" sc="240,133,250,-123,250,0,250,0" /><INIT seed="0,2,0,0,1,102" ten="373,127,250,250" oya="0" hai0="75,126,34,15,72,0,33,108,98,117,55,74,26" hai1="77,86,66,36,101,80,54,70,118,8,35,87,125" hai2="81,114,40,3,20,13,89,14,22,110,127,59,58" hai3="92,93,45,19,21,9,57,103,43,132,29,47,79"/><T27/><D117/><U73/><E118/><V100/><F3/><W1/><G132/><T122/><D0/><U109/><E35/><V83/><F114/><W131/><G131/><T116/><D116/><U78/><E36/><V65/><F40/><W112/><G112/><T61/><D122/><U82/><E70/><V129/><F110/><W64/><G79/><T85/><D34/><U24/><E24/><V7/><F100/><W37/><G103/><T97/><D126/><U32/><E32/><V134/><F134/><W130/><G29/><T67/><D55/><U4/><E66/><V6/><F89/><W113/><G47/><T5/><D85/><U17/><E17/><V69/><F65/><W2/><G113/><T88/><D108/><U38/><E38/><V99/><F99/><W84/><G130/><T71/><D33/><U28/><E28/><V120/><F129/><W121/><G121/><T11/><REACH who="0" step="1"/><D97/><REACH who="0" ten="363,127,250,250" step="2"/><U106/><E109/><V44/><F127/><W50/><G84/><T25/><D25/><U111/><E111/><V30/><F120/><W39/><G2/><T76/><D76/><U91/><E54/><V56/><F14/><W63/><G1/><T18/><D18/><U42/><E125/><V31/><F13/><W10/><G19/><T105/><D105/><U94/><E42/><V53/><F30/><W62/><G43/><T107/><D107/><U46/><E87/><V128/><F31/><W123/><G123/><T90/><D90/><U96/><E78/><V119/><F128/><W133/><G133/><T95/><AGARI ba="2,1" hai="5,11,15,26,27,61,67,71,72,74,75,88,95,98" machi="95" ten="40,7800,0" yaku="1,1,0,1,54,1,53,0" doraHai="102" doraHaiUra="49" who="0" fromWho="0" sc="363,94,127,-28,250,-28,250,-28" /><INIT seed="0,3,0,2,0,116" ten="457,99,222,222" oya="0" hai0="115,96,67,108,72,117,56,64,3,22,81,15,10" hai1="113,4,29,28,131,57,19,132,34,42,93,45,122" hai2="89,129,107,25,20,6,112,110,39,87,23,134,14" hai3="52,12,55,2,5,58,49,16,36,101,33,51,63"/><T114/><D117/><U73/><E73/><V102/><F112/><W30/><G36/><T123/><D123/><U54/><E113/><V69/><F110/><W70/><G2/><T92/><D114/><U75/><E75/><V27/><F39/><W128/><G128/><T105/><D105/><U76/><E76/><V71/><F129/><W46/><G5/><T84/><D72/><U119/><E119/><V13/><F134/><W99/><G33/><T41/><D115/><U124/><E132/><V109/><F109/><W97/><G30/><T88/><D3/><U62/><E124/><V61/><F102/><W106/><G99/><T133/><D133/><U53/><E131/><V104/><F87/><W37/><G37/><T26/><D41/><U40/><E4/><V32/><F6/><W100/><G100/><T68/><D68/><U38/><E42/><V48/><F48/><W7/><G7/><N who="0" m="3551" /><D56/><U135/><E135/><V130/><F130/><W98/><G98/><T50/><D50/><U90/><E34/><V127/><F89/><W79/><G79/><N who="0" m="46143" /><D108/><U126/><E126/><V91/><F91/><W8/><G70/><T43/><D43/><U11/><E122/><V78/><F32/><W31/><G31/><AGARI ba="3,0" hai="22,26,31,64,67,88,92,96" m="46143,3551" machi="31" ten="30,2900,0" yaku="8,1,54,1" doraHai="116" who="0" fromWho="3" sc="457,38,99,0,222,0,222,-38" /><INIT seed="0,4,0,4,4,79" ten="495,99,222,184" oya="0" hai0="119,25,12,16,8,4,73,83,58,129,98,69,38" hai1="0,45,78,118,18,29,90,113,116,120,35,94,11" hai2="50,68,20,127,114,42,99,91,71,10,65,115,123" hai3="3,46,67,2,132,21,37,54,52,102,22,74,110"/><T108/><D119/><U7/><E120/><V13/><F123/><W43/><G110/><T131/><D69/><U125/><E125/><V106/><F127/><W70/><G132/><T75/><D38/><U53/><E113/><V133/><F20/><W5/><G74/><T26/><D108/><U32/><E32/><V9/><F133/><W40/><G102/><T135/><D135/><U60/><E78/><V85/><F9/><W109/><G109/><T134/><D134/><U88/><E90/><V82/><F50/><W41/><G41/><T28/><D98/><U89/><E89/><V33/><F42/><W100/><G100/><T104/><D104/><U34/><E18/><V126/><F33/><W27/><G70/><T122/><D122/><U112/><E35/><V14/><F126/><W81/><G67/><T55/><D4/><U101/><E101/><V51/><F51/><W31/><G40/><T124/><D75/><U19/><E19/><V56/><F56/><W62/><G62/><N who="0" m="36191" /><D124/><U39/><E112/><V77/><F14/><W130/><G130/><N who="0" m="49675" /><D28/><U24/><E39/><V111/><F111/><W15/><G3/><T1/><D1/><U49/><REACH who="1" step="1"/><E60/><REACH who="1" ten="495,89,222,184" step="2"/><N who="2" m="39975" /><F106/><W23/><G37/><T72/><D72/><U61/><E61/><V93/><F71/><W128/><G128/><T17/><D17/><U44/><E44/><V59/><F59/><W57/><G57/><T30/><D30/><U107/><E107/><V76/><F76/><AGARI ba="4,1" hai="8,12,16,25,26,73,76,83" m="49675,36191" machi="76" ten="30,5800,0" yaku="19,1,52,1,54,1" doraHai="79" who="0" fromWho="2" sc="495,80,89,0,222,-70,184,0" /><INIT seed="0,5,0,3,5,24" ten="575,89,152,184" oya="0" hai0="54,129,10,51,0,112,101,83,124,4,76,65,14" hai1="3,106,32,68,13,130,119,31,27,18,46,45,11" hai2="85,55,131,103,122,93,35,84,110,86,47,57,17" hai3="117,62,23,109,80,2,108,12,89,6,30,28,7"/><T134/><D112/><U97/><E130/><V90/><F122/><W92/><G117/><T98/><D129/><U116/><E68/><V59/><F131/><W15/><G2/><T61/><D134/><U102/><E46/><V44/><F35/><W121/><G121/><T60/><D0/><U82/><E82/><V87/><F110/><N who="3" m="42603" /><G80/><T128/><D124/><U125/><E125/><V66/><F103/><W118/><G118/><T115/><D115/><U8/><REACH who="1" step="1"/><E45/><REACH who="1" ten="575,79,152,184" step="2"/><V100/><F100/><W127/><G127/><T111/><D111/><U132/><E132/><V42/><F42/><W113/><G113/><T48/><D128/><U21/><E21/><V81/><F81/><W88/><G23/><T38/><D83/><U41/><E41/><V123/><F123/><W49/><G62/><T52/><D76/><U9/><E9/><V56/><F66/><W135/><G135/><T70/><D61/><U16/><E16/><V105/><F55/><W64/><G64/><T71/><D71/><U1/><E1/><V29/><F105/><W79/><G79/><T126/><D126/><U107/><E107/><V34/><REACH who="2" step="1"/><F17/><REACH who="2" ten="575,79,142,184" step="2"/><W120/><G120/><T26/><D54/><U94/><E94/><V53/><F53/><W50/><G92/><N who="0" m="58567" /><D52/><U91/><E91/><V37/><F37/><W43/><G89/><T25/><D38/><U20/><E20/><V78/><F78/><W33/><G88/><T63/><D63/><U5/><AGARI ba="5,2" hai="3,5,8,11,13,18,27,31,32,97,102,106,116,119" machi="5" ten="30,7900,0" yaku="1,1,0,1,52,1,53,1" doraHai="24" doraHaiUra="96" who="1" fromWho="1" sc="575,-44,79,114,142,-25,184,-25" /><INIT seed="1,0,0,2,5,64" ten="531,193,117,159" oya="1" hai0="31,60,99,84,23,24,52,2,35,25,65,11,40" hai1="47,1,34,91,101,94,133,26,86,36,128,123,135" hai2="88,80,37,83,43,27,90,3,55,95,22,102,131" hai3="117,5,89,32,59,107,0,62,78,103,46,41,19"/><U67/><E123/><V72/><F131/><W66/><G117/><T111/><D111/><U16/><E128/><V45/><F3/><W97/><G32/><T39/><D39/><U119/><E119/><V18/><F55/><W121/><G121/><T104/><D40/><U118/><E118/><V125/><F125/><W7/><G78/><T15/><D84/><U75/><E75/><V76/><REACH who="2" step="1"/><F80/><REACH who="2" ten="531,193,107,159" step="2"/><W132/><G0/><T108/><D52/><U58/><E1/><V63/><F63/><W17/><G62/><T122/><D122/><U110/><E110/><V71/><F71/><W51/><G41/><T12/><D108/><U113/><E135/><V6/><F6/><W93/><G7/><T48/><D2/><U68/><E133/><V126/><F126/><W8/><G132/><T81/><D81/><U127/><E68/><V114/><F114/><W134/><G134/><T10/><D60/><U116/><E116/><V4/><F4/><W56/><G5/><T44/><D65/><U33/><E67/><V100/><F100/><W115/><G115/><T14/><D10/><U57/><E113/><V70/><F70/><W85/><G8/><T74/><D11/><U106/><E127/><V124/><F124/><W9/><G9/><T53/><D53/><U28/><E101/><V38/><F38/><W30/><G66/><T130/><D130/><U77/><E36/><V61/><F61/><W50/><G103/><N who="0" m="62591" /><D48/><U112/><E112/><V82/><F82/><W20/><G51/><T79/><D44/><U92/><E47/><V69/><F69/><W120/><G46/><RYUUKYOKU ba="0,1" sc="531,-10,193,-10,107,30,159,-10" hai2="18,22,27,37,43,45,72,76,83,88,90,95,102" /><INIT seed="2,1,1,2,5,106" ten="521,183,137,149" oya="2" hai0="58,36,93,4,117,114,82,119,18,97,108,1,0" hai1="80,77,2,60,14,98,29,26,56,49,101,116,66" hai2="89,70,73,81,134,20,41,120,86,131,23,100,99" hai3="79,68,75,64,17,43,50,45,39,19,107,74,69"/><V133/><F70/><W124/><G107/><T135/><D108/><U30/><E2/><V42/><F120/><W103/><G103/><T129/><D114/><U57/><E116/><N who="0" m="44617" /><D36/><U51/><E14/><V53/><F53/><W87/><G124/><T5/><D135/><N who="2" m="51722" /><F131/><W65/><G39/><T96/><D129/><U122/><E122/><V34/><F34/><W52/><G43/><N who="2" m="16393" /><F73/><W25/><G87/><T31/><D1/><U128/><E57/><V104/><AGARI ba="1,1" hai="20,23,81,86,89,99,100,104" m="16393,51722" machi="104" ten="30,1500,0" yaku="20,1" doraHai="106" who="2" fromWho="2" sc="521,-6,183,-6,137,28,149,-6" /><INIT seed="2,2,0,5,2,95" ten="515,177,165,143" oya="2" hai0="93,75,124,20,110,86,11,44,28,85,117,73,14" hai1="123,54,66,126,81,53,84,60,10,32,6,29,43" hai2="98,78,19,103,27,102,56,122,132,97,22,115,74" hai3="37,62,55,88,83,4,104,45,21,12,91,96,133"/><V5/><F122/><W7/><G133/><T13/><D110/><U16/><E126/><V125/><F115/><W23/><G37/><T119/><D124/><U68/><E43/><V72/><F125/><W33/><G33/><T47/><D28/><U109/><E109/><V90/><F132/><W1/><G1/><T135/><D20/><U129/><E129/><V127/><F127/><W58/><G104/><T114/><D135/><U57/><E68/><V89/><F5/><W111/><G111/><T50/><D114/><U70/><E70/><V63/><F74/><N who="0" m="28170" /><D93/><U36/><E36/><V40/><F40/><W64/><G83/><T42/><D47/><U113/><E113/><V65/><F78/><W134/><G134/><T79/><D14/><U38/><E38/><V61/><F61/><W107/><G107/><T31/><D31/><U69/><E69/><V82/><F72/><W71/><G71/><T99/><D99/><N who="2" m="37898" /><F82/><W0/><G0/><T112/><D112/><U18/><E6/><V131/><F131/><W49/><G7/><N who="0" m="3327" /><D86/><U106/><E60/><V8/><F8/><N who="3" m="4103" /><G91/><AGARI ba="2,0" hai="19,22,27,56,63,65,89,90,91,102,103" m="37898" machi="91" ten="30,11600,0" yaku="8,1,52,3" doraHai="95" who="2" fromWho="3" sc="515,0,177,0,165,122,143,-122" /><INIT seed="2,3,0,0,2,93" ten="515,177,287,21" oya="2" hai0="64,119,107,71,16,22,102,60,129,56,41,115,85" hai1="14,28,49,25,123,132,54,2,91,11,0,76,20" hai2="111,130,108,79,106,86,121,31,36,109,65,1,34" hai3="12,73,116,5,42,105,89,117,110,13,135,57,38"/><V62/><F121/><W43/><G73/><T61/><D115/><U24/><E132/><V52/><F1/><W37/><G105/><T69/><D41/><U6/><E123/><V51/><F36/><W17/><G135/><T97/><D129/><U23/><E76/><V53/><F106/><W48/><G110/><T40/><D119/><U66/><E66/><V72/><F72/><W124/><G124/><T77/><D77/><U4/><BYE who="0" /><E91/><V88/><F79/><W114/><G114/><T26/><D26/><U70/><E70/><N who="2" m="42295" /><F130/><W118/><G89/><UN n0="%E6%BC%82%E3%81%86" /><T90/><D40/><U112/><E112/><V125/><F125/><W29/><G29/><T50/><D50/><U133/><E133/><V113/><F113/><W63/><G5/><N who="1" m="2154" /><E54/><V83/><F51/><W120/><G120/><T9/><D9/><U126/><E49/><V95/><F83/><W127/><G127/><T30/><D61/><U58/><E58/><V104/><F104/><W15/><G17/><T68/><D30/><N who="1" m="17671" /><E126/><V21/><F34/><W122/><G122/><T44/><D44/><U92/><E92/><V98/><F86/><W96/><G48/><T18/><D85/><U19/><AGARI ba="3,0" hai="0,2,11,14,19,23,25,28" m="17671,2154" machi="19" ten="30,8000,1" yaku="35,5" doraHai="93" who="1" fromWho="1" sc="515,-23,177,89,287,-43,21,-23" owari="492,59.2,266,6.6,244,-15.6,-2,-50.2" /></mjloggm>