<mjloggm ver="2.3"><GO type="169" lobby="0"/><UN n0="%65%6B%61%72%75%74%65" n1="%46%75%4B%61" n2="%67%2D%65%6E%6B%69" n3="%E3%83%80%E3%83%95%E3%83%88%E3%83%91%E3%83%B3%E3%83%84" dan="16,16,16,17" rate="2158.13,2082.16,2096.70,2180.86" sx="M,M,M,M"/><TAIKYOKU oya="0"/><INIT seed="0,0,0,0,1,115" ten="250,250,250,250" oya="0" hai0="116,71,119,75,20,84,70,3,54,135,103,86,114" hai1="31,129,122,112,73,41,98,74,113,78,50,46,132" hai2="77,101,92,4,109,25,126,1,88,2,91,16,28" hai3="108,39,13,60,133,9,67,82,34,69,99,19,43"/><T93/><D114/><N who="1" m="44139" /><E122/><V40/><F109/><W57/><G34/><T123/><D123/><U127/><E127/><V45/><F126/><W65/><G108/><T5/><D75/><U90/><E31/><V14/><F77/><W102/><G133/><T32/><D32/><U0/><E132/><V80/><F101/><W85/><G43/><T12/><D135/><U42/><E129/><V124/><F80/><W51/><G39/><T48/><D71/><U89/><E42/><V97/><F4/><W11/><G51/><T59/><D70/><U27/><E27/><V38/><F91/><N who="1" m="34825" /><E0/><V7/><F7/><W36/><G36/><T111/><D111/><U125/><E125/><V29/><F124/><W58/><G65/><T8/><D86/><U49/><E98/><V44/><F29/><W120/><G9/><T81/><D93/><U63/><E50/><V106/><F106/><W30/><G30/><T24/><D103/><U33/><E33/><V47/><F2/><W83/><G120/><T105/><D105/><U68/><E78/><V18/><F1/><W96/><G96/><T6/><D5/><U118/><E118/><V52/><F28/><W94/><REACH who="3" step="1"/><G82/><REACH who="3" ten="250,250,250,240" step="2"/><T17/><REACH who="0" step="1"/><D3/><REACH who="0" ten="240,250,250,240" step="2"/><U26/><E26/><V87/><F38/><W134/><G134/><T72/><D72/><U10/><E74/><V35/><F35/><W100/><G100/><T130/><D130/><U121/><E73/><V37/><F97/><W53/><G53/><T23/><D23/><U76/><E121/><V64/><F52/><W104/><G104/><T62/><D62/><U95/><E63/><RYUUKYOKU ba="0,2" sc="240,15,250,-15,250,-15,240,15" hai0="6,8,12,17,20,24,48,54,59,81,84,116,119" hai3="11,13,19,57,58,60,67,69,83,85,94,99,102" /><INIT seed="0,1,2,0,3,29" ten="255,235,235,255" oya="0" hai0="68,48,133,42,49,40,43,134,21,60,129,104,24" hai1="121,32,73,99,127,131,56,117,10,9,62,66,63" hai2="18,6,88,26,39,38,59,101,70,50,132,126,19" hai3="36,107,135,22,90,119,15,116,58,79,118,94,102"/><T20/><D104/><U91/><E121/><V34/><F70/><W69/><G36/><T27/><D60/><U87/><E117/><V23/><F101/><W109/><G69/><T45/><D68/><U67/><E131/><V28/><F6/><W30/><G109/><T76/><D76/><U103/><E73/><V33/><F126/><W112/><G135/><T16/><D129/><U100/><E127/><V97/><F132/><N who="0" m="50794" /><D45/><U35/><E56/><V78/><F78/><W12/><G112/><T120/><D120/><U113/><E91/><V77/><F77/><W110/><G79/><T74/><D74/><U55/><E55/><V122/><F122/><W125/><G125/><T65/><D65/><U11/><E87/><V17/><F39/><W81/><G107/><T1/><D1/><U92/><E113/><V25/><F38/><W115/><G115/><T54/><D54/><U4/><E4/><V61/><F50/><W75/><G75/><T7/><D7/><U98/><E11/><V3/><F3/><W2/><G2/><T31/><AGARI ba="1,2" hai="16,20,21,24,27,31,40,42,43,48,49" m="50794" machi="31" ten="30,3000,0" yaku="20,1,54,1" doraHai="29" who="0" fromWho="0" sc="255,53,235,-11,235,-11,255,-11" /><INIT seed="0,2,0,1,0,42" ten="308,224,224,244" oya="0" hai0="87,61,56,73,60,94,16,30,116,41,25,118,75" hai1="64,78,68,74,90,38,21,115,45,17,6,35,109" hai2="69,126,105,107,110,132,125,92,5,13,15,52,55" hai3="100,40,65,53,37,95,54,80,43,97,123,14,86"/><T70/><D75/><U34/><E109/><V82/><F69/><W93/><G123/><T99/><D73/><U12/><E115/><V103/><F110/><W63/><G95/><T8/><D87/><U91/><E68/><V19/><F92/><W124/><G124/><T72/><D72/><U98/><E64/><V129/><F5/><W102/><G102/><T47/><D61/><U130/><E130/><V11/><F129/><W36/><G36/><T88/><D70/><U67/><E67/><V71/><F71/><W128/><G128/><T28/><D28/><U27/><E98/><V96/><F82/><W32/><G32/><T114/><D114/><U121/><E78/><V66/><F66/><W9/><G40/><T89/><D89/><U18/><E38/><V49/><F15/><W119/><G63/><T22/><D8/><U3/><E74/><V10/><F55/><W85/><G65/><T50/><D30/><U79/><E79/><V76/><F76/><N who="3" m="46215" /><G86/><T24/><D25/><U29/><E34/><V1/><F107/><W31/><G31/><T108/><D108/><U127/><E18/><V46/><F1/><W131/><G131/><T57/><D57/><U51/><E127/><N who="2" m="48651" /><F11/><W62/><G119/><T134/><D134/><AGARI ba="2,0" hai="10,13,19,46,49,52,96,103,105,132,134" m="48651" machi="134" ten="30,3900,0" yaku="18,1,52,1,54,1" doraHai="42" who="2" fromWho="0" sc="308,-45,224,0,224,45,244,0" /><INIT seed="1,0,0,2,1,36" ten="263,224,269,244" oya="1" hai0="104,69,62,81,132,96,120,31,107,43,42,108,9" hai1="11,110,90,72,5,118,128,86,115,134,100,63,125" hai2="105,85,78,113,23,93,67,28,26,35,70,129,79" hai3="130,27,91,53,121,54,76,99,88,71,97,21,87"/><U98/><E118/><V25/><F129/><W123/><G71/><T127/><D31/><U52/><E128/><V116/><F116/><W6/><G130/><T60/><D9/><U49/><E115/><V37/><F105/><N who="0" m="40522" /><D96/><N who="3" m="36937" /><G6/><T50/><D50/><U33/><E33/><V103/><F113/><W15/><G15/><T57/><D81/><U64/><E72/><V73/><F103/><W83/><G121/><T135/><D108/><U32/><E32/><V10/><F73/><W65/><G65/><N who="0" m="41127" /><D127/><U34/><E34/><V94/><F10/><W3/><G3/><T12/><D12/><N who="1" m="5231" /><E125/><V1/><F1/><W13/><G13/><T7/><D7/><U92/><E110/><V47/><F67/><W122/><G123/><T102/><D102/><U109/><E109/><V19/><F70/><W111/><G122/><T55/><D120/><U106/><E63/><V45/><F45/><W75/><G75/><T2/><D2/><U101/><E64/><V66/><F66/><W18/><G111/><T38/><D38/><U8/><E8/><V44/><F44/><W20/><G20/><T46/><D46/><N who="1" m="27703" /><E106/><V40/><REACH who="2" step="1"/><F94/><REACH who="2" ten="263,224,259,244" step="2"/><W41/><G83/><T82/><D82/><N who="1" m="49495" /><E101/><V112/><F112/><W61/><G76/><T117/><D117/><U0/><E0/><V22/><F22/><W48/><G21/><T29/><D29/><U4/><E4/><V51/><F51/><W126/><G48/><T124/><D124/><U16/><E16/><V68/><F68/><W56/><G18/><T80/><D80/><U30/><E30/><V59/><F59/><N who="3" m="35055" /><G126/><T58/><D57/><RYUUKYOKU ba="0,1" sc="263,10,224,10,259,10,244,-30" hai0="42,43,55,58,62,132,135" hai1="92,98,100,134" hai2="19,23,25,26,28,35,37,40,47,78,79,85,93" /><INIT seed="1,1,1,5,4,73" ten="273,234,269,214" oya="1" hai0="87,44,58,30,112,0,31,84,63,45,110,116,99" hai1="55,36,79,77,51,47,86,74,29,131,124,69,105" hai2="20,70,91,5,49,42,127,82,122,75,115,78,14" hai3="132,102,17,24,34,37,135,25,119,83,109,123,88"/><U3/><E3/><V125/><F122/><W50/><G123/><T90/><D0/><U134/><E105/><V46/><F70/><W113/><G37/><T2/><D2/><U57/><E131/><V107/><F107/><W114/><G102/><T62/><D110/><U93/><E134/><N who="3" m="51242" /><G119/><T21/><D116/><U7/><E7/><V85/><F115/><N who="3" m="44043" /><G109/><T16/><D112/><U15/><E124/><V13/><F20/><N who="3" m="13327" /><G50/><T6/><D6/><U126/><E126/><N who="2" m="48139" /><F5/><W64/><G64/><T129/><D129/><U54/><E69/><V130/><F130/><W40/><G40/><T89/><D99/><U27/><E36/><V26/><F26/><W128/><G128/><T65/><D31/><U33/><E15/><V22/><F22/><W94/><G83/><AGARI ba="1,1" hai="13,14,42,46,49,75,78,82,83,85,91" m="48139" machi="83" ten="30,2000,0" yaku="18,1,52,1" doraHai="73" who="2" fromWho="3" sc="273,0,234,0,269,33,214,-23" /><INIT seed="2,0,0,5,0,91" ten="273,234,302,191" oya="2" hai0="67,113,116,14,9,56,93,120,121,37,75,2,90" hai1="17,46,27,92,78,12,131,84,97,63,95,111,38" hai2="44,33,32,87,35,106,71,30,81,80,128,109,72" hai3="103,23,105,50,22,39,68,18,129,114,79,53,48"/><V74/><F106/><W31/><G39/><T102/><D113/><U66/><E131/><V89/><F71/><W57/><G129/><T98/><D116/><U36/><E111/><V117/><F128/><W16/><G114/><T135/><D2/><U7/><E7/><V45/><F30/><W8/><G68/><T122/><D135/><U10/><E27/><V101/><F101/><W69/><G69/><T62/><D37/><U83/><E46/><V54/><F117/><W64/><G64/><T1/><D1/><U112/><E112/><V29/><F29/><W100/><G79/><T124/><D75/><U119/><E119/><V76/><F109/><W61/><G31/><T60/><D60/><U123/><E123/><V65/><F65/><W115/><G115/><T28/><D28/><U25/><E25/><V19/><F74/><W85/><G8/><T130/><D130/><U104/><E104/><V40/><F54/><W15/><G85/><T55/><D67/><U0/><E0/><V70/><F70/><W4/><G4/><T133/><D133/><U52/><E66/><V77/><F77/><W82/><G82/><T118/><D118/><U3/><E3/><V107/><F107/><W99/><REACH who="3" step="1"/><G100/><REACH who="3" ten="273,234,302,181" step="2"/><T43/><D102/><U88/><REACH who="1" step="1"/><E95/><REACH who="1" ten="273,224,302,181" step="2"/><V21/><REACH who="2" step="1"/><F40/><REACH who="2" ten="273,224,292,181" step="2"/><W134/><G134/><T11/><D43/><U108/><E108/><V49/><F49/><W126/><G126/><T96/><D124/><U41/><E41/><V110/><F110/><W13/><AGARI ba="0,3" hai="13,15,16,18,22,23,48,50,53,57,61,99,103,105" machi="13" ten="20,8000,1" yaku="1,1,0,1,7,1,9,1,54,1,53,0" doraHai="91" doraHaiUra="5" who="3" fromWho="3" sc="273,-20,224,-20,292,-40,181,110" /><INIT seed="3,0,0,2,5,72" ten="253,204,252,291" oya="3" hai0="68,37,51,98,16,19,18,94,8,59,105,21,125" hai1="43,41,67,93,84,131,113,22,52,7,76,53,66" hai2="27,99,50,88,14,117,100,77,126,109,54,35,115" hai3="80,71,34,44,69,62,128,96,61,47,118,9,97"/><W75/><G118/><T1/><D37/><U92/><E131/><V85/><F109/><W13/><G128/><T48/><D68/><U36/><E36/><V65/><F117/><W33/><G80/><T91/><D125/><U82/><E113/><V106/><F126/><W132/><G13/><T74/><D74/><U49/><E7/><V114/><F65/><N who="1" m="24585" /><E22/><V90/><F14/><W0/><G75/><T121/><D121/><U30/><E30/><V26/><F77/><W29/><G29/><T124/><D124/><U31/><E31/><V40/><F40/><N who="1" m="15433" /><E53/><V110/><F110/><W122/><G9/><T102/><D59/><AGARI ba="0,0" hai="49,52,59,76,82,84,92,93" m="15433,24585" machi="59" ten="30,3900,0" yaku="8,1,52,1,54,1" doraHai="72" who="1" fromWho="0" sc="253,-39,204,39,252,0,291,0" /><INIT seed="4,0,0,2,3,90" ten="214,243,252,291" oya="0" hai0="43,130,53,88,110,79,4,47,25,61,123,9,118" hai1="91,122,121,41,0,134,92,76,7,8,37,117,135" hai2="30,38,11,64,82,94,78,57,97,50,63,67,84" hai3="74,22,95,49,52,133,60,19,99,36,62,129,56"/><T40/><D118/><U72/><E117/><V93/><F38/><W10/><G133/><N who="1" m="50698" /><E76/><V46/><F67/><W31/><G129/><T58/><D130/><U87/><E72/><V102/><F30/><W20/><G74/><T131/><D131/><U125/><E125/><V115/><F115/><W80/><G80/><T65/><D123/><U66/><E66/><V116/><F116/><W69/><G69/><T24/><D79/><U104/><E104/><V55/><REACH who="2" step="1"/><F11/><REACH who="2" ten="214,243,242,291" step="2"/><W12/><G36/><T5/><D110/><U128/><E128/><V18/><F18/><W114/><G114/><T28/><D65/><U45/><AGARI ba="0,1" hai="0,7,8,37,41,45,87,91,92,121,122" m="50698" machi="45" ten="30,2000,0" yaku="20,1,52,1" doraHai="90" who="1" fromWho="1" sc="214,-10,243,30,242,-5,291,-5" /><INIT seed="5,0,0,5,5,85" ten="204,273,237,286" oya="1" hai0="106,46,127,2,118,36,104,35,114,22,64,124,67" hai1="80,71,97,55,68,56,98,115,48,119,84,121,111" hai2="88,11,107,34,79,29,62,78,54,30,120,132,77" hai3="90,60,1,20,8,5,7,82,52,57,89,6,61"/><U76/><E119/><V37/><F120/><W94/><G60/><T41/><D118/><U110/><E121/><V12/><F107/><N who="0" m="41002" /><D35/><U117/><E117/><V99/><F37/><W49/><G82/><T15/><D2/><U28/><E115/><V25/><F132/><W38/><G38/><T96/><D114/><U108/><E28/><V4/><F30/><W112/><G112/><T3/><D3/><U27/><E27/><V65/><F54/><W33/><G33/><T100/><D15/><U126/><E126/><N who="0" m="48169" /><D22/><U69/><AGARI ba="0,0" hai="48,55,56,68,69,71,76,80,84,97,98,108,110,111" machi="69" ten="40,3900,0" yaku="0,1,10,1" doraHai="85" who="1" fromWho="1" sc="204,-13,273,39,237,-13,286,-13" /><INIT seed="5,1,0,4,4,18" ten="191,312,224,273" oya="1" hai0="95,74,37,0,4,50,68,109,45,15,97,76,42" hai1="121,62,73,112,78,110,92,96,116,57,104,20,101" hai2="31,39,69,24,100,70,17,80,60,86,98,82,51" hai3="133,41,120,103,107,113,29,55,22,16,35,53,125"/><U111/><E116/><V44/><F39/><W38/><G120/><T21/><D109/><N who="1" m="41483" /><E121/><V46/><F17/><W88/><G113/><T114/><D68/><U64/><E112/><V9/><F9/><W134/><G125/><T130/><D130/><U84/><E73/><V128/><F128/><W13/><G38/><T11/><D114/><U132/><E132/><N who="3" m="50794" /><G41/><T52/><D74/><U10/><E10/><V27/><F60/><W115/><G115/><T122/><D76/><U1/><E1/><V25/><F31/><W83/><G103/><T129/><D129/><U23/><E92/><V36/><F36/><W127/><G107/><T12/><D21/><U49/><E49/><V87/><F27/><N who="3" m="18879" /><G127/><T94/><D94/><U34/><E34/><V48/><REACH who="2" step="1"/><F100/><REACH who="2" ten="191,312,214,273" step="2"/><W118/><G118/><T28/><D28/><U85/><E85/><AGARI ba="1,1" hai="13,16,22,53,55,83,85,88" m="18879,50794" machi="85" ten="30,7700,0" yaku="20,1,52,1,54,2" doraHai="18" who="3" fromWho="1" sc="191,0,312,-80,214,0,273,90" /><INIT seed="6,0,0,0,0,81" ten="191,232,214,363" oya="2" hai0="109,12,134,36,72,126,26,4,40,90,116,20,123" hai1="45,129,66,49,15,35,106,94,43,121,79,46,78" hai2="3,54,34,88,57,38,132,5,95,130,39,119,9" hai3="21,10,122,14,23,83,56,92,31,53,69,47,17"/><V50/><F132/><W96/><G122/><T128/><D123/><U84/><E106/><V19/><F130/><W22/><G69/><T131/><D109/><U75/><E121/><V18/><F119/><W52/><G83/><T44/><D116/><U125/><E125/><V59/><F34/><W133/><G133/><T110/><D110/><U29/><E129/><V67/><F67/><W71/><G71/><T118/><D118/><U27/><E66/><V32/><F32/><W97/><G31/><T112/><D134/><U48/><E75/><V91/><F91/><W33/><G33/><T0/><D126/><U127/><E15/><V117/><F59/><W41/><G53/><T74/><D0/><U82/><E127/><V30/><F30/><W76/><G76/><T115/><D12/><U28/><E28/><V105/><F105/><W99/><G47/><T89/><D4/><U102/><E94/><V63/><F63/><N who="3" m="36231" /><G41/><T111/><D74/><U2/><E2/><V64/><F64/><W80/><G80/><T16/><D72/><U70/><E70/><V42/><F117/><W86/><G86/><T24/><D111/><U51/><E78/><V103/><F103/><AGARI ba="0,0" hai="10,14,17,21,22,23,92,96,97,99,103" m="36231" machi="103" ten="30,2000,0" yaku="8,1,54,1" doraHai="81" who="3" fromWho="2" sc="191,0,232,0,214,-20,363,20" /><INIT seed="7,0,0,3,5,27" ten="191,232,194,383" oya="3" hai0="46,116,56,49,84,114,88,112,124,111,41,31,28" hai1="54,10,34,1,131,21,122,94,133,83,93,50,115" hai2="82,102,30,15,2,90,23,64,18,37,57,40,80" hai3="127,51,129,119,13,134,126,108,11,87,3,12,79"/><W86/><G79/><T98/><D116/><U123/><E34/><V105/><F2/><W58/><G11/><T99/><D124/><U120/><E131/><V75/><F105/><W29/><G51/><T107/><D56/><U66/><E66/><V47/><F102/><W78/><G58/><T0/><D0/><U48/><E115/><N who="0" m="44073" /><D111/><U17/><E133/><V9/><F75/><W74/><G87/><T16/><D16/><U85/><E50/><V104/><F104/><W70/><G78/><T63/><D63/><U128/><E10/><V60/><REACH who="2" step="1"/><F90/><REACH who="2" ten="191,232,184,383" step="2"/><W62/><G3/><T8/><D8/><U22/><E1/><V39/><F39/><W35/><G119/><T95/><D99/><U110/><E110/><V24/><AGARI ba="0,1" hai="9,15,18,23,24,30,37,40,47,57,60,64,80,82" machi="24" ten="30,7900,0" yaku="1,1,0,1,52,1,53,1" doraHai="27" doraHaiUra="25" who="2" fromWho="2" sc="191,-20,232,-20,184,89,383,-39" owari="171,-32.9,212,-18.8,273,7.3,344,44.4" /></mjloggm>