<mjloggm ver="2.3"><GO type="169" lobby="0"/><UN n0="%6B%61%7A%72%73%61" n1="%E5%9D%8A%E3%82%84%E3%81%A1%E3%81%A4" n2="%E3%83%88%E3%82%B7%E3%83%95%E3%83%BC%E3%83%8B" n3="%E3%83%95%E3%82%AF%E3%83%80%E3%83%B3%E3%83%81%E3%83%A7" dan="16,16,16,16" rate="2017.70,2055.77,2137.51,2103.38" sx="M,M,M,M"/><TAIKYOKU oya="0"/><INIT seed="0,0,0,3,5,53" ten="250,250,250,250" oya="0" hai0="21,126,106,11,3,125,98,30,107,66,92,115,105" hai1="117,133,56,15,95,36,34,0,77,78,99,134,32" hai2="64,25,23,51,22,100,41,86,111,46,4,109,122" hai3="10,47,67,96,27,33,71,135,97,80,45,116,79"/><T113/><D66/><U123/><E123/><V1/><F122/><W42/><G135/><N who="1" m="51722" /><E0/><V114/><F114/><W108/><G108/><N who="2" m="41545" /><F100/><W44/><G42/><T131/><D131/><U29/><E36/><V38/><F64/><W121/><G10/><T130/><D130/><U72/><E117/><V24/><F86/><W13/><G13/><T19/><D30/><U132/><N who="1" m="51730" /><U52/><DORA hai="63" /><E15/><V124/><F124/><N who="0" m="47722" /><D11/><U48/><E29/><N who="2" m="17559" /><F1/><W73/><G116/><T120/><D3/><U39/><E39/><V103/><F103/><W58/><G71/><T68/><D68/><U119/><E119/><V17/><F4/><W35/><G121/><T14/><D120/><U9/><E9/><V54/><F38/><W57/><G67/><T8/><D8/><U65/><E65/><V110/><N who="2" m="41553" /><V85/><DORA hai="16" /><F85/><W40/><G40/><AGARI ba="0,0" hai="17,23,25,40,41,46,51,54" m="17559,41553" machi="40" ten="40,5200,0" yaku="14,1,52,2" doraHai="53,63,16" who="2" fromWho="3" sc="250,0,250,0,250,52,250,-52" /><INIT seed="1,0,0,4,2,82" ten="250,250,302,198" oya="1" hai0="10,102,72,59,87,127,45,25,109,89,77,22,31" hai1="80,34,135,46,44,92,130,19,54,49,70,134,58" hai2="98,66,106,90,104,3,101,33,105,122,56,116,78" hai3="108,16,65,86,62,6,7,36,68,126,73,50,63"/><U112/><E112/><V110/><F33/><W24/><G36/><T27/><D109/><U67/><E34/><V47/><F3/><W57/><G73/><T51/><D127/><U29/><E29/><V28/><F28/><W117/><G108/><T94/><D102/><U97/><E130/><V13/><F110/><W32/><G126/><T26/><D59/><U9/><E80/><V88/><F116/><W5/><G50/><T8/><D72/><U14/><E70/><V0/><F0/><W113/><G32/><T21/><D77/><U38/><E67/><V84/><F47/><W53/><G113/><T43/><REACH who="0" step="1"/><D27/><REACH who="0" ten="240,250,302,198" step="2"/><U61/><E38/><V17/><F78/><W40/><G117/><T71/><D71/><U91/><E61/><V128/><F128/><W37/><G37/><T120/><D120/><U121/><E121/><V111/><F122/><W74/><G74/><T18/><AGARI ba="0,1" hai="8,10,18,21,22,25,26,31,43,45,51,87,89,94" machi="18" ten="20,8000,1" yaku="1,1,0,1,7,1,8,1,52,1,53,0" doraHai="82" doraHaiUra="95" who="0" fromWho="0" sc="240,90,250,-40,302,-20,198,-20" /><INIT seed="2,0,0,1,2,27" ten="330,210,282,178" oya="2" hai0="102,126,116,94,129,91,35,125,57,60,34,19,42" hai1="46,131,62,37,41,1,59,76,114,51,49,87,20" hai2="31,65,0,12,113,124,103,67,9,117,132,70,112" hai3="24,81,55,28,123,92,88,100,66,22,118,98,38"/><V85/><F117/><W107/><G123/><T82/><D116/><U10/><E114/><V5/><F103/><W69/><G38/><T30/><D129/><U134/><E134/><V50/><F70/><W2/><G2/><T17/><D42/><U13/><E1/><V109/><F132/><W45/><G81/><T14/><D82/><U29/><E76/><V32/><F67/><W64/><G69/><T68/><D102/><U21/><E87/><V122/><F65/><W95/><G107/><T15/><D68/><U75/><E75/><V99/><F99/><N who="3" m="59495" /><G118/><T8/><D35/><U25/><E21/><V93/><F122/><W78/><G78/><T83/><D83/><U101/><E101/><V77/><F77/><W53/><G53/><T96/><D34/><U89/><E89/><V130/><F130/><W74/><G74/><T127/><D127/><U80/><E80/><V52/><F124/><W133/><G133/><T105/><D105/><U39/><E39/><V72/><F72/><W106/><G106/><T58/><D125/><U43/><E43/><V63/><F63/><W104/><G104/><T54/><D126/><U73/><E73/><V23/><F93/><W108/><G108/><T79/><D79/><U4/><E131/><V90/><F109/><W48/><AGARI ba="0,0" hai="22,24,28,45,48,55,64,66,88,95,98" m="59495" machi="48" ten="30,4000,0" yaku="8,1,52,1,54,1" doraHai="27" who="3" fromWho="3" sc="330,-10,210,-10,282,-20,178,40" /><INIT seed="3,0,0,2,2,48" ten="320,200,262,218" oya="3" hai0="134,58,59,9,120,89,88,45,84,46,66,6,44" hai1="114,26,91,97,130,27,38,33,43,94,76,57,82" hai2="19,125,65,63,14,98,50,32,29,13,11,129,78" hai3="42,49,105,127,10,53,60,37,1,77,124,4,119"/><W83/><G105/><T100/><D134/><U79/><E114/><V35/><F125/><N who="3" m="48203" /><G60/><T112/><D112/><U54/><E130/><V62/><F129/><W95/><G95/><T22/><D100/><U3/><E3/><V110/><F110/><W86/><G119/><T111/><D111/><U52/><E33/><V128/><F128/><W55/><G37/><T23/><D89/><U81/><E57/><V30/><F78/><N who="1" m="29737" /><E43/><V101/><F50/><W7/><G7/><T24/><D120/><U135/><E38/><V73/><F73/><W64/><G64/><T17/><D66/><U133/><E133/><V47/><F65/><W36/><G36/><T2/><REACH who="0" step="1"/><D23/><REACH who="0" ten="310,200,262,218" step="2"/><U61/><E135/><V34/><F32/><W102/><G102/><T40/><D40/><U107/><E107/><V106/><F35/><W39/><G39/><T104/><D104/><U115/><E115/><V71/><F34/><W113/><G113/><T99/><D99/><U67/><E67/><V18/><F71/><W103/><G103/><T80/><AGARI ba="0,1" hai="2,6,9,17,22,24,44,45,46,58,59,80,84,88" machi="80" ten="30,4000,0" yaku="1,1,0,1,54,1,53,0" doraHai="48" doraHaiUra="126" who="0" fromWho="0" sc="310,50,200,-10,262,-10,218,-20" /><INIT seed="4,0,0,0,4,73" ten="360,190,252,198" oya="0" hai0="19,66,127,98,104,57,7,27,77,79,64,43,133" hai1="134,94,14,13,12,52,25,70,48,41,32,75,63" hai2="61,87,101,1,100,51,85,20,114,117,92,60,120" hai3="93,39,118,21,102,53,31,76,126,11,44,30,72"/><T112/><D112/><U86/><E75/><V5/><F114/><W58/><G118/><T28/><D127/><U45/><E134/><V47/><F120/><W130/><G130/><T105/><D7/><U18/><E70/><V24/><F117/><W97/><G11/><T106/><D98/><U135/><E135/><V49/><F5/><W4/><G4/><T132/><D43/><U91/><E32/><V82/><F1/><W121/><G126/><T89/><D89/><U109/><E109/><V55/><F51/><W38/><G121/><T124/><D124/><U42/><E63/><N who="2" m="24139" /><F92/><W37/><G44/><T96/><D106/><U131/><REACH who="1" step="1"/><E131/><REACH who="1" ten="360,180,252,198" step="2"/><V46/><F46/><W15/><G72/><T33/><D132/><U107/><E107/><V80/><F101/><W65/><G102/><T17/><D105/><U22/><AGARI ba="0,1" hai="12,13,14,18,22,25,41,42,45,48,52,86,91,94" machi="22" ten="30,7900,0" yaku="1,1,0,1,8,1,54,1,53,0" doraHai="73" doraHaiUra="69" who="1" fromWho="1" sc="360,-39,180,89,252,-20,198,-20" /><INIT seed="5,0,0,2,5,121" ten="321,269,232,178" oya="1" hai0="18,115,70,67,82,118,48,22,89,69,131,101,2" hai1="49,63,95,25,8,62,24,78,15,100,17,36,117" hai2="96,20,124,93,132,120,94,46,6,72,27,85,88" hai3="73,39,113,99,23,31,122,91,108,59,13,1,90"/><U56/><E36/><V64/><F120/><W98/><G1/><T9/><D118/><U77/><E117/><V107/><F124/><W3/><G3/><T66/><D115/><U65/><E63/><V21/><F132/><W76/><G39/><T81/><D131/><U126/><E126/><V133/><F133/><W53/><G113/><T104/><D48/><U119/><E119/><V125/><F125/><W37/><G37/><T19/><D9/><U74/><E49/><V45/><F72/><W29/><G73/><T112/><D2/><U34/><E34/><V40/><F107/><W92/><G76/><N who="1" m="29290" /><E74/><V97/><F64/><W7/><G108/><T50/><D50/><U129/><E129/><V42/><F85/><W32/><G32/><T127/><D127/><U44/><E44/><V71/><F27/><N who="1" m="10313" /><E95/><V87/><F87/><W128/><G128/><T83/><D104/><U106/><E106/><V0/><F0/><W75/><G75/><T61/><D61/><U28/><E100/><V111/><F71/><W110/><G110/><T86/><D101/><U80/><E80/><V130/><F111/><W60/><G122/><T135/><D135/><U68/><E68/><V35/><F130/><W12/><G7/><T14/><D112/><U84/><E84/><V103/><F35/><W123/><G123/><T43/><D70/><U30/><AGARI ba="0,0" hai="8,15,17,28,30,56,62,65" m="10313,29290" machi="30" ten="30,1500,0" yaku="8,1" doraHai="121" who="1" fromWho="1" sc="321,-5,269,15,232,-5,178,-5" /><INIT seed="5,1,0,1,5,29" ten="316,284,227,173" oya="1" hai0="111,105,16,97,135,36,118,42,52,95,108,56,94" hai1="127,72,67,59,2,35,123,117,24,40,53,109,51" hai2="47,84,27,96,28,88,133,116,1,110,101,104,126" hai3="69,25,43,10,70,107,32,82,20,99,21,75,115"/><U54/><E123/><V74/><F110/><W68/><G115/><T45/><D118/><U98/><E72/><V13/><F1/><W17/><G43/><T58/><D105/><U38/><E2/><V124/><F116/><W0/><G21/><T60/><D135/><U11/><E109/><V79/><F133/><W71/><N who="3" m="17408" /><DORA hai="8" /><W93/><G107/><T30/><D30/><U49/><E67/><V100/><F100/><W125/><G125/><N who="2" m="48233" /><F47/><W48/><G48/><T64/><D95/><U12/><E117/><V15/><F79/><W77/><G0/><T41/><D41/><U128/><E40/><V18/><F18/><W57/><G57/><T73/><D16/><N who="1" m="8223" /><E38/><V46/><F46/><W39/><G10/><T89/><D73/><U66/><E66/><V90/><F74/><W14/><G25/><T5/><REACH who="0" step="1"/><D5/><REACH who="0" ten="306,284,227,173" step="2"/><U120/><E127/><V121/><F121/><W3/><G39/><T44/><D44/><U103/><E120/><V129/><F129/><W122/><G122/><T65/><D65/><U37/><E37/><V134/><F134/><W112/><G112/><T102/><D102/><U85/><E103/><V6/><F6/><W9/><G93/><T7/><D7/><U132/><E132/><V81/><F90/><W86/><G75/><T119/><D119/><U106/><E128/><V22/><AGARI ba="1,1" hai="13,15,22,27,28,81,84,88,96,101,104" m="48233" machi="22" ten="30,7900,0" yaku="18,1,52,2,54,1" doraHai="29,8" who="2" fromWho="2" sc="306,-21,284,-40,227,92,173,-21" /><INIT seed="6,0,0,0,1,65" ten="285,244,319,152" oya="2" hai0="87,135,34,38,115,69,116,91,82,61,119,51,118" hai1="36,12,37,78,132,3,103,101,93,84,83,50,96" hai2="25,94,100,105,80,125,4,129,114,26,98,88,66" hai3="124,133,48,19,131,47,40,46,74,42,113,76,89"/><V27/><F114/><W62/><G124/><T127/><D127/><U6/><E3/><V24/><F125/><W52/><G131/><T72/><D38/><U8/><E132/><V85/><F129/><W18/><G133/><T22/><D34/><U13/><E103/><V20/><F66/><W35/><G35/><T110/><D110/><U109/><E109/><V67/><F67/><W33/><G33/><T0/><D0/><U17/><REACH who="1" step="1"/><E50/><REACH who="1" ten="285,234,319,152" step="2"/><V99/><F4/><W68/><G113/><T112/><D135/><U102/><E102/><V104/><REACH who="2" step="1"/><F99/><REACH who="2" ten="285,234,309,152" step="2"/><W64/><G42/><T122/><D115/><U77/><E77/><V97/><F97/><W30/><G76/><T59/><D112/><U16/><E16/><AGARI ba="0,2" hai="16,20,24,25,26,27,80,85,88,94,98,100,104,105" machi="16" ten="40,7700,0" yaku="1,1,54,2,53,0" doraHai="65" doraHaiUra="54" who="2" fromWho="1" sc="285,0,234,-77,309,97,152,0" /><INIT seed="6,1,0,2,5,76" ten="285,157,406,152" oya="2" hai0="109,48,15,19,12,44,63,52,128,26,61,17,113" hai1="24,105,112,54,85,47,84,73,71,42,131,117,62" hai2="107,100,46,7,13,20,111,18,119,55,74,77,94" hai3="57,34,23,6,123,81,89,5,40,37,82,93,87"/><V103/><F119/><W60/><G34/><T116/><D109/><U56/><E117/><V25/><F111/><W41/><G123/><T16/><D113/><U14/><E73/><V72/><F107/><W33/><G33/><T106/><D106/><U132/><E105/><V67/><F67/><W115/><G115/><T30/><D128/><U121/><E121/><V43/><F55/><W53/><G37/><T50/><D50/><U110/><E110/><V75/><F94/><W8/><G23/><N who="0" m="15711" /><D116/><U130/><E112/><V125/><F125/><W91/><G91/><T22/><D19/><U21/><E71/><V101/><F7/><N who="3" m="2571" /><G8/><AGARI ba="1,0" hai="8,12,15,16,17,22,44,48,52,61,63" m="15711" machi="8" ten="30,3900,0" yaku="8,1,54,2" doraHai="76" who="0" fromWho="3" sc="285,42,157,0,406,0,152,-42" /><INIT seed="7,0,0,4,3,44" ten="327,157,406,110" oya="3" hai0="50,37,60,54,127,49,81,106,35,48,21,98,110" hai1="15,121,107,124,68,41,27,105,31,38,74,69,20" hai2="122,112,55,18,11,63,113,103,89,94,66,75,64" hai3="51,115,46,78,97,7,101,104,133,33,90,132,130"/><W16/><G115/><N who="2" m="44105" /><F75/><W65/><G33/><T8/><D35/><U26/><E121/><V45/><F103/><W47/><G65/><T102/><D37/><U3/><E124/><V111/><F111/><W13/><G7/><T28/><D110/><U4/><E3/><V79/><F79/><W114/><G130/><T91/><D8/><U30/><E74/><V52/><F45/><W0/><G0/><T6/><D6/><U92/><E41/><V117/><F66/><W43/><G78/><T58/><D127/><U32/><E38/><V125/><F117/><W56/><G56/><T118/><D118/><U131/><E131/><V128/><F128/><W36/><G90/><T24/><D91/><U135/><E135/><V120/><F125/><W93/><G104/><T96/><D96/><U123/><E123/><N who="2" m="47147" /><F18/><W9/><REACH who="3" step="1"/><G114/><REACH who="3" ten="327,157,406,100" step="2"/><T1/><D1/><U61/><E107/><V19/><F64/><W42/><AGARI ba="0,1" hai="9,13,16,36,42,43,46,47,51,93,97,101,132,133" machi="42" ten="30,12000,1" yaku="1,1,2,1,0,1,52,1,54,1,53,0" doraHai="44" doraHaiUra="109" who="3" fromWho="3" sc="327,-40,157,-40,406,-40,100,130" /><INIT seed="7,1,0,3,2,79" ten="287,117,366,230" oya="3" hai0="5,31,12,76,102,88,35,78,116,94,72,70,95" hai1="132,84,117,40,74,51,4,1,65,37,29,100,7" hai2="44,36,20,109,66,112,103,133,55,77,108,68,80" hai3="28,130,125,17,99,15,61,114,10,82,120,127,27"/><W46/><G120/><T48/><D116/><U62/><E74/><N who="2" m="43063" /><F55/><W60/><G114/><T115/><D70/><U47/><E117/><V21/><F21/><W81/><G130/><T111/><D111/><U24/><E132/><V87/><F87/><W25/><G99/><T73/><D102/><U110/><E110/><V42/><F20/><N who="3" m="15399" /><G27/><T122/><D122/><U9/><E7/><V90/><F90/><W0/><G0/><T134/><D134/><U96/><E84/><V3/><F133/><W83/><G46/><T41/><D73/><U38/><E24/><V75/><F103/><W22/><G22/><T126/><D35/><U93/><REACH who="1" step="1"/><E29/><REACH who="1" ten="287,107,366,230" step="2"/><V57/><F75/><W98/><G98/><T97/><D72/><U89/><E89/><V85/><F85/><W86/><G86/><T106/><D88/><U11/><E11/><V30/><F30/><W67/><G125/><T43/><D126/><U6/><E6/><V105/><F109/><W18/><G127/><T101/><D5/><U56/><AGARI ba="1,1" hai="1,4,9,37,38,40,47,51,56,62,65,93,96,100" machi="56" ten="20,8000,1" yaku="1,1,0,1,7,1,53,2" doraHai="79" doraHaiUra="71" who="1" fromWho="1" sc="287,-21,107,93,366,-21,230,-41" owari="266,6.6,200,-20.0,345,44.5,189,-31.1" /></mjloggm>