<mjloggm ver="2.3"><GO type="169" lobby="0"/><UN n0="%E3%82%88%E3%81%97%E3%81%A0%E3%81%84%E3%81%9F%E3%82%8B" n1="%E3%81%BD%E3%81%A3%E3%81%91%E3%81%95%E3%82%93" n2="%E3%82%A6%E3%83%92%E3%83%A7%E5%8A%A9" n3="%E3%82%A8%E3%82%B9%E3%82%B1%E3%83%BC%2E" dan="17,16,16,17" rate="2163.21,2085.03,2111.30,2209.90" sx="M,M,M,M"/><TAIKYOKU oya="0"/><INIT seed="0,0,0,4,5,75" ten="250,250,250,250" oya="0" hai0="135,76,92,133,44,104,2,73,45,52,114,27,127" hai1="66,130,11,102,56,48,9,126,101,59,131,91,97" hai2="119,84,46,51,10,31,41,29,99,25,47,26,55" hai3="60,124,67,125,38,54,21,81,7,14,86,79,13"/><T105/><D114/><U69/><E69/><V98/><F119/><W5/><G38/><T23/><D2/><U82/><E126/><N who="3" m="48746" /><G54/><T58/><D127/><U111/><E111/><V116/><F116/><W24/><G5/><T134/><D92/><U100/><E66/><V129/><F129/><N who="1" m="49161" /><E97/><V123/><F123/><W89/><G7/><T3/><D3/><U115/><E115/><V42/><F10/><N who="1" m="3593" /><E48/><V18/><F18/><N who="3" m="12343" /><G89/><T74/><D45/><U4/><E4/><V122/><F122/><W93/><G93/><T108/><D44/><U43/><E43/><V88/><F99/><W6/><G6/><T110/><D105/><U28/><E28/><N who="2" m="10827" /><F98/><W40/><G40/><N who="2" m="15465" /><F46/><W35/><G35/><T12/><D104/><U19/><E19/><V1/><F1/><W49/><G49/><N who="0" m="30991" /><D12/><U121/><E121/><V30/><N who="2" m="10835" /><V57/><DORA hai="37" /><F47/><W87/><G87/><AGARI ba="0,0" hai="56,59,82,87,91,100,101,102" m="3593,49161" machi="87" ten="40,1300,0" yaku="19,1" doraHai="75,37" who="1" fromWho="3" sc="250,0,250,13,250,0,250,-13" /><INIT seed="1,0,0,0,0,28" ten="250,263,250,237" oya="1" hai0="37,114,4,35,39,94,106,126,84,15,33,118,3" hai1="128,85,71,113,83,107,105,133,58,93,60,57,102" hai2="116,119,51,32,13,72,131,64,53,96,48,21,111" hai3="61,108,0,112,38,44,27,129,110,74,20,88,121"/><U91/><E113/><V77/><F131/><W2/><G74/><T109/><D114/><U132/><E71/><V101/><F111/><N who="3" m="42539" /><G121/><T40/><D109/><U10/><E10/><V34/><F64/><W55/><G129/><T9/><D118/><U70/><E70/><V76/><F72/><W63/><G112/><T98/><D126/><U7/><E7/><V18/><F119/><W120/><G120/><T52/><D40/><U134/><E58/><V14/><F116/><W78/><G78/><T54/><D54/><U42/><E42/><V50/><F53/><W5/><G38/><T31/><D31/><U115/><E115/><V125/><F13/><W24/><G24/><T49/><D15/><U86/><E128/><V75/><F75/><W41/><G41/><T46/><D106/><U22/><E22/><V8/><F21/><W100/><G100/><T16/><D84/><U68/><E68/><V36/><F36/><W130/><G130/><T124/><D124/><U87/><E102/><V23/><F23/><W67/><G5/><T104/><D104/><N who="1" m="40011" /><E93/><V92/><REACH who="2" step="1"/><F125/><REACH who="2" ten="250,263,240,237" step="2"/><W127/><G127/><T1/><D37/><U45/><E45/><V117/><F117/><W82/><G44/><T19/><D39/><U122/><E122/><V123/><F123/><W69/><G55/><AGARI ba="0,1" hai="55,57,60,83,85,86,87,91,132,133,134" m="40011" machi="55" ten="40,2000,0" yaku="20,1" doraHai="28" who="1" fromWho="3" sc="250,0,263,30,240,0,237,-20" /><INIT seed="1,1,0,5,0,123" ten="250,293,240,217" oya="1" hai0="106,41,99,83,28,63,24,7,25,9,65,80,115" hai1="131,125,119,1,124,29,84,127,129,93,5,6,88" hai2="68,128,121,112,113,60,94,96,75,134,116,52,101" hai3="104,95,20,32,33,51,36,98,48,10,69,61,72"/><U117/><E29/><V8/><F121/><W87/><G36/><T97/><D115/><N who="2" m="44106" /><F116/><N who="1" m="44617" /><E1/><V21/><F134/><W62/><G72/><T19/><D41/><U0/><E0/><V79/><F128/><AGARI ba="1,0" hai="5,6,84,88,93,124,125,127,128,129,131" m="44617" machi="128" ten="40,7700,0" yaku="18,1,19,1,54,1" doraHai="123" who="1" fromWho="2" sc="250,0,293,80,240,-80,217,0" /><INIT seed="1,2,0,3,3,15" ten="250,373,160,217" oya="1" hai0="67,81,74,50,30,127,120,104,28,63,54,29,84" hai1="45,71,18,17,65,33,123,41,12,60,57,130,116" hai2="10,3,107,108,70,64,98,109,101,9,6,59,56" hai3="111,103,22,21,125,85,26,2,133,8,44,117,77"/><U110/><E116/><V134/><F134/><W37/><G103/><T25/><D127/><U79/><E123/><V87/><F87/><W124/><G133/><T62/><D120/><U58/><E33/><V128/><F10/><W91/><G77/><T113/><D113/><U80/><E130/><V35/><F128/><W48/><G37/><T46/><D104/><U32/><E32/><V97/><F97/><W68/><G68/><T115/><D74/><U39/><E110/><N who="2" m="42603" /><F35/><W121/><G117/><T96/><D96/><U43/><E43/><V112/><F112/><W132/><G132/><T69/><D63/><AGARI ba="2,0" hai="3,6,9,56,59,63,64,70,98,101,107" m="42603" machi="63" ten="30,1000,0" yaku="14,1" doraHai="15" who="2" fromWho="0" sc="250,-16,373,0,160,16,217,0" /><INIT seed="2,0,0,5,0,132" ten="234,373,176,217" oya="2" hai0="26,111,12,6,0,48,5,93,39,33,110,8,88" hai1="124,131,113,76,127,84,109,75,25,68,72,87,117" hai2="42,45,122,99,92,100,57,51,121,9,123,61,30" hai3="65,3,41,86,37,98,55,46,71,53,74,13,69"/><V50/><F30/><W20/><G3/><T130/><D39/><U56/><E68/><V77/><F77/><W32/><G74/><N who="1" m="28202" /><E113/><V23/><F9/><W2/><G2/><T22/><D33/><U128/><E117/><V14/><F51/><W66/><G32/><T35/><D35/><U119/><E119/><V104/><F104/><W10/><G20/><T81/><D81/><N who="1" m="47143" /><E109/><N who="0" m="41481" /><D130/><N who="1" m="49707" /><E25/><V38/><F38/><W27/><G27/><T118/><D48/><U108/><E108/><V82/><F82/><W17/><G69/><T49/><D49/><U7/><E7/><V105/><F14/><W97/><G71/><T16/><D118/><U83/><E56/><V73/><F73/><W114/><G114/><T106/><D106/><U103/><E103/><V96/><F23/><W70/><G70/><T112/><D112/><U101/><E101/><V129/><F129/><W31/><G31/><N who="0" m="17879" /><D0/><U60/><E60/><V21/><F21/><W91/><G37/><T34/><D34/><U89/><AGARI ba="0,0" hai="83,87,89,124,127" m="49707,47143,28202" machi="89" ten="40,8000,1" yaku="19,1,34,2,52,2" doraHai="132" who="1" fromWho="1" sc="234,-20,373,80,176,-40,217,-20" /><INIT seed="3,0,0,5,0,133" ten="214,453,136,197" oya="3" hai0="93,88,46,90,134,37,25,48,12,104,78,23,28" hai1="32,126,35,57,31,106,62,114,73,69,125,26,8" hai2="36,52,124,103,102,127,72,61,129,97,55,85,4" hai3="17,42,80,27,119,39,84,94,105,121,44,131,92"/><W108/><G121/><T82/><D134/><U38/><E114/><V59/><F129/><W87/><G119/><T10/><D104/><U79/><E38/><V68/><F72/><W99/><G99/><BYE who="3" /><UN n3="%E3%82%A8%E3%82%B9%E3%82%B1%E3%83%BC%2E" /><T33/><D37/><U1/><E106/><V18/><F36/><W132/><G132/><T116/><D93/><U3/><E35/><V100/><F4/><W81/><G131/><T112/><D33/><U71/><E57/><V15/><F68/><N who="1" m="26185" /><E62/><V20/><F85/><W74/><G105/><T51/><D116/><U13/><E13/><V6/><F6/><W29/><G74/><T118/><D48/><U24/><E24/><V109/><F109/><W65/><G108/><T45/><D45/><U7/><E3/><V21/><F97/><W50/><G65/><T86/><D112/><U122/><E122/><V54/><REACH who="2" step="1"/><F20/><REACH who="2" ten="214,453,126,197" step="2"/><N who="3" m="13711" /><G39/><T2/><D118/><U0/><E1/><V16/><F16/><W135/><G135/><T66/><D2/><U43/><E43/><V11/><F11/><W5/><G5/><N who="0" m="3151" /><D66/><AGARI ba="0,1" hai="15,18,21,52,54,55,59,61,66,100,102,103,124,127" machi="66" ten="40,12000,2" yaku="1,1,52,2,54,1,53,3" doraHai="133" doraHaiUra="96" who="2" fromWho="0" sc="214,-120,453,0,126,130,197,0" /><INIT seed="4,0,0,4,0,39" ten="94,453,256,197" oya="0" hai0="57,90,118,82,11,88,105,2,42,114,83,109,86" hai1="119,98,115,32,113,129,108,33,132,68,127,76,15" hai2="40,103,47,77,73,25,94,61,43,49,64,87,30" hai3="14,12,58,3,28,1,23,51,27,50,45,74,62"/><T19/><D114/><U35/><E68/><V70/><F73/><W112/><G74/><T38/><D118/><U91/><E76/><V9/><F9/><W93/><G112/><N who="1" m="43082" /><E119/><V10/><F10/><W107/><G107/><T130/><D105/><U134/><E108/><V128/><F128/><W65/><G50/><T20/><D130/><U123/><E129/><V29/><F103/><W97/><G1/><T72/><D109/><U89/><E123/><V80/><F94/><W6/><G6/><T110/><D110/><U7/><E127/><V5/><F5/><W54/><REACH who="3" step="1"/><G3/><REACH who="3" ten="94,453,256,187" step="2"/><T75/><D72/><U131/><E131/><V36/><REACH who="2" step="1"/><F25/><REACH who="2" ten="94,453,246,187" step="2"/><W96/><G96/><T106/><D75/><U102/><E7/><V60/><F60/><W63/><G63/><T100/><D106/><U55/><E98/><V48/><F48/><W69/><G69/><T46/><D38/><U59/><E15/><V133/><F133/><W18/><G18/><T56/><D19/><U111/><E111/><V34/><F34/><W24/><G24/><T125/><D2/><U41/><E35/><V85/><F85/><W84/><G84/><T71/><D86/><U16/><E33/><V21/><F21/><W8/><G8/><T52/><D20/><U31/><E134/><V13/><F13/><W4/><G4/><T0/><D0/><U122/><E132/><V67/><F67/><W101/><AGARI ba="0,2" hai="12,14,23,27,28,45,51,54,58,62,65,93,97,101" machi="101" ten="20,12000,2" yaku="1,1,0,1,7,1,25,2,8,1,53,0" doraHai="39" doraHaiUra="124" who="3" fromWho="3" sc="94,-60,453,-30,246,-30,187,140" /><INIT seed="5,0,0,2,1,129" ten="34,423,216,327" oya="1" hai0="95,22,39,54,118,119,33,67,18,120,44,91,105" hai1="107,36,89,24,10,19,59,93,43,69,30,130,100" hai2="37,80,104,74,65,23,8,103,29,1,34,57,16" hai3="14,38,125,135,3,123,117,76,66,82,62,60,47"/><U127/><E69/><V2/><F37/><W81/><G3/><T97/><D33/><U108/><E130/><V11/><F104/><W113/><G123/><T73/><D120/><U70/><E70/><V26/><F103/><W99/><G125/><T48/><D73/><U41/><E127/><V51/><F80/><W27/><G27/><T52/><D67/><U83/><E83/><V35/><F74/><W21/><G60/><T101/><D39/><U126/><E107/><V88/><F88/><W134/><G99/><T77/><D77/><U12/><E100/><V72/><F72/><W4/><G117/><T128/><D128/><U98/><E126/><V32/><F51/><W79/><G113/><T46/><D46/><U102/><E36/><V49/><F49/><W106/><G106/><T9/><D9/><N who="2" m="3658" /><F57/><N who="3" m="37199" /><G4/><T114/><D54/><U131/><E131/><V84/><F84/><W55/><G55/><T31/><D31/><U109/><E59/><V133/><F65/><W63/><G63/><T5/><D114/><U25/><E102/><V85/><F85/><N who="3" m="48295" /><G82/><T58/><D44/><U53/><E53/><V75/><F75/><W121/><G79/><T132/><D5/><U64/><E64/><V111/><F111/><N who="1" m="42569" /><E25/><N who="2" m="14567" /><F133/><N who="3" m="50699" /><G121/><T17/><D132/><U45/><E45/><V7/><F7/><W40/><G21/><AGARI ba="0,0" hai="10,12,19,21,24,30,41,43,89,93,98" m="42569" machi="21" ten="30,1500,0" yaku="10,1" doraHai="129" who="1" fromWho="3" sc="34,0,423,15,216,0,327,-15" /><AGARI ba="0,0" hai="1,2,21,26,29,32,34,35" m="14567,3658" machi="21" ten="30,12000,2" yaku="35,5,54,1" doraHai="129" who="2" fromWho="3" sc="34,0,438,0,216,120,312,-120" /><INIT seed="5,1,0,5,3,109" ten="34,438,336,192" oya="1" hai0="20,73,29,10,7,57,47,41,98,46,135,132,26" hai1="126,119,129,5,39,104,86,113,52,115,51,85,94" hai2="4,117,23,50,25,62,131,120,27,16,18,108,60" hai3="12,91,124,42,128,93,19,133,134,77,2,65,43"/><U38/><E104/><V32/><F120/><W34/><G34/><T1/><D73/><U72/><E72/><V58/><F117/><W66/><G2/><T78/><D78/><U48/><E119/><V89/><F131/><W100/><G100/><T80/><D80/><U28/><E129/><V92/><F108/><W35/><G35/><T59/><D98/><U105/><E105/><V56/><F4/><W37/><G77/><T17/><D47/><U112/><E126/><V122/><F122/><W49/><G37/><N who="1" m="13834" /><E28/><V88/><F50/><N who="1" m="18985" /><E5/><V97/><F32/><W125/><G128/><T114/><D114/><U15/><E15/><V30/><F30/><W111/><G111/><T87/><D87/><N who="1" m="33291" /><E94/><V8/><F8/><N who="3" m="6535" /><G49/><T96/><D46/><U118/><E118/><V81/><F81/><W61/><G42/><T95/><D41/><U64/><E52/><N who="2" m="33799" /><F89/><W44/><G44/><T14/><D95/><U0/><E64/><N who="3" m="24682" /><G61/><T102/><D96/><U13/><E13/><N who="2" m="9615" /><F18/><W82/><G82/><T31/><D31/><U11/><E11/><V67/><AGARI ba="1,0" hai="25,27,58,62,67,88,92,97" m="9615,33799" machi="67" ten="30,7900,0" yaku="8,1,54,3" doraHai="109" who="2" fromWho="2" sc="34,-21,438,-40,336,82,192,-21" /><INIT seed="6,0,0,3,4,7" ten="13,398,418,171" oya="2" hai0="79,8,127,27,6,101,52,92,67,82,17,66,43" hai1="38,115,70,51,29,61,25,39,97,19,89,53,58" hai2="133,126,28,111,125,76,32,55,37,83,87,99,78" hai3="23,100,3,18,80,0,74,41,113,96,2,40,98"/><V57/><F37/><W48/><G113/><T77/><D127/><N who="2" m="48650" /><F133/><W93/><G48/><T88/><D43/><U26/><E115/><V69/><F69/><W56/><G56/><T16/><D101/><U22/><E70/><V91/><F111/><W31/><G31/><T132/><D132/><U12/><E51/><N who="2" m="30975" /><F99/><W33/><G33/><T10/><D52/><U116/><E116/><V21/><F32/><W9/><G96/><N who="0" m="57351" /><D6/><U73/><E73/><V34/><F34/><W106/><G106/><T131/><D131/><U63/><E63/><V68/><F68/><W124/><G124/><T47/><D47/><U135/><E135/><V109/><F109/><W95/><G100/><T4/><D4/><U71/><E71/><V42/><F42/><W114/><G40/><T5/><D5/><U35/><REACH who="1" step="1"/><E12/><REACH who="1" ten="13,388,418,171" step="2"/><V46/><F46/><W120/><G114/><T134/><D134/><U49/><E49/><V118/><F118/><W54/><G0/><T94/><D94/><AGARI ba="0,1" hai="19,22,25,26,29,35,38,39,53,58,61,89,94,97" machi="94" ten="40,5200,0" yaku="1,1,25,2,53,0" doraHai="7" doraHaiUra="60" who="1" fromWho="0" sc="13,-52,388,62,418,0,171,0" owari="-39,-53.9,450,55.0,418,21.8,171,-22.9" /></mjloggm>