<mjloggm ver="2.3"><GO type="169" lobby="0"/><UN n0="%E6%9C%8B%E4%B9%9F%40" n1="%E3%83%8A%E3%83%8A%E3%82%A4%E3%83%AD%E3%83%A9%E3%82%A4%E3%83%88%E2%98%86" n2="%6D%75%72%61%30%2B" n3="%E3%81%9B%E3%81%A9%E3%81%AA%E3%82%8A%E3%81%82%E3%82%93" dan="16,16,16,17" rate="2177.77,2078.31,2125.52,2166.66" sx="F,F,M,M"/><TAIKYOKU oya="0"/><INIT seed="0,0,0,0,1,33" ten="250,250,250,250" oya="0" hai0="45,131,53,108,100,125,107,83,24,59,3,132,55" hai1="62,127,43,36,32,117,121,84,102,46,114,23,35" hai2="49,78,14,61,37,74,95,50,25,34,92,67,80" hai3="6,57,65,90,21,16,0,128,40,60,8,48,109"/><T7/><D131/><U9/><E117/><V2/><F37/><W11/><G109/><T12/><D132/><U96/><E121/><V103/><F95/><W71/><G128/><T63/><D125/><U122/><E122/><V76/><F76/><W89/><G8/><T85/><D108/><U51/><E127/><V15/><F15/><W69/><G71/><T27/><D107/><U124/><E124/><V106/><F92/><W17/><G17/><T10/><D3/><U70/><E114/><V81/><F81/><W4/><G4/><T129/><D100/><U101/><E23/><V120/><F14/><W135/><G135/><T110/><D129/><U18/><E84/><V91/><F91/><W41/><G41/><T97/><D97/><U86/><E86/><V58/><F120/><W118/><G118/><T119/><D119/><U38/><E101/><V116/><F116/><W126/><G126/><T113/><D113/><U52/><E18/><V22/><F34/><W39/><G39/><T99/><D99/><U115/><E9/><V112/><F2/><W87/><G87/><T82/><D82/><U111/><E115/><V1/><F1/><W88/><G40/><T94/><D94/><N who="1" m="58647" /><E111/><V93/><F106/><W13/><G48/><N who="0" m="28815" /><D110/><U30/><E30/><N who="2" m="17719" /><F112/><W19/><G19/><T26/><D26/><U29/><E29/><V66/><F66/><W79/><REACH who="3" step="1"/><G69/><REACH who="3" ten="250,250,250,240" step="2"/><T72/><D72/><U75/><E75/><V123/><F123/><W28/><G28/><T73/><D73/><U42/><E38/><V98/><AGARI ba="0,1" hai="49,50,58,61,67,74,78,80,93,98,103" m="17719" machi="98" ten="30,1100,0" yaku="25,1" doraHai="33" who="2" fromWho="2" sc="250,-5,250,-3,250,21,240,-3" /><INIT seed="1,0,0,3,4,114" ten="245,247,271,237" oya="1" hai0="113,95,97,34,131,81,43,77,126,123,10,88,44" hai1="65,108,38,134,15,41,9,42,13,56,31,130,33" hai2="89,100,18,75,58,53,99,76,86,19,45,84,112" hai3="102,64,119,39,22,52,105,7,92,104,71,37,11"/><U14/><E130/><V23/><F112/><W50/><G92/><T12/><D113/><U106/><E134/><V48/><F75/><W121/><G121/><T90/><D34/><U110/><E106/><V107/><F76/><W28/><G64/><T133/><D133/><U122/><E122/><V36/><F86/><W20/><G71/><T124/><D131/><U72/><E72/><V0/><F0/><W94/><G94/><T29/><D29/><U4/><E65/><V80/><F36/><W74/><G74/><T117/><D117/><U103/><E103/><V128/><F128/><W73/><G73/><T79/><D123/><U49/><E38/><V93/><F107/><W26/><G22/><T98/><D98/><U132/><E132/><V115/><F115/><W61/><G61/><T21/><D21/><U85/><E85/><V5/><F5/><W69/><G69/><T62/><D62/><U127/><E127/><N who="0" m="48681" /><D90/><U54/><E31/><V66/><F23/><W129/><G119/><T70/><D81/><U135/><E33/><V24/><F24/><W120/><G120/><T59/><D59/><U83/><E83/><V35/><F35/><W3/><G105/><T111/><D70/><U8/><E135/><V109/><F109/><N who="1" m="42089" /><E9/><V63/><AGARI ba="0,0" hai="18,19,45,48,53,58,63,66,80,84,89,93,99,100" machi="63" ten="30,2000,0" yaku="0,1,8,1" doraHai="114" who="2" fromWho="2" sc="245,-5,247,-10,271,20,237,-5" /><INIT seed="2,0,0,2,5,69" ten="240,237,291,232" oya="2" hai0="109,93,44,116,123,124,112,111,117,74,15,97,94" hai1="86,99,63,16,96,0,47,106,71,8,43,14,82" hai2="48,122,17,75,29,24,40,58,33,18,102,42,37" hai3="38,54,81,72,25,36,45,32,46,27,6,126,91"/><V108/><F122/><W92/><G6/><T98/><D74/><U76/><E106/><V13/><F75/><W85/><G126/><T87/><D44/><U135/><E135/><V127/><F127/><W133/><G133/><T90/><D15/><U80/><E0/><V49/><F102/><W131/><G131/><T64/><D124/><U19/><E19/><V51/><F108/><N who="0" m="41546" /><D64/><U39/><REACH who="1" step="1"/><E82/><REACH who="1" ten="240,227,291,232" step="2"/><V89/><F18/><W7/><G7/><T83/><D123/><U4/><E4/><V20/><F17/><W132/><G132/><T79/><D112/><U52/><E52/><V88/><F24/><W26/><G32/><T70/><D70/><U23/><E23/><V57/><F33/><W31/><G31/><T28/><D28/><U115/><E115/><V61/><F29/><W118/><G118/><N who="0" m="45675" /><D94/><U101/><E101/><V113/><F113/><W60/><G46/><T107/><D107/><U62/><E62/><V104/><F61/><W59/><REACH who="3" step="1"/><G45/><REACH who="3" ten="240,227,291,222" step="2"/><T130/><D130/><U9/><E9/><V1/><F1/><W120/><G120/><T21/><D21/><U41/><E41/><V68/><F42/><W56/><G56/><T103/><D98/><U22/><E22/><V12/><F68/><W11/><G11/><T5/><D5/><U67/><AGARI ba="0,2" hai="8,14,16,39,43,47,63,67,71,76,80,86,96,99" machi="67" ten="30,7900,0" yaku="1,1,0,1,52,1,54,1,53,0" doraHai="69" doraHaiUra="128" who="1" fromWho="1" sc="240,-20,227,99,291,-39,222,-20" /><INIT seed="3,0,0,2,4,93" ten="220,326,252,202" oya="3" hai0="7,135,77,101,79,57,55,28,76,87,125,34,114" hai1="97,70,40,9,67,80,38,117,116,82,27,64,83" hai2="72,60,56,126,113,19,47,50,26,49,5,69,43" hai3="6,94,105,98,103,29,42,51,63,17,54,0,41"/><W21/><G29/><T12/><D114/><U108/><E108/><V32/><F113/><W62/><G105/><T123/><D123/><U35/><E70/><V110/><F110/><W22/><G22/><T84/><D135/><U24/><E9/><V85/><F72/><W100/><G100/><T39/><D39/><U118/><E35/><V119/><F126/><W102/><G102/><T122/><D125/><U23/><E97/><V128/><F128/><W86/><G86/><T133/><D133/><U74/><E74/><V44/><F69/><W36/><G6/><T15/><D101/><U111/><E111/><V120/><F119/><W14/><G0/><T89/><D34/><U90/><E90/><V30/><F120/><W16/><G17/><T48/><D28/><U53/><E53/><V104/><F104/><W59/><G36/><T1/><D1/><U58/><E58/><V71/><F71/><W20/><G20/><T134/><D134/><U78/><E78/><V109/><F109/><W96/><G96/><T129/><D129/><U91/><E91/><V115/><F115/><W127/><G127/><T2/><D2/><U65/><E23/><V121/><F121/><W68/><G68/><T45/><D122/><U99/><E99/><V73/><F73/><W124/><G124/><T13/><D7/><U106/><REACH who="1" step="1"/><E106/><REACH who="1" ten="220,316,252,202" step="2"/><V46/><F32/><W88/><G103/><T81/><D84/><U132/><E132/><V112/><F85/><W10/><G21/><T11/><D11/><U25/><E25/><V61/><F112/><W92/><G92/><T130/><D130/><RYUUKYOKU ba="0,1" sc="220,10,316,10,252,-30,202,10" hai0="12,13,15,45,48,55,57,76,77,79,81,87,89" hai1="24,27,38,40,64,65,67,80,82,83,116,117,118" hai3="10,14,16,41,42,51,54,59,62,63,88,94,98" /><INIT seed="3,1,1,5,0,51" ten="230,326,222,212" oya="3" hai0="122,75,21,26,10,121,38,41,129,120,68,55,101" hai1="132,109,134,4,24,133,60,53,71,64,107,97,119" hai2="47,3,63,15,126,27,0,103,20,23,94,77,9" hai3="67,72,90,19,16,87,114,2,54,46,116,36,104"/><W70/><G114/><T69/><D129/><U56/><E109/><V61/><F126/><W76/><G116/><T123/><N who="0" m="30720" /><DORA hai="49" /><T65/><D75/><U45/><E119/><V13/><F77/><W22/><G104/><T106/><D65/><U81/><E4/><V6/><F94/><W112/><G2/><T118/><D118/><U50/><E24/><V8/><F47/><W74/><G112/><T32/><D32/><U113/><E113/><V130/><F103/><W82/><G70/><T52/><D10/><U62/><E81/><V73/><F73/><W105/><G105/><T102/><D69/><U66/><E107/><V25/><F6/><W124/><G67/><T83/><D68/><N who="1" m="41991" /><E97/><V111/><F130/><W34/><G34/><T127/><D127/><U39/><E39/><V80/><F80/><W58/><G124/><T95/><D83/><U128/><E128/><V43/><F43/><W44/><G19/><T89/><D106/><U30/><E30/><V28/><REACH who="2" step="1"/><F28/><REACH who="2" ten="230,326,212,212" step="2"/><W14/><G74/><T131/><D131/><U59/><AGARI ba="1,2" hai="45,50,53,56,59,62,66,71,132,133,134" m="41991" machi="59" ten="40,8000,1" yaku="20,1,34,2,52,2" doraHai="51,49" who="1" fromWho="1" sc="230,-21,326,103,212,-21,212,-41" /><INIT seed="4,0,0,4,4,91" ten="209,429,191,171" oya="0" hai0="70,88,75,58,12,119,82,61,46,38,27,97,87" hai1="83,1,105,30,33,99,95,45,54,6,25,118,131" hai2="17,43,5,77,44,112,128,125,51,90,26,3,81" hai3="120,16,116,96,132,80,66,8,67,19,47,122,124"/><T24/><D119/><U18/><E118/><V102/><F112/><W14/><G116/><T135/><D135/><U57/><E131/><V29/><F125/><W85/><G132/><T133/><D133/><U35/><E35/><V68/><F68/><W53/><G124/><T84/><D70/><U101/><E83/><V65/><F65/><W59/><G47/><T22/><D75/><U86/><E45/><V71/><F71/><W39/><G39/><T23/><D38/><U56/><E18/><V94/><F102/><W92/><G19/><T127/><D127/><U31/><E31/><V42/><F17/><W40/><G40/><T93/><D46/><U114/><E114/><V34/><F128/><W48/><G120/><T110/><D110/><U28/><E28/><V76/><F81/><W37/><G37/><T13/><D27/><U126/><E126/><V63/><F63/><W64/><G122/><T52/><D87/><U41/><E86/><V89/><F89/><N who="3" m="55311" /><G67/><T50/><D61/><U7/><E25/><V73/><F73/><W130/><G130/><T0/><D0/><U106/><E30/><V134/><F43/><W121/><G121/><T113/><D113/><U60/><E60/><V117/><F117/><W62/><G62/><T55/><D55/><U104/><E54/><V32/><F32/><W4/><G4/><N who="1" m="1578" /><E1/><V107/><F134/><W10/><G10/><T21/><D24/><U115/><E115/><V108/><F108/><W72/><G72/><T103/><AGARI ba="0,0" hai="12,13,21,22,23,50,52,58,82,84,88,93,97,103" machi="103" ten="30,12000,1" yaku="0,1,8,1,52,1,54,2" doraHai="91" who="0" fromWho="0" sc="209,120,429,-40,191,-40,171,-40" /><INIT seed="4,1,0,1,2,2" ten="329,389,151,131" oya="0" hai0="119,92,87,13,53,35,32,63,95,24,45,51,113" hai1="73,135,127,130,83,117,37,107,84,80,66,12,118" hai2="67,122,25,1,104,27,98,26,103,120,38,74,9" hai3="99,40,64,76,124,72,49,128,36,59,111,22,30"/><T89/><D113/><U85/><E37/><V121/><F38/><W123/><G22/><T70/><D119/><U50/><E66/><V101/><F74/><W16/><G30/><T93/><D35/><U112/><E112/><V39/><F39/><W91/><G16/><T62/><D62/><U34/><E34/><V54/><F67/><W56/><G91/><T5/><D32/><U133/><E50/><V60/><F103/><W68/><G99/><T31/><D70/><U71/><E12/><V65/><F54/><W18/><G18/><T7/><D63/><U29/><E29/><V116/><F116/><N who="1" m="44649" /><E71/><V102/><F102/><W115/><G76/><T69/><D69/><U3/><E3/><V10/><REACH who="2" step="1"/><F1/><REACH who="2" ten="329,389,141,131" step="2"/><W52/><G72/><T105/><D53/><U57/><E73/><V46/><F46/><N who="3" m="23815" /><G115/><T41/><D45/><U20/><E57/><AGARI ba="1,1" hai="9,10,25,26,27,57,60,65,98,101,104,120,121,122" machi="57" ten="50,1600,0" yaku="1,1,53,0" doraHai="2" doraHaiUra="28" who="2" fromWho="1" sc="329,0,389,-19,141,29,131,0" /><INIT seed="5,0,0,3,3,105" ten="329,370,170,131" oya="1" hai0="107,92,109,10,126,90,24,34,23,60,108,88,45" hai1="104,77,61,130,75,70,74,48,20,71,13,106,43" hai2="103,12,76,67,123,115,72,11,135,133,119,36,41" hai3="89,69,3,1,9,85,125,30,117,81,114,15,8"/><U68/><E77/><V95/><F67/><W16/><G69/><T38/><D126/><U2/><E2/><V94/><F119/><W31/><G125/><T131/><D131/><U6/><E130/><V65/><F65/><W56/><G114/><T79/><D107/><U97/><E61/><V93/><F103/><W53/><G117/><T29/><D10/><U47/><E104/><V80/><F123/><W49/><REACH who="3" step="1"/><G1/><REACH who="3" ten="329,370,170,121" step="2"/><T118/><D118/><U21/><E106/><V5/><REACH who="2" step="1"/><F115/><REACH who="2" ten="329,370,160,121" step="2"/><W4/><AGARI ba="0,2" hai="3,4,8,9,15,16,30,31,49,53,56,81,85,89" machi="4" ten="30,12000,2" yaku="1,1,2,1,0,1,54,1,53,2" doraHai="105" doraHaiUra="7" who="3" fromWho="3" sc="329,-30,370,-60,160,-30,121,140" /><INIT seed="6,0,0,1,2,122" ten="299,310,130,261" oya="2" hai0="7,102,101,5,106,91,26,44,40,80,16,22,97" hai1="27,51,105,77,112,132,29,23,94,14,57,8,133" hai2="32,126,75,64,42,28,3,6,9,36,71,30,111" hai3="19,88,59,13,79,1,2,56,92,39,85,116,76"/><V103/><F126/><W17/><G116/><T35/><D35/><U45/><E105/><V119/><F119/><W100/><G39/><T108/><D108/><U87/><E57/><N who="3" m="22090" /><G1/><T4/><D102/><U90/><E77/><N who="3" m="29770" /><G2/><T18/><D18/><N who="3" m="6665" /><G100/><T110/><D110/><U82/><E112/><V95/><F30/><W121/><G121/><T113/><D113/><U61/><E61/><N who="2" m="40335" /><F95/><W131/><G131/><T37/><REACH who="0" step="1"/><D4/><REACH who="0" ten="289,310,130,261" step="2"/><N who="1" m="3335" /><E133/><V55/><F103/><W53/><G53/><T12/><D12/><AGARI ba="0,1" hai="12,13,85,88,92" m="6665,29770,22090" machi="12" ten="30,2000,0" yaku="8,1,54,1" doraHai="122" who="3" fromWho="0" sc="289,-20,310,0,130,0,261,30" /><INIT seed="7,0,0,0,3,31" ten="269,310,130,291" oya="3" hai0="36,40,35,30,95,72,59,38,1,115,97,113,42" hai1="87,75,132,121,66,47,34,62,64,10,54,109,44" hai2="5,57,41,12,33,2,105,91,92,50,127,69,6" hai3="85,74,112,117,3,16,19,4,26,119,80,18,7"/><W79/><G74/><T96/><D1/><U103/><E109/><V58/><F127/><W107/><G107/><T124/><D72/><U46/><E75/><V116/><F116/><W32/><G112/><N who="0" m="43083" /><D124/><U45/><E121/><V129/><F129/><W133/><G133/><T52/><D42/><U28/><E132/><V94/><F69/><W21/><G32/><T111/><D111/><U131/><E131/><V108/><F108/><W39/><G39/><N who="0" m="14891" /><D40/><U84/><E34/><V20/><F105/><W134/><G134/><T71/><D71/><U37/><E37/><V122/><F2/><W123/><G123/><T90/><D90/><U118/><E118/><V56/><F122/><W27/><G119/><T23/><D95/><U43/><E43/><V93/><F91/><W82/><G82/><T14/><D35/><U98/><E103/><V126/><F126/><W53/><G117/><T8/><D23/><U86/><E10/><V81/><F81/><W78/><G78/><T55/><D30/><U51/><E28/><V0/><F0/><W73/><G73/><T67/><D67/><U125/><E125/><V29/><F33/><W63/><G3/><T70/><D70/><U101/><E66/><V49/><F41/><W77/><G77/><T128/><D128/><U24/><E64/><V76/><F76/><W22/><G19/><N who="0" m="8647" /><D55/><U99/><E101/><V106/><F106/><W17/><G17/><T104/><D104/><U135/><E135/><V65/><F65/><W25/><G25/><T120/><D120/><U9/><N who="1" m="11264" /><DORA hai="102" /><U114/><E114/><V61/><F61/><AGARI ba="0,0" hai="52,59,61,96,97" m="8647,14891,43083" machi="61" ten="30,7700,0" yaku="6,1,15,1,11,1,54,1" doraHai="31,102" who="0" fromWho="2" sc="269,77,310,0,130,-77,291,0" owari="346,44.6,310,11.0,53,-44.7,291,-10.9" /></mjloggm>