<mjloggm ver="2.3"><GO type="169" lobby="0"/><UN n0="%E7%8B%82%E6%B0%97%E3%81%AE%E7%9E%B3" n1="%E4%B8%8B%E9%AB%98%E5%A4%AA%E9%83%8E" n2="%E3%82%86%E3%81%86%E3%82%86%E3%81%8D" n3="%32%30%30%E6%88%A6%E5%8D%87%E7%89%B9" dan="16,16,16,17" rate="2068.67,2104.47,2150.95,2192.19" sx="M,M,M,M"/><TAIKYOKU oya="0"/><INIT seed="0,0,0,0,4,4" ten="250,250,250,250" oya="0" hai0="79,34,123,130,56,118,134,20,133,28,87,64,84" hai1="81,105,24,26,15,10,71,107,49,51,29,57,59" hai2="45,7,131,124,83,91,41,50,108,128,16,17,121" hai3="55,113,38,111,65,119,39,58,8,104,54,72,93"/><T27/><D118/><U62/><E71/><V120/><F108/><W35/><G104/><T9/><D123/><U132/><E132/><N who="0" m="50793" /><D79/><U135/><E135/><V53/><F124/><W18/><G35/><T116/><D116/><U86/><E107/><V19/><F7/><W22/><G72/><T66/><D130/><N who="2" m="49706" /><F41/><W89/><G113/><T12/><D34/><U61/><E105/><V32/><F32/><W67/><G111/><T70/><D70/><U69/><E69/><V52/><F53/><W25/><G55/><T23/><D23/><U94/><E94/><V21/><F21/><W103/><G103/><T85/><D56/><U122/><E122/><V88/><F91/><W77/><G77/><T106/><D106/><U97/><E97/><V47/><F47/><W99/><G119/><T125/><D125/><U6/><E59/><V101/><F101/><W3/><G39/><T82/><D82/><U127/><E127/><V129/><F129/><W74/><G38/><T13/><D13/><U115/><E115/><V110/><F110/><W98/><G74/><T46/><D46/><U114/><E114/><V73/><F73/><W78/><G78/><T36/><D36/><U33/><E26/><V31/><F31/><W90/><G3/><T96/><D96/><U95/><E95/><V75/><F75/><W43/><G99/><T1/><D1/><U68/><E68/><V42/><F42/><W80/><G43/><T63/><D63/><N who="1" m="24075" /><E57/><V117/><F117/><W30/><G58/><T76/><D76/><N who="1" m="46375" /><E33/><V48/><F48/><W60/><G60/><T14/><D14/><RYUUKYOKU ba="0,0" sc="250,10,250,10,250,10,250,-30" hai0="9,12,20,27,28,64,66,84,85,87" hai1="6,10,15,24,29,49,51" hai2="16,17,19,45,50,52,83,88,120,121" /><INIT seed="0,1,0,1,1,115" ten="260,260,260,220" oya="0" hai0="44,78,121,127,17,80,83,74,32,7,123,18,128" hai1="113,55,61,48,119,94,47,81,73,42,112,38,28" hai2="2,53,22,66,110,71,86,117,56,41,95,10,39" hai3="75,106,16,124,88,116,109,65,26,0,134,108,90"/><T131/><D32/><U14/><E28/><V62/><F110/><N who="3" m="42603" /><G75/><T118/><D7/><U25/><E25/><V76/><F22/><N who="3" m="13639" /><G124/><T1/><D1/><U125/><E14/><V135/><F135/><W27/><G134/><T3/><D3/><U52/><E94/><V101/><F101/><W50/><G106/><T29/><D127/><U24/><E24/><V92/><F86/><W31/><G0/><T114/><D29/><U77/><E125/><V107/><F76/><W49/><G65/><T69/><D69/><U100/><E100/><V35/><F107/><W93/><G116/><T67/><D67/><U20/><E20/><V82/><F82/><N who="0" m="31274" /><D114/><U11/><E11/><V12/><F117/><W4/><G4/><T111/><D78/><U85/><E73/><V126/><F2/><W91/><G93/><T70/><D70/><U60/><E119/><V122/><F35/><AGARI ba="1,0" hai="27,31,35,49,50,88,90,91" m="13639,42603" machi="35" ten="30,3900,0" yaku="14,1,54,2" doraHai="115" who="3" fromWho="2" sc="260,0,260,0,260,-42,220,42" /><INIT seed="1,0,0,1,1,19" ten="260,260,218,262" oya="1" hai0="134,88,68,105,119,81,17,75,30,20,60,57,33" hai1="77,21,54,107,38,24,99,48,3,11,50,25,112" hai2="90,16,92,79,70,40,61,14,15,69,29,125,9" hai3="55,130,82,34,35,122,123,65,1,76,94,127,100"/><U27/><E38/><V28/><F125/><W42/><G1/><T36/><D119/><U62/><E112/><V41/><F79/><W32/><G127/><T39/><D105/><U63/><E77/><V43/><F61/><W83/><G130/><T86/><D75/><U49/><E54/><V84/><REACH who="2" step="1"/><F15/><REACH who="2" ten="260,260,208,262" step="2"/><W93/><G76/><T47/><D68/><AGARI ba="0,1" hai="9,14,16,28,29,40,41,43,68,69,70,84,90,92" machi="68" ten="40,5200,0" yaku="1,1,2,1,54,1,53,0" doraHai="19" doraHaiUra="78" who="2" fromWho="0" sc="260,-52,260,0,208,62,262,0" /><INIT seed="2,0,0,4,1,65" ten="208,260,270,262" oya="2" hai0="68,101,40,111,79,125,112,97,76,51,94,54,113" hai1="42,66,59,0,89,78,132,95,19,25,35,86,64" hai2="133,10,27,84,70,53,20,107,37,117,5,62,104" hai3="75,124,9,130,1,29,91,15,108,34,134,12,60"/><V39/><F117/><W36/><G75/><T63/><D125/><U17/><E132/><V7/><F133/><W119/><G36/><T14/><D111/><U26/><E0/><V102/><F39/><W56/><G134/><T33/><D33/><U52/><E42/><V73/><F73/><W11/><G119/><T121/><D121/><U3/><E3/><V72/><F72/><W110/><G130/><T115/><D14/><N who="3" m="5161" /><G1/><T23/><D23/><U82/><E35/><V99/><F107/><W45/><G124/><T77/><D40/><U135/><E135/><V81/><F37/><W4/><G4/><T96/><D96/><U80/><E26/><V48/><F10/><W13/><G13/><T85/><D85/><U71/><E71/><V61/><F20/><W6/><G6/><T122/><D122/><U31/><E31/><V109/><F27/><N who="3" m="18751" /><G45/><T8/><D8/><U38/><E38/><V127/><F127/><W92/><G91/><T116/><D116/><U126/><E126/><V83/><F109/><N who="3" m="42091" /><G92/><T16/><D16/><N who="1" m="6219" /><E25/><V88/><F83/><N who="1" m="31785" /><E78/><V47/><REACH who="2" step="1"/><F70/><REACH who="2" ten="208,260,260,262" step="2"/><W50/><G9/><T2/><D2/><U93/><E93/><V57/><F57/><W123/><G11/><T69/><REACH who="0" step="1"/><D63/><AGARI ba="0,1" hai="52,59,63,64,66,86,89,95" m="31785,6219" machi="63" ten="30,3900,0" yaku="8,1,54,2" doraHai="65" who="1" fromWho="0" sc="208,-39,260,49,260,0,262,0" /><AGARI ba="0,0" hai="5,7,47,48,53,61,62,63,81,84,88,99,102,104" machi="63" ten="40,3900,0" yaku="1,1,54,1,53,0" doraHai="65" doraHaiUra="28" who="2" fromWho="0" sc="169,-39,309,0,260,39,262,0" /><INIT seed="2,1,0,2,2,96" ten="130,309,299,262" oya="2" hai0="65,108,135,123,21,62,24,33,9,49,129,1,10" hai1="43,53,52,18,128,124,86,67,70,102,71,126,109" hai2="41,110,57,120,55,87,118,46,35,17,61,122,121" hai3="77,92,38,50,89,45,26,116,29,0,104,105,103"/><V69/><F35/><W82/><G116/><T80/><D123/><U44/><E86/><V91/><F118/><W54/><G38/><T85/><D135/><U73/><E73/><V113/><F113/><W5/><G5/><T95/><D108/><U40/><E18/><V114/><F114/><W60/><G0/><T127/><D127/><U111/><E67/><V115/><F115/><W107/><G60/><T94/><D129/><U47/><REACH who="1" step="1"/><E102/><REACH who="1" ten="130,299,299,262" step="2"/><V13/><F120/><W63/><G103/><T12/><D33/><U23/><E23/><V72/><F72/><W25/><G29/><T98/><D10/><U106/><E106/><V66/><F121/><W32/><G32/><T16/><D1/><U28/><E28/><V14/><F17/><W81/><G81/><T79/><D98/><U131/><AGARI ba="1,1" hai="40,43,44,47,52,53,70,71,109,111,124,126,128,131" machi="131" ten="25,16000,3" yaku="1,1,0,1,22,2,34,3,54,1,53,0" doraHai="96" doraHaiUra="3" who="1" fromWho="1" sc="130,-41,299,173,299,-81,262,-41" /><INIT seed="3,0,0,5,0,54" ten="89,472,218,221" oya="3" hai0="63,8,14,39,21,112,58,100,83,3,9,122,108" hai1="113,24,41,88,61,46,31,35,115,111,92,121,116" hai2="57,89,27,16,44,102,130,28,65,120,93,79,50" hai3="1,51,45,104,81,52,71,70,29,47,15,106,4"/><W87/><G1/><T12/><D122/><U101/><E111/><V105/><F130/><W125/><G125/><T69/><D108/><U103/><E121/><V48/><F79/><W11/><G29/><T110/><D110/><U133/><E133/><V2/><F2/><W36/><G36/><T5/><D39/><U78/><E78/><V117/><F117/><W99/><G45/><T49/><D112/><U127/><E116/><V126/><F105/><W77/><REACH who="3" step="1"/><G99/><REACH who="3" ten="89,472,218,211" step="2"/><T7/><D3/><U59/><E127/><V53/><F28/><W80/><G80/><T97/><D83/><U76/><E115/><V75/><F126/><W13/><G13/><T74/><D74/><U95/><E113/><V82/><F44/><W109/><G109/><T90/><D90/><U30/><E30/><V131/><F120/><W114/><G114/><T62/><D21/><U25/><E76/><V134/><F89/><W43/><G43/><T60/><D69/><AGARI ba="0,1" hai="4,11,15,47,51,52,69,70,71,77,81,87,104,106" machi="69" ten="40,3900,0" yaku="1,1,54,1,53,0" doraHai="54" doraHaiUra="84" who="3" fromWho="0" sc="89,-39,472,0,218,0,211,49" /><INIT seed="3,1,0,3,4,56" ten="50,472,218,260" oya="3" hai0="64,77,83,100,1,95,132,31,89,16,121,27,123" hai1="37,82,84,10,126,35,106,7,122,58,0,22,97" hai2="53,67,43,94,17,24,72,9,19,12,46,11,101" hai3="33,59,41,133,8,45,29,88,87,99,36,104,111"/><W50/><G133/><T96/><D132/><U34/><E122/><V42/><F72/><W90/><G111/><T71/><D1/><U131/><E37/><V20/><F67/><W119/><G119/><T47/><D47/><U23/><E131/><V92/><F11/><W62/><G8/><T107/><D31/><U102/><E126/><V103/><F92/><W128/><G128/><T54/><D54/><U52/><E35/><V78/><F78/><W109/><G109/><T124/><D124/><U30/><E34/><V115/><F115/><W112/><G112/><T114/><D114/><U39/><E39/><V49/><F94/><W26/><G36/><T6/><D6/><U125/><E30/><V86/><F86/><W85/><G85/><T108/><D108/><U4/><E4/><V51/><REACH who="2" step="1"/><F43/><REACH who="2" ten="50,472,208,260" step="2"/><W63/><G87/><T40/><D40/><U68/><E125/><V18/><F18/><W44/><G44/><AGARI ba="1,1" hai="9,12,17,19,20,24,42,44,46,49,51,53,101,103" machi="44" ten="30,8000,1" yaku="1,1,7,1,8,1,53,2" doraHai="56" doraHaiUra="15" who="2" fromWho="3" sc="50,0,472,0,208,93,260,-83" /><INIT seed="4,0,0,1,3,119" ten="50,472,301,177" oya="0" hai0="108,49,72,109,89,14,46,69,101,114,58,32,110" hai1="52,44,45,29,71,3,19,26,81,59,35,135,122" hai2="78,60,73,28,51,77,57,67,18,7,102,112,86" hai3="95,87,88,75,61,123,48,53,10,113,120,64,128"/><T20/><D69/><U96/><E135/><V56/><F73/><W13/><G75/><T116/><D32/><U132/><E132/><V79/><F112/><W104/><G104/><T103/><D114/><U39/><E71/><V34/><F102/><W131/><G113/><T9/><D116/><U62/><E3/><V66/><F7/><N who="3" m="3295" /><G61/><T93/><D72/><U70/><E122/><N who="3" m="46634" /><G64/><T8/><D58/><AGARI ba="0,0" hai="48,53,58,87,88,95,128,131" m="46634,3295" machi="58" ten="30,8000,1" yaku="13,1,52,3,54,1" doraHai="119" who="3" fromWho="0" sc="50,-80,472,0,301,0,177,80" owari="-30,-53.0,472,57.2,301,10.1,257,-14.3" /></mjloggm>