<mjloggm ver="2.3"><GO type="169" lobby="0"/><UN n0="%E6%9D%B1%E4%BA%AC%E9%9B%BB%E5%8A%9B" n1="%E5%90%89%E7%A5%A5%E5%AF%BA%4B%47" n2="%6E%6F%73%75%6B%65" n3="%E3%81%95%E3%81%8B%E3%81%8D" dan="17,16,17,17" rate="2208.35,2128.44,2183.11,2224.09" sx="M,F,M,M"/><TAIKYOKU oya="0"/><INIT seed="0,0,0,4,0,47" ten="250,250,250,250" oya="0" hai0="114,120,85,62,13,118,70,56,48,39,7,45,126" hai1="54,96,21,53,11,44,86,15,104,3,8,103,17" hai2="78,38,89,133,26,65,9,22,69,61,73,2,40" hai3="98,31,18,121,105,1,100,111,83,88,80,32,108"/><T79/><D126/><U132/><E132/><V84/><F133/><W102/><G1/><T0/><D114/><U34/><E34/><V127/><F127/><W94/><G18/><T131/><D131/><U81/><E3/><V77/><F73/><W122/><G31/><T101/><D120/><N who="3" m="46185" /><G32/><T33/><D118/><U5/><E44/><V97/><F97/><N who="3" m="57543" /><G100/><T25/><D101/><U36/><E36/><V20/><F40/><W28/><G28/><T113/><D0/><U46/><E46/><V129/><F38/><W16/><G16/><T106/><D113/><U35/><E35/><V72/><F129/><W76/><G80/><T68/><D39/><U123/><E123/><V50/><F22/><W125/><G125/><T42/><D25/><U6/><E6/><V19/><F9/><W4/><G4/><T63/><D33/><U128/><E8/><V64/><F2/><W109/><G109/><T66/><D7/><U67/><E128/><V51/><F65/><W14/><G14/><T124/><D13/><U23/><E67/><V43/><F43/><W110/><G110/><T24/><D24/><U117/><E23/><V12/><F26/><W134/><G134/><T71/><D124/><U52/><E21/><V95/><REACH who="2" step="1"/><F72/><AGARI ba="0,0" hai="72,76,83,98,102,105,108,111" m="57543,46185" machi="72" ten="30,7700,0" yaku="13,1,34,2,54,1" doraHai="47" who="3" fromWho="2" sc="250,0,250,0,250,-77,250,77" /><INIT seed="1,0,0,4,3,113" ten="250,250,173,327" oya="1" hai0="93,91,32,92,82,85,50,124,23,8,68,73,58" hai1="1,31,24,43,106,39,60,19,135,89,125,3,123" hai2="117,100,107,42,99,71,118,67,52,77,101,10,49" hai3="121,30,48,122,46,126,56,112,76,104,36,15,128"/><U11/><E123/><V129/><F129/><W37/><G104/><T94/><D32/><U61/><E125/><V62/><F101/><W109/><G76/><T127/><D68/><U87/><E106/><V54/><F77/><W57/><G15/><T33/><D33/><U79/><E79/><V111/><F111/><W38/><G30/><T47/><D73/><U81/><E135/><V41/><F54/><W108/><G112/><T119/><D58/><N who="3" m="22633" /><G128/><T114/><D23/><U95/><E1/><V69/><F71/><W6/><G6/><T75/><D75/><U90/><E43/><V78/><F78/><W131/><G126/><N who="0" m="48171" /><D8/><U45/><E45/><V14/><F42/><N who="3" m="24663" /><G131/><T132/><D114/><U22/><E3/><V134/><F41/><W44/><G44/><T86/><D132/><U53/><E11/><V9/><F134/><W103/><G103/><T66/><D85/><U65/><E31/><V88/><F49/><W102/><G102/><T5/><D5/><U2/><E19/><V34/><F34/><W80/><G80/><T18/><D18/><U55/><E81/><V97/><F52/><W59/><G59/><T16/><D16/><U51/><E55/><V133/><F133/><W40/><G40/><N who="0" m="24935" /><D66/><U12/><E65/><V27/><F27/><W17/><G17/><T35/><D35/><U25/><E25/><V26/><F26/><W21/><G21/><T70/><D70/><U0/><E22/><V120/><F14/><W74/><G74/><T105/><D105/><U63/><E12/><V13/><F13/><W116/><G116/><AGARI ba="0,0" hai="82,86,91,92,93,94,116,119" m="24935,48171" machi="116" ten="30,3900,0" yaku="18,1,52,2" doraHai="113" who="0" fromWho="3" sc="250,39,250,0,173,0,327,-39" /><INIT seed="2,0,0,1,5,116" ten="289,250,173,288" oya="2" hai0="17,35,122,72,132,39,95,121,91,71,87,38,26" hai1="37,56,135,43,0,23,50,99,36,49,86,111,2" hai2="126,14,25,92,65,73,85,47,109,9,105,57,46" hai3="129,82,8,70,44,68,12,81,59,54,100,78,16"/><V63/><F126/><W127/><G127/><T41/><D132/><U89/><E135/><V32/><F105/><W18/><G129/><T115/><D115/><U5/><E111/><V51/><F73/><W4/><G100/><T119/><D119/><U130/><E130/><V117/><F117/><W55/><G44/><T20/><D71/><U11/><E0/><V103/><F109/><W80/><G78/><T7/><D72/><U52/><E99/><V34/><F47/><W110/><G55/><T66/><D66/><U123/><E123/><V60/><F60/><W133/><G133/><T102/><D102/><U84/><E84/><V40/><F25/><W131/><G131/><T19/><D7/><U124/><E124/><V48/><F48/><W93/><G93/><T88/><D35/><U113/><E113/><V107/><F107/><W114/><G114/><T74/><D74/><U76/><E76/><V10/><F10/><W101/><G101/><T69/><D69/><U31/><E50/><V98/><REACH who="2" step="1"/><F85/><REACH who="2" ten="289,250,163,288" step="2"/><W77/><G110/><T108/><D108/><U27/><REACH who="1" step="1"/><E43/><REACH who="1" ten="289,240,163,288" step="2"/><V94/><F94/><AGARI ba="0,2" hai="2,5,11,23,27,31,36,37,49,52,56,86,89,94" machi="94" ten="30,8000,1" yaku="1,1,2,1,7,1,54,1,53,1" doraHai="116" doraHaiUra="21" who="1" fromWho="2" sc="289,0,240,100,163,-80,288,0" /><INIT seed="3,0,0,5,1,29" ten="289,340,83,288" oya="3" hai0="128,75,12,50,86,96,83,89,74,131,35,15,79" hai1="118,85,84,95,99,56,97,91,125,49,58,77,123" hai2="98,27,73,0,119,24,31,51,112,14,48,94,107" hai3="8,61,64,9,19,44,78,39,82,57,127,115,66"/><W93/><G115/><T116/><D116/><U134/><E123/><V1/><F112/><W87/><G127/><T103/><D50/><U130/><E125/><V121/><F121/><W22/><G39/><T92/><D35/><U46/><E118/><V135/><F119/><W38/><G38/><T30/><D30/><U3/><E3/><V13/><F73/><W122/><G122/><T11/><D12/><U23/><E130/><N who="0" m="49705" /><D103/><U132/><E23/><V114/><F114/><W76/><G44/><T101/><D101/><U42/><E85/><V59/><F135/><N who="1" m="51753" /><E77/><V32/><F107/><W16/><G19/><AGARI ba="0,0" hai="11,15,19,74,75,79,83,86,89,92,96" m="49705" machi="19" ten="30,1000,0" yaku="19,1" doraHai="29" who="0" fromWho="3" sc="289,10,340,0,83,0,288,-10" /><INIT seed="4,0,0,0,0,72" ten="299,340,83,278" oya="0" hai0="2,82,67,50,117,4,44,127,99,36,14,135,57" hai1="43,37,121,96,20,79,41,29,0,115,119,49,15" hai2="5,39,93,16,48,53,105,45,24,124,47,120,90" hai3="116,68,89,109,87,10,28,83,104,123,12,42,65"/><T106/><D127/><U88/><E0/><V38/><F124/><W63/><G109/><T70/><D135/><U69/><E37/><V131/><F120/><W129/><G129/><T30/><D30/><U113/><E121/><V46/><F131/><W84/><G123/><T128/><D2/><U111/><E69/><V56/><F105/><W19/><G104/><T34/><D34/><U58/><E119/><V9/><F5/><W110/><G110/><T75/><D14/><U73/><E111/><V114/><F114/><W103/><G103/><T98/><D4/><U31/><E58/><V134/><F134/><W21/><G42/><T1/><D1/><U108/><E108/><V85/><REACH who="2" step="1"/><F9/><REACH who="2" ten="299,340,73,278" step="2"/><W35/><G10/><T11/><D106/><U101/><E115/><V61/><F61/><W3/><G63/><T52/><D11/><U94/><E113/><V130/><F130/><W71/><G116/><T133/><D117/><U55/><E49/><V132/><F132/><W64/><G3/><T7/><D7/><U27/><E20/><AGARI ba="0,1" hai="16,20,24,38,39,45,46,47,48,53,56,85,90,93" machi="20" ten="40,2600,0" yaku="1,1,54,1,53,0" doraHai="72" doraHaiUra="6" who="2" fromWho="1" sc="299,0,340,-26,73,36,278,0" /><INIT seed="5,0,0,3,3,73" ten="299,314,109,278" oya="1" hai0="101,18,123,62,112,94,27,100,129,57,24,63,13" hai1="72,85,77,31,45,132,54,64,22,1,133,51,87" hai2="39,44,91,60,120,38,90,67,40,59,104,135,66" hai3="55,83,126,98,8,16,134,116,35,107,75,71,89"/><U11/><E64/><N who="2" m="38943" /><F91/><W6/><G35/><T119/><D112/><U29/><E1/><V115/><F90/><W109/><G71/><T37/><D37/><N who="2" m="13834" /><F104/><W125/><G109/><T105/><D105/><U69/><E69/><V76/><F76/><N who="3" m="44447" /><G134/><T97/><D119/><U65/><E65/><N who="2" m="24587" /><F120/><W19/><G89/><T7/><D7/><U68/><E68/><V127/><F127/><N who="3" m="48651" /><G116/><T108/><D123/><U122/><E122/><V70/><F135/><W43/><G98/><T36/><D97/><U78/><E133/><V117/><F70/><W110/><G107/><T0/><D108/><U113/><E132/><V10/><F10/><W81/><G81/><T28/><D100/><U2/><E72/><V56/><F117/><W114/><G19/><T30/><D18/><U96/><E96/><V124/><F124/><W47/><G16/><T86/><D101/><U42/><E11/><V106/><F106/><W118/><G8/><T48/><D13/><U82/><E2/><V103/><F103/><W12/><G12/><T128/><D0/><U33/><E33/><V95/><F95/><W46/><G6/><T21/><D94/><U130/><E29/><V88/><F88/><W99/><G99/><T14/><D86/><U32/><E32/><V34/><F34/><W15/><G15/><T5/><D14/><U53/><E31/><V20/><F20/><W131/><G118/><T80/><D28/><U111/><E87/><V52/><F115/><W58/><G114/><T4/><D30/><U84/><E113/><V92/><F92/><W17/><G17/><T74/><D4/><RYUUKYOKU ba="0,0" sc="299,0,314,0,109,0,278,0" /><INIT seed="6,1,0,0,2,44" ten="299,314,109,278" oya="2" hai0="113,34,109,69,89,74,102,76,96,13,7,8,18" hai1="47,75,135,40,15,87,46,59,122,31,61,78,2" hai2="132,131,127,37,24,72,93,32,115,52,42,45,49" hai3="84,133,70,16,125,57,35,91,65,81,86,33,64"/><V27/><F115/><W58/><G133/><T11/><D109/><U63/><E2/><V22/><F132/><W134/><G134/><T4/><D113/><U90/><E135/><V111/><F72/><W36/><G36/><T121/><D69/><U25/><E122/><V41/><F111/><W19/><G70/><T82/><D34/><U114/><E15/><V20/><F127/><W95/><G95/><T23/><D121/><U99/><E99/><V105/><F105/><W77/><G81/><T116/><D116/><U118/><E118/><V98/><F131/><W62/><G62/><T26/><D89/><U12/><E12/><V28/><F37/><W17/><G19/><T9/><REACH who="0" step="1"/><D4/><REACH who="0" ten="289,314,109,278" step="2"/><U80/><E90/><N who="2" m="55607" /><F32/><W108/><G91/><T6/><D6/><U104/><E114/><V107/><F107/><AGARI ba="1,1" hai="7,8,9,11,13,18,23,26,74,76,82,96,102,107" machi="107" ten="30,3900,0" yaku="1,1,7,1,53,1" doraHai="44" doraHaiUra="10" who="0" fromWho="2" sc="289,52,314,0,109,-42,278,0" /><INIT seed="7,0,0,2,3,68" ten="341,314,67,278" oya="3" hai0="98,129,118,125,70,66,110,26,13,14,35,15,90" hai1="23,33,61,63,54,12,10,123,99,43,16,49,38" hai2="19,95,11,4,72,87,83,59,101,39,105,40,42" hai3="133,82,132,96,89,37,5,117,128,62,55,122,91"/><W107/><G117/><T67/><D110/><U25/><E123/><V113/><F19/><W18/><G122/><T0/><D0/><U30/><E99/><V6/><F59/><N who="3" m="35199" /><G5/><T50/><D70/><U88/><E88/><N who="3" m="33866" /><G37/><T36/><D36/><U115/><E115/><V121/><F87/><W131/><G18/><T71/><D71/><U126/><E126/><V22/><F22/><W120/><G82/><T94/><D125/><U127/><E127/><V21/><F21/><W92/><G107/><T78/><D35/><U77/><E77/><V44/><F95/><W17/><G17/><T84/><D118/><U112/><E112/><V1/><F113/><W53/><G53/><T27/><D94/><U31/><E43/><V104/><F121/><W134/><G120/><T9/><D84/><U97/><E38/><V80/><F42/><W57/><G57/><T124/><D124/><U130/><E97/><V41/><F41/><W79/><G79/><T46/><D78/><U103/><E103/><AGARI ba="0,0" hai="92,96,103,128,131,132,133,134" m="33866,35199" machi="103" ten="40,3900,0" yaku="20,1,54,1" doraHai="68" who="3" fromWho="1" sc="341,0,314,-39,67,0,278,39" /><INIT seed="7,1,0,4,3,120" ten="341,275,67,317" oya="3" hai0="133,72,38,43,96,41,56,113,12,19,135,64,57" hai1="69,49,86,32,63,78,65,80,123,50,124,26,33" hai2="95,51,73,25,5,128,11,79,9,31,62,68,61" hai3="83,30,115,28,6,27,55,52,20,23,24,22,58"/><W21/><G115/><T116/><D113/><U122/><E122/><V121/><F95/><W104/><G104/><T111/><D72/><U106/><E123/><V76/><F51/><N who="3" m="31007" /><G6/><T97/><D116/><U112/><E112/><V129/><F121/><W17/><G83/><T45/><D43/><U44/><E124/><V132/><F5/><W90/><G90/><T48/><D111/><U84/><E106/><V93/><F93/><W88/><G88/><T3/><D3/><U130/><E130/><V98/><F25/><N who="3" m="9803" /><G55/><N who="0" m="31847" /><D57/><U14/><E50/><V100/><F98/><W53/><G53/><T70/><D97/><U0/><E0/><V89/><F89/><W39/><G39/><T1/><D96/><U71/><E71/><V47/><F47/><W126/><G126/><T99/><D99/><U15/><E86/><V74/><F132/><W82/><G82/><T77/><D77/><U66/><E66/><V91/><F91/><W18/><G18/><T107/><D107/><U36/><E36/><V35/><F31/><W102/><G102/><T10/><D1/><U105/><E105/><V127/><F127/><W119/><G119/><T4/><D4/><U101/><E101/><V59/><F59/><W34/><G34/><T114/><D114/><U87/><E87/><V40/><F100/><W118/><G118/><T60/><AGARI ba="1,0" hai="10,12,19,38,41,45,60,64,70,133,135" m="31847" machi="60" ten="30,1100,0" yaku="24,1" doraHai="120" who="0" fromWho="0" sc="341,14,275,-4,67,-4,317,-6" owari="355,45.5,271,-12.9,63,-43.7,311,11.1" /></mjloggm>