<mjloggm ver="2.3"><GO type="169" lobby="0"/><UN n0="%41%4F%54" n1="%E3%82%86%E3%81%86%E3%82%86%E3%81%8D" n2="%69%50%68%6F%6E%65%31" n3="%62%6F%79%61%74%65%74%75" dan="18,16,16,16" rate="2213.53,2155.52,2132.49,2099.20" sx="F,M,M,M"/><TAIKYOKU oya="0"/><INIT seed="0,0,0,3,2,62" ten="250,250,250,250" oya="0" hai0="88,75,12,17,7,77,39,119,51,3,44,101,94" hai1="130,97,106,2,50,76,49,13,96,37,85,22,18" hai2="115,28,43,123,30,121,84,129,27,19,86,117,118" hai3="79,122,64,46,10,47,116,102,71,98,15,74,82"/><T24/><D119/><N who="2" m="45578" /><F43/><W124/><G116/><T56/><D101/><U21/><E37/><V99/><F99/><N who="1" m="37961" /><E2/><V134/><F86/><W125/><G122/><N who="2" m="46601" /><F84/><W42/><G46/><T107/><D107/><U53/><E130/><V105/><F105/><W70/><G70/><T35/><D7/><U0/><E0/><V112/><F129/><W16/><G71/><T6/><D6/><U95/><E106/><V81/><F81/><W108/><G108/><T80/><D3/><U131/><E131/><V11/><F134/><W38/><REACH who="3" step="1"/><G64/><REACH who="3" ten="250,250,250,240" step="2"/><T26/><D44/><N who="1" m="27815" /><E50/><V59/><F59/><W72/><G72/><T34/><D56/><U78/><E78/><V5/><F115/><W92/><AGARI ba="0,1" hai="10,15,16,38,42,47,74,79,82,92,98,102,124,125" machi="92" ten="30,4000,0" yaku="1,1,0,1,54,1,53,0" doraHai="62" doraHaiUra="29" who="3" fromWho="3" sc="250,-20,250,-10,250,-10,240,50" /><INIT seed="1,0,0,2,0,107" ten="230,240,240,290" oya="1" hai0="109,106,41,86,49,73,91,39,12,47,99,100,123" hai1="11,66,30,42,25,134,32,55,70,68,18,67,48" hai2="124,104,40,34,90,80,6,56,103,111,112,8,87" hai3="17,59,135,71,46,74,113,24,82,95,76,5,117"/><U50/><E134/><V84/><F34/><W133/><G71/><T125/><D109/><U81/><E42/><V120/><F120/><W36/><G113/><T54/><D123/><U0/><E68/><V98/><F111/><W79/><G117/><T53/><D125/><U38/><E38/><V4/><F124/><W118/><G118/><T129/><D129/><U14/><E70/><V122/><F122/><W131/><G131/><T62/><D62/><U45/><E50/><V51/><F112/><W35/><G95/><T94/><D12/><U89/><REACH who="1" step="1"/><E0/><REACH who="1" ten="230,230,240,290" step="2"/><V61/><F51/><W64/><G36/><T7/><D39/><U2/><E2/><V132/><F40/><W22/><G135/><T21/><D41/><U130/><E130/><V85/><F132/><W88/><G133/><T23/><D49/><U77/><E77/><V27/><F61/><W26/><G76/><T19/><D47/><U33/><E33/><V128/><F128/><W126/><G46/><T58/><D58/><U96/><E96/><V69/><F98/><W3/><G126/><T43/><D43/><U28/><E28/><V20/><F56/><W44/><G44/><T75/><D99/><U116/><E116/><V108/><F69/><W16/><G59/><T9/><D54/><U127/><E127/><V65/><F108/><W57/><G57/><T10/><D53/><U93/><E93/><V37/><F37/><W31/><G3/><T114/><D94/><U119/><E119/><V97/><F97/><W13/><G31/><T15/><D114/><U83/><E83/><V1/><F80/><RYUUKYOKU ba="0,1" sc="230,-10,230,30,240,-10,290,-10" hai1="11,14,18,25,30,32,45,48,55,66,67,81,89" /><INIT seed="1,1,1,2,1,23" ten="220,260,230,280" oya="1" hai0="101,129,77,97,5,109,6,120,46,72,105,74,10" hai1="98,79,22,7,61,95,85,91,60,40,2,62,50" hai2="32,31,125,53,27,70,57,76,73,83,100,117,114" hai3="18,84,19,119,55,90,29,106,65,20,12,122,4"/><U8/><E79/><V0/><F117/><W93/><G122/><T128/><D109/><U127/><E127/><V45/><F125/><W39/><G119/><T67/><D120/><U130/><E130/><N who="0" m="50281" /><D67/><U52/><E40/><V44/><F114/><W92/><G106/><T94/><D77/><U66/><E22/><V49/><F0/><W41/><G65/><T103/><D46/><U69/><REACH who="1" step="1"/><E85/><REACH who="1" ten="220,250,230,280" step="2"/><V102/><F76/><W118/><G118/><T107/><D74/><U87/><E87/><V115/><F32/><W68/><G41/><T64/><D72/><U113/><E113/><V121/><F73/><W78/><G78/><T112/><D112/><U28/><E28/><V88/><F31/><W15/><G29/><T24/><D107/><U26/><E26/><V56/><F27/><W124/><G124/><T104/><D24/><U38/><E38/><V51/><F115/><W34/><G39/><T110/><D105/><U111/><E111/><V47/><F121/><W16/><G34/><T126/><D126/><U30/><E30/><V37/><F37/><W25/><G25/><T3/><D110/><U96/><E96/><V11/><F11/><W108/><G108/><T9/><D104/><U134/><E134/><V133/><F133/><W131/><G131/><T75/><D75/><U80/><E80/><V42/><F42/><W81/><G20/><T86/><D86/><U14/><E14/><V43/><F43/><W36/><G36/><T89/><D64/><U48/><E48/><V59/><F83/><W1/><G15/><AGARI ba="1,2" hai="3,5,6,9,10,15,89,94,97,101,103" m="50281" machi="15" ten="30,1000,0" yaku="19,1" doraHai="23" who="0" fromWho="3" sc="220,33,250,0,230,0,280,-13" /><INIT seed="2,0,0,4,5,79" ten="253,250,230,267" oya="2" hai0="67,53,68,40,126,14,103,80,96,75,35,2,28" hai1="101,133,77,12,83,57,46,39,8,117,127,10,15" hai2="20,52,128,71,135,61,123,110,119,34,118,58,129" hai3="13,25,24,89,112,73,59,62,131,121,92,54,66"/><V70/><F34/><W122/><G131/><N who="2" m="50249" /><F20/><W99/><G112/><T37/><D126/><U64/><E127/><V43/><F123/><W29/><G73/><T49/><D2/><U100/><E133/><V109/><F43/><W84/><G13/><T51/><D14/><U78/><E117/><N who="2" m="44555" /><F135/><W16/><G66/><T74/><D67/><U33/><E33/><V55/><F55/><W115/><G115/><T107/><D53/><U18/><E39/><V60/><F60/><W120/><G29/><T5/><D37/><U50/><E57/><V102/><F102/><W7/><G7/><T90/><D5/><U69/><E69/><AGARI ba="0,0" hai="52,58,61,69,70,71,109,110" m="44555,50249" machi="69" ten="40,12000,1" yaku="19,1,34,2,54,1" doraHai="79" who="2" fromWho="1" sc="253,0,250,-120,230,120,267,0" /><INIT seed="2,1,0,4,0,28" ten="253,130,350,267" oya="2" hai0="74,9,115,19,67,41,69,94,16,52,80,22,3" hai1="23,64,88,78,6,50,73,105,130,34,37,60,114" hai2="5,72,134,89,77,118,93,63,113,30,65,1,104" hai3="98,54,27,121,38,31,11,106,75,18,127,35,116"/><V103/><F113/><W91/><G121/><T70/><D115/><U21/><E114/><V85/><F118/><W56/><G116/><T10/><D41/><U15/><E37/><V123/><F123/><W13/><G38/><T122/><D122/><U61/><E105/><V129/><F30/><W55/><G75/><T25/><D67/><U47/><E130/><V17/><F17/><W102/><G127/><T128/><D128/><U33/><E73/><V8/><F134/><W44/><G44/><T49/><D94/><U81/><E78/><V107/><F103/><W110/><G110/><T108/><D108/><U87/><E6/><V59/><REACH who="2" step="1"/><F129/><REACH who="2" ten="253,130,340,267" step="2"/><W92/><REACH who="3" step="1"/><G56/><REACH who="3" ten="253,130,340,257" step="2"/><T36/><D70/><U45/><E45/><V43/><F43/><W124/><G124/><T109/><D69/><U40/><E40/><V32/><F32/><W76/><G76/><T42/><D42/><U12/><E47/><V58/><F58/><W133/><G133/><T112/><D112/><U132/><E132/><V84/><F84/><AGARI ba="1,2" hai="11,13,18,27,31,35,54,55,84,91,92,98,102,106" machi="84" ten="30,7700,0" yaku="1,1,7,1,52,1,53,1" doraHai="28" doraHaiUra="86" who="3" fromWho="2" sc="253,0,130,0,340,-80,257,100" /><INIT seed="3,0,0,4,2,87" ten="253,130,260,357" oya="3" hai0="7,5,12,130,116,28,54,93,59,134,37,30,95" hai1="76,119,20,125,49,120,90,65,94,23,121,2,69" hai2="17,68,27,100,22,98,51,79,50,60,124,39,19" hai3="31,56,126,115,73,44,80,101,81,43,62,29,52"/><W129/><G115/><T66/><D116/><U77/><E2/><V45/><F124/><W74/><G126/><T40/><D37/><U4/><E125/><V8/><F79/><N who="1" m="30281" /><E69/><V47/><F39/><W36/><G129/><T41/><D66/><U53/><E120/><V58/><F68/><W71/><G71/><T57/><D130/><U133/><E133/><V84/><F84/><W75/><REACH who="3" step="1"/><G101/><REACH who="3" ten="253,130,260,347" step="2"/><T111/><D134/><U107/><E121/><V64/><F100/><W72/><N who="3" m="18432" /><DORA hai="105" /><W82/><AGARI ba="0,1" hai="29,31,36,43,44,52,56,62,80,81,82" m="18432" machi="82" ten="60,24000,3" yaku="1,1,4,1,0,1,52,4,54,1,53,2" doraHai="87,105" doraHaiUra="42,48" who="3" fromWho="3" sc="253,-80,130,-80,260,-80,347,250" /><INIT seed="3,1,0,4,2,109" ten="173,50,180,597" oya="3" hai0="91,81,77,134,42,94,47,48,115,6,84,49,111" hai1="69,78,135,50,121,7,3,40,41,37,123,46,0" hai2="9,57,102,99,23,10,60,70,19,85,133,113,28" hai3="103,16,26,14,124,128,15,51,27,68,126,87,93"/><W112/><G68/><T64/><D111/><U39/><E78/><V97/><F133/><W106/><G128/><T34/><D34/><U120/><E7/><V83/><F28/><W21/><G106/><T22/><D134/><U110/><E110/><V25/><F70/><W11/><G112/><T72/><D115/><U132/><E3/><V13/><F102/><W67/><G67/><T119/><D119/><U2/><E2/><V108/><F10/><W131/><G131/><T104/><D64/><U43/><E0/><V4/><F113/><W116/><G116/><T12/><D104/><U1/><E1/><V55/><REACH who="2" step="1"/><F108/><REACH who="2" ten="173,50,170,597" step="2"/><W76/><G103/><T95/><D6/><U125/><E69/><V118/><F118/><W74/><G124/><T127/><D127/><U89/><E125/><V56/><F56/><W96/><G126/><T32/><D32/><U101/><E101/><V122/><F122/><W54/><G11/><T53/><D22/><U129/><E129/><V8/><F8/><W33/><G33/><T17/><D17/><U88/><E135/><V90/><AGARI ba="1,1" hai="4,9,13,19,23,25,55,57,60,83,85,90,97,99" machi="90" ten="20,5200,0" yaku="1,1,0,1,7,1,8,1,53,0" doraHai="109" doraHaiUra="100" who="2" fromWho="2" sc="173,-14,50,-14,170,65,597,-27" /><INIT seed="4,0,0,1,3,75" ten="159,36,235,570" oya="0" hai0="83,104,6,113,86,27,87,99,89,50,64,47,123" hai1="59,38,107,131,61,14,121,3,103,105,13,96,135" hai2="100,23,25,98,119,29,67,18,117,10,53,94,4" hai3="37,78,65,114,69,36,132,0,77,128,124,41,5"/><T52/><D113/><U12/><E121/><V92/><F67/><W134/><G114/><T33/><D123/><U11/><E38/><V84/><F53/><W54/><G54/><T66/><D6/><U110/><E110/><V73/><F73/><W91/><G91/><T17/><D33/><U71/><E71/><V102/><F84/><W74/><G124/><T72/><D72/><U109/><E109/><V127/><F127/><W106/><G106/><T1/><D1/><U2/><E135/><N who="3" m="51754" /><G128/><T7/><D7/><U60/><E131/><V68/><F68/><W81/><G77/><N who="0" m="46447" /><D104/><U76/><E107/><V57/><F57/><W97/><G97/><T55/><D99/><U79/><E11/><V22/><F102/><W46/><G36/><T63/><D55/><U130/><E130/><V44/><F100/><W111/><G111/><T48/><D48/><U112/><E112/><V70/><F98/><W34/><G34/><T90/><D63/><U42/><E61/><V125/><F125/><W31/><G31/><T49/><D49/><U19/><E42/><V16/><F29/><W40/><G40/><T115/><D115/><U85/><E85/><V122/><F122/><W118/><G118/><T82/><D90/><U32/><E32/><V58/><F119/><W51/><G51/><T15/><D27/><U62/><E62/><V95/><F25/><W39/><G39/><T9/><AGARI ba="0,0" hai="9,15,17,47,50,52,64,66,82,87,89" m="46447" machi="9" ten="30,11700,0" yaku="25,1,8,1,52,1,54,1" doraHai="75" who="0" fromWho="0" sc="159,117,36,-39,235,-39,570,-39" owari="276,7.6,-3,-50.3,196,-20.4,531,63.1" /></mjloggm>