<mjloggm ver="2.3"><GO type="169" lobby="0"/><UN n0="%E3%82%8A%E3%82%93%E3%81%94%32%32%36" n1="%E3%83%A9%E3%82%A4%E3%82%AA%E3%82%B9" n2="%E3%83%A9%E3%83%B3%E3%82%B9%E3%83%AD%E3%83%83%E3%83%88" n3="%4D%4A%E6%9C%80%E5%BC%B7%E4%BD%8D" dan="16,16,16,17" rate="2139.80,2069.98,2108.24,2195.07" sx="M,M,M,M"/><TAIKYOKU oya="0"/><INIT seed="0,0,0,4,2,134" ten="250,250,250,250" oya="0" hai0="21,118,66,8,57,44,130,77,93,33,89,49,109" hai1="27,23,25,17,82,73,13,35,1,110,122,67,131" hai2="107,43,15,24,81,121,46,129,32,105,91,86,48" hai3="98,61,135,94,58,7,45,113,16,114,115,124,92"/><T119/><D33/><U41/><E122/><V60/><F121/><W126/><G135/><T80/><D130/><U128/><E67/><V20/><F129/><N who="1" m="49737" /><E41/><V87/><F32/><W108/><G7/><T10/><D109/><U102/><E102/><V106/><F60/><W99/><G45/><T116/><D21/><U132/><E132/><V125/><F87/><W55/><G108/><T22/><D22/><U65/><E65/><V39/><F15/><W28/><G28/><T18/><D18/><N who="1" m="10703" /><E1/><V63/><F63/><W74/><G16/><T38/><D38/><U26/><E110/><V40/><F40/><W96/><G74/><T95/><D57/><U37/><E37/><V70/><F70/><W19/><G19/><T112/><D66/><U29/><E82/><V84/><F84/><W4/><G4/><T51/><D51/><U0/><E73/><V69/><F69/><W117/><G117/><T5/><D5/><U53/><E53/><V133/><F133/><W78/><G78/><T90/><D95/><U79/><E79/><V11/><F11/><N who="0" m="4138" /><D93/><U30/><E0/><V103/><F103/><W62/><G61/><T36/><D36/><U111/><E111/><V127/><REACH who="2" step="1"/><F39/><REACH who="2" ten="250,250,240,250" step="2"/><W123/><G123/><T52/><D118/><U85/><E85/><V50/><F50/><W88/><REACH who="3" step="1"/><G99/><REACH who="3" ten="250,250,240,240" step="2"/><T9/><D119/><U34/><E17/><AGARI ba="0,2" hai="17,20,24,43,46,48,81,86,91,105,106,107,125,127" machi="17" ten="40,8000,1" yaku="1,1,52,2,53,1" doraHai="134" doraHaiUra="47" who="2" fromWho="1" sc="250,0,250,-80,240,100,240,0" /><INIT seed="1,0,0,4,0,53" ten="250,170,340,240" oya="1" hai0="15,30,31,133,58,100,101,46,6,86,113,25,19" hai1="103,40,117,45,109,108,104,129,69,78,95,75,43" hai2="82,94,70,37,106,35,3,116,10,23,22,73,123" hai3="93,112,74,111,34,56,85,47,17,91,52,96,27"/><U60/><E117/><V90/><F106/><W97/><G74/><T107/><D113/><U11/><E104/><V13/><F3/><W79/><G112/><T128/><D128/><U5/><E129/><V89/><F116/><W54/><G111/><N who="1" m="42570" /><E75/><V0/><F0/><W41/><G79/><T114/><D107/><U127/><E78/><V72/><F35/><W20/><G54/><T98/><D114/><U92/><E127/><V124/><F124/><W39/><REACH who="3" step="1"/><G34/><REACH who="3" ten="250,170,340,230" step="2"/><T131/><D131/><U68/><E43/><V84/><F72/><W81/><G81/><T1/><D133/><U16/><E40/><V51/><F82/><W71/><G71/><T135/><D135/><U36/><E69/><V122/><F70/><W57/><G57/><T24/><D58/><U121/><E121/><V80/><F80/><W7/><G7/><T26/><D6/><U88/><E5/><V18/><F73/><W14/><G14/><T55/><D1/><U8/><E68/><V9/><F13/><W134/><G134/><T48/><D15/><U110/><E110/><V64/><F122/><W77/><G77/><T42/><D42/><U65/><E65/><V120/><F64/><W125/><G125/><T62/><D55/><U67/><E67/><V87/><F120/><W59/><G59/><T76/><D76/><U28/><E45/><V115/><F123/><W32/><G32/><T63/><D46/><U4/><E4/><V38/><F115/><W119/><G119/><T12/><D12/><U130/><E130/><V33/><F33/><W44/><G44/><T49/><D26/><RYUUKYOKU ba="0,1" sc="250,-10,170,-10,340,-10,230,30" hai3="17,20,27,39,41,47,52,56,85,91,93,96,97" /><INIT seed="2,1,1,4,1,33" ten="240,160,330,260" oya="2" hai0="2,101,91,45,5,9,63,58,69,17,61,67,14" hai1="126,71,76,42,0,38,104,52,64,83,7,50,117" hai2="127,62,109,26,53,73,65,115,93,102,10,40,46" hai3="16,108,11,135,112,77,128,32,19,56,129,113,39"/><V78/><F115/><N who="3" m="44107" /><G39/><T79/><D101/><U48/><E104/><V99/><F127/><W3/><G77/><T103/><D103/><U111/><E117/><V121/><F121/><W120/><G120/><T29/><D29/><U85/><E126/><V34/><F109/><W6/><G108/><T98/><D45/><U47/><E111/><V72/><F53/><W24/><G56/><T43/><D43/><U88/><E50/><V8/><F8/><W12/><G135/><T57/><D79/><U118/><E118/><V123/><F10/><N who="3" m="6167" /><G19/><T74/><D74/><U37/><E37/><V21/><F34/><W49/><G49/><T107/><D107/><U51/><E51/><V20/><F78/><W30/><AGARI ba="1,1" hai="3,6,11,24,30,32,128,129" m="6167,44107" machi="30" ten="30,8000,1" yaku="11,1,34,2,52,1,54,1" doraHai="33" who="3" fromWho="3" sc="240,-21,160,-21,330,-41,260,93" /><INIT seed="3,0,0,3,2,106" ten="219,139,289,353" oya="3" hai0="31,40,134,11,6,75,61,76,88,44,99,14,86" hai1="17,72,121,1,67,125,29,52,84,109,87,100,60" hai2="111,80,8,69,30,91,115,33,118,90,133,47,119" hai3="49,83,58,22,59,89,98,3,53,2,5,79,4"/><W73/><G22/><T94/><D134/><U97/><E1/><V70/><F47/><W32/><G32/><T81/><D61/><U112/><E121/><V105/><F105/><W34/><G34/><T25/><D25/><U71/><E112/><V13/><F33/><W7/><G98/><T10/><D10/><U128/><E125/><V101/><F80/><W104/><G104/><T95/><D31/><U92/><E29/><V131/><F30/><W23/><G89/><T19/><D95/><U65/><E65/><V93/><F93/><W46/><G23/><T123/><D123/><U113/><E113/><V55/><F55/><W62/><REACH who="3" step="1"/><G59/><REACH who="3" ten="219,139,289,343" step="2"/><T48/><REACH who="0" step="1"/><D6/><REACH who="0" ten="209,139,289,343" step="2"/><U26/><E92/><V68/><F115/><W108/><G108/><T15/><D15/><U117/><E109/><V18/><F111/><W96/><G96/><AGARI ba="0,2" hai="11,14,19,40,44,48,75,76,81,86,88,94,96,99" machi="96" ten="40,5200,0" yaku="1,1,52,1,54,1,53,0" doraHai="106" doraHaiUra="35" who="0" fromWho="3" sc="209,72,139,0,289,0,343,-52" /><INIT seed="4,0,0,3,5,7" ten="281,139,289,291" oya="0" hai0="18,79,15,92,66,111,87,95,9,8,43,61,35" hai1="49,70,64,2,93,25,133,77,19,65,68,90,45" hai2="91,32,3,0,67,122,48,123,51,11,39,5,131" hai3="114,52,57,97,80,134,116,132,78,119,33,14,115"/><T6/><D35/><U135/><E2/><V117/><F39/><W31/><G14/><T1/><D111/><U75/><E77/><V107/><F0/><W83/><G31/><T113/><D113/><N who="3" m="43017" /><G33/><T125/><D125/><U46/><E75/><V110/><F110/><W128/><G57/><T47/><D87/><U40/><E25/><V86/><F32/><W127/><G52/><T108/><D79/><U124/><E19/><V56/><F117/><N who="3" m="45131" /><G127/><T63/><D108/><U4/><E124/><V30/><F30/><W10/><G10/><T36/><REACH who="0" step="1"/><D61/><REACH who="0" ten="271,139,289,291" step="2"/><U26/><E135/><N who="3" m="51754" /><G128/><T38/><D38/><U53/><E133/><V42/><F131/><W23/><G23/><T41/><D41/><U129/><E129/><V27/><F42/><W60/><G60/><T120/><D120/><U24/><E40/><V96/><F122/><W105/><G78/><T73/><D73/><U84/><E70/><AGARI ba="0,1" hai="1,6,8,9,15,18,36,43,47,63,66,70,92,95" machi="70" ten="30,12000,1" yaku="1,1,7,1,52,2,53,1" doraHai="7" doraHaiUra="37" who="0" fromWho="1" sc="271,130,139,-120,289,0,291,0" /><INIT seed="4,1,0,0,4,35" ten="401,19,289,291" oya="0" hai0="99,18,43,116,73,130,26,117,57,4,9,30,6" hai1="1,98,70,55,97,63,74,42,45,27,16,38,126" hai2="37,81,53,34,3,112,91,65,90,44,129,13,50" hai3="67,108,47,121,88,105,115,41,84,124,69,25,102"/><T131/><D73/><U40/><E74/><V32/><F112/><W11/><G115/><T58/><D99/><U114/><E114/><V15/><F129/><N who="0" m="49162" /><D43/><U23/><E126/><V20/><F37/><W104/><G124/><T72/><D72/><U94/><E42/><V71/><F3/><W12/><G121/><T128/><D58/><N who="1" m="35295" /><E70/><V76/><F32/><W125/><G125/><T5/><D57/><U59/><E59/><V22/><F34/><W77/><G77/><T106/><D106/><U120/><E98/><V89/><F71/><W103/><G108/><T96/><D96/><U56/><E56/><V61/><F61/><W113/><G113/><T135/><D135/><U78/><E78/><V48/><F48/><W107/><G25/><T17/><N who="0" m="49170" /><T62/><DORA hai="24" /><D62/><U111/><E111/><V0/><F0/><W80/><G67/><T10/><D10/><U66/><E66/><V86/><F65/><W19/><REACH who="3" step="1"/><G69/><REACH who="3" ten="401,19,289,281" step="2"/><T134/><D134/><U21/><E120/><V39/><REACH who="2" step="1"/><F39/><AGARI ba="1,1" hai="11,12,19,39,41,47,80,84,88,102,103,104,105,107" machi="39" ten="40,8000,1" yaku="1,1,2,1,54,1,53,1" doraHai="35,24" doraHaiUra="83,51" who="3" fromWho="2" sc="401,0,19,0,289,-83,281,93" /><INIT seed="5,0,0,4,4,122" ten="401,19,206,374" oya="1" hai0="62,76,121,55,10,115,113,32,36,72,88,80,67" hai1="82,118,133,81,19,96,84,61,128,99,21,59,135" hai2="17,20,2,86,130,103,114,37,48,95,69,129,117" hai3="124,54,68,7,1,44,127,28,5,42,31,43,16"/><U64/><E118/><V98/><F37/><W83/><G68/><T97/><D32/><U126/><E126/><N who="3" m="48170" /><G83/><T23/><D121/><U100/><E128/><N who="2" m="49259" /><F117/><W92/><G54/><T27/><D10/><U79/><E82/><V40/><F69/><W134/><G134/><T13/><D13/><U34/><E34/><V29/><F2/><W56/><G56/><T35/><D35/><U120/><E120/><V18/><F114/><W106/><G106/><T101/><D55/><U49/><E49/><V11/><F11/><N who="3" m="2479" /><G7/><T3/><D3/><U63/><E63/><V33/><F33/><W53/><G92/><T125/><D125/><U52/><E64/><V38/><F38/><N who="3" m="21591" /><G43/><T30/><D36/><U112/><E112/><V12/><F86/><W46/><G16/><T111/><D62/><U51/><E61/><V119/><F119/><W74/><G74/><T123/><D67/><U107/><REACH who="1" step="1"/><E99/><REACH who="1" ten="401,9,206,374" step="2"/><V0/><F48/><AGARI ba="0,1" hai="28,31,46,48,53" m="21591,2479,48170" machi="48" ten="30,1000,0" yaku="18,1" doraHai="122" who="3" fromWho="2" sc="401,0,9,0,206,-10,374,20" /><INIT seed="6,0,0,4,5,38" ten="401,9,196,394" oya="2" hai0="73,120,34,80,27,82,133,57,39,49,111,124,88" hai1="41,11,60,93,16,67,53,100,7,0,92,106,135" hai2="24,131,55,74,81,51,134,22,10,77,71,70,83" hai3="19,47,18,96,35,99,101,29,87,91,105,56,114"/><V97/><F131/><W13/><G114/><T86/><D111/><U126/><E126/><V69/><F134/><W8/><G96/><T54/><D120/><U118/><E118/><V110/><F110/><W30/><G35/><T25/><D39/><U115/><E135/><V66/><F83/><W64/><G47/><T117/><D133/><U37/><E115/><V63/><F10/><W72/><G72/><T2/><D2/><U33/><E33/><V62/><F62/><W31/><G56/><T68/><D68/><U15/><E53/><V26/><F97/><W45/><G45/><T76/><D124/><U95/><E106/><V36/><F26/><W75/><G64/><T52/><D34/><U121/><E121/><V46/><REACH who="2" step="1"/><F36/><REACH who="2" ten="401,9,186,394" step="2"/><W98/><G98/><T32/><D117/><U5/><E5/><V128/><BYE who="1" /><F128/><W9/><G75/><T4/><D4/><U58/><E58/><V14/><F14/><W130/><G130/><T132/><D132/><U119/><E119/><V6/><F6/><UN n1="%E3%83%A9%E3%82%A4%E3%82%AA%E3%82%B9" /><W104/><G104/><T123/><D123/><U21/><E100/><V127/><F127/><W109/><G109/><T116/><D116/><U103/><E103/><V12/><F12/><N who="3" m="7431" /><G87/><T113/><D113/><U65/><E60/><V85/><F85/><W89/><G91/><T108/><D108/><U3/><E3/><V1/><F1/><W84/><G84/><T50/><D32/><U112/><E112/><V78/><F78/><W79/><G89/><T20/><D20/><U59/><E59/><AGARI ba="0,1" hai="25,27,49,50,52,54,57,59,73,76,80,82,86,88" machi="59" ten="30,7700,0" yaku="7,1,9,1,54,2" doraHai="38" who="0" fromWho="1" sc="401,87,9,-77,186,0,394,0" owari="488,58.8,-68,-56.8,186,-21.4,394,19.4" /></mjloggm>