<mjloggm ver="2.3"><GO type="169" lobby="0"/><UN n0="%6B%75%73%6F%E6%AD%A3%E5%AE%97" n1="%E3%81%A8%E3%81%B3%E3%81%BE%E3%81%93" n2="%E3%81%98%E3%82%83%E3%81%99%E3%81%BF%E3%82%93" n3="%E3%83%90%E3%83%AA%E3%83%88%E3%83%B3" dan="16,18,16,17" rate="2093.06,2197.43,2056.29,2234.95" sx="M,M,M,M"/><TAIKYOKU oya="0"/><INIT seed="0,0,0,4,4,117" ten="250,250,250,250" oya="0" hai0="14,28,70,47,82,105,131,135,94,116,33,127,61" hai1="27,65,62,97,122,64,35,78,79,90,93,130,88" hai2="48,102,8,41,86,95,63,74,51,53,121,91,66" hai3="18,36,31,129,71,24,26,37,89,20,132,4,83"/><T2/><D116/><U13/><E130/><V106/><F74/><W21/><G71/><T25/><D2/><U76/><E122/><V49/><F41/><W42/><G129/><T19/><D131/><U11/><E35/><V30/><F30/><W50/><G132/><T96/><D135/><U92/><E27/><V3/><F106/><W23/><G4/><T101/><D127/><U0/><E0/><V123/><F102/><W111/><G111/><T69/><D94/><U110/><E110/><V38/><F53/><W98/><G23/><T81/><D47/><U112/><E112/><V77/><F77/><W124/><G124/><T9/><REACH who="0" step="1"/><D69/><REACH who="0" ten="240,250,250,250" step="2"/><U57/><E65/><AGARI ba="0,1" hai="9,14,19,25,28,33,61,65,70,81,82,96,101,105" machi="65" ten="40,12000,1" yaku="1,1,2,1,25,2,53,0" doraHai="117" doraHaiUra="55" who="0" fromWho="1" sc="240,130,250,-120,250,0,250,0" /><INIT seed="0,1,0,1,4,47" ten="370,130,250,250" oya="0" hai0="66,97,50,107,44,16,82,61,83,76,74,75,52" hai1="91,45,2,126,12,130,9,95,72,4,1,56,59" hai2="32,129,114,94,54,33,125,101,13,3,102,28,68" hai3="65,63,103,93,78,104,38,132,30,116,49,25,128"/><T53/><D53/><U62/><E72/><V122/><F122/><W92/><G38/><T7/><D7/><U90/><E126/><V39/><F114/><W120/><G116/><T84/><D83/><U71/><E130/><V58/><F3/><W133/><G128/><T36/><D36/><U55/><E71/><V21/><F68/><W77/><G120/><T113/><D113/><U80/><E45/><V26/><F39/><W17/><G17/><T96/><D16/><U112/><E112/><V51/><F125/><W35/><G93/><T123/><D123/><U131/><E131/><V46/><F129/><W27/><G92/><T79/><D79/><U118/><E118/><V34/><F94/><W42/><G27/><T20/><D20/><U124/><E124/><V22/><F22/><W15/><G15/><T11/><D11/><U10/><E56/><V69/><F69/><N who="3" m="42175" /><G77/><T109/><D109/><U41/><E41/><V8/><REACH who="2" step="1"/><F58/><REACH who="2" ten="370,130,240,250" step="2"/><W99/><G78/><T23/><D23/><U6/><E80/><V60/><F60/><W40/><G40/><T31/><D61/><U37/><E37/><V0/><F0/><W110/><G110/><T67/><D75/><U106/><E106/><V87/><F87/><W14/><G14/><T117/><D74/><U115/><E115/><V57/><F57/><W135/><G42/><T24/><D117/><U43/><E43/><V85/><F85/><W108/><G108/><T134/><D107/><U86/><E12/><V64/><F64/><W81/><G81/><T19/><D82/><U18/><E90/><V73/><F73/><RYUUKYOKU ba="1,1" sc="370,-30,130,10,240,10,250,10" hai1="1,2,4,6,9,10,18,55,59,62,86,91,95" hai2="8,13,21,26,28,32,33,34,46,51,54,101,102" hai3="25,30,35,49,99,103,104,132,133,135" /><INIT seed="1,2,1,5,1,101" ten="340,140,250,260" oya="1" hai0="121,114,33,61,18,23,27,34,16,97,28,131,113" hai1="126,100,35,76,43,112,51,120,77,123,58,129,40" hai2="36,134,78,10,68,82,44,111,64,55,42,92,116" hai3="103,86,132,25,79,133,32,90,63,102,107,49,47"/><U46/><E35/><N who="0" m="13321" /><D97/><U105/><E112/><N who="0" m="43113" /><D61/><U74/><E126/><V106/><F92/><W89/><G79/><T52/><D52/><U4/><E129/><V24/><F55/><W109/><G63/><T93/><D93/><U26/><E4/><V115/><F115/><W75/><G75/><T81/><D81/><U125/><E125/><V95/><F95/><W66/><G66/><T38/><D38/><U72/><E26/><V8/><F24/><W56/><G56/><T104/><D104/><U96/><E58/><V11/><F116/><W30/><G109/><T98/><D98/><U54/><E76/><V6/><F106/><W22/><G32/><N who="0" m="20511" /><D131/><U50/><E43/><V94/><F94/><N who="3" m="54583" /><G90/><T59/><D59/><U0/><E77/><V60/><F111/><W119/><G107/><T87/><D87/><U5/><E72/><N who="2" m="43335" /><F134/><N who="3" m="51819" /><G119/><T69/><D69/><U128/><E74/><V2/><AGARI ba="2,1" hai="2,6,8,10,11,36,42,44,60,64,68" m="43335" machi="2" ten="30,1100,0" yaku="25,1" doraHai="101" who="2" fromWho="2" sc="340,-5,140,-7,250,27,260,-5" /><INIT seed="2,0,0,2,3,113" ten="335,133,277,255" oya="2" hai0="124,3,111,102,75,132,37,33,112,64,13,82,5" hai1="44,107,25,30,97,93,103,27,61,0,24,77,101" hai2="122,38,14,46,49,71,70,36,9,92,85,131,90" hai3="108,76,129,117,67,100,48,114,59,120,98,20,109"/><V7/><F122/><W126/><G120/><T60/><D13/><U119/><E0/><V47/><F131/><W110/><G114/><T8/><D102/><U55/><E77/><V78/><F46/><W16/><G129/><T133/><D112/><U17/><E119/><V116/><F116/><W87/><G126/><T10/><D124/><U32/><E101/><V26/><F38/><W73/><G73/><T123/><D8/><U31/><E107/><V135/><F36/><W72/><G72/><T51/><D123/><U42/><E17/><V118/><F118/><W35/><G35/><T43/><D51/><U127/><E127/><V91/><F78/><W11/><G11/><T88/><D33/><U94/><E94/><V128/><F135/><W52/><G67/><T53/><D53/><U62/><E55/><V34/><F90/><W19/><G117/><T15/><D15/><U23/><REACH who="1" step="1"/><E27/><REACH who="1" ten="335,123,277,255" step="2"/><V134/><F128/><W40/><G40/><T21/><D43/><U65/><E65/><V4/><F7/><W29/><G76/><T106/><D106/><U74/><E74/><V84/><F26/><N who="3" m="16583" /><G87/><N who="0" m="50295" /><D75/><U63/><E63/><V50/><F85/><W121/><G121/><T28/><D60/><U56/><E56/><V18/><F4/><W58/><G59/><T80/><D64/><U95/><E95/><AGARI ba="0,1" hai="16,19,48,52,58,95,98,100,108,109,110" m="16583" machi="95" ten="30,3900,0" yaku="14,1,54,2" doraHai="113" who="3" fromWho="1" sc="335,0,123,-39,277,0,255,49" /><INIT seed="3,0,0,2,4,4" ten="335,84,277,304" oya="3" hai0="13,65,107,82,91,37,117,51,75,31,102,80,135" hai1="94,90,49,95,106,42,104,121,39,111,58,52,134" hai2="53,108,9,56,71,64,70,50,28,97,48,124,120" hai3="21,72,79,119,12,131,45,85,44,54,73,99,14"/><W88/><G119/><T33/><D37/><U76/><E121/><V6/><F108/><W35/><G35/><T22/><D117/><U100/><E111/><V129/><F124/><W3/><G3/><T68/><D135/><U15/><E134/><V36/><F36/><W26/><G131/><T96/><D75/><U0/><E76/><V25/><F129/><W83/><G73/><T67/><D67/><U60/><E0/><V81/><F48/><W126/><G126/><T101/><D101/><U16/><E39/><V93/><F81/><W2/><G2/><T57/><D91/><U59/><E100/><V78/><F78/><W128/><G128/><T32/><D32/><U66/><E42/><V20/><F64/><W55/><G99/><T5/><D57/><U27/><E27/><V10/><F120/><W19/><G55/><T18/><D51/><U38/><E38/><V7/><F70/><W40/><G54/><T46/><D5/><N who="2" m="1546" /><F71/><W130/><G130/><T8/><D46/><U113/><E113/><V84/><F84/><W47/><REACH who="3" step="1"/><G40/><REACH who="3" ten="335,84,277,294" step="2"/><T103/><D33/><U24/><E24/><V115/><F115/><W41/><G41/><T87/><D96/><U92/><REACH who="1" step="1"/><E90/><AGARI ba="0,1" hai="9,10,20,25,28,50,53,56,90,93,97" m="1546" machi="90" ten="30,3900,0" yaku="8,1,52,2" doraHai="4" who="2" fromWho="1" sc="335,0,84,-39,277,49,294,0" /><INIT seed="4,0,0,1,2,8" ten="335,45,326,294" oya="0" hai0="126,89,25,26,77,134,59,46,20,66,122,110,73" hai1="42,99,123,85,79,74,75,30,96,49,104,133,112" hai2="58,92,11,39,23,7,15,50,101,36,63,118,94" hai3="83,116,95,53,45,47,72,43,120,6,128,127,14"/><T60/><D122/><U65/><E123/><V17/><F118/><W37/><G116/><T24/><D126/><U28/><E65/><V135/><F135/><W9/><G127/><T108/><D134/><U54/><E133/><V109/><F109/><W31/><G128/><T48/><D89/><U67/><E67/><V113/><F113/><W34/><G120/><T19/><D77/><U40/><E112/><V70/><F70/><W2/><G95/><T0/><D0/><U102/><E85/><V98/><F50/><W1/><G34/><T129/><D73/><U131/><E131/><V124/><F94/><W76/><G31/><T32/><D129/><U44/><E96/><V18/><F18/><W27/><G27/><T55/><REACH who="0" step="1"/><D32/><REACH who="0" ten="325,45,326,294" step="2"/><U86/><E75/><V87/><F124/><W117/><G117/><T121/><D121/><U81/><E81/><V97/><BYE who="1" /><F87/><W64/><G64/><T78/><D78/><U90/><E90/><V57/><F97/><W4/><G4/><T91/><D91/><U5/><E5/><V56/><REACH who="2" step="1"/><F63/><REACH who="2" ten="325,45,316,294" step="2"/><W41/><REACH who="3" step="1"/><G53/><REACH who="3" ten="325,45,316,284" step="2"/><T105/><D105/><U33/><E33/><V38/><F38/><AGARI ba="0,3" hai="1,2,6,9,14,37,38,41,43,45,47,72,76,83" machi="38" ten="30,8000,1" yaku="1,1,2,1,7,1,9,1,52,1,53,0" doraHai="8" doraHaiUra="12" who="3" fromWho="2" sc="325,0,45,0,316,-80,284,110" /><UN n1="%E3%81%A8%E3%81%B3%E3%81%BE%E3%81%93" /><INIT seed="5,0,0,4,4,128" ten="325,45,236,394" oya="1" hai0="117,72,38,16,74,110,75,49,109,87,112,46,82" hai1="2,62,91,127,132,78,94,114,55,19,13,92,15" hai2="41,126,96,48,8,85,131,104,45,63,54,122,60" hai3="79,27,81,30,77,120,134,83,130,66,52,116,53"/><U32/><E2/><V93/><F122/><W70/><G120/><T107/><D117/><U23/><E32/><V124/><F104/><W105/><G130/><T115/><D107/><U106/><E106/><V103/><F131/><W121/><G121/><T69/><D69/><U44/><E114/><N who="0" m="43561" /><D38/><U58/><E127/><N who="2" m="48683" /><F85/><W1/><G1/><T33/><D33/><U50/><E78/><V68/><F68/><W99/><G116/><T56/><D56/><U25/><E132/><V37/><F8/><W119/><G134/><T71/><D16/><U125/><E125/><V5/><F5/><W101/><G119/><T10/><D10/><U135/><E135/><V24/><F24/><W88/><G70/><T12/><D12/><U129/><E129/><V4/><F4/><W3/><G3/><T89/><D71/><U118/><E118/><V31/><F31/><W84/><G66/><T90/><D89/><U36/><E36/><V14/><F14/><N who="1" m="5129" /><E91/><V9/><F9/><W64/><G64/><AGARI ba="0,0" hai="19,23,25,44,50,55,58,62,64,92,94" m="5129" machi="64" ten="30,1500,0" yaku="8,1" doraHai="128" who="1" fromWho="3" sc="325,0,45,15,236,0,394,-15" /><INIT seed="5,1,0,1,4,91" ten="325,60,236,379" oya="1" hai0="24,113,97,104,2,9,63,47,49,61,34,27,110" hai1="134,124,12,85,129,109,42,52,95,30,125,31,19" hai2="45,130,70,84,57,74,36,50,106,105,48,121,119" hai3="32,40,15,103,4,111,81,108,117,56,13,118,17"/><U29/><E129/><V135/><F119/><N who="3" m="45579" /><G40/><T123/><D110/><U20/><E109/><V77/><F121/><W18/><G103/><T21/><D34/><U38/><E134/><V112/><F70/><W90/><G32/><T25/><D123/><U68/><E68/><V10/><F74/><W107/><G107/><T16/><D113/><U51/><E42/><V65/><F36/><W59/><G4/><T33/><D2/><U96/><E38/><V87/><F130/><W54/><G56/><T41/><D9/><U132/><E132/><V53/><F65/><W26/><G26/><T99/><D33/><U88/><REACH who="1" step="1"/><E96/><REACH who="1" ten="325,50,236,379" step="2"/><N who="0" m="36937" /><D104/><U71/><E71/><V122/><F105/><W98/><G98/><T127/><D127/><U43/><E43/><V64/><F106/><W102/><G102/><T126/><D126/><U120/><E120/><V3/><F122/><W46/><G111/><T62/><AGARI ba="1,1" hai="16,21,24,25,27,41,47,49,61,62,63" m="36937" machi="62" ten="30,2000,0" yaku="8,1,54,1" doraHai="91" who="0" fromWho="0" sc="325,33,50,-11,236,-6,379,-6" /><INIT seed="6,0,0,3,3,55" ten="358,39,230,373" oya="2" hai0="11,60,130,90,31,104,113,94,106,17,8,54,49" hai1="125,34,83,3,129,33,30,52,15,4,56,61,123" hai2="98,67,117,28,99,40,72,87,19,53,110,124,39" hai3="103,36,58,131,42,5,14,45,1,122,75,38,2"/><V0/><F72/><W120/><G131/><T73/><D130/><U41/><E129/><V48/><F117/><W108/><G108/><T82/><D113/><U69/><E125/><V65/><F124/><W22/><G36/><T10/><D31/><U29/><E123/><V74/><F74/><W51/><G75/><T132/><D132/><U12/><E3/><V18/><F0/><W112/><G103/><T46/><D17/><N who="2" m="6154" /><F28/><W79/><G79/><T23/><D23/><U47/><E69/><V107/><F107/><W68/><G68/><T114/><D114/><U95/><E83/><V97/><F39/><W85/><G2/><T6/><D6/><U50/><E95/><V64/><F110/><W135/><G1/><T76/><REACH who="0" step="1"/><D60/><REACH who="0" ten="348,39,230,373" step="2"/><U88/><E4/><V13/><F13/><N who="1" m="5193" /><E34/><V92/><F40/><W86/><G5/><T71/><D71/><U133/><E33/><V24/><F24/><W78/><G112/><T118/><D118/><U105/><E105/><V32/><F32/><W81/><G135/><T25/><D25/><U7/><E7/><V127/><F127/><W96/><G14/><T37/><D37/><U70/><E133/><V128/><F128/><W134/><G134/><T115/><D115/><U77/><E70/><V27/><F27/><W109/><G109/><T26/><D26/><U84/><E77/><V63/><F63/><W57/><G78/><T89/><D89/><U116/><E116/><V126/><F126/><W101/><G38/><T35/><D35/><U100/><E100/><N who="2" m="60455" /><F87/><AGARI ba="0,1" hai="8,10,11,46,49,54,73,76,82,87,90,94,104,106" machi="87" ten="40,1300,0" yaku="1,1,53,0" doraHai="55" doraHaiUra="93" who="0" fromWho="2" sc="348,23,39,0,230,-13,373,0" /><INIT seed="7,0,0,2,0,13" ten="371,39,217,373" oya="3" hai0="110,91,25,33,128,122,42,23,55,121,0,46,118" hai1="24,67,31,93,80,134,72,117,98,38,29,85,89" hai2="127,79,56,74,135,84,16,54,96,10,57,75,62" hai3="73,28,82,11,77,60,130,17,40,81,43,36,120"/><W37/><G120/><T2/><D118/><U124/><E38/><V19/><F96/><W132/><G28/><T115/><D110/><U90/><E67/><V52/><F127/><W113/><G113/><T106/><D33/><U39/><E39/><V27/><F135/><W68/><G132/><T21/><D106/><U114/><E134/><V9/><F84/><W102/><G102/><T47/><D115/><U4/><E4/><V48/><F79/><W32/><G32/><T59/><D91/><U78/><E114/><V18/><REACH who="2" step="1"/><F27/><REACH who="2" ten="371,39,207,373" step="2"/><W94/><G77/><T44/><D25/><U20/><E124/><V70/><F70/><W50/><G68/><T101/><D121/><U92/><REACH who="1" step="1"/><E117/><REACH who="1" ten="371,29,207,373" step="2"/><V133/><F133/><W34/><G37/><T103/><D122/><U61/><E61/><V51/><F51/><W71/><G50/><T58/><D42/><U83/><E83/><V99/><F99/><W126/><G81/><T49/><D49/><U64/><E64/><V41/><F41/><W95/><G82/><T88/><D55/><U65/><E65/><V15/><F15/><W22/><G40/><T108/><D0/><U63/><E63/><V7/><F7/><W119/><G43/><T129/><D2/><U109/><E109/><V3/><F3/><W123/><G36/><T86/><D108/><U8/><E8/><AGARI ba="0,2" hai="8,9,10,16,18,19,48,52,54,56,57,62,74,75" machi="8" ten="40,12000,2" yaku="1,1,52,3,54,2,53,0" doraHai="13" doraHaiUra="66" who="2" fromWho="1" sc="371,0,29,-120,207,140,373,0" owari="371,17.1,-91,-59.1,347,-5.3,373,47.3" /></mjloggm>