<mjloggm ver="2.3"><GO type="169" lobby="0"/><UN n0="%E3%81%86%E3%81%A9%E3%82%93%E3%81%93" n1="%E3%81%8A%E3%81%9F%E3%81%BE%E3%82%8B" n2="%E7%AD%89%E3%80%85%E5%8A%9B%E5%8A%87%E5%A0%B4" n3="%E3%81%8A%E3%81%8A%E3%81%B0%E3%81%B0" dan="16,16,16,16" rate="2115.39,2070.59,2149.55,2037.85" sx="M,M,M,M"/><TAIKYOKU oya="0"/><INIT seed="0,0,0,3,2,106" ten="250,250,250,250" oya="0" hai0="93,108,125,16,41,50,98,133,10,42,69,97,117" hai1="5,4,39,131,110,107,44,72,95,92,126,84,89" hai2="40,91,94,32,65,88,116,26,37,121,58,119,7" hai3="34,123,64,61,24,45,100,73,109,130,59,105,48"/><T103/><D117/><N who="2" m="45130" /><F121/><W51/><G109/><T56/><D69/><U29/><E110/><V80/><F7/><W31/><G130/><T112/><D112/><U74/><E107/><V21/><F32/><W70/><G123/><T33/><D33/><U115/><E131/><V43/><F37/><W60/><G73/><T128/><D108/><U47/><E115/><V82/><F65/><N who="3" m="39071" /><G45/><T78/><D128/><U35/><E126/><V77/><F58/><W67/><G67/><T127/><D78/><U120/><E120/><V52/><F82/><W104/><G104/><T99/><D133/><U111/><E111/><V113/><F113/><W122/><G122/><T102/><D56/><U76/><E76/><V18/><F52/><W96/><AGARI ba="0,0" hai="24,31,34,48,51,61,64,70,96,100,105" m="39071" machi="96" ten="30,1100,0" yaku="25,1" doraHai="106" who="3" fromWho="3" sc="250,-5,250,-3,250,-3,250,11" /><INIT seed="1,0,0,4,5,90" ten="245,247,247,261" oya="1" hai0="125,36,109,5,76,70,80,127,26,74,17,24,29" hai1="57,108,0,61,19,78,122,110,116,21,8,104,79" hai2="84,58,114,53,56,13,12,4,75,51,40,34,9" hai3="95,96,105,113,63,73,3,35,85,107,16,50,124"/><U11/><E104/><V133/><F75/><W98/><G73/><T81/><D70/><U103/><E116/><V117/><F117/><W106/><G113/><T66/><D66/><U31/><E122/><V68/><F68/><W25/><G3/><T126/><D36/><U119/><E119/><V45/><F34/><W135/><G124/><T64/><D64/><U59/><E103/><V72/><F72/><W47/><G63/><T62/><D62/><U1/><E31/><V115/><F133/><W2/><G2/><T60/><D60/><U6/><E61/><V131/><F131/><W28/><G85/><T43/><D43/><U38/><E38/><V123/><F123/><W130/><G130/><T20/><D81/><U23/><REACH who="1" step="1"/><E19/><REACH who="1" ten="245,237,247,261" step="2"/><V30/><F30/><W10/><G16/><T42/><D5/><AGARI ba="0,1" hai="0,1,5,6,8,11,21,23,57,59,78,79,108,110" machi="5" ten="25,18000,2" yaku="1,1,2,1,22,2,53,2" doraHai="90" doraHaiUra="55" who="1" fromWho="0" sc="245,-180,237,190,247,0,261,0" /><INIT seed="1,1,0,2,0,20" ten="65,427,247,261" oya="1" hai0="21,25,75,133,18,33,111,107,67,31,121,12,106" hai1="27,52,41,39,51,105,69,10,37,55,79,110,104" hai2="92,109,59,60,44,120,40,128,62,28,127,70,77" hai3="135,71,122,95,98,29,100,93,89,76,36,8,86"/><U22/><E69/><V113/><F120/><W129/><G122/><T9/><D121/><U24/><E79/><V49/><F109/><W34/><G129/><T23/><D111/><U2/><E110/><V81/><F127/><W66/><G36/><T17/><D75/><U130/><E130/><V5/><F128/><W126/><G135/><T108/><D108/><U96/><E41/><V123/><F123/><W83/><G126/><T73/><D73/><U0/><E22/><V32/><F113/><W80/><G8/><T94/><D133/><U56/><E96/><V42/><F5/><W118/><G76/><T3/><D67/><U45/><E56/><V64/><F42/><W125/><G118/><T82/><D82/><U15/><E10/><V50/><F92/><W134/><G134/><T38/><D94/><U102/><E51/><V47/><F47/><W13/><G13/><T87/><D87/><U85/><E15/><V63/><F50/><W30/><G30/><T61/><D61/><U112/><E85/><V4/><F4/><W101/><G101/><T84/><D84/><U58/><E58/><V72/><REACH who="2" step="1"/><F59/><REACH who="2" ten="65,427,237,261" step="2"/><W124/><G95/><T68/><D38/><U99/><E45/><V116/><F116/><W7/><G93/><T46/><D46/><U11/><E112/><V43/><F43/><W97/><G125/><T6/><REACH who="0" step="1"/><D68/><REACH who="0" ten="55,427,237,261" step="2"/><U131/><E131/><V1/><F1/><W14/><G71/><T119/><D119/><U48/><E0/><V74/><F74/><W54/><G124/><T90/><D90/><U16/><E2/><V132/><F132/><RYUUKYOKU ba="1,2" sc="55,15,427,-15,237,15,261,-15" hai0="3,6,9,12,17,18,21,23,25,31,33,106,107" hai2="28,32,40,44,49,60,62,63,64,70,72,77,81" /><INIT seed="2,2,2,0,0,67" ten="70,412,252,246" oya="2" hai0="12,6,131,11,3,17,105,129,73,42,88,100,38" hai1="46,108,53,96,76,52,104,55,128,18,27,116,109" hai2="122,83,132,135,97,13,37,0,41,101,98,77,119" hai3="4,130,10,65,133,32,31,28,5,19,75,40,63"/><V62/><F0/><W49/><G130/><N who="0" m="49675" /><D73/><U23/><E128/><V29/><F119/><W74/><G133/><N who="2" m="51273" /><F122/><W127/><G127/><T50/><D38/><U14/><E116/><V81/><F29/><W57/><G19/><T134/><D134/><U60/><E76/><V2/><F2/><W7/><G10/><T21/><D88/><U90/><E46/><N who="2" m="23855" /><F13/><W15/><G15/><T8/><D8/><U107/><E60/><V95/><F77/><W20/><G20/><T70/><D70/><U58/><E58/><V39/><F39/><W118/><G118/><T66/><D66/><U47/><E47/><V115/><F115/><W71/><G31/><T36/><D36/><U117/><E14/><V43/><F43/><W93/><G93/><T79/><D79/><U26/><E26/><V111/><F111/><N who="1" m="42569" /><E117/><V85/><F85/><W106/><G106/><T84/><D84/><U25/><E25/><V102/><F62/><W123/><G123/><T89/><D42/><U112/><E112/><V30/><F30/><W59/><G28/><T34/><D50/><U1/><E1/><V56/><F56/><W114/><G57/><T99/><D89/><U68/><E90/><V124/><F124/><W82/><G40/><T44/><D44/><U113/><E113/><V125/><F125/><W33/><G59/><T121/><D121/><U78/><E78/><V64/><F64/><W92/><G65/><T16/><D17/><U91/><E91/><V54/><F54/><W24/><G114/><T61/><D61/><U22/><E18/><V48/><F48/><W126/><G49/><RYUUKYOKU ba="2,2" sc="70,15,412,-15,252,15,246,-15" hai0="3,6,11,12,16,21,34,99,100,105" hai2="81,83,95,97,98,101,102" /><INIT seed="2,3,2,5,3,22" ten="85,397,267,231" oya="2" hai0="61,43,19,64,1,82,76,117,102,74,121,106,17" hai1="114,18,58,72,13,21,36,105,103,25,107,28,27" hai2="91,14,100,3,44,46,104,93,29,12,125,89,88" hai3="80,55,83,75,86,90,108,2,8,7,11,53,133"/><V59/><F3/><W101/><G108/><T24/><D121/><U50/><E36/><V52/><F104/><W78/><G133/><T49/><D117/><U73/><E114/><V40/><F125/><W95/><G11/><T77/><D1/><U99/><E105/><V62/><F29/><W118/><G118/><T128/><D128/><U116/><E116/><V23/><F23/><W20/><G20/><T66/><D77/><U87/><E87/><V30/><F30/><W15/><G2/><T5/><D5/><U79/><E79/><V129/><F129/><W0/><G0/><T135/><D135/><U123/><E123/><V41/><F46/><W98/><AGARI ba="3,2" hai="7,8,15,53,55,75,78,80,83,86,90,95,98,101" machi="98" ten="30,1100,0" yaku="0,1" doraHai="22" who="3" fromWho="3" sc="85,-6,397,-6,267,-8,231,40" /><INIT seed="3,0,0,5,0,78" ten="79,391,259,271" oya="3" hai0="29,13,91,121,122,31,118,115,44,77,32,58,114" hai1="54,42,39,105,129,52,79,30,124,61,59,90,2" hai2="98,83,120,49,51,82,93,50,110,73,64,38,12" hai3="10,18,71,102,125,6,92,104,63,21,112,69,15"/><W45/><G104/><T72/><D44/><U28/><E2/><V26/><F38/><W37/><G112/><N who="0" m="43051" /><D91/><U132/><E105/><V60/><F73/><W131/><G125/><T43/><D43/><U126/><E129/><V117/><F117/><W4/><G4/><T106/><D106/><U116/><E116/><V111/><F120/><N who="0" m="46186" /><D58/><U3/><E3/><V5/><F26/><W130/><G37/><T0/><D0/><U55/><E132/><V40/><F40/><W46/><G45/><T86/><D72/><U109/><E90/><V68/><F5/><W35/><G46/><T33/><D118/><U113/><E113/><V65/><F64/><W123/><G123/><T84/><D13/><U48/><E42/><V14/><F14/><W1/><G63/><T27/><D77/><U11/><E79/><V8/><F12/><W80/><G71/><T74/><D74/><U88/><E39/><V34/><F8/><W87/><G69/><T127/><D127/><U57/><E11/><V134/><F134/><W101/><G101/><T95/><D95/><U103/><E103/><V89/><REACH who="2" step="1"/><F34/><REACH who="2" ten="79,391,249,271" step="2"/><N who="0" m="13418" /><D27/><U16/><E126/><V41/><F41/><W17/><G15/><T76/><D76/><U23/><E124/><V62/><F62/><W135/><G131/><T56/><D56/><U20/><E61/><V24/><F24/><W36/><G130/><T81/><D81/><AGARI ba="0,1" hai="49,50,51,60,65,68,81,82,83,89,93,98,110,111" machi="81" ten="40,8000,1" yaku="1,1,52,3,53,0" doraHai="78" doraHaiUra="70" who="2" fromWho="0" sc="79,-80,391,0,249,90,271,0" owari="-1,-50.1,391,49.1,339,13.9,271,-12.9" /></mjloggm>