<mjloggm ver="2.3"><GO type="169" lobby="0"/><UN n0="%70%65%6C%75%73%61%5F" n1="%E3%83%90%E3%82%AD" n2="%70%65%6E%74%6F%6C%61" n3="%E7%8C%9B%E5%8F%8D%E7%99%BA%E3%81%BE%E3%81%8F%E3%82%89" dan="16,16,18,16" rate="2078.38,2116.64,2223.51,2125.59" sx="M,M,M,M"/><TAIKYOKU oya="0"/><INIT seed="0,0,0,5,5,7" ten="250,250,250,250" oya="0" hai0="41,133,129,0,88,68,74,30,118,52,128,100,13" hai1="58,84,125,119,109,14,94,79,114,108,117,49,90" hai2="78,18,132,15,65,111,25,5,53,86,64,120,122" hai3="66,26,97,104,24,61,10,50,19,44,121,28,33"/><T89/><D118/><U96/><E49/><V91/><F111/><N who="1" m="42569" /><E58/><V107/><F107/><W126/><G126/><T134/><D0/><U115/><E125/><V82/><F132/><N who="0" m="50794" /><D68/><U99/><E14/><V46/><F5/><W39/><G39/><T21/><D74/><U76/><E99/><V85/><F25/><W75/><G75/><T77/><D77/><N who="1" m="29771" /><E96/><V101/><F65/><W6/><G121/><T130/><D41/><U59/><E59/><V83/><F64/><W37/><G37/><T12/><D100/><U16/><E16/><V103/><F120/><W3/><G19/><N who="0" m="10479" /><D30/><U4/><E4/><V67/><F67/><W11/><G26/><T48/><D12/><U17/><E17/><V135/><F122/><W29/><G6/><T32/><D32/><U2/><E2/><V34/><F34/><W47/><G3/><T56/><AGARI ba="0,0" hai="48,52,56,88,89,128,129,130" m="10479,50794" machi="56" ten="40,12000,1" yaku="19,1,20,1,54,2" doraHai="7" who="0" fromWho="0" sc="250,120,250,-40,250,-40,250,-40" /><INIT seed="0,1,0,2,4,55" ten="370,210,210,210" oya="0" hai0="85,107,35,103,17,27,40,60,65,12,80,3,115" hai1="25,26,57,0,32,98,63,90,92,10,122,4,91" hai2="21,41,7,81,84,28,109,117,45,49,50,39,1" hai3="124,47,87,106,74,121,30,102,5,78,118,86,16"/><T43/><D115/><U129/><E129/><V22/><F109/><W70/><G118/><T37/><D3/><U9/><E122/><V19/><F117/><W29/><G124/><T89/><D37/><U125/><E125/><V20/><F28/><W23/><G70/><T73/><D73/><U11/><E32/><V133/><F133/><W112/><G112/><T130/><D130/><U54/><E91/><V134/><F134/><W38/><G5/><T72/><D27/><U33/><E33/><V111/><F111/><W8/><G8/><T15/><D15/><U100/><E10/><V114/><F114/><W69/><G69/><T120/><D35/><U95/><REACH who="1" step="1"/><E9/><REACH who="1" ten="370,200,210,210" step="2"/><V44/><F7/><W75/><G121/><T13/><D89/><U94/><E94/><V36/><F1/><W46/><G106/><T14/><D107/><U131/><E131/><V62/><F19/><W76/><G16/><T68/><D17/><U82/><E82/><V51/><F81/><W105/><G105/><T48/><D80/><U24/><E24/><V58/><F84/><AGARI ba="1,1" hai="0,4,11,25,26,54,57,63,84,90,92,95,98,100" machi="84" ten="30,8000,1" yaku="1,1,7,1,52,1,53,2" doraHai="55" doraHaiUra="88" who="1" fromWho="2" sc="370,0,200,93,210,-83,210,0" /><INIT seed="1,0,0,1,5,119" ten="370,293,127,210" oya="1" hai0="88,132,67,101,127,131,23,31,68,103,18,19,32" hai1="128,44,80,113,117,130,69,59,95,79,91,11,121" hai2="114,90,30,52,13,46,22,97,12,53,34,83,100" hai3="111,9,20,123,45,124,1,86,106,126,110,72,122"/><U10/><E117/><V64/><F114/><W7/><G106/><T40/><D127/><N who="3" m="48681" /><G72/><T85/><D132/><U0/><E69/><V4/><F34/><W87/><G45/><T94/><D131/><N who="1" m="50219" /><E113/><V70/><F70/><W98/><G98/><T36/><D40/><U109/><E0/><V2/><F64/><W48/><G48/><T66/><D36/><U33/><E33/><V38/><F2/><W96/><G96/><T77/><D77/><U5/><E5/><V93/><F4/><W133/><G133/><T29/><D32/><U99/><E109/><N who="3" m="41482" /><G20/><T47/><D47/><U56/><E44/><V41/><F30/><N who="0" m="11274" /><D23/><U82/><E82/><V14/><REACH who="2" step="1"/><F22/><REACH who="2" ten="370,293,117,210" step="2"/><W73/><G73/><T26/><D68/><U76/><E10/><V118/><F118/><W28/><G28/><T21/><D18/><U35/><E35/><V61/><F61/><W51/><G51/><T16/><D19/><U42/><E11/><V3/><F3/><W129/><G129/><T107/><D107/><U102/><E42/><V81/><F81/><W55/><G55/><T84/><D67/><U135/><E135/><V25/><F25/><W39/><G39/><T115/><D66/><U105/><E80/><V65/><F65/><W8/><G9/><T57/><D115/><U74/><E74/><V134/><F134/><W43/><G43/><T17/><D17/><U62/><E62/><V112/><F112/><W125/><G125/><T75/><D16/><U24/><E24/><V92/><F92/><W27/><G27/><T71/><D26/><U104/><E95/><V63/><F63/><RYUUKYOKU ba="0,1" sc="370,-15,293,-15,117,15,210,15" hai2="12,13,14,38,41,46,52,53,83,90,93,97,100" hai3="1,7,8,86,87,122,123" /><INIT seed="2,1,1,0,4,92" ten="355,278,132,225" oya="2" hai0="31,89,40,81,83,55,56,91,85,39,68,134,48" hai1="112,72,124,65,70,86,0,58,27,132,19,37,71" hai2="2,23,73,127,63,33,118,13,54,80,59,131,107" hai3="122,135,28,35,30,36,95,14,133,42,66,104,8"/><V16/><F118/><W67/><G122/><T51/><D68/><U76/><E72/><V49/><F127/><W106/><G36/><T129/><D134/><N who="3" m="51209" /><G42/><T125/><D129/><U94/><E132/><V100/><F131/><W4/><G95/><T99/><D39/><U111/><E0/><V43/><F33/><W116/><G116/><T60/><D125/><U102/><E37/><V110/><F2/><W32/><G67/><T7/><D7/><U105/><E105/><N who="3" m="40554" /><G66/><T126/><D83/><U97/><E124/><V120/><F120/><W119/><G119/><T84/><D81/><U1/><E65/><V11/><F110/><W50/><G50/><T128/><D48/><U87/><E111/><V26/><F73/><W21/><G21/><T57/><D51/><U123/><E123/><V10/><F80/><W82/><G82/><T18/><D40/><U109/><E109/><V15/><F43/><W24/><G24/><T88/><D60/><U93/><E27/><V29/><F49/><W17/><G4/><T69/><D69/><U77/><E71/><V117/><F117/><W6/><G6/><T78/><D128/><U114/><E70/><V34/><REACH who="2" step="1"/><F15/><REACH who="2" ten="355,278,122,225" step="2"/><W130/><G130/><T74/><D74/><U41/><E41/><V61/><F61/><W115/><G115/><T46/><D126/><U108/><E108/><V62/><F62/><W44/><G44/><T98/><D46/><U47/><E47/><V3/><F3/><W64/><G35/><T103/><D78/><U90/><E76/><V79/><F79/><W113/><G32/><T101/><D57/><RYUUKYOKU ba="1,2" sc="355,-10,278,-10,122,30,225,-10" hai2="10,11,13,16,23,26,29,34,54,59,63,100,107" /><INIT seed="2,2,2,0,3,121" ten="345,268,152,215" oya="2" hai0="7,105,72,113,43,104,124,56,38,102,59,37,84" hai1="127,95,28,107,25,109,89,91,90,92,11,112,119" hai2="76,46,123,122,8,63,111,62,115,24,94,66,32" hai3="31,83,61,78,36,45,54,5,52,53,22,71,81"/><V44/><F115/><W117/><G117/><T133/><D84/><U12/><E112/><V29/><F76/><W108/><G108/><T116/><D102/><U100/><E119/><V26/><F8/><W6/><G83/><T99/><D99/><U9/><E127/><V49/><F111/><W40/><G71/><T120/><D7/><U67/><E67/><V4/><F4/><W19/><G31/><T80/><D80/><U98/><E109/><V118/><F118/><W82/><G61/><T15/><D15/><U125/><E125/><V13/><F13/><W75/><REACH who="3" step="1"/><G82/><REACH who="3" ten="345,268,152,205" step="2"/><T114/><D116/><U57/><E9/><V110/><F110/><W68/><G68/><T41/><D124/><U77/><E77/><V101/><F62/><W14/><AGARI ba="2,3" hai="5,6,14,19,22,36,40,45,52,53,54,75,78,81" machi="14" ten="30,4000,0" yaku="1,1,0,1,54,1,53,0" doraHai="121" doraHaiUra="97" who="3" fromWho="3" sc="345,-12,268,-12,152,-22,205,76" /><INIT seed="3,0,0,5,0,131" ten="333,256,130,281" oya="3" hai0="47,33,77,61,94,89,98,133,30,129,38,2,72" hai1="116,25,52,92,13,1,28,14,95,50,88,120,99" hai2="121,60,102,115,112,103,101,86,78,113,118,100,108" hai3="35,126,49,117,4,24,23,135,63,53,26,29,44"/><W27/><G117/><T125/><D125/><U68/><E120/><V57/><N who="2" m="25600" /><DORA hai="18" /><V81/><F118/><W127/><G135/><T124/><D61/><U76/><E116/><V87/><F121/><W22/><G4/><T111/><D30/><U39/><E39/><V10/><F10/><W62/><G35/><T85/><D47/><U59/><E1/><V84/><REACH who="2" step="1"/><F108/><REACH who="2" ten="333,256,120,281" step="2"/><W5/><G127/><T8/><D111/><U41/><E68/><V46/><F46/><W3/><G126/><T16/><D8/><U20/><E41/><V55/><AGARI ba="0,1" hai="55,57,60,78,81,84,86,87,112,113,115" m="25600" machi="55" ten="50,8000,1" yaku="1,1,0,1,53,3" doraHai="131,18" doraHaiUra="34,109" who="2" fromWho="2" sc="333,-20,256,-20,120,90,281,-40" /><INIT seed="4,0,0,4,0,101" ten="313,236,210,241" oya="0" hai0="41,65,53,0,14,82,8,12,131,44,69,115,7" hai1="81,89,70,109,121,132,99,123,77,78,124,126,58" hai2="120,1,42,98,106,83,119,36,134,15,55,122,105" hai3="135,93,125,96,9,74,40,43,51,31,73,11,76"/><T127/><D115/><U57/><E70/><V48/><F98/><W21/><G135/><T86/><D127/><N who="1" m="48683" /><E109/><V112/><F15/><W27/><G125/><T50/><D131/><U46/><E46/><N who="2" m="23879" /><F55/><W13/><G74/><T25/><D25/><U10/><E10/><V100/><F48/><W88/><G73/><T35/><D35/><U56/><E132/><V90/><F100/><W62/><G76/><N who="1" m="29290" /><E99/><V113/><F90/><W102/><G62/><T108/><D108/><U60/><E60/><V4/><F83/><W66/><G66/><T64/><D69/><U34/><E34/><V3/><F134/><W103/><G9/><T2/><D2/><N who="2" m="522" /><F4/><N who="3" m="3303" /><G51/><T130/><D130/><U32/><E32/><V29/><F29/><W72/><G72/><T92/><D82/><U118/><E118/><V49/><F49/><W129/><G129/><T54/><D0/><U75/><E75/><V79/><F79/><W39/><G39/><T94/><D50/><U16/><E16/><V111/><F111/><W87/><G103/><T38/><D12/><U19/><E19/><V91/><F91/><W5/><G5/><T59/><D7/><U85/><AGARI ba="0,0" hai="56,57,58,81,85,89,121,123" m="29290,48683" machi="85" ten="40,1500,0" yaku="18,1" doraHai="101" who="1" fromWho="1" sc="313,-7,236,15,210,-4,241,-4" /><INIT seed="5,0,0,4,0,106" ten="306,251,206,237" oya="1" hai0="28,15,69,64,123,24,57,16,53,23,37,96,118" hai1="72,77,50,93,55,89,62,130,115,30,46,114,75" hai2="121,91,12,100,73,85,25,54,119,78,4,18,60" hai3="129,43,122,26,110,3,83,0,70,117,14,108,35"/><U27/><E77/><V8/><F121/><W135/><G70/><T84/><D123/><U61/><E130/><V87/><F119/><W134/><G43/><T94/><D37/><U1/><E1/><N who="3" m="586" /><G122/><T67/><D84/><U47/><E47/><V79/><F100/><W52/><G52/><T31/><D69/><U36/><E36/><V81/><F79/><W29/><G83/><T40/><D40/><U6/><E6/><V125/><F125/><W34/><G129/><T102/><D118/><U98/><E62/><V76/><F76/><W59/><G59/><T99/><D99/><U124/><E124/><V111/><F111/><N who="3" m="42539" /><G117/><T86/><D31/><U112/><REACH who="1" step="1"/><E61/><REACH who="1" ten="306,241,206,237" step="2"/><V71/><F60/><W90/><G134/><T68/><D68/><U95/><E95/><V116/><F71/><W22/><G135/><T38/><D38/><U88/><E88/><V82/><F116/><W44/><G90/><T39/><D39/><U56/><E56/><V58/><F58/><W126/><G44/><T42/><D42/><U5/><E5/><V32/><F54/><W17/><G126/><T131/><D131/><U51/><E51/><V104/><F104/><W7/><G7/><T128/><D128/><U65/><E65/><V132/><F132/><W107/><G107/><N who="0" m="63943" /><D64/><U10/><E10/><AGARI ba="0,1" hai="10,14,17,22,26,29,34,35" m="42539,586" machi="10" ten="30,2000,0" yaku="34,2" doraHai="106" who="3" fromWho="1" sc="306,0,241,-20,206,0,237,30" /><INIT seed="6,0,0,1,1,48" ten="306,221,206,267" oya="2" hai0="32,16,135,88,42,41,59,68,53,44,5,118,117" hai1="131,99,102,80,7,38,57,105,104,83,91,47,103" hai2="20,101,8,81,130,98,12,108,93,33,27,9,120" hai3="82,111,132,36,52,26,75,3,70,73,76,34,6"/><V72/><F120/><W121/><G121/><T90/><D68/><U92/><E131/><V15/><F130/><W89/><G111/><T66/><D32/><U40/><E7/><V124/><F124/><W60/><G132/><T78/><D5/><U115/><E115/><V0/><F0/><W30/><G75/><T58/><D78/><U100/><REACH who="1" step="1"/><E57/><REACH who="1" ten="306,211,206,267" step="2"/><V109/><F109/><W71/><G6/><T106/><D58/><U77/><E77/><V55/><F108/><W46/><G71/><T133/><D59/><U84/><E84/><V64/><F72/><W45/><G70/><T112/><D112/><U56/><E56/><V62/><F62/><W29/><G60/><T17/><D133/><U113/><E113/><V11/><F64/><W28/><G76/><T18/><D135/><U67/><E67/><V96/><F96/><W119/><G73/><T25/><D66/><U13/><E13/><V79/><F15/><W21/><G3/><T51/><D117/><U19/><E19/><V49/><F12/><W39/><G119/><T35/><D18/><U37/><E37/><V74/><F33/><W69/><G39/><T4/><D35/><U23/><E23/><V65/><F65/><W61/><G36/><T110/><D110/><U87/><E87/><V125/><F125/><W114/><G69/><T116/><D116/><U14/><E14/><V43/><F20/><W50/><G61/><T95/><D4/><U97/><E97/><V129/><F129/><W2/><G114/><T127/><D118/><U10/><E10/><V63/><F63/><W85/><G34/><RYUUKYOKU ba="0,1" sc="306,-10,211,30,206,-10,267,-10" hai1="38,40,47,80,83,91,92,99,100,102,103,104,105" /><INIT seed="7,1,1,1,3,23" ten="296,241,196,257" oya="3" hai0="50,103,2,90,112,97,34,98,122,8,82,125,84" hai1="68,65,18,132,11,52,129,124,121,20,83,123,119" hai2="26,57,93,128,80,87,12,70,76,86,96,47,118" hai3="75,78,59,28,38,81,130,66,0,94,69,36,31"/><W77/><G130/><T46/><D122/><U79/><E129/><V99/><F70/><W14/><G0/><T107/><D34/><U110/><E110/><V100/><F128/><W127/><G69/><T51/><D125/><U54/><E124/><V109/><F109/><W60/><G127/><T63/><D112/><U111/><E111/><V53/><F118/><W19/><G78/><T32/><D32/><U13/><E132/><V21/><F12/><W1/><G1/><T30/><D30/><U37/><E37/><V58/><F99/><W6/><G6/><T39/><D63/><U115/><E115/><V101/><F87/><W24/><G94/><T10/><D97/><U40/><E40/><V45/><F100/><W133/><G31/><T102/><D102/><U5/><E119/><V126/><F126/><W17/><G17/><T61/><D61/><U67/><E123/><V116/><F116/><W42/><G42/><T15/><D39/><U114/><E114/><V88/><F101/><W85/><G75/><T29/><D29/><U105/><E105/><V55/><F58/><W134/><G134/><T62/><D2/><N who="1" m="439" /><E68/><V27/><F55/><N who="1" m="21033" /><E121/><V33/><F33/><W104/><G104/><T48/><D62/><U3/><E3/><V64/><F64/><W135/><G135/><T56/><D56/><U108/><E108/><V89/><F76/><W35/><G133/><T74/><D74/><N who="1" m="43511" /><E67/><V7/><F7/><W95/><G95/><T113/><D113/><U22/><E65/><V72/><F72/><W49/><G49/><N who="0" m="19051" /><D15/><U4/><E4/><V117/><F117/><RYUUKYOKU ba="1,1" sc="296,10,241,10,196,-30,257,10" hai0="8,10,46,51,82,84,90,98,103,107" hai1="13,18,20,22" hai3="14,19,24,28,35,36,38,59,60,66,77,81,85" /><INIT seed="7,2,1,1,4,75" ten="306,251,166,267" oya="3" hai0="31,122,4,87,108,40,113,43,85,88,3,76,8" hai1="128,79,95,61,120,80,5,36,70,66,18,20,45" hai2="11,34,58,71,114,132,123,62,102,19,15,37,112" hai3="7,77,111,96,49,69,119,74,65,0,107,42,41"/><W10/><G119/><T50/><D108/><U124/><E120/><V105/><F123/><W38/><G111/><T53/><D122/><U117/><E117/><V72/><F37/><W25/><G49/><T97/><D76/><U130/><E5/><V99/><F34/><W135/><G135/><T82/><D113/><U9/><E9/><V90/><F132/><W104/><G25/><T133/><D133/><U127/><E95/><V39/><F39/><W100/><G107/><T84/><D31/><U26/><E45/><V81/><F71/><W134/><G134/><T64/><D64/><U116/><E36/><V57/><F90/><W110/><G110/><T30/><D30/><U103/><E103/><V14/><F15/><W121/><G121/><T68/><D68/><U33/><E33/><V24/><F24/><W83/><REACH who="3" step="1"/><G38/><REACH who="3" ten="306,251,166,257" step="2"/><T89/><D50/><U67/><E116/><V91/><F62/><AGARI ba="2,2" hai="0,7,10,41,42,62,65,69,74,77,83,96,100,104" machi="62" ten="40,7700,0" yaku="1,1,2,1,52,1,53,0" doraHai="75" doraHaiUra="16" who="3" fromWho="2" sc="306,0,251,0,166,-83,257,103" owari="306,10.6,251,-14.9,83,-41.7,360,46.0" /></mjloggm>