<mjloggm ver="2.3"><GO type="169" lobby="0"/><UN n0="%E3%82%A8%E3%82%B0%E3%83%81%E3%80%81" n1="%E3%81%86%E3%81%A1%E3%83%BC" n2="%61%73%61%64%61%31%32" n3="%E8%82%89%E5%9B%A3%E5%AD%90%E5%85%88%E7%94%9F" dan="16,16,17,16" rate="2171.05,2144.21,2178.61,2073.46" sx="M,M,M,M"/><TAIKYOKU oya="0"/><INIT seed="0,0,0,1,1,101" ten="250,250,250,250" oya="0" hai0="17,50,59,116,29,27,84,95,69,21,35,110,118" hai1="115,105,80,28,18,124,47,25,11,31,91,77,133" hai2="20,15,1,48,34,99,63,38,43,12,88,126,75" hai3="90,102,4,108,61,40,23,45,71,132,74,37,5"/><T122/><D122/><U112/><E124/><V89/><F34/><W107/><G108/><T24/><D69/><U36/><E133/><V58/><F38/><W52/><G74/><T56/><D110/><U32/><E31/><V14/><F1/><W104/><G102/><T46/><D59/><U33/><E33/><V106/><F75/><W97/><G23/><T81/><D95/><U39/><E91/><V103/><F126/><W123/><G132/><T13/><D56/><U135/><E135/><V8/><F8/><W109/><G109/><T22/><D35/><U83/><E83/><V73/><F73/><W6/><G123/><T44/><D27/><U86/><E105/><V19/><F48/><W30/><G30/><T111/><D44/><U53/><E39/><V131/><F43/><W64/><REACH who="3" step="1"/><G52/><REACH who="3" ten="250,250,250,240" step="2"/><T117/><D111/><U92/><E53/><V41/><F41/><W67/><G67/><T55/><REACH who="0" step="1"/><D117/><REACH who="0" ten="240,250,250,240" step="2"/><U87/><E32/><V113/><F58/><W66/><G66/><T0/><D0/><U51/><E47/><V119/><F119/><W93/><AGARI ba="0,2" hai="4,5,6,37,40,45,61,64,71,90,93,97,104,107" machi="93" ten="30,7900,0" yaku="1,1,0,1,52,2,53,0" doraHai="101" doraHaiUra="10" who="3" fromWho="3" sc="240,-39,250,-20,250,-20,240,99" /><INIT seed="1,0,0,1,1,74" ten="201,230,230,339" oya="1" hai0="123,63,81,132,105,84,52,13,21,135,39,26,108" hai1="61,120,6,130,25,121,43,92,119,66,0,88,11" hai2="133,86,82,32,33,83,38,68,60,19,18,126,14" hai3="98,80,59,110,112,62,91,8,101,134,89,53,42"/><U5/><E119/><V58/><F68/><W122/><G110/><T79/><D39/><U75/><E130/><V27/><F38/><W87/><G122/><T78/><D108/><U24/><E6/><V22/><F126/><W56/><G112/><T73/><D105/><U70/><E75/><V29/><F133/><N who="0" m="51274" /><D13/><U55/><E43/><V69/><F69/><W131/><G131/><T40/><D40/><U118/><E118/><V17/><F83/><W99/><G42/><T37/><D37/><U76/><E76/><N who="0" m="29225" /><D73/><U102/><E102/><V124/><F124/><W20/><G91/><N who="0" m="51599" /><D123/><U1/><E1/><V54/><F33/><W97/><G134/><T44/><D63/><U94/><E120/><V104/><F104/><W103/><G62/><T45/><D52/><U77/><E121/><V4/><F4/><W113/><G53/><T71/><D71/><U125/><E125/><V28/><F14/><W115/><G115/><T46/><D46/><U129/><E129/><V51/><F60/><W111/><G113/><T128/><D128/><U107/><E107/><V15/><F54/><W64/><G59/><T90/><D90/><U50/><E77/><N who="2" m="46415" /><F58/><W57/><G57/><T67/><D67/><U95/><REACH who="1" step="1"/><E88/><REACH who="1" ten="201,220,230,339" step="2"/><V117/><F117/><W65/><G89/><T16/><AGARI ba="0,1" hai="16,21,26,44,45" m="51599,29225,51274" machi="16" ten="30,8000,1" yaku="20,1,52,3,54,1" doraHai="74" who="0" fromWho="0" sc="201,90,220,-40,230,-20,339,-20" /><INIT seed="2,0,0,4,4,104" ten="291,180,210,319" oya="2" hai0="64,84,7,68,9,66,19,76,123,73,130,27,95" hai1="72,46,32,135,83,42,81,62,50,13,93,56,23" hai2="112,87,100,101,102,39,114,51,8,53,59,134,125" hai3="14,17,38,90,20,2,82,129,91,97,34,28,36"/><V103/><F39/><W29/><G129/><T57/><D123/><U69/><E32/><V106/><N who="2" m="25600" /><DORA hai="118" /><V131/><F106/><W85/><G2/><T132/><D68/><U74/><E69/><V45/><F131/><W121/><G121/><T71/><D71/><U25/><E135/><V55/><F134/><W115/><G115/><T133/><D130/><U117/><E117/><V126/><F87/><W88/><G34/><T6/><D95/><U94/><E94/><V16/><F112/><W3/><G3/><T113/><D84/><U92/><E92/><V31/><F31/><W54/><G97/><T79/><D19/><U47/><E47/><V124/><F114/><W119/><G119/><T89/><D89/><U0/><E0/><V107/><F107/><W99/><G99/><T127/><D57/><U67/><E13/><N who="2" m="7207" /><F59/><W109/><G36/><T96/><D96/><U75/><REACH who="1" step="1"/><E93/><REACH who="1" ten="291,170,210,319" step="2"/><V52/><AGARI ba="0,1" hai="45,51,52,53,55,124,125,126" m="7207,25600" machi="52" ten="50,9600,0" yaku="18,1,54,2" doraHai="104,118" who="2" fromWho="2" sc="291,-32,170,-32,210,106,319,-32" /><INIT seed="2,1,0,3,1,0" ten="259,138,316,287" oya="2" hai0="121,129,59,8,21,88,57,79,73,14,18,38,72" hai1="92,32,44,81,13,30,125,95,119,84,106,26,107" hai2="48,37,111,49,70,54,90,52,22,29,6,118,113" hai3="105,112,28,134,2,67,82,131,45,116,33,9,114"/><V75/><F70/><W19/><G116/><T74/><D129/><U11/><E119/><V77/><F37/><W135/><G105/><T5/><D121/><U63/><E125/><V104/><F113/><N who="3" m="43627" /><G82/><T50/><D79/><U76/><E106/><V4/><F104/><W94/><G94/><T40/><D38/><U100/><E63/><V108/><F118/><W71/><G45/><T93/><D40/><U15/><E15/><V101/><F101/><W34/><G67/><T65/><D50/><N who="2" m="19562" /><F90/><W122/><G71/><T132/><D132/><N who="3" m="50729" /><G122/><T20/><D65/><U117/><E117/><V87/><F75/><W78/><G78/><T43/><D43/><U109/><E44/><V69/><F69/><W102/><G102/><T35/><D35/><U80/><E80/><N who="2" m="47503" /><F111/><W127/><G127/><T89/><D89/><U24/><E109/><V56/><F108/><W86/><G86/><T12/><REACH who="0" step="1"/><D21/><REACH who="0" ten="249,138,316,287" step="2"/><U25/><E107/><V128/><F128/><W36/><G36/><T60/><D60/><U66/><E66/><V17/><F54/><W3/><G131/><T110/><D110/><U91/><E100/><V83/><F52/><W23/><G33/><T16/><D16/><U115/><E115/><V124/><F17/><W85/><G34/><T42/><D42/><U55/><E55/><V46/><F124/><W98/><G19/><T27/><D27/><N who="1" m="18527" /><E76/><V53/><F53/><W31/><G28/><T103/><D103/><U7/><E26/><V123/><F46/><W58/><G31/><T68/><D68/><U99/><E99/><AGARI ba="1,1" hai="5,8,12,14,18,20,57,59,72,73,74,88,93,99" machi="99" ten="40,5200,0" yaku="1,1,52,1,54,1,53,0" doraHai="0" doraHaiUra="51" who="0" fromWho="1" sc="249,65,138,-55,316,0,287,0" /><INIT seed="3,0,0,1,2,105" ten="314,83,316,287" oya="3" hai0="58,79,49,44,43,94,12,42,90,35,31,88,34" hai1="97,66,98,106,54,64,17,55,87,18,103,121,92" hai2="8,84,133,23,63,75,21,15,4,82,5,78,130" hai3="102,104,16,112,120,69,19,127,56,14,3,10,125"/><W7/><G69/><T68/><D68/><U93/><E121/><V72/><F133/><W134/><G134/><T53/><D42/><U96/><E87/><V47/><F130/><W36/><G36/><T76/><D90/><U26/><E106/><V48/><F63/><W46/><G120/><T116/><D116/><U52/><E26/><V80/><F4/><W28/><G46/><T50/><D31/><U65/><REACH who="1" step="1"/><E103/><REACH who="1" ten="314,73,316,287" step="2"/><V59/><F59/><W114/><G104/><T131/><D131/><U11/><E11/><V110/><F110/><W67/><G102/><T71/><D79/><U62/><E62/><V108/><F108/><W126/><G28/><T101/><D76/><U39/><E39/><V118/><F118/><W124/><G125/><T40/><D101/><U135/><E135/><V89/><F75/><W25/><G25/><T128/><D128/><U85/><E85/><V29/><F29/><W1/><G56/><T111/><D71/><U132/><E132/><V83/><F82/><W37/><G37/><T123/><D123/><U13/><E13/><V32/><F32/><W41/><G41/><AGARI ba="0,1" hai="5,8,15,21,23,41,47,48,72,78,80,83,84,89" machi="41" ten="30,2000,0" yaku="7,1,52,1" doraHai="105" who="2" fromWho="3" sc="314,0,73,0,316,30,287,-20" /><INIT seed="4,0,0,2,5,51" ten="314,73,346,267" oya="0" hai0="48,108,41,85,40,111,135,129,128,44,130,77,109" hai1="45,112,75,117,94,0,33,71,98,91,81,26,21" hai2="1,35,126,92,13,116,62,12,106,8,76,115,119" hai3="25,14,37,99,7,49,67,121,104,20,88,79,134"/><T132/><REACH who="0" step="1"/><D40/><REACH who="0" ten="304,73,346,267" step="2"/><U29/><E112/><V73/><F115/><W39/><G121/><T42/><D42/><U5/><E117/><V105/><F119/><W18/><G37/><T34/><D34/><U72/><E33/><V86/><F35/><W110/><G39/><T22/><D22/><U83/><E72/><V57/><F73/><W101/><G134/><T87/><D87/><U120/><E75/><V60/><F86/><W11/><G110/><T46/><D46/><U56/><E45/><V123/><F116/><W74/><G74/><T131/><N who="0" m="32768" /><DORA hai="96" /><T107/><D107/><U23/><E120/><V47/><F106/><W80/><G104/><T113/><D113/><U6/><E23/><V16/><F47/><W38/><G38/><T19/><D19/><U28/><E21/><V93/><F16/><W4/><G18/><T31/><D31/><U43/><E29/><V54/><F105/><W17/><G17/><T97/><D97/><U95/><E43/><V24/><F123/><W63/><G99/><T84/><D84/><U102/><E98/><V100/><F24/><W52/><G20/><T70/><D70/><U65/><E71/><V114/><F114/><W68/><G25/><T122/><D122/><U103/><E28/><V27/><F27/><W90/><G4/><T125/><D125/><U3/><E26/><V2/><F126/><W55/><G7/><T89/><D89/><U82/><E91/><V59/><F8/><W32/><G90/><T124/><D124/><U66/><E83/><AGARI ba="0,1" hai="41,44,48,77,83,85,108,109,111,132,135" m="32768" machi="83" ten="80,12000,1" yaku="21,2,10,1,19,1,53,0" doraHai="51,96" doraHaiUra="61,53" who="0" fromWho="1" sc="304,130,73,-120,346,0,267,0" owari="434,53.4,-47,-54.7,346,14.6,267,-13.3" /></mjloggm>