<mjloggm ver="2.3"><GO type="169" lobby="0"/><UN n0="%E5%AF%BF%E4%BA%BA%E6%B5%81%E7%89%8C%E6%89%8B" n1="%53%63%61%6E%64%61%6C" n2="%E3%81%9D%E3%82%93%E3%81%97%E6%A7%98" n3="%E7%90%B4%E5%AF%84%E6%96%87%E4%B9%83" dan="16,16,18,16" rate="2103.69,2127.40,2228.38,2185.86" sx="M,M,M,M"/><TAIKYOKU oya="0"/><INIT seed="0,0,0,4,2,104" ten="250,250,250,250" oya="0" hai0="117,87,48,10,7,1,81,42,34,26,66,68,41" hai1="112,11,75,4,108,109,98,37,63,5,43,125,74" hai2="126,113,27,47,53,110,115,69,85,58,111,97,127" hai3="90,102,77,28,121,116,64,83,60,40,120,24,79"/><T16/><D117/><U72/><E125/><N who="2" m="47627" /><F27/><W14/><G116/><T3/><D3/><U46/><E112/><N who="2" m="43083" /><F85/><W123/><G40/><T70/><D34/><U106/><E63/><N who="2" m="36303" /><F97/><W57/><G102/><T55/><D66/><U12/><REACH who="1" step="1"/><E5/><REACH who="1" ten="250,240,250,250" step="2"/><V118/><F118/><W15/><G120/><T82/><D7/><U73/><N who="1" m="18432" /><DORA hai="71" /><U39/><E39/><V94/><F69/><W33/><G121/><T2/><D70/><U61/><E61/><V78/><F78/><W35/><G123/><T86/><D68/><U114/><E114/><V92/><F47/><W132/><G77/><T91/><D81/><U62/><E62/><V44/><F44/><W101/><G79/><T18/><D82/><U135/><E135/><V45/><F45/><W6/><G132/><T95/><D1/><U31/><E31/><V131/><F131/><W17/><G28/><T80/><D2/><U54/><E54/><V19/><F19/><W67/><G17/><N who="0" m="6763" /><D26/><U124/><E124/><V30/><F30/><W0/><G24/><T38/><D10/><U56/><E56/><V122/><F122/><W128/><G57/><N who="0" m="32999" /><D38/><U107/><E107/><V36/><F36/><W20/><G128/><T133/><D133/><U21/><E21/><V103/><F92/><W130/><G20/><T59/><D59/><U105/><E105/><V8/><F8/><W51/><G130/><T65/><D65/><U129/><E129/><V25/><F25/><W32/><G64/><T100/><D100/><AGARI ba="0,1" hai="4,11,12,37,43,46,98,100,106,108,109" m="18432" machi="100" ten="70,12000,2" yaku="1,1,52,5,53,1" doraHai="104,71" doraHaiUra="22,9" who="1" fromWho="0" sc="250,-120,240,130,250,0,250,0" /><INIT seed="1,0,0,5,0,17" ten="130,370,250,250" oya="1" hai0="124,90,102,7,55,9,107,119,15,75,91,34,62" hai1="59,19,24,67,69,101,63,21,129,31,54,60,39" hai2="103,94,89,1,105,20,8,121,35,33,110,16,0" hai3="58,135,117,86,13,126,2,100,50,57,11,111,88"/><U99/><E129/><V93/><F121/><W81/><G111/><T92/><D119/><U109/><E39/><V76/><F110/><W115/><G115/><T52/><D34/><U85/><E85/><V22/><F76/><W80/><G117/><T3/><D75/><U82/><E82/><V114/><F114/><W95/><G126/><T61/><D124/><U44/><E44/><V28/><F105/><W30/><G135/><T132/><D132/><U48/><E109/><V26/><F103/><W66/><G2/><N who="2" m="1129" /><F94/><W47/><G30/><T64/><D3/><U87/><E87/><V56/><F56/><N who="3" m="21611" /><G66/><T78/><D78/><U29/><REACH who="1" step="1"/><E63/><REACH who="1" ten="130,360,250,250" step="2"/><V4/><F93/><AGARI ba="0,1" hai="19,21,24,29,31,48,54,59,60,67,69,93,99,101" machi="93" ten="30,11600,0" yaku="1,1,2,1,7,1,52,1,53,0" doraHai="17" doraHaiUra="130" who="1" fromWho="2" sc="130,0,360,126,250,-116,250,0" /><INIT seed="1,1,0,1,2,63" ten="130,486,134,250" oya="1" hai0="78,128,65,99,32,29,28,14,53,41,98,38,120" hai1="15,74,66,115,106,18,123,88,56,40,107,133,67" hai2="126,83,12,25,58,42,37,125,81,34,1,33,36" hai3="35,89,82,50,22,62,9,61,116,75,2,13,5"/><U23/><E123/><V64/><F1/><W104/><G104/><T8/><D128/><U20/><E115/><V60/><F12/><W93/><G116/><T46/><D120/><U91/><E133/><V7/><F7/><W90/><G35/><N who="2" m="13321" /><F25/><W47/><G75/><T4/><D78/><U113/><E113/><V108/><F108/><W24/><G2/><T114/><D114/><U102/><E74/><V111/><F111/><W45/><G82/><N who="2" m="31241" /><F42/><W80/><G80/><T73/><D73/><U101/><E40/><V57/><F60/><W27/><G27/><T11/><D11/><U49/><E15/><V105/><F64/><W51/><G51/><T21/><D65/><U85/><E49/><V10/><F10/><W52/><G47/><T86/><D32/><U71/><E56/><N who="2" m="21611" /><F105/><W131/><G131/><T19/><D53/><U44/><E44/><V118/><F118/><W16/><REACH who="3" step="1"/><G90/><REACH who="3" ten="130,486,134,240" step="2"/><T77/><D46/><U130/><E130/><V26/><F26/><W69/><G69/><T31/><D41/><U92/><E92/><V43/><F43/><W134/><G134/><T124/><D31/><U119/><E119/><V39/><AGARI ba="1,1" hai="36,37,39,125,126" m="21611,31241,13321" machi="39" ten="40,2700,0" yaku="28,2" doraHai="63" who="2" fromWho="2" sc="130,-8,486,-14,134,40,240,-8" /><INIT seed="2,0,0,3,0,85" ten="122,472,174,232" oya="2" hai0="105,50,70,110,66,132,31,89,56,1,2,75,86" hai1="39,90,35,20,41,96,112,109,21,134,63,34,57" hai2="97,6,135,122,121,26,81,91,64,72,129,10,99" hai3="27,79,87,80,19,101,100,51,95,74,42,83,131"/><V5/><F64/><W59/><G131/><T103/><D75/><U45/><E109/><V107/><F26/><W3/><G3/><T40/><D110/><U60/><E112/><V38/><F38/><W126/><G126/><T108/><D108/><U23/><E134/><V9/><F72/><W54/><G42/><T11/><D132/><U71/><E71/><V32/><F135/><W125/><G125/><T36/><D31/><U98/><E63/><V84/><F129/><W92/><G92/><T115/><D11/><U24/><E24/><V94/><F32/><W0/><G0/><T82/><D115/><U14/><E14/><V62/><F62/><W55/><G95/><T46/><D103/><U29/><E29/><V67/><F67/><W33/><G55/><N who="0" m="31863" /><D105/><U49/><E39/><V93/><F107/><W25/><G25/><T77/><D77/><U52/><E35/><V124/><F124/><W17/><G17/><T13/><D13/><U69/><E34/><V53/><F53/><W16/><G19/><T118/><D118/><U18/><E69/><V58/><F58/><W68/><G68/><T30/><D30/><U114/><E114/><V104/><F104/><W7/><G7/><N who="2" m="2569" /><F122/><W12/><G33/><T102/><D102/><U128/><E128/><V44/><F121/><W113/><G27/><T61/><AGARI ba="0,0" hai="1,2,36,40,46,61,66,70,82,86,89" m="31863" machi="61" ten="30,2000,0" yaku="24,1,52,1" doraHai="85" who="0" fromWho="0" sc="122,20,472,-5,174,-10,232,-5" /><INIT seed="3,0,0,5,5,34" ten="142,467,164,227" oya="3" hai0="127,94,29,3,18,82,31,22,70,42,13,106,45" hai1="124,66,89,46,67,111,78,116,86,73,74,54,120" hai2="126,41,134,53,28,64,55,25,75,85,130,121,100" hai3="21,129,62,99,97,35,7,117,71,76,8,56,92"/><W69/><G117/><T110/><D106/><U27/><E116/><V113/><F113/><W115/><G115/><T52/><D70/><U50/><E120/><V59/><F75/><W38/><G35/><T128/><D110/><U20/><E124/><V49/><F126/><W118/><G118/><T47/><D127/><U93/><E111/><V61/><F130/><W9/><G38/><T14/><D3/><U133/><E133/><V60/><F134/><W48/><G129/><T10/><D128/><U119/><E119/><V65/><F121/><W36/><G36/><T33/><D33/><U72/><REACH who="1" step="1"/><E78/><REACH who="1" ten="142,457,164,227" step="2"/><V51/><F100/><W107/><G76/><T125/><D125/><U24/><E24/><V102/><F102/><W40/><G71/><T0/><D31/><AGARI ba="0,1" hai="20,27,31,46,50,54,66,67,72,73,74,86,89,93" machi="31" ten="40,1300,0" yaku="1,1,53,0" doraHai="34" doraHaiUra="95" who="1" fromWho="0" sc="142,-13,457,23,164,0,227,0" /><INIT seed="4,0,0,5,2,61" ten="129,480,164,227" oya="0" hai0="101,78,43,6,124,121,131,48,107,117,120,36,60" hai1="62,57,9,18,32,123,35,126,54,0,2,28,41" hai2="89,73,27,11,111,76,105,45,86,70,118,52,46" hai3="84,129,72,75,21,66,20,106,13,91,81,112,30"/><T102/><D117/><U114/><E123/><V42/><F111/><W65/><G106/><T110/><D36/><U88/><E126/><V51/><F105/><W104/><G104/><T7/><D124/><U77/><E77/><V85/><F118/><W103/><G103/><T69/><D110/><U44/><E114/><V24/><F70/><W1/><G1/><T135/><D135/><U93/><E2/><V128/><F128/><W133/><G112/><T127/><D127/><U100/><E100/><V113/><F113/><W82/><G133/><T92/><D107/><U47/><E28/><V116/><F116/><W79/><G129/><T25/><D131/><U17/><E17/><V74/><F11/><W94/><G30/><T3/><D121/><U87/><E47/><V39/><F85/><W95/><G13/><T63/><D120/><U23/><E9/><V119/><F119/><W109/><G109/><T29/><D69/><U16/><E18/><V31/><F76/><W8/><G8/><N who="0" m="2143" /><D78/><U22/><E22/><V40/><F40/><W50/><G79/><T98/><D102/><U5/><E5/><V134/><F134/><W122/><G122/><T59/><D7/><U37/><E0/><V68/><F68/><W132/><G132/><T71/><D71/><U10/><REACH who="1" step="1"/><E10/><REACH who="1" ten="129,470,164,227" step="2"/><V125/><F125/><W67/><G20/><N who="0" m="15527" /><D43/><U33/><E33/><V49/><F31/><W80/><G21/><T12/><D12/><AGARI ba="0,1" hai="12,16,23,32,35,37,41,44,54,57,62,87,88,93" machi="12" ten="30,7700,0" yaku="1,1,7,1,54,2,53,0" doraHai="61" doraHaiUra="99" who="1" fromWho="0" sc="129,-77,470,87,164,0,227,0" /><INIT seed="5,0,0,2,0,3" ten="52,557,164,227" oya="1" hai0="91,54,2,129,126,36,32,1,119,13,5,104,63" hai1="115,105,23,21,57,47,18,108,110,89,100,16,112" hai2="92,102,11,55,7,25,71,10,122,135,14,67,26" hai3="0,8,76,73,48,95,50,51,130,81,131,74,88"/><U116/><E116/><V41/><F122/><W106/><G106/><T40/><D119/><U53/><E47/><V66/><F135/><W64/><G64/><N who="2" m="24617" /><F71/><W86/><REACH who="3" step="1"/><G74/><REACH who="3" ten="52,557,164,217" step="2"/><T33/><D104/><U77/><E105/><V103/><F41/><W43/><G43/><T15/><D40/><U113/><E113/><V107/><F107/><W39/><G39/><T42/><D42/><U69/><E115/><V97/><F103/><W96/><G96/><T9/><D36/><U114/><E100/><V38/><F38/><W12/><G12/><T111/><D13/><U45/><E114/><V98/><F98/><W22/><G22/><T109/><D15/><U28/><E112/><V65/><F65/><W49/><N who="3" m="12288" /><DORA hai="121" /><W4/><AGARI ba="0,1" hai="0,4,8,73,76,81,86,88,95,130,131" m="12288" machi="4" ten="50,12000,2" yaku="1,1,4,1,0,1,52,1,54,1,53,2" doraHai="3,121" doraHaiUra="127,62" who="3" fromWho="3" sc="52,-30,557,-60,164,-30,217,130" /><INIT seed="6,0,0,0,0,130" ten="22,497,134,347" oya="2" hai0="84,24,62,5,34,116,120,52,60,135,101,17,48" hai1="55,108,98,35,57,14,71,81,80,26,127,64,75" hai2="46,44,59,47,100,131,39,66,1,88,54,43,106" hai3="74,119,105,121,36,19,68,7,72,95,16,33,29"/><V122/><F122/><W61/><G119/><T109/><D120/><U32/><E108/><V4/><F131/><W50/><G121/><T104/><D109/><U126/><E14/><V113/><F113/><W107/><G36/><T115/><D116/><U9/><E98/><V96/><F66/><W30/><G7/><T11/><D115/><U111/><E75/><V124/><F124/><W103/><G50/><T128/><D128/><U89/><E64/><V85/><F4/><W129/><G129/><T10/><D104/><U117/><E71/><V56/><F1/><W125/><G68/><T79/><D101/><U18/><E117/><V23/><F23/><W82/><G103/><T92/><D34/><U112/><E111/><V22/><F22/><W132/><G95/><T69/><D69/><U93/><E112/><V90/><F59/><W40/><G40/><T114/><D114/><U25/><E35/><V21/><F21/><W15/><G33/><T63/><D135/><U37/><E32/><V49/><REACH who="2" step="1"/><F90/><REACH who="2" ten="22,497,124,347" step="2"/><W78/><G125/><T118/><D118/><U133/><E89/><V67/><F67/><W70/><G70/><T3/><D24/><U134/><E57/><V28/><F28/><W45/><G30/><T41/><D3/><U6/><E25/><V53/><F53/><W77/><G29/><T58/><D5/><U65/><E55/><V31/><F31/><W83/><G78/><T91/><D17/><U99/><E18/><V110/><F110/><W76/><G76/><T97/><D41/><U51/><E6/><V102/><F102/><W13/><G77/><RYUUKYOKU ba="0,1" sc="22,15,497,-15,124,15,347,-15" hai0="10,11,48,52,58,60,62,63,79,84,91,92,97" hai2="39,43,44,46,47,49,54,56,85,88,96,100,106" /><INIT seed="6,1,1,4,4,1" ten="37,482,139,332" oya="2" hai0="3,117,25,119,62,118,116,35,80,92,122,106,127" hai1="91,112,56,59,29,9,124,12,20,38,68,93,2" hai2="23,133,69,54,15,0,55,85,78,18,109,64,30" hai3="10,43,115,31,94,105,98,128,86,47,104,97,125"/><V57/><F0/><W67/><G125/><T28/><N who="0" m="29696" /><DORA hai="130" /><T32/><D122/><U135/><E68/><V40/><F40/><W52/><G128/><T37/><D106/><U61/><E38/><V60/><F109/><W72/><G72/><T44/><D127/><U83/><E2/><V27/><F133/><W66/><G115/><T123/><D123/><U16/><E112/><V75/><F75/><W81/><G31/><T134/><D3/><U132/><E83/><N who="2" m="47351" /><F69/><W5/><G52/><N who="2" m="20009" /><F15/><W99/><G104/><T114/><D114/><U7/><E29/><AGARI ba="1,1" hai="18,23,27,29,30,57,60,64" m="20009,47351" machi="29" ten="30,2900,0" yaku="8,1,54,1" doraHai="1,130" who="2" fromWho="1" sc="37,0,482,-32,139,42,332,0" /><INIT seed="6,2,0,4,2,30" ten="37,450,181,332" oya="2" hai0="27,19,129,2,58,109,37,79,94,102,7,21,90" hai1="59,120,50,23,6,44,3,124,33,92,24,134,53" hai2="123,51,12,126,110,47,77,40,61,70,31,54,76" hai3="106,49,35,125,115,132,119,38,100,68,78,56,82"/><V65/><F123/><W104/><G119/><T10/><D109/><U99/><E134/><V64/><F126/><W52/><G132/><T101/><D129/><U26/><E124/><V117/><F117/><W22/><G125/><T16/><D37/><U34/><E120/><V111/><F65/><W69/><G38/><T85/><D79/><U41/><E6/><V9/><F31/><W72/><G35/><T32/><D58/><U98/><E3/><V57/><F111/><W74/><G74/><T80/><D80/><U15/><E15/><V1/><F1/><W103/><G22/><T39/><D39/><U28/><E26/><V121/><F121/><W105/><REACH who="3" step="1"/><G115/><REACH who="3" ten="37,450,181,322" step="2"/><T108/><D108/><U86/><E34/><V131/><F110/><W67/><G67/><T128/><D128/><U127/><E33/><V93/><F131/><W81/><G81/><T89/><D89/><N who="1" m="53303" /><E127/><V36/><REACH who="2" step="1"/><F93/><REACH who="2" ten="37,450,171,322" step="2"/><W113/><G113/><T116/><D116/><U5/><E28/><V62/><F62/><W42/><G42/><T25/><REACH who="0" step="1"/><D32/><REACH who="0" ten="27,450,171,322" step="2"/><U73/><E41/><V43/><F43/><W114/><G114/><T11/><D11/><U112/><E112/><V55/><F55/><W87/><G87/><T96/><D96/><U45/><E99/><V88/><F88/><W135/><G135/><T133/><D133/><U122/><E98/><V18/><AGARI ba="2,3" hai="9,12,18,36,40,47,51,54,57,61,64,70,76,77" machi="18" ten="20,12000,1" yaku="1,1,0,1,7,1,24,2,53,0" doraHai="30" doraHaiUra="84" who="2" fromWho="2" sc="27,-42,450,-42,171,156,322,-42" owari="-15,-51.5,408,50.8,327,12.7,280,-12.0" /></mjloggm>