<mjloggm ver="2.3"><GO type="169" lobby="0"/><UN n0="%E6%AE%8B%E9%85%B7%E3%81%AA%E5%A4%A9%E4%BD%BF%E3%83%8F%E3%83%9E%E3%83%BC" n1="%E3%83%A9%E3%82%B9%E3%82%8B%E3%81%8B%E3%81%AA" n2="%E4%BA%BA%E7%8B%BC" n3="%4C%C3%97%57%C3%97%4C" dan="16,17,16,16" rate="2123.45,2193.97,2044.31,2154.75" sx="M,M,M,M"/><TAIKYOKU oya="0"/><INIT seed="0,0,0,3,1,67" ten="250,250,250,250" oya="0" hai0="28,129,134,88,29,11,56,91,47,23,102,114,12" hai1="65,101,108,37,71,51,133,76,90,119,60,80,78" hai2="122,22,72,92,38,85,43,40,9,6,82,0,20" hai3="42,49,66,34,10,106,87,16,3,30,109,97,63"/><T24/><D114/><U128/><E119/><V83/><F122/><W14/><G109/><T127/><D127/><U115/><E37/><V112/><F43/><W130/><G130/><T48/><D129/><U53/><E108/><V27/><F112/><W2/><G87/><T95/><D134/><U61/><E61/><V126/><F126/><W81/><G81/><T69/><D69/><U107/><E128/><V55/><F55/><W35/><G42/><T7/><D56/><U1/><E1/><V41/><F41/><W135/><G49/><T125/><D125/><U74/><E76/><V121/><F121/><W18/><G18/><T110/><D110/><U59/><E133/><V4/><F4/><W25/><G35/><T86/><D91/><U98/><E115/><V123/><F92/><W15/><G15/><T111/><D111/><U21/><E21/><V62/><F62/><W75/><G75/><T124/><D102/><U57/><REACH who="1" step="1"/><E90/><REACH who="1" ten="250,240,250,250" step="2"/><V58/><F20/><W118/><G118/><T73/><D124/><U96/><E96/><V13/><F22/><W5/><G135/><T46/><D73/><U50/><E50/><V94/><F72/><W77/><G77/><T116/><D116/><U26/><E26/><V33/><F27/><W68/><G5/><T103/><D103/><AGARI ba="0,1" hai="2,3,10,14,16,25,30,34,63,66,68,97,103,106" machi="103" ten="40,8000,1" yaku="25,2,52,1,54,1" doraHai="67" who="3" fromWho="0" sc="250,-80,240,0,250,0,250,90" /><INIT seed="1,0,0,4,4,8" ten="170,240,250,340" oya="1" hai0="99,29,133,110,26,7,19,1,73,70,113,102,94" hai1="101,119,118,62,115,104,10,22,42,80,128,78,93" hai2="76,66,48,85,32,51,13,57,108,126,67,90,21" hai3="82,92,112,124,77,123,27,25,49,132,53,109,96"/><U61/><E115/><V97/><F108/><W106/><G123/><T23/><D113/><U20/><E104/><V30/><F126/><W43/><G112/><T127/><D110/><U39/><E128/><V83/><F32/><W46/><G109/><T129/><D127/><U114/><E114/><V5/><F30/><W71/><G106/><T84/><D129/><U130/><E130/><V56/><F56/><W111/><G132/><T122/><D73/><U105/><E105/><V24/><F24/><W60/><G124/><T74/><D74/><U3/><E61/><V131/><F131/><W120/><G120/><T135/><D122/><U28/><E62/><V31/><F31/><W40/><G111/><T100/><D70/><U65/><E65/><V103/><F76/><W44/><G60/><T134/><D84/><U52/><E52/><N who="2" m="31879" /><F51/><W11/><G53/><T81/><D81/><U17/><E28/><V72/><F72/><W107/><G107/><T2/><D100/><U64/><E64/><V86/><F85/><N who="3" m="48335" /><G71/><T58/><D58/><U15/><E3/><V95/><F5/><W89/><G44/><T69/><D69/><U37/><E37/><V116/><F116/><N who="1" m="44585" /><E39/><V59/><F59/><W54/><G54/><T47/><D7/><U16/><E101/><V6/><F6/><W38/><G38/><T91/><D102/><U121/><E121/><V34/><F34/><W63/><G63/><T79/><D47/><U50/><E78/><V88/><F103/><W35/><G35/><N who="0" m="20919" /><D79/><U55/><E55/><V87/><F87/><W18/><G43/><T36/><D36/><RYUUKYOKU ba="0,0" sc="170,10,240,-30,250,10,340,10" hai0="1,2,19,23,91,94,99,133,134,135" hai2="13,21,66,67,83,86,88,90,95,97" hai3="11,18,25,27,40,46,49,89,92,96" /><INIT seed="2,1,0,0,5,57" ten="180,210,260,350" oya="2" hai0="86,77,22,88,16,47,1,106,135,89,33,37,93" hai1="36,44,34,6,84,126,40,71,82,19,81,46,61" hai2="113,119,12,31,95,87,28,121,117,0,101,59,24" hai3="66,134,21,131,110,133,42,10,52,5,129,56,108"/><V51/><F121/><W32/><G32/><T41/><D135/><N who="3" m="51721" /><G21/><T9/><D33/><U26/><E126/><V99/><F113/><W14/><G42/><T65/><D106/><U116/><E116/><V120/><F120/><W109/><G66/><T112/><D112/><U115/><E115/><V103/><F0/><W75/><G75/><T8/><D1/><U67/><E6/><V79/><F103/><W43/><G43/><T85/><D65/><U91/><E46/><V122/><F12/><W114/><G114/><T118/><D77/><U123/><E123/><V62/><F51/><AGARI ba="1,0" hai="5,10,14,51,52,56,108,109,110,129,131" m="51721" machi="51" ten="40,5200,0" yaku="14,1,20,1,54,1" doraHai="57" who="3" fromWho="2" sc="180,0,210,0,260,-55,350,55" /><INIT seed="3,0,0,3,0,61" ten="180,210,205,405" oya="3" hai0="121,29,101,67,107,95,132,128,17,98,93,127,123" hai1="135,81,72,39,56,4,68,76,30,130,90,103,92" hai2="43,44,33,125,108,11,38,27,111,52,110,37,74" hai3="85,0,47,84,58,94,82,23,62,126,120,122,7"/><W69/><G69/><T25/><D128/><U96/><E68/><V59/><F74/><W75/><G126/><T41/><D127/><U3/><E39/><V71/><F125/><W22/><G75/><T42/><D132/><U118/><E130/><V2/><F2/><W9/><G47/><T34/><D17/><U57/><E135/><V89/><F11/><W36/><G36/><T10/><D10/><U64/><E118/><V66/><F89/><W87/><G94/><T102/><D67/><U104/><E30/><N who="2" m="19679" /><F37/><W91/><G122/><T106/><D106/><U113/><E113/><V31/><F31/><W54/><G120/><T83/><D83/><U16/><E64/><V131/><F131/><W35/><G35/><T24/><D107/><U124/><E124/><V19/><F19/><W112/><G112/><T63/><D29/><U105/><E105/><V134/><F134/><W1/><G1/><T60/><D98/><U8/><REACH who="1" step="1"/><E16/><REACH who="1" ten="180,200,205,405" step="2"/><V77/><F77/><W80/><G85/><AGARI ba="0,1" hai="3,4,8,56,57,72,76,81,85,90,92,96,103,104" machi="85" ten="30,8000,1" yaku="1,1,2,1,7,1,24,2,53,0" doraHai="61" doraHaiUra="14" who="1" fromWho="3" sc="180,0,200,90,205,0,405,-80" /><INIT seed="4,0,0,4,0,117" ten="180,290,205,325" oya="0" hai0="74,23,120,97,47,93,123,134,128,29,6,71,37" hai1="84,111,18,42,40,89,130,63,12,118,66,1,35" hai2="4,133,76,48,135,79,92,24,114,61,62,65,10" hai3="103,28,30,16,20,56,102,91,9,8,45,52,126"/><T107/><D107/><U132/><E1/><V59/><F114/><W2/><G126/><T87/><D74/><U55/><E35/><V96/><F48/><N who="3" m="30727" /><G2/><T81/><D71/><U19/><E118/><V80/><F24/><N who="3" m="14343" /><G45/><T68/><D68/><U46/><E111/><V124/><F61/><W64/><G64/><T83/><D37/><U122/><E130/><V86/><F124/><W53/><G53/><T109/><D47/><U100/><E132/><V69/><F69/><W121/><G121/><T49/><D134/><U106/><E122/><V54/><F65/><W39/><G39/><T119/><D119/><U129/><E129/><V36/><F36/><W50/><G50/><T51/><D128/><U101/><E55/><V11/><F133/><W131/><G91/><T38/><D38/><U112/><E106/><V90/><F135/><W70/><G70/><T88/><D109/><U116/><E116/><V60/><F60/><W125/><G125/><T110/><D110/><U44/><E44/><V3/><F10/><N who="3" m="4203" /><G131/><T95/><D123/><U85/><E42/><V32/><F32/><W94/><G94/><T33/><D33/><U21/><E46/><V31/><F31/><AGARI ba="0,0" hai="28,30,31,102,103" m="4203,14343,30727" machi="31" ten="30,3900,0" yaku="8,1,54,2" doraHai="117" who="3" fromWho="2" sc="180,0,290,0,205,-39,325,39" /><INIT seed="5,0,0,4,1,9" ten="180,290,166,364" oya="1" hai0="30,117,109,44,71,22,99,63,59,88,133,18,41" hai1="64,115,121,77,23,91,43,104,84,65,97,49,68" hai2="75,29,20,131,57,76,56,96,52,15,124,1,48" hai3="55,51,31,93,61,7,74,62,13,4,45,102,80"/><U95/><E121/><V78/><F124/><W90/><G31/><T46/><D133/><U125/><E125/><V28/><F131/><W107/><G107/><T69/><D109/><U6/><E68/><V105/><F1/><W3/><G3/><T27/><D117/><U79/><E115/><V16/><F75/><W11/><G4/><T129/><D129/><U53/><E43/><V123/><F123/><W54/><G102/><T39/><D46/><U113/><E113/><V70/><F70/><W111/><G111/><T2/><D2/><U25/><E6/><V128/><F128/><W110/><G110/><T135/><D135/><U120/><E120/><V35/><F35/><W26/><G26/><T36/><D36/><U118/><E118/><V132/><F132/><W33/><G33/><T66/><REACH who="0" step="1"/><D30/><REACH who="0" ten="170,290,166,364" step="2"/><N who="2" m="11882" /><F105/><W72/><G45/><T42/><D42/><U100/><E104/><V126/><F126/><W122/><G122/><T101/><D101/><U130/><E130/><V67/><F96/><W98/><G98/><T34/><D34/><U94/><E100/><V12/><F12/><W40/><G13/><T127/><D127/><U85/><E97/><V58/><F67/><W14/><G14/><T134/><D134/><U89/><E64/><V47/><AGARI ba="0,1" hai="15,16,20,47,48,52,56,57,58,76,78" m="11882" machi="47" ten="30,7900,0" yaku="8,1,52,1,54,2" doraHai="9" who="2" fromWho="2" sc="170,-20,290,-39,166,89,364,-20" /><INIT seed="6,0,0,0,1,17" ten="150,251,255,344" oya="2" hai0="83,44,97,87,26,73,23,59,103,67,53,11,43" hai1="52,124,74,119,14,16,91,117,81,79,19,128,32" hai2="112,0,101,122,131,6,111,2,36,115,12,41,24" hai3="109,65,61,68,95,58,62,10,82,33,63,90,76"/><V1/><F122/><W8/><G109/><T49/><D73/><U60/><E32/><V25/><F101/><W55/><G33/><T135/><D135/><U7/><E128/><V108/><F36/><W98/><REACH who="3" step="1"/><G63/><REACH who="3" ten="150,251,255,334" step="2"/><T56/><D11/><U134/><E60/><V107/><F131/><W114/><G114/><N who="2" m="43561" /><F107/><W38/><G38/><T85/><D67/><U71/><E119/><V94/><F94/><W66/><G66/><T130/><D130/><U48/><E117/><V121/><F121/><W89/><G89/><T127/><D127/><U86/><E91/><V64/><F64/><W106/><G106/><T18/><D83/><U20/><E124/><V27/><F41/><W125/><G125/><T123/><D123/><U88/><E88/><V47/><F47/><W34/><G34/><T70/><D70/><U30/><E71/><V118/><F118/><W3/><G3/><T100/><D100/><U40/><E81/><V50/><F50/><W92/><G92/><N who="0" m="58791" /><D59/><U15/><E48/><AGARI ba="0,1" hai="18,23,26,43,44,48,49,53,56,85,87" m="58791" machi="48" ten="30,2000,0" yaku="8,1,52,1" doraHai="17" who="0" fromWho="1" sc="150,30,251,-20,255,0,334,0" /><INIT seed="7,0,0,4,4,8" ten="180,231,255,334" oya="3" hai0="1,97,126,36,6,0,17,71,31,92,119,69,76" hai1="58,35,48,24,112,107,33,95,111,52,115,72,39" hai2="11,114,88,14,106,47,110,125,60,135,123,32,13" hai3="64,85,101,18,21,3,90,81,27,96,19,113,67"/><W103/><G3/><T78/><D119/><U54/><E107/><V12/><F110/><W77/><G113/><N who="1" m="43594" /><E72/><V117/><F114/><W57/><G18/><T79/><D36/><U43/><E111/><V68/><F117/><W23/><G23/><T73/><D73/><U22/><E54/><V50/><F106/><W28/><G28/><T74/><D74/><U29/><E95/><V134/><F32/><W66/><G57/><T94/><D126/><U83/><E83/><V130/><F125/><W121/><G121/><T118/><D118/><U86/><E86/><V25/><F130/><W80/><G80/><T120/><D120/><U133/><E133/><N who="2" m="50699" /><F25/><W99/><G77/><T122/><D122/><U51/><E39/><V109/><F109/><W63/><G63/><T37/><D37/><U132/><E132/><V45/><F123/><W70/><G70/><T38/><D38/><U4/><E4/><N who="2" m="3175" /><F88/><W124/><G124/><T89/><D31/><U30/><E30/><V15/><F50/><N who="1" m="18985" /><E43/><V5/><F5/><W100/><AGARI ba="0,0" hai="19,21,27,64,66,67,81,85,90,96,99,100,101,103" machi="100" ten="30,3000,0" yaku="0,1,8,1" doraHai="8" who="3" fromWho="3" sc="180,-10,231,-10,255,-10,334,30" owari="170,-33.0,221,-17.9,245,4.5,364,46.4" /></mjloggm>