<mjloggm ver="2.3"><GO type="169" lobby="0"/><UN n0="%E3%83%A9%E3%82%B9%E3%82%8B%E3%81%8B%E3%81%AA" n1="%73%75%70%6F%72%6F%4E" n2="%41%4F%54" n3="%E3%81%A7%E3%82%93%E3%81%A4%E3%81%86" dan="17,17,18,18" rate="2204.94,2109.62,2219.55,2202.02" sx="M,M,F,M"/><TAIKYOKU oya="0"/><INIT seed="0,0,0,4,0,4" ten="250,250,250,250" oya="0" hai0="80,123,102,25,116,66,31,75,16,12,42,0,61" hai1="110,86,70,59,101,122,88,6,87,74,47,10,93" hai2="60,133,95,89,73,111,109,62,51,18,68,128,76" hai3="23,41,113,125,29,92,36,64,99,32,26,27,67"/><T2/><D116/><U65/><E122/><V81/><F128/><W3/><G113/><T77/><D123/><U119/><E119/><V40/><F133/><W131/><G125/><T78/><D78/><U58/><E110/><N who="2" m="41995" /><F68/><W115/><G115/><T71/><D42/><U117/><E117/><V22/><F51/><W112/><G131/><T28/><D102/><U14/><E74/><V49/><F49/><W114/><G3/><T54/><D54/><U33/><E33/><V127/><F40/><W98/><G98/><T38/><D31/><U124/><E124/><V37/><F37/><W94/><G94/><T15/><D15/><U56/><E101/><V55/><F55/><W63/><G41/><T17/><D38/><U46/><REACH who="1" step="1"/><E87/><REACH who="1" ten="250,240,250,250" step="2"/><N who="2" m="52671" /><F127/><W132/><G114/><T48/><D48/><U1/><E1/><V120/><F120/><W11/><G112/><T8/><REACH who="0" step="1"/><D17/><REACH who="0" ten="240,240,250,250" step="2"/><U130/><E130/><V9/><F18/><W134/><G36/><T69/><D69/><U30/><E30/><V107/><F73/><W34/><G29/><T13/><D13/><U108/><E108/><V129/><F129/><W84/><G134/><T85/><D85/><U83/><E83/><V43/><F81/><W21/><G84/><T104/><D104/><U103/><E103/><V50/><F50/><W90/><G132/><T82/><D82/><U35/><E35/><AGARI ba="0,2" hai="0,2,8,12,16,25,28,35,61,66,71,75,77,80" machi="35" ten="30,11600,0" yaku="1,1,7,1,52,1,54,1,53,0" doraHai="4" doraHaiUra="52" who="0" fromWho="1" sc="240,136,240,-116,250,0,250,0" /><INIT seed="0,1,0,4,1,118" ten="376,124,250,250" oya="0" hai0="32,51,9,88,124,56,103,74,58,35,73,121,85" hai1="104,49,57,14,62,134,11,19,16,126,80,107,92" hai2="78,82,18,28,46,34,55,29,65,97,53,63,129" hai3="83,71,17,91,20,120,133,110,112,89,100,8,79"/><T115/><D115/><U93/><E126/><V76/><F129/><W95/><G112/><T101/><D124/><U102/><E134/><V123/><F34/><W27/><G71/><T21/><D9/><U44/><E80/><V15/><F123/><W5/><G110/><T94/><D121/><U25/><E102/><V36/><F97/><W66/><G133/><T77/><D32/><U59/><E107/><V30/><F36/><W117/><G117/><T122/><D35/><U31/><E104/><V42/><F42/><W106/><G66/><T10/><D10/><U4/><E31/><V116/><F46/><W86/><G106/><T127/><D122/><U22/><E4/><V109/><F109/><W40/><G40/><T2/><D2/><U96/><E96/><V125/><F125/><W60/><G60/><T70/><D70/><U69/><E69/><V38/><F38/><W33/><G33/><T128/><D128/><U3/><E3/><V26/><F26/><W64/><G64/><T47/><D127/><U68/><E68/><V39/><F39/><W23/><G23/><T6/><D21/><U0/><E0/><V50/><F50/><W130/><G120/><T114/><D114/><U119/><E119/><V37/><F37/><W48/><G48/><T41/><D6/><U90/><E90/><V45/><F116/><W13/><G130/><T131/><D131/><U61/><E61/><V12/><F63/><W105/><G105/><T81/><REACH who="0" step="1"/><D74/><REACH who="0" ten="366,124,250,250" step="2"/><U24/><E22/><V72/><F72/><W132/><G132/><T67/><D67/><U108/><E108/><RYUUKYOKU ba="1,1" sc="366,15,124,-15,250,-15,250,15" hai0="41,47,51,56,58,73,77,81,85,88,94,101,103" hai3="5,8,13,17,20,27,79,83,86,89,91,95,100" /><INIT seed="0,2,1,3,3,68" ten="381,109,235,265" oya="0" hai0="90,31,43,102,114,4,2,74,65,57,56,98,30" hai1="109,116,118,1,100,75,72,85,29,106,135,86,113" hai2="32,47,133,99,37,69,101,83,53,124,131,54,23" hai3="51,122,108,95,132,92,10,61,119,22,35,21,44"/><T127/><D74/><N who="1" m="28203" /><E29/><V130/><F124/><W58/><G35/><T110/><D114/><U15/><E15/><V45/><F133/><W134/><G108/><T91/><D127/><U39/><E39/><V78/><F32/><W126/><G119/><N who="1" m="45610" /><E1/><V13/><F69/><W48/><G122/><T84/><D43/><U79/><E109/><V19/><F47/><W120/><G120/><T115/><D115/><U42/><E42/><N who="2" m="22735" /><F83/><W11/><G126/><T81/><D110/><U77/><E135/><N who="3" m="51754" /><G21/><T24/><D31/><U0/><E0/><V87/><F78/><N who="1" m="29705" /><E113/><V25/><F13/><W38/><G22/><T14/><D2/><U18/><E18/><V70/><F19/><W96/><G38/><T46/><D14/><U52/><E52/><V49/><F54/><W129/><G51/><T6/><D30/><U105/><E100/><V63/><F101/><W71/><G71/><T40/><D102/><U20/><E20/><V9/><F23/><W67/><G11/><T88/><D24/><U121/><E121/><V34/><F49/><W26/><G10/><T36/><D4/><U97/><E97/><V50/><F99/><W16/><G96/><T112/><D6/><U117/><N who="1" m="45618" /><U62/><DORA hai="93" /><E62/><V103/><F63/><W17/><G26/><T107/><D112/><U89/><E89/><V76/><F25/><W66/><G66/><T28/><D65/><U94/><E94/><N who="3" m="35882" /><G16/><T33/><D33/><U64/><E64/><V73/><F34/><W12/><G17/><T104/><D98/><U8/><E8/><V5/><F9/><W82/><G12/><RYUUKYOKU ba="2,1" sc="381,-10,109,30,235,-10,265,-10" hai1="85,86,105,106" /><INIT seed="1,3,1,2,1,101" ten="371,139,225,255" oya="1" hai0="107,45,135,103,31,18,68,47,92,83,15,132,104" hai1="55,90,110,121,133,99,59,4,94,57,119,28,63" hai2="116,76,81,1,106,23,24,102,113,10,40,11,131" hai3="129,30,73,72,21,27,105,109,71,35,50,33,79"/><U53/><E119/><V77/><F116/><W74/><G109/><T48/><D68/><U93/><E121/><V17/><F131/><W97/><G129/><T108/><D31/><U100/><E133/><N who="0" m="51273" /><D83/><U6/><E28/><V56/><F77/><W122/><G122/><T85/><D108/><U2/><E2/><V123/><F123/><W46/><G71/><T16/><D47/><U8/><E8/><V87/><F113/><W69/><G69/><T111/><D111/><U54/><E110/><V12/><F40/><W25/><G79/><T37/><D37/><U125/><E125/><V78/><F78/><W70/><G70/><T112/><D112/><U126/><E126/><V14/><F1/><W115/><G115/><T44/><D44/><U95/><E54/><V120/><F120/><W19/><G33/><T84/><D18/><U5/><REACH who="1" step="1"/><E90/><REACH who="1" ten="371,129,225,255" step="2"/><V96/><F10/><W52/><G30/><T75/><D75/><U130/><E130/><V39/><F11/><W82/><G74/><T49/><D45/><U62/><AGARI ba="3,2" hai="4,5,6,53,55,57,59,62,63,93,94,95,99,100" machi="62" ten="30,18000,2" yaku="1,1,0,1,9,1,8,1,53,3" doraHai="101" doraHaiUra="3" who="1" fromWho="1" sc="371,-63,129,209,225,-63,255,-63" /><INIT seed="1,4,0,1,1,12" ten="308,338,162,192" oya="1" hai0="60,94,123,102,44,122,68,16,88,46,64,6,25" hai1="133,108,40,14,78,67,54,34,26,42,83,116,61" hai2="28,117,81,86,37,55,3,57,48,69,134,106,62" hai3="130,75,45,36,43,113,17,110,9,119,97,100,111"/><U89/><E116/><V125/><F117/><W8/><G75/><T95/><D6/><U13/><E133/><V76/><F134/><W74/><G119/><T30/><D102/><U118/><E118/><V70/><F125/><W22/><G74/><T101/><D101/><U128/><E128/><V91/><F106/><W50/><G36/><T132/><D132/><U58/><E108/><N who="3" m="41514" /><G130/><T51/><D95/><U85/><E34/><V120/><F120/><N who="0" m="46122" /><D51/><U49/><E26/><V124/><F124/><W131/><G113/><T35/><D16/><U0/><E0/><V121/><F121/><W18/><G131/><T103/><D103/><U115/><E115/><V11/><F37/><W66/><G66/><T2/><D2/><U109/><E109/><V129/><F129/><W23/><G23/><T92/><D92/><U90/><E13/><V1/><F28/><W114/><G114/><T19/><D19/><N who="3" m="7177" /><G22/><T20/><D20/><U84/><E14/><V112/><F112/><W15/><G15/><T29/><D29/><U96/><E96/><AGARI ba="4,0" hai="25,30,35,44,46,60,64,68,88,94,96" m="46122" machi="96" ten="30,2000,0" yaku="13,1,54,1" doraHai="12" who="0" fromWho="1" sc="308,32,338,-32,162,0,192,0" /><INIT seed="2,0,0,1,5,2" ten="340,306,162,192" oya="2" hai0="54,99,6,127,15,57,91,122,100,67,73,80,12" hai1="41,121,113,13,90,10,8,103,131,106,111,21,63" hai2="108,98,77,51,128,7,4,75,116,26,87,74,25" hai3="72,33,133,92,96,28,53,29,23,114,112,89,16"/><V110/><F116/><W78/><G33/><T42/><D122/><U68/><E113/><N who="3" m="43626" /><G133/><T50/><D127/><U119/><E21/><V65/><F128/><W123/><G123/><T37/><D67/><U84/><E10/><V55/><F65/><W58/><G78/><T79/><D91/><U135/><E8/><V66/><F66/><W39/><G72/><N who="2" m="27689" /><F98/><W20/><G39/><T18/><D6/><N who="2" m="2090" /><F87/><W32/><G32/><T5/><D5/><U104/><E84/><V44/><F77/><W45/><G45/><T47/><REACH who="0" step="1"/><D18/><REACH who="0" ten="330,306,162,192" step="2"/><U129/><E121/><V46/><F46/><W38/><G16/><T71/><D71/><U81/><E68/><V132/><F132/><W107/><G89/><T83/><D83/><U49/><E81/><V125/><F125/><W1/><G1/><T27/><D27/><U40/><E90/><V126/><F126/><W115/><G115/><T17/><D17/><U105/><E135/><V102/><F102/><W117/><G117/><T59/><D59/><U19/><E103/><V69/><F69/><W95/><G58/><T86/><D86/><U31/><E19/><V52/><F55/><W61/><G53/><T0/><D0/><U9/><E119/><V94/><F94/><AGARI ba="0,1" hai="12,15,37,42,47,50,54,57,73,79,80,94,99,100" machi="94" ten="30,2000,0" yaku="1,1,7,1,53,0" doraHai="2" doraHaiUra="60" who="0" fromWho="2" sc="330,30,306,0,162,-20,192,0" /><INIT seed="3,0,0,0,1,53" ten="360,306,142,192" oya="3" hai0="29,41,12,122,109,72,15,62,78,95,7,82,102" hai1="51,101,68,117,55,100,46,16,21,126,33,54,94" hai2="5,118,25,10,67,85,13,11,98,49,45,23,106" hai3="18,28,104,92,26,77,133,36,80,66,116,125,39"/><W71/><G116/><T107/><D122/><U129/><E117/><V1/><F118/><W4/><G104/><T32/><D109/><U105/><E126/><V96/><F106/><W24/><G125/><T35/><D107/><U113/><E113/><V135/><F135/><W134/><G4/><T89/><D102/><U34/><E129/><V48/><F67/><W84/><G18/><T14/><D41/><U40/><E68/><V2/><F85/><W88/><G66/><T52/><D7/><U81/><E81/><V130/><F130/><W123/><G71/><T64/><D29/><U58/><E55/><V22/><F5/><W112/><G123/><T128/><D128/><U65/><E65/><V42/><F45/><W97/><G26/><T108/><D108/><U56/><E105/><V9/><F13/><W87/><G84/><T61/><D61/><U20/><E94/><V63/><F63/><W99/><G99/><T111/><D111/><U19/><E54/><V31/><F42/><W30/><G30/><T6/><D6/><U75/><E75/><V103/><F103/><N who="1" m="39497" /><E33/><V8/><N who="2" m="2048" /><DORA hai="27" /><V37/><F37/><W115/><G36/><T17/><D64/><U60/><E34/><V3/><REACH who="2" step="1"/><F22/><REACH who="2" ten="360,306,132,192" step="2"/><N who="1" m="8809" /><E60/><V121/><F121/><W119/><G39/><T70/><D62/><U114/><E114/><N who="3" m="43562" /><G119/><T90/><D90/><U93/><E93/><V127/><F127/><W110/><G110/><T59/><D95/><U74/><E74/><V73/><F73/><W69/><G69/><T86/><D70/><U131/><E131/><V132/><F132/><W0/><G0/><RYUUKYOKU ba="0,1" sc="360,-30,306,10,132,10,192,10" hai1="16,19,40,46,51,56,58" hai2="1,2,3,23,25,31,48,49,96,98" hai3="24,28,77,80,87,88,92,97,133,134" /><INIT seed="3,1,1,5,4,62" ten="330,316,142,202" oya="3" hai0="123,63,97,52,70,8,28,17,18,66,89,94,60" hai1="33,90,43,112,86,131,92,32,37,59,13,39,99" hai2="25,126,115,83,16,35,114,71,49,93,61,21,122" hai3="88,64,51,80,24,82,101,36,40,107,134,95,26"/><W103/><G36/><T65/><D123/><U11/><E112/><V56/><F122/><W106/><G134/><T6/><D28/><U124/><E124/><V135/><F126/><W9/><G9/><T130/><D52/><U85/><E131/><V68/><F135/><W125/><G125/><T108/><D130/><U0/><E0/><V128/><F128/><W7/><G7/><T47/><D47/><U105/><E59/><V91/><F83/><N who="3" m="31787" /><G107/><T42/><D42/><U72/><E72/><V5/><F5/><W79/><G106/><T1/><D108/><U111/><E111/><V30/><F49/><W100/><G79/><T44/><D44/><U50/><E50/><V4/><F4/><W23/><G64/><T118/><D118/><U53/><E105/><V113/><F35/><W96/><G23/><T3/><D3/><U116/><E116/><V84/><REACH who="2" step="1"/><F30/><REACH who="2" ten="330,316,132,202" step="2"/><W54/><G40/><T19/><D19/><N who="1" m="8639" /><E43/><V15/><F15/><W57/><AGARI ba="1,2" hai="24,26,51,54,57,88,95,96,100,101,103" m="31787" machi="57" ten="30,3000,0" yaku="8,1,54,1" doraHai="62" who="3" fromWho="3" sc="330,-11,316,-11,132,-11,202,53" /><INIT seed="3,2,0,1,3,133" ten="319,305,121,255" oya="3" hai0="91,45,105,11,79,9,129,37,87,43,55,49,32" hai1="13,122,62,117,134,101,61,75,78,47,41,77,119" hai2="70,111,114,94,33,44,104,29,108,5,120,81,6" hai3="57,34,128,3,85,21,63,132,35,130,19,10,73"/><W109/><G73/><T25/><D105/><U4/><E122/><V86/><F104/><W123/><G123/><T74/><D129/><N who="3" m="49769" /><G132/><T131/><D131/><U26/><E101/><V112/><F70/><W31/><G31/><T68/><D68/><U27/><E134/><V16/><F44/><W72/><G72/><T95/><D95/><U82/><E78/><V76/><F120/><W115/><G115/><T42/><D42/><U23/><E13/><V59/><F59/><W20/><G85/><T18/><D79/><U116/><E4/><N who="2" m="1643" /><F94/><W99/><G99/><T50/><D74/><U98/><E98/><V2/><F2/><W12/><G109/><N who="2" m="42057" /><F16/><N who="3" m="8215" /><G3/><T127/><D32/><N who="3" m="12329" /><G19/><T66/><D18/><N who="1" m="12663" /><E27/><AGARI ba="2,0" hai="27,29,33,76,81,86,112,114" m="42057,1643" machi="27" ten="30,1000,0" yaku="14,1" doraHai="133" who="2" fromWho="1" sc="319,0,305,-16,121,16,255,0" /><INIT seed="4,0,0,3,5,45" ten="319,289,137,255" oya="0" hai0="48,116,71,130,56,21,96,59,70,42,1,93,119" hai1="97,40,58,54,98,69,11,114,104,17,18,110,113" hai2="122,129,127,100,103,61,20,66,19,84,95,126,81" hai3="77,135,50,132,124,99,2,74,108,134,4,57,106"/><T131/><D1/><U75/><E69/><N who="0" m="26121" /><D21/><U105/><E40/><V120/><F61/><W63/><G108/><T112/><D93/><U5/><E75/><V27/><F66/><W87/><G74/><T7/><D96/><N who="1" m="36971" /><E110/><V33/><F129/><N who="0" m="49162" /><D7/><U121/><E121/><V14/><F95/><W133/><G135/><T26/><D26/><U109/><E109/><V123/><F27/><W92/><G106/><T8/><D8/><U67/><E67/><V29/><F29/><W24/><G24/><T125/><D125/><N who="2" m="47626" /><F33/><W41/><G124/><T128/><D128/><U76/><E76/><AGARI ba="0,0" hai="14,19,20,76,81,84,100,103,120,122,123" m="47626" machi="76" ten="40,1300,0" yaku="18,1" doraHai="45" who="2" fromWho="1" sc="319,0,289,-13,137,13,255,0" /><INIT seed="5,0,0,0,3,54" ten="319,276,150,255" oya="1" hai0="134,2,68,91,20,50,19,93,109,56,124,131,74" hai1="86,61,114,39,23,62,129,77,37,81,21,5,128" hai2="49,60,64,96,31,41,127,35,88,85,66,115,13" hai3="33,32,107,53,12,72,10,120,98,103,92,71,51"/><U57/><E114/><V38/><F38/><W113/><G120/><T83/><D68/><U95/><E5/><V119/><F119/><W122/><G122/><T30/><D2/><U24/><E62/><V47/><F127/><W90/><G72/><T105/><D105/><U102/><E21/><V17/><F115/><W48/><G48/><T112/><D30/><U106/><E106/><V55/><F96/><W36/><G36/><T99/><D112/><U101/><E39/><V22/><F31/><W15/><G71/><T80/><D109/><U59/><E37/><V1/><F35/><W40/><G40/><T87/><D74/><U18/><E95/><V118/><F1/><W0/><G0/><T82/><D134/><U76/><E77/><V26/><F26/><W11/><G113/><T104/><D104/><U94/><E94/><V58/><F118/><W125/><G125/><T110/><D131/><N who="1" m="50251" /><E61/><V9/><F22/><W29/><G29/><T73/><D73/><U45/><E45/><V117/><F117/><W132/><G132/><T69/><D110/><U14/><E24/><V63/><F60/><W44/><G12/><N who="0" m="9319" /><D124/><U67/><E67/><V97/><F97/><N who="3" m="57495" /><G10/><T27/><D27/><U28/><E28/><V75/><F75/><W123/><G123/><T79/><D69/><U70/><E70/><V126/><F126/><W111/><G111/><T133/><D133/><U16/><E18/><V135/><F135/><W25/><G25/><T130/><D130/><U8/><E8/><V42/><F66/><W89/><G89/><N who="0" m="55727" /><D79/><U116/><E116/><V46/><F46/><RYUUKYOKU ba="0,0" sc="319,0,276,0,150,0,255,0" hai0="50,56,80,82,83,87,91" hai1="14,16,23,57,59,76,81,86,101,102" hai2="9,13,17,41,42,47,49,55,58,63,64,85,88" hai3="11,15,32,33,44,51,53,98,103,107" /><INIT seed="5,1,0,1,1,103" ten="319,276,150,255" oya="1" hai0="47,101,116,122,31,125,24,20,11,115,35,43,106" hai1="85,84,124,21,127,134,79,7,15,86,48,55,104" hai2="13,40,63,83,5,23,107,52,110,60,81,133,30" hai3="6,120,73,10,100,50,44,14,12,0,131,32,93"/><U19/><E134/><V111/><F133/><W61/><G73/><T130/><D116/><U38/><E38/><V135/><F135/><W88/><G120/><T68/><D68/><U113/><E113/><V67/><F40/><W112/><G131/><T87/><D115/><U99/><E79/><V16/><F107/><W109/><G109/><T56/><D125/><N who="1" m="48203" /><E7/><V33/><F5/><W92/><G32/><T89/><D130/><U72/><E72/><V22/><F33/><W121/><G121/><T2/><D122/><U4/><E4/><V62/><F67/><W71/><G112/><T66/><D2/><U119/><E119/><V27/><REACH who="2" step="1"/><F52/><REACH who="2" ten="319,276,140,255" step="2"/><W123/><G123/><T53/><D66/><U41/><E41/><V96/><F96/><W98/><G61/><T28/><D53/><U105/><E99/><V45/><F45/><AGARI ba="1,1" hai="15,19,21,45,48,55,84,85,86,104,105" m="48203" machi="45" ten="30,5800,0" yaku="18,1,52,2" doraHai="103" who="1" fromWho="2" sc="319,0,276,71,140,-61,255,0" /><INIT seed="5,2,0,4,3,34" ten="319,347,79,255" oya="1" hai0="59,32,5,33,13,88,102,12,75,110,62,86,28" hai1="36,125,120,114,68,82,31,87,42,20,55,81,50" hai2="35,11,130,106,74,135,97,111,43,128,134,48,95" hai3="103,25,21,39,4,46,41,66,14,101,47,64,122"/><U76/><E120/><V69/><F35/><W7/><G122/><T8/><D75/><U126/><E68/><V99/><F11/><W121/><G121/><T119/><D110/><U22/><E114/><V58/><F43/><W57/><G46/><T53/><D119/><U71/><E71/><V70/><F48/><W116/><G116/><T132/><D132/><N who="2" m="50730" /><F58/><W2/><G14/><T129/><D129/><N who="2" m="49770" /><F69/><W79/><G79/><T77/><D77/><N who="1" m="46511" /><E31/><V117/><F70/><W94/><G64/><T37/><D37/><U10/><E10/><V67/><F67/><W85/><G57/><T78/><D78/><U108/><E108/><V124/><F117/><W27/><G66/><T109/><D109/><U84/><E42/><V104/><F111/><W89/><G25/><T61/><D61/><U23/><E36/><V30/><F30/><W49/><G39/><T63/><D63/><U112/><E112/><V107/><F74/><W96/><G2/><T18/><D28/><U90/><E55/><V51/><F51/><W40/><G41/><T118/><D118/><U3/><E3/><V17/><F17/><W1/><G1/><T98/><D18/><U133/><E50/><V123/><F123/><W83/><G7/><T91/><D13/><U115/><E115/><V6/><F6/><W45/><G4/><T80/><D32/><U93/><E133/><V0/><F0/><W127/><G47/><T9/><D33/><U24/><E24/><V113/><F113/><W15/><G27/><T38/><D38/><U16/><E16/><V54/><F54/><W131/><G131/><RYUUKYOKU ba="2,0" sc="319,-10,347,30,79,-10,255,-10" hai1="20,22,23,76,82,84,90,93,125,126" /><INIT seed="5,3,0,0,0,77" ten="309,377,69,245" oya="1" hai0="113,119,86,83,81,91,34,84,69,39,92,89,62" hai1="10,29,127,54,88,19,14,90,74,126,122,135,45" hai2="26,55,75,132,4,85,72,101,87,31,1,59,103" hai3="125,40,17,27,70,104,105,56,7,68,57,6,44"/><U131/><E122/><V16/><F132/><W107/><G125/><N who="1" m="47626" /><E135/><V80/><F1/><W134/><G134/><T124/><D39/><U32/><E131/><V36/><F4/><W63/><G17/><T115/><D34/><U47/><E74/><V3/><F3/><W117/><G27/><T94/><D124/><U96/><E54/><V128/><F36/><W35/><G35/><T30/><D30/><U18/><E18/><V112/><F128/><W28/><G28/><T25/><D25/><N who="1" m="18479" /><E90/><V12/><F75/><W11/><G7/><T111/><D62/><U110/><E110/><V24/><F72/><W49/><G117/><T9/><D9/><U21/><E10/><V51/><F26/><W116/><G116/><T99/><D69/><U61/><E61/><V73/><F73/><W13/><REACH who="3" step="1"/><G57/><REACH who="3" ten="309,377,69,235" step="2"/><T133/><D119/><U38/><E19/><V95/><F31/><W15/><G15/><T2/><D133/><U46/><E14/><V120/><F24/><W65/><AGARI ba="3,1" hai="6,11,13,40,44,49,56,63,65,68,70,104,105,107" machi="65" ten="30,4000,0" yaku="1,1,0,1,53,1" doraHai="77" doraHaiUra="8" who="3" fromWho="3" sc="309,-13,377,-23,69,-13,235,59" /><INIT seed="6,0,0,0,4,83" ten="296,354,56,294" oya="2" hai0="101,41,89,81,104,64,100,9,86,1,102,65,71" hai1="110,10,87,103,38,129,27,97,88,120,109,26,85" hai2="48,63,113,14,132,25,123,59,126,43,33,62,22" hai3="116,56,105,45,15,134,131,124,53,91,52,51,40"/><V94/><F123/><W115/><G116/><T84/><D104/><U7/><E38/><V12/><F113/><W127/><G105/><T118/><D118/><U35/><E120/><V50/><F126/><N who="3" m="48171" /><G115/><T111/><D111/><U19/><E129/><V69/><F132/><W125/><G125/><T60/><D41/><U42/><E42/><V32/><F69/><W21/><G131/><T90/><D64/><U2/><E19/><V135/><F135/><W24/><G15/><N who="2" m="5673" /><F33/><W68/><G68/><T54/><D54/><U55/><E55/><N who="2" m="32231" /><F32/><W106/><G106/><T66/><D66/><U18/><E35/><V119/><F119/><W133/><G91/><T117/><D117/><U23/><E27/><V92/><F50/><N who="3" m="30743" /><G40/><T28/><D28/><AGARI ba="0,0" hai="21,24,28,45,51,53,133,134" m="30743,48171" machi="28" ten="30,2000,0" yaku="18,1,54,1" doraHai="83" who="3" fromWho="0" sc="296,-20,354,0,56,0,294,20" /><INIT seed="7,0,0,3,1,42" ten="276,354,56,314" oya="3" hai0="82,48,69,56,5,19,50,84,135,126,86,20,124" hai1="103,95,89,67,46,21,27,99,131,120,134,102,23" hai2="47,123,92,106,76,112,36,22,81,77,107,87,58" hai3="80,109,9,14,54,101,53,132,18,7,8,37,24"/><W113/><G113/><T128/><D69/><U51/><E120/><V116/><F58/><W104/><G132/><T61/><D5/><U13/><E134/><V115/><F22/><W121/><G121/><T83/><D135/><U85/><E131/><V73/><F36/><W75/><G109/><T38/><D38/><U130/><E130/><V25/><F25/><W129/><G129/><T52/><D128/><U105/><E67/><V71/><F71/><W29/><G37/><T110/><D110/><U94/><E105/><V0/><F0/><W125/><G125/><T28/><D28/><N who="1" m="17519" /><E23/><V49/><F49/><W70/><G70/><T68/><D68/><U2/><E13/><V127/><F123/><W17/><G101/><T72/><D72/><U59/><E59/><V34/><F47/><W12/><G104/><T1/><D1/><U39/><E2/><V16/><F34/><W65/><G65/><T88/><D126/><U93/><E39/><V78/><F16/><W11/><G80/><T15/><D124/><U114/><E114/><N who="2" m="43563" /><F127/><W32/><G75/><T45/><D45/><U55/><E99/><V90/><F116/><W10/><G10/><T119/><D119/><U122/><E122/><V118/><F118/><W60/><G60/><T33/><D33/><U43/><E43/><V111/><F111/><W41/><G41/><T63/><D63/><U98/><E98/><V4/><F4/><W108/><G108/><T97/><D97/><U133/><E133/><V35/><F35/><W44/><G44/><T26/><D26/><U66/><E66/><V91/><F73/><RYUUKYOKU ba="0,0" sc="276,0,354,0,56,0,314,0" hai0="15,19,20,48,50,52,56,61,82,83,84,86,88" hai1="46,51,55,85,89,93,94,95,102,103" hai2="76,77,78,81,87,90,91,92,106,107" hai3="7,8,9,11,12,14,17,18,24,29,32,53,54" /><INIT seed="7,1,0,4,5,83" ten="276,354,56,314" oya="3" hai0="53,6,37,68,35,11,134,12,86,70,125,50,14" hai1="46,31,65,108,121,59,42,5,28,63,44,92,133" hai2="126,94,15,61,98,105,40,78,27,80,7,77,32" hai3="10,129,135,23,106,124,76,132,89,13,90,56,101"/><W38/><G38/><T52/><D37/><U84/><E108/><V118/><F105/><W2/><G124/><T114/><D35/><U66/><E121/><V111/><F111/><W4/><G129/><T25/><D125/><U33/><E133/><N who="3" m="51274" /><G76/><T116/><D134/><U127/><E127/><V115/><F78/><W24/><G2/><T55/><D116/><U18/><E5/><V34/><F77/><W67/><G101/><T102/><D114/><U20/><E65/><V74/><F74/><W131/><G106/><T113/><D113/><U26/><E33/><V43/><F34/><W96/><G96/><T107/><D25/><U48/><E46/><V19/><F32/><W85/><G131/><T120/><D120/><U60/><E63/><V93/><F115/><W103/><G103/><T16/><D102/><U99/><E84/><V8/><F98/><W39/><G39/><T45/><D107/><U119/><E119/><V71/><F118/><W9/><G9/><N who="0" m="4151" /><D68/><U123/><E123/><V91/><F71/><W110/><G110/><T3/><D70/><U117/><E117/><V128/><F128/><W130/><G130/><T41/><D3/><U73/><E73/><V58/><F126/><W30/><G85/><AGARI ba="1,0" hai="11,14,16,41,45,50,52,53,55,85,86" m="4151" machi="85" ten="30,8000,1" yaku="8,1,52,2,54,2" doraHai="83" who="0" fromWho="3" sc="276,83,354,0,56,0,314,-83" owari="359,45.9,354,15.4,56,-44.4,231,-16.9" /></mjloggm>