<mjloggm ver="2.3"><GO type="169" lobby="0"/><UN n0="%E8%8B%A5%E7%8B%AD%E6%82%A0%E9%87%8C" n1="%E6%B9%98%E5%8C%97%E2%91%AD%E4%B8%89%E4%BA%95%E5%AF%BF" n2="%E3%81%B9%E3%81%A3%E3%81%97%E3%83%BC" n3="%6D%69%31%6B%74%65%61%61" dan="16,16,16,19" rate="2058.96,2171.46,2086.09,2306.49" sx="M,M,F,F"/><TAIKYOKU oya="0"/><INIT seed="0,0,0,5,3,16" ten="250,250,250,250" oya="0" hai0="5,76,81,93,105,12,78,50,96,32,125,63,68" hai1="17,120,19,103,111,3,29,13,8,52,84,73,102" hai2="100,60,91,18,92,35,87,90,71,21,41,83,114" hai3="57,28,99,62,25,4,109,38,131,106,75,51,126"/><T39/><D39/><U37/><E73/><V54/><F114/><W128/><G109/><T110/><D105/><U116/><E37/><V23/><F35/><W118/><G126/><T88/><D32/><U101/><E111/><V31/><F41/><W113/><G118/><T40/><D110/><U66/><E66/><V20/><F31/><W108/><G75/><T70/><D78/><U85/><E3/><V36/><F36/><W64/><G113/><T49/><D63/><U82/><E29/><V22/><F100/><W65/><G38/><T86/><D50/><U133/><E133/><V27/><F71/><W95/><G106/><T56/><D56/><U130/><E120/><V48/><F60/><N who="3" m="37903" /><G4/><T30/><D30/><U129/><E116/><V9/><F9/><W33/><G51/><T112/><D125/><U89/><E19/><V72/><F72/><W67/><G62/><T11/><REACH who="0" step="1"/><D112/><REACH who="0" ten="240,250,250,250" step="2"/><U135/><E135/><V132/><F132/><W124/><G124/><T117/><D117/><U1/><E130/><N who="3" m="49706" /><G108/><T7/><D7/><U44/><E129/><V46/><REACH who="2" step="1"/><F22/><REACH who="2" ten="240,250,240,250" step="2"/><W127/><G127/><T47/><AGARI ba="0,2" hai="5,11,12,40,47,49,68,70,76,81,86,88,93,96" machi="47" ten="30,12000,1" yaku="1,1,0,1,25,2,54,1,53,0" doraHai="16" doraHaiUra="104" who="0" fromWho="0" sc="240,140,250,-40,240,-40,250,-40" /><INIT seed="0,1,0,3,2,26" ten="380,210,200,210" oya="0" hai0="76,2,89,127,1,21,72,115,44,30,6,91,88" hai1="81,131,63,39,117,45,38,84,52,56,8,125,47" hai2="7,101,54,66,55,0,102,83,87,34,32,71,3" hai3="12,70,82,46,123,15,68,36,80,92,111,60,119"/><T94/><D115/><U25/><E125/><V11/><F3/><W130/><G119/><T105/><D105/><U116/><E131/><V96/><F102/><W132/><G92/><T57/><D127/><U61/><E8/><V97/><F96/><W120/><G60/><T107/><D57/><N who="1" m="34983" /><E25/><V79/><F71/><W20/><G20/><T122/><D107/><U9/><E9/><V42/><F42/><W13/><G46/><N who="1" m="17418" /><E84/><V14/><F66/><W62/><G36/><N who="1" m="13866" /><E81/><V69/><F0/><W128/><G15/><T78/><D2/><U110/><E110/><V126/><F126/><W77/><G111/><T75/><D1/><U48/><E48/><V121/><F121/><W43/><G77/><T33/><D6/><U58/><E58/><V124/><F124/><W95/><G95/><T24/><D122/><U112/><E112/><V51/><F51/><W50/><G50/><T31/><D94/><U18/><E18/><V134/><F32/><W27/><G128/><T90/><D90/><U109/><E109/><V86/><F86/><W40/><G130/><T10/><D10/><U5/><E5/><V133/><F34/><W93/><G93/><T67/><D76/><U64/><AGARI ba="1,0" hai="56,63,64,116,117" m="13866,17418,34983" machi="64" ten="30,4000,0" yaku="34,2,54,1" doraHai="26" who="1" fromWho="1" sc="380,-21,210,43,200,-11,210,-11" /><INIT seed="1,0,0,5,3,74" ten="359,253,189,199" oya="1" hai0="50,40,48,112,133,4,26,18,19,36,22,53,97" hai1="34,31,125,72,7,64,90,86,62,70,122,39,54" hai2="17,5,42,132,95,61,102,128,55,13,38,28,71" hai3="106,92,87,123,117,8,59,57,9,107,16,43,58"/><U85/><E72/><V111/><F111/><W91/><G123/><T12/><D112/><U35/><E122/><V89/><F132/><W79/><G117/><T114/><D114/><U68/><E125/><V46/><F128/><W129/><G129/><T108/><D108/><U27/><E39/><V81/><F28/><W126/><G43/><T23/><D4/><U109/><E109/><V78/><F102/><W69/><G69/><T115/><D133/><U2/><E70/><V83/><F5/><W101/><G126/><T66/><D66/><U104/><E104/><V130/><F130/><W121/><G121/><T76/><D97/><U44/><E35/><V73/><F83/><W20/><G79/><T63/><D76/><U105/><E105/><V37/><F37/><W131/><G131/><T47/><D115/><U113/><E113/><V127/><F127/><W3/><G3/><T10/><D10/><U94/><E7/><V32/><F32/><W98/><REACH who="3" step="1"/><G107/><REACH who="3" ten="359,253,189,189" step="2"/><T88/><D40/><U99/><E2/><V100/><F71/><W0/><G0/><T30/><D36/><U116/><E116/><V80/><F78/><W93/><G93/><T60/><D60/><U51/><AGARI ba="0,1" hai="27,31,34,44,51,54,62,64,68,85,86,90,94,99" machi="51" ten="30,1500,0" yaku="0,1" doraHai="74" who="1" fromWho="1" sc="359,-5,253,25,189,-5,189,-5" /><INIT seed="1,1,0,2,3,128" ten="354,278,184,184" oya="1" hai0="78,133,75,4,5,66,125,103,109,91,22,56,49" hai1="24,32,126,27,35,112,76,119,34,2,21,3,110" hai2="16,64,131,105,79,8,23,72,68,77,108,29,60" hai3="9,83,57,10,117,113,71,127,96,130,122,101,80"/><U81/><E119/><V54/><F131/><W28/><G71/><T98/><D125/><U41/><E112/><V39/><F39/><W70/><G70/><T20/><D109/><U132/><E126/><V106/><F108/><W102/><G113/><T40/><D91/><U19/><E110/><V6/><F29/><W14/><G122/><T107/><D40/><U90/><E41/><V15/><F54/><W118/><G28/><T116/><D49/><U17/><E90/><V31/><F31/><W58/><G14/><T114/><D116/><U82/><E132/><V26/><REACH who="2" step="1"/><F72/><REACH who="2" ten="354,278,174,184" step="2"/><W30/><G30/><T43/><D114/><U73/><REACH who="1" step="1"/><E82/><REACH who="1" ten="354,268,174,184" step="2"/><V62/><F62/><W46/><G127/><T129/><D43/><U38/><E38/><V124/><F124/><W67/><G130/><T42/><D42/><U87/><E87/><V50/><F50/><W120/><G118/><T7/><D129/><U25/><E25/><V18/><F18/><W13/><G117/><T53/><D75/><U51/><E51/><V61/><F61/><W92/><G120/><T121/><D121/><U0/><E0/><V1/><F1/><W115/><G115/><T59/><D4/><U52/><E52/><V12/><F12/><W65/><G13/><T48/><D5/><U94/><E94/><V88/><F88/><W104/><G92/><T95/><D7/><U36/><E36/><V11/><F11/><W134/><G9/><T99/><D95/><U74/><E74/><V63/><F63/><W44/><G10/><T84/><D53/><U69/><E69/><V97/><F97/><RYUUKYOKU ba="1,2" sc="354,-15,268,15,174,15,184,-15" hai1="2,3,17,19,21,24,27,32,34,35,73,76,81" hai2="6,8,15,16,23,26,60,64,68,77,79,105,106" /><INIT seed="1,2,2,5,5,111" ten="339,283,189,169" oya="1" hai0="43,39,125,6,94,77,71,105,5,92,78,115,130" hai1="59,112,72,53,54,13,129,86,26,9,102,114,100" hai2="133,121,127,83,96,36,40,104,61,118,120,15,113" hai3="38,47,30,66,45,4,35,33,132,108,46,32,93"/><U28/><E72/><V3/><F15/><W90/><G38/><T49/><D39/><U75/><E75/><V68/><F3/><W64/><G30/><T69/><D49/><U116/><E116/><V58/><F83/><W25/><G25/><T18/><D43/><U81/><E129/><V22/><F22/><W80/><G80/><T103/><D103/><U88/><E100/><V48/><F96/><W134/><G4/><T29/><D125/><U74/><E74/><V82/><F82/><W123/><G108/><T97/><D97/><U19/><E102/><V2/><F2/><W76/><G76/><T37/><D37/><U89/><E89/><V98/><F98/><W27/><G27/><T41/><D41/><U79/><E79/><V10/><F10/><W126/><G123/><N who="2" m="47177" /><F104/><W87/><REACH who="3" step="1"/><G126/><REACH who="3" ten="339,283,189,159" step="2"/><T11/><D29/><U85/><E86/><V42/><F127/><W63/><G63/><T50/><D18/><U21/><E54/><N who="2" m="32071" /><F36/><W23/><G23/><T84/><D84/><U101/><E101/><V122/><F122/><W67/><AGARI ba="2,3" hai="32,33,35,45,46,47,64,66,67,87,90,93,132,134" machi="67" ten="40,8000,1" yaku="1,1,0,1,29,2,53,0" doraHai="111" doraHaiUra="17" who="3" fromWho="3" sc="339,-22,283,-42,189,-22,159,116" /><INIT seed="2,0,0,2,1,85" ten="317,241,167,275" oya="2" hai0="129,11,121,2,76,100,9,48,95,104,124,27,51" hai1="3,67,98,42,81,123,118,122,5,132,55,45,117" hai2="14,43,36,33,32,53,73,61,83,69,99,49,75" hai3="102,71,4,46,50,109,6,31,38,28,78,113,80"/><V91/><F36/><W66/><G71/><T19/><D104/><U77/><E67/><V106/><F43/><W88/><G66/><T105/><D105/><U12/><E132/><V39/><F39/><W23/><G109/><T1/><D129/><U130/><E130/><V15/><F69/><W47/><G102/><T63/><D124/><U84/><E3/><V87/><F61/><W7/><G38/><T89/><D100/><U125/><E125/><V40/><F40/><W21/><G78/><T101/><D101/><U37/><E55/><V25/><F99/><W72/><G72/><T34/><D76/><U92/><E12/><V96/><F96/><W116/><G116/><T74/><D74/><U126/><E5/><V115/><F106/><W26/><G113/><T30/><D121/><N who="1" m="46091" /><E126/><V13/><F33/><W59/><G59/><T133/><D63/><U58/><E58/><V127/><F115/><W41/><G47/><T93/><D48/><U65/><E65/><V35/><F35/><W110/><G110/><T54/><D51/><U108/><E108/><V86/><F127/><W97/><G80/><T18/><D54/><U68/><E68/><V62/><F62/><W111/><G111/><T135/><D135/><U24/><E24/><V29/><REACH who="2" step="1"/><F86/><REACH who="2" ten="317,241,157,275" step="2"/><W56/><G41/><T79/><D34/><U70/><E70/><V120/><F120/><W57/><G50/><T16/><D133/><U22/><E22/><V17/><F17/><W134/><G23/><T103/><D18/><U60/><E60/><V128/><F128/><W119/><G134/><T64/><D19/><RYUUKYOKU ba="0,1" sc="317,-15,241,15,157,15,275,-15" hai1="37,42,45,77,81,84,92,98,117,118" hai2="13,14,15,25,29,32,49,53,73,75,83,87,91" /><INIT seed="2,1,1,4,3,106" ten="302,256,172,260" oya="2" hai0="35,66,20,127,89,73,52,47,83,63,90,50,28" hai1="109,93,92,49,108,123,134,56,75,10,18,11,104" hai2="37,70,24,84,25,130,57,94,62,67,80,121,111" hai3="4,64,78,68,51,97,8,27,120,95,88,135,36"/><V102/><F121/><W48/><G36/><T105/><D35/><U96/><E123/><V33/><F37/><W76/><G120/><T0/><D105/><U17/><E134/><V113/><F113/><W6/><G68/><T13/><D0/><U87/><E104/><V77/><F130/><W46/><G64/><T79/><D127/><U126/><E126/><V131/><F131/><W2/><G4/><T118/><D118/><U69/><E69/><V23/><F111/><N who="1" m="42569" /><E75/><V38/><F38/><W133/><G27/><T1/><D1/><U91/><E56/><V19/><F33/><W125/><G51/><T74/><D74/><U117/><E117/><V60/><F24/><W107/><G107/><T32/><D32/><U114/><E49/><V122/><F122/><W112/><G112/><T81/><D81/><U31/><E31/><V59/><REACH who="2" step="1"/><F62/><REACH who="2" ten="302,256,162,260" step="2"/><W42/><G125/><T82/><D63/><U22/><E114/><V72/><F72/><W99/><G135/><T115/><D73/><U21/><E17/><V110/><F110/><W129/><G133/><T71/><D115/><U7/><E18/><V124/><F124/><W39/><G129/><T116/><D116/><U41/><E7/><V43/><F43/><W128/><G128/><T98/><D28/><U54/><E41/><V55/><F55/><W61/><G39/><T16/><D52/><U65/><E54/><V119/><F119/><W100/><G61/><T3/><D16/><U34/><E34/><V45/><F45/><W29/><G29/><T12/><D47/><U101/><E65/><V14/><F14/><RYUUKYOKU ba="1,2" sc="302,-30,256,10,162,10,260,10" hai1="10,11,21,22,87,91,92,93,96,101" hai2="19,23,25,57,59,60,67,70,77,80,84,94,102" hai3="2,6,8,42,46,48,76,78,88,95,97,99,100" /><INIT seed="2,2,2,5,2,115" ten="272,266,172,270" oya="2" hai0="112,4,99,93,132,29,64,100,42,117,92,103,24" hai1="110,18,68,83,44,22,3,23,75,63,80,54,91" hai2="45,104,118,51,12,82,121,113,111,15,6,37,88" hai3="48,57,8,61,38,66,74,47,55,109,86,78,71"/><V28/><F113/><W101/><G74/><T76/><D112/><U125/><E3/><V62/><F121/><W79/><G109/><T133/><D76/><U32/><E32/><V106/><F37/><W1/><G101/><T130/><D4/><U122/><E110/><V84/><F111/><W119/><G119/><T120/><D120/><U40/><E122/><V20/><F118/><W107/><G107/><T102/><D117/><U131/><E75/><V16/><F28/><W90/><G8/><T98/><D130/><U129/><E125/><V35/><F35/><W39/><G1/><T19/><D19/><U116/><E116/><V123/><F123/><W2/><G2/><T72/><D72/><U134/><E134/><V31/><F31/><W60/><G38/><T36/><D64/><N who="1" m="40991" /><E54/><V96/><F96/><W95/><REACH who="3" step="1"/><G39/><REACH who="3" ten="272,266,172,260" step="2"/><T58/><D103/><U97/><E131/><V135/><F135/><W87/><G87/><T52/><D36/><N who="1" m="21511" /><E129/><V65/><F6/><W10/><G10/><T81/><D133/><U56/><E97/><V0/><F0/><W53/><AGARI ba="2,3" hai="47,48,53,55,57,60,61,66,71,78,79,86,90,95" machi="53" ten="20,2700,0" yaku="1,1,0,1,7,1,53,0" doraHai="115" doraHaiUra="124" who="3" fromWho="3" sc="272,-9,266,-9,172,-15,260,63" /><INIT seed="3,0,0,2,4,111" ten="263,257,157,323" oya="3" hai0="120,86,32,52,92,103,65,50,41,10,79,48,3" hai1="70,134,6,4,61,127,96,1,62,132,122,37,43" hai2="102,113,126,13,49,128,17,21,95,28,93,23,131" hai3="73,110,117,30,9,87,68,85,22,33,69,71,25"/><W15/><G73/><T78/><D32/><U44/><E122/><V14/><F126/><W63/><G117/><T53/><D120/><U90/><E127/><V133/><F133/><N who="1" m="51305" /><E1/><V7/><F49/><W114/><G114/><T115/><D115/><U116/><E116/><V108/><F108/><W104/><G110/><T75/><D75/><U66/><E62/><V56/><F113/><W31/><G104/><T27/><D27/><U35/><E35/><V64/><F7/><W20/><G63/><T2/><D41/><U29/><E29/><V107/><F107/><W38/><G38/><T98/><D65/><U112/><E112/><V124/><F124/><W121/><G121/><T46/><D86/><U36/><E37/><V82/><F82/><W60/><G60/><T119/><D119/><U97/><E90/><V0/><F0/><W105/><G105/><T74/><D74/><U8/><E8/><V67/><F28/><W19/><G33/><T5/><REACH who="0" step="1"/><D2/><REACH who="0" ten="253,257,157,323" step="2"/><U72/><E72/><V57/><REACH who="2" step="1"/><F17/><REACH who="2" ten="253,257,147,323" step="2"/><W45/><G31/><T59/><AGARI ba="0,2" hai="3,5,10,46,48,50,52,53,59,78,79,92,98,103" machi="59" ten="20,12000,2" yaku="1,1,2,1,0,1,7,1,54,1,53,1" doraHai="111" doraHaiUra="88" who="0" fromWho="0" sc="253,140,257,-30,147,-30,323,-60" /><INIT seed="4,0,0,1,5,94" ten="393,227,117,263" oya="0" hai0="83,117,3,44,135,2,66,122,72,87,108,36,104" hai1="92,33,97,100,75,48,7,85,59,70,84,42,29" hai2="93,12,103,38,121,15,107,57,18,64,54,45,109" hai3="41,4,127,115,98,78,28,69,46,55,123,116,14"/><T119/><D87/><U5/><E70/><V118/><F109/><W61/><G116/><T91/><D91/><U128/><E75/><V8/><F121/><W0/><G0/><T37/><D66/><U25/><E128/><V132/><F132/><W110/><G110/><T53/><D53/><U30/><E30/><V131/><F131/><W21/><G115/><T9/><D44/><U65/><E42/><V106/><F118/><W124/><G78/><T51/><D51/><U32/><E32/><V52/><F64/><W73/><G73/><T6/><D108/><U31/><E31/><V58/><F45/><W90/><G4/><T74/><D6/><U35/><E35/><V112/><F38/><W16/><G55/><T120/><D83/><U23/><E33/><V34/><F34/><W77/><G28/><T80/><D80/><U88/><E85/><V133/><F133/><W43/><G77/><T86/><D86/><U102/><E48/><V101/><F93/><N who="3" m="56631" /><G46/><T89/><D135/><U99/><E102/><V71/><F8/><W49/><G49/><T39/><D9/><U40/><E40/><V130/><F130/><W1/><G1/><T105/><D37/><U17/><E17/><V96/><F18/><W56/><G69/><T11/><D11/><U126/><E126/><N who="3" m="48170" /><G123/><T129/><D129/><U111/><E111/><V95/><F71/><W113/><G113/><T68/><D68/><U22/><E100/><V60/><F112/><W81/><G81/><T62/><D62/><N who="1" m="38111" /><E23/><V76/><F76/><W50/><G61/><T79/><D79/><U47/><E47/><RYUUKYOKU ba="0,0" sc="393,10,227,10,117,-30,263,10" hai0="2,3,36,39,72,74,89,104,105,117,119,120,122" hai1="5,7,22,25,29,84,88,92,97,99" hai3="14,16,21,41,43,50,56" /><INIT seed="4,1,0,1,4,18" ten="403,237,87,273" oya="0" hai0="106,97,134,53,33,132,88,42,80,52,16,124,3" hai1="6,21,49,111,41,23,105,58,86,114,22,81,122" hai2="25,93,96,31,95,2,7,89,108,59,90,30,29" hai3="116,36,129,118,87,73,119,103,8,37,24,135,133"/><T62/><D33/><U14/><E122/><V67/><F108/><W84/><G8/><T120/><D3/><U47/><E111/><V110/><F110/><W10/><G10/><T45/><D120/><U82/><E105/><V34/><F7/><W130/><G24/><T20/><D124/><U78/><E114/><V98/><REACH who="2" step="1"/><F2/><REACH who="2" ten="403,237,77,273" step="2"/><W40/><G116/><T39/><D132/><U91/><E6/><V104/><F104/><W13/><G118/><T70/><D134/><U56/><REACH who="1" step="1"/><E14/><REACH who="1" ten="403,227,77,273" step="2"/><V27/><F27/><W101/><G13/><T26/><D106/><U60/><E60/><AGARI ba="1,2" hai="25,29,30,31,34,59,60,67,89,90,93,95,96,98" machi="60" ten="40,2600,0" yaku="1,1,9,1,53,0" doraHai="18" doraHaiUra="125" who="2" fromWho="1" sc="403,0,227,-29,77,49,273,0" /><INIT seed="5,0,0,3,5,92" ten="403,198,126,273" oya="1" hai0="45,14,112,132,128,73,80,88,54,100,34,27,105" hai1="56,50,0,91,47,101,4,126,51,6,53,134,55" hai2="81,70,7,120,30,82,102,48,46,107,15,106,67" hai3="19,16,21,90,58,96,77,84,61,113,59,62,25"/><U60/><E126/><V117/><F117/><W20/><G113/><T89/><D112/><U119/><E134/><V24/><F120/><W125/><G125/><T104/><D132/><U78/><E119/><V69/><F69/><W74/><G74/><T52/><D128/><U66/><E78/><V33/><F107/><W129/><G77/><T64/><D64/><U40/><E101/><V2/><F2/><W109/><G109/><T9/><D80/><U72/><E72/><V127/><F127/><W122/><G122/><T12/><D34/><U85/><E0/><V79/><F79/><W42/><G42/><T68/><D27/><U71/><REACH who="1" step="1"/><E40/><REACH who="1" ten="403,188,126,273" step="2"/><V135/><F135/><W29/><G129/><T11/><D100/><U76/><E76/><V26/><F102/><W123/><G123/><T97/><D73/><U99/><E99/><V41/><F41/><W75/><G96/><T118/><D97/><U63/><E63/><V36/><F106/><W3/><G3/><T103/><D103/><U94/><AGARI ba="0,1" hai="4,6,47,50,51,53,55,56,60,66,71,85,91,94" machi="94" ten="20,7800,0" yaku="1,1,0,1,7,1,53,1" doraHai="92" doraHaiUra="87" who="1" fromWho="1" sc="403,-26,188,88,126,-26,273,-26" /><INIT seed="5,1,0,1,4,35" ten="377,276,100,247" oya="1" hai0="74,37,57,40,39,55,108,41,96,29,63,33,69" hai1="1,88,103,34,70,51,59,116,79,93,58,25,26" hai2="72,87,100,0,12,73,11,107,77,82,13,126,2" hai3="47,17,85,52,78,75,8,117,53,104,111,66,128"/><U120/><E70/><V20/><F126/><W48/><G111/><T119/><D74/><U83/><E116/><V60/><F73/><W31/><G104/><T110/><D96/><U36/><E36/><V112/><F112/><W90/><G128/><T27/><D119/><U21/><E34/><V95/><F60/><W105/><G105/><T127/><D127/><U61/><E103/><V125/><F125/><W18/><G78/><T7/><D7/><U101/><E101/><V45/><F45/><W76/><G76/><T43/><D69/><U86/><E120/><V4/><F20/><W124/><G75/><T132/><D132/><U134/><E134/><V3/><F12/><W19/><G31/><T64/><D64/><U84/><E1/><V129/><F129/><W15/><G66/><T9/><D9/><U113/><E113/><V99/><F13/><W135/><G117/><T121/><D121/><U89/><E79/><V118/><F118/><W115/><G115/><T38/><AGARI ba="1,0" hai="27,29,33,37,38,39,40,41,43,55,57,63,108,110" machi="38" ten="40,1500,0" yaku="0,1" doraHai="35" who="0" fromWho="0" sc="377,18,276,-8,100,-5,247,-5" /><INIT seed="6,0,0,2,4,95" ten="395,268,95,242" oya="2" hai0="53,39,134,55,28,34,118,9,1,129,14,94,17" hai1="23,11,124,4,47,78,12,103,21,10,56,36,86" hai2="30,58,83,7,100,104,115,106,42,32,113,60,59" hai3="101,87,64,121,63,133,85,116,15,84,98,43,99"/><V62/><F7/><W68/><G116/><T18/><D129/><U135/><E124/><V76/><F42/><W127/><G121/><T13/><D134/><U65/><E135/><V69/><F69/><W96/><G133/><T114/><D39/><U44/><E36/><V45/><F45/><N who="1" m="17481" /><E103/><V48/><F48/><W102/><G43/><T33/><D114/><N who="2" m="43530" /><F30/><W79/><G127/><T92/><D28/><U20/><E11/><V82/><F32/><W132/><G132/><T46/><D46/><U73/><E73/><N who="2" m="43279" /><F83/><W52/><G79/><T49/><D49/><U91/><E78/><V57/><F106/><W19/><REACH who="3" step="1"/><G52/><REACH who="3" ten="395,268,95,232" step="2"/><T24/><D55/><U81/><E65/><V38/><F38/><W97/><N who="3" m="24576" /><DORA hai="75" /><W117/><G117/><T131/><D118/><U0/><E0/><V27/><F104/><W54/><G54/><T40/><D53/><U31/><E56/><V125/><F125/><W130/><G130/><T25/><D131/><U110/><E110/><V107/><F107/><W16/><G16/><T70/><D40/><U72/><E72/><V119/><F119/><W29/><G29/><AGARI ba="0,1" hai="4,10,12,20,21,23,29,31,81,86,91" m="17481" machi="29" ten="30,1000,0" yaku="8,1" doraHai="95,75" who="1" fromWho="3" sc="395,0,268,20,95,0,232,-10" /><INIT seed="7,0,0,4,4,90" ten="395,288,95,222" oya="3" hai0="17,104,15,126,133,114,66,52,110,67,30,65,84" hai1="100,11,4,135,93,64,37,92,6,12,49,127,47" hai2="124,46,97,39,44,50,88,98,73,72,61,95,7" hai3="134,25,19,101,132,103,76,1,80,22,78,24,28"/><W77/><G1/><T102/><D110/><U122/><E122/><V107/><F124/><W13/><G80/><T38/><D38/><U29/><E127/><V5/><F39/><W111/><G111/><T60/><D126/><U59/><E135/><N who="3" m="51754" /><G24/><T45/><D133/><U87/><E37/><V75/><F61/><W71/><G71/><T18/><D114/><U0/><E0/><V35/><F35/><AGARI ba="0,0" hai="13,19,22,25,28,35,76,77,78,101,103" m="51754" machi="35" ten="30,1500,0" yaku="20,1" doraHai="90" who="3" fromWho="2" sc="395,0,288,0,95,-15,222,15" /><INIT seed="7,1,0,4,1,99" ten="395,288,80,237" oya="3" hai0="68,35,28,39,10,113,43,115,114,50,32,67,74" hai1="100,121,53,4,88,102,70,126,127,118,49,3,76" hai2="86,65,64,90,56,95,80,27,129,92,84,79,104" hai3="30,122,44,124,16,91,5,62,41,33,36,55,61"/><W96/><G124/><N who="1" m="47658" /><E121/><V128/><F104/><W1/><G122/><T78/><D39/><U58/><E70/><V125/><F125/><W59/><G1/><T15/><D28/><U101/><E76/><V54/><F129/><W19/><G5/><T0/><D0/><U25/><E25/><V18/><F128/><W13/><G33/><T93/><D93/><U98/><E118/><V83/><F79/><W21/><G30/><T87/><D87/><U94/><E3/><V11/><F11/><W66/><G91/><T37/><D37/><U42/><E42/><V82/><F82/><W24/><G96/><T46/><D67/><U72/><E4/><V2/><F2/><W107/><G107/><T135/><D135/><U111/><E111/><V12/><F27/><W34/><G34/><T69/><D32/><U31/><E31/><V23/><F92/><W131/><G131/><T73/><D35/><U63/><E63/><V108/><F108/><W117/><G117/><T60/><D60/><U6/><E6/><V112/><F112/><W45/><G41/><T132/><D132/><U116/><E116/><V97/><F83/><W17/><G36/><T120/><D120/><U130/><E130/><V26/><F26/><W7/><G7/><N who="0" m="3551" /><D78/><U51/><E51/><V109/><F109/><W22/><REACH who="3" step="1"/><G19/><REACH who="3" ten="395,288,80,227" step="2"/><T77/><D77/><U103/><N who="1" m="25600" /><DORA hai="47" /><U8/><E8/><V9/><F9/><W71/><AGARI ba="1,1" hai="13,16,17,21,22,24,44,45,55,59,61,62,66,71" machi="71" ten="20,12000,1" yaku="1,1,0,1,7,1,54,1,53,1" doraHai="99,47" doraHaiUra="29,52" who="3" fromWho="3" sc="395,-41,288,-41,80,-41,227,133" owari="354,15.4,247,-15.3,39,-46.1,360,46.0" /></mjloggm>