<mjloggm ver="2.3"><GO type="169" lobby="0"/><UN n0="%E5%9D%8A%E3%82%84%E3%81%A1%E3%81%A4" n1="%E7%99%BD%E3%81%AE%E7%A9%BA" n2="%E9%9B%B2%E3%81%AE%E3%83%95%E3%83%89%E3%82%A6" n3="%37%36%35%2D%37%32" dan="16,17,16,16" rate="2047.70,2158.71,2073.45,2070.62" sx="M,M,M,M"/><TAIKYOKU oya="0"/><INIT seed="0,0,0,5,3,47" ten="250,250,250,250" oya="0" hai0="67,28,26,134,82,124,27,109,127,80,91,13,31" hai1="106,120,14,10,53,65,131,59,110,17,20,5,64" hai2="79,92,76,19,71,119,85,6,96,25,78,130,40" hai3="98,12,95,29,32,55,89,135,100,63,81,122,30"/><T18/><D134/><U33/><E120/><V23/><F71/><W51/><G135/><T37/><D37/><U62/><E110/><V34/><F130/><W74/><G122/><T73/><D67/><U21/><E131/><V46/><F119/><W114/><G114/><T61/><D61/><U123/><E106/><V118/><F118/><W58/><G32/><T45/><D45/><U15/><E123/><V93/><F34/><W128/><G128/><T70/><D70/><U52/><E33/><V112/><F112/><W99/><G74/><T57/><D57/><U83/><E83/><N who="0" m="31785" /><D91/><U56/><REACH who="1" step="1"/><E20/><REACH who="1" ten="250,240,250,250" step="2"/><V7/><F85/><W105/><G81/><T129/><D129/><U90/><E90/><V104/><F104/><W9/><REACH who="3" step="1"/><G63/><AGARI ba="0,1" hai="5,10,14,15,17,21,52,53,56,59,62,63,64,65" machi="63" ten="30,8000,1" yaku="1,1,7,1,9,1,8,1,54,1,53,0" doraHai="47" doraHaiUra="94" who="1" fromWho="3" sc="250,0,240,90,250,0,250,-80" /><INIT seed="1,0,0,3,0,134" ten="250,330,250,170" oya="1" hai0="17,3,7,61,12,6,122,76,60,10,38,79,34" hai1="29,5,44,91,52,20,85,27,83,63,89,108,105" hai2="82,92,94,23,14,11,1,8,24,113,48,21,59" hai3="107,110,49,117,78,19,116,135,84,114,97,41,26"/><U55/><E105/><V45/><F113/><W40/><G114/><T4/><D122/><U123/><E123/><V71/><F71/><W129/><G135/><T51/><D38/><U54/><E108/><V80/><F1/><W69/><G69/><T102/><D34/><U66/><E5/><V90/><F59/><W128/><G110/><T42/><D102/><U81/><E44/><V115/><F115/><W46/><G41/><T57/><D3/><U13/><E13/><V133/><F133/><W0/><G0/><T9/><D9/><U103/><E103/><V2/><F2/><W86/><G78/><N who="0" m="29739" /><D57/><U70/><REACH who="1" step="1"/><E89/><REACH who="1" ten="250,320,250,170" step="2"/><V39/><F90/><W118/><G107/><T96/><D96/><U36/><E36/><V22/><F39/><W130/><REACH who="3" step="1"/><G97/><REACH who="3" ten="250,320,250,160" step="2"/><T25/><D42/><U68/><E68/><V127/><F24/><W62/><G62/><T37/><D25/><U112/><E112/><V88/><F48/><W53/><G53/><T56/><D37/><U32/><E32/><V98/><F98/><W73/><G73/><T132/><D132/><U58/><E58/><V106/><F106/><W33/><G33/><T87/><D87/><U15/><E15/><V125/><F14/><W109/><G109/><T119/><D119/><U75/><E75/><V65/><F45/><W77/><G77/><T50/><D61/><U93/><AGARI ba="0,2" hai="20,27,29,52,54,55,63,66,70,81,83,85,91,93" machi="93" ten="30,6000,0" yaku="1,1,0,1,54,1,53,0" doraHai="134" doraHaiUra="30" who="1" fromWho="1" sc="250,-20,320,80,250,-20,160,-20" /><INIT seed="1,1,0,1,1,3" ten="230,400,230,140" oya="1" hai0="98,134,123,4,41,47,38,12,111,30,60,97,33" hai1="56,19,7,99,6,70,53,112,24,117,95,32,0" hai2="135,129,69,25,46,92,36,84,120,86,103,62,119" hai3="115,78,35,82,101,49,127,126,132,88,67,66,43"/><U83/><E70/><V23/><F119/><W63/><G115/><T90/><D111/><U89/><E117/><V50/><F120/><W122/><G122/><T124/><D134/><U58/><E112/><V71/><F36/><W64/><G35/><T131/><D124/><N who="3" m="47657" /><G132/><T61/><D131/><U18/><E0/><V48/><F135/><W108/><G108/><T51/><D123/><U125/><E125/><V73/><F73/><W8/><G101/><T44/><D33/><U31/><E58/><V74/><F74/><W57/><G8/><N who="0" m="4103" /><D38/><U102/><E19/><V2/><F2/><W26/><G26/><T75/><D75/><U52/><E18/><V28/><F129/><W104/><G104/><T65/><D30/><U1/><E1/><V59/><F50/><W87/><G78/><T34/><D34/><U72/><E53/><V54/><F84/><W13/><G13/><T133/><D133/><U77/><REACH who="1" step="1"/><E102/><REACH who="1" ten="230,390,230,140" step="2"/><V113/><F113/><W22/><G22/><T105/><D47/><AGARI ba="1,1" hai="43,47,49,57,63,64,66,67,82,87,88" m="47657" machi="47" ten="30,2000,0" yaku="18,1,54,1" doraHai="3" who="3" fromWho="0" sc="230,-23,390,0,230,0,140,33" /><INIT seed="2,0,0,3,1,30" ten="207,390,230,173" oya="2" hai0="84,101,57,126,77,56,68,117,9,54,93,41,94" hai1="22,107,35,17,39,128,65,27,3,75,16,59,42" hai2="108,6,112,88,0,99,103,91,116,20,100,24,131" hai3="123,8,70,74,45,29,81,38,133,48,72,60,106"/><V53/><F112/><W37/><G123/><T14/><D68/><U105/><E75/><V85/><F116/><W13/><G133/><T43/><D117/><U69/><E69/><V52/><F131/><W119/><G119/><T104/><D104/><U102/><E3/><V51/><F0/><W134/><G134/><T82/><D126/><U26/><E102/><N who="2" m="38955" /><F6/><W21/><G106/><T132/><D132/><U115/><E128/><V47/><F108/><W40/><G74/><T15/><D15/><U61/><E115/><V10/><F10/><W55/><G81/><T113/><D113/><U63/><E63/><V97/><F53/><W118/><G72/><T5/><D57/><U111/><E111/><V78/><F78/><W92/><G92/><N who="0" m="35435" /><D101/><U95/><E95/><N who="2" m="54671" /><F91/><W32/><G21/><T28/><D28/><AGARI ba="0,0" hai="20,24,28,47,51,52,97,99" m="54671,38955" machi="28" ten="30,5800,0" yaku="8,1,54,2" doraHai="30" who="2" fromWho="0" sc="207,-58,390,0,230,58,173,0" /><INIT seed="2,1,0,0,4,24" ten="149,390,288,173" oya="2" hai0="68,56,92,19,87,88,40,85,118,107,115,91,84" hai1="6,129,67,106,50,66,122,41,9,27,98,54,63" hai2="95,35,111,120,2,44,45,90,61,30,114,110,74" hai3="72,25,8,65,70,64,5,32,121,18,82,128,119"/><V116/><F114/><W55/><G119/><T46/><D68/><U31/><E129/><V97/><F116/><W108/><G121/><T15/><D107/><U109/><E109/><N who="2" m="41483" /><F120/><W123/><G123/><T59/><D115/><U132/><E122/><V16/><F2/><W62/><G128/><T42/><D118/><U39/><E132/><V33/><F74/><W86/><G72/><T52/><D59/><U77/><E77/><V17/><F61/><W4/><G4/><T10/><D46/><N who="2" m="18026" /><F35/><W96/><G108/><T0/><D0/><U101/><E63/><V1/><F1/><W117/><G117/><T81/><D85/><U47/><E39/><V135/><F135/><W113/><G32/><T79/><D79/><U130/><E41/><V12/><F12/><W89/><G113/><T125/><D125/><U126/><E126/><V20/><F33/><W48/><G65/><T78/><D78/><U94/><E130/><V21/><F21/><W102/><G64/><T112/><D112/><U34/><E106/><V11/><F11/><W73/><G70/><T75/><D75/><U53/><E53/><V57/><F57/><N who="3" m="32999" /><G62/><AGARI ba="1,0" hai="10,15,19,40,42,52,56,62,81,84,87,88,91,92" machi="62" ten="30,7700,0" yaku="7,1,8,1,54,2" doraHai="24" who="0" fromWho="3" sc="149,80,390,0,288,0,173,-80" /><INIT seed="3,0,0,1,4,39" ten="229,390,288,93" oya="3" hai0="127,33,7,74,47,54,81,132,101,18,113,89,11" hai1="26,44,116,32,66,68,78,112,61,48,2,49,58" hai2="50,16,35,42,130,56,122,91,134,53,121,117,135" hai3="65,34,24,67,60,14,83,10,92,79,22,45,82"/><W75/><G34/><T95/><D127/><U20/><E112/><V4/><F35/><W80/><G67/><T104/><D132/><N who="2" m="50730" /><F4/><W94/><G45/><T37/><D113/><U52/><E2/><V86/><F117/><W64/><G64/><T38/><D33/><U28/><E116/><V41/><F16/><N who="3" m="8279" /><G75/><T93/><D104/><U85/><E32/><V62/><F62/><W57/><G79/><T106/><D106/><U99/><E99/><V125/><F130/><W29/><AGARI ba="0,0" hai="22,24,29,57,60,65,80,82,83,92,94" m="8279" machi="29" ten="30,3000,0" yaku="8,1,54,1" doraHai="39" who="3" fromWho="3" sc="229,-10,390,-10,288,-10,93,30" /><INIT seed="3,1,0,0,4,109" ten="219,380,278,123" oya="3" hai0="94,25,72,116,89,52,135,2,107,65,126,80,104" hai1="31,120,129,66,5,134,68,99,71,54,8,128,13" hai2="73,100,7,35,23,17,62,82,117,58,76,6,12" hai3="24,106,132,127,64,113,115,3,95,47,69,124,42"/><W21/><G106/><T98/><D116/><U28/><E120/><V123/><F117/><W84/><G3/><T86/><D135/><U78/><E134/><V77/><F35/><W93/><G132/><T11/><D126/><N who="3" m="48169" /><G64/><T92/><D65/><U74/><E99/><V34/><F34/><W53/><G69/><T59/><D25/><U40/><E40/><V130/><F123/><W83/><G53/><T112/><D112/><N who="3" m="43081" /><G83/><T60/><D107/><U85/><E54/><V75/><F130/><W41/><G84/><T87/><D104/><U26/><E85/><V48/><F48/><N who="3" m="26735" /><G42/><T55/><D55/><U91/><E66/><V30/><F62/><W118/><G118/><T61/><D61/><U44/><E71/><V88/><F58/><W27/><G27/><T125/><D125/><U39/><E26/><V96/><F82/><W56/><G56/><T51/><D60/><U1/><E68/><V38/><F38/><W18/><AGARI ba="1,0" hai="18,21,24,93,95" m="26735,43081,48169" machi="18" ten="30,11700,0" yaku="18,1,52,3" doraHai="109" who="3" fromWho="3" sc="219,-40,380,-40,278,-40,123,120" /><INIT seed="3,2,0,1,3,44" ten="179,340,238,243" oya="3" hai0="43,75,57,94,99,81,6,66,0,129,125,96,64" hai1="63,123,52,106,67,37,79,61,15,128,14,12,3" hai2="82,7,25,135,24,33,47,88,118,62,90,59,5" hai3="115,89,35,8,93,39,117,19,68,20,102,87,95"/><W133/><G133/><T119/><D119/><U30/><E123/><V13/><F118/><W120/><G117/><T104/><D129/><U42/><E3/><V22/><F135/><W9/><G115/><T91/><D125/><U77/><E128/><V83/><F33/><W108/><G120/><T51/><D0/><U32/><E106/><V70/><F70/><W55/><G35/><T49/><D75/><U28/><E42/><V2/><F2/><W27/><G68/><T36/><D36/><U112/><E37/><V134/><F134/><W34/><G34/><T46/><D6/><U69/><E112/><V98/><F47/><W121/><G121/><T84/><D104/><U18/><E18/><V92/><F24/><W11/><G39/><T72/><D72/><U127/><E127/><V126/><F126/><W26/><G108/><T1/><D1/><U110/><E110/><V105/><F105/><W78/><G78/><T38/><D99/><U100/><E100/><V74/><F74/><W107/><G107/><T80/><D80/><N who="2" m="30762" /><F90/><W29/><G102/><N who="0" m="60695" /><D38/><U53/><E32/><V85/><F13/><W97/><G97/><T50/><D66/><U116/><E12/><V124/><F124/><W40/><G29/><T17/><D17/><U4/><E116/><V45/><F98/><W54/><G19/><T76/><D76/><U48/><E69/><V111/><F111/><W16/><G89/><T21/><D21/><U58/><E4/><N who="2" m="1611" /><F22/><W56/><G20/><T109/><D109/><U10/><E79/><V130/><F130/><W41/><G8/><T65/><D65/><RYUUKYOKU ba="2,0" sc="179,30,340,-10,238,-10,243,-10" hai0="43,46,49,50,51,57,64,81,84,91" /><INIT seed="4,3,0,3,4,69" ten="209,330,228,233" oya="0" hai0="127,57,9,66,111,120,44,115,102,61,108,26,74" hai1="41,4,84,15,53,106,22,19,91,95,117,110,132" hai2="123,21,48,23,135,12,30,122,36,10,82,86,40" hai3="113,11,70,55,71,27,59,85,39,49,105,129,99"/><T63/><D120/><U34/><E117/><V133/><F48/><W16/><G113/><T104/><D74/><U101/><E110/><N who="0" m="42025" /><D115/><U77/><E132/><N who="2" m="50763" /><F30/><W3/><G129/><T43/><D127/><U52/><E34/><V94/><F94/><W18/><G85/><T96/><D63/><U60/><E41/><V97/><F97/><W125/><G125/><T28/><D9/><U31/><E31/><V134/><N who="2" m="50771" /><V46/><DORA hai="42" /><F10/><W100/><G39/><N who="0" m="21631" /><D28/><U92/><E60/><V72/><F72/><W54/><G54/><T47/><D47/><U112/><E112/><V62/><F62/><W67/><G67/><T1/><D26/><U14/><E53/><V107/><F107/><W68/><REACH who="3" step="1"/><G27/><REACH who="3" ten="209,330,228,223" step="2"/><T131/><D131/><U88/><E52/><V24/><F24/><W17/><G17/><T124/><D124/><U118/><E19/><N who="2" m="10471" /><F23/><W8/><G8/><T130/><D130/><U0/><E22/><V58/><F58/><W116/><G116/><T32/><D32/><U51/><E118/><V33/><F33/><W76/><G76/><AGARI ba="3,1" hai="36,40,46,76,82,86,122,123" m="10471,50771" machi="76" ten="40,5200,0" yaku="20,1,52,2" doraHai="69,42" who="2" fromWho="3" sc="209,0,330,0,228,71,223,-61" /><INIT seed="5,0,0,4,4,103" ten="209,330,299,162" oya="1" hai0="90,83,22,75,91,27,70,29,7,4,101,23,6" hai1="104,32,67,0,38,84,81,45,69,122,82,26,64" hai2="53,89,59,10,12,79,16,54,46,17,37,109,92" hai3="33,25,78,85,108,58,48,60,116,34,24,68,56"/><U105/><E122/><V49/><F109/><W115/><G108/><T77/><D70/><U8/><E82/><V73/><F73/><W11/><G115/><T113/><D113/><U94/><E94/><V57/><F79/><W47/><G116/><T15/><D101/><U131/><E131/><V76/><F76/><W50/><G68/><T114/><D114/><U112/><E112/><V35/><F35/><W86/><G78/><T39/><D39/><U52/><E8/><V66/><F37/><W19/><G11/><T123/><D123/><U106/><E0/><V120/><F120/><W80/><G60/><T132/><REACH who="0" step="1"/><D132/><REACH who="0" ten="199,330,299,162" step="2"/><U31/><E69/><V124/><F124/><W42/><G80/><T135/><D135/><U72/><E38/><V40/><F66/><W134/><G134/><T13/><D13/><U96/><E72/><V62/><F12/><W61/><G25/><T102/><D102/><U133/><E133/><V14/><F14/><W119/><G24/><T3/><D3/><U129/><E129/><V117/><F117/><W63/><G119/><T110/><D110/><U43/><E67/><V127/><F127/><W111/><G111/><T21/><D21/><U121/><E64/><V36/><F10/><W30/><G34/><T20/><D20/><U98/><E121/><V74/><F74/><W87/><G33/><T128/><D128/><U99/><E32/><V125/><F125/><W95/><G19/><AGARI ba="0,1" hai="4,6,7,15,19,22,23,27,29,75,77,83,90,91" machi="19" ten="40,8000,1" yaku="1,1,53,3" doraHai="103" doraHaiUra="2" who="0" fromWho="3" sc="199,90,330,0,299,0,162,-80" /><INIT seed="6,0,0,0,0,100" ten="289,330,299,82" oya="2" hai0="130,74,89,106,60,135,53,102,15,19,22,99,55" hai1="31,110,5,120,131,41,105,125,37,108,42,7,57" hai2="91,67,35,10,134,84,30,49,70,92,101,129,58" hai3="46,52,39,111,112,28,6,109,88,2,75,119,78"/><V104/><F129/><W26/><G119/><T16/><D135/><U113/><E113/><V85/><F134/><W50/><G112/><T14/><D74/><U44/><E131/><V81/><F10/><W79/><G39/><T86/><D60/><U61/><E125/><V126/><F126/><W4/><G75/><T47/><D47/><U62/><E105/><V51/><F70/><W82/><G111/><T40/><D40/><U25/><E42/><V11/><F11/><W36/><G36/><T20/><D130/><U77/><E77/><V118/><F118/><W54/><G109/><T97/><D97/><U64/><E120/><V12/><F12/><W132/><G132/><T107/><D107/><U63/><E63/><N who="2" m="38391" /><F104/><W83/><G2/><T56/><D56/><U66/><E108/><V65/><F35/><W0/><G0/><T9/><D9/><U96/><E110/><V8/><F65/><W90/><G46/><T18/><D18/><U3/><E3/><V43/><F30/><W127/><G127/><T95/><AGARI ba="0,0" hai="14,15,16,19,20,22,53,55,86,89,95,99,102,106" machi="95" ten="20,8000,1" yaku="0,1,7,1,9,1,52,1,54,1" doraHai="100" who="0" fromWho="0" sc="289,80,330,-20,299,-40,82,-20" /><INIT seed="7,0,0,3,4,1" ten="369,310,259,62" oya="3" hai0="84,13,87,20,82,36,46,16,9,78,0,57,92" hai1="50,101,8,116,76,102,110,90,56,85,120,124,104" hai2="32,135,117,58,29,91,97,35,69,68,112,45,61" hai3="25,34,89,14,10,2,33,51,22,105,129,113,55"/><W86/><G105/><T52/><D36/><U59/><E110/><V131/><F45/><W63/><G113/><T81/><D46/><U133/><E120/><V11/><F29/><W48/><G129/><T130/><D130/><U60/><E124/><V54/><F11/><W132/><G132/><T67/><D67/><U38/><E38/><V99/><F91/><W115/><G115/><T96/><D0/><U49/><E133/><V53/><F61/><W43/><G2/><T134/><D134/><U39/><E39/><V12/><F58/><N who="3" m="35295" /><G43/><T123/><D123/><U108/><E108/><V26/><F135/><W88/><G34/><T64/><D64/><U100/><E104/><V15/><F112/><W98/><G98/><T75/><D82/><U111/><E111/><V31/><F131/><W19/><G33/><T28/><D28/><U79/><E116/><V7/><F31/><N who="3" m="17847" /><G89/><T121/><D121/><U41/><E41/><V18/><F117/><W80/><AGARI ba="0,0" hai="10,14,19,48,51,80,86,88" m="17847,35295" machi="80" ten="30,3000,0" yaku="8,1,54,1" doraHai="1" who="3" fromWho="3" sc="369,-10,310,-10,259,-10,62,30" /><INIT seed="7,1,0,2,2,73" ten="359,300,249,92" oya="3" hai0="69,86,43,91,94,114,81,134,90,29,79,65,122" hai1="5,9,93,125,50,109,74,26,21,23,0,128,103" hai2="75,63,18,121,7,132,51,59,30,16,24,100,13" hai3="92,48,39,89,98,62,99,37,96,14,116,60,3"/><W105/><G116/><T72/><D122/><U102/><E109/><V42/><F75/><W108/><G3/><T52/><D134/><U25/><E125/><V46/><F132/><W53/><G108/><T4/><D114/><U2/><E128/><V55/><F121/><W6/><G39/><T20/><D43/><U49/><E74/><V80/><F100/><W97/><G37/><T64/><D69/><U19/><E0/><V47/><F47/><W113/><G113/><T8/><D91/><U56/><E93/><V129/><F129/><W71/><G71/><T27/><D52/><U34/><E34/><V44/><F44/><W17/><G6/><T15/><AGARI ba="1,0" hai="4,8,15,20,27,29,64,65,72,79,81,86,90,94" machi="15" ten="20,2700,0" yaku="0,1,7,1,52,1" doraHai="73" who="0" fromWho="0" sc="359,30,300,-8,249,-8,92,-14" owari="389,48.9,292,9.2,241,-15.9,78,-42.2" /></mjloggm>