<mjloggm ver="2.3"><GO type="169" lobby="0"/><UN n0="%74%34%63%34%32%32" n1="%E3%83%A1%E3%82%BF%E3%83%93%E3%83%BC%E3%83%88" n2="%E3%81%8B%E3%82%8F%E3%81%97%E3%81%83" n3="%E3%81%B3%E3%82%8A%E3%81%B3%E3%82%8A%E2%98%86%E3%83%93%E3%83%AA%E3%83%BC" dan="16,18,16,16" rate="2127.88,2223.12,2128.55,2154.11" sx="M,M,M,M"/><TAIKYOKU oya="0"/><INIT seed="0,0,0,2,0,126" ten="250,250,250,250" oya="0" hai0="85,87,105,119,73,17,69,15,34,63,53,23,18" hai1="83,74,102,117,51,99,19,21,49,112,94,130,120" hai2="125,109,129,41,96,39,79,82,1,118,71,114,7" hai3="80,59,97,36,20,55,4,104,30,121,6,128,56"/><T133/><D73/><U43/><E117/><V32/><RYUUKYOKU type="yao9" ba="0,0" sc="250,0,250,0,250,0,250,0" hai2="1,7,32,39,41,71,79,82,96,109,114,118,125,129" /><INIT seed="0,1,0,0,2,90" ten="250,250,250,250" oya="0" hai0="127,6,41,40,110,132,11,94,116,48,101,32,31" hai1="83,106,70,130,86,99,5,50,61,55,44,105,23" hai2="114,102,20,21,60,12,108,129,71,54,93,87,88" hai3="24,46,18,29,89,111,122,131,98,85,1,72,45"/><T25/><D116/><U113/><E130/><V10/><F108/><W2/><G72/><T49/><D110/><U77/><E113/><V95/><F129/><W9/><G111/><T8/><D127/><U3/><E3/><V134/><F134/><W104/><G131/><T123/><D123/><U36/><E5/><V96/><F114/><W117/><G117/><T42/><D132/><U120/><E120/><V128/><F128/><W118/><G118/><T28/><D28/><U52/><E36/><V51/><F60/><W22/><G2/><T92/><D101/><U76/><E23/><V0/><F71/><W82/><G122/><T19/><D19/><U37/><E37/><V33/><F33/><W67/><G67/><T69/><D69/><U66/><E76/><V73/><F73/><W56/><G56/><T112/><D11/><U57/><REACH who="1" step="1"/><E99/><REACH who="1" ten="250,240,250,250" step="2"/><V84/><F0/><W109/><G109/><T121/><D112/><U65/><E65/><V15/><F84/><W58/><G1/><T63/><D121/><U38/><E38/><V39/><F39/><W125/><G98/><T78/><D78/><U4/><E4/><N who="2" m="3143" /><F15/><W27/><G22/><T68/><D6/><U17/><E17/><V119/><F119/><W13/><G18/><T14/><D8/><U81/><E81/><V26/><F26/><W126/><G13/><T115/><D115/><U107/><E107/><V133/><F133/><W91/><G104/><T80/><D80/><U97/><E97/><V64/><F64/><W103/><G82/><T75/><D25/><U59/><E59/><AGARI ba="1,1" hai="20,21,51,54,59,87,88,93,95,96,102" m="3143" machi="59" ten="30,7700,0" yaku="8,1,52,2,54,1" doraHai="90" who="2" fromWho="1" sc="250,0,240,-80,250,90,250,0" /><INIT seed="1,0,0,5,3,13" ten="250,160,340,250" oya="1" hai0="96,103,0,32,104,27,5,53,24,31,97,83,131" hai1="28,50,87,79,54,11,75,120,69,23,84,12,65" hai2="101,49,25,114,124,92,14,29,55,37,42,135,125" hai3="70,59,134,111,26,108,34,47,74,16,105,71,40"/><U109/><E120/><V133/><F37/><W78/><G105/><T19/><D131/><U107/><E107/><V123/><F42/><W91/><G91/><T106/><D83/><U89/><E109/><N who="3" m="42058" /><G134/><N who="2" m="51209" /><F123/><W86/><G86/><T113/><D113/><U95/><E75/><V99/><F14/><W126/><G59/><T22/><D53/><U119/><E119/><V130/><F114/><W102/><G102/><T77/><D77/><U116/><E116/><V117/><F117/><W73/><G126/><N who="2" m="48745" /><F25/><W45/><G45/><T6/><REACH who="0" step="1"/><D0/><REACH who="0" ten="240,160,340,250" step="2"/><U2/><E2/><V129/><F29/><N who="3" m="19767" /><G78/><T66/><D66/><U35/><E65/><V17/><F17/><W7/><G16/><T58/><D58/><AGARI ba="0,1" hai="49,55,58,92,99,101,129,130" m="48745,51209" machi="58" ten="30,7700,0" yaku="30,2,20,1,18,1" doraHai="13" who="2" fromWho="0" sc="240,-77,160,0,340,87,250,0" /><INIT seed="2,0,0,5,0,63" ten="163,160,427,250" oya="2" hai0="3,0,68,88,117,101,56,8,17,59,114,96,105" hai1="15,23,35,18,37,30,65,5,36,46,40,69,61" hai2="42,2,106,86,77,131,78,120,132,70,97,7,83" hai3="123,73,29,124,93,45,135,95,74,47,91,104,32"/><V112/><F42/><W84/><G123/><T6/><D114/><U85/><E5/><V50/><F70/><W39/><G104/><T79/><D79/><U115/><E115/><V22/><F22/><W20/><G135/><T26/><D68/><U102/><E102/><N who="2" m="62799" /><F50/><W134/><G134/><T111/><D111/><U121/><E121/><V54/><F54/><W19/><G124/><T100/><D0/><U76/><E76/><V38/><F38/><W41/><G95/><T99/><D117/><U14/><E85/><N who="2" m="48367" /><F7/><W55/><G29/><T51/><D51/><U16/><E35/><V71/><F71/><W11/><G32/><T67/><D101/><U66/><E30/><V94/><F2/><W110/><G110/><T116/><D116/><U33/><E33/><V1/><F1/><W128/><G11/><T24/><D17/><U57/><E69/><V75/><F112/><W107/><G107/><T10/><D10/><U125/><E125/><V62/><F62/><W92/><G47/><T4/><D105/><U108/><E108/><V21/><F21/><W12/><G55/><T58/><D6/><U103/><E103/><V43/><F43/><W98/><G128/><T25/><D100/><AGARI ba="0,0" hai="12,19,20,39,41,45,73,74,84,91,92,93,98,100" machi="100" ten="30,1000,0" yaku="7,1" doraHai="63" who="3" fromWho="0" sc="163,-10,160,0,427,0,250,10" /><INIT seed="3,0,0,2,4,59" ten="153,160,427,260" oya="3" hai0="76,0,69,7,14,95,31,56,33,84,131,1,114" hai1="25,61,63,93,4,106,39,83,110,88,135,75,105" hai2="40,112,67,13,3,99,46,92,66,15,57,53,36" hai3="27,97,37,104,86,132,85,12,111,38,26,90,96"/><W125/><G125/><T32/><D69/><U94/><E39/><V29/><F3/><W17/><G132/><T87/><D131/><U22/><E135/><V73/><F73/><W113/><G12/><T49/><D14/><U20/><E110/><V48/><F112/><W5/><G5/><T18/><D18/><U100/><E105/><V41/><F41/><W118/><G104/><T30/><D56/><U81/><E106/><V64/><REACH who="2" step="1"/><F29/><REACH who="2" ten="153,160,417,260" step="2"/><W109/><G113/><T47/><D114/><U119/><E75/><V126/><F126/><W9/><G17/><T72/><D72/><U54/><E4/><V130/><F130/><W74/><G74/><T133/><D7/><U45/><E119/><V2/><F2/><W43/><G43/><T50/><D133/><U65/><E22/><V128/><F128/><W82/><G118/><T127/><D127/><U134/><E134/><V108/><F108/><W28/><G28/><T8/><D31/><U98/><E20/><V78/><F78/><W79/><G79/><T23/><D30/><U6/><E6/><V117/><F117/><W35/><G9/><T51/><D76/><U120/><E120/><V103/><AGARI ba="0,1" hai="13,15,36,40,46,48,53,57,64,66,67,92,99,103" machi="103" ten="30,2000,0" yaku="1,1,0,1,53,0" doraHai="59" doraHaiUra="58" who="2" fromWho="2" sc="153,-5,160,-5,417,30,260,-10" /><INIT seed="4,0,0,3,4,125" ten="148,155,447,250" oya="0" hai0="16,134,70,135,75,85,46,129,88,10,65,78,23" hai1="117,60,14,92,15,52,26,89,45,19,36,11,80" hai2="82,109,73,130,132,106,61,76,102,34,112,56,6" hai3="40,20,55,96,83,116,62,122,108,50,21,99,100"/><T110/><D110/><U114/><E117/><V128/><F109/><W38/><G108/><T104/><D104/><U101/><E114/><V37/><F37/><W29/><G116/><T17/><D10/><U74/><E36/><V9/><F34/><W105/><G122/><T58/><D70/><U113/><E113/><V131/><F112/><W103/><G62/><N who="0" m="38103" /><D46/><U97/><E74/><V90/><F132/><N who="0" m="50730" /><D129/><U43/><E43/><V121/><F121/><W59/><G29/><T32/><D32/><U81/><E26/><V47/><F47/><W7/><G7/><T67/><D67/><U4/><E101/><V39/><F39/><W3/><G3/><T31/><D78/><U107/><E107/><V69/><F69/><W33/><G33/><T123/><D75/><U41/><E41/><V49/><F49/><W54/><G54/><T48/><D48/><N who="1" m="28687" /><E60/><V77/><F102/><W71/><G71/><T91/><D123/><U66/><E66/><N who="2" m="39207" /><F106/><W51/><G38/><T42/><D42/><U13/><E4/><V25/><F25/><W115/><G115/><T111/><D111/><U35/><E35/><V63/><F63/><W22/><G40/><T28/><D17/><U86/><E19/><V87/><F73/><W2/><G2/><AGARI ba="0,0" hai="2,6,9,76,77,82,87,90,128,130,131" m="39207" machi="2" ten="30,7700,0" yaku="19,1,52,3" doraHai="125" who="2" fromWho="3" sc="148,0,155,0,447,77,250,-77" /><INIT seed="5,0,0,2,5,81" ten="148,155,524,173" oya="1" hai0="118,122,135,123,1,25,37,114,16,33,60,103,19" hai1="52,67,32,41,108,117,34,119,27,20,78,124,129" hai2="120,61,36,28,110,73,23,82,58,128,94,113,96" hai3="66,127,43,29,54,44,2,35,102,31,59,130,106"/><U83/><E124/><V6/><F110/><W111/><G111/><T56/><D118/><U13/><E108/><V72/><F36/><W74/><G74/><T12/><D1/><U45/><E129/><V107/><F6/><W79/><G79/><T116/><D116/><U65/><E117/><V51/><F107/><W109/><G109/><T24/><D37/><U87/><E119/><V22/><F51/><W86/><G2/><T26/><D135/><U39/><E13/><V11/><F11/><W77/><G130/><T70/><D70/><U104/><E104/><V64/><F113/><W63/><G127/><T76/><D103/><U47/><E32/><V132/><F82/><W30/><G35/><T49/><D49/><N who="1" m="26799" /><E34/><V68/><F68/><W121/><G121/><N who="0" m="46091" /><D114/><U15/><E15/><V98/><F98/><W53/><G102/><T62/><D33/><U89/><E39/><V101/><F22/><W133/><G106/><T8/><D76/><U50/><E78/><V126/><F126/><W115/><G115/><T14/><D56/><U99/><E99/><V21/><F23/><AGARI ba="0,0" hai="8,12,14,16,19,23,24,25,26,60,62" m="46091" machi="23" ten="30,2000,0" yaku="13,1,54,1" doraHai="81" who="0" fromWho="2" sc="148,20,155,0,524,-20,173,0" /><INIT seed="6,0,0,2,1,76" ten="168,155,504,173" oya="2" hai0="62,130,13,84,116,7,12,70,82,92,91,115,31" hai1="83,57,107,42,100,86,10,5,50,46,127,24,25" hai2="16,131,132,19,108,49,77,45,64,33,55,54,80" hai3="133,113,66,6,18,122,34,59,112,51,79,9,44"/><V36/><F33/><W93/><G122/><T14/><D130/><U48/><E127/><V68/><F36/><W72/><G133/><T96/><D116/><U129/><E129/><V23/><F132/><W114/><G34/><T111/><D111/><U27/><E107/><V56/><F131/><W110/><G110/><T58/><D70/><U119/><E100/><V123/><F123/><W37/><G93/><T81/><D115/><U90/><E119/><V21/><F68/><W26/><G26/><T102/><D31/><U39/><REACH who="1" step="1"/><E57/><REACH who="1" ten="168,145,504,173" step="2"/><V41/><F108/><W67/><G59/><T85/><D7/><U15/><AGARI ba="0,1" hai="5,10,15,24,25,27,39,42,46,48,50,83,86,90" machi="15" ten="30,7900,0" yaku="1,1,2,1,0,1,52,1,53,0" doraHai="76" doraHaiUra="75" who="1" fromWho="1" sc="168,-20,145,89,504,-39,173,-20" /><INIT seed="7,0,0,2,2,44" ten="148,234,465,153" oya="3" hai0="67,48,40,118,81,41,95,6,63,121,86,92,50" hai1="42,90,45,56,19,97,1,11,43,122,100,102,23" hai2="51,64,3,78,65,114,29,110,91,31,0,16,7" hai3="75,22,133,101,54,68,33,32,135,14,58,73,116"/><W89/><G116/><T128/><D118/><U10/><E1/><V132/><F78/><W107/><G68/><T119/><D121/><U69/><E69/><V20/><F114/><W120/><G120/><T134/><D119/><U93/><E122/><V85/><F110/><W113/><G113/><T30/><D134/><N who="3" m="51209" /><G89/><N who="0" m="51407" /><D128/><U115/><E115/><V15/><F132/><W13/><G101/><N who="1" m="39018" /><E45/><V66/><F0/><W21/><G107/><T52/><D6/><U71/><E71/><V35/><F35/><N who="3" m="13387" /><G54/><T55/><D30/><U34/><E34/><V104/><F104/><W83/><G58/><N who="0" m="37367" /><D55/><U61/><E42/><N who="0" m="16489" /><D48/><U76/><E43/><V70/><F51/><W17/><G83/><T79/><D79/><U98/><E76/><V105/><F105/><W26/><G14/><T62/><D62/><U125/><E61/><V9/><REACH who="2" step="1"/><F70/><REACH who="2" ten="148,234,455,153" step="2"/><W24/><G13/><T59/><AGARI ba="0,1" hai="50,52,59,92,95" m="16489,37367,51407" machi="59" ten="30,4000,0" yaku="8,1,52,1,54,1" doraHai="44" who="0" fromWho="0" sc="148,50,234,-10,455,-10,153,-20" owari="198,-20.2,224,2.4,445,54.5,133,-36.7" /></mjloggm>