<mjloggm ver="2.3"><GO type="169" lobby="0"/><UN n0="%E7%9C%9F%E4%B8%80" n1="%4D%4A%E6%9C%80%E5%BC%B7%E4%BD%8D" n2="%E3%81%86%E3%81%A1%E3%83%BC" n3="%E8%8B%B1%E5%9B%BD%E5%A3%B2%E5%8D%B4" dan="16,17,16,18" rate="2171.95,2225.41,2138.20,2243.73" sx="M,M,M,M"/><TAIKYOKU oya="0"/><INIT seed="0,0,0,4,0,33" ten="250,250,250,250" oya="0" hai0="36,84,99,47,74,26,44,31,76,132,92,54,56" hai1="10,60,1,25,133,12,124,90,27,80,111,120,85" hai2="122,72,79,67,23,8,114,71,117,45,21,37,121" hai3="9,53,113,69,68,64,15,34,48,77,14,118,66"/><T106/><D132/><U107/><E120/><V97/><F114/><W108/><G113/><T43/><D106/><U30/><E107/><V75/><F71/><W4/><G118/><T32/><D74/><U61/><E133/><V59/><F67/><W65/><G34/><T24/><D24/><U7/><E111/><V29/><F23/><W130/><G108/><T52/><D47/><U62/><E124/><V38/><F117/><W105/><G105/><T129/><D129/><U103/><E103/><V86/><F38/><W16/><G130/><T41/><D41/><U96/><E96/><V87/><F97/><W55/><G77/><T51/><D54/><U35/><REACH who="1" step="1"/><E25/><REACH who="1" ten="250,240,250,250" step="2"/><V17/><F121/><W39/><G39/><T83/><D99/><U89/><E89/><V102/><F37/><W123/><G123/><T19/><D92/><U3/><AGARI ba="0,1" hai="1,3,7,10,12,27,30,35,60,61,62,80,85,90" machi="3" ten="30,12000,2" yaku="1,1,0,1,52,2,53,3" doraHai="33" doraHaiUra="57" who="1" fromWho="1" sc="250,-60,240,130,250,-30,250,-30" /><INIT seed="1,0,0,0,1,83" ten="190,370,220,220" oya="1" hai0="38,0,35,16,21,53,124,130,29,80,44,94,11" hai1="39,25,102,70,60,89,47,85,118,126,54,13,20" hai2="43,49,75,122,119,79,92,134,12,111,2,90,51" hai3="32,34,40,117,95,9,36,42,97,5,23,132,33"/><U69/><E118/><V88/><F2/><W73/><G117/><T101/><D124/><U30/><E126/><V64/><F111/><W26/><G73/><T17/><D130/><U22/><E102/><V46/><F119/><W4/><G132/><T14/><D80/><U76/><E76/><V100/><F134/><W18/><G36/><T98/><D35/><U24/><E13/><V56/><F79/><W104/><G104/><T107/><D29/><U65/><E69/><V66/><F75/><W52/><G52/><T133/><D133/><U82/><E54/><N who="2" m="31823" /><F122/><W6/><REACH who="3" step="1"/><G9/><REACH who="3" ten="190,370,220,210" step="2"/><T120/><D120/><U68/><E39/><V109/><F109/><W27/><G27/><T131/><D131/><U128/><E47/><V7/><F66/><W99/><G99/><T10/><D107/><U93/><E128/><V116/><F64/><W45/><G45/><T91/><D38/><U96/><E68/><V84/><F116/><W115/><G115/><T71/><D71/><U67/><E65/><V3/><F46/><W57/><G57/><T41/><D11/><U1/><E25/><V15/><F43/><W37/><G37/><T129/><D129/><U123/><E123/><V81/><F51/><W108/><G108/><T114/><D41/><U74/><E74/><V28/><F28/><W125/><G125/><T48/><D114/><U61/><E61/><V135/><F135/><W59/><G59/><T112/><D112/><U50/><E50/><V55/><F55/><W58/><G58/><T87/><D10/><U105/><E70/><V103/><F3/><W77/><G77/><RYUUKYOKU ba="0,1" sc="190,-10,370,-10,220,-10,210,30" hai3="4,5,6,18,23,26,32,33,34,40,42,95,97" /><INIT seed="2,1,1,4,5,58" ten="180,360,210,240" oya="2" hai0="55,105,84,75,37,27,53,48,50,97,59,40,101" hai1="36,20,45,104,35,102,25,72,122,71,115,41,3" hai2="64,1,125,121,4,28,90,96,11,126,135,113,38" hai3="83,5,124,73,33,107,118,130,24,60,69,112,6"/><V87/><F113/><W7/><G7/><T43/><D75/><U9/><E115/><V67/><F121/><W78/><G78/><T132/><D37/><U88/><E122/><V21/><F38/><W95/><G95/><T14/><D132/><U70/><E20/><V81/><F135/><W99/><G99/><T26/><D14/><U17/><E17/><V120/><F120/><W16/><G16/><T128/><D128/><U2/><E72/><V131/><F131/><W31/><G31/><T15/><D15/><U76/><E76/><V13/><F96/><W106/><G112/><T98/><D84/><U34/><E88/><V39/><F39/><W116/><G124/><N who="2" m="47721" /><F13/><W119/><G130/><T18/><D18/><U127/><E127/><V108/><F108/><W47/><G6/><T79/><D59/><U92/><E92/><V85/><F87/><W109/><G5/><T8/><D105/><U77/><E104/><V89/><F89/><W103/><G109/><T23/><D79/><U44/><E77/><V12/><F12/><W29/><G83/><T100/><REACH who="0" step="1"/><D23/><REACH who="0" ten="170,360,210,240" step="2"/><U114/><E36/><V51/><F21/><W54/><G73/><T46/><D46/><U91/><E114/><V94/><F28/><W52/><G47/><T19/><D19/><U32/><E32/><V110/><F110/><W134/><G134/><T133/><D133/><U80/><E34/><V63/><F94/><W49/><G107/><T123/><D123/><U82/><E35/><V86/><F85/><W129/><G129/><T22/><D22/><U30/><E30/><V56/><F67/><RYUUKYOKU ba="1,2" sc="170,15,360,-15,210,15,240,-15" hai0="8,26,27,40,43,48,50,53,55,97,98,100,101" hai2="1,4,11,51,56,63,64,81,86,90" /><INIT seed="2,2,2,2,4,18" ten="185,345,225,225" oya="2" hai0="116,66,73,40,4,108,0,104,92,76,84,27,121" hai1="117,24,56,107,120,111,23,50,10,135,71,129,39" hai2="46,79,59,74,82,2,31,42,61,12,130,109,110" hai3="22,101,20,115,103,128,123,122,98,47,100,131,91"/><V26/><F2/><W102/><G115/><T93/><D121/><U16/><E39/><V3/><F3/><W38/><G91/><T78/><D104/><U112/><E71/><V17/><F130/><N who="3" m="49707" /><G47/><T127/><D73/><U58/><E107/><V45/><F59/><W21/><G38/><T49/><D0/><U87/><E117/><V134/><F61/><W75/><G75/><T6/><D116/><U126/><E112/><V63/><F63/><W54/><G54/><T8/><D66/><U96/><E96/><V15/><F134/><W119/><G119/><T77/><D127/><U124/><E135/><V118/><F118/><W28/><G28/><T60/><D60/><U125/><E120/><N who="3" m="46122" /><G103/><T57/><D84/><U37/><E37/><V33/><F42/><W9/><G9/><T5/><D8/><U62/><E129/><V29/><F31/><W99/><AGARI ba="2,2" hai="20,21,22,98,99,100,101,102" m="46122,49707" machi="99" ten="40,12000,2" yaku="28,2,19,1,52,3" doraHai="18" who="3" fromWho="3" sc="185,-32,345,-32,225,-62,225,146" /><INIT seed="3,0,0,5,2,133" ten="153,313,163,371" oya="3" hai0="108,99,31,14,37,54,81,5,67,21,35,76,48" hai1="132,68,57,117,75,94,66,45,33,13,23,93,8" hai2="109,103,6,59,121,24,126,127,26,118,92,104,107" hai3="70,9,134,84,129,131,49,115,87,15,28,71,1"/><W72/><G115/><T98/><D37/><U110/><E33/><V88/><F118/><W79/><G1/><T101/><D108/><U125/><E68/><V50/><F109/><W20/><G72/><T116/><D116/><U2/><E75/><V130/><F130/><N who="3" m="49675" /><G134/><T60/><D35/><U56/><E132/><V41/><F121/><W4/><G49/><T135/><D135/><U100/><E110/><V51/><F6/><W0/><G79/><T29/><D5/><U11/><E2/><V97/><F104/><W47/><G47/><T52/><D14/><U111/><E111/><V19/><F51/><W120/><G120/><T7/><D7/><U44/><E117/><V112/><F19/><N who="3" m="10367" /><G70/><T58/><D99/><U86/><E13/><V124/><F112/><W27/><G71/><T91/><D91/><U105/><E23/><AGARI ba="0,0" hai="0,4,9,23,27,28,84,87" m="10367,49675" machi="23" ten="30,1500,0" yaku="19,1" doraHai="133" who="3" fromWho="1" sc="153,0,313,-15,163,0,371,15" /><INIT seed="3,1,0,4,4,57" ten="153,298,163,386" oya="3" hai0="38,11,94,88,115,29,75,112,69,32,78,128,30" hai1="18,70,64,61,92,131,121,2,45,31,125,81,1" hai2="47,54,80,17,42,126,120,116,82,55,119,76,104" hai3="105,97,52,56,33,0,28,41,63,96,72,3,122"/><W110/><G122/><T36/><D69/><U68/><E121/><V37/><F120/><W102/><G72/><T62/><D128/><U135/><E131/><V95/><F104/><W4/><G4/><T5/><D75/><U24/><E125/><V67/><F126/><W87/><G41/><T133/><D78/><U25/><E68/><V103/><F67/><W7/><G7/><T27/><D30/><U15/><E135/><V132/><F132/><W90/><G96/><T86/><D133/><U117/><E81/><V21/><F80/><W101/><G101/><T109/><D109/><U53/><E92/><V89/><F103/><W123/><G123/><T35/><D35/><U93/><E93/><V106/><F106/><W114/><G114/><N who="0" m="43563" /><D62/><U23/><E24/><V50/><F37/><W12/><G12/><AGARI ba="1,0" hai="5,11,12,27,29,32,36,38,86,88,94" m="43563" machi="12" ten="30,2000,0" yaku="11,1,54,1" doraHai="57" who="0" fromWho="3" sc="153,23,298,0,163,0,386,-23" /><INIT seed="4,0,0,4,0,69" ten="176,298,163,363" oya="0" hai0="60,30,77,55,65,95,71,38,94,0,14,103,11" hai1="58,130,1,124,113,59,118,121,34,53,7,127,123" hai2="64,33,2,45,66,18,40,117,93,48,10,120,108" hai3="132,72,110,70,31,125,3,98,78,135,37,114,26"/><T22/><D38/><U28/><E7/><V99/><F108/><W129/><RYUUKYOKU type="yao9" ba="0,0" sc="176,0,298,0,163,0,363,0" hai3="3,26,31,37,70,72,78,98,110,114,125,129,132,135" /><INIT seed="4,1,0,3,2,96" ten="176,298,163,363" oya="0" hai0="108,2,45,80,39,120,15,104,85,13,112,55,99" hai1="94,46,81,29,11,21,22,67,127,49,51,131,118" hai2="66,109,116,107,122,110,70,128,87,18,43,0,65" hai3="53,24,5,90,41,47,114,111,133,115,82,98,73"/><T125/><D120/><U79/><E118/><V124/><F0/><W71/><G111/><T83/><D2/><U123/><E123/><V25/><F122/><W27/><G71/><T101/><D108/><U58/><E127/><V130/><F43/><W74/><G53/><T34/><D125/><U63/><E131/><N who="2" m="50219" /><F107/><W54/><G54/><T86/><D112/><N who="3" m="43049" /><G5/><T33/><D34/><U56/><E56/><V61/><F116/><W17/><G133/><T36/><D33/><U19/><E94/><V75/><F75/><N who="3" m="28683" /><G17/><T132/><D132/><U1/><E29/><V35/><F66/><W92/><G82/><T52/><D101/><U59/><E59/><V31/><F124/><W14/><G14/><T117/><D99/><U95/><E95/><V16/><F109/><W30/><G30/><T38/><D38/><AGARI ba="1,0" hai="24,27,38,41,47,90,92,98" m="28683,43049" machi="38" ten="30,1000,0" yaku="15,1" doraHai="96" who="3" fromWho="0" sc="176,-13,298,0,163,0,363,13" /><INIT seed="5,0,0,2,3,26" ten="163,298,163,376" oya="1" hai0="39,56,41,54,122,78,124,125,0,109,63,129,1" hai1="43,79,123,131,18,93,31,87,33,16,96,14,117" hai2="62,35,66,102,88,17,105,91,6,99,85,106,118" hai3="74,86,67,21,12,40,9,65,107,112,5,134,128"/><U27/><E117/><V24/><F118/><W55/><G74/><T61/><D109/><U119/><E119/><V8/><F105/><W59/><G107/><T81/><D129/><U76/><E123/><V53/><F53/><W23/><G128/><T7/><D122/><U42/><E131/><V111/><F111/><W50/><G112/><T60/><D41/><U114/><E18/><V132/><F132/><W47/><G134/><T51/><D39/><U113/><E42/><V57/><F85/><W135/><G135/><T28/><D7/><U110/><E43/><V104/><F104/><W92/><G23/><T44/><D44/><U71/><E71/><V49/><F49/><N who="3" m="31215" /><G21/><T94/><D94/><U82/><E76/><V103/><F102/><W13/><G13/><T4/><D4/><U2/><E2/><V34/><F34/><W20/><G20/><T64/><D64/><U38/><E38/><V69/><F17/><W133/><G133/><T98/><D98/><U80/><E82/><V84/><F84/><W29/><G29/><T89/><D89/><AGARI ba="0,0" hai="5,9,12,40,47,50,65,67,86,89,92" m="31215" machi="89" ten="30,1000,0" yaku="8,1" doraHai="26" who="3" fromWho="0" sc="163,-10,298,0,163,0,376,10" /><INIT seed="6,0,0,5,4,135" ten="153,298,163,386" oya="2" hai0="131,83,22,86,92,25,24,31,107,77,15,34,98" hai1="127,84,118,88,63,117,44,55,89,38,65,27,100" hai2="80,112,18,104,2,41,99,75,130,133,95,57,87" hai3="53,58,113,7,125,85,106,12,96,97,105,103,61"/><V70/><F70/><W114/><G125/><T36/><D131/><U45/><E100/><V37/><F133/><W50/><G85/><T126/><D126/><U115/><E127/><V111/><F112/><N who="3" m="43115" /><G50/><T23/><D36/><U32/><E115/><V47/><F130/><W21/><G21/><T122/><D122/><U62/><E32/><V9/><F104/><N who="3" m="63591" /><G97/><T10/><D107/><U79/><E27/><V6/><F111/><W73/><G73/><T72/><D72/><U49/><E79/><V46/><F75/><W102/><G102/><T119/><D119/><U93/><E89/><V48/><F87/><W101/><G101/><T69/><D69/><U1/><E62/><V33/><F80/><W56/><G58/><T20/><D25/><U124/><E124/><V28/><F57/><W64/><G64/><T3/><D3/><U26/><E1/><V35/><F99/><W29/><G29/><T110/><D110/><U78/><E78/><V74/><F28/><W129/><G129/><T17/><REACH who="0" step="1"/><D34/><REACH who="0" ten="143,298,163,386" step="2"/><U109/><E26/><V121/><F74/><W94/><G106/><T116/><D116/><U51/><E38/><V16/><F121/><W0/><G105/><T67/><D67/><U19/><E109/><V71/><F71/><W5/><G0/><T134/><D134/><U8/><E117/><V90/><F35/><W14/><G12/><T123/><D123/><U40/><E118/><V66/><F66/><W43/><G14/><T54/><D54/><U120/><E120/><V128/><F33/><W59/><G43/><T42/><D42/><U91/><E65/><RYUUKYOKU ba="0,1" sc="143,30,298,-10,163,-10,386,-10" hai0="10,15,17,20,22,23,24,31,77,83,86,92,98" /><INIT seed="7,1,1,2,0,22" ten="173,288,153,376" oya="3" hai0="7,91,102,49,110,50,13,69,115,20,54,35,43" hai1="45,120,36,111,8,12,77,123,82,31,79,26,74" hai2="128,101,15,108,121,52,42,126,32,125,129,113,23" hai3="65,48,11,59,6,73,72,117,100,75,116,40,51"/><W131/><G131/><N who="2" m="50249" /><F32/><W3/><G100/><T25/><D69/><U114/><E111/><V58/><F113/><W99/><G99/><T39/><D115/><U112/><E77/><V103/><F108/><W76/><G76/><T1/><D110/><U9/><E112/><V90/><F121/><W57/><G40/><T30/><D39/><U85/><E114/><V98/><F42/><W5/><G11/><N who="0" m="2543" /><D102/><N who="2" m="38922" /><F23/><W63/><G63/><T104/><D104/><U89/><E45/><V60/><F15/><W135/><G135/><T61/><D91/><U55/><E36/><V124/><F90/><W62/><G62/><T109/><D109/><U4/><E8/><V88/><F88/><W106/><G3/><T28/><D28/><U2/><E2/><V118/><F118/><W107/><G75/><T127/><D127/><U34/><REACH who="1" step="1"/><E55/><REACH who="1" ten="173,278,153,376" step="2"/><V71/><F71/><W132/><G132/><T19/><D43/><U119/><E119/><V122/><F122/><W44/><G44/><T37/><D37/><U21/><E21/><V134/><F98/><W105/><G105/><T130/><D130/><U68/><E68/><V87/><F134/><W92/><G107/><T0/><D0/><U133/><E133/><V70/><F70/><W10/><G106/><T97/><D97/><U47/><E47/><V84/><AGARI ba="1,2" hai="52,58,60,84,87,124,125,126" m="38922,50249" machi="84" ten="40,5200,0" yaku="18,1,19,1,54,1" doraHai="22" who="2" fromWho="2" sc="173,-14,278,-14,153,75,376,-27" owari="159,-34.1,264,6.4,228,-17.2,349,44.9" /></mjloggm>