<mjloggm ver="2.3"><GO type="169" lobby="0"/><UN n0="%E9%87%A3%E3%82%8A%E6%97%A5%E5%92%8C" n1="%52%65%63%61%6C%74%71" n2="%77%61%77%61%33%30%33%30" n3="%E9%AB%98%E6%A9%8B%E8%89%AF%E5%A4%AA" dan="18,16,17,16" rate="2240.70,2119.22,2190.22,2158.10" sx="M,M,M,M"/><TAIKYOKU oya="0"/><INIT seed="0,0,0,1,5,12" ten="250,250,250,250" oya="0" hai0="92,112,118,21,128,133,17,111,36,53,105,27,23" hai1="14,77,104,94,89,10,16,39,67,54,83,40,88" hai2="29,25,130,100,122,45,135,68,125,72,30,19,134" hai3="119,15,91,52,109,2,8,62,117,121,56,74,32"/><T120/><D112/><U98/><E104/><V60/><F72/><W24/><G74/><T3/><D105/><U84/><E39/><V106/><F106/><W33/><G2/><T28/><D36/><U73/><E40/><V59/><F68/><W96/><G109/><T97/><D3/><U90/><E67/><V99/><F122/><W127/><G127/><T46/><D120/><U44/><E73/><V57/><F45/><W87/><G96/><T48/><D118/><U65/><E65/><V11/><F99/><W113/><G113/><T86/><D133/><U42/><E42/><V110/><F100/><W108/><G108/><T78/><D128/><U26/><E26/><V79/><F79/><W69/><G69/><T115/><D115/><U13/><E13/><V76/><F76/><W81/><G121/><T103/><D111/><U18/><E18/><V1/><F19/><W114/><G114/><T0/><D0/><U82/><E82/><V85/><F1/><W55/><G55/><T64/><D64/><U34/><E34/><V129/><F125/><W49/><G62/><T71/><D71/><U132/><E132/><V43/><F60/><W63/><G63/><T102/><D102/><U50/><AGARI ba="0,0" hai="10,14,16,44,50,54,77,83,84,88,89,90,94,98" machi="50" ten="30,8000,1" yaku="0,1,8,1,52,1,54,2" doraHai="12" who="1" fromWho="1" sc="250,-40,250,80,250,-20,250,-20" /><INIT seed="1,0,0,2,0,16" ten="210,330,230,230" oya="1" hai0="83,65,125,50,61,87,72,63,100,107,32,124,112" hai1="115,53,122,86,77,90,71,30,17,54,58,45,68" hai2="117,103,126,96,60,116,108,102,11,74,26,101,94" hai3="3,104,95,44,43,29,97,69,59,85,42,114,128"/><U119/><E122/><V132/><F108/><W10/><G69/><T111/><D72/><U27/><E119/><V12/><F132/><W64/><G104/><T33/><D112/><U73/><E115/><V51/><F126/><N who="0" m="48746" /><D111/><U35/><E77/><V1/><F1/><W121/><G121/><T7/><D7/><U129/><E129/><V82/><F51/><W118/><G118/><T93/><D107/><U37/><E73/><V48/><F48/><W0/><G43/><T88/><D50/><U98/><E98/><V13/><F13/><W110/><G0/><T79/><D100/><U81/><E54/><V15/><F15/><W91/><G97/><N who="0" m="57511" /><D63/><U31/><E31/><V89/><F60/><W75/><G75/><T109/><D109/><U20/><E45/><V25/><F116/><W105/><G3/><T80/><D83/><U14/><E37/><V18/><F117/><W99/><G105/><T70/><AGARI ba="0,0" hai="32,33,61,65,70,79,80,87" m="57511,48746" machi="70" ten="30,2000,0" yaku="18,1,54,1" doraHai="16" who="0" fromWho="0" sc="210,20,330,-10,230,-5,230,-5" /><INIT seed="2,0,0,3,2,22" ten="230,320,225,225" oya="2" hai0="89,78,90,129,20,116,91,135,134,112,49,42,108" hai1="133,6,52,18,0,8,79,65,118,104,39,33,117" hai2="48,115,14,81,41,122,71,99,7,36,12,24,32" hai3="4,38,105,110,54,68,16,34,37,13,85,92,9"/><V124/><F115/><W27/><G105/><T55/><D112/><U126/><E104/><V97/><F122/><W119/><G119/><T111/><D116/><U11/><E39/><V57/><F124/><W64/><G68/><T47/><D129/><U107/><E107/><V45/><F71/><W84/><G64/><T58/><D78/><U66/><E79/><V101/><F81/><W40/><G110/><N who="0" m="42027" /><D20/><U83/><E83/><V102/><F99/><W51/><G40/><T5/><D5/><U128/><E33/><V70/><F70/><W21/><G34/><T60/><AGARI ba="0,0" hai="42,47,49,55,58,60,89,90,91,134,135" m="42027" machi="60" ten="40,1500,0" yaku="14,1" doraHai="22" who="0" fromWho="0" sc="230,15,320,-4,225,-7,225,-4" /><INIT seed="3,0,0,5,3,1" ten="245,316,218,221" oya="3" hai0="86,33,82,10,94,45,59,61,35,125,38,64,23" hai1="43,55,66,8,34,114,90,123,26,124,9,16,11" hai2="134,44,73,130,95,101,21,111,88,46,74,76,6" hai3="103,117,78,36,13,7,84,58,110,15,79,68,72"/><W119/><G68/><T37/><D125/><U70/><E123/><V129/><F101/><W51/><G72/><T98/><D23/><U96/><E114/><V60/><F111/><W105/><G36/><T120/><D120/><U121/><E121/><V18/><F134/><W122/><G15/><T5/><D35/><U42/><E124/><V97/><F60/><W113/><G122/><T31/><D31/><U85/><E96/><V116/><F116/><W71/><G71/><T126/><D33/><U28/><E66/><V132/><F132/><W27/><G27/><T52/><D45/><U107/><E107/><V131/><F6/><W29/><G29/><T62/><D126/><U115/><E70/><V118/><F118/><W99/><G78/><T41/><D41/><U112/><E55/><V93/><F93/><W19/><G113/><T30/><D62/><U63/><E63/><V32/><F32/><W57/><G19/><T77/><D30/><U128/><E128/><V108/><F108/><W50/><G110/><T65/><D38/><U92/><E16/><V12/><REACH who="2" step="1"/><F74/><REACH who="2" ten="245,316,208,221" step="2"/><W40/><G119/><T14/><D37/><U102/><E115/><V53/><F53/><W24/><G117/><T81/><D82/><AGARI ba="0,1" hai="12,18,21,44,46,73,76,82,88,95,97,129,130,131" machi="82" ten="40,5200,0" yaku="1,1,19,1,54,1,53,0" doraHai="1" doraHaiUra="0" who="2" fromWho="0" sc="245,-52,316,0,208,62,221,0" /><INIT seed="4,0,0,1,3,55" ten="193,316,270,221" oya="0" hai0="53,96,127,74,115,80,50,131,54,117,41,26,43" hai1="119,49,52,38,81,7,116,134,93,21,112,30,61" hai2="20,2,40,5,60,65,83,114,57,29,132,73,44" hai3="122,108,31,69,82,71,99,47,98,94,133,84,78"/><T34/><D117/><U25/><E38/><V111/><F114/><W24/><G108/><T62/><D115/><U67/><E112/><V18/><F132/><W22/><G133/><T17/><D131/><U77/><E134/><V89/><F29/><W125/><G125/><T107/><D127/><U87/><E7/><V123/><F123/><W1/><G1/><T85/><D74/><U37/><E37/><V16/><F111/><W45/><G99/><T103/><D54/><U124/><E93/><V58/><F5/><W66/><G122/><T90/><D62/><U48/><E48/><V59/><F2/><W46/><REACH who="3" step="1"/><G66/><REACH who="3" ten="193,316,270,211" step="2"/><T3/><D3/><U8/><E124/><V109/><F109/><W76/><G76/><T0/><D0/><U100/><E116/><V33/><F33/><W129/><G129/><T106/><D106/><U121/><E121/><V68/><F20/><W6/><G6/><T36/><D36/><U86/><E77/><V11/><F11/><W23/><G23/><T97/><D97/><U118/><E8/><V91/><F73/><W130/><G130/><T101/><D101/><AGARI ba="0,1" hai="22,24,31,45,46,47,69,71,78,82,84,94,98,101" machi="101" ten="40,1300,0" yaku="1,1,53,0" doraHai="55" doraHaiUra="135" who="3" fromWho="0" sc="193,-13,316,0,270,0,211,23" /><INIT seed="5,0,0,2,4,80" ten="180,316,270,234" oya="1" hai0="135,134,46,88,102,24,92,83,16,68,118,133,51" hai1="27,36,56,33,53,13,104,81,5,47,57,121,98" hai2="119,52,113,6,60,73,120,99,84,50,76,129,91" hai3="20,101,39,30,114,31,112,90,103,89,18,19,128"/><U108/><E121/><V38/><F38/><W94/><G39/><T77/><D118/><U32/><E108/><V21/><F120/><W25/><G128/><T58/><D102/><U74/><E56/><V12/><F119/><W107/><G107/><T96/><D58/><U100/><E27/><V125/><F73/><W95/><G25/><T4/><D4/><U106/><E106/><V124/><F76/><W17/><G17/><T132/><D68/><U3/><E13/><V45/><F99/><W63/><G63/><T78/><N who="0" m="33792" /><DORA hai="42" /><T71/><D71/><U87/><E74/><V59/><F113/><W123/><G123/><T48/><D48/><U62/><E5/><V126/><F129/><W110/><REACH who="3" step="1"/><G20/><REACH who="3" ten="180,316,270,224" step="2"/><N who="0" m="13319" /><D83/><U65/><E81/><N who="2" m="49551" /><F60/><W14/><G14/><T23/><D23/><U115/><E32/><V105/><F21/><W130/><G130/><T28/><D28/><U7/><E33/><V55/><F105/><W131/><G131/><T0/><D0/><U44/><E3/><V43/><F6/><W15/><G15/><T8/><D8/><U61/><E7/><V34/><F12/><W116/><G116/><T49/><D49/><U127/><E36/><N who="2" m="21735" /><F34/><W85/><G85/><T86/><D86/><U75/><E87/><V41/><F126/><W82/><G82/><T66/><D66/><U10/><E10/><V93/><F125/><W67/><G67/><T54/><AGARI ba="0,1" hai="46,51,54,77,78,88,92,96" m="13319,33792" machi="54" ten="60,8000,1" yaku="20,1,52,1,54,2" doraHai="80,42" who="0" fromWho="0" sc="180,90,316,-40,270,-20,224,-20" /><INIT seed="6,0,0,5,2,17" ten="270,276,250,204" oya="2" hai0="8,79,76,34,29,54,14,45,85,61,134,78,46" hai1="35,31,87,22,47,12,77,84,27,130,36,13,7" hai2="37,121,16,133,56,40,19,122,115,117,52,128,123" hai3="86,126,18,101,119,41,32,10,96,74,116,25,90"/><V21/><F117/><W51/><G74/><T5/><D134/><U43/><E130/><V71/><F133/><W97/><G97/><T75/><D75/><U132/><E132/><V108/><F128/><W4/><G126/><T93/><D34/><U92/><E35/><V94/><F71/><W82/><G41/><T106/><D106/><U9/><E77/><V44/><F115/><W107/><G51/><T62/><D29/><U28/><E28/><V73/><F73/><W70/><G70/><T6/><D6/><U118/><E118/><V125/><F125/><W105/><G107/><T120/><D120/><U110/><E110/><V129/><F129/><W63/><G63/><N who="0" m="24075" /><D54/><U11/><REACH who="1" step="1"/><E92/><REACH who="1" ten="270,266,250,204" step="2"/><V20/><F94/><W26/><G32/><T3/><D78/><U124/><E124/><V102/><F108/><W131/><G131/><T111/><D76/><U49/><E49/><V114/><F114/><W33/><G33/><T81/><D111/><U99/><E99/><V135/><F135/><W103/><G103/><T15/><D93/><U72/><E72/><V38/><F102/><W57/><G119/><T91/><D79/><U83/><E83/><V89/><F37/><W23/><G116/><T50/><D50/><U58/><E58/><V98/><F98/><W0/><REACH who="3" step="1"/><G57/><REACH who="3" ten="270,266,250,194" step="2"/><T95/><D45/><U100/><E100/><V68/><F68/><W67/><G67/><T42/><D46/><U2/><E2/><V60/><F123/><W69/><G69/><T53/><D3/><U80/><E80/><V39/><F122/><W104/><G104/><T88/><D81/><RYUUKYOKU ba="0,2" sc="270,-15,266,15,250,-15,194,15" hai1="7,9,11,12,13,22,27,31,36,43,47,84,87" hai3="0,4,10,18,23,25,26,82,86,90,96,101,105" /><INIT seed="7,1,2,4,5,73" ten="255,281,235,209" oya="3" hai0="16,49,100,126,108,5,77,93,103,1,127,34,113" hai1="64,90,46,86,20,13,59,41,33,71,121,104,43" hai2="19,32,83,31,115,36,37,27,6,74,30,97,129" hai3="44,76,23,28,91,15,133,116,106,114,125,95,120"/><W17/><G116/><T21/><D108/><U38/><E104/><V63/><F31/><W68/><G120/><T47/><D34/><U78/><E121/><V87/><F74/><W56/><G106/><T111/><D111/><U122/><E122/><V62/><F115/><W53/><G114/><T99/><D5/><U29/><E71/><V72/><F72/><W45/><G68/><T40/><D1/><U84/><E33/><V57/><F6/><W96/><G125/><N who="0" m="47627" /><D77/><U89/><E78/><V79/><F63/><W66/><G66/><T128/><D128/><U112/><E112/><V101/><F19/><W132/><G28/><T22/><D22/><U67/><E59/><V85/><F85/><W61/><REACH who="3" step="1"/><G76/><REACH who="3" ten="255,281,235,199" step="2"/><T80/><D113/><U51/><E64/><V10/><F129/><W52/><G52/><T42/><D40/><U58/><E67/><V119/><F119/><W39/><G39/><T130/><D130/><U9/><E38/><V3/><F37/><W109/><G109/><T110/><D110/><U105/><E105/><V7/><F36/><W0/><G0/><T102/><D80/><U92/><E43/><V94/><F79/><W11/><G11/><T14/><AGARI ba="1,3" hai="14,16,21,42,47,49,93,99,100,102,103" m="47627" machi="14" ten="30,2000,0" yaku="18,1,54,1" doraHai="73" who="0" fromWho="0" sc="255,53,281,-6,235,-6,199,-11" owari="308,40.8,275,7.5,229,-17.1,188,-31.2" /></mjloggm>