<mjloggm ver="2.3"><GO type="169" lobby="0"/><UN n0="%E3%81%AA%E3%81%8C%E3%81%95%E3%82%8F%E3%81%BE%E3%81%95%E3%81%BF" n1="%E3%82%AD%E3%83%AA%E3%83%B3%E3%83%AA%E3%82%AD%E5%BF%AB" n2="%E3%81%BD%E3%82%93%E3%81%A7%E3%82%89%E3%81%84%E3%81%8A%E3%82%93" n3="%68%7A%63" dan="16,17,16,18" rate="2077.07,2200.79,2148.83,2204.57" sx="F,M,M,F"/><TAIKYOKU oya="0"/><INIT seed="0,0,0,0,2,7" ten="250,250,250,250" oya="0" hai0="22,26,45,76,34,123,102,27,54,112,84,100,96" hai1="94,125,49,79,68,11,43,130,98,127,93,64,113" hai2="115,69,99,17,80,31,39,4,131,110,1,24,114" hai3="133,118,5,61,21,9,66,6,12,10,2,65,89"/><T78/><D112/><N who="2" m="43050" /><F39/><W73/><G73/><T121/><D34/><U83/><E113/><V51/><F51/><W36/><G36/><T18/><D121/><U86/><E130/><V35/><F69/><W23/><G118/><T55/><D123/><U107/><E64/><V40/><F80/><W32/><G32/><T87/><D45/><U14/><E68/><V25/><F99/><W74/><G74/><T128/><D128/><U19/><E107/><V81/><F81/><W95/><G133/><T37/><D37/><U72/><E72/><V122/><F40/><W42/><G42/><T58/><D22/><U105/><E105/><V106/><F106/><W3/><G12/><T38/><D18/><U50/><E94/><V88/><F88/><W41/><G41/><T119/><D38/><U103/><REACH who="1" step="1"/><E43/><REACH who="1" ten="250,240,250,250" step="2"/><V28/><F131/><W97/><G66/><T53/><D119/><U8/><E8/><N who="2" m="2063" /><F122/><W82/><G82/><T30/><D55/><U85/><E85/><V135/><F135/><W59/><AGARI ba="0,1" hai="2,3,5,6,9,10,21,23,59,61,65,89,95,97" machi="59" ten="20,8000,1" yaku="0,1,7,1,9,1,52,2" doraHai="7" who="3" fromWho="3" sc="250,-40,240,-20,250,-20,250,90" /><INIT seed="1,0,0,1,1,71" ten="210,220,230,340" oya="1" hai0="77,91,48,15,131,62,36,111,132,23,40,94,130" hai1="75,19,65,74,135,107,128,93,85,44,6,106,121" hai2="30,59,50,18,31,21,51,13,53,9,73,97,49" hai3="78,32,102,122,92,35,116,38,68,120,90,124,63"/><U33/><E33/><V56/><F73/><N who="1" m="27657" /><E19/><V55/><F50/><W105/><G124/><T28/><D48/><U42/><E44/><V98/><REACH who="2" step="1"/><F31/><REACH who="2" ten="210,220,220,340" step="2"/><W80/><G122/><T20/><D28/><U126/><E121/><V47/><F47/><W4/><G120/><T115/><D131/><U14/><E128/><V129/><F129/><W43/><G116/><T83/><D130/><U112/><E126/><V108/><F108/><W127/><G127/><T22/><D111/><U26/><E42/><V58/><F58/><W45/><G45/><T24/><D40/><U61/><E61/><V79/><F79/><W82/><G43/><T95/><D77/><U17/><E135/><V37/><F37/><W12/><G38/><T89/><D36/><U72/><E72/><V46/><F46/><W118/><G78/><T84/><D62/><U34/><E112/><V60/><F60/><W67/><G118/><T27/><D115/><U39/><E39/><V1/><F1/><W69/><G63/><T10/><D132/><U88/><E65/><V87/><F87/><W8/><G67/><T109/><D109/><U29/><E6/><V66/><F66/><W16/><G4/><N who="0" m="3527" /><D83/><U86/><E85/><AGARI ba="0,1" hai="20,22,23,24,27,84,85,89,91,94,95" m="3527" machi="85" ten="30,1000,0" yaku="8,1" doraHai="71" who="0" fromWho="1" sc="210,20,220,-10,220,0,340,0" /><INIT seed="2,0,0,2,2,99" ten="230,210,220,340" oya="2" hai0="121,40,35,124,37,23,14,33,15,2,60,16,67" hai1="54,24,97,79,29,86,88,20,10,80,36,4,108" hai2="101,126,3,112,73,119,132,84,52,134,21,118,58" hai3="72,39,133,115,93,6,87,56,70,78,102,94,13"/><V64/><F3/><W5/><G70/><T105/><D121/><U47/><E108/><V19/><F73/><W128/><G39/><T50/><D37/><U12/><E36/><V18/><F112/><W38/><G38/><T55/><D40/><U48/><REACH who="1" step="1"/><E97/><REACH who="1" ten="230,200,220,340" step="2"/><V25/><F119/><W75/><G115/><T114/><D114/><U103/><E103/><V26/><F118/><W66/><G102/><T9/><D124/><U81/><E81/><V106/><F126/><W74/><G128/><T53/><D105/><U90/><AGARI ba="0,1" hai="4,10,12,20,24,29,47,48,54,79,80,86,88,90" machi="90" ten="30,7900,0" yaku="1,1,0,1,8,1,54,1,53,0" doraHai="99" doraHaiUra="91" who="1" fromWho="1" sc="230,-20,200,89,220,-39,340,-20" /><INIT seed="3,0,0,5,5,45" ten="210,289,181,320" oya="3" hai0="51,44,71,70,127,95,54,102,10,60,126,13,41" hai1="93,12,133,67,56,106,111,104,76,103,0,97,101" hai2="77,135,52,38,134,114,9,20,25,123,116,30,131" hai3="74,124,73,23,46,42,40,1,128,119,79,88,29"/><W21/><G1/><T55/><D102/><U14/><E111/><V3/><F38/><W11/><G119/><T5/><D95/><U80/><E133/><N who="2" m="50699" /><F77/><W66/><G66/><T68/><REACH who="0" step="1"/><D60/><REACH who="0" ten="200,289,181,320" step="2"/><U6/><E93/><V98/><F116/><W84/><G124/><AGARI ba="0,1" hai="5,10,13,41,44,51,54,55,68,70,71,124,126,127" machi="124" ten="50,8000,1" yaku="1,1,2,1,18,1,52,1,53,0" doraHai="45" doraHaiUra="31" who="0" fromWho="3" sc="200,90,289,0,181,0,320,-80" /><INIT seed="4,0,0,5,0,64" ten="290,289,181,240" oya="0" hai0="22,118,25,10,135,43,45,55,125,35,30,61,132" hai1="85,99,28,115,116,78,106,46,133,79,73,8,121" hai2="92,13,56,6,34,120,24,38,122,33,42,69,63" hai3="17,1,81,16,84,52,119,23,37,71,53,90,66"/><T20/><D55/><U72/><E46/><V104/><F104/><W5/><G119/><T80/><D61/><U14/><E14/><V54/><F92/><W3/><G37/><T114/><D80/><U83/><E8/><V19/><F6/><W126/><G126/><T65/><D65/><U44/><E44/><V124/><F124/><W117/><G117/><T67/><D67/><U9/><E9/><V96/><F96/><W21/><G5/><T29/><D118/><U110/><E28/><V32/><F24/><W112/><G112/><T2/><D45/><U48/><E48/><V134/><F134/><N who="0" m="51242" /><D43/><U88/><E116/><V58/><F42/><W4/><G4/><N who="0" m="1303" /><D125/><U111/><E133/><V31/><F38/><W95/><G81/><T12/><D114/><U89/><E115/><V60/><F31/><W86/><G66/><T93/><D93/><N who="1" m="56743" /><E106/><V11/><REACH who="2" step="1"/><F69/><REACH who="2" ten="290,289,171,240" step="2"/><W50/><G71/><T18/><D30/><U123/><E72/><V27/><F27/><W127/><G127/><T75/><D75/><U102/><E102/><V26/><F26/><W62/><G1/><T57/><D57/><U74/><E74/><V70/><F70/><W103/><G3/><T98/><D98/><U41/><E41/><V130/><F130/><W100/><G100/><T94/><D94/><N who="1" m="54575" /><E79/><V91/><F91/><W51/><G103/><T76/><D76/><U87/><E73/><V36/><F36/><W131/><G131/><T107/><D107/><U0/><E0/><V105/><F105/><W40/><G40/><T7/><D7/><U59/><E59/><V39/><F39/><RYUUKYOKU ba="0,1" sc="290,10,289,10,171,10,240,-30" hai0="12,18,20,22,25,29,35" hai1="78,83,87,110,111,121,123" hai2="11,13,19,32,33,34,54,56,58,60,63,120,122" /><INIT seed="4,1,1,5,5,124" ten="300,299,181,210" oya="0" hai0="56,103,44,8,57,80,55,72,51,79,86,129,12" hai1="15,6,64,29,67,66,62,39,7,52,14,49,60" hai2="108,69,111,133,112,26,43,75,98,58,5,131,88" hai3="41,50,53,120,0,117,109,104,93,10,78,122,116"/><T61/><D129/><U32/><E39/><V38/><F69/><W87/><G104/><T19/><D103/><U97/><E32/><V59/><F75/><W95/><G41/><T71/><D71/><U114/><E29/><V34/><F112/><W123/><G109/><T22/><D72/><U46/><E114/><V94/><F133/><W54/><G10/><T119/><D119/><N who="3" m="45641" /><G0/><T74/><D74/><U47/><E97/><V102/><F5/><N who="1" m="1545" /><E46/><V16/><F131/><W18/><G18/><T125/><D125/><U90/><E90/><V25/><F38/><W4/><G4/><T2/><D2/><U76/><E76/><V126/><F126/><W28/><G28/><T42/><REACH who="0" step="1"/><D57/><REACH who="0" ten="290,299,181,210" step="2"/><U73/><E73/><V63/><F58/><W1/><G1/><T9/><AGARI ba="1,2" hai="8,9,12,19,22,42,44,51,55,56,61,79,80,86" machi="9" ten="30,11700,0" yaku="1,1,2,1,0,1,8,1,53,0" doraHai="124" doraHaiUra="70" who="0" fromWho="0" sc="290,140,299,-40,181,-40,210,-40" /><INIT seed="4,2,0,1,5,89" ten="430,259,141,170" oya="0" hai0="121,133,25,107,3,127,90,30,112,75,115,119,113" hai1="17,46,83,61,71,74,31,102,92,54,51,88,45" hai2="93,9,87,47,53,11,36,52,20,23,81,91,97" hai3="13,77,73,29,19,0,134,6,2,132,33,49,117"/><T101/><D3/><N who="3" m="1065" /><G49/><T105/><D119/><U84/><E31/><V130/><F130/><W103/><G103/><T66/><D121/><U108/><E108/><V94/><F36/><W37/><G77/><T116/><D116/><U24/><E71/><V120/><F120/><W48/><G48/><T106/><D133/><N who="3" m="51305" /><G73/><T34/><D127/><U57/><E74/><V56/><F47/><W131/><G37/><T12/><D12/><U63/><E17/><V41/><F41/><W70/><G70/><T42/><D75/><U69/><E24/><V76/><F53/><W85/><G85/><T16/><D16/><U111/><E111/><V44/><F44/><N who="1" m="17001" /><E69/><V14/><F94/><W39/><G39/><T4/><D4/><U110/><E110/><V26/><F26/><N who="3" m="18615" /><G6/><T1/><D42/><U99/><AGARI ba="2,0" hai="51,54,57,61,63,83,84,88,92,99,102" m="17001" machi="99" ten="30,4000,0" yaku="8,1,52,1,54,1" doraHai="89" who="1" fromWho="1" sc="430,-22,259,46,141,-12,170,-12" /><INIT seed="5,0,0,4,2,59" ten="408,305,129,158" oya="1" hai0="95,11,77,93,121,99,7,66,112,125,50,19,24" hai1="55,43,52,62,119,3,8,25,68,1,61,48,2" hai2="32,30,120,133,123,47,115,97,92,124,110,33,23" hai3="58,73,60,89,82,67,129,41,83,111,21,57,130"/><U105/><E119/><V98/><F110/><W80/><G111/><T15/><D112/><U29/><E105/><V71/><F71/><W6/><G73/><T91/><D125/><U5/><E68/><V69/><F69/><W0/><G41/><T117/><D117/><U17/><E17/><V70/><F70/><W132/><G132/><T101/><D77/><U54/><E43/><V37/><F32/><W118/><G118/><T131/><D131/><N who="3" m="50185" /><G21/><N who="0" m="13375" /><D121/><U122/><E48/><V90/><F33/><W35/><G35/><T113/><D113/><U72/><E72/><V31/><F115/><W14/><G0/><T85/><D50/><U44/><E44/><V116/><F116/><W100/><G100/><T109/><D109/><U38/><E38/><V84/><F123/><W78/><G57/><T106/><D106/><U86/><E86/><V12/><F120/><W96/><G78/><T18/><D66/><U40/><E40/><V75/><F75/><W87/><G96/><T135/><D135/><U81/><E81/><V13/><F133/><W103/><G103/><T88/><D101/><U53/><N who="1" m="13312" /><DORA hai="45" /><U27/><E122/><V102/><F37/><W39/><G39/><T128/><D128/><U76/><E76/><V64/><F98/><W114/><G114/><T16/><AGARI ba="0,0" hai="7,11,15,16,18,85,88,91,93,95,99" m="13375" machi="16" ten="30,4000,0" yaku="8,1,54,2" doraHai="59,45" who="0" fromWho="0" sc="408,40,305,-20,129,-10,158,-10" /><INIT seed="6,0,0,5,1,120" ten="448,285,119,148" oya="2" hai0="63,74,91,25,50,57,43,96,66,132,76,108,113" hai1="77,114,32,88,84,30,71,16,128,89,70,27,55" hai2="112,92,60,93,79,13,8,123,130,7,124,127,68" hai3="115,80,75,18,35,131,42,97,39,86,44,81,47"/><V22/><F123/><W45/><G131/><T52/><D108/><U28/><E128/><V126/><F130/><W21/><G35/><T12/><D113/><U17/><E114/><V125/><N who="2" m="31744" /><DORA hai="20" /><V0/><F112/><W73/><G97/><T14/><D76/><U9/><E77/><V83/><F0/><W116/><G116/><T3/><D74/><U72/><E72/><V19/><F60/><W59/><G115/><T10/><D43/><U105/><E105/><V100/><F68/><W117/><G117/><T121/><D12/><U119/><E119/><V41/><F41/><W64/><G39/><T85/><D96/><U122/><E122/><V102/><F102/><W87/><G42/><T62/><D132/><U34/><E55/><V38/><F100/><W15/><G75/><T103/><D66/><U54/><E54/><V2/><REACH who="2" step="1"/><F38/><REACH who="2" ten="448,285,109,148" step="2"/><W82/><G73/><AGARI ba="0,1" hai="2,7,8,13,19,22,73,79,83,92,93" m="31744" machi="73" ten="70,12000,1" yaku="1,1,2,1,18,1,53,1" doraHai="120,20" doraHaiUra="106,94" who="2" fromWho="3" sc="448,0,285,0,109,130,148,-120" /><INIT seed="6,1,0,1,4,129" ten="448,285,239,28" oya="2" hai0="53,13,119,78,73,97,60,42,127,28,16,11,96" hai1="17,38,118,65,46,66,87,94,33,59,114,51,63" hai2="24,23,44,89,105,27,132,52,124,81,56,117,135" hai3="84,74,0,61,48,71,69,18,92,21,98,26,88"/><V101/><F117/><W116/><G116/><T2/><D119/><U109/><E118/><RYUUKYOKU type="kaze4" ba="1,0" sc="448,0,285,0,239,0,28,0" /><INIT seed="6,2,0,1,2,11" ten="448,285,239,28" oya="2" hai0="71,96,23,110,128,83,97,113,87,52,45,122,119" hai1="109,32,31,54,79,18,72,9,2,81,118,21,67" hai2="84,58,12,66,41,26,101,89,34,114,15,40,14" hai3="36,102,91,132,127,62,5,112,51,92,107,120,33"/><V0/><F0/><W59/><G36/><T94/><D110/><U69/><E118/><V53/><F114/><W56/><G33/><T135/><D71/><U29/><E109/><V98/><F66/><W1/><G120/><T82/><D128/><U65/><E32/><V63/><F34/><W76/><G112/><T86/><D135/><U25/><E54/><V99/><F26/><W55/><G132/><T78/><D94/><U106/><E106/><V22/><F22/><W61/><G76/><N who="0" m="46407" /><D122/><U46/><E46/><V16/><F16/><W125/><G102/><T44/><D44/><U10/><E10/><V60/><F60/><W30/><G107/><T50/><D119/><U8/><E9/><V100/><F100/><W115/><G30/><T7/><D7/><U103/><E103/><V28/><F28/><W111/><G111/><T20/><D113/><U93/><E93/><N who="2" m="58607" /><F98/><AGARI ba="2,0" hai="20,23,45,50,52,78,83,87,96,97,98" m="46407" machi="98" ten="30,2000,0" yaku="8,1,54,1" doraHai="11" who="0" fromWho="2" sc="448,26,285,0,239,-26,28,0" /><INIT seed="7,0,0,1,0,103" ten="474,285,213,28" oya="3" hai0="17,59,91,76,70,115,79,47,129,88,87,78,36" hai1="108,57,18,4,58,131,69,112,77,132,53,134,126" hai2="133,120,62,49,93,102,135,16,8,121,27,1,98" hai3="65,35,94,97,92,106,101,83,100,105,44,72,96"/><W55/><G65/><T89/><D70/><U40/><E108/><V45/><F62/><W24/><G55/><T82/><D129/><U37/><E18/><V109/><F109/><W123/><G44/><T81/><D115/><U25/><E25/><V86/><F86/><W20/><G35/><T54/><D47/><U15/><E15/><N who="2" m="7271" /><F1/><W56/><G56/><T130/><D130/><U67/><E58/><V84/><F84/><W11/><G11/><T64/><D36/><U10/><E53/><N who="2" m="29871" /><F27/><W48/><G48/><T113/><D113/><U122/><E4/><V118/><F118/><W12/><G12/><T28/><D28/><U107/><E10/><V110/><F110/><W74/><G20/><T7/><D7/><U104/><E104/><N who="3" m="40042" /><G24/><T32/><D32/><U90/><E57/><V39/><F39/><W68/><G68/><T114/><D114/><U30/><E69/><V5/><F5/><W41/><G41/><T51/><D64/><U52/><E40/><V128/><F128/><W85/><G123/><AGARI ba="0,0" hai="93,98,102,120,121,123,133,135" m="29871,7271" machi="123" ten="30,2000,0" yaku="13,1,54,1" doraHai="103" who="2" fromWho="3" sc="474,0,285,0,213,20,28,-20" owari="474,57.4,285,8.5,233,-16.7,8,-49.2" /></mjloggm>