<mjloggm ver="2.3"><GO type="169" lobby="0"/><UN n0="%37%36%35%2D%37%32" n1="%64%72%61%65%74%63" n2="%79%75%68%65%69" n3="%74%61%6E%61%4B%61" dan="16,16,16,18" rate="2043.34,2147.58,2043.16,2212.11" sx="M,M,M,M"/><TAIKYOKU oya="0"/><INIT seed="0,0,0,1,3,113" ten="250,250,250,250" oya="0" hai0="77,125,59,70,76,18,31,41,91,110,127,3,84" hai1="122,51,102,121,54,29,6,23,89,82,124,46,49" hai2="2,62,27,58,123,74,120,40,134,101,15,42,68" hai3="115,11,87,9,33,67,108,60,116,75,133,50,24"/><T130/><D70/><U20/><E124/><N who="0" m="47689" /><D130/><U81/><E102/><V93/><F2/><W135/><G115/><T56/><D3/><U48/><E6/><V17/><F74/><W88/><G75/><T5/><D5/><U25/><E121/><V37/><F68/><W57/><G108/><T99/><D99/><U52/><E122/><V43/><F37/><W45/><G116/><T14/><D31/><U53/><E89/><V79/><F79/><N who="0" m="30282" /><D41/><U105/><E105/><V61/><F134/><N who="3" m="51211" /><G24/><T4/><D4/><U104/><E104/><V90/><F27/><W65/><G65/><T72/><D110/><U1/><E1/><V35/><F35/><W96/><G96/><T69/><D69/><U117/><E117/><V112/><F112/><W21/><G33/><T7/><D7/><U94/><E94/><V118/><F118/><W73/><G73/><T95/><D72/><U8/><E8/><AGARI ba="0,0" hai="8,14,18,56,59,84,91,95" m="30282,47689" machi="8" ten="30,1500,0" yaku="18,1" doraHai="113" who="0" fromWho="1" sc="250,15,250,-15,250,0,250,0" /><INIT seed="0,1,0,5,3,40" ten="265,235,250,250" oya="0" hai0="58,67,79,78,54,122,97,52,4,34,124,47,14" hai1="13,104,6,69,91,35,30,33,111,95,25,120,16" hai2="96,29,119,98,50,48,10,118,125,24,85,106,117" hai3="134,133,38,45,41,90,23,116,42,28,22,12,44"/><T0/><D122/><U86/><E104/><V65/><F106/><W101/><G116/><T1/><D34/><U18/><E120/><V92/><F65/><W77/><G101/><T61/><D124/><U99/><E111/><V74/><F74/><W11/><G77/><N who="0" m="29195" /><D0/><U53/><E69/><V103/><F125/><W32/><G90/><T5/><D1/><U113/><E113/><V126/><F126/><W129/><G129/><T26/><D26/><U27/><E6/><N who="0" m="2665" /><D14/><U17/><E53/><V94/><F10/><W19/><G32/><T71/><D71/><U62/><E62/><V7/><F85/><W132/><REACH who="3" step="1"/><G28/><REACH who="3" ten="265,235,250,240" step="2"/><T59/><D67/><U66/><E66/><V135/><F135/><W55/><G55/><T80/><D80/><U83/><E35/><V100/><REACH who="2" step="1"/><F7/><REACH who="2" ten="265,235,240,240" step="2"/><W110/><G110/><T31/><D54/><U63/><E33/><AGARI ba="1,2" hai="24,29,33,48,50,92,94,96,98,100,103,117,118,119" machi="33" ten="40,8000,1" yaku="1,1,2,1,9,1,12,1,53,0" doraHai="40" doraHaiUra="123" who="2" fromWho="1" sc="265,0,235,-83,240,103,240,0" /><INIT seed="1,0,0,0,5,9" ten="265,152,343,240" oya="1" hai0="79,75,87,20,85,93,27,76,124,125,30,45,59" hai1="106,49,74,4,58,118,81,108,132,65,71,50,61" hai2="0,77,18,38,14,86,35,17,42,63,39,114,95" hai3="43,94,21,123,12,19,112,127,107,41,7,62,32"/><U10/><E118/><V54/><F0/><W57/><G123/><T46/><D75/><U16/><E132/><V104/><F104/><W119/><G112/><T88/><D59/><U8/><E106/><V56/><F35/><W22/><G107/><T82/><REACH who="0" step="1"/><D79/><REACH who="0" ten="255,152,343,240" step="2"/><U28/><E108/><V110/><F77/><W31/><G119/><T37/><D37/><U120/><E120/><V29/><F38/><W83/><G127/><AGARI ba="0,1" hai="20,27,30,45,46,76,82,85,87,88,93,124,125,127" machi="127" ten="40,8000,1" yaku="1,1,18,1,54,1,53,1" doraHai="9" doraHaiUra="72" who="0" fromWho="3" sc="255,90,152,0,343,0,240,-80" /><INIT seed="2,0,0,4,3,66" ten="345,152,343,160" oya="2" hai0="9,54,125,110,31,46,34,112,62,64,99,18,102" hai1="128,59,44,91,92,106,86,51,70,1,19,74,118" hai2="76,89,126,35,16,79,84,52,101,15,30,72,131" hai3="132,130,37,65,122,12,63,28,2,49,69,10,111"/><V42/><F126/><W97/><G122/><T36/><D110/><U78/><E1/><V38/><F72/><W25/><G111/><T85/><D112/><U57/><E106/><V73/><F73/><W20/><G37/><T87/><D125/><U80/><E128/><V40/><F101/><W100/><G130/><T67/><D67/><U33/><E118/><V24/><F131/><W43/><G132/><T8/><D8/><U107/><E33/><V26/><F26/><W53/><G43/><T21/><D9/><U117/><E117/><V77/><F38/><W71/><G2/><T48/><D36/><U32/><E32/><V113/><F113/><W120/><G120/><T98/><D98/><U55/><E19/><V4/><F4/><W23/><G23/><T50/><D50/><U104/><E104/><V123/><F52/><W103/><G71/><T135/><D135/><U41/><E70/><V5/><F5/><W81/><G81/><T94/><D31/><U7/><E7/><V108/><F123/><W116/><G97/><T39/><D34/><U105/><REACH who="1" step="1"/><E59/><REACH who="1" ten="345,142,343,160" step="2"/><V133/><F133/><W56/><G116/><T119/><D119/><U82/><E82/><V88/><F108/><W17/><AGARI ba="0,1" hai="10,12,17,20,25,28,49,53,56,63,65,69,100,103" machi="17" ten="20,2700,0" yaku="0,1,7,1,52,1" doraHai="66" who="3" fromWho="3" sc="345,-7,142,-7,343,-13,160,37" /><INIT seed="3,0,0,5,3,130" ten="338,135,330,197" oya="3" hai0="19,35,132,102,116,110,31,70,95,99,124,28,64" hai1="15,119,101,49,76,115,83,69,68,111,108,44,104" hai2="45,43,123,1,41,120,22,56,9,117,14,77,82" hai3="126,134,96,33,26,24,57,97,63,55,39,88,118"/><W60/><G118/><T4/><D116/><U81/><E119/><V87/><F1/><W61/><G39/><T58/><D124/><U107/><E115/><V135/><F117/><W133/><G126/><T113/><D110/><N who="1" m="42027" /><E15/><V23/><F56/><W72/><G72/><T103/><D113/><U36/><E36/><V47/><F135/><N who="3" m="51723" /><G33/><T7/><D70/><N who="1" m="27243" /><E101/><V11/><F11/><W78/><G78/><T131/><D131/><U18/><E18/><V128/><F128/><W59/><G88/><T51/><D35/><U2/><E2/><V40/><F120/><W73/><G73/><T12/><D103/><U54/><E83/><V105/><F105/><W37/><G37/><T46/><D132/><U21/><E21/><N who="2" m="7691" /><F123/><W129/><G129/><T79/><D79/><U94/><E94/><V112/><F112/><W8/><G8/><N who="0" m="6535" /><D31/><U109/><E109/><V74/><F74/><AGARI ba="0,0" hai="44,49,54,74,76,81,104,107" m="27243,42027" machi="74" ten="30,1000,0" yaku="14,1" doraHai="130" who="1" fromWho="2" sc="338,0,135,10,330,-10,197,0" /><INIT seed="4,0,0,4,1,70" ten="338,145,320,197" oya="0" hai0="11,52,13,46,68,114,73,111,69,98,117,109,134" hai1="58,84,107,53,1,6,91,135,76,99,45,38,51" hai2="18,60,41,127,100,0,9,26,93,85,110,102,14" hai3="129,78,97,62,36,22,21,122,79,116,5,30,10"/><T106/><D117/><U113/><E135/><V27/><F110/><N who="0" m="41994" /><D73/><U71/><E71/><V95/><F127/><W64/><G116/><T47/><D134/><U115/><E6/><V37/><F0/><W3/><G129/><T55/><D114/><N who="1" m="43531" /><E1/><V96/><F60/><W34/><G122/><T103/><D69/><U126/><E126/><V2/><F2/><W94/><G34/><T86/><D68/><U87/><E76/><V40/><F37/><W61/><G36/><T105/><D105/><U54/><E91/><V24/><F85/><W12/><G3/><T31/><D31/><U92/><E92/><V25/><N who="2" m="6144" /><DORA hai="112" /><V121/><REACH who="2" step="1"/><F121/><REACH who="2" ten="338,145,310,197" step="2"/><W20/><G30/><T118/><D86/><U28/><E28/><V23/><F23/><W29/><G29/><T124/><D124/><U48/><E38/><V75/><F75/><W133/><G133/><T4/><D118/><U57/><E87/><V16/><F16/><W81/><G62/><T88/><D88/><U39/><E84/><V101/><F101/><N who="3" m="60599" /><G81/><T44/><AGARI ba="0,1" hai="4,11,13,44,46,47,52,55,98,103,106" m="41994" machi="44" ten="30,3000,0" yaku="10,1,54,1" doraHai="70,112" who="0" fromWho="0" sc="338,40,145,-10,310,-10,197,-10" /><INIT seed="4,1,0,2,3,24" ten="378,135,300,187" oya="0" hai0="82,105,3,98,63,111,126,27,56,36,44,91,49" hai1="130,112,29,32,41,78,127,6,110,39,46,10,116" hai2="107,34,53,73,76,133,52,89,12,125,83,4,43" hai3="66,21,33,128,120,54,104,47,28,19,0,95,45"/><T5/><D126/><U81/><E110/><V80/><F107/><W72/><G104/><T118/><D118/><U23/><E23/><V14/><F133/><W103/><G72/><T96/><D36/><U9/><E9/><V124/><F43/><W17/><G0/><T8/><D111/><U22/><E22/><V11/><F14/><W94/><G128/><T7/><D7/><U18/><E18/><N who="3" m="6666" /><G33/><T30/><D105/><U61/><E130/><V99/><F34/><W71/><G71/><T135/><D135/><U68/><E116/><V74/><F99/><N who="3" m="59895" /><G66/><T123/><D123/><U38/><E38/><V42/><F42/><W100/><G54/><T121/><D121/><U109/><E109/><V40/><F40/><W20/><G20/><T15/><D3/><U77/><E127/><N who="2" m="48715" /><F89/><W35/><G35/><T1/><D1/><U64/><E112/><V117/><F117/><W131/><G131/><T119/><D119/><U16/><E6/><V57/><F57/><W92/><G120/><T48/><D44/><N who="3" m="16969" /><G100/><T65/><D98/><U134/><E134/><V122/><F122/><W69/><G69/><T55/><D55/><U132/><E132/><V129/><F129/><W60/><G60/><T79/><D63/><U58/><E68/><V51/><F51/><W13/><G13/><T115/><D49/><U87/><E32/><V90/><F74/><W59/><G59/><T62/><D48/><U2/><E2/><V84/><AGARI ba="1,0" hai="4,11,12,52,53,73,76,80,83,84,90" m="48715" machi="84" ten="30,2000,0" yaku="18,1,54,1" doraHai="24" who="2" fromWho="2" sc="378,-11,135,-6,300,23,187,-6" /><INIT seed="5,0,0,2,5,26" ten="367,129,323,181" oya="1" hai0="121,72,116,46,6,0,110,24,42,61,105,115,62" hai1="22,37,10,79,97,19,27,89,130,55,75,114,8" hai2="107,91,13,113,88,1,48,125,67,73,15,70,17" hai3="40,3,57,5,34,38,93,96,123,85,126,66,56"/><U103/><E114/><V51/><F1/><W50/><G123/><T52/><D116/><U43/><E130/><V69/><F107/><W109/><G109/><T101/><D110/><U21/><E89/><V45/><F73/><W119/><G126/><T86/><D72/><U30/><E55/><V87/><F125/><W102/><G38/><T7/><D121/><U60/><E60/><V44/><F67/><W28/><G119/><T132/><D132/><U94/><E43/><V39/><F39/><W120/><G120/><T16/><D86/><U95/><E95/><V122/><F122/><W83/><G5/><T71/><D62/><U98/><E98/><V25/><F25/><W41/><G3/><T20/><D115/><U68/><E68/><V117/><F117/><W59/><G66/><T135/><D135/><U77/><E37/><V2/><F2/><W131/><G131/><T127/><D0/><U78/><REACH who="1" step="1"/><E75/><REACH who="1" ten="367,119,323,181" step="2"/><V133/><F113/><W35/><G41/><T111/><D71/><U100/><E100/><V36/><F36/><W11/><G40/><T82/><D101/><U64/><E64/><V18/><F87/><W84/><G84/><T99/><D99/><U53/><E53/><V76/><F133/><W4/><G85/><T104/><D52/><U14/><AGARI ba="0,1" hai="8,10,14,19,21,22,27,30,77,78,79,94,97,103" machi="14" ten="30,11700,0" yaku="1,1,0,1,8,1,52,1,53,0" doraHai="26" doraHaiUra="58" who="1" fromWho="1" sc="367,-39,119,127,323,-39,181,-39" /><INIT seed="5,1,0,3,0,84" ten="328,246,284,142" oya="1" hai0="104,16,95,3,124,85,101,59,9,28,54,135,99" hai1="75,98,105,121,41,81,92,80,67,46,97,47,93" hai2="120,52,117,123,90,62,72,131,82,33,26,69,115" hai3="107,73,66,42,96,36,122,18,53,44,103,51,22"/><U119/><E119/><V30/><F117/><W5/><G73/><T89/><D135/><U25/><E121/><V86/><F131/><W68/><G5/><T127/><D28/><U129/><E129/><V31/><F72/><W130/><G130/><T108/><D108/><U102/><E67/><V65/><F30/><W118/><G118/><T70/><D70/><U100/><E75/><V74/><F74/><W63/><G122/><T7/><REACH who="0" step="1"/><D16/><REACH who="0" ten="318,246,284,142" step="2"/><U49/><E105/><V50/><REACH who="2" step="1"/><F115/><REACH who="2" ten="318,246,274,142" step="2"/><W60/><G68/><T91/><D91/><U128/><E128/><V45/><AGARI ba="1,2" hai="26,31,33,45,50,52,62,65,69,82,86,90,120,123" machi="45" ten="20,12000,2" yaku="1,1,2,1,0,1,7,1,52,1,54,1,53,0" doraHai="84" doraHaiUra="113" who="2" fromWho="2" sc="318,-31,246,-61,274,143,142,-31" /><INIT seed="6,0,0,3,4,113" ten="287,185,417,111" oya="2" hai0="32,92,20,110,43,68,120,53,50,78,97,6,134" hai1="106,125,46,104,8,56,111,60,55,98,128,74,69" hai2="82,65,24,102,34,73,96,31,86,19,109,38,5" hai3="100,25,33,105,107,54,72,84,63,91,93,13,23"/><V129/><F73/><W0/><G0/><T115/><D110/><U99/><E111/><V1/><F38/><W57/><G72/><T27/><D120/><U18/><E74/><V26/><F109/><W75/><G75/><T4/><D134/><U49/><E69/><V37/><F37/><W133/><G133/><T2/><D115/><U108/><E108/><V3/><F5/><W81/><G33/><T11/><D68/><U112/><E112/><V52/><F65/><W119/><G13/><T7/><D32/><U59/><E125/><V22/><F52/><W90/><G100/><T80/><D43/><U47/><E128/><V40/><F40/><W30/><REACH who="3" step="1"/><G119/><REACH who="3" ten="287,185,417,101" step="2"/><T83/><D2/><U116/><E116/><V131/><F131/><W10/><G10/><T35/><D11/><U130/><E130/><V44/><F1/><W135/><G135/><T39/><D35/><U66/><E106/><V29/><F3/><W70/><G70/><T71/><D71/><U89/><E104/><V127/><F34/><W28/><G28/><T87/><D39/><U103/><E103/><V16/><F31/><W67/><G67/><T21/><D27/><U58/><E8/><V51/><F26/><W12/><G12/><T118/><D118/><U15/><E15/><V94/><F129/><W14/><G14/><T61/><D4/><U123/><E66/><V45/><F29/><W101/><G101/><N who="0" m="60583" /><D6/><U114/><E114/><V132/><F24/><W117/><G117/><T88/><D7/><U42/><E18/><V64/><F132/><W126/><G126/><T76/><D20/><RYUUKYOKU ba="0,1" sc="287,-10,185,-10,417,-10,101,30" hai3="23,25,30,54,57,63,81,84,90,91,93,105,107" /><INIT seed="7,1,1,3,0,39" ten="277,175,407,131" oya="3" hai0="27,88,48,35,24,19,38,132,103,13,86,15,122" hai1="77,55,65,135,98,107,36,106,40,6,128,3,124" hai2="25,87,97,26,90,7,0,31,12,47,85,60,54" hai3="16,58,116,2,93,100,108,46,119,70,123,115,105"/><W75/><G123/><T11/><D122/><U41/><E55/><V14/><F0/><W22/><G70/><T51/><D132/><U59/><E77/><V10/><F14/><W82/><G105/><T18/><D38/><U113/><E36/><V50/><F60/><W45/><G2/><T44/><D103/><U83/><E83/><V74/><F74/><W94/><G115/><T29/><D27/><N who="2" m="10250" /><F31/><W28/><G28/><T5/><D15/><U37/><E59/><V1/><F1/><W109/><G58/><T117/><D117/><N who="3" m="45129" /><G82/><T56/><D56/><U49/><E98/><V61/><F61/><W95/><G100/><T20/><D35/><U33/><E33/><V73/><F73/><W96/><G96/><T17/><D51/><U129/><E49/><V67/><F67/><W69/><G69/><T68/><D68/><U71/><E71/><V104/><F104/><W84/><G84/><T42/><D29/><U66/><E113/><V57/><F57/><W118/><N who="3" m="45137" /><W133/><DORA hai="120" /><G133/><T62/><D62/><U127/><E37/><V79/><F79/><W110/><G75/><T23/><REACH who="0" step="1"/><D20/><REACH who="0" ten="267,175,407,131" step="2"/><U43/><E135/><V72/><F12/><AGARI ba="1,2" hai="12,16,22,45,46,93,94,95,108,109,110" m="45137" machi="12" ten="50,12000,1" yaku="10,1,52,3,54,1" doraHai="39,120" who="3" fromWho="2" sc="267,0,175,0,407,-123,131,143" /><INIT seed="7,2,0,0,1,32" ten="267,175,284,274" oya="3" hai0="17,103,107,2,41,22,28,83,54,79,121,40,19" hai1="23,16,120,65,21,130,133,68,80,8,117,92,82" hai2="106,42,9,104,78,45,47,87,58,69,0,36,134" hai3="25,110,70,118,57,13,63,60,99,105,53,74,115"/><W64/><G118/><T85/><D121/><U26/><E130/><V52/><F69/><W33/><G74/><T39/><D39/><U73/><E133/><V97/><F134/><W89/><G115/><T127/><D127/><U109/><E109/><V123/><F123/><W37/><G37/><T50/><D107/><U76/><E120/><V131/><F47/><W86/><G13/><T128/><D103/><U12/><E117/><V95/><F131/><W48/><G110/><T96/><D96/><U77/><E68/><V119/><F119/><W38/><G38/><T34/><D34/><U91/><E65/><V71/><F71/><W29/><G63/><T93/><D93/><U3/><E3/><V124/><F0/><W72/><G72/><T122/><D122/><U43/><E43/><N who="0" m="16457" /><D2/><U10/><E92/><V132/><F9/><W125/><G125/><T101/><D101/><U88/><E23/><V14/><F14/><W98/><REACH who="3" step="1"/><G105/><REACH who="3" ten="267,175,284,264" step="2"/><T112/><D112/><U90/><REACH who="1" step="1"/><E12/><REACH who="1" ten="267,165,284,264" step="2"/><V81/><F132/><W31/><G31/><T102/><D128/><U111/><E111/><V15/><F15/><W4/><G4/><T35/><D28/><U18/><E18/><V56/><F124/><W6/><G6/><T27/><D17/><U126/><E126/><V114/><F114/><W62/><G62/><T11/><D19/><U61/><E61/><V7/><F7/><W59/><G59/><T75/><D35/><U129/><E129/><V66/><F58/><W67/><G67/><T24/><D11/><U49/><E49/><N who="2" m="30735" /><F66/><W55/><G55/><T94/><D54/><RYUUKYOKU ba="2,2" sc="267,-30,165,10,284,10,264,10" hai1="8,10,16,21,26,73,76,77,80,82,88,90,91" hai2="36,42,45,78,81,87,95,97,104,106" hai3="25,29,33,48,53,57,60,64,70,86,89,98,99" /><INIT seed="7,3,2,4,0,69" ten="237,175,294,274" oya="3" hai0="121,65,44,26,115,30,62,113,37,48,94,50,120" hai1="102,14,90,105,100,111,56,87,35,109,23,61,112" hai2="51,43,6,10,107,7,57,78,108,99,40,127,101" hai3="77,82,28,64,116,103,13,36,33,71,17,24,79"/><W54/><G36/><T9/><D9/><U11/><E35/><V92/><F108/><W124/><G116/><T74/><D74/><U49/><E112/><N who="0" m="43081" /><D94/><U130/><E130/><V46/><F127/><W86/><G103/><T27/><D27/><U104/><E104/><V97/><F78/><W88/><G124/><T58/><D26/><U126/><E126/><V29/><F29/><W3/><G3/><T133/><D30/><U135/><E135/><V25/><F25/><W123/><G123/><N who="0" m="47179" /><D133/><U68/><E49/><V12/><F57/><W34/><G34/><T106/><D106/><U41/><E41/><AGARI ba="3,2" hai="37,41,44,48,50,58,62,65" m="47179,43081" machi="41" ten="30,8000,1" yaku="15,1,11,1,34,2,52,1" doraHai="69" who="0" fromWho="1" sc="237,109,175,-89,294,0,274,0" owari="346,44.6,86,-41.4,294,9.4,274,-12.6" /></mjloggm>