<mjloggm ver="2.3"><GO type="169" lobby="0"/><UN n0="%31%35%2E%31%35%63%6D" n1="%E3%81%91%E3%83%BC%E3%81%9E%E3%81%88" n2="%48%45%52%4F%2D%50%4F%4E" n3="%E3%81%97%E3%82%83%E3%82%8B%E3%81%BC%E3%82%93" dan="18,17,16,16" rate="2305.28,2140.19,2106.28,2134.45" sx="M,F,M,M"/><TAIKYOKU oya="0"/><INIT seed="0,0,0,1,1,110" ten="250,250,250,250" oya="0" hai0="121,31,30,70,36,12,73,61,98,2,130,43,28" hai1="7,52,127,21,19,49,85,116,44,112,119,63,33" hai2="40,1,126,9,122,45,74,117,115,35,81,105,111" hai3="86,64,91,56,26,20,47,55,11,78,13,39,90"/><T82/><D121/><U132/><E33/><V48/><F122/><W106/><G106/><T95/><D130/><U17/><E132/><V131/><F111/><W128/><G128/><T42/><D2/><U27/><E127/><V14/><F131/><W57/><G64/><T62/><D36/><U53/><E7/><V109/><F109/><W99/><G78/><T108/><D108/><U23/><E112/><V6/><F126/><W94/><G39/><T51/><D70/><U58/><REACH who="1" step="1"/><E85/><REACH who="1" ten="250,240,250,250" step="2"/><V50/><F115/><W97/><G86/><T18/><D73/><U32/><E32/><V100/><F35/><W120/><G120/><T87/><D87/><U124/><E124/><V60/><F74/><W8/><G47/><N who="0" m="26103" /><D82/><U67/><E67/><V68/><F81/><W118/><G118/><T71/><D71/><U113/><E113/><V107/><F68/><W76/><G57/><T37/><D37/><U16/><E16/><V46/><F117/><W114/><G114/><T123/><D123/><U125/><E125/><V65/><F46/><W41/><G56/><T83/><D83/><U129/><E129/><V93/><F45/><W66/><G66/><T29/><D29/><U135/><E135/><V3/><F65/><W72/><G72/><T92/><D31/><U10/><E10/><V89/><F9/><W54/><G11/><T104/><D30/><U25/><AGARI ba="0,1" hai="17,19,21,23,25,27,44,49,52,53,58,63,116,119" machi="25" ten="20,8000,1" yaku="1,1,0,1,7,1,9,1,54,1,53,0" doraHai="110" doraHaiUra="96" who="1" fromWho="1" sc="250,-40,240,90,250,-20,250,-20" /><INIT seed="1,0,0,2,5,80" ten="210,330,230,230" oya="1" hai0="61,12,87,118,33,75,58,85,48,84,22,78,99" hai1="124,37,130,104,54,25,51,91,2,9,1,93,44" hai2="5,92,90,7,53,66,117,108,38,6,126,41,106" hai3="70,120,127,50,114,116,81,83,135,110,57,16,111"/><U72/><E104/><V134/><F117/><W115/><G70/><T71/><D33/><U113/><E113/><V109/><F106/><W67/><G67/><T31/><D118/><U68/><E68/><V82/><F66/><W28/><G28/><T76/><D71/><U0/><E124/><V112/><F126/><W24/><G116/><T27/><D75/><U125/><E125/><V59/><F112/><W26/><G127/><T18/><D99/><U133/><E130/><V43/><F82/><W34/><G34/><T88/><D48/><U39/><E133/><V36/><F134/><W46/><G57/><T97/><D97/><U30/><E72/><V20/><F20/><W23/><G135/><T47/><D88/><U8/><E39/><V45/><F41/><W69/><G69/><T3/><D47/><U52/><E54/><V21/><F21/><W17/><G46/><T101/><D101/><U122/><E37/><V60/><REACH who="2" step="1"/><F36/><REACH who="2" ten="210,330,220,230" step="2"/><W105/><G23/><N who="0" m="11719" /><D3/><U95/><E95/><V77/><F77/><W89/><G105/><T29/><D31/><U96/><REACH who="1" step="1"/><E122/><REACH who="1" ten="210,320,220,230" step="2"/><V131/><F131/><W11/><G120/><T35/><D35/><AGARI ba="0,2" hai="0,1,2,8,9,25,30,35,44,51,52,91,93,96" machi="35" ten="40,7700,0" yaku="1,1,2,1,54,1,53,0" doraHai="80" doraHaiUra="79" who="1" fromWho="0" sc="210,-77,320,97,220,0,230,0" /><INIT seed="1,1,0,2,0,118" ten="133,417,220,230" oya="1" hai0="122,92,1,29,43,128,105,80,3,96,40,115,82" hai1="47,18,19,78,28,91,64,20,71,69,107,36,93" hai2="49,63,26,127,24,73,98,114,61,51,27,102,72" hai3="45,135,22,53,94,42,106,8,132,0,25,89,39"/><U133/><E107/><V126/><F98/><W104/><G53/><T120/><D115/><U79/><E133/><N who="3" m="51274" /><G8/><T50/><D105/><U15/><E28/><V85/><F85/><N who="3" m="52527" /><G0/><N who="0" m="75" /><D29/><AGARI ba="1,0" hai="22,25,29,39,42,45,104,106" m="52527,51274" machi="29" ten="30,1000,0" yaku="20,1" doraHai="118" who="3" fromWho="0" sc="133,-13,417,0,220,0,230,13" /><INIT seed="2,0,0,2,3,15" ten="120,417,220,243" oya="2" hai0="96,6,3,120,128,19,22,108,100,118,62,132,40" hai1="39,94,9,103,1,43,35,74,41,29,67,20,115" hai2="98,130,77,51,54,45,127,38,49,117,36,48,126" hai3="133,124,134,16,63,82,26,34,10,7,72,59,46"/><V66/><F98/><W76/><G124/><N who="2" m="47657" /><F77/><W61/><G34/><T116/><D108/><U101/><E35/><V91/><F91/><W122/><G122/><T69/><D120/><U79/><E115/><V21/><F117/><N who="0" m="45162" /><D40/><U11/><E39/><N who="2" m="14891" /><F21/><N who="3" m="13607" /><G46/><T113/><D113/><U129/><E1/><V131/><F66/><W65/><G63/><T32/><D32/><U123/><E67/><V25/><F25/><W90/><G90/><T42/><D62/><U97/><E79/><V13/><F13/><W109/><G109/><T8/><D42/><U2/><E97/><V64/><F64/><W80/><G76/><T60/><D60/><U31/><E43/><V106/><F106/><W70/><G72/><T58/><D96/><U24/><E41/><V99/><F99/><W92/><G92/><T33/><D33/><U68/><E94/><V93/><F93/><W135/><G70/><T5/><D69/><U78/><E68/><V28/><F28/><W0/><AGARI ba="0,0" hai="0,7,10,59,61,65,80,82,133,134,135" m="13607" machi="0" ten="30,4000,0" yaku="20,1,52,1,54,1" doraHai="15" who="3" fromWho="3" sc="120,-10,417,-10,220,-20,243,40" /><INIT seed="3,0,0,0,2,114" ten="110,407,200,283" oya="3" hai0="81,127,130,126,59,54,78,62,124,6,99,56,26" hai1="91,118,8,51,105,104,134,135,40,53,58,74,95" hai2="36,112,116,46,27,122,20,129,3,119,98,44,63" hai3="47,10,67,21,133,11,128,57,94,61,35,49,37"/><W25/><G128/><T107/><D130/><U33/><E74/><V13/><F112/><W0/><G133/><N who="1" m="50698" /><E33/><V17/><F3/><W117/><G35/><T52/><D6/><U69/><E69/><V103/><F129/><W28/><G37/><T4/><D4/><U82/><E82/><V22/><F63/><W7/><G11/><T115/><D115/><U70/><E70/><V84/><F84/><W108/><G108/><T76/><D26/><U113/><E113/><V65/><F65/><W15/><G94/><T131/><D131/><U45/><E8/><V111/><F122/><W64/><G0/><T34/><D34/><U73/><E73/><V19/><F111/><W77/><G77/><T55/><D81/><U16/><E16/><V96/><F96/><W121/><G121/><T123/><D123/><U38/><E118/><V110/><F110/><W79/><G79/><N who="0" m="30251" /><D62/><U90/><E90/><V48/><F36/><W2/><G117/><T85/><D85/><AGARI ba="0,0" hai="38,40,45,51,53,58,85,91,95,104,105" m="50698" machi="85" ten="30,1000,0" yaku="20,1" doraHai="114" who="1" fromWho="0" sc="110,-10,407,10,200,0,283,0" /><INIT seed="4,0,0,0,0,74" ten="100,417,200,283" oya="0" hai0="11,6,122,75,110,14,44,91,61,86,100,62,79" hai1="20,109,58,130,4,90,126,73,57,89,67,117,87" hai2="51,94,22,48,68,77,1,24,97,71,19,85,5" hai3="18,31,76,32,101,54,106,120,59,43,70,108,119"/><T7/><D122/><U114/><E73/><V98/><F1/><W63/><G119/><T104/><D110/><U55/><E109/><V33/><F5/><W107/><G108/><T103/><D7/><U124/><E117/><V2/><F2/><W82/><G120/><T28/><D28/><U3/><E130/><V9/><F33/><W83/><G83/><T93/><D44/><U131/><E131/><V133/><F9/><W134/><G134/><T23/><D23/><U53/><E114/><V88/><F133/><W27/><G43/><T118/><D118/><U38/><E38/><V116/><F116/><W121/><G121/><T25/><D25/><U80/><E67/><V111/><F111/><W123/><G123/><T52/><D104/><U132/><E132/><V35/><F35/><W112/><G112/><T17/><D6/><U45/><E45/><V10/><F10/><W113/><G113/><T69/><D62/><U46/><E46/><V49/><REACH who="2" step="1"/><F98/><REACH who="2" ten="100,417,190,283" step="2"/><W16/><G70/><T36/><D69/><U84/><E3/><V81/><AGARI ba="0,1" hai="19,22,24,48,49,51,68,71,77,81,85,88,94,97" machi="81" ten="30,12000,2" yaku="1,1,2,1,0,1,52,1,54,1,53,2" doraHai="74" doraHaiUra="65" who="2" fromWho="2" sc="100,-60,417,-30,190,130,283,-30" /><INIT seed="5,0,0,0,3,64" ten="40,387,320,253" oya="1" hai0="132,30,79,12,14,123,50,80,65,109,134,119,61" hai1="67,25,26,111,35,106,7,128,21,4,36,121,56" hai2="41,0,68,110,45,55,28,18,127,51,73,86,88" hai3="85,114,33,126,78,74,29,42,10,66,129,96,13"/><U90/><E121/><V124/><F110/><W31/><G74/><T9/><D109/><U23/><E106/><V32/><F73/><W57/><G33/><T107/><D119/><U16/><E35/><V105/><F105/><W133/><G129/><T130/><D107/><U84/><E36/><V48/><F0/><W46/><G126/><N who="2" m="48169" /><F18/><W94/><G114/><T125/><D125/><U20/><E128/><V15/><F15/><W120/><G120/><T69/><D130/><U72/><E72/><V115/><F115/><W24/><G133/><T38/><D38/><U98/><E98/><V102/><F102/><W58/><G66/><T52/><D30/><N who="1" m="17703" /><E23/><V87/><F87/><W27/><G31/><T100/><D100/><U71/><E71/><V8/><F8/><W19/><G85/><N who="0" m="48287" /><D9/><U37/><E37/><V92/><F68/><W131/><G78/><T43/><D43/><U76/><E76/><V83/><F32/><W5/><G131/><T2/><D2/><U6/><E111/><V39/><F28/><W62/><G29/><T17/><D17/><U70/><E70/><V60/><F39/><W99/><G19/><T59/><D123/><U44/><E16/><V47/><F60/><W63/><G27/><T116/><D116/><U104/><E26/><V53/><F41/><W82/><G24/><T101/><D101/><U54/><E104/><V75/><F75/><W135/><G42/><T1/><D1/><U117/><E117/><V91/><F91/><W77/><G77/><T103/><D103/><U93/><E90/><V34/><F34/><W49/><G10/><RYUUKYOKU ba="0,0" sc="40,15,387,-15,320,15,253,-15" hai0="12,14,50,52,59,61,65,69,132,134" hai2="45,47,48,51,53,55,83,86,88,92" /><INIT seed="6,1,0,2,4,109" ten="55,372,335,238" oya="2" hai0="132,24,15,3,60,71,61,106,108,39,91,43,34" hai1="48,95,101,65,124,93,8,89,107,38,130,56,1" hai2="111,82,53,127,41,129,88,78,42,32,69,98,13" hai3="37,121,117,80,50,31,119,94,46,29,75,83,85"/><V68/><F32/><W112/><G121/><T19/><D91/><U126/><E38/><V79/><F111/><W45/><G37/><T10/><D108/><U40/><E107/><V7/><F129/><W67/><G67/><T33/><D132/><U63/><E130/><V72/><F127/><W27/><G75/><T104/><D39/><U131/><E101/><V62/><F79/><W18/><G94/><T81/><D81/><U103/><E103/><V84/><F98/><W2/><G18/><T73/><D73/><U36/><E95/><V135/><F135/><W122/><G27/><T0/><D24/><U58/><E36/><V100/><F100/><W23/><G23/><T44/><D44/><U87/><E131/><V14/><F53/><W92/><G92/><T113/><D19/><U66/><E40/><V128/><F128/><W51/><G85/><T49/><D49/><U102/><E102/><V114/><F62/><W77/><G2/><T57/><D15/><U28/><E28/><V120/><F120/><W30/><G30/><T99/><D57/><U134/><E134/><V4/><F84/><W118/><G118/><T54/><D54/><U35/><E35/><V74/><F82/><W123/><REACH who="3" step="1"/><G77/><REACH who="3" ten="55,372,335,228" step="2"/><T96/><D10/><U21/><E8/><V55/><F78/><W25/><G25/><T116/><D116/><U125/><E125/><V90/><F55/><W17/><G17/><T5/><D5/><U76/><E126/><V70/><F70/><W16/><G16/><T86/><D71/><N who="1" m="42431" /><E124/><V26/><F26/><W9/><G9/><T47/><D3/><RYUUKYOKU ba="1,1" sc="55,-15,372,-15,335,15,228,15" hai2="4,7,13,14,41,42,68,69,72,74,88,90,114" hai3="29,31,45,46,50,51,80,83,112,117,119,122,123" /><INIT seed="6,2,1,4,3,35" ten="40,357,350,243" oya="2" hai0="133,80,63,120,67,33,128,104,111,73,25,51,14" hai1="96,76,39,30,108,69,83,16,47,60,130,15,93" hai2="90,40,107,56,46,17,123,55,131,95,42,74,99" hai3="114,34,49,6,89,41,45,92,5,4,94,125,124"/><V118/><F118/><W102/><G34/><T22/><D51/><U77/><E108/><V57/><F123/><W21/><G114/><T7/><D111/><U129/><E30/><V44/><F131/><N who="1" m="50185" /><E69/><V68/><F68/><W0/><G102/><T121/><D128/><U53/><E83/><V65/><F74/><W88/><G21/><T38/><D133/><U135/><E60/><N who="2" m="38023" /><F107/><W48/><G0/><T18/><D38/><U61/><E61/><N who="2" m="36031" /><F17/><W86/><REACH who="3" step="1"/><G49/><REACH who="3" ten="40,357,350,233" step="2"/><T98/><D120/><U52/><E39/><V58/><F58/><W37/><G37/><T110/><D121/><U132/><E132/><V116/><F116/><W72/><G72/><T109/><D73/><U29/><E135/><V11/><F11/><W28/><G28/><T119/><D119/><U2/><E29/><V91/><F91/><W82/><G82/><T126/><D80/><U85/><E2/><V32/><F32/><W23/><G23/><T71/><D126/><U62/><E62/><V12/><F12/><W122/><G122/><T50/><D50/><U20/><E15/><V27/><F27/><W43/><G43/><AGARI ba="2,2" hai="40,42,43,44,46,90,95,99" m="36031,38023" machi="43" ten="30,1500,0" yaku="8,1" doraHai="35" who="2" fromWho="3" sc="40,0,357,0,350,41,233,-21" /><INIT seed="6,3,0,4,1,69" ten="40,357,391,212" oya="2" hai0="59,112,98,127,97,15,55,87,80,27,24,109,77" hai1="13,44,45,57,115,104,41,129,135,14,10,48,92" hai2="36,111,23,31,62,73,25,60,120,30,56,71,12" hai3="6,94,79,58,51,96,128,107,19,52,39,131,74"/><V54/><F120/><W90/><G6/><T5/><D112/><U18/><E104/><V42/><F73/><W114/><G114/><T88/><D127/><U82/><E115/><V3/><F3/><W65/><G65/><T133/><D133/><U126/><E135/><V4/><F111/><W47/><G19/><T100/><D109/><U84/><E129/><N who="3" m="49738" /><G107/><T37/><D37/><U110/><E110/><V81/><F4/><W26/><G26/><T20/><D77/><U64/><E126/><V46/><F12/><W108/><G108/><T8/><D100/><U95/><E14/><V53/><F71/><W29/><G29/><T85/><D85/><U118/><E118/><V78/><F31/><W32/><G32/><T106/><D106/><U68/><E68/><V7/><F7/><W9/><G9/><T28/><REACH who="0" step="1"/><D27/><REACH who="0" ten="30,357,391,212" step="2"/><U2/><E84/><V123/><F25/><W49/><G79/><T116/><D116/><U93/><E2/><V91/><F78/><W122/><G122/><T34/><D34/><U16/><E95/><V70/><F123/><W21/><G74/><T102/><D102/><U86/><E93/><V40/><F36/><W105/><G39/><T72/><D72/><U113/><E92/><V134/><F134/><W121/><G121/><T17/><D17/><U119/><E18/><V130/><F130/><W61/><G105/><T43/><D43/><U99/><E16/><V125/><F42/><N who="3" m="24823" /><G21/><T83/><D83/><U63/><E82/><V67/><F125/><W38/><G38/><T76/><D76/><U101/><E113/><V1/><F81/><RYUUKYOKU ba="3,1" sc="30,15,357,-15,391,-15,212,15" hai0="5,8,15,20,24,28,55,59,80,87,88,97,98" hai3="51,52,58,61,90,94,96" /><INIT seed="7,4,1,4,2,32" ten="45,342,376,227" oya="3" hai0="126,24,125,62,74,98,71,12,58,78,49,134,31" hai1="56,86,128,133,53,13,42,127,124,112,44,8,47" hai2="70,26,103,55,130,115,118,117,34,37,84,96,66" hai3="14,67,45,105,121,43,120,64,19,129,25,0,102"/><W95/><G129/><T80/><D12/><U28/><E128/><V76/><F55/><W101/><G105/><T110/><D49/><U132/><E28/><N who="2" m="19735" /><F130/><W88/><G25/><T83/><D134/><N who="1" m="51819" /><E86/><V30/><F30/><W63/><G0/><T114/><D83/><U109/><E109/><V91/><F76/><W94/><G94/><T93/><D110/><U119/><E119/><V10/><F10/><W1/><G1/><T57/><D57/><U38/><E13/><V107/><F37/><W17/><G102/><T69/><D114/><U46/><E8/><V92/><F115/><W113/><G101/><T131/><D131/><U68/><E68/><V11/><F11/><W52/><G113/><T116/><D116/><U85/><E85/><V16/><F16/><N who="3" m="6219" /><G121/><T123/><D123/><U41/><E112/><V2/><F2/><W90/><G120/><T75/><D75/><U39/><E44/><V27/><F27/><W100/><G100/><T3/><D3/><U99/><E99/><V15/><F15/><W79/><G79/><T108/><D108/><U81/><E81/><V50/><F50/><AGARI ba="4,1" hai="38,39,41,42,46,47,50,53,56,124,127" m="51819" machi="50" ten="30,3900,0" yaku="20,1,34,2" doraHai="32" who="1" fromWho="2" sc="45,0,342,61,376,-51,227,0" owari="45,-45.5,403,50.3,325,12.5,227,-17.3" /></mjloggm>