<mjloggm ver="2.3"><GO type="169" lobby="0"/><UN n0="%E3%81%93%E3%81%9A" n1="%E3%81%B3%E3%82%8D%E3%81%B4%E3%82%8D" n2="%E3%82%B7%E3%83%B3%E3%83%97%E3%83%AB%E3%81%AA%E3%83%AF%E3%82%AD%E3%82%AC" n3="%E3%81%9F%E3%81%BE%E5%AD%90" dan="16,16,17,17" rate="2042.80,2176.53,2182.21,2224.18" sx="M,M,M,M"/><TAIKYOKU oya="0"/><INIT seed="0,0,0,5,3,43" ten="250,250,250,250" oya="0" hai0="14,39,59,100,83,88,104,57,129,25,124,108,62" hai1="116,97,113,7,23,5,6,22,103,123,132,1,95" hai2="84,10,122,74,34,118,70,125,3,40,52,26,47" hai3="81,69,11,114,18,36,121,67,28,51,131,89,94"/><T48/><D39/><U60/><E116/><V93/><F122/><W80/><G114/><T50/><D124/><U35/><E123/><V30/><F74/><W56/><G36/><T85/><D129/><U110/><E110/><V72/><F72/><W99/><G121/><T13/><D108/><U96/><E113/><V61/><F125/><W42/><G131/><T115/><D115/><U68/><E1/><V73/><F73/><W105/><G69/><T41/><D104/><U45/><E132/><V54/><F118/><W109/><G105/><T2/><D2/><U128/><E35/><V58/><F70/><W107/><G107/><T86/><D100/><U130/><E130/><V133/><F133/><W98/><G98/><T101/><D101/><U49/><E97/><V71/><F71/><W66/><G28/><T37/><D25/><U0/><E0/><V27/><F27/><W78/><G81/><T17/><D37/><U82/><E128/><V91/><F54/><N who="3" m="31839" /><G42/><T134/><D134/><U9/><E9/><V87/><F84/><N who="3" m="48151" /><G109/><T79/><D41/><U21/><E82/><V20/><F34/><W8/><G8/><N who="0" m="6311" /><D14/><AGARI ba="0,0" hai="11,14,18,66,67,89,94,99" m="48151,31839" machi="14" ten="30,1000,0" yaku="8,1" doraHai="43" who="3" fromWho="0" sc="250,-10,250,0,250,0,250,10" /><INIT seed="1,0,0,3,5,121" ten="240,250,250,260" oya="1" hai0="5,33,62,119,51,73,71,35,48,127,107,85,76" hai1="2,37,114,1,19,0,38,24,122,60,116,98,53" hai2="67,52,115,58,108,131,96,83,88,50,26,13,30" hai3="117,6,99,135,89,14,118,84,28,31,20,128,95"/><U103/><E114/><V43/><F115/><W42/><G128/><T45/><D73/><U64/><E116/><N who="3" m="44650" /><G135/><T4/><D107/><U130/><E122/><V15/><F131/><W47/><G99/><T72/><D72/><U22/><E53/><V106/><F108/><W87/><G87/><T93/><D127/><U109/><E130/><V49/><F67/><W90/><G90/><T36/><D36/><U97/><E109/><V81/><F106/><W12/><G6/><T55/><D119/><U69/><REACH who="1" step="1"/><E97/><REACH who="1" ten="240,240,250,260" step="2"/><V32/><F96/><W7/><G7/><T10/><D55/><U54/><E54/><V59/><F59/><W101/><G101/><T113/><D113/><U68/><E68/><V125/><F125/><W105/><G105/><AGARI ba="0,1" hai="0,1,2,19,22,24,37,38,60,64,69,98,103,105" machi="105" ten="40,2000,0" yaku="1,1,53,0" doraHai="121" doraHaiUra="86" who="1" fromWho="3" sc="240,0,240,30,250,0,260,-20" /><INIT seed="1,1,0,4,4,17" ten="240,270,250,240" oya="1" hai0="71,22,74,111,85,53,51,95,119,41,135,72,25" hai1="132,47,66,115,126,101,122,56,40,121,118,109,114" hai2="117,20,64,30,59,69,57,55,50,21,61,19,37" hai3="134,84,18,12,13,9,16,103,27,43,77,78,87"/><U10/><E101/><V91/><F117/><W131/><G131/><T98/><D119/><U104/><E104/><V86/><F37/><W28/><G134/><T14/><D111/><U94/><E94/><V76/><F76/><W46/><G103/><T2/><D2/><U52/><E10/><V108/><F108/><W42/><G78/><T8/><D71/><U82/><E82/><V1/><F1/><W83/><G87/><T6/><D41/><U80/><E80/><V32/><F19/><W106/><G106/><T62/><D85/><U112/><E118/><V70/><F32/><W29/><G27/><T129/><D129/><U38/><E109/><V96/><F96/><W44/><G44/><T99/><D99/><U7/><E7/><V130/><F130/><W100/><G100/><T92/><D92/><U124/><E66/><V81/><REACH who="2" step="1"/><F30/><REACH who="2" ten="240,270,240,240" step="2"/><W33/><G33/><T105/><D135/><U49/><E132/><V68/><AGARI ba="1,1" hai="20,21,50,55,57,59,61,64,68,69,70,81,86,91" machi="68" ten="30,8000,1" yaku="1,1,2,1,0,1,52,2,53,0" doraHai="17" doraHaiUra="120" who="2" fromWho="2" sc="240,-21,270,-41,240,93,240,-21" /><INIT seed="2,0,0,4,5,14" ten="219,229,333,219" oya="2" hai0="4,3,82,134,28,45,50,6,26,18,115,60,91" hai1="7,120,114,128,29,15,127,77,53,97,131,11,58" hai2="107,88,49,21,98,30,32,31,10,119,12,47,8" hai3="74,71,2,42,72,126,99,63,78,85,130,17,59"/><V1/><F119/><W23/><G2/><T94/><D115/><U75/><E114/><V69/><F69/><W76/><G71/><T96/><D134/><U62/><E127/><V133/><F32/><W125/><G130/><N who="1" m="49706" /><E120/><V108/><F133/><W40/><G99/><T105/><D105/><U64/><E97/><V39/><F39/><W16/><G23/><N who="0" m="13687" /><D3/><U37/><E37/><V79/><F79/><W70/><G70/><T55/><D28/><U61/><E29/><N who="2" m="10763" /><F107/><W66/><G85/><N who="0" m="50615" /><D60/><N who="1" m="35919" /><E64/><V93/><F1/><W38/><G38/><T57/><D57/><U116/><E116/><V27/><F27/><W121/><G59/><T103/><AGARI ba="0,0" hai="4,6,45,50,55,94,96,103" m="50615,13687" machi="103" ten="30,2000,0" yaku="8,1,52,1" doraHai="14" who="0" fromWho="0" sc="219,20,229,-5,333,-10,219,-5" /><INIT seed="3,0,0,1,2,43" ten="239,224,323,214" oya="3" hai0="122,27,20,117,29,57,104,80,127,102,123,55,128" hai1="26,8,18,81,114,94,15,75,107,33,21,133,74" hai2="101,6,92,124,103,11,61,2,12,86,35,1,134" hai3="59,118,131,126,54,66,69,13,28,76,72,41,39"/><W62/><G118/><T91/><D117/><U121/><E121/><V95/><F35/><W14/><G131/><T47/><D128/><U83/><E114/><V9/><F134/><W105/><G105/><T111/><D111/><U42/><E107/><V97/><F124/><W67/><G126/><T88/><D127/><U98/><E33/><V46/><F61/><W52/><G28/><T100/><D104/><U17/><E133/><V4/><F12/><W40/><G54/><T64/><D122/><U73/><REACH who="1" step="1"/><E42/><REACH who="1" ten="239,214,323,214" step="2"/><V78/><F78/><W99/><G41/><T22/><D123/><U32/><E32/><V125/><F125/><W129/><G129/><T106/><D106/><U108/><E108/><V119/><F119/><W25/><G76/><T31/><D100/><AGARI ba="0,1" hai="8,15,17,18,21,26,73,74,75,81,83,94,98,100" machi="100" ten="40,1300,0" yaku="1,1,53,0" doraHai="43" doraHaiUra="30" who="1" fromWho="0" sc="239,-13,214,23,323,0,214,0" /><INIT seed="4,0,0,5,4,100" ten="226,237,323,214" oya="0" hai0="41,28,134,109,125,76,20,79,90,105,68,18,81" hai1="115,45,113,4,48,77,14,135,40,22,119,103,102" hai2="106,80,129,38,42,24,39,107,7,3,54,55,70" hai3="73,57,74,91,67,26,10,63,5,116,46,62,34"/><T65/><D125/><U25/><E119/><V1/><F7/><W50/><G116/><T31/><D134/><U60/><E135/><V128/><F24/><W82/><G91/><T85/><D109/><U71/><E77/><N who="0" m="29769" /><D105/><N who="2" m="39946" /><F80/><W16/><G82/><T36/><D36/><N who="2" m="13866" /><F42/><W61/><G61/><T12/><D68/><U92/><E92/><V43/><F43/><W64/><G34/><T110/><D65/><N who="1" m="41383" /><E14/><V33/><F33/><W87/><G87/><T124/><D110/><U49/><E49/><V112/><F70/><W98/><G98/><T44/><D124/><U117/><E4/><V9/><F9/><W30/><G30/><N who="0" m="11307" /><D41/><U21/><E117/><V132/><F132/><W58/><G26/><T130/><D130/><N who="2" m="50282" /><F112/><N who="1" m="43081" /><E22/><V23/><F23/><W83/><G83/><T75/><D75/><U53/><E40/><V133/><F133/><W19/><G74/><T122/><D122/><U56/><E21/><V66/><F66/><W120/><G73/><T96/><D96/><U131/><E25/><V114/><F114/><W15/><G120/><T104/><D104/><U86/><E131/><V88/><F88/><W97/><G97/><T17/><D17/><U99/><E99/><V0/><AGARI ba="0,0" hai="0,1,3,54,55" m="50282,13866,39946" machi="0" ten="50,12000,2" yaku="28,2,19,1,52,3" doraHai="100" who="2" fromWho="2" sc="226,-60,237,-30,323,120,214,-30" /><INIT seed="5,0,0,5,4,55" ten="166,207,443,184" oya="1" hai0="78,91,77,134,46,35,121,128,0,123,9,116,8" hai1="92,135,10,75,42,76,103,41,80,102,94,19,61" hai2="11,96,117,16,97,59,127,4,25,111,124,126,62" hai3="99,106,101,29,74,51,112,36,48,40,85,53,73"/><U66/><E135/><V100/><F111/><W37/><G112/><T49/><D116/><U93/><E10/><V68/><F68/><W20/><G48/><T45/><D128/><U115/><E19/><V33/><F117/><W133/><G133/><T64/><D35/><U21/><E21/><N who="2" m="13479" /><F33/><W95/><G29/><T114/><D114/><U15/><E15/><N who="2" m="5607" /><F100/><W5/><G20/><T104/><D104/><U39/><E115/><V63/><F63/><W24/><G24/><T54/><D0/><U22/><E22/><V12/><F12/><W87/><G106/><T3/><D3/><U132/><E132/><V27/><F27/><W89/><G5/><T7/><D7/><U32/><E32/><V44/><F44/><W72/><G101/><T38/><D134/><U82/><E39/><V113/><F113/><W30/><G30/><T109/><D109/><U57/><E103/><V47/><F47/><W86/><REACH who="3" step="1"/><G40/><REACH who="3" ten="166,207,443,174" step="2"/><T119/><D119/><U2/><E102/><V125/><F125/><W56/><AGARI ba="0,1" hai="36,37,51,53,56,72,73,74,85,86,87,89,95,99" machi="56" ten="40,8000,1" yaku="1,1,2,1,0,1,52,1,53,0" doraHai="55" doraHaiUra="1" who="3" fromWho="3" sc="166,-20,207,-40,443,-20,174,90" /><INIT seed="6,0,0,5,3,80" ten="146,167,423,264" oya="2" hai0="12,134,91,6,116,45,84,50,75,29,89,128,34" hai1="30,8,126,48,103,31,11,58,132,1,40,59,105" hai2="20,92,41,54,22,98,35,88,60,90,21,96,19" hai3="114,36,101,43,57,69,13,53,122,71,70,5,123"/><V16/><F35/><W17/><G5/><T26/><D75/><U104/><E1/><V56/><F41/><W85/><G114/><T25/><D128/><U117/><E117/><V125/><F125/><W68/><G101/><T73/><D73/><U115/><E115/><V107/><F107/><W15/><G15/><T74/><D74/><U133/><E48/><V93/><AGARI ba="0,0" hai="16,19,20,21,22,54,56,60,88,90,92,93,96,98" machi="93" ten="30,12000,1" yaku="0,1,9,1,8,1,54,2" doraHai="80" who="2" fromWho="2" sc="146,-40,167,-40,423,120,264,-40" /><INIT seed="6,1,0,3,3,44" ten="106,127,543,224" oya="2" hai0="111,5,78,26,61,105,102,104,85,90,33,99,83" hai1="77,23,1,133,81,93,107,34,2,8,131,22,101" hai2="19,119,89,10,69,76,118,115,75,54,65,116,4" hai3="20,40,127,95,71,15,42,25,7,113,60,114,82"/><V103/><F103/><W21/><G127/><T94/><D111/><U63/><E107/><V3/><F115/><N who="3" m="44043" /><G82/><T109/><D109/><U130/><E34/><V120/><F76/><W92/><G71/><T70/><D5/><U27/><E63/><V73/><F75/><W96/><G60/><T62/><D70/><U12/><E93/><N who="3" m="35914" /><G96/><T86/><D104/><U121/><E121/><V57/><F73/><W135/><G135/><T79/><D79/><U11/><E101/><V59/><F69/><W56/><G56/><T52/><D33/><U48/><E133/><V126/><F57/><W98/><G98/><T51/><REACH who="0" step="1"/><D26/><REACH who="0" ten="96,127,543,224" step="2"/><U36/><E77/><V67/><F119/><W9/><G25/><T129/><D129/><U18/><E27/><V55/><F116/><W43/><AGARI ba="1,1" hai="7,9,15,20,21,40,42,43" m="35914,44043" machi="43" ten="40,2700,0" yaku="15,1,11,1" doraHai="44" who="3" fromWho="3" sc="96,-8,127,-8,543,-14,224,40" /><INIT seed="7,0,0,3,3,129" ten="88,119,529,264" oya="3" hai0="90,58,66,122,23,99,81,102,133,45,62,87,59" hai1="38,85,30,89,135,96,105,127,118,26,63,9,119" hai2="72,40,117,121,111,39,77,82,70,128,110,113,104" hai3="12,24,43,36,53,65,75,49,27,78,21,29,8"/><W18/><G65/><T3/><D122/><U42/><E135/><V76/><RYUUKYOKU type="yao9" ba="0,0" sc="88,0,119,0,529,0,264,0" hai2="39,40,70,72,76,77,82,104,110,111,113,117,121,128" /><INIT seed="7,1,0,5,4,12" ten="88,119,529,264" oya="3" hai0="74,14,89,62,96,68,40,23,3,123,26,91,101" hai1="29,58,100,110,109,64,55,43,8,120,13,24,70" hai2="73,84,30,81,86,15,128,11,16,36,50,45,48" hai3="95,10,105,132,78,116,99,126,1,41,129,130,67"/><W59/><G116/><T7/><D123/><U118/><E120/><V77/><F128/><N who="3" m="49259" /><G132/><T65/><D74/><U39/><E118/><V124/><F124/><W28/><G126/><T19/><D40/><U2/><E2/><V4/><F36/><W107/><G78/><T6/><D3/><U27/><E100/><V46/><F30/><W49/><G28/><T88/><REACH who="0" step="1"/><D26/><REACH who="0" ten="78,119,529,264" step="2"/><U54/><E27/><V119/><F119/><W57/><G41/><T0/><D0/><U87/><E43/><N who="2" m="24639" /><F73/><W60/><G1/><T53/><D53/><U82/><E54/><N who="2" m="30039" /><F86/><W75/><G75/><T42/><D42/><U104/><E109/><V76/><F76/><W69/><G10/><T17/><D17/><AGARI ba="1,1" hai="4,11,15,16,17,77,81,84" m="30039,24639" machi="17" ten="30,8000,1" yaku="25,1,8,1,52,2,54,1" doraHai="12" who="2" fromWho="0" sc="78,-83,119,0,529,93,264,0" owari="-5,-50.5,119,-28.1,622,72.2,264,6.4" /></mjloggm>