<mjloggm ver="2.3"><GO type="169" lobby="0"/><UN n0="%E3%83%8F%E3%82%BA%E3%83%AC" n1="%E4%B8%8A%E6%B5%B7%E3%83%8B%E3%83%83%E3%82%AF" n2="%E3%82%B9%E3%82%AB%E3%83%9D%E3%83%B3" n3="%E3%81%9F%E3%81%8B%E3%81%A3%E3%81%A6%E3%81%83%E3%83%BC" dan="17,17,17,18" rate="2195.48,2180.25,2155.70,2195.16" sx="M,M,M,F"/><TAIKYOKU oya="0"/><INIT seed="0,0,0,5,1,126" ten="250,250,250,250" oya="0" hai0="52,104,116,6,19,71,84,7,87,51,25,34,85" hai1="115,100,109,27,74,22,97,46,33,36,123,28,59" hai2="68,119,49,132,65,102,80,90,92,0,66,18,93" hai3="20,48,103,98,56,110,62,133,13,32,73,4,96"/><T129/><D116/><U5/><E123/><V26/><F0/><W108/><G32/><T112/><D112/><U101/><E115/><V78/><F68/><W39/><G39/><T2/><D104/><U75/><E109/><N who="3" m="42090" /><G73/><T9/><D71/><U61/><E5/><V107/><F132/><W35/><G35/><T122/><D122/><U14/><E101/><V50/><F107/><W11/><G133/><T83/><D7/><U77/><E77/><V124/><F102/><W44/><G20/><T57/><D129/><U89/><E89/><V21/><F93/><W29/><G29/><T86/><D34/><U113/><E113/><V23/><F23/><W53/><G103/><T47/><D47/><U58/><E58/><V95/><F95/><W3/><G3/><T37/><D37/><U16/><E46/><V130/><F130/><W64/><AGARI ba="0,0" hai="4,11,13,44,48,53,56,62,64,96,98" m="42090" machi="64" ten="30,1100,0" yaku="14,1" doraHai="126" who="3" fromWho="3" sc="250,-5,250,-3,250,-3,250,11" /><INIT seed="1,0,0,3,5,100" ten="245,247,247,261" oya="1" hai0="33,87,6,5,20,59,60,80,111,70,71,95,123" hai1="110,14,92,82,74,67,116,49,11,68,47,124,112" hai2="35,64,37,41,39,108,31,88,56,42,119,126,129" hai3="79,76,45,85,84,16,78,22,53,122,58,127,131"/><U28/><E112/><V66/><F35/><W117/><G122/><T103/><D33/><U90/><E116/><V101/><F101/><W44/><G117/><T36/><D36/><U23/><E124/><V18/><F18/><W19/><G127/><T61/><D111/><U125/><E125/><V50/><F31/><W73/><G73/><T106/><D123/><U96/><E110/><V15/><F15/><W107/><G107/><T135/><D135/><U115/><E115/><V75/><F88/><W57/><G131/><T109/><D109/><U55/><E74/><V2/><F2/><W83/><G58/><T133/><D106/><U89/><E68/><V121/><F75/><W91/><G85/><T9/><D20/><U81/><E67/><V65/><F108/><W128/><G128/><T52/><D61/><U26/><REACH who="1" step="1"/><E90/><REACH who="1" ten="245,237,247,261" step="2"/><V118/><F126/><W4/><G4/><AGARI ba="0,1" hai="4,11,14,23,26,28,47,49,55,81,82,89,92,96" machi="4" ten="30,12000,1" yaku="1,1,2,1,7,1,8,1,53,1" doraHai="100" doraHaiUra="10" who="1" fromWho="3" sc="245,0,237,130,247,0,261,-120" /><INIT seed="1,1,0,0,5,106" ten="245,367,247,141" oya="1" hai0="104,29,103,76,5,10,23,34,79,17,46,15,121" hai1="77,110,18,40,93,88,48,54,74,50,98,62,111" hai2="100,118,36,56,95,115,81,4,11,53,125,91,25" hai3="35,96,1,12,32,84,3,58,41,6,60,126,127"/><U51/><E40/><V2/><F118/><W128/><G41/><T72/><D121/><U69/><E18/><V129/><F125/><N who="3" m="47627" /><G84/><T19/><D19/><U116/><E116/><V68/><F129/><W80/><G80/><T131/><D131/><U16/><E16/><V75/><F115/><W67/><G128/><T108/><D108/><N who="1" m="41515" /><E69/><V66/><F25/><W0/><G96/><T64/><D29/><U61/><E54/><V94/><F36/><W24/><G24/><T86/><D17/><U27/><E27/><V117/><F117/><W43/><G43/><T39/><D39/><U87/><E98/><V28/><F28/><W85/><G85/><T20/><D86/><U7/><E7/><V99/><F68/><W119/><G119/><T45/><D5/><U120/><E120/><V92/><F66/><W78/><G78/><T97/><D97/><U37/><E37/><V9/><F4/><W55/><G67/><T114/><D64/><U132/><E132/><V105/><F11/><AGARI ba="1,0" hai="0,1,3,6,11,12,32,35,55,58,60" m="47627" machi="11" ten="40,1300,0" yaku="18,1" doraHai="106" who="3" fromWho="2" sc="245,0,367,0,247,-16,141,16" /><INIT seed="2,0,0,3,3,29" ten="245,367,231,157" oya="2" hai0="89,38,128,92,16,131,21,30,17,36,100,119,95" hai1="105,114,41,27,97,108,47,62,75,9,43,99,35" hai2="87,78,59,31,127,20,65,33,40,81,7,37,11" hai3="70,14,57,3,84,132,1,101,98,42,51,61,73"/><V71/><F127/><W130/><G73/><T76/><D76/><U94/><E114/><V120/><F120/><W80/><G130/><N who="0" m="49707" /><D119/><U113/><E113/><V28/><F71/><W24/><G132/><T55/><D55/><U121/><E108/><V77/><F77/><W126/><G126/><T0/><D0/><U15/><E75/><V129/><F129/><W93/><G70/><T52/><D52/><U54/><E121/><V60/><F37/><N who="0" m="14442" /><D30/><U25/><E105/><V6/><F40/><W103/><G103/><T5/><D5/><U26/><E43/><V13/><F7/><W49/><G3/><T116/><D116/><U115/><E115/><V46/><F46/><W90/><G1/><T117/><D117/><U85/><E54/><V32/><REACH who="2" step="1"/><F31/><REACH who="2" ten="245,367,221,157" step="2"/><W10/><G42/><T64/><D64/><U53/><E47/><V56/><F56/><W23/><G57/><T50/><D50/><U83/><E41/><V96/><F96/><W69/><G69/><T45/><D45/><U2/><E99/><V8/><F8/><W91/><G61/><T82/><D17/><U48/><E62/><V104/><F104/><W39/><G39/><T125/><D125/><U66/><E66/><V122/><F122/><W123/><G123/><T22/><D16/><U34/><E48/><V112/><F112/><W58/><G58/><T106/><D106/><U12/><E9/><V4/><F4/><N who="3" m="3399" /><G51/><T118/><D118/><U135/><E97/><V109/><F109/><W107/><G49/><T19/><D19/><U134/><E134/><V72/><F72/><W124/><G124/><RYUUKYOKU ba="0,1" sc="245,-10,367,-10,221,30,157,-10" hai2="6,11,13,20,28,32,33,59,60,65,78,81,87" /><INIT seed="2,1,1,2,2,116" ten="235,357,251,147" oya="2" hai0="12,24,3,114,97,79,83,124,51,98,126,36,8" hai1="106,0,65,113,125,59,71,52,78,10,63,62,122" hai2="48,26,84,1,14,60,77,37,96,73,41,38,110" hai3="92,81,121,18,13,20,53,43,42,57,105,66,108"/><V23/><F1/><W70/><G105/><T49/><D36/><U15/><E113/><V33/><F33/><W72/><G108/><T68/><D68/><U100/><E125/><N who="0" m="48233" /><D24/><U4/><E78/><V118/><F73/><W19/><G121/><T25/><D25/><U31/><E31/><V64/><F118/><W74/><G70/><T103/><D3/><U87/><E87/><V21/><F110/><W28/><G66/><T102/><D102/><U32/><E32/><V54/><F96/><N who="0" m="36970" /><D103/><U93/><E106/><V99/><F99/><W90/><G28/><T82/><D82/><U76/><E76/><V44/><F14/><W112/><G112/><T45/><D45/><U34/><E100/><V67/><F38/><W6/><G92/><T22/><D22/><U9/><E93/><V16/><F23/><W133/><G74/><N who="0" m="43511" /><D114/><U40/><E34/><V127/><F37/><W39/><G39/><T86/><D86/><U61/><E40/><V29/><F29/><W27/><G72/><T80/><D80/><U30/><E30/><V50/><F127/><W134/><G81/><T120/><D120/><U2/><E2/><V135/><F84/><W111/><G111/><T46/><D46/><U129/><E122/><V47/><F77/><W101/><G101/><T56/><D56/><U104/><E104/><V91/><F47/><W7/><G90/><T107/><D107/><U95/><E0/><V119/><F91/><W128/><G57/><T131/><D131/><U115/><E129/><V94/><F44/><W75/><G75/><T11/><D11/><U109/><E10/><RYUUKYOKU ba="1,1" sc="235,30,357,-10,251,-10,147,-10" hai0="8,12,49,51" /><INIT seed="3,2,1,3,0,2" ten="265,347,241,137" oya="3" hai0="93,11,63,112,22,83,86,92,81,58,85,107,7" hai1="1,96,120,106,100,38,24,75,110,77,129,125,102" hai2="51,131,4,53,19,95,70,124,3,116,0,84,99" hai3="109,117,6,25,52,78,104,127,113,15,87,29,45"/><W98/><G113/><T23/><D107/><U32/><E96/><V59/><F116/><W130/><G117/><T133/><D133/><U54/><E77/><V49/><F131/><W35/><G130/><T50/><D50/><U126/><E102/><V9/><F124/><W76/><G127/><T57/><D112/><U72/><E100/><V67/><F84/><W47/><G109/><T8/><D63/><U122/><E75/><V40/><F19/><W79/><G87/><T21/><D21/><U43/><E54/><V73/><F73/><W68/><G68/><T56/><D56/><U123/><E43/><V74/><F0/><W20/><G104/><T103/><D103/><U89/><E89/><V90/><F74/><W16/><G98/><T33/><D33/><U41/><E41/><V27/><F27/><W65/><G65/><T118/><D118/><U55/><E24/><V44/><F70/><W26/><REACH who="3" step="1"/><G52/><REACH who="3" ten="265,347,241,127" step="2"/><T30/><D30/><U82/><E55/><V97/><F67/><W105/><G105/><T121/><D121/><U42/><E122/><V17/><F99/><W36/><G36/><T39/><D39/><U128/><E123/><V28/><F28/><W18/><G18/><T61/><D61/><U48/><E126/><V34/><F17/><W71/><G71/><T13/><D85/><U108/><E129/><V12/><F97/><W111/><G111/><T62/><D86/><U31/><E110/><V91/><F53/><W37/><G37/><T134/><D62/><U88/><E108/><V64/><F64/><W94/><G94/><T66/><D93/><RYUUKYOKU ba="2,2" sc="265,-10,347,-10,241,-10,127,30" hai3="6,15,16,20,25,26,29,35,45,47,76,78,79" /><INIT seed="3,3,2,3,4,126" ten="255,337,231,157" oya="3" hai0="9,99,52,33,18,25,34,59,61,90,53,12,104" hai1="82,123,72,133,88,28,58,128,60,87,10,80,36" hai2="3,13,75,27,6,113,89,37,127,22,68,16,112" hai3="54,41,93,51,129,98,26,47,8,92,62,0,49"/><W78/><G78/><T117/><D117/><U19/><E123/><V17/><F37/><W119/><G119/><T24/><D33/><U116/><E116/><V73/><F68/><W94/><G129/><T120/><D120/><U118/><E118/><V70/><F70/><W114/><G114/><T121/><D121/><U43/><E128/><V107/><F107/><W67/><G26/><N who="0" m="10347" /><D104/><U35/><E35/><V97/><F97/><W84/><G84/><T115/><D34/><U32/><E32/><V55/><F89/><W14/><G0/><T83/><D115/><U125/><E28/><V48/><F6/><N who="3" m="3351" /><G67/><N who="0" m="39359" /><D99/><U95/><E125/><V96/><F127/><W21/><G62/><T135/><D135/><U81/><E133/><V42/><F96/><W130/><G130/><T86/><AGARI ba="3,2" hai="9,12,18,52,53,83,86,90" m="39359,10347" machi="86" ten="30,2000,0" yaku="8,1,54,1" doraHai="126" who="0" fromWho="0" sc="255,49,337,-8,231,-8,157,-13" /><INIT seed="4,0,0,0,4,61" ten="304,329,223,144" oya="0" hai0="79,18,65,87,31,118,58,17,24,121,117,41,46" hai1="47,40,6,27,89,9,54,39,8,32,43,14,98" hai2="60,126,133,80,51,59,64,119,99,110,83,125,38" hai3="7,103,90,111,96,76,0,13,122,71,135,109,101"/><T82/><D121/><U29/><E43/><V94/><F110/><W5/><G122/><T42/><D42/><U1/><E54/><V128/><F38/><W134/><G0/><T95/><D95/><U73/><E73/><V88/><F119/><W48/><G71/><T107/><D107/><U97/><REACH who="1" step="1"/><E89/><REACH who="1" ten="304,319,223,144" step="2"/><V25/><F51/><W104/><G48/><T100/><D117/><U45/><E45/><V10/><F88/><W106/><G90/><T123/><D118/><U93/><E93/><V11/><F94/><W77/><REACH who="3" step="1"/><G13/><REACH who="3" ten="304,319,223,134" step="2"/><T129/><D123/><U30/><E30/><V49/><F49/><W62/><G62/><T20/><D100/><U130/><E130/><V57/><F60/><W84/><G84/><T92/><D87/><U50/><E50/><V108/><F128/><W85/><G85/><T34/><D129/><U75/><E75/><V33/><F99/><AGARI ba="0,2" hai="5,7,76,77,96,99,101,103,104,106,109,111,134,135" machi="99" ten="25,3200,0" yaku="1,1,22,2,53,0" doraHai="61" doraHaiUra="19" who="3" fromWho="2" sc="304,0,319,0,223,-32,134,52" /><INIT seed="5,0,0,4,5,5" ten="304,319,191,186" oya="1" hai0="6,62,123,61,91,2,97,84,21,119,56,107,34" hai1="115,42,130,105,18,35,124,90,88,106,0,77,28" hai2="100,120,54,67,4,25,59,43,41,96,69,133,103" hai3="85,66,26,129,117,8,78,111,27,68,109,31,101"/><U46/><E115/><V125/><F120/><W134/><G129/><T79/><D34/><U12/><E130/><V15/><F133/><W14/><G134/><T60/><D119/><U121/><E124/><V76/><F125/><W1/><G1/><T81/><D123/><U45/><E121/><V126/><F126/><W19/><G117/><T50/><D2/><U64/><E0/><V87/><F25/><W116/><G116/><T71/><D71/><U98/><E77/><V131/><F69/><W3/><G101/><T135/><D135/><U57/><E28/><V40/><F67/><W108/><G3/><T55/><D6/><U52/><E64/><V94/><F103/><W132/><G132/><T93/><D107/><U9/><E35/><V29/><F29/><W110/><N who="3" m="27648" /><DORA hai="63" /><W102/><G102/><T86/><REACH who="0" step="1"/><D21/><REACH who="0" ten="294,319,191,186" step="2"/><U65/><E106/><V74/><F4/><W16/><G68/><T24/><D24/><U104/><E104/><V122/><F122/><W53/><G27/><T10/><D10/><U95/><E105/><V32/><F32/><W112/><G26/><T72/><AGARI ba="0,1" hai="50,55,56,60,61,62,72,79,81,84,86,91,93,97" machi="72" ten="30,7900,0" yaku="1,1,0,1,53,2" doraHai="5,63" doraHaiUra="83,128" who="0" fromWho="0" sc="294,89,319,-39,191,-20,186,-20" /><INIT seed="6,0,0,1,3,22" ten="383,280,171,166" oya="2" hai0="81,133,55,89,20,17,33,69,85,41,108,46,97" hai1="35,67,37,21,24,118,71,30,88,27,3,2,130" hai2="28,93,62,86,64,43,134,31,124,116,92,18,58" hai3="74,122,80,11,91,123,23,6,76,84,94,98,82"/><V99/><F116/><W66/><G66/><T34/><D69/><U131/><E118/><V16/><F134/><W38/><G38/><T25/><D108/><U104/><E104/><V59/><F124/><W8/><G23/><T105/><D133/><U128/><E37/><V120/><F120/><W77/><REACH who="3" step="1"/><G11/><REACH who="3" ten="383,280,171,156" step="2"/><T10/><D10/><U42/><E67/><N who="2" m="39383" /><F43/><W63/><G63/><T78/><D34/><U115/><E42/><V36/><F36/><W129/><G129/><T110/><D33/><U54/><E71/><V47/><F47/><W87/><G87/><T15/><D20/><U103/><E54/><V53/><F64/><W75/><G75/><T113/><D85/><U4/><E131/><V106/><F106/><W111/><G111/><T56/><D105/><U0/><E130/><V72/><F72/><W127/><G127/><T73/><D73/><U44/><E44/><V125/><F125/><W1/><AGARI ba="0,1" hai="1,6,8,74,76,77,80,82,84,91,94,98,122,123" machi="1" ten="20,2700,0" yaku="1,1,0,1,7,1,53,0" doraHai="22" doraHaiUra="29" who="3" fromWho="3" sc="383,-7,280,-7,171,-13,156,37" /><INIT seed="7,0,0,1,3,126" ten="376,273,158,193" oya="3" hai0="102,131,106,90,112,36,67,129,21,84,38,75,104" hai1="20,87,79,31,61,29,24,37,76,49,50,47,128" hai2="74,81,94,86,27,78,119,15,8,11,0,124,108" hai3="97,64,52,85,53,33,9,39,1,107,110,114,30"/><W57/><G39/><T7/><D7/><U48/><E128/><N who="0" m="49225" /><D75/><U103/><E37/><N who="0" m="14441" /><D102/><U117/><E103/><V62/><F108/><W28/><G110/><T51/><D67/><U2/><E2/><V77/><F119/><W14/><G1/><T105/><D51/><N who="1" m="19531" /><E117/><V25/><F124/><W118/><G64/><T101/><D21/><U80/><E61/><V71/><F0/><W88/><G118/><T68/><D68/><U26/><E26/><V43/><F43/><W3/><G3/><T83/><D101/><U96/><E20/><V42/><F42/><W127/><G127/><T22/><D22/><U134/><E24/><V115/><F115/><AGARI ba="0,0" hai="83,84,90,104,105,106,112,115" m="14441,49225" machi="115" ten="50,8000,1" yaku="19,1,52,3" doraHai="126" who="0" fromWho="2" sc="376,80,273,0,158,-80,193,0" owari="456,55.6,273,7.3,78,-42.2,193,-20.7" /></mjloggm>