<mjloggm ver="2.3"><GO type="169" lobby="0"/><UN n0="%63%68%69%73%73" n1="%E3%81%94%E3%82%8B%E3%81%A3" n2="%E3%83%A9%E3%82%A4%E3%82%AA%E3%82%B9" n3="%E6%9C%AA%E6%9D%A5%E5%B0%91%E5%B9%B4" dan="16,17,16,16" rate="2165.05,2184.86,2071.51,2165.06" sx="M,M,M,F"/><TAIKYOKU oya="0"/><INIT seed="0,0,0,1,4,123" ten="250,250,250,250" oya="0" hai0="114,113,51,7,105,98,135,37,46,97,118,79,50" hai1="124,102,40,90,22,111,0,104,110,68,134,121,93" hai2="132,66,5,116,120,13,21,71,83,75,15,130,119" hai3="103,84,2,92,70,10,64,30,122,11,56,18,131"/><T3/><D118/><N who="2" m="45098" /><F120/><W32/><G122/><T52/><D135/><U78/><E134/><V96/><F132/><W31/><G131/><T16/><D37/><U47/><E68/><V58/><F71/><W112/><G112/><T28/><D28/><U74/><E0/><V76/><F130/><W94/><G70/><T44/><D79/><U108/><E121/><V86/><F5/><W54/><G64/><T69/><D69/><U72/><E124/><V63/><F75/><W38/><G38/><T6/><D113/><U126/><E126/><V17/><F96/><N who="3" m="59799" /><G32/><T53/><D114/><U43/><E78/><V9/><F15/><N who="3" m="7551" /><G10/><AGARI ba="0,0" hai="9,10,13,17,21,58,63,66,76,83,86" m="45098" machi="10" ten="30,1000,0" yaku="12,1" doraHai="123" who="2" fromWho="3" sc="250,0,250,0,250,10,250,-10" /><INIT seed="1,0,0,0,1,91" ten="250,250,260,240" oya="1" hai0="99,65,85,113,38,45,48,0,133,31,120,67,97" hai1="63,28,22,12,36,10,42,70,46,49,95,8,122" hai2="43,135,6,93,130,16,62,35,92,26,14,108,59" hai3="24,131,29,19,20,47,75,39,134,9,101,78,76"/><U121/><E10/><V123/><F123/><W89/><G131/><T53/><D120/><U87/><E36/><V126/><F130/><W64/><G134/><T17/><D113/><U3/><E3/><V32/><F135/><W77/><G101/><T116/><D116/><U119/><E119/><V106/><F106/><W11/><G64/><T55/><D133/><U44/><E28/><V102/><F126/><W15/><G75/><T125/><D0/><U82/><E22/><V111/><F43/><W33/><G39/><T61/><D38/><U84/><E44/><V40/><F102/><W80/><REACH who="3" step="1"/><G47/><REACH who="3" ten="250,250,260,230" step="2"/><T56/><D125/><U107/><E122/><V117/><F117/><W98/><G98/><T90/><D67/><U34/><E121/><V128/><F128/><W118/><G118/><T72/><D72/><U21/><E87/><AGARI ba="0,1" hai="9,11,15,19,20,24,29,33,76,77,78,80,87,89" machi="87" ten="40,1300,0" yaku="1,1,53,0" doraHai="91" doraHaiUra="103" who="3" fromWho="1" sc="250,0,250,-13,260,0,230,23" /><INIT seed="2,0,0,2,1,52" ten="250,237,260,253" oya="2" hai0="96,94,99,102,111,76,0,114,47,10,6,97,4" hai1="77,100,132,55,61,69,28,41,129,50,66,95,78" hai2="58,80,32,131,130,65,17,109,113,5,56,71,53" hai3="13,68,51,122,72,73,35,1,64,25,81,79,83"/><V128/><F32/><W27/><G122/><T135/><D111/><U120/><E129/><V31/><F31/><W9/><G1/><T43/><D114/><U121/><E132/><V34/><F34/><W11/><G35/><T118/><D135/><U19/><E28/><V39/><F39/><W84/><G72/><T101/><D118/><U12/><E41/><V36/><F36/><W89/><G9/><T67/><D76/><U133/><E133/><V70/><F5/><W7/><REACH who="3" step="1"/><G51/><REACH who="3" ten="250,237,260,243" step="2"/><T119/><D10/><U88/><E121/><V48/><F113/><W103/><G103/><T60/><D0/><U108/><E100/><V93/><F109/><W20/><G20/><T18/><D102/><U123/><E108/><V86/><F17/><W87/><G87/><T49/><D18/><U92/><E123/><V42/><F93/><W30/><G30/><T22/><D22/><N who="1" m="11623" /><E95/><V23/><F23/><W91/><G91/><T15/><D119/><U21/><E21/><V57/><F86/><W33/><G33/><T117/><D117/><U90/><E120/><V75/><F75/><W124/><G124/><T82/><D15/><U134/><E134/><V110/><F110/><W106/><G106/><T59/><D82/><U54/><E90/><V46/><F80/><W14/><G14/><T45/><D94/><U62/><E92/><V85/><F85/><W104/><G104/><T107/><D107/><U16/><E16/><V127/><F127/><W125/><G125/><T98/><D101/><U26/><E78/><V38/><F71/><W44/><G44/><N who="0" m="25759" /><D99/><U37/><E69/><RYUUKYOKU ba="0,1" sc="250,10,237,-30,260,10,243,10" hai0="4,6,45,47,59,60,67,96,97,98" hai2="38,42,46,48,53,56,57,58,65,70,128,130,131" hai3="7,11,13,25,27,64,68,73,79,81,83,84,89" /><INIT seed="2,1,1,5,2,127" ten="260,207,270,253" oya="2" hai0="67,94,47,5,1,79,62,50,48,116,49,115,119" hai1="69,53,3,81,6,55,95,38,59,20,114,80,111" hai2="22,33,35,32,39,72,84,108,131,96,126,28,19" hai3="75,34,97,99,64,43,58,103,44,86,113,16,82"/><V71/><F39/><W24/><G75/><T9/><D115/><U15/><E114/><V4/><F126/><W21/><G113/><T112/><D112/><U102/><E69/><V92/><F72/><W132/><G132/><T124/><D124/><U118/><E118/><N who="0" m="45097" /><D79/><U121/><E38/><V54/><F71/><W106/><G34/><T8/><D8/><U41/><E41/><V60/><F108/><W104/><G64/><T89/><D62/><U70/><E111/><V90/><F4/><W29/><G58/><T46/><D67/><U12/><E70/><V25/><F84/><AGARI ba="1,1" hai="1,5,9,46,47,48,49,50,84,89,94" m="45097" machi="84" ten="30,1000,0" yaku="12,1" doraHai="127" who="0" fromWho="2" sc="260,23,207,0,270,-13,253,0" /><INIT seed="3,0,0,0,0,73" ten="283,207,257,253" oya="3" hai0="8,102,56,135,77,29,6,126,68,31,7,10,97" hai1="115,47,132,17,114,19,106,72,65,133,101,36,108" hai2="100,98,127,63,75,39,86,134,112,78,1,76,110" hai3="128,103,14,4,92,83,81,30,95,60,55,57,32"/><W79/><G128/><T125/><D68/><U44/><E65/><V130/><F112/><N who="1" m="43049" /><E72/><V59/><F39/><W104/><G104/><T16/><D135/><N who="1" m="51787" /><E36/><V53/><F1/><W13/><G32/><T71/><D71/><U35/><E35/><V111/><F134/><W121/><G121/><T50/><D56/><U33/><E33/><V46/><F130/><W23/><G81/><T9/><D50/><U18/><E108/><N who="2" m="41515" /><F75/><W118/><G118/><T87/><D16/><N who="1" m="4099" /><U80/><DORA hai="2" /><E80/><V0/><F0/><W84/><G103/><T96/><D10/><U48/><E48/><N who="2" m="28823" /><F86/><W120/><G120/><T51/><D51/><U40/><E40/><V90/><F90/><W38/><G38/><T61/><D87/><U93/><E93/><N who="3" m="35914" /><G4/><T94/><D94/><U129/><E129/><V122/><F122/><W67/><G67/><T82/><D82/><U123/><E123/><V24/><F100/><W66/><G66/><T99/><D102/><U89/><E89/><V52/><F98/><AGARI ba="0,0" hai="44,47,98,101,106" m="4099,51787,43049" machi="98" ten="40,2600,0" yaku="20,1,54,1" doraHai="73,2" who="1" fromWho="2" sc="283,0,207,26,257,-26,253,0" /><INIT seed="4,0,0,2,4,6" ten="283,233,231,253" oya="0" hai0="107,97,135,93,13,81,22,64,27,78,4,57,19" hai1="32,54,96,76,89,106,51,83,30,70,71,7,117" hai2="79,80,104,102,26,118,92,125,14,20,31,62,95" hai3="36,73,21,12,77,119,53,56,52,66,1,17,23"/><T25/><D135/><U103/><E117/><V28/><F118/><W42/><G119/><T87/><D107/><U55/><E55/><V74/><F125/><W68/><G1/><T72/><D72/><U24/><E89/><V44/><F31/><W43/><G68/><T61/><REACH who="0" step="1"/><D4/><REACH who="0" ten="273,233,231,253" step="2"/><U128/><E7/><V38/><F104/><W9/><G73/><T11/><D11/><U88/><E128/><V49/><F38/><W3/><G36/><T105/><D105/><U65/><E65/><V122/><F122/><W131/><G66/><T90/><AGARI ba="0,1" hai="13,19,22,25,27,57,61,64,78,81,87,90,93,97" machi="90" ten="20,12000,1" yaku="1,1,0,1,7,1,8,1,53,1" doraHai="6" doraHaiUra="18" who="0" fromWho="0" sc="273,130,233,-40,231,-40,253,-40" /><INIT seed="4,1,0,3,4,112" ten="403,193,191,213" oya="0" hai0="19,95,17,39,115,93,6,11,38,123,15,7,42" hai1="0,108,59,118,75,126,91,55,16,121,41,77,62" hai2="119,25,100,71,130,66,21,30,81,116,37,36,27" hai3="69,28,33,89,90,12,68,125,132,109,9,5,18"/><T133/><D123/><U72/><E121/><V50/><F100/><W113/><G109/><T86/><D115/><U104/><E0/><V94/><F130/><W43/><G113/><T129/><D129/><U34/><E108/><V73/><F94/><W74/><G74/><T70/><D70/><U14/><E34/><V13/><F13/><W58/><G125/><T32/><D32/><U60/><E126/><V48/><F71/><W76/><G132/><T54/><D133/><U44/><E104/><V122/><F66/><W88/><G76/><T8/><D54/><U65/><E91/><V101/><F101/><W57/><G43/><T31/><D31/><U22/><E77/><N who="2" m="44207" /><F122/><W80/><G80/><T4/><D86/><U51/><REACH who="1" step="1"/><E118/><REACH who="1" ten="403,183,191,213" step="2"/><N who="2" m="45099" /><F27/><W124/><G124/><T111/><D111/><U85/><E85/><V135/><F135/><W1/><G1/><T10/><D15/><U127/><E127/><V102/><F102/><W46/><G12/><T131/><D131/><U61/><E61/><V96/><F96/><W82/><G82/><T84/><D84/><U87/><E87/><V47/><F50/><W98/><G98/><T97/><D97/><U114/><E114/><V26/><F26/><W20/><G89/><T128/><D128/><U3/><E3/><V92/><F92/><W107/><G88/><T99/><D99/><U120/><E120/><V49/><F49/><W2/><G90/><T134/><D134/><U103/><E103/><V45/><F48/><W35/><G107/><T63/><D93/><U79/><E79/><V64/><F64/><W117/><G117/><RYUUKYOKU ba="1,1" sc="403,-15,183,15,191,15,213,-15" hai1="14,16,22,41,44,51,55,59,60,62,65,72,75" hai2="21,25,30,36,37,45,47" /><INIT seed="5,2,1,1,0,16" ten="388,198,206,198" oya="1" hai0="29,116,83,48,8,72,128,92,90,36,125,106,80" hai1="126,11,85,58,133,108,46,27,15,104,45,123,34" hai2="2,52,105,3,56,7,74,39,54,55,89,17,73" hai3="111,64,124,21,84,47,25,82,33,51,66,49,63"/><U43/><E123/><V93/><F105/><W78/><G111/><T20/><D116/><U40/><E108/><V18/><F39/><W53/><G33/><T12/><D36/><U99/><E133/><V32/><F32/><W24/><G124/><T97/><D125/><U28/><E126/><V98/><F56/><W129/><G129/><T62/><D128/><U9/><E85/><V94/><F7/><W13/><G51/><T117/><D106/><U81/><E81/><V6/><F6/><W38/><G38/><T113/><D113/><U100/><E58/><V68/><F68/><W41/><G41/><T76/><D62/><U112/><E112/><V22/><F94/><W86/><G86/><T118/><D48/><U79/><E79/><V50/><F17/><N who="3" m="10415" /><G63/><T1/><D1/><U26/><E26/><AGARI ba="2,1" hai="24,25,26,47,49,53,64,66,78,82,84" m="10415" machi="26" ten="30,2000,0" yaku="8,1,52,1" doraHai="16" who="3" fromWho="1" sc="388,0,198,-26,206,0,198,36" /><INIT seed="6,0,0,1,1,113" ten="388,172,206,234" oya="2" hai0="58,109,102,42,55,118,20,15,40,61,72,18,80" hai1="119,17,3,16,41,76,7,89,115,68,107,88,46" hai2="36,134,21,77,92,101,114,13,97,129,75,64,62" hai3="50,133,22,70,86,52,43,24,48,60,98,26,66"/><V85/><F36/><W120/><G120/><T30/><D118/><U130/><E107/><V95/><F114/><W57/><G133/><T122/><D109/><U45/><E115/><V1/><F134/><W38/><G98/><T54/><D122/><U132/><E132/><V111/><F111/><W78/><G50/><T14/><D102/><U104/><E104/><V128/><F1/><W81/><REACH who="3" step="1"/><G22/><REACH who="3" ten="388,172,206,224" step="2"/><T47/><D20/><U117/><E130/><V8/><F21/><W131/><G131/><N who="2" m="50249" /><F97/><W31/><G31/><T67/><D30/><U35/><E35/><V135/><F135/><W11/><G11/><T105/><D61/><U32/><E32/><V127/><F8/><W125/><G125/><T74/><D105/><U9/><E117/><V63/><F127/><W82/><G82/><T96/><D80/><U25/><E119/><V5/><F63/><W100/><G100/><T0/><D96/><U69/><E9/><N who="2" m="4271" /><F101/><W116/><G116/><T108/><D108/><U34/><E34/><V6/><F75/><W83/><G83/><T99/><D99/><U53/><E3/><V112/><F112/><W110/><G110/><T12/><D0/><U93/><E93/><V126/><F126/><W51/><G51/><T56/><D72/><U65/><E25/><V71/><F6/><W4/><G4/><T33/><D74/><U39/><E7/><V29/><F29/><W123/><G123/><T27/><D27/><U37/><E37/><V94/><F77/><W73/><G73/><T106/><D33/><U44/><E76/><V23/><F23/><W79/><G79/><RYUUKYOKU ba="0,1" sc="388,-15,172,-15,206,15,224,15" hai2="62,64,71,85,92,94,95" hai3="24,26,38,43,48,52,57,60,66,70,78,81,86" /><INIT seed="6,1,1,3,4,19" ten="373,157,221,239" oya="2" hai0="129,20,11,67,64,130,133,5,22,37,115,72,101" hai1="75,79,127,48,46,77,42,39,98,18,97,15,120" hai2="109,13,30,103,61,56,33,62,2,38,76,57,93" hai3="81,135,134,119,44,99,41,0,24,118,27,106,12"/><V121/><F38/><W66/><G0/><T4/><D133/><N who="3" m="50697" /><G66/><T9/><D37/><U89/><E127/><V95/><F2/><W78/><G12/><T58/><D101/><U31/><E120/><V73/><F121/><W52/><G52/><T105/><D72/><U25/><E39/><V29/><F109/><W45/><G45/><T84/><D84/><U94/><E97/><V92/><F103/><N who="3" m="62847" /><G27/><T104/><D115/><U85/><E98/><V7/><F33/><W47/><G24/><T122/><D122/><U34/><REACH who="1" step="1"/><E75/><REACH who="1" ten="373,147,221,239" step="2"/><V49/><F73/><W132/><G132/><T108/><D108/><U35/><E35/><V87/><F62/><W96/><G96/><T28/><D104/><U1/><E1/><V117/><F61/><W125/><G125/><T70/><D105/><U123/><E123/><V100/><F100/><W17/><G118/><T110/><D110/><U71/><E71/><V112/><F117/><W26/><G119/><T65/><D70/><U131/><E131/><V63/><F63/><W107/><G107/><T82/><D129/><U88/><E88/><V8/><F112/><W114/><G114/><T6/><D130/><U54/><E54/><N who="2" m="31823" /><F57/><W124/><G124/><T83/><D58/><U32/><E32/><V69/><F69/><W80/><G44/><T40/><D40/><U111/><E111/><V102/><F102/><W10/><G47/><T116/><D116/><U3/><E3/><V74/><F74/><W68/><G41/><T86/><D67/><U126/><E126/><V113/><F113/><W23/><G68/><T128/><D128/><RYUUKYOKU ba="1,2" sc="373,-15,147,15,221,15,239,-15" hai1="15,18,25,31,34,42,46,48,77,79,85,89,94" hai2="7,8,13,29,30,76,87,92,93,95" /><INIT seed="6,2,2,4,1,31" ten="358,162,236,224" oya="2" hai0="95,77,65,38,2,96,103,29,20,45,133,91,108" hai1="129,83,118,131,62,115,120,51,63,10,30,17,5" hai2="40,78,128,101,21,93,7,61,0,25,90,18,59" hai3="82,99,113,58,125,87,124,67,134,64,119,89,135"/><V105/><F78/><W52/><G119/><T123/><D123/><U1/><E118/><V122/><F122/><W47/><G47/><T24/><D108/><U33/><E120/><V53/><F128/><N who="1" m="49225" /><E115/><V114/><F114/><W34/><G34/><T121/><D2/><U110/><E110/><V50/><F105/><W14/><G113/><T11/><D121/><U132/><E132/><N who="3" m="50730" /><G14/><T8/><D133/><U19/><E51/><V28/><F101/><W92/><G64/><T72/><D65/><U12/><E83/><V23/><F0/><W130/><G67/><T46/><D72/><U116/><E116/><V43/><F7/><W55/><G130/><T41/><D77/><U32/><E19/><V80/><F80/><W26/><G26/><T111/><D111/><U126/><E126/><N who="3" m="48746" /><G58/><T57/><D57/><U68/><E68/><V54/><F54/><W75/><G75/><T44/><D38/><U98/><E98/><N who="2" m="57655" /><F50/><W15/><G15/><AGARI ba="2,2" hai="15,18,21,23,25,28,40,43,53,59,61" m="57655" machi="15" ten="30,1500,0" yaku="8,1" doraHai="31" who="2" fromWho="3" sc="358,0,162,0,236,41,224,-21" /><INIT seed="6,3,0,3,5,3" ten="358,162,277,203" oya="2" hai0="110,80,10,46,90,122,103,8,84,113,132,63,88" hai1="62,49,81,111,74,32,87,41,77,0,128,19,6" hai2="15,59,83,36,57,126,121,45,54,58,75,94,93" hai3="61,24,98,51,130,11,22,101,64,97,33,9,35"/><V27/><F121/><W42/><G130/><T28/><D110/><U120/><E111/><V20/><F126/><W76/><G76/><T38/><D122/><U34/><E120/><V134/><F134/><W108/><G108/><T67/><D132/><U115/><E128/><V40/><F15/><W107/><G97/><T100/><D113/><U112/><E19/><V114/><F114/><N who="1" m="43561" /><E62/><V7/><F75/><W133/><G133/><T119/><D119/><U39/><E49/><V73/><F83/><W71/><G22/><T125/><D125/><U127/><E87/><V86/><F73/><W95/><G95/><T43/><D28/><U65/><E65/><V124/><F124/><W55/><G42/><T21/><D21/><U12/><E12/><V129/><F129/><W72/><G72/><T96/><D90/><U17/><E17/><V2/><F86/><W23/><G23/><T31/><D31/><U44/><E127/><V30/><REACH who="2" step="1"/><F54/><REACH who="2" ten="358,162,267,203" step="2"/><W5/><G24/><T13/><D13/><U48/><E48/><V53/><F53/><W4/><G55/><T91/><D96/><U116/><E116/><V29/><F29/><W79/><G51/><T70/><REACH who="0" step="1"/><D91/><REACH who="0" ten="348,162,267,203" step="2"/><U105/><E105/><V78/><F78/><W52/><G79/><T92/><D92/><U69/><E69/><V66/><F66/><W16/><G64/><T102/><AGARI ba="3,2" hai="8,10,38,43,46,63,67,70,80,84,88,100,102,103" machi="102" ten="30,7900,0" yaku="1,1,0,1,54,1,53,1" doraHai="3" doraHaiUra="82" who="0" fromWho="0" sc="348,108,162,-23,267,-42,203,-23" /><INIT seed="7,0,0,2,4,99" ten="456,139,225,180" oya="3" hai0="33,45,49,121,120,125,110,80,38,78,66,21,116" hai1="53,91,93,35,62,12,57,39,16,65,81,126,2" hai2="132,88,131,6,24,106,47,119,58,10,124,83,127" hai3="122,3,4,95,20,92,135,61,34,75,72,82,130"/><W118/><G118/><T79/><D116/><U11/><E126/><N who="2" m="48171" /><F119/><W115/><G122/><T31/><D38/><U68/><E39/><V133/><F106/><W59/><G34/><T19/><D110/><U102/><E35/><V43/><F58/><W98/><G115/><T87/><D125/><U108/><E108/><V26/><F131/><W52/><G135/><N who="2" m="51785" /><F88/><W111/><G111/><T55/><D66/><U107/><E2/><N who="2" m="343" /><F83/><W84/><G82/><T70/><D70/><U5/><E107/><V67/><F67/><W134/><G59/><T9/><D9/><U114/><E114/><V104/><F104/><W74/><G130/><T7/><D19/><U17/><E81/><V77/><F77/><W123/><G134/><T105/><D55/><U85/><REACH who="1" step="1"/><E102/><REACH who="1" ten="456,129,225,180" step="2"/><V25/><F25/><W29/><G74/><T0/><D21/><U56/><E56/><V36/><AGARI ba="0,1" hai="24,26,36,43,47" m="343,51785,48171" machi="36" ten="30,2000,0" yaku="18,1,20,1" doraHai="99" who="2" fromWho="2" sc="456,-5,129,-5,225,30,180,-10" owari="451,55.1,124,-37.6,255,5.5,170,-23.0" /></mjloggm>