<mjloggm ver="2.3"><GO type="169" lobby="0"/><UN n0="%E6%96%B9%E5%86%86%E8%87%AA%E5%9C%A8" n1="%E3%82%82%E3%81%93%E2%97%AF" n2="%73%79%6C%76%65%6F%6E" n3="%E3%82%B0%E3%83%B3%E3%83%80%E3%83%AA%E3%83%BC" dan="17,16,16,19" rate="2167.87,2107.46,2148.86,2283.48" sx="M,M,M,M"/><TAIKYOKU oya="0"/><INIT seed="0,0,0,0,0,19" ten="250,250,250,250" oya="0" hai0="97,80,108,89,20,39,31,8,55,101,67,48,96" hai1="0,87,79,82,135,129,132,102,34,13,120,58,70" hai2="30,6,17,35,126,94,51,12,53,21,57,123,23" hai3="14,115,99,61,86,91,106,74,3,59,83,109,122"/><T90/><D39/><U113/><E0/><V128/><F123/><W71/><G109/><T37/><D37/><U46/><E70/><V112/><F112/><W5/><G122/><T119/><D119/><U76/><E120/><V121/><F121/><W36/><G36/><T98/><D67/><U26/><E113/><V73/><F73/><W114/><G3/><T125/><D108/><U56/><E76/><V118/><F126/><W127/><G71/><T10/><D101/><U40/><E102/><V133/><F118/><W93/><G127/><T103/><D103/><U54/><E13/><V63/><F128/><W81/><G106/><T66/><D66/><U65/><E65/><V105/><F105/><W117/><G74/><T85/><D89/><U11/><E11/><V64/><F133/><N who="1" m="51273" /><E54/><V1/><F35/><W7/><G117/><T9/><D125/><U32/><E129/><V4/><F94/><W68/><G68/><T44/><REACH who="0" step="1"/><D8/><REACH who="0" ten="240,250,250,250" step="2"/><U29/><E34/><V92/><F92/><W47/><G114/><T45/><D45/><U62/><E46/><V124/><F124/><W110/><G47/><T116/><D116/><U25/><E32/><V52/><F64/><N who="3" m="38975" /><G110/><T95/><D95/><U72/><E79/><V28/><F57/><W38/><G38/><T130/><D130/><U18/><E56/><V24/><F63/><W22/><G115/><T107/><D107/><U41/><E62/><V100/><F100/><N who="3" m="60527" /><G83/><T88/><D88/><U104/><E58/><V2/><F51/><W69/><G69/><T77/><D77/><N who="1" m="46543" /><E104/><V84/><F53/><W33/><G33/><RYUUKYOKU ba="0,1" sc="240,15,250,-15,250,-15,250,15" hai0="9,10,20,31,44,48,55,80,85,90,96,97,98" hai3="5,7,14,22,81,86,91" /><INIT seed="0,1,1,1,3,71" ten="255,235,235,265" oya="0" hai0="68,91,29,109,116,107,3,117,49,59,124,54,98" hai1="60,72,110,17,24,83,8,100,106,50,128,12,18" hai2="99,131,52,27,76,26,5,92,41,62,90,21,64" hai3="13,88,46,56,43,20,65,80,95,115,125,58,119"/><T42/><D3/><U35/><E110/><V19/><F131/><W85/><G115/><T79/><D109/><U10/><E128/><V121/><F121/><W135/><G119/><T23/><D124/><U113/><E113/><V7/><F41/><W87/><G135/><T134/><D134/><U133/><E133/><V108/><F108/><W101/><G125/><T93/><D79/><U122/><E122/><V25/><F76/><W69/><G69/><T75/><D75/><U57/><E50/><V103/><F103/><W38/><G65/><T48/><D107/><U4/><E35/><V73/><F73/><W37/><G37/><T22/><D68/><U14/><E24/><N who="2" m="9323" /><F64/><W34/><G34/><T32/><D32/><U15/><E15/><V33/><F33/><W55/><G55/><T104/><D104/><U6/><E83/><V130/><F130/><W30/><G30/><T111/><D29/><U45/><E45/><V67/><F67/><W126/><G126/><T84/><D111/><U123/><E72/><V112/><F112/><W114/><G114/><T120/><D120/><U78/><E78/><V96/><F96/><W74/><G74/><T53/><D42/><U118/><E118/><V44/><F44/><W102/><G102/><N who="0" m="60751" /><D117/><U47/><E123/><V0/><F0/><W28/><G28/><T51/><D116/><U97/><REACH who="1" step="1"/><E47/><REACH who="1" ten="255,225,235,265" step="2"/><V40/><F40/><W81/><G81/><N who="0" m="49551" /><D49/><U82/><E82/><V16/><F19/><N who="3" m="10351" /><G101/><T89/><D89/><U127/><E127/><V105/><F105/><W94/><G80/><T66/><D48/><U11/><E11/><RYUUKYOKU ba="1,2" sc="255,-30,225,10,235,10,265,10" hai1="4,6,8,10,12,14,17,18,57,60,97,100,106" hai2="5,7,16,21,27,52,62,90,92,99" hai3="38,43,46,56,58,85,87,88,94,95" /><INIT seed="1,2,2,1,1,7" ten="225,235,245,275" oya="1" hai0="121,29,10,21,54,23,74,35,69,47,41,67,114" hai1="94,90,39,76,78,42,71,111,11,101,107,134,52" hai2="16,61,95,117,128,88,18,86,60,6,91,97,28" hai3="0,130,25,56,32,50,5,26,106,19,112,2,70"/><U75/><E71/><V53/><F117/><W99/><G70/><T36/><D114/><U119/><E119/><V43/><F128/><W4/><G99/><T63/><D121/><U65/><E65/><V49/><F43/><W93/><G93/><T30/><D74/><U126/><E107/><V118/><F118/><W89/><G89/><T100/><D100/><U66/><E66/><V87/><F28/><N who="3" m="19471" /><G50/><T15/><D29/><U122/><E101/><V83/><F6/><N who="3" m="2667" /><G56/><T57/><D30/><U82/><E122/><V40/><F40/><W12/><G106/><T24/><D24/><U125/><E76/><V116/><F116/><W124/><G112/><T31/><D31/><U44/><E134/><V22/><F18/><W102/><G102/><T9/><D15/><U14/><E111/><V109/><F97/><W129/><G26/><T13/><D13/><U120/><E52/><V103/><F103/><W68/><G68/><T1/><D35/><U96/><REACH who="1" step="1"/><E120/><REACH who="1" ten="225,225,245,275" step="2"/><V81/><F109/><W17/><G130/><T110/><D110/><U123/><E123/><V51/><F61/><W73/><G129/><T72/><D54/><U37/><E37/><V33/><F60/><W127/><G2/><T133/><D1/><U92/><E92/><V98/><F51/><W62/><G0/><T38/><D69/><U131/><E131/><V85/><F49/><W80/><G62/><T104/><D36/><U79/><E79/><N who="2" m="46271" /><F53/><W113/><G113/><T48/><D38/><U64/><E64/><V8/><F95/><W105/><G105/><T135/><D104/><U58/><E58/><RYUUKYOKU ba="2,3" sc="225,-10,225,30,245,-10,275,-10" hai1="11,14,39,42,44,75,78,82,90,94,96,125,126" /><INIT seed="1,3,3,1,5,49" ten="215,255,235,265" oya="1" hai0="39,93,25,3,135,45,77,118,38,97,34,123,87" hai1="113,14,95,117,120,54,31,55,56,106,92,63,7" hai2="18,100,8,80,75,102,27,85,50,36,103,15,28" hai3="44,64,127,94,2,42,17,83,22,9,16,133,126"/><U110/><E113/><V19/><F36/><N who="3" m="21575" /><G64/><T13/><D3/><U121/><E117/><V43/><F75/><W84/><G94/><N who="1" m="35882" /><E106/><V30/><F19/><W6/><G22/><T111/><D118/><U119/><E119/><V104/><F104/><W128/><G128/><T69/><D69/><U88/><E110/><V91/><REACH who="2" step="1"/><F27/><REACH who="2" ten="215,255,225,265" step="2"/><W122/><G122/><T68/><D25/><U98/><E120/><V105/><F105/><W65/><G133/><T52/><D38/><U90/><E121/><V53/><F53/><N who="1" m="19977" /><E98/><V21/><F21/><W33/><G33/><T72/><D39/><U66/><E31/><V35/><F35/><W20/><G20/><T26/><D34/><U125/><E125/><N who="3" m="47626" /><G65/><T131/><D97/><U134/><E134/><V1/><F1/><W124/><G124/><T24/><D135/><U96/><E96/><V10/><F10/><AGARI ba="3,4" hai="7,10,14,56,63,66,88,90" m="19977,35882" machi="10" ten="30,12000,1" yaku="8,1,52,3,54,1" doraHai="49" who="1" fromWho="2" sc="215,0,255,169,225,-129,265,0" /><INIT seed="1,4,0,1,4,68" ten="215,424,96,265" oya="1" hai0="33,3,80,83,102,9,29,41,43,97,28,23,87" hai1="118,25,105,52,16,122,1,109,92,58,5,15,76" hai2="42,66,38,126,103,72,18,106,127,135,51,133,35" hai3="90,125,134,70,111,84,36,121,0,55,78,47,63"/><U91/><E118/><V30/><F72/><W93/><G121/><T34/><D23/><U2/><E122/><V130/><F35/><W108/><G0/><T79/><D3/><U22/><E105/><V132/><F30/><W107/><G107/><T17/><D83/><U113/><E113/><V37/><F66/><W26/><G78/><T112/><D112/><U32/><E76/><V100/><F18/><W124/><G26/><T85/><D85/><U104/><E104/><V57/><F106/><W44/><G134/><T69/><D69/><U62/><E109/><N who="3" m="42058" /><G36/><N who="2" m="13929" /><F130/><W86/><G86/><T96/><D96/><N who="1" m="57375" /><E32/><V98/><F98/><W54/><G54/><T59/><D33/><U89/><E89/><V99/><F99/><W116/><G116/><T128/><D34/><U19/><E5/><V65/><F65/><N who="3" m="41279" /><G47/><T60/><D79/><U123/><E123/><V115/><F115/><W110/><G110/><T4/><D97/><U46/><E46/><N who="2" m="26071" /><F57/><W45/><G45/><T75/><D59/><U71/><E71/><V67/><F67/><W74/><G74/><T53/><D75/><U131/><E131/><V10/><F10/><AGARI ba="4,0" hai="1,2,10,15,16,19,22,25,52,58,62" m="57375" machi="10" ten="30,5800,0" yaku="25,1,54,2" doraHai="68" who="1" fromWho="2" sc="215,0,424,70,96,-70,265,0" /><INIT seed="1,5,0,4,1,45" ten="215,494,26,265" oya="1" hai0="15,114,117,6,92,128,76,12,119,37,51,90,34" hai1="23,118,111,16,64,127,8,52,106,19,54,79,126" hai2="81,55,20,129,65,112,43,39,96,130,101,26,57" hai3="49,59,46,131,104,13,124,42,93,87,21,44,85"/><U1/><E118/><V70/><F112/><W40/><G104/><T32/><D37/><U74/><E106/><V4/><F4/><W17/><G131/><N who="2" m="50185" /><F70/><W56/><G124/><N who="1" m="47658" /><E111/><V115/><F65/><W5/><G5/><T41/><D114/><U25/><E64/><V135/><F115/><W68/><G68/><T66/><D66/><U78/><E1/><V77/><F135/><W31/><G31/><T108/><D76/><N who="1" m="29227" /><E74/><V88/><F43/><W123/><G123/><T7/><D41/><U72/><E72/><V62/><F39/><W102/><G87/><T82/><D108/><U18/><E8/><V113/><F113/><W69/><G69/><T105/><D105/><U58/><E54/><V33/><F33/><W103/><G85/><T3/><D32/><U14/><E25/><V2/><F2/><W53/><G53/><T22/><D34/><U97/><E97/><V84/><F96/><W110/><G110/><T116/><D119/><U36/><E36/><V10/><F10/><W107/><G42/><T47/><D3/><U27/><E27/><V71/><F71/><W95/><G40/><T122/><D128/><U91/><E91/><V30/><F77/><W24/><G24/><T60/><D90/><U9/><E9/><V75/><F75/><W38/><G38/><T121/><D117/><U35/><E35/><V134/><F134/><W63/><G13/><T132/><D12/><U61/><AGARI ba="5,0" hai="14,16,18,19,23,52,58,61" m="29227,47658" machi="61" ten="30,6000,0" yaku="18,1,54,2" doraHai="45" who="1" fromWho="1" sc="215,-25,494,75,26,-25,265,-25" /><INIT seed="1,6,0,0,4,7" ten="190,569,1,240" oya="1" hai0="89,49,54,99,67,105,8,87,26,36,61,71,15" hai1="116,18,133,41,37,109,63,50,10,56,27,33,121" hai2="9,129,69,95,102,68,35,78,93,103,125,128,28" hai3="96,32,3,97,83,118,73,42,111,100,1,113,24"/><U64/><E116/><V86/><F35/><W52/><G113/><T91/><D36/><U4/><E121/><V130/><F28/><W11/><G52/><T70/><D70/><N who="2" m="27242" /><F125/><W47/><G111/><T134/><D26/><U115/><E37/><V117/><F117/><W75/><G1/><T123/><D123/><U77/><E33/><V120/><F120/><W119/><G75/><T38/><D38/><U88/><E77/><V112/><F112/><W12/><G12/><T19/><D87/><U0/><E109/><V126/><F126/><W46/><G46/><T124/><D124/><U30/><E18/><V85/><F9/><W62/><G11/><T106/><D106/><U20/><E115/><V39/><F39/><W22/><G32/><T132/><D91/><U57/><E88/><N who="2" m="53391" /><F95/><N who="3" m="58399" /><G3/><T114/><D114/><U59/><E0/><V53/><F53/><W74/><G74/><T101/><REACH who="0" step="1"/><D89/><REACH who="0" ten="180,569,1,240" step="2"/><U60/><E27/><V34/><F34/><W31/><G119/><T76/><D76/><U13/><E30/><V6/><F6/><W66/><G118/><T107/><D107/><U90/><E4/><V72/><F72/><W29/><G29/><T80/><D80/><AGARI ba="6,1" hai="78,80,86,102,103,128,129,130" m="53391,27242" machi="80" ten="40,2600,0" yaku="19,1,54,1" doraHai="7" who="2" fromWho="0" sc="180,-44,569,0,1,54,240,0" /><INIT seed="2,0,0,0,0,8" ten="136,569,55,240" oya="2" hai0="54,3,6,64,19,92,59,80,79,72,81,58,16" hai1="94,135,101,113,63,77,98,134,100,38,85,37,112" hai2="14,28,7,107,67,95,9,42,69,103,90,35,20" hai3="88,60,109,29,0,49,66,99,65,110,131,116,22"/><V10/><F35/><W5/><G116/><T68/><D68/><U34/><E34/><V57/><F69/><W56/><G0/><T18/><D64/><U86/><E63/><V108/><F42/><W62/><G5/><T124/><D124/><U17/><E17/><V76/><F76/><W117/><G117/><T126/><D126/><U115/><E38/><V118/><F118/><W50/><G131/><T53/><D92/><U114/><E37/><V133/><F133/><N who="1" m="50697" /><E115/><V48/><F103/><N who="1" m="39497" /><E77/><V61/><F107/><W123/><G49/><T43/><D43/><U24/><E24/><N who="2" m="16391" /><F108/><W75/><G50/><T83/><D79/><U31/><E31/><V26/><F26/><W13/><G29/><T111/><D72/><U51/><E51/><V130/><F130/><W122/><G75/><T33/><D33/><U91/><AGARI ba="0,0" hai="85,86,91,94,98,112,113,114" m="39497,50697" machi="91" ten="40,5200,0" yaku="20,1,34,2" doraHai="8" who="1" fromWho="1" sc="136,-13,569,52,55,-26,240,-13" /><INIT seed="3,0,0,0,2,49" ten="123,621,29,227" oya="3" hai0="125,116,29,100,34,82,44,42,114,33,18,90,131" hai1="12,27,78,10,2,22,17,65,53,101,109,120,59" hai2="97,83,23,126,7,68,57,81,121,66,94,47,19" hai3="15,75,88,20,119,115,74,107,26,40,113,25,92"/><W122/><G119/><T93/><D116/><U85/><E109/><V62/><F126/><W30/><G107/><T14/><D125/><U1/><E120/><V80/><F121/><W3/><G3/><T61/><D131/><U64/><E101/><V72/><F7/><W127/><G122/><T112/><D82/><N who="1" m="47319" /><E1/><V67/><F67/><W35/><G127/><T39/><D61/><N who="1" m="36079" /><E2/><V124/><F124/><W9/><G40/><T56/><D56/><U4/><AGARI ba="0,0" hai="4,10,12,17,22,27,64,65" m="36079,47319" machi="4" ten="30,2000,0" yaku="8,1,52,1" doraHai="49" who="1" fromWho="1" sc="123,-5,621,20,29,-5,227,-10" /><INIT seed="4,0,0,3,5,82" ten="118,641,24,217" oya="0" hai0="67,8,132,57,6,78,95,101,100,37,15,80,46" hai1="63,61,20,93,97,16,59,123,86,53,73,84,74" hai2="68,65,105,90,38,47,133,36,13,11,60,0,49" hai3="99,85,9,42,116,29,130,107,112,51,114,27,32"/><T62/><D132/><U88/><E123/><V72/><F0/><W17/><G116/><T54/><D95/><U70/><E74/><V135/><F72/><W7/><G17/><T117/><D117/><U122/><E73/><V25/><F25/><W134/><G130/><T125/><D125/><U26/><E122/><V45/><F105/><W102/><G134/><N who="2" m="51209" /><F90/><W113/><G85/><N who="0" m="48279" /><D37/><N who="2" m="14442" /><F13/><N who="3" m="5311" /><G51/><AGARI ba="0,0" hai="6,8,15,46,51,54,57,62,67,100,101" m="48279" machi="51" ten="30,2900,0" yaku="8,1,52,1" doraHai="82" who="0" fromWho="3" sc="118,29,641,0,24,0,217,-29" /><INIT seed="4,1,0,2,4,34" ten="147,641,24,188" oya="0" hai0="30,100,72,134,129,104,92,52,31,3,70,107,73" hai1="128,32,36,49,113,67,127,93,48,95,101,116,41" hai2="91,81,112,64,118,110,21,61,87,78,33,13,2" hai3="44,14,40,75,47,80,102,133,74,114,29,109,45"/><T131/><D70/><U120/><E116/><V46/><F110/><W68/><G109/><T125/><D92/><U108/><E120/><V63/><F33/><W50/><G68/><T27/><D100/><U79/><E32/><V15/><F118/><W90/><G90/><T18/><D18/><U123/><E79/><V26/><F112/><W77/><G75/><T135/><D27/><U35/><E35/><V97/><F2/><W85/><G74/><N who="0" m="28779" /><D52/><U22/><E95/><N who="2" m="56575" /><F46/><W119/><G45/><T12/><D12/><N who="2" m="4682" /><F64/><W82/><G47/><T55/><D55/><U17/><E67/><V19/><AGARI ba="1,0" hai="19,21,26,61,63,78,81,87" m="4682,56575" machi="19" ten="30,1100,0" yaku="8,1" doraHai="34" who="2" fromWho="2" sc="147,-6,641,-4,24,14,188,-4" /><INIT seed="5,0,0,2,3,89" ten="141,637,38,184" oya="1" hai0="117,91,38,84,93,68,24,116,104,82,41,103,77" hai1="70,53,58,85,63,105,51,101,126,115,125,49,55" hai2="57,102,25,132,114,134,123,29,0,88,50,36,106" hai3="3,75,107,121,56,99,7,96,59,15,23,54,22"/><U127/><E101/><V95/><F36/><W60/><G75/><T71/><D24/><U110/><E105/><V19/><F123/><W31/><G3/><T128/><D41/><U1/><E1/><V20/><F0/><W94/><G107/><T109/><D38/><U33/><E33/><V108/><F108/><W129/><G129/><T124/><D109/><U80/><E110/><V12/><F114/><W45/><G45/><T83/><D83/><U90/><E115/><V79/><F79/><W52/><G99/><N who="0" m="61567" /><D128/><U21/><E70/><N who="0" m="26665" /><D124/><U86/><E21/><V4/><F4/><W135/><G31/><T2/><D2/><U26/><E26/><V67/><F106/><W32/><G7/><T6/><D6/><U65/><E86/><V44/><F102/><W13/><G13/><T78/><D78/><U34/><E34/><V43/><F57/><W5/><G32/><T62/><D62/><U46/><REACH who="1" step="1"/><E49/><REACH who="1" ten="141,627,38,184" step="2"/><V119/><F119/><W18/><G23/><T35/><D35/><U98/><E98/><V113/><F113/><W28/><G22/><T47/><D116/><U97/><E97/><V10/><REACH who="2" step="1"/><F67/><AGARI ba="0,1" hai="46,51,53,55,58,63,65,67,80,85,90,125,126,127" machi="67" ten="40,7700,0" yaku="1,1,18,1,53,1" doraHai="89" doraHaiUra="40" who="1" fromWho="2" sc="141,0,627,87,38,-77,184,0" owari="141,-25.9,714,81.4,-39,-53.9,184,-1.6" /></mjloggm>