<mjloggm ver="2.3"><GO type="169" lobby="0"/><UN n0="%E9%81%8A%E8%B5%B0" n1="%E6%89%8B%E6%89%93%E3%81%A1%E3%81%8D%E3%81%97%E3%82%81%E3%82%93" n2="%E5%8D%88%E5%BE%8C%E3%82%B4%E3%83%AA%E3%83%A9" n3="%52%65%63%61%6C%74%71" dan="16,18,16,16" rate="2196.46,2200.91,2151.54,2141.39" sx="F,M,M,M"/><TAIKYOKU oya="0"/><INIT seed="0,0,0,5,4,31" ten="250,250,250,250" oya="0" hai0="58,40,131,4,135,84,109,120,56,98,112,118,125" hai1="60,52,24,61,80,57,8,49,45,64,42,48,102" hai2="13,83,76,99,12,21,117,130,104,124,101,0,127" hai3="88,69,1,113,133,93,43,17,62,39,100,85,6"/><T77/><D120/><U46/><E102/><V44/><F0/><W27/><G113/><T47/><D118/><U71/><E80/><V26/><F44/><W9/><G133/><T41/><D112/><U35/><E8/><V30/><F130/><W14/><G43/><T114/><D114/><U50/><E24/><V92/><F117/><W73/><G39/><T97/><D135/><U29/><E29/><V103/><F103/><W128/><G128/><T123/><D123/><U19/><E19/><V53/><F53/><W105/><G73/><T3/><D131/><U72/><E72/><V94/><F94/><W111/><G111/><T67/><D109/><U119/><E35/><V107/><F107/><W22/><G62/><N who="0" m="38343" /><D3/><U132/><E132/><V110/><F110/><W91/><G69/><T96/><D125/><N who="2" m="48202" /><F104/><W63/><G63/><T75/><D75/><AGARI ba="0,0" hai="12,13,21,26,30,75,76,83,92,99,101" m="48202" machi="75" ten="30,1000,0" yaku="18,1" doraHai="31" who="2" fromWho="0" sc="250,-10,250,0,250,10,250,0" /><INIT seed="1,0,0,2,3,61" ten="240,250,260,250" oya="1" hai0="47,13,23,76,51,108,54,128,0,16,14,20,46" hai1="11,58,98,92,91,95,71,41,66,72,35,85,90" hai2="18,94,110,25,81,56,84,69,80,118,38,67,129" hai3="102,17,24,31,48,8,6,111,116,73,33,78,132"/><U10/><E72/><V15/><F38/><W96/><G132/><T131/><D0/><U114/><E114/><V74/><F118/><W27/><G116/><T50/><D76/><U60/><E35/><V127/><F110/><W3/><G111/><T5/><D108/><U37/><E37/><V86/><F69/><W57/><G78/><T19/><REACH who="0" step="1"/><D5/><REACH who="0" ten="230,250,260,250" step="2"/><U104/><E41/><AGARI ba="0,1" hai="13,14,16,19,20,23,41,46,47,50,51,54,128,131" machi="41" ten="40,8000,1" yaku="1,1,2,1,9,1,54,1,53,0" doraHai="61" doraHaiUra="68" who="0" fromWho="1" sc="230,90,250,-80,260,0,250,0" /><INIT seed="2,0,0,0,4,50" ten="320,170,260,250" oya="2" hai0="65,107,129,93,67,58,14,92,116,108,49,53,13" hai1="31,60,125,74,30,18,12,86,69,19,66,1,43" hai2="47,71,46,87,124,135,54,21,90,101,130,100,68" hai3="131,127,132,83,104,111,113,28,9,117,39,23,64"/><V15/><F124/><W99/><G23/><T6/><D108/><U37/><E1/><V114/><F114/><W4/><G28/><T56/><D107/><U26/><E74/><V11/><F135/><W123/><G9/><N who="0" m="4279" /><D129/><U2/><E2/><V59/><F130/><W78/><G4/><T79/><D116/><U120/><E120/><V110/><F110/><W106/><G64/><N who="0" m="24651" /><D79/><U103/><E43/><V61/><F71/><W48/><G48/><T98/><D14/><U122/><E37/><V42/><F21/><W94/><G39/><T45/><D92/><U7/><E7/><N who="2" m="3583" /><F68/><W85/><G111/><T41/><D41/><U80/><E125/><V95/><F42/><W24/><G132/><T109/><D109/><U81/><E122/><V25/><F25/><W75/><G123/><T134/><D134/><U105/><E12/><V16/><F16/><W34/><G113/><T72/><D72/><U20/><E19/><V36/><F36/><W96/><G24/><T3/><D3/><U32/><E32/><V88/><F90/><AGARI ba="0,0" hai="45,49,53,56,58,90,93,98" m="24651,4279" machi="90" ten="30,2000,0" yaku="8,1,52,1" doraHai="50" who="0" fromWho="2" sc="320,20,170,0,260,-20,250,0" /><INIT seed="3,0,0,5,5,135" ten="340,170,240,250" oya="3" hai0="26,53,46,132,54,33,74,47,4,61,65,27,1" hai1="127,67,69,83,0,45,35,105,110,130,86,71,34" hai2="119,2,12,8,14,21,108,19,49,94,99,111,101" hai3="84,124,120,88,20,91,44,36,18,79,22,104,28"/><W89/><G120/><T106/><D74/><U102/><E0/><V58/><F2/><W24/><G104/><T11/><D106/><U103/><E110/><V131/><F119/><W97/><G124/><T55/><D132/><U133/><E133/><V77/><F131/><W43/><G97/><T90/><D90/><U39/><E105/><V42/><F77/><W73/><G79/><T98/><D98/><U118/><E67/><V62/><F49/><W64/><G64/><T95/><D95/><U40/><E130/><V72/><F42/><W128/><G128/><T56/><D27/><U115/><E115/><V50/><F50/><W63/><G63/><T78/><REACH who="0" step="1"/><D78/><REACH who="0" ten="330,170,240,250" step="2"/><U82/><E118/><V31/><F72/><W126/><G126/><T38/><D38/><U5/><E39/><V93/><F94/><W16/><G73/><T66/><D66/><U96/><E96/><V13/><F111/><W75/><G75/><T116/><D116/><U70/><E127/><V6/><F108/><W57/><G57/><T68/><D68/><U59/><E59/><V60/><F58/><W125/><G125/><T37/><D37/><U81/><E71/><V87/><F87/><W80/><REACH who="3" step="1"/><G28/><AGARI ba="0,1" hai="1,4,11,26,28,33,46,47,53,54,55,56,61,65" machi="28" ten="40,5200,0" yaku="1,1,53,2" doraHai="135" doraHaiUra="41" who="0" fromWho="3" sc="330,62,170,0,240,0,250,-52" /><INIT seed="4,0,0,5,3,23" ten="392,170,240,198" oya="0" hai0="39,62,119,107,128,75,106,60,95,15,19,35,33" hai1="58,63,17,45,103,69,85,26,91,89,113,42,130" hai2="111,67,31,127,34,100,27,48,7,36,20,116,121" hai3="134,105,54,4,98,46,129,61,52,112,97,59,30"/><T11/><D119/><U13/><E130/><V70/><F36/><W123/><G112/><T43/><D75/><U73/><E73/><V0/><F111/><W50/><G123/><T37/><D128/><U25/><E69/><V110/><F110/><W102/><G129/><T28/><D95/><U47/><E103/><V88/><F121/><W3/><G134/><T9/><D15/><U57/><E113/><V122/><F122/><W53/><G98/><T21/><D21/><U82/><E91/><V84/><F100/><W8/><REACH who="3" step="1"/><G30/><REACH who="3" ten="392,170,240,188" step="2"/><T135/><D28/><U32/><E32/><V117/><F117/><W66/><AGARI ba="0,1" hai="3,4,8,46,50,52,53,54,59,61,66,97,102,105" machi="66" ten="20,12000,2" yaku="1,1,2,1,0,1,7,1,54,1,53,1" doraHai="23" doraHaiUra="41" who="3" fromWho="3" sc="392,-60,170,-30,240,-30,188,130" /><INIT seed="5,0,0,2,3,88" ten="332,140,210,318" oya="1" hai0="87,53,121,73,96,80,108,104,106,25,95,99,18" hai1="22,128,119,111,38,116,90,46,113,52,103,134,89" hai2="123,78,71,131,45,34,112,65,82,85,122,15,54" hai3="92,58,86,57,37,51,74,36,4,43,83,63,127"/><U20/><E134/><V14/><F34/><W101/><G127/><T1/><D1/><U64/><E64/><V41/><F131/><W130/><G4/><T107/><D108/><U50/><E128/><V110/><F110/><W8/><G8/><T105/><D53/><U13/><E111/><V126/><F126/><W9/><G9/><T56/><D56/><U100/><E38/><V91/><F54/><W115/><G74/><T62/><D62/><U24/><E113/><V44/><F112/><W7/><G7/><T118/><D118/><U77/><E77/><V114/><F114/><W69/><G69/><T39/><D39/><U94/><E90/><V133/><F133/><W124/><G51/><T55/><D55/><U6/><E116/><V76/><F65/><W42/><G130/><T31/><D18/><N who="1" m="10319" /><E6/><V5/><F71/><W29/><G37/><T70/><D70/><U28/><E119/><V0/><F0/><W67/><G67/><T135/><D135/><U125/><E125/><V21/><F123/><W2/><G36/><T60/><D60/><U47/><E46/><V129/><F122/><W102/><G2/><T93/><D121/><U40/><E40/><V109/><F109/><W98/><G124/><T49/><D49/><U11/><E11/><N who="2" m="4463" /><F129/><W84/><G42/><T59/><D73/><U30/><E30/><V32/><F32/><W120/><G43/><T66/><D66/><U27/><E27/><V19/><F41/><W35/><G120/><T97/><N who="0" m="26624" /><DORA hai="16" /><T79/><D59/><U61/><E61/><V17/><F17/><W68/><G115/><RYUUKYOKU ba="0,0" sc="332,10,140,10,210,10,318,-30" hai0="25,31,79,80,87,93,95,96,97,99" hai1="22,24,28,47,50,52,89,94,100,103" hai2="15,19,21,44,45,76,78,82,85,91" /><INIT seed="5,1,0,5,3,40" ten="342,150,220,288" oya="1" hai0="97,89,55,70,16,59,122,13,8,68,23,83,50" hai1="45,124,22,103,65,32,52,129,81,18,72,6,62" hai2="44,24,36,31,84,1,134,111,37,114,58,127,64" hai3="112,5,105,86,88,119,20,121,78,51,14,21,98"/><U100/><E32/><V77/><F111/><W135/><G121/><T108/><D108/><U10/><E124/><V60/><F1/><W34/><G135/><T73/><D122/><U42/><E129/><V126/><F134/><W130/><G34/><T80/><D23/><U7/><E72/><V128/><F128/><W106/><G130/><T33/><D33/><U69/><E81/><V27/><F114/><W125/><G125/><N who="2" m="47625" /><F36/><W91/><G112/><T48/><D48/><U12/><E52/><N who="2" m="33863" /><F31/><W47/><G105/><T11/><D11/><U76/><E76/><V29/><F29/><W9/><G106/><T74/><D80/><U104/><E104/><V26/><F64/><W93/><G78/><T113/><D113/><U56/><E69/><V87/><F77/><W75/><G75/><T15/><D68/><U109/><E109/><V95/><F95/><N who="3" m="54679" /><G119/><T102/><D70/><U90/><E90/><V131/><F131/><W53/><AGARI ba="1,0" hai="5,9,14,20,21,47,51,53,91,93,98" m="54679" machi="53" ten="30,4000,0" yaku="8,1,52,1,54,1" doraHai="40" who="3" fromWho="3" sc="342,-11,150,-21,220,-11,288,43" /><INIT seed="6,0,0,5,2,41" ten="331,129,209,331" oya="2" hai0="18,3,37,123,109,98,58,53,23,28,24,133,20" hai1="132,22,88,102,86,100,62,2,26,56,19,121,128" hai2="87,45,4,108,127,67,50,104,38,16,83,63,81" hai3="69,90,99,9,60,122,135,48,126,8,68,111,71"/><V12/><F104/><W78/><G122/><T54/><D123/><U106/><E2/><V33/><F33/><W70/><G111/><T130/><D109/><U75/><E75/><V36/><F108/><W11/><G135/><T15/><D130/><U105/><E132/><V27/><F27/><W94/><G126/><T91/><D37/><U113/><E128/><V76/><F4/><W80/><G60/><T116/><D116/><U0/><E0/><V1/><F1/><W5/><N who="3" m="17408" /><DORA hai="66" /><W30/><G30/><T96/><D133/><U51/><E121/><V118/><F118/><W32/><G32/><T85/><D3/><U21/><E51/><V44/><F127/><W134/><G134/><T34/><D34/><U39/><E39/><V25/><F25/><W52/><G5/><T107/><D107/><U55/><E113/><V17/><F17/><W117/><G117/><T119/><D119/><U64/><E64/><V101/><F101/><W6/><G6/><T84/><D84/><U59/><E59/><N who="2" m="37375" /><F38/><W131/><G131/><T57/><D57/><U114/><E114/><V82/><F36/><W129/><G129/><T97/><D58/><U73/><E73/><V14/><F50/><W115/><G115/><T112/><REACH who="0" step="1"/><D112/><REACH who="0" ten="321,129,209,331" step="2"/><U13/><E105/><V40/><F40/><W95/><G95/><AGARI ba="0,1" hai="15,18,20,23,24,28,53,54,85,91,95,96,97,98" machi="95" ten="40,5200,0" yaku="1,1,2,1,8,1,53,0" doraHai="41,66" doraHaiUra="120,46" who="0" fromWho="3" sc="321,62,129,0,209,0,331,-52" /><INIT seed="7,0,0,5,0,128" ten="383,129,209,279" oya="3" hai0="32,86,62,130,73,108,82,101,74,33,109,14,8" hai1="87,93,95,35,53,60,50,83,117,90,68,70,126" hai2="132,123,9,15,118,2,106,85,129,57,13,26,28" hai3="37,38,61,45,103,47,7,81,34,56,17,107,23"/><W29/><G7/><T100/><D62/><U51/><E35/><V121/><F106/><W25/><G38/><T80/><D8/><U102/><E126/><V63/><F118/><W64/><G37/><T75/><D14/><U116/><E60/><V77/><F2/><W135/><G135/><T76/><D130/><U46/><E102/><N who="0" m="39529" /><D33/><U69/><REACH who="1" step="1"/><E51/><REACH who="1" ten="383,119,209,279" step="2"/><V27/><F63/><W114/><G103/><T113/><D32/><U99/><E99/><V0/><F129/><W30/><G34/><T49/><D49/><U41/><E41/><V22/><F123/><W18/><G107/><T89/><D113/><U97/><E97/><V58/><F121/><W111/><G114/><T66/><D66/><U42/><E42/><V4/><F0/><W5/><G61/><T65/><D65/><U122/><E122/><V54/><F54/><W127/><G64/><T124/><D124/><U131/><E131/><V78/><F22/><W11/><G23/><T19/><D19/><U24/><E24/><V48/><F48/><W12/><G25/><T67/><D67/><U120/><E120/><V88/><F27/><W133/><G18/><T110/><AGARI ba="0,1" hai="73,74,75,76,80,82,86,89,108,109,110" m="39529" machi="110" ten="40,2700,0" yaku="34,2" doraHai="128" who="0" fromWho="0" sc="383,37,119,-7,209,-7,279,-13" owari="420,52.0,112,-38.8,202,-19.8,266,6.6" /></mjloggm>