<mjloggm ver="2.3"><GO type="169" lobby="0"/><UN n0="%E3%82%AA%E3%83%AC%E3%83%B3%E3%82%B8%E5%A4%AA%E9%83%8E" n1="%E3%81%BE%E3%82%8B%E3%81%A8%E3%83%BC" n2="%E3%81%95%E3%82%88%E3%81%AA%E3%82%89%E3%83%9A%E3%81%BA%E3%83%9A" n3="%E3%83%88%E3%82%B7%E3%83%95%E3%83%BC%E3%83%8B" dan="16,16,16,16" rate="2167.85,2063.48,2129.70,2139.56" sx="M,M,F,M"/><TAIKYOKU oya="0"/><INIT seed="0,0,0,1,0,8" ten="250,250,250,250" oya="0" hai0="96,93,97,11,23,92,14,56,130,106,102,67,40" hai1="117,88,81,74,53,24,119,112,52,12,108,131,50" hai2="120,17,16,58,44,125,51,30,43,109,135,20,77" hai3="32,104,105,80,121,19,2,110,25,72,76,134,73"/><T29/><D130/><U33/><E131/><V4/><F120/><W57/><G121/><T49/><D40/><U111/><E112/><V115/><F115/><W59/><G2/><T94/><D49/><U22/><E33/><V129/><F129/><W46/><G134/><T127/><D127/><U75/><E24/><N who="2" m="16647" /><F109/><N who="1" m="42057" /><E75/><V122/><F122/><W65/><G110/><T132/><D132/><U71/><E71/><V64/><F135/><W126/><G126/><T18/><D106/><U7/><E74/><V79/><F125/><W69/><G46/><T95/><D95/><U55/><E50/><N who="2" m="26911" /><F4/><W28/><G73/><T13/><D97/><U84/><E7/><V10/><F51/><W27/><G69/><T48/><D29/><U107/><E107/><V118/><F118/><W82/><G105/><T86/><D86/><U26/><E26/><V89/><F89/><W78/><G104/><T100/><D100/><U21/><E21/><V87/><F87/><W124/><G124/><T61/><D48/><U70/><E70/><V41/><F41/><W42/><G42/><T98/><D98/><U85/><E84/><V9/><F9/><W128/><G128/><T91/><D102/><U31/><E31/><V123/><F123/><W60/><G76/><N who="2" m="29257" /><F10/><W90/><G90/><T116/><D116/><U54/><N who="1" m="13312" /><DORA hai="15" /><U101/><E101/><V68/><F68/><N who="3" m="42023" /><G80/><T0/><D0/><U3/><E3/><V83/><F83/><W5/><G5/><AGARI ba="0,0" hai="5,11,13,14,18,23,56,61,67,91,92,93,94,96" machi="5" ten="30,12000,1" yaku="7,1,8,1,52,3" doraHai="8,15" who="0" fromWho="3" sc="250,120,250,0,250,0,250,-120" /><INIT seed="0,1,0,4,5,48" ten="370,250,250,130" oya="0" hai0="89,45,88,74,65,127,84,20,130,15,118,99,54" hai1="76,2,8,42,37,72,9,36,24,110,86,90,92" hai2="25,51,81,106,35,32,64,79,91,67,94,11,17" hai3="34,123,47,114,69,96,105,129,7,104,97,125,68"/><T22/><D74/><U78/><E110/><V33/><F106/><N who="3" m="41067" /><G7/><T3/><D3/><U116/><E116/><V23/><F11/><W41/><G114/><T83/><D118/><U29/><E72/><V39/><F39/><W53/><G41/><T131/><D65/><U103/><E37/><V5/><F5/><W132/><G47/><T119/><D127/><U87/><E36/><V71/><F71/><N who="3" m="27211" /><G125/><T124/><D124/><U117/><E117/><V112/><F112/><W38/><G38/><T100/><D119/><U18/><E42/><V66/><F51/><W46/><G46/><T121/><D100/><U6/><E103/><V28/><F81/><W85/><G85/><T10/><D99/><N who="3" m="37961" /><G53/><T102/><D102/><U59/><E87/><V62/><F79/><W4/><G4/><T55/><D45/><U82/><E82/><V13/><F62/><W109/><G109/><T120/><D83/><U133/><E78/><V27/><REACH who="2" step="1"/><F13/><REACH who="2" ten="370,250,240,130" step="2"/><W63/><G63/><T107/><D15/><N who="1" m="7527" /><E76/><V58/><F58/><W135/><G123/><T108/><D107/><U134/><E59/><V128/><F128/><W44/><G44/><T113/><D108/><U101/><E2/><V75/><F75/><W1/><G1/><T21/><D113/><U16/><E6/><V0/><F0/><W98/><G129/><N who="0" m="49163" /><D10/><U60/><E9/><V93/><F93/><W61/><G61/><T80/><D89/><U95/><E60/><V40/><F40/><W12/><G12/><T14/><D14/><U50/><E101/><V43/><F43/><W19/><G135/><T52/><AGARI ba="1,1" hai="20,21,22,52,54,55,80,84,88,120,121" m="49163" machi="52" ten="40,18000,2" yaku="5,1,19,1,52,3,54,2" doraHai="48" who="0" fromWho="0" sc="370,193,250,-61,240,-61,130,-61" /><INIT seed="0,2,0,5,2,97" ten="563,189,179,69" oya="0" hai0="28,62,44,7,114,92,20,131,19,134,45,47,36" hai1="98,31,128,83,113,72,103,33,13,90,79,63,118" hai2="102,82,117,108,10,0,115,58,99,107,74,95,123" hai3="132,24,69,50,81,121,61,60,35,111,66,8,3"/><T22/><D114/><U85/><E118/><V29/><F115/><W125/><G111/><T6/><D36/><U67/><E128/><V43/><F123/><W76/><G121/><T86/><D134/><U116/><E116/><V39/><F117/><W5/><G132/><T46/><D131/><U122/><E122/><V100/><F108/><W9/><G125/><T124/><D124/><U37/><E37/><V18/><F29/><W54/><G61/><T109/><D109/><U133/><E133/><V89/><F58/><W21/><G8/><T126/><D126/><U68/><E113/><V1/><F18/><W34/><G50/><T53/><D28/><U52/><E13/><V56/><F56/><W59/><G54/><T48/><D62/><U14/><E14/><V84/><F10/><W70/><G59/><T38/><D38/><U75/><E52/><V87/><F74/><W11/><G11/><T26/><D22/><U80/><E75/><V78/><REACH who="2" step="1"/><F100/><REACH who="2" ten="563,189,169,69" step="2"/><W120/><G120/><T23/><D23/><U64/><E31/><V30/><F30/><W104/><G70/><T94/><D45/><AGARI ba="2,1" hai="0,1,39,43,45,78,82,84,87,89,95,99,102,107" machi="45" ten="40,2600,0" yaku="1,1,52,1,53,0" doraHai="97" doraHaiUra="65" who="2" fromWho="0" sc="563,-32,189,0,169,42,69,0" /><INIT seed="1,0,0,1,1,27" ten="531,189,211,69" oya="1" hai0="64,25,63,35,74,56,0,4,30,57,123,113,80" hai1="125,51,132,90,118,68,99,9,5,26,52,73,1" hai2="130,11,19,129,75,81,124,79,85,60,105,131,104" hai3="121,43,92,24,101,33,42,58,87,119,8,47,10"/><U134/><E118/><V66/><F19/><W116/><G121/><T40/><D113/><U100/><E73/><V77/><F11/><W16/><G58/><T37/><D123/><U12/><E68/><V83/><REACH who="2" step="1"/><F124/><REACH who="2" ten="531,189,201,69" step="2"/><W15/><G10/><T91/><D4/><U39/><E125/><V82/><F82/><W93/><G116/><T20/><D80/><U109/><E109/><V96/><F96/><W95/><G119/><T32/><D0/><U41/><E1/><V98/><F98/><W71/><G101/><T69/><D74/><U36/><E100/><V122/><F122/><W127/><G127/><T28/><D91/><U2/><E2/><V53/><F53/><W21/><G71/><AGARI ba="0,1" hai="60,66,71,75,77,79,81,83,85,104,105,129,130,131" machi="71" ten="40,2600,0" yaku="1,1,19,1,53,0" doraHai="27" doraHaiUra="3" who="2" fromWho="3" sc="531,0,189,0,201,36,69,-26" /><INIT seed="2,0,0,5,0,73" ten="531,189,237,43" oya="2" hai0="61,14,121,90,0,59,40,74,10,76,85,91,120" hai1="122,12,83,38,34,51,123,129,72,2,69,77,31" hai2="110,128,49,107,30,135,65,63,35,57,93,134,45" hai3="33,81,108,62,132,54,42,13,66,3,89,80,1"/><V58/><F107/><W86/><G132/><N who="2" m="50729" /><F93/><W94/><G108/><T29/><D0/><U15/><E2/><V99/><F99/><W22/><G33/><T88/><D74/><U36/><E69/><N who="2" m="42175" /><F30/><W84/><G54/><T26/><D40/><U64/><E64/><V32/><F110/><W124/><G42/><T37/><D37/><U109/><E109/><V25/><F25/><W92/><G124/><T11/><D120/><N who="1" m="46123" /><E31/><V98/><F98/><W118/><G118/><T4/><D121/><U87/><E34/><N who="2" m="12843" /><F128/><W23/><G66/><T105/><D105/><U8/><E129/><V52/><AGARI ba="0,0" hai="45,49,52,57,58" m="12843,42175,50729" machi="52" ten="30,3000,0" yaku="20,1,54,1" doraHai="73" who="2" fromWho="2" sc="531,-10,189,-10,237,30,43,-10" /><INIT seed="2,1,0,5,3,85" ten="521,179,267,33" oya="2" hai0="104,98,48,125,96,35,63,94,71,62,81,38,88" hai1="87,106,24,23,97,8,29,105,20,31,2,12,113" hai2="86,124,15,16,69,22,79,121,58,119,76,117,42" hai3="65,80,78,116,60,123,64,101,107,83,3,82,89"/><V75/><F69/><W122/><G3/><T37/><D125/><U74/><E74/><V57/><F121/><W67/><G116/><T18/><D35/><U21/><E113/><V39/><F124/><W28/><G78/><T51/><D104/><U50/><E2/><V61/><F75/><W44/><G28/><T135/><D135/><U108/><E108/><V134/><F134/><W45/><G60/><N who="0" m="23083" /><D38/><U27/><E23/><V126/><F126/><W132/><G132/><T118/><D71/><U4/><E97/><V100/><F117/><W0/><G0/><T112/><D37/><U68/><E68/><V103/><F119/><W99/><REACH who="3" step="1"/><G89/><REACH who="3" ten="521,179,267,23" step="2"/><N who="0" m="55375" /><D118/><U129/><E129/><V6/><F79/><W84/><G84/><N who="0" m="50191" /><D112/><U1/><E1/><V34/><F76/><W11/><G11/><T95/><D18/><U133/><E133/><V102/><F16/><W30/><G30/><T70/><D70/><U19/><E19/><V14/><F86/><W77/><G77/><T111/><D111/><U93/><E87/><V56/><F103/><AGARI ba="1,1" hai="48,51,95,98,103" m="50191,55375,23083" machi="103" ten="30,7700,0" yaku="8,1,52,2,54,1" doraHai="85" who="0" fromWho="2" sc="521,90,179,0,267,-80,23,0" /><INIT seed="3,0,0,0,0,40" ten="611,179,187,23" oya="3" hai0="110,31,49,121,132,67,15,34,98,62,78,16,81" hai1="28,69,50,126,101,90,120,131,57,114,113,30,74" hai2="73,39,116,124,122,83,82,103,91,77,55,92,42" hai3="133,14,2,60,33,26,51,75,79,70,88,89,35"/><W10/><G2/><T59/><D121/><U45/><E120/><V41/><F122/><W24/><G75/><T94/><D132/><U109/><E74/><V63/><F116/><W66/><G79/><T37/><D37/><U130/><E69/><V128/><F124/><W117/><G117/><T3/><D3/><U6/><E6/><V71/><F128/><N who="1" m="49193" /><E126/><V52/><F103/><W86/><G133/><T4/><D4/><U118/><E118/><V23/><F82/><W119/><G119/><T87/><D34/><U76/><E76/><V97/><F23/><W20/><G51/><T36/><D36/><U0/><E0/><V1/><F1/><W22/><G22/><T100/><D49/><U80/><E57/><V18/><F18/><W134/><G134/><T25/><D110/><U54/><E101/><V102/><F102/><W61/><G61/><T64/><D31/><N who="1" m="11819" /><E109/><V123/><F123/><W12/><G12/><T27/><D67/><U21/><E21/><AGARI ba="0,0" hai="15,16,21,25,27,59,62,64,78,81,87,94,98,100" machi="21" ten="30,3900,0" yaku="7,1,8,1,54,1" doraHai="40" who="0" fromWho="1" sc="611,39,179,-39,187,0,23,0" /><INIT seed="4,0,0,4,3,82" ten="650,140,187,23" oya="0" hai0="114,95,22,1,17,21,10,41,56,44,75,24,6" hai1="135,124,47,53,77,74,55,72,19,60,122,15,50" hai2="29,38,64,4,7,0,116,109,9,8,36,133,98" hai3="104,79,59,49,33,130,94,3,63,61,65,87,100"/><T52/><D75/><U106/><E122/><V71/><F116/><W27/><G3/><T134/><D134/><U123/><E123/><V112/><F133/><W99/><G130/><T86/><D22/><U92/><E135/><V48/><F109/><W39/><G39/><T42/><D114/><U103/><E106/><V132/><F132/><W108/><G108/><T80/><D95/><U69/><E124/><V43/><F112/><W30/><G49/><T23/><D21/><U111/><E111/><V40/><F98/><W96/><G63/><T121/><D44/><U107/><E107/><V18/><F29/><W26/><G26/><T88/><D121/><U84/><E69/><V51/><F18/><W125/><G125/><T89/><D89/><U5/><E5/><V97/><F97/><W34/><G34/><T14/><D1/><U11/><E103/><V128/><F128/><W16/><G16/><T46/><D46/><U68/><E68/><V110/><F110/><W20/><G33/><T91/><D91/><U25/><E25/><V102/><F102/><N who="3" m="60695" /><G79/><T66/><D66/><U126/><E126/><V12/><F71/><W57/><G57/><T127/><D127/><U113/><E113/><V13/><F0/><W70/><G70/><T67/><D67/><AGARI ba="0,0" hai="4,7,8,9,12,13,36,38,40,43,48,51,64,67" machi="67" ten="25,1600,0" yaku="22,2" doraHai="82" who="2" fromWho="0" sc="650,-16,140,0,187,16,23,0" /><INIT seed="5,0,0,2,3,110" ten="634,140,203,23" oya="1" hai0="101,108,46,20,86,17,94,64,81,12,47,74,26" hai1="28,124,90,85,31,89,87,0,92,6,70,37,25" hai2="49,97,55,98,40,59,45,117,42,77,84,57,125" hai3="76,29,82,62,60,58,135,35,69,50,111,27,113"/><U8/><E124/><V109/><F125/><W10/><G111/><T122/><D108/><U133/><E133/><V24/><F117/><W91/><G135/><T54/><D64/><U44/><E70/><V106/><F109/><W32/><G32/><T30/><D122/><U65/><E65/><V1/><F106/><W95/><G69/><T128/><D128/><U71/><E71/><V100/><F1/><W134/><G134/><T72/><D54/><U33/><E31/><V51/><F24/><W129/><G129/><T132/><D132/><U16/><E44/><N who="2" m="25735" /><F100/><W115/><G50/><T11/><D74/><U93/><E37/><V127/><F127/><W2/><G10/><T114/><D114/><N who="3" m="43529" /><G2/><T43/><D43/><U7/><E0/><V102/><F102/><W68/><G68/><T88/><D72/><U83/><E83/><N who="2" m="47215" /><F59/><W105/><G105/><T34/><D34/><U13/><AGARI ba="0,0" hai="6,7,8,13,16,25,28,33,85,87,89,90,92,93" machi="13" ten="30,6000,0" yaku="0,1,9,1,54,1" doraHai="110" who="1" fromWho="1" sc="634,-20,140,60,203,-20,23,-20" /><INIT seed="5,1,0,4,4,51" ten="614,200,183,3" oya="1" hai0="2,62,32,31,73,94,111,27,91,50,41,30,100" hai1="117,57,29,128,46,42,44,61,68,47,23,135,69" hai2="28,87,99,39,43,123,82,96,13,75,88,17,120" hai3="92,125,14,11,116,15,8,76,56,121,129,122,49"/><U74/><E117/><V110/><F28/><W59/><G76/><T127/><D73/><U133/><E74/><V97/><F110/><W71/><G71/><N who="1" m="27210" /><E23/><V54/><F75/><W89/><G116/><T118/><D2/><U108/><E29/><V119/><F119/><W106/><G106/><T134/><D100/><U52/><E108/><V95/><F95/><W105/><G105/><T98/><D111/><U18/><E18/><V5/><F5/><W113/><G113/><T78/><D78/><U34/><E34/><V126/><F126/><W25/><G125/><T21/><D31/><U115/><E115/><V90/><F90/><W37/><G37/><T104/><D91/><U101/><E101/><V20/><REACH who="2" step="1"/><F54/><REACH who="2" ten="614,200,173,3" step="2"/><N who="3" m="31823" /><G129/><T60/><D94/><U19/><E19/><V131/><F131/><W63/><G122/><T124/><D30/><U0/><E128/><V66/><F66/><N who="3" m="39295" /><G121/><T72/><D72/><U132/><E0/><V107/><F107/><W114/><G114/><T4/><D104/><U130/><E130/><V24/><F24/><W64/><G25/><T58/><D27/><U84/><E84/><V103/><F103/><W9/><G64/><T12/><D124/><U109/><E109/><V16/><F16/><N who="3" m="8263" /><G15/><T79/><D12/><U112/><E112/><V55/><F55/><W48/><G48/><AGARI ba="1,1" hai="42,44,46,47,48,52,57,61,132,133,135" m="27210" machi="48" ten="40,12000,1" yaku="20,1,34,2,52,1,54,1" doraHai="51" who="1" fromWho="3" sc="614,0,200,133,173,0,3,-123" owari="614,71.4,333,13.3,173,-22.7,-120,-62.0" /></mjloggm>