<mjloggm ver="2.3"><GO type="169" lobby="0"/><UN n0="%E3%81%91%E3%83%BC%E3%81%9E%E3%81%88" n1="%E3%82%82%E3%81%93%E3%81%BF" n2="%E6%9E%95%E9%AD%9A" n3="%67%78%7A" dan="17,16,16,18" rate="2140.25,2080.76,2096.37,2256.80" sx="F,M,F,F"/><TAIKYOKU oya="0"/><INIT seed="0,0,0,2,5,49" ten="250,250,250,250" oya="0" hai0="69,80,126,90,11,41,130,132,107,25,62,17,112" hai1="75,91,72,84,14,71,111,70,104,120,21,67,18" hai2="102,81,58,82,135,43,95,117,59,15,97,98,65" hai3="46,42,108,56,32,106,128,2,57,50,30,19,61"/><T45/><D112/><U119/><E111/><V110/><F110/><W34/><G108/><T122/><D122/><U20/><E119/><V121/><F121/><W60/><G106/><T87/><D107/><U124/><E124/><V31/><F135/><W9/><G128/><T86/><D130/><U113/><E104/><V116/><F43/><W88/><G30/><T4/><D132/><U127/><E127/><V24/><F98/><W131/><G131/><T55/><D126/><U96/><E96/><V134/><F134/><W53/><G19/><T22/><D69/><U101/><E101/><V40/><F40/><W38/><G88/><T64/><D64/><U118/><E118/><N who="2" m="45675" /><F15/><W26/><G26/><T39/><D62/><U66/><E113/><V73/><F65/><W114/><G114/><T79/><D55/><U44/><E67/><V7/><F7/><W83/><G83/><N who="2" m="31753" /><F73/><W100/><G100/><T8/><REACH who="0" step="1"/><D4/><REACH who="0" ten="240,250,250,250" step="2"/><U51/><E66/><V29/><F29/><W74/><G60/><T0/><D0/><U37/><E71/><V78/><F78/><W77/><G77/><T48/><D48/><U125/><E51/><V115/><F115/><W103/><G2/><T35/><D35/><AGARI ba="0,1" hai="24,31,35,58,59,95,97,102" m="31753,45675" machi="35" ten="30,1000,0" yaku="12,1" doraHai="49" who="2" fromWho="0" sc="240,-10,250,0,250,20,250,0" /><INIT seed="1,0,0,0,4,60" ten="230,250,270,250" oya="1" hai0="112,92,81,2,106,44,133,105,55,19,84,111,131" hai1="22,46,17,58,18,45,102,15,86,16,104,21,64" hai2="34,13,91,118,109,11,134,120,62,20,95,99,12" hai3="119,110,127,70,71,85,6,36,126,9,26,29,23"/><U125/><E125/><N who="3" m="47626" /><G36/><T8/><D112/><U63/><E104/><V24/><F118/><W123/><G123/><T65/><D111/><U5/><E102/><V87/><F34/><W38/><G38/><T32/><D32/><U37/><E37/><V59/><F134/><W57/><G110/><T97/><D133/><U79/><E5/><V77/><F120/><W94/><G119/><T49/><D2/><U93/><E18/><V108/><F108/><W114/><G114/><T76/><D131/><U73/><E73/><V66/><F109/><W74/><G74/><T82/><D82/><N who="1" m="47455" /><E93/><V56/><F56/><W14/><G57/><T103/><D106/><U83/><E83/><N who="2" m="47599" /><F11/><W35/><G35/><T107/><D107/><U90/><E90/><AGARI ba="0,0" hai="6,9,14,23,26,29,70,71,85,90,94" m="47626" machi="90" ten="30,1000,0" yaku="18,1" doraHai="60" who="3" fromWho="1" sc="230,0,250,-10,270,0,250,10" /><INIT seed="2,0,0,2,1,36" ten="230,240,270,260" oya="2" hai0="33,26,65,124,104,54,63,72,31,29,14,106,1" hai1="28,123,71,131,12,0,110,18,85,79,107,45,109" hai2="132,32,40,44,39,91,59,95,130,7,46,67,77" hai3="118,117,6,108,113,83,38,115,93,48,58,121,114"/><V80/><F32/><W10/><G38/><T53/><D124/><U24/><E0/><V57/><F130/><W35/><G35/><T50/><D1/><U73/><E73/><V70/><F132/><W127/><G127/><T3/><D3/><U120/><E71/><V128/><F7/><W98/><G83/><T19/><D31/><U84/><E107/><V62/><F44/><W68/><G68/><T61/><D72/><U135/><E45/><V97/><REACH who="2" step="1"/><F128/><REACH who="2" ten="230,240,260,260" step="2"/><W64/><G121/><N who="1" m="46666" /><E135/><V56/><F56/><W86/><G58/><T51/><D33/><N who="1" m="20615" /><E131/><V4/><F4/><W87/><G6/><T49/><D29/><U2/><E2/><V126/><F126/><W60/><G114/><T22/><D63/><U23/><E79/><V100/><F100/><W43/><G113/><T99/><D61/><U42/><E42/><V16/><F16/><W69/><G115/><T116/><D19/><U11/><E11/><V20/><F20/><W55/><G43/><T52/><D22/><U47/><E47/><V75/><AGARI ba="0,1" hai="39,40,46,57,59,62,67,70,75,77,80,91,95,97" machi="75" ten="20,7800,0" yaku="1,1,0,1,7,1,52,1,53,0" doraHai="36" doraHaiUra="103" who="2" fromWho="2" sc="230,-26,240,-26,260,88,260,-26" /><INIT seed="2,1,0,4,3,57" ten="204,214,348,234" oya="2" hai0="32,92,28,124,65,119,37,23,91,121,44,12,114" hai1="98,36,54,97,80,84,63,21,43,128,118,58,100" hai2="90,71,106,33,29,51,66,24,38,130,8,83,120" hai3="117,3,46,0,104,5,95,75,35,112,132,27,73"/><V1/><F120/><W48/><G117/><T4/><D114/><U87/><E128/><V133/><F51/><W18/><G104/><T116/><D121/><U103/><E118/><V47/><F90/><W13/><G132/><T49/><D124/><U64/><E36/><V17/><F17/><W88/><G112/><T45/><D37/><U61/><E43/><N who="2" m="23031" /><F83/><W129/><G129/><T31/><D45/><U96/><E21/><V101/><F130/><W62/><G0/><T89/><D32/><U53/><E54/><V93/><F93/><W122/><G122/><T6/><D65/><U127/><E127/><V59/><F59/><W115/><G115/><T85/><D116/><U40/><E40/><V78/><F78/><W11/><G35/><T125/><D125/><U126/><E126/><V81/><F81/><W72/><G27/><T14/><D91/><U25/><E25/><V110/><F133/><W111/><G62/><T15/><D119/><U113/><E113/><V30/><F30/><N who="0" m="11306" /><D23/><U26/><E26/><V99/><F110/><W108/><G46/><T135/><D135/><U16/><E16/><V86/><F86/><W39/><G39/><T56/><D56/><N who="1" m="36967" /><E87/><V70/><F66/><W82/><G48/><T74/><D74/><U55/><E55/><AGARI ba="1,0" hai="4,6,12,14,15,44,49,55,85,89,92" m="11306" machi="55" ten="30,1000,0" yaku="8,1" doraHai="57" who="0" fromWho="1" sc="204,13,214,-13,348,0,234,0" /><INIT seed="3,0,0,2,0,119" ten="217,201,348,234" oya="3" hai0="56,54,13,51,135,28,73,0,102,112,105,82,114" hai1="58,15,71,87,67,35,27,115,66,17,95,103,37" hai2="36,131,90,124,59,21,30,1,16,83,79,76,29" hai3="86,117,122,48,45,128,69,99,23,91,47,130,24"/><W132/><G117/><T9/><D135/><U44/><E115/><V43/><F1/><W6/><G69/><T127/><D127/><U50/><E37/><V121/><F36/><W38/><G132/><T108/><D108/><U53/><E71/><V40/><F131/><N who="3" m="50219" /><G38/><T123/><D0/><U85/><E35/><V133/><F124/><W42/><G45/><T32/><D105/><U25/><E85/><V12/><F40/><W80/><G6/><T8/><D102/><U68/><E68/><V60/><F43/><W19/><G99/><T96/><D96/><N who="1" m="59807" /><E87/><N who="2" m="50559" /><F133/><W126/><G126/><T134/><D73/><U118/><E118/><V77/><F121/><AGARI ba="0,0" hai="19,23,24,42,47,48,80,86,91,121,122" m="50219" machi="121" ten="30,5800,0" yaku="19,1,52,2" doraHai="119" who="3" fromWho="2" sc="217,0,201,0,348,-58,234,58" /><INIT seed="3,1,0,1,2,82" ten="217,201,290,292" oya="3" hai0="75,2,11,74,131,47,56,124,73,5,24,50,28" hai1="129,92,66,49,81,114,100,104,45,126,116,23,71" hai2="1,78,8,30,134,31,65,109,59,10,99,34,120" hai3="89,95,17,67,135,86,97,18,76,102,88,44,105"/><W96/><G135/><T57/><D124/><U110/><E114/><V3/><F78/><W16/><G67/><T98/><D131/><U115/><E115/><V20/><F99/><W25/><G44/><T63/><D98/><U94/><E104/><V79/><F79/><W41/><G41/><T4/><D4/><U58/><E71/><V39/><F59/><W130/><G130/><T111/><D111/><U62/><E110/><V127/><F65/><W26/><REACH who="3" step="1"/><G76/><REACH who="3" ten="217,201,290,282" step="2"/><T80/><D47/><U108/><E108/><V64/><F64/><W7/><G7/><T42/><D42/><U123/><E129/><V121/><F109/><W15/><G15/><T14/><D14/><U113/><E113/><V132/><F39/><W112/><G112/><T61/><D5/><U29/><E66/><V9/><F127/><W6/><G6/><T87/><D2/><U117/><E126/><V22/><F9/><W35/><G35/><AGARI ba="1,1" hai="1,3,8,10,20,22,30,31,34,35,120,121,132,134" machi="35" ten="25,8000,1" yaku="22,2,34,3" doraHai="82" who="2" fromWho="3" sc="217,0,201,0,290,93,282,-83" /><INIT seed="4,0,0,5,3,132" ten="217,201,383,199" oya="0" hai0="25,129,113,14,135,66,36,104,70,130,21,105,34" hai1="123,83,40,10,106,77,26,128,33,3,64,37,24" hai2="79,22,58,103,111,44,29,127,86,49,16,61,84" hai3="72,51,59,23,131,118,108,87,78,42,39,90,12"/><T75/><D36/><U32/><E128/><N who="0" m="49257" /><D75/><N who="1" m="43455" /><E64/><V8/><F111/><W125/><G108/><T97/><D135/><U4/><E123/><V85/><F127/><W18/><G118/><T43/><D113/><U100/><E26/><V124/><F124/><W96/><G131/><T122/><D122/><U15/><E15/><V109/><F109/><W126/><G39/><T82/><D43/><U20/><E100/><V102/><F79/><W71/><G71/><T38/><D38/><U63/><E63/><V88/><F8/><W48/><G96/><T119/><D119/><U62/><E62/><V81/><F29/><W99/><G99/><T89/><D34/><U1/><E1/><V73/><F73/><W52/><G72/><T74/><D66/><U53/><E53/><N who="2" m="33999" /><F103/><W65/><G78/><N who="0" m="44375" /><D70/><U114/><E106/><V98/><F98/><W19/><G65/><T30/><D14/><U93/><E93/><AGARI ba="0,0" hai="21,25,30,89,93,97,104,105" m="44375,49257" machi="93" ten="30,1500,0" yaku="19,1" doraHai="132" who="0" fromWho="1" sc="217,15,201,-15,383,0,199,0" /><INIT seed="4,1,0,0,0,0" ten="232,186,383,199" oya="0" hai0="64,108,62,100,22,38,128,9,112,41,97,121,81" hai1="2,99,42,117,80,32,20,11,24,114,28,67,93" hai2="82,50,63,59,35,131,46,92,133,125,25,66,113" hai3="122,135,37,39,60,90,49,115,120,44,89,130,21"/><T34/><D121/><N who="3" m="46697" /><G115/><T134/><D34/><U111/><E117/><V15/><F113/><W31/><G130/><T47/><D112/><U94/><E111/><V132/><F15/><W56/><G135/><T3/><D108/><U29/><E93/><V103/><F82/><W17/><G31/><T18/><D134/><U102/><E42/><V13/><F13/><N who="3" m="9391" /><G37/><T14/><D128/><U68/><E80/><V23/><F35/><W54/><G39/><T123/><D81/><U26/><E114/><V19/><F125/><W27/><G27/><T109/><D109/><U16/><E29/><V95/><F95/><W48/><G48/><T10/><D3/><U126/><E126/><V55/><F131/><W78/><G78/><T110/><D123/><U91/><E102/><V88/><REACH who="2" step="1"/><F103/><REACH who="2" ten="232,186,373,199" step="2"/><W83/><G83/><T6/><D110/><U129/><E129/><V33/><F33/><W69/><G69/><T86/><D14/><U45/><E68/><V72/><F72/><W118/><G118/><T96/><D100/><U77/><E2/><V85/><AGARI ba="1,1" hai="19,23,25,46,50,55,59,63,66,85,88,92,132,133" machi="85" ten="30,7900,0" yaku="1,1,0,1,54,1,53,1" doraHai="0" doraHaiUra="58" who="2" fromWho="2" sc="232,-40,186,-21,373,92,199,-21" /><INIT seed="5,0,0,3,5,76" ten="192,165,465,178" oya="1" hai0="117,42,98,5,104,39,128,54,4,27,48,68,41" hai1="10,51,46,37,89,18,78,135,62,13,123,103,23" hai2="100,67,112,12,124,33,85,63,113,114,127,82,83" hai3="57,80,75,121,15,29,87,22,2,106,122,30,101"/><U56/><E135/><V94/><F33/><W31/><G2/><T6/><D117/><U65/><E123/><V19/><F100/><W88/><G75/><T72/><D128/><U8/><E37/><V130/><F94/><W24/><G15/><T99/><D68/><U36/><E36/><V105/><F105/><W49/><G101/><T38/><D72/><U116/><E116/><V61/><F130/><W1/><G1/><T11/><D11/><U77/><E103/><V111/><F111/><W16/><REACH who="3" step="1"/><G106/><REACH who="3" ten="192,165,465,168" step="2"/><T71/><D104/><U66/><E66/><V129/><F129/><W7/><G7/><T86/><D6/><N who="1" m="3223" /><E10/><V73/><F67/><W3/><G3/><T84/><D5/><U26/><E89/><N who="2" m="51383" /><F127/><W102/><G102/><T134/><D4/><U52/><AGARI ba="0,1" hai="18,23,26,46,51,52,56,62,65,77,78" m="3223" machi="52" ten="30,3000,0" yaku="8,1,54,1" doraHai="76" who="1" fromWho="1" sc="192,-10,165,40,465,-10,168,-10" /><INIT seed="5,1,0,1,2,43" ten="182,205,455,158" oya="1" hai0="128,28,105,17,53,135,0,46,117,107,94,127,21" hai1="39,18,84,97,122,108,119,90,104,61,31,64,3" hai2="100,71,129,124,38,1,45,113,83,19,65,14,2" hai3="10,27,57,109,98,69,11,80,111,75,13,51,103"/><U126/><E119/><V52/><F100/><W88/><G69/><T72/><D117/><U54/><E122/><V58/><F129/><W16/><G10/><T81/><D0/><U12/><E3/><V7/><F7/><W47/><G57/><T23/><D127/><U106/><E126/><V77/><F65/><W55/><G27/><T8/><D135/><U67/><E39/><V56/><F56/><W33/><G33/><T35/><D35/><U29/><E106/><V22/><F71/><W123/><G123/><T92/><D72/><U130/><E108/><V112/><F124/><W82/><G82/><T102/><D81/><U60/><E97/><V87/><F45/><W36/><G36/><T15/><D102/><U25/><E104/><V132/><F38/><W121/><G121/><T118/><D8/><N who="1" m="6407" /><E25/><V41/><F41/><W91/><G91/><T32/><D32/><U4/><E4/><V101/><F101/><W20/><G20/><T37/><D23/><U63/><E54/><V76/><F76/><W6/><G6/><T34/><D21/><U62/><N who="1" m="15360" /><DORA hai="26" /><U131/><E131/><V49/><F132/><W85/><G75/><T125/><D34/><U50/><E50/><V115/><AGARI ba="1,0" hai="1,2,14,19,22,49,52,58,77,83,87,112,113,115" machi="115" ten="30,7900,0" yaku="0,1,15,1,11,1,54,1" doraHai="43,26" who="2" fromWho="2" sc="182,-21,205,-40,455,82,158,-21" /><INIT seed="6,0,0,1,4,135" ten="161,165,537,137" oya="2" hai0="15,24,115,121,52,67,86,53,69,117,74,80,59" hai1="12,23,102,66,110,63,94,28,93,14,132,35,48" hai2="19,114,61,43,36,89,65,129,120,73,8,7,106" hai3="77,70,55,90,87,116,134,103,29,40,62,108,34"/><V131/><F89/><W31/><G116/><T39/><D121/><U122/><E110/><V18/><F18/><W125/><G108/><T42/><D74/><U41/><E132/><V5/><F19/><W112/><G134/><T71/><D115/><U128/><E128/><V21/><F21/><W3/><G3/><T83/><D117/><U47/><E35/><V88/><F88/><W49/><G34/><T123/><D123/><U68/><E122/><V4/><F4/><W127/><G112/><T97/><D97/><U11/><E102/><V2/><F7/><W6/><G77/><T30/><D86/><U9/><E9/><V92/><F92/><W91/><G6/><T58/><D42/><U72/><E72/><V60/><F43/><W118/><G118/><T10/><D39/><U96/><E94/><V46/><F36/><W50/><G103/><T101/><D67/><U0/><E0/><V20/><F65/><N who="3" m="41271" /><G40/><T17/><D101/><U56/><E68/><V133/><F2/><W76/><G76/><T79/><D71/><U25/><E11/><V22/><F8/><W107/><G107/><T54/><D69/><U113/><E113/><V109/><F106/><W45/><G49/><T38/><D38/><U26/><E26/><V105/><F105/><W32/><G32/><T119/><D119/><U16/><E96/><V33/><F114/><W82/><G90/><T57/><REACH who="0" step="1"/><D79/><REACH who="0" ten="151,165,537,137" step="2"/><U37/><E37/><V99/><F99/><W130/><G130/><T44/><D44/><U64/><E47/><V104/><F129/><W75/><G75/><T95/><D95/><RYUUKYOKU ba="0,1" sc="151,15,165,-15,537,-15,137,15" hai0="10,15,17,24,30,52,53,54,57,58,59,80,83" hai3="29,31,45,50,55,82,87,91,125,127" /><INIT seed="7,1,1,1,3,99" ten="166,150,522,152" oya="3" hai0="59,58,0,113,84,65,131,63,46,124,3,70,5" hai1="15,64,30,106,49,119,44,114,68,2,86,85,11" hai2="7,67,18,126,8,75,39,33,127,19,116,23,82" hai3="25,118,81,120,134,117,110,13,21,104,92,34,29"/><W28/><G120/><T122/><D122/><U27/><E2/><V37/><F33/><W89/><G104/><T69/><D69/><U72/><E72/><V83/><F67/><W10/><G134/><T128/><D124/><U88/><E114/><V87/><F75/><W42/><G110/><T52/><D84/><U16/><E106/><V43/><F83/><W97/><G42/><T53/><D113/><U12/><E119/><V105/><F105/><W101/><G29/><T107/><D107/><U54/><E15/><V73/><F73/><W96/><G34/><T125/><D125/><U35/><REACH who="1" step="1"/><E88/><REACH who="1" ten="166,140,522,152" step="2"/><V14/><F18/><W62/><G62/><AGARI ba="1,2" hai="11,12,16,27,30,35,44,49,54,62,64,68,85,86" machi="62" ten="40,8000,1" yaku="1,1,2,1,54,1,53,1" doraHai="99" doraHaiUra="51" who="1" fromWho="3" sc="166,0,140,103,522,0,152,-83" owari="166,-23.4,243,4.3,522,62.2,69,-43.1" /></mjloggm>