<mjloggm ver="2.3"><GO type="169" lobby="0"/><UN n0="%E3%83%AC%E3%82%AA%E3%83%B3%E3%83%8F%E3%83%AB%E3%83%88" n1="%32%30%30%E6%88%A6%E5%8D%87%E7%89%B9" n2="%E3%81%8B%E3%82%81%E3%81%98%E3%82%8D%E3%81%86" n3="%E3%82%82%E3%81%93%E3%81%BF" dan="17,17,16,16" rate="2156.27,2193.14,2095.29,2080.87" sx="M,M,M,M"/><TAIKYOKU oya="0"/><INIT seed="0,0,0,1,5,82" ten="250,250,250,250" oya="0" hai0="105,47,133,19,52,14,6,10,51,11,38,106,41" hai1="119,83,20,97,117,46,67,131,125,69,96,102,55" hai2="122,59,115,110,118,56,39,80,15,128,109,40,54" hai3="84,108,45,85,113,64,111,63,73,0,86,58,100"/><T114/><D114/><U91/><E125/><V30/><F115/><W65/><G113/><T26/><D133/><U71/><E131/><V99/><F122/><W130/><G0/><T12/><REACH who="0" step="1"/><D26/><REACH who="0" ten="240,250,250,250" step="2"/><U78/><E119/><V35/><F118/><W77/><G130/><T44/><AGARI ba="0,1" hai="6,10,11,12,14,19,38,41,44,47,51,52,105,106" machi="44" ten="20,12000,1" yaku="1,1,2,1,0,1,7,1,54,1,53,0" doraHai="82" doraHaiUra="27" who="0" fromWho="0" sc="240,130,250,-40,250,-40,250,-40" /><INIT seed="0,1,0,0,4,65" ten="370,210,210,210" oya="0" hai0="50,69,130,91,110,93,1,115,122,25,76,128,24" hai1="11,29,108,107,86,23,60,4,73,49,12,61,120" hai2="85,72,87,133,16,132,20,51,104,131,74,105,84" hai3="100,2,113,92,9,48,53,119,30,62,80,45,47"/><T27/><D115/><U106/><E120/><V116/><F51/><W134/><G119/><T109/><D122/><U31/><E73/><N who="2" m="28267" /><F116/><W68/><G134/><N who="2" m="51817" /><F131/><N who="0" m="50218" /><D76/><U101/><E108/><N who="0" m="41577" /><D1/><U124/><E124/><V36/><F36/><W26/><G113/><T96/><D50/><U34/><E34/><V38/><F38/><W82/><G47/><T3/><D3/><U129/><E129/><V75/><N who="2" m="28275" /><V7/><DORA hai="81" /><F7/><W127/><G2/><T89/><D69/><U63/><E49/><V56/><F56/><W125/><G125/><T46/><D46/><U77/><E4/><V90/><F90/><AGARI ba="1,0" hai="24,25,27,89,90,91,93,96" m="41577,50218" machi="90" ten="40,7700,0" yaku="19,1,14,1,10,1" doraHai="65,81" who="0" fromWho="2" sc="370,80,210,0,210,-80,210,0" /><INIT seed="0,2,0,2,4,38" ten="450,210,130,210" oya="0" hai0="104,79,125,129,4,121,17,92,52,70,59,43,115" hai1="99,127,62,109,34,111,117,66,110,39,108,124,74" hai2="14,29,73,130,41,69,23,28,65,120,63,3,45" hai3="30,133,18,101,57,85,113,49,134,50,102,64,21"/><T90/><D115/><U100/><N who="1" m="27648" /><DORA hai="20" /><U105/><E117/><V0/><F120/><W118/><G118/><T56/><D121/><U112/><E112/><V24/><F73/><W19/><G85/><T87/><D104/><U106/><E74/><V40/><F130/><W15/><G30/><T98/><D129/><U116/><E116/><V81/><F81/><W26/><G113/><T91/><D70/><N who="1" m="42327" /><E39/><V31/><F14/><W123/><G123/><T132/><D132/><N who="3" m="50793" /><G64/><T58/><D125/><N who="1" m="48203" /><E34/><V44/><F3/><W13/><G50/><T77/><D4/><U67/><E67/><V122/><F0/><W27/><G49/><T71/><D71/><U5/><E5/><V32/><F122/><W78/><G57/><T89/><D59/><U96/><E96/><V114/><F114/><W95/><G78/><T33/><D58/><U25/><E25/><N who="3" m="9226" /><G95/><AGARI ba="2,0" hai="95,99,100,105,106" m="48203,42327,27648" machi="95" ten="60,3900,0" yaku="14,1,18,1" doraHai="38,20" who="1" fromWho="3" sc="450,0,210,45,130,0,210,-45" /><INIT seed="1,0,0,1,3,54" ten="450,255,130,165" oya="1" hai0="23,13,103,66,9,8,41,88,60,59,52,118,49" hai1="99,102,32,79,47,69,113,1,3,7,82,85,125" hai2="25,128,89,98,74,105,80,67,57,126,46,73,62" hai3="95,14,56,43,36,12,53,64,37,122,134,133,115"/><U90/><E113/><V68/><F128/><W72/><G72/><T101/><D118/><U38/><E69/><V76/><F126/><W100/><G122/><T22/><D41/><U130/><E32/><V87/><F46/><W21/><G115/><T81/><D103/><U71/><E71/><V84/><F25/><W78/><G78/><T104/><D101/><U10/><E125/><V28/><F28/><W106/><G106/><T117/><D104/><U111/><E130/><V40/><F40/><W4/><G64/><T48/><D48/><U30/><E30/><V50/><F105/><W6/><G43/><T108/><D108/><U97/><E111/><V17/><F98/><N who="3" m="59487" /><G37/><T20/><D117/><U94/><E38/><V2/><F2/><W70/><G70/><T42/><D42/><U39/><E39/><V75/><F17/><N who="3" m="10407" /><G14/><T0/><D0/><U114/><E114/><V15/><F15/><W55/><G55/><T58/><D13/><U35/><E35/><V34/><F34/><W109/><G36/><T29/><D29/><U65/><E65/><V24/><F24/><W19/><G19/><T77/><REACH who="0" step="1"/><D88/><REACH who="0" ten="440,255,130,165" step="2"/><U31/><E1/><V127/><F127/><W63/><G109/><T131/><D131/><U119/><E119/><V116/><F116/><W129/><G129/><T124/><D124/><U61/><E31/><V96/><F50/><W91/><G91/><T26/><D26/><U93/><E47/><V16/><F96/><W51/><G51/><T112/><D112/><U110/><E110/><V33/><F89/><W132/><AGARI ba="0,1" hai="4,6,53,56,63,132,133,134" m="10407,59487" machi="132" ten="30,2000,0" yaku="20,1,52,1" doraHai="54" who="3" fromWho="3" sc="440,-5,255,-10,130,-5,165,30" /><INIT seed="2,0,0,0,5,25" ten="435,245,125,195" oya="2" hai0="103,79,98,117,114,73,13,48,28,100,121,85,40" hai1="81,21,10,127,51,43,5,83,60,15,22,42,112" hai2="35,88,120,49,90,101,78,106,23,69,20,8,80" hai3="17,71,6,76,53,45,44,46,134,92,38,67,86"/><V109/><F120/><W27/><G134/><T3/><D3/><U110/><E112/><V113/><F113/><W128/><G128/><T37/><D37/><U29/><E127/><V64/><F35/><W26/><G38/><T104/><D121/><U34/><E110/><V107/><F8/><W62/><G6/><T125/><D114/><U47/><E34/><V84/><F109/><W54/><G27/><T95/><D125/><U39/><E39/><V111/><F111/><W96/><G86/><T75/><D75/><U91/><E43/><V74/><F49/><W9/><G76/><T68/><D103/><U56/><E91/><V55/><F55/><W123/><G123/><T119/><D13/><U14/><E14/><V132/><F132/><W1/><G1/><T129/><D68/><U57/><E57/><V0/><F0/><W105/><G105/><T89/><D28/><U24/><REACH who="1" step="1"/><E22/><REACH who="1" ten="435,235,125,195" step="2"/><V61/><F90/><W94/><G9/><T97/><D89/><U18/><E18/><V135/><F135/><W133/><G17/><T31/><D40/><U2/><E2/><V41/><F41/><W16/><G133/><T99/><D117/><U131/><E131/><V93/><REACH who="2" step="1"/><F106/><REACH who="2" ten="435,235,115,195" step="2"/><W130/><G130/><T82/><D104/><U126/><E126/><V70/><F70/><W33/><G33/><T102/><D129/><U52/><AGARI ba="0,2" hai="5,10,15,21,24,29,42,47,51,52,56,60,81,83" machi="52" ten="20,16000,3" yaku="1,1,0,1,7,1,8,1,52,1,54,1,53,2" doraHai="25" doraHaiUra="77" who="1" fromWho="1" sc="435,-40,235,180,115,-80,195,-40" /><INIT seed="3,0,0,0,0,50" ten="395,415,35,155" oya="3" hai0="65,134,61,27,39,52,8,95,14,3,114,116,44" hai1="121,93,42,57,115,20,36,112,55,72,13,110,98" hai2="88,59,132,85,125,84,4,21,78,99,105,96,64" hai3="47,9,33,120,12,29,43,38,90,113,97,0,109"/><W133/><G113/><T53/><D116/><U108/><E121/><V6/><F132/><W11/><G120/><T131/><D3/><U103/><E72/><V28/><F125/><W5/><G133/><T75/><D134/><U128/><E128/><V92/><F105/><W19/><G109/><N who="1" m="42090" /><E36/><V70/><F70/><W81/><G33/><T63/><D75/><U2/><E2/><V129/><F129/><W25/><G97/><N who="2" m="37449" /><F28/><W68/><G68/><T34/><D114/><U91/><E42/><V7/><F21/><W86/><G25/><T123/><D123/><U119/><E119/><V46/><F46/><W37/><G29/><T122/><D122/><U56/><E56/><V71/><F71/><W31/><G31/><T45/><D131/><U10/><E20/><V104/><F104/><W18/><G38/><T76/><D76/><U66/><E66/><V101/><F101/><W102/><G102/><T126/><D126/><U69/><E69/><V106/><F106/><W107/><G107/><T127/><D127/><U23/><E23/><V89/><F78/><W67/><G67/><T100/><D65/><U80/><E103/><V16/><F64/><W124/><G124/><T41/><D100/><U26/><E26/><V48/><F59/><W54/><G54/><N who="0" m="21099" /><D27/><U17/><E115/><V77/><F77/><W32/><G32/><T74/><D74/><U51/><E112/><V135/><F135/><W73/><G73/><T22/><D34/><U1/><E1/><V15/><F89/><W40/><G40/><T87/><D39/><U62/><E51/><V58/><F48/><RYUUKYOKU ba="0,0" sc="395,-15,415,15,35,-15,155,15" hai1="10,13,17,55,57,62,80,91,93,98" hai3="0,5,9,11,12,18,19,37,43,47,81,86,90" /><INIT seed="3,1,0,2,0,43" ten="380,430,20,170" oya="3" hai0="76,6,44,63,32,55,22,128,95,120,70,36,98" hai1="42,62,121,96,86,11,110,68,38,113,23,9,7" hai2="27,66,21,92,0,47,84,25,133,1,83,48,60" hai3="61,41,34,93,125,37,75,119,91,101,132,35,33"/><W13/><G119/><T72/><D32/><U51/><E113/><V64/><F133/><W108/><G132/><T82/><D120/><U59/><E121/><V67/><F92/><W39/><G75/><T80/><D128/><U57/><E110/><V135/><F135/><W8/><G108/><T3/><D82/><U54/><E68/><V49/><F49/><W10/><G101/><T105/><D22/><U18/><E38/><V88/><F60/><W94/><G125/><T116/><D116/><U77/><E42/><V5/><F5/><W71/><G93/><T69/><D105/><U81/><E7/><V130/><F130/><W111/><G111/><T56/><D36/><U112/><E96/><V85/><F85/><W124/><G124/><T117/><D117/><U131/><E112/><V31/><REACH who="2" step="1"/><F27/><REACH who="2" ten="380,430,10,170" step="2"/><W4/><G39/><T40/><D6/><U53/><E131/><V126/><F126/><W20/><G37/><T52/><D63/><U26/><AGARI ba="1,1" hai="9,11,18,23,26,51,53,54,57,59,62,77,81,86" machi="26" ten="20,2700,0" yaku="0,1,7,1,8,1" doraHai="43" who="1" fromWho="1" sc="380,-8,430,40,10,-8,170,-14" /><INIT seed="4,0,0,1,0,135" ten="372,470,2,156" oya="0" hai0="22,111,51,83,77,2,49,61,53,58,112,98,45" hai1="132,38,82,85,99,16,68,73,100,9,0,87,131" hai2="86,66,28,84,79,113,91,119,36,39,12,48,15" hai3="57,92,10,110,121,105,30,4,44,21,117,124,43"/><T70/><D112/><U93/><E68/><V115/><F119/><W133/><G105/><T1/><D111/><U97/><E38/><N who="2" m="14379" /><F28/><W40/><G117/><T75/><D51/><U80/><E0/><V62/><F48/><W88/><G110/><T69/><D1/><U11/><E132/><V3/><F3/><W55/><G121/><T63/><D63/><U102/><E131/><V8/><F79/><W29/><G133/><T41/><D2/><U31/><E31/><V118/><F118/><W60/><G44/><T108/><D108/><U37/><E37/><V65/><F91/><W109/><G4/><T114/><D114/><N who="2" m="43530" /><F62/><W72/><G10/><T103/><D22/><U76/><E73/><V46/><F46/><W127/><G72/><T25/><D25/><U128/><E128/><V116/><F116/><W67/><G109/><T90/><D90/><U81/><E76/><V13/><F8/><W7/><G7/><T96/><D96/><U94/><E9/><V122/><F122/><W59/><G30/><T26/><D26/><U126/><E11/><V107/><F107/><AGARI ba="0,0" hai="41,45,49,53,58,61,69,70,75,77,83,98,103,107" machi="107" ten="30,1500,0" yaku="7,1" doraHai="135" who="0" fromWho="2" sc="372,15,470,0,2,-15,156,0" owari="387,18.7,470,57.0,-13,-51.3,156,-24.4" /></mjloggm>