<mjloggm ver="2.3"><GO type="169" lobby="0"/><UN n0="%E3%81%8B%E3%81%B6%E8%8C%B6" n1="%E9%AB%98%E6%A9%8B%E8%89%AF%E5%A4%AA" n2="%E8%87%AA%E6%92%AE%E3%82%8A%E3%83%9E%E3%82%B9%E3%82%BF%E3%83%BC" n3="%E3%83%91%E3%82%A1%E3%82%AF" dan="17,16,16,18" rate="2134.42,2127.19,2026.25,2234.94" sx="M,M,M,M"/><TAIKYOKU oya="0"/><INIT seed="0,0,0,5,2,68" ten="250,250,250,250" oya="0" hai0="54,2,50,88,117,96,17,112,37,106,53,35,105" hai1="118,114,132,100,13,23,69,123,135,85,122,20,71" hai2="19,10,38,115,49,36,130,97,11,46,18,87,6" hai3="42,15,34,91,78,108,60,81,52,107,76,61,16"/><T79/><D112/><U80/><E114/><V126/><F115/><W5/><G108/><T39/><D117/><U101/><E118/><V84/><F130/><W113/><G34/><T21/><D35/><U45/><E13/><V55/><F126/><W103/><G42/><T48/><D2/><U44/><E85/><V29/><F29/><W4/><G107/><T56/><D79/><N who="3" m="30249" /><G103/><T14/><D106/><U8/><E8/><V3/><F97/><W66/><G66/><T27/><D14/><U124/><REACH who="1" step="1"/><E80/><REACH who="1" ten="250,240,250,250" step="2"/><V116/><F116/><W120/><G113/><T119/><D119/><U104/><E104/><V82/><F11/><N who="3" m="6271" /><G120/><T12/><D12/><U63/><E63/><V110/><F10/><W134/><G61/><T30/><D17/><U43/><E43/><V7/><F19/><W57/><G134/><T95/><REACH who="0" step="1"/><D105/><REACH who="0" ten="240,240,250,250" step="2"/><U99/><E99/><V131/><F18/><W102/><G4/><T9/><D9/><U128/><E128/><V59/><F7/><W22/><G5/><T86/><D86/><U72/><E72/><V65/><F131/><W51/><G22/><T64/><D64/><U111/><E111/><V109/><F87/><W92/><G81/><T31/><D31/><U62/><E62/><N who="2" m="38111" /><F110/><W1/><G1/><T47/><AGARI ba="0,2" hai="21,27,30,37,39,47,48,50,53,54,56,88,95,96" machi="47" ten="20,18000,2" yaku="1,1,0,1,7,1,52,2,54,1,53,1" doraHai="68" doraHaiUra="40" who="0" fromWho="0" sc="240,200,240,-60,250,-60,250,-60" /><INIT seed="0,1,0,3,1,10" ten="440,180,190,190" oya="0" hai0="102,129,77,53,85,45,44,103,113,36,130,83,121" hai1="32,17,64,46,135,126,50,123,37,20,71,118,60" hai2="66,78,68,106,105,104,25,63,23,8,91,29,99" hai3="88,51,9,134,70,14,116,52,3,42,59,19,96"/><T49/><D113/><U4/><E118/><V128/><F128/><W131/><G116/><T84/><D121/><U101/><E123/><V34/><F78/><W87/><G70/><T81/><D36/><U124/><E32/><V67/><F67/><W21/><G134/><T26/><D129/><U79/><E135/><V97/><F23/><W125/><G125/><T111/><D130/><U40/><E79/><V28/><F28/><W43/><G96/><T72/><D72/><U108/><E101/><V122/><F122/><W82/><G131/><T18/><D44/><U30/><E30/><V100/><F97/><W2/><G2/><T12/><D26/><U7/><E37/><V35/><F35/><W16/><G3/><T56/><D56/><U90/><E108/><V95/><REACH who="2" step="1"/><F8/><REACH who="2" ten="440,180,180,190" step="2"/><W11/><REACH who="3" step="1"/><G9/><REACH who="3" ten="440,180,180,180" step="2"/><N who="0" m="6415" /><D111/><U31/><E126/><V94/><F94/><W127/><G127/><T55/><D55/><U39/><E124/><V5/><F5/><W117/><G117/><T74/><D74/><U109/><E109/><V75/><F75/><W22/><G22/><T57/><D53/><U61/><E4/><V58/><F58/><W92/><G92/><T6/><D57/><U132/><E132/><V119/><F119/><W48/><G48/><T33/><D6/><U38/><E7/><V27/><F27/><AGARI ba="1,2" hai="11,14,16,19,21,27,42,43,51,52,59,82,87,88" machi="27" ten="30,12000,2" yaku="1,1,7,1,8,1,52,1,54,3,53,0" doraHai="10" doraHaiUra="73" who="3" fromWho="2" sc="440,0,180,0,180,-123,180,143" /><INIT seed="1,0,0,5,5,26" ten="440,180,57,323" oya="1" hai0="50,46,87,115,34,64,29,44,18,74,8,82,42" hai1="41,124,81,61,105,119,130,128,19,38,20,112,75" hai2="85,68,14,88,32,2,16,62,43,97,67,91,89" hai3="1,129,31,21,117,101,39,66,23,135,106,116,70"/><U63/><E112/><V108/><F108/><W71/><G39/><T0/><D115/><U102/><E119/><N who="3" m="45642" /><G1/><T94/><D74/><U47/><E124/><V93/><F2/><W36/><G36/><T72/><D72/><U110/><E102/><V57/><F43/><W98/><G135/><T83/><D64/><U35/><E105/><V5/><F5/><W65/><G129/><N who="1" m="49770" /><E35/><V79/><F32/><W90/><G90/><T69/><D69/><N who="3" m="26121" /><G21/><T77/><D34/><U134/><E134/><V76/><F68/><W60/><G60/><T111/><D0/><U17/><E19/><V99/><F99/><W73/><G73/><T125/><D18/><U22/><E20/><V3/><F3/><W12/><G12/><T95/><D125/><U107/><E107/><V9/><REACH who="2" step="1"/><F89/><REACH who="2" ten="440,180,47,323" step="2"/><W122/><G122/><T92/><D111/><U4/><E4/><V103/><F103/><W49/><G98/><T80/><D42/><U96/><E96/><V56/><F56/><W120/><G101/><T25/><D44/><U133/><E110/><V24/><F24/><N who="3" m="16799" /><G106/><T11/><D25/><N who="1" m="14543" /><E133/><V27/><F27/><W121/><G121/><T84/><D46/><U54/><E54/><V37/><F37/><W127/><G127/><T52/><D52/><U132/><E132/><V100/><F100/><W109/><G109/><T40/><D40/><U58/><E58/><V118/><F118/><W78/><G120/><T28/><D77/><AGARI ba="0,1" hai="38,41,47,61,63,75,77,81" m="14543,49770" machi="77" ten="30,1500,0" yaku="19,1" doraHai="26" who="1" fromWho="0" sc="440,-15,180,25,47,0,323,0" /><INIT seed="1,1,0,3,1,20" ten="425,205,47,323" oya="1" hai0="29,44,32,59,24,17,91,49,78,104,94,68,116" hai1="118,62,92,115,38,51,22,5,33,30,89,48,119" hai2="111,13,86,47,96,101,56,1,85,106,93,71,70" hai3="34,37,135,120,95,4,18,19,61,123,60,129,75"/><U132/><E38/><V43/><F111/><W100/><G75/><T45/><D68/><U114/><E33/><V125/><F125/><W63/><G37/><T23/><D104/><U105/><E105/><V15/><F1/><W36/><G36/><T130/><D130/><U102/><E102/><V50/><F13/><W16/><G135/><T112/><D116/><U131/><E5/><V66/><F56/><W133/><G133/><T74/><D112/><U7/><E62/><V65/><F71/><W14/><G34/><T0/><D78/><U67/><E7/><V128/><F128/><W99/><REACH who="3" step="1"/><G129/><REACH who="3" ten="425,205,47,313" step="2"/><T39/><D74/><U107/><E131/><V80/><F70/><W41/><G41/><T76/><D39/><U98/><E132/><V53/><F43/><W55/><G55/><T25/><D32/><U58/><E115/><V42/><F42/><W90/><G90/><T117/><D91/><U57/><E114/><V127/><F53/><W26/><G26/><T40/><D25/><U2/><E89/><V8/><F65/><W21/><G21/><T109/><D24/><U84/><E22/><V126/><F66/><W9/><AGARI ba="1,1" hai="4,9,14,16,18,19,60,61,63,95,99,100,120,123" machi="9" ten="40,5200,0" yaku="1,1,0,1,54,1,53,0" doraHai="20" doraHaiUra="82" who="3" fromWho="3" sc="425,-14,205,-27,47,-14,313,65" /><INIT seed="2,0,0,5,1,80" ten="411,178,33,378" oya="2" hai0="42,111,76,51,50,74,65,54,5,66,124,87,117" hai1="21,102,108,92,32,89,60,132,63,125,61,116,3" hai2="114,79,118,122,25,44,7,112,27,22,104,56,34" hai3="53,67,81,75,128,2,90,127,96,109,99,94,135"/><V120/><F104/><W11/><G109/><T84/><D74/><U115/><E32/><V9/><F56/><W10/><G135/><T6/><D111/><U31/><E108/><V48/><F79/><W52/><G67/><N who="0" m="25611" /><D124/><U71/><E3/><N who="2" m="255" /><F48/><W40/><G40/><T126/><D126/><U13/><E116/><V106/><F44/><W46/><G128/><T62/><D117/><U119/><E125/><V1/><F106/><W88/><G2/><T72/><D72/><U59/><E71/><V23/><F118/><W82/><G127/><T35/><D35/><U134/><E102/><V91/><F91/><W107/><G107/><T45/><D62/><U39/><E119/><V57/><F57/><W123/><G123/><N who="2" m="47145" /><F1/><W49/><G53/><T14/><D14/><U97/><E39/><V129/><F129/><W20/><G75/><T121/><D121/><U77/><E61/><V83/><F83/><N who="3" m="31755" /><G20/><N who="2" m="7721" /><F34/><W0/><G0/><T64/><D64/><U113/><E134/><V100/><F100/><W17/><G17/><T110/><D110/><U131/><E132/><V38/><F38/><W133/><G133/><T105/><D105/><U86/><E131/><V24/><AGARI ba="0,0" hai="24,25,27,112,114" m="7721,47145,255" machi="24" ten="40,3900,0" yaku="34,2" doraHai="80" who="2" fromWho="2" sc="411,-13,178,-13,33,39,378,-13" /><INIT seed="2,1,0,0,4,78" ten="398,165,72,365" oya="2" hai0="34,57,31,20,77,65,1,2,81,17,11,129,48" hai1="26,10,120,104,112,9,3,71,79,116,66,84,93" hai2="45,47,86,16,38,98,114,59,113,97,122,41,4" hai3="124,107,62,44,75,13,56,91,22,72,128,14,103"/><V108/><F122/><W118/><G118/><T101/><D129/><U15/><E104/><V115/><F4/><W8/><G128/><T6/><D101/><U24/><E112/><V88/><F108/><W96/><G124/><T121/><D1/><U67/><E116/><V89/><F59/><W53/><G91/><T73/><D121/><U64/><E71/><V110/><F110/><W30/><G44/><T90/><D90/><U39/><E120/><V130/><F130/><W123/><G123/><T76/><D76/><U7/><E39/><V111/><F111/><W42/><G42/><T80/><D80/><U18/><REACH who="1" step="1"/><E93/><REACH who="1" ten="398,155,72,365" step="2"/><V35/><F35/><W32/><G32/><T132/><D34/><U46/><E46/><V92/><F47/><W36/><G36/><T74/><D57/><U102/><E102/><V117/><F117/><W58/><G58/><T25/><D73/><U27/><E27/><V19/><REACH who="2" step="1"/><F97/><REACH who="2" ten="398,155,62,365" step="2"/><W33/><G33/><T85/><D6/><U43/><E43/><V5/><F5/><W126/><G96/><T87/><D2/><U63/><E63/><V125/><F125/><W134/><G126/><T21/><D65/><U95/><E95/><AGARI ba="1,2" hai="16,19,38,41,45,86,88,89,92,95,98,113,114,115" machi="95" ten="40,12000,1" yaku="1,1,54,2,53,1" doraHai="78" doraHaiUra="82" who="2" fromWho="1" sc="398,0,155,-123,62,143,365,0" /><INIT seed="2,2,0,4,2,33" ten="398,32,205,365" oya="2" hai0="58,122,5,51,76,104,120,83,133,15,45,49,103" hai1="128,1,135,125,12,96,46,48,115,6,54,52,30" hai2="20,93,11,53,74,2,18,92,77,121,21,8,69" hai3="134,85,35,4,16,67,110,116,84,101,34,132,124"/><V13/><F121/><W41/><G116/><T95/><D104/><U62/><E115/><V25/><F69/><W105/><G110/><T107/><D107/><U64/><E125/><V81/><F53/><W38/><G124/><T40/><D133/><N who="3" m="51305" /><G67/><T56/><D103/><U118/><E135/><V82/><F82/><W94/><G105/><T65/><D95/><U100/><E118/><V36/><F36/><W14/><G4/><T0/><D58/><U88/><E128/><V79/><F79/><W10/><G85/><N who="0" m="48359" /><D0/><U78/><E30/><V131/><F131/><W72/><G72/><T123/><D51/><U61/><E78/><V99/><F2/><W17/><G17/><T114/><D114/><U126/><E126/><V75/><F75/><W91/><G101/><T37/><D37/><U112/><E112/><V119/><F93/><W39/><G39/><T9/><D120/><U29/><E1/><V57/><F119/><W98/><G98/><T108/><D108/><U3/><E29/><V97/><F97/><W26/><G26/><T31/><D31/><U109/><E3/><V27/><F13/><W19/><G19/><T113/><D113/><U24/><E109/><V22/><F27/><W42/><G42/><T23/><D23/><U71/><E24/><V86/><F74/><W130/><G130/><T63/><AGARI ba="2,0" hai="5,9,15,40,45,49,56,63,65,122,123" m="48359" machi="63" ten="30,1100,0" yaku="25,1" doraHai="33" who="0" fromWho="0" sc="398,17,32,-5,205,-7,365,-5" /><INIT seed="3,0,0,2,2,128" ten="415,27,198,360" oya="3" hai0="71,3,103,36,133,68,82,37,13,89,106,54,87" hai1="8,105,31,29,46,47,52,134,51,39,41,129,122" hai2="92,83,35,56,9,18,107,24,66,78,115,19,28" hai3="125,0,104,124,26,10,4,63,2,27,96,119,12"/><W114/><G104/><T55/><D3/><N who="3" m="1065" /><G96/><T85/><D13/><U5/><E122/><V33/><F107/><W99/><G99/><T7/><D7/><U111/><E105/><V102/><F115/><W77/><G63/><T25/><D25/><N who="3" m="9225" /><G77/><T117/><D106/><U23/><E129/><V69/><F56/><W50/><G50/><T73/><D89/><U108/><E23/><V11/><F92/><W58/><G58/><T101/><D82/><U76/><E76/><V20/><F66/><W61/><G61/><T123/><D73/><U70/><E70/><V72/><F69/><W6/><G119/><T135/><REACH who="0" step="1"/><D123/><REACH who="0" ten="405,27,198,360" step="2"/><U98/><E98/><V42/><F72/><W75/><G75/><T17/><D17/><U110/><REACH who="1" step="1"/><E134/><REACH who="1" ten="405,17,198,360" step="2"/><V67/><F78/><W132/><G132/><T120/><D120/><U91/><E91/><V64/><F35/><W44/><G114/><T40/><D40/><U131/><E131/><V53/><F33/><W43/><G6/><T88/><D88/><U84/><E84/><V113/><F113/><W62/><G43/><T95/><D95/><U38/><E38/><V86/><F42/><W48/><G62/><T93/><D93/><U34/><E34/><V118/><F86/><W57/><G4/><T45/><D45/><U79/><E79/><V126/><F83/><W74/><G44/><T112/><D112/><U60/><E60/><V109/><F118/><AGARI ba="0,2" hai="36,37,54,55,68,71,85,87,101,103,117,118,133,135" machi="118" ten="25,8000,1" yaku="1,1,22,2,52,2,53,0" doraHai="128" doraHaiUra="32" who="0" fromWho="2" sc="405,100,17,0,198,-80,360,0" /><INIT seed="4,0,0,4,3,41" ten="505,17,118,360" oya="0" hai0="67,54,31,104,78,120,68,55,73,110,12,134,84" hai1="62,8,128,108,17,32,51,92,126,57,114,7,65" hai2="125,82,111,75,123,131,22,87,47,93,71,52,76" hai3="35,135,27,40,43,34,50,86,89,130,16,118,109"/><T66/><D120/><U77/><E108/><V83/><F111/><W25/><G109/><T23/><D104/><U106/><E126/><V105/><F123/><W117/><G130/><T28/><D73/><U61/><E106/><V95/><F131/><W60/><G135/><T9/><D134/><U129/><E128/><V100/><F125/><W53/><G60/><T119/><D68/><U0/><E129/><V13/><F71/><W4/><G4/><T14/><D119/><U88/><E32/><V116/><F116/><W121/><G121/><T46/><D78/><U97/><E114/><V39/><F39/><W85/><G53/><T69/><D84/><U37/><E37/><V133/><F133/><W102/><G50/><T99/><D99/><U81/><E17/><V18/><F105/><W29/><G16/><N who="0" m="10647" /><D54/><U94/><E92/><V45/><F100/><W20/><G102/><T113/><D69/><U127/><E127/><V91/><REACH who="2" step="1"/><F52/><REACH who="2" ten="505,17,108,360" step="2"/><W101/><G101/><T6/><D110/><U112/><E112/><V56/><F56/><W30/><G89/><T103/><D103/><U96/><E62/><V80/><F80/><W115/><G115/><T64/><D113/><U26/><E51/><AGARI ba="0,1" hai="6,9,12,28,31,46,51,55,64,66,67" m="10647" machi="51" ten="30,5800,0" yaku="8,1,52,1,54,1" doraHai="41" who="0" fromWho="1" sc="505,68,17,-58,108,0,360,0" owari="573,67.3,-41,-54.1,108,-29.2,360,16.0" /></mjloggm>