<mjloggm ver="2.3"><GO type="169" lobby="0"/><UN n0="%68%61%6B%75%30%37" n1="%4D%75%64%46%6C%6F%77" n2="%41%6D%61%79%62%65" n3="%E3%81%B8%E3%81%84%E3%81%9E%E3%81%86%E3%81%95%E3%82%93" dan="18,17,16,16" rate="2187.70,2200.22,2143.33,2064.92" sx="M,M,M,M"/><TAIKYOKU oya="0"/><INIT seed="0,0,0,4,0,88" ten="250,250,250,250" oya="0" hai0="32,38,70,5,104,107,39,42,92,48,52,72,28" hai1="93,114,68,18,43,126,44,90,14,47,119,46,82" hai2="65,67,13,24,55,15,97,133,129,109,21,117,80" hai3="103,37,57,108,84,61,122,31,8,111,9,2,3"/><T96/><D70/><U30/><E119/><V78/><F109/><N who="3" m="42059" /><G37/><T95/><D72/><U53/><E126/><V49/><F129/><W59/><G122/><T64/><D64/><U115/><E68/><V121/><F133/><W12/><G31/><T27/><D5/><U135/><E135/><V23/><F121/><W118/><G118/><T112/><D112/><N who="1" m="43051" /><E82/><V62/><F117/><W83/><G103/><T63/><D63/><U99/><E30/><V26/><F97/><W116/><G59/><T25/><D25/><U1/><E1/><N who="3" m="10" /><G12/><T17/><D17/><U58/><E43/><V51/><F62/><W74/><G74/><T45/><D38/><U134/><E134/><V10/><F55/><N who="3" m="33983" /><G116/><T22/><D32/><U120/><E120/><V110/><F110/><W101/><G101/><T66/><D66/><U34/><E34/><V123/><F123/><W85/><G85/><T105/><REACH who="0" step="1"/><D96/><REACH who="0" ten="240,250,250,250" step="2"/><U87/><E99/><V69/><F69/><W33/><G33/><T71/><D71/><U40/><E18/><V76/><F65/><W86/><G86/><T128/><D128/><U54/><E87/><V50/><F67/><W91/><AGARI ba="0,1" hai="8,9,83,84,91" m="33983,10,42059" machi="91" ten="30,1100,0" yaku="14,1" doraHai="88" who="3" fromWho="3" sc="240,-5,250,-3,250,-3,250,21" /><INIT seed="1,0,0,3,5,81" ten="235,247,247,271" oya="1" hai0="46,97,33,69,109,103,118,113,28,18,101,5,47" hai1="91,134,99,72,19,112,25,4,61,127,107,95,6" hai2="36,0,30,40,53,110,114,133,27,41,124,55,82" hai3="71,17,39,38,126,108,117,102,32,2,58,9,29"/><U125/><E112/><V22/><F0/><W49/><G71/><T60/><D113/><U10/><E72/><V129/><F114/><W92/><G126/><N who="1" m="48138" /><E134/><V68/><F68/><W37/><G108/><T121/><D118/><U87/><E61/><V42/><F133/><W43/><G117/><T34/><D109/><U65/><E65/><V13/><F129/><W80/><G29/><T128/><D128/><U15/><E25/><V44/><F110/><W115/><G32/><T59/><D69/><U45/><E45/><V85/><F124/><W88/><G80/><T78/><D78/><U1/><E1/><V77/><F36/><W90/><G102/><AGARI ba="0,0" hai="4,6,10,15,19,87,91,95,99,102,107" m="48138" machi="102" ten="30,2900,0" yaku="18,1,52,1" doraHai="81" who="1" fromWho="3" sc="235,0,247,29,247,0,271,-29" /><INIT seed="1,1,0,0,0,13" ten="235,276,247,242" oya="1" hai0="20,48,116,19,32,86,64,46,93,35,104,45,129" hai1="51,50,105,22,80,90,121,66,75,12,77,49,29" hai2="84,67,125,101,128,54,76,118,30,135,89,5,127" hai3="59,131,40,97,73,15,122,117,100,110,7,65,95"/><U112/><E112/><V85/><F118/><W53/><G122/><T18/><D104/><U14/><E121/><V81/><F128/><W130/><G117/><T78/><D116/><U62/><E105/><V36/><F36/><W83/><G65/><T47/><D129/><N who="3" m="49161" /><G40/><T79/><D64/><U23/><E90/><V60/><F135/><W58/><G110/><T133/><D133/><U6/><E29/><V56/><F5/><W11/><G53/><T2/><D2/><U25/><E6/><V42/><F42/><W31/><G31/><T1/><D1/><U108/><E108/><V103/><F54/><W126/><G126/><N who="2" m="48137" /><F30/><W88/><G100/><T38/><D38/><U98/><E98/><V55/><F55/><W107/><G107/><T17/><D48/><U43/><E43/><V74/><F74/><W134/><G134/><T113/><D113/><U63/><E63/><V24/><F24/><W102/><G102/><T8/><D8/><U70/><E25/><V37/><F37/><W99/><G99/><T41/><D41/><U9/><E14/><V111/><F111/><W114/><G114/><T27/><D32/><U96/><E96/><V72/><F72/><W119/><G119/><T132/><D35/><U0/><E0/><V69/><F69/><W26/><G26/><T16/><D132/><U106/><E106/><V28/><F28/><W82/><G73/><T10/><D10/><U3/><E3/><V94/><AGARI ba="1,0" hai="56,60,67,76,81,84,85,89,94,101,103" m="48137" machi="94" ten="30,1100,0" yaku="18,1" doraHai="13" who="2" fromWho="2" sc="235,-4,276,-6,247,14,242,-4" /><INIT seed="2,0,0,1,4,18" ten="231,270,261,238" oya="2" hai0="117,135,22,122,7,121,12,31,93,90,107,29,45" hai1="16,33,71,61,91,105,128,24,104,115,9,86,127" hai2="56,49,62,43,116,21,84,8,17,37,111,63,95" hai3="132,50,109,98,134,126,32,34,81,60,10,70,120"/><V53/><F116/><W100/><G120/><T55/><D107/><U64/><E115/><V94/><F111/><W27/><G109/><T14/><D135/><N who="3" m="51753" /><G126/><T133/><D133/><U118/><E118/><V106/><F106/><N who="3" m="63767" /><G27/><T35/><D35/><U99/><E127/><V125/><F125/><W73/><G50/><T40/><D117/><U102/><E128/><V110/><F110/><W65/><G10/><T51/><D121/><U67/><E67/><V28/><F28/><W20/><G20/><T58/><D122/><U68/><E105/><V130/><F8/><W5/><G5/><T1/><D1/><U39/><E39/><V74/><F130/><W3/><G3/><T108/><D108/><U112/><E112/><V89/><F74/><W83/><G83/><T97/><D7/><U59/><E33/><V101/><F37/><W57/><G57/><T38/><REACH who="0" step="1"/><D31/><REACH who="0" ten="221,270,261,238" step="2"/><U15/><REACH who="1" step="1"/><E24/><AGARI ba="0,1" hai="12,14,22,24,29,38,40,45,51,55,58,90,93,97" machi="24" ten="40,5200,0" yaku="1,1,2,1,52,1,53,0" doraHai="18" doraHaiUra="123" who="0" fromWho="1" sc="221,62,270,-52,261,0,238,0" /><INIT seed="3,0,0,4,5,94" ten="283,218,261,238" oya="3" hai0="121,46,82,88,114,47,133,25,28,83,109,93,66" hai1="127,98,125,5,78,101,115,23,132,64,85,73,118" hai2="33,43,103,91,24,57,77,134,68,106,131,63,13" hai3="59,69,117,128,15,44,35,126,12,84,105,52,4"/><W50/><G117/><T122/><D109/><U40/><E40/><V119/><F119/><W110/><G69/><T51/><D133/><U104/><E5/><V21/><F134/><W54/><G105/><T65/><D114/><U89/><E23/><V130/><F77/><W41/><G35/><T11/><D11/><U10/><E10/><V30/><F43/><W123/><G123/><T18/><D18/><U26/><E26/><V45/><F45/><W34/><G34/><T75/><D46/><U19/><E19/><V95/><F103/><W29/><G29/><T96/><D75/><U53/><E53/><V111/><F106/><W72/><G72/><T31/><D31/><U1/><E64/><V113/><F68/><W74/><G74/><T22/><D122/><U99/><E1/><V27/><F13/><W81/><G110/><T71/><D121/><U32/><E32/><V92/><F113/><W49/><G126/><N who="1" m="48138" /><E118/><V112/><F112/><W55/><G128/><N who="2" m="49193" /><F91/><N who="3" m="51599" /><G15/><T14/><D14/><U86/><E115/><V38/><F38/><W0/><G0/><T58/><D71/><U36/><E36/><V60/><F111/><W3/><G3/><T70/><D70/><U37/><E37/><V120/><F120/><W76/><G76/><T39/><D39/><U97/><E132/><V102/><F60/><W48/><G48/><T2/><D2/><U8/><E73/><V42/><F33/><W129/><G129/><T87/><D51/><U6/><E78/><V61/><F30/><W124/><G124/><T80/><D28/><U67/><E104/><V62/><F27/><RYUUKYOKU ba="0,0" sc="283,-10,218,-10,261,-10,238,30" hai3="4,12,41,44,49,50,52,54,55,59" /><INIT seed="3,1,0,4,4,113" ten="273,208,251,268" oya="3" hai0="75,60,129,40,90,28,124,96,3,116,58,133,118" hai1="42,114,131,13,56,5,43,15,38,10,9,36,64" hai2="76,130,73,20,1,104,135,65,34,67,92,24,62" hai3="30,121,80,41,39,87,48,61,19,122,91,93,125"/><W26/><G125/><T132/><D3/><U32/><E114/><V119/><F1/><W17/><G39/><T111/><D124/><U101/><E32/><V4/><F4/><W82/><G122/><T123/><D123/><U53/><E64/><V71/><F130/><W88/><G121/><T33/><D75/><U72/><E72/><V112/><F112/><W45/><G61/><T2/><D2/><U78/><E78/><V81/><F67/><W37/><G37/><T126/><D40/><U79/><E79/><V84/><F135/><N who="0" m="51786" /><D126/><U120/><E120/><V94/><F104/><W31/><G31/><T74/><D74/><U6/><E131/><V63/><F63/><W68/><G68/><T102/><D90/><U134/><E134/><V23/><F73/><W52/><G41/><T22/><D33/><U46/><E101/><V29/><F119/><N who="0" m="45610" /><D111/><U51/><REACH who="1" step="1"/><E43/><REACH who="1" ten="273,198,251,268" step="2"/><V97/><F34/><W27/><G91/><T7/><D129/><U70/><E70/><V0/><F71/><W99/><G99/><T49/><D96/><U85/><E85/><V21/><F97/><W98/><G98/><T89/><D89/><U110/><E110/><V54/><F84/><W66/><G66/><N who="0" m="39191" /><D102/><U103/><E103/><V83/><F76/><W8/><G87/><T12/><D28/><U128/><E128/><V117/><F29/><W35/><G88/><T14/><D7/><U50/><AGARI ba="1,1" hai="5,6,9,10,13,15,36,38,42,46,50,51,53,56" machi="50" ten="20,5200,0" yaku="1,1,0,1,7,1,9,1,53,0" doraHai="113" doraHaiUra="107" who="1" fromWho="1" sc="273,-14,198,65,251,-14,268,-27" /><INIT seed="4,0,0,5,5,53" ten="259,263,237,241" oya="0" hai0="134,96,26,89,109,80,32,77,84,52,135,47,39" hai1="115,124,42,128,33,38,54,95,125,40,85,2,63" hai2="10,18,28,81,60,20,87,61,0,29,93,79,22" hai3="88,110,6,107,99,71,8,78,50,117,129,44,68"/><T35/><D109/><U15/><E33/><V36/><F36/><W91/><G117/><T31/><D32/><U21/><E2/><V126/><F126/><N who="1" m="48745" /><E38/><V25/><F0/><W19/><G110/><T37/><D37/><U4/><E128/><V74/><F74/><W86/><G129/><T133/><D39/><U66/><E54/><V94/><F10/><W17/><G78/><T104/><D104/><U58/><E115/><V11/><F11/><W45/><G107/><T12/><D12/><U100/><E4/><V102/><F102/><W119/><G119/><T83/><D96/><N who="1" m="59423" /><E85/><V105/><F105/><W120/><G99/><T90/><REACH who="0" step="1"/><D80/><REACH who="0" ten="249,263,237,241" step="2"/><U24/><E15/><V127/><F127/><W16/><G120/><T67/><D67/><U101/><E101/><V65/><F65/><W116/><G116/><T122/><D122/><U98/><E98/><V75/><F81/><W130/><G130/><T48/><AGARI ba="0,1" hai="26,31,35,47,48,52,77,83,84,89,90,133,134,135" machi="48" ten="40,12000,1" yaku="1,1,0,1,20,1,54,1,53,0" doraHai="53" doraHaiUra="103" who="0" fromWho="0" sc="249,130,263,-40,237,-40,241,-40" /><INIT seed="4,1,0,3,3,121" ten="379,223,197,201" oya="0" hai0="58,5,120,39,49,36,41,61,3,109,104,79,74" hai1="43,88,80,12,69,4,85,19,42,73,38,97,101" hai2="108,87,21,83,17,122,102,8,113,94,105,6,11" hai3="0,33,116,54,89,107,133,92,127,1,56,35,98"/><T60/><D104/><U119/><E119/><V115/><F122/><W26/><G116/><T129/><D79/><U13/><E69/><V64/><F105/><W110/><G127/><T18/><D74/><U135/><E38/><N who="0" m="14377" /><D18/><U22/><E135/><V96/><F64/><W82/><G133/><T32/><D5/><U93/><REACH who="1" step="1"/><E73/><REACH who="1" ten="379,213,197,201" step="2"/><V71/><F71/><W47/><G107/><T51/><D120/><U25/><E25/><V34/><F113/><W27/><G27/><T45/><D32/><U106/><E106/><V46/><F115/><W128/><G26/><T7/><D3/><U15/><E15/><V123/><F34/><W70/><G70/><T10/><D129/><U77/><E77/><V62/><F123/><W63/><G33/><T31/><D31/><U20/><E20/><V134/><F21/><W126/><G35/><T16/><D10/><AGARI ba="1,1" hai="4,10,12,13,19,22,42,43,80,85,88,93,97,101" machi="10" ten="40,5200,0" yaku="1,1,8,1,54,1,53,0" doraHai="121" doraHaiUra="125" who="1" fromWho="0" sc="379,-55,213,65,197,0,201,0" /><INIT seed="5,0,0,5,2,49" ten="324,278,197,201" oya="1" hai0="26,55,134,60,91,88,129,123,40,65,69,43,86" hai1="122,76,118,99,13,1,18,107,114,34,135,19,70" hai2="94,80,105,51,89,31,24,72,36,115,117,30,38" hai3="66,95,131,39,10,97,28,124,101,102,125,4,42"/><U92/><E118/><V109/><F109/><W113/><G113/><T14/><D134/><U59/><E122/><V52/><F117/><W5/><G131/><T58/><D129/><U81/><E70/><V79/><F105/><W119/><G119/><T63/><D123/><U111/><E1/><V75/><F75/><W50/><G39/><T116/><D116/><U17/><E114/><V132/><F132/><W45/><G28/><T21/><D14/><U87/><E34/><V110/><F110/><W23/><G23/><T83/><REACH who="0" step="1"/><D91/><REACH who="0" ten="314,278,197,201" step="2"/><U85/><E135/><V74/><F115/><W7/><G125/><T73/><D73/><U48/><E111/><V53/><F74/><W93/><G124/><T3/><D3/><U33/><E13/><V71/><F89/><W25/><G25/><T130/><D130/><U54/><E33/><V47/><F24/><W9/><G66/><T104/><D104/><U68/><E107/><V112/><F112/><W56/><G102/><T64/><D64/><U37/><E68/><V96/><F71/><W44/><G101/><T62/><D62/><U29/><E76/><V84/><F72/><W41/><G4/><T0/><D0/><U100/><E100/><V35/><F35/><W78/><G5/><T46/><D46/><U121/><E121/><V127/><F47/><W27/><G7/><T15/><D15/><U67/><E67/><V77/><F77/><W82/><G78/><T11/><D11/><U90/><E90/><V2/><F79/><W106/><G45/><T108/><D108/><U32/><E32/><V133/><F133/><RYUUKYOKU ba="0,1" sc="314,30,278,-10,197,-10,201,-10" hai0="21,26,40,43,55,58,60,63,65,69,83,86,88" /><INIT seed="6,1,1,3,2,21" ten="344,268,187,191" oya="2" hai0="4,74,8,106,129,116,13,126,67,94,36,55,118" hai1="12,78,5,84,115,16,15,98,11,72,135,92,7" hai2="91,27,25,110,50,125,65,59,41,57,44,80,35" hai3="28,111,2,104,52,87,119,31,103,43,20,37,123"/><V97/><F125/><W26/><G111/><T33/><D106/><U22/><E115/><V93/><F110/><W61/><G119/><T0/><D74/><U69/><E135/><V54/><F35/><W48/><G2/><T45/><D33/><U85/><E69/><V30/><F30/><W73/><G73/><T76/><D76/><U49/><E72/><V109/><F109/><W71/><G43/><T88/><D67/><U99/><E5/><V121/><F121/><W70/><G37/><T77/><D77/><U38/><E38/><V82/><F65/><W134/><G134/><T18/><D129/><U90/><E78/><V60/><F59/><W1/><G1/><T23/><D126/><U83/><E49/><V130/><F130/><W81/><G61/><T3/><D3/><U102/><REACH who="1" step="1"/><E83/><AGARI ba="1,1" hai="25,27,41,44,50,54,57,60,80,82,83,91,93,97" machi="83" ten="40,7700,0" yaku="8,1,52,2" doraHai="21" who="2" fromWho="1" sc="344,0,268,-80,187,90,191,0" /><INIT seed="6,2,0,0,3,97" ten="344,188,277,191" oya="2" hai0="55,121,101,109,12,125,40,113,36,13,89,21,92" hai1="50,32,41,45,10,114,64,111,35,29,49,131,74" hai2="47,31,56,129,17,91,94,19,87,133,14,127,11" hai3="1,39,65,16,115,83,7,70,123,15,96,9,48"/><V130/><F133/><W106/><G123/><T78/><D109/><U2/><E111/><V44/><F127/><W20/><G39/><T104/><D121/><U124/><E124/><V25/><F19/><W34/><G34/><T79/><D125/><U128/><E74/><V52/><F129/><N who="1" m="49737" /><E114/><V117/><F117/><W43/><G115/><T4/><D12/><U80/><E80/><V60/><REACH who="2" step="1"/><F130/><REACH who="2" ten="344,188,267,191" step="2"/><W100/><G70/><T8/><D113/><U86/><E29/><V103/><F103/><W66/><REACH who="3" step="1"/><G83/><REACH who="3" ten="344,188,267,181" step="2"/><T85/><D101/><U38/><E35/><AGARI ba="2,2" hai="11,14,17,25,31,35,44,47,52,56,60,87,91,94" machi="35" ten="30,5800,0" yaku="1,1,7,1,54,1,53,0" doraHai="97" doraHaiUra="77" who="2" fromWho="1" sc="344,0,188,-64,267,84,181,0" /><INIT seed="6,3,0,5,2,9" ten="344,124,351,181" oya="2" hai0="108,6,60,106,41,21,122,5,45,94,128,39,123" hai1="46,74,32,70,23,65,20,120,81,63,52,28,115" hai2="16,38,131,86,126,132,80,8,26,114,14,34,127" hai3="31,29,88,11,79,2,135,27,118,66,107,67,18"/><V59/><F38/><W3/><G118/><T124/><D106/><U130/><E115/><V30/><F114/><W55/><G107/><T10/><D108/><U47/><E130/><V93/><F131/><W44/><G79/><T56/><D128/><U102/><E120/><V96/><F59/><W100/><G100/><T1/><D5/><U121/><E121/><V61/><F61/><W110/><G110/><T85/><D124/><U57/><E102/><V125/><F132/><W64/><G135/><T35/><D35/><U43/><E47/><V22/><F93/><W40/><G55/><T50/><D39/><U119/><E119/><V116/><F96/><W76/><G76/><T13/><D1/><U133/><E133/><V69/><F69/><W90/><G31/><T117/><D21/><U75/><E81/><V36/><F36/><W73/><G73/><T129/><D117/><U92/><E92/><V99/><F99/><W33/><G2/><T104/><D104/><U51/><E32/><V112/><F116/><W98/><G98/><T53/><D129/><U101/><E101/><V15/><F112/><W58/><G58/><T7/><D7/><U109/><E109/><V87/><F80/><W77/><G77/><T12/><D12/><U24/><REACH who="1" step="1"/><E20/><REACH who="1" ten="344,114,351,181" step="2"/><V78/><F78/><W48/><G44/><T4/><D123/><U17/><E17/><AGARI ba="3,1" hai="8,14,15,16,17,22,26,30,34,86,87,125,126,127" machi="17" ten="40,12000,1" yaku="18,1,52,2,54,1" doraHai="9" who="2" fromWho="1" sc="344,0,114,-129,351,139,181,0" owari="344,14.4,-15,-51.5,490,59.0,181,-21.9" /></mjloggm>