<mjloggm ver="2.3"><GO type="169" lobby="0"/><UN n0="%E3%83%8E%E3%82%AA%E3%83%81%E3%83%A3%E3%83%99%E3%82%B9" n1="%E9%87%8E%E4%B8%AD%E6%99%B4" n2="%E3%82%B9%E3%83%9E%E3%83%9B%E7%94%A8%E3%81%AE%E3%82%84%E3%81%A4" n3="%74%61%6E%70%69%6E%38" dan="16,16,17,16" rate="2159.58,2059.58,2145.41,2132.13" sx="M,F,M,M"/><TAIKYOKU oya="0"/><INIT seed="0,0,0,4,5,18" ten="250,250,250,250" oya="0" hai0="70,135,69,102,95,100,110,63,46,103,34,23,11" hai1="43,42,87,127,1,48,74,13,40,19,29,57,28" hai2="98,77,111,78,133,9,14,12,22,41,84,52,128" hai3="118,80,25,83,32,86,21,62,90,125,51,105,81"/><T56/><D34/><U85/><E74/><V39/><F111/><W60/><G118/><T109/><D11/><U124/><E1/><V71/><F71/><W64/><G105/><T7/><D7/><U88/><E85/><V4/><F133/><W53/><G32/><T79/><D135/><U75/><E75/><V123/><F123/><W30/><G125/><T50/><D79/><U35/><E35/><V65/><F65/><W106/><G106/><T24/><D95/><U61/><E127/><V36/><F128/><W93/><REACH who="3" step="1"/><G64/><REACH who="3" ten="250,250,250,240" step="2"/><T94/><D110/><U38/><E124/><V114/><F114/><W0/><G0/><T44/><D109/><U107/><E107/><V115/><F115/><W82/><N who="3" m="20480" /><DORA hai="130" /><W67/><G67/><N who="0" m="39399" /><D70/><U108/><E108/><V26/><F78/><W113/><G113/><T49/><D69/><U5/><E38/><V104/><F77/><W96/><G96/><T91/><D46/><AGARI ba="0,1" hai="21,25,30,46,51,53,60,62,86,90,93" m="20480" machi="46" ten="50,6400,0" yaku="1,1,8,1,52,1,53,0" doraHai="18,130" doraHaiUra="129,134" who="3" fromWho="0" sc="250,-64,250,0,250,0,240,74" /><INIT seed="1,0,0,2,0,114" ten="186,250,250,314" oya="1" hai0="105,32,84,26,135,127,66,4,31,53,131,120,103" hai1="112,111,89,75,52,21,97,37,132,72,55,121,130" hai2="93,38,36,109,56,70,94,7,48,41,11,98,1" hai3="61,3,101,27,119,65,115,8,129,117,24,96,14"/><U0/><E121/><V29/><F109/><W85/><G115/><T18/><D120/><U128/><E112/><V62/><F70/><W90/><G3/><T54/><D66/><U133/><E0/><V9/><F9/><W25/><G129/><N who="1" m="49770" /><E37/><V74/><F74/><N who="1" m="28201" /><E111/><V68/><F68/><W76/><G76/><T40/><D131/><U63/><E21/><V50/><F29/><W69/><G85/><T102/><D4/><U123/><E123/><V42/><F38/><W23/><G90/><T13/><D40/><U107/><E89/><V67/><F94/><W95/><REACH who="3" step="1"/><G23/><REACH who="3" ten="186,250,250,304" step="2"/><T126/><D84/><U118/><E118/><V57/><F1/><W125/><G125/><T83/><D126/><U73/><E73/><V124/><F124/><W104/><G104/><T35/><D105/><U45/><E107/><V64/><F98/><W108/><G108/><T81/><D127/><U22/><E97/><V71/><F93/><W20/><G20/><T92/><D35/><U116/><E116/><V2/><F2/><W79/><G79/><T58/><D92/><U10/><E22/><V43/><F36/><W46/><G46/><T82/><D103/><U28/><E28/><V134/><F71/><W77/><G77/><T49/><D102/><U51/><E10/><V106/><F106/><W60/><G60/><N who="0" m="35919" /><D13/><U87/><E87/><V44/><F62/><W39/><G39/><T6/><D32/><U113/><E113/><V88/><F88/><W30/><G30/><T33/><D33/><U78/><E78/><V122/><F122/><W5/><AGARI ba="0,1" hai="5,8,14,24,25,27,61,65,69,95,96,101,117,119" machi="5" ten="30,7900,0" yaku="1,1,0,1,52,2,53,0" doraHai="114" doraHaiUra="19" who="3" fromWho="3" sc="186,-20,250,-39,250,-20,304,89" /><INIT seed="2,0,0,3,4,43" ten="166,211,230,393" oya="2" hai0="92,69,102,13,55,46,64,47,90,62,34,4,16" hai1="116,120,135,98,83,66,48,61,65,38,8,60,63" hai2="32,107,20,93,76,81,129,121,132,84,67,44,36" hai3="97,41,94,50,118,51,33,73,108,35,58,124,39"/><V128/><F32/><W5/><G118/><T80/><D34/><U112/><E116/><V95/><F67/><W117/><G73/><T25/><D4/><U88/><E112/><V21/><F121/><W91/><G108/><T24/><D102/><U26/><E38/><V131/><F107/><W86/><G124/><T111/><D111/><U70/><E120/><V17/><F132/><W87/><G39/><T45/><D80/><U7/><E135/><V100/><F21/><W40/><G5/><T113/><D55/><U115/><E115/><V106/><F106/><W52/><G33/><T77/><D77/><U28/><E70/><V1/><F1/><W109/><G35/><T59/><D69/><U110/><E110/><V23/><F23/><W22/><G117/><T10/><D113/><U96/><E26/><N who="2" m="14607" /><F100/><W19/><G40/><AGARI ba="0,0" hai="36,40,44,76,81,84,93,95,128,129,131" m="14607" machi="40" ten="30,2900,0" yaku="19,1,52,1" doraHai="43" who="2" fromWho="3" sc="166,0,211,0,230,29,393,-29" /><INIT seed="2,1,0,3,2,29" ten="166,211,259,364" oya="2" hai0="90,69,8,110,48,19,92,114,65,81,14,66,41" hai1="103,2,55,31,45,111,57,23,21,84,16,83,18" hai2="105,38,73,88,64,10,39,117,40,35,58,12,99" hai3="94,6,126,78,13,121,130,71,122,131,1,17,109"/><V116/><F73/><W7/><G71/><T123/><D123/><U77/><E111/><V89/><F35/><W127/><G78/><T124/><D114/><U91/><E2/><V132/><F132/><W52/><G94/><T104/><D104/><U68/><E68/><V82/><F89/><W107/><G107/><T34/><D110/><U50/><E103/><V98/><F40/><W101/><G52/><T49/><D81/><U85/><E45/><V42/><F42/><W46/><G46/><T61/><D124/><N who="3" m="47657" /><G101/><T3/><D66/><U133/><E133/><V108/><F108/><W53/><G53/><T100/><D100/><U44/><E44/><V24/><F105/><W102/><G102/><T54/><D3/><U22/><REACH who="1" step="1"/><E31/><REACH who="1" ten="166,201,259,364" step="2"/><V79/><F117/><W86/><G1/><T72/><D41/><U63/><E63/><V0/><F116/><W135/><G109/><T106/><D106/><U87/><E87/><V9/><F0/><W15/><G86/><T129/><D72/><U67/><E67/><V32/><F99/><W43/><G135/><T113/><D113/><U119/><E119/><V128/><F98/><W47/><G122/><T20/><D54/><U26/><E26/><V115/><F24/><W11/><G121/><T134/><D134/><U75/><E75/><V62/><F115/><W112/><G112/><T28/><D61/><U25/><E25/><V37/><F62/><W51/><G15/><T36/><D14/><U118/><E118/><V60/><F12/><W27/><G27/><T125/><D69/><U4/><E4/><AGARI ba="1,1" hai="4,6,7,11,13,17,43,47,51,130,131" m="47657" machi="4" ten="30,1000,0" yaku="18,1" doraHai="29" who="3" fromWho="1" sc="166,0,201,-13,259,0,364,23" /><INIT seed="3,0,0,1,3,24" ten="166,188,259,387" oya="3" hai0="15,49,70,19,75,104,124,6,125,90,21,50,119" hai1="109,61,114,83,78,73,53,88,31,64,72,130,60" hai2="39,79,52,133,113,134,47,28,126,121,5,76,8" hai3="41,35,84,4,20,45,71,86,9,117,55,58,23"/><W51/><G71/><T135/><D119/><U12/><E114/><V102/><F113/><W69/><G69/><T1/><D70/><U112/><E112/><V30/><F126/><N who="0" m="48746" /><D75/><U40/><E109/><V10/><F121/><W80/><G35/><T103/><D135/><N who="2" m="51722" /><F102/><W100/><G100/><T89/><D1/><U129/><E72/><V36/><F10/><W106/><G106/><T115/><D6/><U66/><E40/><N who="2" m="22919" /><F52/><W37/><G117/><T56/><D115/><U16/><E53/><V46/><F46/><W110/><G110/><T123/><D123/><U38/><E38/><V122/><F39/><W68/><G68/><T3/><D3/><U99/><E66/><V116/><F122/><W44/><G44/><T108/><D108/><U32/><E64/><V62/><F62/><W33/><G33/><T97/><D56/><U2/><E2/><N who="2" m="55" /><F116/><W18/><G18/><T26/><D15/><U74/><E74/><V132/><F132/><W22/><REACH who="3" step="1"/><G80/><REACH who="3" ten="166,188,259,377" step="2"/><T118/><D118/><U59/><E59/><V128/><F128/><W65/><G65/><T42/><D42/><U87/><E130/><V105/><F105/><W17/><G17/><T48/><AGARI ba="0,1" hai="19,21,26,48,49,50,89,90,97,103,104" m="48746" machi="48" ten="30,1100,0" yaku="18,1" doraHai="24" who="0" fromWho="0" sc="166,21,188,-3,259,-3,377,-5" /><INIT seed="4,0,0,4,5,77" ten="187,185,256,372" oya="0" hai0="17,15,84,30,80,23,94,104,59,82,124,88,116" hai1="70,86,68,71,47,114,6,25,97,133,44,85,36" hai2="9,66,8,18,62,60,105,108,93,14,123,61,34" hai3="48,106,49,76,24,53,100,132,20,1,129,75,126"/><T110/><D104/><U58/><E133/><V33/><F108/><W74/><G1/><T115/><D116/><U13/><E114/><V128/><F105/><W87/><G126/><T22/><D115/><U125/><E125/><V92/><F128/><W112/><G132/><T57/><D110/><U2/><E2/><V119/><F119/><W41/><G129/><T78/><D124/><U42/><E58/><N who="0" m="22025" /><D78/><U135/><E135/><V16/><F123/><W83/><G112/><T26/><AGARI ba="0,0" hai="15,17,22,23,26,30,80,82,84,88,94" m="22025" machi="26" ten="30,11700,0" yaku="8,1,52,2,54,1" doraHai="77" who="0" fromWho="0" sc="187,117,185,-39,256,-39,372,-39" /><INIT seed="4,1,0,4,4,123" ten="304,146,217,333" oya="0" hai0="107,6,112,74,77,121,69,33,108,18,83,32,127" hai1="14,36,134,31,59,72,117,71,43,47,128,115,91" hai2="12,48,66,68,88,125,67,41,111,7,122,60,56" hai3="119,44,86,2,1,54,132,131,63,100,4,95,90"/><T97/><D18/><U81/><E117/><V57/><F122/><W52/><G119/><T106/><D121/><U133/><E71/><V84/><F125/><W135/><G131/><T3/><D127/><U130/><E31/><V102/><F102/><W113/><G113/><T19/><D19/><U49/><E14/><V8/><F111/><W75/><G75/><T109/><D69/><U22/><E22/><V61/><F41/><W16/><G100/><N who="0" m="62735" /><D107/><U96/><E96/><V40/><F68/><W46/><G16/><T29/><D112/><U114/><E91/><V13/><F13/><W51/><G63/><T118/><D118/><U64/><E81/><V28/><F28/><W9/><G1/><T103/><D103/><U35/><E72/><V82/><F40/><W99/><G99/><T78/><D78/><U27/><E27/><V76/><F48/><AGARI ba="1,0" hai="2,4,9,44,46,48,51,52,54,86,90,95,132,135" machi="48" ten="40,2600,0" yaku="9,1,54,1" doraHai="123" who="3" fromWho="2" sc="304,0,146,0,217,-29,333,29" /><INIT seed="5,0,0,2,2,8" ten="304,146,188,362" oya="1" hai0="18,2,49,41,66,107,39,111,135,4,59,20,0" hai1="74,14,99,108,90,36,23,52,73,89,55,34,103" hai2="93,130,22,46,82,48,78,114,15,83,79,77,33" hai3="98,12,24,96,97,35,32,1,126,105,100,60,31"/><U101/><E34/><V64/><F130/><W70/><G1/><T121/><D107/><U119/><E36/><V56/><F33/><W50/><G32/><T10/><D39/><U62/><E119/><V26/><F114/><W42/><G126/><T27/><D111/><U69/><E108/><V44/><F93/><W47/><REACH who="3" step="1"/><G12/><REACH who="3" ten="304,146,188,352" step="2"/><T104/><D2/><U113/><E113/><V102/><F15/><W87/><G87/><T17/><D121/><U71/><E14/><V58/><F26/><W19/><G19/><T51/><D18/><U95/><E99/><V129/><F129/><W124/><G124/><T117/><D17/><U86/><E86/><V28/><F28/><W57/><G57/><T84/><D59/><U122/><E122/><V76/><F58/><W40/><G40/><T53/><D41/><U128/><E128/><V68/><N who="2" m="19456" /><DORA hai="63" /><V16/><F16/><W72/><G72/><T61/><D84/><U54/><E62/><V127/><F127/><W134/><G134/><T132/><D61/><U38/><E38/><V133/><F133/><W6/><G6/><T3/><D4/><U85/><E85/><V110/><F110/><W120/><G120/><T67/><D3/><U81/><E71/><V30/><F68/><W65/><AGARI ba="0,1" hai="24,31,35,42,47,50,60,65,70,96,97,98,100,105" machi="65" ten="30,12000,2" yaku="1,1,0,1,25,2,52,1,53,1" doraHai="8,63" doraHaiUra="106,21" who="3" fromWho="3" sc="304,-30,146,-60,188,-30,352,130" /><INIT seed="6,0,0,5,2,100" ten="274,86,158,482" oya="2" hai0="89,82,45,58,27,125,9,63,44,134,113,17,5" hai1="33,76,8,105,90,104,122,124,21,94,115,55,108" hai2="81,117,62,42,112,38,13,64,16,88,50,77,114" hai3="101,22,96,116,14,107,118,70,11,97,78,61,126"/><V66/><F38/><W36/><G36/><T53/><D113/><N who="2" m="43626" /><F117/><W92/><G126/><T47/><D125/><U7/><E124/><V32/><F32/><W25/><G78/><T135/><D17/><U10/><E115/><V79/><F50/><W51/><G51/><T128/><D27/><U48/><E33/><V123/><F42/><W65/><G14/><T2/><D128/><U80/><E108/><V59/><F66/><W31/><G11/><T98/><D82/><U4/><E21/><N who="2" m="11407" /><F123/><W39/><G39/><T15/><D2/><U29/><E29/><V130/><F130/><W49/><G49/><T40/><D40/><U19/><E122/><V93/><F81/><W84/><G84/><AGARI ba="0,0" hai="59,62,64,77,79,84,88,93" m="11407,43626" machi="84" ten="30,5800,0" yaku="15,1,54,2" doraHai="100" who="2" fromWho="3" sc="274,0,86,0,158,58,482,-58" /><INIT seed="6,1,0,3,2,34" ten="274,86,216,424" oya="2" hai0="6,77,22,83,65,8,131,100,47,56,10,26,116" hai1="129,14,122,132,133,93,45,40,33,66,20,5,117" hai2="50,135,80,7,29,118,0,64,108,101,52,58,128" hai3="112,62,90,12,94,60,70,99,61,59,36,16,78"/><V74/><F118/><W85/><G36/><T69/><D69/><U125/><E33/><V79/><F135/><W109/><G109/><T54/><D116/><U134/><E117/><V31/><F108/><W43/><G43/><T4/><D65/><U97/><E66/><V121/><F121/><W39/><G39/><T63/><D47/><U72/><E72/><V86/><F128/><W105/><G70/><T48/><D63/><U76/><E76/><V81/><F101/><W57/><G112/><T17/><D100/><U53/><E122/><V38/><F64/><W103/><REACH who="3" step="1"/><G78/><REACH who="3" ten="274,86,216,414" step="2"/><T23/><D131/><U73/><E129/><V84/><F38/><W24/><G24/><T104/><D104/><U1/><E125/><V3/><F74/><W21/><AGARI ba="1,1" hai="12,16,21,57,59,60,61,62,85,90,94,99,103,105" machi="21" ten="30,4000,0" yaku="1,1,0,1,54,1,53,0" doraHai="34" doraHaiUra="126" who="3" fromWho="3" sc="274,-11,86,-11,216,-21,414,53" /><INIT seed="7,0,0,2,2,52" ten="263,75,195,467" oya="3" hai0="36,92,57,83,88,90,98,63,10,123,99,17,55" hai1="113,30,126,35,34,29,12,100,39,0,129,102,67" hai2="14,45,128,9,120,89,81,114,112,22,96,116,65" hai3="105,85,28,8,26,44,25,1,101,103,121,18,61"/><W33/><G121/><T16/><D36/><U41/><E39/><V117/><F45/><W74/><G74/><T127/><D127/><U133/><E41/><V73/><F65/><W62/><G1/><T93/><D123/><U64/><E0/><V31/><F120/><W50/><G105/><T79/><REACH who="0" step="1"/><D10/><REACH who="0" ten="253,75,195,467" step="2"/><U78/><E126/><V80/><F9/><W4/><G8/><T118/><D118/><N who="2" m="45674" /><F22/><W72/><G33/><T60/><D60/><U13/><E113/><N who="2" m="43627" /><F31/><W76/><G28/><T49/><D49/><U87/><E129/><V48/><F48/><W104/><G50/><T86/><AGARI ba="0,1" hai="16,17,55,57,63,79,83,86,88,90,92,93,98,99" machi="86" ten="20,16000,3" yaku="1,1,0,1,7,1,9,1,8,1,52,1,54,2,53,0" doraHai="52" doraHaiUra="66" who="0" fromWho="0" sc="253,170,75,-40,195,-40,467,-80" owari="423,52.3,35,-46.5,155,-24.5,387,18.7" /></mjloggm>