<mjloggm ver="2.3"><GO type="169" lobby="0"/><UN n0="%E6%A9%98%E3%83%AF%E3%83%AB%E3%83%84" n1="%E5%BE%A1%E5%BD%B1%E3%82%86%E3%81%9A%E3%81%8D" n2="%E4%BF%BA%E3%81%A7%E3%81%99" n3="%68%69%73%61%74%6F%E6%A3%92" dan="16,16,16,16" rate="2153.75,2179.29,2073.94,2111.92" sx="M,M,M,M"/><TAIKYOKU oya="0"/><INIT seed="0,0,0,3,3,99" ten="250,250,250,250" oya="0" hai0="17,15,130,53,33,125,39,92,0,118,78,76,59" hai1="24,123,43,3,74,37,42,41,22,30,40,95,58" hai2="1,61,122,97,84,113,131,109,51,91,128,9,23" hai3="71,80,6,135,100,31,64,28,12,5,50,87,96"/><T38/><D118/><U16/><E123/><V25/><F113/><W79/><G71/><T27/><D0/><U94/><E3/><V72/><F72/><W132/><G64/><T63/><D130/><N who="2" m="49706" /><F122/><W49/><G50/><T86/><D125/><U48/><E74/><V70/><F51/><W108/><G108/><T90/><D39/><U88/><E37/><V19/><F97/><W7/><G12/><T73/><D38/><U8/><E94/><V10/><F1/><W117/><G49/><T98/><D73/><U35/><E8/><V69/><F109/><W124/><G124/><T18/><D33/><U26/><E43/><V126/><F126/><W29/><REACH who="3" step="1"/><G117/><REACH who="3" ten="250,250,250,240" step="2"/><T52/><D53/><U120/><E120/><V93/><F70/><W103/><G103/><N who="0" m="60871" /><D27/><U133/><E133/><V21/><F69/><W102/><G102/><T13/><D13/><U116/><E116/><V46/><F46/><W34/><G34/><T114/><D114/><U89/><E42/><V107/><F61/><W55/><G55/><T4/><D4/><U85/><E48/><V111/><F111/><W65/><G65/><T81/><D15/><U105/><E41/><V119/><F119/><W112/><G112/><T82/><D78/><U57/><E40/><V115/><F115/><W45/><G45/><T2/><D2/><U60/><E35/><V110/><F110/><W67/><G67/><T104/><D76/><U56/><E26/><V32/><F32/><W106/><AGARI ba="0,1" hai="5,6,7,28,29,31,79,80,87,96,100,106,132,135" machi="106" ten="40,5200,0" yaku="1,1,0,1,52,1,53,0" doraHai="99" doraHaiUra="11" who="3" fromWho="3" sc="250,-26,250,-13,250,-13,240,62" /><INIT seed="1,0,0,4,2,66" ten="224,237,237,302" oya="1" hai0="64,44,57,95,56,46,27,63,81,126,94,133,2" hai1="123,50,121,92,112,25,98,113,71,86,93,120,13" hai2="0,39,33,122,104,134,102,107,16,45,6,101,24" hai3="10,54,3,124,36,12,103,52,80,84,99,59,65"/><U17/><E25/><V22/><F122/><W100/><G3/><T130/><D2/><U97/><E50/><V29/><F134/><W7/><G36/><T108/><D133/><U72/><E72/><V105/><F0/><W11/><G11/><T8/><D8/><U88/><E71/><V125/><F6/><W69/><G69/><T31/><D130/><U75/><E75/><V49/><F39/><W111/><G111/><T62/><D108/><U34/><E34/><V26/><REACH who="2" step="1"/><F125/><REACH who="2" ten="224,237,227,302" step="2"/><W87/><G124/><T60/><D126/><U131/><E131/><V40/><AGARI ba="0,1" hai="16,22,24,26,29,33,40,45,49,101,102,104,105,107" machi="40" ten="30,7900,0" yaku="1,1,2,1,0,1,54,1,53,0" doraHai="66" doraHaiUra="58" who="2" fromWho="2" sc="224,-20,237,-39,227,89,302,-20" /><INIT seed="2,0,0,1,1,20" ten="204,198,316,282" oya="2" hai0="72,93,29,124,9,40,116,121,45,47,62,82,87" hai1="33,89,80,58,41,23,16,101,66,65,75,43,39" hai2="63,133,5,59,120,77,110,52,50,14,17,79,35" hai3="76,129,61,36,132,109,18,32,118,102,10,103,26"/><V13/><F120/><W84/><G36/><T134/><D121/><U104/><E33/><V6/><F133/><W55/><G109/><T19/><D134/><U42/><E39/><V94/><F35/><W11/><G129/><T131/><D116/><U92/><E104/><V125/><F125/><W3/><G118/><T68/><D124/><U128/><E128/><V127/><F127/><W99/><G3/><T28/><D131/><U86/><E58/><N who="2" m="33047" /><F110/><W114/><G114/><T57/><D68/><U44/><E44/><V12/><F17/><W70/><G102/><T37/><D93/><U51/><E51/><V106/><F94/><W113/><G113/><T88/><D45/><U4/><E4/><N who="2" m="1643" /><F106/><N who="3" m="63871" /><G18/><T60/><D60/><U96/><REACH who="1" step="1"/><E75/><REACH who="1" ten="204,188,316,282" step="2"/><V130/><F130/><W25/><G132/><T48/><D72/><U107/><E107/><V21/><F21/><W122/><G122/><T38/><D38/><U27/><AGARI ba="0,1" hai="16,23,27,41,42,43,65,66,80,86,89,92,96,101" machi="27" ten="30,8000,1" yaku="1,1,0,1,8,1,52,1,54,1,53,0" doraHai="20" doraHaiUra="54" who="1" fromWho="1" sc="204,-20,188,90,316,-40,282,-20" /><INIT seed="3,0,0,5,2,67" ten="184,278,276,262" oya="3" hai0="76,2,120,132,133,59,45,40,70,74,57,47,27" hai1="124,48,33,79,134,117,54,37,93,26,80,42,39" hai2="14,55,68,34,75,97,31,69,115,18,114,106,6" hai3="16,92,43,126,119,53,1,85,38,29,0,94,83"/><W44/><G119/><T3/><D27/><U15/><E117/><V62/><F55/><W21/><G29/><T122/><D76/><U8/><E42/><V17/><F75/><W22/><G22/><T28/><D74/><U20/><E33/><V7/><F62/><W87/><G53/><T72/><D72/><U46/><E93/><V101/><F31/><W5/><G87/><T88/><D28/><U51/><E51/><V109/><F34/><W19/><G19/><T9/><D9/><U135/><E124/><V100/><F97/><W131/><G131/><T128/><D40/><U129/><E129/><V108/><F14/><W56/><G56/><T113/><D128/><U77/><E79/><V95/><F95/><W73/><G1/><T112/><D88/><U121/><E121/><V50/><F50/><W58/><G58/><T49/><D49/><U10/><E10/><V64/><REACH who="2" step="1"/><F106/><REACH who="2" ten="184,278,266,262" step="2"/><W107/><G107/><T110/><D3/><U12/><E12/><V24/><F24/><N who="3" m="14375" /><G126/><T81/><D2/><U90/><E15/><V96/><F96/><W89/><G85/><T65/><D81/><U104/><E80/><V127/><F127/><W91/><G92/><T23/><D23/><U63/><E20/><V11/><F11/><N who="3" m="2471" /><G94/><T116/><D116/><U123/><E104/><V99/><F99/><W4/><G4/><T118/><D118/><U71/><E8/><V98/><F98/><W84/><G84/><T82/><D82/><U30/><E30/><V52/><F52/><W78/><AGARI ba="0,1" hai="38,43,44,73,78,83,89,91" m="2471,14375" machi="78" ten="30,3000,0" yaku="25,1,54,1" doraHai="67" who="3" fromWho="3" sc="184,-10,278,-10,266,-10,262,40" /><INIT seed="3,1,0,1,4,55" ten="174,268,256,302" oya="3" hai0="53,120,124,7,62,121,4,79,94,45,69,92,107" hai1="90,54,15,123,36,12,19,114,115,24,64,40,14" hai2="93,104,9,86,112,77,83,18,31,133,21,3,97" hai3="89,67,117,16,84,32,52,20,41,103,129,113,110"/><W102/><G117/><T13/><D107/><U56/><E123/><V78/><F112/><W82/><G32/><T80/><D124/><U125/><E125/><V130/><F104/><W57/><G113/><T132/><D132/><U108/><E108/><V30/><F133/><W17/><G41/><T70/><D45/><U47/><E64/><V1/><F78/><W135/><G129/><T59/><D7/><U6/><E6/><V91/><F130/><W38/><G38/><T99/><D94/><U116/><E116/><V85/><F9/><W75/><G75/><T98/><D98/><U81/><E19/><N who="3" m="7242" /><G20/><T127/><D127/><U5/><E5/><V0/><REACH who="2" step="1"/><F97/><REACH who="2" ten="174,268,246,302" step="2"/><W88/><G135/><T26/><D121/><U96/><E115/><V39/><F39/><W60/><G110/><T71/><D120/><U111/><E114/><V51/><F51/><N who="3" m="30879" /><G89/><T72/><D4/><U126/><E90/><V23/><F23/><W8/><G8/><T25/><REACH who="0" step="1"/><D13/><AGARI ba="1,1" hai="0,1,3,13,18,21,30,31,77,83,85,86,91,93" machi="13" ten="40,1300,0" yaku="1,1,53,0" doraHai="55" doraHaiUra="134" who="2" fromWho="0" sc="174,-16,268,0,246,26,302,0" /><INIT seed="4,0,0,1,3,76" ten="158,268,272,302" oya="0" hai0="49,107,50,135,100,34,45,67,40,18,125,93,84" hai1="38,80,15,128,73,59,23,90,14,13,91,4,43" hai2="72,47,105,103,81,133,32,78,60,29,9,51,95" hai3="121,39,8,0,20,24,48,26,19,12,117,74,94"/><T25/><D135/><U42/><E128/><V131/><F131/><W119/><G39/><T27/><D125/><U77/><E59/><V75/><F75/><W127/><G74/><T130/><D130/><U122/><E122/><V132/><F60/><W104/><G104/><T66/><D107/><U106/><E106/><V53/><F105/><W99/><G0/><T55/><D34/><U2/><E23/><V96/><REACH who="2" step="1"/><F9/><REACH who="2" ten="158,268,262,302" step="2"/><W63/><G63/><T65/><D18/><U112/><E73/><V98/><F98/><W69/><G121/><T52/><D84/><U82/><E4/><V11/><F11/><W89/><G8/><T64/><N who="0" m="16384" /><DORA hai="109" /><T61/><D61/><U33/><E2/><V57/><F57/><W113/><G69/><T37/><D37/><U102/><E38/><V21/><F21/><W22/><G20/><T70/><D70/><U3/><E3/><V7/><F7/><W86/><G86/><T58/><REACH who="0" step="1"/><D40/><REACH who="0" ten="148,268,262,302" step="2"/><U124/><E42/><V68/><F68/><W87/><G87/><T36/><D36/><U101/><E43/><V134/><F134/><W110/><G19/><T17/><D17/><U115/><E33/><V56/><F56/><W88/><G127/><T126/><D126/><U35/><E35/><V118/><F118/><W5/><G117/><T79/><D79/><U97/><E124/><V16/><F16/><W85/><G85/><T120/><D120/><U6/><E77/><V54/><F54/><W30/><G119/><T44/><D44/><U83/><E6/><V31/><F31/><W46/><G5/><T123/><D123/><RYUUKYOKU ba="0,2" sc="148,15,268,-15,262,15,302,-15" hai0="25,27,45,49,50,52,55,58,93,100" hai2="29,32,47,51,53,72,78,81,95,96,103,132,133" /><INIT seed="4,1,2,0,4,53" ten="163,253,277,287" oya="0" hai0="103,59,69,77,100,29,86,68,82,94,55,11,121" hai1="61,8,126,30,28,113,132,116,90,117,10,112,124" hai2="131,122,75,70,133,111,17,98,40,73,23,106,130" hai3="20,67,115,85,88,81,45,54,76,52,99,44,5"/><T27/><D121/><U91/><REACH who="1" step="1"/><E61/><REACH who="1" ten="163,243,277,287" step="2"/><V78/><F131/><W123/><G123/><T26/><D69/><U21/><E21/><V119/><F70/><W110/><G20/><N who="0" m="15559" /><D68/><U72/><E72/><V96/><F75/><W22/><G22/><T128/><D128/><U51/><E51/><V9/><F73/><W50/><G50/><N who="0" m="31223" /><D27/><U102/><E102/><N who="0" m="38953" /><D94/><U118/><E118/><V66/><F119/><W14/><G44/><T57/><D57/><U6/><E6/><V92/><F92/><N who="3" m="56711" /><G45/><T80/><D80/><U97/><E97/><V47/><F98/><W34/><G5/><T42/><D42/><U32/><E32/><V48/><F40/><W87/><G34/><T64/><D11/><U2/><E2/><V129/><F9/><W15/><G81/><T56/><D56/><U125/><E125/><V84/><F122/><W93/><G93/><T60/><D60/><U89/><E89/><V41/><F41/><W71/><G71/><T83/><D83/><U104/><E104/><V0/><F106/><W19/><G76/><T49/><D49/><U62/><E62/><V63/><F63/><W95/><G95/><T101/><D101/><U13/><E13/><V58/><F48/><W33/><G14/><T109/><D109/><U31/><E31/><V108/><F111/><W105/><G110/><T107/><D107/><U43/><E43/><V65/><F108/><W16/><G105/><T39/><D39/><U12/><E12/><N who="2" m="9639" /><F130/><W134/><G15/><T79/><D79/><U3/><E3/><V114/><F0/><W24/><G33/><T37/><D37/><RYUUKYOKU ba="1,3" sc="163,15,243,15,277,-15,287,-15" hai0="64,77,82,86" hai1="8,10,28,30,90,91,112,113,116,117,124,126,132" /><INIT seed="4,2,3,5,4,85" ten="178,258,262,272" oya="0" hai0="81,97,135,124,32,122,54,68,27,86,46,65,47" hai1="21,98,94,105,64,51,76,13,73,100,11,16,33" hai2="41,128,108,20,102,56,82,110,69,57,19,92,62" hai3="103,23,119,130,117,89,40,87,107,111,113,127,79"/><T14/><D122/><U134/><E33/><V109/><F128/><W4/><G4/><T10/><D135/><U131/><E131/><V58/><F41/><W44/><G130/><T121/><D121/><U59/><E134/><V53/><F69/><W2/><G2/><T126/><D97/><U8/><E105/><V96/><REACH who="2" step="1"/><F82/><REACH who="2" ten="178,258,252,272" step="2"/><W0/><G117/><T45/><D68/><U34/><E73/><V29/><F29/><W3/><G119/><T133/><D133/><U9/><E34/><V101/><F101/><W48/><G103/><T15/><D32/><U49/><E76/><V83/><F83/><W39/><G79/><T36/><D36/><U67/><E67/><V5/><F5/><W114/><G39/><T7/><D65/><U28/><E28/><V77/><F77/><W26/><G111/><T43/><D43/><U75/><E75/><V24/><AGARI ba="2,4" hai="19,20,24,53,56,57,58,62,92,96,102,108,109,110" machi="24" ten="30,8000,1" yaku="1,1,0,1,53,3" doraHai="85" doraHaiUra="55" who="2" fromWho="2" sc="178,-42,258,-22,252,126,272,-22" /><INIT seed="5,0,0,5,3,75" ten="136,236,378,250" oya="1" hai0="45,78,10,100,16,66,126,54,14,3,33,95,5" hai1="125,93,94,65,133,135,11,22,80,39,28,105,120" hai2="40,53,67,84,63,36,102,134,9,47,89,6,130" hai3="132,30,107,83,68,101,8,88,114,112,97,74,35"/><U99/><E39/><V56/><F134/><W37/><G132/><N who="1" m="50762" /><E120/><V31/><F130/><W57/><G8/><T91/><D126/><U124/><E65/><V64/><F102/><W24/><G57/><T72/><D33/><U48/><E11/><V51/><F31/><W58/><G58/><T43/><D66/><U73/><E48/><V98/><F98/><W104/><G104/><T116/><D116/><U82/><E28/><V115/><F115/><N who="3" m="44075" /><G37/><T27/><D54/><U15/><E22/><V121/><F36/><W111/><G111/><T118/><D27/><U49/><E15/><N who="2" m="5559" /><F121/><W62/><G62/><T61/><D61/><U128/><E49/><V60/><F60/><W70/><G88/><T26/><D26/><U19/><E19/><V44/><F44/><W76/><AGARI ba="0,0" hai="24,30,35,68,70,74,76,83,97,101,107" m="44075" machi="76" ten="30,4000,0" yaku="15,1,23,1,52,1" doraHai="75" who="3" fromWho="3" sc="136,-10,236,-20,378,-10,250,40" /><INIT seed="6,0,0,2,5,132" ten="126,216,368,290" oya="2" hai0="29,21,94,126,6,131,35,30,10,100,56,101,117" hai1="31,87,62,109,53,105,47,83,115,13,135,11,80" hai2="91,0,127,110,50,116,118,78,66,128,72,67,73" hai3="64,77,99,17,63,123,70,54,9,58,28,76,82"/><V81/><F0/><W25/><G123/><T120/><D120/><U8/><E105/><V74/><F50/><W86/><G99/><T111/><D111/><U23/><E109/><V59/><F110/><W32/><G9/><T93/><D35/><U106/><E106/><V39/><F39/><W19/><G76/><T4/><D21/><U90/><E115/><V68/><F68/><W40/><G40/><T98/><D56/><N who="1" m="35087" /><E135/><V119/><F59/><W75/><G75/><N who="2" m="28745" /><F66/><W130/><REACH who="3" step="1"/><G130/><REACH who="3" ten="126,216,368,280" step="2"/><T15/><D131/><U114/><E8/><V5/><F128/><W49/><AGARI ba="0,1" hai="17,19,25,28,32,49,54,58,63,64,70,77,82,86" machi="49" ten="20,5200,0" yaku="1,1,2,1,0,1,7,1,53,0" doraHai="132" doraHaiUra="85" who="3" fromWho="3" sc="126,-13,216,-13,368,-26,280,62" /><INIT seed="7,0,0,3,3,50" ten="113,203,342,342" oya="3" hai0="43,45,99,116,82,78,14,122,103,75,44,70,47" hai1="3,52,49,74,4,39,107,86,36,59,34,121,117" hai2="54,25,76,124,89,2,79,71,6,105,72,68,24" hai3="55,22,77,26,69,110,29,5,85,67,38,130,33"/><W58/><G38/><T35/><D122/><U128/><E107/><V88/><F105/><W51/><G130/><T7/><D116/><U37/><E34/><V53/><F6/><W9/><G33/><T96/><D70/><U10/><E74/><V112/><F112/><W17/><G69/><T92/><D35/><U126/><E121/><V62/><F72/><W61/><G67/><T93/><D7/><U132/><E117/><V64/><F2/><W12/><G61/><T42/><D14/><U8/><E8/><V114/><F114/><W108/><G5/><T104/><D104/><U87/><E128/><V46/><F46/><W129/><G129/><T115/><D115/><U101/><E101/><V133/><F133/><W15/><G15/><T95/><REACH who="0" step="1"/><D103/><REACH who="0" ten="103,203,342,342" step="2"/><U28/><E4/><V84/><F71/><W106/><G106/><T63/><D63/><U134/><E3/><V19/><F62/><W23/><G9/><T13/><D13/><U30/><E10/><V113/><F68/><W118/><G118/><T41/><AGARI ba="0,1" hai="41,42,43,44,45,47,75,78,82,92,93,95,96,99" machi="41" ten="40,8000,1" yaku="1,1,0,1,29,2,53,0" doraHai="50" doraHaiUra="20" who="0" fromWho="0" sc="103,90,203,-20,342,-20,342,-40" owari="193,-20.7,183,-31.7,322,42.2,302,10.2" /></mjloggm>