<mjloggm ver="2.3"><GO type="169" lobby="0"/><UN n0="%E3%83%AB%E3%83%89%E3%82%A6%E3%82%A3%E3%83%83%E3%82%B0" n1="%63%68%69%73%73" n2="%E6%A1%9C%E5%B0%8F%E8%B7%AF%E6%89%8D%E8%8F%AF" n3="%E3%83%91%E3%83%91%E3%83%91%E3%83%91" dan="16,16,16,17" rate="2119.43,2144.25,2149.92,2199.72" sx="M,M,M,M"/><TAIKYOKU oya="0"/><INIT seed="0,0,0,2,1,107" ten="250,250,250,250" oya="0" hai0="118,31,16,21,70,62,101,133,71,104,60,23,88" hai1="41,0,89,40,27,111,9,130,26,122,73,97,42" hai2="15,58,38,43,100,12,39,103,63,127,124,67,94" hai3="92,84,64,126,86,90,102,91,50,22,128,3,120"/><T85/><D118/><U98/><E122/><V95/><F15/><W93/><G120/><T32/><D133/><U123/><E123/><V112/><F112/><W59/><G126/><N who="2" m="48169" /><F12/><W66/><G128/><T1/><D1/><U37/><E111/><V53/><F67/><W2/><G102/><N who="2" m="38953" /><F43/><W77/><G77/><T75/><D75/><U116/><E116/><V134/><F134/><W72/><G72/><T135/><D135/><U5/><E130/><V33/><F33/><W83/><G83/><T57/><D32/><U11/><E73/><V56/><F56/><W36/><G36/><AGARI ba="0,0" hai="36,38,39,53,58,63,94,95" m="38953,48169" machi="36" ten="30,1000,0" yaku="18,1" doraHai="107" who="2" fromWho="3" sc="250,0,250,0,250,10,250,-10" /><INIT seed="1,0,0,4,0,102" ten="250,250,260,240" oya="1" hai0="121,129,66,41,92,123,65,79,106,89,30,42,77" hai1="101,56,135,78,88,9,43,73,3,103,45,33,11" hai2="80,8,69,99,85,118,34,87,105,84,36,27,54" hai3="4,94,57,59,17,111,39,68,49,127,91,93,37"/><U16/><E135/><V14/><F118/><W133/><G111/><T128/><D30/><U38/><E33/><V125/><F36/><W18/><G127/><T26/><D26/><U64/><E9/><V95/><F69/><W67/><G133/><T114/><D114/><U55/><E64/><N who="0" m="24681" /><D92/><U52/><E55/><V12/><F125/><W96/><G4/><T31/><D31/><U58/><E56/><V6/><F34/><W90/><G68/><T104/><D89/><U53/><E53/><V81/><F27/><W130/><G130/><N who="0" m="50283" /><D42/><U10/><E10/><V124/><F124/><W86/><G49/><T1/><D1/><U97/><E73/><V29/><F29/><W61/><REACH who="3" step="1"/><G59/><REACH who="3" ten="250,250,260,230" step="2"/><T25/><D41/><U32/><E3/><V63/><F6/><W71/><G71/><T70/><D70/><U28/><E32/><V126/><F126/><W19/><AGARI ba="0,1" hai="17,18,19,37,39,57,61,67,86,90,91,93,94,96" machi="19" ten="30,2000,0" yaku="1,1,0,1,53,0" doraHai="102" doraHaiUra="98" who="3" fromWho="3" sc="250,-5,250,-10,260,-5,230,30" /><INIT seed="2,0,0,3,2,132" ten="245,240,255,260" oya="2" hai0="59,6,122,112,95,30,60,72,100,74,66,36,103" hai1="93,85,88,44,121,34,130,71,125,4,131,62,56" hai2="114,23,73,98,39,84,57,94,14,58,90,26,12" hai3="97,47,27,46,35,69,7,15,126,76,63,24,65"/><V106/><F114/><W64/><G76/><T20/><D36/><U107/><E71/><V31/><F39/><W117/><G117/><T0/><D122/><U115/><E115/><V108/><F73/><W25/><G35/><T51/><D112/><U87/><E107/><V135/><F135/><W29/><G29/><T70/><D0/><U123/><E34/><V110/><F106/><W67/><G97/><T54/><D6/><U61/><E44/><V102/><F58/><W18/><G7/><T33/><D33/><U105/><E105/><N who="2" m="63703" /><F57/><W28/><G28/><T75/><D103/><U127/><E4/><V16/><F31/><W38/><G47/><T104/><D104/><U5/><E5/><V52/><F52/><W134/><G134/><T120/><D120/><N who="1" m="46155" /><E85/><V2/><F2/><W109/><G109/><AGARI ba="0,0" hai="12,14,16,23,26,84,90,94,108,109,110" m="63703" machi="109" ten="30,5800,0" yaku="14,1,10,1,54,1" doraHai="132" who="2" fromWho="3" sc="245,0,240,0,255,58,260,-58" /><INIT seed="2,1,0,0,5,30" ten="245,240,313,202" oya="2" hai0="101,115,50,4,14,11,102,103,127,64,81,65,27" hai1="35,31,23,128,78,92,5,131,21,53,26,9,91" hai2="17,82,95,55,74,18,80,15,59,20,8,77,47" hai3="22,51,108,90,120,36,109,125,37,94,19,6,107"/><V133/><F133/><W7/><G120/><T75/><D115/><U112/><E78/><V135/><F135/><W97/><G125/><T105/><D105/><U3/><E53/><V118/><F118/><W73/><G73/><T49/><D127/><U54/><E54/><V40/><F95/><W114/><G114/><T58/><D75/><U98/><E112/><V69/><F69/><W52/><G107/><T41/><D81/><U25/><REACH who="1" step="1"/><E26/><REACH who="1" ten="245,230,313,202" step="2"/><N who="2" m="14607" /><F77/><W39/><G109/><T57/><D27/><U132/><E132/><V70/><F74/><W111/><G108/><T85/><D65/><U2/><E2/><V48/><F70/><W33/><G111/><T56/><D64/><U126/><E126/><V10/><F10/><W43/><G43/><T113/><D113/><U100/><E100/><V72/><F72/><W68/><G68/><T134/><D134/><U96/><E96/><V46/><F46/><W122/><G122/><T123/><D123/><U89/><E89/><V106/><F106/><W130/><G90/><T121/><D121/><U29/><E29/><V44/><F44/><W1/><G97/><T71/><D71/><U0/><E0/><V76/><F76/><W12/><G1/><T99/><D41/><U88/><E88/><V61/><AGARI ba="1,1" hai="8,15,18,40,47,48,55,59,61,80,82" m="14607" machi="61" ten="30,1500,0" yaku="8,1" doraHai="30" who="2" fromWho="2" sc="245,-6,230,-6,313,28,202,-6" /><INIT seed="2,2,0,4,0,41" ten="239,224,341,196" oya="2" hai0="53,54,65,122,30,59,21,110,78,109,40,13,25" hai1="42,69,4,18,87,11,9,43,115,14,119,98,60" hai2="12,8,86,20,128,81,24,84,51,85,64,107,92" hai3="56,72,35,28,77,76,89,120,31,124,112,26,39"/><V79/><F128/><W0/><G120/><T127/><D122/><U55/><E115/><V36/><F36/><W75/><G112/><T126/><D78/><U103/><E119/><V74/><F107/><W44/><G124/><N who="0" m="47659" /><D40/><U67/><E87/><V63/><F51/><W95/><G0/><T68/><D68/><U131/><E55/><N who="0" m="21001" /><D13/><U16/><E131/><V37/><F37/><W133/><G56/><T6/><D6/><U49/><E49/><V19/><F92/><W125/><G133/><T99/><D99/><U27/><E18/><V83/><F83/><W113/><G31/><T48/><D48/><U71/><E71/><V17/><REACH who="2" step="1"/><F74/><REACH who="2" ten="239,224,331,196" step="2"/><W97/><G113/><T111/><D111/><U102/><E60/><AGARI ba="2,1" hai="21,25,30,59,60,65,109,110" m="21001,47659" machi="60" ten="30,1000,0" yaku="18,1" doraHai="41" who="0" fromWho="1" sc="239,26,224,-16,331,0,196,0" /><INIT seed="3,0,0,2,1,47" ten="265,208,331,196" oya="3" hai0="49,70,26,51,53,58,30,99,16,32,14,96,69" hai1="50,67,41,55,90,22,84,24,56,34,20,114,100" hai2="36,37,103,97,65,78,10,2,11,71,54,43,98" hai3="1,19,126,46,66,115,127,8,120,134,18,125,12"/><W112/><G66/><T87/><D87/><U74/><E114/><V105/><F78/><W13/><G46/><T104/><D104/><U27/><E74/><V42/><F98/><W128/><G120/><T44/><D70/><U95/><E41/><V135/><F135/><W124/><N who="3" m="31744" /><DORA hai="77" /><W123/><G123/><T81/><D81/><U39/><E39/><V110/><F110/><W122/><G122/><T102/><D102/><U75/><E75/><V131/><F131/><W9/><G128/><T109/><D109/><U38/><E38/><V61/><F37/><W5/><G134/><T31/><D31/><U89/><E100/><V25/><F36/><W92/><G92/><T73/><D73/><U108/><E108/><V130/><F130/><W15/><G1/><T29/><D29/><U63/><E90/><V33/><F2/><W93/><G93/><T68/><D68/><U28/><REACH who="1" step="1"/><E27/><REACH who="1" ten="265,198,331,196" step="2"/><V107/><F43/><W116/><G116/><T64/><D69/><AGARI ba="0,1" hai="20,22,24,28,34,50,55,56,63,67,69,84,89,95" machi="69" ten="30,8000,1" yaku="1,1,2,1,7,1,52,1,53,1" doraHai="47,77" doraHaiUra="91,79" who="1" fromWho="0" sc="265,-80,198,90,331,0,196,0" /><INIT seed="4,0,0,2,4,61" ten="185,288,331,196" oya="0" hai0="124,33,4,113,22,0,59,16,12,85,55,108,53" hai1="74,36,96,8,14,94,5,100,102,27,17,64,72" hai2="20,122,109,126,48,1,93,115,132,47,15,134,43" hai3="112,84,23,129,30,45,91,24,77,107,31,119,51"/><T95/><D113/><U130/><E130/><V82/><F109/><W118/><G112/><T133/><D33/><U10/><E36/><V99/><F115/><W75/><G129/><T44/><D108/><U73/><E27/><V135/><F122/><W35/><G107/><T42/><D133/><U116/><E116/><V28/><F1/><W7/><G7/><T66/><D124/><U79/><E64/><V76/><F126/><W121/><G121/><T18/><D4/><U69/><E69/><V86/><F28/><W9/><G9/><T57/><D0/><U80/><REACH who="1" step="1"/><E100/><REACH who="1" ten="185,278,331,196" step="2"/><V6/><F132/><W117/><G117/><T67/><D67/><U103/><E103/><V83/><F134/><W49/><G119/><T3/><D66/><U34/><E34/><V71/><F71/><W70/><G70/><T58/><D3/><AGARI ba="0,1" hai="3,5,8,10,14,17,72,73,74,79,80,94,96,102" machi="3" ten="30,2000,0" yaku="1,1,7,1,53,0" doraHai="61" doraHaiUra="38" who="1" fromWho="0" sc="185,-20,278,30,331,0,196,0" /><INIT seed="5,0,0,2,3,102" ten="165,308,331,196" oya="1" hai0="14,56,107,36,79,38,100,117,72,32,27,62,106" hai1="33,9,76,44,23,126,17,53,45,113,108,46,90" hai2="129,48,94,121,135,86,112,11,26,99,7,95,114" hai3="6,132,58,34,50,39,64,51,115,75,55,25,67"/><U98/><E113/><N who="2" m="43627" /><F121/><W37/><G115/><T15/><D117/><U110/><E33/><V49/><F129/><W41/><G132/><T85/><D72/><U22/><E126/><V29/><F135/><W123/><G75/><T1/><D1/><U120/><E120/><V128/><F86/><W31/><G123/><T83/><D100/><U119/><E119/><V88/><F95/><W84/><G6/><T47/><D32/><U5/><E76/><V42/><F42/><W28/><G28/><T13/><D27/><U59/><E90/><V104/><F104/><W10/><G10/><T2/><D2/><U3/><E98/><V82/><F82/><W4/><G4/><T24/><D24/><U71/><E71/><V124/><F124/><W68/><G68/><T127/><D127/><U91/><E91/><V18/><F18/><W109/><G109/><T57/><D57/><U54/><E54/><V101/><F101/><W81/><G51/><T35/><D35/><U92/><E92/><V111/><F128/><W118/><G118/><T69/><D69/><U74/><E74/><V80/><F80/><W116/><G116/><T122/><D122/><U65/><E65/><V40/><F40/><W30/><G30/><T133/><D133/><U78/><E78/><V8/><F111/><N who="1" m="42537" /><E17/><V130/><F130/><W125/><G125/><T16/><D16/><U0/><E0/><N who="2" m="103" /><F11/><W105/><G105/><N who="0" m="39947" /><D47/><U12/><E3/><V77/><F77/><N who="3" m="46127" /><G41/><T89/><D79/><U52/><E53/><V60/><F60/><AGARI ba="0,0" hai="5,9,12,22,23,44,45,46,52,59,60" m="42537" machi="60" ten="30,2900,0" yaku="10,1,54,1" doraHai="102" who="1" fromWho="2" sc="165,0,308,29,331,-29,196,0" /><INIT seed="5,1,0,3,0,73" ten="165,337,302,196" oya="1" hai0="44,106,104,4,68,60,83,47,82,63,109,124,114" hai1="26,31,87,62,65,71,92,80,76,97,70,0,28" hai2="6,24,11,86,35,25,39,79,5,118,51,15,13" hai3="89,30,113,34,131,133,46,64,77,101,116,32,134"/><U120/><E120/><V55/><F118/><W103/><G116/><T38/><D109/><U50/><E0/><V96/><F39/><W37/><G113/><T29/><D124/><U41/><E41/><V102/><F35/><W2/><G2/><T54/><D114/><U122/><E122/><V58/><F15/><W18/><G131/><T127/><D127/><U91/><E50/><V88/><F6/><W27/><G34/><T108/><D108/><U110/><E110/><V130/><F79/><W100/><G64/><T107/><D29/><U22/><REACH who="1" step="1"/><E31/><REACH who="1" ten="165,327,302,196" step="2"/><V119/><F119/><W125/><G30/><T99/><D38/><U14/><E14/><V78/><F130/><W81/><G125/><T9/><D63/><U75/><E75/><V105/><REACH who="2" step="1"/><F78/><REACH who="2" ten="165,327,292,196" step="2"/><W67/><G77/><T48/><D107/><U17/><E17/><V36/><F36/><W21/><G18/><T74/><D106/><U85/><E85/><V53/><F53/><W135/><G37/><T126/><D74/><U16/><E16/><V93/><AGARI ba="1,2" hai="5,11,13,24,25,51,55,58,86,88,93,96,102,105" machi="93" ten="20,12000,2" yaku="1,1,0,1,7,1,54,1,53,2" doraHai="73" doraHaiUra="23" who="2" fromWho="2" sc="165,-31,327,-61,292,143,196,-31" /><INIT seed="6,0,0,2,1,1" ten="134,266,435,165" oya="2" hai0="75,129,102,5,42,45,22,28,73,0,17,49,109" hai1="120,41,124,131,26,81,64,134,92,32,130,53,114" hai2="68,34,91,39,38,46,100,121,21,59,44,8,80" hai3="7,25,37,24,128,89,55,11,90,117,56,119,87"/><V65/><F34/><W106/><G128/><T23/><D109/><U113/><E81/><V116/><F100/><W35/><G37/><T86/><D129/><N who="1" m="49163" /><E92/><V19/><F68/><W52/><G106/><T47/><D102/><U69/><E26/><V63/><F116/><W14/><G55/><T20/><D28/><U10/><E32/><V12/><F121/><W60/><G90/><T123/><D123/><U85/><E85/><N who="2" m="50599" /><F39/><W6/><G6/><T79/><D17/><U83/><E83/><V40/><F38/><W101/><G101/><T58/><D86/><U4/><E120/><V95/><F95/><W51/><G60/><T78/><D75/><U126/><E41/><V30/><F40/><W135/><G135/><T127/><D127/><N who="1" m="48683" /><E134/><V2/><F2/><W133/><G133/><T84/><D73/><U72/><E72/><V57/><F30/><W105/><G105/><T82/><D79/><U29/><E29/><V77/><F77/><W67/><G35/><T108/><D108/><U16/><E53/><N who="2" m="34223" /><F21/><N who="0" m="5378" /><T27/><DORA hai="107" /><D27/><N who="3" m="10313" /><G119/><T96/><D96/><U70/><E70/><V112/><F19/><W62/><G117/><T48/><D0/><N who="1" m="263" /><E16/><V110/><F110/><W66/><G89/><T104/><D104/><U103/><E103/><V33/><F33/><W111/><G111/><T9/><D9/><U122/><E122/><V76/><F8/><W115/><G87/><T18/><D18/><U71/><E71/><V15/><F76/><W3/><G3/><T93/><D93/><U132/><E132/><V36/><F12/><W125/><G125/><T98/><D78/><RYUUKYOKU ba="0,0" sc="134,-10,266,30,435,-10,165,-10" hai1="64,69,113,114" /><INIT seed="7,1,0,3,0,119" ten="124,296,425,155" oya="3" hai0="3,106,46,51,16,35,42,82,20,100,89,123,134" hai1="45,110,131,34,23,11,86,95,102,43,111,53,31" hai2="74,64,18,80,1,15,62,77,66,44,61,128,67" hai3="56,52,65,72,38,127,90,47,107,7,71,37,97"/><W55/><G72/><T48/><D35/><U93/><E34/><V103/><F1/><W39/><G7/><T50/><D3/><U63/><E131/><V30/><F128/><W9/><G9/><T117/><D117/><U73/><E73/><V0/><F0/><W6/><G6/><T104/><D134/><U17/><E110/><V33/><F103/><W14/><G14/><T92/><D123/><U114/><E114/><V98/><F98/><W58/><G107/><T113/><D113/><U88/><E111/><V8/><F44/><W94/><G127/><T60/><D60/><U70/><E70/><V29/><F33/><W96/><G96/><T99/><D82/><U76/><E76/><V75/><F75/><W112/><G112/><T115/><D115/><U105/><E105/><V133/><F133/><W21/><G21/><T125/><D125/><U19/><E31/><V40/><F40/><W116/><G116/><T26/><D106/><U109/><E109/><V101/><F101/><W124/><G124/><T54/><D54/><U87/><E102/><V4/><F4/><W32/><G32/><T27/><D27/><U135/><E135/><V36/><F36/><W59/><REACH who="3" step="1"/><G47/><REACH who="3" ten="124,296,425,145" step="2"/><T85/><AGARI ba="1,1" hai="16,20,26,42,46,48,50,51,85,89,92,99,100,104" machi="85" ten="20,2700,0" yaku="0,1,7,1,54,1" doraHai="119" who="0" fromWho="0" sc="124,40,296,-8,425,-8,145,-14" owari="164,-23.6,288,8.8,417,51.7,131,-36.9" /></mjloggm>