<mjloggm ver="2.3"><GO type="169" lobby="0"/><UN n0="%E3%81%AA%E3%81%AA%E3%81%BF%EF%BC%A0%E5%8F%B2%E7%9A%AE%E8%BB%8D%E5%9B%A3" n1="%4E%65%6D%6F" n2="%6D%69%31%6B%74%65%61%61" n3="%E3%81%8F%E3%81%8E%E3%82%85%E3%81%86%E3%81%86%E3%81%86%E3%81%86" dan="17,16,19,18" rate="2138.15,2172.00,2311.74,2265.22" sx="M,M,F,M"/><TAIKYOKU oya="0"/><INIT seed="0,0,0,5,3,71" ten="250,250,250,250" oya="0" hai0="75,58,125,37,39,42,94,91,69,88,20,62,64" hai1="56,98,5,70,95,4,107,26,3,104,41,54,100" hai2="50,63,72,33,17,21,14,46,49,135,112,120,90" hai3="109,59,81,97,2,123,101,96,7,116,131,67,105"/><T130/><D75/><U44/><E70/><V78/><F112/><W127/><G116/><T129/><D125/><U60/><E26/><V118/><F120/><W93/><G127/><T106/><D106/><U82/><E82/><V76/><F135/><W84/><G123/><T92/><D20/><U121/><E121/><V53/><F33/><W124/><G124/><T51/><D92/><U113/><E113/><V85/><F72/><W28/><G28/><T29/><D29/><U0/><E5/><V111/><F111/><W23/><G23/><T102/><D102/><U47/><E47/><V128/><F128/><N who="0" m="49258" /><D91/><U79/><E79/><V115/><F63/><W77/><G109/><T117/><D117/><U55/><E55/><N who="2" m="30135" /><F115/><W31/><G31/><T133/><D133/><U110/><E110/><V132/><F132/><W1/><G131/><T16/><D16/><U80/><E80/><N who="2" m="49447" /><F118/><W38/><G105/><T86/><D42/><U73/><E73/><V43/><F43/><W122/><G122/><T89/><D89/><U10/><REACH who="1" step="1"/><E3/><REACH who="1" ten="250,240,250,250" step="2"/><V32/><F32/><W25/><G1/><T8/><D8/><U18/><E18/><V83/><F83/><W68/><G2/><T15/><D15/><U27/><E27/><V9/><F9/><W65/><G25/><T12/><D12/><U52/><E52/><AGARI ba="0,1" hai="37,39,51,52,58,62,64,69,86,88,94" m="49258" machi="52" ten="30,12000,1" yaku="19,1,52,2,54,2" doraHai="71" who="0" fromWho="1" sc="250,130,240,-120,250,0,250,0" /><INIT seed="0,1,0,1,2,60" ten="380,120,250,250" oya="0" hai0="74,70,22,134,106,1,0,111,40,43,10,114,35" hai1="45,49,28,27,67,72,90,118,85,34,84,105,127" hai2="59,95,94,33,133,80,123,115,32,122,101,113,6" hai3="53,44,79,51,23,62,83,16,124,25,103,17,82"/><T75/><D114/><U81/><E118/><V46/><F46/><W36/><G124/><T57/><D70/><U65/><E105/><V8/><F59/><W42/><G103/><T129/><D35/><N who="2" m="13386" /><F80/><W69/><G17/><T37/><D37/><U14/><E127/><V132/><F94/><W12/><G25/><T15/><D106/><U52/><E72/><V130/><F95/><W56/><G79/><T9/><D22/><U131/><E131/><V89/><F89/><W96/><G96/><T26/><D26/><U112/><E112/><N who="2" m="43083" /><F101/><W121/><G121/><N who="2" m="46089" /><F130/><W92/><G92/><T3/><D57/><U109/><E109/><V54/><F54/><W64/><AGARI ba="1,0" hai="12,16,23,36,42,44,51,53,56,62,64,69,82,83" machi="64" ten="30,8000,1" yaku="0,1,24,2,52,1,54,1" doraHai="60" who="3" fromWho="3" sc="380,-41,120,-21,250,-21,250,83" /><INIT seed="1,0,0,2,1,57" ten="339,99,229,333" oya="1" hai0="90,32,131,93,73,134,14,31,23,34,55,124,118" hai1="102,69,42,41,68,16,83,116,19,26,54,70,3" hai2="104,9,75,129,100,119,128,58,51,123,103,13,53" hai3="108,87,7,5,39,107,97,133,44,113,28,91,106"/><U1/><E116/><V50/><F119/><W59/><G113/><T115/><D115/><U2/><E102/><V80/><F123/><W114/><G114/><T27/><D131/><N who="2" m="50250" /><F104/><W22/><G108/><T96/><D134/><U88/><E54/><N who="2" m="32087" /><F80/><W95/><G133/><T47/><D124/><U48/><E48/><V82/><F82/><W121/><G121/><T72/><D118/><U126/><E126/><V71/><F71/><W76/><G76/><T92/><D32/><U60/><E60/><V33/><F33/><W11/><G5/><T62/><D47/><U112/><E112/><V46/><F75/><W8/><G8/><T98/><D55/><U109/><E109/><V36/><F36/><W77/><G77/><T35/><D62/><U12/><E26/><V40/><F40/><W86/><G39/><T111/><D111/><U66/><E66/><V63/><F63/><W127/><G44/><T17/><REACH who="0" step="1"/><D35/><REACH who="0" ten="329,99,229,333" step="2"/><U110/><E110/><V99/><F46/><W94/><G127/><T81/><D81/><U56/><E56/><V24/><F53/><W105/><G59/><T45/><D45/><U130/><E130/><V15/><F51/><W65/><G65/><T43/><D43/><U18/><REACH who="1" step="1"/><E12/><REACH who="1" ten="329,89,229,333" step="2"/><V10/><F15/><N who="3" m="5631" /><G107/><T74/><D74/><U0/><N who="1" m="0" /><DORA hai="84" /><U135/><E135/><V21/><F13/><W4/><G106/><T64/><D64/><U37/><E37/><V25/><F25/><W38/><G38/><T79/><D79/><U85/><AGARI ba="0,2" hai="16,18,19,41,42,68,69,70,83,85,88" m="0" machi="85" ten="70,18000,2" yaku="1,1,0,1,29,2,52,1,54,2,53,0" doraHai="57,84" doraHaiUra="29,52" who="1" fromWho="1" sc="329,-60,89,200,229,-60,333,-60" /><INIT seed="1,1,0,0,1,104" ten="269,289,169,273" oya="1" hai0="87,62,44,10,39,38,57,131,100,123,98,60,8" hai1="95,79,27,6,63,48,128,23,17,19,12,67,90" hai2="119,80,53,108,36,34,7,51,3,114,16,92,102" hai3="99,112,69,121,94,120,107,91,127,132,78,65,55"/><U11/><E128/><V97/><F114/><W61/><G112/><T134/><D131/><U33/><E33/><V54/><F108/><W21/><G132/><T28/><D134/><U35/><E35/><V29/><F119/><W26/><G127/><T76/><D28/><U106/><E106/><V82/><F36/><W43/><G43/><T32/><D32/><U22/><E79/><V30/><F7/><W18/><G107/><T50/><D38/><U0/><E48/><V130/><F3/><W41/><G41/><T42/><D60/><U84/><E63/><V73/><F54/><W56/><REACH who="3" step="1"/><G78/><REACH who="3" ten="269,289,169,263" step="2"/><T46/><D76/><U129/><E129/><V4/><F130/><W49/><AGARI ba="1,1" hai="18,21,26,49,55,56,61,65,69,91,94,99,120,121" machi="49" ten="20,5200,0" yaku="1,1,2,1,0,1,7,1,53,0" doraHai="104" doraHaiUra="72" who="3" fromWho="3" sc="269,-14,289,-27,169,-14,263,65" /><INIT seed="2,0,0,5,4,5" ten="255,262,155,328" oya="2" hai0="38,113,94,82,119,96,77,92,7,46,57,34,75" hai1="23,43,120,15,84,115,134,101,85,36,93,21,53" hai2="10,66,24,48,20,106,58,59,116,121,74,86,91" hai3="122,13,60,62,129,3,9,123,81,124,25,50,130"/><V71/><F116/><W29/><G50/><T112/><D113/><U64/><E115/><V17/><F121/><W45/><G45/><T68/><D112/><U114/><E114/><V31/><F74/><W133/><G81/><T102/><D68/><U98/><E36/><V132/><F132/><W110/><G62/><T73/><D34/><U126/><E43/><V35/><F106/><W16/><G60/><T8/><D57/><U105/><E126/><V11/><F71/><W108/><G3/><T22/><D22/><U95/><E64/><V65/><F35/><N who="3" m="20911" /><G124/><T117/><D92/><U80/><E120/><N who="3" m="46122" /><G133/><T99/><D99/><U18/><E134/><V127/><F31/><W109/><AGARI ba="0,0" hai="9,13,16,108,109,110,129,130" m="46122,20911" machi="109" ten="40,8000,1" yaku="14,1,34,2,52,1,54,1" doraHai="5" who="3" fromWho="3" sc="255,-20,262,-20,155,-40,328,80" /><INIT seed="3,0,0,4,0,128" ten="235,242,115,408" oya="3" hai0="55,98,120,121,95,15,45,132,11,126,116,4,79" hai1="129,105,92,74,3,102,100,123,112,56,125,52,69" hai2="110,133,9,1,115,12,83,97,54,71,49,88,46" hai3="62,29,21,90,63,117,73,68,130,36,23,111,86"/><W18/><G117/><T32/><D116/><U75/><E123/><V39/><F115/><W44/><G130/><T51/><D32/><U14/><E129/><V53/><F1/><W13/><G73/><T38/><D79/><U30/><E3/><V31/><F110/><W109/><G68/><T135/><D38/><U60/><E112/><V65/><F39/><W99/><G99/><T113/><D126/><U78/><E125/><V0/><F0/><W6/><G6/><T94/><D94/><U50/><E105/><V67/><F31/><W48/><G36/><T81/><D81/><U47/><E69/><V93/><F71/><W37/><G37/><T58/><D45/><U7/><E30/><V5/><F133/><N who="0" m="51274" /><D113/><U16/><E7/><V72/><F72/><W107/><G107/><T42/><D42/><U77/><E75/><V61/><REACH who="2" step="1"/><F83/><REACH who="2" ten="235,242,105,408" step="2"/><W70/><G111/><T134/><N who="0" m="51282" /><T35/><DORA hai="103" /><D35/><U108/><E108/><V22/><F22/><W41/><G109/><T87/><D87/><U43/><E74/><V66/><F66/><W127/><G127/><T20/><D20/><N who="1" m="11287" /><E92/><V33/><F33/><W59/><G23/><T82/><D82/><U85/><E85/><V19/><F19/><W76/><G29/><T96/><D96/><U24/><E24/><V64/><F64/><W89/><G86/><T25/><D25/><U8/><E8/><V40/><F40/><W118/><G118/><T27/><D27/><U104/><E104/><V17/><F17/><W10/><G21/><T57/><D98/><U80/><E80/><V34/><F34/><RYUUKYOKU ba="0,1" sc="235,-15,242,15,105,15,408,-15" hai1="43,47,50,52,56,60,77,78,100,102" hai2="5,9,12,46,49,53,54,61,65,67,88,93,97" /><INIT seed="4,1,1,0,1,133" ten="220,257,120,393" oya="0" hai0="30,80,102,120,82,71,23,134,28,32,43,10,57" hai1="55,22,68,114,92,79,116,25,78,118,12,64,27" hai2="11,112,1,56,6,99,104,72,48,52,41,109,0" hai3="60,3,51,58,90,94,93,129,113,125,50,54,20"/><T7/><D71/><U65/><E114/><V105/><F112/><W83/><G125/><T34/><D120/><U45/><E68/><V106/><F109/><W18/><G3/><T46/><D134/><U127/><E12/><V77/><F41/><W101/><G129/><T110/><D102/><U128/><E92/><V95/><F1/><W130/><G130/><T63/><D110/><U85/><E128/><V107/><N who="2" m="26624" /><DORA hai="135" /><V2/><F2/><W119/><G119/><T31/><D23/><U122/><E85/><V24/><F24/><W13/><G113/><T70/><D70/><U89/><E89/><V115/><F115/><W15/><G15/><T19/><D19/><U132/><E132/><V84/><F84/><N who="3" m="52423" /><G83/><T33/><D10/><U74/><E55/><V91/><REACH who="2" step="1"/><F72/><REACH who="2" ten="220,257,110,393" step="2"/><W35/><G35/><T17/><D33/><U124/><E74/><V21/><F21/><W131/><G131/><T5/><D34/><U108/><E22/><V111/><F111/><W100/><G13/><T67/><D32/><U123/><E108/><V37/><F37/><W42/><G42/><T87/><D43/><U81/><E81/><V75/><F75/><W88/><G20/><T98/><D82/><U36/><E36/><V69/><F69/><W61/><G94/><T38/><D80/><U66/><E66/><V86/><F86/><W126/><G100/><T103/><D87/><U29/><E29/><V73/><F73/><W117/><G101/><T96/><D103/><U44/><AGARI ba="1,2" hai="25,27,44,45,64,65,78,79,116,118,122,123,124,127" machi="44" ten="25,12000,2" yaku="0,1,22,2,52,4" doraHai="133,135" who="1" fromWho="1" sc="220,-61,257,143,110,-31,393,-31" /><INIT seed="5,0,0,2,3,72" ten="159,400,79,362" oya="1" hai0="46,20,14,29,66,104,127,84,16,19,90,128,32" hai1="87,55,125,64,0,77,122,49,74,91,35,119,94" hai2="58,2,40,22,27,99,95,70,11,53,98,110,79" hai3="83,112,134,113,75,80,93,100,73,34,41,71,61"/><U88/><E119/><V86/><F70/><W120/><G34/><T107/><D128/><U37/><E122/><V116/><F110/><W81/><G41/><T69/><D127/><U33/><E37/><V30/><F116/><W54/><G54/><T67/><D32/><U4/><E125/><V109/><F109/><W47/><G47/><T121/><D29/><U44/><E64/><V1/><F40/><W92/><G61/><T7/><D7/><U130/><E130/><V12/><F1/><W101/><G71/><T52/><D121/><U96/><E74/><N who="3" m="28170" /><G120/><T36/><D36/><U51/><E77/><V42/><F42/><W60/><G60/><T135/><D135/><U9/><REACH who="1" step="1"/><E49/><REACH who="1" ten="159,390,79,362" step="2"/><V59/><F79/><W62/><G134/><T82/><D67/><U124/><E124/><V68/><F68/><W103/><G62/><T132/><D66/><U45/><E45/><V39/><F39/><W17/><G17/><T126/><D132/><U21/><E21/><V114/><F59/><W111/><G111/><T115/><D69/><U57/><E57/><V23/><F23/><W31/><G31/><T89/><D19/><U117/><E117/><V131/><F131/><W5/><G5/><T108/><D108/><U65/><E65/><V76/><F76/><W63/><G63/><T123/><D123/><U56/><E56/><V106/><F22/><W105/><G105/><T3/><D107/><U48/><E48/><V13/><F58/><W15/><G15/><T78/><D104/><U18/><E18/><V118/><F106/><W24/><G24/><T102/><D126/><RYUUKYOKU ba="0,1" sc="159,-15,390,15,79,-15,362,15" hai1="0,4,9,33,35,44,51,55,87,88,91,94,96" hai3="80,81,83,92,93,100,101,103,112,113" /><INIT seed="5,1,1,3,2,127" ten="144,405,64,377" oya="1" hai0="55,135,52,53,117,105,124,19,111,3,28,8,21" hai1="65,71,35,90,11,77,123,16,120,10,33,13,112" hai2="9,79,39,92,132,107,41,93,67,37,78,58,26" hai3="109,17,102,54,113,119,126,100,61,66,62,97,44"/><U40/><E112/><V24/><F107/><W101/><G109/><T104/><D117/><U96/><E77/><V50/><F9/><W114/><G126/><T106/><D111/><U110/><E110/><V98/><F41/><W121/><G121/><T95/><D124/><U130/><E130/><V51/><F58/><N who="3" m="35031" /><G44/><T80/><D135/><U38/><E38/><V23/><F23/><W15/><G119/><T43/><D43/><U89/><E40/><V83/><F98/><W2/><G2/><T32/><D80/><U86/><E71/><V122/><F83/><W18/><G97/><T59/><D95/><U116/><E65/><V87/><F87/><W63/><G15/><T88/><D88/><U4/><E116/><V72/><F132/><W48/><G48/><T85/><D85/><U7/><E96/><V0/><F67/><W31/><G31/><T20/><D59/><U131/><E131/><V81/><F81/><W42/><G42/><T46/><D46/><U70/><E70/><V129/><F0/><W22/><G22/><T103/><D103/><U118/><E118/><V91/><F122/><W47/><G47/><T12/><REACH who="0" step="1"/><D3/><REACH who="0" ten="134,405,64,377" step="2"/><U108/><E108/><V57/><F57/><N who="3" m="37199" /><G63/><T27/><AGARI ba="1,2" hai="8,12,19,20,21,27,28,32,52,53,55,104,105,106" machi="27" ten="40,5200,0" yaku="1,1,0,1,54,1,53,0" doraHai="127" doraHaiUra="64" who="0" fromWho="0" sc="134,75,405,-27,64,-14,377,-14" /><INIT seed="6,0,0,2,1,67" ten="209,378,50,363" oya="2" hai0="48,119,51,77,120,65,58,32,118,74,53,63,16" hai1="84,28,109,60,2,22,113,61,70,45,76,21,1" hai2="89,14,101,25,97,52,93,66,36,68,79,122,15" hai3="99,9,131,62,10,19,64,73,90,40,31,126,94"/><V129/><F129/><W88/><G131/><T80/><D120/><U134/><E113/><V33/><F122/><W38/><G126/><T110/><D110/><U39/><E109/><V5/><F36/><W71/><G73/><T69/><D32/><U0/><E134/><V20/><F33/><W11/><G31/><T111/><D111/><U8/><E8/><V72/><F101/><W83/><G38/><T92/><D92/><U102/><E102/><V127/><F127/><W87/><REACH who="3" step="1"/><G40/><REACH who="3" ten="209,378,50,353" step="2"/><T44/><REACH who="0" step="1"/><D16/><AGARI ba="0,1" hai="9,10,11,16,19,62,64,71,83,87,88,90,94,99" machi="16" ten="40,12000,2" yaku="1,1,2,1,52,1,54,2,53,1" doraHai="67" doraHaiUra="82" who="3" fromWho="0" sc="209,-120,378,0,50,0,353,130" /><INIT seed="7,0,0,4,3,1" ten="89,378,50,483" oya="3" hai0="128,66,88,34,55,134,120,135,86,77,52,12,113" hai1="20,81,83,26,107,70,111,61,98,68,109,100,25" hai2="85,74,58,82,69,114,72,133,118,37,71,101,8" hai3="10,18,46,75,121,123,124,49,125,57,9,67,76"/><W116/><G116/><T60/><D120/><U53/><E111/><V89/><F118/><W13/><G9/><T39/><D128/><U24/><E109/><V19/><F37/><W23/><G23/><T103/><D34/><U79/><E20/><V47/><F114/><W99/><G99/><T130/><D130/><U17/><E17/><V36/><F133/><N who="0" m="50698" /><D113/><U62/><E53/><V30/><F30/><W117/><G57/><T0/><D0/><U94/><E107/><V126/><F126/><N who="3" m="48747" /><G67/><T4/><D77/><U38/><E38/><V51/><F101/><W93/><G93/><N who="0" m="54423" /><D103/><U16/><E16/><V106/><F106/><W54/><G117/><T56/><D39/><U22/><E22/><V102/><F102/><W119/><G119/><T59/><D59/><U73/><REACH who="1" step="1"/><E83/><AGARI ba="0,0" hai="10,13,18,46,49,54,75,76,83,121,123" m="48747" machi="83" ten="30,1500,0" yaku="18,1" doraHai="1" who="3" fromWho="1" sc="89,0,378,-15,50,0,483,15" owari="89,-31.1,363,16.3,50,-45.0,498,59.8" /></mjloggm>