<mjloggm ver="2.3"><GO type="169" lobby="0"/><UN n0="%E5%B0%8F%E8%B1%86%E6%A2%93" n1="%70%6F%6B%6B%6F" n2="%43%52%41%5A%59%42%45%45" n3="%E3%83%95%E3%82%AF%E3%83%80%E3%83%B3%E3%83%81%E3%83%A7" dan="16,16,19,16" rate="2142.25,2039.98,2298.82,2128.26" sx="F,M,F,M"/><TAIKYOKU oya="0"/><INIT seed="0,0,0,4,1,117" ten="250,250,250,250" oya="0" hai0="0,37,83,123,86,107,63,51,92,16,7,70,114" hai1="34,134,35,76,108,58,93,109,25,41,22,26,103" hai2="78,106,127,19,47,49,28,124,96,85,55,4,2" hai3="39,87,44,30,72,82,98,9,27,57,29,40,61"/><T45/><D114/><U125/><E125/><V74/><F74/><W128/><G72/><T3/><D107/><U21/><E76/><V24/><F19/><W129/><G98/><T56/><D92/><U84/><E41/><V73/><F73/><W60/><G9/><T132/><D132/><U14/><E58/><V62/><F62/><W115/><G115/><T13/><D7/><U113/><E84/><V81/><F4/><W43/><G43/><T77/><D37/><U52/><E93/><V46/><F46/><W5/><G5/><T20/><D70/><U59/><E103/><V10/><F10/><W31/><G27/><N who="1" m="10250" /><E113/><V111/><F2/><W38/><G38/><T130/><D130/><N who="3" m="50281" /><G57/><T53/><REACH who="0" step="1"/><D123/><REACH who="0" ten="240,250,250,250" step="2"/><U121/><E121/><V88/><F106/><W94/><G94/><T54/><AGARI ba="0,1" hai="0,3,13,16,20,45,51,53,54,56,63,77,83,86" machi="54" ten="20,12000,1" yaku="1,1,2,1,0,1,7,1,54,1,53,0" doraHai="117" doraHaiUra="91" who="0" fromWho="0" sc="240,130,250,-40,250,-40,250,-40" /><INIT seed="0,1,0,2,3,65" ten="370,210,210,210" oya="0" hai0="120,18,134,71,62,20,29,6,112,82,66,124,99" hai1="85,19,110,75,119,73,36,44,59,25,83,58,108" hai2="54,10,60,125,42,131,86,107,92,30,100,123,89" hai3="56,61,116,102,132,37,21,22,130,51,109,5,52"/><T39/><D112/><U76/><E119/><V0/><F123/><W9/><G109/><N who="1" m="42090" /><E58/><V122/><F122/><W8/><G116/><T23/><D120/><U69/><E69/><V7/><F131/><W118/><G37/><T47/><D134/><U80/><E59/><V63/><F125/><W3/><G132/><T15/><D124/><U28/><E19/><V104/><F42/><W16/><G130/><T111/><D111/><U70/><E70/><V121/><F121/><W48/><G118/><T127/><D127/><U38/><E44/><V93/><F30/><W81/><G102/><T77/><D6/><U126/><E126/><V53/><F60/><W24/><G8/><T117/><D117/><U32/><E75/><V55/><F63/><W128/><G128/><T115/><D115/><U98/><E98/><V91/><F100/><W78/><REACH who="3" step="1"/><G22/><REACH who="3" ten="370,210,210,200" step="2"/><T43/><D23/><U1/><E1/><V57/><F10/><W17/><G17/><T33/><D33/><U79/><AGARI ba="1,1" hai="25,28,32,36,38,73,76,79,80,83,85" m="42090" machi="79" ten="30,1100,0" yaku="14,1" doraHai="65" who="1" fromWho="1" sc="370,-6,210,24,210,-4,200,-4" /><INIT seed="1,0,0,1,4,32" ten="364,234,206,196" oya="1" hai0="68,8,93,96,126,23,74,30,85,18,135,4,86" hai1="70,51,107,76,21,77,116,73,61,15,111,48,44" hai2="99,56,11,131,114,102,26,34,47,119,72,50,33" hai3="130,10,3,94,41,0,58,105,29,27,124,112,46"/><U67/><E116/><V69/><F119/><W132/><G112/><T36/><D74/><U62/><E107/><V103/><F69/><W101/><G94/><T31/><D36/><U16/><E111/><V80/><F114/><W25/><G130/><T52/><D68/><U98/><E61/><V43/><F131/><W117/><G124/><T122/><D135/><U90/><E73/><V120/><F120/><W38/><G117/><T109/><D109/><U7/><E7/><V100/><F99/><N who="3" m="61631" /><G27/><T118/><D118/><U57/><E70/><V88/><F26/><W20/><G20/><T63/><D126/><U45/><E98/><V66/><F72/><W134/><G58/><N who="0" m="35271" /><D122/><U28/><E28/><N who="0" m="10793" /><D4/><U133/><E133/><N who="3" m="51306" /><G10/><T53/><D8/><U42/><REACH who="1" step="1"/><E90/><REACH who="1" ten="364,224,206,196" step="2"/><V123/><F123/><W64/><G64/><T108/><D108/><U81/><E81/><V55/><F66/><W87/><G87/><T39/><D86/><U129/><E129/><V13/><F80/><W75/><G75/><T14/><D85/><U65/><E65/><V37/><F88/><W60/><G60/><T89/><D89/><U6/><E6/><V125/><F125/><W1/><G29/><T35/><D96/><U97/><E97/><V121/><F121/><W127/><G127/><T22/><BYE who="1" /><D93/><U54/><E54/><V113/><F113/><W2/><N who="3" m="0" /><DORA hai="104" /><W110/><G25/><UN n1="%70%6F%6B%6B%6F" /><T59/><D53/><U12/><E12/><V84/><F84/><W9/><G110/><T71/><D71/><U24/><E24/><V92/><F92/><W49/><G9/><T83/><BYE who="1" /><D14/><RYUUKYOKU ba="0,1" sc="364,-30,224,10,206,10,196,10" hai1="15,16,21,42,44,45,48,51,57,62,67,76,77" hai2="11,13,33,34,37,43,47,50,55,56,100,102,103" hai3="38,41,46,49" /><UN n1="%70%6F%6B%6B%6F" /><INIT seed="1,1,1,1,4,87" ten="334,234,216,206" oya="1" hai0="1,64,48,94,37,104,70,90,108,126,127,88,133" hai1="24,114,98,52,74,55,12,132,8,62,25,6,41" hai2="59,20,119,39,33,7,51,27,53,82,14,118,61" hai3="71,128,96,131,68,122,103,100,43,72,80,123,19"/><U73/><E114/><V10/><F39/><W99/><G43/><T83/><D108/><U124/><E124/><N who="0" m="47657" /><D133/><U116/><E132/><V86/><F33/><W23/><G80/><T45/><D1/><U26/><E116/><V97/><F97/><N who="3" m="37451" /><G72/><T81/><D104/><U44/><E98/><V60/><F118/><W29/><G29/><T30/><D30/><U93/><E93/><V130/><F130/><N who="3" m="49707" /><G23/><T66/><D37/><U135/><E135/><V50/><F119/><W5/><G5/><T17/><D17/><U54/><REACH who="1" step="1"/><E62/><REACH who="1" ten="334,224,216,206" step="2"/><V77/><F60/><W32/><G32/><T3/><D94/><U36/><AGARI ba="1,2" hai="6,8,12,24,25,26,36,41,44,52,54,55,73,74" machi="36" ten="30,11700,0" yaku="1,1,2,1,0,1,54,1,53,0" doraHai="87" doraHaiUra="85" who="1" fromWho="1" sc="334,-40,224,140,216,-40,206,-40" /><INIT seed="1,2,0,0,1,128" ten="294,364,176,166" oya="1" hai0="21,28,35,41,74,54,82,99,15,127,123,104,13" hai1="6,57,14,51,63,5,60,22,112,12,134,62,19" hai2="92,25,10,33,49,59,8,129,20,101,117,84,24" hai3="27,122,30,40,23,131,43,105,98,94,81,11,124"/><U1/><E112/><V4/><F117/><W0/><G122/><T55/><D123/><U85/><E1/><V93/><F129/><W53/><G105/><T78/><D127/><U36/><E36/><V100/><F33/><W110/><G110/><T109/><D35/><U108/><E108/><V119/><F119/><W26/><G131/><T120/><D120/><U69/><E69/><V72/><F72/><W7/><G124/><T135/><D109/><U102/><E102/><V125/><F125/><W56/><G27/><T121/><D121/><U114/><E114/><V16/><F25/><W47/><G81/><T133/><D41/><U132/><E85/><V91/><F93/><W116/><G47/><T58/><D28/><U17/><E51/><V48/><F10/><W44/><G44/><T95/><D104/><U9/><REACH who="1" step="1"/><E57/><REACH who="1" ten="294,354,176,166" step="2"/><V52/><F49/><W73/><G116/><T130/><D130/><U97/><E97/><V42/><REACH who="2" step="1"/><F42/><REACH who="2" ten="294,354,166,166" step="2"/><W90/><G73/><T79/><D74/><U107/><E107/><V65/><F65/><W32/><G32/><T115/><D115/><U71/><E71/><V39/><F39/><W88/><REACH who="3" step="1"/><G90/><REACH who="3" ten="294,354,166,156" step="2"/><T76/><D82/><U87/><E87/><V126/><F126/><W38/><G38/><T77/><D95/><U68/><E68/><V103/><F103/><W89/><G89/><T2/><D79/><U29/><E29/><V70/><F70/><W50/><AGARI ba="2,3" hai="0,7,11,23,26,30,40,43,50,53,56,88,94,98" machi="50" ten="20,8000,1" yaku="1,1,0,1,7,1,54,1,53,1" doraHai="128" doraHaiUra="34" who="3" fromWho="3" sc="294,-22,354,-42,166,-22,156,116" /><INIT seed="2,0,0,3,4,54" ten="272,312,144,272" oya="2" hai0="48,107,37,108,75,45,46,64,2,65,94,90,113" hai1="22,110,84,93,47,27,68,133,129,112,116,83,126" hai2="4,88,40,59,52,103,20,69,97,104,61,96,100" hai3="87,31,5,58,101,98,73,25,60,130,50,11,32"/><V122/><F122/><W8/><G73/><T135/><D113/><U56/><E116/><V24/><F69/><W123/><G130/><T82/><D108/><U6/><E112/><V111/><F111/><W18/><G87/><T128/><D128/><U118/><E129/><V85/><F4/><W134/><G134/><T92/><D2/><U79/><E68/><V34/><F34/><W23/><G50/><T66/><D107/><U16/><E118/><V91/><F40/><W67/><G123/><T106/><D106/><U127/><E110/><V76/><F76/><W19/><G32/><T102/><D135/><U41/><E133/><V72/><F72/><W38/><G38/><T57/><D37/><U26/><E6/><V74/><F74/><W30/><G30/><T43/><D46/><U95/><E27/><V62/><F62/><W55/><G55/><T36/><D36/><U12/><E26/><V33/><F33/><W78/><G78/><T0/><D0/><U51/><REACH who="1" step="1"/><E56/><REACH who="1" ten="272,302,144,272" step="2"/><V7/><F7/><W21/><G5/><T39/><D57/><U132/><E132/><V49/><F61/><W89/><G25/><T77/><D39/><U13/><E13/><V115/><F115/><W29/><G60/><T1/><D1/><U9/><E9/><V131/><F131/><W119/><G8/><T124/><D124/><AGARI ba="0,1" hai="12,16,22,41,47,51,79,83,84,93,95,124,126,127" machi="124" ten="40,5200,0" yaku="1,1,18,1,54,1,53,0" doraHai="54" doraHaiUra="71" who="1" fromWho="0" sc="272,-52,302,62,144,0,272,0" /><INIT seed="3,0,0,2,3,2" ten="220,364,144,272" oya="3" hai0="41,40,47,18,86,39,62,108,116,105,110,104,48" hai1="132,112,90,58,121,123,10,92,99,19,23,128,89" hai2="37,31,68,53,131,13,83,3,97,46,118,82,106" hai3="64,85,12,130,49,72,78,15,95,26,80,84,81"/><W74/><G130/><T124/><D116/><U33/><E33/><V94/><F118/><W63/><G26/><T55/><D86/><U120/><E112/><V114/><F3/><W103/><G49/><T107/><D124/><U77/><E128/><V28/><F114/><W34/><G34/><T52/><D18/><U1/><E132/><V113/><F113/><W20/><G103/><T29/><D29/><U96/><E77/><V91/><F68/><W134/><G95/><T43/><REACH who="0" step="1"/><D39/><REACH who="0" ten="210,364,144,272" step="2"/><U133/><E19/><V14/><F131/><W27/><G134/><T117/><D117/><U44/><E133/><V65/><F37/><W42/><G74/><T59/><AGARI ba="0,1" hai="40,41,43,47,48,52,55,59,62,104,105,107,108,110" machi="59" ten="40,5200,0" yaku="1,1,0,1,54,1,53,0" doraHai="2" doraHaiUra="7" who="0" fromWho="0" sc="210,62,364,-13,144,-13,272,-26" /><INIT seed="4,0,0,2,0,26" ten="272,351,131,246" oya="0" hai0="77,72,51,13,119,10,19,98,22,49,60,131,95" hai1="127,116,46,111,28,74,30,54,47,27,41,132,87" hai2="124,8,6,78,109,104,44,103,4,66,40,2,115" hai3="85,57,53,32,17,73,86,18,52,81,93,108,130"/><T101/><D131/><U34/><E111/><V7/><F109/><W29/><G73/><T36/><D36/><U38/><E116/><V63/><F115/><W120/><G120/><T122/><D122/><U117/><E74/><V88/><F78/><W96/><G108/><T43/><D119/><U61/><E117/><V71/><F124/><W23/><G32/><T9/><D72/><U1/><E1/><V55/><F55/><N who="3" m="21067" /><G130/><T31/><D77/><U48/><E127/><V11/><F103/><N who="3" m="60815" /><G57/><T121/><D121/><U110/><E110/><V5/><F104/><W129/><G86/><T99/><D99/><U92/><E132/><V102/><F102/><W68/><G68/><T39/><D39/><U76/><E61/><V100/><F100/><W58/><G58/><T126/><D126/><U125/><E125/><V123/><F123/><W0/><G0/><T90/><D60/><U112/><E112/><V24/><N who="2" m="1024" /><DORA hai="82" /><V134/><F134/><W118/><G129/><T15/><D101/><U62/><E62/><V42/><F2/><W89/><G118/><T83/><D83/><U135/><E135/><V97/><F24/><AGARI ba="0,0" hai="17,18,23,24,29,81,85,89" m="60815,21067" machi="24" ten="30,7700,0" yaku="8,1,52,2,54,1" doraHai="26,82" who="3" fromWho="2" sc="272,0,351,0,131,-77,246,77" /><INIT seed="5,0,0,4,5,6" ten="272,351,54,323" oya="1" hai0="55,131,73,104,61,24,49,1,51,101,38,36,86" hai1="108,134,21,122,25,17,12,94,102,16,100,90,109" hai2="54,28,85,132,84,59,98,56,99,2,23,9,39" hai3="95,66,44,117,78,107,103,62,68,81,83,50,97"/><U118/><E118/><V121/><F121/><W31/><G117/><T112/><D73/><U57/><E122/><V72/><F72/><W7/><G31/><T60/><D1/><U126/><E126/><V130/><F39/><W105/><G7/><T34/><D86/><U29/><E134/><V74/><F74/><W40/><G83/><T65/><D101/><N who="1" m="39019" /><E57/><V88/><F132/><W120/><G120/><T52/><D104/><U91/><E17/><V13/><F2/><W4/><G4/><T45/><D34/><U125/><E125/><V32/><F32/><W63/><G63/><T133/><D133/><U115/><E115/><V69/><F69/><W3/><G3/><T67/><D24/><U129/><E129/><V119/><F119/><W124/><G124/><T76/><D76/><U11/><E94/><V19/><F85/><AGARI ba="0,0" hai="40,44,50,62,66,68,78,81,85,95,97,103,105,107" machi="85" ten="30,1000,0" yaku="7,1" doraHai="6" who="3" fromWho="2" sc="272,0,351,0,54,-10,323,10" /><INIT seed="6,0,0,0,3,42" ten="272,351,44,333" oya="2" hai0="48,56,69,122,25,87,39,15,92,68,72,54,38" hai1="100,34,29,134,82,103,4,64,80,40,120,121,119" hai2="118,66,10,50,131,94,46,18,71,41,104,13,75" hai3="8,31,117,23,79,45,102,9,24,67,135,74,49"/><V109/><F118/><W97/><G135/><T27/><D72/><U62/><E134/><V126/><F104/><W2/><G67/><T86/><D122/><N who="1" m="47211" /><E40/><V30/><F131/><W83/><G2/><T14/><D92/><U0/><E29/><V28/><F126/><W123/><G117/><T3/><D3/><U7/><E34/><V93/><F75/><W33/><G33/><T12/><D56/><N who="1" m="36935" /><E119/><V99/><F109/><W127/><G127/><T53/><D15/><U22/><E22/><V105/><F105/><W32/><G32/><T85/><D85/><U26/><E26/><V81/><F81/><N who="1" m="31337" /><E0/><V98/><F66/><W47/><G123/><T112/><D48/><U55/><E55/><V43/><F41/><W52/><REACH who="3" step="1"/><G47/><REACH who="3" ten="272,351,44,323" step="2"/><T91/><D112/><U63/><E63/><V16/><F71/><W133/><G133/><T84/><D69/><U61/><E61/><V76/><F76/><W44/><G44/><T70/><D70/><U77/><E77/><V129/><F129/><W60/><G60/><T1/><D1/><U107/><E107/><AGARI ba="0,1" hai="8,9,23,24,31,45,49,52,74,79,83,97,102,107" machi="107" ten="30,7700,0" yaku="1,1,7,1,52,1,54,1,53,0" doraHai="42" doraHaiUra="35" who="3" fromWho="1" sc="272,0,351,-77,44,0,323,87" /><INIT seed="7,0,0,4,1,62" ten="272,274,44,410" oya="3" hai0="33,94,74,22,127,60,116,118,115,125,124,120,88" hai1="129,87,30,58,98,80,69,2,49,56,31,131,84" hai2="122,65,47,9,103,66,121,12,67,83,25,59,39" hai3="101,4,104,112,48,79,5,134,109,3,108,107,111"/><W55/><G112/><T15/><D120/><N who="2" m="46186" /><F25/><W43/><G134/><T70/><D74/><U86/><E69/><V64/><F103/><W76/><G43/><T28/><D33/><U132/><E2/><V42/><F83/><W117/><G117/><T133/><D133/><U78/><E98/><V44/><F12/><W126/><G126/><T105/><D105/><N who="3" m="40521" /><G101/><T52/><D115/><U91/><E132/><V51/><F9/><N who="3" m="2207" /><G5/><T35/><D35/><U114/><E114/><V27/><F27/><W50/><G50/><T85/><D28/><N who="1" m="10795" /><E49/><V46/><N who="2" m="16384" /><DORA hai="63" /><V99/><F99/><W57/><AGARI ba="0,0" hai="48,55,57,76,79,108,109,111" m="2207,40521" machi="57" ten="40,2100,0" yaku="10,1" doraHai="62,63" who="3" fromWho="3" sc="272,-7,274,-7,44,-7,410,21" owari="265,-13.5,267,6.7,37,-46.3,431,53.1" /></mjloggm>