<mjloggm ver="2.3"><GO type="169" lobby="0"/><UN n0="%4D%4C%5A%4E%55%2D%53%4B" n1="%E7%A9%B4%E7%8C%AB" n2="%E3%83%A8%E3%82%B3%E3%83%86%E3%82%A3%E3%83%B3%40" n3="%E6%A1%9C%E5%B0%8F%E8%B7%AF%E6%89%8D%E8%8F%AF" dan="17,16,16,16" rate="2159.04,2111.44,2101.72,2179.89" sx="M,M,M,M"/><TAIKYOKU oya="0"/><INIT seed="0,0,0,1,1,74" ten="250,250,250,250" oya="0" hai0="125,44,31,75,53,67,122,81,21,42,49,134,22" hai1="110,77,115,18,96,56,117,25,68,50,57,82,112" hai2="69,89,33,91,118,48,83,7,32,73,90,88,105" hai3="24,94,106,133,52,76,101,93,12,121,8,26,107"/><T104/><D122/><U27/><E68/><V98/><F69/><W100/><G121/><T51/><D104/><U103/><E117/><V40/><F7/><W28/><G133/><T6/><D134/><U34/><E110/><V45/><F118/><W95/><G76/><T66/><D125/><U14/><E34/><V85/><REACH who="2" step="1"/><F73/><REACH who="2" ten="250,250,240,250" step="2"/><W11/><G106/><T128/><D6/><U4/><E4/><V78/><F78/><W1/><G107/><T65/><D128/><U63/><E112/><V0/><F0/><W132/><G1/><T129/><D129/><U87/><E115/><V80/><F80/><W116/><G132/><T29/><D75/><U60/><E103/><AGARI ba="0,1" hai="32,33,40,45,48,83,85,88,89,90,91,98,103,105" machi="103" ten="40,2600,0" yaku="1,1,54,1,53,0" doraHai="74" doraHaiUra="55" who="2" fromWho="1" sc="250,0,250,-26,240,36,250,0" /><INIT seed="1,0,0,5,0,79" ten="250,224,276,250" oya="1" hai0="59,20,0,119,91,65,74,134,62,92,18,9,17" hai1="46,13,118,55,124,102,83,135,35,120,36,133,104" hai2="47,44,68,19,76,94,64,132,78,99,61,29,98" hai3="122,16,131,51,48,73,95,89,107,10,22,129,54"/><U115/><E35/><V70/><F132/><N who="1" m="50761" /><E115/><V23/><F29/><W111/><G122/><T69/><D119/><U1/><E1/><V31/><F31/><W24/><G107/><T114/><D114/><U100/><E120/><V101/><F99/><W50/><G111/><T117/><D117/><U30/><E118/><V81/><F70/><W86/><G73/><T60/><D74/><U38/><E30/><V15/><REACH who="2" step="1"/><F76/><REACH who="2" ten="250,224,266,250" step="2"/><W49/><REACH who="3" step="1"/><G10/><REACH who="3" ten="250,224,266,240" step="2"/><T2/><D9/><U43/><E104/><V128/><F128/><W82/><G82/><T77/><D134/><U123/><E123/><V37/><F37/><W67/><G67/><T87/><D65/><U88/><E38/><V97/><F97/><W27/><G27/><T127/><D87/><AGARI ba="0,2" hai="15,19,23,44,47,61,64,68,78,81,87,94,98,101" machi="87" ten="30,3900,0" yaku="1,1,7,1,52,1,53,0" doraHai="79" doraHaiUra="4" who="2" fromWho="0" sc="250,-39,224,0,266,59,240,0" /><INIT seed="2,0,0,5,2,22" ten="211,224,325,240" oya="2" hai0="29,120,1,51,130,106,3,5,89,84,76,127,122" hai1="44,104,88,65,39,85,47,79,52,77,124,91,16" hai2="36,12,20,107,38,60,94,23,45,54,62,90,87" hai3="98,93,112,46,116,53,101,119,33,32,121,74,13"/><V72/><F72/><W27/><G121/><T111/><D106/><U66/><E104/><V56/><F107/><W64/><G74/><T135/><D76/><N who="1" m="29259" /><E39/><V110/><F110/><W129/><G129/><T114/><D114/><U7/><E7/><V59/><F45/><N who="1" m="17481" /><E124/><V117/><F117/><W10/><G112/><T31/><D5/><U132/><E132/><V115/><F115/><W37/><G64/><N who="1" m="24682" /><E85/><V128/><F128/><W133/><G133/><T134/><D84/><U126/><E126/><V75/><F75/><W58/><G37/><T4/><D4/><U99/><E99/><V63/><F36/><W26/><G46/><T24/><D127/><U109/><E109/><V15/><F38/><W2/><G119/><T82/><D130/><U49/><E16/><N who="2" m="10247" /><F54/><W118/><G118/><T123/><D111/><U48/><E52/><N who="2" m="33799" /><F59/><W55/><G116/><T35/><D120/><U42/><E42/><V30/><F30/><W14/><G55/><T73/><D73/><U67/><N who="1" m="24690" /><U125/><DORA hai="81" /><E125/><V25/><F15/><W8/><G14/><T113/><D113/><U18/><E18/><V40/><F40/><W96/><G13/><T78/><D122/><U95/><E95/><V102/><F94/><W68/><G93/><T105/><D105/><U108/><E108/><V70/><F87/><W57/><G53/><T50/><D123/><U6/><E6/><V100/><F63/><W11/><G58/><T71/><D134/><U21/><E21/><V43/><F62/><W103/><G57/><T28/><D135/><U69/><E69/><V131/><F70/><RYUUKYOKU ba="0,0" sc="211,-10,224,30,325,-10,240,-10" hai1="48,49,88,91" /><INIT seed="3,1,0,3,4,131" ten="201,254,315,230" oya="3" hai0="59,85,86,82,2,27,63,15,20,118,72,68,128" hai1="65,33,24,57,0,48,19,125,22,121,107,40,74" hai2="21,52,8,126,61,122,127,30,76,99,132,71,133" hai3="100,77,102,117,123,103,14,73,7,81,97,56,92"/><W83/><G117/><T49/><D2/><U28/><E121/><V32/><F122/><W5/><G123/><T95/><D128/><U110/><E107/><V69/><F32/><W13/><G56/><T135/><D135/><N who="2" m="51786" /><F76/><W36/><G36/><T53/><D72/><U62/><E74/><V39/><F39/><W67/><G67/><T12/><D68/><N who="2" m="26186" /><F99/><W60/><G60/><T119/><D119/><U23/><E110/><V3/><F8/><W101/><G83/><T78/><D118/><U44/><E125/><V58/><F3/><W51/><G5/><T70/><D70/><U88/><E0/><V112/><F112/><W98/><G7/><T64/><D64/><U10/><E88/><V31/><F21/><W66/><G66/><T129/><D129/><U37/><E37/><V116/><F116/><W16/><G98/><T124/><D124/><AGARI ba="1,0" hai="30,31,52,58,61,124,126,127" m="26186,51786" machi="124" ten="40,12000,2" yaku="18,1,20,1,52,3,54,1" doraHai="131" who="2" fromWho="0" sc="201,-123,254,0,315,123,230,0" /><INIT seed="4,0,0,5,0,97" ten="78,254,438,230" oya="0" hai0="126,29,81,21,18,4,82,124,9,41,46,37,32" hai1="2,19,87,11,36,31,44,123,113,53,79,104,17" hai2="109,99,83,125,76,118,112,13,61,6,63,38,55" hai3="35,70,1,73,51,50,86,105,34,127,84,8,60"/><T98/><D98/><U5/><E123/><V72/><F109/><W131/><G73/><T65/><D65/><U106/><E31/><V90/><F38/><W43/><G105/><T27/><D81/><U94/><E19/><V75/><F112/><W85/><G131/><T116/><D82/><U80/><E113/><V3/><F3/><W58/><G70/><T59/><D59/><U12/><E94/><V56/><F125/><W103/><G127/><T93/><D93/><U57/><E36/><V132/><F132/><W42/><G35/><T117/><D124/><U92/><E44/><V67/><F118/><W22/><G34/><T128/><D126/><U69/><E69/><V45/><F45/><W48/><G22/><T52/><D52/><U130/><E130/><V89/><F75/><W0/><G103/><T120/><D120/><U23/><E92/><V49/><F63/><AGARI ba="0,0" hai="2,5,11,12,17,23,53,57,63,79,80,87,104,106" machi="63" ten="30,1000,0" yaku="7,1" doraHai="97" who="1" fromWho="2" sc="78,0,254,10,438,-10,230,0" /><INIT seed="5,0,0,1,1,20" ten="78,264,428,230" oya="1" hai0="86,128,0,102,113,84,73,69,85,93,92,18,25" hai1="63,56,99,95,124,50,118,131,55,47,46,62,21" hai2="110,87,129,88,30,77,106,26,2,7,44,125,10" hai3="32,58,5,108,48,79,135,121,104,89,132,24,31"/><U117/><E131/><V78/><F110/><W28/><G108/><T76/><D69/><U3/><E3/><V127/><F106/><W123/><G104/><T122/><D0/><U27/><E124/><N who="2" m="47691" /><F44/><W65/><G79/><T61/><D61/><U97/><E97/><V4/><F4/><W37/><G37/><T80/><D18/><U41/><E47/><V38/><F38/><W111/><G111/><T60/><D60/><U40/><E62/><V134/><F134/><N who="3" m="51243" /><G5/><T42/><D42/><U68/><E68/><V71/><F71/><W29/><G89/><T15/><D15/><U9/><E9/><V98/><F98/><W1/><G1/><T13/><D13/><U36/><E36/><V49/><F49/><W70/><G70/><T114/><D25/><U81/><E81/><N who="2" m="49263" /><F129/><W23/><G65/><T112/><D128/><U22/><E22/><AGARI ba="0,0" hai="2,7,10,22,26,30,77,78" m="49263,47691" machi="22" ten="30,3900,0" yaku="18,1,52,1,54,1" doraHai="20" who="2" fromWho="1" sc="78,0,264,-39,428,39,230,0" /><INIT seed="6,0,0,5,2,122" ten="78,225,467,230" oya="2" hai0="95,29,3,98,114,27,74,91,93,58,48,127,31" hai1="23,46,60,77,130,134,129,81,102,100,89,118,104" hai2="56,94,68,117,17,75,47,116,84,26,101,45,8" hai3="106,109,57,49,13,80,62,32,16,78,65,22,107"/><V103/><F75/><W44/><G109/><T108/><D108/><U124/><E118/><V53/><F68/><W71/><G32/><T36/><D36/><U66/><E89/><N who="2" m="53543" /><F116/><W37/><G37/><T90/><D3/><U15/><E46/><N who="2" m="17419" /><F117/><W55/><REACH who="3" step="1"/><G71/><REACH who="3" ten="78,225,467,220" step="2"/><T18/><D127/><U38/><E38/><V12/><F26/><W112/><G112/><T69/><D69/><N who="1" m="42183" /><E124/><V1/><F1/><W28/><G28/><T133/><D114/><U61/><E134/><V0/><F0/><W82/><G82/><T51/><D133/><U11/><E61/><AGARI ba="0,1" hai="8,12,17,53,56,61,101,103" m="17419,53543" machi="61" ten="30,1500,0" yaku="8,1" doraHai="122" who="2" fromWho="1" sc="78,0,225,-15,467,25,220,0" /><INIT seed="6,1,0,2,0,81" ten="78,210,492,220" oya="2" hai0="52,72,14,11,2,61,108,68,92,21,6,105,128" hai1="59,65,94,0,20,83,85,111,15,93,125,115,132" hai2="48,98,45,91,17,86,90,46,69,41,71,118,102" hai3="123,77,106,97,43,133,7,103,80,23,96,5,36"/><V114/><F114/><W26/><G123/><T54/><D128/><U66/><E111/><V51/><F118/><W67/><G133/><T135/><D135/><U19/><E132/><V119/><F119/><W79/><G79/><T121/><D105/><U101/><E0/><V39/><F39/><W25/><G67/><N who="1" m="25610" /><E115/><V60/><F60/><W49/><G36/><T30/><D72/><U116/><E116/><V70/><F17/><W12/><G97/><T58/><D121/><U73/><E73/><V16/><F16/><W47/><G12/><T37/><D37/><U113/><E113/><V107/><REACH who="2" step="1"/><F86/><REACH who="2" ten="78,210,482,220" step="2"/><W134/><G134/><T33/><D61/><U55/><E125/><V1/><F1/><W38/><G38/><T124/><D2/><U56/><E85/><V122/><F122/><W24/><G7/><T3/><D3/><U75/><E19/><V35/><F35/><W42/><G5/><T112/><D33/><U95/><E75/><V109/><F109/><W18/><G18/><T22/><D124/><U76/><E15/><V10/><F10/><W9/><G9/><T29/><D11/><U8/><E8/><V64/><F64/><W84/><G23/><T57/><D14/><U130/><E20/><V129/><F129/><W87/><G87/><T99/><D6/><U31/><E130/><V131/><F131/><W44/><G26/><T127/><D127/><U78/><E31/><V126/><F126/><W62/><G62/><T100/><D108/><U89/><E101/><V32/><F32/><W74/><G74/><T50/><D112/><U104/><E104/><RYUUKYOKU ba="1,1" sc="78,-15,210,-15,482,15,220,15" hai2="41,45,46,48,51,69,70,71,90,91,98,102,107" hai3="24,25,42,43,44,47,49,77,80,84,96,103,106" /><INIT seed="6,2,1,1,3,25" ten="63,195,497,235" oya="2" hai0="127,14,83,16,134,105,119,68,109,74,67,31,97" hai1="93,86,53,60,35,1,114,30,42,6,129,69,46" hai2="94,33,104,10,19,28,15,51,41,29,58,96,80" hai3="113,5,111,122,81,102,89,90,98,13,48,44,85"/><V62/><F33/><W107/><G111/><T50/><D109/><U34/><E114/><V125/><F125/><W47/><G122/><T18/><D134/><U0/><E129/><V9/><F104/><W7/><G113/><T88/><D127/><U63/><E53/><V91/><F80/><W65/><G65/><T123/><D123/><U84/><E93/><V75/><F75/><W66/><G66/><T64/><D68/><U55/><E55/><N who="2" m="34143" /><F9/><W40/><G13/><T57/><D119/><U120/><E6/><V3/><F3/><W72/><G72/><T12/><D74/><U100/><E100/><V76/><F76/><W78/><G47/><AGARI ba="2,1" hai="10,15,19,28,29,41,47,51,91,94,96" m="34143" machi="47" ten="30,5800,0" yaku="8,1,52,2" doraHai="25" who="2" fromWho="3" sc="63,0,195,0,497,74,235,-64" /><INIT seed="6,3,0,0,0,126" ten="63,195,571,171" oya="2" hai0="56,110,73,26,125,66,118,90,61,122,6,10,133" hai1="89,85,130,121,41,71,46,99,70,52,75,11,98" hai2="62,91,38,92,60,114,134,68,76,17,120,20,88" hai3="42,22,67,87,97,3,55,39,69,109,113,82,72"/><V123/><F38/><W30/><G109/><T21/><D73/><U65/><E75/><V51/><F76/><W81/><G72/><T64/><D125/><U80/><E121/><V4/><F4/><W2/><G113/><T7/><D133/><U8/><E65/><V40/><F114/><W19/><G30/><T36/><D36/><U58/><E71/><V104/><F104/><W93/><G69/><T14/><D122/><U135/><E70/><V128/><F134/><W0/><G67/><T100/><D100/><U27/><E135/><V132/><F132/><W43/><G55/><T63/><D90/><U83/><E83/><V53/><F40/><W16/><G39/><T31/><D110/><U117/><E117/><V57/><F91/><W129/><G129/><T108/><D118/><U18/><E130/><V59/><F68/><W24/><G19/><T23/><D108/><U115/><E115/><V111/><F128/><W74/><G74/><T112/><D112/><U45/><E41/><V107/><F107/><W5/><G5/><T9/><D63/><U37/><E37/><V44/><F111/><W34/><G34/><T84/><D84/><U131/><E131/><V1/><F1/><W15/><G15/><T119/><D119/><U106/><E106/><V79/><F120/><W35/><G35/><T127/><D127/><U94/><E98/><N who="2" m="57607" /><F123/><W48/><G48/><T29/><D6/><U96/><E96/><V32/><F32/><W47/><G87/><T78/><D7/><U50/><E99/><V33/><F33/><W13/><G0/><T95/><D61/><RYUUKYOKU ba="3,0" sc="63,0,195,0,571,0,171,0" /><INIT seed="7,4,0,2,5,54" ten="63,195,571,171" oya="3" hai0="32,63,95,66,49,36,39,122,121,43,13,124,96" hai1="75,78,119,42,11,2,18,130,85,84,40,35,83" hai2="58,23,82,103,87,93,128,98,4,105,8,120,59" hai3="51,113,1,12,16,97,19,129,0,126,65,100,111"/><W6/><G113/><T56/><D32/><U47/><E35/><V110/><F110/><W109/><G129/><T55/><D13/><U41/><E130/><V131/><F120/><W9/><G126/><T7/><D7/><N who="1" m="1527" /><E119/><V74/><F131/><W123/><G123/><T118/><D118/><U99/><E99/><V106/><F106/><N who="3" m="63759" /><G65/><T68/><D124/><U25/><E25/><V52/><F23/><W34/><G34/><T60/><D39/><N who="1" m="21919" /><E18/><N who="3" m="6698" /><G51/><T48/><D48/><U77/><E84/><V125/><F74/><W3/><G3/><T88/><REACH who="0" step="1"/><D63/><REACH who="0" ten="53,195,571,171" step="2"/><U20/><E42/><V135/><F128/><W108/><AGARI ba="4,1" hai="0,1,6,9,12,108,109,111" m="6698,63759" machi="108" ten="40,3900,0" yaku="10,1,54,1" doraHai="54" who="3" fromWho="3" sc="53,-17,195,-17,571,-17,171,61" /><INIT seed="7,5,0,5,2,96" ten="36,178,554,232" oya="3" hai0="36,53,97,65,32,4,101,74,94,26,77,57,121" hai1="112,76,12,37,31,86,85,95,40,22,11,43,98" hai2="29,24,34,61,84,17,118,16,27,56,115,52,7" hai3="63,3,130,59,113,25,99,81,64,117,110,129,51"/><W79/><G117/><T33/><D121/><U48/><E37/><V62/><F118/><W13/><G3/><T20/><D36/><U5/><E112/><V89/><F7/><W21/><G113/><T87/><D4/><U126/><E126/><V14/><F115/><W10/><G51/><T18/><D33/><U41/><E48/><V70/><F70/><W106/><G110/><T82/><D32/><U8/><E8/><V128/><F128/><W71/><G106/><T67/><D74/><U105/><E105/><V2/><F62/><AGARI ba="5,0" hai="18,20,26,53,57,62,65,67,77,82,87,94,97,101" machi="62" ten="30,3900,0" yaku="7,1,8,1,52,1" doraHai="96" who="0" fromWho="2" sc="36,54,178,0,554,-54,232,0" owari="90,-41.0,178,-22.2,500,60.0,232,3.2" /></mjloggm>