<mjloggm ver="2.3"><GO type="169" lobby="0"/><UN n0="%E7%B7%8B%E7%82%89%E3%82%BF%E3%83%AD%E3%82%A6" n1="%6B%73%77%72%74" n2="%53%69%6C%65%6E%54" n3="%E7%99%BD%E3%81%AE%E7%A9%BA" dan="16,16,16,17" rate="2115.63,2119.29,2151.19,2144.49" sx="M,M,F,M"/><TAIKYOKU oya="0"/><INIT seed="0,0,0,5,1,64" ten="250,250,250,250" oya="0" hai0="116,52,1,135,20,45,111,115,24,41,125,93,89" hai1="65,101,46,60,13,14,113,121,23,17,112,69,95" hai2="40,97,10,79,2,30,107,88,3,28,106,56,62" hai3="98,43,105,123,7,99,82,42,11,76,84,90,63"/><T54/><D115/><N who="1" m="44107" /><E121/><V37/><F79/><W74/><G123/><T87/><D116/><U61/><E61/><V48/><F37/><W124/><G124/><T129/><D125/><U78/><E78/><V72/><F72/><W39/><G63/><T15/><D1/><U38/><E101/><V50/><F40/><W92/><G39/><T49/><D135/><U73/><E73/><V53/><F3/><W126/><G126/><T16/><D129/><U59/><E95/><V91/><F2/><W27/><G27/><T127/><D127/><U51/><E38/><V118/><F118/><W18/><G18/><T71/><D111/><U108/><E108/><V66/><F10/><W70/><G70/><T133/><D133/><U83/><E83/><V21/><F50/><W104/><G98/><T77/><D71/><U131/><E131/><V117/><F106/><W120/><G105/><T33/><REACH who="0" step="1"/><D77/><REACH who="0" ten="240,250,250,250" step="2"/><U100/><E69/><V128/><F128/><W9/><G120/><T122/><D122/><U31/><E100/><V5/><F117/><W12/><G11/><T102/><D102/><AGARI ba="0,1" hai="7,9,12,42,43,74,76,82,84,90,92,99,102,104" machi="102" ten="40,2600,0" yaku="24,2" doraHai="64" who="3" fromWho="0" sc="240,-26,250,0,250,0,250,36" /><INIT seed="1,0,0,4,0,22" ten="214,250,250,286" oya="1" hai0="55,108,45,25,88,23,132,121,98,77,107,112,50" hai1="32,37,129,123,110,118,105,85,3,9,2,8,26" hai2="7,95,71,70,39,30,117,35,127,13,48,67,120" hai3="92,21,68,59,84,43,94,12,46,10,97,4,80"/><U33/><E105/><V63/><F117/><W27/><G68/><T115/><D107/><U51/><E85/><V101/><F120/><W42/><G59/><T106/><D121/><U91/><E91/><V96/><F39/><W17/><G97/><T109/><D77/><U135/><E51/><V6/><F127/><W40/><REACH who="3" step="1"/><G46/><REACH who="3" ten="214,250,250,276" step="2"/><T49/><D45/><U14/><E123/><V124/><F70/><W119/><G119/><T87/><D98/><U66/><E118/><V69/><F71/><W11/><G11/><T133/><D112/><U5/><E9/><V74/><F96/><W28/><G28/><T122/><D115/><U64/><E8/><V114/><F30/><W111/><G111/><N who="0" m="42571" /><D122/><U82/><E110/><V44/><F44/><W41/><N who="3" m="10240" /><DORA hai="73" /><W104/><G104/><T81/><D106/><U86/><E37/><V29/><F29/><W128/><G128/><T38/><D38/><U54/><E129/><V75/><F69/><W72/><G72/><T58/><D49/><U57/><E57/><V61/><F48/><W15/><G15/><T103/><D103/><U16/><E14/><V76/><F13/><W1/><G1/><T24/><D24/><U83/><E26/><V19/><F101/><W113/><G113/><T116/><D116/><U34/><E2/><V60/><F114/><W125/><G125/><T0/><D0/><U20/><E3/><V36/><F124/><W99/><G99/><T78/><D25/><U126/><E126/><V89/><F36/><W93/><G93/><T102/><D102/><U100/><E100/><V31/><F95/><RYUUKYOKU ba="0,1" sc="214,-10,250,-10,250,-10,276,30" hai3="4,10,12,17,21,27,80,84,92,94" /><INIT seed="2,1,1,3,0,49" ten="204,240,240,306" oya="2" hai0="76,43,60,53,84,3,93,111,23,46,67,44,35" hai1="52,41,97,131,120,92,17,21,112,107,102,42,39" hai2="104,45,33,32,28,91,54,99,34,70,2,122,90" hai3="85,61,24,1,40,20,69,115,51,133,16,82,105"/><V13/><F122/><W12/><G1/><T109/><D35/><U123/><E112/><V108/><F2/><W68/><G115/><T106/><D106/><U95/><E131/><V87/><F70/><W72/><G105/><T121/><D121/><N who="1" m="46667" /><E39/><V6/><F108/><W134/><G72/><T127/><D127/><U110/><E110/><V100/><F28/><W125/><G125/><T58/><D3/><U22/><E22/><V83/><F90/><W124/><G124/><T94/><D109/><U96/><E107/><V31/><F31/><W74/><G74/><T78/><D111/><U50/><E95/><V48/><REACH who="2" step="1"/><F34/><REACH who="2" ten="204,240,230,306" step="2"/><W114/><G114/><T38/><D78/><U126/><E126/><V36/><F36/><W26/><G68/><T65/><D38/><U132/><E132/><V27/><F27/><W11/><G26/><T71/><D76/><U113/><E113/><V56/><F56/><W116/><G69/><T66/><D71/><U62/><E97/><V7/><F7/><N who="3" m="3199" /><G134/><T15/><D58/><N who="1" m="35143" /><E50/><V80/><F80/><W101/><G133/><T81/><D81/><U47/><E47/><V29/><F29/><W14/><G51/><T75/><D60/><U25/><AGARI ba="1,2" hai="17,21,25,41,42,92,96,102" m="35143,46667" machi="25" ten="30,4000,0" yaku="13,1,52,1,54,1" doraHai="49" who="1" fromWho="1" sc="204,-11,240,63,230,-21,306,-11" /><INIT seed="3,0,0,0,4,123" ten="193,303,209,295" oya="3" hai0="28,22,115,97,110,78,62,77,92,39,18,104,45" hai1="84,31,24,68,96,122,80,105,101,90,69,41,63" hai2="71,103,44,23,108,65,55,6,118,13,48,35,16" hai3="126,7,49,132,52,109,10,3,70,5,117,66,127"/><W124/><G117/><T79/><D104/><U88/><E122/><V38/><F118/><W134/><G7/><T102/><D115/><U121/><E121/><V37/><F35/><W20/><G20/><T58/><D39/><U25/><E41/><V36/><F103/><W73/><G73/><T43/><D110/><U50/><E50/><V0/><F65/><W15/><G109/><T51/><D28/><U61/><E24/><V11/><F71/><W86/><G86/><T40/><D43/><U113/><E113/><V82/><F82/><W131/><G3/><T1/><D1/><U98/><E63/><V107/><F107/><W75/><G75/><T27/><REACH who="0" step="1"/><D77/><REACH who="0" ten="183,303,209,295" step="2"/><U60/><E105/><V100/><F108/><W128/><G70/><T32/><D32/><U59/><E31/><V4/><F0/><W19/><G66/><AGARI ba="0,1" hai="18,22,27,40,45,51,58,62,66,78,79,92,97,102" machi="66" ten="30,3900,0" yaku="1,1,7,1,8,1,53,0" doraHai="123" doraHaiUra="111" who="0" fromWho="3" sc="183,49,303,0,209,0,295,-39" /><INIT seed="4,0,0,4,2,20" ten="232,303,209,256" oya="0" hai0="23,42,71,9,128,98,59,101,40,78,112,46,11" hai1="122,84,95,64,66,43,22,52,24,1,6,93,86" hai2="79,53,7,61,21,39,56,99,58,41,125,85,96" hai3="60,134,83,107,135,70,63,89,4,119,123,15,91"/><T68/><D112/><U12/><E122/><V132/><F125/><W117/><G107/><T3/><D40/><U13/><E1/><V57/><F132/><N who="3" m="50731" /><G123/><T32/><D32/><U103/><E43/><V19/><F7/><W77/><G4/><T27/><D78/><U47/><E86/><V62/><F39/><W130/><G130/><T94/><D128/><U74/><E74/><V5/><F5/><W73/><G15/><N who="1" m="5706" /><E6/><V87/><F41/><W69/><G63/><T49/><D3/><U126/><E126/><V55/><F58/><W36/><G36/><T90/><D59/><U8/><E84/><V133/><F133/><W35/><G35/><T0/><D0/><U120/><E8/><V111/><F111/><W44/><G69/><T37/><D37/><U31/><E120/><V48/><F48/><W54/><G70/><T50/><D49/><N who="1" m="28735" /><E103/><V82/><REACH who="2" step="1"/><F85/><REACH who="2" ten="232,303,199,256" step="2"/><W114/><G114/><T121/><D121/><U29/><E29/><V102/><F102/><W75/><G75/><T76/><D101/><U25/><E31/><V34/><F34/><W65/><G73/><T100/><D100/><U10/><E10/><N who="0" m="3593" /><D71/><U67/><E22/><V72/><F72/><W131/><G131/><T113/><D68/><U81/><E81/><V51/><F51/><N who="3" m="29031" /><G83/><T124/><D124/><U38/><E38/><V17/><F17/><W26/><G60/><T33/><D33/><U97/><E97/><V118/><F118/><W127/><G117/><T92/><D113/><U28/><E28/><V106/><F106/><W108/><G119/><T88/><D98/><U16/><E16/><RYUUKYOKU ba="0,1" sc="232,-15,303,15,199,15,256,-15" hai1="24,25,64,66,67,93,95" hai2="19,21,53,55,56,57,61,62,79,82,87,96,99" /><INIT seed="5,1,1,1,4,70" ten="217,318,214,241" oya="1" hai0="131,4,80,68,1,97,61,11,52,50,134,29,100" hai1="25,135,19,37,112,20,132,124,40,58,133,44,81" hai2="22,109,114,65,120,122,115,113,45,71,38,107,24" hai3="48,36,128,69,63,74,72,57,2,90,0,30,93"/><U126/><E112/><V42/><F107/><W26/><G128/><T34/><D131/><U83/><REACH who="1" step="1"/><E58/><REACH who="1" ten="217,308,214,241" step="2"/><V85/><F109/><W53/><G69/><T96/><D68/><U13/><E13/><V119/><F119/><W3/><G3/><T104/><D1/><U32/><E32/><V94/><F71/><W87/><G2/><T121/><D34/><U106/><E106/><V51/><F120/><W105/><G105/><T15/><D121/><U91/><E91/><N who="2" m="53615" /><F122/><W27/><G0/><T55/><D104/><U78/><E78/><V59/><F59/><W130/><G130/><T64/><D100/><U108/><E108/><V62/><F114/><W76/><G76/><T5/><D15/><U35/><E35/><V86/><F115/><W39/><G27/><T95/><D134/><U99/><E99/><V66/><F113/><W110/><G110/><T75/><D96/><U103/><E103/><V84/><F24/><W67/><G26/><T31/><D97/><U127/><AGARI ba="1,2" hai="19,20,25,37,40,44,81,83,124,126,127,132,133,135" machi="127" ten="40,12000,1" yaku="1,1,0,1,18,1,20,1,52,1,53,0" doraHai="70" doraHaiUra="10" who="1" fromWho="1" sc="217,-41,308,143,214,-41,241,-41" /><INIT seed="5,2,0,1,4,9" ten="176,451,173,200" oya="1" hai0="105,46,38,28,109,40,32,82,80,64,0,25,130" hai1="131,43,19,121,60,66,45,52,15,56,72,44,7" hai2="10,77,13,103,108,97,48,61,31,47,119,73,116" hai3="104,33,87,49,95,102,100,37,117,26,133,112,58"/><U94/><E121/><V86/><F108/><W68/><G37/><T79/><D109/><U84/><E72/><V11/><F73/><W83/><G68/><T63/><D80/><U65/><E131/><V96/><F61/><W110/><G110/><T3/><D130/><U8/><E45/><V92/><F31/><W88/><G112/><T101/><D82/><U30/><E30/><V59/><F59/><W114/><G114/><T123/><D79/><U54/><E66/><V18/><F10/><W53/><G133/><T21/><D21/><U2/><E94/><V1/><F1/><W24/><G117/><T120/><D123/><U4/><E84/><V75/><F75/><W135/><G135/><T50/><D50/><N who="1" m="26911" /><E2/><V5/><F97/><W62/><G104/><T27/><D27/><N who="3" m="10281" /><G33/><T67/><D67/><U55/><AGARI ba="2,0" hai="4,7,8,15,19,52,54,55,56,60,65" m="26911" machi="55" ten="30,6000,0" yaku="8,1,52,1,54,1" doraHai="9" who="1" fromWho="1" sc="176,-22,451,66,173,-22,200,-22" /><INIT seed="5,3,0,4,3,26" ten="154,517,151,178" oya="1" hai0="127,110,80,57,16,9,135,30,60,70,76,13,10" hai1="44,64,117,24,39,47,46,109,84,122,94,74,121" hai2="11,2,45,41,71,114,33,27,134,72,103,36,55" hai3="78,18,88,37,49,23,92,133,4,69,130,62,119"/><U65/><E74/><V102/><F72/><W31/><G37/><T77/><D110/><U68/><E94/><V98/><F134/><W20/><G130/><T124/><D70/><U82/><E117/><V83/><F71/><W120/><G120/><T128/><D128/><U22/><E39/><V35/><F114/><W5/><G133/><T105/><D105/><U0/><E0/><V90/><F55/><W8/><G78/><T29/><D9/><U89/><E109/><V101/><F27/><N who="3" m="16895" /><G69/><T1/><D1/><U125/><E125/><N who="0" m="48201" /><D135/><U51/><E51/><V48/><F36/><W75/><G75/><N who="0" m="43039" /><D77/><U116/><E116/><V58/><F11/><W28/><G119/><T54/><AGARI ba="3,0" hai="10,13,16,29,30,54,57,60" m="43039,48201" machi="54" ten="30,7900,0" yaku="18,1,52,2,54,1" doraHai="26" who="0" fromWho="0" sc="154,88,517,-42,151,-23,178,-23" /><INIT seed="6,0,0,4,3,92" ten="242,475,128,155" oya="2" hai0="61,28,64,94,82,107,79,98,126,60,42,45,56" hai1="103,0,36,1,135,77,21,49,8,132,106,33,74" hai2="114,65,71,84,67,51,13,131,46,62,120,26,108" hai3="104,111,20,128,87,32,30,119,117,6,37,121,88"/><V58/><F120/><W76/><G111/><T91/><D126/><U18/><E36/><V31/><F108/><W124/><G121/><T5/><D28/><U96/><E33/><V34/><F114/><W9/><G104/><T4/><D60/><U38/><E38/><V66/><F131/><W93/><G37/><T55/><D42/><U102/><E102/><V110/><F110/><W54/><G128/><T69/><D107/><U40/><E77/><V116/><F116/><W105/><G105/><T78/><D78/><U59/><E74/><V7/><F71/><W113/><G32/><T95/><D94/><U15/><E59/><V17/><F7/><W127/><G113/><T81/><D81/><U85/><E85/><V68/><F84/><W115/><G115/><T16/><D45/><N who="1" m="25767" /><E8/><V52/><REACH who="2" step="1"/><F68/><REACH who="2" ten="242,475,118,155" step="2"/><W19/><G119/><T43/><D5/><U53/><E1/><V80/><F80/><N who="3" m="47495" /><G6/><T50/><D4/><U97/><E0/><V57/><F57/><W133/><G117/><T89/><D69/><U44/><E44/><V123/><F123/><W2/><G2/><T39/><D82/><U10/><E135/><V63/><F63/><W35/><G133/><T3/><D3/><U12/><E132/><V101/><F101/><W86/><G124/><T48/><D61/><U100/><E103/><V73/><F73/><W70/><G70/><T122/><D122/><U99/><E100/><V29/><F29/><W75/><G127/><T72/><D72/><U25/><E97/><V47/><F47/><W23/><G75/><T134/><D134/><U129/><E129/><RYUUKYOKU ba="0,1" sc="242,-10,475,-10,118,30,155,-10" hai2="13,17,26,31,34,46,51,52,58,62,65,66,67" /><INIT seed="6,1,1,3,2,103" ten="232,465,148,145" oya="2" hai0="38,134,74,8,55,24,92,59,77,72,80,94,102" hai1="33,26,71,42,131,35,51,122,75,52,124,114,58" hai2="73,45,78,41,20,76,66,64,113,62,34,31,128" hai3="54,81,99,36,25,7,126,37,65,87,117,70,47"/><V15/><F113/><W123/><G117/><T53/><D38/><U16/><E75/><V89/><F128/><W118/><G118/><T1/><D72/><U63/><E114/><V116/><F116/><W3/><G123/><T84/><D134/><U120/><E124/><V127/><F127/><W19/><G126/><T17/><D74/><U132/><E132/><V69/><F64/><W29/><G19/><T79/><D77/><U68/><E131/><V133/><F133/><W48/><G99/><T28/><D102/><U23/><E42/><V93/><F34/><N who="1" m="12809" /><E63/><V30/><F73/><W104/><G65/><T119/><D119/><U125/><E125/><V43/><F43/><W50/><G70/><T86/><D53/><U97/><E97/><V12/><F31/><W10/><G48/><T40/><D40/><U95/><E95/><V21/><F30/><W44/><G44/><T4/><D28/><U107/><E107/><V9/><F12/><W13/><G104/><T0/><D0/><U106/><E106/><V101/><F101/><W129/><G3/><T121/><D86/><U83/><E83/><V105/><F105/><W88/><REACH who="3" step="1"/><G129/><REACH who="3" ten="232,465,148,135" step="2"/><T32/><D1/><U98/><E98/><N who="2" m="57647" /><F45/><W100/><G100/><T56/><D56/><U18/><E18/><N who="2" m="8559" /><F41/><W67/><G67/><T11/><D17/><U39/><E39/><V135/><F135/><W27/><G27/><T85/><D24/><U14/><E26/><V109/><F109/><W82/><G82/><T110/><D80/><U91/><E71/><V130/><F130/><W108/><G108/><T115/><D110/><RYUUKYOKU ba="1,2" sc="232,-15,465,-15,148,15,135,15" hai2="20,21,62,66,69,76,78" hai3="7,10,13,25,29,36,37,47,50,54,81,87,88" /><INIT seed="6,2,2,5,1,100" ten="217,450,163,150" oya="2" hai0="61,131,86,77,2,95,36,45,103,84,24,87,115" hai1="111,12,55,25,85,68,125,75,16,117,7,22,70" hai2="132,120,5,13,0,44,89,72,19,32,59,14,79" hai3="26,34,128,73,29,92,98,51,104,88,74,127,96"/><V50/><F120/><W67/><G128/><T133/><D2/><U91/><E111/><V42/><F132/><W105/><G127/><T114/><D45/><U90/><E75/><V113/><F113/><N who="0" m="43018" /><D61/><U40/><E40/><V82/><F32/><W62/><G51/><T102/><D24/><U76/><E76/><V122/><F122/><W94/><G74/><T63/><D63/><U93/><E125/><V129/><F129/><W81/><G73/><T38/><D95/><U112/><E117/><V71/><F71/><W118/><G118/><T119/><D131/><U56/><E112/><V57/><F0/><W110/><G81/><T6/><D6/><U30/><E90/><V109/><F89/><W135/><G135/><T28/><D28/><U20/><E7/><V108/><F5/><W54/><G54/><T23/><D23/><U134/><E134/><V17/><F19/><W97/><G110/><N who="2" m="42601" /><F14/><W121/><G121/><T80/><D133/><U126/><E126/><V130/><F130/><W3/><G3/><T43/><D119/><U27/><E12/><V78/><F79/><W15/><G15/><T1/><D1/><U39/><E39/><V49/><F50/><AGARI ba="2,2" hai="16,20,22,25,27,30,50,55,56,68,70,85,91,93" machi="50" ten="30,2000,0" yaku="7,1,54,1" doraHai="100" who="1" fromWho="2" sc="217,0,450,46,163,-26,150,0" /><INIT seed="7,0,0,2,1,33" ten="217,496,137,150" oya="3" hai0="67,89,99,103,114,63,42,62,11,79,44,72,125" hai1="10,13,123,15,59,18,50,85,100,95,119,129,74" hai2="57,80,132,2,8,118,69,81,71,29,91,52,130" hai3="90,133,24,61,43,104,54,58,49,135,134,87,102"/><W82/><G24/><T126/><D114/><U47/><E74/><V78/><F118/><W75/><G75/><T36/><D11/><U35/><E129/><V28/><F130/><W96/><REACH who="3" step="1"/><G43/><REACH who="3" ten="217,496,137,140" step="2"/><T0/><D42/><U20/><E119/><V73/><F132/><W55/><G55/><T66/><D72/><U37/><E35/><V107/><F107/><W84/><G84/><T45/><D125/><U17/><E85/><V120/><F120/><W76/><G76/><T101/><D79/><U127/><E123/><V111/><F111/><W128/><G128/><T56/><D126/><U34/><E127/><V122/><F122/><W106/><G106/><T68/><D66/><U117/><E34/><V30/><F73/><W25/><G25/><T64/><D67/><U93/><E117/><V109/><F109/><W32/><G32/><T4/><D64/><U86/><E86/><V108/><F108/><W88/><G88/><T22/><D89/><U14/><E100/><V105/><F105/><W26/><G26/><T65/><D101/><U110/><E110/><V60/><F78/><W12/><G12/><T46/><D103/><U121/><E15/><V70/><REACH who="2" step="1"/><F91/><REACH who="2" ten="217,496,127,140" step="2"/><W48/><AGARI ba="0,2" hai="48,49,54,58,61,82,87,90,96,102,104,133,134,135" machi="48" ten="40,12000,1" yaku="1,1,0,1,20,1,53,1" doraHai="33" doraHaiUra="94" who="3" fromWho="3" sc="217,-40,496,-40,127,-40,140,140" /><INIT seed="7,1,0,3,2,95" ten="177,456,87,280" oya="3" hai0="74,91,34,50,62,99,101,121,122,73,45,0,108" hai1="2,37,1,4,94,6,104,87,67,47,48,100,71" hai2="103,57,75,66,98,3,84,114,102,69,43,58,125" hai3="36,31,123,23,92,41,96,18,115,113,70,26,105"/><W21/><G70/><T110/><D34/><U55/><E104/><V126/><F75/><W83/><G83/><T24/><D0/><U111/><E111/><V7/><F114/><N who="3" m="43531" /><G105/><T11/><D73/><U60/><E1/><V27/><F43/><W109/><G123/><T132/><D132/><U93/><E2/><V133/><F133/><W44/><G109/><T33/><D108/><U19/><E94/><V77/><F3/><W14/><G92/><T17/><D110/><U97/><E87/><V30/><F7/><W117/><G117/><T86/><D74/><U65/><E65/><V16/><F102/><W82/><G82/><T112/><D112/><U10/><E37/><V20/><F30/><W134/><G134/><T29/><D62/><U89/><E100/><V32/><F32/><W53/><G53/><T88/><D86/><U72/><E72/><V135/><F135/><W42/><G41/><T12/><D121/><U90/><E90/><V80/><F69/><W15/><G15/><T59/><D122/><U76/><E76/><V107/><REACH who="2" step="1"/><F66/><REACH who="2" ten="177,456,77,280" step="2"/><W128/><G42/><T5/><D5/><U130/><REACH who="1" step="1"/><E130/><REACH who="1" ten="177,446,77,280" step="2"/><V40/><F40/><N who="3" m="22535" /><G128/><T49/><D33/><U85/><E85/><V79/><F79/><W64/><G64/><T9/><D29/><U131/><E131/><V52/><F52/><W38/><G38/><T119/><D101/><U46/><E46/><V127/><AGARI ba="1,2" hai="16,20,27,57,58,77,80,84,98,103,107,125,126,127" machi="127" ten="30,8000,1" yaku="1,1,0,1,18,1,52,1,54,1,53,0" doraHai="95" doraHaiUra="120" who="2" fromWho="2" sc="177,-21,446,-21,77,103,280,-41" owari="156,-34.4,425,52.5,180,-22.0,239,3.9" /></mjloggm>