<mjloggm ver="2.3"><GO type="169" lobby="0"/><UN n0="%E3%82%AD%E3%83%AA%E3%83%B3%E3%83%AA%E3%82%AD%E5%BF%AB" n1="%E3%82%B9%E3%82%AB%E3%83%9D%E3%83%B3" n2="%E8%82%89%E5%9B%A3%E5%AD%90%E5%85%88%E7%94%9F" n3="%73%79%6C%76%65%6F%6E" dan="17,17,16,16" rate="2207.13,2140.88,2081.19,2188.09" sx="M,M,M,M"/><TAIKYOKU oya="0"/><INIT seed="0,0,0,4,1,62" ten="250,250,250,250" oya="0" hai0="105,47,14,11,4,85,81,27,73,77,56,37,38" hai1="88,46,67,3,42,50,124,95,45,80,55,31,28" hai2="61,116,23,104,98,117,0,6,74,41,58,92,128" hai3="43,63,99,25,76,86,9,19,131,91,7,15,59"/><T100/><D27/><U2/><E124/><V89/><F74/><W119/><G131/><T96/><D47/><U72/><E72/><V110/><F110/><W121/><G121/><T84/><REACH who="0" step="1"/><D56/><REACH who="0" ten="240,250,250,250" step="2"/><U130/><E46/><V20/><F128/><W40/><G59/><T52/><D52/><U33/><E130/><V127/><F58/><W49/><G43/><T106/><D106/><U66/><E55/><V125/><F104/><W82/><G40/><T51/><D51/><U35/><E35/><V1/><F41/><W93/><G49/><T133/><D133/><U16/><E33/><V126/><F125/><W8/><G63/><T111/><D111/><U48/><E48/><V132/><F61/><W114/><G114/><T90/><D90/><U69/><E69/><V13/><F89/><W34/><G34/><T32/><D32/><U102/><E2/><V18/><F0/><W60/><G60/><T78/><D78/><U65/><E3/><V101/><F1/><W29/><G25/><T108/><D108/><U10/><E102/><V112/><F101/><W122/><G122/><T87/><AGARI ba="0,1" hai="4,11,14,37,38,73,77,81,84,85,87,96,100,105" machi="87" ten="30,6000,0" yaku="1,1,0,1,53,1" doraHai="62" doraHaiUra="94" who="0" fromWho="0" sc="240,70,250,-20,250,-20,250,-20" /><INIT seed="0,1,0,0,5,86" ten="310,230,230,230" oya="0" hai0="102,69,131,93,59,120,81,114,28,89,62,107,113" hai1="34,98,64,33,66,105,80,40,12,20,109,134,57" hai2="116,36,26,2,1,50,99,44,46,3,125,122,19" hai3="87,88,7,22,13,79,17,56,91,41,129,60,68"/><T23/><D120/><U74/><E109/><V55/><F122/><W92/><G68/><T78/><D131/><U39/><E134/><V35/><F125/><W18/><G129/><T10/><D69/><U16/><E39/><V121/><F121/><W76/><G7/><T118/><D118/><U5/><E40/><V21/><F116/><W124/><G41/><T47/><D47/><U71/><E5/><V6/><F35/><W100/><G100/><T49/><D49/><U106/><E74/><V127/><F127/><W24/><G124/><T103/><D10/><U112/><E80/><V67/><F67/><W9/><G91/><T61/><D61/><U128/><E112/><V29/><F29/><W130/><G130/><T15/><D107/><U43/><E43/><V101/><F36/><W63/><G63/><T48/><D48/><U25/><E71/><V31/><F44/><W82/><G82/><T123/><D123/><U42/><E42/><V133/><F31/><W96/><G87/><N who="0" m="48567" /><D114/><U108/><E108/><V73/><F73/><W84/><G84/><N who="0" m="52391" /><D113/><U95/><E106/><V65/><F65/><AGARI ba="1,0" hai="9,13,17,18,22,24,56,60,65,76,79,88,92,96" machi="65" ten="30,7700,0" yaku="7,1,8,1,52,1,54,1" doraHai="86" who="3" fromWho="2" sc="310,0,230,0,230,-80,230,80" /><INIT seed="1,0,0,4,2,48" ten="310,230,150,310" oya="1" hai0="45,50,117,36,21,97,46,59,32,34,106,2,9" hai1="100,25,41,82,131,38,8,19,123,107,20,70,83" hai2="28,76,10,108,111,124,33,115,11,30,92,49,22" hai3="39,78,133,105,135,62,52,60,120,65,74,51,68"/><U6/><E123/><V101/><F76/><W64/><G105/><T24/><D117/><U37/><E131/><V90/><F101/><W1/><G1/><T18/><D2/><U5/><E70/><V121/><F121/><W91/><G120/><T104/><D9/><U12/><E5/><V77/><F77/><W95/><G39/><T134/><D134/><N who="3" m="51209" /><G78/><T66/><D36/><U69/><E69/><V53/><F124/><W85/><G74/><T89/><D106/><U88/><E83/><V99/><F33/><W128/><G128/><T71/><D71/><U81/><E81/><V113/><F10/><W112/><G112/><N who="2" m="43081" /><F11/><W109/><G109/><N who="2" m="42057" /><F22/><W125/><G125/><T55/><D104/><U103/><E38/><V116/><F116/><W17/><G17/><T93/><D34/><U23/><E107/><V58/><AGARI ba="0,0" hai="28,30,49,53,58,90,92,99" m="42057,43081" machi="58" ten="30,4000,0" yaku="11,1,14,1,52,1" doraHai="48" who="2" fromWho="2" sc="310,-10,230,-20,150,40,310,-10" /><INIT seed="2,0,0,1,5,109" ten="300,210,190,300" oya="2" hai0="128,116,113,78,58,12,74,9,76,91,86,118,59" hai1="97,123,1,41,71,16,13,10,95,40,110,79,44" hai2="87,15,69,114,70,57,120,55,100,52,130,96,7" hai3="62,112,17,93,46,48,33,14,121,31,66,53,34"/><V126/><F120/><W5/><G121/><T107/><D107/><U11/><E110/><V103/><F130/><W20/><G31/><T125/><D128/><U43/><E71/><V84/><F57/><W47/><G5/><T132/><D132/><U102/><E123/><V99/><F15/><W119/><G119/><N who="0" m="45611" /><D125/><U18/><E79/><N who="0" m="30249" /><D113/><U36/><REACH who="1" step="1"/><E18/><REACH who="1" ten="300,200,190,300" step="2"/><V134/><F126/><W64/><G17/><N who="0" m="8335" /><D74/><U85/><E85/><V115/><REACH who="2" step="1"/><F7/><AGARI ba="0,1" hai="1,7,10,11,13,16,36,40,41,43,44,95,97,102" machi="7" ten="40,8000,1" yaku="1,1,54,1,53,2" doraHai="109" doraHaiUra="6" who="1" fromWho="2" sc="300,0,200,90,190,-80,300,0" /><INIT seed="3,0,0,3,3,97" ten="300,290,110,300" oya="3" hai0="72,88,22,7,10,29,126,112,2,74,98,47,53" hai1="59,40,132,107,38,24,3,68,34,111,63,20,124" hai2="49,64,135,17,18,43,1,13,33,57,42,92,81" hai3="123,0,31,32,55,94,121,15,61,62,56,90,70"/><W110/><G0/><T21/><D126/><U27/><E111/><V80/><F135/><W46/><G32/><T11/><D112/><U79/><E132/><V134/><F134/><W75/><G31/><T91/><D10/><U127/><E3/><V58/><F33/><W41/><G75/><T19/><D29/><U6/><E6/><V102/><F1/><W65/><G15/><T83/><D22/><U85/><E68/><V37/><F37/><W95/><G95/><T50/><D98/><U48/><E38/><V105/><F105/><W109/><G90/><T8/><D8/><U76/><E107/><V71/><F71/><W100/><G94/><T128/><D128/><U116/><E116/><V86/><F92/><W118/><G100/><T67/><D67/><U60/><E85/><V73/><F64/><W104/><G104/><T133/><D133/><U36/><E36/><V114/><F13/><W9/><G9/><T78/><REACH who="0" step="1"/><D72/><REACH who="0" ten="290,290,110,300" step="2"/><U26/><E20/><V131/><F73/><W28/><G28/><T77/><D77/><U129/><E79/><V39/><F131/><W51/><REACH who="3" step="1"/><G118/><REACH who="3" ten="290,290,110,290" step="2"/><T45/><D45/><U108/><E34/><V23/><F23/><W69/><G69/><T66/><D66/><U4/><E76/><V103/><F86/><W130/><G130/><T54/><D54/><U25/><E129/><V52/><F52/><W12/><G12/><AGARI ba="0,2" hai="2,7,11,12,19,21,47,50,53,74,78,83,88,91" machi="12" ten="30,8000,1" yaku="1,1,7,1,54,1,53,2" doraHai="97" doraHaiUra="87" who="0" fromWho="3" sc="290,100,290,0,110,0,290,-80" /><INIT seed="4,0,0,4,0,111" ten="390,290,110,210" oya="0" hai0="53,105,16,80,117,11,51,67,13,119,15,68,133" hai1="81,17,65,19,35,129,121,66,47,103,110,56,69" hai2="72,14,109,44,34,99,22,23,37,9,33,92,78" hai3="102,31,4,86,7,74,90,52,10,1,135,84,73"/><T132/><D105/><U64/><E110/><V91/><F109/><W107/><G135/><N who="0" m="51787" /><D80/><U25/><E129/><V39/><F78/><W125/><G125/><T54/><D15/><U101/><E121/><V58/><F72/><W98/><G7/><T83/><D83/><U12/><E69/><V18/><F58/><W75/><G31/><T50/><D67/><U134/><E134/><V106/><F106/><W6/><G6/><T87/><D87/><U124/><E124/><V116/><F116/><N who="0" m="44618" /><D68/><U40/><E81/><V76/><F76/><W59/><REACH who="3" step="1"/><G90/><REACH who="3" ten="390,290,110,200" step="2"/><T2/><D2/><U82/><E35/><V8/><F33/><W70/><G70/><T43/><D43/><U79/><E40/><V36/><F34/><W89/><G89/><T95/><D95/><U20/><E82/><V57/><F91/><W0/><G0/><T26/><D26/><U120/><E25/><V126/><F92/><W122/><G122/><T63/><D13/><U113/><E120/><V24/><F126/><W97/><G97/><T71/><D71/><U41/><E12/><V128/><F99/><W3/><G3/><T114/><D16/><U96/><E19/><V104/><F18/><W27/><G27/><T42/><D42/><U112/><E17/><V130/><F14/><W5/><G5/><T115/><D11/><U49/><E41/><V100/><F8/><W32/><G32/><T38/><D38/><U30/><E30/><V93/><F9/><W21/><G21/><T45/><D63/><AGARI ba="0,1" hai="1,4,10,52,59,63,73,74,75,84,86,98,102,107" machi="63" ten="40,2600,0" yaku="1,1,54,1,53,0" doraHai="111" doraHaiUra="62" who="3" fromWho="0" sc="390,-26,290,0,110,0,200,36" /><INIT seed="5,0,0,1,1,8" ten="364,290,110,236" oya="1" hai0="28,17,65,99,134,23,97,120,100,133,5,72,103" hai1="88,67,53,98,46,89,35,75,87,94,125,90,129" hai2="2,115,12,60,15,52,30,49,38,6,107,83,108" hai3="51,118,64,41,92,127,37,82,20,109,22,130,84"/><U43/><E129/><V93/><F108/><W96/><G109/><T116/><D116/><U76/><E125/><V81/><F107/><W110/><G110/><T126/><D126/><U66/><E35/><V32/><F38/><W25/><G37/><T11/><D72/><U56/><E75/><V124/><F124/><W21/><G127/><T14/><D65/><U34/><E34/><V70/><F2/><W74/><G74/><T111/><D28/><U71/><E76/><V114/><F6/><W39/><G39/><T0/><D120/><U61/><E87/><V13/><F30/><W19/><G64/><T42/><D42/><U7/><E7/><V77/><F32/><W44/><G130/><T132/><REACH who="0" step="1"/><D111/><REACH who="0" ten="354,290,110,236" step="2"/><U50/><E67/><N who="2" m="41319" /><F93/><W106/><G118/><T95/><D95/><U122/><REACH who="1" step="1"/><E122/><REACH who="1" ten="354,280,110,236" step="2"/><V24/><F77/><W1/><G82/><T80/><D80/><U105/><E105/><V69/><F69/><W85/><G106/><T59/><D59/><U26/><E26/><V3/><F24/><W91/><G25/><T63/><D63/><AGARI ba="0,2" hai="43,46,50,53,56,61,63,66,71,88,89,90,94,98" machi="63" ten="30,5800,0" yaku="1,1,7,1,54,1,53,0" doraHai="8" doraHaiUra="4" who="1" fromWho="0" sc="354,-58,280,78,110,0,236,0" /><INIT seed="5,1,0,0,1,31" ten="296,358,110,236" oya="1" hai0="127,15,119,9,133,24,36,66,5,38,90,114,28" hai1="89,98,125,67,17,23,112,87,121,19,115,6,2" hai2="46,29,123,71,117,65,76,35,81,41,84,70,104" hai3="59,97,113,110,68,108,128,45,0,126,26,83,77"/><U86/><E121/><V11/><F117/><W92/><G68/><T75/><D119/><U60/><E125/><V48/><F123/><W13/><G0/><T82/><D127/><U120/><E120/><V27/><F104/><W72/><G126/><T103/><D114/><U99/><E6/><V130/><F130/><W95/><G113/><T135/><D103/><U105/><E2/><V88/><F65/><W79/><G128/><T85/><D66/><U32/><E105/><V96/><F96/><W93/><G79/><T134/><REACH who="0" step="1"/><D75/><REACH who="0" ten="286,358,110,236" step="2"/><U74/><E74/><V12/><REACH who="2" step="1"/><F76/><REACH who="2" ten="286,358,100,236" step="2"/><W106/><G77/><T49/><D49/><U109/><E115/><V129/><F129/><W55/><G110/><T20/><AGARI ba="1,2" hai="5,9,15,20,24,28,36,38,82,85,90,133,134,135" machi="20" ten="30,4000,0" yaku="1,1,0,1,20,1,53,0" doraHai="31" doraHaiUra="57" who="0" fromWho="0" sc="286,63,358,-21,100,-11,236,-11" /><INIT seed="6,0,0,4,2,95" ten="349,337,89,225" oya="2" hai0="125,87,0,34,53,84,50,54,43,30,9,101,119" hai1="90,79,124,13,4,120,81,33,62,121,22,86,108" hai2="70,45,100,103,78,73,130,75,55,133,18,20,69" hai3="24,74,12,40,102,64,16,123,72,5,35,10,60"/><V14/><F133/><W98/><G123/><N who="1" m="47178" /><E108/><V23/><F130/><W67/><G40/><T29/><D125/><U38/><E124/><V131/><F131/><W116/><G116/><T117/><D101/><U88/><E33/><V65/><F23/><W2/><G67/><T96/><D34/><U8/><E38/><V59/><F45/><W85/><G85/><T132/><D132/><U77/><E62/><V93/><F65/><W109/><G109/><T80/><D50/><U63/><E63/><V128/><F128/><W126/><G126/><T105/><D119/><U3/><E79/><V6/><F6/><W115/><G115/><T58/><D117/><U97/><E97/><V76/><F76/><W19/><G19/><AGARI ba="0,0" hai="3,4,8,13,19,22,77,81,86,88,90" m="47178" machi="19" ten="30,2000,0" yaku="13,1,54,1" doraHai="95" who="1" fromWho="3" sc="349,0,337,20,89,0,225,-20" /><INIT seed="7,0,0,0,2,0" ten="349,357,89,205" oya="3" hai0="62,118,10,69,64,7,121,124,72,32,131,55,47" hai1="58,51,78,27,104,18,31,82,109,34,126,98,65" hai2="100,77,45,3,44,97,29,96,22,108,74,105,113" hai3="122,117,16,125,101,36,85,116,33,106,71,83,61"/><W88/><G122/><T68/><D118/><U57/><E109/><V93/><F108/><W99/><G36/><T133/><D121/><U13/><E126/><V114/><F29/><W39/><G39/><T135/><D124/><U79/><E79/><V24/><F3/><W60/><G125/><T95/><D32/><U8/><E65/><V66/><F66/><W94/><G33/><T120/><D120/><U21/><E51/><V129/><F129/><W111/><G111/><T1/><D131/><U59/><E104/><V86/><F24/><W15/><G71/><N who="0" m="42391" /><D72/><U89/><E34/><V54/><F22/><W49/><G117/><T128/><D128/><U127/><E127/><V73/><F54/><W70/><G116/><T5/><D5/><U35/><E35/><V90/><F45/><W46/><G106/><T50/><D95/><N who="1" m="56687" /><E78/><V102/><F44/><W134/><G134/><AGARI ba="0,0" hai="1,7,10,47,50,55,68,69,133,134,135" m="42391" machi="134" ten="30,2000,0" yaku="20,1,52,1" doraHai="0" who="0" fromWho="3" sc="349,20,357,0,89,0,205,-20" owari="369,46.9,357,15.7,89,-41.1,185,-21.5" /></mjloggm>