<mjloggm ver="2.3"><GO type="169" lobby="0"/><UN n0="%E3%82%B3%E3%81%98%E3%81%95%E3%82%93%EF%BC%9F" n1="%E3%82%B1%E3%82%A4%E3%83%AD%E3%83%B3" n2="%E9%9D%92%E6%A3%AE%E3%81%AE%E7%9C%BC%E9%8F%A1%E5%85%88%E8%BC%A9" n3="%E3%82%8C%E3%81%8A%E3%81%A8%E3%81%BE%E3%81%8A" dan="17,16,16,16" rate="2149.21,2148.11,2043.44,2121.28" sx="M,M,M,M"/><TAIKYOKU oya="0"/><INIT seed="0,0,0,1,2,23" ten="250,250,250,250" oya="0" hai0="20,113,68,46,57,67,14,129,44,7,97,74,125" hai1="91,62,87,51,66,78,85,107,10,32,4,37,27" hai2="59,77,36,9,99,53,38,24,135,94,95,8,93" hai3="83,103,40,118,109,96,56,84,127,35,100,90,22"/><T88/><D113/><U111/><E37/><V82/><F135/><W120/><G35/><T122/><D122/><U12/><E107/><V58/><F99/><W63/><G109/><T45/><D68/><U15/><E111/><V48/><F58/><W101/><G118/><T133/><D74/><U52/><E12/><V18/><F38/><W47/><G120/><T106/><D133/><U5/><E78/><V16/><F18/><W50/><G127/><T6/><D129/><U73/><E73/><V104/><F104/><W19/><G96/><T1/><D1/><U17/><E62/><V75/><REACH who="2" step="1"/><F36/><REACH who="2" ten="250,250,240,250" step="2"/><W102/><G102/><T11/><D106/><U43/><E87/><V42/><F42/><W128/><G128/><T28/><D57/><N who="1" m="32927" /><E43/><V134/><F134/><W98/><G98/><T124/><D97/><U114/><E114/><V76/><F76/><W55/><REACH who="3" step="1"/><G101/><REACH who="3" ten="250,250,240,240" step="2"/><T3/><D124/><U0/><E0/><V123/><F123/><W86/><G86/><T26/><D125/><U119/><E85/><V41/><F41/><W34/><G34/><T117/><D3/><U131/><E32/><V105/><F105/><W79/><G79/><T115/><D115/><U112/><E112/><V25/><F25/><AGARI ba="0,2" hai="19,22,25,40,47,50,55,56,63,83,84,90,100,103" machi="25" ten="30,8000,1" yaku="1,1,7,1,8,1,52,1,53,1" doraHai="23" doraHaiUra="81" who="3" fromWho="2" sc="250,0,250,0,240,-80,240,100" /><INIT seed="1,0,0,4,2,129" ten="250,250,160,340" oya="1" hai0="47,128,55,130,13,98,59,109,20,117,97,74,17" hai1="134,60,112,41,21,2,111,83,38,86,107,33,113" hai2="94,80,27,62,114,135,108,93,52,123,25,126,89" hai3="51,81,65,32,87,90,12,36,95,79,19,56,8"/><U23/><E2/><V57/><F123/><W35/><G36/><T122/><D117/><U124/><E107/><V110/><F126/><W70/><G70/><T71/><D109/><N who="2" m="42090" /><F114/><N who="1" m="44137" /><E111/><V67/><F67/><W119/><G119/><T29/><D122/><U120/><E33/><V116/><F116/><W133/><G133/><T102/><D74/><U18/><E120/><V101/><F135/><W78/><G78/><T76/><D71/><U34/><E34/><V3/><F3/><W88/><G90/><T63/><D29/><U125/><E60/><V24/><F101/><W43/><G65/><T1/><D1/><U44/><E134/><V50/><F62/><W11/><G8/><T73/><D47/><U131/><E18/><V30/><F30/><W31/><G31/><T121/><D121/><U118/><E118/><V61/><F61/><W105/><G105/><T66/><D66/><U39/><E39/><V85/><AGARI ba="0,0" hai="24,25,27,50,52,57,80,85,89,93,94" m="42090" machi="85" ten="40,2700,0" yaku="14,1,54,1" doraHai="129" who="2" fromWho="2" sc="250,-7,250,-13,160,27,340,-7" /><INIT seed="2,0,0,5,5,28" ten="243,237,187,333" oya="2" hai0="90,49,82,52,114,71,135,119,25,62,43,112,51" hai1="84,47,22,45,118,133,37,69,91,74,88,117,65" hai2="73,3,39,26,38,23,80,56,7,11,85,128,120" hai3="40,35,31,64,105,60,95,18,55,14,5,99,116"/><V61/><F120/><W132/><G132/><T12/><D135/><U27/><E74/><V32/><F32/><W126/><G116/><T48/><D119/><U83/><E133/><V42/><F42/><W103/><G126/><T104/><D104/><U75/><E75/><V66/><F73/><W100/><G5/><T130/><D130/><U46/><E37/><V29/><REACH who="2" step="1"/><F128/><REACH who="2" ten="243,237,177,333" step="2"/><W15/><G40/><T34/><D43/><U9/><E117/><V0/><F0/><W113/><G35/><T109/><D34/><U131/><E118/><V121/><F121/><W108/><G113/><T124/><D114/><U13/><E131/><V76/><AGARI ba="0,1" hai="3,7,11,23,26,29,38,39,56,61,66,76,80,85" machi="76" ten="20,7800,0" yaku="1,1,0,1,7,1,53,1" doraHai="28" doraHaiUra="33" who="2" fromWho="2" sc="243,-26,237,-26,177,88,333,-26" /><INIT seed="2,1,0,2,2,56" ten="217,211,265,307" oya="2" hai0="6,31,36,127,104,19,100,73,90,79,27,83,131" hai1="54,39,61,85,28,7,13,50,35,68,8,67,58" hai2="38,20,15,30,66,89,25,96,43,101,46,116,113" hai3="75,81,34,128,122,11,57,120,105,86,84,124,118"/><V134/><F116/><W119/><G57/><T59/><D127/><U5/><E39/><V71/><F113/><W114/><G11/><T0/><D131/><U87/><E35/><V76/><F134/><W70/><G86/><T69/><D19/><U97/><E28/><V107/><F76/><W14/><G84/><T2/><D59/><U55/><E5/><V60/><F15/><W24/><G81/><T95/><D36/><U93/><REACH who="1" step="1"/><E54/><REACH who="1" ten="217,201,265,307" step="2"/><V82/><REACH who="2" step="1"/><F82/><REACH who="2" ten="217,201,255,307" step="2"/><W33/><G119/><T32/><D83/><U94/><E94/><V80/><F80/><W88/><G118/><T135/><D95/><U10/><E10/><V12/><F12/><W132/><G14/><T37/><D0/><U26/><E26/><V64/><F64/><W117/><G24/><T4/><D2/><U99/><E99/><V3/><F3/><W98/><G98/><T74/><D27/><U23/><E23/><V47/><F47/><W109/><G120/><T29/><D32/><U9/><E9/><V102/><F102/><AGARI ba="1,2" hai="7,8,13,50,55,58,61,67,68,85,87,93,97,102" machi="102" ten="30,7700,0" yaku="1,1,7,1,52,1,53,1" doraHai="56" doraHaiUra="49" who="1" fromWho="2" sc="217,0,201,100,255,-80,307,0" /><INIT seed="3,0,0,1,3,3" ten="217,301,175,307" oya="3" hai0="98,76,56,10,5,105,110,119,18,55,0,92,66" hai1="48,114,46,16,95,19,38,1,96,27,43,52,47" hai2="104,25,84,6,42,51,54,31,118,132,124,77,63" hai3="87,68,86,133,45,91,106,103,4,128,39,85,20"/><W78/><G68/><T14/><D119/><U12/><E1/><V116/><F104/><W22/><G78/><T34/><D110/><U70/><E70/><V32/><F132/><W83/><G133/><T62/><D34/><U67/><E114/><V59/><F124/><W121/><G121/><T2/><D105/><U131/><E131/><V65/><F42/><W23/><G128/><T120/><D120/><U26/><E67/><V53/><F53/><W74/><G106/><T35/><D35/><U88/><E19/><V126/><F126/><W135/><G103/><T11/><D76/><U72/><E72/><V134/><F134/><W73/><G74/><T37/><D37/><U71/><REACH who="1" step="1"/><E71/><REACH who="1" ten="217,291,175,307" step="2"/><V24/><F116/><W123/><G73/><T117/><D117/><U36/><E36/><V75/><F75/><W109/><G123/><T101/><REACH who="0" step="1"/><D0/><REACH who="0" ten="207,291,175,307" step="2"/><U69/><E69/><V97/><F118/><W130/><G135/><T50/><D50/><U8/><AGARI ba="0,2" hai="8,12,16,26,27,38,43,46,47,48,52,88,95,96" machi="8" ten="20,12000,2" yaku="1,1,0,1,7,1,54,3,53,0" doraHai="3" doraHaiUra="113" who="1" fromWho="1" sc="207,-30,291,140,175,-30,307,-60" /><INIT seed="4,0,0,3,3,124" ten="177,431,145,247" oya="0" hai0="90,99,50,81,15,134,77,19,135,2,8,45,32" hai1="95,129,71,120,68,108,82,109,115,130,61,100,122" hai2="123,59,102,92,67,13,38,31,7,70,112,26,104" hai3="10,47,133,49,97,43,107,58,11,106,24,80,74"/><T78/><D32/><U42/><E100/><V54/><F112/><W64/><G133/><N who="0" m="50699" /><D2/><U87/><E95/><V94/><F123/><N who="1" m="47145" /><E87/><V128/><F38/><W127/><G127/><T91/><D99/><U20/><E82/><V1/><F1/><W96/><G106/><T83/><D83/><U22/><E42/><V9/><F67/><W12/><G107/><T28/><D28/><U89/><E89/><N who="0" m="33801" /><D81/><U55/><E115/><V113/><F113/><W76/><G24/><T46/><D46/><U5/><E5/><V25/><F25/><W110/><G110/><N who="1" m="42602" /><E20/><V33/><F94/><W6/><G11/><T73/><D73/><U85/><E22/><V21/><F21/><W18/><G6/><T39/><D39/><U60/><E85/><V65/><F92/><W69/><G96/><T66/><D66/><N who="1" m="41031" /><E55/><AGARI ba="0,0" hai="8,15,19,45,50,55,77,78" m="33801,50699" machi="55" ten="30,1500,0" yaku="20,1" doraHai="124" who="0" fromWho="1" sc="177,15,431,-15,145,0,247,0" /><INIT seed="4,1,0,1,4,65" ten="192,416,145,247" oya="0" hai0="103,46,81,49,113,13,133,57,17,6,74,82,29" hai1="2,30,131,117,31,20,102,48,115,106,132,14,22" hai2="9,105,118,36,4,62,1,24,110,76,134,12,125" hai3="68,43,108,61,53,15,45,128,56,0,109,54,58"/><T96/><D113/><U41/><E117/><V52/><F110/><W95/><G0/><T91/><D133/><U119/><E119/><V122/><F122/><W126/><G95/><T90/><D6/><U3/><E102/><V47/><F125/><W37/><G15/><T111/><D111/><U19/><E41/><V32/><F134/><W84/><G84/><T99/><D57/><U116/><E106/><V10/><F105/><W101/><G101/><T71/><D71/><U35/><E48/><V80/><F118/><W28/><G28/><T98/><D29/><U40/><E40/><V112/><F112/><W69/><G126/><T59/><D59/><U55/><E55/><V123/><F123/><W124/><G128/><T21/><D103/><U70/><E70/><N who="3" m="27242" /><G124/><T94/><D74/><U89/><E132/><V26/><F32/><W27/><G27/><T8/><D21/><U86/><E116/><V63/><F24/><W16/><G16/><T127/><D127/><U18/><E131/><V114/><F26/><W85/><G85/><N who="0" m="50479" /><D82/><U97/><E97/><V130/><F130/><W73/><G73/><T88/><D91/><U5/><E89/><V104/><F104/><W42/><G42/><AGARI ba="1,0" hai="8,13,17,42,46,49,88,94,96,98,99" m="50479" machi="42" ten="30,2900,0" yaku="8,1,54,1" doraHai="65" who="0" fromWho="3" sc="192,32,416,0,145,0,247,-32" /><INIT seed="4,2,0,5,3,16" ten="224,416,145,215" oya="0" hai0="0,42,81,53,7,18,114,35,68,104,2,135,126" hai1="82,106,112,105,123,102,115,124,109,34,78,27,93" hai2="55,70,63,28,37,31,62,122,125,131,21,58,47" hai3="22,57,120,75,17,6,49,101,84,77,98,92,96"/><T56/><D68/><U65/><E109/><V50/><F122/><W24/><G120/><T110/><D110/><U132/><E65/><V69/><F28/><W4/><G75/><T88/><D104/><U94/><E34/><V20/><F31/><W48/><G96/><T121/><D121/><U3/><E27/><V51/><F37/><W71/><G71/><T26/><D114/><N who="1" m="43563" /><E3/><V83/><F69/><W45/><G77/><T39/><D126/><U12/><E12/><V29/><F29/><W13/><G84/><T33/><D135/><U129/><E124/><V72/><F131/><W134/><G134/><T127/><D42/><U116/><E129/><V40/><F125/><W43/><G13/><T85/><D39/><U11/><E11/><V9/><F9/><W14/><G14/><T8/><D0/><U23/><E23/><V89/><F72/><W97/><G98/><T95/><D127/><U103/><E116/><V30/><F30/><W52/><AGARI ba="2,0" hai="4,6,17,22,24,43,45,48,49,52,57,92,97,101" machi="52" ten="30,7900,0" yaku="0,1,8,1,52,1,54,1" doraHai="16" who="3" fromWho="3" sc="224,-41,416,-22,145,-22,215,85" /><INIT seed="5,0,0,2,1,3" ten="183,394,123,300" oya="1" hai0="19,41,9,32,78,88,33,26,93,114,86,64,38" hai1="46,45,85,103,133,112,91,47,123,30,100,55,14" hai2="99,15,29,35,73,110,54,18,87,42,0,122,50" hai3="127,90,67,24,36,57,39,111,31,97,34,128,25"/><U51/><E123/><V16/><F110/><W52/><G111/><T48/><D114/><U98/><E133/><V61/><F73/><W43/><G127/><T4/><D38/><U84/><E30/><V132/><F132/><W11/><G128/><T74/><D64/><U20/><E112/><V12/><F0/><W60/><G43/><T70/><D70/><U68/><E68/><V77/><F122/><W58/><G24/><T117/><D117/><U131/><E85/><V79/><F99/><W69/><G58/><T80/><D19/><U6/><E131/><V113/><F113/><W83/><G11/><T124/><D26/><U95/><E98/><V125/><F125/><W75/><G75/><T130/><D130/><U40/><E40/><V5/><F5/><W62/><G83/><T28/><D28/><U44/><E20/><V63/><F42/><W66/><G66/><T115/><D124/><U81/><E95/><V2/><F2/><W96/><G96/><T82/><D93/><U53/><E53/><V121/><F121/><W1/><G1/><T94/><D94/><U105/><E105/><V27/><F87/><W120/><G90/><T56/><D115/><U109/><E109/><V134/><F134/><W8/><G97/><T129/><D129/><U119/><E119/><V101/><F101/><W107/><G107/><T92/><D41/><U116/><E116/><V7/><F79/><W13/><G120/><T49/><D78/><U89/><E91/><V108/><F77/><W23/><G34/><N who="0" m="13419" /><D74/><U10/><AGARI ba="0,0" hai="6,10,14,44,45,46,47,51,55,81,84,89,100,103" machi="10" ten="30,6000,0" yaku="0,1,8,1,52,1" doraHai="3" who="1" fromWho="1" sc="183,-20,394,60,123,-20,300,-20" /><INIT seed="5,1,0,5,4,28" ten="163,454,103,280" oya="1" hai0="37,85,56,19,11,118,61,126,122,70,110,75,98" hai1="6,23,103,133,51,104,66,4,16,108,128,99,106" hai2="101,86,24,13,125,27,22,112,87,34,44,21,96" hai3="40,121,65,8,43,79,93,38,9,5,55,116,69"/><U105/><E128/><V89/><F125/><W41/><G121/><T7/><D75/><U54/><E133/><V10/><F44/><W109/><G38/><T49/><D37/><U111/><E66/><V90/><F13/><W57/><G109/><T92/><D85/><U31/><E31/><V130/><F10/><W1/><G116/><T29/><D110/><N who="1" m="42027" /><E4/><V26/><F130/><W48/><G79/><T50/><D50/><U64/><E6/><V97/><F34/><W53/><G9/><T129/><D92/><U68/><E64/><V78/><F78/><W81/><G81/><T94/><D98/><U18/><E68/><V58/><F58/><W88/><G55/><T83/><D94/><N who="1" m="58871" /><E23/><V36/><F36/><W131/><G131/><T62/><D29/><U77/><E77/><V134/><F134/><W76/><G76/><T119/><D7/><U120/><E120/><V35/><F35/><W25/><G25/><T12/><D70/><U30/><E30/><V67/><F67/><W52/><G53/><T135/><D135/><U32/><E32/><V45/><F26/><W95/><G95/><T91/><D122/><U100/><E100/><V124/><F101/><W74/><G74/><T84/><D129/><U63/><E63/><V39/><F39/><W71/><G65/><N who="0" m="39079" /><D62/><U42/><E42/><V47/><REACH who="2" step="1"/><F124/><REACH who="2" ten="163,454,93,280" step="2"/><W73/><G73/><T46/><D126/><U20/><E20/><V33/><F33/><W59/><G57/><AGARI ba="1,1" hai="16,18,51,54,57,104,105,106" m="58871,42027" machi="57" ten="40,3900,0" yaku="10,1,54,1" doraHai="28" who="1" fromWho="3" sc="163,0,454,52,93,0,280,-42" /><INIT seed="5,2,0,3,1,128" ten="163,506,93,238" oya="1" hai0="101,5,49,87,124,125,132,7,90,134,1,129,15" hai1="48,75,93,109,52,64,35,44,127,47,61,110,27" hai2="112,37,76,100,104,106,133,24,50,28,36,32,79" hai3="96,98,111,59,31,117,8,39,14,42,122,33,46"/><U135/><E75/><V73/><BYE who="1" /><F50/><W82/><G122/><T16/><D129/><U29/><E29/><V81/><F79/><W55/><G111/><T131/><D131/><U105/><E105/><V77/><F77/><W94/><G117/><T2/><D101/><U103/><E103/><V83/><F83/><W12/><G12/><UN n1="%E3%82%B1%E3%82%A4%E3%83%AD%E3%83%B3" /><T11/><D49/><U9/><E9/><V60/><F112/><W74/><G31/><T119/><D119/><U21/><E35/><V69/><F133/><N who="0" m="51306" /><D7/><U67/><E93/><V116/><F116/><W92/><G33/><T71/><D71/><U118/><E118/><V99/><REACH who="2" step="1"/><F104/><REACH who="2" ten="163,506,83,238" step="2"/><W17/><G82/><N who="0" m="49527" /><D1/><U91/><E135/><V95/><F95/><W38/><G94/><T123/><D123/><U97/><E48/><V41/><F41/><W13/><G42/><T63/><D63/><U72/><E61/><V26/><F26/><W45/><G92/><T68/><D68/><U62/><E27/><V30/><F30/><W65/><G39/><T88/><D88/><U70/><E62/><V18/><F18/><W6/><G17/><T43/><D43/><U108/><E70/><V80/><F80/><W84/><G6/><T102/><D102/><U89/><E108/><V120/><F120/><W114/><G38/><T54/><D2/><U23/><E110/><V3/><F3/><W40/><G40/><T86/><D5/><U121/><E109/><V113/><F113/><W4/><G114/><T85/><D124/><U130/><E127/><V78/><F78/><W10/><G4/><T56/><D125/><U19/><E121/><RYUUKYOKU ba="2,1" sc="163,15,506,-15,83,15,238,-15" hai0="11,15,16,54,56,85,86" hai2="24,28,32,36,37,60,69,73,76,81,99,100,106" /><INIT seed="6,3,1,4,1,80" ten="178,491,98,223" oya="2" hai0="129,54,91,53,88,125,116,36,18,34,94,79,90" hai1="122,30,43,130,68,45,95,52,12,127,93,21,32" hai2="65,124,50,63,1,19,4,29,99,62,86,27,8" hai3="81,118,73,67,26,104,131,126,7,85,103,76,51"/><V61/><F124/><W17/><G118/><T23/><D34/><U114/><E68/><V117/><F117/><W37/><G37/><T6/><D116/><U123/><E114/><V3/><F3/><W77/><G131/><T10/><D36/><U84/><E130/><V38/><F38/><W89/><G126/><T46/><D125/><U101/><E127/><V0/><F0/><W42/><G7/><T66/><D129/><U78/><E43/><V11/><F50/><W110/><G110/><T57/><D79/><U49/><E32/><V56/><F99/><W40/><G67/><T59/><D66/><U71/><E71/><V109/><F109/><W24/><G103/><T97/><D46/><U92/><E101/><V83/><F29/><W16/><G104/><T128/><D10/><U75/><E75/><V70/><F70/><W41/><G51/><N who="0" m="30911" /><D6/><U134/><E134/><V25/><F25/><N who="3" m="9835" /><G73/><T120/><D120/><U113/><E113/><V55/><F65/><W100/><G100/><T33/><D33/><U39/><E39/><V9/><F4/><W22/><G17/><T35/><D35/><U2/><E2/><V119/><F1/><W108/><G108/><T96/><D128/><U64/><E64/><V47/><F47/><W112/><G112/><T121/><D121/><N who="1" m="46091" /><E78/><N who="2" m="46455" /><F119/><W48/><G48/><N who="0" m="31175" /><D97/><U69/><E69/><V133/><F133/><W14/><AGARI ba="3,1" hai="14,16,22,40,41,42,76,77,81,85,89" m="9835" machi="14" ten="30,4000,0" yaku="8,1,52,1,54,1" doraHai="80" who="3" fromWho="3" sc="178,-13,491,-13,98,-23,223,59" /><INIT seed="7,0,0,3,2,48" ten="165,478,75,282" oya="3" hai0="47,107,27,68,73,13,59,135,62,26,121,32,116" hai1="11,113,44,6,3,115,8,77,57,45,38,124,134" hai2="89,114,21,22,76,117,87,109,118,28,20,81,43" hai3="98,106,49,74,35,5,90,100,125,91,40,123,101"/><W16/><G35/><T63/><D73/><U129/><E124/><V58/><F109/><W52/><G123/><T120/><D107/><U127/><E127/><V23/><N who="2" m="5120" /><DORA hai="133" /><V102/><F102/><W9/><G125/><T78/><D47/><N who="1" m="17995" /><E38/><V93/><F114/><N who="1" m="43529" /><E77/><V61/><F28/><W75/><G40/><T92/><D63/><U2/><E134/><V96/><REACH who="2" step="1"/><F43/><REACH who="2" ten="165,478,65,282" step="2"/><W130/><G101/><T60/><D120/><U72/><E129/><V86/><F86/><W34/><G130/><T131/><D121/><U119/><E72/><V94/><F94/><W64/><G75/><T37/><D92/><U41/><E41/><V104/><F104/><W111/><G74/><T53/><D131/><U132/><E132/><V0/><F0/><W95/><G111/><T82/><D135/><U66/><E119/><V128/><F128/><W71/><G106/><T67/><D116/><U51/><E2/><V70/><F70/><W99/><G71/><T17/><D32/><U69/><E3/><V42/><F42/><W56/><G100/><T110/><D110/><U55/><E6/><V15/><F15/><N who="3" m="7279" /><G5/><T7/><D7/><U25/><E25/><V33/><F33/><W84/><G34/><T54/><D68/><U108/><E108/><V36/><F36/><W14/><G14/><T97/><D13/><U46/><E69/><V50/><F50/><W83/><G99/><T18/><D37/><U88/><E51/><V1/><F1/><W39/><G39/><T30/><D97/><U4/><E4/><V24/><F24/><W103/><G103/><T10/><D27/><RYUUKYOKU ba="0,1" sc="165,-15,478,-15,65,15,282,15" hai2="58,61,76,81,87,89,93,96,117,118" hai3="49,52,56,64,83,84,90,91,95,98" /><INIT seed="7,1,1,5,0,99" ten="150,463,80,297" oya="3" hai0="124,49,79,11,14,21,133,86,54,101,108,135,62" hai1="95,78,81,97,98,58,4,43,74,114,25,76,134" hai2="109,103,29,113,23,96,65,40,122,119,28,117,0" hai3="46,61,66,20,105,2,68,126,41,93,118,32,64"/><W107/><G118/><T73/><D73/><U89/><E43/><V37/><F109/><W72/><G72/><T53/><D108/><U94/><E4/><V60/><F0/><W127/><G2/><T31/><D101/><N who="1" m="60599" /><E58/><V67/><F67/><W111/><G66/><T8/><D124/><U132/><E25/><V36/><F122/><W75/><G111/><T120/><D120/><U13/><E13/><V82/><F82/><W15/><G32/><T116/><D86/><N who="1" m="48423" /><E114/><V7/><F113/><W51/><G93/><T6/><D79/><U18/><E18/><V85/><F85/><W70/><G75/><T27/><D116/><U47/><E47/><V24/><F7/><W33/><G70/><T19/><D62/><U115/><E115/><V42/><F29/><W1/><G33/><T123/><D123/><U100/><E89/><V104/><F119/><W39/><G51/><T3/><D49/><U87/><E74/><V16/><F117/><W10/><G20/><T55/><AGARI ba="1,1" hai="3,6,8,11,14,19,21,27,31,53,54,55,133,135" machi="55" ten="30,1100,0" yaku="0,1" doraHai="99" who="0" fromWho="0" sc="150,24,463,-4,80,-4,297,-6" owari="174,-22.6,459,55.9,76,-42.4,291,9.1" /></mjloggm>