<mjloggm ver="2.3"><GO type="169" lobby="0"/><UN n0="%56%45%54%54%45%4C" n1="%E7%9C%9F%E4%B8%80" n2="%E3%81%A1%E3%81%AA%E9%B7%B2" n3="%E3%82%8A%E3%82%93%E3%81%94%32%32%36" dan="17,16,16,16" rate="2172.25,2164.43,2108.39,2131.43" sx="M,M,M,M"/><TAIKYOKU oya="0"/><INIT seed="0,0,0,2,5,36" ten="250,250,250,250" oya="0" hai0="29,1,122,19,94,71,50,109,31,57,74,82,96" hai1="99,3,81,133,10,17,26,24,56,90,12,105,76" hai2="120,33,20,126,42,114,86,68,72,101,39,87,53" hai3="35,47,6,32,7,83,59,23,100,54,118,63,111"/><T28/><D122/><U2/><E133/><V8/><F72/><W115/><G115/><T88/><D71/><U41/><E2/><V102/><F33/><W132/><G118/><T38/><D38/><U15/><E3/><V91/><F120/><W123/><G123/><T121/><D121/><U119/><E119/><V14/><F68/><W46/><G111/><T135/><D135/><U70/><E70/><V61/><F114/><W21/><G100/><T18/><D1/><U60/><E105/><V110/><F126/><W84/><G132/><T27/><D109/><U85/><E15/><V11/><F20/><N who="3" m="7755" /><G32/><T93/><D27/><U48/><E99/><V9/><F14/><W113/><G35/><T107/><D107/><U112/><E90/><V5/><F5/><N who="3" m="1547" /><G113/><T44/><D57/><U22/><E22/><V16/><F16/><N who="0" m="6186" /><D74/><U104/><E104/><V30/><F39/><W78/><AGARI ba="0,0" hai="46,47,54,59,63,78,83,84" m="1547,7755" machi="78" ten="30,1100,0" yaku="8,1" doraHai="36" who="3" fromWho="3" sc="250,-5,250,-3,250,-3,250,11" /><INIT seed="1,0,0,0,4,109" ten="245,247,247,261" oya="1" hai0="75,47,61,79,29,55,110,25,72,80,7,28,99" hai1="127,123,116,131,103,118,90,46,126,121,105,128,52" hai2="76,104,86,96,108,16,89,63,64,22,114,53,78" hai3="130,21,58,95,83,122,70,117,41,32,101,59,15"/><U26/><E26/><V100/><F108/><W37/><G32/><T69/><D110/><U120/><E90/><V113/><F53/><W125/><G70/><T68/><D75/><U93/><E93/><V94/><F64/><W98/><G122/><T43/><D7/><U135/><E103/><V9/><F63/><W48/><G37/><T18/><D99/><U97/><E97/><V35/><F9/><W33/><G33/><T23/><D55/><U81/><E81/><V119/><F119/><N who="1" m="45609" /><E105/><V34/><F35/><W77/><G117/><T31/><REACH who="0" step="1"/><D61/><REACH who="0" ten="235,247,247,261" step="2"/><U66/><E66/><V12/><REACH who="2" step="1"/><F34/><REACH who="2" ten="235,247,237,261" step="2"/><W115/><G41/><T0/><D0/><U30/><E52/><V67/><F67/><W102/><G48/><AGARI ba="0,2" hai="18,23,25,28,29,31,43,47,48,68,69,72,79,80" machi="48" ten="40,2600,0" yaku="1,1,53,1" doraHai="109" doraHaiUra="14" who="0" fromWho="3" sc="235,46,247,0,237,0,261,-26" /><INIT seed="2,0,0,0,2,113" ten="281,247,237,235" oya="2" hai0="50,27,65,6,132,23,89,57,36,104,60,135,91" hai1="16,96,48,114,34,102,8,107,31,82,93,125,44" hai2="72,131,24,121,10,58,73,20,79,77,28,122,2" hai3="66,101,13,53,129,81,4,130,88,35,61,108,33"/><V92/><F131/><W47/><G108/><T75/><D36/><U17/><E114/><V52/><F73/><W29/><G101/><T98/><D75/><U45/><E125/><V51/><F92/><W19/><G4/><T74/><D74/><U63/><E107/><V56/><F56/><W64/><G47/><T85/><D6/><U67/><E82/><V100/><F100/><W115/><G53/><T80/><D50/><U84/><E84/><V95/><F95/><W62/><G115/><T12/><D12/><U49/><E34/><V30/><F30/><W97/><G97/><T55/><D65/><U105/><E31/><V124/><F124/><W15/><G29/><T40/><D40/><U103/><E105/><V25/><F25/><W11/><G81/><T3/><D3/><U21/><E8/><V78/><F72/><W83/><G83/><T54/><D54/><U126/><E126/><V68/><F68/><W123/><G123/><T111/><D111/><U0/><E0/><V118/><F2/><W42/><G42/><T70/><D70/><U7/><E7/><V38/><F38/><W26/><G26/><T14/><D104/><U39/><E39/><V76/><N who="2" m="19456" /><DORA hai="22" /><V94/><F94/><W116/><G11/><T133/><D27/><N who="1" m="14759" /><E103/><V37/><F37/><W32/><G32/><T87/><D132/><U106/><E106/><V5/><F10/><W9/><G9/><T134/><D133/><U59/><E17/><V120/><REACH who="2" step="1"/><F5/><REACH who="2" ten="281,247,227,235" step="2"/><W86/><G129/><T128/><D128/><U69/><E69/><V18/><F18/><W109/><G19/><RYUUKYOKU ba="0,1" sc="281,-15,247,15,227,15,235,-15" hai1="44,45,48,49,59,63,67,93,96,102" hai2="20,24,28,51,52,58,118,120,121,122" /><INIT seed="2,1,1,2,4,100" ten="266,262,242,220" oya="2" hai0="28,79,69,46,47,96,88,65,2,61,74,32,103" hai1="133,16,111,23,67,71,98,80,126,115,113,27,121" hai2="62,11,70,26,134,123,22,52,102,24,19,55,35" hai3="92,73,0,21,25,68,84,77,59,48,29,99,4"/><V110/><F123/><W90/><G68/><T107/><D2/><U36/><E121/><V18/><F134/><W82/><G0/><T128/><D128/><U14/><E133/><V20/><F110/><W37/><G37/><T1/><D1/><U78/><E111/><V130/><F130/><W101/><G4/><T9/><D9/><U10/><E126/><V33/><F102/><W66/><G48/><T87/><D79/><U72/><E36/><V30/><F11/><W95/><G95/><T57/><D57/><U114/><E98/><V7/><F7/><W17/><G17/><T60/><D60/><U63/><REACH who="1" step="1"/><E114/><REACH who="1" ten="266,252,242,220" step="2"/><V5/><F5/><AGARI ba="1,2" hai="5,10,14,16,23,27,63,67,71,72,78,80,113,115" machi="5" ten="30,7700,0" yaku="1,1,2,1,7,1,54,1,53,0" doraHai="100" doraHaiUra="50" who="1" fromWho="2" sc="266,0,252,100,242,-80,220,0" /><INIT seed="3,0,0,3,2,110" ten="266,352,162,220" oya="3" hai0="132,3,37,58,63,73,7,1,59,14,62,111,42" hai1="65,39,40,9,57,43,97,52,101,54,20,26,84" hai2="100,90,23,22,104,116,5,81,17,133,19,96,98" hai3="103,45,124,134,50,107,47,48,125,67,12,64,36"/><W94/><G107/><T15/><D73/><U77/><E9/><V71/><F71/><W69/><G103/><T46/><D111/><U16/><E39/><V8/><F133/><W11/><G94/><T131/><D131/><U60/><E77/><V109/><F109/><W115/><G36/><T27/><D132/><U113/><E113/><V80/><F116/><W32/><G134/><T56/><D27/><U114/><E114/><V31/><F31/><W127/><G32/><T4/><D37/><U18/><E84/><V118/><F118/><W93/><G93/><T117/><D117/><U88/><E18/><V87/><F98/><W86/><G86/><T28/><D28/><U75/><E75/><V38/><F38/><W126/><G115/><T122/><D122/><U2/><E2/><N who="0" m="521" /><D46/><U106/><REACH who="1" step="1"/><E88/><REACH who="1" ten="266,342,162,220" step="2"/><V68/><F19/><W130/><G127/><T79/><D79/><U129/><E129/><V105/><F17/><N who="3" m="8351" /><G130/><T123/><D123/><U99/><E99/><V85/><F96/><W89/><G89/><T74/><D74/><U70/><E70/><V10/><F68/><W53/><G69/><T135/><D135/><U95/><E95/><V13/><F90/><W21/><G21/><T61/><D42/><AGARI ba="0,1" hai="16,20,26,40,42,43,52,54,57,60,65,97,101,106" machi="42" ten="40,5200,0" yaku="1,1,54,2,53,0" doraHai="110" doraHaiUra="0" who="1" fromWho="0" sc="266,-52,342,62,162,0,220,0" /><AGARI ba="0,0" hai="42,45,47,48,50,53,64,67,124,125,126" m="8351" machi="42" ten="30,1500,0" yaku="18,1" doraHai="110" who="3" fromWho="0" sc="214,-15,404,0,162,0,220,15" /><INIT seed="3,1,0,1,1,13" ten="199,404,162,235" oya="3" hai0="102,90,42,31,54,49,84,29,44,89,0,63,135" hai1="67,133,15,126,115,105,80,39,47,73,55,92,120" hai2="36,23,69,7,2,28,61,119,101,14,108,114,19" hai3="94,129,32,110,16,78,98,53,124,103,130,18,122"/><W116/><G116/><T3/><D135/><U4/><E105/><V74/><F36/><W66/><G122/><T37/><D102/><U85/><E120/><V6/><F74/><W125/><G32/><T65/><D90/><U75/><E115/><V45/><F45/><W59/><G66/><T77/><D77/><U79/><E133/><V86/><F101/><W48/><G78/><T64/><D0/><U134/><E134/><V26/><F86/><W71/><G71/><T21/><D3/><U81/><E126/><N who="3" m="48746" /><G110/><T17/><D89/><U56/><E67/><V121/><F61/><W100/><G100/><T20/><D84/><U40/><E75/><V88/><F88/><W128/><AGARI ba="1,0" hai="16,18,48,53,59,94,98,103,128,129,130" m="48746" machi="128" ten="40,12000,1" yaku="19,1,18,1,52,2,54,1" doraHai="13" who="3" fromWho="3" sc="199,-41,404,-41,162,-41,235,123" /><INIT seed="3,2,0,0,4,121" ten="158,363,121,358" oya="3" hai0="130,1,108,2,21,23,115,30,74,107,42,125,124" hai1="64,82,110,9,75,84,10,99,19,49,17,25,120" hai2="55,93,103,133,41,47,53,15,104,95,106,81,123" hai3="46,0,77,91,73,116,45,62,27,90,22,44,29"/><W59/><G0/><N who="0" m="107" /><D42/><U135/><E120/><V76/><F123/><W7/><G7/><T32/><D74/><U37/><E37/><V68/><F68/><W43/><G116/><T28/><D107/><U26/><E75/><V66/><F66/><W14/><G43/><T89/><D89/><U35/><E64/><V8/><F133/><W100/><G100/><T67/><D67/><U113/><E135/><V111/><F41/><W72/><G72/><T126/><D130/><U109/><E113/><V61/><F61/><W5/><G73/><T96/><D96/><U105/><E49/><V88/><F76/><W4/><G77/><T52/><D115/><U11/><E99/><V36/><F81/><W118/><G118/><T71/><D71/><U56/><E56/><V129/><F47/><W102/><G102/><T39/><D39/><U92/><E92/><V31/><F103/><W13/><G4/><T57/><D32/><U3/><E3/><V97/><F97/><W58/><G58/><T128/><D128/><U18/><E105/><V60/><F104/><W119/><G119/><T24/><D23/><U48/><E48/><V122/><F36/><W12/><G5/><T132/><D132/><U112/><E112/><V98/><F106/><W65/><AGARI ba="2,0" hai="12,13,14,22,27,29,44,45,46,59,62,65,90,91" machi="65" ten="30,3000,0" yaku="0,1,8,1" doraHai="121" who="3" fromWho="3" sc="158,-12,363,-12,121,-12,358,36" /><INIT seed="3,3,0,3,3,10" ten="146,351,109,394" oya="3" hai0="127,103,110,94,97,70,99,133,72,113,135,52,48" hai1="30,16,29,47,115,87,63,25,76,42,122,64,88" hai2="75,34,19,45,55,46,67,106,35,14,95,38,108" hai3="92,24,104,28,59,9,27,60,4,96,23,54,26"/><W125/><G104/><T105/><D110/><U22/><E115/><V21/><F106/><W0/><REACH who="3" step="1"/><G125/><REACH who="3" ten="146,351,109,384" step="2"/><T98/><D127/><U81/><E122/><V69/><F108/><W68/><G68/><T6/><D70/><U15/><E76/><V53/><F69/><W100/><AGARI ba="3,1" hai="0,4,9,23,24,26,27,28,54,59,60,92,96,100" machi="100" ten="20,3900,0" yaku="1,1,0,1,7,1,53,0" doraHai="10" doraHaiUra="84" who="3" fromWho="3" sc="146,-16,351,-16,109,-16,384,58" /><INIT seed="3,4,0,3,5,41" ten="130,335,93,442" oya="3" hai0="126,107,108,60,63,9,15,61,94,50,42,3,122" hai1="110,48,6,93,127,120,56,85,29,113,84,49,131" hai2="109,70,34,46,57,133,23,101,53,105,115,43,106" hai3="76,74,100,112,116,54,0,20,104,79,103,59,77"/><W78/><G112/><T35/><D107/><U5/><E113/><V114/><F34/><W26/><G116/><T123/><D3/><U21/><E120/><V13/><F106/><W75/><G0/><T22/><D35/><U73/><E73/><V65/><F105/><W92/><G104/><T24/><D108/><U19/><E110/><V132/><F101/><W66/><G66/><T134/><D126/><U96/><E29/><V98/><F98/><W10/><G10/><T95/><D134/><N who="2" m="51818" /><F13/><W11/><G11/><T12/><D122/><U47/><E127/><V71/><F23/><W32/><G32/><T83/><D83/><U38/><E38/><N who="2" m="21879" /><F109/><W87/><G103/><T39/><D123/><U102/><E131/><V82/><F82/><W125/><G125/><T90/><D39/><U86/><E56/><V64/><F115/><W118/><G118/><T80/><D80/><U37/><E37/><V44/><F44/><W124/><G124/><T97/><D95/><U81/><E81/><V88/><F88/><W8/><G8/><T67/><D9/><U89/><E102/><V117/><F117/><W72/><G100/><T121/><D121/><U40/><REACH who="1" step="1"/><E48/><REACH who="1" ten="130,325,93,442" step="2"/><N who="2" m="30887" /><F114/><W62/><G72/><T69/><D69/><AGARI ba="4,1" hai="64,65,69,70,71" m="30887,21879,51818" machi="69" ten="30,7700,0" yaku="20,1,34,2,52,1" doraHai="41" who="2" fromWho="0" sc="130,-89,325,0,93,99,442,0" /><INIT seed="4,0,0,2,4,18" ten="41,325,192,442" oya="0" hai0="81,35,124,38,107,42,58,132,47,108,70,92,101" hai1="1,61,11,7,40,23,76,95,43,115,131,100,106" hai2="119,60,10,33,56,102,112,66,6,105,31,72,97" hai3="130,57,51,85,110,22,64,25,98,88,82,87,49"/><T120/><D120/><U90/><E131/><V4/><F112/><W114/><G114/><T129/><D129/><U128/><E128/><V39/><F4/><W125/><G110/><T29/><D108/><U116/><E116/><V63/><F63/><N who="3" m="37999" /><G125/><T68/><D124/><U93/><E115/><V67/><F67/><W69/><G69/><T9/><D132/><U27/><E106/><V52/><F119/><W41/><G41/><T127/><D127/><U30/><E76/><V65/><F39/><W36/><G36/><T74/><D92/><U32/><E32/><V113/><F72/><W2/><G2/><T50/><D9/><U121/><E121/><V17/><F17/><N who="3" m="12495" /><G98/><N who="0" m="61879" /><D58/><U16/><E30/><V62/><F62/><W14/><G130/><T104/><D50/><U45/><E45/><V123/><F123/><W80/><G14/><T78/><D104/><U34/><E34/><V20/><F33/><W26/><G26/><AGARI ba="0,0" hai="26,29,35,38,42,47,68,70,74,78,81" m="61879" machi="26" ten="30,2900,0" yaku="33,2" doraHai="18" who="0" fromWho="3" sc="41,29,325,0,192,0,442,-29" /><INIT seed="4,1,0,2,1,49" ten="70,325,192,413" oya="0" hai0="71,97,99,114,14,119,0,19,10,28,70,9,23" hai1="13,91,106,7,94,93,37,112,40,44,3,55,128" hai2="16,17,41,1,56,46,105,133,89,59,78,20,115" hai3="110,12,127,53,80,75,100,113,74,66,73,21,38"/><T32/><D119/><U87/><E106/><V22/><F1/><W51/><G110/><T26/><D114/><U54/><E3/><V135/><F115/><W47/><G127/><T11/><REACH who="0" step="1"/><D0/><REACH who="0" ten="60,325,192,413" step="2"/><U88/><E112/><V77/><F135/><W48/><G113/><T33/><D33/><U90/><E128/><V134/><F133/><W52/><G75/><T129/><D129/><U104/><E104/><V36/><F105/><W61/><G74/><T122/><D122/><U27/><E27/><V92/><F134/><W72/><G73/><T8/><N who="0" m="2048" /><DORA hai="83" /><T132/><D132/><U68/><E7/><V95/><F22/><W126/><G72/><T30/><D30/><U109/><E109/><V5/><F5/><W43/><G21/><T79/><D79/><U2/><E2/><V123/><F78/><W58/><G126/><T39/><D39/><U81/><E13/><V67/><F77/><W60/><G12/><T42/><D42/><U111/><E111/><V4/><F4/><W117/><G117/><T98/><AGARI ba="1,1" hai="14,19,23,26,28,32,70,71,97,98,99" m="2048" machi="98" ten="50,4800,0" yaku="1,1,0,1,53,0" doraHai="49,83" doraHaiUra="85,76" who="0" fromWho="0" sc="60,61,325,-17,192,-17,413,-17" /><INIT seed="4,2,0,4,5,93" ten="121,308,175,396" oya="0" hai0="89,54,106,40,90,71,82,107,51,101,99,124,130" hai1="8,118,2,58,23,104,33,126,115,49,52,38,6" hai2="36,113,87,103,45,80,13,0,10,19,34,100,111" hai3="75,129,66,123,112,18,116,17,73,122,32,5,128"/><T37/><D71/><U62/><E38/><V133/><F111/><W59/><G5/><T7/><D130/><N who="3" m="50281" /><G32/><T25/><D124/><U11/><E118/><V83/><F34/><W65/><G59/><T22/><D7/><U28/><E33/><V86/><F0/><W68/><G68/><T92/><D37/><U41/><E126/><V98/><F113/><W121/><G112/><T108/><D40/><U74/><E74/><N who="3" m="28170" /><G116/><T60/><D108/><U53/><E41/><V88/><F36/><W1/><G1/><T131/><D131/><U109/><E109/><V95/><F45/><W102/><G102/><T46/><D60/><U15/><E104/><V44/><F44/><W72/><G72/><T14/><D14/><U4/><E115/><V117/><F117/><W125/><G125/><T114/><D114/><U69/><E69/><V47/><F47/><W26/><G26/><T97/><D82/><U9/><E2/><V63/><F63/><W85/><G85/><T76/><D76/><U21/><E28/><V77/><REACH who="2" step="1"/><F103/><REACH who="2" ten="121,308,165,396" step="2"/><W27/><G123/><T132/><D132/><AGARI ba="2,1" hai="10,13,19,77,80,83,86,87,88,95,98,100,132,133" machi="132" ten="40,8000,1" yaku="1,1,2,1,52,1,54,1,53,0" doraHai="93" doraHaiUra="50" who="2" fromWho="0" sc="121,-86,308,0,165,96,396,0" /><INIT seed="5,0,0,4,3,122" ten="35,308,261,396" oya="1" hai0="36,41,12,58,20,5,134,99,29,63,77,96,75" hai1="117,52,118,28,93,66,111,69,1,39,44,107,128" hai2="30,57,16,10,94,126,15,127,89,40,79,91,53" hai3="130,19,49,18,87,43,100,83,50,74,62,73,76"/><U101/><E107/><V125/><BYE who="0" /><F79/><W68/><G130/><T98/><D98/><U72/><E72/><V97/><F40/><W55/><G100/><UN n0="%56%45%54%54%45%4C" /><T108/><D108/><U25/><BYE who="0" /><E1/><V35/><F30/><W114/><G114/><T106/><D106/><U116/><E128/><UN n0="%56%45%54%54%45%4C" /><V131/><F131/><W95/><G73/><T70/><D70/><U65/><BYE who="0" /><E69/><V14/><F35/><W85/><G74/><T34/><D34/><U71/><E71/><V3/><F15/><W2/><G2/><T8/><D8/><U102/><E111/><V78/><F78/><W59/><G68/><T47/><D47/><U0/><E0/><V64/><F64/><W45/><G62/><T51/><D51/><N who="1" m="28775" /><E39/><V6/><F3/><W129/><G129/><T7/><D7/><U32/><E93/><V23/><F6/><W123/><G123/><T82/><D82/><U27/><E25/><V48/><REACH who="2" step="1"/><F10/><REACH who="2" ten="35,308,251,396" step="2"/><W88/><AGARI ba="0,1" hai="18,19,43,45,49,50,55,59,76,83,85,87,88,95" machi="88" ten="30,4000,0" yaku="0,1,8,1,54,1" doraHai="122" who="3" fromWho="3" sc="35,-10,308,-20,251,-10,396,50" /><INIT seed="6,0,0,0,0,50" ten="25,288,241,446" oya="2" hai0="122,57,109,133,87,18,16,62,81,117,11,43,130" hai1="94,93,71,53,127,84,0,116,75,105,128,40,3" hai2="41,1,45,25,120,129,112,100,61,111,65,132,56" hai3="97,19,95,104,119,4,102,92,51,91,6,79,36"/><V39/><F1/><W101/><G36/><T42/><D42/><U24/><E105/><V124/><F100/><W89/><G119/><T78/><D78/><U131/><E75/><V55/><F120/><W73/><G19/><T66/><D66/><U67/><E116/><V35/><F112/><W22/><G22/><T47/><D47/><U17/><E127/><V58/><F124/><W26/><G26/><T34/><D34/><U12/><E40/><V28/><F129/><N who="1" m="49737" /><E24/><V29/><F29/><W90/><G51/><T110/><D110/><U30/><E30/><V44/><F44/><W32/><G32/><T46/><D46/><U52/><E67/><V123/><F123/><W7/><G102/><T31/><D31/><U9/><E71/><V107/><F107/><W134/><G134/><T126/><D126/><U77/><E94/><V82/><F82/><W121/><G121/><T5/><D5/><U68/><E68/><V103/><F103/><W74/><G74/><T86/><D86/><U59/><E59/><V64/><F64/><W20/><G20/><T85/><D85/><U113/><E113/><V83/><F83/><W8/><G8/><T114/><D114/><U21/><E77/><V38/><F38/><W33/><G33/><T49/><D49/><U118/><E118/><V54/><F65/><W48/><G48/><T23/><D23/><U10/><E21/><V60/><F132/><W2/><G2/><N who="1" m="554" /><E9/><V70/><F70/><W76/><G73/><T88/><D88/><AGARI ba="0,0" hai="10,12,17,52,53,84,88,93" m="554,49737" machi="88" ten="30,8000,1" yaku="19,1,52,2,54,2" doraHai="50" who="1" fromWho="0" sc="25,-80,288,80,241,0,446,0" owari="-55,-55.5,368,16.8,241,-15.9,446,54.6" /></mjloggm>