<mjloggm ver="2.3"><GO type="169" lobby="0"/><UN n0="%E3%81%97%E3%82%89%E3%81%99%EF%BC%A1" n1="%6D%73%64%31%31%32%30" n2="%E4%B8%80%E7%95%AA%E3%81%84%E3%81%A1%E3%81%B0%E3%82%93" n3="%73%65%69%67%65%6E" dan="16,17,16,16" rate="2104.55,2214.74,2070.32,2060.75" sx="M,M,F,M"/><TAIKYOKU oya="0"/><INIT seed="0,0,0,1,4,46" ten="250,250,250,250" oya="0" hai0="112,73,65,100,2,16,119,105,91,54,116,41,125" hai1="90,106,86,33,21,30,42,99,4,72,66,71,113" hai2="124,69,96,31,130,63,68,24,64,88,36,18,58" hai3="47,81,57,25,13,78,60,50,1,114,22,12,61"/><T93/><D112/><U28/><E72/><V115/><F115/><W29/><G1/><T102/><D2/><U10/><E42/><V133/><F133/><W67/><G61/><T38/><D73/><U121/><E121/><V80/><F36/><W20/><G20/><T107/><D65/><U6/><E6/><V101/><F130/><W3/><G3/><T82/><D41/><U92/><E33/><V19/><F69/><W32/><G32/><T43/><D43/><U83/><E66/><V126/><F126/><W129/><G129/><T15/><D38/><U84/><E71/><V56/><F56/><W0/><G0/><T120/><D120/><U104/><E21/><N who="2" m="15759" /><F68/><W77/><G114/><T127/><D54/><U23/><E23/><V89/><F124/><N who="0" m="47690" /><D82/><U9/><E83/><V55/><F80/><W44/><G44/><T7/><D7/><U97/><E4/><V74/><F55/><N who="3" m="30175" /><G81/><T62/><D62/><U27/><E113/><V8/><F74/><W52/><G67/><T128/><D128/><U37/><E37/><V40/><F40/><W11/><G11/><N who="0" m="6271" /><D105/><U39/><E106/><V48/><F8/><W79/><AGARI ba="0,0" hai="12,13,22,25,29,52,57,60,77,78,79" m="30175" machi="79" ten="30,4000,0" yaku="8,1,52,1,54,1" doraHai="46" who="3" fromWho="3" sc="250,-20,250,-10,250,-10,250,40" /><INIT seed="1,0,0,0,5,120" ten="230,240,240,290" oya="1" hai0="70,1,35,31,134,96,91,111,106,17,101,110,42" hai1="13,69,71,56,73,14,95,92,21,62,48,130,113" hai2="112,81,126,117,119,38,98,51,36,28,65,10,63" hai3="2,87,8,19,12,80,45,16,94,30,68,132,52"/><U115/><E73/><V32/><F126/><W104/><G104/><T127/><D1/><U128/><E48/><V53/><F112/><W99/><G68/><T25/><D127/><U76/><E76/><V123/><F123/><W90/><G2/><T72/><D134/><U49/><E49/><V133/><F81/><W7/><G30/><T97/><D72/><U66/><E21/><V26/><F133/><W46/><G132/><T3/><D3/><U50/><E50/><V41/><F10/><W118/><G118/><T78/><D78/><U77/><E77/><V24/><F24/><W82/><G82/><T124/><D124/><U125/><E125/><V20/><F32/><W0/><G52/><T116/><D42/><U59/><E66/><V129/><F129/><W9/><REACH who="3" step="1"/><G19/><REACH who="3" ten="230,240,240,280" step="2"/><T93/><D116/><U60/><AGARI ba="0,1" hai="13,14,56,59,60,62,69,71,92,95,113,115,128,130" machi="60" ten="25,4800,0" yaku="0,1,22,2" doraHai="120" who="1" fromWho="1" sc="230,-16,240,58,240,-16,280,-16" /><INIT seed="1,1,0,1,1,132" ten="214,298,224,264" oya="1" hai0="94,124,72,113,53,16,42,99,15,29,65,92,125" hai1="43,119,116,101,123,88,11,104,111,73,82,59,9" hai2="97,55,70,66,112,100,50,120,33,22,105,41,0" hai3="6,80,95,103,38,108,40,12,19,52,128,118,130"/><U67/><E123/><V30/><F0/><W46/><G108/><T69/><D72/><U18/><E104/><V122/><F112/><W109/><G109/><T96/><D42/><U25/><E101/><V133/><F133/><W23/><G118/><T47/><D113/><U135/><E135/><V5/><F5/><W68/><G68/><T76/><D76/><U84/><E111/><V37/><F22/><W131/><G6/><T121/><D29/><U27/><E73/><V48/><F48/><W86/><G103/><T110/><D121/><U21/><E43/><V44/><F55/><W89/><REACH who="3" step="1"/><G52/><REACH who="3" ten="214,298,224,254" step="2"/><T20/><D110/><U7/><E119/><V71/><F71/><W81/><AGARI ba="1,1" hai="12,19,23,38,40,46,80,81,86,89,95,128,130,131" machi="81" ten="40,8000,1" yaku="1,1,2,1,0,1,19,1,53,0" doraHai="132" doraHaiUra="32" who="3" fromWho="3" sc="214,-21,298,-41,224,-21,254,93" /><INIT seed="2,0,0,5,0,111" ten="193,257,203,347" oya="2" hai0="36,1,3,100,96,107,93,95,85,53,43,38,112" hai1="4,94,12,11,30,117,69,25,40,58,130,2,37" hai2="23,15,63,0,135,20,72,133,9,19,16,14,24" hai3="64,46,92,50,87,114,52,83,29,119,120,41,126"/><V6/><F72/><W74/><G119/><T45/><D38/><U110/><E69/><V17/><F63/><W60/><G120/><T116/><D116/><U121/><E110/><V13/><REACH who="2" step="1"/><F24/><REACH who="2" ten="193,257,193,347" step="2"/><W108/><G108/><T26/><D26/><U59/><E117/><V80/><F80/><W51/><G126/><T31/><D107/><U127/><E121/><V48/><F48/><W132/><G74/><T122/><D36/><U134/><E37/><V55/><F55/><W70/><G132/><AGARI ba="0,1" hai="0,6,9,13,14,15,16,17,19,20,23,132,133,135" machi="132" ten="50,18000,2" yaku="1,1,20,1,34,3,54,1,53,0" doraHai="111" doraHaiUra="105" who="2" fromWho="3" sc="193,0,257,0,193,190,347,-180" /><INIT seed="2,1,0,1,3,22" ten="193,257,383,167" oya="2" hai0="85,15,52,41,25,134,16,121,133,65,19,72,127" hai1="34,10,39,80,20,2,54,57,13,66,9,93,86" hai2="114,1,0,26,67,105,71,125,87,38,113,101,53" hai3="104,76,112,132,79,5,81,135,62,103,130,7,82"/><V75/><F75/><W102/><G130/><T23/><D72/><U63/><E39/><V116/><F116/><W44/><G62/><T24/><D121/><U91/><E34/><V118/><F118/><W109/><G44/><T120/><D120/><U68/><E2/><V108/><F38/><W110/><REACH who="3" step="1"/><G104/><REACH who="3" ten="193,257,383,157" step="2"/><T69/><D69/><U119/><E119/><V78/><F105/><W48/><G48/><T42/><D65/><U31/><E68/><V64/><F67/><W14/><G14/><T123/><D123/><U94/><E66/><V50/><F64/><W58/><G58/><T32/><D127/><U40/><E40/><V99/><F50/><W70/><G70/><T97/><D41/><U60/><E60/><V43/><F43/><W73/><G73/><T107/><D42/><U106/><E106/><V59/><F125/><W56/><G56/><T122/><D122/><U111/><E111/><V74/><F59/><W6/><G6/><T3/><D3/><U12/><E12/><V88/><F108/><W92/><G92/><T126/><D126/><U30/><E94/><V84/><F71/><W35/><G35/><T21/><D52/><U77/><E77/><V95/><F78/><W89/><G89/><T37/><D37/><U18/><E93/><V128/><F0/><W17/><G17/><T33/><D15/><U11/><AGARI ba="1,1" hai="9,10,11,13,18,20,30,31,54,57,63,80,86,91" machi="11" ten="30,2000,0" yaku="0,1,8,1" doraHai="22" who="1" fromWho="1" sc="193,-6,257,33,383,-11,157,-6" /><INIT seed="3,0,0,1,4,89" ten="187,290,372,151" oya="3" hai0="64,104,70,42,62,110,34,102,124,67,115,14,125" hai1="68,21,83,25,35,37,94,132,114,84,123,46,61" hai2="85,111,135,76,60,15,116,56,80,22,75,27,131" hai3="97,126,31,58,7,93,112,32,40,28,95,101,120"/><W71/><G71/><T91/><D110/><U74/><E74/><V87/><F111/><W63/><G120/><T36/><D14/><U55/><E132/><V26/><F116/><W50/><G112/><T122/><D91/><U108/><E108/><V119/><F119/><W18/><G32/><T17/><D17/><U121/><E35/><V1/><F1/><W107/><G126/><N who="0" m="48747" /><D34/><U19/><E68/><V65/><F131/><W2/><G2/><T48/><D102/><U99/><E37/><V88/><F135/><W6/><G18/><T41/><D104/><U39/><E39/><V77/><F75/><W79/><G79/><N who="2" m="30281" /><F87/><W16/><G6/><T69/><D122/><U86/><E83/><V44/><F44/><N who="3" m="25863" /><G7/><T9/><D9/><U38/><E38/><V98/><F98/><N who="3" m="59599" /><G16/><AGARI ba="0,0" hai="15,16,22,26,27,56,60,65,80,85,88" m="30281" machi="16" ten="30,3900,0" yaku="8,1,54,2" doraHai="89" who="2" fromWho="3" sc="187,0,290,0,372,39,151,-39" /><INIT seed="4,0,0,0,5,44" ten="187,290,411,112" oya="0" hai0="69,31,130,74,77,57,84,55,26,38,90,71,37" hai1="98,13,27,121,99,39,60,49,12,117,118,41,103" hai2="17,114,8,47,29,14,15,36,34,0,106,23,112" hai3="42,83,48,95,91,131,105,109,122,120,65,115,35"/><T68/><D130/><U116/><E39/><V73/><F106/><W101/><G109/><T93/><D77/><U53/><E121/><N who="3" m="46698" /><G35/><T107/><D74/><U92/><E41/><V129/><F73/><W79/><G65/><T4/><D4/><U86/><E27/><N who="2" m="18751" /><F129/><W3/><G3/><T87/><D84/><U61/><E86/><V5/><F36/><W125/><G131/><T113/><D113/><N who="2" m="43626" /><F47/><N who="3" m="25719" /><G115/><T6/><D6/><U28/><E28/><V2/><AGARI ba="0,0" hai="0,2,5,8,14,15,17,23" m="43626,18751" machi="2" ten="30,4000,0" yaku="15,1,34,2" doraHai="44" who="2" fromWho="2" sc="187,-20,290,-10,411,40,112,-10" /><INIT seed="5,0,0,3,3,133" ten="167,280,451,102" oya="1" hai0="104,89,107,127,51,46,111,20,39,49,115,100,67" hai1="84,52,33,119,108,38,64,35,12,28,103,97,105" hai2="71,123,29,114,25,135,62,75,13,126,93,22,128" hai3="68,58,73,57,61,54,18,42,121,106,4,122,69"/><U0/><E0/><V41/><F135/><W80/><G106/><T131/><D111/><U59/><E38/><V48/><F75/><W8/><G18/><T130/><D115/><U32/><E119/><V98/><F123/><W85/><G73/><T50/><D67/><U26/><E108/><V96/><F128/><N who="0" m="49194" /><D100/><U116/><E116/><V81/><F81/><W134/><G134/><T91/><D20/><U63/><E84/><V109/><F109/><W110/><G110/><T101/><D101/><U86/><E86/><V90/><F98/><W77/><G42/><N who="0" m="22879" /><D127/><U21/><E12/><V55/><F126/><W66/><G58/><T56/><D56/><U82/><REACH who="1" step="1"/><E82/><REACH who="1" ten="167,270,451,102" step="2"/><V10/><F13/><W15/><REACH who="3" step="1"/><G69/><REACH who="3" ten="167,270,451,92" step="2"/><T87/><D107/><U23/><E23/><V45/><F22/><W65/><G65/><AGARI ba="0,2" hai="21,26,28,32,33,35,52,59,63,64,65,97,103,105" machi="65" ten="40,3900,0" yaku="1,1,54,1,53,0" doraHai="133" doraHaiUra="1" who="1" fromWho="3" sc="167,0,270,59,451,0,92,-39" /><INIT seed="5,1,0,0,2,68" ten="167,329,451,53" oya="1" hai0="125,108,24,9,42,10,40,35,109,55,75,29,115" hai1="56,50,36,123,64,78,61,65,134,74,80,17,122" hai2="85,84,91,1,57,118,37,0,81,99,53,8,18" hai3="32,45,79,111,5,124,102,73,38,27,119,52,63"/><U120/><E134/><V117/><F37/><W83/><G111/><T107/><D75/><U33/><E33/><V130/><F130/><W87/><G124/><T133/><D107/><U66/><E36/><V34/><F34/><W44/><G119/><T132/><D55/><U31/><E31/><V21/><F99/><W14/><G102/><T25/><D115/><U86/><E17/><V16/><F85/><W58/><G73/><T11/><D125/><U126/><E126/><V128/><F128/><W51/><G38/><T90/><D90/><U26/><E26/><N who="0" m="10345" /><D29/><U13/><E13/><V43/><F43/><N who="0" m="16426" /><D35/><U96/><E96/><V129/><F129/><W2/><G2/><T22/><D22/><U92/><E50/><V19/><F21/><W71/><G27/><T101/><D101/><U49/><E49/><N who="2" m="30895" /><F0/><W88/><G32/><T4/><D4/><U28/><REACH who="1" step="1"/><E28/><REACH who="1" ten="167,319,451,53" step="2"/><V100/><F1/><W110/><G110/><AGARI ba="1,1" hai="9,10,11,108,109,110,132,133" m="16426,10345" machi="110" ten="40,2600,0" yaku="28,2" doraHai="68" who="0" fromWho="3" sc="167,39,319,0,451,0,53,-29" /><INIT seed="6,0,0,2,4,11" ten="206,319,451,24" oya="2" hai0="86,8,89,73,77,125,115,58,80,57,83,105,75" hai1="111,45,33,53,66,61,12,85,44,131,34,98,10" hai2="50,63,16,88,21,27,135,26,122,64,129,46,20" hai3="3,113,2,116,121,25,35,0,71,127,56,52,40"/><V119/><F122/><W114/><G121/><T37/><D37/><U99/><E131/><V106/><F135/><W38/><G116/><T23/><D115/><N who="3" m="44041" /><G71/><T39/><D39/><U62/><E33/><V49/><F129/><W4/><G127/><T128/><D128/><U30/><E34/><V123/><F106/><W103/><G103/><T29/><D105/><U7/><E30/><V13/><F123/><W6/><G40/><T108/><D108/><U101/><E85/><V118/><F26/><W69/><G69/><T124/><D73/><U93/><E111/><V59/><F50/><N who="3" m="30743" /><G38/><T134/><D134/><U91/><E53/><V76/><F88/><W54/><G54/><T104/><D104/><U90/><E90/><V84/><F84/><W78/><G78/><T32/><D124/><U15/><E101/><V41/><F76/><W14/><G14/><T36/><D36/><U17/><E99/><V87/><F87/><W55/><G55/><T18/><D125/><U97/><E97/><V9/><F20/><W74/><G74/><T133/><D32/><U117/><E117/><V67/><F64/><W126/><G126/><T43/><D43/><U132/><E132/><V107/><F107/><W70/><G70/><T81/><D133/><U112/><E112/><V65/><F67/><W130/><G130/><T22/><D81/><U31/><E66/><V110/><F110/><W68/><G68/><T19/><D75/><U60/><E98/><V28/><AGARI ba="0,0" hai="9,13,16,21,27,28,41,46,49,59,63,65,118,119" machi="28" ten="20,7800,0" yaku="0,1,7,1,52,1,54,1" doraHai="11" who="2" fromWho="2" sc="206,-26,319,-26,451,78,24,-26" owari="180,-22.0,293,9.3,529,62.9,-2,-50.2" /></mjloggm>