<mjloggm ver="2.3"><GO type="169" lobby="0"/><UN n0="%6D%61%6A%75%6E%69%61" n1="%E7%A9%B4%E7%8C%AB" n2="%E3%83%8F%E3%82%AC%E3%82%BF%E3%82%AB%E3%81%AE%E3%81%88%E3%81%98%E3%81%8D" n3="%4E%4F%2E%E2%85%A0" dan="16,16,17,17" rate="2141.84,2104.90,2155.35,2209.62" sx="M,M,M,M"/><TAIKYOKU oya="0"/><INIT seed="0,0,0,4,1,101" ten="250,250,250,250" oya="0" hai0="135,61,39,11,36,127,0,7,69,116,41,29,126" hai1="129,134,26,52,74,10,53,111,54,66,63,47,133" hai2="23,90,112,5,65,71,32,25,57,64,119,9,89" hai3="94,27,98,44,37,34,13,115,114,91,121,67,15"/><T1/><D116/><U88/><E74/><V62/><F112/><W82/><G121/><T103/><D135/><N who="1" m="51723" /><E111/><V72/><F72/><W4/><G67/><N who="0" m="41199" /><D29/><U38/><E26/><V86/><F32/><W68/><G68/><T12/><D103/><U17/><E129/><V87/><F119/><W109/><G109/><T85/><D85/><U40/><E10/><V43/><F43/><W77/><G27/><T105/><D12/><U131/><E131/><V130/><F130/><W122/><G122/><T20/><D20/><U75/><E75/><V108/><F65/><W118/><G34/><T2/><D41/><U113/><E17/><V70/><F87/><W33/><G33/><T102/><D127/><U120/><E120/><V93/><F90/><W28/><G28/><T128/><D128/><U124/><E88/><V56/><F71/><W132/><G118/><T58/><D58/><N who="1" m="37239" /><E113/><V100/><F108/><W19/><G132/><T35/><D126/><AGARI ba="0,0" hai="38,40,47,52,53,54,124,126" m="37239,51723" machi="126" ten="40,8000,1" yaku="20,1,34,2,54,1" doraHai="101" who="1" fromWho="0" sc="250,-80,250,80,250,0,250,0" /><INIT seed="1,0,0,0,3,76" ten="170,330,250,250" oya="1" hai0="42,87,10,61,72,91,12,106,28,74,103,3,21" hai1="7,8,96,92,51,123,29,71,93,45,30,19,89" hai2="73,11,64,118,122,102,101,17,66,129,112,81,121" hai3="9,16,83,117,135,56,58,105,59,49,34,79,111"/><U5/><E123/><V43/><F118/><W63/><G111/><T120/><D120/><U95/><E71/><V90/><F43/><W84/><G135/><T88/><D91/><U6/><E8/><V107/><F90/><W37/><G37/><T39/><D3/><U40/><E19/><V13/><F129/><W69/><G105/><T62/><D28/><AGARI ba="0,0" hai="5,6,7,28,29,30,40,45,51,89,92,93,95,96" machi="28" ten="40,2000,0" yaku="8,1" doraHai="76" who="1" fromWho="0" sc="170,-20,330,20,250,0,250,0" /><INIT seed="1,1,0,3,4,70" ten="150,350,250,250" oya="1" hai0="91,69,65,32,116,99,16,109,129,101,95,7,83" hai1="35,55,68,60,108,5,104,18,133,118,2,121,110" hai2="75,61,46,94,56,29,58,72,117,106,74,119,27" hai3="98,42,31,85,25,44,10,62,134,96,8,88,24"/><U66/><E18/><V105/><F94/><W9/><G134/><T113/><D116/><U125/><E104/><V120/><F120/><W59/><G98/><T45/><D113/><U64/><E35/><V1/><F1/><W122/><G96/><T86/><D129/><U81/><E81/><V43/><F117/><W84/><G122/><T97/><D109/><N who="1" m="42091" /><E5/><V28/><F119/><W0/><G0/><T112/><D112/><U53/><E2/><V39/><F58/><W124/><G124/><T103/><D32/><U15/><E15/><V13/><F13/><W20/><G25/><T130/><D130/><U71/><E118/><V76/><F76/><W54/><REACH who="3" step="1"/><G88/><REACH who="3" ten="150,350,250,240" step="2"/><T123/><D123/><U107/><E121/><V48/><F27/><W49/><AGARI ba="1,1" hai="8,9,10,20,24,31,42,44,49,54,59,62,84,85" machi="49" ten="30,7900,0" yaku="1,1,2,1,0,1,8,1,53,0" doraHai="70" doraHaiUra="132" who="3" fromWho="3" sc="150,-21,350,-40,250,-21,240,92" /><INIT seed="2,0,0,1,0,7" ten="129,310,229,332" oya="2" hai0="27,75,43,81,90,126,134,107,70,48,31,64,34" hai1="36,109,133,86,3,92,18,50,124,68,125,103,25" hai2="111,10,113,98,110,104,14,71,102,85,21,2,131" hai3="112,49,38,67,55,73,58,80,40,61,106,24,6"/><V91/><F71/><W100/><G112/><T33/><D126/><N who="1" m="48747" /><E36/><V59/><F113/><W8/><G24/><T129/><D129/><U26/><E68/><V128/><F59/><W63/><G100/><T135/><D107/><U28/><E50/><V122/><F21/><W20/><G106/><T53/><D43/><U96/><E3/><V16/><F2/><W51/><G20/><T132/><D70/><U0/><E0/><V95/><REACH who="2" step="1"/><F122/><REACH who="2" ten="129,310,219,332" step="2"/><W82/><G58/><N who="0" m="33063" /><D64/><U32/><E32/><V94/><F94/><W121/><G121/><T83/><D34/><U52/><E92/><V88/><F88/><W19/><G67/><T114/><D114/><U42/><E103/><V41/><F41/><W35/><G35/><T127/><D127/><U56/><E56/><V76/><F76/><W72/><G40/><T101/><D101/><U5/><E42/><V47/><F47/><W57/><G57/><T130/><D130/><AGARI ba="0,1" hai="10,14,16,85,91,95,98,102,104,110,111,128,130,131" machi="130" ten="40,12000,1" yaku="1,1,19,1,52,1,54,1,53,0" doraHai="7" doraHaiUra="65" who="2" fromWho="0" sc="129,-120,310,0,219,130,332,0" /><INIT seed="2,1,0,1,4,75" ten="9,310,349,332" oya="2" hai0="12,22,88,74,105,81,25,36,119,8,86,65,52" hai1="33,48,123,0,49,21,118,23,104,6,71,3,32" hai2="73,72,115,20,95,135,55,62,96,64,122,29,134" hai3="45,129,61,82,34,121,97,47,40,26,4,100,94"/><V54/><F115/><W38/><G129/><T112/><D112/><U59/><E59/><N who="2" m="36959" /><F122/><W111/><G111/><T69/><D105/><U66/><E66/><V85/><F85/><W116/><G116/><T70/><D36/><U120/><E104/><V7/><F7/><W103/><G121/><N who="1" m="46666" /><E6/><V128/><F128/><W42/><G4/><T53/><D119/><U10/><E10/><V101/><F72/><W102/><G61/><T78/><D70/><U108/><E118/><V79/><F79/><W35/><G82/><T5/><D65/><U127/><E71/><V117/><F73/><W14/><G14/><T60/><D60/><U43/><E43/><V76/><F76/><W87/><G87/><T133/><D69/><U132/><E108/><V67/><F67/><W130/><G130/><T106/><D106/><U57/><E57/><V98/><F98/><W17/><G17/><T50/><D50/><N who="1" m="19563" /><E132/><N who="2" m="50731" /><F117/><W99/><G26/><AGARI ba="1,0" hai="20,26,29,54,55,95,96,101" m="50731,36959" machi="26" ten="30,2900,0" yaku="25,1,20,1" doraHai="75" who="2" fromWho="3" sc="9,0,310,0,349,32,332,-32" /><INIT seed="2,2,0,2,3,113" ten="9,310,381,300" oya="2" hai0="96,133,105,83,2,70,125,20,112,107,26,116,40" hai1="34,43,104,73,127,6,94,10,17,7,3,41,92" hai2="28,47,68,128,14,38,9,95,93,78,64,60,11" hai3="118,53,100,87,54,42,120,79,61,46,36,19,124"/><V130/><F78/><W115/><G118/><T27/><D112/><U77/><E104/><V80/><F80/><W18/><G120/><T106/><D70/><U132/><E77/><V135/><F28/><W45/><G124/><T58/><D2/><U30/><E73/><V44/><F135/><W102/><G115/><T66/><D40/><N who="1" m="15435" /><E3/><V111/><F111/><W4/><G4/><N who="1" m="1578" /><E30/><V37/><F68/><W5/><G5/><T57/><D125/><U29/><E29/><V85/><F85/><W0/><G0/><T8/><D8/><U48/><E48/><V39/><F14/><W56/><G79/><T71/><D71/><U101/><E127/><V122/><F122/><W131/><G131/><N who="2" m="50217" /><F9/><W51/><REACH who="3" step="1"/><G87/><REACH who="3" ten="9,310,381,290" step="2"/><T59/><D133/><U119/><E132/><V129/><F129/><W72/><G72/><T110/><D110/><U25/><E119/><V134/><F134/><W117/><G117/><T33/><D116/><U114/><E114/><V67/><F38/><W69/><G69/><T121/><D121/><U126/><E126/><V50/><F37/><W123/><G123/><T74/><D33/><U15/><E101/><AGARI ba="2,1" hai="18,19,36,42,45,46,51,53,54,56,61,100,101,102" machi="101" ten="40,1300,0" yaku="1,1,53,0" doraHai="113" doraHaiUra="1" who="3" fromWho="1" sc="9,0,310,-19,381,0,290,29" /><INIT seed="3,0,0,2,3,119" ten="9,291,381,319" oya="3" hai0="99,36,89,32,64,117,30,60,81,42,123,111,107" hai1="84,4,74,63,70,38,67,49,113,130,73,53,47" hai2="29,116,17,19,55,102,20,118,37,108,57,31,10" hai3="122,100,56,101,82,27,3,15,5,48,8,23,85"/><W69/><G122/><T34/><D117/><U39/><E113/><V134/><F37/><W104/><G69/><T76/><D89/><U86/><E130/><V51/><F108/><W52/><G3/><T135/><D135/><U95/><E4/><V72/><F72/><W83/><G104/><T79/><D79/><U22/><E73/><V129/><F129/><W24/><G24/><N who="0" m="18503" /><D111/><U14/><E74/><V62/><F134/><W114/><G114/><T1/><D34/><U120/><E120/><V131/><F131/><W112/><G112/><T66/><D123/><U127/><E127/><V25/><F116/><W11/><G11/><T54/><D54/><U41/><E95/><V7/><F102/><W65/><G65/><T71/><D66/><U103/><E103/><N who="3" m="39498" /><G85/><T92/><D1/><U125/><E125/><V33/><F118/><W109/><G109/><T98/><D107/><U105/><E105/><V13/><F31/><AGARI ba="0,0" hai="5,8,15,23,27,31,48,52,56,82,83" m="39498" machi="31" ten="30,2900,0" yaku="8,1,54,1" doraHai="119" who="3" fromWho="2" sc="9,0,291,0,381,-29,319,29" /><INIT seed="3,1,0,3,2,57" ten="9,291,352,348" oya="3" hai0="108,0,128,113,59,88,31,13,75,124,104,123,26" hai1="40,51,12,18,77,121,20,30,69,89,43,55,94" hai2="22,132,56,4,84,70,79,111,83,2,102,6,11" hai3="62,61,133,10,53,76,71,32,60,66,80,39,52"/><W54/><G133/><T68/><RYUUKYOKU type="yao9" ba="1,0" sc="9,0,291,0,352,0,348,0" hai0="0,13,26,31,59,68,75,88,104,108,113,123,124,128" /><INIT seed="3,2,0,5,0,121" ten="9,291,352,348" oya="3" hai0="21,34,96,25,124,54,17,58,13,61,103,111,131" hai1="57,75,100,114,48,0,29,22,123,115,15,65,32" hai2="106,77,28,8,4,87,81,11,23,16,19,70,46" hai3="90,126,74,110,94,37,85,108,64,26,68,1,47"/><W79/><G126/><T82/><D131/><U72/><E123/><V24/><F70/><W118/><G118/><T88/><D124/><U60/><E0/><V36/><F106/><W5/><G26/><T93/><D111/><N who="3" m="42537" /><G1/><T42/><D42/><U132/><E32/><V50/><F36/><W56/><G5/><T7/><D34/><U129/><E129/><V119/><F119/><W73/><G68/><T133/><D133/><U27/><E132/><V134/><F134/><W6/><G6/><T9/><D82/><U135/><E135/><V12/><F8/><W20/><G20/><T101/><AGARI ba="2,0" hai="7,9,13,17,21,25,54,58,61,88,93,96,101,103" machi="101" ten="30,8000,1" yaku="0,1,25,2,8,1,54,1" doraHai="121" who="0" fromWho="0" sc="9,86,291,-22,352,-22,348,-42" /><INIT seed="4,0,0,5,3,68" ten="95,269,330,306" oya="0" hai0="79,131,50,55,103,58,85,59,30,92,23,26,72" hai1="63,74,120,15,97,110,70,54,41,65,35,81,28" hai2="32,89,52,115,11,77,10,36,76,38,132,56,73" hai3="113,8,2,126,123,13,17,135,34,25,118,14,83"/><T104/><D131/><U19/><E110/><V71/><F71/><W75/><G83/><T102/><D72/><U43/><E120/><V133/><F32/><W106/><G17/><T1/><D1/><U67/><E67/><V7/><F89/><W45/><G45/><T46/><D104/><U4/><E4/><V109/><F109/><W82/><G25/><T78/><D85/><U80/><E54/><V12/><F10/><W112/><G14/><T93/><D59/><U22/><E97/><V47/><F115/><W51/><G51/><T48/><D93/><U124/><E124/><V107/><F107/><W39/><G13/><T20/><D20/><U21/><E35/><V66/><F66/><W29/><G29/><T95/><D95/><U24/><REACH who="1" step="1"/><E80/><REACH who="1" ten="95,259,330,306" step="2"/><V27/><F7/><W128/><G82/><T127/><D127/><U116/><E116/><V111/><F52/><W40/><G40/><N who="0" m="24647" /><D92/><U86/><E86/><V130/><F111/><W18/><G126/><T3/><D3/><U49/><E49/><V60/><F130/><W69/><G2/><T121/><D121/><U9/><E9/><V117/><F11/><W61/><G128/><T125/><D125/><U99/><E99/><V90/><F117/><W96/><G123/><T31/><D31/><U91/><E91/><V108/><F90/><W129/><G129/><T105/><D105/><U134/><E134/><V98/><F132/><W0/><G135/><T64/><D64/><U122/><E122/><V33/><F133/><W100/><G118/><T88/><D88/><U94/><E94/><V114/><F108/><RYUUKYOKU ba="0,1" sc="95,15,259,15,330,-15,306,-15" hai0="23,26,30,50,55,58,78,79,102,103" hai1="15,19,21,22,24,28,41,43,63,65,70,74,81" /><INIT seed="4,1,1,2,5,109" ten="110,274,315,291" oya="0" hai0="103,112,132,71,130,73,120,77,110,119,39,97,40" hai1="0,32,16,27,88,113,53,38,60,20,69,133,21" hai2="79,22,134,76,46,48,118,99,47,44,84,124,94" hai3="90,11,80,75,68,1,4,24,114,100,30,95,26"/><T12/><RYUUKYOKU type="yao9" ba="1,1" sc="110,0,274,0,315,0,291,0" hai0="12,39,40,71,73,77,97,103,110,112,119,120,130,132" /><INIT seed="4,2,1,2,2,97" ten="110,274,315,291" oya="0" hai0="77,49,128,65,99,115,88,39,13,59,127,86,133" hai1="12,10,32,27,124,50,66,75,126,6,60,31,91" hai2="43,4,72,100,96,16,120,101,42,28,53,69,0" hai3="106,22,85,21,63,46,73,34,9,107,119,8,112"/><T26/><D128/><U82/><E50/><V37/><F72/><W48/><G112/><T7/><D39/><U24/><E24/><V104/><F120/><W41/><G73/><T131/><D131/><U134/><E134/><V102/><F69/><W121/><G34/><T3/><D3/><U80/><E91/><V103/><F28/><W90/><G119/><T109/><D115/><U17/><E17/><V94/><F104/><W58/><G107/><T132/><D109/><U78/><REACH who="1" step="1"/><E80/><REACH who="1" ten="110,264,315,291" step="2"/><V35/><F37/><W68/><G90/><T38/><D38/><U84/><E84/><V5/><F16/><W56/><G85/><T117/><D117/><U61/><E61/><V29/><F5/><W18/><G63/><N who="0" m="38143" /><D26/><U123/><E123/><V111/><F111/><W98/><G48/><T1/><D127/><U87/><E87/><V129/><F129/><W51/><G51/><T113/><D49/><U14/><E14/><V57/><F4/><W64/><G121/><T33/><D113/><U67/><E67/><V47/><F0/><W11/><G64/><T108/><D1/><U40/><E40/><V122/><F122/><W71/><G41/><T95/><D108/><U93/><E93/><V116/><F42/><W135/><G135/><N who="0" m="51787" /><D33/><U74/><E74/><V54/><F43/><W79/><G18/><T36/><D36/><U23/><E23/><V81/><F116/><W45/><G22/><T62/><D62/><U52/><E52/><V44/><F53/><W76/><G21/><T105/><D86/><U2/><E2/><V30/><F35/><W130/><G130/><RYUUKYOKU ba="2,2" sc="110,-10,264,30,315,-10,291,-10" hai1="6,10,12,27,31,32,60,66,75,78,82,124,126" /><INIT seed="5,3,2,1,1,5" ten="100,294,305,281" oya="1" hai0="130,44,99,85,9,126,119,129,117,95,93,20,17" hai1="32,75,100,133,55,83,51,61,87,124,94,68,59" hai2="101,4,49,134,76,35,50,15,115,123,132,116,104" hai3="1,113,47,43,102,37,27,30,98,135,52,18,82"/><U2/><E32/><V58/><F116/><W16/><G113/><T12/><D126/><U14/><E2/><V78/><F123/><W79/><G1/><T120/><D120/><U11/><E124/><V23/><F35/><W8/><G135/><N who="2" m="51753" /><F115/><W13/><G52/><T45/><D85/><U42/><E133/><V86/><F58/><W67/><G67/><T122/><D122/><U38/><E75/><V89/><F101/><W92/><G18/><T31/><D117/><U34/><E34/><V65/><F104/><W109/><G109/><T72/><D72/><U36/><E94/><V40/><F65/><W33/><REACH who="3" step="1"/><G82/><REACH who="3" ten="100,294,305,271" step="2"/><T57/><D119/><U110/><E110/><V53/><F53/><W64/><G64/><T22/><D95/><U106/><E68/><V25/><F40/><W21/><G21/><N who="0" m="8299" /><D31/><U121/><E121/><V26/><F23/><W0/><G0/><T90/><D57/><N who="1" m="33023" /><E42/><V60/><F15/><W10/><G10/><T88/><D90/><N who="1" m="51583" /><E59/><V66/><F89/><W80/><G80/><T84/><D99/><N who="1" m="61727" /><E61/><V127/><F60/><W107/><G107/><T24/><D24/><U91/><E91/><V63/><F25/><W96/><G96/><T48/><D48/><N who="2" m="18538" /><F26/><W70/><G70/><T28/><D28/><U103/><E103/><V114/><F114/><W6/><G6/><T71/><D71/><U105/><E105/><V73/><F4/><W81/><G81/><T7/><D7/><N who="1" m="3455" /><E38/><V131/><F127/><W125/><G125/><T46/><D17/><U108/><E36/><V41/><F63/><W54/><G54/><T74/><D74/><RYUUKYOKU ba="3,3" sc="100,10,294,10,305,-30,271,10" hai0="9,12,44,45,46,84,88,93,129,130" hai1="108" hai3="8,13,16,27,30,33,37,43,47,79,92,98,102" /><INIT seed="5,4,3,5,2,127" ten="110,304,275,281" oya="1" hai0="40,77,103,110,98,14,19,107,41,2,106,6,36" hai1="111,56,5,10,20,132,35,23,12,3,76,134,68" hai2="37,57,72,65,30,70,66,67,13,32,71,27,80" hai3="46,135,109,48,96,51,25,93,125,113,117,92,79"/><U89/><E68/><V124/><F124/><W42/><G113/><T82/><D110/><U69/><E69/><V88/><F37/><W4/><G109/><T47/><D41/><U44/><E111/><V16/><F57/><W52/><G135/><N who="1" m="51754" /><E35/><V116/><F116/><W84/><G117/><T108/><D108/><U87/><E76/><V33/><F33/><W62/><G125/><T85/><D2/><U0/><E56/><V53/><F53/><W55/><G4/><T100/><D6/><U60/><E60/><V105/><F105/><W99/><G25/><T83/><D83/><N who="1" m="49407" /><E44/><V7/><F7/><W22/><G62/><T9/><REACH who="0" step="1"/><D103/><REACH who="0" ten="100,304,275,281" step="2"/><U97/><E3/><V18/><F80/><W64/><G42/><T122/><D122/><U21/><E0/><V11/><F72/><W95/><G99/><AGARI ba="4,4" hai="5,10,12,20,21,23,97,99" m="49407,51754" machi="99" ten="30,1500,0" yaku="20,1" doraHai="127" who="1" fromWho="3" sc="100,0,304,67,275,0,281,-27" /><INIT seed="5,5,0,5,1,128" ten="100,371,275,254" oya="1" hai0="119,28,94,70,90,112,20,78,98,127,82,117,18" hai1="131,86,106,74,14,89,92,107,93,4,39,133,9" hai2="102,81,71,0,77,57,35,30,83,104,124,1,132" hai3="11,56,72,91,61,42,29,13,7,46,134,66,50"/><U87/><E39/><V59/><F71/><W114/><G114/><T63/><D127/><U69/><E69/><V126/><F102/><W36/><G134/><T62/><D112/><U122/><E122/><V76/><F30/><W17/><G72/><T8/><D117/><U125/><E74/><V97/><F97/><W26/><G91/><T44/><D119/><U24/><E131/><V16/><F35/><W130/><G130/><T32/><D32/><U2/><E125/><V48/><F48/><W95/><G95/><T47/><D28/><U19/><E24/><V80/><F16/><W3/><G36/><T121/><D121/><U88/><REACH who="1" step="1"/><E133/><REACH who="1" ten="100,361,275,254" step="2"/><V101/><F132/><W10/><G26/><T99/><D70/><U31/><E31/><V135/><F135/><W110/><REACH who="3" step="1"/><G29/><REACH who="3" ten="100,361,275,244" step="2"/><T15/><D78/><U52/><E52/><V23/><F76/><W60/><G60/><T85/><D63/><U12/><E12/><V120/><F77/><W129/><G129/><T103/><D62/><U40/><E40/><V67/><F120/><W65/><G65/><T43/><D43/><U58/><E58/><V123/><F123/><W109/><AGARI ba="5,2" hai="3,7,10,11,13,17,42,46,50,56,61,66,109,110" machi="109" ten="30,2000,0" yaku="1,1,0,1,53,0" doraHai="128" doraHaiUra="49" who="3" fromWho="3" sc="100,-10,361,-15,275,-10,244,55" /><INIT seed="6,0,0,3,2,93" ten="90,346,265,299" oya="2" hai0="109,45,74,85,104,103,29,15,101,72,112,114,46" hai1="91,133,1,62,76,43,132,78,5,97,71,92,36" hai2="79,120,115,123,94,23,3,42,113,19,60,2,81" hai3="129,6,100,22,67,124,121,7,51,18,12,102,4"/><V35/><F42/><W82/><G124/><T63/><D29/><U127/><E127/><V50/><F50/><W20/><G129/><T54/><D63/><U13/><E1/><N who="2" m="11" /><F60/><W108/><G108/><T57/><D15/><U10/><E43/><V64/><F64/><W128/><G128/><T66/><D66/><N who="1" m="41431" /><E36/><V69/><F69/><W84/><G121/><N who="2" m="46665" /><F94/><W61/><G22/><T98/><D57/><U118/><E118/><V95/><F95/><W0/><G0/><T28/><D54/><U126/><E126/><V34/><F81/><W110/><G110/><T117/><D109/><U134/><AGARI ba="0,0" hai="5,10,13,76,78,91,92,97,132,133,134" m="41431" machi="134" ten="30,2000,0" yaku="20,1,52,1" doraHai="93" who="1" fromWho="1" sc="90,-5,346,20,265,-10,299,-5" /><INIT seed="7,0,0,5,4,59" ten="85,366,255,294" oya="3" hai0="97,108,36,38,132,55,98,12,130,61,73,92,67" hai1="35,72,42,21,113,70,39,131,10,33,1,122,50" hai2="87,109,46,83,119,34,28,53,8,48,126,51,24" hai3="80,7,45,79,105,86,90,44,4,115,56,6,71"/><W43/><G71/><T118/><D55/><U63/><E39/><V23/><F109/><W2/><G115/><T107/><D108/><U41/><E72/><V104/><F126/><W134/><G134/><T58/><D73/><U121/><E21/><V128/><F128/><W125/><G125/><T22/><D12/><U106/><E106/><V129/><F129/><W37/><G105/><T127/><D130/><U120/><E131/><V100/><F119/><W93/><G45/><T49/><D127/><U66/><E113/><V89/><F34/><W133/><G133/><T91/><D22/><U32/><E50/><V15/><F104/><W112/><G112/><T19/><D132/><U31/><E31/><V20/><F51/><W95/><G2/><T96/><D19/><U74/><E74/><V27/><F100/><W52/><REACH who="3" step="1"/><G79/><REACH who="3" ten="85,366,255,284" step="2"/><T14/><D118/><U47/><E47/><V62/><F62/><AGARI ba="0,1" hai="4,6,7,37,43,44,52,56,62,80,86,90,93,95" machi="62" ten="40,12000,1" yaku="1,1,2,1,52,1,54,1,53,0" doraHai="59" doraHaiUra="99" who="3" fromWho="2" sc="85,0,366,0,255,-120,284,130" owari="85,-41.5,366,16.6,135,-26.5,414,51.4" /></mjloggm>