<mjloggm ver="2.3"><GO type="169" lobby="0"/><UN n0="%E3%82%A4%E3%82%AB%E3%81%AB%E3%82%82%E6%9D%B1%E5%8C%97" n1="%E3%81%97%E3%82%87%E3%81%BC%E3%82%93%EF%BD%8E" n2="%4E%49%4B%55%59%41" n3="%E2%98%86%41%64%72%69%61%6E" dan="17,17,17,17" rate="2181.81,2200.20,2225.17,2214.34" sx="M,M,M,M"/><TAIKYOKU oya="0"/><INIT seed="0,0,0,4,4,97" ten="250,250,250,250" oya="0" hai0="102,60,3,89,53,57,96,99,110,63,98,7,35" hai1="45,95,69,40,130,68,78,119,73,46,88,12,112" hai2="4,10,94,29,91,65,82,126,86,27,72,134,1" hai3="116,100,36,118,62,44,85,127,23,115,121,0,67"/><T49/><D35/><U8/><E119/><V128/><F128/><W61/><G115/><T38/><D38/><U15/><E130/><V124/><F134/><W64/><G0/><T28/><D28/><U133/><E133/><V51/><F65/><W21/><G85/><T9/><D110/><U107/><E107/><V75/><F51/><W135/><G135/><T111/><D111/><U22/><E112/><V58/><F58/><W114/><G127/><N who="2" m="48681" /><F82/><W6/><G114/><T83/><REACH who="0" step="1"/><D102/><REACH who="0" ten="240,250,250,250" step="2"/><U131/><E131/><V32/><AGARI ba="0,1" hai="1,4,10,27,29,32,72,75,86,91,94" m="48681" machi="32" ten="30,1100,0" yaku="18,1" doraHai="97" who="2" fromWho="2" sc="240,-5,250,-3,250,21,250,-3" /><INIT seed="1,0,0,3,0,65" ten="235,247,271,247" oya="1" hai0="25,107,10,18,91,89,70,41,20,48,86,95,9" hai1="64,56,44,119,123,7,121,110,72,58,59,130,84" hai2="63,111,79,112,28,39,47,99,1,19,4,61,30" hai3="54,120,5,22,57,11,14,76,34,100,90,96,105"/><U133/><E72/><V12/><F111/><W115/><G34/><T108/><D107/><U134/><E7/><V29/><F112/><W103/><G115/><T94/><D108/><U88/><E110/><V32/><F99/><W80/><G120/><T129/><D129/><U6/><E119/><V17/><F79/><W8/><G8/><T23/><D70/><U109/><E109/><V74/><F74/><W3/><G22/><T49/><D23/><U24/><E130/><V43/><F32/><W78/><G103/><T16/><D41/><U124/><E124/><V127/><F127/><W87/><REACH who="3" step="1"/><G3/><REACH who="3" ten="235,247,271,237" step="2"/><T31/><D10/><U106/><E123/><V116/><F1/><W60/><AGARI ba="0,1" hai="5,11,14,54,57,60,76,78,80,87,90,96,100,105" machi="60" ten="20,8000,1" yaku="1,1,2,1,0,1,7,1,53,1" doraHai="65" doraHaiUra="101" who="3" fromWho="3" sc="235,-20,247,-40,271,-20,237,90" /><INIT seed="2,0,0,1,0,49" ten="215,207,251,327" oya="2" hai0="84,98,83,97,9,34,133,32,82,71,86,17,66" hai1="36,24,4,121,92,134,31,37,125,73,13,77,120" hai2="65,15,42,22,130,80,10,68,41,102,39,21,106" hai3="28,27,47,74,122,69,26,11,96,35,72,89,90"/><V14/><F130/><W127/><G69/><T78/><D133/><U6/><E134/><V112/><F112/><W43/><G122/><N who="1" m="47210" /><E125/><V48/><F39/><N who="1" m="14921" /><E13/><V62/><F80/><W119/><G127/><T64/><D9/><U85/><E73/><V19/><F106/><W67/><G11/><T123/><D123/><U95/><E77/><V79/><F79/><W8/><G27/><T12/><D12/><U132/><E85/><V50/><F102/><W5/><G119/><T109/><D78/><U0/><E132/><V131/><F131/><W113/><G113/><T118/><D17/><U16/><E16/><V124/><F124/><W129/><G96/><T104/><D118/><U76/><E76/><V20/><REACH who="2" step="1"/><F15/><REACH who="2" ten="215,207,241,327" step="2"/><W51/><G129/><T88/><D83/><U101/><E101/><V60/><F60/><W117/><G117/><T52/><D82/><U81/><E81/><V105/><F105/><W30/><G72/><T126/><D104/><U58/><E92/><V57/><F57/><W103/><G74/><T53/><D126/><U56/><E95/><V91/><F91/><W110/><G103/><T54/><D88/><U29/><E58/><V33/><F33/><W25/><G35/><T111/><D32/><U3/><E56/><V87/><F87/><N who="0" m="33322" /><D34/><U45/><E0/><V99/><F99/><N who="0" m="37898" /><D71/><U94/><E3/><V44/><F44/><W128/><G47/><T7/><D7/><N who="1" m="2603" /><E94/><V55/><F55/><W18/><G90/><T38/><D38/><U63/><E45/><V70/><F70/><W40/><G89/><T23/><D23/><N who="1" m="15519" /><E63/><V75/><F75/><RYUUKYOKU ba="0,1" sc="215,10,207,10,241,10,327,-30" hai0="52,53,54,64,66,109,111" hai1="31" hai2="10,14,19,20,21,22,41,42,48,50,62,65,68" /><INIT seed="2,1,1,0,4,28" ten="225,217,251,297" oya="2" hai0="80,93,42,125,123,84,21,96,98,35,48,89,26" hai1="55,94,100,45,52,50,113,15,27,3,57,14,13" hai2="99,106,12,44,19,74,2,120,97,22,66,24,129" hai3="29,31,90,61,39,83,30,107,8,75,127,77,118"/><V38/><F120/><W46/><G118/><T102/><D123/><U114/><E3/><V88/><F2/><W36/><G127/><T101/><D125/><U6/><E6/><V23/><F74/><W0/><G107/><T5/><D5/><U16/><E113/><V65/><F129/><W108/><G108/><T92/><D35/><U124/><E114/><V109/><F109/><W116/><G116/><T1/><D1/><U37/><E124/><V104/><F38/><W69/><G90/><T130/><D130/><U72/><E72/><V122/><F122/><W49/><G8/><T43/><REACH who="0" step="1"/><D48/><REACH who="0" ten="215,217,251,297" step="2"/><N who="1" m="30855" /><E37/><V131/><F131/><W112/><G0/><T70/><D70/><U135/><E135/><V33/><F33/><W128/><G112/><T54/><D54/><U51/><E51/><V32/><F32/><W64/><REACH who="3" step="1"/><G128/><REACH who="3" ten="215,217,251,287" step="2"/><T53/><D53/><AGARI ba="1,3" hai="29,30,31,36,39,46,49,53,61,64,69,75,77,83" machi="53" ten="40,5200,0" yaku="1,1,2,1,53,1" doraHai="28" doraHaiUra="41" who="3" fromWho="0" sc="215,-55,217,0,251,0,287,85" /><INIT seed="3,0,0,5,1,127" ten="160,217,251,372" oya="3" hai0="111,68,93,126,134,18,47,99,70,82,120,121,118" hai1="54,115,7,90,9,97,35,44,101,14,130,50,98" hai2="85,117,88,33,64,31,132,86,122,125,80,78,42" hai3="52,17,102,96,89,95,28,113,60,108,29,6,11"/><W10/><G113/><T30/><D118/><U1/><E115/><V20/><F117/><W107/><G108/><T21/><D111/><U22/><E35/><V131/><F33/><W103/><G17/><T2/><D2/><U43/><E90/><V38/><F125/><W49/><G60/><T63/><D126/><U75/><E75/><V24/><F132/><W67/><G67/><T46/><D30/><N who="3" m="11881" /><G107/><T106/><D106/><U3/><E22/><V65/><F122/><W4/><G4/><T83/><D134/><U15/><E1/><V55/><F55/><W110/><G110/><T56/><D70/><U8/><E3/><V81/><F38/><W71/><G71/><T41/><D68/><U51/><E101/><N who="3" m="38410" /><G6/><T5/><D5/><N who="1" m="3343" /><E130/><V135/><F135/><W53/><G53/><T59/><D121/><U76/><E76/><V129/><REACH who="2" step="1"/><F42/><REACH who="2" ten="160,217,241,372" step="2"/><W23/><G23/><T45/><D21/><U32/><E32/><V12/><F12/><W66/><G66/><AGARI ba="0,1" hai="20,24,31,64,65,66,78,80,81,85,86,88,129,131" machi="66" ten="40,8000,1" yaku="1,1,52,2,54,1,53,1" doraHai="127" doraHaiUra="84" who="2" fromWho="3" sc="160,0,217,0,241,90,372,-80" /><INIT seed="4,0,0,3,5,117" ten="160,217,331,292" oya="0" hai0="66,77,134,87,71,63,120,124,75,110,119,34,6" hai1="123,14,95,88,97,116,28,55,1,10,107,113,17" hai2="118,58,26,20,98,102,27,12,127,83,3,114,62" hai3="82,115,81,43,18,38,89,41,105,13,19,33,52"/><T47/><D119/><U106/><E116/><V64/><F3/><W30/><G105/><T46/><D34/><U23/><E113/><V11/><F118/><W80/><G115/><T61/><D75/><U91/><E123/><V2/><F114/><W68/><G68/><T92/><D120/><U24/><E55/><V51/><F2/><W128/><G128/><T69/><D134/><U57/><E57/><V125/><F83/><W56/><G19/><T96/><D124/><N who="2" m="47690" /><F51/><W39/><G33/><T74/><D74/><U32/><REACH who="1" step="1"/><E91/><REACH who="1" ten="160,207,331,292" step="2"/><V48/><F58/><W79/><G89/><T67/><D110/><U31/><E31/><V8/><F64/><W40/><G30/><T5/><D47/><U76/><E76/><V85/><F102/><W121/><G79/><T36/><D46/><U126/><E126/><V9/><F62/><W25/><G121/><T111/><D111/><U131/><E131/><V86/><F8/><W130/><G130/><T21/><D77/><U129/><E129/><V53/><F9/><W37/><G56/><T108/><D108/><U84/><E84/><V132/><F11/><N who="3" m="6463" /><G52/><T93/><D87/><U50/><E50/><V112/><F53/><W42/><N who="3" m="10240" /><DORA hai="65" /><W29/><G29/><T45/><D45/><U4/><AGARI ba="0,1" hai="1,4,10,14,17,23,24,28,32,88,95,97,106,107" machi="4" ten="30,12000,2" yaku="1,1,0,1,24,2,54,1,53,1" doraHai="117,65" doraHaiUra="99,22" who="1" fromWho="1" sc="160,-60,207,130,331,-30,292,-30" /><INIT seed="5,0,0,0,1,11" ten="100,337,301,262" oya="1" hai0="128,84,27,21,72,51,119,101,75,78,105,12,25" hai1="28,134,38,13,0,53,15,18,109,122,103,79,16" hai2="33,70,8,57,56,86,52,23,47,131,37,97,49" hai3="95,96,133,120,35,82,92,127,26,126,40,108,132"/><U65/><E122/><V17/><F33/><W31/><G120/><T42/><D119/><U58/><E0/><V110/><F70/><W55/><G108/><T29/><D128/><U62/><E38/><V117/><F110/><W116/><G116/><T74/><D105/><U111/><E134/><V121/><F121/><W24/><G40/><T44/><D101/><U30/><E103/><V113/><F117/><W71/><G71/><T50/><D50/><U91/><E79/><V14/><F131/><W115/><G115/><T98/><D98/><U48/><E111/><V45/><F113/><W80/><G55/><T64/><D64/><U20/><E91/><V85/><F97/><W124/><G26/><T88/><D78/><U1/><E1/><V10/><F37/><W54/><G54/><T32/><D12/><U106/><E106/><V4/><F10/><W3/><G3/><T104/><D104/><U19/><E19/><V81/><F57/><W69/><G69/><T107/><D107/><U83/><E83/><N who="3" m="31786" /><G95/><T2/><D2/><U60/><E109/><V114/><F114/><W39/><G39/><T77/><D77/><U46/><E62/><V93/><F93/><W9/><G9/><AGARI ba="0,0" hai="9,13,15,16,18,20,28,30,46,48,53,58,60,65" machi="9" ten="30,12000,1" yaku="7,1,8,1,52,2,54,1" doraHai="11" who="1" fromWho="3" sc="100,0,337,120,301,0,262,-120" /><INIT seed="5,1,0,1,4,97" ten="100,457,301,142" oya="1" hai0="54,6,55,61,109,101,44,40,98,90,41,25,62" hai1="119,82,66,39,126,74,93,99,129,116,23,48,108" hai2="83,77,124,102,100,30,120,14,131,31,1,113,79" hai3="87,16,130,27,115,104,107,95,24,133,33,70,51"/><U112/><E39/><V88/><F1/><W86/><G70/><T43/><D109/><U59/><E108/><V60/><F120/><W80/><G115/><T42/><D6/><U89/><E112/><V11/><F131/><W96/><G130/><T46/><D90/><U76/><E129/><V118/><F124/><W132/><G51/><N who="0" m="27015" /><D25/><U121/><E121/><V72/><F118/><W63/><G63/><N who="0" m="24075" /><D98/><U10/><E126/><V34/><F113/><W92/><G96/><T134/><D101/><N who="2" m="39018" /><F60/><W64/><G80/><T37/><D134/><U105/><E105/><V49/><F49/><W71/><G33/><T68/><D68/><U2/><E48/><V4/><F34/><W47/><G71/><T73/><D73/><U53/><E74/><V28/><F72/><W122/><G122/><T85/><D85/><AGARI ba="1,0" hai="4,11,14,28,30,31,77,79,83,85,88" m="39018" machi="85" ten="30,8000,1" yaku="8,1,52,3,54,1" doraHai="97" who="2" fromWho="0" sc="100,-83,457,0,301,83,142,0" /><INIT seed="6,0,0,4,3,129" ten="17,457,384,142" oya="2" hai0="30,24,56,5,84,92,121,109,51,12,134,44,14" hai1="119,112,7,71,47,16,82,78,135,13,50,27,101" hai2="128,64,38,91,108,42,49,124,6,35,123,19,110" hai3="23,96,105,131,52,1,9,102,33,29,11,74,59"/><V122/><F91/><W87/><G74/><T98/><D121/><N who="2" m="46090" /><F19/><W46/><G33/><T133/><D109/><N who="2" m="42090" /><F6/><W116/><G116/><T66/><D84/><N who="1" m="48215" /><E135/><N who="0" m="51721" /><D66/><U113/><E119/><V55/><F35/><W4/><G9/><T20/><D56/><U15/><E71/><V114/><F128/><W67/><G131/><T37/><D37/><U26/><E101/><V45/><F114/><N who="1" m="44137" /><E7/><V126/><F64/><W69/><G67/><T100/><D5/><U125/><E15/><V10/><F10/><W68/><G4/><T63/><D63/><U54/><E125/><N who="2" m="48235" /><F55/><AGARI ba="0,0" hai="12,14,20,24,30,44,51,55,92,98,100" m="51721" machi="55" ten="30,7700,0" yaku="20,1,52,3" doraHai="129" who="0" fromWho="2" sc="17,77,457,0,384,-77,142,0" /><INIT seed="7,0,0,4,4,65" ten="94,457,307,142" oya="3" hai0="100,82,29,115,15,99,57,113,108,36,30,72,41" hai1="19,112,102,10,51,54,42,117,120,35,63,12,84" hai2="59,2,32,25,7,107,121,13,130,89,17,60,16" hai3="110,90,6,134,135,86,78,105,24,70,67,27,109"/><W131/><G105/><T85/><D72/><U71/><E120/><V91/><F107/><W128/><G6/><T111/><D41/><U106/><E35/><V50/><F2/><W11/><G11/><T52/><D36/><U124/><E112/><N who="0" m="43081" /><D15/><U95/><E124/><V40/><F32/><W5/><G5/><T53/><D85/><U56/><E71/><V75/><F75/><W46/><G78/><T44/><D82/><U81/><E117/><V9/><F130/><W118/><G118/><T93/><D53/><U94/><E102/><V28/><F28/><N who="0" m="10858" /><D44/><N who="1" m="26007" /><E106/><V31/><F121/><W88/><G46/><T18/><D18/><N who="2" m="7274" /><F25/><W87/><G67/><T66/><D66/><U77/><AGARI ba="0,0" hai="10,12,19,54,56,63,77,81,84,94,95" m="26007" machi="77" ten="30,1100,0" yaku="8,1" doraHai="65" who="1" fromWho="1" sc="94,-3,457,11,307,-3,142,-5" owari="91,-40.9,468,56.8,304,10.4,137,-26.3" /></mjloggm>