<mjloggm ver="2.3"><GO type="169" lobby="0"/><UN n0="%E3%83%90%E3%83%AA%E3%83%88%E3%83%B3" n1="%E5%8F%97%E3%81%91%E5%85%A5%E3%82%8C%E9%87%8D%E8%A6%96" n2="%E3%81%86%E3%81%98%E3%81%93" n3="%E3%81%A4%E3%81%8B%E3%82%93%E3%81%BD%E3%81%A3" dan="17,17,16,17" rate="2244.53,2170.48,2101.38,2172.94" sx="M,M,M,F"/><TAIKYOKU oya="0"/><INIT seed="0,0,0,3,2,118" ten="250,250,250,250" oya="0" hai0="10,28,80,120,51,100,77,46,63,108,99,106,83" hai1="93,134,33,42,20,57,56,65,76,69,88,123,9" hai2="112,130,25,95,66,68,53,38,107,13,35,49,105" hai3="73,70,45,8,31,126,71,55,124,102,40,86,50"/><T92/><D108/><U0/><E33/><V127/><F112/><W18/><G73/><T21/><D106/><U94/><E123/><V22/><F38/><W2/><G31/><T74/><D83/><U98/><E134/><V81/><F127/><W5/><G102/><T131/><D131/><U30/><E76/><V16/><F130/><W61/><G18/><T87/><D63/><U128/><E128/><V60/><F81/><W58/><REACH who="3" step="1"/><G86/><REACH who="3" ten="250,250,250,240" step="2"/><T64/><D74/><U17/><E30/><V24/><F35/><W14/><G14/><T113/><D113/><U36/><E17/><V96/><F107/><W133/><G133/><T67/><D120/><U37/><E98/><V47/><F105/><W54/><G54/><N who="0" m="30071" /><D10/><U97/><E9/><V11/><F11/><W122/><G122/><T82/><D80/><U23/><E97/><V103/><AGARI ba="0,1" hai="13,16,22,24,25,47,49,53,60,66,68,95,96,103" machi="103" ten="20,2700,0" yaku="0,1,7,1,54,1" doraHai="118" who="2" fromWho="2" sc="250,-13,250,-7,250,37,240,-7" /><INIT seed="1,0,0,2,1,16" ten="237,243,287,233" oya="1" hai0="76,92,106,69,12,60,84,98,70,37,57,34,6" hai1="128,97,73,85,10,113,74,5,2,56,110,26,41" hai2="120,112,129,109,38,46,8,9,89,14,40,22,131" hai3="1,15,59,64,134,55,36,90,99,4,126,49,25"/><U79/><E113/><V27/><F120/><W83/><G126/><T87/><D37/><U39/><E128/><N who="2" m="49227" /><F109/><W125/><G125/><T11/><D106/><U18/><E110/><V3/><F3/><W52/><G134/><T111/><D34/><U93/><E85/><V51/><F112/><W61/><G1/><T78/><D111/><U32/><E79/><N who="0" m="30249" /><D69/><U132/><E132/><V91/><F38/><W102/><G36/><T94/><D70/><U118/><E118/><V66/><F66/><W72/><G72/><T119/><D94/><U21/><E56/><V123/><F123/><W101/><G55/><N who="0" m="33855" /><D119/><U44/><REACH who="1" step="1"/><E32/><REACH who="1" ten="237,233,287,233" step="2"/><V133/><F133/><W114/><G114/><T86/><D84/><U115/><E115/><V75/><F75/><W81/><G81/><T33/><D33/><U108/><E108/><V65/><F65/><W50/><G83/><T30/><D30/><U104/><E104/><V42/><F42/><W88/><G64/><T77/><D77/><U82/><E82/><V71/><F71/><W67/><G67/><T13/><D86/><U48/><E48/><V23/><F8/><N who="3" m="4487" /><G50/><T28/><D87/><U124/><E124/><V105/><F105/><W7/><G49/><T122/><D122/><U45/><E45/><V135/><F135/><W24/><G59/><T121/><D121/><U20/><E20/><N who="2" m="7723" /><F27/><W47/><G24/><T116/><D116/><U100/><AGARI ba="0,1" hai="2,5,10,18,21,26,39,41,44,73,74,93,97,100" machi="100" ten="20,12000,1" yaku="1,1,0,1,7,1,52,1,53,1" doraHai="16" doraHaiUra="17" who="1" fromWho="1" sc="237,-40,233,130,287,-40,233,-40" /><INIT seed="1,1,0,5,5,70" ten="197,363,247,193" oya="1" hai0="39,79,30,89,120,7,123,102,84,16,92,135,40" hai1="72,45,128,37,41,24,3,133,15,63,20,83,64" hai2="8,97,82,107,71,2,91,66,96,17,58,68,67" hai3="127,6,130,13,27,38,48,95,74,117,56,19,9"/><U106/><E3/><V109/><F109/><W29/><G130/><T110/><D110/><U124/><E128/><V49/><F107/><W116/><G74/><T65/><D30/><U55/><E106/><V88/><F2/><W46/><G127/><T61/><D7/><U43/><E124/><V118/><F118/><W73/><G73/><T50/><D135/><U80/><E133/><V112/><F112/><W60/><G95/><T57/><D102/><U104/><E104/><V4/><F4/><W69/><G69/><T100/><D100/><U125/><E125/><V32/><F32/><W14/><G38/><T87/><D50/><U93/><E15/><V62/><F49/><W23/><G56/><T26/><D79/><U132/><E132/><V47/><F47/><W75/><G75/><T44/><REACH who="0" step="1"/><D87/><REACH who="0" ten="187,363,247,193" step="2"/><U52/><E72/><V134/><F134/><W25/><G60/><T34/><D34/><U5/><E5/><V86/><F86/><W129/><G129/><T59/><D59/><U105/><E63/><V76/><F58/><W10/><REACH who="3" step="1"/><G27/><REACH who="3" ten="187,363,247,183" step="2"/><T21/><AGARI ba="1,2" hai="16,21,26,39,40,44,57,61,65,84,89,92,120,123" machi="21" ten="30,7900,0" yaku="1,1,0,1,52,1,54,1,53,0" doraHai="70" doraHaiUra="113" who="0" fromWho="0" sc="187,102,363,-40,247,-21,183,-21" /><INIT seed="2,0,0,5,2,115" ten="289,323,226,162" oya="2" hai0="40,37,75,16,20,114,123,95,71,124,103,78,10" hai1="116,58,76,87,52,50,79,80,21,66,17,46,86" hai2="135,43,125,47,85,25,82,112,1,24,4,104,57" hai3="68,90,107,29,102,42,67,94,56,132,131,32,97"/><V7/><F112/><W83/><G131/><T89/><D114/><U30/><E30/><V65/><F135/><W111/><G111/><T91/><D123/><U22/><E116/><V93/><F104/><W88/><G132/><T3/><D71/><U28/><E28/><V109/><F93/><W54/><G42/><T38/><D103/><U35/><E35/><V8/><F7/><W34/><G83/><T99/><D91/><U33/><E33/><V106/><F106/><W2/><G2/><T105/><D105/><U81/><E17/><V31/><F109/><W74/><G74/><T101/><D101/><U15/><E15/><V11/><F11/><W5/><G5/><T117/><D124/><U122/><E122/><V36/><F125/><W6/><G6/><T63/><D40/><U134/><E134/><V41/><F41/><W60/><G29/><T92/><D92/><U127/><E127/><V119/><F119/><W55/><G55/><T14/><D3/><U129/><E129/><V121/><F121/><W77/><G77/><T69/><D10/><U9/><E9/><V98/><F98/><W13/><G13/><T84/><D75/><U72/><E72/><V128/><F128/><W108/><G90/><T59/><D117/><U61/><AGARI ba="0,0" hai="21,22,46,50,52,58,61,66,76,79,80,81,86,87" machi="61" ten="30,7900,0" yaku="0,1,9,1,8,1,54,1" doraHai="115" who="1" fromWho="1" sc="289,-20,323,79,226,-39,162,-20" /><INIT seed="3,0,0,4,2,9" ten="269,402,187,142" oya="3" hai0="95,23,5,133,65,88,72,67,86,101,29,74,109" hai1="91,85,132,36,32,20,75,73,53,50,0,51,122" hai2="120,3,1,110,62,76,39,114,49,107,92,57,2" hai3="66,33,89,41,58,10,38,80,112,83,117,16,61"/><W17/><G112/><T43/><D109/><U108/><E36/><V63/><F110/><W7/><G117/><T59/><D133/><U42/><E108/><V44/><F114/><W100/><G33/><T71/><D71/><U134/><E32/><V54/><F107/><W45/><G100/><T28/><D74/><U78/><E78/><V111/><F111/><W126/><G126/><T25/><D72/><U94/><E0/><V113/><F113/><W69/><G69/><T130/><D130/><U47/><E122/><V4/><F76/><W56/><G56/><T116/><D116/><U90/><E91/><V40/><F120/><W115/><G115/><T128/><D128/><U19/><E134/><V98/><REACH who="2" step="1"/><F4/><REACH who="2" ten="269,402,177,142" step="2"/><W93/><G83/><T31/><D5/><U6/><E6/><V81/><F81/><W34/><G80/><T60/><D101/><AGARI ba="0,1" hai="1,2,3,39,40,44,49,54,57,62,63,92,98,101" machi="101" ten="40,1300,0" yaku="1,1,53,0" doraHai="9" doraHaiUra="84" who="2" fromWho="0" sc="269,-13,402,0,177,23,142,0" /><INIT seed="4,0,0,5,5,105" ten="256,402,200,142" oya="0" hai0="122,80,3,62,116,47,13,76,50,109,107,94,15" hai1="16,6,37,64,25,46,22,26,42,0,18,38,11" hai2="128,97,134,63,52,104,87,59,111,27,95,69,89" hai3="39,113,96,35,12,36,41,82,86,56,7,101,45"/><T124/><D107/><U102/><E102/><V49/><F111/><W132/><G132/><T131/><D3/><U121/><E121/><V51/><F128/><W77/><G113/><T115/><D116/><U33/><E64/><V55/><F134/><W72/><G35/><T79/><D122/><U54/><E54/><V65/><F104/><W32/><G32/><T85/><D109/><U48/><REACH who="1" step="1"/><E18/><REACH who="1" ten="256,392,200,142" step="2"/><V4/><F55/><W73/><G56/><T114/><D131/><U21/><E21/><V28/><F4/><W110/><G110/><T120/><D120/><U81/><E81/><V17/><F17/><W8/><REACH who="3" step="1"/><G39/><REACH who="3" ten="256,392,200,132" step="2"/><T119/><D115/><U78/><E78/><V100/><F69/><W83/><G83/><T106/><D79/><U70/><E70/><V126/><F59/><W130/><G130/><T91/><D114/><U10/><E10/><V24/><F65/><W99/><G99/><T93/><D76/><U43/><E43/><V123/><F97/><W29/><G29/><AGARI ba="0,2" hai="0,6,11,16,22,25,26,29,33,37,38,42,46,48" machi="29" ten="40,2600,0" yaku="1,1,54,1,53,0" doraHai="105" doraHaiUra="135" who="1" fromWho="3" sc="256,0,392,46,200,0,132,-26" /><INIT seed="5,0,0,5,1,122" ten="256,438,200,106" oya="1" hai0="80,76,71,120,34,11,74,131,107,99,10,36,95" hai1="19,79,82,94,30,7,127,28,6,56,69,50,98" hai2="102,75,93,116,115,32,35,100,83,126,46,51,70" hai3="47,112,134,53,108,49,2,96,104,1,97,88,20"/><U121/><E69/><V21/><F116/><W52/><G112/><T68/><D120/><U55/><E121/><V77/><F70/><W118/><G134/><T124/><D124/><U0/><E127/><V67/><F67/><W60/><G118/><T62/><D131/><U27/><E19/><V26/><F126/><W59/><G108/><T65/><D71/><U16/><E16/><V23/><F23/><W17/><G97/><T101/><D36/><U18/><E18/><V128/><F128/><W43/><G43/><T45/><D45/><U8/><E6/><V113/><F21/><W41/><G41/><T39/><D39/><U13/><E0/><V33/><F26/><W119/><G119/><T72/><D72/><U81/><E27/><V114/><F93/><N who="3" m="56359" /><G104/><T125/><D125/><U105/><E105/><V29/><F29/><N who="1" m="11369" /><E79/><V87/><REACH who="2" step="1"/><F75/><REACH who="2" ten="256,438,190,106" step="2"/><W40/><G40/><AGARI ba="0,1" hai="32,33,35,40,46,51,77,83,87,100,102,113,114,115" machi="40" ten="50,8000,1" yaku="1,1,2,1,15,1,11,1,53,1" doraHai="122" doraHaiUra="38" who="2" fromWho="3" sc="256,0,438,0,190,90,106,-80" /><INIT seed="6,0,0,2,3,96" ten="256,438,280,26" oya="2" hai0="46,126,121,61,101,85,111,20,29,0,31,32,22" hai1="57,95,89,72,44,56,52,134,92,49,83,25,71" hai2="84,123,50,78,16,97,14,28,104,34,39,65,133" hai3="69,33,21,86,68,67,60,102,106,37,24,127,117"/><V94/><F39/><W93/><G117/><T114/><D32/><U42/><E71/><V73/><F123/><W110/><G127/><T18/><D111/><U19/><E134/><V11/><F133/><W132/><G110/><T100/><D0/><U124/><E124/><V8/><F65/><W2/><G132/><T75/><D75/><U64/><E64/><V120/><F120/><W26/><G2/><T5/><D5/><U129/><E129/><V128/><F128/><W98/><G37/><T15/><D121/><U45/><E57/><V77/><F28/><N who="0" m="10826" /><D114/><U66/><E66/><V1/><F34/><W63/><G33/><T130/><D61/><U27/><E45/><V30/><F30/><W40/><G40/><T74/><D74/><U48/><E72/><V54/><F104/><W103/><G63/><T88/><D126/><U4/><E4/><V122/><F73/><W59/><G21/><N who="0" m="8299" /><D46/><U79/><E19/><V55/><F122/><W113/><G113/><T17/><D130/><U108/><E108/><V3/><F84/><W9/><G9/><N who="0" m="6383" /><D18/><U107/><E107/><V118/><F118/><W47/><G47/><T125/><D125/><U13/><E13/><N who="2" m="7207" /><F1/><W38/><G38/><T76/><D76/><N who="2" m="29290" /><F50/><W6/><G6/><T51/><D51/><U90/><E79/><V109/><F3/><W23/><G23/><T119/><D119/><U53/><E48/><V62/><F62/><W81/><G69/><T99/><D99/><U10/><E49/><V135/><F135/><W41/><G68/><T131/><D131/><U7/><E44/><V80/><F109/><RYUUKYOKU ba="0,0" sc="256,30,438,-10,280,-10,26,-10" hai0="85,88,100,101" /><INIT seed="7,1,0,1,2,135" ten="286,428,270,16" oya="3" hai0="88,59,70,124,83,111,87,116,113,95,77,121,8" hai1="132,118,97,23,130,84,75,39,36,85,47,38,81" hai2="32,69,17,61,114,115,73,56,21,7,4,51,50" hai3="126,99,25,13,103,131,53,43,58,71,107,89,80"/><W127/><G71/><T49/><D70/><U12/><E132/><V44/><F73/><W57/><G131/><T28/><D111/><U34/><E34/><V52/><F32/><W129/><G129/><T96/><D116/><U120/><E120/><V0/><F69/><W54/><G43/><T106/><D121/><U14/><E130/><V10/><F7/><W24/><G13/><T90/><D113/><N who="2" m="43018" /><F44/><W27/><G89/><T62/><D124/><N who="3" m="47657" /><G80/><T123/><D123/><U67/><E118/><V19/><F17/><W15/><G15/><AGARI ba="1,0" hai="0,4,10,15,19,21,50,51,52,56,61" m="43018" machi="15" ten="30,2000,0" yaku="15,1,54,1" doraHai="135" who="2" fromWho="3" sc="286,0,428,0,270,23,16,-23" owari="286,-11.4,428,52.8,293,9.3,-7,-50.7" /></mjloggm>