<mjloggm ver="2.3"><GO type="169" lobby="0"/><UN n0="%E4%BE%8D" n1="%E3%81%9F%E3%81%8B%E3%81%A3%E3%81%A6%E3%81%83%E3%83%BC" n2="%4D%4A%E3%82%A2%E3%83%B3%E3%82%B0%E3%83%A9%E3%83%BC" n3="%E7%94%9F%E3%81%97%E3%82%89%E3%81%99" dan="18,18,16,16" rate="2257.29,2188.07,2068.03,2112.02" sx="M,F,M,M"/><TAIKYOKU oya="0"/><INIT seed="0,0,0,5,2,131" ten="250,250,250,250" oya="0" hai0="24,53,8,61,29,39,101,130,117,59,75,124,46" hai1="11,23,0,98,51,42,126,16,58,63,38,52,45" hai2="90,32,106,37,77,28,92,54,80,25,118,35,93" hai3="129,120,74,112,10,41,103,44,48,81,95,7,36"/><T104/><D117/><U9/><E126/><V69/><F106/><W133/><G112/><T50/><D75/><U13/><E0/><V111/><F69/><W1/><G129/><T17/><D130/><U64/><REACH who="1" step="1"/><E98/><REACH who="1" ten="250,240,250,250" step="2"/><V2/><F118/><W6/><G120/><T102/><D124/><U82/><E82/><V79/><F2/><W27/><G81/><T83/><D83/><U122/><E122/><V22/><F79/><W34/><G1/><T109/><D109/><U87/><E87/><V116/><F111/><W71/><G74/><T15/><D104/><U107/><E107/><V66/><F116/><W49/><G95/><T85/><D85/><U134/><E134/><V76/><F93/><W65/><G133/><T114/><D114/><U115/><E115/><V123/><F77/><W70/><G71/><AGARI ba="0,1" hai="9,11,13,16,23,38,42,45,51,52,58,63,64,71" machi="71" ten="30,12000,2" yaku="1,1,7,1,24,2,54,2,53,0" doraHai="131" doraHaiUra="88" who="1" fromWho="3" sc="250,0,240,130,250,0,250,-120" /><INIT seed="1,0,0,2,3,126" ten="250,370,250,130" oya="1" hai0="7,71,3,12,109,29,6,75,37,9,125,92,107" hai1="30,100,39,16,65,98,111,130,103,119,70,54,88" hai2="124,55,20,22,112,89,62,27,105,33,120,101,86" hai3="8,74,44,72,4,17,68,1,56,5,25,26,73"/><U28/><E119/><V83/><F124/><W47/><G68/><T49/><D125/><U43/><E111/><V106/><F120/><W60/><G5/><T67/><D37/><U122/><E122/><V2/><F2/><W24/><REACH who="3" step="1"/><G17/><REACH who="3" ten="250,370,250,120" step="2"/><T57/><D71/><U32/><E16/><V61/><F112/><W76/><G76/><T58/><D6/><U135/><E70/><V78/><F33/><W46/><G46/><T64/><D7/><U53/><E32/><V14/><F78/><W59/><G59/><T81/><D58/><U114/><E114/><V51/><F62/><W131/><G131/><T10/><D57/><U115/><E130/><V63/><F63/><W116/><G116/><T99/><D3/><U0/><E0/><V15/><F61/><W11/><G11/><T96/><D9/><U110/><E115/><V41/><F22/><W45/><G45/><T129/><D10/><U79/><E79/><V90/><F20/><W123/><G123/><T94/><D129/><U77/><E77/><V91/><F51/><W21/><G21/><T133/><D49/><U127/><E127/><V117/><F117/><W36/><G36/><T13/><D75/><U80/><E39/><V104/><F86/><W31/><G31/><T97/><D29/><U108/><E28/><V95/><F83/><W134/><G134/><T82/><D133/><U19/><E30/><V93/><F41/><W23/><G23/><T128/><D128/><U87/><E135/><V102/><F55/><AGARI ba="0,1" hai="1,4,8,24,25,26,44,47,55,56,60,72,73,74" machi="55" ten="50,1600,0" yaku="1,1,53,0" doraHai="126" doraHaiUra="84" who="3" fromWho="2" sc="250,0,370,0,250,-16,120,26" /><INIT seed="2,0,0,0,4,34" ten="250,370,234,146" oya="2" hai0="80,63,13,125,110,65,120,42,24,101,103,116,27" hai1="9,85,111,68,84,32,96,76,107,28,3,53,118" hai2="19,47,87,129,104,11,33,48,58,55,22,29,82" hai3="35,73,69,90,135,126,134,20,132,2,12,117,45"/><V92/><F104/><W6/><G69/><T8/><D120/><U36/><E118/><V43/><F129/><W10/><G73/><T88/><D110/><U39/><E68/><V5/><F33/><W108/><G117/><T51/><D125/><U25/><E111/><V114/><F29/><W60/><G108/><T17/><D116/><U89/><E53/><V74/><F74/><W113/><G60/><T94/><D80/><U130/><E130/><V46/><F114/><W15/><G113/><T64/><D42/><U122/><E122/><V56/><F56/><W78/><G78/><T14/><D51/><U97/><E76/><V52/><F55/><W21/><G90/><T105/><D14/><N who="3" m="5161" /><G45/><T62/><D105/><U37/><E107/><V115/><F115/><W18/><G126/><T7/><D63/><U77/><E77/><V1/><F43/><W71/><G71/><T112/><D112/><U133/><E133/><V50/><F50/><W91/><G91/><T79/><D79/><U4/><REACH who="1" step="1"/><E85/><REACH who="1" ten="250,360,234,146" step="2"/><V40/><F40/><W41/><G41/><T119/><D119/><U54/><E54/><V86/><F87/><W59/><G59/><T31/><D64/><U75/><E75/><V67/><F67/><W16/><G35/><N who="0" m="20967" /><D65/><U98/><E98/><V127/><F127/><W83/><G83/><AGARI ba="0,1" hai="3,4,9,25,28,32,36,37,39,83,84,89,96,97" machi="83" ten="40,2600,0" yaku="1,1,52,1,53,0" doraHai="34" doraHaiUra="109" who="1" fromWho="3" sc="250,0,360,36,234,0,146,-26" /><INIT seed="3,0,0,0,5,47" ten="250,396,234,120" oya="3" hai0="94,16,15,60,135,78,65,75,122,128,10,99,6" hai1="62,22,46,35,111,48,27,55,97,51,82,84,20" hai2="57,116,25,113,134,3,26,98,40,101,30,76,81" hai3="63,32,104,95,50,89,38,5,96,129,67,28,73"/><W115/><G129/><T71/><D122/><U52/><E111/><V72/><F116/><W17/><G115/><T11/><D135/><U0/><E0/><V13/><F134/><W107/><G38/><T1/><D128/><U91/><E62/><V119/><F119/><W53/><G73/><T102/><D78/><U45/><E97/><V8/><F3/><W58/><G5/><T90/><REACH who="0" step="1"/><D75/><REACH who="0" ten="240,396,234,120" step="2"/><U80/><E80/><V123/><F123/><W23/><G32/><T37/><D37/><U88/><E91/><AGARI ba="0,1" hai="1,6,10,11,15,16,60,65,71,90,91,94,99,102" machi="91" ten="40,2600,0" yaku="1,1,54,1,53,0" doraHai="47" doraHaiUra="44" who="0" fromWho="1" sc="240,36,396,-26,234,0,120,0" /><INIT seed="4,0,0,4,0,18" ten="276,370,234,120" oya="0" hai0="98,59,1,120,130,67,13,38,64,60,42,115,25" hai1="17,32,51,19,125,56,84,81,15,8,36,21,97" hai2="91,78,47,23,103,76,5,63,55,131,109,4,74" hai3="65,57,75,85,126,108,82,77,2,104,40,6,117"/><T66/><D1/><U132/><E36/><V28/><F109/><W48/><G108/><T89/><D120/><U90/><E32/><V121/><F121/><W22/><G126/><T102/><D115/><U26/><E125/><V31/><F103/><W110/><G110/><T14/><D130/><U119/><E119/><V112/><F112/><W105/><G117/><T0/><D0/><U54/><E132/><V99/><F74/><W95/><G65/><T71/><D89/><U92/><E97/><V128/><F63/><W114/><G114/><T12/><D38/><U53/><E53/><V10/><F10/><W96/><G75/><T41/><D25/><U24/><E24/><V69/><F69/><W62/><G2/><T100/><D71/><U20/><E8/><V29/><F91/><W61/><G6/><N who="2" m="2665" /><F99/><W107/><G40/><N who="0" m="15467" /><D98/><U30/><E30/><N who="2" m="11883" /><F131/><W52/><REACH who="3" step="1"/><G22/><REACH who="3" ten="276,370,234,110" step="2"/><T80/><D80/><AGARI ba="0,1" hai="15,17,19,20,21,26,51,54,56,80,81,84,90,92" machi="80" ten="40,8000,1" yaku="25,2,8,1,52,2" doraHai="18" who="1" fromWho="0" sc="276,-80,370,90,234,0,110,0" /><INIT seed="5,0,0,4,0,81" ten="196,460,234,110" oya="1" hai0="90,102,8,17,3,111,9,11,76,27,18,4,132" hai1="36,28,112,100,43,108,29,1,85,39,19,99,13" hai2="14,26,37,84,15,107,94,131,74,86,69,66,70" hai3="92,62,96,41,25,61,33,67,128,89,5,97,57"/><U71/><E1/><V73/><F37/><W31/><G128/><T49/><D76/><U110/><E71/><V48/><F48/><W113/><G113/><T129/><D102/><U98/><E112/><V20/><F107/><W77/><G41/><T12/><D111/><U51/><E51/><V103/><F103/><W2/><G77/><T47/><D129/><U56/><E56/><V21/><F131/><W91/><G2/><T10/><D132/><U54/><E54/><V16/><F66/><W120/><G120/><T52/><D18/><U133/><E133/><V44/><F44/><W38/><G5/><T60/><D27/><U24/><E24/><V95/><F26/><W40/><G91/><T116/><D116/><U80/><E19/><AGARI ba="0,0" hai="14,15,16,19,20,21,69,70,73,74,84,86,94,95" machi="19" ten="25,8000,1" yaku="22,2,52,2,54,1" doraHai="81" who="2" fromWho="1" sc="196,0,460,-80,234,80,110,0" /><INIT seed="6,0,0,3,0,59" ten="196,380,314,110" oya="2" hai0="14,69,125,107,77,0,83,118,132,115,51,28,87" hai1="45,50,17,89,80,124,117,100,113,29,93,66,8" hai2="39,42,94,120,27,116,53,6,63,133,26,72,12" hai3="114,60,122,105,13,23,73,44,98,47,9,79,78"/><V11/><F120/><W40/><G122/><T58/><D0/><U21/><E117/><V65/><F116/><W129/><G129/><T52/><D118/><U75/><E113/><V10/><F72/><W56/><G114/><T108/><D115/><U88/><E124/><V102/><F53/><W4/><G73/><T109/><D107/><U82/><E29/><V74/><F74/><W84/><G23/><T19/><D132/><U97/><E8/><V3/><F133/><W70/><G70/><T92/><D125/><U16/><E66/><V5/><F42/><W135/><G135/><T37/><D37/><U85/><E21/><V103/><F39/><W48/><G44/><T15/><D69/><U71/><E71/><V111/><F111/><W91/><G98/><T24/><D92/><U112/><E112/><V38/><F38/><W119/><G105/><T106/><D106/><U131/><E131/><V18/><F18/><N who="1" m="7273" /><E75/><V96/><F103/><W121/><G121/><T101/><D101/><U81/><E89/><V62/><F62/><W90/><G90/><T130/><D130/><U67/><E67/><V110/><F110/><W61/><G119/><T22/><REACH who="0" step="1"/><D14/><REACH who="0" ten="186,380,314,110" step="2"/><U86/><E100/><V35/><F12/><W20/><G20/><AGARI ba="0,1" hai="15,19,20,22,24,28,51,52,58,77,83,87,108,109" machi="20" ten="30,7700,0" yaku="1,1,2,1,7,1,54,1,53,0" doraHai="59" doraHaiUra="95" who="0" fromWho="3" sc="186,87,380,0,314,0,110,-77" /><INIT seed="7,0,0,1,5,82" ten="273,380,314,33" oya="3" hai0="53,68,26,70,85,86,81,107,134,109,59,97,102" hai1="61,6,25,41,17,118,83,117,30,1,28,71,133" hai2="119,108,49,122,11,31,123,90,15,101,80,111,89" hai3="129,37,2,84,105,128,52,77,7,56,76,135,43"/><W113/><G113/><T42/><D109/><U100/><E133/><V5/><F119/><N who="1" m="45577" /><E100/><V18/><F101/><W72/><G105/><T36/><D134/><U114/><E114/><V132/><F132/><W38/><G135/><T94/><D36/><N who="3" m="13929" /><G43/><T121/><D121/><N who="2" m="46090" /><F31/><W126/><G126/><T64/><D42/><U95/><E41/><V48/><F18/><W87/><G7/><T58/><D64/><N who="1" m="41359" /><E95/><V63/><F63/><N who="3" m="36231" /><G2/><T22/><D59/><U40/><E40/><V10/><F10/><W99/><G99/><T34/><D34/><U66/><E6/><V27/><F27/><W65/><G65/><T9/><D9/><U93/><E66/><V32/><F32/><W13/><G13/><T120/><D107/><U91/><E1/><V96/><F111/><W8/><G8/><T106/><D106/><U55/><E17/><V19/><F19/><W60/><G60/><T116/><D120/><U20/><E30/><V110/><F110/><W62/><G62/><N who="0" m="36175" /><D68/><U47/><E28/><V115/><F115/><W12/><G12/><T44/><D70/><U73/><E25/><V16/><F5/><W21/><G21/><T104/><D116/><U23/><E23/><V103/><F108/><W0/><G0/><T112/><D112/><U69/><E20/><V88/><F80/><N who="3" m="47111" /><G72/><T130/><D104/><AGARI ba="0,0" hai="11,15,16,48,49,88,89,90,96,103,104" m="46090" machi="104" ten="30,3900,0" yaku="13,1,54,2" doraHai="82" who="2" fromWho="0" sc="273,-39,380,0,314,39,33,0" owari="234,-16.6,380,48.0,353,15.3,33,-46.7" /></mjloggm>