<mjloggm ver="2.3"><GO type="169" lobby="0"/><UN n0="%6D%61%6A%75%6E%69%61" n1="%E3%82%A8%E3%82%B9%E3%82%B1%E3%83%BC%2E" n2="%E3%81%BE%E3%82%8B%E3%81%A8%E3%83%BC" n3="%E7%89%A7%E5%A0%B4%E3%81%AE%E5%B0%91%E5%A5%B3" dan="16,17,16,17" rate="2135.91,2174.87,2062.18,2188.99" sx="M,M,M,F"/><TAIKYOKU oya="0"/><INIT seed="0,0,0,4,5,133" ten="250,250,250,250" oya="0" hai0="5,128,111,0,24,65,47,69,83,108,3,2,115" hai1="15,68,49,77,70,18,4,101,6,63,94,33,103" hai2="135,92,27,64,114,35,58,99,62,134,79,125,57" hai3="31,90,118,20,21,88,17,110,104,28,34,66,102"/><T50/><D115/><U132/><E33/><V96/><F114/><W51/><G118/><T130/><D5/><U52/><E132/><N who="2" m="50731" /><F79/><W29/><G34/><T59/><D69/><U120/><E120/><V9/><F9/><W53/><G110/><N who="0" m="42027" /><D83/><U54/><E77/><V30/><F125/><W105/><G66/><T61/><D24/><U93/><E49/><V25/><F25/><W48/><G102/><T87/><D87/><U82/><E82/><V22/><F35/><W32/><G32/><T76/><D76/><U41/><E15/><V106/><F106/><W80/><G48/><T126/><D126/><U13/><E13/><V91/><F99/><W124/><G124/><T26/><D26/><U19/><E41/><AGARI ba="0,0" hai="0,2,3,41,47,50,59,61,65,128,130" m="42027" machi="41" ten="40,3900,0" yaku="14,1,10,1" doraHai="133" who="0" fromWho="1" sc="250,39,250,-39,250,0,250,0" /><INIT seed="0,1,0,2,2,112" ten="289,211,250,250" oya="0" hai0="8,125,87,58,25,117,24,20,61,107,6,42,100" hai1="75,11,37,27,12,47,29,26,106,135,38,110,94" hai2="48,96,5,113,23,93,31,40,44,50,115,91,126" hai3="13,82,74,118,2,60,119,78,79,53,101,123,62"/><T70/><D70/><U72/><E106/><V81/><F126/><W73/><G2/><T68/><D68/><U46/><E110/><V54/><F5/><W92/><G123/><T52/><D125/><U102/><E135/><V10/><F10/><W36/><G36/><T97/><D42/><U56/><E56/><V43/><F81/><W7/><G7/><T28/><D87/><U98/><E37/><V30/><F43/><W4/><G4/><T121/><D121/><U114/><E114/><V45/><F31/><W84/><G13/><T9/><D117/><U17/><E26/><V33/><F33/><W95/><G84/><T99/><D99/><U83/><E38/><V19/><F30/><W103/><REACH who="3" step="1"/><G53/><REACH who="3" ten="289,211,250,240" step="2"/><T71/><D25/><AGARI ba="1,1" hai="19,23,25,40,44,45,48,50,54,91,93,96,113,115" machi="25" ten="30,1000,0" yaku="7,1" doraHai="112" who="2" fromWho="0" sc="289,-13,211,0,250,23,240,0" /><INIT seed="1,0,0,2,4,88" ten="276,211,273,240" oya="1" hai0="46,28,41,97,32,36,86,34,129,93,78,58,3" hai1="105,89,65,117,96,6,49,123,30,85,0,109,125" hai2="84,21,33,16,90,52,42,87,110,20,22,122,92" hai3="29,37,106,73,60,24,25,19,2,69,102,31,38"/><U45/><E123/><V95/><F122/><W94/><G73/><T9/><D129/><U118/><E125/><V74/><F33/><W127/><G127/><T115/><D115/><U108/><E65/><V17/><F74/><W103/><G19/><N who="2" m="7241" /><F42/><W56/><G2/><T100/><D28/><U61/><E30/><V116/><F116/><W72/><G72/><T99/><D58/><U14/><E0/><V67/><F67/><W47/><G47/><T8/><D8/><N who="1" m="4375" /><E61/><V43/><F43/><W114/><G56/><T126/><D126/><U51/><E96/><N who="2" m="57367" /><F110/><N who="1" m="42601" /><E105/><V134/><F134/><W70/><G60/><T68/><D68/><U64/><E64/><V35/><F35/><W98/><G98/><T71/><D71/><U15/><E15/><V107/><F107/><W119/><G106/><T66/><D66/><U1/><E1/><V54/><F95/><W132/><G94/><T91/><D99/><U104/><E104/><V18/><F18/><W101/><G101/><T124/><D124/><U75/><E75/><V82/><F87/><W62/><G62/><T133/><D133/><U131/><E131/><V121/><F121/><W40/><G132/><T120/><D120/><U63/><E63/><V12/><F12/><W48/><G119/><N who="1" m="45578" /><E45/><V128/><F128/><W7/><G7/><T76/><D3/><U5/><E5/><V10/><F10/><W50/><G114/><T57/><D9/><U130/><E130/><V81/><F84/><W11/><G11/><T59/><D86/><U135/><E135/><V53/><AGARI ba="0,0" hai="20,21,22,52,53,54,81,82" m="57367,7241" machi="53" ten="40,8000,1" yaku="8,1,52,1,54,2" doraHai="88" who="2" fromWho="2" sc="276,-20,211,-40,273,80,240,-20" /><INIT seed="2,0,0,5,0,125" ten="256,171,353,220" oya="2" hai0="51,92,20,19,116,61,106,84,52,7,119,94,44" hai1="86,53,67,62,121,22,60,135,25,66,26,88,109" hai2="115,99,113,43,8,131,72,28,127,57,14,41,128" hai3="9,68,4,71,130,122,0,123,75,114,77,47,40"/><V83/><F28/><W110/><G110/><T80/><D106/><U118/><E121/><V132/><F99/><W108/><G108/><T56/><D7/><U79/><E109/><V96/><F96/><W65/><G114/><T35/><D35/><U11/><E118/><V1/><F1/><W81/><G130/><N who="2" m="49705" /><F127/><W111/><G111/><T85/><D85/><U48/><E79/><N who="2" m="44519" /><F57/><W45/><G45/><T73/><D73/><U31/><E135/><V3/><F3/><W55/><G55/><T12/><D116/><U29/><E11/><V78/><F78/><W95/><G95/><T129/><D129/><U23/><E66/><V13/><F132/><W42/><G65/><T46/><D46/><N who="1" m="27799" /><E67/><V39/><F39/><W90/><G123/><T18/><D119/><U34/><E34/><V98/><F98/><W112/><G122/><T27/><D56/><U87/><E87/><V32/><F32/><W37/><G77/><T17/><D61/><U63/><E60/><V100/><F100/><W30/><G30/><T124/><D124/><U6/><E6/><N who="2" m="3223" /><F14/><W76/><G76/><T10/><REACH who="0" step="1"/><D19/><REACH who="0" ten="246,171,353,220" step="2"/><U36/><E36/><V134/><F134/><W2/><G4/><T33/><D33/><U89/><E86/><V82/><F82/><W103/><G81/><T54/><D54/><U97/><E97/><V64/><F64/><W102/><G75/><T5/><D5/><U117/><E117/><V16/><F16/><W69/><G0/><T101/><D101/><U21/><E21/><V105/><F105/><W70/><G2/><T38/><D38/><U50/><E50/><RYUUKYOKU ba="0,1" sc="246,10,171,10,353,10,220,-30" hai0="10,12,17,18,20,27,44,51,52,80,84,92,94" hai1="22,23,25,26,29,31,62,63,88,89" hai2="41,43,113,115" /><INIT seed="2,1,1,5,3,25" ten="256,181,363,190" oya="2" hai0="56,98,92,68,124,67,74,15,109,97,79,83,96" hai1="47,130,90,2,0,4,17,99,133,95,85,70,73" hai2="128,114,60,37,69,39,12,122,108,38,91,9,111" hai3="35,75,55,26,16,102,33,46,125,24,101,65,40"/><V110/><F122/><W89/><G125/><T1/><D1/><U45/><E73/><V62/><F114/><W81/><G65/><T23/><D109/><U27/><E70/><V113/><F113/><W42/><G55/><T28/><D124/><U71/><E71/><V61/><F128/><W119/><G119/><T43/><D43/><U13/><E130/><V72/><F72/><W132/><G132/><T127/><D127/><U94/><E133/><V59/><F69/><W14/><G33/><T88/><D68/><U106/><E106/><V44/><F91/><W78/><G89/><T93/><D15/><U48/><E4/><N who="2" m="3111" /><F44/><W117/><G40/><T135/><D135/><U118/><E118/><V80/><F80/><W121/><G121/><T103/><D97/><U31/><E0/><V112/><F112/><W131/><G131/><T11/><D11/><N who="1" m="6335" /><E2/><V49/><F49/><W63/><G63/><T8/><D8/><U107/><E107/><V5/><F5/><W64/><G117/><T18/><D67/><AGARI ba="1,1" hai="37,38,39,59,60,61,62,67,108,110,111" m="3111" machi="67" ten="40,3900,0" yaku="14,1,10,1" doraHai="25" who="2" fromWho="0" sc="256,-42,181,0,363,52,190,0" /><INIT seed="2,2,0,0,3,98" ten="214,181,415,190" oya="2" hai0="134,104,103,45,133,102,12,24,128,100,26,17,42" hai1="62,125,77,56,29,97,1,88,118,116,111,10,35" hai2="122,59,55,121,52,7,61,90,51,58,70,14,28" hai3="119,25,81,65,106,43,89,16,109,3,112,131,33"/><V39/><F39/><W46/><G119/><T99/><D128/><U40/><E111/><V31/><F70/><W34/><G3/><T0/><D0/><U21/><E35/><V110/><F110/><W49/><G109/><T30/><D99/><U32/><E32/><V123/><REACH who="2" step="1"/><F90/><REACH who="2" ten="214,181,405,190" step="2"/><W114/><G112/><T41/><D104/><U135/><E88/><V23/><F23/><W19/><G114/><T8/><D30/><U22/><E22/><V80/><F80/><W126/><G33/><T73/><D73/><U86/><E21/><V4/><F4/><W48/><G131/><T78/><D78/><U18/><E77/><V107/><F107/><W82/><G82/><T115/><D115/><U129/><E29/><V105/><F105/><W64/><G106/><T74/><D74/><U66/><E129/><V94/><F94/><W92/><G81/><T87/><D87/><U20/><E86/><V124/><F124/><W57/><G126/><T15/><D15/><U44/><E125/><V95/><F95/><W71/><G71/><T38/><REACH who="0" step="1"/><D42/><REACH who="0" ten="204,181,405,190" step="2"/><U72/><E40/><V2/><F2/><W54/><G34/><T113/><D113/><U53/><E1/><V60/><F60/><W93/><G43/><T37/><D37/><U96/><E62/><V108/><F108/><W9/><G25/><AGARI ba="2,2" hai="8,12,17,24,25,26,38,41,45,100,102,103,133,134" machi="25" ten="40,8000,1" yaku="1,1,52,3,53,0" doraHai="98" doraHaiUra="85" who="0" fromWho="3" sc="204,106,181,0,405,0,190,-86" /><INIT seed="3,0,0,2,0,25" ten="310,181,405,104" oya="3" hai0="19,12,114,17,0,82,10,27,34,53,32,111,65" hai1="120,22,20,15,104,86,39,92,116,14,55,101,7" hai2="41,126,28,62,105,68,131,106,113,33,87,5,90" hai3="57,23,18,63,97,108,129,4,8,133,60,96,83"/><W50/><G133/><T119/><D65/><U49/><E120/><V115/><F41/><W30/><G129/><T37/><D37/><U124/><E39/><V35/><F5/><W122/><G122/><T109/><D82/><U36/><E104/><V95/><F35/><N who="0" m="13354" /><D53/><U74/><E36/><V21/><F33/><W121/><G121/><T79/><D79/><U85/><E74/><V103/><F131/><W112/><G112/><T72/><D72/><U134/><E116/><V64/><F126/><W70/><G108/><N who="0" m="41547" /><D0/><U13/><E124/><V58/><F68/><W132/><G132/><T128/><D128/><U66/><E66/><V31/><F106/><W107/><G83/><T93/><D93/><U77/><E7/><V127/><F127/><W38/><G38/><T2/><D2/><U51/><E134/><V123/><F123/><W6/><G70/><T78/><D78/><U125/><E125/><V11/><F105/><W130/><G50/><N who="1" m="18954" /><E55/><V73/><F73/><W43/><G43/><T42/><D42/><U3/><E3/><V9/><F103/><W52/><G63/><T76/><D76/><U99/><E77/><V46/><F46/><W56/><G56/><T135/><D135/><U59/><E59/><V71/><F71/><W89/><G130/><T100/><D100/><U45/><E45/><V110/><F110/><W102/><G89/><T67/><D67/><U48/><N who="1" m="18962" /><U75/><DORA hai="29" /><E75/><V69/><F69/><W98/><G102/><T1/><D1/><U61/><E61/><V54/><F64/><W94/><G57/><T47/><D119/><RYUUKYOKU ba="0,0" sc="310,-10,181,30,405,-10,104,-10" hai1="13,14,15,20,22,85,86,92,99,101" /><INIT seed="4,1,0,2,4,27" ten="300,211,395,94" oya="0" hai0="26,65,0,19,58,115,67,66,77,81,109,75,36" hai1="30,7,12,70,62,101,39,22,119,4,40,99,18" hai2="117,2,130,68,97,35,122,79,84,50,124,11,131" hai3="24,16,33,127,133,52,74,63,61,78,88,129,80"/><T31/><D115/><U76/><E119/><V102/><F68/><W103/><G103/><T46/><D109/><U94/><E76/><V59/><F122/><W48/><G133/><T110/><D110/><U90/><E39/><V13/><F2/><W134/><G134/><T21/><D0/><U111/><E111/><V86/><F35/><W108/><G108/><T105/><D105/><U89/><E40/><V82/><F124/><W10/><G127/><T126/><D126/><U3/><E3/><V113/><F113/><W42/><G42/><T104/><D104/><U9/><E70/><V118/><F50/><W5/><G129/><N who="2" m="49161" /><F59/><W43/><G43/><T44/><D36/><U87/><E62/><V83/><F13/><W69/><G69/><T85/><D58/><U60/><E60/><V45/><F11/><W73/><G73/><T95/><D75/><U132/><E132/><V20/><F20/><W64/><G64/><T28/><REACH who="0" step="1"/><D95/><REACH who="0" ten="290,211,395,94" step="2"/><U49/><E94/><N who="2" m="58679" /><F45/><AGARI ba="1,1" hai="19,21,26,28,31,44,45,46,65,66,67,77,81,85" machi="45" ten="40,12000,1" yaku="1,1,8,1,52,2,53,0" doraHai="27" doraHaiUra="128" who="0" fromWho="2" sc="290,133,211,0,395,-123,94,0" /><INIT seed="4,2,0,3,3,76" ten="423,211,272,94" oya="0" hai0="54,109,29,98,131,51,74,56,83,20,77,78,40" hai1="75,39,112,11,37,129,119,62,117,67,36,0,72" hai2="49,7,24,115,107,89,116,104,5,100,127,22,124" hai3="45,118,90,73,33,13,70,99,66,42,63,27,91"/><T41/><D109/><U43/><E129/><V58/><F115/><W60/><G118/><T1/><D131/><U79/><E112/><V105/><F116/><W96/><G13/><T50/><D1/><U121/><E121/><V15/><F100/><W35/><G73/><T92/><D77/><U132/><E132/><V10/><F5/><W53/><G53/><T61/><D51/><U133/><E133/><V101/><F101/><W18/><G18/><T130/><D130/><U82/><E72/><V81/><F58/><W108/><G108/><T26/><REACH who="0" step="1"/><D61/><REACH who="0" ten="413,211,272,94" step="2"/><U64/><E117/><V69/><F49/><W85/><G60/><T71/><D71/><N who="1" m="42391" /><E119/><V55/><F69/><W106/><G63/><T88/><AGARI ba="2,1" hai="20,26,29,40,41,50,54,56,74,78,83,88,92,98" machi="88" ten="20,18000,2" yaku="1,1,0,1,7,1,52,1,54,1,53,1" doraHai="76" doraHaiUra="94" who="0" fromWho="0" sc="413,196,211,-62,272,-62,94,-62" /><INIT seed="4,3,0,3,5,74" ten="609,149,210,32" oya="0" hai0="82,129,47,4,97,37,68,66,106,104,64,30,79" hai1="23,17,1,50,114,29,81,131,116,3,25,21,76" hai2="56,39,20,118,119,35,110,40,121,73,75,54,80" hai3="83,31,61,42,49,72,71,12,10,36,117,98,120"/><T6/><D129/><U24/><E116/><N who="2" m="44587" /><F110/><W132/><G117/><T59/><D68/><U46/><E131/><V62/><F121/><W94/><G36/><T32/><D37/><U27/><E27/><V70/><F35/><W55/><G31/><T52/><D47/><U34/><E34/><V124/><F124/><W99/><G132/><T103/><D32/><U9/><E9/><V13/><F70/><W105/><G105/><T96/><D30/><U112/><E1/><V41/><F39/><W134/><G134/><T5/><D97/><U102/><E102/><V111/><F111/><W86/><G72/><N who="2" m="27721" /><F80/><W130/><G130/><T87/><REACH who="0" step="1"/><D106/><REACH who="0" ten="599,149,210,32" step="2"/><U16/><E29/><V127/><F127/><W123/><G123/><T15/><D15/><U88/><E3/><V38/><F38/><W92/><G120/><T89/><D89/><U69/><E88/><V44/><F44/><N who="3" m="28071" /><G71/><T108/><D108/><U0/><E0/><V85/><F13/><W43/><G99/><T8/><D8/><U22/><E69/><V28/><F28/><W135/><G135/><T78/><D78/><U84/><REACH who="1" step="1"/><E22/><REACH who="1" ten="599,139,210,32" step="2"/><V19/><F20/><W14/><G14/><T101/><D101/><U51/><E51/><AGARI ba="3,2" hai="4,5,6,51,52,59,64,66,79,82,87,96,103,104" machi="51" ten="40,7700,0" yaku="1,1,52,1,54,1,53,0" doraHai="74" doraHaiUra="65" who="0" fromWho="1" sc="599,106,139,-86,210,0,32,0" /><INIT seed="4,4,0,0,2,28" ten="705,53,210,32" oya="0" hai0="7,127,1,24,108,17,10,48,38,117,84,79,126" hai1="20,19,29,18,133,83,34,116,97,91,65,52,78" hai2="12,69,44,85,90,0,106,54,107,129,57,14,9" hai3="66,92,60,71,45,86,22,43,13,33,131,4,39"/><T42/><D117/><U31/><E116/><V125/><F69/><W109/><G109/><T80/><D108/><U104/><E133/><V73/><F73/><W132/><G132/><T58/><D38/><U134/><E65/><V50/><F125/><N who="0" m="47626" /><D17/><U6/><E134/><V128/><F0/><W74/><G74/><T98/><D98/><U118/><E118/><V75/><F75/><W103/><G131/><N who="2" m="50249" /><F57/><W61/><G61/><T47/><D24/><U36/><E6/><N who="2" m="3127" /><F14/><W96/><G86/><T110/><D110/><U3/><E3/><V59/><F59/><AGARI ba="4,0" hai="1,7,10,42,47,48,58,59,79,80,84" m="47626" machi="59" ten="30,1500,0" yaku="18,1" doraHai="28" who="0" fromWho="2" sc="705,27,53,0,210,-27,32,0" /><INIT seed="4,5,0,4,1,29" ten="732,53,183,32" oya="0" hai0="67,88,82,78,23,121,42,57,56,7,100,124,86" hai1="95,40,54,99,102,125,111,14,122,41,28,39,0" hai2="17,118,84,96,4,34,36,11,90,135,85,12,130" hai3="104,131,59,132,127,92,119,13,98,1,32,68,55"/><T58/><D121/><U76/><E0/><V93/><F36/><W24/><G1/><T113/><D113/><U18/><E122/><V2/><F34/><W83/><G119/><T45/><D124/><U64/><E111/><V6/><F118/><W60/><G127/><T74/><D100/><U20/><E125/><V72/><F72/><W105/><G132/><T25/><D7/><U38/><E64/><V5/><F135/><W71/><G131/><T80/><D67/><U97/><E76/><V62/><F130/><W52/><G13/><T91/><D91/><U3/><E3/><V123/><F123/><W128/><G83/><T108/><D108/><U103/><E28/><V65/><REACH who="2" step="1"/><F2/><REACH who="2" ten="732,53,173,32" step="2"/><W89/><G128/><T51/><REACH who="0" step="1"/><D58/><AGARI ba="5,1" hai="4,5,6,11,12,17,58,62,65,84,85,90,93,96" machi="58" ten="40,5200,0" yaku="1,1,2,1,8,1,53,0" doraHai="29" doraHaiUra="126" who="2" fromWho="0" sc="732,-67,53,0,173,77,32,0" /><INIT seed="5,0,0,1,4,98" ten="665,53,250,32" oya="1" hai0="117,130,83,13,128,35,32,56,20,43,59,58,25" hai1="16,96,42,19,36,100,4,12,86,66,118,124,123" hai2="8,3,110,89,60,48,107,33,23,131,71,88,134" hai3="84,69,102,120,26,49,112,93,103,92,64,80,29"/><U24/><E123/><V106/><F110/><W79/><G120/><T68/><D68/><U65/><E118/><V73/><F33/><W77/><G112/><T72/><D13/><U116/><E116/><V55/><F73/><W51/><G64/><T133/><D133/><U22/><E124/><V52/><F3/><W70/><G70/><T125/><D43/><U78/><E4/><V53/><F134/><W121/><G69/><T114/><D114/><U104/><E36/><V44/><F107/><W14/><G79/><N who="0" m="44519" /><D125/><U97/><E42/><V127/><F106/><W47/><G121/><T50/><D50/><N who="3" m="18953" /><G47/><T54/><D54/><N who="2" m="21098" /><F127/><W105/><G105/><T129/><D117/><U95/><E86/><V101/><F71/><W30/><G14/><T7/><D7/><U2/><E78/><V10/><F60/><W87/><G26/><T40/><D40/><U38/><E38/><V0/><F0/><W9/><G9/><N who="2" m="3689" /><F23/><W5/><G5/><T18/><AGARI ba="0,0" hai="18,20,25,32,35,56,58,59,128,129,130" m="44519" machi="18" ten="40,1500,0" yaku="19,1" doraHai="98" who="0" fromWho="0" sc="665,15,53,-7,250,-4,32,-4" /><INIT seed="6,0,0,3,5,34" ten="680,46,246,28" oya="2" hai0="44,47,59,16,113,62,85,0,60,67,70,115,99" hai1="54,127,25,128,103,92,120,94,23,111,46,40,125" hai2="7,117,11,20,88,24,8,64,77,81,123,97,112" hai3="108,10,82,121,83,35,31,21,129,30,22,63,102"/><V131/><F123/><W33/><G108/><T89/><D0/><U107/><E111/><V28/><F117/><W3/><G121/><T130/><D16/><N who="1" m="12519" /><E120/><V52/><F112/><N who="0" m="43082" /><D99/><N who="1" m="61951" /><E54/><V95/><F64/><W61/><G129/><T87/><D87/><U118/><E118/><V69/><F131/><W133/><G102/><T100/><D100/><U104/><E104/><V58/><F69/><W96/><G96/><T80/><D130/><U41/><E41/><V36/><F36/><W79/><G10/><T38/><D38/><N who="1" m="21783" /><E128/><V106/><F106/><W86/><G86/><T51/><D51/><U1/><E1/><V17/><F28/><W90/><G90/><T72/><D72/><U37/><E37/><V91/><F91/><W71/><G71/><T48/><D48/><U4/><E4/><V18/><F18/><W93/><G93/><T74/><D74/><U53/><E53/><AGARI ba="0,0" hai="44,47,53,59,60,62,67,70,80,85,89" m="43082" machi="53" ten="30,1000,0" yaku="15,1" doraHai="34" who="0" fromWho="1" sc="680,10,46,-10,246,0,28,0" /><INIT seed="7,0,0,3,2,112" ten="690,36,246,28" oya="3" hai0="15,52,6,95,82,120,80,35,107,87,100,61,85" hai1="89,21,118,106,68,8,27,51,62,45,126,114,128" hai2="113,14,79,65,109,11,67,123,56,2,74,105,58" hai3="12,93,23,41,134,1,10,72,7,101,90,108,19"/><W86/><G134/><T111/><D111/><U63/><E106/><V42/><F105/><W121/><G121/><T59/><D35/><U69/><E114/><V127/><F2/><W4/><G108/><T54/><D107/><U88/><E126/><V104/><F109/><W3/><G72/><T91/><D120/><U81/><E128/><V60/><F104/><W36/><G101/><T70/><D70/><U135/><E135/><V20/><F113/><W125/><G125/><T48/><D100/><U47/><E118/><V31/><F127/><W55/><G55/><T29/><D87/><U133/><E8/><V46/><F123/><W16/><G19/><T18/><D29/><U9/><E9/><V0/><F0/><W122/><G122/><T73/><D6/><U30/><E133/><V132/><F79/><W102/><G102/><T50/><D50/><U44/><E51/><V97/><F97/><W124/><G124/><T39/><D39/><U13/><E13/><V26/><F74/><W37/><G41/><T34/><D34/><U77/><E68/><V84/><F84/><W110/><REACH who="3" step="1"/><G110/><REACH who="3" ten="690,36,246,18" step="2"/><T75/><D75/><N who="1" m="43199" /><E69/><V94/><F132/><W57/><G57/><T43/><D73/><U40/><E40/><V130/><F42/><W32/><G32/><T25/><D43/><U49/><E49/><V66/><F58/><W83/><G83/><T24/><D80/><U117/><E117/><V96/><F56/><W115/><G115/><T33/><D82/><U99/><E89/><V64/><F64/><W103/><G103/><T53/><D53/><U131/><E131/><RYUUKYOKU ba="0,1" sc="690,-15,36,15,246,-15,18,15" hai1="21,27,30,44,45,47,62,63,88,99" hai3="1,3,4,7,10,12,16,23,36,37,86,90,93" /><INIT seed="7,1,1,5,0,13" ten="675,51,231,33" oya="3" hai0="17,43,31,70,10,78,83,27,99,4,128,73,0" hai1="14,25,58,85,63,79,126,49,90,77,41,124,22" hai2="102,54,111,81,46,125,6,76,93,11,133,26,84" hai3="129,24,51,40,60,55,89,112,36,69,101,38,118"/><W23/><G118/><T74/><D70/><U106/><E106/><V121/><F111/><W68/><G101/><T80/><D43/><U127/><E14/><N who="2" m="5495" /><F121/><W65/><G68/><T7/><D7/><U35/><E35/><V52/><F125/><W135/><G135/><T2/><D2/><U67/><E49/><V110/><F110/><W119/><G119/><T120/><D120/><U47/><E47/><V39/><F39/><W75/><G112/><T109/><D109/><U72/><E41/><V42/><F133/><W19/><G129/><T1/><D128/><U34/><E34/><V48/><F26/><W53/><G75/><T21/><D99/><AGARI ba="1,1" hai="42,46,48,52,54,76,81,84,93,99,102" m="5495" machi="99" ten="30,3900,0" yaku="25,1,8,1,54,1" doraHai="13" who="2" fromWho="0" sc="675,-42,51,0,231,52,33,0" owari="633,73.3,51,-34.9,283,8.3,33,-46.7" /></mjloggm>