<mjloggm ver="2.3"><GO type="169" lobby="0"/><UN n0="%E3%83%95%E3%82%AF%E3%83%80%E3%83%B3%E3%83%81%E3%83%A7" n1="%E5%AF%BF%E4%BA%BA%E6%B5%81%E7%89%8C%E6%89%8B" n2="%E3%81%AA%E3%81%AA%E3%81%BF%EF%BC%A0%E5%8F%B2%E7%9A%AE%E8%BB%8D%E5%9B%A3" n3="%E9%87%A3%E3%82%8A%E6%97%A5%E5%92%8C" dan="16,16,17,18" rate="2136.96,2134.94,2139.66,2246.53" sx="M,M,M,M"/><TAIKYOKU oya="0"/><INIT seed="0,0,0,3,1,121" ten="250,250,250,250" oya="0" hai0="69,70,85,14,22,71,116,134,25,92,75,86,65" hai1="91,13,111,10,90,8,56,45,76,122,128,55,83" hai2="101,59,46,108,17,60,11,105,58,51,104,63,19" hai3="49,94,0,66,133,84,88,24,29,125,16,89,43"/><T74/><D116/><U64/><E122/><V97/><F11/><W3/><G133/><T119/><D119/><U32/><E32/><V6/><F6/><W30/><G125/><T82/><D65/><U115/><E128/><V127/><F127/><W9/><G66/><T4/><D134/><U112/><E64/><V110/><F51/><W107/><G107/><T36/><D36/><U40/><E91/><V124/><F124/><W37/><G37/><T5/><D92/><U7/><E90/><V48/><F48/><W132/><G132/><T12/><D82/><U93/><E10/><V31/><F46/><N who="3" m="25823" /><G3/><T67/><D67/><U26/><E26/><V35/><F35/><W34/><G0/><T80/><D80/><U27/><E27/><V77/><F31/><W47/><G47/><T131/><D25/><U102/><E93/><V96/><F101/><W129/><G129/><T44/><D44/><U2/><E102/><V123/><REACH who="2" step="1"/><F77/><REACH who="2" ten="250,250,240,250" step="2"/><W57/><G34/><T33/><D33/><U118/><E118/><V52/><F52/><W21/><G9/><N who="0" m="4135" /><D131/><U109/><E2/><V117/><F117/><W15/><G24/><T100/><D100/><U72/><E45/><V79/><F79/><W135/><G135/><T106/><D106/><U103/><E103/><V87/><F87/><N who="0" m="33290" /><D5/><U1/><E1/><V41/><F41/><W126/><G126/><T113/><D113/><N who="1" m="43595" /><E40/><V78/><F78/><W114/><G114/><T98/><D98/><U62/><AGARI ba="0,1" hai="7,8,13,55,56,62,72,76,83,109,111" m="43595" machi="62" ten="30,4000,0" yaku="11,1,52,2" doraHai="121" who="1" fromWho="1" sc="250,-20,250,50,240,-10,250,-10" /><INIT seed="1,0,0,1,1,9" ten="230,300,230,240" oya="1" hai0="10,116,22,81,37,80,90,47,59,130,35,91,16" hai1="8,103,102,126,94,106,21,33,92,2,128,38,36" hai2="100,114,108,124,5,3,58,48,75,60,6,70,69" hai3="61,119,64,42,71,113,26,85,32,55,78,66,18"/><U29/><E33/><V51/><F75/><W53/><G113/><T31/><D116/><U72/><E72/><V45/><F114/><W28/><G119/><T131/><D59/><U27/><E128/><N who="0" m="49193" /><D10/><U87/><E126/><V112/><F112/><W74/><G74/><T73/><D35/><U84/><E106/><V43/><F108/><W122/><G122/><T109/><D31/><U0/><E8/><V63/><F124/><W83/><G42/><N who="0" m="22991" /><D109/><U86/><E36/><V19/><F100/><W24/><G66/><T65/><D65/><U129/><E38/><V99/><F99/><W54/><G26/><N who="0" m="14663" /><D81/><U67/><E67/><V41/><F19/><W123/><G123/><T97/><D97/><U98/><E129/><V17/><F17/><W127/><G127/><T93/><D93/><U68/><E68/><V7/><F3/><W30/><G30/><T25/><D25/><U121/><E121/><V77/><F58/><W89/><G18/><T13/><D13/><U133/><E133/><V132/><F132/><W115/><G115/><T4/><D4/><U50/><E50/><V107/><F107/><W79/><AGARI ba="0,0" hai="24,28,32,53,54,55,61,64,71,78,79,83,85,89" machi="79" ten="30,1100,0" yaku="0,1" doraHai="9" who="3" fromWho="3" sc="230,-3,300,-5,230,-3,240,11" /><INIT seed="2,0,0,5,4,2" ten="227,295,227,251" oya="2" hai0="3,121,105,82,6,70,119,11,131,129,92,45,1" hai1="19,111,106,96,63,28,88,112,89,132,26,123,122" hai2="71,52,98,85,74,42,87,97,120,57,44,49,76" hai3="7,104,66,15,30,118,55,24,130,83,95,4,80"/><V10/><F120/><N who="1" m="46121" /><E112/><V116/><F116/><W51/><G104/><T117/><D105/><U126/><E111/><V43/><F71/><W21/><G118/><N who="0" m="45067" /><D70/><U53/><E19/><V127/><F127/><W110/><G110/><T27/><D82/><N who="3" m="31273" /><G130/><N who="0" m="49675" /><D45/><U0/><E0/><N who="0" m="73" /><D92/><U113/><E113/><V115/><F115/><W101/><G66/><T69/><D69/><U25/><E126/><V125/><F125/><W78/><G78/><T84/><D84/><N who="2" m="32330" /><F76/><W62/><G62/><T75/><D75/><U124/><E124/><V56/><F74/><W22/><G95/><T33/><D121/><U32/><E106/><V133/><F56/><N who="3" m="32895" /><G101/><T47/><D47/><U72/><E72/><V31/><F57/><W36/><G36/><T93/><D93/><U102/><E102/><V16/><F42/><W8/><G22/><T50/><D50/><U67/><E67/><V18/><F43/><W73/><G73/><T20/><D33/><U23/><E89/><V91/><F91/><W12/><G12/><T5/><D11/><U41/><E41/><V38/><F38/><W77/><G77/><T17/><AGARI ba="0,0" hai="5,6,17,20,27" m="73,49675,45067" machi="17" ten="40,12000,2" yaku="12,1,19,1,34,2,52,2" doraHai="2" who="0" fromWho="0" sc="227,120,295,-30,227,-60,251,-30" /><INIT seed="3,0,0,1,5,114" ten="347,265,167,221" oya="3" hai0="37,30,28,60,56,49,0,50,19,78,125,79,73" hai1="53,101,57,100,43,67,47,9,13,11,5,46,103" hai2="76,105,83,32,94,29,134,1,127,64,55,66,41" hai3="130,85,86,6,110,122,12,89,113,116,51,128,36"/><W82/><G113/><T33/><D37/><U106/><E67/><V23/><F105/><W132/><G36/><T80/><D0/><U38/><E46/><V42/><F1/><W117/><G122/><T84/><D125/><U16/><E106/><V118/><F127/><W99/><G132/><T69/><D69/><U34/><E34/><V95/><F32/><W68/><G68/><T77/><D19/><U75/><E75/><V72/><F134/><W15/><G99/><T8/><D8/><U45/><E45/><V124/><F124/><W62/><G110/><T18/><D18/><U119/><E119/><V131/><F118/><W112/><G112/><T24/><D28/><U91/><E91/><V96/><F94/><W97/><G97/><T111/><D111/><U39/><E39/><V90/><F55/><W121/><G62/><T52/><REACH who="0" step="1"/><D73/><REACH who="0" ten="337,265,167,221" step="2"/><U17/><REACH who="1" step="1"/><E11/><REACH who="1" ten="337,255,167,221" step="2"/><V20/><F72/><W88/><G117/><T4/><D4/><U2/><E2/><V129/><F129/><W115/><G6/><T40/><D40/><U133/><E133/><V71/><F131/><W93/><G116/><T63/><D63/><AGARI ba="0,2" hai="5,9,13,16,17,38,43,47,53,57,63,100,101,103" machi="63" ten="40,5200,0" yaku="1,1,54,1,53,1" doraHai="114" doraHaiUra="7" who="1" fromWho="0" sc="337,-52,255,72,167,0,221,0" /><INIT seed="4,0,0,4,1,18" ten="285,327,167,221" oya="0" hai0="65,1,105,32,68,119,86,42,8,111,108,54,100" hai1="13,2,36,135,113,15,29,51,101,133,134,4,35" hai2="44,6,110,98,125,128,129,67,115,130,83,38,61" hai3="77,46,71,52,82,75,70,48,106,43,37,97,94"/><T95/><D119/><U24/><E36/><V92/><F110/><N who="0" m="42026" /><D32/><U99/><E51/><V17/><F115/><W19/><G106/><T57/><D42/><U21/><E113/><V56/><F125/><W102/><REACH who="3" step="1"/><G19/><REACH who="3" ten="285,327,167,211" step="2"/><T122/><D105/><U103/><E135/><V79/><F17/><W62/><G62/><N who="0" m="39991" /><D122/><U23/><E134/><V30/><F6/><W59/><AGARI ba="0,1" hai="37,43,46,48,52,59,70,71,75,77,82,94,97,102" machi="59" ten="20,8000,1" yaku="1,1,0,1,7,1,54,1,53,1" doraHai="18" doraHaiUra="76" who="3" fromWho="3" sc="285,-40,327,-20,167,-20,211,90" /><INIT seed="5,0,0,2,2,20" ten="245,307,147,301" oya="1" hai0="63,78,69,94,57,88,132,37,10,43,111,4,109" hai1="86,75,32,127,135,81,55,98,41,27,48,16,42" hai2="51,90,93,96,12,117,95,66,133,115,36,46,54" hai3="13,11,26,64,0,34,85,28,71,17,58,21,7"/><U30/><E75/><V119/><F133/><W1/><G85/><T39/><D69/><U67/><E135/><V120/><F120/><W124/><G71/><T22/><D78/><U76/><E127/><V8/><F115/><W25/><G124/><T113/><D113/><U123/><E123/><V107/><F107/><W6/><G64/><T45/><D39/><U74/><E67/><V99/><F36/><W53/><REACH who="3" step="1"/><G6/><REACH who="3" ten="245,307,147,291" step="2"/><T65/><D132/><U106/><E74/><V73/><F66/><W52/><G52/><T97/><REACH who="0" step="1"/><D22/><REACH who="0" ten="235,307,147,291" step="2"/><N who="1" m="13767" /><E32/><V104/><F73/><W101/><G101/><T3/><AGARI ba="0,2" hai="3,4,10,37,43,45,57,63,65,88,94,97,109,111" machi="3" ten="20,8000,1" yaku="1,1,0,1,7,1,54,1,53,1" doraHai="20" doraHaiUra="59" who="0" fromWho="0" sc="235,100,307,-40,147,-20,291,-20" /><INIT seed="6,0,0,0,1,7" ten="335,267,127,271" oya="2" hai0="24,63,44,36,99,37,71,81,114,39,2,58,40" hai1="89,4,123,0,62,31,130,134,59,127,15,105,104" hai2="30,17,94,32,11,54,14,133,50,48,18,111,76" hai3="85,5,28,26,27,41,96,38,53,78,35,108,3"/><V45/><F133/><W64/><G108/><T106/><D114/><U122/><E134/><V95/><F111/><W132/><G132/><T98/><D71/><U91/><E0/><V103/><F76/><W52/><G64/><T116/><D116/><U107/><E130/><V80/><F80/><W69/><G69/><T61/><D61/><U93/><E31/><V119/><F119/><W49/><G96/><T121/><D2/><U84/><E127/><V88/><F103/><W33/><G38/><T23/><D81/><U113/><E113/><V1/><F1/><W65/><G65/><T92/><D99/><U70/><E70/><V57/><F18/><W79/><G85/><T87/><D87/><U102/><E91/><V55/><REACH who="2" step="1"/><F88/><REACH who="2" ten="335,267,117,271" step="2"/><W125/><G78/><T56/><D98/><U118/><E102/><V120/><F120/><N who="1" m="46121" /><E118/><V112/><F112/><W10/><G79/><T68/><D121/><U6/><E15/><V12/><F12/><W73/><G73/><T115/><D115/><U77/><E77/><V128/><F128/><W109/><G109/><T25/><D24/><AGARI ba="0,1" hai="11,14,17,24,30,32,45,48,50,54,55,57,94,95" machi="24" ten="40,7700,0" yaku="1,1,52,1,53,1" doraHai="7" doraHaiUra="9" who="2" fromWho="0" sc="335,-77,267,0,117,87,271,0" /><INIT seed="6,1,0,2,0,134" ten="258,267,204,271" oya="2" hai0="107,82,115,59,108,120,48,67,4,87,53,71,76" hai1="94,57,105,72,60,54,38,50,10,131,66,43,61" hai2="37,100,8,45,39,89,9,29,95,26,98,92,126" hai3="125,129,1,123,25,56,97,0,11,46,121,44,15"/><V103/><F45/><W113/><G129/><T130/><D108/><U119/><E105/><V7/><F9/><W102/><G113/><T74/><D115/><U118/><E72/><V30/><F30/><W111/><G111/><T62/><D120/><U14/><E131/><V101/><F95/><W114/><G25/><T51/><D130/><U88/><E43/><V35/><REACH who="2" step="1"/><F126/><REACH who="2" ten="258,267,194,271" step="2"/><W31/><G125/><T36/><D36/><U116/><E38/><V117/><F117/><W128/><G11/><T13/><D107/><U58/><E119/><V81/><F81/><W5/><G44/><T49/><D74/><U55/><E118/><V83/><F83/><W34/><G46/><T93/><D93/><U33/><E116/><V2/><AGARI ba="1,1" hai="2,7,8,26,29,35,37,39,89,92,98,100,101,103" machi="2" ten="30,6000,0" yaku="1,1,0,1,53,1" doraHai="134" doraHaiUra="22" who="2" fromWho="2" sc="258,-21,267,-21,194,73,271,-21" /><INIT seed="6,2,0,4,5,87" ten="237,246,267,250" oya="2" hai0="66,125,59,37,95,92,3,54,28,38,68,21,57" hai1="60,36,99,0,109,52,129,96,116,16,13,122,55" hai2="45,4,76,101,1,121,18,29,26,47,123,23,74" hai3="69,84,135,106,88,71,110,124,8,27,62,5,73"/><V105/><F74/><W44/><G110/><T31/><D3/><U61/><E116/><V6/><F76/><W111/><G73/><T70/><D54/><N who="1" m="20523" /><E36/><V65/><F65/><W97/><G111/><T113/><D113/><U41/><E0/><V49/><F47/><W15/><G44/><T25/><D25/><U63/><E109/><V14/><F101/><W34/><G135/><T10/><D10/><U20/><E129/><V127/><F105/><W67/><G124/><T32/><D66/><U43/><E122/><V19/><F18/><W132/><G132/><T102/><D21/><U50/><E50/><V107/><F107/><W118/><G118/><T56/><D56/><U86/><E86/><V94/><F127/><W30/><G97/><AGARI ba="2,0" hai="13,16,20,41,43,60,61,63,96,97,99" m="20523" machi="97" ten="30,3900,0" yaku="8,1,54,2" doraHai="87" who="1" fromWho="3" sc="237,0,246,45,267,0,250,-45" /><INIT seed="7,0,0,1,5,90" ten="237,291,267,205" oya="3" hai0="83,14,77,125,69,29,0,132,7,28,56,114,4" hai1="61,76,17,18,73,79,67,91,60,39,70,31,24" hai2="86,117,20,75,115,54,111,130,100,78,27,36,82" hai3="16,113,11,41,64,72,37,87,123,21,116,101,6"/><W45/><G116/><T81/><D69/><U42/><E61/><V33/><F111/><W34/><G72/><T13/><D125/><U9/><E39/><V103/><F115/><W88/><G113/><T74/><D114/><U98/><E42/><V102/><F130/><W106/><G34/><T40/><D40/><U50/><E50/><V105/><F36/><W49/><G64/><T95/><D132/><U38/><E38/><V97/><F33/><W94/><G123/><T121/><D0/><U58/><E70/><V107/><F117/><W52/><G106/><T124/><D124/><U84/><E98/><V2/><F2/><W120/><G120/><T99/><D56/><U23/><E73/><V129/><F129/><W131/><G101/><T128/><D128/><U53/><E53/><V109/><F109/><W46/><G131/><T55/><D55/><U93/><E9/><V47/><F75/><W112/><G112/><T44/><D44/><U1/><E1/><V89/><F105/><W127/><G127/><T65/><D65/><U110/><E110/><V43/><F43/><W22/><G16/><AGARI ba="0,0" hai="16,17,18,23,24,31,58,60,67,76,79,84,91,93" machi="16" ten="40,5200,0" yaku="8,1,52,1,54,1" doraHai="90" who="1" fromWho="3" sc="237,0,291,52,267,0,205,-52" owari="237,-16.3,343,44.3,267,6.7,153,-34.7" /></mjloggm>