<mjloggm ver="2.3"><GO type="169" lobby="0"/><UN n0="%E3%82%BF%E3%83%BC%E3%83%90%E3%83%B3%E9%87%8E%E5%8F%A3" n1="%E9%95%B7%E5%B2%A1" n2="%E7%94%9F%E5%BE%92%E4%BC%9A%E3%80%90%E5%BA%8F%E3%80%91" n3="%E3%81%AA%E3%81%BE%E3%81%8B%E3%82%84%E3%81%95%E3%81%AA%E3%81%9F" dan="17,16,16,16" rate="2189.89,2093.31,2110.91,2182.09" sx="M,M,M,M"/><TAIKYOKU oya="0"/><INIT seed="0,0,0,3,3,95" ten="250,250,250,250" oya="0" hai0="49,83,1,37,87,63,64,110,132,81,129,18,44" hai1="2,128,79,34,30,35,40,13,106,0,69,14,52" hai2="58,98,99,50,68,119,100,15,76,20,9,115,32" hai3="135,57,7,66,10,93,62,118,133,46,88,53,124"/><T122/><D122/><U67/><E128/><V43/><F68/><W84/><G118/><T3/><D129/><U89/><E40/><V121/><F115/><W97/><G124/><T48/><D132/><N who="3" m="50761" /><G46/><T55/><D37/><U23/><E79/><V36/><F32/><W116/><G116/><T25/><D110/><U85/><E106/><V78/><F119/><W73/><G73/><T47/><D25/><N who="1" m="16703" /><E52/><N who="2" m="32023" /><F121/><W113/><G113/><T130/><D130/><U77/><E89/><V108/><F36/><W112/><G112/><T70/><D18/><U51/><E85/><V96/><F108/><W109/><G109/><T26/><D26/><U134/><E51/><V131/><F131/><W27/><G27/><T22/><D22/><U120/><E67/><V11/><F43/><W42/><G42/><T21/><D21/><U31/><E77/><N who="2" m="29803" /><F100/><W123/><G123/><T5/><D64/><U41/><E69/><V104/><F104/><W33/><G33/><N who="1" m="12298" /><E41/><V71/><F71/><W101/><G66/><T91/><D70/><U16/><E120/><V75/><F75/><W4/><G10/><T6/><D55/><U28/><E134/><V8/><F20/><W111/><G111/><T127/><D87/><U92/><E31/><V29/><F29/><W117/><G117/><T65/><D65/><U125/><E28/><V12/><AGARI ba="0,0" hai="8,9,11,12,15,96,98,99" m="29803,32023" machi="12" ten="40,8000,1" yaku="8,1,52,3,54,1" doraHai="95" who="2" fromWho="2" sc="250,-40,250,-20,250,80,250,-20" /><INIT seed="1,0,0,3,2,131" ten="210,230,330,230" oya="1" hai0="11,98,58,91,132,9,135,75,134,51,63,24,95" hai1="84,14,112,25,81,20,107,88,77,45,69,38,124" hai2="83,52,2,1,106,118,71,66,5,96,17,26,100" hai3="61,125,56,114,34,110,121,115,105,43,4,68,44"/><U7/><E112/><V93/><F118/><W29/><G105/><T126/><D75/><U0/><E124/><V48/><F5/><W92/><G121/><T27/><D126/><U37/><E69/><V86/><F106/><W50/><G125/><T128/><D128/><U33/><E107/><V116/><F116/><W6/><G110/><T103/><D51/><U104/><E104/><V13/><F26/><N who="0" m="9770" /><D103/><U46/><E46/><V32/><F32/><W87/><G34/><T122/><D122/><U70/><E70/><V74/><F74/><W36/><G29/><T80/><D80/><U94/><E0/><V19/><F66/><AGARI ba="0,0" hai="9,11,58,63,66,91,95,98,132,134,135" m="9770" machi="66" ten="30,7700,0" yaku="20,1,52,3" doraHai="131" who="0" fromWho="2" sc="210,77,230,0,330,-77,230,0" /><INIT seed="2,0,0,4,5,34" ten="287,230,253,230" oya="2" hai0="7,6,103,131,39,124,51,12,116,14,119,22,44" hai1="89,72,18,3,79,28,128,64,69,70,15,9,59" hai2="99,8,55,107,33,37,71,127,67,54,113,1,105" hai3="133,134,32,43,49,114,125,11,93,76,90,91,27"/><V108/><F113/><W23/><G32/><T115/><D115/><U74/><E128/><V46/><F127/><W86/><G114/><T66/><D39/><U30/><E69/><V45/><F33/><W104/><G125/><T29/><D131/><U56/><E70/><V130/><F130/><W77/><G104/><T117/><D66/><U13/><E89/><V81/><F81/><W121/><G121/><T52/><D124/><U53/><E64/><V98/><F71/><W4/><G91/><T106/><D106/><U36/><E36/><V75/><F67/><W40/><G133/><T0/><D103/><U84/><E84/><V19/><F37/><W88/><G90/><T24/><D6/><U26/><E26/><V17/><F8/><AGARI ba="0,0" hai="0,7,8,12,14,22,24,29,44,51,52,116,117,119" machi="8" ten="40,5200,0" yaku="12,1,52,1,54,1" doraHai="34" who="0" fromWho="2" sc="287,52,230,0,253,-52,230,0" /><INIT seed="3,0,0,1,3,56" ten="339,230,201,230" oya="3" hai0="37,131,90,57,70,39,44,7,100,12,15,6,124" hai1="133,60,34,110,117,61,74,102,53,35,98,45,1" hai2="94,19,80,101,104,27,41,23,48,92,2,29,50" hai3="76,49,24,3,125,87,99,81,40,31,47,38,77"/><W97/><G125/><T68/><D57/><U22/><E74/><V42/><F2/><W58/><G3/><T114/><D44/><U63/><E1/><V106/><F80/><W129/><G129/><T33/><D100/><U109/><E133/><V84/><F106/><W130/><G130/><T69/><D90/><U65/><E65/><V64/><F104/><W128/><G128/><T30/><D30/><U11/><E11/><V18/><F64/><W9/><G77/><T62/><D131/><U105/><E22/><V0/><F0/><W43/><G43/><T5/><D33/><U46/><E117/><V10/><F42/><W67/><G9/><T25/><D25/><U79/><E79/><V32/><F32/><N who="1" m="12329" /><E53/><V86/><F29/><W88/><G76/><T55/><D55/><U73/><E73/><V112/><F112/><W36/><G36/><T78/><D78/><U51/><E51/><N who="2" m="19499" /><F41/><W20/><G38/><N who="0" m="14347" /><D124/><U134/><E134/><V122/><F122/><W111/><G111/><AGARI ba="0,0" hai="45,46,60,61,63,98,102,105,109,110,111" m="12329" machi="111" ten="40,8000,1" yaku="14,1,52,3" doraHai="56" who="1" fromWho="3" sc="339,0,230,80,201,0,230,-80" /><INIT seed="4,0,0,5,3,21" ten="339,310,201,150" oya="0" hai0="49,71,133,75,73,53,60,115,59,18,41,11,69" hai1="23,112,84,103,64,85,78,7,76,15,5,63,20" hai2="129,36,8,34,13,1,74,19,134,121,104,72,62" hai3="66,96,131,130,42,135,35,127,29,128,109,107,56"/><T83/><D115/><U111/><E103/><V102/><F121/><W113/><G113/><T100/><D133/><U93/><E112/><V110/><F36/><W90/><G109/><T54/><D100/><U12/><E63/><V118/><F110/><W94/><G107/><T114/><D114/><U57/><E57/><V14/><F134/><W82/><G135/><T43/><D83/><U99/><E111/><V22/><F34/><W9/><G127/><T125/><D11/><U68/><E68/><N who="0" m="26185" /><D18/><U108/><E108/><V123/><F123/><W101/><G42/><N who="0" m="15883" /><D73/><U30/><E64/><V116/><F1/><W33/><G9/><T77/><D77/><U50/><E50/><V0/><F129/><W95/><G82/><T46/><D75/><U70/><E70/><V88/><F0/><W79/><G79/><T45/><D125/><U126/><E126/><V61/><F74/><W24/><G35/><T10/><D10/><U81/><E81/><V6/><F72/><W117/><G130/><T92/><D92/><U122/><E93/><V51/><F51/><W26/><G131/><T86/><D86/><U39/><E39/><V16/><F6/><W3/><G128/><T48/><D48/><U105/><E122/><V32/><F32/><W27/><G3/><T97/><D97/><U132/><E132/><V55/><F88/><W38/><G38/><T124/><D124/><U37/><E37/><V80/><F80/><W120/><G120/><T2/><D2/><U106/><E99/><N who="2" m="61535" /><F62/><N who="3" m="38215" /><G117/><N who="2" m="45161" /><F61/><W17/><G17/><T44/><AGARI ba="0,0" hai="44,45,46,49,53,54,59,60" m="15883,26185" machi="44" ten="30,12000,1" yaku="35,5" doraHai="21" who="0" fromWho="0" sc="339,120,310,-40,201,-40,150,-40" /><INIT seed="4,1,0,5,4,14" ten="459,270,161,110" oya="0" hai0="88,49,75,101,78,113,72,19,106,94,39,6,52" hai1="13,135,10,1,117,48,7,26,65,67,95,33,42" hai2="60,84,58,96,32,41,112,37,51,74,61,40,71" hai3="107,127,4,129,62,11,125,68,111,27,86,31,55"/><T130/><D39/><U63/><E117/><V134/><F74/><W110/><G107/><T80/><D113/><U30/><E135/><V69/><F32/><W119/><G86/><T98/><D130/><U29/><E30/><V53/><F84/><W131/><G55/><T92/><D6/><U20/><E95/><V97/><F97/><W0/><G62/><N who="2" m="24169" /><F96/><W102/><G68/><N who="2" m="26185" /><F112/><W18/><G102/><T12/><D72/><U77/><E77/><V91/><F91/><W21/><G119/><T99/><D94/><U59/><E42/><N who="2" m="16491" /><F134/><W128/><G31/><T44/><D12/><U122/><E122/><V25/><F25/><W90/><G90/><T24/><D24/><U57/><E67/><V43/><N who="2" m="16499" /><V87/><DORA hai="3" /><F87/><W66/><G66/><T121/><D121/><U105/><E105/><V36/><AGARI ba="1,0" hai="36,37,51,53,58" m="16499,26185,24169" machi="36" ten="40,8000,1" yaku="35,5" doraHai="14,3" who="2" fromWho="2" sc="459,-41,270,-21,161,83,110,-21" /><INIT seed="5,0,0,5,0,75" ten="418,249,244,89" oya="1" hai0="40,24,93,51,35,112,10,29,66,16,53,27,15" hai1="19,36,63,118,95,117,74,28,37,43,87,65,114" hai2="104,125,92,94,73,18,80,30,13,64,69,120,77" hai3="91,14,1,44,39,81,121,60,99,82,71,72,132"/><U41/><E74/><V115/><F120/><W49/><G121/><T96/><D112/><U84/><E19/><V108/><F104/><W7/><G132/><T88/><D66/><U5/><E5/><V107/><F107/><W134/><G134/><T4/><D40/><N who="1" m="15435" /><E28/><V45/><F108/><W106/><G39/><N who="1" m="14922" /><E95/><V123/><F45/><W111/><G1/><T46/><REACH who="0" step="1"/><D27/><REACH who="0" ten="408,249,244,89" step="2"/><U8/><E114/><V128/><F64/><W20/><G111/><T25/><D25/><U31/><E65/><V6/><F115/><W90/><G82/><T56/><D56/><U0/><E117/><V12/><F80/><W83/><G81/><T26/><D26/><U55/><E118/><V17/><F123/><W11/><G71/><T67/><D67/><U23/><E55/><V21/><F69/><W32/><G83/><T131/><D131/><U100/><E31/><V50/><F128/><W129/><G129/><T124/><D124/><U119/><E119/><V61/><F125/><W101/><G72/><T127/><D127/><U103/><E0/><V59/><F30/><W68/><G68/><T9/><D9/><U34/><E8/><V97/><F59/><W116/><G116/><T86/><D86/><U52/><E52/><V105/><F73/><W126/><G126/><T110/><D110/><U2/><E2/><V122/><F122/><W62/><G11/><T57/><D57/><U54/><E84/><V102/><F13/><W113/><G14/><T85/><D85/><U78/><E87/><V33/><F12/><W135/><G113/><T47/><D47/><U76/><E54/><RYUUKYOKU ba="0,1" sc="408,30,249,-10,244,-10,89,-10" hai0="4,10,15,16,24,29,35,46,51,53,88,93,96" /><INIT seed="6,1,1,0,3,10" ten="438,239,234,79" oya="2" hai0="45,108,48,51,7,72,99,62,2,27,96,39,18" hai1="53,63,56,42,26,117,9,17,105,98,77,111,81" hai2="131,4,1,90,121,55,60,86,109,113,135,123,127" hai3="68,58,16,43,133,38,66,14,106,110,73,101,132"/><V54/><F1/><W34/><G110/><T82/><D39/><U49/><E111/><V125/><F109/><W89/><G34/><T33/><D51/><U22/><E117/><V100/><F4/><W29/><G29/><T46/><D45/><U126/><E126/><N who="2" m="48139" /><F100/><W122/><G122/><N who="2" m="46601" /><F86/><W134/><G73/><T119/><D72/><U107/><E98/><V57/><F90/><W65/><G68/><T24/><D2/><U30/><E30/><V87/><F87/><W35/><G35/><T44/><D96/><U59/><E9/><V36/><F113/><W11/><G58/><T95/><D99/><U84/><REACH who="1" step="1"/><E42/><REACH who="1" ten="438,229,234,79" step="2"/><V128/><F135/><W92/><G101/><T70/><D108/><U97/><E97/><V15/><F15/><W5/><G106/><T114/><D114/><U129/><E129/><N who="2" m="49739" /><F36/><W93/><G38/><T78/><D27/><U83/><E83/><V47/><F47/><W32/><G133/><T80/><D24/><U104/><E104/><V76/><F76/><W71/><G134/><T75/><D78/><U61/><E61/><V116/><F116/><W52/><G132/><T37/><D62/><U85/><E85/><V102/><F102/><W103/><G103/><T64/><D46/><U20/><E20/><V12/><F12/><W13/><G13/><T40/><D44/><U88/><E88/><V28/><F28/><W23/><G89/><T3/><D37/><U91/><E91/><V124/><F124/><W41/><G14/><T118/><D80/><U50/><E50/><V112/><F112/><W6/><G11/><T19/><D118/><RYUUKYOKU ba="1,2" sc="438,-15,229,15,234,15,79,-15" hai1="17,22,26,49,53,56,59,63,77,81,84,105,107" hai2="54,55,57,60" /><INIT seed="6,2,2,1,3,98" ten="423,244,249,64" oya="2" hai0="57,24,135,58,21,125,18,126,6,37,75,8,128" hai1="95,22,115,94,124,55,113,61,47,5,31,121,40" hai2="60,43,130,54,77,81,67,45,134,101,49,11,68" hai3="19,48,30,44,120,96,72,14,9,29,26,119,106"/><V114/><F114/><N who="1" m="43529" /><E5/><V3/><F134/><W118/><G72/><T103/><D135/><U82/><E124/><N who="0" m="47721" /><D37/><N who="1" m="21903" /><E82/><V87/><F130/><W39/><G39/><T15/><D128/><U91/><E121/><V52/><REACH who="2" step="1"/><F101/><REACH who="2" ten="423,244,239,64" step="2"/><W122/><G122/><T32/><D103/><U56/><E91/><V50/><F50/><W27/><G48/><T20/><D32/><U129/><E129/><V100/><F100/><W69/><G120/><T65/><D75/><U33/><E33/><V85/><F85/><W59/><G119/><T35/><D35/><U46/><E46/><V2/><F2/><W105/><G44/><T4/><D58/><U16/><E31/><V127/><F127/><W107/><G118/><T76/><D57/><U123/><E123/><V7/><AGARI ba="2,3" hai="3,7,11,43,45,49,52,54,60,67,68,77,81,87" machi="7" ten="30,11700,0" yaku="1,1,0,1,54,1,53,1" doraHai="98" doraHaiUra="62" who="2" fromWho="2" sc="423,-41,244,-41,239,153,64,-41" /><INIT seed="6,3,0,1,5,37" ten="382,203,392,23" oya="2" hai0="82,104,57,20,107,64,13,105,4,58,39,114,50" hai1="133,89,117,19,3,18,68,60,99,67,134,126,85" hai2="120,72,62,102,119,52,25,66,69,135,80,42,10" hai3="75,15,28,24,17,127,74,34,65,30,49,96,115"/><V22/><F119/><W33/><G127/><T78/><D39/><U122/><E117/><V132/><F120/><W26/><G65/><T53/><D114/><U55/><E3/><V76/><F102/><W81/><G81/><T88/><D88/><U124/><E55/><V8/><F42/><W118/><G118/><T27/><D4/><U40/><E99/><V31/><REACH who="2" step="1"/><F52/><REACH who="2" ten="382,203,382,23" step="2"/><W21/><G115/><T111/><D105/><U92/><E40/><V54/><F54/><W86/><G86/><T128/><D104/><U35/><E122/><V9/><AGARI ba="3,1" hai="8,9,10,22,25,31,62,66,69,72,76,80,132,135" machi="9" ten="30,12000,1" yaku="1,1,0,1,53,3" doraHai="37" doraHaiUra="7" who="2" fromWho="2" sc="382,-43,203,-43,382,139,23,-43" owari="339,13.9,160,-24.0,521,62.1,-20,-52.0" /></mjloggm>