<mjloggm ver="2.3"><GO type="169" lobby="0"/><UN n0="%69%54%65%6E%68%6F%75" n1="%E3%83%A8%E3%82%B3%E3%83%86%E3%82%A3%E3%83%B3%40" n2="%E2%98%86%E5%AD%AB%E7%87%95%E5%A7%BF%E2%98%86" n3="%E7%AD%89%E3%80%85%E5%8A%9B%E5%8A%87%E5%A0%B4" dan="16,16,17,16" rate="2088.05,2092.31,2239.38,2127.89" sx="M,M,M,M"/><TAIKYOKU oya="0"/><INIT seed="0,0,0,0,4,88" ten="250,250,250,250" oya="0" hai0="87,132,5,60,18,69,0,13,21,63,95,51,40" hai1="9,92,25,17,15,24,29,72,77,79,38,118,83" hai2="96,3,19,46,102,91,59,16,50,49,37,30,108" hai3="75,48,128,54,82,94,84,35,39,61,98,125,104"/><T55/><D132/><U74/><E118/><V1/><F108/><W85/><G39/><T56/><D69/><U117/><E117/><V99/><F37/><W120/><G104/><T126/><D126/><U10/><E38/><V62/><F30/><W34/><G75/><T7/><D40/><U81/><E9/><V73/><F73/><W111/><G111/><T97/><D0/><U86/><E29/><V116/><F116/><W124/><G61/><N who="0" m="23627" /><D87/><U2/><REACH who="1" step="1"/><E2/><REACH who="1" ten="250,240,250,250" step="2"/><V123/><F3/><W65/><G125/><T93/><D97/><U57/><E57/><V64/><F1/><W70/><G98/><T52/><D55/><U27/><E27/><V76/><F99/><W114/><G54/><T134/><D134/><U45/><E45/><V11/><F46/><W127/><G124/><T68/><D68/><U12/><E12/><V135/><F135/><W131/><G70/><T8/><D8/><U130/><E130/><V26/><F11/><W122/><G127/><T115/><D115/><U33/><E33/><V107/><F26/><W58/><G34/><T32/><D32/><U4/><E4/><AGARI ba="0,1" hai="4,5,7,13,18,21,51,52,56,93,95" m="23627" machi="4" ten="30,11600,0" yaku="8,1,52,2,54,1" doraHai="88" who="0" fromWho="1" sc="250,126,240,-116,250,0,250,0" /><INIT seed="0,1,0,3,3,106" ten="376,124,250,250" oya="0" hai0="41,54,133,36,33,97,45,120,75,66,68,16,125" hai1="55,88,76,18,30,29,14,57,65,38,1,117,82" hai2="109,10,83,72,24,62,95,64,130,35,39,3,48" hai3="127,67,131,56,119,13,58,20,100,9,61,122,128"/><T114/><D114/><U74/><E117/><V60/><F109/><W84/><G119/><T25/><D120/><U59/><E1/><V5/><F130/><W86/><G100/><T8/><D133/><U92/><E38/><V7/><F39/><W17/><G127/><T126/><D97/><U124/><E65/><V107/><F107/><W113/><G113/><T80/><D54/><U53/><E59/><V51/><F7/><W44/><G122/><T90/><D66/><U40/><E40/><V98/><F24/><W21/><G58/><T121/><D68/><U104/><E104/><V28/><F28/><W11/><G44/><T135/><D135/><U105/><E53/><V115/><F35/><W118/><G118/><T102/><D102/><U70/><E70/><V31/><F31/><W42/><G42/><T112/><D112/><U26/><E26/><V110/><F110/><W12/><G131/><T22/><D121/><U111/><E124/><N who="0" m="47721" /><D90/><U77/><E77/><V116/><F116/><W132/><G128/><T73/><D80/><U37/><E105/><V32/><F32/><W15/><G132/><T50/><D33/><U23/><E37/><V134/><F134/><W43/><G43/><N who="0" m="24895" /><D8/><U81/><E81/><V129/><F129/><W34/><G34/><T52/><D52/><U108/><E108/><V101/><F115/><W123/><G123/><T69/><D69/><U49/><E111/><V87/><F64/><W89/><G67/><T19/><D19/><U93/><E93/><V99/><F95/><W4/><G17/><T85/><D85/><AGARI ba="1,0" hai="14,18,23,29,30,49,55,57,74,76,82,85,88,92" machi="85" ten="30,8000,1" yaku="7,1,25,2,52,1,54,1" doraHai="106" who="1" fromWho="0" sc="376,-83,124,83,250,0,250,0" /><INIT seed="1,0,0,2,3,25" ten="293,207,250,250" oya="1" hai0="35,96,70,87,111,132,76,19,61,51,80,83,125" hai1="11,68,127,40,66,17,13,65,27,38,34,92,130" hai2="99,109,16,69,7,58,59,86,30,18,23,118,81" hai3="31,45,6,4,90,120,57,53,8,21,113,95,63"/><U28/><E130/><V62/><F118/><W47/><G120/><T10/><D111/><U77/><E127/><V135/><F109/><W26/><G113/><T91/><D132/><U37/><E77/><V133/><F69/><W29/><G29/><T5/><D125/><U88/><E68/><V73/><F73/><W52/><G53/><T67/><D19/><U49/><E38/><V122/><F122/><W131/><G131/><T74/><D51/><U1/><E1/><V20/><F7/><W123/><G123/><T24/><D96/><U78/><E78/><V84/><F99/><W42/><G42/><T33/><REACH who="0" step="1"/><D24/><REACH who="0" ten="283,207,250,250" step="2"/><U114/><E37/><V36/><F36/><W41/><G41/><T115/><D115/><U100/><E114/><V93/><F18/><W124/><G124/><T39/><D39/><U117/><E117/><V101/><F16/><W64/><G6/><T129/><D129/><U9/><E9/><V98/><F98/><W44/><G4/><T54/><D54/><U105/><E105/><V94/><F135/><W79/><G8/><T110/><D110/><U103/><E65/><V112/><F133/><W15/><G64/><T106/><D106/><U134/><E66/><V56/><F112/><W108/><G108/><T0/><AGARI ba="0,1" hai="0,5,10,33,35,61,67,70,74,76,80,83,87,91" machi="0" ten="20,2700,0" yaku="1,1,0,1,7,1,53,0" doraHai="25" doraHaiUra="89" who="0" fromWho="0" sc="283,37,207,-13,250,-7,250,-7" /><INIT seed="2,0,0,0,3,16" ten="320,194,243,243" oya="2" hai0="106,113,92,103,79,125,133,73,11,44,58,119,50" hai1="102,46,54,13,35,68,31,112,124,126,52,1,67" hai2="69,15,65,19,30,42,82,109,17,43,128,90,111" hai3="121,120,130,55,37,97,115,80,96,12,84,116,26"/><V29/><F128/><W60/><G116/><T21/><D113/><U27/><E112/><V86/><F19/><W63/><G115/><T41/><D119/><U33/><E1/><V88/><F90/><W8/><G37/><T47/><D106/><U14/><E35/><V53/><F53/><N who="1" m="20585" /><E46/><V24/><F69/><W95/><G130/><T34/><D34/><U49/><E49/><V78/><F65/><W105/><G105/><T108/><D108/><N who="2" m="41546" /><F78/><W131/><G131/><T6/><D58/><U64/><E102/><V10/><F30/><W57/><G63/><T56/><D56/><U114/><E114/><V40/><F43/><W85/><G60/><T45/><D50/><U75/><E75/><V51/><F51/><W66/><G66/><N who="1" m="25130" /><E68/><V81/><F82/><W129/><G80/><T18/><D41/><U25/><E25/><V48/><F48/><W61/><G26/><T104/><D73/><U100/><E100/><V0/><F0/><W9/><G129/><T22/><D103/><U123/><E123/><V28/><F28/><W2/><G2/><T89/><D104/><U3/><E3/><V127/><F127/><AGARI ba="0,0" hai="13,14,27,31,33,124,126,127" m="25130,20585" machi="127" ten="30,2000,0" yaku="18,1,54,1" doraHai="16" who="1" fromWho="2" sc="320,0,194,20,243,-20,243,0" /><INIT seed="3,0,0,0,3,128" ten="320,214,223,243" oya="3" hai0="90,9,15,108,74,69,89,86,101,126,46,130,29" hai1="100,14,18,113,60,22,107,25,36,33,121,87,131" hai2="97,94,55,32,64,7,1,13,49,34,85,48,106" hai3="103,84,67,30,79,41,78,2,10,35,19,117,59"/><W52/><G117/><T110/><D130/><U8/><E131/><V43/><F1/><W16/><G67/><T115/><D69/><U93/><E113/><V47/><F106/><W122/><G122/><T114/><D29/><U102/><E121/><V6/><F64/><W66/><G66/><T124/><D46/><U96/><E36/><V27/><F85/><W23/><G41/><T129/><D74/><U56/><E33/><V54/><F27/><W132/><G35/><T91/><D129/><U99/><E87/><V26/><F26/><W127/><G127/><N who="0" m="48683" /><D15/><U125/><E125/><V98/><F13/><W135/><G30/><T44/><D44/><U50/><E50/><V70/><F47/><W24/><G103/><T28/><D9/><U120/><E120/><V5/><F5/><W4/><G19/><T73/><D101/><U133/><E56/><V3/><F3/><W40/><G40/><T92/><D73/><U57/><E57/><V134/><F43/><W80/><REACH who="3" step="1"/><G79/><REACH who="3" ten="320,214,223,233" step="2"/><T71/><D28/><U72/><E100/><V104/><F34/><W20/><G20/><T61/><D115/><U17/><E102/><V11/><F32/><W77/><G77/><T111/><D114/><U12/><E18/><V105/><F55/><W68/><G68/><T37/><D37/><U58/><E17/><V65/><F54/><W42/><G42/><T75/><D75/><U112/><E72/><V31/><F65/><AGARI ba="0,1" hai="61,65,71,86,89,90,91,92,108,110,111" m="48683" machi="65" ten="40,2600,0" yaku="14,1,18,1" doraHai="128" who="0" fromWho="2" sc="320,36,214,0,223,-26,233,0" /><INIT seed="4,0,0,5,0,95" ten="356,214,197,233" oya="0" hai0="35,85,108,1,4,100,117,19,132,110,129,26,119" hai1="127,49,59,118,115,111,77,83,135,56,28,45,82" hai2="54,62,31,106,24,27,16,36,90,91,125,116,121" hai3="78,107,20,32,8,120,128,133,72,51,44,66,105"/><T113/><D100/><U37/><E111/><N who="0" m="42537" /><D85/><U25/><E118/><N who="0" m="45065" /><D132/><U130/><E135/><V102/><F116/><W123/><G32/><T23/><D129/><U14/><E130/><V55/><F121/><W81/><G133/><T126/><D113/><U29/><E115/><V43/><F125/><W104/><G128/><T84/><D84/><U73/><E127/><V74/><F74/><W96/><G66/><T76/><D76/><U101/><E101/><V97/><F43/><W21/><G8/><N who="0" m="2063" /><D126/><U15/><E83/><V42/><F91/><W13/><G96/><T47/><D47/><U134/><E37/><V67/><F90/><W79/><G79/><T30/><D35/><U131/><E131/><V48/><F36/><W22/><G44/><T34/><D34/><U86/><E73/><V50/><F42/><W57/><G72/><T18/><AGARI ba="0,0" hai="18,19,23,26,30" m="2063,45065,42537" machi="18" ten="40,7800,0" yaku="10,1,34,2" doraHai="95" who="0" fromWho="0" sc="356,78,214,-26,197,-26,233,-26" /><INIT seed="4,1,0,1,0,116" ten="434,188,171,207" oya="0" hai0="130,0,132,15,38,2,104,47,77,16,85,71,48" hai1="62,49,102,107,14,68,91,20,6,122,86,4,32" hai2="63,10,27,88,17,1,123,23,72,135,42,81,92" hai3="112,9,111,82,75,93,97,76,61,128,31,5,55"/><T94/><D104/><U100/><E32/><V69/><F135/><W73/><G111/><T84/><D38/><U52/><E107/><V98/><F42/><W131/><G31/><T127/><D71/><U80/><E122/><V129/><F129/><W124/><G112/><T58/><D132/><U26/><E62/><V87/><F72/><W53/><G75/><T110/><D130/><N who="3" m="49705" /><G61/><T18/><D58/><N who="1" m="33039" /><E68/><V24/><F123/><W70/><G124/><T108/><D127/><U25/><E25/><V54/><F27/><W51/><G51/><T126/><D126/><U109/><E109/><N who="0" m="42089" /><D77/><U95/><E14/><V28/><F1/><N who="0" m="618" /><D94/><U79/><E79/><V33/><F33/><W22/><G70/><T43/><D18/><N who="1" m="12567" /><E95/><V125/><F125/><W67/><G93/><T83/><D83/><U113/><E113/><V117/><F117/><W121/><G82/><T41/><D43/><U59/><E59/><N who="2" m="35319" /><F69/><W103/><G76/><T57/><D57/><U105/><E105/><V3/><F3/><W29/><G121/><T114/><D114/><U8/><E8/><AGARI ba="1,0" hai="8,15,16,41,47,48,84,85" m="618,42089" machi="8" ten="30,2900,0" yaku="10,1,54,1" doraHai="116" who="0" fromWho="1" sc="434,32,188,-32,171,0,207,0" /><INIT seed="4,2,0,5,4,124" ten="466,156,171,207" oya="0" hai0="16,69,100,103,105,83,77,88,6,26,21,79,24" hai1="13,56,42,64,45,95,81,127,86,92,43,102,107" hai2="114,108,122,111,8,25,129,63,72,10,2,9,87" hai3="104,37,66,17,84,98,97,118,20,36,116,48,19"/><T134/><D134/><U117/><E117/><V91/><F122/><W96/><G104/><T112/><D112/><U5/><E127/><V62/><F72/><W11/><G66/><T4/><D69/><U131/><E107/><V121/><F121/><W3/><G48/><T31/><D105/><U61/><E43/><V89/><F2/><W133/><G133/><T34/><D77/><U49/><E102/><V58/><F114/><W109/><G109/><T65/><D65/><U29/><E29/><V123/><F123/><W82/><G37/><T85/><REACH who="0" step="1"/><D79/><REACH who="0" ten="456,156,171,207" step="2"/><N who="1" m="46399" /><E95/><V41/><F111/><W70/><G70/><T119/><D119/><U115/><E92/><V53/><F108/><W44/><G118/><T22/><D22/><U55/><E115/><V106/><F106/><W75/><G20/><T130/><D130/><U67/><E131/><V23/><F129/><W94/><G94/><T59/><D59/><U74/><E74/><V93/><F91/><W35/><G116/><T33/><D33/><U113/><E113/><V46/><F58/><W28/><G35/><T120/><D120/><U71/><E71/><V30/><REACH who="2" step="1"/><F53/><REACH who="2" ten="456,156,161,207" step="2"/><W68/><G75/><T125/><D125/><U128/><E128/><V80/><F80/><W73/><G82/><T1/><D1/><U54/><E54/><V126/><F126/><W60/><G3/><T110/><D110/><U76/><E76/><V57/><F57/><W52/><G73/><T90/><D90/><U99/><E99/><V38/><AGARI ba="2,2" hai="8,9,10,23,25,30,38,41,46,62,63,87,89,93" machi="38" ten="30,2000,0" yaku="1,1,0,1,53,0" doraHai="124" doraHaiUra="15" who="2" fromWho="2" sc="456,-12,156,-7,161,46,207,-7" /><INIT seed="5,0,0,0,1,94" ten="444,149,207,200" oya="1" hai0="100,80,3,17,118,67,47,56,84,74,122,128,75" hai1="90,37,87,15,44,23,101,28,112,36,125,86,0" hai2="132,41,45,10,116,123,35,103,78,114,133,97,70" hai3="92,25,7,33,88,99,40,71,135,134,69,109,124"/><U72/><E72/><V95/><F116/><W18/><G109/><T39/><D118/><U119/><E119/><V115/><F123/><W13/><G7/><T85/><D3/><U24/><E112/><N who="2" m="43051" /><F70/><W12/><G40/><T91/><D128/><U82/><E125/><V9/><F78/><W63/><G124/><T120/><D100/><U46/><E0/><V79/><F79/><W32/><G12/><T111/><D111/><U11/><E101/><V57/><F57/><W4/><G4/><T2/><D2/><U38/><REACH who="1" step="1"/><E87/><REACH who="1" ten="444,139,207,200" step="2"/><V81/><F81/><W76/><G135/><N who="2" m="51785" /><F35/><W130/><G33/><T129/><D80/><U21/><E21/><V107/><F107/><W14/><G32/><T73/><D75/><U1/><E1/><V53/><F53/><W110/><G134/><T93/><D74/><U113/><E113/><V8/><F10/><W19/><G110/><T16/><D73/><U83/><E83/><V5/><F5/><AGARI ba="0,1" hai="5,11,15,23,24,28,36,37,38,44,46,82,86,90" machi="5" ten="40,2000,0" yaku="1,1,53,0" doraHai="94" doraHaiUra="30" who="1" fromWho="2" sc="444,0,139,30,207,-20,200,0" /><INIT seed="5,1,0,5,2,84" ten="444,169,187,200" oya="1" hai0="93,113,22,128,80,133,14,69,71,32,23,90,67" hai1="7,77,88,60,108,20,98,119,89,72,56,16,5" hai2="123,102,21,35,127,45,97,46,115,114,42,17,126" hai3="116,8,15,117,37,65,48,125,40,57,81,9,124"/><U87/><E119/><N who="3" m="45642" /><G37/><T24/><D113/><N who="2" m="43018" /><F35/><W28/><G28/><T120/><D133/><U53/><E72/><V68/><F68/><W10/><G40/><T55/><D128/><U59/><E108/><V104/><F123/><W103/><G103/><T130/><D130/><U50/><E77/><V44/><F42/><W47/><G81/><T106/><D32/><U135/><E98/><V52/><F52/><N who="3" m="29727" /><G15/><AGARI ba="1,0" hai="15,17,21,44,45,46,97,102,104,126,127" m="43018" machi="15" ten="30,2000,0" yaku="15,1,11,1" doraHai="84" who="2" fromWho="3" sc="444,0,169,0,187,23,200,-23" /><INIT seed="6,0,0,4,0,53" ten="444,169,210,177" oya="2" hai0="81,50,69,31,89,121,100,59,38,40,39,18,106" hai1="120,76,13,68,92,55,101,22,41,132,25,109,30" hai2="15,86,67,95,110,114,35,1,17,91,29,105,11" hai3="96,112,4,58,9,28,107,133,3,27,14,117,63"/><V75/><F114/><W113/><G117/><T8/><D69/><U54/><E109/><V19/><F105/><W64/><G133/><T73/><D31/><U56/><E132/><V124/><F75/><W21/><G107/><T131/><D131/><U129/><E129/><V33/><F124/><W2/><REACH who="3" step="1"/><G96/><REACH who="3" ten="444,169,210,167" step="2"/><T70/><D106/><U125/><E125/><V45/><F110/><W79/><G79/><T16/><D121/><U83/><E76/><V116/><F116/><W62/><G62/><T20/><D73/><U47/><E120/><V12/><F86/><W123/><G123/><T87/><D38/><U24/><E68/><V98/><F98/><W10/><G10/><T23/><D39/><U66/><E83/><V0/><F11/><W7/><G7/><T6/><D70/><U26/><E92/><V94/><F94/><W57/><G57/><T34/><D6/><U90/><E56/><V84/><F84/><W97/><G97/><T126/><D8/><U119/><E119/><V104/><F95/><W77/><G77/><T65/><D126/><U48/><E48/><V85/><F85/><W108/><G108/><T88/><D81/><U44/><E44/><V51/><F45/><W71/><G71/><T111/><D59/><U122/><E47/><V36/><F51/><W52/><G52/><T78/><D50/><U80/><E55/><V93/><F36/><W99/><G99/><T127/><D87/><N who="1" m="50535" /><E54/><V37/><F37/><W46/><G46/><T61/><D127/><U43/><E122/><V32/><F104/><W72/><G72/><T115/><D111/><RYUUKYOKU ba="0,1" sc="444,-10,169,-10,210,-10,167,30" hai3="2,3,4,9,14,21,27,28,58,63,64,112,113" /><INIT seed="7,1,1,4,3,71" ten="434,159,200,197" oya="3" hai0="125,66,122,14,134,105,49,2,0,117,55,67,92" hai1="46,112,70,120,96,62,25,23,61,101,132,127,98" hai2="5,47,91,84,60,135,81,6,111,76,118,54,82" hai3="79,57,16,69,29,40,48,110,13,36,38,83,80"/><W130/><G69/><T53/><D122/><U128/><E120/><V8/><F111/><W22/><G130/><T7/><D105/><U77/><E128/><V43/><F118/><W26/><G110/><T73/><D73/><U37/><E132/><V94/><F135/><W119/><G119/><T104/><D104/><U15/><E127/><V106/><F106/><W10/><G83/><T20/><D20/><U95/><E112/><V31/><F31/><W63/><G48/><T51/><D92/><U109/><E109/><V24/><F24/><W18/><G40/><T123/><D14/><U99/><E77/><V126/><F126/><W113/><G29/><T121/><D7/><U56/><E70/><V1/><F6/><W3/><G3/><T131/><D131/><U90/><E15/><V78/><F82/><W45/><G45/><T4/><D4/><U50/><E37/><V124/><F124/><W52/><G113/><T108/><D108/><U133/><E133/><V65/><F54/><W11/><G10/><T68/><D68/><U30/><E56/><V9/><F8/><W85/><AGARI ba="1,1" hai="11,13,16,18,22,26,36,38,52,57,63,79,80,85" machi="85" ten="20,18000,2" yaku="0,1,7,1,52,2,54,2" doraHai="71" who="3" fromWho="3" sc="434,-61,159,-61,200,-61,197,193" owari="373,17.3,98,-40.2,139,-26.1,390,49.0" /></mjloggm>