<mjloggm ver="2.3"><GO type="169" lobby="0"/><UN n0="%E3%83%A8%E3%82%B3%E3%83%86%E3%82%A3%E3%83%B3%40" n1="%E3%83%87%E3%83%93%E3%83%AB%E3%81%BE%E3%83%BC%E3%81%8F%E3%82%93" n2="%E3%81%82%E3%81%84%E3%81%93%E3%81%99" n3="%E6%98%AF%E6%94%BF%E3%81%AE%E5%A4%95%E9%99%BD" dan="16,16,16,17" rate="2104.91,2087.28,2140.61,2163.41" sx="M,M,M,M"/><TAIKYOKU oya="0"/><INIT seed="0,0,0,0,4,57" ten="250,250,250,250" oya="0" hai0="111,3,127,83,14,1,52,29,38,102,31,18,131" hai1="77,133,79,135,134,33,16,61,48,8,35,91,32" hai2="28,70,112,100,37,41,122,62,58,55,113,11,86" hai3="64,5,106,126,72,47,21,25,101,67,97,49,13"/><T36/><D131/><U73/><E73/><V9/><F122/><W30/><G126/><T128/><D128/><U92/><E48/><V34/><F100/><W2/><G2/><T114/><D114/><U96/><REACH who="1" step="1"/><E61/><REACH who="1" ten="250,240,250,250" step="2"/><V82/><F113/><W51/><G72/><T80/><D127/><U56/><E56/><V50/><F112/><W60/><G51/><T39/><D39/><U68/><E68/><V19/><F37/><W59/><G5/><T95/><D36/><U53/><E53/><V104/><F70/><W85/><G13/><AGARI ba="0,1" hai="8,13,16,32,33,35,77,79,91,92,96,133,134,135" machi="13" ten="50,6400,0" yaku="1,1,20,1,54,1,53,0" doraHai="57" doraHaiUra="40" who="1" fromWho="3" sc="250,0,240,74,250,0,250,-64" /><INIT seed="1,0,0,3,2,41" ten="250,314,250,186" oya="1" hai0="2,121,124,54,42,67,126,56,6,60,0,53,131" hai1="29,33,103,65,87,16,80,17,14,40,23,43,27" hai2="61,25,98,57,116,35,110,117,96,75,129,52,85" hai3="115,48,130,37,77,11,50,12,15,97,112,133,9"/><U99/><E65/><V72/><F110/><W127/><G37/><T34/><D34/><U82/><E17/><V74/><F129/><W105/><G127/><N who="0" m="48683" /><D131/><U7/><E7/><V94/><F85/><W5/><G133/><T107/><D107/><U122/><E122/><V109/><F109/><W119/><G130/><T24/><D121/><U18/><E18/><V62/><F98/><W51/><G119/><T38/><D24/><U132/><E132/><V66/><F35/><W83/><G97/><T81/><D81/><U10/><E82/><V49/><F25/><W21/><G21/><T63/><D6/><U8/><E8/><V93/><F62/><W71/><G71/><N who="0" m="42471" /><D2/><U89/><REACH who="1" step="1"/><E33/><REACH who="1" ten="250,304,250,186" step="2"/><V114/><F117/><W19/><REACH who="3" step="1"/><G105/><AGARI ba="0,1" hai="10,14,16,23,27,29,40,43,80,87,89,99,103,105" machi="105" ten="30,12000,1" yaku="1,1,2,1,7,1,54,1,53,1" doraHai="41" doraHaiUra="102" who="1" fromWho="3" sc="250,0,304,130,250,0,186,-120" /><INIT seed="1,1,0,5,0,103" ten="250,434,250,66" oya="1" hai0="118,125,3,13,37,53,11,98,30,75,63,106,117" hai1="74,59,77,124,107,49,16,20,84,55,85,12,1" hai2="43,41,7,88,62,109,108,101,52,39,104,135,2" hai3="10,130,35,105,18,102,22,56,113,29,112,92,120"/><U4/><E124/><V47/><F135/><W33/><G120/><T115/><D115/><U14/><E1/><V58/><F43/><W57/><G130/><T32/><D125/><U134/><E134/><V73/><F73/><W116/><G116/><T44/><D63/><U133/><E133/><V122/><F122/><W121/><G92/><T93/><D75/><U9/><REACH who="1" step="1"/><E107/><REACH who="1" ten="250,424,250,66" step="2"/><V67/><F2/><W81/><G105/><T90/><D106/><U69/><E69/><V38/><F7/><W128/><G121/><T45/><D3/><U70/><E70/><V40/><F109/><W66/><G112/><T99/><D118/><U129/><E129/><V0/><F0/><W54/><G128/><T94/><D117/><U65/><E65/><V48/><F108/><W61/><G113/><T97/><D53/><U17/><E17/><V27/><F41/><W82/><G18/><T87/><D30/><U26/><E26/><V131/><F27/><W96/><G29/><T6/><D32/><U23/><E23/><V91/><F131/><W78/><G22/><T8/><D8/><U68/><E68/><N who="2" m="42103" /><F38/><W21/><G21/><T15/><D37/><U5/><E5/><V89/><F104/><W31/><G10/><T114/><D114/><U50/><E50/><V28/><F28/><W79/><G31/><T127/><D127/><U42/><E42/><V71/><F71/><W80/><G35/><T132/><D132/><U46/><E46/><N who="0" m="18025" /><D15/><U64/><E64/><V19/><F19/><W25/><G33/><T111/><D111/><U76/><E76/><V123/><F123/><RYUUKYOKU ba="1,1" sc="250,10,424,10,250,10,66,-30" hai0="6,11,13,87,90,93,94,97,98,99" hai1="4,9,12,14,16,20,49,55,59,74,77,84,85" hai2="39,40,47,48,52,58,88,89,91,101" /><INIT seed="1,2,1,3,1,93" ten="260,434,260,36" oya="1" hai0="89,85,47,98,13,131,11,106,110,1,114,108,113" hai1="86,99,107,58,88,133,26,71,6,76,130,91,41" hai2="101,27,129,25,97,66,75,63,38,121,117,53,52" hai3="20,23,105,0,40,115,77,59,17,134,120,50,31"/><U45/><E71/><V35/><F121/><W102/><G0/><T72/><D1/><U118/><E118/><V80/><F117/><W73/><G115/><T61/><D131/><U90/><E130/><V4/><F4/><W81/><G134/><T49/><D61/><U51/><E133/><V29/><F25/><W116/><G120/><T54/><D72/><U43/><E43/><V78/><F38/><W70/><G70/><T83/><D106/><U62/><E6/><V32/><F32/><W84/><G73/><T79/><D79/><U92/><E26/><V69/><F129/><W68/><G68/><T24/><D24/><U48/><E48/><V109/><F109/><N who="0" m="42090" /><D98/><U125/><E125/><V33/><F33/><W96/><G116/><T19/><AGARI ba="2,1" hai="11,13,19,47,49,54,83,85,89,113,114" m="42090" machi="19" ten="30,2000,0" yaku="25,1,14,1" doraHai="93" who="0" fromWho="0" sc="260,36,434,-12,260,-7,36,-7" /><INIT seed="2,0,0,4,0,105" ten="296,422,253,29" oya="2" hai0="126,5,128,28,133,107,10,106,7,41,71,82,6" hai1="100,98,79,122,55,67,17,76,39,108,61,36,15" hai2="42,89,83,50,134,13,31,56,75,92,102,21,14" hai3="125,19,47,32,51,0,80,94,117,119,81,96,110"/><V87/><F134/><W118/><G32/><T11/><D71/><U109/><E55/><V27/><F75/><W3/><G110/><N who="1" m="42602" /><E122/><V66/><F42/><W8/><G125/><T131/><D41/><U64/><E76/><V37/><F37/><W33/><G33/><T69/><D69/><N who="1" m="42127" /><E67/><V4/><F4/><W29/><G29/><T103/><D126/><U123/><E79/><V115/><F115/><W43/><G19/><T48/><D48/><U84/><E84/><V53/><REACH who="2" step="1"/><F66/><REACH who="2" ten="296,422,243,29" step="2"/><W104/><G3/><T93/><D133/><U1/><E123/><V116/><F116/><W99/><G0/><T2/><D5/><U73/><E73/><V70/><F70/><W18/><G117/><T65/><D65/><U120/><E1/><V127/><F127/><W44/><G118/><T46/><D6/><U68/><E68/><V26/><F26/><W38/><G119/><T58/><D7/><U16/><E120/><V35/><F35/><W24/><G24/><T25/><D25/><U121/><E121/><V20/><F20/><W54/><G38/><N who="1" m="14378" /><E15/><V112/><F112/><W62/><G43/><T30/><D2/><U34/><E34/><V86/><F86/><W124/><G124/><T95/><D10/><U57/><E57/><V129/><F129/><W12/><G99/><AGARI ba="0,1" hai="13,14,21,27,31,50,53,56,83,87,89,92,99,102" machi="99" ten="40,7700,0" yaku="1,1,8,1,53,1" doraHai="105" doraHaiUra="49" who="2" fromWho="3" sc="296,0,422,0,243,87,29,-77" owari="296,-10.4,422,52.2,330,13.0,-48,-54.8" /></mjloggm>