<mjloggm ver="2.3"><GO type="169" lobby="0"/><UN n0="%6E%6F%73%75%6B%65" n1="%E6%88%91%E5%8F%AF%E4%BB%A5" n2="%E3%81%8B%E3%82%81%E3%81%98%E3%82%8D%E3%81%86" n3="%68%61%6B%75%30%37" dan="17,16,16,18" rate="2166.36,2108.82,2089.19,2192.05" sx="M,M,M,M"/><TAIKYOKU oya="0"/><INIT seed="0,0,0,2,3,92" ten="250,250,250,250" oya="0" hai0="37,133,43,104,91,45,61,81,59,99,135,96,113" hai1="57,14,62,131,67,94,33,20,63,10,6,40,85" hai2="73,111,27,88,119,12,117,29,52,70,114,28,134" hai3="130,60,55,23,51,121,26,126,69,76,127,54,5"/><T35/><D113/><U109/><E33/><V72/><F114/><W32/><G32/><T112/><D112/><U93/><E109/><V17/><F111/><W36/><G5/><T98/><D35/><U22/><E131/><V7/><F70/><W101/><G76/><T4/><D4/><U16/><E40/><V80/><F134/><N who="0" m="51210" /><D104/><U122/><E122/><V83/><F7/><W95/><G36/><T47/><D47/><U106/><E106/><V11/><F73/><W41/><G41/><T125/><D125/><U79/><E22/><N who="2" m="15479" /><F29/><W13/><G13/><T19/><D19/><U25/><REACH who="1" step="1"/><E62/><REACH who="1" ten="250,240,250,250" step="2"/><V110/><F110/><W21/><G21/><T102/><D102/><U74/><E74/><V66/><F117/><W30/><G130/><T39/><D39/><U31/><E31/><V34/><F72/><W120/><G121/><T58/><D61/><U89/><E89/><V118/><F88/><W9/><G120/><T15/><D15/><U97/><E97/><V2/><F34/><W1/><G101/><T115/><D115/><U46/><E46/><V8/><F12/><W128/><G128/><T77/><D91/><U124/><E124/><V84/><F118/><W65/><G127/><T87/><AGARI ba="0,1" hai="37,43,45,58,59,77,81,87,96,98,99" m="51210" machi="87" ten="30,11700,0" yaku="20,1,52,3" doraHai="92" who="0" fromWho="0" sc="250,127,240,-39,250,-39,250,-39" /><INIT seed="0,1,0,1,0,73" ten="377,201,211,211" oya="0" hai0="11,65,40,75,62,108,105,109,106,119,4,36,110" hai1="39,51,84,91,78,63,125,77,57,112,100,128,114" hai2="117,68,118,58,103,76,47,42,72,59,26,12,32" hai3="70,123,37,116,33,60,56,133,122,38,18,67,132"/><T55/><D119/><N who="2" m="45578" /><F68/><W66/><G33/><T86/><D75/><U107/><E39/><N who="3" m="14858" /><G116/><T19/><D19/><U22/><E125/><V21/><F103/><W25/><G25/><T7/><D55/><U52/><E128/><V71/><F71/><W82/><G82/><T23/><D23/><U8/><E8/><V35/><F12/><W79/><G79/><N who="1" m="30218" /><E107/><V30/><F76/><W92/><G92/><T17/><D86/><U94/><E100/><V74/><F72/><W13/><G18/><T50/><D17/><U90/><E22/><V83/><F83/><W104/><G13/><T34/><D34/><N who="2" m="12842" /><F74/><W46/><G104/><T2/><D7/><U81/><E112/><V24/><F24/><W89/><G89/><T29/><D29/><U48/><E114/><V102/><F102/><W3/><G3/><T0/><D0/><U61/><E61/><V10/><F10/><W69/><G69/><N who="0" m="42167" /><D50/><AGARI ba="1,0" hai="21,26,30,42,47,50,58,59" m="12842,45578" machi="50" ten="30,1000,0" yaku="12,1" doraHai="73" who="2" fromWho="0" sc="377,-13,201,0,211,13,211,0" /><INIT seed="1,0,0,5,1,42" ten="364,201,224,211" oya="1" hai0="33,109,96,111,21,104,75,24,131,23,81,133,52" hai1="62,107,3,40,87,50,64,88,98,53,7,19,76" hai2="79,110,90,5,84,0,55,30,58,34,46,2,106" hai3="115,124,47,100,129,49,94,117,57,134,9,17,1"/><U39/><E76/><V56/><F106/><W14/><G115/><T15/><D133/><U63/><E39/><V26/><F110/><W89/><G134/><T127/><D127/><U73/><E40/><V51/><F79/><W70/><G70/><T130/><D75/><U135/><E73/><V119/><F119/><W6/><G129/><N who="0" m="49163" /><D81/><U91/><E19/><V93/><F5/><W20/><G124/><T4/><D96/><U80/><E135/><V112/><F112/><W121/><G121/><T101/><D101/><U16/><E64/><V78/><F78/><W32/><G32/><T59/><D104/><U67/><E67/><V68/><F68/><W43/><G100/><T66/><D66/><U120/><E120/><V36/><REACH who="2" step="1"/><F36/><REACH who="2" ten="364,201,214,211" step="2"/><W37/><G117/><T108/><D4/><U125/><E125/><V41/><F41/><W105/><G105/><T74/><D74/><U128/><E128/><V103/><F103/><W22/><G37/><T102/><D102/><U99/><E107/><V114/><F114/><W8/><REACH who="3" step="1"/><G57/><AGARI ba="0,1" hai="0,2,26,30,34,46,51,55,56,57,58,84,90,93" machi="57" ten="40,5200,0" yaku="1,1,52,1,53,1" doraHai="42" doraHaiUra="25" who="2" fromWho="3" sc="364,0,201,0,214,62,211,-52" /><INIT seed="2,0,0,3,4,27" ten="364,201,276,159" oya="2" hai0="72,124,99,61,3,75,21,63,78,105,108,128,87" hai1="121,34,40,77,17,8,64,116,15,129,110,18,127" hai2="73,79,132,65,48,24,16,70,11,85,89,104,55" hai3="45,102,44,56,68,10,106,0,39,115,49,125,117"/><V31/><F104/><W71/><G10/><T101/><D108/><U74/><E116/><V103/><F103/><W30/><G0/><T6/><D124/><U35/><E64/><V86/><F132/><W134/><G102/><T123/><D123/><U80/><E110/><V97/><F97/><W92/><G92/><T133/><D133/><U20/><E127/><V58/><F73/><W41/><G30/><T126/><D128/><U52/><E40/><V13/><F79/><W122/><G106/><T37/><D37/><U26/><E129/><V46/><F70/><N who="3" m="26667" /><G125/><T107/><D107/><U29/><E121/><V59/><F65/><W88/><G88/><T96/><D96/><U7/><E18/><V62/><F62/><W83/><G83/><T118/><D63/><U130/><E130/><V114/><F114/><W53/><G122/><T112/><D61/><U93/><E93/><V98/><F98/><W32/><G32/><T91/><D112/><U66/><E66/><V4/><F4/><W50/><G134/><T33/><D33/><U23/><REACH who="1" step="1"/><E52/><REACH who="1" ten="364,191,276,159" step="2"/><V28/><F16/><W95/><G95/><T90/><D126/><U1/><AGARI ba="0,1" hai="1,7,8,15,17,20,23,26,29,34,35,74,77,80" machi="1" ten="20,8000,1" yaku="1,1,2,1,0,1,7,1,52,1,53,0" doraHai="27" doraHaiUra="94" who="1" fromWho="1" sc="364,-20,191,90,276,-40,159,-20" /><INIT seed="3,0,0,0,4,99" ten="344,281,236,139" oya="3" hai0="25,125,83,70,130,3,27,75,18,96,111,127,23" hai1="45,112,41,88,8,54,31,107,65,57,29,110,24" hai2="53,81,7,46,61,58,116,37,36,104,5,85,108" hai3="59,126,135,56,86,98,77,13,78,17,129,113,121"/><W101/><G113/><T79/><D111/><U128/><E112/><V42/><F116/><W6/><G121/><T89/><D130/><U74/><E74/><V16/><F108/><W132/><G129/><T131/><D131/><U49/><E110/><V26/><F104/><W9/><G126/><N who="0" m="48139" /><D70/><U118/><E118/><V33/><F37/><W100/><G6/><T66/><D66/><U117/><E117/><V120/><F120/><W114/><G114/><T95/><D3/><U22/><E107/><V51/><F36/><W72/><G72/><T21/><D21/><U73/><E73/><V124/><F124/><W91/><G98/><T12/><AGARI ba="0,0" hai="12,18,23,25,27,75,79,83,89,95,96" m="48139" machi="12" ten="30,1100,0" yaku="18,1" doraHai="99" who="0" fromWho="0" sc="344,11,281,-3,236,-3,139,-5" /><INIT seed="4,0,0,0,1,18" ten="355,278,233,134" oya="0" hai0="101,77,118,29,86,89,116,107,24,76,80,44,19" hai1="129,74,57,36,103,130,52,28,71,33,50,113,79" hai2="7,1,98,110,133,62,75,134,132,21,120,5,59" hai3="41,115,67,87,25,49,23,16,106,46,35,81,63"/><T8/><D44/><U128/><E36/><V95/><F110/><W97/><G115/><T51/><D51/><U94/><E71/><V13/><F120/><W4/><G35/><T83/><D19/><U124/><E124/><V102/><F75/><W96/><G4/><T20/><D8/><U0/><E0/><V117/><F117/><W78/><REACH who="3" step="1"/><G106/><REACH who="3" ten="355,278,233,124" step="2"/><T84/><D107/><U125/><E113/><V47/><F1/><W82/><G82/><T92/><REACH who="0" step="1"/><D101/><REACH who="0" ten="345,278,233,124" step="2"/><U66/><E103/><V10/><F5/><W34/><G34/><T27/><D27/><U22/><E33/><V38/><F102/><W58/><AGARI ba="0,2" hai="16,23,25,41,46,49,58,63,67,78,81,87,96,97" machi="58" ten="20,12000,2" yaku="1,1,0,1,7,1,8,1,52,1,54,1,53,1" doraHai="18" doraHaiUra="12" who="3" fromWho="3" sc="345,-60,278,-30,233,-30,124,140" /><INIT seed="5,0,0,4,2,116" ten="285,248,203,264" oya="1" hai0="61,16,119,45,52,43,5,1,27,109,106,134,126" hai1="129,60,115,33,112,81,130,2,91,95,39,69,41" hai2="76,111,82,92,35,102,55,90,4,50,23,75,9" hai3="128,133,79,15,46,47,77,40,101,24,113,118,108"/><U80/><E2/><V29/><F111/><W72/><G108/><T53/><D109/><U132/><E33/><V38/><F38/><W13/><G118/><T83/><D119/><U12/><E132/><V66/><F66/><W62/><G133/><T31/><D134/><U94/><E12/><V124/><F124/><W65/><G113/><N who="1" m="43594" /><E41/><V117/><F117/><W7/><G128/><N who="1" m="49258" /><E39/><V78/><F78/><W19/><G77/><T93/><D5/><U100/><E60/><V84/><F102/><W105/><G101/><T34/><D61/><U122/><E69/><V42/><F35/><W74/><G13/><T8/><D1/><U21/><E21/><V48/><F42/><W127/><G15/><T25/><D8/><U54/><E54/><V36/><F36/><W3/><G3/><T28/><D16/><U64/><E64/><V88/><F90/><W89/><G89/><T107/><D53/><U26/><E26/><V99/><F75/><W49/><G72/><T0/><D52/><U14/><E14/><N who="2" m="5415" /><F55/><W123/><G74/><T6/><D6/><U20/><E20/><V120/><F48/><W11/><G49/><T131/><D0/><U125/><E122/><V56/><F120/><W51/><G123/><T70/><D70/><U104/><E104/><V10/><F10/><W32/><G11/><T22/><D131/><U63/><E63/><V67/><F50/><W57/><G62/><T97/><D107/><U110/><E110/><V18/><F29/><W58/><G105/><T121/><D106/><U73/><E73/><V17/><F23/><W86/><G40/><RYUUKYOKU ba="0,0" sc="285,-10,248,-10,203,30,264,-10" hai2="17,18,56,67,76,82,84,88,92,99" /><INIT seed="6,1,0,5,3,86" ten="275,238,233,254" oya="2" hai0="61,80,92,62,37,38,19,3,27,100,34,127,29" hai1="66,53,8,105,41,81,90,123,83,132,36,109,107" hai2="71,25,17,125,88,10,20,22,69,94,48,77,18" hai3="129,15,0,1,65,97,120,76,112,24,95,45,4"/><V91/><F125/><W121/><G76/><T35/><D3/><U85/><E109/><V21/><F77/><W96/><G65/><T47/><D80/><U126/><E126/><V102/><F10/><W114/><G24/><T54/><D35/><U64/><E132/><V103/><F48/><W135/><G45/><T82/><D82/><U122/><E81/><V6/><F6/><W93/><G15/><T113/><D113/><N who="3" m="43625" /><G129/><T117/><D47/><N who="1" m="23975" /><E53/><V75/><F75/><W9/><G0/><T5/><D54/><U111/><E8/><V52/><F52/><W133/><G93/><T108/><D92/><U131/><E111/><V28/><F28/><W128/><G96/><T57/><D27/><U134/><E134/><N who="3" m="51210" /><G128/><T116/><D108/><U67/><E131/><V40/><F40/><W50/><G50/><T12/><D12/><U11/><E11/><V13/><F22/><W43/><G43/><T124/><D124/><U49/><E49/><V99/><REACH who="2" step="1"/><F103/><AGARI ba="1,0" hai="1,4,9,95,97,103,120,121" m="51210,43625" machi="103" ten="30,3900,0" yaku="15,1,11,1,20,1" doraHai="86" who="3" fromWho="2" sc="275,0,238,0,233,-42,254,42" /><INIT seed="7,0,0,5,3,4" ten="275,238,191,296" oya="3" hai0="117,40,90,107,89,92,24,32,26,44,122,11,91" hai1="93,96,28,121,84,108,60,57,9,74,118,109,110" hai2="64,17,27,75,36,85,46,18,76,134,77,23,20" hai3="112,80,113,111,95,39,7,63,81,50,48,52,6"/><W124/><G39/><T34/><D107/><U98/><E121/><V73/><F134/><W33/><G33/><T31/><D122/><U55/><E74/><V78/><F64/><W12/><G124/><T70/><D70/><U86/><E118/><V35/><F35/><W47/><G111/><T131/><D131/><U104/><E28/><V103/><F103/><W79/><G63/><T3/><D117/><U88/><REACH who="1" step="1"/><E9/><REACH who="1" ten="275,228,191,296" step="2"/><V135/><F135/><W119/><G119/><T30/><D11/><U16/><E16/><V22/><F85/><W129/><G129/><T132/><D132/><U41/><E41/><V62/><F62/><W97/><G6/><T130/><D130/><U68/><E68/><V29/><F29/><W71/><G71/><T120/><D120/><U106/><E106/><V54/><F23/><W43/><G113/><T25/><D31/><U51/><E51/><N who="2" m="29047" /><F36/><W15/><G112/><T2/><D30/><U99/><E99/><V105/><F105/><W1/><G48/><T8/><D34/><U114/><E114/><V21/><F21/><W49/><G49/><T82/><D32/><U5/><E5/><V45/><F73/><N who="3" m="43119" /><G43/><T58/><D40/><U126/><E126/><V128/><F128/><W59/><G47/><T13/><D44/><U100/><AGARI ba="0,1" hai="55,57,60,84,86,88,93,96,98,100,104,108,109,110" machi="100" ten="40,5200,0" yaku="1,1,0,1,54,1,53,0" doraHai="4" doraHaiUra="19" who="1" fromWho="1" sc="275,-13,228,62,191,-13,296,-26" /><INIT seed="8,0,0,3,1,18" ten="262,290,178,270" oya="0" hai0="104,120,43,88,133,10,22,53,14,122,30,5,49" hai1="125,118,87,119,102,66,72,34,19,44,76,132,28" hai2="59,45,48,71,101,82,112,37,127,79,78,69,95" hai3="131,65,80,116,8,96,6,24,97,128,85,47,12"/><T20/><D104/><U38/><E125/><V105/><F105/><W4/><G116/><N who="1" m="44586" /><E132/><V36/><F112/><W103/><G65/><T25/><D133/><U73/><E102/><V26/><F127/><W35/><G4/><T33/><D43/><N who="1" m="22647" /><E66/><V135/><F135/><W100/><G100/><T63/><D63/><U13/><E28/><V106/><F106/><W29/><G47/><T110/><D110/><U130/><E34/><V129/><F59/><W81/><G81/><T27/><D88/><U98/><E98/><N who="2" m="59615" /><F37/><W89/><REACH who="3" step="1"/><G103/><REACH who="3" ten="262,290,178,260" step="2"/><T93/><D93/><U50/><E130/><AGARI ba="0,1" hai="6,8,12,24,29,35,80,85,89,96,97,128,130,131" machi="130" ten="40,5200,0" yaku="1,1,2,1,19,1,53,0" doraHai="18" doraHaiUra="121" who="3" fromWho="1" sc="262,0,290,-52,178,0,260,62" owari="262,6.2,238,-16.2,178,-32.2,322,42.2" /></mjloggm>