<mjloggm ver="2.3"><GO type="169" lobby="0"/><UN n0="%46%75%4B%61" n1="%74%34%63%34%32%32" n2="%E3%81%B3%E3%82%8D%E3%81%B4%E3%82%8D" n3="%E5%B1%B1%E6%9C%AC%E6%83%A3%E4%B8%80%E6%9C%97" dan="16,16,16,16" rate="2074.77,2133.30,2167.18,2152.53" sx="M,M,M,M"/><TAIKYOKU oya="0"/><INIT seed="0,0,0,2,5,105" ten="250,250,250,250" oya="0" hai0="96,53,135,47,62,113,56,38,10,28,93,72,90" hai1="129,32,22,27,77,29,110,73,11,92,121,26,67" hai2="63,106,101,66,39,97,86,18,95,45,81,116,14" hai3="41,68,131,59,5,108,37,124,33,50,1,89,127"/><T70/><D113/><U120/><E67/><V75/><F116/><W17/><G89/><T126/><D126/><U58/><E129/><V78/><F45/><W48/><G17/><T117/><D117/><U133/><E133/><V7/><F39/><W91/><G91/><T8/><D135/><U40/><E110/><V16/><F106/><W132/><G5/><T99/><D28/><U98/><E58/><N who="2" m="37239" /><F75/><W12/><G12/><T71/><D71/><U9/><E40/><V122/><F122/><W21/><G21/><T83/><D96/><U100/><E121/><V34/><F34/><W57/><G41/><T24/><D24/><U130/><E130/><V0/><F0/><W35/><G132/><T13/><D38/><U64/><E64/><V112/><F112/><W115/><G37/><T42/><D42/><U46/><E46/><V103/><F103/><W74/><G131/><T85/><D13/><U20/><E120/><V31/><F31/><W94/><G115/><T3/><D3/><U6/><E32/><V61/><F61/><W2/><G108/><T65/><D47/><U104/><E104/><V51/><F51/><W55/><G55/><T43/><D43/><U36/><E36/><V23/><F23/><W107/><G68/><T128/><D72/><U123/><E123/><V79/><F79/><W87/><G107/><T111/><D111/><U69/><E69/><V82/><F82/><W44/><G44/><T134/><D134/><U52/><E29/><V84/><F84/><W88/><G124/><T30/><D128/><U109/><E109/><V4/><F4/><RYUUKYOKU ba="0,0" sc="250,-10,250,-10,250,30,250,-10" hai2="7,14,16,18,78,81,86,95,97,101" /><INIT seed="1,1,0,0,4,130" ten="240,240,280,240" oya="1" hai0="85,71,116,132,40,27,32,66,29,113,53,120,89" hai1="34,43,109,104,74,25,134,92,124,128,73,63,75" hai2="0,90,77,20,121,51,91,6,67,45,48,1,115" hai3="19,59,112,87,47,119,2,16,56,94,95,4,100"/><U114/><E114/><V41/><F121/><W106/><G112/><T102/><D113/><U46/><E128/><V14/><F115/><W99/><G119/><T125/><D116/><U9/><E124/><V10/><F67/><W122/><G122/><T24/><D120/><U36/><E92/><V64/><F64/><W86/><G47/><T82/><D125/><U68/><E9/><V39/><F39/><W12/><G2/><T133/><D40/><U58/><E109/><V22/><F77/><W88/><G4/><T123/><D123/><U50/><E104/><V55/><F1/><W98/><G19/><T126/><D126/><U31/><E50/><V3/><F3/><W79/><G79/><T76/><D102/><U11/><E11/><V49/><F49/><W129/><G129/><T15/><D15/><U135/><REACH who="1" step="1"/><E68/><REACH who="1" ten="240,230,280,240" step="2"/><V105/><F105/><W96/><G96/><T117/><D117/><U21/><E21/><N who="2" m="8299" /><F0/><W78/><G106/><T93/><D71/><U72/><N who="1" m="18432" /><DORA hai="81" /><U69/><E69/><V42/><F42/><W110/><G110/><T13/><D93/><U83/><E83/><V107/><F107/><W37/><G37/><T57/><D76/><U54/><AGARI ba="1,1" hai="25,31,34,36,43,46,54,58,63,134,135" m="18432" machi="54" ten="60,12000,1" yaku="1,1,0,1,52,2,53,0" doraHai="130,81" doraHaiUra="18,33" who="1" fromWho="1" sc="240,-41,230,133,280,-41,240,-41" /><INIT seed="1,2,0,2,5,13" ten="199,363,239,199" oya="1" hai0="85,108,73,60,110,43,131,91,92,58,75,50,118" hai1="56,82,1,133,25,16,93,49,0,18,127,116,89" hai2="55,52,94,28,66,103,76,24,71,3,70,88,72" hai3="98,124,117,128,64,123,86,97,59,30,40,29,83"/><U4/><E116/><V87/><F3/><W68/><G123/><T132/><D118/><U61/><E0/><V135/><F135/><W114/><G117/><T47/><D132/><U53/><E133/><V5/><F5/><W6/><G114/><T126/><D126/><U32/><E127/><V81/><F103/><W10/><G124/><T20/><D131/><U129/><E129/><V42/><F42/><W45/><G68/><T125/><D125/><U115/><E115/><V111/><F111/><W54/><G64/><T35/><D35/><U121/><E1/><V19/><F19/><N who="1" m="7209" /><E32/><V120/><F120/><W65/><G65/><N who="0" m="39063" /><D20/><U31/><E4/><V67/><F67/><W21/><G128/><T107/><D107/><U79/><E25/><V34/><REACH who="2" step="1"/><F66/><REACH who="2" ten="199,363,229,199" step="2"/><W46/><G6/><T38/><D38/><U96/><E121/><V23/><F23/><W102/><G21/><T119/><D119/><U57/><E31/><V122/><F122/><W51/><G30/><T33/><D33/><U74/><E74/><V99/><F99/><W44/><G29/><T48/><D75/><U63/><E56/><V12/><F12/><W2/><G2/><T104/><D73/><U62/><E79/><V112/><F112/><W15/><G15/><T26/><D104/><U100/><E100/><V80/><F80/><AGARI ba="2,1" hai="49,53,57,61,62,63,80,82,89,93,96" m="7209" machi="80" ten="30,12000,1" yaku="8,1,52,3,54,1" doraHai="13" who="1" fromWho="2" sc="199,0,363,136,229,-126,199,0" /><INIT seed="1,3,0,3,5,55" ten="199,499,103,199" oya="1" hai0="119,131,35,115,85,28,111,75,120,53,4,5,91" hai1="17,47,102,42,90,103,60,52,25,135,59,16,121" hai2="114,73,68,22,54,107,122,76,51,19,23,26,38" hai3="81,87,83,132,100,34,3,109,113,64,29,74,0"/><U32/><E121/><V112/><F122/><W80/><G109/><T128/><D120/><U96/><E32/><V94/><F107/><W106/><G113/><T117/><D115/><U78/><E78/><V123/><F123/><W125/><G125/><T7/><D75/><U15/><E135/><V56/><F38/><W65/><G132/><T12/><D111/><U104/><E25/><V84/><F73/><W63/><G74/><T24/><D53/><U2/><E2/><V70/><F112/><W82/><G100/><T18/><D91/><U127/><E127/><V44/><F114/><W33/><G106/><T61/><D61/><U8/><E90/><V36/><F36/><W97/><G97/><T41/><D41/><U77/><E77/><V31/><F44/><W101/><G101/><T48/><D48/><N who="1" m="26743" /><E104/><V118/><F118/><W62/><G62/><T69/><D85/><U108/><E108/><V99/><F76/><W1/><G29/><T110/><D69/><U13/><E96/><V72/><F72/><W92/><G92/><T66/><D66/><U43/><E43/><V50/><F50/><W86/><N who="3" m="20480" /><DORA hai="49" /><W6/><G6/><T89/><D89/><U93/><E93/><V27/><F84/><N who="3" m="32299" /><G63/><T130/><REACH who="0" step="1"/><D110/><REACH who="0" ten="189,499,103,199" step="2"/><U58/><E60/><V129/><REACH who="2" step="1"/><F129/><REACH who="2" ten="189,499,93,199" step="2"/><W133/><G133/><T11/><AGARI ba="3,2" hai="4,5,7,11,12,18,24,28,35,117,119,128,130,131" machi="11" ten="40,12000,2" yaku="1,1,2,1,0,1,19,1,34,3,53,0" doraHai="55,49" doraHaiUra="95,71" who="0" fromWho="0" sc="189,149,499,-63,93,-33,199,-33" /><INIT seed="2,0,0,3,3,117" ten="338,436,60,166" oya="2" hai0="105,32,116,22,98,107,64,5,83,132,84,19,85" hai1="97,80,4,44,63,114,119,90,10,52,120,67,101" hai2="42,106,128,27,36,86,62,74,25,96,41,50,68" hai3="6,57,112,49,103,127,48,77,2,24,17,53,12"/><V55/><F74/><W65/><G127/><T129/><D32/><U109/><E114/><V113/><F113/><W47/><G112/><T29/><D116/><U82/><E119/><V51/><F128/><W121/><G121/><T108/><D129/><U78/><E120/><V13/><F51/><W30/><G77/><T56/><D5/><U71/><E90/><V40/><F36/><W73/><G73/><T92/><D108/><U3/><E109/><V37/><F37/><W38/><G103/><T75/><D75/><U93/><REACH who="1" step="1"/><E78/><REACH who="1" ten="338,426,60,166" step="2"/><V70/><F70/><W89/><G89/><T21/><D83/><U59/><E59/><V102/><F68/><W15/><G57/><T23/><D56/><U72/><E72/><V7/><F62/><W87/><G87/><T81/><D81/><U58/><E58/><V39/><F86/><W60/><G60/><T123/><D84/><U125/><E125/><V9/><REACH who="2" step="1"/><F39/><REACH who="2" ten="338,426,50,166" step="2"/><W34/><G38/><T35/><D85/><U11/><E11/><V111/><F111/><W130/><G130/><T43/><D123/><U33/><E33/><V94/><F94/><W115/><G34/><T8/><D35/><U61/><E61/><V118/><F118/><W122/><G115/><T95/><D92/><U20/><E20/><V31/><F31/><W54/><G30/><T79/><D23/><U66/><E66/><V99/><F99/><W88/><G65/><T28/><D22/><U124/><E124/><V110/><F110/><W76/><G122/><T135/><D64/><U26/><E26/><V133/><F133/><N who="0" m="51274" /><D98/><U134/><E134/><RYUUKYOKU ba="0,2" sc="338,-15,426,15,50,15,166,-15" hai1="3,4,10,44,52,63,67,71,80,82,93,97,101" hai2="7,9,13,25,27,40,41,42,50,55,96,102,106" /><INIT seed="2,1,2,5,5,38" ten="323,441,65,151" oya="2" hai0="109,15,49,14,119,101,67,81,65,12,13,51,9" hai1="134,92,39,44,31,110,21,93,118,120,18,48,133" hai2="111,116,83,40,76,3,20,106,60,132,124,61,27" hai3="50,29,98,72,16,113,42,88,77,68,125,63,55"/><V74/><F116/><W52/><G125/><T32/><D119/><U5/><E118/><V6/><F106/><W17/><G113/><T66/><D32/><U90/><E5/><V2/><F124/><W28/><G72/><T57/><D109/><U115/><E115/><V19/><F111/><W79/><G68/><T64/><D101/><U62/><E110/><V24/><F132/><N who="1" m="50793" /><E39/><V80/><F80/><W122/><G122/><T47/><D81/><U117/><E117/><V121/><F121/><W94/><G29/><T129/><D129/><U103/><E31/><V8/><F2/><W54/><G28/><T114/><D114/><U127/><E127/><V37/><F27/><W108/><G108/><T112/><D112/><U99/><E62/><V73/><F73/><W23/><G63/><T45/><N who="0" m="16384" /><DORA hai="97" /><T11/><N who="0" m="3072" /><DORA hai="123" /><T91/><D91/><U22/><E18/><N who="3" m="7274" /><G23/><T84/><D84/><N who="1" m="52295" /><E120/><V105/><REACH who="2" step="1"/><F105/><REACH who="2" ten="323,441,55,151" step="2"/><W130/><G130/><T0/><D0/><U95/><E95/><V131/><F131/><W35/><G35/><T102/><D102/><U75/><E75/><V107/><F107/><W135/><G135/><T87/><D87/><U58/><E103/><V25/><F25/><W56/><G94/><T82/><D82/><U126/><E93/><V69/><F69/><W33/><G33/><T71/><D71/><U4/><E126/><V53/><F53/><W1/><G52/><N who="0" m="29759" /><D57/><U10/><E58/><V36/><F36/><W78/><G56/><T89/><D89/><U96/><E22/><V104/><F104/><W59/><G59/><T46/><D51/><RYUUKYOKU ba="1,3" sc="323,15,441,-15,55,15,151,-15" hai0="9,11,45,46" hai2="3,6,8,19,20,24,37,40,60,61,74,76,83" /><INIT seed="2,2,3,0,1,133" ten="338,426,70,136" oya="2" hai0="55,101,72,89,57,21,24,14,119,30,43,100,7" hai1="18,129,76,2,90,1,16,59,130,38,70,91,112" hai2="107,132,44,108,46,42,67,40,12,94,69,20,98" hai3="124,56,11,83,93,25,122,96,51,61,47,63,49"/><V52/><F107/><W125/><G122/><T45/><D119/><U81/><E70/><V84/><F132/><W88/><G83/><T35/><D72/><U8/><E38/><V126/><F69/><W50/><G11/><T106/><D106/><U104/><E104/><V92/><F67/><W111/><G111/><T65/><D65/><U48/><E112/><V66/><F66/><W4/><G4/><T80/><D35/><U71/><E71/><V60/><F108/><W29/><G47/><N who="2" m="17961" /><F126/><N who="3" m="48747" /><G56/><T127/><D14/><N who="1" m="7239" /><E1/><V22/><F84/><W23/><AGARI ba="2,3" hai="23,25,29,49,50,51,61,63,88,93,96" m="48747" machi="23" ten="30,8000,1" yaku="18,1,52,3,54,1" doraHai="133" who="3" fromWho="3" sc="338,-22,426,-22,70,-42,136,116" /><INIT seed="3,0,0,2,1,55" ten="316,404,28,252" oya="3" hai0="69,79,129,24,1,105,83,17,86,30,134,31,84" hai1="100,123,73,27,21,38,45,28,121,91,116,82,120" hai2="124,0,135,16,48,92,109,10,44,29,76,67,108" hai3="118,61,107,98,101,103,95,85,64,4,131,20,127"/><W12/><G118/><T115/><D134/><U94/><E100/><V41/><F135/><W37/><G37/><T50/><D1/><U39/><E116/><V77/><F124/><W72/><G72/><T132/><D132/><U122/><E122/><V89/><F29/><W34/><G127/><T68/><D105/><U110/><E110/><V70/><F70/><W111/><G34/><T22/><D129/><U104/><E104/><V59/><F108/><W43/><G111/><T88/><D115/><U93/><E93/><V51/><F109/><W66/><G131/><T133/><D133/><U36/><E73/><V113/><F113/><W54/><G43/><T42/><D69/><U35/><E82/><V56/><F0/><W40/><G40/><T60/><D60/><U49/><E35/><V125/><F125/><W97/><G85/><T106/><D106/><U2/><E2/><V114/><F114/><W117/><G117/><T18/><D31/><U9/><E9/><V87/><F51/><W5/><G54/><T74/><D74/><U81/><E81/><V23/><F10/><W6/><REACH who="3" step="1"/><G61/><REACH who="3" ten="316,404,28,242" step="2"/><T96/><D84/><N who="1" m="52583" /><E121/><V7/><F7/><W47/><G47/><N who="0" m="25975" /><D68/><U112/><E112/><V13/><REACH who="2" step="1"/><F67/><REACH who="2" ten="316,404,18,242" step="2"/><W53/><G53/><T102/><D79/><AGARI ba="0,2" hai="13,16,23,41,44,48,56,59,76,77,79,87,89,92" machi="79" ten="40,12000,2" yaku="1,1,2,1,8,1,52,2,54,1,53,1" doraHai="55" doraHaiUra="14" who="2" fromWho="0" sc="316,-120,404,0,18,140,242,0" /><INIT seed="4,0,0,0,0,99" ten="196,404,158,242" oya="0" hai0="91,50,83,105,29,67,96,32,109,1,71,55,69" hai1="110,58,15,5,64,37,72,104,74,117,2,42,80" hai2="7,19,0,46,57,97,89,76,95,68,8,51,102" hai3="62,48,23,26,133,70,81,40,78,131,11,120,94"/><T119/><D119/><U86/><E110/><V135/><F135/><W20/><G133/><T77/><D109/><U59/><E2/><V52/><F68/><W132/><G132/><T87/><D1/><U130/><E104/><V43/><F76/><W24/><G131/><T28/><D71/><U79/><E117/><V73/><F73/><W125/><G125/><T107/><D107/><U63/><E130/><V129/><F129/><W16/><G94/><T6/><D6/><U13/><E59/><V93/><F19/><W17/><G120/><T30/><D32/><U92/><E92/><V33/><F33/><W18/><G62/><T25/><D25/><U10/><E15/><V98/><REACH who="2" step="1"/><F57/><REACH who="2" ten="196,404,148,242" step="2"/><W44/><G70/><T27/><D27/><N who="3" m="10281" /><G11/><T34/><D34/><U3/><E74/><V14/><F14/><W60/><G23/><T35/><D35/><U84/><E13/><V38/><F38/><W101/><G20/><T56/><D69/><U114/><E37/><V121/><F121/><W103/><G60/><T82/><D67/><U116/><E116/><V22/><F22/><W61/><G61/><T118/><D118/><U65/><E65/><V39/><F39/><W75/><G75/><T54/><D28/><U128/><E128/><V134/><F134/><W90/><G78/><T31/><D31/><U115/><E72/><V108/><F108/><W12/><G12/><T9/><D77/><U36/><E79/><V113/><F113/><N who="1" m="43017" /><E36/><V49/><F49/><W66/><G66/><T41/><D29/><U126/><E64/><V127/><F127/><W124/><G124/><RYUUKYOKU ba="0,1" sc="196,-15,404,-15,148,15,242,15" hai2="0,7,8,43,46,51,52,89,93,95,97,98,102" hai3="16,17,18,40,44,48,81,90,101,103" /><INIT seed="5,1,1,4,3,118" ten="181,389,163,257" oya="1" hai0="33,66,87,81,73,5,92,134,115,125,104,15,12" hai1="2,69,23,27,106,41,94,70,113,98,120,20,119" hai2="36,129,80,26,78,93,83,107,7,91,45,102,116" hai3="126,38,51,29,131,31,105,109,117,68,123,43,42"/><U62/><E119/><V52/><F116/><W3/><RYUUKYOKU type="yao9" ba="1,1" sc="181,0,389,0,163,0,257,0" hai3="3,29,31,38,42,43,51,68,105,109,117,123,126,131" /><INIT seed="5,2,1,1,5,43" ten="181,389,163,257" oya="1" hai0="59,83,19,91,127,13,77,21,50,28,42,76,73" hai1="94,39,126,54,3,102,98,61,15,23,24,84,110" hai2="38,64,9,6,18,96,92,20,129,116,14,16,125" hai3="93,122,25,2,88,87,31,80,22,36,4,67,35"/><U8/><E3/><V56/><F116/><W120/><G36/><T53/><D127/><U104/><E39/><V123/><F129/><W134/><G134/><T58/><D28/><N who="1" m="17439" /><E126/><V118/><F123/><W135/><G135/><T32/><D32/><U107/><E107/><V46/><F118/><W34/><G67/><T47/><D59/><N who="1" m="35063" /><E104/><V85/><F125/><W86/><G35/><T69/><D69/><U30/><E30/><V26/><F85/><W5/><G22/><T49/><D73/><U60/><E110/><V71/><F71/><W130/><G130/><T52/><D42/><U17/><E60/><V132/><F132/><W112/><G112/><T101/><D101/><U113/><E113/><V95/><F6/><W55/><G55/><T7/><D7/><U82/><E84/><AGARI ba="2,1" hai="13,19,21,47,49,50,52,53,58,76,77,83,84,91" machi="84" ten="40,5200,0" yaku="8,1,52,1,54,1" doraHai="43" who="0" fromWho="1" sc="181,68,389,-58,163,0,257,0" /><INIT seed="6,0,0,5,2,60" ten="249,331,163,257" oya="2" hai0="115,86,84,95,61,89,85,109,67,90,88,31,123" hai1="134,4,32,34,98,6,104,28,3,105,112,114,19" hai2="78,49,25,110,0,127,48,91,77,116,16,56,87" hai3="94,118,14,43,72,113,120,11,117,1,108,135,93"/><V39/><F116/><W44/><G1/><T99/><D123/><U50/><E134/><V62/><F39/><W131/><G120/><T133/><D133/><U18/><E98/><V12/><F127/><W74/><G135/><T129/><D109/><U82/><E82/><V17/><F0/><W111/><G113/><N who="1" m="43626" /><E50/><N who="2" m="19563" /><F25/><W5/><G131/><T7/><D115/><U54/><E54/><V55/><F110/><W59/><G59/><T125/><D125/><U106/><E28/><V57/><F57/><W68/><G68/><T23/><D129/><U13/><E3/><V10/><F17/><N who="1" m="6153" /><E13/><V79/><F79/><W83/><G111/><T76/><D7/><AGARI ba="0,0" hai="4,6,7,32,34,104,105,106" m="6153,43626" machi="7" ten="40,5200,0" yaku="28,2,15,1" doraHai="60" who="1" fromWho="0" sc="249,-52,331,52,163,0,257,0" /><INIT seed="7,0,0,5,5,134" ten="197,383,163,257" oya="3" hai0="5,21,49,10,8,81,71,99,133,90,41,23,94" hai1="17,69,124,89,47,107,11,125,123,117,65,96,120" hai2="106,131,75,72,44,35,87,103,31,109,58,121,61" hai3="91,24,22,18,104,95,16,127,84,113,27,25,54"/><W39/><G113/><T32/><D133/><U62/><E117/><V12/><F109/><W114/><G114/><T101/><D71/><U50/><E11/><V60/><F131/><W76/><G104/><T70/><D70/><U108/><E108/><V85/><F121/><W46/><G127/><N who="1" m="48714" /><E17/><V9/><F106/><W43/><G76/><T52/><D32/><U55/><E89/><V92/><F35/><W135/><G135/><T6/><D41/><U122/><E107/><V48/><F31/><W42/><G42/><T13/><D81/><U30/><E96/><V93/><F72/><W51/><REACH who="3" step="1"/><G18/><REACH who="3" ten="197,383,163,247" step="2"/><T105/><D105/><U29/><AGARI ba="0,1" hai="29,30,47,50,55,62,65,69,120,122,123" m="48714" machi="29" ten="40,8000,1" yaku="18,1,52,3" doraHai="134" who="1" fromWho="1" sc="197,-20,383,90,163,-20,247,-40" owari="177,-22.3,473,57.3,143,-35.7,207,0.7" /></mjloggm>