<mjloggm ver="2.3"><GO type="169" lobby="0"/><UN n0="%E3%81%8B%E3%81%9F%32%36%E3%82%8A" n1="%E5%B8%B0%E3%82%8A%E3%81%9F%E3%81%84%E3%80%82" n2="%50%73%79%63%68%65" n3="%4E%6F%2E%30%30%30%31" dan="16,17,16,17" rate="2099.29,2207.87,2123.43,2156.56" sx="M,M,M,F"/><TAIKYOKU oya="0"/><INIT seed="0,0,0,0,4,119" ten="250,250,250,250" oya="0" hai0="69,53,91,25,65,75,23,110,100,133,68,58,89" hai1="83,51,85,33,135,90,43,48,122,0,116,118,99" hai2="64,49,18,134,1,128,81,84,8,130,27,9,31" hai3="17,66,36,96,2,34,79,4,74,46,121,19,72"/><T113/><D113/><U129/><E0/><V108/><F64/><W21/><G34/><T131/><D75/><U111/><E33/><V61/><F61/><W45/><G66/><T30/><D133/><U86/><E122/><V39/><F39/><W56/><G56/><T32/><D131/><N who="2" m="50218" /><F108/><W97/><G121/><T55/><D110/><U80/><E129/><V92/><F92/><W104/><G104/><T6/><D6/><U59/><E111/><V13/><F49/><W107/><G107/><T7/><D7/><U112/><E135/><V95/><F95/><W12/><G17/><T71/><D100/><U37/><E37/><V77/><F134/><W106/><G46/><T125/><D125/><U102/><E112/><V115/><F115/><W62/><G62/><T126/><D126/><U38/><E38/><V57/><F57/><W60/><G60/><T35/><D65/><U78/><E48/><V16/><F1/><W52/><G106/><T44/><D35/><U103/><E59/><V14/><F27/><W54/><G72/><T5/><D5/><U28/><E118/><V88/><F31/><W26/><G26/><T24/><D44/><N who="1" m="26015" /><E28/><V41/><F41/><N who="3" m="22695" /><G54/><N who="0" m="20491" /><D58/><U40/><E40/><V29/><F29/><W73/><G52/><T105/><D105/><N who="1" m="63711" /><E116/><V87/><F87/><W11/><G73/><T15/><D25/><U20/><E103/><V123/><F123/><W101/><G101/><T132/><D132/><U76/><E76/><AGARI ba="0,0" hai="8,9,13,14,16,18,76,77,81,84,88" m="50218" machi="76" ten="30,3900,0" yaku="19,1,54,2" doraHai="119" who="2" fromWho="1" sc="250,0,250,-39,250,39,250,0" /><INIT seed="1,0,0,2,0,89" ten="250,211,289,250" oya="1" hai0="119,77,135,59,10,120,76,37,40,75,109,64,43" hai1="108,128,114,23,124,49,103,5,97,118,35,61,74" hai2="8,88,53,112,0,130,2,87,12,90,93,80,4" hai3="18,82,66,79,38,98,111,20,122,91,132,17,52"/><U99/><E114/><V126/><F130/><W32/><G122/><T78/><D119/><U24/><E118/><V30/><F126/><W48/><G38/><T6/><D109/><U22/><E128/><V92/><F112/><W33/><G111/><T107/><D107/><U73/><E108/><V25/><F53/><W94/><G66/><T29/><D29/><U11/><E124/><V16/><F4/><W51/><G51/><T57/><D135/><U60/><E35/><V69/><F69/><W81/><G81/><T21/><D21/><U31/><E22/><V85/><F80/><W58/><G132/><T65/><D37/><U55/><E74/><V45/><F45/><W42/><G42/><T113/><D113/><U133/><E73/><V54/><F54/><W26/><REACH who="3" step="1"/><G18/><REACH who="3" ten="250,211,289,240" step="2"/><T117/><D117/><U116/><E133/><V1/><F1/><W131/><G131/><T86/><D120/><U121/><E116/><V110/><F110/><W27/><G27/><T14/><D43/><U15/><E121/><V71/><F71/><W83/><G83/><N who="0" m="47463" /><D40/><U7/><E61/><V46/><F46/><W101/><G101/><T63/><D75/><AGARI ba="0,1" hai="17,20,26,32,33,48,52,58,75,79,82,91,94,98" machi="75" ten="30,7700,0" yaku="1,1,7,1,52,1,54,1,53,0" doraHai="89" doraHaiUra="3" who="3" fromWho="0" sc="250,-77,211,0,289,0,240,87" /><INIT seed="2,0,0,1,1,20" ten="173,211,289,327" oya="2" hai0="120,85,46,18,100,126,79,1,89,56,132,74,58" hai1="75,63,133,70,34,69,3,123,101,127,11,24,23" hai2="8,99,53,95,19,10,28,129,107,4,21,60,81" hai3="111,93,7,105,52,12,102,48,61,67,106,131,108"/><V104/><F28/><W30/><G131/><T15/><D120/><U112/><E112/><V51/><F129/><W33/><G93/><T86/><D1/><U36/><E36/><V14/><F81/><W115/><G7/><T130/><D132/><U59/><E75/><V29/><F29/><W90/><G90/><T62/><D74/><U38/><E38/><V72/><F72/><W118/><G12/><T68/><D126/><U6/><E34/><V92/><F60/><W83/><G83/><N who="0" m="47359" /><D68/><U13/><E133/><V41/><F41/><W73/><G73/><T128/><D100/><U113/><E113/><V103/><F95/><W31/><G31/><T135/><D135/><U77/><E77/><V17/><F10/><W98/><G106/><T124/><D124/><U0/><E101/><V94/><F94/><W84/><G84/><T16/><D62/><U55/><E123/><V116/><F116/><W27/><G118/><T22/><D18/><U5/><E127/><V39/><F39/><W37/><G37/><T80/><D130/><U114/><E114/><V35/><F35/><W91/><G91/><T45/><D128/><U119/><E119/><V57/><REACH who="2" step="1"/><F19/><REACH who="2" ten="173,211,279,327" step="2"/><W9/><G9/><T64/><D64/><U40/><E40/><V50/><F50/><W97/><G115/><T125/><D125/><U65/><E65/><V76/><F76/><W78/><G78/><T66/><D66/><U2/><REACH who="1" step="1"/><E6/><REACH who="1" ten="173,201,279,327" step="2"/><V32/><F32/><W121/><G67/><T43/><D43/><U109/><E109/><V47/><F47/><AGARI ba="0,2" hai="15,16,22,45,46,47,56,58,80,86,89" m="47359" machi="47" ten="30,2000,0" yaku="8,1,54,1" doraHai="20" who="0" fromWho="2" sc="173,40,201,0,279,-20,327,0" /><INIT seed="3,0,0,3,2,37" ten="213,201,259,327" oya="3" hai0="65,77,16,124,73,32,112,117,34,87,10,54,58" hai1="17,130,59,92,46,11,97,7,35,27,128,88,103" hai2="72,80,23,104,113,105,85,84,131,22,82,8,49" hai3="62,66,2,31,132,30,43,41,20,47,93,126,29"/><W39/><G2/><T129/><D117/><U91/><E59/><V0/><F72/><W18/><G132/><T133/><D133/><U75/><E75/><V125/><F113/><W52/><G126/><T13/><D124/><U102/><E17/><V90/><F125/><W25/><G93/><T70/><D129/><N who="1" m="49771" /><E91/><V28/><F131/><W61/><G39/><T53/><D73/><U63/><E63/><N who="3" m="24074" /><G66/><T36/><D36/><U51/><E27/><V94/><F94/><W107/><G107/><T21/><D70/><U45/><E45/><V111/><F105/><W71/><G71/><T116/><D116/><U42/><E35/><V120/><F104/><W12/><G25/><T121/><D121/><U50/><E50/><AGARI ba="0,0" hai="12,18,20,29,30,31,41,43,47,50,52" m="24074" machi="50" ten="30,11600,0" yaku="8,1,52,2,54,1" doraHai="37" who="3" fromWho="1" sc="213,0,201,-116,259,0,327,116" /><INIT seed="3,1,0,4,2,76" ten="213,85,259,443" oya="3" hai0="125,84,61,15,105,73,16,11,79,38,70,100,57" hai1="7,117,20,64,120,118,98,49,92,95,80,39,110" hai2="134,51,27,86,13,108,48,74,72,75,82,94,69" hai3="8,115,113,0,24,25,63,34,112,132,10,30,85"/><W127/><G127/><T87/><D38/><U123/><E39/><V60/><F108/><W97/><G132/><T114/><D70/><U40/><E7/><V5/><F134/><W91/><G97/><T128/><D125/><U42/><E64/><V32/><F94/><N who="1" m="35881" /><E98/><V88/><F69/><W54/><G0/><T52/><D128/><U77/><E20/><V47/><F60/><W29/><G54/><T126/><D126/><U33/><E33/><V37/><F37/><W14/><G63/><T22/><D114/><U19/><E19/><V71/><F71/><W107/><G107/><T2/><D2/><U104/><E104/><V4/><F13/><W130/><G130/><T55/><D105/><U43/><E49/><V53/><REACH who="2" step="1"/><F51/><REACH who="2" ten="213,85,249,443" step="2"/><W65/><G14/><T45/><D61/><U122/><E110/><V23/><F23/><W119/><G65/><T67/><D67/><U6/><E123/><V96/><F96/><W124/><G124/><T135/><D135/><U26/><E122/><V68/><F68/><W99/><G99/><T62/><D22/><U56/><E120/><V35/><F35/><W9/><G112/><T41/><D62/><U78/><E118/><V36/><F36/><W46/><G119/><T59/><D15/><U121/><E117/><V31/><AGARI ba="1,1" hai="4,5,27,31,32,47,48,53,72,74,75,82,86,88" machi="31" ten="40,8000,1" yaku="1,1,0,1,52,1,54,1,53,0" doraHai="76" doraHaiUra="18" who="2" fromWho="2" sc="213,-21,85,-21,249,93,443,-41" /><INIT seed="4,0,0,5,2,36" ten="192,64,342,402" oya="0" hai0="135,33,12,56,103,16,64,105,26,118,85,59,47" hai1="66,116,58,86,94,51,127,89,100,5,95,13,79" hai2="46,87,101,60,113,98,124,14,104,9,128,107,6" hai3="57,72,111,71,90,48,37,125,109,126,38,88,24"/><T53/><D118/><U108/><E108/><N who="3" m="41546" /><G72/><T102/><D135/><U7/><E127/><N who="3" m="48650" /><G71/><T74/><D74/><U54/><E116/><V84/><F124/><W91/><G24/><T63/><D105/><U81/><E66/><V18/><F107/><W68/><G68/><T99/><D47/><U80/><E13/><V23/><F113/><W83/><G83/><T77/><D26/><U67/><E67/><V78/><F78/><W4/><G4/><T134/><D33/><U75/><REACH who="1" step="1"/><E81/><REACH who="1" ten="192,54,342,402" step="2"/><V40/><F14/><W129/><G129/><T42/><D12/><U82/><E82/><V25/><F128/><W96/><G96/><AGARI ba="0,1" hai="5,7,51,54,58,75,79,80,86,89,94,95,96,100" machi="96" ten="40,1300,0" yaku="1,1,53,0" doraHai="36" doraHaiUra="61" who="1" fromWho="3" sc="192,0,54,23,342,0,402,-13" /><INIT seed="5,0,0,0,3,117" ten="192,77,342,389" oya="1" hai0="10,76,79,41,18,115,86,61,2,34,1,3,67" hai1="108,91,57,89,45,123,28,102,44,109,36,96,128" hai2="54,66,82,21,29,122,5,24,124,46,121,130,75" hai3="6,105,114,77,83,13,94,120,52,110,62,119,95"/><U135/><E128/><V92/><F130/><W7/><G110/><N who="1" m="42602" /><E135/><V127/><F66/><W118/><G120/><N who="2" m="46185" /><F5/><N who="3" m="1547" /><G13/><T73/><D115/><U126/><E123/><V20/><F92/><W107/><G107/><T16/><D41/><N who="1" m="22567" /><E126/><N who="2" m="48171" /><F21/><W99/><G114/><T26/><D34/><U116/><E45/><V84/><F75/><W104/><G94/><T111/><D73/><U132/><E116/><N who="3" m="44586" /><G95/><T103/><D111/><U11/><E11/><V125/><N who="2" m="48179" /><V112/><DORA hai="100" /><F112/><W35/><G35/><T88/><D10/><U33/><E57/><V32/><F32/><W97/><G99/><T90/><D1/><U50/><E132/><V48/><F84/><N who="3" m="48239" /><G97/><T68/><D2/><U98/><E98/><V14/><F14/><W78/><G78/><T133/><D3/><U59/><E96/><V81/><AGARI ba="0,0" hai="20,24,29,46,48,54,81,82" m="48179,46185" machi="81" ten="50,8000,1" yaku="18,1,52,3" doraHai="117,100" who="2" fromWho="2" sc="192,-20,77,-40,342,80,389,-20" /><INIT seed="6,0,0,5,1,38" ten="172,37,422,369" oya="2" hai0="2,90,5,57,36,111,108,10,27,66,102,85,113" hai1="82,125,135,115,22,61,89,50,81,29,53,130,83" hai2="31,118,132,71,122,18,65,12,93,26,123,91,9" hai3="126,14,84,40,3,77,41,78,70,62,109,20,76"/><V104/><F118/><W25/><G109/><T16/><D36/><U64/><E115/><V110/><F104/><W131/><G3/><T120/><D120/><U72/><E125/><V45/><F110/><W44/><G126/><T55/><D66/><U35/><E35/><V28/><F132/><W6/><G131/><T59/><D102/><U21/><E135/><V11/><F11/><N who="3" m="4471" /><G70/><T119/><D113/><U106/><E106/><V4/><F4/><W68/><G68/><T114/><D114/><U1/><E1/><V39/><F71/><W98/><G62/><T60/><D119/><U94/><E72/><V79/><F65/><W30/><G44/><T48/><D16/><U88/><E89/><V86/><F79/><N who="3" m="30283" /><G98/><T54/><REACH who="0" step="1"/><D27/><REACH who="0" ten="162,37,422,369" step="2"/><U100/><E100/><V17/><F17/><W33/><G33/><T101/><D101/><U56/><E130/><V58/><F26/><W0/><G0/><T43/><D43/><U49/><E29/><V80/><F31/><W42/><G42/><T19/><D19/><U67/><E67/><V13/><F28/><W92/><G78/><T97/><D97/><U32/><E32/><V96/><F123/><W15/><G15/><T75/><D75/><U124/><E124/><V117/><F13/><W7/><G7/><T107/><D107/><U63/><E21/><V47/><F122/><W74/><G74/><T51/><D51/><U24/><E22/><V116/><F116/><W129/><G129/><T73/><D73/><U23/><E23/><V128/><F117/><W134/><G134/><T46/><D46/><U121/><E121/><RYUUKYOKU ba="0,1" sc="162,15,37,-15,422,-15,369,15" hai0="2,5,10,48,54,55,57,59,60,85,90,108,111" hai3="20,25,30,40,41,84,92" /><INIT seed="7,1,1,2,1,42" ten="177,22,407,384" oya="3" hai0="27,134,11,130,71,12,98,65,3,43,41,135,100" hai1="125,64,19,119,24,45,25,48,58,106,132,22,104" hai2="18,69,123,78,96,54,32,110,109,34,59,120,1" hai3="88,70,63,17,129,117,113,127,76,60,118,0,101"/><W107/><G113/><T87/><D3/><U10/><E125/><V53/><F69/><W51/><G0/><T13/><D130/><U66/><E132/><N who="0" m="50729" /><D87/><U39/><E39/><V112/><F112/><W81/><G127/><T103/><D27/><U21/><E119/><V50/><F1/><W16/><G129/><T40/><D11/><U56/><E10/><V7/><F7/><W105/><G70/><T84/><D84/><U28/><E48/><V74/><F18/><N who="3" m="7275" /><G107/><N who="0" m="63895" /><D103/><U75/><E19/><V33/><F96/><W102/><G105/><T31/><D31/><U85/><E85/><V6/><F6/><W57/><G76/><T35/><D35/><U121/><E75/><V61/><F78/><W2/><G2/><T44/><D44/><U94/><E94/><V46/><F74/><W23/><G23/><T36/><D36/><U68/><E68/><V99/><F99/><W115/><G115/><T93/><D93/><U73/><E73/><V90/><F90/><W26/><G26/><T9/><D9/><U83/><E83/><V114/><F114/><W30/><G30/><T15/><D71/><U133/><E133/><V97/><F97/><W47/><G117/><T89/><D89/><U55/><E28/><V82/><F82/><W14/><G14/><T80/><D80/><U20/><E20/><V4/><F4/><W29/><G29/><T124/><D124/><U38/><E38/><V8/><F8/><W108/><G118/><T79/><D79/><U111/><E106/><V116/><F116/><W128/><G128/><T52/><D65/><U92/><E66/><RYUUKYOKU ba="1,1" sc="177,15,22,-15,407,15,384,-15" hai0="12,13,15,40,41,43,52" hai2="32,33,34,46,50,53,54,59,61,109,110,120,123" owari="192,-20.8,7,-49.3,432,53.2,369,16.9" /></mjloggm>