<mjloggm ver="2.3"><GO type="169" lobby="0"/><UN n0="%56%45%54%54%45%4C" n1="%E3%81%8A%E3%81%90%E3%82%89%E3%82%86%E3%81%84" n2="%31%38%63%6D%E7%AB%8B%E7%9B%B4%E6%A3%92" n3="%42%65%6E%63%68%69%6E%67" dan="17,16,16,17" rate="2180.95,2029.29,2144.17,2235.38" sx="M,M,M,M"/><TAIKYOKU oya="0"/><INIT seed="0,0,0,0,2,70" ten="250,250,250,250" oya="0" hai0="73,54,7,43,86,50,41,76,120,0,26,91,56" hai1="42,88,132,83,99,102,6,126,57,77,112,15,115" hai2="82,116,134,95,130,90,49,20,110,33,67,38,1" hai3="47,27,97,135,107,101,52,45,65,18,87,51,24"/><T89/><D120/><U80/><E42/><V92/><F38/><W128/><G128/><T106/><BYE who="2" /><D106/><U98/><E57/><V72/><F72/><W44/><G135/><T4/><D73/><N who="1" m="43055" /><E15/><UN n2="%31%38%63%6D%E7%AB%8B%E7%9B%B4%E6%A3%92" /><V103/><F103/><W125/><G125/><T123/><D123/><U96/><E6/><N who="0" m="2089" /><D0/><U40/><E40/><N who="0" m="15433" /><D26/><U113/><E132/><V75/><F1/><W111/><G111/><T22/><D22/><U85/><E126/><V108/><F92/><AGARI ba="0,0" hai="83,85,88,92,96,98,99,102,112,113,115" m="43055" machi="92" ten="30,7700,0" yaku="11,1,34,2,54,1" doraHai="70" who="1" fromWho="2" sc="250,0,250,77,250,-77,250,0" /><INIT seed="1,0,0,1,2,74" ten="250,327,173,250" oya="1" hai0="56,2,55,48,9,54,114,26,102,103,96,100,28" hai1="97,122,7,87,24,86,132,105,120,98,91,85,116" hai2="19,43,101,8,33,0,106,129,78,107,25,59,76" hai3="109,15,89,93,94,75,6,58,134,73,70,111,40"/><U20/><E7/><V82/><F129/><W14/><G70/><T63/><D114/><U61/><E61/><V1/><F43/><W124/><G40/><T44/><D9/><U17/><E116/><V12/><F0/><W84/><G58/><T95/><REACH who="0" step="1"/><D2/><REACH who="0" ten="240,327,173,250" step="2"/><U50/><E122/><V49/><F1/><W110/><G6/><T71/><D71/><U11/><E120/><V65/><F106/><W47/><G134/><T81/><D81/><U92/><E11/><V16/><F82/><W18/><G124/><T99/><D99/><U125/><E125/><V88/><F107/><W34/><G93/><T29/><D29/><U130/><E132/><V45/><F8/><W83/><G94/><T90/><D90/><U118/><E118/><V10/><F101/><W123/><G123/><T72/><D72/><U133/><E133/><V36/><F88/><W42/><G73/><T22/><AGARI ba="0,1" hai="22,26,28,44,48,54,55,56,63,95,96,100,102,103" machi="22" ten="20,5200,0" yaku="1,1,0,1,7,1,8,1,53,0" doraHai="74" doraHaiUra="115" who="0" fromWho="0" sc="240,62,327,-26,173,-13,250,-13" /><INIT seed="2,0,0,1,2,106" ten="302,301,160,237" oya="2" hai0="65,70,30,11,126,97,102,59,69,58,49,78,116" hai1="36,1,129,0,39,71,72,134,127,45,14,48,74" hai2="54,89,37,67,19,21,85,92,75,15,122,117,2" hai3="51,98,9,61,32,64,119,63,109,103,33,118,88"/><V43/><F122/><W91/><G109/><T114/><D114/><U66/><E14/><V80/><F117/><W24/><G51/><T38/><D116/><U10/><E48/><V47/><F2/><N who="1" m="1129" /><E10/><V25/><F67/><W104/><G9/><T87/><D38/><N who="1" m="14379" /><E45/><V6/><F54/><W115/><G61/><T73/><D11/><U8/><E8/><V107/><F107/><W132/><G132/><T35/><D49/><U46/><E46/><V125/><F125/><W101/><G33/><T53/><D35/><U20/><E20/><V31/><F6/><W17/><G115/><T108/><D53/><U110/><E110/><V5/><F5/><W99/><G119/><T57/><D108/><U12/><E12/><V60/><F60/><W90/><G118/><T34/><D34/><U23/><E23/><V133/><F133/><W82/><G82/><T13/><D13/><U77/><E134/><V128/><F128/><W130/><G130/><T81/><D57/><U40/><E40/><V84/><F15/><W55/><G55/><T4/><D58/><U120/><E129/><V41/><F41/><W29/><G17/><T68/><D59/><U105/><E127/><V94/><F19/><W26/><G26/><T52/><D126/><U124/><E124/><V96/><REACH who="2" step="1"/><F94/><REACH who="2" ten="302,301,150,237" step="2"/><N who="3" m="58583" /><G63/><T112/><D112/><U42/><E105/><V79/><AGARI ba="0,1" hai="21,25,31,37,43,47,75,79,80,84,85,89,92,96" machi="79" ten="30,6000,0" yaku="1,1,0,1,52,1,53,0" doraHai="106" doraHaiUra="135" who="2" fromWho="2" sc="302,-20,301,-20,150,70,237,-20" /><INIT seed="2,1,0,3,1,40" ten="282,281,220,217" oya="2" hai0="47,100,93,45,53,127,84,43,114,23,115,106,28" hai1="111,46,3,78,94,65,86,75,64,48,89,8,128" hai2="58,98,63,12,95,42,69,55,15,85,61,124,125" hai3="113,19,132,49,34,88,33,24,122,20,82,30,39"/><V131/><F131/><W119/><G122/><T35/><D35/><U4/><E111/><V80/><F42/><W116/><G39/><T76/><D106/><U17/><E128/><V123/><F123/><W118/><G132/><T57/><D114/><U103/><E103/><V51/><F69/><W108/><G108/><T101/><D115/><U44/><E17/><V5/><F63/><W16/><G113/><T79/><D43/><U126/><E126/><N who="2" m="48747" /><F5/><W29/><G49/><N who="0" m="30895" /><D127/><U52/><REACH who="1" step="1"/><E44/><REACH who="1" ten="282,271,220,217" step="2"/><N who="0" m="16969" /><D101/><U66/><E66/><V9/><F51/><W14/><G118/><T90/><D100/><U22/><E22/><V99/><F9/><W38/><G119/><T36/><D36/><U134/><E134/><V21/><F21/><W133/><G38/><T96/><D96/><U6/><E6/><V54/><F99/><W121/><G116/><T27/><AGARI ba="1,1" hai="23,27,28,76,79,84,90,93" m="16969,30895" machi="27" ten="30,7900,0" yaku="8,1,52,3" doraHai="40" who="0" fromWho="0" sc="282,92,271,-21,220,-40,217,-21" /><INIT seed="3,0,0,1,5,133" ten="374,250,180,196" oya="3" hai0="91,23,2,89,110,70,49,83,46,74,30,32,50" hai1="21,72,130,55,56,122,107,41,40,81,45,87,34" hai2="25,114,52,79,120,66,39,29,101,3,131,68,104" hai3="84,92,121,26,22,96,4,17,33,12,62,113,28"/><W127/><G121/><T36/><D70/><U116/><E34/><V128/><F101/><W85/><G113/><T75/><D32/><U51/><E107/><V103/><F79/><W16/><G127/><T86/><D2/><U82/><E130/><V48/><F52/><W47/><G47/><T132/><D36/><U1/><E1/><V42/><F48/><W100/><G4/><T117/><D117/><U94/><E122/><V97/><F42/><W43/><G43/><T11/><D110/><U37/><E41/><V10/><F39/><W5/><G5/><T0/><D0/><U65/><E72/><V7/><F120/><W129/><G129/><T111/><D132/><U78/><E94/><V112/><F128/><W15/><REACH who="3" step="1"/><G62/><REACH who="3" ten="374,250,180,186" step="2"/><T67/><D46/><U53/><E45/><V99/><F131/><W8/><AGARI ba="0,1" hai="8,12,15,16,17,22,26,28,33,84,85,92,96,100" machi="8" ten="20,18000,2" yaku="1,1,2,1,0,1,7,1,54,1,53,1" doraHai="133" doraHaiUra="93" who="3" fromWho="3" sc="374,-60,250,-60,180,-60,186,190" /><INIT seed="3,1,0,0,3,132" ten="314,190,120,376" oya="3" hai0="76,93,119,128,1,57,73,48,38,97,30,53,130" hai1="3,15,129,21,87,125,89,109,33,116,107,124,83" hai2="115,104,23,25,32,100,12,74,71,10,50,85,7" hai3="31,18,14,84,67,4,55,77,105,135,133,16,88"/><W34/><G105/><T117/><D38/><U60/><E33/><V68/><F74/><W96/><G67/><T9/><D30/><U17/><E3/><V29/><F115/><W82/><G4/><N who="0" m="1167" /><D76/><U95/><E107/><V20/><F104/><W2/><G2/><T102/><D73/><U8/><E109/><V49/><F100/><W63/><G31/><T66/><D66/><U35/><E35/><V28/><F85/><W120/><G34/><T69/><D69/><U94/><E116/><V54/><F32/><W11/><G120/><T110/><D110/><U86/><E129/><AGARI ba="1,0" hai="48,53,57,93,97,102,117,119,128,129,130" m="1167" machi="129" ten="30,1000,0" yaku="19,1" doraHai="132" who="0" fromWho="1" sc="314,13,190,-13,120,0,376,0" /><INIT seed="4,0,0,0,4,113" ten="327,177,120,376" oya="0" hai0="128,17,94,100,117,20,26,92,36,88,9,104,57" hai1="95,38,21,126,103,85,90,32,45,82,118,15,56" hai2="4,91,114,77,129,29,12,127,125,96,34,97,131" hai3="10,35,87,19,27,123,25,6,133,101,107,41,28"/><T70/><D70/><U75/><E32/><V108/><F114/><W43/><G133/><T63/><D128/><N who="2" m="49226" /><F12/><W55/><G123/><T84/><D36/><U106/><E38/><V69/><F69/><W37/><G101/><T48/><D117/><U8/><E56/><V59/><F4/><W11/><G107/><T112/><D112/><U132/><E45/><V73/><F29/><W86/><G55/><T76/><D76/><N who="1" m="44319" /><E21/><V68/><F68/><W130/><G130/><T13/><D48/><U78/><E15/><V39/><F34/><W67/><G67/><T31/><D104/><U54/><E54/><V74/><F59/><W5/><G37/><T134/><D134/><U89/><E8/><V83/><F39/><W42/><G19/><T18/><D100/><U116/><E132/><V122/><F122/><W119/><G119/><N who="1" m="45610" /><E126/><N who="2" m="48139" /><F73/><W40/><G35/><T81/><REACH who="0" step="1"/><D31/><REACH who="0" ten="317,177,120,376" step="2"/><U44/><E106/><V1/><F1/><W52/><G28/><T110/><D110/><U49/><E49/><V24/><F108/><W51/><G51/><T30/><D30/><U115/><E115/><V47/><F77/><W80/><G41/><T14/><D14/><U3/><E3/><V105/><F105/><W62/><G42/><T66/><AGARI ba="0,1" hai="9,13,17,18,20,26,57,63,66,81,84,88,92,94" machi="66" ten="20,12000,1" yaku="1,1,0,1,7,1,8,1,54,1,53,0" doraHai="113" doraHaiUra="46" who="0" fromWho="0" sc="317,130,177,-40,120,-40,376,-40" /><INIT seed="4,1,0,4,5,2" ten="447,137,80,336" oya="0" hai0="0,5,68,13,74,45,84,81,6,129,65,3,118" hai1="58,124,56,38,66,15,133,36,48,70,131,121,67" hai2="54,33,8,57,7,72,28,78,99,111,18,10,103" hai3="130,49,12,117,21,1,69,59,40,9,116,114,126"/><T52/><D118/><U60/><E15/><V108/><F72/><W16/><G69/><T17/><D74/><U93/><E93/><V87/><F33/><W29/><G114/><T27/><D0/><U86/><E86/><V85/><F28/><W50/><G126/><T63/><D3/><U44/><E121/><V71/><F71/><W88/><G130/><T79/><D129/><U122/><E122/><V14/><F108/><W109/><G109/><T82/><D82/><U77/><E77/><V101/><F111/><W55/><G1/><T34/><D34/><U112/><E131/><V80/><F87/><W127/><G127/><T123/><D27/><U37/><E124/><V35/><F35/><W98/><G117/><T134/><D134/><U19/><E19/><V23/><F99/><W92/><G116/><T25/><D25/><U43/><E133/><V90/><F78/><W113/><G113/><T75/><D75/><U128/><E112/><V39/><F39/><N who="1" m="14921" /><E128/><V46/><F10/><W61/><G40/><T96/><D96/><U94/><E94/><V64/><F64/><W83/><G83/><T76/><D76/><U107/><E107/><V11/><F11/><W105/><G105/><T4/><D123/><U42/><E67/><V20/><F20/><W100/><G100/><T73/><D73/><U102/><E102/><V24/><REACH who="2" step="1"/><F46/><AGARI ba="1,0" hai="38,42,43,44,46,48,56,58,60,66,70" m="14921" machi="46" ten="30,8000,1" yaku="35,5" doraHai="2" who="1" fromWho="2" sc="447,0,137,83,80,-83,336,0" owari="447,54.7,220,-18.0,-3,-50.3,336,13.6" /></mjloggm>