<mjloggm ver="2.3"><GO type="169" lobby="0"/><UN n0="%E5%B3%B6%E7%94%B0%E7%9C%9F%E5%A4%A2" n1="%53%69%6C%65%6E%54" n2="%E6%9A%97%E9%BB%92%E7%96%BE%E9%A2%A8%E9%BE%8D%E7%8E%8B%E4%B8%B8" n3="%E3%81%AF%E3%83%BC%E3%81%B4%E3%82%87%E3%82%93" dan="16,16,16,17" rate="2137.00,2147.80,2047.41,2197.44" sx="F,F,M,F"/><TAIKYOKU oya="0"/><INIT seed="0,0,0,2,5,113" ten="250,250,250,250" oya="0" hai0="30,61,88,1,21,102,24,51,132,128,79,97,6" hai1="45,96,10,101,89,34,7,129,54,37,119,86,72" hai2="26,77,118,64,33,123,16,120,55,70,125,35,2" hai3="95,94,126,105,65,40,52,53,29,28,103,18,117"/><T110/><D132/><U68/><E68/><V67/><F125/><W92/><G126/><T0/><D128/><U38/><E34/><V60/><F2/><W19/><G105/><T42/><D79/><U5/><E72/><V44/><F77/><W56/><G40/><T25/><D110/><U82/><E129/><V116/><F67/><W78/><G78/><T36/><D36/><U74/><E74/><V108/><F108/><W46/><G117/><N who="2" m="45161" /><F16/><N who="3" m="6187" /><G103/><T43/><D6/><U84/><E7/><V59/><F44/><W3/><G3/><T27/><D0/><U106/><E119/><V111/><F111/><W13/><G13/><T107/><D1/><U20/><E5/><V48/><F26/><W17/><N who="3" m="6195" /><W75/><DORA hai="15" /><G75/><T23/><D102/><U131/><E101/><V39/><F39/><W115/><G115/><T71/><D107/><U83/><E106/><V91/><F91/><W114/><G114/><T98/><D27/><U63/><E89/><V49/><F49/><N who="3" m="28727" /><G65/><T134/><D25/><U87/><E38/><V8/><F8/><W22/><G22/><T69/><D23/><U57/><E10/><V109/><F109/><W93/><N who="3" m="23552" /><DORA hai="104" /><W47/><G47/><T85/><D21/><U9/><E9/><V58/><F70/><W11/><G11/><T76/><D24/><U130/><E20/><V127/><F127/><W4/><G4/><T66/><D71/><U81/><E37/><V31/><F35/><W90/><G90/><T62/><D88/><U133/><E45/><V124/><F124/><W12/><G12/><T135/><D69/><RYUUKYOKU ba="0,0" sc="250,-15,250,-15,250,15,250,15" hai2="31,33,48,55,58,59,60,64,120,123" hai3="28,29,53,56" /><INIT seed="1,1,0,5,1,50" ten="235,235,265,265" oya="1" hai0="106,83,75,92,117,8,47,14,135,77,22,120,43" hai1="70,99,34,28,79,1,134,53,32,107,111,51,127" hai2="76,18,37,31,20,91,84,119,46,59,87,63,30" hai3="71,108,98,113,118,41,15,11,19,33,26,52,123"/><U78/><E70/><V85/><F119/><W67/><G108/><T66/><D117/><U74/><E1/><V132/><F132/><W129/><G118/><T122/><D106/><U94/><E134/><V100/><F100/><W39/><G113/><T125/><D135/><U109/><E127/><V114/><F114/><W64/><G123/><T49/><D125/><U6/><E6/><V7/><F7/><W25/><G129/><T104/><D104/><U45/><E107/><V130/><F130/><W105/><G41/><T97/><D22/><U9/><E9/><V116/><F116/><W2/><G39/><T110/><D66/><N who="3" m="25129" /><G2/><T42/><D42/><U55/><E74/><V44/><F76/><W48/><G33/><T101/><REACH who="0" step="1"/><D110/><REACH who="0" ten="225,235,265,265" step="2"/><N who="1" m="41995" /><E32/><V60/><F20/><W86/><G105/><T73/><D73/><U40/><E34/><V23/><F23/><W124/><G124/><T38/><D38/><U65/><E65/><V80/><F37/><W121/><G71/><T72/><D72/><U57/><E40/><V10/><F10/><W90/><G121/><T56/><D56/><U27/><E28/><V5/><F31/><W96/><G25/><T36/><D36/><U133/><E27/><V89/><F30/><W0/><G26/><T115/><D115/><U128/><E133/><V126/><F126/><W16/><G0/><T93/><D93/><U12/><E128/><V17/><F59/><N who="3" m="33159" /><G19/><AGARI ba="1,1" hai="8,14,19,43,47,49,75,77,83,92,97,101,120,122" machi="19" ten="40,1300,0" yaku="1,1,53,0" doraHai="50" doraHaiUra="81" who="0" fromWho="3" sc="225,26,235,0,265,0,265,-16" /><INIT seed="2,0,0,2,5,131" ten="251,235,265,249" oya="2" hai0="25,107,120,6,101,71,17,56,105,99,40,82,106" hai1="124,30,72,84,63,28,132,121,78,10,50,66,55" hai2="38,36,91,108,88,134,58,97,89,31,16,4,127" hai3="18,41,53,118,98,90,24,59,125,62,54,52,113"/><V8/><F127/><W135/><G118/><T83/><D71/><U93/><E124/><V64/><F108/><W29/><G125/><T32/><D120/><U75/><E121/><V68/><F68/><W85/><G113/><T48/><D6/><U74/><E10/><V79/><F31/><W95/><G41/><T80/><D32/><U35/><E35/><V37/><F79/><W73/><G73/><T130/><D130/><U2/><E2/><V11/><F134/><W117/><G117/><T3/><D3/><U119/><E119/><V21/><F97/><W15/><G135/><T92/><D25/><U20/><E20/><V65/><F58/><W57/><G98/><T44/><D17/><U126/><E126/><V43/><F43/><W60/><G24/><T47/><D47/><U49/><E49/><V128/><F128/><W26/><G26/><T39/><REACH who="0" step="1"/><D56/><REACH who="0" ten="241,235,265,249" step="2"/><U45/><E132/><V22/><F16/><W1/><G1/><T61/><D61/><N who="3" m="23657" /><G29/><T42/><D42/><U12/><E28/><V0/><REACH who="2" step="1"/><F11/><AGARI ba="0,1" hai="11,15,18,52,53,54,57,59,85,90,95" m="23657" machi="11" ten="30,2000,0" yaku="8,1,54,1" doraHai="131" who="3" fromWho="2" sc="241,0,235,0,265,-20,249,30" /><INIT seed="3,0,0,3,5,135" ten="241,235,245,279" oya="3" hai0="27,116,80,55,125,36,66,56,71,97,2,90,3" hai1="102,52,43,24,121,103,101,118,25,134,23,44,93" hai2="124,67,35,83,112,119,114,9,41,54,58,122,73" hai3="132,37,8,96,39,108,33,45,84,95,133,70,79"/><W72/><G72/><T63/><D116/><U107/><E121/><V38/><F119/><W46/><G70/><T47/><D27/><U113/><E134/><N who="3" m="51818" /><G33/><T42/><D125/><U21/><E113/><V4/><F35/><W12/><G108/><T34/><D34/><U89/><E107/><V110/><F67/><W74/><G84/><T92/><REACH who="0" step="1"/><D80/><REACH who="0" ten="231,235,245,279" step="2"/><U68/><E118/><V1/><F124/><W51/><G37/><T127/><D127/><U115/><E25/><V7/><F110/><W49/><G39/><T78/><D78/><U109/><E24/><V129/><F122/><W117/><G117/><T61/><AGARI ba="0,1" hai="2,3,36,42,47,55,56,61,63,66,71,90,92,97" machi="61" ten="20,2700,0" yaku="1,1,0,1,7,1,53,0" doraHai="135" doraHaiUra="5" who="0" fromWho="0" sc="231,37,235,-7,245,-7,279,-13" /><INIT seed="4,0,0,2,5,21" ten="268,228,238,266" oya="0" hai0="75,92,41,16,66,109,62,115,103,70,88,126,95" hai1="119,64,121,108,128,67,65,90,71,8,32,59,98" hai2="87,111,118,20,10,6,120,130,55,74,77,114,93" hai3="85,132,3,127,122,86,30,60,112,50,82,17,23"/><T123/><D123/><U80/><E121/><V110/><F120/><W11/><G122/><RYUUKYOKU type="kaze4" ba="0,0" sc="268,0,228,0,238,0,266,0" /><INIT seed="4,1,0,0,1,2" ten="268,228,238,266" oya="0" hai0="127,57,0,38,100,54,133,4,45,3,33,13,92" hai1="69,116,25,42,46,118,7,129,37,111,113,35,59" hai2="5,119,78,47,56,105,8,63,106,132,110,99,48" hai3="21,9,108,135,20,15,71,79,16,61,1,17,26"/><T114/><D127/><U65/><E111/><V80/><F110/><W112/><G108/><T40/><D114/><U86/><E129/><V123/><F132/><W53/><G112/><T49/><D33/><U89/><E113/><V12/><F123/><W98/><G135/><T27/><D27/><U81/><E69/><V134/><F119/><W104/><G79/><T30/><D30/><U117/><E35/><V10/><F99/><W29/><G1/><T62/><D133/><U96/><E25/><V51/><F10/><W14/><G53/><T122/><D122/><U70/><E70/><V125/><F125/><W93/><G104/><T73/><D73/><U131/><E131/><V23/><F23/><W103/><G71/><T85/><D38/><U109/><E109/><V94/><F94/><W102/><REACH who="3" step="1"/><G61/><REACH who="3" ten="268,228,238,256" step="2"/><T88/><REACH who="0" step="1"/><D100/><AGARI ba="1,1" hai="9,14,15,16,17,20,21,26,29,93,98,100,102,103" machi="100" ten="30,8000,1" yaku="1,1,2,1,7,1,8,1,54,1,53,0" doraHai="2" doraHaiUra="82" who="3" fromWho="0" sc="268,-83,228,0,238,0,256,93" /><INIT seed="5,0,0,4,5,31" ten="185,228,238,349" oya="1" hai0="38,131,73,42,98,69,87,132,121,53,17,102,39" hai1="77,99,3,93,88,8,24,110,23,85,107,44,74" hai2="37,70,11,109,15,36,57,106,32,0,101,4,12" hai3="10,114,71,40,116,20,81,103,129,58,72,56,105"/><U29/><E110/><V94/><F109/><W41/><G114/><T68/><D121/><U21/><E44/><V5/><F70/><W45/><G71/><T75/><D132/><U123/><E123/><V46/><F106/><W80/><G129/><T62/><D131/><U79/><E23/><V63/><F0/><W86/><G116/><T55/><D87/><U125/><E125/><V19/><F32/><W127/><G127/><T122/><D122/><U126/><E126/><V51/><F94/><W65/><G40/><T64/><D17/><U128/><E128/><V117/><F101/><W118/><G118/><T28/><D28/><U60/><E60/><V134/><F134/><W120/><G120/><T54/><D69/><U111/><E111/><V83/><F83/><W30/><G10/><T16/><D16/><U22/><E22/><V115/><F115/><W76/><G65/><T61/><D61/><U52/><E52/><V9/><F19/><W66/><G66/><T43/><D43/><U26/><E26/><V113/><F113/><W14/><G14/><T124/><D124/><U112/><E112/><V18/><F18/><W90/><G20/><T35/><D35/><U50/><E50/><V49/><F49/><W84/><G30/><T119/><D119/><U135/><E135/><V78/><F78/><W34/><G34/><T67/><D67/><U25/><E25/><V48/><F48/><N who="3" m="26671" /><G72/><N who="0" m="27723" /><D42/><U47/><E47/><V95/><F117/><W104/><G104/><N who="0" m="63575" /><D39/><U97/><E74/><V108/><F108/><W1/><G1/><T2/><D38/><U33/><E3/><AGARI ba="0,0" hai="2,3,53,54,55,62,64,68" m="63575,27723" machi="3" ten="30,1000,0" yaku="6,1" doraHai="31" who="0" fromWho="1" sc="185,10,228,-10,238,0,349,0" /><INIT seed="6,0,0,5,1,48" ten="195,218,238,349" oya="2" hai0="115,117,102,71,76,62,133,58,114,32,113,40,96" hai1="1,127,107,135,41,126,4,52,86,81,92,101,42" hai2="132,30,70,26,2,47,24,110,11,122,78,112,134" hai3="111,106,97,64,21,128,10,77,105,29,46,22,15"/><V125/><F70/><W14/><G111/><T99/><D32/><U34/><E34/><V56/><F122/><W67/><G128/><T59/><D117/><U119/><E119/><V16/><F78/><W73/><G73/><T66/><D133/><N who="2" m="51306" /><F47/><W87/><G106/><T50/><D76/><U69/><E69/><V74/><F74/><W7/><G105/><T93/><D40/><U13/><E1/><V80/><F80/><N who="3" m="47503" /><G97/><T23/><D96/><N who="1" m="59527" /><E107/><V43/><F43/><W25/><G46/><T8/><D8/><N who="1" m="4231" /><E135/><V28/><F2/><W65/><G65/><T39/><D39/><U20/><E20/><V104/><F104/><W85/><G85/><T19/><REACH who="0" step="1"/><D50/><REACH who="0" ten="185,218,238,349" step="2"/><U45/><E126/><V90/><F11/><N who="3" m="4479" /><G21/><T27/><AGARI ba="0,1" hai="19,23,27,58,59,62,66,71,93,99,102,113,114,115" machi="27" ten="30,7900,0" yaku="1,1,0,1,15,1,53,1" doraHai="48" doraHaiUra="12" who="0" fromWho="0" sc="185,89,218,-20,238,-39,349,-20" /><INIT seed="7,0,0,4,1,10" ten="274,198,199,329" oya="3" hai0="67,23,94,103,117,75,132,106,128,3,83,79,14" hai1="104,26,2,9,49,54,19,65,73,63,98,91,4" hai2="6,70,127,32,17,84,55,123,114,22,0,120,45" hai3="85,78,80,86,108,116,11,72,57,71,89,115,101"/><W61/><G115/><T60/><D3/><U16/><E73/><V118/><F118/><W102/><G71/><T24/><D117/><U31/><E104/><V87/><F127/><W27/><G108/><T33/><D33/><U135/><E135/><V42/><F32/><W41/><G72/><T25/><D106/><U129/><E129/><V131/><F70/><W30/><G11/><T37/><D37/><U112/><E112/><V122/><F131/><W90/><G41/><T40/><D40/><U97/><E97/><V96/><F96/><W5/><G5/><T28/><D128/><U47/><E91/><V29/><F29/><W18/><G18/><T68/><D132/><U76/><E98/><V8/><F55/><W100/><G116/><T20/><D103/><U64/><E76/><V111/><F111/><W92/><G90/><T50/><D94/><U93/><E93/><V12/><F114/><W99/><G99/><T82/><D82/><U15/><E2/><V43/><F43/><W1/><G1/><T56/><D68/><U113/><E113/><V69/><F69/><W109/><G109/><T34/><D50/><AGARI ba="0,0" hai="0,6,8,12,17,22,42,45,50,84,87,120,122,123" machi="50" ten="40,2600,0" yaku="13,1,52,1" doraHai="10" who="2" fromWho="0" sc="274,-26,198,0,199,26,329,0" owari="248,4.8,198,-30.2,225,-17.5,329,42.9" /></mjloggm>