<mjloggm ver="2.3"><GO type="169" lobby="0"/><UN n0="%E6%84%9B%E3%81%AF%E6%AD%A3%E7%BE%A9" n1="%E7%BD%AA%E5%88%91%E6%B3%95%E5%AE%9A%E4%B8%BB%E7%BE%A9" n2="%E6%99%AE%E9%9C%B2%E9%9C%B2" n3="%E3%81%93%E3%82%8C%E3%81%8C%E3%81%B5%E3%81%95%E3%81%B5%E3%81%95" dan="16,17,16,16" rate="2054.53,2201.18,2126.46,2138.05" sx="F,M,M,M"/><TAIKYOKU oya="0"/><INIT seed="0,0,0,4,5,5" ten="250,250,250,250" oya="0" hai0="88,56,38,15,125,90,37,105,22,74,69,62,12" hai1="123,102,124,64,67,33,122,79,24,50,71,36,17" hai2="52,53,107,9,75,26,29,97,59,46,35,68,20" hai3="66,61,85,54,134,31,130,104,108,82,27,76,55"/><T94/><D125/><U42/><E36/><V101/><F68/><W109/><G104/><T98/><D74/><U86/><E124/><V115/><F75/><W16/><G134/><T135/><D135/><U18/><E102/><V13/><F115/><W110/><G130/><T119/><D119/><U81/><E33/><V70/><F70/><W118/><G118/><T73/><D73/><U93/><E93/><V58/><F35/><W106/><G106/><T57/><D69/><U39/><E39/><V2/><F2/><W49/><G49/><T0/><D0/><U87/><E71/><V120/><F120/><W103/><G103/><T127/><D127/><U1/><E1/><V114/><F114/><W65/><G16/><T112/><D112/><U89/><E123/><V100/><F100/><W80/><G80/><T4/><D105/><U83/><E122/><V7/><REACH who="2" step="1"/><F46/><REACH who="2" ten="250,250,240,250" step="2"/><W3/><G3/><T41/><D57/><AGARI ba="0,1" hai="7,9,13,20,26,29,52,53,57,58,59,97,101,107" machi="57" ten="40,8000,1" yaku="1,1,2,1,52,1,54,1,53,0" doraHai="5" doraHaiUra="30" who="2" fromWho="0" sc="250,-80,250,0,240,90,250,0" /><INIT seed="1,0,0,3,4,3" ten="170,250,330,250" oya="1" hai0="50,7,117,65,120,107,93,59,79,26,130,61,48" hai1="0,82,71,25,94,58,40,73,96,116,105,100,17" hai2="125,2,41,86,76,21,119,54,8,122,133,66,45" hai3="78,19,43,106,101,13,81,37,108,95,35,72,9"/><U118/><E71/><V20/><F119/><W75/><G108/><T28/><D120/><U30/><E0/><V112/><F122/><W123/><G123/><T4/><D117/><U49/><E17/><V1/><F54/><W36/><G35/><T63/><D107/><U22/><E105/><V46/><F2/><W33/><G33/><T44/><D130/><U32/><E32/><V12/><F1/><W92/><G72/><T68/><D79/><U52/><REACH who="1" step="1"/><E40/><REACH who="1" ten="170,240,330,250" step="2"/><V98/><F41/><W34/><G34/><T64/><D93/><U99/><E99/><V134/><F98/><W77/><G43/><T6/><REACH who="0" step="1"/><D44/><REACH who="0" ten="160,240,330,250" step="2"/><U114/><E114/><V111/><F46/><W131/><G92/><T11/><D11/><U126/><E126/><V109/><F8/><W57/><G95/><T10/><D10/><U38/><E38/><V89/><F45/><W16/><G9/><T115/><D115/><U60/><E60/><V18/><F112/><W128/><G36/><T124/><D124/><U90/><E90/><V91/><F91/><W87/><G37/><T29/><D29/><U135/><E135/><V132/><F89/><W47/><G106/><T31/><D31/><U5/><E5/><V69/><F125/><W88/><G88/><T113/><D113/><U27/><E27/><V83/><F21/><AGARI ba="0,2" hai="4,6,7,21,26,28,48,50,59,61,63,64,65,68" machi="21" ten="40,8000,1" yaku="1,1,52,3,53,0" doraHai="3" doraHaiUra="84" who="0" fromWho="2" sc="160,100,240,0,330,-80,250,0" /><INIT seed="2,0,0,1,0,119" ten="260,240,250,250" oya="2" hai0="35,49,81,52,6,60,71,25,90,24,8,41,101" hai1="113,50,86,80,15,40,23,3,97,82,32,95,111" hai2="64,87,16,129,125,112,7,104,68,114,21,70,102" hai3="66,56,79,26,124,92,44,91,99,75,22,83,123"/><V118/><F118/><W105/><G124/><T13/><D101/><U33/><E113/><V110/><F125/><W37/><G105/><T51/><D35/><U36/><E3/><V76/><F129/><W116/><G116/><T4/><D4/><U30/><E36/><V5/><F102/><W88/><G123/><T117/><D117/><U98/><E111/><V89/><F104/><W100/><G37/><T63/><D71/><U121/><E121/><V65/><F110/><W109/><G44/><N who="0" m="25743" /><D90/><U19/><E82/><V34/><F34/><W94/><G109/><T0/><D0/><U57/><E30/><V39/><F39/><W42/><G42/><T61/><D81/><U84/><E84/><V55/><F68/><W78/><G78/><T20/><D20/><U127/><E127/><V132/><F70/><W108/><G94/><T47/><AGARI ba="0,0" hai="6,8,13,24,25,47,51,52,60,61,63" m="25743" machi="47" ten="30,2000,0" yaku="8,1,54,1" doraHai="119" who="0" fromWho="0" sc="260,20,240,-5,250,-10,250,-5" /><INIT seed="3,0,0,4,0,120" ten="280,235,240,245" oya="3" hai0="25,62,36,45,67,124,82,8,80,106,81,63,129" hai1="128,50,122,6,13,105,44,86,32,93,125,22,119" hai2="87,126,27,98,17,59,37,23,73,54,83,100,33" hai3="85,90,51,110,74,77,71,39,15,24,12,19,76"/><W72/><G39/><T84/><D124/><U14/><E122/><V0/><F126/><W102/><G71/><T10/><D129/><U35/><E105/><V78/><F0/><W91/><G102/><T53/><D106/><U117/><E125/><V42/><F33/><W1/><G1/><T116/><D116/><N who="1" m="44619" /><E22/><V69/><F69/><W79/><G51/><T65/><D36/><U58/><E58/><V56/><F37/><W5/><G24/><T18/><D84/><U88/><E128/><V38/><F38/><W94/><G90/><T75/><D75/><U41/><E6/><V49/><F42/><W2/><G2/><T66/><D25/><U103/><E103/><V47/><REACH who="2" step="1"/><F73/><REACH who="2" ten="280,235,230,245" step="2"/><W46/><G72/><T132/><D132/><U52/><E41/><V92/><AGARI ba="0,1" hai="17,23,27,47,49,54,56,59,78,83,87,92,98,100" machi="92" ten="20,8000,1" yaku="1,1,2,1,0,1,7,1,8,1,53,0" doraHai="120" doraHaiUra="61" who="2" fromWho="2" sc="280,-20,235,-20,230,90,245,-40" /><INIT seed="4,0,0,3,4,71" ten="260,215,320,205" oya="0" hai0="124,17,102,60,89,23,110,3,2,80,4,68,33" hai1="49,18,83,20,52,28,32,57,134,101,30,112,129" hai2="36,7,114,31,111,79,118,91,43,132,42,73,99" hai3="24,76,116,45,15,88,38,61,121,86,21,117,95"/><T100/><D124/><U9/><E129/><V77/><F114/><W34/><G121/><T6/><D33/><U59/><E134/><V41/><F111/><W126/><G126/><T92/><D110/><U64/><E112/><V128/><F128/><W109/><G109/><T94/><D68/><U37/><E37/><V115/><F115/><W82/><G34/><T105/><D105/><U106/><E32/><V87/><F132/><W74/><G15/><T75/><D60/><U123/><E123/><V107/><F31/><W46/><G61/><T93/><D3/><U13/><E83/><V130/><F118/><W8/><G8/><T48/><D48/><U16/><E106/><V25/><F25/><W90/><G90/><T72/><D2/><U70/><E70/><V131/><F7/><N who="0" m="2602" /><D72/><U35/><E101/><V78/><F73/><W135/><G135/><T44/><D44/><U66/><E35/><V65/><F131/><W14/><G14/><N who="0" m="9655" /><D75/><U10/><E10/><V113/><F113/><W122/><G122/><T69/><D69/><U29/><E59/><V127/><F127/><W39/><G46/><T5/><D5/><U96/><E96/><V27/><F99/><W81/><G45/><T55/><D55/><U58/><E57/><V19/><F65/><W0/><G0/><T85/><AGARI ba="0,0" hai="80,85,89,92,93,94,100,102" m="9655,2602" machi="85" ten="30,1500,0" yaku="8,1" doraHai="71" who="0" fromWho="0" sc="260,15,215,-5,320,-5,205,-5" /><INIT seed="4,1,0,0,1,95" ten="275,210,315,200" oya="0" hai0="56,1,116,87,128,102,41,11,106,14,68,9,20" hai1="24,99,89,50,80,4,26,23,77,16,52,118,29" hai2="67,82,61,129,124,73,94,101,57,96,92,28,22" hai3="90,38,39,63,31,15,104,121,34,112,13,46,134"/><T117/><D68/><U35/><E118/><V64/><F124/><W132/><G112/><T59/><D128/><U119/><E119/><V76/><F129/><W110/><G110/><T60/><D41/><U53/><E4/><V69/><F92/><W115/><G115/><T79/><D20/><U114/><E114/><V51/><F51/><W100/><G121/><T43/><D43/><U27/><E27/><N who="2" m="16503" /><F67/><W70/><G90/><T19/><D87/><U7/><E7/><V62/><F62/><W86/><G86/><T74/><D1/><U45/><E89/><V21/><F21/><W71/><G31/><T44/><D9/><U127/><E127/><V5/><F5/><W54/><G34/><T30/><D30/><U3/><E3/><V88/><F69/><W33/><G33/><T17/><D17/><U84/><REACH who="1" step="1"/><E99/><REACH who="1" ten="275,200,315,200" step="2"/><V2/><F2/><W18/><G134/><T48/><D117/><U125/><E125/><V93/><F93/><W103/><G132/><T120/><D116/><U105/><E105/><V81/><F81/><W55/><G104/><T36/><D106/><U72/><E72/><V12/><F88/><W98/><G98/><T49/><D74/><U111/><E111/><V126/><F126/><W32/><G32/><T78/><D78/><U6/><E6/><V25/><F25/><W65/><G103/><T97/><D79/><U130/><E130/><V10/><F12/><W133/><G100/><T109/><D109/><U108/><E108/><V47/><F73/><W58/><G133/><T123/><D102/><U113/><E113/><V8/><F76/><RYUUKYOKU ba="1,1" sc="275,-10,200,30,315,-10,200,-10" hai1="16,23,24,26,29,35,45,50,52,53,77,80,84" /><INIT seed="5,2,1,2,3,117" ten="265,230,305,190" oya="1" hai0="119,105,8,22,92,17,108,106,66,94,77,34,124" hai1="102,54,132,130,61,75,52,28,120,3,103,118,20" hai2="48,127,122,76,36,112,50,84,99,83,9,123,104" hai3="60,53,133,44,15,135,126,12,14,0,89,26,101"/><U93/><E118/><V51/><F36/><W78/><G78/><T121/><D108/><U24/><E75/><V56/><F127/><W88/><G133/><T27/><D119/><U69/><E3/><V109/><F109/><W16/><G126/><T39/><D124/><U29/><E132/><V59/><F112/><W96/><G0/><T41/><D77/><U81/><E130/><V11/><F59/><N who="3" m="34927" /><G135/><T129/><D129/><U86/><E120/><V25/><F56/><W23/><G44/><T45/><D105/><U68/><E29/><V19/><F25/><W116/><G116/><T134/><D134/><U98/><E103/><V107/><F107/><W65/><G65/><T115/><D106/><U35/><E35/><V32/><F32/><W42/><G42/><T21/><D115/><U85/><E85/><V72/><F72/><W47/><G47/><T43/><D43/><U30/><E30/><V67/><F67/><W33/><G33/><T95/><D34/><U111/><E111/><V40/><F40/><W91/><G101/><T58/><D8/><U1/><E1/><V57/><F57/><W128/><G128/><T73/><D73/><U38/><E38/><V90/><F104/><W63/><G63/><T125/><D125/><U131/><E131/><V71/><F71/><N who="1" m="27209" /><E61/><V5/><F5/><W6/><G6/><T70/><D22/><U97/><E54/><V49/><F9/><W74/><G74/><T37/><D37/><U114/><E52/><V10/><F10/><W4/><G4/><T113/><D113/><U87/><E114/><V31/><F11/><RYUUKYOKU ba="2,1" sc="265,-10,230,-10,305,-10,190,30" hai3="12,14,15,16,23,26,88,89,91,96" /><INIT seed="6,3,1,5,2,110" ten="255,220,295,220" oya="2" hai0="40,120,107,115,28,88,69,116,131,132,70,4,114" hai1="7,19,122,49,1,46,62,30,5,78,44,119,60" hai2="0,106,91,105,134,99,102,65,77,9,39,109,52" hai3="13,111,101,126,112,3,129,118,54,108,48,42,72"/><V66/><F39/><W130/><G118/><T81/><D120/><U74/><E119/><V55/><F106/><W76/><G3/><T14/><D116/><U10/><E7/><V135/><F77/><W61/><G126/><T121/><D121/><U94/><E30/><V21/><F109/><N who="3" m="42059" /><G101/><T41/><D107/><U97/><E122/><V67/><F91/><W127/><G127/><T33/><D132/><N who="2" m="50730" /><F21/><W25/><G25/><N who="0" m="18575" /><D14/><U15/><E78/><V100/><F100/><W24/><G24/><T51/><D4/><AGARI ba="3,1" hai="0,4,9,52,55,65,66,67,99,102,105" m="50730" machi="4" ten="30,2900,0" yaku="20,1,54,1" doraHai="110" who="2" fromWho="0" sc="255,-38,220,0,295,48,220,0" /><INIT seed="6,4,0,2,5,8" ten="217,220,343,220" oya="2" hai0="50,38,103,58,74,7,57,114,48,66,28,40,54" hai1="80,70,53,122,16,99,133,73,91,33,51,1,12" hai2="106,71,97,36,65,39,128,116,62,20,125,134,127" hai3="100,123,52,92,119,98,37,23,95,60,19,49,35"/><V102/><F116/><W46/><G123/><T90/><D74/><U118/><E1/><V31/><F128/><W34/><G119/><T86/><D28/><U72/><E118/><V9/><F134/><W14/><G37/><T47/><D103/><U5/><E33/><V24/><REACH who="2" step="1"/><F9/><REACH who="2" ten="217,220,333,220" step="2"/><W56/><REACH who="3" step="1"/><G92/><REACH who="3" ten="217,220,333,210" step="2"/><T85/><D114/><U101/><E133/><V94/><F94/><W68/><G68/><T21/><D38/><AGARI ba="4,2" hai="20,24,31,36,38,39,62,65,71,97,102,106,125,127" machi="38" ten="40,2000,0" yaku="1,1,53,0" doraHai="8" doraHaiUra="89" who="2" fromWho="0" sc="217,-32,220,0,333,52,210,0" /><INIT seed="6,5,0,5,2,59" ten="185,220,385,210" oya="2" hai0="30,55,90,122,109,8,17,10,14,126,51,77,124" hai1="113,38,117,120,70,16,58,130,107,118,82,87,98" hai2="45,40,103,102,96,5,131,20,62,121,69,50,68" hai3="125,48,54,3,85,29,100,132,37,9,41,13,72"/><V101/><F121/><W28/><G72/><T2/><D122/><U135/><E70/><V39/><F131/><W112/><G3/><T64/><D109/><U60/><E38/><V19/><F5/><W123/><G123/><T105/><D105/><U6/><E6/><V36/><F96/><W26/><G132/><T74/><D30/><U108/><E108/><V106/><F106/><W78/><G125/><N who="0" m="48235" /><D2/><U4/><E4/><V80/><F80/><W95/><G112/><T83/><D64/><U23/><E120/><V24/><F69/><W110/><G110/><T61/><D61/><U84/><E113/><V97/><F97/><W79/><G37/><T89/><D10/><U53/><E135/><V22/><F22/><W104/><G104/><T76/><D76/><U114/><E114/><V88/><F68/><W33/><G28/><T91/><D91/><U46/><E130/><V67/><F88/><W65/><G65/><T11/><D11/><U71/><E71/><V73/><F73/><W93/><G78/><T75/><D75/><U43/><E107/><V99/><F39/><W129/><G129/><T52/><D55/><U31/><E31/><V111/><F111/><W57/><G100/><T133/><D133/><U25/><E98/><V119/><F99/><W44/><G79/><T21/><D8/><U66/><E66/><V47/><F101/><W128/><G128/><T7/><D7/><U115/><E115/><V116/><F102/><W63/><G85/><N who="1" m="32842" /><E82/><V81/><F67/><W86/><G86/><T94/><D94/><U92/><E92/><V35/><F103/><RYUUKYOKU ba="5,0" sc="185,10,220,10,385,-30,210,10" hai0="14,17,21,51,52,74,77,83,89,90" hai1="16,23,25,43,46,53,58,60,117,118" hai3="9,13,26,29,33,41,44,48,54,57,63,93,95" /><INIT seed="7,6,0,0,0,36" ten="195,230,355,220" oya="3" hai0="70,104,57,35,17,59,92,64,50,69,14,127,7" hai1="28,113,79,101,24,97,71,95,77,27,0,106,34" hai2="84,107,67,103,123,81,124,23,1,132,105,120,32" hai3="85,135,49,22,121,126,37,33,41,98,44,30,4"/><W125/><G121/><N who="2" m="46665" /><F32/><W15/><G135/><T76/><D104/><U115/><E0/><V108/><F1/><W119/><G119/><T12/><D35/><U68/><E27/><V110/><F124/><N who="3" m="47723" /><G33/><T6/><D127/><U47/><E47/><V39/><F132/><W116/><G116/><T43/><D76/><N who="1" m="29259" /><E106/><V129/><F129/><W48/><G85/><T40/><D92/><U93/><E93/><V130/><F130/><W87/><G87/><T128/><D128/><U42/><E42/><V18/><F84/><W55/><G98/><T72/><D72/><U83/><E83/><V91/><F81/><W5/><G37/><T26/><D26/><U65/><E65/><V86/><F39/><W51/><G51/><T20/><D64/><U3/><E3/><V94/><F67/><W60/><G60/><T114/><D69/><U96/><E96/><N who="2" m="61671" /><F107/><W90/><G90/><T82/><D70/><U38/><E38/><V122/><F122/><W66/><G66/><T61/><D82/><U29/><E29/><V73/><F73/><W112/><G112/><AGARI ba="6,0" hai="24,28,34,68,71,95,97,101,112,113,115" m="29259" machi="112" ten="30,1000,0" yaku="15,1" doraHai="36" who="1" fromWho="3" sc="195,0,230,28,355,0,220,-28" owari="195,-20.5,258,5.8,355,45.5,192,-30.8" /></mjloggm>