<mjloggm ver="2.3"><GO type="169" lobby="0"/><UN n0="%E3%82%AD%E3%83%AA%E3%83%B3%E3%83%AA%E3%82%AD%E5%BF%AB" n1="%31%35%2E%31%35%63%6D" n2="%4D%4C%5A%4E%55%2D%53%4B" n3="%41%4C%50%45%52%49%4E" dan="17,18,17,16" rate="2219.53,2282.39,2156.30,2113.18" sx="M,M,M,M"/><TAIKYOKU oya="0"/><INIT seed="0,0,0,1,5,25" ten="250,250,250,250" oya="0" hai0="21,49,71,22,24,115,88,66,72,50,97,78,108" hai1="36,5,39,99,103,58,43,94,52,100,86,26,123" hai2="90,105,109,53,42,132,20,134,47,48,93,38,59" hai3="2,75,129,64,54,56,111,12,85,116,124,32,30"/><T35/><D115/><U17/><E123/><V15/><F105/><W8/><G75/><T87/><D108/><U69/><E69/><V45/><F45/><W0/><G116/><T3/><D3/><U29/><E5/><V130/><F109/><W80/><G111/><T6/><D6/><U40/><E103/><V70/><F70/><W33/><G64/><T67/><D97/><U83/><E17/><V61/><F61/><W31/><G0/><T121/><D121/><U102/><E102/><V10/><F130/><W104/><G104/><T131/><D131/><U74/><E74/><V107/><F107/><W84/><G2/><T81/><D35/><U9/><E9/><V16/><REACH who="2" step="1"/><F10/><REACH who="2" ten="250,250,240,250" step="2"/><W89/><G129/><T133/><D71/><U41/><E39/><V126/><F126/><W119/><G124/><T46/><D46/><U37/><E36/><V62/><F62/><W127/><G127/><T82/><D49/><U77/><E37/><V60/><F60/><W98/><G8/><T76/><D50/><N who="1" m="30999" /><E41/><V7/><F7/><W128/><G128/><T4/><D4/><U135/><E135/><V106/><F106/><W118/><G119/><T51/><D133/><U23/><AGARI ba="0,1" hai="23,26,29,40,43,77,83,86,94,99,100" m="30999" machi="23" ten="30,4000,0" yaku="8,1,52,1,54,1" doraHai="25" who="1" fromWho="1" sc="250,-20,250,50,240,-10,250,-10" /><INIT seed="1,0,0,1,0,5" ten="230,300,230,240" oya="1" hai0="65,43,51,126,92,121,56,99,66,110,50,26,23" hai1="105,19,94,79,28,129,83,24,38,90,111,9,32" hai2="64,113,54,108,47,130,102,25,46,106,48,73,27" hai3="68,41,81,132,35,17,77,135,117,93,104,116,0"/><U131/><E38/><V63/><F73/><N who="3" m="43183" /><G68/><T31/><D110/><U7/><E105/><V88/><F108/><W52/><G35/><T6/><D126/><U119/><E111/><V71/><F130/><N who="1" m="49673" /><E119/><N who="3" m="45642" /><G0/><T78/><D121/><U36/><E36/><V14/><F113/><W107/><G41/><T20/><D78/><U10/><E19/><V29/><F14/><W70/><G70/><T8/><D23/><U2/><E7/><V118/><F27/><W72/><G17/><T21/><D21/><U62/><E2/><V55/><F118/><W125/><G52/><T30/><D30/><U37/><E37/><V12/><F12/><W84/><G72/><T98/><D43/><U87/><E62/><V13/><F13/><W69/><G69/><T97/><D92/><U33/><E33/><V34/><F55/><W4/><G4/><T74/><D74/><AGARI ba="0,0" hai="9,10,24,28,32,74,79,83,87,90,94" m="49673" machi="74" ten="30,5800,0" yaku="19,1,52,2" doraHai="5" who="1" fromWho="0" sc="230,-58,300,58,230,0,240,0" /><INIT seed="1,1,0,1,2,66" ten="172,358,230,240" oya="1" hai0="46,81,128,115,113,50,36,85,56,67,27,134,103" hai1="28,47,82,125,90,4,108,22,7,26,107,98,11" hai2="14,102,112,119,83,15,3,37,62,79,19,58,71" hai3="6,17,114,111,120,77,13,12,59,76,44,94,84"/><U72/><E125/><V131/><F3/><W64/><G114/><T126/><D126/><U45/><E108/><V63/><F37/><W86/><G111/><T39/><D134/><U8/><E107/><V0/><F0/><W16/><G120/><T55/><D128/><U5/><E72/><V32/><F32/><W65/><G6/><T96/><D27/><U80/><E98/><V109/><F102/><W93/><G59/><T122/><D122/><U101/><E101/><V54/><F119/><W42/><G44/><N who="1" m="16970" /><E90/><V100/><F100/><W52/><REACH who="3" step="1"/><G52/><REACH who="3" ten="172,358,230,230" step="2"/><T135/><D135/><U43/><E43/><AGARI ba="1,1" hai="12,13,16,17,42,43,64,65,76,77,84,86,93,94" machi="43" ten="25,16000,3" yaku="1,1,2,1,22,2,8,1,54,1,53,2" doraHai="66" doraHaiUra="60" who="3" fromWho="1" sc="172,0,358,-163,230,0,230,173" /><INIT seed="2,0,0,1,2,0" ten="172,195,230,403" oya="2" hai0="59,90,67,81,33,20,77,50,54,107,114,110,19" hai1="106,10,85,12,30,5,102,86,91,56,65,71,7" hai2="8,122,14,133,26,51,63,74,135,6,119,126,40" hai3="11,28,29,125,34,35,112,42,69,93,118,46,2"/><V130/><F74/><W101/><G118/><T96/><D114/><U120/><E71/><V84/><F63/><W61/><G125/><T41/><D33/><U123/><E30/><V72/><F72/><W37/><G112/><T124/><D124/><U22/><E22/><V127/><F84/><W83/><G28/><T49/><D110/><U13/><E102/><V25/><F40/><W15/><G29/><T132/><D132/><N who="2" m="50762" /><F51/><W76/><G93/><T32/><D32/><U9/><E106/><V92/><F92/><W116/><G101/><T4/><D4/><U16/><E65/><V55/><F55/><W103/><G15/><T117/><D117/><U17/><E56/><V105/><F105/><W47/><G47/><T75/><D67/><U57/><E57/><V52/><F52/><W53/><G103/><T68/><D68/><U89/><AGARI ba="0,0" hai="5,7,9,10,12,13,16,17,85,86,89,91,120,123" machi="89" ten="25,12000,2" yaku="0,1,22,2,52,2,54,1" doraHai="0" who="1" fromWho="1" sc="172,-30,195,120,230,-60,403,-30" /><INIT seed="3,0,0,1,0,75" ten="142,315,170,373" oya="3" hai0="77,13,109,130,118,62,64,124,17,0,53,128,113" hai1="115,57,11,133,16,93,71,4,20,67,81,92,2" hai2="116,43,55,72,123,45,19,70,99,78,36,112,127" hai3="21,58,23,91,9,32,121,38,24,73,6,87,15"/><W90/><G121/><T106/><D118/><U42/><E115/><V37/><F99/><W103/><G38/><T31/><D0/><U59/><E71/><V98/><F19/><W7/><G73/><T100/><D113/><U41/><E133/><V79/><F98/><W82/><G103/><T69/><D109/><U101/><E101/><V111/><F72/><W107/><G107/><T40/><D124/><U76/><E42/><V97/><F97/><W114/><G114/><T51/><D100/><U26/><E41/><V63/><F112/><W65/><G7/><T61/><D106/><U60/><REACH who="1" step="1"/><E59/><REACH who="1" ten="142,305,170,373" step="2"/><V119/><F119/><W89/><G32/><T122/><D40/><U8/><E8/><V29/><F116/><W126/><G126/><T80/><D122/><U104/><E104/><V66/><F127/><W46/><G46/><T5/><D69/><U14/><E14/><V28/><F123/><W86/><G24/><T49/><D13/><U39/><E39/><V84/><F37/><W25/><G25/><T12/><D12/><U10/><E10/><V134/><F134/><W68/><G68/><T48/><D130/><U30/><E30/><V22/><F29/><W18/><G23/><T108/><D128/><U85/><AGARI ba="0,1" hai="2,4,11,16,20,26,57,60,67,76,81,85,92,93" machi="85" ten="20,12000,2" yaku="1,1,0,1,7,1,52,1,54,1,53,1" doraHai="75" doraHaiUra="83" who="1" fromWho="1" sc="142,-30,305,130,170,-30,373,-60" /><INIT seed="4,0,0,0,5,115" ten="112,435,140,313" oya="0" hai0="5,99,88,98,21,111,105,97,89,19,14,15,10" hai1="8,64,65,95,11,90,109,7,35,106,66,123,72" hai2="54,32,33,94,130,41,16,104,110,45,12,131,13" hai3="26,22,69,120,133,85,67,102,52,117,46,93,18"/><T128/><D128/><U129/><E109/><V78/><F104/><W42/><G117/><T74/><D111/><U0/><E123/><V23/><F78/><W118/><G118/><T3/><D105/><U70/><E35/><V121/><F121/><W71/><G120/><T56/><D74/><U58/><E70/><V40/><F40/><W49/><G133/><T75/><D75/><U92/><E106/><V1/><F1/><W116/><G116/><T39/><D39/><U134/><E92/><V57/><F94/><W61/><G71/><T83/><D3/><U60/><E72/><V50/><F13/><W79/><G102/><T53/><REACH who="0" step="1"/><D83/><REACH who="0" ten="102,435,140,313" step="2"/><U101/><E129/><N who="2" m="49163" /><F110/><W59/><G93/><T73/><D73/><U47/><E0/><V87/><F87/><W125/><G125/><T135/><D135/><U96/><E134/><V86/><F86/><W44/><G85/><T36/><D36/><AGARI ba="0,1" hai="12,16,23,32,33,36,41,45,50,54,57" m="49163" machi="36" ten="30,2000,0" yaku="19,1,54,1" doraHai="115" who="2" fromWho="0" sc="102,-20,435,0,140,30,313,0" /><INIT seed="5,0,0,0,5,85" ten="82,435,170,313" oya="1" hai0="31,36,12,111,29,27,10,132,53,107,14,8,1" hai1="44,56,128,88,51,65,13,113,68,20,40,127,69" hai2="54,134,84,104,116,26,106,45,48,30,71,92,126" hai3="47,114,3,94,75,87,58,38,28,108,129,15,121"/><U93/><E113/><V110/><F71/><W122/><G3/><T18/><D36/><U97/><E128/><V131/><F110/><W80/><G114/><T101/><D53/><U130/><E130/><V0/><F0/><W24/><G108/><T77/><D77/><U64/><E127/><V86/><F116/><W62/><G129/><T7/><D101/><U50/><E68/><V72/><F72/><W76/><G15/><T103/><D103/><U95/><E69/><V41/><F126/><W42/><G94/><T52/><D52/><N who="1" m="31767" /><E95/><V37/><F134/><W74/><G122/><T34/><D107/><U46/><E46/><V9/><F9/><W82/><G82/><T43/><D43/><U11/><E20/><V99/><F131/><W33/><G121/><T96/><D96/><U67/><E67/><AGARI ba="0,0" hai="24,28,33,38,42,47,58,62,67,74,75,76,80,87" machi="67" ten="30,1000,0" yaku="7,1" doraHai="85" who="3" fromWho="1" sc="82,0,435,-10,170,0,313,10" /><INIT seed="6,0,0,5,1,33" ten="82,425,170,323" oya="2" hai0="58,16,131,64,32,105,45,30,55,118,14,42,31" hai1="35,75,0,80,95,135,49,122,26,41,48,85,111" hai2="117,52,22,83,96,82,40,121,23,43,46,47,9" hai3="99,60,129,15,3,116,53,124,8,54,68,94,13"/><V61/><F117/><W125/><G116/><T5/><D118/><U74/><E111/><V107/><F107/><W79/><G79/><T127/><D127/><N who="3" m="48713" /><G129/><T63/><D131/><U108/><E108/><V128/><F128/><W66/><G3/><T12/><D105/><U19/><E0/><V24/><F96/><W70/><G70/><T134/><D134/><U113/><E95/><V84/><F9/><W67/><G67/><T109/><D109/><U101/><E135/><V62/><F24/><W7/><G13/><T98/><D32/><U86/><E35/><V25/><F25/><W97/><G97/><T76/><D76/><U39/><E86/><V112/><F84/><W92/><G92/><T81/><D81/><U126/><E80/><V34/><F34/><W77/><G77/><T21/><D98/><U73/><E85/><V90/><F90/><AGARI ba="0,0" hai="7,8,15,53,54,60,66,68,90,94,99" m="48713" machi="90" ten="30,1000,0" yaku="18,1" doraHai="33" who="3" fromWho="2" sc="82,0,425,0,170,-10,323,10" /><INIT seed="7,0,0,5,2,98" ten="82,425,160,333" oya="3" hai0="42,4,30,117,67,110,47,88,108,25,123,114,111" hai1="40,76,129,24,10,81,29,72,124,35,34,13,33" hai2="89,73,77,107,17,65,48,68,69,74,18,101,43" hai3="45,62,20,12,90,36,37,14,22,26,135,23,6"/><W31/><G135/><T11/><D123/><U71/><E71/><V59/><F89/><W38/><G45/><T128/><D117/><U1/><E129/><V93/><F93/><W87/><G62/><T19/><D128/><U121/><E121/><V53/><F101/><W112/><G112/><T0/><D67/><U120/><E120/><V122/><F107/><W91/><G6/><T86/><D19/><U99/><E1/><V8/><F8/><W66/><G66/><T113/><D25/><U28/><E28/><V133/><F133/><W106/><G106/><T131/><D30/><U44/><E99/><V134/><F17/><W57/><G57/><T5/><D5/><U16/><E124/><V27/><F18/><W9/><G9/><T21/><D21/><U127/><E127/><V132/><F27/><W118/><G118/><T61/><D61/><U82/><E82/><N who="2" m="45359" /><F68/><W55/><G55/><T78/><D78/><U46/><E46/><V60/><F122/><W116/><G116/><T50/><REACH who="0" step="1"/><D131/><REACH who="0" ten="72,425,160,333" step="2"/><U103/><E29/><V92/><F132/><W119/><G119/><T104/><D104/><U126/><E24/><V115/><F134/><W80/><REACH who="3" step="1"/><G90/><REACH who="3" ten="72,425,160,323" step="2"/><T49/><D49/><N who="1" m="26759" /><E10/><V94/><F60/><W56/><G56/><T15/><D15/><AGARI ba="0,2" hai="12,14,15,20,22,23,26,31,36,37,38,80,87,91" machi="15" ten="40,2000,0" yaku="1,1,53,0" doraHai="98" doraHaiUra="96" who="3" fromWho="0" sc="72,-20,425,0,160,0,323,40" /><INIT seed="7,1,0,5,5,27" ten="52,425,160,363" oya="3" hai0="98,132,10,81,107,102,96,91,69,120,89,131,3" hai1="60,45,34,106,103,100,62,63,16,13,19,6,85" hai2="43,26,70,84,42,38,127,75,124,104,61,52,24" hai3="82,88,125,30,28,20,57,123,128,105,55,135,51"/><W77/><G123/><T126/><D69/><U117/><E34/><V99/><F75/><W130/><G105/><N who="0" m="63687" /><D10/><N who="1" m="4311" /><E106/><V1/><F84/><N who="3" m="50199" /><G125/><T22/><D22/><U115/><E115/><V2/><F24/><W23/><G77/><T7/><D7/><U21/><E117/><V90/><F90/><N who="0" m="34314" /><D3/><U79/><E45/><N who="2" m="23767" /><F52/><W112/><G112/><T109/><D126/><N who="2" m="48170" /><F26/><W33/><G135/><T93/><D132/><U92/><E92/><V17/><F17/><N who="1" m="6729" /><E21/><N who="3" m="8266" /><G33/><T46/><D120/><U31/><E31/><V58/><F70/><W47/><G47/><T9/><D107/><U119/><E119/><V76/><F104/><W48/><G48/><T65/><D46/><U94/><E94/><V54/><F1/><W86/><G86/><T67/><D81/><AGARI ba="1,0" hai="60,62,63,79,81,85,100,103" m="6729,4311" machi="81" ten="30,2000,0" yaku="8,1,54,1" doraHai="27" who="1" fromWho="0" sc="52,-23,425,23,160,0,363,0" owari="29,-47.1,448,54.8,160,-24.0,363,16.3" /></mjloggm>