<mjloggm ver="2.3"><GO type="169" lobby="0"/><UN n0="%E3%83%90%E3%82%AD" n1="%E5%B3%B6%E7%94%B0%E7%9C%9F%E5%A4%A2" n2="%E3%83%A9%E3%82%B9%E3%82%8B%E3%81%8B%E3%81%AA" n3="%E5%85%AD%E9%83%A8%E5%9C%AD" dan="16,16,17,16" rate="2114.90,2151.10,2201.48,2045.38" sx="M,F,M,M"/><TAIKYOKU oya="0"/><INIT seed="0,0,0,5,1,133" ten="250,250,250,250" oya="0" hai0="53,9,91,2,16,98,49,13,27,107,104,4,17" hai1="6,5,77,89,15,113,50,87,32,19,8,93,54" hai2="115,84,3,24,114,68,63,31,92,26,12,55,111" hai3="105,129,46,78,122,21,109,51,85,73,42,76,44"/><T130/><D130/><U67/><E32/><V59/><F3/><W124/><G105/><T75/><D75/><U25/><E67/><V123/><F123/><W69/><G69/><T125/><D125/><U116/><E116/><V72/><F72/><W90/><G129/><T30/><D91/><U110/><E110/><V62/><F111/><W103/><G109/><T70/><D70/><U10/><E77/><V131/><F131/><W20/><G122/><T118/><D118/><U135/><E135/><V74/><F74/><W95/><G103/><T132/><D132/><U28/><E8/><V23/><F12/><W97/><G73/><T11/><D17/><U120/><E120/><V0/><F0/><W71/><G71/><T128/><D98/><U34/><REACH who="1" step="1"/><E113/><REACH who="1" ten="250,240,250,250" step="2"/><V82/><F115/><W83/><G76/><T56/><REACH who="0" step="1"/><D128/><REACH who="0" ten="240,240,250,250" step="2"/><U40/><E40/><V112/><F114/><W121/><G121/><T101/><D101/><U99/><E99/><V94/><F112/><W58/><G97/><T37/><D37/><U117/><E117/><V106/><F106/><W38/><G38/><T96/><D96/><U36/><E36/><V81/><F68/><W80/><G78/><T35/><AGARI ba="0,2" hai="2,4,9,11,13,16,27,30,35,49,53,56,104,107" machi="35" ten="20,7800,0" yaku="1,1,0,1,7,1,54,1,53,0" doraHai="133" doraHaiUra="66" who="0" fromWho="0" sc="240,98,240,-26,250,-26,250,-26" /><INIT seed="0,1,0,3,0,91" ten="338,214,224,224" oya="0" hai0="117,54,23,10,97,110,68,114,30,127,89,109,98" hai1="128,77,95,111,46,101,69,100,53,64,0,103,11" hai2="73,122,96,41,36,130,58,80,32,102,92,1,6" hai3="81,13,105,93,131,39,31,63,15,40,113,79,2"/><T17/><D114/><U24/><E128/><V16/><F32/><W132/><G105/><T62/><D117/><U8/><E111/><N who="0" m="42505" /><D127/><U49/><E77/><N who="2" m="44079" /><F58/><W135/><G2/><T61/><D30/><U74/><E74/><V14/><F122/><W29/><G113/><T7/><D68/><U125/><E125/><V99/><F99/><N who="0" m="37898" /><D54/><U112/><E112/><V44/><F130/><W9/><G131/><T57/><D57/><U60/><E0/><V116/><F116/><W84/><G63/><T59/><D89/><U4/><E4/><V28/><F28/><W19/><G29/><T119/><D59/><U72/><E72/><V38/><F38/><W42/><G31/><T133/><D119/><U124/><E124/><V47/><F47/><W67/><G67/><T45/><D45/><U115/><E115/><V85/><F85/><W12/><G39/><T82/><D82/><U37/><E37/><V118/><F118/><W83/><G83/><T52/><D52/><U107/><E107/><V25/><F1/><W108/><G108/><T76/><D76/><U106/><E106/><V75/><F75/><W88/><G42/><T123/><D123/><U21/><E46/><V43/><F43/><W66/><G40/><T94/><D94/><U33/><E95/><V104/><F104/><W27/><G66/><T35/><D35/><U120/><E33/><V55/><F55/><W78/><G78/><T3/><D133/><U56/><REACH who="1" step="1"/><E120/><REACH who="1" ten="338,204,224,224" step="2"/><V50/><F36/><W121/><G121/><T26/><AGARI ba="1,1" hai="3,7,10,17,23,26,61,62" m="37898,42505" machi="26" ten="30,3000,0" yaku="14,1,10,1" doraHai="91" who="0" fromWho="0" sc="338,43,204,-11,224,-11,224,-11" /><INIT seed="0,2,0,0,1,49" ten="381,193,213,213" oya="0" hai0="123,8,114,91,58,131,16,22,5,9,34,74,11" hai1="88,110,39,67,73,14,37,40,116,87,7,124,97" hai2="18,13,41,35,112,29,126,133,83,52,108,31,90" hai3="82,79,6,45,121,107,113,59,64,2,78,70,10"/><T3/><D74/><U28/><E73/><V93/><F35/><W51/><G113/><T104/><D104/><U62/><E116/><V47/><F108/><W65/><G70/><T120/><D91/><U44/><E110/><V102/><F133/><W60/><G107/><T33/><D58/><U38/><E124/><V53/><F102/><W134/><G134/><T32/><D131/><U130/><E130/><V96/><F126/><W61/><G121/><N who="0" m="46667" /><D114/><U129/><E28/><V68/><F68/><W92/><G92/><T115/><D115/><U17/><E129/><V118/><F118/><W21/><G21/><T72/><D72/><U15/><E97/><V12/><F83/><W20/><G20/><T81/><D81/><U50/><E7/><V36/><F112/><W23/><G23/><T26/><AGARI ba="2,0" hai="3,5,8,9,11,16,22,26,32,33,34" m="46667" machi="26" ten="40,7800,0" yaku="34,2,54,1" doraHai="49" who="0" fromWho="0" sc="381,84,193,-28,213,-28,213,-28" /><INIT seed="0,3,0,5,1,84" ten="465,165,185,185" oya="0" hai0="125,15,74,7,100,77,89,62,111,131,91,59,98" hai1="51,75,69,1,34,80,72,45,49,79,92,115,126" hai2="25,21,10,55,82,94,113,64,4,42,19,118,3" hai3="40,35,20,22,81,46,99,12,41,103,18,78,11"/><T109/><D125/><U120/><E120/><V116/><F64/><W135/><G35/><T128/><D7/><U44/><E126/><V9/><F42/><W67/><G135/><T0/><D0/><U104/><E1/><V43/><F43/><W36/><G41/><T129/><D15/><U60/><E104/><V86/><F94/><W8/><G67/><N who="0" m="39391" /><D77/><U13/><E34/><V83/><F113/><W122/><G8/><T124/><D74/><U24/><E115/><V5/><F55/><W127/><G122/><T68/><D68/><U105/><E105/><V70/><F70/><W107/><REACH who="3" step="1"/><G127/><REACH who="3" ten="465,165,185,175" step="2"/><T2/><D124/><U17/><E69/><V63/><F116/><W102/><G102/><T123/><D123/><U66/><E66/><V101/><F118/><W132/><G132/><T88/><D2/><U28/><E72/><AGARI ba="3,1" hai="11,12,18,20,22,36,40,46,72,78,81,99,103,107" machi="72" ten="30,2000,0" yaku="1,1,7,1,53,0" doraHai="84" doraHaiUra="48" who="3" fromWho="1" sc="465,0,165,-29,185,0,175,39" /><INIT seed="1,0,0,5,0,78" ten="465,136,185,214" oya="1" hai0="105,2,41,107,122,113,96,98,9,37,35,77,126" hai1="112,11,125,60,128,68,53,42,135,6,31,85,114" hai2="134,79,32,89,7,58,18,92,54,34,110,87,40" hai3="90,101,8,72,23,5,67,44,19,38,29,62,59"/><U104/><E104/><V132/><F110/><W16/><G72/><T43/><D113/><U109/><E128/><V117/><F117/><W93/><G101/><T26/><D126/><U15/><E125/><V48/><F7/><W13/><G38/><T1/><D122/><U28/><E109/><V94/><F40/><W75/><G75/><T56/><D56/><U73/><E135/><N who="2" m="51755" /><F79/><W103/><G44/><T64/><D64/><U82/><E73/><V97/><F18/><W127/><G127/><T46/><D77/><U116/><E116/><V61/><F48/><W102/><G29/><N who="0" m="19895" /><D9/><U120/><E120/><V39/><F39/><W88/><G90/><AGARI ba="0,0" hai="32,34,54,58,61,87,89,90,92,94,97" m="51755" machi="90" ten="30,1000,0" yaku="20,1" doraHai="78" who="2" fromWho="3" sc="465,0,136,0,185,10,214,-10" /><INIT seed="2,0,0,3,5,98" ten="465,136,195,204" oya="2" hai0="88,66,81,17,135,79,7,54,9,23,91,53,87" hai1="75,70,94,58,11,117,24,44,82,19,12,47,110" hai2="86,111,84,92,74,31,72,77,64,107,132,97,45" hai3="130,15,116,16,69,18,26,48,3,65,28,50,57"/><V121/><F64/><W93/><G116/><T30/><D135/><U22/><E117/><V126/><F31/><W100/><G3/><T103/><D103/><U112/><E70/><V109/><F45/><W105/><G130/><T32/><D66/><U133/><E112/><V120/><F107/><W41/><G41/><T34/><D34/><U5/><E133/><V124/><F132/><W90/><G18/><T4/><D32/><U128/><E128/><V85/><F77/><W129/><G129/><T59/><D30/><U73/><E75/><N who="2" m="28715" /><F121/><W8/><G69/><T60/><D53/><U104/><E104/><V43/><F43/><W63/><G105/><T46/><D46/><U40/><E73/><V35/><F35/><W76/><G76/><T127/><D127/><N who="2" m="48682" /><F120/><W37/><G37/><T125/><D125/><U123/><E123/><V61/><F61/><W33/><REACH who="3" step="1"/><G100/><AGARI ba="0,0" hai="84,85,86,92,97,100,109,111" m="48682,28715" machi="100" ten="40,12000,1" yaku="18,1,34,2,52,1" doraHai="98" who="2" fromWho="3" sc="465,0,136,0,195,120,204,-120" /><INIT seed="2,1,0,2,2,38" ten="465,136,315,84" oya="2" hai0="92,104,127,50,13,121,3,25,58,9,16,125,53" hai1="19,84,1,42,116,52,86,119,0,35,135,98,87" hai2="79,63,37,73,31,24,126,47,111,26,6,130,46" hai3="28,45,57,120,61,54,85,51,15,114,66,29,105"/><V69/><F130/><W75/><G75/><T4/><D121/><U106/><E35/><V133/><F133/><W34/><G120/><T129/><D104/><U113/><E113/><V64/><F126/><N who="0" m="48138" /><D129/><U81/><E135/><V30/><F111/><W102/><G114/><T40/><D40/><U91/><E81/><V101/><F101/><W82/><G34/><T89/><D25/><U71/><E71/><V123/><F123/><W110/><G110/><T107/><D107/><U2/><E106/><V124/><F124/><W93/><G105/><T5/><D3/><U134/><E134/><V131/><F131/><W11/><G93/><T118/><D118/><U99/><E19/><V49/><F6/><W115/><G102/><T21/><D9/><U20/><E20/><V55/><F26/><W96/><G96/><AGARI ba="1,0" hai="4,5,13,16,21,50,53,58,89,92,96" m="48138" machi="96" ten="30,2000,0" yaku="18,1,54,1" doraHai="38" who="0" fromWho="3" sc="465,23,136,0,315,0,84,-23" /><INIT seed="3,0,0,4,2,121" ten="488,136,315,61" oya="3" hai0="64,42,110,98,55,13,33,3,100,27,135,106,75" hai1="62,50,93,12,53,18,24,83,109,1,111,115,47" hai2="86,82,46,97,124,132,60,40,14,66,58,22,104" hai3="28,134,9,85,80,88,74,2,102,129,114,48,94"/><W21/><G114/><T25/><D3/><U133/><E115/><V116/><F116/><W36/><G36/><T51/><D75/><U16/><E1/><V130/><F130/><W126/><G129/><T37/><D135/><U39/><E133/><V71/><F132/><W131/><G131/><T95/><D64/><U41/><E83/><V31/><F124/><W49/><G134/><T11/><D33/><U77/><E77/><V125/><F125/><W105/><G126/><T34/><D34/><U56/><E93/><V26/><F14/><W20/><G2/><T7/><D110/><N who="1" m="41995" /><E24/><V101/><F71/><W10/><G10/><T89/><D42/><U91/><E91/><V117/><F117/><W108/><G9/><T0/><D37/><U19/><E39/><V57/><F57/><W38/><G38/><T65/><D0/><U113/><E113/><V78/><F40/><W44/><G108/><T29/><D25/><U128/><E128/><V92/><REACH who="2" step="1"/><F46/><REACH who="2" ten="488,136,305,61" step="2"/><W122/><G44/><T63/><D11/><AGARI ba="0,1" hai="11,12,16,18,19,41,47,50,53,56,62" m="41995" machi="11" ten="30,8000,1" yaku="14,1,52,3,54,1" doraHai="121" who="1" fromWho="0" sc="488,-80,136,90,305,0,61,0" /><INIT seed="4,0,0,3,2,112" ten="408,226,305,61" oya="0" hai0="63,42,133,92,126,40,24,78,102,104,130,80,1" hai1="59,86,67,64,22,91,15,45,85,4,5,134,14" hai2="17,129,41,65,20,56,72,82,75,125,37,88,11" hai3="99,49,96,98,55,23,51,13,87,33,132,95,68"/><T60/><D1/><U115/><E115/><V111/><F111/><W38/><G38/><T26/><D104/><U131/><E131/><V107/><F107/><W108/><G108/><T71/><D130/><U113/><E113/><V2/><F125/><W61/><G33/><T100/><D126/><U101/><E134/><V103/><F103/><W34/><G34/><T89/><D133/><U48/><E101/><N who="0" m="39017" /><D71/><U16/><E86/><V21/><F129/><W128/><G128/><T0/><D0/><U36/><E36/><V117/><F117/><W123/><G132/><T18/><D80/><U76/><E76/><V127/><F127/><W50/><G123/><T73/><D78/><U3/><E3/><V8/><F2/><W79/><G68/><T106/><D106/><U109/><E109/><V27/><F72/><W32/><G32/><T52/><D18/><U120/><E120/><V6/><F6/><N who="1" m="2665" /><E14/><V93/><F75/><W97/><N who="3" m="24576" /><DORA hai="19" /><W114/><G114/><T124/><D73/><U53/><E45/><N who="2" m="23727" /><F82/><AGARI ba="0,0" hai="15,16,22,48,53,59,64,67,82,85,91" m="2665" machi="82" ten="30,3900,0" yaku="8,1,52,1,54,1" doraHai="112,19" who="1" fromWho="2" sc="408,0,226,39,305,-39,61,0" /><INIT seed="5,0,0,4,1,119" ten="408,265,266,61" oya="1" hai0="94,20,70,59,11,102,83,82,86,84,13,107,10" hai1="8,46,27,113,18,1,88,45,3,55,98,15,85" hai2="32,121,115,101,122,29,38,110,57,109,99,95,60" hai3="63,100,68,35,73,135,132,21,97,96,80,41,42"/><U127/><E127/><V130/><F38/><W23/><G35/><T19/><D70/><U26/><E113/><V112/><F130/><W67/><G73/><T103/><D107/><U58/><E3/><V128/><F128/><W37/><G80/><N who="0" m="30763" /><D59/><U74/><E74/><V62/><F29/><W17/><G96/><N who="0" m="59671" /><D103/><U116/><E98/><V36/><F32/><W54/><G54/><T131/><D131/><U66/><E1/><V43/><F43/><W129/><G129/><T114/><D114/><N who="2" m="43562" /><F36/><W81/><G81/><T7/><D10/><U25/><E66/><N who="2" m="39183" /><F62/><W24/><G23/><T22/><D20/><U108/><E116/><V90/><F101/><W111/><G111/><AGARI ba="0,0" hai="90,95,99,109,110,111,121,122" m="39183,43562" machi="111" ten="30,7700,0" yaku="15,1,11,1,52,2" doraHai="119" who="2" fromWho="3" sc="408,0,265,0,266,77,61,-77" owari="408,50.8,265,-13.5,343,14.3,-16,-51.6" /></mjloggm>