<mjloggm ver="2.3"><GO type="169" lobby="0"/><UN n0="%64%6F%6F%6F%6F%77%79%31" n1="%E6%9A%97%E9%BB%92%E7%96%BE%E9%A2%A8%E9%BE%8D%E7%8E%8B%E4%B8%B8" n2="%E3%81%97%E3%82%83%E3%82%93%E3%81%8A%E3%81%98" n3="%E7%99%BD%E9%AB%AA%E9%AC%BC" dan="17,16,16,16" rate="2211.17,2022.05,2194.88,2120.23" sx="M,M,F,M"/><TAIKYOKU oya="0"/><INIT seed="0,0,0,0,1,60" ten="250,250,250,250" oya="0" hai0="121,38,63,117,24,43,46,80,7,86,6,0,103" hai1="14,56,118,107,96,45,11,20,127,10,106,84,19" hai2="65,110,22,50,78,98,21,62,40,134,8,122,18" hai3="102,123,30,114,93,32,66,48,101,130,120,44,81"/><T99/><D117/><U111/><E118/><V17/><F110/><W132/><G114/><T113/><D113/><U13/><E111/><V58/><F134/><W29/><G132/><T28/><D0/><U100/><E127/><V125/><F122/><N who="3" m="46635" /><G130/><T72/><D72/><U12/><E106/><V51/><F125/><W89/><G81/><T34/><D121/><U92/><E45/><V9/><F78/><W108/><G108/><T15/><D15/><U91/><REACH who="1" step="1"/><E56/><REACH who="1" ten="250,240,250,250" step="2"/><V87/><F58/><W79/><G44/><T71/><D80/><U47/><E47/><V119/><F119/><W67/><G48/><T57/><D86/><U83/><E83/><V112/><F87/><N who="3" m="52415" /><G79/><T42/><D42/><U75/><E75/><V74/><F40/><W69/><G69/><T41/><D41/><U128/><E128/><V4/><F74/><W64/><G32/><T3/><D3/><U124/><E124/><V5/><F112/><W126/><G126/><T26/><D26/><AGARI ba="0,1" hai="10,11,12,13,14,19,20,26,84,91,92,96,100,107" machi="26" ten="40,1300,0" yaku="1,1,53,0" doraHai="60" doraHaiUra="27" who="1" fromWho="0" sc="250,-13,240,23,250,0,250,0" /><INIT seed="1,0,0,4,5,2" ten="237,263,250,250" oya="1" hai0="53,119,33,93,50,105,89,1,14,26,47,78,86" hai1="117,37,104,96,90,69,42,6,91,10,101,46,97" hai2="16,135,56,55,40,77,17,107,131,32,24,38,43" hai3="49,59,125,67,8,30,27,19,0,100,62,5,11"/><U124/><E124/><V92/><F107/><W111/><G125/><T64/><D119/><U130/><E117/><V118/><F118/><W74/><G74/><T15/><D105/><U122/><E122/><V23/><F135/><W133/><G133/><T13/><D1/><U61/><E130/><V98/><F131/><W7/><G111/><T85/><D33/><U72/><E72/><V129/><F129/><W115/><G115/><T103/><D103/><U34/><E34/><V63/><F32/><W127/><G127/><T121/><D121/><U18/><E18/><V70/><F77/><W126/><G126/><T68/><D68/><U81/><E81/><V35/><F35/><W82/><G100/><T110/><D110/><U75/><E75/><V4/><F70/><W120/><G120/><T54/><D64/><U114/><E96/><V99/><F38/><W60/><G30/><T39/><D39/><U66/><REACH who="1" step="1"/><E114/><REACH who="1" ten="237,253,250,250" step="2"/><V22/><F99/><W41/><G82/><N who="0" m="47319" /><D26/><U58/><E58/><V21/><F21/><W132/><G132/><T36/><D36/><U84/><E84/><V112/><F112/><W52/><G27/><T83/><D83/><U65/><E65/><V45/><F23/><W51/><G19/><T87/><D86/><U88/><E88/><N who="2" m="55559" /><F17/><W12/><G41/><AGARI ba="0,1" hai="13,14,15,41,47,50,53,54,87,89,93" m="47319" machi="41" ten="30,1000,0" yaku="8,1" doraHai="2" who="0" fromWho="3" sc="237,20,253,0,250,0,250,-10" /><INIT seed="2,0,0,1,5,20" ten="257,253,250,240" oya="2" hai0="94,33,17,27,69,115,114,84,135,57,24,77,118" hai1="95,134,117,66,1,82,101,64,15,52,31,131,10" hai2="47,43,108,59,127,120,96,22,72,23,35,63,87" hai3="124,4,68,62,119,107,104,125,74,28,55,70,113"/><V83/><F120/><W37/><G119/><T97/><D69/><U11/><E117/><V110/><F35/><W126/><G113/><T71/><D71/><N who="3" m="27177" /><G74/><T103/><D118/><U105/><E105/><N who="3" m="40522" /><G4/><T123/><D123/><U12/><E1/><V93/><F72/><W58/><G28/><T8/><D135/><U100/><E131/><V86/><F127/><W111/><G37/><T81/><D57/><U40/><E40/><V85/><F83/><W109/><AGARI ba="0,0" hai="55,58,62,109,111,124,125,126" m="40522,27177" machi="109" ten="50,1600,0" yaku="18,1" doraHai="20" who="3" fromWho="3" sc="257,-4,253,-4,250,-8,240,16" /><INIT seed="3,0,0,3,4,8" ten="253,249,242,256" oya="3" hai0="82,61,20,89,59,16,55,12,34,47,95,6,26" hai1="99,125,105,122,19,57,52,110,46,97,36,78,28" hai2="74,92,22,131,123,0,62,48,49,111,44,85,109" hai3="117,127,29,134,129,94,39,113,70,56,124,71,104"/><W50/><G104/><T93/><D47/><U3/><E3/><V84/><F74/><W115/><G29/><T130/><D130/><U15/><E122/><V121/><F0/><W14/><G117/><T27/><D34/><U120/><E120/><N who="2" m="46155" /><F22/><W13/><G39/><T21/><D6/><U77/><E110/><N who="2" m="41995" /><F131/><W2/><G2/><T23/><D27/><U60/><E28/><V51/><F92/><N who="0" m="35402" /><D26/><U68/><E105/><V76/><F76/><W75/><G75/><T98/><D98/><U10/><E68/><N who="3" m="26154" /><G94/><T38/><D38/><U54/><E36/><V18/><F18/><W102/><G102/><T128/><D128/><U31/><E31/><V91/><F91/><W73/><G73/><T58/><D58/><U112/><E99/><V101/><F101/><W103/><G103/><T87/><AGARI ba="0,0" hai="12,16,20,21,23,55,59,61,82,87,89" m="35402" machi="87" ten="30,4000,0" yaku="8,1,52,1,54,1" doraHai="8" who="0" fromWho="0" sc="253,40,249,-10,242,-10,256,-20" /><INIT seed="4,0,0,3,5,123" ten="293,239,232,236" oya="0" hai0="35,99,115,103,42,92,14,119,134,60,76,131,121" hai1="66,25,26,126,21,100,84,34,23,113,70,64,20" hai2="45,8,2,116,59,106,117,77,62,13,67,78,41" hai3="52,61,32,132,37,56,58,11,38,89,93,101,18"/><T0/><D121/><U5/><E70/><V19/><F106/><W82/><G32/><T124/><D0/><U130/><E130/><V7/><F117/><W133/><G101/><T91/><D119/><U33/><E100/><V28/><F28/><W1/><G82/><T54/><D35/><U31/><E126/><V15/><F116/><W80/><G80/><T87/><D76/><U46/><E113/><V49/><REACH who="2" step="1"/><F2/><REACH who="2" ten="293,239,222,236" step="2"/><W16/><G1/><T22/><D115/><U40/><E31/><V17/><F17/><W129/><G18/><N who="0" m="10583" /><D124/><U135/><E34/><V104/><F104/><W12/><G129/><T55/><D131/><U65/><E33/><V72/><F72/><W63/><G132/><T79/><D134/><U110/><E135/><V128/><F128/><W112/><G133/><T10/><D79/><U9/><E26/><V39/><F39/><W111/><G112/><T85/><D42/><U83/><E25/><V81/><F81/><W120/><G120/><T53/><D60/><U94/><E83/><V51/><F51/><W3/><G3/><T102/><D10/><AGARI ba="0,1" hai="7,8,10,13,15,19,41,45,49,59,62,67,77,78" machi="10" ten="30,8000,1" yaku="1,1,7,1,8,1,53,2" doraHai="123" doraHaiUra="75" who="2" fromWho="0" sc="293,-80,239,0,222,90,236,0" /><INIT seed="5,0,0,5,5,76" ten="213,239,312,236" oya="1" hai0="94,28,15,48,119,114,38,0,13,102,26,1,41" hai1="14,90,107,95,97,18,84,47,16,83,112,10,6" hai2="67,39,58,126,80,71,122,89,116,72,23,124,117" hai3="101,129,12,4,78,82,93,29,8,110,33,109,111"/><U17/><E112/><V86/><F71/><W40/><G129/><T108/><D38/><U91/><E107/><V11/><F39/><W127/><G127/><N who="2" m="48681" /><F23/><W46/><G29/><T37/><D37/><U99/><E47/><V88/><F122/><W50/><G33/><T53/><D41/><U120/><E120/><V19/><F72/><W60/><G60/><T118/><D108/><U34/><E34/><V66/><F89/><W45/><G45/><T7/><D114/><U106/><E106/><V25/><F25/><W133/><G133/><T87/><D102/><U59/><E59/><V134/><F134/><W35/><G35/><T105/><D105/><U74/><E74/><V130/><F130/><W100/><REACH who="3" step="1"/><G93/><REACH who="3" ten="213,239,312,226" step="2"/><T98/><D94/><U125/><REACH who="1" step="1"/><E125/><REACH who="1" ten="213,229,312,226" step="2"/><V21/><F58/><W135/><G135/><T115/><D115/><U52/><E52/><V65/><F117/><W5/><G5/><T30/><D7/><U73/><E73/><AGARI ba="0,2" hai="4,8,12,40,46,50,73,78,82,100,101,109,110,111" machi="73" ten="40,8000,1" yaku="1,1,52,1,53,2" doraHai="76" doraHaiUra="96" who="3" fromWho="1" sc="213,0,229,-80,312,0,226,100" /><INIT seed="6,0,0,0,2,95" ten="213,149,312,326" oya="2" hai0="90,125,39,130,4,1,3,60,105,20,103,21,93" hai1="129,131,2,15,23,127,74,79,6,24,66,100,128" hai2="91,107,22,59,111,7,28,34,98,122,113,121,72" hai3="10,17,97,29,30,109,12,71,112,25,54,135,50"/><V0/><F34/><W92/><G109/><T75/><D39/><U41/><E66/><V80/><F111/><W116/><G71/><T57/><D75/><U96/><E127/><V52/><F113/><W78/><G116/><T76/><D76/><U64/><E64/><V86/><F72/><W18/><G78/><T108/><D130/><U36/><E15/><V11/><F28/><W43/><G43/><T89/><D105/><U49/><E49/><V69/><F69/><W126/><G126/><T32/><D93/><U132/><E132/><V106/><F22/><N who="3" m="13527" /><G135/><T40/><D40/><U115/><E115/><V68/><F68/><W63/><G112/><T102/><D108/><U61/><E61/><V56/><F56/><N who="3" m="35223" /><G50/><T5/><D60/><U67/><E67/><V53/><F107/><W33/><G33/><T70/><D70/><U51/><E36/><V104/><F104/><W62/><G62/><T65/><D65/><U13/><E2/><V19/><F19/><W27/><G27/><T77/><D32/><U81/><E51/><V119/><F119/><W73/><G73/><T82/><D57/><U8/><E41/><V123/><REACH who="2" step="1"/><F59/><REACH who="2" ten="213,149,302,326" step="2"/><W133/><G133/><T37/><D125/><U45/><E45/><V83/><F83/><W124/><G124/><T85/><D82/><U9/><E9/><V42/><F42/><W134/><G134/><T26/><D37/><U117/><E117/><V99/><F99/><W48/><G48/><T46/><D46/><U94/><REACH who="1" step="1"/><E129/><REACH who="1" ten="213,139,302,326" step="2"/><V84/><F84/><W55/><G55/><T120/><D85/><U31/><AGARI ba="0,2" hai="6,8,13,23,24,31,74,79,81,94,96,100,128,131" machi="31" ten="30,8000,1" yaku="1,1,2,1,5,1,0,1,52,1,53,0" doraHai="95" doraHaiUra="38" who="1" fromWho="1" sc="213,-20,139,100,302,-40,326,-20" /><INIT seed="7,0,0,5,3,4" ten="193,239,262,306" oya="3" hai0="8,21,18,71,1,31,82,53,57,128,38,28,109" hai1="100,13,112,24,94,6,44,68,43,5,114,135,12" hai2="63,26,97,35,54,58,2,70,86,64,55,29,14" hai3="125,34,78,20,40,72,74,116,134,118,104,84,65"/><W75/><G34/><T17/><D71/><U61/><E135/><V47/><F2/><W83/><G40/><T39/><D109/><U69/><E24/><V106/><F86/><W91/><G65/><T121/><D121/><U132/><E132/><V56/><F14/><W98/><G20/><T131/><D82/><U123/><E123/><V25/><F25/><W79/><G134/><T30/><D39/><U9/><E100/><V27/><F27/><W15/><G15/><T115/><D38/><U92/><E61/><V51/><F55/><W33/><G33/><T85/><D85/><U48/><E69/><V110/><F110/><W80/><G125/><T81/><D81/><U89/><E68/><V3/><F3/><W87/><G104/><T19/><D21/><U45/><E45/><V52/><F54/><W7/><G7/><N who="0" m="1135" /><D53/><U122/><E122/><V105/><F105/><W32/><G32/><T93/><D93/><AGARI ba="0,0" hai="72,74,75,78,79,80,83,84,87,91,93,98,116,118" machi="93" ten="40,12000,1" yaku="9,1,34,3" doraHai="4" who="3" fromWho="0" sc="193,-120,239,0,262,0,306,120" owari="73,-42.7,239,-16.1,262,6.2,426,52.6" /></mjloggm>