<mjloggm ver="2.3"><GO type="169" lobby="0"/><UN n0="%E3%81%9F%E3%81%8B%31%34%31" n1="%E3%81%8B%E3%81%A5%E3%81%8D%EF%BC%B8%EF%BC%A9" n2="%67%78%7A" n3="%E8%B6%85%E7%B5%B6%E5%82%99%E9%95%B7%E7%82%AD" dan="16,18,18,16" rate="2138.77,2175.99,2261.00,2054.01" sx="M,M,F,M"/><TAIKYOKU oya="0"/><INIT seed="0,0,0,4,3,50" ten="250,250,250,250" oya="0" hai0="95,13,102,132,56,27,80,62,118,86,14,133,45" hai1="55,82,59,68,11,125,61,24,31,30,26,97,29" hai2="7,81,66,34,121,90,20,104,4,46,42,8,40" hai3="84,77,51,122,72,60,48,110,58,115,64,39,89"/><T17/><D118/><U63/><E125/><V88/><F34/><W9/><G39/><T127/><D127/><U78/><E97/><V126/><F126/><W105/><G105/><T16/><D45/><U67/><REACH who="1" step="1"/><E11/><REACH who="1" ten="250,240,250,250" step="2"/><V87/><F8/><W111/><G9/><T43/><D133/><U129/><E129/><V38/><F121/><W1/><G122/><T21/><D132/><U109/><E109/><V18/><F104/><W10/><G10/><T131/><D131/><U52/><E52/><V5/><F40/><W65/><G65/><T99/><D43/><U100/><E100/><V114/><F66/><W47/><G1/><T70/><D70/><U113/><E113/><V75/><F114/><W49/><G115/><T124/><D124/><U130/><E130/><V32/><F4/><W83/><G47/><T25/><D17/><U74/><AGARI ba="0,1" hai="24,26,29,30,31,55,59,61,63,67,68,74,78,82" machi="74" ten="30,8000,1" yaku="1,1,0,1,52,1,53,2" doraHai="50" doraHaiUra="23" who="1" fromWho="1" sc="250,-40,240,90,250,-20,250,-20" /><INIT seed="1,0,0,3,0,29" ten="210,330,230,230" oya="1" hai0="83,9,86,66,62,47,81,97,46,108,123,39,105" hai1="71,5,75,23,118,32,45,87,30,126,52,16,17" hai2="0,134,50,129,63,116,51,48,54,27,95,37,90" hai3="53,65,20,8,10,117,3,60,56,24,132,103,121"/><U43/><E71/><V124/><F37/><W85/><G121/><T106/><D108/><U21/><E75/><V80/><F116/><W68/><G117/><T14/><D123/><U34/><E118/><V38/><F38/><W61/><G132/><T89/><D83/><U28/><E52/><V100/><F0/><W127/><G127/><T57/><D97/><U4/><E87/><V1/><F1/><W69/><G69/><T125/><D125/><U18/><E45/><V119/><F119/><W122/><G3/><T96/><D96/><U6/><E43/><V33/><F124/><W112/><G122/><T135/><D135/><U40/><E40/><V131/><F80/><W128/><G112/><T102/><D102/><U113/><E126/><V67/><F100/><W110/><G110/><T93/><D93/><U73/><E73/><V11/><F11/><W15/><G128/><N who="2" m="49225" /><F134/><W22/><G103/><T107/><REACH who="0" step="1"/><D39/><REACH who="0" ten="200,330,230,230" step="2"/><U13/><E113/><V42/><F95/><W84/><G85/><T101/><D101/><U114/><E114/><V78/><F78/><W49/><G84/><T70/><D70/><U104/><E104/><V92/><F92/><W130/><G68/><T72/><D72/><U77/><E77/><V2/><F90/><W74/><G74/><T44/><D44/><U26/><E13/><V98/><F98/><W79/><G79/><T41/><D41/><U55/><E55/><V94/><F54/><W99/><G130/><T111/><D111/><U12/><E12/><V133/><F133/><W35/><G53/><T120/><D120/><U91/><E91/><RYUUKYOKU ba="0,1" sc="200,15,330,15,230,-15,230,-15" hai0="9,14,46,47,57,62,66,81,86,89,105,106,107" hai1="4,5,6,16,17,18,21,23,26,28,30,32,34" /><INIT seed="1,1,1,0,1,19" ten="215,345,215,215" oya="1" hai0="100,115,35,3,10,73,61,50,96,9,124,41,21" hai1="132,7,58,42,27,130,121,108,83,72,120,30,69" hai2="79,74,65,135,119,93,99,0,110,114,2,51,22" hai3="36,128,45,67,48,95,118,38,33,26,127,117,1"/><U105/><E69/><V13/><F119/><N who="3" m="45579" /><G1/><T66/><D35/><U71/><E71/><V107/><F107/><W54/><G127/><T64/><D73/><U126/><E105/><V12/><F65/><W103/><G67/><T59/><D66/><U84/><E72/><V122/><F122/><W39/><G128/><T134/><D115/><U11/><E126/><V47/><F114/><W62/><G62/><T18/><D134/><U113/><E113/><V89/><F135/><W70/><G70/><T16/><D18/><U78/><E132/><V32/><F32/><W63/><G63/><T88/><D3/><U25/><E130/><V98/><F110/><W29/><G103/><T97/><D100/><U52/><E42/><V17/><F99/><N who="0" m="37962" /><D88/><U46/><E108/><V53/><REACH who="2" step="1"/><F13/><REACH who="2" ten="215,345,205,215" step="2"/><W131/><G131/><T80/><D124/><U44/><E121/><V4/><F4/><W57/><G95/><T86/><D80/><AGARI ba="1,2" hai="0,2,12,17,22,47,51,53,74,79,80,89,93,98" machi="80" ten="40,2600,0" yaku="1,1,52,1,53,0" doraHai="19" doraHaiUra="28" who="2" fromWho="0" sc="215,-29,345,0,205,49,215,0" /><INIT seed="2,0,0,4,0,72" ten="186,345,254,215" oya="2" hai0="33,69,79,9,30,99,10,56,63,98,122,78,58" hai1="45,19,82,81,107,1,119,65,22,120,17,89,110" hai2="13,4,47,124,100,92,26,118,32,109,108,37,121" hai3="25,53,0,66,127,112,74,70,62,117,60,125,129"/><V12/><F118/><W88/><G0/><T80/><D122/><U44/><E110/><N who="2" m="42603" /><F121/><W128/><G117/><T3/><D69/><U85/><E119/><V18/><F124/><N who="3" m="47691" /><G74/><T8/><D3/><U49/><E107/><V91/><F100/><W95/><G25/><T68/><D68/><U105/><E105/><V126/><F126/><W86/><G112/><T48/><D33/><U104/><E104/><V41/><F4/><W67/><G53/><N who="0" m="31783" /><D30/><U93/><E1/><V31/><F18/><W24/><G24/><T39/><D39/><U2/><E2/><V57/><F57/><AGARI ba="0,0" hai="57,60,62,66,67,70,86,88,95,128,129" m="47691" machi="57" ten="30,2000,0" yaku="18,1,54,1" doraHai="72" who="3" fromWho="2" sc="186,0,345,0,254,-20,215,20" /><INIT seed="3,0,0,0,4,116" ten="186,345,234,235" oya="3" hai0="117,118,2,71,43,97,41,18,54,131,102,122,95" hai1="125,13,90,35,75,27,114,110,80,50,87,93,48" hai2="66,130,133,23,37,53,12,82,39,88,9,59,7" hai3="89,36,19,109,42,105,6,44,40,55,103,51,98"/><W94/><G6/><T123/><D2/><U84/><E110/><V119/><F119/><W101/><G109/><T62/><D118/><U17/><E75/><V3/><F130/><W34/><G34/><T68/><D117/><U85/><E125/><V78/><F66/><W46/><G19/><T64/><D71/><U14/><E35/><V38/><F133/><W25/><G25/><T91/><D131/><U135/><E135/><V24/><F3/><W47/><REACH who="3" step="1"/><G105/><REACH who="3" ten="186,345,234,225" step="2"/><T57/><D18/><U67/><E27/><V30/><F24/><W72/><G72/><T79/><D79/><U77/><E17/><V49/><F30/><W76/><G76/><T4/><D4/><U81/><E114/><V86/><F23/><W69/><G69/><T52/><D91/><N who="1" m="51623" /><E67/><V132/><F132/><W73/><G73/><T15/><D15/><AGARI ba="0,1" hai="13,14,15,48,50,77,81,84,87,90,93" m="51623" machi="15" ten="30,1000,0" yaku="8,1" doraHai="116" who="1" fromWho="0" sc="186,-10,345,20,234,0,225,0" /><INIT seed="4,0,0,1,0,84" ten="176,365,234,225" oya="0" hai0="105,10,130,77,41,70,79,3,104,53,33,124,62" hai1="57,12,114,30,112,37,88,120,23,86,135,69,63" hai2="15,49,99,60,20,119,45,106,107,94,85,0,101" hai3="76,75,17,127,91,22,43,46,13,80,51,82,61"/><T116/><D116/><U126/><E69/><V40/><F119/><W36/><G127/><T5/><D124/><U92/><E37/><V133/><F0/><W9/><G61/><T24/><D130/><U98/><E126/><V58/><F133/><W113/><G113/><N who="1" m="43626" /><E120/><V50/><F50/><W52/><G22/><T97/><D41/><U8/><E135/><V7/><F85/><N who="3" m="50599" /><G43/><T56/><D70/><U73/><E73/><V131/><F131/><W122/><G36/><T2/><D2/><U26/><E86/><V95/><F95/><W11/><G11/><T38/><D38/><U102/><E57/><V108/><F108/><W14/><G13/><T6/><D6/><N who="1" m="3095" /><E63/><V128/><F128/><W64/><G64/><T87/><D87/><U72/><E72/><V25/><F7/><W4/><G4/><T47/><D47/><U65/><E65/><V115/><F115/><W44/><G46/><T35/><D97/><U32/><E102/><V68/><F68/><W74/><G74/><T111/><D111/><U34/><AGARI ba="0,0" hai="23,26,30,32,34,88,92,98" m="3095,43626" machi="34" ten="30,7900,0" yaku="15,1,11,1,52,1,54,1" doraHai="84" who="1" fromWho="1" sc="176,-39,365,79,234,-20,225,-20" /><INIT seed="5,0,0,0,5,41" ten="137,444,214,205" oya="1" hai0="38,122,46,66,45,83,71,48,76,58,74,126,4" hai1="3,30,91,124,57,95,55,89,72,53,117,39,88" hai2="107,112,105,120,7,73,115,87,47,77,123,34,106" hai3="40,97,109,135,67,93,60,79,13,35,114,19,17"/><U64/><E3/><V108/><F34/><W52/><G35/><T80/><D126/><U42/><E72/><V129/><F108/><W113/><G109/><T28/><D122/><U103/><E117/><V31/><F31/><W21/><G40/><T128/><D128/><U96/><E124/><V81/><F7/><W14/><G79/><T10/><D38/><U100/><E100/><V11/><F11/><W85/><G85/><T27/><D71/><U130/><E130/><V20/><F129/><W24/><G135/><T133/><D83/><U29/><E42/><V84/><F20/><W99/><G99/><T61/><D48/><U32/><E39/><V132/><F47/><W6/><G6/><T82/><D82/><U70/><E70/><V0/><F0/><W1/><G1/><T5/><D133/><U134/><E134/><V69/><F69/><W90/><G67/><T62/><D62/><N who="1" m="37967" /><E32/><V59/><F59/><N who="3" m="34919" /><G14/><T86/><D74/><U44/><E55/><V56/><F132/><W118/><G118/><T111/><D111/><U78/><E78/><V127/><F127/><W68/><G68/><T54/><D66/><U75/><E75/><V102/><F102/><W125/><G125/><T25/><D4/><U9/><E9/><AGARI ba="0,0" hai="9,13,17,19,21,24,90,93,97,113,114" m="34919" machi="9" ten="30,2000,0" yaku="25,1,54,1" doraHai="41" who="3" fromWho="1" sc="137,0,444,-20,214,0,205,20" /><INIT seed="6,0,0,3,1,120" ten="137,424,214,225" oya="2" hai0="13,20,110,84,37,44,4,3,46,35,12,118,111" hai1="11,2,116,22,126,50,92,90,107,81,6,25,17" hai2="66,100,104,127,96,19,49,131,31,16,8,14,106" hai3="48,130,30,109,41,80,43,26,82,76,95,79,7"/><V55/><F131/><W123/><G123/><T128/><D35/><U45/><E116/><V88/><F127/><W113/><G130/><T97/><D128/><U60/><E107/><V115/><F115/><W132/><G109/><T57/><D118/><U5/><E81/><V61/><F31/><W32/><G132/><T33/><D33/><U0/><E60/><V29/><F29/><W105/><G105/><T59/><D3/><U134/><E134/><V86/><F106/><W51/><G95/><T15/><D4/><U38/><E38/><V117/><F117/><W58/><G7/><T74/><D74/><U65/><E126/><V77/><F77/><W129/><G129/><T133/><D133/><U1/><E65/><V69/><F14/><W75/><G113/><T122/><D122/><U62/><E62/><V10/><F10/><W56/><G51/><T9/><D9/><U36/><E6/><V64/><F8/><W24/><G26/><T18/><D97/><U73/><E36/><V114/><F64/><W34/><G32/><T71/><D71/><U85/><E73/><V42/><F42/><AGARI ba="0,0" hai="0,1,2,5,11,17,22,25,42,45,50,85,90,92" machi="42" ten="30,1000,0" yaku="7,1" doraHai="120" who="1" fromWho="2" sc="137,0,424,10,214,-10,225,0" /><INIT seed="7,0,0,2,0,24" ten="137,434,204,225" oya="3" hai0="35,64,31,120,40,67,57,8,48,51,117,114,3" hai1="19,21,30,128,60,100,34,42,44,15,83,53,62" hai2="80,132,95,25,97,93,65,5,71,63,79,111,107" hai3="121,91,105,58,49,103,11,14,129,78,66,38,81"/><W45/><G121/><T106/><D120/><U122/><E122/><V26/><F111/><W74/><G38/><T29/><D117/><U94/><E34/><V1/><F132/><W73/><G129/><T86/><D35/><U135/><E135/><V56/><F107/><W12/><G12/><T52/><D106/><U50/><E128/><V89/><F71/><W82/><G103/><T6/><D114/><U69/><E83/><V92/><F1/><W10/><G105/><T96/><D96/><N who="1" m="59415" /><E69/><V41/><F5/><W90/><G66/><T125/><D125/><U68/><E68/><V85/><F41/><W112/><G58/><T87/><D67/><U124/><E124/><V46/><F46/><W4/><G11/><T127/><D64/><U75/><E75/><V115/><F115/><W134/><G134/><T43/><D127/><U77/><E77/><V32/><F25/><W98/><G112/><T113/><D113/><U126/><E42/><V109/><F109/><W37/><G37/><T101/><D101/><U55/><E53/><V102/><F79/><N who="3" m="44271" /><G98/><T131/><D131/><U61/><E126/><V36/><F36/><W13/><G13/><N who="0" m="5271" /><D43/><U27/><E62/><V0/><F0/><W20/><G90/><T16/><D3/><U17/><E15/><V59/><F59/><W116/><G91/><T22/><D40/><U2/><E2/><V99/><F99/><W133/><G133/><T130/><D130/><U9/><E9/><V119/><F119/><W70/><G70/><T39/><D39/><U18/><AGARI ba="0,0" hai="17,18,19,21,27,30,44,50,55,60,61" m="59415" machi="18" ten="30,2000,0" yaku="8,1,52,1" doraHai="24" who="1" fromWho="1" sc="137,-5,434,20,204,-5,225,-10" owari="132,-36.8,454,55.4,199,-20.1,215,1.5" /></mjloggm>