<mjloggm ver="2.3"><GO type="169" lobby="0"/><UN n0="%E5%A4%9A%E6%91%A9%E3%82%BD%E3%83%BC%E3%82%B8" n1="%E3%83%88%E3%82%B7%E3%83%95%E3%83%BC%E3%83%8B" n2="%E5%8D%88%E5%BE%8C%E3%82%B4%E3%83%AA%E3%83%A9" n3="%41%4F%54" dan="17,16,16,18" rate="2210.21,2133.49,2135.47,2239.25" sx="M,M,M,F"/><TAIKYOKU oya="0"/><INIT seed="0,0,0,1,5,5" ten="250,250,250,250" oya="0" hai0="84,91,67,49,17,93,21,122,20,97,121,80,60" hai1="1,119,65,114,90,109,126,31,10,36,101,37,72" hai2="73,35,34,6,105,94,76,112,99,2,95,58,42" hai3="82,75,39,129,79,81,43,19,117,127,28,107,71"/><T110/><D110/><U51/><E119/><V38/><F112/><W24/><G117/><T44/><D122/><U63/><E114/><V16/><F105/><W13/><G71/><T18/><D121/><U25/><E109/><V33/><F58/><W15/><G107/><T64/><D20/><U116/><E116/><V12/><F76/><W98/><G127/><T23/><D23/><U96/><E90/><V102/><F73/><W135/><G129/><T124/><D124/><U45/><E126/><V132/><F132/><W27/><G135/><T40/><D60/><U133/><E72/><V3/><F95/><W54/><G98/><T87/><D87/><U103/><E133/><V89/><F6/><W22/><G81/><T134/><D134/><U74/><E74/><V7/><F7/><W14/><G54/><T53/><D40/><U123/><E123/><V9/><REACH who="2" step="1"/><F102/><REACH who="2" ten="250,250,240,250" step="2"/><W59/><G59/><T57/><D57/><U69/><E103/><V61/><F61/><W50/><G79/><N who="0" m="46111" /><D17/><U86/><E86/><V118/><F118/><W128/><G19/><T47/><D47/><AGARI ba="0,1" hai="2,3,9,12,16,33,34,35,38,42,47,89,94,99" machi="47" ten="40,8000,1" yaku="1,1,52,1,54,1,53,1" doraHai="5" doraHaiUra="70" who="2" fromWho="0" sc="250,-80,250,0,240,90,250,0" /><INIT seed="1,0,0,1,5,39" ten="170,250,330,250" oya="1" hai0="132,76,61,12,13,22,64,126,79,75,6,100,91" hai1="62,28,130,105,89,58,106,118,133,23,83,41,72" hai2="8,10,97,20,30,86,11,18,96,0,131,103,34" hai3="32,17,66,124,82,37,48,102,68,95,49,73,57"/><U21/><E118/><V107/><F131/><W26/><G37/><T122/><D132/><U50/><E130/><V35/><F96/><W4/><G124/><T114/><D114/><U110/><E133/><V45/><F0/><W81/><G68/><T19/><D126/><U24/><E110/><V99/><F30/><W15/><G4/><T123/><D100/><U16/><E89/><V67/><F67/><W125/><G73/><T63/><D91/><U116/><E116/><V51/><F86/><W1/><G1/><T134/><D134/><U129/><E129/><V38/><F38/><W120/><G120/><N who="0" m="46123" /><D75/><U92/><E92/><V14/><REACH who="2" step="1"/><F97/><REACH who="2" ten="170,250,320,250" step="2"/><W70/><G66/><T52/><D64/><U128/><E128/><V115/><F115/><W42/><G125/><T31/><D31/><U113/><E113/><V47/><F47/><W9/><G32/><T121/><D121/><U5/><E72/><V65/><F65/><W60/><G70/><T93/><D79/><U80/><E80/><V54/><AGARI ba="0,1" hai="8,10,11,14,18,20,34,35,45,51,54,99,103,107" machi="54" ten="30,2000,0" yaku="1,1,0,1,53,0" doraHai="39" doraHaiUra="36" who="2" fromWho="2" sc="170,-5,250,-10,320,30,250,-5" /><INIT seed="2,0,0,5,4,104" ten="165,240,350,245" oya="2" hai0="17,41,39,47,121,24,50,58,66,26,64,68,49" hai1="129,91,87,69,95,73,52,36,67,71,132,123,72" hai2="12,98,92,60,4,90,21,114,75,84,15,22,109" hai3="70,102,38,134,101,18,122,30,88,23,1,112,10"/><V120/><F120/><W130/><G122/><T85/><D121/><U3/><E36/><V127/><F114/><W0/><G112/><T65/><D85/><U63/><E123/><V42/><F127/><W113/><G113/><T76/><D76/><U97/><E3/><V99/><F75/><W108/><G70/><T125/><D125/><U119/><E119/><V37/><F109/><W94/><G38/><T77/><D77/><U46/><E132/><V20/><F37/><W103/><G130/><T6/><D6/><U35/><E129/><V89/><F42/><W28/><G108/><T83/><D83/><U33/><E71/><V133/><F133/><W61/><G61/><N who="0" m="39951" /><D17/><U29/><E35/><V81/><F60/><W13/><G134/><T111/><D24/><U80/><E29/><V128/><F128/><W107/><G107/><T51/><D26/><U118/><E33/><V45/><F45/><W5/><REACH who="3" step="1"/><G1/><REACH who="3" ten="165,240,350,235" step="2"/><T56/><D111/><U19/><E118/><V31/><F15/><W79/><G79/><T11/><D11/><U78/><REACH who="1" step="1"/><E19/><REACH who="1" ten="165,230,350,235" step="2"/><V16/><F31/><W126/><G126/><T8/><D8/><U27/><E27/><V59/><F16/><W93/><G93/><T116/><D116/><U57/><E57/><AGARI ba="0,2" hai="39,41,47,49,50,51,56,57,58,65,66" m="39951" machi="57" ten="30,8000,1" yaku="35,5" doraHai="104" who="0" fromWho="1" sc="165,100,230,-80,350,0,235,0" /><INIT seed="3,0,0,3,0,78" ten="265,150,350,235" oya="3" hai0="1,111,132,121,31,50,30,127,71,116,58,16,59" hai1="68,67,70,75,41,112,130,3,129,128,26,53,40" hai2="43,83,99,69,5,18,29,100,94,105,25,20,44" hai3="55,65,95,13,11,19,34,74,119,2,134,33,24"/><W107/><G119/><T77/><D116/><U73/><E112/><V12/><F69/><N who="1" m="26729" /><E26/><V48/><F5/><W97/><G74/><N who="1" m="28170" /><E67/><V27/><F105/><W62/><G107/><T60/><D121/><U103/><E53/><V15/><F83/><W17/><G134/><T52/><D132/><U114/><E114/><V51/><REACH who="2" step="1"/><F51/><REACH who="2" ten="265,150,340,235" step="2"/><W7/><G7/><T63/><D71/><U38/><E38/><V45/><F45/><W37/><G37/><T64/><D50/><U89/><E3/><V104/><F104/><W131/><G2/><T102/><D1/><U118/><E118/><V101/><F101/><W133/><G133/><T22/><D102/><U0/><E0/><V92/><F92/><W72/><G95/><T23/><D59/><U120/><E103/><V110/><F110/><W88/><G72/><T84/><D111/><U54/><E120/><V86/><F86/><W39/><G39/><T122/><D122/><U85/><E54/><V8/><F8/><W106/><G11/><T36/><D36/><U93/><AGARI ba="0,1" hai="40,41,85,89,93,128,129,130" m="28170,26729" machi="93" ten="40,1500,0" yaku="19,1" doraHai="78" who="1" fromWho="1" sc="265,-4,150,25,340,-4,235,-7" /><INIT seed="4,0,0,5,2,121" ten="261,175,336,228" oya="0" hai0="91,103,33,116,70,14,26,87,36,134,4,102,84" hai1="108,97,34,22,89,38,51,57,55,111,45,0,8" hai2="12,75,85,101,66,104,59,68,58,74,80,123,88" hai3="94,96,18,35,60,106,62,109,46,98,52,30,71"/><T25/><D116/><U107/><E34/><V99/><F123/><W27/><G18/><T1/><D70/><U10/><E22/><V126/><F126/><W13/><G13/><T130/><D36/><U90/><E90/><V48/><F68/><W118/><G118/><T29/><D130/><U93/><E107/><V100/><F66/><W32/><G32/><T7/><D134/><U112/><E112/><V69/><F69/><W77/><G77/><T79/><D1/><U2/><E2/><V81/><F101/><W125/><G125/><T92/><D25/><U129/><E129/><V105/><F105/><W122/><G122/><T41/><D41/><U78/><E78/><V53/><F59/><W39/><G109/><T15/><D15/><U44/><E10/><V83/><REACH who="2" step="1"/><F12/><REACH who="2" ten="261,175,326,228" step="2"/><W110/><G106/><T64/><D64/><U76/><E76/><V63/><F63/><W113/><G62/><T49/><D14/><U95/><E57/><V54/><F54/><W65/><G52/><T56/><D103/><U127/><E127/><V135/><F135/><W37/><G71/><T73/><D102/><U61/><E61/><V5/><F5/><W17/><G60/><T115/><D4/><U47/><E47/><V72/><AGARI ba="0,1" hai="48,53,58,72,74,75,80,81,83,85,88,99,100,104" machi="72" ten="30,4000,0" yaku="1,1,0,1,54,1,53,0" doraHai="121" doraHaiUra="131" who="2" fromWho="2" sc="261,-20,175,-10,326,50,228,-10" /><INIT seed="5,0,0,5,3,17" ten="241,165,376,218" oya="1" hai0="89,97,83,50,25,93,86,103,15,13,63,51,110" hai1="5,64,125,82,80,92,105,31,39,16,61,73,113" hai2="133,90,12,68,28,20,22,120,94,67,14,44,65" hai3="26,122,7,1,36,4,71,81,34,72,21,130,42"/><U11/><E105/><V132/><F120/><W119/><G122/><T135/><D110/><U30/><E39/><V29/><F44/><W114/><G71/><T69/><D135/><U134/><E134/><N who="2" m="51819" /><F68/><W127/><G114/><T62/><D25/><U27/><E113/><V2/><F2/><W76/><G127/><T56/><D69/><U98/><E125/><V35/><F35/><W102/><G130/><T109/><D109/><U115/><E115/><V84/><F67/><W52/><G102/><T53/><D50/><U75/><E75/><V32/><F65/><W107/><G107/><T116/><D116/><U41/><E41/><V99/><F99/><W55/><G34/><T106/><D106/><U74/><E74/><V128/><F128/><W60/><G119/><T37/><D37/><U123/><E123/><V43/><F43/><W0/><G0/><T124/><D124/><U77/><E82/><V79/><F79/><W46/><G60/><AGARI ba="0,0" hai="13,15,51,53,56,60,62,63,83,86,89,93,97,103" machi="60" ten="40,1300,0" yaku="8,1" doraHai="17" who="0" fromWho="3" sc="241,13,165,0,376,0,218,-13" /><INIT seed="6,0,0,5,0,65" ten="254,165,376,205" oya="2" hai0="91,70,109,12,113,99,112,118,1,80,120,14,3" hai1="121,76,111,29,79,11,55,15,17,95,56,83,93" hai2="16,20,122,107,2,49,6,92,37,103,4,48,8" hai3="32,130,90,47,41,67,39,59,97,27,63,78,9"/><V23/><F37/><W100/><G130/><T34/><D109/><U131/><E111/><V81/><F107/><W24/><G78/><T125/><D120/><U77/><E131/><V94/><F81/><W57/><G32/><T101/><D34/><U98/><E121/><V124/><F122/><W46/><G90/><T10/><D125/><U96/><E29/><V31/><F31/><W116/><G116/><T71/><D118/><U7/><E83/><V60/><F60/><W28/><G59/><T82/><D91/><U89/><E7/><V53/><F124/><W66/><G66/><T25/><D25/><U33/><E33/><V86/><F23/><W51/><G9/><T62/><D62/><U108/><E108/><V30/><F30/><W18/><G18/><T26/><D26/><U68/><E68/><N who="0" m="26153" /><D82/><U105/><E105/><V73/><F6/><W127/><G127/><T129/><D80/><U45/><E45/><V134/><F73/><W84/><G28/><T52/><D52/><U22/><E11/><V54/><F54/><W119/><G47/><T58/><D58/><U135/><E135/><V133/><F103/><W117/><G100/><T21/><D21/><U69/><E69/><V123/><F123/><W75/><G119/><T0/><D129/><U128/><E128/><V85/><F134/><W88/><G117/><T43/><D43/><U114/><E114/><N who="0" m="44137" /><D10/><U104/><E104/><AGARI ba="0,0" hai="0,1,3,12,14,99,101,104" m="44137,26153" machi="104" ten="40,8000,1" yaku="15,1,52,3" doraHai="65" who="0" fromWho="1" sc="254,80,165,-80,376,0,205,0" /><INIT seed="7,0,0,2,5,16" ten="334,85,376,205" oya="3" hai0="18,83,114,102,3,53,41,104,51,87,36,44,77" hai1="9,23,47,49,73,38,131,116,59,126,120,98,128" hai2="46,94,111,63,55,31,33,95,13,66,62,57,64" hai3="119,50,133,19,70,2,28,91,130,11,27,37,21"/><W65/><G119/><T92/><D3/><U35/><E35/><V67/><F111/><W123/><G37/><T40/><D114/><U127/><E98/><V122/><F122/><W58/><G123/><T75/><D36/><U78/><E78/><V105/><F105/><W134/><G130/><N who="1" m="49706" /><E73/><V96/><F46/><W42/><G91/><T74/><D74/><U29/><E9/><V15/><F31/><W4/><G70/><T106/><D106/><U84/><E84/><V71/><F33/><W72/><G72/><T24/><D104/><U115/><E29/><V108/><F108/><W88/><G42/><T26/><D26/><U20/><E120/><V112/><F112/><W97/><G28/><T68/><D68/><U6/><E6/><V121/><F121/><W1/><G1/><T103/><D75/><U109/><E109/><V7/><F95/><W117/><G2/><T125/><D125/><N who="1" m="47627" /><E115/><V34/><F34/><W22/><G27/><T101/><REACH who="0" step="1"/><D92/><REACH who="0" ten="324,85,376,205" step="2"/><U43/><E116/><V86/><F15/><W30/><G117/><T135/><D135/><U132/><E132/><V52/><F13/><W60/><G134/><T110/><D110/><U129/><N who="1" m="49714" /><U93/><DORA hai="17" /><E93/><V113/><F113/><W56/><G133/><T39/><D39/><U118/><E118/><V5/><F94/><N who="3" m="56519" /><G4/><T99/><D99/><U69/><E69/><V25/><F7/><W12/><G30/><T85/><D85/><U14/><E14/><V80/><F5/><W48/><G12/><T107/><D107/><U61/><E38/><V0/><F71/><W54/><G11/><RYUUKYOKU ba="0,1" sc="324,15,85,15,376,-15,205,-15" hai0="18,24,40,41,44,51,53,77,83,87,101,102,103" hai1="20,23,43,47,49,59,61" owari="339,13.9,100,-40.0,371,47.1,190,-21.0" /></mjloggm>