<mjloggm ver="2.3"><GO type="169" lobby="0"/><UN n0="%E3%81%84%E3%81%AC%E3%81%A6%E3%82%93" n1="%E6%B2%B3%E5%8F%A3%E7%A5%90%E5%B8%8C" n2="%68%61%6B%75%30%37" n3="%E3%81%86%E3%81%A1%E3%83%BC" dan="16,16,18,16" rate="2068.11,2062.50,2195.55,2163.51" sx="M,M,M,M"/><TAIKYOKU oya="0"/><INIT seed="0,0,0,1,2,74" ten="250,250,250,250" oya="0" hai0="45,60,86,104,88,44,43,12,75,121,4,87,115" hai1="14,40,54,20,128,31,49,9,13,130,65,110,71" hai2="135,15,73,11,19,55,18,16,76,32,50,101,94" hai3="85,89,106,56,57,17,129,30,64,77,10,41,108"/><T68/><D115/><U83/><E110/><V61/><F32/><W84/><G108/><T48/><D75/><U107/><E107/><V58/><F135/><W97/><G129/><N who="1" m="49770" /><E71/><V99/><F73/><W72/><G72/><T120/><D104/><U100/><E65/><V38/><F38/><W66/><G41/><T123/><D68/><U2/><E100/><V27/><F76/><W96/><G30/><T90/><D60/><U7/><E83/><V21/><REACH who="2" step="1"/><F61/><REACH who="2" ten="250,250,240,250" step="2"/><W79/><G79/><T26/><D123/><U134/><E134/><V52/><F52/><W91/><G77/><T23/><D121/><U28/><E40/><V116/><F116/><W53/><G53/><T93/><D120/><U69/><E69/><V70/><F70/><W33/><G33/><T29/><D43/><U37/><E37/><V124/><F124/><W46/><G66/><T47/><D48/><U127/><E127/><V59/><F59/><W51/><G64/><T132/><D132/><U122/><E54/><V39/><F39/><W133/><G51/><T131/><D131/><U0/><E49/><V103/><F103/><W125/><G125/><T25/><D47/><U78/><E78/><V92/><F92/><W42/><G106/><T82/><D45/><U117/><E122/><V62/><F62/><W63/><G63/><T109/><D44/><U98/><E117/><V80/><F80/><N who="3" m="49287" /><G133/><T6/><D109/><U22/><E98/><N who="3" m="37994" /><G46/><T126/><D126/><U95/><E95/><V114/><F114/><W1/><G42/><T105/><D105/><U111/><E111/><V67/><F67/><RYUUKYOKU ba="0,1" sc="250,-10,250,-10,240,30,250,-10" hai2="11,15,16,18,19,21,27,50,55,58,94,99,101" /><INIT seed="1,1,1,4,5,123" ten="240,240,270,240" oya="1" hai0="74,49,31,64,101,59,114,7,14,78,42,45,23" hai1="10,129,119,36,72,111,77,38,16,21,56,90,80" hai2="113,52,93,79,24,0,128,11,112,19,106,117,85" hai3="18,121,5,105,53,12,109,100,27,47,75,8,84"/><U4/><E119/><V126/><F106/><W86/><G75/><T73/><D78/><U57/><E129/><V88/><F117/><W26/><G121/><T91/><D114/><U135/><E135/><V32/><F128/><W81/><G109/><T61/><D91/><U63/><E57/><V89/><F126/><W127/><G127/><T125/><D101/><U65/><E90/><V60/><F79/><W97/><G84/><T102/><D7/><U82/><E111/><V37/><F37/><W43/><G5/><T130/><D130/><U92/><E92/><V94/><F0/><W115/><G115/><N who="2" m="44105" /><F11/><W118/><G53/><T44/><D125/><U58/><E82/><N who="2" m="49207" /><F89/><W41/><G118/><T96/><D45/><U33/><E33/><V131/><F131/><W68/><G47/><T6/><D6/><U29/><E58/><N who="2" m="34887" /><F19/><W25/><G81/><T1/><D1/><U133/><E133/><V39/><F39/><W17/><G86/><T22/><D73/><U35/><E29/><AGARI ba="1,1" hai="24,29,32,93,94" m="34887,49207,44105" machi="29" ten="30,3900,0" yaku="11,1,54,2" doraHai="123" who="2" fromWho="1" sc="240,0,240,-42,270,52,240,0" /><INIT seed="2,0,0,4,4,80" ten="240,198,322,240" oya="2" hai0="132,30,29,88,59,104,86,57,36,114,118,2,77" hai1="21,23,94,93,55,38,97,135,54,31,51,53,89" hai2="105,22,110,16,37,19,49,84,129,17,109,107,72" hai3="32,52,33,87,1,3,67,60,61,102,45,126,127"/><V106/><F72/><W34/><G102/><T47/><D104/><U62/><E135/><V74/><F74/><W6/><G6/><T66/><D2/><U76/><E38/><V82/><F37/><W134/><G134/><T48/><D77/><U10/><E76/><N who="2" m="46151" /><F49/><N who="3" m="28719" /><G87/><T43/><D114/><U116/><E116/><V133/><F133/><W81/><G81/><T0/><D0/><N who="3" m="73" /><G67/><T121/><D121/><U108/><E62/><V7/><F7/><W42/><G42/><T40/><D132/><U26/><E108/><N who="2" m="41579" /><F129/><W117/><G117/><T9/><D118/><U70/><E70/><V95/><F95/><W83/><G83/><N who="0" m="49247" /><D36/><U50/><E94/><V99/><F99/><W12/><G61/><T20/><D66/><U14/><REACH who="1" step="1"/><E23/><AGARI ba="0,0" hai="16,17,19,22,23,105,106,107" m="41579,46151" machi="23" ten="40,12000,1" yaku="14,1,10,1,52,1,54,1" doraHai="80" who="2" fromWho="1" sc="240,0,198,-120,322,120,240,0" /><INIT seed="2,1,0,2,0,133" ten="240,78,442,240" oya="2" hai0="108,47,76,101,82,58,20,22,41,35,64,129,99" hai1="31,75,106,28,117,25,13,60,24,44,80,57,67" hai2="29,23,46,134,94,110,135,84,113,39,38,7,43" hai3="56,6,11,5,48,98,81,65,2,97,62,32,126"/><V107/><F107/><W118/><G118/><T70/><D108/><U68/><E106/><V121/><F113/><W90/><G32/><T74/><D129/><U16/><E117/><V10/><F121/><W123/><G123/><T53/><D35/><U54/><E75/><V96/><F38/><W66/><G126/><T116/><D116/><U19/><E80/><V59/><F84/><W72/><G66/><T40/><D40/><U0/><E0/><V127/><F59/><W14/><G6/><T85/><D74/><U120/><E120/><V92/><F110/><W130/><G2/><T9/><D9/><U109/><E109/><V27/><F127/><W61/><G61/><T1/><D1/><U111/><E111/><V37/><F37/><W8/><G8/><T30/><D64/><U15/><E44/><V21/><F21/><W34/><G34/><T93/><D30/><U88/><E67/><V69/><F69/><W55/><G130/><T124/><D70/><U18/><E68/><V73/><F73/><W83/><G83/><T42/><D42/><U33/><E88/><V91/><REACH who="2" step="1"/><F94/><REACH who="2" ten="240,78,432,240" step="2"/><W119/><G119/><T77/><D124/><U49/><E33/><V122/><F122/><W131/><G72/><T100/><D100/><U51/><E31/><V103/><F103/><W50/><G131/><T128/><D128/><U86/><E86/><V52/><F52/><W104/><G55/><T89/><D101/><U102/><E102/><V78/><F78/><W45/><G104/><T125/><D125/><U4/><E28/><V26/><F26/><N who="1" m="10345" /><E15/><AGARI ba="1,1" hai="7,10,15,23,27,29,39,43,46,91,92,96,134,135" machi="15" ten="40,3900,0" yaku="1,1,53,1" doraHai="133" doraHaiUra="71" who="2" fromWho="1" sc="240,0,78,-42,432,52,240,0" /><INIT seed="2,2,0,3,2,105" ten="240,36,484,240" oya="2" hai0="15,101,63,135,112,74,80,11,12,36,13,119,57" hai1="23,76,92,66,8,77,52,67,113,126,64,41,115" hai2="37,49,69,60,44,114,107,9,87,7,109,24,98" hai3="123,104,83,84,93,56,70,97,47,31,61,4,133"/><V3/><F114/><N who="1" m="43529" /><E23/><V1/><F37/><W99/><G70/><T90/><D36/><U27/><E27/><V127/><F127/><W14/><G133/><T59/><D135/><U81/><E81/><V32/><F109/><W45/><G123/><T106/><D119/><U38/><E8/><V50/><F1/><W26/><G104/><T16/><D106/><U79/><E92/><V0/><F0/><W72/><G72/><T2/><D2/><U33/><E38/><V58/><F69/><W91/><G4/><T129/><D101/><U132/><E41/><V118/><F118/><W85/><G85/><N who="0" m="50471" /><D74/><U43/><E43/><V21/><F32/><W94/><G94/><T39/><D39/><U53/><E33/><V46/><F87/><W131/><G97/><T134/><D112/><U121/><E132/><V48/><F98/><W120/><G14/><N who="0" m="5739" /><D134/><U55/><E126/><V19/><REACH who="2" step="1"/><F107/><REACH who="2" ten="240,36,474,240" step="2"/><W111/><G111/><T100/><D129/><U102/><E102/><V95/><F95/><W96/><G131/><T10/><D100/><U82/><E82/><V103/><F103/><W54/><G96/><T116/><D10/><U62/><E121/><V29/><F29/><W86/><G120/><T108/><D116/><U42/><E42/><V25/><F25/><W128/><G128/><T75/><D108/><U17/><E17/><V6/><F6/><W35/><G99/><T124/><D124/><U110/><E110/><V122/><F122/><W117/><G117/><T68/><D68/><U18/><E18/><V65/><AGARI ba="2,1" hai="3,7,9,19,21,24,44,46,48,49,50,58,60,65" machi="65" ten="30,3000,0" yaku="1,1,0,1,53,0" doraHai="105" doraHaiUra="51" who="2" fromWho="2" sc="240,-12,36,-12,474,46,240,-12" /><INIT seed="2,3,0,4,5,19" ten="228,24,520,228" oya="2" hai0="80,20,117,107,111,75,94,69,3,73,65,113,121" hai1="90,33,35,6,70,105,45,17,132,135,8,85,15" hai2="128,55,24,47,50,21,133,36,22,89,29,127,67" hai3="78,126,42,131,46,79,12,116,101,49,54,125,2"/><V10/><F133/><N who="1" m="51273" /><E70/><V61/><F128/><W58/><G2/><T81/><D113/><U43/><E105/><V34/><F127/><N who="3" m="48651" /><G131/><T93/><D121/><U63/><E63/><V123/><F123/><W62/><G116/><T72/><D3/><U68/><E68/><V96/><F10/><W71/><G101/><T25/><D107/><U14/><E85/><V52/><F36/><N who="3" m="21831" /><G12/><T82/><D117/><U130/><E90/><V102/><F89/><W44/><G71/><T39/><D39/><N who="1" m="21759" /><E130/><V110/><F55/><AGARI ba="3,0" hai="44,49,54,55,58,62,78,79" m="21831,48651" machi="55" ten="30,1000,0" yaku="18,1" doraHai="19" who="3" fromWho="2" sc="228,0,24,0,520,-19,228,19" /><INIT seed="3,0,0,4,5,69" ten="228,24,501,247" oya="3" hai0="29,134,66,79,71,9,81,77,75,84,99,39,122" hai1="46,6,120,108,58,4,31,101,3,38,128,73,27" hai2="21,131,34,40,114,135,87,111,44,1,127,57,12" hai3="124,65,16,0,74,15,19,42,22,17,93,104,64"/><W50/><G104/><T126/><D122/><U118/><E58/><V36/><F34/><W2/><G74/><T112/><D99/><U94/><E6/><V70/><F1/><W28/><G42/><T82/><D29/><U125/><E94/><V102/><F70/><W30/><G50/><T107/><D107/><U78/><E101/><V76/><F114/><W54/><G54/><T53/><D126/><U62/><E62/><V68/><F68/><W48/><G48/><T92/><D134/><U20/><E128/><V123/><F102/><W26/><G93/><T117/><D117/><U119/><E108/><V61/><F111/><W14/><G64/><T96/><D53/><U133/><E133/><V63/><F127/><W129/><G65/><T32/><D32/><U89/><E89/><V18/><F131/><W8/><G124/><T67/><D9/><N who="1" m="2207" /><E120/><V106/><F123/><W37/><G129/><T10/><D10/><U97/><E97/><V80/><F135/><W88/><G88/><T121/><D121/><U7/><E7/><V33/><F106/><W116/><G116/><T11/><D112/><U105/><E105/><V13/><F61/><W85/><G85/><T86/><D75/><U90/><E90/><V55/><F33/><W49/><G49/><T43/><D71/><U59/><E59/><V91/><F91/><W41/><G0/><T51/><D51/><U95/><E95/><V132/><F132/><W98/><G98/><T115/><D115/><U47/><E125/><V5/><F63/><W52/><G2/><T110/><D110/><U113/><E113/><RYUUKYOKU ba="0,0" sc="228,0,24,0,501,0,247,0" /><INIT seed="4,1,0,5,1,58" ten="228,24,501,247" oya="0" hai0="129,26,22,16,113,124,55,84,43,57,60,127,103" hai1="109,111,125,105,126,18,96,5,117,82,123,11,45" hai2="23,86,51,93,24,119,79,94,0,128,116,97,1" hai3="41,52,78,67,42,88,120,65,28,80,130,100,95"/><T13/><D129/><U115/><E45/><V32/><F32/><W6/><G130/><T75/><D75/><U70/><E82/><N who="2" m="47455" /><F51/><W72/><G100/><T54/><D43/><U8/><E96/><V73/><F73/><W21/><G6/><T99/><D113/><U91/><E91/><N who="2" m="55487" /><F94/><W92/><G92/><T83/><D55/><U61/><E105/><V4/><F4/><W135/><G135/><T108/><D108/><U36/><E36/><V40/><F40/><W37/><G37/><T121/><D121/><U50/><E50/><V56/><F56/><W20/><G120/><T53/><D53/><U102/><E70/><V132/><F132/><W44/><G67/><T2/><D2/><U107/><E107/><V27/><F27/><W38/><G65/><T14/><D99/><U122/><E5/><V74/><F74/><W59/><G42/><T89/><REACH who="0" step="1"/><D103/><REACH who="0" ten="218,24,501,247" step="2"/><U85/><E102/><V90/><F128/><W98/><REACH who="3" step="1"/><G28/><REACH who="3" ten="218,24,501,237" step="2"/><T87/><D87/><U35/><E85/><V112/><F112/><W131/><G131/><T10/><D10/><U133/><E115/><V3/><F3/><W110/><G110/><T31/><D31/><U15/><E133/><V77/><F0/><W106/><G106/><T19/><D19/><U30/><E30/><V9/><F9/><W39/><G39/><T17/><D17/><U134/><E134/><V101/><F1/><W76/><G76/><T118/><D118/><N who="2" m="45098" /><F101/><W63/><AGARI ba="1,2" hai="20,21,38,41,44,52,59,63,72,78,80,88,95,98" machi="63" ten="20,12000,2" yaku="1,1,0,1,7,1,52,1,54,2,53,0" doraHai="58" doraHaiUra="33" who="3" fromWho="3" sc="218,-61,24,-31,501,-31,237,143" owari="157,-24.3,-7,-50.7,470,57.0,380,18.0" /></mjloggm>